{
  "id": "gen9championsvgc2026regma-2585462189",
  "format": "[Gen 9 Champions] VGC 2026 Reg M-A",
  "players": [
    "Drcheems19",
    "YoAl"
  ],
  "log": "|j|\u2606Drcheems19\n|j|\u203dYoAl\n|t:|1776348900\n|gametype|doubles\n|player|p1|Drcheems19|169|1038\n|player|p2|YoAl|n|1047\n|gen|9\n|tier|[Gen 9 Champions] VGC 2026 Reg M-A\n|rated|\n|rule|Species Clause: Limit one of each Pok\u00e9mon\n|rule|Item Clause: Limit 1 of each item\n|clearpoke\n|poke|p1|Alakazam, L50, F|\n|poke|p1|Ceruledge, L50, M|\n|poke|p1|Altaria, L50, F|\n|poke|p1|Incineroar, L50, M|\n|poke|p1|Clefable, L50, F|\n|poke|p1|Dragapult, L50, M|\n|poke|p2|Meganium, L50, F|\n|poke|p2|Kangaskhan, L50, F|\n|poke|p2|Aerodactyl, L50, M|\n|poke|p2|Typhlosion-Hisui, L50, M|\n|poke|p2|Incineroar, L50, M|\n|poke|p2|Tauros-Paldea-Aqua, L50, M|\n|teampreview|4\n|inactive|Battle timer is ON: inactive players will automatically lose when time's up. (requested by YoAl)\n|inactive|YoAl has 60 seconds left.\n|\n|t:|1776348945\n|teamsize|p1|4\n|teamsize|p2|4\n|start\n|switch|p1a: Incineroar|Incineroar, L50, M|100/100\n|switch|p1b: Altaria|Altaria, L50, F|100/100\n|switch|p2a: Typhlosion|Typhlosion-Hisui, L50, M|100/100\n|switch|p2b: Incineroar|Incineroar, L50, M|100/100\n|-ability|p1b: Altaria|Cloud Nine\n|-ability|p1a: Incineroar|Intimidate|boost\n|-unboost|p2a: Typhlosion|atk|1\n|-unboost|p2b: Incineroar|atk|1\n|-ability|p2b: Incineroar|Intimidate|boost\n|-unboost|p1a: Incineroar|atk|1\n|-unboost|p1b: Altaria|atk|1\n|turn|1\n|\n|t:|1776348963\n|move|p2b: Incineroar|Fake Out|p1b: Altaria\n|-damage|p1b: Altaria|94/100\n|move|p2a: Typhlosion|Eruption|p1b: Altaria|[spread] p1a,p1b\n|-resisted|p1a: Incineroar|1\n|-resisted|p1b: Altaria|1\n|-damage|p1a: Incineroar|74/100\n|-damage|p1b: Altaria|68/100\n|cant|p1b: Altaria|flinch\n|move|p1a: Incineroar|Darkest Lariat|p2a: Typhlosion\n|-supereffective|p2a: Typhlosion|1\n|-damage|p2a: Typhlosion|12/100\n|\n|upkeep\n|turn|2\n|\n|t:|1776348987\n|switch|p2a: Aerodactyl|Aerodactyl, L50, M|100/100\n|-ability|p2a: Aerodactyl|Unnerve\n|move|p1b: Altaria|Dragon Pulse|p2a: Aerodactyl\n|-damage|p2a: Aerodactyl|64/100\n|move|p1a: Incineroar|Bulk Up|p1a: Incineroar\n|-boost|p1a: Incineroar|atk|1\n|-boost|p1a: Incineroar|def|1\n|move|p2b: Incineroar|Parting Shot|p1a: Incineroar\n|-unboost|p1a: Incineroar|atk|1\n|-unboost|p1a: Incineroar|spa|1\n|\n|t:|1776348999\n|switch|p2b: Typhlosion|Typhlosion-Hisui, L50, M|12/100|[from] Parting Shot\n|\n|upkeep\n|turn|3\n|\n|t:|1776349019\n|move|p2b: Typhlosion|Overheat|p1b: Altaria\n|-resisted|p1b: Altaria|1\n|-damage|p1b: Altaria|23/100\n|-unboost|p2b: Typhlosion|spa|2\n|move|p2a: Aerodactyl|Tailwind|p2a: Aerodactyl\n|-sidestart|p2: YoAl|move: Tailwind\n|move|p1b: Altaria|Ice Beam|p2a: Aerodactyl\n|-supereffective|p2a: Aerodactyl|1\n|-damage|p2a: Aerodactyl|16/100\n|move|p1a: Incineroar|Darkest Lariat|p2b: Typhlosion\n|-supereffective|p2b: Typhlosion|1\n|-damage|p2b: Typhlosion|0 fnt\n|faint|p2b: Typhlosion\n|\n|upkeep\n|\n|t:|1776349031\n|switch|p2b: Incineroar|Incineroar, L50, M|100/100\n|-ability|p2b: Incineroar|Intimidate|boost\n|-unboost|p1a: Incineroar|atk|1\n|-unboost|p1b: Altaria|atk|1\n|turn|4\n|\n|t:|1776349039\n|move|p1a: Incineroar|Protect|p1a: Incineroar\n|-singleturn|p1a: Incineroar|Protect\n|move|p2b: Incineroar|Fake Out|p1a: Incineroar\n|-activate|p1a: Incineroar|move: Protect\n|move|p2a: Aerodactyl|Rock Slide|p1b: Altaria|[spread] p1b\n|-activate|p1a: Incineroar|move: Protect\n|-supereffective|p1b: Altaria|1\n|-damage|p1b: Altaria|0 fnt\n|faint|p1b: Altaria\n|\n|upkeep\n|\n|t:|1776349056\n|switch|p1b: Dragapult|Dragapult, L50, M|100/100\n|turn|5\n|\n|t:|1776349071\n|move|p2a: Aerodactyl|Rock Slide|p1a: Incineroar|[spread] p1a,p1b\n|-supereffective|p1a: Incineroar|1\n|-damage|p1a: Incineroar|39/100\n|-damage|p1b: Dragapult|66/100\n|move|p1b: Dragapult|Dragon Darts|p2a: Aerodactyl\n|-damage|p2a: Aerodactyl|0 fnt\n|-enditem|p1a: Incineroar|Sitrus Berry|[eat]\n|-heal|p1a: Incineroar|64/100|[from] item: Sitrus Berry\n|-anim|p1b: Dragapult|Dragon Darts|p2b: Incineroar\n|-damage|p2b: Incineroar|78/100\n|faint|p2a: Aerodactyl\n|move|p2b: Incineroar|Parting Shot|p1b: Dragapult\n|-fail|p1b: Dragapult|unboost|[from] ability: Clear Body|[of] p1b: Dragapult\n|cant|p1a: Incineroar|flinch\n|\n|upkeep\n|\n|t:|1776349084\n|switch|p2a: Meganium|Meganium, L50, F|100/100\n|turn|6\n|\n|t:|1776349099\n|detailschange|p2a: Meganium|Meganium-Mega, L50, F\n|-mega|p2a: Meganium|Meganium|Meganiumite\n|move|p1b: Dragapult|Protect|p1b: Dragapult\n|-singleturn|p1b: Dragapult|Protect\n|move|p1a: Incineroar|Protect|p1a: Incineroar\n|-singleturn|p1a: Incineroar|Protect\n|move|p2a: Meganium|Dazzling Gleam|p1a: Incineroar|[spread] \n|-activate|p1a: Incineroar|move: Protect\n|-activate|p1b: Dragapult|move: Protect\n|move|p2b: Incineroar|Parting Shot|p1a: Incineroar\n|-activate|p1a: Incineroar|move: Protect\n|\n|-sideend|p2: YoAl|move: Tailwind\n|upkeep\n|turn|7\n|\n|t:|1776349123\n|move|p2a: Meganium|Protect|p2a: Meganium\n|-singleturn|p2a: Meganium|Protect\n|move|p1b: Dragapult|Phantom Force||[still]\n|-prepare|p1b: Dragapult|Phantom Force\n|move|p1a: Incineroar|Flare Blitz|p2a: Meganium\n|-activate|p2a: Meganium|move: Protect\n|move|p2b: Incineroar|Flare Blitz|p1b: Dragapult|[miss]\n|-miss|p2b: Incineroar|p1b: Dragapult\n|\n|upkeep\n|turn|8\n|\n|t:|1776349141\n|move|p1b: Dragapult|Phantom Force|p2a: Meganium|[from] lockedmove\n|-damage|p2a: Meganium|53/100\n|move|p2a: Meganium|Dazzling Gleam|p1a: Incineroar|[spread] p1a,p1b\n|-supereffective|p1b: Dragapult|1\n|-damage|p1a: Incineroar|35/100\n|-damage|p1b: Dragapult|0 fnt\n|faint|p1b: Dragapult\n|move|p1a: Incineroar|Flare Blitz|p2a: Meganium\n|-supereffective|p2a: Meganium|1\n|-damage|p2a: Meganium|0 fnt\n|faint|p2a: Meganium\n|-damage|p1a: Incineroar|21/100|[from] Recoil\n|move|p2b: Incineroar|Parting Shot|p1a: Incineroar\n|-unboost|p1a: Incineroar|atk|1\n|-unboost|p1a: Incineroar|spa|1\n|\n|upkeep\n|\n|t:|1776349158\n|switch|p1b: Alakazam|Alakazam, L50, F|100/100\n|turn|9\n|\n|t:|1776349177\n|detailschange|p1b: Alakazam|Alakazam-Mega, L50, F\n|-mega|p1b: Alakazam|Alakazam|Alakazite\n|-ability|p1b: Alakazam|Intimidate|Trace|[from] ability: Trace|[of] p2b: Incineroar\n|-ability|p1b: Alakazam|Intimidate|boost\n|-unboost|p2b: Incineroar|atk|1\n|move|p1b: Alakazam|Shadow Ball|p2b: Incineroar\n|-resisted|p2b: Incineroar|1\n|-damage|p2b: Incineroar|63/100\n|move|p1a: Incineroar|Flare Blitz|p2b: Incineroar\n|-resisted|p2b: Incineroar|1\n|-damage|p2b: Incineroar|52/100\n|-damage|p1a: Incineroar|17/100|[from] Recoil\n|move|p2b: Incineroar|Flare Blitz|p1b: Alakazam\n|-damage|p1b: Alakazam|38/100\n|-damage|p2b: Incineroar|39/100|[from] Recoil\n|-enditem|p2b: Incineroar|Sitrus Berry|[eat]\n|-heal|p2b: Incineroar|63/100|[from] item: Sitrus Berry\n|\n|upkeep\n|turn|10\n|\n|t:|1776349193\n|move|p1b: Alakazam|Protect|p1b: Alakazam\n|-singleturn|p1b: Alakazam|Protect\n|move|p2b: Incineroar|Protect|p2b: Incineroar\n|-singleturn|p2b: Incineroar|Protect\n|move|p1a: Incineroar|Darkest Lariat|p2b: Incineroar\n|-activate|p2b: Incineroar|move: Protect\n|\n|upkeep\n|turn|11\n|\n|t:|1776349203\n|move|p1b: Alakazam|Shadow Ball|p2b: Incineroar\n|-resisted|p2b: Incineroar|1\n|-damage|p2b: Incineroar|50/100\n|-unboost|p2b: Incineroar|spd|1\n|move|p1a: Incineroar|Darkest Lariat|p2b: Incineroar\n|-resisted|p2b: Incineroar|1\n|-damage|p2b: Incineroar|42/100\n|move|p2b: Incineroar|Flare Blitz|p1b: Alakazam\n|-damage|p1b: Alakazam|0 fnt\n|faint|p1b: Alakazam\n|-damage|p2b: Incineroar|34/100|[from] Recoil\n|\n|upkeep\n|turn|12\n|\n|t:|1776349220\n|move|p1a: Incineroar|Darkest Lariat|p2b: Incineroar\n|-resisted|p2b: Incineroar|1\n|-damage|p2b: Incineroar|26/100\n|move|p2b: Incineroar|Parting Shot|p1a: Incineroar\n|-unboost|p1a: Incineroar|atk|1\n|-unboost|p1a: Incineroar|spa|1\n|\n|upkeep\n|turn|13\n|c|\u2606Drcheems19|Gg\n|\n|t:|1776349236\n|move|p1a: Incineroar|Darkest Lariat|p2b: Incineroar\n|-resisted|p2b: Incineroar|1\n|-damage|p2b: Incineroar|20/100\n|move|p2b: Incineroar|Flare Blitz|p1a: Incineroar\n|-resisted|p1a: Incineroar|1\n|-damage|p1a: Incineroar|7/100\n|-damage|p2b: Incineroar|17/100|[from] Recoil\n|\n|upkeep\n|turn|14\n|\n|t:|1776349249\n|move|p1a: Incineroar|Darkest Lariat|p2b: Incineroar\n|-resisted|p2b: Incineroar|1\n|-damage|p2b: Incineroar|11/100\n|move|p2b: Incineroar|Flare Blitz|p1a: Incineroar\n|-resisted|p1a: Incineroar|1\n|-damage|p1a: Incineroar|0 fnt\n|faint|p1a: Incineroar\n|-damage|p2b: Incineroar|9/100|[from] Recoil\n|\n|win|YoAl\n|raw|Drcheems19's rating: 1038 &rarr; <strong>1023</strong><br />(-15 for losing)\n|raw|YoAl's rating: 1047 &rarr; <strong>1079</strong><br />(+32 for winning)\n|l|\u203dYoAl\n|player|p2|\n",
  "uploadtime": 1776349267,
  "views": 31,
  "formatid": "gen9championsvgc2026regma",
  "rating": 1023,
  "private": 0,
  "password": null
}