{
  "id": "gen9championsvgc2026regma-2581806323",
  "format": "[Gen 9 Champions] VGC 2026 Reg M-A",
  "players": [
    "CinnamonClub",
    "catch the"
  ],
  "log": "|j|\u2606CinnamonClub\n|j|\u2606catch the\n|t:|1776029926\n|gametype|doubles\n|player|p1|CinnamonClub|102|1151\n|player|p2|catch the|266|1120\n|gen|9\n|tier|[Gen 9 Champions] VGC 2026 Reg M-A\n|rated|\n|rule|Species Clause: Limit one of each Pok\u00e9mon\n|rule|Item Clause: Limit 1 of each item\n|clearpoke\n|poke|p1|Orthworm, L50, M|\n|poke|p1|Sneasler, L50, M|\n|poke|p1|Whimsicott, L50, F|\n|poke|p1|Rotom-Wash, L50|\n|poke|p1|Garchomp, L50, M|\n|poke|p1|Tyranitar, L50, F|\n|poke|p2|Floette-Eternal, L50, F|\n|poke|p2|Delphox, L50, F|\n|poke|p2|Garchomp, L50, M|\n|poke|p2|Maushold, L50|\n|poke|p2|Aerodactyl, L50, F|\n|poke|p2|Incineroar, L50, M|\n|teampreview|4\n|j| doozymeow\n|l| doozymeow\n|\n|t:|1776029998\n|teamsize|p1|4\n|teamsize|p2|4\n|start\n|switch|p1a: Sneasler|Sneasler, L50, M|100/100\n|switch|p1b: Whimsicott|Whimsicott, L50, F|100/100\n|switch|p2a: Garchomp|Garchomp, L50, M|100/100\n|switch|p2b: Incineroar|Incineroar, L50, M, shiny|100/100\n|-ability|p2b: Incineroar|Intimidate|boost\n|-unboost|p1a: Sneasler|atk|1\n|-unboost|p1b: Whimsicott|atk|1\n|-enditem|p1a: Sneasler|White Herb\n|-clearnegativeboost|p1a: Sneasler|[silent]\n|turn|1\n|\n|t:|1776030035\n|move|p1a: Sneasler|Fake Out|p2a: Garchomp\n|-damage|p2a: Garchomp|85/100\n|move|p2b: Incineroar|Fake Out|p1b: Whimsicott\n|-damage|p1b: Whimsicott|92/100\n|cant|p1b: Whimsicott|flinch\n|cant|p2a: Garchomp|flinch\n|\n|upkeep\n|turn|2\n|\n|t:|1776030062\n|move|p2a: Garchomp|Protect|p2a: Garchomp\n|-singleturn|p2a: Garchomp|Protect\n|move|p1b: Whimsicott|Tailwind|p1b: Whimsicott\n|-sidestart|p1: CinnamonClub|move: Tailwind\n|move|p1a: Sneasler|Close Combat|p2b: Incineroar\n|-supereffective|p2b: Incineroar|1\n|-damage|p2b: Incineroar|0 fnt\n|-unboost|p1a: Sneasler|def|1\n|-unboost|p1a: Sneasler|spd|1\n|faint|p2b: Incineroar\n|\n|upkeep\n|\n|t:|1776030073\n|switch|p2b: Aerodactyl|Aerodactyl, L50, F|100/100\n|-ability|p2b: Aerodactyl|Unnerve\n|turn|3\n|\n|t:|1776030090\n|move|p1a: Sneasler|Close Combat|p2a: Garchomp\n|-damage|p2a: Garchomp|23/100\n|-unboost|p1a: Sneasler|def|1\n|-unboost|p1a: Sneasler|spd|1\n|move|p1b: Whimsicott|Moonblast|p2a: Garchomp\n|-supereffective|p2a: Garchomp|1\n|-damage|p2a: Garchomp|0 fnt\n|faint|p2a: Garchomp\n|move|p2b: Aerodactyl|Rock Slide|p1a: Sneasler|[spread] p1a\n|-miss|p2b: Aerodactyl|p1b: Whimsicott\n|-resisted|p1a: Sneasler|1\n|-damage|p1a: Sneasler|58/100\n|\n|upkeep\n|\n|t:|1776030103\n|switch|p2a: Floette|Floette-Eternal, L50, F|100/100\n|turn|4\n|\n|t:|1776030132\n|detailschange|p2a: Floette|Floette-Mega, L50, F\n|-mega|p2a: Floette|Floette|Floettite\n|-ability|p2a: Floette|Fairy Aura\n|move|p2a: Floette|Protect|p2a: Floette\n|-singleturn|p2a: Floette|Protect\n|move|p1a: Sneasler|Dire Claw|p2a: Floette\n|-activate|p2a: Floette|move: Protect\n|move|p1b: Whimsicott|Moonblast|p2a: Floette\n|-activate|p2a: Floette|move: Protect\n|move|p2b: Aerodactyl|Tailwind|p2b: Aerodactyl\n|-sidestart|p2: catch the|move: Tailwind\n|\n|upkeep\n|turn|5\n|\n|t:|1776030161\n|move|p1b: Whimsicott|Encore|p2b: Aerodactyl\n|-start|p2b: Aerodactyl|Encore\n|move|p1a: Sneasler|Dire Claw|p2a: Floette\n|-supereffective|p2a: Floette|1\n|-damage|p2a: Floette|10/100\n|-status|p2a: Floette|par\n|move|p2b: Aerodactyl|Tailwind||[still]\n|-fail|p2b: Aerodactyl\n|move|p2a: Floette|Calm Mind|p2a: Floette\n|-boost|p2a: Floette|spa|1\n|-boost|p2a: Floette|spd|1\n|\n|-sideend|p1: CinnamonClub|move: Tailwind\n|upkeep\n|turn|6\n|\n|t:|1776030184\n|move|p1b: Whimsicott|Tailwind|p1b: Whimsicott\n|-sidestart|p1: CinnamonClub|move: Tailwind\n|move|p1a: Sneasler|Dire Claw|p2a: Floette\n|-supereffective|p2a: Floette|1\n|-damage|p2a: Floette|0 fnt\n|faint|p2a: Floette\n|move|p2b: Aerodactyl|Tailwind||[still]\n|-fail|p2b: Aerodactyl\n|\n|upkeep\n|turn|7\n|\n|t:|1776030200\n|move|p1a: Sneasler|Close Combat|p2b: Aerodactyl\n|-damage|p2b: Aerodactyl|8/100\n|-unboost|p1a: Sneasler|def|1\n|-unboost|p1a: Sneasler|spd|1\n|move|p2b: Aerodactyl|Tailwind||[still]\n|-fail|p2b: Aerodactyl\n|move|p1b: Whimsicott|Moonblast|p2b: Aerodactyl\n|-damage|p2b: Aerodactyl|0 fnt\n|faint|p2b: Aerodactyl\n|\n|win|CinnamonClub\n|raw|CinnamonClub's rating: 1151 &rarr; <strong>1174</strong><br />(+23 for winning)\n|raw|catch the's rating: 1120 &rarr; <strong>1097</strong><br />(-23 for losing)\n|c|\u2606CinnamonClub|Ggs\n|l|\u2606catch the\n|player|p2|\n|l|\u2606CinnamonClub\n|player|p1|\n|j|\u2606CinnamonClub\n|player|p1|CinnamonClub|102|\n",
  "uploadtime": 1776030279,
  "views": 20,
  "formatid": "gen9championsvgc2026regma",
  "rating": 1097,
  "private": 0,
  "password": null
}