{
  "id": "gen9championsvgc2026regma-2586717744",
  "format": "[Gen 9 Champions] VGC 2026 Reg M-A",
  "players": [
    "DropaDunsparce",
    "Ismagc"
  ],
  "log": "|j|\u2606DropaDunsparce\n|j|\u2606Ismagc\n|t:|1776454500\n|gametype|doubles\n|player|p1|DropaDunsparce|pokefan-gen4|1351\n|player|p2|Ismagc|hilda|1318\n|gen|9\n|tier|[Gen 9 Champions] VGC 2026 Reg M-A\n|rated|\n|rule|Species Clause: Limit one of each Pok\u00e9mon\n|rule|Item Clause: Limit 1 of each item\n|clearpoke\n|poke|p1|Tyranitar, L50, M|\n|poke|p1|Excadrill, L50, F|\n|poke|p1|Incineroar, L50, M|\n|poke|p1|Rotom-Wash, L50|\n|poke|p1|Sinistcha, L50|\n|poke|p1|Aerodactyl, L50, M|\n|poke|p2|Incineroar, L50, M|\n|poke|p2|Floette-Eternal, L50, F|\n|poke|p2|Kommo-o, L50, F|\n|poke|p2|Aegislash, L50, F|\n|poke|p2|Rotom-Wash, L50|\n|poke|p2|Sneasler, L50, M|\n|teampreview|4\n|\n|t:|1776454517\n|teamsize|p1|4\n|teamsize|p2|4\n|start\n|switch|p1a: Rotom|Rotom-Wash, L50, shiny|100/100\n|switch|p1b: Aerodactyl|Aerodactyl, L50, M|100/100\n|switch|p2a: Kommo-o|Kommo-o, L50, F|100/100\n|switch|p2b: Sneasler|Sneasler, L50, M|100/100\n|-ability|p1b: Aerodactyl|Unnerve\n|turn|1\n|inactive|Battle timer is ON: inactive players will automatically lose when time's up. (requested by Ismagc)\n|\n|t:|1776454546\n|move|p1b: Aerodactyl|Protect|p1b: Aerodactyl\n|-singleturn|p1b: Aerodactyl|Protect\n|move|p2b: Sneasler|Fake Out|p1b: Aerodactyl\n|-activate|p1b: Aerodactyl|move: Protect\n|move|p1a: Rotom|Thunderbolt|p2a: Kommo-o\n|-resisted|p2a: Kommo-o|1\n|-damage|p2a: Kommo-o|75/100\n|move|p2a: Kommo-o|Clangorous Soul|p2a: Kommo-o\n|-boost|p2a: Kommo-o|atk|1\n|-boost|p2a: Kommo-o|def|1\n|-boost|p2a: Kommo-o|spa|1\n|-boost|p2a: Kommo-o|spd|1\n|-boost|p2a: Kommo-o|spe|1\n|-damage|p2a: Kommo-o|42/100\n|\n|-heal|p2a: Kommo-o|48/100|[from] item: Leftovers\n|upkeep\n|turn|2\n|inactive|Ismagc has 30 seconds left.\n|\n|t:|1776454572\n|switch|p2b: Rotom|Rotom-Wash, L50|100/100\n|move|p2a: Kommo-o|Protect|p2a: Kommo-o\n|-singleturn|p2a: Kommo-o|Protect\n|move|p1b: Aerodactyl|Dual Wingbeat|p2a: Kommo-o\n|-activate|p2a: Kommo-o|move: Protect\n|move|p1a: Rotom|Thunderbolt|p2b: Rotom\n|-damage|p2b: Rotom|43/100\n|\n|-heal|p2a: Kommo-o|54/100|[from] item: Leftovers\n|upkeep\n|turn|3\n|\n|t:|1776454592\n|move|p2a: Kommo-o|Clanging Scales|p1b: Aerodactyl|[spread] p1a,p1b\n|-damage|p1a: Rotom|32/100\n|-damage|p1b: Aerodactyl|25/100\n|-unboost|p2a: Kommo-o|def|1\n|move|p2b: Rotom|Electroweb|p1a: Rotom|[spread] p1a,p1b\n|-supereffective|p1b: Aerodactyl|1\n|-damage|p1a: Rotom|9/100\n|-damage|p1b: Aerodactyl|0 fnt\n|-unboost|p1a: Rotom|spe|1\n|faint|p1b: Aerodactyl\n|move|p1a: Rotom|Thunderbolt|p2a: Kommo-o\n|-resisted|p2a: Kommo-o|1\n|-damage|p2a: Kommo-o|37/100\n|\n|-heal|p2a: Kommo-o|43/100|[from] item: Leftovers\n|upkeep\n|\n|t:|1776454612\n|switch|p1b: Excadrill|Excadrill, L50, F|100/100\n|turn|4\n|\n|t:|1776454623\n|switch|p2b: Sneasler|Sneasler, L50, M|100/100\n|switch|p1a: Tyranitar|Tyranitar, L50, M, shiny|100/100\n|-weather|Sandstorm|[from] ability: Sand Stream|[of] p1a: Tyranitar\n|move|p2a: Kommo-o|Protect|p2a: Kommo-o\n|-singleturn|p2a: Kommo-o|Protect\n|move|p1b: Excadrill|Rock Slide|p2a: Kommo-o|[spread] p2b\n|-activate|p2a: Kommo-o|move: Protect\n|-resisted|p2b: Sneasler|1\n|-damage|p2b: Sneasler|84/100\n|\n|-weather|Sandstorm|[upkeep]\n|-damage|p2a: Kommo-o|37/100|[from] Sandstorm\n|-damage|p2b: Sneasler|78/100|[from] Sandstorm\n|-heal|p2a: Kommo-o|43/100|[from] item: Leftovers\n|upkeep\n|turn|5\n|inactive|Ismagc has 30 seconds left.\n|inactive|Ismagc has 20 seconds left.\n|\n|t:|1776454661\n|move|p1b: Excadrill|Protect|p1b: Excadrill\n|-singleturn|p1b: Excadrill|Protect\n|move|p1a: Tyranitar|Protect|p1a: Tyranitar\n|-singleturn|p1a: Tyranitar|Protect\n|move|p2b: Sneasler|Fake Out|p1b: Excadrill\n|-activate|p1b: Excadrill|move: Protect\n|move|p2a: Kommo-o|Aura Sphere|p1a: Tyranitar\n|-activate|p1a: Tyranitar|move: Protect\n|\n|-weather|Sandstorm|[upkeep]\n|-damage|p2a: Kommo-o|37/100|[from] Sandstorm\n|-damage|p2b: Sneasler|72/100|[from] Sandstorm\n|-heal|p2a: Kommo-o|43/100|[from] item: Leftovers\n|upkeep\n|turn|6\n|\n|t:|1776454685\n|detailschange|p1a: Tyranitar|Tyranitar-Mega, L50, M, shiny\n|-mega|p1a: Tyranitar|Tyranitar|Tyranitarite\n|move|p2a: Kommo-o|Protect|p2a: Kommo-o\n|-singleturn|p2a: Kommo-o|Protect\n|move|p1b: Excadrill|High Horsepower|p2b: Sneasler\n|-supereffective|p2b: Sneasler|1\n|-damage|p2b: Sneasler|0 fnt\n|faint|p2b: Sneasler\n|move|p1a: Tyranitar|Ice Punch|p2a: Kommo-o\n|-activate|p2a: Kommo-o|move: Protect\n|\n|-weather|Sandstorm|[upkeep]\n|-damage|p2a: Kommo-o|37/100|[from] Sandstorm\n|-heal|p2a: Kommo-o|43/100|[from] item: Leftovers\n|upkeep\n|\n|t:|1776454702\n|switch|p2b: Rotom|Rotom-Wash, L50|43/100\n|turn|7\n|\n|t:|1776454717\n|switch|p1a: Rotom|Rotom-Wash, L50, shiny|9/100\n|move|p1b: Excadrill|Protect|p1b: Excadrill\n|-singleturn|p1b: Excadrill|Protect\n|move|p2a: Kommo-o|Aura Sphere|p1a: Rotom\n|-damage|p1a: Rotom|0 fnt\n|faint|p1a: Rotom\n|move|p2b: Rotom|Hydro Pump|p1b: Excadrill\n|-activate|p1b: Excadrill|move: Protect\n|\n|-weather|Sandstorm|[upkeep]\n|-damage|p2a: Kommo-o|37/100|[from] Sandstorm\n|-damage|p2b: Rotom|37/100|[from] Sandstorm\n|-heal|p2a: Kommo-o|43/100|[from] item: Leftovers\n|upkeep\n|\n|t:|1776454725\n|switch|p1a: Tyranitar|Tyranitar-Mega, L50, M, shiny|100/100\n|turn|8\n|\n|t:|1776454742\n|move|p2a: Kommo-o|Protect|p2a: Kommo-o\n|-singleturn|p2a: Kommo-o|Protect\n|move|p1b: Excadrill|Rock Slide|p2a: Kommo-o|[spread] p2b\n|-activate|p2a: Kommo-o|move: Protect\n|-damage|p2b: Rotom|11/100\n|cant|p2b: Rotom|flinch\n|move|p1a: Tyranitar|Rock Slide|p2b: Rotom|[spread] p2b\n|-activate|p2a: Kommo-o|move: Protect\n|-damage|p2b: Rotom|0 fnt\n|faint|p2b: Rotom\n|\n|-weather|none\n|-heal|p2a: Kommo-o|49/100|[from] item: Leftovers\n|upkeep\n|\n|t:|1776454758\n|switch|p2b: Aegislash|Aegislash, L50, F|100/100\n|turn|9\n|\n|t:|1776454774\n|move|p1b: Excadrill|Protect|p1b: Excadrill\n|-singleturn|p1b: Excadrill|Protect\n|move|p2a: Kommo-o|Clangorous Soul|p2a: Kommo-o\n|-boost|p2a: Kommo-o|atk|1\n|-boost|p2a: Kommo-o|def|1\n|-boost|p2a: Kommo-o|spa|1\n|-boost|p2a: Kommo-o|spd|1\n|-boost|p2a: Kommo-o|spe|1\n|-damage|p2a: Kommo-o|16/100\n|move|p1a: Tyranitar|Ice Punch|p2a: Kommo-o\n|-supereffective|p2a: Kommo-o|1\n|-damage|p2a: Kommo-o|0 fnt\n|faint|p2a: Kommo-o\n|-formechange|p2b: Aegislash|Aegislash-Blade|\n|move|p2b: Aegislash|Iron Head|p1a: Tyranitar\n|-supereffective|p1a: Tyranitar|1\n|-damage|p1a: Tyranitar|44/100\n|\n|upkeep\n|turn|10\n|-message|Ismagc forfeited.\n|\n|win|DropaDunsparce\n|raw|DropaDunsparce's rating: 1351 &rarr; <strong>1369</strong><br />(+18 for winning)\n|raw|Ismagc's rating: 1318 &rarr; <strong>1300</strong><br />(-18 for losing)\n|l|\u2606Ismagc\n|player|p2|\n",
  "uploadtime": 1776454802,
  "views": 64,
  "formatid": "gen9championsvgc2026regma",
  "rating": 1300,
  "private": 0,
  "password": null
}