{
  "id": "gen9championsvgc2026regma-2583079395",
  "format": "[Gen 9 Champions] VGC 2026 Reg M-A",
  "players": [
    "byableorange4",
    "GenderQueerados"
  ],
  "log": "|j|\u2606byableorange4\n|j|\u2606GenderQueerados\n|t:|1776139652\n|gametype|doubles\n|player|p1|byableorange4|n|1086\n|player|p2|GenderQueerados|2|1070\n|gen|9\n|tier|[Gen 9 Champions] VGC 2026 Reg M-A\n|rated|\n|rule|Species Clause: Limit one of each Pok\u00e9mon\n|rule|Item Clause: Limit 1 of each item\n|clearpoke\n|poke|p1|Banette, L50, F|\n|poke|p1|Incineroar, L50, M|\n|poke|p1|Sylveon, L50, F|\n|poke|p1|Pelipper, L50, F|\n|poke|p1|Archaludon, L50, F|\n|poke|p1|Sneasler, L50, M|\n|poke|p2|Pelipper, L50, F|\n|poke|p2|Incineroar, L50, F|\n|poke|p2|Gyarados, L50, M|\n|poke|p2|Sinistcha-Masterpiece, L50|\n|poke|p2|Archaludon, L50, M|\n|poke|p2|Meganium, L50, M|\n|teampreview|4\n|inactive|Battle timer is ON: inactive players will automatically lose when time's up. (requested by byableorange4)\n|\n|t:|1776139671\n|teamsize|p1|4\n|teamsize|p2|4\n|start\n|switch|p1a: Banette|Banette, L50, F|100/100\n|switch|p1b: Sneasler|Sneasler, L50, M|100/100\n|switch|p2a: Meganium|Meganium, L50, M|100/100\n|switch|p2b: Incineroar|Incineroar, L50, F|100/100\n|-ability|p2b: Incineroar|Intimidate|boost\n|-unboost|p1a: Banette|atk|1\n|-unboost|p1b: Sneasler|atk|1\n|-enditem|p1b: Sneasler|White Herb\n|-clearnegativeboost|p1b: Sneasler|[silent]\n|turn|1\n|inactive|byableorange4 has 30 seconds left.\n|inactive|GenderQueerados has 30 seconds left.\n|\n|t:|1776139708\n|switch|p1a: Incineroar|Incineroar, L50, M|100/100\n|-ability|p1a: Incineroar|Intimidate|boost\n|-unboost|p2a: Meganium|atk|1\n|-unboost|p2b: Incineroar|atk|1\n|detailschange|p2a: Meganium|Meganium-Mega, L50, M\n|-mega|p2a: Meganium|Meganium|Meganiumite\n|move|p1b: Sneasler|Upper Hand|p2b: Incineroar\n|-supereffective|p2b: Incineroar|1\n|-damage|p2b: Incineroar|22/100\n|cant|p2b: Incineroar|flinch\n|move|p2a: Meganium|Dazzling Gleam|p1b: Sneasler|[spread] p1a,p1b\n|-damage|p1a: Incineroar|70/100\n|-damage|p1b: Sneasler|50/100\n|\n|upkeep\n|turn|2\n|\n|t:|1776139733\n|switch|p2a: Archaludon|Archaludon, L50, M|100/100\n|move|p1b: Sneasler|Dire Claw|p2a: Archaludon\n|-immune|p2a: Archaludon\n|move|p2b: Incineroar|Parting Shot|p1b: Sneasler\n|-unboost|p1b: Sneasler|atk|1\n|-unboost|p1b: Sneasler|spa|1\n|\n|t:|1776139743\n|switch|p2b: Pelipper|Pelipper, L50, F|100/100|[from] Parting Shot\n|-weather|RainDance|[from] ability: Drizzle|[of] p2b: Pelipper\n|move|p1a: Incineroar|Lash Out|p2b: Pelipper\n|-damage|p2b: Pelipper|45/100\n|\n|-weather|RainDance|[upkeep]\n|upkeep\n|turn|3\n|\n|t:|1776139765\n|switch|p1b: Banette|Banette, L50, F|100/100\n|switch|p1a: Archaludon|Archaludon, L50, F|100/100\n|move|p2a: Archaludon|Electro Shot||[still]\n|-prepare|p2a: Archaludon|Electro Shot\n|-boost|p2a: Archaludon|spa|1\n|-anim|p2a: Archaludon|Electro Shot|p1b: Banette\n|-damage|p1b: Banette|35/100\n|-start|p2a: Archaludon|Disable|Electro Shot|[from] ability: Cursed Body|[of] p1b: Banette\n|move|p2b: Pelipper|Tailwind|p2b: Pelipper\n|-sidestart|p2: GenderQueerados|move: Tailwind\n|\n|-weather|RainDance|[upkeep]\n|upkeep\n|turn|4\n|inactive|byableorange4 has 30 seconds left.\n|inactive|GenderQueerados has 30 seconds left.\n|\n|t:|1776139802\n|switch|p2a: Incineroar|Incineroar, L50, F|22/100\n|-ability|p2a: Incineroar|Intimidate|boost\n|-unboost|p1a: Archaludon|atk|1\n|-unboost|p1b: Banette|atk|1\n|switch|p2b: Meganium|Meganium-Mega, L50, M|100/100\n|detailschange|p1b: Banette|Banette-Mega, L50, F\n|-mega|p1b: Banette|Banette|Banettite\n|move|p1b: Banette|Encore||[still]\n|-fail|p1b: Banette\n|move|p1a: Archaludon|Electro Shot||[still]\n|-prepare|p1a: Archaludon|Electro Shot\n|-boost|p1a: Archaludon|spa|1\n|-anim|p1a: Archaludon|Electro Shot|p2a: Incineroar\n|-damage|p2a: Incineroar|0 fnt\n|faint|p2a: Incineroar\n|\n|-weather|RainDance|[upkeep]\n|upkeep\n|\n|t:|1776139821\n|switch|p2a: Archaludon|Archaludon, L50, M|100/100\n|turn|5\n|\n|t:|1776139844\n|move|p1b: Banette|Scary Face|p2b: Meganium\n|-unboost|p2b: Meganium|spe|2\n|move|p2a: Archaludon|Aura Sphere|p1a: Archaludon\n|-supereffective|p1a: Archaludon|1\n|-damage|p1a: Archaludon|38/100\n|move|p1a: Archaludon|Flash Cannon|p2b: Meganium\n|-supereffective|p2b: Meganium|1\n|-damage|p2b: Meganium|0 fnt\n|faint|p2b: Meganium\n|\n|-weather|RainDance|[upkeep]\n|-heal|p1a: Archaludon|44/100|[from] item: Leftovers\n|upkeep\n|\n|t:|1776139859\n|switch|p2b: Pelipper|Pelipper, L50, F|45/100\n|turn|6\n|\n|t:|1776139872\n|move|p1b: Banette|Scary Face|p2a: Archaludon\n|-unboost|p2a: Archaludon|spe|2\n|move|p2b: Pelipper|Hurricane|p1b: Banette\n|-damage|p1b: Banette|0 fnt\n|faint|p1b: Banette\n|move|p2a: Archaludon|Aura Sphere|p1a: Archaludon\n|-supereffective|p1a: Archaludon|1\n|-damage|p1a: Archaludon|0 fnt\n|faint|p1a: Archaludon\n|\n|-weather|none\n|-sideend|p2: GenderQueerados|move: Tailwind\n|upkeep\n|\n|t:|1776139890\n|switch|p1a: Sneasler|Sneasler, L50, M|50/100\n|switch|p1b: Incineroar|Incineroar, L50, M|70/100\n|-ability|p1b: Incineroar|Intimidate|boost\n|-unboost|p2a: Archaludon|atk|1\n|-unboost|p2b: Pelipper|atk|1\n|turn|7\n|\n|t:|1776139907\n|move|p1b: Incineroar|Fake Out|p2b: Pelipper\n|-crit|p2b: Pelipper\n|-damage|p2b: Pelipper|16/100\n|move|p1a: Sneasler|Close Combat|p2a: Archaludon\n|-supereffective|p2a: Archaludon|1\n|-damage|p2a: Archaludon|0 fnt\n|-unboost|p1a: Sneasler|def|1\n|-unboost|p1a: Sneasler|spd|1\n|faint|p2a: Archaludon\n|cant|p2b: Pelipper|flinch\n|\n|upkeep\n|turn|8\n|\n|t:|1776139921\n|move|p1a: Sneasler|Dire Claw|p2b: Pelipper\n|-damage|p2b: Pelipper|0 fnt\n|faint|p2b: Pelipper\n|\n|win|byableorange4\n|raw|byableorange4's rating: 1086 &rarr; <strong>1112</strong><br />(+26 for winning)\n|raw|GenderQueerados's rating: 1070 &rarr; <strong>1050</strong><br />(-20 for losing)\n|l|\u2606byableorange4\n|player|p1|\n",
  "uploadtime": 1776139927,
  "views": 13,
  "formatid": "gen9championsvgc2026regma",
  "rating": 1050,
  "private": 0,
  "password": null
}