{
  "id": "gen9championsvgc2026regma-2582474890",
  "format": "[Gen 9 Champions] VGC 2026 Reg M-A",
  "players": [
    "Yoshiforlife",
    "braychapp"
  ],
  "log": "|j|\u2606Yoshiforlife\n|j|\u2606braychapp\n|t:|1776094064\n|gametype|doubles\n|player|p1|Yoshiforlife|2|1102\n|player|p2|braychapp|2|1023\n|gen|9\n|tier|[Gen 9 Champions] VGC 2026 Reg M-A\n|rated|\n|rule|Species Clause: Limit one of each Pok\u00e9mon\n|rule|Item Clause: Limit 1 of each item\n|clearpoke\n|poke|p1|Delphox, L50, M|\n|poke|p1|Basculegion, L50, M|\n|poke|p1|Clefable, L50, F|\n|poke|p1|Kingambit, L50, M|\n|poke|p1|Dragonite, L50, M|\n|poke|p1|Sneasler, L50, F|\n|poke|p2|Medicham, L50, F|\n|poke|p2|Rampardos, L50, F|\n|poke|p2|Ninetales, L50, M|\n|poke|p2|Sinistcha, L50|\n|poke|p2|Corviknight, L50, M|\n|poke|p2|Incineroar, L50, F|\n|teampreview|4\n|inactive|Battle timer is ON: inactive players will automatically lose when time's up. (requested by Yoshiforlife)\n|inactive|Yoshiforlife has 60 seconds left.\n|\n|t:|1776094097\n|teamsize|p1|4\n|teamsize|p2|4\n|start\n|switch|p1a: Kingambit|Kingambit, L50, M|100/100\n|switch|p1b: Clefable|Clefable, L50, F|100/100\n|switch|p2a: Medicham|Medicham, L50, F|100/100\n|switch|p2b: Rampardos|Rampardos, L50, F|100/100\n|turn|1\n|\n|t:|1776094110\n|move|p1b: Clefable|Follow Me|p1b: Clefable\n|-singleturn|p1b: Clefable|move: Follow Me\n|move|p2a: Medicham|Skill Swap|p1b: Clefable\n|-activate|p2a: Medicham|Skill Swap|Unaware|Pure Power|[of] p1b: Clefable\n|move|p2b: Rampardos|Brick Break|p1b: Clefable\n|-resisted|p1b: Clefable|1\n|-damage|p1b: Clefable|87/100\n|move|p1a: Kingambit|Swords Dance|p1a: Kingambit\n|-boost|p1a: Kingambit|atk|2\n|\n|upkeep\n|turn|2\n|\n|t:|1776094135\n|switch|p2b: Corviknight|Corviknight, L50, M|100/100\n|move|p1b: Clefable|Follow Me|p1b: Clefable\n|-singleturn|p1b: Clefable|move: Follow Me\n|move|p2a: Medicham|Close Combat|p1b: Clefable\n|-resisted|p1b: Clefable|1\n|-damage|p1b: Clefable|76/100\n|-unboost|p2a: Medicham|def|1\n|-unboost|p2a: Medicham|spd|1\n|move|p1a: Kingambit|Swords Dance|p1a: Kingambit\n|-boost|p1a: Kingambit|atk|2\n|\n|upkeep\n|turn|3\n|\n|t:|1776094154\n|move|p1b: Clefable|Helping Hand|p1a: Kingambit\n|-singleturn|p1a: Kingambit|Helping Hand|[of] p1b: Clefable\n|move|p1a: Kingambit|Sucker Punch||[still]\n|-fail|p1a: Kingambit\n|move|p2b: Corviknight|Iron Defense|p2b: Corviknight\n|-boost|p2b: Corviknight|def|2\n|move|p2a: Medicham|Trick Room|p2a: Medicham\n|-fieldstart|move: Trick Room|[of] p2a: Medicham\n|\n|upkeep\n|turn|4\n|\n|t:|1776094178\n|switch|p2a: Rampardos|Rampardos, L50, F|100/100\n|move|p1b: Clefable|Follow Me|p1b: Clefable\n|-singleturn|p1b: Clefable|move: Follow Me\n|move|p1a: Kingambit|Kowtow Cleave|p2b: Corviknight\n|-damage|p2b: Corviknight|40/100\n|-enditem|p2b: Corviknight|Sitrus Berry|[eat]\n|-heal|p2b: Corviknight|65/100|[from] item: Sitrus Berry\n|move|p2b: Corviknight|Iron Defense|p2b: Corviknight\n|-boost|p2b: Corviknight|def|2\n|\n|upkeep\n|turn|5\n|\n|t:|1776094199\n|move|p1b: Clefable|Follow Me|p1b: Clefable\n|-singleturn|p1b: Clefable|move: Follow Me\n|move|p1a: Kingambit|Kowtow Cleave|p2a: Rampardos\n|-damage|p2a: Rampardos|0 fnt\n|faint|p2a: Rampardos\n|move|p2b: Corviknight|Body Press|p1b: Clefable\n|-resisted|p1b: Clefable|1\n|-damage|p1b: Clefable|43/100\n|-enditem|p1b: Clefable|Sitrus Berry|[eat]\n|-heal|p1b: Clefable|68/100|[from] item: Sitrus Berry\n|\n|upkeep\n|\n|t:|1776094211\n|switch|p2a: Medicham|Medicham, L50, F|100/100\n|turn|6\n|\n|t:|1776094217\n|move|p2a: Medicham|Fake Out|p1b: Clefable\n|-crit|p1b: Clefable\n|-damage|p1b: Clefable|52/100\n|cant|p1b: Clefable|flinch\n|move|p1a: Kingambit|Kowtow Cleave|p2a: Medicham\n|-enditem|p2a: Medicham|Focus Sash\n|-damage|p2a: Medicham|1/100\n|move|p2b: Corviknight|Body Press|p1a: Kingambit\n|-supereffective|p1a: Kingambit|2\n|-damage|p1a: Kingambit|0 fnt\n|faint|p1a: Kingambit\n|\n|upkeep\n|\n|t:|1776094229\n|switch|p1a: Delphox|Delphox, L50, M|100/100\n|turn|7\n|inactive|braychapp has 30 seconds left.\n|\n|t:|1776094254\n|switch|p2a: Sinistcha|Sinistcha, L50|100/100\n|-heal|p2b: Corviknight|90/100|[from] ability: Hospitality|[of] p2a: Sinistcha\n|move|p1b: Clefable|Protect|p1b: Clefable\n|-singleturn|p1b: Clefable|Protect\n|move|p1a: Delphox|Protect|p1a: Delphox\n|-singleturn|p1a: Delphox|Protect\n|move|p2b: Corviknight|Brave Bird|p1b: Clefable\n|-activate|p1b: Clefable|move: Protect\n|\n|-fieldend|move: Trick Room\n|upkeep\n|turn|8\n|\n|t:|1776094270\n|detailschange|p1a: Delphox|Delphox-Mega, L50, M\n|-mega|p1a: Delphox|Delphox|Delphoxite\n|move|p1b: Clefable|Helping Hand|p1a: Delphox\n|-singleturn|p1a: Delphox|Helping Hand|[of] p1b: Clefable\n|move|p1a: Delphox|Heat Wave|p2a: Sinistcha|[spread] p2a,p2b\n|-supereffective|p2a: Sinistcha|1\n|-supereffective|p2b: Corviknight|1\n|-damage|p2a: Sinistcha|0 fnt\n|-damage|p2b: Corviknight|0 fnt\n|faint|p2a: Sinistcha\n|faint|p2b: Corviknight\n|\n|upkeep\n|-message|braychapp forfeited.\n|\n|win|Yoshiforlife\n|raw|Yoshiforlife's rating: 1102 &rarr; <strong>1121</strong><br />(+19 for winning)\n|raw|braychapp's rating: 1023 &rarr; <strong>1013</strong><br />(-10 for losing)\n|l|\u2606braychapp\n|player|p2|\n",
  "uploadtime": 1776094281,
  "views": 17,
  "formatid": "gen9championsvgc2026regma",
  "rating": 1013,
  "private": 0,
  "password": null
}