{
  "id": "gen9championsvgc2026regma-2585087156",
  "format": "[Gen 9 Champions] VGC 2026 Reg M-A",
  "players": [
    "vnunesp12",
    "Skuid!21"
  ],
  "log": "|j|\u2606vnunesp12\n|j|\u2606Skuid!21\n|t:|1776310381\n|gametype|doubles\n|player|p1|vnunesp12|red|1065\n|player|p2|Skuid!21|ghetsis-gen5bw|1088\n|gen|9\n|tier|[Gen 9 Champions] VGC 2026 Reg M-A\n|rated|\n|rule|Species Clause: Limit one of each Pok\u00e9mon\n|rule|Item Clause: Limit 1 of each item\n|clearpoke\n|poke|p1|Froslass, L50, F|\n|poke|p1|Sneasler, L50, M|\n|poke|p1|Kingambit, L50, M|\n|poke|p1|Garchomp, L50, F|\n|poke|p1|Talonflame, L50, F|\n|poke|p1|Primarina, L50, M|\n|poke|p2|Aegislash, L50, M|\n|poke|p2|Charizard, L50, F|\n|poke|p2|Incineroar, L50, F|\n|poke|p2|Venusaur, L50, M|\n|poke|p2|Whimsicott, L50, F|\n|poke|p2|Milotic, L50, M|\n|teampreview|4\n|inactive|Battle timer is ON: inactive players will automatically lose when time's up. (requested by vnunesp12)\n|inactive|vnunesp12 has 60 seconds left.\n|inactive|Skuid!21 has 60 seconds left.\n|\n|t:|1776310444\n|teamsize|p1|4\n|teamsize|p2|4\n|start\n|switch|p1a: Caio Alexandre|Talonflame, L50, F|100/100\n|switch|p1b: Pulga|Sneasler, L50, M|100/100\n|switch|p2a: Whimsicott|Whimsicott, L50, F|100/100\n|switch|p2b: Charizard|Charizard, L50, F|100/100\n|turn|1\n|inactive|Skuid!21 has 30 seconds left.\n|\n|t:|1776310471\n|detailschange|p2b: Charizard|Charizard-Mega-Y, L50, F\n|-mega|p2b: Charizard|Charizard|Charizardite Y\n|-weather|SunnyDay|[from] ability: Drought|[of] p2b: Charizard\n|move|p1b: Pulga|Fake Out|p2a: Whimsicott\n|-damage|p2a: Whimsicott|80/100\n|move|p1a: Caio Alexandre|Tailwind|p1a: Caio Alexandre\n|-sidestart|p1: vnunesp12|move: Tailwind\n|cant|p2a: Whimsicott|flinch\n|move|p2b: Charizard|Heat Wave|p1b: Pulga|[spread] p1a,p1b\n|-resisted|p1a: Caio Alexandre|1\n|-crit|p1a: Caio Alexandre\n|-damage|p1a: Caio Alexandre|38/100\n|-damage|p1b: Pulga|7/100\n|\n|-weather|SunnyDay|[upkeep]\n|upkeep\n|turn|2\n|inactive|vnunesp12 has 30 seconds left.\n|inactive|vnunesp12 has 20 seconds left.\n|inactive|vnunesp12 has 15 seconds left.\n|inactive|vnunesp12 has 10 seconds left.\n|\n|t:|1776310520\n|move|p2a: Whimsicott|Tailwind|p2a: Whimsicott\n|-sidestart|p2: Skuid!21|move: Tailwind\n|move|p1a: Caio Alexandre|Flare Blitz|p2a: Whimsicott\n|-supereffective|p2a: Whimsicott|1\n|-damage|p2a: Whimsicott|0 fnt\n|faint|p2a: Whimsicott\n|-damage|p1a: Caio Alexandre|18/100|[from] Recoil\n|move|p1b: Pulga|Dire Claw|p2b: Charizard\n|-damage|p2b: Charizard|45/100\n|move|p2b: Charizard|Heat Wave|p1a: Caio Alexandre|[spread] p1a,p1b\n|-resisted|p1a: Caio Alexandre|1\n|-crit|p1a: Caio Alexandre\n|-damage|p1a: Caio Alexandre|0 fnt\n|-damage|p1b: Pulga|0 fnt\n|faint|p1a: Caio Alexandre\n|faint|p1b: Pulga\n|\n|-weather|SunnyDay|[upkeep]\n|upkeep\n|\n|t:|1776310539\n|switch|p1a: Everaldo|Froslass, L50, F|100/100\n|switch|p1b: Sanabria|Primarina, L50, M|100/100\n|switch|p2a: Aegislash|Aegislash, L50, M|100/100\n|turn|3\n|inactive|vnunesp12 has 30 seconds left.\n|inactive|Skuid!21 has 30 seconds left.\n|\n|t:|1776310574\n|detailschange|p1a: Everaldo|Froslass-Mega, L50, F\n|-mega|p1a: Everaldo|Froslass|Froslassite\n|-weather|Snowscape|[from] ability: Snow Warning|[of] p1a: Everaldo\n|move|p2b: Charizard|Protect|p2b: Charizard\n|-singleturn|p2b: Charizard|Protect\n|move|p2a: Aegislash|King's Shield|p2a: Aegislash\n|-singleturn|p2a: Aegislash|Protect\n|move|p1a: Everaldo|Shadow Ball|p2b: Charizard\n|-activate|p2b: Charizard|move: Protect\n|move|p1b: Sanabria|Calm Mind|p1b: Sanabria\n|-boost|p1b: Sanabria|spa|1\n|-boost|p1b: Sanabria|spd|1\n|\n|-weather|Snowscape|[upkeep]\n|upkeep\n|turn|4\n|inactive|vnunesp12 has 30 seconds left.\n|inactive|Skuid!21 has 30 seconds left.\n|\n|t:|1776310604\n|switch|p2b: Incineroar|Incineroar, L50, F|100/100\n|-ability|p2b: Incineroar|Intimidate|boost\n|-unboost|p1a: Everaldo|atk|1\n|-unboost|p1b: Sanabria|atk|1\n|move|p1a: Everaldo|Blizzard|p2a: Aegislash|[spread] p2a,p2b\n|-resisted|p2a: Aegislash|1\n|-resisted|p2b: Incineroar|1\n|-damage|p2a: Aegislash|82/100\n|-damage|p2b: Incineroar|76/100\n|-status|p2a: Aegislash|frz\n|cant|p2a: Aegislash|frz\n|move|p1b: Sanabria|Hyper Voice|p2b: Incineroar|[spread] p2a,p2b\n|-supereffective|p2b: Incineroar|1\n|-damage|p2a: Aegislash|44/100 frz\n|-damage|p2b: Incineroar|0 fnt\n|faint|p2b: Incineroar\n|\n|-weather|Snowscape|[upkeep]\n|-heal|p2a: Aegislash|50/100 frz|[from] item: Leftovers\n|-sideend|p1: vnunesp12|move: Tailwind\n|upkeep\n|\n|t:|1776310615\n|switch|p2b: Charizard|Charizard-Mega-Y, L50, F|45/100\n|-weather|SunnyDay|[from] ability: Drought|[of] p2b: Charizard\n|turn|5\n|inactive|Skuid!21 has 30 seconds left.\n|inactive|Skuid!21 has 20 seconds left.\n|inactive|Skuid!21 has 15 seconds left.\n|inactive|Skuid!21 has 10 seconds left.\n|\n|t:|1776310662\n|move|p2b: Charizard|Protect|p2b: Charizard\n|-singleturn|p2b: Charizard|Protect\n|move|p1a: Everaldo|Protect|p1a: Everaldo\n|-singleturn|p1a: Everaldo|Protect\n|cant|p2a: Aegislash|frz\n|move|p1b: Sanabria|Hyper Voice|p2b: Charizard|[spread] p2a\n|-activate|p2b: Charizard|move: Protect\n|-damage|p2a: Aegislash|30/100 frz\n|\n|-weather|SunnyDay|[upkeep]\n|-heal|p2a: Aegislash|36/100 frz|[from] item: Leftovers\n|-sideend|p2: Skuid!21|move: Tailwind\n|upkeep\n|turn|6\n|\n|t:|1776310684\n|move|p1a: Everaldo|Shadow Ball|p2a: Aegislash\n|-supereffective|p2a: Aegislash|1\n|-damage|p2a: Aegislash|0 fnt\n|faint|p2a: Aegislash\n|move|p2b: Charizard|Heat Wave|p1a: Everaldo|[spread] p1b\n|-miss|p2b: Charizard|p1a: Everaldo\n|-resisted|p1b: Sanabria|1\n|-damage|p1b: Sanabria|82/100\n|-status|p1b: Sanabria|brn\n|move|p1b: Sanabria|Hyper Voice|p2b: Charizard\n|-supereffective|p2b: Charizard|1\n|-damage|p2b: Charizard|0 fnt\n|faint|p2b: Charizard\n|\n|win|vnunesp12\n|raw|vnunesp12's rating: 1065 &rarr; <strong>1097</strong><br />(+32 for winning)\n|raw|Skuid!21's rating: 1088 &rarr; <strong>1063</strong><br />(-25 for losing)\n|l|\u2606Skuid!21\n|player|p2|\n",
  "uploadtime": 1776310714,
  "views": 25,
  "formatid": "gen9championsvgc2026regma",
  "rating": 1063,
  "private": 0,
  "password": null
}