{
  "id": "gen9championsvgc2026regma-2584390023",
  "format": "[Gen 9 Champions] VGC 2026 Reg M-A",
  "players": [
    "kuanyou",
    "Lendz"
  ],
  "log": "|j|\u2606kuanyou\n|j|\u2606Lendz\n|t:|1776257291\n|gametype|doubles\n|player|p1|kuanyou|101|1270\n|player|p2|Lendz|linebacker|1247\n|gen|9\n|tier|[Gen 9 Champions] VGC 2026 Reg M-A\n|rated|\n|rule|Species Clause: Limit one of each Pok\u00e9mon\n|rule|Item Clause: Limit 1 of each item\n|clearpoke\n|poke|p1|Scovillain, L50, M|\n|poke|p1|Sneasler, L50, M|\n|poke|p1|Primarina, L50, M|\n|poke|p1|Kingambit, L50, M|\n|poke|p1|Aerodactyl, L50, M|\n|poke|p1|Garchomp, L50, M|\n|poke|p2|Charizard, L50, M|\n|poke|p2|Venusaur, L50, F|\n|poke|p2|Torkoal, L50, M|\n|poke|p2|Farigiraf, L50, M|\n|poke|p2|Gardevoir, L50, M|\n|poke|p2|Garchomp, L50, F|\n|teampreview|4\n|inactive|Battle timer is ON: inactive players will automatically lose when time's up. (requested by Lendz)\n|\n|t:|1776257362\n|teamsize|p1|4\n|teamsize|p2|4\n|start\n|switch|p1a: Aerodactyl|Aerodactyl, L50, M|100/100\n|switch|p1b: Primarina|Primarina, L50, M|100/100\n|switch|p2a: Gardevoir|Gardevoir, L50, M|100/100\n|switch|p2b: Garchomp|Garchomp, L50, F, shiny|100/100\n|-ability|p1a: Aerodactyl|Unnerve\n|turn|1\n|\n|t:|1776257377\n|move|p2a: Gardevoir|Moonblast|p1a: Aerodactyl\n|-damage|p1a: Aerodactyl|34/100\n|move|p1a: Aerodactyl|Rock Slide|p2a: Gardevoir|[spread] p2a,p2b\n|-resisted|p2b: Garchomp|1\n|-damage|p2a: Gardevoir|57/100\n|-damage|p2b: Garchomp|88/100\n|cant|p2b: Garchomp|flinch\n|move|p1b: Primarina|Calm Mind|p1b: Primarina\n|-boost|p1b: Primarina|spa|1\n|-boost|p1b: Primarina|spd|1\n|\n|upkeep\n|turn|2\n|inactive|kuanyou has 30 seconds left.\n|inactive|kuanyou has 20 seconds left.\n|inactive|Lendz has 30 seconds left.\n|\n|t:|1776257418\n|move|p1a: Aerodactyl|Wide Guard|p1a: Aerodactyl\n|-singleturn|p1a: Aerodactyl|Wide Guard\n|move|p2a: Gardevoir|Moonblast|p1a: Aerodactyl\n|-damage|p1a: Aerodactyl|0 fnt\n|faint|p1a: Aerodactyl\n|move|p2b: Garchomp|Earthquake|p1b: Primarina|[spread] \n|-activate|p1b: Primarina|move: Wide Guard\n|-activate|p2a: Gardevoir|ability: Telepathy\n|move|p1b: Primarina|Moonblast|p2a: Gardevoir\n|-damage|p2a: Gardevoir|0 fnt\n|faint|p2a: Gardevoir\n|\n|upkeep\n|\n|t:|1776257431\n|switch|p1a: Scovillain|Scovillain, L50, M|100/100\n|switch|p2a: Farigiraf|Farigiraf, L50, M, shiny|100/100\n|turn|3\n|inactive|kuanyou has 30 seconds left.\n|\n|t:|1776257463\n|detailschange|p1a: Scovillain|Scovillain-Mega, L50, M\n|-mega|p1a: Scovillain|Scovillain|Scovillainite\n|move|p2b: Garchomp|Rock Slide|p1a: Scovillain|[spread] p1b\n|-miss|p2b: Garchomp|p1a: Scovillain\n|-damage|p1b: Primarina|80/100\n|move|p1a: Scovillain|Leech Seed|p2a: Farigiraf\n|-start|p2a: Farigiraf|move: Leech Seed\n|move|p1b: Primarina|Hyper Voice|p2a: Farigiraf|[spread] p2a,p2b\n|-damage|p2a: Farigiraf|54/100\n|-damage|p2b: Garchomp|33/100\n|move|p2a: Farigiraf|Trick Room|p2a: Farigiraf\n|-fieldstart|move: Trick Room|[of] p2a: Farigiraf\n|\n|-heal|p1b: Primarina|86/100|[from] item: Leftovers\n|-damage|p2a: Farigiraf|41/100|[from] Leech Seed|[of] p1a: Scovillain\n|upkeep\n|turn|4\n|inactive|kuanyou has 30 seconds left.\n|inactive|kuanyou has 20 seconds left.\n|\n|t:|1776257500\n|move|p1a: Scovillain|Protect|p1a: Scovillain\n|-singleturn|p1a: Scovillain|Protect\n|move|p2a: Farigiraf|Psychic|p1b: Primarina\n|-damage|p1b: Primarina|66/100\n|move|p1b: Primarina|Calm Mind|p1b: Primarina\n|-boost|p1b: Primarina|spa|1\n|-boost|p1b: Primarina|spd|1\n|move|p2b: Garchomp|Rock Slide|p1b: Primarina|[spread] p1b\n|-activate|p1a: Scovillain|move: Protect\n|-damage|p1b: Primarina|45/100\n|\n|-heal|p1b: Primarina|51/100|[from] item: Leftovers\n|-damage|p2a: Farigiraf|29/100|[from] Leech Seed|[of] p1a: Scovillain\n|upkeep\n|turn|5\n|\n|t:|1776257524\n|move|p1b: Primarina|Protect|p1b: Primarina\n|-singleturn|p1b: Primarina|Protect\n|move|p2a: Farigiraf|Psychic|p1b: Primarina\n|-activate|p1b: Primarina|move: Protect\n|move|p1a: Scovillain|Leech Seed|p2b: Garchomp|[miss]\n|-miss|p1a: Scovillain|p2b: Garchomp\n|move|p2b: Garchomp|Rock Slide|p1a: Scovillain|[spread] p1a\n|-activate|p1b: Primarina|move: Protect\n|-supereffective|p1a: Scovillain|1\n|-damage|p1a: Scovillain|64/100\n|-status|p2b: Garchomp|brn|[from] ability: Spicy Spray|[of] p1a: Scovillain\n|\n|-heal|p1b: Primarina|57/100|[from] item: Leftovers\n|-damage|p2a: Farigiraf|16/100|[from] Leech Seed|[of] p1a: Scovillain\n|-heal|p1a: Scovillain|81/100|[silent]\n|-damage|p2b: Garchomp|27/100 brn|[from] brn\n|upkeep\n|turn|6\n|inactive|kuanyou has 30 seconds left.\n|\n|t:|1776257553\n|move|p2a: Farigiraf|Helping Hand|p2b: Garchomp\n|-singleturn|p2b: Garchomp|Helping Hand|[of] p2a: Farigiraf\n|move|p1a: Scovillain|Rage Powder|p1a: Scovillain\n|-singleturn|p1a: Scovillain|move: Rage Powder\n|move|p1b: Primarina|Moonblast|p2b: Garchomp\n|-supereffective|p2b: Garchomp|1\n|-damage|p2b: Garchomp|0 fnt\n|faint|p2b: Garchomp\n|\n|-heal|p1b: Primarina|63/100|[from] item: Leftovers\n|-damage|p2a: Farigiraf|4/100|[from] Leech Seed|[of] p1a: Scovillain\n|-heal|p1a: Scovillain|97/100|[silent]\n|upkeep\n|\n|t:|1776257559\n|switch|p2b: Torkoal|Torkoal, L50, M, shiny|100/100\n|-weather|SunnyDay|[from] ability: Drought|[of] p2b: Torkoal\n|turn|7\n|\n|t:|1776257566\n|move|p2a: Farigiraf|Helping Hand|p2b: Torkoal\n|-singleturn|p2b: Torkoal|Helping Hand|[of] p2a: Farigiraf\n|move|p1b: Primarina|Protect|p1b: Primarina\n|-singleturn|p1b: Primarina|Protect\n|move|p1a: Scovillain|Protect|p1a: Scovillain\n|-singleturn|p1a: Scovillain|Protect\n|move|p2b: Torkoal|Eruption|p1b: Primarina|[spread] \n|-activate|p1a: Scovillain|move: Protect\n|-activate|p1b: Primarina|move: Protect\n|\n|-weather|SunnyDay|[upkeep]\n|-heal|p1b: Primarina|69/100|[from] item: Leftovers\n|-damage|p2a: Farigiraf|0 fnt|[from] Leech Seed|[of] p1a: Scovillain\n|-heal|p1a: Scovillain|100/100|[silent]\n|faint|p2a: Farigiraf\n|-fieldend|move: Trick Room\n|upkeep\n|turn|8\n|inactive|kuanyou has 30 seconds left.\n|\n|t:|1776257598\n|move|p1a: Scovillain|Rage Powder|p1a: Scovillain\n|-singleturn|p1a: Scovillain|move: Rage Powder\n|move|p1b: Primarina|Moonblast|p2b: Torkoal\n|-resisted|p2b: Torkoal|1\n|-damage|p2b: Torkoal|31/100\n|-unboost|p2b: Torkoal|spa|1\n|move|p2b: Torkoal|Overheat|p1a: Scovillain\n|-damage|p1a: Scovillain|40/100\n|-unboost|p2b: Torkoal|spa|2\n|-immune|p2b: Torkoal\n|\n|-weather|SunnyDay|[upkeep]\n|-heal|p1b: Primarina|75/100|[from] item: Leftovers\n|upkeep\n|turn|9\n|-message|Lendz forfeited.\n|\n|win|kuanyou\n|raw|kuanyou's rating: 1270 &rarr; <strong>1293</strong><br />(+23 for winning)\n|raw|Lendz's rating: 1247 &rarr; <strong>1224</strong><br />(-23 for losing)\n",
  "uploadtime": 1776257609,
  "views": 38,
  "formatid": "gen9championsvgc2026regma",
  "rating": 1224,
  "private": 0,
  "password": null
}