{
  "id": "gen9championsvgc2026regma-2588316413",
  "format": "[Gen 9 Champions] VGC 2026 Reg M-A",
  "players": [
    "Rus0804",
    "AlejoArgento"
  ],
  "log": "|j|\u2606Rus0804\n|j|\u2606AlejoArgento\n|t:|1776623516\n|gametype|doubles\n|player|p1|Rus0804|policeman-gen4|1100\n|player|p2|AlejoArgento|gambler|1096\n|gen|9\n|tier|[Gen 9 Champions] VGC 2026 Reg M-A\n|rated|\n|rule|Species Clause: Limit one of each Pok\u00e9mon\n|rule|Item Clause: Limit 1 of each item\n|clearpoke\n|poke|p1|Meganium, L50, F, shiny|\n|poke|p1|Typhlosion-Hisui, L50, M, shiny|\n|poke|p1|Tauros-Paldea-Aqua, L50, M|\n|poke|p1|Aerodactyl, L50, M, shiny|\n|poke|p1|Archaludon, L50, M|\n|poke|p1|Kangaskhan, L50, F|\n|poke|p2|Chimecho, L50, M, shiny|\n|poke|p2|Snorlax, L50, M|\n|poke|p2|Incineroar, L50, M|\n|poke|p2|Sinistcha, L50|\n|poke|p2|Milotic, L50, F|\n|poke|p2|Pelipper, L50, M|\n|teampreview|4\n|inactive|Battle timer is ON: inactive players will automatically lose when time's up. (requested by AlejoArgento)\n|\n|t:|1776623539\n|teamsize|p1|4\n|teamsize|p2|4\n|start\n|switch|p1a: Archaludon|Archaludon, L50, M|100/100\n|switch|p1b: Aerodactyl|Aerodactyl, L50, M, shiny|100/100\n|switch|p2a: dumb cat|Incineroar, L50, M|100/100\n|switch|p2b: BIG-S|Snorlax, L50, M|100/100\n|-ability|p1b: Aerodactyl|Unnerve\n|-ability|p2a: dumb cat|Intimidate|boost\n|-unboost|p1a: Archaludon|atk|1\n|-unboost|p1b: Aerodactyl|atk|1\n|turn|1\n|inactive|AlejoArgento has 30 seconds left.\n|\n|t:|1776623569\n|switch|p1b: Typhlosion|Typhlosion-Hisui, L50, M, shiny|100/100\n|-item|p2a: dumb cat|Mental Herb|[from] ability: Frisk|[of] p1b: Typhlosion\n|-item|p2b: BIG-S|Sitrus Berry|[from] ability: Frisk|[of] p1b: Typhlosion\n|move|p2a: dumb cat|Fake Out|p1b: Typhlosion\n|-immune|p1b: Typhlosion\n|move|p1a: Archaludon|Draco Meteor|p2a: dumb cat\n|-damage|p2a: dumb cat|22/100\n|-unboost|p1a: Archaludon|spa|2\n|move|p2b: BIG-S|Belly Drum|p2b: BIG-S\n|-damage|p2b: BIG-S|51/100\n|-setboost|p2b: BIG-S|atk|6|[from] move: Belly Drum\n|\n|upkeep\n|turn|2\n|inactive|AlejoArgento has 30 seconds left.\n|\n|t:|1776623603\n|switch|p2a: Caldito|Sinistcha, L50|100/100\n|-heal|p2b: BIG-S|75/100|[from] ability: Hospitality|[of] p2a: Caldito\n|move|p1a: Archaludon|Protect|p1a: Archaludon\n|-singleturn|p1a: Archaludon|Protect\n|move|p2b: BIG-S|Protect|p2b: BIG-S\n|-singleturn|p2b: BIG-S|Protect\n|move|p1b: Typhlosion|Eruption|p2a: Caldito|[spread] p2a\n|-activate|p2b: BIG-S|move: Protect\n|-supereffective|p2a: Caldito|1\n|-damage|p2a: Caldito|0 fnt\n|faint|p2a: Caldito\n|\n|upkeep\n|\n|t:|1776623616\n|switch|p2a: dumb cat|Incineroar, L50, M|22/100\n|-ability|p2a: dumb cat|Intimidate|boost\n|-unboost|p1a: Archaludon|atk|1\n|-unboost|p1b: Typhlosion|atk|1\n|turn|3\n|\n|t:|1776623630\n|switch|p1a: Aerodactyl|Aerodactyl, L50, M, shiny|100/100\n|-ability|p1a: Aerodactyl|Unnerve\n|move|p1b: Typhlosion|Eruption|p2b: BIG-S|[spread] p2a,p2b\n|-resisted|p2a: dumb cat|1\n|-damage|p2a: dumb cat|0 fnt\n|-damage|p2b: BIG-S|58/100\n|faint|p2a: dumb cat\n|move|p2b: BIG-S|High Horsepower|p1a: Aerodactyl\n|-immune|p1a: Aerodactyl\n|\n|upkeep\n|\n|t:|1776623634\n|switch|p2a: Viborita Vivaracha|Milotic, L50, F|100/100\n|turn|4\n|inactive|Rus0804 has 30 seconds left.\n|\n|t:|1776623663\n|switch|p1b: Meganium|Meganium, L50, F, shiny|100/100\n|move|p1a: Aerodactyl|Tailwind|p1a: Aerodactyl\n|-sidestart|p1: Rus0804|move: Tailwind\n|move|p2a: Viborita Vivaracha|Muddy Water|p1a: Aerodactyl|[spread] p1a,p1b\n|-supereffective|p1a: Aerodactyl|1\n|-resisted|p1b: Meganium|1\n|-damage|p1a: Aerodactyl|11/100\n|-damage|p1b: Meganium|82/100\n|move|p2b: BIG-S|Facade|p1a: Aerodactyl\n|-resisted|p1a: Aerodactyl|1\n|-damage|p1a: Aerodactyl|0 fnt\n|faint|p1a: Aerodactyl\n|\n|upkeep\n|\n|t:|1776623680\n|switch|p1a: Archaludon|Archaludon, L50, M|100/100\n|turn|5\n|\n|t:|1776623689\n|detailschange|p1b: Meganium|Meganium-Mega, L50, F, shiny\n|-mega|p1b: Meganium|Meganium|Meganiumite\n|move|p2a: Viborita Vivaracha|Protect|p2a: Viborita Vivaracha\n|-singleturn|p2a: Viborita Vivaracha|Protect\n|move|p1b: Meganium|Solar Beam||[still]\n|-prepare|p1b: Meganium|Solar Beam\n|-activate|p1b: Meganium|ability: Mega Sol\n|-anim|p1b: Meganium|Solar Beam|p2a: Viborita Vivaracha\n|-activate|p2a: Viborita Vivaracha|move: Protect\n|move|p1a: Archaludon|Draco Meteor|p2b: BIG-S\n|-damage|p2b: BIG-S|7/100\n|-unboost|p1a: Archaludon|spa|2\n|-enditem|p2b: BIG-S|Sitrus Berry|[eat]\n|-heal|p2b: BIG-S|32/100|[from] item: Sitrus Berry\n|move|p2b: BIG-S|High Horsepower|p1a: Archaludon|[miss]\n|-miss|p2b: BIG-S|p1a: Archaludon\n|\n|upkeep\n|turn|6\n|-message|AlejoArgento forfeited.\n|\n|win|Rus0804\n|raw|Rus0804's rating: 1100 &rarr; <strong>1125</strong><br />(+25 for winning)\n|raw|AlejoArgento's rating: 1096 &rarr; <strong>1072</strong><br />(-24 for losing)\n|l|\u2606AlejoArgento\n|player|p2|\n|l|\u2606Rus0804\n|player|p1|\n|j|\u2606Rus0804\n|player|p1|Rus0804|policeman-gen4|\n",
  "uploadtime": 1776623730,
  "views": 9,
  "formatid": "gen9championsvgc2026regma",
  "rating": 1072,
  "private": 0,
  "password": null
}