{
  "id": "gen9championsvgc2026regma-2587952637",
  "format": "[Gen 9 Champions] VGC 2026 Reg M-A",
  "players": [
    "rohanthewhite",
    "MrMythicorn"
  ],
  "log": "|j|\u2606rohanthewhite\n|j|\u2606MrMythicorn\n|t:|1776583968\n|gametype|doubles\n|player|p1|rohanthewhite|1|1024\n|player|p2|MrMythicorn|shauna-masters|1112\n|gen|9\n|tier|[Gen 9 Champions] VGC 2026 Reg M-A\n|rated|\n|rule|Species Clause: Limit one of each Pok\u00e9mon\n|rule|Item Clause: Limit 1 of each item\n|clearpoke\n|poke|p1|Tauros-Paldea-Blaze, L50, M|\n|poke|p1|Kleavor, L50, F|\n|poke|p1|Rotom-Mow, L50|\n|poke|p1|Goodra-Hisui, L50, F|\n|poke|p1|Scizor, L50, F|\n|poke|p1|Whimsicott, L50, F|\n|poke|p2|Chandelure, L50, F|\n|poke|p2|Azumarill, L50, F, shiny|\n|poke|p2|Sinistcha-Masterpiece, L50, shiny|\n|poke|p2|Alcremie-Ruby-Swirl, L50, F|\n|poke|p2|Raichu-Alola, L50, F, shiny|\n|poke|p2|Aerodactyl, L50, M, shiny|\n|teampreview|4\n|inactive|Battle timer is ON: inactive players will automatically lose when time's up. (requested by MrMythicorn)\n|inactive|rohanthewhite has 60 seconds left.\n|\n|t:|1776584016\n|teamsize|p1|4\n|teamsize|p2|4\n|start\n|switch|p1a: Tauros|Tauros-Paldea-Blaze, L50, M|100/100\n|switch|p1b: Kleavor|Kleavor, L50, F|100/100\n|switch|p2a: Scrambled Eggs|Azumarill, L50, F, shiny|100/100\n|switch|p2b: Whippy|Alcremie-Ruby-Swirl, L50, F|100/100\n|-ability|p1a: Tauros|Intimidate|boost\n|-unboost|p2a: Scrambled Eggs|atk|1\n|-unboost|p2b: Whippy|atk|1\n|turn|1\n|inactive|rohanthewhite has 30 seconds left.\n|\n|t:|1776584041\n|move|p1a: Tauros|Double-Edge|p2a: Scrambled Eggs\n|-damage|p2a: Scrambled Eggs|59/100\n|-damage|p1a: Tauros|82/100|[from] Recoil\n|move|p1b: Kleavor|Stone Axe|p2a: Scrambled Eggs\n|-damage|p2a: Scrambled Eggs|1/100\n|-sidestart|p2: MrMythicorn|move: Stealth Rock\n|-enditem|p2a: Scrambled Eggs|Sitrus Berry|[eat]\n|-heal|p2a: Scrambled Eggs|26/100|[from] item: Sitrus Berry\n|move|p2b: Whippy|Calm Mind|p2b: Whippy\n|-boost|p2b: Whippy|spa|1\n|-boost|p2b: Whippy|spd|1\n|move|p2a: Scrambled Eggs|Belly Drum||[still]\n|-fail|p2a: Scrambled Eggs\n|\n|upkeep\n|turn|2\n|inactive|rohanthewhite has 30 seconds left.\n|inactive|MrMythicorn has 30 seconds left.\n|inactive|rohanthewhite has 20 seconds left.\n|\n|t:|1776584079\n|switch|p2b: Sippy|Sinistcha-Masterpiece, L50, shiny|100/100\n|-damage|p2b: Sippy|88/100|[from] Stealth Rock\n|-heal|p2a: Scrambled Eggs|50/100|[from] ability: Hospitality|[of] p2b: Sippy\n|move|p2a: Scrambled Eggs|Aqua Jet|p1b: Kleavor\n|-supereffective|p1b: Kleavor|1\n|-damage|p1b: Kleavor|58/100\n|move|p1a: Tauros|Double-Edge|p2b: Sippy\n|-immune|p2b: Sippy\n|move|p1b: Kleavor|Stone Axe|p2b: Sippy\n|-damage|p2b: Sippy|29/100\n|\n|-heal|p2b: Sippy|35/100|[from] item: Leftovers\n|upkeep\n|turn|3\n|inactive|MrMythicorn has 30 seconds left.\n|inactive|MrMythicorn has 20 seconds left.\n|\n|t:|1776584115\n|move|p2a: Scrambled Eggs|Aqua Jet|p1b: Kleavor\n|-supereffective|p1b: Kleavor|1\n|-damage|p1b: Kleavor|16/100\n|move|p1a: Tauros|Flare Blitz|p2b: Sippy\n|-supereffective|p2b: Sippy|1\n|-damage|p2b: Sippy|0 fnt\n|faint|p2b: Sippy\n|-damage|p1a: Tauros|70/100|[from] Recoil\n|move|p1b: Kleavor|Stone Axe|p2a: Scrambled Eggs\n|-damage|p2a: Scrambled Eggs|0 fnt\n|faint|p2a: Scrambled Eggs\n|\n|upkeep\n|\n|t:|1776584123\n|switch|p2b: Whippy|Alcremie-Ruby-Swirl, L50, F|100/100\n|switch|p2a: Candles|Chandelure, L50, F|100/100\n|-damage|p2a: Candles|76/100|[from] Stealth Rock\n|-damage|p2b: Whippy|88/100|[from] Stealth Rock\n|turn|4\n|\n|t:|1776584142\n|detailschange|p2a: Candles|Chandelure-Mega, L50, F\n|-mega|p2a: Candles|Chandelure|Chandelurite\n|move|p1a: Tauros|Protect|p1a: Tauros\n|-singleturn|p1a: Tauros|Protect\n|move|p2a: Candles|Heat Wave|p1b: Kleavor|[spread] p1b\n|-activate|p1a: Tauros|move: Protect\n|-damage|p1b: Kleavor|0 fnt\n|faint|p1b: Kleavor\n|move|p2b: Whippy|Decorate|p2a: Candles\n|-boost|p2a: Candles|atk|2\n|-boost|p2a: Candles|spa|2\n|\n|upkeep\n|inactive|rohanthewhite has 30 seconds left.\n|\n|t:|1776584170\n|switch|p1b: Rotom|Rotom-Mow, L50|100/100\n|turn|5\n|\n|t:|1776584193\n|move|p1a: Tauros|Flare Blitz|p2b: Whippy\n|-damage|p2b: Whippy|24/100\n|-damage|p1a: Tauros|48/100|[from] Recoil\n|move|p2a: Candles|Heat Wave|p1b: Rotom|[spread] p1a,p1b\n|-resisted|p1a: Tauros|1\n|-supereffective|p1b: Rotom|1\n|-damage|p1a: Tauros|0 fnt\n|-damage|p1b: Rotom|0 fnt\n|faint|p1a: Tauros\n|faint|p1b: Rotom\n|move|p2b: Whippy|Stored Power|p1: Tauros|[notarget]\n|-fail|p2b: Whippy\n|\n|upkeep\n|\n|t:|1776584203\n|switch|p1b: Scizor|Scizor, L50, F|100/100\n|turn|6\n|\n|t:|1776584225\n|detailschange|p1b: Scizor|Scizor-Mega, L50, F\n|-mega|p1b: Scizor|Scizor|Scizorite\n|move|p1b: Scizor|Bullet Punch|p2a: Candles\n|-resisted|p2a: Candles|1\n|-damage|p2a: Candles|53/100\n|move|p2a: Candles|Heat Wave|p1b: Scizor\n|-supereffective|p1b: Scizor|2\n|-damage|p1b: Scizor|0 fnt\n|faint|p1b: Scizor\n|\n|win|MrMythicorn\n|raw|rohanthewhite's rating: 1024 &rarr; <strong>1014</strong><br />(-10 for losing)\n|raw|MrMythicorn's rating: 1112 &rarr; <strong>1131</strong><br />(+19 for winning)\n|l|\u2606rohanthewhite\n|player|p1|\n",
  "uploadtime": 1776584235,
  "views": 9,
  "formatid": "gen9championsvgc2026regma",
  "rating": 1014,
  "private": 0,
  "password": null
}