{
  "id": "gen9championsvgc2026regma-2581970591",
  "format": "[Gen 9 Champions] VGC 2026 Reg M-A",
  "players": [
    "Yashinon",
    "Burgerboy18"
  ],
  "log": "|j|\u2606Yashinon\n|j|\u2606Burgerboy18\n|t:|1776044369\n|gametype|doubles\n|player|p1|Yashinon|266|1071\n|player|p2|Burgerboy18|1|1053\n|gen|9\n|tier|[Gen 9 Champions] VGC 2026 Reg M-A\n|rated|\n|rule|Species Clause: Limit one of each Pok\u00e9mon\n|rule|Item Clause: Limit 1 of each item\n|clearpoke\n|poke|p1|Gengar, L50, F|\n|poke|p1|Incineroar, L50, M|\n|poke|p1|Politoed, L50, F|\n|poke|p1|Archaludon, L50, M|\n|poke|p1|Sinistcha-Masterpiece, L50|\n|poke|p1|Primarina, L50, M|\n|poke|p2|Scizor, L50, F|\n|poke|p2|Gengar, L50, F|\n|poke|p2|Aerodactyl, L50, M|\n|poke|p2|Raichu, L50, M|\n|poke|p2|Tauros-Paldea-Aqua, L50, M|\n|poke|p2|Sylveon, L50, F|\n|teampreview|4\n|\n|t:|1776044404\n|teamsize|p1|4\n|teamsize|p2|4\n|start\n|switch|p1a: Sinistcha|Sinistcha-Masterpiece, L50|100/100\n|switch|p1b: Primarina|Primarina, L50, M|100/100\n|switch|p2a: Raichu|Raichu, L50, M|100/100\n|switch|p2b: Gengar|Gengar, L50, F|100/100\n|turn|1\n|\n|t:|1776044421\n|detailschange|p2b: Gengar|Gengar-Mega, L50, F\n|-mega|p2b: Gengar|Gengar|Gengarite\n|move|p1b: Primarina|Protect|p1b: Primarina\n|-singleturn|p1b: Primarina|Protect\n|move|p2a: Raichu|Fake Out|p1b: Primarina\n|-activate|p1b: Primarina|move: Protect\n|move|p2b: Gengar|Shadow Ball|p1a: Sinistcha\n|-supereffective|p1a: Sinistcha|1\n|-damage|p1a: Sinistcha|6/100\n|move|p1a: Sinistcha|Trick Room|p1a: Sinistcha\n|-fieldstart|move: Trick Room|[of] p1a: Sinistcha\n|\n|upkeep\n|turn|2\n|\n|t:|1776044460\n|switch|p1a: Politoed|Politoed, L50, F|100/100\n|-weather|RainDance|[from] ability: Drizzle|[of] p1a: Politoed\n|move|p2b: Gengar|Protect|p2b: Gengar\n|-singleturn|p2b: Gengar|Protect\n|move|p1b: Primarina|Hyper Voice|p2a: Raichu|[spread] p2a\n|-activate|p2b: Gengar|move: Protect\n|-damage|p2a: Raichu|11/100\n|move|p2a: Raichu|Volt Switch|p1b: Primarina\n|-supereffective|p1b: Primarina|1\n|-crit|p1b: Primarina\n|-damage|p1b: Primarina|34/100\n|\n|t:|1776044475\n|switch|p2a: Sylveon|Sylveon, L50, F|100/100|[from] Volt Switch\n|\n|-weather|RainDance|[upkeep]\n|upkeep\n|turn|3\n|\n|t:|1776044489\n|move|p1b: Primarina|Hyper Voice|p2a: Sylveon|[spread] p2a,p2b\n|-damage|p2a: Sylveon|46/100\n|-damage|p2b: Gengar|14/100\n|move|p1a: Politoed|Weather Ball|p2a: Sylveon\n|-damage|p2a: Sylveon|11/100\n|move|p2a: Sylveon|Hyper Voice|p1b: Primarina|[spread] p1a,p1b\n|-damage|p1a: Politoed|76/100\n|-damage|p1b: Primarina|5/100\n|move|p2b: Gengar|Shadow Ball|p1a: Politoed\n|-damage|p1a: Politoed|39/100\n|-unboost|p1a: Politoed|spd|1\n|-enditem|p1a: Politoed|Sitrus Berry|[eat]\n|-heal|p1a: Politoed|64/100|[from] item: Sitrus Berry\n|\n|-weather|RainDance|[upkeep]\n|upkeep\n|turn|4\n|\n|t:|1776044528\n|move|p2b: Gengar|Protect|p2b: Gengar\n|-singleturn|p2b: Gengar|Protect\n|move|p1b: Primarina|Hyper Voice|p2b: Gengar|[spread] p2a\n|-activate|p2b: Gengar|move: Protect\n|-damage|p2a: Sylveon|0 fnt\n|faint|p2a: Sylveon\n|move|p1a: Politoed|Weather Ball|p2b: Gengar\n|-activate|p2b: Gengar|move: Protect\n|\n|-weather|RainDance|[upkeep]\n|upkeep\n|\n|t:|1776044537\n|switch|p2a: Raichu|Raichu, L50, M|11/100\n|turn|5\n|\n|t:|1776044581\n|switch|p2b: Tauros|Tauros-Paldea-Aqua, L50, M|100/100\n|-ability|p2b: Tauros|Intimidate|boost\n|-unboost|p1a: Politoed|atk|1\n|-unboost|p1b: Primarina|atk|1\n|move|p2a: Raichu|Fake Out|p1b: Primarina\n|-damage|p1b: Primarina|0 fnt\n|faint|p1b: Primarina\n|move|p1a: Politoed|Encore||[still]\n|-fail|p1a: Politoed\n|\n|-weather|RainDance|[upkeep]\n|-fieldend|move: Trick Room\n|upkeep\n|\n|t:|1776044602\n|switch|p1b: Archaludon|Archaludon, L50, M|100/100\n|turn|6\n|\n|t:|1776044619\n|move|p2a: Raichu|Thunderbolt|p1a: Politoed\n|-supereffective|p1a: Politoed|1\n|-damage|p1a: Politoed|0 fnt\n|faint|p1a: Politoed\n|move|p2b: Tauros|Close Combat|p1b: Archaludon\n|-supereffective|p1b: Archaludon|1\n|-damage|p1b: Archaludon|29/100\n|-unboost|p2b: Tauros|def|1\n|-unboost|p2b: Tauros|spd|1\n|-ability|p1b: Archaludon|Stamina|boost\n|-boost|p1b: Archaludon|def|1\n|-enditem|p2b: Tauros|White Herb\n|-clearnegativeboost|p2b: Tauros|[silent]\n|move|p1b: Archaludon|Electro Shot||[still]\n|-activate|p2a: Raichu|ability: Lightning Rod\n|-prepare|p1b: Archaludon|Electro Shot\n|-boost|p1b: Archaludon|spa|1\n|-anim|p1b: Archaludon|Electro Shot|p2a: Raichu\n|-ability|p2a: Raichu|Lightning Rod|boost\n|-boost|p2a: Raichu|spa|1\n|\n|-weather|none\n|-heal|p1b: Archaludon|36/100|[from] item: Leftovers\n|upkeep\n|\n|t:|1776044639\n|switch|p1a: Sinistcha|Sinistcha-Masterpiece, L50|6/100\n|-heal|p1b: Archaludon|60/100|[from] ability: Hospitality|[of] p1a: Sinistcha\n|turn|7\n|\n|t:|1776044654\n|move|p1a: Sinistcha|Rage Powder|p1a: Sinistcha\n|-singleturn|p1a: Sinistcha|move: Rage Powder\n|move|p2a: Raichu|Encore|p1a: Sinistcha\n|-start|p1a: Sinistcha|Encore\n|move|p2b: Tauros|Raging Bull|p1a: Sinistcha\n|-resisted|p1a: Sinistcha|1\n|-damage|p1a: Sinistcha|0 fnt\n|faint|p1a: Sinistcha\n|move|p1b: Archaludon|Flash Cannon|p2a: Raichu\n|-resisted|p2a: Raichu|1\n|-damage|p2a: Raichu|0 fnt\n|faint|p2a: Raichu\n|\n|-heal|p1b: Archaludon|66/100|[from] item: Leftovers\n|upkeep\n|\n|t:|1776044663\n|switch|p2a: Gengar|Gengar-Mega, L50, F|14/100\n|turn|8\n|\n|t:|1776044679\n|move|p2a: Gengar|Shadow Ball|p1b: Archaludon\n|-damage|p1b: Archaludon|3/100\n|-ability|p1b: Archaludon|Stamina|boost\n|-boost|p1b: Archaludon|def|1\n|move|p2b: Tauros|Close Combat|p1b: Archaludon\n|-supereffective|p1b: Archaludon|1\n|-damage|p1b: Archaludon|0 fnt\n|-unboost|p2b: Tauros|def|1\n|-unboost|p2b: Tauros|spd|1\n|faint|p1b: Archaludon\n|\n|win|Burgerboy18\n|raw|Yashinon's rating: 1071 &rarr; <strong>1049</strong><br />(-22 for losing)\n|raw|Burgerboy18's rating: 1053 &rarr; <strong>1087</strong><br />(+34 for winning)\n|l|\u2606Yashinon\n|player|p1|\n",
  "uploadtime": 1776044699,
  "views": 21,
  "formatid": "gen9championsvgc2026regma",
  "rating": 1049,
  "private": 0,
  "password": null
}