{
  "id": "gen9championsvgc2026regma-2587343290",
  "format": "[Gen 9 Champions] VGC 2026 Reg M-A",
  "players": [
    "GodfatherKD",
    "solamentepaco"
  ],
  "log": "|j|\u2606GodfatherKD\n|j|\u2606solamentepaco\n|t:|1776523779\n|gametype|doubles\n|player|p1|GodfatherKD|hilbert|1035\n|player|p2|solamentepaco|worker|1091\n|gen|9\n|tier|[Gen 9 Champions] VGC 2026 Reg M-A\n|rated|\n|rule|Species Clause: Limit one of each Pok\u00e9mon\n|rule|Item Clause: Limit 1 of each item\n|clearpoke\n|poke|p1|Aggron, L50, M|\n|poke|p1|Sneasler, L50, M, shiny|\n|poke|p1|Hydreigon, L50, M|\n|poke|p1|Sinistcha, L50|\n|poke|p1|Incineroar, L50, M|\n|poke|p1|Farigiraf, L50, F|\n|poke|p2|Glalie, L50, M|\n|poke|p2|Whimsicott, L50, M|\n|poke|p2|Incineroar, L50, F|\n|poke|p2|Basculegion, L50, M|\n|poke|p2|Pelipper, L50, F|\n|poke|p2|Sinistcha, L50|\n|teampreview|4\n|\n|t:|1776523814\n|teamsize|p1|4\n|teamsize|p2|4\n|start\n|switch|p1a: White Glint|Aggron, L50, M|100/100\n|switch|p1b: Emile|Sinistcha, L50|100/100\n|switch|p2a: Whimsicott|Whimsicott, L50, M|100/100\n|switch|p2b: Basculegion|Basculegion, L50, M|100/100\n|turn|1\n|inactive|Battle timer is ON: inactive players will automatically lose when time's up. (requested by solamentepaco)\n|\n|t:|1776523829\n|detailschange|p1a: White Glint|Aggron-Mega, L50, M\n|-mega|p1a: White Glint|Aggron|Aggronite\n|move|p2b: Basculegion|Protect|p2b: Basculegion\n|-singleturn|p2b: Basculegion|Protect\n|move|p2a: Whimsicott|Tailwind|p2a: Whimsicott\n|-sidestart|p2: solamentepaco|move: Tailwind\n|move|p1b: Emile|Matcha Gotcha|p2b: Basculegion|[spread] p2a\n|-activate|p2b: Basculegion|move: Protect\n|-resisted|p2a: Whimsicott|1\n|-damage|p2a: Whimsicott|82/100\n|move|p1a: White Glint|Iron Defense|p1a: White Glint\n|-boost|p1a: White Glint|def|2\n|\n|upkeep\n|turn|2\n|inactive|solamentepaco has 30 seconds left.\n|\n|t:|1776523855\n|switch|p2b: Glalie|Glalie, L50, M|100/100\n|move|p2a: Whimsicott|Encore|p1a: White Glint\n|-start|p1a: White Glint|Encore\n|move|p1a: White Glint|Iron Defense|p1a: White Glint\n|-boost|p1a: White Glint|def|2\n|move|p1b: Emile|Trick Room|p1b: Emile\n|-fieldstart|move: Trick Room|[of] p1b: Emile\n|\n|upkeep\n|turn|3\n|\n|t:|1776523870\n|switch|p1b: Lynx|Sneasler, L50, M, shiny|100/100\n|-ability|p1b: Lynx|Pressure\n|detailschange|p2b: Glalie|Glalie-Mega, L50, M\n|-mega|p2b: Glalie|Glalie|Glalitite\n|move|p2a: Whimsicott|Protect|p2a: Whimsicott\n|-singleturn|p2a: Whimsicott|Protect\n|move|p1a: White Glint|Iron Defense|p1a: White Glint\n|-boost|p1a: White Glint|def|2\n|move|p2b: Glalie|Substitute|p2b: Glalie\n|-start|p2b: Glalie|Substitute\n|-damage|p2b: Glalie|76/100\n|\n|upkeep\n|turn|4\n|\n|t:|1776523890\n|move|p1a: White Glint|Iron Defense|p1a: White Glint\n|-boost|p1a: White Glint|def|0\n|move|p1b: Lynx|Dire Claw|p2a: Whimsicott\n|-supereffective|p2a: Whimsicott|2\n|-damage|p2a: Whimsicott|0 fnt\n|faint|p2a: Whimsicott\n|move|p2b: Glalie|Sheer Cold|p1a: White Glint\n|-damage|p1a: White Glint|0 fnt\n|faint|p1a: White Glint\n|-ohko\n|\n|-sideend|p2: solamentepaco|move: Tailwind\n|upkeep\n|\n|t:|1776523904\n|switch|p1a: Otsdarva|Hydreigon, L50, M|100/100\n|switch|p2a: Pelipper|Pelipper, L50, F|100/100\n|-weather|RainDance|[from] ability: Drizzle|[of] p2a: Pelipper\n|turn|5\n|\n|t:|1776523921\n|switch|p2a: Basculegion|Basculegion, L50, M|100/100\n|move|p2b: Glalie|Protect|p2b: Glalie\n|-singleturn|p2b: Glalie|Protect\n|move|p1a: Otsdarva|Dark Pulse|p2b: Glalie\n|-activate|p2b: Glalie|move: Protect\n|move|p1b: Lynx|Dire Claw|p2a: Basculegion\n|-resisted|p2a: Basculegion|1\n|-damage|p2a: Basculegion|71/100\n|\n|-weather|RainDance|[upkeep]\n|upkeep\n|turn|6\n|\n|t:|1776523936\n|move|p2a: Basculegion|Protect|p2a: Basculegion\n|-singleturn|p2a: Basculegion|Protect\n|move|p1a: Otsdarva|Dark Pulse|p2a: Basculegion\n|-activate|p2a: Basculegion|move: Protect\n|move|p2b: Glalie|Explosion|p1a: Otsdarva|[spread] p1a,p1b\n|-activate|p2a: Basculegion|move: Protect\n|-supereffective|p1a: Otsdarva|1\n|-damage|p1a: Otsdarva|0 fnt\n|-damage|p1b: Lynx|0 fnt\n|faint|p2b: Glalie\n|faint|p1a: Otsdarva\n|faint|p1b: Lynx\n|\n|-weather|RainDance|[upkeep]\n|-fieldend|move: Trick Room\n|upkeep\n|\n|t:|1776523951\n|switch|p1b: Emile|Sinistcha, L50|100/100\n|switch|p2b: Pelipper|Pelipper, L50, F|100/100\n|turn|7\n|\n|t:|1776523956\n|move|p2a: Basculegion|Last Respects|p1b: Emile\n|-supereffective|p1b: Emile|1\n|-crit|p1b: Emile\n|-damage|p1b: Emile|0 fnt\n|faint|p1b: Emile\n|\n|win|solamentepaco\n|raw|GodfatherKD's rating: 1035 &rarr; <strong>1022</strong><br />(-13 for losing)\n|raw|solamentepaco's rating: 1091 &rarr; <strong>1113</strong><br />(+22 for winning)\n",
  "uploadtime": 1776523961,
  "views": 19,
  "formatid": "gen9championsvgc2026regma",
  "rating": 1022,
  "private": 0,
  "password": null
}