{
  "id": "gen9championsvgc2026regma-2582773933",
  "format": "[Gen 9 Champions] VGC 2026 Reg M-A",
  "players": [
    "Professor_J93",
    "ataraxiacg"
  ],
  "log": "|j|\u2606Professor_J93\n|j|\u2606ataraxiacg\n|html|<table width=\"100%\"><tr><td align=\"left\">Professor_J93</td><td align=\"right\">ataraxiacg</tr><tr><td align=\"left\"><i class=\"fa fa-circle\"></i> <i class=\"fa fa-circle-o\"></i> </td><td align=\"right\"><i class=\"fa fa-circle-o\"></i> <i class=\"fa fa-circle\"></i> </tr></table>\n|uhtml|bestof|<h2><strong>Game 3</strong> of <a href=\"/game-bestof3-gen9championsvgc2026regma-2582764413\">a best-of-3</a></h2>\n|t:|1776113143\n|gametype|doubles\n|player|p1|Professor_J93|n|\n|player|p2|ataraxiacg|169|\n|gen|9\n|tier|[Gen 9 Champions] VGC 2026 Reg M-A\n|rule|Species Clause: Limit one of each Pok\u00e9mon\n|rule|Item Clause: Limit 1 of each item\n|raw|<div class=\"infobox\"><details class=\"readmore\" open><summary><strong>1 custom rule:</strong></summary> Best of = 3</details></div>\n|clearpoke\n|poke|p1|Incineroar, L50, F|\n|poke|p1|Gengar, L50, F|\n|poke|p1|Floette-Eternal, L50, F|\n|poke|p1|Politoed, L50, M|\n|poke|p1|Whimsicott, L50, F|\n|poke|p1|Kommo-o, L50, M|\n|poke|p2|Aerodactyl, L50, M|\n|poke|p2|Meowscarada, L50, F|\n|poke|p2|Floette-Eternal, L50, F|\n|poke|p2|Maushold, L50|\n|poke|p2|Basculegion, L50, M|\n|poke|p2|Sneasler, L50, M|\n|teampreview|4\n|inactive|Battle timer is ON: inactive players will automatically lose when time's up. (requested by Professor_J93)\n|j| ParadoxPerry\n|c|\u2606ataraxiacg|Timer off pls\n|inactiveoff|Battle timer is now OFF.\n|c|\u2606ataraxiacg|Ty\n|c|\u2606Professor_J93|thanks for the reminder\n|\n|t:|1776113179\n|teamsize|p1|4\n|teamsize|p2|4\n|start\n|switch|p1a: Incineroar|Incineroar, L50, F|100/100\n|switch|p1b: Floette|Floette-Eternal, L50, F|100/100\n|switch|p2a: Aerodactyl|Aerodactyl, L50, M|100/100\n|switch|p2b: Maushold|Maushold, L50|100/100\n|-ability|p2a: Aerodactyl|Unnerve\n|-ability|p1a: Incineroar|Intimidate|boost\n|-unboost|p2a: Aerodactyl|atk|1\n|-unboost|p2b: Maushold|atk|1\n|turn|1\n|\n|t:|1776113199\n|detailschange|p1b: Floette|Floette-Mega, L50, F\n|-mega|p1b: Floette|Floette|Floettite\n|-ability|p1b: Floette|Fairy Aura\n|move|p2b: Maushold|Protect|p2b: Maushold\n|-singleturn|p2b: Maushold|Protect\n|move|p1a: Incineroar|Fake Out|p2b: Maushold\n|-activate|p2b: Maushold|move: Protect\n|move|p2a: Aerodactyl|Tailwind|p2a: Aerodactyl\n|-sidestart|p2: ataraxiacg|move: Tailwind\n|move|p1b: Floette|Calm Mind|p1b: Floette\n|-boost|p1b: Floette|spa|1\n|-boost|p1b: Floette|spd|1\n|\n|upkeep\n|turn|2\n|\n|t:|1776113228\n|move|p1b: Floette|Protect|p1b: Floette\n|-singleturn|p1b: Floette|Protect\n|move|p2a: Aerodactyl|Rock Slide|p1b: Floette|[spread] p1a\n|-activate|p1b: Floette|move: Protect\n|-supereffective|p1a: Incineroar|1\n|-damage|p1a: Incineroar|70/100\n|move|p2b: Maushold|Taunt|p1a: Incineroar\n|-start|p1a: Incineroar|move: Taunt\n|cant|p1a: Incineroar|move: Taunt|Parting Shot\n|\n|upkeep\n|turn|3\n|c|\u2606Professor_J93|oh damm\n|c|\u2606Professor_J93|I'm cooked\n|c| ParadoxPerry|Get cooked\n|\n|t:|1776113263\n|switch|p1a: Whimsicott|Whimsicott, L50, F|100/100\n|move|p2b: Maushold|Follow Me|p2b: Maushold\n|-singleturn|p2b: Maushold|move: Follow Me\n|move|p2a: Aerodactyl|Dual Wingbeat|p1b: Floette\n|-damage|p1b: Floette|86/100\n|-damage|p1b: Floette|69/100\n|-hitcount|p1b: Floette|2\n|move|p1b: Floette|Dazzling Gleam|p2a: Aerodactyl|[spread] p2a,p2b\n|-damage|p2a: Aerodactyl|22/100\n|-damage|p2b: Maushold|13/100\n|\n|upkeep\n|turn|4\n|\n|t:|1776113290\n|move|p1a: Whimsicott|Protect|p1a: Whimsicott\n|-singleturn|p1a: Whimsicott|Protect\n|move|p2b: Maushold|Protect|p2b: Maushold\n|-singleturn|p2b: Maushold|Protect\n|move|p1b: Floette|Protect|p1b: Floette\n|-singleturn|p1b: Floette|Protect\n|move|p2a: Aerodactyl|Dual Wingbeat|p1a: Whimsicott\n|-activate|p1a: Whimsicott|move: Protect\n|\n|-sideend|p2: ataraxiacg|move: Tailwind\n|upkeep\n|turn|5\n|\n|t:|1776113311\n|move|p2b: Maushold|Follow Me|p2b: Maushold\n|-singleturn|p2b: Maushold|move: Follow Me\n|move|p1a: Whimsicott|Tailwind|p1a: Whimsicott\n|-sidestart|p1: Professor_J93|move: Tailwind\n|move|p1b: Floette|Dazzling Gleam|p2b: Maushold|[spread] p2a,p2b\n|-damage|p2a: Aerodactyl|0 fnt\n|-damage|p2b: Maushold|0 fnt\n|faint|p2a: Aerodactyl\n|faint|p2b: Maushold\n|\n|upkeep\n|\n|t:|1776113321\n|switch|p2a: Floette|Floette-Eternal, L50, F|100/100\n|switch|p2b: Basculegion|Basculegion, L50, M|100/100\n|turn|6\n|\n|t:|1776113341\n|detailschange|p2a: Floette|Floette-Mega, L50, F\n|-mega|p2a: Floette|Floette|Floettite\n|-ability|p2a: Floette|Fairy Aura\n|move|p1a: Whimsicott|Fake Tears|p2b: Basculegion\n|-unboost|p2b: Basculegion|spd|2\n|move|p1b: Floette|Dazzling Gleam|p2b: Basculegion|[spread] p2a,p2b\n|-damage|p2a: Floette|41/100\n|-damage|p2b: Basculegion|0 fnt\n|faint|p2b: Basculegion\n|move|p2a: Floette|Dazzling Gleam|p1b: Floette|[spread] p1a,p1b\n|-damage|p1a: Whimsicott|15/100\n|-damage|p1b: Floette|42/100\n|\n|upkeep\n|turn|7\n|\n|t:|1776113355\n|move|p1a: Whimsicott|Fake Tears|p2a: Floette\n|-unboost|p2a: Floette|spd|2\n|move|p1b: Floette|Moonblast|p2a: Floette\n|-damage|p2a: Floette|0 fnt\n|faint|p2a: Floette\n|\n|win|Professor_J93\n|l|\u2606ataraxiacg\n|player|p2|\n|l| ParadoxPerry\n",
  "uploadtime": 1776113380,
  "views": 15,
  "formatid": "gen9championsvgc2026regma",
  "rating": null,
  "private": 0,
  "password": null
}