{
  "id": "gen9championsvgc2026regma-2580932278",
  "format": "[Gen 9 Champions] VGC 2026 Reg M-A",
  "players": [
    "king45390",
    "SYOTOO"
  ],
  "log": "|j|\u2606king45390\n|j|\u2606SYOTOO\n|t:|1775944440\n|gametype|doubles\n|player|p1|king45390|170|1089\n|player|p2|SYOTOO|2|1000\n|gen|9\n|tier|[Gen 9 Champions] VGC 2026 Reg M-A\n|rated|\n|rule|Species Clause: Limit one of each Pok\u00e9mon\n|rule|Item Clause: Limit 1 of each item\n|clearpoke\n|poke|p1|Crabominable, L50, M|\n|poke|p1|Farigiraf, L50, M|\n|poke|p1|Chesnaught, L50, M|\n|poke|p1|Hatterene, L50, F|\n|poke|p1|Incineroar, L50, M|\n|poke|p1|Maushold-Four, L50|\n|poke|p2|Incineroar, L50, M|\n|poke|p2|Farigiraf, L50, F|\n|poke|p2|Whimsicott, L50, F|\n|poke|p2|Decidueye-Hisui, L50, F|\n|poke|p2|Gengar, L50, F|\n|poke|p2|Slowbro, L50, M|\n|teampreview|4\n|inactive|Battle timer is ON: inactive players will automatically lose when time's up. (requested by king45390)\n|inactive|SYOTOO has 60 seconds left.\n|\n|t:|1775944476\n|teamsize|p1|4\n|teamsize|p2|4\n|start\n|switch|p1a: Maushold|Maushold-Four, L50|100/100\n|switch|p1b: Farigiraf|Farigiraf, L50, M|100/100\n|switch|p2a: Farigiraf|Farigiraf, L50, F|100/100\n|switch|p2b: Incineroar|Incineroar, L50, M|100/100\n|-ability|p2b: Incineroar|Intimidate|boost\n|-unboost|p1a: Maushold|atk|1\n|-unboost|p1b: Farigiraf|atk|1\n|turn|1\n|\n|t:|1775944497\n|move|p1b: Farigiraf|Protect|p1b: Farigiraf\n|-singleturn|p1b: Farigiraf|Protect\n|move|p2b: Incineroar|Fake Out||[still]\n|cant|p1b: Farigiraf|ability: Armor Tail|Fake Out|[of] p2b: Incineroar\n|move|p1a: Maushold|Super Fang|p2b: Incineroar\n|-damage|p2b: Incineroar|50/100\n|-enditem|p2b: Incineroar|Sitrus Berry|[eat]\n|-heal|p2b: Incineroar|75/100|[from] item: Sitrus Berry\n|move|p2a: Farigiraf|Foul Play|p1b: Farigiraf\n|-activate|p1b: Farigiraf|move: Protect\n|\n|upkeep\n|turn|2\n|inactive|king45390 has 30 seconds left.\n|inactive|SYOTOO has 30 seconds left.\n|\n|t:|1775944531\n|move|p1a: Maushold|Super Fang|p2a: Farigiraf\n|-damage|p2a: Farigiraf|51/100\n|move|p2b: Incineroar|Parting Shot|p1a: Maushold\n|-unboost|p1a: Maushold|atk|1\n|-unboost|p1a: Maushold|spa|1\n|\n|t:|1775944540\n|switch|p2b: Decidueye|Decidueye-Hisui, L50, F|100/100|[from] Parting Shot\n|move|p2a: Farigiraf|Foul Play|p1b: Farigiraf\n|-supereffective|p1b: Farigiraf|1\n|-damage|p1b: Farigiraf|85/100\n|move|p1b: Farigiraf|Trick Room|p1b: Farigiraf\n|-fieldstart|move: Trick Room|[of] p1b: Farigiraf\n|\n|-heal|p2a: Farigiraf|57/100|[from] item: Leftovers\n|upkeep\n|turn|3\n|\n|t:|1775944563\n|switch|p1a: Hatterene|Hatterene, L50, F|100/100\n|move|p1b: Farigiraf|Foul Play|p2a: Farigiraf\n|-supereffective|p2a: Farigiraf|1\n|-damage|p2a: Farigiraf|7/100\n|move|p2a: Farigiraf|Dazzling Gleam|p1b: Farigiraf|[spread] p1a,p1b\n|-damage|p1a: Hatterene|81/100\n|-damage|p1b: Farigiraf|70/100\n|move|p2b: Decidueye|Triple Arrows|p1a: Hatterene\n|-resisted|p1a: Hatterene|2\n|-damage|p1a: Hatterene|69/100\n|\n|-heal|p2a: Farigiraf|13/100|[from] item: Leftovers\n|upkeep\n|turn|4\n|inactive|SYOTOO has 30 seconds left.\n|-activate|p1a: Hatterene|item: Quick Claw\n|\n|t:|1775944592\n|switch|p2a: Incineroar|Incineroar, L50, M|75/100\n|-ability|p2a: Incineroar|Intimidate|boost\n|-unboost|p1a: Hatterene|atk|1\n|-unboost|p1b: Farigiraf|atk|1\n|switch|p1b: Crabominable|Crabominable, L50, M|100/100\n|move|p1a: Hatterene|Dazzling Gleam|p2a: Incineroar|[spread] p2a,p2b\n|-supereffective|p2b: Decidueye|1\n|-damage|p2a: Incineroar|47/100\n|-damage|p2b: Decidueye|16/100\n|move|p2b: Decidueye|Leaf Blade|p1a: Hatterene\n|-crit|p1a: Hatterene\n|-damage|p1a: Hatterene|0 fnt\n|faint|p1a: Hatterene\n|\n|upkeep\n|\n|t:|1775944603\n|switch|p1a: Maushold|Maushold-Four, L50|100/100\n|turn|5\n|inactive|king45390 has 30 seconds left.\n|\n|t:|1775944631\n|switch|p1a: Farigiraf|Farigiraf, L50, M|70/100\n|detailschange|p1b: Crabominable|Crabominable-Mega, L50, M\n|-mega|p1b: Crabominable|Crabominable|Crabominite\n|move|p2a: Incineroar|Fake Out||[still]\n|cant|p1a: Farigiraf|ability: Armor Tail|Fake Out|[of] p2a: Incineroar\n|move|p1b: Crabominable|Drain Punch|p2a: Incineroar\n|-supereffective|p2a: Incineroar|1\n|-damage|p2a: Incineroar|0 fnt\n|faint|p2a: Incineroar\n|move|p2b: Decidueye|Triple Arrows|p1a: Farigiraf\n|-damage|p1a: Farigiraf|38/100\n|-enditem|p1a: Farigiraf|Sitrus Berry|[eat]\n|-heal|p1a: Farigiraf|63/100|[from] item: Sitrus Berry\n|\n|upkeep\n|\n|t:|1775944645\n|switch|p2a: Slowbro|Slowbro, L50, M|100/100\n|turn|6\n|\n|t:|1775944662\n|switch|p2b: Farigiraf|Farigiraf, L50, F|13/100\n|detailschange|p2a: Slowbro|Slowbro-Mega, L50, M\n|-mega|p2a: Slowbro|Slowbro|Slowbronite\n|move|p2a: Slowbro|Psychic Noise|p1b: Crabominable\n|-supereffective|p1b: Crabominable|1\n|-damage|p1b: Crabominable|37/100\n|-start|p1b: Crabominable|move: Heal Block\n|move|p1b: Crabominable|Ice Hammer|p2b: Farigiraf\n|-damage|p2b: Farigiraf|0 fnt\n|-unboost|p1b: Crabominable|spe|1\n|faint|p2b: Farigiraf\n|move|p1a: Farigiraf|Foul Play|p2a: Slowbro\n|-supereffective|p2a: Slowbro|1\n|-damage|p2a: Slowbro|83/100\n|\n|-fieldend|move: Trick Room\n|upkeep\n|\n|t:|1775944678\n|switch|p2b: Decidueye|Decidueye-Hisui, L50, F|16/100\n|turn|7\n|inactive|SYOTOO has 30 seconds left.\n|\n|t:|1775944707\n|move|p1b: Crabominable|Protect|p1b: Crabominable\n|-singleturn|p1b: Crabominable|Protect\n|move|p2b: Decidueye|Giga Drain|p1a: Farigiraf\n|-damage|p1a: Farigiraf|42/100\n|-heal|p2b: Decidueye|30/100|[from] drain|[of] p1a: Farigiraf\n|move|p2a: Slowbro|Psychic Noise|p1b: Crabominable\n|-activate|p1b: Crabominable|move: Protect\n|move|p1a: Farigiraf|Trick Room|p1a: Farigiraf\n|-fieldstart|move: Trick Room|[of] p1a: Farigiraf\n|\n|-end|p1b: Crabominable|move: Heal Block\n|upkeep\n|turn|8\n|inactive|king45390 has 30 seconds left.\n|\n|t:|1775944738\n|move|p2b: Decidueye|Protect|p2b: Decidueye\n|-singleturn|p2b: Decidueye|Protect\n|move|p1b: Crabominable|Ice Hammer|p2b: Decidueye\n|-activate|p2b: Decidueye|move: Protect\n|move|p2a: Slowbro|Psychic Noise|p1b: Crabominable\n|-supereffective|p1b: Crabominable|1\n|-damage|p1b: Crabominable|0 fnt\n|faint|p1b: Crabominable\n|move|p1a: Farigiraf|Foul Play|p2a: Slowbro\n|-supereffective|p2a: Slowbro|1\n|-damage|p2a: Slowbro|66/100\n|\n|upkeep\n|\n|t:|1775944742\n|switch|p1b: Maushold|Maushold-Four, L50|100/100\n|turn|9\n|\n|t:|1775944764\n|move|p2a: Slowbro|Scald|p1b: Maushold\n|-damage|p1b: Maushold|47/100\n|move|p1a: Farigiraf|Foul Play|p2a: Slowbro\n|-supereffective|p2a: Slowbro|1\n|-damage|p2a: Slowbro|48/100\n|move|p2b: Decidueye|Triple Arrows|p1b: Maushold\n|-supereffective|p1b: Maushold|1\n|-damage|p1b: Maushold|0 fnt\n|faint|p1b: Maushold\n|\n|upkeep\n|turn|10\n|-message|king45390 forfeited.\n|\n|win|SYOTOO\n|raw|king45390's rating: 1089 &rarr; <strong>1060</strong><br />(-29 for losing)\n|raw|SYOTOO's rating: 1000 &rarr; <strong>1050</strong><br />(+50 for winning)\n|l|\u2606king45390\n|player|p1|\n",
  "uploadtime": 1775944787,
  "views": 14,
  "formatid": "gen9championsvgc2026regma",
  "rating": 1050,
  "private": 0,
  "password": null
}