{
  "id": "gen9championsvgc2026regma-2587610609",
  "format": "[Gen 9 Champions] VGC 2026 Reg M-A",
  "players": [
    "Toshinori4",
    "YodaBeta"
  ],
  "log": "|j|\u2606Toshinori4\n|j|\u2606YodaBeta\n|t:|1776546770\n|gametype|doubles\n|player|p1|Toshinori4|caitlin|1453\n|player|p2|YodaBeta|101|1429\n|gen|9\n|tier|[Gen 9 Champions] VGC 2026 Reg M-A\n|rated|\n|rule|Species Clause: Limit one of each Pok\u00e9mon\n|rule|Item Clause: Limit 1 of each item\n|clearpoke\n|poke|p1|Manectric, L50, M|\n|poke|p1|Archaludon, L50, F|\n|poke|p1|Sinistcha, L50|\n|poke|p1|Politoed, L50, M|\n|poke|p1|Scizor, L50, F|\n|poke|p1|Incineroar, L50, F|\n|poke|p2|Armarouge, L50, F|\n|poke|p2|Farigiraf, L50, F|\n|poke|p2|Milotic, L50, F|\n|poke|p2|Hydreigon, L50, F|\n|poke|p2|Drampa, L50, F|\n|poke|p2|Scizor, L50, M|\n|teampreview|4\nToshinori4 rejected open team sheets.\n|inactive|Battle timer is ON: inactive players will automatically lose when time's up. (requested by Toshinori4)\n|\n|t:|1776546831\n|teamsize|p1|4\n|teamsize|p2|4\n|start\n|switch|p1a: Manectric|Manectric, L50, M|100/100\n|switch|p1b: Archaludon|Archaludon, L50, F|100/100\n|switch|p2a: Hydreigon|Hydreigon, L50, F|100/100\n|switch|p2b: Armarouge|Armarouge, L50, F|100/100\n|turn|1\n|\n|t:|1776546843\n|detailschange|p1a: Manectric|Manectric-Mega, L50, M\n|-mega|p1a: Manectric|Manectric|Manectite\n|-ability|p1a: Manectric|Intimidate|boost\n|-unboost|p2a: Hydreigon|atk|1\n|-unboost|p2b: Armarouge|atk|1\n|move|p1b: Archaludon|Protect|p1b: Archaludon\n|-singleturn|p1b: Archaludon|Protect\n|move|p1a: Manectric|Snarl|p2b: Armarouge|[spread] p2a,p2b\n|-resisted|p2a: Hydreigon|1\n|-supereffective|p2b: Armarouge|1\n|-damage|p2a: Hydreigon|93/100\n|-damage|p2b: Armarouge|70/100\n|-unboost|p2a: Hydreigon|spa|1\n|-unboost|p2b: Armarouge|spa|1\n|move|p2a: Hydreigon|Earth Power|p1b: Archaludon\n|-activate|p1b: Archaludon|move: Protect\n|move|p2b: Armarouge|Trick Room|p2b: Armarouge\n|-fieldstart|move: Trick Room|[of] p2b: Armarouge\n|\n|upkeep\n|turn|2\n|\n|t:|1776546866\n|switch|p2a: Milotic|Milotic, L50, F|100/100\n|move|p2b: Armarouge|Heat Wave|p1b: Archaludon|[spread] p1a,p1b\n|-damage|p1a: Manectric|68/100\n|-damage|p1b: Archaludon|77/100\n|-status|p1a: Manectric|brn\n|-ability|p1b: Archaludon|Stamina|boost\n|-boost|p1b: Archaludon|def|1\n|move|p1b: Archaludon|Dragon Pulse|p2a: Milotic\n|-damage|p2a: Milotic|78/100\n|move|p1a: Manectric|Light Screen|p1a: Manectric\n|-sidestart|p1: Toshinori4|move: Light Screen\n|\n|-heal|p2a: Milotic|84/100|[from] item: Leftovers\n|-heal|p1b: Archaludon|83/100|[from] item: Leftovers\n|-damage|p1a: Manectric|62/100 brn|[from] brn\n|upkeep\n|turn|3\n|inactive|YodaBeta has 30 seconds left.\n|inactive|YodaBeta has 20 seconds left.\n|\n|t:|1776546905\n|switch|p2a: Drampa|Drampa, L50, F|100/100\n|move|p2b: Armarouge|Heat Wave|p1a: Manectric|[spread] p1b\n|-miss|p2b: Armarouge|p1a: Manectric\n|-damage|p1b: Archaludon|68/100\n|-ability|p1b: Archaludon|Stamina|boost\n|-boost|p1b: Archaludon|def|1\n|move|p1b: Archaludon|Dragon Pulse|p2b: Armarouge\n|-damage|p2b: Armarouge|28/100\n|move|p1a: Manectric|Volt Switch|p2a: Drampa\n|-resisted|p2a: Drampa|1\n|-damage|p2a: Drampa|85/100\n|\n|t:|1776546916\n|switch|p1a: Sinistcha|Sinistcha, L50|100/100|[from] Volt Switch\n|-heal|p1b: Archaludon|93/100|[from] ability: Hospitality|[of] p1a: Sinistcha\n|\n|-heal|p1b: Archaludon|99/100|[from] item: Leftovers\n|upkeep\n|turn|4\n|\n|t:|1776546934\n|switch|p1a: Incineroar|Incineroar, L50, F|100/100\n|-ability|p1a: Incineroar|Intimidate|boost\n|-unboost|p2a: Drampa|atk|1\n|-unboost|p2b: Armarouge|atk|1\n|detailschange|p2a: Drampa|Drampa-Mega, L50, F\n|-mega|p2a: Drampa|Drampa|Drampanite\n|move|p1b: Archaludon|Protect|p1b: Archaludon\n|-singleturn|p1b: Archaludon|Protect\n|move|p2a: Drampa|Calm Mind|p2a: Drampa\n|-boost|p2a: Drampa|spa|1\n|-boost|p2a: Drampa|spd|1\n|move|p2b: Armarouge|Heat Wave|p1a: Incineroar|[spread] p1a\n|-activate|p1b: Archaludon|move: Protect\n|-resisted|p1a: Incineroar|1\n|-damage|p1a: Incineroar|95/100\n|\n|-heal|p1b: Archaludon|100/100|[from] item: Leftovers\n|upkeep\n|turn|5\n|\n|t:|1776546958\n|switch|p2b: Hydreigon|Hydreigon, L50, F|93/100\n|move|p2a: Drampa|Protect|p2a: Drampa\n|-singleturn|p2a: Drampa|Protect\n|move|p1a: Incineroar|Fake Out|p2a: Drampa\n|-activate|p2a: Drampa|move: Protect\n|move|p1b: Archaludon|Dragon Pulse|p2b: Hydreigon\n|-supereffective|p2b: Hydreigon|1\n|-damage|p2b: Hydreigon|14/100\n|\n|-fieldend|move: Trick Room\n|upkeep\n|turn|6\n|\n|t:|1776546983\n|move|p1b: Archaludon|Protect|p1b: Archaludon\n|-singleturn|p1b: Archaludon|Protect\n|move|p2b: Hydreigon|Draco Meteor|p1b: Archaludon\n|-activate|p1b: Archaludon|move: Protect\n|move|p1a: Incineroar|Parting Shot|p2b: Hydreigon\n|-unboost|p2b: Hydreigon|atk|1\n|-unboost|p2b: Hydreigon|spa|1\n|\n|t:|1776546993\n|switch|p1a: Manectric|Manectric-Mega, L50, M|62/100 brn|[from] Parting Shot\n|-ability|p1a: Manectric|Intimidate|boost\n|-unboost|p2a: Drampa|atk|1\n|-unboost|p2b: Hydreigon|atk|1\n|move|p2a: Drampa|Calm Mind|p2a: Drampa\n|-boost|p2a: Drampa|spa|1\n|-boost|p2a: Drampa|spd|1\n|\n|-damage|p1a: Manectric|56/100 brn|[from] brn\n|-sideend|p1: Toshinori4|move: Light Screen\n|upkeep\n|turn|7\n|\n|t:|1776547014\n|move|p1a: Manectric|Snarl|p2a: Drampa|[spread] p2a,p2b\n|-resisted|p2b: Hydreigon|1\n|-damage|p2a: Drampa|80/100\n|-damage|p2b: Hydreigon|8/100\n|-unboost|p2a: Drampa|spa|1\n|-unboost|p2b: Hydreigon|spa|1\n|move|p2b: Hydreigon|Draco Meteor|p1b: Archaludon\n|-damage|p1b: Archaludon|69/100\n|-unboost|p2b: Hydreigon|spa|2\n|-ability|p1b: Archaludon|Stamina|boost\n|-boost|p1b: Archaludon|def|1\n|move|p1b: Archaludon|Dragon Pulse|p2a: Drampa\n|-supereffective|p2a: Drampa|1\n|-damage|p2a: Drampa|48/100\n|-ability|p2a: Drampa|Berserk|boost\n|-boost|p2a: Drampa|spa|1\n|move|p2a: Drampa|Hyper Voice|p1a: Manectric|[spread] p1a,p1b\n|-resisted|p1b: Archaludon|1\n|-damage|p1a: Manectric|0 fnt\n|-damage|p1b: Archaludon|28/100\n|-ability|p1b: Archaludon|Stamina|boost\n|-boost|p1b: Archaludon|def|1\n|faint|p1a: Manectric\n|\n|-heal|p1b: Archaludon|34/100|[from] item: Leftovers\n|upkeep\n|\n|t:|1776547020\n|switch|p1a: Incineroar|Incineroar, L50, F|95/100\n|-ability|p1a: Incineroar|Intimidate|boost\n|-unboost|p2a: Drampa|atk|1\n|-unboost|p2b: Hydreigon|atk|1\n|turn|8\n|\n|t:|1776547043\n|switch|p2b: Armarouge|Armarouge, L50, F|28/100\n|move|p2a: Drampa|Protect|p2a: Drampa\n|-singleturn|p2a: Drampa|Protect\n|move|p1a: Incineroar|Fake Out|p2a: Drampa\n|-activate|p2a: Drampa|move: Protect\n|move|p1b: Archaludon|Dragon Pulse|p2a: Drampa\n|-activate|p2a: Drampa|move: Protect\n|\n|-heal|p1b: Archaludon|41/100|[from] item: Leftovers\n|upkeep\n|turn|9\n|inactive|YodaBeta has 30 seconds left.\n|inactive|Toshinori4 has 30 seconds left.\n|\n|t:|1776547075\n|switch|p1a: Sinistcha|Sinistcha, L50|100/100\n|-heal|p1b: Archaludon|66/100|[from] ability: Hospitality|[of] p1a: Sinistcha\n|move|p1b: Archaludon|Dragon Pulse|p2b: Armarouge\n|-damage|p2b: Armarouge|0 fnt\n|faint|p2b: Armarouge\n|move|p2a: Drampa|Hyper Voice|p1a: Sinistcha|[spread] p1b\n|-immune|p1a: Sinistcha\n|-resisted|p1b: Archaludon|1\n|-damage|p1b: Archaludon|25/100\n|-ability|p1b: Archaludon|Stamina|boost\n|-boost|p1b: Archaludon|def|1\n|\n|-heal|p1b: Archaludon|31/100|[from] item: Leftovers\n|upkeep\n|\n|t:|1776547095\n|switch|p2b: Hydreigon|Hydreigon, L50, F|8/100\n|turn|10\n|\n|t:|1776547105\n|move|p1a: Sinistcha|Rage Powder|p1a: Sinistcha\n|-singleturn|p1a: Sinistcha|move: Rage Powder\n|move|p2b: Hydreigon|Dark Pulse|p1a: Sinistcha\n|-supereffective|p1a: Sinistcha|1\n|-damage|p1a: Sinistcha|5/100\n|move|p1b: Archaludon|Dragon Pulse|p2a: Drampa\n|-supereffective|p2a: Drampa|1\n|-damage|p2a: Drampa|17/100\n|move|p2a: Drampa|Hyper Voice|p1a: Sinistcha|[spread] p1b\n|-immune|p1a: Sinistcha\n|-resisted|p1b: Archaludon|1\n|-damage|p1b: Archaludon|0 fnt\n|faint|p1b: Archaludon\n|\n|upkeep\n|\n|t:|1776547115\n|switch|p1b: Incineroar|Incineroar, L50, F|95/100\n|-ability|p1b: Incineroar|Intimidate|boost\n|-unboost|p2a: Drampa|atk|1\n|-unboost|p2b: Hydreigon|atk|1\n|turn|11\n|\n|t:|1776547129\n|move|p1b: Incineroar|Fake Out|p2a: Drampa\n|-damage|p2a: Drampa|8/100\n|move|p2b: Hydreigon|Dark Pulse|p1a: Sinistcha\n|-supereffective|p1a: Sinistcha|1\n|-damage|p1a: Sinistcha|0 fnt\n|faint|p1a: Sinistcha\n|cant|p2a: Drampa|flinch\n|\n|upkeep\n|turn|12\n|\n|t:|1776547142\n|switch|p2b: Milotic|Milotic, L50, F|84/100\n|move|p1b: Incineroar|Flare Blitz|p2a: Drampa\n|-resisted|p2a: Drampa|1\n|-damage|p2a: Drampa|0 fnt\n|faint|p2a: Drampa\n|-damage|p1b: Incineroar|93/100|[from] Recoil\n|\n|-heal|p2b: Milotic|90/100|[from] item: Leftovers\n|upkeep\n|\n|t:|1776547153\n|switch|p2a: Hydreigon|Hydreigon, L50, F|8/100\n|turn|13\n|\n|t:|1776547163\n|move|p2a: Hydreigon|Earth Power|p1b: Incineroar\n|-supereffective|p1b: Incineroar|1\n|-damage|p1b: Incineroar|43/100\n|move|p2b: Milotic|Scald|p1b: Incineroar\n|-supereffective|p1b: Incineroar|1\n|-damage|p1b: Incineroar|3/100\n|move|p1b: Incineroar|Flare Blitz|p2a: Hydreigon\n|-resisted|p2a: Hydreigon|1\n|-damage|p2a: Hydreigon|0 fnt\n|faint|p2a: Hydreigon\n|-damage|p1b: Incineroar|0 fnt|[from] Recoil\n|faint|p1b: Incineroar\n|\n|win|YodaBeta\n|raw|Toshinori4's rating: 1453 &rarr; <strong>1432</strong><br />(-21 for losing)\n|raw|YodaBeta's rating: 1429 &rarr; <strong>1450</strong><br />(+21 for winning)\n|l|\u2606YodaBeta\n|player|p2|\n",
  "uploadtime": 1776547173,
  "views": 16,
  "formatid": "gen9championsvgc2026regma",
  "rating": 1432,
  "private": 0,
  "password": null
}