{
  "id": "gen9championsvgc2026regma-2584959200",
  "format": "[Gen 9 Champions] VGC 2026 Reg M-A",
  "players": [
    "amongdripgoku",
    "UA Todoroki"
  ],
  "log": "|j|\u2606amongdripgoku\n|j|\u2606UA Todoroki\n|t:|1776298245\n|gametype|doubles\n|player|p1|amongdripgoku|170|1060\n|player|p2|UA Todoroki|266|1054\n|gen|9\n|tier|[Gen 9 Champions] VGC 2026 Reg M-A\n|rated|\n|rule|Species Clause: Limit one of each Pok\u00e9mon\n|rule|Item Clause: Limit 1 of each item\n|clearpoke\n|poke|p1|Pelipper, L50, F|\n|poke|p1|Gengar, L50, M|\n|poke|p1|Greninja-*, L50, M|\n|poke|p1|Basculegion, L50, M|\n|poke|p1|Archaludon, L50, M|\n|poke|p1|Whimsicott, L50, F|\n|poke|p2|Charizard, L50, M|\n|poke|p2|Sneasler, L50, F|\n|poke|p2|Garchomp, L50, M|\n|poke|p2|Venusaur, L50, F|\n|poke|p2|Farigiraf, L50, M|\n|poke|p2|Kingambit, L50, F|\n|teampreview|4\n|inactive|Battle timer is ON: inactive players will automatically lose when time's up. (requested by UA Todoroki)\n|\n|t:|1776298281\n|teamsize|p1|4\n|teamsize|p2|4\n|start\n|switch|p1a: Basculegion|Basculegion, L50, M|100/100\n|switch|p1b: Archaludon|Archaludon, L50, M|100/100\n|switch|p2a: Farigiraf|Farigiraf, L50, M|100/100\n|switch|p2b: Kingambit|Kingambit, L50, F|100/100\n|turn|1\n|\n|t:|1776298295\n|move|p1a: Basculegion|Flip Turn|p2a: Farigiraf\n|-damage|p2a: Farigiraf|68/100\n|\n|t:|1776298298\n|switch|p1a: Pelipper|Pelipper, L50, F|100/100|[from] Flip Turn\n|-weather|RainDance|[from] ability: Drizzle|[of] p1a: Pelipper\n|move|p1b: Archaludon|Electro Shot||[still]\n|-prepare|p1b: Archaludon|Electro Shot\n|-boost|p1b: Archaludon|spa|1\n|-anim|p1b: Archaludon|Electro Shot|p2b: Kingambit\n|-damage|p2b: Kingambit|33/100\n|move|p2b: Kingambit|Swords Dance|p2b: Kingambit\n|-boost|p2b: Kingambit|atk|2\n|move|p2a: Farigiraf|Trick Room|p2a: Farigiraf\n|-fieldstart|move: Trick Room|[of] p2a: Farigiraf\n|\n|-weather|RainDance|[upkeep]\n|upkeep\n|turn|2\n|inactive|UA Todoroki has 30 seconds left.\n|\n|t:|1776298327\n|move|p1b: Archaludon|Protect|p1b: Archaludon\n|-singleturn|p1b: Archaludon|Protect\n|move|p2b: Kingambit|Kowtow Cleave|p1b: Archaludon\n|-activate|p1b: Archaludon|move: Protect\n|move|p2a: Farigiraf|Psychic|p1a: Pelipper\n|-damage|p1a: Pelipper|60/100\n|move|p1a: Pelipper|Weather Ball|p2b: Kingambit\n|-damage|p2b: Kingambit|0 fnt\n|faint|p2b: Kingambit\n|\n|-weather|RainDance|[upkeep]\n|-heal|p1a: Pelipper|66/100|[from] item: Leftovers\n|upkeep\n|\n|t:|1776298339\n|switch|p2b: Charizard|Charizard, L50, M|100/100\n|turn|3\n|inactive|amongdripgoku has 30 seconds left.\n|inactive|UA Todoroki has 30 seconds left.\n|inactive|amongdripgoku has 20 seconds left.\n|inactive|amongdripgoku has 15 seconds left.\n|\n|t:|1776298382\n|switch|p1a: Greninja|Greninja, L50, M|100/100\n|detailschange|p2b: Charizard|Charizard-Mega-Y, L50, M\n|-mega|p2b: Charizard|Charizard|Charizardite Y\n|-weather|SunnyDay|[from] ability: Drought|[of] p2b: Charizard\n|move|p2b: Charizard|Protect|p2b: Charizard\n|-singleturn|p2b: Charizard|Protect\n|move|p2a: Farigiraf|Psychic|p1b: Archaludon\n|-resisted|p1b: Archaludon|1\n|-damage|p1b: Archaludon|79/100\n|move|p1b: Archaludon|Flash Cannon|p2b: Charizard\n|-activate|p2b: Charizard|move: Protect\n|\n|-weather|SunnyDay|[upkeep]\n|upkeep\n|turn|4\n|\n|t:|1776298397\n|switch|p2b: Venusaur|Venusaur, L50, F|100/100\n|switch|p1a: Pelipper|Pelipper, L50, F|66/100\n|-weather|RainDance|[from] ability: Drizzle|[of] p1a: Pelipper\n|move|p1b: Archaludon|Electro Shot||[still]\n|-prepare|p1b: Archaludon|Electro Shot\n|-boost|p1b: Archaludon|spa|1\n|-anim|p1b: Archaludon|Electro Shot|p2b: Venusaur\n|-resisted|p2b: Venusaur|1\n|-damage|p2b: Venusaur|41/100\n|move|p2a: Farigiraf|Trick Room|p2a: Farigiraf\n|-fieldend|move: Trick Room\n|\n|-weather|RainDance|[upkeep]\n|-heal|p1a: Pelipper|72/100|[from] item: Leftovers\n|upkeep\n|turn|5\n|\n|t:|1776298417\n|switch|p2a: Charizard|Charizard-Mega-Y, L50, M|100/100\n|-weather|SunnyDay|[from] ability: Drought|[of] p2a: Charizard\n|move|p1a: Pelipper|Protect|p1a: Pelipper\n|-singleturn|p1a: Pelipper|Protect\n|move|p2b: Venusaur|Leaf Storm|p1a: Pelipper\n|-activate|p1a: Pelipper|move: Protect\n|move|p1b: Archaludon|Draco Meteor|p2a: Charizard\n|-damage|p2a: Charizard|0 fnt\n|-unboost|p1b: Archaludon|spa|2\n|faint|p2a: Charizard\n|\n|-weather|SunnyDay|[upkeep]\n|-heal|p1a: Pelipper|78/100|[from] item: Leftovers\n|upkeep\n|\n|t:|1776298423\n|switch|p2a: Farigiraf|Farigiraf, L50, M|68/100\n|turn|6\n|\n|t:|1776298444\n|switch|p1a: Basculegion|Basculegion, L50, M|100/100\n|move|p2b: Venusaur|Earth Power|p1b: Archaludon\n|-supereffective|p1b: Archaludon|1\n|-damage|p1b: Archaludon|13/100\n|-enditem|p1b: Archaludon|Sitrus Berry|[eat]\n|-heal|p1b: Archaludon|38/100|[from] item: Sitrus Berry\n|move|p1b: Archaludon|Draco Meteor|p2b: Venusaur\n|-damage|p2b: Venusaur|0 fnt\n|-unboost|p1b: Archaludon|spa|2\n|faint|p2b: Venusaur\n|move|p2a: Farigiraf|Hyper Voice|p1a: Basculegion|[spread] p1b\n|-immune|p1a: Basculegion\n|-resisted|p1b: Archaludon|1\n|-damage|p1b: Archaludon|20/100\n|\n|-weather|SunnyDay|[upkeep]\n|upkeep\n|turn|7\n|\n|t:|1776298462\n|switch|p1b: Pelipper|Pelipper, L50, F|78/100\n|-weather|RainDance|[from] ability: Drizzle|[of] p1b: Pelipper\n|move|p1a: Basculegion|Wave Crash|p2a: Farigiraf\n|-damage|p2a: Farigiraf|0 fnt\n|faint|p2a: Farigiraf\n|-damage|p1a: Basculegion|76/100|[from] Recoil\n|\n|win|amongdripgoku\n|raw|amongdripgoku's rating: 1060 &rarr; <strong>1090</strong><br />(+30 for winning)\n|raw|UA Todoroki's rating: 1054 &rarr; <strong>1036</strong><br />(-18 for losing)\n",
  "uploadtime": 1776298462,
  "views": 19,
  "formatid": "gen9championsvgc2026regma",
  "rating": 1036,
  "private": 0,
  "password": null
}