{
  "id": "gen9championsvgc2026regma-2585063841",
  "format": "[Gen 9 Champions] VGC 2026 Reg M-A",
  "players": [
    "flyyingbird",
    "tacomnivore"
  ],
  "log": "|j|\u2606flyyingbird\n|j|\u2606tacomnivore\n|t:|1776308066\n|gametype|doubles\n|player|p1|flyyingbird|1|1129\n|player|p2|tacomnivore|crasherwake|1035\n|gen|9\n|tier|[Gen 9 Champions] VGC 2026 Reg M-A\n|rated|\n|rule|Species Clause: Limit one of each Pok\u00e9mon\n|rule|Item Clause: Limit 1 of each item\n|clearpoke\n|poke|p1|Chandelure, L50, F|\n|poke|p1|Whimsicott, L50, M|\n|poke|p1|Medicham, L50, F|\n|poke|p1|Basculegion, L50, M|\n|poke|p1|Incineroar, L50, M|\n|poke|p1|Garchomp, L50, F|\n|poke|p2|Aerodactyl, L50, M|\n|poke|p2|Sableye, L50, F|\n|poke|p2|Gardevoir, L50, F|\n|poke|p2|Kingambit, L50, F|\n|poke|p2|Drampa, L50, F|\n|poke|p2|Sinistcha-Masterpiece, L50|\n|teampreview|4\n|\n|t:|1776308103\n|teamsize|p1|4\n|teamsize|p2|4\n|start\n|switch|p1a: Whimsicott|Whimsicott, L50, M|100/100\n|switch|p1b: Chandelure|Chandelure, L50, F|100/100\n|switch|p2a: Kingambit|Kingambit, L50, F|100/100\n|switch|p2b: Sinistcha|Sinistcha-Masterpiece, L50|100/100\n|turn|1\n|inactive|Battle timer is ON: inactive players will automatically lose when time's up. (requested by tacomnivore)\n|\n|t:|1776308129\n|switch|p2b: Sableye|Sableye, L50, F|100/100\n|detailschange|p1b: Chandelure|Chandelure-Mega, L50, F\n|-mega|p1b: Chandelure|Chandelure|Chandelurite\n|move|p1a: Whimsicott|Tailwind|p1a: Whimsicott\n|-sidestart|p1: flyyingbird|move: Tailwind\n|move|p2a: Kingambit|Sucker Punch|p1b: Chandelure\n|-supereffective|p1b: Chandelure|1\n|-damage|p1b: Chandelure|0 fnt\n|faint|p1b: Chandelure\n|\n|upkeep\n|\n|t:|1776308141\n|switch|p1b: Incineroar|Incineroar, L50, M|100/100\n|-ability|p1b: Incineroar|Intimidate|boost\n|-unboost|p2a: Kingambit|atk|1\n|-ability|p2a: Kingambit|Defiant|boost\n|-boost|p2a: Kingambit|atk|2\n|-unboost|p2b: Sableye|atk|1\n|turn|2\n|\n|t:|1776308166\n|move|p2a: Kingambit|Protect|p2a: Kingambit\n|-singleturn|p2a: Kingambit|Protect\n|move|p1b: Incineroar|Fake Out|p2a: Kingambit\n|-activate|p2a: Kingambit|move: Protect\n|move|p1a: Whimsicott|Encore|p2a: Kingambit\n|-activate|p2a: Kingambit|move: Protect\n|move|p2b: Sableye|Encore||[still]\n|-fail|p2b: Sableye\n|\n|upkeep\n|turn|3\n|inactive|tacomnivore has 30 seconds left.\n|\n|t:|1776308195\n|switch|p2a: Sinistcha|Sinistcha-Masterpiece, L50|100/100\n|move|p1a: Whimsicott|Encore||[still]\n|-fail|p1a: Whimsicott\n|move|p2b: Sableye|Encore|p1b: Incineroar\n|-hint|Since gen 7, Dark is immune to Prankster moves.\n|-immune|p1b: Incineroar\n|move|p1b: Incineroar|Flare Blitz|p2a: Sinistcha\n|-supereffective|p2a: Sinistcha|1\n|-damage|p2a: Sinistcha|3/100\n|-damage|p1b: Incineroar|70/100|[from] Recoil\n|\n|-heal|p1b: Incineroar|76/100|[from] item: Leftovers\n|-heal|p2a: Sinistcha|9/100|[from] item: Leftovers\n|upkeep\n|turn|4\n|inactive|tacomnivore has 30 seconds left.\n|\n|t:|1776308221\n|move|p1a: Whimsicott|Protect|p1a: Whimsicott\n|-singleturn|p1a: Whimsicott|Protect\n|move|p2b: Sableye|Disable|p1b: Incineroar\n|-hint|Since gen 7, Dark is immune to Prankster moves.\n|-immune|p1b: Incineroar\n|move|p1b: Incineroar|Darkest Lariat|p2a: Sinistcha\n|-supereffective|p2a: Sinistcha|1\n|-crit|p2a: Sinistcha\n|-damage|p2a: Sinistcha|0 fnt\n|faint|p2a: Sinistcha\n|\n|-heal|p1b: Incineroar|82/100|[from] item: Leftovers\n|-sideend|p1: flyyingbird|move: Tailwind\n|upkeep\n|\n|t:|1776308236\n|switch|p2a: Drampa|Drampa, L50, F|100/100\n|turn|5\n|inactive|tacomnivore has 30 seconds left.\n|inactive|tacomnivore has 20 seconds left.\n|\n|t:|1776308274\n|detailschange|p2a: Drampa|Drampa-Mega, L50, F\n|-mega|p2a: Drampa|Drampa|Drampanite\n|move|p1a: Whimsicott|Tailwind|p1a: Whimsicott\n|-sidestart|p1: flyyingbird|move: Tailwind\n|move|p2b: Sableye|Encore|p1a: Whimsicott\n|-start|p1a: Whimsicott|Encore\n|-enditem|p1a: Whimsicott|Mental Herb\n|-end|p1a: Whimsicott|Encore\n|move|p1b: Incineroar|Parting Shot|p2a: Drampa\n|-unboost|p2a: Drampa|atk|1\n|-unboost|p2a: Drampa|spa|1\n|\n|t:|1776308288\n|switch|p1b: Garchomp|Garchomp, L50, F|100/100|[from] Parting Shot\n|move|p2a: Drampa|Calm Mind|p2a: Drampa\n|-boost|p2a: Drampa|spa|1\n|-boost|p2a: Drampa|spd|1\n|\n|upkeep\n|turn|6\n|inactive|tacomnivore has 30 seconds left.\n|inactive|tacomnivore has 20 seconds left.\n|inactive|tacomnivore has 15 seconds left.\n|inactive|tacomnivore has 10 seconds left.\n|\n|t:|1776308334\n|move|p2a: Drampa|Protect|p2a: Drampa\n|-singleturn|p2a: Drampa|Protect\n|move|p1a: Whimsicott|Encore|p2a: Drampa\n|-activate|p2a: Drampa|move: Protect\n|move|p2b: Sableye|Disable|p1a: Whimsicott\n|-start|p1a: Whimsicott|Disable|Encore\n|move|p1b: Garchomp|Dragon Claw|p2a: Drampa\n|-activate|p2a: Drampa|move: Protect\n|\n|upkeep\n|turn|7\n|inactive|flyyingbird has 30 seconds left.\n|inactive|tacomnivore has 30 seconds left.\n|inactive|tacomnivore has 20 seconds left.\n|\n|t:|1776308371\n|switch|p1a: Incineroar|Incineroar, L50, M|82/100\n|-ability|p1a: Incineroar|Intimidate|boost\n|-unboost|p2a: Drampa|atk|1\n|-unboost|p2b: Sableye|atk|1\n|move|p2b: Sableye|Disable|p1b: Garchomp\n|-start|p1b: Garchomp|Disable|Dragon Claw\n|cant|p1b: Garchomp|Disable|Dragon Claw\n|move|p2a: Drampa|Dragon Pulse|p1b: Garchomp\n|-supereffective|p1b: Garchomp|1\n|-damage|p1b: Garchomp|0 fnt\n|faint|p1b: Garchomp\n|\n|-heal|p1a: Incineroar|88/100|[from] item: Leftovers\n|upkeep\n|\n|t:|1776308383\n|switch|p1b: Whimsicott|Whimsicott, L50, M|100/100\n|turn|8\n|-message|flyyingbird forfeited.\n|\n|win|tacomnivore\n|raw|flyyingbird's rating: 1129 &rarr; <strong>1097</strong><br />(-32 for losing)\n|raw|tacomnivore's rating: 1035 &rarr; <strong>1079</strong><br />(+44 for winning)\n|l|\u2606flyyingbird\n|player|p1|\n",
  "uploadtime": 1776308406,
  "views": 23,
  "formatid": "gen9championsvgc2026regma",
  "rating": 1079,
  "private": 0,
  "password": null
}