{
  "id": "gen9championsvgc2026regma-2584616738",
  "format": "[Gen 9 Champions] VGC 2026 Reg M-A",
  "players": [
    "penledzuu",
    "lizzieberryboo"
  ],
  "log": "|j|\u2606penledzuu\n|j|\u2606lizzieberryboo\n|t:|1776272357\n|gametype|doubles\n|player|p1|penledzuu|ninjaboy|1101\n|player|p2|lizzieberryboo|265|1090\n|gen|9\n|tier|[Gen 9 Champions] VGC 2026 Reg M-A\n|rated|\n|rule|Species Clause: Limit one of each Pok\u00e9mon\n|rule|Item Clause: Limit 1 of each item\n|clearpoke\n|poke|p1|Gengar, L50, M|\n|poke|p1|Gardevoir, L50, M|\n|poke|p1|Arcanine-Hisui, L50, M|\n|poke|p1|Charizard, L50, M|\n|poke|p1|Machamp, L50, M|\n|poke|p1|Sneasler, L50, M|\n|poke|p2|Delphox, L50, M|\n|poke|p2|Basculegion, L50, M|\n|poke|p2|Clefable, L50, F|\n|poke|p2|Kingambit, L50, F|\n|poke|p2|Dragonite, L50, M|\n|poke|p2|Sneasler, L50, M|\n|teampreview|4\n|inactive|Battle timer is ON: inactive players will automatically lose when time's up. (requested by penledzuu)\n|j| cinderchomp\nlizzieberryboo has agreed to open team sheets.\n|inactive|lizzieberryboo has 60 seconds left.\n|\n|t:|1776272397\n|teamsize|p1|4\n|teamsize|p2|4\n|start\n|switch|p1a: Gengar|Gengar, L50, M, shiny|100/100\n|switch|p1b: Gardevoir|Gardevoir, L50, M|100/100\n|switch|p2a: Basculegion|Basculegion, L50, M|100/100\n|switch|p2b: Delphox|Delphox, L50, M|100/100\n|-ability|p1b: Gardevoir|Blaze|Trace|[from] ability: Trace|[of] p2b: Delphox\n|turn|1\n|inactive|penledzuu has 30 seconds left.\n|inactive|penledzuu has 20 seconds left.\n|inactive|penledzuu has 15 seconds left.\n|inactive|penledzuu has 10 seconds left.\n|\n|t:|1776272446\n|move|p2b: Delphox|Protect|p2b: Delphox\n|-singleturn|p2b: Delphox|Protect\n|move|p2a: Basculegion|Flip Turn|p1a: Gengar\n|-damage|p1a: Gengar|13/100\n|\n|t:|1776272455\n|switch|p2a: Kingambit|Kingambit, L50, F|100/100|[from] Flip Turn\n|move|p1a: Gengar|Shadow Ball|p2a: Kingambit\n|-resisted|p2a: Kingambit|1\n|-damage|p2a: Kingambit|79/100\n|-unboost|p2a: Kingambit|spd|1\n|-ability|p2a: Kingambit|Defiant|boost\n|-boost|p2a: Kingambit|atk|2\n|move|p1b: Gardevoir|Psychic|p2a: Kingambit\n|-immune|p2a: Kingambit\n|\n|upkeep\n|turn|2\n|inactive|lizzieberryboo has 30 seconds left.\n|\n|t:|1776272485\n|switch|p2b: Clefable|Clefable, L50, F|100/100\n|move|p1a: Gengar|Destiny Bond|p1a: Gengar\n|-singlemove|p1a: Gengar|Destiny Bond\n|move|p1b: Gardevoir|Aura Sphere|p2a: Kingambit\n|-supereffective|p2a: Kingambit|2\n|-damage|p2a: Kingambit|0 fnt\n|faint|p2a: Kingambit\n|\n|upkeep\n|\n|t:|1776272496\n|switch|p2a: Basculegion|Basculegion, L50, M|100/100\n|turn|3\n|\n|t:|1776272511\n|move|p2b: Clefable|Protect|p2b: Clefable\n|-singleturn|p2b: Clefable|Protect\n|move|p2a: Basculegion|Flip Turn|p1b: Gardevoir\n|-damage|p1b: Gardevoir|32/100\n|-enditem|p1b: Gardevoir|Sitrus Berry|[eat]\n|-heal|p1b: Gardevoir|56/100|[from] item: Sitrus Berry\n|\n|t:|1776272518\n|switch|p2a: Delphox|Delphox, L50, M|100/100|[from] Flip Turn\n|move|p1a: Gengar|Sludge Bomb|p2b: Clefable\n|-activate|p2b: Clefable|move: Protect\n|move|p1b: Gardevoir|Moonblast|p2b: Clefable\n|-activate|p2b: Clefable|move: Protect\n|\n|upkeep\n|turn|4\n|\n|t:|1776272532\n|detailschange|p2a: Delphox|Delphox-Mega, L50, M\n|-mega|p2a: Delphox|Delphox|Delphoxite\n|move|p2b: Clefable|Follow Me|p2b: Clefable\n|-singleturn|p2b: Clefable|move: Follow Me\n|move|p2a: Delphox|Heat Wave|p1b: Gardevoir|[spread] p1b\n|-miss|p2a: Delphox|p1a: Gengar\n|-damage|p1b: Gardevoir|12/100\n|move|p1a: Gengar|Destiny Bond|p1a: Gengar\n|-singlemove|p1a: Gengar|Destiny Bond\n|move|p1b: Gardevoir|Mystical Fire|p2b: Clefable\n|-damage|p2b: Clefable|60/100\n|-unboost|p2b: Clefable|spa|1\n|\n|upkeep\n|turn|5\n|\n|t:|1776272552\n|move|p2b: Clefable|Follow Me|p2b: Clefable\n|-singleturn|p2b: Clefable|move: Follow Me\n|move|p2a: Delphox|Psychic|p1b: Gardevoir\n|-resisted|p1b: Gardevoir|1\n|-damage|p1b: Gardevoir|0 fnt\n|faint|p1b: Gardevoir\n|move|p1a: Gengar|Icy Wind|p2b: Clefable|[spread] p2a\n|-miss|p1a: Gengar|p2b: Clefable\n|-resisted|p2a: Delphox|1\n|-damage|p2a: Delphox|93/100\n|-unboost|p2a: Delphox|spe|1\n|\n|upkeep\n|\n|t:|1776272565\n|switch|p1b: Arcanine|Arcanine-Hisui, L50, M|100/100\n|-ability|p1b: Arcanine|Intimidate|boost\n|-unboost|p2a: Delphox|atk|1\n|-unboost|p2b: Clefable|atk|1\n|turn|6\n|\n|t:|1776272574\n|move|p2a: Delphox|Protect|p2a: Delphox\n|-singleturn|p2a: Delphox|Protect\n|move|p1a: Gengar|Destiny Bond|p1a: Gengar\n|-singlemove|p1a: Gengar|Destiny Bond\n|move|p1b: Arcanine|Rock Slide|p2b: Clefable|[spread] p2b\n|-activate|p2a: Delphox|move: Protect\n|-damage|p2b: Clefable|38/100\n|-enditem|p2b: Clefable|Sitrus Berry|[eat]\n|-heal|p2b: Clefable|62/100|[from] item: Sitrus Berry\n|cant|p2b: Clefable|flinch\n|\n|upkeep\n|turn|7\n|\n|t:|1776272594\n|move|p2b: Clefable|Follow Me|p2b: Clefable\n|-singleturn|p2b: Clefable|move: Follow Me\n|move|p1a: Gengar|Shadow Ball|p2b: Clefable\n|-damage|p2b: Clefable|15/100\n|move|p2a: Delphox|Psychic|p1b: Arcanine\n|-damage|p1b: Arcanine|38/100\n|move|p1b: Arcanine|Rock Slide|p2a: Delphox|[spread] p2a\n|-miss|p1b: Arcanine|p2b: Clefable\n|-supereffective|p2a: Delphox|1\n|-damage|p2a: Delphox|0 fnt\n|faint|p2a: Delphox\n|\n|upkeep\n|\n|t:|1776272606\n|switch|p2a: Basculegion|Basculegion, L50, M|100/100\n|turn|8\n|\n|t:|1776272616\n|move|p2b: Clefable|Follow Me|p2b: Clefable\n|-singleturn|p2b: Clefable|move: Follow Me\n|move|p2a: Basculegion|Aqua Jet|p1a: Gengar\n|-damage|p1a: Gengar|0 fnt\n|faint|p1a: Gengar\n|move|p1b: Arcanine|Crunch|p2b: Clefable\n|-resisted|p2b: Clefable|1\n|-damage|p2b: Clefable|4/100\n|-unboost|p2b: Clefable|def|1\n|\n|upkeep\n|\n|t:|1776272623\n|switch|p1a: Charizard|Charizard, L50, M, shiny|100/100\n|turn|9\n|\n|t:|1776272636\n|detailschange|p1a: Charizard|Charizard-Mega-Y, L50, M, shiny\n|-mega|p1a: Charizard|Charizard|Charizardite Y\n|-weather|SunnyDay|[from] ability: Drought|[of] p1a: Charizard\n|move|p2b: Clefable|Follow Me|p2b: Clefable\n|-singleturn|p2b: Clefable|move: Follow Me\n|move|p2a: Basculegion|Aqua Jet|p1b: Arcanine\n|-supereffective|p1b: Arcanine|2\n|-damage|p1b: Arcanine|0 fnt\n|faint|p1b: Arcanine\n|move|p1a: Charizard|Heat Wave|p2b: Clefable|[spread] p2a,p2b\n|-resisted|p2a: Basculegion|1\n|-damage|p2a: Basculegion|63/100\n|-damage|p2b: Clefable|0 fnt\n|faint|p2b: Clefable\n|\n|-weather|SunnyDay|[upkeep]\n|upkeep\n|turn|10\n|\n|t:|1776272651\n|move|p2a: Basculegion|Aqua Jet|p1a: Charizard\n|-supereffective|p1a: Charizard|1\n|-damage|p1a: Charizard|68/100\n|move|p1a: Charizard|Flamethrower|p2a: Basculegion\n|-resisted|p2a: Basculegion|1\n|-damage|p2a: Basculegion|11/100\n|\n|-weather|SunnyDay|[upkeep]\n|upkeep\n|turn|11\n|l| cinderchomp\n|\n|t:|1776272659\n|move|p2a: Basculegion|Aqua Jet|p1a: Charizard\n|-supereffective|p1a: Charizard|1\n|-crit|p1a: Charizard\n|-damage|p1a: Charizard|20/100\n|move|p1a: Charizard|Flamethrower|p2a: Basculegion\n|-resisted|p2a: Basculegion|1\n|-damage|p2a: Basculegion|0 fnt\n|faint|p2a: Basculegion\n|\n|win|penledzuu\n|raw|penledzuu's rating: 1101 &rarr; <strong>1125</strong><br />(+24 for winning)\n|raw|lizzieberryboo's rating: 1090 &rarr; <strong>1067</strong><br />(-23 for losing)\n",
  "uploadtime": 1776272662,
  "views": 18,
  "formatid": "gen9championsvgc2026regma",
  "rating": 1067,
  "private": 0,
  "password": null
}