{
  "id": "gen9championsvgc2026regma-2587985876",
  "format": "[Gen 9 Champions] VGC 2026 Reg M-A",
  "players": [
    "henitusec",
    "Culzriss"
  ],
  "log": "|j|\u2606henitusec\n|j|\u2606Culzriss\n|t:|1776588938\n|gametype|doubles\n|player|p1|henitusec|steven-masters|1135\n|player|p2|Culzriss|2|1099\n|gen|9\n|tier|[Gen 9 Champions] VGC 2026 Reg M-A\n|rated|\n|rule|Species Clause: Limit one of each Pok\u00e9mon\n|rule|Item Clause: Limit 1 of each item\n|clearpoke\n|poke|p1|Froslass, L50, F|\n|poke|p1|Garchomp, L50, F|\n|poke|p1|Rotom-Frost, L50|\n|poke|p1|Empoleon, L50, M|\n|poke|p1|Incineroar, L50, F|\n|poke|p1|Kingambit, L50, F|\n|poke|p2|Ninetales-Alola, L50, F|\n|poke|p2|Sylveon, L50, M, shiny|\n|poke|p2|Incineroar, L50, F|\n|poke|p2|Sinistcha-Masterpiece, L50|\n|poke|p2|Kangaskhan, L50, F|\n|poke|p2|Delphox, L50, M|\n|teampreview|4\n|inactive|Battle timer is ON: inactive players will automatically lose when time's up. (requested by henitusec)\n|\n|t:|1776588963\n|teamsize|p1|4\n|teamsize|p2|4\n|start\n|switch|p1a: Rotom|Rotom-Frost, L50|100/100\n|switch|p1b: Garchomp|Garchomp, L50, F|100/100\n|switch|p2a: Ninetales|Ninetales-Alola, L50, F|100/100\n|switch|p2b: Incineroar|Incineroar, L50, F|100/100\n|-weather|Snowscape|[from] ability: Snow Warning|[of] p2a: Ninetales\n|-ability|p2b: Incineroar|Intimidate|boost\n|-unboost|p1a: Rotom|atk|1\n|-unboost|p1b: Garchomp|atk|1\n|-enditem|p1b: Garchomp|White Herb\n|-clearnegativeboost|p1b: Garchomp|[silent]\n|turn|1\n|\n|t:|1776588978\n|move|p1b: Garchomp|Protect|p1b: Garchomp\n|-singleturn|p1b: Garchomp|Protect\n|move|p2b: Incineroar|Fake Out|p1b: Garchomp\n|-activate|p1b: Garchomp|move: Protect\n|move|p1a: Rotom|Electroweb|p2a: Ninetales|[spread] p2a,p2b\n|-damage|p2a: Ninetales|80/100\n|-damage|p2b: Incineroar|82/100\n|-unboost|p2a: Ninetales|spe|1\n|-unboost|p2b: Incineroar|spe|1\n|move|p2a: Ninetales|Aurora Veil|p2a: Ninetales\n|-sidestart|p2: Culzriss|move: Aurora Veil\n|\n|-weather|Snowscape|[upkeep]\n|upkeep\n|turn|2\n|\n|t:|1776588997\n|switch|p2a: Sinistcha|Sinistcha-Masterpiece, L50|100/100\n|-heal|p2b: Incineroar|100/100|[from] ability: Hospitality|[of] p2a: Sinistcha\n|switch|p2b: Kangaskhan|Kangaskhan, L50, F|100/100\n|move|p1a: Rotom|Electroweb|p2b: Kangaskhan|[spread] p2a,p2b\n|-resisted|p2a: Sinistcha|1\n|-damage|p2a: Sinistcha|94/100\n|-damage|p2b: Kangaskhan|88/100\n|-unboost|p2a: Sinistcha|spe|1\n|-unboost|p2b: Kangaskhan|spe|1\n|move|p1b: Garchomp|Rock Slide|p2b: Kangaskhan|[spread] p2a,p2b\n|-damage|p2a: Sinistcha|84/100\n|-damage|p2b: Kangaskhan|76/100\n|\n|-weather|Snowscape|[upkeep]\n|upkeep\n|turn|3\n|\n|t:|1776589016\n|detailschange|p2b: Kangaskhan|Kangaskhan-Mega, L50, F\n|-mega|p2b: Kangaskhan|Kangaskhan|Kangaskhanite\n|move|p2b: Kangaskhan|Fake Out|p1b: Garchomp\n|-damage|p1b: Garchomp|79/100\n|-damage|p2b: Kangaskhan|64/100|[from] ability: Rough Skin|[of] p1b: Garchomp\n|-damage|p1b: Garchomp|74/100\n|-damage|p2b: Kangaskhan|51/100|[from] ability: Rough Skin|[of] p1b: Garchomp\n|-hitcount|p1b: Garchomp|2\n|move|p1a: Rotom|Electroweb|p2b: Kangaskhan|[spread] p2a,p2b\n|-resisted|p2a: Sinistcha|1\n|-damage|p2a: Sinistcha|77/100\n|-damage|p2b: Kangaskhan|40/100\n|-unboost|p2a: Sinistcha|spe|1\n|-unboost|p2b: Kangaskhan|spe|1\n|cant|p1b: Garchomp|flinch\n|move|p2a: Sinistcha|Stun Spore|p1b: Garchomp\n|-status|p1b: Garchomp|par\n|\n|-weather|Snowscape|[upkeep]\n|upkeep\n|turn|4\n|\n|t:|1776589039\n|switch|p2b: Ninetales|Ninetales-Alola, L50, F|80/100\n|switch|p2a: Incineroar|Incineroar, L50, F|100/100\n|-ability|p2a: Incineroar|Intimidate|boost\n|-unboost|p1a: Rotom|atk|1\n|-unboost|p1b: Garchomp|atk|1\n|move|p1a: Rotom|Electroweb|p2a: Incineroar|[spread] p2a,p2b\n|-damage|p2a: Incineroar|89/100\n|-damage|p2b: Ninetales|67/100\n|-unboost|p2a: Incineroar|spe|1\n|-unboost|p2b: Ninetales|spe|1\n|move|p1b: Garchomp|Rock Slide|p2b: Ninetales|[spread] p2a,p2b\n|-supereffective|p2a: Incineroar|1\n|-supereffective|p2b: Ninetales|1\n|-damage|p2a: Incineroar|73/100\n|-damage|p2b: Ninetales|53/100\n|\n|-weather|Snowscape|[upkeep]\n|upkeep\n|turn|5\n|inactive|Culzriss has 30 seconds left.\n|\n|t:|1776589068\n|switch|p1b: Empoleon|Empoleon, L50, M|100/100\n|move|p1a: Rotom|Electroweb|p2a: Incineroar|[spread] p2a,p2b\n|-damage|p2a: Incineroar|62/100\n|-damage|p2b: Ninetales|42/100\n|-unboost|p2a: Incineroar|spe|1\n|-unboost|p2b: Ninetales|spe|1\n|move|p2b: Ninetales|Blizzard|p1a: Rotom|[spread] p1a,p1b\n|-resisted|p1a: Rotom|1\n|-resisted|p1b: Empoleon|2\n|-damage|p1a: Rotom|78/100\n|-damage|p1b: Empoleon|93/100\n|-status|p1b: Empoleon|frz\n|move|p2a: Incineroar|Parting Shot|p1b: Empoleon\n|-unboost|p1b: Empoleon|atk|1\n|-ability|p1b: Empoleon|Competitive|boost\n|-boost|p1b: Empoleon|spa|2\n|-unboost|p1b: Empoleon|spa|1\n|-ability|p1b: Empoleon|Competitive|boost\n|-boost|p1b: Empoleon|spa|2\n|\n|t:|1776589090\n|switch|p2a: Sinistcha|Sinistcha-Masterpiece, L50|77/100|[from] Parting Shot\n|-heal|p2b: Ninetales|67/100|[from] ability: Hospitality|[of] p2a: Sinistcha\n|\n|-weather|none\n|-heal|p1b: Empoleon|98/100 frz|[from] item: Leftovers\n|-sideend|p2: Culzriss|move: Aurora Veil\n|upkeep\n|turn|6\n|\n|t:|1776589105\n|cant|p1b: Empoleon|frz\n|move|p1a: Rotom|Electroweb|p2a: Sinistcha|[spread] p2a,p2b\n|-resisted|p2a: Sinistcha|1\n|-damage|p2a: Sinistcha|68/100\n|-damage|p2b: Ninetales|47/100\n|-unboost|p2a: Sinistcha|spe|1\n|-unboost|p2b: Ninetales|spe|1\n|move|p2a: Sinistcha|Life Dew|p2a: Sinistcha|[spread] p2a,p2b\n|-heal|p2a: Sinistcha|93/100\n|-heal|p2b: Ninetales|72/100\n|move|p2b: Ninetales|Roar|p1b: Empoleon\n|drag|p1b: Garchomp|Garchomp, L50, F|74/100 par\n|\n|upkeep\n|turn|7\n|inactive|Culzriss has 30 seconds left.\n|\n|t:|1776589135\n|switch|p1a: Empoleon|Empoleon, L50, M|98/100 frz\n|switch|p2a: Incineroar|Incineroar, L50, F|62/100\n|-ability|p2a: Incineroar|Intimidate|boost\n|-unboost|p1a: Empoleon|atk|1\n|-ability|p1a: Empoleon|Competitive|boost\n|-boost|p1a: Empoleon|spa|2\n|-unboost|p1b: Garchomp|atk|1\n|cant|p1b: Garchomp|par\n|move|p2b: Ninetales|Dazzling Gleam|p1a: Empoleon|[spread] p1a,p1b\n|-resisted|p1a: Empoleon|1\n|-supereffective|p1b: Garchomp|1\n|-damage|p1a: Empoleon|87/100 frz\n|-damage|p1b: Garchomp|24/100 par\n|\n|-heal|p1a: Empoleon|93/100 frz|[from] item: Leftovers\n|upkeep\n|turn|8\n|\n|t:|1776589154\n|cant|p1a: Empoleon|frz\n|move|p1b: Garchomp|Protect|p1b: Garchomp\n|-singleturn|p1b: Garchomp|Protect\n|move|p2a: Incineroar|Fake Out|p1a: Empoleon\n|-resisted|p1a: Empoleon|1\n|-damage|p1a: Empoleon|86/100 frz\n|move|p2b: Ninetales|Dazzling Gleam|p1b: Garchomp|[spread] p1a\n|-activate|p1b: Garchomp|move: Protect\n|-resisted|p1a: Empoleon|1\n|-damage|p1a: Empoleon|76/100 frz\n|\n|-heal|p1a: Empoleon|82/100 frz|[from] item: Leftovers\n|upkeep\n|turn|9\n|\n|t:|1776589177\n|switch|p2a: Sinistcha|Sinistcha-Masterpiece, L50|93/100\n|-heal|p2b: Ninetales|97/100|[from] ability: Hospitality|[of] p2a: Sinistcha\n|-curestatus|p1a: Empoleon|frz|[msg]\n|move|p1a: Empoleon|Water Pulse|p2a: Sinistcha\n|-resisted|p2a: Sinistcha|1\n|-damage|p2a: Sinistcha|63/100\n|move|p1b: Garchomp|Rock Slide|p2a: Sinistcha|[spread] p2a,p2b\n|-supereffective|p2b: Ninetales|1\n|-damage|p2a: Sinistcha|52/100\n|-damage|p2b: Ninetales|63/100\n|cant|p2b: Ninetales|flinch\n|\n|-heal|p1a: Empoleon|88/100|[from] item: Leftovers\n|upkeep\n|turn|10\n|inactive|Culzriss has 30 seconds left.\n|\n|t:|1776589203\n|move|p1a: Empoleon|Flash Cannon|p2b: Ninetales\n|-supereffective|p2b: Ninetales|2\n|-damage|p2b: Ninetales|0 fnt\n|faint|p2b: Ninetales\n|move|p2a: Sinistcha|Curse|p1a: Empoleon\n|-start|p1a: Empoleon|Curse|[of] p2a: Sinistcha\n|-damage|p2a: Sinistcha|2/100\n|move|p1b: Garchomp|Rock Slide|p2a: Sinistcha\n|-damage|p2a: Sinistcha|0 fnt\n|faint|p2a: Sinistcha\n|\n|-heal|p1a: Empoleon|94/100|[from] item: Leftovers\n|-damage|p1a: Empoleon|69/100|[from] Curse\n|upkeep\n|\n|t:|1776589218\n|switch|p2b: Incineroar|Incineroar, L50, F|62/100\n|switch|p2a: Kangaskhan|Kangaskhan-Mega, L50, F|40/100\n|-ability|p2b: Incineroar|Intimidate|boost\n|-unboost|p1a: Empoleon|atk|1\n|-ability|p1a: Empoleon|Competitive|boost\n|-boost|p1a: Empoleon|spa|2\n|-unboost|p1b: Garchomp|atk|1\n|turn|11\n|\n|t:|1776589232\n|switch|p1a: Rotom|Rotom-Frost, L50|78/100\n|cant|p1b: Garchomp|par\n|move|p2a: Kangaskhan|Fake Out|p1b: Garchomp\n|-damage|p1b: Garchomp|0 fnt\n|-damage|p2a: Kangaskhan|28/100|[from] ability: Rough Skin|[of] p1b: Garchomp\n|faint|p1b: Garchomp\n|-hitcount|p1: Garchomp|1\n|move|p2b: Incineroar|Fake Out|p1a: Rotom\n|-damage|p1a: Rotom|62/100\n|\n|upkeep\n|\n|t:|1776589246\n|switch|p1b: Froslass|Froslass, L50, F|100/100\n|turn|12\n|\n|t:|1776589257\n|detailschange|p1b: Froslass|Froslass-Mega, L50, F\n|-mega|p1b: Froslass|Froslass|Froslassite\n|-weather|Snowscape|[from] ability: Snow Warning|[of] p1b: Froslass\n|move|p1a: Rotom|Blizzard|p2b: Incineroar|[spread] p2a,p2b\n|-resisted|p2b: Incineroar|1\n|-damage|p2a: Kangaskhan|0 fnt\n|-damage|p2b: Incineroar|45/100\n|-enditem|p2b: Incineroar|Sitrus Berry|[eat]\n|-heal|p2b: Incineroar|69/100|[from] item: Sitrus Berry\n|faint|p2a: Kangaskhan\n|move|p1b: Froslass|Blizzard|p2b: Incineroar\n|-resisted|p2b: Incineroar|1\n|-damage|p2b: Incineroar|36/100\n|move|p2b: Incineroar|Flare Blitz|p1b: Froslass\n|-supereffective|p1b: Froslass|1\n|-damage|p1b: Froslass|0 fnt\n|faint|p1b: Froslass\n|-damage|p2b: Incineroar|12/100|[from] Recoil\n|\n|-weather|Snowscape|[upkeep]\n|upkeep\n|\n|t:|1776589274\n|switch|p1b: Empoleon|Empoleon, L50, M|69/100\n|turn|13\n|\n|t:|1776589283\n|move|p1a: Rotom|Blizzard|p2b: Incineroar\n|-resisted|p2b: Incineroar|1\n|-damage|p2b: Incineroar|0 fnt\n|faint|p2b: Incineroar\n|\n|win|henitusec\n|raw|henitusec's rating: 1135 &rarr; <strong>1157</strong><br />(+22 for winning)\n|raw|Culzriss's rating: 1099 &rarr; <strong>1077</strong><br />(-22 for losing)\n|l|\u2606Culzriss\n|player|p2|\n",
  "uploadtime": 1776589286,
  "views": 17,
  "formatid": "gen9championsvgc2026regma",
  "rating": 1077,
  "private": 0,
  "password": null
}