{
  "id": "gen9championsvgc2026regma-2584657931",
  "format": "[Gen 9 Champions] VGC 2026 Reg M-A",
  "players": [
    "CoronelMustard",
    "Jthepoke"
  ],
  "log": "|j|\u2606CoronelMustard\n|j|\u2606Jthepoke\n|t:|1776274932\n|gametype|doubles\n|player|p1|CoronelMustard|266|1285\n|player|p2|Jthepoke|cyrus|1230\n|gen|9\n|tier|[Gen 9 Champions] VGC 2026 Reg M-A\n|rated|\n|rule|Species Clause: Limit one of each Pok\u00e9mon\n|rule|Item Clause: Limit 1 of each item\n|clearpoke\n|poke|p1|Floette-Eternal, L50, F|\n|poke|p1|Maushold, L50|\n|poke|p1|Garchomp, L50, M|\n|poke|p1|Aerodactyl, L50, M|\n|poke|p1|Rotom-Wash, L50|\n|poke|p1|Aegislash, L50, F|\n|poke|p2|Floette-Eternal, L50, F|\n|poke|p2|Garchomp, L50, F|\n|poke|p2|Kingambit, L50, F|\n|poke|p2|Basculegion, L50, M|\n|poke|p2|Sneasler, L50, M|\n|poke|p2|Froslass, L50, F|\n|teampreview|4\n|\n|t:|1776274993\n|teamsize|p1|4\n|teamsize|p2|4\n|start\n|switch|p1a: Aerodactyl|Aerodactyl, L50, M|100/100\n|switch|p1b: Rotom|Rotom-Wash, L50|100/100\n|switch|p2a: Basculegion|Basculegion, L50, M|100/100\n|switch|p2b: Sneasler|Sneasler, L50, M|100/100\n|-ability|p1a: Aerodactyl|Unnerve\n|turn|1\n|\n|t:|1776275022\n|move|p2a: Basculegion|Protect|p2a: Basculegion\n|-singleturn|p2a: Basculegion|Protect\n|move|p1a: Aerodactyl|Tailwind|p1a: Aerodactyl\n|-sidestart|p1: CoronelMustard|move: Tailwind\n|move|p1b: Rotom|Volt Switch|p2a: Basculegion\n|-activate|p2a: Basculegion|move: Protect\n|move|p2b: Sneasler|Close Combat|p1b: Rotom\n|-damage|p1b: Rotom|15/100\n|-unboost|p2b: Sneasler|def|1\n|-unboost|p2b: Sneasler|spd|1\n|-enditem|p1b: Rotom|Sitrus Berry|[eat]\n|-heal|p1b: Rotom|40/100|[from] item: Sitrus Berry\n|\n|upkeep\n|turn|2\n|\n|t:|1776275055\n|move|p1a: Aerodactyl|Dual Wingbeat|p2b: Sneasler\n|-supereffective|p2b: Sneasler|1\n|-crit|p2b: Sneasler\n|-enditem|p2b: Sneasler|Focus Sash\n|-damage|p2b: Sneasler|1/100\n|-supereffective|p2b: Sneasler|1\n|-damage|p2b: Sneasler|0 fnt\n|faint|p2b: Sneasler\n|-hitcount|p2: Sneasler|2\n|move|p1b: Rotom|Volt Switch|p2a: Basculegion\n|-supereffective|p2a: Basculegion|1\n|-damage|p2a: Basculegion|24/100\n|\n|t:|1776275072\n|switch|p1b: Floette|Floette-Eternal, L50, F|100/100|[from] Volt Switch\n|move|p2a: Basculegion|Wave Crash|p1b: Floette\n|-damage|p1b: Floette|0 fnt\n|faint|p1b: Floette\n|-damage|p2a: Basculegion|0 fnt|[from] Recoil\n|faint|p2a: Basculegion\n|\n|upkeep\n|c|\u2606Jthepoke|Lolololol\n|\n|t:|1776275085\n|switch|p2b: Kingambit|Kingambit, L50, F|100/100\n|switch|p1b: Maushold|Maushold, L50|100/100\n|switch|p2a: Floette|Floette-Eternal, L50, F|100/100\n|turn|3\n|\n|t:|1776275123\n|detailschange|p2a: Floette|Floette-Mega, L50, F\n|-mega|p2a: Floette|Floette|Floettite\n|-ability|p2a: Floette|Fairy Aura\n|move|p1a: Aerodactyl|Dual Wingbeat|p2a: Floette\n|-damage|p2a: Floette|78/100\n|-damage|p2a: Floette|57/100\n|-hitcount|p2a: Floette|2\n|move|p1b: Maushold|Super Fang|p2a: Floette\n|-damage|p2a: Floette|29/100\n|move|p2a: Floette|Moonblast|p1a: Aerodactyl\n|-damage|p1a: Aerodactyl|12/100\n|move|p2b: Kingambit|Kowtow Cleave|p1a: Aerodactyl\n|-damage|p1a: Aerodactyl|0 fnt\n|faint|p1a: Aerodactyl\n|\n|upkeep\n|\n|t:|1776275142\n|switch|p1a: Rotom|Rotom-Wash, L50|40/100\n|turn|4\n|\n|t:|1776275151\n|move|p2a: Floette|Protect|p2a: Floette\n|-singleturn|p2a: Floette|Protect\n|move|p2b: Kingambit|Sucker Punch|p1a: Rotom\n|-damage|p1a: Rotom|8/100\n|move|p1b: Maushold|Super Fang|p2b: Kingambit\n|-damage|p2b: Kingambit|51/100\n|move|p1a: Rotom|Thunderbolt|p2a: Floette\n|-activate|p2a: Floette|move: Protect\n|\n|-sideend|p1: CoronelMustard|move: Tailwind\n|upkeep\n|turn|5\n|\n|t:|1776275179\n|move|p1b: Maushold|Follow Me|p1b: Maushold\n|-singleturn|p1b: Maushold|move: Follow Me\n|move|p2b: Kingambit|Sucker Punch||[still]\n|-fail|p2b: Kingambit\n|move|p2a: Floette|Moonblast|p1b: Maushold\n|-enditem|p1b: Maushold|Focus Sash\n|-damage|p1b: Maushold|1/100\n|move|p1a: Rotom|Hydro Pump|p2b: Kingambit\n|-damage|p2b: Kingambit|1/100\n|\n|upkeep\n|turn|6\n|\n|t:|1776275218\n|move|p1b: Maushold|Follow Me|p1b: Maushold\n|-singleturn|p1b: Maushold|move: Follow Me\n|move|p2a: Floette|Dazzling Gleam|p1a: Rotom|[spread] p1a,p1b\n|-damage|p1a: Rotom|0 fnt\n|-damage|p1b: Maushold|0 fnt\n|faint|p1a: Rotom\n|faint|p1b: Maushold\n|\n|win|Jthepoke\n|raw|CoronelMustard's rating: 1285 &rarr; <strong>1256</strong><br />(-29 for losing)\n|raw|Jthepoke's rating: 1230 &rarr; <strong>1259</strong><br />(+29 for winning)\n|l|\u2606CoronelMustard\n|player|p1|\n",
  "uploadtime": 1776275226,
  "views": 51,
  "formatid": "gen9championsvgc2026regma",
  "rating": 1256,
  "private": 0,
  "password": null
}