{
  "id": "gen9championsvgc2026regma-2585519519",
  "format": "[Gen 9 Champions] VGC 2026 Reg M-A",
  "players": [
    "scorpioevo",
    "Megalo-GX"
  ],
  "log": "|j|\u2606scorpioevo\n|j|\u2606Megalo-GX\n|t:|1776352972\n|gametype|doubles\n|player|p1|scorpioevo|marnie|1140\n|player|p2|Megalo-GX|bellelba|1047\n|gen|9\n|tier|[Gen 9 Champions] VGC 2026 Reg M-A\n|rated|\n|rule|Species Clause: Limit one of each Pok\u00e9mon\n|rule|Item Clause: Limit 1 of each item\n|clearpoke\n|poke|p1|Farigiraf, L50, M|\n|poke|p1|Glaceon, L50, F|\n|poke|p1|Bellibolt, L50, F|\n|poke|p1|Avalugg-Hisui, L50, M|\n|poke|p1|Sneasler, L50, F|\n|poke|p1|Slowking-Galar, L50, F|\n|poke|p2|Froslass, L50, F|\n|poke|p2|Greninja-*, L50, M|\n|poke|p2|Sneasler, L50, M|\n|poke|p2|Meowscarada, L50, F|\n|poke|p2|Aegislash, L50, F|\n|poke|p2|Starmie, L50|\n|teampreview|4\n|inactive|Battle timer is ON: inactive players will automatically lose when time's up. (requested by scorpioevo)\n|inactive|scorpioevo has 60 seconds left.\n|\n|t:|1776353032\n|teamsize|p1|4\n|teamsize|p2|4\n|start\n|switch|p1a: Farigiraf|Farigiraf, L50, M|100/100\n|switch|p1b: Sneasler|Sneasler, L50, F, shiny|100/100\n|switch|p2a: Starmie|Starmie, L50|100/100\n|switch|p2b: Sneasler|Sneasler, L50, M|100/100\n|turn|1\n|\n|t:|1776353049\n|detailschange|p2a: Starmie|Starmie-Mega, L50\n|-mega|p2a: Starmie|Starmie|Starminite\n|move|p1b: Sneasler|Night Slash|p2a: Starmie\n|-supereffective|p2a: Starmie|1\n|-damage|p2a: Starmie|30/100\n|move|p2b: Sneasler|Coaching|p2a: Starmie\n|-boost|p2a: Starmie|atk|1\n|-boost|p2a: Starmie|def|1\n|move|p2a: Starmie|Zen Headbutt|p1b: Sneasler\n|-supereffective|p1b: Sneasler|2\n|-enditem|p1b: Sneasler|Focus Sash\n|-damage|p1b: Sneasler|1/100\n|move|p1a: Farigiraf|Trick Room|p1a: Farigiraf\n|-fieldstart|move: Trick Room|[of] p1a: Farigiraf\n|\n|upkeep\n|turn|2\n|inactive|scorpioevo has 30 seconds left.\n|inactive|scorpioevo has 20 seconds left.\n|\n|t:|1776353084\n|switch|p2b: Froslass|Froslass, L50, F|100/100\n|move|p1a: Farigiraf|Expanding Force|p2b: Froslass\n|-damage|p2b: Froslass|35/100\n|move|p2a: Starmie|Self-Destruct|p1a: Farigiraf|[spread] p1a,p1b\n|-immune|p2b: Froslass\n|-damage|p1a: Farigiraf|0 fnt\n|-damage|p1b: Sneasler|0 fnt\n|faint|p2a: Starmie\n|faint|p1a: Farigiraf\n|faint|p1b: Sneasler\n|\n|upkeep\n|\n|t:|1776353098\n|switch|p1a: Bellibolt|Bellibolt, L50, F, shiny|100/100\n|switch|p1b: Avalugg|Avalugg-Hisui, L50, M, shiny|100/100\n|switch|p2a: Sneasler|Sneasler, L50, M|100/100\n|turn|3\n|\n|t:|1776353118\n|move|p2b: Froslass|Protect|p2b: Froslass\n|-singleturn|p2b: Froslass|Protect\n|move|p1b: Avalugg|Rock Slide|p2a: Sneasler|[spread] p2a\n|-activate|p2b: Froslass|move: Protect\n|-resisted|p2a: Sneasler|1\n|-damage|p2a: Sneasler|76/100\n|move|p1a: Bellibolt|Muddy Water|p2a: Sneasler|[spread] \n|-activate|p2b: Froslass|move: Protect\n|-miss|p1a: Bellibolt|p2a: Sneasler\n|move|p2a: Sneasler|Close Combat|p1b: Avalugg\n|-supereffective|p1b: Avalugg|2\n|-enditem|p1b: Avalugg|Chople Berry|[eat]\n|-enditem|p1b: Avalugg|Chople Berry|[weaken]\n|-damage|p1b: Avalugg|34/100\n|-unboost|p2a: Sneasler|def|1\n|-unboost|p2a: Sneasler|spd|1\n|-enditem|p2a: Sneasler|White Herb\n|-clearnegativeboost|p2a: Sneasler|[silent]\n|\n|upkeep\n|turn|4\n|inactive|scorpioevo has 30 seconds left.\n|inactive|Megalo-GX has 30 seconds left.\n|\n|t:|1776353147\n|switch|p2b: Greninja|Greninja, L50, M|100/100\n|move|p1b: Avalugg|Rock Slide|p2a: Sneasler|[spread] p2a,p2b\n|-resisted|p2a: Sneasler|1\n|-damage|p2a: Sneasler|51/100\n|-damage|p2b: Greninja|45/100\n|move|p1a: Bellibolt|Muddy Water|p2b: Greninja|[spread] p2b\n|-miss|p1a: Bellibolt|p2a: Sneasler\n|-resisted|p2b: Greninja|1\n|-damage|p2b: Greninja|26/100\n|-unboost|p2b: Greninja|accuracy|1\n|move|p2a: Sneasler|Close Combat|p1b: Avalugg\n|-supereffective|p1b: Avalugg|2\n|-damage|p1b: Avalugg|0 fnt\n|-unboost|p2a: Sneasler|def|1\n|-unboost|p2a: Sneasler|spd|1\n|faint|p1b: Avalugg\n|\n|upkeep\n|turn|5\n|inactive|scorpioevo has 30 seconds left.\n|inactive|Megalo-GX has 30 seconds left.\n|\n|t:|1776353178\n|move|p2b: Greninja|Protect|p2b: Greninja\n|-start|p2b: Greninja|typechange|Normal|[from] ability: Protean\n|-singleturn|p2b: Greninja|Protect\n|move|p1a: Bellibolt|Parabolic Charge|p2b: Greninja|[spread] p2a\n|-activate|p2b: Greninja|move: Protect\n|-damage|p2a: Sneasler|1/100\n|move|p2a: Sneasler|Dire Claw|p1a: Bellibolt\n|-crit|p1a: Bellibolt\n|-damage|p1a: Bellibolt|33/100\n|-start|p1a: Bellibolt|Charge|Dire Claw|[from] ability: Electromorphosis\n|\n|-heal|p1a: Bellibolt|39/100|[from] item: Leftovers\n|-fieldend|move: Trick Room\n|upkeep\n|turn|6\n|\n|t:|1776353197\n|move|p2a: Sneasler|Dire Claw|p1a: Bellibolt\n|-damage|p1a: Bellibolt|0 fnt\n|faint|p1a: Bellibolt\n|\n|win|Megalo-GX\n|raw|scorpioevo's rating: 1140 &rarr; <strong>1108</strong><br />(-32 for losing)\n|raw|Megalo-GX's rating: 1047 &rarr; <strong>1089</strong><br />(+42 for winning)\n|l|\u2606scorpioevo\n|player|p1|\n",
  "uploadtime": 1776353205,
  "views": 37,
  "formatid": "gen9championsvgc2026regma",
  "rating": 1089,
  "private": 0,
  "password": null
}