{
  "id": "gen9championsvgc2026regma-2583530204",
  "format": "[Gen 9 Champions] VGC 2026 Reg M-A",
  "players": [
    "LakeHuron",
    "Burroughs"
  ],
  "log": "|j|\u2606LakeHuron\n|j|\u2606Burroughs\n|t:|1776181457\n|gametype|doubles\n|player|p1|LakeHuron|aetherfoundation2|1250\n|player|p2|Burroughs|102|1346\n|gen|9\n|tier|[Gen 9 Champions] VGC 2026 Reg M-A\n|rated|\n|rule|Species Clause: Limit one of each Pok\u00e9mon\n|rule|Item Clause: Limit 1 of each item\n|clearpoke\n|poke|p1|Heracross, L50, M|\n|poke|p1|Sinistcha, L50|\n|poke|p1|Incineroar, L50, F|\n|poke|p1|Farigiraf, L50, F|\n|poke|p1|Aerodactyl, L50, M|\n|poke|p1|Kingambit, L50, F|\n|poke|p2|Starmie, L50|\n|poke|p2|Sneasler, L50, M|\n|poke|p2|Sinistcha, L50|\n|poke|p2|Kingambit, L50, M|\n|poke|p2|Dragonite, L50, F|\n|poke|p2|Pelipper, L50, F|\n|teampreview|4\n|\n|t:|1776181501\n|teamsize|p1|4\n|teamsize|p2|4\n|start\n|switch|p1a: Farigiraf|Farigiraf, L50, F|100/100\n|switch|p1b: Aerodactyl|Aerodactyl, L50, M|100/100\n|switch|p2a: Dragonite|Dragonite, L50, F|100/100\n|switch|p2b: Kingambit|Kingambit, L50, M|100/100\n|-ability|p1b: Aerodactyl|Unnerve\n|turn|1\n|inactive|Battle timer is ON: inactive players will automatically lose when time's up. (requested by Burroughs)\n|\n|t:|1776181523\n|switch|p1a: Kingambit|Kingambit, L50, F|100/100\n|detailschange|p2a: Dragonite|Dragonite-Mega, L50, F\n|-mega|p2a: Dragonite|Dragonite|Dragoninite\n|move|p1b: Aerodactyl|Tailwind|p1b: Aerodactyl\n|-sidestart|p1: LakeHuron|move: Tailwind\n|move|p2a: Dragonite|Tailwind|p2a: Dragonite\n|-sidestart|p2: Burroughs|move: Tailwind\n|move|p2b: Kingambit|Iron Head|p1b: Aerodactyl\n|-supereffective|p1b: Aerodactyl|1\n|-enditem|p1b: Aerodactyl|Focus Sash\n|-damage|p1b: Aerodactyl|1/100\n|\n|upkeep\n|turn|2\n|\n|t:|1776181549\n|switch|p2a: Sneasler|Sneasler, L50, M|100/100\n|move|p1b: Aerodactyl|Protect|p1b: Aerodactyl\n|-singleturn|p1b: Aerodactyl|Protect\n|move|p2b: Kingambit|Sucker Punch||[still]\n|-fail|p2b: Kingambit\n|move|p1a: Kingambit|Low Kick|p2b: Kingambit\n|-supereffective|p2b: Kingambit|2\n|-damage|p2b: Kingambit|0 fnt\n|faint|p2b: Kingambit\n|\n|upkeep\n|\n|t:|1776181560\n|switch|p2b: Dragonite|Dragonite-Mega, L50, F|100/100\n|turn|3\n|\n|t:|1776181569\n|switch|p1b: Farigiraf|Farigiraf, L50, F|100/100\n|move|p2a: Sneasler|Close Combat|p1a: Kingambit\n|-supereffective|p1a: Kingambit|2\n|-enditem|p1a: Kingambit|Chople Berry|[eat]\n|-enditem|p1a: Kingambit|Chople Berry|[weaken]\n|-damage|p1a: Kingambit|4/100\n|-unboost|p2a: Sneasler|def|1\n|-unboost|p2a: Sneasler|spd|1\n|move|p2b: Dragonite|Dragon Pulse|p1b: Farigiraf\n|-damage|p1b: Farigiraf|52/100\n|move|p1a: Kingambit|Iron Head|p2b: Dragonite\n|-damage|p2b: Dragonite|81/100\n|\n|upkeep\n|turn|4\n|\n|t:|1776181591\n|move|p2a: Sneasler|Close Combat|p1b: Farigiraf\n|-damage|p1b: Farigiraf|0 fnt\n|-unboost|p2a: Sneasler|def|1\n|-unboost|p2a: Sneasler|spd|1\n|faint|p1b: Farigiraf\n|move|p2b: Dragonite|Dragon Pulse|p1a: Kingambit\n|-resisted|p1a: Kingambit|1\n|-damage|p1a: Kingambit|0 fnt\n|faint|p1a: Kingambit\n|\n|-sideend|p1: LakeHuron|move: Tailwind\n|-sideend|p2: Burroughs|move: Tailwind\n|upkeep\n|\n|t:|1776181600\n|switch|p1b: Aerodactyl|Aerodactyl, L50, M|1/100\n|switch|p1a: Heracross|Heracross, L50, M|100/100\n|-ability|p1b: Aerodactyl|Unnerve\n|turn|5\n|\n|t:|1776181619\n|switch|p2a: Sinistcha|Sinistcha, L50|100/100\n|-heal|p2b: Dragonite|100/100|[from] ability: Hospitality|[of] p2a: Sinistcha\n|detailschange|p1a: Heracross|Heracross-Mega, L50, M\n|-mega|p1a: Heracross|Heracross|Heracronite\n|move|p1b: Aerodactyl|Tailwind|p1b: Aerodactyl\n|-sidestart|p1: LakeHuron|move: Tailwind\n|move|p1a: Heracross|Rock Blast|p2b: Dragonite\n|-supereffective|p2b: Dragonite|1\n|-damage|p2b: Dragonite|90/100\n|-supereffective|p2b: Dragonite|1\n|-damage|p2b: Dragonite|67/100\n|-supereffective|p2b: Dragonite|1\n|-damage|p2b: Dragonite|46/100\n|-supereffective|p2b: Dragonite|1\n|-damage|p2b: Dragonite|23/100\n|-supereffective|p2b: Dragonite|1\n|-damage|p2b: Dragonite|0 fnt\n|faint|p2b: Dragonite\n|-hitcount|p2: Dragonite|5\n|\n|upkeep\n|\n|t:|1776181632\n|switch|p2b: Sneasler|Sneasler, L50, M|100/100\n|turn|6\n|\n|t:|1776181653\n|move|p1b: Aerodactyl|Protect|p1b: Aerodactyl\n|-singleturn|p1b: Aerodactyl|Protect\n|move|p1a: Heracross|Protect|p1a: Heracross\n|-singleturn|p1a: Heracross|Protect\n|move|p2b: Sneasler|Fake Out|p1a: Heracross\n|-activate|p1a: Heracross|move: Protect\n|move|p2a: Sinistcha|Strength Sap|p1a: Heracross\n|-activate|p1a: Heracross|move: Protect\n|\n|upkeep\n|turn|7\n|\n|t:|1776181673\n|move|p2a: Sinistcha|Rage Powder|p2a: Sinistcha\n|-singleturn|p2a: Sinistcha|move: Rage Powder\n|move|p1b: Aerodactyl|Dual Wingbeat|p2a: Sinistcha\n|-supereffective|p2a: Sinistcha|1\n|-damage|p2a: Sinistcha|67/100\n|-supereffective|p2a: Sinistcha|1\n|-damage|p2a: Sinistcha|33/100\n|-hitcount|p2a: Sinistcha|2\n|move|p1a: Heracross|Knock Off|p2a: Sinistcha\n|-supereffective|p2a: Sinistcha|1\n|-crit|p2a: Sinistcha\n|-damage|p2a: Sinistcha|0 fnt\n|-enditem|p2a: Sinistcha|Sitrus Berry|[from] move: Knock Off|[of] p1a: Heracross\n|faint|p2a: Sinistcha\n|move|p2b: Sneasler|Dire Claw|p1a: Heracross\n|-damage|p1a: Heracross|61/100\n|\n|upkeep\n|turn|8\n|-message|Burroughs forfeited.\n|\n|win|LakeHuron\n|raw|LakeHuron's rating: 1250 &rarr; <strong>1282</strong><br />(+32 for winning)\n|raw|Burroughs's rating: 1346 &rarr; <strong>1321</strong><br />(-25 for losing)\n|l|\u2606Burroughs\n|player|p2|\n",
  "uploadtime": 1776181694,
  "views": 19,
  "formatid": "gen9championsvgc2026regma",
  "rating": 1282,
  "private": 0,
  "password": null
}