{
  "id": "gen9championsvgc2026regma-2587483182",
  "format": "[Gen 9 Champions] VGC 2026 Reg M-A",
  "players": [
    "venusaurrr",
    "EDJPP"
  ],
  "log": "|j|\u203dvenusaurrr\n|j|\u2606EDJPP\n|t:|1776535625\n|gametype|doubles\n|player|p1|venusaurrr|boarder|\n|player|p2|EDJPP|volkner|\n|gen|9\n|tier|[Gen 9 Champions] VGC 2026 Reg M-A\n|rated|Tournament battle\n|rule|Species Clause: Limit one of each Pok\u00e9mon\n|rule|Item Clause: Limit 1 of each item\n|raw|<div class=\"infobox\"><details class=\"readmore\" open><summary><strong>1 custom rule:</strong></summary> Force Open Team Sheets</details></div>\n|clearpoke\n|poke|p1|Golurk, L50|\n|poke|p1|Farigiraf, L50, M|\n|poke|p1|Incineroar, L50, F|\n|poke|p1|Torkoal, L50, F|\n|poke|p1|Sneasler, L50, M|\n|poke|p1|Venusaur, L50, F|\n|poke|p2|Froslass, L50, F|\n|poke|p2|Ninetales-Alola, L50, F|\n|poke|p2|Incineroar, L50, F|\n|poke|p2|Garchomp, L50, F|\n|poke|p2|Beedrill, L50, M|\n|poke|p2|Sinistcha, L50|\n|teampreview|4\n|showteam|p1|Golurk||Golurkite|IronFist|Poltergeist,IcePunch,HeadlongRush,Protect||||||50|]Farigiraf||SitrusBerry|ArmorTail|HyperVoice,Psychic,TrickRoom,HelpingHand|||M|||50|]Incineroar||ShucaBerry|Intimidate|FakeOut,FlareBlitz,ThroatChop,PartingShot|||F|||50|]Torkoal||Charcoal|Drought|Eruption,HeatWave,WeatherBall,Protect|||F|||50|]Sneasler||WhiteHerb|Unburden|FakeOut,CloseCombat,DireClaw,Coaching|||M|||50|]Venusaur||FocusSash|Chlorophyll|Protect,LeafStorm,SleepPowder,SludgeBomb|||F|||50|\n|showteam|p2|Froslass||Froslassite|SnowCloak|Protect,Blizzard,ShadowBall,NastyPlot|||F|||50|]Ninetales-Alola||FocusSash|SnowWarning|AuroraVeil,Blizzard,IcyWind,Moonblast|||F|||50|]Incineroar||Leftovers|Intimidate|FakeOut,FlareBlitz,PartingShot,DarkestLariat|||F|||50|]Garchomp||ChoiceScarf|RoughSkin|DragonClaw,Earthquake,RockSlide,StompingTantrum|||F|||50|]Beedrill||Beedrillite|Swarm|Lunge,PoisonJab,SkitterSmack,Protect|||M|||50|]Sinistcha||SitrusBerry|Hospitality|LifeDew,MatchaGotcha,Scald,RagePowder||||||50|\n|inactive|Battle timer is ON: inactive players will automatically lose when time's up. (requested by EDJPP)\n|j| whizz whoosh\n|inactive|EDJPP has 60 seconds left.\n|\n|t:|1776535657\n|teamsize|p1|4\n|teamsize|p2|4\n|start\n|switch|p1a: Incineroar|Incineroar, L50, F|100/100\n|switch|p1b: Farigiraf|Farigiraf, L50, M|100/100\n|switch|p2a: Beedrill|Beedrill, L50, M|100/100\n|switch|p2b: Ninetales|Ninetales-Alola, L50, F|100/100\n|-weather|Snowscape|[from] ability: Snow Warning|[of] p2b: Ninetales\n|-ability|p1a: Incineroar|Intimidate|boost\n|-unboost|p2a: Beedrill|atk|1\n|-unboost|p2b: Ninetales|atk|1\n|turn|1\n|inactive|venusaurrr has 30 seconds left.\n|inactive|EDJPP has 30 seconds left.\n|inactive|EDJPP has 20 seconds left.\n|inactive|EDJPP has 15 seconds left.\n|inactive|EDJPP has 10 seconds left.\n|inactive|EDJPP has 5 seconds left.\n|\n|t:|1776535709\n|switch|p1a: Torkoal|Torkoal, L50, F|100/100\n|-weather|SunnyDay|[from] ability: Drought|[of] p1a: Torkoal\n|move|p2a: Beedrill|Protect|p2a: Beedrill\n|-singleturn|p2a: Beedrill|Protect\n|move|p2b: Ninetales|Aurora Veil||[still]\n|-fail|p2b: Ninetales\n|move|p1b: Farigiraf|Trick Room|p1b: Farigiraf\n|-fieldstart|move: Trick Room|[of] p1b: Farigiraf\n|\n|-weather|SunnyDay|[upkeep]\n|upkeep\n|turn|2\n|\n|t:|1776535726\n|switch|p2a: Garchomp|Garchomp, L50, F|100/100\n|switch|p2b: Incineroar|Incineroar, L50, F|100/100\n|-ability|p2b: Incineroar|Intimidate|boost\n|-unboost|p1a: Torkoal|atk|1\n|-unboost|p1b: Farigiraf|atk|1\n|move|p1b: Farigiraf|Helping Hand|p1a: Torkoal\n|-singleturn|p1a: Torkoal|Helping Hand|[of] p1b: Farigiraf\n|move|p1a: Torkoal|Eruption|p2a: Garchomp|[spread] p2a,p2b\n|-resisted|p2a: Garchomp|1\n|-resisted|p2b: Incineroar|1\n|-damage|p2a: Garchomp|23/100\n|-damage|p2b: Incineroar|52/100\n|\n|-weather|SunnyDay|[upkeep]\n|-heal|p2b: Incineroar|58/100|[from] item: Leftovers\n|upkeep\n|turn|3\n|\n|t:|1776535746\n|move|p1a: Torkoal|Eruption|p2b: Incineroar|[spread] p2a,p2b\n|-resisted|p2a: Garchomp|1\n|-resisted|p2b: Incineroar|1\n|-damage|p2a: Garchomp|0 fnt\n|-damage|p2b: Incineroar|24/100\n|faint|p2a: Garchomp\n|move|p2b: Incineroar|Flare Blitz|p1b: Farigiraf\n|-damage|p1b: Farigiraf|36/100\n|-enditem|p1b: Farigiraf|Sitrus Berry|[eat]\n|-heal|p1b: Farigiraf|61/100|[from] item: Sitrus Berry\n|-damage|p2b: Incineroar|0 fnt|[from] Recoil\n|faint|p2b: Incineroar\n|move|p1b: Farigiraf|Hyper Voice|p2: Garchomp|[notarget]\n|-fail|p1b: Farigiraf\n|\n|-weather|SunnyDay|[upkeep]\n|upkeep\n|\n|t:|1776535758\n|switch|p2b: Beedrill|Beedrill, L50, M|100/100\n|switch|p2a: Ninetales|Ninetales-Alola, L50, F|100/100\n|-weather|Snowscape|[from] ability: Snow Warning|[of] p2a: Ninetales\n|turn|4\n|\n|t:|1776535778\n|detailschange|p2b: Beedrill|Beedrill-Mega, L50, M\n|-mega|p2b: Beedrill|Beedrill|Beedrillite\n|move|p1b: Farigiraf|Helping Hand|p1a: Torkoal\n|-singleturn|p1a: Torkoal|Helping Hand|[of] p1b: Farigiraf\n|move|p1a: Torkoal|Eruption|p2b: Beedrill|[spread] p2a,p2b\n|-supereffective|p2a: Ninetales|1\n|-supereffective|p2b: Beedrill|1\n|-enditem|p2a: Ninetales|Focus Sash\n|-damage|p2a: Ninetales|1/100\n|-damage|p2b: Beedrill|0 fnt\n|faint|p2b: Beedrill\n|move|p2a: Ninetales|Blizzard|p1b: Farigiraf|[spread] p1a,p1b\n|-resisted|p1a: Torkoal|1\n|-damage|p1a: Torkoal|80/100\n|-damage|p1b: Farigiraf|29/100\n|\n|-weather|Snowscape|[upkeep]\n|upkeep\n|turn|5\n|inactive|EDJPP has 30 seconds left.\n|inactive|EDJPP has 20 seconds left.\n|\n|t:|1776535818\n|move|p1a: Torkoal|Weather Ball|p2a: Ninetales\n|-resisted|p2a: Ninetales|1\n|-damage|p2a: Ninetales|0 fnt\n|faint|p2a: Ninetales\n|\n|win|venusaurrr\n|n|\u203dvenusaurrr|venusaurrr\n|n|\u2606EDJPP|edjpp\n|n| whizz whoosh|whizzwhoosh\n",
  "uploadtime": 1776535826,
  "views": 13,
  "formatid": "gen9championsvgc2026regma",
  "rating": null,
  "private": 0,
  "password": null
}