{
  "id": "gen9championsvgc2026regma-2588459474",
  "format": "[Gen 9 Champions] VGC 2026 Reg M-A",
  "players": [
    "morgriffo",
    "Tipo Shitstorm"
  ],
  "log": "|j|\u2606morgriffo\n|j|\u203dTipo Shitstorm\n|html|<table width=\"100%\"><tr><td align=\"left\">morgriffo</td><td align=\"right\">Tipo Shitstorm</tr><tr><td align=\"left\"><i class=\"fa fa-circle\"></i> <i class=\"fa fa-circle-o\"></i> </td><td align=\"right\"><i class=\"fa fa-circle-o\"></i> <i class=\"fa fa-circle\"></i> </tr></table>\n|uhtml|bestof|<h2><strong>Game 3</strong> of <a href=\"/game-bestof3-gen9championsvgc2026regma-2588451446\">a best-of-3</a></h2>\n|t:|1776635403\n|gametype|doubles\n|player|p1|morgriffo|265|\n|player|p2|Tipo Shitstorm|teamrocket|\n|gen|9\n|tier|[Gen 9 Champions] VGC 2026 Reg M-A\n|rule|Species Clause: Limit one of each Pok\u00e9mon\n|rule|Item Clause: Limit 1 of each item\n|raw|<div class=\"infobox\"><details class=\"readmore\" open><summary><strong>1 custom rule:</strong></summary> Best of = 3</details></div>\n|clearpoke\n|poke|p1|Garchomp, L50, M|\n|poke|p1|Tyranitar, L50, M|\n|poke|p1|Incineroar, L50, F, shiny|\n|poke|p1|Gengar, L50, M, shiny|\n|poke|p1|Meowscarada, L50, M|\n|poke|p1|Kingambit, L50, M|\n|poke|p2|Sneasler, L50, M|\n|poke|p2|Floette-Eternal, L50, F|\n|poke|p2|Gardevoir, L50, M|\n|poke|p2|Whimsicott, L50, M|\n|poke|p2|Ditto, L50|\n|poke|p2|Infernape, L50, M|\n|teampreview|4\n|inactive|Battle timer is ON: inactive players will automatically lose when time's up. (requested by Tipo Shitstorm)\n|inactive|morgriffo has 60 seconds left.\n|\n|t:|1776635447\n|teamsize|p1|4\n|teamsize|p2|4\n|start\n|switch|p1a: Tyranitar|Tyranitar, L50, M|100/100\n|switch|p1b: Incineroar|Incineroar, L50, F, shiny|100/100\n|switch|p2a: Sneasler|Sneasler, L50, M|100/100\n|switch|p2b: Floette|Floette-Eternal, L50, F|100/100\n|-weather|Sandstorm|[from] ability: Sand Stream|[of] p1a: Tyranitar\n|-ability|p1b: Incineroar|Intimidate|boost\n|-unboost|p2a: Sneasler|atk|1\n|-unboost|p2b: Floette|atk|1\n|turn|1\n|inactive|morgriffo has 30 seconds left.\n|\n|t:|1776635479\n|switch|p2a: Whimsicott|Whimsicott, L50, M|100/100\n|detailschange|p1a: Tyranitar|Tyranitar-Mega, L50, M\n|-mega|p1a: Tyranitar|Tyranitar|Tyranitarite\n|move|p2b: Floette|Protect|p2b: Floette\n|-singleturn|p2b: Floette|Protect\n|move|p1b: Incineroar|Fake Out|p2b: Floette\n|-activate|p2b: Floette|move: Protect\n|move|p1a: Tyranitar|High Horsepower|p2a: Whimsicott\n|-resisted|p2a: Whimsicott|1\n|-damage|p2a: Whimsicott|75/100\n|\n|-weather|Sandstorm|[upkeep]\n|-damage|p2a: Whimsicott|69/100|[from] Sandstorm\n|-damage|p2b: Floette|94/100|[from] Sandstorm\n|-damage|p1b: Incineroar|95/100|[from] Sandstorm\n|-heal|p1b: Incineroar|100/100|[from] item: Leftovers\n|upkeep\n|turn|2\n|inactive|Tipo Shitstorm has 30 seconds left.\n|\n|t:|1776635505\n|detailschange|p2b: Floette|Floette-Mega, L50, F\n|-mega|p2b: Floette|Floette|Floettite\n|-ability|p2b: Floette|Fairy Aura\n|move|p2a: Whimsicott|Sunny Day|p2a: Whimsicott\n|-weather|SunnyDay\n|move|p2b: Floette|Calm Mind|p2b: Floette\n|-boost|p2b: Floette|spa|1\n|-boost|p2b: Floette|spd|1\n|move|p1a: Tyranitar|Rock Slide|p2b: Floette|[spread] p2a,p2b\n|-damage|p2a: Whimsicott|23/100\n|-damage|p2b: Floette|54/100\n|move|p1b: Incineroar|Parting Shot|p2b: Floette\n|-unboost|p2b: Floette|atk|1\n|-unboost|p2b: Floette|spa|1\n|\n|t:|1776635522\n|switch|p1b: Kingambit|Kingambit, L50, M|100/100|[from] Parting Shot\n|\n|-weather|SunnyDay|[upkeep]\n|upkeep\n|turn|3\n|\n|t:|1776635536\n|move|p2a: Whimsicott|Dazzling Gleam|p1b: Kingambit|[spread] p1a,p1b\n|-supereffective|p1a: Tyranitar|1\n|-damage|p1a: Tyranitar|48/100\n|-damage|p1b: Kingambit|67/100\n|move|p2b: Floette|Dazzling Gleam|p1a: Tyranitar|[spread] p1a,p1b\n|-supereffective|p1a: Tyranitar|1\n|-crit|p1a: Tyranitar\n|-damage|p1a: Tyranitar|0 fnt\n|-damage|p1b: Kingambit|21/100\n|faint|p1a: Tyranitar\n|move|p1b: Kingambit|Iron Head|p2b: Floette\n|-supereffective|p2b: Floette|1\n|-damage|p2b: Floette|0 fnt\n|faint|p2b: Floette\n|\n|-weather|SunnyDay|[upkeep]\n|upkeep\n|\n|t:|1776635557\n|switch|p2b: Sneasler|Sneasler, L50, M|100/100\n|switch|p1a: Incineroar|Incineroar, L50, F, shiny|100/100\n|-ability|p1a: Incineroar|Intimidate|boost\n|-unboost|p2a: Whimsicott|atk|1\n|-unboost|p2b: Sneasler|atk|1\n|turn|4\n|inactive|morgriffo has 30 seconds left.\n|inactive|morgriffo has 20 seconds left.\n|inactive|morgriffo has 15 seconds left.\n|inactive|morgriffo has 10 seconds left.\n|\n|t:|1776635604\n|switch|p2a: Infernape|Infernape, L50, M|100/100\n|move|p1b: Kingambit|Protect|p1b: Kingambit\n|-singleturn|p1b: Kingambit|Protect\n|move|p2b: Sneasler|Upper Hand|p1a: Incineroar\n|-supereffective|p1a: Incineroar|1\n|-damage|p1a: Incineroar|52/100\n|cant|p1a: Incineroar|flinch\n|\n|-weather|SunnyDay|[upkeep]\n|-heal|p1a: Incineroar|58/100|[from] item: Leftovers\n|upkeep\n|turn|5\n|\n|t:|1776635627\n|move|p1b: Kingambit|Sucker Punch|p2b: Sneasler\n|-resisted|p2b: Sneasler|1\n|-damage|p2b: Sneasler|68/100\n|move|p2b: Sneasler|Throat Chop|p1a: Incineroar\n|-resisted|p1a: Incineroar|1\n|-damage|p1a: Incineroar|48/100\n|-start|p1a: Incineroar|Throat Chop|[silent]\n|move|p2a: Infernape|Aura Sphere|p1b: Kingambit\n|-supereffective|p1b: Kingambit|2\n|-damage|p1b: Kingambit|0 fnt\n|faint|p1b: Kingambit\n|cant|p1a: Incineroar|move: Throat Chop\n|\n|-weather|SunnyDay|[upkeep]\n|-heal|p1a: Incineroar|53/100|[from] item: Leftovers\n|upkeep\n|\n|t:|1776635639\n|switch|p1b: Garchomp|Garchomp, L50, M|100/100\n|turn|6\n|inactive|morgriffo has 30 seconds left.\n|inactive|Tipo Shitstorm has 30 seconds left.\n|inactive|morgriffo has 20 seconds left.\n|\n|t:|1776635676\n|switch|p2b: Whimsicott|Whimsicott, L50, M|23/100\n|move|p1b: Garchomp|Protect|p1b: Garchomp\n|-singleturn|p1b: Garchomp|Protect\n|move|p2a: Infernape|Protect|p2a: Infernape\n|-singleturn|p2a: Infernape|Protect\n|move|p1a: Incineroar|Flare Blitz|p2b: Whimsicott\n|-supereffective|p2b: Whimsicott|1\n|-damage|p2b: Whimsicott|0 fnt\n|faint|p2b: Whimsicott\n|-damage|p1a: Incineroar|48/100|[from] Recoil\n|\n|-weather|none\n|-heal|p1a: Incineroar|53/100|[from] item: Leftovers\n|-end|p1a: Incineroar|Throat Chop|[silent]\n|upkeep\n|\n|t:|1776635684\n|switch|p2b: Sneasler|Sneasler, L50, M|68/100\n|turn|7\n|c|\u2606morgriffo|no vabbe\n|c|\u2606morgriffo|che pirla\n|c|\u2606morgriffo|mi ero dimenticato di avergli cambiato il set\n|inactive|morgriffo has 30 seconds left.\n|\n|t:|1776635717\n|move|p1b: Garchomp|Protect||[still]\n|-fail|p1b: Garchomp\n|move|p2b: Sneasler|Fake Out|p1b: Garchomp\n|-damage|p1b: Garchomp|84/100\n|move|p2a: Infernape|Aura Sphere|p1a: Incineroar\n|-supereffective|p1a: Incineroar|1\n|-damage|p1a: Incineroar|0 fnt\n|faint|p1a: Incineroar\n|\n|upkeep\n|turn|8\n|c|\u2606morgriffo|scarf protect\n|c|\u2606morgriffo|facevo earthquake con scarf\n|c|\u2606morgriffo|ed avevo vinto\n|c|\u2606morgriffo|hahahahah\n|inactive|morgriffo has 30 seconds left.\n|inactive|Tipo Shitstorm has 30 seconds left.\n|inactive|morgriffo has 20 seconds left.\n|inactive|morgriffo has 15 seconds left.\n|-message|morgriffo forfeited.\n|\n|win|Tipo Shitstorm\n|l|\u2606morgriffo\n|player|p1|\n",
  "uploadtime": 1776635765,
  "views": 6,
  "formatid": "gen9championsvgc2026regma",
  "rating": null,
  "private": 0,
  "password": null
}