{
  "id": "gen9championsvgc2026regma-2581740920",
  "format": "[Gen 9 Champions] VGC 2026 Reg M-A",
  "players": [
    "Dragonyte_99",
    "skibidisigma6741"
  ],
  "log": "|j|\u2606Dragonyte_99\n|j|\u2606skibidisigma6741\n|t:|1776024816\n|gametype|doubles\n|player|p1|Dragonyte_99|pokemaniac|1142\n|player|p2|skibidisigma6741|169|1115\n|gen|9\n|tier|[Gen 9 Champions] VGC 2026 Reg M-A\n|rated|\n|rule|Species Clause: Limit one of each Pok\u00e9mon\n|rule|Item Clause: Limit 1 of each item\n|clearpoke\n|poke|p1|Meganium, L50, F|\n|poke|p1|Dragonite, L50, F|\n|poke|p1|Archaludon, L50, M|\n|poke|p1|Pelipper, L50, F|\n|poke|p1|Basculegion, L50, M|\n|poke|p1|Sneasler, L50, M|\n|poke|p2|Golurk, L50|\n|poke|p2|Farigiraf, L50, M|\n|poke|p2|Sneasler, L50, M|\n|poke|p2|Venusaur, L50, M|\n|poke|p2|Torkoal, L50, F|\n|poke|p2|Incineroar, L50, M|\n|teampreview|4\nskibidisigma6741 has agreed to open team sheets.\nDragonyte_99 rejected open team sheets.\n|\n|t:|1776024861\n|teamsize|p1|4\n|teamsize|p2|4\n|start\n|switch|p1a: Basculegion|Basculegion, L50, M|100/100\n|switch|p1b: Meganium|Meganium, L50, F|100/100\n|switch|p2a: Golurk|Golurk, L50, shiny|100/100\n|switch|p2b: Farigiraf|Farigiraf, L50, M|100/100\n|turn|1\n|\n|t:|1776024874\n|detailschange|p1b: Meganium|Meganium-Mega, L50, F\n|-mega|p1b: Meganium|Meganium|Meganiumite\n|move|p2a: Golurk|Protect|p2a: Golurk\n|-singleturn|p2a: Golurk|Protect\n|move|p1a: Basculegion|Flip Turn|p2a: Golurk\n|-activate|p2a: Golurk|move: Protect\n|move|p1b: Meganium|Solar Beam||[still]\n|-prepare|p1b: Meganium|Solar Beam\n|-activate|p1b: Meganium|ability: Mega Sol\n|-anim|p1b: Meganium|Solar Beam|p2a: Golurk\n|-activate|p2a: Golurk|move: Protect\n|move|p2b: Farigiraf|Trick Room|p2b: Farigiraf\n|-fieldstart|move: Trick Room|[of] p2b: Farigiraf\n|\n|upkeep\n|turn|2\n|\n|t:|1776024903\n|detailschange|p2a: Golurk|Golurk-Mega, L50, shiny\n|-mega|p2a: Golurk|Golurk|Golurkite\n|move|p2a: Golurk|Ice Punch|p1b: Meganium\n|-supereffective|p1b: Meganium|1\n|-crit|p1b: Meganium\n|-damage|p1b: Meganium|12/100\n|move|p2b: Farigiraf|Psychic|p1a: Basculegion\n|-damage|p1a: Basculegion|56/100\n|move|p1b: Meganium|Solar Beam||[still]\n|-prepare|p1b: Meganium|Solar Beam\n|-activate|p1b: Meganium|ability: Mega Sol\n|-anim|p1b: Meganium|Solar Beam|p2a: Golurk\n|-supereffective|p2a: Golurk|1\n|-damage|p2a: Golurk|0 fnt\n|faint|p2a: Golurk\n|move|p1a: Basculegion|Flip Turn|p2b: Farigiraf\n|-damage|p2b: Farigiraf|64/100\n|\n|t:|1776024915\n|switch|p1a: Archaludon|Archaludon, L50, M|100/100|[from] Flip Turn\n|\n|upkeep\n|\n|t:|1776024924\n|switch|p2a: Torkoal|Torkoal, L50, F|100/100\n|-weather|SunnyDay|[from] ability: Drought|[of] p2a: Torkoal\n|turn|3\n|\n|t:|1776024930\n|switch|p1b: Pelipper|Pelipper, L50, F|100/100\n|-weather|RainDance|[from] ability: Drizzle|[of] p1b: Pelipper\n|move|p2a: Torkoal|Eruption|p1b: Pelipper|[spread] p1a,p1b\n|-resisted|p1b: Pelipper|1\n|-damage|p1a: Archaludon|59/100\n|-damage|p1b: Pelipper|84/100\n|move|p2b: Farigiraf|Hyper Voice|p1b: Pelipper|[spread] p1a,p1b\n|-resisted|p1a: Archaludon|1\n|-damage|p1a: Archaludon|37/100\n|-damage|p1b: Pelipper|49/100\n|move|p1a: Archaludon|Electro Shot||[still]\n|-prepare|p1a: Archaludon|Electro Shot\n|-boost|p1a: Archaludon|spa|1\n|-anim|p1a: Archaludon|Electro Shot|p2b: Farigiraf\n|-damage|p2b: Farigiraf|2/100\n|\n|-weather|RainDance|[upkeep]\n|-heal|p1a: Archaludon|43/100|[from] item: Leftovers\n|upkeep\n|turn|4\n|\n|t:|1776024946\n|move|p2a: Torkoal|Eruption|p1b: Pelipper|[spread] p1a,p1b\n|-resisted|p1b: Pelipper|1\n|-damage|p1a: Archaludon|1/100\n|-damage|p1b: Pelipper|30/100\n|move|p2b: Farigiraf|Hyper Voice|p1a: Archaludon|[spread] p1a,p1b\n|-resisted|p1a: Archaludon|1\n|-damage|p1a: Archaludon|0 fnt\n|-damage|p1b: Pelipper|0 fnt\n|faint|p1a: Archaludon\n|faint|p1b: Pelipper\n|\n|-weather|RainDance|[upkeep]\n|upkeep\n|\n|t:|1776024951\n|switch|p1b: Meganium|Meganium-Mega, L50, F|12/100\n|switch|p1a: Basculegion|Basculegion, L50, M|56/100\n|turn|5\n|\n|t:|1776024957\n|move|p1b: Meganium|Protect|p1b: Meganium\n|-singleturn|p1b: Meganium|Protect\n|move|p1a: Basculegion|Aqua Jet||[still]\n|cant|p2b: Farigiraf|ability: Armor Tail|Aqua Jet|[of] p1a: Basculegion\n|move|p2a: Torkoal|Eruption|p1b: Meganium|[spread] p1a\n|-activate|p1b: Meganium|move: Protect\n|-resisted|p1a: Basculegion|1\n|-damage|p1a: Basculegion|38/100\n|move|p2b: Farigiraf|Psychic|p1a: Basculegion\n|-damage|p1a: Basculegion|0 fnt\n|faint|p1a: Basculegion\n|\n|-weather|RainDance|[upkeep]\n|-fieldend|move: Trick Room\n|upkeep\n|turn|6\n|c|\u2606skibidisigma6741|no wide guard? :sob\n|\n|t:|1776024971\n|move|p1b: Meganium|Weather Ball|p2a: Torkoal\n|-resisted|p2a: Torkoal|1\n|-damage|p2a: Torkoal|61/100\n|move|p2b: Farigiraf|Hyper Voice|p1b: Meganium\n|-damage|p1b: Meganium|0 fnt\n|faint|p1b: Meganium\n|\n|win|skibidisigma6741\n|raw|Dragonyte_99's rating: 1142 &rarr; <strong>1115</strong><br />(-27 for losing)\n|raw|skibidisigma6741's rating: 1115 &rarr; <strong>1142</strong><br />(+27 for winning)\n",
  "uploadtime": 1776024974,
  "views": 15,
  "formatid": "gen9championsvgc2026regma",
  "rating": 1115,
  "private": 0,
  "password": null
}