{
  "id": "gen9championsvgc2026regma-2585811704",
  "format": "[Gen 9 Champions] VGC 2026 Reg M-A",
  "players": [
    "caseohhs",
    "Crusaddy"
  ],
  "log": "|j|\u2606caseohhs\n|j|\u2606Crusaddy\n|t:|1776372396\n|gametype|doubles\n|player|p1|caseohhs|cynthia-gen7|1096\n|player|p2|Crusaddy|hilda|1096\n|gen|9\n|tier|[Gen 9 Champions] VGC 2026 Reg M-A\n|rated|\n|rule|Species Clause: Limit one of each Pok\u00e9mon\n|rule|Item Clause: Limit 1 of each item\n|clearpoke\n|poke|p1|Venusaur, L50, F|\n|poke|p1|Vaporeon, L50, F|\n|poke|p1|Charizard, L50, F|\n|poke|p1|Torkoal, L50, M|\n|poke|p1|Sableye, L50, F|\n|poke|p1|Typhlosion-Hisui, L50, M|\n|poke|p2|Kingambit, L50, M|\n|poke|p2|Aerodactyl, L50, F|\n|poke|p2|Garchomp, L50, F|\n|poke|p2|Gengar, L50, F|\n|poke|p2|Arcanine, L50, M|\n|poke|p2|Rotom-Wash, L50|\n|teampreview|4\n|inactive|Battle timer is ON: inactive players will automatically lose when time's up. (requested by caseohhs)\n|\n|t:|1776372445\n|teamsize|p1|4\n|teamsize|p2|4\n|start\n|switch|p1a: Charizard|Charizard, L50, F|100/100\n|switch|p1b: Venusaur|Venusaur, L50, F|100/100\n|switch|p2a: Gengar|Gengar, L50, F|100/100\n|switch|p2b: Garchomp|Garchomp, L50, F|100/100\n|turn|1\n|\n|t:|1776372463\n|detailschange|p2a: Gengar|Gengar-Mega, L50, F\n|-mega|p2a: Gengar|Gengar|Gengarite\n|detailschange|p1a: Charizard|Charizard-Mega-Y, L50, F\n|-mega|p1a: Charizard|Charizard|Charizardite Y\n|-weather|SunnyDay|[from] ability: Drought|[of] p1a: Charizard\n|move|p1a: Charizard|Protect|p1a: Charizard\n|-singleturn|p1a: Charizard|Protect\n|move|p1b: Venusaur|Sleep Powder|p2b: Garchomp\n|-status|p2b: Garchomp|slp|[from] move: Sleep Powder\n|cant|p2b: Garchomp|slp\n|move|p2a: Gengar|Sludge Wave|p1b: Venusaur|[spread] p2b,p1b\n|-activate|p1a: Charizard|move: Protect\n|-resisted|p2b: Garchomp|1\n|-damage|p2b: Garchomp|74/100 slp\n|-damage|p1b: Venusaur|58/100\n|\n|-weather|SunnyDay|[upkeep]\n|upkeep\n|turn|2\n|\n|t:|1776372482\n|move|p1b: Venusaur|Sleep Powder|p2a: Gengar\n|-status|p2a: Gengar|slp|[from] move: Sleep Powder\n|cant|p2b: Garchomp|slp\n|cant|p2a: Gengar|slp\n|move|p1a: Charizard|Heat Wave|p2b: Garchomp|[spread] p2a,p2b\n|-resisted|p2b: Garchomp|1\n|-damage|p2a: Gengar|22/100 slp\n|-damage|p2b: Garchomp|45/100 slp\n|\n|-weather|SunnyDay|[upkeep]\n|upkeep\n|turn|3\n|c|\u2606Crusaddy|art thou for real\n|\n|t:|1776372498\n|move|p1b: Venusaur|Sleep Powder|p2b: Garchomp\n|-fail|p2b: Garchomp|slp\n|-curestatus|p2b: Garchomp|slp|[msg]\n|move|p2b: Garchomp|Rock Slide|p1b: Venusaur|[spread] p1b\n|-miss|p2b: Garchomp|p1a: Charizard\n|-damage|p1b: Venusaur|37/100\n|cant|p2a: Gengar|slp\n|move|p1a: Charizard|Heat Wave|p2b: Garchomp|[spread] p2b\n|-miss|p1a: Charizard|p2a: Gengar\n|-resisted|p2b: Garchomp|1\n|-damage|p2b: Garchomp|16/100\n|-status|p2b: Garchomp|brn\n|\n|-weather|SunnyDay|[upkeep]\n|-damage|p2b: Garchomp|10/100 brn|[from] brn\n|upkeep\n|turn|4\n|c|\u2606Crusaddy|bro\n|c|\u2606caseohhs|oh\n|c|\u2606caseohhs|mb\n|c|\u2606Crusaddy|come on\n|c|\u2606caseohhs|MB\n|c|\u2606caseohhs|LOL\n|c|\u2606Crusaddy|you hit 3 sleep powders and i miss my rock slide\n|c|\u2606Crusaddy|yup\n|inactive|Crusaddy has 30 seconds left.\n|\n|t:|1776372523\n|move|p1a: Charizard|Protect|p1a: Charizard\n|-singleturn|p1a: Charizard|Protect\n|move|p1b: Venusaur|Sleep Powder||[still]\n|-fail|p1b: Venusaur\n|move|p2b: Garchomp|Rock Slide|p1a: Charizard|[spread] p1b\n|-activate|p1a: Charizard|move: Protect\n|-damage|p1b: Venusaur|26/100\n|-curestatus|p2a: Gengar|slp|[msg]\n|move|p2a: Gengar|Sludge Wave|p1b: Venusaur|[spread] p2b,p1b\n|-activate|p1a: Charizard|move: Protect\n|-resisted|p2b: Garchomp|1\n|-damage|p2b: Garchomp|0 fnt\n|-damage|p1b: Venusaur|0 fnt\n|faint|p2b: Garchomp\n|faint|p1b: Venusaur\n|\n|-weather|SunnyDay|[upkeep]\n|upkeep\n|c|\u2606caseohhs|oh\n|c|\u2606caseohhs|im a chud\n|\n|t:|1776372539\n|switch|p2b: Aerodactyl|Aerodactyl, L50, F|100/100\n|switch|p1b: Typhlosion|Typhlosion-Hisui, L50, M|100/100\n|-ability|p2b: Aerodactyl|Unnerve\n|-item|p2a: Gengar|Gengarite|[from] ability: Frisk|[of] p1b: Typhlosion\n|-item|p2b: Aerodactyl|Aerodactylite|[from] ability: Frisk|[of] p1b: Typhlosion\n|turn|5\n|\n|t:|1776372547\n|move|p2a: Gengar|Protect|p2a: Gengar\n|-singleturn|p2a: Gengar|Protect\n|move|p1b: Typhlosion|Eruption|p2a: Gengar|[spread] p2b\n|-activate|p2a: Gengar|move: Protect\n|-resisted|p2b: Aerodactyl|1\n|-damage|p2b: Aerodactyl|37/100\n|move|p2b: Aerodactyl|Rock Slide|p1a: Charizard|[spread] p1a,p1b\n|-supereffective|p1a: Charizard|2\n|-supereffective|p1b: Typhlosion|1\n|-damage|p1a: Charizard|0 fnt\n|-damage|p1b: Typhlosion|23/100\n|faint|p1a: Charizard\n|\n|-weather|none\n|upkeep\n|\n|t:|1776372557\n|switch|p1a: Torkoal|Torkoal, L50, M|100/100\n|-weather|SunnyDay|[from] ability: Drought|[of] p1a: Torkoal\n|turn|6\n|\n|t:|1776372570\n|move|p1a: Torkoal|Helping Hand|p1b: Typhlosion\n|-singleturn|p1b: Typhlosion|Helping Hand|[of] p1a: Torkoal\n|move|p1b: Typhlosion|Eruption|p2a: Gengar|[spread] p2a,p2b\n|-resisted|p2b: Aerodactyl|1\n|-damage|p2a: Gengar|0 fnt\n|-damage|p2b: Aerodactyl|16/100\n|faint|p2a: Gengar\n|move|p2b: Aerodactyl|Rock Slide|p1b: Typhlosion|[spread] p1a,p1b\n|-supereffective|p1a: Torkoal|1\n|-supereffective|p1b: Typhlosion|1\n|-damage|p1a: Torkoal|62/100\n|-damage|p1b: Typhlosion|0 fnt\n|faint|p1b: Typhlosion\n|\n|-weather|SunnyDay|[upkeep]\n|upkeep\n|\n|t:|1776372576\n|switch|p2a: Rotom|Rotom-Wash, L50|100/100\n|turn|7\n|\n|t:|1776372586\n|move|p2b: Aerodactyl|Rock Slide|p1a: Torkoal\n|-supereffective|p1a: Torkoal|1\n|-damage|p1a: Torkoal|4/100\n|move|p2a: Rotom|Thunder Wave|p1a: Torkoal\n|-status|p1a: Torkoal|par\n|move|p1a: Torkoal|Eruption|p2a: Rotom|[spread] p2a,p2b\n|-resisted|p2a: Rotom|1\n|-resisted|p2b: Aerodactyl|1\n|-damage|p2a: Rotom|99/100\n|-damage|p2b: Aerodactyl|15/100\n|\n|-weather|SunnyDay|[upkeep]\n|-heal|p2a: Rotom|100/100|[from] item: Leftovers\n|upkeep\n|turn|8\n|c|\u2606Crusaddy|crazy i still win after that start\n|c|\u2606caseohhs|yea\n|c|\u2606caseohhs|gg\n|\n|t:|1776372600\n|move|p2b: Aerodactyl|Dual Wingbeat|p1a: Torkoal\n|-damage|p1a: Torkoal|0 fnt\n|faint|p1a: Torkoal\n|-hitcount|p1: Torkoal|1\n|\n|win|Crusaddy\n|raw|caseohhs's rating: 1096 &rarr; <strong>1072</strong><br />(-24 for losing)\n|raw|Crusaddy's rating: 1096 &rarr; <strong>1122</strong><br />(+26 for winning)\n|c|\u2606Crusaddy|gg\n|l|\u2606caseohhs\n|player|p1|\n",
  "uploadtime": 1776372607,
  "views": 15,
  "formatid": "gen9championsvgc2026regma",
  "rating": 1072,
  "private": 0,
  "password": null
}