{
  "id": "gen9championsvgc2026regma-2586671443",
  "format": "[Gen 9 Champions] VGC 2026 Reg M-A",
  "players": [
    "toxmyself",
    "LEM0NKE"
  ],
  "log": "|j|\u2606toxmyself\n|j|\u2606LEM0NKE\n|t:|1776450889\n|gametype|doubles\n|player|p1|toxmyself|norman|1241\n|player|p2|LEM0NKE|102|1246\n|gen|9\n|tier|[Gen 9 Champions] VGC 2026 Reg M-A\n|rated|\n|rule|Species Clause: Limit one of each Pok\u00e9mon\n|rule|Item Clause: Limit 1 of each item\n|clearpoke\n|poke|p1|Slowking-Galar, L50, F|\n|poke|p1|Aggron, L50, M|\n|poke|p1|Milotic, L50, M|\n|poke|p1|Appletun, L50, F|\n|poke|p1|Clefable, L50, M|\n|poke|p1|Incineroar, L50, F|\n|poke|p2|Incineroar, L50, F|\n|poke|p2|Manectric, L50, M|\n|poke|p2|Ninetales-Alola, L50, M|\n|poke|p2|Basculegion, L50, M|\n|poke|p2|Corviknight, L50, M|\n|poke|p2|Garchomp, L50, F|\n|teampreview|4\n|inactive|Battle timer is ON: inactive players will automatically lose when time's up. (requested by toxmyself)\n|inactive|LEM0NKE has 60 seconds left.\n|\n|t:|1776450920\n|teamsize|p1|4\n|teamsize|p2|4\n|start\n|switch|p1a: Slowking|Slowking-Galar, L50, F|100/100\n|switch|p1b: Aggron|Aggron, L50, M|100/100\n|switch|p2a: Manectric|Manectric, L50, M|100/100\n|switch|p2b: Incineroar|Incineroar, L50, F|100/100\n|-ability|p2b: Incineroar|Intimidate|boost\n|-unboost|p1a: Slowking|atk|1\n|-unboost|p1b: Aggron|atk|1\n|turn|1\n|\n|t:|1776450939\n|switch|p2b: Basculegion|Basculegion, L50, M|100/100\n|detailschange|p2a: Manectric|Manectric-Mega, L50, M\n|-mega|p2a: Manectric|Manectric|Manectite\n|-ability|p2a: Manectric|Intimidate|boost\n|-unboost|p1a: Slowking|atk|1\n|-unboost|p1b: Aggron|atk|1\n|move|p1b: Aggron|Protect|p1b: Aggron\n|-singleturn|p1b: Aggron|Protect\n|move|p2a: Manectric|Volt Switch|p1b: Aggron\n|-activate|p1b: Aggron|move: Protect\n|move|p1a: Slowking|Toxic|p2b: Basculegion\n|-status|p2b: Basculegion|tox\n|\n|-damage|p2b: Basculegion|95/100 tox|[from] psn\n|upkeep\n|turn|2\n|inactive|toxmyself has 30 seconds left.\n|inactive|LEM0NKE has 30 seconds left.\n|\n|t:|1776450971\n|detailschange|p1b: Aggron|Aggron-Mega, L50, M\n|-mega|p1b: Aggron|Aggron|Aggronite\n|move|p2b: Basculegion|Flip Turn|p1b: Aggron\n|-damage|p1b: Aggron|80/100\n|\n|t:|1776450978\n|switch|p2b: Incineroar|Incineroar, L50, F|100/100|[from] Flip Turn\n|-ability|p2b: Incineroar|Intimidate|boost\n|-unboost|p1a: Slowking|atk|1\n|-unboost|p1b: Aggron|atk|1\n|move|p2a: Manectric|Volt Switch|p1b: Aggron\n|-damage|p1b: Aggron|52/100\n|\n|t:|1776450982\n|switch|p2a: Basculegion|Basculegion, L50, M|95/100 tox|[from] Volt Switch\n|move|p1b: Aggron|Body Press|p2a: Basculegion\n|-immune|p2a: Basculegion\n|move|p1a: Slowking|Trick Room|p1a: Slowking\n|-fieldstart|move: Trick Room|[of] p1a: Slowking\n|\n|-damage|p2a: Basculegion|89/100 tox|[from] psn\n|upkeep\n|turn|3\n|\n|t:|1776451004\n|switch|p1a: Milotic|Milotic, L50, M|100/100\n|move|p1b: Aggron|Protect|p1b: Aggron\n|-singleturn|p1b: Aggron|Protect\n|move|p2b: Incineroar|Fake Out|p1b: Aggron\n|-activate|p1b: Aggron|move: Protect\n|move|p2a: Basculegion|Flip Turn|p1a: Milotic\n|-resisted|p1a: Milotic|1\n|-damage|p1a: Milotic|85/100\n|\n|t:|1776451022\n|switch|p2a: Manectric|Manectric-Mega, L50, M|100/100|[from] Flip Turn\n|-ability|p2a: Manectric|Intimidate|boost\n|-unboost|p1a: Milotic|atk|1\n|-ability|p1a: Milotic|Competitive|boost\n|-boost|p1a: Milotic|spa|2\n|-unboost|p1b: Aggron|atk|1\n|\n|-heal|p1a: Milotic|92/100|[from] item: Leftovers\n|upkeep\n|turn|4\n|\n|t:|1776451041\n|switch|p2b: Basculegion|Basculegion, L50, M|89/100 tox\n|move|p2a: Manectric|Protect|p2a: Manectric\n|-singleturn|p2a: Manectric|Protect\n|move|p1b: Aggron|Body Press|p2a: Manectric\n|-activate|p2a: Manectric|move: Protect\n|move|p1a: Milotic|Muddy Water|p2a: Manectric|[spread] p2b\n|-activate|p2a: Manectric|move: Protect\n|-resisted|p2b: Basculegion|1\n|-damage|p2b: Basculegion|62/100 tox\n|-unboost|p2b: Basculegion|accuracy|1\n|\n|-heal|p1a: Milotic|98/100|[from] item: Leftovers\n|-damage|p2b: Basculegion|56/100 tox|[from] psn\n|upkeep\n|turn|5\n|inactive|LEM0NKE has 30 seconds left.\n|inactive|LEM0NKE has 20 seconds left.\n|inactive|LEM0NKE has 15 seconds left.\n|inactive|LEM0NKE has 10 seconds left.\n|\n|t:|1776451089\n|move|p1b: Aggron|Body Press|p2a: Manectric\n|-damage|p2a: Manectric|51/100\n|move|p1a: Milotic|Muddy Water|p2a: Manectric|[spread] p2a\n|-miss|p1a: Milotic|p2b: Basculegion\n|-crit|p2a: Manectric\n|-damage|p2a: Manectric|0 fnt\n|faint|p2a: Manectric\n|move|p2b: Basculegion|Flip Turn|p1b: Aggron|[miss]\n|-miss|p2b: Basculegion|p1b: Aggron\n|\n|-heal|p1a: Milotic|100/100|[from] item: Leftovers\n|-damage|p2b: Basculegion|44/100 tox|[from] psn\n|upkeep\n|\n|t:|1776451100\n|switch|p2a: Ninetales|Ninetales-Alola, L50, M|100/100\n|turn|6\n|-message|LEM0NKE forfeited.\n|\n|win|toxmyself\n|raw|toxmyself's rating: 1241 &rarr; <strong>1266</strong><br />(+25 for winning)\n|raw|LEM0NKE's rating: 1246 &rarr; <strong>1221</strong><br />(-25 for losing)\n|l|\u2606LEM0NKE\n|player|p2|\n",
  "uploadtime": 1776451107,
  "views": 53,
  "formatid": "gen9championsvgc2026regma",
  "rating": 1221,
  "private": 0,
  "password": null
}