{
  "id": "gen9championsvgc2026regma-2587310587",
  "format": "[Gen 9 Champions] VGC 2026 Reg M-A",
  "players": [
    "alemolgaa",
    "Cubh"
  ],
  "log": "|j|\u2606alemolgaa\n|j|\u2606Cubh\n|t:|1776520781\n|gametype|doubles\n|player|p1|alemolgaa|miku-fire|1146\n|player|p2|Cubh|blue|1188\n|gen|9\n|tier|[Gen 9 Champions] VGC 2026 Reg M-A\n|rated|\n|rule|Species Clause: Limit one of each Pok\u00e9mon\n|rule|Item Clause: Limit 1 of each item\n|clearpoke\n|poke|p1|Scovillain, L50, F|\n|poke|p1|Incineroar, L50, F|\n|poke|p1|Farigiraf, L50, M|\n|poke|p1|Gallade, L50, M|\n|poke|p1|Kingambit, L50, F|\n|poke|p1|Pelipper, L50, M|\n|poke|p2|Charizard, L50, M|\n|poke|p2|Venusaur, L50, F|\n|poke|p2|Tyranitar, L50, M|\n|poke|p2|Hatterene, L50, F|\n|poke|p2|Garchomp, L50, F|\n|poke|p2|Sinistcha, L50|\n|teampreview|4\n|inactive|Battle timer is ON: inactive players will automatically lose when time's up. (requested by Cubh)\n|\n|t:|1776520797\n|teamsize|p1|4\n|teamsize|p2|4\n|start\n|switch|p1a: Incineroar|Incineroar, L50, F|100/100\n|switch|p1b: Farigiraf|Farigiraf, L50, M|100/100\n|switch|p2a: Charizard|Charizard, L50, M|100/100\n|switch|p2b: Venusaur|Venusaur, L50, F|100/100\n|-ability|p1a: Incineroar|Intimidate|boost\n|-unboost|p2a: Charizard|atk|1\n|-unboost|p2b: Venusaur|atk|1\n|turn|1\n|\n|t:|1776520820\n|detailschange|p2a: Charizard|Charizard-Mega-Y, L50, M\n|-mega|p2a: Charizard|Charizard|Charizardite Y\n|-weather|SunnyDay|[from] ability: Drought|[of] p2a: Charizard\n|move|p1a: Incineroar|Fake Out|p2b: Venusaur\n|-damage|p2b: Venusaur|86/100\n|cant|p2b: Venusaur|flinch\n|move|p2a: Charizard|Heat Wave|p1b: Farigiraf|[spread] p1a,p1b\n|-resisted|p1a: Incineroar|1\n|-damage|p1a: Incineroar|68/100\n|-damage|p1b: Farigiraf|36/100\n|-enditem|p1b: Farigiraf|Sitrus Berry|[eat]\n|-heal|p1b: Farigiraf|61/100|[from] item: Sitrus Berry\n|move|p1b: Farigiraf|Trick Room|p1b: Farigiraf\n|-fieldstart|move: Trick Room|[of] p1b: Farigiraf\n|\n|-weather|SunnyDay|[upkeep]\n|upkeep\n|turn|2\n|inactive|alemolgaa has 30 seconds left.\n|inactive|Cubh has 30 seconds left.\n|\n|t:|1776520854\n|switch|p1b: Pelipper|Pelipper, L50, M|100/100\n|-weather|RainDance|[from] ability: Drizzle|[of] p1b: Pelipper\n|switch|p2b: Sinistcha|Sinistcha, L50|100/100\n|move|p1a: Incineroar|Flare Blitz|p2b: Sinistcha\n|-supereffective|p2b: Sinistcha|1\n|-damage|p2b: Sinistcha|49/100\n|-damage|p1a: Incineroar|53/100|[from] Recoil\n|move|p2a: Charizard|Heat Wave|p1b: Pelipper|[spread] p1a,p1b\n|-resisted|p1a: Incineroar|1\n|-resisted|p1b: Pelipper|1\n|-damage|p1a: Incineroar|41/100\n|-damage|p1b: Pelipper|84/100\n|\n|-weather|RainDance|[upkeep]\n|upkeep\n|turn|3\n|inactive|Cubh has 30 seconds left.\n|\n|t:|1776520881\n|switch|p2b: Garchomp|Garchomp, L50, F|100/100\n|switch|p2a: Venusaur|Venusaur, L50, F|86/100\n|move|p1a: Incineroar|Darkest Lariat|p2b: Garchomp\n|-damage|p2b: Garchomp|55/100\n|move|p1b: Pelipper|Weather Ball|p2a: Venusaur\n|-resisted|p2a: Venusaur|1\n|-damage|p2a: Venusaur|45/100\n|\n|-weather|RainDance|[upkeep]\n|upkeep\n|turn|4\n|inactive|alemolgaa has 30 seconds left.\n|inactive|Cubh has 30 seconds left.\n|inactive|alemolgaa has 20 seconds left.\n|inactive|Cubh has 20 seconds left.\n|inactive|alemolgaa has 15 seconds left.\n|inactive|Cubh has 15 seconds left.\n|\n|t:|1776520925\n|switch|p1b: Farigiraf|Farigiraf, L50, M|61/100\n|move|p1a: Incineroar|Flare Blitz|p2a: Venusaur\n|-supereffective|p2a: Venusaur|1\n|-damage|p2a: Venusaur|0 fnt\n|faint|p2a: Venusaur\n|-damage|p1a: Incineroar|27/100|[from] Recoil\n|move|p2b: Garchomp|Stomping Tantrum|p1a: Incineroar\n|-supereffective|p1a: Incineroar|1\n|-damage|p1a: Incineroar|0 fnt\n|faint|p1a: Incineroar\n|\n|-weather|RainDance|[upkeep]\n|upkeep\n|\n|t:|1776520936\n|switch|p1a: Kingambit|Kingambit, L50, F|100/100\n|switch|p2a: Sinistcha|Sinistcha, L50|49/100\n|-heal|p2b: Garchomp|79/100|[from] ability: Hospitality|[of] p2a: Sinistcha\n|turn|5\n|\n|t:|1776520954\n|move|p2a: Sinistcha|Rage Powder|p2a: Sinistcha\n|-singleturn|p2a: Sinistcha|move: Rage Powder\n|move|p1a: Kingambit|Kowtow Cleave|p2a: Sinistcha\n|-supereffective|p2a: Sinistcha|1\n|-damage|p2a: Sinistcha|0 fnt\n|faint|p2a: Sinistcha\n|move|p1b: Farigiraf|Nasty Plot|p1b: Farigiraf\n|-boost|p1b: Farigiraf|spa|2\n|move|p2b: Garchomp|Earthquake|p1b: Farigiraf|[spread] p1a,p1b\n|-supereffective|p1a: Kingambit|1\n|-damage|p1a: Kingambit|40/100\n|-damage|p1b: Farigiraf|20/100\n|\n|-weather|RainDance|[upkeep]\n|-fieldend|move: Trick Room\n|upkeep\n|\n|t:|1776520967\n|switch|p2a: Charizard|Charizard-Mega-Y, L50, M|100/100\n|-weather|SunnyDay|[from] ability: Drought|[of] p2a: Charizard\n|turn|6\n|\n|t:|1776520978\n|switch|p1a: Pelipper|Pelipper, L50, M|84/100\n|-weather|RainDance|[from] ability: Drizzle|[of] p1a: Pelipper\n|move|p2b: Garchomp|Earthquake|p1b: Farigiraf|[spread] p1b\n|-immune|p2a: Charizard\n|-immune|p1a: Pelipper\n|-damage|p1b: Farigiraf|0 fnt\n|faint|p1b: Farigiraf\n|move|p2a: Charizard|Heat Wave|p1a: Pelipper\n|-resisted|p1a: Pelipper|1\n|-damage|p1a: Pelipper|64/100\n|\n|-weather|RainDance|[upkeep]\n|upkeep\n|\n|t:|1776520984\n|switch|p1b: Kingambit|Kingambit, L50, F|40/100\n|turn|7\n|\n|t:|1776521011\n|move|p1b: Kingambit|Sucker Punch|p2b: Garchomp\n|-damage|p2b: Garchomp|33/100\n|move|p2b: Garchomp|Dragon Claw|p1a: Pelipper\n|-damage|p1a: Pelipper|17/100\n|move|p2a: Charizard|Heat Wave|p1b: Kingambit|[spread] p1a,p1b\n|-resisted|p1a: Pelipper|1\n|-supereffective|p1b: Kingambit|1\n|-damage|p1a: Pelipper|0 fnt\n|-damage|p1b: Kingambit|0 fnt\n|faint|p1a: Pelipper\n|faint|p1b: Kingambit\n|\n|win|Cubh\n|raw|alemolgaa's rating: 1146 &rarr; <strong>1124</strong><br />(-22 for losing)\n|raw|Cubh's rating: 1188 &rarr; <strong>1210</strong><br />(+22 for winning)\n",
  "uploadtime": 1776521019,
  "views": 16,
  "formatid": "gen9championsvgc2026regma",
  "rating": 1124,
  "private": 0,
  "password": null
}