{
  "id": "gen9championsvgc2026regma-2586416353",
  "format": "[Gen 9 Champions] VGC 2026 Reg M-A",
  "players": [
    "kuanyou",
    "Rworwo"
  ],
  "log": "|j|\u2606kuanyou\n|j|\u2606Rworwo\n|t:|1776433151\n|gametype|doubles\n|player|p1|kuanyou|102|1321\n|player|p2|Rworwo|pokefan|1423\n|gen|9\n|tier|[Gen 9 Champions] VGC 2026 Reg M-A\n|rated|\n|rule|Species Clause: Limit one of each Pok\u00e9mon\n|rule|Item Clause: Limit 1 of each item\n|clearpoke\n|poke|p1|Kangaskhan, L50, F|\n|poke|p1|Aerodactyl, L50, F|\n|poke|p1|Garchomp, L50, M|\n|poke|p1|Basculegion, L50, M|\n|poke|p1|Sylveon, L50, F|\n|poke|p1|Incineroar, L50, F|\n|poke|p2|Ampharos, L50, M|\n|poke|p2|Farigiraf, L50, M|\n|poke|p2|Basculegion, L50, M|\n|poke|p2|Lucario, L50, M|\n|poke|p2|Pelipper, L50, F|\n|poke|p2|Clefable, L50, F|\n|teampreview|4\n|inactive|Battle timer is ON: inactive players will automatically lose when time's up. (requested by Rworwo)\nkuanyou has agreed to open team sheets.\n|inactive|kuanyou has 60 seconds left.\n|inactive|Rworwo has 60 seconds left.\n|\n|t:|1776433198\n|teamsize|p1|4\n|teamsize|p2|4\n|start\n|switch|p1a: Aerodactyl|Aerodactyl, L50, F|100/100\n|switch|p1b: Garchomp|Garchomp, L50, M|100/100\n|switch|p2a: Basculegion|Basculegion, L50, M, shiny|100/100\n|switch|p2b: Farigiraf|Farigiraf, L50, M, shiny|100/100\n|-ability|p1a: Aerodactyl|Unnerve\n|turn|1\n|inactive|kuanyou has 30 seconds left.\n|\n|t:|1776433228\n|switch|p1a: Basculegion|Basculegion, L50, M|100/100\n|move|p2b: Farigiraf|Protect|p2b: Farigiraf\n|-singleturn|p2b: Farigiraf|Protect\n|move|p2a: Basculegion|Flip Turn|p1a: Basculegion\n|-resisted|p1a: Basculegion|1\n|-damage|p1a: Basculegion|72/100\n|\n|t:|1776433236\n|switch|p2a: Pelipper|Pelipper, L50, F, shiny|100/100|[from] Flip Turn\n|-weather|RainDance|[from] ability: Drizzle|[of] p2a: Pelipper\n|move|p1b: Garchomp|Stomping Tantrum|p2a: Pelipper\n|-immune|p2a: Pelipper\n|\n|-weather|RainDance|[upkeep]\n|upkeep\n|turn|2\n|inactive|Rworwo has 30 seconds left.\n|\n|t:|1776433262\n|move|p1a: Basculegion|Wave Crash|p2b: Farigiraf\n|-damage|p2b: Farigiraf|22/100\n|-damage|p1a: Basculegion|42/100|[from] Recoil\n|move|p1b: Garchomp|Stomping Tantrum|p2b: Farigiraf\n|-damage|p2b: Farigiraf|0 fnt\n|faint|p2b: Farigiraf\n|move|p2a: Pelipper|Tailwind|p2a: Pelipper\n|-sidestart|p2: Rworwo|move: Tailwind\n|\n|-weather|RainDance|[upkeep]\n|upkeep\n|\n|t:|1776433276\n|switch|p2b: Ampharos|Ampharos, L50, M, shiny|100/100\n|turn|3\n|\n|t:|1776433286\n|switch|p1a: Sylveon|Sylveon, L50, F|100/100\n|detailschange|p2b: Ampharos|Ampharos-Mega, L50, M, shiny\n|-mega|p2b: Ampharos|Ampharos|Ampharosite\n|-ability|p2b: Ampharos|Mold Breaker\n|move|p1b: Garchomp|Protect|p1b: Garchomp\n|-singleturn|p1b: Garchomp|Protect\n|move|p2a: Pelipper|Hurricane|p1a: Sylveon\n|-damage|p1a: Sylveon|70/100\n|move|p2b: Ampharos|Dragon Pulse|p1b: Garchomp\n|-activate|p1b: Garchomp|move: Protect\n|\n|-weather|RainDance|[upkeep]\n|-heal|p1a: Sylveon|76/100|[from] item: Leftovers\n|upkeep\n|turn|4\n|inactive|kuanyou has 30 seconds left.\n|inactive|Rworwo has 30 seconds left.\n|inactive|kuanyou has 20 seconds left.\n|\n|t:|1776433323\n|move|p2a: Pelipper|Wide Guard|p2a: Pelipper\n|-singleturn|p2a: Pelipper|Wide Guard\n|move|p1b: Garchomp|Dragon Claw|p2b: Ampharos\n|-supereffective|p2b: Ampharos|1\n|-damage|p2b: Ampharos|24/100\n|move|p2b: Ampharos|Dragon Pulse|p1b: Garchomp\n|-supereffective|p1b: Garchomp|1\n|-damage|p1b: Garchomp|0 fnt\n|faint|p1b: Garchomp\n|move|p1a: Sylveon|Hyper Voice|p2b: Ampharos|[spread] \n|-activate|p2a: Pelipper|move: Wide Guard\n|-activate|p2b: Ampharos|move: Wide Guard\n|\n|-weather|RainDance|[upkeep]\n|-heal|p1a: Sylveon|82/100|[from] item: Leftovers\n|upkeep\n|inactive|kuanyou has 30 seconds left.\n|\n|t:|1776433348\n|switch|p1b: Aerodactyl|Aerodactyl, L50, F|100/100\n|-ability|p1b: Aerodactyl|Unnerve\n|turn|5\n|inactive|Rworwo has 30 seconds left.\n|inactive|Rworwo has 20 seconds left.\n|\n|t:|1776433384\n|move|p1b: Aerodactyl|Protect|p1b: Aerodactyl\n|-singleturn|p1b: Aerodactyl|Protect\n|move|p2b: Ampharos|Protect|p2b: Ampharos\n|-singleturn|p2b: Ampharos|Protect\n|move|p1a: Sylveon|Detect|p1a: Sylveon\n|-singleturn|p1a: Sylveon|Protect\n|move|p2a: Pelipper|Hurricane|p1a: Sylveon\n|-activate|p1a: Sylveon|move: Protect\n|\n|-weather|none\n|-heal|p1a: Sylveon|88/100|[from] item: Leftovers\n|-sideend|p2: Rworwo|move: Tailwind\n|upkeep\n|turn|6\n|\n|t:|1776433397\n|move|p1a: Sylveon|Quick Attack|p2b: Ampharos\n|-supereffective|p2b: Ampharos|1\n|-damage|p2b: Ampharos|6/100\n|move|p1b: Aerodactyl|Rock Slide|p2a: Pelipper|[spread] p2a,p2b\n|-supereffective|p2a: Pelipper|1\n|-damage|p2a: Pelipper|54/100\n|-damage|p2b: Ampharos|0 fnt\n|faint|p2b: Ampharos\n|move|p2a: Pelipper|Tailwind|p2a: Pelipper\n|-sidestart|p2: Rworwo|move: Tailwind\n|\n|-heal|p1a: Sylveon|94/100|[from] item: Leftovers\n|upkeep\n|\n|t:|1776433403\n|switch|p2b: Basculegion|Basculegion, L50, M, shiny|100/100\n|turn|7\n|\n|t:|1776433417\n|move|p2a: Pelipper|Wide Guard|p2a: Pelipper\n|-singleturn|p2a: Pelipper|Wide Guard\n|move|p2b: Basculegion|Last Respects|p1b: Aerodactyl\n|-enditem|p1b: Aerodactyl|Focus Sash\n|-damage|p1b: Aerodactyl|1/100\n|move|p1b: Aerodactyl|Tailwind|p1b: Aerodactyl\n|-sidestart|p1: kuanyou|move: Tailwind\n|move|p1a: Sylveon|Hyper Voice|p2b: Basculegion|[spread] \n|-activate|p2a: Pelipper|move: Wide Guard\n|-activate|p2b: Basculegion|move: Wide Guard\n|\n|-heal|p1a: Sylveon|99/100|[from] item: Leftovers\n|upkeep\n|turn|8\n|inactive|Rworwo has 30 seconds left.\n|\n|t:|1776433444\n|move|p1b: Aerodactyl|Protect|p1b: Aerodactyl\n|-singleturn|p1b: Aerodactyl|Protect\n|move|p1a: Sylveon|Detect|p1a: Sylveon\n|-singleturn|p1a: Sylveon|Protect\n|move|p2a: Pelipper|Wide Guard|p2a: Pelipper\n|-singleturn|p2a: Pelipper|Wide Guard\n|move|p2b: Basculegion|Last Respects|p1a: Sylveon\n|-activate|p1a: Sylveon|move: Protect\n|\n|-heal|p1a: Sylveon|100/100|[from] item: Leftovers\n|upkeep\n|turn|9\n|\n|t:|1776433468\n|move|p1a: Sylveon|Quick Attack|p2a: Pelipper\n|-damage|p2a: Pelipper|45/100\n|move|p1b: Aerodactyl|Dual Wingbeat|p2a: Pelipper\n|-damage|p2a: Pelipper|30/100\n|-damage|p2a: Pelipper|14/100\n|-hitcount|p2a: Pelipper|2\n|move|p2b: Basculegion|Last Respects|p1a: Sylveon\n|-damage|p1a: Sylveon|0 fnt\n|faint|p1a: Sylveon\n|move|p2a: Pelipper|Hurricane|p1b: Aerodactyl\n|-resisted|p1b: Aerodactyl|1\n|-damage|p1b: Aerodactyl|0 fnt\n|-enditem|p2a: Pelipper|Sitrus Berry|[eat]\n|-heal|p2a: Pelipper|38/100|[from] item: Sitrus Berry\n|faint|p1b: Aerodactyl\n|\n|-sideend|p2: Rworwo|move: Tailwind\n|upkeep\n|\n|t:|1776433486\n|switch|p1a: Basculegion|Basculegion, L50, M|42/100\n|turn|10\n|\n|t:|1776433490\n|move|p1a: Basculegion|Last Respects|p2b: Basculegion\n|-supereffective|p2b: Basculegion|1\n|-crit|p2b: Basculegion\n|-damage|p2b: Basculegion|0 fnt\n|faint|p2b: Basculegion\n|move|p2a: Pelipper|Hurricane|p1a: Basculegion\n|-damage|p1a: Basculegion|0 fnt\n|faint|p1a: Basculegion\n|\n|win|Rworwo\n|raw|kuanyou's rating: 1321 &rarr; <strong>1307</strong><br />(-14 for losing)\n|raw|Rworwo's rating: 1423 &rarr; <strong>1437</strong><br />(+14 for winning)\n",
  "uploadtime": 1776433491,
  "views": 54,
  "formatid": "gen9championsvgc2026regma",
  "rating": 1307,
  "private": 0,
  "password": null
}