{
  "id": "gen9championsvgc2026regma-2582819514",
  "format": "[Gen 9 Champions] VGC 2026 Reg M-A",
  "players": [
    "daviredsky",
    "Kuro668"
  ],
  "log": "|j|\u2606daviredsky\n|j|\u2606Kuro668\n|t:|1776116528\n|gametype|doubles\n|player|p1|daviredsky|2|1071\n|player|p2|Kuro668|hilbert-wonderlauncher|1141\n|gen|9\n|tier|[Gen 9 Champions] VGC 2026 Reg M-A\n|rated|\n|rule|Species Clause: Limit one of each Pok\u00e9mon\n|rule|Item Clause: Limit 1 of each item\n|clearpoke\n|poke|p1|Tyranitar, L50, F|\n|poke|p1|Gengar, L50, M|\n|poke|p1|Garchomp, L50, F|\n|poke|p1|Talonflame, L50, F|\n|poke|p1|Rotom-Wash, L50|\n|poke|p1|Aegislash, L50, F|\n|poke|p2|Drampa, L50, M|\n|poke|p2|Sinistcha, L50|\n|poke|p2|Alakazam, L50, F|\n|poke|p2|Pelipper, L50, F|\n|poke|p2|Basculegion, L50, M|\n|poke|p2|Scizor, L50, F|\n|teampreview|4\n|\n|t:|1776116539\n|teamsize|p1|4\n|teamsize|p2|4\n|start\n|switch|p1a: Gengar|Gengar, L50, M|100/100\n|switch|p1b: Rotom|Rotom-Wash, L50|100/100\n|switch|p2a: Drampa|Drampa, L50, M|100/100\n|switch|p2b: Alakazam|Alakazam, L50, F|100/100\n|turn|1\n|inactive|Battle timer is ON: inactive players will automatically lose when time's up. (requested by Kuro668)\n|\n|t:|1776116551\n|detailschange|p1a: Gengar|Gengar-Mega, L50, M\n|-mega|p1a: Gengar|Gengar|Gengarite\n|detailschange|p2a: Drampa|Drampa-Mega, L50, M\n|-mega|p2a: Drampa|Drampa|Drampanite\n|move|p1a: Gengar|Protect|p1a: Gengar\n|-singleturn|p1a: Gengar|Protect\n|move|p2b: Alakazam|Light Screen|p2b: Alakazam\n|-sidestart|p2: Kuro668|move: Light Screen\n|move|p1b: Rotom|Hydro Pump|p2b: Alakazam\n|-damage|p2b: Alakazam|67/100\n|move|p2a: Drampa|Calm Mind|p2a: Drampa\n|-boost|p2a: Drampa|spa|1\n|-boost|p2a: Drampa|spd|1\n|\n|upkeep\n|turn|2\n|inactive|daviredsky has 30 seconds left.\n|\n|t:|1776116585\n|switch|p1a: Tyranitar|Tyranitar, L50, F|100/100\n|-weather|Sandstorm|[from] ability: Sand Stream|[of] p1a: Tyranitar\n|switch|p1b: Talonflame|Talonflame, L50, F|100/100\n|move|p2b: Alakazam|Speed Swap|p2a: Drampa\n|-activate|p2b: Alakazam|move: Speed Swap|[of] p2a: Drampa\n|move|p2a: Drampa|Earth Power|p1a: Tyranitar\n|-supereffective|p1a: Tyranitar|1\n|-damage|p1a: Tyranitar|38/100\n|\n|-weather|Sandstorm|[upkeep]\n|-damage|p1b: Talonflame|95/100|[from] Sandstorm\n|-damage|p2a: Drampa|95/100|[from] Sandstorm\n|-damage|p2b: Alakazam|61/100|[from] Sandstorm\n|upkeep\n|turn|3\n|\n|t:|1776116605\n|switch|p2b: Pelipper|Pelipper, L50, F|100/100\n|-weather|RainDance|[from] ability: Drizzle|[of] p2b: Pelipper\n|move|p1b: Talonflame|Tailwind|p1b: Talonflame\n|-sidestart|p1: daviredsky|move: Tailwind\n|move|p2a: Drampa|Earth Power|p1a: Tyranitar\n|-supereffective|p1a: Tyranitar|1\n|-damage|p1a: Tyranitar|0 fnt\n|faint|p1a: Tyranitar\n|\n|-weather|RainDance|[upkeep]\n|upkeep\n|\n|t:|1776116620\n|switch|p1a: Gengar|Gengar-Mega, L50, M|100/100\n|turn|4\n|\n|t:|1776116629\n|move|p1a: Gengar|Shadow Ball|p2b: Pelipper\n|-damage|p2b: Pelipper|38/100\n|move|p1b: Talonflame|Brave Bird|p2a: Drampa\n|-damage|p2a: Drampa|56/100\n|-damage|p1b: Talonflame|82/100|[from] Recoil\n|move|p2a: Drampa|Calm Mind|p2a: Drampa\n|-boost|p2a: Drampa|spa|1\n|-boost|p2a: Drampa|spd|1\n|move|p2b: Pelipper|Tailwind|p2b: Pelipper\n|-sidestart|p2: Kuro668|move: Tailwind\n|\n|-weather|RainDance|[upkeep]\n|upkeep\n|turn|5\n|\n|t:|1776116651\n|move|p1a: Gengar|Sludge Bomb|p2a: Drampa\n|-damage|p2a: Drampa|39/100\n|-ability|p2a: Drampa|Berserk|boost\n|-boost|p2a: Drampa|spa|1\n|move|p1b: Talonflame|Brave Bird|p2a: Drampa\n|-damage|p2a: Drampa|5/100\n|-damage|p1b: Talonflame|70/100|[from] Recoil\n|move|p2a: Drampa|Earth Power|p1a: Gengar\n|-supereffective|p1a: Gengar|1\n|-damage|p1a: Gengar|0 fnt\n|faint|p1a: Gengar\n|move|p2b: Pelipper|Weather Ball|p1b: Talonflame\n|-supereffective|p1b: Talonflame|1\n|-damage|p1b: Talonflame|0 fnt\n|faint|p1b: Talonflame\n|\n|-weather|RainDance|[upkeep]\n|-sideend|p2: Kuro668|move: Light Screen\n|upkeep\n|\n|t:|1776116663\n|switch|p1b: Rotom|Rotom-Wash, L50|100/100\n|turn|6\n|\n|t:|1776116674\n|switch|p2b: Sinistcha|Sinistcha, L50|100/100\n|-heal|p2a: Drampa|30/100|[from] ability: Hospitality|[of] p2b: Sinistcha\n|move|p2a: Drampa|Protect|p2a: Drampa\n|-singleturn|p2a: Drampa|Protect\n|move|p1b: Rotom|Thunderbolt|p2a: Drampa\n|-activate|p2a: Drampa|move: Protect\n|\n|-weather|RainDance|[upkeep]\n|-sideend|p1: daviredsky|move: Tailwind\n|upkeep\n|turn|7\n|-message|daviredsky forfeited.\n|\n|win|Kuro668\n|raw|daviredsky's rating: 1071 &rarr; <strong>1054</strong><br />(-17 for losing)\n|raw|Kuro668's rating: 1141 &rarr; <strong>1161</strong><br />(+20 for winning)\n|l|\u2606daviredsky\n|player|p1|\n",
  "uploadtime": 1776116696,
  "views": 24,
  "formatid": "gen9championsvgc2026regma",
  "rating": 1054,
  "private": 0,
  "password": null
}