{
  "id": "gen9championsvgc2026regma-2580423163",
  "format": "[Gen 9 Champions] VGC 2026 Reg M-A",
  "players": [
    "Moshi06",
    "CapppedHD"
  ],
  "log": "|j|\u2606Moshi06\n|j|\u2606CapppedHD\n|t:|1775894242\n|gametype|doubles\n|player|p1|Moshi06|1|1000\n|player|p2|CapppedHD|lucas|1000\n|gen|9\n|tier|[Gen 9 Champions] VGC 2026 Reg M-A\n|rated|\n|rule|Species Clause: Limit one of each Pok\u00e9mon\n|rule|Item Clause: Limit 1 of each item\n|clearpoke\n|poke|p1|Tyranitar, L50, F|\n|poke|p1|Excadrill, L50, M|\n|poke|p1|Sylveon, L50, F|\n|poke|p1|Sinistcha, L50|\n|poke|p1|Corviknight, L50, F|\n|poke|p1|Incineroar, L50, F|\n|poke|p2|Froslass, L50, F|\n|poke|p2|Incineroar, L50, M|\n|poke|p2|Orthworm, L50, M|\n|poke|p2|Garchomp, L50, F|\n|poke|p2|Basculegion, L50, M|\n|poke|p2|Rotom-Frost, L50|\n|teampreview|4\n|inactive|Battle timer is ON: inactive players will automatically lose when time's up. (requested by CapppedHD)\nCapppedHD has agreed to open team sheets.\n|inactive|Moshi06 has 60 seconds left.\n|inactive|CapppedHD has 60 seconds left.\n|inactive|Moshi06 has 30 seconds left.\n|\n|t:|1775894310\n|teamsize|p1|4\n|teamsize|p2|4\n|start\n|switch|p1a: Incineroar|Incineroar, L50, F|100/100\n|switch|p1b: Sinistcha|Sinistcha, L50|100/100\n|switch|p2a: Basculegion|Basculegion, L50, M|100/100\n|switch|p2b: Incineroar|Incineroar, L50, M|100/100\n|-ability|p2b: Incineroar|Intimidate|boost\n|-unboost|p1a: Incineroar|atk|1\n|-unboost|p1b: Sinistcha|atk|1\n|-ability|p1a: Incineroar|Intimidate|boost\n|-unboost|p2a: Basculegion|atk|1\n|-unboost|p2b: Incineroar|atk|1\n|turn|1\n|inactive|Moshi06 has 30 seconds left.\n|\n|t:|1775894341\n|move|p2b: Incineroar|Fake Out|p1a: Incineroar\n|-damage|p1a: Incineroar|95/100\n|cant|p1a: Incineroar|flinch\n|move|p2a: Basculegion|Last Respects|p1b: Sinistcha\n|-supereffective|p1b: Sinistcha|1\n|-damage|p1b: Sinistcha|53/100\n|move|p1b: Sinistcha|Matcha Gotcha|p2a: Basculegion|[spread] p2a,p2b\n|-supereffective|p2a: Basculegion|1\n|-resisted|p2b: Incineroar|1\n|-damage|p2a: Basculegion|40/100\n|-heal|p1b: Sinistcha|87/100|[from] drain|[of] p2a: Basculegion\n|-damage|p2b: Incineroar|90/100\n|-heal|p1b: Sinistcha|93/100|[from] drain|[of] p2b: Incineroar\n|\n|upkeep\n|turn|2\n|inactive|Moshi06 has 30 seconds left.\n|\n|t:|1775894368\n|move|p1b: Sinistcha|Protect|p1b: Sinistcha\n|-singleturn|p1b: Sinistcha|Protect\n|move|p2a: Basculegion|Last Respects|p1b: Sinistcha\n|-activate|p1b: Sinistcha|move: Protect\n|move|p2b: Incineroar|Flare Blitz|p1b: Sinistcha\n|-activate|p1b: Sinistcha|move: Protect\n|move|p1a: Incineroar|Parting Shot|p2a: Basculegion\n|-unboost|p2a: Basculegion|atk|1\n|-unboost|p2a: Basculegion|spa|1\n|\n|t:|1775894382\n|switch|p1a: Tyranitar|Tyranitar, L50, F|100/100|[from] Parting Shot\n|-weather|Sandstorm|[from] ability: Sand Stream|[of] p1a: Tyranitar\n|\n|-weather|Sandstorm|[upkeep]\n|-damage|p2a: Basculegion|33/100|[from] Sandstorm\n|-damage|p1b: Sinistcha|87/100|[from] Sandstorm\n|-damage|p2b: Incineroar|84/100|[from] Sandstorm\n|upkeep\n|turn|3\n|\n|t:|1775894405\n|switch|p2a: Orthworm|Orthworm, L50, M|100/100\n|detailschange|p1a: Tyranitar|Tyranitar-Mega, L50, F\n|-mega|p1a: Tyranitar|Tyranitar|Tyranitarite\n|move|p1a: Tyranitar|Ice Punch|p2a: Orthworm\n|-resisted|p2a: Orthworm|1\n|-damage|p2a: Orthworm|90/100\n|move|p1b: Sinistcha|Shadow Ball|p2b: Incineroar\n|-resisted|p2b: Incineroar|1\n|-damage|p2b: Incineroar|69/100\n|move|p2b: Incineroar|Will-O-Wisp|p1a: Tyranitar\n|-status|p1a: Tyranitar|brn\n|\n|-weather|Sandstorm|[upkeep]\n|-damage|p1b: Sinistcha|81/100|[from] Sandstorm\n|-damage|p2b: Incineroar|63/100|[from] Sandstorm\n|-damage|p1a: Tyranitar|95/100 brn|[from] brn\n|upkeep\n|turn|4\n|inactive|Moshi06 has 30 seconds left.\n|inactive|Moshi06 has 20 seconds left.\n|inactive|Moshi06 has 15 seconds left.\n|\n|t:|1775894449\n|move|p1a: Tyranitar|Low Kick|p2b: Incineroar\n|-supereffective|p2b: Incineroar|1\n|-damage|p2b: Incineroar|33/100\n|move|p1b: Sinistcha|Matcha Gotcha|p2a: Orthworm|[spread] p2a,p2b\n|-resisted|p2a: Orthworm|1\n|-resisted|p2b: Incineroar|1\n|-damage|p2a: Orthworm|71/100\n|-heal|p1b: Sinistcha|90/100|[from] drain|[of] p2a: Orthworm\n|-damage|p2b: Incineroar|22/100\n|-heal|p1b: Sinistcha|97/100|[from] drain|[of] p2b: Incineroar\n|-status|p2a: Orthworm|brn\n|move|p2a: Orthworm|Body Press|p1a: Tyranitar\n|-supereffective|p1a: Tyranitar|2\n|-damage|p1a: Tyranitar|52/100 brn\n|move|p2b: Incineroar|Flare Blitz|p1b: Sinistcha\n|-supereffective|p1b: Sinistcha|1\n|-damage|p1b: Sinistcha|38/100\n|-enditem|p1b: Sinistcha|Sitrus Berry|[eat]\n|-heal|p1b: Sinistcha|63/100|[from] item: Sitrus Berry\n|-damage|p2b: Incineroar|5/100|[from] Recoil\n|\n|-weather|Sandstorm|[upkeep]\n|-damage|p1b: Sinistcha|57/100|[from] Sandstorm\n|-damage|p2b: Incineroar|0 fnt|[from] Sandstorm\n|faint|p2b: Incineroar\n|-damage|p1a: Tyranitar|46/100 brn|[from] brn\n|-damage|p2a: Orthworm|65/100 brn|[from] brn\n|upkeep\n|\n|t:|1775894473\n|switch|p2b: Basculegion|Basculegion, L50, M|33/100\n|turn|5\n|\n|t:|1775894491\n|move|p2b: Basculegion|Last Respects|p1b: Sinistcha\n|-supereffective|p1b: Sinistcha|1\n|-damage|p1b: Sinistcha|0 fnt\n|faint|p1b: Sinistcha\n|move|p1a: Tyranitar|Ice Punch|p2b: Basculegion\n|-resisted|p2b: Basculegion|1\n|-damage|p2b: Basculegion|23/100\n|move|p2a: Orthworm|Body Press|p1a: Tyranitar\n|-supereffective|p1a: Tyranitar|2\n|-damage|p1a: Tyranitar|7/100 brn\n|\n|-weather|Sandstorm|[upkeep]\n|-damage|p2b: Basculegion|17/100|[from] Sandstorm\n|-damage|p1a: Tyranitar|1/100 brn|[from] brn\n|-damage|p2a: Orthworm|59/100 brn|[from] brn\n|upkeep\n|\n|t:|1775894511\n|switch|p1b: Incineroar|Incineroar, L50, F|95/100\n|-ability|p1b: Incineroar|Intimidate|boost\n|-unboost|p2a: Orthworm|atk|1\n|-unboost|p2b: Basculegion|atk|1\n|turn|6\n|\n|t:|1775894530\n|move|p1b: Incineroar|Fake Out|p2b: Basculegion\n|-immune|p2b: Basculegion\n|move|p2b: Basculegion|Last Respects|p1a: Tyranitar\n|-resisted|p1a: Tyranitar|1\n|-damage|p1a: Tyranitar|0 fnt\n|faint|p1a: Tyranitar\n|move|p2a: Orthworm|Body Press|p1b: Incineroar\n|-supereffective|p1b: Incineroar|1\n|-enditem|p1b: Incineroar|Chople Berry|[eat]\n|-enditem|p1b: Incineroar|Chople Berry|[weaken]\n|-damage|p1b: Incineroar|80/100\n|\n|-weather|none\n|-damage|p2a: Orthworm|52/100 brn|[from] brn\n|upkeep\n|\n|t:|1775894544\n|switch|p1a: Sylveon|Sylveon, L50, F|100/100\n|turn|7\n|\n|t:|1775894557\n|move|p2b: Basculegion|Last Respects|p1a: Sylveon\n|-damage|p1a: Sylveon|42/100\n|move|p2a: Orthworm|Shed Tail|p2a: Orthworm\n|-start|p2a: Orthworm|Substitute|[from] move: Shed Tail\n|-damage|p2a: Orthworm|2/100 brn\n|-enditem|p2a: Orthworm|Sitrus Berry|[eat]\n|-heal|p2a: Orthworm|27/100 brn|[from] item: Sitrus Berry\n|\n|t:|1775894563\n|switch|p2a: Froslass|Froslass, L50, F|100/100|[from] Shed Tail\n|move|p1a: Sylveon|Hyper Voice|p2b: Basculegion|[spread] p2a,p2b\n|-damage|p2a: Froslass|40/100\n|-damage|p2b: Basculegion|0 fnt\n|faint|p2b: Basculegion\n|move|p1b: Incineroar|Flare Blitz|p2a: Froslass\n|-supereffective|p2a: Froslass|1\n|-end|p2a: Froslass|Substitute\n|-damage|p1b: Incineroar|73/100|[from] Recoil|[of] p2a: Froslass\n|\n|upkeep\n|\n|t:|1775894573\n|switch|p2b: Orthworm|Orthworm, L50, M|27/100 brn\n|turn|8\n|\n|t:|1775894586\n|detailschange|p2a: Froslass|Froslass-Mega, L50, F\n|-mega|p2a: Froslass|Froslass|Froslassite\n|-weather|Snowscape|[from] ability: Snow Warning|[of] p2a: Froslass\n|move|p2a: Froslass|Blizzard|p1b: Incineroar|[spread] p1a,p1b\n|-resisted|p1b: Incineroar|1\n|-damage|p1a: Sylveon|9/100\n|-damage|p1b: Incineroar|53/100\n|move|p2b: Orthworm|Body Press|p1b: Incineroar\n|-supereffective|p1b: Incineroar|1\n|-damage|p1b: Incineroar|27/100\n|move|p1a: Sylveon|Yawn|p2a: Froslass\n|-start|p2a: Froslass|move: Yawn|[of] p1a: Sylveon\n|move|p1b: Incineroar|Flare Blitz|p2b: Orthworm\n|-supereffective|p2b: Orthworm|1\n|-damage|p2b: Orthworm|0 fnt\n|faint|p2b: Orthworm\n|-damage|p1b: Incineroar|20/100|[from] Recoil\n|\n|-weather|Snowscape|[upkeep]\n|upkeep\n|turn|9\n|inactive|Moshi06 has 30 seconds left.\n|\n|t:|1775894616\n|move|p2a: Froslass|Blizzard|p1b: Incineroar|[spread] p1a,p1b\n|-resisted|p1b: Incineroar|1\n|-damage|p1a: Sylveon|0 fnt\n|-damage|p1b: Incineroar|0 fnt\n|faint|p1a: Sylveon\n|faint|p1b: Incineroar\n|\n|win|CapppedHD\n|raw|Moshi06's rating: 1000 &rarr; <strong>1000</strong><br />(+0 for losing)\n|raw|CapppedHD's rating: 1000 &rarr; <strong>1040</strong><br />(+40 for winning)\n",
  "uploadtime": 1775894619,
  "views": 14,
  "formatid": "gen9championsvgc2026regma",
  "rating": 1000,
  "private": 0,
  "password": null
}