{
  "id": "gen9championsvgc2026regma-2588566096",
  "format": "[Gen 9 Champions] VGC 2026 Reg M-A",
  "players": [
    "vertexvekerr",
    "Marcio Lira"
  ],
  "log": "|j|\u2606vertexvekerr\n|j|\u2606Marcio Lira\n|t:|1776645586\n|gametype|doubles\n|player|p1|vertexvekerr|265|1099\n|player|p2|Marcio Lira|bugcatcher-gen4dp|1116\n|gen|9\n|tier|[Gen 9 Champions] VGC 2026 Reg M-A\n|rated|\n|rule|Species Clause: Limit one of each Pok\u00e9mon\n|rule|Item Clause: Limit 1 of each item\n|clearpoke\n|poke|p1|Charizard, L50, F|\n|poke|p1|Rotom-Wash, L50|\n|poke|p1|Aerodactyl, L50, F|\n|poke|p1|Decidueye-Hisui, L50, F|\n|poke|p1|Aggron, L50, F|\n|poke|p1|Alcremie, L50, F|\n|poke|p2|Floette-Eternal, L50, F|\n|poke|p2|Rotom-Wash, L50, shiny|\n|poke|p2|Garchomp, L50, M|\n|poke|p2|Volcarona, L50, M|\n|poke|p2|Oranguru, L50, F, shiny|\n|poke|p2|Aerodactyl, L50, M|\n|teampreview|4\n|inactive|Battle timer is ON: inactive players will automatically lose when time's up. (requested by vertexvekerr)\n|c|\u2606vertexvekerr|Glhf\n|c|\u2606Marcio Lira|gl hf\n|inactive|Marcio Lira has 60 seconds left.\n|\n|t:|1776645659\n|teamsize|p1|4\n|teamsize|p2|4\n|start\n|switch|p1a: Aerodactyl|Aerodactyl, L50, F|100/100\n|switch|p1b: Rotom|Rotom-Wash, L50|100/100\n|switch|p2a: Oranguru|Oranguru, L50, F, shiny|100/100\n|switch|p2b: Rotom|Rotom-Wash, L50, shiny|100/100\n|turn|1\n|\n|t:|1776645677\n|move|p2b: Rotom|Trick|p1a: Aerodactyl\n|-activate|p2b: Rotom|move: Trick|[of] p1a: Aerodactyl\n|-item|p1a: Aerodactyl|Choice Scarf|[from] move: Trick\n|-item|p2b: Rotom|Hard Stone|[from] move: Trick\n|move|p1a: Aerodactyl|Tailwind|p1a: Aerodactyl\n|-sidestart|p1: vertexvekerr|move: Tailwind\n|move|p1b: Rotom|Volt Switch|p2a: Oranguru\n|-damage|p2a: Oranguru|80/100\n|\n|t:|1776645688\n|switch|p1b: Aggron|Aggron, L50, F|100/100|[from] Volt Switch\n|move|p2a: Oranguru|Trick Room|p2a: Oranguru\n|-fieldstart|move: Trick Room|[of] p2a: Oranguru\n|\n|upkeep\n|turn|2\n|inactive|vertexvekerr has 30 seconds left.\n|inactive|Marcio Lira has 30 seconds left.\n|\n|t:|1776645719\n|switch|p1a: Rotom|Rotom-Wash, L50|100/100\n|move|p2a: Oranguru|Imprison|p2a: Oranguru\n|-start|p2a: Oranguru|move: Imprison\n|move|p1b: Aggron|Heavy Slam|p2a: Oranguru\n|-damage|p2a: Oranguru|39/100\n|move|p2b: Rotom|Hydro Pump|p1b: Aggron\n|-supereffective|p1b: Aggron|1\n|-damage|p1b: Aggron|0 fnt\n|faint|p1b: Aggron\n|\n|upkeep\n|\n|t:|1776645730\n|switch|p1b: Charizard|Charizard, L50, F|100/100\n|turn|3\n|inactive|vertexvekerr has 30 seconds left.\n|\n|t:|1776645759\n|detailschange|p1b: Charizard|Charizard-Mega-X, L50, F\n|-mega|p1b: Charizard|Charizard|Charizardite X\n|move|p2a: Oranguru|Instruct|p2b: Rotom\n|-singleturn|p2b: Rotom|move: Instruct|[of] p2a: Oranguru\n|move|p2b: Rotom|Hydro Pump|p1b: Charizard\n|-damage|p1b: Charizard|53/100\n|move|p2b: Rotom|Thunderbolt|p1b: Charizard\n|-resisted|p1b: Charizard|1\n|-damage|p1b: Charizard|34/100\n|move|p1a: Rotom|Hydro Pump|p2a: Oranguru\n|-damage|p2a: Oranguru|5/100\n|move|p1b: Charizard|Dragon Claw|p2a: Oranguru\n|-damage|p2a: Oranguru|0 fnt\n|faint|p2a: Oranguru\n|\n|upkeep\n|\n|t:|1776645771\n|switch|p2a: Floette|Floette-Eternal, L50, F|100/100\n|turn|4\n|\n|t:|1776645788\n|detailschange|p2a: Floette|Floette-Mega, L50, F\n|-mega|p2a: Floette|Floette|Floettite\n|-ability|p2a: Floette|Fairy Aura\n|move|p1b: Charizard|Protect|p1b: Charizard\n|-singleturn|p1b: Charizard|Protect\n|move|p2b: Rotom|Thunderbolt|p1a: Rotom\n|-damage|p1a: Rotom|60/100\n|move|p2a: Floette|Dazzling Gleam|p1a: Rotom|[spread] p1a\n|-activate|p1b: Charizard|move: Protect\n|-damage|p1a: Rotom|14/100\n|-enditem|p1a: Rotom|Sitrus Berry|[eat]\n|-heal|p1a: Rotom|39/100|[from] item: Sitrus Berry\n|move|p1a: Rotom|Discharge|p2a: Floette|[spread] p2a,p2b\n|-activate|p1b: Charizard|move: Protect\n|-damage|p2a: Floette|82/100\n|-damage|p2b: Rotom|66/100\n|\n|-sideend|p1: vertexvekerr|move: Tailwind\n|upkeep\n|turn|5\n|inactive|Marcio Lira has 30 seconds left.\n|inactive|Marcio Lira has 20 seconds left.\n|\n|t:|1776645828\n|switch|p1b: Aerodactyl|Aerodactyl, L50, F|100/100\n|move|p1a: Rotom|Protect|p1a: Rotom\n|-singleturn|p1a: Rotom|Protect\n|move|p2b: Rotom|Thunderbolt|p1b: Aerodactyl\n|-supereffective|p1b: Aerodactyl|1\n|-damage|p1b: Aerodactyl|7/100\n|move|p2a: Floette|Dazzling Gleam|p1a: Rotom|[spread] p1b\n|-activate|p1a: Rotom|move: Protect\n|-damage|p1b: Aerodactyl|0 fnt\n|faint|p1b: Aerodactyl\n|\n|-fieldend|move: Trick Room\n|upkeep\n|\n|t:|1776645837\n|switch|p1b: Charizard|Charizard-Mega-X, L50, F|34/100\n|turn|6\n|\n|t:|1776645851\n|move|p2a: Floette|Protect|p2a: Floette\n|-singleturn|p2a: Floette|Protect\n|move|p2b: Rotom|Electroweb|p1a: Rotom|[spread] p1a,p1b\n|-resisted|p1b: Charizard|1\n|-damage|p1a: Rotom|18/100\n|-damage|p1b: Charizard|25/100\n|-unboost|p1a: Rotom|spe|1\n|-unboost|p1b: Charizard|spe|1\n|move|p1b: Charizard|Fire Punch|p2a: Floette\n|-activate|p2a: Floette|move: Protect\n|move|p1a: Rotom|Hydro Pump|p2a: Floette\n|-activate|p2a: Floette|move: Protect\n|\n|upkeep\n|turn|7\n|\n|t:|1776645863\n|move|p2a: Floette|Dazzling Gleam|p1b: Charizard|[spread] p1a,p1b\n|-damage|p1a: Rotom|0 fnt\n|-damage|p1b: Charizard|0 fnt\n|faint|p1a: Rotom\n|faint|p1b: Charizard\n|\n|win|Marcio Lira\n|raw|vertexvekerr's rating: 1099 &rarr; <strong>1075</strong><br />(-24 for losing)\n|raw|Marcio Lira's rating: 1116 &rarr; <strong>1140</strong><br />(+24 for winning)\n|c|\u2606vertexvekerr|Gg\n|c|\u2606Marcio Lira|gg\n|l|\u2606vertexvekerr\n|player|p1|\n",
  "uploadtime": 1776645896,
  "views": 6,
  "formatid": "gen9championsvgc2026regma",
  "rating": 1075,
  "private": 0,
  "password": null
}