{
  "id": "gen9championsvgc2026regma-2585740852",
  "format": "[Gen 9 Champions] VGC 2026 Reg M-A",
  "players": [
    "boysenorange",
    "RussiantheJohnson"
  ],
  "log": "|j|\u2606boysenorange\n|j|\u2606RussiantheJohnson\n|t:|1776367353\n|gametype|doubles\n|player|p1|boysenorange|turo|1181\n|player|p2|RussiantheJohnson|linebacker|1210\n|gen|9\n|tier|[Gen 9 Champions] VGC 2026 Reg M-A\n|rated|\n|rule|Species Clause: Limit one of each Pok\u00e9mon\n|rule|Item Clause: Limit 1 of each item\n|clearpoke\n|poke|p1|Farigiraf, L50, F|\n|poke|p1|Sinistcha, L50|\n|poke|p1|Medicham, L50, F|\n|poke|p1|Torkoal, L50, M|\n|poke|p1|Golurk, L50|\n|poke|p1|Decidueye-Hisui, L50, F|\n|poke|p2|Lopunny, L50, F|\n|poke|p2|Basculegion, L50, M|\n|poke|p2|Pelipper, L50, M|\n|poke|p2|Archaludon, L50, F|\n|poke|p2|Sinistcha, L50|\n|poke|p2|Incineroar, L50, M|\n|teampreview|4\n|\n|t:|1776367383\n|teamsize|p1|4\n|teamsize|p2|4\n|start\n|switch|p1a: Medicham|Medicham, L50, F|100/100\n|switch|p1b: Farigiraf|Farigiraf, L50, F|100/100\n|switch|p2a: Incineroar|Incineroar, L50, M|100/100\n|switch|p2b: Lopunny|Lopunny, L50, F, shiny|100/100\n|-ability|p2a: Incineroar|Intimidate|boost\n|-unboost|p1a: Medicham|atk|1\n|-unboost|p1b: Farigiraf|atk|1\n|turn|1\n|inactive|Battle timer is ON: inactive players will automatically lose when time's up. (requested by boysenorange)\n|\n|t:|1776367414\n|detailschange|p2b: Lopunny|Lopunny-Mega, L50, F, shiny\n|-mega|p2b: Lopunny|Lopunny|Lopunnite\n|move|p1a: Medicham|Fake Out|p2a: Incineroar\n|-damage|p2a: Incineroar|88/100\n|move|p2b: Lopunny|Close Combat|p1b: Farigiraf\n|-damage|p1b: Farigiraf|40/100\n|-unboost|p2b: Lopunny|def|1\n|-unboost|p2b: Lopunny|spd|1\n|-enditem|p1b: Farigiraf|Sitrus Berry|[eat]\n|-heal|p1b: Farigiraf|64/100|[from] item: Sitrus Berry\n|cant|p2a: Incineroar|flinch\n|move|p1b: Farigiraf|Trick Room|p1b: Farigiraf\n|-fieldstart|move: Trick Room|[of] p1b: Farigiraf\n|\n|upkeep\n|turn|2\n|\n|t:|1776367435\n|switch|p2a: Pelipper|Pelipper, L50, M|100/100\n|-weather|RainDance|[from] ability: Drizzle|[of] p2a: Pelipper\n|switch|p2b: Basculegion|Basculegion, L50, M|100/100\n|move|p1b: Farigiraf|Nasty Plot|p1b: Farigiraf\n|-boost|p1b: Farigiraf|spa|2\n|move|p1a: Medicham|Close Combat|p2a: Pelipper\n|-resisted|p2a: Pelipper|1\n|-damage|p2a: Pelipper|72/100\n|-unboost|p1a: Medicham|def|1\n|-unboost|p1a: Medicham|spd|1\n|\n|-weather|RainDance|[upkeep]\n|upkeep\n|turn|3\n|\n|t:|1776367452\n|move|p2a: Pelipper|Protect|p2a: Pelipper\n|-singleturn|p2a: Pelipper|Protect\n|move|p2b: Basculegion|Protect|p2b: Basculegion\n|-singleturn|p2b: Basculegion|Protect\n|move|p1b: Farigiraf|Psyshock|p2a: Pelipper\n|-activate|p2a: Pelipper|move: Protect\n|move|p1a: Medicham|Psycho Cut|p2b: Basculegion\n|-activate|p2b: Basculegion|move: Protect\n|\n|-weather|RainDance|[upkeep]\n|upkeep\n|turn|4\n|\n|t:|1776367476\n|move|p2b: Basculegion|Aqua Jet||[still]\n|cant|p1b: Farigiraf|ability: Armor Tail|Aqua Jet|[of] p2b: Basculegion\n|move|p1b: Farigiraf|Psyshock|p2a: Pelipper\n|-damage|p2a: Pelipper|19/100\n|move|p1a: Medicham|Close Combat|p2b: Basculegion\n|-immune|p2b: Basculegion\n|move|p2a: Pelipper|Hurricane|p1a: Medicham\n|-supereffective|p1a: Medicham|1\n|-enditem|p1a: Medicham|Focus Sash\n|-damage|p1a: Medicham|1/100\n|\n|-weather|RainDance|[upkeep]\n|upkeep\n|turn|5\n|\n|t:|1776367497\n|move|p2a: Pelipper|Protect|p2a: Pelipper\n|-singleturn|p2a: Pelipper|Protect\n|move|p2b: Basculegion|Protect|p2b: Basculegion\n|-singleturn|p2b: Basculegion|Protect\n|move|p1b: Farigiraf|Hyper Voice|p2a: Pelipper|[spread] \n|-activate|p2a: Pelipper|move: Protect\n|-activate|p2b: Basculegion|move: Protect\n|move|p1a: Medicham|Psycho Cut|p2b: Basculegion\n|-activate|p2b: Basculegion|move: Protect\n|\n|-weather|RainDance|[upkeep]\n|-fieldend|move: Trick Room\n|upkeep\n|turn|6\n|\n|t:|1776367517\n|move|p2b: Basculegion|Wave Crash|p1b: Farigiraf\n|-damage|p1b: Farigiraf|0 fnt\n|faint|p1b: Farigiraf\n|-damage|p2b: Basculegion|76/100|[from] Recoil\n|move|p2a: Pelipper|Tailwind|p2a: Pelipper\n|-sidestart|p2: RussiantheJohnson|move: Tailwind\n|move|p1a: Medicham|Psycho Cut|p2a: Pelipper\n|-damage|p2a: Pelipper|0 fnt\n|faint|p2a: Pelipper\n|\n|-weather|none\n|upkeep\n|\n|t:|1776367534\n|switch|p2a: Incineroar|Incineroar, L50, M|88/100\n|switch|p1b: Decidueye|Decidueye-Hisui, L50, F|100/100\n|-ability|p2a: Incineroar|Intimidate|boost\n|-unboost|p1a: Medicham|atk|1\n|-fail|p1b: Decidueye|unboost|Attack|[from] ability: Scrappy|[of] p1b: Decidueye\n|turn|7\n|\n|t:|1776367552\n|switch|p1a: Golurk|Golurk, L50|100/100\n|move|p2a: Incineroar|Fake Out|p1b: Decidueye\n|-damage|p1b: Decidueye|87/100\n|move|p2b: Basculegion|Aqua Jet|p1a: Golurk\n|-supereffective|p1a: Golurk|1\n|-damage|p1a: Golurk|48/100\n|cant|p1b: Decidueye|flinch\n|\n|upkeep\n|turn|8\n|\n|t:|1776367571\n|move|p1a: Golurk|Protect|p1a: Golurk\n|-singleturn|p1a: Golurk|Protect\n|move|p2b: Basculegion|Last Respects|p1b: Decidueye\n|-damage|p1b: Decidueye|28/100\n|move|p2a: Incineroar|Throat Chop|p1a: Golurk\n|-activate|p1a: Golurk|move: Protect\n|move|p1b: Decidueye|Triple Arrows|p2a: Incineroar\n|-supereffective|p2a: Incineroar|1\n|-crit|p2a: Incineroar\n|-damage|p2a: Incineroar|0 fnt\n|faint|p2a: Incineroar\n|\n|upkeep\n|\n|t:|1776367584\n|switch|p2a: Lopunny|Lopunny-Mega, L50, F, shiny|100/100\n|turn|9\n|\n|t:|1776367604\n|detailschange|p1a: Golurk|Golurk-Mega, L50\n|-mega|p1a: Golurk|Golurk|Golurkite\n|move|p2a: Lopunny|Fake Out|p1b: Decidueye\n|-damage|p1b: Decidueye|4/100\n|move|p2b: Basculegion|Last Respects|p1a: Golurk\n|-supereffective|p1a: Golurk|1\n|-damage|p1a: Golurk|0 fnt\n|faint|p1a: Golurk\n|cant|p1b: Decidueye|flinch\n|\n|-sideend|p2: RussiantheJohnson|move: Tailwind\n|upkeep\n|-message|boysenorange forfeited.\n|\n|win|RussiantheJohnson\n|raw|boysenorange's rating: 1181 &rarr; <strong>1158</strong><br />(-23 for losing)\n|raw|RussiantheJohnson's rating: 1210 &rarr; <strong>1233</strong><br />(+23 for winning)\n",
  "uploadtime": 1776367615,
  "views": 17,
  "formatid": "gen9championsvgc2026regma",
  "rating": 1158,
  "private": 0,
  "password": null
}