{
  "id": "gen9championsvgc2026regma-2589401383",
  "format": "[Gen 9 Champions] VGC 2026 Reg M-A",
  "players": [
    "Scrubby009",
    "nodadnottonight"
  ],
  "log": "|j|\u2606Scrubby009\n|j|\u2606nodadnottonight\n|t:|1776719969\n|gametype|doubles\n|player|p1|Scrubby009|skyla|1453\n|player|p2|nodadnottonight|169|1368\n|gen|9\n|tier|[Gen 9 Champions] VGC 2026 Reg M-A\n|rated|\n|rule|Species Clause: Limit one of each Pok\u00e9mon\n|rule|Item Clause: Limit 1 of each item\n|clearpoke\n|poke|p1|Lopunny, L50, F, shiny|\n|poke|p1|Scizor, L50, M|\n|poke|p1|Rotom-Heat, L50|\n|poke|p1|Sinistcha, L50|\n|poke|p1|Garchomp, L50, M|\n|poke|p1|Primarina, L50, F|\n|poke|p2|Froslass, L50, F|\n|poke|p2|Incineroar, L50, F|\n|poke|p2|Milotic, L50, F|\n|poke|p2|Corviknight, L50, M, shiny|\n|poke|p2|Garchomp, L50, M|\n|poke|p2|Sinistcha-Masterpiece, L50|\n|teampreview|4\n|c|\u2606Scrubby009|glhf\n|inactive|Battle timer is ON: inactive players will automatically lose when time's up. (requested by nodadnottonight)\n|\n|t:|1776720036\n|teamsize|p1|4\n|teamsize|p2|4\n|start\n|switch|p1a: B-Girl Kelly|Lopunny, L50, F, shiny|100/100\n|switch|p1b: Prime Time|Primarina, L50, F|100/100\n|switch|p2a: Froslass|Froslass, L50, F|100/100\n|switch|p2b: Milotic|Milotic, L50, F|100/100\n|turn|1\n|inactive|nodadnottonight has 30 seconds left.\n|inactive|nodadnottonight has 20 seconds left.\n|\n|t:|1776720073\n|detailschange|p2a: Froslass|Froslass-Mega, L50, F\n|-mega|p2a: Froslass|Froslass|Froslassite\n|-weather|Snowscape|[from] ability: Snow Warning|[of] p2a: Froslass\n|detailschange|p1a: B-Girl Kelly|Lopunny-Mega, L50, F, shiny\n|-mega|p1a: B-Girl Kelly|Lopunny|Lopunnite\n|move|p1a: B-Girl Kelly|Close Combat|p2a: Froslass\n|-supereffective|p2a: Froslass|1\n|-damage|p2a: Froslass|0 fnt\n|-unboost|p1a: B-Girl Kelly|def|1\n|-unboost|p1a: B-Girl Kelly|spd|1\n|faint|p2a: Froslass\n|move|p2b: Milotic|Coil|p2b: Milotic\n|-boost|p2b: Milotic|atk|1\n|-boost|p2b: Milotic|def|1\n|-boost|p2b: Milotic|accuracy|1\n|move|p1b: Prime Time|Calm Mind|p1b: Prime Time\n|-boost|p1b: Prime Time|spa|1\n|-boost|p1b: Prime Time|spd|1\n|\n|-weather|Snowscape|[upkeep]\n|upkeep\n|\n|t:|1776720086\n|switch|p2a: Corviknight|Corviknight, L50, M, shiny|100/100\n|turn|2\n|\n|t:|1776720110\n|switch|p1a: Hot Pocket|Rotom-Heat, L50|100/100\n|move|p2b: Milotic|Muddy Water|p1a: Hot Pocket|[spread] p1a,p1b\n|-supereffective|p1a: Hot Pocket|1\n|-resisted|p1b: Prime Time|1\n|-damage|p1a: Hot Pocket|53/100\n|-damage|p1b: Prime Time|94/100\n|move|p2a: Corviknight|Brave Bird|p1b: Prime Time\n|-damage|p1b: Prime Time|56/100\n|-damage|p2a: Corviknight|90/100|[from] Recoil\n|move|p1b: Prime Time|Calm Mind|p1b: Prime Time\n|-boost|p1b: Prime Time|spa|1\n|-boost|p1b: Prime Time|spd|1\n|\n|-weather|Snowscape|[upkeep]\n|-heal|p1b: Prime Time|62/100|[from] item: Leftovers\n|upkeep\n|turn|3\n|\n|t:|1776720131\n|switch|p2a: Garchomp|Garchomp, L50, M|100/100\n|move|p1a: Hot Pocket|Overheat|p2a: Garchomp\n|-resisted|p2a: Garchomp|1\n|-crit|p2a: Garchomp\n|-damage|p2a: Garchomp|53/100\n|-unboost|p1a: Hot Pocket|spa|2\n|move|p2b: Milotic|Muddy Water|p1b: Prime Time|[spread] p1a,p1b\n|-supereffective|p1a: Hot Pocket|1\n|-resisted|p1b: Prime Time|1\n|-damage|p1a: Hot Pocket|8/100\n|-damage|p1b: Prime Time|57/100\n|-unboost|p1a: Hot Pocket|accuracy|1\n|move|p1b: Prime Time|Moonblast|p2b: Milotic\n|-damage|p2b: Milotic|42/100\n|\n|-weather|Snowscape|[upkeep]\n|-heal|p2b: Milotic|48/100|[from] item: Leftovers\n|-heal|p1b: Prime Time|64/100|[from] item: Leftovers\n|upkeep\n|turn|4\n|\n|t:|1776720147\n|switch|p1a: Tea Time|Sinistcha, L50|100/100\n|-heal|p1b: Prime Time|89/100|[from] ability: Hospitality|[of] p1a: Tea Time\n|move|p2a: Garchomp|Rock Slide|p1b: Prime Time|[spread] p1a,p1b\n|-damage|p1a: Tea Time|83/100\n|-damage|p1b: Prime Time|69/100\n|move|p2b: Milotic|Hypnosis|p1b: Prime Time\n|-status|p1b: Prime Time|slp|[from] move: Hypnosis\n|cant|p1b: Prime Time|slp\n|\n|-weather|Snowscape|[upkeep]\n|-heal|p2b: Milotic|54/100|[from] item: Leftovers\n|-heal|p1b: Prime Time|75/100 slp|[from] item: Leftovers\n|upkeep\n|turn|5\n|\n|t:|1776720166\n|switch|p2a: Corviknight|Corviknight, L50, M, shiny|90/100\n|move|p2b: Milotic|Muddy Water|p1b: Prime Time|[spread] p1a,p1b\n|-resisted|p1a: Tea Time|1\n|-resisted|p1b: Prime Time|1\n|-damage|p1a: Tea Time|73/100\n|-damage|p1b: Prime Time|70/100 slp\n|move|p1a: Tea Time|Matcha Gotcha|p2a: Corviknight|[spread] p2a,p2b\n|-resisted|p2a: Corviknight|2\n|-supereffective|p2b: Milotic|1\n|-damage|p2a: Corviknight|85/100\n|-heal|p1a: Tea Time|75/100|[from] drain|[of] p2a: Corviknight\n|-damage|p2b: Milotic|21/100\n|-heal|p1a: Tea Time|94/100|[from] drain|[of] p2b: Milotic\n|-curestatus|p1b: Prime Time|slp|[msg]\n|move|p1b: Prime Time|Hyper Voice|p2b: Milotic|[spread] p2a,p2b\n|-resisted|p2b: Milotic|1\n|-damage|p2a: Corviknight|41/100\n|-damage|p2b: Milotic|1/100\n|-enditem|p2a: Corviknight|Sitrus Berry|[eat]\n|-heal|p2a: Corviknight|66/100|[from] item: Sitrus Berry\n|\n|-weather|none\n|-heal|p2b: Milotic|7/100|[from] item: Leftovers\n|-heal|p1b: Prime Time|77/100|[from] item: Leftovers\n|upkeep\n|turn|6\n|inactive|Scrubby009 has 30 seconds left.\n|\n|t:|1776720195\n|move|p2b: Milotic|Muddy Water|p1b: Prime Time|[spread] p1a,p1b\n|-resisted|p1a: Tea Time|1\n|-resisted|p1b: Prime Time|1\n|-damage|p1a: Tea Time|84/100\n|-damage|p1b: Prime Time|72/100\n|-unboost|p1a: Tea Time|accuracy|1\n|move|p1a: Tea Time|Matcha Gotcha|p2b: Milotic|[spread] \n|-miss|p1a: Tea Time|p2a: Corviknight\n|-miss|p1a: Tea Time|p2b: Milotic\n|move|p2a: Corviknight|Brave Bird|p1b: Prime Time\n|-crit|p1b: Prime Time\n|-damage|p1b: Prime Time|14/100\n|-damage|p2a: Corviknight|49/100|[from] Recoil\n|move|p1b: Prime Time|Hyper Voice|p2b: Milotic|[spread] p2a,p2b\n|-resisted|p2b: Milotic|1\n|-damage|p2a: Corviknight|0 fnt\n|-damage|p2b: Milotic|0 fnt\n|faint|p2a: Corviknight\n|faint|p2b: Milotic\n|\n|-heal|p1b: Prime Time|20/100|[from] item: Leftovers\n|upkeep\n|-message|nodadnottonight forfeited.\n|\n|win|Scrubby009\n|raw|Scrubby009's rating: 1453 &rarr; <strong>1468</strong><br />(+15 for winning)\n|raw|nodadnottonight's rating: 1368 &rarr; <strong>1353</strong><br />(-15 for losing)\n|l|\u2606nodadnottonight\n|player|p2|\n",
  "uploadtime": 1776720207,
  "views": 10,
  "formatid": "gen9championsvgc2026regma",
  "rating": 1353,
  "private": 0,
  "password": null
}