{
  "id": "gen9championsvgc2026regma-2580595524",
  "format": "[Gen 9 Champions] VGC 2026 Reg M-A",
  "players": [
    "miguelon611",
    "tyalt"
  ],
  "log": "|j|\u2606miguelon611\n|j|\u2606tyalt\n|t:|1775916463\n|gametype|doubles\n|player|p1|miguelon611|102|1099\n|player|p2|tyalt|266|1000\n|gen|9\n|tier|[Gen 9 Champions] VGC 2026 Reg M-A\n|rated|\n|rule|Species Clause: Limit one of each Pok\u00e9mon\n|rule|Item Clause: Limit 1 of each item\n|clearpoke\n|poke|p1|Hatterene, L50, F|\n|poke|p1|Kangaskhan, L50, F|\n|poke|p1|Crabominable, L50, F|\n|poke|p1|Torkoal, L50, M|\n|poke|p1|Farigiraf, L50, M|\n|poke|p1|Gallade, L50, M|\n|poke|p2|Aerodactyl, L50, M|\n|poke|p2|Floette-Eternal, L50, F|\n|poke|p2|Tyranitar, L50, M|\n|poke|p2|Excadrill, L50, F|\n|poke|p2|Maushold, L50|\n|poke|p2|Incineroar, L50, M|\n|teampreview|4\n|\n|t:|1775916506\n|teamsize|p1|4\n|teamsize|p2|4\n|start\n|switch|p1a: Kangaskhan|Kangaskhan, L50, F|100/100\n|switch|p1b: Farigiraf|Farigiraf, L50, M|100/100\n|switch|p2a: Floette|Floette-Eternal, L50, F|100/100\n|switch|p2b: Maushold|Maushold, L50|100/100\n|turn|1\n|\n|t:|1775916517\n|switch|p1a: Torkoal|Torkoal, L50, M|100/100\n|-weather|SunnyDay|[from] ability: Drought|[of] p1a: Torkoal\n|detailschange|p2a: Floette|Floette-Mega, L50, F\n|-mega|p2a: Floette|Floette|Floettite\n|-ability|p2a: Floette|Fairy Aura\n|move|p2a: Floette|Calm Mind|p2a: Floette\n|-boost|p2a: Floette|spa|1\n|-boost|p2a: Floette|spd|1\n|move|p2b: Maushold|Taunt|p1b: Farigiraf\n|-start|p1b: Farigiraf|move: Taunt\n|cant|p1b: Farigiraf|move: Taunt|Trick Room\n|\n|-weather|SunnyDay|[upkeep]\n|upkeep\n|turn|2\n|\n|t:|1775916544\n|switch|p1b: Hatterene|Hatterene, L50, F|100/100\n|move|p2a: Floette|Calm Mind|p2a: Floette\n|-boost|p2a: Floette|spa|1\n|-boost|p2a: Floette|spd|1\n|move|p2b: Maushold|Population Bomb|p1a: Torkoal|[miss]\n|-miss|p2b: Maushold|p1a: Torkoal\n|move|p1a: Torkoal|Heat Wave|p2b: Maushold|[spread] p2a,p2b\n|-damage|p2a: Floette|87/100\n|-damage|p2b: Maushold|32/100\n|\n|-weather|SunnyDay|[upkeep]\n|upkeep\n|turn|3\n|inactive|Battle timer is ON: inactive players will automatically lose when time's up. (requested by tyalt)\n|\n|t:|1775916565\n|switch|p1b: Farigiraf|Farigiraf, L50, M|100/100\n|move|p2b: Maushold|Helping Hand|p2a: Floette\n|-singleturn|p2a: Floette|Helping Hand|[of] p2b: Maushold\n|move|p2a: Floette|Moonblast|p1b: Farigiraf\n|-damage|p1b: Farigiraf|0 fnt\n|faint|p1b: Farigiraf\n|move|p1a: Torkoal|Heat Wave|p2a: Floette|[spread] p2a\n|-miss|p1a: Torkoal|p2b: Maushold\n|-damage|p2a: Floette|71/100\n|\n|-weather|SunnyDay|[upkeep]\n|upkeep\n|\n|t:|1775916580\n|switch|p1b: Hatterene|Hatterene, L50, F|100/100\n|turn|4\n|\n|t:|1775916587\n|move|p2b: Maushold|Helping Hand|p2a: Floette\n|-singleturn|p2a: Floette|Helping Hand|[of] p2b: Maushold\n|move|p2a: Floette|Moonblast|p1b: Hatterene\n|-damage|p1b: Hatterene|0 fnt\n|faint|p1b: Hatterene\n|move|p1a: Torkoal|Eruption|p2a: Floette|[spread] p2a,p2b\n|-crit|p2a: Floette\n|-damage|p2a: Floette|0 fnt\n|-damage|p2b: Maushold|0 fnt\n|faint|p2a: Floette\n|faint|p2b: Maushold\n|\n|-weather|SunnyDay|[upkeep]\n|upkeep\n|\n|t:|1775916598\n|switch|p2a: Tyranitar|Tyranitar, L50, M|100/100\n|switch|p2b: Aerodactyl|Aerodactyl, L50, M|100/100\n|switch|p1b: Kangaskhan|Kangaskhan, L50, F|100/100\n|-ability|p2b: Aerodactyl|Unnerve\n|-weather|Sandstorm|[from] ability: Sand Stream|[of] p2a: Tyranitar\n|turn|5\n|\n|t:|1775916613\n|detailschange|p1b: Kangaskhan|Kangaskhan-Mega, L50, F\n|-mega|p1b: Kangaskhan|Kangaskhan|Kangaskhanite\n|move|p2b: Aerodactyl|Rock Slide|p1a: Torkoal|[spread] p1a,p1b\n|-supereffective|p1a: Torkoal|1\n|-damage|p1a: Torkoal|59/100\n|-damage|p1b: Kangaskhan|78/100\n|cant|p1b: Kangaskhan|flinch\n|move|p2a: Tyranitar|Rock Slide|p1b: Kangaskhan|[spread] p1a,p1b\n|-supereffective|p1a: Torkoal|1\n|-damage|p1a: Torkoal|11/100\n|-damage|p1b: Kangaskhan|52/100\n|cant|p1a: Torkoal|flinch\n|\n|-weather|Sandstorm|[upkeep]\n|-damage|p1b: Kangaskhan|45/100|[from] Sandstorm\n|-damage|p1a: Torkoal|5/100|[from] Sandstorm\n|upkeep\n|turn|6\n|\n|t:|1775916635\n|move|p2b: Aerodactyl|Rock Slide|p1b: Kangaskhan|[spread] p1b\n|-miss|p2b: Aerodactyl|p1a: Torkoal\n|-damage|p1b: Kangaskhan|24/100\n|move|p1b: Kangaskhan|Hammer Arm|p2a: Tyranitar\n|-supereffective|p2a: Tyranitar|2\n|-damage|p2a: Tyranitar|0 fnt\n|-unboost|p1b: Kangaskhan|spe|1\n|faint|p2a: Tyranitar\n|-hitcount|p2: Tyranitar|1\n|move|p1a: Torkoal|Weather Ball|p2b: Aerodactyl\n|-supereffective|p2b: Aerodactyl|1\n|-damage|p2b: Aerodactyl|47/100\n|\n|-weather|Sandstorm|[upkeep]\n|-damage|p1b: Kangaskhan|18/100|[from] Sandstorm\n|-damage|p1a: Torkoal|0 fnt|[from] Sandstorm\n|faint|p1a: Torkoal\n|upkeep\n|turn|7\n|inactive|miguelon611 has 30 seconds left.\n|\n|t:|1775916661\n|move|p2b: Aerodactyl|Dual Wingbeat|p1b: Kangaskhan\n|-damage|p1b: Kangaskhan|2/100\n|-damage|p1b: Kangaskhan|0 fnt\n|faint|p1b: Kangaskhan\n|-hitcount|p1: Kangaskhan|2\n|\n|win|tyalt\n|raw|miguelon611's rating: 1099 &rarr; <strong>1067</strong><br />(-32 for losing)\n|raw|tyalt's rating: 1000 &rarr; <strong>1051</strong><br />(+51 for winning)\n|l|\u2606tyalt\n|player|p2|\n",
  "uploadtime": 1775916672,
  "views": 33,
  "formatid": "gen9championsvgc2026regma",
  "rating": 1051,
  "private": 0,
  "password": null
}