{
  "id": "gen9championsvgc2026regma-2585072243",
  "format": "[Gen 9 Champions] VGC 2026 Reg M-A",
  "players": [
    "PlagueOfMinds",
    "2sweep4u"
  ],
  "log": "|j|\u2606PlagueOfMinds\n|j|\u26062sweep4u\n|t:|1776308888\n|gametype|doubles\n|player|p1|PlagueOfMinds|2|1101\n|player|p2|2sweep4u|unknownf|1113\n|gen|9\n|tier|[Gen 9 Champions] VGC 2026 Reg M-A\n|rated|\n|rule|Species Clause: Limit one of each Pok\u00e9mon\n|rule|Item Clause: Limit 1 of each item\n|clearpoke\n|poke|p1|Klefki, L50, F|\n|poke|p1|Garchomp, L50, M|\n|poke|p1|Meganium, L50, F|\n|poke|p1|Rotom-Heat, L50|\n|poke|p1|Aerodactyl, L50, F|\n|poke|p1|Tauros-Paldea-Aqua, L50, M|\n|poke|p2|Incineroar, L50, F|\n|poke|p2|Sneasler, L50, F|\n|poke|p2|Milotic, L50, F|\n|poke|p2|Aerodactyl, L50, M|\n|poke|p2|Tyranitar, L50, F|\n|poke|p2|Excadrill, L50, F|\n|teampreview|4\n|inactive|Battle timer is ON: inactive players will automatically lose when time's up. (requested by PlagueOfMinds)\n|\n|t:|1776308918\n|teamsize|p1|4\n|teamsize|p2|4\n|start\n|switch|p1a: Klefki|Klefki, L50, F|100/100\n|switch|p1b: Garchomp|Garchomp, L50, M|100/100\n|switch|p2a: Incineroar|Incineroar, L50, F|100/100\n|switch|p2b: Tyranitar|Tyranitar, L50, F|100/100\n|-weather|Sandstorm|[from] ability: Sand Stream|[of] p2b: Tyranitar\n|-ability|p2a: Incineroar|Intimidate|boost\n|-unboost|p1a: Klefki|atk|1\n|-unboost|p1b: Garchomp|atk|1\n|turn|1\n|\n|t:|1776308937\n|switch|p1b: Tauros|Tauros-Paldea-Aqua, L50, M|100/100\n|-ability|p1b: Tauros|Intimidate|boost\n|-unboost|p2a: Incineroar|atk|1\n|-unboost|p2b: Tyranitar|atk|1\n|move|p2a: Incineroar|Fake Out|p1b: Tauros\n|-damage|p1b: Tauros|93/100\n|move|p1a: Klefki|Reflect|p1a: Klefki\n|-sidestart|p1: PlagueOfMinds|Reflect\n|move|p2b: Tyranitar|Dragon Dance|p2b: Tyranitar\n|-boost|p2b: Tyranitar|atk|1\n|-boost|p2b: Tyranitar|spe|1\n|\n|-weather|Sandstorm|[upkeep]\n|-damage|p1b: Tauros|87/100|[from] Sandstorm\n|-damage|p2a: Incineroar|95/100|[from] Sandstorm\n|upkeep\n|turn|2\n|inactive|PlagueOfMinds has 30 seconds left.\n|\n|t:|1776308970\n|switch|p1a: Garchomp|Garchomp, L50, M|100/100\n|move|p2b: Tyranitar|Protect|p2b: Tyranitar\n|-singleturn|p2b: Tyranitar|Protect\n|move|p1b: Tauros|Close Combat|p2a: Incineroar\n|-supereffective|p2a: Incineroar|1\n|-damage|p2a: Incineroar|0 fnt\n|-unboost|p1b: Tauros|def|1\n|-unboost|p1b: Tauros|spd|1\n|faint|p2a: Incineroar\n|-enditem|p1b: Tauros|White Herb\n|-clearnegativeboost|p1b: Tauros|[silent]\n|\n|-weather|Sandstorm|[upkeep]\n|-damage|p1b: Tauros|81/100|[from] Sandstorm\n|upkeep\n|\n|t:|1776308983\n|switch|p2a: Milotic|Milotic, L50, F|100/100\n|turn|3\n|\n|t:|1776309008\n|detailschange|p2b: Tyranitar|Tyranitar-Mega, L50, F\n|-mega|p2b: Tyranitar|Tyranitar|Tyranitarite\n|move|p2b: Tyranitar|Rock Slide|p1a: Garchomp|[spread] p1b\n|-miss|p2b: Tyranitar|p1a: Garchomp\n|-resisted|p1b: Tauros|1\n|-damage|p1b: Tauros|70/100\n|move|p1a: Garchomp|Dragon Claw|p2a: Milotic\n|-damage|p2a: Milotic|60/100\n|move|p1b: Tauros|Wave Crash|p2b: Tyranitar\n|-supereffective|p2b: Tyranitar|1\n|-damage|p2b: Tyranitar|19/100\n|-damage|p1b: Tauros|43/100|[from] Recoil\n|move|p2a: Milotic|Icy Wind|p1a: Garchomp|[spread] p1b\n|-miss|p2a: Milotic|p1a: Garchomp\n|-resisted|p1b: Tauros|1\n|-damage|p1b: Tauros|36/100\n|-unboost|p1b: Tauros|spe|1\n|\n|-weather|Sandstorm|[upkeep]\n|-damage|p2a: Milotic|54/100|[from] Sandstorm\n|-damage|p1b: Tauros|30/100|[from] Sandstorm\n|-heal|p2a: Milotic|60/100|[from] item: Leftovers\n|upkeep\n|turn|4\n|\n|t:|1776309032\n|switch|p1b: Klefki|Klefki, L50, F|100/100\n|move|p2b: Tyranitar|Protect|p2b: Tyranitar\n|-singleturn|p2b: Tyranitar|Protect\n|move|p1a: Garchomp|Dragon Claw|p2b: Tyranitar\n|-activate|p2b: Tyranitar|move: Protect\n|move|p2a: Milotic|Life Dew|p2a: Milotic|[spread] p2a,p2b\n|-heal|p2a: Milotic|85/100\n|-heal|p2b: Tyranitar|44/100\n|\n|-weather|Sandstorm|[upkeep]\n|-damage|p2a: Milotic|79/100|[from] Sandstorm\n|-heal|p2a: Milotic|85/100|[from] item: Leftovers\n|upkeep\n|turn|5\n|\n|t:|1776309050\n|move|p1b: Klefki|Thunder Wave|p2a: Milotic|[miss]\n|-miss|p1b: Klefki|p2a: Milotic\n|move|p2b: Tyranitar|Knock Off|p1a: Garchomp\n|-damage|p1a: Garchomp|65/100\n|-enditem|p1a: Garchomp|Choice Scarf|[from] move: Knock Off|[of] p2b: Tyranitar\n|move|p1a: Garchomp|Dragon Claw|p2b: Tyranitar\n|-damage|p2b: Tyranitar|12/100\n|move|p2a: Milotic|Icy Wind|p1a: Garchomp|[spread] p1a,p1b\n|-supereffective|p1a: Garchomp|2\n|-resisted|p1b: Klefki|1\n|-damage|p1a: Garchomp|22/100\n|-damage|p1b: Klefki|94/100\n|-unboost|p1a: Garchomp|spe|1\n|-unboost|p1b: Klefki|spe|1\n|\n|-weather|none\n|-heal|p2a: Milotic|91/100|[from] item: Leftovers\n|-sideend|p1: PlagueOfMinds|Reflect\n|upkeep\n|turn|6\n|\n|t:|1776309075\n|switch|p2a: Excadrill|Excadrill, L50, F|100/100\n|move|p1b: Klefki|Thunder Wave|p2a: Excadrill\n|-immune|p2a: Excadrill\n|move|p2b: Tyranitar|Knock Off|p1a: Garchomp\n|-damage|p1a: Garchomp|0 fnt\n|faint|p1a: Garchomp\n|\n|upkeep\n|\n|t:|1776309080\n|switch|p1a: Tauros|Tauros-Paldea-Aqua, L50, M|30/100\n|-ability|p1a: Tauros|Intimidate|boost\n|-unboost|p2a: Excadrill|atk|1\n|-unboost|p2b: Tyranitar|atk|1\n|turn|7\n|\n|t:|1776309097\n|switch|p2b: Milotic|Milotic, L50, F|91/100\n|move|p2a: Excadrill|Protect|p2a: Excadrill\n|-singleturn|p2a: Excadrill|Protect\n|move|p1a: Tauros|Protect|p1a: Tauros\n|-singleturn|p1a: Tauros|Protect\n|move|p1b: Klefki|Reflect|p1b: Klefki\n|-sidestart|p1: PlagueOfMinds|Reflect\n|\n|-heal|p2b: Milotic|97/100|[from] item: Leftovers\n|upkeep\n|turn|8\n|inactive|PlagueOfMinds has 30 seconds left.\n|inactive|2sweep4u has 30 seconds left.\n|\n|t:|1776309125\n|switch|p2a: Tyranitar|Tyranitar-Mega, L50, F|12/100\n|-weather|Sandstorm|[from] ability: Sand Stream|[of] p2a: Tyranitar\n|switch|p1b: Meganium|Meganium, L50, F|100/100\n|move|p1a: Tauros|Aqua Jet|p2b: Milotic\n|-resisted|p2b: Milotic|1\n|-damage|p2b: Milotic|87/100\n|move|p2b: Milotic|Scald|p1a: Tauros\n|-resisted|p1a: Tauros|1\n|-damage|p1a: Tauros|8/100\n|-status|p1a: Tauros|brn\n|\n|-weather|Sandstorm|[upkeep]\n|-damage|p1a: Tauros|2/100 brn|[from] Sandstorm\n|-damage|p2b: Milotic|81/100|[from] Sandstorm\n|-damage|p1b: Meganium|95/100|[from] Sandstorm\n|-heal|p2b: Milotic|87/100|[from] item: Leftovers\n|-damage|p1a: Tauros|0 fnt|[from] brn\n|faint|p1a: Tauros\n|upkeep\n|\n|t:|1776309132\n|switch|p1a: Klefki|Klefki, L50, F|94/100\n|turn|9\n|inactive|2sweep4u has 30 seconds left.\n|\n|t:|1776309165\n|detailschange|p1b: Meganium|Meganium-Mega, L50, F\n|-mega|p1b: Meganium|Meganium|Meganiumite\n|move|p2b: Milotic|Protect|p2b: Milotic\n|-singleturn|p2b: Milotic|Protect\n|move|p1a: Klefki|Thunder Wave|p2b: Milotic\n|-activate|p2b: Milotic|move: Protect\n|move|p2a: Tyranitar|Rock Slide|p1a: Klefki|[spread] p1a\n|-miss|p2a: Tyranitar|p1b: Meganium\n|-resisted|p1a: Klefki|1\n|-damage|p1a: Klefki|84/100\n|move|p1b: Meganium|Solar Beam||[still]\n|-prepare|p1b: Meganium|Solar Beam\n|-activate|p1b: Meganium|ability: Mega Sol\n|-anim|p1b: Meganium|Solar Beam|p2b: Milotic\n|-activate|p2b: Milotic|move: Protect\n|\n|-weather|Sandstorm|[upkeep]\n|-damage|p2b: Milotic|81/100|[from] Sandstorm\n|-damage|p1b: Meganium|89/100|[from] Sandstorm\n|-heal|p2b: Milotic|87/100|[from] item: Leftovers\n|upkeep\n|turn|10\n|\n|t:|1776309189\n|move|p1a: Klefki|Thunder Wave|p2b: Milotic\n|-status|p2b: Milotic|par\n|move|p2a: Tyranitar|Rock Slide|p1a: Klefki|[spread] p1a,p1b\n|-resisted|p1a: Klefki|1\n|-damage|p1a: Klefki|75/100\n|-damage|p1b: Meganium|69/100\n|move|p1b: Meganium|Solar Beam||[still]\n|-prepare|p1b: Meganium|Solar Beam\n|-activate|p1b: Meganium|ability: Mega Sol\n|-anim|p1b: Meganium|Solar Beam|p2b: Milotic\n|-supereffective|p2b: Milotic|1\n|-damage|p2b: Milotic|0 fnt\n|faint|p2b: Milotic\n|\n|-weather|Sandstorm|[upkeep]\n|-damage|p1b: Meganium|63/100|[from] Sandstorm\n|upkeep\n|\n|t:|1776309194\n|switch|p2b: Excadrill|Excadrill, L50, F|100/100\n|turn|11\n|\n|t:|1776309213\n|move|p1a: Klefki|Light Screen|p1a: Klefki\n|-sidestart|p1: PlagueOfMinds|move: Light Screen\n|move|p2b: Excadrill|Iron Head|p1b: Meganium\n|-supereffective|p1b: Meganium|1\n|-damage|p1b: Meganium|9/100\n|move|p2a: Tyranitar|Rock Slide|p1b: Meganium|[spread] p1a,p1b\n|-resisted|p1a: Klefki|1\n|-damage|p1a: Klefki|66/100\n|-damage|p1b: Meganium|0 fnt\n|faint|p1b: Meganium\n|\n|-weather|Sandstorm|[upkeep]\n|-sideend|p1: PlagueOfMinds|Reflect\n|upkeep\n|turn|12\n|-message|PlagueOfMinds forfeited.\n|\n|win|2sweep4u\n|raw|PlagueOfMinds's rating: 1101 &rarr; <strong>1077</strong><br />(-24 for losing)\n|raw|2sweep4u's rating: 1113 &rarr; <strong>1137</strong><br />(+24 for winning)\n",
  "uploadtime": 1776309220,
  "views": 22,
  "formatid": "gen9championsvgc2026regma",
  "rating": 1077,
  "private": 0,
  "password": null
}