{
  "id": "gen9championsvgc2026regma-2588901631",
  "format": "[Gen 9 Champions] VGC 2026 Reg M-A",
  "players": [
    "CTGLDOISBACKW",
    "Idkanygoodteams1"
  ],
  "log": "|j|\u2606CTGLDOISBACKW\n|j|\u2606Idkanygoodteams1\n|t:|1776684101\n|gametype|doubles\n|player|p1|CTGLDOISBACKW|101|\n|player|p2|Idkanygoodteams1|unknown|\n|gen|9\n|tier|[Gen 9 Champions] VGC 2026 Reg M-A\n|rule|Species Clause: Limit one of each Pok\u00e9mon\n|rule|Item Clause: Limit 1 of each item\n|clearpoke\n|poke|p1|Meganium, L50, M|\n|poke|p1|Kingambit, L50, M|\n|poke|p1|Kangaskhan, L50, F|\n|poke|p1|Torkoal, L50, M|\n|poke|p1|Farigiraf, L50, F|\n|poke|p1|Hawlucha, L50, M|\n|poke|p2|Tyranitar, L50, F|\n|poke|p2|Excadrill, L50, F|\n|poke|p2|Meganium, L50, M|\n|poke|p2|Arcanine, L50, F|\n|poke|p2|Gengar, L50, F|\n|poke|p2|Whimsicott, L50, M|\n|teampreview|4\n|inactive|Battle timer is ON: inactive players will automatically lose when time's up. (requested by Idkanygoodteams1)\n|\n|t:|1776684123\n|teamsize|p1|4\n|teamsize|p2|4\n|start\n|switch|p1a: Kingambit|Kingambit, L50, M|100/100\n|switch|p1b: Kangaskhan|Kangaskhan, L50, F|100/100\n|switch|p2a: Whimsicott|Whimsicott, L50, M|100/100\n|switch|p2b: Tyranitar|Tyranitar, L50, F|100/100\n|-weather|Sandstorm|[from] ability: Sand Stream|[of] p2b: Tyranitar\n|turn|1\n|inactive|CTGLDOISBACKW has 30 seconds left.\n|\n|t:|1776684151\n|switch|p2a: Excadrill|Excadrill, L50, F|100/100\n|move|p2b: Tyranitar|Protect|p2b: Tyranitar\n|-singleturn|p2b: Tyranitar|Protect\n|move|p1b: Kangaskhan|Low Kick|p2b: Tyranitar\n|-activate|p2b: Tyranitar|move: Protect\n|move|p1a: Kingambit|Iron Head|p2a: Excadrill\n|-resisted|p2a: Excadrill|1\n|-damage|p2a: Excadrill|69/100\n|\n|-weather|Sandstorm|[upkeep]\n|-damage|p1b: Kangaskhan|94/100|[from] Sandstorm\n|upkeep\n|turn|2\n|\n|t:|1776684170\n|switch|p2b: Whimsicott|Whimsicott, L50, M|100/100\n|move|p2a: Excadrill|Earthquake|p1a: Kingambit|[spread] p2b,p1a,p1b\n|-resisted|p2b: Whimsicott|1\n|-supereffective|p1a: Kingambit|1\n|-damage|p2b: Whimsicott|65/100\n|-damage|p1a: Kingambit|39/100\n|-damage|p1b: Kangaskhan|54/100\n|-heal|p2a: Excadrill|85/100|[from] item: Shell Bell|[of] p1b: Kangaskhan\n|move|p1b: Kangaskhan|Low Kick|p2b: Whimsicott\n|-resisted|p2b: Whimsicott|1\n|-damage|p2b: Whimsicott|60/100\n|move|p1a: Kingambit|Brick Break|p2a: Excadrill\n|-supereffective|p2a: Excadrill|1\n|-damage|p2a: Excadrill|0 fnt\n|faint|p2a: Excadrill\n|\n|-weather|Sandstorm|[upkeep]\n|-damage|p2b: Whimsicott|55/100|[from] Sandstorm\n|-damage|p1b: Kangaskhan|48/100|[from] Sandstorm\n|upkeep\n|\n|t:|1776684188\n|switch|p2a: Tyranitar|Tyranitar, L50, F|100/100\n|turn|3\n|\n|t:|1776684199\n|move|p2b: Whimsicott|Tailwind|p2b: Whimsicott\n|-sidestart|p2: Idkanygoodteams1|move: Tailwind\n|move|p2a: Tyranitar|Stomping Tantrum|p1a: Kingambit\n|-supereffective|p1a: Kingambit|1\n|-damage|p1a: Kingambit|0 fnt\n|faint|p1a: Kingambit\n|move|p1b: Kangaskhan|Double-Edge|p2a: Tyranitar\n|-resisted|p2a: Tyranitar|1\n|-damage|p2a: Tyranitar|75/100\n|-damage|p1b: Kangaskhan|41/100|[from] Recoil\n|\n|-weather|Sandstorm|[upkeep]\n|-damage|p2b: Whimsicott|49/100|[from] Sandstorm\n|-damage|p1b: Kangaskhan|35/100|[from] Sandstorm\n|-heal|p2a: Tyranitar|80/100|[from] item: Leftovers\n|upkeep\n|\n|t:|1776684213\n|switch|p1a: Hawlucha|Hawlucha, L50, M|100/100\n|turn|4\n|\n|t:|1776684226\n|move|p1a: Hawlucha|Protect|p1a: Hawlucha\n|-singleturn|p1a: Hawlucha|Protect\n|move|p2b: Whimsicott|Encore|p1b: Kangaskhan\n|-start|p1b: Kangaskhan|Encore\n|move|p2a: Tyranitar|Stone Edge|p1a: Hawlucha\n|-activate|p1a: Hawlucha|move: Protect\n|move|p1b: Kangaskhan|Double-Edge|p2a: Tyranitar\n|-resisted|p2a: Tyranitar|1\n|-damage|p2a: Tyranitar|56/100\n|-damage|p1b: Kangaskhan|28/100|[from] Recoil\n|\n|-weather|Sandstorm|[upkeep]\n|-damage|p2b: Whimsicott|43/100|[from] Sandstorm\n|-damage|p1a: Hawlucha|95/100|[from] Sandstorm\n|-damage|p1b: Kangaskhan|22/100|[from] Sandstorm\n|-heal|p2a: Tyranitar|62/100|[from] item: Leftovers\n|upkeep\n|turn|5\n|\n|t:|1776684246\n|detailschange|p1a: Hawlucha|Hawlucha-Mega, L50, M\n|-mega|p1a: Hawlucha|Hawlucha|Hawluchanite\n|move|p2b: Whimsicott|Moonblast|p1a: Hawlucha\n|-supereffective|p1a: Hawlucha|1\n|-damage|p1a: Hawlucha|0 fnt\n|faint|p1a: Hawlucha\n|move|p2a: Tyranitar|Stone Edge|p1b: Kangaskhan\n|-damage|p1b: Kangaskhan|0 fnt\n|faint|p1b: Kangaskhan\n|\n|-weather|none\n|-heal|p2a: Tyranitar|67/100|[from] item: Leftovers\n|upkeep\n|\n|t:|1776684259\n|switch|p1b: Torkoal|Torkoal, L50, M|100/100\n|-weather|SunnyDay|[from] ability: Drought|[of] p1b: Torkoal\n|turn|6\n|\n|t:|1776684270\n|move|p1b: Torkoal|Protect|p1b: Torkoal\n|-singleturn|p1b: Torkoal|Protect\n|move|p2b: Whimsicott|Moonblast|p1b: Torkoal\n|-activate|p1b: Torkoal|move: Protect\n|move|p2a: Tyranitar|Stone Edge|p1b: Torkoal\n|-activate|p1b: Torkoal|move: Protect\n|\n|-weather|SunnyDay|[upkeep]\n|-heal|p2a: Tyranitar|73/100|[from] item: Leftovers\n|-sideend|p2: Idkanygoodteams1|move: Tailwind\n|upkeep\n|turn|7\n|\n|t:|1776684277\n|move|p2b: Whimsicott|Moonblast|p1b: Torkoal\n|-resisted|p1b: Torkoal|1\n|-damage|p1b: Torkoal|76/100\n|move|p2a: Tyranitar|Stone Edge|p1b: Torkoal|[miss]\n|-miss|p2a: Tyranitar|p1b: Torkoal\n|move|p1b: Torkoal|Solar Beam||[still]\n|-prepare|p1b: Torkoal|Solar Beam\n|-anim|p1b: Torkoal|Solar Beam|p2a: Tyranitar\n|-supereffective|p2a: Tyranitar|1\n|-damage|p2a: Tyranitar|25/100\n|\n|-weather|SunnyDay|[upkeep]\n|-heal|p2a: Tyranitar|31/100|[from] item: Leftovers\n|upkeep\n|turn|8\n|\n|t:|1776684291\n|move|p1b: Torkoal|Protect|p1b: Torkoal\n|-singleturn|p1b: Torkoal|Protect\n|move|p2b: Whimsicott|Moonblast|p1b: Torkoal\n|-activate|p1b: Torkoal|move: Protect\n|move|p2a: Tyranitar|Stone Edge|p1b: Torkoal\n|-activate|p1b: Torkoal|move: Protect\n|\n|-weather|SunnyDay|[upkeep]\n|-heal|p2a: Tyranitar|36/100|[from] item: Leftovers\n|upkeep\n|turn|9\n|\n|t:|1776684310\n|move|p2b: Whimsicott|Moonblast|p1b: Torkoal\n|-resisted|p1b: Torkoal|1\n|-damage|p1b: Torkoal|51/100\n|move|p2a: Tyranitar|Stone Edge|p1b: Torkoal\n|-supereffective|p1b: Torkoal|1\n|-damage|p1b: Torkoal|0 fnt\n|faint|p1b: Torkoal\n|\n|win|Idkanygoodteams1\n|l|\u2606CTGLDOISBACKW\n|player|p1|\n",
  "uploadtime": 1776684331,
  "views": 8,
  "formatid": "gen9championsvgc2026regma",
  "rating": null,
  "private": 0,
  "password": null
}