{
  "id": "gen9championsvgc2026regma-2587656272",
  "format": "[Gen 9 Champions] VGC 2026 Reg M-A",
  "players": [
    "steve353",
    "zocktropey"
  ],
  "log": "|j|\u2606steve353\n|j|\u2606zocktropey\n|t:|1776550957\n|gametype|doubles\n|player|p1|steve353|265|1471\n|player|p2|zocktropey|170|1516\n|gen|9\n|tier|[Gen 9 Champions] VGC 2026 Reg M-A\n|rated|\n|rule|Species Clause: Limit one of each Pok\u00e9mon\n|rule|Item Clause: Limit 1 of each item\n|clearpoke\n|poke|p1|Kangaskhan, L50, F|\n|poke|p1|Whimsicott, L50, F|\n|poke|p1|Milotic, L50, M|\n|poke|p1|Aegislash, L50, F|\n|poke|p1|Garchomp, L50, M|\n|poke|p1|Farigiraf, L50, M|\n|poke|p2|Floette-Eternal, L50, F|\n|poke|p2|Incineroar, L50, M|\n|poke|p2|Whimsicott, L50, F|\n|poke|p2|Garchomp, L50, F|\n|poke|p2|Dragapult, L50, M|\n|poke|p2|Kingambit, L50, M|\n|teampreview|4\n|\n|t:|1776551030\n|teamsize|p1|4\n|teamsize|p2|4\n|start\n|switch|p1a: Milotic|Milotic, L50, M|100/100\n|switch|p1b: Kangaskhan|Kangaskhan, L50, F|100/100\n|switch|p2a: Floette|Floette-Eternal, L50, F|100/100\n|switch|p2b: Whimsicott|Whimsicott, L50, F|100/100\n|turn|1\n|\n|t:|1776551054\n|switch|p1a: Aegislash|Aegislash, L50, F|100/100\n|detailschange|p2a: Floette|Floette-Mega, L50, F\n|-mega|p2a: Floette|Floette|Floettite\n|-ability|p2a: Floette|Fairy Aura\n|detailschange|p1b: Kangaskhan|Kangaskhan-Mega, L50, F\n|-mega|p1b: Kangaskhan|Kangaskhan|Kangaskhanite\n|move|p2b: Whimsicott|Protect|p2b: Whimsicott\n|-singleturn|p2b: Whimsicott|Protect\n|move|p2a: Floette|Protect|p2a: Floette\n|-singleturn|p2a: Floette|Protect\n|move|p1b: Kangaskhan|Double-Edge|p2a: Floette\n|-activate|p2a: Floette|move: Protect\n|\n|upkeep\n|turn|2\n|\n|t:|1776551075\n|switch|p1b: Farigiraf|Farigiraf, L50, M|100/100\n|move|p2b: Whimsicott|Fake Tears||[still]\n|cant|p1b: Farigiraf|ability: Armor Tail|Fake Tears|[of] p2b: Whimsicott\n|move|p2a: Floette|Moonblast|p1b: Farigiraf\n|-damage|p1b: Farigiraf|34/100\n|-formechange|p1a: Aegislash|Aegislash-Blade|\n|move|p1a: Aegislash|Iron Head|p2a: Floette\n|-supereffective|p2a: Floette|1\n|-damage|p2a: Floette|0 fnt\n|faint|p2a: Floette\n|\n|upkeep\n|\n|t:|1776551088\n|switch|p2a: Garchomp|Garchomp, L50, F|100/100\n|turn|3\n|\n|t:|1776551116\n|switch|p1a: Kangaskhan|Kangaskhan-Mega, L50, F|100/100\n|move|p2b: Whimsicott|Moonblast|p1b: Farigiraf\n|-damage|p1b: Farigiraf|0 fnt\n|faint|p1b: Farigiraf\n|move|p2a: Garchomp|Swords Dance|p2a: Garchomp\n|-boost|p2a: Garchomp|atk|2\n|\n|upkeep\n|\n|t:|1776551124\n|switch|p1b: Milotic|Milotic, L50, M|100/100\n|turn|4\n|\n|t:|1776551157\n|move|p2a: Garchomp|Protect|p2a: Garchomp\n|-singleturn|p2a: Garchomp|Protect\n|move|p1a: Kangaskhan|Fake Out|p2b: Whimsicott\n|-damage|p2b: Whimsicott|65/100\n|-crit|p2b: Whimsicott\n|-damage|p2b: Whimsicott|54/100\n|-hitcount|p2b: Whimsicott|2\n|cant|p2b: Whimsicott|flinch\n|move|p1b: Milotic|Icy Wind|p2b: Whimsicott|[spread] p2b\n|-activate|p2a: Garchomp|move: Protect\n|-supereffective|p2b: Whimsicott|1\n|-damage|p2b: Whimsicott|18/100\n|-unboost|p2b: Whimsicott|spe|1\n|\n|upkeep\n|turn|5\n|inactive|Battle timer is ON: inactive players will automatically lose when time's up. (requested by zocktropey)\n|\n|t:|1776551185\n|move|p2b: Whimsicott|Tailwind|p2b: Whimsicott\n|-sidestart|p2: zocktropey|move: Tailwind\n|move|p2a: Garchomp|Stomping Tantrum|p1a: Kangaskhan\n|-damage|p1a: Kangaskhan|36/100\n|move|p1a: Kangaskhan|Double-Edge|p2a: Garchomp\n|-damage|p2a: Garchomp|27/100\n|-damage|p1a: Kangaskhan|24/100|[from] ability: Rough Skin|[of] p2a: Garchomp\n|-damage|p2a: Garchomp|10/100\n|-damage|p1a: Kangaskhan|12/100|[from] ability: Rough Skin|[of] p2a: Garchomp\n|-hitcount|p2a: Garchomp|2\n|-damage|p1a: Kangaskhan|0 fnt|[from] Recoil\n|faint|p1a: Kangaskhan\n|move|p1b: Milotic|Icy Wind|p2a: Garchomp|[spread] p2a,p2b\n|-supereffective|p2a: Garchomp|2\n|-enditem|p2a: Garchomp|Yache Berry|[eat]\n|-enditem|p2a: Garchomp|Yache Berry|[weaken]\n|-supereffective|p2b: Whimsicott|1\n|-damage|p2a: Garchomp|0 fnt\n|-damage|p2b: Whimsicott|0 fnt\n|faint|p2a: Garchomp\n|faint|p2b: Whimsicott\n|\n|upkeep\n|\n|t:|1776551203\n|switch|p2b: Kingambit|Kingambit, L50, M|100/100\n|switch|p1a: Aegislash|Aegislash, L50, F|100/100\n|turn|6\n|\n|t:|1776551211\n|move|p1b: Milotic|Protect|p1b: Milotic\n|-singleturn|p1b: Milotic|Protect\n|move|p1a: Aegislash|King's Shield|p1a: Aegislash\n|-singleturn|p1a: Aegislash|Protect\n|move|p2b: Kingambit|Kowtow Cleave|p1b: Milotic\n|-activate|p1b: Milotic|move: Protect\n|\n|upkeep\n|turn|7\n|\n|t:|1776551228\n|move|p2b: Kingambit|Swords Dance|p2b: Kingambit\n|-boost|p2b: Kingambit|atk|2\n|move|p1b: Milotic|Scald|p2b: Kingambit\n|-damage|p2b: Kingambit|74/100\n|-formechange|p1a: Aegislash|Aegislash-Blade|\n|move|p1a: Aegislash|Shadow Ball|p2b: Kingambit\n|-resisted|p2b: Kingambit|1\n|-crit|p2b: Kingambit\n|-damage|p2b: Kingambit|42/100\n|\n|upkeep\n|turn|8\n|j| plicious\n|inactive|zocktropey has 30 seconds left.\n|\n|t:|1776551256\n|move|p1b: Milotic|Protect|p1b: Milotic\n|-singleturn|p1b: Milotic|Protect\n|-formechange|p1a: Aegislash|Aegislash|\n|move|p1a: Aegislash|King's Shield|p1a: Aegislash\n|-singleturn|p1a: Aegislash|Protect\n|move|p2b: Kingambit|Sucker Punch||[still]\n|-fail|p2b: Kingambit\n|\n|-sideend|p2: zocktropey|move: Tailwind\n|upkeep\n|turn|9\n|inactive|zocktropey has 30 seconds left.\n|\n|t:|1776551282\n|move|p2b: Kingambit|Sucker Punch|p1b: Milotic\n|-damage|p1b: Milotic|23/100\n|-enditem|p1b: Milotic|Sitrus Berry|[eat]\n|-heal|p1b: Milotic|47/100|[from] item: Sitrus Berry\n|move|p1b: Milotic|Scald|p2b: Kingambit\n|-damage|p2b: Kingambit|17/100\n|-formechange|p1a: Aegislash|Aegislash-Blade|\n|move|p1a: Aegislash|Shadow Ball|p2b: Kingambit\n|-resisted|p2b: Kingambit|1\n|-damage|p2b: Kingambit|0 fnt\n|faint|p2b: Kingambit\n|\n|win|steve353\n|raw|steve353's rating: 1471 &rarr; <strong>1494</strong><br />(+23 for winning)\n|raw|zocktropey's rating: 1516 &rarr; <strong>1493</strong><br />(-23 for losing)\n|l|\u2606zocktropey\n|player|p2|\n",
  "uploadtime": 1776551308,
  "views": 23,
  "formatid": "gen9championsvgc2026regma",
  "rating": 1493,
  "private": 0,
  "password": null
}