{
  "id": "gen9championsvgc2026regma-2582786126",
  "format": "[Gen 9 Champions] VGC 2026 Reg M-A",
  "players": [
    "disciple of blahaj",
    "IAmSiley"
  ],
  "log": "|j|\u2606disciple of blahaj\n|j|\u2606IAmSiley\n|t:|1776114024\n|gametype|doubles\n|player|p1|disciple of blahaj|jacinthe|1116\n|player|p2|IAmSiley|will|1062\n|gen|9\n|tier|[Gen 9 Champions] VGC 2026 Reg M-A\n|rated|\n|rule|Species Clause: Limit one of each Pok\u00e9mon\n|rule|Item Clause: Limit 1 of each item\n|clearpoke\n|poke|p1|Meganium, L50, M|\n|poke|p1|Pelipper, L50, M|\n|poke|p1|Archaludon, L50, M|\n|poke|p1|Sneasler, L50, M|\n|poke|p1|Basculegion, L50, M|\n|poke|p1|Garchomp, L50, M|\n|poke|p2|Froslass, L50, F|\n|poke|p2|Whimsicott, L50, M|\n|poke|p2|Kingambit, L50, M|\n|poke|p2|Palafin, L50, F|\n|poke|p2|Garchomp, L50, F|\n|poke|p2|Serperior, L50, F|\n|teampreview|4\n|inactive|Battle timer is ON: inactive players will automatically lose when time's up. (requested by disciple of blahaj)\n|inactive|disciple of blahaj has 60 seconds left.\n|\n|t:|1776114114\n|teamsize|p1|4\n|teamsize|p2|4\n|start\n|switch|p1a: Pelipper|Pelipper, L50, M|100/100\n|switch|p1b: Sneasler|Sneasler, L50, M, shiny|100/100\n|switch|p2a: Froslass|Froslass, L50, F, shiny|100/100\n|switch|p2b: Palafin|Palafin, L50, F, shiny|100/100\n|-weather|RainDance|[from] ability: Drizzle|[of] p1a: Pelipper\n|turn|1\n|\n|t:|1776114137\n|move|p2a: Froslass|Protect|p2a: Froslass\n|-singleturn|p2a: Froslass|Protect\n|move|p1b: Sneasler|Fake Out|p2b: Palafin\n|-damage|p2b: Palafin|81/100\n|cant|p2b: Palafin|flinch\n|move|p1a: Pelipper|Tailwind|p1a: Pelipper\n|-sidestart|p1: disciple of blahaj|move: Tailwind\n|\n|-weather|RainDance|[upkeep]\n|upkeep\n|turn|2\n|\n|t:|1776114157\n|detailschange|p2a: Froslass|Froslass-Mega, L50, F, shiny\n|-mega|p2a: Froslass|Froslass|Froslassite\n|-weather|Snowscape|[from] ability: Snow Warning|[of] p2a: Froslass\n|move|p1b: Sneasler|Rain Dance|p1b: Sneasler\n|-weather|RainDance\n|move|p1a: Pelipper|Hurricane|p2a: Froslass\n|-damage|p2a: Froslass|33/100\n|-start|p2a: Froslass|confusion\n|-activate|p2a: Froslass|confusion\n|-damage|p2a: Froslass|21/100|[from] confusion\n|move|p2b: Palafin|Flip Turn|p1b: Sneasler\n|-damage|p1b: Sneasler|41/100\n|\n|t:|1776114169\n|detailschange|p2b: Palafin|Palafin-Hero, L50, F, shiny\n|switch|p2b: Whimsicott|Whimsicott, L50, M, shiny|100/100|[from] Flip Turn\n|\n|-weather|RainDance|[upkeep]\n|upkeep\n|turn|3\n|inactive|disciple of blahaj has 30 seconds left.\n|\n|t:|1776114196\n|move|p2b: Whimsicott|Tailwind|p2b: Whimsicott\n|-sidestart|p2: IAmSiley|move: Tailwind\n|-end|p2a: Froslass|confusion\n|move|p2a: Froslass|Blizzard|p1a: Pelipper|[spread] p1a,p1b\n|-damage|p1a: Pelipper|17/100\n|-damage|p1b: Sneasler|0 fnt\n|faint|p1b: Sneasler\n|move|p1a: Pelipper|Hurricane|p2b: Whimsicott\n|-supereffective|p2b: Whimsicott|1\n|-enditem|p2b: Whimsicott|Focus Sash\n|-damage|p2b: Whimsicott|1/100\n|\n|-weather|RainDance|[upkeep]\n|upkeep\n|\n|t:|1776114204\n|switch|p1b: Archaludon|Archaludon, L50, M, shiny|100/100\n|turn|4\n|inactive|disciple of blahaj has 30 seconds left.\n|\n|t:|1776114233\n|move|p2b: Whimsicott|Helping Hand|p2a: Froslass\n|-singleturn|p2a: Froslass|Helping Hand|[of] p2b: Whimsicott\n|move|p1a: Pelipper|Protect|p1a: Pelipper\n|-singleturn|p1a: Pelipper|Protect\n|move|p2a: Froslass|Blizzard|p1a: Pelipper|[spread] \n|-activate|p1a: Pelipper|move: Protect\n|-miss|p2a: Froslass|p1b: Archaludon\n|move|p1b: Archaludon|Electro Shot||[still]\n|-prepare|p1b: Archaludon|Electro Shot\n|-boost|p1b: Archaludon|spa|1\n|-anim|p1b: Archaludon|Electro Shot|p2a: Froslass\n|-damage|p2a: Froslass|0 fnt\n|faint|p2a: Froslass\n|\n|-weather|RainDance|[upkeep]\n|-sideend|p1: disciple of blahaj|move: Tailwind\n|upkeep\n|\n|t:|1776114248\n|switch|p2a: Garchomp|Garchomp, L50, F, shiny|100/100\n|turn|5\n|inactive|disciple of blahaj has 30 seconds left.\n|\n|t:|1776114276\n|move|p2b: Whimsicott|Encore|p1b: Archaludon\n|-start|p1b: Archaludon|Encore\n|move|p2a: Garchomp|Earthquake|p1b: Archaludon|[spread] p2b,p1b\n|-immune|p1a: Pelipper\n|-resisted|p2b: Whimsicott|1\n|-supereffective|p1b: Archaludon|1\n|-damage|p2b: Whimsicott|0 fnt\n|-damage|p1b: Archaludon|27/100\n|faint|p2b: Whimsicott\n|move|p1a: Pelipper|Tailwind|p1a: Pelipper\n|-sidestart|p1: disciple of blahaj|move: Tailwind\n|move|p1b: Archaludon|Electro Shot||[still]\n|-prepare|p1b: Archaludon|Electro Shot\n|-boost|p1b: Archaludon|spa|1\n|-anim|p1b: Archaludon|Electro Shot|p2a: Garchomp\n|-immune|p2a: Garchomp\n|\n|-weather|RainDance|[upkeep]\n|upkeep\n|\n|t:|1776114290\n|switch|p2b: Palafin|Palafin-Hero, L50, F, shiny|81/100\n|-activate|p2b: Palafin|ability: Zero to Hero\n|turn|6\n|\n|t:|1776114310\n|move|p1a: Pelipper|Protect|p1a: Pelipper\n|-singleturn|p1a: Pelipper|Protect\n|move|p2b: Palafin|Drain Punch|p1b: Archaludon\n|-supereffective|p1b: Archaludon|1\n|-enditem|p1b: Archaludon|Chople Berry|[eat]\n|-enditem|p1b: Archaludon|Chople Berry|[weaken]\n|-damage|p1b: Archaludon|6/100\n|-heal|p2b: Palafin|94/100|[from] drain|[of] p1b: Archaludon\n|move|p1b: Archaludon|Electro Shot||[still]\n|-prepare|p1b: Archaludon|Electro Shot\n|-boost|p1b: Archaludon|spa|1\n|-anim|p1b: Archaludon|Electro Shot|p2b: Palafin\n|-supereffective|p2b: Palafin|1\n|-damage|p2b: Palafin|0 fnt\n|faint|p2b: Palafin\n|move|p2a: Garchomp|Dragon Tail|p1a: Pelipper\n|-activate|p1a: Pelipper|move: Protect\n|\n|-weather|none\n|-sideend|p2: IAmSiley|move: Tailwind\n|upkeep\n|turn|7\n|inactive|disciple of blahaj has 30 seconds left.\n|\n|t:|1776114339\n|switch|p1b: Meganium|Meganium, L50, M, shiny|100/100\n|move|p2a: Garchomp|Protect|p2a: Garchomp\n|-singleturn|p2a: Garchomp|Protect\n|move|p1a: Pelipper|Hurricane|p2a: Garchomp\n|-activate|p2a: Garchomp|move: Protect\n|\n|upkeep\n|turn|8\n|\n|t:|1776114362\n|detailschange|p1b: Meganium|Meganium-Mega, L50, M, shiny\n|-mega|p1b: Meganium|Meganium|Meganiumite\n|move|p1b: Meganium|Solar Beam||[still]\n|-prepare|p1b: Meganium|Solar Beam\n|-activate|p1b: Meganium|ability: Mega Sol\n|-anim|p1b: Meganium|Solar Beam|p2a: Garchomp\n|-damage|p2a: Garchomp|22/100\n|move|p1a: Pelipper|Hurricane|p2a: Garchomp\n|-damage|p2a: Garchomp|0 fnt\n|faint|p2a: Garchomp\n|\n|win|disciple of blahaj\n|raw|disciple of blahaj's rating: 1116 &rarr; <strong>1137</strong><br />(+21 for winning)\n|raw|IAmSiley's rating: 1062 &rarr; <strong>1046</strong><br />(-16 for losing)\n|l|\u2606IAmSiley\n|player|p2|\n",
  "uploadtime": 1776114376,
  "views": 13,
  "formatid": "gen9championsvgc2026regma",
  "rating": 1046,
  "private": 0,
  "password": null
}