{
  "id": "gen9championsvgc2026regma-2580841344",
  "format": "[Gen 9 Champions] VGC 2026 Reg M-A",
  "players": [
    "yuriimon",
    "NoodleSaurus"
  ],
  "log": "|j|\u2606yuriimon\n|j|\u2606NoodleSaurus\n|t:|1775936858\n|gametype|doubles\n|player|p1|yuriimon|waitress-gen4|1050\n|player|p2|NoodleSaurus|marnie|1043\n|gen|9\n|tier|[Gen 9 Champions] VGC 2026 Reg M-A\n|rated|\n|rule|Species Clause: Limit one of each Pok\u00e9mon\n|rule|Item Clause: Limit 1 of each item\n|clearpoke\n|poke|p1|Feraligatr, L50, M|\n|poke|p1|Gallade, L50, M|\n|poke|p1|Politoed, L50, M|\n|poke|p1|Raichu, L50, F|\n|poke|p1|Arcanine-Hisui, L50, F|\n|poke|p1|Clefable, L50, F|\n|poke|p2|Meowscarada, L50, M|\n|poke|p2|Goodra-Hisui, L50, F|\n|poke|p2|Morpeko, L50, F|\n|poke|p2|Delphox, L50, F|\n|poke|p2|Maushold-Four, L50|\n|poke|p2|Zoroark-Hisui, L50, F|\n|teampreview|4\n|inactive|Battle timer is ON: inactive players will automatically lose when time's up. (requested by yuriimon)\n|inactive|yuriimon has 60 seconds left.\n|inactive|NoodleSaurus has 60 seconds left.\n|\n|t:|1775936895\n|teamsize|p1|4\n|teamsize|p2|4\n|start\n|switch|p1a: Raichu|Raichu, L50, F|100/100\n|switch|p1b: Gallade|Gallade, L50, M|100/100\n|switch|p2a: Morpeko|Morpeko, L50, F|100/100\n|switch|p2b: Maushold|Maushold-Four, L50|100/100\n|turn|1\n|inactive|NoodleSaurus has 30 seconds left.\n|\n|t:|1775936921\n|move|p1a: Raichu|Fake Out|p2a: Morpeko\n|-damage|p2a: Morpeko|88/100\n|cant|p2a: Morpeko|flinch\n|move|p2b: Maushold|Super Fang|p1a: Raichu|[miss]\n|-miss|p2b: Maushold|p1a: Raichu\n|move|p1b: Gallade|Trick Room|p1b: Gallade\n|-fieldstart|move: Trick Room|[of] p1b: Gallade\n|\n|-formechange|p2a: Morpeko|Morpeko-Hangry|\n|upkeep\n|turn|2\n|inactive|NoodleSaurus has 30 seconds left.\n|inactive|NoodleSaurus has 20 seconds left.\n|\n|t:|1775936960\n|move|p1a: Raichu|Upper Hand||[still]\n|-fail|p1a: Raichu\n|move|p1b: Gallade|Sacred Sword|p2a: Morpeko\n|-supereffective|p2a: Morpeko|1\n|-damage|p2a: Morpeko|0 fnt\n|faint|p2a: Morpeko\n|move|p2b: Maushold|Super Fang|p1b: Gallade\n|-damage|p1b: Gallade|51/100\n|\n|upkeep\n|\n|t:|1775936971\n|switch|p2a: Goodra|Goodra-Hisui, L50, F|100/100\n|turn|3\n|\n|t:|1775936986\n|move|p1a: Raichu|Upper Hand||[still]\n|-fail|p1a: Raichu\n|move|p2b: Maushold|Follow Me|p2b: Maushold\n|-singleturn|p2b: Maushold|move: Follow Me\n|move|p2a: Goodra|Shelter|p2a: Goodra\n|-boost|p2a: Goodra|def|2\n|move|p1b: Gallade|Sacred Sword|p2b: Maushold\n|-supereffective|p2b: Maushold|1\n|-enditem|p2b: Maushold|Chople Berry|[eat]\n|-enditem|p2b: Maushold|Chople Berry|[weaken]\n|-damage|p2b: Maushold|2/100\n|\n|upkeep\n|turn|4\n|inactive|NoodleSaurus has 30 seconds left.\n|\n|t:|1775937017\n|switch|p1b: Feraligatr|Feraligatr, L50, M|100/100\n|move|p2b: Maushold|Protect|p2b: Maushold\n|-singleturn|p2b: Maushold|Protect\n|move|p2a: Goodra|Body Press|p1a: Raichu\n|-damage|p1a: Raichu|10/100\n|move|p1a: Raichu|Volt Switch|p2b: Maushold\n|-activate|p2b: Maushold|move: Protect\n|\n|upkeep\n|turn|5\n|inactive|NoodleSaurus has 30 seconds left.\n|inactive|yuriimon has 30 seconds left.\n|\n|t:|1775937049\n|detailschange|p1b: Feraligatr|Feraligatr-Mega, L50, M\n|-mega|p1b: Feraligatr|Feraligatr|Feraligite\n|move|p1b: Feraligatr|Protect|p1b: Feraligatr\n|-singleturn|p1b: Feraligatr|Protect\n|move|p2b: Maushold|Protect||[still]\n|-fail|p2b: Maushold\n|move|p2a: Goodra|Body Press|p1b: Feraligatr\n|-activate|p1b: Feraligatr|move: Protect\n|move|p1a: Raichu|Volt Switch|p2a: Goodra\n|-resisted|p2a: Goodra|1\n|-damage|p2a: Goodra|95/100\n|\n|t:|1775937063\n|switch|p1a: Gallade|Gallade, L50, M|51/100|[from] Volt Switch\n|\n|-heal|p2a: Goodra|100/100|[from] item: Leftovers\n|-fieldend|move: Trick Room\n|upkeep\n|turn|6\n|inactive|NoodleSaurus has 30 seconds left.\n|\n|t:|1775937090\n|move|p2b: Maushold|Protect|p2b: Maushold\n|-singleturn|p2b: Maushold|Protect\n|move|p1b: Feraligatr|Liquidation|p2b: Maushold\n|-activate|p2b: Maushold|move: Protect\n|move|p1a: Gallade|Sacred Sword|p2a: Goodra\n|-supereffective|p2a: Goodra|1\n|-damage|p2a: Goodra|9/100\n|move|p2a: Goodra|Heavy Slam|p1a: Gallade\n|-damage|p1a: Gallade|0 fnt\n|faint|p1a: Gallade\n|\n|-heal|p2a: Goodra|15/100|[from] item: Leftovers\n|upkeep\n|\n|t:|1775937101\n|switch|p1a: Raichu|Raichu, L50, F|10/100\n|turn|7\n|inactive|NoodleSaurus has 30 seconds left.\n|\n|t:|1775937126\n|move|p1a: Raichu|Fake Out|p2b: Maushold\n|-damage|p2b: Maushold|0 fnt\n|faint|p2b: Maushold\n|move|p1b: Feraligatr|Body Slam|p2a: Goodra\n|-damage|p2a: Goodra|0 fnt\n|faint|p2a: Goodra\n|\n|upkeep\n|\n|t:|1775937148\n|switch|p2a: Meowscarada|Meowscarada, L50, M|100/100\n|turn|8\n|\n|t:|1775937167\n|move|p1a: Raichu|Upper Hand||[still]\n|-fail|p1a: Raichu\n|move|p2a: Meowscarada|Flower Trick|p1b: Feraligatr\n|-start|p2a: Meowscarada|typechange|Grass|[from] ability: Protean\n|-crit|p1b: Feraligatr\n|-damage|p1b: Feraligatr|46/100\n|move|p1b: Feraligatr|Body Slam|p2a: Meowscarada\n|-damage|p2a: Meowscarada|0 fnt\n|faint|p2a: Meowscarada\n|\n|win|yuriimon\n|raw|yuriimon's rating: 1050 &rarr; <strong>1082</strong><br />(+32 for winning)\n|raw|NoodleSaurus's rating: 1043 &rarr; <strong>1027</strong><br />(-16 for losing)\n|c|\u2606yuriimon|gg\n|l|\u2606NoodleSaurus\n|player|p2|\n",
  "uploadtime": 1775937199,
  "views": 15,
  "formatid": "gen9championsvgc2026regma",
  "rating": 1027,
  "private": 0,
  "password": null
}