{
  "id": "gen9championsvgc2026regma-2588396095",
  "format": "[Gen 9 Champions] VGC 2026 Reg M-A",
  "players": [
    "alienbugbug",
    "ritoo"
  ],
  "log": "|j|\u2606alienbugbug\n|j|\u2606ritoo\n|t:|1776629989\n|gametype|doubles\n|player|p1|alienbugbug|carmine-festival|1224\n|player|p2|ritoo|blackbelt-gen4dp|1221\n|gen|9\n|tier|[Gen 9 Champions] VGC 2026 Reg M-A\n|rated|\n|rule|Species Clause: Limit one of each Pok\u00e9mon\n|rule|Item Clause: Limit 1 of each item\n|clearpoke\n|poke|p1|Scovillain, L50, F|\n|poke|p1|Milotic, L50, F|\n|poke|p1|Sinistcha, L50|\n|poke|p1|Kingambit, L50, M|\n|poke|p1|Dragonite, L50, F|\n|poke|p1|Tauros-Paldea-Aqua, L50, M|\n|poke|p2|Gyarados, L50, M|\n|poke|p2|Aegislash, L50, M|\n|poke|p2|Incineroar, L50, M|\n|poke|p2|Ninetales-Alola, L50, M|\n|poke|p2|Meganium, L50, F|\n|poke|p2|Milotic, L50, F|\n|teampreview|4\n|\n|t:|1776630027\n|teamsize|p1|4\n|teamsize|p2|4\n|start\n|switch|p1a: Scovillain|Scovillain, L50, F|100/100\n|switch|p1b: Milotic|Milotic, L50, F|100/100\n|switch|p2a: Incineroar|Incineroar, L50, M|100/100\n|switch|p2b: Ninetales|Ninetales-Alola, L50, M|100/100\n|-weather|Snowscape|[from] ability: Snow Warning|[of] p2b: Ninetales\n|-ability|p2a: Incineroar|Intimidate|boost\n|-unboost|p1a: Scovillain|atk|1\n|-unboost|p1b: Milotic|atk|1\n|-ability|p1b: Milotic|Competitive|boost\n|-boost|p1b: Milotic|spa|2\n|turn|1\n|\n|t:|1776630074\n|detailschange|p1a: Scovillain|Scovillain-Mega, L50, F\n|-mega|p1a: Scovillain|Scovillain|Scovillainite\n|move|p2a: Incineroar|Fake Out|p1b: Milotic\n|-damage|p1b: Milotic|91/100\n|move|p2b: Ninetales|Aurora Veil|p2b: Ninetales\n|-sidestart|p2: ritoo|move: Aurora Veil\n|cant|p1b: Milotic|flinch\n|move|p1a: Scovillain|Leech Seed|p2a: Incineroar\n|-start|p2a: Incineroar|move: Leech Seed\n|\n|-weather|Snowscape|[upkeep]\n|-heal|p1b: Milotic|97/100|[from] item: Leftovers\n|-damage|p2a: Incineroar|88/100|[from] Leech Seed|[of] p1a: Scovillain\n|upkeep\n|turn|2\n|\n|t:|1776630090\n|move|p1a: Scovillain|Protect|p1a: Scovillain\n|-singleturn|p1a: Scovillain|Protect\n|move|p2a: Incineroar|Protect|p2a: Incineroar\n|-singleturn|p2a: Incineroar|Protect\n|move|p2b: Ninetales|Blizzard|p1a: Scovillain|[spread] p1b\n|-activate|p1a: Scovillain|move: Protect\n|-resisted|p1b: Milotic|1\n|-damage|p1b: Milotic|87/100\n|move|p1b: Milotic|Light Screen|p1b: Milotic\n|-sidestart|p1: alienbugbug|move: Light Screen\n|\n|-weather|Snowscape|[upkeep]\n|-heal|p1b: Milotic|93/100|[from] item: Leftovers\n|-damage|p2a: Incineroar|76/100|[from] Leech Seed|[of] p1a: Scovillain\n|upkeep\n|turn|3\n|\n|t:|1776630117\n|move|p2b: Ninetales|Moonblast|p1b: Milotic\n|-damage|p1b: Milotic|76/100\n|-unboost|p1b: Milotic|spa|1\n|-ability|p1b: Milotic|Competitive|boost\n|-boost|p1b: Milotic|spa|2\n|move|p1b: Milotic|Scald|p2a: Incineroar\n|-supereffective|p2a: Incineroar|1\n|-damage|p2a: Incineroar|8/100\n|-enditem|p2a: Incineroar|Sitrus Berry|[eat]\n|-heal|p2a: Incineroar|33/100|[from] item: Sitrus Berry\n|move|p1a: Scovillain|Overheat|p2b: Ninetales\n|-supereffective|p2b: Ninetales|1\n|-enditem|p2b: Ninetales|Focus Sash\n|-damage|p2b: Ninetales|1/100\n|-unboost|p1a: Scovillain|spa|2\n|move|p2a: Incineroar|Parting Shot|p1a: Scovillain\n|-unboost|p1a: Scovillain|atk|1\n|-unboost|p1a: Scovillain|spa|1\n|\n|t:|1776630136\n|switch|p2a: Meganium|Meganium, L50, F|100/100|[from] Parting Shot\n|\n|-weather|Snowscape|[upkeep]\n|-heal|p1b: Milotic|82/100|[from] item: Leftovers\n|upkeep\n|turn|4\n|\n|t:|1776630150\n|detailschange|p2a: Meganium|Meganium-Mega, L50, F\n|-mega|p2a: Meganium|Meganium|Meganiumite\n|move|p2b: Ninetales|Protect|p2b: Ninetales\n|-singleturn|p2b: Ninetales|Protect\n|move|p1a: Scovillain|Rage Powder|p1a: Scovillain\n|-singleturn|p1a: Scovillain|move: Rage Powder\n|move|p1b: Milotic|Ice Beam|p2a: Meganium\n|-supereffective|p2a: Meganium|1\n|-damage|p2a: Meganium|49/100\n|-status|p2a: Meganium|frz\n|cant|p2a: Meganium|frz\n|\n|-weather|Snowscape|[upkeep]\n|-heal|p1b: Milotic|88/100|[from] item: Leftovers\n|upkeep\n|turn|5\n|c|\u2606ritoo|wow so talented\n|-message|ritoo forfeited.\n|\n|win|alienbugbug\n|raw|alienbugbug's rating: 1224 &rarr; <strong>1249</strong><br />(+25 for winning)\n|raw|ritoo's rating: 1221 &rarr; <strong>1196</strong><br />(-25 for losing)\n|l|\u2606ritoo\n|player|p2|\n",
  "uploadtime": 1776630176,
  "views": 18,
  "formatid": "gen9championsvgc2026regma",
  "rating": 1196,
  "private": 0,
  "password": null
}