{
  "id": "gen9championsvgc2026regma-2585792551",
  "format": "[Gen 9 Champions] VGC 2026 Reg M-A",
  "players": [
    "Tubes69",
    "Marcio Lira"
  ],
  "log": "|j|\u2606Tubes69\n|j|\u2606Marcio Lira\n|t:|1776370992\n|gametype|doubles\n|player|p1|Tubes69|1|1135\n|player|p2|Marcio Lira|bugcatcher-gen4dp|1193\n|gen|9\n|tier|[Gen 9 Champions] VGC 2026 Reg M-A\n|rated|\n|rule|Species Clause: Limit one of each Pok\u00e9mon\n|rule|Item Clause: Limit 1 of each item\n|clearpoke\n|poke|p1|Tsareena, L50, F|\n|poke|p1|Floette-Eternal, L50, F|\n|poke|p1|Aerodactyl, L50, F|\n|poke|p1|Incineroar, L50, F|\n|poke|p1|Kingambit, L50, M|\n|poke|p1|Ninetales-Alola, L50, F|\n|poke|p2|Dragonite, L50, M|\n|poke|p2|Pelipper, L50, M|\n|poke|p2|Tinkaton, L50, F|\n|poke|p2|Archaludon, L50, M|\n|poke|p2|Basculegion, L50, M|\n|poke|p2|Gliscor, L50, M|\n|teampreview|4\n|inactive|Battle timer is ON: inactive players will automatically lose when time's up. (requested by Tubes69)\n|inactive|Tubes69 has 60 seconds left.\n|inactive|Marcio Lira has 60 seconds left.\n|inactive|Marcio Lira has 30 seconds left.\n|inactive|Marcio Lira has 20 seconds left.\n|inactive|Marcio Lira has 15 seconds left.\n|inactive|Marcio Lira has 10 seconds left.\n|\n|t:|1776371078\n|teamsize|p1|4\n|teamsize|p2|4\n|start\n|switch|p1a: Tsareena|Tsareena, L50, F|100/100\n|switch|p1b: Kingambit|Kingambit, L50, M|100/100\n|switch|p2a: Pelipper|Pelipper, L50, M|100/100\n|switch|p2b: Archaludon|Archaludon, L50, M|100/100\n|-weather|RainDance|[from] ability: Drizzle|[of] p2a: Pelipper\n|turn|1\n|inactive|Tubes69 has 30 seconds left.\n|inactive|Tubes69 has 20 seconds left.\n|inactive|Tubes69 has 15 seconds left.\n|\n|t:|1776371119\n|switch|p1a: Ninetales|Ninetales-Alola, L50, F|100/100\n|-weather|Snowscape|[from] ability: Snow Warning|[of] p1a: Ninetales\n|move|p2b: Archaludon|Electro Shot||[still]\n|-prepare|p2b: Archaludon|Electro Shot\n|-boost|p2b: Archaludon|spa|1\n|move|p2a: Pelipper|Tailwind|p2a: Pelipper\n|-sidestart|p2: Marcio Lira|move: Tailwind\n|move|p1b: Kingambit|Kowtow Cleave|p2a: Pelipper\n|-damage|p2a: Pelipper|38/100\n|\n|-weather|Snowscape|[upkeep]\n|upkeep\n|turn|2\n|inactive|Tubes69 has 30 seconds left.\n|inactive|Marcio Lira has 30 seconds left.\n|\n|t:|1776371154\n|move|p1b: Kingambit|Protect|p1b: Kingambit\n|-singleturn|p1b: Kingambit|Protect\n|move|p2b: Archaludon|Electro Shot|p1b: Kingambit|[from] lockedmove\n|-activate|p1b: Kingambit|move: Protect\n|move|p1a: Ninetales|Aurora Veil|p1a: Ninetales\n|-sidestart|p1: Tubes69|move: Aurora Veil\n|move|p2a: Pelipper|Hurricane|p1a: Ninetales|[miss]\n|-miss|p2a: Pelipper|p1a: Ninetales\n|\n|-weather|Snowscape|[upkeep]\n|upkeep\n|turn|3\n|inactive|Marcio Lira has 30 seconds left.\n|\n|t:|1776371181\n|switch|p2a: Tinkaton|Tinkaton, L50, F|100/100\n|move|p2b: Archaludon|Protect|p2b: Archaludon\n|-singleturn|p2b: Archaludon|Protect\n|move|p1a: Ninetales|Freeze-Dry|p2a: Tinkaton\n|-resisted|p2a: Tinkaton|1\n|-damage|p2a: Tinkaton|89/100\n|move|p1b: Kingambit|Swords Dance|p1b: Kingambit\n|-boost|p1b: Kingambit|atk|2\n|\n|-weather|Snowscape|[upkeep]\n|upkeep\n|turn|4\n|inactive|Tubes69 has 30 seconds left.\n|inactive|Marcio Lira has 30 seconds left.\n|\n|t:|1776371214\n|switch|p1a: Tsareena|Tsareena, L50, F|100/100\n|move|p2a: Tinkaton|Fake Out||[still]\n|cant|p1a: Tsareena|ability: Queenly Majesty|Fake Out|[of] p2a: Tinkaton\n|move|p1b: Kingambit|Sucker Punch|p2b: Archaludon\n|-damage|p2b: Archaludon|33/100\n|-ability|p2b: Archaludon|Stamina|boost\n|-boost|p2b: Archaludon|def|1\n|move|p2b: Archaludon|Flash Cannon|p1a: Tsareena\n|-damage|p1a: Tsareena|43/100\n|\n|-weather|Snowscape|[upkeep]\n|-sideend|p2: Marcio Lira|move: Tailwind\n|upkeep\n|turn|5\n|inactive|Tubes69 has 30 seconds left.\n|\n|t:|1776371244\n|move|p2b: Archaludon|Protect|p2b: Archaludon\n|-singleturn|p2b: Archaludon|Protect\n|move|p1b: Kingambit|Sucker Punch||[still]\n|-fail|p1b: Kingambit\n|move|p1a: Tsareena|Low Kick|p2b: Archaludon\n|-activate|p2b: Archaludon|move: Protect\n|move|p2a: Tinkaton|Gigaton Hammer|p1a: Tsareena\n|-damage|p1a: Tsareena|0 fnt\n|faint|p1a: Tsareena\n|\n|-weather|none\n|upkeep\n|\n|t:|1776371261\n|switch|p1a: Floette|Floette-Eternal, L50, F|100/100\n|turn|6\n|\n|t:|1776371280\n|switch|p2b: Basculegion|Basculegion, L50, M|100/100\n|detailschange|p1a: Floette|Floette-Mega, L50, F\n|-mega|p1a: Floette|Floette|Floettite\n|-ability|p1a: Floette|Fairy Aura\n|move|p1a: Floette|Protect|p1a: Floette\n|-singleturn|p1a: Floette|Protect\n|move|p2a: Tinkaton|Protect|p2a: Tinkaton\n|-singleturn|p2a: Tinkaton|Protect\n|move|p1b: Kingambit|Kowtow Cleave|p2a: Tinkaton\n|-activate|p2a: Tinkaton|move: Protect\n|\n|-sideend|p1: Tubes69|move: Aurora Veil\n|upkeep\n|turn|7\n|\n|t:|1776371304\n|switch|p1a: Ninetales|Ninetales-Alola, L50, F|100/100\n|-weather|Snowscape|[from] ability: Snow Warning|[of] p1a: Ninetales\n|move|p1b: Kingambit|Sucker Punch|p2b: Basculegion\n|-supereffective|p2b: Basculegion|1\n|-damage|p2b: Basculegion|0 fnt\n|faint|p2b: Basculegion\n|move|p2a: Tinkaton|Gigaton Hammer|p1a: Ninetales\n|-supereffective|p1a: Ninetales|2\n|-damage|p1a: Ninetales|0 fnt\n|faint|p1a: Ninetales\n|\n|-weather|Snowscape|[upkeep]\n|upkeep\n|\n|t:|1776371313\n|switch|p1a: Floette|Floette-Mega, L50, F|100/100\n|switch|p2b: Pelipper|Pelipper, L50, M|38/100\n|-ability|p1a: Floette|Fairy Aura\n|-weather|RainDance|[from] ability: Drizzle|[of] p2b: Pelipper\n|turn|8\n|\n|t:|1776371330\n|move|p2a: Tinkaton|Protect|p2a: Tinkaton\n|-singleturn|p2a: Tinkaton|Protect\n|move|p1b: Kingambit|Sucker Punch||[still]\n|-fail|p1b: Kingambit\n|move|p1a: Floette|Moonblast|p2a: Tinkaton\n|-activate|p2a: Tinkaton|move: Protect\n|move|p2b: Pelipper|Tailwind|p2b: Pelipper\n|-sidestart|p2: Marcio Lira|move: Tailwind\n|\n|-weather|RainDance|[upkeep]\n|upkeep\n|turn|9\n|\n|t:|1776371350\n|move|p1b: Kingambit|Sucker Punch|p2a: Tinkaton\n|-resisted|p2a: Tinkaton|1\n|-damage|p2a: Tinkaton|33/100\n|move|p2a: Tinkaton|Gigaton Hammer|p1a: Floette\n|-supereffective|p1a: Floette|1\n|-crit|p1a: Floette\n|-damage|p1a: Floette|0 fnt\n|faint|p1a: Floette\n|move|p2b: Pelipper|Weather Ball|p1b: Kingambit\n|-damage|p1b: Kingambit|34/100\n|\n|-weather|RainDance|[upkeep]\n|upkeep\n|turn|10\n|\n|t:|1776371360\n|move|p1b: Kingambit|Protect|p1b: Kingambit\n|-singleturn|p1b: Kingambit|Protect\n|move|p2a: Tinkaton|Play Rough|p1b: Kingambit\n|-activate|p1b: Kingambit|move: Protect\n|move|p2b: Pelipper|Weather Ball|p1b: Kingambit\n|-activate|p1b: Kingambit|move: Protect\n|\n|-weather|RainDance|[upkeep]\n|upkeep\n|turn|11\n|\n|t:|1776371370\n|move|p1b: Kingambit|Sucker Punch|p2b: Pelipper\n|-damage|p2b: Pelipper|0 fnt\n|faint|p2b: Pelipper\n|move|p2a: Tinkaton|Gigaton Hammer|p1b: Kingambit\n|-resisted|p1b: Kingambit|1\n|-damage|p1b: Kingambit|6/100\n|\n|-weather|RainDance|[upkeep]\n|-sideend|p2: Marcio Lira|move: Tailwind\n|upkeep\n|\n|t:|1776371372\n|switch|p2b: Archaludon|Archaludon, L50, M|33/100\n|turn|12\n|\n|t:|1776371383\n|move|p2a: Tinkaton|Protect|p2a: Tinkaton\n|-singleturn|p2a: Tinkaton|Protect\n|move|p2b: Archaludon|Protect|p2b: Archaludon\n|-singleturn|p2b: Archaludon|Protect\n|move|p1b: Kingambit|Protect||[still]\n|-fail|p1b: Kingambit\n|\n|-weather|none\n|upkeep\n|turn|13\n|\n|t:|1776371399\n|move|p1b: Kingambit|Sucker Punch|p2b: Archaludon\n|-damage|p2b: Archaludon|0 fnt\n|faint|p2b: Archaludon\n|move|p2a: Tinkaton|Gigaton Hammer|p1b: Kingambit\n|-resisted|p1b: Kingambit|1\n|-damage|p1b: Kingambit|0 fnt\n|faint|p1b: Kingambit\n|\n|win|Marcio Lira\n|raw|Tubes69's rating: 1135 &rarr; <strong>1114</strong><br />(-21 for losing)\n|raw|Marcio Lira's rating: 1193 &rarr; <strong>1214</strong><br />(+21 for winning)\n|c|\u2606Marcio Lira|Gg\n|l|\u2606Tubes69\n|player|p1|\n|l|\u2606Marcio Lira\n|player|p2|\n|j|\u2606Marcio Lira\n|player|p2|Marcio Lira|bugcatcher-gen4dp|\n",
  "uploadtime": 1776371585,
  "views": 34,
  "formatid": "gen9championsvgc2026regma",
  "rating": 1114,
  "private": 0,
  "password": null
}