{
  "id": "gen9championsvgc2026regma-2582841659",
  "format": "[Gen 9 Champions] VGC 2026 Reg M-A",
  "players": [
    "RainCalc",
    "Gaby Glytxii"
  ],
  "log": "|j|\u2606RainCalc\n|j|\u2606Gaby Glytxii\n|t:|1776118299\n|gametype|doubles\n|player|p1|RainCalc|volkner|1098\n|player|p2|Gaby Glytxii|170|1052\n|gen|9\n|tier|[Gen 9 Champions] VGC 2026 Reg M-A\n|rated|\n|rule|Species Clause: Limit one of each Pok\u00e9mon\n|rule|Item Clause: Limit 1 of each item\n|clearpoke\n|poke|p1|Aggron, L50, F|\n|poke|p1|Incineroar, L50, M|\n|poke|p1|Sinistcha, L50|\n|poke|p1|Tyranitar, L50, F|\n|poke|p1|Sneasler, L50, M|\n|poke|p1|Lycanroc, L50, M|\n|poke|p2|Gallade, L50, M|\n|poke|p2|Volcarona, L50, M|\n|poke|p2|Zoroark-Hisui, L50, M|\n|poke|p2|Empoleon, L50, F|\n|poke|p2|Tsareena, L50, F|\n|poke|p2|Espeon, L50, M|\n|teampreview|4\n|\n|t:|1776118344\n|teamsize|p1|4\n|teamsize|p2|4\n|start\n|switch|p1a: THE WALL|Aggron, L50, F, shiny|100/100\n|switch|p1b: Incineroar|Incineroar, L50, M, shiny|100/100\n|switch|p2a: Gallade|Gallade, L50, M|100/100\n|switch|p2b: Volcarona|Volcarona, L50, M|100/100\n|-ability|p1b: Incineroar|Intimidate|boost\n|-unboost|p2a: Gallade|atk|1\n|-unboost|p2b: Volcarona|atk|1\n|turn|1\n|\n|t:|1776118367\n|detailschange|p2a: Gallade|Gallade-Mega, L50, M\n|-mega|p2a: Gallade|Gallade|Galladite\n|detailschange|p1a: THE WALL|Aggron-Mega, L50, F, shiny\n|-mega|p1a: THE WALL|Aggron|Aggronite\n|move|p1a: THE WALL|Protect|p1a: THE WALL\n|-singleturn|p1a: THE WALL|Protect\n|move|p1b: Incineroar|Fake Out|p2a: Gallade\n|-damage|p2a: Gallade|86/100\n|move|p2a: Gallade|Swords Dance|p2a: Gallade\n|-boost|p2a: Gallade|atk|2\n|move|p2b: Volcarona|Tailwind|p2b: Volcarona\n|-sidestart|p2: Gaby Glytxii|move: Tailwind\n|\n|upkeep\n|turn|2\n|\n|t:|1776118389\n|move|p2b: Volcarona|Rage Powder|p2b: Volcarona\n|-singleturn|p2b: Volcarona|move: Rage Powder\n|move|p2a: Gallade|Drain Punch|p1a: THE WALL\n|-supereffective|p1a: THE WALL|1\n|-damage|p1a: THE WALL|60/100\n|-heal|p2a: Gallade|100/100|[from] drain|[of] p1a: THE WALL\n|move|p1b: Incineroar|Parting Shot|p2b: Volcarona\n|-unboost|p2b: Volcarona|atk|1\n|-unboost|p2b: Volcarona|spa|1\n|\n|t:|1776118396\n|switch|p1b: Tyranitar|Tyranitar, L50, F|100/100|[from] Parting Shot\n|-weather|Sandstorm|[from] ability: Sand Stream|[of] p1b: Tyranitar\n|move|p1a: THE WALL|Iron Defense|p1a: THE WALL\n|-boost|p1a: THE WALL|def|2\n|\n|-weather|Sandstorm|[upkeep]\n|-damage|p2a: Gallade|95/100|[from] Sandstorm\n|-damage|p2b: Volcarona|94/100|[from] Sandstorm\n|upkeep\n|turn|3\n|\n|t:|1776118408\n|move|p1a: THE WALL|Protect|p1a: THE WALL\n|-singleturn|p1a: THE WALL|Protect\n|move|p2a: Gallade|Drain Punch|p1b: Tyranitar\n|-supereffective|p1b: Tyranitar|2\n|-damage|p1b: Tyranitar|0 fnt\n|-heal|p2a: Gallade|100/100|[from] drain|[of] p1b: Tyranitar\n|faint|p1b: Tyranitar\n|move|p2b: Volcarona|Flamethrower|p1a: THE WALL\n|-activate|p1a: THE WALL|move: Protect\n|\n|-weather|Sandstorm|[upkeep]\n|-damage|p2a: Gallade|95/100|[from] Sandstorm\n|-damage|p2b: Volcarona|88/100|[from] Sandstorm\n|upkeep\n|\n|t:|1776118414\n|switch|p1b: Sneasler|Sneasler, L50, M|100/100\n|turn|4\n|\n|t:|1776118424\n|switch|p2b: Tsareena|Tsareena, L50, F|100/100\n|move|p2a: Gallade|Psycho Cut|p1b: Sneasler\n|-supereffective|p1b: Sneasler|2\n|-damage|p1b: Sneasler|0 fnt\n|faint|p1b: Sneasler\n|move|p1a: THE WALL|Body Press|p2a: Gallade\n|-resisted|p2a: Gallade|1\n|-damage|p2a: Gallade|32/100\n|\n|-weather|Sandstorm|[upkeep]\n|-damage|p2a: Gallade|26/100|[from] Sandstorm\n|-damage|p2b: Tsareena|94/100|[from] Sandstorm\n|-sideend|p2: Gaby Glytxii|move: Tailwind\n|upkeep\n|\n|t:|1776118426\n|switch|p1b: Incineroar|Incineroar, L50, M, shiny|100/100\n|-ability|p1b: Incineroar|Intimidate|boost\n|-fail|p2a: Gallade|unboost|Attack|[from] ability: Inner Focus|[of] p2a: Gallade\n|-unboost|p2b: Tsareena|atk|1\n|turn|5\n|\n|t:|1776118440\n|move|p2a: Gallade|Drain Punch|p1b: Incineroar\n|-supereffective|p1b: Incineroar|1\n|-damage|p1b: Incineroar|0 fnt\n|-heal|p2a: Gallade|97/100|[from] drain|[of] p1b: Incineroar\n|faint|p1b: Incineroar\n|move|p2b: Tsareena|Taunt|p1a: THE WALL\n|-start|p1a: THE WALL|move: Taunt\n|move|p1a: THE WALL|Body Press|p2b: Tsareena\n|-damage|p2b: Tsareena|0 fnt\n|faint|p2b: Tsareena\n|\n|-weather|Sandstorm|[upkeep]\n|-damage|p2a: Gallade|91/100|[from] Sandstorm\n|upkeep\n|\n|t:|1776118451\n|switch|p2b: Volcarona|Volcarona, L50, M|88/100\n|turn|6\n|-message|RainCalc forfeited.\n|\n|win|Gaby Glytxii\n|raw|RainCalc's rating: 1098 &rarr; <strong>1070</strong><br />(-28 for losing)\n|raw|Gaby Glytxii's rating: 1052 &rarr; <strong>1088</strong><br />(+36 for winning)\n|l|\u2606RainCalc\n|player|p1|\n",
  "uploadtime": 1776118504,
  "views": 23,
  "formatid": "gen9championsvgc2026regma",
  "rating": 1070,
  "private": 0,
  "password": null
}