{
  "id": "gen9championsvgc2026regma-2588789489",
  "format": "[Gen 9 Champions] VGC 2026 Reg M-A",
  "players": [
    "the b0nk",
    "Moxiemencefan21"
  ],
  "log": "|j|\u2606the b0nk\n|j|\u2606Moxiemencefan21\n|t:|1776671040\n|gametype|doubles\n|player|p1|the b0nk|2|1170\n|player|p2|Moxiemencefan21|265|1244\n|gen|9\n|tier|[Gen 9 Champions] VGC 2026 Reg M-A\n|rated|\n|rule|Species Clause: Limit one of each Pok\u00e9mon\n|rule|Item Clause: Limit 1 of each item\n|clearpoke\n|poke|p1|Garchomp, L50, M|\n|poke|p1|Incineroar, L50, M|\n|poke|p1|Froslass, L50, F|\n|poke|p1|Sneasler, L50, F|\n|poke|p1|Whimsicott, L50, F|\n|poke|p1|Volcarona, L50, M|\n|poke|p2|Charizard, L50, F|\n|poke|p2|Milotic, L50, F|\n|poke|p2|Sinistcha, L50|\n|poke|p2|Scizor, L50, F|\n|poke|p2|Ninetales-Alola, L50, M|\n|poke|p2|Tauros-Paldea-Aqua, L50, M|\n|teampreview|4\n|\n|t:|1776671108\n|teamsize|p1|4\n|teamsize|p2|4\n|start\n|switch|p1a: Garchomp|Garchomp, L50, M|100/100\n|switch|p1b: Sneasler|Sneasler, L50, F|100/100\n|switch|p2a: Charizard|Charizard, L50, F|100/100\n|switch|p2b: Milotic|Milotic, L50, F|100/100\n|turn|1\n|\n|t:|1776671143\n|switch|p2a: Tauros|Tauros-Paldea-Aqua, L50, M|100/100\n|-ability|p2a: Tauros|Intimidate|boost\n|-unboost|p1a: Garchomp|atk|1\n|-unboost|p1b: Sneasler|atk|1\n|-enditem|p1b: Sneasler|White Herb\n|-clearnegativeboost|p1b: Sneasler|[silent]\n|move|p1b: Sneasler|Fake Out|p2b: Milotic\n|-damage|p2b: Milotic|88/100\n|move|p1a: Garchomp|Rock Slide|p2a: Tauros|[spread] p2a,p2b\n|-resisted|p2a: Tauros|1\n|-damage|p2a: Tauros|95/100\n|-damage|p2b: Milotic|76/100\n|cant|p2b: Milotic|flinch\n|\n|-heal|p2b: Milotic|82/100|[from] item: Leftovers\n|upkeep\n|turn|2\n|\n|t:|1776671211\n|move|p1a: Garchomp|Protect|p1a: Garchomp\n|-singleturn|p1a: Garchomp|Protect\n|move|p1b: Sneasler|Close Combat|p2b: Milotic\n|-damage|p2b: Milotic|31/100\n|-unboost|p1b: Sneasler|def|1\n|-unboost|p1b: Sneasler|spd|1\n|move|p2a: Tauros|Raging Bull|p1b: Sneasler\n|-damage|p1b: Sneasler|0 fnt\n|faint|p1b: Sneasler\n|move|p2b: Milotic|Icy Wind|p1a: Garchomp\n|-activate|p1a: Garchomp|move: Protect\n|\n|-heal|p2b: Milotic|37/100|[from] item: Leftovers\n|upkeep\n|\n|t:|1776671232\n|switch|p1b: Froslass|Froslass, L50, F|100/100\n|turn|3\n|\n|t:|1776671266\n|switch|p2a: Sinistcha|Sinistcha, L50|100/100\n|-heal|p2b: Milotic|62/100|[from] ability: Hospitality|[of] p2a: Sinistcha\n|move|p1b: Froslass|Protect|p1b: Froslass\n|-singleturn|p1b: Froslass|Protect\n|move|p2b: Milotic|Protect|p2b: Milotic\n|-singleturn|p2b: Milotic|Protect\n|move|p1a: Garchomp|Earthquake|p2b: Milotic|[spread] p2a\n|-activate|p1b: Froslass|move: Protect\n|-activate|p2b: Milotic|move: Protect\n|-resisted|p2a: Sinistcha|1\n|-damage|p2a: Sinistcha|89/100\n|\n|-heal|p2b: Milotic|68/100|[from] item: Leftovers\n|upkeep\n|turn|4\n|\n|t:|1776671315\n|detailschange|p1b: Froslass|Froslass-Mega, L50, F\n|-mega|p1b: Froslass|Froslass|Froslassite\n|-weather|Snowscape|[from] ability: Snow Warning|[of] p1b: Froslass\n|move|p2a: Sinistcha|Rage Powder|p2a: Sinistcha\n|-singleturn|p2a: Sinistcha|move: Rage Powder\n|move|p1b: Froslass|Blizzard|p2a: Sinistcha|[spread] p2a,p2b\n|-supereffective|p2a: Sinistcha|1\n|-resisted|p2b: Milotic|1\n|-damage|p2a: Sinistcha|0 fnt\n|-damage|p2b: Milotic|54/100\n|faint|p2a: Sinistcha\n|move|p1a: Garchomp|Swords Dance|p1a: Garchomp\n|-boost|p1a: Garchomp|atk|2\n|move|p2b: Milotic|Icy Wind|p1b: Froslass|[spread] p1a,p1b\n|-supereffective|p1a: Garchomp|2\n|-resisted|p1b: Froslass|1\n|-damage|p1a: Garchomp|57/100\n|-damage|p1b: Froslass|95/100\n|-unboost|p1a: Garchomp|spe|1\n|-unboost|p1b: Froslass|spe|1\n|\n|-weather|Snowscape|[upkeep]\n|-heal|p2b: Milotic|60/100|[from] item: Leftovers\n|upkeep\n|\n|t:|1776671339\n|switch|p2a: Charizard|Charizard, L50, F|100/100\n|turn|5\n|\n|t:|1776671377\n|switch|p1b: Whimsicott|Whimsicott, L50, F|100/100\n|switch|p2b: Tauros|Tauros-Paldea-Aqua, L50, M|95/100\n|-ability|p2b: Tauros|Intimidate|boost\n|-unboost|p1a: Garchomp|atk|1\n|-unboost|p1b: Whimsicott|atk|1\n|detailschange|p2a: Charizard|Charizard-Mega-X, L50, F\n|-mega|p2a: Charizard|Charizard|Charizardite X\n|move|p2a: Charizard|Flame Charge|p1b: Whimsicott\n|-supereffective|p1b: Whimsicott|1\n|-damage|p1b: Whimsicott|3/100\n|-boost|p2a: Charizard|spe|1\n|move|p1a: Garchomp|Rock Slide|p2a: Charizard|[spread] p2a,p2b\n|-supereffective|p2a: Charizard|1\n|-resisted|p2b: Tauros|1\n|-damage|p2a: Charizard|68/100\n|-damage|p2b: Tauros|85/100\n|\n|-weather|Snowscape|[upkeep]\n|upkeep\n|turn|6\n|\n|t:|1776671435\n|move|p2a: Charizard|Protect|p2a: Charizard\n|-singleturn|p2a: Charizard|Protect\n|move|p1b: Whimsicott|Tailwind|p1b: Whimsicott\n|-sidestart|p1: the b0nk|move: Tailwind\n|move|p1a: Garchomp|Earthquake|p2a: Charizard|[spread] p1b,p2b\n|-activate|p2a: Charizard|move: Protect\n|-resisted|p1b: Whimsicott|1\n|-damage|p1b: Whimsicott|0 fnt\n|-damage|p2b: Tauros|50/100\n|faint|p1b: Whimsicott\n|move|p2b: Tauros|Close Combat|p1a: Garchomp\n|-damage|p1a: Garchomp|2/100\n|-unboost|p2b: Tauros|def|1\n|-unboost|p2b: Tauros|spd|1\n|-damage|p2b: Tauros|38/100|[from] ability: Rough Skin|[of] p1a: Garchomp\n|-enditem|p2b: Tauros|White Herb\n|-clearnegativeboost|p2b: Tauros|[silent]\n|\n|-weather|Snowscape|[upkeep]\n|upkeep\n|\n|t:|1776671452\n|switch|p1b: Froslass|Froslass-Mega, L50, F|95/100\n|turn|7\n|\n|t:|1776671476\n|move|p2b: Tauros|Aqua Jet|p1a: Garchomp\n|-damage|p1a: Garchomp|0 fnt\n|-damage|p2b: Tauros|26/100|[from] ability: Rough Skin|[of] p1a: Garchomp\n|faint|p1a: Garchomp\n|move|p1b: Froslass|Blizzard|p2b: Tauros|[spread] p2a,p2b\n|-resisted|p2b: Tauros|1\n|-damage|p2a: Charizard|19/100\n|-damage|p2b: Tauros|0 fnt\n|-status|p2a: Charizard|frz\n|faint|p2b: Tauros\n|cant|p2a: Charizard|frz\n|\n|-weather|Snowscape|[upkeep]\n|upkeep\n|\n|t:|1776671490\n|switch|p2b: Milotic|Milotic, L50, F|60/100\n|turn|8\n|\n|t:|1776671512\n|move|p1b: Froslass|Blizzard|p2b: Milotic|[spread] p2a,p2b\n|-resisted|p2b: Milotic|1\n|-damage|p2a: Charizard|0 fnt\n|-damage|p2b: Milotic|44/100\n|faint|p2a: Charizard\n|move|p2b: Milotic|Icy Wind|p1b: Froslass\n|-resisted|p1b: Froslass|1\n|-crit|p1b: Froslass\n|-damage|p1b: Froslass|83/100\n|-unboost|p1b: Froslass|spe|1\n|\n|-weather|none\n|-heal|p2b: Milotic|50/100|[from] item: Leftovers\n|upkeep\n|turn|9\n|\n|t:|1776671525\n|move|p2b: Milotic|Protect|p2b: Milotic\n|-singleturn|p2b: Milotic|Protect\n|move|p1b: Froslass|Shadow Ball|p2b: Milotic\n|-activate|p2b: Milotic|move: Protect\n|\n|-heal|p2b: Milotic|56/100|[from] item: Leftovers\n|-sideend|p1: the b0nk|move: Tailwind\n|upkeep\n|turn|10\n|\n|t:|1776671539\n|move|p1b: Froslass|Shadow Ball|p2b: Milotic\n|-damage|p2b: Milotic|26/100\n|-unboost|p2b: Milotic|spd|1\n|-ability|p2b: Milotic|Competitive|boost\n|-boost|p2b: Milotic|spa|2\n|move|p2b: Milotic|Recover|p2b: Milotic\n|-heal|p2b: Milotic|76/100\n|\n|-heal|p2b: Milotic|82/100|[from] item: Leftovers\n|upkeep\n|turn|11\n|\n|t:|1776671554\n|move|p2b: Milotic|Protect|p2b: Milotic\n|-singleturn|p2b: Milotic|Protect\n|move|p1b: Froslass|Shadow Ball|p2b: Milotic\n|-activate|p2b: Milotic|move: Protect\n|\n|-heal|p2b: Milotic|88/100|[from] item: Leftovers\n|upkeep\n|turn|12\n|\n|t:|1776671569\n|move|p1b: Froslass|Shadow Ball|p2b: Milotic\n|-damage|p2b: Milotic|43/100\n|move|p2b: Milotic|Scald|p1b: Froslass\n|-damage|p1b: Froslass|11/100\n|\n|-heal|p2b: Milotic|49/100|[from] item: Leftovers\n|upkeep\n|turn|13\n|\n|t:|1776671584\n|move|p2b: Milotic|Protect|p2b: Milotic\n|-singleturn|p2b: Milotic|Protect\n|move|p1b: Froslass|Shadow Ball|p2b: Milotic\n|-activate|p2b: Milotic|move: Protect\n|\n|-heal|p2b: Milotic|55/100|[from] item: Leftovers\n|upkeep\n|turn|14\n|\n|t:|1776671594\n|move|p1b: Froslass|Shadow Ball|p2b: Milotic\n|-damage|p2b: Milotic|13/100\n|move|p2b: Milotic|Scald|p1b: Froslass\n|-damage|p1b: Froslass|0 fnt\n|faint|p1b: Froslass\n|\n|win|Moxiemencefan21\n|raw|the b0nk's rating: 1170 &rarr; <strong>1150</strong><br />(-20 for losing)\n|raw|Moxiemencefan21's rating: 1244 &rarr; <strong>1264</strong><br />(+20 for winning)\n|c|\u2606Moxiemencefan21|Gg\n|l|\u2606the b0nk\n|player|p1|\n",
  "uploadtime": 1776671626,
  "views": 16,
  "formatid": "gen9championsvgc2026regma",
  "rating": 1150,
  "private": 0,
  "password": null
}