{
  "id": "gen9championsvgc2026regma-2584845938",
  "format": "[Gen 9 Champions] VGC 2026 Reg M-A",
  "players": [
    "Garrisoniams69",
    "eevee1995"
  ],
  "log": "|j|\u2606Garrisoniams69\n|j|\u2606eevee1995\n|t:|1776288197\n|gametype|doubles\n|player|p1|Garrisoniams69|170|1039\n|player|p2|eevee1995|pokekidf-gen8|1074\n|gen|9\n|tier|[Gen 9 Champions] VGC 2026 Reg M-A\n|rated|\n|rule|Species Clause: Limit one of each Pok\u00e9mon\n|rule|Item Clause: Limit 1 of each item\n|clearpoke\n|poke|p1|Kangaskhan, L50, F|\n|poke|p1|Whimsicott, L50, M|\n|poke|p1|Rotom-Wash, L50|\n|poke|p1|Arcanine, L50, M|\n|poke|p1|Floette-Eternal, L50, F|\n|poke|p1|Garchomp, L50, F|\n|poke|p2|Torkoal, L50, M|\n|poke|p2|Victreebel, L50, M|\n|poke|p2|Farigiraf, L50, M|\n|poke|p2|Dragonite, L50, M|\n|poke|p2|Sneasler, L50, M|\n|poke|p2|Garchomp, L50, F|\n|teampreview|4\n|inactive|Battle timer is ON: inactive players will automatically lose when time's up. (requested by eevee1995)\n|\n|t:|1776288225\n|teamsize|p1|4\n|teamsize|p2|4\n|start\n|switch|p1a: Whimsicott|Whimsicott, L50, M, shiny|100/100\n|switch|p1b: Rotom|Rotom-Wash, L50, shiny|100/100\n|switch|p2a: sneeeeeeeeeeeeeeek|Sneasler, L50, M, shiny|100/100\n|switch|p2b: Mr Nite|Dragonite, L50, M, shiny|100/100\n|turn|1\n|\n|t:|1776288238\n|move|p2a: sneeeeeeeeeeeeeeek|Fake Out|p1a: Whimsicott\n|-damage|p1a: Whimsicott|79/100\n|cant|p1a: Whimsicott|flinch\n|move|p2b: Mr Nite|Scale Shot|p1b: Rotom\n|-damage|p1b: Rotom|85/100\n|-damage|p1b: Rotom|69/100\n|-hitcount|p1b: Rotom|2\n|-unboost|p2b: Mr Nite|def|1\n|-boost|p2b: Mr Nite|spe|1\n|move|p1b: Rotom|Thunderbolt|p2b: Mr Nite\n|-damage|p2b: Mr Nite|76/100\n|\n|upkeep\n|turn|2\n|\n|t:|1776288258\n|switch|p1b: Garchomp|Garchomp, L50, F, shiny|100/100\n|move|p2b: Mr Nite|Protect|p2b: Mr Nite\n|-singleturn|p2b: Mr Nite|Protect\n|move|p1a: Whimsicott|Tailwind|p1a: Whimsicott\n|-sidestart|p1: Garrisoniams69|move: Tailwind\n|move|p2a: sneeeeeeeeeeeeeeek|Dire Claw|p1a: Whimsicott\n|-supereffective|p1a: Whimsicott|2\n|-damage|p1a: Whimsicott|0 fnt\n|faint|p1a: Whimsicott\n|\n|upkeep\n|\n|t:|1776288272\n|switch|p1a: Kangaskhan|Kangaskhan, L50, F, shiny|100/100\n|turn|3\n|\n|t:|1776288280\n|detailschange|p1a: Kangaskhan|Kangaskhan-Mega, L50, F, shiny\n|-mega|p1a: Kangaskhan|Kangaskhan|Kangaskhanite\n|move|p1a: Kangaskhan|Fake Out|p2a: sneeeeeeeeeeeeeeek\n|-damage|p2a: sneeeeeeeeeeeeeeek|60/100\n|-damage|p2a: sneeeeeeeeeeeeeeek|50/100\n|-hitcount|p2a: sneeeeeeeeeeeeeeek|2\n|move|p1b: Garchomp|Rock Slide|p2b: Mr Nite|[spread] p2a,p2b\n|-resisted|p2a: sneeeeeeeeeeeeeeek|1\n|-supereffective|p2b: Mr Nite|1\n|-damage|p2a: sneeeeeeeeeeeeeeek|33/100\n|-damage|p2b: Mr Nite|5/100\n|move|p2b: Mr Nite|Scale Shot|p1b: Garchomp\n|-supereffective|p1b: Garchomp|1\n|-damage|p1b: Garchomp|70/100\n|-supereffective|p1b: Garchomp|1\n|-damage|p1b: Garchomp|40/100\n|-supereffective|p1b: Garchomp|1\n|-damage|p1b: Garchomp|13/100\n|-supereffective|p1b: Garchomp|1\n|-damage|p1b: Garchomp|0 fnt\n|faint|p1b: Garchomp\n|-hitcount|p1: Garchomp|4\n|-unboost|p2b: Mr Nite|def|1\n|-boost|p2b: Mr Nite|spe|1\n|cant|p2a: sneeeeeeeeeeeeeeek|flinch\n|\n|upkeep\n|\n|t:|1776288303\n|switch|p1b: Rotom|Rotom-Wash, L50, shiny|69/100\n|turn|4\n|\n|t:|1776288318\n|move|p2b: Mr Nite|Extreme Speed|p1b: Rotom\n|-damage|p1b: Rotom|36/100\n|-enditem|p1b: Rotom|Sitrus Berry|[eat]\n|-heal|p1b: Rotom|60/100|[from] item: Sitrus Berry\n|move|p1a: Kangaskhan|Low Kick|p2a: sneeeeeeeeeeeeeeek\n|-resisted|p2a: sneeeeeeeeeeeeeeek|1\n|-damage|p2a: sneeeeeeeeeeeeeeek|13/100\n|-resisted|p2a: sneeeeeeeeeeeeeeek|1\n|-damage|p2a: sneeeeeeeeeeeeeeek|9/100\n|-hitcount|p2a: sneeeeeeeeeeeeeeek|2\n|move|p1b: Rotom|Thunderbolt|p2b: Mr Nite\n|-damage|p2b: Mr Nite|0 fnt\n|faint|p2b: Mr Nite\n|move|p2a: sneeeeeeeeeeeeeeek|Close Combat|p1a: Kangaskhan\n|-supereffective|p1a: Kangaskhan|1\n|-damage|p1a: Kangaskhan|0 fnt\n|-unboost|p2a: sneeeeeeeeeeeeeeek|def|1\n|-unboost|p2a: sneeeeeeeeeeeeeeek|spd|1\n|faint|p1a: Kangaskhan\n|\n|upkeep\n|\n|t:|1776288328\n|switch|p2b: Torkal the brave|Torkoal, L50, M, shiny|100/100\n|-weather|SunnyDay|[from] ability: Drought|[of] p2b: Torkal the brave\n|turn|5\n|\n|t:|1776288341\n|move|p2b: Torkal the brave|Protect|p2b: Torkal the brave\n|-singleturn|p2b: Torkal the brave|Protect\n|move|p1b: Rotom|Hydro Pump|p2b: Torkal the brave\n|-activate|p2b: Torkal the brave|move: Protect\n|move|p2a: sneeeeeeeeeeeeeeek|Dire Claw|p1b: Rotom\n|-damage|p1b: Rotom|18/100\n|-status|p1b: Rotom|psn\n|\n|-weather|SunnyDay|[upkeep]\n|-damage|p1b: Rotom|6/100 psn|[from] psn\n|-sideend|p1: Garrisoniams69|move: Tailwind\n|upkeep\n|turn|6\n|c|\u2606eevee1995|gg\n|\n|t:|1776288360\n|move|p2b: Torkal the brave|Helping Hand|p2a: sneeeeeeeeeeeeeeek\n|-singleturn|p2a: sneeeeeeeeeeeeeeek|Helping Hand|[of] p2b: Torkal the brave\n|move|p2a: sneeeeeeeeeeeeeeek|Close Combat|p1b: Rotom\n|-damage|p1b: Rotom|0 fnt\n|-unboost|p2a: sneeeeeeeeeeeeeeek|def|1\n|-unboost|p2a: sneeeeeeeeeeeeeeek|spd|1\n|faint|p1b: Rotom\n|\n|win|eevee1995\n|raw|Garrisoniams69's rating: 1039 &rarr; <strong>1025</strong><br />(-14 for losing)\n|raw|eevee1995's rating: 1074 &rarr; <strong>1100</strong><br />(+26 for winning)\n",
  "uploadtime": 1776288365,
  "views": 20,
  "formatid": "gen9championsvgc2026regma",
  "rating": 1025,
  "private": 0,
  "password": null
}