{
  "id": "gen9championsvgc2026regma-2582934020",
  "format": "[Gen 9 Champions] VGC 2026 Reg M-A",
  "players": [
    "sergent saumon",
    "Lgo(blue)"
  ],
  "log": "|j|\u2606sergent saumon\n|j|\u2606Lgo(blue)\n|t:|1776126302\n|gametype|doubles\n|player|p1|sergent saumon|elesa|1084\n|player|p2|Lgo(blue)|blue|1030\n|gen|9\n|tier|[Gen 9 Champions] VGC 2026 Reg M-A\n|rated|\n|rule|Species Clause: Limit one of each Pok\u00e9mon\n|rule|Item Clause: Limit 1 of each item\n|clearpoke\n|poke|p1|Chandelure, L50, M|\n|poke|p1|Zoroark-Hisui, L50, M|\n|poke|p1|Basculegion, L50, M|\n|poke|p1|Ninetales-Alola, L50, F|\n|poke|p1|Whimsicott, L50, M|\n|poke|p1|Kommo-o, L50, M|\n|poke|p2|Incineroar, L50, M|\n|poke|p2|Charizard, L50, M|\n|poke|p2|Venusaur, L50, F|\n|poke|p2|Whimsicott, L50, M|\n|poke|p2|Garchomp, L50, F|\n|poke|p2|Basculegion, L50, M|\n|teampreview|4\n|\n|t:|1776126352\n|teamsize|p1|4\n|teamsize|p2|4\n|start\n|switch|p1a: Chandelure|Chandelure, L50, M, shiny|100/100\n|switch|p1b: Whimsicott|Whimsicott, L50, M, shiny|100/100\n|switch|p2a: Cotton|Whimsicott, L50, M|100/100\n|switch|p2b: Jeff|Garchomp, L50, F|100/100\n|turn|1\n|\n|t:|1776126371\n|move|p2a: Cotton|Tailwind|p2a: Cotton\n|-sidestart|p2: Lgo(blue)|move: Tailwind\n|move|p1b: Whimsicott|Tailwind|p1b: Whimsicott\n|-sidestart|p1: sergent saumon|move: Tailwind\n|move|p1a: Chandelure|Shadow Ball|p2b: Jeff\n|-damage|p2b: Jeff|63/100\n|-unboost|p2b: Jeff|spd|1\n|move|p2b: Jeff|Rock Slide|p1b: Whimsicott|[spread] \n|-miss|p2b: Jeff|p1a: Chandelure\n|-miss|p2b: Jeff|p1b: Whimsicott\n|\n|upkeep\n|turn|2\n|inactive|Battle timer is ON: inactive players will automatically lose when time's up. (requested by sergent saumon)\n|l|\u2606Lgo(blue)\n|inactive|Lgo(blue) disconnected and has a minute to reconnect!\n|player|p2|\n|j|\u2606Lgo(blue)\n|inactive|Lgo(blue) reconnected and has 70 seconds left.\n|player|p2|Lgo(blue)|blue|\n|inactive|Lgo(blue) has 60 seconds left.\n|\n|t:|1776126451\n|move|p2a: Cotton|Encore|p1b: Whimsicott\n|-start|p1b: Whimsicott|Encore\n|move|p1b: Whimsicott|Tailwind||[still]\n|-fail|p1b: Whimsicott\n|move|p1a: Chandelure|Hyper Voice|p2a: Cotton|[spread] p2a,p2b\n|-damage|p2a: Cotton|43/100\n|-damage|p2b: Jeff|13/100\n|-enditem|p2a: Cotton|Sitrus Berry|[eat]\n|-heal|p2a: Cotton|67/100|[from] item: Sitrus Berry\n|move|p2b: Jeff|Rock Slide|p1a: Chandelure|[spread] p1a,p1b\n|-crit|p1b: Whimsicott\n|-damage|p1a: Chandelure|63/100\n|-damage|p1b: Whimsicott|73/100\n|replace|p1a: Zoroark|Zoroark-Hisui, L50, M\n|-end|p1a: Zoroark|Illusion\n|\n|upkeep\n|turn|3\n|inactive|Lgo(blue) has 30 seconds left.\n|\n|t:|1776126480\n|switch|p1b: Basculegion|Basculegion, L50, M|100/100\n|move|p2a: Cotton|Moonblast|p1a: Zoroark\n|-crit|p1a: Zoroark\n|-damage|p1a: Zoroark|0 fnt\n|faint|p1a: Zoroark\n|move|p2b: Jeff|Dragon Claw|p1b: Basculegion\n|-damage|p1b: Basculegion|45/100\n|\n|upkeep\n|\n|t:|1776126491\n|switch|p1a: Chandelure|Chandelure, L50, M, shiny|100/100\n|turn|4\n|inactive|Lgo(blue) has 30 seconds left.\n|l|\u2606Lgo(blue)\n|inactive|Lgo(blue) disconnected and has a minute to reconnect!\n|player|p2|\n|inactive|Lgo(blue) has 20 seconds left.\n|inactive|Lgo(blue) has 15 seconds left.\n|j|\u2606Lgo(blue)\n|inactive|Lgo(blue) reconnected and has 15 seconds left.\n|player|p2|Lgo(blue)|blue|\n|inactive|Lgo(blue) has 10 seconds left.\n|\n|t:|1776126541\n|detailschange|p1a: Chandelure|Chandelure-Mega, L50, M, shiny\n|-mega|p1a: Chandelure|Chandelure|Chandelurite\n|move|p2a: Cotton|Light Screen|p2a: Cotton\n|-sidestart|p2: Lgo(blue)|move: Light Screen\n|move|p1b: Basculegion|Flip Turn|p2b: Jeff\n|-damage|p2b: Jeff|0 fnt\n|-damage|p1b: Basculegion|33/100|[from] ability: Rough Skin|[of] p2b: Jeff\n|faint|p2b: Jeff\n|\n|t:|1776126548\n|switch|p1b: Whimsicott|Whimsicott, L50, M, shiny|73/100|[from] Flip Turn\n|move|p1a: Chandelure|Heat Wave|p2a: Cotton\n|-supereffective|p2a: Cotton|1\n|-damage|p2a: Cotton|0 fnt\n|faint|p2a: Cotton\n|\n|-sideend|p2: Lgo(blue)|move: Tailwind\n|-sideend|p1: sergent saumon|move: Tailwind\n|upkeep\n|\n|t:|1776126567\n|switch|p2a: Lizy|Charizard, L50, M|100/100\n|switch|p2b: Venusaur|Venusaur, L50, F|100/100\n|turn|5\n|\n|t:|1776126586\n|detailschange|p2a: Lizy|Charizard-Mega-Y, L50, M\n|-mega|p2a: Lizy|Charizard|Charizardite Y\n|-weather|SunnyDay|[from] ability: Drought|[of] p2a: Lizy\n|move|p1b: Whimsicott|Tailwind|p1b: Whimsicott\n|-sidestart|p1: sergent saumon|move: Tailwind\n|move|p1a: Chandelure|Heat Wave|p2a: Lizy|[spread] p2a,p2b\n|-resisted|p2a: Lizy|1\n|-crit|p2a: Lizy\n|-supereffective|p2b: Venusaur|1\n|-damage|p2a: Lizy|45/100\n|-enditem|p2b: Venusaur|Focus Sash\n|-damage|p2b: Venusaur|1/100\n|move|p2b: Venusaur|Earth Power|p1a: Chandelure\n|-supereffective|p1a: Chandelure|1\n|-damage|p1a: Chandelure|40/100\n|move|p2a: Lizy|Weather Ball|p1b: Whimsicott\n|-supereffective|p1b: Whimsicott|1\n|-damage|p1b: Whimsicott|0 fnt\n|faint|p1b: Whimsicott\n|\n|-weather|SunnyDay|[upkeep]\n|upkeep\n|\n|t:|1776126602\n|switch|p1b: Basculegion|Basculegion, L50, M|33/100\n|turn|6\n|\n|t:|1776126620\n|move|p2b: Venusaur|Protect|p2b: Venusaur\n|-singleturn|p2b: Venusaur|Protect\n|move|p2a: Lizy|Protect|p2a: Lizy\n|-singleturn|p2a: Lizy|Protect\n|move|p1b: Basculegion|Last Respects|p2a: Lizy\n|-activate|p2a: Lizy|move: Protect\n|move|p1a: Chandelure|Shadow Ball|p2b: Venusaur\n|-activate|p2b: Venusaur|move: Protect\n|\n|-weather|SunnyDay|[upkeep]\n|upkeep\n|turn|7\n|\n|t:|1776126641\n|move|p1b: Basculegion|Last Respects|p2a: Lizy\n|-damage|p2a: Lizy|0 fnt\n|faint|p2a: Lizy\n|move|p1a: Chandelure|Shadow Ball|p2b: Venusaur\n|-damage|p2b: Venusaur|0 fnt\n|faint|p2b: Venusaur\n|\n|win|sergent saumon\n|raw|sergent saumon's rating: 1084 &rarr; <strong>1107</strong><br />(+23 for winning)\n|raw|Lgo(blue)'s rating: 1030 &rarr; <strong>1018</strong><br />(-12 for losing)\n",
  "uploadtime": 1776126649,
  "views": 26,
  "formatid": "gen9championsvgc2026regma",
  "rating": 1018,
  "private": 0,
  "password": null
}