{
  "id": "gen9championsvgc2026regma-2587251294",
  "format": "[Gen 9 Champions] VGC 2026 Reg M-A",
  "players": [
    "NathanaelW19",
    "daanvstw"
  ],
  "log": "|j|\u2606NathanaelW19\n|j|\u2606daanvstw\n|t:|1776514536\n|gametype|doubles\n|player|p1|NathanaelW19|dragontamer|1116\n|player|p2|daanvstw|n|1222\n|gen|9\n|tier|[Gen 9 Champions] VGC 2026 Reg M-A\n|rated|\n|rule|Species Clause: Limit one of each Pok\u00e9mon\n|rule|Item Clause: Limit 1 of each item\n|clearpoke\n|poke|p1|Pidgeot, L50, F, shiny|\n|poke|p1|Sylveon, L50, M, shiny|\n|poke|p1|Meowscarada, L50, M, shiny|\n|poke|p1|Milotic, L50, M, shiny|\n|poke|p1|Incineroar, L50, M, shiny|\n|poke|p1|Sneasler, L50, M, shiny|\n|poke|p2|Golurk, L50|\n|poke|p2|Farigiraf, L50, M|\n|poke|p2|Incineroar, L50, M|\n|poke|p2|Torkoal, L50, M|\n|poke|p2|Sneasler, L50, M|\n|poke|p2|Venusaur, L50, M|\n|teampreview|4\n|inactive|Battle timer is ON: inactive players will automatically lose when time's up. (requested by NathanaelW19)\n|inactive|daanvstw has 60 seconds left.\ndaanvstw rejected open team sheets.\n|\n|t:|1776514595\n|teamsize|p1|4\n|teamsize|p2|4\n|start\n|switch|p1a: Pidgeot|Pidgeot, L50, F, shiny|100/100\n|switch|p1b: Sneasler|Sneasler, L50, M, shiny|100/100\n|switch|p2a: Sneasler|Sneasler, L50, M|100/100\n|switch|p2b: Farigiraf|Farigiraf, L50, M|100/100\n|turn|1\n|inactive|daanvstw has 30 seconds left.\n|inactive|daanvstw has 20 seconds left.\n|inactive|daanvstw has 15 seconds left.\n|inactive|daanvstw has 10 seconds left.\n|\n|t:|1776514644\n|switch|p2a: Golurk|Golurk, L50|100/100\n|detailschange|p1a: Pidgeot|Pidgeot-Mega, L50, F, shiny\n|-mega|p1a: Pidgeot|Pidgeot|Pidgeotite\n|move|p1a: Pidgeot|Hurricane|p2a: Golurk\n|-damage|p2a: Golurk|31/100\n|move|p1b: Sneasler|Dire Claw|p2b: Farigiraf\n|-damage|p2b: Farigiraf|63/100\n|move|p2b: Farigiraf|Trick Room|p2b: Farigiraf\n|-fieldstart|move: Trick Room|[of] p2b: Farigiraf\n|\n|upkeep\n|turn|2\n|inactive|daanvstw has 30 seconds left.\n|\n|t:|1776514674\n|switch|p1b: Incineroar|Incineroar, L50, M, shiny|100/100\n|-ability|p1b: Incineroar|Intimidate|boost\n|-unboost|p2a: Golurk|atk|1\n|-unboost|p2b: Farigiraf|atk|1\n|switch|p1a: Milotic|Milotic, L50, M, shiny|100/100\n|detailschange|p2a: Golurk|Golurk-Mega, L50\n|-mega|p2a: Golurk|Golurk|Golurkite\n|move|p2b: Farigiraf|Psychic|p1b: Incineroar\n|-immune|p1b: Incineroar\n|move|p2a: Golurk|Ice Punch|p1a: Milotic\n|-resisted|p1a: Milotic|1\n|-damage|p1a: Milotic|90/100\n|\n|upkeep\n|turn|3\n|inactive|daanvstw has 30 seconds left.\n|inactive|daanvstw has 20 seconds left.\n|inactive|daanvstw has 15 seconds left.\n|inactive|daanvstw has 10 seconds left.\n|inactive|daanvstw has 5 seconds left.\n|\n|t:|1776514727\n|switch|p2b: Torkoal|Torkoal, L50, M|100/100\n|-weather|SunnyDay|[from] ability: Drought|[of] p2b: Torkoal\n|move|p2a: Golurk|Headlong Rush|p1b: Incineroar\n|-supereffective|p1b: Incineroar|1\n|-damage|p1b: Incineroar|17/100\n|-unboost|p2a: Golurk|def|1\n|-unboost|p2a: Golurk|spd|1\n|move|p1b: Incineroar|Darkest Lariat|p2b: Torkoal\n|-damage|p2b: Torkoal|73/100\n|move|p1a: Milotic|Life Dew|p1a: Milotic|[spread] p1a,p1b\n|-heal|p1a: Milotic|100/100\n|-heal|p1b: Incineroar|43/100\n|\n|-weather|SunnyDay|[upkeep]\n|upkeep\n|turn|4\n|inactive|daanvstw has 30 seconds left.\n|inactive|daanvstw has 20 seconds left.\n|inactive|daanvstw has 15 seconds left.\n|\n|t:|1776514768\n|move|p1a: Milotic|Protect|p1a: Milotic\n|-singleturn|p1a: Milotic|Protect\n|move|p2b: Torkoal|Eruption|p1a: Milotic|[spread] p1b\n|-activate|p1a: Milotic|move: Protect\n|-resisted|p1b: Incineroar|1\n|-damage|p1b: Incineroar|19/100\n|move|p2a: Golurk|Headlong Rush|p1b: Incineroar\n|-supereffective|p1b: Incineroar|1\n|-damage|p1b: Incineroar|0 fnt\n|-unboost|p2a: Golurk|def|1\n|-unboost|p2a: Golurk|spd|1\n|faint|p1b: Incineroar\n|\n|-weather|SunnyDay|[upkeep]\n|upkeep\n|\n|t:|1776514777\n|switch|p1b: Sneasler|Sneasler, L50, M, shiny|100/100\n|turn|5\n|\n|t:|1776514807\n|switch|p2b: Farigiraf|Farigiraf, L50, M|63/100\n|move|p1b: Sneasler|Protect|p1b: Sneasler\n|-singleturn|p1b: Sneasler|Protect\n|move|p2a: Golurk|Headlong Rush|p1b: Sneasler\n|-supereffective|p1b: Sneasler|1\n|-crit|p1b: Sneasler\n|-ability|p2a: Golurk|Unseen Fist\n|-zbroken|p1b: Sneasler\n|-damage|p1b: Sneasler|0 fnt\n|-unboost|p2a: Golurk|def|1\n|-unboost|p2a: Golurk|spd|1\n|faint|p1b: Sneasler\n|move|p1a: Milotic|Scald|p2a: Golurk\n|-supereffective|p2a: Golurk|1\n|-damage|p2a: Golurk|0 fnt\n|faint|p2a: Golurk\n|\n|-weather|SunnyDay|[upkeep]\n|-fieldend|move: Trick Room\n|upkeep\n|\n|t:|1776514825\n|switch|p1b: Pidgeot|Pidgeot-Mega, L50, F, shiny|100/100\n|switch|p2a: Sneasler|Sneasler, L50, M|100/100\n|turn|6\n|\n|t:|1776514842\n|move|p2a: Sneasler|Fake Out|p1b: Pidgeot\n|-damage|p1b: Pidgeot|82/100\n|cant|p1b: Pidgeot|flinch\n|move|p1a: Milotic|Icy Wind|p2b: Farigiraf|[spread] p2a,p2b\n|-damage|p2a: Sneasler|87/100\n|-damage|p2b: Farigiraf|54/100\n|-unboost|p2a: Sneasler|spe|1\n|-unboost|p2b: Farigiraf|spe|1\n|-enditem|p2a: Sneasler|White Herb\n|-clearnegativeboost|p2a: Sneasler|[silent]\n|move|p2b: Farigiraf|Trick Room|p2b: Farigiraf\n|-fieldstart|move: Trick Room|[of] p2b: Farigiraf\n|\n|-weather|SunnyDay|[upkeep]\n|upkeep\n|turn|7\n|inactive|daanvstw has 30 seconds left.\n|\n|t:|1776514876\n|move|p2b: Farigiraf|Hyper Voice|p1a: Milotic|[spread] p1a,p1b\n|-damage|p1a: Milotic|84/100\n|-damage|p1b: Pidgeot|44/100\n|move|p1a: Milotic|Scald|p2a: Sneasler\n|-damage|p2a: Sneasler|67/100\n|-status|p2a: Sneasler|brn\n|move|p1b: Pidgeot|Heat Wave|p2a: Sneasler|[spread] p2a,p2b\n|-damage|p2a: Sneasler|15/100 brn\n|-damage|p2b: Farigiraf|21/100\n|-enditem|p2b: Farigiraf|Sitrus Berry|[eat]\n|-heal|p2b: Farigiraf|46/100|[from] item: Sitrus Berry\n|move|p2a: Sneasler|Dire Claw|p1b: Pidgeot\n|-damage|p1b: Pidgeot|18/100\n|\n|-weather|none\n|-damage|p2a: Sneasler|9/100 brn|[from] brn\n|upkeep\n|turn|8\n|inactive|daanvstw has 30 seconds left.\n|\n|t:|1776514909\n|move|p1b: Pidgeot|Protect|p1b: Pidgeot\n|-singleturn|p1b: Pidgeot|Protect\n|move|p2b: Farigiraf|Hyper Voice|p1a: Milotic|[spread] p1a\n|-activate|p1b: Pidgeot|move: Protect\n|-damage|p1a: Milotic|66/100\n|move|p1a: Milotic|Life Dew|p1a: Milotic|[spread] p1a,p1b\n|-heal|p1a: Milotic|92/100\n|-heal|p1b: Pidgeot|43/100\n|move|p2a: Sneasler|Dire Claw|p1a: Milotic\n|-damage|p1a: Milotic|72/100\n|-status|p1a: Milotic|slp\n|\n|-damage|p2a: Sneasler|4/100 brn|[from] brn\n|upkeep\n|turn|9\n|inactive|NathanaelW19 has 30 seconds left.\n|inactive|daanvstw has 30 seconds left.\n|\n|t:|1776514938\n|switch|p2a: Torkoal|Torkoal, L50, M|73/100\n|-weather|SunnyDay|[from] ability: Drought|[of] p2a: Torkoal\n|move|p2b: Farigiraf|Psychic|p1b: Pidgeot\n|-damage|p1b: Pidgeot|0 fnt\n|faint|p1b: Pidgeot\n|cant|p1a: Milotic|slp\n|\n|-weather|SunnyDay|[upkeep]\n|upkeep\n|turn|10\n|\n|t:|1776514963\n|move|p2b: Farigiraf|Helping Hand|p2a: Torkoal\n|-singleturn|p2a: Torkoal|Helping Hand|[of] p2b: Farigiraf\n|-curestatus|p1a: Milotic|slp|[msg]\n|move|p1a: Milotic|Protect|p1a: Milotic\n|-singleturn|p1a: Milotic|Protect\n|move|p2a: Torkoal|Eruption|p1a: Milotic\n|-activate|p1a: Milotic|move: Protect\n|\n|-weather|SunnyDay|[upkeep]\n|-fieldend|move: Trick Room\n|upkeep\n|turn|11\n|inactive|daanvstw has 30 seconds left.\n|\n|t:|1776514990\n|move|p1a: Milotic|Scald|p2a: Torkoal\n|-supereffective|p2a: Torkoal|1\n|-damage|p2a: Torkoal|39/100\n|move|p2a: Torkoal|Eruption|p1a: Milotic\n|-resisted|p1a: Milotic|1\n|-damage|p1a: Milotic|58/100\n|move|p2b: Farigiraf|Trick Room|p2b: Farigiraf\n|-fieldstart|move: Trick Room|[of] p2b: Farigiraf\n|\n|-weather|SunnyDay|[upkeep]\n|upkeep\n|turn|12\n|\n|t:|1776515015\n|move|p2a: Torkoal|Protect|p2a: Torkoal\n|-singleturn|p2a: Torkoal|Protect\n|move|p2b: Farigiraf|Hyper Voice|p1a: Milotic\n|-damage|p1a: Milotic|33/100\n|-enditem|p1a: Milotic|Sitrus Berry|[eat]\n|-heal|p1a: Milotic|58/100|[from] item: Sitrus Berry\n|move|p1a: Milotic|Life Dew|p1a: Milotic\n|-heal|p1a: Milotic|83/100\n|\n|-weather|SunnyDay|[upkeep]\n|upkeep\n|turn|13\n|\n|t:|1776515036\n|move|p1a: Milotic|Protect|p1a: Milotic\n|-singleturn|p1a: Milotic|Protect\n|move|p2a: Torkoal|Weather Ball|p1a: Milotic\n|-activate|p1a: Milotic|move: Protect\n|move|p2b: Farigiraf|Hyper Voice|p1a: Milotic\n|-activate|p1a: Milotic|move: Protect\n|\n|-weather|none\n|upkeep\n|turn|14\n|inactive|daanvstw has 30 seconds left.\n|inactive|daanvstw has 20 seconds left.\n|\n|t:|1776515055\n|move|p2a: Torkoal|Heat Wave|p1a: Milotic\n|-resisted|p1a: Milotic|1\n|-damage|p1a: Milotic|68/100\n|move|p2b: Farigiraf|Hyper Voice|p1a: Milotic\n|-damage|p1a: Milotic|45/100\n|move|p1a: Milotic|Scald|p2b: Farigiraf\n|-damage|p2b: Farigiraf|18/100\n|\n|upkeep\n|turn|15\n|inactive|daanvstw has 20 seconds left this turn.\n|inactive|daanvstw has 15 seconds left.\n|inactive|daanvstw has 10 seconds left.\n|inactive|daanvstw has 5 seconds left.\n|-message|daanvstw lost due to inactivity.\n|\n|win|NathanaelW19\n|raw|NathanaelW19's rating: 1116 &rarr; <strong>1148</strong><br />(+32 for winning)\n|raw|daanvstw's rating: 1222 &rarr; <strong>1190</strong><br />(-32 for losing)\n|c|\u2606daanvstw|lol\n|c|\u2606daanvstw|gg\n",
  "uploadtime": 1776515085,
  "views": 14,
  "formatid": "gen9championsvgc2026regma",
  "rating": 1148,
  "private": 0,
  "password": null
}