{
  "id": "gen9championsvgc2026regma-2584397511",
  "format": "[Gen 9 Champions] VGC 2026 Reg M-A",
  "players": [
    "Zapdos79",
    "Fumpko"
  ],
  "log": "|j|\u2606Zapdos79\n|j|\u2606Fumpko\n|t:|1776257898\n|gametype|doubles\n|player|p1|Zapdos79|flannery|1170\n|player|p2|Fumpko|swimmer-gen4|1088\n|gen|9\n|tier|[Gen 9 Champions] VGC 2026 Reg M-A\n|rated|\n|rule|Species Clause: Limit one of each Pok\u00e9mon\n|rule|Item Clause: Limit 1 of each item\n|clearpoke\n|poke|p1|Tyranitar, L50, F|\n|poke|p1|Basculegion, L50, M|\n|poke|p1|Excadrill, L50, M|\n|poke|p1|Meganium, L50, F|\n|poke|p1|Farigiraf, L50, M|\n|poke|p1|Incineroar, L50, M|\n|poke|p2|Sneasler, L50, M|\n|poke|p2|Hydreigon, L50, F|\n|poke|p2|Goodra-Hisui, L50, M|\n|poke|p2|Victreebel, L50, F|\n|poke|p2|Glimmora, L50, M|\n|poke|p2|Aggron, L50, F|\n|teampreview|4\n|\n|t:|1776257950\n|teamsize|p1|4\n|teamsize|p2|4\n|start\n|switch|p1a: Tyranitar|Tyranitar, L50, F|100/100\n|switch|p1b: Excadrill|Excadrill, L50, M|100/100\n|switch|p2a: You Know My Name|Aggron, L50, F|100/100\n|switch|p2b: FurryFury|Sneasler, L50, M|100/100\n|-weather|Sandstorm|[from] ability: Sand Stream|[of] p1a: Tyranitar\n|turn|1\n|inactive|Battle timer is ON: inactive players will automatically lose when time's up. (requested by Zapdos79)\n|\n|t:|1776257970\n|detailschange|p2a: You Know My Name|Aggron-Mega, L50, F\n|-mega|p2a: You Know My Name|Aggron|Aggronite\n|move|p1b: Excadrill|Protect|p1b: Excadrill\n|-singleturn|p1b: Excadrill|Protect\n|move|p1a: Tyranitar|Protect|p1a: Tyranitar\n|-singleturn|p1a: Tyranitar|Protect\n|move|p2b: FurryFury|Fake Out|p1b: Excadrill\n|-activate|p1b: Excadrill|move: Protect\n|move|p2a: You Know My Name|Iron Defense|p2a: You Know My Name\n|-boost|p2a: You Know My Name|def|2\n|\n|-weather|Sandstorm|[upkeep]\n|-damage|p2b: FurryFury|95/100|[from] Sandstorm\n|upkeep\n|turn|2\n|inactive|Fumpko has 30 seconds left.\n|\n|t:|1776257997\n|switch|p1a: Meganium|Meganium, L50, F|100/100\n|move|p1b: Excadrill|High Horsepower|p2b: FurryFury\n|-supereffective|p2b: FurryFury|1\n|-damage|p2b: FurryFury|0 fnt\n|faint|p2b: FurryFury\n|move|p2a: You Know My Name|Body Press|p1b: Excadrill\n|-supereffective|p1b: Excadrill|1\n|-damage|p1b: Excadrill|0 fnt\n|faint|p1b: Excadrill\n|\n|-weather|Sandstorm|[upkeep]\n|-damage|p1a: Meganium|95/100|[from] Sandstorm\n|upkeep\n|\n|t:|1776258010\n|switch|p2b: Jim the Glimm|Glimmora, L50, M|100/100\n|switch|p1b: Incineroar|Incineroar, L50, M|100/100\n|-ability|p1b: Incineroar|Intimidate|boost\n|-unboost|p2a: You Know My Name|atk|1\n|-unboost|p2b: Jim the Glimm|atk|1\n|turn|3\n|\n|t:|1776258022\n|detailschange|p1a: Meganium|Meganium-Mega, L50, F\n|-mega|p1a: Meganium|Meganium|Meganiumite\n|move|p1b: Incineroar|Fake Out|p2b: Jim the Glimm\n|-resisted|p2b: Jim the Glimm|1\n|-damage|p2b: Jim the Glimm|93/100\n|-activate|p2b: Jim the Glimm|ability: Toxic Debris\n|-sidestart|p1: Zapdos79|move: Toxic Spikes\n|cant|p2b: Jim the Glimm|flinch\n|move|p1a: Meganium|Weather Ball|p2a: You Know My Name\n|-supereffective|p2a: You Know My Name|1\n|-damage|p2a: You Know My Name|29/100\n|move|p2a: You Know My Name|Iron Head|p1a: Meganium\n|-supereffective|p1a: Meganium|1\n|-damage|p1a: Meganium|45/100\n|\n|-weather|Sandstorm|[upkeep]\n|-damage|p1a: Meganium|39/100|[from] Sandstorm\n|-damage|p1b: Incineroar|95/100|[from] Sandstorm\n|upkeep\n|turn|4\n|\n|t:|1776258047\n|move|p1a: Meganium|Protect|p1a: Meganium\n|-singleturn|p1a: Meganium|Protect\n|move|p2b: Jim the Glimm|Stealth Rock|p1b: Incineroar\n|-sidestart|p1: Zapdos79|move: Stealth Rock\n|move|p1b: Incineroar|Parting Shot|p2b: Jim the Glimm\n|-unboost|p2b: Jim the Glimm|atk|1\n|-unboost|p2b: Jim the Glimm|spa|1\n|\n|t:|1776258053\n|switch|p1b: Tyranitar|Tyranitar, L50, F|100/100|[from] Parting Shot\n|-status|p1b: Tyranitar|psn\n|-damage|p1b: Tyranitar|88/100 psn|[from] Stealth Rock\n|move|p2a: You Know My Name|Earthquake|p1a: Meganium|[spread] p2b,p1b\n|-activate|p1a: Meganium|move: Protect\n|-supereffective|p2b: Jim the Glimm|2\n|-enditem|p2b: Jim the Glimm|Shuca Berry|[eat]\n|-enditem|p2b: Jim the Glimm|Shuca Berry|[weaken]\n|-supereffective|p1b: Tyranitar|1\n|-damage|p2b: Jim the Glimm|62/100\n|-damage|p1b: Tyranitar|59/100 psn\n|-activate|p2b: Jim the Glimm|ability: Toxic Debris\n|-sidestart|p1: Zapdos79|move: Toxic Spikes\n|\n|-weather|Sandstorm|[upkeep]\n|-damage|p1a: Meganium|34/100|[from] Sandstorm\n|-damage|p1b: Tyranitar|47/100 psn|[from] psn\n|upkeep\n|turn|5\n|inactive|Fumpko has 30 seconds left.\n|\n|t:|1776258080\n|switch|p2a: Ted Tom and Tim|Hydreigon, L50, F, shiny|100/100\n|move|p2b: Jim the Glimm|Spikes|p1a: Meganium\n|-sidestart|p1: Zapdos79|Spikes\n|move|p1a: Meganium|Weather Ball|p2a: Ted Tom and Tim\n|-resisted|p2a: Ted Tom and Tim|1\n|-damage|p2a: Ted Tom and Tim|64/100\n|move|p1b: Tyranitar|Knock Off|p2b: Jim the Glimm\n|-damage|p2b: Jim the Glimm|22/100\n|\n|-weather|none\n|-damage|p1b: Tyranitar|35/100 psn|[from] psn\n|upkeep\n|turn|6\n|\n|t:|1776258099\n|move|p2a: Ted Tom and Tim|Tailwind|p2a: Ted Tom and Tim\n|-sidestart|p2: Fumpko|move: Tailwind\n|move|p2b: Jim the Glimm|Toxic|p1a: Meganium\n|-status|p1a: Meganium|tox\n|move|p1a: Meganium|Dazzling Gleam|p2a: Ted Tom and Tim|[spread] p2a,p2b\n|-supereffective|p2a: Ted Tom and Tim|2\n|-resisted|p2b: Jim the Glimm|1\n|-damage|p2a: Ted Tom and Tim|0 fnt\n|-damage|p2b: Jim the Glimm|3/100\n|faint|p2a: Ted Tom and Tim\n|move|p1b: Tyranitar|Rock Slide|p2b: Jim the Glimm\n|-damage|p2b: Jim the Glimm|0 fnt\n|faint|p2b: Jim the Glimm\n|\n|-damage|p1a: Meganium|28/100 tox|[from] psn\n|-damage|p1b: Tyranitar|23/100 psn|[from] psn\n|upkeep\n|\n|t:|1776258116\n|switch|p2b: You Know My Name|Aggron-Mega, L50, F|29/100\n|turn|7\n|\n|t:|1776258132\n|move|p2b: You Know My Name|Earthquake|p1a: Meganium|[spread] p1a,p1b\n|-resisted|p1a: Meganium|1\n|-supereffective|p1b: Tyranitar|1\n|-damage|p1a: Meganium|16/100 tox\n|-damage|p1b: Tyranitar|0 fnt\n|faint|p1b: Tyranitar\n|move|p1a: Meganium|Weather Ball|p2b: You Know My Name\n|-supereffective|p2b: You Know My Name|1\n|-damage|p2b: You Know My Name|0 fnt\n|faint|p2b: You Know My Name\n|\n|win|Zapdos79\n|raw|Zapdos79's rating: 1170 &rarr; <strong>1189</strong><br />(+19 for winning)\n|raw|Fumpko's rating: 1088 &rarr; <strong>1070</strong><br />(-18 for losing)\n",
  "uploadtime": 1776258145,
  "views": 18,
  "formatid": "gen9championsvgc2026regma",
  "rating": 1070,
  "private": 0,
  "password": null
}