{
  "id": "gen9championsvgc2026regma-2582663403",
  "format": "[Gen 9 Champions] VGC 2026 Reg M-A",
  "players": [
    "Marcio Lira",
    "xcafqa"
  ],
  "log": "|j|\u2606Marcio Lira\n|j|\u2606xcafqa\n|t:|1776105779\n|gametype|doubles\n|player|p1|Marcio Lira|1|1202\n|player|p2|xcafqa|roxie|1110\n|gen|9\n|tier|[Gen 9 Champions] VGC 2026 Reg M-A\n|rated|\n|rule|Species Clause: Limit one of each Pok\u00e9mon\n|rule|Item Clause: Limit 1 of each item\n|clearpoke\n|poke|p1|Floette-Eternal, L50, F|\n|poke|p1|Sinistcha, L50|\n|poke|p1|Maushold, L50|\n|poke|p1|Talonflame, L50, F|\n|poke|p1|Garchomp, L50, F|\n|poke|p1|Tyranitar, L50, F|\n|poke|p2|Farigiraf, L50, F|\n|poke|p2|Raichu, L50, F|\n|poke|p2|Aegislash, L50, M|\n|poke|p2|Incineroar, L50, M|\n|poke|p2|Drampa, L50, M|\n|poke|p2|Slowking, L50, F|\n|teampreview|4\n|inactive|Battle timer is ON: inactive players will automatically lose when time's up. (requested by xcafqa)\n|\n|t:|1776105824\n|teamsize|p1|4\n|teamsize|p2|4\n|start\n|switch|p1a: Maushold|Maushold, L50|100/100\n|switch|p1b: Floette|Floette-Eternal, L50, F|100/100\n|switch|p2a: Aegislash|Aegislash, L50, M, shiny|100/100\n|switch|p2b: Farigiraf|Farigiraf, L50, F|100/100\n|turn|1\n|\n|t:|1776105849\n|detailschange|p1b: Floette|Floette-Mega, L50, F\n|-mega|p1b: Floette|Floette|Floettite\n|-ability|p1b: Floette|Fairy Aura\n|move|p1b: Floette|Protect|p1b: Floette\n|-singleturn|p1b: Floette|Protect\n|move|p1a: Maushold|Taunt|p2b: Farigiraf\n|-start|p2b: Farigiraf|move: Taunt\n|-formechange|p2a: Aegislash|Aegislash-Blade|\n|move|p2a: Aegislash|Flash Cannon|p1b: Floette\n|-activate|p1b: Floette|move: Protect\n|cant|p2b: Farigiraf|move: Taunt|Trick Room\n|\n|upkeep\n|turn|2\n|inactive|Marcio Lira has 30 seconds left.\n|\n|t:|1776105883\n|switch|p1b: Tyranitar|Tyranitar, L50, F|100/100\n|-weather|Sandstorm|[from] ability: Sand Stream|[of] p1b: Tyranitar\n|move|p1a: Maushold|Taunt|p2a: Aegislash\n|-start|p2a: Aegislash|move: Taunt\n|move|p2a: Aegislash|Flash Cannon|p1b: Tyranitar\n|-supereffective|p1b: Tyranitar|1\n|-damage|p1b: Tyranitar|62/100\n|move|p2b: Farigiraf|Psychic|p1b: Tyranitar\n|-immune|p1b: Tyranitar\n|\n|-weather|Sandstorm|[upkeep]\n|-damage|p1a: Maushold|94/100|[from] Sandstorm\n|-damage|p2b: Farigiraf|94/100|[from] Sandstorm\n|-heal|p2b: Farigiraf|100/100|[from] item: Leftovers\n|upkeep\n|turn|3\n|inactive|xcafqa has 30 seconds left.\n|\n|t:|1776105910\n|switch|p2a: Drampa|Drampa, L50, M|100/100\n|move|p1a: Maushold|Follow Me|p1a: Maushold\n|-singleturn|p1a: Maushold|move: Follow Me\n|move|p1b: Tyranitar|Crunch|p2a: Drampa\n|-damage|p2a: Drampa|54/100\n|move|p2b: Farigiraf|Energy Ball|p1a: Maushold\n|-damage|p1a: Maushold|68/100\n|\n|-weather|Sandstorm|[upkeep]\n|-damage|p1a: Maushold|62/100|[from] Sandstorm\n|-damage|p2b: Farigiraf|94/100|[from] Sandstorm\n|-damage|p2a: Drampa|48/100|[from] Sandstorm\n|-heal|p2b: Farigiraf|100/100|[from] item: Leftovers\n|-end|p2b: Farigiraf|move: Taunt\n|upkeep\n|turn|4\n|inactive|Marcio Lira has 30 seconds left.\n|inactive|xcafqa has 30 seconds left.\n|\n|t:|1776105938\n|detailschange|p2a: Drampa|Drampa-Mega, L50, M\n|-mega|p2a: Drampa|Drampa|Drampanite\n|move|p1a: Maushold|Taunt|p2b: Farigiraf\n|-start|p2b: Farigiraf|move: Taunt\n|move|p1b: Tyranitar|Dragon Dance|p1b: Tyranitar\n|-boost|p1b: Tyranitar|atk|1\n|-boost|p1b: Tyranitar|spe|1\n|move|p2b: Farigiraf|Energy Ball|p1b: Tyranitar\n|-supereffective|p1b: Tyranitar|1\n|-damage|p1b: Tyranitar|40/100\n|move|p2a: Drampa|Grass Knot|p1b: Tyranitar\n|-supereffective|p1b: Tyranitar|1\n|-damage|p1b: Tyranitar|0 fnt\n|faint|p1b: Tyranitar\n|\n|-weather|Sandstorm|[upkeep]\n|-damage|p1a: Maushold|56/100|[from] Sandstorm\n|-damage|p2b: Farigiraf|94/100|[from] Sandstorm\n|-damage|p2a: Drampa|43/100|[from] Sandstorm\n|-heal|p2b: Farigiraf|100/100|[from] item: Leftovers\n|upkeep\n|\n|t:|1776105953\n|switch|p1b: Floette|Floette-Mega, L50, F|100/100\n|-ability|p1b: Floette|Fairy Aura\n|turn|5\n|\n|t:|1776105976\n|switch|p1a: Garchomp|Garchomp, L50, F|100/100\n|move|p2a: Drampa|Protect|p2a: Drampa\n|-singleturn|p2a: Drampa|Protect\n|move|p1b: Floette|Calm Mind|p1b: Floette\n|-boost|p1b: Floette|spa|1\n|-boost|p1b: Floette|spd|1\n|move|p2b: Farigiraf|Psychic|p1a: Garchomp\n|-crit|p1a: Garchomp\n|-damage|p1a: Garchomp|46/100\n|\n|-weather|Sandstorm|[upkeep]\n|-damage|p1b: Floette|95/100|[from] Sandstorm\n|-damage|p2b: Farigiraf|94/100|[from] Sandstorm\n|-damage|p2a: Drampa|37/100|[from] Sandstorm\n|-heal|p2b: Farigiraf|100/100|[from] item: Leftovers\n|upkeep\n|turn|6\n|\n|t:|1776106000\n|switch|p2a: Aegislash|Aegislash, L50, M, shiny|100/100\n|move|p1a: Garchomp|Rock Slide|p2b: Farigiraf|[spread] p2a\n|-miss|p1a: Garchomp|p2b: Farigiraf\n|-resisted|p2a: Aegislash|1\n|-damage|p2a: Aegislash|93/100\n|move|p1b: Floette|Dazzling Gleam|p2b: Farigiraf|[spread] p2a,p2b\n|-resisted|p2a: Aegislash|1\n|-damage|p2a: Aegislash|67/100\n|-damage|p2b: Farigiraf|42/100\n|move|p2b: Farigiraf|Psychic|p1a: Garchomp\n|-damage|p1a: Garchomp|8/100\n|\n|-weather|none\n|-heal|p2b: Farigiraf|48/100|[from] item: Leftovers\n|-end|p2b: Farigiraf|move: Taunt\n|upkeep\n|turn|7\n|\n|t:|1776106019\n|move|p1b: Floette|Protect|p1b: Floette\n|-singleturn|p1b: Floette|Protect\n|move|p2a: Aegislash|Wide Guard|p2a: Aegislash\n|-singleturn|p2a: Aegislash|Wide Guard\n|move|p1a: Garchomp|Earthquake|p2a: Aegislash|[spread] \n|-activate|p2a: Aegislash|move: Wide Guard\n|-activate|p2b: Farigiraf|move: Wide Guard\n|-activate|p1b: Floette|move: Protect\n|move|p2b: Farigiraf|Trick Room|p2b: Farigiraf\n|-fieldstart|move: Trick Room|[of] p2b: Farigiraf\n|\n|-heal|p2b: Farigiraf|54/100|[from] item: Leftovers\n|upkeep\n|turn|8\n|\n|t:|1776106041\n|move|p2b: Farigiraf|Psychic|p1a: Garchomp\n|-damage|p1a: Garchomp|0 fnt\n|faint|p1a: Garchomp\n|-formechange|p2a: Aegislash|Aegislash-Blade|\n|move|p2a: Aegislash|Flash Cannon|p1b: Floette\n|-supereffective|p1b: Floette|1\n|-damage|p1b: Floette|51/100\n|move|p1b: Floette|Dazzling Gleam|p2a: Aegislash|[spread] p2a,p2b\n|-resisted|p2a: Aegislash|1\n|-damage|p2a: Aegislash|13/100\n|-damage|p2b: Farigiraf|0 fnt\n|faint|p2b: Farigiraf\n|\n|upkeep\n|\n|t:|1776106056\n|switch|p2b: Raichu|Raichu, L50, F|100/100\n|switch|p1a: Maushold|Maushold, L50|56/100\n|turn|9\n|\n|t:|1776106070\n|move|p2b: Raichu|Fake Out|p1b: Floette\n|-damage|p1b: Floette|44/100\n|move|p1a: Maushold|Follow Me|p1a: Maushold\n|-singleturn|p1a: Maushold|move: Follow Me\n|move|p2a: Aegislash|Flash Cannon|p1a: Maushold\n|-damage|p1a: Maushold|3/100\n|cant|p1b: Floette|flinch\n|\n|upkeep\n|turn|10\n|\n|t:|1776106083\n|move|p2a: Aegislash|Wide Guard|p2a: Aegislash\n|-singleturn|p2a: Aegislash|Wide Guard\n|move|p1a: Maushold|Follow Me|p1a: Maushold\n|-singleturn|p1a: Maushold|move: Follow Me\n|move|p2b: Raichu|Thunderbolt|p1a: Maushold\n|-damage|p1a: Maushold|0 fnt\n|faint|p1a: Maushold\n|move|p1b: Floette|Dazzling Gleam|p2b: Raichu|[spread] \n|-activate|p2a: Aegislash|move: Wide Guard\n|-activate|p2b: Raichu|move: Wide Guard\n|\n|upkeep\n|turn|11\n|c|\u2606Marcio Lira|GG\n|\n|t:|1776106098\n|move|p1b: Floette|Protect|p1b: Floette\n|-singleturn|p1b: Floette|Protect\n|move|p2a: Aegislash|Flash Cannon|p1b: Floette\n|-activate|p1b: Floette|move: Protect\n|move|p2b: Raichu|Thunderbolt|p1b: Floette\n|-activate|p1b: Floette|move: Protect\n|\n|-fieldend|move: Trick Room\n|upkeep\n|turn|12\n|inactive|Marcio Lira has 30 seconds left.\n|\n|t:|1776106128\n|move|p2a: Aegislash|Wide Guard|p2a: Aegislash\n|-singleturn|p2a: Aegislash|Wide Guard\n|move|p1b: Floette|Moonblast|p2b: Raichu\n|-damage|p2b: Raichu|0 fnt\n|faint|p2b: Raichu\n|\n|upkeep\n|\n|t:|1776106137\n|switch|p2b: Drampa|Drampa-Mega, L50, M|37/100\n|turn|13\n|\n|t:|1776106147\n|move|p1b: Floette|Protect|p1b: Floette\n|-singleturn|p1b: Floette|Protect\n|move|p2a: Aegislash|Wide Guard|p2a: Aegislash\n|-singleturn|p2a: Aegislash|Wide Guard\n|move|p2b: Drampa|Flamethrower|p1b: Floette\n|-activate|p1b: Floette|move: Protect\n|\n|upkeep\n|turn|14\n|\n|t:|1776106164\n|move|p2a: Aegislash|Wide Guard|p2a: Aegislash\n|-singleturn|p2a: Aegislash|Wide Guard\n|move|p1b: Floette|Moonblast|p2a: Aegislash\n|-resisted|p2a: Aegislash|1\n|-damage|p2a: Aegislash|0 fnt\n|faint|p2a: Aegislash\n|move|p2b: Drampa|Flamethrower|p1b: Floette\n|-damage|p1b: Floette|25/100\n|\n|upkeep\n|turn|15\n|\n|t:|1776106175\n|move|p2b: Drampa|Protect|p2b: Drampa\n|-singleturn|p2b: Drampa|Protect\n|move|p1b: Floette|Moonblast|p2b: Drampa\n|-activate|p2b: Drampa|move: Protect\n|\n|upkeep\n|turn|16\n|\n|t:|1776106183\n|move|p1b: Floette|Moonblast|p2b: Drampa\n|-supereffective|p2b: Drampa|1\n|-damage|p2b: Drampa|0 fnt\n|faint|p2b: Drampa\n|\n|win|Marcio Lira\n|raw|Marcio Lira's rating: 1202 &rarr; <strong>1221</strong><br />(+19 for winning)\n|raw|xcafqa's rating: 1110 &rarr; <strong>1091</strong><br />(-19 for losing)\n|l|\u2606xcafqa\n|player|p2|\n",
  "uploadtime": 1776106195,
  "views": 22,
  "formatid": "gen9championsvgc2026regma",
  "rating": 1091,
  "private": 0,
  "password": null
}