{
  "id": "gen9championsvgc2026regma-2581166396",
  "format": "[Gen 9 Champions] VGC 2026 Reg M-A",
  "players": [
    "jkannon",
    "Phatedfool"
  ],
  "log": "|j|\u2606jkannon\n|j|\u2606Phatedfool\n|t:|1775966350\n|gametype|doubles\n|player|p1|jkannon|psychic-gen4|1173\n|player|p2|Phatedfool|265|1258\n|gen|9\n|tier|[Gen 9 Champions] VGC 2026 Reg M-A\n|rated|\n|rule|Species Clause: Limit one of each Pok\u00e9mon\n|rule|Item Clause: Limit 1 of each item\n|clearpoke\n|poke|p1|Charizard, L50, M|\n|poke|p1|Venusaur, L50, M|\n|poke|p1|Rotom-Wash, L50|\n|poke|p1|Sneasler, L50, F|\n|poke|p1|Garchomp, L50, F|\n|poke|p1|Incineroar, L50, M|\n|poke|p2|Kingambit, L50, F|\n|poke|p2|Glimmora, L50, F|\n|poke|p2|Sinistcha, L50|\n|poke|p2|Charizard, L50, M|\n|poke|p2|Incineroar, L50, M|\n|poke|p2|Volcarona, L50, F|\n|teampreview|4\n|inactive|Battle timer is ON: inactive players will automatically lose when time's up. (requested by jkannon)\njkannon rejected open team sheets.\n|inactive|Phatedfool has 60 seconds left.\n|\n|t:|1775966387\n|teamsize|p1|4\n|teamsize|p2|4\n|start\n|switch|p1a: Sneasler|Sneasler, L50, F|100/100\n|switch|p1b: Garchomp|Garchomp, L50, F|100/100\n|switch|p2a: Glimmora|Glimmora, L50, F, shiny|100/100\n|switch|p2b: Incineroar|Incineroar, L50, M|100/100\n|-ability|p2b: Incineroar|Intimidate|boost\n|-unboost|p1a: Sneasler|atk|1\n|-unboost|p1b: Garchomp|atk|1\n|-enditem|p1a: Sneasler|White Herb\n|-clearnegativeboost|p1a: Sneasler|[silent]\n|turn|1\n|inactive|jkannon has 30 seconds left.\n|\n|t:|1775966413\n|switch|p1a: Rotom|Rotom-Wash, L50, shiny|100/100\n|move|p2b: Incineroar|Fake Out|p1b: Garchomp\n|-damage|p1b: Garchomp|90/100\n|-damage|p2b: Incineroar|88/100|[from] ability: Rough Skin|[of] p1b: Garchomp\n|cant|p1b: Garchomp|flinch\n|move|p2a: Glimmora|Stealth Rock|p1b: Garchomp\n|-sidestart|p1: jkannon|move: Stealth Rock\n|\n|upkeep\n|turn|2\n|\n|t:|1775966432\n|move|p1b: Garchomp|Earthquake|p2b: Incineroar|[spread] p2a,p2b\n|-immune|p1a: Rotom|[from] ability: Levitate\n|-supereffective|p2a: Glimmora|2\n|-supereffective|p2b: Incineroar|1\n|-enditem|p2a: Glimmora|Focus Sash\n|-damage|p2a: Glimmora|1/100\n|-damage|p2b: Incineroar|41/100\n|-enditem|p2b: Incineroar|Sitrus Berry|[eat]\n|-heal|p2b: Incineroar|65/100|[from] item: Sitrus Berry\n|move|p2a: Glimmora|Toxic|p1b: Garchomp\n|-status|p1b: Garchomp|tox\n|move|p1a: Rotom|Hydro Pump|p2b: Incineroar|[miss]\n|-miss|p1a: Rotom|p2b: Incineroar\n|move|p2b: Incineroar|Parting Shot|p1a: Rotom\n|-unboost|p1a: Rotom|atk|1\n|-unboost|p1a: Rotom|spa|1\n|\n|t:|1775966448\n|switch|p2b: Charizard|Charizard, L50, M|100/100|[from] Parting Shot\n|\n|-damage|p1b: Garchomp|84/100 tox|[from] psn\n|upkeep\n|turn|3\n|\n|t:|1775966455\n|switch|p1b: Charizard|Charizard, L50, M|100/100\n|-damage|p1b: Charizard|50/100|[from] Stealth Rock\n|switch|p2a: Incineroar|Incineroar, L50, M|65/100\n|-ability|p2a: Incineroar|Intimidate|boost\n|-unboost|p1a: Rotom|atk|1\n|-unboost|p1b: Charizard|atk|1\n|detailschange|p2b: Charizard|Charizard-Mega-Y, L50, M\n|-mega|p2b: Charizard|Charizard|Charizardite Y\n|-weather|SunnyDay|[from] ability: Drought|[of] p2b: Charizard\n|move|p2b: Charizard|Solar Beam||[still]\n|-prepare|p2b: Charizard|Solar Beam\n|-anim|p2b: Charizard|Solar Beam|p1a: Rotom\n|-supereffective|p1a: Rotom|1\n|-damage|p1a: Rotom|0 fnt\n|faint|p1a: Rotom\n|\n|-weather|SunnyDay|[upkeep]\n|-damage|p1b: Charizard|38/100|[from] ability: Solar Power|[of] p1b: Charizard\n|upkeep\n|\n|t:|1775966468\n|switch|p1a: Garchomp|Garchomp, L50, F|84/100 tox\n|-damage|p1a: Garchomp|78/100 tox|[from] Stealth Rock\n|turn|4\n|\n|t:|1775966477\n|detailschange|p1b: Charizard|Charizard-Mega-Y, L50, M\n|-mega|p1b: Charizard|Charizard|Charizardite Y\n|move|p2a: Incineroar|Fake Out|p1a: Garchomp\n|-damage|p1a: Garchomp|67/100 tox\n|-damage|p2a: Incineroar|53/100|[from] ability: Rough Skin|[of] p1a: Garchomp\n|cant|p1a: Garchomp|flinch\n|move|p1b: Charizard|Weather Ball|p2b: Charizard\n|-resisted|p2b: Charizard|1\n|-damage|p2b: Charizard|57/100\n|move|p2b: Charizard|Heat Wave|p1b: Charizard|[spread] p1a,p1b\n|-resisted|p1a: Garchomp|1\n|-resisted|p1b: Charizard|1\n|-damage|p1a: Garchomp|29/100 tox\n|-damage|p1b: Charizard|7/100\n|\n|-weather|SunnyDay|[upkeep]\n|-damage|p1a: Garchomp|23/100 tox|[from] psn\n|upkeep\n|turn|5\n|inactive|Phatedfool has 30 seconds left.\n|\n|t:|1775966502\n|switch|p2a: Glimmora|Glimmora, L50, F, shiny|1/100\n|move|p2b: Charizard|Protect|p2b: Charizard\n|-singleturn|p2b: Charizard|Protect\n|move|p1a: Garchomp|Rock Slide|p2a: Glimmora|[spread] p2a\n|-activate|p2b: Charizard|move: Protect\n|-damage|p2a: Glimmora|0 fnt\n|faint|p2a: Glimmora\n|move|p1b: Charizard|Heat Wave|p2b: Charizard\n|-activate|p2b: Charizard|move: Protect\n|\n|-weather|SunnyDay|[upkeep]\n|-damage|p1a: Garchomp|11/100 tox|[from] psn\n|upkeep\n|\n|t:|1775966513\n|switch|p2a: Incineroar|Incineroar, L50, M|53/100\n|-ability|p2a: Incineroar|Intimidate|boost\n|-unboost|p1a: Garchomp|atk|1\n|-unboost|p1b: Charizard|atk|1\n|turn|6\n|c|\u2606jkannon|fucking dork\n|-message|jkannon forfeited.\n|\n|win|Phatedfool\n",
  "uploadtime": 1775966521,
  "views": 14,
  "formatid": "gen9championsvgc2026regma",
  "rating": null,
  "private": 0,
  "password": null
}