{
  "id": "gen9championsvgc2026regma-2585035375",
  "format": "[Gen 9 Champions] VGC 2026 Reg M-A",
  "players": [
    "OrcaAreCool",
    "EXSA"
  ],
  "log": "|j|\u2606OrcaAreCool\n|j|\u2606EXSA\n|t:|1776305393\n|gametype|doubles\n|player|p1|OrcaAreCool|cynthia|1125\n|player|p2|EXSA|102|1221\n|gen|9\n|tier|[Gen 9 Champions] VGC 2026 Reg M-A\n|rated|\n|rule|Species Clause: Limit one of each Pok\u00e9mon\n|rule|Item Clause: Limit 1 of each item\n|clearpoke\n|poke|p1|Floette-Eternal, L50, F|\n|poke|p1|Incineroar, L50, F|\n|poke|p1|Gyarados, L50, F|\n|poke|p1|Corviknight, L50, F|\n|poke|p1|Froslass, L50, F|\n|poke|p1|Ninetales-Alola, L50, F|\n|poke|p2|Orthworm, L50, M|\n|poke|p2|Talonflame, L50, F|\n|poke|p2|Garchomp, L50, F|\n|poke|p2|Tyranitar, L50, M|\n|poke|p2|Rotom-Wash, L50|\n|poke|p2|Sinistcha, L50|\n|teampreview|4\n|inactive|Battle timer is ON: inactive players will automatically lose when time's up. (requested by OrcaAreCool)\n|inactive|OrcaAreCool has 60 seconds left.\n|\n|t:|1776305432\n|teamsize|p1|4\n|teamsize|p2|4\n|start\n|switch|p1a: Corviknight|Corviknight, L50, F, shiny|100/100\n|switch|p1b: Incineroar|Incineroar, L50, F, shiny|100/100\n|switch|p2a: Rotom|Rotom-Wash, L50, shiny|100/100\n|switch|p2b: Orthworm|Orthworm, L50, M, shiny|100/100\n|-ability|p1b: Incineroar|Intimidate|boost\n|-unboost|p2a: Rotom|atk|1\n|-unboost|p2b: Orthworm|atk|1\n|turn|1\n|\n|t:|1776305452\n|switch|p2b: Tyranitar|Tyranitar, L50, M|100/100\n|-weather|Sandstorm|[from] ability: Sand Stream|[of] p2b: Tyranitar\n|move|p1b: Incineroar|Fake Out|p2a: Rotom\n|-damage|p2a: Rotom|89/100\n|cant|p2a: Rotom|flinch\n|move|p1a: Corviknight|Bulk Up|p1a: Corviknight\n|-boost|p1a: Corviknight|atk|1\n|-boost|p1a: Corviknight|def|1\n|\n|-weather|Sandstorm|[upkeep]\n|-damage|p2a: Rotom|83/100|[from] Sandstorm\n|-damage|p1b: Incineroar|95/100|[from] Sandstorm\n|upkeep\n|turn|2\n|inactive|EXSA has 30 seconds left.\n|\n|t:|1776305478\n|move|p2a: Rotom|Volt Switch|p1a: Corviknight\n|-supereffective|p1a: Corviknight|1\n|-damage|p1a: Corviknight|39/100\n|\n|t:|1776305487\n|switch|p2a: Garchomp|Garchomp, L50, F|100/100|[from] Volt Switch\n|move|p1a: Corviknight|Body Press|p2a: Garchomp\n|-damage|p2a: Garchomp|70/100\n|-damage|p1a: Corviknight|27/100|[from] ability: Rough Skin|[of] p2a: Garchomp\n|move|p2b: Tyranitar|Low Kick|p1b: Incineroar\n|-supereffective|p1b: Incineroar|1\n|-damage|p1b: Incineroar|45/100\n|-enditem|p1b: Incineroar|Sitrus Berry|[eat]\n|-heal|p1b: Incineroar|70/100|[from] item: Sitrus Berry\n|move|p1b: Incineroar|Parting Shot|p2a: Garchomp\n|-unboost|p2a: Garchomp|atk|1\n|-unboost|p2a: Garchomp|spa|1\n|\n|t:|1776305496\n|switch|p1b: Ninetales|Ninetales-Alola, L50, F, shiny|100/100|[from] Parting Shot\n|-weather|Snowscape|[from] ability: Snow Warning|[of] p1b: Ninetales\n|\n|-weather|Snowscape|[upkeep]\n|upkeep\n|turn|3\n|\n|t:|1776305512\n|switch|p2a: Rotom|Rotom-Wash, L50, shiny|83/100\n|detailschange|p2b: Tyranitar|Tyranitar-Mega, L50, M\n|-mega|p2b: Tyranitar|Tyranitar|Tyranitarite\n|-weather|Sandstorm|[from] ability: Sand Stream|[of] p2b: Tyranitar\n|move|p1b: Ninetales|Blizzard|p2a: Rotom|[spread] p2a,p2b\n|-resisted|p2a: Rotom|1\n|-damage|p2a: Rotom|66/100\n|-damage|p2b: Tyranitar|87/100\n|move|p2b: Tyranitar|Rock Slide|p1a: Corviknight|[spread] p1a,p1b\n|-supereffective|p1b: Ninetales|1\n|-damage|p1a: Corviknight|8/100\n|-enditem|p1b: Ninetales|Focus Sash\n|-damage|p1b: Ninetales|1/100\n|move|p1a: Corviknight|Roost|p1a: Corviknight\n|-heal|p1a: Corviknight|58/100\n|-singleturn|p1a: Corviknight|move: Roost\n|\n|-weather|Sandstorm|[upkeep]\n|-damage|p1b: Ninetales|0 fnt|[from] Sandstorm\n|-damage|p2a: Rotom|60/100|[from] Sandstorm\n|faint|p1b: Ninetales\n|upkeep\n|\n|t:|1776305523\n|switch|p1b: Froslass|Froslass, L50, F, shiny|100/100\n|turn|4\n|\n|t:|1776305541\n|switch|p1a: Incineroar|Incineroar, L50, F, shiny|70/100\n|-ability|p1a: Incineroar|Intimidate|boost\n|-unboost|p2a: Rotom|atk|1\n|-unboost|p2b: Tyranitar|atk|1\n|switch|p2b: Orthworm|Orthworm, L50, M, shiny|100/100\n|detailschange|p1b: Froslass|Froslass-Mega, L50, F, shiny\n|-mega|p1b: Froslass|Froslass|Froslassite\n|-weather|Snowscape|[from] ability: Snow Warning|[of] p1b: Froslass\n|move|p1b: Froslass|Blizzard|p2b: Orthworm|[spread] p2a,p2b\n|-resisted|p2a: Rotom|1\n|-resisted|p2b: Orthworm|1\n|-damage|p2a: Rotom|37/100\n|-damage|p2b: Orthworm|64/100\n|move|p2a: Rotom|Electroweb|p1a: Incineroar|[spread] p1a,p1b\n|-damage|p1a: Incineroar|48/100\n|-damage|p1b: Froslass|73/100\n|-unboost|p1a: Incineroar|spe|1\n|-unboost|p1b: Froslass|spe|1\n|\n|-weather|Snowscape|[upkeep]\n|-heal|p2b: Orthworm|70/100|[from] item: Leftovers\n|upkeep\n|turn|5\n|inactive|EXSA has 30 seconds left.\n|inactive|EXSA has 20 seconds left.\n|\n|t:|1776305577\n|switch|p1b: Corviknight|Corviknight, L50, F, shiny|58/100\n|move|p2b: Orthworm|Protect|p2b: Orthworm\n|-singleturn|p2b: Orthworm|Protect\n|move|p2a: Rotom|Electroweb|p1b: Corviknight|[spread] p1a,p1b\n|-supereffective|p1b: Corviknight|1\n|-damage|p1a: Incineroar|28/100\n|-damage|p1b: Corviknight|23/100\n|-unboost|p1a: Incineroar|spe|1\n|-ability|p1b: Corviknight|Mirror Armor\n|-unboost|p2a: Rotom|spe|1\n|move|p1a: Incineroar|Parting Shot|p2a: Rotom\n|-unboost|p2a: Rotom|atk|1\n|-unboost|p2a: Rotom|spa|1\n|\n|t:|1776305585\n|switch|p1a: Froslass|Froslass-Mega, L50, F, shiny|73/100|[from] Parting Shot\n|\n|-weather|Snowscape|[upkeep]\n|-heal|p2b: Orthworm|76/100|[from] item: Leftovers\n|upkeep\n|turn|6\n|\n|t:|1776305599\n|move|p1a: Froslass|Shadow Ball|p2a: Rotom\n|-damage|p2a: Rotom|0 fnt\n|faint|p2a: Rotom\n|move|p1b: Corviknight|Roost|p1b: Corviknight\n|-heal|p1b: Corviknight|73/100\n|-singleturn|p1b: Corviknight|move: Roost\n|move|p2b: Orthworm|Heavy Slam|p1a: Froslass\n|-supereffective|p1a: Froslass|1\n|-damage|p1a: Froslass|0 fnt\n|faint|p1a: Froslass\n|\n|-weather|Snowscape|[upkeep]\n|-heal|p2b: Orthworm|82/100|[from] item: Leftovers\n|upkeep\n|\n|t:|1776305608\n|switch|p1a: Incineroar|Incineroar, L50, F, shiny|28/100\n|switch|p2a: Garchomp|Garchomp, L50, F|70/100\n|-ability|p1a: Incineroar|Intimidate|boost\n|-unboost|p2a: Garchomp|atk|1\n|-unboost|p2b: Orthworm|atk|1\n|turn|7\n|\n|t:|1776305621\n|move|p2a: Garchomp|Protect|p2a: Garchomp\n|-singleturn|p2a: Garchomp|Protect\n|move|p1a: Incineroar|Fake Out|p2a: Garchomp\n|-activate|p2a: Garchomp|move: Protect\n|move|p1b: Corviknight|Bulk Up|p1b: Corviknight\n|-boost|p1b: Corviknight|atk|1\n|-boost|p1b: Corviknight|def|1\n|move|p2b: Orthworm|Body Press|p1b: Corviknight\n|-damage|p1b: Corviknight|56/100\n|\n|-weather|Snowscape|[upkeep]\n|-heal|p2b: Orthworm|89/100|[from] item: Leftovers\n|upkeep\n|turn|8\n|\n|t:|1776305634\n|move|p2a: Garchomp|Earthquake|p1a: Incineroar|[spread] p1a\n|-heal|p2b: Orthworm|100/100|[from] ability: Earth Eater|[of] p2a: Garchomp\n|-immune|p1b: Corviknight\n|-supereffective|p1a: Incineroar|1\n|-damage|p1a: Incineroar|0 fnt\n|faint|p1a: Incineroar\n|move|p1b: Corviknight|Roost|p1b: Corviknight\n|-heal|p1b: Corviknight|100/100\n|-singleturn|p1b: Corviknight|move: Roost\n|move|p2b: Orthworm|Shed Tail|p2b: Orthworm\n|-start|p2b: Orthworm|Substitute|[from] move: Shed Tail\n|-damage|p2b: Orthworm|50/100\n|\n|t:|1776305644\n|switch|p2b: Tyranitar|Tyranitar-Mega, L50, M|87/100|[from] Shed Tail\n|-weather|Sandstorm|[from] ability: Sand Stream|[of] p2b: Tyranitar\n|\n|-weather|Sandstorm|[upkeep]\n|upkeep\n|turn|9\n|\n|t:|1776305653\n|switch|p2a: Orthworm|Orthworm, L50, M, shiny|50/100\n|move|p2b: Tyranitar|Knock Off|p1b: Corviknight\n|-damage|p1b: Corviknight|68/100\n|-enditem|p1b: Corviknight|Mental Herb|[from] move: Knock Off|[of] p2b: Tyranitar\n|move|p1b: Corviknight|Bulk Up|p1b: Corviknight\n|-boost|p1b: Corviknight|atk|1\n|-boost|p1b: Corviknight|def|1\n|\n|-weather|Sandstorm|[upkeep]\n|-heal|p2a: Orthworm|56/100|[from] item: Leftovers\n|upkeep\n|turn|10\n|\n|t:|1776305664\n|move|p2a: Orthworm|Protect|p2a: Orthworm\n|-singleturn|p2a: Orthworm|Protect\n|move|p1b: Corviknight|Body Press|p2a: Orthworm\n|-activate|p2a: Orthworm|move: Protect\n|move|p2b: Tyranitar|Rock Slide|p1b: Corviknight\n|-damage|p1b: Corviknight|47/100\n|\n|-weather|Sandstorm|[upkeep]\n|-heal|p2a: Orthworm|63/100|[from] item: Leftovers\n|upkeep\n|turn|11\n|\n|t:|1776305678\n|move|p2b: Tyranitar|Low Kick|p1b: Corviknight\n|-damage|p1b: Corviknight|33/100\n|move|p1b: Corviknight|Roost|p1b: Corviknight\n|-heal|p1b: Corviknight|83/100\n|-singleturn|p1b: Corviknight|move: Roost\n|move|p2a: Orthworm|Body Press|p1b: Corviknight\n|-supereffective|p1b: Corviknight|1\n|-crit|p1b: Corviknight\n|-damage|p1b: Corviknight|0 fnt\n|faint|p1b: Corviknight\n|\n|win|EXSA\n|raw|OrcaAreCool's rating: 1125 &rarr; <strong>1107</strong><br />(-18 for losing)\n|raw|EXSA's rating: 1221 &rarr; <strong>1239</strong><br />(+18 for winning)\n|c|\u2606OrcaAreCool|nice\n|c|\u2606OrcaAreCool|stupid ass game\n|l|\u2606OrcaAreCool\n|player|p1|\n",
  "uploadtime": 1776305690,
  "views": 25,
  "formatid": "gen9championsvgc2026regma",
  "rating": 1107,
  "private": 0,
  "password": null
}