{
  "id": "gen9championsvgc2026regma-2586723523",
  "format": "[Gen 9 Champions] VGC 2026 Reg M-A",
  "players": [
    "buh cat vgc",
    "BossgodoraII"
  ],
  "log": "|j|\u2606buh cat vgc\n|j|\u2606BossgodoraII\n|t:|1776454931\n|gametype|doubles\n|player|p1|buh cat vgc|170|1475\n|player|p2|BossgodoraII|gentleman-gen4|1465\n|gen|9\n|tier|[Gen 9 Champions] VGC 2026 Reg M-A\n|rated|\n|rule|Species Clause: Limit one of each Pok\u00e9mon\n|rule|Item Clause: Limit 1 of each item\n|clearpoke\n|poke|p1|Floette-Eternal, L50, F|\n|poke|p1|Incineroar, L50, F|\n|poke|p1|Sinistcha, L50|\n|poke|p1|Maushold, L50|\n|poke|p1|Talonflame, L50, F|\n|poke|p1|Garchomp, L50, M|\n|poke|p2|Delphox, L50, F|\n|poke|p2|Floette-Eternal, L50, F|\n|poke|p2|Sneasler, L50, F|\n|poke|p2|Aerodactyl, L50, F|\n|poke|p2|Garchomp, L50, F|\n|poke|p2|Kingambit, L50, F|\n|teampreview|4\nBossgodoraII rejected open team sheets.\n|inactive|Battle timer is ON: inactive players will automatically lose when time's up. (requested by BossgodoraII)\n|inactive|buh cat vgc has 60 seconds left.\n|\n|t:|1776454980\n|teamsize|p1|4\n|teamsize|p2|4\n|start\n|switch|p1a: Sinistcha|Sinistcha, L50|100/100\n|switch|p1b: Floette|Floette-Eternal, L50, F|100/100\n|switch|p2a: Sneasler|Sneasler, L50, F|100/100\n|switch|p2b: Aerodactyl|Aerodactyl, L50, F|100/100\n|-ability|p2b: Aerodactyl|Unnerve\n|turn|1\n|\n|t:|1776455000\n|switch|p2b: Kingambit|Kingambit, L50, F|100/100\n|detailschange|p1b: Floette|Floette-Mega, L50, F\n|-mega|p1b: Floette|Floette|Floettite\n|-ability|p1b: Floette|Fairy Aura\n|move|p1a: Sinistcha|Rage Powder|p1a: Sinistcha\n|-singleturn|p1a: Sinistcha|move: Rage Powder\n|move|p2a: Sneasler|Dire Claw|p1a: Sinistcha\n|-damage|p1a: Sinistcha|65/100\n|-status|p1a: Sinistcha|psn\n|move|p1b: Floette|Dazzling Gleam|p2a: Sneasler|[spread] p2a,p2b\n|-damage|p2a: Sneasler|42/100\n|-damage|p2b: Kingambit|59/100\n|\n|-damage|p1a: Sinistcha|53/100 psn|[from] psn\n|upkeep\n|turn|2\n|\n|t:|1776455012\n|move|p2a: Sneasler|Protect|p2a: Sneasler\n|-singleturn|p2a: Sneasler|Protect\n|move|p1a: Sinistcha|Rage Powder|p1a: Sinistcha\n|-singleturn|p1a: Sinistcha|move: Rage Powder\n|move|p1b: Floette|Calm Mind|p1b: Floette\n|-boost|p1b: Floette|spa|1\n|-boost|p1b: Floette|spd|1\n|move|p2b: Kingambit|Kowtow Cleave|p1a: Sinistcha\n|-supereffective|p1a: Sinistcha|1\n|-damage|p1a: Sinistcha|0 fnt\n|faint|p1a: Sinistcha\n|\n|upkeep\n|\n|t:|1776455019\n|switch|p1a: Maushold|Maushold, L50|100/100\n|turn|3\n|inactiveoff|Battle timer is now OFF.\n|inactive|Battle timer is ON: inactive players will automatically lose when time's up. (requested by buh cat vgc)\n|\n|t:|1776455081\n|move|p2b: Kingambit|Protect|p2b: Kingambit\n|-singleturn|p2b: Kingambit|Protect\n|move|p1a: Maushold|Follow Me|p1a: Maushold\n|-singleturn|p1a: Maushold|move: Follow Me\n|move|p2a: Sneasler|Close Combat|p1a: Maushold\n|-supereffective|p1a: Maushold|1\n|-enditem|p1a: Maushold|Chople Berry|[eat]\n|-enditem|p1a: Maushold|Chople Berry|[weaken]\n|-damage|p1a: Maushold|19/100\n|-unboost|p2a: Sneasler|def|1\n|-unboost|p2a: Sneasler|spd|1\n|-enditem|p2a: Sneasler|White Herb\n|-clearnegativeboost|p2a: Sneasler|[silent]\n|move|p1b: Floette|Dazzling Gleam|p2b: Kingambit|[spread] p2a\n|-activate|p2b: Kingambit|move: Protect\n|-damage|p2a: Sneasler|0 fnt\n|faint|p2a: Sneasler\n|\n|upkeep\n|\n|t:|1776455093\n|switch|p2a: Floette|Floette-Eternal, L50, F|100/100\n|turn|4\n|\n|t:|1776455100\n|switch|p2b: Aerodactyl|Aerodactyl, L50, F|100/100\n|-ability|p2b: Aerodactyl|Unnerve\n|detailschange|p2a: Floette|Floette-Mega, L50, F\n|-mega|p2a: Floette|Floette|Floettite\n|-ability|p2a: Floette|Fairy Aura\n|move|p1a: Maushold|Super Fang|p2a: Floette\n|-damage|p2a: Floette|51/100\n|move|p2a: Floette|Dazzling Gleam|p1a: Maushold|[spread] p1a,p1b\n|-damage|p1a: Maushold|0 fnt\n|-damage|p1b: Floette|83/100\n|faint|p1a: Maushold\n|move|p1b: Floette|Dazzling Gleam|p2b: Aerodactyl|[spread] p2a,p2b\n|-damage|p2a: Floette|0 fnt\n|-damage|p2b: Aerodactyl|9/100\n|faint|p2a: Floette\n|\n|upkeep\n|\n|t:|1776455104\n|switch|p1a: Talonflame|Talonflame, L50, F|100/100\n|switch|p2a: Kingambit|Kingambit, L50, F|59/100\n|turn|5\n|-message|BossgodoraII forfeited.\n|\n|win|buh cat vgc\n|raw|buh cat vgc's rating: 1475 &rarr; <strong>1494</strong><br />(+19 for winning)\n|raw|BossgodoraII's rating: 1465 &rarr; <strong>1446</strong><br />(-19 for losing)\n|l|\u2606BossgodoraII\n|player|p2|\n|c|\u2606buh cat vgc|gg\n|j| Keltr1ck\n|l| Keltr1ck\n",
  "uploadtime": 1776455113,
  "views": 47,
  "formatid": "gen9championsvgc2026regma",
  "rating": 1446,
  "private": 0,
  "password": null
}