{
  "id": "gen9championsvgc2026regma-2584874098",
  "format": "[Gen 9 Champions] VGC 2026 Reg M-A",
  "players": [
    "Snipe Mastery",
    "Xenochiiii"
  ],
  "log": "|j|\u2606Snipe Mastery\n|j|\u2606Xenochiiii\n|t:|1776290529\n|gametype|doubles\n|player|p1|Snipe Mastery|102|1084\n|player|p2|Xenochiiii|102|1090\n|gen|9\n|tier|[Gen 9 Champions] VGC 2026 Reg M-A\n|rated|\n|rule|Species Clause: Limit one of each Pok\u00e9mon\n|rule|Item Clause: Limit 1 of each item\n|clearpoke\n|poke|p1|Volcarona, L50, F|\n|poke|p1|Gardevoir, L50, M|\n|poke|p1|Incineroar, L50, F|\n|poke|p1|Archaludon, L50, M|\n|poke|p1|Sneasler, L50, F|\n|poke|p1|Aerodactyl, L50, M|\n|poke|p2|Froslass, L50, F|\n|poke|p2|Tsareena, L50, F|\n|poke|p2|Primarina, L50, M|\n|poke|p2|Orthworm, L50, M|\n|poke|p2|Garchomp, L50, M|\n|poke|p2|Incineroar, L50, F|\n|teampreview|4\n|inactive|Battle timer is ON: inactive players will automatically lose when time's up. (requested by Xenochiiii)\n|inactive|Snipe Mastery has 60 seconds left.\n|\n|t:|1776290578\n|teamsize|p1|4\n|teamsize|p2|4\n|start\n|switch|p1a: Gardevoir|Gardevoir, L50, M, shiny|100/100\n|switch|p1b: Volcarona|Volcarona, L50, F|100/100\n|switch|p2a: Tsareena|Tsareena, L50, F|100/100\n|switch|p2b: Incineroar|Incineroar, L50, F|100/100\n|-ability|p2b: Incineroar|Intimidate|boost\n|-unboost|p1a: Gardevoir|atk|1\n|-unboost|p1b: Volcarona|atk|1\n|turn|1\n|inactive|Snipe Mastery has 30 seconds left.\n|inactive|Snipe Mastery has 20 seconds left.\n|\n|t:|1776290616\n|move|p1a: Gardevoir|Protect|p1a: Gardevoir\n|-singleturn|p1a: Gardevoir|Protect\n|move|p2b: Incineroar|Fake Out|p1b: Volcarona\n|-damage|p1b: Volcarona|91/100\n|-immune|p2b: Incineroar\n|move|p2a: Tsareena|Triple Axel|p1a: Gardevoir\n|-activate|p1a: Gardevoir|move: Protect\n|cant|p1b: Volcarona|flinch\n|\n|upkeep\n|turn|2\n|inactive|Snipe Mastery has 30 seconds left.\n|inactive|Snipe Mastery has 20 seconds left.\n|inactive|Snipe Mastery has 15 seconds left.\n|\n|t:|1776290659\n|switch|p2a: Primarina|Primarina, L50, M|100/100\n|detailschange|p1a: Gardevoir|Gardevoir-Mega, L50, M, shiny\n|-mega|p1a: Gardevoir|Gardevoir|Gardevoirite\n|move|p1a: Gardevoir|Calm Mind|p1a: Gardevoir\n|-boost|p1a: Gardevoir|spa|1\n|-boost|p1a: Gardevoir|spd|1\n|move|p1b: Volcarona|Tailwind|p1b: Volcarona\n|-sidestart|p1: Snipe Mastery|move: Tailwind\n|move|p2b: Incineroar|Parting Shot|p1a: Gardevoir\n|-unboost|p1a: Gardevoir|atk|1\n|-unboost|p1a: Gardevoir|spa|1\n|\n|t:|1776290678\n|switch|p2b: Tsareena|Tsareena, L50, F|100/100|[from] Parting Shot\n|\n|upkeep\n|turn|3\n|\n|t:|1776290697\n|move|p1a: Gardevoir|Hyper Voice|p2b: Tsareena|[spread] p2a,p2b\n|-damage|p2a: Primarina|60/100\n|-damage|p2b: Tsareena|28/100\n|move|p1b: Volcarona|Fiery Dance|p2b: Tsareena\n|-supereffective|p2b: Tsareena|1\n|-damage|p2b: Tsareena|0 fnt\n|-boost|p1b: Volcarona|spa|1\n|faint|p2b: Tsareena\n|move|p2a: Primarina|Hyper Voice|p1a: Gardevoir|[spread] p1a,p1b\n|-supereffective|p1b: Volcarona|1\n|-damage|p1a: Gardevoir|83/100\n|-damage|p1b: Volcarona|34/100\n|-enditem|p1b: Volcarona|Sitrus Berry|[eat]\n|-heal|p1b: Volcarona|59/100|[from] item: Sitrus Berry\n|\n|-heal|p2a: Primarina|66/100|[from] item: Leftovers\n|upkeep\n|\n|t:|1776290709\n|switch|p2b: Incineroar|Incineroar, L50, F|100/100\n|-ability|p2b: Incineroar|Intimidate|boost\n|-unboost|p1a: Gardevoir|atk|1\n|-unboost|p1b: Volcarona|atk|1\n|turn|4\n|inactive|Snipe Mastery has 30 seconds left.\n|\n|t:|1776290740\n|switch|p1b: Incineroar|Incineroar, L50, F|100/100\n|-ability|p1b: Incineroar|Intimidate|boost\n|-unboost|p2a: Primarina|atk|1\n|-unboost|p2b: Incineroar|atk|1\n|move|p1a: Gardevoir|Protect|p1a: Gardevoir\n|-singleturn|p1a: Gardevoir|Protect\n|move|p2b: Incineroar|Fake Out|p1b: Incineroar\n|-damage|p1b: Incineroar|95/100\n|move|p2a: Primarina|Hyper Voice|p1a: Gardevoir|[spread] p1b\n|-activate|p1a: Gardevoir|move: Protect\n|-supereffective|p1b: Incineroar|1\n|-damage|p1b: Incineroar|39/100\n|\n|-heal|p2a: Primarina|72/100|[from] item: Leftovers\n|upkeep\n|turn|5\n|\n|t:|1776290758\n|move|p2a: Primarina|Protect|p2a: Primarina\n|-singleturn|p2a: Primarina|Protect\n|move|p1b: Incineroar|Fake Out|p2a: Primarina\n|-activate|p2a: Primarina|move: Protect\n|move|p1a: Gardevoir|Hyper Voice|p2b: Incineroar|[spread] p2b\n|-activate|p2a: Primarina|move: Protect\n|-damage|p2b: Incineroar|56/100\n|move|p2b: Incineroar|Parting Shot|p1a: Gardevoir\n|-unboost|p1a: Gardevoir|atk|1\n|-unboost|p1a: Gardevoir|spa|1\n|\n|t:|1776290770\n|switch|p2b: Froslass|Froslass, L50, F|100/100|[from] Parting Shot\n|\n|-heal|p2a: Primarina|78/100|[from] item: Leftovers\n|-sideend|p1: Snipe Mastery|move: Tailwind\n|upkeep\n|turn|6\n|inactive|Snipe Mastery has 30 seconds left.\n|l|\u2606Xenochiiii\n|inactive|Xenochiiii disconnected and has a minute to reconnect!\n|player|p2|\n|inactive|Snipe Mastery has 20 seconds left.\n|inactive|Snipe Mastery has 15 seconds left.\n|\n|t:|1776290812\n|detailschange|p2b: Froslass|Froslass-Mega, L50, F\n|-mega|p2b: Froslass|Froslass|Froslassite\n|-weather|Snowscape|[from] ability: Snow Warning|[of] p2b: Froslass\n|move|p1a: Gardevoir|Protect|p1a: Gardevoir\n|-singleturn|p1a: Gardevoir|Protect\n|move|p2b: Froslass|Shadow Ball|p1a: Gardevoir\n|-activate|p1a: Gardevoir|move: Protect\n|move|p1b: Incineroar|Taunt|p2b: Froslass\n|-start|p2b: Froslass|move: Taunt\n|move|p2a: Primarina|Hyper Voice|p1b: Incineroar|[spread] p1b\n|-activate|p1a: Gardevoir|move: Protect\n|-supereffective|p1b: Incineroar|1\n|-damage|p1b: Incineroar|0 fnt\n|faint|p1b: Incineroar\n|\n|-weather|Snowscape|[upkeep]\n|-heal|p2a: Primarina|83/100|[from] item: Leftovers\n|upkeep\n|\n|t:|1776290822\n|switch|p1b: Sneasler|Sneasler, L50, F|100/100\n|turn|7\n|inactive|Xenochiiii has 30 seconds left.\n|j|\u2606Xenochiiii\n|inactive|Xenochiiii reconnected and has 25 seconds left.\n|player|p2|Xenochiiii|102|\n|inactive|Xenochiiii has 20 seconds left.\n|inactive|Xenochiiii has 15 seconds left.\n|inactive|Xenochiiii has 10 seconds left.\n|\n|t:|1776290869\n|switch|p1a: Volcarona|Volcarona, L50, F|59/100\n|move|p2a: Primarina|Protect|p2a: Primarina\n|-singleturn|p2a: Primarina|Protect\n|move|p2b: Froslass|Blizzard|p1a: Volcarona|[spread] p1a,p1b\n|-resisted|p1a: Volcarona|1\n|-damage|p1a: Volcarona|42/100\n|-damage|p1b: Sneasler|35/100\n|move|p1b: Sneasler|Dire Claw|p2a: Primarina\n|-activate|p2a: Primarina|move: Protect\n|\n|-weather|Snowscape|[upkeep]\n|-heal|p2a: Primarina|89/100|[from] item: Leftovers\n|upkeep\n|turn|8\n|\n|t:|1776290890\n|switch|p2a: Incineroar|Incineroar, L50, F|56/100\n|-ability|p2a: Incineroar|Intimidate|boost\n|-unboost|p1a: Volcarona|atk|1\n|-unboost|p1b: Sneasler|atk|1\n|-enditem|p1b: Sneasler|White Herb\n|-clearnegativeboost|p1b: Sneasler|[silent]\n|move|p1b: Sneasler|Dire Claw|p2a: Incineroar\n|-damage|p2a: Incineroar|22/100\n|move|p2b: Froslass|Blizzard|p1a: Volcarona|[spread] p1a,p1b\n|-resisted|p1a: Volcarona|1\n|-damage|p1a: Volcarona|24/100\n|-damage|p1b: Sneasler|0 fnt\n|faint|p1b: Sneasler\n|move|p1a: Volcarona|Tailwind|p1a: Volcarona\n|-sidestart|p1: Snipe Mastery|move: Tailwind\n|\n|-weather|Snowscape|[upkeep]\n|upkeep\n|\n|t:|1776290893\n|switch|p1b: Gardevoir|Gardevoir-Mega, L50, M, shiny|83/100\n|turn|9\n|inactive|Snipe Mastery has 30 seconds left.\n|inactive|Xenochiiii has 30 seconds left.\n|\n|t:|1776290925\n|move|p2a: Incineroar|Fake Out|p1a: Volcarona\n|-damage|p1a: Volcarona|14/100\n|-immune|p2a: Incineroar\n|move|p1b: Gardevoir|Hyper Voice|p2b: Froslass|[spread] p2a,p2b\n|-damage|p2a: Incineroar|0 fnt\n|-damage|p2b: Froslass|34/100\n|faint|p2a: Incineroar\n|cant|p1a: Volcarona|flinch\n|move|p2b: Froslass|Blizzard|p1b: Gardevoir|[spread] p1a,p1b\n|-resisted|p1a: Volcarona|1\n|-damage|p1a: Volcarona|0 fnt\n|-damage|p1b: Gardevoir|45/100\n|faint|p1a: Volcarona\n|\n|-weather|Snowscape|[upkeep]\n|-end|p2b: Froslass|move: Taunt\n|upkeep\n|\n|t:|1776290941\n|switch|p2a: Primarina|Primarina, L50, M|89/100\n|turn|10\n|\n|t:|1776290952\n|move|p1b: Gardevoir|Hyper Voice|p2a: Primarina|[spread] p2a,p2b\n|-damage|p2a: Primarina|46/100\n|-damage|p2b: Froslass|0 fnt\n|faint|p2b: Froslass\n|move|p2a: Primarina|Moonblast|p1b: Gardevoir\n|-damage|p1b: Gardevoir|3/100\n|\n|-weather|none\n|-heal|p2a: Primarina|52/100|[from] item: Leftovers\n|upkeep\n|turn|11\n|\n|t:|1776290967\n|move|p1b: Gardevoir|Hyper Voice|p2a: Primarina\n|-damage|p2a: Primarina|0 fnt\n|faint|p2a: Primarina\n|\n|win|Snipe Mastery\n|raw|Snipe Mastery's rating: 1084 &rarr; <strong>1112</strong><br />(+28 for winning)\n|raw|Xenochiiii's rating: 1090 &rarr; <strong>1066</strong><br />(-24 for losing)\n|c|\u2606Xenochiiii|Huh ??\n|c|\u2606Xenochiiii|Holy low roll high roll bs\n|l|\u2606Xenochiiii\n|player|p2|\n",
  "uploadtime": 1776291015,
  "views": 24,
  "formatid": "gen9championsvgc2026regma",
  "rating": 1066,
  "private": 0,
  "password": null
}