{
  "id": "gen9championsvgc2026regma-2588176478",
  "format": "[Gen 9 Champions] VGC 2026 Reg M-A",
  "players": [
    "SageApollo",
    "sdffssfsff"
  ],
  "log": "|j|\u2606SageApollo\n|j|\u2606sdffssfsff\n|t:|1776611697\n|gametype|doubles\n|player|p1|SageApollo|169|1000\n|player|p2|sdffssfsff|266|1000\n|gen|9\n|tier|[Gen 9 Champions] VGC 2026 Reg M-A\n|rated|\n|rule|Species Clause: Limit one of each Pok\u00e9mon\n|rule|Item Clause: Limit 1 of each item\n|clearpoke\n|poke|p1|Drampa, L50, M, shiny|\n|poke|p1|Sinistcha, L50, shiny|\n|poke|p1|Milotic, L50, M, shiny|\n|poke|p1|Farigiraf, L50, F, shiny|\n|poke|p1|Kingambit, L50, M, shiny|\n|poke|p1|Mimikyu, L50, M, shiny|\n|poke|p2|Drampa, L50, M, shiny|\n|poke|p2|Spiritomb, L50, F|\n|poke|p2|Torkoal, L50, M|\n|poke|p2|Kingambit, L50, F|\n|poke|p2|Clawitzer, L50, M|\n|poke|p2|Dragapult, L50, F|\n|teampreview|4\n|\n|t:|1776611733\n|teamsize|p1|4\n|teamsize|p2|4\n|start\n|switch|p1a: Kingambit|Kingambit, L50, M, shiny|100/100\n|switch|p1b: Mimikyu|Mimikyu, L50, M, shiny|100/100\n|switch|p2a: Clawitzer|Clawitzer, L50, M|100/100\n|switch|p2b: Spiritomb|Spiritomb, L50, F|100/100\n|turn|1\n|\n|t:|1776611763\n|move|p1a: Kingambit|Protect|p1a: Kingambit\n|-singleturn|p1a: Kingambit|Protect\n|move|p2a: Clawitzer|Aura Sphere|p1a: Kingambit\n|-activate|p1a: Kingambit|move: Protect\n|move|p1b: Mimikyu|Trick Room|p1b: Mimikyu\n|-fieldstart|move: Trick Room|[of] p1b: Mimikyu\n|move|p2b: Spiritomb|Trick Room|p2b: Spiritomb\n|-fieldend|move: Trick Room\n|\n|upkeep\n|turn|2\n|inactive|Battle timer is ON: inactive players will automatically lose when time's up. (requested by sdffssfsff)\n|\n|t:|1776611796\n|-end|p1a: Kingambit|fallenundefined|[silent]\n|switch|p1a: Sinistcha|Sinistcha, L50, shiny|100/100\n|move|p1b: Mimikyu|Will-O-Wisp|p2a: Clawitzer\n|-status|p2a: Clawitzer|brn\n|move|p2a: Clawitzer|Dark Pulse|p1a: Sinistcha\n|-supereffective|p1a: Sinistcha|1\n|-damage|p1a: Sinistcha|19/100\n|move|p2b: Spiritomb|Foul Play|p1b: Mimikyu\n|-activate|p1b: Mimikyu|ability: Disguise\n|-damage|p1b: Mimikyu|100/100\n|detailschange|p1b: Mimikyu|Mimikyu-Busted, L50, M, shiny\n|-damage|p1b: Mimikyu|88/100|[from] pokemon: Mimikyu-Busted\n|\n|-heal|p1a: Sinistcha|25/100|[from] item: Leftovers\n|-damage|p2a: Clawitzer|94/100 brn|[from] brn\n|upkeep\n|turn|3\n|\n|t:|1776611820\n|move|p1b: Mimikyu|Will-O-Wisp|p2b: Spiritomb\n|-status|p2b: Spiritomb|brn\n|move|p1a: Sinistcha|Matcha Gotcha|p2a: Clawitzer|[spread] p2a,p2b\n|-supereffective|p2a: Clawitzer|1\n|-damage|p2a: Clawitzer|46/100 brn\n|-heal|p1a: Sinistcha|50/100|[from] drain|[of] p2a: Clawitzer\n|-damage|p2b: Spiritomb|79/100 brn\n|-heal|p1a: Sinistcha|60/100|[from] drain|[of] p2b: Spiritomb\n|move|p2a: Clawitzer|Dark Pulse|p1b: Mimikyu\n|-damage|p1b: Mimikyu|47/100\n|-enditem|p1b: Mimikyu|Sitrus Berry|[eat]\n|-heal|p1b: Mimikyu|72/100|[from] item: Sitrus Berry\n|move|p2b: Spiritomb|Foul Play|p1a: Sinistcha\n|-supereffective|p1a: Sinistcha|1\n|-damage|p1a: Sinistcha|41/100\n|\n|-heal|p1a: Sinistcha|47/100|[from] item: Leftovers\n|-damage|p2a: Clawitzer|40/100 brn|[from] brn\n|-damage|p2b: Spiritomb|74/100 brn|[from] brn\n|upkeep\n|turn|4\n|inactive|SageApollo has 30 seconds left.\n|\n|t:|1776611849\n|move|p2a: Clawitzer|Protect|p2a: Clawitzer\n|-singleturn|p2a: Clawitzer|Protect\n|move|p1a: Sinistcha|Matcha Gotcha|p2b: Spiritomb|[spread] p2b\n|-activate|p2a: Clawitzer|move: Protect\n|-damage|p2b: Spiritomb|52/100 brn\n|-heal|p1a: Sinistcha|57/100|[from] drain|[of] p2b: Spiritomb\n|move|p1b: Mimikyu|Trick Room|p1b: Mimikyu\n|-fieldstart|move: Trick Room|[of] p1b: Mimikyu\n|move|p2b: Spiritomb|Trick Room|p2b: Spiritomb\n|-fieldend|move: Trick Room\n|\n|-heal|p1a: Sinistcha|63/100|[from] item: Leftovers\n|-damage|p2a: Clawitzer|34/100 brn|[from] brn\n|-damage|p2b: Spiritomb|46/100 brn|[from] brn\n|upkeep\n|turn|5\n|inactive|SageApollo has 30 seconds left.\n|\n|t:|1776611876\n|move|p1b: Mimikyu|Shadow Claw|p2b: Spiritomb\n|-damage|p2b: Spiritomb|25/100 brn\n|move|p1a: Sinistcha|Matcha Gotcha|p2b: Spiritomb|[spread] p2a\n|-miss|p1a: Sinistcha|p2b: Spiritomb\n|-supereffective|p2a: Clawitzer|1\n|-damage|p2a: Clawitzer|0 fnt\n|-heal|p1a: Sinistcha|80/100|[from] drain|[of] p2a: Clawitzer\n|faint|p2a: Clawitzer\n|move|p2b: Spiritomb|Trick Room|p2b: Spiritomb\n|-fieldstart|move: Trick Room|[of] p2b: Spiritomb\n|\n|-heal|p1a: Sinistcha|86/100|[from] item: Leftovers\n|-damage|p2b: Spiritomb|20/100 brn|[from] brn\n|upkeep\n|\n|t:|1776611884\n|switch|p2a: Torkoal|Torkoal, L50, M|100/100\n|-weather|SunnyDay|[from] ability: Drought|[of] p2a: Torkoal\n|turn|6\n|\n|t:|1776611902\n|switch|p1a: Drampa|Drampa, L50, M, shiny|100/100\n|-ability|p1a: Drampa|Cloud Nine\n|move|p2a: Torkoal|Eruption|p1a: Drampa|[spread] p1a,p1b\n|-resisted|p1a: Drampa|1\n|-damage|p1a: Drampa|81/100\n|-damage|p1b: Mimikyu|28/100\n|move|p2b: Spiritomb|Destiny Bond|p2b: Spiritomb\n|-singlemove|p2b: Spiritomb|Destiny Bond\n|move|p1b: Mimikyu|Trick Room|p1b: Mimikyu\n|-fieldend|move: Trick Room\n|\n|-weather|SunnyDay|[upkeep]\n|-damage|p2b: Spiritomb|14/100 brn|[from] brn\n|upkeep\n|turn|7\n|\n|t:|1776611925\n|detailschange|p1a: Drampa|Drampa-Mega, L50, M, shiny\n|-mega|p1a: Drampa|Drampa|Drampanite\n|move|p2a: Torkoal|Protect|p2a: Torkoal\n|-singleturn|p2a: Torkoal|Protect\n|move|p1b: Mimikyu|Shadow Claw|p2a: Torkoal\n|-activate|p2a: Torkoal|move: Protect\n|move|p1a: Drampa|Earth Power|p2a: Torkoal\n|-activate|p2a: Torkoal|move: Protect\n|move|p2b: Spiritomb|Trick Room|p2b: Spiritomb\n|-fieldstart|move: Trick Room|[of] p2b: Spiritomb\n|\n|-weather|SunnyDay|[upkeep]\n|-damage|p2b: Spiritomb|8/100 brn|[from] brn\n|upkeep\n|turn|8\n|\n|t:|1776611944\n|move|p1a: Drampa|Protect|p1a: Drampa\n|-singleturn|p1a: Drampa|Protect\n|move|p2a: Torkoal|Eruption|p1b: Mimikyu|[spread] p1b\n|-activate|p1a: Drampa|move: Protect\n|-crit|p1b: Mimikyu\n|-damage|p1b: Mimikyu|0 fnt\n|faint|p1b: Mimikyu\n|move|p2b: Spiritomb|Destiny Bond|p2b: Spiritomb\n|-singlemove|p2b: Spiritomb|Destiny Bond\n|\n|-weather|SunnyDay|[upkeep]\n|-damage|p2b: Spiritomb|2/100 brn|[from] brn\n|upkeep\n|\n|t:|1776611965\n|switch|p1b: Kingambit|Kingambit, L50, M, shiny|100/100\n|-activate|p1b: Kingambit|ability: Supreme Overlord\n|-start|p1b: Kingambit|fallen1|[silent]\n|turn|9\n|\n|t:|1776611975\n|move|p1b: Kingambit|Protect|p1b: Kingambit\n|-singleturn|p1b: Kingambit|Protect\n|move|p2a: Torkoal|Eruption|p1a: Drampa|[spread] p1a\n|-activate|p1b: Kingambit|move: Protect\n|-resisted|p1a: Drampa|1\n|-damage|p1a: Drampa|53/100\n|move|p2b: Spiritomb|Foul Play|p1a: Drampa\n|-damage|p1a: Drampa|43/100\n|-ability|p1a: Drampa|Berserk|boost\n|-boost|p1a: Drampa|spa|1\n|move|p1a: Drampa|Hyper Voice|p2a: Torkoal|[spread] p2a\n|-immune|p2b: Spiritomb\n|-damage|p2a: Torkoal|24/100\n|\n|-weather|SunnyDay|[upkeep]\n|-damage|p2b: Spiritomb|0 fnt|[from] brn\n|faint|p2b: Spiritomb\n|upkeep\n|\n|t:|1776611978\n|switch|p2b: Drampa|Drampa, L50, M, shiny|100/100\n|-ability|p2b: Drampa|Cloud Nine\n|turn|10\n|inactive|SageApollo has 30 seconds left.\n|inactive|SageApollo has 20 seconds left.\n|\n|t:|1776612018\n|detailschange|p2b: Drampa|Drampa-Mega, L50, M, shiny\n|-mega|p2b: Drampa|Drampa|Drampanite\n|move|p1a: Drampa|Protect|p1a: Drampa\n|-singleturn|p1a: Drampa|Protect\n|move|p1b: Kingambit|Sucker Punch|p2a: Torkoal\n|-damage|p2a: Torkoal|0 fnt\n|faint|p2a: Torkoal\n|move|p2b: Drampa|Heat Wave|p1a: Drampa|[spread] p1b\n|-activate|p1a: Drampa|move: Protect\n|-supereffective|p1b: Kingambit|1\n|-damage|p1b: Kingambit|5/100\n|\n|-weather|none\n|upkeep\n|turn|11\n|\n|t:|1776612045\n|move|p1b: Kingambit|Protect|p1b: Kingambit\n|-singleturn|p1b: Kingambit|Protect\n|move|p2b: Drampa|Hyper Voice|p1b: Kingambit|[spread] p1a\n|-activate|p1b: Kingambit|move: Protect\n|-damage|p1a: Drampa|5/100\n|move|p1a: Drampa|Dragon Pulse|p2b: Drampa\n|-supereffective|p2b: Drampa|1\n|-damage|p2b: Drampa|0 fnt\n|faint|p2b: Drampa\n|\n|win|SageApollo\n|raw|SageApollo's rating: 1000 &rarr; <strong>1040</strong><br />(+40 for winning)\n|raw|sdffssfsff's rating: 1000 &rarr; <strong>1000</strong><br />(+0 for losing)\n",
  "uploadtime": 1776612056,
  "views": 11,
  "formatid": "gen9championsvgc2026regma",
  "rating": 1000,
  "private": 0,
  "password": null
}