{
  "id": "gen9championsvgc2026regma-2583694416",
  "format": "[Gen 9 Champions] VGC 2026 Reg M-A",
  "players": [
    "Valerdo",
    "IdkImScared"
  ],
  "log": "|j|\u2606Valerdo\n|j|\u2606IdkImScared\n|t:|1776191497\n|gametype|doubles\n|player|p1|Valerdo|266|1040\n|player|p2|IdkImScared|workerice|1085\n|gen|9\n|tier|[Gen 9 Champions] VGC 2026 Reg M-A\n|rated|\n|rule|Species Clause: Limit one of each Pok\u00e9mon\n|rule|Item Clause: Limit 1 of each item\n|clearpoke\n|poke|p1|Whimsicott, L50, F|\n|poke|p1|Milotic, L50, M|\n|poke|p1|Charizard, L50, M|\n|poke|p1|Incineroar, L50, F|\n|poke|p1|Garchomp, L50, M|\n|poke|p1|Kingambit, L50, F|\n|poke|p2|Floette-Eternal, L50, F|\n|poke|p2|Garchomp, L50, F|\n|poke|p2|Maushold-Four, L50|\n|poke|p2|Talonflame, L50, F|\n|poke|p2|Rotom-Wash, L50|\n|poke|p2|Aegislash, L50, M|\n|teampreview|4\n|inactive|Battle timer is ON: inactive players will automatically lose when time's up. (requested by Valerdo)\n|inactive|Valerdo has 60 seconds left.\n|\n|t:|1776191540\n|teamsize|p1|4\n|teamsize|p2|4\n|start\n|switch|p1a: Incineroar|Incineroar, L50, F|100/100\n|switch|p1b: Kingambit|Kingambit, L50, F|100/100\n|switch|p2a: Space Eagle|Talonflame, L50, F|100/100\n|switch|p2b: DAWGfish|Garchomp, L50, F|100/100\n|-ability|p1a: Incineroar|Intimidate|boost\n|-unboost|p2a: Space Eagle|atk|1\n|-unboost|p2b: DAWGfish|atk|1\n|turn|1\n|inactive|Valerdo has 30 seconds left.\n|\n|t:|1776191570\n|switch|p1b: Milotic|Milotic, L50, M|100/100\n|move|p1a: Incineroar|Fake Out|p2b: DAWGfish\n|-damage|p2b: DAWGfish|90/100\n|-damage|p1a: Incineroar|88/100|[from] ability: Rough Skin|[of] p2b: DAWGfish\n|move|p2a: Space Eagle|Tailwind|p2a: Space Eagle\n|-sidestart|p2: IdkImScared|move: Tailwind\n|cant|p2b: DAWGfish|flinch\n|\n|upkeep\n|turn|2\n|\n|t:|1776191590\n|switch|p2a: Maytag|Rotom-Wash, L50|100/100\n|switch|p2b: Flour|Floette-Eternal, L50, F|100/100\n|move|p1b: Milotic|Icy Wind|p2a: Maytag|[spread] p2a,p2b\n|-resisted|p2a: Maytag|1\n|-damage|p2a: Maytag|95/100\n|-damage|p2b: Flour|93/100\n|-unboost|p2a: Maytag|spe|1\n|-unboost|p2b: Flour|spe|1\n|move|p1a: Incineroar|Parting Shot|p2b: Flour\n|-unboost|p2b: Flour|atk|1\n|-unboost|p2b: Flour|spa|1\n|\n|t:|1776191602\n|switch|p1a: Kingambit|Kingambit, L50, F|100/100|[from] Parting Shot\n|\n|upkeep\n|turn|3\n|inactive|IdkImScared has 30 seconds left.\n|\n|t:|1776191630\n|detailschange|p2b: Flour|Floette-Mega, L50, F\n|-mega|p2b: Flour|Floette|Floettite\n|-ability|p2b: Flour|Fairy Aura\n|move|p2b: Flour|Protect|p2b: Flour\n|-singleturn|p2b: Flour|Protect\n|move|p1b: Milotic|Protect|p1b: Milotic\n|-singleturn|p1b: Milotic|Protect\n|move|p2a: Maytag|Volt Switch|p1a: Kingambit\n|-damage|p1a: Kingambit|59/100\n|\n|t:|1776191641\n|switch|p2a: DAWGfish|Garchomp, L50, F|90/100|[from] Volt Switch\n|move|p1a: Kingambit|Swords Dance|p1a: Kingambit\n|-boost|p1a: Kingambit|atk|2\n|\n|upkeep\n|turn|4\n|\n|t:|1776191666\n|switch|p2b: Space Eagle|Talonflame, L50, F|100/100\n|switch|p1a: Garchomp|Garchomp, L50, M|100/100\n|move|p2a: DAWGfish|Protect|p2a: DAWGfish\n|-singleturn|p2a: DAWGfish|Protect\n|move|p1b: Milotic|Icy Wind|p2a: DAWGfish|[spread] p2b\n|-activate|p2a: DAWGfish|move: Protect\n|-damage|p2b: Space Eagle|85/100\n|-unboost|p2b: Space Eagle|spe|1\n|\n|-sideend|p2: IdkImScared|move: Tailwind\n|upkeep\n|turn|5\n|inactive|Valerdo has 30 seconds left.\n|inactive|IdkImScared has 30 seconds left.\n|\n|t:|1776191705\n|move|p1a: Garchomp|Swords Dance|p1a: Garchomp\n|-boost|p1a: Garchomp|atk|2\n|move|p2a: DAWGfish|Earthquake|p1a: Garchomp|[spread] p1a,p1b\n|-immune|p2b: Space Eagle\n|-damage|p1a: Garchomp|52/100\n|-damage|p1b: Milotic|60/100\n|move|p2b: Space Eagle|Tailwind|p2b: Space Eagle\n|-sidestart|p2: IdkImScared|move: Tailwind\n|move|p1b: Milotic|Icy Wind|p2b: Space Eagle|[spread] p2a,p2b\n|-supereffective|p2a: DAWGfish|2\n|-damage|p2a: DAWGfish|44/100\n|-damage|p2b: Space Eagle|71/100\n|-unboost|p2a: DAWGfish|spe|1\n|-unboost|p2b: Space Eagle|spe|1\n|\n|upkeep\n|turn|6\n|inactive|IdkImScared has 30 seconds left.\n|\n|t:|1776191733\n|switch|p2a: Maytag|Rotom-Wash, L50|95/100\n|move|p1a: Garchomp|Swords Dance|p1a: Garchomp\n|-boost|p1a: Garchomp|atk|2\n|move|p2b: Space Eagle|Dual Wingbeat|p1b: Milotic\n|-damage|p1b: Milotic|45/100\n|-damage|p1b: Milotic|32/100\n|-hitcount|p1b: Milotic|2\n|move|p1b: Milotic|Icy Wind|p2a: Maytag|[spread] p2a,p2b\n|-resisted|p2a: Maytag|1\n|-crit|p2a: Maytag\n|-damage|p2a: Maytag|88/100\n|-damage|p2b: Space Eagle|55/100\n|-unboost|p2a: Maytag|spe|1\n|-unboost|p2b: Space Eagle|spe|1\n|\n|upkeep\n|turn|7\n|inactive|IdkImScared has 30 seconds left.\n|\n|t:|1776191759\n|switch|p1a: Incineroar|Incineroar, L50, F|88/100\n|-ability|p1a: Incineroar|Intimidate|boost\n|-unboost|p2a: Maytag|atk|1\n|-unboost|p2b: Space Eagle|atk|1\n|move|p2b: Space Eagle|Dual Wingbeat|p1a: Incineroar\n|-damage|p1a: Incineroar|78/100\n|-damage|p1a: Incineroar|68/100\n|-hitcount|p1a: Incineroar|2\n|move|p2a: Maytag|Volt Switch|p1b: Milotic\n|-supereffective|p1b: Milotic|1\n|-damage|p1b: Milotic|0 fnt\n|faint|p1b: Milotic\n|\n|t:|1776191774\n|switch|p2a: DAWGfish|Garchomp, L50, F|44/100|[from] Volt Switch\n|\n|upkeep\n|\n|t:|1776191777\n|switch|p1b: Garchomp|Garchomp, L50, M|52/100\n|turn|8\n|\n|t:|1776191796\n|switch|p2b: Flour|Floette-Mega, L50, F|93/100\n|-ability|p2b: Flour|Fairy Aura\n|move|p2a: DAWGfish|Protect|p2a: DAWGfish\n|-singleturn|p2a: DAWGfish|Protect\n|move|p1b: Garchomp|Dragon Claw|p2b: Flour\n|-immune|p2b: Flour\n|move|p1a: Incineroar|Darkest Lariat|p2b: Flour\n|-resisted|p2b: Flour|1\n|-damage|p2b: Flour|76/100\n|\n|-sideend|p2: IdkImScared|move: Tailwind\n|upkeep\n|turn|9\n|\n|t:|1776191817\n|move|p1b: Garchomp|Dragon Claw|p2a: DAWGfish\n|-supereffective|p2a: DAWGfish|1\n|-damage|p2a: DAWGfish|0 fnt\n|-damage|p1b: Garchomp|39/100|[from] ability: Rough Skin|[of] p2a: DAWGfish\n|faint|p2a: DAWGfish\n|move|p2b: Flour|Dazzling Gleam|p1b: Garchomp|[spread] p1a,p1b\n|-supereffective|p1b: Garchomp|1\n|-damage|p1a: Incineroar|30/100\n|-damage|p1b: Garchomp|0 fnt\n|-enditem|p1a: Incineroar|Sitrus Berry|[eat]\n|-heal|p1a: Incineroar|54/100|[from] item: Sitrus Berry\n|faint|p1b: Garchomp\n|move|p1a: Incineroar|Parting Shot|p2b: Flour\n|-unboost|p2b: Flour|atk|1\n|-unboost|p2b: Flour|spa|1\n|\n|t:|1776191830\n|switch|p1a: Kingambit|Kingambit, L50, F|59/100|[from] Parting Shot\n|\n|upkeep\n|\n|t:|1776191835\n|switch|p2a: Maytag|Rotom-Wash, L50|88/100\n|switch|p1b: Incineroar|Incineroar, L50, F|54/100\n|-ability|p1b: Incineroar|Intimidate|boost\n|-unboost|p2a: Maytag|atk|1\n|-unboost|p2b: Flour|atk|1\n|turn|10\n|inactive|Valerdo has 30 seconds left.\n|\n|t:|1776191863\n|switch|p2b: Space Eagle|Talonflame, L50, F|55/100\n|move|p2a: Maytag|Volt Switch|p1b: Incineroar\n|-damage|p1b: Incineroar|31/100\n|\n|t:|1776191868\n|switch|p2a: Flour|Floette-Mega, L50, F|76/100|[from] Volt Switch\n|-ability|p2a: Flour|Fairy Aura\n|move|p1a: Kingambit|Kowtow Cleave|p2a: Flour\n|-resisted|p2a: Flour|1\n|-damage|p2a: Flour|50/100\n|move|p1b: Incineroar|Darkest Lariat|p2b: Space Eagle\n|-damage|p2b: Space Eagle|6/100\n|\n|upkeep\n|turn|11\n|\n|t:|1776191890\n|move|p2a: Flour|Protect|p2a: Flour\n|-singleturn|p2a: Flour|Protect\n|move|p1a: Kingambit|Protect|p1a: Kingambit\n|-singleturn|p1a: Kingambit|Protect\n|move|p2b: Space Eagle|Tailwind|p2b: Space Eagle\n|-sidestart|p2: IdkImScared|move: Tailwind\n|move|p1b: Incineroar|Darkest Lariat|p2b: Space Eagle\n|-damage|p2b: Space Eagle|0 fnt\n|faint|p2b: Space Eagle\n|\n|upkeep\n|\n|t:|1776191898\n|switch|p2b: Maytag|Rotom-Wash, L50|88/100\n|turn|12\n|\n|t:|1776191908\n|move|p2b: Maytag|Helping Hand|p2a: Flour\n|-singleturn|p2a: Flour|Helping Hand|[of] p2b: Maytag\n|move|p2a: Flour|Dazzling Gleam|p1b: Incineroar|[spread] p1a,p1b\n|-damage|p1a: Kingambit|0 fnt\n|-damage|p1b: Incineroar|0 fnt\n|faint|p1a: Kingambit\n|faint|p1b: Incineroar\n|\n|win|IdkImScared\n|raw|Valerdo's rating: 1040 &rarr; <strong>1026</strong><br />(-14 for losing)\n|raw|IdkImScared's rating: 1085 &rarr; <strong>1109</strong><br />(+24 for winning)\n|c|\u2606Valerdo|nicee  be\u00e7\n",
  "uploadtime": 1776191930,
  "views": 25,
  "formatid": "gen9championsvgc2026regma",
  "rating": 1026,
  "private": 0,
  "password": null
}