{
  "id": "gen9championsvgc2026regma-2587085126",
  "format": "[Gen 9 Champions] VGC 2026 Reg M-A",
  "players": [
    "mattybleh",
    "ManoloL08"
  ],
  "log": "|j|\u2606mattybleh\n|j|\u2606ManoloL08\n|t:|1776491308\n|gametype|doubles\n|player|p1|mattybleh|acetrainer-gen4dp|1049\n|player|p2|ManoloL08|lance|1044\n|gen|9\n|tier|[Gen 9 Champions] VGC 2026 Reg M-A\n|rated|\n|rule|Species Clause: Limit one of each Pok\u00e9mon\n|rule|Item Clause: Limit 1 of each item\n|clearpoke\n|poke|p1|Politoed, L50, F|\n|poke|p1|Archaludon, L50, M, shiny|\n|poke|p1|Basculegion, L50, M, shiny|\n|poke|p1|Aggron, L50, M, shiny|\n|poke|p1|Scovillain, L50, F|\n|poke|p1|Heliolisk, L50, F|\n|poke|p2|Starmie, L50|\n|poke|p2|Kingambit, L50, F|\n|poke|p2|Garchomp, L50, F|\n|poke|p2|Sneasler, L50, F|\n|poke|p2|Volcarona, L50, M|\n|poke|p2|Hatterene, L50, F|\n|teampreview|4\n|inactive|Battle timer is ON: inactive players will automatically lose when time's up. (requested by ManoloL08)\n|inactive|mattybleh also wants the timer to be on.\nManoloL08 rejected open team sheets.\n|inactive|mattybleh has 60 seconds left.\n|inactive|mattybleh has 30 seconds left.\n|inactive|mattybleh has 20 seconds left.\n|inactive|mattybleh has 15 seconds left.\n|\n|t:|1776491387\n|teamsize|p1|4\n|teamsize|p2|4\n|start\n|switch|p1a: Polisload|Politoed, L50, F|100/100\n|switch|p1b: Bofa|Scovillain, L50, F|100/100\n|switch|p2a: Sneasler|Sneasler, L50, F|100/100\n|switch|p2b: Hatterene|Hatterene, L50, F|100/100\n|-weather|RainDance|[from] ability: Drizzle|[of] p1a: Polisload\n|turn|1\n|\n|t:|1776491410\n|move|p1b: Bofa|Protect|p1b: Bofa\n|-singleturn|p1b: Bofa|Protect\n|move|p2a: Sneasler|Gunk Shot|p1b: Bofa\n|-activate|p1b: Bofa|move: Protect\n|move|p1a: Polisload|Hydro Pump|p2a: Sneasler\n|-damage|p2a: Sneasler|7/100\n|move|p2b: Hatterene|Nuzzle|p1a: Polisload\n|-supereffective|p1a: Polisload|1\n|-damage|p1a: Polisload|90/100\n|-status|p1a: Polisload|par\n|\n|-weather|RainDance|[upkeep]\n|-ability|p1b: Bofa|Moody|boost\n|-boost|p1b: Bofa|spe|2\n|-unboost|p1b: Bofa|atk|1\n|upkeep\n|turn|2\n|inactive|mattybleh has 30 seconds left.\n|inactive|ManoloL08 has 30 seconds left.\n|inactive|mattybleh has 20 seconds left.\n|inactive|mattybleh has 15 seconds left.\n|inactive|mattybleh has 10 seconds left.\n|\n|t:|1776491458\n|switch|p2a: Kingambit|Kingambit, L50, F|100/100\n|switch|p1b: The Airplane|Basculegion, L50, M, shiny|100/100\n|move|p2b: Hatterene|Psychic Noise|p1a: Polisload\n|-damage|p1a: Polisload|61/100 par\n|-start|p1a: Polisload|move: Heal Block\n|move|p1a: Polisload|Psych Up|p1b: The Airplane\n|-copyboost|p1a: Polisload|p1b: The Airplane|[from] move: Psych Up\n|\n|-weather|RainDance|[upkeep]\n|upkeep\n|turn|3\n|inactive|mattybleh has 30 seconds left.\n|inactive|ManoloL08 has 30 seconds left.\n|\n|t:|1776491492\n|move|p1a: Polisload|Helping Hand|p1b: The Airplane\n|-singleturn|p1b: The Airplane|Helping Hand|[of] p1a: Polisload\n|move|p1b: The Airplane|Flip Turn|p2a: Kingambit\n|-damage|p2a: Kingambit|32/100\n|\n|t:|1776491500\n|switch|p1b: Bofa|Scovillain, L50, F|100/100|[from] Flip Turn\n|move|p2a: Kingambit|Swords Dance|p2a: Kingambit\n|-boost|p2a: Kingambit|atk|2\n|move|p2b: Hatterene|Psychic Noise|p1a: Polisload\n|-damage|p1a: Polisload|29/100 par\n|\n|-weather|RainDance|[upkeep]\n|-heal|p2a: Kingambit|38/100|[from] item: Leftovers\n|-end|p1a: Polisload|move: Heal Block\n|-ability|p1b: Bofa|Moody|boost\n|-boost|p1b: Bofa|spe|2\n|-unboost|p1b: Bofa|def|1\n|upkeep\n|-enditem|p1a: Polisload|Sitrus Berry|[eat]\n|-heal|p1a: Polisload|54/100 par|[from] item: Sitrus Berry\n|turn|4\n|inactive|mattybleh has 30 seconds left.\n|inactive|ManoloL08 has 30 seconds left.\n|inactive|ManoloL08 has 20 seconds left.\n|\n|t:|1776491537\n|-end|p2a: Kingambit|fallenundefined|[silent]\n|switch|p2a: Volcarona|Volcarona, L50, M|100/100\n|move|p1b: Bofa|Substitute|p1b: Bofa\n|-start|p1b: Bofa|Substitute\n|-damage|p1b: Bofa|76/100\n|move|p2b: Hatterene|Draining Kiss|p1a: Polisload\n|-damage|p1a: Polisload|32/100 par\n|move|p1a: Polisload|Hydro Pump|p2a: Volcarona\n|-supereffective|p2a: Volcarona|1\n|-crit|p2a: Volcarona\n|-enditem|p2a: Volcarona|Passho Berry|[eat]\n|-enditem|p2a: Volcarona|Passho Berry|[weaken]\n|-damage|p2a: Volcarona|4/100\n|\n|-weather|RainDance|[upkeep]\n|-ability|p1b: Bofa|Moody|boost\n|-boost|p1b: Bofa|def|2\n|-unboost|p1b: Bofa|spe|1\n|upkeep\n|turn|5\n|inactive|mattybleh has 30 seconds left.\n|inactive|ManoloL08 has 30 seconds left.\n|inactive|ManoloL08 has 20 seconds left.\n|\n|t:|1776491576\n|move|p2a: Volcarona|Bug Buzz|p1a: Polisload\n|-damage|p1a: Polisload|0 fnt\n|faint|p1a: Polisload\n|move|p1b: Bofa|Super Fang|p2b: Hatterene\n|-damage|p2b: Hatterene|50/100\n|move|p2b: Hatterene|Nuzzle|p1b: Bofa\n|-resisted|p1b: Bofa|1\n|-activate|p1b: Bofa|move: Substitute|[damage]\n|\n|-weather|none\n|-ability|p1b: Bofa|Moody|boost\n|-boost|p1b: Bofa|def|2\n|-unboost|p1b: Bofa|atk|1\n|upkeep\n|\n|t:|1776491598\n|switch|p1a: Heliolisk|Heliolisk, L50, F|100/100\n|turn|6\n|inactive|mattybleh has 30 seconds left.\n|\n|t:|1776491629\n|switch|p2a: Sneasler|Sneasler, L50, F|7/100\n|move|p1a: Heliolisk|Hyper Voice|p2b: Hatterene|[spread] p2a,p2b\n|-damage|p2a: Sneasler|0 fnt\n|-damage|p2b: Hatterene|18/100\n|faint|p2a: Sneasler\n|move|p1b: Bofa|Super Fang|p2b: Hatterene\n|-damage|p2b: Hatterene|9/100\n|move|p2b: Hatterene|Healing Wish|p2b: Hatterene\n|faint|p2b: Hatterene\n|\n|-ability|p1b: Bofa|Moody|boost\n|-boost|p1b: Bofa|spe|2\n|-unboost|p1b: Bofa|atk|1\n|upkeep\n|\n|t:|1776491654\n|switch|p2a: Volcarona|Volcarona, L50, M|4/100\n|switch|p2b: Kingambit|Kingambit, L50, F|38/100\n|-heal|p2b: Kingambit|100/100|[from] move: Healing Wish\n|-activate|p2b: Kingambit|ability: Supreme Overlord\n|-start|p2b: Kingambit|fallen2|[silent]\n|turn|7\n|\n|t:|1776491670\n|switch|p1a: The Airplane|Basculegion, L50, M, shiny|100/100\n|move|p1b: Bofa|Leech Seed|p2b: Kingambit\n|-start|p2b: Kingambit|move: Leech Seed\n|move|p2a: Volcarona|Morning Sun|p2a: Volcarona\n|-heal|p2a: Volcarona|54/100\n|move|p2b: Kingambit|Low Kick|p1a: The Airplane\n|-immune|p1a: The Airplane\n|\n|-damage|p2b: Kingambit|88/100|[from] Leech Seed|[of] p1b: Bofa\n|-heal|p1b: Bofa|89/100|[silent]\n|-ability|p1b: Bofa|Moody|boost\n|-boost|p1b: Bofa|atk|2\n|-unboost|p1b: Bofa|spe|1\n|upkeep\n|turn|8\n|inactive|mattybleh has 30 seconds left.\n|inactive|mattybleh has 20 seconds left.\n|\n|t:|1776491709\n|move|p2b: Kingambit|Sucker Punch|p1a: The Airplane\n|-supereffective|p1a: The Airplane|1\n|-enditem|p1a: The Airplane|Focus Sash\n|-damage|p1a: The Airplane|1/100\n|move|p1b: Bofa|Super Fang|p2a: Volcarona\n|-damage|p2a: Volcarona|27/100\n|move|p2a: Volcarona|Quiver Dance|p2a: Volcarona\n|-boost|p2a: Volcarona|spa|1\n|-boost|p2a: Volcarona|spd|1\n|-boost|p2a: Volcarona|spe|1\n|move|p1a: The Airplane|Flip Turn|p2a: Volcarona\n|-supereffective|p2a: Volcarona|1\n|-damage|p2a: Volcarona|0 fnt\n|faint|p2a: Volcarona\n|\n|t:|1776491724\n|switch|p1a: Heliolisk|Heliolisk, L50, F|100/100|[from] Flip Turn\n|\n|-heal|p2b: Kingambit|94/100|[from] item: Leftovers\n|-damage|p2b: Kingambit|82/100|[from] Leech Seed|[of] p1b: Bofa\n|-heal|p1b: Bofa|100/100|[silent]\n|-ability|p1b: Bofa|Moody|boost\n|-boost|p1b: Bofa|spd|2\n|-unboost|p1b: Bofa|atk|1\n|upkeep\n|turn|9\n|\n|t:|1776491738\n|move|p1a: Heliolisk|Shed Tail|p1a: Heliolisk\n|-start|p1a: Heliolisk|Substitute|[from] move: Shed Tail\n|-damage|p1a: Heliolisk|50/100\n|\n|t:|1776491743\n|switch|p1a: The Airplane|Basculegion, L50, M, shiny|1/100|[from] Shed Tail\n|move|p1b: Bofa|Super Fang|p2b: Kingambit\n|-damage|p2b: Kingambit|42/100\n|move|p2b: Kingambit|Low Kick|p1a: The Airplane\n|-immune|p1a: The Airplane\n|\n|-heal|p2b: Kingambit|47/100|[from] item: Leftovers\n|-damage|p2b: Kingambit|35/100|[from] Leech Seed|[of] p1b: Bofa\n|-ability|p1b: Bofa|Moody|boost\n|-boost|p1b: Bofa|spd|2\n|-unboost|p1b: Bofa|spe|1\n|upkeep\n|turn|10\n|inactive|mattybleh has 30 seconds left.\n|\n|t:|1776491769\n|move|p2b: Kingambit|Sucker Punch|p1a: The Airplane\n|-supereffective|p1a: The Airplane|1\n|-crit|p1a: The Airplane\n|-end|p1a: The Airplane|Substitute\n|move|p1a: The Airplane|Wave Crash|p2b: Kingambit\n|-damage|p2b: Kingambit|0 fnt\n|faint|p2b: Kingambit\n|-end|p2b: Kingambit|fallen2|[silent]\n|-damage|p1a: The Airplane|0 fnt|[from] Recoil\n|faint|p1a: The Airplane\n|\n|win|mattybleh\n|raw|mattybleh's rating: 1049 &rarr; <strong>1081</strong><br />(+32 for winning)\n|raw|ManoloL08's rating: 1044 &rarr; <strong>1028</strong><br />(-16 for losing)\n|l|\u2606ManoloL08\n|player|p2|\n",
  "uploadtime": 1776491781,
  "views": 18,
  "formatid": "gen9championsvgc2026regma",
  "rating": 1028,
  "private": 0,
  "password": null
}