{
  "id": "gen9championsvgc2026regma-2586028287",
  "format": "[Gen 9 Champions] VGC 2026 Reg M-A",
  "players": [
    "yadazei",
    "GWeather"
  ],
  "log": "|j|\u2606yadazei\n|j|\u2606GWeather\n|t:|1776391700\n|gametype|doubles\n|player|p1|yadazei|twins|1202\n|player|p2|GWeather|n|1221\n|gen|9\n|tier|[Gen 9 Champions] VGC 2026 Reg M-A\n|rated|\n|rule|Species Clause: Limit one of each Pok\u00e9mon\n|rule|Item Clause: Limit 1 of each item\n|clearpoke\n|poke|p1|Greninja-*, L50, F|\n|poke|p1|Pelipper, L50, F|\n|poke|p1|Aerodactyl, L50, F|\n|poke|p1|Conkeldurr, L50, F|\n|poke|p1|Kingambit, L50, M|\n|poke|p1|Sneasler, L50, M|\n|poke|p2|Chesnaught, L50, M|\n|poke|p2|Sinistcha, L50|\n|poke|p2|Farigiraf, L50, M|\n|poke|p2|Incineroar, L50, M|\n|poke|p2|Kingambit, L50, M|\n|poke|p2|Azumarill, L50, F|\n|teampreview|4\n|inactive|Battle timer is ON: inactive players will automatically lose when time's up. (requested by GWeather)\n|inactive|yadazei also wants the timer to be on.\n|inactive|yadazei has 60 seconds left.\n|\n|t:|1776391734\n|teamsize|p1|4\n|teamsize|p2|4\n|start\n|switch|p1a: Pelipper|Pelipper, L50, F|100/100\n|switch|p1b: Kingambit|Kingambit, L50, M|100/100\n|switch|p2a: Farigiraf|Farigiraf, L50, M|100/100\n|switch|p2b: Kingambit|Kingambit, L50, M|100/100\n|-weather|RainDance|[from] ability: Drizzle|[of] p1a: Pelipper\n|turn|1\n|inactive|GWeather has 30 seconds left.\n|\n|t:|1776391764\n|move|p1a: Pelipper|Weather Ball|p2b: Kingambit\n|-crit|p2b: Kingambit\n|-damage|p2b: Kingambit|25/100\n|move|p1b: Kingambit|Kowtow Cleave|p2a: Farigiraf\n|-supereffective|p2a: Farigiraf|1\n|-damage|p2a: Farigiraf|0 fnt\n|faint|p2a: Farigiraf\n|move|p2b: Kingambit|Kowtow Cleave|p1a: Pelipper\n|-damage|p1a: Pelipper|21/100\n|\n|-weather|RainDance|[upkeep]\n|upkeep\n|\n|t:|1776391779\n|switch|p2a: Chesnaught|Chesnaught, L50, M|100/100\n|turn|2\n|\n|t:|1776391793\n|detailschange|p2a: Chesnaught|Chesnaught-Mega, L50, M\n|-mega|p2a: Chesnaught|Chesnaught|Chesnaughtite\n|move|p1b: Kingambit|Sucker Punch|p2b: Kingambit\n|-resisted|p2b: Kingambit|1\n|-damage|p2b: Kingambit|8/100\n|move|p2b: Kingambit|Sucker Punch|p1a: Pelipper\n|-damage|p1a: Pelipper|0 fnt\n|faint|p1a: Pelipper\n|move|p2a: Chesnaught|Iron Defense|p2a: Chesnaught\n|-boost|p2a: Chesnaught|def|2\n|\n|-weather|RainDance|[upkeep]\n|upkeep\n|\n|t:|1776391800\n|switch|p1a: Greninja|Greninja, L50, F|100/100\n|turn|3\n|\n|t:|1776391815\n|detailschange|p1a: Greninja|Greninja-Mega, L50, F\n|-mega|p1a: Greninja|Greninja|Greninjite\n|move|p2a: Chesnaught|Spiky Shield|p2a: Chesnaught\n|-singleturn|p2a: Chesnaught|move: Protect\n|move|p2b: Kingambit|Sucker Punch|p1a: Greninja\n|-resisted|p1a: Greninja|1\n|-damage|p1a: Greninja|70/100\n|move|p1a: Greninja|Extrasensory|p2a: Chesnaught\n|-start|p1a: Greninja|typechange|Psychic|[from] ability: Protean\n|-activate|p2a: Chesnaught|move: Protect\n|move|p1b: Kingambit|Iron Head|p2a: Chesnaught\n|-activate|p2a: Chesnaught|move: Protect\n|-damage|p1b: Kingambit|88/100|[from] Spiky Shield|[of] p2a: Chesnaught\n|\n|-weather|RainDance|[upkeep]\n|upkeep\n|turn|4\n|\n|t:|1776391834\n|move|p1a: Greninja|Protect|p1a: Greninja\n|-singleturn|p1a: Greninja|Protect\n|move|p2b: Kingambit|Protect|p2b: Kingambit\n|-singleturn|p2b: Kingambit|Protect\n|move|p1b: Kingambit|Sucker Punch||[still]\n|-fail|p1b: Kingambit\n|move|p2a: Chesnaught|Body Press|p1b: Kingambit\n|-supereffective|p1b: Kingambit|2\n|-crit|p1b: Kingambit\n|-damage|p1b: Kingambit|0 fnt\n|faint|p1b: Kingambit\n|\n|-weather|RainDance|[upkeep]\n|upkeep\n|\n|t:|1776391839\n|switch|p1b: Sneasler|Sneasler, L50, M|100/100\n|turn|5\n|inactive|GWeather has 30 seconds left.\n|inactive|GWeather has 20 seconds left.\n|\n|t:|1776391875\n|move|p2b: Kingambit|Protect|p2b: Kingambit\n|-singleturn|p2b: Kingambit|Protect\n|move|p1a: Greninja|Extrasensory|p2a: Chesnaught\n|-supereffective|p2a: Chesnaught|1\n|-damage|p2a: Chesnaught|51/100\n|move|p1b: Sneasler|Close Combat|p2b: Kingambit\n|-activate|p2b: Kingambit|move: Protect\n|move|p2a: Chesnaught|Wood Hammer|p1a: Greninja\n|-damage|p1a: Greninja|0 fnt\n|faint|p1a: Greninja\n|-damage|p2a: Chesnaught|34/100|[from] Recoil\n|\n|-weather|none\n|upkeep\n|turn|6\n|inactive|GWeather has 30 seconds left.\n|inactive|GWeather has 20 seconds left.\n|\n|t:|1776391914\n|move|p2b: Kingambit|Sucker Punch|p1b: Sneasler\n|-resisted|p1b: Sneasler|1\n|-damage|p1b: Sneasler|64/100\n|move|p1b: Sneasler|Close Combat|p2b: Kingambit\n|-supereffective|p2b: Kingambit|2\n|-damage|p2b: Kingambit|0 fnt\n|-unboost|p1b: Sneasler|def|1\n|-unboost|p1b: Sneasler|spd|1\n|faint|p2b: Kingambit\n|-enditem|p1b: Sneasler|White Herb\n|-clearnegativeboost|p1b: Sneasler|[silent]\n|move|p2a: Chesnaught|Body Press|p1b: Sneasler\n|-resisted|p1b: Sneasler|1\n|-damage|p1b: Sneasler|0 fnt\n|faint|p1b: Sneasler\n|\n|win|GWeather\n|raw|yadazei's rating: 1202 &rarr; <strong>1178</strong><br />(-24 for losing)\n|raw|GWeather's rating: 1221 &rarr; <strong>1245</strong><br />(+24 for winning)\n|l|\u2606yadazei\n|player|p1|\n",
  "uploadtime": 1776391927,
  "views": 18,
  "formatid": "gen9championsvgc2026regma",
  "rating": 1178,
  "private": 0,
  "password": null
}