{
  "id": "gen9championsvgc2026regma-2581636552",
  "format": "[Gen 9 Champions] VGC 2026 Reg M-A",
  "players": [
    "DavidTIS",
    "Yiyimox"
  ],
  "log": "|j|\u2606DavidTIS\n|j|\u2606Yiyimox\n|t:|1776016928\n|gametype|doubles\n|player|p1|DavidTIS|volkner|1139\n|player|p2|Yiyimox|hooligans|1233\n|gen|9\n|tier|[Gen 9 Champions] VGC 2026 Reg M-A\n|rated|\n|rule|Species Clause: Limit one of each Pok\u00e9mon\n|rule|Item Clause: Limit 1 of each item\n|clearpoke\n|poke|p1|Garganacl, L50, F|\n|poke|p1|Mimikyu, L50, F|\n|poke|p1|Chimecho, L50, M|\n|poke|p1|Slowbro, L50, F|\n|poke|p1|Lucario, L50, F|\n|poke|p1|Drampa, L50, M|\n|poke|p2|Aerodactyl, L50, F|\n|poke|p2|Garchomp, L50, M|\n|poke|p2|Basculegion, L50, M|\n|poke|p2|Delphox, L50, F|\n|poke|p2|Archaludon, L50, F|\n|poke|p2|Pelipper, L50, F|\n|teampreview|4\n|inactive|Battle timer is ON: inactive players will automatically lose when time's up. (requested by DavidTIS)\n|inactive|DavidTIS has 60 seconds left.\n|\n|t:|1776016983\n|teamsize|p1|4\n|teamsize|p2|4\n|start\n|switch|p1a: Mimikyu|Mimikyu, L50, F|100/100\n|switch|p1b: Slowbro|Slowbro, L50, F|100/100\n|switch|p2a: Garchomp|Garchomp, L50, M|100/100\n|switch|p2b: Basculegion|Basculegion, L50, M|100/100\n|turn|1\n|\n|t:|1776017001\n|detailschange|p2a: Garchomp|Garchomp-Mega, L50, M\n|-mega|p2a: Garchomp|Garchomp|Garchompite\n|move|p1b: Slowbro|Protect|p1b: Slowbro\n|-singleturn|p1b: Slowbro|Protect\n|move|p2b: Basculegion|Flip Turn|p1a: Mimikyu\n|-activate|p1a: Mimikyu|ability: Disguise\n|-damage|p1a: Mimikyu|100/100\n|detailschange|p1a: Mimikyu|Mimikyu-Busted, L50, F\n|-damage|p1a: Mimikyu|88/100|[from] pokemon: Mimikyu-Busted\n|\n|t:|1776017011\n|switch|p2b: Pelipper|Pelipper, L50, F|100/100|[from] Flip Turn\n|-weather|RainDance|[from] ability: Drizzle|[of] p2b: Pelipper\n|move|p2a: Garchomp|Earthquake|p1a: Mimikyu|[spread] p1a\n|-activate|p1b: Slowbro|move: Protect\n|-immune|p2b: Pelipper\n|-damage|p1a: Mimikyu|1/100\n|-enditem|p1a: Mimikyu|Sitrus Berry|[eat]\n|-heal|p1a: Mimikyu|26/100|[from] item: Sitrus Berry\n|move|p1a: Mimikyu|Trick Room|p1a: Mimikyu\n|-fieldstart|move: Trick Room|[of] p1a: Mimikyu\n|\n|-weather|RainDance|[upkeep]\n|upkeep\n|turn|2\n|\n|t:|1776017032\n|switch|p1a: Chimecho|Chimecho, L50, M|100/100\n|move|p1b: Slowbro|Ice Beam|p2a: Garchomp\n|-supereffective|p2a: Garchomp|2\n|-damage|p2a: Garchomp|0 fnt\n|faint|p2a: Garchomp\n|move|p2b: Pelipper|Hurricane|p1b: Slowbro\n|-damage|p1b: Slowbro|43/100\n|\n|-weather|RainDance|[upkeep]\n|-heal|p1b: Slowbro|49/100|[from] item: Leftovers\n|upkeep\n|\n|t:|1776017042\n|switch|p2a: Archaludon|Archaludon, L50, F|100/100\n|turn|3\n|\n|t:|1776017063\n|detailschange|p1a: Chimecho|Chimecho-Mega, L50, M\n|-mega|p1a: Chimecho|Chimecho|Chimechite\n|move|p1b: Slowbro|Protect|p1b: Slowbro\n|-singleturn|p1b: Slowbro|Protect\n|move|p2a: Archaludon|Protect|p2a: Archaludon\n|-singleturn|p2a: Archaludon|Protect\n|move|p2b: Pelipper|Protect|p2b: Pelipper\n|-singleturn|p2b: Pelipper|Protect\n|move|p1a: Chimecho|Psychic|p2a: Archaludon\n|-activate|p2a: Archaludon|move: Protect\n|\n|-weather|RainDance|[upkeep]\n|-heal|p1b: Slowbro|54/100|[from] item: Leftovers\n|upkeep\n|turn|4\n|\n|t:|1776017081\n|switch|p1b: Mimikyu|Mimikyu-Busted, L50, F|26/100\n|move|p1a: Chimecho|Psychic|p2b: Pelipper\n|-damage|p2b: Pelipper|9/100\n|move|p2a: Archaludon|Electro Shot||[still]\n|-prepare|p2a: Archaludon|Electro Shot\n|-boost|p2a: Archaludon|spa|1\n|-anim|p2a: Archaludon|Electro Shot|p1b: Mimikyu\n|-damage|p1b: Mimikyu|0 fnt\n|faint|p1b: Mimikyu\n|move|p2b: Pelipper|Weather Ball|p1a: Chimecho\n|-damage|p1a: Chimecho|20/100\n|\n|-weather|RainDance|[upkeep]\n|upkeep\n|\n|t:|1776017099\n|switch|p1b: Lucario|Lucario, L50, F|100/100\n|turn|5\n|\n|t:|1776017112\n|switch|p2b: Basculegion|Basculegion, L50, M|100/100\n|move|p2a: Archaludon|Protect|p2a: Archaludon\n|-singleturn|p2a: Archaludon|Protect\n|move|p1b: Lucario|Bullet Punch|p2b: Basculegion\n|-resisted|p2b: Basculegion|1\n|-damage|p2b: Basculegion|91/100\n|move|p1a: Chimecho|Recover|p1a: Chimecho\n|-heal|p1a: Chimecho|70/100\n|\n|-weather|none\n|-fieldend|move: Trick Room\n|upkeep\n|turn|6\n|\n|t:|1776017126\n|switch|p2b: Pelipper|Pelipper, L50, F|9/100\n|-weather|RainDance|[from] ability: Drizzle|[of] p2b: Pelipper\n|move|p1b: Lucario|Aura Sphere|p2a: Archaludon\n|-supereffective|p2a: Archaludon|1\n|-damage|p2a: Archaludon|12/100\n|-ability|p2a: Archaludon|Stamina|boost\n|-boost|p2a: Archaludon|def|1\n|move|p2a: Archaludon|Electro Shot||[still]\n|-prepare|p2a: Archaludon|Electro Shot\n|-boost|p2a: Archaludon|spa|1\n|-anim|p2a: Archaludon|Electro Shot|p1b: Lucario\n|-enditem|p1b: Lucario|Focus Sash\n|-damage|p1b: Lucario|1/100\n|move|p1a: Chimecho|Psychic|p2a: Archaludon\n|-resisted|p2a: Archaludon|1\n|-damage|p2a: Archaludon|0 fnt\n|faint|p2a: Archaludon\n|\n|-weather|RainDance|[upkeep]\n|upkeep\n|\n|t:|1776017145\n|switch|p2a: Basculegion|Basculegion, L50, M|91/100\n|turn|7\n|inactive|Yiyimox has 30 seconds left.\n|\n|t:|1776017174\n|switch|p1b: Slowbro|Slowbro, L50, F|88/100\n|move|p2a: Basculegion|Last Respects|p1a: Chimecho\n|-supereffective|p1a: Chimecho|1\n|-damage|p1a: Chimecho|0 fnt\n|faint|p1a: Chimecho\n|move|p2b: Pelipper|Weather Ball|p1b: Slowbro\n|-resisted|p1b: Slowbro|1\n|-damage|p1b: Slowbro|42/100\n|\n|-weather|RainDance|[upkeep]\n|-heal|p1b: Slowbro|48/100|[from] item: Leftovers\n|upkeep\n|\n|t:|1776017185\n|switch|p1a: Lucario|Lucario, L50, F|1/100\n|turn|8\n|\n|t:|1776017198\n|move|p1b: Slowbro|Protect|p1b: Slowbro\n|-singleturn|p1b: Slowbro|Protect\n|move|p1a: Lucario|Bullet Punch|p2b: Pelipper\n|-resisted|p2b: Pelipper|1\n|-damage|p2b: Pelipper|0 fnt\n|faint|p2b: Pelipper\n|move|p2a: Basculegion|Last Respects|p1a: Lucario\n|-damage|p1a: Lucario|0 fnt\n|faint|p1a: Lucario\n|\n|-weather|RainDance|[upkeep]\n|-heal|p1b: Slowbro|54/100|[from] item: Leftovers\n|upkeep\n|turn|9\n|\n|t:|1776017211\n|move|p2a: Basculegion|Last Respects|p1b: Slowbro\n|-supereffective|p1b: Slowbro|1\n|-damage|p1b: Slowbro|0 fnt\n|faint|p1b: Slowbro\n|\n|win|Yiyimox\n|raw|DavidTIS's rating: 1139 &rarr; <strong>1121</strong><br />(-18 for losing)\n|raw|Yiyimox's rating: 1233 &rarr; <strong>1251</strong><br />(+18 for winning)\n",
  "uploadtime": 1776017215,
  "views": 21,
  "formatid": "gen9championsvgc2026regma",
  "rating": 1121,
  "private": 0,
  "password": null
}