{
  "id": "gen9championsvgc2026regma-2587030736",
  "format": "[Gen 9 Champions] VGC 2026 Reg M-A",
  "players": [
    "venusaurrr",
    "Phillip Blevin"
  ],
  "log": "|j|\u2606venusaurrr\n|j|\u2606Phillip Blevin\n|t:|1776483106\n|gametype|doubles\n|player|p1|venusaurrr|boarder|1417\n|player|p2|Phillip Blevin|cynthia-masters4|1415\n|gen|9\n|tier|[Gen 9 Champions] VGC 2026 Reg M-A\n|rated|\n|rule|Species Clause: Limit one of each Pok\u00e9mon\n|rule|Item Clause: Limit 1 of each item\n|clearpoke\n|poke|p1|Golurk, L50|\n|poke|p1|Farigiraf, L50, M|\n|poke|p1|Incineroar, L50, F|\n|poke|p1|Torkoal, L50, M|\n|poke|p1|Sneasler, L50, F|\n|poke|p1|Venusaur, L50, M|\n|poke|p2|Gengar, L50, M|\n|poke|p2|Rotom-Wash, L50|\n|poke|p2|Sneasler, L50, M|\n|poke|p2|Corviknight, L50, F|\n|poke|p2|Incineroar, L50, M|\n|poke|p2|Whimsicott, L50, F|\n|teampreview|4\n|inactive|Battle timer is ON: inactive players will automatically lose when time's up. (requested by Phillip Blevin)\nPhillip Blevin has agreed to open team sheets.\n|j| LegitLadderingInc\n|\n|t:|1776483123\n|teamsize|p1|4\n|teamsize|p2|4\n|start\n|switch|p1a: Incineroar|Incineroar, L50, F|100/100\n|switch|p1b: Farigiraf|Farigiraf, L50, M|100/100\n|switch|p2a: Gengar|Gengar, L50, M|100/100\n|switch|p2b: Rotom|Rotom-Wash, L50|100/100\n|-ability|p1a: Incineroar|Intimidate|boost\n|-unboost|p2a: Gengar|atk|1\n|-unboost|p2b: Rotom|atk|1\n|turn|1\n|\n|t:|1776483140\n|move|p1a: Incineroar|Fake Out|p2b: Rotom\n|-damage|p2b: Rotom|88/100\n|cant|p2b: Rotom|flinch\n|move|p2a: Gengar|Sludge Bomb|p1b: Farigiraf\n|-damage|p1b: Farigiraf|50/100\n|-status|p1b: Farigiraf|psn\n|-enditem|p1b: Farigiraf|Sitrus Berry|[eat]\n|-heal|p1b: Farigiraf|75/100 psn|[from] item: Sitrus Berry\n|move|p1b: Farigiraf|Trick Room|p1b: Farigiraf\n|-fieldstart|move: Trick Room|[of] p1b: Farigiraf\n|\n|-damage|p1b: Farigiraf|62/100 psn|[from] psn\n|upkeep\n|turn|2\n|\n|t:|1776483160\n|detailschange|p2a: Gengar|Gengar-Mega, L50, M\n|-mega|p2a: Gengar|Gengar|Gengarite\n|move|p2a: Gengar|Protect|p2a: Gengar\n|-singleturn|p2a: Gengar|Protect\n|move|p1b: Farigiraf|Psychic|p2a: Gengar\n|-activate|p2a: Gengar|move: Protect\n|move|p1a: Incineroar|Parting Shot|p2b: Rotom\n|-unboost|p2b: Rotom|atk|1\n|-unboost|p2b: Rotom|spa|1\n|\n|t:|1776483170\n|switch|p1a: Golurk|Golurk, L50|100/100|[from] Parting Shot\n|move|p2b: Rotom|Hydro Pump|p1b: Farigiraf\n|-damage|p1b: Farigiraf|37/100 psn\n|\n|-damage|p1b: Farigiraf|25/100 psn|[from] psn\n|upkeep\n|turn|3\n|\n|t:|1776483189\n|switch|p2a: Incineroar|Incineroar, L50, M|100/100\n|-ability|p2a: Incineroar|Intimidate|boost\n|-unboost|p1a: Golurk|atk|1\n|-unboost|p1b: Farigiraf|atk|1\n|detailschange|p1a: Golurk|Golurk-Mega, L50\n|-mega|p1a: Golurk|Golurk|Golurkite\n|move|p1b: Farigiraf|Helping Hand|p1a: Golurk\n|-singleturn|p1a: Golurk|Helping Hand|[of] p1b: Farigiraf\n|move|p1a: Golurk|Poltergeist|p2b: Rotom\n|-activate|p2b: Rotom|move: Poltergeist|Choice Scarf\n|-damage|p2b: Rotom|4/100\n|move|p2b: Rotom|Hydro Pump|p1a: Golurk|[miss]\n|-miss|p2b: Rotom|p1a: Golurk\n|\n|-damage|p1b: Farigiraf|12/100 psn|[from] psn\n|upkeep\n|turn|4\n|\n|t:|1776483212\n|switch|p1b: Torkoal|Torkoal, L50, M|100/100\n|-weather|SunnyDay|[from] ability: Drought|[of] p1b: Torkoal\n|move|p1a: Golurk|Ice Punch|p2b: Rotom\n|-resisted|p2b: Rotom|1\n|-damage|p2b: Rotom|0 fnt\n|faint|p2b: Rotom\n|move|p2a: Incineroar|Parting Shot|p1a: Golurk\n|-unboost|p1a: Golurk|atk|1\n|-unboost|p1a: Golurk|spa|1\n|\n|t:|1776483225\n|switch|p2a: Sneasler|Sneasler, L50, M|100/100|[from] Parting Shot\n|\n|-weather|SunnyDay|[upkeep]\n|upkeep\n|\n|t:|1776483226\n|switch|p2b: Incineroar|Incineroar, L50, M|100/100\n|-ability|p2b: Incineroar|Intimidate|boost\n|-unboost|p1a: Golurk|atk|1\n|-unboost|p1b: Torkoal|atk|1\n|turn|5\n|\n|t:|1776483245\n|switch|p1a: Farigiraf|Farigiraf, L50, M|12/100 psn\n|move|p2a: Sneasler|Fake Out||[still]\n|cant|p1a: Farigiraf|ability: Armor Tail|Fake Out|[of] p2a: Sneasler\n|move|p1b: Torkoal|Eruption|p2b: Incineroar|[spread] p2a,p2b\n|-resisted|p2b: Incineroar|1\n|-damage|p2a: Sneasler|0 fnt\n|-damage|p2b: Incineroar|65/100\n|faint|p2a: Sneasler\n|move|p2b: Incineroar|Parting Shot|p1b: Torkoal\n|-unboost|p1b: Torkoal|atk|1\n|-unboost|p1b: Torkoal|spa|1\n|\n|t:|1776483249\n|switch|p2b: Gengar|Gengar-Mega, L50, M|100/100|[from] Parting Shot\n|\n|-weather|SunnyDay|[upkeep]\n|-damage|p1a: Farigiraf|0 fnt|[from] psn\n|faint|p1a: Farigiraf\n|-fieldend|move: Trick Room\n|upkeep\n|\n|t:|1776483265\n|switch|p2a: Incineroar|Incineroar, L50, M|65/100\n|switch|p1a: Incineroar|Incineroar, L50, F|100/100\n|-ability|p1a: Incineroar|Intimidate|boost\n|-unboost|p2a: Incineroar|atk|1\n|-unboost|p2b: Gengar|atk|1\n|-ability|p2a: Incineroar|Intimidate|boost\n|-unboost|p1a: Incineroar|atk|1\n|-unboost|p1b: Torkoal|atk|1\n|turn|6\n|\n|t:|1776483287\n|move|p1b: Torkoal|Protect|p1b: Torkoal\n|-singleturn|p1b: Torkoal|Protect\n|move|p2a: Incineroar|Fake Out|p1a: Incineroar\n|-damage|p1a: Incineroar|94/100\n|move|p2b: Gengar|Sludge Bomb|p1b: Torkoal\n|-activate|p1b: Torkoal|move: Protect\n|cant|p1a: Incineroar|flinch\n|\n|-weather|SunnyDay|[upkeep]\n|upkeep\n|turn|7\n|inactive|venusaurrr has 30 seconds left.\n|\n|t:|1776483320\n|move|p2b: Gengar|Protect|p2b: Gengar\n|-singleturn|p2b: Gengar|Protect\n|move|p1a: Incineroar|Parting Shot|p2b: Gengar\n|-activate|p2b: Gengar|move: Protect\n|move|p2a: Incineroar|Flare Blitz|p1b: Torkoal\n|-resisted|p1b: Torkoal|1\n|-damage|p1b: Torkoal|82/100\n|-damage|p2a: Incineroar|60/100|[from] Recoil\n|move|p1b: Torkoal|Weather Ball|p2a: Incineroar\n|-resisted|p2a: Incineroar|1\n|-damage|p2a: Incineroar|38/100\n|-enditem|p2a: Incineroar|Sitrus Berry|[eat]\n|-heal|p2a: Incineroar|62/100|[from] item: Sitrus Berry\n|\n|-weather|SunnyDay|[upkeep]\n|upkeep\n|turn|8\n|\n|t:|1776483341\n|move|p2b: Gengar|Disable|p1a: Incineroar\n|-start|p1a: Incineroar|Disable|Parting Shot\n|move|p1a: Incineroar|Throat Chop|p2b: Gengar\n|-supereffective|p2b: Gengar|1\n|-damage|p2b: Gengar|35/100\n|-start|p2b: Gengar|Throat Chop|[silent]\n|move|p2a: Incineroar|Darkest Lariat|p1b: Torkoal\n|-damage|p1b: Torkoal|64/100\n|move|p1b: Torkoal|Heat Wave|p2b: Gengar|[spread] p2a,p2b\n|-resisted|p2a: Incineroar|1\n|-damage|p2a: Incineroar|47/100\n|-damage|p2b: Gengar|0 fnt\n|faint|p2b: Gengar\n|\n|-weather|none\n|upkeep\n|turn|9\n|-message|Phillip Blevin forfeited.\n|\n|win|venusaurrr\n|raw|venusaurrr's rating: 1417 &rarr; <strong>1437</strong><br />(+20 for winning)\n|raw|Phillip Blevin's rating: 1415 &rarr; <strong>1395</strong><br />(-20 for losing)\n",
  "uploadtime": 1776483346,
  "views": 30,
  "formatid": "gen9championsvgc2026regma",
  "rating": 1395,
  "private": 0,
  "password": null
}