{
  "id": "gen9championsvgc2026regma-2584775485",
  "format": "[Gen 9 Champions] VGC 2026 Reg M-A",
  "players": [
    "shamal7ez",
    "sharpdarkness320"
  ],
  "log": "|j|\u2606shamal7ez\n|j|\u2606sharpdarkness320\n|t:|1776282798\n|gametype|doubles\n|player|p1|shamal7ez|red|1000\n|player|p2|sharpdarkness320|101|1044\n|gen|9\n|tier|[Gen 9 Champions] VGC 2026 Reg M-A\n|rated|\n|rule|Species Clause: Limit one of each Pok\u00e9mon\n|rule|Item Clause: Limit 1 of each item\n|clearpoke\n|poke|p1|Krookodile, L50, M|\n|poke|p1|Espathra, L50, F|\n|poke|p1|Pinsir, L50, F|\n|poke|p1|Sneasler, L50, M|\n|poke|p1|Alcremie, L50, F|\n|poke|p1|Sinistcha-Masterpiece, L50|\n|poke|p2|Pelipper, L50, F|\n|poke|p2|Archaludon, L50, M|\n|poke|p2|Palafin, L50, F|\n|poke|p2|Dragonite, L50, F|\n|poke|p2|Sinistcha, L50|\n|poke|p2|Kingambit, L50, F|\n|teampreview|4\n|\n|t:|1776282830\n|teamsize|p1|4\n|teamsize|p2|4\n|start\n|switch|p1a: Espathra|Espathra, L50, F|100/100\n|switch|p1b: Alcremie|Alcremie, L50, F|100/100\n|switch|p2a: Palafin|Palafin, L50, F|100/100\n|switch|p2b: Kingambit|Kingambit, L50, F|100/100\n|turn|1\n|\n|t:|1776282854\n|move|p1a: Espathra|Protect|p1a: Espathra\n|-singleturn|p1a: Espathra|Protect\n|move|p2a: Palafin|Flip Turn|p1b: Alcremie\n|-damage|p1b: Alcremie|76/100\n|\n|t:|1776282866\n|detailschange|p2a: Palafin|Palafin-Hero, L50, F\n|switch|p2a: Pelipper|Pelipper, L50, F|100/100|[from] Flip Turn\n|-weather|RainDance|[from] ability: Drizzle|[of] p2a: Pelipper\n|move|p1b: Alcremie|Decorate|p1a: Espathra\n|-boost|p1a: Espathra|atk|2\n|-boost|p1a: Espathra|spa|2\n|move|p2b: Kingambit|Iron Head|p1b: Alcremie\n|-supereffective|p1b: Alcremie|1\n|-damage|p1b: Alcremie|0 fnt\n|faint|p1b: Alcremie\n|\n|-weather|RainDance|[upkeep]\n|-ability|p1a: Espathra|Speed Boost|boost\n|-boost|p1a: Espathra|spe|1\n|upkeep\n|\n|t:|1776282878\n|switch|p1b: Sinistcha|Sinistcha-Masterpiece, L50|100/100\n|turn|2\n|\n|t:|1776282894\n|move|p1b: Sinistcha|Protect|p1b: Sinistcha\n|-singleturn|p1b: Sinistcha|Protect\n|move|p2a: Pelipper|Wide Guard|p2a: Pelipper\n|-singleturn|p2a: Pelipper|Wide Guard\n|move|p1a: Espathra|Baton Pass|p1a: Espathra\n|\n|t:|1776282901\n|switch|p1a: Krookodile|Krookodile, L50, M|100/100|[from] Baton Pass\n|move|p2b: Kingambit|Kowtow Cleave|p1a: Krookodile\n|-resisted|p1a: Krookodile|1\n|-damage|p1a: Krookodile|70/100\n|\n|-weather|RainDance|[upkeep]\n|upkeep\n|turn|3\n|\n|t:|1776282921\n|switch|p2b: Dragonite|Dragonite, L50, F|100/100\n|move|p1b: Sinistcha|Rage Powder|p1b: Sinistcha\n|-singleturn|p1b: Sinistcha|move: Rage Powder\n|move|p1a: Krookodile|Power Trip|p2a: Pelipper\n|-damage|p2a: Pelipper|0 fnt\n|faint|p2a: Pelipper\n|-ability|p1a: Krookodile|Moxie|boost\n|-boost|p1a: Krookodile|atk|1\n|\n|-weather|RainDance|[upkeep]\n|upkeep\n|\n|t:|1776282934\n|switch|p2a: Palafin|Palafin-Hero, L50, F|100/100\n|-activate|p2a: Palafin|ability: Zero to Hero\n|turn|4\n|\n|t:|1776282947\n|detailschange|p2b: Dragonite|Dragonite-Mega, L50, F\n|-mega|p2b: Dragonite|Dragonite|Dragoninite\n|move|p1b: Sinistcha|Rage Powder|p1b: Sinistcha\n|-singleturn|p1b: Sinistcha|move: Rage Powder\n|move|p2a: Palafin|Ice Punch|p1b: Sinistcha\n|-supereffective|p1b: Sinistcha|1\n|-damage|p1b: Sinistcha|50/100\n|-enditem|p1b: Sinistcha|Sitrus Berry|[eat]\n|-heal|p1b: Sinistcha|75/100|[from] item: Sitrus Berry\n|move|p1a: Krookodile|Power Trip|p2a: Palafin\n|-damage|p2a: Palafin|0 fnt\n|faint|p2a: Palafin\n|-ability|p1a: Krookodile|Moxie|boost\n|-boost|p1a: Krookodile|atk|1\n|move|p2b: Dragonite|Hurricane|p1b: Sinistcha\n|-supereffective|p1b: Sinistcha|1\n|-damage|p1b: Sinistcha|0 fnt\n|faint|p1b: Sinistcha\n|\n|-weather|RainDance|[upkeep]\n|upkeep\n|\n|t:|1776282964\n|switch|p2a: Kingambit|Kingambit, L50, F|100/100\n|switch|p1b: Espathra|Espathra, L50, F|100/100\n|turn|5\n|\n|t:|1776282982\n|move|p1b: Espathra|Protect|p1b: Espathra\n|-singleturn|p1b: Espathra|Protect\n|move|p1a: Krookodile|Earthquake|p2a: Kingambit|[spread] p2a\n|-activate|p1b: Espathra|move: Protect\n|-immune|p2b: Dragonite\n|-supereffective|p2a: Kingambit|1\n|-damage|p2a: Kingambit|0 fnt\n|faint|p2a: Kingambit\n|-ability|p1a: Krookodile|Moxie|boost\n|-boost|p1a: Krookodile|atk|1\n|move|p2b: Dragonite|Hurricane|p1b: Espathra\n|-activate|p1b: Espathra|move: Protect\n|\n|-weather|none\n|-ability|p1b: Espathra|Speed Boost|boost\n|-boost|p1b: Espathra|spe|1\n|upkeep\n|turn|6\n|-message|sharpdarkness320 forfeited.\n|\n|win|shamal7ez\n|raw|shamal7ez's rating: 1000 &rarr; <strong>1045</strong><br />(+45 for winning)\n|raw|sharpdarkness320's rating: 1044 &rarr; <strong>1025</strong><br />(-19 for losing)\n|l|\u2606sharpdarkness320\n|player|p2|\n",
  "uploadtime": 1776282996,
  "views": 29,
  "formatid": "gen9championsvgc2026regma",
  "rating": 1025,
  "private": 0,
  "password": null
}