{
  "id": "gen9championsvgc2026regma-2586067763",
  "format": "[Gen 9 Champions] VGC 2026 Reg M-A",
  "players": [
    "slash123123",
    "thissauce"
  ],
  "log": "|j|\u2606slash123123\n|j|\u2606thissauce\n|t:|1776395556\n|gametype|doubles\n|player|p1|slash123123|rancher|1057\n|player|p2|thissauce|101|1146\n|gen|9\n|tier|[Gen 9 Champions] VGC 2026 Reg M-A\n|rated|\n|rule|Species Clause: Limit one of each Pok\u00e9mon\n|rule|Item Clause: Limit 1 of each item\n|clearpoke\n|poke|p1|Aerodactyl, L50, F|\n|poke|p1|Floette-Eternal, L50, F|\n|poke|p1|Basculegion, L50, M|\n|poke|p1|Volcarona, L50, M|\n|poke|p1|Rotom-Wash, L50|\n|poke|p1|Sinistcha, L50|\n|poke|p2|Delphox, L50, F|\n|poke|p2|Incineroar, L50, F|\n|poke|p2|Garchomp, L50, F|\n|poke|p2|Sneasler, L50, M|\n|poke|p2|Aerodactyl, L50, M|\n|poke|p2|Clefable, L50, M|\n|teampreview|4\n|inactive|Battle timer is ON: inactive players will automatically lose when time's up. (requested by thissauce)\n|\n|t:|1776395582\n|teamsize|p1|4\n|teamsize|p2|4\n|start\n|switch|p1a: Aerodactyl|Aerodactyl, L50, F|100/100\n|switch|p1b: Floette|Floette-Eternal, L50, F|100/100\n|switch|p2a: Delphox|Delphox, L50, F|100/100\n|switch|p2b: Clefable|Clefable, L50, M|100/100\n|-ability|p1a: Aerodactyl|Unnerve\n|turn|1\n|\n|t:|1776395597\n|detailschange|p2a: Delphox|Delphox-Mega, L50, F\n|-mega|p2a: Delphox|Delphox|Delphoxite\n|detailschange|p1b: Floette|Floette-Mega, L50, F\n|-mega|p1b: Floette|Floette|Floettite\n|-ability|p1b: Floette|Fairy Aura\n|move|p2a: Delphox|Substitute|p2a: Delphox\n|-start|p2a: Delphox|Substitute\n|-damage|p2a: Delphox|76/100\n|move|p1a: Aerodactyl|Rock Slide|p2b: Clefable|[spread] p2a,p2b\n|-supereffective|p2a: Delphox|1\n|-end|p2a: Delphox|Substitute\n|-damage|p2b: Clefable|79/100\n|move|p1b: Floette|Calm Mind|p1b: Floette\n|-boost|p1b: Floette|spa|1\n|-boost|p1b: Floette|spd|1\n|move|p2b: Clefable|Moonblast|p1a: Aerodactyl\n|-damage|p1a: Aerodactyl|41/100\n|\n|upkeep\n|turn|2\n|inactive|slash123123 has 30 seconds left.\n|\n|t:|1776395624\n|move|p2a: Delphox|Psychic|p1a: Aerodactyl\n|-damage|p1a: Aerodactyl|0 fnt\n|faint|p1a: Aerodactyl\n|move|p1b: Floette|Calm Mind|p1b: Floette\n|-boost|p1b: Floette|spa|1\n|-boost|p1b: Floette|spd|1\n|move|p2b: Clefable|Moonblast|p1b: Floette\n|-damage|p1b: Floette|64/100\n|\n|upkeep\n|\n|t:|1776395635\n|switch|p1a: Sinistcha|Sinistcha, L50|100/100\n|-heal|p1b: Floette|89/100|[from] ability: Hospitality|[of] p1a: Sinistcha\n|turn|3\n|\n|t:|1776395658\n|move|p2b: Clefable|Helping Hand|p2a: Delphox\n|-singleturn|p2a: Delphox|Helping Hand|[of] p2b: Clefable\n|move|p1a: Sinistcha|Protect|p1a: Sinistcha\n|-singleturn|p1a: Sinistcha|Protect\n|move|p2a: Delphox|Heat Wave|p1b: Floette|[spread] p1b\n|-activate|p1a: Sinistcha|move: Protect\n|-damage|p1b: Floette|62/100\n|move|p1b: Floette|Dazzling Gleam|p2a: Delphox|[spread] p2a,p2b\n|-resisted|p2a: Delphox|1\n|-damage|p2a: Delphox|28/100\n|-damage|p2b: Clefable|36/100\n|\n|upkeep\n|turn|4\n|\n|t:|1776395682\n|switch|p1a: Volcarona|Volcarona, L50, M|100/100\n|move|p2b: Clefable|Helping Hand|p2a: Delphox\n|-singleturn|p2a: Delphox|Helping Hand|[of] p2b: Clefable\n|move|p2a: Delphox|Heat Wave|p1a: Volcarona|[spread] p1a,p1b\n|-damage|p1a: Volcarona|59/100\n|-damage|p1b: Floette|32/100\n|move|p1b: Floette|Dazzling Gleam|p2a: Delphox|[spread] p2a,p2b\n|-resisted|p2a: Delphox|1\n|-damage|p2a: Delphox|0 fnt\n|-damage|p2b: Clefable|0 fnt\n|faint|p2a: Delphox\n|faint|p2b: Clefable\n|\n|upkeep\n|\n|t:|1776395697\n|switch|p2a: Sneasler|Sneasler, L50, M|100/100\n|switch|p2b: Garchomp|Garchomp, L50, F|100/100\n|turn|5\n|\n|t:|1776395709\n|switch|p1a: Sinistcha|Sinistcha, L50|100/100\n|-heal|p1b: Floette|57/100|[from] ability: Hospitality|[of] p1a: Sinistcha\n|move|p1b: Floette|Protect|p1b: Floette\n|-singleturn|p1b: Floette|Protect\n|move|p2a: Sneasler|Fake Out|p1b: Floette\n|-activate|p1b: Floette|move: Protect\n|move|p2b: Garchomp|Rock Slide|p1a: Sinistcha|[spread] p1a\n|-activate|p1b: Floette|move: Protect\n|-damage|p1a: Sinistcha|85/100\n|\n|upkeep\n|turn|6\n|\n|t:|1776395733\n|move|p1a: Sinistcha|Rage Powder|p1a: Sinistcha\n|-singleturn|p1a: Sinistcha|move: Rage Powder\n|move|p2b: Garchomp|Rock Slide|p1b: Floette|[spread] p1a,p1b\n|-damage|p1a: Sinistcha|70/100\n|-damage|p1b: Floette|28/100\n|move|p2a: Sneasler|Dire Claw|p1a: Sinistcha\n|-damage|p1a: Sinistcha|35/100\n|-enditem|p1a: Sinistcha|Sitrus Berry|[eat]\n|-heal|p1a: Sinistcha|59/100|[from] item: Sitrus Berry\n|move|p1b: Floette|Dazzling Gleam|p2b: Garchomp|[spread] p2a,p2b\n|-supereffective|p2b: Garchomp|1\n|-damage|p2a: Sneasler|0 fnt\n|-damage|p2b: Garchomp|0 fnt\n|faint|p2a: Sneasler\n|faint|p2b: Garchomp\n|\n|win|slash123123\n|raw|slash123123's rating: 1057 &rarr; <strong>1096</strong><br />(+39 for winning)\n|raw|thissauce's rating: 1146 &rarr; <strong>1115</strong><br />(-31 for losing)\n",
  "uploadtime": 1776395749,
  "views": 20,
  "formatid": "gen9championsvgc2026regma",
  "rating": 1096,
  "private": 0,
  "password": null
}