{
  "id": "gen9championsvgc2026regma-2587970143",
  "format": "[Gen 9 Champions] VGC 2026 Reg M-A",
  "players": [
    "Bonaban",
    "forzaatm"
  ],
  "log": "|j|\u2606Bonaban\n|j|\u2606forzaatm\n|t:|1776586588\n|gametype|doubles\n|player|p1|Bonaban|2|1109\n|player|p2|forzaatm|170|1137\n|gen|9\n|tier|[Gen 9 Champions] VGC 2026 Reg M-A\n|rated|\n|rule|Species Clause: Limit one of each Pok\u00e9mon\n|rule|Item Clause: Limit 1 of each item\n|clearpoke\n|poke|p1|Garchomp, L50, M|\n|poke|p1|Excadrill, L50, M|\n|poke|p1|Clefable, L50, F|\n|poke|p1|Basculegion, L50, M|\n|poke|p1|Corviknight, L50, M|\n|poke|p1|Tyranitar, L50, F|\n|poke|p2|Golurk, L50|\n|poke|p2|Farigiraf, L50, M|\n|poke|p2|Incineroar, L50, M|\n|poke|p2|Torkoal, L50, M|\n|poke|p2|Sneasler, L50, F|\n|poke|p2|Venusaur, L50, M|\n|teampreview|4\n|inactive|Battle timer is ON: inactive players will automatically lose when time's up. (requested by Bonaban)\n|\n|t:|1776586627\n|teamsize|p1|4\n|teamsize|p2|4\n|start\n|switch|p1a: Garchomp|Garchomp, L50, M|100/100\n|switch|p1b: Tyranitar|Tyranitar, L50, F|100/100\n|switch|p2a: Farigiraf|Farigiraf, L50, M|100/100\n|switch|p2b: Sneasler|Sneasler, L50, F|100/100\n|-weather|Sandstorm|[from] ability: Sand Stream|[of] p1b: Tyranitar\n|turn|1\n|inactive|Bonaban has 30 seconds left.\n|inactive|Bonaban has 20 seconds left.\n|inactive|Bonaban has 15 seconds left.\n|inactive|Bonaban has 10 seconds left.\n|\n|t:|1776586676\n|move|p2b: Sneasler|Fake Out|p1a: Garchomp|[miss]\n|-miss|p2b: Sneasler|p1a: Garchomp\n|move|p1a: Garchomp|Crunch|p2a: Farigiraf\n|-supereffective|p2a: Farigiraf|1\n|-damage|p2a: Farigiraf|50/100\n|-enditem|p2a: Farigiraf|Sitrus Berry|[eat]\n|-heal|p2a: Farigiraf|75/100|[from] item: Sitrus Berry\n|move|p1b: Tyranitar|Rock Slide|p2b: Sneasler|[spread] p2a,p2b\n|-resisted|p2b: Sneasler|1\n|-damage|p2a: Farigiraf|54/100\n|-damage|p2b: Sneasler|81/100\n|move|p2a: Farigiraf|Trick Room|p2a: Farigiraf\n|-fieldstart|move: Trick Room|[of] p2a: Farigiraf\n|\n|-weather|Sandstorm|[upkeep]\n|-damage|p2a: Farigiraf|48/100|[from] Sandstorm\n|-damage|p2b: Sneasler|75/100|[from] Sandstorm\n|upkeep\n|turn|2\n|\n|t:|1776586695\n|switch|p2a: Torkoal|Torkoal, L50, M|100/100\n|-weather|SunnyDay|[from] ability: Drought|[of] p2a: Torkoal\n|detailschange|p1a: Garchomp|Garchomp-Mega, L50, M\n|-mega|p1a: Garchomp|Garchomp|Garchompite\n|move|p1b: Tyranitar|Sandstorm|p1b: Tyranitar\n|-weather|Sandstorm\n|move|p1a: Garchomp|Crunch|p2a: Torkoal\n|-damage|p2a: Torkoal|71/100\n|move|p2b: Sneasler|Close Combat|p1b: Tyranitar\n|-supereffective|p1b: Tyranitar|2\n|-enditem|p1b: Tyranitar|Chople Berry|[eat]\n|-enditem|p1b: Tyranitar|Chople Berry|[weaken]\n|-damage|p1b: Tyranitar|34/100\n|-unboost|p2b: Sneasler|def|1\n|-unboost|p2b: Sneasler|spd|1\n|-enditem|p2b: Sneasler|White Herb\n|-clearnegativeboost|p2b: Sneasler|[silent]\n|\n|-weather|Sandstorm|[upkeep]\n|-damage|p2a: Torkoal|65/100|[from] Sandstorm\n|-damage|p2b: Sneasler|70/100|[from] Sandstorm\n|upkeep\n|turn|3\n|inactive|forzaatm has 30 seconds left.\n|\n|t:|1776586720\n|switch|p2a: Farigiraf|Farigiraf, L50, M|48/100\n|move|p1b: Tyranitar|Protect|p1b: Tyranitar\n|-singleturn|p1b: Tyranitar|Protect\n|move|p1a: Garchomp|Earthquake|p2b: Sneasler|[spread] p2a,p2b\n|-activate|p1b: Tyranitar|move: Protect\n|-supereffective|p2b: Sneasler|1\n|-crit|p2b: Sneasler\n|-damage|p2a: Farigiraf|0 fnt\n|-damage|p2b: Sneasler|0 fnt\n|faint|p2a: Farigiraf\n|faint|p2b: Sneasler\n|\n|-weather|Sandstorm|[upkeep]\n|upkeep\n|\n|t:|1776586729\n|switch|p2a: Torkoal|Torkoal, L50, M|65/100\n|switch|p2b: Golurk|Golurk, L50|100/100\n|-weather|SunnyDay|[from] ability: Drought|[of] p2a: Torkoal\n|turn|4\n|\n|t:|1776586740\n|switch|p1b: Corviknight|Corviknight, L50, M|100/100\n|detailschange|p2b: Golurk|Golurk-Mega, L50\n|-mega|p2b: Golurk|Golurk|Golurkite\n|move|p2a: Torkoal|Heat Wave|p1a: Garchomp|[spread] p1a,p1b\n|-resisted|p1a: Garchomp|1\n|-supereffective|p1b: Corviknight|1\n|-damage|p1a: Garchomp|74/100\n|-damage|p1b: Corviknight|9/100\n|move|p2b: Golurk|Ice Punch|p1a: Garchomp\n|-supereffective|p1a: Garchomp|2\n|-damage|p1a: Garchomp|0 fnt\n|faint|p1a: Garchomp\n|\n|-weather|SunnyDay|[upkeep]\n|-heal|p1b: Corviknight|15/100|[from] item: Leftovers\n|upkeep\n|\n|t:|1776586752\n|switch|p1a: Tyranitar|Tyranitar, L50, F|34/100\n|-weather|Sandstorm|[from] ability: Sand Stream|[of] p1a: Tyranitar\n|turn|5\n|\n|t:|1776586770\n|move|p1a: Tyranitar|Protect|p1a: Tyranitar\n|-singleturn|p1a: Tyranitar|Protect\n|move|p2a: Torkoal|Heat Wave|p1a: Tyranitar|[spread] p1b\n|-activate|p1a: Tyranitar|move: Protect\n|-supereffective|p1b: Corviknight|1\n|-damage|p1b: Corviknight|0 fnt\n|faint|p1b: Corviknight\n|move|p2b: Golurk|Headlong Rush|p1a: Tyranitar\n|-supereffective|p1a: Tyranitar|1\n|-crit|p1a: Tyranitar\n|-ability|p2b: Golurk|Unseen Fist\n|-zbroken|p1a: Tyranitar\n|-damage|p1a: Tyranitar|0 fnt\n|-unboost|p2b: Golurk|def|1\n|-unboost|p2b: Golurk|spd|1\n|faint|p1a: Tyranitar\n|\n|-weather|Sandstorm|[upkeep]\n|-damage|p2a: Torkoal|59/100|[from] Sandstorm\n|-fieldend|move: Trick Room\n|upkeep\n|\n|t:|1776586772\n|switch|p1b: Excadrill|Excadrill, L50, M|100/100\n|turn|6\n|inactive|forzaatm has 30 seconds left.\n|\n|t:|1776586806\n|move|p2a: Torkoal|Protect|p2a: Torkoal\n|-singleturn|p2a: Torkoal|Protect\n|move|p1b: Excadrill|Earthquake|p2a: Torkoal|[spread] p2b\n|-activate|p2a: Torkoal|move: Protect\n|-damage|p2b: Golurk|45/100\n|move|p2b: Golurk|Headlong Rush|p1b: Excadrill\n|-supereffective|p1b: Excadrill|1\n|-enditem|p1b: Excadrill|Focus Sash\n|-damage|p1b: Excadrill|1/100\n|-unboost|p2b: Golurk|def|1\n|-unboost|p2b: Golurk|spd|1\n|\n|-weather|Sandstorm|[upkeep]\n|-damage|p2a: Torkoal|53/100|[from] Sandstorm\n|upkeep\n|turn|7\n|\n|t:|1776586819\n|move|p1b: Excadrill|Earthquake|p2b: Golurk|[spread] p2a,p2b\n|-supereffective|p2a: Torkoal|1\n|-damage|p2a: Torkoal|0 fnt\n|-damage|p2b: Golurk|0 fnt\n|faint|p2a: Torkoal\n|faint|p2b: Golurk\n|\n|win|Bonaban\n|raw|Bonaban's rating: 1109 &rarr; <strong>1137</strong><br />(+28 for winning)\n|raw|forzaatm's rating: 1156 &rarr; <strong>1128</strong><br />(-28 for losing)\n|c|\u2606Bonaban|gg\n|l|\u2606forzaatm\n|player|p2|\n",
  "uploadtime": 1776586833,
  "views": 14,
  "formatid": "gen9championsvgc2026regma",
  "rating": 1128,
  "private": 0,
  "password": null
}