{
  "id": "gen9championsvgc2026regma-2582303985",
  "format": "[Gen 9 Champions] VGC 2026 Reg M-A",
  "players": [
    "MoNo_T0NaL",
    "MPC05g"
  ],
  "log": "|j|\u2606MoNo_T0NaL\n|j|\u2606MPC05g\n|t:|1776081566\n|gametype|doubles\n|player|p1|MoNo_T0NaL|n|1107\n|player|p2|MPC05g|265|1195\n|gen|9\n|tier|[Gen 9 Champions] VGC 2026 Reg M-A\n|rated|\n|rule|Species Clause: Limit one of each Pok\u00e9mon\n|rule|Item Clause: Limit 1 of each item\n|clearpoke\n|poke|p1|Gengar, L50, F|\n|poke|p1|Whimsicott, L50, M|\n|poke|p1|Arcanine-Hisui, L50, F|\n|poke|p1|Sneasler, L50, F|\n|poke|p1|Meowscarada, L50, M|\n|poke|p1|Maushold, L50|\n|poke|p2|Charizard, L50, M|\n|poke|p2|Whimsicott, L50, F|\n|poke|p2|Garchomp, L50, F|\n|poke|p2|Sneasler, L50, M|\n|poke|p2|Kingambit, L50, M|\n|poke|p2|Rotom-Wash, L50|\n|teampreview|4\n|inactive|Battle timer is ON: inactive players will automatically lose when time's up. (requested by MPC05g)\n|\n|t:|1776081600\n|teamsize|p1|4\n|teamsize|p2|4\n|start\n|switch|p1a: Violet|Gengar, L50, F, shiny|100/100\n|switch|p1b: Whimsicott|Whimsicott, L50, M|100/100\n|switch|p2a: Charizard|Charizard, L50, M, shiny|100/100\n|switch|p2b: Whimsicott|Whimsicott, L50, F|100/100\n|turn|1\n|\n|t:|1776081620\n|detailschange|p1a: Violet|Gengar-Mega, L50, F, shiny\n|-mega|p1a: Violet|Gengar|Gengarite\n|detailschange|p2a: Charizard|Charizard-Mega-Y, L50, M, shiny\n|-mega|p2a: Charizard|Charizard|Charizardite Y\n|-weather|SunnyDay|[from] ability: Drought|[of] p2a: Charizard\n|move|p2b: Whimsicott|Tailwind|p2b: Whimsicott\n|-sidestart|p2: MPC05g|move: Tailwind\n|move|p1b: Whimsicott|Tailwind|p1b: Whimsicott\n|-sidestart|p1: MoNo_T0NaL|move: Tailwind\n|move|p1a: Violet|Shadow Ball|p2a: Charizard\n|-damage|p2a: Charizard|50/100\n|move|p2a: Charizard|Heat Wave|p1a: Violet|[spread] p1a,p1b\n|-supereffective|p1b: Whimsicott|1\n|-damage|p1a: Violet|9/100\n|-enditem|p1b: Whimsicott|Focus Sash\n|-damage|p1b: Whimsicott|1/100\n|\n|-weather|SunnyDay|[upkeep]\n|upkeep\n|turn|2\n|inactive|MoNo_T0NaL has 30 seconds left.\n|\n|t:|1776081648\n|move|p1b: Whimsicott|Encore|p2a: Charizard\n|-start|p2a: Charizard|Encore\n|move|p1a: Violet|Disable|p2a: Charizard\n|-start|p2a: Charizard|Disable|Heat Wave\n|move|p2b: Whimsicott|Moonblast|p1a: Violet\n|-resisted|p1a: Violet|1\n|-damage|p1a: Violet|0 fnt\n|faint|p1a: Violet\n|cant|p2a: Charizard|Disable|Heat Wave\n|\n|-weather|SunnyDay|[upkeep]\n|upkeep\n|\n|t:|1776081661\n|switch|p1a: Sneasler|Sneasler, L50, F, shiny|100/100\n|turn|3\n|inactive|MPC05g has 30 seconds left.\n|\n|t:|1776081689\n|switch|p2a: Sneasler|Sneasler, L50, M|100/100\n|move|p1a: Sneasler|Fake Out|p2b: Whimsicott\n|-damage|p2b: Whimsicott|81/100\n|cant|p2b: Whimsicott|flinch\n|move|p1b: Whimsicott|Moonblast|p2a: Sneasler\n|-damage|p2a: Sneasler|61/100\n|\n|-weather|SunnyDay|[upkeep]\n|upkeep\n|turn|4\n|\n|t:|1776081712\n|move|p1b: Whimsicott|Protect|p1b: Whimsicott\n|-singleturn|p1b: Whimsicott|Protect\n|move|p1a: Sneasler|Protect|p1a: Sneasler\n|-singleturn|p1a: Sneasler|Protect\n|move|p2a: Sneasler|Fake Out|p1a: Sneasler\n|-activate|p1a: Sneasler|move: Protect\n|move|p2b: Whimsicott|Moonblast|p1a: Sneasler\n|-activate|p1a: Sneasler|move: Protect\n|\n|-weather|SunnyDay|[upkeep]\n|-sideend|p2: MPC05g|move: Tailwind\n|-sideend|p1: MoNo_T0NaL|move: Tailwind\n|upkeep\n|turn|5\n|\n|t:|1776081731\n|move|p1b: Whimsicott|Tailwind|p1b: Whimsicott\n|-sidestart|p1: MoNo_T0NaL|move: Tailwind\n|move|p1a: Sneasler|Close Combat|p2a: Sneasler\n|-resisted|p2a: Sneasler|1\n|-damage|p2a: Sneasler|11/100\n|-unboost|p1a: Sneasler|def|1\n|-unboost|p1a: Sneasler|spd|1\n|-enditem|p1a: Sneasler|White Herb\n|-clearnegativeboost|p1a: Sneasler|[silent]\n|move|p2a: Sneasler|Dire Claw|p1b: Whimsicott\n|-supereffective|p1b: Whimsicott|2\n|-damage|p1b: Whimsicott|0 fnt\n|faint|p1b: Whimsicott\n|move|p2b: Whimsicott|Moonblast|p1a: Sneasler\n|-damage|p1a: Sneasler|63/100\n|-unboost|p1a: Sneasler|spa|1\n|\n|-weather|none\n|upkeep\n|\n|t:|1776081749\n|switch|p1b: Meowscarada|Meowscarada, L50, M|100/100\n|turn|6\n|\n|t:|1776081759\n|move|p1b: Meowscarada|Sucker Punch|p2a: Sneasler\n|-start|p1b: Meowscarada|typechange|Dark|[from] ability: Protean\n|-resisted|p2a: Sneasler|1\n|-damage|p2a: Sneasler|0 fnt\n|faint|p2a: Sneasler\n|move|p2b: Whimsicott|Tailwind|p2b: Whimsicott\n|-sidestart|p2: MPC05g|move: Tailwind\n|move|p1a: Sneasler|Dire Claw|p2b: Whimsicott\n|-supereffective|p2b: Whimsicott|2\n|-damage|p2b: Whimsicott|0 fnt\n|faint|p2b: Whimsicott\n|\n|upkeep\n|\n|t:|1776081773\n|switch|p2a: Charizard|Charizard-Mega-Y, L50, M, shiny|50/100\n|switch|p2b: Kingambit|Kingambit, L50, M|100/100\n|-weather|SunnyDay|[from] ability: Drought|[of] p2a: Charizard\n|turn|7\n|\n|t:|1776081784\n|move|p1b: Meowscarada|Sucker Punch|p2a: Charizard\n|-damage|p2a: Charizard|6/100\n|move|p1a: Sneasler|Close Combat|p2b: Kingambit\n|-supereffective|p2b: Kingambit|2\n|-damage|p2b: Kingambit|0 fnt\n|-unboost|p1a: Sneasler|def|1\n|-unboost|p1a: Sneasler|spd|1\n|faint|p2b: Kingambit\n|move|p2a: Charizard|Heat Wave|p1a: Sneasler|[spread] p1a,p1b\n|-damage|p1a: Sneasler|0 fnt\n|-damage|p1b: Meowscarada|6/100\n|-enditem|p1b: Meowscarada|Sitrus Berry|[eat]\n|-heal|p1b: Meowscarada|31/100|[from] item: Sitrus Berry\n|faint|p1a: Sneasler\n|\n|-weather|SunnyDay|[upkeep]\n|upkeep\n|turn|8\n|\n|t:|1776081805\n|move|p2a: Charizard|Protect|p2a: Charizard\n|-singleturn|p2a: Charizard|Protect\n|move|p1b: Meowscarada|Sucker Punch||[still]\n|-fail|p1b: Meowscarada\n|\n|-weather|SunnyDay|[upkeep]\n|-sideend|p1: MoNo_T0NaL|move: Tailwind\n|upkeep\n|turn|9\n|\n|t:|1776081819\n|move|p2a: Charizard|Protect||[still]\n|-fail|p2a: Charizard\n|move|p1b: Meowscarada|Sucker Punch||[still]\n|-fail|p1b: Meowscarada\n|\n|-weather|SunnyDay|[upkeep]\n|-sideend|p2: MPC05g|move: Tailwind\n|upkeep\n|turn|10\n|\n|t:|1776081829\n|move|p2a: Charizard|Protect|p2a: Charizard\n|-singleturn|p2a: Charizard|Protect\n|move|p1b: Meowscarada|Sucker Punch||[still]\n|-fail|p1b: Meowscarada\n|\n|-weather|SunnyDay|[upkeep]\n|upkeep\n|turn|11\n|\n|t:|1776081842\n|move|p2a: Charizard|Protect||[still]\n|-fail|p2a: Charizard\n|move|p1b: Meowscarada|Knock Off|p2a: Charizard\n|-damage|p2a: Charizard|0 fnt\n|faint|p2a: Charizard\n|\n|win|MoNo_T0NaL\n|raw|MoNo_T0NaL's rating: 1107 &rarr; <strong>1138</strong><br />(+31 for winning)\n|raw|MPC05g's rating: 1195 &rarr; <strong>1164</strong><br />(-31 for losing)\n|l|\u2606MPC05g\n|player|p2|\n",
  "uploadtime": 1776081849,
  "views": 20,
  "formatid": "gen9championsvgc2026regma",
  "rating": 1138,
  "private": 0,
  "password": null
}