{
  "id": "gen9championsvgc2026regma-2587549941",
  "format": "[Gen 9 Champions] VGC 2026 Reg M-A",
  "players": [
    "lordofthebagels89",
    "holiwis1234"
  ],
  "log": "|j|\u2606lordofthebagels89\n|j|\u2606holiwis1234\n|t:|1776541431\n|gametype|doubles\n|player|p1|lordofthebagels89|lucian|1182\n|player|p2|holiwis1234|2|1217\n|gen|9\n|tier|[Gen 9 Champions] VGC 2026 Reg M-A\n|rated|\n|rule|Species Clause: Limit one of each Pok\u00e9mon\n|rule|Item Clause: Limit 1 of each item\n|clearpoke\n|poke|p1|Gardevoir, L50, M|\n|poke|p1|Aggron, L50, M|\n|poke|p1|Incineroar, L50, M|\n|poke|p1|Sinistcha, L50|\n|poke|p1|Torkoal, L50, M|\n|poke|p1|Farigiraf, L50, M|\n|poke|p2|Charizard, L50, M|\n|poke|p2|Incineroar, L50, F|\n|poke|p2|Sneasler, L50, F|\n|poke|p2|Basculegion, L50, M|\n|poke|p2|Scovillain, L50, F|\n|poke|p2|Kingambit, L50, F|\n|teampreview|4\n|inactive|Battle timer is ON: inactive players will automatically lose when time's up. (requested by holiwis1234)\n|inactive|lordofthebagels89 has 60 seconds left.\n|inactive|holiwis1234 has 60 seconds left.\nholiwis1234 rejected open team sheets.\n|inactive|holiwis1234 has 30 seconds left.\n|inactive|holiwis1234 has 20 seconds left.\n|inactive|holiwis1234 has 15 seconds left.\n|\n|t:|1776541508\n|teamsize|p1|4\n|teamsize|p2|4\n|start\n|switch|p1a: Farigiraf|Farigiraf, L50, M|100/100\n|switch|p1b: Torkoal|Torkoal, L50, M|100/100\n|switch|p2a: Scovillain|Scovillain, L50, F|100/100\n|switch|p2b: Sneasler|Sneasler, L50, F|100/100\n|-weather|SunnyDay|[from] ability: Drought|[of] p1b: Torkoal\n|turn|1\n|\n|t:|1776541528\n|detailschange|p2a: Scovillain|Scovillain-Mega, L50, F\n|-mega|p2a: Scovillain|Scovillain|Scovillainite\n|move|p2b: Sneasler|Close Combat|p1a: Farigiraf\n|-damage|p1a: Farigiraf|41/100\n|-unboost|p2b: Sneasler|def|1\n|-unboost|p2b: Sneasler|spd|1\n|-enditem|p2b: Sneasler|White Herb\n|-clearnegativeboost|p2b: Sneasler|[silent]\n|move|p2a: Scovillain|Leech Seed|p1b: Torkoal\n|-start|p1b: Torkoal|move: Leech Seed\n|move|p1b: Torkoal|Eruption|p2a: Scovillain|[spread] p2a,p2b\n|-damage|p2a: Scovillain|20/100\n|-damage|p2b: Sneasler|0 fnt\n|-immune|p1b: Torkoal\n|faint|p2b: Sneasler\n|move|p1a: Farigiraf|Trick Room|p1a: Farigiraf\n|-fieldstart|move: Trick Room|[of] p1a: Farigiraf\n|\n|-weather|SunnyDay|[upkeep]\n|-damage|p1b: Torkoal|88/100|[from] Leech Seed|[of] p2a: Scovillain\n|-heal|p2a: Scovillain|33/100|[silent]\n|upkeep\n|\n|t:|1776541547\n|switch|p2b: Incineroar|Incineroar, L50, F|100/100\n|-ability|p2b: Incineroar|Intimidate|boost\n|-unboost|p1a: Farigiraf|atk|1\n|-unboost|p1b: Torkoal|atk|1\n|turn|2\n|\n|t:|1776541556\n|move|p1a: Farigiraf|Helping Hand|p1b: Torkoal\n|-singleturn|p1b: Torkoal|Helping Hand|[of] p1a: Farigiraf\n|move|p2a: Scovillain|Protect|p2a: Scovillain\n|-singleturn|p2a: Scovillain|Protect\n|move|p1b: Torkoal|Eruption|p2b: Incineroar|[spread] p2b\n|-activate|p2a: Scovillain|move: Protect\n|-resisted|p2b: Incineroar|1\n|-damage|p2b: Incineroar|51/100\n|move|p2b: Incineroar|Throat Chop|p1b: Torkoal\n|-damage|p1b: Torkoal|64/100\n|-start|p1b: Torkoal|Throat Chop|[silent]\n|\n|-weather|SunnyDay|[upkeep]\n|-damage|p1b: Torkoal|51/100|[from] Leech Seed|[of] p2a: Scovillain\n|-heal|p2a: Scovillain|46/100|[silent]\n|upkeep\n|turn|3\n|inactive|holiwis1234 has 30 seconds left.\n|\n|t:|1776541588\n|move|p1b: Torkoal|Eruption|p2a: Scovillain|[spread] p2a,p2b\n|-resisted|p2b: Incineroar|1\n|-damage|p2a: Scovillain|3/100\n|-damage|p2b: Incineroar|34/100\n|-immune|p1b: Torkoal\n|-enditem|p2b: Incineroar|Sitrus Berry|[eat]\n|-heal|p2b: Incineroar|59/100|[from] item: Sitrus Berry\n|move|p1a: Farigiraf|Hyper Voice|p2b: Incineroar|[spread] p2a,p2b\n|-damage|p2a: Scovillain|0 fnt\n|-damage|p2b: Incineroar|35/100\n|-status|p1a: Farigiraf|brn|[from] ability: Spicy Spray|[of] p2a: Scovillain\n|faint|p2a: Scovillain\n|move|p2b: Incineroar|Parting Shot|p1b: Torkoal\n|-unboost|p1b: Torkoal|atk|1\n|-unboost|p1b: Torkoal|spa|1\n|\n|t:|1776541604\n|switch|p2b: Basculegion|Basculegion, L50, M|100/100|[from] Parting Shot\n|\n|-weather|SunnyDay|[upkeep]\n|-damage|p1a: Farigiraf|35/100 brn|[from] brn\n|-end|p1b: Torkoal|Throat Chop|[silent]\n|upkeep\n|\n|t:|1776541610\n|switch|p2a: Incineroar|Incineroar, L50, F|35/100\n|-ability|p2a: Incineroar|Intimidate|boost\n|-unboost|p1a: Farigiraf|atk|1\n|-unboost|p1b: Torkoal|atk|1\n|turn|4\n|\n|t:|1776541618\n|move|p1b: Torkoal|Weather Ball|p2a: Incineroar\n|-resisted|p2a: Incineroar|1\n|-damage|p2a: Incineroar|16/100\n|move|p2a: Incineroar|Throat Chop|p1a: Farigiraf\n|-supereffective|p1a: Farigiraf|1\n|-enditem|p1a: Farigiraf|Colbur Berry|[eat]\n|-enditem|p1a: Farigiraf|Colbur Berry|[weaken]\n|-damage|p1a: Farigiraf|0 fnt\n|faint|p1a: Farigiraf\n|move|p2b: Basculegion|Last Respects|p1b: Torkoal\n|-damage|p1b: Torkoal|0 fnt\n|faint|p1b: Torkoal\n|\n|-weather|SunnyDay|[upkeep]\n|upkeep\n|\n|t:|1776541628\n|switch|p1b: Incineroar|Incineroar, L50, M|100/100\n|switch|p1a: Gardevoir|Gardevoir, L50, M|100/100\n|-ability|p1b: Incineroar|Intimidate|boost\n|-unboost|p2a: Incineroar|atk|1\n|-unboost|p2b: Basculegion|atk|1\n|-ability|p1a: Gardevoir|Intimidate|Trace|[from] ability: Trace|[of] p2a: Incineroar\n|-ability|p1a: Gardevoir|Intimidate|boost\n|-unboost|p2a: Incineroar|atk|1\n|-unboost|p2b: Basculegion|atk|1\n|turn|5\n|\n|t:|1776541644\n|detailschange|p1a: Gardevoir|Gardevoir-Mega, L50, M\n|-mega|p1a: Gardevoir|Gardevoir|Gardevoirite\n|move|p1b: Incineroar|Throat Chop|p2b: Basculegion\n|-supereffective|p2b: Basculegion|1\n|-crit|p2b: Basculegion\n|-damage|p2b: Basculegion|0 fnt\n|faint|p2b: Basculegion\n|move|p2a: Incineroar|Parting Shot|p1b: Incineroar\n|-unboost|p1b: Incineroar|atk|1\n|-unboost|p1b: Incineroar|spa|1\n|move|p1a: Gardevoir|Hyper Voice|p2a: Incineroar\n|-damage|p2a: Incineroar|0 fnt\n|faint|p2a: Incineroar\n|\n|win|lordofthebagels89\n|raw|lordofthebagels89's rating: 1182 &rarr; <strong>1210</strong><br />(+28 for winning)\n|raw|holiwis1234's rating: 1217 &rarr; <strong>1189</strong><br />(-28 for losing)\n",
  "uploadtime": 1776541653,
  "views": 16,
  "formatid": "gen9championsvgc2026regma",
  "rating": 1189,
  "private": 0,
  "password": null
}