{
  "id": "gen9championsvgc2026regma-2584573791",
  "format": "[Gen 9 Champions] VGC 2026 Reg M-A",
  "players": [
    "codinaftw",
    "drewisaboss44"
  ],
  "log": "|j|\u2606codinaftw\n|j|\u2606drewisaboss44\n|t:|1776269657\n|gametype|doubles\n|player|p1|codinaftw|1|1110\n|player|p2|drewisaboss44|102|1043\n|gen|9\n|tier|[Gen 9 Champions] VGC 2026 Reg M-A\n|rated|\n|rule|Species Clause: Limit one of each Pok\u00e9mon\n|rule|Item Clause: Limit 1 of each item\n|clearpoke\n|poke|p1|Meganium, L50, F|\n|poke|p1|Pelipper, L50, M|\n|poke|p1|Archaludon, L50, M|\n|poke|p1|Basculegion, L50, M|\n|poke|p1|Sneasler, L50, F|\n|poke|p1|Sinistcha, L50|\n|poke|p2|Crabominable, L50, F|\n|poke|p2|Oranguru, L50, M|\n|poke|p2|Farigiraf, L50, M|\n|poke|p2|Incineroar, L50, M|\n|poke|p2|Tyranitar, L50, F|\n|poke|p2|Sylveon, L50, M|\n|teampreview|4\n|\n|t:|1776269704\n|teamsize|p1|4\n|teamsize|p2|4\n|start\n|switch|p1a: Sinistcha|Sinistcha, L50|100/100\n|switch|p1b: Basculegion|Basculegion, L50, M|100/100\n|switch|p2a: Oranguru|Oranguru, L50, M|100/100\n|switch|p2b: Crabominable|Crabominable, L50, F|100/100\n|turn|1\n|\n|t:|1776269743\n|move|p1b: Basculegion|Liquidation|p2a: Oranguru\n|-damage|p2a: Oranguru|60/100\n|move|p2a: Oranguru|Taunt|p1a: Sinistcha\n|-start|p1a: Sinistcha|move: Taunt\n|move|p2b: Crabominable|Ice Hammer|p1b: Basculegion\n|-resisted|p1b: Basculegion|1\n|-damage|p1b: Basculegion|66/100\n|-unboost|p2b: Crabominable|spe|1\n|cant|p1a: Sinistcha|move: Taunt|Trick Room\n|\n|upkeep\n|turn|2\n|\n|t:|1776269766\n|switch|p1b: Archaludon|Archaludon, L50, M|100/100\n|switch|p1a: Pelipper|Pelipper, L50, M|100/100\n|-weather|RainDance|[from] ability: Drizzle|[of] p1a: Pelipper\n|move|p2b: Crabominable|Protect|p2b: Crabominable\n|-singleturn|p2b: Crabominable|Protect\n|move|p2a: Oranguru|Trick Room|p2a: Oranguru\n|-fieldstart|move: Trick Room|[of] p2a: Oranguru\n|\n|-weather|RainDance|[upkeep]\n|upkeep\n|turn|3\n|\n|t:|1776269808\n|switch|p2a: Tyranitar|Tyranitar, L50, F|100/100\n|-weather|Sandstorm|[from] ability: Sand Stream|[of] p2a: Tyranitar\n|switch|p1b: Sinistcha|Sinistcha, L50|100/100\n|detailschange|p2b: Crabominable|Crabominable-Mega, L50, F\n|-mega|p2b: Crabominable|Crabominable|Crabominite\n|move|p2b: Crabominable|Drain Punch|p1b: Sinistcha\n|-immune|p1b: Sinistcha\n|move|p1a: Pelipper|U-turn|p2a: Tyranitar\n|-supereffective|p2a: Tyranitar|1\n|-damage|p2a: Tyranitar|88/100\n|\n|t:|1776269823\n|switch|p1a: Basculegion|Basculegion, L50, M|66/100|[from] U-turn\n|\n|-weather|Sandstorm|[upkeep]\n|-damage|p2b: Crabominable|95/100|[from] Sandstorm\n|-damage|p1b: Sinistcha|94/100|[from] Sandstorm\n|-damage|p1a: Basculegion|59/100|[from] Sandstorm\n|upkeep\n|turn|4\n|\n|t:|1776269853\n|move|p2b: Crabominable|Ice Hammer|p1b: Sinistcha\n|-supereffective|p1b: Sinistcha|1\n|-damage|p1b: Sinistcha|0 fnt\n|-unboost|p2b: Crabominable|spe|1\n|faint|p1b: Sinistcha\n|move|p2a: Tyranitar|Knock Off|p1a: Basculegion\n|-supereffective|p1a: Basculegion|1\n|-damage|p1a: Basculegion|0 fnt\n|-enditem|p1a: Basculegion|Choice Scarf|[from] move: Knock Off|[of] p2a: Tyranitar\n|faint|p1a: Basculegion\n|\n|-weather|Sandstorm|[upkeep]\n|-damage|p2b: Crabominable|89/100|[from] Sandstorm\n|upkeep\n|\n|t:|1776269863\n|switch|p1b: Archaludon|Archaludon, L50, M|100/100\n|switch|p1a: Pelipper|Pelipper, L50, M|100/100\n|-weather|RainDance|[from] ability: Drizzle|[of] p1a: Pelipper\n|turn|5\n|\n|t:|1776269896\n|move|p2b: Crabominable|Drain Punch|p1b: Archaludon\n|-supereffective|p1b: Archaludon|1\n|-damage|p1b: Archaludon|18/100\n|-heal|p2b: Crabominable|100/100|[from] drain|[of] p1b: Archaludon\n|-ability|p1b: Archaludon|Stamina|boost\n|-boost|p1b: Archaludon|def|1\n|move|p2a: Tyranitar|Low Kick|p1b: Archaludon\n|-supereffective|p1b: Archaludon|1\n|-damage|p1b: Archaludon|0 fnt\n|faint|p1b: Archaludon\n|move|p1a: Pelipper|Tailwind|p1a: Pelipper\n|-sidestart|p1: codinaftw|move: Tailwind\n|\n|-weather|RainDance|[upkeep]\n|upkeep\n|turn|6\n|\n|t:|1776269916\n|move|p2b: Crabominable|Ice Hammer|p1a: Pelipper\n|-damage|p1a: Pelipper|6/100\n|-unboost|p2b: Crabominable|spe|1\n|move|p2a: Tyranitar|Rock Slide|p1a: Pelipper\n|-supereffective|p1a: Pelipper|1\n|-damage|p1a: Pelipper|0 fnt\n|faint|p1a: Pelipper\n|\n|win|drewisaboss44\n|raw|codinaftw's rating: 1110 &rarr; <strong>1080</strong><br />(-30 for losing)\n|raw|drewisaboss44's rating: 1043 &rarr; <strong>1083</strong><br />(+40 for winning)\n|l|\u2606codinaftw\n|player|p1|\n",
  "uploadtime": 1776269925,
  "views": 17,
  "formatid": "gen9championsvgc2026regma",
  "rating": 1080,
  "private": 0,
  "password": null
}