{
  "id": "gen9championsvgc2026regma-2586010007",
  "format": "[Gen 9 Champions] VGC 2026 Reg M-A",
  "players": [
    "PizzaSanwitch",
    "anaverageguitarist"
  ],
  "log": "|j|\u2606PizzaSanwitch\n|j|\u2606anaverageguitarist\n|t:|1776389943\n|gametype|doubles\n|player|p1|PizzaSanwitch|265|1079\n|player|p2|anaverageguitarist|benga|1162\n|gen|9\n|tier|[Gen 9 Champions] VGC 2026 Reg M-A\n|rated|\n|rule|Species Clause: Limit one of each Pok\u00e9mon\n|rule|Item Clause: Limit 1 of each item\n|clearpoke\n|poke|p1|Dragonite, L50, M|\n|poke|p1|Sneasler, L50, F|\n|poke|p1|Kingambit, L50, F|\n|poke|p1|Sinistcha, L50|\n|poke|p1|Pelipper, L50, F|\n|poke|p1|Basculegion, L50, M|\n|poke|p2|Charizard, L50, F|\n|poke|p2|Sneasler, L50, M|\n|poke|p2|Incineroar, L50, F|\n|poke|p2|Clefable, L50, F|\n|poke|p2|Rotom-Mow, L50|\n|poke|p2|Venusaur, L50, M|\n|teampreview|4\nanaverageguitarist has agreed to open team sheets.\n|inactive|Battle timer is ON: inactive players will automatically lose when time's up. (requested by anaverageguitarist)\n|\n|t:|1776390014\n|teamsize|p1|4\n|teamsize|p2|4\n|start\n|switch|p1a: Pelipper|Pelipper, L50, F|100/100\n|switch|p1b: Basculegion|Basculegion, L50, M|100/100\n|switch|p2a: Sneasler|Sneasler, L50, M|100/100\n|switch|p2b: Clefable|Clefable, L50, F|100/100\n|-weather|RainDance|[from] ability: Drizzle|[of] p1a: Pelipper\n|turn|1\n|inactive|anaverageguitarist has 30 seconds left.\n|\n|t:|1776390040\n|switch|p2a: Venusaur|Venusaur, L50, M|100/100\n|move|p1b: Basculegion|Flip Turn|p2a: Venusaur\n|-resisted|p2a: Venusaur|1\n|-damage|p2a: Venusaur|78/100\n|\n|t:|1776390057\n|switch|p1b: Sneasler|Sneasler, L50, F|100/100|[from] Flip Turn\n|move|p1a: Pelipper|Hurricane|p2a: Venusaur\n|-supereffective|p2a: Venusaur|1\n|-damage|p2a: Venusaur|0 fnt\n|faint|p2a: Venusaur\n|move|p2b: Clefable|Moonblast|p1b: Sneasler\n|-damage|p1b: Sneasler|64/100\n|\n|-weather|RainDance|[upkeep]\n|upkeep\n|\n|t:|1776390062\n|switch|p2a: Charizard|Charizard, L50, F|100/100\n|turn|2\n|\n|t:|1776390081\n|switch|p1a: Basculegion|Basculegion, L50, M|100/100\n|switch|p2b: Sneasler|Sneasler, L50, M|100/100\n|detailschange|p2a: Charizard|Charizard-Mega-Y, L50, F\n|-mega|p2a: Charizard|Charizard|Charizardite Y\n|-weather|SunnyDay|[from] ability: Drought|[of] p2a: Charizard\n|move|p1b: Sneasler|Fake Out|p2a: Charizard\n|-damage|p2a: Charizard|80/100\n|cant|p2a: Charizard|flinch\n|\n|-weather|SunnyDay|[upkeep]\n|upkeep\n|turn|3\n|inactive|PizzaSanwitch has 30 seconds left.\n|\n|t:|1776390109\n|switch|p2b: Clefable|Clefable, L50, F|100/100\n|switch|p1b: Pelipper|Pelipper, L50, F|100/100\n|-weather|RainDance|[from] ability: Drizzle|[of] p1b: Pelipper\n|move|p2a: Charizard|Protect|p2a: Charizard\n|-singleturn|p2a: Charizard|Protect\n|move|p1a: Basculegion|Flip Turn|p2a: Charizard\n|-activate|p2a: Charizard|move: Protect\n|\n|-weather|RainDance|[upkeep]\n|upkeep\n|turn|4\n|\n|t:|1776390131\n|switch|p2a: Sneasler|Sneasler, L50, M|100/100\n|move|p2b: Clefable|Follow Me|p2b: Clefable\n|-singleturn|p2b: Clefable|move: Follow Me\n|move|p1a: Basculegion|Flip Turn|p2b: Clefable\n|-crit|p2b: Clefable\n|-damage|p2b: Clefable|48/100\n|\n|t:|1776390144\n|switch|p1a: Sneasler|Sneasler, L50, F|64/100|[from] Flip Turn\n|move|p1b: Pelipper|Tailwind|p1b: Pelipper\n|-sidestart|p1: PizzaSanwitch|move: Tailwind\n|\n|-weather|RainDance|[upkeep]\n|-heal|p2b: Clefable|54/100|[from] item: Leftovers\n|upkeep\n|turn|5\n|l|\u2606anaverageguitarist\n|inactive|anaverageguitarist disconnected and has a minute to reconnect!\n|player|p2|\n|inactive|anaverageguitarist has 30 seconds left.\n|inactive|PizzaSanwitch has 30 seconds left.\n|inactive|anaverageguitarist has 20 seconds left.\n|inactive|anaverageguitarist has 15 seconds left.\n|inactive|anaverageguitarist has 10 seconds left.\n|inactive|anaverageguitarist has 5 seconds left.\n|-message|anaverageguitarist lost due to inactivity.\n|\n|win|PizzaSanwitch\n|raw|PizzaSanwitch's rating: 1079 &rarr; <strong>1114</strong><br />(+35 for winning)\n|raw|anaverageguitarist's rating: 1162 &rarr; <strong>1131</strong><br />(-31 for losing)\n",
  "uploadtime": 1776390204,
  "views": 26,
  "formatid": "gen9championsvgc2026regma",
  "rating": 1114,
  "private": 0,
  "password": null
}