{
  "id": "gen9championsvgc2026regma-2583352115",
  "format": "[Gen 9 Champions] VGC 2026 Reg M-A",
  "players": [
    "Isidino",
    "akijuen"
  ],
  "log": "|j|\u2606Isidino\n|j|\u2606akijuen\n|t:|1776169391\n|gametype|doubles\n|player|p1|Isidino|169|1170\n|player|p2|akijuen|giovanni|1201\n|gen|9\n|tier|[Gen 9 Champions] VGC 2026 Reg M-A\n|rated|\n|rule|Species Clause: Limit one of each Pok\u00e9mon\n|rule|Item Clause: Limit 1 of each item\n|clearpoke\n|poke|p1|Pelipper, L50, F|\n|poke|p1|Basculegion-F, L50, F|\n|poke|p1|Starmie, L50|\n|poke|p1|Sneasler, L50, M|\n|poke|p1|Sableye, L50, M|\n|poke|p1|Archaludon, L50, M|\n|poke|p2|Golurk, L50|\n|poke|p2|Sneasler, L50, F|\n|poke|p2|Farigiraf, L50, M|\n|poke|p2|Venusaur, L50, M|\n|poke|p2|Incineroar, L50, M|\n|poke|p2|Torkoal, L50, M|\n|teampreview|4\n|inactive|Battle timer is ON: inactive players will automatically lose when time's up. (requested by Isidino)\nakijuen has agreed to open team sheets.\n|inactive|Isidino has 60 seconds left.\n|inactive|akijuen has 60 seconds left.\n|\n|t:|1776169444\n|teamsize|p1|4\n|teamsize|p2|4\n|start\n|switch|p1a: Starmie|Starmie, L50, shiny|100/100\n|switch|p1b: Sneasler|Sneasler, L50, M|100/100\n|switch|p2a: Sneasler|Sneasler, L50, F|100/100\n|switch|p2b: Farigiraf|Farigiraf, L50, M|100/100\n|turn|1\n|\n|t:|1776169455\n|move|p1a: Starmie|Protect|p1a: Starmie\n|-singleturn|p1a: Starmie|Protect\n|move|p2a: Sneasler|Fake Out|p1a: Starmie\n|-activate|p1a: Starmie|move: Protect\n|move|p1b: Sneasler|Dire Claw|p2b: Farigiraf\n|-damage|p2b: Farigiraf|64/100\n|move|p2b: Farigiraf|Twin Beam|p1b: Sneasler\n|-supereffective|p1b: Sneasler|2\n|-crit|p1b: Sneasler\n|-damage|p1b: Sneasler|0 fnt\n|faint|p1b: Sneasler\n|-hitcount|p1: Sneasler|1\n|\n|upkeep\n|\n|t:|1776169468\n|switch|p1b: Basculegion|Basculegion-F, L50, F, shiny|100/100\n|turn|2\n|\n|t:|1776169478\n|switch|p2a: Torkoal|Torkoal, L50, M|100/100\n|-weather|SunnyDay|[from] ability: Drought|[of] p2a: Torkoal\n|switch|p1a: Pelipper|Pelipper, L50, F|100/100\n|-weather|RainDance|[from] ability: Drizzle|[of] p1a: Pelipper\n|move|p1b: Basculegion|Muddy Water|p2a: Torkoal|[spread] p2b\n|-miss|p1b: Basculegion|p2a: Torkoal\n|-damage|p2b: Farigiraf|17/100\n|-unboost|p2b: Farigiraf|accuracy|1\n|move|p2b: Farigiraf|Trick Room|p2b: Farigiraf\n|-fieldstart|move: Trick Room|[of] p2b: Farigiraf\n|\n|-weather|RainDance|[upkeep]\n|upkeep\n|turn|3\n|c|\u2606Isidino|OBV\n|\n|t:|1776169501\n|switch|p2a: Sneasler|Sneasler, L50, F|100/100\n|move|p2b: Farigiraf|Protect|p2b: Farigiraf\n|-singleturn|p2b: Farigiraf|Protect\n|move|p1a: Pelipper|Weather Ball|p2a: Sneasler\n|-damage|p2a: Sneasler|17/100\n|move|p1b: Basculegion|Muddy Water|p2a: Sneasler|[spread] \n|-activate|p2b: Farigiraf|move: Protect\n|-miss|p1b: Basculegion|p2a: Sneasler\n|\n|-weather|RainDance|[upkeep]\n|upkeep\n|turn|4\n|c|\u2606Isidino|OBV\n|c|\u2606Isidino|Ridicolous\n|\n|t:|1776169523\n|switch|p2b: Torkoal|Torkoal, L50, M|100/100\n|-weather|SunnyDay|[from] ability: Drought|[of] p2b: Torkoal\n|switch|p1a: Starmie|Starmie, L50, shiny|100/100\n|move|p2a: Sneasler|Fake Out|p1a: Starmie\n|-crit|p1a: Starmie\n|-damage|p1a: Starmie|76/100\n|move|p1b: Basculegion|Muddy Water|p2b: Torkoal|[spread] p2a,p2b\n|-supereffective|p2b: Torkoal|1\n|-damage|p2a: Sneasler|0 fnt\n|-damage|p2b: Torkoal|55/100\n|faint|p2a: Sneasler\n|\n|-weather|SunnyDay|[upkeep]\n|upkeep\n|\n|t:|1776169527\n|switch|p2a: Golurk|Golurk, L50, shiny|100/100\n|turn|5\n|c|\u2606Isidino|Crit again\n|\n|t:|1776169541\n|detailschange|p2a: Golurk|Golurk-Mega, L50, shiny\n|-mega|p2a: Golurk|Golurk|Golurkite\n|move|p1b: Basculegion|Protect|p1b: Basculegion\n|-singleturn|p1b: Basculegion|Protect\n|move|p1a: Starmie|Protect|p1a: Starmie\n|-singleturn|p1a: Starmie|Protect\n|move|p2b: Torkoal|Weather Ball|p1a: Starmie\n|-activate|p1a: Starmie|move: Protect\n|move|p2a: Golurk|Poltergeist|p1b: Basculegion\n|-activate|p1b: Basculegion|move: Protect\n|\n|-weather|SunnyDay|[upkeep]\n|upkeep\n|turn|6\n|\n|t:|1776169559\n|switch|p1a: Pelipper|Pelipper, L50, F|100/100\n|-weather|RainDance|[from] ability: Drizzle|[of] p1a: Pelipper\n|move|p2b: Torkoal|Weather Ball|p1a: Pelipper\n|-resisted|p1a: Pelipper|1\n|-damage|p1a: Pelipper|66/100\n|move|p2a: Golurk|Poltergeist|p1b: Basculegion\n|-activate|p1b: Basculegion|move: Poltergeist|Scope Lens\n|-supereffective|p1b: Basculegion|1\n|-damage|p1b: Basculegion|0 fnt\n|faint|p1b: Basculegion\n|\n|-weather|RainDance|[upkeep]\n|-fieldend|move: Trick Room\n|upkeep\n|\n|t:|1776169572\n|switch|p1b: Starmie|Starmie, L50, shiny|76/100\n|turn|7\n|\n|t:|1776169578\n|switch|p2b: Farigiraf|Farigiraf, L50, M|17/100\n|detailschange|p1b: Starmie|Starmie-Mega, L50, shiny\n|-mega|p1b: Starmie|Starmie|Starminite\n|move|p2a: Golurk|Protect|p2a: Golurk\n|-singleturn|p2a: Golurk|Protect\n|move|p1b: Starmie|Liquidation|p2a: Golurk\n|-activate|p2a: Golurk|move: Protect\n|move|p1a: Pelipper|Weather Ball|p2b: Farigiraf\n|-damage|p2b: Farigiraf|0 fnt\n|faint|p2b: Farigiraf\n|\n|-weather|RainDance|[upkeep]\n|upkeep\n|\n|t:|1776169581\n|switch|p2b: Torkoal|Torkoal, L50, M|55/100\n|-weather|SunnyDay|[from] ability: Drought|[of] p2b: Torkoal\n|turn|8\n|\n|t:|1776169593\n|move|p1b: Starmie|Liquidation|p2a: Golurk\n|-supereffective|p2a: Golurk|1\n|-damage|p2a: Golurk|38/100\n|move|p1a: Pelipper|Weather Ball|p2a: Golurk\n|-damage|p2a: Golurk|3/100\n|move|p2a: Golurk|Poltergeist|p1b: Starmie\n|-activate|p1b: Starmie|move: Poltergeist|Starminite\n|-supereffective|p1b: Starmie|1\n|-damage|p1b: Starmie|0 fnt\n|faint|p1b: Starmie\n|move|p2b: Torkoal|Weather Ball|p1a: Pelipper\n|-resisted|p1a: Pelipper|1\n|-damage|p1a: Pelipper|3/100\n|\n|-weather|SunnyDay|[upkeep]\n|upkeep\n|turn|9\n|c|\u2606Isidino|Ridicolous\n|-message|Isidino forfeited.\n|\n|win|akijuen\n|raw|Isidino's rating: 1170 &rarr; <strong>1147</strong><br />(-23 for losing)\n|raw|akijuen's rating: 1201 &rarr; <strong>1224</strong><br />(+23 for winning)\n",
  "uploadtime": 1776169606,
  "views": 22,
  "formatid": "gen9championsvgc2026regma",
  "rating": 1147,
  "private": 0,
  "password": null
}