{
  "id": "gen9championsvgc2026regma-2584401909",
  "format": "[Gen 9 Champions] VGC 2026 Reg M-A",
  "players": [
    "scalopocomascalo",
    "Nait02"
  ],
  "log": "|j|\u2606scalopocomascalo\n|j|\u203dNait02\n|t:|1776258244\n|gametype|doubles\n|player|p1|scalopocomascalo|iris-gen5bw2|\n|player|p2|Nait02|hilda-masters2|\n|gen|9\n|tier|[Gen 9 Champions] VGC 2026 Reg M-A\n|rated|Tournament battle\n|rule|Species Clause: Limit one of each Pok\u00e9mon\n|rule|Item Clause: Limit 1 of each item\n|raw|<div class=\"infobox\"><details class=\"readmore\" open><summary><strong>1 custom rule:</strong></summary> Force Open Team Sheets</details></div>\n|clearpoke\n|poke|p1|Charizard, L50, F|\n|poke|p1|Sneasler, L50, M|\n|poke|p1|Basculegion, L50, M|\n|poke|p1|Garchomp, L50, F|\n|poke|p1|Kingambit, L50, F|\n|poke|p1|Venusaur, L50, M|\n|poke|p2|Delphox, L50, M|\n|poke|p2|Garchomp, L50, F|\n|poke|p2|Incineroar, L50, M|\n|poke|p2|Sneasler, L50, M|\n|poke|p2|Floette-Eternal, L50, F|\n|poke|p2|Kingambit, L50, F|\n|teampreview|4\n|showteam|p1|Charizard||CharizarditeY|Blaze|HeatWave,AirSlash,WeatherBall,Protect|||F|||50|]Sneasler||WhiteHerb|Unburden|CloseCombat,DireClaw,RockSlide,Protect|||M|||50|]Basculegion||ChoiceScarf|Adaptability|WaveCrash,LastRespects,AquaJet,FlipTurn|||M|||50|]Garchomp||HabanBerry|RoughSkin|DragonClaw,Earthquake,RockSlide,Protect|||F|||50|]Kingambit||ChopleBerry|Defiant|KowtowCleave,IronHead,SuckerPunch,Protect|||F|||50|]Venusaur||FocusSash|Chlorophyll|LeafStorm,SludgeBomb,SleepPowder,Protect|||M|||50|\n|showteam|p2|Delphox||Delphoxite|Blaze|HeatWave,Psychic,Encore,Protect|||M|||50|]Garchomp||SitrusBerry|RoughSkin|Earthquake,DragonClaw,RockSlide,Protect|||F|||50|]Incineroar||Leftovers|Intimidate|FlareBlitz,ThroatChop,FakeOut,PartingShot|||M|||50|]Sneasler||WhiteHerb|Unburden|CloseCombat,DireClaw,FakeOut,Protect|||M|||50|]Floette-Eternal||Floettite|FlowerVeil|DazzlingGleam,DrainingKiss,CalmMind,Protect|||F|||50|]Kingambit||ChopleBerry|Defiant|SuckerPunch,IronHead,LowKick,Protect|||F|||50|\n|inactive|Battle timer is ON: inactive players will automatically lose when time's up. (requested by scalopocomascalo)\n|inactive|Nait02 also wants the timer to be on.\n|j| etrdyfyiu\n|j| Jackleton\n|\n|t:|1776258274\n|teamsize|p1|4\n|teamsize|p2|4\n|start\n|switch|p1a: Basculegion|Basculegion, L50, M|100/100\n|switch|p1b: Garchomp|Garchomp, L50, F|100/100\n|switch|p2a: Delphox|Delphox, L50, M|100/100\n|switch|p2b: Incineroar|Incineroar, L50, M|100/100\n|-ability|p2b: Incineroar|Intimidate|boost\n|-unboost|p1a: Basculegion|atk|1\n|-unboost|p1b: Garchomp|atk|1\n|turn|1\n|\n|t:|1776258287\n|detailschange|p2a: Delphox|Delphox-Mega, L50, M\n|-mega|p2a: Delphox|Delphox|Delphoxite\n|move|p2a: Delphox|Protect|p2a: Delphox\n|-singleturn|p2a: Delphox|Protect\n|move|p2b: Incineroar|Fake Out|p1b: Garchomp\n|-damage|p1b: Garchomp|91/100\n|-damage|p2b: Incineroar|88/100|[from] ability: Rough Skin|[of] p1b: Garchomp\n|move|p1a: Basculegion|Flip Turn|p2b: Incineroar\n|-supereffective|p2b: Incineroar|1\n|-damage|p2b: Incineroar|50/100\n|\n|t:|1776258293\n|switch|p1a: Kingambit|Kingambit, L50, F|100/100|[from] Flip Turn\n|cant|p1b: Garchomp|flinch\n|\n|-heal|p2b: Incineroar|56/100|[from] item: Leftovers\n|upkeep\n|turn|2\n|inactive|Nait02 has 30 seconds left.\n|\n|t:|1776258323\n|switch|p2a: Garchomp|Garchomp, L50, F|100/100\n|switch|p1a: Charizard|Charizard, L50, F|100/100\n|move|p1b: Garchomp|Rock Slide|p2a: Garchomp|[spread] p2a,p2b\n|-resisted|p2a: Garchomp|1\n|-supereffective|p2b: Incineroar|1\n|-crit|p2b: Incineroar\n|-damage|p2a: Garchomp|95/100\n|-damage|p2b: Incineroar|10/100\n|move|p2b: Incineroar|Flare Blitz|p1a: Charizard\n|-resisted|p1a: Charizard|1\n|-damage|p1a: Charizard|75/100\n|-damage|p2b: Incineroar|3/100|[from] Recoil\n|\n|-heal|p2b: Incineroar|9/100|[from] item: Leftovers\n|upkeep\n|turn|3\n|\n|t:|1776258347\n|switch|p1a: Basculegion|Basculegion, L50, M|100/100\n|move|p2a: Garchomp|Rock Slide|p1b: Garchomp|[spread] p1a,p1b\n|-resisted|p1b: Garchomp|1\n|-damage|p1a: Basculegion|77/100\n|-damage|p1b: Garchomp|82/100\n|move|p1b: Garchomp|Dragon Claw|p2a: Garchomp\n|-supereffective|p2a: Garchomp|1\n|-damage|p2a: Garchomp|47/100\n|-damage|p1b: Garchomp|70/100|[from] ability: Rough Skin|[of] p2a: Garchomp\n|-enditem|p2a: Garchomp|Sitrus Berry|[eat]\n|-heal|p2a: Garchomp|71/100|[from] item: Sitrus Berry\n|move|p2b: Incineroar|Parting Shot|p1b: Garchomp\n|-unboost|p1b: Garchomp|atk|1\n|-unboost|p1b: Garchomp|spa|1\n|l| Jackleton\n|j| SharpedoHero\n|\n|t:|1776258368\n|switch|p2b: Sneasler|Sneasler, L50, M|100/100|[from] Parting Shot\n|\n|upkeep\n|turn|4\n|j| Noobilio\n|\n|t:|1776258379\n|move|p1b: Garchomp|Protect|p1b: Garchomp\n|-singleturn|p1b: Garchomp|Protect\n|move|p1a: Basculegion|Wave Crash|p2b: Sneasler\n|-damage|p2b: Sneasler|0 fnt\n|faint|p2b: Sneasler\n|-damage|p1a: Basculegion|50/100|[from] Recoil\n|move|p2a: Garchomp|Dragon Claw|p1b: Garchomp\n|-activate|p1b: Garchomp|move: Protect\n|\n|upkeep\n|j| Sun and Moon Rock\n|l| Noobilio\n|\n|t:|1776258400\n|switch|p2b: Incineroar|Incineroar, L50, M|9/100\n|-ability|p2b: Incineroar|Intimidate|boost\n|-unboost|p1a: Basculegion|atk|1\n|-unboost|p1b: Garchomp|atk|1\n|turn|5\n|inactive|scalopocomascalo has 30 seconds left.\n|inactive|scalopocomascalo has 20 seconds left.\n|\n|t:|1776258437\n|switch|p1a: Charizard|Charizard, L50, F|75/100\n|move|p2b: Incineroar|Fake Out|p1b: Garchomp\n|-damage|p1b: Garchomp|61/100\n|-damage|p2b: Incineroar|0 fnt|[from] ability: Rough Skin|[of] p1b: Garchomp\n|faint|p2b: Incineroar\n|move|p2a: Garchomp|Dragon Claw|p1b: Garchomp\n|-supereffective|p1b: Garchomp|1\n|-enditem|p1b: Garchomp|Haban Berry|[eat]\n|-enditem|p1b: Garchomp|Haban Berry|[weaken]\n|-damage|p1b: Garchomp|23/100\n|-damage|p2a: Garchomp|59/100|[from] ability: Rough Skin|[of] p1b: Garchomp\n|cant|p1b: Garchomp|flinch\n|\n|upkeep\n|j| ydudz\n|j| pr.iyanshu768500\n|\n|t:|1776258447\n|switch|p2b: Delphox|Delphox-Mega, L50, M|100/100\n|turn|6\n|\n|t:|1776258461\n|move|p2b: Delphox|Psychic|p1b: Garchomp\n|-damage|p1b: Garchomp|0 fnt\n|faint|p1b: Garchomp\n|move|p1a: Charizard|Air Slash|p2a: Garchomp\n|-crit|p2a: Garchomp\n|-damage|p2a: Garchomp|10/100\n|move|p2a: Garchomp|Rock Slide|p1a: Charizard\n|-supereffective|p1a: Charizard|2\n|-damage|p1a: Charizard|0 fnt\n|faint|p1a: Charizard\n|\n|upkeep\n|\n|t:|1776258464\n|switch|p1a: Kingambit|Kingambit, L50, F|100/100\n|switch|p1b: Basculegion|Basculegion, L50, M|50/100\n|turn|7\n|\n|t:|1776258473\n|move|p1a: Kingambit|Sucker Punch|p2a: Garchomp\n|-damage|p2a: Garchomp|0 fnt\n|-damage|p1a: Kingambit|88/100|[from] ability: Rough Skin|[of] p2a: Garchomp\n|faint|p2a: Garchomp\n|move|p1b: Basculegion|Wave Crash|p2b: Delphox\n|-supereffective|p2b: Delphox|1\n|-damage|p2b: Delphox|0 fnt\n|faint|p2b: Delphox\n|-damage|p1b: Basculegion|24/100|[from] Recoil\n|\n|win|scalopocomascalo\n|n|\u2606scalopocomascalo|scalopocomascalo\n|n|\u203dNait02|nait02\n|n| etrdyfyiu|etrdyfyiu\n|n| SharpedoHero|sharpedohero\n|n| Sun and Moon Rock|sunandmoonrock\n|n| ydudz|ydudz\n|n| pr.iyanshu768500|priyanshu768500\n",
  "uploadtime": 1776258473,
  "views": 17,
  "formatid": "gen9championsvgc2026regma",
  "rating": null,
  "private": 0,
  "password": null
}