{
  "id": "gen9championsvgc2026regma-2586148241",
  "format": "[Gen 9 Champions] VGC 2026 Reg M-A",
  "players": [
    "LudwigVonHohenheim",
    "Heyewer"
  ],
  "log": "|j|\u2606LudwigVonHohenheim\n|j|\u2606Heyewer\n|t:|1776405084\n|gametype|doubles\n|player|p1|LudwigVonHohenheim|grimsley|1080\n|player|p2|Heyewer|hiker-gen4|1167\n|gen|9\n|tier|[Gen 9 Champions] VGC 2026 Reg M-A\n|rated|\n|rule|Species Clause: Limit one of each Pok\u00e9mon\n|rule|Item Clause: Limit 1 of each item\n|clearpoke\n|poke|p1|Tauros-Paldea-Aqua, L50, M|\n|poke|p1|Clefable, L50, M|\n|poke|p1|Volcarona, L50, M|\n|poke|p1|Kangaskhan, L50, F|\n|poke|p1|Dragonite, L50, M|\n|poke|p1|Aegislash, L50, M|\n|poke|p2|Floette-Eternal, L50, F|\n|poke|p2|Sneasler, L50, M|\n|poke|p2|Arcanine, L50, M|\n|poke|p2|Sinistcha-Masterpiece, L50|\n|poke|p2|Kangaskhan, L50, F|\n|poke|p2|Aerodactyl, L50, M|\n|teampreview|4\n|inactive|Battle timer is ON: inactive players will automatically lose when time's up. (requested by Heyewer)\n|\n|t:|1776405130\n|teamsize|p1|4\n|teamsize|p2|4\n|start\n|switch|p1a: Dragonite|Dragonite, L50, M|100/100\n|switch|p1b: Clefable|Clefable, L50, M|100/100\n|switch|p2a: Kangaskhan|Kangaskhan, L50, F|100/100\n|switch|p2b: Aerodactyl|Aerodactyl, L50, M|100/100\n|-ability|p2b: Aerodactyl|Unnerve\n|turn|1\n|\n|t:|1776405155\n|detailschange|p2a: Kangaskhan|Kangaskhan-Mega, L50, F\n|-mega|p2a: Kangaskhan|Kangaskhan|Kangaskhanite\n|move|p1b: Clefable|Helping Hand|p1a: Dragonite\n|-singleturn|p1a: Dragonite|Helping Hand|[of] p1b: Clefable\n|move|p2a: Kangaskhan|Fake Out|p1a: Dragonite\n|-damage|p1a: Dragonite|75/100\n|-damage|p1a: Dragonite|70/100\n|-hitcount|p1a: Dragonite|2\n|move|p2b: Aerodactyl|Rock Slide|p1b: Clefable|[spread] p1a,p1b\n|-supereffective|p1a: Dragonite|1\n|-damage|p1a: Dragonite|20/100\n|-damage|p1b: Clefable|79/100\n|move|p1a: Dragonite|Dragon Claw|p2a: Kangaskhan\n|-damage|p2a: Kangaskhan|43/100\n|\n|-heal|p1b: Clefable|85/100|[from] item: Leftovers\n|upkeep\n|turn|2\n|inactive|Heyewer has 30 seconds left.\n|\n|t:|1776405181\n|switch|p1a: Aegislash|Aegislash, L50, M|100/100\n|move|p2b: Aerodactyl|Rock Slide|p1a: Aegislash|[spread] p1a,p1b\n|-resisted|p1a: Aegislash|1\n|-damage|p1a: Aegislash|91/100\n|-damage|p1b: Clefable|64/100\n|move|p2a: Kangaskhan|Drain Punch|p1b: Clefable\n|-resisted|p1b: Clefable|1\n|-damage|p1b: Clefable|53/100\n|-heal|p2a: Kangaskhan|49/100|[from] drain|[of] p1b: Clefable\n|-resisted|p1b: Clefable|1\n|-damage|p1b: Clefable|50/100\n|-heal|p2a: Kangaskhan|50/100|[from] drain|[of] p1b: Clefable\n|-hitcount|p1b: Clefable|2\n|move|p1b: Clefable|Moonblast|p2b: Aerodactyl\n|-damage|p2b: Aerodactyl|46/100\n|\n|-heal|p1b: Clefable|56/100|[from] item: Leftovers\n|upkeep\n|turn|3\n|inactive|LudwigVonHohenheim has 30 seconds left.\n|\n|t:|1776405210\n|move|p1a: Aegislash|Wide Guard|p1a: Aegislash\n|-singleturn|p1a: Aegislash|Wide Guard\n|move|p2a: Kangaskhan|Sucker Punch||[still]\n|-fail|p2a: Kangaskhan\n|move|p2b: Aerodactyl|Rock Slide|p1a: Aegislash|[spread] \n|-activate|p1a: Aegislash|move: Wide Guard\n|-activate|p1b: Clefable|move: Wide Guard\n|move|p1b: Clefable|Moonblast|p2b: Aerodactyl\n|-damage|p2b: Aerodactyl|0 fnt\n|faint|p2b: Aerodactyl\n|\n|-heal|p1b: Clefable|62/100|[from] item: Leftovers\n|upkeep\n|\n|t:|1776405230\n|switch|p2b: Arcanine|Arcanine, L50, M|100/100\n|-ability|p2b: Arcanine|Intimidate|boost\n|-unboost|p1a: Aegislash|atk|1\n|-unboost|p1b: Clefable|atk|1\n|turn|4\n|\n|t:|1776405246\n|switch|p1b: Tauros|Tauros-Paldea-Aqua, L50, M|100/100\n|-ability|p1b: Tauros|Intimidate|boost\n|-unboost|p2a: Kangaskhan|atk|1\n|-unboost|p2b: Arcanine|atk|1\n|move|p1a: Aegislash|King's Shield|p1a: Aegislash\n|-singleturn|p1a: Aegislash|Protect\n|move|p2a: Kangaskhan|Sucker Punch||[still]\n|-fail|p2a: Kangaskhan\n|move|p2b: Arcanine|Flare Blitz|p1b: Tauros\n|-resisted|p1b: Tauros|1\n|-damage|p1b: Tauros|88/100\n|-damage|p2b: Arcanine|97/100|[from] Recoil\n|\n|upkeep\n|turn|5\n|inactive|LudwigVonHohenheim has 30 seconds left.\n|\n|t:|1776405272\n|switch|p1a: Clefable|Clefable, L50, M|62/100\n|move|p1b: Tauros|Body Press|p2a: Kangaskhan\n|-supereffective|p2a: Kangaskhan|1\n|-damage|p2a: Kangaskhan|0 fnt\n|faint|p2a: Kangaskhan\n|move|p2b: Arcanine|Will-O-Wisp|p1b: Tauros\n|-status|p1b: Tauros|brn\n|\n|-heal|p1a: Clefable|68/100|[from] item: Leftovers\n|-damage|p1b: Tauros|82/100 brn|[from] brn\n|upkeep\n|\n|t:|1776405284\n|switch|p2a: Sneasler|Sneasler, L50, M|100/100\n|turn|6\n|\n|t:|1776405306\n|switch|p1a: Aegislash|Aegislash, L50, M|91/100\n|move|p1b: Tauros|Aqua Jet|p2b: Arcanine\n|-supereffective|p2b: Arcanine|1\n|-damage|p2b: Arcanine|84/100\n|move|p2a: Sneasler|Dire Claw|p1a: Aegislash\n|-immune|p1a: Aegislash\n|move|p2b: Arcanine|Flare Blitz|p1b: Tauros\n|-resisted|p1b: Tauros|1\n|-damage|p1b: Tauros|68/100 brn\n|-damage|p2b: Arcanine|80/100|[from] Recoil\n|\n|-damage|p1b: Tauros|62/100 brn|[from] brn\n|upkeep\n|turn|7\n|\n|t:|1776405325\n|move|p1a: Aegislash|King's Shield|p1a: Aegislash\n|-singleturn|p1a: Aegislash|Protect\n|move|p2a: Sneasler|Dire Claw|p1b: Tauros\n|-damage|p1b: Tauros|22/100 brn\n|move|p1b: Tauros|Body Press|p2b: Arcanine\n|-damage|p2b: Arcanine|65/100\n|move|p2b: Arcanine|Will-O-Wisp|p1a: Aegislash|[miss]\n|-miss|p2b: Arcanine|p1a: Aegislash\n|\n|-damage|p1b: Tauros|16/100 brn|[from] brn\n|upkeep\n|turn|8\n|inactive|LudwigVonHohenheim has 30 seconds left.\n|\n|t:|1776405351\n|switch|p1b: Clefable|Clefable, L50, M|68/100\n|move|p2a: Sneasler|Dire Claw|p1b: Clefable\n|-supereffective|p1b: Clefable|1\n|-damage|p1b: Clefable|0 fnt\n|faint|p1b: Clefable\n|move|p2b: Arcanine|Will-O-Wisp|p1a: Aegislash\n|-status|p1a: Aegislash|brn\n|-formechange|p1a: Aegislash|Aegislash-Blade|\n|move|p1a: Aegislash|Shadow Ball|p2a: Sneasler\n|-damage|p2a: Sneasler|25/100\n|-unboost|p2a: Sneasler|spd|1\n|-enditem|p2a: Sneasler|White Herb\n|-clearnegativeboost|p2a: Sneasler|[silent]\n|\n|-damage|p1a: Aegislash|85/100 brn|[from] brn\n|upkeep\n|\n|t:|1776405374\n|switch|p1b: Tauros|Tauros-Paldea-Aqua, L50, M|16/100 brn\n|-ability|p1b: Tauros|Intimidate|boost\n|-unboost|p2a: Sneasler|atk|1\n|-unboost|p2b: Arcanine|atk|1\n|turn|9\n|\n|t:|1776405392\n|move|p2a: Sneasler|Protect|p2a: Sneasler\n|-singleturn|p2a: Sneasler|Protect\n|-formechange|p1a: Aegislash|Aegislash|\n|move|p1a: Aegislash|King's Shield|p1a: Aegislash\n|-singleturn|p1a: Aegislash|Protect\n|move|p1b: Tauros|Aqua Jet|p2a: Sneasler\n|-activate|p2a: Sneasler|move: Protect\n|move|p2b: Arcanine|Morning Sun|p2b: Arcanine\n|-heal|p2b: Arcanine|100/100\n|\n|-damage|p1b: Tauros|10/100 brn|[from] brn\n|-damage|p1a: Aegislash|79/100 brn|[from] brn\n|upkeep\n|turn|10\n|inactive|LudwigVonHohenheim has 30 seconds left.\n|\n|t:|1776405418\n|move|p2a: Sneasler|Protect||[still]\n|-fail|p2a: Sneasler\n|move|p1a: Aegislash|King's Shield|p1a: Aegislash\n|-singleturn|p1a: Aegislash|Protect\n|move|p1b: Tauros|Aqua Jet|p2b: Arcanine\n|-supereffective|p2b: Arcanine|1\n|-damage|p2b: Arcanine|86/100\n|move|p2b: Arcanine|Flare Blitz|p1b: Tauros\n|-resisted|p1b: Tauros|1\n|-damage|p1b: Tauros|0 fnt\n|faint|p1b: Tauros\n|-damage|p2b: Arcanine|84/100|[from] Recoil\n|\n|-damage|p1a: Aegislash|73/100 brn|[from] brn\n|upkeep\n|\n|t:|1776405434\n|switch|p1b: Dragonite|Dragonite, L50, M|20/100\n|turn|11\n|\n|t:|1776405445\n|move|p2a: Sneasler|Protect|p2a: Sneasler\n|-singleturn|p2a: Sneasler|Protect\n|move|p1b: Dragonite|Rock Slide|p2a: Sneasler|[spread] p2b\n|-activate|p2a: Sneasler|move: Protect\n|-supereffective|p2b: Arcanine|1\n|-crit|p2b: Arcanine\n|-damage|p2b: Arcanine|27/100\n|-enditem|p2b: Arcanine|Sitrus Berry|[eat]\n|-heal|p2b: Arcanine|52/100|[from] item: Sitrus Berry\n|move|p2b: Arcanine|Will-O-Wisp|p1b: Dragonite\n|-status|p1b: Dragonite|brn\n|-formechange|p1a: Aegislash|Aegislash-Blade|\n|move|p1a: Aegislash|Shadow Ball|p2b: Arcanine\n|-damage|p2b: Arcanine|6/100\n|-unboost|p2b: Arcanine|spd|1\n|\n|-damage|p1b: Dragonite|14/100 brn|[from] brn\n|-damage|p1a: Aegislash|67/100 brn|[from] brn\n|upkeep\n|turn|12\n|inactive|LudwigVonHohenheim has 30 seconds left.\n|inactive|Heyewer has 30 seconds left.\n|\n|t:|1776405470\n|-formechange|p1a: Aegislash|Aegislash|\n|move|p1a: Aegislash|King's Shield|p1a: Aegislash\n|-singleturn|p1a: Aegislash|Protect\n|move|p2a: Sneasler|Dire Claw|p1b: Dragonite\n|-damage|p1b: Dragonite|0 fnt\n|faint|p1b: Dragonite\n|move|p2b: Arcanine|Morning Sun|p2b: Arcanine\n|-heal|p2b: Arcanine|55/100\n|\n|-damage|p1a: Aegislash|61/100 brn|[from] brn\n|upkeep\n|turn|13\n|\n|t:|1776405492\n|move|p1a: Aegislash|King's Shield||[still]\n|-fail|p1a: Aegislash\n|move|p2a: Sneasler|Dire Claw|p1a: Aegislash\n|-immune|p1a: Aegislash\n|move|p2b: Arcanine|Morning Sun|p2b: Arcanine\n|-heal|p2b: Arcanine|100/100\n|\n|-damage|p1a: Aegislash|55/100 brn|[from] brn\n|upkeep\n|turn|14\n|\n|t:|1776405509\n|move|p1a: Aegislash|King's Shield|p1a: Aegislash\n|-singleturn|p1a: Aegislash|Protect\n|move|p2a: Sneasler|Dire Claw|p1a: Aegislash\n|-activate|p1a: Aegislash|move: Protect\n|-unboost|p2a: Sneasler|atk|1\n|move|p2b: Arcanine|Flare Blitz|p1a: Aegislash\n|-activate|p1a: Aegislash|move: Protect\n|-unboost|p2b: Arcanine|atk|1\n|\n|-damage|p1a: Aegislash|49/100 brn|[from] brn\n|upkeep\n|turn|15\n|\n|t:|1776405526\n|move|p2a: Sneasler|Dire Claw|p1a: Aegislash\n|-immune|p1a: Aegislash\n|move|p2b: Arcanine|Flare Blitz|p1a: Aegislash\n|-supereffective|p1a: Aegislash|1\n|-damage|p1a: Aegislash|19/100 brn\n|-damage|p2b: Arcanine|92/100|[from] Recoil\n|-formechange|p1a: Aegislash|Aegislash-Blade|\n|move|p1a: Aegislash|Shadow Ball|p2b: Arcanine\n|-damage|p2b: Arcanine|26/100\n|-unboost|p2b: Arcanine|spd|1\n|\n|-damage|p1a: Aegislash|13/100 brn|[from] brn\n|upkeep\n|turn|16\n|\n|t:|1776405546\n|move|p2a: Sneasler|Dire Claw|p1a: Aegislash\n|-immune|p1a: Aegislash\n|move|p2b: Arcanine|Morning Sun|p2b: Arcanine\n|-heal|p2b: Arcanine|76/100\n|move|p1a: Aegislash|Shadow Ball|p2b: Arcanine\n|-damage|p2b: Arcanine|0 fnt\n|faint|p2b: Arcanine\n|\n|-damage|p1a: Aegislash|7/100 brn|[from] brn\n|upkeep\n|turn|17\n|\n|t:|1776405561\n|move|p2a: Sneasler|Protect|p2a: Sneasler\n|-singleturn|p2a: Sneasler|Protect\n|move|p1a: Aegislash|Shadow Ball|p2a: Sneasler\n|-activate|p2a: Sneasler|move: Protect\n|\n|-damage|p1a: Aegislash|1/100 brn|[from] brn\n|upkeep\n|turn|18\n|\n|t:|1776405570\n|move|p2a: Sneasler|Protect||[still]\n|-fail|p2a: Sneasler\n|move|p1a: Aegislash|Shadow Ball|p2a: Sneasler\n|-damage|p2a: Sneasler|0 fnt\n|faint|p2a: Sneasler\n|\n|win|LudwigVonHohenheim\n|raw|LudwigVonHohenheim's rating: 1080 &rarr; <strong>1115</strong><br />(+35 for winning)\n|raw|Heyewer's rating: 1167 &rarr; <strong>1136</strong><br />(-31 for losing)\n|l|\u2606Heyewer\n|player|p2|\n",
  "uploadtime": 1776405583,
  "views": 26,
  "formatid": "gen9championsvgc2026regma",
  "rating": 1115,
  "private": 0,
  "password": null
}