{
  "id": "gen9championsvgc2026regma-2587811692",
  "format": "[Gen 9 Champions] VGC 2026 Reg M-A",
  "players": [
    "Lessa_ped",
    "kk_gtdlbk"
  ],
  "log": "|j|\u2606Lessa_ped\n|j|\u2606kk_gtdlbk\n|t:|1776566452\n|gametype|doubles\n|player|p1|Lessa_ped|n|1051\n|player|p2|kk_gtdlbk|101|1109\n|gen|9\n|tier|[Gen 9 Champions] VGC 2026 Reg M-A\n|rated|\n|rule|Species Clause: Limit one of each Pok\u00e9mon\n|rule|Item Clause: Limit 1 of each item\n|clearpoke\n|poke|p1|Archaludon, L50, F, shiny|\n|poke|p1|Pelipper, L50, M, shiny|\n|poke|p1|Sneasler, L50, M, shiny|\n|poke|p1|Incineroar, L50, F, shiny|\n|poke|p1|Basculegion, L50, M, shiny|\n|poke|p1|Meganium, L50, F|\n|poke|p2|Aerodactyl, L50, F|\n|poke|p2|Gardevoir, L50, F|\n|poke|p2|Maushold, L50|\n|poke|p2|Sneasler, L50, M|\n|poke|p2|Incineroar, L50, F|\n|poke|p2|Kingambit, L50, F|\n|teampreview|4\n|inactive|Battle timer is ON: inactive players will automatically lose when time's up. (requested by kk_gtdlbk)\n|\n|t:|1776566491\n|teamsize|p1|4\n|teamsize|p2|4\n|start\n|switch|p1a: Basculegion|Basculegion, L50, M, shiny|100/100\n|switch|p1b: Pelipper|Pelipper, L50, M, shiny|100/100\n|switch|p2a: Maushold|Maushold, L50|100/100\n|switch|p2b: Gardevoir|Gardevoir, L50, F|100/100\n|-weather|RainDance|[from] ability: Drizzle|[of] p1b: Pelipper\n|-ability|p2b: Gardevoir|Swift Swim|Trace|[from] ability: Trace|[of] p1a: Basculegion\n|turn|1\n|inactive|Lessa_ped has 30 seconds left.\n|inactive|kk_gtdlbk has 30 seconds left.\n|\n|t:|1776566524\n|move|p2b: Gardevoir|Protect|p2b: Gardevoir\n|-singleturn|p2b: Gardevoir|Protect\n|move|p1b: Pelipper|Protect|p1b: Pelipper\n|-singleturn|p1b: Pelipper|Protect\n|move|p1a: Basculegion|Last Respects|p2b: Gardevoir\n|-activate|p2b: Gardevoir|move: Protect\n|move|p2a: Maushold|Taunt|p1b: Pelipper\n|-activate|p1b: Pelipper|move: Protect\n|\n|-weather|RainDance|[upkeep]\n|upkeep\n|turn|2\n|inactive|kk_gtdlbk has 30 seconds left.\n|inactive|kk_gtdlbk has 20 seconds left.\n|inactive|kk_gtdlbk has 15 seconds left.\n|\n|t:|1776566565\n|switch|p2b: Kingambit|Kingambit, L50, F|100/100\n|switch|p1b: Sneasler|Sneasler, L50, M, shiny|100/100\n|move|p1a: Basculegion|Last Respects|p2b: Kingambit\n|-resisted|p2b: Kingambit|1\n|-damage|p2b: Kingambit|93/100\n|move|p2a: Maushold|Super Fang|p1b: Sneasler\n|-damage|p1b: Sneasler|51/100\n|\n|-weather|RainDance|[upkeep]\n|upkeep\n|turn|3\n|inactive|Lessa_ped has 30 seconds left.\n|inactive|kk_gtdlbk has 30 seconds left.\n|\n|t:|1776566599\n|move|p1a: Basculegion|Protect|p1a: Basculegion\n|-singleturn|p1a: Basculegion|Protect\n|move|p2a: Maushold|Follow Me|p2a: Maushold\n|-singleturn|p2a: Maushold|move: Follow Me\n|move|p1b: Sneasler|Close Combat|p2a: Maushold\n|-supereffective|p2a: Maushold|1\n|-enditem|p2a: Maushold|Chople Berry|[eat]\n|-enditem|p2a: Maushold|Chople Berry|[weaken]\n|-damage|p2a: Maushold|32/100\n|-unboost|p1b: Sneasler|def|1\n|-unboost|p1b: Sneasler|spd|1\n|-enditem|p1b: Sneasler|White Herb\n|-clearnegativeboost|p1b: Sneasler|[silent]\n|move|p2b: Kingambit|Kowtow Cleave|p1b: Sneasler\n|-resisted|p1b: Sneasler|1\n|-damage|p1b: Sneasler|0 fnt\n|faint|p1b: Sneasler\n|\n|-weather|RainDance|[upkeep]\n|upkeep\n|\n|t:|1776566620\n|switch|p1b: Archaludon|Archaludon, L50, F, shiny|100/100\n|turn|4\n|\n|t:|1776566633\n|switch|p1a: Pelipper|Pelipper, L50, M, shiny|100/100\n|move|p2b: Kingambit|Sucker Punch||[still]\n|-fail|p2b: Kingambit\n|move|p2a: Maushold|Super Fang|p1b: Archaludon\n|-damage|p1b: Archaludon|51/100\n|-ability|p1b: Archaludon|Stamina|boost\n|-boost|p1b: Archaludon|def|1\n|move|p1b: Archaludon|Electro Shot||[still]\n|-prepare|p1b: Archaludon|Electro Shot\n|-boost|p1b: Archaludon|spa|1\n|-anim|p1b: Archaludon|Electro Shot|p2b: Kingambit\n|-damage|p2b: Kingambit|43/100\n|\n|-weather|RainDance|[upkeep]\n|-heal|p1b: Archaludon|57/100|[from] item: Leftovers\n|upkeep\n|turn|5\n|\n|t:|1776566657\n|move|p1b: Archaludon|Protect|p1b: Archaludon\n|-singleturn|p1b: Archaludon|Protect\n|move|p2a: Maushold|Follow Me|p2a: Maushold\n|-singleturn|p2a: Maushold|move: Follow Me\n|move|p1a: Pelipper|Hurricane|p2a: Maushold\n|-damage|p2a: Maushold|0 fnt\n|faint|p2a: Maushold\n|move|p2b: Kingambit|Kowtow Cleave|p1b: Archaludon\n|-activate|p1b: Archaludon|move: Protect\n|\n|-weather|none\n|-heal|p1b: Archaludon|63/100|[from] item: Leftovers\n|upkeep\n|\n|t:|1776566671\n|switch|p2a: Sneasler|Sneasler, L50, M|100/100\n|turn|6\n|\n|t:|1776566694\n|switch|p1b: Basculegion|Basculegion, L50, M, shiny|100/100\n|move|p2b: Kingambit|Sucker Punch|p1a: Pelipper\n|-damage|p1a: Pelipper|30/100\n|move|p2a: Sneasler|Close Combat|p1b: Basculegion\n|-immune|p1b: Basculegion\n|move|p1a: Pelipper|Hurricane|p2a: Sneasler\n|-supereffective|p2a: Sneasler|1\n|-damage|p2a: Sneasler|0 fnt\n|faint|p2a: Sneasler\n|\n|upkeep\n|\n|t:|1776566707\n|switch|p2a: Gardevoir|Gardevoir, L50, F|100/100\n|-ability|p2a: Gardevoir|Swift Swim|Trace|[from] ability: Trace|[of] p1b: Basculegion\n|turn|7\n|\n|t:|1776566716\n|switch|p1a: Archaludon|Archaludon, L50, F, shiny|63/100\n|detailschange|p2a: Gardevoir|Gardevoir-Mega, L50, F\n|-mega|p2a: Gardevoir|Gardevoir|Gardevoirite\n|move|p1b: Basculegion|Protect|p1b: Basculegion\n|-singleturn|p1b: Basculegion|Protect\n|move|p2b: Kingambit|Sucker Punch||[still]\n|-fail|p2b: Kingambit\n|move|p2a: Gardevoir|Hyper Voice|p1a: Archaludon|[spread] p1a\n|-activate|p1b: Basculegion|move: Protect\n|-damage|p1a: Archaludon|13/100\n|-ability|p1a: Archaludon|Stamina|boost\n|-boost|p1a: Archaludon|def|1\n|\n|-heal|p1a: Archaludon|19/100|[from] item: Leftovers\n|upkeep\n|turn|8\n|inactive|Lessa_ped has 30 seconds left.\n|\n|t:|1776566745\n|switch|p1b: Pelipper|Pelipper, L50, M, shiny|30/100\n|-weather|RainDance|[from] ability: Drizzle|[of] p1b: Pelipper\n|move|p2b: Kingambit|Sucker Punch||[still]\n|-fail|p2b: Kingambit\n|move|p2a: Gardevoir|Hyper Voice|p1b: Pelipper|[spread] p1a,p1b\n|-damage|p1a: Archaludon|0 fnt\n|-damage|p1b: Pelipper|0 fnt\n|faint|p1a: Archaludon\n|faint|p1b: Pelipper\n|\n|-weather|RainDance|[upkeep]\n|upkeep\n|\n|t:|1776566754\n|switch|p1b: Basculegion|Basculegion, L50, M, shiny|100/100\n|turn|9\n|\n|t:|1776566763\n|move|p2b: Kingambit|Sucker Punch|p1b: Basculegion\n|-supereffective|p1b: Basculegion|1\n|-damage|p1b: Basculegion|0 fnt\n|faint|p1b: Basculegion\n|\n|win|kk_gtdlbk\n|raw|Lessa_ped's rating: 1051 &rarr; <strong>1036</strong><br />(-15 for losing)\n|raw|kk_gtdlbk's rating: 1109 &rarr; <strong>1130</strong><br />(+21 for winning)\n",
  "uploadtime": 1776566766,
  "views": 11,
  "formatid": "gen9championsvgc2026regma",
  "rating": 1036,
  "private": 0,
  "password": null
}