{
  "id": "gen9championsvgc2026regma-2584488819",
  "format": "[Gen 9 Champions] VGC 2026 Reg M-A",
  "players": [
    "kronos22",
    "coummmfpk"
  ],
  "log": "|j|\u2606kronos22\n|j|\u2606coummmfpk\n|t:|1776264222\n|gametype|doubles\n|player|p1|kronos22|170|1410\n|player|p2|coummmfpk|flannery|1424\n|gen|9\n|tier|[Gen 9 Champions] VGC 2026 Reg M-A\n|rated|\n|rule|Species Clause: Limit one of each Pok\u00e9mon\n|rule|Item Clause: Limit 1 of each item\n|clearpoke\n|poke|p1|Slowbro, L50, M|\n|poke|p1|Farigiraf, L50, F|\n|poke|p1|Abomasnow, L50, F|\n|poke|p1|Primarina, L50, F|\n|poke|p1|Kingambit, L50, M|\n|poke|p1|Sneasler, L50, F|\n|poke|p2|Volcarona, L50, F|\n|poke|p2|Gyarados, L50, M|\n|poke|p2|Lucario, L50, M|\n|poke|p2|Garchomp, L50, F|\n|poke|p2|Meowscarada, L50, F|\n|poke|p2|Dragonite, L50, M|\n|teampreview|4\n|\n|t:|1776264276\n|teamsize|p1|4\n|teamsize|p2|4\n|start\n|switch|p1a: Slowbro|Slowbro, L50, M|100/100\n|switch|p1b: Sneasler|Sneasler, L50, F|100/100\n|switch|p2a: Volcarona|Volcarona, L50, F|100/100\n|switch|p2b: Dragonite|Dragonite, L50, M|100/100\n|turn|1\n|\n|t:|1776264291\n|move|p1b: Sneasler|Fake Out|p2b: Dragonite\n|-damage|p2b: Dragonite|88/100\n|move|p2a: Volcarona|Struggle Bug|p1b: Sneasler|[spread] p1a,p1b\n|-supereffective|p1a: Slowbro|1\n|-resisted|p1b: Sneasler|2\n|-damage|p1a: Slowbro|75/100\n|-damage|p1b: Sneasler|95/100\n|-unboost|p1a: Slowbro|spa|1\n|-unboost|p1b: Sneasler|spa|1\n|-enditem|p1b: Sneasler|White Herb\n|-clearnegativeboost|p1b: Sneasler|[silent]\n|move|p2b: Dragonite|Roar|p1a: Slowbro\n|drag|p1a: Primarina|Primarina, L50, F|100/100\n|\n|upkeep\n|turn|2\n|\n|t:|1776264321\n|move|p1b: Sneasler|U-turn|p2b: Dragonite\n|-resisted|p2b: Dragonite|1\n|-damage|p2b: Dragonite|75/100\n|\n|t:|1776264324\n|switch|p1b: Slowbro|Slowbro, L50, M|75/100|[from] U-turn\n|move|p2a: Volcarona|Struggle Bug|p1b: Slowbro|[spread] p1a,p1b\n|-resisted|p1a: Primarina|1\n|-supereffective|p1b: Slowbro|1\n|-damage|p1a: Primarina|93/100\n|-damage|p1b: Slowbro|47/100\n|-unboost|p1a: Primarina|spa|1\n|-unboost|p1b: Slowbro|spa|1\n|move|p2b: Dragonite|Stomping Tantrum|p1b: Slowbro\n|-damage|p1b: Slowbro|29/100\n|move|p1a: Primarina|Moonblast|p2b: Dragonite\n|-supereffective|p2b: Dragonite|1\n|-damage|p2b: Dragonite|17/100\n|\n|upkeep\n|turn|3\n|\n|t:|1776264347\n|move|p2a: Volcarona|Struggle Bug|p1b: Slowbro|[spread] p1a,p1b\n|-resisted|p1a: Primarina|1\n|-supereffective|p1b: Slowbro|1\n|-damage|p1a: Primarina|85/100\n|-damage|p1b: Slowbro|2/100\n|-unboost|p1a: Primarina|spa|1\n|-unboost|p1b: Slowbro|spa|1\n|move|p2b: Dragonite|Stomping Tantrum|p1b: Slowbro\n|-damage|p1b: Slowbro|0 fnt\n|faint|p1b: Slowbro\n|move|p1a: Primarina|Hyper Voice|p2b: Dragonite|[spread] p2a,p2b\n|-supereffective|p2a: Volcarona|1\n|-resisted|p2b: Dragonite|1\n|-damage|p2a: Volcarona|64/100\n|-damage|p2b: Dragonite|10/100\n|\n|upkeep\n|\n|t:|1776264362\n|switch|p1b: Abomasnow|Abomasnow, L50, F|100/100\n|-weather|Snowscape|[from] ability: Snow Warning|[of] p1b: Abomasnow\n|turn|4\n|\n|t:|1776264373\n|switch|p1a: Sneasler|Sneasler, L50, F|95/100\n|move|p1b: Abomasnow|Ice Shard|p2b: Dragonite\n|-supereffective|p2b: Dragonite|2\n|-damage|p2b: Dragonite|0 fnt\n|faint|p2b: Dragonite\n|move|p2a: Volcarona|Heat Wave|p1a: Sneasler|[spread] p1a\n|-miss|p2a: Volcarona|p1b: Abomasnow\n|-damage|p1a: Sneasler|43/100\n|\n|-weather|Snowscape|[upkeep]\n|upkeep\n|\n|t:|1776264384\n|switch|p2b: Lucario|Lucario, L50, M|100/100\n|turn|5\n|\n|t:|1776264401\n|detailschange|p2b: Lucario|Lucario-Mega, L50, M\n|-mega|p2b: Lucario|Lucario|Lucarionite\n|detailschange|p1b: Abomasnow|Abomasnow-Mega, L50, F\n|-mega|p1b: Abomasnow|Abomasnow|Abomasite\n|move|p1a: Sneasler|Fake Out|p2a: Volcarona\n|-damage|p2a: Volcarona|47/100\n|-status|p1a: Sneasler|brn|[from] ability: Flame Body|[of] p2a: Volcarona\n|move|p2b: Lucario|Close Combat|p1b: Abomasnow\n|-supereffective|p1b: Abomasnow|1\n|-damage|p1b: Abomasnow|0 fnt\n|-unboost|p2b: Lucario|def|1\n|-unboost|p2b: Lucario|spd|1\n|faint|p1b: Abomasnow\n|cant|p2a: Volcarona|flinch\n|\n|-weather|Snowscape|[upkeep]\n|-damage|p1a: Sneasler|37/100 brn|[from] brn\n|upkeep\n|\n|t:|1776264409\n|switch|p1b: Primarina|Primarina, L50, F|85/100\n|turn|6\n|\n|t:|1776264420\n|move|p2a: Volcarona|Rage Powder|p2a: Volcarona\n|-singleturn|p2a: Volcarona|move: Rage Powder\n|move|p1a: Sneasler|Dire Claw|p2a: Volcarona\n|-damage|p2a: Volcarona|26/100\n|-status|p2a: Volcarona|par\n|move|p2b: Lucario|Close Combat|p1a: Sneasler\n|-resisted|p1a: Sneasler|1\n|-damage|p1a: Sneasler|0 fnt\n|-unboost|p2b: Lucario|def|1\n|-unboost|p2b: Lucario|spd|1\n|faint|p1a: Sneasler\n|move|p1b: Primarina|Hyper Voice|p2b: Lucario|[spread] p2a,p2b\n|-supereffective|p2a: Volcarona|1\n|-damage|p2a: Volcarona|0 fnt\n|-damage|p2b: Lucario|0 fnt\n|faint|p2a: Volcarona\n|faint|p2b: Lucario\n|\n|-weather|Snowscape|[upkeep]\n|upkeep\n|\n|t:|1776264429\n|switch|p2a: Meowscarada|Meowscarada, L50, F|100/100\n|turn|7\n|\n|t:|1776264432\n|move|p2a: Meowscarada|Flower Trick|p1b: Primarina\n|-supereffective|p1b: Primarina|1\n|-crit|p1b: Primarina\n|-damage|p1b: Primarina|0 fnt\n|faint|p1b: Primarina\n|\n|win|coummmfpk\n|raw|kronos22's rating: 1410 &rarr; <strong>1391</strong><br />(-19 for losing)\n|raw|coummmfpk's rating: 1424 &rarr; <strong>1443</strong><br />(+19 for winning)\n",
  "uploadtime": 1776264439,
  "views": 46,
  "formatid": "gen9championsvgc2026regma",
  "rating": 1391,
  "private": 0,
  "password": null
}