{
  "id": "gen9championsvgc2026regma-2584491368",
  "format": "[Gen 9 Champions] VGC 2026 Reg M-A",
  "players": [
    "hyunbelievable",
    "Relink007"
  ],
  "log": "|j|\u2606hyunbelievable\n|j|\u2606Relink007\n|t:|1776264381\n|gametype|doubles\n|player|p1|hyunbelievable|guzma|1084\n|player|p2|Relink007|169|1058\n|gen|9\n|tier|[Gen 9 Champions] VGC 2026 Reg M-A\n|rated|\n|rule|Species Clause: Limit one of each Pok\u00e9mon\n|rule|Item Clause: Limit 1 of each item\n|clearpoke\n|poke|p1|Blastoise, L50, F|\n|poke|p1|Sinistcha, L50|\n|poke|p1|Sableye, L50, M|\n|poke|p1|Aerodactyl, L50, F|\n|poke|p1|Sneasler, L50, F|\n|poke|p1|Farigiraf, L50, F|\n|poke|p2|Azumarill, L50, F|\n|poke|p2|Garchomp, L50, M|\n|poke|p2|Sneasler, L50, F|\n|poke|p2|Ceruledge, L50, F|\n|poke|p2|Sinistcha, L50|\n|poke|p2|Froslass, L50, F|\n|teampreview|4\n|\n|t:|1776264442\n|teamsize|p1|4\n|teamsize|p2|4\n|start\n|switch|p1a: the drink|Blastoise, L50, F|100/100\n|switch|p1b: the parfait|Sneasler, L50, F|100/100\n|switch|p2a: Froslass|Froslass, L50, F|100/100\n|switch|p2b: Azumarill|Azumarill, L50, F|100/100\n|turn|1\n|inactive|Battle timer is ON: inactive players will automatically lose when time's up. (requested by Relink007)\n|\n|t:|1776264487\n|detailschange|p2a: Froslass|Froslass-Mega, L50, F\n|-mega|p2a: Froslass|Froslass|Froslassite\n|-weather|Snowscape|[from] ability: Snow Warning|[of] p2a: Froslass\n|detailschange|p1a: the drink|Blastoise-Mega, L50, F\n|-mega|p1a: the drink|Blastoise|Blastoisinite\n|move|p1b: the parfait|Dire Claw|p2b: Azumarill\n|-supereffective|p2b: Azumarill|1\n|-damage|p2b: Azumarill|11/100\n|-status|p2b: Azumarill|par\n|move|p2a: Froslass|Blizzard|p1a: the drink|[spread] p1a,p1b\n|-resisted|p1a: the drink|1\n|-damage|p1a: the drink|78/100\n|-damage|p1b: the parfait|36/100\n|move|p1a: the drink|Shell Smash|p1a: the drink\n|-unboost|p1a: the drink|def|1\n|-unboost|p1a: the drink|spd|1\n|-boost|p1a: the drink|atk|2\n|-boost|p1a: the drink|spa|2\n|-boost|p1a: the drink|spe|2\n|move|p2b: Azumarill|Belly Drum||[still]\n|-fail|p2b: Azumarill\n|\n|-weather|Snowscape|[upkeep]\n|upkeep\n|turn|2\n|inactive|Relink007 has 30 seconds left.\n|\n|t:|1776264516\n|switch|p1b: the juice box|Farigiraf, L50, F|100/100\n|move|p2a: Froslass|Protect|p2a: Froslass\n|-singleturn|p2a: Froslass|Protect\n|move|p1a: the drink|Water Spout|p2a: Froslass|[spread] p2b\n|-activate|p2a: Froslass|move: Protect\n|-resisted|p2b: Azumarill|1\n|-damage|p2b: Azumarill|0 fnt\n|faint|p2b: Azumarill\n|\n|-weather|Snowscape|[upkeep]\n|upkeep\n|\n|t:|1776264530\n|switch|p2b: Sinistcha|Sinistcha, L50|100/100\n|turn|3\n|\n|t:|1776264539\n|move|p1b: the juice box|Helping Hand|p1a: the drink\n|-singleturn|p1a: the drink|Helping Hand|[of] p1b: the juice box\n|move|p1a: the drink|Ice Beam|p2b: Sinistcha\n|-supereffective|p2b: Sinistcha|1\n|-damage|p2b: Sinistcha|0 fnt\n|faint|p2b: Sinistcha\n|move|p2a: Froslass|Shadow Ball|p1b: the juice box\n|-immune|p1b: the juice box\n|\n|-weather|Snowscape|[upkeep]\n|upkeep\n|\n|t:|1776264551\n|switch|p2b: Garchomp|Garchomp, L50, M|100/100\n|turn|4\n|\n|t:|1776264564\n|move|p1a: the drink|Ice Beam|p2b: Garchomp\n|-supereffective|p2b: Garchomp|2\n|-damage|p2b: Garchomp|0 fnt\n|faint|p2b: Garchomp\n|move|p2a: Froslass|Shadow Ball|p1a: the drink\n|-damage|p1a: the drink|5/100\n|move|p1b: the juice box|Psychic Noise|p2a: Froslass\n|-damage|p2a: Froslass|54/100\n|-start|p2a: Froslass|move: Heal Block\n|\n|-weather|Snowscape|[upkeep]\n|upkeep\n|turn|5\n|\n|t:|1776264578\n|move|p1b: the juice box|Ally Switch|p1b: the juice box\n|swap|p1b: the juice box|0|[from] move: Ally Switch\n|move|p1b: the drink|Ice Beam|p2a: Froslass\n|-resisted|p2a: Froslass|1\n|-damage|p2a: Froslass|11/100\n|move|p2a: Froslass|Blizzard|p1b: the drink|[spread] p1a,p1b\n|-resisted|p1b: the drink|1\n|-damage|p1a: the juice box|58/100\n|-damage|p1b: the drink|0 fnt\n|-status|p1a: the juice box|frz\n|faint|p1b: the drink\n|\n|-weather|none\n|-end|p2a: Froslass|move: Heal Block\n|upkeep\n|\n|t:|1776264587\n|switch|p1b: the parfait|Sneasler, L50, F|36/100\n|turn|6\n|\n|t:|1776264594\n|move|p1b: the parfait|Dire Claw|p2a: Froslass\n|-resisted|p2a: Froslass|1\n|-damage|p2a: Froslass|0 fnt\n|faint|p2a: Froslass\n|\n|win|hyunbelievable\n|raw|hyunbelievable's rating: 1084 &rarr; <strong>1109</strong><br />(+25 for winning)\n|raw|Relink007's rating: 1058 &rarr; <strong>1041</strong><br />(-17 for losing)\n|l|\u2606Relink007\n|player|p2|\n",
  "uploadtime": 1776264596,
  "views": 23,
  "formatid": "gen9championsvgc2026regma",
  "rating": 1041,
  "private": 0,
  "password": null
}