{
  "id": "gen9championsvgc2026regma-2584798404",
  "format": "[Gen 9 Champions] VGC 2026 Reg M-A",
  "players": [
    "girthyhunt",
    "toxmyself"
  ],
  "log": "|j|\u2606girthyhunt\n|j|\u2606toxmyself\n|t:|1776284449\n|gametype|doubles\n|player|p1|girthyhunt|clay|1141\n|player|p2|toxmyself|norman|1182\n|gen|9\n|tier|[Gen 9 Champions] VGC 2026 Reg M-A\n|rated|\n|rule|Species Clause: Limit one of each Pok\u00e9mon\n|rule|Item Clause: Limit 1 of each item\n|clearpoke\n|poke|p1|Kingambit, L50, M|\n|poke|p1|Sinistcha, L50|\n|poke|p1|Milotic, L50, M|\n|poke|p1|Aerodactyl, L50, F|\n|poke|p1|Incineroar, L50, F|\n|poke|p1|Floette-Eternal, L50, F|\n|poke|p2|Charizard, L50, M|\n|poke|p2|Venusaur, L50, F|\n|poke|p2|Garchomp, L50, M|\n|poke|p2|Incineroar, L50, F|\n|poke|p2|Gardevoir, L50, M|\n|poke|p2|Milotic, L50, F|\n|teampreview|4\n|inactive|Battle timer is ON: inactive players will automatically lose when time's up. (requested by toxmyself)\n|inactive|girthyhunt has 60 seconds left.\n|\n|t:|1776284501\n|teamsize|p1|4\n|teamsize|p2|4\n|start\n|switch|p1a: Aerodactyl|Aerodactyl, L50, F|100/100\n|switch|p1b: Incineroar|Incineroar, L50, F|100/100\n|switch|p2a: Gardevoir|Gardevoir, L50, M|100/100\n|switch|p2b: Milotic|Milotic, L50, F|100/100\n|-ability|p1a: Aerodactyl|Unnerve\n|-ability|p1b: Incineroar|Intimidate|boost\n|-unboost|p2a: Gardevoir|atk|1\n|-unboost|p2b: Milotic|atk|1\n|-ability|p2b: Milotic|Competitive|boost\n|-boost|p2b: Milotic|spa|2\n|turn|1\n|inactive|girthyhunt has 30 seconds left.\n|inactive|toxmyself has 30 seconds left.\n|\n|t:|1776284534\n|move|p1b: Incineroar|Fake Out|p2b: Milotic\n|-damage|p2b: Milotic|90/100\n|move|p2a: Gardevoir|Moonblast|p1a: Aerodactyl\n|-damage|p1a: Aerodactyl|29/100\n|move|p1a: Aerodactyl|Rock Slide|p2b: Milotic|[spread] p2a,p2b\n|-damage|p2a: Gardevoir|59/100\n|-damage|p2b: Milotic|70/100\n|cant|p2b: Milotic|flinch\n|\n|-heal|p2b: Milotic|76/100|[from] item: Leftovers\n|upkeep\n|turn|2\n|inactive|girthyhunt has 30 seconds left.\n|\n|t:|1776284564\n|switch|p1a: Milotic|Milotic, L50, M|100/100\n|switch|p1b: Floette|Floette-Eternal, L50, F|100/100\n|move|p2a: Gardevoir|Moonblast|p1a: Milotic\n|-damage|p1a: Milotic|63/100\n|move|p2b: Milotic|Life Dew|p2b: Milotic|[spread] p2a,p2b\n|-heal|p2a: Gardevoir|84/100\n|-heal|p2b: Milotic|100/100\n|\n|-heal|p1a: Milotic|69/100|[from] item: Leftovers\n|upkeep\n|turn|3\n|\n|t:|1776284584\n|detailschange|p1b: Floette|Floette-Mega, L50, F\n|-mega|p1b: Floette|Floette|Floettite\n|-ability|p1b: Floette|Fairy Aura\n|move|p2a: Gardevoir|Moonblast|p1b: Floette\n|-damage|p1b: Floette|56/100\n|move|p1b: Floette|Calm Mind|p1b: Floette\n|-boost|p1b: Floette|spa|1\n|-boost|p1b: Floette|spd|1\n|move|p2b: Milotic|Scald|p1b: Floette\n|-damage|p1b: Floette|27/100\n|move|p1a: Milotic|Life Dew|p1a: Milotic|[spread] p1a,p1b\n|-heal|p1a: Milotic|94/100\n|-heal|p1b: Floette|52/100\n|\n|-heal|p1a: Milotic|99/100|[from] item: Leftovers\n|upkeep\n|turn|4\n|\n|t:|1776284604\n|move|p1b: Floette|Protect|p1b: Floette\n|-singleturn|p1b: Floette|Protect\n|move|p2a: Gardevoir|Moonblast|p1b: Floette\n|-activate|p1b: Floette|move: Protect\n|move|p2b: Milotic|Scald|p1b: Floette\n|-activate|p1b: Floette|move: Protect\n|move|p1a: Milotic|Life Dew|p1a: Milotic|[spread] p1a,p1b\n|-heal|p1a: Milotic|100/100\n|-heal|p1b: Floette|77/100\n|\n|upkeep\n|turn|5\n|c|\u2606toxmyself|now I know that works\n|c|\u2606toxmyself|TIL\n|inactive|girthyhunt has 30 seconds left.\n|\n|t:|1776284635\n|move|p2a: Gardevoir|Moonblast|p1b: Floette\n|-damage|p1b: Floette|46/100\n|move|p1b: Floette|Dazzling Gleam|p2b: Milotic|[spread] p2a,p2b\n|-damage|p2a: Gardevoir|2/100\n|-damage|p2b: Milotic|41/100\n|move|p2b: Milotic|Scald|p1b: Floette\n|-damage|p1b: Floette|17/100\n|move|p1a: Milotic|Life Dew||[still]|[spread] p1a,p1b\n|-fail|p1a: Milotic|heal\n|-heal|p1b: Floette|41/100\n|\n|-heal|p2b: Milotic|47/100|[from] item: Leftovers\n|upkeep\n|turn|6\n|\n|t:|1776284656\n|move|p1b: Floette|Protect|p1b: Floette\n|-singleturn|p1b: Floette|Protect\n|move|p2a: Gardevoir|Moonblast|p1a: Milotic\n|-damage|p1a: Milotic|52/100\n|move|p2b: Milotic|Life Dew|p2b: Milotic|[spread] p2a,p2b\n|-heal|p2a: Gardevoir|27/100\n|-heal|p2b: Milotic|72/100\n|move|p1a: Milotic|Life Dew|p1a: Milotic|[spread] p1a,p1b\n|-heal|p1a: Milotic|78/100\n|-heal|p1b: Floette|66/100\n|\n|-heal|p2b: Milotic|78/100|[from] item: Leftovers\n|-heal|p1a: Milotic|84/100|[from] item: Leftovers\n|upkeep\n|turn|7\n|\n|t:|1776284675\n|move|p2a: Gardevoir|Moonblast|p1b: Floette\n|-damage|p1b: Floette|36/100\n|move|p1b: Floette|Dazzling Gleam|p2a: Gardevoir|[spread] p2a,p2b\n|-damage|p2a: Gardevoir|0 fnt\n|-damage|p2b: Milotic|14/100\n|faint|p2a: Gardevoir\n|move|p2b: Milotic|Scald|p1b: Floette\n|-damage|p1b: Floette|8/100\n|move|p1a: Milotic|Life Dew|p1a: Milotic|[spread] p1a,p1b\n|-heal|p1a: Milotic|100/100\n|-heal|p1b: Floette|33/100\n|\n|-heal|p2b: Milotic|20/100|[from] item: Leftovers\n|upkeep\n|\n|t:|1776284685\n|switch|p2a: Charizard|Charizard, L50, M|100/100\n|turn|8\n|inactive|girthyhunt has 30 seconds left.\n|\n|t:|1776284714\n|detailschange|p2a: Charizard|Charizard-Mega-Y, L50, M\n|-mega|p2a: Charizard|Charizard|Charizardite Y\n|-weather|SunnyDay|[from] ability: Drought|[of] p2a: Charizard\n|move|p1b: Floette|Protect|p1b: Floette\n|-singleturn|p1b: Floette|Protect\n|move|p2a: Charizard|Solar Beam||[still]\n|-prepare|p2a: Charizard|Solar Beam\n|-anim|p2a: Charizard|Solar Beam|p1a: Milotic\n|-supereffective|p1a: Milotic|1\n|-damage|p1a: Milotic|23/100\n|move|p2b: Milotic|Life Dew||[still]|[spread] p2a,p2b\n|-fail|p2a: Charizard|heal\n|-heal|p2b: Milotic|45/100\n|move|p1a: Milotic|Icy Wind|p2b: Milotic|[spread] p2a,p2b\n|-resisted|p2b: Milotic|1\n|-damage|p2a: Charizard|91/100\n|-damage|p2b: Milotic|42/100\n|-unboost|p2a: Charizard|spe|1\n|-unboost|p2b: Milotic|spe|1\n|-ability|p2b: Milotic|Competitive|boost\n|-boost|p2b: Milotic|spa|2\n|\n|-weather|SunnyDay|[upkeep]\n|-heal|p1a: Milotic|29/100|[from] item: Leftovers\n|-heal|p2b: Milotic|48/100|[from] item: Leftovers\n|upkeep\n|turn|9\n|inactive|girthyhunt has 30 seconds left.\n|inactive|girthyhunt has 20 seconds left.\n|inactive|girthyhunt has 15 seconds left.\n|inactive|girthyhunt has 10 seconds left.\n|\n|t:|1776284762\n|move|p2b: Milotic|Protect|p2b: Milotic\n|-singleturn|p2b: Milotic|Protect\n|move|p1b: Floette|Dazzling Gleam|p2a: Charizard|[spread] p2a\n|-activate|p2b: Milotic|move: Protect\n|-resisted|p2a: Charizard|1\n|-damage|p2a: Charizard|50/100\n|move|p2a: Charizard|Weather Ball|p1b: Floette\n|-damage|p1b: Floette|0 fnt\n|faint|p1b: Floette\n|move|p1a: Milotic|Life Dew|p1a: Milotic\n|-heal|p1a: Milotic|54/100\n|\n|-weather|SunnyDay|[upkeep]\n|-heal|p1a: Milotic|60/100|[from] item: Leftovers\n|-heal|p2b: Milotic|54/100|[from] item: Leftovers\n|upkeep\n|inactive|girthyhunt has 30 seconds left.\n|\n|t:|1776284794\n|switch|p1b: Aerodactyl|Aerodactyl, L50, F|29/100\n|-ability|p1b: Aerodactyl|Unnerve\n|turn|10\n|\n|t:|1776284813\n|switch|p2a: Venusaur|Venusaur, L50, F|100/100\n|move|p1b: Aerodactyl|Rock Slide|p2a: Venusaur|[spread] p2a,p2b\n|-damage|p2a: Venusaur|66/100\n|-damage|p2b: Milotic|33/100\n|move|p1a: Milotic|Icy Wind|p2b: Milotic|[spread] p2a,p2b\n|-supereffective|p2a: Venusaur|1\n|-resisted|p2b: Milotic|1\n|-damage|p2a: Venusaur|42/100\n|-damage|p2b: Milotic|30/100\n|-unboost|p2a: Venusaur|spe|1\n|-unboost|p2b: Milotic|spe|1\n|-ability|p2b: Milotic|Competitive|boost\n|-boost|p2b: Milotic|spa|2\n|move|p2b: Milotic|Life Dew|p2b: Milotic|[spread] p2a,p2b\n|-heal|p2a: Venusaur|68/100\n|-heal|p2b: Milotic|55/100\n|\n|-weather|SunnyDay|[upkeep]\n|-heal|p1a: Milotic|66/100|[from] item: Leftovers\n|-heal|p2b: Milotic|61/100|[from] item: Leftovers\n|upkeep\n|turn|11\n|inactive|girthyhunt has 30 seconds left.\n|inactive|toxmyself has 30 seconds left.\n|inactive|girthyhunt has 20 seconds left.\n|inactive|toxmyself has 20 seconds left.\n|\n|t:|1776284851\n|move|p1b: Aerodactyl|Protect|p1b: Aerodactyl\n|-singleturn|p1b: Aerodactyl|Protect\n|move|p2a: Venusaur|Energy Ball|p1a: Milotic\n|-supereffective|p1a: Milotic|1\n|-damage|p1a: Milotic|0 fnt\n|faint|p1a: Milotic\n|move|p2b: Milotic|Life Dew|p2b: Milotic|[spread] p2a,p2b\n|-heal|p2a: Venusaur|93/100\n|-heal|p2b: Milotic|86/100\n|\n|-weather|SunnyDay|[upkeep]\n|-heal|p2b: Milotic|92/100|[from] item: Leftovers\n|upkeep\n|\n|t:|1776284863\n|switch|p1a: Incineroar|Incineroar, L50, F|100/100\n|-ability|p1a: Incineroar|Intimidate|boost\n|-unboost|p2a: Venusaur|atk|1\n|-unboost|p2b: Milotic|atk|1\n|-boost|p2b: Milotic|spa|0\n|turn|12\n|\n|t:|1776284872\n|move|p2a: Venusaur|Protect|p2a: Venusaur\n|-singleturn|p2a: Venusaur|Protect\n|move|p2b: Milotic|Protect|p2b: Milotic\n|-singleturn|p2b: Milotic|Protect\n|move|p1a: Incineroar|Fake Out|p2b: Milotic\n|-activate|p2b: Milotic|move: Protect\n|move|p1b: Aerodactyl|Dual Wingbeat|p2a: Venusaur\n|-activate|p2a: Venusaur|move: Protect\n|\n|-weather|none\n|-heal|p2b: Milotic|98/100|[from] item: Leftovers\n|upkeep\n|turn|13\n|inactive|girthyhunt has 30 seconds left.\n|\n|t:|1776284898\n|move|p1b: Aerodactyl|Dual Wingbeat|p2a: Venusaur\n|-supereffective|p2a: Venusaur|1\n|-damage|p2a: Venusaur|49/100\n|-supereffective|p2a: Venusaur|1\n|-damage|p2a: Venusaur|0 fnt\n|faint|p2a: Venusaur\n|-hitcount|p2: Venusaur|2\n|move|p1a: Incineroar|Darkest Lariat|p2b: Milotic\n|-damage|p2b: Milotic|61/100\n|move|p2b: Milotic|Scald|p1b: Aerodactyl\n|-supereffective|p1b: Aerodactyl|1\n|-damage|p1b: Aerodactyl|0 fnt\n|faint|p1b: Aerodactyl\n|\n|-heal|p2b: Milotic|67/100|[from] item: Leftovers\n|upkeep\n|\n|t:|1776284908\n|switch|p2a: Charizard|Charizard-Mega-Y, L50, M|50/100\n|-weather|SunnyDay|[from] ability: Drought|[of] p2a: Charizard\n|turn|14\n|\n|t:|1776284916\n|move|p2a: Charizard|Weather Ball|p1a: Incineroar\n|-resisted|p1a: Incineroar|1\n|-damage|p1a: Incineroar|45/100\n|-enditem|p1a: Incineroar|Sitrus Berry|[eat]\n|-heal|p1a: Incineroar|70/100|[from] item: Sitrus Berry\n|move|p1a: Incineroar|Darkest Lariat|p2b: Milotic\n|-damage|p2b: Milotic|32/100\n|move|p2b: Milotic|Life Dew|p2b: Milotic|[spread] p2a,p2b\n|-heal|p2a: Charizard|75/100\n|-heal|p2b: Milotic|57/100\n|\n|-weather|SunnyDay|[upkeep]\n|-heal|p2b: Milotic|64/100|[from] item: Leftovers\n|upkeep\n|turn|15\n|\n|t:|1776284931\n|move|p2a: Charizard|Weather Ball|p1a: Incineroar\n|-resisted|p1a: Incineroar|1\n|-damage|p1a: Incineroar|15/100\n|move|p1a: Incineroar|Darkest Lariat|p2a: Charizard\n|-damage|p2a: Charizard|8/100\n|move|p2b: Milotic|Life Dew|p2b: Milotic|[spread] p2a,p2b\n|-heal|p2a: Charizard|33/100\n|-heal|p2b: Milotic|89/100\n|\n|-weather|SunnyDay|[upkeep]\n|-heal|p2b: Milotic|95/100|[from] item: Leftovers\n|upkeep\n|turn|16\n|\n|t:|1776284943\n|move|p2a: Charizard|Weather Ball|p1a: Incineroar\n|-resisted|p1a: Incineroar|1\n|-damage|p1a: Incineroar|0 fnt\n|faint|p1a: Incineroar\n|\n|win|toxmyself\n|raw|girthyhunt's rating: 1141 &rarr; <strong>1119</strong><br />(-22 for losing)\n|raw|toxmyself's rating: 1182 &rarr; <strong>1204</strong><br />(+22 for winning)\n",
  "uploadtime": 1776284943,
  "views": 22,
  "formatid": "gen9championsvgc2026regma",
  "rating": 1119,
  "private": 0,
  "password": null
}