{
  "id": "gen9championsvgc2026regma-2588257569",
  "format": "[Gen 9 Champions] VGC 2026 Reg M-A",
  "players": [
    "ppyyy-inertia",
    "steeznuts"
  ],
  "log": "|j|\u2606ppyyy-inertia\n|j|\u2606steeznuts\n|html|<table width=\"100%\"><tr><td align=\"left\">ppyyy-inertia</td><td align=\"right\">steeznuts</tr><tr><td align=\"left\"><i class=\"fa fa-circle-o\"></i> <i class=\"fa fa-circle-o\"></i> </td><td align=\"right\"><i class=\"fa fa-circle-o\"></i> <i class=\"fa fa-circle-o\"></i> </tr></table>\n|uhtml|bestof|<h2><strong>Game 1</strong> of <a href=\"/game-bestof3-gen9championsvgc2026regma-2588257568\">a best-of-3</a></h2>\n|t:|1776618677\n|gametype|doubles\n|player|p1|ppyyy-inertia|elesa-gen5bw2|\n|player|p2|steeznuts|2|\n|gen|9\n|tier|[Gen 9 Champions] VGC 2026 Reg M-A\n|rated|Tournament battle\n|rule|Species Clause: Limit one of each Pok\u00e9mon\n|rule|Item Clause: Limit 1 of each item\n|raw|<div class=\"infobox\"><details class=\"readmore\" open><summary><strong>1 custom rule:</strong></summary> Best of = 3</details></div>\n|clearpoke\n|poke|p1|Incineroar, L50, M|\n|poke|p1|Floette-Eternal, L50, F, shiny|\n|poke|p1|Zoroark-Hisui, L50, M, shiny|\n|poke|p1|Tinkaton, L50, F, shiny|\n|poke|p1|Dragonite, L50, F, shiny|\n|poke|p1|Garchomp, L50, M|\n|poke|p2|Basculegion, L50, M|\n|poke|p2|Rhyperior, L50, F, shiny|\n|poke|p2|Charizard, L50, M, shiny|\n|poke|p2|Incineroar, L50, M|\n|poke|p2|Farigiraf, L50, F|\n|poke|p2|Garchomp, L50, M|\n|teampreview|4\n|\n|t:|1776618731\n|teamsize|p1|4\n|teamsize|p2|4\n|start\n|switch|p1a: Floette|Floette-Eternal, L50, F, shiny|100/100\n|switch|p1b: Incineroar|Incineroar, L50, M|100/100\n|switch|p2a: Incineroar|Incineroar, L50, M|100/100\n|switch|p2b: Farigiraf|Farigiraf, L50, F|100/100\n|-ability|p1b: Incineroar|Intimidate|boost\n|-unboost|p2a: Incineroar|atk|1\n|-unboost|p2b: Farigiraf|atk|1\n|-ability|p2a: Incineroar|Intimidate|boost\n|-unboost|p1a: Floette|atk|1\n|-unboost|p1b: Incineroar|atk|1\n|turn|1\n|\n|t:|1776618757\n|move|p1a: Floette|Will-O-Wisp|p2b: Farigiraf\n|-status|p2b: Farigiraf|brn\n|move|p1b: Incineroar|Throat Chop|p2b: Farigiraf\n|-supereffective|p2b: Farigiraf|1\n|-damage|p2b: Farigiraf|63/100 brn\n|-start|p2b: Farigiraf|Throat Chop|[silent]\n|move|p2a: Incineroar|Parting Shot|p1a: Floette\n|-unboost|p1a: Floette|atk|1\n|-unboost|p1a: Floette|spa|1\n|\n|t:|1776618766\n|switch|p2a: Rhyperior|Rhyperior, L50, F, shiny|100/100|[from] Parting Shot\n|move|p2b: Farigiraf|Trick Room|p2b: Farigiraf\n|-fieldstart|move: Trick Room|[of] p2b: Farigiraf\n|\n|-damage|p2b: Farigiraf|56/100 brn|[from] brn\n|upkeep\n|turn|2\n|\n|t:|1776618776\n|switch|p1b: Garchomp|Garchomp, L50, M|100/100\n|move|p2a: Rhyperior|High Horsepower|p1b: Garchomp\n|-damage|p1b: Garchomp|39/100\n|-damage|p2a: Rhyperior|88/100|[from] ability: Rough Skin|[of] p1b: Garchomp\n|move|p2b: Farigiraf|Psychic|p1a: Floette\n|-damage|p1a: Floette|17/100\n|replace|p1a: Zoroark|Zoroark-Hisui, L50, M, shiny\n|-end|p1a: Zoroark|Illusion\n|move|p1a: Zoroark|Will-O-Wisp|p2a: Rhyperior\n|-status|p2a: Rhyperior|brn\n|\n|-damage|p2a: Rhyperior|82/100 brn|[from] brn\n|-damage|p2b: Farigiraf|50/100 brn|[from] brn\n|-end|p2b: Farigiraf|Throat Chop|[silent]\n|upkeep\n|-enditem|p2b: Farigiraf|Sitrus Berry|[eat]\n|-heal|p2b: Farigiraf|75/100 brn|[from] item: Sitrus Berry\n|turn|3\n|\n|t:|1776618798\n|move|p1b: Garchomp|Protect|p1b: Garchomp\n|-singleturn|p1b: Garchomp|Protect\n|move|p1a: Zoroark|Protect|p1a: Zoroark\n|-singleturn|p1a: Zoroark|Protect\n|move|p2a: Rhyperior|High Horsepower|p1a: Zoroark\n|-activate|p1a: Zoroark|move: Protect\n|move|p2b: Farigiraf|Psychic|p1b: Garchomp\n|-activate|p1b: Garchomp|move: Protect\n|\n|-damage|p2a: Rhyperior|77/100 brn|[from] brn\n|-damage|p2b: Farigiraf|69/100 brn|[from] brn\n|upkeep\n|turn|4\n|\n|t:|1776618817\n|switch|p1b: Incineroar|Incineroar, L50, M|100/100\n|-ability|p1b: Incineroar|Intimidate|boost\n|-unboost|p2a: Rhyperior|atk|1\n|-unboost|p2b: Farigiraf|atk|1\n|switch|p1a: Floette|Floette-Eternal, L50, F, shiny|100/100\n|move|p2a: Rhyperior|High Horsepower|p1b: Incineroar\n|-supereffective|p1b: Incineroar|1\n|-damage|p1b: Incineroar|70/100\n|move|p2b: Farigiraf|Psychic|p1a: Floette\n|-damage|p1a: Floette|67/100\n|\n|-damage|p2a: Rhyperior|71/100 brn|[from] brn\n|-damage|p2b: Farigiraf|63/100 brn|[from] brn\n|upkeep\n|turn|5\n|\n|t:|1776618845\n|move|p1a: Floette|Protect|p1a: Floette\n|-singleturn|p1a: Floette|Protect\n|move|p2a: Rhyperior|High Horsepower|p1b: Incineroar\n|-supereffective|p1b: Incineroar|1\n|-damage|p1b: Incineroar|39/100\n|-enditem|p1b: Incineroar|Sitrus Berry|[eat]\n|-heal|p1b: Incineroar|64/100|[from] item: Sitrus Berry\n|move|p2b: Farigiraf|Psychic|p1a: Floette\n|-activate|p1a: Floette|move: Protect\n|move|p1b: Incineroar|Throat Chop|p2b: Farigiraf\n|-supereffective|p2b: Farigiraf|1\n|-damage|p2b: Farigiraf|10/100 brn\n|-start|p2b: Farigiraf|Throat Chop|[silent]\n|\n|-damage|p2a: Rhyperior|65/100 brn|[from] brn\n|-damage|p2b: Farigiraf|4/100 brn|[from] brn\n|-fieldend|move: Trick Room\n|upkeep\n|turn|6\n|\n|t:|1776618860\n|switch|p2b: Incineroar|Incineroar, L50, M|100/100\n|-ability|p2b: Incineroar|Intimidate|boost\n|-unboost|p1a: Floette|atk|1\n|-unboost|p1b: Incineroar|atk|1\n|detailschange|p1a: Floette|Floette-Mega, L50, F, shiny\n|-mega|p1a: Floette|Floette|Floettite\n|-ability|p1a: Floette|Fairy Aura\n|move|p1a: Floette|Calm Mind|p1a: Floette\n|-boost|p1a: Floette|spa|1\n|-boost|p1a: Floette|spd|1\n|move|p1b: Incineroar|Throat Chop|p2b: Incineroar\n|-resisted|p2b: Incineroar|1\n|-damage|p2b: Incineroar|92/100\n|-start|p2b: Incineroar|Throat Chop|[silent]\n|move|p2a: Rhyperior|High Horsepower|p1b: Incineroar\n|-supereffective|p1b: Incineroar|1\n|-damage|p1b: Incineroar|29/100\n|\n|-damage|p2a: Rhyperior|59/100 brn|[from] brn\n|upkeep\n|turn|7\n|\n|t:|1776618877\n|move|p2b: Incineroar|Fake Out|p1a: Floette\n|-damage|p1a: Floette|56/100\n|cant|p1a: Floette|flinch\n|move|p1b: Incineroar|Parting Shot|p2a: Rhyperior\n|-unboost|p2a: Rhyperior|atk|1\n|-unboost|p2a: Rhyperior|spa|1\n|\n|t:|1776618880\n|switch|p1b: Garchomp|Garchomp, L50, M|39/100|[from] Parting Shot\n|move|p2a: Rhyperior|High Horsepower|p1b: Garchomp\n|-damage|p1b: Garchomp|24/100\n|-damage|p2a: Rhyperior|47/100 brn|[from] ability: Rough Skin|[of] p1b: Garchomp\n|\n|-damage|p2a: Rhyperior|41/100 brn|[from] brn\n|-end|p2b: Incineroar|Throat Chop|[silent]\n|upkeep\n|turn|8\n|\n|t:|1776618891\n|switch|p2b: Farigiraf|Farigiraf, L50, F|4/100 brn\n|move|p1b: Garchomp|Stomping Tantrum|p2b: Farigiraf\n|-crit|p2b: Farigiraf\n|-damage|p2b: Farigiraf|0 fnt\n|faint|p2b: Farigiraf\n|move|p1a: Floette|Dazzling Gleam|p2a: Rhyperior\n|-damage|p2a: Rhyperior|0 fnt\n|faint|p2a: Rhyperior\n|\n|upkeep\n|j| Rolling Stonedge\n|\n|t:|1776618896\n|switch|p2b: Basculegion|Basculegion, L50, M|100/100\n|switch|p2a: Incineroar|Incineroar, L50, M|92/100\n|-ability|p2a: Incineroar|Intimidate|boost\n|-unboost|p1a: Floette|atk|1\n|-unboost|p1b: Garchomp|atk|1\n|turn|9\n|\n|t:|1776618908\n|move|p1b: Garchomp|Protect|p1b: Garchomp\n|-singleturn|p1b: Garchomp|Protect\n|move|p1a: Floette|Protect|p1a: Floette\n|-singleturn|p1a: Floette|Protect\n|move|p2a: Incineroar|Fake Out|p1a: Floette\n|-activate|p1a: Floette|move: Protect\n|move|p2b: Basculegion|Last Respects|p1b: Garchomp\n|-activate|p1b: Garchomp|move: Protect\n|\n|upkeep\n|turn|10\n|\n|t:|1776618920\n|move|p2b: Basculegion|Last Respects|p1a: Floette\n|-damage|p1a: Floette|0 fnt\n|faint|p1a: Floette\n|move|p1b: Garchomp|Earthquake|p2b: Basculegion|[spread] p2a,p2b\n|-supereffective|p2a: Incineroar|1\n|-damage|p2a: Incineroar|40/100\n|-damage|p2b: Basculegion|62/100\n|move|p2a: Incineroar|Flare Blitz|p1b: Garchomp\n|-resisted|p1b: Garchomp|1\n|-damage|p1b: Garchomp|1/100\n|-damage|p2a: Incineroar|28/100|[from] ability: Rough Skin|[of] p1b: Garchomp\n|-damage|p2a: Incineroar|20/100|[from] Recoil\n|\n|upkeep\n|\n|t:|1776618930\n|switch|p1a: Incineroar|Incineroar, L50, M|17/100\n|turn|11\n|\n|t:|1776618934\n|move|p1b: Garchomp|Protect|p1b: Garchomp\n|-singleturn|p1b: Garchomp|Protect\n|move|p2b: Basculegion|Last Respects|p1b: Garchomp\n|-activate|p1b: Garchomp|move: Protect\n|move|p1a: Incineroar|Shadow Ball|p2b: Basculegion\n|-supereffective|p2b: Basculegion|1\n|-damage|p2b: Basculegion|0 fnt\n|faint|p2b: Basculegion\n|move|p2a: Incineroar|Flare Blitz|p1a: Incineroar\n|-damage|p1a: Incineroar|0 fnt\n|replace|p1a: Zoroark|Zoroark-Hisui, L50, M, shiny\n|-end|p1a: Zoroark|Illusion\n|faint|p1a: Zoroark\n|-damage|p2a: Incineroar|16/100|[from] Recoil\n|\n|upkeep\n|-message|steeznuts forfeited.\n|\n|win|ppyyy-inertia\n|l|\u2606steeznuts\n|player|p2|\n||steeznuts is ready for game 2.\n|l| Rolling Stonedge\n|inactive|ppyyy-inertia has 30 seconds to confirm battle start!\n|j| Rolling Stonedge\n",
  "uploadtime": 1776618952,
  "views": 7,
  "formatid": "gen9championsvgc2026regma",
  "rating": null,
  "private": 0,
  "password": null
}