{
  "id": "gen9championsvgc2026regma-2589451484",
  "format": "[Gen 9 Champions] VGC 2026 Reg M-A",
  "players": [
    "bigearlington",
    "jronclad"
  ],
  "log": "|j|\u2606bigearlington\n|j|\u2606jronclad\n|t:|1776724124\n|gametype|doubles\n|player|p1|bigearlington|265|1314\n|player|p2|jronclad|169|1334\n|gen|9\n|tier|[Gen 9 Champions] VGC 2026 Reg M-A\n|rated|\n|rule|Species Clause: Limit one of each Pok\u00e9mon\n|rule|Item Clause: Limit 1 of each item\n|clearpoke\n|poke|p1|Aerodactyl, L50, F|\n|poke|p1|Maushold, L50|\n|poke|p1|Garchomp, L50, M|\n|poke|p1|Delphox, L50, M|\n|poke|p1|Aegislash, L50, M|\n|poke|p1|Floette-Eternal, L50, F|\n|poke|p2|Sinistcha, L50|\n|poke|p2|Kommo-o, L50, M|\n|poke|p2|Incineroar, L50, F|\n|poke|p2|Milotic, L50, F|\n|poke|p2|Kangaskhan, L50, F|\n|poke|p2|Scizor, L50, F|\n|teampreview|4\nbigearlington has agreed to open team sheets.\n|\n|t:|1776724212\n|teamsize|p1|4\n|teamsize|p2|4\n|start\n|switch|p1a: Maushold|Maushold, L50|100/100\n|switch|p1b: Delphox|Delphox, L50, M|100/100\n|switch|p2a: Incineroar|Incineroar, L50, F|100/100\n|switch|p2b: Kangaskhan|Kangaskhan, L50, F|100/100\n|-ability|p2a: Incineroar|Intimidate|boost\n|-unboost|p1a: Maushold|atk|1\n|-unboost|p1b: Delphox|atk|1\n|turn|1\n|\n|t:|1776724256\n|switch|p1b: Garchomp|Garchomp, L50, M|100/100\n|detailschange|p2b: Kangaskhan|Kangaskhan-Mega, L50, F\n|-mega|p2b: Kangaskhan|Kangaskhan|Kangaskhanite\n|move|p1a: Maushold|Super Fang|p2b: Kangaskhan\n|-damage|p2b: Kangaskhan|50/100\n|move|p2b: Kangaskhan|Rock Tomb|p1a: Maushold\n|-damage|p1a: Maushold|72/100\n|-unboost|p1a: Maushold|spe|1\n|-damage|p1a: Maushold|65/100\n|-unboost|p1a: Maushold|spe|1\n|-hitcount|p1a: Maushold|2\n|move|p2a: Incineroar|Throat Chop|p1b: Garchomp\n|-damage|p1b: Garchomp|76/100\n|-start|p1b: Garchomp|Throat Chop|[silent]\n|-damage|p2a: Incineroar|88/100|[from] ability: Rough Skin|[of] p1b: Garchomp\n|\n|upkeep\n|turn|2\n|\n|t:|1776724296\n|switch|p2a: Milotic|Milotic, L50, F|100/100\n|move|p1a: Maushold|Protect|p1a: Maushold\n|-singleturn|p1a: Maushold|Protect\n|move|p1b: Garchomp|Stomping Tantrum|p2b: Kangaskhan\n|-damage|p2b: Kangaskhan|8/100\n|move|p2b: Kangaskhan|Double-Edge|p1a: Maushold\n|-activate|p1a: Maushold|move: Protect\n|\n|-end|p1b: Garchomp|Throat Chop|[silent]\n|upkeep\n|turn|3\n|\n|t:|1776724333\n|move|p1b: Garchomp|Stomping Tantrum|p2b: Kangaskhan\n|-damage|p2b: Kangaskhan|0 fnt\n|faint|p2b: Kangaskhan\n|move|p2a: Milotic|Coil|p2a: Milotic\n|-boost|p2a: Milotic|atk|1\n|-boost|p2a: Milotic|def|1\n|-boost|p2a: Milotic|accuracy|1\n|move|p1a: Maushold|Super Fang|p2a: Milotic\n|-damage|p2a: Milotic|50/100\n|\n|-heal|p2a: Milotic|57/100|[from] item: Leftovers\n|upkeep\n|\n|t:|1776724346\n|switch|p2b: Scizor|Scizor, L50, F|100/100\n|turn|4\n|\n|t:|1776724358\n|move|p1b: Garchomp|Draco Meteor|p2a: Milotic\n|-damage|p2a: Milotic|35/100\n|-unboost|p1b: Garchomp|spa|2\n|move|p2a: Milotic|Muddy Water|p1b: Garchomp|[spread] p1a,p1b\n|-damage|p1a: Maushold|36/100\n|-damage|p1b: Garchomp|58/100\n|-unboost|p1b: Garchomp|accuracy|1\n|move|p1a: Maushold|Super Fang|p2b: Scizor\n|-damage|p2b: Scizor|51/100\n|move|p2b: Scizor|Swords Dance|p2b: Scizor\n|-boost|p2b: Scizor|atk|2\n|\n|-heal|p2a: Milotic|41/100|[from] item: Leftovers\n|upkeep\n|turn|5\n|\n|t:|1776724379\n|move|p2b: Scizor|Protect|p2b: Scizor\n|-singleturn|p2b: Scizor|Protect\n|move|p1a: Maushold|Follow Me|p1a: Maushold\n|-singleturn|p1a: Maushold|move: Follow Me\n|move|p1b: Garchomp|Stomping Tantrum|p2b: Scizor\n|-activate|p2b: Scizor|move: Protect\n|move|p2a: Milotic|Life Dew|p2a: Milotic|[spread] p2a,p2b\n|-heal|p2a: Milotic|66/100\n|-heal|p2b: Scizor|76/100\n|\n|-heal|p2a: Milotic|72/100|[from] item: Leftovers\n|upkeep\n|turn|6\n|\n|t:|1776724388\n|move|p1b: Garchomp|Protect|p1b: Garchomp\n|-singleturn|p1b: Garchomp|Protect\n|move|p2a: Milotic|Muddy Water|p1b: Garchomp|[spread] p1a\n|-activate|p1b: Garchomp|move: Protect\n|-damage|p1a: Maushold|8/100\n|move|p1a: Maushold|Super Fang|p2b: Scizor\n|-damage|p2b: Scizor|38/100\n|move|p2b: Scizor|Swords Dance|p2b: Scizor\n|-boost|p2b: Scizor|atk|2\n|\n|-heal|p2a: Milotic|79/100|[from] item: Leftovers\n|upkeep\n|turn|7\n|\n|t:|1776724418\n|move|p2b: Scizor|Bullet Punch|p1a: Maushold\n|-damage|p1a: Maushold|0 fnt\n|faint|p1a: Maushold\n|move|p1b: Garchomp|Stomping Tantrum|p2b: Scizor\n|-damage|p2b: Scizor|0 fnt\n|faint|p2b: Scizor\n|move|p2a: Milotic|Life Dew|p2a: Milotic\n|-heal|p2a: Milotic|100/100\n|\n|upkeep\n|\n|t:|1776724428\n|switch|p1a: Aerodactyl|Aerodactyl, L50, F|100/100\n|switch|p2b: Incineroar|Incineroar, L50, F|88/100\n|-ability|p1a: Aerodactyl|Unnerve\n|-ability|p2b: Incineroar|Intimidate|boost\n|-unboost|p1a: Aerodactyl|atk|1\n|-unboost|p1b: Garchomp|atk|1\n|turn|8\n|\n|t:|1776724449\n|move|p1a: Aerodactyl|Protect|p1a: Aerodactyl\n|-singleturn|p1a: Aerodactyl|Protect\n|move|p1b: Garchomp|Protect|p1b: Garchomp\n|-singleturn|p1b: Garchomp|Protect\n|move|p2b: Incineroar|Fake Out|p1a: Aerodactyl\n|-activate|p1a: Aerodactyl|move: Protect\n|move|p2a: Milotic|Muddy Water|p1b: Garchomp|[spread] \n|-activate|p1a: Aerodactyl|move: Protect\n|-activate|p1b: Garchomp|move: Protect\n|\n|upkeep\n|turn|9\n|inactive|Battle timer is ON: inactive players will automatically lose when time's up. (requested by jronclad)\n|\n|t:|1776724505\n|move|p1a: Aerodactyl|Rock Slide|p2a: Milotic|[spread] p2a,p2b\n|-supereffective|p2b: Incineroar|1\n|-damage|p2a: Milotic|92/100\n|-damage|p2b: Incineroar|58/100\n|move|p1b: Garchomp|Stomping Tantrum|p2b: Incineroar\n|-supereffective|p2b: Incineroar|1\n|-damage|p2b: Incineroar|7/100\n|move|p2a: Milotic|Muddy Water|p1a: Aerodactyl|[spread] p1a,p1b\n|-supereffective|p1a: Aerodactyl|1\n|-damage|p1a: Aerodactyl|37/100\n|-damage|p1b: Garchomp|35/100\n|-unboost|p1a: Aerodactyl|accuracy|1\n|cant|p2b: Incineroar|flinch\n|\n|-heal|p2a: Milotic|98/100|[from] item: Leftovers\n|upkeep\n|turn|10\n|inactive|bigearlington has 30 seconds left.\n|inactive|jronclad has 30 seconds left.\n|\n|t:|1776724537\n|move|p1a: Aerodactyl|Rock Slide|p2a: Milotic|[spread] p2a,p2b\n|-supereffective|p2b: Incineroar|1\n|-damage|p2a: Milotic|89/100\n|-damage|p2b: Incineroar|0 fnt\n|faint|p2b: Incineroar\n|move|p1b: Garchomp|Stomping Tantrum|p2a: Milotic\n|-damage|p2a: Milotic|72/100\n|cant|p2a: Milotic|flinch\n|\n|-heal|p2a: Milotic|78/100|[from] item: Leftovers\n|upkeep\n|turn|11\n|\n|t:|1776724550\n|move|p1a: Aerodactyl|Rock Slide|p2a: Milotic|[miss]\n|-miss|p1a: Aerodactyl|p2a: Milotic\n|move|p1b: Garchomp|Rock Slide|p2a: Milotic\n|-damage|p2a: Milotic|69/100\n|move|p2a: Milotic|Coil|p2a: Milotic\n|-boost|p2a: Milotic|atk|1\n|-boost|p2a: Milotic|def|1\n|-boost|p2a: Milotic|accuracy|1\n|\n|-heal|p2a: Milotic|75/100|[from] item: Leftovers\n|upkeep\n|turn|12\n|\n|t:|1776724560\n|move|p1a: Aerodactyl|Rock Slide|p2a: Milotic\n|-damage|p2a: Milotic|66/100\n|move|p1b: Garchomp|Stomping Tantrum|p2a: Milotic|[miss]\n|-miss|p1b: Garchomp|p2a: Milotic\n|move|p2a: Milotic|Life Dew|p2a: Milotic\n|-heal|p2a: Milotic|91/100\n|\n|-heal|p2a: Milotic|97/100|[from] item: Leftovers\n|upkeep\n|turn|13\n|\n|t:|1776724578\n|switch|p1a: Delphox|Delphox, L50, M|100/100\n|move|p1b: Garchomp|Stomping Tantrum|p2a: Milotic\n|-damage|p2a: Milotic|72/100\n|move|p2a: Milotic|Muddy Water|p1a: Delphox|[spread] p1a,p1b\n|-supereffective|p1a: Delphox|1\n|-damage|p1a: Delphox|48/100\n|-damage|p1b: Garchomp|10/100\n|\n|-heal|p2a: Milotic|79/100|[from] item: Leftovers\n|upkeep\n|turn|14\n|\n|t:|1776724590\n|detailschange|p1a: Delphox|Delphox-Mega, L50, M\n|-mega|p1a: Delphox|Delphox|Delphoxite\n|move|p1a: Delphox|Expanding Force|p2a: Milotic\n|-damage|p2a: Milotic|41/100\n|move|p1b: Garchomp|Stomping Tantrum|p2a: Milotic\n|-damage|p2a: Milotic|28/100\n|move|p2a: Milotic|Muddy Water|p1a: Delphox|[spread] p1a,p1b\n|-supereffective|p1a: Delphox|1\n|-damage|p1a: Delphox|3/100\n|-damage|p1b: Garchomp|0 fnt\n|faint|p1b: Garchomp\n|\n|-heal|p2a: Milotic|34/100|[from] item: Leftovers\n|upkeep\n|\n|t:|1776724598\n|switch|p1b: Aerodactyl|Aerodactyl, L50, F|37/100\n|-ability|p1b: Aerodactyl|Unnerve\n|turn|15\n|-message|jronclad forfeited.\n|\n|win|bigearlington\n|raw|bigearlington's rating: 1314 &rarr; <strong>1335</strong><br />(+21 for winning)\n|raw|jronclad's rating: 1334 &rarr; <strong>1313</strong><br />(-21 for losing)\n",
  "uploadtime": 1776724600,
  "views": 5,
  "formatid": "gen9championsvgc2026regma",
  "rating": 1313,
  "private": 0,
  "password": null
}