{
  "id": "gen9championsvgc2026regma-2582940115",
  "format": "[Gen 9 Champions] VGC 2026 Reg M-A",
  "players": [
    "kuanyou",
    "bax's love sosa"
  ],
  "log": "|j|\u2606kuanyou\n|j|\u2606bax's love sosa\n|t:|1776126856\n|gametype|doubles\n|player|p1|kuanyou|169|1171\n|player|p2|bax's love sosa|elesa|1220\n|gen|9\n|tier|[Gen 9 Champions] VGC 2026 Reg M-A\n|rated|\n|rule|Species Clause: Limit one of each Pok\u00e9mon\n|rule|Item Clause: Limit 1 of each item\n|clearpoke\n|poke|p1|Scovillain, L50, M|\n|poke|p1|Sneasler, L50, F|\n|poke|p1|Primarina, L50, M|\n|poke|p1|Kingambit, L50, M|\n|poke|p1|Aerodactyl, L50, M|\n|poke|p1|Garchomp, L50, M|\n|poke|p2|Meganium, L50, F|\n|poke|p2|Incineroar, L50, M|\n|poke|p2|Sneasler, L50, M|\n|poke|p2|Garchomp, L50, M|\n|poke|p2|Aerodactyl, L50, M|\n|poke|p2|Tyranitar, L50, M|\n|teampreview|4\nbax's love sosa has agreed to open team sheets.\n|inactive|Battle timer is ON: inactive players will automatically lose when time's up. (requested by bax's love sosa)\n|\n|t:|1776126884\n|teamsize|p1|4\n|teamsize|p2|4\n|start\n|switch|p1a: Scovillain|Scovillain, L50, M|100/100\n|switch|p1b: Primarina|Primarina, L50, M|100/100\n|switch|p2a: Aerodactyl|Aerodactyl, L50, M|100/100\n|switch|p2b: Meganium|Meganium, L50, F|100/100\n|-ability|p2a: Aerodactyl|Unnerve\n|turn|1\n|\n|t:|1776126901\n|detailschange|p2b: Meganium|Meganium-Mega, L50, F\n|-mega|p2b: Meganium|Meganium|Meganiumite\n|detailschange|p1a: Scovillain|Scovillain-Mega, L50, M\n|-mega|p1a: Scovillain|Scovillain|Scovillainite\n|move|p2a: Aerodactyl|Rock Slide|p1a: Scovillain|[spread] p1a,p1b\n|-supereffective|p1a: Scovillain|1\n|-damage|p1a: Scovillain|51/100\n|-damage|p1b: Primarina|71/100\n|-status|p2a: Aerodactyl|brn|[from] ability: Spicy Spray|[of] p1a: Scovillain\n|move|p2b: Meganium|Solar Beam||[still]\n|-prepare|p2b: Meganium|Solar Beam\n|-activate|p2b: Meganium|ability: Mega Sol\n|-anim|p2b: Meganium|Solar Beam|p1b: Primarina\n|-supereffective|p1b: Primarina|1\n|-damage|p1b: Primarina|0 fnt\n|faint|p1b: Primarina\n|move|p1a: Scovillain|Flamethrower|p2b: Meganium\n|-supereffective|p2b: Meganium|1\n|-damage|p2b: Meganium|31/100\n|\n|-damage|p2a: Aerodactyl|95/100 brn|[from] brn\n|upkeep\n|\n|t:|1776126926\n|switch|p1b: Aerodactyl|Aerodactyl, L50, M|100/100\n|-ability|p1b: Aerodactyl|Unnerve\n|turn|2\n|\n|t:|1776126956\n|move|p1b: Aerodactyl|Rock Slide|p2a: Aerodactyl|[spread] p2a,p2b\n|-supereffective|p2a: Aerodactyl|1\n|-damage|p2a: Aerodactyl|21/100 brn\n|-damage|p2b: Meganium|6/100\n|move|p2a: Aerodactyl|Rock Slide|p1b: Aerodactyl|[spread] p1a,p1b\n|-supereffective|p1a: Scovillain|1\n|-supereffective|p1b: Aerodactyl|1\n|-damage|p1a: Scovillain|24/100\n|-damage|p1b: Aerodactyl|62/100\n|move|p2b: Meganium|Solar Beam||[still]\n|-prepare|p2b: Meganium|Solar Beam\n|-activate|p2b: Meganium|ability: Mega Sol\n|-anim|p2b: Meganium|Solar Beam|p1b: Aerodactyl\n|-damage|p1b: Aerodactyl|0 fnt\n|faint|p1b: Aerodactyl\n|move|p1a: Scovillain|Flamethrower|p2b: Meganium\n|-supereffective|p2b: Meganium|1\n|-damage|p2b: Meganium|0 fnt\n|faint|p2b: Meganium\n|\n|-damage|p2a: Aerodactyl|15/100 brn|[from] brn\n|upkeep\n|\n|t:|1776126974\n|switch|p1b: Sneasler|Sneasler, L50, F|100/100\n|switch|p2b: Sneasler|Sneasler, L50, M|100/100\n|turn|3\n|inactive|kuanyou has 30 seconds left.\n|inactive|kuanyou has 20 seconds left.\n|inactive|kuanyou has 15 seconds left.\n|\n|t:|1776127018\n|move|p2b: Sneasler|Fake Out|p1b: Sneasler\n|-damage|p1b: Sneasler|79/100\n|move|p1a: Scovillain|Rage Powder|p1a: Scovillain\n|-singleturn|p1a: Scovillain|move: Rage Powder\n|move|p2a: Aerodactyl|Rock Slide|p1a: Scovillain|[spread] p1a,p1b\n|-supereffective|p1a: Scovillain|1\n|-resisted|p1b: Sneasler|1\n|-damage|p1a: Scovillain|1/100\n|-damage|p1b: Sneasler|69/100\n|cant|p1b: Sneasler|flinch\n|\n|-damage|p2a: Aerodactyl|9/100 brn|[from] brn\n|upkeep\n|turn|4\n|inactive|bax's love sosa has 30 seconds left.\n|inactive|bax's love sosa has 20 seconds left.\n|\n|t:|1776127054\n|move|p1a: Scovillain|Rage Powder|p1a: Scovillain\n|-singleturn|p1a: Scovillain|move: Rage Powder\n|move|p2a: Aerodactyl|Dual Wingbeat|p1a: Scovillain\n|-supereffective|p1a: Scovillain|1\n|-damage|p1a: Scovillain|0 fnt\n|faint|p1a: Scovillain\n|-hitcount|p1: Scovillain|1\n|move|p2b: Sneasler|Close Combat|p1b: Sneasler\n|-resisted|p1b: Sneasler|1\n|-damage|p1b: Sneasler|23/100\n|-unboost|p2b: Sneasler|def|1\n|-unboost|p2b: Sneasler|spd|1\n|-enditem|p2b: Sneasler|White Herb\n|-clearnegativeboost|p2b: Sneasler|[silent]\n|move|p1b: Sneasler|Dire Claw|p2b: Sneasler\n|-resisted|p2b: Sneasler|1\n|-damage|p2b: Sneasler|62/100\n|\n|-damage|p2a: Aerodactyl|4/100 brn|[from] brn\n|upkeep\n|turn|5\n|-message|kuanyou forfeited.\n|\n|win|bax's love sosa\n|raw|kuanyou's rating: 1171 &rarr; <strong>1150</strong><br />(-21 for losing)\n|raw|bax&apos;s love sosa's rating: 1220 &rarr; <strong>1241</strong><br />(+21 for winning)\n|l|\u2606kuanyou\n|player|p1|\n",
  "uploadtime": 1776127083,
  "views": 15,
  "formatid": "gen9championsvgc2026regma",
  "rating": 1150,
  "private": 0,
  "password": null
}