{
  "id": "gen9championsvgc2026regma-2584495400",
  "format": "[Gen 9 Champions] VGC 2026 Reg M-A",
  "players": [
    "mkugmrs_guest",
    "Loreronny97"
  ],
  "log": "|j|\u2606mkugmrs_guest\n|j|\u2606Loreronny97\n|t:|1776264642\n|gametype|doubles\n|player|p1|mkugmrs_guest|iono-masters2|1058\n|player|p2|Loreronny97|169|1000\n|gen|9\n|tier|[Gen 9 Champions] VGC 2026 Reg M-A\n|rated|\n|rule|Species Clause: Limit one of each Pok\u00e9mon\n|rule|Item Clause: Limit 1 of each item\n|clearpoke\n|poke|p1|Alakazam, L50, M|\n|poke|p1|Crabominable, L50, M|\n|poke|p1|Pelipper, L50, F|\n|poke|p1|Basculegion, L50, M|\n|poke|p1|Snorlax, L50, F|\n|poke|p1|Ampharos, L50, F|\n|poke|p2|Excadrill, L50, M|\n|poke|p2|Tyranitar, L50, F|\n|poke|p2|Whimsicott, L50, M|\n|poke|p2|Charizard, L50, M|\n|poke|p2|Incineroar, L50, M|\n|poke|p2|Ceruledge, L50, M|\n|teampreview|4\nmkugmrs_guest rejected open team sheets.\n|inactive|Battle timer is ON: inactive players will automatically lose when time's up. (requested by Loreronny97)\n|\n|t:|1776264703\n|teamsize|p1|4\n|teamsize|p2|4\n|start\n|switch|p1a: Snorlax|Snorlax, L50, F|100/100\n|switch|p1b: Basculegion|Basculegion, L50, M, shiny|100/100\n|switch|p2a: Charizard|Charizard, L50, M|100/100\n|switch|p2b: Whimsicott|Whimsicott, L50, M|100/100\n|turn|1\n|\n|t:|1776264717\n|detailschange|p2a: Charizard|Charizard-Mega-Y, L50, M\n|-mega|p2a: Charizard|Charizard|Charizardite Y\n|-weather|SunnyDay|[from] ability: Drought|[of] p2a: Charizard\n|move|p2a: Charizard|Protect|p2a: Charizard\n|-singleturn|p2a: Charizard|Protect\n|move|p2b: Whimsicott|Taunt|p1a: Snorlax\n|-start|p1a: Snorlax|move: Taunt\n|move|p1b: Basculegion|Flip Turn|p2a: Charizard\n|-activate|p2a: Charizard|move: Protect\n|move|p1a: Snorlax|Rock Slide|p2b: Whimsicott|[spread] \n|-activate|p2a: Charizard|move: Protect\n|-miss|p1a: Snorlax|p2b: Whimsicott\n|\n|-weather|SunnyDay|[upkeep]\n|upkeep\n|turn|2\n|inactive|Loreronny97 has 30 seconds left.\n|\n|t:|1776264751\n|switch|p1b: Pelipper|Pelipper, L50, F, shiny|100/100\n|-weather|RainDance|[from] ability: Drizzle|[of] p1b: Pelipper\n|move|p2b: Whimsicott|Moonblast|p1a: Snorlax\n|-damage|p1a: Snorlax|83/100\n|move|p2a: Charizard|Heat Wave|p1a: Snorlax|[spread] p1a,p1b\n|-resisted|p1b: Pelipper|1\n|-damage|p1a: Snorlax|69/100\n|-damage|p1b: Pelipper|86/100\n|move|p1a: Snorlax|Rock Slide|p2b: Whimsicott|[spread] p2a,p2b\n|-supereffective|p2a: Charizard|2\n|-damage|p2a: Charizard|22/100\n|-damage|p2b: Whimsicott|86/100\n|\n|-weather|RainDance|[upkeep]\n|-heal|p1a: Snorlax|75/100|[from] item: Leftovers\n|upkeep\n|turn|3\n|\n|t:|1776264774\n|switch|p2a: Tyranitar|Tyranitar, L50, F|100/100\n|-weather|Sandstorm|[from] ability: Sand Stream|[of] p2a: Tyranitar\n|move|p2b: Whimsicott|Tailwind|p2b: Whimsicott\n|-sidestart|p2: Loreronny97|move: Tailwind\n|move|p1b: Pelipper|Tailwind|p1b: Pelipper\n|-sidestart|p1: mkugmrs_guest|move: Tailwind\n|move|p1a: Snorlax|Rock Slide|p2b: Whimsicott|[spread] p2a,p2b\n|-damage|p2a: Tyranitar|88/100\n|-damage|p2b: Whimsicott|70/100\n|\n|-weather|Sandstorm|[upkeep]\n|-damage|p2b: Whimsicott|64/100|[from] Sandstorm\n|-damage|p1b: Pelipper|80/100|[from] Sandstorm\n|-damage|p1a: Snorlax|69/100|[from] Sandstorm\n|-heal|p1a: Snorlax|75/100|[from] item: Leftovers\n|-end|p1a: Snorlax|move: Taunt\n|upkeep\n|turn|4\n|inactive|mkugmrs_guest has 30 seconds left.\n|inactive|Loreronny97 has 30 seconds left.\n|\n|t:|1776264804\n|switch|p1b: Basculegion|Basculegion, L50, M, shiny|100/100\n|move|p2b: Whimsicott|Protect|p2b: Whimsicott\n|-singleturn|p2b: Whimsicott|Protect\n|move|p2a: Tyranitar|Rock Slide|p1b: Basculegion|[spread] p1a,p1b\n|-damage|p1a: Snorlax|56/100\n|-damage|p1b: Basculegion|64/100\n|move|p1a: Snorlax|Rock Slide|p2b: Whimsicott|[spread] p2a\n|-activate|p2b: Whimsicott|move: Protect\n|-damage|p2a: Tyranitar|74/100\n|\n|-weather|Sandstorm|[upkeep]\n|-damage|p2b: Whimsicott|58/100|[from] Sandstorm\n|-damage|p1b: Basculegion|58/100|[from] Sandstorm\n|-damage|p1a: Snorlax|50/100|[from] Sandstorm\n|-heal|p1a: Snorlax|56/100|[from] item: Leftovers\n|upkeep\n|turn|5\n|\n|t:|1776264823\n|switch|p2b: Excadrill|Excadrill, L50, M|100/100\n|move|p1a: Snorlax|Helping Hand|p1b: Basculegion\n|-singleturn|p1b: Basculegion|Helping Hand|[of] p1a: Snorlax\n|move|p2a: Tyranitar|Rock Slide|p1b: Basculegion|[spread] p1a,p1b\n|-damage|p1a: Snorlax|38/100\n|-damage|p1b: Basculegion|25/100\n|move|p1b: Basculegion|Flip Turn|p2a: Tyranitar\n|-supereffective|p2a: Tyranitar|1\n|-damage|p2a: Tyranitar|0 fnt\n|faint|p2a: Tyranitar\n|\n|t:|1776264829\n|switch|p1b: Pelipper|Pelipper, L50, F, shiny|80/100|[from] Flip Turn\n|-weather|RainDance|[from] ability: Drizzle|[of] p1b: Pelipper\n|\n|-weather|RainDance|[upkeep]\n|-heal|p1a: Snorlax|44/100|[from] item: Leftovers\n|upkeep\n|\n|t:|1776264849\n|switch|p2a: Charizard|Charizard-Mega-Y, L50, M|22/100\n|-weather|SunnyDay|[from] ability: Drought|[of] p2a: Charizard\n|turn|6\n|\n|t:|1776264866\n|move|p1b: Pelipper|Wide Guard|p1b: Pelipper\n|-singleturn|p1b: Pelipper|Wide Guard\n|move|p2a: Charizard|Heat Wave|p1a: Snorlax|[spread] \n|-activate|p1a: Snorlax|move: Wide Guard\n|-activate|p1b: Pelipper|move: Wide Guard\n|move|p2b: Excadrill|Swords Dance|p2b: Excadrill\n|-boost|p2b: Excadrill|atk|2\n|move|p1a: Snorlax|Rock Slide|p2a: Charizard|[spread] p2a,p2b\n|-supereffective|p2a: Charizard|2\n|-resisted|p2b: Excadrill|2\n|-damage|p2a: Charizard|0 fnt\n|-damage|p2b: Excadrill|96/100\n|faint|p2a: Charizard\n|\n|-weather|SunnyDay|[upkeep]\n|-heal|p1a: Snorlax|50/100|[from] item: Leftovers\n|-sideend|p1: mkugmrs_guest|move: Tailwind\n|-sideend|p2: Loreronny97|move: Tailwind\n|upkeep\n|\n|t:|1776264881\n|switch|p2a: Whimsicott|Whimsicott, L50, M|58/100\n|turn|7\n|\n|t:|1776264906\n|switch|p1b: Basculegion|Basculegion, L50, M, shiny|25/100\n|move|p2a: Whimsicott|Taunt|p1b: Basculegion\n|-start|p1b: Basculegion|move: Taunt\n|move|p2b: Excadrill|Earthquake|p1b: Basculegion|[spread] p2a,p1a,p1b\n|-resisted|p2a: Whimsicott|1\n|-damage|p2a: Whimsicott|12/100\n|-damage|p1a: Snorlax|0 fnt\n|-damage|p1b: Basculegion|0 fnt\n|faint|p1a: Snorlax\n|faint|p1b: Basculegion\n|\n|-weather|SunnyDay|[upkeep]\n|upkeep\n|\n|t:|1776264913\n|switch|p1b: Pelipper|Pelipper, L50, F, shiny|80/100\n|switch|p1a: Ampharos|Ampharos, L50, F|100/100\n|-weather|RainDance|[from] ability: Drizzle|[of] p1b: Pelipper\n|turn|8\n|inactive|Loreronny97 has 30 seconds left.\n|\n|t:|1776264940\n|detailschange|p1a: Ampharos|Ampharos-Mega, L50, F\n|-mega|p1a: Ampharos|Ampharos|Ampharosite\n|-ability|p1a: Ampharos|Mold Breaker\n|move|p2a: Whimsicott|Protect|p2a: Whimsicott\n|-singleturn|p2a: Whimsicott|Protect\n|move|p2b: Excadrill|Earthquake|p1b: Pelipper|[spread] p1a\n|-activate|p2a: Whimsicott|move: Protect\n|-immune|p1b: Pelipper\n|-supereffective|p1a: Ampharos|1\n|-damage|p1a: Ampharos|0 fnt\n|faint|p1a: Ampharos\n|move|p1b: Pelipper|Weather Ball|p2b: Excadrill\n|-supereffective|p2b: Excadrill|1\n|-damage|p2b: Excadrill|0 fnt\n|faint|p2b: Excadrill\n|\n|-weather|RainDance|[upkeep]\n|upkeep\n|turn|9\n|c|\u2606mkugmrs_guest|gg\n|-message|Loreronny97 forfeited.\n|\n|win|mkugmrs_guest\n|raw|mkugmrs_guest's rating: 1058 &rarr; <strong>1084</strong><br />(+26 for winning)\n|raw|Loreronny97's rating: 1000 &rarr; <strong>1000</strong><br />(+0 for losing)\n|l|\u2606Loreronny97\n|player|p2|\n",
  "uploadtime": 1776264961,
  "views": 20,
  "formatid": "gen9championsvgc2026regma",
  "rating": 1000,
  "private": 0,
  "password": null
}