{
  "id": "gen9championsvgc2026regma-2581067527",
  "format": "[Gen 9 Champions] VGC 2026 Reg M-A",
  "players": [
    "If dg if dg gf",
    "MrChadows"
  ],
  "log": "|j|\u203dIf dg if dg gf\n|j|\u2606MrChadows\n|t:|1775956777\n|gametype|doubles\n|player|p1|If dg if dg gf|pilot|1000\n|player|p2|MrChadows|266|1040\n|gen|9\n|tier|[Gen 9 Champions] VGC 2026 Reg M-A\n|rated|\n|rule|Species Clause: Limit one of each Pok\u00e9mon\n|rule|Item Clause: Limit 1 of each item\n|clearpoke\n|poke|p1|Talonflame, L50, M|\n|poke|p1|Vaporeon, L50, M|\n|poke|p1|Gardevoir, L50, M|\n|poke|p1|Passimian, L50, M|\n|poke|p1|Arcanine-Hisui, L50, F|\n|poke|p1|Whimsicott, L50, M|\n|poke|p2|Gardevoir, L50, M|\n|poke|p2|Garchomp, L50, F|\n|poke|p2|Arcanine, L50, F|\n|poke|p2|Rotom-Wash, L50|\n|poke|p2|Sinistcha, L50|\n|poke|p2|Tyranitar, L50, F|\n|teampreview|4\n|inactive|Battle timer is ON: inactive players will automatically lose when time's up. (requested by If dg if dg gf)\nIf dg if dg gf rejected open team sheets.\n|inactive|MrChadows has 60 seconds left.\n|\n|t:|1775956817\n|teamsize|p1|4\n|teamsize|p2|4\n|start\n|switch|p1a: Passimian|Passimian, L50, M|100/100\n|switch|p1b: Whimsicott|Whimsicott, L50, M|100/100\n|switch|p2a: Gardevoir|Gardevoir, L50, M|100/100\n|switch|p2b: Arcanine|Arcanine, L50, F|100/100\n|-ability|p2b: Arcanine|Intimidate|boost\n|-unboost|p1a: Passimian|atk|1\n|-ability|p1a: Passimian|Defiant|boost\n|-boost|p1a: Passimian|atk|2\n|-unboost|p1b: Whimsicott|atk|1\n|turn|1\n|\n|t:|1775956841\n|detailschange|p2a: Gardevoir|Gardevoir-Mega, L50, M\n|-mega|p2a: Gardevoir|Gardevoir|Gardevoirite\n|move|p1b: Whimsicott|Tailwind|p1b: Whimsicott\n|-sidestart|p1: If dg if dg gf|move: Tailwind\n|move|p1a: Passimian|Iron Head|p2a: Gardevoir\n|-supereffective|p2a: Gardevoir|1\n|-damage|p2a: Gardevoir|23/100\n|move|p2b: Arcanine|Flare Blitz|p1b: Whimsicott\n|-supereffective|p1b: Whimsicott|1\n|-damage|p1b: Whimsicott|0 fnt\n|faint|p1b: Whimsicott\n|-damage|p2b: Arcanine|78/100|[from] Recoil\n|move|p2a: Gardevoir|Psyshock|p1a: Passimian\n|-supereffective|p1a: Passimian|1\n|-damage|p1a: Passimian|12/100\n|\n|upkeep\n|\n|t:|1775956860\n|switch|p1b: Vaporeon|Vaporeon, L50, M|100/100\n|turn|2\n|\n|t:|1775956869\n|switch|p2b: Rotom|Rotom-Wash, L50|100/100\n|move|p2a: Gardevoir|Protect|p2a: Gardevoir\n|-singleturn|p2a: Gardevoir|Protect\n|move|p1a: Passimian|Iron Head|p2a: Gardevoir\n|-activate|p2a: Gardevoir|move: Protect\n|move|p1b: Vaporeon|Scald|p2b: Rotom\n|-resisted|p2b: Rotom|1\n|-damage|p2b: Rotom|77/100\n|-status|p2b: Rotom|brn\n|\n|-damage|p2b: Rotom|71/100 brn|[from] brn\n|upkeep\n|turn|3\n|inactive|MrChadows has 30 seconds left.\n|\n|t:|1775956895\n|switch|p2a: Arcanine|Arcanine, L50, F|78/100\n|-ability|p2a: Arcanine|Intimidate|boost\n|-unboost|p1a: Passimian|atk|1\n|-ability|p1a: Passimian|Defiant|boost\n|-boost|p1a: Passimian|atk|2\n|-unboost|p1b: Vaporeon|atk|1\n|move|p1b: Vaporeon|Protect|p1b: Vaporeon\n|-singleturn|p1b: Vaporeon|Protect\n|move|p1a: Passimian|Knock Off|p2a: Arcanine\n|-damage|p2a: Arcanine|19/100\n|-enditem|p2a: Arcanine|Sitrus Berry|[from] move: Knock Off|[of] p1a: Passimian\n|move|p2b: Rotom|Volt Switch|p1a: Passimian\n|-damage|p1a: Passimian|0 fnt\n|faint|p1a: Passimian\n|\n|t:|1775956913\n|switch|p2b: Tyranitar|Tyranitar, L50, F|100/100|[from] Volt Switch\n|-weather|Sandstorm|[from] ability: Sand Stream|[of] p2b: Tyranitar\n|\n|-weather|Sandstorm|[upkeep]\n|-damage|p1b: Vaporeon|95/100|[from] Sandstorm\n|-damage|p2a: Arcanine|13/100|[from] Sandstorm\n|-heal|p1b: Vaporeon|100/100|[from] item: Leftovers\n|upkeep\n|\n|t:|1775956916\n|switch|p1a: Gardevoir|Gardevoir, L50, M|100/100\n|turn|4\n|\n|t:|1775956928\n|detailschange|p1a: Gardevoir|Gardevoir-Mega, L50, M\n|-mega|p1a: Gardevoir|Gardevoir|Gardevoirite\n|move|p1b: Vaporeon|Helping Hand|p1a: Gardevoir\n|-singleturn|p1a: Gardevoir|Helping Hand|[of] p1b: Vaporeon\n|move|p2a: Arcanine|Protect|p2a: Arcanine\n|-singleturn|p2a: Arcanine|Protect\n|move|p1a: Gardevoir|Hyper Voice|p2a: Arcanine|[spread] p2b\n|-activate|p2a: Arcanine|move: Protect\n|-supereffective|p2b: Tyranitar|1\n|-damage|p2b: Tyranitar|22/100\n|move|p2b: Tyranitar|Knock Off|p1a: Gardevoir\n|-damage|p1a: Gardevoir|44/100\n|\n|-weather|Sandstorm|[upkeep]\n|-damage|p1a: Gardevoir|38/100|[from] Sandstorm\n|-damage|p1b: Vaporeon|95/100|[from] Sandstorm\n|-damage|p2a: Arcanine|7/100|[from] Sandstorm\n|-heal|p1b: Vaporeon|100/100|[from] item: Leftovers\n|-sideend|p1: If dg if dg gf|move: Tailwind\n|upkeep\n|turn|5\n|\n|t:|1775956949\n|move|p1b: Vaporeon|Helping Hand|p1a: Gardevoir\n|-singleturn|p1a: Gardevoir|Helping Hand|[of] p1b: Vaporeon\n|move|p2b: Tyranitar|Protect|p2b: Tyranitar\n|-singleturn|p2b: Tyranitar|Protect\n|move|p1a: Gardevoir|Hyper Voice|p2b: Tyranitar|[spread] p2a\n|-activate|p2b: Tyranitar|move: Protect\n|-resisted|p2a: Arcanine|1\n|-damage|p2a: Arcanine|0 fnt\n|faint|p2a: Arcanine\n|\n|-weather|Sandstorm|[upkeep]\n|-damage|p1a: Gardevoir|33/100|[from] Sandstorm\n|-damage|p1b: Vaporeon|95/100|[from] Sandstorm\n|-heal|p1b: Vaporeon|100/100|[from] item: Leftovers\n|upkeep\n|\n|t:|1775956961\n|switch|p2a: Rotom|Rotom-Wash, L50|71/100 brn\n|turn|6\n|\n|t:|1775956972\n|move|p1b: Vaporeon|Helping Hand|p1a: Gardevoir\n|-singleturn|p1a: Gardevoir|Helping Hand|[of] p1b: Vaporeon\n|move|p2a: Rotom|Thunderbolt|p1b: Vaporeon\n|-supereffective|p1b: Vaporeon|1\n|-damage|p1b: Vaporeon|26/100\n|move|p1a: Gardevoir|Hyper Voice|p2a: Rotom|[spread] p2a,p2b\n|-supereffective|p2b: Tyranitar|1\n|-damage|p2a: Rotom|0 fnt\n|-damage|p2b: Tyranitar|0 fnt\n|faint|p2a: Rotom\n|faint|p2b: Tyranitar\n|\n|-weather|Sandstorm|[upkeep]\n|-damage|p1a: Gardevoir|27/100|[from] Sandstorm\n|-damage|p1b: Vaporeon|20/100|[from] Sandstorm\n|-heal|p1b: Vaporeon|26/100|[from] item: Leftovers\n|upkeep\n|\n|t:|1775956986\n|switch|p2b: Gardevoir|Gardevoir-Mega, L50, M|23/100\n|turn|7\n|\n|t:|1775956996\n|move|p1a: Gardevoir|Hyper Voice|p2b: Gardevoir\n|-damage|p2b: Gardevoir|0 fnt\n|faint|p2b: Gardevoir\n|\n|win|If dg if dg gf\n|raw|If dg if dg gf's rating: 1000 &rarr; <strong>1045</strong><br />(+45 for winning)\n|raw|MrChadows's rating: 1040 &rarr; <strong>1022</strong><br />(-18 for losing)\n",
  "uploadtime": 1775957000,
  "views": 21,
  "formatid": "gen9championsvgc2026regma",
  "rating": 1022,
  "private": 0,
  "password": null
}