{
  "id": "gen9championsvgc2026regma-2586785248",
  "format": "[Gen 9 Champions] VGC 2026 Reg M-A",
  "players": [
    "Agesanamon",
    "Someoneofficial"
  ],
  "log": "|j|\u2606Agesanamon\n|j|\u2606Someoneofficial\n|t:|1776459711\n|gametype|doubles\n|player|p1|Agesanamon|swimmer-gen4dp|1188\n|player|p2|Someoneofficial|scientist-gen4dp|1252\n|gen|9\n|tier|[Gen 9 Champions] VGC 2026 Reg M-A\n|rated|\n|rule|Species Clause: Limit one of each Pok\u00e9mon\n|rule|Item Clause: Limit 1 of each item\n|clearpoke\n|poke|p1|Arcanine-Hisui, L50, F|\n|poke|p1|Sneasler, L50, F|\n|poke|p1|Scovillain, L50, M|\n|poke|p1|Sinistcha, L50|\n|poke|p1|Snorlax, L50, F|\n|poke|p1|Kommo-o, L50, F|\n|poke|p2|Incineroar, L50, F|\n|poke|p2|Whimsicott, L50, F|\n|poke|p2|Charizard, L50, F|\n|poke|p2|Basculegion, L50, M|\n|poke|p2|Venusaur, L50, F|\n|poke|p2|Garchomp, L50, M|\n|teampreview|4\n|inactive|Battle timer is ON: inactive players will automatically lose when time's up. (requested by Agesanamon)\n|inactive|Agesanamon has 60 seconds left.\n|\n|t:|1776459744\n|teamsize|p1|4\n|teamsize|p2|4\n|start\n|switch|p1a: Snorlax|Snorlax, L50, F|100/100\n|switch|p1b: Arcanine|Arcanine-Hisui, L50, F|100/100\n|switch|p2a: Charizard|Charizard, L50, F|100/100\n|switch|p2b: Venusaur|Venusaur, L50, F|100/100\n|turn|1\n|\n|t:|1776459766\n|detailschange|p2a: Charizard|Charizard-Mega-Y, L50, F\n|-mega|p2a: Charizard|Charizard|Charizardite Y\n|-weather|SunnyDay|[from] ability: Drought|[of] p2a: Charizard\n|move|p2a: Charizard|Protect|p2a: Charizard\n|-singleturn|p2a: Charizard|Protect\n|move|p1b: Arcanine|Flare Blitz|p2b: Venusaur\n|-supereffective|p2b: Venusaur|1\n|-damage|p2b: Venusaur|0 fnt\n|faint|p2b: Venusaur\n|move|p1a: Snorlax|Stockpile|p1a: Snorlax\n|-start|p1a: Snorlax|stockpile1\n|-boost|p1a: Snorlax|def|1\n|-boost|p1a: Snorlax|spd|1\n|\n|-weather|SunnyDay|[upkeep]\n|upkeep\n|\n|t:|1776459779\n|switch|p2b: Garchomp|Garchomp, L50, M|100/100\n|turn|2\n|\n|t:|1776459802\n|switch|p1a: Scovillain|Scovillain, L50, M|100/100\n|move|p1b: Arcanine|Flare Blitz|p2a: Charizard\n|-resisted|p2a: Charizard|1\n|-damage|p2a: Charizard|43/100\n|move|p2b: Garchomp|Earthquake|p1b: Arcanine|[spread] p1a,p1b\n|-immune|p2a: Charizard\n|-supereffective|p1b: Arcanine|2\n|-damage|p1a: Scovillain|60/100\n|-damage|p1b: Arcanine|0 fnt\n|faint|p1b: Arcanine\n|move|p2a: Charizard|Heat Wave|p1a: Scovillain\n|-damage|p1a: Scovillain|0 fnt\n|faint|p1a: Scovillain\n|\n|-weather|SunnyDay|[upkeep]\n|upkeep\n|\n|t:|1776459822\n|switch|p1b: Sinistcha|Sinistcha, L50|100/100\n|switch|p1a: Snorlax|Snorlax, L50, F|100/100\n|turn|3\n|\n|t:|1776459831\n|move|p1b: Sinistcha|Protect|p1b: Sinistcha\n|-singleturn|p1b: Sinistcha|Protect\n|move|p2b: Garchomp|Earthquake|p1b: Sinistcha|[spread] p1a\n|-activate|p1b: Sinistcha|move: Protect\n|-immune|p2a: Charizard\n|-damage|p1a: Snorlax|71/100\n|move|p2a: Charizard|Heat Wave|p1a: Snorlax|[spread] p1a\n|-activate|p1b: Sinistcha|move: Protect\n|-damage|p1a: Snorlax|51/100\n|move|p1a: Snorlax|Stockpile|p1a: Snorlax\n|-start|p1a: Snorlax|stockpile1\n|-boost|p1a: Snorlax|def|1\n|-boost|p1a: Snorlax|spd|1\n|\n|-weather|SunnyDay|[upkeep]\n|-heal|p1a: Snorlax|57/100|[from] item: Leftovers\n|upkeep\n|turn|4\n|\n|t:|1776459846\n|move|p1a: Snorlax|Protect|p1a: Snorlax\n|-singleturn|p1a: Snorlax|Protect\n|move|p2b: Garchomp|Earthquake|p1a: Snorlax|[spread] p1b\n|-activate|p1a: Snorlax|move: Protect\n|-immune|p2a: Charizard\n|-resisted|p1b: Sinistcha|1\n|-damage|p1b: Sinistcha|85/100\n|move|p2a: Charizard|Heat Wave|p1b: Sinistcha|[spread] p1b\n|-activate|p1a: Snorlax|move: Protect\n|-supereffective|p1b: Sinistcha|1\n|-damage|p1b: Sinistcha|0 fnt\n|faint|p1b: Sinistcha\n|\n|-weather|SunnyDay|[upkeep]\n|-heal|p1a: Snorlax|63/100|[from] item: Leftovers\n|upkeep\n|turn|5\n|-message|Agesanamon forfeited.\n|\n|win|Someoneofficial\n|raw|Agesanamon's rating: 1188 &rarr; <strong>1168</strong><br />(-20 for losing)\n|raw|Someoneofficial's rating: 1252 &rarr; <strong>1272</strong><br />(+20 for winning)\n|l|\u2606Agesanamon\n|player|p1|\n",
  "uploadtime": 1776459870,
  "views": 40,
  "formatid": "gen9championsvgc2026regma",
  "rating": 1168,
  "private": 0,
  "password": null
}