{
  "id": "gen9championsvgc2026regma-2583794716",
  "format": "[Gen 9 Champions] VGC 2026 Reg M-A",
  "players": [
    "rocci",
    "masaga"
  ],
  "log": "|j|\u2606rocci\n|j|\u2606masaga\n|t:|1776198215\n|gametype|doubles\n|player|p1|rocci|beauty-gen4dp|1173\n|player|p2|masaga|2|1202\n|gen|9\n|tier|[Gen 9 Champions] VGC 2026 Reg M-A\n|rated|\n|rule|Species Clause: Limit one of each Pok\u00e9mon\n|rule|Item Clause: Limit 1 of each item\n|clearpoke\n|poke|p1|Sylveon, L50, M|\n|poke|p1|Slowbro, L50, M|\n|poke|p1|Tyranitar, L50, F|\n|poke|p1|Farigiraf, L50, M|\n|poke|p1|Clefable, L50, M|\n|poke|p1|Conkeldurr, L50, M|\n|poke|p2|Chesnaught, L50, M|\n|poke|p2|Sinistcha, L50|\n|poke|p2|Incineroar, L50, F|\n|poke|p2|Aerodactyl, L50, F|\n|poke|p2|Politoed, L50, M|\n|poke|p2|Gengar, L50, M|\n|teampreview|4\n|\n|t:|1776198271\n|teamsize|p1|4\n|teamsize|p2|4\n|start\n|switch|p1a: Slowbro|Slowbro, L50, M|100/100\n|switch|p1b: Tyranitar|Tyranitar, L50, F|100/100\n|switch|p2a: Gengar|Gengar, L50, M|100/100\n|switch|p2b: Politoed|Politoed, L50, M|100/100\n|-weather|RainDance|[from] ability: Drizzle|[of] p2b: Politoed\n|-weather|Sandstorm|[from] ability: Sand Stream|[of] p1b: Tyranitar\n|turn|1\n|\n|t:|1776198334\n|switch|p2a: Chesnaught|Chesnaught, L50, M|100/100\n|move|p2b: Politoed|Perish Song|p2b: Politoed\n|-start|p1a: Slowbro|perish3|[silent]\n|-start|p1b: Tyranitar|perish3|[silent]\n|-start|p2a: Chesnaught|perish3|[silent]\n|-start|p2b: Politoed|perish3|[silent]\n|-fieldactivate|move: Perish Song\n|move|p1b: Tyranitar|Crunch|p2a: Chesnaught\n|-resisted|p2a: Chesnaught|1\n|-damage|p2a: Chesnaught|82/100\n|move|p1a: Slowbro|Psychic|p2a: Chesnaught\n|-supereffective|p2a: Chesnaught|1\n|-damage|p2a: Chesnaught|31/100\n|-unboost|p2a: Chesnaught|spd|1\n|\n|-weather|Sandstorm|[upkeep]\n|-damage|p2b: Politoed|95/100|[from] Sandstorm\n|-damage|p2a: Chesnaught|25/100|[from] Sandstorm\n|-damage|p1a: Slowbro|95/100|[from] Sandstorm\n|-heal|p2b: Politoed|100/100|[from] item: Leftovers\n|-start|p2b: Politoed|perish3\n|-start|p2a: Chesnaught|perish3\n|-start|p1b: Tyranitar|perish3\n|-start|p1a: Slowbro|perish3\n|upkeep\n|turn|2\n|\n|t:|1776198377\n|switch|p2b: Sinistcha|Sinistcha, L50|100/100\n|-heal|p2a: Chesnaught|50/100|[from] ability: Hospitality|[of] p2b: Sinistcha\n|switch|p1b: Farigiraf|Farigiraf, L50, M|100/100\n|move|p2a: Chesnaught|Spiky Shield|p2a: Chesnaught\n|-singleturn|p2a: Chesnaught|move: Protect\n|move|p1a: Slowbro|Psychic|p2a: Chesnaught\n|-activate|p2a: Chesnaught|move: Protect\n|\n|-weather|Sandstorm|[upkeep]\n|-damage|p2b: Sinistcha|94/100|[from] Sandstorm\n|-damage|p2a: Chesnaught|44/100|[from] Sandstorm\n|-damage|p1b: Farigiraf|94/100|[from] Sandstorm\n|-damage|p1a: Slowbro|89/100|[from] Sandstorm\n|-start|p2a: Chesnaught|perish2\n|-start|p1a: Slowbro|perish2\n|upkeep\n|turn|3\n|\n|t:|1776198412\n|switch|p2a: Politoed|Politoed, L50, M|100/100\n|-weather|RainDance|[from] ability: Drizzle|[of] p2a: Politoed\n|switch|p1a: Tyranitar|Tyranitar, L50, F|100/100\n|-weather|Sandstorm|[from] ability: Sand Stream|[of] p1a: Tyranitar\n|move|p2b: Sinistcha|Matcha Gotcha|p1b: Farigiraf|[spread] p1a,p1b\n|-supereffective|p1a: Tyranitar|1\n|-damage|p1a: Tyranitar|71/100\n|-heal|p2b: Sinistcha|100/100|[from] drain|[of] p1a: Tyranitar\n|-damage|p1b: Farigiraf|71/100\n|move|p1b: Farigiraf|Psychic|p2a: Politoed\n|-damage|p2a: Politoed|70/100\n|\n|-weather|Sandstorm|[upkeep]\n|-damage|p2a: Politoed|64/100|[from] Sandstorm\n|-damage|p2b: Sinistcha|94/100|[from] Sandstorm\n|-damage|p1b: Farigiraf|65/100|[from] Sandstorm\n|-heal|p2a: Politoed|70/100|[from] item: Leftovers\n|upkeep\n|turn|4\n|\n|t:|1776198453\n|switch|p1a: Sylveon|Sylveon, L50, M|100/100\n|move|p2a: Politoed|Protect|p2a: Politoed\n|-singleturn|p2a: Politoed|Protect\n|move|p2b: Sinistcha|Matcha Gotcha|p1b: Farigiraf|[spread] p1a,p1b\n|-damage|p1a: Sylveon|85/100\n|-heal|p2b: Sinistcha|100/100|[from] drain|[of] p1a: Sylveon\n|-damage|p1b: Farigiraf|42/100\n|-enditem|p1b: Farigiraf|Sitrus Berry|[eat]\n|-heal|p1b: Farigiraf|67/100|[from] item: Sitrus Berry\n|move|p1b: Farigiraf|Psychic|p2a: Politoed\n|-activate|p2a: Politoed|move: Protect\n|\n|-weather|Sandstorm|[upkeep]\n|-damage|p2a: Politoed|64/100|[from] Sandstorm\n|-damage|p2b: Sinistcha|94/100|[from] Sandstorm\n|-damage|p1b: Farigiraf|61/100|[from] Sandstorm\n|-damage|p1a: Sylveon|79/100|[from] Sandstorm\n|-heal|p2a: Politoed|70/100|[from] item: Leftovers\n|upkeep\n|turn|5\n|\n|t:|1776198484\n|move|p1b: Farigiraf|Helping Hand|p1a: Sylveon\n|-singleturn|p1a: Sylveon|Helping Hand|[of] p1b: Farigiraf\n|move|p2b: Sinistcha|Matcha Gotcha|p1b: Farigiraf|[spread] p1b\n|-miss|p2b: Sinistcha|p1a: Sylveon\n|-damage|p1b: Farigiraf|40/100\n|-heal|p2b: Sinistcha|100/100|[from] drain|[of] p1b: Farigiraf\n|move|p2a: Politoed|Weather Ball|p1a: Sylveon\n|-damage|p1a: Sylveon|59/100\n|move|p1a: Sylveon|Hyper Voice|p2a: Politoed|[spread] p2a,p2b\n|-damage|p2a: Politoed|2/100\n|-damage|p2b: Sinistcha|31/100\n|\n|-weather|Sandstorm|[upkeep]\n|-damage|p2b: Sinistcha|25/100|[from] Sandstorm\n|-damage|p2a: Politoed|0 fnt|[from] Sandstorm\n|-damage|p1b: Farigiraf|34/100|[from] Sandstorm\n|-damage|p1a: Sylveon|53/100|[from] Sandstorm\n|faint|p2a: Politoed\n|upkeep\n|\n|t:|1776198503\n|switch|p2a: Gengar|Gengar, L50, M|100/100\n|turn|6\n|\n|t:|1776198514\n|switch|p1a: Tyranitar|Tyranitar, L50, F|71/100\n|detailschange|p2a: Gengar|Gengar-Mega, L50, M\n|-mega|p2a: Gengar|Gengar|Gengarite\n|move|p2a: Gengar|Sludge Bomb|p1a: Tyranitar\n|-resisted|p1a: Tyranitar|1\n|-damage|p1a: Tyranitar|58/100\n|move|p2b: Sinistcha|Matcha Gotcha|p1a: Tyranitar|[spread] p1a,p1b\n|-supereffective|p1a: Tyranitar|1\n|-damage|p1a: Tyranitar|30/100\n|-heal|p2b: Sinistcha|40/100|[from] drain|[of] p1a: Tyranitar\n|-damage|p1b: Farigiraf|9/100\n|-heal|p2b: Sinistcha|56/100|[from] drain|[of] p1b: Farigiraf\n|move|p1b: Farigiraf|Psychic|p2a: Gengar\n|-supereffective|p2a: Gengar|1\n|-damage|p2a: Gengar|29/100\n|\n|-weather|Sandstorm|[upkeep]\n|-damage|p2a: Gengar|23/100|[from] Sandstorm\n|-damage|p2b: Sinistcha|50/100|[from] Sandstorm\n|-damage|p1b: Farigiraf|3/100|[from] Sandstorm\n|upkeep\n|turn|7\n|\n|t:|1776198554\n|move|p2a: Gengar|Protect|p2a: Gengar\n|-singleturn|p2a: Gengar|Protect\n|move|p1a: Tyranitar|Protect|p1a: Tyranitar\n|-singleturn|p1a: Tyranitar|Protect\n|move|p2b: Sinistcha|Matcha Gotcha|p1b: Farigiraf|[spread] \n|-activate|p1a: Tyranitar|move: Protect\n|-miss|p2b: Sinistcha|p1b: Farigiraf\n|move|p1b: Farigiraf|Psychic|p2a: Gengar\n|-activate|p2a: Gengar|move: Protect\n|\n|-weather|none\n|upkeep\n|turn|8\n|\n|t:|1776198576\n|switch|p2a: Chesnaught|Chesnaught, L50, M|44/100\n|move|p2b: Sinistcha|Matcha Gotcha|p1b: Farigiraf|[spread] p1a,p1b\n|-supereffective|p1a: Tyranitar|1\n|-damage|p1a: Tyranitar|0 fnt\n|-heal|p2b: Sinistcha|67/100|[from] drain|[of] p1a: Tyranitar\n|-damage|p1b: Farigiraf|0 fnt\n|-heal|p2b: Sinistcha|69/100|[from] drain|[of] p1b: Farigiraf\n|faint|p1a: Tyranitar\n|faint|p1b: Farigiraf\n|\n|upkeep\n|\n|t:|1776198581\n|switch|p1b: Sylveon|Sylveon, L50, M|53/100\n|switch|p1a: Slowbro|Slowbro, L50, M|89/100\n|turn|9\n|\n|t:|1776198602\n|detailschange|p1a: Slowbro|Slowbro-Mega, L50, M\n|-mega|p1a: Slowbro|Slowbro|Slowbronite\n|move|p2a: Chesnaught|Spiky Shield|p2a: Chesnaught\n|-singleturn|p2a: Chesnaught|move: Protect\n|move|p2b: Sinistcha|Matcha Gotcha|p1a: Slowbro|[spread] p1a,p1b\n|-supereffective|p1a: Slowbro|1\n|-damage|p1a: Slowbro|38/100\n|-heal|p2b: Sinistcha|98/100|[from] drain|[of] p1a: Slowbro\n|-damage|p1b: Sylveon|36/100\n|-heal|p2b: Sinistcha|100/100|[from] drain|[of] p1b: Sylveon\n|move|p1b: Sylveon|Hyper Voice|p2a: Chesnaught|[spread] p2b\n|-activate|p2a: Chesnaught|move: Protect\n|-damage|p2b: Sinistcha|54/100\n|move|p1a: Slowbro|Trick Room|p1a: Slowbro\n|-fieldstart|move: Trick Room|[of] p1a: Slowbro\n|\n|upkeep\n|turn|10\n|\n|t:|1776198632\n|move|p1a: Slowbro|Psychic|p2b: Sinistcha\n|-damage|p2b: Sinistcha|19/100\n|move|p1b: Sylveon|Hyper Voice|p2b: Sinistcha|[spread] p2a,p2b\n|-supereffective|p2a: Chesnaught|1\n|-damage|p2a: Chesnaught|0 fnt\n|-damage|p2b: Sinistcha|0 fnt\n|faint|p2a: Chesnaught\n|faint|p2b: Sinistcha\n|\n|upkeep\n|-message|masaga forfeited.\n|\n|win|rocci\n|raw|rocci's rating: 1173 &rarr; <strong>1200</strong><br />(+27 for winning)\n|raw|masaga's rating: 1202 &rarr; <strong>1175</strong><br />(-27 for losing)\n|l|\u2606masaga\n|player|p2|\n",
  "uploadtime": 1776198657,
  "views": 36,
  "formatid": "gen9championsvgc2026regma",
  "rating": 1175,
  "private": 0,
  "password": null
}