{
  "id": "gen9championsvgc2026regma-2586939685",
  "format": "[Gen 9 Champions] VGC 2026 Reg M-A",
  "players": [
    "jeet999",
    "jacinthe stan"
  ],
  "log": "|j|\u2606jeet999\n|j|\u2606jacinthe stan\n|t:|1776473788\n|gametype|doubles\n|player|p1|jeet999|170|1495\n|player|p2|jacinthe stan|jacinthe|1448\n|gen|9\n|tier|[Gen 9 Champions] VGC 2026 Reg M-A\n|rated|\n|rule|Species Clause: Limit one of each Pok\u00e9mon\n|rule|Item Clause: Limit 1 of each item\n|clearpoke\n|poke|p1|Floette-Eternal, L50, F|\n|poke|p1|Incineroar, L50, M|\n|poke|p1|Garchomp, L50, M|\n|poke|p1|Sinistcha, L50|\n|poke|p1|Sneasler, L50, M|\n|poke|p1|Sableye, L50, M|\n|poke|p2|Pelipper, L50, F|\n|poke|p2|Basculegion, L50, M|\n|poke|p2|Scovillain, L50, F|\n|poke|p2|Kingambit, L50, F|\n|poke|p2|Sneasler, L50, M|\n|poke|p2|Archaludon, L50, F|\n|teampreview|4\n|inactive|Battle timer is ON: inactive players will automatically lose when time's up. (requested by jeet999)\n|j| Aeiou123456\njeet999 rejected open team sheets.\n|inactive|jacinthe stan has 60 seconds left.\n|\n|t:|1776473833\n|teamsize|p1|4\n|teamsize|p2|4\n|start\n|switch|p1a: Floette|Floette-Eternal, L50, F|100/100\n|switch|p1b: Sableye|Sableye, L50, M|100/100\n|switch|p2a: Archaludon|Archaludon, L50, F|100/100\n|switch|p2b: Pelipper|Pelipper, L50, F|100/100\n|-weather|RainDance|[from] ability: Drizzle|[of] p2b: Pelipper\n|turn|1\n|\n|t:|1776473851\n|detailschange|p1a: Floette|Floette-Mega, L50, F\n|-mega|p1a: Floette|Floette|Floettite\n|-ability|p1a: Floette|Fairy Aura\n|move|p1b: Sableye|Light Screen|p1b: Sableye\n|-sidestart|p1: jeet999|move: Light Screen\n|move|p2a: Archaludon|Electro Shot||[still]\n|-prepare|p2a: Archaludon|Electro Shot\n|-boost|p2a: Archaludon|spa|1\n|-anim|p2a: Archaludon|Electro Shot|p1b: Sableye\n|-damage|p1b: Sableye|52/100\n|move|p1a: Floette|Calm Mind|p1a: Floette\n|-boost|p1a: Floette|spa|1\n|-boost|p1a: Floette|spd|1\n|move|p2b: Pelipper|Tailwind|p2b: Pelipper\n|-sidestart|p2: jacinthe stan|move: Tailwind\n|\n|-weather|RainDance|[upkeep]\n|-heal|p1b: Sableye|58/100|[from] item: Leftovers\n|upkeep\n|turn|2\n|j| dreamybundarahma\n|\n|t:|1776473873\n|move|p2b: Pelipper|Wide Guard|p2b: Pelipper\n|-singleturn|p2b: Pelipper|Wide Guard\n|move|p2a: Archaludon|Flash Cannon|p1a: Floette\n|-supereffective|p1a: Floette|1\n|-damage|p1a: Floette|64/100\n|move|p1a: Floette|Calm Mind|p1a: Floette\n|-boost|p1a: Floette|spa|1\n|-boost|p1a: Floette|spd|1\n|move|p1b: Sableye|Foul Play|p2b: Pelipper\n|-damage|p2b: Pelipper|76/100\n|\n|-weather|RainDance|[upkeep]\n|-heal|p1b: Sableye|64/100|[from] item: Leftovers\n|upkeep\n|turn|3\n|\n|t:|1776473889\n|move|p1b: Sableye|Reflect|p1b: Sableye\n|-sidestart|p1: jeet999|Reflect\n|move|p2a: Archaludon|Flash Cannon|p1a: Floette\n|-supereffective|p1a: Floette|1\n|-damage|p1a: Floette|32/100\n|move|p2b: Pelipper|Weather Ball|p1a: Floette\n|-damage|p1a: Floette|16/100\n|move|p1a: Floette|Draining Kiss|p2a: Archaludon\n|-damage|p2a: Archaludon|0 fnt\n|-heal|p1a: Floette|87/100|[from] drain|[of] p2a: Archaludon\n|faint|p2a: Archaludon\n|\n|-weather|RainDance|[upkeep]\n|-heal|p1b: Sableye|69/100|[from] item: Leftovers\n|upkeep\n|\n|t:|1776473900\n|switch|p2a: Sneasler|Sneasler, L50, M|100/100\n|turn|4\n|\n|t:|1776473910\n|move|p1b: Sableye|Will-O-Wisp|p2a: Sneasler\n|-status|p2a: Sneasler|brn\n|move|p2a: Sneasler|Dire Claw|p1b: Sableye\n|-resisted|p1b: Sableye|1\n|-damage|p1b: Sableye|58/100\n|move|p2b: Pelipper|Weather Ball|p1b: Sableye\n|-damage|p1b: Sableye|14/100\n|move|p1a: Floette|Draining Kiss|p2b: Pelipper\n|-damage|p2b: Pelipper|0 fnt\n|-heal|p1a: Floette|100/100|[from] drain|[of] p2b: Pelipper\n|faint|p2b: Pelipper\n|\n|-weather|RainDance|[upkeep]\n|-heal|p1b: Sableye|20/100|[from] item: Leftovers\n|-damage|p2a: Sneasler|95/100 brn|[from] brn\n|-sideend|p2: jacinthe stan|move: Tailwind\n|upkeep\n|\n|t:|1776473914\n|switch|p2b: Basculegion|Basculegion, L50, M|100/100\n|turn|5\n|j| RedPlaysVGC\n|\n|t:|1776473933\n|move|p2b: Basculegion|Wave Crash|p1a: Floette\n|-damage|p1a: Floette|36/100\n|-damage|p2b: Basculegion|82/100|[from] Recoil\n|move|p2a: Sneasler|Dire Claw|p1a: Floette\n|-supereffective|p1a: Floette|1\n|-damage|p1a: Floette|11/100\n|move|p1a: Floette|Dazzling Gleam|p2b: Basculegion|[spread] p2a,p2b\n|-damage|p2a: Sneasler|0 fnt\n|-damage|p2b: Basculegion|0 fnt\n|faint|p2a: Sneasler\n|faint|p2b: Basculegion\n|\n|win|jeet999\n|raw|jeet999's rating: 1495 &rarr; <strong>1512</strong><br />(+17 for winning)\n|raw|jacinthe stan's rating: 1448 &rarr; <strong>1431</strong><br />(-17 for losing)\n|l|\u2606jacinthe stan\n|player|p2|\n|l| Aeiou123456\n|l| dreamybundarahma\n",
  "uploadtime": 1776473960,
  "views": 43,
  "formatid": "gen9championsvgc2026regma",
  "rating": 1431,
  "private": 0,
  "password": null
}