{
  "id": "gen9championsvgc2026regma-2585030677",
  "format": "[Gen 9 Champions] VGC 2026 Reg M-A",
  "players": [
    "mr0ffline",
    "OverlordDarx"
  ],
  "log": "|j|\u2606mr0ffline\n|j|\u2606OverlordDarx\n|t:|1776304949\n|gametype|doubles\n|player|p1|mr0ffline|1|1099\n|player|p2|OverlordDarx|lance|1000\n|gen|9\n|tier|[Gen 9 Champions] VGC 2026 Reg M-A\n|rated|\n|rule|Species Clause: Limit one of each Pok\u00e9mon\n|rule|Item Clause: Limit 1 of each item\n|clearpoke\n|poke|p1|Pelipper, L50, M|\n|poke|p1|Archaludon, L50, F|\n|poke|p1|Meganium, L50, M|\n|poke|p1|Incineroar, L50, F|\n|poke|p1|Basculegion, L50, M|\n|poke|p1|Klefki, L50, M|\n|poke|p2|Sylveon, L50, M|\n|poke|p2|Garchomp, L50, F|\n|poke|p2|Aerodactyl, L50, F|\n|poke|p2|Floette-Eternal, L50, F|\n|poke|p2|Maushold-Four, L50|\n|poke|p2|Basculegion, L50, M|\n|teampreview|4\n|inactive|Battle timer is ON: inactive players will automatically lose when time's up. (requested by OverlordDarx)\n|inactive|mr0ffline has 60 seconds left.\n|\n|t:|1776304993\n|teamsize|p1|4\n|teamsize|p2|4\n|start\n|switch|p1a: Klefki|Klefki, L50, M|100/100\n|switch|p1b: Archaludon|Archaludon, L50, F|100/100\n|switch|p2a: Maushold|Maushold-Four, L50|100/100\n|switch|p2b: Floette|Floette-Eternal, L50, F|100/100\n|turn|1\n|inactive|mr0ffline has 30 seconds left.\n|inactive|OverlordDarx has 30 seconds left.\n|inactive|OverlordDarx has 20 seconds left.\n|\n|t:|1776305030\n|detailschange|p2b: Floette|Floette-Mega, L50, F\n|-mega|p2b: Floette|Floette|Floettite\n|-ability|p2b: Floette|Fairy Aura\n|move|p1b: Archaludon|Protect|p1b: Archaludon\n|-singleturn|p1b: Archaludon|Protect\n|move|p2a: Maushold|Follow Me|p2a: Maushold\n|-singleturn|p2a: Maushold|move: Follow Me\n|move|p1a: Klefki|Light Screen|p1a: Klefki\n|-sidestart|p1: mr0ffline|move: Light Screen\n|move|p2b: Floette|Dazzling Gleam|p1a: Klefki|[spread] p1a\n|-activate|p1b: Archaludon|move: Protect\n|-resisted|p1a: Klefki|1\n|-damage|p1a: Klefki|81/100\n|\n|upkeep\n|turn|2\n|\n|t:|1776305046\n|move|p2a: Maushold|Helping Hand|p2b: Floette\n|-singleturn|p2b: Floette|Helping Hand|[of] p2a: Maushold\n|move|p1a: Klefki|Rain Dance|p1a: Klefki\n|-weather|RainDance\n|move|p2b: Floette|Moonblast|p1b: Archaludon\n|-damage|p1b: Archaludon|9/100\n|-ability|p1b: Archaludon|Stamina|boost\n|-boost|p1b: Archaludon|def|1\n|move|p1b: Archaludon|Electro Shot||[still]\n|-prepare|p1b: Archaludon|Electro Shot\n|-boost|p1b: Archaludon|spa|1\n|-anim|p1b: Archaludon|Electro Shot|p2a: Maushold\n|-damage|p2a: Maushold|38/100\n|\n|-weather|RainDance|[upkeep]\n|-heal|p1b: Archaludon|15/100|[from] item: Leftovers\n|upkeep\n|turn|3\n|inactive|mr0ffline has 30 seconds left.\n|\n|t:|1776305080\n|switch|p1a: Incineroar|Incineroar, L50, F|100/100\n|-ability|p1a: Incineroar|Intimidate|boost\n|-unboost|p2a: Maushold|atk|1\n|-unboost|p2b: Floette|atk|1\n|move|p1b: Archaludon|Protect|p1b: Archaludon\n|-singleturn|p1b: Archaludon|Protect\n|move|p2a: Maushold|Feint|p1b: Archaludon\n|-activate|p1b: Archaludon|move: Feint\n|-resisted|p1b: Archaludon|1\n|-damage|p1b: Archaludon|13/100\n|-ability|p1b: Archaludon|Stamina|boost\n|-boost|p1b: Archaludon|def|1\n|move|p2b: Floette|Dazzling Gleam|p1a: Incineroar|[spread] p1a,p1b\n|-damage|p1a: Incineroar|68/100\n|-damage|p1b: Archaludon|0 fnt\n|faint|p1b: Archaludon\n|\n|-weather|RainDance|[upkeep]\n|upkeep\n|\n|t:|1776305092\n|switch|p1b: Basculegion|Basculegion, L50, M|100/100\n|turn|4\n|\n|t:|1776305101\n|move|p1a: Incineroar|Fake Out|p2a: Maushold\n|-crit|p2a: Maushold\n|-damage|p2a: Maushold|21/100\n|cant|p2a: Maushold|flinch\n|move|p2b: Floette|Light of Ruin|p1b: Basculegion\n|-damage|p1b: Basculegion|15/100\n|-damage|p2b: Floette|36/100|[from] Recoil\n|move|p1b: Basculegion|Wave Crash|p2b: Floette\n|-damage|p2b: Floette|0 fnt\n|faint|p2b: Floette\n|-damage|p1b: Basculegion|7/100|[from] Recoil\n|\n|-weather|RainDance|[upkeep]\n|upkeep\n|\n|t:|1776305114\n|switch|p2b: Sylveon|Sylveon, L50, M|100/100\n|turn|5\n|\n|t:|1776305126\n|switch|p1b: Klefki|Klefki, L50, M|81/100\n|move|p2a: Maushold|Helping Hand|p2b: Sylveon\n|-singleturn|p2b: Sylveon|Helping Hand|[of] p2a: Maushold\n|move|p2b: Sylveon|Quick Attack|p1b: Klefki\n|-resisted|p1b: Klefki|1\n|-damage|p1b: Klefki|70/100\n|move|p1a: Incineroar|Flare Blitz|p2a: Maushold\n|-damage|p2a: Maushold|0 fnt\n|faint|p2a: Maushold\n|-damage|p1a: Incineroar|62/100|[from] Recoil\n|\n|-weather|RainDance|[upkeep]\n|-sideend|p1: mr0ffline|move: Light Screen\n|upkeep\n|\n|t:|1776305130\n|switch|p2a: Basculegion|Basculegion, L50, M|100/100\n|turn|6\n|\n|t:|1776305145\n|move|p1b: Klefki|Reflect|p1b: Klefki\n|-sidestart|p1: mr0ffline|Reflect\n|move|p2a: Basculegion|Last Respects|p1b: Klefki\n|-damage|p1b: Klefki|4/100\n|move|p2b: Sylveon|Hyper Voice|p1a: Incineroar|[spread] p1a,p1b\n|-resisted|p1b: Klefki|1\n|-damage|p1a: Incineroar|18/100\n|-damage|p1b: Klefki|0 fnt\n|-enditem|p1a: Incineroar|Sitrus Berry|[eat]\n|-heal|p1a: Incineroar|43/100|[from] item: Sitrus Berry\n|faint|p1b: Klefki\n|move|p1a: Incineroar|Will-O-Wisp|p2a: Basculegion|[miss]\n|-miss|p1a: Incineroar|p2a: Basculegion\n|\n|-weather|none\n|upkeep\n|\n|t:|1776305157\n|switch|p1b: Basculegion|Basculegion, L50, M|7/100\n|turn|7\n|\n|t:|1776305172\n|move|p2a: Basculegion|Last Respects|p1b: Basculegion\n|-supereffective|p1b: Basculegion|1\n|-damage|p1b: Basculegion|0 fnt\n|faint|p1b: Basculegion\n|move|p2b: Sylveon|Hyper Voice|p1a: Incineroar\n|-damage|p1a: Incineroar|0 fnt\n|faint|p1a: Incineroar\n|\n|win|OverlordDarx\n|raw|mr0ffline's rating: 1099 &rarr; <strong>1067</strong><br />(-32 for losing)\n|raw|OverlordDarx's rating: 1000 &rarr; <strong>1051</strong><br />(+51 for winning)\n",
  "uploadtime": 1776305183,
  "views": 21,
  "formatid": "gen9championsvgc2026regma",
  "rating": 1051,
  "private": 0,
  "password": null
}