{
  "id": "gen9championsvgc2026regma-2581045296",
  "format": "[Gen 9 Champions] VGC 2026 Reg M-A",
  "players": [
    "12_AKage",
    "lilanhuo"
  ],
  "log": "|j|\u260612_AKage\n|j|\u2606lilanhuo\n|t:|1775954710\n|gametype|doubles\n|player|p1|12_AKage|102|1114\n|player|p2|lilanhuo|dawn-masters3|1046\n|gen|9\n|tier|[Gen 9 Champions] VGC 2026 Reg M-A\n|rated|\n|rule|Species Clause: Limit one of each Pok\u00e9mon\n|rule|Item Clause: Limit 1 of each item\n|clearpoke\n|poke|p1|Charizard, L50, M|\n|poke|p1|Excadrill, L50, M|\n|poke|p1|Tyranitar, L50, M|\n|poke|p1|Incineroar, L50, F|\n|poke|p1|Garchomp, L50, F|\n|poke|p1|Rotom-Wash, L50|\n|poke|p2|Gengar, L50, F|\n|poke|p2|Incineroar, L50, F|\n|poke|p2|Tyranitar, L50, F|\n|poke|p2|Kingambit, L50, M|\n|poke|p2|Sinistcha-Masterpiece, L50|\n|poke|p2|Kommo-o, L50, M|\n|teampreview|4\n|inactive|Battle timer is ON: inactive players will automatically lose when time's up. (requested by lilanhuo)\n|\n|t:|1775954739\n|teamsize|p1|4\n|teamsize|p2|4\n|start\n|switch|p1a: Charizard|Charizard, L50, M|100/100\n|switch|p1b: Excadrill|Excadrill, L50, M|100/100\n|switch|p2a: Gengar|Gengar, L50, F|100/100\n|switch|p2b: Incineroar|Incineroar, L50, F|100/100\n|-ability|p2b: Incineroar|Intimidate|boost\n|-unboost|p1a: Charizard|atk|1\n|-unboost|p1b: Excadrill|atk|1\n|turn|1\n|\n|t:|1775954764\n|detailschange|p2a: Gengar|Gengar-Mega, L50, F\n|-mega|p2a: Gengar|Gengar|Gengarite\n|move|p1a: Charizard|Protect|p1a: Charizard\n|-singleturn|p1a: Charizard|Protect\n|move|p1b: Excadrill|Protect|p1b: Excadrill\n|-singleturn|p1b: Excadrill|Protect\n|move|p2b: Incineroar|Fake Out|p1a: Charizard\n|-activate|p1a: Charizard|move: Protect\n|move|p2a: Gengar|Substitute|p2a: Gengar\n|-start|p2a: Gengar|Substitute\n|-damage|p2a: Gengar|76/100\n|\n|upkeep\n|turn|2\n|inactive|12_AKage has 30 seconds left.\n|\n|t:|1775954792\n|detailschange|p1a: Charizard|Charizard-Mega-Y, L50, M\n|-mega|p1a: Charizard|Charizard|Charizardite Y\n|-weather|SunnyDay|[from] ability: Drought|[of] p1a: Charizard\n|move|p2a: Gengar|Perish Song|p2a: Gengar\n|-start|p1a: Charizard|perish3|[silent]\n|-start|p1b: Excadrill|perish3|[silent]\n|-start|p2a: Gengar|perish3|[silent]\n|-start|p2b: Incineroar|perish3|[silent]\n|-fieldactivate|move: Perish Song\n|move|p1a: Charizard|Heat Wave|p2a: Gengar|[spread] p2a,p2b\n|-end|p2a: Gengar|Substitute\n|-resisted|p2b: Incineroar|1\n|-damage|p2b: Incineroar|78/100\n|move|p1b: Excadrill|Earthquake|p2b: Incineroar|[spread] p2a,p2b\n|-immune|p1a: Charizard\n|-supereffective|p2a: Gengar|1\n|-supereffective|p2b: Incineroar|1\n|-enditem|p2b: Incineroar|Shuca Berry|[eat]\n|-enditem|p2b: Incineroar|Shuca Berry|[weaken]\n|-damage|p2a: Gengar|0 fnt\n|-damage|p2b: Incineroar|52/100\n|faint|p2a: Gengar\n|move|p2b: Incineroar|Parting Shot|p1a: Charizard\n|-unboost|p1a: Charizard|atk|1\n|-unboost|p1a: Charizard|spa|1\n|c|\u260612_AKage|no more perish xd\n|\n|t:|1775954817\n|switch|p2b: Tyranitar|Tyranitar, L50, F|100/100|[from] Parting Shot\n|-weather|Sandstorm|[from] ability: Sand Stream|[of] p2b: Tyranitar\n|\n|-weather|Sandstorm|[upkeep]\n|-damage|p1a: Charizard|94/100|[from] Sandstorm\n|-start|p1b: Excadrill|perish3\n|-start|p1a: Charizard|perish3\n|upkeep\n|\n|t:|1775954819\n|switch|p2a: Incineroar|Incineroar, L50, F|52/100\n|-ability|p2a: Incineroar|Intimidate|boost\n|-unboost|p1a: Charizard|atk|1\n|-unboost|p1b: Excadrill|atk|1\n|turn|3\n|\n|t:|1775954839\n|switch|p1a: Rotom|Rotom-Wash, L50|100/100\n|move|p2a: Incineroar|Fake Out|p1b: Excadrill\n|-resisted|p1b: Excadrill|1\n|-damage|p1b: Excadrill|93/100\n|cant|p1b: Excadrill|flinch\n|move|p2b: Tyranitar|Rock Slide|p1b: Excadrill|[spread] p1b\n|-miss|p2b: Tyranitar|p1a: Rotom\n|-resisted|p1b: Excadrill|2\n|-damage|p1b: Excadrill|83/100\n|\n|-weather|Sandstorm|[upkeep]\n|-damage|p1a: Rotom|95/100|[from] Sandstorm\n|-damage|p2a: Incineroar|46/100|[from] Sandstorm\n|-heal|p1a: Rotom|100/100|[from] item: Leftovers\n|-start|p1b: Excadrill|perish2\n|upkeep\n|turn|4\n|\n|t:|1775954856\n|move|p1b: Excadrill|Earthquake|p2a: Incineroar|[spread] p2a,p2b\n|-immune|p1a: Rotom|[from] ability: Levitate\n|-supereffective|p2a: Incineroar|1\n|-supereffective|p2b: Tyranitar|1\n|-damage|p2a: Incineroar|8/100\n|-damage|p2b: Tyranitar|66/100\n|move|p2b: Tyranitar|Rock Slide|p1a: Rotom|[spread] p1a,p1b\n|-resisted|p1b: Excadrill|2\n|-damage|p1a: Rotom|71/100\n|-damage|p1b: Excadrill|74/100\n|move|p1a: Rotom|Hydro Pump|p2b: Tyranitar|[miss]\n|-miss|p1a: Rotom|p2b: Tyranitar\n|move|p2a: Incineroar|Flare Blitz|p1b: Excadrill\n|-supereffective|p1b: Excadrill|1\n|-damage|p1b: Excadrill|0 fnt\n|faint|p1b: Excadrill\n|-damage|p2a: Incineroar|0 fnt|[from] Recoil\n|faint|p2a: Incineroar\n|\n|-weather|Sandstorm|[upkeep]\n|-damage|p1a: Rotom|65/100|[from] Sandstorm\n|-heal|p1a: Rotom|71/100|[from] item: Leftovers\n|upkeep\n|\n|t:|1775954876\n|switch|p1b: Garchomp|Garchomp, L50, F|100/100\n|switch|p2a: Kommo-o|Kommo-o, L50, M|100/100\n|turn|5\n|\n|t:|1775954899\n|move|p2b: Tyranitar|Rock Slide|p1a: Rotom|[spread] p1a,p1b\n|-resisted|p1b: Garchomp|1\n|-damage|p1a: Rotom|43/100\n|-damage|p1b: Garchomp|88/100\n|move|p1b: Garchomp|Earthquake|p2b: Tyranitar|[spread] p2a,p2b\n|-immune|p1a: Rotom|[from] ability: Levitate\n|-supereffective|p2b: Tyranitar|1\n|-damage|p2a: Kommo-o|64/100\n|-damage|p2b: Tyranitar|0 fnt\n|faint|p2b: Tyranitar\n|move|p2a: Kommo-o|Clangorous Soul|p2a: Kommo-o\n|-boost|p2a: Kommo-o|atk|1\n|-boost|p2a: Kommo-o|def|1\n|-boost|p2a: Kommo-o|spa|1\n|-boost|p2a: Kommo-o|spd|1\n|-boost|p2a: Kommo-o|spe|1\n|-damage|p2a: Kommo-o|31/100\n|move|p1a: Rotom|Will-O-Wisp|p2a: Kommo-o\n|-status|p2a: Kommo-o|brn\n|\n|-weather|Sandstorm|[upkeep]\n|-damage|p2a: Kommo-o|25/100 brn|[from] Sandstorm\n|-damage|p1a: Rotom|37/100|[from] Sandstorm\n|-heal|p2a: Kommo-o|31/100 brn|[from] item: Leftovers\n|-heal|p1a: Rotom|43/100|[from] item: Leftovers\n|-damage|p2a: Kommo-o|25/100 brn|[from] brn\n|upkeep\n|turn|6\n|inactive|12_AKage has 30 seconds left.\n|\n|t:|1775954933\n|move|p2a: Kommo-o|Clanging Scales|p1b: Garchomp|[spread] p1a,p1b\n|-supereffective|p1b: Garchomp|1\n|-damage|p1a: Rotom|6/100\n|-damage|p1b: Garchomp|0 fnt\n|faint|p1b: Garchomp\n|-unboost|p2a: Kommo-o|def|1\n|move|p1a: Rotom|Thunderbolt|p2a: Kommo-o\n|-resisted|p2a: Kommo-o|1\n|-damage|p2a: Kommo-o|13/100 brn\n|\n|-weather|none\n|-heal|p2a: Kommo-o|19/100 brn|[from] item: Leftovers\n|-heal|p1a: Rotom|12/100|[from] item: Leftovers\n|-damage|p2a: Kommo-o|13/100 brn|[from] brn\n|upkeep\n|inactive|12_AKage has 30 seconds left.\n|\n|t:|1775954961\n|switch|p1b: Charizard|Charizard-Mega-Y, L50, M|94/100\n|-weather|SunnyDay|[from] ability: Drought|[of] p1b: Charizard\n|turn|7\n|\n|t:|1775954976\n|move|p2a: Kommo-o|Clanging Scales|p1b: Charizard|[spread] p1a,p1b\n|-damage|p1a: Rotom|0 fnt\n|-damage|p1b: Charizard|54/100\n|faint|p1a: Rotom\n|-unboost|p2a: Kommo-o|def|1\n|move|p1b: Charizard|Dragon Pulse|p2a: Kommo-o\n|-supereffective|p2a: Kommo-o|1\n|-damage|p2a: Kommo-o|0 fnt\n|faint|p2a: Kommo-o\n|\n|win|12_AKage\n|raw|12_AKage's rating: 1114 &rarr; <strong>1134</strong><br />(+20 for winning)\n|raw|lilanhuo's rating: 1046 &rarr; <strong>1032</strong><br />(-14 for losing)\n|l|\u260612_AKage\n|player|p1|\n",
  "uploadtime": 1775954995,
  "views": 15,
  "formatid": "gen9championsvgc2026regma",
  "rating": 1032,
  "private": 0,
  "password": null
}