{
  "id": "gen9championsvgc2026regma-2583113908",
  "format": "[Gen 9 Champions] VGC 2026 Reg M-A",
  "players": [
    "Duho",
    "Bradzinho"
  ],
  "log": "|j|\u2606Duho\n|j|\u2606Bradzinho\n|t:|1776143616\n|gametype|doubles\n|player|p1|Duho|whitney|1161\n|player|p2|Bradzinho|youngster-gen4dp|1068\n|gen|9\n|tier|[Gen 9 Champions] VGC 2026 Reg M-A\n|rated|\n|rule|Species Clause: Limit one of each Pok\u00e9mon\n|rule|Item Clause: Limit 1 of each item\n|clearpoke\n|poke|p1|Sableye, L50, F|\n|poke|p1|Kommo-o, L50, M|\n|poke|p1|Zoroark-Hisui, L50, F|\n|poke|p1|Skarmory, L50, F|\n|poke|p1|Primarina, L50, F|\n|poke|p1|Sneasler, L50, F|\n|poke|p2|Excadrill, L50, F|\n|poke|p2|Tyranitar, L50, M|\n|poke|p2|Incineroar, L50, M|\n|poke|p2|Corviknight, L50, M|\n|poke|p2|Sinistcha, L50|\n|poke|p2|Milotic, L50, F|\n|teampreview|4\n|inactive|Battle timer is ON: inactive players will automatically lose when time's up. (requested by Duho)\n|\n|t:|1776143709\n|teamsize|p1|4\n|teamsize|p2|4\n|start\n|switch|p1a: Sableye|Sableye, L50, F|100/100\n|switch|p1b: Skarmory|Skarmory, L50, F|100/100\n|switch|p2a: Corviknight|Corviknight, L50, M|100/100\n|switch|p2b: Incineroar|Incineroar, L50, M|100/100\n|-ability|p2b: Incineroar|Intimidate|boost\n|-unboost|p1a: Sableye|atk|1\n|-unboost|p1b: Skarmory|atk|1\n|turn|1\n|inactive|Duho has 30 seconds left.\n|inactive|Duho has 20 seconds left.\n|\n|t:|1776143747\n|move|p2b: Incineroar|Fake Out|p1b: Skarmory\n|-immune|p1b: Skarmory\n|move|p1a: Sableye|Fake Out|p2a: Corviknight\n|-resisted|p2a: Corviknight|1\n|-crit|p2a: Corviknight\n|-damage|p2a: Corviknight|98/100\n|move|p1b: Skarmory|Nasty Plot|p1b: Skarmory\n|-boost|p1b: Skarmory|spa|2\n|cant|p2a: Corviknight|flinch\n|\n|-heal|p2a: Corviknight|100/100|[from] item: Leftovers\n|upkeep\n|turn|2\n|inactive|Bradzinho has 30 seconds left.\n|inactive|Bradzinho has 20 seconds left.\n|inactive|Bradzinho has 15 seconds left.\n|\n|t:|1776143787\n|move|p1a: Sableye|Helping Hand|p1b: Skarmory\n|-singleturn|p1b: Skarmory|Helping Hand|[of] p1a: Sableye\n|move|p1b: Skarmory|Hyper Voice|p2b: Incineroar|[spread] p2a,p2b\n|-resisted|p2a: Corviknight|1\n|-damage|p2a: Corviknight|36/100\n|-damage|p2b: Incineroar|0 fnt\n|faint|p2b: Incineroar\n|move|p2a: Corviknight|Tailwind|p2a: Corviknight\n|-sidestart|p2: Bradzinho|move: Tailwind\n|\n|-heal|p2a: Corviknight|42/100|[from] item: Leftovers\n|upkeep\n|inactive|Bradzinho has 30 seconds left.\n|\n|t:|1776143821\n|switch|p2b: Excadrill|Excadrill, L50, F|100/100\n|turn|3\n|inactive|Bradzinho has 30 seconds left.\n|\n|t:|1776143848\n|move|p1a: Sableye|Encore|p2a: Corviknight\n|-start|p2a: Corviknight|Encore\n|move|p2b: Excadrill|Rock Slide|p1a: Sableye|[spread] p1a,p1b\n|-damage|p1a: Sableye|75/100\n|-damage|p1b: Skarmory|53/100\n|replace|p1b: Zoroark|Zoroark-Hisui, L50, F\n|-end|p1b: Zoroark|Illusion\n|move|p1b: Zoroark|Hyper Voice|p2a: Corviknight|[spread] p2a,p2b\n|-resisted|p2a: Corviknight|1\n|-resisted|p2b: Excadrill|1\n|-damage|p2a: Corviknight|0 fnt\n|-damage|p2b: Excadrill|49/100\n|faint|p2a: Corviknight\n|\n|upkeep\n|\n|t:|1776143860\n|switch|p2a: Tyranitar|Tyranitar, L50, M|100/100\n|-weather|Sandstorm|[from] ability: Sand Stream|[of] p2a: Tyranitar\n|turn|4\n|inactive|Bradzinho has 30 seconds left.\n|\n|t:|1776143887\n|move|p2a: Tyranitar|Protect|p2a: Tyranitar\n|-singleturn|p2a: Tyranitar|Protect\n|move|p1a: Sableye|Disable|p2b: Excadrill\n|-start|p2b: Excadrill|Disable|Rock Slide\n|move|p2b: Excadrill|High Horsepower|p1b: Zoroark\n|-damage|p1b: Zoroark|0 fnt\n|faint|p1b: Zoroark\n|\n|-weather|Sandstorm|[upkeep]\n|-damage|p1a: Sableye|69/100|[from] Sandstorm\n|upkeep\n|\n|t:|1776143899\n|switch|p1b: Skarmory|Skarmory, L50, F|100/100\n|turn|5\n|\n|t:|1776143919\n|detailschange|p1b: Skarmory|Skarmory-Mega, L50, F\n|-mega|p1b: Skarmory|Skarmory|Skarmorite\n|move|p1a: Sableye|Encore|p2b: Excadrill\n|-start|p2b: Excadrill|Encore\n|move|p2b: Excadrill|High Horsepower|p1b: Skarmory\n|-immune|p1b: Skarmory\n|move|p1b: Skarmory|Iron Head|p2a: Tyranitar\n|-supereffective|p2a: Tyranitar|1\n|-damage|p2a: Tyranitar|31/100\n|move|p2a: Tyranitar|Rock Slide|p1a: Sableye|[spread] p1a,p1b\n|-damage|p1a: Sableye|31/100\n|-damage|p1b: Skarmory|65/100\n|-enditem|p1a: Sableye|Sitrus Berry|[eat]\n|-heal|p1a: Sableye|56/100|[from] item: Sitrus Berry\n|\n|-weather|Sandstorm|[upkeep]\n|-damage|p1a: Sableye|50/100|[from] Sandstorm\n|-sideend|p2: Bradzinho|move: Tailwind\n|upkeep\n|turn|6\n|\n|t:|1776143940\n|move|p2a: Tyranitar|Protect|p2a: Tyranitar\n|-singleturn|p2a: Tyranitar|Protect\n|move|p1a: Sableye|Disable|p2a: Tyranitar\n|-activate|p2a: Tyranitar|move: Protect\n|move|p2b: Excadrill|High Horsepower|p1a: Sableye\n|-damage|p1a: Sableye|0 fnt\n|faint|p1a: Sableye\n|move|p1b: Skarmory|Iron Head|p2a: Tyranitar\n|-activate|p2a: Tyranitar|move: Protect\n|\n|-weather|Sandstorm|[upkeep]\n|upkeep\n|\n|t:|1776143942\n|switch|p1a: Kommo-o|Kommo-o, L50, M|100/100\n|turn|7\n|inactive|Bradzinho has 30 seconds left.\n|\n|t:|1776143968\n|move|p2a: Tyranitar|Protect||[still]\n|-fail|p2a: Tyranitar\n|move|p2b: Excadrill|High Horsepower|p1a: Kommo-o\n|-damage|p1a: Kommo-o|49/100\n|move|p1b: Skarmory|Iron Head|p2a: Tyranitar\n|-supereffective|p2a: Tyranitar|1\n|-damage|p2a: Tyranitar|0 fnt\n|faint|p2a: Tyranitar\n|move|p1a: Kommo-o|Aura Sphere|p2b: Excadrill\n|-supereffective|p2b: Excadrill|1\n|-damage|p2b: Excadrill|0 fnt\n|faint|p2b: Excadrill\n|\n|win|Duho\n|raw|Duho's rating: 1161 &rarr; <strong>1179</strong><br />(+18 for winning)\n|raw|Bradzinho's rating: 1068 &rarr; <strong>1053</strong><br />(-15 for losing)\n",
  "uploadtime": 1776143976,
  "views": 17,
  "formatid": "gen9championsvgc2026regma",
  "rating": 1053,
  "private": 0,
  "password": null
}