{
  "id": "gen9championsvgc2026regma-2581547689",
  "format": "[Gen 9 Champions] VGC 2026 Reg M-A",
  "players": [
    "Nsishssj",
    "Ozempic Glorp"
  ],
  "log": "|j|\u2606Nsishssj\n|j|\u2606Ozempic Glorp\n|t:|1776009997\n|gametype|doubles\n|player|p1|Nsishssj|169|1060\n|player|p2|Ozempic Glorp|hilda-wonderlauncher|1154\n|gen|9\n|tier|[Gen 9 Champions] VGC 2026 Reg M-A\n|rated|\n|rule|Species Clause: Limit one of each Pok\u00e9mon\n|rule|Item Clause: Limit 1 of each item\n|clearpoke\n|poke|p1|Froslass, L50, F|\n|poke|p1|Slowking, L50, F|\n|poke|p1|Incineroar, L50, F|\n|poke|p1|Beartic, L50, F|\n|poke|p1|Kingambit, L50, M|\n|poke|p1|Aerodactyl, L50, F|\n|poke|p2|Venusaur, L50, F|\n|poke|p2|Incineroar, L50, M|\n|poke|p2|Garchomp, L50, M|\n|poke|p2|Charizard, L50, M|\n|poke|p2|Sneasler, L50, F|\n|poke|p2|Rotom-Wash, L50|\n|teampreview|4\n|inactive|Battle timer is ON: inactive players will automatically lose when time's up. (requested by Ozempic Glorp)\nNsishssj rejected open team sheets.\n|inactive|Nsishssj has 60 seconds left.\n|\n|t:|1776010034\n|teamsize|p1|4\n|teamsize|p2|4\n|start\n|switch|p1a: Slowking|Slowking, L50, F|100/100\n|switch|p1b: Aerodactyl|Aerodactyl, L50, F|100/100\n|switch|p2a: Sneezler|Sneasler, L50, F|100/100\n|switch|p2b: Peak|Garchomp, L50, M, shiny|100/100\n|-ability|p1b: Aerodactyl|Unnerve\n|turn|1\n|inactive|Nsishssj has 30 seconds left.\n|\n|t:|1776010065\n|move|p1b: Aerodactyl|Protect|p1b: Aerodactyl\n|-singleturn|p1b: Aerodactyl|Protect\n|move|p2b: Peak|Rock Slide|p1b: Aerodactyl|[spread] p1a\n|-activate|p1b: Aerodactyl|move: Protect\n|-damage|p1a: Slowking|81/100\n|move|p2a: Sneezler|Rock Slide|p1a: Slowking|[spread] p1a\n|-activate|p1b: Aerodactyl|move: Protect\n|-damage|p1a: Slowking|60/100\n|-prepare|p1a: Slowking|Chilly Reception|[premajor]\n|cant|p1a: Slowking|flinch\n|\n|upkeep\n|turn|2\n|\n|t:|1776010088\n|detailschange|p1b: Aerodactyl|Aerodactyl-Mega, L50, F\n|-mega|p1b: Aerodactyl|Aerodactyl|Aerodactylite\n|move|p2b: Peak|Rock Slide|p1a: Slowking|[spread] p1a,p1b\n|-supereffective|p1b: Aerodactyl|1\n|-damage|p1a: Slowking|39/100\n|-damage|p1b: Aerodactyl|54/100\n|move|p1b: Aerodactyl|Aerial Ace|p2a: Sneezler\n|-supereffective|p2a: Sneezler|1\n|-damage|p2a: Sneezler|0 fnt\n|faint|p2a: Sneezler\n|move|p1a: Slowking|Scald|p2b: Peak\n|-damage|p2b: Peak|72/100\n|\n|upkeep\n|inactive|Ozempic Glorp has 30 seconds left.\n|\n|t:|1776010118\n|switch|p2a: Toad|Venusaur, L50, F, shiny|100/100\n|turn|3\n|\n|t:|1776010140\n|move|p2b: Peak|Rock Slide|p1a: Slowking|[spread] p1a\n|-miss|p2b: Peak|p1b: Aerodactyl\n|-damage|p1a: Slowking|18/100\n|move|p1b: Aerodactyl|Aerial Ace|p2a: Toad\n|-supereffective|p2a: Toad|1\n|-enditem|p2a: Toad|Focus Sash\n|-damage|p2a: Toad|1/100\n|move|p2a: Toad|Sleep Powder|p1b: Aerodactyl|[miss]\n|-miss|p2a: Toad|p1b: Aerodactyl\n|cant|p1a: Slowking|flinch\n|\n|upkeep\n|turn|4\n|\n|t:|1776010161\n|switch|p1a: Froslass|Froslass, L50, F|100/100\n|move|p2b: Peak|Rock Slide|p1a: Froslass|[spread] p1a,p1b\n|-supereffective|p1a: Froslass|1\n|-supereffective|p1b: Aerodactyl|1\n|-damage|p1a: Froslass|34/100\n|-damage|p1b: Aerodactyl|5/100\n|cant|p1b: Aerodactyl|flinch\n|move|p2a: Toad|Sleep Powder|p1b: Aerodactyl\n|-status|p1b: Aerodactyl|slp|[from] move: Sleep Powder\n|\n|upkeep\n|turn|5\n|\n|t:|1776010178\n|move|p2b: Peak|Rock Slide|p1a: Froslass|[spread] p1a,p1b\n|-supereffective|p1a: Froslass|1\n|-crit|p1a: Froslass\n|-supereffective|p1b: Aerodactyl|1\n|-damage|p1a: Froslass|0 fnt\n|-damage|p1b: Aerodactyl|0 fnt\n|faint|p1a: Froslass\n|faint|p1b: Aerodactyl\n|move|p2a: Toad|Sleep Powder|p1: Froslass|[notarget]\n|-fail|p2a: Toad\n|\n|upkeep\n|-message|Nsishssj forfeited.\n|\n|win|Ozempic Glorp\n|raw|Nsishssj's rating: 1060 &rarr; <strong>1046</strong><br />(-14 for losing)\n|raw|Ozempic Glorp's rating: 1154 &rarr; <strong>1172</strong><br />(+18 for winning)\n|l|\u2606Nsishssj\n|player|p1|\n",
  "uploadtime": 1776010197,
  "views": 13,
  "formatid": "gen9championsvgc2026regma",
  "rating": 1046,
  "private": 0,
  "password": null
}