{
  "id": "gen9championsvgc2026regma-2582896840",
  "format": "[Gen 9 Champions] VGC 2026 Reg M-A",
  "players": [
    "vinicio499",
    "maxAshgreninja"
  ],
  "log": "|j|\u2606vinicio499\n|j|\u2606maxAshgreninja\n|t:|1776122993\n|gametype|doubles\n|player|p1|vinicio499|miku-psychic|1361\n|player|p2|maxAshgreninja|102|1331\n|gen|9\n|tier|[Gen 9 Champions] VGC 2026 Reg M-A\n|rated|\n|rule|Species Clause: Limit one of each Pok\u00e9mon\n|rule|Item Clause: Limit 1 of each item\n|clearpoke\n|poke|p1|Crabominable, L50, M|\n|poke|p1|Incineroar, L50, M|\n|poke|p1|Oranguru, L50, M|\n|poke|p1|Tyranitar, L50, M|\n|poke|p1|Torkoal, L50, F|\n|poke|p1|Camerupt, L50, F|\n|poke|p2|Meganium, L50, F|\n|poke|p2|Pelipper, L50, M|\n|poke|p2|Archaludon, L50, M|\n|poke|p2|Rhyperior, L50, F|\n|poke|p2|Basculegion, L50, M|\n|poke|p2|Incineroar, L50, M|\n|teampreview|4\n|inactive|Battle timer is ON: inactive players will automatically lose when time's up. (requested by maxAshgreninja)\n|inactive|vinicio499 also wants the timer to be on.\n|\n|t:|1776123006\n|teamsize|p1|4\n|teamsize|p2|4\n|start\n|switch|p1a: Incineroar|Incineroar, L50, M|100/100\n|switch|p1b: Oranguru|Oranguru, L50, M|100/100\n|switch|p2a: Archaludon|Archaludon, L50, M, shiny|100/100\n|switch|p2b: Pelipper|Pelipper, L50, M|100/100\n|-weather|RainDance|[from] ability: Drizzle|[of] p2b: Pelipper\n|-ability|p1a: Incineroar|Intimidate|boost\n|-unboost|p2a: Archaludon|atk|1\n|-unboost|p2b: Pelipper|atk|1\n|-enditem|p2a: Archaludon|White Herb\n|-clearnegativeboost|p2a: Archaludon|[silent]\n|turn|1\n|\n|t:|1776123023\n|switch|p1a: Torkoal|Torkoal, L50, F|100/100\n|-weather|SunnyDay|[from] ability: Drought|[of] p1a: Torkoal\n|move|p2a: Archaludon|Protect|p2a: Archaludon\n|-singleturn|p2a: Archaludon|Protect\n|move|p2b: Pelipper|Tailwind|p2b: Pelipper\n|-sidestart|p2: maxAshgreninja|move: Tailwind\n|move|p1b: Oranguru|Trick Room|p1b: Oranguru\n|-fieldstart|move: Trick Room|[of] p1b: Oranguru\n|\n|-weather|SunnyDay|[upkeep]\n|upkeep\n|turn|2\n|inactive|maxAshgreninja has 30 seconds left.\n|\n|t:|1776123050\n|switch|p2a: Basculegion|Basculegion, L50, M, shiny|100/100\n|move|p1a: Torkoal|Eruption|p2b: Pelipper|[spread] p2a,p2b\n|-resisted|p2a: Basculegion|1\n|-resisted|p2b: Pelipper|1\n|-damage|p2a: Basculegion|51/100\n|-damage|p2b: Pelipper|48/100\n|-enditem|p2b: Pelipper|Sitrus Berry|[eat]\n|-heal|p2b: Pelipper|73/100|[from] item: Sitrus Berry\n|move|p1b: Oranguru|Instruct|p1a: Torkoal\n|-singleturn|p1a: Torkoal|move: Instruct|[of] p1b: Oranguru\n|move|p1a: Torkoal|Eruption|p2b: Pelipper|[spread] p2a,p2b\n|-resisted|p2a: Basculegion|1\n|-resisted|p2b: Pelipper|1\n|-damage|p2a: Basculegion|2/100\n|-damage|p2b: Pelipper|21/100\n|move|p2b: Pelipper|Muddy Water|p1a: Torkoal|[spread] p1a,p1b\n|-supereffective|p1a: Torkoal|1\n|-damage|p1a: Torkoal|73/100\n|-damage|p1b: Oranguru|92/100\n|\n|-weather|SunnyDay|[upkeep]\n|upkeep\n|turn|3\n|inactive|maxAshgreninja has 30 seconds left.\n|\n|t:|1776123080\n|switch|p1b: Pacheco|Crabominable, L50, M, shiny|100/100\n|switch|p2b: Archaludon|Archaludon, L50, M, shiny|100/100\n|move|p1a: Torkoal|Heat Wave|p2b: Archaludon|[spread] p2a,p2b\n|-resisted|p2a: Basculegion|1\n|-crit|p2a: Basculegion\n|-damage|p2a: Basculegion|0 fnt\n|-damage|p2b: Archaludon|23/100\n|faint|p2a: Basculegion\n|\n|-weather|SunnyDay|[upkeep]\n|upkeep\n|\n|t:|1776123092\n|switch|p2a: Pelipper|Pelipper, L50, M|21/100\n|-weather|RainDance|[from] ability: Drizzle|[of] p2a: Pelipper\n|turn|4\n|\n|t:|1776123101\n|detailschange|p1b: Pacheco|Crabominable-Mega, L50, M, shiny\n|-mega|p1b: Pacheco|Crabominable|Crabominite\n|move|p2b: Archaludon|Protect|p2b: Archaludon\n|-singleturn|p2b: Archaludon|Protect\n|move|p1b: Pacheco|Mach Punch|p2b: Archaludon\n|-activate|p2b: Archaludon|move: Protect\n|move|p1a: Torkoal|Weather Ball|p2a: Pelipper\n|-resisted|p2a: Pelipper|1\n|-damage|p2a: Pelipper|0 fnt\n|faint|p2a: Pelipper\n|\n|-weather|RainDance|[upkeep]\n|-sideend|p2: maxAshgreninja|move: Tailwind\n|upkeep\n|\n|t:|1776123115\n|switch|p2a: Meganium|Meganium, L50, F, shiny|100/100\n|turn|5\n|\n|t:|1776123130\n|switch|p1a: Oranguru|Oranguru, L50, M|92/100\n|detailschange|p2a: Meganium|Meganium-Mega, L50, F, shiny\n|-mega|p2a: Meganium|Meganium|Meganiumite\n|move|p2a: Meganium|Protect|p2a: Meganium\n|-singleturn|p2a: Meganium|Protect\n|move|p2b: Archaludon|Protect||[still]\n|-fail|p2b: Archaludon\n|move|p1b: Pacheco|Mach Punch|p2b: Archaludon\n|-supereffective|p2b: Archaludon|1\n|-damage|p2b: Archaludon|0 fnt\n|faint|p2b: Archaludon\n|\n|-weather|RainDance|[upkeep]\n|-fieldend|move: Trick Room\n|upkeep\n|turn|6\n|\n|t:|1776123150\n|move|p2a: Meganium|Weather Ball|p1b: Pacheco\n|-supereffective|p1b: Pacheco|1\n|-damage|p1b: Pacheco|0 fnt\n|faint|p1b: Pacheco\n|move|p1a: Oranguru|Trick Room|p1a: Oranguru\n|-fieldstart|move: Trick Room|[of] p1a: Oranguru\n|\n|-weather|RainDance|[upkeep]\n|upkeep\n|\n|t:|1776123158\n|switch|p1b: Torkoal|Torkoal, L50, F|73/100\n|-weather|SunnyDay|[from] ability: Drought|[of] p1b: Torkoal\n|turn|7\n|\n|t:|1776123168\n|move|p1b: Torkoal|Heat Wave|p2a: Meganium\n|-supereffective|p2a: Meganium|1\n|-damage|p2a: Meganium|0 fnt\n|faint|p2a: Meganium\n|\n|win|vinicio499\n|raw|vinicio499's rating: 1361 &rarr; <strong>1379</strong><br />(+18 for winning)\n|raw|maxAshgreninja's rating: 1331 &rarr; <strong>1313</strong><br />(-18 for losing)\n|l|\u2606maxAshgreninja\n|player|p2|\n|l|\u2606vinicio499\n|player|p1|\n",
  "uploadtime": 1776123242,
  "views": 26,
  "formatid": "gen9championsvgc2026regma",
  "rating": 1313,
  "private": 0,
  "password": null
}