{
  "id": "gen9championsvgc2026regma-2586666332",
  "format": "[Gen 9 Champions] VGC 2026 Reg M-A",
  "players": [
    "KennarDH",
    "ZGL0428"
  ],
  "log": "|j|\u2606KennarDH\n|j|\u2606ZGL0428\n|t:|1776450534\n|gametype|doubles\n|player|p1|KennarDH|rocketgruntf|1217\n|player|p2|ZGL0428|169|1213\n|gen|9\n|tier|[Gen 9 Champions] VGC 2026 Reg M-A\n|rated|\n|rule|Species Clause: Limit one of each Pok\u00e9mon\n|rule|Item Clause: Limit 1 of each item\n|clearpoke\n|poke|p1|Farigiraf, L50, M|\n|poke|p1|Blastoise, L50, F|\n|poke|p1|Torkoal, L50, F|\n|poke|p1|Orthworm, L50, M|\n|poke|p1|Golurk, L50|\n|poke|p1|Venusaur, L50, M|\n|poke|p2|Chandelure, L50, F|\n|poke|p2|Torkoal, L50, F|\n|poke|p2|Farigiraf, L50, F|\n|poke|p2|Conkeldurr, L50, F|\n|poke|p2|Mimikyu, L50, F|\n|poke|p2|Krookodile, L50, M|\n|teampreview|4\n|\n|t:|1776450578\n|teamsize|p1|4\n|teamsize|p2|4\n|start\n|switch|p1a: Blastoise|Blastoise, L50, F|100/100\n|switch|p1b: Golurk|Golurk, L50|100/100\n|switch|p2a: Conkeldurr|Conkeldurr, L50, F|100/100\n|switch|p2b: Farigiraf|Farigiraf, L50, F|100/100\n|turn|1\n|\n|t:|1776450596\n|detailschange|p1a: Blastoise|Blastoise-Mega, L50, F\n|-mega|p1a: Blastoise|Blastoise|Blastoisinite\n|move|p2a: Conkeldurr|Protect|p2a: Conkeldurr\n|-singleturn|p2a: Conkeldurr|Protect\n|move|p1a: Blastoise|Dark Pulse|p2b: Farigiraf\n|-supereffective|p2b: Farigiraf|1\n|-damage|p2b: Farigiraf|14/100\n|move|p1b: Golurk|Poltergeist|p2a: Conkeldurr\n|-activate|p2a: Conkeldurr|move: Protect\n|move|p2b: Farigiraf|Trick Room|p2b: Farigiraf\n|-fieldstart|move: Trick Room|[of] p2b: Farigiraf\n|\n|upkeep\n|turn|2\n|\n|t:|1776450627\n|switch|p1a: Orthworm|Orthworm, L50, M|100/100\n|move|p2a: Conkeldurr|Knock Off|p1b: Golurk\n|-supereffective|p1b: Golurk|1\n|-damage|p1b: Golurk|46/100\n|move|p1b: Golurk|Earthquake|p2b: Farigiraf|[spread] p2a,p2b\n|-immune|p1a: Orthworm|[from] ability: Earth Eater\n|-damage|p2a: Conkeldurr|67/100\n|-damage|p2b: Farigiraf|0 fnt\n|faint|p2b: Farigiraf\n|\n|upkeep\n|\n|t:|1776450648\n|switch|p2b: Chandelure|Chandelure, L50, F|100/100\n|turn|3\n|\n|t:|1776450673\n|detailschange|p2b: Chandelure|Chandelure-Mega, L50, F\n|-mega|p2b: Chandelure|Chandelure|Chandelurite\n|move|p2b: Chandelure|Protect|p2b: Chandelure\n|-singleturn|p2b: Chandelure|Protect\n|move|p2a: Conkeldurr|Close Combat|p1a: Orthworm\n|-supereffective|p1a: Orthworm|1\n|-damage|p1a: Orthworm|0 fnt\n|-unboost|p2a: Conkeldurr|def|1\n|-unboost|p2a: Conkeldurr|spd|1\n|faint|p1a: Orthworm\n|-enditem|p2a: Conkeldurr|White Herb\n|-clearnegativeboost|p2a: Conkeldurr|[silent]\n|move|p1b: Golurk|Earthquake|p2a: Conkeldurr|[spread] p2a\n|-activate|p2b: Chandelure|move: Protect\n|-damage|p2a: Conkeldurr|33/100\n|\n|upkeep\n|\n|t:|1776450687\n|switch|p1a: Torkoal|Torkoal, L50, F|100/100\n|-weather|SunnyDay|[from] ability: Drought|[of] p1a: Torkoal\n|turn|4\n|\n|t:|1776450703\n|switch|p2b: Krookodile|Krookodile, L50, M|100/100\n|-ability|p2b: Krookodile|Intimidate|boost\n|-unboost|p1a: Torkoal|atk|1\n|-unboost|p1b: Golurk|atk|1\n|move|p2a: Conkeldurr|Protect|p2a: Conkeldurr\n|-singleturn|p2a: Conkeldurr|Protect\n|move|p1a: Torkoal|Eruption|p2b: Krookodile|[spread] p2b\n|-activate|p2a: Conkeldurr|move: Protect\n|-damage|p2b: Krookodile|6/100\n|move|p1b: Golurk|Headlong Rush|p2b: Krookodile\n|-damage|p2b: Krookodile|0 fnt\n|-unboost|p1b: Golurk|def|1\n|-unboost|p1b: Golurk|spd|1\n|faint|p2b: Krookodile\n|\n|-weather|SunnyDay|[upkeep]\n|upkeep\n|\n|t:|1776450722\n|switch|p2b: Chandelure|Chandelure-Mega, L50, F|100/100\n|turn|5\n|\n|t:|1776450732\n|move|p2a: Conkeldurr|Protect||[still]\n|-fail|p2a: Conkeldurr\n|move|p2b: Chandelure|Protect|p2b: Chandelure\n|-singleturn|p2b: Chandelure|Protect\n|move|p1a: Torkoal|Eruption|p2a: Conkeldurr|[spread] p2a\n|-activate|p2b: Chandelure|move: Protect\n|-damage|p2a: Conkeldurr|0 fnt\n|faint|p2a: Conkeldurr\n|move|p1b: Golurk|Headlong Rush|p2b: Chandelure\n|-activate|p2b: Chandelure|move: Protect\n|\n|-weather|SunnyDay|[upkeep]\n|-fieldend|move: Trick Room\n|upkeep\n|turn|6\n|\n|t:|1776450750\n|move|p2b: Chandelure|Heat Wave|p1a: Torkoal|[spread] p1a,p1b\n|-resisted|p1a: Torkoal|1\n|-damage|p1a: Torkoal|57/100\n|-damage|p1b: Golurk|0 fnt\n|faint|p1b: Golurk\n|move|p1a: Torkoal|Earth Power|p2b: Chandelure\n|-supereffective|p2b: Chandelure|1\n|-damage|p2b: Chandelure|51/100\n|\n|-weather|SunnyDay|[upkeep]\n|upkeep\n|\n|t:|1776450761\n|switch|p1b: Blastoise|Blastoise-Mega, L50, F|100/100\n|turn|7\n|inactive|Battle timer is ON: inactive players will automatically lose when time's up. (requested by ZGL0428)\n|\n|t:|1776450768\n|move|p2b: Chandelure|Shadow Ball|p1b: Blastoise\n|-damage|p1b: Blastoise|52/100\n|move|p1b: Blastoise|Dark Pulse|p2b: Chandelure\n|-supereffective|p2b: Chandelure|1\n|-damage|p2b: Chandelure|0 fnt\n|faint|p2b: Chandelure\n|\n|win|KennarDH\n|raw|KennarDH's rating: 1217 &rarr; <strong>1242</strong><br />(+25 for winning)\n|raw|ZGL0428's rating: 1213 &rarr; <strong>1188</strong><br />(-25 for losing)\n|l|\u2606ZGL0428\n|player|p2|\n",
  "uploadtime": 1776450775,
  "views": 38,
  "formatid": "gen9championsvgc2026regma",
  "rating": 1188,
  "private": 0,
  "password": null
}