{
  "id": "gen9championsvgc2026regma-2581880901",
  "format": "[Gen 9 Champions] VGC 2026 Reg M-A",
  "players": [
    "Clawitzer693",
    "Cesarinnn"
  ],
  "log": "|j|\u2606Clawitzer693\n|j|\u2606Cesarinnn\n|t:|1776036283\n|gametype|doubles\n|player|p1|Clawitzer693|gentleman-gen4|1075\n|player|p2|Cesarinnn|burgh|1060\n|gen|9\n|tier|[Gen 9 Champions] VGC 2026 Reg M-A\n|rated|\n|rule|Species Clause: Limit one of each Pok\u00e9mon\n|rule|Item Clause: Limit 1 of each item\n|clearpoke\n|poke|p1|Talonflame, L50, M|\n|poke|p1|Sylveon, L50, F|\n|poke|p1|Gengar, L50, M|\n|poke|p1|Garchomp, L50, M|\n|poke|p1|Sneasler, L50, F|\n|poke|p1|Basculegion, L50, M|\n|poke|p2|Meganium, L50, F|\n|poke|p2|Clawitzer, L50, F|\n|poke|p2|Aegislash, L50, F|\n|poke|p2|Slowbro-Galar, L50, M|\n|poke|p2|Lycanroc-Dusk, L50, M|\n|poke|p2|Meowstic, L50, M|\n|teampreview|4\n|inactive|Battle timer is ON: inactive players will automatically lose when time's up. (requested by Clawitzer693)\nClawitzer693 has agreed to open team sheets.\n|c|\u2606Clawitzer693|W Clawitzer\n|inactive|Clawitzer693 has 60 seconds left.\n|\n|t:|1776036323\n|teamsize|p1|4\n|teamsize|p2|4\n|start\n|switch|p1a: Cool bird|Talonflame, L50, M|100/100\n|switch|p1b: Gengarchomp|Gengar, L50, M|100/100\n|switch|p2a: Slowbro|Slowbro-Galar, L50, M|100/100\n|switch|p2b: Meowstic|Meowstic, L50, M, shiny|100/100\n|turn|1\n|\n|t:|1776036340\n|detailschange|p1b: Gengarchomp|Gengar-Mega, L50, M\n|-mega|p1b: Gengarchomp|Gengar|Gengarite\n|move|p1a: Cool bird|Tailwind|p1a: Cool bird\n|-sidestart|p1: Clawitzer693|move: Tailwind\n|move|p1b: Gengarchomp|Shadow Ball|p2a: Slowbro\n|-supereffective|p2a: Slowbro|1\n|-damage|p2a: Slowbro|0 fnt\n|faint|p2a: Slowbro\n|move|p2b: Meowstic|Trick Room|p2b: Meowstic\n|-fieldstart|move: Trick Room|[of] p2b: Meowstic\n|\n|upkeep\n|\n|t:|1776036354\n|switch|p2a: Clawitzer|Clawitzer, L50, F|100/100\n|turn|2\n|\n|t:|1776036366\n|move|p1b: Gengarchomp|Protect|p1b: Gengarchomp\n|-singleturn|p1b: Gengarchomp|Protect\n|move|p2b: Meowstic|Psychic Terrain|p2b: Meowstic\n|-fieldstart|move: Psychic Terrain\n|move|p1a: Cool bird|Acrobatics|p2a: Clawitzer\n|-activate|p2a: Clawitzer|move: Psychic Terrain\n|move|p2a: Clawitzer|Terrain Pulse|p1b: Gengarchomp\n|-activate|p1b: Gengarchomp|move: Protect\n|\n|upkeep\n|turn|3\n|\n|t:|1776036383\n|move|p2a: Clawitzer|Water Pulse|p1a: Cool bird\n|-supereffective|p1a: Cool bird|1\n|-damage|p1a: Cool bird|0 fnt\n|faint|p1a: Cool bird\n|move|p2b: Meowstic|Expanding Force|p1b: Gengarchomp\n|-supereffective|p1b: Gengarchomp|1\n|-damage|p1b: Gengarchomp|0 fnt\n|faint|p1b: Gengarchomp\n|\n|upkeep\n|\n|t:|1776036393\n|switch|p1b: Dead Feesh|Basculegion, L50, M|100/100\n|switch|p1a: FloetteAtHome|Sylveon, L50, F|100/100\n|turn|4\n|\n|t:|1776036408\n|move|p2a: Clawitzer|Terrain Pulse|p1b: Dead Feesh\n|-damage|p1b: Dead Feesh|21/100\n|move|p2b: Meowstic|Expanding Force|p1a: FloetteAtHome|[spread] p1a,p1b\n|-damage|p1a: FloetteAtHome|60/100\n|-damage|p1b: Dead Feesh|0 fnt\n|faint|p1b: Dead Feesh\n|move|p1a: FloetteAtHome|Hyper Voice|p2a: Clawitzer|[spread] p2a,p2b\n|-damage|p2a: Clawitzer|49/100\n|-damage|p2b: Meowstic|44/100\n|-enditem|p2a: Clawitzer|Sitrus Berry|[eat]\n|-heal|p2a: Clawitzer|74/100|[from] item: Sitrus Berry\n|\n|-sideend|p1: Clawitzer693|move: Tailwind\n|upkeep\n|turn|5\n|\n|t:|1776036423\n|move|p1a: FloetteAtHome|Protect|p1a: FloetteAtHome\n|-singleturn|p1a: FloetteAtHome|Protect\n|move|p2a: Clawitzer|Terrain Pulse|p1a: FloetteAtHome\n|-activate|p1a: FloetteAtHome|move: Protect\n|move|p2b: Meowstic|Expanding Force|p1a: FloetteAtHome\n|-activate|p1a: FloetteAtHome|move: Protect\n|\n|-fieldend|move: Trick Room\n|upkeep\n|turn|6\n|\n|t:|1776036435\n|move|p1a: FloetteAtHome|Hyper Voice|p2b: Meowstic|[spread] p2a,p2b\n|-damage|p2a: Clawitzer|17/100\n|-damage|p2b: Meowstic|0 fnt\n|faint|p2b: Meowstic\n|move|p2a: Clawitzer|Terrain Pulse|p1a: FloetteAtHome\n|-damage|p1a: FloetteAtHome|2/100\n|\n|-fieldend|move: Psychic Terrain\n|upkeep\n|\n|t:|1776036441\n|switch|p2b: Meganium|Meganium, L50, F|100/100\n|turn|7\n|\n|t:|1776036450\n|detailschange|p2b: Meganium|Meganium-Mega, L50, F\n|-mega|p2b: Meganium|Meganium|Meganiumite\n|move|p1a: FloetteAtHome|Hyper Voice|p2a: Clawitzer|[spread] p2a,p2b\n|-damage|p2a: Clawitzer|0 fnt\n|-damage|p2b: Meganium|57/100\n|faint|p2a: Clawitzer\n|move|p2b: Meganium|Solar Beam||[still]\n|-prepare|p2b: Meganium|Solar Beam\n|-activate|p2b: Meganium|ability: Mega Sol\n|-anim|p2b: Meganium|Solar Beam|p1a: FloetteAtHome\n|-damage|p1a: FloetteAtHome|0 fnt\n|faint|p1a: FloetteAtHome\n|\n|win|Cesarinnn\n|raw|Clawitzer693's rating: 1075 &rarr; <strong>1053</strong><br />(-22 for losing)\n|raw|Cesarinnn's rating: 1060 &rarr; <strong>1092</strong><br />(+32 for winning)\n|l|\u2606Cesarinnn\n|player|p2|\n|c|\u2606Clawitzer693|Gg\n",
  "uploadtime": 1776036477,
  "views": 11,
  "formatid": "gen9championsvgc2026regma",
  "rating": 1053,
  "private": 0,
  "password": null
}