{
  "id": "gen9championsvgc2026regma-2589502510",
  "format": "[Gen 9 Champions] VGC 2026 Reg M-A",
  "players": [
    "toiletstore24",
    "al0lan_Samurott"
  ],
  "log": "|j|\u2606toiletstore24\n|j|\u2606al0lan_Samurott\n|t:|1776728818\n|gametype|doubles\n|player|p1|toiletstore24|266|1098\n|player|p2|al0lan_Samurott|marlon|1107\n|gen|9\n|tier|[Gen 9 Champions] VGC 2026 Reg M-A\n|rated|\n|rule|Species Clause: Limit one of each Pok\u00e9mon\n|rule|Item Clause: Limit 1 of each item\n|clearpoke\n|poke|p1|Sableye, L50, F|\n|poke|p1|Incineroar, L50, F|\n|poke|p1|Meganium, L50, F|\n|poke|p1|Milotic, L50, M|\n|poke|p1|Beedrill, L50, M|\n|poke|p1|Snorlax, L50, M|\n|poke|p2|Aerodactyl, L50, M, shiny|\n|poke|p2|Tyranitar, L50, M, shiny|\n|poke|p2|Garchomp, L50, M, shiny|\n|poke|p2|Rotom-Wash, L50, shiny|\n|poke|p2|Sneasler, L50, F, shiny|\n|poke|p2|Sinistcha, L50|\n|teampreview|4\n|inactive|Battle timer is ON: inactive players will automatically lose when time's up. (requested by al0lan_Samurott)\n|inactive|al0lan_Samurott has 60 seconds left.\n|\n|t:|1776728869\n|teamsize|p1|4\n|teamsize|p2|4\n|start\n|switch|p1a: Incineroar|Incineroar, L50, F|100/100\n|switch|p1b: Snorlax|Snorlax, L50, M|100/100\n|switch|p2a: Tyranitar|Tyranitar, L50, M, shiny|100/100\n|switch|p2b: Sneasler|Sneasler, L50, F, shiny|100/100\n|-weather|Sandstorm|[from] ability: Sand Stream|[of] p2a: Tyranitar\n|-ability|p1a: Incineroar|Intimidate|boost\n|-unboost|p2a: Tyranitar|atk|1\n|-unboost|p2b: Sneasler|atk|1\n|-enditem|p2b: Sneasler|White Herb\n|-clearnegativeboost|p2b: Sneasler|[silent]\n|turn|1\n|\n|t:|1776728890\n|detailschange|p2a: Tyranitar|Tyranitar-Mega, L50, M, shiny\n|-mega|p2a: Tyranitar|Tyranitar|Tyranitarite\n|move|p2b: Sneasler|Fake Out|p1a: Incineroar\n|-damage|p1a: Incineroar|91/100\n|cant|p1a: Incineroar|flinch\n|move|p2a: Tyranitar|Knock Off|p1b: Snorlax\n|-damage|p1b: Snorlax|60/100\n|-enditem|p1b: Snorlax|Chople Berry|[from] move: Knock Off|[of] p2a: Tyranitar\n|move|p1b: Snorlax|Yawn|p2b: Sneasler\n|-start|p2b: Sneasler|move: Yawn|[of] p1b: Snorlax\n|\n|-weather|Sandstorm|[upkeep]\n|-damage|p2b: Sneasler|95/100|[from] Sandstorm\n|-damage|p1a: Incineroar|85/100|[from] Sandstorm\n|-damage|p1b: Snorlax|54/100|[from] Sandstorm\n|upkeep\n|turn|2\n|\n|t:|1776728914\n|switch|p1b: Sableye|Sableye, L50, F|100/100\n|move|p2b: Sneasler|Close Combat|p1a: Incineroar\n|-supereffective|p1a: Incineroar|1\n|-damage|p1a: Incineroar|0 fnt\n|-unboost|p2b: Sneasler|def|1\n|-unboost|p2b: Sneasler|spd|1\n|faint|p1a: Incineroar\n|move|p2a: Tyranitar|Rock Slide|p1b: Sableye\n|-damage|p1b: Sableye|58/100\n|\n|-weather|Sandstorm|[upkeep]\n|-damage|p2b: Sneasler|89/100|[from] Sandstorm\n|-damage|p1b: Sableye|52/100|[from] Sandstorm\n|-end|p2b: Sneasler|move: Yawn|[silent]\n|-status|p2b: Sneasler|slp\n|upkeep\n|\n|t:|1776728925\n|switch|p1a: Meganium|Meganium, L50, F|100/100\n|turn|3\n|\n|t:|1776728943\n|switch|p2b: Sinistcha|Sinistcha, L50|100/100\n|detailschange|p1a: Meganium|Meganium-Mega, L50, F\n|-mega|p1a: Meganium|Meganium|Meganiumite\n|move|p1b: Sableye|Light Screen|p1b: Sableye\n|-sidestart|p1: toiletstore24|move: Light Screen\n|move|p1a: Meganium|Solar Beam||[still]\n|-prepare|p1a: Meganium|Solar Beam\n|-activate|p1a: Meganium|ability: Mega Sol\n|-anim|p1a: Meganium|Solar Beam|p2a: Tyranitar\n|-supereffective|p2a: Tyranitar|1\n|-damage|p2a: Tyranitar|5/100\n|move|p2a: Tyranitar|Rock Slide|p1b: Sableye|[spread] p1a,p1b\n|-damage|p1a: Meganium|79/100\n|-damage|p1b: Sableye|25/100\n|\n|-weather|Sandstorm|[upkeep]\n|-damage|p1a: Meganium|73/100|[from] Sandstorm\n|-damage|p2b: Sinistcha|94/100|[from] Sandstorm\n|-damage|p1b: Sableye|19/100|[from] Sandstorm\n|upkeep\n|turn|4\n|\n|t:|1776728966\n|move|p2a: Tyranitar|Protect|p2a: Tyranitar\n|-singleturn|p2a: Tyranitar|Protect\n|move|p1a: Meganium|Weather Ball|p2b: Sinistcha\n|-supereffective|p2b: Sinistcha|1\n|-damage|p2b: Sinistcha|0 fnt\n|faint|p2b: Sinistcha\n|move|p1b: Sableye|Foul Play|p2a: Tyranitar\n|-activate|p2a: Tyranitar|move: Protect\n|\n|-weather|Sandstorm|[upkeep]\n|-damage|p1a: Meganium|67/100|[from] Sandstorm\n|-damage|p1b: Sableye|13/100|[from] Sandstorm\n|upkeep\n|\n|t:|1776728978\n|switch|p2b: Rotom|Rotom-Wash, L50, shiny|100/100\n|turn|5\n|\n|t:|1776728991\n|switch|p2a: Sneasler|Sneasler, L50, F, shiny|89/100 slp\n|move|p1b: Sableye|Quash|p2b: Rotom\n|-activate|p2b: Rotom|move: Quash\n|move|p1a: Meganium|Solar Beam||[still]\n|-prepare|p1a: Meganium|Solar Beam\n|-activate|p1a: Meganium|ability: Mega Sol\n|-anim|p1a: Meganium|Solar Beam|p2b: Rotom\n|-supereffective|p2b: Rotom|1\n|-damage|p2b: Rotom|0 fnt\n|faint|p2b: Rotom\n|\n|-weather|none\n|upkeep\n|\n|t:|1776729003\n|switch|p2b: Tyranitar|Tyranitar-Mega, L50, M, shiny|5/100\n|-weather|Sandstorm|[from] ability: Sand Stream|[of] p2b: Tyranitar\n|turn|6\n|\n|t:|1776729015\n|cant|p2a: Sneasler|slp\n|move|p1b: Sableye|Quash|p2b: Tyranitar\n|-hint|Since gen 7, Dark is immune to Prankster moves.\n|-immune|p2b: Tyranitar\n|move|p1a: Meganium|Dazzling Gleam|p2a: Sneasler|[spread] p2a,p2b\n|-supereffective|p2b: Tyranitar|1\n|-damage|p2a: Sneasler|43/100 slp\n|-damage|p2b: Tyranitar|0 fnt\n|faint|p2b: Tyranitar\n|\n|-weather|Sandstorm|[upkeep]\n|-damage|p2a: Sneasler|37/100 slp|[from] Sandstorm\n|-damage|p1a: Meganium|61/100|[from] Sandstorm\n|-damage|p1b: Sableye|8/100|[from] Sandstorm\n|upkeep\n|turn|7\n|\n|t:|1776729027\n|-curestatus|p2a: Sneasler|slp|[msg]\n|move|p2a: Sneasler|Protect|p2a: Sneasler\n|-singleturn|p2a: Sneasler|Protect\n|move|p1b: Sableye|Will-O-Wisp|p2a: Sneasler\n|-activate|p2a: Sneasler|move: Protect\n|move|p1a: Meganium|Weather Ball|p2a: Sneasler\n|-activate|p2a: Sneasler|move: Protect\n|\n|-weather|Sandstorm|[upkeep]\n|-damage|p2a: Sneasler|31/100|[from] Sandstorm\n|-damage|p1a: Meganium|56/100|[from] Sandstorm\n|-damage|p1b: Sableye|2/100|[from] Sandstorm\n|-sideend|p1: toiletstore24|move: Light Screen\n|upkeep\n|turn|8\n|\n|t:|1776729040\n|move|p1b: Sableye|Will-O-Wisp|p2a: Sneasler|[miss]\n|-miss|p1b: Sableye|p2a: Sneasler\n|move|p2a: Sneasler|Dire Claw|p1a: Meganium\n|-supereffective|p1a: Meganium|2\n|-damage|p1a: Meganium|0 fnt\n|faint|p1a: Meganium\n|\n|-weather|Sandstorm|[upkeep]\n|-damage|p2a: Sneasler|25/100|[from] Sandstorm\n|-damage|p1b: Sableye|0 fnt|[from] Sandstorm\n|faint|p1b: Sableye\n|upkeep\n|\n|t:|1776729047\n|switch|p1b: Snorlax|Snorlax, L50, M|54/100\n|turn|9\n|\n|t:|1776729054\n|move|p2a: Sneasler|Close Combat|p1b: Snorlax\n|-supereffective|p1b: Snorlax|1\n|-damage|p1b: Snorlax|0 fnt\n|-unboost|p2a: Sneasler|def|1\n|-unboost|p2a: Sneasler|spd|1\n|faint|p1b: Snorlax\n|\n|win|al0lan_Samurott\n|raw|toiletstore24's rating: 1098 &rarr; <strong>1074</strong><br />(-24 for losing)\n|raw|al0lan_Samurott's rating: 1107 &rarr; <strong>1131</strong><br />(+24 for winning)\n",
  "uploadtime": 1776729061,
  "views": 2,
  "formatid": "gen9championsvgc2026regma",
  "rating": 1074,
  "private": 0,
  "password": null
}