{
  "id": "gen9championsvgc2026regma-2582583493",
  "format": "[Gen 9 Champions] VGC 2026 Reg M-A",
  "players": [
    "Tiaguinho Samba",
    "walkemdownm0rt"
  ],
  "log": "|j|\u2606Tiaguinho Samba\n|j|\u2606walkemdownm0rt\n|t:|1776100841\n|gametype|doubles\n|player|p1|Tiaguinho Samba|guzma|1368\n|player|p2|walkemdownm0rt|boarder|1468\n|gen|9\n|tier|[Gen 9 Champions] VGC 2026 Reg M-A\n|rated|\n|rule|Species Clause: Limit one of each Pok\u00e9mon\n|rule|Item Clause: Limit 1 of each item\n|clearpoke\n|poke|p1|Floette-Eternal, L50, F|\n|poke|p1|Sinistcha, L50|\n|poke|p1|Aerodactyl, L50, F|\n|poke|p1|Garchomp, L50, F|\n|poke|p1|Incineroar, L50, F|\n|poke|p1|Rotom-Wash, L50|\n|poke|p2|Floette-Eternal, L50, F|\n|poke|p2|Garchomp, L50, F|\n|poke|p2|Delphox, L50, F|\n|poke|p2|Basculegion, L50, M|\n|poke|p2|Sneasler, L50, M|\n|poke|p2|Kingambit, L50, M|\n|teampreview|4\n|inactive|Battle timer is ON: inactive players will automatically lose when time's up. (requested by Tiaguinho Samba)\n|j| number86\n|l| number86\n|inactive|Tiaguinho Samba has 60 seconds left.\n|\n|t:|1776100885\n|teamsize|p1|4\n|teamsize|p2|4\n|start\n|switch|p1a: Rotom|Rotom-Wash, L50|100/100\n|switch|p1b: Floette|Floette-Eternal, L50, F|100/100\n|switch|p2a: Floette|Floette-Eternal, L50, F|100/100\n|switch|p2b: Sneasler|Sneasler, L50, M|100/100\n|turn|1\n|j| CARtu348rjf90\n|\n|t:|1776100908\n|detailschange|p2a: Floette|Floette-Mega, L50, F\n|-mega|p2a: Floette|Floette|Floettite\n|-ability|p2a: Floette|Fairy Aura\n|detailschange|p1b: Floette|Floette-Mega, L50, F\n|-mega|p1b: Floette|Floette|Floettite\n|-ability|p1b: Floette|Fairy Aura\n|move|p1b: Floette|Protect|p1b: Floette\n|-singleturn|p1b: Floette|Protect\n|move|p2b: Sneasler|Fake Out|p1b: Floette\n|-activate|p1b: Floette|move: Protect\n|move|p2a: Floette|Calm Mind|p2a: Floette\n|-boost|p2a: Floette|spa|1\n|-boost|p2a: Floette|spd|1\n|move|p1a: Rotom|Will-O-Wisp|p2b: Sneasler|[miss]\n|-miss|p1a: Rotom|p2b: Sneasler\n|\n|upkeep\n|turn|2\n|\n|t:|1776100925\n|switch|p1b: Garchomp|Garchomp, L50, F|100/100\n|move|p2b: Sneasler|Gunk Shot|p1b: Garchomp\n|-resisted|p1b: Garchomp|1\n|-damage|p1b: Garchomp|70/100\n|-status|p1b: Garchomp|psn\n|move|p2a: Floette|Dazzling Gleam|p1b: Garchomp|[spread] p1a,p1b\n|-supereffective|p1b: Garchomp|1\n|-damage|p1a: Rotom|27/100\n|-damage|p1b: Garchomp|0 fnt\n|-enditem|p1a: Rotom|Sitrus Berry|[eat]\n|-heal|p1a: Rotom|52/100|[from] item: Sitrus Berry\n|faint|p1b: Garchomp\n|move|p1a: Rotom|Will-O-Wisp|p2b: Sneasler\n|-status|p2b: Sneasler|brn\n|\n|-damage|p2b: Sneasler|95/100 brn|[from] brn\n|upkeep\n|\n|t:|1776100945\n|switch|p1b: Aerodactyl|Aerodactyl, L50, F|100/100\n|-ability|p1b: Aerodactyl|Unnerve\n|turn|3\n|\n|t:|1776100957\n|move|p1b: Aerodactyl|Wide Guard|p1b: Aerodactyl\n|-singleturn|p1b: Aerodactyl|Wide Guard\n|move|p2b: Sneasler|Close Combat|p1b: Aerodactyl\n|-damage|p1b: Aerodactyl|49/100\n|-unboost|p2b: Sneasler|def|1\n|-unboost|p2b: Sneasler|spd|1\n|-enditem|p2b: Sneasler|White Herb\n|-clearnegativeboost|p2b: Sneasler|[silent]\n|move|p2a: Floette|Dazzling Gleam|p1a: Rotom|[spread] \n|-activate|p1a: Rotom|move: Wide Guard\n|-activate|p1b: Aerodactyl|move: Wide Guard\n|move|p1a: Rotom|Thunderbolt|p2a: Floette\n|-damage|p2a: Floette|82/100\n|\n|-damage|p2b: Sneasler|89/100 brn|[from] brn\n|upkeep\n|turn|4\n|inactive|Tiaguinho Samba has 30 seconds left.\n|\n|t:|1776100990\n|move|p2b: Sneasler|Close Combat|p1b: Aerodactyl\n|-damage|p1b: Aerodactyl|1/100\n|-unboost|p2b: Sneasler|def|1\n|-unboost|p2b: Sneasler|spd|1\n|move|p1b: Aerodactyl|Tailwind|p1b: Aerodactyl\n|-sidestart|p1: Tiaguinho Samba|move: Tailwind\n|move|p1a: Rotom|Volt Switch|p2a: Floette\n|-damage|p2a: Floette|68/100\n|\n|t:|1776100998\n|switch|p1a: Floette|Floette-Mega, L50, F|100/100|[from] Volt Switch\n|-ability|p1a: Floette|Fairy Aura\n|move|p2a: Floette|Draining Kiss|p1a: Floette\n|-damage|p1a: Floette|58/100\n|-heal|p2a: Floette|98/100|[from] drain|[of] p1a: Floette\n|\n|-damage|p2b: Sneasler|83/100 brn|[from] brn\n|upkeep\n|turn|5\n|\n|t:|1776101020\n|move|p1b: Aerodactyl|Wide Guard|p1b: Aerodactyl\n|-singleturn|p1b: Aerodactyl|Wide Guard\n|move|p2b: Sneasler|Close Combat|p1b: Aerodactyl\n|-damage|p1b: Aerodactyl|0 fnt\n|-unboost|p2b: Sneasler|def|1\n|-unboost|p2b: Sneasler|spd|1\n|faint|p1b: Aerodactyl\n|move|p1a: Floette|Dazzling Gleam|p2b: Sneasler|[spread] p2a,p2b\n|-damage|p2a: Floette|80/100\n|-damage|p2b: Sneasler|0 fnt\n|faint|p2b: Sneasler\n|move|p2a: Floette|Draining Kiss|p1a: Floette\n|-damage|p1a: Floette|18/100\n|-heal|p2a: Floette|100/100|[from] drain|[of] p1a: Floette\n|\n|upkeep\n|\n|t:|1776101031\n|switch|p1b: Rotom|Rotom-Wash, L50|52/100\n|switch|p2b: Basculegion|Basculegion, L50, M|100/100\n|turn|6\n|\n|t:|1776101038\n|move|p2b: Basculegion|Aqua Jet|p1a: Floette\n|-damage|p1a: Floette|0 fnt\n|faint|p1a: Floette\n|move|p1b: Rotom|Thunderbolt|p2b: Basculegion\n|-supereffective|p2b: Basculegion|1\n|-damage|p2b: Basculegion|17/100\n|-status|p2b: Basculegion|par\n|move|p2a: Floette|Draining Kiss|p1b: Rotom\n|-damage|p1b: Rotom|0 fnt\n|faint|p1b: Rotom\n|\n|win|walkemdownm0rt\n|raw|Tiaguinho Samba's rating: 1368 &rarr; <strong>1354</strong><br />(-14 for losing)\n|raw|walkemdownm0rt's rating: 1468 &rarr; <strong>1482</strong><br />(+14 for winning)\n|l|\u2606Tiaguinho Samba\n|player|p1|\n|l|\u2606walkemdownm0rt\n|player|p2|\n",
  "uploadtime": 1776101107,
  "views": 23,
  "formatid": "gen9championsvgc2026regma",
  "rating": 1354,
  "private": 0,
  "password": null
}