{
  "id": "gen9championsvgc2026regma-2589445275",
  "format": "[Gen 9 Champions] VGC 2026 Reg M-A",
  "players": [
    "macdregapult",
    "underlinegui"
  ],
  "log": "|j|\u2606macdregapult\n|j|\u2606underlinegui\n|t:|1776723569\n|gametype|doubles\n|player|p1|macdregapult|2|1410\n|player|p2|underlinegui|2|1515\n|gen|9\n|tier|[Gen 9 Champions] VGC 2026 Reg M-A\n|rated|\n|rule|Species Clause: Limit one of each Pok\u00e9mon\n|rule|Item Clause: Limit 1 of each item\n|clearpoke\n|poke|p1|Floette-Eternal, L50, F|\n|poke|p1|Kingambit, L50, F|\n|poke|p1|Whimsicott, L50, F|\n|poke|p1|Basculegion, L50, M|\n|poke|p1|Garchomp, L50, F|\n|poke|p1|Delphox, L50, F|\n|poke|p2|Meganium, L50, F, shiny|\n|poke|p2|Sableye, L50, M, shiny|\n|poke|p2|Archaludon, L50, F|\n|poke|p2|Basculegion, L50, M|\n|poke|p2|Pelipper, L50, F|\n|poke|p2|Sneasler, L50, F|\n|teampreview|4\n|inactive|Battle timer is ON: inactive players will automatically lose when time's up. (requested by underlinegui)\n|inactive|macdregapult also wants the timer to be on.\n|inactive|underlinegui has 60 seconds left.\n|inactive|underlinegui has 30 seconds left.\n|inactive|underlinegui has 20 seconds left.\n|inactive|underlinegui has 15 seconds left.\n|inactive|underlinegui has 10 seconds left.\n|inactive|underlinegui has 5 seconds left.\n|\n|t:|1776723657\n|teamsize|p1|4\n|teamsize|p2|4\n|start\n|switch|p1a: Floette|Floette-Eternal, L50, F|100/100\n|switch|p1b: Basculegion|Basculegion, L50, M|100/100\n|switch|p2a: Sneasler|Sneasler, L50, F|100/100\n|switch|p2b: Basculegion|Basculegion, L50, M|100/100\n|turn|1\n|inactive|macdregapult has 30 seconds left.\n|inactive|underlinegui has 30 seconds left.\n|inactive|underlinegui has 20 seconds left.\n|\n|t:|1776723695\n|switch|p1a: Kingambit|Kingambit, L50, F|100/100\n|move|p2b: Basculegion|Last Respects|p1b: Basculegion\n|-supereffective|p1b: Basculegion|1\n|-damage|p1b: Basculegion|18/100\n|move|p1b: Basculegion|Wave Crash|p2a: Sneasler\n|-damage|p2a: Sneasler|0 fnt\n|faint|p2a: Sneasler\n|-damage|p1b: Basculegion|0 fnt|[from] Recoil\n|faint|p1b: Basculegion\n|\n|upkeep\n|\n|t:|1776723714\n|switch|p2a: Mega^2nium|Meganium, L50, F, shiny|100/100\n|switch|p1b: Floette|Floette-Eternal, L50, F|100/100\n|turn|2\n|inactive|underlinegui has 30 seconds left.\n|inactive|underlinegui has 20 seconds left.\n|inactive|underlinegui has 15 seconds left.\n|\n|t:|1776723755\n|detailschange|p1b: Floette|Floette-Mega, L50, F\n|-mega|p1b: Floette|Floette|Floettite\n|-ability|p1b: Floette|Fairy Aura\n|detailschange|p2a: Mega^2nium|Meganium-Mega, L50, F, shiny\n|-mega|p2a: Mega^2nium|Meganium|Meganiumite\n|move|p1a: Kingambit|Sucker Punch|p2b: Basculegion\n|-supereffective|p2b: Basculegion|1\n|-damage|p2b: Basculegion|0 fnt\n|faint|p2b: Basculegion\n|move|p1b: Floette|Calm Mind|p1b: Floette\n|-boost|p1b: Floette|spa|1\n|-boost|p1b: Floette|spd|1\n|move|p2a: Mega^2nium|Weather Ball|p1a: Kingambit\n|-supereffective|p1a: Kingambit|1\n|-crit|p1a: Kingambit\n|-damage|p1a: Kingambit|0 fnt\n|faint|p1a: Kingambit\n|\n|upkeep\n|\n|t:|1776723769\n|switch|p2b: Pelipper|Pelipper, L50, F|100/100\n|switch|p1a: Garchomp|Garchomp, L50, F|100/100\n|-weather|RainDance|[from] ability: Drizzle|[of] p2b: Pelipper\n|turn|3\n|inactive|macdregapult has 30 seconds left.\n|inactive|macdregapult has 20 seconds left.\n|inactive|macdregapult has 15 seconds left.\n|inactive|macdregapult has 10 seconds left.\n|\n|t:|1776723815\n|move|p2b: Pelipper|Protect|p2b: Pelipper\n|-singleturn|p2b: Pelipper|Protect\n|move|p1a: Garchomp|Rock Slide|p2b: Pelipper|[spread] p2a\n|-activate|p2b: Pelipper|move: Protect\n|-damage|p2a: Mega^2nium|85/100\n|move|p1b: Floette|Moonblast|p2b: Pelipper\n|-activate|p2b: Pelipper|move: Protect\n|move|p2a: Mega^2nium|Dazzling Gleam|p1b: Floette|[spread] p1a,p1b\n|-supereffective|p1a: Garchomp|1\n|-damage|p1a: Garchomp|0 fnt\n|-damage|p1b: Floette|71/100\n|faint|p1a: Garchomp\n|\n|-weather|RainDance|[upkeep]\n|upkeep\n|turn|4\n|\n|t:|1776723836\n|move|p2a: Mega^2nium|Protect|p2a: Mega^2nium\n|-singleturn|p2a: Mega^2nium|Protect\n|move|p1b: Floette|Moonblast|p2a: Mega^2nium\n|-activate|p2a: Mega^2nium|move: Protect\n|move|p2b: Pelipper|Tailwind|p2b: Pelipper\n|-sidestart|p2: underlinegui|move: Tailwind\n|\n|-weather|RainDance|[upkeep]\n|upkeep\n|turn|5\n|\n|t:|1776723849\n|move|p1b: Floette|Protect|p1b: Floette\n|-singleturn|p1b: Floette|Protect\n|move|p2b: Pelipper|Weather Ball|p1b: Floette\n|-activate|p1b: Floette|move: Protect\n|move|p2a: Mega^2nium|Solar Beam||[still]\n|-prepare|p2a: Mega^2nium|Solar Beam\n|-activate|p2a: Mega^2nium|ability: Mega Sol\n|-anim|p2a: Mega^2nium|Solar Beam|p1b: Floette\n|-activate|p1b: Floette|move: Protect\n|\n|-weather|RainDance|[upkeep]\n|upkeep\n|turn|6\n|\n|t:|1776723859\n|move|p2b: Pelipper|Weather Ball|p1b: Floette\n|-damage|p1b: Floette|33/100\n|move|p2a: Mega^2nium|Solar Beam||[still]\n|-prepare|p2a: Mega^2nium|Solar Beam\n|-activate|p2a: Mega^2nium|ability: Mega Sol\n|-anim|p2a: Mega^2nium|Solar Beam|p1b: Floette\n|-damage|p1b: Floette|0 fnt\n|faint|p1b: Floette\n|\n|win|underlinegui\n|raw|macdregapult's rating: 1410 &rarr; <strong>1396</strong><br />(-14 for losing)\n|raw|underlinegui's rating: 1515 &rarr; <strong>1529</strong><br />(+14 for winning)\n|l|\u2606macdregapult\n|player|p1|\n",
  "uploadtime": 1776723874,
  "views": 7,
  "formatid": "gen9championsvgc2026regma",
  "rating": 1396,
  "private": 0,
  "password": null
}