{
  "id": "gen9championsvgc2026regma-2582135136",
  "format": "[Gen 9 Champions] VGC 2026 Reg M-A",
  "players": [
    "eggtophat_real",
    "Zeroarck76"
  ],
  "log": "|j|\u2606eggtophat_real\n|j|\u2606Zeroarck76\n|t:|1776062515\n|gametype|doubles\n|player|p1|eggtophat_real|miku-ghost|1269\n|player|p2|Zeroarck76|petrel|1247\n|gen|9\n|tier|[Gen 9 Champions] VGC 2026 Reg M-A\n|rated|\n|rule|Species Clause: Limit one of each Pok\u00e9mon\n|rule|Item Clause: Limit 1 of each item\n|clearpoke\n|poke|p1|Tyranitar, L50, F|\n|poke|p1|Excadrill, L50, M|\n|poke|p1|Corviknight, L50, F|\n|poke|p1|Sneasler, L50, F|\n|poke|p1|Basculegion, L50, M|\n|poke|p1|Dragapult, L50, F|\n|poke|p2|Golurk, L50|\n|poke|p2|Hatterene, L50, F|\n|poke|p2|Torkoal, L50, M|\n|poke|p2|Gallade, L50, M|\n|poke|p2|Sinistcha, L50|\n|poke|p2|Incineroar, L50, M|\n|teampreview|4\n|inactive|Battle timer is ON: inactive players will automatically lose when time's up. (requested by eggtophat_real)\n|inactive|Zeroarck76 has 60 seconds left.\n|\n|t:|1776062569\n|teamsize|p1|4\n|teamsize|p2|4\n|start\n|switch|p1a: Corviknight|Corviknight, L50, F|100/100\n|switch|p1b: Sneasler|Sneasler, L50, F|100/100\n|switch|p2a: Golurk|Golurk, L50|100/100\n|switch|p2b: Sinistcha|Sinistcha, L50|100/100\n|turn|1\n|\n|t:|1776062584\n|detailschange|p2a: Golurk|Golurk-Mega, L50\n|-mega|p2a: Golurk|Golurk|Golurkite\n|move|p2a: Golurk|Protect|p2a: Golurk\n|-singleturn|p2a: Golurk|Protect\n|move|p1b: Sneasler|Coaching|p1a: Corviknight\n|-boost|p1a: Corviknight|atk|1\n|-boost|p1a: Corviknight|def|1\n|move|p1a: Corviknight|Bulk Up|p1a: Corviknight\n|-boost|p1a: Corviknight|atk|1\n|-boost|p1a: Corviknight|def|1\n|move|p2b: Sinistcha|Trick Room|p2b: Sinistcha\n|-fieldstart|move: Trick Room|[of] p2b: Sinistcha\n|\n|upkeep\n|turn|2\n|\n|t:|1776062606\n|move|p2a: Golurk|Thunder Punch|p1a: Corviknight\n|-supereffective|p1a: Corviknight|1\n|-damage|p1a: Corviknight|72/100\n|move|p1a: Corviknight|Brave Bird|p2a: Golurk\n|-damage|p2a: Golurk|27/100\n|-damage|p1a: Corviknight|47/100|[from] Recoil\n|move|p2b: Sinistcha|Matcha Gotcha|p1b: Sneasler|[spread] p1a,p1b\n|-resisted|p1a: Corviknight|2\n|-resisted|p1b: Sneasler|1\n|-damage|p1a: Corviknight|42/100\n|-damage|p1b: Sneasler|82/100\n|-status|p1a: Corviknight|brn\n|move|p1b: Sneasler|Coaching|p1a: Corviknight\n|-boost|p1a: Corviknight|atk|1\n|-boost|p1a: Corviknight|def|1\n|\n|-heal|p1a: Corviknight|48/100 brn|[from] item: Leftovers\n|-damage|p1a: Corviknight|42/100 brn|[from] brn\n|upkeep\n|turn|3\n|inactive|Zeroarck76 has 30 seconds left.\n|\n|t:|1776062634\n|move|p2a: Golurk|Protect|p2a: Golurk\n|-singleturn|p2a: Golurk|Protect\n|move|p1a: Corviknight|Roost|p1a: Corviknight\n|-heal|p1a: Corviknight|92/100 brn\n|-singleturn|p1a: Corviknight|move: Roost\n|move|p2b: Sinistcha|Matcha Gotcha|p1a: Corviknight|[spread] p1b\n|-miss|p2b: Sinistcha|p1a: Corviknight\n|-resisted|p1b: Sneasler|1\n|-damage|p1b: Sneasler|65/100\n|move|p1b: Sneasler|Coaching|p1a: Corviknight\n|-boost|p1a: Corviknight|atk|1\n|-boost|p1a: Corviknight|def|1\n|\n|-heal|p1a: Corviknight|98/100 brn|[from] item: Leftovers\n|-damage|p1a: Corviknight|92/100 brn|[from] brn\n|upkeep\n|turn|4\n|inactive|eggtophat_real has 30 seconds left.\n|inactive|Zeroarck76 has 30 seconds left.\n|\n|t:|1776062666\n|move|p1b: Sneasler|Protect|p1b: Sneasler\n|-singleturn|p1b: Sneasler|Protect\n|move|p2b: Sinistcha|Rage Powder|p2b: Sinistcha\n|-singleturn|p2b: Sinistcha|move: Rage Powder\n|move|p2a: Golurk|Thunder Punch|p1a: Corviknight\n|-supereffective|p1a: Corviknight|1\n|-damage|p1a: Corviknight|71/100 brn\n|move|p1a: Corviknight|Brave Bird|p2b: Sinistcha\n|-supereffective|p2b: Sinistcha|1\n|-damage|p2b: Sinistcha|0 fnt\n|faint|p2b: Sinistcha\n|-damage|p1a: Corviknight|43/100 brn|[from] Recoil\n|\n|-heal|p1a: Corviknight|49/100 brn|[from] item: Leftovers\n|-damage|p1a: Corviknight|43/100 brn|[from] brn\n|upkeep\n|\n|t:|1776062685\n|switch|p2b: Torkoal|Torkoal, L50, M|100/100\n|-weather|SunnyDay|[from] ability: Drought|[of] p2b: Torkoal\n|turn|5\n|\n|t:|1776062700\n|switch|p1a: Tyranitar|Tyranitar, L50, F, shiny|100/100\n|-weather|Sandstorm|[from] ability: Sand Stream|[of] p1a: Tyranitar\n|move|p1b: Sneasler|Protect||[still]\n|-fail|p1b: Sneasler\n|move|p2b: Torkoal|Eruption|p1a: Tyranitar|[spread] p1a,p1b\n|-resisted|p1a: Tyranitar|1\n|-damage|p1a: Tyranitar|89/100\n|-damage|p1b: Sneasler|0 fnt\n|faint|p1b: Sneasler\n|move|p2a: Golurk|Headlong Rush|p1a: Tyranitar\n|-supereffective|p1a: Tyranitar|1\n|-damage|p1a: Tyranitar|0 fnt\n|-unboost|p2a: Golurk|def|1\n|-unboost|p2a: Golurk|spd|1\n|faint|p1a: Tyranitar\n|\n|-weather|Sandstorm|[upkeep]\n|-damage|p2b: Torkoal|94/100|[from] Sandstorm\n|-fieldend|move: Trick Room\n|upkeep\n|\n|t:|1776062707\n|switch|p1b: Basculegion|Basculegion, L50, M|100/100\n|switch|p1a: Corviknight|Corviknight, L50, F|43/100 brn\n|turn|6\n|inactive|Zeroarck76 has 30 seconds left.\n|inactive|Zeroarck76 has 20 seconds left.\n|\n|t:|1776062745\n|move|p2a: Golurk|Protect|p2a: Golurk\n|-singleturn|p2a: Golurk|Protect\n|move|p2b: Torkoal|Protect|p2b: Torkoal\n|-singleturn|p2b: Torkoal|Protect\n|move|p1b: Basculegion|Wave Crash|p2b: Torkoal\n|-activate|p2b: Torkoal|move: Protect\n|move|p1a: Corviknight|Bulk Up|p1a: Corviknight\n|-boost|p1a: Corviknight|atk|1\n|-boost|p1a: Corviknight|def|1\n|\n|-weather|Sandstorm|[upkeep]\n|-damage|p1b: Basculegion|94/100|[from] Sandstorm\n|-damage|p2b: Torkoal|88/100|[from] Sandstorm\n|-heal|p1a: Corviknight|49/100 brn|[from] item: Leftovers\n|-damage|p1a: Corviknight|43/100 brn|[from] brn\n|upkeep\n|turn|7\n|\n|t:|1776062767\n|switch|p2b: Incineroar|Incineroar, L50, M|100/100\n|-ability|p2b: Incineroar|Intimidate|boost\n|-ability|p1a: Corviknight|Mirror Armor\n|-unboost|p2b: Incineroar|atk|1\n|-unboost|p1b: Basculegion|atk|1\n|move|p1b: Basculegion|Wave Crash|p2b: Incineroar\n|-supereffective|p2b: Incineroar|1\n|-damage|p2b: Incineroar|8/100\n|-damage|p1b: Basculegion|66/100|[from] Recoil\n|move|p1a: Corviknight|Brave Bird|p2a: Golurk\n|-damage|p2a: Golurk|0 fnt\n|faint|p2a: Golurk\n|-damage|p1a: Corviknight|34/100 brn|[from] Recoil\n|\n|-weather|Sandstorm|[upkeep]\n|-damage|p1b: Basculegion|60/100|[from] Sandstorm\n|-damage|p2b: Incineroar|2/100|[from] Sandstorm\n|-heal|p1a: Corviknight|40/100 brn|[from] item: Leftovers\n|-damage|p1a: Corviknight|34/100 brn|[from] brn\n|upkeep\n|\n|t:|1776062787\n|switch|p2a: Torkoal|Torkoal, L50, M|88/100\n|-weather|SunnyDay|[from] ability: Drought|[of] p2a: Torkoal\n|turn|8\n|inactive|Zeroarck76 has 30 seconds left.\n|inactive|Zeroarck76 has 20 seconds left.\n|inactive|Zeroarck76 has 15 seconds left.\n|inactive|Zeroarck76 has 10 seconds left.\n|\n|t:|1776062834\n|move|p2b: Incineroar|Fake Out|p1a: Corviknight\n|-resisted|p1a: Corviknight|1\n|-damage|p1a: Corviknight|31/100 brn\n|move|p1b: Basculegion|Wave Crash|p2b: Incineroar\n|-supereffective|p2b: Incineroar|1\n|-damage|p2b: Incineroar|0 fnt\n|faint|p2b: Incineroar\n|-damage|p1b: Basculegion|60/100|[from] Recoil\n|cant|p1a: Corviknight|flinch\n|move|p2a: Torkoal|Solar Beam||[still]\n|-prepare|p2a: Torkoal|Solar Beam\n|-anim|p2a: Torkoal|Solar Beam|p1b: Basculegion\n|-supereffective|p1b: Basculegion|1\n|-damage|p1b: Basculegion|0 fnt\n|faint|p1b: Basculegion\n|\n|-weather|SunnyDay|[upkeep]\n|-heal|p1a: Corviknight|37/100 brn|[from] item: Leftovers\n|-damage|p1a: Corviknight|31/100 brn|[from] brn\n|upkeep\n|turn|9\n|\n|t:|1776062856\n|move|p1a: Corviknight|Brave Bird|p2a: Torkoal\n|-damage|p2a: Torkoal|63/100\n|-damage|p1a: Corviknight|23/100 brn|[from] Recoil\n|move|p2a: Torkoal|Weather Ball|p1a: Corviknight\n|-supereffective|p1a: Corviknight|1\n|-damage|p1a: Corviknight|0 fnt\n|faint|p1a: Corviknight\n|\n|win|Zeroarck76\n|raw|eggtophat_real's rating: 1269 &rarr; <strong>1242</strong><br />(-27 for losing)\n|raw|Zeroarck76's rating: 1247 &rarr; <strong>1274</strong><br />(+27 for winning)\n|l|\u2606eggtophat_real\n|player|p1|\n",
  "uploadtime": 1776062870,
  "views": 39,
  "formatid": "gen9championsvgc2026regma",
  "rating": 1242,
  "private": 0,
  "password": null
}