{
  "id": "gen9championsvgc2026regma-2584253713",
  "format": "[Gen 9 Champions] VGC 2026 Reg M-A",
  "players": [
    "MegaArmarougeWhen",
    "xClickyx"
  ],
  "log": "|j|\u2606MegaArmarougeWhen\n|j|\u2606xClickyx\n|t:|1776243611\n|gametype|doubles\n|player|p1|MegaArmarougeWhen|101|1143\n|player|p2|xClickyx|guitarist-gen4|1139\n|gen|9\n|tier|[Gen 9 Champions] VGC 2026 Reg M-A\n|rated|\n|rule|Species Clause: Limit one of each Pok\u00e9mon\n|rule|Item Clause: Limit 1 of each item\n|clearpoke\n|poke|p1|Lucario, L50, F|\n|poke|p1|Arcanine, L50, F|\n|poke|p1|Rotom-Wash, L50|\n|poke|p1|Ninetales-Alola, L50, F|\n|poke|p1|Dragonite, L50, M|\n|poke|p1|Sinistcha, L50|\n|poke|p2|Sneasler, L50, M|\n|poke|p2|Incineroar, L50, M|\n|poke|p2|Sinistcha, L50|\n|poke|p2|Floette-Eternal, L50, F|\n|poke|p2|Basculegion, L50, M|\n|poke|p2|Pelipper, L50, F|\n|teampreview|4\n|inactive|Battle timer is ON: inactive players will automatically lose when time's up. (requested by xClickyx)\nxClickyx rejected open team sheets.\n|\n|t:|1776243643\n|teamsize|p1|4\n|teamsize|p2|4\n|start\n|switch|p1a: Rotom|Rotom-Wash, L50|100/100\n|switch|p1b: Dragonite|Dragonite, L50, M|100/100\n|switch|p2a: IFPS|Incineroar, L50, M|100/100\n|switch|p2b: Dr. Doom|Sneasler, L50, M|100/100\n|-ability|p2a: IFPS|Intimidate|boost\n|-unboost|p1a: Rotom|atk|1\n|-unboost|p1b: Dragonite|atk|1\n|turn|1\n|\n|t:|1776243659\n|move|p1a: Rotom|Protect|p1a: Rotom\n|-singleturn|p1a: Rotom|Protect\n|move|p1b: Dragonite|Protect|p1b: Dragonite\n|-singleturn|p1b: Dragonite|Protect\n|move|p2a: IFPS|Fake Out|p1b: Dragonite\n|-activate|p1b: Dragonite|move: Protect\n|move|p2b: Dr. Doom|Dire Claw|p1a: Rotom\n|-activate|p1a: Rotom|move: Protect\n|\n|upkeep\n|turn|2\n|\n|t:|1776243677\n|switch|p2b: Eleanor|Floette-Eternal, L50, F|100/100\n|move|p1a: Rotom|Volt Switch|p2b: Eleanor\n|-damage|p2b: Eleanor|78/100\n|\n|t:|1776243684\n|switch|p1a: Arcanine|Arcanine, L50, F|100/100|[from] Volt Switch\n|-ability|p1a: Arcanine|Intimidate|boost\n|-unboost|p2a: IFPS|atk|1\n|-unboost|p2b: Eleanor|atk|1\n|move|p1b: Dragonite|Tailwind|p1b: Dragonite\n|-sidestart|p1: MegaArmarougeWhen|move: Tailwind\n|move|p2a: IFPS|Parting Shot|p1b: Dragonite\n|-unboost|p1b: Dragonite|atk|1\n|-unboost|p1b: Dragonite|spa|1\n|\n|t:|1776243695\n|switch|p2a: Fich|Basculegion, L50, M|100/100|[from] Parting Shot\n|\n|upkeep\n|turn|3\n|\n|t:|1776243706\n|switch|p1b: Ninetales|Ninetales-Alola, L50, F|100/100\n|-weather|Snowscape|[from] ability: Snow Warning|[of] p1b: Ninetales\n|detailschange|p2b: Eleanor|Floette-Mega, L50, F\n|-mega|p2b: Eleanor|Floette|Floettite\n|-ability|p2b: Eleanor|Fairy Aura\n|move|p1a: Arcanine|Snarl|p2b: Eleanor|[spread] p2a,p2b\n|-supereffective|p2a: Fich|1\n|-resisted|p2b: Eleanor|1\n|-damage|p2a: Fich|81/100\n|-damage|p2b: Eleanor|74/100\n|-unboost|p2a: Fich|spa|1\n|-unboost|p2b: Eleanor|spa|1\n|move|p2a: Fich|Wave Crash|p1a: Arcanine\n|-supereffective|p1a: Arcanine|1\n|-damage|p1a: Arcanine|0 fnt\n|faint|p1a: Arcanine\n|-damage|p2a: Fich|48/100|[from] Recoil\n|move|p2b: Eleanor|Calm Mind|p2b: Eleanor\n|-boost|p2b: Eleanor|spa|1\n|-boost|p2b: Eleanor|spd|1\n|\n|-weather|Snowscape|[upkeep]\n|upkeep\n|\n|t:|1776243714\n|switch|p1a: Dragonite|Dragonite, L50, M|100/100\n|turn|4\n|\n|t:|1776243730\n|detailschange|p1a: Dragonite|Dragonite-Mega, L50, M\n|-mega|p1a: Dragonite|Dragonite|Dragoninite\n|move|p1b: Ninetales|Blizzard|p2a: Fich|[spread] p2a,p2b\n|-resisted|p2a: Fich|1\n|-damage|p2a: Fich|33/100\n|-damage|p2b: Eleanor|59/100\n|-status|p2a: Fich|frz\n|move|p1a: Dragonite|Hurricane|p2b: Eleanor|[miss]\n|-miss|p1a: Dragonite|p2b: Eleanor\n|cant|p2a: Fich|frz\n|move|p2b: Eleanor|Moonblast|p1a: Dragonite\n|-supereffective|p1a: Dragonite|1\n|-damage|p1a: Dragonite|34/100\n|\n|-weather|Snowscape|[upkeep]\n|upkeep\n|turn|5\n|\n|t:|1776243752\n|move|p1b: Ninetales|Moonblast|p2b: Eleanor\n|-damage|p2b: Eleanor|35/100\n|move|p1a: Dragonite|Hurricane|p2b: Eleanor\n|-damage|p2b: Eleanor|2/100\n|cant|p2a: Fich|frz\n|move|p2b: Eleanor|Moonblast|p1a: Dragonite\n|-supereffective|p1a: Dragonite|1\n|-damage|p1a: Dragonite|0 fnt\n|faint|p1a: Dragonite\n|\n|-weather|Snowscape|[upkeep]\n|-sideend|p1: MegaArmarougeWhen|move: Tailwind\n|upkeep\n|\n|t:|1776243757\n|switch|p1a: Rotom|Rotom-Wash, L50|100/100\n|turn|6\n|\n|t:|1776243767\n|move|p2b: Eleanor|Protect|p2b: Eleanor\n|-singleturn|p2b: Eleanor|Protect\n|-curestatus|p2a: Fich|frz|[msg]\n|move|p2a: Fich|Wave Crash|p1b: Ninetales\n|-damage|p1b: Ninetales|47/100\n|-damage|p2a: Fich|17/100|[from] Recoil\n|move|p1b: Ninetales|Blizzard|p2a: Fich|[spread] p2a\n|-activate|p2b: Eleanor|move: Protect\n|-resisted|p2a: Fich|1\n|-damage|p2a: Fich|0 fnt\n|faint|p2a: Fich\n|move|p1a: Rotom|Thunderbolt|p2b: Eleanor\n|-activate|p2b: Eleanor|move: Protect\n|\n|-weather|Snowscape|[upkeep]\n|upkeep\n|\n|t:|1776243783\n|switch|p2a: Dr. Doom|Sneasler, L50, M|100/100\n|turn|7\n|\n|t:|1776243796\n|move|p1b: Ninetales|Protect|p1b: Ninetales\n|-singleturn|p1b: Ninetales|Protect\n|move|p1a: Rotom|Protect|p1a: Rotom\n|-singleturn|p1a: Rotom|Protect\n|move|p2a: Dr. Doom|Fake Out|p1b: Ninetales\n|-activate|p1b: Ninetales|move: Protect\n|move|p2b: Eleanor|Psychic|p1b: Ninetales\n|-activate|p1b: Ninetales|move: Protect\n|\n|-weather|none\n|upkeep\n|turn|8\n|\n|t:|1776243809\n|move|p2b: Eleanor|Protect|p2b: Eleanor\n|-singleturn|p2b: Eleanor|Protect\n|move|p2a: Dr. Doom|Dire Claw|p1b: Ninetales\n|-supereffective|p1b: Ninetales|1\n|-damage|p1b: Ninetales|0 fnt\n|faint|p1b: Ninetales\n|move|p1a: Rotom|Thunderbolt|p2b: Eleanor\n|-activate|p2b: Eleanor|move: Protect\n|\n|upkeep\n|turn|9\n|-message|MegaArmarougeWhen forfeited.\n|\n|win|xClickyx\n|raw|MegaArmarougeWhen's rating: 1143 &rarr; <strong>1118</strong><br />(-25 for losing)\n|raw|xClickyx's rating: 1139 &rarr; <strong>1164</strong><br />(+25 for winning)\n|l|\u2606MegaArmarougeWhen\n|player|p1|\n",
  "uploadtime": 1776243846,
  "views": 29,
  "formatid": "gen9championsvgc2026regma",
  "rating": 1118,
  "private": 0,
  "password": null
}