{
  "id": "gen9championsvgc2026regma-2588306586",
  "format": "[Gen 9 Champions] VGC 2026 Reg M-A",
  "players": [
    "Xeoniio",
    "yyssummer"
  ],
  "log": "|j|\u2606Xeoniio\n|j|\u2606yyssummer\n|t:|1776622718\n|gametype|doubles\n|player|p1|Xeoniio|265|1328\n|player|p2|yyssummer|101|1417\n|gen|9\n|tier|[Gen 9 Champions] VGC 2026 Reg M-A\n|rated|\n|rule|Species Clause: Limit one of each Pok\u00e9mon\n|rule|Item Clause: Limit 1 of each item\n|clearpoke\n|poke|p1|Incineroar, L50, M|\n|poke|p1|Hatterene, L50, F|\n|poke|p1|Farigiraf, L50, F|\n|poke|p1|Torkoal, L50, M|\n|poke|p1|Kingambit, L50, F|\n|poke|p1|Kangaskhan, L50, F|\n|poke|p2|Aerodactyl, L50, M, shiny|\n|poke|p2|Farigiraf, L50, F, shiny|\n|poke|p2|Sneasler, L50, M|\n|poke|p2|Meowscarada, L50, M|\n|poke|p2|Primarina, L50, M, shiny|\n|poke|p2|Camerupt, L50, M, shiny|\n|teampreview|4\n|\n|t:|1776622765\n|teamsize|p1|4\n|teamsize|p2|4\n|start\n|switch|p1a: Kangaskhan|Kangaskhan, L50, F|100/100\n|switch|p1b: Farigiraf|Farigiraf, L50, F|100/100\n|switch|p2a: Sneasler|Sneasler, L50, M|100/100\n|switch|p2b: Aerodactyl|Aerodactyl, L50, M, shiny|100/100\n|-ability|p2b: Aerodactyl|Unnerve\n|turn|1\n|\n|t:|1776622792\n|detailschange|p1a: Kangaskhan|Kangaskhan-Mega, L50, F\n|-mega|p1a: Kangaskhan|Kangaskhan|Kangaskhanite\n|move|p1a: Kangaskhan|Fake Out|p2a: Sneasler\n|-damage|p2a: Sneasler|62/100\n|-damage|p2a: Sneasler|53/100\n|-hitcount|p2a: Sneasler|2\n|cant|p2a: Sneasler|flinch\n|move|p2b: Aerodactyl|Rock Slide|p1a: Kangaskhan|[spread] p1a,p1b\n|-damage|p1a: Kangaskhan|82/100\n|-damage|p1b: Farigiraf|78/100\n|cant|p1b: Farigiraf|flinch\n|\n|upkeep\n|turn|2\n|\n|t:|1776622832\n|switch|p1a: Kingambit|Kingambit, L50, F|100/100\n|move|p2a: Sneasler|Dire Claw|p1a: Kingambit\n|-immune|p1a: Kingambit\n|move|p2b: Aerodactyl|Rock Slide|p1a: Kingambit|[spread] p1a,p1b\n|-resisted|p1a: Kingambit|1\n|-damage|p1a: Kingambit|91/100\n|-damage|p1b: Farigiraf|56/100\n|move|p1b: Farigiraf|Trick Room|p1b: Farigiraf\n|-fieldstart|move: Trick Room|[of] p1b: Farigiraf\n|\n|upkeep\n|turn|3\n|\n|t:|1776622861\n|move|p1a: Kingambit|Iron Head|p2a: Sneasler\n|-damage|p2a: Sneasler|0 fnt\n|faint|p2a: Sneasler\n|move|p1b: Farigiraf|Imprison|p1b: Farigiraf\n|-start|p1b: Farigiraf|move: Imprison\n|move|p2b: Aerodactyl|Dual Wingbeat|p1b: Farigiraf\n|-damage|p1b: Farigiraf|41/100\n|-damage|p1b: Farigiraf|25/100\n|-hitcount|p1b: Farigiraf|2\n|\n|upkeep\n|\n|t:|1776622873\n|switch|p2a: Camerupt|Camerupt, L50, M, shiny|100/100\n|turn|4\n|\n|t:|1776622892\n|switch|p2b: Farigiraf|Farigiraf, L50, F, shiny|100/100\n|-enditem|p1b: Farigiraf|Sitrus Berry|[eat]\n|-heal|p1b: Farigiraf|50/100|[from] item: Sitrus Berry\n|detailschange|p2a: Camerupt|Camerupt-Mega, L50, M, shiny\n|-mega|p2a: Camerupt|Camerupt|Cameruptite\n|move|p1a: Kingambit|Sucker Punch||[still]\n|cant|p2b: Farigiraf|ability: Armor Tail|Sucker Punch|[of] p1a: Kingambit\n|move|p2a: Camerupt|Eruption|p1b: Farigiraf|[spread] p1a,p1b\n|-supereffective|p1a: Kingambit|1\n|-damage|p1a: Kingambit|0 fnt\n|-damage|p1b: Farigiraf|0 fnt\n|faint|p1a: Kingambit\n|faint|p1b: Farigiraf\n|\n|upkeep\n|\n|t:|1776622905\n|switch|p1a: Kangaskhan|Kangaskhan-Mega, L50, F|82/100\n|switch|p1b: Torkoal|Torkoal, L50, M|100/100\n|-weather|SunnyDay|[from] ability: Drought|[of] p1b: Torkoal\n|turn|5\n|\n|t:|1776622932\n|move|p1b: Torkoal|Earth Power|p2a: Camerupt\n|-supereffective|p2a: Camerupt|1\n|-damage|p2a: Camerupt|46/100\n|move|p2a: Camerupt|Heat Wave|p1a: Kangaskhan|[spread] p1a,p1b\n|-resisted|p1b: Torkoal|1\n|-damage|p1a: Kangaskhan|8/100\n|-damage|p1b: Torkoal|45/100\n|move|p2b: Farigiraf|Psychic|p1a: Kangaskhan\n|-damage|p1a: Kangaskhan|0 fnt\n|faint|p1a: Kangaskhan\n|\n|-weather|SunnyDay|[upkeep]\n|upkeep\n|turn|6\n|-message|Xeoniio forfeited.\n|\n|win|yyssummer\n|raw|Xeoniio's rating: 1328 &rarr; <strong>1313</strong><br />(-15 for losing)\n|raw|yyssummer's rating: 1417 &rarr; <strong>1432</strong><br />(+15 for winning)\n|l|\u2606Xeoniio\n|player|p1|\n",
  "uploadtime": 1776622957,
  "views": 25,
  "formatid": "gen9championsvgc2026regma",
  "rating": 1313,
  "private": 0,
  "password": null
}