{
  "id": "gen9championsvgc2026regma-2580827605",
  "format": "[Gen 9 Champions] VGC 2026 Reg M-A",
  "players": [
    "Caserrr",
    "Jah_08"
  ],
  "log": "|j|\u2606Caserrr\n|j|\u2606Jah_08\n|t:|1775935737\n|gametype|doubles\n|player|p1|Caserrr|170|1085\n|player|p2|Jah_08|2|1040\n|gen|9\n|tier|[Gen 9 Champions] VGC 2026 Reg M-A\n|rated|\n|rule|Species Clause: Limit one of each Pok\u00e9mon\n|rule|Item Clause: Limit 1 of each item\n|clearpoke\n|poke|p1|Froslass, L50, F|\n|poke|p1|Orthworm, L50, M|\n|poke|p1|Incineroar, L50, M|\n|poke|p1|Garchomp, L50, F|\n|poke|p1|Rotom-Frost, L50|\n|poke|p1|Basculegion, L50, M|\n|poke|p2|Vanilluxe, L50, F|\n|poke|p2|Krookodile, L50, F|\n|poke|p2|Chandelure, L50, F|\n|poke|p2|Whimsicott, L50, F|\n|poke|p2|Conkeldurr, L50, M|\n|poke|p2|Zoroark-Hisui, L50, M|\n|teampreview|4\n|inactive|Battle timer is ON: inactive players will automatically lose when time's up. (requested by Caserrr)\n|inactive|Jah_08 has 60 seconds left.\n|\n|t:|1775935779\n|teamsize|p1|4\n|teamsize|p2|4\n|start\n|switch|p1a: Incineroar|Incineroar, L50, M|100/100\n|switch|p1b: Orthworm|Orthworm, L50, M|100/100\n|switch|p2a: Chandelure|Chandelure, L50, F|100/100\n|switch|p2b: Krookodile|Krookodile, L50, F|100/100\n|-ability|p1a: Incineroar|Intimidate|boost\n|-unboost|p2a: Chandelure|atk|1\n|-unboost|p2b: Krookodile|atk|1\n|turn|1\n|inactive|Jah_08 has 30 seconds left.\n|inactive|Jah_08 has 20 seconds left.\n|\n|t:|1775935817\n|move|p2a: Chandelure|Fire Blast|p1b: Orthworm|[miss]\n|-miss|p2a: Chandelure|p1b: Orthworm\n|move|p2b: Krookodile|Icy Wind|p1a: Incineroar|[spread] p1a,p1b\n|-resisted|p1a: Incineroar|1\n|-resisted|p1b: Orthworm|1\n|-damage|p1a: Incineroar|96/100\n|-damage|p1b: Orthworm|94/100\n|-unboost|p1a: Incineroar|spe|1\n|-unboost|p1b: Orthworm|spe|1\n|move|p1b: Orthworm|Shed Tail|p1b: Orthworm\n|-start|p1b: Orthworm|Substitute|[from] move: Shed Tail\n|-damage|p1b: Orthworm|43/100\n|-enditem|p1b: Orthworm|Sitrus Berry|[eat]\n|-heal|p1b: Orthworm|68/100|[from] item: Sitrus Berry\n|inactive|Caserrr has 30 seconds left.\n|inactive|Caserrr has 20 seconds left.\n|inactive|Caserrr has 15 seconds left.\n|inactive|Caserrr has 10 seconds left.\n|inactive|Caserrr has 5 seconds left.\n|\n|t:|1775935872\n|switch|p1b: Froslass|Froslass, L50, F|100/100|[from] Shed Tail\n|move|p1a: Incineroar|Parting Shot|p2a: Chandelure\n|-unboost|p2a: Chandelure|atk|1\n|-unboost|p2a: Chandelure|spa|1\n|inactive|Caserrr has 30 seconds left.\n|inactive|Caserrr has 20 seconds left.\n|inactive|Caserrr has 15 seconds left.\n|\n|t:|1775935916\n|switch|p1a: Rotom|Rotom-Frost, L50|100/100|[from] Parting Shot\n|\n|upkeep\n|turn|2\n|inactive|Jah_08 has 30 seconds left.\n|\n|t:|1775935943\n|detailschange|p1b: Froslass|Froslass-Mega, L50, F\n|-mega|p1b: Froslass|Froslass|Froslassite\n|-weather|Snowscape|[from] ability: Snow Warning|[of] p1b: Froslass\n|move|p1a: Rotom|Protect|p1a: Rotom\n|-singleturn|p1a: Rotom|Protect\n|move|p2a: Chandelure|Fire Blast|p1a: Rotom\n|-activate|p1a: Rotom|move: Protect\n|move|p1b: Froslass|Shadow Ball|p2a: Chandelure\n|-supereffective|p2a: Chandelure|1\n|-damage|p2a: Chandelure|0 fnt\n|faint|p2a: Chandelure\n|move|p2b: Krookodile|Bitter Malice|p1a: Rotom\n|-activate|p1a: Rotom|move: Protect\n|\n|-weather|Snowscape|[upkeep]\n|upkeep\n|\n|t:|1775935967\n|switch|p2a: Conkeldurr|Conkeldurr, L50, M|100/100\n|turn|3\n|inactive|Caserrr has 30 seconds left.\n|\n|t:|1775936000\n|move|p2a: Conkeldurr|Wide Guard|p2a: Conkeldurr\n|-singleturn|p2a: Conkeldurr|Wide Guard\n|move|p1b: Froslass|Blizzard|p2a: Conkeldurr|[spread] \n|-activate|p2a: Conkeldurr|move: Wide Guard\n|-activate|p2b: Krookodile|move: Wide Guard\n|move|p2b: Krookodile|Bitter Malice|p1b: Froslass\n|-supereffective|p1b: Froslass|1\n|-end|p1b: Froslass|Substitute\n|move|p1a: Rotom|Blizzard|p2b: Krookodile|[spread] \n|-activate|p2a: Conkeldurr|move: Wide Guard\n|-activate|p2b: Krookodile|move: Wide Guard\n|\n|-weather|Snowscape|[upkeep]\n|upkeep\n|turn|4\n|\n|t:|1775936023\n|move|p1b: Froslass|Blizzard|p2a: Conkeldurr|[spread] p2a,p2b\n|-damage|p2a: Conkeldurr|59/100\n|-damage|p2b: Krookodile|28/100\n|-status|p2a: Conkeldurr|frz\n|-enditem|p2a: Conkeldurr|Lum Berry|[eat]\n|-curestatus|p2a: Conkeldurr|frz|[msg]\n|replace|p2b: Zoroark|Zoroark-Hisui, L50, M\n|-end|p2b: Zoroark|Illusion\n|move|p2b: Zoroark|Bitter Malice|p1b: Froslass\n|-supereffective|p1b: Froslass|1\n|-damage|p1b: Froslass|0 fnt\n|faint|p1b: Froslass\n|move|p1a: Rotom|Blizzard|p2b: Zoroark|[spread] p2a,p2b\n|-damage|p2a: Conkeldurr|4/100\n|-damage|p2b: Zoroark|0 fnt\n|faint|p2b: Zoroark\n|move|p2a: Conkeldurr|Drain Punch|p1a: Rotom\n|-supereffective|p1a: Rotom|1\n|-damage|p1a: Rotom|20/100\n|-heal|p2a: Conkeldurr|33/100|[from] drain|[of] p1a: Rotom\n|\n|-weather|Snowscape|[upkeep]\n|upkeep\n|\n|t:|1775936048\n|switch|p1b: Incineroar|Incineroar, L50, M|96/100\n|switch|p2b: Krookodile|Krookodile, L50, F|100/100\n|-ability|p2b: Krookodile|Intimidate|boost\n|-unboost|p1a: Rotom|atk|1\n|-unboost|p1b: Incineroar|atk|1\n|-ability|p1b: Incineroar|Intimidate|boost\n|-unboost|p2a: Conkeldurr|atk|1\n|-unboost|p2b: Krookodile|atk|1\n|-enditem|p2b: Krookodile|White Herb\n|-clearnegativeboost|p2b: Krookodile|[silent]\n|turn|5\n|inactive|Caserrr has 30 seconds left.\n|inactive|Caserrr has 20 seconds left.\n|inactive|Caserrr has 15 seconds left.\n|inactive|Caserrr has 10 seconds left.\n|inactive|Caserrr has 5 seconds left.\n|\n|t:|1775936103\n|move|p2a: Conkeldurr|Mach Punch|p1a: Rotom\n|-supereffective|p1a: Rotom|1\n|-damage|p1a: Rotom|0 fnt\n|faint|p1a: Rotom\n|move|p2b: Krookodile|High Horsepower|p1b: Incineroar\n|-supereffective|p1b: Incineroar|1\n|-damage|p1b: Incineroar|11/100\n|move|p1b: Incineroar|Flare Blitz|p2b: Krookodile\n|-damage|p2b: Krookodile|60/100\n|-status|p2b: Krookodile|brn\n|-damage|p1b: Incineroar|0 fnt|[from] Recoil\n|faint|p1b: Incineroar\n|\n|-weather|Snowscape|[upkeep]\n|-damage|p2b: Krookodile|54/100 brn|[from] brn\n|upkeep\n|inactive|Caserrr has 30 seconds left.\n|inactive|Caserrr has 20 seconds left.\n|inactive|Caserrr has 15 seconds left.\n|inactive|Caserrr has 10 seconds left.\n|inactive|Caserrr has 5 seconds left.\n|\n|t:|1775936158\n|switch|p1a: Orthworm|Orthworm, L50, M|68/100\n|turn|6\n|inactive|Caserrr has 30 seconds left.\n|inactive|Jah_08 has 30 seconds left.\n|inactive|Caserrr has 20 seconds left.\n|inactive|Caserrr has 15 seconds left.\n|inactive|Caserrr has 10 seconds left.\n|inactive|Caserrr has 5 seconds left.\n|\n|t:|1775936213\n|move|p2a: Conkeldurr|Mach Punch|p1a: Orthworm\n|-supereffective|p1a: Orthworm|1\n|-damage|p1a: Orthworm|41/100\n|move|p2b: Krookodile|High Horsepower|p1a: Orthworm\n|-heal|p1a: Orthworm|66/100|[from] ability: Earth Eater|[of] p2b: Krookodile\n|move|p1a: Orthworm|Body Press|p2a: Conkeldurr\n|-damage|p2a: Conkeldurr|9/100\n|\n|-weather|none\n|-damage|p2b: Krookodile|48/100 brn|[from] brn\n|upkeep\n|turn|7\n|inactive|Caserrr has 30 seconds left.\n|inactive|Caserrr has 20 seconds left.\n|inactive|Caserrr has 15 seconds left.\n|inactive|Jah_08 has 30 seconds left.\n|inactive|Caserrr has 10 seconds left.\n|inactive|Caserrr has 5 seconds left.\n|inactive|Jah_08 has 20 seconds left.\n|\n|t:|1775936275\n|move|p2a: Conkeldurr|Mach Punch|p1a: Orthworm\n|-supereffective|p1a: Orthworm|1\n|-damage|p1a: Orthworm|34/100\n|move|p2b: Krookodile|Knock Off|p1a: Orthworm\n|-damage|p1a: Orthworm|23/100\n|move|p1a: Orthworm|Body Press|p2a: Conkeldurr\n|-damage|p2a: Conkeldurr|0 fnt\n|faint|p2a: Conkeldurr\n|\n|-damage|p2b: Krookodile|42/100 brn|[from] brn\n|upkeep\n|turn|8\n|inactive|Caserrr has 30 seconds left.\n|inactive|Caserrr has 20 seconds left.\n|inactive|Caserrr has 15 seconds left.\n|inactive|Caserrr has 10 seconds left.\n|inactive|Caserrr has 5 seconds left.\n|-message|Caserrr lost due to inactivity.\n|\n|win|Jah_08\n|raw|Caserrr's rating: 1061 &rarr; <strong>1041</strong><br />(-20 for losing)\n|raw|Jah_08's rating: 1040 &rarr; <strong>1076</strong><br />(+36 for winning)\n",
  "uploadtime": 1775936335,
  "views": 29,
  "formatid": "gen9championsvgc2026regma",
  "rating": 1041,
  "private": 0,
  "password": null
}