{
  "id": "gen9championsvgc2026regma-2587830889",
  "format": "[Gen 9 Champions] VGC 2026 Reg M-A",
  "players": [
    "aaradox",
    "MentalArtichoke1"
  ],
  "log": "|j|\u2606aaradox\n|j|\u2606MentalArtichoke1\n|t:|1776568444\n|gametype|doubles\n|player|p1|aaradox|veteran|\n|player|p2|MentalArtichoke1|skyla|\n|gen|9\n|tier|[Gen 9 Champions] VGC 2026 Reg M-A\n|rule|Species Clause: Limit one of each Pok\u00e9mon\n|rule|Item Clause: Limit 1 of each item\n|clearpoke\n|poke|p1|Crabominable, L50, M, shiny|\n|poke|p1|Slowking, L50, F|\n|poke|p1|Tsareena, L50, F|\n|poke|p1|Camerupt, L50, F, shiny|\n|poke|p1|Hatterene, L50, F, shiny|\n|poke|p1|Incineroar, L50, M|\n|poke|p2|Charizard, L50, F, shiny|\n|poke|p2|Venusaur, L50, M, shiny|\n|poke|p2|Garchomp, L50, M, shiny|\n|poke|p2|Rotom-Wash, L50, shiny|\n|poke|p2|Sneasler, L50, F, shiny|\n|poke|p2|Incineroar, L50, M, shiny|\n|teampreview|4\nMentalArtichoke1 rejected open team sheets.\n|\n|t:|1776568517\n|teamsize|p1|4\n|teamsize|p2|4\n|start\n|switch|p1a: Slowking|Slowking, L50, F|100/100\n|switch|p1b: Incineroar|Incineroar, L50, M|100/100\n|switch|p2a: Charizard|Charizard, L50, F, shiny|100/100\n|switch|p2b: Incineroar|Incineroar, L50, M, shiny|100/100\n|-ability|p1b: Incineroar|Intimidate|boost\n|-unboost|p2a: Charizard|atk|1\n|-unboost|p2b: Incineroar|atk|1\n|-ability|p2b: Incineroar|Intimidate|boost\n|-unboost|p1a: Slowking|atk|1\n|-unboost|p1b: Incineroar|atk|1\n|turn|1\n|\n|t:|1776568546\n|move|p2a: Charizard|Protect|p2a: Charizard\n|-singleturn|p2a: Charizard|Protect\n|move|p1b: Incineroar|Fake Out|p2a: Charizard\n|-activate|p2a: Charizard|move: Protect\n|move|p2b: Incineroar|Darkest Lariat|p1a: Slowking\n|-supereffective|p1a: Slowking|1\n|-enditem|p1a: Slowking|Colbur Berry|[eat]\n|-enditem|p1a: Slowking|Colbur Berry|[weaken]\n|-damage|p1a: Slowking|67/100\n|move|p1a: Slowking|Trick Room|p1a: Slowking\n|-fieldstart|move: Trick Room|[of] p1a: Slowking\n|\n|upkeep\n|turn|2\n|\n|t:|1776568570\n|detailschange|p2a: Charizard|Charizard-Mega-Y, L50, F, shiny\n|-mega|p2a: Charizard|Charizard|Charizardite Y\n|-weather|SunnyDay|[from] ability: Drought|[of] p2a: Charizard\n|-prepare|p1a: Slowking|Chilly Reception|[premajor]\n|move|p1a: Slowking|Chilly Reception|p1a: Slowking\n|-weather|Snowscape\n|\n|t:|1776568578\n|switch|p1a: Crabominable|Crabominable, L50, M, shiny|100/100|[from] Chilly Reception\n|move|p2b: Incineroar|Parting Shot|p1b: Incineroar\n|-unboost|p1b: Incineroar|atk|1\n|-unboost|p1b: Incineroar|spa|1\n|\n|t:|1776568593\n|switch|p2b: Venusaur|Venusaur, L50, M, shiny|100/100|[from] Parting Shot\n|move|p1b: Incineroar|Parting Shot|p2a: Charizard\n|-unboost|p2a: Charizard|atk|1\n|-unboost|p2a: Charizard|spa|1\n|\n|t:|1776568601\n|switch|p1b: Camerupt|Camerupt, L50, F, shiny|100/100|[from] Parting Shot\n|move|p2a: Charizard|Solar Beam||[still]\n|-prepare|p2a: Charizard|Solar Beam\n|\n|-weather|Snowscape|[upkeep]\n|upkeep\n|turn|3\n|\n|t:|1776568653\n|detailschange|p1a: Crabominable|Crabominable-Mega, L50, M, shiny\n|-mega|p1a: Crabominable|Crabominable|Crabominite\n|move|p1a: Crabominable|Thunder Punch|p2a: Charizard\n|-supereffective|p2a: Charizard|1\n|-damage|p2a: Charizard|0 fnt\n|faint|p2a: Charizard\n|move|p1b: Camerupt|Eruption|p2b: Venusaur\n|-supereffective|p2b: Venusaur|1\n|-enditem|p2b: Venusaur|Focus Sash\n|-damage|p2b: Venusaur|1/100\n|move|p2b: Venusaur|Sleep Powder|p1b: Camerupt|[miss]\n|-miss|p2b: Venusaur|p1b: Camerupt\n|\n|-weather|Snowscape|[upkeep]\n|upkeep\n|\n|t:|1776568665\n|switch|p2a: Incineroar|Incineroar, L50, M, shiny|100/100\n|-ability|p2a: Incineroar|Intimidate|boost\n|-unboost|p1a: Crabominable|atk|1\n|-unboost|p1b: Camerupt|atk|1\n|turn|4\n|\n|t:|1776568685\n|move|p2b: Venusaur|Protect|p2b: Venusaur\n|-singleturn|p2b: Venusaur|Protect\n|move|p2a: Incineroar|Fake Out|p1a: Crabominable\n|-damage|p1a: Crabominable|93/100\n|cant|p1a: Crabominable|flinch\n|move|p1b: Camerupt|Heat Wave|p2b: Venusaur|[spread] p2a\n|-activate|p2b: Venusaur|move: Protect\n|-resisted|p2a: Incineroar|1\n|-damage|p2a: Incineroar|84/100\n|\n|-weather|Snowscape|[upkeep]\n|upkeep\n|turn|5\n|\n|t:|1776568716\n|switch|p2b: Rotom|Rotom-Wash, L50, shiny|100/100\n|move|p1a: Crabominable|Close Combat|p2a: Incineroar\n|-supereffective|p2a: Incineroar|1\n|-damage|p2a: Incineroar|0 fnt\n|-unboost|p1a: Crabominable|def|1\n|-unboost|p1a: Crabominable|spd|1\n|faint|p2a: Incineroar\n|move|p1b: Camerupt|Heat Wave|p2b: Rotom\n|-resisted|p2b: Rotom|1\n|-damage|p2b: Rotom|74/100\n|\n|-weather|Snowscape|[upkeep]\n|-heal|p2b: Rotom|80/100|[from] item: Leftovers\n|-fieldend|move: Trick Room\n|upkeep\n|\n|t:|1776568728\n|switch|p2a: Venusaur|Venusaur, L50, M, shiny|1/100\n|turn|6\n|\n|t:|1776568747\n|switch|p1a: Incineroar|Incineroar, L50, M|100/100\n|-ability|p1a: Incineroar|Intimidate|boost\n|-unboost|p2a: Venusaur|atk|1\n|-unboost|p2b: Rotom|atk|1\n|move|p2a: Venusaur|Protect|p2a: Venusaur\n|-singleturn|p2a: Venusaur|Protect\n|move|p1b: Camerupt|Protect|p1b: Camerupt\n|-singleturn|p1b: Camerupt|Protect\n|move|p2b: Rotom|Thunderbolt|p1b: Camerupt\n|-activate|p1b: Camerupt|move: Protect\n|\n|-weather|none\n|-heal|p2b: Rotom|86/100|[from] item: Leftovers\n|upkeep\n|turn|7\n|\n|t:|1776568770\n|move|p1a: Incineroar|Fake Out|p2a: Venusaur\n|-damage|p2a: Venusaur|0 fnt\n|faint|p2a: Venusaur\n|move|p2b: Rotom|Hydro Pump|p1a: Incineroar|[miss]\n|-miss|p2b: Rotom|p1a: Incineroar\n|move|p1b: Camerupt|Eruption|p2b: Rotom\n|-resisted|p2b: Rotom|1\n|-damage|p2b: Rotom|48/100\n|\n|-heal|p2b: Rotom|53/100|[from] item: Leftovers\n|upkeep\n|turn|8\n|\n|t:|1776568783\n|move|p2b: Rotom|Hydro Pump|p1b: Camerupt\n|-supereffective|p1b: Camerupt|2\n|-damage|p1b: Camerupt|0 fnt\n|faint|p1b: Camerupt\n|move|p1a: Incineroar|Darkest Lariat|p2b: Rotom\n|-damage|p2b: Rotom|20/100\n|\n|-heal|p2b: Rotom|26/100|[from] item: Leftovers\n|upkeep\n|\n|t:|1776568787\n|switch|p1b: Crabominable|Crabominable-Mega, L50, M, shiny|93/100\n|turn|9\n|\n|t:|1776568797\n|move|p2b: Rotom|Hydro Pump|p1a: Incineroar|[miss]\n|-miss|p2b: Rotom|p1a: Incineroar\n|move|p1a: Incineroar|Darkest Lariat|p2b: Rotom\n|-damage|p2b: Rotom|0 fnt\n|faint|p2b: Rotom\n|\n|win|aaradox\n|l|\u2606MentalArtichoke1\n|player|p2|\n",
  "uploadtime": 1776568832,
  "views": 7,
  "formatid": "gen9championsvgc2026regma",
  "rating": null,
  "private": 0,
  "password": null
}