{
  "id": "gen9championsvgc2026regma-2583860169",
  "format": "[Gen 9 Champions] VGC 2026 Reg M-A",
  "players": [
    "Moon yell",
    "bookworm2818"
  ],
  "log": "|j|\u2606Moon yell\n|j|\u2606bookworm2818\n|t:|1776203368\n|gametype|doubles\n|player|p1|Moon yell|ash|1057\n|player|p2|bookworm2818|flannery|1034\n|gen|9\n|tier|[Gen 9 Champions] VGC 2026 Reg M-A\n|rated|\n|rule|Species Clause: Limit one of each Pok\u00e9mon\n|rule|Item Clause: Limit 1 of each item\n|clearpoke\n|poke|p1|Starmie, L50|\n|poke|p1|Pelipper, L50, M|\n|poke|p1|Dragonite, L50, M|\n|poke|p1|Sneasler, L50, F|\n|poke|p1|Archaludon, L50, M|\n|poke|p1|Maushold-Four, L50|\n|poke|p2|Aggron, L50, F|\n|poke|p2|Farigiraf, L50, M|\n|poke|p2|Sinistcha, L50|\n|poke|p2|Ninetales-Alola, L50, F|\n|poke|p2|Sneasler, L50, F|\n|poke|p2|Incineroar, L50, M|\n|teampreview|4\n|\n|t:|1776203388\n|teamsize|p1|4\n|teamsize|p2|4\n|start\n|switch|p1a: Pelipper|Pelipper, L50, M|100/100\n|switch|p1b: Sneasler|Sneasler, L50, F|100/100\n|switch|p2a: THE WALL|Aggron, L50, F|100/100\n|switch|p2b: Farigiraf|Farigiraf, L50, M|100/100\n|-weather|RainDance|[from] ability: Drizzle|[of] p1a: Pelipper\n|turn|1\n|\n|t:|1776203403\n|detailschange|p2a: THE WALL|Aggron-Mega, L50, F\n|-mega|p2a: THE WALL|Aggron|Aggronite\n|move|p1b: Sneasler|Taunt|p2b: Farigiraf\n|-start|p2b: Farigiraf|move: Taunt\n|move|p1a: Pelipper|Weather Ball|p2a: THE WALL\n|-damage|p2a: THE WALL|58/100\n|move|p2a: THE WALL|Iron Defense|p2a: THE WALL\n|-boost|p2a: THE WALL|def|2\n|cant|p2b: Farigiraf|move: Taunt|Trick Room\n|\n|-weather|RainDance|[upkeep]\n|upkeep\n|turn|2\n|\n|t:|1776203422\n|switch|p2b: Ninetales|Ninetales-Alola, L50, F|100/100\n|-weather|Snowscape|[from] ability: Snow Warning|[of] p2b: Ninetales\n|move|p1b: Sneasler|Close Combat|p2a: THE WALL\n|-supereffective|p2a: THE WALL|1\n|-damage|p2a: THE WALL|34/100\n|-unboost|p1b: Sneasler|def|1\n|-unboost|p1b: Sneasler|spd|1\n|-enditem|p1b: Sneasler|White Herb\n|-clearnegativeboost|p1b: Sneasler|[silent]\n|move|p1a: Pelipper|Hurricane|p2b: Ninetales|[miss]\n|-miss|p1a: Pelipper|p2b: Ninetales\n|move|p2a: THE WALL|Body Press|p1b: Sneasler\n|-resisted|p1b: Sneasler|1\n|-damage|p1b: Sneasler|31/100\n|\n|-weather|Snowscape|[upkeep]\n|upkeep\n|turn|3\n|inactive|Battle timer is ON: inactive players will automatically lose when time's up. (requested by bookworm2818)\n|\n|t:|1776203451\n|switch|p1a: Archaludon|Archaludon, L50, M|100/100\n|move|p1b: Sneasler|Protect|p1b: Sneasler\n|-singleturn|p1b: Sneasler|Protect\n|move|p2a: THE WALL|Protect|p2a: THE WALL\n|-singleturn|p2a: THE WALL|Protect\n|move|p2b: Ninetales|Aurora Veil|p2b: Ninetales\n|-sidestart|p2: bookworm2818|move: Aurora Veil\n|\n|-weather|Snowscape|[upkeep]\n|upkeep\n|turn|4\n|\n|t:|1776203481\n|switch|p1b: Pelipper|Pelipper, L50, M|100/100\n|-weather|RainDance|[from] ability: Drizzle|[of] p1b: Pelipper\n|move|p2b: Ninetales|Blizzard|p1b: Pelipper|[spread] \n|-miss|p2b: Ninetales|p1a: Archaludon\n|-miss|p2b: Ninetales|p1b: Pelipper\n|move|p1a: Archaludon|Flash Cannon|p2b: Ninetales\n|-supereffective|p2b: Ninetales|2\n|-enditem|p2b: Ninetales|Focus Sash\n|-damage|p2b: Ninetales|1/100\n|move|p2a: THE WALL|Body Press|p1a: Archaludon\n|-supereffective|p1a: Archaludon|1\n|-damage|p1a: Archaludon|0 fnt\n|faint|p1a: Archaludon\n|\n|-weather|RainDance|[upkeep]\n|upkeep\n|\n|t:|1776203495\n|switch|p1a: Sneasler|Sneasler, L50, F|31/100\n|turn|5\n|\n|t:|1776203510\n|move|p2b: Ninetales|Protect|p2b: Ninetales\n|-singleturn|p2b: Ninetales|Protect\n|move|p1a: Sneasler|Close Combat|p2a: THE WALL\n|-supereffective|p2a: THE WALL|1\n|-damage|p2a: THE WALL|19/100\n|-unboost|p1a: Sneasler|def|1\n|-unboost|p1a: Sneasler|spd|1\n|move|p1b: Pelipper|Weather Ball|p2b: Ninetales\n|-activate|p2b: Ninetales|move: Protect\n|move|p2a: THE WALL|Rock Slide|p1a: Sneasler|[spread] p1a,p1b\n|-resisted|p1a: Sneasler|1\n|-supereffective|p1b: Pelipper|1\n|-damage|p1a: Sneasler|10/100\n|-damage|p1b: Pelipper|75/100\n|\n|-weather|RainDance|[upkeep]\n|upkeep\n|turn|6\n|inactive|Moon yell has 30 seconds left.\n|\n|t:|1776203538\n|switch|p2b: Farigiraf|Farigiraf, L50, M|100/100\n|move|p2a: THE WALL|Protect|p2a: THE WALL\n|-singleturn|p2a: THE WALL|Protect\n|move|p1a: Sneasler|Close Combat|p2a: THE WALL\n|-activate|p2a: THE WALL|move: Protect\n|move|p1b: Pelipper|Weather Ball|p2a: THE WALL\n|-activate|p2a: THE WALL|move: Protect\n|\n|-weather|RainDance|[upkeep]\n|upkeep\n|turn|7\n|\n|t:|1776203560\n|move|p2b: Farigiraf|Helping Hand|p2a: THE WALL\n|-singleturn|p2a: THE WALL|Helping Hand|[of] p2b: Farigiraf\n|move|p1a: Sneasler|Taunt|p2b: Farigiraf\n|-start|p2b: Farigiraf|move: Taunt\n|move|p1b: Pelipper|Weather Ball|p2a: THE WALL\n|-damage|p2a: THE WALL|0 fnt\n|faint|p2a: THE WALL\n|\n|-weather|RainDance|[upkeep]\n|-sideend|p2: bookworm2818|move: Aurora Veil\n|upkeep\n|\n|t:|1776203572\n|switch|p2a: Sinistcha|Sinistcha, L50|100/100\n|turn|8\n|\n|t:|1776203583\n|move|p1a: Sneasler|Dire Claw|p2b: Farigiraf\n|-damage|p2b: Farigiraf|60/100\n|move|p2a: Sinistcha|Matcha Gotcha|p1b: Pelipper|[spread] p1a,p1b\n|-resisted|p1a: Sneasler|1\n|-damage|p1a: Sneasler|0 fnt\n|-damage|p1b: Pelipper|39/100\n|-status|p1b: Pelipper|brn\n|faint|p1a: Sneasler\n|move|p1b: Pelipper|Hurricane|p2a: Sinistcha\n|-supereffective|p2a: Sinistcha|1\n|-damage|p2a: Sinistcha|35/100\n|move|p2b: Farigiraf|Shadow Ball|p1b: Pelipper\n|-damage|p1b: Pelipper|9/100 brn\n|\n|-weather|none\n|-heal|p2a: Sinistcha|42/100|[from] item: Leftovers\n|-damage|p1b: Pelipper|3/100 brn|[from] brn\n|upkeep\n|\n|t:|1776203600\n|switch|p1a: Starmie|Starmie, L50|100/100\n|turn|9\n|\n|t:|1776203611\n|detailschange|p1a: Starmie|Starmie-Mega, L50\n|-mega|p1a: Starmie|Starmie|Starminite\n|move|p2a: Sinistcha|Rage Powder|p2a: Sinistcha\n|-singleturn|p2a: Sinistcha|move: Rage Powder\n|move|p1a: Starmie|Liquidation|p2a: Sinistcha\n|-resisted|p2a: Sinistcha|1\n|-damage|p2a: Sinistcha|13/100\n|move|p1b: Pelipper|Hurricane|p2a: Sinistcha\n|-supereffective|p2a: Sinistcha|1\n|-damage|p2a: Sinistcha|0 fnt\n|faint|p2a: Sinistcha\n|move|p2b: Farigiraf|Shadow Ball|p1a: Starmie\n|-supereffective|p1a: Starmie|1\n|-damage|p1a: Starmie|52/100\n|\n|-damage|p1b: Pelipper|0 fnt|[from] brn\n|faint|p1b: Pelipper\n|upkeep\n|\n|t:|1776203628\n|switch|p2a: Ninetales|Ninetales-Alola, L50, F|1/100\n|-weather|Snowscape|[from] ability: Snow Warning|[of] p2a: Ninetales\n|turn|10\n|\n|t:|1776203641\n|move|p1a: Starmie|Liquidation|p2b: Farigiraf\n|-damage|p2b: Farigiraf|0 fnt\n|faint|p2b: Farigiraf\n|move|p2a: Ninetales|Aurora Veil|p2a: Ninetales\n|-sidestart|p2: bookworm2818|move: Aurora Veil\n|\n|-weather|Snowscape|[upkeep]\n|upkeep\n|turn|11\n|\n|t:|1776203649\n|move|p2a: Ninetales|Protect|p2a: Ninetales\n|-singleturn|p2a: Ninetales|Protect\n|move|p1a: Starmie|Aqua Jet|p2a: Ninetales\n|-activate|p2a: Ninetales|move: Protect\n|\n|-weather|Snowscape|[upkeep]\n|upkeep\n|turn|12\n|c|\u2606Moon yell|gg\n|\n|t:|1776203657\n|move|p1a: Starmie|Aqua Jet|p2a: Ninetales\n|-damage|p2a: Ninetales|0 fnt\n|faint|p2a: Ninetales\n|\n|win|Moon yell\n|raw|Moon yell's rating: 1057 &rarr; <strong>1086</strong><br />(+29 for winning)\n|raw|bookworm2818's rating: 1034 &rarr; <strong>1020</strong><br />(-14 for losing)\n|l|\u2606bookworm2818\n|player|p2|\n",
  "uploadtime": 1776203662,
  "views": 21,
  "formatid": "gen9championsvgc2026regma",
  "rating": 1020,
  "private": 0,
  "password": null
}