{
  "id": "gen9championsvgc2026regma-2583236021",
  "format": "[Gen 9 Champions] VGC 2026 Reg M-A",
  "players": [
    "vilepo",
    "fjruklpd"
  ],
  "log": "|j|\u2606vilepo\n|j|\u203dfjruklpd\n|t:|1776157964\n|gametype|doubles\n|player|p1|vilepo|giovanni|1013\n|player|p2|fjruklpd|170|1048\n|gen|9\n|tier|[Gen 9 Champions] VGC 2026 Reg M-A\n|rated|\n|rule|Species Clause: Limit one of each Pok\u00e9mon\n|rule|Item Clause: Limit 1 of each item\n|clearpoke\n|poke|p1|Slurpuff, L50, F|\n|poke|p1|Gengar, L50, M|\n|poke|p1|Incineroar, L50, F|\n|poke|p1|Aerodactyl, L50, M|\n|poke|p1|Garchomp, L50, F|\n|poke|p1|Sinistcha, L50|\n|poke|p2|Aerodactyl, L50, F|\n|poke|p2|Incineroar, L50, M|\n|poke|p2|Floette-Eternal, L50, F|\n|poke|p2|Basculegion, L50, M|\n|poke|p2|Garchomp, L50, M|\n|poke|p2|Sneasler, L50, M|\n|teampreview|4\n|inactive|Battle timer is ON: inactive players will automatically lose when time's up. (requested by vilepo)\n|\n|t:|1776157990\n|teamsize|p1|4\n|teamsize|p2|4\n|start\n|switch|p1a: Slurpuff|Slurpuff, L50, F, shiny|100/100\n|switch|p1b: Incineroar|Incineroar, L50, F|100/100\n|switch|p2a: Aerodactyl|Aerodactyl, L50, F|100/100\n|switch|p2b: Garchomp|Garchomp, L50, M|100/100\n|-ability|p2a: Aerodactyl|Unnerve\n|-ability|p1b: Incineroar|Intimidate|boost\n|-unboost|p2a: Aerodactyl|atk|1\n|-unboost|p2b: Garchomp|atk|1\n|turn|1\n|\n|t:|1776158004\n|move|p1b: Incineroar|Fake Out|p2b: Garchomp\n|-damage|p2b: Garchomp|87/100\n|-damage|p1b: Incineroar|88/100|[from] ability: Rough Skin|[of] p2b: Garchomp\n|move|p2a: Aerodactyl|Rock Slide|p1b: Incineroar|[spread] p1a,p1b\n|-supereffective|p1b: Incineroar|1\n|-damage|p1a: Slurpuff|85/100\n|-damage|p1b: Incineroar|54/100\n|cant|p2b: Garchomp|flinch\n|move|p1a: Slurpuff|Cotton Guard|p1a: Slurpuff\n|-boost|p1a: Slurpuff|def|3\n|\n|upkeep\n|turn|2\n|\n|t:|1776158024\n|switch|p1b: Sinistcha|Sinistcha, L50|100/100\n|-heal|p1a: Slurpuff|100/100|[from] ability: Hospitality|[of] p1b: Sinistcha\n|move|p2a: Aerodactyl|Tailwind|p2a: Aerodactyl\n|-sidestart|p2: fjruklpd|move: Tailwind\n|move|p2b: Garchomp|Earthquake|p1a: Slurpuff|[spread] p1a,p1b\n|-immune|p2a: Aerodactyl\n|-resisted|p1b: Sinistcha|1\n|-damage|p1a: Slurpuff|90/100\n|-damage|p1b: Sinistcha|90/100\n|move|p1a: Slurpuff|Cotton Guard|p1a: Slurpuff\n|-boost|p1a: Slurpuff|def|3\n|\n|-heal|p1b: Sinistcha|96/100|[from] item: Leftovers\n|upkeep\n|turn|3\n|\n|t:|1776158044\n|switch|p2a: Floette|Floette-Eternal, L50, F|100/100\n|switch|p2b: Incineroar|Incineroar, L50, M|100/100\n|-ability|p2b: Incineroar|Intimidate|boost\n|-unboost|p1a: Slurpuff|atk|1\n|-unboost|p1b: Sinistcha|atk|1\n|switch|p1b: Incineroar|Incineroar, L50, F|54/100\n|-ability|p1b: Incineroar|Intimidate|boost\n|-unboost|p2a: Floette|atk|1\n|-unboost|p2b: Incineroar|atk|1\n|move|p1a: Slurpuff|Yawn|p2b: Incineroar\n|-start|p2b: Incineroar|move: Yawn|[of] p1a: Slurpuff\n|\n|upkeep\n|turn|4\n|\n|t:|1776158068\n|detailschange|p2a: Floette|Floette-Mega, L50, F\n|-mega|p2a: Floette|Floette|Floettite\n|-ability|p2a: Floette|Fairy Aura\n|move|p2b: Incineroar|Fake Out|p1b: Incineroar\n|-damage|p1b: Incineroar|46/100\n|cant|p1b: Incineroar|flinch\n|move|p2a: Floette|Moonblast|p1a: Slurpuff\n|-damage|p1a: Slurpuff|6/100\n|-enditem|p1a: Slurpuff|Sitrus Berry|[eat]\n|-heal|p1a: Slurpuff|30/100|[from] item: Sitrus Berry\n|move|p1a: Slurpuff|Amnesia|p1a: Slurpuff\n|-boost|p1a: Slurpuff|spd|2\n|\n|-end|p2b: Incineroar|move: Yawn|[silent]\n|-status|p2b: Incineroar|slp\n|upkeep\n|turn|5\n|inactive|vilepo has 30 seconds left.\n|inactive|fjruklpd has 30 seconds left.\n|\n|t:|1776158100\n|switch|p1b: Sinistcha|Sinistcha, L50|96/100\n|-heal|p1a: Slurpuff|55/100|[from] ability: Hospitality|[of] p1b: Sinistcha\n|move|p2a: Floette|Moonblast|p1a: Slurpuff\n|-damage|p1a: Slurpuff|11/100\n|move|p1a: Slurpuff|Amnesia|p1a: Slurpuff\n|-boost|p1a: Slurpuff|spd|2\n|cant|p2b: Incineroar|slp\n|\n|-heal|p1b: Sinistcha|100/100|[from] item: Leftovers\n|-sideend|p2: fjruklpd|move: Tailwind\n|upkeep\n|turn|6\n|\n|t:|1776158116\n|move|p1b: Sinistcha|Rage Powder|p1b: Sinistcha\n|-singleturn|p1b: Sinistcha|move: Rage Powder\n|move|p1a: Slurpuff|Wish|p1a: Slurpuff\n|move|p2a: Floette|Moonblast|p1b: Sinistcha\n|-damage|p1b: Sinistcha|7/100\n|cant|p2b: Incineroar|slp\n|\n|-heal|p1b: Sinistcha|13/100|[from] item: Leftovers\n|upkeep\n|turn|7\n|\n|t:|1776158128\n|-curestatus|p2b: Incineroar|slp|[msg]\n|move|p2b: Incineroar|Helping Hand|p2a: Floette\n|-singleturn|p2a: Floette|Helping Hand|[of] p2b: Incineroar\n|move|p1b: Sinistcha|Rage Powder|p1b: Sinistcha\n|-singleturn|p1b: Sinistcha|move: Rage Powder\n|move|p1a: Slurpuff|Yawn|p2a: Floette\n|-start|p2a: Floette|move: Yawn|[of] p1a: Slurpuff\n|move|p2a: Floette|Dazzling Gleam|p1b: Sinistcha|[spread] p1a,p1b\n|-damage|p1a: Slurpuff|0 fnt\n|-damage|p1b: Sinistcha|0 fnt\n|faint|p1a: Slurpuff\n|faint|p1b: Sinistcha\n|\n|upkeep\n|\n|t:|1776158143\n|switch|p1a: Gengar|Gengar, L50, M|100/100\n|switch|p1b: Incineroar|Incineroar, L50, F|46/100\n|-ability|p1b: Incineroar|Intimidate|boost\n|-unboost|p2a: Floette|atk|1\n|-unboost|p2b: Incineroar|atk|1\n|turn|8\n|\n|t:|1776158166\n|detailschange|p1a: Gengar|Gengar-Mega, L50, M\n|-mega|p1a: Gengar|Gengar|Gengarite\n|move|p1b: Incineroar|Fake Out|p2b: Incineroar\n|-damage|p2b: Incineroar|89/100\n|move|p1a: Gengar|Sludge Bomb|p2b: Incineroar\n|-damage|p2b: Incineroar|50/100\n|-enditem|p2b: Incineroar|Sitrus Berry|[eat]\n|-heal|p2b: Incineroar|74/100|[from] item: Sitrus Berry\n|move|p2a: Floette|Moonblast|p1b: Incineroar\n|-damage|p1b: Incineroar|0 fnt\n|faint|p1b: Incineroar\n|cant|p2b: Incineroar|flinch\n|\n|-end|p2a: Floette|move: Yawn|[silent]\n|-status|p2a: Floette|slp\n|upkeep\n|turn|9\n|\n|t:|1776158183\n|move|p1a: Gengar|Sludge Bomb|p2b: Incineroar\n|-damage|p2b: Incineroar|34/100\n|cant|p2a: Floette|slp\n|move|p2b: Incineroar|Parting Shot|p1a: Gengar\n|-unboost|p1a: Gengar|atk|1\n|-unboost|p1a: Gengar|spa|1\n|\n|t:|1776158190\n|switch|p2b: Aerodactyl|Aerodactyl, L50, F|100/100|[from] Parting Shot\n|-ability|p2b: Aerodactyl|Unnerve\n|\n|upkeep\n|turn|10\n|-message|vilepo forfeited.\n|\n|win|fjruklpd\n|raw|vilepo's rating: 1013 &rarr; <strong>1002</strong><br />(-11 for losing)\n|raw|fjruklpd's rating: 1048 &rarr; <strong>1078</strong><br />(+30 for winning)\n|l|\u2606vilepo\n|player|p1|\n",
  "uploadtime": 1776158194,
  "views": 24,
  "formatid": "gen9championsvgc2026regma",
  "rating": 1002,
  "private": 0,
  "password": null
}