{
  "id": "gen9championsvgc2026regma-2583981171",
  "format": "[Gen 9 Champions] VGC 2026 Reg M-A",
  "players": [
    "Whitt8237",
    "is0fey"
  ],
  "log": "|j|\u2606Whitt8237\n|j|\u2606is0fey\n|t:|1776213883\n|gametype|doubles\n|player|p1|Whitt8237|nate|1152\n|player|p2|is0fey|102|1234\n|gen|9\n|tier|[Gen 9 Champions] VGC 2026 Reg M-A\n|rated|\n|rule|Species Clause: Limit one of each Pok\u00e9mon\n|rule|Item Clause: Limit 1 of each item\n|clearpoke\n|poke|p1|Basculegion, L50, M|\n|poke|p1|Glimmora, L50, M|\n|poke|p1|Whimsicott, L50, F|\n|poke|p1|Mimikyu, L50, F|\n|poke|p1|Kingambit, L50, M|\n|poke|p1|Dragonite, L50, F|\n|poke|p2|Blastoise, L50, F|\n|poke|p2|Excadrill, L50, M|\n|poke|p2|Tyranitar, L50, M|\n|poke|p2|Typhlosion-Hisui, L50, F|\n|poke|p2|Sinistcha, L50|\n|poke|p2|Primarina, L50, M|\n|teampreview|4\n|c|\u2606is0fey|glhf!\n|c|\u2606Whitt8237|likewise!\n|\n|t:|1776213967\n|teamsize|p1|4\n|teamsize|p2|4\n|start\n|switch|p1a: Nobu|Kingambit, L50, M|100/100\n|switch|p1b: Herr Fisch|Basculegion, L50, M|100/100\n|switch|p2a: Excadrill|Excadrill, L50, M|100/100\n|switch|p2b: Tyranitar|Tyranitar, L50, M|100/100\n|-weather|Sandstorm|[from] ability: Sand Stream|[of] p2b: Tyranitar\n|turn|1\n|\n|t:|1776214003\n|detailschange|p2b: Tyranitar|Tyranitar-Mega, L50, M\n|-mega|p2b: Tyranitar|Tyranitar|Tyranitarite\n|move|p2a: Excadrill|High Horsepower|p1a: Nobu\n|-supereffective|p1a: Nobu|1\n|-damage|p1a: Nobu|24/100\n|move|p1b: Herr Fisch|Flip Turn|p2a: Excadrill\n|-supereffective|p2a: Excadrill|1\n|-enditem|p2a: Excadrill|Focus Sash\n|-damage|p2a: Excadrill|1/100\n|\n|t:|1776214015\n|switch|p1b: La Criatura|Mimikyu, L50, F|100/100|[from] Flip Turn\n|move|p2b: Tyranitar|Dragon Dance|p2b: Tyranitar\n|-boost|p2b: Tyranitar|atk|1\n|-boost|p2b: Tyranitar|spe|1\n|move|p1a: Nobu|Swords Dance|p1a: Nobu\n|-boost|p1a: Nobu|atk|2\n|\n|-weather|Sandstorm|[upkeep]\n|-damage|p1b: La Criatura|94/100|[from] Sandstorm\n|upkeep\n|turn|2\n|\n|t:|1776214036\n|move|p2a: Excadrill|Protect|p2a: Excadrill\n|-singleturn|p2a: Excadrill|Protect\n|move|p1a: Nobu|Sucker Punch||[still]\n|-fail|p1a: Nobu\n|move|p2b: Tyranitar|Rock Slide|p1a: Nobu|[spread] p1a,p1b\n|-resisted|p1a: Nobu|1\n|-damage|p1a: Nobu|10/100\n|-activate|p1b: La Criatura|ability: Disguise\n|-damage|p1b: La Criatura|94/100\n|detailschange|p1b: La Criatura|Mimikyu-Busted, L50, F\n|-damage|p1b: La Criatura|82/100|[from] pokemon: Mimikyu-Busted\n|move|p1b: La Criatura|Swords Dance|p1b: La Criatura\n|-boost|p1b: La Criatura|atk|2\n|\n|-weather|Sandstorm|[upkeep]\n|-damage|p1b: La Criatura|76/100|[from] Sandstorm\n|upkeep\n|turn|3\n|\n|t:|1776214074\n|move|p1a: Nobu|Sucker Punch|p2b: Tyranitar\n|-resisted|p2b: Tyranitar|1\n|-damage|p2b: Tyranitar|68/100\n|move|p2a: Excadrill|Rock Slide|p1a: Nobu|[spread] p1a,p1b\n|-resisted|p1a: Nobu|1\n|-damage|p1a: Nobu|1/100\n|-damage|p1b: La Criatura|46/100\n|move|p2b: Tyranitar|Rock Slide|p1a: Nobu|[spread] p1a,p1b\n|-resisted|p1a: Nobu|1\n|-damage|p1a: Nobu|0 fnt\n|-damage|p1b: La Criatura|0 fnt\n|faint|p1a: Nobu\n|faint|p1b: La Criatura\n|\n|-weather|Sandstorm|[upkeep]\n|upkeep\n|\n|t:|1776214088\n|switch|p1b: Caeruleo|Glimmora, L50, M|100/100\n|switch|p1a: Herr Fisch|Basculegion, L50, M|100/100\n|turn|4\n|\n|t:|1776214116\n|detailschange|p1b: Caeruleo|Glimmora-Mega, L50, M\n|-mega|p1b: Caeruleo|Glimmora|Glimmoranite\n|move|p1b: Caeruleo|Spiky Shield|p1b: Caeruleo\n|-singleturn|p1b: Caeruleo|move: Protect\n|move|p2a: Excadrill|High Horsepower|p1b: Caeruleo\n|-activate|p1b: Caeruleo|move: Protect\n|-damage|p2a: Excadrill|0 fnt|[from] Spiky Shield|[of] p1b: Caeruleo\n|faint|p2a: Excadrill\n|move|p1a: Herr Fisch|Wave Crash|p2b: Tyranitar\n|-supereffective|p2b: Tyranitar|1\n|-damage|p2b: Tyranitar|0 fnt\n|faint|p2b: Tyranitar\n|-damage|p1a: Herr Fisch|77/100|[from] Recoil\n|\n|-weather|Sandstorm|[upkeep]\n|-damage|p1a: Herr Fisch|71/100|[from] Sandstorm\n|upkeep\n|\n|t:|1776214138\n|switch|p2a: Sinistcha|Sinistcha, L50|100/100\n|switch|p2b: Primarina|Primarina, L50, M|100/100\n|turn|5\n|\n|t:|1776214158\n|move|p1a: Herr Fisch|Wave Crash|p2a: Sinistcha\n|-resisted|p2a: Sinistcha|1\n|-damage|p2a: Sinistcha|61/100\n|-damage|p1a: Herr Fisch|60/100|[from] Recoil\n|move|p1b: Caeruleo|Sludge Bomb|p2b: Primarina\n|-supereffective|p2b: Primarina|1\n|-damage|p2b: Primarina|0 fnt\n|faint|p2b: Primarina\n|move|p2a: Sinistcha|Shadow Ball|p1a: Herr Fisch\n|-supereffective|p1a: Herr Fisch|1\n|-damage|p1a: Herr Fisch|0 fnt\n|faint|p1a: Herr Fisch\n|\n|-weather|none\n|upkeep\n|turn|6\n|\n|t:|1776214176\n|move|p1b: Caeruleo|Sludge Bomb|p2a: Sinistcha\n|-damage|p2a: Sinistcha|0 fnt\n|faint|p2a: Sinistcha\n|\n|win|Whitt8237\n|raw|Whitt8237's rating: 1152 &rarr; <strong>1183</strong><br />(+31 for winning)\n|raw|is0fey's rating: 1234 &rarr; <strong>1203</strong><br />(-31 for losing)\n|l|\u2606is0fey\n|player|p2|\n|c|\u2606Whitt8237|gg!\n",
  "uploadtime": 1776214273,
  "views": 17,
  "formatid": "gen9championsvgc2026regma",
  "rating": 1183,
  "private": 0,
  "password": null
}