{
  "id": "gen9championsvgc2026regma-2583921101",
  "format": "[Gen 9 Champions] VGC 2026 Reg M-A",
  "players": [
    "lambjun",
    "Gaby Glytxii"
  ],
  "log": "|j|\u2606lambjun\n|j|\u2606Gaby Glytxii\n|t:|1776208469\n|gametype|doubles\n|player|p1|lambjun|cyclistf-gen4|1039\n|player|p2|Gaby Glytxii|2|1064\n|gen|9\n|tier|[Gen 9 Champions] VGC 2026 Reg M-A\n|rated|\n|rule|Species Clause: Limit one of each Pok\u00e9mon\n|rule|Item Clause: Limit 1 of each item\n|clearpoke\n|poke|p1|Charizard, L50, M|\n|poke|p1|Incineroar, L50, F|\n|poke|p1|Golurk, L50|\n|poke|p1|Torkoal, L50, F|\n|poke|p1|Maushold-Four, L50|\n|poke|p1|Oranguru, L50, F|\n|poke|p2|Tyranitar, L50, M|\n|poke|p2|Spiritomb, L50, M|\n|poke|p2|Goodra-Hisui, L50, F|\n|poke|p2|Hippowdon, L50, F|\n|poke|p2|Tsareena, L50, F|\n|poke|p2|Empoleon, L50, F|\n|teampreview|4\n|\n|t:|1776208506\n|teamsize|p1|4\n|teamsize|p2|4\n|start\n|switch|p1a: Golurk|Golurk, L50|100/100\n|switch|p1b: Oranguru|Oranguru, L50, F|100/100\n|switch|p2a: Tyranitar|Tyranitar, L50, M|100/100\n|switch|p2b: Hippowdon|Hippowdon, L50, F|100/100\n|-weather|Sandstorm|[from] ability: Sand Stream|[of] p2a: Tyranitar\n|turn|1\n|\n|t:|1776208528\n|switch|p1a: Torkoal|Torkoal, L50, F|100/100\n|-weather|SunnyDay|[from] ability: Drought|[of] p1a: Torkoal\n|move|p2a: Tyranitar|Protect|p2a: Tyranitar\n|-singleturn|p2a: Tyranitar|Protect\n|move|p2b: Hippowdon|Curse|p2b: Hippowdon\n|-unboost|p2b: Hippowdon|spe|1\n|-boost|p2b: Hippowdon|atk|1\n|-boost|p2b: Hippowdon|def|1\n|move|p1b: Oranguru|Trick Room|p1b: Oranguru\n|-fieldstart|move: Trick Room|[of] p1b: Oranguru\n|\n|-weather|SunnyDay|[upkeep]\n|upkeep\n|turn|2\n|\n|t:|1776208556\n|detailschange|p2a: Tyranitar|Tyranitar-Mega, L50, M\n|-mega|p2a: Tyranitar|Tyranitar|Tyranitarite\n|-weather|Sandstorm|[from] ability: Sand Stream|[of] p2a: Tyranitar\n|move|p1a: Torkoal|Eruption|p2b: Hippowdon|[spread] p2a,p2b\n|-resisted|p2a: Tyranitar|1\n|-damage|p2a: Tyranitar|86/100\n|-damage|p2b: Hippowdon|34/100\n|move|p2b: Hippowdon|Rock Slide|p1b: Oranguru|[spread] p1a,p1b\n|-supereffective|p1a: Torkoal|1\n|-damage|p1a: Torkoal|43/100\n|-damage|p1b: Oranguru|66/100\n|move|p1b: Oranguru|Instruct|p1a: Torkoal\n|-singleturn|p1a: Torkoal|move: Instruct|[of] p1b: Oranguru\n|cant|p1a: Torkoal|flinch\n|move|p2a: Tyranitar|Rock Slide|p1a: Torkoal|[spread] p1a,p1b\n|-supereffective|p1a: Torkoal|1\n|-damage|p1a: Torkoal|0 fnt\n|-damage|p1b: Oranguru|27/100\n|faint|p1a: Torkoal\n|\n|-weather|Sandstorm|[upkeep]\n|-damage|p1b: Oranguru|21/100|[from] Sandstorm\n|upkeep\n|\n|t:|1776208580\n|switch|p1a: Golurk|Golurk, L50|100/100\n|turn|3\n|\n|t:|1776208592\n|detailschange|p1a: Golurk|Golurk-Mega, L50\n|-mega|p1a: Golurk|Golurk|Golurkite\n|move|p2a: Tyranitar|Protect|p2a: Tyranitar\n|-singleturn|p2a: Tyranitar|Protect\n|move|p2b: Hippowdon|Earthquake|p1a: Golurk|[spread] p1a,p1b\n|-activate|p2a: Tyranitar|move: Protect\n|-damage|p1a: Golurk|31/100\n|-damage|p1b: Oranguru|0 fnt\n|faint|p1b: Oranguru\n|move|p1a: Golurk|Headlong Rush|p2a: Tyranitar\n|-supereffective|p2a: Tyranitar|1\n|-ability|p1a: Golurk|Unseen Fist\n|-zbroken|p2a: Tyranitar\n|-damage|p2a: Tyranitar|64/100\n|-unboost|p1a: Golurk|def|1\n|-unboost|p1a: Golurk|spd|1\n|\n|-weather|Sandstorm|[upkeep]\n|upkeep\n|\n|t:|1776208609\n|switch|p1b: Incineroar|Incineroar, L50, F|100/100\n|-ability|p1b: Incineroar|Intimidate|boost\n|-unboost|p2a: Tyranitar|atk|1\n|-unboost|p2b: Hippowdon|atk|1\n|turn|4\n|\n|t:|1776208622\n|switch|p2a: Tsareena|Tsareena, L50, F|100/100\n|move|p1b: Incineroar|Fake Out||[still]\n|cant|p2a: Tsareena|ability: Queenly Majesty|Fake Out|[of] p1b: Incineroar\n|move|p2b: Hippowdon|Earthquake|p1b: Incineroar|[spread] p2a,p1a,p1b\n|-resisted|p2a: Tsareena|1\n|-supereffective|p1b: Incineroar|1\n|-damage|p2a: Tsareena|75/100\n|-damage|p1a: Golurk|0 fnt\n|-damage|p1b: Incineroar|1/100\n|-enditem|p1b: Incineroar|Sitrus Berry|[eat]\n|-heal|p1b: Incineroar|26/100|[from] item: Sitrus Berry\n|faint|p1a: Golurk\n|\n|-weather|Sandstorm|[upkeep]\n|-damage|p1b: Incineroar|20/100|[from] Sandstorm\n|-damage|p2a: Tsareena|69/100|[from] Sandstorm\n|upkeep\n|turn|5\n|\n|t:|1776208641\n|move|p2a: Tsareena|Protect|p2a: Tsareena\n|-singleturn|p2a: Tsareena|Protect\n|move|p2b: Hippowdon|Earthquake|p1b: Incineroar|[spread] p1b\n|-activate|p2a: Tsareena|move: Protect\n|-supereffective|p1b: Incineroar|1\n|-damage|p1b: Incineroar|0 fnt\n|faint|p1b: Incineroar\n|\n|win|Gaby Glytxii\n|raw|lambjun's rating: 1039 &rarr; <strong>1024</strong><br />(-15 for losing)\n|raw|Gaby Glytxii's rating: 1064 &rarr; <strong>1092</strong><br />(+28 for winning)\n|l|\u2606lambjun\n|player|p1|\n",
  "uploadtime": 1776208754,
  "views": 15,
  "formatid": "gen9championsvgc2026regma",
  "rating": 1024,
  "private": 0,
  "password": null
}