{
  "id": "gen9championsvgc2026regma-2587521300",
  "format": "[Gen 9 Champions] VGC 2026 Reg M-A",
  "players": [
    "lukelby",
    "campeondelfitness"
  ],
  "log": "|j|\u2606lukelby\n|j|\u2606campeondelfitness\n|t:|1776538937\n|gametype|doubles\n|player|p1|lukelby|hiker-gen4|1168\n|player|p2|campeondelfitness|swimmer|1261\n|gen|9\n|tier|[Gen 9 Champions] VGC 2026 Reg M-A\n|rated|\n|rule|Species Clause: Limit one of each Pok\u00e9mon\n|rule|Item Clause: Limit 1 of each item\n|clearpoke\n|poke|p1|Ninetales-Alola, L50, F|\n|poke|p1|Crabominable, L50, F|\n|poke|p1|Incineroar, L50, M|\n|poke|p1|Farigiraf, L50, F|\n|poke|p1|Glimmora, L50, F|\n|poke|p1|Decidueye-Hisui, L50, M|\n|poke|p2|Tyranitar, L50, M|\n|poke|p2|Garchomp, L50, F|\n|poke|p2|Heliolisk, L50, M|\n|poke|p2|Rotom-Heat, L50|\n|poke|p2|Orthworm, L50, F|\n|poke|p2|Aerodactyl, L50, F|\n|teampreview|4\n|inactive|Battle timer is ON: inactive players will automatically lose when time's up. (requested by campeondelfitness)\ncampeondelfitness rejected open team sheets.\n|inactive|lukelby has 60 seconds left.\n|\n|t:|1776538975\n|teamsize|p1|4\n|teamsize|p2|4\n|start\n|switch|p1a: Broly|Crabominable, L50, F|100/100\n|switch|p1b: mimmer|Incineroar, L50, M|100/100\n|switch|p2a: Rotom|Rotom-Heat, L50|100/100\n|switch|p2b: Orthworm|Orthworm, L50, F|100/100\n|-ability|p1b: mimmer|Intimidate|boost\n|-unboost|p2a: Rotom|atk|1\n|-unboost|p2b: Orthworm|atk|1\n|turn|1\n|\n|t:|1776538997\n|move|p1b: mimmer|Fake Out|p2a: Rotom\n|-damage|p2a: Rotom|89/100\n|cant|p2a: Rotom|flinch\n|move|p2b: Orthworm|Iron Defense|p2b: Orthworm\n|-boost|p2b: Orthworm|def|2\n|move|p1a: Broly|Drain Punch|p2a: Rotom\n|-damage|p2a: Rotom|41/100\n|\n|upkeep\n|turn|2\n|\n|t:|1776539028\n|switch|p2a: Tyranitar|Tyranitar, L50, M|100/100\n|-weather|Sandstorm|[from] ability: Sand Stream|[of] p2a: Tyranitar\n|switch|p1a: nuh uh|Farigiraf, L50, F|100/100\n|move|p2b: Orthworm|Iron Defense|p2b: Orthworm\n|-boost|p2b: Orthworm|def|2\n|move|p1b: mimmer|Darkest Lariat|p2a: Tyranitar\n|-resisted|p2a: Tyranitar|1\n|-damage|p2a: Tyranitar|89/100\n|\n|-weather|Sandstorm|[upkeep]\n|-damage|p1b: mimmer|95/100|[from] Sandstorm\n|-damage|p1a: nuh uh|94/100|[from] Sandstorm\n|upkeep\n|turn|3\n|\n|t:|1776539046\n|move|p2b: Orthworm|Body Press|p1a: nuh uh\n|-damage|p1a: nuh uh|1/100\n|-enditem|p1a: nuh uh|Sitrus Berry|[eat]\n|-heal|p1a: nuh uh|26/100|[from] item: Sitrus Berry\n|move|p1b: mimmer|Will-O-Wisp|p2b: Orthworm\n|-status|p2b: Orthworm|brn\n|move|p2a: Tyranitar|Knock Off|p1a: nuh uh\n|-supereffective|p1a: nuh uh|1\n|-damage|p1a: nuh uh|0 fnt\n|faint|p1a: nuh uh\n|\n|-weather|Sandstorm|[upkeep]\n|-damage|p1b: mimmer|89/100|[from] Sandstorm\n|-damage|p2b: Orthworm|94/100 brn|[from] brn\n|upkeep\n|\n|t:|1776539056\n|switch|p1a: minnie|Ninetales-Alola, L50, F|100/100\n|-weather|Snowscape|[from] ability: Snow Warning|[of] p1a: minnie\n|turn|4\n|\n|t:|1776539069\n|switch|p2a: Rotom|Rotom-Heat, L50|41/100\n|move|p1a: minnie|Moonblast|p2a: Rotom\n|-resisted|p2a: Rotom|1\n|-damage|p2a: Rotom|27/100\n|move|p2b: Orthworm|Body Press|p1a: minnie\n|-damage|p1a: minnie|57/100\n|move|p1b: mimmer|Parting Shot|p2a: Rotom\n|-unboost|p2a: Rotom|atk|1\n|-unboost|p2a: Rotom|spa|1\n|\n|t:|1776539076\n|switch|p1b: Broly|Crabominable, L50, F|100/100|[from] Parting Shot\n|\n|-weather|Snowscape|[upkeep]\n|-heal|p2b: Orthworm|100/100 brn|[from] item: Leftovers\n|-damage|p2b: Orthworm|94/100 brn|[from] brn\n|upkeep\n|turn|5\n|inactive|lukelby has 30 seconds left.\n|\n|t:|1776539103\n|detailschange|p1b: Broly|Crabominable-Mega, L50, F\n|-mega|p1b: Broly|Crabominable|Crabominite\n|move|p1b: Broly|Mach Punch|p2a: Rotom\n|-damage|p2a: Rotom|0 fnt\n|faint|p2a: Rotom\n|move|p1a: minnie|Blizzard|p2b: Orthworm\n|-resisted|p2b: Orthworm|1\n|-damage|p2b: Orthworm|68/100 brn\n|move|p2b: Orthworm|Iron Defense|p2b: Orthworm\n|-boost|p2b: Orthworm|def|2\n|\n|-weather|Snowscape|[upkeep]\n|-heal|p2b: Orthworm|75/100 brn|[from] item: Leftovers\n|-damage|p2b: Orthworm|68/100 brn|[from] brn\n|upkeep\n|\n|t:|1776539116\n|switch|p2a: Tyranitar|Tyranitar, L50, M|89/100\n|-weather|Sandstorm|[from] ability: Sand Stream|[of] p2a: Tyranitar\n|turn|6\n|\n|t:|1776539128\n|move|p2a: Tyranitar|Protect|p2a: Tyranitar\n|-singleturn|p2a: Tyranitar|Protect\n|move|p1b: Broly|Protect|p1b: Broly\n|-singleturn|p1b: Broly|Protect\n|move|p1a: minnie|Howl|p1a: minnie|[spread] p1a,p1b\n|-boost|p1a: minnie|atk|1\n|-boost|p1b: Broly|atk|1\n|move|p2b: Orthworm|Body Press|p1b: Broly\n|-activate|p1b: Broly|move: Protect\n|\n|-weather|Sandstorm|[upkeep]\n|-damage|p1a: minnie|51/100|[from] Sandstorm\n|-damage|p1b: Broly|95/100|[from] Sandstorm\n|-heal|p2b: Orthworm|75/100 brn|[from] item: Leftovers\n|-damage|p2b: Orthworm|68/100 brn|[from] brn\n|upkeep\n|turn|7\n|\n|t:|1776539151\n|switch|p1a: mimmer|Incineroar, L50, M|89/100\n|-ability|p1a: mimmer|Intimidate|boost\n|-unboost|p2a: Tyranitar|atk|1\n|-unboost|p2b: Orthworm|atk|1\n|switch|p2a: Garchomp|Garchomp, L50, F|100/100\n|move|p1b: Broly|Mach Punch|p2a: Garchomp\n|-damage|p2a: Garchomp|52/100\n|move|p2b: Orthworm|Body Press|p1a: mimmer\n|-supereffective|p1a: mimmer|1\n|-enditem|p1a: mimmer|Chople Berry|[eat]\n|-enditem|p1a: mimmer|Chople Berry|[weaken]\n|-damage|p1a: mimmer|30/100\n|\n|-weather|Sandstorm|[upkeep]\n|-damage|p1a: mimmer|24/100|[from] Sandstorm\n|-damage|p1b: Broly|89/100|[from] Sandstorm\n|-heal|p2b: Orthworm|75/100 brn|[from] item: Leftovers\n|-damage|p2b: Orthworm|68/100 brn|[from] brn\n|upkeep\n|turn|8\n|inactive|campeondelfitness has 30 seconds left.\n|\n|t:|1776539178\n|detailschange|p2a: Garchomp|Garchomp-Mega, L50, F\n|-mega|p2a: Garchomp|Garchomp|Garchompite\n|move|p1a: mimmer|Fake Out|p2b: Orthworm\n|-resisted|p2b: Orthworm|1\n|-damage|p2b: Orthworm|68/100 brn\n|move|p2a: Garchomp|Earthquake|p1b: Broly|[spread] p1a,p1b\n|-heal|p2b: Orthworm|93/100 brn|[from] ability: Earth Eater|[of] p2a: Garchomp\n|-supereffective|p1a: mimmer|1\n|-damage|p1a: mimmer|0 fnt\n|-damage|p1b: Broly|41/100\n|faint|p1a: mimmer\n|cant|p2b: Orthworm|flinch\n|move|p1b: Broly|Drain Punch|p2b: Orthworm\n|-supereffective|p2b: Orthworm|1\n|-damage|p2b: Orthworm|68/100 brn\n|-heal|p1b: Broly|52/100|[from] drain|[of] p2b: Orthworm\n|\n|-weather|Sandstorm|[upkeep]\n|-damage|p1b: Broly|46/100|[from] Sandstorm\n|-heal|p2b: Orthworm|74/100 brn|[from] item: Leftovers\n|-damage|p2b: Orthworm|68/100 brn|[from] brn\n|upkeep\n|\n|t:|1776539190\n|switch|p1a: minnie|Ninetales-Alola, L50, F|51/100\n|-weather|Snowscape|[from] ability: Snow Warning|[of] p1a: minnie\n|turn|9\n|\n|t:|1776539204\n|switch|p2a: Tyranitar|Tyranitar, L50, M|89/100\n|-weather|Sandstorm|[from] ability: Sand Stream|[of] p2a: Tyranitar\n|move|p1a: minnie|Blizzard|p2a: Tyranitar|[spread] p2a,p2b\n|-resisted|p2b: Orthworm|1\n|-damage|p2a: Tyranitar|75/100\n|-damage|p2b: Orthworm|50/100 brn\n|move|p2b: Orthworm|Body Press|p1a: minnie\n|-damage|p1a: minnie|0 fnt\n|faint|p1a: minnie\n|move|p1b: Broly|Drain Punch|p2b: Orthworm\n|-supereffective|p2b: Orthworm|1\n|-damage|p2b: Orthworm|21/100 brn\n|-heal|p1b: Broly|58/100|[from] drain|[of] p2b: Orthworm\n|\n|-weather|Sandstorm|[upkeep]\n|-damage|p1b: Broly|52/100|[from] Sandstorm\n|-heal|p2b: Orthworm|28/100 brn|[from] item: Leftovers\n|-damage|p2b: Orthworm|21/100 brn|[from] brn\n|upkeep\n|turn|10\n|inactive|campeondelfitness has 30 seconds left.\n|\n|t:|1776539231\n|move|p2a: Tyranitar|Protect|p2a: Tyranitar\n|-singleturn|p2a: Tyranitar|Protect\n|move|p1b: Broly|Mach Punch|p2b: Orthworm\n|-supereffective|p2b: Orthworm|1\n|-damage|p2b: Orthworm|7/100 brn\n|move|p2b: Orthworm|Body Press|p1b: Broly\n|-supereffective|p1b: Broly|1\n|-damage|p1b: Broly|0 fnt\n|faint|p1b: Broly\n|\n|win|campeondelfitness\n|raw|lukelby's rating: 1168 &rarr; <strong>1150</strong><br />(-18 for losing)\n|raw|campeondelfitness's rating: 1261 &rarr; <strong>1279</strong><br />(+18 for winning)\n|l|\u2606lukelby\n|player|p1|\n",
  "uploadtime": 1776539464,
  "views": 16,
  "formatid": "gen9championsvgc2026regma",
  "rating": 1150,
  "private": 0,
  "password": null
}