{
  "id": "gen9championsvgc2026regma-2587822219",
  "format": "[Gen 9 Champions] VGC 2026 Reg M-A",
  "players": [
    "mangoat007",
    "TheNewMeliolizard"
  ],
  "log": "|j|\u2606mangoat007\n|j|\u2606TheNewMeliolizard\n|t:|1776567540\n|gametype|doubles\n|player|p1|mangoat007|scientistf|1445\n|player|p2|TheNewMeliolizard|larry|1462\n|gen|9\n|tier|[Gen 9 Champions] VGC 2026 Reg M-A\n|rated|\n|rule|Species Clause: Limit one of each Pok\u00e9mon\n|rule|Item Clause: Limit 1 of each item\n|clearpoke\n|poke|p1|Tyranitar, L50, M, shiny|\n|poke|p1|Gengar, L50, F, shiny|\n|poke|p1|Excadrill, L50, M, shiny|\n|poke|p1|Hydreigon, L50, M, shiny|\n|poke|p1|Incineroar, L50, M, shiny|\n|poke|p1|Corviknight, L50, M, shiny|\n|poke|p2|Aggron, L50, M, shiny|\n|poke|p2|Rotom-Wash, L50, shiny|\n|poke|p2|Sinistcha, L50, shiny|\n|poke|p2|Incineroar, L50, M, shiny|\n|poke|p2|Ninetales-Alola, L50, F, shiny|\n|poke|p2|Tyranitar, L50, F, shiny|\n|teampreview|4\n|inactive|Battle timer is ON: inactive players will automatically lose when time's up. (requested by mangoat007)\n|inactive|TheNewMeliolizard has 60 seconds left.\n|\n|t:|1776567609\n|teamsize|p1|4\n|teamsize|p2|4\n|start\n|switch|p1a: Tigris|Incineroar, L50, M, shiny|100/100\n|switch|p1b: Rodan|Corviknight, L50, M, shiny|100/100\n|switch|p2a: Aggron|Aggron, L50, M, shiny|100/100\n|switch|p2b: Incineroar|Incineroar, L50, M, shiny|100/100\n|-ability|p2b: Incineroar|Intimidate|boost\n|-unboost|p1a: Tigris|atk|1\n|-ability|p1b: Rodan|Mirror Armor\n|-unboost|p2b: Incineroar|atk|1\n|-ability|p1a: Tigris|Intimidate|boost\n|-unboost|p2a: Aggron|atk|1\n|-unboost|p2b: Incineroar|atk|1\n|turn|1\n|\n|t:|1776567627\n|detailschange|p2a: Aggron|Aggron-Mega, L50, M, shiny\n|-mega|p2a: Aggron|Aggron|Aggronite\n|move|p2b: Incineroar|Fake Out|p1b: Rodan\n|-resisted|p1b: Rodan|1\n|-damage|p1b: Rodan|99/100\n|move|p1a: Tigris|Fake Out|p2a: Aggron\n|-resisted|p2a: Aggron|1\n|-damage|p2a: Aggron|99/100\n|cant|p1b: Rodan|flinch\n|cant|p2a: Aggron|flinch\n|\n|-heal|p1b: Rodan|100/100|[from] item: Leftovers\n|upkeep\n|turn|2\n|\n|t:|1776567647\n|move|p1b: Rodan|Bulk Up|p1b: Rodan\n|-boost|p1b: Rodan|atk|1\n|-boost|p1b: Rodan|def|1\n|move|p2b: Incineroar|Flare Blitz|p1b: Rodan\n|-supereffective|p1b: Rodan|1\n|-damage|p1b: Rodan|77/100\n|-damage|p2b: Incineroar|93/100|[from] Recoil\n|move|p1a: Tigris|Parting Shot|p2a: Aggron\n|-unboost|p2a: Aggron|atk|1\n|-unboost|p2a: Aggron|spa|1\n|\n|t:|1776567665\n|switch|p1a: Biolante|Excadrill, L50, M, shiny|100/100|[from] Parting Shot\n|move|p2a: Aggron|Iron Defense|p2a: Aggron\n|-boost|p2a: Aggron|def|2\n|\n|-heal|p1b: Rodan|83/100|[from] item: Leftovers\n|upkeep\n|turn|3\n|\n|t:|1776567678\n|switch|p2b: Rotom|Rotom-Wash, L50, shiny|100/100\n|move|p1a: Biolante|Earthquake|p2a: Aggron|[spread] p2a\n|-immune|p1b: Rodan\n|-immune|p2b: Rotom|[from] ability: Levitate\n|-supereffective|p2a: Aggron|1\n|-damage|p2a: Aggron|83/100\n|move|p1b: Rodan|Bulk Up|p1b: Rodan\n|-boost|p1b: Rodan|atk|1\n|-boost|p1b: Rodan|def|1\n|move|p2a: Aggron|Iron Defense|p2a: Aggron\n|-boost|p2a: Aggron|def|2\n|\n|-heal|p1b: Rodan|89/100|[from] item: Leftovers\n|upkeep\n|turn|4\n|\n|t:|1776567699\n|move|p1a: Biolante|Rock Slide|p2a: Aggron|[spread] p2a,p2b\n|-resisted|p2a: Aggron|1\n|-damage|p2a: Aggron|81/100\n|-damage|p2b: Rotom|81/100\n|cant|p2b: Rotom|flinch\n|move|p1b: Rodan|Bulk Up|p1b: Rodan\n|-boost|p1b: Rodan|atk|1\n|-boost|p1b: Rodan|def|1\n|move|p2a: Aggron|Body Press|p1a: Biolante\n|-supereffective|p1a: Biolante|1\n|-crit|p1a: Biolante\n|-enditem|p1a: Biolante|Focus Sash\n|-damage|p1a: Biolante|1/100\n|\n|-heal|p2b: Rotom|87/100|[from] item: Leftovers\n|-heal|p1b: Rodan|95/100|[from] item: Leftovers\n|upkeep\n|turn|5\n|inactive|mangoat007 has 30 seconds left.\n|\n|t:|1776567726\n|move|p1a: Biolante|Protect|p1a: Biolante\n|-singleturn|p1a: Biolante|Protect\n|move|p2b: Rotom|Will-O-Wisp|p1b: Rodan\n|-status|p1b: Rodan|brn\n|move|p1b: Rodan|Brave Bird|p2b: Rotom\n|-resisted|p2b: Rotom|1\n|-damage|p2b: Rotom|64/100\n|-damage|p1b: Rodan|89/100 brn|[from] Recoil\n|move|p2a: Aggron|Body Press|p1a: Biolante\n|-activate|p1a: Biolante|move: Protect\n|\n|-heal|p2b: Rotom|70/100|[from] item: Leftovers\n|-heal|p1b: Rodan|95/100 brn|[from] item: Leftovers\n|-damage|p1b: Rodan|89/100 brn|[from] brn\n|upkeep\n|turn|6\n|\n|t:|1776567741\n|move|p1a: Biolante|Rock Slide|p2b: Rotom|[spread] p2a,p2b\n|-resisted|p2a: Aggron|1\n|-damage|p2a: Aggron|80/100\n|-damage|p2b: Rotom|50/100\n|move|p2b: Rotom|Volt Switch|p1b: Rodan\n|-supereffective|p1b: Rodan|1\n|-damage|p1b: Rodan|47/100 brn\n|\n|t:|1776567746\n|switch|p2b: Sinistcha|Sinistcha, L50, shiny|100/100|[from] Volt Switch\n|-heal|p2a: Aggron|100/100|[from] ability: Hospitality|[of] p2b: Sinistcha\n|move|p1b: Rodan|Bulk Up|p1b: Rodan\n|-boost|p1b: Rodan|atk|1\n|-boost|p1b: Rodan|def|1\n|cant|p2a: Aggron|flinch\n|\n|-heal|p1b: Rodan|53/100 brn|[from] item: Leftovers\n|-damage|p1b: Rodan|47/100 brn|[from] brn\n|upkeep\n|turn|7\n|\n|t:|1776567758\n|switch|p2b: Rotom|Rotom-Wash, L50, shiny|50/100\n|move|p1a: Biolante|Earthquake|p2a: Aggron|[spread] p2a\n|-immune|p1b: Rodan\n|-immune|p2b: Rotom|[from] ability: Levitate\n|-supereffective|p2a: Aggron|1\n|-damage|p2a: Aggron|90/100\n|move|p1b: Rodan|Body Press|p2a: Aggron\n|-supereffective|p2a: Aggron|1\n|-damage|p2a: Aggron|82/100\n|move|p2a: Aggron|Body Press|p1a: Biolante\n|-supereffective|p1a: Biolante|1\n|-damage|p1a: Biolante|0 fnt\n|faint|p1a: Biolante\n|\n|-heal|p2b: Rotom|56/100|[from] item: Leftovers\n|-heal|p1b: Rodan|53/100 brn|[from] item: Leftovers\n|-damage|p1b: Rodan|47/100 brn|[from] brn\n|upkeep\n|\n|t:|1776567769\n|switch|p1a: Tigris|Incineroar, L50, M, shiny|100/100\n|-ability|p1a: Tigris|Intimidate|boost\n|-unboost|p2a: Aggron|atk|1\n|-unboost|p2b: Rotom|atk|1\n|turn|8\n|\n|t:|1776567782\n|move|p1a: Tigris|Fake Out|p2b: Rotom\n|-damage|p2b: Rotom|45/100\n|cant|p2b: Rotom|flinch\n|move|p1b: Rodan|Body Press|p2a: Aggron\n|-supereffective|p2a: Aggron|1\n|-damage|p2a: Aggron|73/100\n|move|p2a: Aggron|Body Press|p1a: Tigris\n|-supereffective|p1a: Tigris|1\n|-damage|p1a: Tigris|0 fnt\n|faint|p1a: Tigris\n|\n|-heal|p2b: Rotom|50/100|[from] item: Leftovers\n|-heal|p1b: Rodan|53/100 brn|[from] item: Leftovers\n|-damage|p1b: Rodan|47/100 brn|[from] brn\n|upkeep\n|\n|t:|1776567792\n|switch|p1a: Gojira|Tyranitar, L50, M, shiny|100/100\n|-weather|Sandstorm|[from] ability: Sand Stream|[of] p1a: Gojira\n|turn|9\n|l|\u2606mangoat007\n|inactive|mangoat007 disconnected and has a minute to reconnect!\n|player|p1|\n|inactive|mangoat007 has 30 seconds left.\n|inactive|mangoat007 has 20 seconds left.\n|inactive|mangoat007 has 15 seconds left.\n|inactive|mangoat007 has 10 seconds left.\n|inactive|mangoat007 has 5 seconds left.\n|-message|mangoat007 lost due to inactivity.\n|\n|win|TheNewMeliolizard\n|raw|mangoat007's rating: 1445 &rarr; <strong>1426</strong><br />(-19 for losing)\n|raw|TheNewMeliolizard's rating: 1462 &rarr; <strong>1481</strong><br />(+19 for winning)\n|l|\u2606TheNewMeliolizard\n|player|p2|\n",
  "uploadtime": 1776567855,
  "views": 13,
  "formatid": "gen9championsvgc2026regma",
  "rating": 1426,
  "private": 0,
  "password": null
}