{
  "id": "gen9championsvgc2026regma-2588967304",
  "format": "[Gen 9 Champions] VGC 2026 Reg M-A",
  "players": [
    "tav18",
    "benjiapollo"
  ],
  "log": "|j|\u2606tav18\n|j|\u2606benjiapollo\n|t:|1776690241\n|gametype|doubles\n|player|p1|tav18|gentleman-gen4|1288\n|player|p2|benjiapollo|giovanni|1196\n|gen|9\n|tier|[Gen 9 Champions] VGC 2026 Reg M-A\n|rated|\n|rule|Species Clause: Limit one of each Pok\u00e9mon\n|rule|Item Clause: Limit 1 of each item\n|clearpoke\n|poke|p1|Espathra, L50, M|\n|poke|p1|Incineroar, L50, F|\n|poke|p1|Garchomp, L50, F|\n|poke|p1|Floette-Eternal, L50, F|\n|poke|p1|Milotic, L50, M|\n|poke|p1|Kangaskhan, L50, F|\n|poke|p2|Basculegion, L50, M|\n|poke|p2|Charizard, L50, M|\n|poke|p2|Kingambit, L50, M|\n|poke|p2|Sneasler, L50, F|\n|poke|p2|Venusaur, L50, M|\n|poke|p2|Talonflame, L50, F|\n|teampreview|4\n|inactive|Battle timer is ON: inactive players will automatically lose when time's up. (requested by benjiapollo)\n|\n|t:|1776690280\n|teamsize|p1|4\n|teamsize|p2|4\n|start\n|switch|p1a: Espathra|Espathra, L50, M|100/100\n|switch|p1b: Garchomp|Garchomp, L50, F|100/100\n|switch|p2a: Talonflame|Talonflame, L50, F|100/100\n|switch|p2b: Charizard|Charizard, L50, M|100/100\n|turn|1\n|\n|t:|1776690302\n|detailschange|p2b: Charizard|Charizard-Mega-X, L50, M\n|-mega|p2b: Charizard|Charizard|Charizardite X\n|move|p1a: Espathra|Protect|p1a: Espathra\n|-singleturn|p1a: Espathra|Protect\n|move|p2a: Talonflame|Tailwind|p2a: Talonflame\n|-sidestart|p2: benjiapollo|move: Tailwind\n|move|p2b: Charizard|Dragon Claw|p1b: Garchomp\n|-supereffective|p1b: Garchomp|1\n|-damage|p1b: Garchomp|0 fnt\n|-damage|p2b: Charizard|88/100|[from] ability: Rough Skin|[of] p1b: Garchomp\n|faint|p1b: Garchomp\n|\n|-ability|p1a: Espathra|Speed Boost|boost\n|-boost|p1a: Espathra|spe|1\n|upkeep\n|\n|t:|1776690326\n|switch|p1b: Floette|Floette-Eternal, L50, F|100/100\n|turn|2\n|\n|t:|1776690347\n|detailschange|p1b: Floette|Floette-Mega, L50, F\n|-mega|p1b: Floette|Floette|Floettite\n|-ability|p1b: Floette|Fairy Aura\n|move|p2a: Talonflame|Brave Bird|p1a: Espathra\n|-damage|p1a: Espathra|47/100\n|-damage|p2a: Talonflame|79/100|[from] Recoil\n|move|p2b: Charizard|Flare Blitz|p1b: Floette\n|-damage|p1b: Floette|13/100\n|-status|p1b: Floette|brn\n|-damage|p2b: Charizard|55/100|[from] Recoil\n|move|p1a: Espathra|Lumina Crash|p2a: Talonflame\n|-damage|p2a: Talonflame|30/100\n|-unboost|p2a: Talonflame|spd|2\n|move|p1b: Floette|Dazzling Gleam|p2a: Talonflame|[spread] p2a,p2b\n|-resisted|p2a: Talonflame|1\n|-damage|p2a: Talonflame|0 fnt\n|-damage|p2b: Charizard|0 fnt\n|faint|p2a: Talonflame\n|faint|p2b: Charizard\n|\n|-damage|p1b: Floette|7/100 brn|[from] brn\n|-ability|p1a: Espathra|Speed Boost|boost\n|-boost|p1a: Espathra|spe|1\n|upkeep\n|\n|t:|1776690368\n|switch|p2a: Sneasler|Sneasler, L50, F|100/100\n|switch|p2b: Basculegion|Basculegion, L50, M|100/100\n|turn|3\n|\n|t:|1776690390\n|move|p1a: Espathra|Protect|p1a: Espathra\n|-singleturn|p1a: Espathra|Protect\n|move|p1b: Floette|Protect|p1b: Floette\n|-singleturn|p1b: Floette|Protect\n|move|p2b: Basculegion|Aqua Jet|p1b: Floette\n|-activate|p1b: Floette|move: Protect\n|move|p2a: Sneasler|Dire Claw|p1a: Espathra\n|-activate|p1a: Espathra|move: Protect\n|\n|-damage|p1b: Floette|1/100 brn|[from] brn\n|-ability|p1a: Espathra|Speed Boost|boost\n|-boost|p1a: Espathra|spe|1\n|upkeep\n|turn|4\n|inactive|tav18 has 30 seconds left.\n|\n|t:|1776690417\n|move|p2b: Basculegion|Aqua Jet|p1b: Floette\n|-damage|p1b: Floette|0 fnt\n|faint|p1b: Floette\n|move|p2a: Sneasler|Dire Claw|p1a: Espathra\n|-damage|p1a: Espathra|4/100\n|move|p1a: Espathra|Baton Pass|p1a: Espathra\n|\n|t:|1776690426\n|switch|p1a: Milotic|Milotic, L50, M|100/100|[from] Baton Pass\n|\n|-sideend|p2: benjiapollo|move: Tailwind\n|upkeep\n|\n|t:|1776690432\n|switch|p1b: Espathra|Espathra, L50, M|4/100\n|turn|5\n|\n|t:|1776690441\n|move|p1b: Espathra|Protect|p1b: Espathra\n|-singleturn|p1b: Espathra|Protect\n|move|p2b: Basculegion|Aqua Jet|p1b: Espathra\n|-activate|p1b: Espathra|move: Protect\n|move|p1a: Milotic|Life Dew||[still]|[spread] p1a,p1b\n|-fail|p1a: Milotic|heal\n|-heal|p1b: Espathra|29/100\n|move|p2a: Sneasler|Dire Claw|p1a: Milotic\n|-damage|p1a: Milotic|58/100\n|\n|-heal|p1a: Milotic|64/100|[from] item: Leftovers\n|-ability|p1b: Espathra|Speed Boost|boost\n|-boost|p1b: Espathra|spe|1\n|upkeep\n|turn|6\n|inactive|tav18 has 30 seconds left.\n|\n|t:|1776690468\n|move|p2b: Basculegion|Aqua Jet|p1b: Espathra\n|-damage|p1b: Espathra|0 fnt\n|faint|p1b: Espathra\n|move|p1a: Milotic|Icy Wind|p2a: Sneasler|[spread] p2a,p2b\n|-resisted|p2b: Basculegion|1\n|-damage|p2a: Sneasler|85/100\n|-damage|p2b: Basculegion|94/100\n|-unboost|p2a: Sneasler|spe|1\n|-unboost|p2b: Basculegion|spe|1\n|-enditem|p2a: Sneasler|White Herb\n|-clearnegativeboost|p2a: Sneasler|[silent]\n|move|p2a: Sneasler|Close Combat|p1a: Milotic\n|-damage|p1a: Milotic|6/100\n|-unboost|p2a: Sneasler|def|1\n|-unboost|p2a: Sneasler|spd|1\n|\n|-heal|p1a: Milotic|12/100|[from] item: Leftovers\n|upkeep\n|turn|7\n|\n|t:|1776690489\n|move|p1a: Milotic|Protect|p1a: Milotic\n|-singleturn|p1a: Milotic|Protect\n|move|p2b: Basculegion|Aqua Jet|p1a: Milotic\n|-activate|p1a: Milotic|move: Protect\n|move|p2a: Sneasler|Dire Claw|p1a: Milotic\n|-activate|p1a: Milotic|move: Protect\n|\n|-heal|p1a: Milotic|18/100|[from] item: Leftovers\n|upkeep\n|turn|8\n|\n|t:|1776690504\n|move|p2b: Basculegion|Aqua Jet|p1a: Milotic\n|-resisted|p1a: Milotic|1\n|-damage|p1a: Milotic|5/100\n|move|p2a: Sneasler|Dire Claw|p1a: Milotic\n|-damage|p1a: Milotic|0 fnt\n|faint|p1a: Milotic\n|\n|win|benjiapollo\n|raw|tav18's rating: 1288 &rarr; <strong>1257</strong><br />(-31 for losing)\n|raw|benjiapollo's rating: 1196 &rarr; <strong>1227</strong><br />(+31 for winning)\n|l|\u2606tav18\n|player|p1|\n",
  "uploadtime": 1776690511,
  "views": 2,
  "formatid": "gen9championsvgc2026regma",
  "rating": 1227,
  "private": 0,
  "password": null
}