{
  "id": "gen9championsvgc2026regma-2588367018",
  "format": "[Gen 9 Champions] VGC 2026 Reg M-A",
  "players": [
    "fashoooo",
    "peryite27"
  ],
  "log": "|j|\u2606fashoooo\n|j|\u2606peryite27\n|t:|1776627608\n|gametype|doubles\n|player|p1|fashoooo|calaba|1136\n|player|p2|peryite27|102|1222\n|gen|9\n|tier|[Gen 9 Champions] VGC 2026 Reg M-A\n|rated|\n|rule|Species Clause: Limit one of each Pok\u00e9mon\n|rule|Item Clause: Limit 1 of each item\n|clearpoke\n|poke|p1|Blastoise, L50, M|\n|poke|p1|Talonflame, L50, M|\n|poke|p1|Sinistcha, L50|\n|poke|p1|Sneasler, L50, F|\n|poke|p1|Incineroar, L50, M|\n|poke|p1|Kingambit, L50, F|\n|poke|p2|Froslass, L50, F|\n|poke|p2|Incineroar, L50, F|\n|poke|p2|Orthworm, L50, M|\n|poke|p2|Garchomp, L50, F|\n|poke|p2|Basculegion, L50, M|\n|poke|p2|Rotom-Frost, L50|\n|teampreview|4\nperyite27 rejected open team sheets.\n|\n|t:|1776627667\n|teamsize|p1|4\n|teamsize|p2|4\n|start\n|switch|p1a: Talonflame|Talonflame, L50, M|100/100\n|switch|p1b: Incineroar|Incineroar, L50, M|100/100\n|switch|p2a: Froslass|Froslass, L50, F|100/100\n|switch|p2b: Rotom|Rotom-Frost, L50|100/100\n|-ability|p1b: Incineroar|Intimidate|boost\n|-unboost|p2a: Froslass|atk|1\n|-unboost|p2b: Rotom|atk|1\n|turn|1\n|\n|t:|1776627721\n|move|p2a: Froslass|Protect|p2a: Froslass\n|-singleturn|p2a: Froslass|Protect\n|move|p2b: Rotom|Protect|p2b: Rotom\n|-singleturn|p2b: Rotom|Protect\n|move|p1b: Incineroar|Fake Out|p2b: Rotom\n|-activate|p2b: Rotom|move: Protect\n|move|p1a: Talonflame|Tailwind|p1a: Talonflame\n|-sidestart|p1: fashoooo|move: Tailwind\n|\n|upkeep\n|turn|2\n|\n|t:|1776627740\n|switch|p1a: Kingambit|Kingambit, L50, F|100/100\n|switch|p2a: Garchomp|Garchomp, L50, F|100/100\n|move|p1b: Incineroar|Flare Blitz|p2b: Rotom\n|-supereffective|p2b: Rotom|1\n|-damage|p2b: Rotom|0 fnt\n|faint|p2b: Rotom\n|-damage|p1b: Incineroar|80/100|[from] Recoil\n|\n|upkeep\n|\n|t:|1776627754\n|switch|p2b: Froslass|Froslass, L50, F|100/100\n|turn|3\n|\n|t:|1776627769\n|switch|p1b: Talonflame|Talonflame, L50, M|100/100\n|move|p2b: Froslass|Protect|p2b: Froslass\n|-singleturn|p2b: Froslass|Protect\n|move|p1a: Kingambit|Protect|p1a: Kingambit\n|-singleturn|p1a: Kingambit|Protect\n|move|p2a: Garchomp|Earthquake|p1a: Kingambit|[spread] \n|-activate|p2b: Froslass|move: Protect\n|-activate|p1a: Kingambit|move: Protect\n|-immune|p1b: Talonflame\n|\n|upkeep\n|turn|4\n|\n|t:|1776627791\n|switch|p2b: Basculegion|Basculegion, L50, M|100/100\n|switch|p1a: Incineroar|Incineroar, L50, M|80/100\n|-ability|p1a: Incineroar|Intimidate|boost\n|-unboost|p2a: Garchomp|atk|1\n|-unboost|p2b: Basculegion|atk|1\n|move|p1b: Talonflame|Will-O-Wisp|p2a: Garchomp\n|-status|p2a: Garchomp|brn\n|move|p2a: Garchomp|Earthquake|p1a: Incineroar|[spread] p2b,p1a\n|-immune|p1b: Talonflame\n|-supereffective|p1a: Incineroar|1\n|-damage|p2b: Basculegion|83/100\n|-damage|p1a: Incineroar|61/100\n|\n|-damage|p2a: Garchomp|94/100 brn|[from] brn\n|-sideend|p1: fashoooo|move: Tailwind\n|upkeep\n|turn|5\n|\n|t:|1776627832\n|move|p2b: Basculegion|Wave Crash|p1a: Incineroar\n|-supereffective|p1a: Incineroar|1\n|-enditem|p1a: Incineroar|Passho Berry|[eat]\n|-enditem|p1a: Incineroar|Passho Berry|[weaken]\n|-damage|p1a: Incineroar|19/100\n|-damage|p2b: Basculegion|68/100|[from] Recoil\n|move|p1b: Talonflame|Tailwind|p1b: Talonflame\n|-sidestart|p1: fashoooo|move: Tailwind\n|move|p2a: Garchomp|Swords Dance|p2a: Garchomp\n|-boost|p2a: Garchomp|atk|2\n|move|p1a: Incineroar|Parting Shot|p2b: Basculegion\n|-unboost|p2b: Basculegion|atk|1\n|-unboost|p2b: Basculegion|spa|1\n|\n|t:|1776627842\n|switch|p1a: Kingambit|Kingambit, L50, F|100/100|[from] Parting Shot\n|\n|-damage|p2a: Garchomp|88/100 brn|[from] brn\n|upkeep\n|turn|6\n|\n|t:|1776627861\n|switch|p1b: Incineroar|Incineroar, L50, M|19/100\n|-ability|p1b: Incineroar|Intimidate|boost\n|-unboost|p2a: Garchomp|atk|1\n|-unboost|p2b: Basculegion|atk|1\n|move|p1a: Kingambit|Sucker Punch|p2b: Basculegion\n|-supereffective|p2b: Basculegion|1\n|-damage|p2b: Basculegion|0 fnt\n|faint|p2b: Basculegion\n|move|p2a: Garchomp|Earthquake|p1a: Kingambit|[spread] p1a,p1b\n|-supereffective|p1a: Kingambit|1\n|-supereffective|p1b: Incineroar|1\n|-damage|p1a: Kingambit|70/100\n|-damage|p1b: Incineroar|0 fnt\n|faint|p1b: Incineroar\n|\n|-damage|p2a: Garchomp|82/100 brn|[from] brn\n|upkeep\n|\n|t:|1776627877\n|switch|p2b: Froslass|Froslass, L50, F|100/100\n|switch|p1b: Blastoise|Blastoise, L50, M|100/100\n|turn|7\n|\n|t:|1776627896\n|detailschange|p1b: Blastoise|Blastoise-Mega, L50, M\n|-mega|p1b: Blastoise|Blastoise|Blastoisinite\n|move|p2b: Froslass|Protect|p2b: Froslass\n|-singleturn|p2b: Froslass|Protect\n|move|p2a: Garchomp|Protect|p2a: Garchomp\n|-singleturn|p2a: Garchomp|Protect\n|move|p1a: Kingambit|Sucker Punch||[still]\n|-fail|p1a: Kingambit\n|move|p1b: Blastoise|Water Spout|p2a: Garchomp|[spread] \n|-activate|p2a: Garchomp|move: Protect\n|-activate|p2b: Froslass|move: Protect\n|\n|-damage|p2a: Garchomp|76/100 brn|[from] brn\n|upkeep\n|turn|8\n|\n|t:|1776627917\n|detailschange|p2b: Froslass|Froslass-Mega, L50, F\n|-mega|p2b: Froslass|Froslass|Froslassite\n|-weather|Snowscape|[from] ability: Snow Warning|[of] p2b: Froslass\n|move|p1b: Blastoise|Dark Pulse|p2b: Froslass\n|-supereffective|p2b: Froslass|1\n|-damage|p2b: Froslass|0 fnt\n|faint|p2b: Froslass\n|move|p2a: Garchomp|Earthquake|p1b: Blastoise|[spread] p1a,p1b\n|-supereffective|p1a: Kingambit|1\n|-damage|p1a: Kingambit|43/100\n|-damage|p1b: Blastoise|83/100\n|move|p1a: Kingambit|Low Kick|p2a: Garchomp\n|-damage|p2a: Garchomp|50/100 brn\n|-damage|p1a: Kingambit|31/100|[from] ability: Rough Skin|[of] p2a: Garchomp\n|\n|-weather|Snowscape|[upkeep]\n|-damage|p2a: Garchomp|44/100 brn|[from] brn\n|-sideend|p1: fashoooo|move: Tailwind\n|upkeep\n|turn|9\n|\n|t:|1776627935\n|move|p1a: Kingambit|Sucker Punch|p2a: Garchomp\n|-damage|p2a: Garchomp|3/100 brn\n|-damage|p1a: Kingambit|19/100|[from] ability: Rough Skin|[of] p2a: Garchomp\n|move|p2a: Garchomp|Earthquake|p1a: Kingambit|[spread] p1a,p1b\n|-supereffective|p1a: Kingambit|1\n|-damage|p1a: Kingambit|0 fnt\n|-damage|p1b: Blastoise|65/100\n|faint|p1a: Kingambit\n|move|p1b: Blastoise|Dark Pulse|p2a: Garchomp\n|-crit|p2a: Garchomp\n|-damage|p2a: Garchomp|0 fnt\n|faint|p2a: Garchomp\n|\n|win|fashoooo\n|raw|fashoooo's rating: 1136 &rarr; <strong>1167</strong><br />(+31 for winning)\n|raw|peryite27's rating: 1222 &rarr; <strong>1191</strong><br />(-31 for losing)\n",
  "uploadtime": 1776627940,
  "views": 21,
  "formatid": "gen9championsvgc2026regma",
  "rating": 1167,
  "private": 0,
  "password": null
}