{
  "id": "gen9championsvgc2026regma-2583444121",
  "format": "[Gen 9 Champions] VGC 2026 Reg M-A",
  "players": [
    "Khungcanh",
    "gurbederbeste"
  ],
  "log": "|j|\u2606Khungcanh\n|j|\u2606gurbederbeste\n|t:|1776176045\n|gametype|doubles\n|player|p1|Khungcanh|serena-masters3|1213\n|player|p2|gurbederbeste|pryce|1235\n|gen|9\n|tier|[Gen 9 Champions] VGC 2026 Reg M-A\n|rated|\n|rule|Species Clause: Limit one of each Pok\u00e9mon\n|rule|Item Clause: Limit 1 of each item\n|clearpoke\n|poke|p1|Floette-Eternal, L50, F|\n|poke|p1|Incineroar, L50, M|\n|poke|p1|Sneasler, L50, F|\n|poke|p1|Kingambit, L50, M|\n|poke|p1|Garchomp, L50, M|\n|poke|p1|Delphox, L50, M|\n|poke|p2|Aggron, L50, M|\n|poke|p2|Sinistcha, L50|\n|poke|p2|Incineroar, L50, M|\n|poke|p2|Kleavor, L50, M|\n|poke|p2|Alakazam, L50, F|\n|poke|p2|Glimmora, L50, M|\n|teampreview|4\nKhungcanh has agreed to open team sheets.\n|inactive|Battle timer is ON: inactive players will automatically lose when time's up. (requested by Khungcanh)\ngurbederbeste rejected open team sheets.\n|inactive|gurbederbeste has 60 seconds left.\n|\n|t:|1776176094\n|teamsize|p1|4\n|teamsize|p2|4\n|start\n|switch|p1a: Garchomp|Garchomp, L50, M|100/100\n|switch|p1b: Delphox|Delphox, L50, M, shiny|100/100\n|switch|p2a: Aggron|Aggron, L50, M|100/100\n|switch|p2b: Glimmora|Glimmora, L50, M|100/100\n|turn|1\n|inactive|gurbederbeste has 30 seconds left.\n|\n|t:|1776176129\n|switch|p2a: Incineroar|Incineroar, L50, M|100/100\n|-ability|p2a: Incineroar|Intimidate|boost\n|-unboost|p1a: Garchomp|atk|1\n|-unboost|p1b: Delphox|atk|1\n|detailschange|p1b: Delphox|Delphox-Mega, L50, M, shiny\n|-mega|p1b: Delphox|Delphox|Delphoxite\n|move|p1b: Delphox|Psychic|p2b: Glimmora\n|-supereffective|p2b: Glimmora|1\n|-crit|p2b: Glimmora\n|-damage|p2b: Glimmora|0 fnt\n|faint|p2b: Glimmora\n|move|p1a: Garchomp|Earthquake|p2a: Incineroar|[spread] p2a\n|-immune|p1b: Delphox|[from] ability: Levitate\n|-supereffective|p2a: Incineroar|1\n|-enditem|p2a: Incineroar|Shuca Berry|[eat]\n|-enditem|p2a: Incineroar|Shuca Berry|[weaken]\n|-damage|p2a: Incineroar|78/100\n|\n|upkeep\n|\n|t:|1776176144\n|switch|p2b: Sinistcha|Sinistcha, L50|100/100\n|-heal|p2a: Incineroar|100/100|[from] ability: Hospitality|[of] p2b: Sinistcha\n|turn|2\n|\n|t:|1776176163\n|move|p1b: Delphox|Protect|p1b: Delphox\n|-singleturn|p1b: Delphox|Protect\n|move|p1a: Garchomp|Protect|p1a: Garchomp\n|-singleturn|p1a: Garchomp|Protect\n|move|p2a: Incineroar|Darkest Lariat|p1b: Delphox\n|-activate|p1b: Delphox|move: Protect\n|move|p2b: Sinistcha|Trick Room|p2b: Sinistcha\n|-fieldstart|move: Trick Room|[of] p2b: Sinistcha\n|\n|upkeep\n|turn|3\n|inactive|gurbederbeste has 30 seconds left.\n|\n|t:|1776176191\n|move|p2a: Incineroar|Darkest Lariat|p1a: Garchomp\n|-damage|p1a: Garchomp|73/100\n|-damage|p2a: Incineroar|88/100|[from] ability: Rough Skin|[of] p1a: Garchomp\n|move|p2b: Sinistcha|Matcha Gotcha|p1b: Delphox|[spread] p1a,p1b\n|-resisted|p1b: Delphox|1\n|-damage|p1a: Garchomp|50/100\n|-damage|p1b: Delphox|89/100\n|-status|p1a: Garchomp|brn\n|-enditem|p1a: Garchomp|Sitrus Berry|[eat]\n|-heal|p1a: Garchomp|75/100 brn|[from] item: Sitrus Berry\n|move|p1a: Garchomp|Earthquake|p2a: Incineroar|[spread] p2a,p2b\n|-immune|p1b: Delphox|[from] ability: Levitate\n|-supereffective|p2a: Incineroar|1\n|-resisted|p2b: Sinistcha|1\n|-damage|p2a: Incineroar|67/100\n|-damage|p2b: Sinistcha|95/100\n|move|p1b: Delphox|Heat Wave|p2a: Incineroar|[spread] p2a,p2b\n|-resisted|p2a: Incineroar|1\n|-supereffective|p2b: Sinistcha|1\n|-damage|p2a: Incineroar|53/100\n|-damage|p2b: Sinistcha|30/100\n|\n|-damage|p1a: Garchomp|69/100 brn|[from] brn\n|upkeep\n|turn|4\n|\n|t:|1776176210\n|move|p2a: Incineroar|Darkest Lariat|p1b: Delphox\n|-supereffective|p1b: Delphox|1\n|-damage|p1b: Delphox|10/100\n|move|p2b: Sinistcha|Life Dew|p2b: Sinistcha|[spread] p2a,p2b\n|-heal|p2a: Incineroar|79/100\n|-heal|p2b: Sinistcha|55/100\n|move|p1a: Garchomp|Earthquake|p2a: Incineroar|[spread] p2a,p2b\n|-immune|p1b: Delphox|[from] ability: Levitate\n|-supereffective|p2a: Incineroar|1\n|-resisted|p2b: Sinistcha|1\n|-damage|p2a: Incineroar|54/100\n|-damage|p2b: Sinistcha|49/100\n|move|p1b: Delphox|Heat Wave|p2b: Sinistcha|[spread] p2a,p2b\n|-resisted|p2a: Incineroar|1\n|-supereffective|p2b: Sinistcha|1\n|-damage|p2a: Incineroar|42/100\n|-damage|p2b: Sinistcha|0 fnt\n|faint|p2b: Sinistcha\n|\n|-damage|p1a: Garchomp|63/100 brn|[from] brn\n|upkeep\n|\n|t:|1776176216\n|switch|p2b: Aggron|Aggron, L50, M|100/100\n|turn|5\n|\n|t:|1776176224\n|detailschange|p2b: Aggron|Aggron-Mega, L50, M\n|-mega|p2b: Aggron|Aggron|Aggronite\n|move|p2b: Aggron|Iron Defense|p2b: Aggron\n|-boost|p2b: Aggron|def|2\n|move|p2a: Incineroar|Darkest Lariat|p1b: Delphox\n|-supereffective|p1b: Delphox|1\n|-damage|p1b: Delphox|0 fnt\n|faint|p1b: Delphox\n|move|p1a: Garchomp|Earthquake|p2b: Aggron|[spread] p2a,p2b\n|-supereffective|p2a: Incineroar|1\n|-supereffective|p2b: Aggron|1\n|-damage|p2a: Incineroar|18/100\n|-damage|p2b: Aggron|95/100\n|\n|-damage|p1a: Garchomp|57/100 brn|[from] brn\n|upkeep\n|\n|t:|1776176231\n|switch|p1b: Sneasler|Sneasler, L50, F|100/100\n|turn|6\n|\n|t:|1776176254\n|move|p1b: Sneasler|Fake Out|p2b: Aggron\n|-resisted|p2b: Aggron|1\n|-damage|p2b: Aggron|94/100\n|cant|p2b: Aggron|flinch\n|move|p2a: Incineroar|Darkest Lariat|p1b: Sneasler\n|-resisted|p1b: Sneasler|1\n|-damage|p1b: Sneasler|70/100\n|move|p1a: Garchomp|Rock Slide|p2a: Incineroar|[spread] p2a,p2b\n|-supereffective|p2a: Incineroar|1\n|-resisted|p2b: Aggron|1\n|-damage|p2a: Incineroar|7/100\n|-damage|p2b: Aggron|93/100\n|\n|-damage|p1a: Garchomp|51/100 brn|[from] brn\n|-fieldend|move: Trick Room\n|upkeep\n|turn|7\n|inactive|gurbederbeste has 30 seconds left.\n|\n|t:|1776176280\n|move|p1b: Sneasler|Close Combat|p2b: Aggron\n|-supereffective|p2b: Aggron|1\n|-damage|p2b: Aggron|69/100\n|-unboost|p1b: Sneasler|def|1\n|-unboost|p1b: Sneasler|spd|1\n|-enditem|p1b: Sneasler|White Herb\n|-clearnegativeboost|p1b: Sneasler|[silent]\n|move|p1a: Garchomp|Dragon Claw|p2a: Incineroar\n|-damage|p2a: Incineroar|0 fnt\n|faint|p2a: Incineroar\n|move|p2b: Aggron|Heavy Slam|p1b: Sneasler\n|-damage|p1b: Sneasler|0 fnt\n|faint|p1b: Sneasler\n|\n|-damage|p1a: Garchomp|45/100 brn|[from] brn\n|upkeep\n|\n|t:|1776176288\n|switch|p1b: Kingambit|Kingambit, L50, M, shiny|100/100\n|turn|8\n|\n|t:|1776176295\n|move|p1a: Garchomp|Dragon Claw|p2b: Aggron\n|-resisted|p2b: Aggron|1\n|-damage|p2b: Aggron|68/100\n|move|p1b: Kingambit|Low Kick|p2b: Aggron\n|-supereffective|p2b: Aggron|1\n|-damage|p2b: Aggron|52/100\n|move|p2b: Aggron|Body Press|p1b: Kingambit\n|-supereffective|p1b: Kingambit|2\n|-enditem|p1b: Kingambit|Chople Berry|[eat]\n|-enditem|p1b: Kingambit|Chople Berry|[weaken]\n|-damage|p1b: Kingambit|0 fnt\n|faint|p1b: Kingambit\n|\n|-damage|p1a: Garchomp|39/100 brn|[from] brn\n|upkeep\n|turn|9\n|c|\u2606Khungcanh|dang\n|c|\u2606Khungcanh|gg\n|\n|t:|1776176309\n|move|p1a: Garchomp|Earthquake|p2b: Aggron\n|-supereffective|p2b: Aggron|1\n|-damage|p2b: Aggron|45/100\n|move|p2b: Aggron|Body Press|p1a: Garchomp\n|-damage|p1a: Garchomp|0 fnt\n|-damage|p2b: Aggron|33/100|[from] ability: Rough Skin|[of] p1a: Garchomp\n|faint|p1a: Garchomp\n|\n|win|gurbederbeste\n|raw|Khungcanh's rating: 1213 &rarr; <strong>1190</strong><br />(-23 for losing)\n|raw|gurbederbeste's rating: 1235 &rarr; <strong>1258</strong><br />(+23 for winning)\n|c|\u2606gurbederbeste|Berliner Wall\n",
  "uploadtime": 1776176316,
  "views": 25,
  "formatid": "gen9championsvgc2026regma",
  "rating": 1190,
  "private": 0,
  "password": null
}