{
  "id": "gen9championsvgc2026regma-2588061306",
  "format": "[Gen 9 Champions] VGC 2026 Reg M-A",
  "players": [
    "BDY_StarLight",
    "EntraGar"
  ],
  "log": "|j|\u2606BDY_StarLight\n|j|\u2606EntraGar\n|t:|1776599585\n|gametype|doubles\n|player|p1|BDY_StarLight|drayden|1164\n|player|p2|EntraGar|blackbelt|1074\n|gen|9\n|tier|[Gen 9 Champions] VGC 2026 Reg M-A\n|rated|\n|rule|Species Clause: Limit one of each Pok\u00e9mon\n|rule|Item Clause: Limit 1 of each item\n|clearpoke\n|poke|p1|Froslass, L50, F|\n|poke|p1|Aerodactyl, L50, M|\n|poke|p1|Altaria, L50, M|\n|poke|p1|Archaludon, L50, M|\n|poke|p1|Sinistcha-Masterpiece, L50|\n|poke|p1|Incineroar, L50, F|\n|poke|p2|Zoroark-Hisui, L50, F|\n|poke|p2|Greninja, L50, M|\n|poke|p2|Arcanine-Hisui, L50, F|\n|poke|p2|Clefable, L50, F|\n|poke|p2|Pelipper, L50, M|\n|poke|p2|Lopunny, L50, M|\n|teampreview|4\n|\n|t:|1776599623\n|teamsize|p1|4\n|teamsize|p2|4\n|start\n|switch|p1a: Aerodactyl|Aerodactyl, L50, M|100/100\n|switch|p1b: Altaria|Altaria, L50, M|100/100\n|switch|p2a: Lopunny|Lopunny, L50, M|100/100\n|switch|p2b: Arcanine|Arcanine-Hisui, L50, F|100/100\n|-ability|p1a: Aerodactyl|Unnerve\n|turn|1\n|\n|t:|1776599653\n|detailschange|p2a: Lopunny|Lopunny-Mega, L50, M\n|-mega|p2a: Lopunny|Lopunny|Lopunnite\n|detailschange|p1b: Altaria|Altaria-Mega, L50, M\n|-mega|p1b: Altaria|Altaria|Altarianite\n|move|p2a: Lopunny|Fake Out|p1a: Aerodactyl\n|-resisted|p1a: Aerodactyl|1\n|-damage|p1a: Aerodactyl|86/100\n|cant|p1a: Aerodactyl|flinch\n|move|p2b: Arcanine|Nasty Plot|p2b: Arcanine\n|-boost|p2b: Arcanine|spa|2\n|move|p1b: Altaria|Hurricane|p2a: Lopunny|[miss]\n|-miss|p1b: Altaria|p2a: Lopunny\n|\n|upkeep\n|turn|2\n|c|\u2606BDY_StarLight|NOOO-\n|\n|t:|1776599676\n|move|p2a: Lopunny|Mega Kick|p1b: Altaria\n|-damage|p1b: Altaria|36/100\n|move|p1a: Aerodactyl|Dual Wingbeat|p2a: Lopunny\n|-supereffective|p2a: Lopunny|1\n|-damage|p2a: Lopunny|57/100\n|-supereffective|p2a: Lopunny|1\n|-damage|p2a: Lopunny|18/100\n|-hitcount|p2a: Lopunny|2\n|move|p2b: Arcanine|Hyper Voice|p1a: Aerodactyl|[spread] p1a,p1b\n|-resisted|p1a: Aerodactyl|1\n|-damage|p1a: Aerodactyl|37/100\n|-damage|p1b: Altaria|0 fnt\n|faint|p1b: Altaria\n|\n|upkeep\n|\n|t:|1776599701\n|switch|p1b: Sinistcha|Sinistcha-Masterpiece, L50|100/100\n|-heal|p1a: Aerodactyl|61/100|[from] ability: Hospitality|[of] p1b: Sinistcha\n|turn|3\n|n|\u2606EntraGar|entragar\n|\n|t:|1776599744\n|move|p2a: Lopunny|U-turn|p1b: Sinistcha\n|-damage|p1b: Sinistcha|73/100\n|\n|t:|1776599748\n|switch|p2a: Arcanine|Arcanine-Hisui, L50, F|100/100|[from] U-turn\n|-ability|p2a: Arcanine|Intimidate|boost\n|-unboost|p1a: Aerodactyl|atk|1\n|-unboost|p1b: Sinistcha|atk|1\n|move|p1a: Aerodactyl|Tailwind|p1a: Aerodactyl\n|-sidestart|p1: BDY_StarLight|move: Tailwind\n|move|p1b: Sinistcha|Matcha Gotcha|p2a: Arcanine|[spread] p2a,p2b\n|-damage|p2a: Arcanine|62/100\n|-heal|p1b: Sinistcha|93/100|[from] drain|[of] p2a: Arcanine\n|-damage|p2b: Arcanine|36/100\n|-heal|p1b: Sinistcha|100/100|[from] drain|[of] p2b: Arcanine\n|replace|p2b: Zoroark|Zoroark-Hisui, L50, F\n|-end|p2b: Zoroark|Illusion\n|move|p2b: Zoroark|Bitter Malice|p1b: Sinistcha\n|-supereffective|p1b: Sinistcha|1\n|-enditem|p1b: Sinistcha|Focus Sash\n|-damage|p1b: Sinistcha|1/100\n|-unboost|p1b: Sinistcha|atk|1\n|\n|upkeep\n|turn|4\n|\n|t:|1776599784\n|move|p1a: Aerodactyl|Rock Slide|p2b: Zoroark|[spread] p2a,p2b\n|-supereffective|p2a: Arcanine|1\n|-damage|p2a: Arcanine|16/100\n|-damage|p2b: Zoroark|0 fnt\n|faint|p2b: Zoroark\n|move|p1b: Sinistcha|Matcha Gotcha|p2a: Arcanine\n|-damage|p2a: Arcanine|0 fnt\n|-heal|p1b: Sinistcha|9/100|[from] drain|[of] p2a: Arcanine\n|faint|p2a: Arcanine\n|\n|upkeep\n|\n|t:|1776599797\n|switch|p2b: Lopunny|Lopunny-Mega, L50, M|18/100\n|switch|p2a: Pelipper|Pelipper, L50, M|100/100\n|-weather|RainDance|[from] ability: Drizzle|[of] p2a: Pelipper\n|turn|5\n|\n|t:|1776599828\n|move|p2b: Lopunny|Fake Out|p1b: Sinistcha\n|-damage|p1b: Sinistcha|0 fnt\n|faint|p1b: Sinistcha\n|move|p1a: Aerodactyl|Rock Slide|p2b: Lopunny|[spread] p2a,p2b\n|-supereffective|p2a: Pelipper|1\n|-resisted|p2b: Lopunny|1\n|-damage|p2a: Pelipper|57/100\n|-damage|p2b: Lopunny|6/100\n|move|p2a: Pelipper|Tailwind|p2a: Pelipper\n|-sidestart|p2: EntraGar|move: Tailwind\n|\n|-weather|RainDance|[upkeep]\n|upkeep\n|\n|t:|1776599838\n|switch|p1b: Archaludon|Archaludon, L50, M|100/100\n|turn|6\n|-activate|p1b: Archaludon|item: Quick Claw\n|\n|t:|1776599887\n|move|p2a: Pelipper|Protect|p2a: Pelipper\n|-singleturn|p2a: Pelipper|Protect\n|move|p1b: Archaludon|Electro Shot||[still]\n|-prepare|p1b: Archaludon|Electro Shot\n|-boost|p1b: Archaludon|spa|1\n|-anim|p1b: Archaludon|Electro Shot|p2a: Pelipper\n|-activate|p2a: Pelipper|move: Protect\n|move|p2b: Lopunny|Close Combat|p1a: Aerodactyl\n|-damage|p1a: Aerodactyl|0 fnt\n|-unboost|p2b: Lopunny|def|1\n|-unboost|p2b: Lopunny|spd|1\n|faint|p1a: Aerodactyl\n|\n|-weather|RainDance|[upkeep]\n|-sideend|p1: BDY_StarLight|move: Tailwind\n|upkeep\n|turn|7\n|-activate|p1b: Archaludon|item: Quick Claw\n|\n|t:|1776599913\n|move|p1b: Archaludon|Aura Sphere|p2b: Lopunny\n|-supereffective|p2b: Lopunny|1\n|-damage|p2b: Lopunny|0 fnt\n|faint|p2b: Lopunny\n|move|p2a: Pelipper|Hurricane|p1b: Archaludon\n|-resisted|p1b: Archaludon|1\n|-damage|p1b: Archaludon|68/100\n|-ability|p1b: Archaludon|Stamina|boost\n|-boost|p1b: Archaludon|def|1\n|\n|-weather|RainDance|[upkeep]\n|upkeep\n|turn|8\n|\n|t:|1776599931\n|move|p2a: Pelipper|Hurricane|p1b: Archaludon\n|-resisted|p1b: Archaludon|1\n|-damage|p1b: Archaludon|35/100\n|-ability|p1b: Archaludon|Stamina|boost\n|-boost|p1b: Archaludon|def|1\n|move|p1b: Archaludon|Electro Shot||[still]\n|-prepare|p1b: Archaludon|Electro Shot\n|-boost|p1b: Archaludon|spa|1\n|-anim|p1b: Archaludon|Electro Shot|p2a: Pelipper\n|-supereffective|p2a: Pelipper|2\n|-damage|p2a: Pelipper|0 fnt\n|faint|p2a: Pelipper\n|\n|win|BDY_StarLight\n|raw|BDY_StarLight's rating: 1164 &rarr; <strong>1183</strong><br />(+19 for winning)\n|raw|EntraGar's rating: 1074 &rarr; <strong>1058</strong><br />(-16 for losing)\n|l|\u2606EntraGar\n|player|p2|\n",
  "uploadtime": 1776600006,
  "views": 22,
  "formatid": "gen9championsvgc2026regma",
  "rating": 1058,
  "private": 0,
  "password": null
}