{
  "id": "gen9championsvgc2026regma-2589488632",
  "format": "[Gen 9 Champions] VGC 2026 Reg M-A",
  "players": [
    "jadee99",
    "tubbatub"
  ],
  "log": "|j|\u2606jadee99\n|j|\u203dtubbatub\n|t:|1776727535\n|gametype|doubles\n|player|p1|jadee99|266|1162\n|player|p2|tubbatub|fantina|1205\n|gen|9\n|tier|[Gen 9 Champions] VGC 2026 Reg M-A\n|rated|\n|rule|Species Clause: Limit one of each Pok\u00e9mon\n|rule|Item Clause: Limit 1 of each item\n|clearpoke\n|poke|p1|Zoroark-Hisui, L50, M|\n|poke|p1|Garchomp, L50, F|\n|poke|p1|Milotic, L50, F|\n|poke|p1|Basculegion, L50, M|\n|poke|p1|Hydrapple, L50, F|\n|poke|p1|Tyranitar, L50, M|\n|poke|p2|Garchomp, L50, F|\n|poke|p2|Froslass, L50, F|\n|poke|p2|Incineroar, L50, F|\n|poke|p2|Palafin, L50, F|\n|poke|p2|Kingambit, L50, M|\n|poke|p2|Charizard, L50, M|\n|teampreview|4\n|inactive|Battle timer is ON: inactive players will automatically lose when time's up. (requested by tubbatub)\n|\n|t:|1776727563\n|teamsize|p1|4\n|teamsize|p2|4\n|start\n|switch|p1a: Milotic|Milotic, L50, F|100/100\n|switch|p1b: Tyranitar|Tyranitar, L50, M|100/100\n|switch|p2a: Garchomp|Garchomp, L50, F|100/100\n|switch|p2b: Incineroar|Incineroar, L50, F|100/100\n|-ability|p2b: Incineroar|Intimidate|boost\n|-unboost|p1a: Milotic|atk|1\n|-ability|p1a: Milotic|Competitive|boost\n|-boost|p1a: Milotic|spa|2\n|-unboost|p1b: Tyranitar|atk|1\n|turn|1\n|inactive|jadee99 has 30 seconds left.\n|inactive|tubbatub has 30 seconds left.\n|inactive|jadee99 has 20 seconds left.\n|\n|t:|1776727599\n|move|p2b: Incineroar|Fake Out|p1a: Milotic\n|-damage|p1a: Milotic|88/100\n|move|p2a: Garchomp|Stomping Tantrum|p1b: Tyranitar\n|-crit|p1b: Tyranitar\n|-enditem|p1b: Tyranitar|Focus Sash\n|-damage|p1b: Tyranitar|1/100\n|replace|p1b: Zoroark|Zoroark-Hisui, L50, M\n|-end|p1b: Zoroark|Illusion\n|move|p1b: Zoroark|Nasty Plot|p1b: Zoroark\n|-boost|p1b: Zoroark|spa|2\n|cant|p1a: Milotic|flinch\n|\n|-heal|p1a: Milotic|94/100|[from] item: Leftovers\n|upkeep\n|turn|2\n|\n|t:|1776727621\n|switch|p2b: Kingambit|Kingambit, L50, M|100/100\n|move|p2a: Garchomp|Stomping Tantrum|p1b: Zoroark\n|-damage|p1b: Zoroark|0 fnt\n|faint|p1b: Zoroark\n|move|p1a: Milotic|Ice Beam|p2a: Garchomp\n|-supereffective|p2a: Garchomp|2\n|-damage|p2a: Garchomp|0 fnt\n|faint|p2a: Garchomp\n|\n|-heal|p1a: Milotic|99/100|[from] item: Leftovers\n|upkeep\n|inactive|jadee99 has 30 seconds left.\n|inactive|jadee99 has 20 seconds left.\n|inactive|jadee99 has 15 seconds left.\n|inactive|jadee99 has 10 seconds left.\n|inactive|jadee99 has 5 seconds left.\n|\n|t:|1776727676\n|switch|p2a: Froslass|Froslass, L50, F|100/100\n|switch|p1b: Garchomp|Garchomp, L50, F|100/100\n|turn|3\n|inactive|jadee99 has 30 seconds left.\n|inactive|tubbatub has 30 seconds left.\n|inactive|jadee99 has 20 seconds left.\n|inactive|jadee99 has 15 seconds left.\n|inactive|jadee99 has 10 seconds left.\n|inactive|jadee99 has 5 seconds left.\n|\n|t:|1776727732\n|detailschange|p2a: Froslass|Froslass-Mega, L50, F\n|-mega|p2a: Froslass|Froslass|Froslassite\n|-weather|Snowscape|[from] ability: Snow Warning|[of] p2a: Froslass\n|move|p2b: Kingambit|Sucker Punch|p1a: Milotic\n|-damage|p1a: Milotic|54/100\n|move|p2a: Froslass|Blizzard|p1a: Milotic|[spread] p1a,p1b\n|-resisted|p1a: Milotic|1\n|-crit|p1a: Milotic\n|-supereffective|p1b: Garchomp|2\n|-damage|p1a: Milotic|34/100\n|-damage|p1b: Garchomp|0 fnt\n|faint|p1b: Garchomp\n|move|p1a: Milotic|Ice Beam|p2a: Froslass\n|-resisted|p2a: Froslass|1\n|-damage|p2a: Froslass|74/100\n|\n|-weather|Snowscape|[upkeep]\n|-heal|p1a: Milotic|40/100|[from] item: Leftovers\n|upkeep\n|inactive|jadee99 has 30 seconds left.\n|inactive|jadee99 has 20 seconds left.\n|inactive|jadee99 has 15 seconds left.\n|inactive|jadee99 has 10 seconds left.\n|inactive|jadee99 has 5 seconds left.\n|\n|t:|1776727787\n|switch|p1b: Tyranitar|Tyranitar, L50, M|100/100\n|-weather|Sandstorm|[from] ability: Sand Stream|[of] p1b: Tyranitar\n|turn|4\n|inactive|jadee99 has 30 seconds left.\n|inactive|jadee99 has 20 seconds left.\n|inactive|jadee99 has 15 seconds left.\n|inactive|jadee99 has 10 seconds left.\n|inactive|jadee99 has 5 seconds left.\n|\n|t:|1776727843\n|switch|p2a: Incineroar|Incineroar, L50, F|100/100\n|-ability|p2a: Incineroar|Intimidate|boost\n|-unboost|p1a: Milotic|atk|1\n|-ability|p1a: Milotic|Competitive|boost\n|-boost|p1a: Milotic|spa|2\n|-unboost|p1b: Tyranitar|atk|1\n|move|p2b: Kingambit|Sucker Punch|p1a: Milotic\n|-damage|p1a: Milotic|0 fnt\n|faint|p1a: Milotic\n|move|p1b: Tyranitar|Rock Slide|p2b: Kingambit|[spread] p2a,p2b\n|-supereffective|p2a: Incineroar|1\n|-resisted|p2b: Kingambit|1\n|-damage|p2a: Incineroar|64/100\n|-damage|p2b: Kingambit|91/100\n|\n|-weather|Sandstorm|[upkeep]\n|-damage|p2a: Incineroar|58/100|[from] Sandstorm\n|upkeep\n|turn|5\n|inactive|jadee99 has 30 seconds left.\n|inactive|jadee99 has 20 seconds left.\n|inactive|jadee99 has 15 seconds left.\n|inactive|jadee99 has 10 seconds left.\n|inactive|jadee99 has 5 seconds left.\n|\n|t:|1776727898\n|move|p2a: Incineroar|Fake Out|p1b: Tyranitar\n|-resisted|p1b: Tyranitar|1\n|-damage|p1b: Tyranitar|96/100\n|cant|p1b: Tyranitar|flinch\n|move|p2b: Kingambit|Iron Head|p1b: Tyranitar\n|-supereffective|p1b: Tyranitar|1\n|-damage|p1b: Tyranitar|14/100\n|\n|-weather|Sandstorm|[upkeep]\n|-damage|p2a: Incineroar|52/100|[from] Sandstorm\n|upkeep\n|turn|6\n|\n|t:|1776727912\n|detailschange|p1b: Tyranitar|Tyranitar-Mega, L50, M\n|-mega|p1b: Tyranitar|Tyranitar|Tyranitarite\n|move|p2b: Kingambit|Sucker Punch|p1b: Tyranitar\n|-resisted|p1b: Tyranitar|1\n|-damage|p1b: Tyranitar|2/100\n|move|p1b: Tyranitar|Rock Slide|p2a: Incineroar|[spread] p2a,p2b\n|-supereffective|p2a: Incineroar|1\n|-resisted|p2b: Kingambit|1\n|-damage|p2a: Incineroar|4/100\n|-damage|p2b: Kingambit|81/100\n|-enditem|p2a: Incineroar|Sitrus Berry|[eat]\n|-heal|p2a: Incineroar|29/100|[from] item: Sitrus Berry\n|move|p2a: Incineroar|Flare Blitz|p1b: Tyranitar\n|-resisted|p1b: Tyranitar|1\n|-crit|p1b: Tyranitar\n|-damage|p1b: Tyranitar|0 fnt\n|faint|p1b: Tyranitar\n|-damage|p2a: Incineroar|28/100|[from] Recoil\n|\n|win|tubbatub\n|raw|jadee99's rating: 1162 &rarr; <strong>1140</strong><br />(-22 for losing)\n|raw|tubbatub's rating: 1205 &rarr; <strong>1227</strong><br />(+22 for winning)\n",
  "uploadtime": 1776727924,
  "views": 4,
  "formatid": "gen9championsvgc2026regma",
  "rating": 1140,
  "private": 0,
  "password": null
}