{
  "id": "gen9championsvgc2026regma-2588438236",
  "format": "[Gen 9 Champions] VGC 2026 Reg M-A",
  "players": [
    "BossgodoraII",
    "shunosaurus"
  ],
  "log": "|j|\u2606BossgodoraII\n|j|\u2606shunosaurus\n|t:|1776633546\n|gametype|doubles\n|player|p1|BossgodoraII|gentleman-gen4|1508\n|player|p2|shunosaurus|psychic-gen4|1467\n|gen|9\n|tier|[Gen 9 Champions] VGC 2026 Reg M-A\n|rated|\n|rule|Species Clause: Limit one of each Pok\u00e9mon\n|rule|Item Clause: Limit 1 of each item\n|clearpoke\n|poke|p1|Delphox, L50, M|\n|poke|p1|Floette-Eternal, L50, F|\n|poke|p1|Sneasler, L50, M|\n|poke|p1|Aerodactyl, L50, F|\n|poke|p1|Garchomp, L50, F|\n|poke|p1|Kingambit, L50, F|\n|poke|p2|Excadrill, L50, M|\n|poke|p2|Tyranitar, L50, F|\n|poke|p2|Sinistcha, L50|\n|poke|p2|Primarina, L50, M|\n|poke|p2|Dragapult, L50, M|\n|poke|p2|Rotom-Heat, L50|\n|teampreview|4\n|c|\u2606shunosaurus|glhf\nBossgodoraII rejected open team sheets.\n|c|\u2606BossgodoraII|u2\n|\n|t:|1776633599\n|teamsize|p1|4\n|teamsize|p2|4\n|start\n|switch|p1a: Floette|Floette-Eternal, L50, F|100/100\n|switch|p1b: Sneasler|Sneasler, L50, M|100/100\n|switch|p2a: Dragapult|Dragapult, L50, M|100/100\n|switch|p2b: Sinistcha|Sinistcha, L50|100/100\n|turn|1\n|inactive|Battle timer is ON: inactive players will automatically lose when time's up. (requested by BossgodoraII)\n|\n|t:|1776633613\n|detailschange|p1a: Floette|Floette-Mega, L50, F\n|-mega|p1a: Floette|Floette|Floettite\n|-ability|p1a: Floette|Fairy Aura\n|move|p2a: Dragapult|Psychic Fangs|p1b: Sneasler\n|-supereffective|p1b: Sneasler|2\n|-damage|p1b: Sneasler|0 fnt\n|faint|p1b: Sneasler\n|move|p1a: Floette|Dazzling Gleam|p2a: Dragapult|[spread] p2a,p2b\n|-supereffective|p2a: Dragapult|1\n|-damage|p2a: Dragapult|0 fnt\n|-damage|p2b: Sinistcha|44/100\n|-enditem|p2b: Sinistcha|Sitrus Berry|[eat]\n|-heal|p2b: Sinistcha|69/100|[from] item: Sitrus Berry\n|faint|p2a: Dragapult\n|move|p2b: Sinistcha|Trick Room|p2b: Sinistcha\n|-fieldstart|move: Trick Room|[of] p2b: Sinistcha\n|\n|upkeep\n|\n|t:|1776633626\n|switch|p1b: Garchomp|Garchomp, L50, F|100/100\n|switch|p2a: Tyranitar|Tyranitar, L50, F|100/100\n|-weather|Sandstorm|[from] ability: Sand Stream|[of] p2a: Tyranitar\n|turn|2\n|\n|t:|1776633634\n|detailschange|p2a: Tyranitar|Tyranitar-Mega, L50, F\n|-mega|p2a: Tyranitar|Tyranitar|Tyranitarite\n|move|p2b: Sinistcha|Matcha Gotcha|p1b: Garchomp|[spread] p1a,p1b\n|-damage|p1a: Floette|80/100\n|-heal|p2b: Sinistcha|77/100|[from] drain|[of] p1a: Floette\n|-damage|p1b: Garchomp|73/100\n|-heal|p2b: Sinistcha|92/100|[from] drain|[of] p1b: Garchomp\n|-status|p1a: Floette|brn\n|move|p2a: Tyranitar|Rock Slide|p1a: Floette|[spread] p1a,p1b\n|-resisted|p1b: Garchomp|1\n|-damage|p1a: Floette|32/100 brn\n|-damage|p1b: Garchomp|56/100\n|move|p1a: Floette|Moonblast|p2a: Tyranitar\n|-supereffective|p2a: Tyranitar|1\n|-damage|p2a: Tyranitar|24/100\n|move|p1b: Garchomp|Stomping Tantrum|p2a: Tyranitar\n|-supereffective|p2a: Tyranitar|1\n|-damage|p2a: Tyranitar|0 fnt\n|faint|p2a: Tyranitar\n|\n|-weather|Sandstorm|[upkeep]\n|-damage|p2b: Sinistcha|86/100|[from] Sandstorm\n|-damage|p1a: Floette|26/100 brn|[from] Sandstorm\n|-damage|p1a: Floette|20/100 brn|[from] brn\n|upkeep\n|\n|t:|1776633652\n|switch|p2a: Primarina|Primarina, L50, M|100/100\n|turn|3\n|\n|t:|1776633656\n|move|p1a: Floette|Protect|p1a: Floette\n|-singleturn|p1a: Floette|Protect\n|move|p1b: Garchomp|Protect|p1b: Garchomp\n|-singleturn|p1b: Garchomp|Protect\n|move|p2a: Primarina|Hyper Voice|p1b: Garchomp|[spread] \n|-activate|p1a: Floette|move: Protect\n|-activate|p1b: Garchomp|move: Protect\n|move|p2b: Sinistcha|Matcha Gotcha|p1b: Garchomp|[spread] \n|-activate|p1a: Floette|move: Protect\n|-activate|p1b: Garchomp|move: Protect\n|\n|-weather|Sandstorm|[upkeep]\n|-damage|p2a: Primarina|95/100|[from] Sandstorm\n|-damage|p2b: Sinistcha|80/100|[from] Sandstorm\n|-damage|p1a: Floette|14/100 brn|[from] Sandstorm\n|-damage|p1a: Floette|8/100 brn|[from] brn\n|upkeep\n|turn|4\n|\n|t:|1776633667\n|move|p2a: Primarina|Moonblast|p1b: Garchomp\n|-supereffective|p1b: Garchomp|1\n|-damage|p1b: Garchomp|0 fnt\n|faint|p1b: Garchomp\n|move|p2b: Sinistcha|Matcha Gotcha|p1a: Floette|[miss]\n|-miss|p2b: Sinistcha|p1a: Floette\n|move|p1a: Floette|Moonblast|p2a: Primarina\n|-damage|p2a: Primarina|26/100\n|\n|-weather|Sandstorm|[upkeep]\n|-damage|p2a: Primarina|20/100|[from] Sandstorm\n|-damage|p2b: Sinistcha|74/100|[from] Sandstorm\n|-damage|p1a: Floette|2/100 brn|[from] Sandstorm\n|-damage|p1a: Floette|0 fnt|[from] brn\n|faint|p1a: Floette\n|upkeep\n|\n|t:|1776633675\n|switch|p1b: Aerodactyl|Aerodactyl, L50, F|100/100\n|-ability|p1b: Aerodactyl|Unnerve\n|turn|5\n|\n|t:|1776633681\n|move|p1b: Aerodactyl|Protect|p1b: Aerodactyl\n|-singleturn|p1b: Aerodactyl|Protect\n|move|p2a: Primarina|Hyper Voice|p1b: Aerodactyl\n|-activate|p1b: Aerodactyl|move: Protect\n|move|p2b: Sinistcha|Matcha Gotcha|p1b: Aerodactyl\n|-activate|p1b: Aerodactyl|move: Protect\n|\n|-weather|Sandstorm|[upkeep]\n|-damage|p2a: Primarina|14/100|[from] Sandstorm\n|-damage|p2b: Sinistcha|67/100|[from] Sandstorm\n|-fieldend|move: Trick Room\n|upkeep\n|turn|6\n|j| stinkyton\n|\n|t:|1776633694\n|move|p2a: Primarina|Protect|p2a: Primarina\n|-singleturn|p2a: Primarina|Protect\n|move|p1b: Aerodactyl|Rock Slide|p2a: Primarina|[spread] p2b\n|-activate|p2a: Primarina|move: Protect\n|-damage|p2b: Sinistcha|49/100\n|cant|p2b: Sinistcha|flinch\n|\n|-weather|none\n|upkeep\n|turn|7\n|c|\u2606shunosaurus|:(\n|\n|t:|1776633713\n|move|p2a: Primarina|Protect||[still]\n|-fail|p2a: Primarina\n|move|p1b: Aerodactyl|Dual Wingbeat|p2b: Sinistcha\n|-supereffective|p2b: Sinistcha|1\n|-damage|p2b: Sinistcha|24/100\n|-supereffective|p2b: Sinistcha|1\n|-damage|p2b: Sinistcha|0 fnt\n|faint|p2b: Sinistcha\n|-hitcount|p2: Sinistcha|2\n|\n|upkeep\n|turn|8\n|c|\u2606shunosaurus|gg\n|c|\u2606BossgodoraII|I'm playing to my outs :/\n|c|\u2606BossgodoraII|u2\n|c|\u2606shunosaurus|fair enough lol\n|\n|t:|1776633728\n|move|p1b: Aerodactyl|Rock Slide|p2a: Primarina\n|-damage|p2a: Primarina|0 fnt\n|faint|p2a: Primarina\n|\n|win|BossgodoraII\n|raw|BossgodoraII's rating: 1508 &rarr; <strong>1526</strong><br />(+18 for winning)\n|raw|shunosaurus's rating: 1467 &rarr; <strong>1449</strong><br />(-18 for losing)\n|l|\u2606shunosaurus\n|player|p2|\n|c|\u2606BossgodoraII|gg have a good one\n",
  "uploadtime": 1776633736,
  "views": 24,
  "formatid": "gen9championsvgc2026regma",
  "rating": 1449,
  "private": 0,
  "password": null
}