{
  "id": "gen9championsvgc2026regma-2582641885",
  "format": "[Gen 9 Champions] VGC 2026 Reg M-A",
  "players": [
    "Juya",
    "dartfrog33"
  ],
  "log": "|j|\u2606Juya\n|j|\u2606dartfrog33\n|t:|1776104435\n|gametype|doubles\n|player|p1|Juya|265|1156\n|player|p2|dartfrog33|juggler|1237\n|gen|9\n|tier|[Gen 9 Champions] VGC 2026 Reg M-A\n|rated|\n|rule|Species Clause: Limit one of each Pok\u00e9mon\n|rule|Item Clause: Limit 1 of each item\n|clearpoke\n|poke|p1|Gengar, L50, F|\n|poke|p1|Azumarill, L50, F|\n|poke|p1|Kommo-o, L50, F|\n|poke|p1|Tsareena, L50, F|\n|poke|p1|Incineroar, L50, F|\n|poke|p1|Corviknight, L50, F|\n|poke|p2|Archaludon, L50, M|\n|poke|p2|Pelipper, L50, M|\n|poke|p2|Rotom-Frost, L50|\n|poke|p2|Ampharos, L50, M|\n|poke|p2|Farigiraf, L50, M|\n|poke|p2|Meganium, L50, M|\n|teampreview|4\n|inactive|Battle timer is ON: inactive players will automatically lose when time's up. (requested by Juya)\ndartfrog33 has agreed to open team sheets.\n|\n|t:|1776104463\n|teamsize|p1|4\n|teamsize|p2|4\n|start\n|switch|p1a: Incineroar|Incineroar, L50, F|100/100\n|switch|p1b: Azumarill|Azumarill, L50, F|100/100\n|switch|p2a: Ampharos|Ampharos, L50, M, shiny|100/100\n|switch|p2b: Rotom|Rotom-Frost, L50, shiny|100/100\n|-ability|p1a: Incineroar|Intimidate|boost\n|-unboost|p2a: Ampharos|atk|1\n|-unboost|p2b: Rotom|atk|1\n|turn|1\n|inactive|Juya has 30 seconds left.\n|inactive|dartfrog33 has 30 seconds left.\n|\n|t:|1776104490\n|detailschange|p2a: Ampharos|Ampharos-Mega, L50, M, shiny\n|-mega|p2a: Ampharos|Ampharos|Ampharosite\n|-ability|p2a: Ampharos|Mold Breaker\n|move|p1a: Incineroar|Fake Out|p2b: Rotom\n|-damage|p2b: Rotom|86/100\n|cant|p2b: Rotom|flinch\n|move|p2a: Ampharos|Cotton Guard|p2a: Ampharos\n|-boost|p2a: Ampharos|def|3\n|move|p1b: Azumarill|Play Rough|p2a: Ampharos\n|-supereffective|p2a: Ampharos|1\n|-damage|p2a: Ampharos|59/100\n|\n|upkeep\n|turn|2\n|\n|t:|1776104506\n|switch|p1b: Kommo-o|Kommo-o, L50, F|100/100\n|move|p2b: Rotom|Electric Terrain|p2b: Rotom\n|-fieldstart|move: Electric Terrain\n|move|p1a: Incineroar|Parting Shot|p2a: Ampharos\n|-unboost|p2a: Ampharos|atk|1\n|-unboost|p2a: Ampharos|spa|1\n|\n|t:|1776104514\n|switch|p1a: Gengar|Gengar, L50, F|100/100|[from] Parting Shot\n|move|p2a: Ampharos|Thunderbolt|p1b: Kommo-o\n|-resisted|p1b: Kommo-o|1\n|-damage|p1b: Kommo-o|77/100\n|\n|upkeep\n|turn|3\n|\n|t:|1776104537\n|detailschange|p1a: Gengar|Gengar-Mega, L50, F\n|-mega|p1a: Gengar|Gengar|Gengarite\n|move|p1a: Gengar|Sludge Bomb|p2a: Ampharos\n|-damage|p2a: Ampharos|0 fnt\n|faint|p2a: Ampharos\n|move|p2b: Rotom|Blizzard|p1b: Kommo-o|[spread] p1a\n|-miss|p2b: Rotom|p1b: Kommo-o\n|-damage|p1a: Gengar|53/100\n|move|p1b: Kommo-o|Close Combat|p2b: Rotom\n|-supereffective|p2b: Rotom|1\n|-damage|p2b: Rotom|0 fnt\n|-unboost|p1b: Kommo-o|def|1\n|-unboost|p1b: Kommo-o|spd|1\n|faint|p2b: Rotom\n|-enditem|p1b: Kommo-o|White Herb\n|-clearnegativeboost|p1b: Kommo-o|[silent]\n|\n|upkeep\n|\n|t:|1776104554\n|switch|p2b: Pelipper|Pelipper, L50, M, shiny|100/100\n|switch|p2a: Farigiraf|Farigiraf, L50, M, shiny|100/100\n|-weather|RainDance|[from] ability: Drizzle|[of] p2b: Pelipper\n|turn|4\n|inactive|dartfrog33 has 30 seconds left.\n|inactive|dartfrog33 has 20 seconds left.\n|\n|t:|1776104589\n|move|p1b: Kommo-o|Protect|p1b: Kommo-o\n|-singleturn|p1b: Kommo-o|Protect\n|move|p1a: Gengar|Perish Song|p1a: Gengar\n|-start|p1a: Gengar|perish3|[silent]\n|-start|p1b: Kommo-o|perish3|[silent]\n|-start|p2a: Farigiraf|perish3|[silent]\n|-start|p2b: Pelipper|perish3|[silent]\n|-fieldactivate|move: Perish Song\n|move|p2b: Pelipper|Hurricane|p1b: Kommo-o\n|-activate|p1b: Kommo-o|move: Protect\n|move|p2a: Farigiraf|Trick Room|p2a: Farigiraf\n|-fieldstart|move: Trick Room|[of] p2a: Farigiraf\n|\n|-weather|RainDance|[upkeep]\n|-start|p2a: Farigiraf|perish3\n|-start|p2b: Pelipper|perish3\n|-start|p1b: Kommo-o|perish3\n|-start|p1a: Gengar|perish3\n|upkeep\n|turn|5\n|inactive|dartfrog33 has 30 seconds left.\n|\n|t:|1776104620\n|switch|p1b: Azumarill|Azumarill, L50, F|100/100\n|move|p2a: Farigiraf|Helping Hand|p2b: Pelipper\n|-singleturn|p2b: Pelipper|Helping Hand|[of] p2a: Farigiraf\n|move|p1a: Gengar|Protect|p1a: Gengar\n|-singleturn|p1a: Gengar|Protect\n|move|p2b: Pelipper|Hurricane|p1b: Azumarill\n|-damage|p1b: Azumarill|37/100\n|\n|-weather|RainDance|[upkeep]\n|-start|p2a: Farigiraf|perish2\n|-start|p2b: Pelipper|perish2\n|-start|p1a: Gengar|perish2\n|upkeep\n|turn|6\n|\n|t:|1776104641\n|switch|p1a: Kommo-o|Kommo-o, L50, F|77/100\n|move|p1b: Azumarill|Protect|p1b: Azumarill\n|-singleturn|p1b: Azumarill|Protect\n|move|p2a: Farigiraf|Hyper Voice|p1b: Azumarill|[spread] p1a\n|-activate|p1b: Azumarill|move: Protect\n|-damage|p1a: Kommo-o|55/100\n|move|p2b: Pelipper|Weather Ball|p1a: Kommo-o\n|-immune|p1a: Kommo-o|[from] ability: Bulletproof\n|\n|-weather|RainDance|[upkeep]\n|-start|p2a: Farigiraf|perish1\n|-start|p2b: Pelipper|perish1\n|-fieldend|move: Electric Terrain\n|upkeep\n|turn|7\n|inactive|dartfrog33 has 30 seconds left.\n|\n|t:|1776104667\n|switch|p1b: Incineroar|Incineroar, L50, F|100/100\n|-ability|p1b: Incineroar|Intimidate|boost\n|-unboost|p2a: Farigiraf|atk|1\n|-unboost|p2b: Pelipper|atk|1\n|move|p1a: Kommo-o|Protect|p1a: Kommo-o\n|-singleturn|p1a: Kommo-o|Protect\n|move|p2a: Farigiraf|Hyper Voice|p1a: Kommo-o|[spread] p1b\n|-activate|p1a: Kommo-o|move: Protect\n|-damage|p1b: Incineroar|83/100\n|move|p2b: Pelipper|Hurricane|p1a: Kommo-o\n|-activate|p1a: Kommo-o|move: Protect\n|\n|-weather|RainDance|[upkeep]\n|-start|p2a: Farigiraf|perish0\n|-start|p2b: Pelipper|perish0\n|faint|p2a: Farigiraf\n|faint|p2b: Pelipper\n|\n|win|Juya\n|raw|Juya's rating: 1156 &rarr; <strong>1187</strong><br />(+31 for winning)\n|raw|dartfrog33's rating: 1237 &rarr; <strong>1206</strong><br />(-31 for losing)\n",
  "uploadtime": 1776104684,
  "views": 12,
  "formatid": "gen9championsvgc2026regma",
  "rating": 1187,
  "private": 0,
  "password": null
}