{
  "id": "gen9championsvgc2026regma-2586759695",
  "format": "[Gen 9 Champions] VGC 2026 Reg M-A",
  "players": [
    "ChampPPZX",
    "firjiwater"
  ],
  "log": "|j|\u2606ChampPPZX\n|j|\u2606firjiwater\n|t:|1776457703\n|gametype|doubles\n|player|p1|ChampPPZX|lady|1089\n|player|p2|firjiwater|cheryl|1134\n|gen|9\n|tier|[Gen 9 Champions] VGC 2026 Reg M-A\n|rated|\n|rule|Species Clause: Limit one of each Pok\u00e9mon\n|rule|Item Clause: Limit 1 of each item\n|clearpoke\n|poke|p1|Jolteon, L50, F|\n|poke|p1|Manectric, L50, F|\n|poke|p1|Torkoal, L50, M|\n|poke|p1|Oranguru, L50, M|\n|poke|p1|Lucario, L50, M|\n|poke|p1|Abomasnow, L50, M|\n|poke|p2|Primarina, L50, M|\n|poke|p2|Garchomp, L50, F|\n|poke|p2|Talonflame, L50, F|\n|poke|p2|Rotom-Wash, L50|\n|poke|p2|Incineroar, L50, F|\n|poke|p2|Sinistcha, L50|\n|teampreview|4\n|inactive|Battle timer is ON: inactive players will automatically lose when time's up. (requested by ChampPPZX)\nChampPPZX rejected open team sheets.\n|inactive|ChampPPZX has 60 seconds left.\n|\n|t:|1776457738\n|teamsize|p1|4\n|teamsize|p2|4\n|start\n|switch|p1a: Manectric|Manectric, L50, F, shiny|100/100\n|switch|p1b: Jolteon|Jolteon, L50, F|100/100\n|switch|p2a: Earth Nation|Garchomp, L50, F|100/100\n|switch|p2b: Katara|Rotom-Wash, L50|100/100\n|turn|1\n|\n|t:|1776457759\n|move|p1b: Jolteon|Protect|p1b: Jolteon\n|-singleturn|p1b: Jolteon|Protect\n|move|p1a: Manectric|Protect|p1a: Manectric\n|-singleturn|p1a: Manectric|Protect\n|move|p2a: Earth Nation|Earthquake|p1b: Jolteon|[spread] \n|-activate|p1a: Manectric|move: Protect\n|-activate|p1b: Jolteon|move: Protect\n|-immune|p2b: Katara|[from] ability: Levitate\n|move|p2b: Katara|Reflect|p2b: Katara\n|-sidestart|p2: firjiwater|Reflect\n|\n|upkeep\n|turn|2\n|\n|t:|1776457777\n|switch|p1a: Abomasnow|Abomasnow, L50, M|100/100\n|-weather|Snowscape|[from] ability: Snow Warning|[of] p1a: Abomasnow\n|move|p1b: Jolteon|Weather Ball|p2a: Earth Nation\n|-supereffective|p2a: Earth Nation|2\n|-damage|p2a: Earth Nation|0 fnt\n|faint|p2a: Earth Nation\n|move|p2b: Katara|Hydro Pump|p1a: Abomasnow\n|-resisted|p1a: Abomasnow|1\n|-damage|p1a: Abomasnow|79/100\n|\n|-weather|Snowscape|[upkeep]\n|-heal|p1a: Abomasnow|85/100|[from] item: Leftovers\n|upkeep\n|\n|t:|1776457794\n|switch|p2a: Water Nation|Primarina, L50, M|100/100\n|turn|3\n|\n|t:|1776457805\n|move|p1b: Jolteon|Discharge|p2a: Water Nation|[spread] p1a,p2a,p2b\n|-resisted|p1a: Abomasnow|1\n|-supereffective|p2a: Water Nation|1\n|-damage|p1a: Abomasnow|69/100\n|-damage|p2a: Water Nation|35/100\n|-damage|p2b: Katara|70/100\n|-status|p1a: Abomasnow|par\n|move|p2b: Katara|Hydro Pump|p1b: Jolteon\n|-damage|p1b: Jolteon|47/100\n|move|p2a: Water Nation|Calm Mind|p2a: Water Nation\n|-boost|p2a: Water Nation|spa|1\n|-boost|p2a: Water Nation|spd|1\n|move|p1a: Abomasnow|Aurora Veil|p1a: Abomasnow\n|-sidestart|p1: ChampPPZX|move: Aurora Veil\n|\n|-weather|Snowscape|[upkeep]\n|-heal|p2b: Katara|76/100|[from] item: Leftovers\n|-heal|p1a: Abomasnow|75/100 par|[from] item: Leftovers\n|upkeep\n|turn|4\n|\n|t:|1776457821\n|switch|p1a: Manectric|Manectric, L50, F, shiny|100/100\n|move|p2a: Water Nation|Protect|p2a: Water Nation\n|-singleturn|p2a: Water Nation|Protect\n|move|p1b: Jolteon|Discharge|p2b: Katara|[spread] p2b\n|-activate|p2a: Water Nation|move: Protect\n|-ability|p1a: Manectric|Lightning Rod|boost\n|-boost|p1a: Manectric|spa|1\n|-damage|p2b: Katara|39/100\n|move|p2b: Katara|Hydro Pump|p1b: Jolteon\n|-damage|p1b: Jolteon|14/100\n|\n|-weather|Snowscape|[upkeep]\n|-heal|p2b: Katara|45/100|[from] item: Leftovers\n|upkeep\n|turn|5\n|\n|t:|1776457845\n|switch|p2b: Iroh|Sinistcha, L50|100/100\n|-heal|p2a: Water Nation|59/100|[from] ability: Hospitality|[of] p2b: Iroh\n|move|p1b: Jolteon|Discharge|p2b: Iroh|[spread] p2a,p2b\n|-ability|p1a: Manectric|Lightning Rod|boost\n|-boost|p1a: Manectric|spa|1\n|-supereffective|p2a: Water Nation|1\n|-crit|p2a: Water Nation\n|-resisted|p2b: Iroh|1\n|-damage|p2a: Water Nation|0 fnt\n|-damage|p2b: Iroh|85/100\n|-status|p2b: Iroh|par\n|faint|p2a: Water Nation\n|move|p1a: Manectric|Discharge|p2b: Iroh|[spread] p2b\n|-heal|p1b: Jolteon|39/100|[from] ability: Volt Absorb|[of] p1a: Manectric\n|-resisted|p2b: Iroh|1\n|-damage|p2b: Iroh|57/100 par\n|\n|-weather|Snowscape|[upkeep]\n|-sideend|p2: firjiwater|Reflect\n|upkeep\n|c|\u2606firjiwater|bad crit :0\n|\n|t:|1776457866\n|switch|p2a: Katara|Rotom-Wash, L50|45/100\n|turn|6\n|\n|t:|1776457877\n|detailschange|p1a: Manectric|Manectric-Mega, L50, F, shiny\n|-mega|p1a: Manectric|Manectric|Manectite\n|-ability|p1a: Manectric|Intimidate|boost\n|-unboost|p2a: Katara|atk|1\n|-unboost|p2b: Iroh|atk|1\n|move|p1a: Manectric|Discharge|p2a: Katara|[spread] p2a,p2b\n|-heal|p1b: Jolteon|64/100|[from] ability: Volt Absorb|[of] p1a: Manectric\n|-resisted|p2b: Iroh|1\n|-damage|p2a: Katara|0 fnt\n|-damage|p2b: Iroh|23/100 par\n|faint|p2a: Katara\n|move|p1b: Jolteon|Discharge|p2b: Iroh|[spread] p1a,p2b\n|-resisted|p1a: Manectric|1\n|-resisted|p2b: Iroh|1\n|-damage|p1a: Manectric|86/100\n|-damage|p2b: Iroh|6/100 par\n|cant|p2b: Iroh|par\n|\n|-weather|none\n|upkeep\n|turn|7\n|\n|t:|1776457895\n|move|p2b: Iroh|Protect|p2b: Iroh\n|-singleturn|p2b: Iroh|Protect\n|move|p1a: Manectric|Flamethrower|p2b: Iroh\n|-activate|p2b: Iroh|move: Protect\n|move|p1b: Jolteon|Thunder|p2b: Iroh\n|-activate|p2b: Iroh|move: Protect\n|\n|-sideend|p1: ChampPPZX|move: Aurora Veil\n|upkeep\n|turn|8\n|\n|t:|1776457905\n|move|p2b: Iroh|Protect|p2b: Iroh\n|-singleturn|p2b: Iroh|Protect\n|move|p1a: Manectric|Rain Dance|p1a: Manectric\n|-weather|RainDance\n|move|p1b: Jolteon|Weather Ball|p2b: Iroh\n|-activate|p2b: Iroh|move: Protect\n|\n|-weather|RainDance|[upkeep]\n|upkeep\n|turn|9\n|\n|t:|1776457915\n|cant|p2b: Iroh|par\n|move|p1a: Manectric|Flamethrower|p2b: Iroh\n|-supereffective|p2b: Iroh|1\n|-damage|p2b: Iroh|0 fnt\n|faint|p2b: Iroh\n|\n|win|ChampPPZX\n|raw|ChampPPZX's rating: 1089 &rarr; <strong>1119</strong><br />(+30 for winning)\n|raw|firjiwater's rating: 1134 &rarr; <strong>1106</strong><br />(-28 for losing)\n|l|\u2606ChampPPZX\n|player|p1|\n",
  "uploadtime": 1776457922,
  "views": 29,
  "formatid": "gen9championsvgc2026regma",
  "rating": 1106,
  "private": 0,
  "password": null
}