{
  "id": "gen9championsvgc2026regma-2586217965",
  "format": "[Gen 9 Champions] VGC 2026 Reg M-A",
  "players": [
    "AlphaKennie1",
    "ArchangelJuicy"
  ],
  "log": "|j|\u2606AlphaKennie1\n|j|\u2606ArchangelJuicy\n|t:|1776413695\n|gametype|doubles\n|player|p1|AlphaKennie1|pokemonrangerf|1055\n|player|p2|ArchangelJuicy|265|1093\n|gen|9\n|tier|[Gen 9 Champions] VGC 2026 Reg M-A\n|rated|\n|rule|Species Clause: Limit one of each Pok\u00e9mon\n|rule|Item Clause: Limit 1 of each item\n|clearpoke\n|poke|p1|Golurk, L50|\n|poke|p1|Farigiraf, L50, F|\n|poke|p1|Salazzle, L50, F|\n|poke|p1|Weavile, L50, F|\n|poke|p1|Ditto, L50|\n|poke|p1|Glimmora, L50, F|\n|poke|p2|Volcarona, L50, F|\n|poke|p2|Garchomp, L50, F|\n|poke|p2|Gyarados, L50, M|\n|poke|p2|Whimsicott, L50, F|\n|poke|p2|Incineroar, L50, M|\n|poke|p2|Heliolisk, L50, F|\n|teampreview|4\n|inactive|Battle timer is ON: inactive players will automatically lose when time's up. (requested by AlphaKennie1)\n|inactive|ArchangelJuicy has 60 seconds left.\n|\n|t:|1776413726\n|teamsize|p1|4\n|teamsize|p2|4\n|start\n|switch|p1a: Farigiraf|Farigiraf, L50, F, shiny|100/100\n|switch|p1b: Salazzle|Salazzle, L50, F, shiny|100/100\n|switch|p2a: Sugar Slam|Whimsicott, L50, F|100/100\n|switch|p2b: Garchomp|Garchomp, L50, F|100/100\n|turn|1\n|inactive|AlphaKennie1 has 30 seconds left.\n|\n|t:|1776413756\n|move|p1b: Salazzle|Fake Out|p2a: Sugar Slam\n|-damage|p2a: Sugar Slam|92/100\n|move|p2b: Garchomp|Rock Slide|p1b: Salazzle|[spread] p1a,p1b\n|-supereffective|p1b: Salazzle|1\n|-damage|p1a: Farigiraf|79/100\n|-damage|p1b: Salazzle|40/100\n|cant|p2a: Sugar Slam|flinch\n|cant|p1a: Farigiraf|flinch\n|\n|upkeep\n|turn|2\n|\n|t:|1776413777\n|move|p2b: Garchomp|Rock Slide|p1b: Salazzle|[spread] p1a,p1b\n|-supereffective|p1b: Salazzle|1\n|-damage|p1a: Farigiraf|60/100\n|-damage|p1b: Salazzle|0 fnt\n|faint|p1b: Salazzle\n|move|p2a: Sugar Slam|Trick Room|p2a: Sugar Slam\n|-fieldstart|move: Trick Room|[of] p2a: Sugar Slam\n|move|p1a: Farigiraf|Trick Room|p1a: Farigiraf\n|-fieldend|move: Trick Room\n|\n|upkeep\n|\n|t:|1776413784\n|switch|p1b: Golurk|Golurk, L50, shiny|100/100\n|turn|3\n|\n|t:|1776413798\n|detailschange|p1b: Golurk|Golurk-Mega, L50, shiny\n|-mega|p1b: Golurk|Golurk|Golurkite\n|move|p2b: Garchomp|Stomping Tantrum|p1b: Golurk\n|-damage|p1b: Golurk|64/100\n|move|p1b: Golurk|Poltergeist|p2b: Garchomp\n|-activate|p2b: Garchomp|move: Poltergeist|Yache Berry\n|-damage|p2b: Garchomp|28/100\n|move|p2a: Sugar Slam|Trick Room|p2a: Sugar Slam\n|-fieldstart|move: Trick Room|[of] p2a: Sugar Slam\n|move|p1a: Farigiraf|Trick Room|p1a: Farigiraf\n|-fieldend|move: Trick Room\n|\n|upkeep\n|turn|4\n|\n|t:|1776413820\n|move|p2b: Garchomp|Dragon Claw|p1b: Golurk\n|-crit|p1b: Golurk\n|-damage|p1b: Golurk|8/100\n|move|p1b: Golurk|Poltergeist|p2a: Sugar Slam\n|-activate|p2a: Sugar Slam|move: Poltergeist|Focus Sash\n|-damage|p2a: Sugar Slam|0 fnt\n|faint|p2a: Sugar Slam\n|move|p1a: Farigiraf|Twin Beam|p2b: Garchomp\n|-damage|p2b: Garchomp|10/100\n|-damage|p2b: Garchomp|0 fnt\n|faint|p2b: Garchomp\n|-hitcount|p2: Garchomp|2\n|\n|upkeep\n|\n|t:|1776413834\n|switch|p2a: Mushu|Gyarados, L50, M, shiny|100/100\n|switch|p2b: Incineroar|Incineroar, L50, M|100/100\n|-ability|p2a: Mushu|Intimidate|boost\n|-unboost|p1a: Farigiraf|atk|1\n|-unboost|p1b: Golurk|atk|1\n|-ability|p2b: Incineroar|Intimidate|boost\n|-unboost|p1a: Farigiraf|atk|1\n|-unboost|p1b: Golurk|atk|1\n|turn|5\n|inactive|AlphaKennie1 has 30 seconds left.\n|inactive|ArchangelJuicy has 30 seconds left.\n|\n|t:|1776413866\n|detailschange|p2a: Mushu|Gyarados-Mega, L50, M, shiny\n|-mega|p2a: Mushu|Gyarados|Gyaradosite\n|-ability|p2a: Mushu|Mold Breaker\n|move|p2a: Mushu|Crunch|p1a: Farigiraf\n|-supereffective|p1a: Farigiraf|1\n|-damage|p1a: Farigiraf|0 fnt\n|faint|p1a: Farigiraf\n|move|p2b: Incineroar|Darkest Lariat|p1b: Golurk\n|-supereffective|p1b: Golurk|1\n|-damage|p1b: Golurk|0 fnt\n|faint|p1b: Golurk\n|\n|upkeep\n|\n|t:|1776413877\n|switch|p1b: Ditto|Ditto, L50, shiny|100/100\n|-transform|p1b: Ditto|p2a: Mushu|[from] ability: Imposter\n|-ability|p1b: Ditto|Mold Breaker\n|turn|6\n|\n|t:|1776413891\n|move|p2a: Mushu|Dragon Dance|p2a: Mushu\n|-boost|p2a: Mushu|atk|1\n|-boost|p2a: Mushu|spe|1\n|move|p1b: Ditto|Waterfall|p2b: Incineroar\n|-supereffective|p2b: Incineroar|1\n|-damage|p2b: Incineroar|31/100\n|-enditem|p2b: Incineroar|Sitrus Berry|[eat]\n|-heal|p2b: Incineroar|56/100|[from] item: Sitrus Berry\n|move|p2b: Incineroar|Parting Shot|p1b: Ditto\n|-unboost|p1b: Ditto|atk|1\n|-unboost|p1b: Ditto|spa|1\n|\n|upkeep\n|turn|7\n|\n|t:|1776413913\n|move|p2a: Mushu|Waterfall|p1b: Ditto\n|-resisted|p1b: Ditto|1\n|-damage|p1b: Ditto|62/100\n|move|p1b: Ditto|Dragon Dance|p1b: Ditto\n|-boost|p1b: Ditto|atk|1\n|-boost|p1b: Ditto|spe|1\n|move|p2b: Incineroar|Darkest Lariat|p1b: Ditto\n|-resisted|p1b: Ditto|1\n|-crit|p1b: Ditto\n|-damage|p1b: Ditto|33/100\n|\n|-heal|p1b: Ditto|39/100|[from] item: Leftovers\n|upkeep\n|turn|8\n|inactive|ArchangelJuicy has 30 seconds left.\n|inactive|ArchangelJuicy has 20 seconds left.\n|inactive|ArchangelJuicy has 15 seconds left.\n|inactive|ArchangelJuicy has 10 seconds left.\n|\n|t:|1776413959\n|move|p2a: Mushu|Waterfall|p1b: Ditto\n|-resisted|p1b: Ditto|1\n|-damage|p1b: Ditto|4/100\n|move|p1b: Ditto|Waterfall|p2b: Incineroar\n|-supereffective|p2b: Incineroar|1\n|-damage|p2b: Incineroar|0 fnt\n|faint|p2b: Incineroar\n|\n|-heal|p1b: Ditto|10/100|[from] item: Leftovers\n|upkeep\n|turn|9\n|\n|t:|1776413982\n|move|p1b: Ditto|Waterfall|p2a: Mushu\n|-resisted|p2a: Mushu|1\n|-crit|p2a: Mushu\n|-damage|p2a: Mushu|63/100\n|move|p2a: Mushu|Waterfall|p1b: Ditto\n|-resisted|p1b: Ditto|1\n|-damage|p1b: Ditto|0 fnt\n|faint|p1b: Ditto\n|\n|win|ArchangelJuicy\n|raw|AlphaKennie1's rating: 1055 &rarr; <strong>1039</strong><br />(-16 for losing)\n|raw|ArchangelJuicy's rating: 1093 &rarr; <strong>1116</strong><br />(+23 for winning)\n|c|\u2606AlphaKennie1|gg\n|l|\u2606AlphaKennie1\n|player|p1|\n|c|\u2606ArchangelJuicy|gg\n",
  "uploadtime": 1776413998,
  "views": 15,
  "formatid": "gen9championsvgc2026regma",
  "rating": 1039,
  "private": 0,
  "password": null
}