{
  "id": "gen9championsvgc2026regma-2582876444",
  "format": "[Gen 9 Champions] VGC 2026 Reg M-A",
  "players": [
    "loved um",
    "testhan92"
  ],
  "log": "|j|\u2606loved um\n|j|\u2606testhan92\n|t:|1776121232\n|gametype|doubles\n|player|p1|loved um|ghetsis-gen5bw|1114\n|player|p2|testhan92|1|1212\n|gen|9\n|tier|[Gen 9 Champions] VGC 2026 Reg M-A\n|rated|\n|rule|Species Clause: Limit one of each Pok\u00e9mon\n|rule|Item Clause: Limit 1 of each item\n|clearpoke\n|poke|p1|Delphox, L50, F|\n|poke|p1|Garchomp, L50, M|\n|poke|p1|Farigiraf, L50, F|\n|poke|p1|Incineroar, L50, M|\n|poke|p1|Gallade, L50, M|\n|poke|p1|Tyranitar, L50, F|\n|poke|p2|Empoleon, L50, F|\n|poke|p2|Meganium, L50, M|\n|poke|p2|Basculegion, L50, M|\n|poke|p2|Politoed, L50, M|\n|poke|p2|Incineroar, L50, M|\n|poke|p2|Aerodactyl, L50, M|\n|teampreview|4\n|\n|t:|1776121273\n|teamsize|p1|4\n|teamsize|p2|4\n|start\n|switch|p1a: Farigiraf|Farigiraf, L50, F|100/100\n|switch|p1b: Incineroar|Incineroar, L50, M|100/100\n|switch|p2a: Empoleon|Empoleon, L50, F|100/100\n|switch|p2b: Meganium|Meganium, L50, M|100/100\n|-ability|p1b: Incineroar|Intimidate|boost\n|-unboost|p2a: Empoleon|atk|1\n|-ability|p2a: Empoleon|Competitive|boost\n|-boost|p2a: Empoleon|spa|2\n|-unboost|p2b: Meganium|atk|1\n|turn|1\n|\n|t:|1776121303\n|detailschange|p2b: Meganium|Meganium-Mega, L50, M\n|-mega|p2b: Meganium|Meganium|Meganiumite\n|move|p1b: Incineroar|Fake Out|p2a: Empoleon\n|-resisted|p2a: Empoleon|1\n|-damage|p2a: Empoleon|94/100\n|cant|p2a: Empoleon|flinch\n|move|p2b: Meganium|Solar Beam||[still]\n|-prepare|p2b: Meganium|Solar Beam\n|-activate|p2b: Meganium|ability: Mega Sol\n|-anim|p2b: Meganium|Solar Beam|p1a: Farigiraf\n|-damage|p1a: Farigiraf|48/100\n|-enditem|p1a: Farigiraf|Sitrus Berry|[eat]\n|-heal|p1a: Farigiraf|72/100|[from] item: Sitrus Berry\n|move|p1a: Farigiraf|Trick Room|p1a: Farigiraf\n|-fieldstart|move: Trick Room|[of] p1a: Farigiraf\n|\n|upkeep\n|turn|2\n|\n|t:|1776121333\n|move|p2b: Meganium|Protect|p2b: Meganium\n|-singleturn|p2b: Meganium|Protect\n|move|p1b: Incineroar|Flare Blitz|p2b: Meganium\n|-activate|p2b: Meganium|move: Protect\n|move|p1a: Farigiraf|Hyper Voice|p2b: Meganium|[spread] p2a\n|-activate|p2b: Meganium|move: Protect\n|-resisted|p2a: Empoleon|1\n|-crit|p2a: Empoleon\n|-damage|p2a: Empoleon|72/100\n|move|p2a: Empoleon|Hydro Pump|p1b: Incineroar\n|-supereffective|p1b: Incineroar|1\n|-damage|p1b: Incineroar|0 fnt\n|faint|p1b: Incineroar\n|\n|upkeep\n|\n|t:|1776121347\n|switch|p1b: Gallade|Gallade, L50, M|100/100\n|turn|3\n|\n|t:|1776121372\n|move|p1a: Farigiraf|Hyper Voice|p2a: Empoleon|[spread] p2a,p2b\n|-resisted|p2a: Empoleon|1\n|-damage|p2a: Empoleon|59/100\n|-damage|p2b: Meganium|78/100\n|move|p1b: Gallade|Sacred Sword|p2a: Empoleon\n|-supereffective|p2a: Empoleon|1\n|-damage|p2a: Empoleon|0 fnt\n|faint|p2a: Empoleon\n|move|p2b: Meganium|Dazzling Gleam|p1b: Gallade|[spread] p1a,p1b\n|-supereffective|p1b: Gallade|1\n|-damage|p1a: Farigiraf|45/100\n|-damage|p1b: Gallade|38/100\n|\n|upkeep\n|\n|t:|1776121384\n|switch|p2a: Incineroar|Incineroar, L50, M|100/100\n|-ability|p2a: Incineroar|Intimidate|boost\n|-unboost|p1a: Farigiraf|atk|1\n|-unboost|p1b: Gallade|atk|1\n|turn|4\n|\n|t:|1776121398\n|move|p1a: Farigiraf|Hyper Voice|p2b: Meganium|[spread] p2a,p2b\n|-damage|p2a: Incineroar|83/100\n|-damage|p2b: Meganium|58/100\n|move|p1b: Gallade|Psycho Cut|p2b: Meganium\n|-damage|p2b: Meganium|21/100\n|move|p2a: Incineroar|Throat Chop|p1a: Farigiraf\n|-supereffective|p1a: Farigiraf|1\n|-damage|p1a: Farigiraf|0 fnt\n|faint|p1a: Farigiraf\n|move|p2b: Meganium|Dazzling Gleam|p1b: Gallade\n|-supereffective|p1b: Gallade|1\n|-damage|p1b: Gallade|0 fnt\n|faint|p1b: Gallade\n|\n|upkeep\n|\n|t:|1776121410\n|switch|p1b: Tyranitar|Tyranitar, L50, F|100/100\n|-weather|Sandstorm|[from] ability: Sand Stream|[of] p1b: Tyranitar\n|turn|5\n|\n|t:|1776121421\n|switch|p2a: Politoed|Politoed, L50, M|100/100\n|-weather|RainDance|[from] ability: Drizzle|[of] p2a: Politoed\n|move|p2b: Meganium|Protect|p2b: Meganium\n|-singleturn|p2b: Meganium|Protect\n|move|p1b: Tyranitar|Rock Slide|p2a: Politoed|[spread] p2a\n|-activate|p2b: Meganium|move: Protect\n|-damage|p2a: Politoed|59/100\n|\n|-weather|RainDance|[upkeep]\n|-fieldend|move: Trick Room\n|upkeep\n|turn|6\n|\n|t:|1776121441\n|switch|p2a: Incineroar|Incineroar, L50, M|83/100\n|-ability|p2a: Incineroar|Intimidate|boost\n|-unboost|p1b: Tyranitar|atk|1\n|move|p2b: Meganium|Solar Beam||[still]\n|-prepare|p2b: Meganium|Solar Beam\n|-activate|p2b: Meganium|ability: Mega Sol\n|-anim|p2b: Meganium|Solar Beam|p1b: Tyranitar\n|-supereffective|p1b: Tyranitar|1\n|-damage|p1b: Tyranitar|0 fnt\n|faint|p1b: Tyranitar\n|\n|win|testhan92\n|raw|loved um's rating: 1114 &rarr; <strong>1096</strong><br />(-18 for losing)\n|raw|testhan92's rating: 1212 &rarr; <strong>1230</strong><br />(+18 for winning)\n|l|\u2606loved um\n|player|p1|\n",
  "uploadtime": 1776121472,
  "views": 14,
  "formatid": "gen9championsvgc2026regma",
  "rating": 1096,
  "private": 0,
  "password": null
}