{
  "id": "gen9championsvgc2026regma-2588778846",
  "format": "[Gen 9 Champions] VGC 2026 Reg M-A",
  "players": [
    "annannanna",
    "sujaybhoite"
  ],
  "log": "|j|\u2606annannanna\n|j|\u2606sujaybhoite\n|t:|1776669669\n|gametype|doubles\n|player|p1|annannanna|caitlin|1048\n|player|p2|sujaybhoite|koga|1052\n|gen|9\n|tier|[Gen 9 Champions] VGC 2026 Reg M-A\n|rated|\n|rule|Species Clause: Limit one of each Pok\u00e9mon\n|rule|Item Clause: Limit 1 of each item\n|clearpoke\n|poke|p1|Starmie, L50|\n|poke|p1|Pelipper, L50, M|\n|poke|p1|Raichu, L50, F|\n|poke|p1|Archaludon, L50, F|\n|poke|p1|Serperior, L50, M|\n|poke|p1|Sneasler, L50, F|\n|poke|p2|Gallade, L50, M, shiny|\n|poke|p2|Aerodactyl, L50, M|\n|poke|p2|Archaludon, L50, M|\n|poke|p2|Basculegion-F, L50, F|\n|poke|p2|Incineroar, L50, M|\n|poke|p2|Sylveon, L50, M|\n|teampreview|4\n|inactive|Battle timer is ON: inactive players will automatically lose when time's up. (requested by sujaybhoite)\n|inactive|annannanna has 60 seconds left.\n|\n|t:|1776669720\n|teamsize|p1|4\n|teamsize|p2|4\n|start\n|switch|p1a: Raichu|Raichu, L50, F|100/100\n|switch|p1b: Serperior|Serperior, L50, M|100/100\n|switch|p2a: Gallade|Gallade, L50, M, shiny|100/100\n|switch|p2b: Aerodactyl|Aerodactyl, L50, M|100/100\n|-ability|p2b: Aerodactyl|Unnerve\n|turn|1\n|\n|t:|1776669744\n|detailschange|p2a: Gallade|Gallade-Mega, L50, M, shiny\n|-mega|p2a: Gallade|Gallade|Galladite\n|move|p1a: Raichu|Fake Out|p2b: Aerodactyl\n|-resisted|p2b: Aerodactyl|1\n|-damage|p2b: Aerodactyl|91/100\n|cant|p2b: Aerodactyl|flinch\n|move|p1b: Serperior|Taunt|p2b: Aerodactyl\n|-start|p2b: Aerodactyl|move: Taunt\n|move|p2a: Gallade|Swords Dance|p2a: Gallade\n|-boost|p2a: Gallade|atk|2\n|\n|upkeep\n|turn|2\n|inactive|sujaybhoite has 30 seconds left.\n|inactive|sujaybhoite has 20 seconds left.\n|\n|t:|1776669784\n|switch|p2b: Basculegion|Basculegion-F, L50, F|100/100\n|move|p1b: Serperior|Taunt|p2a: Gallade\n|-start|p2a: Gallade|move: Taunt\n|move|p1a: Raichu|Nuzzle|p2a: Gallade\n|-damage|p2a: Gallade|90/100\n|-status|p2a: Gallade|par\n|cant|p2a: Gallade|par\n|\n|upkeep\n|turn|3\n|inactive|annannanna has 30 seconds left.\n|inactive|sujaybhoite has 30 seconds left.\n|\n|t:|1776669817\n|move|p2b: Basculegion|Hydro Pump|p1a: Raichu\n|-enditem|p1a: Raichu|Focus Sash\n|-damage|p1a: Raichu|1/100\n|move|p1b: Serperior|Leaf Storm|p2b: Basculegion\n|-supereffective|p2b: Basculegion|1\n|-damage|p2b: Basculegion|0 fnt\n|-boost|p1b: Serperior|spa|2\n|faint|p2b: Basculegion\n|move|p1a: Raichu|Knock Off|p2a: Gallade\n|-damage|p2a: Gallade|66/100 par\n|move|p2a: Gallade|Sacred Sword|p1b: Serperior\n|-damage|p1b: Serperior|0 fnt\n|faint|p1b: Serperior\n|\n|upkeep\n|\n|t:|1776669837\n|switch|p1b: Starmie|Starmie, L50|100/100\n|switch|p2b: Aerodactyl|Aerodactyl, L50, M|91/100\n|-ability|p2b: Aerodactyl|Unnerve\n|turn|4\n|\n|t:|1776669862\n|detailschange|p1b: Starmie|Starmie-Mega, L50\n|-mega|p1b: Starmie|Starmie|Starminite\n|move|p2b: Aerodactyl|Tailwind|p2b: Aerodactyl\n|-sidestart|p2: sujaybhoite|move: Tailwind\n|move|p1a: Raichu|Nuzzle|p2b: Aerodactyl\n|-supereffective|p2b: Aerodactyl|1\n|-damage|p2b: Aerodactyl|64/100\n|-status|p2b: Aerodactyl|par\n|move|p1b: Starmie|Flip Turn|p2a: Gallade\n|-damage|p2a: Gallade|0 fnt\n|faint|p2a: Gallade\n|\n|t:|1776669871\n|switch|p1b: Archaludon|Archaludon, L50, F|100/100|[from] Flip Turn\n|\n|upkeep\n|\n|t:|1776669874\n|switch|p2a: Sylveon|Sylveon, L50, M|100/100\n|turn|5\n|\n|t:|1776669884\n|move|p1a: Raichu|Protect|p1a: Raichu\n|-singleturn|p1a: Raichu|Protect\n|move|p1b: Archaludon|Flash Cannon|p2a: Sylveon\n|-supereffective|p2a: Sylveon|1\n|-damage|p2a: Sylveon|23/100\n|move|p2b: Aerodactyl|Rock Slide|p1a: Raichu|[spread] p1b\n|-activate|p1a: Raichu|move: Protect\n|-resisted|p1b: Archaludon|1\n|-damage|p1b: Archaludon|90/100\n|move|p2a: Sylveon|Hyper Beam|p1b: Archaludon|[miss]\n|-miss|p2a: Sylveon|p1b: Archaludon\n|\n|upkeep\n|turn|6\n|-message|sujaybhoite forfeited.\n|\n|win|annannanna\n|raw|annannanna's rating: 1048 &rarr; <strong>1081</strong><br />(+33 for winning)\n|raw|sujaybhoite's rating: 1052 &rarr; <strong>1034</strong><br />(-18 for losing)\n|l|\u2606sujaybhoite\n|player|p2|\n",
  "uploadtime": 1776669902,
  "views": 9,
  "formatid": "gen9championsvgc2026regma",
  "rating": 1034,
  "private": 0,
  "password": null
}