{
  "id": "gen9championsvgc2026regma-2584190421",
  "format": "[Gen 9 Champions] VGC 2026 Reg M-A",
  "players": [
    "Icicle220",
    "Quackers2446"
  ],
  "log": "|j|\u2606Icicle220\n|j|\u2606Quackers2446\n|t:|1776236235\n|gametype|doubles\n|player|p1|Icicle220|clemont|1091\n|player|p2|Quackers2446|veteran|1134\n|gen|9\n|tier|[Gen 9 Champions] VGC 2026 Reg M-A\n|rated|\n|rule|Species Clause: Limit one of each Pok\u00e9mon\n|rule|Item Clause: Limit 1 of each item\n|clearpoke\n|poke|p1|Sinistcha, L50|\n|poke|p1|Incineroar, L50, F|\n|poke|p1|Archaludon, L50, M|\n|poke|p1|Pelipper, L50, F|\n|poke|p1|Basculegion, L50, M|\n|poke|p1|Meganium, L50, F|\n|poke|p2|Greninja-*, L50, M|\n|poke|p2|Ninetales-Alola, L50, M|\n|poke|p2|Delphox, L50, M|\n|poke|p2|Sinistcha-Masterpiece, L50|\n|poke|p2|Sneasler, L50, F|\n|poke|p2|Aerodactyl, L50, F|\n|teampreview|4\n|inactive|Battle timer is ON: inactive players will automatically lose when time's up. (requested by Icicle220)\n|inactive|Quackers2446 has 60 seconds left.\n|\n|t:|1776236273\n|teamsize|p1|4\n|teamsize|p2|4\n|start\n|switch|p1a: Incineroar|Incineroar, L50, F|100/100\n|switch|p1b: Meganium|Meganium, L50, F|100/100\n|switch|p2a: Ninetales|Ninetales-Alola, L50, M, shiny|100/100\n|switch|p2b: Greninja|Greninja, L50, M, shiny|100/100\n|-weather|Snowscape|[from] ability: Snow Warning|[of] p2a: Ninetales\n|-ability|p1a: Incineroar|Intimidate|boost\n|-unboost|p2a: Ninetales|atk|1\n|-unboost|p2b: Greninja|atk|1\n|turn|1\n|\n|t:|1776236292\n|detailschange|p1b: Meganium|Meganium-Mega, L50, F\n|-mega|p1b: Meganium|Meganium|Meganiumite\n|move|p1a: Incineroar|Fake Out|p2b: Greninja\n|-damage|p2b: Greninja|79/100\n|move|p2a: Ninetales|Aurora Veil|p2a: Ninetales\n|-sidestart|p2: Quackers2446|move: Aurora Veil\n|cant|p2b: Greninja|flinch\n|move|p1b: Meganium|Solar Beam||[still]\n|-prepare|p1b: Meganium|Solar Beam\n|-activate|p1b: Meganium|ability: Mega Sol\n|-anim|p1b: Meganium|Solar Beam|p2b: Greninja\n|-supereffective|p2b: Greninja|1\n|-damage|p2b: Greninja|0 fnt\n|faint|p2b: Greninja\n|\n|-weather|Snowscape|[upkeep]\n|upkeep\n|\n|t:|1776236306\n|switch|p2b: Delphox|Delphox, L50, M, shiny|100/100\n|turn|2\n|\n|t:|1776236319\n|switch|p1a: Pelipper|Pelipper, L50, F|100/100\n|-weather|RainDance|[from] ability: Drizzle|[of] p1a: Pelipper\n|detailschange|p2b: Delphox|Delphox-Mega, L50, M, shiny\n|-mega|p2b: Delphox|Delphox|Delphoxite\n|move|p2b: Delphox|Calm Mind|p2b: Delphox\n|-boost|p2b: Delphox|spa|1\n|-boost|p2b: Delphox|spd|1\n|move|p2a: Ninetales|Blizzard|p1b: Meganium|[spread] p1b\n|-miss|p2a: Ninetales|p1a: Pelipper\n|-supereffective|p1b: Meganium|1\n|-damage|p1b: Meganium|34/100\n|move|p1b: Meganium|Weather Ball|p2a: Ninetales\n|-supereffective|p2a: Ninetales|1\n|-damage|p2a: Ninetales|8/100\n|\n|-weather|RainDance|[upkeep]\n|upkeep\n|turn|3\n|inactive|Icicle220 has 30 seconds left.\n|\n|t:|1776236350\n|switch|p1b: Incineroar|Incineroar, L50, F|100/100\n|-ability|p1b: Incineroar|Intimidate|boost\n|-unboost|p2a: Ninetales|atk|1\n|-unboost|p2b: Delphox|atk|1\n|move|p2b: Delphox|Psychic|p1a: Pelipper\n|-enditem|p1a: Pelipper|Focus Sash\n|-damage|p1a: Pelipper|1/100\n|move|p2a: Ninetales|Blizzard|p1a: Pelipper|[spread] p1a\n|-miss|p2a: Ninetales|p1b: Incineroar\n|-damage|p1a: Pelipper|0 fnt\n|faint|p1a: Pelipper\n|\n|-weather|RainDance|[upkeep]\n|upkeep\n|\n|t:|1776236353\n|switch|p1a: Basculegion|Basculegion, L50, M|100/100\n|turn|4\n|\n|t:|1776236367\n|switch|p2a: Sinistcha|Sinistcha-Masterpiece, L50, shiny|100/100\n|move|p2b: Delphox|Protect|p2b: Delphox\n|-singleturn|p2b: Delphox|Protect\n|move|p1b: Incineroar|Fake Out|p2a: Sinistcha\n|-immune|p2a: Sinistcha\n|move|p1a: Basculegion|Wave Crash|p2b: Delphox\n|-activate|p2b: Delphox|move: Protect\n|\n|-weather|RainDance|[upkeep]\n|upkeep\n|turn|5\n|\n|t:|1776236393\n|switch|p2b: Ninetales|Ninetales-Alola, L50, M, shiny|8/100\n|-weather|Snowscape|[from] ability: Snow Warning|[of] p2b: Ninetales\n|move|p1a: Basculegion|Wave Crash|p2b: Ninetales\n|-damage|p2b: Ninetales|0 fnt\n|faint|p2b: Ninetales\n|-damage|p1a: Basculegion|98/100|[from] Recoil\n|move|p2a: Sinistcha|Matcha Gotcha|p1b: Incineroar|[spread] p1a,p1b\n|-supereffective|p1a: Basculegion|1\n|-resisted|p1b: Incineroar|1\n|-damage|p1a: Basculegion|40/100\n|-damage|p1b: Incineroar|89/100\n|-status|p1a: Basculegion|brn\n|move|p1b: Incineroar|Snarl|p2a: Sinistcha\n|-supereffective|p2a: Sinistcha|1\n|-damage|p2a: Sinistcha|82/100\n|-unboost|p2a: Sinistcha|spa|1\n|\n|-weather|Snowscape|[upkeep]\n|-damage|p1a: Basculegion|33/100 brn|[from] brn\n|-sideend|p2: Quackers2446|move: Aurora Veil\n|upkeep\n|\n|t:|1776236408\n|switch|p2b: Delphox|Delphox-Mega, L50, M, shiny|100/100\n|turn|6\n|inactive|Quackers2446 has 30 seconds left.\n|\n|t:|1776236434\n|move|p2a: Sinistcha|Rage Powder|p2a: Sinistcha\n|-singleturn|p2a: Sinistcha|move: Rage Powder\n|move|p2b: Delphox|Psychic|p1a: Basculegion\n|-damage|p1a: Basculegion|0 fnt\n|faint|p1a: Basculegion\n|move|p1b: Incineroar|Snarl|p2a: Sinistcha|[spread] p2a,p2b\n|-supereffective|p2a: Sinistcha|1\n|-supereffective|p2b: Delphox|1\n|-damage|p2a: Sinistcha|62/100\n|-damage|p2b: Delphox|77/100\n|-unboost|p2a: Sinistcha|spa|1\n|-unboost|p2b: Delphox|spa|1\n|\n|-weather|Snowscape|[upkeep]\n|upkeep\n|\n|t:|1776236437\n|switch|p1a: Meganium|Meganium-Mega, L50, F|34/100\n|turn|7\n|\n|t:|1776236457\n|move|p2b: Delphox|Heat Wave|p1b: Incineroar|[spread] p1a,p1b\n|-supereffective|p1a: Meganium|1\n|-resisted|p1b: Incineroar|1\n|-damage|p1a: Meganium|0 fnt\n|-damage|p1b: Incineroar|74/100\n|faint|p1a: Meganium\n|move|p2a: Sinistcha|Life Dew|p2a: Sinistcha|[spread] p2a,p2b\n|-heal|p2a: Sinistcha|86/100\n|-heal|p2b: Delphox|100/100\n|move|p1b: Incineroar|Flare Blitz|p2a: Sinistcha\n|-supereffective|p2a: Sinistcha|1\n|-damage|p2a: Sinistcha|0 fnt\n|faint|p2a: Sinistcha\n|-damage|p1b: Incineroar|48/100|[from] Recoil\n|\n|-weather|Snowscape|[upkeep]\n|upkeep\n|turn|8\n|\n|t:|1776236471\n|move|p2b: Delphox|Heat Wave|p1b: Incineroar\n|-resisted|p1b: Incineroar|1\n|-damage|p1b: Incineroar|30/100\n|move|p1b: Incineroar|Snarl|p2b: Delphox\n|-supereffective|p2b: Delphox|1\n|-damage|p2b: Delphox|72/100\n|-unboost|p2b: Delphox|spa|1\n|\n|-weather|Snowscape|[upkeep]\n|upkeep\n|turn|9\n|\n|t:|1776236475\n|move|p2b: Delphox|Heat Wave|p1b: Incineroar\n|-resisted|p1b: Incineroar|1\n|-damage|p1b: Incineroar|15/100\n|move|p1b: Incineroar|Snarl|p2b: Delphox\n|-supereffective|p2b: Delphox|1\n|-damage|p2b: Delphox|40/100\n|-unboost|p2b: Delphox|spa|1\n|\n|-weather|none\n|upkeep\n|turn|10\n|\n|t:|1776236481\n|move|p2b: Delphox|Heat Wave|p1b: Incineroar\n|-resisted|p1b: Incineroar|1\n|-damage|p1b: Incineroar|4/100\n|move|p1b: Incineroar|Flare Blitz|p2b: Delphox\n|-resisted|p2b: Delphox|1\n|-damage|p2b: Delphox|0 fnt\n|faint|p2b: Delphox\n|-damage|p1b: Incineroar|0 fnt|[from] Recoil\n|faint|p1b: Incineroar\n|\n|win|Icicle220\n|raw|Icicle220's rating: 1091 &rarr; <strong>1121</strong><br />(+30 for winning)\n|raw|Quackers2446's rating: 1134 &rarr; <strong>1106</strong><br />(-28 for losing)\n|l|\u2606Quackers2446\n|player|p2|\n",
  "uploadtime": 1776236505,
  "views": 38,
  "formatid": "gen9championsvgc2026regma",
  "rating": 1106,
  "private": 0,
  "password": null
}