{
  "id": "gen9championsvgc2026regma-2587035732",
  "format": "[Gen 9 Champions] VGC 2026 Reg M-A",
  "players": [
    "posh14",
    "mrguy888"
  ],
  "log": "|j|\u2606posh14\n|j|\u2606mrguy888\n|t:|1776483671\n|gametype|doubles\n|player|p1|posh14|morty|1246\n|player|p2|mrguy888|noland-gen3|1284\n|gen|9\n|tier|[Gen 9 Champions] VGC 2026 Reg M-A\n|rated|\n|rule|Species Clause: Limit one of each Pok\u00e9mon\n|rule|Item Clause: Limit 1 of each item\n|clearpoke\n|poke|p1|Charizard, L50, M|\n|poke|p1|Incineroar, L50, F|\n|poke|p1|Kingambit, L50, F|\n|poke|p1|Milotic, L50, F|\n|poke|p1|Sinistcha, L50|\n|poke|p1|Ninetales-Alola, L50, M|\n|poke|p2|Floette-Eternal, L50, F|\n|poke|p2|Aerodactyl, L50, F|\n|poke|p2|Tauros-Paldea-Aqua, L50, M|\n|poke|p2|Kangaskhan, L50, F|\n|poke|p2|Rotom-Heat, L50|\n|poke|p2|Aegislash, L50, M|\n|teampreview|4\n|inactive|Battle timer is ON: inactive players will automatically lose when time's up. (requested by mrguy888)\n|inactive|posh14 also wants the timer to be on.\n|inactive|posh14 has 60 seconds left.\n|\n|t:|1776483724\n|teamsize|p1|4\n|teamsize|p2|4\n|start\n|switch|p1a: Ninetales|Ninetales-Alola, L50, M|100/100\n|switch|p1b: Bailando|Incineroar, L50, F, shiny|100/100\n|switch|p2a: Rotom|Rotom-Heat, L50|100/100\n|switch|p2b: Floette|Floette-Eternal, L50, F|100/100\n|-weather|Snowscape|[from] ability: Snow Warning|[of] p1a: Ninetales\n|-ability|p1b: Bailando|Intimidate|boost\n|-unboost|p2a: Rotom|atk|1\n|-unboost|p2b: Floette|atk|1\n|turn|1\n|inactive|mrguy888 has 30 seconds left.\n|\n|t:|1776483751\n|detailschange|p2b: Floette|Floette-Mega, L50, F\n|-mega|p2b: Floette|Floette|Floettite\n|-ability|p2b: Floette|Fairy Aura\n|move|p1b: Bailando|Fake Out|p2a: Rotom\n|-damage|p2a: Rotom|88/100\n|cant|p2a: Rotom|flinch\n|move|p1a: Ninetales|Aurora Veil|p1a: Ninetales\n|-sidestart|p1: posh14|move: Aurora Veil\n|move|p2b: Floette|Calm Mind|p2b: Floette\n|-boost|p2b: Floette|spa|1\n|-boost|p2b: Floette|spd|1\n|\n|-weather|Snowscape|[upkeep]\n|upkeep\n|turn|2\n|\n|t:|1776483773\n|move|p2a: Rotom|Volt Switch|p1b: Bailando\n|-damage|p1b: Bailando|86/100\n|\n|t:|1776483776\n|switch|p2a: Tauros|Tauros-Paldea-Aqua, L50, M|100/100|[from] Volt Switch\n|-ability|p2a: Tauros|Intimidate|boost\n|-unboost|p1a: Ninetales|atk|1\n|-unboost|p1b: Bailando|atk|1\n|move|p1a: Ninetales|Encore|p2b: Floette\n|-start|p2b: Floette|Encore\n|move|p2b: Floette|Calm Mind|p2b: Floette\n|-boost|p2b: Floette|spa|1\n|-boost|p2b: Floette|spd|1\n|move|p1b: Bailando|Parting Shot|p2a: Tauros\n|-unboost|p2a: Tauros|atk|1\n|-unboost|p2a: Tauros|spa|1\n|\n|t:|1776483786\n|switch|p1b: Lucyinthesky|Charizard, L50, M, shiny|100/100|[from] Parting Shot\n|-enditem|p2a: Tauros|White Herb\n|-clearnegativeboost|p2a: Tauros|[silent]\n|\n|-weather|Snowscape|[upkeep]\n|upkeep\n|turn|3\n|\n|t:|1776483801\n|detailschange|p1b: Lucyinthesky|Charizard-Mega-X, L50, M, shiny\n|-mega|p1b: Lucyinthesky|Charizard|Charizardite X\n|move|p1a: Ninetales|Blizzard|p2a: Tauros|[spread] p2a,p2b\n|-resisted|p2a: Tauros|1\n|-damage|p2a: Tauros|75/100\n|-damage|p2b: Floette|89/100\n|-status|p2a: Tauros|frz\n|move|p1b: Lucyinthesky|Belly Drum|p1b: Lucyinthesky\n|-damage|p1b: Lucyinthesky|51/100\n|-setboost|p1b: Lucyinthesky|atk|6|[from] move: Belly Drum\n|-curestatus|p2a: Tauros|frz|[msg]\n|move|p2a: Tauros|Wave Crash|p1b: Lucyinthesky\n|-crit|p1b: Lucyinthesky\n|-damage|p1b: Lucyinthesky|0 fnt\n|faint|p1b: Lucyinthesky\n|-damage|p2a: Tauros|55/100|[from] Recoil\n|move|p2b: Floette|Calm Mind|p2b: Floette\n|-boost|p2b: Floette|spa|1\n|-boost|p2b: Floette|spd|1\n|\n|-weather|Snowscape|[upkeep]\n|upkeep\n|\n|t:|1776483812\n|switch|p1b: Sinistcha|Sinistcha, L50|100/100\n|turn|4\n|\n|t:|1776483830\n|switch|p2a: Rotom|Rotom-Heat, L50|88/100\n|move|p1a: Ninetales|Blizzard|p2b: Floette|[spread] p2a,p2b\n|-resisted|p2a: Rotom|1\n|-damage|p2a: Rotom|70/100\n|-damage|p2b: Floette|80/100\n|move|p2b: Floette|Calm Mind|p2b: Floette\n|-boost|p2b: Floette|spa|1\n|-boost|p2b: Floette|spd|1\n|move|p1b: Sinistcha|Matcha Gotcha|p2b: Floette|[spread] p2a,p2b\n|-resisted|p2a: Rotom|1\n|-damage|p2a: Rotom|57/100\n|-damage|p2b: Floette|75/100\n|\n|-weather|Snowscape|[upkeep]\n|-end|p2b: Floette|Encore\n|upkeep\n|turn|5\n|\n|t:|1776483850\n|switch|p1b: Bailando|Incineroar, L50, F, shiny|86/100\n|-ability|p1b: Bailando|Intimidate|boost\n|-unboost|p2a: Rotom|atk|1\n|-unboost|p2b: Floette|atk|1\n|move|p2b: Floette|Protect|p2b: Floette\n|-singleturn|p2b: Floette|Protect\n|move|p2a: Rotom|Volt Switch|p1b: Bailando\n|-damage|p1b: Bailando|74/100\n|\n|t:|1776483858\n|switch|p2a: Aerodactyl|Aerodactyl, L50, F|100/100|[from] Volt Switch\n|-ability|p2a: Aerodactyl|Unnerve\n|move|p1a: Ninetales|Encore|p2b: Floette\n|-activate|p2b: Floette|move: Protect\n|\n|-weather|none\n|-sideend|p1: posh14|move: Aurora Veil\n|upkeep\n|turn|6\n|\n|t:|1776483872\n|switch|p1a: Sinistcha|Sinistcha, L50|100/100\n|-heal|p1b: Bailando|99/100|[from] ability: Hospitality|[of] p1a: Sinistcha\n|switch|p2b: Rotom|Rotom-Heat, L50|57/100\n|move|p1b: Bailando|Fake Out|p2b: Rotom\n|-damage|p2b: Rotom|46/100\n|move|p2a: Aerodactyl|Tailwind|p2a: Aerodactyl\n|-sidestart|p2: mrguy888|move: Tailwind\n|\n|upkeep\n|turn|7\n|\n|t:|1776483888\n|move|p1b: Bailando|Fake Out||[still]\n|-hint|Fake Out only works on your first turn out.\n|-fail|p1b: Bailando\n|move|p2b: Rotom|Overheat|p1a: Sinistcha\n|-supereffective|p1a: Sinistcha|1\n|-damage|p1a: Sinistcha|3/100\n|-unboost|p2b: Rotom|spa|2\n|move|p2a: Aerodactyl|Rock Slide|p1a: Sinistcha|[spread] p1a,p1b\n|-supereffective|p1b: Bailando|1\n|-damage|p1a: Sinistcha|0 fnt\n|-damage|p1b: Bailando|53/100\n|faint|p1a: Sinistcha\n|\n|upkeep\n|-message|posh14 forfeited.\n|\n|win|mrguy888\n|raw|posh14's rating: 1246 &rarr; <strong>1224</strong><br />(-22 for losing)\n|raw|mrguy888's rating: 1284 &rarr; <strong>1306</strong><br />(+22 for winning)\n|l|\u2606posh14\n|player|p1|\n",
  "uploadtime": 1776483899,
  "views": 30,
  "formatid": "gen9championsvgc2026regma",
  "rating": 1224,
  "private": 0,
  "password": null
}