{
  "id": "gen9championsvgc2026regma-2582350070",
  "format": "[Gen 9 Champions] VGC 2026 Reg M-A",
  "players": [
    "fericlay",
    "Mask4M"
  ],
  "log": "|j|\u2606fericlay\n|j|\u2606Mask4M\n|t:|1776085531\n|gametype|doubles\n|player|p1|fericlay|102|1113\n|player|p2|Mask4M|101|1155\n|gen|9\n|tier|[Gen 9 Champions] VGC 2026 Reg M-A\n|rated|\n|rule|Species Clause: Limit one of each Pok\u00e9mon\n|rule|Item Clause: Limit 1 of each item\n|clearpoke\n|poke|p1|Floette-Eternal, L50, F|\n|poke|p1|Incineroar, L50, F|\n|poke|p1|Sinistcha-Masterpiece, L50|\n|poke|p1|Garchomp, L50, F|\n|poke|p1|Farigiraf, L50, M|\n|poke|p1|Kingambit, L50, M|\n|poke|p2|Glimmora, L50, M|\n|poke|p2|Froslass, L50, F|\n|poke|p2|Sneasler, L50, F|\n|poke|p2|Incineroar, L50, F|\n|poke|p2|Whimsicott, L50, F|\n|poke|p2|Gyarados, L50, M|\n|teampreview|4\nMask4M has agreed to open team sheets.\n|inactive|Battle timer is ON: inactive players will automatically lose when time's up. (requested by fericlay)\n|inactive|Mask4M has 60 seconds left.\n|\n|t:|1776085588\n|teamsize|p1|4\n|teamsize|p2|4\n|start\n|switch|p1a: Garchomp|Garchomp, L50, F|100/100\n|switch|p1b: Kingambit|Kingambit, L50, M|100/100\n|switch|p2a: Incineroar|Incineroar, L50, F|100/100\n|switch|p2b: Sneasler|Sneasler, L50, F|100/100\n|-ability|p2a: Incineroar|Intimidate|boost\n|-unboost|p1a: Garchomp|atk|1\n|-unboost|p1b: Kingambit|atk|1\n|-ability|p1b: Kingambit|Defiant|boost\n|-boost|p1b: Kingambit|atk|2\n|turn|1\n|inactive|Mask4M has 30 seconds left.\n|inactive|Mask4M has 20 seconds left.\n|\n|t:|1776085626\n|move|p1b: Kingambit|Protect|p1b: Kingambit\n|-singleturn|p1b: Kingambit|Protect\n|move|p2a: Incineroar|Fake Out|p1a: Garchomp\n|-crit|p1a: Garchomp\n|-damage|p1a: Garchomp|84/100\n|-damage|p2a: Incineroar|88/100|[from] ability: Rough Skin|[of] p1a: Garchomp\n|cant|p1a: Garchomp|flinch\n|move|p2b: Sneasler|Close Combat|p1b: Kingambit\n|-activate|p1b: Kingambit|move: Protect\n|\n|upkeep\n|turn|2\n|inactive|Mask4M has 30 seconds left.\n|inactive|fericlay has 30 seconds left.\n|inactive|fericlay has 20 seconds left.\n|\n|t:|1776085667\n|switch|p1a: Incineroar|Incineroar, L50, F|100/100\n|-ability|p1a: Incineroar|Intimidate|boost\n|-unboost|p2a: Incineroar|atk|1\n|-unboost|p2b: Sneasler|atk|1\n|-enditem|p2b: Sneasler|White Herb\n|-clearnegativeboost|p2b: Sneasler|[silent]\n|switch|p2b: Gyarados|Gyarados, L50, M|100/100\n|-ability|p2b: Gyarados|Intimidate|boost\n|-unboost|p1a: Incineroar|atk|1\n|-unboost|p1b: Kingambit|atk|1\n|-ability|p1b: Kingambit|Defiant|boost\n|-boost|p1b: Kingambit|atk|2\n|move|p2a: Incineroar|Flare Blitz|p1b: Kingambit\n|-supereffective|p1b: Kingambit|1\n|-damage|p1b: Kingambit|54/100\n|-damage|p2a: Incineroar|73/100|[from] Recoil\n|move|p1b: Kingambit|Kowtow Cleave|p2b: Gyarados\n|-damage|p2b: Gyarados|7/100\n|\n|-heal|p2b: Gyarados|13/100|[from] item: Leftovers\n|upkeep\n|turn|3\n|inactive|fericlay has 30 seconds left.\n|inactive|Mask4M has 30 seconds left.\n|inactive|Mask4M has 20 seconds left.\n|inactive|Mask4M has 15 seconds left.\n|inactive|Mask4M has 10 seconds left.\n|\n|t:|1776085715\n|switch|p2a: Sneasler|Sneasler, L50, F|100/100\n|move|p2b: Gyarados|Protect|p2b: Gyarados\n|-singleturn|p2b: Gyarados|Protect\n|move|p1b: Kingambit|Sucker Punch||[still]\n|-fail|p1b: Kingambit\n|move|p1a: Incineroar|Parting Shot|p2a: Sneasler\n|-unboost|p2a: Sneasler|atk|1\n|-unboost|p2a: Sneasler|spa|1\n|\n|t:|1776085725\n|switch|p1a: Garchomp|Garchomp, L50, F|84/100|[from] Parting Shot\n|\n|-heal|p2b: Gyarados|19/100|[from] item: Leftovers\n|upkeep\n|turn|4\n|\n|t:|1776085748\n|move|p2a: Sneasler|Fake Out|p1a: Garchomp\n|-damage|p1a: Garchomp|75/100\n|-damage|p2a: Sneasler|88/100|[from] ability: Rough Skin|[of] p1a: Garchomp\n|move|p1b: Kingambit|Sucker Punch|p2b: Gyarados\n|-damage|p2b: Gyarados|0 fnt\n|faint|p2b: Gyarados\n|cant|p1a: Garchomp|flinch\n|\n|upkeep\n|\n|t:|1776085756\n|switch|p2b: Glimmora|Glimmora, L50, M|100/100\n|turn|5\n|inactive|Mask4M has 30 seconds left.\n|inactive|Mask4M has 20 seconds left.\n|inactive|Mask4M has 15 seconds left.\n|inactive|Mask4M has 10 seconds left.\n|\n|t:|1776085802\n|move|p2b: Glimmora|Spiky Shield|p2b: Glimmora\n|-singleturn|p2b: Glimmora|move: Protect\n|move|p1b: Kingambit|Protect|p1b: Kingambit\n|-singleturn|p1b: Kingambit|Protect\n|move|p1a: Garchomp|Earthquake|p2a: Sneasler|[spread] p2a\n|-activate|p1b: Kingambit|move: Protect\n|-activate|p2b: Glimmora|move: Protect\n|-supereffective|p2a: Sneasler|1\n|-damage|p2a: Sneasler|0 fnt\n|faint|p2a: Sneasler\n|\n|upkeep\n|\n|t:|1776085810\n|switch|p2a: Incineroar|Incineroar, L50, F|73/100\n|-ability|p2a: Incineroar|Intimidate|boost\n|-unboost|p1a: Garchomp|atk|1\n|-unboost|p1b: Kingambit|atk|1\n|-ability|p1b: Kingambit|Defiant|boost\n|-boost|p1b: Kingambit|atk|2\n|turn|6\n|-message|Mask4M forfeited.\n|\n|win|fericlay\n|raw|fericlay's rating: 1113 &rarr; <strong>1141</strong><br />(+28 for winning)\n|raw|Mask4M's rating: 1155 &rarr; <strong>1127</strong><br />(-28 for losing)\n|l|\u2606fericlay\n|player|p1|\n",
  "uploadtime": 1776085824,
  "views": 13,
  "formatid": "gen9championsvgc2026regma",
  "rating": 1127,
  "private": 0,
  "password": null
}