{
  "id": "gen9championsvgc2026regma-2583972829",
  "format": "[Gen 9 Champions] VGC 2026 Reg M-A",
  "players": [
    "zaxa",
    "toririn8000"
  ],
  "log": "|j|\u2606zaxa\n|j|\u2606toririn8000\n|t:|1776213125\n|gametype|doubles\n|player|p1|zaxa|cynthia|1127\n|player|p2|toririn8000|rosa|1200\n|gen|9\n|tier|[Gen 9 Champions] VGC 2026 Reg M-A\n|rated|\n|rule|Species Clause: Limit one of each Pok\u00e9mon\n|rule|Item Clause: Limit 1 of each item\n|clearpoke\n|poke|p1|Incineroar, L50, F|\n|poke|p1|Feraligatr, L50, F|\n|poke|p1|Pelipper, L50, F|\n|poke|p1|Basculegion, L50, M|\n|poke|p1|Starmie, L50|\n|poke|p1|Sneasler, L50, F|\n|poke|p2|Slowbro, L50, M|\n|poke|p2|Sneasler, L50, F|\n|poke|p2|Sinistcha, L50|\n|poke|p2|Volcarona, L50, F|\n|poke|p2|Kingambit, L50, F|\n|poke|p2|Clefable, L50, F|\n|teampreview|4\n|inactive|Battle timer is ON: inactive players will automatically lose when time's up. (requested by toririn8000)\n|inactive|zaxa has 60 seconds left.\n|inactive|toririn8000 has 60 seconds left.\n|\n|t:|1776213165\n|teamsize|p1|4\n|teamsize|p2|4\n|start\n|switch|p1a: Feraligatr|Feraligatr, L50, F|100/100\n|switch|p1b: Sneasler|Sneasler, L50, F|100/100\n|switch|p2a: Slowbro|Slowbro, L50, M|100/100\n|switch|p2b: Kingambit|Kingambit, L50, F|100/100\n|turn|1\n|inactive|zaxa has 30 seconds left.\n|inactive|zaxa has 20 seconds left.\n|inactive|zaxa has 15 seconds left.\n|\n|t:|1776213208\n|switch|p2b: Sneasler|Sneasler, L50, F|100/100\n|detailschange|p1a: Feraligatr|Feraligatr-Mega, L50, F\n|-mega|p1a: Feraligatr|Feraligatr|Feraligite\n|detailschange|p2a: Slowbro|Slowbro-Mega, L50, M\n|-mega|p2a: Slowbro|Slowbro|Slowbronite\n|move|p1b: Sneasler|Fake Out|p2b: Sneasler\n|-damage|p2b: Sneasler|72/100\n|-immune|p2b: Sneasler\n|move|p1a: Feraligatr|Liquidation|p2b: Sneasler\n|-damage|p2b: Sneasler|0 fnt\n|faint|p2b: Sneasler\n|move|p2a: Slowbro|Scald|p1a: Feraligatr\n|-resisted|p1a: Feraligatr|2\n|-damage|p1a: Feraligatr|90/100\n|\n|upkeep\n|\n|t:|1776213223\n|switch|p2b: Sinistcha|Sinistcha, L50|100/100\n|turn|2\n|\n|t:|1776213238\n|move|p1a: Feraligatr|Protect|p1a: Feraligatr\n|-singleturn|p1a: Feraligatr|Protect\n|move|p1b: Sneasler|Coaching|p1a: Feraligatr\n|-boost|p1a: Feraligatr|atk|1\n|-boost|p1a: Feraligatr|def|1\n|move|p2a: Slowbro|Calm Mind|p2a: Slowbro\n|-boost|p2a: Slowbro|spa|1\n|-boost|p2a: Slowbro|spd|1\n|move|p2b: Sinistcha|Trick Room|p2b: Sinistcha\n|-fieldstart|move: Trick Room|[of] p2b: Sinistcha\n|\n|upkeep\n|turn|3\n|\n|t:|1776213258\n|move|p2a: Slowbro|Scald|p1a: Feraligatr\n|-resisted|p1a: Feraligatr|2\n|-damage|p1a: Feraligatr|75/100\n|-status|p1a: Feraligatr|brn\n|move|p2b: Sinistcha|Matcha Gotcha|p1b: Sneasler|[spread] p1a,p1b\n|-resisted|p1b: Sneasler|1\n|-damage|p1a: Feraligatr|47/100 brn\n|-damage|p1b: Sneasler|85/100\n|move|p1a: Feraligatr|Double-Edge|p2a: Slowbro\n|-damage|p2a: Slowbro|68/100\n|-damage|p1a: Feraligatr|35/100 brn|[from] Recoil\n|move|p1b: Sneasler|Gunk Shot|p2b: Sinistcha\n|-damage|p2b: Sinistcha|40/100\n|\n|-damage|p1a: Feraligatr|29/100 brn|[from] brn\n|upkeep\n|turn|4\n|inactive|zaxa has 30 seconds left.\n|\n|t:|1776213284\n|switch|p1b: Pelipper|Pelipper, L50, F|100/100\n|-weather|RainDance|[from] ability: Drizzle|[of] p1b: Pelipper\n|move|p1a: Feraligatr|Protect|p1a: Feraligatr\n|-singleturn|p1a: Feraligatr|Protect\n|move|p2a: Slowbro|Scald|p1b: Pelipper\n|-resisted|p1b: Pelipper|1\n|-damage|p1b: Pelipper|30/100\n|move|p2b: Sinistcha|Life Dew|p2b: Sinistcha|[spread] p2a,p2b\n|-heal|p2a: Slowbro|94/100\n|-heal|p2b: Sinistcha|65/100\n|\n|-weather|RainDance|[upkeep]\n|-damage|p1a: Feraligatr|22/100 brn|[from] brn\n|upkeep\n|turn|5\n|\n|t:|1776213308\n|switch|p1a: Basculegion|Basculegion, L50, M|100/100\n|move|p1b: Pelipper|Protect|p1b: Pelipper\n|-singleturn|p1b: Pelipper|Protect\n|move|p2a: Slowbro|Scald|p1b: Pelipper\n|-activate|p1b: Pelipper|move: Protect\n|move|p2b: Sinistcha|Matcha Gotcha|p1b: Pelipper|[spread] p1a\n|-activate|p1b: Pelipper|move: Protect\n|-supereffective|p1a: Basculegion|1\n|-damage|p1a: Basculegion|42/100\n|-heal|p2b: Sinistcha|98/100|[from] drain|[of] p1a: Basculegion\n|\n|-weather|RainDance|[upkeep]\n|upkeep\n|turn|6\n|inactive|zaxa has 30 seconds left.\n|\n|t:|1776213341\n|switch|p1a: Feraligatr|Feraligatr-Mega, L50, F|22/100 brn\n|move|p2a: Slowbro|Scald|p1b: Pelipper\n|-resisted|p1b: Pelipper|1\n|-damage|p1b: Pelipper|0 fnt\n|faint|p1b: Pelipper\n|move|p2b: Sinistcha|Matcha Gotcha|p1a: Feraligatr\n|-crit|p1a: Feraligatr\n|-damage|p1a: Feraligatr|0 fnt\n|-heal|p2b: Sinistcha|100/100|[from] drain|[of] p1a: Feraligatr\n|faint|p1a: Feraligatr\n|\n|-weather|RainDance|[upkeep]\n|-fieldend|move: Trick Room\n|upkeep\n|\n|t:|1776213358\n|switch|p1a: Sneasler|Sneasler, L50, F|85/100\n|switch|p1b: Basculegion|Basculegion, L50, M|42/100\n|turn|7\n|\n|t:|1776213379\n|switch|p2b: Kingambit|Kingambit, L50, F|100/100\n|move|p2a: Slowbro|Protect|p2a: Slowbro\n|-singleturn|p2a: Slowbro|Protect\n|move|p1b: Basculegion|Last Respects|p2a: Slowbro\n|-activate|p2a: Slowbro|move: Protect\n|move|p1a: Sneasler|Gunk Shot|p2b: Kingambit\n|-immune|p2b: Kingambit\n|\n|-weather|RainDance|[upkeep]\n|upkeep\n|turn|8\n|\n|t:|1776213393\n|move|p2b: Kingambit|Sucker Punch|p1b: Basculegion\n|-supereffective|p1b: Basculegion|1\n|-damage|p1b: Basculegion|0 fnt\n|faint|p1b: Basculegion\n|move|p1a: Sneasler|Rock Slide|p2a: Slowbro|[spread] p2a,p2b\n|-resisted|p2b: Kingambit|1\n|-damage|p2a: Slowbro|83/100\n|-damage|p2b: Kingambit|92/100\n|cant|p2a: Slowbro|flinch\n|\n|-weather|none\n|upkeep\n|turn|9\n|\n|t:|1776213406\n|move|p1a: Sneasler|Rock Slide|p2a: Slowbro|[spread] p2a,p2b\n|-resisted|p2b: Kingambit|1\n|-damage|p2a: Slowbro|73/100\n|-damage|p2b: Kingambit|85/100\n|move|p2b: Kingambit|Iron Head|p1a: Sneasler\n|-damage|p1a: Sneasler|0 fnt\n|faint|p1a: Sneasler\n|\n|win|toririn8000\n|raw|zaxa's rating: 1127 &rarr; <strong>1107</strong><br />(-20 for losing)\n|raw|toririn8000's rating: 1200 &rarr; <strong>1220</strong><br />(+20 for winning)\n",
  "uploadtime": 1776213412,
  "views": 17,
  "formatid": "gen9championsvgc2026regma",
  "rating": 1107,
  "private": 0,
  "password": null
}