{
  "id": "gen9championsvgc2026regma-2582486208",
  "format": "[Gen 9 Champions] VGC 2026 Reg M-A",
  "players": [
    "5wamp",
    "SanjiQ"
  ],
  "log": "|j|\u26065wamp\n|j|\u2606SanjiQ\n|html|<table width=\"100%\"><tr><td align=\"left\">5wamp</td><td align=\"right\">SanjiQ</tr><tr><td align=\"left\"><i class=\"fa fa-circle\"></i> <i class=\"fa fa-circle-o\"></i> </td><td align=\"right\"><i class=\"fa fa-circle-o\"></i> <i class=\"fa fa-circle-o\"></i> </tr></table>\n|uhtml|bestof|<h2><strong>Game 2</strong> of <a href=\"/game-bestof3-gen9championsvgc2026regma-2582483269\">a best-of-3</a></h2>\n|t:|1776094770\n|gametype|doubles\n|player|p1|5wamp|iono-masters|\n|player|p2|SanjiQ|n|\n|gen|9\n|tier|[Gen 9 Champions] VGC 2026 Reg M-A\n|rated|Tournament battle\n|rule|Species Clause: Limit one of each Pok\u00e9mon\n|rule|Item Clause: Limit 1 of each item\n|raw|<div class=\"infobox\"><details class=\"readmore\" open><summary><strong>2 custom rules:</strong></summary> Force Open Team Sheets, Best of = 3</details></div>\n|clearpoke\n|poke|p1|Floette-Eternal, L50, F|\n|poke|p1|Sneasler, L50, M|\n|poke|p1|Basculegion, L50, M|\n|poke|p1|Aerodactyl, L50, M|\n|poke|p1|Kingambit, L50, M|\n|poke|p1|Incineroar, L50, M|\n|poke|p2|Charizard, L50, M|\n|poke|p2|Incineroar, L50, F|\n|poke|p2|Whimsicott, L50, F|\n|poke|p2|Basculegion, L50, M|\n|poke|p2|Orthworm, L50, F|\n|poke|p2|Garchomp, L50, M|\n|teampreview|4\n|showteam|p1|Floette-Eternal||Floettite|FlowerVeil|Moonblast,DazzlingGleam,DrainingKiss,Protect|||F|||50|]Sneasler||WhiteHerb|Unburden|FakeOut,CloseCombat,DireClaw,Protect|||M|||50|]Basculegion||ChoiceScarf|Adaptability|WaveCrash,LastRespects,AquaJet,FlipTurn|||M|||50|]Aerodactyl||FocusSash|Unnerve|RockSlide,DualWingbeat,Tailwind,Protect|||M|||50|]Kingambit||ChopleBerry|Defiant|IronHead,LowKick,SuckerPunch,Protect|||M|||50|]Incineroar||SitrusBerry|Intimidate|FakeOut,FlareBlitz,ThroatChop,PartingShot|||M|||50|\n|showteam|p2|Charizard||CharizarditeY|SolarPower|AncientPower,HeatWave,SolarBeam,Protect|||M|||50|]Incineroar||LumBerry|Intimidate|PartingShot,DarkestLariat,FlareBlitz,FakeOut|||F|||50|]Whimsicott||Leftovers|Prankster|Moonblast,Tailwind,Protect,SunnyDay|||F|||50|]Basculegion||ChoiceScarf|Adaptability|AquaJet,LastRespects,WaveCrash,FlipTurn|||M|||50|]Orthworm||SitrusBerry|EarthEater|BodyPress,IronDefense,Protect,ShedTail|||F|||50|]Garchomp||FocusSash|RoughSkin|DragonClaw,Earthquake,RockSlide,Protect|||M|||50|\n|inactive|Battle timer is ON: inactive players will automatically lose when time's up. (requested by 5wamp)\n|j|@Therazer456\n|j| StarX99\n|\n|t:|1776094793\n|teamsize|p1|4\n|teamsize|p2|4\n|start\n|switch|p1a: Sneasler|Sneasler, L50, M|100/100\n|switch|p1b: Aerodactyl|Aerodactyl, L50, M|100/100\n|switch|p2a: Basculegion|Basculegion, L50, M|100/100\n|switch|p2b: Garchomp|Garchomp, L50, M|100/100\n|-ability|p1b: Aerodactyl|Unnerve\n|turn|1\n|\n|t:|1776094814\n|move|p2b: Garchomp|Protect|p2b: Garchomp\n|-singleturn|p2b: Garchomp|Protect\n|move|p1b: Aerodactyl|Rock Slide|p2a: Basculegion|[spread] p2a\n|-activate|p2b: Garchomp|move: Protect\n|-damage|p2a: Basculegion|69/100\n|move|p2a: Basculegion|Flip Turn|p1b: Aerodactyl\n|-supereffective|p1b: Aerodactyl|1\n|-enditem|p1b: Aerodactyl|Focus Sash\n|-damage|p1b: Aerodactyl|1/100\n|\n|t:|1776094824\n|switch|p2a: Whimsicott|Whimsicott, L50, F|100/100|[from] Flip Turn\n|move|p1a: Sneasler|Close Combat|p2b: Garchomp\n|-activate|p2b: Garchomp|move: Protect\n|\n|upkeep\n|turn|2\n|\n|t:|1776094838\n|switch|p1a: Floette|Floette-Eternal, L50, F|100/100\n|move|p2a: Whimsicott|Tailwind|p2a: Whimsicott\n|-sidestart|p2: SanjiQ|move: Tailwind\n|move|p2b: Garchomp|Earthquake|p1b: Aerodactyl|[spread] p2a,p1a\n|-immune|p1b: Aerodactyl\n|-resisted|p2a: Whimsicott|1\n|-damage|p2a: Whimsicott|70/100\n|-damage|p1a: Floette|59/100\n|move|p1b: Aerodactyl|Tailwind|p1b: Aerodactyl\n|-sidestart|p1: 5wamp|move: Tailwind\n|\n|-heal|p2a: Whimsicott|76/100|[from] item: Leftovers\n|upkeep\n|turn|3\n|j| Lorul\n|\n|t:|1776094860\n|detailschange|p1a: Floette|Floette-Mega, L50, F\n|-mega|p1a: Floette|Floette|Floettite\n|-ability|p1a: Floette|Fairy Aura\n|move|p1b: Aerodactyl|Dual Wingbeat|p2a: Whimsicott\n|-supereffective|p2a: Whimsicott|1\n|-damage|p2a: Whimsicott|17/100\n|-supereffective|p2a: Whimsicott|1\n|-damage|p2a: Whimsicott|0 fnt\n|faint|p2a: Whimsicott\n|-hitcount|p2: Whimsicott|2\n|move|p2b: Garchomp|Rock Slide|p1b: Aerodactyl|[spread] p1a\n|-miss|p2b: Garchomp|p1b: Aerodactyl\n|-damage|p1a: Floette|40/100\n|move|p1a: Floette|Draining Kiss|p2b: Garchomp\n|-supereffective|p2b: Garchomp|1\n|-damage|p2b: Garchomp|19/100\n|-heal|p1a: Floette|100/100|[from] drain|[of] p2b: Garchomp\n|-damage|p1a: Floette|88/100|[from] ability: Rough Skin|[of] p2b: Garchomp\n|\n|upkeep\n|j| reanschawrzer\n|\n|t:|1776094881\n|switch|p2a: Basculegion|Basculegion, L50, M|69/100\n|turn|4\n|\n|t:|1776094895\n|move|p2a: Basculegion|Aqua Jet|p1b: Aerodactyl\n|-supereffective|p1b: Aerodactyl|1\n|-damage|p1b: Aerodactyl|0 fnt\n|faint|p1b: Aerodactyl\n|move|p2b: Garchomp|Rock Slide|p1a: Floette\n|-damage|p1a: Floette|63/100\n|cant|p1a: Floette|flinch\n|\n|upkeep\n|\n|t:|1776094902\n|switch|p1b: Sneasler|Sneasler, L50, M|100/100\n|turn|5\n|\n|t:|1776094911\n|move|p2a: Basculegion|Aqua Jet|p1b: Sneasler\n|-crit|p1b: Sneasler\n|-damage|p1b: Sneasler|27/100\n|move|p1b: Sneasler|Dire Claw|p2a: Basculegion\n|-resisted|p2a: Basculegion|1\n|-damage|p2a: Basculegion|40/100\n|-status|p2a: Basculegion|par\n|move|p2b: Garchomp|Rock Slide|p1b: Sneasler|[spread] p1a\n|-miss|p2b: Garchomp|p1b: Sneasler\n|-damage|p1a: Floette|46/100\n|move|p1a: Floette|Dazzling Gleam|p2b: Garchomp|[spread] p2a,p2b\n|-crit|p2a: Basculegion\n|-supereffective|p2b: Garchomp|1\n|-damage|p2a: Basculegion|0 fnt\n|-damage|p2b: Garchomp|0 fnt\n|faint|p2a: Basculegion\n|faint|p2b: Garchomp\n|\n|-sideend|p1: 5wamp|move: Tailwind\n|-sideend|p2: SanjiQ|move: Tailwind\n|upkeep\n|\n|t:|1776094929\n|switch|p2b: Charizard|Charizard, L50, M|100/100\n|turn|6\n|\n|t:|1776094935\n|detailschange|p2b: Charizard|Charizard-Mega-Y, L50, M\n|-mega|p2b: Charizard|Charizard|Charizardite Y\n|-weather|SunnyDay|[from] ability: Drought|[of] p2b: Charizard\n|move|p1b: Sneasler|Dire Claw|p2b: Charizard\n|-damage|p2b: Charizard|42/100\n|-status|p2b: Charizard|slp\n|cant|p2b: Charizard|slp\n|move|p1a: Floette|Moonblast|p2b: Charizard\n|-resisted|p2b: Charizard|1\n|-damage|p2b: Charizard|4/100 slp\n|\n|-weather|SunnyDay|[upkeep]\n|upkeep\n|turn|7\n|j| TG511\n|\n|t:|1776094951\n|cant|p2b: Charizard|slp\n|move|p1b: Sneasler|Dire Claw|p2b: Charizard\n|-damage|p2b: Charizard|0 fnt\n|faint|p2b: Charizard\n|\n|win|5wamp\n",
  "uploadtime": 1776094951,
  "views": 12,
  "formatid": "gen9championsvgc2026regma",
  "rating": null,
  "private": 0,
  "password": null
}