{
  "id": "gen9championsvgc2026regma-2588859160",
  "format": "[Gen 9 Champions] VGC 2026 Reg M-A",
  "players": [
    "GiggleTron67",
    "anez0410"
  ],
  "log": "|j|\u2606GiggleTron67\n|j|\u2606anez0410\n|t:|1776679427\n|gametype|doubles\n|player|p1|GiggleTron67|169|1078\n|player|p2|anez0410|pokemaniac|1108\n|gen|9\n|tier|[Gen 9 Champions] VGC 2026 Reg M-A\n|rated|\n|rule|Species Clause: Limit one of each Pok\u00e9mon\n|rule|Item Clause: Limit 1 of each item\n|clearpoke\n|poke|p1|Dragonite, L50, F|\n|poke|p1|Basculegion, L50, M|\n|poke|p1|Kingambit, L50, M|\n|poke|p1|Sneasler, L50, F|\n|poke|p1|Delphox, L50, F|\n|poke|p1|Clefable, L50, M|\n|poke|p2|Lopunny, L50, M|\n|poke|p2|Kingambit, L50, F|\n|poke|p2|Garchomp, L50, M|\n|poke|p2|Incineroar, L50, M|\n|poke|p2|Whimsicott, L50, F|\n|poke|p2|Clefable, L50, M|\n|teampreview|4\n|\n|t:|1776679466\n|teamsize|p1|4\n|teamsize|p2|4\n|start\n|switch|p1a: Basculegion|Basculegion, L50, M|100/100\n|switch|p1b: Sneasler|Sneasler, L50, F|100/100\n|switch|p2a: Lopunny|Lopunny, L50, M|100/100\n|switch|p2b: Garchomp|Garchomp, L50, M|100/100\n|turn|1\n|\n|t:|1776679487\n|detailschange|p2a: Lopunny|Lopunny-Mega, L50, M\n|-mega|p2a: Lopunny|Lopunny|Lopunnite\n|move|p1b: Sneasler|Protect|p1b: Sneasler\n|-singleturn|p1b: Sneasler|Protect\n|move|p2a: Lopunny|Fake Out|p1a: Basculegion\n|-crit|p1a: Basculegion\n|-damage|p1a: Basculegion|63/100\n|move|p2b: Garchomp|Swords Dance|p2b: Garchomp\n|-boost|p2b: Garchomp|atk|2\n|cant|p1a: Basculegion|flinch\n|\n|upkeep\n|turn|2\n|\n|t:|1776679510\n|move|p2a: Lopunny|U-turn|p1a: Basculegion\n|-resisted|p1a: Basculegion|1\n|-damage|p1a: Basculegion|49/100\n|\n|t:|1776679514\n|switch|p2a: Whimsicott|Whimsicott, L50, F|100/100|[from] U-turn\n|move|p1b: Sneasler|Close Combat|p2b: Garchomp\n|-damage|p2b: Garchomp|37/100\n|-unboost|p1b: Sneasler|def|1\n|-unboost|p1b: Sneasler|spd|1\n|-damage|p1b: Sneasler|88/100|[from] ability: Rough Skin|[of] p2b: Garchomp\n|move|p2b: Garchomp|Earthquake|p1b: Sneasler|[spread] p2a,p1a,p1b\n|-resisted|p2a: Whimsicott|1\n|-supereffective|p1b: Sneasler|1\n|-damage|p2a: Whimsicott|28/100\n|-damage|p1a: Basculegion|0 fnt\n|-damage|p1b: Sneasler|0 fnt\n|faint|p1a: Basculegion\n|faint|p1b: Sneasler\n|\n|upkeep\n|\n|t:|1776679526\n|switch|p1b: Clefable|Clefable, L50, M|100/100\n|switch|p1a: Delphox|Delphox, L50, F|100/100\n|turn|3\n|\n|t:|1776679544\n|detailschange|p1a: Delphox|Delphox-Mega, L50, F\n|-mega|p1a: Delphox|Delphox|Delphoxite\n|move|p1b: Clefable|Follow Me|p1b: Clefable\n|-singleturn|p1b: Clefable|move: Follow Me\n|move|p2a: Whimsicott|Tailwind|p2a: Whimsicott\n|-sidestart|p2: anez0410|move: Tailwind\n|move|p2b: Garchomp|Earthquake|p1b: Clefable|[spread] p2a,p1b\n|-immune|p1a: Delphox|[from] ability: Levitate\n|-resisted|p2a: Whimsicott|1\n|-damage|p2a: Whimsicott|0 fnt\n|-damage|p1b: Clefable|25/100\n|-enditem|p1b: Clefable|Sitrus Berry|[eat]\n|-heal|p1b: Clefable|50/100|[from] item: Sitrus Berry\n|faint|p2a: Whimsicott\n|move|p1a: Delphox|Heat Wave|p2b: Garchomp|[miss]\n|-miss|p1a: Delphox|p2b: Garchomp\n|\n|upkeep\n|\n|t:|1776679557\n|switch|p2a: Lopunny|Lopunny-Mega, L50, M|100/100\n|turn|4\n|\n|t:|1776679572\n|move|p1b: Clefable|Helping Hand|p1a: Delphox\n|-singleturn|p1a: Delphox|Helping Hand|[of] p1b: Clefable\n|move|p2a: Lopunny|Fake Out|p1a: Delphox\n|-damage|p1a: Delphox|68/100\n|move|p2b: Garchomp|Earthquake|p1a: Delphox|[spread] p2a,p1b\n|-immune|p1a: Delphox|[from] ability: Levitate\n|-damage|p2a: Lopunny|0 fnt\n|-damage|p1b: Clefable|0 fnt\n|faint|p2a: Lopunny\n|faint|p1b: Clefable\n|cant|p1a: Delphox|flinch\n|\n|upkeep\n|\n|t:|1776679584\n|switch|p2a: Kingambit|Kingambit, L50, F|100/100\n|-activate|p2a: Kingambit|ability: Supreme Overlord\n|-start|p2a: Kingambit|fallen2|[silent]\n|turn|5\n|\n|t:|1776679592\n|move|p2b: Garchomp|Protect|p2b: Garchomp\n|-singleturn|p2b: Garchomp|Protect\n|move|p2a: Kingambit|Sucker Punch||[still]\n|-fail|p2a: Kingambit\n|move|p1a: Delphox|Substitute|p1a: Delphox\n|-start|p1a: Delphox|Substitute\n|-damage|p1a: Delphox|43/100\n|\n|upkeep\n|turn|6\n|\n|t:|1776679602\n|move|p1a: Delphox|Protect|p1a: Delphox\n|-singleturn|p1a: Delphox|Protect\n|move|p2a: Kingambit|Protect|p2a: Kingambit\n|-singleturn|p2a: Kingambit|Protect\n|move|p2b: Garchomp|Earthquake|p1a: Delphox|[spread] \n|-activate|p2a: Kingambit|move: Protect\n|-activate|p1a: Delphox|move: Protect\n|\n|-sideend|p2: anez0410|move: Tailwind\n|upkeep\n|turn|7\n|\n|t:|1776679615\n|move|p2a: Kingambit|Sucker Punch|p1a: Delphox\n|-supereffective|p1a: Delphox|1\n|-end|p1a: Delphox|Substitute\n|move|p1a: Delphox|Heat Wave|p2a: Kingambit|[spread] p2a,p2b\n|-supereffective|p2a: Kingambit|1\n|-resisted|p2b: Garchomp|1\n|-damage|p2a: Kingambit|21/100\n|-damage|p2b: Garchomp|15/100\n|move|p2b: Garchomp|Dragon Claw|p1a: Delphox\n|-damage|p1a: Delphox|0 fnt\n|faint|p1a: Delphox\n|\n|win|anez0410\n|raw|GiggleTron67's rating: 1078 &rarr; <strong>1058</strong><br />(-20 for losing)\n|raw|anez0410's rating: 1108 &rarr; <strong>1131</strong><br />(+23 for winning)\n|l|\u2606GiggleTron67\n|player|p1|\n",
  "uploadtime": 1776679713,
  "views": 28,
  "formatid": "gen9championsvgc2026regma",
  "rating": 1058,
  "private": 0,
  "password": null
}