{
  "id": "gen9championsvgc2026regma-2586931141",
  "format": "[Gen 9 Champions] VGC 2026 Reg M-A",
  "players": [
    "lakeandbake",
    "aaaaaaaaaaaaalk"
  ],
  "log": "|j|\u203dlakeandbake\n|j|\u2606aaaaaaaaaaaaalk\n|t:|1776472960\n|gametype|doubles\n|player|p1|lakeandbake|iono-masters|1112\n|player|p2|aaaaaaaaaaaaalk|101|1040\n|gen|9\n|tier|[Gen 9 Champions] VGC 2026 Reg M-A\n|rated|\n|rule|Species Clause: Limit one of each Pok\u00e9mon\n|rule|Item Clause: Limit 1 of each item\n|clearpoke\n|poke|p1|Incineroar, L50, M|\n|poke|p1|Floette-Eternal, L50, F|\n|poke|p1|Delphox, L50, F|\n|poke|p1|Garchomp, L50, F|\n|poke|p1|Aerodactyl, L50, M|\n|poke|p1|Maushold, L50|\n|poke|p2|Gengar, L50, M|\n|poke|p2|Primarina, L50, M|\n|poke|p2|Talonflame, L50, M|\n|poke|p2|Sneasler, L50, M|\n|poke|p2|Sableye, L50, F|\n|poke|p2|Basculegion, L50, M|\n|teampreview|4\n|inactive|Battle timer is ON: inactive players will automatically lose when time's up. (requested by lakeandbake)\n|\n|t:|1776472987\n|teamsize|p1|4\n|teamsize|p2|4\n|start\n|switch|p1a: Garchomp|Garchomp, L50, F|100/100\n|switch|p1b: Aerodactyl|Aerodactyl, L50, M|100/100\n|switch|p2a: Talonflame|Talonflame, L50, M|100/100\n|switch|p2b: Sneasler|Sneasler, L50, M|100/100\n|-ability|p1b: Aerodactyl|Unnerve\n|-ability|p2b: Sneasler|Pressure\n|turn|1\n|inactive|aaaaaaaaaaaaalk has 30 seconds left.\n|\n|t:|1776473020\n|switch|p1a: Incineroar|Incineroar, L50, M, shiny|100/100\n|-ability|p1a: Incineroar|Intimidate|boost\n|-unboost|p2a: Talonflame|atk|1\n|-unboost|p2b: Sneasler|atk|1\n|-enditem|p2b: Sneasler|White Herb\n|-clearnegativeboost|p2b: Sneasler|[silent]\n|move|p2b: Sneasler|Fake Out|p1b: Aerodactyl\n|-resisted|p1b: Aerodactyl|1\n|-damage|p1b: Aerodactyl|89/100\n|move|p2a: Talonflame|Tailwind|p2a: Talonflame\n|-sidestart|p2: aaaaaaaaaaaaalk|move: Tailwind\n|cant|p1b: Aerodactyl|flinch\n|\n|upkeep\n|turn|2\n|\n|t:|1776473036\n|move|p1a: Incineroar|Fake Out|p2a: Talonflame\n|-damage|p2a: Talonflame|86/100\n|move|p2b: Sneasler|Close Combat|p1a: Incineroar\n|-supereffective|p1a: Incineroar|1\n|-damage|p1a: Incineroar|0 fnt\n|-unboost|p2b: Sneasler|def|1\n|-unboost|p2b: Sneasler|spd|1\n|faint|p1a: Incineroar\n|cant|p2a: Talonflame|flinch\n|move|p1b: Aerodactyl|Dual Wingbeat|p2b: Sneasler\n|-supereffective|p2b: Sneasler|1\n|-damage|p2b: Sneasler|10/100\n|-supereffective|p2b: Sneasler|1\n|-damage|p2b: Sneasler|0 fnt\n|faint|p2b: Sneasler\n|-hitcount|p2: Sneasler|2\n|\n|upkeep\n|\n|t:|1776473052\n|switch|p2b: Primarina|Primarina, L50, M|100/100\n|switch|p1a: Delphox|Delphox, L50, F|100/100\n|turn|3\n|inactive|lakeandbake has 30 seconds left.\n|\n|t:|1776473083\n|detailschange|p1a: Delphox|Delphox-Mega, L50, F\n|-mega|p1a: Delphox|Delphox|Delphoxite\n|move|p1a: Delphox|Protect|p1a: Delphox\n|-singleturn|p1a: Delphox|Protect\n|move|p2a: Talonflame|Dual Wingbeat|p1a: Delphox\n|-activate|p1a: Delphox|move: Protect\n|move|p1b: Aerodactyl|Tailwind|p1b: Aerodactyl\n|-sidestart|p1: lakeandbake|move: Tailwind\n|move|p2b: Primarina|Hyper Voice|p1a: Delphox|[spread] p1b\n|-activate|p1a: Delphox|move: Protect\n|-supereffective|p1b: Aerodactyl|1\n|-damage|p1b: Aerodactyl|0 fnt\n|faint|p1b: Aerodactyl\n|\n|upkeep\n|\n|t:|1776473096\n|switch|p1b: Garchomp|Garchomp, L50, F|100/100\n|turn|4\n|\n|t:|1776473112\n|move|p1a: Delphox|Psyshock|p2b: Primarina\n|-damage|p2b: Primarina|54/100\n|move|p2a: Talonflame|Dual Wingbeat|p1a: Delphox\n|-damage|p1a: Delphox|85/100\n|-damage|p1a: Delphox|68/100\n|-hitcount|p1a: Delphox|2\n|move|p1b: Garchomp|Rock Slide|p2a: Talonflame|[spread] p2a,p2b\n|-supereffective|p2a: Talonflame|2\n|-damage|p2a: Talonflame|0 fnt\n|-damage|p2b: Primarina|32/100\n|faint|p2a: Talonflame\n|cant|p2b: Primarina|flinch\n|\n|-heal|p2b: Primarina|38/100|[from] item: Leftovers\n|-sideend|p2: aaaaaaaaaaaaalk|move: Tailwind\n|upkeep\n|\n|t:|1776473125\n|switch|p2a: Gengar|Gengar, L50, M, shiny|100/100\n|turn|5\n|\n|t:|1776473136\n|detailschange|p2a: Gengar|Gengar-Mega, L50, M, shiny\n|-mega|p2a: Gengar|Gengar|Gengarite\n|move|p2b: Primarina|Protect|p2b: Primarina\n|-singleturn|p2b: Primarina|Protect\n|move|p1a: Delphox|Psyshock|p2b: Primarina\n|-activate|p2b: Primarina|move: Protect\n|move|p1b: Garchomp|Earthquake|p2b: Primarina|[spread] p2a\n|-activate|p2b: Primarina|move: Protect\n|-immune|p1a: Delphox|[from] ability: Levitate\n|-supereffective|p2a: Gengar|1\n|-crit|p2a: Gengar\n|-damage|p2a: Gengar|0 fnt\n|faint|p2a: Gengar\n|\n|-heal|p2b: Primarina|44/100|[from] item: Leftovers\n|upkeep\n|turn|6\n|-message|aaaaaaaaaaaaalk forfeited.\n|\n|win|lakeandbake\n|raw|lakeandbake's rating: 1112 &rarr; <strong>1132</strong><br />(+20 for winning)\n|raw|aaaaaaaaaaaaalk's rating: 1040 &rarr; <strong>1027</strong><br />(-13 for losing)\n",
  "uploadtime": 1776473150,
  "views": 18,
  "formatid": "gen9championsvgc2026regma",
  "rating": 1027,
  "private": 0,
  "password": null
}