{
  "id": "gen9championsvgc2026regma-2588716922",
  "format": "[Gen 9 Champions] VGC 2026 Reg M-A",
  "players": [
    "Weeb53",
    "Hero no more"
  ],
  "log": "|j|\u2606Weeb53\n|j|\u2606Hero no more\n|t:|1776661372\n|gametype|doubles\n|player|p1|Weeb53|ethan|1118\n|player|p2|Hero no more|winona|1141\n|gen|9\n|tier|[Gen 9 Champions] VGC 2026 Reg M-A\n|rated|\n|rule|Species Clause: Limit one of each Pok\u00e9mon\n|rule|Item Clause: Limit 1 of each item\n|clearpoke\n|poke|p1|Feraligatr, L50, F|\n|poke|p1|Sinistcha, L50|\n|poke|p1|Mamoswine, L50, F|\n|poke|p1|Milotic, L50, F|\n|poke|p1|Pelipper, L50, F|\n|poke|p1|Kingambit, L50, F|\n|poke|p2|Whimsicott, L50, F|\n|poke|p2|Lucario, L50, F|\n|poke|p2|Dragapult, L50, F|\n|poke|p2|Sableye, L50, M|\n|poke|p2|Polteageist, L50|\n|poke|p2|Maushold, L50|\n|teampreview|4\n|inactive|Battle timer is ON: inactive players will automatically lose when time's up. (requested by Hero no more)\n|inactive|Weeb53 has 60 seconds left.\n|inactive|Hero no more has 60 seconds left.\n|\n|t:|1776661414\n|teamsize|p1|4\n|teamsize|p2|4\n|start\n|switch|p1a: Pelipper|Pelipper, L50, F|100/100\n|switch|p1b: Mamoswine|Mamoswine, L50, F|100/100\n|switch|p2a: Lucario|Lucario, L50, F|100/100\n|switch|p2b: Sableye|Sableye, L50, M|100/100\n|-weather|RainDance|[from] ability: Drizzle|[of] p1a: Pelipper\n|turn|1\n|inactive|Weeb53 has 30 seconds left.\n|\n|t:|1776661443\n|move|p1a: Pelipper|Protect|p1a: Pelipper\n|-singleturn|p1a: Pelipper|Protect\n|move|p2b: Sableye|Fake Out|p1b: Mamoswine\n|-damage|p1b: Mamoswine|92/100\n|move|p2a: Lucario|Rock Slide|p1a: Pelipper|[spread] p1b\n|-activate|p1a: Pelipper|move: Protect\n|-damage|p1b: Mamoswine|72/100\n|cant|p1b: Mamoswine|flinch\n|\n|-weather|RainDance|[upkeep]\n|upkeep\n|turn|2\n|\n|t:|1776661465\n|detailschange|p2a: Lucario|Lucario-Mega, L50, F\n|-mega|p2a: Lucario|Lucario|Lucarionite\n|move|p2b: Sableye|Encore|p1a: Pelipper\n|-start|p1a: Pelipper|Encore\n|move|p1a: Pelipper|Protect|p1a: Pelipper\n|-singleturn|p1a: Pelipper|Protect\n|move|p2a: Lucario|Meteor Mash|p1b: Mamoswine\n|-supereffective|p1b: Mamoswine|1\n|-damage|p1b: Mamoswine|0 fnt\n|faint|p1b: Mamoswine\n|\n|-weather|RainDance|[upkeep]\n|upkeep\n|\n|t:|1776661476\n|switch|p1b: Feraligatr|Feraligatr, L50, F|100/100\n|turn|3\n|\n|t:|1776661499\n|switch|p1a: Sinistcha|Sinistcha, L50|100/100\n|detailschange|p1b: Feraligatr|Feraligatr-Mega, L50, F\n|-mega|p1b: Feraligatr|Feraligatr|Feraligite\n|move|p2a: Lucario|Protect|p2a: Lucario\n|-singleturn|p2a: Lucario|Protect\n|move|p2b: Sableye|Disable||[still]\n|-fail|p2b: Sableye\n|move|p1b: Feraligatr|Liquidation|p2a: Lucario\n|-activate|p2a: Lucario|move: Protect\n|\n|-weather|RainDance|[upkeep]\n|upkeep\n|turn|4\n|inactive|Weeb53 has 30 seconds left.\n|\n|t:|1776661528\n|switch|p2a: Whimsicott|Whimsicott, L50, F|100/100\n|move|p1b: Feraligatr|Aqua Jet|p2a: Whimsicott\n|-resisted|p2a: Whimsicott|1\n|-damage|p2a: Whimsicott|69/100\n|move|p2b: Sableye|Disable|p1b: Feraligatr\n|-start|p1b: Feraligatr|Disable|Aqua Jet\n|move|p1a: Sinistcha|Matcha Gotcha|p2b: Sableye|[spread] p2b\n|-miss|p1a: Sinistcha|p2a: Whimsicott\n|-damage|p2b: Sableye|60/100\n|\n|-weather|RainDance|[upkeep]\n|upkeep\n|turn|5\n|inactive|Hero no more has 30 seconds left.\n|\n|t:|1776661556\n|move|p1b: Feraligatr|Protect|p1b: Feraligatr\n|-singleturn|p1b: Feraligatr|Protect\n|move|p2b: Sableye|Encore|p1b: Feraligatr\n|-activate|p1b: Feraligatr|move: Protect\n|move|p2a: Whimsicott|Moonblast|p1b: Feraligatr\n|-activate|p1b: Feraligatr|move: Protect\n|move|p1a: Sinistcha|Matcha Gotcha|p2b: Sableye|[spread] p2a,p2b\n|-resisted|p2a: Whimsicott|1\n|-damage|p2a: Whimsicott|50/100\n|-damage|p2b: Sableye|23/100\n|-enditem|p2b: Sableye|Sitrus Berry|[eat]\n|-heal|p2b: Sableye|48/100|[from] item: Sitrus Berry\n|\n|-weather|none\n|upkeep\n|turn|6\n|inactive|Hero no more has 30 seconds left.\n|\n|t:|1776661583\n|switch|p1b: Pelipper|Pelipper, L50, F|100/100\n|-weather|RainDance|[from] ability: Drizzle|[of] p1b: Pelipper\n|move|p2a: Whimsicott|Encore||[still]\n|-fail|p2a: Whimsicott\n|move|p2b: Sableye|Disable|p1a: Sinistcha\n|-start|p1a: Sinistcha|Disable|Matcha Gotcha\n|-enditem|p1a: Sinistcha|Mental Herb\n|-end|p1a: Sinistcha|Disable\n|move|p1a: Sinistcha|Matcha Gotcha|p2b: Sableye|[spread] p2a\n|-miss|p1a: Sinistcha|p2b: Sableye\n|-resisted|p2a: Whimsicott|1\n|-damage|p2a: Whimsicott|29/100\n|\n|-weather|RainDance|[upkeep]\n|upkeep\n|turn|7\n|\n|t:|1776661605\n|move|p1a: Sinistcha|Protect|p1a: Sinistcha\n|-singleturn|p1a: Sinistcha|Protect\n|move|p2a: Whimsicott|Tailwind|p2a: Whimsicott\n|-sidestart|p2: Hero no more|move: Tailwind\n|move|p2b: Sableye|Disable|p1a: Sinistcha\n|-activate|p1a: Sinistcha|move: Protect\n|move|p1b: Pelipper|Tailwind|p1b: Pelipper\n|-sidestart|p1: Weeb53|move: Tailwind\n|\n|-weather|RainDance|[upkeep]\n|upkeep\n|turn|8\n|\n|t:|1776661627\n|move|p2a: Whimsicott|Encore|p1b: Pelipper\n|-start|p1b: Pelipper|Encore\n|move|p2b: Sableye|Encore|p1a: Sinistcha\n|-start|p1a: Sinistcha|Encore\n|move|p1a: Sinistcha|Protect||[still]\n|-fail|p1a: Sinistcha\n|move|p1b: Pelipper|Tailwind||[still]\n|-fail|p1b: Pelipper\n|\n|-weather|RainDance|[upkeep]\n|upkeep\n|turn|9\n|inactive|Weeb53 has 30 seconds left.\n|inactive|Hero no more has 30 seconds left.\n|\n|t:|1776661660\n|switch|p1a: Feraligatr|Feraligatr-Mega, L50, F|100/100\n|move|p2b: Sableye|Disable||[still]\n|-fail|p2b: Sableye\n|move|p2a: Whimsicott|Moonblast|p1b: Pelipper\n|-damage|p1b: Pelipper|40/100\n|move|p1b: Pelipper|Tailwind||[still]\n|-fail|p1b: Pelipper\n|\n|-weather|RainDance|[upkeep]\n|upkeep\n|turn|10\n|inactive|Hero no more has 30 seconds left.\n|inactive|Hero no more has 20 seconds left.\n|inactive|Hero no more has 15 seconds left.\n|inactive|Hero no more has 10 seconds left.\n|inactive|Hero no more has 5 seconds left.\n|\n|t:|1776661714\n|switch|p1b: Sinistcha|Sinistcha, L50|100/100\n|move|p1a: Feraligatr|Aqua Jet|p2b: Sableye\n|-damage|p2b: Sableye|8/100\n|move|p2b: Sableye|Quash||[still]\n|-fail|p2b: Sableye\n|move|p2a: Whimsicott|Moonblast|p1a: Feraligatr\n|-supereffective|p1a: Feraligatr|1\n|-damage|p1a: Feraligatr|25/100\n|\n|-weather|none\n|-sideend|p1: Weeb53|move: Tailwind\n|-sideend|p2: Hero no more|move: Tailwind\n|upkeep\n|turn|11\n|\n|t:|1776661737\n|move|p1a: Feraligatr|Protect|p1a: Feraligatr\n|-singleturn|p1a: Feraligatr|Protect\n|move|p2a: Whimsicott|Tailwind|p2a: Whimsicott\n|-sidestart|p2: Hero no more|move: Tailwind\n|move|p2b: Sableye|Disable|p1a: Feraligatr\n|-activate|p1a: Feraligatr|move: Protect\n|move|p1b: Sinistcha|Matcha Gotcha|p2b: Sableye|[spread] p2a,p2b\n|-resisted|p2a: Whimsicott|1\n|-damage|p2a: Whimsicott|9/100\n|-damage|p2b: Sableye|0 fnt\n|-status|p2a: Whimsicott|brn\n|faint|p2b: Sableye\n|\n|-damage|p2a: Whimsicott|3/100 brn|[from] brn\n|upkeep\n|inactive|Hero no more has 30 seconds left.\n|\n|t:|1776661764\n|switch|p2b: Maushold|Maushold, L50|100/100\n|turn|12\n|\n|t:|1776661781\n|switch|p1a: Pelipper|Pelipper, L50, F|40/100\n|-weather|RainDance|[from] ability: Drizzle|[of] p1a: Pelipper\n|move|p2b: Maushold|Protect|p2b: Maushold\n|-singleturn|p2b: Maushold|Protect\n|move|p2a: Whimsicott|Moonblast|p1a: Pelipper\n|-damage|p1a: Pelipper|0 fnt\n|faint|p1a: Pelipper\n|move|p1b: Sinistcha|Strength Sap|p2b: Maushold\n|-activate|p2b: Maushold|move: Protect\n|\n|-weather|RainDance|[upkeep]\n|-damage|p2a: Whimsicott|0 fnt|[from] brn\n|faint|p2a: Whimsicott\n|upkeep\n|\n|t:|1776661801\n|switch|p2a: Lucario|Lucario-Mega, L50, F|100/100\n|switch|p1a: Feraligatr|Feraligatr-Mega, L50, F|25/100\n|turn|13\n|\n|t:|1776661818\n|move|p2b: Maushold|Follow Me|p2b: Maushold\n|-singleturn|p2b: Maushold|move: Follow Me\n|move|p1a: Feraligatr|Aqua Jet|p2b: Maushold\n|-damage|p2b: Maushold|34/100\n|move|p2a: Lucario|Rock Slide|p1a: Feraligatr|[spread] p1a,p1b\n|-damage|p1a: Feraligatr|5/100\n|-damage|p1b: Sinistcha|84/100\n|move|p1b: Sinistcha|Matcha Gotcha|p2b: Maushold|[spread] p2a,p2b\n|-resisted|p2a: Lucario|1\n|-damage|p2a: Lucario|80/100\n|-heal|p1b: Sinistcha|94/100|[from] drain|[of] p2a: Lucario\n|-damage|p2b: Maushold|0 fnt\n|-heal|p1b: Sinistcha|100/100|[from] drain|[of] p2b: Maushold\n|faint|p2b: Maushold\n|\n|-weather|RainDance|[upkeep]\n|upkeep\n|turn|14\n|inactive|Weeb53 has 30 seconds left.\n|\n|t:|1776661846\n|move|p1a: Feraligatr|Protect|p1a: Feraligatr\n|-singleturn|p1a: Feraligatr|Protect\n|move|p2a: Lucario|Close Combat|p1a: Feraligatr\n|-activate|p1a: Feraligatr|move: Protect\n|move|p1b: Sinistcha|Scald|p2a: Lucario\n|-damage|p2a: Lucario|27/100\n|\n|-weather|RainDance|[upkeep]\n|-sideend|p2: Hero no more|move: Tailwind\n|upkeep\n|turn|15\n|\n|t:|1776661864\n|move|p1a: Feraligatr|Aqua Jet|p2a: Lucario\n|-damage|p2a: Lucario|0 fnt\n|faint|p2a: Lucario\n|\n|win|Weeb53\n|raw|Weeb53's rating: 1118 &rarr; <strong>1145</strong><br />(+27 for winning)\n|raw|Hero no more's rating: 1141 &rarr; <strong>1114</strong><br />(-27 for losing)\n|l|\u2606Hero no more\n|player|p2|\n",
  "uploadtime": 1776661875,
  "views": 16,
  "formatid": "gen9championsvgc2026regma",
  "rating": 1114,
  "private": 0,
  "password": null
}