{
  "id": "gen9championsvgc2026regma-2587573776",
  "format": "[Gen 9 Champions] VGC 2026 Reg M-A",
  "players": [
    "chessin776",
    "Crh6"
  ],
  "log": "|j|\u2606chessin776\n|j|\u2606Crh6\n|t:|1776543489\n|gametype|doubles\n|player|p1|chessin776|cheryl|1107\n|player|p2|Crh6|red|1141\n|gen|9\n|tier|[Gen 9 Champions] VGC 2026 Reg M-A\n|rated|\n|rule|Species Clause: Limit one of each Pok\u00e9mon\n|rule|Item Clause: Limit 1 of each item\n|clearpoke\n|poke|p1|Charizard, L50, M|\n|poke|p1|Venusaur, L50, M|\n|poke|p1|Clefable, L50, F|\n|poke|p1|Primarina, L50, F|\n|poke|p1|Farigiraf, L50, F|\n|poke|p1|Aegislash, L50, M|\n|poke|p2|Tyranitar, L50, M|\n|poke|p2|Excadrill, L50, F|\n|poke|p2|Rotom-Wash, L50|\n|poke|p2|Arcanine, L50, M|\n|poke|p2|Hatterene, L50, F|\n|poke|p2|Sinistcha, L50|\n|teampreview|4\n|inactive|Battle timer is ON: inactive players will automatically lose when time's up. (requested by Crh6)\n|inactive|Crh6 has 60 seconds left.\n|\n|t:|1776543533\n|teamsize|p1|4\n|teamsize|p2|4\n|start\n|switch|p1a: Roaring Water|Primarina, L50, F|100/100\n|switch|p1b: Giraffe|Farigiraf, L50, F|100/100\n|switch|p2a: Arcanine|Arcanine, L50, M|100/100\n|switch|p2b: Tyranitar|Tyranitar, L50, M|100/100\n|-ability|p2a: Arcanine|Intimidate|boost\n|-unboost|p1a: Roaring Water|atk|1\n|-unboost|p1b: Giraffe|atk|1\n|-weather|Sandstorm|[from] ability: Sand Stream|[of] p2b: Tyranitar\n|turn|1\n|\n|t:|1776543552\n|move|p1a: Roaring Water|Protect|p1a: Roaring Water\n|-singleturn|p1a: Roaring Water|Protect\n|move|p2a: Arcanine|Snarl|p1b: Giraffe|[spread] p1b\n|-activate|p1a: Roaring Water|move: Protect\n|-supereffective|p1b: Giraffe|1\n|-enditem|p1b: Giraffe|Colbur Berry|[eat]\n|-enditem|p1b: Giraffe|Colbur Berry|[weaken]\n|-damage|p1b: Giraffe|92/100\n|-unboost|p1b: Giraffe|spa|1\n|move|p2b: Tyranitar|Knock Off|p1b: Giraffe\n|-supereffective|p1b: Giraffe|1\n|-damage|p1b: Giraffe|17/100\n|move|p1b: Giraffe|Trick Room|p1b: Giraffe\n|-fieldstart|move: Trick Room|[of] p1b: Giraffe\n|\n|-weather|Sandstorm|[upkeep]\n|-damage|p1b: Giraffe|11/100|[from] Sandstorm\n|-damage|p1a: Roaring Water|95/100|[from] Sandstorm\n|-damage|p2a: Arcanine|94/100|[from] Sandstorm\n|upkeep\n|turn|2\n|inactive|Crh6 has 30 seconds left.\n|\n|t:|1776543578\n|switch|p2b: Sinistcha|Sinistcha, L50|100/100\n|-heal|p2a: Arcanine|100/100|[from] ability: Hospitality|[of] p2b: Sinistcha\n|move|p1a: Roaring Water|Calm Mind|p1a: Roaring Water\n|-boost|p1a: Roaring Water|spa|1\n|-boost|p1a: Roaring Water|spd|1\n|move|p1b: Giraffe|Reflect|p1b: Giraffe\n|-sidestart|p1: chessin776|Reflect\n|move|p2a: Arcanine|Snarl|p1a: Roaring Water|[spread] p1a,p1b\n|-resisted|p1a: Roaring Water|1\n|-supereffective|p1b: Giraffe|1\n|-damage|p1a: Roaring Water|92/100\n|-damage|p1b: Giraffe|0 fnt\n|-unboost|p1a: Roaring Water|spa|1\n|faint|p1b: Giraffe\n|\n|-weather|Sandstorm|[upkeep]\n|-damage|p1a: Roaring Water|86/100|[from] Sandstorm\n|-damage|p2b: Sinistcha|94/100|[from] Sandstorm\n|-damage|p2a: Arcanine|94/100|[from] Sandstorm\n|upkeep\n|\n|t:|1776543584\n|switch|p1b: Roaring Nature|Venusaur, L50, M|100/100\n|turn|3\n|inactive|chessin776 has 30 seconds left.\n|inactive|Crh6 has 30 seconds left.\n|inactive|Crh6 has 20 seconds left.\n|\n|t:|1776543622\n|move|p1b: Roaring Nature|Protect|p1b: Roaring Nature\n|-singleturn|p1b: Roaring Nature|Protect\n|move|p1a: Roaring Water|Hyper Voice|p2b: Sinistcha|[spread] p2a,p2b\n|-supereffective|p2a: Arcanine|1\n|-resisted|p2b: Sinistcha|1\n|-damage|p2a: Arcanine|11/100\n|-damage|p2b: Sinistcha|75/100\n|move|p2b: Sinistcha|Matcha Gotcha|p1a: Roaring Water|[spread] p1a\n|-activate|p1b: Roaring Nature|move: Protect\n|-supereffective|p1a: Roaring Water|1\n|-damage|p1a: Roaring Water|59/100\n|-heal|p2b: Sinistcha|89/100|[from] drain|[of] p1a: Roaring Water\n|move|p2a: Arcanine|Snarl|p1b: Roaring Nature|[spread] p1a\n|-activate|p1b: Roaring Nature|move: Protect\n|-resisted|p1a: Roaring Water|1\n|-damage|p1a: Roaring Water|57/100\n|-unboost|p1a: Roaring Water|spa|1\n|\n|-weather|Sandstorm|[upkeep]\n|-damage|p1a: Roaring Water|51/100|[from] Sandstorm\n|-damage|p2b: Sinistcha|83/100|[from] Sandstorm\n|-damage|p2a: Arcanine|5/100|[from] Sandstorm\n|-damage|p1b: Roaring Nature|95/100|[from] Sandstorm\n|upkeep\n|turn|4\n|inactive|Crh6 has 30 seconds left.\n|inactive|Crh6 has 20 seconds left.\n|\n|t:|1776543657\n|switch|p2a: Excadrill|Excadrill, L50, F|100/100\n|move|p1a: Roaring Water|Moonblast|p2b: Sinistcha\n|-damage|p2b: Sinistcha|52/100\n|move|p1b: Roaring Nature|Sleep Powder|p2a: Excadrill\n|-status|p2a: Excadrill|slp|[from] move: Sleep Powder\n|move|p2b: Sinistcha|Trick Room|p2b: Sinistcha\n|-fieldend|move: Trick Room\n|\n|-weather|Sandstorm|[upkeep]\n|-damage|p1b: Roaring Nature|89/100|[from] Sandstorm\n|-damage|p2b: Sinistcha|46/100|[from] Sandstorm\n|-damage|p1a: Roaring Water|45/100|[from] Sandstorm\n|-enditem|p2b: Sinistcha|Sitrus Berry|[eat]\n|-heal|p2b: Sinistcha|71/100|[from] item: Sitrus Berry\n|upkeep\n|turn|5\n|inactive|chessin776 has 30 seconds left.\n|\n|t:|1776543692\n|cant|p2a: Excadrill|slp\n|move|p1b: Roaring Nature|Poison Jab|p2a: Excadrill\n|-immune|p2a: Excadrill\n|move|p2b: Sinistcha|Matcha Gotcha|p1b: Roaring Nature|[spread] p1a,p1b\n|-supereffective|p1a: Roaring Water|1\n|-resisted|p1b: Roaring Nature|2\n|-damage|p1a: Roaring Water|19/100\n|-heal|p2b: Sinistcha|84/100|[from] drain|[of] p1a: Roaring Water\n|-damage|p1b: Roaring Nature|83/100\n|-heal|p2b: Sinistcha|87/100|[from] drain|[of] p1b: Roaring Nature\n|move|p1a: Roaring Water|Hyper Voice|p2b: Sinistcha|[spread] p2a,p2b\n|-supereffective|p2a: Excadrill|1\n|-resisted|p2b: Sinistcha|1\n|-damage|p2a: Excadrill|14/100 slp\n|-damage|p2b: Sinistcha|75/100\n|\n|-weather|none\n|upkeep\n|turn|6\n|inactive|Crh6 has 30 seconds left.\n|\n|t:|1776543717\n|cant|p2a: Excadrill|slp\n|move|p1b: Roaring Nature|Poison Jab|p2b: Sinistcha\n|-damage|p2b: Sinistcha|43/100\n|move|p2b: Sinistcha|Matcha Gotcha|p1a: Roaring Water|[spread] p1a,p1b\n|-supereffective|p1a: Roaring Water|1\n|-resisted|p1b: Roaring Nature|2\n|-damage|p1a: Roaring Water|0 fnt\n|-heal|p2b: Sinistcha|53/100|[from] drain|[of] p1a: Roaring Water\n|-damage|p1b: Roaring Nature|76/100\n|-heal|p2b: Sinistcha|56/100|[from] drain|[of] p1b: Roaring Nature\n|faint|p1a: Roaring Water\n|\n|-sideend|p1: chessin776|Reflect\n|upkeep\n|\n|t:|1776543725\n|switch|p1a: Roaring Flame|Charizard, L50, M|100/100\n|turn|7\n|inactive|Crh6 has 30 seconds left.\n|\n|t:|1776543752\n|switch|p2a: Arcanine|Arcanine, L50, M|5/100\n|-ability|p2a: Arcanine|Intimidate|boost\n|-unboost|p1a: Roaring Flame|atk|1\n|-unboost|p1b: Roaring Nature|atk|1\n|detailschange|p1a: Roaring Flame|Charizard-Mega-Y, L50, M\n|-mega|p1a: Roaring Flame|Charizard|Charizardite Y\n|-weather|SunnyDay|[from] ability: Drought|[of] p1a: Roaring Flame\n|move|p1b: Roaring Nature|Growth|p1b: Roaring Nature\n|-boost|p1b: Roaring Nature|atk|2\n|-boost|p1b: Roaring Nature|spa|2\n|move|p1a: Roaring Flame|Solar Beam||[still]\n|-prepare|p1a: Roaring Flame|Solar Beam\n|-anim|p1a: Roaring Flame|Solar Beam|p2b: Sinistcha\n|-resisted|p2b: Sinistcha|1\n|-damage|p2b: Sinistcha|35/100\n|move|p2b: Sinistcha|Matcha Gotcha|p1a: Roaring Flame|[spread] p1a,p1b\n|-resisted|p1a: Roaring Flame|2\n|-resisted|p1b: Roaring Nature|2\n|-damage|p1a: Roaring Flame|95/100\n|-heal|p2b: Sinistcha|38/100|[from] drain|[of] p1a: Roaring Flame\n|-damage|p1b: Roaring Nature|70/100\n|-heal|p2b: Sinistcha|40/100|[from] drain|[of] p1b: Roaring Nature\n|-status|p1b: Roaring Nature|brn\n|\n|-weather|SunnyDay|[upkeep]\n|-damage|p1b: Roaring Nature|64/100 brn|[from] brn\n|upkeep\n|turn|8\n|inactive|Crh6 has 30 seconds left.\n|\n|t:|1776543779\n|move|p2b: Sinistcha|Rage Powder|p2b: Sinistcha\n|-singleturn|p2b: Sinistcha|move: Rage Powder\n|move|p1b: Roaring Nature|Growth|p1b: Roaring Nature\n|-boost|p1b: Roaring Nature|atk|2\n|-boost|p1b: Roaring Nature|spa|2\n|move|p1a: Roaring Flame|Heat Wave|p2a: Arcanine|[spread] p2a,p2b\n|-resisted|p2a: Arcanine|1\n|-supereffective|p2b: Sinistcha|1\n|-damage|p2a: Arcanine|0 fnt\n|-damage|p2b: Sinistcha|0 fnt\n|faint|p2a: Arcanine\n|faint|p2b: Sinistcha\n|\n|-weather|SunnyDay|[upkeep]\n|-damage|p1b: Roaring Nature|58/100 brn|[from] brn\n|upkeep\n|\n|t:|1776543793\n|switch|p2a: Tyranitar|Tyranitar, L50, M|100/100\n|switch|p2b: Excadrill|Excadrill, L50, F|14/100 slp\n|-weather|Sandstorm|[from] ability: Sand Stream|[of] p2a: Tyranitar\n|turn|9\n|inactive|Crh6 has 30 seconds left.\n|\n|t:|1776543822\n|detailschange|p2a: Tyranitar|Tyranitar-Mega, L50, M\n|-mega|p2a: Tyranitar|Tyranitar|Tyranitarite\n|-curestatus|p2b: Excadrill|slp|[msg]\n|move|p2b: Excadrill|Iron Head|p1b: Roaring Nature\n|-damage|p1b: Roaring Nature|0 fnt\n|faint|p1b: Roaring Nature\n|move|p1a: Roaring Flame|Heat Wave|p2b: Excadrill|[spread] p2a,p2b\n|-resisted|p2a: Tyranitar|1\n|-supereffective|p2b: Excadrill|1\n|-damage|p2a: Tyranitar|90/100\n|-damage|p2b: Excadrill|0 fnt\n|faint|p2b: Excadrill\n|move|p2a: Tyranitar|Ice Punch|p1a: Roaring Flame\n|-damage|p1a: Roaring Flame|46/100\n|-status|p1a: Roaring Flame|frz\n|\n|-weather|Sandstorm|[upkeep]\n|-damage|p1a: Roaring Flame|40/100 frz|[from] Sandstorm\n|upkeep\n|turn|10\n|-message|chessin776 forfeited.\n|\n|win|Crh6\n|raw|chessin776's rating: 1107 &rarr; <strong>1084</strong><br />(-23 for losing)\n|raw|Crh6's rating: 1141 &rarr; <strong>1164</strong><br />(+23 for winning)\n|l|\u2606chessin776\n|player|p1|\n|j|\u2606chessin776\n|player|p1|chessin776|cheryl|\n|l|\u2606Crh6\n|player|p2|\n",
  "uploadtime": 1776543864,
  "views": 16,
  "formatid": "gen9championsvgc2026regma",
  "rating": 1084,
  "private": 0,
  "password": null
}