{
  "id": "gen9championsvgc2026regma-2581043523",
  "format": "[Gen 9 Champions] VGC 2026 Reg M-A",
  "players": [
    "javibaena9",
    "itszachstone"
  ],
  "log": "|j|\u2606javibaena9\n|j|\u2606itszachstone\n|t:|1775954543\n|gametype|doubles\n|player|p1|javibaena9|preschooler|1046\n|player|p2|itszachstone|flannery|1121\n|gen|9\n|tier|[Gen 9 Champions] VGC 2026 Reg M-A\n|rated|\n|rule|Species Clause: Limit one of each Pok\u00e9mon\n|rule|Item Clause: Limit 1 of each item\n|clearpoke\n|poke|p1|Politoed, L50, F|\n|poke|p1|Sinistcha, L50|\n|poke|p1|Meganium, L50, F|\n|poke|p1|Archaludon, L50, F|\n|poke|p1|Dragapult, L50, F|\n|poke|p1|Weavile, L50, M|\n|poke|p2|Sinistcha, L50|\n|poke|p2|Aggron, L50, M|\n|poke|p2|Incineroar, L50, F|\n|poke|p2|Pelipper, L50, M|\n|poke|p2|Farigiraf, L50, F|\n|poke|p2|Dragonite, L50, M|\n|teampreview|4\n|inactive|Battle timer is ON: inactive players will automatically lose when time's up. (requested by itszachstone)\n|inactive|itszachstone has 60 seconds left.\n|\n|t:|1775954584\n|teamsize|p1|4\n|teamsize|p2|4\n|start\n|switch|p1a: Dragapult|Dragapult, L50, F|100/100\n|switch|p1b: Archaludon|Archaludon, L50, F|100/100\n|switch|p2a: Incineroar|Incineroar, L50, F|100/100\n|switch|p2b: Aggron|Aggron, L50, M|100/100\n|-ability|p2a: Incineroar|Intimidate|boost\n|-fail|p1a: Dragapult|unboost|[from] ability: Clear Body|[of] p1a: Dragapult\n|-unboost|p1b: Archaludon|atk|1\n|turn|1\n|inactive|javibaena9 has 30 seconds left.\n|\n|t:|1775954616\n|detailschange|p2b: Aggron|Aggron-Mega, L50, M\n|-mega|p2b: Aggron|Aggron|Aggronite\n|move|p1a: Dragapult|U-turn|p2a: Incineroar\n|-damage|p2a: Incineroar|80/100\n|\n|t:|1775954619\n|switch|p1a: Politoed|Politoed, L50, F|100/100|[from] U-turn\n|-weather|RainDance|[from] ability: Drizzle|[of] p1a: Politoed\n|move|p1b: Archaludon|Aura Sphere|p2b: Aggron\n|-supereffective|p2b: Aggron|1\n|-damage|p2b: Aggron|62/100\n|move|p2a: Incineroar|Darkest Lariat|p1a: Politoed\n|-damage|p1a: Politoed|67/100\n|move|p2b: Aggron|Iron Defense|p2b: Aggron\n|-boost|p2b: Aggron|def|2\n|\n|-weather|RainDance|[upkeep]\n|-heal|p1a: Politoed|73/100|[from] item: Leftovers\n|upkeep\n|turn|2\n|inactive|itszachstone has 30 seconds left.\n|\n|t:|1775954646\n|switch|p2a: Sinistcha|Sinistcha, L50|100/100\n|-heal|p2b: Aggron|86/100|[from] ability: Hospitality|[of] p2a: Sinistcha\n|move|p2b: Aggron|Protect|p2b: Aggron\n|-singleturn|p2b: Aggron|Protect\n|move|p1b: Archaludon|Aura Sphere|p2b: Aggron\n|-activate|p2b: Aggron|move: Protect\n|move|p1a: Politoed|Weather Ball|p2b: Aggron\n|-activate|p2b: Aggron|move: Protect\n|\n|-weather|RainDance|[upkeep]\n|-heal|p1a: Politoed|79/100|[from] item: Leftovers\n|upkeep\n|turn|3\n|\n|t:|1775954667\n|move|p2a: Sinistcha|Rage Powder|p2a: Sinistcha\n|-singleturn|p2a: Sinistcha|move: Rage Powder\n|move|p1b: Archaludon|Aura Sphere|p2a: Sinistcha\n|-immune|p2a: Sinistcha\n|move|p1a: Politoed|Perish Song|p1a: Politoed\n|-start|p1a: Politoed|perish3|[silent]\n|-start|p1b: Archaludon|perish3|[silent]\n|-start|p2a: Sinistcha|perish3|[silent]\n|-start|p2b: Aggron|perish3|[silent]\n|-fieldactivate|move: Perish Song\n|move|p2b: Aggron|Body Press|p1a: Politoed\n|-damage|p1a: Politoed|0 fnt\n|faint|p1a: Politoed\n|\n|-weather|RainDance|[upkeep]\n|-start|p1b: Archaludon|perish3\n|-start|p2a: Sinistcha|perish3\n|-start|p2b: Aggron|perish3\n|upkeep\n|\n|t:|1775954687\n|switch|p1a: Dragapult|Dragapult, L50, F|100/100\n|turn|4\n|\n|t:|1775954697\n|move|p2a: Sinistcha|Rage Powder|p2a: Sinistcha\n|-singleturn|p2a: Sinistcha|move: Rage Powder\n|move|p1a: Dragapult|Phantom Force||[still]\n|-prepare|p1a: Dragapult|Phantom Force\n|move|p1b: Archaludon|Aura Sphere|p2a: Sinistcha\n|-immune|p2a: Sinistcha\n|move|p2b: Aggron|Body Press|p1b: Archaludon\n|-supereffective|p1b: Archaludon|1\n|-damage|p1b: Archaludon|0 fnt\n|faint|p1b: Archaludon\n|\n|-weather|RainDance|[upkeep]\n|-start|p2a: Sinistcha|perish2\n|-start|p2b: Aggron|perish2\n|upkeep\n|\n|t:|1775954702\n|switch|p1b: Meganium|Meganium, L50, F|100/100\n|turn|5\n|\n|t:|1775954724\n|switch|p2a: Incineroar|Incineroar, L50, F|80/100\n|-ability|p2a: Incineroar|Intimidate|boost\n|-fail|p1a: Dragapult|unboost|[from] ability: Clear Body|[of] p1a: Dragapult\n|-unboost|p1b: Meganium|atk|1\n|detailschange|p1b: Meganium|Meganium-Mega, L50, F\n|-mega|p1b: Meganium|Meganium|Meganiumite\n|move|p1a: Dragapult|Phantom Force|p2a: Incineroar|[from] lockedmove\n|-resisted|p2a: Incineroar|1\n|-damage|p2a: Incineroar|62/100\n|move|p1b: Meganium|Weather Ball|p2b: Aggron\n|-supereffective|p2b: Aggron|1\n|-damage|p2b: Aggron|42/100\n|move|p2b: Aggron|Heavy Slam|p1b: Meganium\n|-supereffective|p1b: Meganium|1\n|-damage|p1b: Meganium|58/100\n|\n|-weather|none\n|-start|p2b: Aggron|perish1\n|upkeep\n|turn|6\n|inactive|javibaena9 has 30 seconds left.\n|inactive|itszachstone has 30 seconds left.\n|\n|t:|1775954750\n|switch|p2b: Sinistcha|Sinistcha, L50|100/100\n|-heal|p2a: Incineroar|87/100|[from] ability: Hospitality|[of] p2b: Sinistcha\n|move|p1b: Meganium|Protect|p1b: Meganium\n|-singleturn|p1b: Meganium|Protect\n|move|p1a: Dragapult|Dragon Darts|p2a: Incineroar\n|-damage|p2a: Incineroar|61/100\n|-anim|p1a: Dragapult|Dragon Darts|p2b: Sinistcha\n|-damage|p2b: Sinistcha|77/100\n|move|p2a: Incineroar|Flare Blitz|p1b: Meganium\n|-activate|p1b: Meganium|move: Protect\n|\n|upkeep\n|turn|7\n|inactive|javibaena9 has 30 seconds left.\n|\n|t:|1775954775\n|move|p1a: Dragapult|Dragon Darts|p2a: Incineroar\n|-damage|p2a: Incineroar|34/100\n|-anim|p1a: Dragapult|Dragon Darts|p2b: Sinistcha\n|-damage|p2b: Sinistcha|52/100\n|move|p1b: Meganium|Dazzling Gleam|p2b: Sinistcha|[spread] p2a,p2b\n|-damage|p2a: Incineroar|8/100\n|-damage|p2b: Sinistcha|18/100\n|-enditem|p2b: Sinistcha|Sitrus Berry|[eat]\n|-heal|p2b: Sinistcha|43/100|[from] item: Sitrus Berry\n|move|p2b: Sinistcha|Life Dew|p2b: Sinistcha|[spread] p2a,p2b\n|-heal|p2a: Incineroar|34/100\n|-heal|p2b: Sinistcha|68/100\n|move|p2a: Incineroar|Flare Blitz|p1b: Meganium\n|-supereffective|p1b: Meganium|1\n|-damage|p1b: Meganium|0 fnt\n|faint|p1b: Meganium\n|-damage|p2a: Incineroar|19/100|[from] Recoil\n|\n|upkeep\n|turn|8\n|inactive|itszachstone has 30 seconds left.\n|\n|t:|1775954805\n|switch|p2a: Aggron|Aggron-Mega, L50, M|42/100\n|move|p1a: Dragapult|Dragon Darts|p2a: Aggron\n|-resisted|p2a: Aggron|1\n|-damage|p2a: Aggron|36/100\n|-anim|p1a: Dragapult|Dragon Darts|p2b: Sinistcha\n|-damage|p2b: Sinistcha|44/100\n|move|p2b: Sinistcha|Life Dew|p2b: Sinistcha|[spread] p2a,p2b\n|-heal|p2a: Aggron|60/100\n|-heal|p2b: Sinistcha|69/100\n|\n|upkeep\n|turn|9\n|-message|javibaena9 forfeited.\n|\n|win|itszachstone\n|raw|javibaena9's rating: 1046 &rarr; <strong>1033</strong><br />(-13 for losing)\n|raw|itszachstone's rating: 1121 &rarr; <strong>1141</strong><br />(+20 for winning)\n|l|\u2606javibaena9\n|player|p1|\n",
  "uploadtime": 1775954814,
  "views": 11,
  "formatid": "gen9championsvgc2026regma",
  "rating": 1033,
  "private": 0,
  "password": null
}