{
  "id": "gen9championsvgc2026regma-2584160527",
  "format": "[Gen 9 Champions] VGC 2026 Reg M-A",
  "players": [
    "MilkTeaWayGalaxy",
    "Zanoveli"
  ],
  "log": "|j|\u2606MilkTeaWayGalaxy\n|j|\u2606Zanoveli\n|t:|1776232424\n|gametype|doubles\n|player|p1|MilkTeaWayGalaxy|rosa-pokestar3|1261\n|player|p2|Zanoveli|palmer|1357\n|gen|9\n|tier|[Gen 9 Champions] VGC 2026 Reg M-A\n|rated|\n|rule|Species Clause: Limit one of each Pok\u00e9mon\n|rule|Item Clause: Limit 1 of each item\n|clearpoke\n|poke|p1|Froslass, L50, F|\n|poke|p1|Sinistcha, L50|\n|poke|p1|Kingambit, L50, F|\n|poke|p1|Sneasler, L50, M|\n|poke|p1|Incineroar, L50, F|\n|poke|p1|Basculegion, L50, M|\n|poke|p2|Archaludon, L50, F|\n|poke|p2|Pelipper, L50, F|\n|poke|p2|Greninja-*, L50, F|\n|poke|p2|Gengar, L50, F|\n|poke|p2|Sneasler, L50, M|\n|poke|p2|Incineroar, L50, M|\n|teampreview|4\n|inactive|Battle timer is ON: inactive players will automatically lose when time's up. (requested by Zanoveli)\n|inactive|MilkTeaWayGalaxy has 60 seconds left.\n|\n|t:|1776232465\n|teamsize|p1|4\n|teamsize|p2|4\n|start\n|switch|p1a: Froslass|Froslass, L50, F, shiny|100/100\n|switch|p1b: Incineroar|Incineroar, L50, F, shiny|100/100\n|switch|p2a: Greninja|Greninja, L50, F, shiny|100/100\n|switch|p2b: Gengar|Gengar, L50, F|100/100\n|-ability|p1b: Incineroar|Intimidate|boost\n|-unboost|p2a: Greninja|atk|1\n|-unboost|p2b: Gengar|atk|1\n|turn|1\n|inactive|Zanoveli has 30 seconds left.\n|\n|t:|1776232495\n|switch|p1a: Kingambit|Kingambit, L50, F|100/100\n|switch|p2a: Archaludon|Archaludon, L50, F|100/100\n|move|p1b: Incineroar|Fake Out|p2a: Archaludon\n|-resisted|p2a: Archaludon|1\n|-damage|p2a: Archaludon|96/100\n|-ability|p2a: Archaludon|Stamina|boost\n|-boost|p2a: Archaludon|def|1\n|move|p2b: Gengar|Shadow Ball|p1a: Kingambit\n|-resisted|p1a: Kingambit|1\n|-damage|p1a: Kingambit|84/100\n|\n|upkeep\n|turn|2\n|\n|t:|1776232511\n|switch|p2b: Greninja|Greninja, L50, F, shiny|100/100\n|move|p2a: Archaludon|Electro Shot||[still]\n|-prepare|p2a: Archaludon|Electro Shot\n|-boost|p2a: Archaludon|spa|1\n|move|p1b: Incineroar|Parting Shot|p2a: Archaludon\n|-unboost|p2a: Archaludon|atk|1\n|-unboost|p2a: Archaludon|spa|1\n|\n|t:|1776232536\n|switch|p1b: Sneasler|Sneasler, L50, M|100/100|[from] Parting Shot\n|move|p1a: Kingambit|Kowtow Cleave|p2b: Greninja\n|-resisted|p2b: Greninja|1\n|-damage|p2b: Greninja|56/100\n|\n|upkeep\n|turn|3\n|\n|t:|1776232546\n|switch|p2b: Incineroar|Incineroar, L50, M, shiny|100/100\n|-ability|p2b: Incineroar|Intimidate|boost\n|-unboost|p1a: Kingambit|atk|1\n|-ability|p1a: Kingambit|Defiant|boost\n|-boost|p1a: Kingambit|atk|2\n|-unboost|p1b: Sneasler|atk|1\n|-enditem|p1b: Sneasler|White Herb\n|-clearnegativeboost|p1b: Sneasler|[silent]\n|move|p1b: Sneasler|Protect|p1b: Sneasler\n|-singleturn|p1b: Sneasler|Protect\n|move|p2a: Archaludon|Electro Shot|p1a: Kingambit|[from] lockedmove\n|-damage|p1a: Kingambit|50/100\n|move|p1a: Kingambit|Kowtow Cleave|p2b: Incineroar\n|-resisted|p2b: Incineroar|1\n|-damage|p2b: Incineroar|63/100\n|\n|upkeep\n|turn|4\n|inactive|MilkTeaWayGalaxy has 30 seconds left.\n|inactive|Zanoveli has 30 seconds left.\n|\n|t:|1776232574\n|switch|p1a: Incineroar|Incineroar, L50, F, shiny|100/100\n|-ability|p1a: Incineroar|Intimidate|boost\n|-unboost|p2a: Archaludon|atk|1\n|-unboost|p2b: Incineroar|atk|1\n|move|p2b: Incineroar|Fake Out|p1b: Sneasler\n|-damage|p1b: Sneasler|88/100\n|cant|p1b: Sneasler|flinch\n|move|p2a: Archaludon|Electro Shot||[still]\n|-prepare|p2a: Archaludon|Electro Shot\n|-boost|p2a: Archaludon|spa|1\n|\n|upkeep\n|turn|5\n|\n|t:|1776232587\n|switch|p2b: Gengar|Gengar, L50, F|100/100\n|move|p1b: Sneasler|Close Combat|p2a: Archaludon\n|-supereffective|p2a: Archaludon|1\n|-damage|p2a: Archaludon|44/100\n|-unboost|p1b: Sneasler|def|1\n|-unboost|p1b: Sneasler|spd|1\n|-ability|p2a: Archaludon|Stamina|boost\n|-boost|p2a: Archaludon|def|1\n|-enditem|p2a: Archaludon|Sitrus Berry|[eat]\n|-heal|p2a: Archaludon|69/100|[from] item: Sitrus Berry\n|move|p2a: Archaludon|Electro Shot|p1b: Sneasler|[from] lockedmove\n|-damage|p1b: Sneasler|0 fnt\n|faint|p1b: Sneasler\n|move|p1a: Incineroar|Parting Shot|p2a: Archaludon\n|-unboost|p2a: Archaludon|atk|1\n|-unboost|p2a: Archaludon|spa|1\n|\n|t:|1776232601\n|switch|p1a: Kingambit|Kingambit, L50, F|50/100|[from] Parting Shot\n|\n|upkeep\n|\n|t:|1776232603\n|switch|p1b: Froslass|Froslass, L50, F, shiny|100/100\n|turn|6\n|\n|t:|1776232612\n|detailschange|p1b: Froslass|Froslass-Mega, L50, F, shiny\n|-mega|p1b: Froslass|Froslass|Froslassite\n|-weather|Snowscape|[from] ability: Snow Warning|[of] p1b: Froslass\n|move|p1a: Kingambit|Sucker Punch|p2b: Gengar\n|-supereffective|p2b: Gengar|1\n|-enditem|p2b: Gengar|Focus Sash\n|-damage|p2b: Gengar|1/100\n|-start|p1a: Kingambit|Disable|Sucker Punch|[from] ability: Cursed Body|[of] p2b: Gengar\n|move|p1b: Froslass|Aurora Veil|p1b: Froslass\n|-sidestart|p1: MilkTeaWayGalaxy|move: Aurora Veil\n|move|p2b: Gengar|Shadow Ball|p1b: Froslass\n|-supereffective|p1b: Froslass|1\n|-damage|p1b: Froslass|41/100\n|move|p2a: Archaludon|Electro Shot||[still]\n|-prepare|p2a: Archaludon|Electro Shot\n|-boost|p2a: Archaludon|spa|1\n|\n|-weather|Snowscape|[upkeep]\n|upkeep\n|turn|7\n|\n|t:|1776232631\n|switch|p2b: Greninja|Greninja, L50, F, shiny|56/100\n|switch|p1a: Incineroar|Incineroar, L50, F, shiny|100/100\n|-ability|p1a: Incineroar|Intimidate|boost\n|-unboost|p2a: Archaludon|atk|1\n|-unboost|p2b: Greninja|atk|1\n|move|p1b: Froslass|Blizzard|p2a: Archaludon|[spread] p2a,p2b\n|-resisted|p2b: Greninja|1\n|-damage|p2a: Archaludon|31/100\n|-damage|p2b: Greninja|27/100\n|-status|p2a: Archaludon|frz\n|-ability|p2a: Archaludon|Stamina|boost\n|-boost|p2a: Archaludon|def|1\n|cant|p2a: Archaludon|frz\n|\n|-weather|Snowscape|[upkeep]\n|upkeep\n|turn|8\n|\n|t:|1776232651\n|switch|p2b: Gengar|Gengar, L50, F|1/100\n|move|p1a: Incineroar|Fake Out|p2b: Gengar\n|-immune|p2b: Gengar\n|move|p1b: Froslass|Blizzard|p2a: Archaludon|[spread] p2a,p2b\n|-damage|p2a: Archaludon|0 fnt\n|-damage|p2b: Gengar|0 fnt\n|faint|p2a: Archaludon\n|faint|p2b: Gengar\n|\n|-weather|Snowscape|[upkeep]\n|upkeep\n|\n|t:|1776232661\n|switch|p2b: Greninja|Greninja, L50, F, shiny|27/100\n|switch|p2a: Incineroar|Incineroar, L50, M, shiny|63/100\n|-ability|p2a: Incineroar|Intimidate|boost\n|-unboost|p1a: Incineroar|atk|1\n|-unboost|p1b: Froslass|atk|1\n|turn|9\n|\n|t:|1776232673\n|switch|p1a: Kingambit|Kingambit, L50, F|50/100\n|detailschange|p2b: Greninja|Greninja-Mega, L50, F, shiny\n|-mega|p2b: Greninja|Greninja|Greninjite\n|move|p1b: Froslass|Protect|p1b: Froslass\n|-singleturn|p1b: Froslass|Protect\n|move|p2a: Incineroar|Fake Out|p1a: Kingambit\n|-resisted|p1a: Kingambit|1\n|-damage|p1a: Kingambit|46/100\n|move|p2b: Greninja|Dark Pulse|p1b: Froslass\n|-start|p2b: Greninja|typechange|Dark|[from] ability: Protean\n|-activate|p1b: Froslass|move: Protect\n|\n|-weather|Snowscape|[upkeep]\n|upkeep\n|turn|10\n|\n|t:|1776232685\n|move|p1a: Kingambit|Sucker Punch|p2b: Greninja\n|-resisted|p2b: Greninja|1\n|-damage|p2b: Greninja|0 fnt\n|faint|p2b: Greninja\n|move|p1b: Froslass|Blizzard|p2a: Incineroar\n|-resisted|p2a: Incineroar|1\n|-damage|p2a: Incineroar|40/100\n|move|p2a: Incineroar|Flare Blitz|p1a: Kingambit\n|-supereffective|p1a: Kingambit|1\n|-damage|p1a: Kingambit|0 fnt\n|faint|p1a: Kingambit\n|-damage|p2a: Incineroar|26/100|[from] Recoil\n|\n|-weather|none\n|-sideend|p1: MilkTeaWayGalaxy|move: Aurora Veil\n|upkeep\n|\n|t:|1776232689\n|switch|p1a: Incineroar|Incineroar, L50, F, shiny|100/100\n|-ability|p1a: Incineroar|Intimidate|boost\n|-unboost|p2a: Incineroar|atk|1\n|turn|11\n|-message|Zanoveli forfeited.\n|\n|win|MilkTeaWayGalaxy\n|raw|MilkTeaWayGalaxy's rating: 1261 &rarr; <strong>1293</strong><br />(+32 for winning)\n|raw|Zanoveli's rating: 1357 &rarr; <strong>1332</strong><br />(-25 for losing)\n|l|\u2606Zanoveli\n|player|p2|\n",
  "uploadtime": 1776232701,
  "views": 26,
  "formatid": "gen9championsvgc2026regma",
  "rating": 1293,
  "private": 0,
  "password": null
}