{
  "id": "gen9championsvgc2026regma-2580883116",
  "format": "[Gen 9 Champions] VGC 2026 Reg M-A",
  "players": [
    "DragonairJordan23",
    "gomb#360"
  ],
  "log": "|j|\u2606DragonairJordan23\n|j|\u2606gomb#360\n|t:|1775940296\n|gametype|doubles\n|player|p1|DragonairJordan23|dancer|1041\n|player|p2|gomb#360|102|1094\n|gen|9\n|tier|[Gen 9 Champions] VGC 2026 Reg M-A\n|rated|\n|rule|Species Clause: Limit one of each Pok\u00e9mon\n|rule|Item Clause: Limit 1 of each item\n|clearpoke\n|poke|p1|Hawlucha, L50, M|\n|poke|p1|Excadrill, L50, F|\n|poke|p1|Tyranitar, L50, F|\n|poke|p1|Rotom-Wash, L50|\n|poke|p1|Aegislash, L50, F|\n|poke|p2|Sinistcha-Masterpiece, L50|\n|poke|p2|Incineroar, L50, F|\n|poke|p2|Corviknight, L50, M|\n|poke|p2|Tyranitar, L50, M|\n|poke|p2|Kommo-o, L50, F|\n|poke|p2|Slowbro, L50, M|\n|teampreview|4\n|\n|t:|1775940321\n|teamsize|p1|4\n|teamsize|p2|4\n|start\n|switch|p1a: Rotom|Rotom-Wash, L50|100/100\n|switch|p1b: Hawlucha|Hawlucha, L50, M|100/100\n|switch|p2a: Incineroar|Incineroar, L50, F, shiny|100/100\n|switch|p2b: Corviknight|Corviknight, L50, M, shiny|100/100\n|-ability|p2a: Incineroar|Intimidate|boost\n|-unboost|p1a: Rotom|atk|1\n|-unboost|p1b: Hawlucha|atk|1\n|turn|1\n|inactive|Battle timer is ON: inactive players will automatically lose when time's up. (requested by gomb#360)\n|inactive|DragonairJordan23 has 60 seconds left.\n|\n|t:|1775940356\n|move|p1b: Hawlucha|Protect|p1b: Hawlucha\n|-singleturn|p1b: Hawlucha|Protect\n|move|p2a: Incineroar|Fake Out|p1a: Rotom\n|-damage|p1a: Rotom|87/100\n|cant|p1a: Rotom|flinch\n|move|p2b: Corviknight|Brave Bird|p1b: Hawlucha\n|-activate|p1b: Hawlucha|move: Protect\n|\n|upkeep\n|turn|2\n|inactive|DragonairJordan23 has 30 seconds left.\n|\n|t:|1775940382\n|switch|p2b: Kommo-o|Kommo-o, L50, F, shiny|100/100\n|detailschange|p1b: Hawlucha|Hawlucha-Mega, L50, M\n|-mega|p1b: Hawlucha|Hawlucha|Hawluchanite\n|move|p1a: Rotom|Volt Switch|p2a: Incineroar\n|-damage|p2a: Incineroar|78/100\n|\n|t:|1775940389\n|switch|p1a: Excadrill|Excadrill, L50, F|100/100|[from] Volt Switch\n|move|p1b: Hawlucha|Entrainment|p1a: Excadrill\n|-ability|p1a: Excadrill|No Guard|Sand Rush|[from] move: Entrainment|[of] p1b: Hawlucha\n|move|p2a: Incineroar|Flare Blitz|p1b: Hawlucha\n|-damage|p1b: Hawlucha|48/100\n|-damage|p2a: Incineroar|63/100|[from] Recoil\n|\n|upkeep\n|turn|3\n|\n|t:|1775940413\n|switch|p2a: Corviknight|Corviknight, L50, M, shiny|100/100\n|move|p1b: Hawlucha|Close Combat|p2a: Corviknight\n|-damage|p2a: Corviknight|66/100\n|-unboost|p1b: Hawlucha|def|1\n|-unboost|p1b: Hawlucha|spd|1\n|move|p1a: Excadrill|Horn Drill|p2b: Kommo-o\n|-damage|p2b: Kommo-o|0 fnt\n|faint|p2b: Kommo-o\n|-ohko\n|\n|upkeep\n|\n|t:|1775940431\n|switch|p2b: Incineroar|Incineroar, L50, F, shiny|63/100\n|-ability|p2b: Incineroar|Intimidate|boost\n|-unboost|p1a: Excadrill|atk|1\n|-unboost|p1b: Hawlucha|atk|1\n|turn|4\n|\n|t:|1775940455\n|move|p1a: Excadrill|Protect|p1a: Excadrill\n|-singleturn|p1a: Excadrill|Protect\n|move|p2b: Incineroar|Fake Out|p1a: Excadrill\n|-activate|p1a: Excadrill|move: Protect\n|move|p1b: Hawlucha|Entrainment|p2a: Corviknight\n|-ability|p2a: Corviknight|No Guard|Mirror Armor|[from] move: Entrainment|[of] p1b: Hawlucha\n|move|p2a: Corviknight|Brave Bird|p1b: Hawlucha\n|-supereffective|p1b: Hawlucha|1\n|-damage|p1b: Hawlucha|0 fnt\n|faint|p1b: Hawlucha\n|-damage|p2a: Corviknight|54/100|[from] Recoil\n|\n|upkeep\n|\n|t:|1775940468\n|switch|p1b: Rotom|Rotom-Wash, L50|87/100\n|turn|5\n|\n|t:|1775940488\n|switch|p2a: Slowbro|Slowbro, L50, M, shiny|100/100\n|move|p1b: Rotom|Hydro Pump|p2a: Slowbro\n|-resisted|p2a: Slowbro|1\n|-damage|p2a: Slowbro|82/100\n|move|p1a: Excadrill|Horn Drill|p2b: Incineroar\n|-damage|p2b: Incineroar|0 fnt\n|faint|p2b: Incineroar\n|-ohko\n|\n|upkeep\n|\n|t:|1775940499\n|switch|p2b: Corviknight|Corviknight, L50, M, shiny|54/100\n|turn|6\n|\n|t:|1775940522\n|detailschange|p2a: Slowbro|Slowbro-Mega, L50, M, shiny\n|-mega|p2a: Slowbro|Slowbro|Slowbronite\n|move|p1b: Rotom|Hydro Pump|p2b: Corviknight\n|-damage|p2b: Corviknight|7/100\n|-enditem|p2b: Corviknight|Sitrus Berry|[eat]\n|-heal|p2b: Corviknight|32/100|[from] item: Sitrus Berry\n|move|p1a: Excadrill|Horn Drill|p2a: Slowbro\n|-damage|p2a: Slowbro|0 fnt\n|faint|p2a: Slowbro\n|-ohko\n|move|p2b: Corviknight|Iron Head|p1b: Rotom\n|-resisted|p1b: Rotom|2\n|-damage|p1b: Rotom|80/100\n|\n|upkeep\n|turn|7\n|-message|gomb#360 forfeited.\n|\n|win|DragonairJordan23\n|raw|DragonairJordan23's rating: 1041 &rarr; <strong>1080</strong><br />(+39 for winning)\n|raw|gomb#360's rating: 1094 &rarr; <strong>1066</strong><br />(-28 for losing)\n",
  "uploadtime": 1775940535,
  "views": 16,
  "formatid": "gen9championsvgc2026regma",
  "rating": 1066,
  "private": 0,
  "password": null
}