{
  "id": "gen9championsvgc2026regma-2583551958",
  "format": "[Gen 9 Champions] VGC 2026 Reg M-A",
  "players": [
    "maxd08",
    "erikm76"
  ],
  "log": "|j|\u2606maxd08\n|j|\u2606erikm76\n|t:|1776182827\n|gametype|doubles\n|player|p1|maxd08|swimmerf|1023\n|player|p2|erikm76|hilbert-wonderlauncher|1083\n|gen|9\n|tier|[Gen 9 Champions] VGC 2026 Reg M-A\n|rated|\n|rule|Species Clause: Limit one of each Pok\u00e9mon\n|rule|Item Clause: Limit 1 of each item\n|clearpoke\n|poke|p1|Maushold-Four, L50|\n|poke|p1|Clefable, L50, F|\n|poke|p1|Skarmory, L50, M|\n|poke|p1|Gourgeist-*, L50, F|\n|poke|p1|Meowscarada, L50, F|\n|poke|p1|Altaria, L50, F|\n|poke|p2|Archaludon, L50, F|\n|poke|p2|Farigiraf, L50, M|\n|poke|p2|Incineroar, L50, M|\n|poke|p2|Kommo-o, L50, F|\n|poke|p2|Gengar, L50, F|\n|poke|p2|Orthworm, L50, F|\n|teampreview|4\nerikm76 has agreed to open team sheets.\n|\n|t:|1776182854\n|teamsize|p1|4\n|teamsize|p2|4\n|start\n|switch|p1a: Familia marihuana|Maushold-Four, L50|100/100\n|switch|p1b: Cindy|Altaria, L50, F, shiny|100/100\n|switch|p2a: Kommo-o|Kommo-o, L50, F|100/100\n|switch|p2b: Orthworm|Orthworm, L50, F|100/100\n|-ability|p1b: Cindy|Cloud Nine\n|turn|1\n|inactive|Battle timer is ON: inactive players will automatically lose when time's up. (requested by erikm76)\n|\n|t:|1776182886\n|switch|p2a: Incineroar|Incineroar, L50, M|100/100\n|-ability|p2a: Incineroar|Intimidate|boost\n|-unboost|p1a: Familia marihuana|atk|1\n|-unboost|p1b: Cindy|atk|1\n|move|p1a: Familia marihuana|Tidy Up|p1a: Familia marihuana\n|-boost|p1a: Familia marihuana|atk|1\n|-boost|p1a: Familia marihuana|spe|1\n|move|p1b: Cindy|Tailwind|p1b: Cindy\n|-sidestart|p1: maxd08|move: Tailwind\n|move|p2b: Orthworm|Shed Tail|p2b: Orthworm\n|-start|p2b: Orthworm|Substitute|[from] move: Shed Tail\n|-damage|p2b: Orthworm|50/100\n|-enditem|p2b: Orthworm|Sitrus Berry|[eat]\n|-heal|p2b: Orthworm|75/100|[from] item: Sitrus Berry\n|\n|t:|1776182898\n|switch|p2b: Gengar|Gengar, L50, F|100/100|[from] Shed Tail\n|\n|upkeep\n|turn|2\n|\n|t:|1776182921\n|detailschange|p2b: Gengar|Gengar-Mega, L50, F\n|-mega|p2b: Gengar|Gengar|Gengarite\n|move|p2a: Incineroar|Fake Out|p1b: Cindy\n|-damage|p1b: Cindy|87/100\n|move|p1a: Familia marihuana|Tidy Up|p1a: Familia marihuana\n|-end|p2b: Gengar|Substitute\n|-activate|p1a: Familia marihuana|move: Tidy Up\n|-boost|p1a: Familia marihuana|atk|1\n|-boost|p1a: Familia marihuana|spe|1\n|cant|p1b: Cindy|flinch\n|move|p2b: Gengar|Perish Song|p2b: Gengar\n|-start|p1a: Familia marihuana|perish3|[silent]\n|-start|p1b: Cindy|perish3|[silent]\n|-start|p2a: Incineroar|perish3|[silent]\n|-start|p2b: Gengar|perish3|[silent]\n|-fieldactivate|move: Perish Song\n|\n|-start|p1a: Familia marihuana|perish3\n|-start|p1b: Cindy|perish3\n|-start|p2b: Gengar|perish3\n|-start|p2a: Incineroar|perish3\n|upkeep\n|turn|3\n|inactive|maxd08 has 30 seconds left.\n|inactive|maxd08 has 20 seconds left.\n|inactive|maxd08 has 15 seconds left.\n|\n|t:|1776182966\n|move|p2b: Gengar|Protect|p2b: Gengar\n|-singleturn|p2b: Gengar|Protect\n|move|p2a: Incineroar|Protect|p2a: Incineroar\n|-singleturn|p2a: Incineroar|Protect\n|move|p1a: Familia marihuana|Play Rough|p2a: Incineroar\n|-activate|p2a: Incineroar|move: Protect\n|move|p1b: Cindy|Dragon Pulse|p2b: Gengar\n|-activate|p2b: Gengar|move: Protect\n|\n|-start|p1a: Familia marihuana|perish2\n|-start|p1b: Cindy|perish2\n|-start|p2b: Gengar|perish2\n|-start|p2a: Incineroar|perish2\n|upkeep\n|turn|4\n|inactive|erikm76 has 30 seconds left.\n|inactive|erikm76 has 20 seconds left.\n|inactive|erikm76 has 15 seconds left.\n|inactive|erikm76 has 10 seconds left.\n|inactive|erikm76 has 5 seconds left.\n|\n|t:|1776183021\n|move|p2b: Gengar|Protect||[still]\n|-fail|p2b: Gengar\n|move|p2a: Incineroar|Protect|p2a: Incineroar\n|-singleturn|p2a: Incineroar|Protect\n|move|p1a: Familia marihuana|Play Rough|p2a: Incineroar\n|-activate|p2a: Incineroar|move: Protect\n|move|p1b: Cindy|Fire Spin|p2b: Gengar\n|-damage|p2b: Gengar|88/100\n|-activate|p2b: Gengar|move: Fire Spin|[of] p1b: Cindy\n|\n|-damage|p2b: Gengar|76/100|[from] move: Fire Spin|[partiallytrapped]\n|-start|p1a: Familia marihuana|perish1\n|-start|p1b: Cindy|perish1\n|-start|p2b: Gengar|perish1\n|-start|p2a: Incineroar|perish1\n|-sideend|p1: maxd08|move: Tailwind\n|upkeep\n|turn|5\n|inactive|erikm76 has 30 seconds left.\n|inactive|erikm76 has 20 seconds left.\n|inactive|erikm76 has 15 seconds left.\n|inactive|erikm76 has 10 seconds left.\n|inactive|erikm76 has 5 seconds left.\n|\n|t:|1776183076\n|move|p2b: Gengar|Protect|p2b: Gengar\n|-singleturn|p2b: Gengar|Protect\n|move|p2a: Incineroar|Protect||[still]\n|-fail|p2a: Incineroar\n|move|p1a: Familia marihuana|Play Rough|p2a: Incineroar\n|-damage|p2a: Incineroar|71/100\n|move|p1b: Cindy|Tailwind|p1b: Cindy\n|-sidestart|p1: maxd08|move: Tailwind\n|\n|-damage|p2b: Gengar|64/100|[from] move: Fire Spin|[partiallytrapped]\n|-start|p1a: Familia marihuana|perish0\n|-start|p1b: Cindy|perish0\n|-start|p2b: Gengar|perish0\n|-start|p2a: Incineroar|perish0\n|faint|p1a: Familia marihuana\n|faint|p1b: Cindy\n|faint|p2b: Gengar\n|faint|p2a: Incineroar\n|upkeep\n|inactive|erikm76 has 30 seconds left.\n|inactive|erikm76 has 20 seconds left.\n|inactive|erikm76 has 15 seconds left.\n|inactive|erikm76 has 10 seconds left.\n|inactive|erikm76 has 5 seconds left.\n|\n|t:|1776183132\n|switch|p2b: Kommo-o|Kommo-o, L50, F|100/100\n|switch|p1a: lim\u00e3o|Skarmory, L50, M, shiny|100/100\n|switch|p1b: Clefa|Clefable, L50, F|100/100\n|switch|p2a: Orthworm|Orthworm, L50, F|75/100\n|turn|6\n|c|\u2606maxd08|not the way u imagine uh?\n|inactive|erikm76 has 30 seconds left.\n|inactive|erikm76 has 20 seconds left.\n|inactive|erikm76 has 15 seconds left.\n|inactive|erikm76 has 10 seconds left.\n|inactive|erikm76 has 5 seconds left.\n|\n|t:|1776183187\n|detailschange|p1a: lim\u00e3o|Skarmory-Mega, L50, M, shiny\n|-mega|p1a: lim\u00e3o|Skarmory|Skarmorite\n|move|p2b: Kommo-o|Protect|p2b: Kommo-o\n|-singleturn|p2b: Kommo-o|Protect\n|move|p2a: Orthworm|Protect|p2a: Orthworm\n|-singleturn|p2a: Orthworm|Protect\n|move|p1a: lim\u00e3o|Rock Slide|p2b: Kommo-o|[spread] \n|-activate|p2a: Orthworm|move: Protect\n|-activate|p2b: Kommo-o|move: Protect\n|move|p1b: Clefa|Moonblast|p2b: Kommo-o\n|-activate|p2b: Kommo-o|move: Protect\n|\n|upkeep\n|turn|7\n|inactive|erikm76 has 30 seconds left.\n|inactive|erikm76 has 20 seconds left.\n|inactive|erikm76 has 15 seconds left.\n|inactive|erikm76 has 10 seconds left.\n|inactive|erikm76 has 5 seconds left.\n|\n|t:|1776183242\n|move|p2b: Kommo-o|Protect||[still]\n|-fail|p2b: Kommo-o\n|move|p2a: Orthworm|Protect||[still]\n|-fail|p2a: Orthworm\n|move|p1a: lim\u00e3o|Swords Dance|p1a: lim\u00e3o\n|-boost|p1a: lim\u00e3o|atk|2\n|move|p1b: Clefa|Moonblast|p2b: Kommo-o\n|-supereffective|p2b: Kommo-o|2\n|-damage|p2b: Kommo-o|0 fnt\n|faint|p2b: Kommo-o\n|\n|upkeep\n|turn|8\n|inactive|maxd08 has 30 seconds left.\n|inactive|erikm76 has 30 seconds left.\n|inactive|maxd08 has 20 seconds left.\n|inactive|erikm76 has 20 seconds left.\n|inactive|maxd08 has 15 seconds left.\n|inactive|erikm76 has 15 seconds left.\n|inactive|erikm76 has 10 seconds left.\n|inactive|erikm76 has 5 seconds left.\n|\n|t:|1776183297\n|move|p2a: Orthworm|Protect|p2a: Orthworm\n|-singleturn|p2a: Orthworm|Protect\n|move|p1b: Clefa|Follow Me|p1b: Clefa\n|-singleturn|p1b: Clefa|move: Follow Me\n|move|p1a: lim\u00e3o|Iron Head|p1b: Clefa\n|-supereffective|p1b: Clefa|1\n|-damage|p1b: Clefa|0 fnt\n|faint|p1b: Clefa\n|\n|-sideend|p1: maxd08|move: Tailwind\n|upkeep\n|turn|9\n|inactive|erikm76 has 30 seconds left.\n|inactive|erikm76 has 20 seconds left.\n|inactive|erikm76 has 15 seconds left.\n|inactive|erikm76 has 10 seconds left.\n|inactive|erikm76 has 5 seconds left.\n|\n|t:|1776183352\n|move|p2a: Orthworm|Protect||[still]\n|-fail|p2a: Orthworm\n|move|p1a: lim\u00e3o|Iron Head|p2a: Orthworm\n|-resisted|p2a: Orthworm|1\n|-damage|p2a: Orthworm|42/100\n|\n|upkeep\n|turn|10\n|inactive|erikm76 has 20 seconds left this turn.\n|inactive|erikm76 has 15 seconds left.\n|inactive|erikm76 has 10 seconds left.\n|inactive|erikm76 has 5 seconds left.\n|-message|erikm76 lost due to inactivity.\n|\n|win|maxd08\n|raw|maxd08's rating: 1023 &rarr; <strong>1066</strong><br />(+43 for winning)\n|raw|erikm76's rating: 1083 &rarr; <strong>1057</strong><br />(-26 for losing)\n",
  "uploadtime": 1776183391,
  "views": 18,
  "formatid": "gen9championsvgc2026regma",
  "rating": 1057,
  "private": 0,
  "password": null
}