{
  "id": "gen9championsvgc2026regma-2588803632",
  "format": "[Gen 9 Champions] VGC 2026 Reg M-A",
  "players": [
    "SilverDem0n_",
    "Crash0utVGC"
  ],
  "log": "|j|\u2606SilverDem0n_\n|j|\u2606Crash0utVGC\n|t:|1776672843\n|gametype|doubles\n|player|p1|SilverDem0n_|169|1170\n|player|p2|Crash0utVGC|colress|1223\n|gen|9\n|tier|[Gen 9 Champions] VGC 2026 Reg M-A\n|rated|\n|rule|Species Clause: Limit one of each Pok\u00e9mon\n|rule|Item Clause: Limit 1 of each item\n|clearpoke\n|poke|p1|Skarmory, L50, F, shiny|\n|poke|p1|Pelipper, L50, F|\n|poke|p1|Basculegion, L50, M|\n|poke|p1|Tsareena, L50, F, shiny|\n|poke|p1|Archaludon, L50, M, shiny|\n|poke|p1|Sableye, L50, F, shiny|\n|poke|p2|Charizard, L50, M|\n|poke|p2|Sinistcha-Masterpiece, L50|\n|poke|p2|Tyranitar, L50, M, shiny|\n|poke|p2|Incineroar, L50, F|\n|poke|p2|Milotic, L50, F, shiny|\n|poke|p2|Sneasler, L50, F, shiny|\n|teampreview|4\n|inactive|Battle timer is ON: inactive players will automatically lose when time's up. (requested by Crash0utVGC)\n|\n|t:|1776672897\n|teamsize|p1|4\n|teamsize|p2|4\n|start\n|switch|p1a: Sears|Archaludon, L50, M, shiny|100/100\n|switch|p1b: Liliya|Sableye, L50, F, shiny|100/100\n|switch|p2a: Tyranitar|Tyranitar, L50, M, shiny|100/100\n|switch|p2b: Milotic|Milotic, L50, F, shiny|100/100\n|-weather|Sandstorm|[from] ability: Sand Stream|[of] p2a: Tyranitar\n|turn|1\n|\n|t:|1776672913\n|detailschange|p2a: Tyranitar|Tyranitar-Mega, L50, M, shiny\n|-mega|p2a: Tyranitar|Tyranitar|Tyranitarite\n|move|p1b: Liliya|Rain Dance|p1b: Liliya\n|-weather|RainDance\n|move|p1a: Sears|Electro Shot||[still]\n|-prepare|p1a: Sears|Electro Shot\n|-boost|p1a: Sears|spa|1\n|-anim|p1a: Sears|Electro Shot|p2b: Milotic\n|-supereffective|p2b: Milotic|1\n|-damage|p2b: Milotic|2/100\n|move|p2b: Milotic|Icy Wind|p1a: Sears|[spread] p1a,p1b\n|-damage|p1a: Sears|84/100\n|-damage|p1b: Liliya|88/100\n|-unboost|p1a: Sears|spe|1\n|-unboost|p1b: Liliya|spe|1\n|move|p2a: Tyranitar|Low Kick|p1a: Sears\n|-supereffective|p1a: Sears|1\n|-damage|p1a: Sears|26/100\n|\n|-weather|RainDance|[upkeep]\n|-heal|p2b: Milotic|8/100|[from] item: Leftovers\n|upkeep\n|turn|2\n|inactive|SilverDem0n_ has 30 seconds left.\n|\n|t:|1776672938\n|move|p1a: Sears|Electro Shot||[still]\n|-prepare|p1a: Sears|Electro Shot\n|-boost|p1a: Sears|spa|1\n|-anim|p1a: Sears|Electro Shot|p2a: Tyranitar\n|-damage|p2a: Tyranitar|37/100\n|move|p2b: Milotic|Scald|p1b: Liliya\n|-damage|p1b: Liliya|30/100\n|move|p2a: Tyranitar|Knock Off|p1a: Sears\n|-damage|p1a: Sears|0 fnt\n|-enditem|p1a: Sears|Choice Scarf|[from] move: Knock Off|[of] p2a: Tyranitar\n|faint|p1a: Sears\n|move|p1b: Liliya|Foul Play|p2b: Milotic\n|-damage|p2b: Milotic|0 fnt\n|faint|p2b: Milotic\n|\n|-weather|RainDance|[upkeep]\n|upkeep\n|inactive|SilverDem0n_ has 30 seconds left.\n|\n|t:|1776672966\n|switch|p1a: Kamikaze|Skarmory, L50, F, shiny|100/100\n|switch|p2b: Sinistcha|Sinistcha-Masterpiece, L50|100/100\n|-heal|p2a: Tyranitar|62/100|[from] ability: Hospitality|[of] p2b: Sinistcha\n|turn|3\n|\n|t:|1776672984\n|switch|p2b: Incineroar|Incineroar, L50, F|100/100\n|-ability|p2b: Incineroar|Intimidate|boost\n|-unboost|p1a: Kamikaze|atk|1\n|-unboost|p1b: Liliya|atk|1\n|detailschange|p1a: Kamikaze|Skarmory-Mega, L50, F, shiny\n|-mega|p1a: Kamikaze|Skarmory|Skarmorite\n|move|p1b: Liliya|Taunt|p2b: Incineroar\n|-hint|Since gen 7, Dark is immune to Prankster moves.\n|-immune|p2b: Incineroar\n|move|p1a: Kamikaze|Iron Head|p2a: Tyranitar\n|-supereffective|p2a: Tyranitar|1\n|-damage|p2a: Tyranitar|24/100\n|move|p2a: Tyranitar|Rock Slide|p1a: Kamikaze|[spread] p1a,p1b\n|-damage|p1a: Kamikaze|69/100\n|-damage|p1b: Liliya|0 fnt\n|faint|p1b: Liliya\n|\n|-weather|RainDance|[upkeep]\n|upkeep\n|\n|t:|1776673003\n|switch|p1b: Fih|Basculegion, L50, M|100/100\n|turn|4\n|\n|t:|1776673023\n|move|p2a: Tyranitar|Protect|p2a: Tyranitar\n|-singleturn|p2a: Tyranitar|Protect\n|move|p1b: Fih|Wave Crash|p2a: Tyranitar\n|-activate|p2a: Tyranitar|move: Protect\n|move|p1a: Kamikaze|Brave Bird|p2b: Incineroar\n|-damage|p2b: Incineroar|62/100\n|-damage|p1a: Kamikaze|53/100|[from] Recoil\n|move|p2b: Incineroar|Parting Shot|p1b: Fih\n|-unboost|p1b: Fih|atk|1\n|-unboost|p1b: Fih|spa|1\n|\n|t:|1776673027\n|switch|p2b: Sinistcha|Sinistcha-Masterpiece, L50|100/100|[from] Parting Shot\n|-heal|p2a: Tyranitar|49/100|[from] ability: Hospitality|[of] p2b: Sinistcha\n|\n|-weather|RainDance|[upkeep]\n|upkeep\n|turn|5\n|inactive|SilverDem0n_ has 30 seconds left.\n|inactive|SilverDem0n_ has 20 seconds left.\n|inactive|SilverDem0n_ has 15 seconds left.\n|inactive|SilverDem0n_ has 10 seconds left.\n|\n|t:|1776673072\n|switch|p2a: Incineroar|Incineroar, L50, F|62/100\n|-ability|p2a: Incineroar|Intimidate|boost\n|-unboost|p1a: Kamikaze|atk|1\n|-unboost|p1b: Fih|atk|1\n|move|p1b: Fih|Wave Crash|p2a: Incineroar\n|-supereffective|p2a: Incineroar|1\n|-crit|p2a: Incineroar\n|-damage|p2a: Incineroar|0 fnt\n|faint|p2a: Incineroar\n|-damage|p1b: Fih|79/100|[from] Recoil\n|move|p1a: Kamikaze|Swords Dance|p1a: Kamikaze\n|-boost|p1a: Kamikaze|atk|2\n|move|p2b: Sinistcha|Trick Room|p2b: Sinistcha\n|-fieldstart|move: Trick Room|[of] p2b: Sinistcha\n|\n|-weather|none\n|upkeep\n|\n|t:|1776673079\n|switch|p2a: Tyranitar|Tyranitar-Mega, L50, M, shiny|49/100\n|-weather|Sandstorm|[from] ability: Sand Stream|[of] p2a: Tyranitar\n|turn|6\n|inactive|SilverDem0n_ has 30 seconds left.\n|inactive|SilverDem0n_ has 20 seconds left.\n|inactive|SilverDem0n_ has 15 seconds left.\n|\n|t:|1776673121\n|move|p1b: Fih|Protect|p1b: Fih\n|-singleturn|p1b: Fih|Protect\n|move|p2b: Sinistcha|Rage Powder|p2b: Sinistcha\n|-singleturn|p2b: Sinistcha|move: Rage Powder\n|move|p2a: Tyranitar|Rock Slide|p1a: Kamikaze|[spread] p1a\n|-activate|p1b: Fih|move: Protect\n|-damage|p1a: Kamikaze|22/100\n|move|p1a: Kamikaze|Iron Head|p2a: Tyranitar\n|-supereffective|p2a: Tyranitar|1\n|-damage|p2a: Tyranitar|0 fnt\n|faint|p2a: Tyranitar\n|\n|-weather|Sandstorm|[upkeep]\n|-damage|p2b: Sinistcha|94/100|[from] Sandstorm\n|-damage|p1b: Fih|73/100|[from] Sandstorm\n|upkeep\n|turn|7\n|-message|Crash0utVGC forfeited.\n|\n|win|SilverDem0n_\n|raw|SilverDem0n_'s rating: 1170 &rarr; <strong>1199</strong><br />(+29 for winning)\n|raw|Crash0utVGC's rating: 1223 &rarr; <strong>1194</strong><br />(-29 for losing)\n",
  "uploadtime": 1776673133,
  "views": 9,
  "formatid": "gen9championsvgc2026regma",
  "rating": 1194,
  "private": 0,
  "password": null
}