{
  "id": "gen9championsvgc2026regma-2583416108",
  "format": "[Gen 9 Champions] VGC 2026 Reg M-A",
  "players": [
    "UnloshTheWash",
    "mars23456"
  ],
  "log": "|j|\u2606UnloshTheWash\n|j|\u2606mars23456\n|t:|1776174183\n|gametype|doubles\n|player|p1|UnloshTheWash|red|1369\n|player|p2|mars23456|ingo|1496\n|gen|9\n|tier|[Gen 9 Champions] VGC 2026 Reg M-A\n|rated|\n|rule|Species Clause: Limit one of each Pok\u00e9mon\n|rule|Item Clause: Limit 1 of each item\n|clearpoke\n|poke|p1|Delphox, L50, M|\n|poke|p1|Mamoswine, L50, F|\n|poke|p1|Orthworm, L50, F|\n|poke|p1|Rotom-Wash, L50|\n|poke|p1|Maushold-Four, L50|\n|poke|p1|Sneasler, L50, M|\n|poke|p2|Pelipper, L50, M|\n|poke|p2|Archaludon, L50, F|\n|poke|p2|Floette-Eternal, L50, F|\n|poke|p2|Basculegion, L50, M|\n|poke|p2|Gengar, L50, F|\n|poke|p2|Ninetales-Alola, L50, F|\n|teampreview|4\n|inactive|Battle timer is ON: inactive players will automatically lose when time's up. (requested by mars23456)\nmars23456 has agreed to open team sheets.\n|inactive|mars23456 has 60 seconds left.\n|\n|t:|1776174221\n|teamsize|p1|4\n|teamsize|p2|4\n|start\n|switch|p1a: Rotom|Rotom-Wash, L50|100/100\n|switch|p1b: Delphox|Delphox, L50, M|100/100\n|switch|p2a: Pelipper|Pelipper, L50, M|100/100\n|switch|p2b: Archaludon|Archaludon, L50, F|100/100\n|-weather|RainDance|[from] ability: Drizzle|[of] p2a: Pelipper\n|turn|1\n|\n|t:|1776174233\n|detailschange|p1b: Delphox|Delphox-Mega, L50, M\n|-mega|p1b: Delphox|Delphox|Delphoxite\n|move|p2a: Pelipper|Protect|p2a: Pelipper\n|-singleturn|p2a: Pelipper|Protect\n|move|p1a: Rotom|Electroweb|p2b: Archaludon|[spread] p2b\n|-activate|p2a: Pelipper|move: Protect\n|-resisted|p2b: Archaludon|1\n|-damage|p2b: Archaludon|88/100\n|-unboost|p2b: Archaludon|spe|1\n|-enditem|p2b: Archaludon|White Herb\n|-clearnegativeboost|p2b: Archaludon|[silent]\n|move|p1b: Delphox|Nasty Plot|p1b: Delphox\n|-boost|p1b: Delphox|spa|2\n|move|p2b: Archaludon|Electro Shot||[still]\n|-prepare|p2b: Archaludon|Electro Shot\n|-boost|p2b: Archaludon|spa|1\n|-anim|p2b: Archaludon|Electro Shot|p1a: Rotom\n|-damage|p1a: Rotom|24/100\n|\n|-weather|RainDance|[upkeep]\n|upkeep\n|turn|2\n|\n|t:|1776174250\n|move|p2a: Pelipper|Wide Guard|p2a: Pelipper\n|-singleturn|p2a: Pelipper|Wide Guard\n|move|p1a: Rotom|Electroweb|p2a: Pelipper|[spread] \n|-activate|p2a: Pelipper|move: Wide Guard\n|-activate|p2b: Archaludon|move: Wide Guard\n|move|p1b: Delphox|Heat Wave|p2b: Archaludon|[spread] \n|-activate|p2a: Pelipper|move: Wide Guard\n|-activate|p2b: Archaludon|move: Wide Guard\n|move|p2b: Archaludon|Draco Meteor|p1b: Delphox\n|-damage|p1b: Delphox|18/100\n|-unboost|p2b: Archaludon|spa|2\n|\n|-weather|RainDance|[upkeep]\n|upkeep\n|turn|3\n|\n|t:|1776174267\n|switch|p1a: Sneasler|Sneasler, L50, M|100/100\n|move|p1b: Delphox|Protect|p1b: Delphox\n|-singleturn|p1b: Delphox|Protect\n|move|p2a: Pelipper|Protect||[still]\n|-fail|p2a: Pelipper\n|move|p2b: Archaludon|Electro Shot||[still]\n|-prepare|p2b: Archaludon|Electro Shot\n|-boost|p2b: Archaludon|spa|1\n|-anim|p2b: Archaludon|Electro Shot|p1a: Sneasler\n|-damage|p1a: Sneasler|47/100\n|\n|-weather|RainDance|[upkeep]\n|upkeep\n|turn|4\n|\n|t:|1776174288\n|move|p2b: Archaludon|Protect|p2b: Archaludon\n|-singleturn|p2b: Archaludon|Protect\n|move|p1b: Delphox|Psychic|p2a: Pelipper\n|-damage|p2a: Pelipper|0 fnt\n|faint|p2a: Pelipper\n|move|p1a: Sneasler|Close Combat|p2b: Archaludon\n|-activate|p2b: Archaludon|move: Protect\n|\n|-weather|RainDance|[upkeep]\n|upkeep\n|\n|t:|1776174294\n|switch|p2a: Basculegion|Basculegion, L50, M|100/100\n|turn|5\n|\n|t:|1776174302\n|move|p1b: Delphox|Protect|p1b: Delphox\n|-singleturn|p1b: Delphox|Protect\n|move|p2a: Basculegion|Liquidation|p1a: Sneasler\n|-damage|p1a: Sneasler|0 fnt\n|faint|p1a: Sneasler\n|move|p2b: Archaludon|Electro Shot||[still]\n|-prepare|p2b: Archaludon|Electro Shot\n|-boost|p2b: Archaludon|spa|1\n|-anim|p2b: Archaludon|Electro Shot|p1b: Delphox\n|-activate|p1b: Delphox|move: Protect\n|\n|-weather|none\n|upkeep\n|\n|t:|1776174308\n|switch|p1a: Rotom|Rotom-Wash, L50|24/100\n|turn|6\n|\n|t:|1776174314\n|move|p2a: Basculegion|Aqua Jet|p1b: Delphox\n|-supereffective|p1b: Delphox|1\n|-damage|p1b: Delphox|0 fnt\n|faint|p1b: Delphox\n|move|p1a: Rotom|Electroweb|p2a: Basculegion|[spread] p2a,p2b\n|-supereffective|p2a: Basculegion|1\n|-resisted|p2b: Archaludon|1\n|-damage|p2a: Basculegion|66/100\n|-damage|p2b: Archaludon|77/100\n|-unboost|p2a: Basculegion|spe|1\n|-unboost|p2b: Archaludon|spe|1\n|move|p2b: Archaludon|Flash Cannon|p1a: Rotom\n|-resisted|p1a: Rotom|2\n|-damage|p1a: Rotom|8/100\n|\n|upkeep\n|\n|t:|1776174318\n|switch|p1b: Mamoswine|Mamoswine, L50, F|100/100\n|turn|7\n|\n|t:|1776174325\n|move|p2b: Archaludon|Protect|p2b: Archaludon\n|-singleturn|p2b: Archaludon|Protect\n|move|p2a: Basculegion|Aqua Jet|p1b: Mamoswine\n|-supereffective|p1b: Mamoswine|1\n|-damage|p1b: Mamoswine|54/100\n|move|p1a: Rotom|Electroweb|p2a: Basculegion|[spread] p2a\n|-activate|p2b: Archaludon|move: Protect\n|-supereffective|p2a: Basculegion|1\n|-damage|p2a: Basculegion|34/100\n|-unboost|p2a: Basculegion|spe|1\n|move|p1b: Mamoswine|Earthquake|p2b: Archaludon|[spread] p2a\n|-activate|p2b: Archaludon|move: Protect\n|-immune|p1a: Rotom|[from] ability: Levitate\n|-damage|p2a: Basculegion|0 fnt\n|faint|p2a: Basculegion\n|\n|upkeep\n|\n|t:|1776174330\n|switch|p2a: Gengar|Gengar, L50, F|100/100\n|turn|8\n|\n|t:|1776174343\n|detailschange|p2a: Gengar|Gengar-Mega, L50, F\n|-mega|p2a: Gengar|Gengar|Gengarite\n|move|p2a: Gengar|Protect|p2a: Gengar\n|-singleturn|p2a: Gengar|Protect\n|move|p1a: Rotom|Electroweb|p2b: Archaludon|[spread] p2b\n|-activate|p2a: Gengar|move: Protect\n|-resisted|p2b: Archaludon|1\n|-damage|p2b: Archaludon|66/100\n|-unboost|p2b: Archaludon|spe|1\n|move|p1b: Mamoswine|Earthquake|p2a: Gengar|[spread] p2b\n|-activate|p2a: Gengar|move: Protect\n|-immune|p1a: Rotom|[from] ability: Levitate\n|-supereffective|p2b: Archaludon|1\n|-crit|p2b: Archaludon\n|-damage|p2b: Archaludon|0 fnt\n|faint|p2b: Archaludon\n|\n|upkeep\n|turn|9\n|\n|t:|1776174351\n|move|p1a: Rotom|Electroweb|p2a: Gengar\n|-damage|p2a: Gengar|72/100\n|-unboost|p2a: Gengar|spe|1\n|move|p2a: Gengar|Shadow Ball|p1b: Mamoswine\n|-damage|p1b: Mamoswine|0 fnt\n|faint|p1b: Mamoswine\n|\n|upkeep\n|turn|10\n|\n|t:|1776174357\n|move|p1a: Rotom|Electroweb|p2a: Gengar\n|-damage|p2a: Gengar|43/100\n|-unboost|p2a: Gengar|spe|1\n|move|p2a: Gengar|Shadow Ball|p1a: Rotom\n|-damage|p1a: Rotom|0 fnt\n|faint|p1a: Rotom\n|\n|win|mars23456\n|raw|UnloshTheWash's rating: 1369 &rarr; <strong>1356</strong><br />(-13 for losing)\n|raw|mars23456's rating: 1496 &rarr; <strong>1509</strong><br />(+13 for winning)\n|c|\u2606mars23456|gg\n|l|\u2606mars23456\n|player|p2|\n",
  "uploadtime": 1776174364,
  "views": 27,
  "formatid": "gen9championsvgc2026regma",
  "rating": 1356,
  "private": 0,
  "password": null
}