{
  "id": "gen9championsvgc2026regma-2583060071",
  "format": "[Gen 9 Champions] VGC 2026 Reg M-A",
  "players": [
    "jimmythunder",
    "eeaka"
  ],
  "log": "|j|\u2606jimmythunder\n|j|\u2606eeaka\n|t:|1776137668\n|gametype|doubles\n|player|p1|jimmythunder|gentleman-gen4|1354\n|player|p2|eeaka|lady|1410\n|gen|9\n|tier|[Gen 9 Champions] VGC 2026 Reg M-A\n|rated|\n|rule|Species Clause: Limit one of each Pok\u00e9mon\n|rule|Item Clause: Limit 1 of each item\n|clearpoke\n|poke|p1|Starmie, L50|\n|poke|p1|Pelipper, L50, F|\n|poke|p1|Archaludon, L50, F|\n|poke|p1|Farigiraf, L50, F|\n|poke|p1|Sableye, L50, M|\n|poke|p1|Dragonite, L50, F|\n|poke|p2|Charizard, L50, F|\n|poke|p2|Incineroar, L50, F|\n|poke|p2|Whimsicott, L50, F|\n|poke|p2|Rotom-Wash, L50|\n|poke|p2|Sneasler, L50, M|\n|poke|p2|Garchomp, L50, M|\n|teampreview|4\n|inactive|Battle timer is ON: inactive players will automatically lose when time's up. (requested by eeaka)\n|inactive|eeaka has 60 seconds left.\n|\n|t:|1776137718\n|teamsize|p1|4\n|teamsize|p2|4\n|start\n|switch|p1a: Starmie|Starmie, L50|100/100\n|switch|p1b: Sableye|Sableye, L50, M|100/100\n|switch|p2a: Charizard|Charizard, L50, F|100/100\n|switch|p2b: Rotom|Rotom-Wash, L50|100/100\n|turn|1\n|\n|t:|1776137733\n|detailschange|p2a: Charizard|Charizard-Mega-Y, L50, F\n|-mega|p2a: Charizard|Charizard|Charizardite Y\n|-weather|SunnyDay|[from] ability: Drought|[of] p2a: Charizard\n|move|p1a: Starmie|Protect|p1a: Starmie\n|-singleturn|p1a: Starmie|Protect\n|move|p1b: Sableye|Light Screen|p1b: Sableye\n|-sidestart|p1: jimmythunder|move: Light Screen\n|move|p2a: Charizard|Heat Wave|p1b: Sableye|[spread] p1b\n|-activate|p1a: Starmie|move: Protect\n|-damage|p1b: Sableye|56/100\n|move|p2b: Rotom|Volt Switch|p1b: Sableye\n|-damage|p1b: Sableye|32/100\n|j| tsetse\n|\n|t:|1776137746\n|switch|p2b: Whimsicott|Whimsicott, L50, F|100/100|[from] Volt Switch\n|\n|-weather|SunnyDay|[upkeep]\n|-heal|p1b: Sableye|37/100|[from] item: Leftovers\n|upkeep\n|turn|2\n|\n|t:|1776137762\n|detailschange|p1a: Starmie|Starmie-Mega, L50\n|-mega|p1a: Starmie|Starmie|Starminite\n|move|p2b: Whimsicott|Encore|p1a: Starmie\n|-start|p1a: Starmie|Encore\n|move|p1a: Starmie|Protect|p1a: Starmie\n|-singleturn|p1a: Starmie|Protect\n|move|p1b: Sableye|Quash|p2a: Charizard\n|-activate|p2a: Charizard|move: Quash\n|move|p2a: Charizard|Weather Ball|p1b: Sableye\n|-damage|p1b: Sableye|0 fnt\n|faint|p1b: Sableye\n|\n|-weather|SunnyDay|[upkeep]\n|upkeep\n|\n|t:|1776137769\n|switch|p1b: Pelipper|Pelipper, L50, F|100/100\n|-weather|RainDance|[from] ability: Drizzle|[of] p1b: Pelipper\n|turn|3\n|\n|t:|1776137784\n|switch|p1a: Archaludon|Archaludon, L50, F|100/100\n|move|p2b: Whimsicott|Sunny Day|p2b: Whimsicott\n|-weather|SunnyDay\n|move|p2a: Charizard|Heat Wave|p1b: Pelipper|[spread] p1a,p1b\n|-resisted|p1b: Pelipper|1\n|-damage|p1a: Archaludon|46/100\n|-damage|p1b: Pelipper|70/100\n|-ability|p1a: Archaludon|Stamina|boost\n|-boost|p1a: Archaludon|def|1\n|-enditem|p1a: Archaludon|Sitrus Berry|[eat]\n|-heal|p1a: Archaludon|71/100|[from] item: Sitrus Berry\n|move|p1b: Pelipper|Muddy Water|p2a: Charizard|[spread] p2a,p2b\n|-supereffective|p2a: Charizard|1\n|-resisted|p2b: Whimsicott|1\n|-damage|p2a: Charizard|80/100\n|-damage|p2b: Whimsicott|92/100\n|-unboost|p2a: Charizard|accuracy|1\n|\n|-weather|SunnyDay|[upkeep]\n|upkeep\n|turn|4\n|\n|t:|1776137801\n|move|p1a: Archaludon|Protect|p1a: Archaludon\n|-singleturn|p1a: Archaludon|Protect\n|move|p2b: Whimsicott|Encore|p1b: Pelipper\n|-start|p1b: Pelipper|Encore\n|move|p2a: Charizard|Heat Wave|p1a: Archaludon|[spread] p1b\n|-activate|p1a: Archaludon|move: Protect\n|-resisted|p1b: Pelipper|1\n|-damage|p1b: Pelipper|41/100\n|move|p1b: Pelipper|Muddy Water|p2b: Whimsicott|[spread] p2a,p2b\n|-supereffective|p2a: Charizard|1\n|-resisted|p2b: Whimsicott|1\n|-damage|p2a: Charizard|62/100\n|-damage|p2b: Whimsicott|84/100\n|\n|-weather|SunnyDay|[upkeep]\n|upkeep\n|turn|5\n|\n|t:|1776137813\n|switch|p1a: Starmie|Starmie-Mega, L50|100/100\n|move|p2b: Whimsicott|Encore||[still]\n|-fail|p2b: Whimsicott\n|move|p2a: Charizard|Solar Beam||[still]\n|-prepare|p2a: Charizard|Solar Beam\n|-anim|p2a: Charizard|Solar Beam|p1b: Pelipper|[miss]\n|-miss|p2a: Charizard|p1b: Pelipper\n|move|p1b: Pelipper|Muddy Water|p2b: Whimsicott|[spread] p2a,p2b\n|-supereffective|p2a: Charizard|1\n|-resisted|p2b: Whimsicott|1\n|-damage|p2a: Charizard|43/100\n|-damage|p2b: Whimsicott|76/100\n|-unboost|p2b: Whimsicott|accuracy|1\n|\n|-weather|SunnyDay|[upkeep]\n|-sideend|p1: jimmythunder|move: Light Screen\n|upkeep\n|turn|6\n|\n|t:|1776137821\n|switch|p1b: Archaludon|Archaludon, L50, F|71/100\n|move|p2b: Whimsicott|Tailwind|p2b: Whimsicott\n|-sidestart|p2: eeaka|move: Tailwind\n|move|p2a: Charizard|Solar Beam||[still]\n|-prepare|p2a: Charizard|Solar Beam\n|-anim|p2a: Charizard|Solar Beam|p1a: Starmie\n|-supereffective|p1a: Starmie|1\n|-damage|p1a: Starmie|0 fnt\n|faint|p1a: Starmie\n|\n|-weather|SunnyDay|[upkeep]\n|upkeep\n|\n|t:|1776137827\n|switch|p1a: Pelipper|Pelipper, L50, F|41/100\n|-weather|RainDance|[from] ability: Drizzle|[of] p1a: Pelipper\n|turn|7\n|\n|t:|1776137846\n|move|p2b: Whimsicott|Sunny Day|p2b: Whimsicott\n|-weather|SunnyDay\n|move|p2a: Charizard|Weather Ball|p1b: Archaludon\n|-damage|p1b: Archaludon|0 fnt\n|faint|p1b: Archaludon\n|move|p1a: Pelipper|Muddy Water|p2a: Charizard|[spread] p2a\n|-miss|p1a: Pelipper|p2b: Whimsicott\n|-supereffective|p2a: Charizard|1\n|-damage|p2a: Charizard|22/100\n|\n|-weather|SunnyDay|[upkeep]\n|upkeep\n|turn|8\n|-message|jimmythunder forfeited.\n|\n|win|eeaka\n|raw|jimmythunder's rating: 1354 &rarr; <strong>1337</strong><br />(-17 for losing)\n|raw|eeaka's rating: 1410 &rarr; <strong>1427</strong><br />(+17 for winning)\n|l|\u2606jimmythunder\n|player|p1|\n",
  "uploadtime": 1776137855,
  "views": 24,
  "formatid": "gen9championsvgc2026regma",
  "rating": 1337,
  "private": 0,
  "password": null
}