{
  "id": "gen9championsvgc2026regma-2587823498",
  "format": "[Gen 9 Champions] VGC 2026 Reg M-A",
  "players": [
    "Marspiter",
    "jaesun0810"
  ],
  "log": "|j|\u2606Marspiter\n|j|\u2606jaesun0810\n|t:|1776567670\n|gametype|doubles\n|player|p1|Marspiter|steven|1499\n|player|p2|jaesun0810|102|1510\n|gen|9\n|tier|[Gen 9 Champions] VGC 2026 Reg M-A\n|rated|\n|rule|Species Clause: Limit one of each Pok\u00e9mon\n|rule|Item Clause: Limit 1 of each item\n|clearpoke\n|poke|p1|Meganium, L50, M|\n|poke|p1|Sneasler, L50, F|\n|poke|p1|Archaludon, L50, F|\n|poke|p1|Basculegion, L50, M|\n|poke|p1|Pelipper, L50, F|\n|poke|p1|Kingambit, L50, F|\n|poke|p2|Basculegion, L50, M|\n|poke|p2|Sableye, L50, F|\n|poke|p2|Archaludon, L50, M|\n|poke|p2|Meganium, L50, M|\n|poke|p2|Pelipper, L50, M|\n|poke|p2|Sneasler, L50, M|\n|teampreview|4\n|\n|t:|1776567715\n|teamsize|p1|4\n|teamsize|p2|4\n|start\n|switch|p1a: Meganium|Meganium, L50, M|100/100\n|switch|p1b: Archaludon|Archaludon, L50, F|100/100\n|switch|p2a: Sneasler|Sneasler, L50, M|100/100\n|switch|p2b: Pelipper|Pelipper, L50, M|100/100\n|-weather|RainDance|[from] ability: Drizzle|[of] p2b: Pelipper\n|turn|1\n|\n|t:|1776567747\n|move|p2a: Sneasler|Fake Out|p1b: Archaludon\n|-resisted|p1b: Archaludon|1\n|-damage|p1b: Archaludon|95/100\n|-ability|p1b: Archaludon|Stamina|boost\n|-boost|p1b: Archaludon|def|1\n|move|p2b: Pelipper|Tailwind|p2b: Pelipper\n|-sidestart|p2: jaesun0810|move: Tailwind\n|cant|p1b: Archaludon|flinch\n|move|p1a: Meganium|Dazzling Gleam|p2a: Sneasler|[spread] p2a,p2b\n|-damage|p2a: Sneasler|79/100\n|-damage|p2b: Pelipper|73/100\n|\n|-weather|RainDance|[upkeep]\n|-heal|p1b: Archaludon|100/100|[from] item: Leftovers\n|upkeep\n|turn|2\n|j| thruxytwo\n|\n|t:|1776567800\n|detailschange|p1a: Meganium|Meganium-Mega, L50, M\n|-mega|p1a: Meganium|Meganium|Meganiumite\n|move|p2a: Sneasler|Dire Claw|p1a: Meganium\n|-supereffective|p1a: Meganium|2\n|-damage|p1a: Meganium|0 fnt\n|faint|p1a: Meganium\n|move|p2b: Pelipper|Hurricane|p1b: Archaludon\n|-resisted|p1b: Archaludon|1\n|-damage|p1b: Archaludon|76/100\n|-ability|p1b: Archaludon|Stamina|boost\n|-boost|p1b: Archaludon|def|1\n|move|p1b: Archaludon|Electro Shot||[still]\n|-prepare|p1b: Archaludon|Electro Shot\n|-boost|p1b: Archaludon|spa|1\n|-anim|p1b: Archaludon|Electro Shot|p2a: Sneasler\n|-damage|p2a: Sneasler|0 fnt\n|faint|p2a: Sneasler\n|\n|-weather|RainDance|[upkeep]\n|-heal|p1b: Archaludon|82/100|[from] item: Leftovers\n|upkeep\n|\n|t:|1776567822\n|switch|p2a: Archaludon|Archaludon, L50, M|100/100\n|switch|p1a: Pelipper|Pelipper, L50, F|100/100\n|turn|3\n|\n|t:|1776567836\n|move|p2b: Pelipper|Weather Ball|p1a: Pelipper\n|-resisted|p1a: Pelipper|1\n|-damage|p1a: Pelipper|45/100\n|move|p2a: Archaludon|Electro Shot||[still]\n|-prepare|p2a: Archaludon|Electro Shot\n|-boost|p2a: Archaludon|spa|1\n|-anim|p2a: Archaludon|Electro Shot|p1a: Pelipper\n|-supereffective|p1a: Pelipper|2\n|-damage|p1a: Pelipper|0 fnt\n|faint|p1a: Pelipper\n|move|p1b: Archaludon|Dragon Pulse|p2a: Archaludon\n|-damage|p2a: Archaludon|48/100\n|-ability|p2a: Archaludon|Stamina|boost\n|-boost|p2a: Archaludon|def|1\n|\n|-weather|RainDance|[upkeep]\n|-heal|p2a: Archaludon|55/100|[from] item: Leftovers\n|-heal|p1b: Archaludon|88/100|[from] item: Leftovers\n|upkeep\n|\n|t:|1776567854\n|switch|p1a: Basculegion|Basculegion, L50, M|100/100\n|turn|4\n|\n|t:|1776567870\n|move|p2b: Pelipper|Weather Ball|p1b: Archaludon\n|-resisted|p1b: Archaludon|1\n|-damage|p1b: Archaludon|57/100\n|-ability|p1b: Archaludon|Stamina|boost\n|-boost|p1b: Archaludon|def|1\n|move|p1a: Basculegion|Last Respects|p2a: Archaludon\n|-damage|p2a: Archaludon|6/100\n|-ability|p2a: Archaludon|Stamina|boost\n|-boost|p2a: Archaludon|def|1\n|move|p2a: Archaludon|Electro Shot||[still]\n|-prepare|p2a: Archaludon|Electro Shot\n|-boost|p2a: Archaludon|spa|1\n|-anim|p2a: Archaludon|Electro Shot|p1a: Basculegion\n|-supereffective|p1a: Basculegion|1\n|-damage|p1a: Basculegion|0 fnt\n|faint|p1a: Basculegion\n|move|p1b: Archaludon|Dragon Pulse|p2a: Archaludon\n|-damage|p2a: Archaludon|0 fnt\n|faint|p2a: Archaludon\n|\n|-weather|RainDance|[upkeep]\n|-heal|p1b: Archaludon|63/100|[from] item: Leftovers\n|-sideend|p2: jaesun0810|move: Tailwind\n|upkeep\n|\n|t:|1776567881\n|switch|p2a: Meganium|Meganium, L50, M|100/100\n|turn|5\n|\n|t:|1776567899\n|detailschange|p2a: Meganium|Meganium-Mega, L50, M\n|-mega|p2a: Meganium|Meganium|Meganiumite\n|move|p2b: Pelipper|Tailwind|p2b: Pelipper\n|-sidestart|p2: jaesun0810|move: Tailwind\n|move|p2a: Meganium|Weather Ball|p1b: Archaludon\n|-damage|p1b: Archaludon|5/100\n|-ability|p1b: Archaludon|Stamina|boost\n|-boost|p1b: Archaludon|def|1\n|move|p1b: Archaludon|Flash Cannon|p2a: Meganium\n|-supereffective|p2a: Meganium|1\n|-damage|p2a: Meganium|2/100\n|\n|-weather|none\n|-heal|p1b: Archaludon|11/100|[from] item: Leftovers\n|upkeep\n|turn|6\n|-message|Marspiter forfeited.\n|\n|win|jaesun0810\n|raw|Marspiter's rating: 1499 &rarr; <strong>1480</strong><br />(-19 for losing)\n|raw|jaesun0810's rating: 1510 &rarr; <strong>1529</strong><br />(+19 for winning)\n|l|\u2606Marspiter\n|player|p1|\n|l|\u2606jaesun0810\n|player|p2|\n",
  "uploadtime": 1776567915,
  "views": 13,
  "formatid": "gen9championsvgc2026regma",
  "rating": 1480,
  "private": 0,
  "password": null
}