{
  "id": "gen9championsvgc2026regma-2581948287",
  "format": "[Gen 9 Champions] VGC 2026 Reg M-A",
  "players": [
    "imfinking",
    "manu0710"
  ],
  "log": "|j|\u2606imfinking\n|j|\u2606manu0710\n|t:|1776042357\n|gametype|doubles\n|player|p1|imfinking|sada|1345\n|player|p2|manu0710|102|1281\n|gen|9\n|tier|[Gen 9 Champions] VGC 2026 Reg M-A\n|rated|\n|rule|Species Clause: Limit one of each Pok\u00e9mon\n|rule|Item Clause: Limit 1 of each item\n|clearpoke\n|poke|p1|Venusaur, L50, M|\n|poke|p1|Farigiraf, L50, M|\n|poke|p1|Golurk, L50|\n|poke|p1|Charizard, L50, M|\n|poke|p1|Torkoal, L50, F|\n|poke|p1|Incineroar, L50, F|\n|poke|p2|Araquanid, L50, M|\n|poke|p2|Politoed, L50, M|\n|poke|p2|Gardevoir, L50, M|\n|poke|p2|Lucario, L50, F|\n|poke|p2|Incineroar, L50, M|\n|poke|p2|Whimsicott, L50, M|\n|teampreview|4\n|inactive|Battle timer is ON: inactive players will automatically lose when time's up. (requested by manu0710)\n|inactive|manu0710 has 60 seconds left.\n|\n|t:|1776042391\n|teamsize|p1|4\n|teamsize|p2|4\n|start\n|switch|p1a: mama luigi|Venusaur, L50, M|100/100\n|switch|p1b: gay bowser|Charizard, L50, M|100/100\n|switch|p2a: Whimsicott|Whimsicott, L50, M|100/100\n|switch|p2b: Gardevoir|Gardevoir, L50, M|100/100\n|turn|1\n|\n|t:|1776042414\n|detailschange|p1b: gay bowser|Charizard-Mega-Y, L50, M\n|-mega|p1b: gay bowser|Charizard|Charizardite Y\n|-weather|SunnyDay|[from] ability: Drought|[of] p1b: gay bowser\n|move|p2b: Gardevoir|Protect|p2b: Gardevoir\n|-singleturn|p2b: Gardevoir|Protect\n|move|p2a: Whimsicott|Taunt|p1a: mama luigi\n|-start|p1a: mama luigi|move: Taunt\n|move|p1a: mama luigi|Sludge Bomb|p2b: Gardevoir\n|-activate|p2b: Gardevoir|move: Protect\n|move|p1b: gay bowser|Heat Wave|p2b: Gardevoir|[spread] p2a\n|-activate|p2b: Gardevoir|move: Protect\n|-supereffective|p2a: Whimsicott|1\n|-enditem|p2a: Whimsicott|Focus Sash\n|-damage|p2a: Whimsicott|1/100\n|\n|-weather|SunnyDay|[upkeep]\n|upkeep\n|turn|2\n|inactive|manu0710 has 30 seconds left.\n|inactive|imfinking has 30 seconds left.\n|\n|t:|1776042447\n|switch|p2b: Politoed|Politoed, L50, M|100/100\n|-weather|RainDance|[from] ability: Drizzle|[of] p2b: Politoed\n|move|p2a: Whimsicott|Tailwind|p2a: Whimsicott\n|-sidestart|p2: manu0710|move: Tailwind\n|move|p1a: mama luigi|Sludge Bomb|p2b: Politoed\n|-damage|p2b: Politoed|56/100\n|move|p1b: gay bowser|Heat Wave|p2a: Whimsicott|[spread] p2a,p2b\n|-supereffective|p2a: Whimsicott|1\n|-resisted|p2b: Politoed|1\n|-damage|p2a: Whimsicott|0 fnt\n|-damage|p2b: Politoed|45/100\n|faint|p2a: Whimsicott\n|\n|-weather|RainDance|[upkeep]\n|upkeep\n|\n|t:|1776042450\n|switch|p2a: Gardevoir|Gardevoir, L50, M|100/100\n|turn|3\n|inactive|imfinking has 30 seconds left.\n|inactive|manu0710 has 30 seconds left.\n|inactive|imfinking has 20 seconds left.\n|\n|t:|1776042488\n|detailschange|p2a: Gardevoir|Gardevoir-Mega, L50, M\n|-mega|p2a: Gardevoir|Gardevoir|Gardevoirite\n|move|p1b: gay bowser|Protect|p1b: gay bowser\n|-singleturn|p1b: gay bowser|Protect\n|move|p2b: Politoed|Weather Ball|p1b: gay bowser\n|-activate|p1b: gay bowser|move: Protect\n|move|p2a: Gardevoir|Psychic|p1a: mama luigi\n|-supereffective|p1a: mama luigi|1\n|-enditem|p1a: mama luigi|Focus Sash\n|-damage|p1a: mama luigi|1/100\n|move|p1a: mama luigi|Sludge Bomb|p2a: Gardevoir\n|-supereffective|p2a: Gardevoir|1\n|-damage|p2a: Gardevoir|37/100\n|-status|p2a: Gardevoir|psn\n|\n|-weather|RainDance|[upkeep]\n|-damage|p2a: Gardevoir|24/100 psn|[from] psn\n|-end|p1a: mama luigi|move: Taunt\n|upkeep\n|turn|4\n|inactive|imfinking has 30 seconds left.\n|inactive|imfinking has 20 seconds left.\n|\n|t:|1776042523\n|switch|p2b: Incineroar|Incineroar, L50, M|100/100\n|-ability|p2b: Incineroar|Intimidate|boost\n|-unboost|p1a: mama luigi|atk|1\n|-unboost|p1b: gay bowser|atk|1\n|switch|p1b: or is it the bagel|Torkoal, L50, F|100/100\n|-weather|SunnyDay|[from] ability: Drought|[of] p1b: or is it the bagel\n|move|p1a: mama luigi|Solar Beam||[still]\n|-prepare|p1a: mama luigi|Solar Beam\n|-anim|p1a: mama luigi|Solar Beam|p2b: Incineroar\n|-resisted|p2b: Incineroar|1\n|-damage|p2b: Incineroar|80/100\n|move|p2a: Gardevoir|Hyper Voice|p1a: mama luigi|[spread] p1a,p1b\n|-resisted|p1a: mama luigi|1\n|-resisted|p1b: or is it the bagel|1\n|-damage|p1a: mama luigi|0 fnt\n|-damage|p1b: or is it the bagel|52/100\n|faint|p1a: mama luigi\n|\n|-weather|SunnyDay|[upkeep]\n|-damage|p2a: Gardevoir|12/100 psn|[from] psn\n|upkeep\n|\n|t:|1776042538\n|switch|p1a: he stole my drinky|Farigiraf, L50, M|100/100\n|turn|5\n|\n|t:|1776042560\n|move|p2a: Gardevoir|Hyper Voice|p1a: he stole my drinky|[spread] p1a,p1b\n|-resisted|p1b: or is it the bagel|1\n|-damage|p1a: he stole my drinky|52/100\n|-damage|p1b: or is it the bagel|5/100\n|move|p2b: Incineroar|Throat Chop|p1a: he stole my drinky\n|-supereffective|p1a: he stole my drinky|1\n|-damage|p1a: he stole my drinky|0 fnt\n|faint|p1a: he stole my drinky\n|move|p1b: or is it the bagel|Body Press|p2b: Incineroar\n|-supereffective|p2b: Incineroar|1\n|-crit|p2b: Incineroar\n|-enditem|p2b: Incineroar|Chople Berry|[eat]\n|-enditem|p2b: Incineroar|Chople Berry|[weaken]\n|-damage|p2b: Incineroar|38/100\n|\n|-weather|SunnyDay|[upkeep]\n|-damage|p2a: Gardevoir|0 fnt|[from] psn\n|faint|p2a: Gardevoir\n|-sideend|p2: manu0710|move: Tailwind\n|upkeep\n|\n|t:|1776042576\n|switch|p2a: Politoed|Politoed, L50, M|45/100\n|switch|p1a: gay bowser|Charizard-Mega-Y, L50, M|100/100\n|-weather|RainDance|[from] ability: Drizzle|[of] p2a: Politoed\n|-weather|SunnyDay|[from] ability: Drought|[of] p1a: gay bowser\n|turn|6\n|\n|t:|1776042594\n|move|p1b: or is it the bagel|Helping Hand|p1a: gay bowser\n|-singleturn|p1a: gay bowser|Helping Hand|[of] p1b: or is it the bagel\n|move|p2a: Politoed|Surf|p1b: or is it the bagel|[spread] p2b,p1a,p1b\n|-supereffective|p2b: Incineroar|1\n|-supereffective|p1a: gay bowser|1\n|-crit|p1a: gay bowser\n|-supereffective|p1b: or is it the bagel|1\n|-damage|p2b: Incineroar|18/100\n|-damage|p1a: gay bowser|68/100\n|-damage|p1b: or is it the bagel|0 fnt\n|faint|p1b: or is it the bagel\n|move|p1a: gay bowser|Heat Wave|p2a: Politoed|[spread] p2a,p2b\n|-resisted|p2a: Politoed|1\n|-resisted|p2b: Incineroar|1\n|-damage|p2a: Politoed|0 fnt\n|-damage|p2b: Incineroar|0 fnt\n|faint|p2a: Politoed\n|faint|p2b: Incineroar\n|\n|win|imfinking\n|raw|imfinking's rating: 1345 &rarr; <strong>1361</strong><br />(+16 for winning)\n|raw|manu0710's rating: 1281 &rarr; <strong>1261</strong><br />(-20 for losing)\n|c|\u2606manu0710|that luck\n|c|\u2606manu0710|was awesome\n|l|\u2606manu0710\n|player|p2|\n",
  "uploadtime": 1776042877,
  "views": 32,
  "formatid": "gen9championsvgc2026regma",
  "rating": 1261,
  "private": 0,
  "password": null
}