{
  "id": "gen9championsvgc2026regma-2586390882",
  "format": "[Gen 9 Champions] VGC 2026 Reg M-A",
  "players": [
    "Law_NBD",
    "Dr. Steam"
  ],
  "log": "|j|\u2606Law_NBD\n|j|\u2606Dr. Steam\n|t:|1776431253\n|gametype|doubles\n|player|p1|Law_NBD|266|1206\n|player|p2|Dr. Steam|170|1244\n|gen|9\n|tier|[Gen 9 Champions] VGC 2026 Reg M-A\n|rated|\n|rule|Species Clause: Limit one of each Pok\u00e9mon\n|rule|Item Clause: Limit 1 of each item\n|clearpoke\n|poke|p1|Meganium, L50, M|\n|poke|p1|Milotic, L50, F|\n|poke|p1|Espathra, L50, M|\n|poke|p1|Sinistcha, L50|\n|poke|p1|Incineroar, L50, M|\n|poke|p1|Sableye, L50, M|\n|poke|p2|Charizard, L50, M|\n|poke|p2|Araquanid, L50, F|\n|poke|p2|Mamoswine, L50, M|\n|poke|p2|Sneasler, L50, M|\n|poke|p2|Kingambit, L50, F|\n|poke|p2|Farigiraf, L50, M|\n|teampreview|4\n|\n|t:|1776431299\n|teamsize|p1|4\n|teamsize|p2|4\n|start\n|switch|p1a: Incineroar|Incineroar, L50, M|100/100\n|switch|p1b: Espathra|Espathra, L50, M|100/100\n|switch|p2a: Sneasler|Sneasler, L50, M, shiny|100/100\n|switch|p2b: Kingambit|Kingambit, L50, F, shiny|100/100\n|-ability|p1a: Incineroar|Intimidate|boost\n|-unboost|p2a: Sneasler|atk|1\n|-unboost|p2b: Kingambit|atk|1\n|-ability|p2b: Kingambit|Defiant|boost\n|-boost|p2b: Kingambit|atk|2\n|turn|1\n|inactive|Battle timer is ON: inactive players will automatically lose when time's up. (requested by Law_NBD)\n|\n|t:|1776431316\n|move|p2a: Sneasler|Fake Out|p1a: Incineroar\n|-damage|p1a: Incineroar|92/100\n|cant|p1a: Incineroar|flinch\n|move|p1b: Espathra|Calm Mind|p1b: Espathra\n|-boost|p1b: Espathra|spa|1\n|-boost|p1b: Espathra|spd|1\n|move|p2b: Kingambit|Kowtow Cleave|p1b: Espathra\n|-supereffective|p1b: Espathra|1\n|-enditem|p1b: Espathra|Colbur Berry|[eat]\n|-enditem|p1b: Espathra|Colbur Berry|[weaken]\n|-damage|p1b: Espathra|6/100\n|\n|-ability|p1b: Espathra|Speed Boost|boost\n|-boost|p1b: Espathra|spe|1\n|upkeep\n|turn|2\n|inactive|Law_NBD has 30 seconds left.\n|\n|t:|1776431343\n|move|p1b: Espathra|Protect|p1b: Espathra\n|-singleturn|p1b: Espathra|Protect\n|move|p2b: Kingambit|Sucker Punch||[still]\n|-fail|p2b: Kingambit\n|move|p2a: Sneasler|Close Combat|p1a: Incineroar\n|-supereffective|p1a: Incineroar|1\n|-damage|p1a: Incineroar|2/100\n|-unboost|p2a: Sneasler|def|1\n|-unboost|p2a: Sneasler|spd|1\n|-enditem|p1a: Incineroar|Sitrus Berry|[eat]\n|-heal|p1a: Incineroar|27/100|[from] item: Sitrus Berry\n|move|p1a: Incineroar|Flare Blitz|p2b: Kingambit\n|-supereffective|p2b: Kingambit|1\n|-damage|p2b: Kingambit|1/100\n|-damage|p1a: Incineroar|0 fnt|[from] Recoil\n|faint|p1a: Incineroar\n|\n|-ability|p1b: Espathra|Speed Boost|boost\n|-boost|p1b: Espathra|spe|1\n|upkeep\n|\n|t:|1776431362\n|switch|p1a: Sableye|Sableye, L50, M|100/100\n|turn|3\n|\n|t:|1776431381\n|move|p2b: Kingambit|Protect|p2b: Kingambit\n|-singleturn|p2b: Kingambit|Protect\n|move|p1a: Sableye|Fake Out|p2a: Sneasler\n|-damage|p2a: Sneasler|80/100\n|move|p1b: Espathra|Baton Pass|p1b: Espathra\n|\n|t:|1776431388\n|switch|p1b: Meganium|Meganium, L50, M|100/100|[from] Baton Pass\n|cant|p2a: Sneasler|flinch\n|\n|upkeep\n|turn|4\n|\n|t:|1776431402\n|detailschange|p1b: Meganium|Meganium-Mega, L50, M\n|-mega|p1b: Meganium|Meganium|Meganiumite\n|move|p2b: Kingambit|Sucker Punch||[still]\n|-fail|p2b: Kingambit\n|move|p1a: Sableye|Will-O-Wisp|p2a: Sneasler\n|-status|p2a: Sneasler|brn\n|move|p1b: Meganium|Dazzling Gleam|p2a: Sneasler|[spread] p2a,p2b\n|-damage|p2a: Sneasler|0 fnt\n|-damage|p2b: Kingambit|0 fnt\n|faint|p2a: Sneasler\n|faint|p2b: Kingambit\n|\n|upkeep\n|\n|t:|1776431415\n|switch|p2a: Charizard|Charizard, L50, M, shiny|100/100\n|switch|p2b: Araquanid|Araquanid, L50, F, shiny|100/100\n|turn|5\n|\n|t:|1776431431\n|detailschange|p2a: Charizard|Charizard-Mega-Y, L50, M, shiny\n|-mega|p2a: Charizard|Charizard|Charizardite Y\n|-weather|SunnyDay|[from] ability: Drought|[of] p2a: Charizard\n|move|p2b: Araquanid|Wide Guard|p2b: Araquanid\n|-singleturn|p2b: Araquanid|Wide Guard\n|move|p1a: Sableye|Rain Dance|p1a: Sableye\n|-weather|RainDance\n|move|p1b: Meganium|Dazzling Gleam|p2a: Charizard|[spread] \n|-activate|p2a: Charizard|move: Wide Guard\n|-activate|p2b: Araquanid|move: Wide Guard\n|move|p2a: Charizard|Heat Wave|p1a: Sableye|[spread] p1a,p1b\n|-supereffective|p1b: Meganium|1\n|-damage|p1a: Sableye|77/100\n|-damage|p1b: Meganium|75/100\n|\n|-weather|RainDance|[upkeep]\n|upkeep\n|turn|6\n|\n|t:|1776431453\n|move|p2a: Charizard|Protect|p2a: Charizard\n|-singleturn|p2a: Charizard|Protect\n|move|p1b: Meganium|Giga Drain|p2b: Araquanid\n|-damage|p2b: Araquanid|40/100\n|-heal|p1b: Meganium|100/100|[from] drain|[of] p2b: Araquanid\n|move|p1a: Sableye|Knock Off|p2b: Araquanid\n|-damage|p2b: Araquanid|12/100\n|-enditem|p2b: Araquanid|Mystic Water|[from] move: Knock Off|[of] p1a: Sableye\n|move|p2b: Araquanid|Liquidation|p1b: Meganium\n|-resisted|p1b: Meganium|1\n|-damage|p1b: Meganium|60/100\n|\n|-weather|RainDance|[upkeep]\n|upkeep\n|turn|7\n|inactive|Law_NBD has 30 seconds left.\n|\n|t:|1776431481\n|move|p2b: Araquanid|Protect|p2b: Araquanid\n|-singleturn|p2b: Araquanid|Protect\n|move|p1a: Sableye|Will-O-Wisp|p2b: Araquanid\n|-activate|p2b: Araquanid|move: Protect\n|move|p1b: Meganium|Giga Drain|p2a: Charizard\n|-resisted|p2a: Charizard|2\n|-damage|p2a: Charizard|82/100\n|-heal|p1b: Meganium|67/100|[from] drain|[of] p2a: Charizard\n|move|p2a: Charizard|Heat Wave|p1a: Sableye|[spread] p1a,p1b\n|-supereffective|p1b: Meganium|1\n|-damage|p1a: Sableye|48/100\n|-damage|p1b: Meganium|44/100\n|-status|p1b: Meganium|brn\n|\n|-weather|RainDance|[upkeep]\n|-damage|p1b: Meganium|38/100 brn|[from] brn\n|upkeep\n|turn|8\n|inactive|Dr. Steam has 30 seconds left.\n|\n|t:|1776431508\n|move|p2b: Araquanid|Protect|p2b: Araquanid\n|-singleturn|p2b: Araquanid|Protect\n|move|p1b: Meganium|Giga Drain|p2b: Araquanid\n|-activate|p2b: Araquanid|move: Protect\n|move|p2a: Charizard|Heat Wave|p1b: Meganium|[spread] p1a,p1b\n|-supereffective|p1b: Meganium|1\n|-damage|p1a: Sableye|23/100\n|-damage|p1b: Meganium|12/100 brn\n|move|p1a: Sableye|Knock Off|p2a: Charizard\n|-damage|p2a: Charizard|55/100\n|\n|-weather|RainDance|[upkeep]\n|-damage|p1b: Meganium|6/100 brn|[from] brn\n|upkeep\n|turn|9\n|inactive|Law_NBD has 30 seconds left.\n|\n|t:|1776431534\n|move|p2b: Araquanid|Protect||[still]\n|-fail|p2b: Araquanid\n|move|p1b: Meganium|Giga Drain|p2b: Araquanid\n|-damage|p2b: Araquanid|0 fnt\n|-heal|p1b: Meganium|12/100 brn|[from] drain|[of] p2b: Araquanid\n|faint|p2b: Araquanid\n|move|p2a: Charizard|Heat Wave|p1a: Sableye|[spread] p1a\n|-miss|p2a: Charizard|p1b: Meganium\n|-damage|p1a: Sableye|0 fnt\n|faint|p1a: Sableye\n|\n|-weather|none\n|-damage|p1b: Meganium|6/100 brn|[from] brn\n|upkeep\n|\n|t:|1776431543\n|switch|p1a: Espathra|Espathra, L50, M|6/100\n|turn|10\n|\n|t:|1776431564\n|move|p1a: Espathra|Protect|p1a: Espathra\n|-singleturn|p1a: Espathra|Protect\n|move|p1b: Meganium|Dazzling Gleam|p2a: Charizard\n|-resisted|p2a: Charizard|1\n|-damage|p2a: Charizard|20/100\n|move|p2a: Charizard|Heat Wave|p1b: Meganium|[spread] p1b\n|-activate|p1a: Espathra|move: Protect\n|-supereffective|p1b: Meganium|1\n|-damage|p1b: Meganium|0 fnt\n|faint|p1b: Meganium\n|\n|-ability|p1a: Espathra|Speed Boost|boost\n|-boost|p1a: Espathra|spe|1\n|upkeep\n|turn|11\n|\n|t:|1776431579\n|move|p1a: Espathra|Lumina Crash|p2a: Charizard\n|-damage|p2a: Charizard|0 fnt\n|faint|p2a: Charizard\n|\n|win|Law_NBD\n|raw|Law_NBD's rating: 1206 &rarr; <strong>1234</strong><br />(+28 for winning)\n|raw|Dr. Steam's rating: 1244 &rarr; <strong>1216</strong><br />(-28 for losing)\n|l|\u2606Dr. Steam\n|player|p2|\n",
  "uploadtime": 1776431589,
  "views": 47,
  "formatid": "gen9championsvgc2026regma",
  "rating": 1216,
  "private": 0,
  "password": null
}