{
  "id": "gen9championsvgc2026regma-2583836818",
  "format": "[Gen 9 Champions] VGC 2026 Reg M-A",
  "players": [
    "Lesserangel",
    "Iluvjohnnie"
  ],
  "log": "|j|\u2606Lesserangel\n|j|\u2606Iluvjohnnie\n|t:|1776201541\n|gametype|doubles\n|player|p1|Lesserangel|waitress-gen4|1083\n|player|p2|Iluvjohnnie|rocketgrunt|1029\n|gen|9\n|tier|[Gen 9 Champions] VGC 2026 Reg M-A\n|rated|\n|rule|Species Clause: Limit one of each Pok\u00e9mon\n|rule|Item Clause: Limit 1 of each item\n|clearpoke\n|poke|p1|Chimecho, L50, F|\n|poke|p1|Oranguru, L50, F|\n|poke|p1|Hydrapple, L50, M|\n|poke|p1|Liepard, L50, M|\n|poke|p1|Toucannon, L50, F|\n|poke|p1|Mimikyu, L50, F|\n|poke|p2|Charizard, L50, F|\n|poke|p2|Milotic, L50, M|\n|poke|p2|Torkoal, L50, F|\n|poke|p2|Venusaur, L50, M|\n|poke|p2|Dragonite, L50, F|\n|poke|p2|Arcanine-Hisui, L50, M|\n|teampreview|4\n|\n|t:|1776201566\n|teamsize|p1|4\n|teamsize|p2|4\n|start\n|switch|p1a: Mimikyu|Mimikyu, L50, F|100/100\n|switch|p1b: Toucannon|Toucannon, L50, F|100/100\n|switch|p2a: Charizard|Charizard, L50, F, shiny|100/100\n|switch|p2b: Torkoal|Torkoal, L50, F|100/100\n|-weather|SunnyDay|[from] ability: Drought|[of] p2b: Torkoal\n|turn|1\n|\n|t:|1776201593\n|detailschange|p2a: Charizard|Charizard-Mega-X, L50, F, shiny\n|-mega|p2a: Charizard|Charizard|Charizardite X\n|move|p2a: Charizard|Dragon Dance|p2a: Charizard\n|-boost|p2a: Charizard|atk|1\n|-boost|p2a: Charizard|spe|1\n|move|p1b: Toucannon|Rock Blast|p2b: Torkoal\n|-supereffective|p2b: Torkoal|1\n|-damage|p2b: Torkoal|86/100\n|-supereffective|p2b: Torkoal|1\n|-damage|p2b: Torkoal|71/100\n|-supereffective|p2b: Torkoal|1\n|-damage|p2b: Torkoal|56/100\n|-supereffective|p2b: Torkoal|1\n|-damage|p2b: Torkoal|42/100\n|-supereffective|p2b: Torkoal|1\n|-damage|p2b: Torkoal|28/100\n|-hitcount|p2b: Torkoal|5\n|move|p2b: Torkoal|Overheat|p1b: Toucannon\n|-damage|p1b: Toucannon|4/100\n|-unboost|p2b: Torkoal|spa|2\n|-enditem|p1b: Toucannon|Sitrus Berry|[eat]\n|-heal|p1b: Toucannon|29/100|[from] item: Sitrus Berry\n|move|p1a: Mimikyu|Trick Room|p1a: Mimikyu\n|-fieldstart|move: Trick Room|[of] p1a: Mimikyu\n|\n|-weather|SunnyDay|[upkeep]\n|upkeep\n|turn|2\n|\n|t:|1776201621\n|switch|p2b: Milotic|Milotic, L50, M|100/100\n|move|p1b: Toucannon|Protect|p1b: Toucannon\n|-singleturn|p1b: Toucannon|Protect\n|move|p2a: Charizard|Protect|p2a: Charizard\n|-singleturn|p2a: Charizard|Protect\n|move|p1a: Mimikyu|Shadow Claw|p2b: Milotic\n|-crit|p2b: Milotic\n|-damage|p2b: Milotic|61/100\n|\n|-weather|SunnyDay|[upkeep]\n|-heal|p2b: Milotic|67/100|[from] item: Leftovers\n|upkeep\n|turn|3\n|\n|t:|1776201647\n|switch|p1a: Hydrapple|Hydrapple, L50, M|100/100\n|-ability|p1a: Hydrapple|Supersweet Syrup\n|-unboost|p2a: Charizard|evasion|1\n|-unboost|p2b: Milotic|evasion|1\n|-ability|p2b: Milotic|Competitive|boost\n|-boost|p2b: Milotic|spa|2\n|move|p1b: Toucannon|Rock Blast|p2a: Charizard\n|-supereffective|p2a: Charizard|1\n|-damage|p2a: Charizard|81/100\n|-supereffective|p2a: Charizard|1\n|-damage|p2a: Charizard|63/100\n|-supereffective|p2a: Charizard|1\n|-damage|p2a: Charizard|42/100\n|-supereffective|p2a: Charizard|1\n|-damage|p2a: Charizard|21/100\n|-supereffective|p2a: Charizard|1\n|-damage|p2a: Charizard|0 fnt\n|faint|p2a: Charizard\n|-hitcount|p2: Charizard|5\n|move|p2b: Milotic|Icy Wind|p1b: Toucannon|[spread] p1a,p1b\n|-supereffective|p1a: Hydrapple|2\n|-enditem|p1a: Hydrapple|Yache Berry|[eat]\n|-enditem|p1a: Hydrapple|Yache Berry|[weaken]\n|-supereffective|p1b: Toucannon|1\n|-damage|p1a: Hydrapple|64/100\n|-damage|p1b: Toucannon|0 fnt\n|-unboost|p1a: Hydrapple|spe|1\n|faint|p1b: Toucannon\n|\n|-weather|SunnyDay|[upkeep]\n|-heal|p2b: Milotic|73/100|[from] item: Leftovers\n|upkeep\n|\n|t:|1776201671\n|switch|p1b: Chimecho|Chimecho, L50, F|100/100\n|switch|p2a: Torkoal|Torkoal, L50, F|28/100\n|turn|4\n|\n|t:|1776201684\n|detailschange|p1b: Chimecho|Chimecho-Mega, L50, F\n|-mega|p1b: Chimecho|Chimecho|Chimechite\n|move|p2a: Torkoal|Rest|p2a: Torkoal\n|-status|p2a: Torkoal|slp|[from] move: Rest\n|-heal|p2a: Torkoal|100/100 slp|[silent]\n|-enditem|p2a: Torkoal|Chesto Berry|[eat]\n|-curestatus|p2a: Torkoal|slp|[msg]\n|move|p1a: Hydrapple|Energy Ball|p2b: Milotic\n|-supereffective|p2b: Milotic|1\n|-damage|p2b: Milotic|5/100\n|move|p1b: Chimecho|Psychic|p2a: Torkoal\n|-damage|p2a: Torkoal|59/100\n|move|p2b: Milotic|Scald|p1b: Chimecho\n|-damage|p1b: Chimecho|83/100\n|\n|-weather|SunnyDay|[upkeep]\n|-heal|p2b: Milotic|11/100|[from] item: Leftovers\n|upkeep\n|turn|5\n|\n|t:|1776201711\n|move|p2b: Milotic|Protect|p2b: Milotic\n|-singleturn|p2b: Milotic|Protect\n|move|p2a: Torkoal|Overheat|p1a: Hydrapple\n|-damage|p1a: Hydrapple|0 fnt\n|-unboost|p2a: Torkoal|spa|2\n|faint|p1a: Hydrapple\n|move|p1b: Chimecho|Psychic|p2a: Torkoal\n|-damage|p2a: Torkoal|19/100\n|\n|-weather|none\n|-heal|p2b: Milotic|17/100|[from] item: Leftovers\n|-fieldend|move: Trick Room\n|upkeep\n|\n|t:|1776201722\n|switch|p1a: Mimikyu|Mimikyu, L50, F|100/100\n|turn|6\n|\n|t:|1776201739\n|move|p1a: Mimikyu|Shadow Claw|p2b: Milotic\n|-damage|p2b: Milotic|0 fnt\n|faint|p2b: Milotic\n|move|p1b: Chimecho|Psychic|p2a: Torkoal\n|-damage|p2a: Torkoal|0 fnt\n|faint|p2a: Torkoal\n|\n|upkeep\n|\n|t:|1776201743\n|switch|p2b: Arcanine|Arcanine-Hisui, L50, M|100/100\n|turn|7\n|\n|t:|1776201755\n|move|p1b: Chimecho|Protect|p1b: Chimecho\n|-singleturn|p1b: Chimecho|Protect\n|move|p2b: Arcanine|Head Smash|p1b: Chimecho\n|-activate|p1b: Chimecho|move: Protect\n|move|p1a: Mimikyu|Trick Room|p1a: Mimikyu\n|-fieldstart|move: Trick Room|[of] p1a: Mimikyu\n|\n|upkeep\n|turn|8\n|\n|t:|1776201767\n|move|p1b: Chimecho|Psychic|p2b: Arcanine\n|-damage|p2b: Arcanine|51/100\n|move|p1a: Mimikyu|Shadow Claw|p2b: Arcanine\n|-damage|p2b: Arcanine|11/100\n|move|p2b: Arcanine|Head Smash|p1b: Chimecho\n|-resisted|p1b: Chimecho|1\n|-damage|p1b: Chimecho|49/100\n|\n|upkeep\n|turn|9\n|-message|Iluvjohnnie forfeited.\n|\n|win|Lesserangel\n|raw|Lesserangel's rating: 1083 &rarr; <strong>1106</strong><br />(+23 for winning)\n|raw|Iluvjohnnie's rating: 1029 &rarr; <strong>1017</strong><br />(-12 for losing)\n|l|\u2606Iluvjohnnie\n|player|p2|\n",
  "uploadtime": 1776201850,
  "views": 22,
  "formatid": "gen9championsvgc2026regma",
  "rating": 1017,
  "private": 0,
  "password": null
}