{
  "id": "gen9championsvgc2026regma-2587835026",
  "format": "[Gen 9 Champions] VGC 2026 Reg M-A",
  "players": [
    "mrlbi18",
    "dmarin04"
  ],
  "log": "|j|\u2606mrlbi18\n|j|\u2606dmarin04\n|t:|1776568868\n|gametype|doubles\n|player|p1|mrlbi18|265|1057\n|player|p2|dmarin04|unknown|1047\n|gen|9\n|tier|[Gen 9 Champions] VGC 2026 Reg M-A\n|rated|\n|rule|Species Clause: Limit one of each Pok\u00e9mon\n|rule|Item Clause: Limit 1 of each item\n|clearpoke\n|poke|p1|Tyranitar, L50, M|\n|poke|p1|Floette-Eternal, L50, F|\n|poke|p1|Sinistcha, L50|\n|poke|p1|Klefki, L50, M|\n|poke|p1|Golurk, L50|\n|poke|p1|Azumarill, L50, F|\n|poke|p2|Froslass, L50, F|\n|poke|p2|Garchomp, L50, F|\n|poke|p2|Talonflame, L50, F|\n|poke|p2|Sneasler, L50, M|\n|poke|p2|Sinistcha, L50|\n|poke|p2|Kingambit, L50, F|\n|teampreview|4\n|inactive|Battle timer is ON: inactive players will automatically lose when time's up. (requested by dmarin04)\n|inactive|mrlbi18 has 60 seconds left.\n|\n|t:|1776568949\n|teamsize|p1|4\n|teamsize|p2|4\n|start\n|switch|p1a: Golurk|Golurk, L50|100/100\n|switch|p1b: Azumarill|Azumarill, L50, F|100/100\n|switch|p2a: Sneasler|Sneasler, L50, M|100/100\n|switch|p2b: Kingambit|Kingambit, L50, F|100/100\n|turn|1\n|l|\u2606dmarin04\n|inactive|dmarin04 disconnected and has a minute to reconnect!\n|player|p2|\n|inactive|dmarin04 has 30 seconds left.\n|j|\u2606dmarin04\n|inactive|dmarin04 reconnected and has 25 seconds left.\n|player|p2|dmarin04|unknown|\n|inactive|dmarin04 has 20 seconds left.\n|inactive|dmarin04 has 15 seconds left.\n|\n|t:|1776568992\n|detailschange|p1a: Golurk|Golurk-Mega, L50\n|-mega|p1a: Golurk|Golurk|Golurkite\n|move|p1b: Azumarill|Protect|p1b: Azumarill\n|-singleturn|p1b: Azumarill|Protect\n|move|p2a: Sneasler|Fake Out|p1b: Azumarill\n|-activate|p1b: Azumarill|move: Protect\n|move|p2b: Kingambit|Sucker Punch|p1a: Golurk\n|-supereffective|p1a: Golurk|1\n|-damage|p1a: Golurk|14/100\n|move|p1a: Golurk|Headlong Rush|p2b: Kingambit\n|-supereffective|p2b: Kingambit|1\n|-damage|p2b: Kingambit|0 fnt\n|-unboost|p1a: Golurk|def|1\n|-unboost|p1a: Golurk|spd|1\n|faint|p2b: Kingambit\n|\n|upkeep\n|\n|t:|1776569005\n|switch|p2b: Froslass|Froslass, L50, F|100/100\n|turn|2\n|\n|t:|1776569013\n|switch|p1b: Sinistcha|Sinistcha, L50|100/100\n|-heal|p1a: Golurk|39/100|[from] ability: Hospitality|[of] p1b: Sinistcha\n|detailschange|p2b: Froslass|Froslass-Mega, L50, F\n|-mega|p2b: Froslass|Froslass|Froslassite\n|-weather|Snowscape|[from] ability: Snow Warning|[of] p2b: Froslass\n|move|p1a: Golurk|Protect|p1a: Golurk\n|-singleturn|p1a: Golurk|Protect\n|move|p2a: Sneasler|Dire Claw|p1b: Sinistcha\n|-damage|p1b: Sinistcha|72/100\n|move|p2b: Froslass|Blizzard|p1b: Sinistcha|[spread] p1b\n|-activate|p1a: Golurk|move: Protect\n|-supereffective|p1b: Sinistcha|1\n|-damage|p1b: Sinistcha|0 fnt\n|faint|p1b: Sinistcha\n|\n|-weather|Snowscape|[upkeep]\n|upkeep\n|\n|t:|1776569030\n|switch|p1b: Tyranitar|Tyranitar, L50, M|100/100\n|-weather|Sandstorm|[from] ability: Sand Stream|[of] p1b: Tyranitar\n|turn|3\n|\n|t:|1776569041\n|switch|p2b: Sinistcha|Sinistcha, L50|100/100\n|move|p2a: Sneasler|Protect|p2a: Sneasler\n|-singleturn|p2a: Sneasler|Protect\n|move|p1b: Tyranitar|Crunch|p2b: Sinistcha\n|-supereffective|p2b: Sinistcha|1\n|-damage|p2b: Sinistcha|29/100\n|-unboost|p2b: Sinistcha|def|1\n|-enditem|p2b: Sinistcha|Sitrus Berry|[eat]\n|-heal|p2b: Sinistcha|53/100|[from] item: Sitrus Berry\n|move|p1a: Golurk|Poltergeist||[still]\n|-fail|p1a: Golurk\n|\n|-weather|Sandstorm|[upkeep]\n|-damage|p2a: Sneasler|95/100|[from] Sandstorm\n|-damage|p2b: Sinistcha|47/100|[from] Sandstorm\n|upkeep\n|turn|4\n|inactive|mrlbi18 has 30 seconds left.\n|\n|t:|1776569071\n|move|p2b: Sinistcha|Rage Powder|p2b: Sinistcha\n|-singleturn|p2b: Sinistcha|move: Rage Powder\n|move|p2a: Sneasler|Close Combat|p1b: Tyranitar\n|-supereffective|p1b: Tyranitar|2\n|-damage|p1b: Tyranitar|0 fnt\n|-unboost|p2a: Sneasler|def|1\n|-unboost|p2a: Sneasler|spd|1\n|faint|p1b: Tyranitar\n|-enditem|p2a: Sneasler|White Herb\n|-clearnegativeboost|p2a: Sneasler|[silent]\n|move|p1a: Golurk|Headlong Rush|p2b: Sinistcha\n|-resisted|p2b: Sinistcha|1\n|-crit|p2b: Sinistcha\n|-damage|p2b: Sinistcha|0 fnt\n|-unboost|p1a: Golurk|def|1\n|-unboost|p1a: Golurk|spd|1\n|faint|p2b: Sinistcha\n|\n|-weather|Sandstorm|[upkeep]\n|-damage|p2a: Sneasler|89/100|[from] Sandstorm\n|upkeep\n|\n|t:|1776569087\n|switch|p2b: Froslass|Froslass-Mega, L50, F|100/100\n|switch|p1b: Azumarill|Azumarill, L50, F|100/100\n|-weather|Snowscape|[from] ability: Snow Warning|[of] p2b: Froslass\n|turn|5\n|\n|t:|1776569099\n|move|p2a: Sneasler|Dire Claw|p1b: Azumarill\n|-supereffective|p1b: Azumarill|1\n|-damage|p1b: Azumarill|14/100\n|-status|p1b: Azumarill|par\n|-enditem|p1b: Azumarill|Sitrus Berry|[eat]\n|-heal|p1b: Azumarill|38/100 par|[from] item: Sitrus Berry\n|move|p2b: Froslass|Blizzard|p1b: Azumarill|[spread] p1a,p1b\n|-supereffective|p1a: Golurk|1\n|-resisted|p1b: Azumarill|1\n|-damage|p1a: Golurk|0 fnt\n|-damage|p1b: Azumarill|21/100 par\n|faint|p1a: Golurk\n|move|p1b: Azumarill|Belly Drum||[still]\n|-fail|p1b: Azumarill\n|\n|-weather|Snowscape|[upkeep]\n|upkeep\n|turn|6\n|-message|mrlbi18 forfeited.\n|\n|win|dmarin04\n|raw|mrlbi18's rating: 1057 &rarr; <strong>1038</strong><br />(-19 for losing)\n|raw|dmarin04's rating: 1047 &rarr; <strong>1081</strong><br />(+34 for winning)\n|l|\u2606mrlbi18\n|player|p1|\n",
  "uploadtime": 1776569116,
  "views": 8,
  "formatid": "gen9championsvgc2026regma",
  "rating": 1038,
  "private": 0,
  "password": null
}