{
  "id": "gen9championsvgc2026regma-2582718260",
  "format": "[Gen 9 Champions] VGC 2026 Reg M-A",
  "players": [
    "drxmins",
    "Nachofrize"
  ],
  "log": "|j|\u2606drxmins\n|j|\u2606Nachofrize\n|t:|1776109353\n|gametype|doubles\n|player|p1|drxmins|nate|1125\n|player|p2|Nachofrize|cynthia|1068\n|gen|9\n|tier|[Gen 9 Champions] VGC 2026 Reg M-A\n|rated|\n|rule|Species Clause: Limit one of each Pok\u00e9mon\n|rule|Item Clause: Limit 1 of each item\n|clearpoke\n|poke|p1|Floette-Eternal, L50, F|\n|poke|p1|Garchomp, L50, F|\n|poke|p1|Kingambit, L50, M|\n|poke|p1|Sneasler, L50, M|\n|poke|p1|Delphox, L50, M|\n|poke|p1|Incineroar, L50, F|\n|poke|p2|Typhlosion-Hisui, L50, F|\n|poke|p2|Sableye, L50, F|\n|poke|p2|Maushold, L50|\n|poke|p2|Charizard, L50, F|\n|poke|p2|Garchomp, L50, F|\n|poke|p2|Farigiraf, L50, F|\n|teampreview|4\n|\n|t:|1776109395\n|teamsize|p1|4\n|teamsize|p2|4\n|start\n|switch|p1a: Delphox|Delphox, L50, M, shiny|100/100\n|switch|p1b: Garchomp|Garchomp, L50, F, shiny|100/100\n|switch|p2a: Sableye|Sableye, L50, F|100/100\n|switch|p2b: Typhlosion|Typhlosion-Hisui, L50, F|100/100\n|-item|p1a: Delphox|Delphoxite|[from] ability: Frisk|[of] p2b: Typhlosion\n|-item|p1b: Garchomp|Sitrus Berry|[from] ability: Frisk|[of] p2b: Typhlosion\n|turn|1\n|\n|t:|1776109435\n|detailschange|p1a: Delphox|Delphox-Mega, L50, M, shiny\n|-mega|p1a: Delphox|Delphox|Delphoxite\n|move|p2a: Sableye|Sunny Day|p2a: Sableye\n|-weather|SunnyDay\n|move|p2b: Typhlosion|Eruption|p1b: Garchomp|[spread] p1a,p1b\n|-resisted|p1a: Delphox|1\n|-resisted|p1b: Garchomp|1\n|-damage|p1a: Delphox|61/100\n|-damage|p1b: Garchomp|56/100\n|move|p1a: Delphox|Heat Wave|p2a: Sableye|[spread] p2b\n|-miss|p1a: Delphox|p2a: Sableye\n|-resisted|p2b: Typhlosion|1\n|-damage|p2b: Typhlosion|59/100\n|move|p1b: Garchomp|Earthquake|p2a: Sableye|[spread] p2a,p2b\n|-immune|p1a: Delphox|[from] ability: Levitate\n|-supereffective|p2b: Typhlosion|1\n|-damage|p2a: Sableye|48/100\n|-damage|p2b: Typhlosion|0 fnt\n|faint|p2b: Typhlosion\n|\n|-weather|SunnyDay|[upkeep]\n|upkeep\n|\n|t:|1776109451\n|switch|p2b: Charizard|Charizard, L50, F|100/100\n|turn|2\n|\n|t:|1776109462\n|detailschange|p2b: Charizard|Charizard-Mega-Y, L50, F\n|-mega|p2b: Charizard|Charizard|Charizardite Y\n|move|p2a: Sableye|Quash|p1a: Delphox\n|-activate|p1a: Delphox|move: Quash\n|move|p2b: Charizard|Heat Wave|p1a: Delphox|[spread] p1a,p1b\n|-resisted|p1a: Delphox|1\n|-resisted|p1b: Garchomp|1\n|-damage|p1a: Delphox|26/100\n|-damage|p1b: Garchomp|21/100\n|-enditem|p1b: Garchomp|Sitrus Berry|[eat]\n|-heal|p1b: Garchomp|46/100|[from] item: Sitrus Berry\n|move|p1b: Garchomp|Rock Slide|p2a: Sableye|[spread] p2a,p2b\n|-supereffective|p2b: Charizard|2\n|-damage|p2a: Sableye|20/100\n|-damage|p2b: Charizard|0 fnt\n|faint|p2b: Charizard\n|move|p1a: Delphox|Heat Wave|p2a: Sableye\n|-damage|p2a: Sableye|0 fnt\n|faint|p2a: Sableye\n|\n|-weather|SunnyDay|[upkeep]\n|upkeep\n|\n|t:|1776109484\n|switch|p2b: Maushold|Maushold, L50|100/100\n|turn|3\n|\n|t:|1776109494\n|switch|p1a: Incineroar|Incineroar, L50, F|100/100\n|-ability|p1a: Incineroar|Intimidate|boost\n|-unboost|p2b: Maushold|atk|1\n|move|p1b: Garchomp|Protect|p1b: Garchomp\n|-singleturn|p1b: Garchomp|Protect\n|move|p2b: Maushold|Follow Me|p2b: Maushold\n|-singleturn|p2b: Maushold|move: Follow Me\n|\n|-weather|SunnyDay|[upkeep]\n|upkeep\n|turn|4\n|\n|t:|1776109505\n|move|p1a: Incineroar|Fake Out|p2b: Maushold\n|-damage|p2b: Maushold|88/100\n|cant|p2b: Maushold|flinch\n|move|p1b: Garchomp|Dragon Claw|p2b: Maushold\n|-damage|p2b: Maushold|43/100\n|-enditem|p2b: Maushold|Sitrus Berry|[eat]\n|-heal|p2b: Maushold|68/100|[from] item: Sitrus Berry\n|\n|-weather|SunnyDay|[upkeep]\n|upkeep\n|turn|5\n|\n|t:|1776109513\n|move|p2b: Maushold|Follow Me|p2b: Maushold\n|-singleturn|p2b: Maushold|move: Follow Me\n|move|p1b: Garchomp|Dragon Claw|p2b: Maushold\n|-damage|p2b: Maushold|21/100\n|move|p1a: Incineroar|Flare Blitz|p2b: Maushold\n|-damage|p2b: Maushold|0 fnt\n|faint|p2b: Maushold\n|-damage|p1a: Incineroar|95/100|[from] Recoil\n|\n|win|drxmins\n|raw|drxmins's rating: 1125 &rarr; <strong>1146</strong><br />(+21 for winning)\n|raw|Nachofrize's rating: 1068 &rarr; <strong>1051</strong><br />(-17 for losing)\n|l|\u2606drxmins\n|player|p1|\n",
  "uploadtime": 1776109524,
  "views": 9,
  "formatid": "gen9championsvgc2026regma",
  "rating": 1051,
  "private": 0,
  "password": null
}