{
  "id": "gen9championsvgc2026regma-2587783875",
  "format": "[Gen 9 Champions] VGC 2026 Reg M-A",
  "players": [
    "Spgdd",
    "Dark Blade Gambit"
  ],
  "log": "|j|\u2606Spgdd\n|j|\u2606Dark Blade Gambit\n|t:|1776563631\n|gametype|doubles\n|player|p1|Spgdd|miku-water|1098\n|player|p2|Dark Blade Gambit|n|1105\n|gen|9\n|tier|[Gen 9 Champions] VGC 2026 Reg M-A\n|rated|\n|rule|Species Clause: Limit one of each Pok\u00e9mon\n|rule|Item Clause: Limit 1 of each item\n|clearpoke\n|poke|p1|Starmie, L50, shiny|\n|poke|p1|Meganium, L50, F, shiny|\n|poke|p1|Pelipper, L50, M, shiny|\n|poke|p1|Sableye, L50, M, shiny|\n|poke|p1|Garchomp, L50, M, shiny|\n|poke|p1|Archaludon, L50, M, shiny|\n|poke|p2|Aggron, L50, M|\n|poke|p2|Incineroar, L50, F|\n|poke|p2|Sinistcha-Masterpiece, L50|\n|poke|p2|Pelipper, L50, M|\n|poke|p2|Basculegion, L50, M|\n|poke|p2|Sneasler, L50, M|\n|teampreview|4\n|inactive|Battle timer is ON: inactive players will automatically lose when time's up. (requested by Dark Blade Gambit)\n|inactive|Spgdd also wants the timer to be on.\n|inactive|Spgdd has 60 seconds left.\nDark Blade Gambit rejected open team sheets.\n|\n|t:|1776563678\n|teamsize|p1|4\n|teamsize|p2|4\n|start\n|switch|p1a: Sableye|Sableye, L50, M, shiny|100/100\n|switch|p1b: Archaludon|Archaludon, L50, M, shiny|100/100\n|switch|p2a: Incineroar|Incineroar, L50, F|100/100\n|switch|p2b: Sneasler|Sneasler, L50, M|100/100\n|-ability|p2a: Incineroar|Intimidate|boost\n|-unboost|p1a: Sableye|atk|1\n|-unboost|p1b: Archaludon|atk|1\n|turn|1\n|\n|t:|1776563701\n|move|p2a: Incineroar|Fake Out|p1b: Archaludon\n|-resisted|p1b: Archaludon|1\n|-damage|p1b: Archaludon|97/100\n|-ability|p1b: Archaludon|Stamina|boost\n|-boost|p1b: Archaludon|def|1\n|move|p1a: Sableye|Confuse Ray|p2a: Incineroar\n|-hint|Since gen 7, Dark is immune to Prankster moves.\n|-immune|p2a: Incineroar\n|move|p2b: Sneasler|Close Combat|p1b: Archaludon\n|-supereffective|p1b: Archaludon|1\n|-damage|p1b: Archaludon|24/100\n|-unboost|p2b: Sneasler|def|1\n|-unboost|p2b: Sneasler|spd|1\n|-ability|p1b: Archaludon|Stamina|boost\n|-boost|p1b: Archaludon|def|1\n|-enditem|p1b: Archaludon|Sitrus Berry|[eat]\n|-heal|p1b: Archaludon|49/100|[from] item: Sitrus Berry\n|-enditem|p2b: Sneasler|White Herb\n|-clearnegativeboost|p2b: Sneasler|[silent]\n|cant|p1b: Archaludon|flinch\n|\n|upkeep\n|turn|2\n|\n|t:|1776563724\n|move|p1a: Sableye|Confuse Ray|p2b: Sneasler\n|-start|p2b: Sneasler|confusion\n|-activate|p2b: Sneasler|confusion\n|move|p2b: Sneasler|Close Combat|p1b: Archaludon\n|-supereffective|p1b: Archaludon|1\n|-damage|p1b: Archaludon|0 fnt\n|-unboost|p2b: Sneasler|def|1\n|-unboost|p2b: Sneasler|spd|1\n|faint|p1b: Archaludon\n|move|p2a: Incineroar|Flare Blitz|p1a: Sableye\n|-damage|p1a: Sableye|42/100\n|-damage|p2a: Incineroar|86/100|[from] Recoil\n|\n|-heal|p1a: Sableye|48/100|[from] item: Leftovers\n|upkeep\n|\n|t:|1776563740\n|switch|p1b: Starmie|Starmie, L50, shiny|100/100\n|turn|3\n|\n|t:|1776563762\n|detailschange|p1b: Starmie|Starmie-Mega, L50, shiny\n|-mega|p1b: Starmie|Starmie|Starminite\n|move|p1a: Sableye|Helping Hand|p1b: Starmie\n|-singleturn|p1b: Starmie|Helping Hand|[of] p1a: Sableye\n|-end|p2b: Sneasler|confusion\n|move|p2b: Sneasler|Dire Claw|p1b: Starmie\n|-damage|p1b: Starmie|37/100\n|move|p1b: Starmie|Liquidation|p2a: Incineroar\n|-supereffective|p2a: Incineroar|1\n|-damage|p2a: Incineroar|0 fnt\n|faint|p2a: Incineroar\n|\n|-heal|p1a: Sableye|53/100|[from] item: Leftovers\n|upkeep\n|\n|t:|1776563775\n|switch|p2a: Basculegion|Basculegion, L50, M|100/100\n|turn|4\n|\n|t:|1776563789\n|move|p2a: Basculegion|Aqua Jet|p1a: Sableye\n|-damage|p1a: Sableye|20/100\n|move|p1a: Sableye|Confuse Ray|p2a: Basculegion\n|-start|p2a: Basculegion|confusion\n|move|p2b: Sneasler|Dire Claw|p1b: Starmie\n|-damage|p1b: Starmie|0 fnt\n|faint|p1b: Starmie\n|\n|-heal|p1a: Sableye|26/100|[from] item: Leftovers\n|upkeep\n|\n|t:|1776563802\n|switch|p1b: Garchomp|Garchomp, L50, M, shiny|100/100\n|turn|5\n|inactive|Dark Blade Gambit has 30 seconds left.\n|\n|t:|1776563829\n|switch|p2a: Pelipper|Pelipper, L50, M|100/100\n|-weather|RainDance|[from] ability: Drizzle|[of] p2a: Pelipper\n|move|p1a: Sableye|Quash|p2b: Sneasler\n|-activate|p2b: Sneasler|move: Quash\n|move|p1b: Garchomp|Rock Slide|p2a: Pelipper|[spread] p2a,p2b\n|-supereffective|p2a: Pelipper|1\n|-resisted|p2b: Sneasler|1\n|-crit|p2b: Sneasler\n|-damage|p2a: Pelipper|46/100\n|-damage|p2b: Sneasler|63/100\n|move|p2b: Sneasler|Close Combat|p1a: Sableye\n|-immune|p1a: Sableye\n|\n|-weather|RainDance|[upkeep]\n|-heal|p1a: Sableye|31/100|[from] item: Leftovers\n|upkeep\n|turn|6\n|c|\u2606Dark Blade Gambit|Bruh i missclicked\n|\n|t:|1776563853\n|move|p1a: Sableye|Encore|p2b: Sneasler\n|-start|p2b: Sneasler|Encore\n|move|p2b: Sneasler|Close Combat|p1b: Garchomp\n|-damage|p1b: Garchomp|28/100\n|-unboost|p2b: Sneasler|def|1\n|-unboost|p2b: Sneasler|spd|1\n|-damage|p2b: Sneasler|51/100|[from] ability: Rough Skin|[of] p1b: Garchomp\n|move|p1b: Garchomp|Rock Slide|p2b: Sneasler|[spread] p2a,p2b\n|-supereffective|p2a: Pelipper|1\n|-resisted|p2b: Sneasler|1\n|-damage|p2a: Pelipper|0 fnt\n|-damage|p2b: Sneasler|15/100\n|faint|p2a: Pelipper\n|-heal|p1b: Garchomp|35/100|[from] item: Shell Bell|[of] p2b: Sneasler\n|\n|-weather|RainDance|[upkeep]\n|-heal|p1a: Sableye|37/100|[from] item: Leftovers\n|upkeep\n|\n|t:|1776563863\n|switch|p2a: Basculegion|Basculegion, L50, M|100/100\n|turn|7\n|c|\u2606Spgdd|never mind\n|\n|t:|1776563884\n|move|p2a: Basculegion|Aqua Jet|p1a: Sableye\n|-damage|p1a: Sableye|0 fnt\n|faint|p1a: Sableye\n|move|p2b: Sneasler|Close Combat|p1b: Garchomp\n|-damage|p1b: Garchomp|0 fnt\n|-unboost|p2b: Sneasler|def|1\n|-unboost|p2b: Sneasler|spd|1\n|-damage|p2b: Sneasler|3/100|[from] ability: Rough Skin|[of] p1b: Garchomp\n|faint|p1b: Garchomp\n|\n|win|Dark Blade Gambit\n|raw|Spgdd's rating: 1098 &rarr; <strong>1074</strong><br />(-24 for losing)\n|raw|Dark Blade Gambit's rating: 1105 &rarr; <strong>1129</strong><br />(+24 for winning)\n|c|\u2606Dark Blade Gambit|gg\n|c|\u2606Spgdd|gg\n|l|\u2606Dark Blade Gambit\n|player|p2|\n",
  "uploadtime": 1776563900,
  "views": 10,
  "formatid": "gen9championsvgc2026regma",
  "rating": 1074,
  "private": 0,
  "password": null
}