{
  "id": "gen9championsvgc2026regma-2587256038",
  "format": "[Gen 9 Champions] VGC 2026 Reg M-A",
  "players": [
    "el_chapo929",
    "NathanaelW19"
  ],
  "log": "|j|\u2606el_chapo929\n|j|\u2606NathanaelW19\n|t:|1776515095\n|gametype|doubles\n|player|p1|el_chapo929|101|1078\n|player|p2|NathanaelW19|dragontamer|1148\n|gen|9\n|tier|[Gen 9 Champions] VGC 2026 Reg M-A\n|rated|\n|rule|Species Clause: Limit one of each Pok\u00e9mon\n|rule|Item Clause: Limit 1 of each item\n|clearpoke\n|poke|p1|Gengar, L50, F|\n|poke|p1|Mimikyu, L50, F|\n|poke|p1|Torkoal, L50, F|\n|poke|p1|Aerodactyl, L50, F|\n|poke|p1|Gyarados, L50, M|\n|poke|p1|Talonflame, L50, F|\n|poke|p2|Pidgeot, L50, F, shiny|\n|poke|p2|Sylveon, L50, M, shiny|\n|poke|p2|Meowscarada, L50, M, shiny|\n|poke|p2|Milotic, L50, F, shiny|\n|poke|p2|Incineroar, L50, M, shiny|\n|poke|p2|Sneasler, L50, F, shiny|\n|teampreview|4\n|inactive|Battle timer is ON: inactive players will automatically lose when time's up. (requested by NathanaelW19)\n|\n|t:|1776515122\n|teamsize|p1|4\n|teamsize|p2|4\n|start\n|switch|p1a: Aerodactyl|Aerodactyl, L50, F|100/100\n|switch|p1b: Talonflame|Talonflame, L50, F|100/100\n|switch|p2a: Sneasler|Sneasler, L50, F, shiny|100/100\n|switch|p2b: Pidgeot|Pidgeot, L50, F, shiny|100/100\n|turn|1\n|\n|t:|1776515141\n|detailschange|p2b: Pidgeot|Pidgeot-Mega, L50, F, shiny\n|-mega|p2b: Pidgeot|Pidgeot|Pidgeotite\n|move|p1b: Talonflame|Protect|p1b: Talonflame\n|-singleturn|p1b: Talonflame|Protect\n|move|p1a: Aerodactyl|Protect|p1a: Aerodactyl\n|-singleturn|p1a: Aerodactyl|Protect\n|move|p2a: Sneasler|Fake Out|p1b: Talonflame\n|-activate|p1b: Talonflame|move: Protect\n|move|p2b: Pidgeot|Heat Wave|p1b: Talonflame|[spread] \n|-activate|p1a: Aerodactyl|move: Protect\n|-activate|p1b: Talonflame|move: Protect\n|\n|upkeep\n|turn|2\n|\n|t:|1776515161\n|switch|p2a: Milotic|Milotic, L50, F, shiny|100/100\n|move|p1b: Talonflame|Tailwind|p1b: Talonflame\n|-sidestart|p1: el_chapo929|move: Tailwind\n|move|p1a: Aerodactyl|Rock Slide|p2a: Milotic|[spread] p2a,p2b\n|-supereffective|p2b: Pidgeot|1\n|-damage|p2a: Milotic|75/100\n|-damage|p2b: Pidgeot|30/100\n|move|p2b: Pidgeot|Hurricane|p1b: Talonflame\n|-damage|p1b: Talonflame|17/100\n|\n|upkeep\n|turn|3\n|\n|t:|1776515176\n|move|p2b: Pidgeot|Protect|p2b: Pidgeot\n|-singleturn|p2b: Pidgeot|Protect\n|move|p1b: Talonflame|Brave Bird|p2a: Milotic\n|-damage|p2a: Milotic|29/100\n|-enditem|p2a: Milotic|Sitrus Berry|[eat]\n|-heal|p2a: Milotic|53/100|[from] item: Sitrus Berry\n|-damage|p1b: Talonflame|0 fnt|[from] Recoil\n|faint|p1b: Talonflame\n|move|p1a: Aerodactyl|Rock Slide|p2b: Pidgeot|[spread] \n|-activate|p2b: Pidgeot|move: Protect\n|-miss|p1a: Aerodactyl|p2a: Milotic\n|move|p2a: Milotic|Icy Wind|p1a: Aerodactyl\n|-supereffective|p1a: Aerodactyl|1\n|-damage|p1a: Aerodactyl|63/100\n|-unboost|p1a: Aerodactyl|spe|1\n|\n|upkeep\n|\n|t:|1776515190\n|switch|p1b: Mimikyu|Mimikyu, L50, F|100/100\n|turn|4\n|\n|t:|1776515200\n|switch|p2b: Sneasler|Sneasler, L50, F, shiny|100/100\n|move|p1a: Aerodactyl|Rock Slide|p2b: Sneasler|[spread] p2a,p2b\n|-resisted|p2b: Sneasler|1\n|-damage|p2a: Milotic|28/100\n|-damage|p2b: Sneasler|77/100\n|move|p1b: Mimikyu|Wood Hammer|p2a: Milotic\n|-supereffective|p2a: Milotic|1\n|-damage|p2a: Milotic|0 fnt\n|faint|p2a: Milotic\n|-damage|p1b: Mimikyu|88/100|[from] Recoil\n|\n|upkeep\n|\n|t:|1776515208\n|switch|p2a: Meowscarada|Meowscarada, L50, M, shiny|100/100\n|turn|5\n|\n|t:|1776515225\n|switch|p1a: Gyarados|Gyarados, L50, M|100/100\n|-ability|p1a: Gyarados|Intimidate|boost\n|-unboost|p2a: Meowscarada|atk|1\n|-unboost|p2b: Sneasler|atk|1\n|-enditem|p2b: Sneasler|White Herb\n|-clearnegativeboost|p2b: Sneasler|[silent]\n|move|p2a: Meowscarada|Sucker Punch||[still]\n|-fail|p2a: Meowscarada\n|move|p2b: Sneasler|Dire Claw|p1b: Mimikyu\n|-activate|p1b: Mimikyu|ability: Disguise\n|-damage|p1b: Mimikyu|88/100\n|detailschange|p1b: Mimikyu|Mimikyu-Busted, L50, F\n|-damage|p1b: Mimikyu|76/100|[from] pokemon: Mimikyu-Busted\n|move|p1b: Mimikyu|Trick Room|p1b: Mimikyu\n|-fieldstart|move: Trick Room|[of] p1b: Mimikyu\n|\n|-sideend|p1: el_chapo929|move: Tailwind\n|upkeep\n|turn|6\n|inactive|el_chapo929 has 30 seconds left.\n|\n|t:|1776515257\n|switch|p2a: Pidgeot|Pidgeot-Mega, L50, F, shiny|30/100\n|detailschange|p1a: Gyarados|Gyarados-Mega, L50, M\n|-mega|p1a: Gyarados|Gyarados|Gyaradosite\n|-ability|p1a: Gyarados|Mold Breaker\n|move|p1b: Mimikyu|Will-O-Wisp|p2a: Pidgeot\n|-status|p2a: Pidgeot|brn\n|move|p1a: Gyarados|Crunch|p2a: Pidgeot\n|-damage|p2a: Pidgeot|0 fnt\n|faint|p2a: Pidgeot\n|move|p2b: Sneasler|Dire Claw|p1a: Gyarados\n|-damage|p1a: Gyarados|63/100\n|\n|upkeep\n|\n|t:|1776515269\n|switch|p2a: Meowscarada|Meowscarada, L50, M, shiny|100/100\n|turn|7\n|\n|t:|1776515276\n|move|p2a: Meowscarada|Protect|p2a: Meowscarada\n|-singleturn|p2a: Meowscarada|Protect\n|move|p2b: Sneasler|Protect|p2b: Sneasler\n|-singleturn|p2b: Sneasler|Protect\n|move|p1b: Mimikyu|Will-O-Wisp|p2a: Meowscarada\n|-activate|p2a: Meowscarada|move: Protect\n|move|p1a: Gyarados|Crunch|p2a: Meowscarada\n|-activate|p2a: Meowscarada|move: Protect\n|\n|upkeep\n|turn|8\n|\n|t:|1776515290\n|move|p1b: Mimikyu|Will-O-Wisp|p2a: Meowscarada\n|-status|p2a: Meowscarada|brn\n|move|p1a: Gyarados|Crunch|p2a: Meowscarada\n|-resisted|p2a: Meowscarada|1\n|-damage|p2a: Meowscarada|67/100 brn\n|move|p2a: Meowscarada|Flower Trick|p1a: Gyarados\n|-supereffective|p1a: Gyarados|1\n|-crit|p1a: Gyarados\n|-damage|p1a: Gyarados|23/100\n|move|p2b: Sneasler|Dire Claw|p1b: Mimikyu\n|-damage|p1b: Mimikyu|23/100\n|-status|p1b: Mimikyu|slp\n|\n|-damage|p2a: Meowscarada|61/100 brn|[from] brn\n|upkeep\n|turn|9\n|\n|t:|1776515314\n|cant|p1b: Mimikyu|slp\n|move|p1a: Gyarados|Dragon Dance|p1a: Gyarados\n|-boost|p1a: Gyarados|atk|1\n|-boost|p1a: Gyarados|spe|1\n|move|p2a: Meowscarada|Flower Trick|p1a: Gyarados\n|-supereffective|p1a: Gyarados|1\n|-crit|p1a: Gyarados\n|-damage|p1a: Gyarados|0 fnt\n|faint|p1a: Gyarados\n|move|p2b: Sneasler|Dire Claw|p1b: Mimikyu\n|-damage|p1b: Mimikyu|0 fnt\n|faint|p1b: Mimikyu\n|\n|-damage|p2a: Meowscarada|55/100 brn|[from] brn\n|-fieldend|move: Trick Room\n|upkeep\n|\n|t:|1776515322\n|switch|p1a: Aerodactyl|Aerodactyl, L50, F|63/100\n|turn|10\n|\n|t:|1776515330\n|move|p2b: Sneasler|Dire Claw|p1a: Aerodactyl\n|-resisted|p1a: Aerodactyl|1\n|-damage|p1a: Aerodactyl|33/100\n|-status|p1a: Aerodactyl|par\n|-enditem|p1a: Aerodactyl|Lum Berry|[eat]\n|-curestatus|p1a: Aerodactyl|par|[msg]\n|move|p2a: Meowscarada|Flower Trick|p1a: Aerodactyl\n|-crit|p1a: Aerodactyl\n|-damage|p1a: Aerodactyl|0 fnt\n|faint|p1a: Aerodactyl\n|\n|win|NathanaelW19\n|raw|el_chapo929's rating: 1078 &rarr; <strong>1061</strong><br />(-17 for losing)\n|raw|NathanaelW19's rating: 1148 &rarr; <strong>1168</strong><br />(+20 for winning)\n|l|\u2606el_chapo929\n|player|p1|\n",
  "uploadtime": 1776515347,
  "views": 13,
  "formatid": "gen9championsvgc2026regma",
  "rating": 1061,
  "private": 0,
  "password": null
}