{
  "id": "gen9championsvgc2026regma-2584960576",
  "format": "[Gen 9 Champions] VGC 2026 Reg M-A",
  "players": [
    "Blue_leader44",
    "starburst48763"
  ],
  "log": "|j|\u2606Blue_leader44\n|j|\u2606starburst48763\n|t:|1776298374\n|gametype|doubles\n|player|p1|Blue_leader44|steven|1320\n|player|p2|starburst48763|2|1378\n|gen|9\n|tier|[Gen 9 Champions] VGC 2026 Reg M-A\n|rated|\n|rule|Species Clause: Limit one of each Pok\u00e9mon\n|rule|Item Clause: Limit 1 of each item\n|clearpoke\n|poke|p1|Incineroar, L50, F|\n|poke|p1|Floette-Eternal, L50, F|\n|poke|p1|Sinistcha, L50|\n|poke|p1|Sneasler, L50, F|\n|poke|p1|Torkoal, L50, M|\n|poke|p1|Farigiraf, L50, F|\n|poke|p2|Gardevoir, L50, F|\n|poke|p2|Incineroar, L50, F|\n|poke|p2|Sneasler, L50, M|\n|poke|p2|Sinistcha-Masterpiece, L50|\n|poke|p2|Rotom-Wash, L50|\n|poke|p2|Garchomp, L50, M|\n|teampreview|4\n|inactive|Battle timer is ON: inactive players will automatically lose when time's up. (requested by Blue_leader44)\nBlue_leader44 has agreed to open team sheets.\n|inactive|starburst48763 has 60 seconds left.\n|\n|t:|1776298424\n|teamsize|p1|4\n|teamsize|p2|4\n|start\n|switch|p1a: Incineroar|Incineroar, L50, F|100/100\n|switch|p1b: Farigiraf|Farigiraf, L50, F|100/100\n|switch|p2a: Incineroar|Incineroar, L50, F|100/100\n|switch|p2b: Rotom|Rotom-Wash, L50|100/100\n|-ability|p2a: Incineroar|Intimidate|boost\n|-unboost|p1a: Incineroar|atk|1\n|-unboost|p1b: Farigiraf|atk|1\n|-ability|p1a: Incineroar|Intimidate|boost\n|-unboost|p2a: Incineroar|atk|1\n|-unboost|p2b: Rotom|atk|1\n|turn|1\n|inactive|starburst48763 has 30 seconds left.\n|\n|t:|1776298458\n|move|p2b: Rotom|Hydro Pump|p1a: Incineroar\n|-supereffective|p1a: Incineroar|1\n|-damage|p1a: Incineroar|0 fnt\n|faint|p1a: Incineroar\n|move|p2a: Incineroar|Parting Shot|p1b: Farigiraf\n|-unboost|p1b: Farigiraf|atk|1\n|-unboost|p1b: Farigiraf|spa|1\n|\n|t:|1776298464\n|switch|p2a: Gardevoir|Gardevoir, L50, F|100/100|[from] Parting Shot\n|-ability|p2a: Gardevoir|Armor Tail|Trace|[from] ability: Trace|[of] p1b: Farigiraf\n|move|p1b: Farigiraf|Trick Room|p1b: Farigiraf\n|-fieldstart|move: Trick Room|[of] p1b: Farigiraf\n|\n|upkeep\n|\n|t:|1776298466\n|switch|p1a: Sneasler|Sneasler, L50, F|100/100\n|turn|2\n|\n|t:|1776298479\n|switch|p1b: Floette|Floette-Eternal, L50, F|100/100\n|detailschange|p2a: Gardevoir|Gardevoir-Mega, L50, F\n|-mega|p2a: Gardevoir|Gardevoir|Gardevoirite\n|move|p1a: Sneasler|Fake Out|p2a: Gardevoir\n|-damage|p2a: Gardevoir|83/100\n|-status|p2a: Gardevoir|psn|[from] ability: Poison Touch|[of] p1a: Sneasler\n|move|p2b: Rotom|Thunderbolt|p1a: Sneasler\n|-damage|p1a: Sneasler|52/100\n|cant|p2a: Gardevoir|flinch\n|\n|-damage|p2a: Gardevoir|71/100 psn|[from] psn\n|upkeep\n|turn|3\n|\n|t:|1776298494\n|detailschange|p1b: Floette|Floette-Mega, L50, F\n|-mega|p1b: Floette|Floette|Floettite\n|-ability|p1b: Floette|Fairy Aura\n|move|p1a: Sneasler|Protect|p1a: Sneasler\n|-singleturn|p1a: Sneasler|Protect\n|move|p1b: Floette|Dazzling Gleam|p2b: Rotom|[spread] p2a,p2b\n|-damage|p2a: Gardevoir|37/100 psn\n|-damage|p2b: Rotom|58/100\n|move|p2b: Rotom|Hydro Pump|p1b: Floette\n|-damage|p1b: Floette|59/100\n|move|p2a: Gardevoir|Hyper Voice|p1a: Sneasler|[spread] p1b\n|-activate|p1a: Sneasler|move: Protect\n|-damage|p1b: Floette|11/100\n|\n|-damage|p2a: Gardevoir|24/100 psn|[from] psn\n|upkeep\n|turn|4\n|inactive|starburst48763 has 30 seconds left.\n|inactive|starburst48763 has 20 seconds left.\n|\n|t:|1776298532\n|switch|p2a: Sinistcha|Sinistcha-Masterpiece, L50|100/100\n|-heal|p2b: Rotom|83/100|[from] ability: Hospitality|[of] p2a: Sinistcha\n|switch|p1a: Farigiraf|Farigiraf, L50, F|100/100\n|move|p1b: Floette|Dazzling Gleam|p2b: Rotom|[spread] p2a,p2b\n|-damage|p2a: Sinistcha|56/100\n|-damage|p2b: Rotom|37/100\n|move|p2b: Rotom|Hydro Pump|p1a: Farigiraf\n|-damage|p1a: Farigiraf|39/100\n|\n|upkeep\n|turn|5\n|\n|t:|1776298549\n|move|p2b: Rotom|Protect|p2b: Rotom\n|-singleturn|p2b: Rotom|Protect\n|move|p1a: Farigiraf|Psychic|p2a: Sinistcha\n|-damage|p2a: Sinistcha|7/100\n|-enditem|p2a: Sinistcha|Sitrus Berry|[eat]\n|-heal|p2a: Sinistcha|32/100|[from] item: Sitrus Berry\n|move|p2a: Sinistcha|Matcha Gotcha|p1b: Floette|[spread] p1a,p1b\n|-damage|p1a: Farigiraf|14/100\n|-heal|p2a: Sinistcha|48/100|[from] drain|[of] p1a: Farigiraf\n|-damage|p1b: Floette|0 fnt\n|-heal|p2a: Sinistcha|54/100|[from] drain|[of] p1b: Floette\n|faint|p1b: Floette\n|\n|-fieldend|move: Trick Room\n|upkeep\n|\n|t:|1776298557\n|switch|p1b: Sneasler|Sneasler, L50, F|52/100\n|turn|6\n|\n|t:|1776298568\n|move|p1b: Sneasler|Dire Claw|p2a: Sinistcha\n|-damage|p2a: Sinistcha|15/100\n|-status|p2a: Sinistcha|par\n|move|p2b: Rotom|Thunderbolt|p1a: Farigiraf\n|-damage|p1a: Farigiraf|0 fnt\n|faint|p1a: Farigiraf\n|move|p2a: Sinistcha|Matcha Gotcha|p1b: Sneasler\n|-resisted|p1b: Sneasler|1\n|-damage|p1b: Sneasler|34/100\n|-heal|p2a: Sinistcha|24/100 par|[from] drain|[of] p1b: Sneasler\n|\n|upkeep\n|turn|7\n|\n|t:|1776298577\n|cant|p2a: Sinistcha|par\n|move|p1b: Sneasler|Dire Claw|p2a: Sinistcha\n|-damage|p2a: Sinistcha|0 fnt\n|faint|p2a: Sinistcha\n|move|p2b: Rotom|Thunderbolt|p1b: Sneasler\n|-damage|p1b: Sneasler|0 fnt\n|faint|p1b: Sneasler\n|\n|win|starburst48763\n|raw|Blue_leader44's rating: 1320 &rarr; <strong>1303</strong><br />(-17 for losing)\n|raw|starburst48763's rating: 1378 &rarr; <strong>1395</strong><br />(+17 for winning)\n|l|\u2606Blue_leader44\n|player|p1|\n",
  "uploadtime": 1776298591,
  "views": 47,
  "formatid": "gen9championsvgc2026regma",
  "rating": 1303,
  "private": 0,
  "password": null
}