{
  "id": "gen9championsvgc2026regma-2586888900",
  "format": "[Gen 9 Champions] VGC 2026 Reg M-A",
  "players": [
    "ShayCarly",
    "capocchionefresco"
  ],
  "log": "|j|\u2606ShayCarly\n|j|\u2606capocchionefresco\n|t:|1776468832\n|gametype|doubles\n|player|p1|ShayCarly|roxie|1044\n|player|p2|capocchionefresco|102|1034\n|gen|9\n|tier|[Gen 9 Champions] VGC 2026 Reg M-A\n|rated|\n|rule|Species Clause: Limit one of each Pok\u00e9mon\n|rule|Item Clause: Limit 1 of each item\n|clearpoke\n|poke|p1|Weavile, L50, F|\n|poke|p1|Sneasler, L50, F|\n|poke|p1|Zoroark-Hisui, L50, F|\n|poke|p1|Glimmora, L50, F|\n|poke|p1|Meowscarada, L50, F|\n|poke|p1|Whimsicott, L50, F|\n|poke|p2|Slowking-Galar, L50, F|\n|poke|p2|Crabominable, L50, F|\n|poke|p2|Froslass, L50, F|\n|poke|p2|Farigiraf, L50, M|\n|poke|p2|Incineroar, L50, F|\n|poke|p2|Sinistcha-Masterpiece, L50|\n|teampreview|4\n|inactive|Battle timer is ON: inactive players will automatically lose when time's up. (requested by capocchionefresco)\n|inactive|ShayCarly also wants the timer to be on.\n|inactive|ShayCarly has 60 seconds left.\n|\n|t:|1776468874\n|teamsize|p1|4\n|teamsize|p2|4\n|start\n|switch|p1a: Sneasler|Sneasler, L50, F|100/100\n|switch|p1b: Weavile|Weavile, L50, F|100/100\n|switch|p2a: Slowking|Slowking-Galar, L50, F|100/100\n|switch|p2b: Incineroar|Incineroar, L50, F|100/100\n|-ability|p2b: Incineroar|Intimidate|boost\n|-unboost|p1a: Sneasler|atk|1\n|-unboost|p1b: Weavile|atk|1\n|turn|1\n|\n|t:|1776468896\n|move|p2a: Slowking|Protect|p2a: Slowking\n|-singleturn|p2a: Slowking|Protect\n|move|p1b: Weavile|Fake Out|p2b: Incineroar\n|-damage|p2b: Incineroar|91/100\n|cant|p2b: Incineroar|flinch\n|move|p1a: Sneasler|Taunt|p2a: Slowking\n|-activate|p2a: Slowking|move: Protect\n|\n|upkeep\n|turn|2\n|\n|t:|1776468919\n|move|p1b: Weavile|Throat Chop|p2a: Slowking\n|-supereffective|p2a: Slowking|1\n|-damage|p2a: Slowking|47/100\n|-start|p2a: Slowking|Throat Chop|[silent]\n|move|p1a: Sneasler|Nasty Plot|p1a: Sneasler\n|-boost|p1a: Sneasler|spa|2\n|move|p2b: Incineroar|Flare Blitz|p1b: Weavile\n|-supereffective|p1b: Weavile|1\n|-enditem|p1b: Weavile|Occa Berry|[eat]\n|-enditem|p1b: Weavile|Occa Berry|[weaken]\n|-damage|p1b: Weavile|0 fnt\n|faint|p1b: Weavile\n|-damage|p2b: Incineroar|67/100|[from] Recoil\n|move|p2a: Slowking|Trick Room|p2a: Slowking\n|-fieldstart|move: Trick Room|[of] p2a: Slowking\n|\n|upkeep\n|\n|t:|1776468937\n|switch|p1b: Sneasler|Sneasler, L50, F|100/100\n|turn|3\n|inactive|capocchionefresco has 30 seconds left.\n|\n|t:|1776468965\n|move|p1b: Sneasler|Fake Out|p2a: Slowking\n|-damage|p2a: Slowking|33/100\n|-prepare|p2a: Slowking|Chilly Reception|[premajor]\n|cant|p2a: Slowking|flinch\n|move|p2b: Incineroar|Darkest Lariat|p1a: Sneasler\n|-supereffective|p1a: Sneasler|1\n|-enditem|p1a: Sneasler|Focus Sash\n|-damage|p1a: Sneasler|1/100\n|replace|p1a: Zoroark|Zoroark-Hisui, L50, F\n|-end|p1a: Zoroark|Illusion\n|move|p1a: Zoroark|Hyper Voice|p2a: Slowking|[spread] p2a,p2b\n|-crit|p2b: Incineroar\n|-damage|p2a: Slowking|0 fnt\n|-damage|p2b: Incineroar|0 fnt\n|faint|p2a: Slowking\n|faint|p2b: Incineroar\n|\n|upkeep\n|\n|t:|1776468979\n|switch|p2a: Froslass|Froslass, L50, F|100/100\n|switch|p2b: Crabominable|Crabominable, L50, F|100/100\n|turn|4\n|inactive|ShayCarly has 30 seconds left.\n|\n|t:|1776469005\n|detailschange|p2a: Froslass|Froslass-Mega, L50, F\n|-mega|p2a: Froslass|Froslass|Froslassite\n|-weather|Snowscape|[from] ability: Snow Warning|[of] p2a: Froslass\n|move|p1b: Sneasler|Fake Out||[still]\n|-hint|Fake Out only works on your first turn out.\n|-fail|p1b: Sneasler\n|move|p2b: Crabominable|Ice Punch|p1b: Sneasler\n|-damage|p1b: Sneasler|25/100\n|move|p2a: Froslass|Blizzard|p1a: Zoroark|[spread] p1a,p1b\n|-crit|p1b: Sneasler\n|-damage|p1a: Zoroark|0 fnt\n|-damage|p1b: Sneasler|0 fnt\n|faint|p1a: Zoroark\n|faint|p1b: Sneasler\n|\n|-weather|Snowscape|[upkeep]\n|upkeep\n|\n|t:|1776469022\n|switch|p1b: Glimmora|Glimmora, L50, F|100/100\n|turn|5\n|\n|t:|1776469039\n|detailschange|p1b: Glimmora|Glimmora-Mega, L50, F\n|-mega|p1b: Glimmora|Glimmora|Glimmoranite\n|move|p2b: Crabominable|Ice Punch|p1b: Glimmora\n|-damage|p1b: Glimmora|55/100\n|move|p2a: Froslass|Blizzard|p1b: Glimmora\n|-damage|p1b: Glimmora|0 fnt\n|faint|p1b: Glimmora\n|\n|win|capocchionefresco\n|raw|ShayCarly's rating: 1044 &rarr; <strong>1027</strong><br />(-17 for losing)\n|raw|capocchionefresco's rating: 1034 &rarr; <strong>1070</strong><br />(+36 for winning)\n",
  "uploadtime": 1776469051,
  "views": 20,
  "formatid": "gen9championsvgc2026regma",
  "rating": 1027,
  "private": 0,
  "password": null
}