{
  "id": "gen9championsvgc2026regma-2582149380",
  "format": "[Gen 9 Champions] VGC 2026 Reg M-A",
  "players": [
    "CptQuiggley",
    "ADV169"
  ],
  "log": "|j|\u2606CptQuiggley\n|j|\u2606ADV169\n|t:|1776064356\n|gametype|doubles\n|player|p1|CptQuiggley|veteran|1135\n|player|p2|ADV169|lass-gen4|1101\n|gen|9\n|tier|[Gen 9 Champions] VGC 2026 Reg M-A\n|rated|\n|rule|Species Clause: Limit one of each Pok\u00e9mon\n|rule|Item Clause: Limit 1 of each item\n|clearpoke\n|poke|p1|Starmie, L50|\n|poke|p1|Sneasler, L50, M|\n|poke|p1|Milotic, L50, F|\n|poke|p1|Zoroark-Hisui, L50, F|\n|poke|p1|Incineroar, L50, M|\n|poke|p1|Scizor, L50, F|\n|poke|p2|Gardevoir, L50, M|\n|poke|p2|Dragonite, L50, F|\n|poke|p2|Farigiraf, L50, F|\n|poke|p2|Rotom-Wash, L50|\n|poke|p2|Talonflame, L50, F|\n|poke|p2|Meowscarada, L50, F|\n|teampreview|4\n|\n|t:|1776064405\n|teamsize|p1|4\n|teamsize|p2|4\n|start\n|switch|p1a: Milotic|Milotic, L50, F|100/100\n|switch|p1b: Scizor|Scizor, L50, F|100/100\n|switch|p2a: Carcosa|Farigiraf, L50, F|100/100\n|switch|p2b: Dish|Rotom-Wash, L50|100/100\n|turn|1\n|\n|t:|1776064431\n|detailschange|p1b: Scizor|Scizor-Mega, L50, F\n|-mega|p1b: Scizor|Scizor|Scizorite\n|move|p2a: Carcosa|Protect|p2a: Carcosa\n|-singleturn|p2a: Carcosa|Protect\n|move|p2b: Dish|Discharge|p1a: Milotic|[spread] p1a,p1b\n|-activate|p2a: Carcosa|move: Protect\n|-supereffective|p1a: Milotic|1\n|-damage|p1a: Milotic|58/100\n|-damage|p1b: Scizor|72/100\n|-status|p1b: Scizor|par\n|move|p1a: Milotic|Scald|p2a: Carcosa\n|-activate|p2a: Carcosa|move: Protect\n|move|p1b: Scizor|Bug Bite|p2a: Carcosa\n|-activate|p2a: Carcosa|move: Protect\n|\n|-heal|p1a: Milotic|64/100|[from] item: Leftovers\n|upkeep\n|turn|2\n|\n|t:|1776064470\n|move|p2a: Carcosa|Protect|p2a: Carcosa\n|-singleturn|p2a: Carcosa|Protect\n|move|p2b: Dish|Discharge|p1b: Scizor|[spread] p1a,p1b\n|-activate|p2a: Carcosa|move: Protect\n|-supereffective|p1a: Milotic|1\n|-damage|p1a: Milotic|21/100\n|-damage|p1b: Scizor|44/100 par\n|move|p1a: Milotic|Scald|p2a: Carcosa\n|-activate|p2a: Carcosa|move: Protect\n|move|p1b: Scizor|U-turn|p2a: Carcosa\n|-activate|p2a: Carcosa|move: Protect\n|\n|-heal|p1a: Milotic|27/100|[from] item: Leftovers\n|upkeep\n|turn|3\n|\n|t:|1776064499\n|move|p1a: Milotic|Protect|p1a: Milotic\n|-singleturn|p1a: Milotic|Protect\n|move|p2b: Dish|Discharge|p1a: Milotic|[spread] p2a,p1b\n|-activate|p1a: Milotic|move: Protect\n|-damage|p2a: Carcosa|70/100\n|-damage|p1b: Scizor|13/100 par\n|-status|p2a: Carcosa|par\n|move|p1b: Scizor|U-turn|p2a: Carcosa\n|-supereffective|p2a: Carcosa|1\n|-damage|p2a: Carcosa|11/100 par\n|\n|t:|1776064514\n|switch|p1b: Sneasler|Sneasler, L50, M|100/100|[from] U-turn\n|move|p2a: Carcosa|Psychic Terrain|p2a: Carcosa\n|-fieldstart|move: Psychic Terrain\n|\n|-heal|p1a: Milotic|33/100|[from] item: Leftovers\n|-heal|p2a: Carcosa|17/100 par|[from] item: Leftovers\n|upkeep\n|turn|4\n|\n|t:|1776064540\n|move|p2b: Dish|Protect|p2b: Dish\n|-singleturn|p2b: Dish|Protect\n|move|p1b: Sneasler|Hyper Voice|p2b: Dish|[spread] p2a\n|-activate|p2b: Dish|move: Protect\n|-damage|p2a: Carcosa|0 fnt\n|faint|p2a: Carcosa\n|move|p1a: Milotic|Life Dew||[still]|[spread] p1a,p1b\n|-heal|p1a: Milotic|58/100\n|-fail|p1b: Sneasler|heal\n|\n|-heal|p1a: Milotic|64/100|[from] item: Leftovers\n|upkeep\n|\n|t:|1776064549\n|switch|p2a: Monet\u2640\ufe0f|Gardevoir, L50, M|100/100\n|-ability|p2a: Monet\u2640\ufe0f|Competitive|Trace|[from] ability: Trace|[of] p1a: Milotic\n|turn|5\n|\n|t:|1776064575\n|detailschange|p2a: Monet\u2640\ufe0f|Gardevoir-Mega, L50, M\n|-mega|p2a: Monet\u2640\ufe0f|Gardevoir|Gardevoirite\n|move|p2b: Dish|Helping Hand|p2a: Monet\u2640\ufe0f\n|-singleturn|p2a: Monet\u2640\ufe0f|Helping Hand|[of] p2b: Dish\n|move|p1a: Milotic|Protect|p1a: Milotic\n|-singleturn|p1a: Milotic|Protect\n|move|p1b: Sneasler|Shadow Ball|p2a: Monet\u2640\ufe0f\n|-supereffective|p2a: Monet\u2640\ufe0f|1\n|-damage|p2a: Monet\u2640\ufe0f|24/100\n|move|p2a: Monet\u2640\ufe0f|Expanding Force|p1b: Sneasler|[spread] p1b\n|-activate|p1a: Milotic|move: Protect\n|-enditem|p1b: Sneasler|Focus Sash\n|-damage|p1b: Sneasler|1/100\n|replace|p1b: Zoroark|Zoroark-Hisui, L50, F, shiny\n|-end|p1b: Zoroark|Illusion\n|\n|-heal|p1a: Milotic|70/100|[from] item: Leftovers\n|upkeep\n|turn|6\n|\n|t:|1776064616\n|move|p1b: Zoroark|Hyper Voice|p2b: Dish|[spread] p2a,p2b\n|-damage|p2a: Monet\u2640\ufe0f|0 fnt\n|-damage|p2b: Dish|62/100\n|faint|p2a: Monet\u2640\ufe0f\n|move|p2b: Dish|Discharge|p1b: Zoroark|[spread] p1a,p1b\n|-supereffective|p1a: Milotic|1\n|-damage|p1a: Milotic|31/100\n|-damage|p1b: Zoroark|0 fnt\n|faint|p1b: Zoroark\n|move|p1a: Milotic|Life Dew|p1a: Milotic\n|-heal|p1a: Milotic|56/100\n|\n|-heal|p1a: Milotic|62/100|[from] item: Leftovers\n|upkeep\n|\n|t:|1776064630\n|switch|p1b: Sneasler|Sneasler, L50, M|100/100\n|switch|p2a: Catnabis|Meowscarada, L50, F|100/100\n|turn|7\n|\n|t:|1776064648\n|move|p1b: Sneasler|Fake Out|p2b: Dish\n|-hint|Psychic Terrain doesn't affect airborne Pok\u00e9mon.\n|-damage|p2b: Dish|47/100\n|move|p2a: Catnabis|Shadow Claw|p1b: Sneasler\n|-start|p2a: Catnabis|typechange|Ghost|[from] ability: Protean\n|-damage|p1b: Sneasler|47/100\n|cant|p2b: Dish|flinch\n|move|p1a: Milotic|Ice Beam|p2a: Catnabis\n|-damage|p2a: Catnabis|65/100\n|\n|-heal|p1a: Milotic|68/100|[from] item: Leftovers\n|-fieldend|move: Psychic Terrain\n|upkeep\n|turn|8\n|\n|t:|1776064674\n|move|p2a: Catnabis|Flower Trick|p1a: Milotic\n|-supereffective|p1a: Milotic|1\n|-crit|p1a: Milotic\n|-damage|p1a: Milotic|2/100\n|move|p1b: Sneasler|Dire Claw|p2a: Catnabis\n|-resisted|p2a: Catnabis|1\n|-damage|p2a: Catnabis|35/100\n|move|p2b: Dish|Hydro Pump|p1b: Sneasler\n|-damage|p1b: Sneasler|0 fnt\n|faint|p1b: Sneasler\n|move|p1a: Milotic|Life Dew|p1a: Milotic\n|-heal|p1a: Milotic|28/100\n|\n|-heal|p1a: Milotic|34/100|[from] item: Leftovers\n|upkeep\n|\n|t:|1776064688\n|switch|p1b: Scizor|Scizor-Mega, L50, F|13/100 par\n|turn|9\n|\n|t:|1776064696\n|move|p1a: Milotic|Protect|p1a: Milotic\n|-singleturn|p1a: Milotic|Protect\n|move|p1b: Scizor|Bullet Punch|p2a: Catnabis\n|-damage|p2a: Catnabis|0 fnt\n|faint|p2a: Catnabis\n|move|p2b: Dish|Discharge|p1a: Milotic|[spread] p1b\n|-activate|p1a: Milotic|move: Protect\n|-damage|p1b: Scizor|0 fnt\n|faint|p1b: Scizor\n|\n|-heal|p1a: Milotic|40/100|[from] item: Leftovers\n|upkeep\n|turn|10\n|\n|t:|1776064712\n|move|p2b: Dish|Discharge|p1a: Milotic\n|-supereffective|p1a: Milotic|1\n|-damage|p1a: Milotic|0 fnt\n|faint|p1a: Milotic\n|\n|win|ADV169\n|raw|CptQuiggley's rating: 1135 &rarr; <strong>1108</strong><br />(-27 for losing)\n|raw|ADV169's rating: 1101 &rarr; <strong>1128</strong><br />(+27 for winning)\n|c|\u2606ADV169|Gg\n|l|\u2606CptQuiggley\n|player|p1|\n",
  "uploadtime": 1776064883,
  "views": 13,
  "formatid": "gen9championsvgc2026regma",
  "rating": 1108,
  "private": 0,
  "password": null
}