{
  "id": "gen9championsvgc2026regma-2587986592",
  "format": "[Gen 9 Champions] VGC 2026 Reg M-A",
  "players": [
    "Ignacio96",
    "TanoTrainer"
  ],
  "log": "|j|\u2606Ignacio96\n|j|\u2606TanoTrainer\n|t:|1776589042\n|gametype|doubles\n|player|p1|Ignacio96|102|1068\n|player|p2|TanoTrainer|cyclist-gen4|1050\n|gen|9\n|tier|[Gen 9 Champions] VGC 2026 Reg M-A\n|rated|\n|rule|Species Clause: Limit one of each Pok\u00e9mon\n|rule|Item Clause: Limit 1 of each item\n|clearpoke\n|poke|p1|Scovillain, L50, F|\n|poke|p1|Sneasler, L50, F|\n|poke|p1|Basculegion, L50, M|\n|poke|p1|Aerodactyl, L50, M|\n|poke|p1|Typhlosion-Hisui, L50, F|\n|poke|p1|Scizor, L50, M|\n|poke|p2|Scizor, L50, M|\n|poke|p2|Whimsicott, L50, F|\n|poke|p2|Aegislash, L50, M|\n|poke|p2|Clefable, L50, M|\n|poke|p2|Azumarill, L50, F|\n|poke|p2|Gyarados, L50, M|\n|teampreview|4\n|inactive|Battle timer is ON: inactive players will automatically lose when time's up. (requested by Ignacio96)\n|\n|t:|1776589059\n|teamsize|p1|4\n|teamsize|p2|4\n|start\n|switch|p1a: Scovillain|Scovillain, L50, F|100/100\n|switch|p1b: Aerodactyl|Aerodactyl, L50, M|100/100\n|switch|p2a: Whimsicott|Whimsicott, L50, F|100/100\n|switch|p2b: Azumarill|Azumarill, L50, F|100/100\n|-ability|p1b: Aerodactyl|Unnerve\n|turn|1\n|\n|t:|1776589078\n|detailschange|p1a: Scovillain|Scovillain-Mega, L50, F\n|-mega|p1a: Scovillain|Scovillain|Scovillainite\n|move|p2a: Whimsicott|Tailwind|p2a: Whimsicott\n|-sidestart|p2: TanoTrainer|move: Tailwind\n|move|p2b: Azumarill|Aqua Jet|p1b: Aerodactyl\n|-supereffective|p1b: Aerodactyl|1\n|-damage|p1b: Aerodactyl|20/100\n|move|p1b: Aerodactyl|Tailwind|p1b: Aerodactyl\n|-sidestart|p1: Ignacio96|move: Tailwind\n|move|p1a: Scovillain|Leech Seed|p2b: Azumarill\n|-start|p2b: Azumarill|move: Leech Seed\n|\n|-damage|p2b: Azumarill|88/100|[from] Leech Seed|[of] p1a: Scovillain\n|upkeep\n|turn|2\n|inactive|Ignacio96 has 30 seconds left.\n|\n|t:|1776589106\n|move|p1b: Aerodactyl|Protect|p1b: Aerodactyl\n|-singleturn|p1b: Aerodactyl|Protect\n|move|p2a: Whimsicott|Encore|p1a: Scovillain\n|-start|p1a: Scovillain|Encore\n|move|p2b: Azumarill|Aqua Jet|p1b: Aerodactyl\n|-activate|p1b: Aerodactyl|move: Protect\n|move|p1a: Scovillain|Leech Seed|p2a: Whimsicott\n|-immune|p2a: Whimsicott\n|\n|-damage|p2b: Azumarill|76/100|[from] Leech Seed|[of] p1a: Scovillain\n|upkeep\n|turn|3\n|inactive|TanoTrainer has 30 seconds left.\n|\n|t:|1776589133\n|switch|p1b: Basculegion|Basculegion, L50, M|100/100\n|move|p2b: Azumarill|Protect|p2b: Azumarill\n|-singleturn|p2b: Azumarill|Protect\n|move|p2a: Whimsicott|Moonblast|p1b: Basculegion\n|-damage|p1b: Basculegion|72/100\n|move|p1a: Scovillain|Leech Seed|p2b: Azumarill\n|-activate|p2b: Azumarill|move: Protect\n|\n|-damage|p2b: Azumarill|64/100|[from] Leech Seed|[of] p1a: Scovillain\n|upkeep\n|turn|4\n|inactive|TanoTrainer has 30 seconds left.\n|\n|t:|1776589164\n|switch|p2b: Gyarados|Gyarados, L50, M|100/100\n|-ability|p2b: Gyarados|Intimidate|boost\n|-unboost|p1a: Scovillain|atk|1\n|-unboost|p1b: Basculegion|atk|1\n|move|p2a: Whimsicott|Moonblast|p1b: Basculegion\n|-damage|p1b: Basculegion|46/100\n|-unboost|p1b: Basculegion|spa|1\n|-enditem|p1b: Basculegion|Sitrus Berry|[eat]\n|-heal|p1b: Basculegion|71/100|[from] item: Sitrus Berry\n|move|p1b: Basculegion|Last Respects|p2a: Whimsicott\n|-damage|p2a: Whimsicott|74/100\n|move|p1a: Scovillain|Leech Seed|p2a: Whimsicott\n|-immune|p2a: Whimsicott\n|\n|-end|p1a: Scovillain|Encore\n|-sideend|p1: Ignacio96|move: Tailwind\n|-sideend|p2: TanoTrainer|move: Tailwind\n|upkeep\n|turn|5\n|inactive|TanoTrainer has 30 seconds left.\n|\n|t:|1776589197\n|switch|p1b: Aerodactyl|Aerodactyl, L50, M|20/100\n|-ability|p1b: Aerodactyl|Unnerve\n|detailschange|p2b: Gyarados|Gyarados-Mega, L50, M\n|-mega|p2b: Gyarados|Gyarados|Gyaradosite\n|-ability|p2b: Gyarados|Mold Breaker\n|move|p2a: Whimsicott|Tailwind|p2a: Whimsicott\n|-sidestart|p2: TanoTrainer|move: Tailwind\n|move|p2b: Gyarados|Waterfall|p1a: Scovillain\n|-damage|p1a: Scovillain|51/100\n|-status|p2b: Gyarados|brn|[from] ability: Spicy Spray|[of] p1a: Scovillain\n|cant|p1a: Scovillain|flinch\n|\n|-damage|p2b: Gyarados|95/100 brn|[from] brn\n|upkeep\n|turn|6\n|inactive|TanoTrainer has 30 seconds left.\n|\n|t:|1776589222\n|move|p2a: Whimsicott|Moonblast|p1b: Aerodactyl\n|-damage|p1b: Aerodactyl|0 fnt\n|faint|p1b: Aerodactyl\n|move|p2b: Gyarados|Waterfall|p1a: Scovillain\n|-damage|p1a: Scovillain|28/100\n|move|p1a: Scovillain|Leech Seed|p2b: Gyarados\n|-start|p2b: Gyarados|move: Leech Seed\n|\n|-damage|p2b: Gyarados|82/100 brn|[from] Leech Seed|[of] p1a: Scovillain\n|-heal|p1a: Scovillain|40/100|[silent]\n|-damage|p2b: Gyarados|76/100 brn|[from] brn\n|upkeep\n|\n|t:|1776589236\n|switch|p1b: Basculegion|Basculegion, L50, M|71/100\n|turn|7\n|\n|t:|1776589259\n|move|p2a: Whimsicott|Protect|p2a: Whimsicott\n|-singleturn|p2a: Whimsicott|Protect\n|move|p1b: Basculegion|Protect|p1b: Basculegion\n|-singleturn|p1b: Basculegion|Protect\n|move|p1a: Scovillain|Protect|p1a: Scovillain\n|-singleturn|p1a: Scovillain|Protect\n|move|p2b: Gyarados|Earthquake|p1a: Scovillain|[spread] \n|-activate|p2a: Whimsicott|move: Protect\n|-activate|p1a: Scovillain|move: Protect\n|-activate|p1b: Basculegion|move: Protect\n|\n|-damage|p2b: Gyarados|64/100 brn|[from] Leech Seed|[of] p1a: Scovillain\n|-heal|p1a: Scovillain|52/100|[silent]\n|-damage|p2b: Gyarados|58/100 brn|[from] brn\n|upkeep\n|turn|8\n|inactive|TanoTrainer has 30 seconds left.\n|\n|t:|1776589285\n|switch|p2b: Azumarill|Azumarill, L50, F|64/100\n|move|p2a: Whimsicott|Encore|p1b: Basculegion\n|-start|p1b: Basculegion|Encore\n|move|p1b: Basculegion|Protect||[still]\n|-fail|p1b: Basculegion\n|move|p1a: Scovillain|Leech Seed|p2b: Azumarill\n|-start|p2b: Azumarill|move: Leech Seed\n|\n|-damage|p2b: Azumarill|52/100|[from] Leech Seed|[of] p1a: Scovillain\n|-heal|p1a: Scovillain|67/100|[silent]\n|-sideend|p2: TanoTrainer|move: Tailwind\n|upkeep\n|turn|9\n|\n|t:|1776589307\n|move|p1b: Basculegion|Protect|p1b: Basculegion\n|-singleturn|p1b: Basculegion|Protect\n|move|p2a: Whimsicott|Encore|p1a: Scovillain\n|-start|p1a: Scovillain|Encore\n|move|p1a: Scovillain|Leech Seed|p2a: Whimsicott\n|-immune|p2a: Whimsicott\n|move|p2b: Azumarill|Belly Drum|p2b: Azumarill\n|-damage|p2b: Azumarill|2/100\n|-setboost|p2b: Azumarill|atk|6|[from] move: Belly Drum\n|-enditem|p2b: Azumarill|Sitrus Berry|[eat]\n|-heal|p2b: Azumarill|27/100|[from] item: Sitrus Berry\n|\n|-damage|p2b: Azumarill|15/100|[from] Leech Seed|[of] p1a: Scovillain\n|-heal|p1a: Scovillain|81/100|[silent]\n|upkeep\n|turn|10\n|\n|t:|1776589332\n|move|p1b: Basculegion|Protect||[still]\n|-fail|p1b: Basculegion\n|move|p2b: Azumarill|Aqua Jet|p1a: Scovillain\n|-damage|p1a: Scovillain|0 fnt\n|-status|p2b: Azumarill|brn|[from] ability: Spicy Spray|[of] p1a: Scovillain\n|faint|p1a: Scovillain\n|move|p2a: Whimsicott|Moonblast|p1b: Basculegion\n|-damage|p1b: Basculegion|41/100\n|\n|-damage|p2b: Azumarill|9/100 brn|[from] brn\n|-end|p1b: Basculegion|Encore\n|upkeep\n|\n|t:|1776589345\n|switch|p1a: Typhlosion|Typhlosion-Hisui, L50, F|100/100\n|-item|p2a: Whimsicott|Focus Sash|[from] ability: Frisk|[of] p1a: Typhlosion\n|turn|11\n|\n|t:|1776589353\n|move|p2a: Whimsicott|Tailwind|p2a: Whimsicott\n|-sidestart|p2: TanoTrainer|move: Tailwind\n|move|p2b: Azumarill|Aqua Jet|p1a: Typhlosion\n|-supereffective|p1a: Typhlosion|1\n|-damage|p1a: Typhlosion|0 fnt\n|faint|p1a: Typhlosion\n|move|p1b: Basculegion|Aqua Jet|p2b: Azumarill\n|-resisted|p2b: Azumarill|1\n|-damage|p2b: Azumarill|0 fnt\n|faint|p2b: Azumarill\n|\n|upkeep\n|\n|t:|1776589363\n|switch|p2b: Gyarados|Gyarados-Mega, L50, M|58/100 brn\n|-ability|p2b: Gyarados|Mold Breaker\n|turn|12\n|c|\u2606Ignacio96|Fucking noob\n|-message|Ignacio96 forfeited.\n|\n|win|TanoTrainer\n",
  "uploadtime": 1776589365,
  "views": 8,
  "formatid": "gen9championsvgc2026regma",
  "rating": null,
  "private": 0,
  "password": null
}