{
  "id": "gen9championsvgc2026regma-2585485878",
  "format": "[Gen 9 Champions] VGC 2026 Reg M-A",
  "players": [
    "Lekky42",
    "Cloaph"
  ],
  "log": "|j|\u2606Lekky42\n|j|\u2606Cloaph\n|t:|1776350735\n|gametype|doubles\n|player|p1|Lekky42|ghetsis|1134\n|player|p2|Cloaph|miku-ground|1141\n|gen|9\n|tier|[Gen 9 Champions] VGC 2026 Reg M-A\n|rated|\n|rule|Species Clause: Limit one of each Pok\u00e9mon\n|rule|Item Clause: Limit 1 of each item\n|clearpoke\n|poke|p1|Meowstic, L50, M|\n|poke|p1|Gardevoir, L50, F|\n|poke|p1|Hatterene, L50, F|\n|poke|p1|Armarouge, L50, F|\n|poke|p1|Espathra, L50, F|\n|poke|p1|Whimsicott, L50, F|\n|poke|p2|Armarouge, L50, F|\n|poke|p2|Farigiraf, L50, M|\n|poke|p2|Hawlucha, L50, F|\n|poke|p2|Whimsicott, L50, F|\n|poke|p2|Kingambit, L50, M|\n|poke|p2|Tyranitar, L50, M|\n|teampreview|4\n|\n|t:|1776350791\n|teamsize|p1|4\n|teamsize|p2|4\n|start\n|switch|p1a: Trailer|Whimsicott, L50, F, shiny|100/100\n|switch|p1b: Bella|Gardevoir, L50, F, shiny|100/100\n|switch|p2a: Farigiraf|Farigiraf, L50, M|100/100\n|switch|p2b: Armarouge|Armarouge, L50, F|100/100\n|-ability|p1b: Bella|Flash Fire|Trace|[from] ability: Trace|[of] p2b: Armarouge\n|turn|1\n|\n|t:|1776350827\n|detailschange|p1b: Bella|Gardevoir-Mega, L50, F, shiny\n|-mega|p1b: Bella|Gardevoir|Gardevoirite\n|move|p1a: Trailer|Energy Ball|p2a: Farigiraf\n|-damage|p2a: Farigiraf|74/100\n|move|p1b: Bella|Aura Sphere|p2a: Farigiraf\n|-damage|p2a: Farigiraf|42/100\n|move|p2b: Armarouge|Armor Cannon|p1a: Trailer\n|-supereffective|p1a: Trailer|1\n|-damage|p1a: Trailer|0 fnt\n|-unboost|p2b: Armarouge|def|1\n|-unboost|p2b: Armarouge|spd|1\n|faint|p1a: Trailer\n|move|p2a: Farigiraf|Psychic Terrain|p2a: Farigiraf\n|-fieldstart|move: Psychic Terrain\n|\n|upkeep\n|\n|t:|1776350849\n|switch|p1a: Pistachio|Armarouge, L50, F|100/100\n|turn|2\n|\n|t:|1776350865\n|move|p2b: Armarouge|Protect|p2b: Armarouge\n|-singleturn|p2b: Armarouge|Protect\n|move|p1a: Pistachio|Expanding Force|p2a: Farigiraf|[spread] p2a\n|-activate|p2b: Armarouge|move: Protect\n|-resisted|p2a: Farigiraf|1\n|-damage|p2a: Farigiraf|10/100\n|move|p1b: Bella|Hyper Voice|p2a: Farigiraf|[spread] p2a\n|-activate|p2b: Armarouge|move: Protect\n|-damage|p2a: Farigiraf|0 fnt\n|faint|p2a: Farigiraf\n|\n|upkeep\n|\n|t:|1776350878\n|switch|p2a: Kingambit|Kingambit, L50, M, shiny|100/100\n|turn|3\n|\n|t:|1776350899\n|switch|p1a: Elvira|Hatterene, L50, F, shiny|100/100\n|move|p2a: Kingambit|Sucker Punch||[still]\n|-fail|p2a: Kingambit\n|move|p1b: Bella|Aura Sphere|p2a: Kingambit\n|-supereffective|p2a: Kingambit|2\n|-crit|p2a: Kingambit\n|-damage|p2a: Kingambit|0 fnt\n|faint|p2a: Kingambit\n|move|p2b: Armarouge|Armor Cannon|p1b: Bella\n|-damage|p1b: Bella|54/100\n|-unboost|p2b: Armarouge|def|1\n|-unboost|p2b: Armarouge|spd|1\n|\n|upkeep\n|\n|t:|1776350908\n|switch|p2a: Hawlucha|Hawlucha, L50, F|100/100\n|-ability|p2a: Hawlucha|Mold Breaker\n|turn|4\n|\n|t:|1776350922\n|detailschange|p2a: Hawlucha|Hawlucha-Mega, L50, F\n|-mega|p2a: Hawlucha|Hawlucha|Hawluchanite\n|move|p2a: Hawlucha|Rock Slide|p1b: Bella|[spread] p1a,p1b\n|-crit|p1a: Elvira\n|-damage|p1a: Elvira|59/100\n|-damage|p1b: Bella|23/100\n|cant|p1b: Bella|flinch\n|move|p2b: Armarouge|Armor Cannon|p1b: Bella\n|-damage|p1b: Bella|0 fnt\n|-unboost|p2b: Armarouge|def|1\n|-unboost|p2b: Armarouge|spd|1\n|faint|p1b: Bella\n|move|p1a: Elvira|Expanding Force|p2b: Armarouge|[spread] p2a,p2b\n|-supereffective|p2a: Hawlucha|1\n|-resisted|p2b: Armarouge|1\n|-damage|p2a: Hawlucha|0 fnt\n|-damage|p2b: Armarouge|4/100\n|faint|p2a: Hawlucha\n|\n|upkeep\n|\n|t:|1776350940\n|switch|p1b: Pistachio|Armarouge, L50, F|100/100\n|turn|5\n|\n|t:|1776350955\n|move|p2b: Armarouge|Protect|p2b: Armarouge\n|-singleturn|p2b: Armarouge|Protect\n|move|p1b: Pistachio|Armor Cannon|p2b: Armarouge\n|-activate|p2b: Armarouge|move: Protect\n|move|p1a: Elvira|Expanding Force|p2b: Armarouge\n|-activate|p2b: Armarouge|move: Protect\n|\n|-fieldend|move: Psychic Terrain\n|upkeep\n|turn|6\n|\n|t:|1776350980\n|move|p1b: Pistachio|Armor Cannon|p2b: Armarouge\n|-start|p2b: Armarouge|ability: Flash Fire\n|move|p2b: Armarouge|Armor Cannon|p1a: Elvira\n|-damage|p1a: Elvira|0 fnt\n|-unboost|p2b: Armarouge|def|1\n|-unboost|p2b: Armarouge|spd|1\n|faint|p1a: Elvira\n|\n|upkeep\n|turn|7\n|c|\u2606Lekky42|wow I might actually be stupid\n|\n|t:|1776350998\n|move|p2b: Armarouge|Protect|p2b: Armarouge\n|-singleturn|p2b: Armarouge|Protect\n|move|p1b: Pistachio|Armor Cannon|p2b: Armarouge\n|-activate|p2b: Armarouge|move: Protect\n|\n|upkeep\n|turn|8\n|c|\u2606Cloaph|Wait\n|c|\u2606Cloaph|Are you banded or something\n|c|\u2606Lekky42|Im scarfed yeah\n|c|\u2606Cloaph|Wait youre not\n|\n|t:|1776351041\n|move|p1b: Pistachio|Armor Cannon|p2b: Armarouge\n|-immune|p2b: Armarouge|[from] ability: Flash Fire\n|move|p2b: Armarouge|Expanding Force|p1b: Pistachio\n|-resisted|p1b: Pistachio|1\n|-damage|p1b: Pistachio|71/100\n|\n|upkeep\n|turn|9\n|c|\u2606Lekky42|okay bro\n|c|\u2606Cloaph|Didnt think you were\n|\n|t:|1776351065\n|move|p1b: Pistachio|Armor Cannon|p2b: Armarouge\n|-immune|p2b: Armarouge|[from] ability: Flash Fire\n|move|p2b: Armarouge|Expanding Force|p1b: Pistachio\n|-resisted|p1b: Pistachio|1\n|-damage|p1b: Pistachio|42/100\n|\n|upkeep\n|turn|10\n|\n|t:|1776351073\n|move|p1b: Pistachio|Armor Cannon|p2b: Armarouge\n|-immune|p2b: Armarouge|[from] ability: Flash Fire\n|move|p2b: Armarouge|Expanding Force|p1b: Pistachio\n|-resisted|p1b: Pistachio|1\n|-damage|p1b: Pistachio|12/100\n|\n|upkeep\n|turn|11\n|\n|t:|1776351083\n|move|p1b: Pistachio|Armor Cannon|p2b: Armarouge\n|-immune|p2b: Armarouge|[from] ability: Flash Fire\n|move|p2b: Armarouge|Expanding Force|p1b: Pistachio\n|-resisted|p1b: Pistachio|1\n|-damage|p1b: Pistachio|0 fnt\n|faint|p1b: Pistachio\n|\n|win|Cloaph\n|raw|Lekky42's rating: 1134 &rarr; <strong>1110</strong><br />(-24 for losing)\n|raw|Cloaph's rating: 1141 &rarr; <strong>1165</strong><br />(+24 for winning)\n|c|\u2606Lekky42|what a throw\n",
  "uploadtime": 1776351092,
  "views": 32,
  "formatid": "gen9championsvgc2026regma",
  "rating": 1110,
  "private": 0,
  "password": null
}