{
  "id": "gen9championsvgc2026regma-2587941218",
  "format": "[Gen 9 Champions] VGC 2026 Reg M-A",
  "players": [
    "dkapflzksh",
    "roykeenkennedy"
  ],
  "log": "|j|\u2606dkapflzksh\n|j|\u2606roykeenkennedy\n|t:|1776582253\n|gametype|doubles\n|player|p1|dkapflzksh|scientist-gen4dp|1536\n|player|p2|roykeenkennedy|102|1594\n|gen|9\n|tier|[Gen 9 Champions] VGC 2026 Reg M-A\n|rated|\n|rule|Species Clause: Limit one of each Pok\u00e9mon\n|rule|Item Clause: Limit 1 of each item\n|clearpoke\n|poke|p1|Basculegion, L50, M, shiny|\n|poke|p1|Dragonite, L50, M, shiny|\n|poke|p1|Archaludon, L50, M, shiny|\n|poke|p1|Pelipper, L50, M, shiny|\n|poke|p1|Floette-Eternal, L50, F|\n|poke|p1|Kingambit, L50, F, shiny|\n|poke|p2|Sableye, L50, F|\n|poke|p2|Sinistcha, L50|\n|poke|p2|Archaludon, L50, F|\n|poke|p2|Basculegion, L50, M|\n|poke|p2|Aerodactyl, L50, F|\n|poke|p2|Venusaur, L50, F|\n|teampreview|4\n|inactive|Battle timer is ON: inactive players will automatically lose when time's up. (requested by dkapflzksh)\n|\n|t:|1776582318\n|teamsize|p1|4\n|teamsize|p2|4\n|start\n|switch|p1a: Pelipper|Pelipper, L50, M, shiny|100/100\n|switch|p1b: Basculegion|Basculegion, L50, M, shiny|100/100\n|switch|p2a: Aerodactyl|Aerodactyl, L50, F|100/100\n|switch|p2b: Venusaur|Venusaur, L50, F|100/100\n|-ability|p2a: Aerodactyl|Unnerve\n|-weather|RainDance|[from] ability: Drizzle|[of] p1a: Pelipper\n|turn|1\n|inactive|dkapflzksh has 30 seconds left.\n|inactive|roykeenkennedy has 30 seconds left.\n|inactive|dkapflzksh has 20 seconds left.\n|\n|t:|1776582357\n|switch|p2b: Archaludon|Archaludon, L50, F|100/100\n|detailschange|p2a: Aerodactyl|Aerodactyl-Mega, L50, F\n|-mega|p2a: Aerodactyl|Aerodactyl|Aerodactylite\n|move|p1b: Basculegion|Aqua Jet|p2a: Aerodactyl\n|-supereffective|p2a: Aerodactyl|1\n|-damage|p2a: Aerodactyl|0 fnt\n|faint|p2a: Aerodactyl\n|move|p1a: Pelipper|Weather Ball|p2b: Archaludon\n|-resisted|p2b: Archaludon|1\n|-damage|p2b: Archaludon|71/100\n|-ability|p2b: Archaludon|Stamina|boost\n|-boost|p2b: Archaludon|def|1\n|\n|-weather|RainDance|[upkeep]\n|upkeep\n|\n|t:|1776582372\n|switch|p2a: Venusaur|Venusaur, L50, F|100/100\n|turn|2\n|\n|t:|1776582387\n|switch|p1b: Archaludon|Archaludon, L50, M, shiny|100/100\n|move|p1a: Pelipper|Tailwind|p1a: Pelipper\n|-sidestart|p1: dkapflzksh|move: Tailwind\n|move|p2b: Archaludon|Electro Shot||[still]\n|-prepare|p2b: Archaludon|Electro Shot\n|-boost|p2b: Archaludon|spa|1\n|-anim|p2b: Archaludon|Electro Shot|p1b: Archaludon\n|-resisted|p1b: Archaludon|1\n|-damage|p1b: Archaludon|71/100\n|-ability|p1b: Archaludon|Stamina|boost\n|-boost|p1b: Archaludon|def|1\n|move|p2a: Venusaur|Sludge Wave|p1b: Archaludon|[spread] p1a\n|-immune|p2b: Archaludon\n|-immune|p1b: Archaludon\n|-damage|p1a: Pelipper|59/100\n|\n|-weather|RainDance|[upkeep]\n|-heal|p1b: Archaludon|77/100|[from] item: Leftovers\n|upkeep\n|turn|3\n|\n|t:|1776582412\n|move|p1a: Pelipper|Hurricane|p2a: Venusaur\n|-supereffective|p2a: Venusaur|1\n|-damage|p2a: Venusaur|30/100\n|move|p1b: Archaludon|Aura Sphere|p2b: Archaludon\n|-supereffective|p2b: Archaludon|1\n|-damage|p2b: Archaludon|16/100\n|-ability|p2b: Archaludon|Stamina|boost\n|-boost|p2b: Archaludon|def|1\n|-enditem|p2b: Archaludon|Sitrus Berry|[eat]\n|-heal|p2b: Archaludon|41/100|[from] item: Sitrus Berry\n|move|p2b: Archaludon|Electro Shot||[still]\n|-prepare|p2b: Archaludon|Electro Shot\n|-boost|p2b: Archaludon|spa|1\n|-anim|p2b: Archaludon|Electro Shot|p1a: Pelipper\n|-supereffective|p1a: Pelipper|2\n|-damage|p1a: Pelipper|0 fnt\n|faint|p1a: Pelipper\n|move|p2a: Venusaur|Leech Seed|p1b: Archaludon\n|-start|p1b: Archaludon|move: Leech Seed\n|\n|-weather|RainDance|[upkeep]\n|-heal|p1b: Archaludon|83/100|[from] item: Leftovers\n|-damage|p1b: Archaludon|71/100|[from] Leech Seed|[of] p2a: Venusaur\n|-heal|p2a: Venusaur|43/100|[silent]\n|upkeep\n|\n|t:|1776582429\n|switch|p1a: Dragonite|Dragonite, L50, M, shiny|100/100\n|turn|4\n|\n|t:|1776582450\n|switch|p2b: Basculegion|Basculegion, L50, M|100/100\n|detailschange|p1a: Dragonite|Dragonite-Mega, L50, M, shiny\n|-mega|p1a: Dragonite|Dragonite|Dragoninite\n|move|p2a: Venusaur|Protect|p2a: Venusaur\n|-singleturn|p2a: Venusaur|Protect\n|move|p1a: Dragonite|Hurricane|p2a: Venusaur\n|-activate|p2a: Venusaur|move: Protect\n|move|p1b: Archaludon|Aura Sphere|p2b: Basculegion\n|-immune|p2b: Basculegion\n|\n|-weather|RainDance|[upkeep]\n|-heal|p1b: Archaludon|77/100|[from] item: Leftovers\n|-damage|p1b: Archaludon|65/100|[from] Leech Seed|[of] p2a: Venusaur\n|-heal|p2a: Venusaur|56/100|[silent]\n|upkeep\n|turn|5\n|inactive|roykeenkennedy has 30 seconds left.\n|\n|t:|1776582481\n|switch|p2b: Archaludon|Archaludon, L50, F|41/100\n|move|p1a: Dragonite|Hurricane|p2a: Venusaur\n|-supereffective|p2a: Venusaur|1\n|-damage|p2a: Venusaur|0 fnt\n|faint|p2a: Venusaur\n|move|p1b: Archaludon|Electro Shot||[still]\n|-prepare|p1b: Archaludon|Electro Shot\n|-boost|p1b: Archaludon|spa|1\n|-anim|p1b: Archaludon|Electro Shot|p2b: Archaludon\n|-resisted|p2b: Archaludon|1\n|-crit|p2b: Archaludon\n|-damage|p2b: Archaludon|0 fnt\n|faint|p2b: Archaludon\n|\n|-weather|none\n|-heal|p1b: Archaludon|71/100|[from] item: Leftovers\n|-sideend|p1: dkapflzksh|move: Tailwind\n|upkeep\n|-message|roykeenkennedy forfeited.\n|\n|win|dkapflzksh\n|raw|dkapflzksh's rating: 1536 &rarr; <strong>1559</strong><br />(+23 for winning)\n|raw|roykeenkennedy's rating: 1594 &rarr; <strong>1571</strong><br />(-23 for losing)\n|l|\u2606roykeenkennedy\n|player|p2|\n|l|\u2606dkapflzksh\n|player|p1|\n",
  "uploadtime": 1776582501,
  "views": 24,
  "formatid": "gen9championsvgc2026regma",
  "rating": 1559,
  "private": 0,
  "password": null
}