{
  "id": "gen9championsvgc2026regma-2583852869",
  "format": "[Gen 9 Champions] VGC 2026 Reg M-A",
  "players": [
    "songfulprince",
    "lukelby"
  ],
  "log": "|j|\u2606songfulprince\n|j|\u2606lukelby\n|t:|1776202795\n|gametype|doubles\n|player|p1|songfulprince|102|1142\n|player|p2|lukelby|hiker-gen4|1224\n|gen|9\n|tier|[Gen 9 Champions] VGC 2026 Reg M-A\n|rated|\n|rule|Species Clause: Limit one of each Pok\u00e9mon\n|rule|Item Clause: Limit 1 of each item\n|clearpoke\n|poke|p1|Dragapult, L50, F|\n|poke|p1|Incineroar, L50, F|\n|poke|p1|Lucario, L50, F|\n|poke|p1|Clefable, L50, M|\n|poke|p1|Rotom-Wash, L50|\n|poke|p1|Aerodactyl, L50, M|\n|poke|p2|Ninetales-Alola, L50, F|\n|poke|p2|Sinistcha, L50|\n|poke|p2|Crabominable, L50, F|\n|poke|p2|Incineroar, L50, M|\n|poke|p2|Farigiraf, L50, M|\n|poke|p2|Glimmora, L50, M|\n|teampreview|4\n|inactive|Battle timer is ON: inactive players will automatically lose when time's up. (requested by songfulprince)\n|\n|t:|1776202825\n|teamsize|p1|4\n|teamsize|p2|4\n|start\n|switch|p1a: Aerodactyl|Aerodactyl, L50, M|100/100\n|switch|p1b: Dragapult|Dragapult, L50, F|100/100\n|switch|p2a: miinnie|Ninetales-Alola, L50, F|100/100\n|switch|p2b: Farigiraf|Farigiraf, L50, M|100/100\n|-ability|p1a: Aerodactyl|Unnerve\n|-weather|Snowscape|[from] ability: Snow Warning|[of] p2a: miinnie\n|turn|1\n|\n|t:|1776202842\n|switch|p1b: Incineroar|Incineroar, L50, F|100/100\n|-ability|p1b: Incineroar|Intimidate|boost\n|-unboost|p2a: miinnie|atk|1\n|-unboost|p2b: Farigiraf|atk|1\n|move|p1a: Aerodactyl|Rock Slide|p2a: miinnie|[spread] p2a,p2b\n|-supereffective|p2a: miinnie|1\n|-damage|p2a: miinnie|59/100\n|-damage|p2b: Farigiraf|76/100\n|cant|p2a: miinnie|flinch\n|cant|p2b: Farigiraf|flinch\n|\n|-weather|Snowscape|[upkeep]\n|upkeep\n|turn|2\n|\n|t:|1776202866\n|switch|p2b: mimmer|Incineroar, L50, M|100/100\n|-ability|p2b: mimmer|Intimidate|boost\n|-unboost|p1a: Aerodactyl|atk|1\n|-unboost|p1b: Incineroar|atk|1\n|move|p1a: Aerodactyl|Rock Slide|p2b: mimmer|[spread] p2a,p2b\n|-supereffective|p2a: miinnie|1\n|-supereffective|p2b: mimmer|1\n|-damage|p2a: miinnie|32/100\n|-damage|p2b: mimmer|68/100\n|move|p2a: miinnie|Aurora Veil|p2a: miinnie\n|-sidestart|p2: lukelby|move: Aurora Veil\n|move|p1b: Incineroar|Flare Blitz|p2a: miinnie\n|-supereffective|p2a: miinnie|1\n|-damage|p2a: miinnie|0 fnt\n|faint|p2a: miinnie\n|-damage|p1b: Incineroar|92/100|[from] Recoil\n|\n|-weather|Snowscape|[upkeep]\n|-heal|p1b: Incineroar|98/100|[from] item: Leftovers\n|upkeep\n|\n|t:|1776202879\n|switch|p2a: Broly|Crabominable, L50, F|100/100\n|turn|3\n|inactive|songfulprince has 30 seconds left.\n|\n|t:|1776202909\n|move|p1a: Aerodactyl|Protect|p1a: Aerodactyl\n|-singleturn|p1a: Aerodactyl|Protect\n|move|p2b: mimmer|Fake Out|p1a: Aerodactyl\n|-activate|p1a: Aerodactyl|move: Protect\n|move|p1b: Incineroar|Flare Blitz|p2a: Broly\n|-supereffective|p2a: Broly|1\n|-damage|p2a: Broly|65/100\n|-damage|p1b: Incineroar|86/100|[from] Recoil\n|move|p2a: Broly|Drain Punch|p1b: Incineroar\n|-supereffective|p1b: Incineroar|1\n|-damage|p1b: Incineroar|10/100\n|-heal|p2a: Broly|100/100|[from] drain|[of] p1b: Incineroar\n|\n|-weather|Snowscape|[upkeep]\n|-heal|p1b: Incineroar|16/100|[from] item: Leftovers\n|upkeep\n|turn|4\n|\n|t:|1776202928\n|detailschange|p2a: Broly|Crabominable-Mega, L50, F\n|-mega|p2a: Broly|Crabominable|Crabominite\n|move|p2a: Broly|Mach Punch|p1b: Incineroar\n|-supereffective|p1b: Incineroar|1\n|-damage|p1b: Incineroar|0 fnt\n|faint|p1b: Incineroar\n|move|p1a: Aerodactyl|Rock Slide|p2b: mimmer|[spread] p2a,p2b\n|-supereffective|p2b: mimmer|1\n|-damage|p2a: Broly|95/100\n|-damage|p2b: mimmer|46/100\n|cant|p2b: mimmer|flinch\n|\n|-weather|Snowscape|[upkeep]\n|upkeep\n|\n|t:|1776202937\n|switch|p1b: Dragapult|Dragapult, L50, F|100/100\n|turn|5\n|\n|t:|1776202945\n|move|p1b: Dragapult|Protect|p1b: Dragapult\n|-singleturn|p1b: Dragapult|Protect\n|move|p1a: Aerodactyl|Tailwind|p1a: Aerodactyl\n|-sidestart|p1: songfulprince|move: Tailwind\n|move|p2b: mimmer|Will-O-Wisp|p1a: Aerodactyl\n|-status|p1a: Aerodactyl|brn\n|move|p2a: Broly|Ice Hammer|p1b: Dragapult\n|-activate|p1b: Dragapult|move: Protect\n|\n|-weather|none\n|-damage|p1a: Aerodactyl|95/100 brn|[from] brn\n|upkeep\n|turn|6\n|\n|t:|1776202965\n|switch|p1b: Lucario|Lucario, L50, F|100/100\n|move|p1a: Aerodactyl|Rock Slide|p2a: Broly|[spread] p2b\n|-miss|p1a: Aerodactyl|p2a: Broly\n|-supereffective|p2b: mimmer|1\n|-damage|p2b: mimmer|34/100\n|move|p2b: mimmer|Parting Shot|p1a: Aerodactyl\n|-unboost|p1a: Aerodactyl|atk|1\n|-unboost|p1a: Aerodactyl|spa|1\n|\n|t:|1776202974\n|switch|p2b: Farigiraf|Farigiraf, L50, M|76/100|[from] Parting Shot\n|move|p2a: Broly|Ice Hammer|p1b: Lucario\n|-resisted|p1b: Lucario|1\n|-damage|p1b: Lucario|37/100\n|-unboost|p2a: Broly|spe|1\n|\n|-damage|p1a: Aerodactyl|89/100 brn|[from] brn\n|-sideend|p2: lukelby|move: Aurora Veil\n|upkeep\n|turn|7\n|\n|t:|1776202989\n|detailschange|p1b: Lucario|Lucario-Mega, L50, F\n|-mega|p1b: Lucario|Lucario|Lucarionite\n|move|p2a: Broly|Mach Punch|p1b: Lucario\n|-supereffective|p1b: Lucario|1\n|-damage|p1b: Lucario|0 fnt\n|faint|p1b: Lucario\n|move|p1a: Aerodactyl|Rock Slide|p2b: Farigiraf|[spread] p2a,p2b\n|-damage|p2a: Broly|90/100\n|-damage|p2b: Farigiraf|70/100\n|cant|p2b: Farigiraf|flinch\n|\n|-damage|p1a: Aerodactyl|83/100 brn|[from] brn\n|upkeep\n|\n|t:|1776202997\n|switch|p1b: Dragapult|Dragapult, L50, F|100/100\n|turn|8\n|\n|t:|1776203020\n|move|p2a: Broly|Protect|p2a: Broly\n|-singleturn|p2a: Broly|Protect\n|move|p1a: Aerodactyl|Rock Slide|p2b: Farigiraf|[spread] p2b\n|-activate|p2a: Broly|move: Protect\n|-damage|p2b: Farigiraf|63/100\n|move|p1b: Dragapult|Psychic Fangs|p2a: Broly\n|-activate|p2a: Broly|move: Protect\n|move|p2b: Farigiraf|Trick Room|p2b: Farigiraf\n|-fieldstart|move: Trick Room|[of] p2b: Farigiraf\n|\n|-damage|p1a: Aerodactyl|78/100 brn|[from] brn\n|-sideend|p1: songfulprince|move: Tailwind\n|upkeep\n|turn|9\n|c|\u2606lukelby|finaly he didn't flinch\n|\n|t:|1776203044\n|move|p2a: Broly|Ice Hammer|p1b: Dragapult\n|-supereffective|p1b: Dragapult|1\n|-damage|p1b: Dragapult|0 fnt\n|-unboost|p2a: Broly|spe|1\n|faint|p1b: Dragapult\n|move|p2b: Farigiraf|Thunderbolt|p1a: Aerodactyl\n|-supereffective|p1a: Aerodactyl|1\n|-damage|p1a: Aerodactyl|15/100 brn\n|move|p1a: Aerodactyl|Rock Slide|p2a: Broly|[spread] p2a,p2b\n|-damage|p2a: Broly|86/100\n|-damage|p2b: Farigiraf|57/100\n|\n|-damage|p1a: Aerodactyl|9/100 brn|[from] brn\n|upkeep\n|turn|10\n|\n|t:|1776203053\n|move|p2a: Broly|Mach Punch|p1a: Aerodactyl\n|-damage|p1a: Aerodactyl|0 fnt\n|faint|p1a: Aerodactyl\n|\n|win|lukelby\n|raw|songfulprince's rating: 1142 &rarr; <strong>1123</strong><br />(-19 for losing)\n|raw|lukelby's rating: 1224 &rarr; <strong>1243</strong><br />(+19 for winning)\n|l|\u2606songfulprince\n|player|p1|\n",
  "uploadtime": 1776203061,
  "views": 24,
  "formatid": "gen9championsvgc2026regma",
  "rating": 1123,
  "private": 0,
  "password": null
}