{
  "id": "gen9championsvgc2026regma-2587262289",
  "format": "[Gen 9 Champions] VGC 2026 Reg M-A",
  "players": [
    "DarkPrinceZack",
    "empoleon154"
  ],
  "log": "|j|\u2606DarkPrinceZack\n|j|\u2606empoleon154\n|html|<table width=\"100%\"><tr><td align=\"left\">DarkPrinceZack</td><td align=\"right\">empoleon154</tr><tr><td align=\"left\"><i class=\"fa fa-circle\"></i> <i class=\"fa fa-circle-o\"></i> </td><td align=\"right\"><i class=\"fa fa-circle-o\"></i> <i class=\"fa fa-circle\"></i> </tr></table>\n|uhtml|bestof|<h2><strong>Game 3</strong> of <a href=\"/game-bestof3-gen9championsvgc2026regma-2587258301\">a best-of-3</a></h2>\n|t:|1776515806\n|gametype|doubles\n|player|p1|DarkPrinceZack|cheren-gen5bw2|\n|player|p2|empoleon154|bruno|\n|gen|9\n|tier|[Gen 9 Champions] VGC 2026 Reg M-A\n|rule|Species Clause: Limit one of each Pok\u00e9mon\n|rule|Item Clause: Limit 1 of each item\n|raw|<div class=\"infobox\"><details class=\"readmore\" open><summary><strong>1 custom rule:</strong></summary> Best of = 3</details></div>\n|clearpoke\n|poke|p1|Typhlosion-Hisui, L50, M|\n|poke|p1|Whimsicott, L50, F|\n|poke|p1|Farigiraf, L50, F|\n|poke|p1|Kangaskhan, L50, F|\n|poke|p1|Sneasler, L50, M|\n|poke|p1|Floette-Eternal, L50, F|\n|poke|p2|Charizard, L50, F|\n|poke|p2|Milotic, L50, M|\n|poke|p2|Meowscarada, L50, M|\n|poke|p2|Clefable, L50, M|\n|poke|p2|Kingambit, L50, M|\n|poke|p2|Sneasler, L50, F|\n|teampreview|4\n|j| Pokekman\nempoleon154 rejected open team sheets.\n|\n|t:|1776515910\n|teamsize|p1|4\n|teamsize|p2|4\n|start\n|switch|p1a: Typhlosion|Typhlosion-Hisui, L50, M|100/100\n|switch|p1b: Whimsicott|Whimsicott, L50, F|100/100\n|switch|p2a: Sneasler|Sneasler, L50, F|100/100\n|switch|p2b: Meowscarada|Meowscarada, L50, M|100/100\n|-item|p2a: Sneasler|Focus Sash|[from] ability: Frisk|[of] p1a: Typhlosion\n|-item|p2b: Meowscarada|Choice Scarf|[from] ability: Frisk|[of] p1a: Typhlosion\n|turn|1\n|\n|t:|1776515935\n|switch|p1a: Farigiraf|Farigiraf, L50, F|100/100\n|move|p2a: Sneasler|Fake Out||[still]\n|cant|p1a: Farigiraf|ability: Armor Tail|Fake Out|[of] p2a: Sneasler\n|move|p1b: Whimsicott|Tailwind|p1b: Whimsicott\n|-sidestart|p1: DarkPrinceZack|move: Tailwind\n|move|p2b: Meowscarada|Throat Chop|p1a: Farigiraf\n|-supereffective|p1a: Farigiraf|1\n|-damage|p1a: Farigiraf|16/100\n|-start|p1a: Farigiraf|Throat Chop|[silent]\n|-enditem|p1a: Farigiraf|Sitrus Berry|[eat]\n|-heal|p1a: Farigiraf|40/100|[from] item: Sitrus Berry\n|\n|upkeep\n|turn|2\n|\n|t:|1776515963\n|switch|p2a: Kingambit|Kingambit, L50, M|100/100\n|move|p1a: Farigiraf|Helping Hand|p1b: Whimsicott\n|-singleturn|p1b: Whimsicott|Helping Hand|[of] p1a: Farigiraf\n|move|p1b: Whimsicott|Moonblast|p2b: Meowscarada\n|-supereffective|p2b: Meowscarada|1\n|-damage|p2b: Meowscarada|0 fnt\n|faint|p2b: Meowscarada\n|\n|-end|p1a: Farigiraf|Throat Chop|[silent]\n|upkeep\n|\n|t:|1776515973\n|switch|p2b: Sneasler|Sneasler, L50, F|100/100\n|turn|3\n|\n|t:|1776515990\n|switch|p1a: Floette|Floette-Eternal, L50, F|100/100\n|move|p1b: Whimsicott|Moonblast|p2b: Sneasler\n|-damage|p2b: Sneasler|53/100\n|move|p2b: Sneasler|Dire Claw|p1b: Whimsicott\n|-supereffective|p1b: Whimsicott|2\n|-enditem|p1b: Whimsicott|Focus Sash\n|-damage|p1b: Whimsicott|1/100\n|move|p2a: Kingambit|Kowtow Cleave|p1a: Floette\n|-resisted|p1a: Floette|1\n|-damage|p1a: Floette|53/100\n|\n|upkeep\n|turn|4\n|\n|t:|1776516015\n|detailschange|p1a: Floette|Floette-Mega, L50, F\n|-mega|p1a: Floette|Floette|Floettite\n|-ability|p1a: Floette|Fairy Aura\n|move|p1b: Whimsicott|Sunny Day|p1b: Whimsicott\n|-weather|SunnyDay\n|move|p2a: Kingambit|Sucker Punch||[still]\n|-fail|p2a: Kingambit\n|move|p1a: Floette|Dazzling Gleam|p2a: Kingambit|[spread] p2a,p2b\n|-damage|p2a: Kingambit|50/100\n|-damage|p2b: Sneasler|0 fnt\n|faint|p2b: Sneasler\n|\n|-weather|SunnyDay|[upkeep]\n|-sideend|p1: DarkPrinceZack|move: Tailwind\n|upkeep\n|\n|t:|1776516025\n|switch|p2b: Charizard|Charizard, L50, F|100/100\n|turn|5\n|\n|t:|1776516046\n|move|p1b: Whimsicott|Tailwind|p1b: Whimsicott\n|-sidestart|p1: DarkPrinceZack|move: Tailwind\n|move|p2a: Kingambit|Sucker Punch||[still]\n|-fail|p2a: Kingambit\n|move|p1a: Floette|Dazzling Gleam|p2b: Charizard|[spread] p2a,p2b\n|-resisted|p2b: Charizard|1\n|-damage|p2a: Kingambit|4/100\n|-damage|p2b: Charizard|73/100\n|move|p2b: Charizard|Fire Blast|p1a: Floette\n|-damage|p1a: Floette|2/100\n|\n|-weather|SunnyDay|[upkeep]\n|upkeep\n|turn|6\n|\n|t:|1776516063\n|detailschange|p2b: Charizard|Charizard-Mega-X, L50, F\n|-mega|p2b: Charizard|Charizard|Charizardite X\n|move|p1b: Whimsicott|Encore|p2b: Charizard\n|-start|p2b: Charizard|Encore\n|move|p2a: Kingambit|Sucker Punch|p1a: Floette\n|-resisted|p1a: Floette|1\n|-damage|p1a: Floette|0 fnt\n|faint|p1a: Floette\n|move|p2b: Charizard|Fire Blast|p1b: Whimsicott\n|-supereffective|p1b: Whimsicott|1\n|-damage|p1b: Whimsicott|0 fnt\n|faint|p1b: Whimsicott\n|\n|-weather|SunnyDay|[upkeep]\n|upkeep\n|\n|t:|1776516072\n|switch|p1b: Farigiraf|Farigiraf, L50, F|40/100\n|switch|p1a: Typhlosion|Typhlosion-Hisui, L50, M|100/100\n|-item|p2a: Kingambit|Black Glasses|[from] ability: Frisk|[of] p1a: Typhlosion\n|-item|p2b: Charizard|Charizardite X|[from] ability: Frisk|[of] p1a: Typhlosion\n|turn|7\n|\n|t:|1776516099\n|move|p1a: Typhlosion|Shadow Ball|p2b: Charizard\n|-damage|p2b: Charizard|22/100\n|move|p1b: Farigiraf|Hyper Voice|p2a: Kingambit|[spread] p2a,p2b\n|-resisted|p2a: Kingambit|1\n|-damage|p2a: Kingambit|0 fnt\n|-damage|p2b: Charizard|0 fnt\n|faint|p2a: Kingambit\n|faint|p2b: Charizard\n|\n|win|DarkPrinceZack\n",
  "uploadtime": 1776516099,
  "views": 11,
  "formatid": "gen9championsvgc2026regma",
  "rating": null,
  "private": 0,
  "password": null
}