{
  "id": "gen9championsvgc2026regma-2585729182",
  "format": "[Gen 9 Champions] VGC 2026 Reg M-A",
  "players": [
    "zRed_xddddddd",
    "cabrino"
  ],
  "log": "|j|\u2606zRed_xddddddd\n|j|\u2606cabrino\n|t:|1776366556\n|gametype|doubles\n|player|p1|zRed_xddddddd|red|1475\n|player|p2|cabrino|depotagent|1556\n|gen|9\n|tier|[Gen 9 Champions] VGC 2026 Reg M-A\n|rated|\n|rule|Species Clause: Limit one of each Pok\u00e9mon\n|rule|Item Clause: Limit 1 of each item\n|clearpoke\n|poke|p1|Tyranitar, L50, M|\n|poke|p1|Excadrill, L50, M|\n|poke|p1|Primarina, L50, M|\n|poke|p1|Sinistcha, L50|\n|poke|p1|Kingambit, L50, M|\n|poke|p1|Sneasler, L50, F|\n|poke|p2|Aerodactyl, L50, F|\n|poke|p2|Kingambit, L50, M|\n|poke|p2|Basculegion, L50, M|\n|poke|p2|Charizard, L50, M|\n|poke|p2|Milotic, L50, M|\n|poke|p2|Sneasler, L50, M|\n|teampreview|4\n|\n|t:|1776366579\n|teamsize|p1|4\n|teamsize|p2|4\n|start\n|switch|p1a: Kingambit|Kingambit, L50, M|100/100\n|switch|p1b: Primarina|Primarina, L50, M|100/100\n|switch|p2a: AeroNarfi|Aerodactyl, L50, F, shiny|100/100\n|switch|p2b: BascuDrekion|Basculegion, L50, M|100/100\n|-ability|p2a: AeroNarfi|Unnerve\n|turn|1\n|\n|t:|1776366600\n|switch|p2b: Pugsy Hunter|Sneasler, L50, M, shiny|100/100\n|move|p1a: Kingambit|Sucker Punch||[still]\n|-fail|p1a: Kingambit\n|move|p2a: AeroNarfi|Rock Slide|p1a: Kingambit|[spread] p1a,p1b\n|-resisted|p1a: Kingambit|1\n|-damage|p1a: Kingambit|92/100\n|-damage|p1b: Primarina|62/100\n|move|p1b: Primarina|Hyper Voice|p2b: Pugsy Hunter|[spread] p2a,p2b\n|-supereffective|p2a: AeroNarfi|1\n|-enditem|p2a: AeroNarfi|Focus Sash\n|-damage|p2a: AeroNarfi|1/100\n|-damage|p2b: Pugsy Hunter|61/100\n|\n|upkeep\n|turn|2\n|inactive|Battle timer is ON: inactive players will automatically lose when time's up. (requested by cabrino)\n|\n|t:|1776366617\n|move|p1a: Kingambit|Sucker Punch||[still]\n|-fail|p1a: Kingambit\n|move|p2a: AeroNarfi|Tailwind|p2a: AeroNarfi\n|-sidestart|p2: cabrino|move: Tailwind\n|move|p2b: Pugsy Hunter|Dire Claw|p1b: Primarina\n|-supereffective|p1b: Primarina|1\n|-damage|p1b: Primarina|0 fnt\n|faint|p1b: Primarina\n|\n|upkeep\n|\n|t:|1776366629\n|switch|p1b: Tyranitar|Tyranitar, L50, M, shiny|100/100\n|-weather|Sandstorm|[from] ability: Sand Stream|[of] p1b: Tyranitar\n|turn|3\n|\n|t:|1776366644\n|move|p1b: Tyranitar|Protect|p1b: Tyranitar\n|-singleturn|p1b: Tyranitar|Protect\n|move|p2a: AeroNarfi|Rock Slide|p1b: Tyranitar|[spread] p1a\n|-activate|p1b: Tyranitar|move: Protect\n|-resisted|p1a: Kingambit|1\n|-damage|p1a: Kingambit|82/100\n|move|p2b: Pugsy Hunter|Close Combat|p1b: Tyranitar\n|-activate|p1b: Tyranitar|move: Protect\n|move|p1a: Kingambit|Kowtow Cleave|p2b: Pugsy Hunter\n|-resisted|p2b: Pugsy Hunter|1\n|-damage|p2b: Pugsy Hunter|28/100\n|\n|-weather|Sandstorm|[upkeep]\n|-damage|p2b: Pugsy Hunter|22/100|[from] Sandstorm\n|upkeep\n|turn|4\n|\n|t:|1776366662\n|move|p1a: Kingambit|Sucker Punch|p2b: Pugsy Hunter\n|-resisted|p2b: Pugsy Hunter|1\n|-damage|p2b: Pugsy Hunter|0 fnt\n|faint|p2b: Pugsy Hunter\n|move|p2a: AeroNarfi|Rock Slide|p1a: Kingambit|[spread] p1a,p1b\n|-resisted|p1a: Kingambit|1\n|-damage|p1a: Kingambit|73/100\n|-damage|p1b: Tyranitar|80/100\n|cant|p1b: Tyranitar|flinch\n|\n|-weather|Sandstorm|[upkeep]\n|upkeep\n|\n|t:|1776366669\n|switch|p2b: Cabrizard|Charizard, L50, M, shiny|100/100\n|turn|5\n|\n|t:|1776366676\n|detailschange|p2b: Cabrizard|Charizard-Mega-Y, L50, M, shiny\n|-mega|p2b: Cabrizard|Charizard|Charizardite Y\n|-weather|SunnyDay|[from] ability: Drought|[of] p2b: Cabrizard\n|move|p2a: AeroNarfi|Protect|p2a: AeroNarfi\n|-singleturn|p2a: AeroNarfi|Protect\n|move|p1b: Tyranitar|Protect|p1b: Tyranitar\n|-singleturn|p1b: Tyranitar|Protect\n|move|p1a: Kingambit|Protect|p1a: Kingambit\n|-singleturn|p1a: Kingambit|Protect\n|move|p2b: Cabrizard|Heat Wave|p1b: Tyranitar|[spread] \n|-activate|p1a: Kingambit|move: Protect\n|-activate|p1b: Tyranitar|move: Protect\n|\n|-weather|SunnyDay|[upkeep]\n|-sideend|p2: cabrino|move: Tailwind\n|upkeep\n|turn|6\n|inactive|zRed_xddddddd has 30 seconds left.\n|\n|t:|1776366708\n|detailschange|p1b: Tyranitar|Tyranitar-Mega, L50, M, shiny\n|-mega|p1b: Tyranitar|Tyranitar|Tyranitarite\n|-weather|Sandstorm|[from] ability: Sand Stream|[of] p1b: Tyranitar\n|move|p1a: Kingambit|Sucker Punch||[still]\n|-fail|p1a: Kingambit\n|move|p2a: AeroNarfi|Tailwind|p2a: AeroNarfi\n|-sidestart|p2: cabrino|move: Tailwind\n|move|p2b: Cabrizard|Solar Beam||[still]\n|-prepare|p2b: Cabrizard|Solar Beam\n|move|p1b: Tyranitar|Rock Slide|p2a: AeroNarfi|[spread] p2a,p2b\n|-supereffective|p2a: AeroNarfi|1\n|-supereffective|p2b: Cabrizard|2\n|-damage|p2a: AeroNarfi|0 fnt\n|-damage|p2b: Cabrizard|0 fnt\n|faint|p2a: AeroNarfi\n|faint|p2b: Cabrizard\n|\n|-weather|Sandstorm|[upkeep]\n|upkeep\n|-message|cabrino forfeited.\n|\n|win|zRed_xddddddd\n|raw|zRed_xddddddd's rating: 1475 &rarr; <strong>1500</strong><br />(+25 for winning)\n|raw|cabrino's rating: 1556 &rarr; <strong>1531</strong><br />(-25 for losing)\n|l|\u2606cabrino\n|player|p2|\n|l|\u2606zRed_xddddddd\n|player|p1|\n",
  "uploadtime": 1776366741,
  "views": 54,
  "formatid": "gen9championsvgc2026regma",
  "rating": 1500,
  "private": 0,
  "password": null
}