{
  "id": "gen9championsvgc2026regma-2584576138",
  "format": "[Gen 9 Champions] VGC 2026 Reg M-A",
  "players": [
    "termocoso",
    "StarStorm295"
  ],
  "log": "|j|\u2606termocoso\n|j|\u2606StarStorm295\n|t:|1776269809\n|gametype|doubles\n|player|p1|termocoso|dawn|1186\n|player|p2|StarStorm295|marley|1111\n|gen|9\n|tier|[Gen 9 Champions] VGC 2026 Reg M-A\n|rated|\n|rule|Species Clause: Limit one of each Pok\u00e9mon\n|rule|Item Clause: Limit 1 of each item\n|clearpoke\n|poke|p1|Froslass, L50, F|\n|poke|p1|Conkeldurr, L50, M|\n|poke|p1|Araquanid, L50, M|\n|poke|p1|Sinistcha, L50|\n|poke|p1|Basculegion, L50, M|\n|poke|p1|Incineroar, L50, F|\n|poke|p2|Lopunny, L50, F|\n|poke|p2|Aegislash, L50, F|\n|poke|p2|Tyranitar, L50, M|\n|poke|p2|Whimsicott, L50, M|\n|poke|p2|Primarina, L50, F|\n|poke|p2|Arcanine-Hisui, L50, F|\n|teampreview|4\n|inactive|Battle timer is ON: inactive players will automatically lose when time's up. (requested by termocoso)\n|inactive|StarStorm295 has 60 seconds left.\n|inactive|StarStorm295 has 30 seconds left.\n|\n|t:|1776269883\n|teamsize|p1|4\n|teamsize|p2|4\n|start\n|switch|p1a: Araquanid|Araquanid, L50, M, shiny|100/100\n|switch|p1b: Conkeldurr|Conkeldurr, L50, M, shiny|100/100\n|switch|p2a: Espresso|Lopunny, L50, F, shiny|100/100\n|switch|p2b: Arcanine|Arcanine-Hisui, L50, F|100/100\n|-ability|p2b: Arcanine|Intimidate|boost\n|-unboost|p1a: Araquanid|atk|1\n|-unboost|p1b: Conkeldurr|atk|1\n|turn|1\n|-activate|p1b: Conkeldurr|item: Quick Claw\n|\n|t:|1776269908\n|detailschange|p2a: Espresso|Lopunny-Mega, L50, F, shiny\n|-mega|p2a: Espresso|Lopunny|Lopunnite\n|move|p1b: Conkeldurr|Drain Punch|p2a: Espresso\n|-supereffective|p2a: Espresso|1\n|-damage|p2a: Espresso|16/100\n|move|p2b: Arcanine|Rock Slide|p1a: Araquanid|[spread] p1a,p1b\n|-supereffective|p1a: Araquanid|1\n|-resisted|p1b: Conkeldurr|1\n|-damage|p1a: Araquanid|50/100\n|-damage|p1b: Conkeldurr|89/100\n|move|p2a: Espresso|Thunder Punch|p1a: Araquanid\n|-supereffective|p1a: Araquanid|1\n|-damage|p1a: Araquanid|0 fnt\n|faint|p1a: Araquanid\n|\n|upkeep\n|\n|t:|1776269926\n|switch|p1a: Incineroar|Incineroar, L50, F, shiny|100/100\n|-ability|p1a: Incineroar|Intimidate|boost\n|-fail|p2a: Espresso|unboost|Attack|[from] ability: Scrappy|[of] p2a: Espresso\n|-unboost|p2b: Arcanine|atk|1\n|turn|2\n|-activate|p1b: Conkeldurr|item: Quick Claw\n|\n|t:|1776269949\n|switch|p2a: Aegislash|Aegislash, L50, F|100/100\n|move|p1a: Incineroar|Fake Out|p2b: Arcanine\n|-resisted|p2b: Arcanine|1\n|-crit|p2b: Arcanine\n|-damage|p2b: Arcanine|91/100\n|move|p1b: Conkeldurr|Mach Punch|p2a: Aegislash\n|-immune|p2a: Aegislash\n|cant|p2b: Arcanine|flinch\n|\n|upkeep\n|turn|3\n|inactive|termocoso has 30 seconds left.\n|inactive|termocoso has 20 seconds left.\n|\n|t:|1776269984\n|switch|p1b: Basculegion|Basculegion, L50, M|100/100\n|move|p2a: Aegislash|King's Shield|p2a: Aegislash\n|-singleturn|p2a: Aegislash|Protect\n|move|p2b: Arcanine|Rock Slide|p1b: Basculegion|[spread] p1a,p1b\n|-supereffective|p1a: Incineroar|1\n|-damage|p1a: Incineroar|70/100\n|-damage|p1b: Basculegion|77/100\n|cant|p1a: Incineroar|flinch\n|\n|upkeep\n|turn|4\n|c|\u2606termocoso|OBVIOUSLY\n|inactive|termocoso has 30 seconds left.\n|inactive|StarStorm295 has 30 seconds left.\n|inactive|StarStorm295 has 20 seconds left.\n|\n|t:|1776270023\n|-formechange|p2a: Aegislash|Aegislash-Blade|\n|move|p2a: Aegislash|Shadow Sneak|p1b: Basculegion\n|-supereffective|p1b: Basculegion|1\n|-damage|p1b: Basculegion|10/100\n|move|p1b: Basculegion|Last Respects|p2a: Aegislash\n|-supereffective|p2a: Aegislash|1\n|-damage|p2a: Aegislash|0 fnt\n|faint|p2a: Aegislash\n|move|p2b: Arcanine|Rock Slide|p1b: Basculegion|[spread] p1a,p1b\n|-supereffective|p1a: Incineroar|1\n|-damage|p1a: Incineroar|45/100\n|-damage|p1b: Basculegion|0 fnt\n|-enditem|p1a: Incineroar|Sitrus Berry|[eat]\n|-heal|p1a: Incineroar|70/100|[from] item: Sitrus Berry\n|faint|p1b: Basculegion\n|move|p1a: Incineroar|Parting Shot|p2b: Arcanine\n|-unboost|p2b: Arcanine|atk|1\n|-unboost|p2b: Arcanine|spa|1\n|\n|t:|1776270036\n|switch|p1a: Conkeldurr|Conkeldurr, L50, M, shiny|89/100|[from] Parting Shot\n|\n|upkeep\n|\n|t:|1776270051\n|switch|p1b: Incineroar|Incineroar, L50, F, shiny|70/100\n|switch|p2a: Whimsicott|Whimsicott, L50, M, shiny|100/100\n|-ability|p1b: Incineroar|Intimidate|boost\n|-unboost|p2a: Whimsicott|atk|1\n|-unboost|p2b: Arcanine|atk|1\n|turn|5\n|\n|t:|1776270070\n|switch|p2b: Espresso|Lopunny-Mega, L50, F, shiny|16/100\n|move|p1b: Incineroar|Fake Out|p2a: Whimsicott\n|-damage|p2a: Whimsicott|84/100\n|cant|p2a: Whimsicott|flinch\n|move|p1a: Conkeldurr|Knock Off|p2a: Whimsicott\n|-resisted|p2a: Whimsicott|1\n|-damage|p2a: Whimsicott|55/100\n|-enditem|p2a: Whimsicott|Focus Sash|[from] move: Knock Off|[of] p1a: Conkeldurr\n|\n|upkeep\n|turn|6\n|inactive|termocoso has 30 seconds left.\n|inactive|StarStorm295 has 30 seconds left.\n|\n|t:|1776270101\n|move|p2a: Whimsicott|Encore|p1b: Incineroar\n|-hint|Since gen 7, Dark is immune to Prankster moves.\n|-immune|p1b: Incineroar\n|move|p1a: Conkeldurr|Mach Punch|p2b: Espresso\n|-supereffective|p2b: Espresso|1\n|-damage|p2b: Espresso|0 fnt\n|faint|p2b: Espresso\n|move|p1b: Incineroar|Will-O-Wisp|p2a: Whimsicott\n|-status|p2a: Whimsicott|brn\n|\n|-damage|p2a: Whimsicott|49/100 brn|[from] brn\n|upkeep\n|c|\u2606StarStorm295|right\n|c|\u2606StarStorm295|i always forget that\n|c|\u2606StarStorm295|fuck\n|\n|t:|1776270115\n|switch|p2b: Arcanine|Arcanine-Hisui, L50, F|91/100\n|-ability|p2b: Arcanine|Intimidate|boost\n|-unboost|p1a: Conkeldurr|atk|1\n|-unboost|p1b: Incineroar|atk|1\n|turn|7\n|\n|t:|1776270137\n|move|p2b: Arcanine|Rock Slide|p1a: Conkeldurr|[spread] p1a,p1b\n|-resisted|p1a: Conkeldurr|1\n|-supereffective|p1b: Incineroar|1\n|-damage|p1a: Conkeldurr|79/100\n|-damage|p1b: Incineroar|28/100\n|move|p2a: Whimsicott|Moonblast|p1b: Incineroar\n|-damage|p1b: Incineroar|0 fnt\n|faint|p1b: Incineroar\n|move|p1a: Conkeldurr|Drain Punch|p2b: Arcanine\n|-supereffective|p2b: Arcanine|1\n|-damage|p2b: Arcanine|9/100\n|-heal|p1a: Conkeldurr|100/100|[from] drain|[of] p2b: Arcanine\n|\n|-damage|p2a: Whimsicott|43/100 brn|[from] brn\n|upkeep\n|turn|8\n|\n|t:|1776270149\n|move|p1a: Conkeldurr|Mach Punch|p2b: Arcanine\n|-supereffective|p2b: Arcanine|1\n|-damage|p2b: Arcanine|0 fnt\n|faint|p2b: Arcanine\n|move|p2a: Whimsicott|Moonblast|p1a: Conkeldurr\n|-supereffective|p1a: Conkeldurr|1\n|-damage|p1a: Conkeldurr|15/100\n|\n|-damage|p2a: Whimsicott|37/100 brn|[from] brn\n|upkeep\n|turn|9\n|c|\u2606termocoso|Me too\n|c|\u2606StarStorm295|if quick claw procs im killing myself\n|c|\u2606termocoso|I think I lost tho\n|inactive|termocoso has 30 seconds left.\n|inactive|termocoso has 20 seconds left.\n|inactive|termocoso has 15 seconds left.\n|inactive|termocoso has 10 seconds left.\n|inactive|termocoso has 5 seconds left.\n|\n|t:|1776270200\n|move|p1a: Conkeldurr|Protect|p1a: Conkeldurr\n|-singleturn|p1a: Conkeldurr|Protect\n|move|p2a: Whimsicott|Moonblast|p1a: Conkeldurr\n|-activate|p1a: Conkeldurr|move: Protect\n|\n|-damage|p2a: Whimsicott|31/100 brn|[from] brn\n|upkeep\n|turn|10\n|c|\u2606termocoso|I'll try something elese\n|c|\u2606termocoso|Else\n|\n|t:|1776270221\n|move|p2a: Whimsicott|Encore|p1a: Conkeldurr\n|-start|p1a: Conkeldurr|Encore\n|-activate|p1a: Conkeldurr|item: Quick Claw\n|move|p1a: Conkeldurr|Protect||[still]\n|-fail|p1a: Conkeldurr\n|\n|-damage|p2a: Whimsicott|25/100 brn|[from] brn\n|upkeep\n|turn|11\n|c|\u2606termocoso|I thought Mach punch would go before prankster\n|inactive|termocoso has 30 seconds left.\n|c|\u2606termocoso|Gg\n|\n|t:|1776270250\n|move|p1a: Conkeldurr|Protect|p1a: Conkeldurr\n|-singleturn|p1a: Conkeldurr|Protect\n|move|p2a: Whimsicott|Moonblast|p1a: Conkeldurr\n|-activate|p1a: Conkeldurr|move: Protect\n|\n|-damage|p2a: Whimsicott|19/100 brn|[from] brn\n|upkeep\n|turn|12\n|c|\u2606StarStorm295|gg\n|\n|t:|1776270258\n|move|p1a: Conkeldurr|Protect|p1a: Conkeldurr\n|-singleturn|p1a: Conkeldurr|Protect\n|move|p2a: Whimsicott|Moonblast|p1a: Conkeldurr\n|-activate|p1a: Conkeldurr|move: Protect\n|\n|-damage|p2a: Whimsicott|13/100 brn|[from] brn\n|-end|p1a: Conkeldurr|Encore\n|upkeep\n|turn|13\n|c|\u2606StarStorm295|WHAT\n|c|\u2606termocoso|ANOTHER ONE\n|\n|t:|1776270269\n|move|p1a: Conkeldurr|Mach Punch|p2a: Whimsicott\n|-resisted|p2a: Whimsicott|1\n|-damage|p2a: Whimsicott|0 fnt\n|faint|p2a: Whimsicott\n|\n|win|termocoso\n|raw|termocoso's rating: 1186 &rarr; <strong>1206</strong><br />(+20 for winning)\n|raw|StarStorm295's rating: 1111 &rarr; <strong>1091</strong><br />(-20 for losing)\n|c|\u2606StarStorm295|ARE YOU KIDDING\n|c|\u2606termocoso|OH MY GOF\n|c|\u2606StarStorm295|THATS WILD\n|c|\u2606StarStorm295|GG LOL\n",
  "uploadtime": 1776270284,
  "views": 18,
  "formatid": "gen9championsvgc2026regma",
  "rating": 1091,
  "private": 0,
  "password": null
}