{
  "id": "gen9championsvgc2026regma-2585258019",
  "format": "[Gen 9 Champions] VGC 2026 Reg M-A",
  "players": [
    "Zero Zizz",
    "Humanesss"
  ],
  "log": "|j|\u2606Zero Zizz\n|j|\u2606Humanesss\n|t:|1776330839\n|gametype|doubles\n|player|p1|Zero Zizz|miku-ground|1297\n|player|p2|Humanesss|wattson|1261\n|gen|9\n|tier|[Gen 9 Champions] VGC 2026 Reg M-A\n|rated|\n|rule|Species Clause: Limit one of each Pok\u00e9mon\n|rule|Item Clause: Limit 1 of each item\n|clearpoke\n|poke|p1|Charizard, L50, M|\n|poke|p1|Whimsicott, L50, M|\n|poke|p1|Garchomp, L50, M|\n|poke|p1|Rotom-Wash, L50|\n|poke|p1|Froslass, L50, F|\n|poke|p1|Incineroar, L50, F|\n|poke|p2|Charizard, L50, M|\n|poke|p2|Maushold-Four, L50|\n|poke|p2|Sneasler, L50, M|\n|poke|p2|Dragapult, L50, F|\n|poke|p2|Kingambit, L50, F|\n|poke|p2|Garchomp, L50, F|\n|teampreview|4\n|inactive|Battle timer is ON: inactive players will automatically lose when time's up. (requested by Zero Zizz)\n|j| Grumplestielzchen\n|\n|t:|1776330862\n|teamsize|p1|4\n|teamsize|p2|4\n|start\n|switch|p1a: Froslass|Froslass, L50, F|100/100\n|switch|p1b: Rotom|Rotom-Wash, L50|100/100\n|switch|p2a: Kingambit|Kingambit, L50, F|100/100\n|switch|p2b: Garchomp|Garchomp, L50, F, shiny|100/100\n|turn|1\n|l| Grumplestielzchen\n|inactive|Zero Zizz has 30 seconds left.\n|\n|t:|1776330892\n|move|p1a: Froslass|Protect|p1a: Froslass\n|-singleturn|p1a: Froslass|Protect\n|move|p2b: Garchomp|Rock Slide|p1b: Rotom|[spread] p1b\n|-activate|p1a: Froslass|move: Protect\n|-damage|p1b: Rotom|81/100\n|move|p1b: Rotom|Will-O-Wisp|p2a: Kingambit|[miss]\n|-miss|p1b: Rotom|p2a: Kingambit\n|move|p2a: Kingambit|Kowtow Cleave|p1a: Froslass\n|-activate|p1a: Froslass|move: Protect\n|\n|-heal|p1b: Rotom|87/100|[from] item: Leftovers\n|upkeep\n|turn|2\n|\n|t:|1776330914\n|switch|p1a: Garchomp|Garchomp, L50, M|100/100\n|move|p2b: Garchomp|Rock Slide|p1a: Garchomp|[spread] p1a\n|-miss|p2b: Garchomp|p1b: Rotom\n|-resisted|p1a: Garchomp|1\n|-damage|p1a: Garchomp|90/100\n|move|p1b: Rotom|Will-O-Wisp|p2a: Kingambit|[miss]\n|-miss|p1b: Rotom|p2a: Kingambit\n|move|p2a: Kingambit|Kowtow Cleave|p1a: Garchomp\n|-damage|p1a: Garchomp|28/100\n|-damage|p2a: Kingambit|88/100|[from] ability: Rough Skin|[of] p1a: Garchomp\n|\n|-heal|p1b: Rotom|93/100|[from] item: Leftovers\n|upkeep\n|turn|3\n|inactive|Zero Zizz has 30 seconds left.\n|c|\u2606Zero Zizz|I'm fucking Aron Cybertron Zang in his bitch\n|inactive|Zero Zizz has 20 seconds left.\n|inactive|Zero Zizz has 15 seconds left.\n|inactive|Zero Zizz has 10 seconds left.\n|\n|t:|1776330960\n|move|p2a: Kingambit|Sucker Punch|p1a: Garchomp\n|-damage|p1a: Garchomp|0 fnt\n|-damage|p2a: Kingambit|76/100|[from] ability: Rough Skin|[of] p1a: Garchomp\n|faint|p1a: Garchomp\n|move|p2b: Garchomp|Rock Slide|p1b: Rotom|[miss]\n|-miss|p2b: Garchomp|p1b: Rotom\n|move|p1b: Rotom|Will-O-Wisp|p2a: Kingambit\n|-status|p2a: Kingambit|brn\n|\n|-heal|p1b: Rotom|99/100|[from] item: Leftovers\n|-damage|p2a: Kingambit|70/100 brn|[from] brn\n|upkeep\n|\n|t:|1776330965\n|switch|p1a: Froslass|Froslass, L50, F|100/100\n|turn|4\n|\n|t:|1776330980\n|switch|p2b: Dragapult|Dragapult, L50, F|100/100\n|detailschange|p1a: Froslass|Froslass-Mega, L50, F\n|-mega|p1a: Froslass|Froslass|Froslassite\n|-weather|Snowscape|[from] ability: Snow Warning|[of] p1a: Froslass\n|move|p1a: Froslass|Aurora Veil|p1a: Froslass\n|-sidestart|p1: Zero Zizz|move: Aurora Veil\n|move|p1b: Rotom|Hydro Pump|p2a: Kingambit\n|-damage|p2a: Kingambit|25/100 brn\n|move|p2a: Kingambit|Kowtow Cleave|p1a: Froslass\n|-supereffective|p1a: Froslass|1\n|-damage|p1a: Froslass|55/100\n|\n|-weather|Snowscape|[upkeep]\n|-heal|p1b: Rotom|100/100|[from] item: Leftovers\n|-damage|p2a: Kingambit|19/100 brn|[from] brn\n|upkeep\n|turn|5\n|inactive|Humanesss has 30 seconds left.\n|\n|t:|1776331008\n|move|p1a: Froslass|Protect|p1a: Froslass\n|-singleturn|p1a: Froslass|Protect\n|move|p2b: Dragapult|Shadow Ball|p1a: Froslass\n|-activate|p1a: Froslass|move: Protect\n|move|p1b: Rotom|Thunderbolt|p2a: Kingambit\n|-damage|p2a: Kingambit|0 fnt\n|faint|p2a: Kingambit\n|\n|-weather|Snowscape|[upkeep]\n|upkeep\n|\n|t:|1776331012\n|switch|p2a: Garchomp|Garchomp, L50, F, shiny|100/100\n|turn|6\n|\n|t:|1776331021\n|switch|p1a: Incineroar|Incineroar, L50, F|100/100\n|-ability|p1a: Incineroar|Intimidate|boost\n|-unboost|p2a: Garchomp|atk|1\n|-fail|p2b: Dragapult|unboost|[from] ability: Clear Body|[of] p2b: Dragapult\n|move|p2a: Garchomp|Rock Slide|p1a: Incineroar|[spread] p1a,p1b\n|-supereffective|p1a: Incineroar|1\n|-damage|p1a: Incineroar|80/100\n|-damage|p1b: Rotom|92/100\n|move|p2b: Dragapult|Shadow Ball|p1a: Incineroar\n|-resisted|p1a: Incineroar|1\n|-damage|p1a: Incineroar|71/100\n|cant|p1b: Rotom|flinch\n|\n|-weather|Snowscape|[upkeep]\n|-heal|p1b: Rotom|98/100|[from] item: Leftovers\n|upkeep\n|turn|7\n|\n|t:|1776331045\n|switch|p2a: Charizard|Charizard, L50, M, shiny|100/100\n|move|p2b: Dragapult|Draco Meteor|p1b: Rotom\n|-damage|p1b: Rotom|55/100\n|-unboost|p2b: Dragapult|spa|2\n|move|p1b: Rotom|Hydro Pump|p2a: Charizard\n|-supereffective|p2a: Charizard|1\n|-damage|p2a: Charizard|0 fnt\n|faint|p2a: Charizard\n|move|p1a: Incineroar|Darkest Lariat|p2b: Dragapult\n|-supereffective|p2b: Dragapult|1\n|-damage|p2b: Dragapult|0 fnt\n|faint|p2b: Dragapult\n|\n|-weather|Snowscape|[upkeep]\n|-heal|p1b: Rotom|60/100|[from] item: Leftovers\n|upkeep\n|\n|t:|1776331058\n|switch|p2b: Garchomp|Garchomp, L50, F, shiny|100/100\n|turn|8\n|\n|t:|1776331066\n|move|p2b: Garchomp|Rock Slide|p1a: Incineroar|[spread] p1a,p1b\n|-supereffective|p1a: Incineroar|1\n|-damage|p1a: Incineroar|40/100\n|-damage|p1b: Rotom|47/100\n|-enditem|p1a: Incineroar|Sitrus Berry|[eat]\n|-heal|p1a: Incineroar|64/100|[from] item: Sitrus Berry\n|move|p1b: Rotom|Will-O-Wisp|p2b: Garchomp|[miss]\n|-miss|p1b: Rotom|p2b: Garchomp\n|move|p1a: Incineroar|Darkest Lariat|p2b: Garchomp\n|-damage|p2b: Garchomp|62/100\n|-damage|p1a: Incineroar|52/100|[from] ability: Rough Skin|[of] p2b: Garchomp\n|\n|-weather|none\n|-heal|p1b: Rotom|53/100|[from] item: Leftovers\n|-sideend|p1: Zero Zizz|move: Aurora Veil\n|upkeep\n|turn|9\n|\n|t:|1776331071\n|move|p2b: Garchomp|Rock Slide|p1a: Incineroar|[spread] p1a,p1b\n|-supereffective|p1a: Incineroar|1\n|-damage|p1a: Incineroar|3/100\n|-damage|p1b: Rotom|34/100\n|move|p1b: Rotom|Will-O-Wisp|p2b: Garchomp\n|-status|p2b: Garchomp|brn\n|move|p1a: Incineroar|Darkest Lariat|p2b: Garchomp\n|-damage|p2b: Garchomp|21/100 brn\n|-damage|p1a: Incineroar|0 fnt|[from] ability: Rough Skin|[of] p2b: Garchomp\n|faint|p1a: Incineroar\n|\n|-heal|p1b: Rotom|39/100|[from] item: Leftovers\n|-damage|p2b: Garchomp|15/100 brn|[from] brn\n|upkeep\n|\n|t:|1776331076\n|switch|p1a: Froslass|Froslass-Mega, L50, F|55/100\n|-weather|Snowscape|[from] ability: Snow Warning|[of] p1a: Froslass\n|turn|10\n|\n|t:|1776331082\n|move|p2b: Garchomp|Rock Slide|p1b: Rotom|[spread] p1a,p1b\n|-supereffective|p1a: Froslass|1\n|-damage|p1a: Froslass|32/100\n|-damage|p1b: Rotom|29/100\n|move|p1a: Froslass|Blizzard|p2b: Garchomp\n|-supereffective|p2b: Garchomp|2\n|-damage|p2b: Garchomp|0 fnt\n|faint|p2b: Garchomp\n|\n|win|Zero Zizz\n",
  "uploadtime": 1776330940,
  "views": 18,
  "formatid": "gen9championsvgc2026regma",
  "rating": null,
  "private": 0,
  "password": null
}