{
  "id": "gen9championsvgc2026regma-2585027425",
  "format": "[Gen 9 Champions] VGC 2026 Reg M-A",
  "players": [
    "ArepadeChorizard",
    "EnderHugoxKiller"
  ],
  "log": "|j|\u2606ArepadeChorizard\n|j|\u2606EnderHugoxKiller\n|t:|1776304638\n|gametype|doubles\n|player|p1|ArepadeChorizard|allister-unmasked|1060\n|player|p2|EnderHugoxKiller|265|1000\n|gen|9\n|tier|[Gen 9 Champions] VGC 2026 Reg M-A\n|rated|\n|rule|Species Clause: Limit one of each Pok\u00e9mon\n|rule|Item Clause: Limit 1 of each item\n|clearpoke\n|poke|p1|Gengar, L50, M|\n|poke|p1|Incineroar, L50, M|\n|poke|p1|Alcremie-Ruby-Swirl, L50, F|\n|poke|p1|Talonflame, L50, F|\n|poke|p1|Araquanid, L50, F|\n|poke|p1|Greninja-*, L50, M|\n|poke|p2|Alcremie, L50, F|\n|poke|p2|Gengar, L50, F|\n|poke|p2|Corviknight, L50, F|\n|poke|p2|Sableye, L50, F|\n|poke|p2|Ninetales-Alola, L50, F|\n|poke|p2|Basculegion, L50, M|\n|teampreview|4\n|inactive|Battle timer is ON: inactive players will automatically lose when time's up. (requested by ArepadeChorizard)\nArepadeChorizard rejected open team sheets.\n|\n|t:|1776304666\n|teamsize|p1|4\n|teamsize|p2|4\n|start\n|switch|p1a: Gengar|Gengar, L50, M|100/100\n|switch|p1b: Incineroar|Incineroar, L50, M|100/100\n|switch|p2a: Alcremie|Alcremie, L50, F|100/100\n|switch|p2b: Gengar|Gengar, L50, F|100/100\n|-ability|p1b: Incineroar|Intimidate|boost\n|-unboost|p2a: Alcremie|atk|1\n|-unboost|p2b: Gengar|atk|1\n|turn|1\n|inactive|EnderHugoxKiller has 30 seconds left.\n|inactive|EnderHugoxKiller has 20 seconds left.\n|\n|t:|1776304703\n|detailschange|p1a: Gengar|Gengar-Mega, L50, M\n|-mega|p1a: Gengar|Gengar|Gengarite\n|detailschange|p2b: Gengar|Gengar-Mega, L50, F\n|-mega|p2b: Gengar|Gengar|Gengarite\n|move|p2b: Gengar|Protect|p2b: Gengar\n|-singleturn|p2b: Gengar|Protect\n|move|p1b: Incineroar|Fake Out|p2a: Alcremie\n|-damage|p2a: Alcremie|87/100\n|move|p1a: Gengar|Shadow Ball|p2b: Gengar\n|-activate|p2b: Gengar|move: Protect\n|cant|p2a: Alcremie|flinch\n|\n|-heal|p2a: Alcremie|93/100|[from] item: Leftovers\n|upkeep\n|turn|2\n|\n|t:|1776304722\n|move|p1a: Gengar|Protect|p1a: Gengar\n|-singleturn|p1a: Gengar|Protect\n|move|p2b: Gengar|Shadow Ball|p1a: Gengar\n|-activate|p1a: Gengar|move: Protect\n|move|p2a: Alcremie|Decorate|p2b: Gengar\n|-boost|p2b: Gengar|atk|2\n|-boost|p2b: Gengar|spa|2\n|move|p1b: Incineroar|Darkest Lariat|p2b: Gengar\n|-supereffective|p2b: Gengar|1\n|-crit|p2b: Gengar\n|-damage|p2b: Gengar|0 fnt\n|faint|p2b: Gengar\n|\n|-heal|p2a: Alcremie|99/100|[from] item: Leftovers\n|upkeep\n|\n|t:|1776304742\n|switch|p2b: Corviknight|Corviknight, L50, F|100/100\n|turn|3\n|\n|t:|1776304751\n|move|p2b: Corviknight|Protect|p2b: Corviknight\n|-singleturn|p2b: Corviknight|Protect\n|move|p1a: Gengar|Shadow Ball|p2b: Corviknight\n|-activate|p2b: Corviknight|move: Protect\n|move|p2a: Alcremie|Calm Mind|p2a: Alcremie\n|-boost|p2a: Alcremie|spa|1\n|-boost|p2a: Alcremie|spd|1\n|move|p1b: Incineroar|Flare Blitz|p2b: Corviknight\n|-activate|p2b: Corviknight|move: Protect\n|\n|-heal|p2a: Alcremie|100/100|[from] item: Leftovers\n|upkeep\n|turn|4\n|\n|t:|1776304766\n|move|p1a: Gengar|Shadow Ball|p2b: Corviknight\n|-damage|p2b: Corviknight|46/100\n|move|p2b: Corviknight|Body Press|p1b: Incineroar\n|-supereffective|p1b: Incineroar|1\n|-damage|p1b: Incineroar|48/100\n|-enditem|p1b: Incineroar|Sitrus Berry|[eat]\n|-heal|p1b: Incineroar|73/100|[from] item: Sitrus Berry\n|move|p2a: Alcremie|Acid Armor|p2a: Alcremie\n|-boost|p2a: Alcremie|def|2\n|move|p1b: Incineroar|Flare Blitz|p2b: Corviknight\n|-supereffective|p2b: Corviknight|1\n|-damage|p2b: Corviknight|0 fnt\n|faint|p2b: Corviknight\n|-damage|p1b: Incineroar|55/100|[from] Recoil\n|\n|upkeep\n|\n|t:|1776304780\n|switch|p2b: Sableye|Sableye, L50, F|100/100\n|turn|5\n|\n|t:|1776304788\n|move|p2b: Sableye|Fake Out|p1b: Incineroar\n|-damage|p1b: Incineroar|47/100\n|move|p1a: Gengar|Dazzling Gleam|p2a: Alcremie|[spread] p2a,p2b\n|-supereffective|p2b: Sableye|1\n|-damage|p2a: Alcremie|86/100\n|-damage|p2b: Sableye|15/100\n|-enditem|p2b: Sableye|Sitrus Berry|[eat]\n|-heal|p2b: Sableye|40/100|[from] item: Sitrus Berry\n|move|p2a: Alcremie|Calm Mind|p2a: Alcremie\n|-boost|p2a: Alcremie|spa|1\n|-boost|p2a: Alcremie|spd|1\n|cant|p1b: Incineroar|flinch\n|\n|-heal|p2a: Alcremie|92/100|[from] item: Leftovers\n|upkeep\n|turn|6\n|inactive|EnderHugoxKiller has 30 seconds left.\n|\n|t:|1776304819\n|move|p1a: Gengar|Dazzling Gleam|p2a: Alcremie|[spread] p2a,p2b\n|-supereffective|p2b: Sableye|1\n|-damage|p2a: Alcremie|81/100\n|-damage|p2b: Sableye|0 fnt\n|faint|p2b: Sableye\n|move|p2a: Alcremie|Calm Mind|p2a: Alcremie\n|-boost|p2a: Alcremie|spa|1\n|-boost|p2a: Alcremie|spd|1\n|move|p1b: Incineroar|Flare Blitz|p2a: Alcremie\n|-damage|p2a: Alcremie|51/100\n|-damage|p1b: Incineroar|37/100|[from] Recoil\n|\n|-heal|p2a: Alcremie|57/100|[from] item: Leftovers\n|upkeep\n|turn|7\n|\n|t:|1776304832\n|move|p1a: Gengar|Sludge Bomb|p2a: Alcremie\n|-supereffective|p2a: Alcremie|1\n|-damage|p2a: Alcremie|17/100\n|move|p2a: Alcremie|Draining Kiss|p1b: Incineroar\n|-damage|p1b: Incineroar|0 fnt\n|-heal|p2a: Alcremie|46/100|[from] drain|[of] p1b: Incineroar\n|faint|p1b: Incineroar\n|\n|-heal|p2a: Alcremie|52/100|[from] item: Leftovers\n|upkeep\n|\n|t:|1776304843\n|switch|p1b: Araquanid|Araquanid, L50, F|100/100\n|turn|8\n|\n|t:|1776304849\n|move|p1a: Gengar|Sludge Bomb|p2a: Alcremie\n|-supereffective|p2a: Alcremie|1\n|-damage|p2a: Alcremie|9/100\n|move|p2a: Alcremie|Draining Kiss|p1b: Araquanid\n|-damage|p1b: Araquanid|59/100\n|-heal|p2a: Alcremie|38/100|[from] drain|[of] p1b: Araquanid\n|move|p1b: Araquanid|Liquidation|p2a: Alcremie\n|-damage|p2a: Alcremie|2/100\n|\n|-heal|p2a: Alcremie|7/100|[from] item: Leftovers\n|upkeep\n|turn|9\n|c|\u2606ArepadeChorizard|Gg\n|\n|t:|1776304863\n|move|p1b: Araquanid|Protect|p1b: Araquanid\n|-singleturn|p1b: Araquanid|Protect\n|move|p1a: Gengar|Dazzling Gleam|p2a: Alcremie\n|-damage|p2a: Alcremie|0 fnt\n|faint|p2a: Alcremie\n|\n|win|ArepadeChorizard\n|raw|ArepadeChorizard's rating: 1060 &rarr; <strong>1086</strong><br />(+26 for winning)\n|raw|EnderHugoxKiller's rating: 1000 &rarr; <strong>1000</strong><br />(+0 for losing)\n",
  "uploadtime": 1776304872,
  "views": 19,
  "formatid": "gen9championsvgc2026regma",
  "rating": 1000,
  "private": 0,
  "password": null
}