{
  "id": "gen9championsvgc2026regma-2583355541",
  "format": "[Gen 9 Champions] VGC 2026 Reg M-A",
  "players": [
    "gonvo",
    "SunTufo"
  ],
  "log": "|j|\u2606gonvo\n|j|\u2606SunTufo\n|t:|1776169671\n|gametype|doubles\n|player|p1|gonvo|2|1201\n|player|p2|SunTufo|li|1218\n|gen|9\n|tier|[Gen 9 Champions] VGC 2026 Reg M-A\n|rated|\n|rule|Species Clause: Limit one of each Pok\u00e9mon\n|rule|Item Clause: Limit 1 of each item\n|clearpoke\n|poke|p1|Charizard, L50, F|\n|poke|p1|Venusaur, L50, M|\n|poke|p1|Incineroar, L50, M|\n|poke|p1|Gardevoir, L50, F|\n|poke|p1|Garchomp, L50, F|\n|poke|p1|Milotic, L50, M|\n|poke|p2|Froslass, L50, F|\n|poke|p2|Milotic, L50, F|\n|poke|p2|Sneasler, L50, M|\n|poke|p2|Aerodactyl, L50, M|\n|poke|p2|Garchomp, L50, M|\n|poke|p2|Rotom-Wash, L50|\n|teampreview|4\n|inactive|Battle timer is ON: inactive players will automatically lose when time's up. (requested by gonvo)\n|inactive|gonvo has 60 seconds left.\nSunTufo rejected open team sheets.\n|inactive|gonvo has 30 seconds left.\n|\n|t:|1776169744\n|teamsize|p1|4\n|teamsize|p2|4\n|start\n|switch|p1a: Venusaur|Venusaur, L50, M|100/100\n|switch|p1b: Charizard|Charizard, L50, F|100/100\n|switch|p2a: Froslass|Froslass, L50, F, shiny|100/100\n|switch|p2b: Aerodactyl|Aerodactyl, L50, M, shiny|100/100\n|-ability|p2b: Aerodactyl|Unnerve\n|turn|1\n|\n|t:|1776169760\n|move|p2a: Froslass|Protect|p2a: Froslass\n|-singleturn|p2a: Froslass|Protect\n|move|p1b: Charizard|Protect|p1b: Charizard\n|-singleturn|p1b: Charizard|Protect\n|move|p2b: Aerodactyl|Tailwind|p2b: Aerodactyl\n|-sidestart|p2: SunTufo|move: Tailwind\n|move|p1a: Venusaur|Sleep Powder|p2b: Aerodactyl|[miss]\n|-miss|p1a: Venusaur|p2b: Aerodactyl\n|\n|upkeep\n|turn|2\n|inactive|gonvo has 30 seconds left.\n|l|\u2606gonvo\n|inactive|gonvo disconnected and has a minute to reconnect!\n|player|p1|\n|inactive|gonvo has 20 seconds left.\n|inactive|gonvo has 15 seconds left.\n|j|\u2606gonvo\n|inactive|gonvo reconnected and has 15 seconds left.\n|player|p1|gonvo|2|\n|inactive|gonvo has 10 seconds left.\n|inactive|gonvo has 5 seconds left.\n|inactive|SunTufo has 30 seconds left.\n|\n|t:|1776169814\n|switch|p1b: Milotic|Milotic, L50, M|100/100\n|move|p2b: Aerodactyl|Rock Slide|p1b: Milotic|[spread] p1a,p1b\n|-damage|p1a: Venusaur|66/100\n|-damage|p1b: Milotic|78/100\n|move|p2a: Froslass|Blizzard|p1a: Venusaur|[spread] p1a,p1b\n|-supereffective|p1a: Venusaur|1\n|-resisted|p1b: Milotic|1\n|-damage|p1a: Venusaur|0 fnt\n|-damage|p1b: Milotic|68/100\n|faint|p1a: Venusaur\n|\n|upkeep\n|\n|t:|1776169824\n|switch|p1a: Charizard|Charizard, L50, F|100/100\n|turn|3\n|\n|t:|1776169842\n|switch|p2a: Rotom|Rotom-Wash, L50|100/100\n|move|p2b: Aerodactyl|Protect|p2b: Aerodactyl\n|-singleturn|p2b: Aerodactyl|Protect\n|move|p1a: Charizard|Protect|p1a: Charizard\n|-singleturn|p1a: Charizard|Protect\n|move|p1b: Milotic|Scald|p2b: Aerodactyl\n|-activate|p2b: Aerodactyl|move: Protect\n|\n|upkeep\n|turn|4\n|\n|t:|1776169857\n|switch|p1a: Garchomp|Garchomp, L50, F|100/100\n|move|p2a: Rotom|Thunderbolt|p1b: Milotic\n|-supereffective|p1b: Milotic|1\n|-damage|p1b: Milotic|0 fnt\n|faint|p1b: Milotic\n|move|p2b: Aerodactyl|Rock Slide|p1a: Garchomp\n|-resisted|p1a: Garchomp|1\n|-damage|p1a: Garchomp|86/100\n|\n|-sideend|p2: SunTufo|move: Tailwind\n|upkeep\n|inactive|gonvo has 30 seconds left.\n|\n|t:|1776169887\n|switch|p1b: Charizard|Charizard, L50, F|100/100\n|turn|5\n|\n|t:|1776169897\n|detailschange|p1b: Charizard|Charizard-Mega-Y, L50, F\n|-mega|p1b: Charizard|Charizard|Charizardite Y\n|-weather|SunnyDay|[from] ability: Drought|[of] p1b: Charizard\n|move|p2a: Rotom|Thunderbolt|p1b: Charizard\n|-supereffective|p1b: Charizard|1\n|-damage|p1b: Charizard|9/100\n|move|p2b: Aerodactyl|Tailwind|p2b: Aerodactyl\n|-sidestart|p2: SunTufo|move: Tailwind\n|move|p1a: Garchomp|Rock Slide|p2b: Aerodactyl|[spread] p2b\n|-miss|p1a: Garchomp|p2a: Rotom\n|-supereffective|p2b: Aerodactyl|1\n|-damage|p2b: Aerodactyl|39/100\n|move|p1b: Charizard|Solar Beam||[still]\n|-prepare|p1b: Charizard|Solar Beam\n|-anim|p1b: Charizard|Solar Beam|p2a: Rotom\n|-supereffective|p2a: Rotom|1\n|-damage|p2a: Rotom|0 fnt\n|faint|p2a: Rotom\n|\n|-weather|SunnyDay|[upkeep]\n|upkeep\n|\n|t:|1776169904\n|switch|p2a: Froslass|Froslass, L50, F, shiny|100/100\n|turn|6\n|\n|t:|1776169911\n|switch|p2b: Sneasler|Sneasler, L50, M, shiny|100/100\n|detailschange|p2a: Froslass|Froslass-Mega, L50, F, shiny\n|-mega|p2a: Froslass|Froslass|Froslassite\n|-weather|Snowscape|[from] ability: Snow Warning|[of] p2a: Froslass\n|move|p1b: Charizard|Protect|p1b: Charizard\n|-singleturn|p1b: Charizard|Protect\n|move|p2a: Froslass|Blizzard|p1b: Charizard|[spread] p1a\n|-activate|p1b: Charizard|move: Protect\n|-supereffective|p1a: Garchomp|2\n|-damage|p1a: Garchomp|0 fnt\n|faint|p1a: Garchomp\n|\n|-weather|Snowscape|[upkeep]\n|upkeep\n|turn|7\n|-message|gonvo forfeited.\n|\n|win|SunTufo\n|raw|gonvo's rating: 1201 &rarr; <strong>1177</strong><br />(-24 for losing)\n|raw|SunTufo's rating: 1218 &rarr; <strong>1242</strong><br />(+24 for winning)\n|l|\u2606gonvo\n|player|p1|\n",
  "uploadtime": 1776170046,
  "views": 14,
  "formatid": "gen9championsvgc2026regma",
  "rating": 1177,
  "private": 0,
  "password": null
}