{
  "id": "gen9championsvgc2026regma-2588618643",
  "format": "[Gen 9 Champions] VGC 2026 Reg M-A",
  "players": [
    "aroswing",
    "Pettarello"
  ],
  "log": "|j|\u2606aroswing\n|j|\u2606Pettarello\n|t:|1776650664\n|gametype|doubles\n|player|p1|aroswing|marnie|1219\n|player|p2|Pettarello|li|1288\n|gen|9\n|tier|[Gen 9 Champions] VGC 2026 Reg M-A\n|rated|\n|rule|Species Clause: Limit one of each Pok\u00e9mon\n|rule|Item Clause: Limit 1 of each item\n|clearpoke\n|poke|p1|Toxicroak, L50, M|\n|poke|p1|Pelipper, L50, M|\n|poke|p1|Blastoise, L50, M|\n|poke|p1|Sinistcha, L50|\n|poke|p1|Archaludon, L50, M|\n|poke|p1|Dragonite, L50, F|\n|poke|p2|Delphox, L50, M|\n|poke|p2|Clefable, L50, F|\n|poke|p2|Aerodactyl, L50, F|\n|poke|p2|Kingambit, L50, F|\n|poke|p2|Basculegion, L50, M|\n|poke|p2|Farigiraf, L50, M|\n|teampreview|4\n|inactive|Battle timer is ON: inactive players will automatically lose when time's up. (requested by aroswing)\n|inactive|aroswing has 60 seconds left.\n|\n|t:|1776650709\n|teamsize|p1|4\n|teamsize|p2|4\n|start\n|switch|p1a: Toxicroak|Toxicroak, L50, M|100/100\n|switch|p1b: Blastoise|Blastoise, L50, M|100/100\n|switch|p2a: Kingambit|Kingambit, L50, F|100/100\n|switch|p2b: Farigiraf|Farigiraf, L50, M|100/100\n|turn|1\n|inactive|Pettarello has 30 seconds left.\n|\n|t:|1776650740\n|switch|p2a: Basculegion|Basculegion, L50, M|100/100\n|detailschange|p1b: Blastoise|Blastoise-Mega, L50, M\n|-mega|p1b: Blastoise|Blastoise|Blastoisinite\n|move|p1b: Blastoise|Dark Pulse|p2b: Farigiraf\n|-supereffective|p2b: Farigiraf|1\n|-damage|p2b: Farigiraf|24/100\n|move|p1a: Toxicroak|Close Combat|p2b: Farigiraf\n|-damage|p2b: Farigiraf|0 fnt\n|-unboost|p1a: Toxicroak|def|1\n|-unboost|p1a: Toxicroak|spd|1\n|faint|p2b: Farigiraf\n|-enditem|p1a: Toxicroak|White Herb\n|-clearnegativeboost|p1a: Toxicroak|[silent]\n|\n|upkeep\n|\n|t:|1776650759\n|switch|p2b: Delphox|Delphox, L50, M|100/100\n|turn|2\n|inactive|aroswing has 30 seconds left.\n|inactive|aroswing has 20 seconds left.\n|\n|t:|1776650794\n|switch|p1a: Archaludon|Archaludon, L50, M|100/100\n|detailschange|p2b: Delphox|Delphox-Mega, L50, M\n|-mega|p2b: Delphox|Delphox|Delphoxite\n|move|p2a: Basculegion|Last Respects|p1b: Blastoise\n|-damage|p1b: Blastoise|43/100\n|move|p2b: Delphox|Psychic|p1a: Archaludon\n|-resisted|p1a: Archaludon|1\n|-crit|p1a: Archaludon\n|-damage|p1a: Archaludon|40/100\n|-enditem|p1a: Archaludon|Sitrus Berry|[eat]\n|-heal|p1a: Archaludon|65/100|[from] item: Sitrus Berry\n|move|p1b: Blastoise|Dark Pulse|p2a: Basculegion\n|-supereffective|p2a: Basculegion|1\n|-damage|p2a: Basculegion|0 fnt\n|faint|p2a: Basculegion\n|\n|upkeep\n|\n|t:|1776650810\n|switch|p2a: Kingambit|Kingambit, L50, F|100/100\n|turn|3\n|\n|t:|1776650830\n|move|p2a: Kingambit|Sucker Punch|p1b: Blastoise\n|-damage|p1b: Blastoise|0 fnt\n|faint|p1b: Blastoise\n|move|p2b: Delphox|Heat Wave|p1a: Archaludon|[miss]\n|-miss|p2b: Delphox|p1a: Archaludon\n|move|p1a: Archaludon|Draco Meteor|p2b: Delphox|[miss]\n|-miss|p1a: Archaludon|p2b: Delphox\n|\n|upkeep\n|\n|t:|1776650838\n|switch|p1b: Pelipper|Pelipper, L50, M|100/100\n|-weather|RainDance|[from] ability: Drizzle|[of] p1b: Pelipper\n|turn|4\n|\n|t:|1776650853\n|move|p1a: Archaludon|Protect|p1a: Archaludon\n|-singleturn|p1a: Archaludon|Protect\n|move|p2b: Delphox|Psychic|p1b: Pelipper\n|-damage|p1b: Pelipper|12/100\n|-unboost|p1b: Pelipper|spd|1\n|move|p1b: Pelipper|Tailwind|p1b: Pelipper\n|-sidestart|p1: aroswing|move: Tailwind\n|move|p2a: Kingambit|Kowtow Cleave|p1b: Pelipper\n|-damage|p1b: Pelipper|0 fnt\n|faint|p1b: Pelipper\n|\n|-weather|RainDance|[upkeep]\n|upkeep\n|\n|t:|1776650864\n|switch|p1b: Toxicroak|Toxicroak, L50, M|100/100\n|turn|5\n|\n|t:|1776650888\n|move|p2a: Kingambit|Protect|p2a: Kingambit\n|-singleturn|p2a: Kingambit|Protect\n|move|p1a: Archaludon|Draco Meteor|p2b: Delphox\n|-crit|p2b: Delphox\n|-damage|p2b: Delphox|12/100\n|-unboost|p1a: Archaludon|spa|2\n|move|p1b: Toxicroak|Cross Poison|p2b: Delphox\n|-damage|p2b: Delphox|0 fnt\n|faint|p2b: Delphox\n|\n|-weather|RainDance|[upkeep]\n|upkeep\n|turn|6\n|-message|Pettarello forfeited.\n|\n|win|aroswing\n|raw|aroswing's rating: 1219 &rarr; <strong>1249</strong><br />(+30 for winning)\n|raw|Pettarello's rating: 1288 &rarr; <strong>1258</strong><br />(-30 for losing)\n|l|\u2606Pettarello\n|player|p2|\n",
  "uploadtime": 1776650903,
  "views": 7,
  "formatid": "gen9championsvgc2026regma",
  "rating": 1249,
  "private": 0,
  "password": null
}