{
  "id": "gen9championsvgc2026regma-2581663295",
  "format": "[Gen 9 Champions] VGC 2026 Reg M-A",
  "players": [
    "crj2002",
    "debouls"
  ],
  "log": "|j|\u2606crj2002\n|j|\u2606debouls\n|t:|1776018937\n|gametype|doubles\n|player|p1|crj2002|rosa|1101\n|player|p2|debouls|266|1195\n|gen|9\n|tier|[Gen 9 Champions] VGC 2026 Reg M-A\n|rated|\n|rule|Species Clause: Limit one of each Pok\u00e9mon\n|rule|Item Clause: Limit 1 of each item\n|clearpoke\n|poke|p1|Gengar, L50, M|\n|poke|p1|Politoed, L50, M|\n|poke|p1|Incineroar, L50, F|\n|poke|p1|Basculegion, L50, M|\n|poke|p1|Farigiraf, L50, F|\n|poke|p1|Whimsicott, L50, M|\n|poke|p2|Arcanine, L50, M|\n|poke|p2|Rotom-Wash, L50|\n|poke|p2|Garchomp, L50, M|\n|poke|p2|Venusaur, L50, F|\n|poke|p2|Corviknight, L50, F|\n|poke|p2|Sneasler, L50, F|\n|teampreview|4\n|l|\u2606crj2002\n|player|p1|\n|inactive|Battle timer is ON: inactive players will automatically lose when time's up. (requested by debouls)\n|j|\u2606crj2002\n|inactive|crj2002 reconnected and has 75 seconds left.\n|player|p1|crj2002|rosa|\n|inactive|crj2002 has 60 seconds left.\n|inactive|debouls has 60 seconds left.\n|\n|t:|1776019004\n|teamsize|p1|4\n|teamsize|p2|4\n|start\n|switch|p1a: Gengar|Gengar, L50, M|100/100\n|switch|p1b: Whimsicott|Whimsicott, L50, M|100/100\n|switch|p2a: Rotom|Rotom-Wash, L50|100/100\n|switch|p2b: Garchomp|Garchomp, L50, M|100/100\n|turn|1\n|\n|t:|1776019028\n|switch|p2a: Corviknight|Corviknight, L50, F|100/100\n|move|p1a: Gengar|Protect|p1a: Gengar\n|-singleturn|p1a: Gengar|Protect\n|move|p2b: Garchomp|Earthquake|p1b: Whimsicott|[spread] p1b\n|-activate|p1a: Gengar|move: Protect\n|-immune|p2a: Corviknight\n|-resisted|p1b: Whimsicott|1\n|-damage|p1b: Whimsicott|72/100\n|move|p1b: Whimsicott|Moonblast|p2b: Garchomp\n|-supereffective|p2b: Garchomp|1\n|-damage|p2b: Garchomp|21/100\n|\n|upkeep\n|turn|2\n|inactive|crj2002 has 30 seconds left.\n|inactive|debouls has 30 seconds left.\n|inactive|debouls has 20 seconds left.\n|inactive|debouls has 15 seconds left.\n|\n|t:|1776019069\n|switch|p1b: Politoed|Politoed, L50, M|100/100\n|-weather|RainDance|[from] ability: Drizzle|[of] p1b: Politoed\n|detailschange|p1a: Gengar|Gengar-Mega, L50, M\n|-mega|p1a: Gengar|Gengar|Gengarite\n|move|p1a: Gengar|Shadow Ball|p2b: Garchomp\n|-damage|p2b: Garchomp|0 fnt\n|faint|p2b: Garchomp\n|move|p2a: Corviknight|Iron Head|p1b: Politoed\n|-resisted|p1b: Politoed|1\n|-damage|p1b: Politoed|84/100\n|\n|-weather|RainDance|[upkeep]\n|-heal|p1b: Politoed|90/100|[from] item: Leftovers\n|upkeep\n|\n|t:|1776019086\n|switch|p2b: Rotom|Rotom-Wash, L50|100/100\n|turn|3\n|\n|t:|1776019109\n|switch|p1b: Incineroar|Incineroar, L50, F|100/100\n|-ability|p1b: Incineroar|Intimidate|boost\n|-ability|p2a: Corviknight|Mirror Armor\n|-unboost|p1b: Incineroar|atk|1\n|-unboost|p2b: Rotom|atk|1\n|move|p2b: Rotom|Thunderbolt|p1b: Incineroar\n|-damage|p1b: Incineroar|66/100\n|move|p1a: Gengar|Shadow Ball|p2a: Corviknight\n|-damage|p2a: Corviknight|57/100\n|move|p2a: Corviknight|Brave Bird|p1a: Gengar\n|-damage|p1a: Gengar|39/100\n|-damage|p2a: Corviknight|43/100|[from] Recoil\n|\n|-weather|RainDance|[upkeep]\n|-heal|p2a: Corviknight|49/100|[from] item: Leftovers\n|upkeep\n|turn|4\n|inactive|crj2002 has 30 seconds left.\n|inactive|debouls has 30 seconds left.\n|inactive|crj2002 has 20 seconds left.\n|\n|t:|1776019146\n|move|p1a: Gengar|Protect|p1a: Gengar\n|-singleturn|p1a: Gengar|Protect\n|move|p2b: Rotom|Thunderbolt|p1a: Gengar\n|-activate|p1a: Gengar|move: Protect\n|move|p2a: Corviknight|Tailwind|p2a: Corviknight\n|-sidestart|p2: debouls|move: Tailwind\n|move|p1b: Incineroar|Snarl|p2a: Corviknight|[spread] p2a,p2b\n|-damage|p2a: Corviknight|39/100\n|-damage|p2b: Rotom|83/100\n|-ability|p2a: Corviknight|Mirror Armor\n|-unboost|p1b: Incineroar|spa|1\n|-unboost|p2b: Rotom|spa|1\n|\n|-weather|RainDance|[upkeep]\n|-heal|p2a: Corviknight|44/100|[from] item: Leftovers\n|upkeep\n|turn|5\n|\n|t:|1776019169\n|switch|p1a: Politoed|Politoed, L50, M|90/100\n|move|p2b: Rotom|Thunderbolt|p1a: Politoed\n|-supereffective|p1a: Politoed|1\n|-damage|p1a: Politoed|42/100\n|move|p2a: Corviknight|Brave Bird|p1a: Politoed\n|-damage|p1a: Politoed|0 fnt\n|faint|p1a: Politoed\n|-damage|p2a: Corviknight|31/100|[from] Recoil\n|move|p1b: Incineroar|Parting Shot|p2b: Rotom\n|-unboost|p2b: Rotom|atk|1\n|-unboost|p2b: Rotom|spa|1\n|\n|t:|1776019182\n|switch|p1b: Gengar|Gengar-Mega, L50, M|39/100|[from] Parting Shot\n|\n|-weather|RainDance|[upkeep]\n|-heal|p2a: Corviknight|37/100|[from] item: Leftovers\n|upkeep\n|\n|t:|1776019191\n|switch|p1a: Whimsicott|Whimsicott, L50, M|72/100\n|turn|6\n|\n|t:|1776019199\n|move|p1a: Whimsicott|Tailwind|p1a: Whimsicott\n|-sidestart|p1: crj2002|move: Tailwind\n|move|p2b: Rotom|Thunderbolt|p1b: Gengar\n|-damage|p1b: Gengar|10/100\n|move|p1b: Gengar|Shadow Ball|p2a: Corviknight\n|-damage|p2a: Corviknight|0 fnt\n|faint|p2a: Corviknight\n|\n|-weather|none\n|upkeep\n|\n|t:|1776019209\n|switch|p2a: Venusaur|Venusaur, L50, F|100/100\n|turn|7\n|\n|t:|1776019225\n|switch|p1a: Incineroar|Incineroar, L50, F|66/100\n|-ability|p1a: Incineroar|Intimidate|boost\n|-unboost|p2a: Venusaur|atk|1\n|-unboost|p2b: Rotom|atk|1\n|detailschange|p2a: Venusaur|Venusaur-Mega, L50, F\n|-mega|p2a: Venusaur|Venusaur|Venusaurite\n|move|p1b: Gengar|Protect|p1b: Gengar\n|-singleturn|p1b: Gengar|Protect\n|move|p2b: Rotom|Thunderbolt|p1b: Gengar\n|-activate|p1b: Gengar|move: Protect\n|move|p2a: Venusaur|Sludge Bomb|p1a: Incineroar\n|-damage|p1a: Incineroar|34/100\n|\n|-sideend|p2: debouls|move: Tailwind\n|upkeep\n|turn|8\n|l|\u2606crj2002\n|inactive|crj2002 disconnected and has a minute to reconnect!\n|player|p1|\n|inactive|crj2002 has 30 seconds left.\n|inactive|debouls has 30 seconds left.\n|inactive|crj2002 has 20 seconds left.\n|inactive|debouls has 20 seconds left.\n|inactive|crj2002 has 15 seconds left.\n|inactive|crj2002 has 10 seconds left.\n|inactive|crj2002 has 5 seconds left.\n|-message|crj2002 lost due to inactivity.\n|\n|win|debouls\n|raw|crj2002's rating: 1101 &rarr; <strong>1083</strong><br />(-18 for losing)\n|raw|debouls's rating: 1195 &rarr; <strong>1213</strong><br />(+18 for winning)\n",
  "uploadtime": 1776019286,
  "views": 14,
  "formatid": "gen9championsvgc2026regma",
  "rating": 1083,
  "private": 0,
  "password": null
}