{
  "id": "gen9championsvgc2026regma-2586835325",
  "format": "[Gen 9 Champions] VGC 2026 Reg M-A",
  "players": [
    "apanes",
    "BeTransThrowHands"
  ],
  "log": "|j|\u2606apanes\n|j|\u2606BeTransThrowHands\n|t:|1776463894\n|gametype|doubles\n|player|p1|apanes|scientist|1025\n|player|p2|BeTransThrowHands|may-masters|1125\n|gen|9\n|tier|[Gen 9 Champions] VGC 2026 Reg M-A\n|rated|\n|rule|Species Clause: Limit one of each Pok\u00e9mon\n|rule|Item Clause: Limit 1 of each item\n|clearpoke\n|poke|p1|Politoed, L50, M|\n|poke|p1|Maushold, L50|\n|poke|p1|Archaludon, L50, M|\n|poke|p1|Cofagrigus, L50, F|\n|poke|p1|Gardevoir, L50, F|\n|poke|p1|Dragonite, L50, F|\n|poke|p2|Delphox, L50, F|\n|poke|p2|Froslass, L50, F|\n|poke|p2|Clefable, L50, F|\n|poke|p2|Aerodactyl, L50, M|\n|poke|p2|Glaceon, L50, M|\n|poke|p2|Sneasler, L50, M|\n|teampreview|4\n|\n|t:|1776463943\n|teamsize|p1|4\n|teamsize|p2|4\n|start\n|switch|p1a: WTC|Archaludon, L50, M|100/100\n|switch|p1b: Unc|Cofagrigus, L50, F|100/100\n|switch|p2a: Froslass|Froslass, L50, F|100/100\n|switch|p2b: Glaceon|Glaceon, L50, M, shiny|100/100\n|turn|1\n|\n|t:|1776463962\n|detailschange|p2a: Froslass|Froslass-Mega, L50, F\n|-mega|p2a: Froslass|Froslass|Froslassite\n|-weather|Snowscape|[from] ability: Snow Warning|[of] p2a: Froslass\n|move|p2a: Froslass|Shadow Ball|p1b: Unc\n|-supereffective|p1b: Unc|1\n|-damage|p1b: Unc|17/100\n|move|p1a: WTC|Flash Cannon|p2a: Froslass\n|-supereffective|p2a: Froslass|1\n|-damage|p2a: Froslass|11/100\n|move|p2b: Glaceon|Blizzard|p1a: WTC|[spread] p1a,p1b\n|-damage|p1a: WTC|43/100\n|-damage|p1b: Unc|0 fnt\n|-status|p1a: WTC|frz\n|-ability|p1a: WTC|Stamina|boost\n|-boost|p1a: WTC|def|1\n|faint|p1b: Unc\n|\n|-weather|Snowscape|[upkeep]\n|upkeep\n|\n|t:|1776463984\n|switch|p1b: PeePee|Politoed, L50, M|100/100\n|-weather|RainDance|[from] ability: Drizzle|[of] p1b: PeePee\n|turn|2\n|\n|t:|1776463995\n|switch|p2a: Clefable|Clefable, L50, F, shiny|100/100\n|cant|p1a: WTC|frz\n|move|p1b: PeePee|Muddy Water|p2b: Glaceon|[spread] p2a,p2b\n|-damage|p2a: Clefable|66/100\n|-damage|p2b: Glaceon|53/100\n|-unboost|p2b: Glaceon|accuracy|1\n|move|p2b: Glaceon|Freeze-Dry|p1b: PeePee|[miss]\n|-miss|p2b: Glaceon|p1b: PeePee\n|\n|-weather|RainDance|[upkeep]\n|upkeep\n|turn|3\n|\n|t:|1776464012\n|cant|p1a: WTC|frz\n|move|p1b: PeePee|Muddy Water|p2a: Clefable|[spread] p2a,p2b\n|-damage|p2a: Clefable|35/100\n|-damage|p2b: Glaceon|11/100\n|-unboost|p2b: Glaceon|accuracy|1\n|-enditem|p2a: Clefable|Sitrus Berry|[eat]\n|-heal|p2a: Clefable|59/100|[from] item: Sitrus Berry\n|move|p2b: Glaceon|Freeze-Dry|p1b: PeePee\n|-supereffective|p1b: PeePee|1\n|-damage|p1b: PeePee|20/100\n|-enditem|p1b: PeePee|Sitrus Berry|[eat]\n|-heal|p1b: PeePee|45/100|[from] item: Sitrus Berry\n|move|p2a: Clefable|Moonblast|p1a: WTC\n|-damage|p1a: WTC|11/100 frz\n|-ability|p1a: WTC|Stamina|boost\n|-boost|p1a: WTC|def|1\n|\n|-weather|RainDance|[upkeep]\n|upkeep\n|turn|4\n|\n|t:|1776464057\n|switch|p2b: Sneasler|Sneasler, L50, M|100/100\n|move|p2a: Clefable|Protect|p2a: Clefable\n|-singleturn|p2a: Clefable|Protect\n|-curestatus|p1a: WTC|frz|[msg]\n|move|p1a: WTC|Flash Cannon|p2a: Clefable\n|-activate|p2a: Clefable|move: Protect\n|move|p1b: PeePee|Muddy Water|p2b: Sneasler|[spread] p2b\n|-activate|p2a: Clefable|move: Protect\n|-damage|p2b: Sneasler|44/100\n|\n|-weather|RainDance|[upkeep]\n|upkeep\n|turn|5\n|\n|t:|1776464080\n|move|p1a: WTC|Protect|p1a: WTC\n|-singleturn|p1a: WTC|Protect\n|move|p2b: Sneasler|Close Combat|p1b: PeePee\n|-damage|p1b: PeePee|0 fnt\n|-unboost|p2b: Sneasler|def|1\n|-unboost|p2b: Sneasler|spd|1\n|faint|p1b: PeePee\n|-enditem|p2b: Sneasler|White Herb\n|-clearnegativeboost|p2b: Sneasler|[silent]\n|move|p2a: Clefable|Life Dew|p2a: Clefable|[spread] p2a,p2b\n|-heal|p2a: Clefable|85/100\n|-heal|p2b: Sneasler|69/100\n|\n|-weather|RainDance|[upkeep]\n|upkeep\n|\n|t:|1776464095\n|switch|p1b: They/Them|Maushold, L50|100/100\n|turn|6\n|\n|t:|1776464108\n|move|p2b: Sneasler|Close Combat|p1b: They/Them\n|-supereffective|p1b: They/Them|1\n|-enditem|p1b: They/Them|Focus Sash\n|-damage|p1b: They/Them|1/100\n|-unboost|p2b: Sneasler|def|1\n|-unboost|p2b: Sneasler|spd|1\n|move|p1b: They/Them|Encore|p2a: Clefable\n|-start|p2a: Clefable|Encore\n|move|p1a: WTC|Electro Shot||[still]\n|-prepare|p1a: WTC|Electro Shot\n|-boost|p1a: WTC|spa|1\n|-anim|p1a: WTC|Electro Shot|p2b: Sneasler\n|-crit|p2b: Sneasler\n|-damage|p2b: Sneasler|0 fnt\n|faint|p2b: Sneasler\n|move|p2a: Clefable|Life Dew|p2a: Clefable\n|-heal|p2a: Clefable|100/100\n|\n|-weather|none\n|upkeep\n|\n|t:|1776464122\n|switch|p2b: Froslass|Froslass-Mega, L50, F|11/100\n|-weather|Snowscape|[from] ability: Snow Warning|[of] p2b: Froslass\n|turn|7\n|\n|t:|1776464140\n|move|p1b: They/Them|Follow Me|p1b: They/Them\n|-singleturn|p1b: They/Them|move: Follow Me\n|move|p2b: Froslass|Blizzard|p1b: They/Them|[spread] p1a,p1b\n|-damage|p1a: WTC|0 fnt\n|-damage|p1b: They/Them|0 fnt\n|faint|p1a: WTC\n|faint|p1b: They/Them\n|\n|win|BeTransThrowHands\n|raw|apanes's rating: 1025 &rarr; <strong>1015</strong><br />(-10 for losing)\n|raw|BeTransThrowHands's rating: 1125 &rarr; <strong>1143</strong><br />(+18 for winning)\n|l|\u2606apanes\n|player|p1|\n",
  "uploadtime": 1776464147,
  "views": 23,
  "formatid": "gen9championsvgc2026regma",
  "rating": 1015,
  "private": 0,
  "password": null
}