{
  "id": "gen9championsvgc2026regma-2581276019",
  "format": "[Gen 9 Champions] VGC 2026 Reg M-A",
  "players": [
    "GoodestGreavard",
    "RyushinYuki"
  ],
  "log": "|j|\u2606GoodestGreavard\n|j|\u2606RyushinYuki\n|t:|1775980020\n|gametype|doubles\n|player|p1|GoodestGreavard|102|1319\n|player|p2|RyushinYuki|cynthia-masters|1493\n|gen|9\n|tier|[Gen 9 Champions] VGC 2026 Reg M-A\n|rated|\n|rule|Species Clause: Limit one of each Pok\u00e9mon\n|rule|Item Clause: Limit 1 of each item\n|clearpoke\n|poke|p1|Basculegion, L50, M|\n|poke|p1|Incineroar, L50, M|\n|poke|p1|Pelipper, L50, M|\n|poke|p1|Archaludon, L50, F|\n|poke|p1|Meganium, L50, M|\n|poke|p1|Dragonite, L50, F|\n|poke|p2|Corviknight, L50, F|\n|poke|p2|Tyranitar, L50, M|\n|poke|p2|Excadrill, L50, F|\n|poke|p2|Meganium, L50, M|\n|poke|p2|Sneasler, L50, F|\n|poke|p2|Rotom-Wash, L50|\n|teampreview|4\n|\n|t:|1775980057\n|teamsize|p1|4\n|teamsize|p2|4\n|start\n|switch|p1a: Basculegion|Basculegion, L50, M|100/100\n|switch|p1b: Meganium|Meganium, L50, M|100/100\n|switch|p2a: Excadrill|Excadrill, L50, F|100/100\n|switch|p2b: Sneasler|Sneasler, L50, F|100/100\n|turn|1\n|j| gE1xjZRtuhW2DdT0AK\n|\n|t:|1775980102\n|move|p2b: Sneasler|Protect|p2b: Sneasler\n|-singleturn|p2b: Sneasler|Protect\n|move|p1b: Meganium|Protect|p1b: Meganium\n|-singleturn|p1b: Meganium|Protect\n|move|p1a: Basculegion|Flip Turn|p2b: Sneasler\n|-activate|p2b: Sneasler|move: Protect\n|move|p2a: Excadrill|Earthquake|p1a: Basculegion|[spread] p1a\n|-activate|p2b: Sneasler|move: Protect\n|-activate|p1b: Meganium|move: Protect\n|-damage|p1a: Basculegion|42/100\n|\n|upkeep\n|turn|2\n|j| jungro\n|\n|t:|1775980129\n|switch|p2b: Tyranitar|Tyranitar, L50, M|100/100\n|-weather|Sandstorm|[from] ability: Sand Stream|[of] p2b: Tyranitar\n|switch|p1b: Pelipper|Pelipper, L50, M|100/100\n|-weather|RainDance|[from] ability: Drizzle|[of] p1b: Pelipper\n|move|p1a: Basculegion|Flip Turn|p2b: Tyranitar\n|-supereffective|p2b: Tyranitar|1\n|-damage|p2b: Tyranitar|10/100\n|\n|t:|1775980140\n|switch|p1a: Meganium|Meganium, L50, M|100/100|[from] Flip Turn\n|move|p2a: Excadrill|High Horsepower|p1a: Meganium\n|-resisted|p1a: Meganium|1\n|-damage|p1a: Meganium|74/100\n|\n|-weather|RainDance|[upkeep]\n|upkeep\n|turn|3\n|\n|t:|1775980154\n|switch|p1b: Dragonite|Dragonite, L50, F|100/100\n|switch|p2b: Meganium|Meganium, L50, M|100/100\n|detailschange|p1a: Meganium|Meganium-Mega, L50, M\n|-mega|p1a: Meganium|Meganium|Meganiumite\n|move|p2a: Excadrill|Iron Head|p1a: Meganium\n|-supereffective|p1a: Meganium|1\n|-damage|p1a: Meganium|0 fnt\n|faint|p1a: Meganium\n|\n|-weather|RainDance|[upkeep]\n|upkeep\n|\n|t:|1775980165\n|switch|p1a: Basculegion|Basculegion, L50, M|42/100\n|turn|4\n|j| Junglebolt\n|l| Junglebolt\n|j| Junglebolt\n|\n|t:|1775980207\n|switch|p2b: Tyranitar|Tyranitar, L50, M|10/100\n|-weather|Sandstorm|[from] ability: Sand Stream|[of] p2b: Tyranitar\n|move|p2a: Excadrill|High Horsepower|p1a: Basculegion\n|-damage|p1a: Basculegion|0 fnt\n|faint|p1a: Basculegion\n|move|p1b: Dragonite|Hurricane|p2b: Tyranitar\n|-resisted|p2b: Tyranitar|1\n|-damage|p2b: Tyranitar|0 fnt\n|faint|p2b: Tyranitar\n|\n|-weather|Sandstorm|[upkeep]\n|-damage|p1b: Dragonite|95/100|[from] Sandstorm\n|upkeep\n|l| Junglebolt\n|l| jungro\n|\n|t:|1775980232\n|switch|p1a: Pelipper|Pelipper, L50, M|100/100\n|switch|p2b: Sneasler|Sneasler, L50, F|100/100\n|-weather|RainDance|[from] ability: Drizzle|[of] p1a: Pelipper\n|turn|5\n|\n|t:|1775980253\n|move|p2b: Sneasler|Close Combat|p1a: Pelipper\n|-resisted|p1a: Pelipper|1\n|-damage|p1a: Pelipper|56/100\n|-unboost|p2b: Sneasler|def|1\n|-unboost|p2b: Sneasler|spd|1\n|-enditem|p2b: Sneasler|White Herb\n|-clearnegativeboost|p2b: Sneasler|[silent]\n|move|p2a: Excadrill|Iron Head|p1a: Pelipper\n|-resisted|p1a: Pelipper|1\n|-damage|p1a: Pelipper|27/100\n|move|p1a: Pelipper|Muddy Water|p2a: Excadrill|[spread] p2a,p2b\n|-supereffective|p2a: Excadrill|1\n|-enditem|p2a: Excadrill|Focus Sash\n|-damage|p2a: Excadrill|1/100\n|-damage|p2b: Sneasler|40/100\n|move|p1b: Dragonite|Hurricane|p2b: Sneasler\n|-supereffective|p2b: Sneasler|1\n|-damage|p2b: Sneasler|0 fnt\n|faint|p2b: Sneasler\n|\n|-weather|RainDance|[upkeep]\n|upkeep\n|j| Baby Kunai\n|j| Junglebolt\n|l| Junglebolt\n|\n|t:|1775980267\n|switch|p2b: Meganium|Meganium, L50, M|100/100\n|turn|6\n|\n|t:|1775980286\n|detailschange|p2b: Meganium|Meganium-Mega, L50, M\n|-mega|p2b: Meganium|Meganium|Meganiumite\n|move|p1a: Pelipper|Protect|p1a: Pelipper\n|-singleturn|p1a: Pelipper|Protect\n|move|p2b: Meganium|Dazzling Gleam|p1b: Dragonite|[spread] p1b\n|-activate|p1a: Pelipper|move: Protect\n|-supereffective|p1b: Dragonite|1\n|-damage|p1b: Dragonite|29/100\n|move|p2a: Excadrill|Iron Head|p1b: Dragonite\n|-damage|p1b: Dragonite|0 fnt\n|faint|p1b: Dragonite\n|\n|-weather|RainDance|[upkeep]\n|upkeep\n|turn|7\n|-message|GoodestGreavard forfeited.\n|\n|win|RyushinYuki\n|raw|GoodestGreavard's rating: 1319 &rarr; <strong>1308</strong><br />(-11 for losing)\n|raw|RyushinYuki's rating: 1493 &rarr; <strong>1504</strong><br />(+11 for winning)\n|l|\u2606GoodestGreavard\n|player|p1|\n",
  "uploadtime": 1775980313,
  "views": 99,
  "formatid": "gen9championsvgc2026regma",
  "rating": 1308,
  "private": 0,
  "password": null
}