{
  "id": "gen9championsvgc2026regma-2586172686",
  "format": "[Gen 9 Champions] VGC 2026 Reg M-A",
  "players": [
    "Yamoshi78",
    "efdfsdfsa"
  ],
  "log": "|j|\u2606Yamoshi78\n|j|\u2606efdfsdfsa\n|t:|1776408251\n|gametype|doubles\n|player|p1|Yamoshi78|shadowtriad|1116\n|player|p2|efdfsdfsa|101|1082\n|gen|9\n|tier|[Gen 9 Champions] VGC 2026 Reg M-A\n|rated|\n|rule|Species Clause: Limit one of each Pok\u00e9mon\n|rule|Item Clause: Limit 1 of each item\n|clearpoke\n|poke|p1|Meganium, L50, F|\n|poke|p1|Excadrill, L50, F|\n|poke|p1|Tyranitar, L50, M|\n|poke|p1|Rotom-Wash, L50|\n|poke|p1|Dragapult, L50, M|\n|poke|p1|Sneasler, L50, F|\n|poke|p2|Floette-Eternal, L50, F|\n|poke|p2|Incineroar, L50, F|\n|poke|p2|Garchomp, L50, F|\n|poke|p2|Sinistcha, L50|\n|poke|p2|Basculegion, L50, M|\n|poke|p2|Corviknight, L50, M|\n|teampreview|4\n|\n|t:|1776408297\n|teamsize|p1|4\n|teamsize|p2|4\n|start\n|switch|p1a: Sneasler|Sneasler, L50, F|100/100\n|switch|p1b: Dragapult|Dragapult, L50, M|100/100\n|switch|p2a: Incineroar|Incineroar, L50, F|100/100\n|switch|p2b: Basculegion|Basculegion, L50, M|100/100\n|-ability|p2a: Incineroar|Intimidate|boost\n|-unboost|p1a: Sneasler|atk|1\n|-fail|p1b: Dragapult|unboost|[from] ability: Clear Body|[of] p1b: Dragapult\n|-enditem|p1a: Sneasler|White Herb\n|-clearnegativeboost|p1a: Sneasler|[silent]\n|turn|1\n|\n|t:|1776408324\n|move|p1a: Sneasler|Fake Out|p2a: Incineroar\n|-crit|p2a: Incineroar\n|-damage|p2a: Incineroar|79/100\n|move|p1b: Dragapult|Phantom Force||[still]\n|-prepare|p1b: Dragapult|Phantom Force\n|move|p2b: Basculegion|Flip Turn|p1a: Sneasler\n|-damage|p1a: Sneasler|47/100\n|\n|t:|1776408343\n|switch|p2b: Corviknight|Corviknight, L50, M|100/100|[from] Flip Turn\n|-ability|p2b: Corviknight|Pressure\n|cant|p2a: Incineroar|flinch\n|\n|upkeep\n|turn|2\n|\n|t:|1776408366\n|move|p1a: Sneasler|Close Combat|p2a: Incineroar\n|-supereffective|p2a: Incineroar|1\n|-enditem|p2a: Incineroar|Chople Berry|[eat]\n|-enditem|p2a: Incineroar|Chople Berry|[weaken]\n|-damage|p2a: Incineroar|18/100\n|-unboost|p1a: Sneasler|def|1\n|-unboost|p1a: Sneasler|spd|1\n|move|p1b: Dragapult|Phantom Force|p2b: Corviknight|[from] lockedmove\n|-damage|p2b: Corviknight|68/100\n|move|p2b: Corviknight|Tailwind|p2b: Corviknight\n|-sidestart|p2: efdfsdfsa|move: Tailwind\n|move|p2a: Incineroar|Darkest Lariat|p1a: Sneasler\n|-resisted|p1a: Sneasler|1\n|-damage|p1a: Sneasler|22/100\n|\n|-heal|p2b: Corviknight|74/100|[from] item: Leftovers\n|upkeep\n|turn|3\n|\n|t:|1776408413\n|move|p1a: Sneasler|Protect|p1a: Sneasler\n|-singleturn|p1a: Sneasler|Protect\n|move|p1b: Dragapult|Dragon Darts|p2a: Incineroar\n|-damage|p2a: Incineroar|0 fnt\n|-anim|p1b: Dragapult|Dragon Darts|p2b: Corviknight\n|-resisted|p2b: Corviknight|1\n|-crit|p2b: Corviknight\n|-damage|p2b: Corviknight|59/100\n|faint|p2a: Incineroar\n|move|p2b: Corviknight|Brave Bird|p1b: Dragapult\n|-damage|p1b: Dragapult|53/100\n|-damage|p2b: Corviknight|45/100|[from] Recoil\n|\n|-heal|p2b: Corviknight|51/100|[from] item: Leftovers\n|upkeep\n|\n|t:|1776408426\n|switch|p2a: Garchomp|Garchomp, L50, F|100/100\n|turn|4\n|\n|t:|1776408447\n|move|p1b: Dragapult|Protect|p1b: Dragapult\n|-singleturn|p1b: Dragapult|Protect\n|move|p2a: Garchomp|Earthquake|p1a: Sneasler|[spread] p1a\n|-activate|p1b: Dragapult|move: Protect\n|-immune|p2b: Corviknight\n|-supereffective|p1a: Sneasler|1\n|-damage|p1a: Sneasler|0 fnt\n|faint|p1a: Sneasler\n|move|p2b: Corviknight|Roost|p2b: Corviknight\n|-heal|p2b: Corviknight|100/100\n|-singleturn|p2b: Corviknight|move: Roost\n|\n|upkeep\n|\n|t:|1776408469\n|switch|p1a: Meganium|Meganium, L50, F|100/100\n|turn|5\n|\n|t:|1776408483\n|switch|p2a: Basculegion|Basculegion, L50, M|100/100\n|move|p1a: Meganium|Protect|p1a: Meganium\n|-singleturn|p1a: Meganium|Protect\n|move|p1b: Dragapult|Will-O-Wisp|p2a: Basculegion\n|-status|p2a: Basculegion|brn\n|move|p2b: Corviknight|Brave Bird|p1a: Meganium\n|-activate|p1a: Meganium|move: Protect\n|\n|-damage|p2a: Basculegion|94/100 brn|[from] brn\n|-sideend|p2: efdfsdfsa|move: Tailwind\n|upkeep\n|turn|6\n|\n|t:|1776408508\n|detailschange|p1a: Meganium|Meganium-Mega, L50, F\n|-mega|p1a: Meganium|Meganium|Meganiumite\n|move|p1b: Dragapult|Dragon Darts|p2b: Corviknight\n|-resisted|p2b: Corviknight|1\n|-damage|p2b: Corviknight|91/100\n|-anim|p1b: Dragapult|Dragon Darts|p2a: Basculegion\n|-damage|p2a: Basculegion|65/100 brn\n|move|p1a: Meganium|Weather Ball|p2b: Corviknight\n|-supereffective|p2b: Corviknight|1\n|-damage|p2b: Corviknight|0 fnt\n|faint|p2b: Corviknight\n|move|p2a: Basculegion|Flip Turn|p1b: Dragapult\n|-resisted|p1b: Dragapult|1\n|-damage|p1b: Dragapult|39/100\n|\n|t:|1776408521\n|switch|p2a: Garchomp|Garchomp, L50, F|100/100|[from] Flip Turn\n|\n|upkeep\n|\n|t:|1776408524\n|switch|p2b: Basculegion|Basculegion, L50, M|65/100 brn\n|turn|7\n|\n|t:|1776408539\n|move|p2a: Garchomp|Dragon Claw|p1b: Dragapult\n|-supereffective|p1b: Dragapult|1\n|-damage|p1b: Dragapult|0 fnt\n|faint|p1b: Dragapult\n|move|p1a: Meganium|Dazzling Gleam|p2a: Garchomp|[spread] p2a,p2b\n|-supereffective|p2a: Garchomp|1\n|-damage|p2a: Garchomp|18/100\n|-damage|p2b: Basculegion|29/100 brn\n|move|p2b: Basculegion|Last Respects|p1a: Meganium\n|-damage|p1a: Meganium|64/100\n|\n|-damage|p2b: Basculegion|23/100 brn|[from] brn\n|upkeep\n|\n|t:|1776408552\n|switch|p1b: Rotom|Rotom-Wash, L50|100/100\n|turn|8\n|\n|t:|1776408571\n|move|p2a: Garchomp|Dragon Claw|p1a: Meganium\n|-immune|p1a: Meganium\n|move|p1b: Rotom|Hydro Pump|p2a: Garchomp|[miss]\n|-miss|p1b: Rotom|p2a: Garchomp\n|move|p1a: Meganium|Dazzling Gleam|p2a: Garchomp|[spread] p2a,p2b\n|-supereffective|p2a: Garchomp|1\n|-damage|p2a: Garchomp|0 fnt\n|-damage|p2b: Basculegion|0 fnt\n|faint|p2a: Garchomp\n|faint|p2b: Basculegion\n|\n|win|Yamoshi78\n|raw|Yamoshi78's rating: 1116 &rarr; <strong>1139</strong><br />(+23 for winning)\n|raw|efdfsdfsa's rating: 1082 &rarr; <strong>1062</strong><br />(-20 for losing)\n|l|\u2606efdfsdfsa\n|player|p2|\n",
  "uploadtime": 1776408585,
  "views": 19,
  "formatid": "gen9championsvgc2026regma",
  "rating": 1062,
  "private": 0,
  "password": null
}