{
  "id": "gen9championsvgc2026regma-2583660088",
  "format": "[Gen 9 Champions] VGC 2026 Reg M-A",
  "players": [
    "zfolder6",
    "emochi"
  ],
  "log": "|j|\u2606zfolder6\n|j|\u2606emochi\n|t:|1776189374\n|gametype|doubles\n|player|p1|zfolder6|infielder|1073\n|player|p2|emochi|266|1005\n|gen|9\n|tier|[Gen 9 Champions] VGC 2026 Reg M-A\n|rated|\n|rule|Species Clause: Limit one of each Pok\u00e9mon\n|rule|Item Clause: Limit 1 of each item\n|clearpoke\n|poke|p1|Meganium, L50, F|\n|poke|p1|Kangaskhan, L50, F|\n|poke|p1|Aerodactyl, L50, F|\n|poke|p1|Typhlosion-Hisui, L50, M|\n|poke|p1|Incineroar, L50, F|\n|poke|p1|Archaludon, L50, F|\n|poke|p2|Delphox, L50, M|\n|poke|p2|Basculegion, L50, M|\n|poke|p2|Clefable, L50, F|\n|poke|p2|Kingambit, L50, F|\n|poke|p2|Sneasler, L50, M|\n|poke|p2|Dragonite, L50, F|\n|teampreview|4\n|inactive|Battle timer is ON: inactive players will automatically lose when time's up. (requested by emochi)\n|inactive|zfolder6 has 60 seconds left.\n|\n|t:|1776189407\n|teamsize|p1|4\n|teamsize|p2|4\n|start\n|switch|p1a: Aerodactyl|Aerodactyl, L50, F|100/100\n|switch|p1b: Meganium|Meganium, L50, F|100/100\n|switch|p2a: Delphox|Delphox, L50, M|100/100\n|switch|p2b: Sneasler|Sneasler, L50, M|100/100\n|-ability|p1a: Aerodactyl|Unnerve\n|turn|1\n|inactive|emochi has 30 seconds left.\n|\n|t:|1776189439\n|detailschange|p2a: Delphox|Delphox-Mega, L50, M\n|-mega|p2a: Delphox|Delphox|Delphoxite\n|move|p1a: Aerodactyl|Protect|p1a: Aerodactyl\n|-singleturn|p1a: Aerodactyl|Protect\n|move|p1b: Meganium|Protect|p1b: Meganium\n|-singleturn|p1b: Meganium|Protect\n|move|p2b: Sneasler|Fake Out|p1a: Aerodactyl\n|-activate|p1a: Aerodactyl|move: Protect\n|move|p2a: Delphox|Nasty Plot|p2a: Delphox\n|-boost|p2a: Delphox|spa|2\n|\n|upkeep\n|turn|2\n|inactive|zfolder6 has 30 seconds left.\n|\n|t:|1776189465\n|switch|p1b: Incineroar|Incineroar, L50, F|100/100\n|-ability|p1b: Incineroar|Intimidate|boost\n|-unboost|p2a: Delphox|atk|1\n|-unboost|p2b: Sneasler|atk|1\n|move|p2a: Delphox|Heat Wave|p1a: Aerodactyl|[spread] p1a,p1b\n|-resisted|p1a: Aerodactyl|1\n|-resisted|p1b: Incineroar|1\n|-damage|p1a: Aerodactyl|38/100\n|-damage|p1b: Incineroar|56/100\n|move|p1a: Aerodactyl|Tailwind|p1a: Aerodactyl\n|-sidestart|p1: zfolder6|move: Tailwind\n|move|p2b: Sneasler|Close Combat|p1a: Aerodactyl\n|-damage|p1a: Aerodactyl|0 fnt\n|-unboost|p2b: Sneasler|def|1\n|-unboost|p2b: Sneasler|spd|1\n|faint|p1a: Aerodactyl\n|\n|upkeep\n|\n|t:|1776189482\n|switch|p1a: Meganium|Meganium, L50, F|100/100\n|turn|3\n|\n|t:|1776189493\n|detailschange|p1a: Meganium|Meganium-Mega, L50, F\n|-mega|p1a: Meganium|Meganium|Meganiumite\n|move|p2a: Delphox|Protect|p2a: Delphox\n|-singleturn|p2a: Delphox|Protect\n|move|p2b: Sneasler|Protect|p2b: Sneasler\n|-singleturn|p2b: Sneasler|Protect\n|move|p1a: Meganium|Dazzling Gleam|p2a: Delphox|[spread] \n|-activate|p2a: Delphox|move: Protect\n|-activate|p2b: Sneasler|move: Protect\n|move|p1b: Incineroar|Darkest Lariat|p2a: Delphox\n|-activate|p2a: Delphox|move: Protect\n|\n|upkeep\n|turn|4\n|\n|t:|1776189513\n|move|p1a: Meganium|Dazzling Gleam|p2b: Sneasler|[spread] p2a,p2b\n|-resisted|p2a: Delphox|1\n|-damage|p2a: Delphox|84/100\n|-damage|p2b: Sneasler|17/100\n|move|p2a: Delphox|Heat Wave|p1a: Meganium|[spread] p1a\n|-miss|p2a: Delphox|p1b: Incineroar\n|-supereffective|p1a: Meganium|1\n|-damage|p1a: Meganium|0 fnt\n|faint|p1a: Meganium\n|move|p2b: Sneasler|Close Combat|p1b: Incineroar\n|-supereffective|p1b: Incineroar|1\n|-damage|p1b: Incineroar|0 fnt\n|-unboost|p2b: Sneasler|def|1\n|-unboost|p2b: Sneasler|spd|1\n|faint|p1b: Incineroar\n|\n|upkeep\n|\n|t:|1776189530\n|switch|p1a: Archaludon|Archaludon, L50, F|100/100\n|turn|5\n|\n|t:|1776189541\n|switch|p2b: Clefable|Clefable, L50, F|100/100\n|move|p2a: Delphox|Protect|p2a: Delphox\n|-singleturn|p2a: Delphox|Protect\n|move|p1a: Archaludon|Dragon Pulse|p2b: Clefable\n|-immune|p2b: Clefable\n|\n|-sideend|p1: zfolder6|move: Tailwind\n|upkeep\n|turn|6\n|\n|t:|1776189557\n|move|p2b: Clefable|Follow Me|p2b: Clefable\n|-singleturn|p2b: Clefable|move: Follow Me\n|move|p2a: Delphox|Nasty Plot|p2a: Delphox\n|-boost|p2a: Delphox|spa|2\n|move|p1a: Archaludon|Steel Beam|p2b: Clefable|[miss]\n|-miss|p1a: Archaludon|p2b: Clefable\n|-damage|p1a: Archaludon|50/100|[from] steelbeam\n|\n|-heal|p1a: Archaludon|56/100|[from] item: Leftovers\n|upkeep\n|turn|7\n|-message|zfolder6 forfeited.\n|\n|win|emochi\n|raw|zfolder6's rating: 1073 &rarr; <strong>1048</strong><br />(-25 for losing)\n|raw|emochi's rating: 1005 &rarr; <strong>1052</strong><br />(+47 for winning)\n|l|\u2606zfolder6\n|player|p1|\n|l|\u2606emochi\n|player|p2|\n|j|\u2606emochi\n|player|p2|emochi|266|\n",
  "uploadtime": 1776189580,
  "views": 26,
  "formatid": "gen9championsvgc2026regma",
  "rating": 1048,
  "private": 0,
  "password": null
}