{
  "id": "gen9championsvgc2026regma-2585097496",
  "format": "[Gen 9 Champions] VGC 2026 Reg M-A",
  "players": [
    "shiver419",
    "Terypagos"
  ],
  "log": "|j|\u2606shiver419\n|j|\u2606Terypagos\n|t:|1776311477\n|gametype|doubles\n|player|p1|shiver419|101|1511\n|player|p2|Terypagos|turo-ai|1423\n|gen|9\n|tier|[Gen 9 Champions] VGC 2026 Reg M-A\n|rated|\n|rule|Species Clause: Limit one of each Pok\u00e9mon\n|rule|Item Clause: Limit 1 of each item\n|clearpoke\n|poke|p1|Venusaur, L50, F|\n|poke|p1|Incineroar, L50, F|\n|poke|p1|Garchomp, L50, F|\n|poke|p1|Farigiraf, L50, M|\n|poke|p1|Primarina, L50, M|\n|poke|p1|Kingambit, L50, M|\n|poke|p2|Floette-Eternal, L50, F|\n|poke|p2|Aerodactyl, L50, M|\n|poke|p2|Garchomp, L50, F|\n|poke|p2|Incineroar, L50, F|\n|poke|p2|Basculegion, L50, M|\n|poke|p2|Sneasler, L50, M|\n|teampreview|4\n|j| gamalvgc?\n|\n|t:|1776311549\n|teamsize|p1|4\n|teamsize|p2|4\n|start\n|switch|p1a: Incineroar|Incineroar, L50, F|100/100\n|switch|p1b: Farigiraf|Farigiraf, L50, M|100/100\n|switch|p2a: Incineroar|Incineroar, L50, F|100/100\n|switch|p2b: Floette|Floette-Eternal, L50, F|100/100\n|-ability|p1a: Incineroar|Intimidate|boost\n|-unboost|p2a: Incineroar|atk|1\n|-unboost|p2b: Floette|atk|1\n|-ability|p2a: Incineroar|Intimidate|boost\n|-unboost|p1a: Incineroar|atk|1\n|-unboost|p1b: Farigiraf|atk|1\n|turn|1\n|\n|t:|1776311565\n|detailschange|p2b: Floette|Floette-Mega, L50, F\n|-mega|p2b: Floette|Floette|Floettite\n|-ability|p2b: Floette|Fairy Aura\n|move|p2b: Floette|Light of Ruin|p1b: Farigiraf\n|-damage|p1b: Farigiraf|7/100\n|-damage|p2b: Floette|29/100|[from] Recoil\n|move|p1a: Incineroar|Throat Chop|p2a: Incineroar\n|-resisted|p2a: Incineroar|1\n|-damage|p2a: Incineroar|93/100\n|-start|p2a: Incineroar|Throat Chop|[silent]\n|move|p2a: Incineroar|Taunt|p1b: Farigiraf\n|-start|p1b: Farigiraf|move: Taunt\n|cant|p1b: Farigiraf|move: Taunt|Trick Room\n|\n|-heal|p1b: Farigiraf|13/100|[from] item: Leftovers\n|upkeep\n|turn|2\n|\n|t:|1776311588\n|move|p2b: Floette|Moonblast|p1a: Incineroar\n|-damage|p1a: Incineroar|28/100\n|-enditem|p1a: Incineroar|Sitrus Berry|[eat]\n|-heal|p1a: Incineroar|53/100|[from] item: Sitrus Berry\n|move|p1a: Incineroar|Flare Blitz|p2b: Floette\n|-damage|p2b: Floette|0 fnt\n|faint|p2b: Floette\n|-damage|p1a: Incineroar|46/100|[from] Recoil\n|move|p2a: Incineroar|Flare Blitz|p1a: Incineroar\n|-resisted|p1a: Incineroar|1\n|-damage|p1a: Incineroar|33/100\n|-damage|p2a: Incineroar|88/100|[from] Recoil\n|move|p1b: Farigiraf|Thunderbolt|p2a: Incineroar\n|-damage|p2a: Incineroar|69/100\n|\n|-heal|p1b: Farigiraf|19/100|[from] item: Leftovers\n|-end|p2a: Incineroar|Throat Chop|[silent]\n|upkeep\n|\n|t:|1776311593\n|switch|p2b: Sneasler|Sneasler, L50, M, shiny|100/100\n|turn|3\n|\n|t:|1776311598\n|switch|p1a: Primarina|Primarina, L50, M|100/100\n|move|p2b: Sneasler|Close Combat|p1a: Primarina\n|-resisted|p1a: Primarina|1\n|-damage|p1a: Primarina|60/100\n|-unboost|p2b: Sneasler|def|1\n|-unboost|p2b: Sneasler|spd|1\n|-enditem|p2b: Sneasler|White Herb\n|-clearnegativeboost|p2b: Sneasler|[silent]\n|move|p1b: Farigiraf|Twin Beam|p2b: Sneasler\n|-supereffective|p2b: Sneasler|2\n|-damage|p2b: Sneasler|14/100\n|-supereffective|p2b: Sneasler|2\n|-damage|p2b: Sneasler|0 fnt\n|faint|p2b: Sneasler\n|-hitcount|p2: Sneasler|2\n|move|p2a: Incineroar|Flare Blitz|p1b: Farigiraf\n|-damage|p1b: Farigiraf|0 fnt\n|faint|p1b: Farigiraf\n|-damage|p2a: Incineroar|62/100|[from] Recoil\n|\n|upkeep\n|\n|t:|1776311610\n|switch|p2b: Garchomp|Garchomp, L50, F|100/100\n|switch|p1b: Venusaur|Venusaur, L50, F|100/100\n|turn|4\n|\n|t:|1776311655\n|detailschange|p1b: Venusaur|Venusaur-Mega, L50, F\n|-mega|p1b: Venusaur|Venusaur|Venusaurite\n|move|p2b: Garchomp|Rock Slide|p1b: Venusaur|[spread] p1a\n|-miss|p2b: Garchomp|p1b: Venusaur\n|-damage|p1a: Primarina|35/100\n|move|p1b: Venusaur|Leech Seed|p2a: Incineroar\n|-start|p2a: Incineroar|move: Leech Seed\n|move|p2a: Incineroar|Flare Blitz|p1a: Primarina\n|-resisted|p1a: Primarina|1\n|-damage|p1a: Primarina|15/100\n|-damage|p2a: Incineroar|56/100|[from] Recoil\n|cant|p1a: Primarina|flinch\n|\n|-damage|p2a: Incineroar|44/100|[from] Leech Seed|[of] p1b: Venusaur\n|upkeep\n|-enditem|p2a: Incineroar|Sitrus Berry|[eat]\n|-heal|p2a: Incineroar|69/100|[from] item: Sitrus Berry\n|turn|5\n|j| rauhina\n|\n|t:|1776311680\n|switch|p1a: Incineroar|Incineroar, L50, F|33/100\n|-ability|p1a: Incineroar|Intimidate|boost\n|-unboost|p2a: Incineroar|atk|1\n|-unboost|p2b: Garchomp|atk|1\n|move|p2b: Garchomp|Rock Slide|p1b: Venusaur|[spread] p1a,p1b\n|-supereffective|p1a: Incineroar|1\n|-damage|p1a: Incineroar|11/100\n|-damage|p1b: Venusaur|91/100\n|move|p1b: Venusaur|Leech Seed|p2b: Garchomp\n|-start|p2b: Garchomp|move: Leech Seed\n|move|p2a: Incineroar|Flare Blitz|p1b: Venusaur\n|-supereffective|p1b: Venusaur|1\n|-damage|p1b: Venusaur|74/100\n|-damage|p2a: Incineroar|63/100|[from] Recoil\n|\n|-damage|p2b: Garchomp|88/100|[from] Leech Seed|[of] p1b: Venusaur\n|-heal|p1b: Venusaur|86/100|[silent]\n|-damage|p2a: Incineroar|51/100|[from] Leech Seed|[of] p1b: Venusaur\n|-heal|p1b: Venusaur|99/100|[silent]\n|upkeep\n|turn|6\n|l| rauhina\n|\n|t:|1776311700\n|switch|p1a: Primarina|Primarina, L50, M|15/100\n|move|p2b: Garchomp|Protect|p2b: Garchomp\n|-singleturn|p2b: Garchomp|Protect\n|move|p1b: Venusaur|Giga Drain|p2b: Garchomp\n|-activate|p2b: Garchomp|move: Protect\n|move|p2a: Incineroar|Flare Blitz|p1a: Primarina\n|-resisted|p1a: Primarina|1\n|-damage|p1a: Primarina|2/100\n|-damage|p2a: Incineroar|47/100|[from] Recoil\n|\n|-damage|p2b: Garchomp|76/100|[from] Leech Seed|[of] p1b: Venusaur\n|-heal|p1b: Venusaur|100/100|[silent]\n|-damage|p2a: Incineroar|35/100|[from] Leech Seed|[of] p1b: Venusaur\n|upkeep\n|turn|7\n|-message|Terypagos forfeited.\n|\n|win|shiver419\n|raw|shiver419's rating: 1511 &rarr; <strong>1526</strong><br />(+15 for winning)\n|raw|Terypagos's rating: 1423 &rarr; <strong>1408</strong><br />(-15 for losing)\n|l|\u2606Terypagos\n|player|p2|\n|j|\u2606Terypagos\n|player|p2|Terypagos|turo-ai|\n",
  "uploadtime": 1776311715,
  "views": 34,
  "formatid": "gen9championsvgc2026regma",
  "rating": 1408,
  "private": 0,
  "password": null
}