{
  "id": "gen9championsvgc2026regma-2582229537",
  "format": "[Gen 9 Champions] VGC 2026 Reg M-A",
  "players": [
    "Mask4M",
    "abarucq5"
  ],
  "log": "|j|\u2606Mask4M\n|j|\u2606abarucq5\n|t:|1776073844\n|gametype|doubles\n|player|p1|Mask4M|101|1140\n|player|p2|abarucq5|clerk|1045\n|gen|9\n|tier|[Gen 9 Champions] VGC 2026 Reg M-A\n|rated|\n|rule|Species Clause: Limit one of each Pok\u00e9mon\n|rule|Item Clause: Limit 1 of each item\n|clearpoke\n|poke|p1|Glimmora, L50, F|\n|poke|p1|Froslass, L50, F|\n|poke|p1|Sneasler, L50, F|\n|poke|p1|Incineroar, L50, F|\n|poke|p1|Whimsicott, L50, M|\n|poke|p1|Gyarados, L50, F|\n|poke|p2|Scizor, L50, F|\n|poke|p2|Aerodactyl, L50, M|\n|poke|p2|Volcarona, L50, M|\n|poke|p2|Incineroar, L50, F|\n|poke|p2|Greninja-*, L50, M|\n|poke|p2|Gardevoir, L50, M|\n|teampreview|4\n|inactive|Battle timer is ON: inactive players will automatically lose when time's up. (requested by Mask4M)\n|inactive|Mask4M has 60 seconds left.\n|inactive|abarucq5 has 60 seconds left.\n|inactive|abarucq5 has 30 seconds left.\n|\n|t:|1776073907\n|teamsize|p1|4\n|teamsize|p2|4\n|start\n|switch|p1a: Incineroar|Incineroar, L50, F|100/100\n|switch|p1b: Whimsicott|Whimsicott, L50, M|100/100\n|switch|p2a: Gardevoir|Gardevoir, L50, M|100/100\n|switch|p2b: Greninja|Greninja, L50, M|100/100\n|-ability|p2a: Gardevoir|Intimidate|Trace|[from] ability: Trace|[of] p1a: Incineroar\n|-ability|p2a: Gardevoir|Intimidate|boost\n|-unboost|p1a: Incineroar|atk|1\n|-unboost|p1b: Whimsicott|atk|1\n|-ability|p1a: Incineroar|Intimidate|boost\n|-unboost|p2a: Gardevoir|atk|1\n|-unboost|p2b: Greninja|atk|1\n|turn|1\n|inactive|Mask4M has 30 seconds left.\n|inactive|abarucq5 has 30 seconds left.\n|inactive|abarucq5 has 20 seconds left.\n|inactive|abarucq5 has 15 seconds left.\n|\n|t:|1776073951\n|move|p1a: Incineroar|Fake Out|p2b: Greninja\n|-damage|p2b: Greninja|88/100\n|move|p1b: Whimsicott|Tailwind|p1b: Whimsicott\n|-sidestart|p1: Mask4M|move: Tailwind\n|move|p2a: Gardevoir|Aura Sphere|p1a: Incineroar\n|-supereffective|p1a: Incineroar|1\n|-damage|p1a: Incineroar|48/100\n|-enditem|p1a: Incineroar|Sitrus Berry|[eat]\n|-heal|p1a: Incineroar|73/100|[from] item: Sitrus Berry\n|cant|p2b: Greninja|flinch\n|\n|upkeep\n|turn|2\n|inactive|abarucq5 has 30 seconds left.\n|\n|t:|1776073983\n|move|p2b: Greninja|Water Shuriken|p1a: Incineroar\n|-start|p2b: Greninja|typechange|Water|[from] ability: Protean\n|-supereffective|p1a: Incineroar|1\n|-damage|p1a: Incineroar|57/100\n|-supereffective|p1a: Incineroar|1\n|-damage|p1a: Incineroar|42/100\n|-supereffective|p1a: Incineroar|1\n|-damage|p1a: Incineroar|27/100\n|-supereffective|p1a: Incineroar|1\n|-crit|p1a: Incineroar\n|-damage|p1a: Incineroar|5/100\n|-hitcount|p1a: Incineroar|4\n|move|p1b: Whimsicott|Moonblast|p2b: Greninja\n|-damage|p2b: Greninja|23/100\n|move|p2a: Gardevoir|Aura Sphere|p1a: Incineroar\n|-supereffective|p1a: Incineroar|1\n|-crit|p1a: Incineroar\n|-damage|p1a: Incineroar|0 fnt\n|faint|p1a: Incineroar\n|\n|upkeep\n|inactive|Mask4M has 30 seconds left.\n|\n|t:|1776074012\n|switch|p1a: Sneasler|Sneasler, L50, F|100/100\n|turn|3\n|inactive|Mask4M has 30 seconds left.\n|\n|t:|1776074042\n|switch|p2a: Scizor|Scizor, L50, F|100/100\n|move|p1a: Sneasler|Dire Claw|p2a: Scizor\n|-immune|p2a: Scizor\n|move|p1b: Whimsicott|Moonblast|p2b: Greninja\n|-damage|p2b: Greninja|0 fnt\n|faint|p2b: Greninja\n|\n|upkeep\n|\n|t:|1776074055\n|switch|p2b: Gardevoir|Gardevoir, L50, M|100/100\n|-ability|p2b: Gardevoir|Unburden|Trace|[from] ability: Trace|[of] p1a: Sneasler\n|turn|4\n|inactive|Mask4M has 30 seconds left.\n|\n|t:|1776074085\n|detailschange|p2a: Scizor|Scizor-Mega, L50, F\n|-mega|p2a: Scizor|Scizor|Scizorite\n|move|p1a: Sneasler|Close Combat|p2a: Scizor\n|-damage|p2a: Scizor|50/100\n|-unboost|p1a: Sneasler|def|1\n|-unboost|p1a: Sneasler|spd|1\n|-enditem|p1a: Sneasler|White Herb\n|-clearnegativeboost|p1a: Sneasler|[silent]\n|move|p1b: Whimsicott|Moonblast|p2a: Scizor\n|-resisted|p2a: Scizor|1\n|-damage|p2a: Scizor|33/100\n|move|p2b: Gardevoir|Psyshock|p1a: Sneasler\n|-supereffective|p1a: Sneasler|2\n|-damage|p1a: Sneasler|0 fnt\n|faint|p1a: Sneasler\n|move|p2a: Scizor|Dual Wingbeat|p1b: Whimsicott|[miss]\n|-miss|p2a: Scizor|p1b: Whimsicott\n|\n|-sideend|p1: Mask4M|move: Tailwind\n|upkeep\n|\n|t:|1776074104\n|switch|p1a: Glimmora|Glimmora, L50, F|100/100\n|turn|5\n|\n|t:|1776074114\n|detailschange|p1a: Glimmora|Glimmora-Mega, L50, F\n|-mega|p1a: Glimmora|Glimmora|Glimmoranite\n|move|p1b: Whimsicott|Tailwind|p1b: Whimsicott\n|-sidestart|p1: Mask4M|move: Tailwind\n|move|p2a: Scizor|Bullet Punch|p1a: Glimmora\n|-supereffective|p1a: Glimmora|1\n|-damage|p1a: Glimmora|25/100\n|move|p1a: Glimmora|Sludge Bomb|p2b: Gardevoir\n|-supereffective|p2b: Gardevoir|1\n|-damage|p2b: Gardevoir|0 fnt\n|faint|p2b: Gardevoir\n|\n|upkeep\n|\n|t:|1776074122\n|switch|p2b: Incineroar|Incineroar, L50, F|100/100\n|-ability|p2b: Incineroar|Intimidate|boost\n|-unboost|p1a: Glimmora|atk|1\n|-unboost|p1b: Whimsicott|atk|1\n|turn|6\n|\n|t:|1776074134\n|move|p1a: Glimmora|Spiky Shield|p1a: Glimmora\n|-singleturn|p1a: Glimmora|move: Protect\n|move|p2b: Incineroar|Fake Out|p1b: Whimsicott\n|-damage|p1b: Whimsicott|83/100\n|move|p2a: Scizor|Bullet Punch|p1a: Glimmora\n|-activate|p1a: Glimmora|move: Protect\n|-damage|p2a: Scizor|21/100|[from] Spiky Shield|[of] p1a: Glimmora\n|cant|p1b: Whimsicott|flinch\n|\n|upkeep\n|turn|7\n|\n|t:|1776074154\n|move|p1a: Glimmora|Spiky Shield||[still]\n|-fail|p1a: Glimmora\n|move|p2a: Scizor|Bullet Punch|p1a: Glimmora\n|-supereffective|p1a: Glimmora|1\n|-damage|p1a: Glimmora|0 fnt\n|faint|p1a: Glimmora\n|move|p1b: Whimsicott|Moonblast|p2a: Scizor\n|-resisted|p2a: Scizor|1\n|-damage|p2a: Scizor|4/100\n|move|p2b: Incineroar|Flare Blitz|p1b: Whimsicott\n|-supereffective|p1b: Whimsicott|1\n|-damage|p1b: Whimsicott|0 fnt\n|faint|p1b: Whimsicott\n|-damage|p2b: Incineroar|78/100|[from] Recoil\n|\n|win|abarucq5\n|raw|Mask4M's rating: 1140 &rarr; <strong>1108</strong><br />(-32 for losing)\n|raw|abarucq5's rating: 1045 &rarr; <strong>1087</strong><br />(+42 for winning)\n",
  "uploadtime": 1776074166,
  "views": 17,
  "formatid": "gen9championsvgc2026regma",
  "rating": 1087,
  "private": 0,
  "password": null
}