{
  "id": "gen9championsvgc2026regma-2587246971",
  "format": "[Gen 9 Champions] VGC 2026 Reg M-A",
  "players": [
    "Alitiantian",
    "hide on whimscott"
  ],
  "log": "|j|\u2606Alitiantian\n|j|\u2606hide on whimscott\n|t:|1776514017\n|gametype|doubles\n|player|p1|Alitiantian|102|1344\n|player|p2|hide on whimscott|artist-gen4|1431\n|gen|9\n|tier|[Gen 9 Champions] VGC 2026 Reg M-A\n|rated|\n|rule|Species Clause: Limit one of each Pok\u00e9mon\n|rule|Item Clause: Limit 1 of each item\n|clearpoke\n|poke|p1|Gardevoir, L50, F, shiny|\n|poke|p1|Torkoal, L50, M|\n|poke|p1|Dragapult, L50, F|\n|poke|p1|Kingambit, L50, F|\n|poke|p1|Maushold-Four, L50|\n|poke|p1|Sneasler, L50, F|\n|poke|p2|Venusaur, L50, F|\n|poke|p2|Sneasler, L50, M|\n|poke|p2|Kingambit, L50, M|\n|poke|p2|Incineroar, L50, F|\n|poke|p2|Basculegion, L50, M|\n|poke|p2|Charizard, L50, F|\n|teampreview|4\n|\n|t:|1776514078\n|teamsize|p1|4\n|teamsize|p2|4\n|start\n|switch|p1a: Gardevoir|Gardevoir, L50, F, shiny|100/100\n|switch|p1b: Sneasler|Sneasler, L50, F|100/100\n|switch|p2a: Charizard|Charizard, L50, F|100/100\n|switch|p2b: Sneasler|Sneasler, L50, M|100/100\n|-ability|p1a: Gardevoir|Blaze|Trace|[from] ability: Trace|[of] p2a: Charizard\n|turn|1\n|\n|t:|1776514115\n|detailschange|p2a: Charizard|Charizard-Mega-X, L50, F\n|-mega|p2a: Charizard|Charizard|Charizardite X\n|detailschange|p1a: Gardevoir|Gardevoir-Mega, L50, F, shiny\n|-mega|p1a: Gardevoir|Gardevoir|Gardevoirite\n|move|p1b: Sneasler|Fake Out|p2b: Sneasler\n|-damage|p2b: Sneasler|73/100\n|cant|p2b: Sneasler|flinch\n|move|p2a: Charizard|Dragon Dance|p2a: Charizard\n|-boost|p2a: Charizard|atk|1\n|-boost|p2a: Charizard|spe|1\n|move|p1a: Gardevoir|Trick Room|p1a: Gardevoir\n|-fieldstart|move: Trick Room|[of] p1a: Gardevoir\n|\n|upkeep\n|turn|2\n|\n|t:|1776514151\n|switch|p2a: Basculegion|Basculegion, L50, M|100/100\n|move|p1a: Gardevoir|Hyper Voice|p2a: Basculegion|[spread] p2a,p2b\n|-damage|p2a: Basculegion|44/100\n|-damage|p2b: Sneasler|2/100\n|move|p2b: Sneasler|Dire Claw|p1a: Gardevoir\n|-supereffective|p1a: Gardevoir|1\n|-damage|p1a: Gardevoir|0 fnt\n|faint|p1a: Gardevoir\n|move|p1b: Sneasler|Dire Claw|p2a: Basculegion\n|-resisted|p2a: Basculegion|1\n|-damage|p2a: Basculegion|17/100\n|\n|upkeep\n|\n|t:|1776514164\n|switch|p1a: Torkoal|Torkoal, L50, M|100/100\n|-weather|SunnyDay|[from] ability: Drought|[of] p1a: Torkoal\n|turn|3\n|\n|t:|1776514174\n|switch|p1b: Maushold|Maushold-Four, L50|100/100\n|move|p2b: Sneasler|Protect|p2b: Sneasler\n|-singleturn|p2b: Sneasler|Protect\n|move|p2a: Basculegion|Aqua Jet|p1b: Maushold\n|-damage|p1b: Maushold|85/100\n|move|p1a: Torkoal|Eruption|p2b: Sneasler|[spread] p2a\n|-activate|p2b: Sneasler|move: Protect\n|-resisted|p2a: Basculegion|1\n|-damage|p2a: Basculegion|0 fnt\n|faint|p2a: Basculegion\n|\n|-weather|SunnyDay|[upkeep]\n|upkeep\n|\n|t:|1776514181\n|switch|p2a: Charizard|Charizard-Mega-X, L50, F|100/100\n|turn|4\n|\n|t:|1776514191\n|move|p1a: Torkoal|Eruption|p2a: Charizard|[spread] p2a,p2b\n|-resisted|p2a: Charizard|2\n|-damage|p2a: Charizard|77/100\n|-damage|p2b: Sneasler|0 fnt\n|faint|p2b: Sneasler\n|move|p2a: Charizard|Flare Blitz|p1b: Maushold\n|-crit|p1b: Maushold\n|-damage|p1b: Maushold|0 fnt\n|faint|p1b: Maushold\n|-damage|p2a: Charizard|49/100|[from] Recoil\n|\n|-weather|SunnyDay|[upkeep]\n|upkeep\n|\n|t:|1776514201\n|switch|p2b: Kingambit|Kingambit, L50, M|100/100\n|switch|p1b: Sneasler|Sneasler, L50, F|100/100\n|turn|5\n|\n|t:|1776514238\n|move|p2b: Kingambit|Protect|p2b: Kingambit\n|-singleturn|p2b: Kingambit|Protect\n|move|p1a: Torkoal|Eruption|p2b: Kingambit|[spread] p2a\n|-activate|p2b: Kingambit|move: Protect\n|-resisted|p2a: Charizard|2\n|-damage|p2a: Charizard|27/100\n|move|p2a: Charizard|Dragon Dance|p2a: Charizard\n|-boost|p2a: Charizard|atk|1\n|-boost|p2a: Charizard|spe|1\n|move|p1b: Sneasler|Close Combat|p2a: Charizard\n|-damage|p2a: Charizard|0 fnt\n|-unboost|p1b: Sneasler|def|1\n|-unboost|p1b: Sneasler|spd|1\n|faint|p2a: Charizard\n|-enditem|p1b: Sneasler|White Herb\n|-clearnegativeboost|p1b: Sneasler|[silent]\n|\n|-weather|SunnyDay|[upkeep]\n|-fieldend|move: Trick Room\n|upkeep\n|turn|6\n|-message|hide on whimscott forfeited.\n|\n|win|Alitiantian\n|raw|Alitiantian's rating: 1344 &rarr; <strong>1369</strong><br />(+25 for winning)\n|raw|hide on whimscott's rating: 1431 &rarr; <strong>1406</strong><br />(-25 for losing)\n",
  "uploadtime": 1776514244,
  "views": 24,
  "formatid": "gen9championsvgc2026regma",
  "rating": 1369,
  "private": 0,
  "password": null
}