{
  "id": "gen9championsvgc2026regma-2584025594",
  "format": "[Gen 9 Champions] VGC 2026 Reg M-A",
  "players": [
    "novasoup",
    "alberttomg2907"
  ],
  "log": "|j|\u2606novasoup\n|j|\u2606alberttomg2907\n|t:|1776217891\n|gametype|doubles\n|player|p1|novasoup|iris-gen5bw2|1043\n|player|p2|alberttomg2907|red|1000\n|gen|9\n|tier|[Gen 9 Champions] VGC 2026 Reg M-A\n|rated|\n|rule|Species Clause: Limit one of each Pok\u00e9mon\n|rule|Item Clause: Limit 1 of each item\n|clearpoke\n|poke|p1|Audino, L50, F|\n|poke|p1|Kommo-o, L50, F|\n|poke|p1|Hawlucha, L50, F|\n|poke|p1|Banette, L50, F|\n|poke|p1|Dragapult, L50, M|\n|poke|p1|Chesnaught, L50, M|\n|poke|p2|Garchomp, L50, F|\n|poke|p2|Venusaur, L50, F|\n|poke|p2|Charizard, L50, F|\n|poke|p2|Rotom-Wash, L50|\n|poke|p2|Incineroar, L50, M|\n|poke|p2|Corviknight, L50, F|\n|teampreview|4\n|inactive|Battle timer is ON: inactive players will automatically lose when time's up. (requested by novasoup)\nnovasoup rejected open team sheets.\n|inactive|alberttomg2907 has 60 seconds left.\n|\n|t:|1776217933\n|teamsize|p1|4\n|teamsize|p2|4\n|start\n|switch|p1a: Audino|Audino, L50, F|100/100\n|switch|p1b: Kommo-o|Kommo-o, L50, F|100/100\n|switch|p2a: Charizard|Charizard, L50, F|100/100\n|switch|p2b: Venusaur|Venusaur, L50, F|100/100\n|turn|1\n|inactive|alberttomg2907 has 30 seconds left.\n|inactive|alberttomg2907 has 20 seconds left.\n|\n|t:|1776217968\n|detailschange|p2a: Charizard|Charizard-Mega-Y, L50, F\n|-mega|p2a: Charizard|Charizard|Charizardite Y\n|-weather|SunnyDay|[from] ability: Drought|[of] p2a: Charizard\n|move|p2b: Venusaur|Sludge Bomb|p1a: Audino\n|-damage|p1a: Audino|47/100\n|move|p1a: Audino|Simple Beam|p1b: Kommo-o\n|-ability|p1b: Kommo-o|Simple|Soundproof|[from] move: Simple Beam\n|move|p1b: Kommo-o|Clangorous Soul|p1b: Kommo-o\n|-boost|p1b: Kommo-o|atk|2\n|-boost|p1b: Kommo-o|def|2\n|-boost|p1b: Kommo-o|spa|2\n|-boost|p1b: Kommo-o|spd|2\n|-boost|p1b: Kommo-o|spe|2\n|-damage|p1b: Kommo-o|68/100\n|move|p2a: Charizard|Heat Wave|p1b: Kommo-o|[spread] p1a,p1b\n|-resisted|p1b: Kommo-o|1\n|-damage|p1a: Audino|0 fnt\n|-damage|p1b: Kommo-o|48/100\n|-enditem|p1b: Kommo-o|Sitrus Berry|[eat]\n|-heal|p1b: Kommo-o|72/100|[from] item: Sitrus Berry\n|faint|p1a: Audino\n|\n|-weather|SunnyDay|[upkeep]\n|upkeep\n|\n|t:|1776217992\n|switch|p1a: Banette|Banette, L50, F|100/100\n|-item|p2a: Charizard|Charizardite Y|[from] ability: Frisk|[of] p1a: Banette\n|-item|p2b: Venusaur|Focus Sash|[from] ability: Frisk|[of] p1a: Banette\n|turn|2\n|inactive|alberttomg2907 has 30 seconds left.\n|inactive|alberttomg2907 has 20 seconds left.\n|inactive|alberttomg2907 has 15 seconds left.\n|\n|t:|1776218035\n|detailschange|p1a: Banette|Banette-Mega, L50, F\n|-mega|p1a: Banette|Banette|Banettite\n|move|p2a: Charizard|Protect|p2a: Charizard\n|-singleturn|p2a: Charizard|Protect\n|move|p1a: Banette|Psych Up|p1b: Kommo-o\n|-copyboost|p1a: Banette|p1b: Kommo-o|[from] move: Psych Up\n|move|p1b: Kommo-o|Clanging Scales|p2a: Charizard|[spread] p2b\n|-activate|p2a: Charizard|move: Protect\n|-damage|p2b: Venusaur|32/100\n|-unboost|p1b: Kommo-o|def|2\n|move|p2b: Venusaur|Sleep Powder|p1b: Kommo-o|[miss]\n|-miss|p2b: Venusaur|p1b: Kommo-o\n|\n|-weather|SunnyDay|[upkeep]\n|upkeep\n|turn|3\n|c|\u2606alberttomg2907|wow\n|inactive|novasoup has 30 seconds left.\n|inactive|alberttomg2907 has 30 seconds left.\n|\n|t:|1776218065\n|move|p1b: Kommo-o|Clanging Scales|p2a: Charizard|[spread] p2a,p2b\n|-damage|p2a: Charizard|51/100\n|-damage|p2b: Venusaur|0 fnt\n|faint|p2b: Venusaur\n|-unboost|p1b: Kommo-o|def|2\n|move|p1a: Banette|Zen Headbutt|p2a: Charizard\n|-damage|p2a: Charizard|0 fnt\n|faint|p2a: Charizard\n|\n|-weather|SunnyDay|[upkeep]\n|upkeep\n|c|\u2606novasoup|i like making gimmicky teams lol\n|\n|t:|1776218076\n|switch|p2a: Incineroar|Incineroar, L50, M|100/100\n|switch|p2b: Corviknight|Corviknight, L50, F|100/100\n|-ability|p2a: Incineroar|Intimidate|boost\n|-unboost|p1a: Banette|atk|1\n|-unboost|p1b: Kommo-o|atk|2\n|turn|4\n|\n|t:|1776218095\n|move|p2a: Incineroar|Fake Out|p1b: Kommo-o\n|-damage|p1b: Kommo-o|52/100\n|cant|p1b: Kommo-o|flinch\n|move|p1a: Banette|Knock Off|p2b: Corviknight\n|-damage|p2b: Corviknight|58/100\n|-enditem|p2b: Corviknight|Leftovers|[from] move: Knock Off|[of] p1a: Banette\n|move|p2b: Corviknight|Bulk Up|p2b: Corviknight\n|-boost|p2b: Corviknight|atk|1\n|-boost|p2b: Corviknight|def|1\n|\n|-weather|SunnyDay|[upkeep]\n|upkeep\n|turn|5\n|\n|t:|1776218116\n|move|p1b: Kommo-o|Drain Punch|p2a: Incineroar\n|-supereffective|p2a: Incineroar|1\n|-damage|p2a: Incineroar|31/100\n|-heal|p1b: Kommo-o|98/100|[from] drain|[of] p2a: Incineroar\n|move|p1a: Banette|Poltergeist||[still]\n|-fail|p1a: Banette\n|move|p2a: Incineroar|Throat Chop|p1a: Banette\n|-supereffective|p1a: Banette|1\n|-damage|p1a: Banette|44/100\n|-start|p1a: Banette|Throat Chop|[silent]\n|move|p2b: Corviknight|Brave Bird|p1b: Kommo-o\n|-supereffective|p1b: Kommo-o|1\n|-damage|p1b: Kommo-o|0 fnt\n|faint|p1b: Kommo-o\n|-damage|p2b: Corviknight|34/100|[from] Recoil\n|\n|-weather|none\n|upkeep\n|\n|t:|1776218130\n|switch|p1b: Chesnaught|Chesnaught, L50, M|100/100\n|turn|6\n|\n|t:|1776218151\n|move|p1a: Banette|Poltergeist|p2a: Incineroar\n|-activate|p2a: Incineroar|move: Poltergeist|Shuca Berry\n|-resisted|p2a: Incineroar|1\n|-damage|p2a: Incineroar|0 fnt\n|faint|p2a: Incineroar\n|move|p2b: Corviknight|Roost|p2b: Corviknight\n|-heal|p2b: Corviknight|84/100\n|-singleturn|p2b: Corviknight|move: Roost\n|move|p1b: Chesnaught|Coaching|p1a: Banette\n|-boost|p1a: Banette|atk|1\n|-boost|p1a: Banette|def|1\n|\n|-end|p1a: Banette|Throat Chop|[silent]\n|upkeep\n|turn|7\n|\n|t:|1776218173\n|move|p1a: Banette|Zen Headbutt|p2b: Corviknight\n|-resisted|p2b: Corviknight|1\n|-damage|p2b: Corviknight|69/100\n|move|p2b: Corviknight|Brave Bird|p1a: Banette\n|-damage|p1a: Banette|10/100\n|-damage|p2b: Corviknight|61/100|[from] Recoil\n|move|p1b: Chesnaught|Leech Seed|p2b: Corviknight\n|-start|p2b: Corviknight|move: Leech Seed\n|\n|-damage|p2b: Corviknight|49/100|[from] Leech Seed|[of] p1b: Chesnaught\n|upkeep\n|turn|8\n|\n|t:|1776218193\n|move|p1b: Chesnaught|Spiky Shield|p1b: Chesnaught\n|-singleturn|p1b: Chesnaught|move: Protect\n|move|p1a: Banette|Knock Off|p2b: Corviknight\n|-damage|p2b: Corviknight|23/100\n|move|p2b: Corviknight|Roost|p2b: Corviknight\n|-heal|p2b: Corviknight|74/100\n|-singleturn|p2b: Corviknight|move: Roost\n|\n|-damage|p2b: Corviknight|61/100|[from] Leech Seed|[of] p1b: Chesnaught\n|upkeep\n|turn|9\n|\n|t:|1776218209\n|move|p1a: Banette|Knock Off|p2b: Corviknight\n|-damage|p2b: Corviknight|37/100\n|move|p2b: Corviknight|Bulk Up|p2b: Corviknight\n|-boost|p2b: Corviknight|atk|1\n|-boost|p2b: Corviknight|def|1\n|move|p1b: Chesnaught|Seed Bomb|p2b: Corviknight\n|-resisted|p2b: Corviknight|2\n|-damage|p2b: Corviknight|35/100\n|\n|-damage|p2b: Corviknight|22/100|[from] Leech Seed|[of] p1b: Chesnaught\n|upkeep\n|turn|10\n|\n|t:|1776218226\n|move|p1b: Chesnaught|Spiky Shield|p1b: Chesnaught\n|-singleturn|p1b: Chesnaught|move: Protect\n|move|p1a: Banette|Knock Off|p2b: Corviknight\n|-damage|p2b: Corviknight|3/100\n|move|p2b: Corviknight|Roost|p2b: Corviknight\n|-heal|p2b: Corviknight|54/100\n|-singleturn|p2b: Corviknight|move: Roost\n|\n|-damage|p2b: Corviknight|41/100|[from] Leech Seed|[of] p1b: Chesnaught\n|upkeep\n|turn|11\n|\n|t:|1776218243\n|move|p1a: Banette|Knock Off|p2b: Corviknight\n|-damage|p2b: Corviknight|22/100\n|move|p2b: Corviknight|Roost|p2b: Corviknight\n|-heal|p2b: Corviknight|73/100\n|-singleturn|p2b: Corviknight|move: Roost\n|move|p1b: Chesnaught|Coaching|p1a: Banette\n|-boost|p1a: Banette|atk|1\n|-boost|p1a: Banette|def|1\n|\n|-damage|p2b: Corviknight|60/100|[from] Leech Seed|[of] p1b: Chesnaught\n|upkeep\n|turn|12\n|\n|t:|1776218256\n|move|p1b: Chesnaught|Spiky Shield|p1b: Chesnaught\n|-singleturn|p1b: Chesnaught|move: Protect\n|move|p1a: Banette|Knock Off|p2b: Corviknight\n|-damage|p2b: Corviknight|36/100\n|move|p2b: Corviknight|Bulk Up|p2b: Corviknight\n|-boost|p2b: Corviknight|atk|1\n|-boost|p2b: Corviknight|def|1\n|\n|-damage|p2b: Corviknight|23/100|[from] Leech Seed|[of] p1b: Chesnaught\n|upkeep\n|turn|13\n|\n|t:|1776218270\n|move|p1a: Banette|Knock Off|p2b: Corviknight\n|-damage|p2b: Corviknight|4/100\n|move|p2b: Corviknight|Roost|p2b: Corviknight\n|-heal|p2b: Corviknight|54/100\n|-singleturn|p2b: Corviknight|move: Roost\n|move|p1b: Chesnaught|Seed Bomb|p2b: Corviknight\n|-resisted|p2b: Corviknight|1\n|-damage|p2b: Corviknight|50/100\n|\n|-damage|p2b: Corviknight|38/100|[from] Leech Seed|[of] p1b: Chesnaught\n|upkeep\n|turn|14\n|\n|t:|1776218291\n|move|p1a: Banette|Knock Off|p2b: Corviknight\n|-damage|p2b: Corviknight|19/100\n|move|p2b: Corviknight|Roost|p2b: Corviknight\n|-heal|p2b: Corviknight|69/100\n|-singleturn|p2b: Corviknight|move: Roost\n|move|p1b: Chesnaught|Coaching|p1a: Banette\n|-boost|p1a: Banette|atk|1\n|-boost|p1a: Banette|def|1\n|\n|-damage|p2b: Corviknight|57/100|[from] Leech Seed|[of] p1b: Chesnaught\n|upkeep\n|turn|15\n|\n|t:|1776218308\n|move|p1b: Chesnaught|Spiky Shield|p1b: Chesnaught\n|-singleturn|p1b: Chesnaught|move: Protect\n|move|p1a: Banette|Knock Off|p2b: Corviknight\n|-damage|p2b: Corviknight|34/100\n|move|p2b: Corviknight|Roost|p2b: Corviknight\n|-heal|p2b: Corviknight|84/100\n|-singleturn|p2b: Corviknight|move: Roost\n|\n|-damage|p2b: Corviknight|72/100|[from] Leech Seed|[of] p1b: Chesnaught\n|upkeep\n|turn|16\n|\n|t:|1776218322\n|move|p1a: Banette|Knock Off|p2b: Corviknight\n|-damage|p2b: Corviknight|48/100\n|move|p2b: Corviknight|Iron Head|p1a: Banette\n|-damage|p1a: Banette|0 fnt\n|faint|p1a: Banette\n|move|p1b: Chesnaught|Coaching|p1: Banette|[notarget]\n|-fail|p1b: Chesnaught\n|\n|-damage|p2b: Corviknight|36/100|[from] Leech Seed|[of] p1b: Chesnaught\n|upkeep\n|turn|17\n|\n|t:|1776218336\n|move|p1b: Chesnaught|Spiky Shield|p1b: Chesnaught\n|-singleturn|p1b: Chesnaught|move: Protect\n|move|p2b: Corviknight|Roost|p2b: Corviknight\n|-heal|p2b: Corviknight|86/100\n|-singleturn|p2b: Corviknight|move: Roost\n|\n|-damage|p2b: Corviknight|74/100|[from] Leech Seed|[of] p1b: Chesnaught\n|upkeep\n|turn|18\n|c|\u2606alberttomg2907|gg\n|\n|t:|1776218348\n|move|p2b: Corviknight|Brave Bird|p1b: Chesnaught\n|-supereffective|p1b: Chesnaught|2\n|-damage|p1b: Chesnaught|0 fnt\n|faint|p1b: Chesnaught\n|-damage|p2b: Corviknight|47/100|[from] Recoil\n|\n|win|alberttomg2907\n|raw|novasoup's rating: 1043 &rarr; <strong>1025</strong><br />(-18 for losing)\n|raw|alberttomg2907's rating: 1000 &rarr; <strong>1045</strong><br />(+45 for winning)\n|c|\u2606novasoup|gg\n",
  "uploadtime": 1776218360,
  "views": 17,
  "formatid": "gen9championsvgc2026regma",
  "rating": 1025,
  "private": 0,
  "password": null
}