{
  "id": "gen9championsvgc2026regma-2587166058",
  "format": "[Gen 9 Champions] VGC 2026 Reg M-A",
  "players": [
    "bossiest3671",
    "soulo333"
  ],
  "log": "|j|\u2606bossiest3671\n|j|\u2606soulo333\n|t:|1776503114\n|gametype|doubles\n|player|p1|bossiest3671|veteran|1235\n|player|p2|soulo333|102|1254\n|gen|9\n|tier|[Gen 9 Champions] VGC 2026 Reg M-A\n|rated|\n|rule|Species Clause: Limit one of each Pok\u00e9mon\n|rule|Item Clause: Limit 1 of each item\n|clearpoke\n|poke|p1|Golurk, L50|\n|poke|p1|Farigiraf, L50, M|\n|poke|p1|Incineroar, L50, F|\n|poke|p1|Torkoal, L50, M|\n|poke|p1|Sneasler, L50, F|\n|poke|p1|Venusaur, L50, M|\n|poke|p2|Charizard, L50, M|\n|poke|p2|Sneasler, L50, M|\n|poke|p2|Sinistcha, L50|\n|poke|p2|Incineroar, L50, F|\n|poke|p2|Milotic, L50, F|\n|poke|p2|Tyranitar, L50, F|\n|teampreview|4\n|inactive|Battle timer is ON: inactive players will automatically lose when time's up. (requested by bossiest3671)\n|\n|t:|1776503153\n|teamsize|p1|4\n|teamsize|p2|4\n|start\n|switch|p1a: Venusaur|Venusaur, L50, M|100/100\n|switch|p1b: Torkoal|Torkoal, L50, M|100/100\n|switch|p2a: Milotic|Milotic, L50, F|100/100\n|switch|p2b: Incineroar|Incineroar, L50, F|100/100\n|-ability|p2b: Incineroar|Intimidate|boost\n|-unboost|p1a: Venusaur|atk|1\n|-unboost|p1b: Torkoal|atk|1\n|-weather|SunnyDay|[from] ability: Drought|[of] p1b: Torkoal\n|turn|1\n|inactive|bossiest3671 has 30 seconds left.\n|inactive|soulo333 has 30 seconds left.\n|\n|t:|1776503185\n|switch|p1b: Farigiraf|Farigiraf, L50, M|100/100\n|move|p2b: Incineroar|Fake Out||[still]\n|cant|p1b: Farigiraf|ability: Armor Tail|Fake Out|[of] p2b: Incineroar\n|move|p1a: Venusaur|Sleep Powder|p2a: Milotic\n|-status|p2a: Milotic|slp|[from] move: Sleep Powder\n|cant|p2a: Milotic|slp\n|\n|-weather|SunnyDay|[upkeep]\n|upkeep\n|turn|2\n|inactive|bossiest3671 has 30 seconds left.\n|\n|t:|1776503216\n|switch|p1a: Golurk|Golurk, L50|100/100\n|-curestatus|p2a: Milotic|slp|[msg]\n|move|p2a: Milotic|Protect|p2a: Milotic\n|-singleturn|p2a: Milotic|Protect\n|move|p2b: Incineroar|Flare Blitz|p1a: Golurk\n|-damage|p1a: Golurk|25/100\n|-damage|p2b: Incineroar|77/100|[from] Recoil\n|move|p1b: Farigiraf|Trick Room|p1b: Farigiraf\n|-fieldstart|move: Trick Room|[of] p1b: Farigiraf\n|\n|-weather|SunnyDay|[upkeep]\n|upkeep\n|turn|3\n|inactive|bossiest3671 has 30 seconds left.\n|\n|t:|1776503242\n|switch|p2b: Tyranitar|Tyranitar, L50, F|100/100\n|-weather|Sandstorm|[from] ability: Sand Stream|[of] p2b: Tyranitar\n|detailschange|p1a: Golurk|Golurk-Mega, L50\n|-mega|p1a: Golurk|Golurk|Golurkite\n|move|p1b: Farigiraf|Helping Hand|p1a: Golurk\n|-singleturn|p1a: Golurk|Helping Hand|[of] p1b: Farigiraf\n|move|p1a: Golurk|Headlong Rush|p2b: Tyranitar\n|-supereffective|p2b: Tyranitar|1\n|-damage|p2b: Tyranitar|0 fnt\n|-unboost|p1a: Golurk|def|1\n|-unboost|p1a: Golurk|spd|1\n|faint|p2b: Tyranitar\n|move|p2a: Milotic|Scald|p1a: Golurk\n|-supereffective|p1a: Golurk|1\n|-damage|p1a: Golurk|0 fnt\n|faint|p1a: Golurk\n|\n|-weather|Sandstorm|[upkeep]\n|-damage|p1b: Farigiraf|94/100|[from] Sandstorm\n|-damage|p2a: Milotic|95/100|[from] Sandstorm\n|-heal|p2a: Milotic|100/100|[from] item: Leftovers\n|upkeep\n|\n|t:|1776503264\n|switch|p1a: Torkoal|Torkoal, L50, M|100/100\n|switch|p2b: Incineroar|Incineroar, L50, F|77/100\n|-weather|SunnyDay|[from] ability: Drought|[of] p1a: Torkoal\n|-ability|p2b: Incineroar|Intimidate|boost\n|-unboost|p1a: Torkoal|atk|1\n|-unboost|p1b: Farigiraf|atk|1\n|turn|4\n|\n|t:|1776503289\n|move|p1a: Torkoal|Eruption|p2a: Milotic|[spread] p2a,p2b\n|-resisted|p2a: Milotic|1\n|-resisted|p2b: Incineroar|1\n|-crit|p2b: Incineroar\n|-damage|p2a: Milotic|72/100\n|-damage|p2b: Incineroar|27/100\n|-enditem|p2b: Incineroar|Sitrus Berry|[eat]\n|-heal|p2b: Incineroar|51/100|[from] item: Sitrus Berry\n|move|p2b: Incineroar|Flare Blitz|p1b: Farigiraf\n|-crit|p1b: Farigiraf\n|-damage|p1b: Farigiraf|1/100\n|-enditem|p1b: Farigiraf|Sitrus Berry|[eat]\n|-heal|p1b: Farigiraf|26/100|[from] item: Sitrus Berry\n|-damage|p2b: Incineroar|17/100|[from] Recoil\n|move|p1b: Farigiraf|Psychic|p2a: Milotic\n|-damage|p2a: Milotic|47/100\n|move|p2a: Milotic|Scald|p1a: Torkoal\n|-supereffective|p1a: Torkoal|1\n|-damage|p1a: Torkoal|68/100\n|\n|-weather|SunnyDay|[upkeep]\n|-heal|p2a: Milotic|53/100|[from] item: Leftovers\n|upkeep\n|turn|5\n|inactive|bossiest3671 has 30 seconds left.\n|\n|t:|1776503317\n|move|p2a: Milotic|Protect|p2a: Milotic\n|-singleturn|p2a: Milotic|Protect\n|move|p1a: Torkoal|Heat Wave|p2a: Milotic|[spread] p2b\n|-activate|p2a: Milotic|move: Protect\n|-resisted|p2b: Incineroar|1\n|-damage|p2b: Incineroar|0 fnt\n|faint|p2b: Incineroar\n|move|p1b: Farigiraf|Psychic|p2a: Milotic\n|-activate|p2a: Milotic|move: Protect\n|\n|-weather|SunnyDay|[upkeep]\n|-heal|p2a: Milotic|59/100|[from] item: Leftovers\n|upkeep\n|\n|t:|1776503325\n|switch|p2b: Sneasler|Sneasler, L50, M|100/100\n|turn|6\n|\n|t:|1776503337\n|move|p1b: Farigiraf|Helping Hand|p1a: Torkoal\n|-singleturn|p1a: Torkoal|Helping Hand|[of] p1b: Farigiraf\n|move|p2a: Milotic|Protect||[still]\n|-fail|p2a: Milotic\n|move|p2b: Sneasler|Protect|p2b: Sneasler\n|-singleturn|p2b: Sneasler|Protect\n|move|p1a: Torkoal|Eruption|p2a: Milotic|[spread] p2a\n|-activate|p2b: Sneasler|move: Protect\n|-resisted|p2a: Milotic|1\n|-damage|p2a: Milotic|33/100\n|\n|-weather|SunnyDay|[upkeep]\n|-heal|p2a: Milotic|39/100|[from] item: Leftovers\n|-fieldend|move: Trick Room\n|upkeep\n|turn|7\n|inactive|bossiest3671 has 30 seconds left.\n|\n|t:|1776503371\n|switch|p1a: Venusaur|Venusaur, L50, M|100/100\n|move|p2b: Sneasler|Dire Claw|p1b: Farigiraf\n|-damage|p1b: Farigiraf|0 fnt\n|faint|p1b: Farigiraf\n|move|p2a: Milotic|Icy Wind|p1a: Venusaur\n|-supereffective|p1a: Venusaur|1\n|-damage|p1a: Venusaur|70/100\n|-unboost|p1a: Venusaur|spe|1\n|\n|-weather|SunnyDay|[upkeep]\n|-heal|p2a: Milotic|45/100|[from] item: Leftovers\n|upkeep\n|\n|t:|1776503384\n|switch|p1b: Torkoal|Torkoal, L50, M|68/100\n|turn|8\n|\n|t:|1776503395\n|move|p2b: Sneasler|Protect|p2b: Sneasler\n|-singleturn|p2b: Sneasler|Protect\n|move|p2a: Milotic|Protect|p2a: Milotic\n|-singleturn|p2a: Milotic|Protect\n|move|p1a: Venusaur|Sleep Powder|p2a: Milotic\n|-activate|p2a: Milotic|move: Protect\n|move|p1b: Torkoal|Weather Ball|p2b: Sneasler\n|-activate|p2b: Sneasler|move: Protect\n|\n|-weather|none\n|-heal|p2a: Milotic|50/100|[from] item: Leftovers\n|upkeep\n|turn|9\n|\n|t:|1776503413\n|move|p2b: Sneasler|Dire Claw|p1a: Venusaur\n|-damage|p1a: Venusaur|18/100\n|-status|p1a: Venusaur|par\n|move|p2a: Milotic|Scald|p1b: Torkoal\n|-supereffective|p1b: Torkoal|1\n|-damage|p1b: Torkoal|0 fnt\n|faint|p1b: Torkoal\n|move|p1a: Venusaur|Leaf Storm|p2a: Milotic\n|-supereffective|p2a: Milotic|1\n|-damage|p2a: Milotic|0 fnt\n|-unboost|p1a: Venusaur|spa|2\n|faint|p2a: Milotic\n|\n|upkeep\n|turn|10\n|-message|bossiest3671 forfeited.\n|\n|win|soulo333\n|raw|bossiest3671's rating: 1235 &rarr; <strong>1211</strong><br />(-24 for losing)\n|raw|soulo333's rating: 1254 &rarr; <strong>1278</strong><br />(+24 for winning)\n",
  "uploadtime": 1776503424,
  "views": 30,
  "formatid": "gen9championsvgc2026regma",
  "rating": 1211,
  "private": 0,
  "password": null
}