{
  "id": "gen9championsvgc2026regma-2582435507",
  "format": "[Gen 9 Champions] VGC 2026 Reg M-A",
  "players": [
    "1#MiraidonHater",
    "cjdhf18"
  ],
  "log": "|j|\u26061#MiraidonHater\n|j|\u2606cjdhf18\n|t:|1776091516\n|gametype|doubles\n|player|p1|1#MiraidonHater|170|1255\n|player|p2|cjdhf18|cynthia-gen4|1297\n|gen|9\n|tier|[Gen 9 Champions] VGC 2026 Reg M-A\n|rated|\n|rule|Species Clause: Limit one of each Pok\u00e9mon\n|rule|Item Clause: Limit 1 of each item\n|clearpoke\n|poke|p1|Kommo-o, L50, F|\n|poke|p1|Incineroar, L50, M|\n|poke|p1|Glimmora, L50, M|\n|poke|p1|Sinistcha, L50|\n|poke|p1|Talonflame, L50, M|\n|poke|p1|Palafin, L50, F|\n|poke|p2|Charizard, L50, F|\n|poke|p2|Sneasler, L50, F|\n|poke|p2|Basculegion, L50, M|\n|poke|p2|Garchomp, L50, F|\n|poke|p2|Incineroar, L50, M|\n|poke|p2|Venusaur, L50, M|\n|teampreview|4\n|\n|t:|1776091536\n|teamsize|p1|4\n|teamsize|p2|4\n|start\n|switch|p1a: Glimmora|Glimmora, L50, M|100/100\n|switch|p1b: Talonflame|Talonflame, L50, M|100/100\n|switch|p2a: Garchomp|Garchomp, L50, F|100/100\n|switch|p2b: Charizard|Charizard, L50, F|100/100\n|turn|1\n|inactive|Battle timer is ON: inactive players will automatically lose when time's up. (requested by cjdhf18)\n|\n|t:|1776091554\n|detailschange|p2b: Charizard|Charizard-Mega-Y, L50, F\n|-mega|p2b: Charizard|Charizard|Charizardite Y\n|-weather|SunnyDay|[from] ability: Drought|[of] p2b: Charizard\n|move|p1a: Glimmora|Spiky Shield|p1a: Glimmora\n|-singleturn|p1a: Glimmora|move: Protect\n|move|p2b: Charizard|Protect|p2b: Charizard\n|-singleturn|p2b: Charizard|Protect\n|move|p1b: Talonflame|Tailwind|p1b: Talonflame\n|-sidestart|p1: 1#MiraidonHater|move: Tailwind\n|move|p2a: Garchomp|Earthquake|p1b: Talonflame|[spread] \n|-activate|p2b: Charizard|move: Protect\n|-activate|p1a: Glimmora|move: Protect\n|-immune|p1b: Talonflame\n|\n|-weather|SunnyDay|[upkeep]\n|upkeep\n|turn|2\n|inactive|1#MiraidonHater has 30 seconds left.\n|\n|t:|1776091582\n|switch|p1a: Sinistcha|Sinistcha, L50|100/100\n|switch|p2b: Venusaur|Venusaur, L50, M|100/100\n|move|p1b: Talonflame|Dual Wingbeat|p2b: Venusaur\n|-supereffective|p2b: Venusaur|1\n|-damage|p2b: Venusaur|57/100\n|-supereffective|p2b: Venusaur|1\n|-crit|p2b: Venusaur\n|-damage|p2b: Venusaur|0 fnt\n|faint|p2b: Venusaur\n|-hitcount|p2: Venusaur|2\n|move|p2a: Garchomp|Rock Slide|p1b: Talonflame|[spread] p1a,p1b\n|-supereffective|p1b: Talonflame|2\n|-crit|p1b: Talonflame\n|-damage|p1a: Sinistcha|84/100\n|-enditem|p1b: Talonflame|Focus Sash\n|-damage|p1b: Talonflame|1/100\n|\n|-weather|SunnyDay|[upkeep]\n|upkeep\n|\n|t:|1776091603\n|switch|p2b: Charizard|Charizard-Mega-Y, L50, F|100/100\n|turn|3\n|\n|t:|1776091627\n|switch|p1b: Glimmora|Glimmora, L50, M|100/100\n|move|p1a: Sinistcha|Matcha Gotcha|p2b: Charizard|[spread] p2a,p2b\n|-resisted|p2b: Charizard|2\n|-damage|p2a: Garchomp|74/100\n|-heal|p1a: Sinistcha|99/100|[from] drain|[of] p2a: Garchomp\n|-damage|p2b: Charizard|95/100\n|-heal|p1a: Sinistcha|100/100|[from] drain|[of] p2b: Charizard\n|move|p2a: Garchomp|Rock Slide|p1b: Glimmora|[spread] p1a,p1b\n|-damage|p1a: Sinistcha|85/100\n|-damage|p1b: Glimmora|77/100\n|-activate|p1b: Glimmora|ability: Toxic Debris\n|-sidestart|p2: cjdhf18|move: Toxic Spikes\n|move|p2b: Charizard|Weather Ball|p1a: Sinistcha\n|-supereffective|p1a: Sinistcha|1\n|-enditem|p1a: Sinistcha|Occa Berry|[eat]\n|-enditem|p1a: Sinistcha|Occa Berry|[weaken]\n|-damage|p1a: Sinistcha|0 fnt\n|faint|p1a: Sinistcha\n|\n|-weather|SunnyDay|[upkeep]\n|upkeep\n|\n|t:|1776091649\n|switch|p1a: Kommo-o|Kommo-o, L50, F|100/100\n|turn|4\n|\n|t:|1776091657\n|detailschange|p1b: Glimmora|Glimmora-Mega, L50, M\n|-mega|p1b: Glimmora|Glimmora|Glimmoranite\n|move|p2b: Charizard|Protect|p2b: Charizard\n|-singleturn|p2b: Charizard|Protect\n|move|p1b: Glimmora|Power Gem|p2b: Charizard\n|-activate|p2b: Charizard|move: Protect\n|move|p1a: Kommo-o|Clanging Scales|p2b: Charizard|[spread] p2a\n|-activate|p2b: Charizard|move: Protect\n|-supereffective|p2a: Garchomp|1\n|-enditem|p2a: Garchomp|Haban Berry|[eat]\n|-enditem|p2a: Garchomp|Haban Berry|[weaken]\n|-damage|p2a: Garchomp|42/100\n|-unboost|p1a: Kommo-o|def|1\n|move|p2a: Garchomp|Dragon Claw|p1a: Kommo-o\n|-supereffective|p1a: Kommo-o|1\n|-damage|p1a: Kommo-o|0 fnt\n|faint|p1a: Kommo-o\n|\n|-weather|SunnyDay|[upkeep]\n|-sideend|p1: 1#MiraidonHater|move: Tailwind\n|upkeep\n|\n|t:|1776091671\n|switch|p1a: Talonflame|Talonflame, L50, M|1/100\n|turn|5\n|j| porygon-epilepz\n|\n|t:|1776091695\n|move|p2b: Charizard|Protect|p2b: Charizard\n|-singleturn|p2b: Charizard|Protect\n|move|p1a: Talonflame|Tailwind|p1a: Talonflame\n|-sidestart|p1: 1#MiraidonHater|move: Tailwind\n|move|p1b: Glimmora|Sludge Bomb|p2a: Garchomp\n|-resisted|p2a: Garchomp|1\n|-damage|p2a: Garchomp|5/100\n|move|p2a: Garchomp|Earthquake|p1a: Talonflame|[spread] p1b\n|-activate|p2b: Charizard|move: Protect\n|-immune|p1a: Talonflame\n|-supereffective|p1b: Glimmora|2\n|-damage|p1b: Glimmora|0 fnt\n|faint|p1b: Glimmora\n|\n|-weather|none\n|upkeep\n|turn|6\n|-message|1#MiraidonHater forfeited.\n|\n|win|cjdhf18\n|raw|1#MiraidonHater's rating: 1255 &rarr; <strong>1233</strong><br />(-22 for losing)\n|raw|cjdhf18's rating: 1297 &rarr; <strong>1319</strong><br />(+22 for winning)\n|l|\u26061#MiraidonHater\n|player|p1|\n",
  "uploadtime": 1776091518,
  "views": 51,
  "formatid": "gen9championsvgc2026regma",
  "rating": 1233,
  "private": 0,
  "password": null
}