{
  "id": "gen9championsvgc2026regma-2587849348",
  "format": "[Gen 9 Champions] VGC 2026 Reg M-A",
  "players": [
    "wmowovn",
    "Anicredible"
  ],
  "log": "|j|\u2606wmowovn\n|j|\u2606Anicredible\n|t:|1776570399\n|gametype|doubles\n|player|p1|wmowovn|acetrainer-gen4dp|1100\n|player|p2|Anicredible|schoolkid-gen4|1049\n|gen|9\n|tier|[Gen 9 Champions] VGC 2026 Reg M-A\n|rated|\n|rule|Species Clause: Limit one of each Pok\u00e9mon\n|rule|Item Clause: Limit 1 of each item\n|clearpoke\n|poke|p1|Froslass, L50, F|\n|poke|p1|Sneasler, L50, F|\n|poke|p1|Whimsicott, L50, M|\n|poke|p1|Kingambit, L50, M|\n|poke|p1|Incineroar, L50, M|\n|poke|p1|Primarina, L50, M|\n|poke|p2|Kangaskhan, L50, F|\n|poke|p2|Sinistcha, L50|\n|poke|p2|Sneasler, L50, M|\n|poke|p2|Whimsicott, L50, M|\n|poke|p2|Corviknight, L50, M|\n|poke|p2|Primarina, L50, M|\n|teampreview|4\n|inactive|Battle timer is ON: inactive players will automatically lose when time's up. (requested by Anicredible)\nAnicredible rejected open team sheets.\n|inactive|Anicredible has 60 seconds left.\n|\n|t:|1776570456\n|teamsize|p1|4\n|teamsize|p2|4\n|start\n|switch|p1a: Primarina|Primarina, L50, M|100/100\n|switch|p1b: Whimsicott|Whimsicott, L50, M|100/100\n|switch|p2a: Kangaskhan|Kangaskhan, L50, F|100/100\n|switch|p2b: Sneasler|Sneasler, L50, M|100/100\n|turn|1\n|\n|t:|1776570474\n|detailschange|p2a: Kangaskhan|Kangaskhan-Mega, L50, F\n|-mega|p2a: Kangaskhan|Kangaskhan|Kangaskhanite\n|move|p1b: Whimsicott|Protect|p1b: Whimsicott\n|-singleturn|p1b: Whimsicott|Protect\n|move|p2a: Kangaskhan|Fake Out|p1b: Whimsicott\n|-activate|p1b: Whimsicott|move: Protect\n|move|p2b: Sneasler|Coaching|p2a: Kangaskhan\n|-boost|p2a: Kangaskhan|atk|1\n|-boost|p2a: Kangaskhan|def|1\n|move|p1a: Primarina|Icy Wind|p2a: Kangaskhan|[spread] p2a,p2b\n|-damage|p2a: Kangaskhan|86/100\n|-damage|p2b: Sneasler|78/100\n|-unboost|p2a: Kangaskhan|spe|1\n|-unboost|p2b: Sneasler|spe|1\n|-enditem|p2b: Sneasler|White Herb\n|-clearnegativeboost|p2b: Sneasler|[silent]\n|\n|upkeep\n|turn|2\n|inactive|Anicredible has 30 seconds left.\n|\n|t:|1776570502\n|move|p2a: Kangaskhan|Protect|p2a: Kangaskhan\n|-singleturn|p2a: Kangaskhan|Protect\n|move|p1b: Whimsicott|Encore|p2a: Kangaskhan\n|-activate|p2a: Kangaskhan|move: Protect\n|move|p2b: Sneasler|Dire Claw|p1b: Whimsicott\n|-supereffective|p1b: Whimsicott|2\n|-enditem|p1b: Whimsicott|Focus Sash\n|-damage|p1b: Whimsicott|1/100\n|move|p1a: Primarina|Icy Wind|p2b: Sneasler|[spread] p2b\n|-activate|p2a: Kangaskhan|move: Protect\n|-damage|p2b: Sneasler|56/100\n|-unboost|p2b: Sneasler|spe|1\n|\n|upkeep\n|turn|3\n|inactive|Anicredible has 30 seconds left.\n|\n|t:|1776570536\n|switch|p1a: Sneasler|Sneasler, L50, F|100/100\n|move|p1b: Whimsicott|Encore|p2a: Kangaskhan\n|-start|p2a: Kangaskhan|Encore\n|move|p2a: Kangaskhan|Protect||[still]\n|-fail|p2a: Kangaskhan\n|move|p2b: Sneasler|Dire Claw|p1b: Whimsicott\n|-supereffective|p1b: Whimsicott|2\n|-damage|p1b: Whimsicott|0 fnt\n|faint|p1b: Whimsicott\n|\n|upkeep\n|\n|t:|1776570554\n|switch|p1b: Froslass|Froslass, L50, F|100/100\n|turn|4\n|\n|t:|1776570561\n|switch|p2b: Primarina|Primarina, L50, M|100/100\n|detailschange|p1b: Froslass|Froslass-Mega, L50, F\n|-mega|p1b: Froslass|Froslass|Froslassite\n|-weather|Snowscape|[from] ability: Snow Warning|[of] p1b: Froslass\n|move|p2a: Kangaskhan|Protect|p2a: Kangaskhan\n|-singleturn|p2a: Kangaskhan|Protect\n|move|p1b: Froslass|Blizzard|p2b: Primarina|[spread] p2b\n|-activate|p2a: Kangaskhan|move: Protect\n|-resisted|p2b: Primarina|1\n|-damage|p2b: Primarina|80/100\n|move|p1a: Sneasler|Close Combat|p2a: Kangaskhan\n|-activate|p2a: Kangaskhan|move: Protect\n|\n|-weather|Snowscape|[upkeep]\n|upkeep\n|turn|5\n|inactive|Anicredible has 30 seconds left.\n|\n|t:|1776570589\n|switch|p2a: Sneasler|Sneasler, L50, M|56/100\n|move|p2b: Primarina|Protect|p2b: Primarina\n|-singleturn|p2b: Primarina|Protect\n|move|p1b: Froslass|Aurora Veil|p1b: Froslass\n|-sidestart|p1: wmowovn|move: Aurora Veil\n|move|p1a: Sneasler|Close Combat|p2a: Sneasler\n|-resisted|p2a: Sneasler|1\n|-damage|p2a: Sneasler|0 fnt\n|-unboost|p1a: Sneasler|def|1\n|-unboost|p1a: Sneasler|spd|1\n|faint|p2a: Sneasler\n|-enditem|p1a: Sneasler|White Herb\n|-clearnegativeboost|p1a: Sneasler|[silent]\n|\n|-weather|Snowscape|[upkeep]\n|upkeep\n|c|\u2606Anicredible|ggwp\n|-message|Anicredible forfeited.\n|\n|win|wmowovn\n|raw|wmowovn's rating: 1100 &rarr; <strong>1121</strong><br />(+21 for winning)\n|raw|Anicredible's rating: 1049 &rarr; <strong>1034</strong><br />(-15 for losing)\n",
  "uploadtime": 1776570614,
  "views": 11,
  "formatid": "gen9championsvgc2026regma",
  "rating": 1034,
  "private": 0,
  "password": null
}