{
  "id": "gen9championsvgc2026regma-2587065863",
  "format": "[Gen 9 Champions] VGC 2026 Reg M-A",
  "players": [
    "humungulous",
    "CalmLeaf"
  ],
  "log": "|j|\u2606humungulous\n|j|\u2606CalmLeaf\n|t:|1776488815\n|gametype|doubles\n|player|p1|humungulous|169|1082\n|player|p2|CalmLeaf|leaf-masters|1009\n|gen|9\n|tier|[Gen 9 Champions] VGC 2026 Reg M-A\n|rated|\n|rule|Species Clause: Limit one of each Pok\u00e9mon\n|rule|Item Clause: Limit 1 of each item\n|clearpoke\n|poke|p1|Glimmora, L50, M|\n|poke|p1|Ninetales-Alola, L50, M|\n|poke|p1|Incineroar, L50, M|\n|poke|p1|Dragapult, L50, M|\n|poke|p1|Corviknight, L50, F|\n|poke|p1|Lucario, L50, F|\n|poke|p2|Starmie, L50|\n|poke|p2|Clefable, L50, M|\n|poke|p2|Blastoise, L50, F|\n|poke|p2|Toxicroak, L50, F|\n|poke|p2|Excadrill, L50, M|\n|poke|p2|Charizard, L50, M|\n|teampreview|4\n|inactive|Battle timer is ON: inactive players will automatically lose when time's up. (requested by humungulous)\nCalmLeaf rejected open team sheets.\n|inactive|humungulous has 60 seconds left.\n|\n|t:|1776488871\n|teamsize|p1|4\n|teamsize|p2|4\n|start\n|switch|p1a: Dragapult|Dragapult, L50, M|100/100\n|switch|p1b: Incineroar|Incineroar, L50, M|100/100\n|switch|p2a: MissSofia|Clefable, L50, M|100/100\n|switch|p2b: Kameki|Blastoise, L50, F|100/100\n|-ability|p1b: Incineroar|Intimidate|boost\n|-unboost|p2a: MissSofia|atk|1\n|-unboost|p2b: Kameki|atk|1\n|-enditem|p2b: Kameki|White Herb\n|-clearnegativeboost|p2b: Kameki|[silent]\n|turn|1\n|\n|t:|1776488893\n|switch|p2b: Overkill|Excadrill, L50, M|100/100\n|-ability|p2b: Overkill|Mold Breaker\n|move|p1b: Incineroar|Fake Out|p2b: Overkill\n|-resisted|p2b: Overkill|1\n|-damage|p2b: Overkill|90/100\n|move|p2a: MissSofia|Follow Me|p2a: MissSofia\n|-singleturn|p2a: MissSofia|move: Follow Me\n|move|p1a: Dragapult|Dragon Darts|p2a: MissSofia\n|-immune|p2a: MissSofia\n|\n|upkeep\n|turn|2\n|inactive|humungulous has 30 seconds left.\n|inactive|humungulous has 20 seconds left.\n|inactive|humungulous has 15 seconds left.\n|inactive|humungulous has 10 seconds left.\n|\n|t:|1776488943\n|switch|p2a: Lizardon|Charizard, L50, M|100/100\n|move|p1a: Dragapult|Will-O-Wisp|p2b: Overkill\n|-status|p2b: Overkill|brn\n|move|p2b: Overkill|Earthquake|p1b: Incineroar|[spread] p1a,p1b\n|-immune|p2a: Lizardon\n|-supereffective|p1b: Incineroar|1\n|-damage|p1a: Dragapult|73/100\n|-damage|p1b: Incineroar|57/100\n|move|p1b: Incineroar|Parting Shot|p2a: Lizardon\n|-unboost|p2a: Lizardon|atk|1\n|-unboost|p2a: Lizardon|spa|1\n|\n|t:|1776488954\n|switch|p1b: Lucario|Lucario, L50, F|100/100|[from] Parting Shot\n|\n|-damage|p2b: Overkill|84/100 brn|[from] brn\n|upkeep\n|turn|3\n|\n|t:|1776488978\n|switch|p1b: Incineroar|Incineroar, L50, M|57/100\n|-ability|p1b: Incineroar|Intimidate|boost\n|-unboost|p2a: Lizardon|atk|1\n|-unboost|p2b: Overkill|atk|1\n|move|p1a: Dragapult|Phantom Force||[still]\n|-prepare|p1a: Dragapult|Phantom Force\n|move|p2b: Overkill|Earthquake|p1a: Dragapult|[spread] p1b\n|-miss|p2b: Overkill|p1a: Dragapult\n|-immune|p2a: Lizardon\n|-supereffective|p1b: Incineroar|1\n|-damage|p1b: Incineroar|27/100\n|-enditem|p1b: Incineroar|Sitrus Berry|[eat]\n|-heal|p1b: Incineroar|51/100|[from] item: Sitrus Berry\n|move|p2a: Lizardon|Heat Wave|p1b: Incineroar|[spread] p1b\n|-miss|p2a: Lizardon|p1a: Dragapult\n|-resisted|p1b: Incineroar|1\n|-damage|p1b: Incineroar|42/100\n|\n|-damage|p2b: Overkill|79/100 brn|[from] brn\n|upkeep\n|turn|4\n|inactive|humungulous has 30 seconds left.\n|inactive|humungulous has 20 seconds left.\n|\n|t:|1776489016\n|switch|p2b: Kameki|Blastoise, L50, F|100/100\n|switch|p2a: MissSofia|Clefable, L50, M|100/100\n|move|p1b: Incineroar|Fake Out|p2a: MissSofia\n|-damage|p2a: MissSofia|86/100\n|move|p1a: Dragapult|Phantom Force|p2a: MissSofia|[from] lockedmove\n|-damage|p2a: MissSofia|43/100\n|\n|-heal|p2a: MissSofia|49/100|[from] item: Leftovers\n|upkeep\n|turn|5\n|inactive|humungulous has 30 seconds left.\n|inactive|humungulous has 20 seconds left.\n|\n|t:|1776489055\n|move|p2a: MissSofia|Follow Me|p2a: MissSofia\n|-singleturn|p2a: MissSofia|move: Follow Me\n|move|p1a: Dragapult|Will-O-Wisp|p2a: MissSofia\n|-status|p2a: MissSofia|brn\n|move|p2b: Kameki|Shell Smash|p2b: Kameki\n|-unboost|p2b: Kameki|def|1\n|-unboost|p2b: Kameki|spd|1\n|-boost|p2b: Kameki|atk|2\n|-boost|p2b: Kameki|spa|2\n|-boost|p2b: Kameki|spe|2\n|move|p1b: Incineroar|Parting Shot|p2a: MissSofia\n|-unboost|p2a: MissSofia|atk|1\n|-unboost|p2a: MissSofia|spa|1\n|\n|t:|1776489063\n|switch|p1b: Ninetales|Ninetales-Alola, L50, M|100/100|[from] Parting Shot\n|-weather|Snowscape|[from] ability: Snow Warning|[of] p1b: Ninetales\n|\n|-weather|Snowscape|[upkeep]\n|-heal|p2a: MissSofia|55/100 brn|[from] item: Leftovers\n|upkeep\n|turn|6\n|inactive|CalmLeaf has 30 seconds left.\n|\n|t:|1776489089\n|switch|p1a: Incineroar|Incineroar, L50, M|42/100\n|-ability|p1a: Incineroar|Intimidate|boost\n|-unboost|p2a: MissSofia|atk|1\n|-unboost|p2b: Kameki|atk|1\n|move|p2a: MissSofia|Follow Me|p2a: MissSofia\n|-singleturn|p2a: MissSofia|move: Follow Me\n|move|p2b: Kameki|Blizzard|p1a: Incineroar|[spread] p1a,p1b\n|-resisted|p1a: Incineroar|1\n|-resisted|p1b: Ninetales|1\n|-damage|p1a: Incineroar|23/100\n|-damage|p1b: Ninetales|76/100\n|move|p1b: Ninetales|Blizzard|p2b: Kameki|[spread] p2a,p2b\n|-resisted|p2b: Kameki|1\n|-damage|p2a: MissSofia|32/100 brn\n|-damage|p2b: Kameki|75/100\n|\n|-weather|Snowscape|[upkeep]\n|-heal|p2a: MissSofia|38/100 brn|[from] item: Leftovers\n|upkeep\n|turn|7\n|inactive|humungulous has 30 seconds left.\n|inactive|CalmLeaf has 30 seconds left.\n|\n|t:|1776489115\n|move|p1a: Incineroar|Fake Out|p2b: Kameki\n|-crit|p2b: Kameki\n|-damage|p2b: Kameki|39/100\n|move|p2a: MissSofia|Follow Me|p2a: MissSofia\n|-singleturn|p2a: MissSofia|move: Follow Me\n|cant|p2b: Kameki|flinch\n|move|p1b: Ninetales|Blizzard|p2b: Kameki|[spread] p2a,p2b\n|-resisted|p2b: Kameki|1\n|-damage|p2a: MissSofia|16/100 brn\n|-damage|p2b: Kameki|16/100\n|\n|-weather|Snowscape|[upkeep]\n|-heal|p2a: MissSofia|22/100 brn|[from] item: Leftovers\n|upkeep\n|turn|8\n|inactive|CalmLeaf has 30 seconds left.\n|\n|t:|1776489142\n|move|p2a: MissSofia|Follow Me|p2a: MissSofia\n|-singleturn|p2a: MissSofia|move: Follow Me\n|move|p2b: Kameki|Surf|p1b: Ninetales|[spread] p2a,p1a,p1b\n|-supereffective|p1a: Incineroar|1\n|-damage|p2a: MissSofia|0 fnt\n|-damage|p1a: Incineroar|0 fnt\n|-damage|p1b: Ninetales|0 fnt\n|faint|p2a: MissSofia\n|faint|p1a: Incineroar\n|faint|p1b: Ninetales\n|\n|-weather|Snowscape|[upkeep]\n|upkeep\n|\n|t:|1776489154\n|switch|p1b: Dragapult|Dragapult, L50, M|73/100\n|switch|p1a: Lucario|Lucario, L50, F|100/100\n|switch|p2a: Lizardon|Charizard, L50, M|100/100\n|turn|9\n|\n|t:|1776489175\n|detailschange|p1a: Lucario|Lucario-Mega, L50, F\n|-mega|p1a: Lucario|Lucario|Lucarionite\n|move|p1a: Lucario|Detect|p1a: Lucario\n|-singleturn|p1a: Lucario|Protect\n|move|p2a: Lizardon|Protect|p2a: Lizardon\n|-singleturn|p2a: Lizardon|Protect\n|move|p2b: Kameki|Blizzard|p1a: Lucario|[spread] p1b\n|-activate|p1a: Lucario|move: Protect\n|-supereffective|p1b: Dragapult|1\n|-damage|p1b: Dragapult|0 fnt\n|faint|p1b: Dragapult\n|\n|-weather|none\n|upkeep\n|turn|10\n|inactive|CalmLeaf has 30 seconds left.\n|\n|t:|1776489205\n|move|p2b: Kameki|Surf|p1a: Lucario|[spread] p2a,p1a\n|-supereffective|p2a: Lizardon|1\n|-damage|p2a: Lizardon|0 fnt\n|-damage|p1a: Lucario|0 fnt\n|faint|p2a: Lizardon\n|faint|p1a: Lucario\n|\n|win|CalmLeaf\n|raw|humungulous's rating: 1082 &rarr; <strong>1055</strong><br />(-27 for losing)\n|raw|CalmLeaf's rating: 1009 &rarr; <strong>1056</strong><br />(+47 for winning)\n|l|\u2606humungulous\n|player|p1|\n",
  "uploadtime": 1776489214,
  "views": 15,
  "formatid": "gen9championsvgc2026regma",
  "rating": 1055,
  "private": 0,
  "password": null
}