{
  "id": "gen9championsvgc2026regma-2580434534",
  "format": "[Gen 9 Champions] VGC 2026 Reg M-A",
  "players": [
    "calacadura",
    "q0wiia"
  ],
  "log": "|j|\u2606calacadura\n|j|\u2606q0wiia\n|t:|1775896008\n|gametype|doubles\n|player|p1|calacadura|2|1000\n|player|p2|q0wiia|skierf-gen4dp|1057\n|gen|9\n|tier|[Gen 9 Champions] VGC 2026 Reg M-A\n|rated|\n|rule|Species Clause: Limit one of each Pok\u00e9mon\n|rule|Item Clause: Limit 1 of each item\n|clearpoke\n|poke|p1|Sneasler, L50, F|\n|poke|p1|Froslass, L50, F|\n|poke|p1|Incineroar, L50, M|\n|poke|p1|Sinistcha, L50|\n|poke|p1|Starmie, L50|\n|poke|p1|Kingambit, L50, M|\n|poke|p2|Froslass, L50, F|\n|poke|p2|Maushold-Four, L50|\n|poke|p2|Gengar, L50, F|\n|poke|p2|Kingambit, L50, F|\n|poke|p2|Camerupt, L50, F|\n|poke|p2|Sinistcha, L50|\n|teampreview|4\n|\n|t:|1775896045\n|teamsize|p1|4\n|teamsize|p2|4\n|start\n|switch|p1a: Kitten|Incineroar, L50, M, shiny|100/100\n|switch|p1b: Pawinard|Kingambit, L50, M, shiny|100/100\n|switch|p2a: Camerupt|Camerupt, L50, F|100/100\n|switch|p2b: Maushold|Maushold-Four, L50, shiny|100/100\n|-ability|p1a: Kitten|Intimidate|boost\n|-unboost|p2a: Camerupt|atk|1\n|-unboost|p2b: Maushold|atk|1\n|turn|1\n|\n|t:|1775896072\n|detailschange|p2a: Camerupt|Camerupt-Mega, L50, F\n|-mega|p2a: Camerupt|Camerupt|Cameruptite\n|move|p1b: Pawinard|Protect|p1b: Pawinard\n|-singleturn|p1b: Pawinard|Protect\n|move|p2b: Maushold|After You|p2a: Camerupt\n|-activate|p2a: Camerupt|move: After You\n|move|p2a: Camerupt|Eruption|p1b: Pawinard|[spread] p1a\n|-activate|p1b: Pawinard|move: Protect\n|-resisted|p1a: Kitten|1\n|-damage|p1a: Kitten|74/100\n|move|p1a: Kitten|Will-O-Wisp|p2b: Maushold\n|-status|p2b: Maushold|brn\n|\n|-damage|p2b: Maushold|95/100 brn|[from] brn\n|upkeep\n|turn|2\n|l|\u2606calacadura\n|player|p1|\n|j|\u2606calacadura\n|player|p1|calacadura|2|\n|\n|t:|1775896104\n|move|p1b: Pawinard|Sucker Punch|p2a: Camerupt\n|-damage|p2a: Camerupt|63/100\n|move|p2b: Maushold|Encore|p1a: Kitten\n|-start|p1a: Kitten|Encore\n|move|p1a: Kitten|Will-O-Wisp|p2a: Camerupt\n|-immune|p2a: Camerupt\n|move|p2a: Camerupt|Eruption|p1b: Pawinard|[spread] p1a,p1b\n|-resisted|p1a: Kitten|1\n|-supereffective|p1b: Pawinard|1\n|-damage|p1a: Kitten|56/100\n|-damage|p1b: Pawinard|11/100\n|\n|-damage|p2b: Maushold|89/100 brn|[from] brn\n|upkeep\n|turn|3\n|\n|t:|1775896125\n|switch|p1a: Tiny|Sinistcha, L50, shiny|100/100\n|-heal|p1b: Pawinard|35/100|[from] ability: Hospitality|[of] p1a: Tiny\n|move|p2b: Maushold|Follow Me|p2b: Maushold\n|-singleturn|p2b: Maushold|move: Follow Me\n|move|p1b: Pawinard|Sucker Punch||[still]\n|-fail|p1b: Pawinard\n|move|p2a: Camerupt|Eruption|p1a: Tiny|[spread] p1a,p1b\n|-supereffective|p1a: Tiny|1\n|-supereffective|p1b: Pawinard|1\n|-damage|p1a: Tiny|0 fnt\n|-damage|p1b: Pawinard|0 fnt\n|faint|p1a: Tiny\n|faint|p1b: Pawinard\n|\n|-damage|p2b: Maushold|83/100 brn|[from] brn\n|upkeep\n|\n|t:|1775896135\n|switch|p1a: Glalita|Froslass, L50, F, shiny|100/100\n|switch|p1b: Kitten|Incineroar, L50, M, shiny|56/100\n|-ability|p1b: Kitten|Intimidate|boost\n|-unboost|p2a: Camerupt|atk|1\n|-unboost|p2b: Maushold|atk|1\n|turn|4\n|\n|t:|1775896158\n|switch|p2a: Sinistcha|Sinistcha, L50|100/100\n|-heal|p2b: Maushold|100/100 brn|[from] ability: Hospitality|[of] p2a: Sinistcha\n|detailschange|p1a: Glalita|Froslass-Mega, L50, F, shiny\n|-mega|p1a: Glalita|Froslass|Froslassite\n|-weather|Snowscape|[from] ability: Snow Warning|[of] p1a: Glalita\n|move|p2b: Maushold|Protect|p2b: Maushold\n|-singleturn|p2b: Maushold|Protect\n|move|p1a: Glalita|Aurora Veil|p1a: Glalita\n|-sidestart|p1: calacadura|move: Aurora Veil\n|move|p1b: Kitten|Flare Blitz|p2a: Sinistcha\n|-supereffective|p2a: Sinistcha|1\n|-damage|p2a: Sinistcha|40/100\n|-enditem|p2a: Sinistcha|Sitrus Berry|[eat]\n|-heal|p2a: Sinistcha|65/100|[from] item: Sitrus Berry\n|-damage|p1b: Kitten|38/100|[from] Recoil\n|\n|-weather|Snowscape|[upkeep]\n|-damage|p2b: Maushold|95/100 brn|[from] brn\n|upkeep\n|turn|5\n|\n|t:|1775896194\n|move|p1a: Glalita|Nasty Plot|p1a: Glalita\n|-boost|p1a: Glalita|spa|2\n|move|p2b: Maushold|Encore|p1a: Glalita\n|-start|p1a: Glalita|Encore\n|move|p1b: Kitten|Parting Shot|p2a: Sinistcha\n|-unboost|p2a: Sinistcha|atk|1\n|-unboost|p2a: Sinistcha|spa|1\n|move|p2a: Sinistcha|Trick Room|p2a: Sinistcha\n|-fieldstart|move: Trick Room|[of] p2a: Sinistcha\n|\n|-weather|Snowscape|[upkeep]\n|-damage|p2b: Maushold|89/100 brn|[from] brn\n|upkeep\n|turn|6\n|\n|t:|1775896231\n|switch|p2a: Kingambit|Kingambit, L50, F|100/100\n|move|p2b: Maushold|Follow Me|p2b: Maushold\n|-singleturn|p2b: Maushold|move: Follow Me\n|move|p1b: Kitten|Parting Shot|p2b: Maushold\n|-unboost|p2b: Maushold|atk|1\n|-unboost|p2b: Maushold|spa|1\n|move|p1a: Glalita|Nasty Plot|p1a: Glalita\n|-boost|p1a: Glalita|spa|2\n|\n|-weather|Snowscape|[upkeep]\n|-damage|p2b: Maushold|83/100 brn|[from] brn\n|upkeep\n|turn|7\n|\n|t:|1775896262\n|move|p2b: Maushold|Follow Me|p2b: Maushold\n|-singleturn|p2b: Maushold|move: Follow Me\n|move|p2a: Kingambit|Kowtow Cleave|p1a: Glalita\n|-supereffective|p1a: Glalita|1\n|-damage|p1a: Glalita|34/100\n|move|p1b: Kitten|Will-O-Wisp|p2b: Maushold|[miss]\n|-miss|p1b: Kitten|p2b: Maushold\n|move|p1a: Glalita|Nasty Plot|p1a: Glalita\n|-boost|p1a: Glalita|spa|2\n|\n|-weather|Snowscape|[upkeep]\n|-damage|p2b: Maushold|78/100 brn|[from] brn\n|upkeep\n|turn|8\n|\n|t:|1775896280\n|move|p2b: Maushold|Follow Me|p2b: Maushold\n|-singleturn|p2b: Maushold|move: Follow Me\n|move|p2a: Kingambit|Kowtow Cleave|p1a: Glalita\n|-supereffective|p1a: Glalita|1\n|-damage|p1a: Glalita|0 fnt\n|faint|p1a: Glalita\n|move|p1b: Kitten|Flare Blitz|p2b: Maushold|[miss]\n|-miss|p1b: Kitten|p2b: Maushold\n|\n|-weather|none\n|-damage|p2b: Maushold|72/100 brn|[from] brn\n|-sideend|p1: calacadura|move: Aurora Veil\n|upkeep\n|turn|9\n|\n|t:|1775896298\n|move|p2b: Maushold|Follow Me|p2b: Maushold\n|-singleturn|p2b: Maushold|move: Follow Me\n|move|p2a: Kingambit|Kowtow Cleave|p1b: Kitten\n|-resisted|p1b: Kitten|1\n|-damage|p1b: Kitten|16/100\n|move|p1b: Kitten|Flare Blitz|p2b: Maushold\n|-damage|p2b: Maushold|13/100 brn\n|-damage|p1b: Kitten|0 fnt|[from] Recoil\n|faint|p1b: Kitten\n|\n|win|q0wiia\n|raw|calacadura's rating: 1000 &rarr; <strong>1000</strong><br />(+0 for losing)\n|raw|q0wiia's rating: 1057 &rarr; <strong>1083</strong><br />(+26 for winning)\n",
  "uploadtime": 1775896309,
  "views": 14,
  "formatid": "gen9championsvgc2026regma",
  "rating": 1000,
  "private": 0,
  "password": null
}