{
  "id": "gen9championsvgc2026regma-2581450184",
  "format": "[Gen 9 Champions] VGC 2026 Reg M-A",
  "players": [
    "Unknown002",
    "blue schucle"
  ],
  "log": "|j|\u2606Unknown002\n|j|\u2606blue schucle\n|t:|1776001604\n|gametype|doubles\n|player|p1|Unknown002|steven|1152\n|player|p2|blue schucle|lance|1189\n|gen|9\n|tier|[Gen 9 Champions] VGC 2026 Reg M-A\n|rated|\n|rule|Species Clause: Limit one of each Pok\u00e9mon\n|rule|Item Clause: Limit 1 of each item\n|clearpoke\n|poke|p1|Basculegion, L50, M|\n|poke|p1|Pelipper, L50, F|\n|poke|p1|Sneasler, L50, M|\n|poke|p1|Gyarados, L50, F|\n|poke|p1|Archaludon, L50, M|\n|poke|p1|Charizard, L50, F|\n|poke|p2|Pelipper, L50, M|\n|poke|p2|Basculegion, L50, M|\n|poke|p2|Archaludon, L50, M|\n|poke|p2|Primarina, L50, F|\n|poke|p2|Gardevoir, L50, F|\n|poke|p2|Sableye, L50, M|\n|teampreview|4\n|\n|t:|1776001633\n|teamsize|p1|4\n|teamsize|p2|4\n|start\n|switch|p1a: Archaludon|Archaludon, L50, M|100/100\n|switch|p1b: Basculegion|Basculegion, L50, M, shiny|100/100\n|switch|p2a: Macabro|Sableye, L50, M|100/100\n|switch|p2b: Basculeo|Basculegion, L50, M|100/100\n|turn|1\n|\n|t:|1776001678\n|move|p2a: Macabro|Will-O-Wisp|p1b: Basculegion\n|-status|p1b: Basculegion|brn\n|move|p2b: Basculeo|Flip Turn|p1a: Archaludon\n|-resisted|p1a: Archaludon|1\n|-damage|p1a: Archaludon|84/100\n|-ability|p1a: Archaludon|Stamina|boost\n|-boost|p1a: Archaludon|def|1\n|\n|t:|1776001692\n|switch|p2b: Diva|Primarina, L50, F|100/100|[from] Flip Turn\n|move|p1a: Archaludon|Dragon Pulse|p2a: Macabro\n|-damage|p2a: Macabro|37/100\n|move|p1b: Basculegion|Wave Crash|p2a: Macabro\n|-damage|p2a: Macabro|8/100\n|-damage|p1b: Basculegion|94/100 brn|[from] Recoil\n|\n|-heal|p1a: Archaludon|90/100|[from] item: Leftovers\n|-damage|p1b: Basculegion|88/100 brn|[from] brn\n|upkeep\n|turn|2\n|\n|t:|1776001724\n|move|p1a: Archaludon|Protect|p1a: Archaludon\n|-singleturn|p1a: Archaludon|Protect\n|move|p1b: Basculegion|Protect|p1b: Basculegion\n|-singleturn|p1b: Basculegion|Protect\n|move|p2a: Macabro|Disable|p1b: Basculegion\n|-activate|p1b: Basculegion|move: Protect\n|move|p2b: Diva|Moonblast|p1a: Archaludon\n|-activate|p1a: Archaludon|move: Protect\n|\n|-heal|p1a: Archaludon|96/100|[from] item: Leftovers\n|-damage|p1b: Basculegion|82/100 brn|[from] brn\n|upkeep\n|turn|3\n|\n|t:|1776001762\n|switch|p1b: Gyarados|Gyarados, L50, F, shiny|100/100\n|-ability|p1b: Gyarados|Intimidate|boost\n|-unboost|p2a: Macabro|atk|1\n|-unboost|p2b: Diva|atk|1\n|move|p2a: Macabro|Protect|p2a: Macabro\n|-singleturn|p2a: Macabro|Protect\n|move|p1a: Archaludon|Dragon Pulse|p2a: Macabro\n|-activate|p2a: Macabro|move: Protect\n|move|p2b: Diva|Moonblast|p1a: Archaludon\n|-damage|p1a: Archaludon|37/100\n|-unboost|p1a: Archaludon|spa|1\n|-ability|p1a: Archaludon|Stamina|boost\n|-boost|p1a: Archaludon|def|1\n|\n|-heal|p1a: Archaludon|43/100|[from] item: Leftovers\n|upkeep\n|turn|4\n|\n|t:|1776001791\n|move|p1a: Archaludon|Protect|p1a: Archaludon\n|-singleturn|p1a: Archaludon|Protect\n|move|p2a: Macabro|Will-O-Wisp|p1b: Gyarados|[miss]\n|-miss|p2a: Macabro|p1b: Gyarados\n|move|p1b: Gyarados|Dragon Dance|p1b: Gyarados\n|-boost|p1b: Gyarados|atk|1\n|-boost|p1b: Gyarados|spe|1\n|move|p2b: Diva|Moonblast|p1a: Archaludon\n|-activate|p1a: Archaludon|move: Protect\n|\n|-heal|p1a: Archaludon|48/100|[from] item: Leftovers\n|upkeep\n|turn|5\n|\n|t:|1776001814\n|switch|p1a: Basculegion|Basculegion, L50, M, shiny|82/100 brn\n|move|p2a: Macabro|Will-O-Wisp|p1b: Gyarados\n|-status|p1b: Gyarados|brn\n|move|p1b: Gyarados|Dragon Dance|p1b: Gyarados\n|-boost|p1b: Gyarados|atk|1\n|-boost|p1b: Gyarados|spe|1\n|move|p2b: Diva|Moonblast|p1a: Basculegion\n|-damage|p1a: Basculegion|34/100 brn\n|\n|-damage|p1b: Gyarados|95/100 brn|[from] brn\n|-damage|p1a: Basculegion|27/100 brn|[from] brn\n|upkeep\n|turn|6\n|\n|t:|1776001852\n|move|p2a: Macabro|Protect|p2a: Macabro\n|-singleturn|p2a: Macabro|Protect\n|move|p1b: Gyarados|Crunch|p2b: Diva\n|-resisted|p2b: Diva|1\n|-damage|p2b: Diva|80/100\n|move|p2b: Diva|Hyper Voice|p1b: Gyarados|[spread] p1a,p1b\n|-resisted|p1a: Basculegion|1\n|-resisted|p1b: Gyarados|1\n|-damage|p1a: Basculegion|9/100 brn\n|-damage|p1b: Gyarados|77/100 brn\n|move|p1a: Basculegion|Last Respects|p2a: Macabro\n|-activate|p2a: Macabro|move: Protect\n|\n|-heal|p2b: Diva|86/100|[from] item: Leftovers\n|-damage|p1b: Gyarados|71/100 brn|[from] brn\n|-damage|p1a: Basculegion|3/100 brn|[from] brn\n|upkeep\n|turn|7\n|-message|Unknown002 forfeited.\n|\n|win|blue schucle\n|raw|Unknown002's rating: 1152 &rarr; <strong>1130</strong><br />(-22 for losing)\n|raw|blue schucle's rating: 1189 &rarr; <strong>1211</strong><br />(+22 for winning)\n|l|\u2606Unknown002\n|player|p1|\n",
  "uploadtime": 1776001949,
  "views": 21,
  "formatid": "gen9championsvgc2026regma",
  "rating": 1130,
  "private": 0,
  "password": null
}