{
  "id": "gen9championsvgc2026regma-2583734769",
  "format": "[Gen 9 Champions] VGC 2026 Reg M-A",
  "players": [
    "Wasifer",
    "JimmiBunnie"
  ],
  "log": "|j|\u2606Wasifer\n|j|\u2606JimmiBunnie\n|t:|1776194096\n|gametype|doubles\n|player|p1|Wasifer|cynthia|1051\n|player|p2|JimmiBunnie|pokekid|1139\n|gen|9\n|tier|[Gen 9 Champions] VGC 2026 Reg M-A\n|rated|\n|rule|Species Clause: Limit one of each Pok\u00e9mon\n|rule|Item Clause: Limit 1 of each item\n|clearpoke\n|poke|p1|Gengar, L50, F|\n|poke|p1|Incineroar, L50, M|\n|poke|p1|Orthworm, L50, F|\n|poke|p1|Vivillon, L50, F|\n|poke|p1|Garchomp, L50, M|\n|poke|p1|Sneasler, L50, F|\n|poke|p2|Lopunny, L50, F|\n|poke|p2|Garchomp, L50, F|\n|poke|p2|Incineroar, L50, M|\n|poke|p2|Rotom-Wash, L50|\n|poke|p2|Whimsicott, L50, M|\n|poke|p2|Sinistcha, L50|\n|teampreview|4\nWasifer has agreed to open team sheets.\n|inactive|Battle timer is ON: inactive players will automatically lose when time's up. (requested by JimmiBunnie)\n|inactive|Wasifer has 60 seconds left.\n|\n|t:|1776194220\n|teamsize|p1|4\n|teamsize|p2|4\n|start\n|switch|p1a: Vivillon|Vivillon, L50, F|100/100\n|switch|p1b: Orthworm|Orthworm, L50, F|100/100\n|switch|p2a: Incineroar|Incineroar, L50, M|100/100\n|switch|p2b: Lopunny|Lopunny, L50, F|100/100\n|-ability|p2a: Incineroar|Intimidate|boost\n|-unboost|p1a: Vivillon|atk|1\n|-unboost|p1b: Orthworm|atk|1\n|turn|1\n|\n|t:|1776194242\n|detailschange|p2b: Lopunny|Lopunny-Mega, L50, F\n|-mega|p2b: Lopunny|Lopunny|Lopunnite\n|move|p1a: Vivillon|Protect|p1a: Vivillon\n|-singleturn|p1a: Vivillon|Protect\n|move|p2b: Lopunny|Close Combat|p1b: Orthworm\n|-supereffective|p1b: Orthworm|1\n|-crit|p1b: Orthworm\n|-damage|p1b: Orthworm|0 fnt\n|-unboost|p2b: Lopunny|def|1\n|-unboost|p2b: Lopunny|spd|1\n|faint|p1b: Orthworm\n|move|p2a: Incineroar|Flare Blitz|p1a: Vivillon\n|-activate|p1a: Vivillon|move: Protect\n|\n|upkeep\n|\n|t:|1776194259\n|switch|p1b: Incineroar|Incineroar, L50, M|100/100\n|-ability|p1b: Incineroar|Intimidate|boost\n|-unboost|p2a: Incineroar|atk|1\n|-fail|p2b: Lopunny|unboost|Attack|[from] ability: Scrappy|[of] p2b: Lopunny\n|turn|2\n|\n|t:|1776194274\n|switch|p2a: Rotom|Rotom-Wash, L50|100/100\n|move|p1b: Incineroar|Fake Out|p2b: Lopunny\n|-damage|p2b: Lopunny|79/100\n|cant|p2b: Lopunny|flinch\n|move|p1a: Vivillon|Tailwind|p1a: Vivillon\n|-sidestart|p1: Wasifer|move: Tailwind\n|\n|upkeep\n|turn|3\n|inactive|Wasifer has 30 seconds left.\n|\n|t:|1776194302\n|switch|p1b: Gengar|Gengar, L50, F|100/100\n|move|p1a: Vivillon|Air Slash|p2b: Lopunny\n|-supereffective|p2b: Lopunny|1\n|-damage|p2b: Lopunny|0 fnt\n|faint|p2b: Lopunny\n|move|p2a: Rotom|Volt Switch|p1a: Vivillon\n|-supereffective|p1a: Vivillon|1\n|-enditem|p1a: Vivillon|Focus Sash\n|-damage|p1a: Vivillon|1/100\n|\n|t:|1776194316\n|switch|p2a: Incineroar|Incineroar, L50, M|100/100|[from] Volt Switch\n|-ability|p2a: Incineroar|Intimidate|boost\n|-unboost|p1a: Vivillon|atk|1\n|-unboost|p1b: Gengar|atk|1\n|\n|upkeep\n|\n|t:|1776194322\n|switch|p2b: Rotom|Rotom-Wash, L50|100/100\n|turn|4\n|\n|t:|1776194329\n|move|p1b: Gengar|Protect|p1b: Gengar\n|-singleturn|p1b: Gengar|Protect\n|move|p1a: Vivillon|Protect|p1a: Vivillon\n|-singleturn|p1a: Vivillon|Protect\n|move|p2a: Incineroar|Fake Out|p1b: Gengar\n|-activate|p1b: Gengar|move: Protect\n|move|p2b: Rotom|Volt Switch|p1a: Vivillon\n|-activate|p1a: Vivillon|move: Protect\n|\n|upkeep\n|turn|5\n|inactive|Wasifer has 30 seconds left.\n|\n|t:|1776194364\n|switch|p1a: Incineroar|Incineroar, L50, M|100/100\n|-ability|p1a: Incineroar|Intimidate|boost\n|-unboost|p2a: Incineroar|atk|1\n|-unboost|p2b: Rotom|atk|1\n|detailschange|p1b: Gengar|Gengar-Mega, L50, F\n|-mega|p1b: Gengar|Gengar|Gengarite\n|move|p1b: Gengar|Perish Song|p1b: Gengar\n|-start|p1a: Incineroar|perish3|[silent]\n|-start|p1b: Gengar|perish3|[silent]\n|-start|p2a: Incineroar|perish3|[silent]\n|-start|p2b: Rotom|perish3|[silent]\n|-fieldactivate|move: Perish Song\n|move|p2b: Rotom|Volt Switch|p1b: Gengar\n|-damage|p1b: Gengar|58/100\n|\n|t:|1776194378\n|switch|p2b: Whimsicott|Whimsicott, L50, M|100/100|[from] Volt Switch\n|move|p2a: Incineroar|Throat Chop|p1b: Gengar\n|-supereffective|p1b: Gengar|1\n|-damage|p1b: Gengar|0 fnt\n|faint|p1b: Gengar\n|\n|-start|p1a: Incineroar|perish3\n|-start|p2a: Incineroar|perish3\n|-sideend|p1: Wasifer|move: Tailwind\n|upkeep\n|\n|t:|1776194387\n|switch|p1b: Vivillon|Vivillon, L50, F|1/100\n|turn|6\n|\n|t:|1776194400\n|switch|p2b: Rotom|Rotom-Wash, L50|100/100\n|move|p1b: Vivillon|Protect|p1b: Vivillon\n|-singleturn|p1b: Vivillon|Protect\n|move|p1a: Incineroar|Flare Blitz|p2b: Rotom\n|-resisted|p2b: Rotom|1\n|-damage|p2b: Rotom|76/100\n|-damage|p1a: Incineroar|94/100|[from] Recoil\n|move|p2a: Incineroar|Parting Shot|p1a: Incineroar\n|-unboost|p1a: Incineroar|atk|1\n|-unboost|p1a: Incineroar|spa|1\n|-message|Wasifer forfeited.\n|\n|win|JimmiBunnie\n|raw|Wasifer's rating: 1051 &rarr; <strong>1038</strong><br />(-13 for losing)\n|raw|JimmiBunnie's rating: 1139 &rarr; <strong>1158</strong><br />(+19 for winning)\n|l|\u2606Wasifer\n|player|p1|\n",
  "uploadtime": 1776194414,
  "views": 15,
  "formatid": "gen9championsvgc2026regma",
  "rating": 1038,
  "private": 0,
  "password": null
}