{
  "id": "gen9championsvgc2026regma-2584229640",
  "format": "[Gen 9 Champions] VGC 2026 Reg M-A",
  "players": [
    "yocops",
    "NoizZy"
  ],
  "log": "|j|\u2606yocops\n|j|\u2606NoizZy\n|t:|1776240869\n|gametype|doubles\n|player|p1|yocops|lady|1061\n|player|p2|NoizZy|102|1133\n|gen|9\n|tier|[Gen 9 Champions] VGC 2026 Reg M-A\n|rated|\n|rule|Species Clause: Limit one of each Pok\u00e9mon\n|rule|Item Clause: Limit 1 of each item\n|clearpoke\n|poke|p1|Garchomp, L50, M|\n|poke|p1|Tauros-Paldea-Aqua, L50, M|\n|poke|p1|Charizard, L50, F|\n|poke|p1|Venusaur, L50, M|\n|poke|p1|Incineroar, L50, M|\n|poke|p1|Gardevoir, L50, M|\n|poke|p2|Archaludon, L50, M|\n|poke|p2|Sinistcha, L50|\n|poke|p2|Basculegion, L50, M|\n|poke|p2|Meganium, L50, M|\n|poke|p2|Politoed, L50, F|\n|poke|p2|Dragonite, L50, M|\n|teampreview|4\nyocops has agreed to open team sheets.\nNoizZy has agreed to open team sheets.\n|showteam|p1|Garchomp||LumBerry|RoughSkin|Protect,Earthquake,DragonClaw,RockSlide|||M|||50|]Tauros-Paldea-Aqua||CobaBerry|Intimidate|AquaJet,CloseCombat,RockSlide,Protect|||M|||50|]Charizard||CharizarditeY|Blaze|HeatWave,SolarBeam,WeatherBall,Protect|||F|||50|]Venusaur||OccaBerry|Chlorophyll|SolarBeam,SludgeBomb,WeatherBall,Protect|||M|||50|]Incineroar||SitrusBerry|Intimidate|FakeOut,PartingShot,FlareBlitz,Protect|||M|||50|]Gardevoir||ChoiceScarf|Telepathy|DazzlingGleam,AuraSphere,Psychic,Thunderbolt|||M|||50|\n|showteam|p2|Archaludon||Leftovers|Stamina|FlashCannon,ElectroShot,DracoMeteor,Protect|||M|||50|]Sinistcha||BrightPowder|Hospitality|RagePowder,Memento,Protect,StrengthSap||||||50|]Basculegion||MysticWater|SwiftSwim|LastRespects,Protect,Liquidation,FlipTurn|||M|||50|]Meganium||Meganiumite|Overgrow|SolarBeam,WeatherBall,Protect,DazzlingGleam|||M|||50|]Politoed||SitrusBerry|Drizzle|IceBeam,WeatherBall,Protect,IcyWind|||F|||50|]Dragonite||Dragoninite|Multiscale|Protect,Hurricane,Thunder,IceBeam|||M|||50|\n|\n|t:|1776240964\n|teamsize|p1|4\n|teamsize|p2|4\n|start\n|switch|p1a: Incineroar|Incineroar, L50, M|100/100\n|switch|p1b: Gardevoir|Gardevoir, L50, M|100/100\n|switch|p2a: Mr Rain|Dragonite, L50, M|100/100\n|switch|p2b: Ivan's Tazer|Archaludon, L50, M|100/100\n|-ability|p1a: Incineroar|Intimidate|boost\n|-unboost|p2a: Mr Rain|atk|1\n|-unboost|p2b: Ivan's Tazer|atk|1\n|turn|1\n|\n|t:|1776240995\n|move|p2b: Ivan's Tazer|Protect|p2b: Ivan's Tazer\n|-singleturn|p2b: Ivan's Tazer|Protect\n|move|p2a: Mr Rain|Protect|p2a: Mr Rain\n|-singleturn|p2a: Mr Rain|Protect\n|move|p1a: Incineroar|Fake Out|p2b: Ivan's Tazer\n|-activate|p2b: Ivan's Tazer|move: Protect\n|move|p1b: Gardevoir|Dazzling Gleam|p2b: Ivan's Tazer|[spread] \n|-activate|p2a: Mr Rain|move: Protect\n|-activate|p2b: Ivan's Tazer|move: Protect\n|\n|upkeep\n|turn|2\n|inactive|Battle timer is ON: inactive players will automatically lose when time's up. (requested by yocops)\n|\n|t:|1776241046\n|switch|p2a: Toes|Politoed, L50, F|100/100\n|-weather|RainDance|[from] ability: Drizzle|[of] p2a: Toes\n|move|p1b: Gardevoir|Dazzling Gleam|p2a: Toes|[spread] p2a,p2b\n|-damage|p2a: Toes|78/100\n|-damage|p2b: Ivan's Tazer|50/100\n|-ability|p2b: Ivan's Tazer|Stamina|boost\n|-boost|p2b: Ivan's Tazer|def|1\n|move|p2b: Ivan's Tazer|Electro Shot||[still]\n|-prepare|p2b: Ivan's Tazer|Electro Shot\n|-boost|p2b: Ivan's Tazer|spa|1\n|-anim|p2b: Ivan's Tazer|Electro Shot|p1b: Gardevoir\n|-damage|p1b: Gardevoir|38/100\n|move|p1a: Incineroar|Flare Blitz|p2b: Ivan's Tazer\n|-damage|p2b: Ivan's Tazer|39/100\n|-ability|p2b: Ivan's Tazer|Stamina|boost\n|-boost|p2b: Ivan's Tazer|def|1\n|-damage|p1a: Incineroar|97/100|[from] Recoil\n|\n|-weather|RainDance|[upkeep]\n|-heal|p2b: Ivan's Tazer|45/100|[from] item: Leftovers\n|upkeep\n|turn|3\n|\n|t:|1776241070\n|switch|p2a: Sinistcha|Sinistcha, L50|100/100\n|-heal|p2b: Ivan's Tazer|70/100|[from] ability: Hospitality|[of] p2a: Sinistcha\n|move|p1b: Gardevoir|Dazzling Gleam|p2a: Sinistcha|[spread] p2b\n|-miss|p1b: Gardevoir|p2a: Sinistcha\n|-damage|p2b: Ivan's Tazer|22/100\n|-ability|p2b: Ivan's Tazer|Stamina|boost\n|-boost|p2b: Ivan's Tazer|def|1\n|move|p2b: Ivan's Tazer|Electro Shot||[still]\n|-prepare|p2b: Ivan's Tazer|Electro Shot\n|-boost|p2b: Ivan's Tazer|spa|1\n|-anim|p2b: Ivan's Tazer|Electro Shot|p1b: Gardevoir\n|-damage|p1b: Gardevoir|0 fnt\n|faint|p1b: Gardevoir\n|move|p1a: Incineroar|Parting Shot|p2a: Sinistcha\n|-unboost|p2a: Sinistcha|atk|1\n|-unboost|p2a: Sinistcha|spa|1\n|\n|t:|1776241088\n|switch|p1a: Charizard|Charizard, L50, F|100/100|[from] Parting Shot\n|\n|-weather|RainDance|[upkeep]\n|-heal|p2b: Ivan's Tazer|28/100|[from] item: Leftovers\n|upkeep\n|\n|t:|1776241101\n|switch|p1b: Venusaur|Venusaur, L50, M|100/100\n|turn|4\n|\n|t:|1776241125\n|detailschange|p1a: Charizard|Charizard-Mega-Y, L50, F\n|-mega|p1a: Charizard|Charizard|Charizardite Y\n|-weather|SunnyDay|[from] ability: Drought|[of] p1a: Charizard\n|move|p2b: Ivan's Tazer|Protect|p2b: Ivan's Tazer\n|-singleturn|p2b: Ivan's Tazer|Protect\n|move|p2a: Sinistcha|Protect|p2a: Sinistcha\n|-singleturn|p2a: Sinistcha|Protect\n|move|p1b: Venusaur|Sludge Bomb|p2a: Sinistcha\n|-activate|p2a: Sinistcha|move: Protect\n|move|p1a: Charizard|Heat Wave|p2b: Ivan's Tazer|[spread] \n|-activate|p2a: Sinistcha|move: Protect\n|-activate|p2b: Ivan's Tazer|move: Protect\n|\n|-weather|SunnyDay|[upkeep]\n|-heal|p2b: Ivan's Tazer|34/100|[from] item: Leftovers\n|upkeep\n|turn|5\n|inactive|NoizZy has 30 seconds left.\n|inactive|NoizZy has 20 seconds left.\n|inactive|NoizZy has 15 seconds left.\n|\n|t:|1776241167\n|switch|p1a: Incineroar|Incineroar, L50, M|97/100\n|-ability|p1a: Incineroar|Intimidate|boost\n|-unboost|p2a: Sinistcha|atk|1\n|-unboost|p2b: Ivan's Tazer|atk|1\n|switch|p2b: Mr Rain|Dragonite, L50, M|100/100\n|switch|p2a: Toes|Politoed, L50, F|78/100\n|-weather|RainDance|[from] ability: Drizzle|[of] p2a: Toes\n|move|p1b: Venusaur|Sludge Bomb|p2a: Toes\n|-damage|p2a: Toes|45/100\n|-enditem|p2a: Toes|Sitrus Berry|[eat]\n|-heal|p2a: Toes|70/100|[from] item: Sitrus Berry\n|\n|-weather|RainDance|[upkeep]\n|upkeep\n|turn|6\n|inactive|yocops has 30 seconds left.\n|inactive|NoizZy has 30 seconds left.\n|inactive|yocops has 20 seconds left.\n|inactive|yocops has 15 seconds left.\n|inactive|yocops has 10 seconds left.\n|\n|t:|1776241216\n|switch|p1b: Charizard|Charizard-Mega-Y, L50, F|100/100\n|-weather|SunnyDay|[from] ability: Drought|[of] p1b: Charizard\n|switch|p2a: Ivan's Tazer|Archaludon, L50, M|34/100\n|detailschange|p2b: Mr Rain|Dragonite-Mega, L50, M\n|-mega|p2b: Mr Rain|Dragonite|Dragoninite\n|move|p2b: Mr Rain|Protect|p2b: Mr Rain\n|-singleturn|p2b: Mr Rain|Protect\n|move|p1a: Incineroar|Fake Out|p2b: Mr Rain\n|-activate|p2b: Mr Rain|move: Protect\n|\n|-weather|SunnyDay|[upkeep]\n|-heal|p2a: Ivan's Tazer|40/100|[from] item: Leftovers\n|upkeep\n|turn|7\n|\n|t:|1776241241\n|switch|p2a: Toes|Politoed, L50, F|70/100\n|-weather|RainDance|[from] ability: Drizzle|[of] p2a: Toes\n|move|p1b: Charizard|Heat Wave|p2b: Mr Rain|[spread] p2a,p2b\n|-resisted|p2a: Toes|1\n|-resisted|p2b: Mr Rain|1\n|-damage|p2a: Toes|61/100\n|-damage|p2b: Mr Rain|96/100\n|move|p2b: Mr Rain|Hurricane|p1b: Charizard\n|-damage|p1b: Charizard|25/100\n|move|p1a: Incineroar|Parting Shot|p2b: Mr Rain\n|-unboost|p2b: Mr Rain|atk|1\n|-unboost|p2b: Mr Rain|spa|1\n|\n|t:|1776241251\n|switch|p1a: Venusaur|Venusaur, L50, M|100/100|[from] Parting Shot\n|\n|-weather|RainDance|[upkeep]\n|upkeep\n|turn|8\n|\n|t:|1776241274\n|switch|p1b: Incineroar|Incineroar, L50, M|97/100\n|-ability|p1b: Incineroar|Intimidate|boost\n|-unboost|p2a: Toes|atk|1\n|-unboost|p2b: Mr Rain|atk|1\n|move|p1a: Venusaur|Protect|p1a: Venusaur\n|-singleturn|p1a: Venusaur|Protect\n|move|p2b: Mr Rain|Hurricane|p1b: Incineroar\n|-damage|p1b: Incineroar|65/100\n|-start|p1b: Incineroar|confusion\n|move|p2a: Toes|Icy Wind|p1a: Venusaur|[spread] p1b\n|-activate|p1a: Venusaur|move: Protect\n|-resisted|p1b: Incineroar|1\n|-crit|p1b: Incineroar\n|-damage|p1b: Incineroar|60/100\n|-unboost|p1b: Incineroar|spe|1\n|\n|-weather|RainDance|[upkeep]\n|upkeep\n|turn|9\n|inactive|NoizZy has 30 seconds left.\n|\n|t:|1776241307\n|switch|p1a: Charizard|Charizard-Mega-Y, L50, F|25/100\n|-weather|SunnyDay|[from] ability: Drought|[of] p1a: Charizard\n|switch|p2b: Ivan's Tazer|Archaludon, L50, M|40/100\n|switch|p2a: Sinistcha|Sinistcha, L50|100/100\n|-heal|p2b: Ivan's Tazer|65/100|[from] ability: Hospitality|[of] p2a: Sinistcha\n|-activate|p1b: Incineroar|confusion\n|move|p1b: Incineroar|Flare Blitz|p2a: Sinistcha\n|-supereffective|p2a: Sinistcha|1\n|-damage|p2a: Sinistcha|5/100\n|-damage|p1b: Incineroar|32/100|[from] Recoil\n|-enditem|p1b: Incineroar|Sitrus Berry|[eat]\n|-heal|p1b: Incineroar|57/100|[from] item: Sitrus Berry\n|\n|-weather|SunnyDay|[upkeep]\n|-heal|p2b: Ivan's Tazer|71/100|[from] item: Leftovers\n|upkeep\n|turn|10\n|inactive|NoizZy has 30 seconds left.\n|\n|t:|1776241336\n|switch|p2a: Toes|Politoed, L50, F|61/100\n|-weather|RainDance|[from] ability: Drizzle|[of] p2a: Toes\n|move|p1a: Charizard|Heat Wave|p2b: Ivan's Tazer|[spread] p2b\n|-miss|p1a: Charizard|p2a: Toes\n|-damage|p2b: Ivan's Tazer|37/100\n|-ability|p2b: Ivan's Tazer|Stamina|boost\n|-boost|p2b: Ivan's Tazer|def|1\n|move|p2b: Ivan's Tazer|Electro Shot||[still]\n|-prepare|p2b: Ivan's Tazer|Electro Shot\n|-boost|p2b: Ivan's Tazer|spa|1\n|-anim|p2b: Ivan's Tazer|Electro Shot|p1b: Incineroar\n|-damage|p1b: Incineroar|19/100\n|-activate|p1b: Incineroar|confusion\n|-damage|p1b: Incineroar|9/100|[from] confusion\n|\n|-weather|RainDance|[upkeep]\n|-heal|p2b: Ivan's Tazer|43/100|[from] item: Leftovers\n|upkeep\n|turn|11\n|inactive|NoizZy has 30 seconds left.\n|\n|t:|1776241371\n|switch|p1a: Venusaur|Venusaur, L50, M|100/100\n|-activate|p1b: Incineroar|confusion\n|move|p1b: Incineroar|Protect|p1b: Incineroar\n|-singleturn|p1b: Incineroar|Protect\n|move|p2b: Ivan's Tazer|Draco Meteor|p1a: Venusaur\n|-damage|p1a: Venusaur|5/100\n|-unboost|p2b: Ivan's Tazer|spa|2\n|move|p2a: Toes|Ice Beam|p1b: Incineroar\n|-activate|p1b: Incineroar|move: Protect\n|\n|-weather|RainDance|[upkeep]\n|-heal|p2b: Ivan's Tazer|49/100|[from] item: Leftovers\n|upkeep\n|turn|12\n|\n|t:|1776241391\n|switch|p2a: Sinistcha|Sinistcha, L50|5/100\n|-heal|p2b: Ivan's Tazer|74/100|[from] ability: Hospitality|[of] p2a: Sinistcha\n|switch|p1b: Charizard|Charizard-Mega-Y, L50, F|25/100\n|-weather|SunnyDay|[from] ability: Drought|[of] p1b: Charizard\n|move|p1a: Venusaur|Solar Beam||[still]\n|-prepare|p1a: Venusaur|Solar Beam\n|-anim|p1a: Venusaur|Solar Beam|p2a: Sinistcha\n|-resisted|p2a: Sinistcha|1\n|-damage|p2a: Sinistcha|0 fnt\n|faint|p2a: Sinistcha\n|move|p2b: Ivan's Tazer|Flash Cannon|p1b: Charizard\n|-resisted|p1b: Charizard|1\n|-damage|p1b: Charizard|15/100\n|\n|-weather|SunnyDay|[upkeep]\n|-heal|p2b: Ivan's Tazer|80/100|[from] item: Leftovers\n|upkeep\n|\n|t:|1776241400\n|switch|p2a: Toes|Politoed, L50, F|61/100\n|-weather|RainDance|[from] ability: Drizzle|[of] p2a: Toes\n|turn|13\n|\n|t:|1776241410\n|switch|p1b: Incineroar|Incineroar, L50, M|9/100\n|-ability|p1b: Incineroar|Intimidate|boost\n|-unboost|p2a: Toes|atk|1\n|-unboost|p2b: Ivan's Tazer|atk|1\n|switch|p2a: Mr Rain|Dragonite-Mega, L50, M|96/100\n|move|p2b: Ivan's Tazer|Electro Shot||[still]\n|-prepare|p2b: Ivan's Tazer|Electro Shot\n|-boost|p2b: Ivan's Tazer|spa|1\n|-anim|p2b: Ivan's Tazer|Electro Shot|p1a: Venusaur\n|-resisted|p1a: Venusaur|1\n|-damage|p1a: Venusaur|0 fnt\n|faint|p1a: Venusaur\n|\n|-weather|RainDance|[upkeep]\n|-heal|p2b: Ivan's Tazer|86/100|[from] item: Leftovers\n|upkeep\n|\n|t:|1776241423\n|switch|p1a: Charizard|Charizard-Mega-Y, L50, F|15/100\n|-weather|SunnyDay|[from] ability: Drought|[of] p1a: Charizard\n|turn|14\n|\n|t:|1776241436\n|switch|p2b: Toes|Politoed, L50, F|61/100\n|-weather|RainDance|[from] ability: Drizzle|[of] p2b: Toes\n|move|p2a: Mr Rain|Protect|p2a: Mr Rain\n|-singleturn|p2a: Mr Rain|Protect\n|move|p1b: Incineroar|Fake Out|p2b: Toes\n|-damage|p2b: Toes|49/100\n|move|p1a: Charizard|Heat Wave|p2a: Mr Rain|[spread] p2b\n|-activate|p2a: Mr Rain|move: Protect\n|-resisted|p2b: Toes|1\n|-crit|p2b: Toes\n|-damage|p2b: Toes|37/100\n|\n|-weather|RainDance|[upkeep]\n|upkeep\n|turn|15\n|\n|t:|1776241452\n|move|p1a: Charizard|Protect|p1a: Charizard\n|-singleturn|p1a: Charizard|Protect\n|move|p2a: Mr Rain|Hurricane|p1a: Charizard\n|-activate|p1a: Charizard|move: Protect\n|move|p2b: Toes|Weather Ball|p1b: Incineroar\n|-supereffective|p1b: Incineroar|1\n|-damage|p1b: Incineroar|0 fnt\n|faint|p1b: Incineroar\n|\n|-weather|RainDance|[upkeep]\n|upkeep\n|turn|16\n|-message|yocops forfeited.\n|\n|win|NoizZy\n|raw|yocops's rating: 1061 &rarr; <strong>1046</strong><br />(-15 for losing)\n|raw|NoizZy's rating: 1133 &rarr; <strong>1153</strong><br />(+20 for winning)\n|l|\u2606yocops\n|player|p1|\n",
  "uploadtime": 1776241463,
  "views": 25,
  "formatid": "gen9championsvgc2026regma",
  "rating": 1046,
  "private": 0,
  "password": null
}