{
  "id": "gen9championsvgc2026regma-2588426458",
  "format": "[Gen 9 Champions] VGC 2026 Reg M-A",
  "players": [
    "3ibkbl4",
    "yes yes boys"
  ],
  "log": "|j|\u26063ibkbl4\n|j|\u2606yes yes boys\n|t:|1776632532\n|gametype|doubles\n|player|p1|3ibkbl4|unknown|1059\n|player|p2|yes yes boys|170|1060\n|gen|9\n|tier|[Gen 9 Champions] VGC 2026 Reg M-A\n|rated|\n|rule|Species Clause: Limit one of each Pok\u00e9mon\n|rule|Item Clause: Limit 1 of each item\n|clearpoke\n|poke|p1|Archaludon, L50, F|\n|poke|p1|Pelipper, L50, F|\n|poke|p1|Scizor, L50, M|\n|poke|p1|Gallade, L50, M|\n|poke|p1|Scovillain, L50, F|\n|poke|p1|Aerodactyl, L50, F|\n|poke|p2|Crabominable, L50, M|\n|poke|p2|Slowking-Galar, L50, M|\n|poke|p2|Kingambit, L50, M|\n|poke|p2|Primarina, L50, M|\n|poke|p2|Sinistcha, L50|\n|poke|p2|Incineroar, L50, M|\n|teampreview|4\n|inactive|Battle timer is ON: inactive players will automatically lose when time's up. (requested by yes yes boys)\n|\n|t:|1776632557\n|teamsize|p1|4\n|teamsize|p2|4\n|start\n|switch|p1a: Scovillain|Scovillain, L50, F|100/100\n|switch|p1b: Scizor|Scizor, L50, M|100/100\n|switch|p2a: Incineroar|Incineroar, L50, M|100/100\n|switch|p2b: Sinistcha|Sinistcha, L50|100/100\n|-ability|p2a: Incineroar|Intimidate|boost\n|-unboost|p1a: Scovillain|atk|1\n|-unboost|p1b: Scizor|atk|1\n|turn|1\n|\n|t:|1776632583\n|move|p1a: Scovillain|Protect|p1a: Scovillain\n|-singleturn|p1a: Scovillain|Protect\n|move|p2a: Incineroar|Fake Out|p1a: Scovillain\n|-activate|p1a: Scovillain|move: Protect\n|move|p1b: Scizor|Knock Off|p2b: Sinistcha\n|-supereffective|p2b: Sinistcha|1\n|-damage|p2b: Sinistcha|56/100\n|-enditem|p2b: Sinistcha|Bright Powder|[from] move: Knock Off|[of] p1b: Scizor\n|move|p2b: Sinistcha|Trick Room|p2b: Sinistcha\n|-fieldstart|move: Trick Room|[of] p2b: Sinistcha\n|\n|-ability|p1a: Scovillain|Moody|boost\n|-boost|p1a: Scovillain|def|2\n|-unboost|p1a: Scovillain|spa|1\n|upkeep\n|turn|2\n|inactive|yes yes boys has 30 seconds left.\n|\n|t:|1776632614\n|switch|p2b: Crabominable|Crabominable, L50, M|100/100\n|move|p1b: Scizor|Protect|p1b: Scizor\n|-singleturn|p1b: Scizor|Protect\n|move|p1a: Scovillain|Rage Powder|p1a: Scovillain\n|-singleturn|p1a: Scovillain|move: Rage Powder\n|move|p2a: Incineroar|Throat Chop|p1a: Scovillain\n|-damage|p1a: Scovillain|75/100\n|-start|p1a: Scovillain|Throat Chop|[silent]\n|\n|-ability|p1a: Scovillain|Moody|boost\n|-boost|p1a: Scovillain|atk|2\n|-unboost|p1a: Scovillain|def|1\n|upkeep\n|turn|3\n|\n|t:|1776632632\n|detailschange|p2b: Crabominable|Crabominable-Mega, L50, M\n|-mega|p2b: Crabominable|Crabominable|Crabominite\n|move|p1b: Scizor|Protect|p1b: Scizor\n|-singleturn|p1b: Scizor|Protect\n|move|p1a: Scovillain|Protect|p1a: Scovillain\n|-singleturn|p1a: Scovillain|Protect\n|move|p2b: Crabominable|Ice Hammer|p1a: Scovillain\n|-activate|p1a: Scovillain|move: Protect\n|move|p2a: Incineroar|Parting Shot|p1a: Scovillain\n|-activate|p1a: Scovillain|move: Protect\n|\n|-end|p1a: Scovillain|Throat Chop|[silent]\n|-ability|p1a: Scovillain|Moody|boost\n|-boost|p1a: Scovillain|def|2\n|-unboost|p1a: Scovillain|spd|1\n|upkeep\n|turn|4\n|\n|t:|1776632655\n|switch|p1b: Pelipper|Pelipper, L50, F|100/100\n|-weather|RainDance|[from] ability: Drizzle|[of] p1b: Pelipper\n|detailschange|p1a: Scovillain|Scovillain-Mega, L50, F\n|-mega|p1a: Scovillain|Scovillain|Scovillainite\n|move|p1a: Scovillain|Rage Powder|p1a: Scovillain\n|-singleturn|p1a: Scovillain|move: Rage Powder\n|move|p2b: Crabominable|Drain Punch|p1a: Scovillain\n|-damage|p1a: Scovillain|44/100\n|-status|p2b: Crabominable|brn|[from] ability: Spicy Spray|[of] p1a: Scovillain\n|move|p2a: Incineroar|Parting Shot|p1a: Scovillain\n|-unboost|p1a: Scovillain|atk|1\n|-unboost|p1a: Scovillain|spa|1\n|\n|t:|1776632671\n|switch|p2a: Sinistcha|Sinistcha, L50|56/100|[from] Parting Shot\n|\n|-weather|RainDance|[upkeep]\n|-damage|p2b: Crabominable|95/100 brn|[from] brn\n|upkeep\n|turn|5\n|-message|yes yes boys forfeited.\n|\n|win|3ibkbl4\n|raw|3ibkbl4's rating: 1059 &rarr; <strong>1090</strong><br />(+31 for winning)\n|raw|yes yes boys's rating: 1060 &rarr; <strong>1041</strong><br />(-19 for losing)\n|l|\u2606yes yes boys\n|player|p2|\n",
  "uploadtime": 1776632684,
  "views": 11,
  "formatid": "gen9championsvgc2026regma",
  "rating": 1041,
  "private": 0,
  "password": null
}