{
  "id": "gen9championsvgc2026regma-2587951863",
  "format": "[Gen 9 Champions] VGC 2026 Reg M-A",
  "players": [
    "faric",
    "alibaba999"
  ],
  "log": "|j|\u2606faric\n|j|\u2606alibaba999\n|t:|1776583850\n|gametype|doubles\n|player|p1|faric|101|1338\n|player|p2|alibaba999|giovanni|1288\n|gen|9\n|tier|[Gen 9 Champions] VGC 2026 Reg M-A\n|rated|\n|rule|Species Clause: Limit one of each Pok\u00e9mon\n|rule|Item Clause: Limit 1 of each item\n|clearpoke\n|poke|p1|Charizard, L50, M|\n|poke|p1|Garchomp, L50, M|\n|poke|p1|Rotom-Wash, L50|\n|poke|p1|Incineroar, L50, M|\n|poke|p1|Sneasler, L50, M|\n|poke|p1|Whimsicott, L50, M|\n|poke|p2|Incineroar, L50, M, shiny|\n|poke|p2|Oranguru, L50, M, shiny|\n|poke|p2|Crabominable, L50, M, shiny|\n|poke|p2|Torkoal, L50, M, shiny|\n|poke|p2|Gallade, L50, M, shiny|\n|poke|p2|Farigiraf, L50, M, shiny|\n|teampreview|4\n|inactive|Battle timer is ON: inactive players will automatically lose when time's up. (requested by faric)\n|inactive|faric has 60 seconds left.\n|\n|t:|1776583905\n|teamsize|p1|4\n|teamsize|p2|4\n|start\n|switch|p1a: Garchomp|Garchomp, L50, M|100/100\n|switch|p1b: Charizard|Charizard, L50, M|100/100\n|switch|p2a: Oranguru|Oranguru, L50, M, shiny|100/100\n|switch|p2b: Incineroar|Incineroar, L50, M, shiny|100/100\n|-ability|p2b: Incineroar|Intimidate|boost\n|-unboost|p1a: Garchomp|atk|1\n|-unboost|p1b: Charizard|atk|1\n|turn|1\n|\n|t:|1776583923\n|detailschange|p1b: Charizard|Charizard-Mega-Y, L50, M\n|-mega|p1b: Charizard|Charizard|Charizardite Y\n|-weather|SunnyDay|[from] ability: Drought|[of] p1b: Charizard\n|move|p2b: Incineroar|Fake Out|p1a: Garchomp\n|-damage|p1a: Garchomp|90/100\n|-damage|p2b: Incineroar|88/100|[from] ability: Rough Skin|[of] p1a: Garchomp\n|cant|p1a: Garchomp|flinch\n|move|p1b: Charizard|Weather Ball|p2a: Oranguru\n|-damage|p2a: Oranguru|26/100\n|move|p2a: Oranguru|Trick Room|p2a: Oranguru\n|-fieldstart|move: Trick Room|[of] p2a: Oranguru\n|\n|-weather|SunnyDay|[upkeep]\n|upkeep\n|turn|2\n|\n|t:|1776583944\n|switch|p1b: Incineroar|Incineroar, L50, M|100/100\n|-ability|p1b: Incineroar|Intimidate|boost\n|-fail|p2a: Oranguru|unboost|Attack|[from] ability: Inner Focus|[of] p2a: Oranguru\n|-unboost|p2b: Incineroar|atk|1\n|move|p2a: Oranguru|Protect|p2a: Oranguru\n|-singleturn|p2a: Oranguru|Protect\n|move|p2b: Incineroar|Parting Shot|p1b: Incineroar\n|-unboost|p1b: Incineroar|atk|1\n|-unboost|p1b: Incineroar|spa|1\n|\n|t:|1776583955\n|switch|p2b: Crabominable|Crabominable, L50, M, shiny|100/100|[from] Parting Shot\n|move|p1a: Garchomp|Earthquake|p2a: Oranguru|[spread] p1b,p2b\n|-activate|p2a: Oranguru|move: Protect\n|-supereffective|p1b: Incineroar|1\n|-damage|p1b: Incineroar|44/100\n|-damage|p2b: Crabominable|75/100\n|-enditem|p1b: Incineroar|Sitrus Berry|[eat]\n|-heal|p1b: Incineroar|69/100|[from] item: Sitrus Berry\n|\n|-weather|SunnyDay|[upkeep]\n|upkeep\n|turn|3\n|\n|t:|1776583972\n|switch|p2a: Incineroar|Incineroar, L50, M, shiny|88/100\n|-ability|p2a: Incineroar|Intimidate|boost\n|-unboost|p1a: Garchomp|atk|1\n|-unboost|p1b: Incineroar|atk|1\n|move|p2b: Crabominable|Protect|p2b: Crabominable\n|-singleturn|p2b: Crabominable|Protect\n|move|p1b: Incineroar|Fake Out|p2b: Crabominable\n|-activate|p2b: Crabominable|move: Protect\n|move|p1a: Garchomp|Earthquake|p2a: Incineroar|[spread] p1b,p2a\n|-activate|p2b: Crabominable|move: Protect\n|-supereffective|p1b: Incineroar|1\n|-supereffective|p2a: Incineroar|1\n|-damage|p1b: Incineroar|27/100\n|-damage|p2a: Incineroar|52/100\n|\n|-weather|SunnyDay|[upkeep]\n|upkeep\n|turn|4\n|\n|t:|1776583996\n|switch|p1b: Charizard|Charizard-Mega-Y, L50, M|100/100\n|detailschange|p2b: Crabominable|Crabominable-Mega, L50, M, shiny\n|-mega|p2b: Crabominable|Crabominable|Crabominite\n|move|p2a: Incineroar|Fake Out|p1a: Garchomp\n|-damage|p1a: Garchomp|79/100\n|-damage|p2a: Incineroar|40/100|[from] ability: Rough Skin|[of] p1a: Garchomp\n|-enditem|p2a: Incineroar|Sitrus Berry|[eat]\n|-heal|p2a: Incineroar|65/100|[from] item: Sitrus Berry\n|move|p2b: Crabominable|Ice Hammer|p1b: Charizard\n|-damage|p1b: Charizard|6/100\n|-unboost|p2b: Crabominable|spe|1\n|cant|p1a: Garchomp|flinch\n|\n|-weather|SunnyDay|[upkeep]\n|upkeep\n|turn|5\n|\n|t:|1776584019\n|switch|p1b: Rotom|Rotom-Wash, L50|100/100\n|switch|p1a: Incineroar|Incineroar, L50, M|27/100\n|-ability|p1a: Incineroar|Intimidate|boost\n|-unboost|p2a: Incineroar|atk|1\n|-unboost|p2b: Crabominable|atk|1\n|move|p2b: Crabominable|Ice Hammer|p1a: Incineroar|[miss]\n|-miss|p2b: Crabominable|p1a: Incineroar\n|move|p2a: Incineroar|Throat Chop|p1b: Rotom\n|-damage|p1b: Rotom|77/100\n|-start|p1b: Rotom|Throat Chop|[silent]\n|\n|-weather|none\n|-heal|p1b: Rotom|83/100|[from] item: Leftovers\n|-fieldend|move: Trick Room\n|upkeep\n|turn|6\n|inactive|faric has 30 seconds left.\n|\n|t:|1776584046\n|move|p2b: Crabominable|Protect|p2b: Crabominable\n|-singleturn|p2b: Crabominable|Protect\n|move|p1b: Rotom|Hydro Pump|p2a: Incineroar\n|-supereffective|p2a: Incineroar|1\n|-damage|p2a: Incineroar|0 fnt\n|faint|p2a: Incineroar\n|move|p1a: Incineroar|Flare Blitz|p2b: Crabominable\n|-activate|p2b: Crabominable|move: Protect\n|\n|-heal|p1b: Rotom|88/100|[from] item: Leftovers\n|-end|p1b: Rotom|Throat Chop|[silent]\n|upkeep\n|\n|t:|1776584055\n|switch|p2a: Oranguru|Oranguru, L50, M, shiny|26/100\n|turn|7\n|\n|t:|1776584066\n|move|p2a: Oranguru|Protect|p2a: Oranguru\n|-singleturn|p2a: Oranguru|Protect\n|move|p1b: Rotom|Thunderbolt|p2a: Oranguru\n|-activate|p2a: Oranguru|move: Protect\n|move|p1a: Incineroar|Flare Blitz|p2b: Crabominable\n|-supereffective|p2b: Crabominable|1\n|-damage|p2b: Crabominable|0 fnt\n|faint|p2b: Crabominable\n|-damage|p1a: Incineroar|6/100|[from] Recoil\n|\n|-heal|p1b: Rotom|94/100|[from] item: Leftovers\n|upkeep\n|\n|t:|1776584074\n|switch|p2b: Gallade|Gallade, L50, M, shiny|100/100\n|turn|8\n|\n|t:|1776584087\n|move|p2a: Oranguru|Protect|p2a: Oranguru\n|-singleturn|p2a: Oranguru|Protect\n|move|p1b: Rotom|Thunderbolt|p2a: Oranguru\n|-activate|p2a: Oranguru|move: Protect\n|move|p1a: Incineroar|Darkest Lariat|p2b: Gallade\n|-damage|p2b: Gallade|38/100\n|move|p2b: Gallade|Trick Room|p2b: Gallade\n|-fieldstart|move: Trick Room|[of] p2b: Gallade\n|\n|-heal|p1b: Rotom|99/100|[from] item: Leftovers\n|upkeep\n|turn|9\n|-message|alibaba999 forfeited.\n|\n|win|faric\n|raw|faric's rating: 1338 &rarr; <strong>1355</strong><br />(+17 for winning)\n|raw|alibaba999's rating: 1288 &rarr; <strong>1267</strong><br />(-21 for losing)\n|l|\u2606alibaba999\n|player|p2|\n",
  "uploadtime": 1776584124,
  "views": 24,
  "formatid": "gen9championsvgc2026regma",
  "rating": 1267,
  "private": 0,
  "password": null
}