{
  "id": "gen9championsvgc2026regma-2585032013",
  "format": "[Gen 9 Champions] VGC 2026 Reg M-A",
  "players": [
    "All-StarVGC",
    "ShaggyMetagross"
  ],
  "log": "|j|\u2606All-StarVGC\n|j|\u2606ShaggyMetagross\n|t:|1776305075\n|gametype|doubles\n|player|p1|All-StarVGC|red|1150\n|player|p2|ShaggyMetagross|cyrus|1128\n|gen|9\n|tier|[Gen 9 Champions] VGC 2026 Reg M-A\n|rated|\n|rule|Species Clause: Limit one of each Pok\u00e9mon\n|rule|Item Clause: Limit 1 of each item\n|clearpoke\n|poke|p1|Incineroar, L50, M|\n|poke|p1|Archaludon, L50, M|\n|poke|p1|Pelipper, L50, M|\n|poke|p1|Floette-Eternal, L50, F|\n|poke|p1|Meganium, L50, M|\n|poke|p1|Sinistcha, L50|\n|poke|p2|Pelipper, L50, M|\n|poke|p2|Basculegion-F, L50, F|\n|poke|p2|Scizor, L50, F|\n|poke|p2|Sinistcha, L50|\n|poke|p2|Sneasler, L50, M|\n|poke|p2|Rhyperior, L50, F|\n|teampreview|4\nAll-StarVGC has agreed to open team sheets.\n|inactive|Battle timer is ON: inactive players will automatically lose when time's up. (requested by All-StarVGC)\n|c|\u2606All-StarVGC|Hfgl.\n|\n|t:|1776305113\n|teamsize|p1|4\n|teamsize|p2|4\n|start\n|switch|p1a: Incineroar|Incineroar, L50, M|100/100\n|switch|p1b: Floette|Floette-Eternal, L50, F|100/100\n|switch|p2a: Pelipper|Pelipper, L50, M, shiny|100/100\n|switch|p2b: Basculegion|Basculegion-F, L50, F|100/100\n|-weather|RainDance|[from] ability: Drizzle|[of] p2a: Pelipper\n|-ability|p1a: Incineroar|Intimidate|boost\n|-unboost|p2a: Pelipper|atk|1\n|-unboost|p2b: Basculegion|atk|1\n|turn|1\n|inactive|ShaggyMetagross has 30 seconds left.\n|\n|t:|1776305144\n|detailschange|p1b: Floette|Floette-Mega, L50, F\n|-mega|p1b: Floette|Floette|Floettite\n|-ability|p1b: Floette|Fairy Aura\n|move|p1a: Incineroar|Fake Out|p2a: Pelipper\n|-damage|p2a: Pelipper|83/100\n|move|p1b: Floette|Dazzling Gleam|p2a: Pelipper|[spread] p2a,p2b\n|-damage|p2a: Pelipper|1/100\n|-damage|p2b: Basculegion|49/100\n|cant|p2a: Pelipper|flinch\n|move|p2b: Basculegion|Muddy Water|p1a: Incineroar|[spread] p1a,p1b\n|-supereffective|p1a: Incineroar|1\n|-damage|p1a: Incineroar|0 fnt\n|-damage|p1b: Floette|42/100\n|-unboost|p1b: Floette|accuracy|1\n|faint|p1a: Incineroar\n|\n|-weather|RainDance|[upkeep]\n|upkeep\n|\n|t:|1776305159\n|switch|p1a: Archaludon|Archaludon, L50, M|100/100\n|turn|2\n|\n|t:|1776305177\n|switch|p2a: Scizor|Scizor, L50, F|100/100\n|move|p2b: Basculegion|Protect|p2b: Basculegion\n|-singleturn|p2b: Basculegion|Protect\n|move|p1b: Floette|Dazzling Gleam|p2b: Basculegion|[spread] \n|-activate|p2b: Basculegion|move: Protect\n|-miss|p1b: Floette|p2a: Scizor\n|move|p1a: Archaludon|Electro Shot||[still]\n|-prepare|p1a: Archaludon|Electro Shot\n|-boost|p1a: Archaludon|spa|1\n|-anim|p1a: Archaludon|Electro Shot|p2b: Basculegion\n|-activate|p2b: Basculegion|move: Protect\n|\n|-weather|RainDance|[upkeep]\n|upkeep\n|turn|3\n|c|\u2606All-StarVGC|Wp.\n|inactive|ShaggyMetagross has 30 seconds left.\n|inactive|ShaggyMetagross has 20 seconds left.\n|inactive|ShaggyMetagross has 15 seconds left.\n|inactive|ShaggyMetagross has 10 seconds left.\n|\n|t:|1776305222\n|detailschange|p2a: Scizor|Scizor-Mega, L50, F\n|-mega|p2a: Scizor|Scizor|Scizorite\n|move|p2a: Scizor|Bullet Punch|p1b: Floette\n|-supereffective|p1b: Floette|1\n|-damage|p1b: Floette|0 fnt\n|faint|p1b: Floette\n|move|p1a: Archaludon|Electro Shot||[still]\n|-prepare|p1a: Archaludon|Electro Shot\n|-boost|p1a: Archaludon|spa|1\n|-anim|p1a: Archaludon|Electro Shot|p2b: Basculegion\n|-supereffective|p2b: Basculegion|1\n|-damage|p2b: Basculegion|0 fnt\n|faint|p2b: Basculegion\n|\n|-weather|RainDance|[upkeep]\n|upkeep\n|\n|t:|1776305240\n|switch|p1b: Pelipper|Pelipper, L50, M|100/100\n|switch|p2b: Sneasler|Sneasler, L50, M|100/100\n|turn|4\n|\n|t:|1776305260\n|move|p2b: Sneasler|Close Combat|p1a: Archaludon\n|-supereffective|p1a: Archaludon|1\n|-damage|p1a: Archaludon|0 fnt\n|-unboost|p2b: Sneasler|def|1\n|-unboost|p2b: Sneasler|spd|1\n|faint|p1a: Archaludon\n|-enditem|p2b: Sneasler|White Herb\n|-clearnegativeboost|p2b: Sneasler|[silent]\n|move|p1b: Pelipper|Hurricane|p2b: Sneasler\n|-supereffective|p2b: Sneasler|1\n|-damage|p2b: Sneasler|0 fnt\n|faint|p2b: Sneasler\n|move|p2a: Scizor|Dual Wingbeat|p1b: Pelipper|[miss]\n|-miss|p2a: Scizor|p1b: Pelipper\n|\n|-weather|RainDance|[upkeep]\n|upkeep\n|\n|t:|1776305276\n|switch|p2b: Pelipper|Pelipper, L50, M, shiny|1/100\n|turn|5\n|\n|t:|1776305299\n|move|p1b: Pelipper|Protect|p1b: Pelipper\n|-singleturn|p1b: Pelipper|Protect\n|move|p2a: Scizor|Protect|p2a: Scizor\n|-singleturn|p2a: Scizor|Protect\n|move|p2b: Pelipper|Tailwind|p2b: Pelipper\n|-sidestart|p2: ShaggyMetagross|move: Tailwind\n|\n|-weather|none\n|upkeep\n|turn|6\n|\n|t:|1776305315\n|move|p2b: Pelipper|Hurricane|p1b: Pelipper|[miss]\n|-miss|p2b: Pelipper|p1b: Pelipper\n|move|p2a: Scizor|Dual Wingbeat|p1b: Pelipper\n|-damage|p1b: Pelipper|69/100\n|-damage|p1b: Pelipper|36/100\n|-hitcount|p1b: Pelipper|2\n|move|p1b: Pelipper|U-turn|p2b: Pelipper\n|-resisted|p2b: Pelipper|1\n|-damage|p2b: Pelipper|0 fnt\n|faint|p2b: Pelipper\n|\n|upkeep\n|turn|7\n|\n|t:|1776305331\n|move|p1b: Pelipper|Protect|p1b: Pelipper\n|-singleturn|p1b: Pelipper|Protect\n|move|p2a: Scizor|Dual Wingbeat|p1b: Pelipper\n|-activate|p1b: Pelipper|move: Protect\n|\n|upkeep\n|turn|8\n|\n|t:|1776305350\n|move|p2a: Scizor|Dual Wingbeat|p1b: Pelipper\n|-damage|p1b: Pelipper|3/100\n|-damage|p1b: Pelipper|0 fnt\n|faint|p1b: Pelipper\n|-hitcount|p1: Pelipper|2\n|\n|win|ShaggyMetagross\n|raw|All-StarVGC's rating: 1150 &rarr; <strong>1123</strong><br />(-27 for losing)\n|raw|ShaggyMetagross's rating: 1128 &rarr; <strong>1155</strong><br />(+27 for winning)\n|c|\u2606All-StarVGC|Gg.\n|c|\u2606ShaggyMetagross|Gg\n|l|\u2606All-StarVGC\n|player|p1|\n",
  "uploadtime": 1776305384,
  "views": 34,
  "formatid": "gen9championsvgc2026regma",
  "rating": 1123,
  "private": 0,
  "password": null
}