{
  "id": "gen9championsvgc2026regma-2583939323",
  "format": "[Gen 9 Champions] VGC 2026 Reg M-A",
  "players": [
    "pokemonyoyoplayer",
    "danuwu"
  ],
  "log": "|j|\u2606pokemonyoyoplayer\n|j|\u2606danuwu\n|t:|1776210074\n|gametype|doubles\n|player|p1|pokemonyoyoplayer|101|1294\n|player|p2|danuwu|liko|1199\n|gen|9\n|tier|[Gen 9 Champions] VGC 2026 Reg M-A\n|rated|\n|rule|Species Clause: Limit one of each Pok\u00e9mon\n|rule|Item Clause: Limit 1 of each item\n|clearpoke\n|poke|p1|Sneasler, L50, F|\n|poke|p1|Kingambit, L50, F|\n|poke|p1|Aerodactyl, L50, F|\n|poke|p1|Gardevoir, L50, F|\n|poke|p1|Incineroar, L50, F|\n|poke|p1|Sinistcha, L50|\n|poke|p2|Araquanid, L50, F|\n|poke|p2|Sinistcha, L50|\n|poke|p2|Pelipper, L50, F|\n|poke|p2|Incineroar, L50, M|\n|poke|p2|Farigiraf, L50, M|\n|poke|p2|Drampa, L50, M|\n|teampreview|4\n|inactive|Battle timer is ON: inactive players will automatically lose when time's up. (requested by danuwu)\n|inactive|pokemonyoyoplayer has 60 seconds left.\n|inactive|danuwu has 60 seconds left.\n|\n|t:|1776210120\n|teamsize|p1|4\n|teamsize|p2|4\n|start\n|switch|p1a: Kingambit|Kingambit, L50, F|100/100\n|switch|p1b: Gardevoir|Gardevoir, L50, F|100/100\n|switch|p2a: Incineroar|Incineroar, L50, M|100/100\n|switch|p2b: Farigiraf|Farigiraf, L50, M|100/100\n|-ability|p1b: Gardevoir|Armor Tail|Trace|[from] ability: Trace|[of] p2b: Farigiraf\n|-ability|p2a: Incineroar|Intimidate|boost\n|-unboost|p1a: Kingambit|atk|1\n|-ability|p1a: Kingambit|Defiant|boost\n|-boost|p1a: Kingambit|atk|2\n|-unboost|p1b: Gardevoir|atk|1\n|turn|1\n|inactive|pokemonyoyoplayer has 30 seconds left.\n|\n|t:|1776210146\n|switch|p1a: Incineroar|Incineroar, L50, F|100/100\n|-ability|p1a: Incineroar|Intimidate|boost\n|-unboost|p2a: Incineroar|atk|1\n|-unboost|p2b: Farigiraf|atk|1\n|detailschange|p1b: Gardevoir|Gardevoir-Mega, L50, F\n|-mega|p1b: Gardevoir|Gardevoir|Gardevoirite\n|move|p2b: Farigiraf|Protect|p2b: Farigiraf\n|-singleturn|p2b: Farigiraf|Protect\n|move|p1b: Gardevoir|Hyper Voice|p2a: Incineroar|[spread] p2a\n|-activate|p2b: Farigiraf|move: Protect\n|-damage|p2a: Incineroar|50/100\n|move|p2a: Incineroar|Parting Shot|p1b: Gardevoir\n|-unboost|p1b: Gardevoir|atk|1\n|-unboost|p1b: Gardevoir|spa|1\n|c|\u2606danuwu|that trace is so anoying\n|\n|t:|1776210162\n|switch|p2a: Sinistcha|Sinistcha, L50|100/100|[from] Parting Shot\n|\n|upkeep\n|turn|2\n|inactive|pokemonyoyoplayer has 30 seconds left.\n|inactive|danuwu has 30 seconds left.\n|inactive|danuwu has 20 seconds left.\n|\n|t:|1776210200\n|switch|p2b: Incineroar|Incineroar, L50, M|50/100\n|-ability|p2b: Incineroar|Intimidate|boost\n|-unboost|p1a: Incineroar|atk|1\n|-unboost|p1b: Gardevoir|atk|1\n|move|p1b: Gardevoir|Hyper Voice|p2a: Sinistcha|[spread] p2a,p2b\n|-damage|p2a: Sinistcha|61/100\n|-damage|p2b: Incineroar|15/100\n|move|p1a: Incineroar|Parting Shot|p2a: Sinistcha\n|-unboost|p2a: Sinistcha|atk|1\n|-unboost|p2a: Sinistcha|spa|1\n|\n|t:|1776210217\n|switch|p1a: Kingambit|Kingambit, L50, F|100/100|[from] Parting Shot\n|move|p2a: Sinistcha|Trick Room|p2a: Sinistcha\n|-fieldstart|move: Trick Room|[of] p2a: Sinistcha\n|\n|upkeep\n|turn|3\n|\n|t:|1776210233\n|switch|p1a: Incineroar|Incineroar, L50, F|100/100\n|-ability|p1a: Incineroar|Intimidate|boost\n|-unboost|p2a: Sinistcha|atk|1\n|-unboost|p2b: Incineroar|atk|1\n|move|p2b: Incineroar|Flare Blitz|p1a: Incineroar\n|-resisted|p1a: Incineroar|1\n|-damage|p1a: Incineroar|86/100\n|-damage|p2b: Incineroar|9/100|[from] Recoil\n|-heal|p2b: Incineroar|11/100|[from] item: Shell Bell|[of] p1a: Incineroar\n|move|p2a: Sinistcha|Matcha Gotcha|p1b: Gardevoir|[spread] p1a,p1b\n|-resisted|p1a: Incineroar|1\n|-damage|p1a: Incineroar|78/100\n|-heal|p2a: Sinistcha|67/100|[from] drain|[of] p1a: Incineroar\n|-damage|p1b: Gardevoir|85/100\n|-heal|p2a: Sinistcha|75/100|[from] drain|[of] p1b: Gardevoir\n|move|p1b: Gardevoir|Hyper Voice|p2b: Incineroar|[spread] p2a,p2b\n|-damage|p2a: Sinistcha|35/100\n|-damage|p2b: Incineroar|0 fnt\n|-enditem|p2a: Sinistcha|Sitrus Berry|[eat]\n|-heal|p2a: Sinistcha|60/100|[from] item: Sitrus Berry\n|faint|p2b: Incineroar\n|\n|upkeep\n|\n|t:|1776210253\n|switch|p2b: Drampa|Drampa, L50, M|100/100\n|-ability|p2b: Drampa|Cloud Nine\n|turn|4\n|\n|t:|1776210270\n|switch|p2a: Farigiraf|Farigiraf, L50, M|100/100\n|detailschange|p2b: Drampa|Drampa-Mega, L50, M\n|-mega|p2b: Drampa|Drampa|Drampanite\n|move|p1a: Incineroar|Fake Out||[still]\n|cant|p2a: Farigiraf|ability: Armor Tail|Fake Out|[of] p1a: Incineroar\n|move|p2b: Drampa|Hyper Voice|p1a: Incineroar|[spread] p1a,p1b\n|-damage|p1a: Incineroar|38/100\n|-damage|p1b: Gardevoir|48/100\n|move|p1b: Gardevoir|Trick Room|p1b: Gardevoir\n|-fieldend|move: Trick Room\n|\n|upkeep\n|turn|5\n|\n|t:|1776210291\n|move|p1b: Gardevoir|Hyper Voice|p2a: Farigiraf|[spread] p2a,p2b\n|-supereffective|p2b: Drampa|1\n|-crit|p2b: Drampa\n|-damage|p2a: Farigiraf|66/100\n|-damage|p2b: Drampa|0 fnt\n|faint|p2b: Drampa\n|move|p1a: Incineroar|Darkest Lariat|p2a: Farigiraf\n|-supereffective|p2a: Farigiraf|1\n|-damage|p2a: Farigiraf|5/100\n|move|p2a: Farigiraf|Trick Room|p2a: Farigiraf\n|-fieldstart|move: Trick Room|[of] p2a: Farigiraf\n|\n|-heal|p2a: Farigiraf|11/100|[from] item: Leftovers\n|upkeep\n|\n|t:|1776210297\n|switch|p2b: Sinistcha|Sinistcha, L50|60/100\n|-heal|p2a: Farigiraf|35/100|[from] ability: Hospitality|[of] p2b: Sinistcha\n|turn|6\n|inactive|pokemonyoyoplayer has 30 seconds left.\n|\n|t:|1776210325\n|move|p2a: Farigiraf|Hyper Voice|p1b: Gardevoir|[spread] p1a,p1b\n|-damage|p1a: Incineroar|15/100\n|-damage|p1b: Gardevoir|25/100\n|move|p2b: Sinistcha|Shadow Ball|p1b: Gardevoir\n|-supereffective|p1b: Gardevoir|1\n|-damage|p1b: Gardevoir|0 fnt\n|faint|p1b: Gardevoir\n|move|p1a: Incineroar|Darkest Lariat|p2b: Sinistcha\n|-supereffective|p2b: Sinistcha|1\n|-damage|p2b: Sinistcha|0 fnt\n|faint|p2b: Sinistcha\n|\n|-heal|p2a: Farigiraf|42/100|[from] item: Leftovers\n|upkeep\n|-message|danuwu forfeited.\n|\n|win|pokemonyoyoplayer\n|raw|pokemonyoyoplayer's rating: 1294 &rarr; <strong>1312</strong><br />(+18 for winning)\n|raw|danuwu's rating: 1199 &rarr; <strong>1181</strong><br />(-18 for losing)\n|l|\u2606danuwu\n|player|p2|\n",
  "uploadtime": 1776210351,
  "views": 14,
  "formatid": "gen9championsvgc2026regma",
  "rating": 1181,
  "private": 0,
  "password": null
}