{
  "id": "gen9championsvgc2026regma-2586521625",
  "format": "[Gen 9 Champions] VGC 2026 Reg M-A",
  "players": [
    "stinkymelons",
    "ugklttlytl"
  ],
  "log": "|j|\u2606stinkymelons\n|j|\u2606ugklttlytl\n|t:|1776440369\n|gametype|doubles\n|player|p1|stinkymelons|2|1040\n|player|p2|ugklttlytl|101|1000\n|gen|9\n|tier|[Gen 9 Champions] VGC 2026 Reg M-A\n|rated|\n|rule|Species Clause: Limit one of each Pok\u00e9mon\n|rule|Item Clause: Limit 1 of each item\n|clearpoke\n|poke|p1|Excadrill, L50, M|\n|poke|p1|Pelipper, L50, F|\n|poke|p1|Rotom-Wash, L50|\n|poke|p1|Incineroar, L50, F|\n|poke|p1|Sneasler, L50, M|\n|poke|p1|Archaludon, L50, M|\n|poke|p2|Floette-Eternal, L50, F|\n|poke|p2|Whimsicott, L50, F|\n|poke|p2|Espathra, L50, M|\n|poke|p2|Incineroar, L50, M|\n|poke|p2|Sneasler, L50, M|\n|poke|p2|Sinistcha, L50|\n|teampreview|4\nstinkymelons has agreed to open team sheets.\nugklttlytl rejected open team sheets.\n|inactive|Battle timer is ON: inactive players will automatically lose when time's up. (requested by stinkymelons)\n|\n|t:|1776440418\n|teamsize|p1|4\n|teamsize|p2|4\n|start\n|switch|p1a: Sneasler|Sneasler, L50, M|100/100\n|switch|p1b: Excadrill|Excadrill, L50, M, shiny|100/100\n|switch|p2a: Sinistcha|Sinistcha, L50|100/100\n|switch|p2b: Espathra|Espathra, L50, M|100/100\n|-ability|p1b: Excadrill|Mold Breaker\n|turn|1\n|inactive|stinkymelons has 30 seconds left.\n|inactive|stinkymelons has 20 seconds left.\n|\n|t:|1776440454\n|switch|p1b: Pelipper|Pelipper, L50, F|100/100\n|-weather|RainDance|[from] ability: Drizzle|[of] p1b: Pelipper\n|move|p1a: Sneasler|Fake Out|p2a: Sinistcha\n|-immune|p2a: Sinistcha\n|move|p2a: Sinistcha|Rage Powder|p2a: Sinistcha\n|-singleturn|p2a: Sinistcha|move: Rage Powder\n|move|p2b: Espathra|Calm Mind|p2b: Espathra\n|-boost|p2b: Espathra|spa|1\n|-boost|p2b: Espathra|spd|1\n|\n|-weather|RainDance|[upkeep]\n|-ability|p2b: Espathra|Speed Boost|boost\n|-boost|p2b: Espathra|spe|1\n|upkeep\n|turn|2\n|\n|t:|1776440478\n|move|p2b: Espathra|Protect|p2b: Espathra\n|-singleturn|p2b: Espathra|Protect\n|move|p1a: Sneasler|Dire Claw|p2b: Espathra\n|-activate|p2b: Espathra|move: Protect\n|move|p2a: Sinistcha|Strength Sap|p1a: Sneasler\n|-unboost|p1a: Sneasler|atk|1\n|-enditem|p1a: Sneasler|White Herb\n|-clearnegativeboost|p1a: Sneasler|[silent]\n|move|p1b: Pelipper|Tailwind|p1b: Pelipper\n|-sidestart|p1: stinkymelons|move: Tailwind\n|\n|-weather|RainDance|[upkeep]\n|-ability|p2b: Espathra|Speed Boost|boost\n|-boost|p2b: Espathra|spe|1\n|upkeep\n|turn|3\n|\n|t:|1776440502\n|switch|p1a: Excadrill|Excadrill, L50, M, shiny|100/100\n|-ability|p1a: Excadrill|Mold Breaker\n|move|p2a: Sinistcha|Rage Powder|p2a: Sinistcha\n|-singleturn|p2a: Sinistcha|move: Rage Powder\n|move|p2b: Espathra|Calm Mind|p2b: Espathra\n|-boost|p2b: Espathra|spa|1\n|-boost|p2b: Espathra|spd|1\n|move|p1b: Pelipper|Weather Ball|p2a: Sinistcha\n|-resisted|p2a: Sinistcha|1\n|-damage|p2a: Sinistcha|70/100\n|\n|-weather|RainDance|[upkeep]\n|-heal|p2a: Sinistcha|77/100|[from] item: Leftovers\n|-ability|p2b: Espathra|Speed Boost|boost\n|-boost|p2b: Espathra|spe|1\n|upkeep\n|turn|4\n|\n|t:|1776440519\n|detailschange|p1a: Excadrill|Excadrill-Mega, L50, M, shiny\n|-mega|p1a: Excadrill|Excadrill|Excadrite\n|move|p2b: Espathra|Protect|p2b: Espathra\n|-singleturn|p2b: Espathra|Protect\n|move|p1a: Excadrill|Earthquake|p2b: Espathra|[spread] p2a\n|-activate|p2b: Espathra|move: Protect\n|-immune|p1b: Pelipper\n|-resisted|p2a: Sinistcha|1\n|-damage|p2a: Sinistcha|57/100\n|move|p1b: Pelipper|Hurricane|p2a: Sinistcha\n|-supereffective|p2a: Sinistcha|1\n|-crit|p2a: Sinistcha\n|-damage|p2a: Sinistcha|0 fnt\n|faint|p2a: Sinistcha\n|\n|-weather|RainDance|[upkeep]\n|-ability|p2b: Espathra|Speed Boost|boost\n|-boost|p2b: Espathra|spe|1\n|upkeep\n|\n|t:|1776440541\n|switch|p2a: Whimsicott|Whimsicott, L50, F|100/100\n|turn|5\n|\n|t:|1776440565\n|move|p1a: Excadrill|Protect|p1a: Excadrill\n|-singleturn|p1a: Excadrill|Protect\n|move|p2a: Whimsicott|Tailwind|p2a: Whimsicott\n|-sidestart|p2: ugklttlytl|move: Tailwind\n|move|p2b: Espathra|Baton Pass|p2b: Espathra\n|\n|t:|1776440571\n|switch|p2b: Floette|Floette-Eternal, L50, F|100/100|[from] Baton Pass\n|move|p1b: Pelipper|Hurricane|p2a: Whimsicott\n|-supereffective|p2a: Whimsicott|1\n|-enditem|p2a: Whimsicott|Focus Sash\n|-damage|p2a: Whimsicott|1/100\n|\n|-weather|none\n|-sideend|p1: stinkymelons|move: Tailwind\n|upkeep\n|turn|6\n|\n|t:|1776440588\n|detailschange|p2b: Floette|Floette-Mega, L50, F\n|-mega|p2b: Floette|Floette|Floettite\n|-ability|p2b: Floette|Fairy Aura\n|move|p2a: Whimsicott|Taunt|p1b: Pelipper\n|-start|p1b: Pelipper|move: Taunt\n|move|p2b: Floette|Stored Power|p1a: Excadrill\n|-resisted|p1a: Excadrill|1\n|-damage|p1a: Excadrill|0 fnt\n|faint|p1a: Excadrill\n|cant|p1b: Pelipper|move: Taunt|Tailwind\n|\n|upkeep\n|\n|t:|1776440595\n|switch|p1a: Sneasler|Sneasler, L50, M|100/100\n|turn|7\n|\n|t:|1776440608\n|switch|p1b: Archaludon|Archaludon, L50, M|100/100\n|move|p2b: Floette|Dazzling Gleam|p1a: Sneasler|[spread] p1a,p1b\n|-damage|p1a: Sneasler|0 fnt\n|-damage|p1b: Archaludon|0 fnt\n|faint|p1a: Sneasler\n|faint|p1b: Archaludon\n|move|p2a: Whimsicott|Moonblast|p1: Sneasler|[notarget]\n|-fail|p2a: Whimsicott\n|\n|upkeep\n|-message|stinkymelons forfeited.\n|\n|win|ugklttlytl\n|raw|stinkymelons's rating: 1040 &rarr; <strong>1022</strong><br />(-18 for losing)\n|raw|ugklttlytl's rating: 1000 &rarr; <strong>1045</strong><br />(+45 for winning)\n|l|\u2606stinkymelons\n|player|p1|\n",
  "uploadtime": 1776440797,
  "views": 21,
  "formatid": "gen9championsvgc2026regma",
  "rating": 1022,
  "private": 0,
  "password": null
}