{
  "id": "gen9championsvgc2026regma-2589524703",
  "format": "[Gen 9 Champions] VGC 2026 Reg M-A",
  "players": [
    "SemiHypercube",
    "guioguoguo"
  ],
  "log": "|j|\u2606SemiHypercube\n|j|\u2606guioguoguo\n|t:|1776730868\n|gametype|doubles\n|player|p1|SemiHypercube|blanche|1126\n|player|p2|guioguoguo|266|1201\n|gen|9\n|tier|[Gen 9 Champions] VGC 2026 Reg M-A\n|rated|\n|rule|Species Clause: Limit one of each Pok\u00e9mon\n|rule|Item Clause: Limit 1 of each item\n|clearpoke\n|poke|p1|Sneasler, L50, M|\n|poke|p1|Tinkaton, L50, F|\n|poke|p1|Incineroar, L50, M|\n|poke|p1|Tyranitar, L50, M|\n|poke|p1|Excadrill, L50, F|\n|poke|p1|Whimsicott, L50, F, shiny|\n|poke|p2|Excadrill, L50, F, shiny|\n|poke|p2|Hawlucha, L50, M, shiny|\n|poke|p2|Tyranitar, L50, M, shiny|\n|poke|p2|Espathra, L50, M, shiny|\n|poke|p2|Sinistcha, L50, shiny|\n|poke|p2|Incineroar, L50, M, shiny|\n|teampreview|4\n|inactive|Battle timer is ON: inactive players will automatically lose when time's up. (requested by SemiHypercube)\n|\n|t:|1776730892\n|teamsize|p1|4\n|teamsize|p2|4\n|start\n|switch|p1a: Whim Scott|Whimsicott, L50, F, shiny|100/100\n|switch|p1b: Sneasler|Sneasler, L50, M|100/100\n|switch|p2a: Excadrill|Excadrill, L50, F, shiny|100/100\n|switch|p2b: Hawlucha|Hawlucha, L50, M, shiny|100/100\n|-ability|p2b: Hawlucha|Mold Breaker\n|turn|1\n|inactive|guioguoguo has 30 seconds left.\n|\n|t:|1776730921\n|detailschange|p2b: Hawlucha|Hawlucha-Mega, L50, M, shiny\n|-mega|p2b: Hawlucha|Hawlucha|Hawluchanite\n|move|p1a: Whim Scott|Taunt|p2b: Hawlucha\n|-start|p2b: Hawlucha|move: Taunt\n|move|p1b: Sneasler|Dire Claw|p2b: Hawlucha\n|-damage|p2b: Hawlucha|54/100\n|-status|p2b: Hawlucha|slp\n|cant|p2b: Hawlucha|slp\n|move|p2a: Excadrill|Horn Drill|p1a: Whim Scott|[miss]\n|-miss|p2a: Excadrill|p1a: Whim Scott\n|\n|upkeep\n|turn|2\n|inactive|guioguoguo has 30 seconds left.\n|inactive|guioguoguo has 20 seconds left.\n|inactive|guioguoguo has 15 seconds left.\n|\n|t:|1776730963\n|switch|p1b: Excadrill|Excadrill, L50, F|100/100\n|move|p1a: Whim Scott|Encore|p2a: Excadrill\n|-start|p2a: Excadrill|Encore\n|cant|p2b: Hawlucha|slp\n|move|p2a: Excadrill|Horn Drill|p1b: Excadrill\n|-damage|p1b: Excadrill|0 fnt\n|faint|p1b: Excadrill\n|-ohko\n|\n|upkeep\n|\n|t:|1776730977\n|switch|p1b: Tyranitar|Tyranitar, L50, M|100/100\n|-weather|Sandstorm|[from] ability: Sand Stream|[of] p1b: Tyranitar\n|turn|3\n|\n|t:|1776730990\n|switch|p2a: Sinistcha|Sinistcha, L50, shiny|100/100\n|-heal|p2b: Hawlucha|79/100 slp|[from] ability: Hospitality|[of] p2a: Sinistcha\n|detailschange|p1b: Tyranitar|Tyranitar-Mega, L50, M\n|-mega|p1b: Tyranitar|Tyranitar|Tyranitarite\n|move|p1a: Whim Scott|Tailwind|p1a: Whim Scott\n|-sidestart|p1: SemiHypercube|move: Tailwind\n|move|p1b: Tyranitar|Rock Slide|p2a: Sinistcha|[spread] p2a,p2b\n|-damage|p2a: Sinistcha|58/100\n|-damage|p2b: Hawlucha|38/100 slp\n|-curestatus|p2b: Hawlucha|slp|[msg]\n|cant|p2b: Hawlucha|flinch\n|\n|-weather|Sandstorm|[upkeep]\n|-damage|p1a: Whim Scott|95/100|[from] Sandstorm\n|-damage|p2a: Sinistcha|52/100|[from] Sandstorm\n|-damage|p2b: Hawlucha|32/100|[from] Sandstorm\n|-end|p2b: Hawlucha|move: Taunt\n|upkeep\n|turn|4\n|inactive|guioguoguo has 30 seconds left.\n|inactive|guioguoguo has 20 seconds left.\n|\n|t:|1776731029\n|switch|p2b: Excadrill|Excadrill, L50, F, shiny|100/100\n|move|p1a: Whim Scott|Taunt|p2a: Sinistcha\n|-start|p2a: Sinistcha|move: Taunt\n|move|p1b: Tyranitar|Rock Slide|p2b: Excadrill|[spread] p2b\n|-miss|p1b: Tyranitar|p2a: Sinistcha\n|-resisted|p2b: Excadrill|2\n|-damage|p2b: Excadrill|93/100\n|move|p2a: Sinistcha|Matcha Gotcha|p1b: Tyranitar|[spread] p1a\n|-miss|p2a: Sinistcha|p1b: Tyranitar\n|-resisted|p1a: Whim Scott|1\n|-damage|p1a: Whim Scott|69/100\n|-heal|p2a: Sinistcha|64/100|[from] drain|[of] p1a: Whim Scott\n|\n|-weather|Sandstorm|[upkeep]\n|-damage|p1a: Whim Scott|63/100|[from] Sandstorm\n|-damage|p2a: Sinistcha|58/100|[from] Sandstorm\n|upkeep\n|turn|5\n|\n|t:|1776731049\n|move|p1a: Whim Scott|Moonblast|p2a: Sinistcha\n|-damage|p2a: Sinistcha|7/100\n|move|p1b: Tyranitar|Knock Off|p2b: Excadrill\n|-damage|p2b: Excadrill|41/100\n|-enditem|p2b: Excadrill|Focus Sash|[from] move: Knock Off|[of] p1b: Tyranitar\n|move|p2b: Excadrill|Stomping Tantrum|p1b: Tyranitar\n|-supereffective|p1b: Tyranitar|1\n|-damage|p1b: Tyranitar|49/100\n|move|p2a: Sinistcha|Matcha Gotcha|p1b: Tyranitar|[spread] p1a,p1b\n|-resisted|p1a: Whim Scott|1\n|-supereffective|p1b: Tyranitar|1\n|-damage|p1a: Whim Scott|38/100\n|-heal|p2a: Sinistcha|19/100|[from] drain|[of] p1a: Whim Scott\n|-damage|p1b: Tyranitar|13/100\n|-heal|p2a: Sinistcha|40/100|[from] drain|[of] p1b: Tyranitar\n|-status|p1a: Whim Scott|brn\n|\n|-weather|Sandstorm|[upkeep]\n|-damage|p1a: Whim Scott|32/100 brn|[from] Sandstorm\n|-damage|p2a: Sinistcha|34/100|[from] Sandstorm\n|-damage|p1a: Whim Scott|26/100 brn|[from] brn\n|upkeep\n|turn|6\n|inactive|guioguoguo has 30 seconds left.\n|\n|t:|1776731082\n|move|p1a: Whim Scott|Moonblast|p2a: Sinistcha\n|-damage|p2a: Sinistcha|0 fnt\n|faint|p2a: Sinistcha\n|move|p1b: Tyranitar|Knock Off|p2b: Excadrill\n|-damage|p2b: Excadrill|4/100\n|move|p2b: Excadrill|Stomping Tantrum|p1b: Tyranitar\n|-supereffective|p1b: Tyranitar|1\n|-damage|p1b: Tyranitar|0 fnt\n|faint|p1b: Tyranitar\n|\n|-weather|Sandstorm|[upkeep]\n|-damage|p1a: Whim Scott|20/100 brn|[from] Sandstorm\n|-damage|p1a: Whim Scott|14/100 brn|[from] brn\n|-sideend|p1: SemiHypercube|move: Tailwind\n|upkeep\n|inactive|guioguoguo has 30 seconds left.\n|\n|t:|1776731114\n|switch|p2a: Hawlucha|Hawlucha-Mega, L50, M, shiny|32/100\n|switch|p1b: Sneasler|Sneasler, L50, M|100/100\n|turn|7\n|\n|t:|1776731137\n|move|p1a: Whim Scott|Tailwind|p1a: Whim Scott\n|-sidestart|p1: SemiHypercube|move: Tailwind\n|move|p1b: Sneasler|Dire Claw|p2a: Hawlucha\n|-damage|p2a: Hawlucha|0 fnt\n|faint|p2a: Hawlucha\n|move|p2b: Excadrill|Stomping Tantrum|p1b: Sneasler\n|-supereffective|p1b: Sneasler|1\n|-damage|p1b: Sneasler|0 fnt\n|faint|p1b: Sneasler\n|\n|-weather|none\n|-damage|p1a: Whim Scott|9/100 brn|[from] brn\n|upkeep\n|\n|t:|1776731148\n|switch|p2a: Espathra|Espathra, L50, M, shiny|100/100\n|turn|8\n|\n|t:|1776731155\n|move|p1a: Whim Scott|Moonblast|p2b: Excadrill\n|-resisted|p2b: Excadrill|1\n|-damage|p2b: Excadrill|0 fnt\n|faint|p2b: Excadrill\n|move|p2a: Espathra|Calm Mind|p2a: Espathra\n|-boost|p2a: Espathra|spa|1\n|-boost|p2a: Espathra|spd|1\n|\n|-damage|p1a: Whim Scott|3/100 brn|[from] brn\n|-ability|p2a: Espathra|Speed Boost|boost\n|-boost|p2a: Espathra|spe|1\n|upkeep\n|turn|9\n|\n|t:|1776731165\n|move|p2a: Espathra|Protect|p2a: Espathra\n|-singleturn|p2a: Espathra|Protect\n|move|p1a: Whim Scott|Encore|p2a: Espathra\n|-activate|p2a: Espathra|move: Protect\n|\n|-damage|p1a: Whim Scott|0 fnt|[from] brn\n|faint|p1a: Whim Scott\n|\n|win|guioguoguo\n|raw|SemiHypercube's rating: 1126 &rarr; <strong>1106</strong><br />(-20 for losing)\n|raw|guioguoguo's rating: 1201 &rarr; <strong>1221</strong><br />(+20 for winning)\n",
  "uploadtime": 1776731175,
  "views": 4,
  "formatid": "gen9championsvgc2026regma",
  "rating": 1106,
  "private": 0,
  "password": null
}