{
  "id": "gen9championsvgc2026regma-2581575180",
  "format": "[Gen 9 Champions] VGC 2026 Reg M-A",
  "players": [
    "Sceptilicious",
    "meowthyap"
  ],
  "log": "|j|\u2606Sceptilicious\n|j|\u2606meowthyap\n|t:|1776012175\n|gametype|doubles\n|player|p1|Sceptilicious|169|1070\n|player|p2|meowthyap|ingo|1000\n|gen|9\n|tier|[Gen 9 Champions] VGC 2026 Reg M-A\n|rated|\n|rule|Species Clause: Limit one of each Pok\u00e9mon\n|rule|Item Clause: Limit 1 of each item\n|clearpoke\n|poke|p1|Sinistcha, L50|\n|poke|p1|Dragonite, L50, F|\n|poke|p1|Milotic, L50, M|\n|poke|p1|Incineroar, L50, M|\n|poke|p1|Rotom-Wash, L50|\n|poke|p1|Maushold, L50|\n|poke|p2|Excadrill, L50, M|\n|poke|p2|Tyranitar, L50, M|\n|poke|p2|Primarina, L50, F|\n|poke|p2|Corviknight, L50, F|\n|poke|p2|Sinistcha-Masterpiece, L50|\n|poke|p2|Incineroar, L50, F|\n|teampreview|4\nSceptilicious has agreed to open team sheets.\nmeowthyap has agreed to open team sheets.\n|showteam|p1|Sinistcha||SitrusBerry|Hospitality|MatchaGotcha,RagePowder,Curse,LifeDew||||||50|]Dragonite||Dragoninite|InnerFocus|DracoMeteor,Thunder,Hurricane,Protect|||F|||50|]Milotic||MysticWater|Competitive|RainDance,Scald,Recover,IceBeam|||M|||50|]Incineroar||ShellBell|Intimidate|FakeOut,FlareBlitz,PartingShot,CloseCombat|||M|||50|]Rotom-Wash||Leftovers|Levitate|HydroPump,VoltSwitch,WillOWisp,Protect||||||50|]Maushold||KingsRock|FriendGuard|PopulationBomb,FollowMe,ThunderWave,Protect||||||50|\n|showteam|p2|Excadrill||FocusSash|SandRush|IronHead,HighHorsepower,Earthquake,Protect|||M|||50|]Tyranitar||Tyranitarite|SandStream|RockSlide,LowKick,Crunch,Protect|||M|||50|]Primarina||FairyFeather|LiquidVoice|Haze,HyperVoice,Moonblast,Protect|||F|||50|]Corviknight||Leftovers|MirrorArmor|Roost,BulkUp,BraveBird,Tailwind|||F|||50|]Sinistcha-Masterpiece||SitrusBerry|Hospitality|MatchaGotcha,RagePowder,StrengthSap,TrickRoom||||||50|]Incineroar||ShucaBerry|Intimidate|PartingShot,DarkestLariat,FakeOut,FlareBlitz|||F|||50|\n|\n|t:|1776012263\n|teamsize|p1|4\n|teamsize|p2|4\n|start\n|switch|p1a: Wolfey|Incineroar, L50, M|100/100\n|switch|p1b: Lucy|Milotic, L50, M, shiny|100/100\n|switch|p2a: Tyranitar|Tyranitar, L50, M|100/100\n|switch|p2b: Excadrill|Excadrill, L50, M|100/100\n|-weather|Sandstorm|[from] ability: Sand Stream|[of] p2a: Tyranitar\n|-ability|p1a: Wolfey|Intimidate|boost\n|-unboost|p2a: Tyranitar|atk|1\n|-unboost|p2b: Excadrill|atk|1\n|turn|1\n|c|\u2606meowthyap|Kolfey lol\n|\n|t:|1776012335\n|move|p1a: Wolfey|Fake Out|p2b: Excadrill\n|-resisted|p2b: Excadrill|1\n|-damage|p2b: Excadrill|92/100\n|cant|p2b: Excadrill|flinch\n|move|p2a: Tyranitar|Low Kick|p1a: Wolfey\n|-supereffective|p1a: Wolfey|1\n|-damage|p1a: Wolfey|66/100\n|move|p1b: Lucy|Rain Dance|p1b: Lucy\n|-weather|RainDance\n|\n|-weather|RainDance|[upkeep]\n|upkeep\n|turn|2\n|\n|t:|1776012368\n|switch|p1b: Tea Time|Sinistcha, L50|100/100\n|-heal|p1a: Wolfey|91/100|[from] ability: Hospitality|[of] p1b: Tea Time\n|detailschange|p2a: Tyranitar|Tyranitar-Mega, L50, M\n|-mega|p2a: Tyranitar|Tyranitar|Tyranitarite\n|-weather|Sandstorm|[from] ability: Sand Stream|[of] p2a: Tyranitar\n|move|p2b: Excadrill|Earthquake|p1b: Tea Time|[spread] p2a,p1a,p1b\n|-supereffective|p2a: Tyranitar|1\n|-supereffective|p1a: Wolfey|1\n|-resisted|p1b: Tea Time|1\n|-damage|p2a: Tyranitar|67/100\n|-damage|p1a: Wolfey|31/100\n|-damage|p1b: Tea Time|88/100\n|move|p2a: Tyranitar|Rock Slide|p1a: Wolfey|[spread] p1a\n|-miss|p2a: Tyranitar|p1b: Tea Time\n|-supereffective|p1a: Wolfey|1\n|-damage|p1a: Wolfey|0 fnt\n|faint|p1a: Wolfey\n|\n|-weather|Sandstorm|[upkeep]\n|-damage|p1b: Tea Time|82/100|[from] Sandstorm\n|upkeep\n|\n|t:|1776012384\n|switch|p1a: Lucy|Milotic, L50, M, shiny|100/100\n|turn|3\n|\n|t:|1776012418\n|switch|p2b: Sinistcha|Sinistcha-Masterpiece, L50|100/100\n|-heal|p2a: Tyranitar|92/100|[from] ability: Hospitality|[of] p2b: Sinistcha\n|move|p2a: Tyranitar|Crunch|p1b: Tea Time\n|-supereffective|p1b: Tea Time|1\n|-damage|p1b: Tea Time|21/100\n|-enditem|p1b: Tea Time|Sitrus Berry|[eat]\n|-heal|p1b: Tea Time|46/100|[from] item: Sitrus Berry\n|move|p1a: Lucy|Rain Dance|p1a: Lucy\n|-weather|RainDance\n|move|p1b: Tea Time|Matcha Gotcha|p2a: Tyranitar|[spread] p2a,p2b\n|-supereffective|p2a: Tyranitar|1\n|-resisted|p2b: Sinistcha|1\n|-damage|p2a: Tyranitar|56/100\n|-heal|p1b: Tea Time|71/100|[from] drain|[of] p2a: Tyranitar\n|-damage|p2b: Sinistcha|87/100\n|-heal|p1b: Tea Time|80/100|[from] drain|[of] p2b: Sinistcha\n|-status|p2a: Tyranitar|brn\n|\n|-weather|RainDance|[upkeep]\n|-damage|p2a: Tyranitar|50/100 brn|[from] brn\n|upkeep\n|turn|4\n|\n|t:|1776012482\n|switch|p2a: Incineroar|Incineroar, L50, F|100/100\n|-ability|p2a: Incineroar|Intimidate|boost\n|-unboost|p1a: Lucy|atk|1\n|-ability|p1a: Lucy|Competitive|boost\n|-boost|p1a: Lucy|spa|2\n|-unboost|p1b: Tea Time|atk|1\n|move|p2b: Sinistcha|Rage Powder|p2b: Sinistcha\n|-singleturn|p2b: Sinistcha|move: Rage Powder\n|move|p1a: Lucy|Ice Beam|p2b: Sinistcha\n|-supereffective|p2b: Sinistcha|1\n|-damage|p2b: Sinistcha|0 fnt\n|faint|p2b: Sinistcha\n|move|p1b: Tea Time|Curse|p2a: Incineroar\n|-start|p2a: Incineroar|Curse|[of] p1b: Tea Time\n|-damage|p1b: Tea Time|30/100\n|\n|-weather|RainDance|[upkeep]\n|-damage|p2a: Incineroar|76/100|[from] Curse\n|upkeep\n|\n|t:|1776012501\n|switch|p2b: Tyranitar|Tyranitar-Mega, L50, M|50/100 brn\n|-weather|Sandstorm|[from] ability: Sand Stream|[of] p2b: Tyranitar\n|turn|5\n|\n|t:|1776012519\n|move|p2b: Tyranitar|Rock Slide|p1a: Lucy|[spread] p1a,p1b\n|-damage|p1a: Lucy|86/100\n|-damage|p1b: Tea Time|15/100\n|move|p2a: Incineroar|Darkest Lariat|p1b: Tea Time\n|-supereffective|p1b: Tea Time|1\n|-damage|p1b: Tea Time|0 fnt\n|faint|p1b: Tea Time\n|move|p1a: Lucy|Scald|p2b: Tyranitar\n|-supereffective|p2b: Tyranitar|1\n|-damage|p2b: Tyranitar|0 fnt\n|faint|p2b: Tyranitar\n|\n|-weather|Sandstorm|[upkeep]\n|-damage|p2a: Incineroar|70/100|[from] Sandstorm\n|-damage|p1a: Lucy|80/100|[from] Sandstorm\n|-damage|p2a: Incineroar|45/100|[from] Curse\n|upkeep\n|\n|t:|1776012541\n|switch|p2b: Excadrill|Excadrill, L50, M|92/100\n|switch|p1b: Nicole|Dragonite, L50, F, shiny|100/100\n|turn|6\n|\n|t:|1776012585\n|detailschange|p1b: Nicole|Dragonite-Mega, L50, F, shiny\n|-mega|p1b: Nicole|Dragonite|Dragoninite\n|move|p1b: Nicole|Protect|p1b: Nicole\n|-singleturn|p1b: Nicole|Protect\n|move|p2b: Excadrill|Iron Head|p1b: Nicole\n|-activate|p1b: Nicole|move: Protect\n|move|p2a: Incineroar|Darkest Lariat|p1a: Lucy\n|-damage|p1a: Lucy|45/100\n|move|p1a: Lucy|Rain Dance|p1a: Lucy\n|-weather|RainDance\n|\n|-weather|RainDance|[upkeep]\n|-damage|p2a: Incineroar|20/100|[from] Curse\n|upkeep\n|turn|7\n|\n|t:|1776012606\n|move|p1b: Nicole|Hurricane|p2b: Excadrill\n|-resisted|p2b: Excadrill|1\n|-damage|p2b: Excadrill|47/100\n|move|p2b: Excadrill|Earthquake|p1b: Nicole|[spread] p2a,p1a\n|-immune|p1b: Nicole\n|-supereffective|p2a: Incineroar|1\n|-enditem|p2a: Incineroar|Shuca Berry|[eat]\n|-enditem|p2a: Incineroar|Shuca Berry|[weaken]\n|-damage|p2a: Incineroar|0 fnt\n|-damage|p1a: Lucy|6/100\n|faint|p2a: Incineroar\n|move|p1a: Lucy|Scald|p2b: Excadrill\n|-supereffective|p2b: Excadrill|1\n|-damage|p2b: Excadrill|0 fnt\n|faint|p2b: Excadrill\n|\n|win|Sceptilicious\n|raw|Sceptilicious's rating: 1070 &rarr; <strong>1094</strong><br />(+24 for winning)\n|raw|meowthyap's rating: 1000 &rarr; <strong>1000</strong><br />(+0 for losing)\n",
  "uploadtime": 1776012623,
  "views": 12,
  "formatid": "gen9championsvgc2026regma",
  "rating": 1000,
  "private": 0,
  "password": null
}