{
  "id": "gen9championsvgc2026regma-2581025981",
  "format": "[Gen 9 Champions] VGC 2026 Reg M-A",
  "players": [
    "MajorStar",
    "SnorlaxPikachu1"
  ],
  "log": "|j|\u2606MajorStar\n|j|\u2606SnorlaxPikachu1\n|t:|1775952913\n|gametype|doubles\n|player|p1|MajorStar|brawly|\n|player|p2|SnorlaxPikachu1|palmer|\n|gen|9\n|tier|[Gen 9 Champions] VGC 2026 Reg M-A\n|rated|Tournament battle\n|rule|Species Clause: Limit one of each Pok\u00e9mon\n|rule|Item Clause: Limit 1 of each item\n|raw|<div class=\"infobox\"><details class=\"readmore\" open><summary><strong>1 custom rule:</strong></summary> Force Open Team Sheets</details></div>\n|clearpoke\n|poke|p1|Kangaskhan, L50, F|\n|poke|p1|Incineroar, L50, M|\n|poke|p1|Sinistcha, L50|\n|poke|p1|Aegislash, L50, M|\n|poke|p1|Rotom-Wash, L50|\n|poke|p1|Garchomp, L50, M|\n|poke|p2|Garchomp, L50, M|\n|poke|p2|Tyranitar, L50, M|\n|poke|p2|Aerodactyl, L50, F|\n|poke|p2|Rotom-Wash, L50|\n|poke|p2|Orthworm, L50, M|\n|poke|p2|Sneasler, L50, M|\n|teampreview|4\n|showteam|p1|Kangaskhan||Kangaskhanite|Scrappy|BodySlam,SuckerPunch,Crunch,Protect|||F|||50|]Incineroar||ChopleBerry|Intimidate|FlareBlitz,FakeOut,PartingShot,ThroatChop|||M|||50|]Sinistcha||SitrusBerry|Hospitality|MatchaGotcha,RagePowder,LifeDew,Protect||||||50|]Aegislash||SpellTag|StanceChange|ShadowBall,FlashCannon,ShadowSneak,KingsShield|||M|||50|]Rotom-Wash||ChoiceScarf|Levitate|HydroPump,VoltSwitch,Electroweb,Discharge||||||50|]Garchomp||FocusSash|RoughSkin|Earthquake,StompingTantrum,DragonClaw,Protect|||M|||50|\n|showteam|p2|Garchomp||Leftovers|SandVeil|Earthquake,DragonClaw,SwordsDance,Protect|||M|||50|]Tyranitar||Tyranitarite|SandStream|RockSlide,KnockOff,IcePunch,Protect|||M|||50|]Aerodactyl||FocusSash|Unnerve|RockSlide,DualWingbeat,Tailwind,Protect|||F|||50|]Rotom-Wash||ChoiceScarf|Levitate|Thunderbolt,VoltSwitch,HydroPump,Electroweb||||||50|]Orthworm||SitrusBerry|EarthEater|ShedTail,HeavySlam,BodyPress,Protect|||M|||50|]Sneasler||WhiteHerb|Unburden|FakeOut,CloseCombat,DireClaw,Protect|||M|||50|\n|c|\u2606SnorlaxPikachu1|glhf\n|c|\u2606MajorStar|glhf\n|j| Thingmaster\n|\n|t:|1775952949\n|teamsize|p1|4\n|teamsize|p2|4\n|start\n|switch|p1a: Garchomp|Garchomp, L50, M|100/100\n|switch|p1b: Rotom|Rotom-Wash, L50|100/100\n|switch|p2a: Sneasler|Sneasler, L50, M|100/100\n|switch|p2b: Orthworm|Orthworm, L50, M|100/100\n|turn|1\n|\n|t:|1775952970\n|move|p2a: Sneasler|Protect|p2a: Sneasler\n|-singleturn|p2a: Sneasler|Protect\n|move|p1b: Rotom|Electroweb|p2b: Orthworm|[spread] p2b\n|-activate|p2a: Sneasler|move: Protect\n|-damage|p2b: Orthworm|80/100\n|-unboost|p2b: Orthworm|spe|1\n|move|p1a: Garchomp|Earthquake|p2a: Sneasler|[spread] \n|-activate|p2a: Sneasler|move: Protect\n|-heal|p2b: Orthworm|100/100|[from] ability: Earth Eater|[of] p1a: Garchomp\n|-immune|p1b: Rotom|[from] ability: Levitate\n|move|p2b: Orthworm|Shed Tail|p2b: Orthworm\n|-start|p2b: Orthworm|Substitute|[from] move: Shed Tail\n|-damage|p2b: Orthworm|50/100\n|-enditem|p2b: Orthworm|Sitrus Berry|[eat]\n|-heal|p2b: Orthworm|75/100|[from] item: Sitrus Berry\n|\n|t:|1775952979\n|switch|p2b: Garchomp|Garchomp, L50, M|100/100|[from] Shed Tail\n|\n|upkeep\n|turn|2\n|\n|t:|1775953000\n|switch|p1b: Sinistcha|Sinistcha, L50|100/100\n|move|p1a: Garchomp|Protect|p1a: Garchomp\n|-singleturn|p1a: Garchomp|Protect\n|move|p2a: Sneasler|Close Combat|p1a: Garchomp\n|-activate|p1a: Garchomp|move: Protect\n|move|p2b: Garchomp|Dragon Claw|p1a: Garchomp\n|-activate|p1a: Garchomp|move: Protect\n|\n|upkeep\n|turn|3\n|\n|t:|1775953036\n|move|p2a: Sneasler|Dire Claw|p1b: Sinistcha\n|-damage|p1b: Sinistcha|61/100\n|move|p1a: Garchomp|Stomping Tantrum|p2a: Sneasler\n|-supereffective|p2a: Sneasler|1\n|-damage|p2a: Sneasler|0 fnt\n|faint|p2a: Sneasler\n|move|p2b: Garchomp|Swords Dance|p2b: Garchomp\n|-boost|p2b: Garchomp|atk|2\n|move|p1b: Sinistcha|Matcha Gotcha|p2b: Garchomp\n|-end|p2b: Garchomp|Substitute\n|-heal|p1b: Sinistcha|74/100|[from] drain|[of] p2b: Garchomp\n|\n|upkeep\n|j| Ghostistheman\n|\n|t:|1775953048\n|switch|p2a: Orthworm|Orthworm, L50, M|75/100\n|turn|4\n|\n|t:|1775953057\n|move|p1a: Garchomp|Dragon Claw|p2b: Garchomp\n|-supereffective|p2b: Garchomp|1\n|-damage|p2b: Garchomp|34/100\n|move|p2b: Garchomp|Dragon Claw|p1b: Sinistcha\n|-damage|p1b: Sinistcha|6/100\n|-enditem|p1b: Sinistcha|Sitrus Berry|[eat]\n|-heal|p1b: Sinistcha|30/100|[from] item: Sitrus Berry\n|move|p1b: Sinistcha|Matcha Gotcha|p2a: Orthworm|[spread] p2a,p2b\n|-resisted|p2a: Orthworm|1\n|-damage|p2a: Orthworm|61/100\n|-heal|p1b: Sinistcha|38/100|[from] drain|[of] p2a: Orthworm\n|-damage|p2b: Garchomp|13/100\n|-heal|p1b: Sinistcha|50/100|[from] drain|[of] p2b: Garchomp\n|move|p2a: Orthworm|Shed Tail|p2a: Orthworm\n|-start|p2a: Orthworm|Substitute|[from] move: Shed Tail\n|-damage|p2a: Orthworm|11/100\n|\n|t:|1775953061\n|switch|p2a: Tyranitar|Tyranitar, L50, M|100/100|[from] Shed Tail\n|-weather|Sandstorm|[from] ability: Sand Stream|[of] p2a: Tyranitar\n|\n|-weather|Sandstorm|[upkeep]\n|-damage|p1b: Sinistcha|44/100|[from] Sandstorm\n|-heal|p2b: Garchomp|19/100|[from] item: Leftovers\n|upkeep\n|turn|5\n|\n|t:|1775953092\n|detailschange|p2a: Tyranitar|Tyranitar-Mega, L50, M\n|-mega|p2a: Tyranitar|Tyranitar|Tyranitarite\n|move|p2b: Garchomp|Protect|p2b: Garchomp\n|-singleturn|p2b: Garchomp|Protect\n|move|p1b: Sinistcha|Rage Powder|p1b: Sinistcha\n|-singleturn|p1b: Sinistcha|move: Rage Powder\n|move|p1a: Garchomp|Earthquake|p2a: Tyranitar|[spread] p1b,p2a\n|-activate|p2b: Garchomp|move: Protect\n|-supereffective|p2a: Tyranitar|1\n|-end|p2a: Tyranitar|Substitute\n|-resisted|p1b: Sinistcha|1\n|-damage|p1b: Sinistcha|26/100\n|move|p2a: Tyranitar|Knock Off|p1b: Sinistcha\n|-supereffective|p1b: Sinistcha|1\n|-damage|p1b: Sinistcha|0 fnt\n|faint|p1b: Sinistcha\n|\n|-weather|Sandstorm|[upkeep]\n|-heal|p2b: Garchomp|25/100|[from] item: Leftovers\n|upkeep\n|\n|t:|1775953100\n|switch|p1b: Rotom|Rotom-Wash, L50|100/100\n|turn|6\n|\n|t:|1775953107\n|move|p1a: Garchomp|Protect|p1a: Garchomp\n|-singleturn|p1a: Garchomp|Protect\n|move|p1b: Rotom|Hydro Pump|p2b: Garchomp\n|-damage|p2b: Garchomp|0 fnt\n|faint|p2b: Garchomp\n|move|p2a: Tyranitar|Ice Punch|p1a: Garchomp\n|-activate|p1a: Garchomp|move: Protect\n|\n|-weather|Sandstorm|[upkeep]\n|-damage|p1b: Rotom|95/100|[from] Sandstorm\n|upkeep\n|\n|t:|1775953110\n|switch|p2b: Orthworm|Orthworm, L50, M|11/100\n|turn|7\n|\n|t:|1775953126\n|move|p1b: Rotom|Hydro Pump|p2a: Tyranitar\n|-supereffective|p2a: Tyranitar|1\n|-damage|p2a: Tyranitar|59/100\n|move|p1a: Garchomp|Stomping Tantrum|p2a: Tyranitar\n|-supereffective|p2a: Tyranitar|1\n|-damage|p2a: Tyranitar|7/100\n|move|p2a: Tyranitar|Rock Slide|p1b: Rotom|[spread] p1a,p1b\n|-resisted|p1a: Garchomp|1\n|-damage|p1a: Garchomp|85/100\n|-damage|p1b: Rotom|49/100\n|move|p2b: Orthworm|Body Press|p1b: Rotom\n|-crit|p1b: Rotom\n|-damage|p1b: Rotom|0 fnt\n|faint|p1b: Rotom\n|\n|-weather|Sandstorm|[upkeep]\n|upkeep\n|\n|t:|1775953138\n|switch|p1b: Aegislash|Aegislash, L50, M|100/100\n|turn|8\n|c|\u2606MajorStar|ggs wp\n|\n|t:|1775953143\n|move|p2a: Tyranitar|Protect|p2a: Tyranitar\n|-singleturn|p2a: Tyranitar|Protect\n|move|p1a: Garchomp|Dragon Claw|p2a: Tyranitar\n|-activate|p2a: Tyranitar|move: Protect\n|move|p2b: Orthworm|Body Press|p1a: Garchomp\n|-damage|p1a: Garchomp|55/100\n|-damage|p2b: Orthworm|0 fnt|[from] ability: Rough Skin|[of] p1a: Garchomp\n|faint|p2b: Orthworm\n|-formechange|p1b: Aegislash|Aegislash-Blade|\n|move|p1b: Aegislash|Shadow Ball|p2a: Tyranitar\n|-activate|p2a: Tyranitar|move: Protect\n|\n|-weather|none\n|upkeep\n|turn|9\n|c|\u2606SnorlaxPikachu1|gg\n|-message|SnorlaxPikachu1 forfeited.\n|\n|win|MajorStar\n|n|\u2606MajorStar|majorstar\n|n|\u2606SnorlaxPikachu1|snorlaxpikachu1\n|n| Thingmaster|thingmaster\n|n| Ghostistheman|ghostistheman\n|l|\u2606SnorlaxPikachu1\n|player|p2|\n",
  "uploadtime": 1775953152,
  "views": 21,
  "formatid": "gen9championsvgc2026regma",
  "rating": null,
  "private": 0,
  "password": null
}