{
  "id": "gen9championsvgc2026regma-2583957327",
  "format": "[Gen 9 Champions] VGC 2026 Reg M-A",
  "players": [
    "felipe_officiale",
    "filipelima0617"
  ],
  "log": "|j|\u2606felipe_officiale\n|j|\u2606filipelima0617\n|t:|1776211713\n|gametype|doubles\n|player|p1|felipe_officiale|170|\n|player|p2|filipelima0617|skier|\n|gen|9\n|tier|[Gen 9 Champions] VGC 2026 Reg M-A\n|rule|Species Clause: Limit one of each Pok\u00e9mon\n|rule|Item Clause: Limit 1 of each item\n|clearpoke\n|poke|p1|Excadrill, L50, F|\n|poke|p1|Tyranitar, L50, F|\n|poke|p1|Hawlucha, L50, F|\n|poke|p1|Jolteon, L50, F|\n|poke|p1|Meganium, L50, M|\n|poke|p1|Ceruledge, L50, M|\n|poke|p2|Gardevoir, L50, M|\n|poke|p2|Toxapex, L50, M|\n|poke|p2|Rotom-Heat, L50|\n|poke|p2|Gengar, L50, M|\n|poke|p2|Dragonite, L50, F|\n|poke|p2|Mamoswine, L50, F|\n|teampreview|4\n|j| jeanmixed\n|\n|t:|1776211757\n|teamsize|p1|4\n|teamsize|p2|4\n|start\n|switch|p1a: Meganium|Meganium, L50, M|100/100\n|switch|p1b: Jolteon|Jolteon, L50, F|100/100\n|switch|p2a: Mamoswine|Mamoswine, L50, F|100/100\n|switch|p2b: Toxapex|Toxapex, L50, M|100/100\n|turn|1\n|\n|t:|1776211796\n|switch|p1b: Ceruledge|Ceruledge, L50, M|100/100\n|switch|p2b: Gardevoir|Gardevoir, L50, M|100/100\n|move|p2a: Mamoswine|Ice Shard|p1a: Meganium\n|-supereffective|p1a: Meganium|1\n|-damage|p1a: Meganium|56/100\n|move|p1a: Meganium|Leaf Storm|p2b: Gardevoir\n|-damage|p2b: Gardevoir|47/100\n|-unboost|p1a: Meganium|spa|2\n|\n|upkeep\n|turn|2\n|\n|t:|1776211863\n|switch|p2a: Toxapex|Toxapex, L50, M|100/100\n|detailschange|p2b: Gardevoir|Gardevoir-Mega, L50, M\n|-mega|p2b: Gardevoir|Gardevoir|Gardevoirite\n|move|p1b: Ceruledge|Bitter Blade|p2b: Gardevoir\n|-damage|p2b: Gardevoir|0 fnt\n|faint|p2b: Gardevoir\n|move|p1a: Meganium|Leaf Storm|p2a: Toxapex\n|-damage|p2a: Toxapex|79/100\n|-unboost|p1a: Meganium|spa|2\n|\n|-heal|p2a: Toxapex|85/100|[from] item: Leftovers\n|upkeep\n|j| lisarb660\n|\n|t:|1776211896\n|switch|p2b: Rotom|Rotom-Heat, L50|100/100\n|turn|3\n|\n|t:|1776211930\n|move|p1a: Meganium|Protect|p1a: Meganium\n|-singleturn|p1a: Meganium|Protect\n|move|p1b: Ceruledge|Swords Dance|p1b: Ceruledge\n|-boost|p1b: Ceruledge|atk|2\n|move|p2b: Rotom|Overheat|p1a: Meganium\n|-activate|p1a: Meganium|move: Protect\n|move|p2a: Toxapex|Toxic|p1b: Ceruledge\n|-status|p1b: Ceruledge|tox\n|\n|-heal|p2a: Toxapex|90/100|[from] item: Leftovers\n|-damage|p1b: Ceruledge|94/100 tox|[from] psn\n|upkeep\n|turn|4\n|\n|t:|1776211961\n|move|p1b: Ceruledge|Iron Head|p2b: Rotom\n|-resisted|p2b: Rotom|2\n|-damage|p2b: Rotom|91/100\n|move|p2b: Rotom|Will-O-Wisp|p1a: Meganium|[miss]\n|-miss|p2b: Rotom|p1a: Meganium\n|move|p1a: Meganium|Giga Drain|p2a: Toxapex\n|-damage|p2a: Toxapex|82/100\n|-heal|p1a: Meganium|59/100|[from] drain|[of] p2a: Toxapex\n|move|p2a: Toxapex|Chilling Water|p1b: Ceruledge\n|-supereffective|p1b: Ceruledge|1\n|-damage|p1b: Ceruledge|71/100 tox\n|-unboost|p1b: Ceruledge|atk|1\n|\n|-heal|p2a: Toxapex|88/100|[from] item: Leftovers\n|-damage|p1b: Ceruledge|59/100 tox|[from] psn\n|upkeep\n|turn|5\n|\n|t:|1776211984\n|move|p2b: Rotom|Protect|p2b: Rotom\n|-singleturn|p2b: Rotom|Protect\n|move|p1b: Ceruledge|Dragon Claw|p2b: Rotom\n|-activate|p2b: Rotom|move: Protect\n|move|p1a: Meganium|Leaf Storm|p2a: Toxapex\n|-damage|p2a: Toxapex|74/100\n|-unboost|p1a: Meganium|spa|2\n|move|p2a: Toxapex|Chilling Water|p1b: Ceruledge\n|-supereffective|p1b: Ceruledge|1\n|-damage|p1b: Ceruledge|36/100 tox\n|-unboost|p1b: Ceruledge|atk|1\n|\n|-heal|p2a: Toxapex|80/100|[from] item: Leftovers\n|-damage|p1b: Ceruledge|18/100 tox|[from] psn\n|upkeep\n|turn|6\n|\n|t:|1776212009\n|switch|p1b: Jolteon|Jolteon, L50, F|100/100\n|move|p2b: Rotom|Overheat|p1a: Meganium\n|-supereffective|p1a: Meganium|1\n|-damage|p1a: Meganium|0 fnt\n|-unboost|p2b: Rotom|spa|2\n|faint|p1a: Meganium\n|move|p2a: Toxapex|Chilling Water|p1b: Jolteon\n|-damage|p1b: Jolteon|87/100\n|-unboost|p1b: Jolteon|atk|1\n|\n|-heal|p2a: Toxapex|86/100|[from] item: Leftovers\n|upkeep\n|\n|t:|1776212021\n|switch|p1a: Hawlucha|Hawlucha, L50, F|100/100\n|turn|7\n|\n|t:|1776212052\n|switch|p2a: Mamoswine|Mamoswine, L50, F|100/100\n|detailschange|p1a: Hawlucha|Hawlucha-Mega, L50, F\n|-mega|p1a: Hawlucha|Hawlucha|Hawluchanite\n|move|p1b: Jolteon|Thunderbolt|p2a: Mamoswine\n|-immune|p2a: Mamoswine\n|move|p1a: Hawlucha|Focus Blast|p2b: Rotom\n|-damage|p2b: Rotom|41/100\n|-unboost|p2b: Rotom|spd|1\n|-enditem|p2b: Rotom|Sitrus Berry|[eat]\n|-heal|p2b: Rotom|65/100|[from] item: Sitrus Berry\n|move|p2b: Rotom|Thunderbolt|p1a: Hawlucha\n|-supereffective|p1a: Hawlucha|1\n|-damage|p1a: Hawlucha|56/100\n|\n|upkeep\n|turn|8\n|l| lisarb660\n|j| lisarb660\n|\n|t:|1776212172\n|move|p2a: Mamoswine|Ice Shard|p1a: Hawlucha\n|-supereffective|p1a: Hawlucha|1\n|-damage|p1a: Hawlucha|9/100\n|move|p1b: Jolteon|Thunderbolt|p1a: Hawlucha\n|-supereffective|p1a: Hawlucha|1\n|-damage|p1a: Hawlucha|0 fnt\n|faint|p1a: Hawlucha\n|move|p2b: Rotom|Thunderbolt|p1b: Jolteon\n|-resisted|p1b: Jolteon|1\n|-damage|p1b: Jolteon|77/100\n|\n|upkeep\n|l| lisarb660\n|j| lisarb660\n|l| lisarb660\n|j| lisarb660\n|l| lisarb660\n|inactive|Battle timer is ON: inactive players will automatically lose when time's up. (requested by filipelima0617)\n|j| lisarb660\n|l|\u2606filipelima0617\n|inactive|filipelima0617 disconnected and has 300 seconds to reconnect!\n|player|p2|\n|l| lisarb660\n|inactive|felipe_officiale has 60 seconds left.\n|j|\u2606filipelima0617\n|inactive|filipelima0617 reconnected.\n|player|p2|filipelima0617|skier|\n|-message|filipelima0617 forfeited.\n|\n|win|felipe_officiale\n|l|\u2606filipelima0617\n|player|p2|\n|l|\u2606felipe_officiale\n|player|p1|\n",
  "uploadtime": 1776212727,
  "views": 15,
  "formatid": "gen9championsvgc2026regma",
  "rating": null,
  "private": 0,
  "password": null
}