{
  "id": "gen9championsvgc2026regma-2581686071",
  "format": "[Gen 9 Champions] VGC 2026 Reg M-A",
  "players": [
    "AdjectivePikachu",
    "Bonavida"
  ],
  "log": "|j|\u2606AdjectivePikachu\n|j|\u2606Bonavida\n|t:|1776020648\n|gametype|doubles\n|player|p1|AdjectivePikachu|hilda-wonderlauncher|1000\n|player|p2|Bonavida|red|1000\n|gen|9\n|tier|[Gen 9 Champions] VGC 2026 Reg M-A\n|rated|\n|rule|Species Clause: Limit one of each Pok\u00e9mon\n|rule|Item Clause: Limit 1 of each item\n|clearpoke\n|poke|p1|Beedrill, L50, M|\n|poke|p1|Tinkaton, L50, F|\n|poke|p1|Arcanine, L50, F|\n|poke|p1|Gliscor, L50, F|\n|poke|p1|Maushold-Four, L50|\n|poke|p1|Rotom-Wash, L50|\n|poke|p2|Charizard, L50, M|\n|poke|p2|Maushold-Four, L50|\n|poke|p2|Sneasler, L50, F|\n|poke|p2|Dragapult, L50, F|\n|poke|p2|Kingambit, L50, M|\n|poke|p2|Garchomp, L50, M|\n|teampreview|4\nAdjectivePikachu has agreed to open team sheets.\n|\n|t:|1776020729\n|teamsize|p1|4\n|teamsize|p2|4\n|start\n|switch|p1a: Chuck E. Cheese|Maushold-Four, L50|100/100\n|switch|p1b: Pump N' Dump|Rotom-Wash, L50, shiny|100/100\n|switch|p2a: Maushold|Maushold-Four, L50|100/100\n|switch|p2b: Kingambit|Kingambit, L50, M|100/100\n|turn|1\n|\n|t:|1776020784\n|switch|p1a: Cancel Culture'd|Gliscor, L50, F|100/100\n|move|p2a: Maushold|Encore||[still]\n|-fail|p2a: Maushold\n|move|p1b: Pump N' Dump|Will-O-Wisp|p2b: Kingambit\n|-status|p2b: Kingambit|brn\n|move|p2b: Kingambit|Iron Head|p1b: Pump N' Dump\n|-resisted|p1b: Pump N' Dump|2\n|-damage|p1b: Pump N' Dump|95/100\n|\n|-damage|p2b: Kingambit|94/100 brn|[from] brn\n|upkeep\n|turn|2\n|\n|t:|1776020815\n|move|p2b: Kingambit|Protect|p2b: Kingambit\n|-singleturn|p2b: Kingambit|Protect\n|move|p2a: Maushold|Super Fang|p1b: Pump N' Dump\n|-damage|p1b: Pump N' Dump|48/100\n|move|p1a: Cancel Culture'd|Tailwind|p1a: Cancel Culture'd\n|-sidestart|p1: AdjectivePikachu|move: Tailwind\n|move|p1b: Pump N' Dump|Discharge|p2b: Kingambit|[spread] p2a\n|-activate|p2b: Kingambit|move: Protect\n|-immune|p1a: Cancel Culture'd\n|-crit|p2a: Maushold\n|-damage|p2a: Maushold|41/100\n|\n|-damage|p2b: Kingambit|88/100 brn|[from] brn\n|upkeep\n|turn|3\n|\n|t:|1776020837\n|move|p1b: Pump N' Dump|Protect|p1b: Pump N' Dump\n|-singleturn|p1b: Pump N' Dump|Protect\n|move|p2b: Kingambit|Sucker Punch||[still]\n|-fail|p2b: Kingambit\n|move|p1a: Cancel Culture'd|High Horsepower|p2b: Kingambit\n|-supereffective|p2b: Kingambit|1\n|-damage|p2b: Kingambit|52/100 brn\n|move|p2a: Maushold|Encore|p1a: Cancel Culture'd\n|-start|p1a: Cancel Culture'd|Encore\n|\n|-damage|p2b: Kingambit|46/100 brn|[from] brn\n|upkeep\n|turn|4\n|\n|t:|1776020874\n|switch|p2b: Charizard|Charizard, L50, M|100/100\n|move|p1a: Cancel Culture'd|High Horsepower|p2b: Charizard\n|-immune|p2b: Charizard\n|move|p1b: Pump N' Dump|Hydro Pump|p2a: Maushold\n|-damage|p2a: Maushold|0 fnt\n|faint|p2a: Maushold\n|\n|upkeep\n|\n|t:|1776020884\n|switch|p2a: Garchomp|Garchomp, L50, M, shiny|100/100\n|turn|5\n|\n|t:|1776020900\n|detailschange|p2b: Charizard|Charizard-Mega-Y, L50, M\n|-mega|p2b: Charizard|Charizard|Charizardite Y\n|-weather|SunnyDay|[from] ability: Drought|[of] p2b: Charizard\n|move|p1b: Pump N' Dump|Protect|p1b: Pump N' Dump\n|-singleturn|p1b: Pump N' Dump|Protect\n|move|p1a: Cancel Culture'd|High Horsepower|p2a: Garchomp\n|-damage|p2a: Garchomp|71/100\n|-damage|p1a: Cancel Culture'd|88/100|[from] ability: Rough Skin|[of] p2a: Garchomp\n|move|p2a: Garchomp|Stone Edge|p1a: Cancel Culture'd\n|-damage|p1a: Cancel Culture'd|60/100\n|move|p2b: Charizard|Solar Beam||[still]\n|-prepare|p2b: Charizard|Solar Beam\n|-anim|p2b: Charizard|Solar Beam|p1b: Pump N' Dump\n|-activate|p1b: Pump N' Dump|move: Protect\n|\n|-weather|SunnyDay|[upkeep]\n|-heal|p1a: Cancel Culture'd|66/100|[from] item: Leftovers\n|-sideend|p1: AdjectivePikachu|move: Tailwind\n|upkeep\n|turn|6\n|\n|t:|1776020936\n|move|p2a: Garchomp|Stone Edge|p1a: Cancel Culture'd|[miss]\n|-miss|p2a: Garchomp|p1a: Cancel Culture'd\n|move|p2b: Charizard|Solar Beam||[still]\n|-prepare|p2b: Charizard|Solar Beam\n|-anim|p2b: Charizard|Solar Beam|p1b: Pump N' Dump\n|-supereffective|p1b: Pump N' Dump|1\n|-damage|p1b: Pump N' Dump|0 fnt\n|faint|p1b: Pump N' Dump\n|move|p1a: Cancel Culture'd|High Horsepower|p2a: Garchomp\n|-damage|p2a: Garchomp|38/100\n|-damage|p1a: Cancel Culture'd|54/100|[from] ability: Rough Skin|[of] p2a: Garchomp\n|\n|-weather|SunnyDay|[upkeep]\n|-heal|p1a: Cancel Culture'd|60/100|[from] item: Leftovers\n|-end|p1a: Cancel Culture'd|Encore\n|upkeep\n|\n|t:|1776020951\n|switch|p1b: Grand Zi-O|Beedrill, L50, M|100/100\n|turn|7\n|\n|t:|1776020967\n|detailschange|p1b: Grand Zi-O|Beedrill-Mega, L50, M\n|-mega|p1b: Grand Zi-O|Beedrill|Beedrillite\n|move|p1b: Grand Zi-O|Protect|p1b: Grand Zi-O\n|-singleturn|p1b: Grand Zi-O|Protect\n|move|p2b: Charizard|Protect|p2b: Charizard\n|-singleturn|p2b: Charizard|Protect\n|move|p2a: Garchomp|Stone Edge|p1b: Grand Zi-O\n|-activate|p1b: Grand Zi-O|move: Protect\n|move|p1a: Cancel Culture'd|Tailwind|p1a: Cancel Culture'd\n|-sidestart|p1: AdjectivePikachu|move: Tailwind\n|\n|-weather|SunnyDay|[upkeep]\n|-heal|p1a: Cancel Culture'd|66/100|[from] item: Leftovers\n|upkeep\n|turn|8\n|\n|t:|1776021001\n|move|p1b: Grand Zi-O|U-turn|p2a: Garchomp\n|-damage|p2a: Garchomp|0 fnt\n|-damage|p1b: Grand Zi-O|89/100|[from] ability: Rough Skin|[of] p2a: Garchomp\n|faint|p2a: Garchomp\n|\n|t:|1776021005\n|switch|p1b: Chuck E. Cheese|Maushold-Four, L50|100/100|[from] U-turn\n|move|p1a: Cancel Culture'd|High Horsepower|p2b: Charizard\n|-immune|p2b: Charizard\n|move|p2b: Charizard|Overheat|p1a: Cancel Culture'd\n|-damage|p1a: Cancel Culture'd|0 fnt\n|-unboost|p2b: Charizard|spa|2\n|faint|p1a: Cancel Culture'd\n|\n|-weather|SunnyDay|[upkeep]\n|upkeep\n|\n|t:|1776021016\n|switch|p2a: Kingambit|Kingambit, L50, M|46/100 brn\n|switch|p1a: Grand Zi-O|Beedrill-Mega, L50, M|89/100\n|turn|9\n|\n|t:|1776021037\n|move|p1a: Grand Zi-O|Protect|p1a: Grand Zi-O\n|-singleturn|p1a: Grand Zi-O|Protect\n|move|p2a: Kingambit|Sucker Punch||[still]\n|-fail|p2a: Kingambit\n|move|p1b: Chuck E. Cheese|Super Fang|p2b: Charizard\n|-damage|p2b: Charizard|51/100\n|move|p2b: Charizard|Heat Wave|p1b: Chuck E. Cheese|[spread] \n|-activate|p1a: Grand Zi-O|move: Protect\n|-miss|p2b: Charizard|p1b: Chuck E. Cheese\n|\n|-weather|none\n|-damage|p2a: Kingambit|40/100 brn|[from] brn\n|upkeep\n|turn|10\n|\n|t:|1776021064\n|move|p1b: Chuck E. Cheese|Helping Hand|p1a: Grand Zi-O\n|-singleturn|p1a: Grand Zi-O|Helping Hand|[of] p1b: Chuck E. Cheese\n|move|p2a: Kingambit|Sucker Punch|p1a: Grand Zi-O\n|-damage|p1a: Grand Zi-O|43/100\n|move|p1a: Grand Zi-O|Poison Jab|p2b: Charizard\n|-damage|p2b: Charizard|0 fnt\n|faint|p2b: Charizard\n|\n|-damage|p2a: Kingambit|34/100 brn|[from] brn\n|-sideend|p1: AdjectivePikachu|move: Tailwind\n|upkeep\n|turn|11\n|\n|t:|1776021078\n|move|p2a: Kingambit|Protect|p2a: Kingambit\n|-singleturn|p2a: Kingambit|Protect\n|move|p1a: Grand Zi-O|Brick Break|p2a: Kingambit\n|-activate|p2a: Kingambit|move: Protect\n|move|p1b: Chuck E. Cheese|Super Fang|p2a: Kingambit\n|-activate|p2a: Kingambit|move: Protect\n|\n|-damage|p2a: Kingambit|28/100 brn|[from] brn\n|upkeep\n|turn|12\n|\n|t:|1776021092\n|move|p1a: Grand Zi-O|Protect|p1a: Grand Zi-O\n|-singleturn|p1a: Grand Zi-O|Protect\n|move|p1b: Chuck E. Cheese|Protect|p1b: Chuck E. Cheese\n|-singleturn|p1b: Chuck E. Cheese|Protect\n|move|p2a: Kingambit|Sucker Punch||[still]\n|-fail|p2a: Kingambit\n|\n|-damage|p2a: Kingambit|22/100 brn|[from] brn\n|upkeep\n|turn|13\n|\n|t:|1776021103\n|move|p2a: Kingambit|Sucker Punch|p1a: Grand Zi-O\n|-damage|p1a: Grand Zi-O|0 fnt\n|faint|p1a: Grand Zi-O\n|move|p1b: Chuck E. Cheese|Super Fang|p2a: Kingambit\n|-damage|p2a: Kingambit|11/100 brn\n|\n|-damage|p2a: Kingambit|5/100 brn|[from] brn\n|upkeep\n|turn|14\n|\n|t:|1776021112\n|move|p1b: Chuck E. Cheese|Protect|p1b: Chuck E. Cheese\n|-singleturn|p1b: Chuck E. Cheese|Protect\n|move|p2a: Kingambit|Kowtow Cleave|p1b: Chuck E. Cheese\n|-activate|p1b: Chuck E. Cheese|move: Protect\n|\n|-damage|p2a: Kingambit|0 fnt|[from] brn\n|faint|p2a: Kingambit\n|\n|win|AdjectivePikachu\n|raw|AdjectivePikachu's rating: 1000 &rarr; <strong>1040</strong><br />(+40 for winning)\n|raw|Bonavida's rating: 1000 &rarr; <strong>1000</strong><br />(+0 for losing)\n|c|\u2606Bonavida|gg\n|c|\u2606AdjectivePikachu|gg\n|l|\u2606Bonavida\n|player|p2|\n",
  "uploadtime": 1776021128,
  "views": 15,
  "formatid": "gen9championsvgc2026regma",
  "rating": 1000,
  "private": 0,
  "password": null
}