{
  "id": "gen9championsvgc2026regma-2581839004",
  "format": "[Gen 9 Champions] VGC 2026 Reg M-A",
  "players": [
    "PinkScourge",
    "Nenepoke"
  ],
  "log": "|j|\u2606PinkScourge\n|j|\u2606Nenepoke\n|t:|1776032631\n|gametype|doubles\n|player|p1|PinkScourge|ortega|1243\n|player|p2|Nenepoke|265|1264\n|gen|9\n|tier|[Gen 9 Champions] VGC 2026 Reg M-A\n|rated|\n|rule|Species Clause: Limit one of each Pok\u00e9mon\n|rule|Item Clause: Limit 1 of each item\n|clearpoke\n|poke|p1|Gengar, L50, M|\n|poke|p1|Crabominable, L50, M|\n|poke|p1|Sinistcha, L50|\n|poke|p1|Incineroar, L50, M|\n|poke|p1|Slowking-Galar, L50, M|\n|poke|p1|Primarina, L50, F|\n|poke|p2|Kommo-o, L50, M|\n|poke|p2|Garchomp, L50, M|\n|poke|p2|Rotom-Wash, L50|\n|poke|p2|Sinistcha-Masterpiece, L50|\n|poke|p2|Incineroar, L50, M|\n|poke|p2|Aggron, L50, F|\n|teampreview|4\n|inactive|Battle timer is ON: inactive players will automatically lose when time's up. (requested by PinkScourge)\n|inactive|PinkScourge has 60 seconds left.\n|inactive|Nenepoke has 60 seconds left.\n|inactive|Nenepoke has 30 seconds left.\n|\n|t:|1776032701\n|teamsize|p1|4\n|teamsize|p2|4\n|start\n|switch|p1a: Incineroar|Incineroar, L50, M|100/100\n|switch|p1b: Slowking|Slowking-Galar, L50, M|100/100\n|switch|p2a: Aggron|Aggron, L50, F, shiny|100/100\n|switch|p2b: Incineroar|Incineroar, L50, M, shiny|100/100\n|-ability|p2b: Incineroar|Intimidate|boost\n|-unboost|p1a: Incineroar|atk|1\n|-unboost|p1b: Slowking|atk|1\n|-ability|p1a: Incineroar|Intimidate|boost\n|-unboost|p2a: Aggron|atk|1\n|-unboost|p2b: Incineroar|atk|1\n|-clearboost|p1a: Incineroar|[from] ability: Curious Medicine|[of] p1b: Slowking\n|turn|1\n|\n|t:|1776032720\n|detailschange|p2a: Aggron|Aggron-Mega, L50, F, shiny\n|-mega|p2a: Aggron|Aggron|Aggronite\n|move|p1a: Incineroar|Fake Out|p2b: Incineroar\n|-damage|p2b: Incineroar|90/100\n|cant|p2b: Incineroar|flinch\n|move|p2a: Aggron|Curse|p2a: Aggron\n|-unboost|p2a: Aggron|spe|1\n|-boost|p2a: Aggron|atk|1\n|-boost|p2a: Aggron|def|1\n|move|p1b: Slowking|Trick Room|p1b: Slowking\n|-fieldstart|move: Trick Room|[of] p1b: Slowking\n|\n|upkeep\n|turn|2\n|\n|t:|1776032740\n|move|p2a: Aggron|Curse|p2a: Aggron\n|-unboost|p2a: Aggron|spe|1\n|-boost|p2a: Aggron|atk|1\n|-boost|p2a: Aggron|def|1\n|-prepare|p1b: Slowking|Chilly Reception|[premajor]\n|move|p1b: Slowking|Chilly Reception|p1b: Slowking\n|-weather|Snowscape\n|\n|t:|1776032747\n|switch|p1b: Crabominable|Crabominable, L50, M|100/100|[from] Chilly Reception\n|move|p1a: Incineroar|Parting Shot|p2a: Aggron\n|-unboost|p2a: Aggron|atk|1\n|-unboost|p2a: Aggron|spa|1\n|\n|t:|1776032752\n|switch|p1a: Sinistcha|Sinistcha, L50|100/100|[from] Parting Shot\n|move|p2b: Incineroar|Parting Shot|p1b: Crabominable\n|-fail|p1b: Crabominable|unboost|Attack|[from] ability: Hyper Cutter|[of] p1b: Crabominable\n|-unboost|p1b: Crabominable|spa|1\n|\n|t:|1776032761\n|switch|p2b: Sinistcha|Sinistcha-Masterpiece, L50, shiny|100/100|[from] Parting Shot\n|\n|-weather|Snowscape|[upkeep]\n|upkeep\n|turn|3\n|\n|t:|1776032772\n|detailschange|p1b: Crabominable|Crabominable-Mega, L50, M\n|-mega|p1b: Crabominable|Crabominable|Crabominite\n|move|p2a: Aggron|Heavy Slam|p1a: Sinistcha\n|-damage|p1a: Sinistcha|49/100\n|move|p1b: Crabominable|Ice Hammer|p2b: Sinistcha\n|-supereffective|p2b: Sinistcha|1\n|-damage|p2b: Sinistcha|0 fnt\n|-unboost|p1b: Crabominable|spe|1\n|faint|p2b: Sinistcha\n|move|p1a: Sinistcha|Matcha Gotcha|p2a: Aggron\n|-resisted|p2a: Aggron|1\n|-damage|p2a: Aggron|88/100\n|-heal|p1a: Sinistcha|56/100|[from] drain|[of] p2a: Aggron\n|\n|-weather|Snowscape|[upkeep]\n|upkeep\n|inactive|Nenepoke has 30 seconds left.\n|\n|t:|1776032798\n|switch|p2b: Incineroar|Incineroar, L50, M, shiny|90/100\n|-ability|p2b: Incineroar|Intimidate|boost\n|-unboost|p1a: Sinistcha|atk|1\n|-unboost|p1b: Crabominable|atk|1\n|turn|4\n|\n|t:|1776032814\n|switch|p1a: Slowking|Slowking-Galar, L50, M|100/100\n|-clearboost|p1b: Crabominable|[from] ability: Curious Medicine|[of] p1a: Slowking\n|move|p1b: Crabominable|Upper Hand|p2b: Incineroar\n|-supereffective|p2b: Incineroar|1\n|-damage|p2b: Incineroar|9/100\n|cant|p2b: Incineroar|flinch\n|move|p2a: Aggron|Curse|p2a: Aggron\n|-unboost|p2a: Aggron|spe|1\n|-boost|p2a: Aggron|atk|1\n|-boost|p2a: Aggron|def|1\n|\n|-weather|Snowscape|[upkeep]\n|upkeep\n|turn|5\n|inactive|PinkScourge has 30 seconds left.\n|\n|t:|1776032840\n|move|p1b: Crabominable|Mach Punch|p2b: Incineroar\n|-supereffective|p2b: Incineroar|1\n|-damage|p2b: Incineroar|0 fnt\n|faint|p2b: Incineroar\n|move|p2a: Aggron|Body Press|p1b: Crabominable\n|-supereffective|p1b: Crabominable|1\n|-damage|p1b: Crabominable|2/100\n|move|p1a: Slowking|Psychic|p2a: Aggron\n|-resisted|p2a: Aggron|1\n|-damage|p2a: Aggron|74/100\n|-unboost|p2a: Aggron|spd|1\n|\n|-weather|Snowscape|[upkeep]\n|-fieldend|move: Trick Room\n|upkeep\n|\n|t:|1776032849\n|switch|p2b: Rotom|Rotom-Wash, L50|100/100\n|turn|6\n|inactive|PinkScourge has 30 seconds left.\n|\n|t:|1776032879\n|switch|p1b: Incineroar|Incineroar, L50, M|100/100\n|-ability|p1b: Incineroar|Intimidate|boost\n|-unboost|p2a: Aggron|atk|1\n|-unboost|p2b: Rotom|atk|1\n|move|p2b: Rotom|Trick|p1a: Slowking\n|-activate|p2b: Rotom|move: Trick|[of] p1a: Slowking\n|-item|p1a: Slowking|Choice Scarf|[from] move: Trick\n|-item|p2b: Rotom|Colbur Berry|[from] move: Trick\n|move|p1a: Slowking|Sludge Bomb|p2b: Rotom\n|-damage|p2b: Rotom|65/100\n|-status|p2b: Rotom|psn\n|move|p2a: Aggron|Heavy Slam|p1b: Incineroar\n|-resisted|p1b: Incineroar|1\n|-damage|p1b: Incineroar|83/100\n|\n|-weather|none\n|-damage|p2b: Rotom|53/100 psn|[from] psn\n|upkeep\n|turn|7\n|\n|t:|1776032897\n|move|p1b: Incineroar|Fake Out|p2a: Aggron\n|-resisted|p2a: Aggron|1\n|-damage|p2a: Aggron|73/100\n|move|p2b: Rotom|Dark Pulse|p1a: Slowking\n|-supereffective|p1a: Slowking|1\n|-damage|p1a: Slowking|59/100\n|move|p1a: Slowking|Sludge Bomb|p2b: Rotom\n|-damage|p2b: Rotom|16/100 psn\n|cant|p2a: Aggron|flinch\n|\n|-damage|p2b: Rotom|4/100 psn|[from] psn\n|upkeep\n|turn|8\n|\n|t:|1776032919\n|switch|p1a: Sinistcha|Sinistcha, L50|56/100\n|-heal|p1b: Incineroar|100/100|[from] ability: Hospitality|[of] p1a: Sinistcha\n|move|p2b: Rotom|Dark Pulse|p1a: Sinistcha\n|-supereffective|p1a: Sinistcha|1\n|-damage|p1a: Sinistcha|12/100\n|move|p1b: Incineroar|Parting Shot|p2a: Aggron\n|-unboost|p2a: Aggron|atk|1\n|-unboost|p2a: Aggron|spa|1\n|\n|t:|1776032932\n|switch|p1b: Slowking|Slowking-Galar, L50, M|59/100|[from] Parting Shot\n|-clearboost|p1a: Sinistcha|[from] ability: Curious Medicine|[of] p1b: Slowking\n|move|p2a: Aggron|Heavy Slam|p1a: Sinistcha\n|-crit|p1a: Sinistcha\n|-damage|p1a: Sinistcha|0 fnt\n|faint|p1a: Sinistcha\n|\n|-damage|p2b: Rotom|0 fnt|[from] psn\n|faint|p2b: Rotom\n|upkeep\n|\n|t:|1776032944\n|switch|p1a: Incineroar|Incineroar, L50, M|100/100\n|-ability|p1a: Incineroar|Intimidate|boost\n|-unboost|p2a: Aggron|atk|1\n|turn|9\n|\n|t:|1776032951\n|move|p2a: Aggron|Protect|p2a: Aggron\n|-singleturn|p2a: Aggron|Protect\n|move|p1a: Incineroar|Fake Out|p2a: Aggron\n|-activate|p2a: Aggron|move: Protect\n|move|p1b: Slowking|Psychic|p2a: Aggron\n|-activate|p2a: Aggron|move: Protect\n|\n|upkeep\n|turn|10\n|\n|t:|1776032958\n|move|p1a: Incineroar|Flare Blitz|p2a: Aggron\n|-supereffective|p2a: Aggron|1\n|-damage|p2a: Aggron|59/100\n|-damage|p1a: Incineroar|96/100|[from] Recoil\n|move|p1b: Slowking|Psychic|p2a: Aggron\n|-resisted|p2a: Aggron|1\n|-damage|p2a: Aggron|39/100\n|move|p2a: Aggron|Body Press|p1a: Incineroar\n|-supereffective|p1a: Incineroar|1\n|-damage|p1a: Incineroar|0 fnt\n|faint|p1a: Incineroar\n|\n|upkeep\n|\n|t:|1776032967\n|switch|p1a: Crabominable|Crabominable-Mega, L50, M|2/100\n|turn|11\n|\n|t:|1776032970\n|move|p2a: Aggron|Protect|p2a: Aggron\n|-singleturn|p2a: Aggron|Protect\n|move|p1b: Slowking|Psychic|p2a: Aggron\n|-activate|p2a: Aggron|move: Protect\n|move|p1a: Crabominable|Drain Punch|p2a: Aggron\n|-activate|p2a: Aggron|move: Protect\n|\n|upkeep\n|turn|12\n|\n|t:|1776032980\n|move|p1b: Slowking|Psychic|p2a: Aggron\n|-resisted|p2a: Aggron|1\n|-crit|p2a: Aggron\n|-damage|p2a: Aggron|6/100\n|move|p1a: Crabominable|Drain Punch|p2a: Aggron\n|-supereffective|p2a: Aggron|1\n|-damage|p2a: Aggron|0 fnt\n|-heal|p1a: Crabominable|5/100|[from] drain|[of] p2a: Aggron\n|faint|p2a: Aggron\n|\n|win|PinkScourge\n|raw|PinkScourge's rating: 1243 &rarr; <strong>1270</strong><br />(+27 for winning)\n|raw|Nenepoke's rating: 1264 &rarr; <strong>1237</strong><br />(-27 for losing)\n|l|\u2606Nenepoke\n|player|p2|\n",
  "uploadtime": 1776032991,
  "views": 17,
  "formatid": "gen9championsvgc2026regma",
  "rating": 1237,
  "private": 0,
  "password": null
}