{
  "id": "gen9championsvgc2026regma-2580426348",
  "format": "[Gen 9 Champions] VGC 2026 Reg M-A",
  "players": [
    "TorkoalWQuickclaw",
    "hohojo"
  ],
  "log": "|j|\u2606TorkoalWQuickclaw\n|j|\u2606hohojo\n|t:|1775894735\n|gametype|doubles\n|player|p1|TorkoalWQuickclaw|169|1110\n|player|p2|hohojo|hiker-gen4|1040\n|gen|9\n|tier|[Gen 9 Champions] VGC 2026 Reg M-A\n|rated|\n|rule|Species Clause: Limit one of each Pok\u00e9mon\n|rule|Item Clause: Limit 1 of each item\n|clearpoke\n|poke|p1|Floette-Eternal, L50, F|\n|poke|p1|Maushold, L50|\n|poke|p1|Garchomp, L50, M|\n|poke|p1|Talonflame, L50, F|\n|poke|p1|Rotom-Wash, L50|\n|poke|p1|Aegislash, L50, F|\n|poke|p2|Venusaur, L50, M|\n|poke|p2|Arcanine-Hisui, L50, F|\n|poke|p2|Milotic, L50, F|\n|poke|p2|Clefable, L50, F|\n|poke|p2|Garchomp, L50, M|\n|poke|p2|Slowbro, L50, F|\n|teampreview|4\n|inactive|Battle timer is ON: inactive players will automatically lose when time's up. (requested by TorkoalWQuickclaw)\nTorkoalWQuickclaw has agreed to open team sheets.\n|\n|t:|1775894763\n|teamsize|p1|4\n|teamsize|p2|4\n|start\n|switch|p1a: Floette|Floette-Eternal, L50, F|100/100\n|switch|p1b: Maushold|Maushold, L50|100/100\n|switch|p2a: Clefable|Clefable, L50, F|100/100\n|switch|p2b: Slowbro|Slowbro, L50, F|100/100\n|turn|1\n|\n|t:|1775894776\n|move|p2a: Clefable|Follow Me|p2a: Clefable\n|-singleturn|p2a: Clefable|move: Follow Me\n|move|p1b: Maushold|Taunt|p2a: Clefable\n|-start|p2a: Clefable|move: Taunt\n|move|p1a: Floette|Calm Mind|p1a: Floette\n|-boost|p1a: Floette|spa|1\n|-boost|p1a: Floette|spd|1\n|move|p2b: Slowbro|Trick Room|p2b: Slowbro\n|-fieldstart|move: Trick Room|[of] p2b: Slowbro\n|\n|upkeep\n|turn|2\n|inactive|hohojo has 30 seconds left.\n|\n|t:|1775894803\n|switch|p2a: Milotic|Milotic, L50, F|100/100\n|move|p1b: Maushold|Follow Me|p1b: Maushold\n|-singleturn|p1b: Maushold|move: Follow Me\n|move|p2b: Slowbro|Surf|p1a: Floette|[spread] p2a,p1a,p1b\n|-resisted|p2a: Milotic|1\n|-crit|p2a: Milotic\n|-damage|p2a: Milotic|87/100\n|-damage|p1a: Floette|89/100\n|-damage|p1b: Maushold|69/100\n|move|p1a: Floette|Calm Mind|p1a: Floette\n|-boost|p1a: Floette|spa|1\n|-boost|p1a: Floette|spd|1\n|\n|-heal|p2a: Milotic|93/100|[from] item: Leftovers\n|upkeep\n|turn|3\n|\n|t:|1775894817\n|move|p1b: Maushold|Follow Me|p1b: Maushold\n|-singleturn|p1b: Maushold|move: Follow Me\n|move|p2b: Slowbro|Surf|p1a: Floette|[spread] p2a,p1a,p1b\n|-resisted|p2a: Milotic|1\n|-damage|p2a: Milotic|84/100\n|-damage|p1a: Floette|82/100\n|-damage|p1b: Maushold|38/100\n|move|p2a: Milotic|Haze|p2a: Milotic\n|-clearallboost\n|move|p1a: Floette|Calm Mind|p1a: Floette\n|-boost|p1a: Floette|spa|1\n|-boost|p1a: Floette|spd|1\n|\n|-heal|p2a: Milotic|90/100|[from] item: Leftovers\n|upkeep\n|turn|4\n|\n|t:|1775894832\n|detailschange|p1a: Floette|Floette-Mega, L50, F\n|-mega|p1a: Floette|Floette|Floettite\n|-ability|p1a: Floette|Fairy Aura\n|move|p2b: Slowbro|Surf|p1b: Maushold|[spread] p2a,p1a,p1b\n|-resisted|p2a: Milotic|1\n|-crit|p2a: Milotic\n|-damage|p2a: Milotic|77/100\n|-damage|p1a: Floette|73/100\n|-damage|p1b: Maushold|4/100\n|move|p2a: Milotic|Haze|p2a: Milotic\n|-clearallboost\n|move|p1a: Floette|Dazzling Gleam|p2a: Milotic|[spread] p2a,p2b\n|-damage|p2a: Milotic|42/100\n|-damage|p2b: Slowbro|53/100\n|move|p1b: Maushold|Super Fang|p2a: Milotic\n|-damage|p2a: Milotic|21/100\n|\n|-heal|p2a: Milotic|27/100|[from] item: Leftovers\n|upkeep\n|turn|5\n|\n|t:|1775894849\n|move|p2b: Slowbro|Surf|p1a: Floette|[spread] p2a,p1a,p1b\n|-resisted|p2a: Milotic|1\n|-damage|p2a: Milotic|18/100\n|-damage|p1a: Floette|60/100\n|-damage|p1b: Maushold|0 fnt\n|faint|p1b: Maushold\n|move|p2a: Milotic|Scald|p1a: Floette\n|-damage|p1a: Floette|41/100\n|move|p1a: Floette|Dazzling Gleam|p2a: Milotic|[spread] p2a,p2b\n|-damage|p2a: Milotic|0 fnt\n|-damage|p2b: Slowbro|4/100\n|faint|p2a: Milotic\n|\n|-fieldend|move: Trick Room\n|upkeep\n|\n|t:|1775894862\n|switch|p1b: Talonflame|Talonflame, L50, F|100/100\n|switch|p2a: Arcanine|Arcanine-Hisui, L50, F|100/100\n|-ability|p2a: Arcanine|Intimidate|boost\n|-unboost|p1a: Floette|atk|1\n|-unboost|p1b: Talonflame|atk|1\n|turn|6\n|\n|t:|1775894874\n|switch|p2b: Clefable|Clefable, L50, F|100/100\n|move|p1b: Talonflame|Tailwind|p1b: Talonflame\n|-sidestart|p1: TorkoalWQuickclaw|move: Tailwind\n|move|p1a: Floette|Dazzling Gleam|p2b: Clefable|[spread] p2a,p2b\n|-resisted|p2a: Arcanine|1\n|-damage|p2a: Arcanine|71/100\n|-damage|p2b: Clefable|55/100\n|move|p2a: Arcanine|Rock Slide|p1a: Floette|[spread] p1a,p1b\n|-supereffective|p1b: Talonflame|2\n|-damage|p1a: Floette|9/100\n|-damage|p1b: Talonflame|0 fnt\n|faint|p1b: Talonflame\n|\n|upkeep\n|\n|t:|1775894878\n|switch|p1b: Garchomp|Garchomp, L50, M|100/100\n|turn|7\n|\n|t:|1775894892\n|move|p1a: Floette|Protect|p1a: Floette\n|-singleturn|p1a: Floette|Protect\n|move|p2a: Arcanine|Extreme Speed|p1a: Floette\n|-activate|p1a: Floette|move: Protect\n|move|p1b: Garchomp|Earthquake|p2a: Arcanine|[spread] p2a,p2b\n|-activate|p1a: Floette|move: Protect\n|-supereffective|p2a: Arcanine|2\n|-damage|p2a: Arcanine|0 fnt\n|-damage|p2b: Clefable|15/100\n|faint|p2a: Arcanine\n|move|p2b: Clefable|Moonblast|p1b: Garchomp\n|-supereffective|p1b: Garchomp|1\n|-damage|p1b: Garchomp|5/100\n|-unboost|p1b: Garchomp|spa|1\n|\n|upkeep\n|\n|t:|1775894909\n|switch|p2a: Slowbro|Slowbro, L50, F|37/100\n|turn|8\n|\n|t:|1775894915\n|move|p2b: Clefable|Follow Me|p2b: Clefable\n|-singleturn|p2b: Clefable|move: Follow Me\n|move|p1b: Garchomp|Stomping Tantrum|p2b: Clefable\n|-damage|p2b: Clefable|0 fnt\n|faint|p2b: Clefable\n|move|p1a: Floette|Dazzling Gleam|p2a: Slowbro\n|-damage|p2a: Slowbro|0 fnt\n|faint|p2a: Slowbro\n|\n|win|TorkoalWQuickclaw\n|raw|TorkoalWQuickclaw's rating: 1110 &rarr; <strong>1130</strong><br />(+20 for winning)\n|raw|hohojo's rating: 1040 &rarr; <strong>1027</strong><br />(-13 for losing)\n|l|\u2606TorkoalWQuickclaw\n|player|p1|\n",
  "uploadtime": 1775894926,
  "views": 23,
  "formatid": "gen9championsvgc2026regma",
  "rating": 1027,
  "private": 0,
  "password": null
}