{
  "id": "gen9championsvgc2026regma-2580798133",
  "format": "[Gen 9 Champions] VGC 2026 Reg M-A",
  "players": [
    "fangyusuhe",
    "Verahs"
  ],
  "log": "|j|\u2606fangyusuhe\n|j|\u2606Verahs\n|t:|1775933335\n|gametype|doubles\n|player|p1|fangyusuhe|dawn|\n|player|p2|Verahs|101|\n|gen|9\n|tier|[Gen 9 Champions] VGC 2026 Reg M-A\n|rated|Tournament battle\n|rule|Species Clause: Limit one of each Pok\u00e9mon\n|rule|Item Clause: Limit 1 of each item\n|clearpoke\n|poke|p1|Charizard, L50, M|\n|poke|p1|Sneasler, L50, M|\n|poke|p1|Basculegion, L50, M|\n|poke|p1|Garchomp, L50, F|\n|poke|p1|Incineroar, L50, M|\n|poke|p1|Venusaur, L50, M|\n|poke|p2|Lopunny, L50, M|\n|poke|p2|Meowscarada, L50, F|\n|poke|p2|Vivillon-Polar, L50, F|\n|poke|p2|Tinkaton, L50, F|\n|poke|p2|Arcanine-Hisui, L50, F|\n|poke|p2|Kommo-o, L50, F|\n|teampreview|4\n|\n|t:|1775933347\n|teamsize|p1|4\n|teamsize|p2|4\n|start\n|switch|p1a: Sneasler|Sneasler, L50, M|100/100\n|switch|p1b: Basculegion|Basculegion, L50, M|100/100\n|switch|p2a: Lopunny|Lopunny, L50, M, shiny|100/100\n|switch|p2b: Tinkaton|Tinkaton, L50, F|100/100\n|turn|1\n|\n|t:|1775933396\n|detailschange|p2a: Lopunny|Lopunny-Mega, L50, M, shiny\n|-mega|p2a: Lopunny|Lopunny|Lopunnite\n|move|p1a: Sneasler|Protect|p1a: Sneasler\n|-singleturn|p1a: Sneasler|Protect\n|move|p2a: Lopunny|Fake Out|p1b: Basculegion\n|-damage|p1b: Basculegion|71/100\n|cant|p1b: Basculegion|flinch\n|move|p2b: Tinkaton|Play Rough|p1a: Sneasler\n|-activate|p1a: Sneasler|move: Protect\n|\n|upkeep\n|turn|2\n|j| knoxxzeta\n|j| AthenaStrive9\n|j| havengood\n|\n|t:|1775933419\n|move|p1b: Basculegion|Flip Turn|p2a: Lopunny\n|-damage|p2a: Lopunny|48/100\n|\n|t:|1775933426\n|switch|p1b: Incineroar|Incineroar, L50, M|100/100|[from] Flip Turn\n|-ability|p1b: Incineroar|Intimidate|boost\n|-fail|p2a: Lopunny|unboost|Attack|[from] ability: Scrappy|[of] p2a: Lopunny\n|-fail|p2b: Tinkaton|unboost|Attack|[from] ability: Own Tempo|[of] p2b: Tinkaton\n|move|p2a: Lopunny|Close Combat|p1b: Incineroar\n|-supereffective|p1b: Incineroar|1\n|-damage|p1b: Incineroar|0 fnt\n|-unboost|p2a: Lopunny|def|1\n|-unboost|p2a: Lopunny|spd|1\n|faint|p1b: Incineroar\n|move|p1a: Sneasler|Close Combat|p2a: Lopunny\n|-supereffective|p2a: Lopunny|1\n|-crit|p2a: Lopunny\n|-damage|p2a: Lopunny|0 fnt\n|-unboost|p1a: Sneasler|def|1\n|-unboost|p1a: Sneasler|spd|1\n|faint|p2a: Lopunny\n|-enditem|p1a: Sneasler|White Herb\n|-clearnegativeboost|p1a: Sneasler|[silent]\n|move|p2b: Tinkaton|Gigaton Hammer|p1a: Sneasler\n|-damage|p1a: Sneasler|1/100\n|\n|upkeep\n|c|\u2606Verahs|oml\n|\n|t:|1775933451\n|switch|p2a: Arcanine|Arcanine-Hisui, L50, F|100/100\n|switch|p1b: Basculegion|Basculegion, L50, M|71/100\n|-ability|p2a: Arcanine|Intimidate|boost\n|-unboost|p1a: Sneasler|atk|1\n|-unboost|p1b: Basculegion|atk|1\n|turn|3\n|\n|t:|1775933469\n|move|p1a: Sneasler|Protect|p1a: Sneasler\n|-singleturn|p1a: Sneasler|Protect\n|move|p2a: Arcanine|Extreme Speed|p1a: Sneasler\n|-activate|p1a: Sneasler|move: Protect\n|move|p1b: Basculegion|Flip Turn|p2a: Arcanine\n|-supereffective|p2a: Arcanine|2\n|-damage|p2a: Arcanine|0 fnt\n|faint|p2a: Arcanine\n|\n|t:|1775933473\n|switch|p1b: Charizard|Charizard, L50, M|100/100|[from] Flip Turn\n|move|p2b: Tinkaton|Play Rough|p1b: Charizard\n|-resisted|p1b: Charizard|1\n|-crit|p1b: Charizard\n|-damage|p1b: Charizard|72/100\n|\n|upkeep\n|j| craparoi boy\n|\n|t:|1775933483\n|switch|p2a: Meowscarada|Meowscarada, L50, F|100/100\n|turn|4\n|j|+Crystalninetales\n|j| LyricSum\n|\n|t:|1775933500\n|detailschange|p1b: Charizard|Charizard-Mega-Y, L50, M\n|-mega|p1b: Charizard|Charizard|Charizardite Y\n|-weather|SunnyDay|[from] ability: Drought|[of] p1b: Charizard\n|move|p1a: Sneasler|Close Combat|p2b: Tinkaton\n|-damage|p2b: Tinkaton|33/100\n|-unboost|p1a: Sneasler|def|1\n|-unboost|p1a: Sneasler|spd|1\n|move|p2a: Meowscarada|Thunder Punch|p1b: Charizard\n|-start|p2a: Meowscarada|typechange|Electric|[from] ability: Protean\n|-supereffective|p1b: Charizard|1\n|-damage|p1b: Charizard|0 fnt\n|faint|p1b: Charizard\n|move|p2b: Tinkaton|Play Rough|p1a: Sneasler\n|-damage|p1a: Sneasler|0 fnt\n|faint|p1a: Sneasler\n|\n|-weather|SunnyDay|[upkeep]\n|-heal|p2b: Tinkaton|39/100|[from] item: Leftovers\n|upkeep\n|l| LyricSum\n|c|\u2606Verahs|the secret thunder pucnh\n|l| craparoi boy\n|\n|t:|1775933527\n|switch|p1b: Basculegion|Basculegion, L50, M|71/100\n|turn|5\n|\n|t:|1775933534\n|move|p2a: Meowscarada|Thunder Punch|p1b: Basculegion\n|-supereffective|p1b: Basculegion|1\n|-damage|p1b: Basculegion|0 fnt\n|faint|p1b: Basculegion\n|\n|win|Verahs\n|n|\u2606fangyusuhe|fangyusuhe\n|n|\u2606Verahs|verahs\n|n| knoxxzeta|knoxxzeta\n|n| AthenaStrive9|athenastrive9\n|n| havengood|havengood\n|n| Crystalninetales|crystalninetales\n|l| Crystalninetales\n|l|\u2606Verahs\n|player|p2|\n|l| havengood\n|l| AthenaStrive9\n|j| fyfyy\n|l|\u2606fangyusuhe\n|player|p1|\n|j| Volcano0\n|l| Volcano0\n|j| Robbie35646\n|l| Robbie35646\n|j| Volcano0\n|l| knoxxzeta\n|l| Volcano0\n|j|\u2606fangyusuhe\n|player|p1|fangyusuhe|dawn|\n",
  "uploadtime": 1775934189,
  "views": 9,
  "formatid": "gen9championsvgc2026regma",
  "rating": null,
  "private": 0,
  "password": null
}