{
  "id": "gen9championsvgc2026regma-2589508139",
  "format": "[Gen 9 Champions] VGC 2026 Reg M-A",
  "players": [
    "Azuremoon7",
    "OnlyaDerp"
  ],
  "log": "|j|\u2606Azuremoon7\n|j|\u2606OnlyaDerp\n|t:|1776729328\n|gametype|doubles\n|player|p1|Azuremoon7|blue|1106\n|player|p2|OnlyaDerp|pokemaniac|1109\n|gen|9\n|tier|[Gen 9 Champions] VGC 2026 Reg M-A\n|rated|\n|rule|Species Clause: Limit one of each Pok\u00e9mon\n|rule|Item Clause: Limit 1 of each item\n|clearpoke\n|poke|p1|Crabominable, L50, M, shiny|\n|poke|p1|Aerodactyl, L50, M, shiny|\n|poke|p1|Sinistcha-Masterpiece, L50, shiny|\n|poke|p1|Incineroar, L50, M, shiny|\n|poke|p1|Slowking-Galar, L50, M, shiny|\n|poke|p1|Armarouge, L50, M, shiny|\n|poke|p2|Aerodactyl, L50, M|\n|poke|p2|Garchomp, L50, M|\n|poke|p2|Corviknight, L50, F|\n|poke|p2|Incineroar, L50, F|\n|poke|p2|Typhlosion-Hisui, L50, M|\n|poke|p2|Charizard, L50, M|\n|teampreview|4\n|\n|t:|1776729355\n|teamsize|p1|4\n|teamsize|p2|4\n|start\n|switch|p1a: Mr. Fist|Crabominable, L50, M, shiny|100/100\n|switch|p1b: Matchapop|Sinistcha-Masterpiece, L50, shiny|100/100\n|switch|p2a: Aerodactyl|Aerodactyl, L50, M|100/100\n|switch|p2b: Garchomp|Garchomp, L50, M|100/100\n|-ability|p2a: Aerodactyl|Unnerve\n|turn|1\n|\n|t:|1776729379\n|switch|p2b: Incineroar|Incineroar, L50, F|100/100\n|-ability|p2b: Incineroar|Intimidate|boost\n|-fail|p1a: Mr. Fist|unboost|Attack|[from] ability: Hyper Cutter|[of] p1a: Mr. Fist\n|-unboost|p1b: Matchapop|atk|1\n|move|p1a: Mr. Fist|Protect|p1a: Mr. Fist\n|-singleturn|p1a: Mr. Fist|Protect\n|move|p2a: Aerodactyl|Taunt|p1b: Matchapop\n|-start|p1b: Matchapop|move: Taunt\n|cant|p1b: Matchapop|move: Taunt|Trick Room\n|\n|upkeep\n|turn|2\n|\n|t:|1776729418\n|switch|p1b: Brian|Slowking-Galar, L50, M, shiny|100/100\n|detailschange|p1a: Mr. Fist|Crabominable-Mega, L50, M, shiny\n|-mega|p1a: Mr. Fist|Crabominable|Crabominite\n|move|p2a: Aerodactyl|Rock Slide|p1b: Brian|[spread] p1a,p1b\n|-damage|p1a: Mr. Fist|81/100\n|-damage|p1b: Brian|79/100\n|move|p2b: Incineroar|Flare Blitz|p1a: Mr. Fist\n|-supereffective|p1a: Mr. Fist|1\n|-damage|p1a: Mr. Fist|4/100\n|-damage|p2b: Incineroar|77/100|[from] Recoil\n|move|p1a: Mr. Fist|Drain Punch|p2b: Incineroar\n|-supereffective|p2b: Incineroar|1\n|-damage|p2b: Incineroar|0 fnt\n|-heal|p1a: Mr. Fist|45/100|[from] drain|[of] p2b: Incineroar\n|faint|p2b: Incineroar\n|\n|-heal|p1b: Brian|85/100|[from] item: Leftovers\n|upkeep\n|\n|t:|1776729432\n|switch|p2b: Garchomp|Garchomp, L50, M|100/100\n|turn|3\n|\n|t:|1776729449\n|switch|p1a: Matchapop|Sinistcha-Masterpiece, L50, shiny|100/100\n|move|p1b: Brian|Protect|p1b: Brian\n|-singleturn|p1b: Brian|Protect\n|move|p2a: Aerodactyl|Taunt|p1b: Brian\n|-activate|p1b: Brian|move: Protect\n|move|p2b: Garchomp|Earthquake|p1a: Matchapop|[spread] p1a\n|-activate|p1b: Brian|move: Protect\n|-immune|p2a: Aerodactyl\n|-resisted|p1a: Matchapop|1\n|-damage|p1a: Matchapop|81/100\n|\n|-heal|p1b: Brian|91/100|[from] item: Leftovers\n|upkeep\n|turn|4\n|\n|t:|1776729465\n|move|p1a: Matchapop|Rage Powder|p1a: Matchapop\n|-singleturn|p1a: Matchapop|move: Rage Powder\n|move|p2a: Aerodactyl|Dual Wingbeat|p1a: Matchapop\n|-supereffective|p1a: Matchapop|1\n|-damage|p1a: Matchapop|48/100\n|-supereffective|p1a: Matchapop|1\n|-damage|p1a: Matchapop|17/100\n|-hitcount|p1a: Matchapop|2\n|move|p2b: Garchomp|Earthquake|p1b: Brian|[spread] p1a,p1b\n|-immune|p2a: Aerodactyl\n|-resisted|p1a: Matchapop|1\n|-supereffective|p1b: Brian|1\n|-damage|p1a: Matchapop|0 fnt\n|-damage|p1b: Brian|28/100\n|faint|p1a: Matchapop\n|move|p1b: Brian|Trick Room|p1b: Brian\n|-fieldstart|move: Trick Room|[of] p1b: Brian\n|\n|-heal|p1b: Brian|34/100|[from] item: Leftovers\n|upkeep\n|\n|t:|1776729474\n|switch|p1a: Mr. Fist|Crabominable-Mega, L50, M, shiny|45/100\n|turn|5\n|\n|t:|1776729502\n|move|p1a: Mr. Fist|Protect|p1a: Mr. Fist\n|-singleturn|p1a: Mr. Fist|Protect\n|move|p2b: Garchomp|Protect|p2b: Garchomp\n|-singleturn|p2b: Garchomp|Protect\n|-prepare|p1b: Brian|Chilly Reception|[premajor]\n|move|p1b: Brian|Chilly Reception|p1b: Brian\n|-weather|Snowscape\n|\n|t:|1776729509\n|switch|p1b: Basalt|Aerodactyl, L50, M, shiny|100/100|[from] Chilly Reception\n|-ability|p1b: Basalt|Unnerve\n|move|p2a: Aerodactyl|Dual Wingbeat|p1a: Mr. Fist\n|-activate|p1a: Mr. Fist|move: Protect\n|\n|-weather|Snowscape|[upkeep]\n|upkeep\n|turn|6\n|\n|t:|1776729526\n|move|p1b: Basalt|Wide Guard|p1b: Basalt\n|-singleturn|p1b: Basalt|Wide Guard\n|move|p1a: Mr. Fist|Drain Punch|p2a: Aerodactyl\n|-damage|p2a: Aerodactyl|6/100\n|-heal|p1a: Mr. Fist|84/100|[from] drain|[of] p2a: Aerodactyl\n|move|p2b: Garchomp|Rock Slide|p1a: Mr. Fist|[spread] \n|-activate|p1a: Mr. Fist|move: Wide Guard\n|-activate|p1b: Basalt|move: Wide Guard\n|move|p2a: Aerodactyl|Dual Wingbeat|p1a: Mr. Fist\n|-supereffective|p1a: Mr. Fist|1\n|-damage|p1a: Mr. Fist|65/100\n|-supereffective|p1a: Mr. Fist|1\n|-damage|p1a: Mr. Fist|45/100\n|-hitcount|p1a: Mr. Fist|2\n|\n|-weather|Snowscape|[upkeep]\n|upkeep\n|turn|7\n|\n|t:|1776729548\n|switch|p2a: Charizard|Charizard, L50, M|100/100\n|move|p1a: Mr. Fist|Ice Hammer|p2b: Garchomp\n|-supereffective|p2b: Garchomp|2\n|-damage|p2b: Garchomp|0 fnt\n|-unboost|p1a: Mr. Fist|spe|1\n|-damage|p1a: Mr. Fist|33/100|[from] ability: Rough Skin|[of] p2b: Garchomp\n|faint|p2b: Garchomp\n|move|p1b: Basalt|Rock Slide|p2a: Charizard\n|-supereffective|p2a: Charizard|2\n|-damage|p2a: Charizard|0 fnt\n|faint|p2a: Charizard\n|\n|-weather|Snowscape|[upkeep]\n|upkeep\n|-message|OnlyaDerp forfeited.\n|\n|win|Azuremoon7\n|raw|Azuremoon7's rating: 1106 &rarr; <strong>1131</strong><br />(+25 for winning)\n|raw|OnlyaDerp's rating: 1109 &rarr; <strong>1084</strong><br />(-25 for losing)\n|l|\u2606OnlyaDerp\n|player|p2|\n",
  "uploadtime": 1776729559,
  "views": 10,
  "formatid": "gen9championsvgc2026regma",
  "rating": 1084,
  "private": 0,
  "password": null
}