{
  "id": "gen9championsvgc2026regma-2585678927",
  "format": "[Gen 9 Champions] VGC 2026 Reg M-A",
  "players": [
    "mo3az",
    "Bank19"
  ],
  "log": "|j|\u2606mo3az\n|j|\u2606Bank19\n|t:|1776363191\n|gametype|doubles\n|player|p1|mo3az|hilbert-wonderlauncher|1113\n|player|p2|Bank19|265|1132\n|gen|9\n|tier|[Gen 9 Champions] VGC 2026 Reg M-A\n|rated|\n|rule|Species Clause: Limit one of each Pok\u00e9mon\n|rule|Item Clause: Limit 1 of each item\n|clearpoke\n|poke|p1|Chesnaught, L50, M|\n|poke|p1|Empoleon, L50, M|\n|poke|p1|Chandelure, L50, M|\n|poke|p1|Tyranitar, L50, F|\n|poke|p1|Garchomp, L50, F|\n|poke|p1|Farigiraf, L50, M|\n|poke|p2|Gengar, L50, F|\n|poke|p2|Tyranitar, L50, F|\n|poke|p2|Excadrill, L50, M|\n|poke|p2|Sinistcha, L50|\n|poke|p2|Incineroar, L50, M|\n|poke|p2|Corviknight, L50, F|\n|teampreview|4\n|inactive|Battle timer is ON: inactive players will automatically lose when time's up. (requested by mo3az)\n|inactive|mo3az has 60 seconds left.\n|inactive|Bank19 has 60 seconds left.\n|\n|t:|1776363240\n|teamsize|p1|4\n|teamsize|p2|4\n|start\n|switch|p1a: Empoleon|Empoleon, L50, M|100/100\n|switch|p1b: Farigiraf|Farigiraf, L50, M|100/100\n|switch|p2a: Tyranitar|Tyranitar, L50, F|100/100\n|switch|p2b: Incineroar|Incineroar, L50, M|100/100\n|-weather|Sandstorm|[from] ability: Sand Stream|[of] p2a: Tyranitar\n|-ability|p2b: Incineroar|Intimidate|boost\n|-unboost|p1a: Empoleon|atk|1\n|-ability|p1a: Empoleon|Competitive|boost\n|-boost|p1a: Empoleon|spa|2\n|-unboost|p1b: Farigiraf|atk|1\n|turn|1\n|inactive|Bank19 has 30 seconds left.\n|\n|t:|1776363273\n|move|p2a: Tyranitar|Protect|p2a: Tyranitar\n|-singleturn|p2a: Tyranitar|Protect\n|move|p1a: Empoleon|Protect|p1a: Empoleon\n|-singleturn|p1a: Empoleon|Protect\n|move|p2b: Incineroar|Flare Blitz|p1a: Empoleon\n|-activate|p1a: Empoleon|move: Protect\n|move|p1b: Farigiraf|Trick Room|p1b: Farigiraf\n|-fieldstart|move: Trick Room|[of] p1b: Farigiraf\n|\n|-weather|Sandstorm|[upkeep]\n|-damage|p1b: Farigiraf|94/100|[from] Sandstorm\n|-damage|p2b: Incineroar|95/100|[from] Sandstorm\n|upkeep\n|turn|2\n|\n|t:|1776363294\n|switch|p2a: Sinistcha|Sinistcha, L50|100/100\n|-heal|p2b: Incineroar|100/100|[from] ability: Hospitality|[of] p2a: Sinistcha\n|move|p1a: Empoleon|Hydro Pump|p2b: Incineroar|[miss]\n|-miss|p1a: Empoleon|p2b: Incineroar\n|move|p1b: Farigiraf|Hyper Voice|p2a: Sinistcha|[spread] p2b\n|-immune|p2a: Sinistcha\n|-damage|p2b: Incineroar|75/100\n|move|p2b: Incineroar|Parting Shot|p1a: Empoleon\n|-unboost|p1a: Empoleon|atk|1\n|-ability|p1a: Empoleon|Competitive|boost\n|-boost|p1a: Empoleon|spa|2\n|-unboost|p1a: Empoleon|spa|1\n|-ability|p1a: Empoleon|Competitive|boost\n|-boost|p1a: Empoleon|spa|2\n|\n|t:|1776363314\n|switch|p2b: Excadrill|Excadrill, L50, M|100/100|[from] Parting Shot\n|\n|-weather|Sandstorm|[upkeep]\n|-damage|p1b: Farigiraf|88/100|[from] Sandstorm\n|-damage|p2a: Sinistcha|94/100|[from] Sandstorm\n|upkeep\n|turn|3\n|\n|t:|1776363332\n|move|p2a: Sinistcha|Rage Powder|p2a: Sinistcha\n|-singleturn|p2a: Sinistcha|move: Rage Powder\n|move|p1b: Farigiraf|Shadow Ball|p2a: Sinistcha\n|-supereffective|p2a: Sinistcha|1\n|-damage|p2a: Sinistcha|48/100\n|-enditem|p2a: Sinistcha|Sitrus Berry|[eat]\n|-heal|p2a: Sinistcha|73/100|[from] item: Sitrus Berry\n|move|p1a: Empoleon|Hydro Pump|p2a: Sinistcha\n|-resisted|p2a: Sinistcha|1\n|-damage|p2a: Sinistcha|0 fnt\n|faint|p2a: Sinistcha\n|move|p2b: Excadrill|Earthquake|p1a: Empoleon|[spread] p1a,p1b\n|-supereffective|p1a: Empoleon|1\n|-damage|p1a: Empoleon|6/100\n|-damage|p1b: Farigiraf|43/100\n|-enditem|p1a: Empoleon|Sitrus Berry|[eat]\n|-heal|p1a: Empoleon|31/100|[from] item: Sitrus Berry\n|\n|-weather|Sandstorm|[upkeep]\n|-damage|p1b: Farigiraf|37/100|[from] Sandstorm\n|upkeep\n|\n|t:|1776363355\n|switch|p2a: Incineroar|Incineroar, L50, M|75/100\n|-ability|p2a: Incineroar|Intimidate|boost\n|-unboost|p1a: Empoleon|atk|1\n|-ability|p1a: Empoleon|Competitive|boost\n|-boost|p1a: Empoleon|spa|1\n|-unboost|p1b: Farigiraf|atk|1\n|turn|4\n|\n|t:|1776363373\n|move|p2b: Excadrill|Protect|p2b: Excadrill\n|-singleturn|p2b: Excadrill|Protect\n|move|p1b: Farigiraf|Hyper Voice|p2a: Incineroar|[spread] p2a\n|-activate|p2b: Excadrill|move: Protect\n|-damage|p2a: Incineroar|49/100\n|move|p1a: Empoleon|Hydro Pump|p2b: Excadrill\n|-activate|p2b: Excadrill|move: Protect\n|move|p2a: Incineroar|Flare Blitz|p1a: Empoleon\n|-damage|p1a: Empoleon|0 fnt\n|faint|p1a: Empoleon\n|-damage|p2a: Incineroar|39/100|[from] Recoil\n|\n|-weather|Sandstorm|[upkeep]\n|-damage|p1b: Farigiraf|30/100|[from] Sandstorm\n|-damage|p2a: Incineroar|33/100|[from] Sandstorm\n|upkeep\n|\n|t:|1776363393\n|switch|p1a: Garchomp|Garchomp, L50, F|100/100\n|turn|5\n|\n|t:|1776363409\n|detailschange|p1a: Garchomp|Garchomp-Mega, L50, F\n|-mega|p1a: Garchomp|Garchomp|Garchompite\n|move|p2b: Excadrill|Protect|p2b: Excadrill\n|-singleturn|p2b: Excadrill|Protect\n|move|p1b: Farigiraf|Hyper Voice|p2b: Excadrill|[spread] p2a\n|-activate|p2b: Excadrill|move: Protect\n|-damage|p2a: Incineroar|6/100\n|move|p2a: Incineroar|Parting Shot|p1a: Garchomp\n|-unboost|p1a: Garchomp|atk|1\n|-unboost|p1a: Garchomp|spa|1\n|\n|t:|1776363419\n|switch|p2a: Tyranitar|Tyranitar, L50, F|100/100|[from] Parting Shot\n|move|p1a: Garchomp|Earthquake|p2a: Tyranitar|[spread] p1b,p2a\n|-activate|p2b: Excadrill|move: Protect\n|-supereffective|p2a: Tyranitar|1\n|-damage|p1b: Farigiraf|0 fnt\n|-damage|p2a: Tyranitar|25/100\n|faint|p1b: Farigiraf\n|\n|-weather|none\n|-fieldend|move: Trick Room\n|upkeep\n|\n|t:|1776363431\n|switch|p1b: Chesnaught|Chesnaught, L50, M|100/100\n|turn|6\n|\n|t:|1776363455\n|detailschange|p2a: Tyranitar|Tyranitar-Mega, L50, F\n|-mega|p2a: Tyranitar|Tyranitar|Tyranitarite\n|-weather|Sandstorm|[from] ability: Sand Stream|[of] p2a: Tyranitar\n|move|p2b: Excadrill|Iron Head|p1a: Garchomp\n|-damage|p1a: Garchomp|66/100\n|move|p1a: Garchomp|Earthquake|p2b: Excadrill|[spread] p1b,p2a,p2b\n|-resisted|p1b: Chesnaught|1\n|-supereffective|p2a: Tyranitar|1\n|-supereffective|p2b: Excadrill|1\n|-damage|p1b: Chesnaught|86/100\n|-damage|p2a: Tyranitar|0 fnt\n|-enditem|p2b: Excadrill|Focus Sash\n|-damage|p2b: Excadrill|1/100\n|faint|p2a: Tyranitar\n|move|p1b: Chesnaught|Body Press|p2b: Excadrill\n|-supereffective|p2b: Excadrill|1\n|-damage|p2b: Excadrill|0 fnt\n|faint|p2b: Excadrill\n|\n|-weather|Sandstorm|[upkeep]\n|-damage|p1b: Chesnaught|80/100|[from] Sandstorm\n|upkeep\n|inactive|Bank19 has 30 seconds left.\n|-message|Bank19 forfeited.\n|\n|win|mo3az\n|raw|mo3az's rating: 1113 &rarr; <strong>1139</strong><br />(+26 for winning)\n|raw|Bank19's rating: 1132 &rarr; <strong>1106</strong><br />(-26 for losing)\n|l|\u2606Bank19\n|player|p2|\n",
  "uploadtime": 1776363486,
  "views": 19,
  "formatid": "gen9championsvgc2026regma",
  "rating": 1106,
  "private": 0,
  "password": null
}