{
  "id": "gen9championsvgc2026regma-2580908068",
  "format": "[Gen 9 Champions] VGC 2026 Reg M-A",
  "players": [
    "idunnoagoodnam",
    "totaldestroy"
  ],
  "log": "|j|\u2606idunnoagoodnam\n|j|\u2606totaldestroy\n|t:|1775942379\n|gametype|doubles\n|player|p1|idunnoagoodnam|102|1040\n|player|p2|totaldestroy|veteran|1000\n|gen|9\n|tier|[Gen 9 Champions] VGC 2026 Reg M-A\n|rated|\n|rule|Species Clause: Limit one of each Pok\u00e9mon\n|rule|Item Clause: Limit 1 of each item\n|clearpoke\n|poke|p1|Glimmora, L50, F|\n|poke|p1|Whimsicott, L50, M|\n|poke|p1|Basculegion, L50, M|\n|poke|p1|Incineroar, L50, M|\n|poke|p1|Gallade, L50, M|\n|poke|p1|Floette-Eternal, L50, F|\n|poke|p2|Aegislash, L50, M|\n|poke|p2|Sinistcha, L50|\n|poke|p2|Pelipper, L50, M|\n|poke|p2|Meganium, L50, F|\n|poke|p2|Basculegion, L50, M|\n|poke|p2|Archaludon, L50, M|\n|teampreview|4\ntotaldestroy has agreed to open team sheets.\n|\n|t:|1775942414\n|teamsize|p1|4\n|teamsize|p2|4\n|start\n|switch|p1a: Whimsicott|Whimsicott, L50, M|100/100\n|switch|p1b: Basculegion|Basculegion, L50, M|100/100\n|switch|p2a: Aegislash|Aegislash, L50, M|100/100\n|switch|p2b: Sinistcha|Sinistcha, L50|100/100\n|turn|1\n|\n|t:|1775942442\n|move|p1a: Whimsicott|Tailwind|p1a: Whimsicott\n|-sidestart|p1: idunnoagoodnam|move: Tailwind\n|move|p1b: Basculegion|Flip Turn|p2a: Aegislash\n|-damage|p2a: Aegislash|68/100\n|\n|t:|1775942446\n|switch|p1b: Gallade|Gallade, L50, M, shiny|100/100|[from] Flip Turn\n|move|p2a: Aegislash|Swords Dance|p2a: Aegislash\n|-boost|p2a: Aegislash|atk|2\n|move|p2b: Sinistcha|Trick Room|p2b: Sinistcha\n|-fieldstart|move: Trick Room|[of] p2b: Sinistcha\n|\n|-heal|p2a: Aegislash|74/100|[from] item: Leftovers\n|upkeep\n|turn|2\n|\n|t:|1775942462\n|move|p1b: Gallade|Protect|p1b: Gallade\n|-singleturn|p1b: Gallade|Protect\n|move|p2b: Sinistcha|Rage Powder|p2b: Sinistcha\n|-singleturn|p2b: Sinistcha|move: Rage Powder\n|move|p1a: Whimsicott|Encore|p2b: Sinistcha\n|-start|p2b: Sinistcha|Encore\n|-enditem|p2b: Sinistcha|Mental Herb\n|-end|p2b: Sinistcha|Encore\n|-formechange|p2a: Aegislash|Aegislash-Blade|\n|move|p2a: Aegislash|Poltergeist|p1a: Whimsicott\n|-activate|p1a: Whimsicott|move: Poltergeist|Focus Sash\n|-enditem|p1a: Whimsicott|Focus Sash\n|-damage|p1a: Whimsicott|1/100\n|\n|-heal|p2a: Aegislash|80/100|[from] item: Leftovers\n|upkeep\n|turn|3\n|\n|t:|1775942482\n|move|p1a: Whimsicott|Protect|p1a: Whimsicott\n|-singleturn|p1a: Whimsicott|Protect\n|move|p2a: Aegislash|Poltergeist|p1b: Gallade\n|-activate|p1b: Gallade|move: Poltergeist|White Herb\n|-supereffective|p1b: Gallade|1\n|-damage|p1b: Gallade|0 fnt\n|faint|p1b: Gallade\n|move|p2b: Sinistcha|Life Dew||[still]|[spread] p2a,p2b\n|-heal|p2a: Aegislash|100/100\n|-fail|p2b: Sinistcha|heal\n|\n|upkeep\n|\n|t:|1775942511\n|switch|p1b: Floette|Floette-Eternal, L50, F|100/100\n|turn|4\n|\n|t:|1775942538\n|detailschange|p1b: Floette|Floette-Mega, L50, F\n|-mega|p1b: Floette|Floette|Floettite\n|-ability|p1b: Floette|Fairy Aura\n|move|p1b: Floette|Protect|p1b: Floette\n|-singleturn|p1b: Floette|Protect\n|move|p2b: Sinistcha|Rage Powder|p2b: Sinistcha\n|-singleturn|p2b: Sinistcha|move: Rage Powder\n|move|p1a: Whimsicott|Encore|p2b: Sinistcha\n|-start|p2b: Sinistcha|Encore\n|move|p2a: Aegislash|Poltergeist|p1b: Floette\n|-activate|p1b: Floette|move: Protect\n|\n|-sideend|p1: idunnoagoodnam|move: Tailwind\n|upkeep\n|turn|5\n|\n|t:|1775942563\n|switch|p2b: Meganium|Meganium, L50, F|100/100\n|switch|p1b: Basculegion|Basculegion, L50, M|100/100\n|-formechange|p2a: Aegislash|Aegislash|\n|move|p2a: Aegislash|King's Shield|p2a: Aegislash\n|-singleturn|p2a: Aegislash|Protect\n|move|p1a: Whimsicott|Tailwind|p1a: Whimsicott\n|-sidestart|p1: idunnoagoodnam|move: Tailwind\n|\n|-fieldend|move: Trick Room\n|upkeep\n|turn|6\n|\n|t:|1775942599\n|switch|p2a: Pelipper|Pelipper, L50, M|100/100\n|detailschange|p2b: Meganium|Meganium-Mega, L50, F\n|-mega|p2b: Meganium|Meganium|Meganiumite\n|move|p1a: Whimsicott|Encore||[still]\n|-fail|p1a: Whimsicott\n|move|p1b: Basculegion|Last Respects|p2b: Meganium\n|-damage|p2b: Meganium|45/100\n|move|p2b: Meganium|Solar Beam||[still]\n|-prepare|p2b: Meganium|Solar Beam\n|-activate|p2b: Meganium|ability: Mega Sol\n|-anim|p2b: Meganium|Solar Beam|p1b: Basculegion\n|-supereffective|p1b: Basculegion|1\n|-damage|p1b: Basculegion|0 fnt\n|faint|p1b: Basculegion\n|\n|upkeep\n|\n|t:|1775942608\n|switch|p1b: Floette|Floette-Mega, L50, F|100/100\n|-ability|p1b: Floette|Fairy Aura\n|turn|7\n|\n|t:|1775942626\n|move|p2b: Meganium|Protect|p2b: Meganium\n|-singleturn|p2b: Meganium|Protect\n|move|p1a: Whimsicott|Dazzling Gleam|p2b: Meganium|[spread] p2a\n|-activate|p2b: Meganium|move: Protect\n|-damage|p2a: Pelipper|64/100\n|move|p1b: Floette|Calm Mind|p1b: Floette\n|-boost|p1b: Floette|spa|1\n|-boost|p1b: Floette|spd|1\n|move|p2a: Pelipper|Tailwind|p2a: Pelipper\n|-sidestart|p2: totaldestroy|move: Tailwind\n|\n|upkeep\n|turn|8\n|c|\u2606totaldestroy|forgot to pick drizzle\n|\n|t:|1775942642\n|move|p1a: Whimsicott|Encore|p2b: Meganium\n|-start|p2b: Meganium|Encore\n|move|p2b: Meganium|Protect||[still]\n|-fail|p2b: Meganium\n|move|p1b: Floette|Dazzling Gleam|p2a: Pelipper|[spread] p2a,p2b\n|-damage|p2a: Pelipper|0 fnt\n|-damage|p2b: Meganium|0 fnt\n|faint|p2a: Pelipper\n|faint|p2b: Meganium\n|\n|-sideend|p1: idunnoagoodnam|move: Tailwind\n|upkeep\n|\n|t:|1775942651\n|switch|p2b: Sinistcha|Sinistcha, L50|100/100\n|switch|p2a: Aegislash|Aegislash, L50, M|100/100\n|turn|9\n|\n|t:|1775942668\n|move|p1b: Floette|Protect|p1b: Floette\n|-singleturn|p1b: Floette|Protect\n|move|p1a: Whimsicott|Dazzling Gleam|p2a: Aegislash|[spread] p2a,p2b\n|-resisted|p2a: Aegislash|1\n|-damage|p2a: Aegislash|92/100\n|-damage|p2b: Sinistcha|82/100\n|move|p2b: Sinistcha|Matcha Gotcha|p1a: Whimsicott|[spread] p1a\n|-activate|p1b: Floette|move: Protect\n|-resisted|p1a: Whimsicott|1\n|-damage|p1a: Whimsicott|0 fnt\n|-heal|p2b: Sinistcha|83/100|[from] drain|[of] p1a: Whimsicott\n|faint|p1a: Whimsicott\n|-formechange|p2a: Aegislash|Aegislash-Blade|\n|move|p2a: Aegislash|Poltergeist|p1b: Floette\n|-activate|p1b: Floette|move: Protect\n|\n|-heal|p2a: Aegislash|98/100|[from] item: Leftovers\n|upkeep\n|turn|10\n|\n|t:|1775942688\n|-formechange|p2a: Aegislash|Aegislash|\n|move|p2a: Aegislash|King's Shield|p2a: Aegislash\n|-singleturn|p2a: Aegislash|Protect\n|move|p1b: Floette|Moonblast|p2b: Sinistcha\n|-damage|p2b: Sinistcha|0 fnt\n|faint|p2b: Sinistcha\n|\n|-heal|p2a: Aegislash|100/100|[from] item: Leftovers\n|-sideend|p2: totaldestroy|move: Tailwind\n|upkeep\n|turn|11\n|\n|t:|1775942706\n|move|p1b: Floette|Protect|p1b: Floette\n|-singleturn|p1b: Floette|Protect\n|-formechange|p2a: Aegislash|Aegislash-Blade|\n|move|p2a: Aegislash|Poltergeist|p1b: Floette\n|-activate|p1b: Floette|move: Protect\n|\n|upkeep\n|turn|12\n|\n|t:|1775942712\n|move|p1b: Floette|Moonblast|p2a: Aegislash\n|-resisted|p2a: Aegislash|1\n|-damage|p2a: Aegislash|8/100\n|move|p2a: Aegislash|Poltergeist|p1b: Floette\n|-activate|p1b: Floette|move: Poltergeist|Floettite\n|-damage|p1b: Floette|7/100\n|\n|-heal|p2a: Aegislash|14/100|[from] item: Leftovers\n|upkeep\n|turn|13\n|\n|t:|1775942720\n|move|p1b: Floette|Protect|p1b: Floette\n|-singleturn|p1b: Floette|Protect\n|-formechange|p2a: Aegislash|Aegislash|\n|move|p2a: Aegislash|King's Shield||[still]\n|-fail|p2a: Aegislash\n|\n|-heal|p2a: Aegislash|20/100|[from] item: Leftovers\n|upkeep\n|turn|14\n|\n|t:|1775942725\n|move|p1b: Floette|Moonblast|p2a: Aegislash\n|-resisted|p2a: Aegislash|1\n|-damage|p2a: Aegislash|0 fnt\n|faint|p2a: Aegislash\n|\n|win|idunnoagoodnam\n|raw|idunnoagoodnam's rating: 1040 &rarr; <strong>1070</strong><br />(+30 for winning)\n|raw|totaldestroy's rating: 1000 &rarr; <strong>1000</strong><br />(+0 for losing)\n|l|\u2606totaldestroy\n|player|p2|\n",
  "uploadtime": 1775942729,
  "views": 17,
  "formatid": "gen9championsvgc2026regma",
  "rating": 1000,
  "private": 0,
  "password": null
}