{
  "id": "gen9championsvgc2026regma-2586687518",
  "format": "[Gen 9 Champions] VGC 2026 Reg M-A",
  "players": [
    "weiner-man228",
    "Cowloonie"
  ],
  "log": "|j|\u2606weiner-man228\n|j|\u2606Cowloonie\n|t:|1776452235\n|gametype|doubles\n|player|p1|weiner-man228|unknown|1053\n|player|p2|Cowloonie|169|1000\n|gen|9\n|tier|[Gen 9 Champions] VGC 2026 Reg M-A\n|rated|\n|rule|Species Clause: Limit one of each Pok\u00e9mon\n|rule|Item Clause: Limit 1 of each item\n|clearpoke\n|poke|p1|Oranguru, L50, M|\n|poke|p1|Crabominable, L50, M|\n|poke|p1|Skeledirge, L50, M|\n|poke|p1|Sinistcha, L50|\n|poke|p1|Orthworm, L50, F|\n|poke|p1|Clefable, L50, F|\n|poke|p2|Scizor, L50, M|\n|poke|p2|Glimmora, L50, F|\n|poke|p2|Weavile, L50, F|\n|poke|p2|Whimsicott, L50, M|\n|poke|p2|Tauros-Paldea-Aqua, L50, M|\n|poke|p2|Salazzle, L50, F|\n|teampreview|4\n|inactive|Battle timer is ON: inactive players will automatically lose when time's up. (requested by weiner-man228)\nweiner-man228 rejected open team sheets.\n|inactive|Cowloonie has 60 seconds left.\n|\n|t:|1776452297\n|teamsize|p1|4\n|teamsize|p2|4\n|start\n|switch|p1a: Oranguru|Oranguru, L50, M, shiny|100/100\n|switch|p1b: Orthworm|Orthworm, L50, F, shiny|100/100\n|switch|p2a: Tauros|Tauros-Paldea-Aqua, L50, M|100/100\n|switch|p2b: Weavile|Weavile, L50, F|100/100\n|-ability|p2a: Tauros|Intimidate|boost\n|-unboost|p1a: Oranguru|atk|1\n|-unboost|p1b: Orthworm|atk|1\n|turn|1\n|inactive|Cowloonie has 30 seconds left.\n|inactive|Cowloonie has 20 seconds left.\n|inactive|Cowloonie has 15 seconds left.\n|inactive|Cowloonie has 10 seconds left.\n|\n|t:|1776452342\n|move|p1a: Oranguru|Protect|p1a: Oranguru\n|-singleturn|p1a: Oranguru|Protect\n|move|p2b: Weavile|Fake Out|p1a: Oranguru\n|-activate|p1a: Oranguru|move: Protect\n|move|p2a: Tauros|Close Combat|p1b: Orthworm\n|-supereffective|p1b: Orthworm|1\n|-enditem|p1b: Orthworm|Chople Berry|[eat]\n|-enditem|p1b: Orthworm|Chople Berry|[weaken]\n|-damage|p1b: Orthworm|67/100\n|-unboost|p2a: Tauros|def|1\n|-unboost|p2a: Tauros|spd|1\n|move|p1b: Orthworm|Heavy Slam|p2b: Weavile\n|-supereffective|p2b: Weavile|1\n|-damage|p2b: Weavile|20/100\n|\n|upkeep\n|turn|2\n|inactive|Cowloonie has 30 seconds left.\n|inactive|Cowloonie has 20 seconds left.\n|inactive|Cowloonie has 15 seconds left.\n|inactive|Cowloonie has 10 seconds left.\n|inactive|Cowloonie has 5 seconds left.\n|\n|t:|1776452394\n|switch|p1b: Skeledirge|Skeledirge, L50, M|100/100\n|move|p2b: Weavile|Brick Break|p1b: Skeledirge\n|-immune|p1b: Skeledirge\n|move|p2a: Tauros|Close Combat|p1b: Skeledirge\n|-immune|p1b: Skeledirge\n|move|p1a: Oranguru|Trick Room|p1a: Oranguru\n|-fieldstart|move: Trick Room|[of] p1a: Oranguru\n|\n|upkeep\n|turn|3\n|inactive|Cowloonie has 30 seconds left.\n|inactive|weiner-man228 has 30 seconds left.\n|inactive|Cowloonie has 20 seconds left.\n|inactive|Cowloonie has 15 seconds left.\n|inactive|Cowloonie has 10 seconds left.\n|inactive|Cowloonie has 5 seconds left.\n|\n|t:|1776452448\n|switch|p2b: Glimmora|Glimmora, L50, F|100/100\n|move|p2a: Tauros|Aqua Jet|p1b: Skeledirge\n|-supereffective|p1b: Skeledirge|1\n|-damage|p1b: Skeledirge|69/100\n|move|p1b: Skeledirge|Torch Song|p2a: Tauros\n|-resisted|p2a: Tauros|1\n|-damage|p2a: Tauros|64/100\n|-boost|p1b: Skeledirge|spa|1\n|move|p1a: Oranguru|Instruct|p1b: Skeledirge\n|-singleturn|p1b: Skeledirge|move: Instruct|[of] p1a: Oranguru\n|move|p1b: Skeledirge|Torch Song|p2a: Tauros\n|-resisted|p2a: Tauros|1\n|-damage|p2a: Tauros|4/100\n|-boost|p1b: Skeledirge|spa|1\n|\n|upkeep\n|turn|4\n|inactive|weiner-man228 has 30 seconds left.\n|inactive|Cowloonie has 30 seconds left.\n|inactive|Cowloonie has 20 seconds left.\n|inactive|Cowloonie has 15 seconds left.\n|inactive|Cowloonie has 10 seconds left.\n|inactive|Cowloonie has 5 seconds left.\n|\n|t:|1776452501\n|detailschange|p2b: Glimmora|Glimmora-Mega, L50, F\n|-mega|p2b: Glimmora|Glimmora|Glimmoranite\n|move|p1b: Skeledirge|Heat Wave|p2a: Tauros|[spread] p2a,p2b\n|-resisted|p2a: Tauros|1\n|-crit|p2a: Tauros\n|-resisted|p2b: Glimmora|1\n|-damage|p2a: Tauros|0 fnt\n|-damage|p2b: Glimmora|51/100\n|faint|p2a: Tauros\n|move|p1a: Oranguru|Psychic|p2b: Glimmora\n|-supereffective|p2b: Glimmora|1\n|-damage|p2b: Glimmora|0 fnt\n|faint|p2b: Glimmora\n|\n|upkeep\n|\n|t:|1776452512\n|switch|p2a: Whimsicott|Whimsicott, L50, M|100/100\n|switch|p2b: Weavile|Weavile, L50, F|20/100\n|turn|5\n|inactive|Cowloonie has 30 seconds left.\n|\n|t:|1776452546\n|move|p2a: Whimsicott|Protect|p2a: Whimsicott\n|-singleturn|p2a: Whimsicott|Protect\n|move|p1a: Oranguru|Protect|p1a: Oranguru\n|-singleturn|p1a: Oranguru|Protect\n|move|p2b: Weavile|Fake Out|p1a: Oranguru\n|-activate|p1a: Oranguru|move: Protect\n|move|p1b: Skeledirge|Torch Song|p2b: Weavile\n|-supereffective|p2b: Weavile|1\n|-damage|p2b: Weavile|0 fnt\n|-boost|p1b: Skeledirge|spa|1\n|faint|p2b: Weavile\n|\n|upkeep\n|turn|6\n|\n|t:|1776452564\n|move|p2a: Whimsicott|Helping Hand|p2: Weavile|[notarget]\n|-fail|p2a: Whimsicott\n|move|p1b: Skeledirge|Torch Song|p2a: Whimsicott\n|-supereffective|p2a: Whimsicott|1\n|-enditem|p2a: Whimsicott|Focus Sash\n|-damage|p2a: Whimsicott|1/100\n|-boost|p1b: Skeledirge|spa|1\n|move|p1a: Oranguru|Instruct|p1b: Skeledirge\n|-singleturn|p1b: Skeledirge|move: Instruct|[of] p1a: Oranguru\n|move|p1b: Skeledirge|Torch Song|p2a: Whimsicott\n|-supereffective|p2a: Whimsicott|1\n|-damage|p2a: Whimsicott|0 fnt\n|-boost|p1b: Skeledirge|spa|1\n|faint|p2a: Whimsicott\n|\n|win|weiner-man228\n|raw|weiner-man228's rating: 1053 &rarr; <strong>1080</strong><br />(+27 for winning)\n|raw|Cowloonie's rating: 1000 &rarr; <strong>1000</strong><br />(+0 for losing)\n|l|\u2606Cowloonie\n|player|p2|\n",
  "uploadtime": 1776452585,
  "views": 28,
  "formatid": "gen9championsvgc2026regma",
  "rating": 1000,
  "private": 0,
  "password": null
}