{
  "id": "gen9championsvgc2026regma-2583481943",
  "format": "[Gen 9 Champions] VGC 2026 Reg M-A",
  "players": [
    "dhyn964",
    "ZeroPops"
  ],
  "log": "|j|\u2606dhyn964\n|j|\u2606ZeroPops\n|t:|1776178435\n|gametype|doubles\n|player|p1|dhyn964|gamer-gen3|1136\n|player|p2|ZeroPops|1|1209\n|gen|9\n|tier|[Gen 9 Champions] VGC 2026 Reg M-A\n|rated|\n|rule|Species Clause: Limit one of each Pok\u00e9mon\n|rule|Item Clause: Limit 1 of each item\n|clearpoke\n|poke|p1|Zoroark-Hisui, L50, F|\n|poke|p1|Froslass, L50, F|\n|poke|p1|Whimsicott, L50, M|\n|poke|p1|Incineroar, L50, M|\n|poke|p1|Kingambit, L50, M|\n|poke|p1|Bellibolt, L50, M|\n|poke|p2|Floette-Eternal, L50, F|\n|poke|p2|Aerodactyl, L50, F|\n|poke|p2|Sneasler, L50, M|\n|poke|p2|Incineroar, L50, F|\n|poke|p2|Kingambit, L50, M|\n|poke|p2|Basculegion, L50, M|\n|teampreview|4\n|inactive|Battle timer is ON: inactive players will automatically lose when time's up. (requested by dhyn964)\n|inactive|dhyn964 has 60 seconds left.\n|inactive|ZeroPops has 60 seconds left.\n|\n|t:|1776178468\n|teamsize|p1|4\n|teamsize|p2|4\n|start\n|switch|p1a: Froslass|Froslass, L50, F|100/100\n|switch|p1b: Whimsicott|Whimsicott, L50, M|100/100\n|switch|p2a: Aerodactyl|Aerodactyl, L50, F|100/100\n|switch|p2b: Incineroar|Incineroar, L50, F|100/100\n|-ability|p2a: Aerodactyl|Unnerve\n|-ability|p2b: Incineroar|Intimidate|boost\n|-unboost|p1a: Froslass|atk|1\n|-unboost|p1b: Whimsicott|atk|1\n|turn|1\n|inactive|dhyn964 has 30 seconds left.\n|\n|t:|1776178495\n|move|p2b: Incineroar|Fake Out|p1b: Whimsicott\n|-damage|p1b: Whimsicott|86/100\n|cant|p1b: Whimsicott|flinch\n|move|p2a: Aerodactyl|Dual Wingbeat|p1b: Whimsicott\n|-supereffective|p1b: Whimsicott|1\n|-damage|p1b: Whimsicott|46/100\n|-supereffective|p1b: Whimsicott|1\n|-damage|p1b: Whimsicott|9/100\n|-hitcount|p1b: Whimsicott|2\n|move|p1a: Froslass|Hyper Voice|p2b: Incineroar|[spread] p2a,p2b\n|-resisted|p2a: Aerodactyl|1\n|-damage|p2a: Aerodactyl|78/100\n|-damage|p2b: Incineroar|67/100\n|\n|upkeep\n|turn|2\n|\n|t:|1776178515\n|move|p1b: Whimsicott|Tailwind|p1b: Whimsicott\n|-sidestart|p1: dhyn964|move: Tailwind\n|move|p1a: Froslass|Icy Wind|p2a: Aerodactyl|[spread] p2a,p2b\n|-supereffective|p2a: Aerodactyl|1\n|-resisted|p2b: Incineroar|1\n|-damage|p2a: Aerodactyl|40/100\n|-damage|p2b: Incineroar|61/100\n|-unboost|p2a: Aerodactyl|spe|1\n|-unboost|p2b: Incineroar|spe|1\n|move|p2a: Aerodactyl|Tailwind|p2a: Aerodactyl\n|-sidestart|p2: ZeroPops|move: Tailwind\n|move|p2b: Incineroar|Throat Chop|p1a: Froslass\n|-supereffective|p1a: Froslass|1\n|-enditem|p1a: Froslass|Focus Sash\n|-damage|p1a: Froslass|1/100\n|-start|p1a: Froslass|Throat Chop|[silent]\n|replace|p1a: Zoroark|Zoroark-Hisui, L50, F\n|-end|p1a: Zoroark|Illusion\n|\n|upkeep\n|turn|3\n|inactive|ZeroPops has 30 seconds left.\n|\n|t:|1776178547\n|move|p1b: Whimsicott|Fake Tears|p2a: Aerodactyl\n|-unboost|p2a: Aerodactyl|spd|2\n|move|p1a: Zoroark|Icy Wind|p2a: Aerodactyl|[spread] p2a,p2b\n|-supereffective|p2a: Aerodactyl|1\n|-resisted|p2b: Incineroar|1\n|-damage|p2a: Aerodactyl|0 fnt\n|-damage|p2b: Incineroar|55/100\n|-unboost|p2b: Incineroar|spe|1\n|faint|p2a: Aerodactyl\n|move|p2b: Incineroar|Throat Chop|p1a: Zoroark\n|-supereffective|p1a: Zoroark|1\n|-damage|p1a: Zoroark|0 fnt\n|faint|p1a: Zoroark\n|\n|upkeep\n|\n|t:|1776178562\n|switch|p2a: Sneasler|Sneasler, L50, M|100/100\n|switch|p1a: Froslass|Froslass, L50, F|100/100\n|turn|4\n|inactive|ZeroPops has 30 seconds left.\n|\n|t:|1776178589\n|detailschange|p1a: Froslass|Froslass-Mega, L50, F\n|-mega|p1a: Froslass|Froslass|Froslassite\n|-weather|Snowscape|[from] ability: Snow Warning|[of] p1a: Froslass\n|move|p2a: Sneasler|Fake Out|p1b: Whimsicott\n|-damage|p1b: Whimsicott|0 fnt\n|faint|p1b: Whimsicott\n|move|p1a: Froslass|Aurora Veil|p1a: Froslass\n|-sidestart|p1: dhyn964|move: Aurora Veil\n|move|p2b: Incineroar|Flare Blitz|p1a: Froslass\n|-supereffective|p1a: Froslass|1\n|-damage|p1a: Froslass|12/100\n|-damage|p2b: Incineroar|33/100|[from] Recoil\n|\n|-weather|Snowscape|[upkeep]\n|upkeep\n|\n|t:|1776178599\n|switch|p1b: Bellibolt|Bellibolt, L50, M, shiny|100/100\n|turn|5\n|\n|t:|1776178605\n|move|p2a: Sneasler|Dire Claw|p1a: Froslass\n|-resisted|p1a: Froslass|1\n|-damage|p1a: Froslass|0 fnt\n|faint|p1a: Froslass\n|move|p1b: Bellibolt|Parabolic Charge|p2a: Sneasler|[spread] p2a,p2b\n|-damage|p2a: Sneasler|69/100\n|-damage|p2b: Incineroar|12/100\n|move|p2b: Incineroar|Parting Shot|p1b: Bellibolt\n|-unboost|p1b: Bellibolt|atk|1\n|-unboost|p1b: Bellibolt|spa|1\n|\n|t:|1776178614\n|switch|p2b: Floette|Floette-Eternal, L50, F|100/100|[from] Parting Shot\n|\n|-weather|Snowscape|[upkeep]\n|-sideend|p1: dhyn964|move: Tailwind\n|-sideend|p2: ZeroPops|move: Tailwind\n|upkeep\n|turn|6\n|\n|t:|1776178622\n|detailschange|p2b: Floette|Floette-Mega, L50, F\n|-mega|p2b: Floette|Floette|Floettite\n|-ability|p2b: Floette|Fairy Aura\n|move|p2a: Sneasler|Dire Claw|p1b: Bellibolt\n|-damage|p1b: Bellibolt|77/100\n|-start|p1b: Bellibolt|Charge|Dire Claw|[from] ability: Electromorphosis\n|move|p2b: Floette|Calm Mind|p2b: Floette\n|-boost|p2b: Floette|spa|1\n|-boost|p2b: Floette|spd|1\n|move|p1b: Bellibolt|Parabolic Charge|p2a: Sneasler|[spread] p2a,p2b\n|-damage|p2a: Sneasler|23/100\n|-heal|p1b: Bellibolt|94/100|[from] drain|[of] p2a: Sneasler\n|-damage|p2b: Floette|87/100\n|-heal|p1b: Bellibolt|99/100|[from] drain|[of] p2b: Floette\n|-end|p1b: Bellibolt|Charge|[silent]\n|\n|-weather|Snowscape|[upkeep]\n|upkeep\n|turn|7\n|\n|t:|1776178644\n|move|p2a: Sneasler|Dire Claw|p1b: Bellibolt\n|-damage|p1b: Bellibolt|75/100\n|-start|p1b: Bellibolt|Charge|Dire Claw|[from] ability: Electromorphosis\n|move|p2b: Floette|Calm Mind|p2b: Floette\n|-boost|p2b: Floette|spa|1\n|-boost|p2b: Floette|spd|1\n|move|p1b: Bellibolt|Muddy Water|p2a: Sneasler|[spread] p2a,p2b\n|-damage|p2a: Sneasler|5/100\n|-damage|p2b: Floette|81/100\n|-unboost|p2a: Sneasler|accuracy|1\n|-enditem|p2a: Sneasler|White Herb\n|-clearnegativeboost|p2a: Sneasler|[silent]\n|\n|-weather|Snowscape|[upkeep]\n|upkeep\n|turn|8\n|\n|t:|1776178656\n|move|p2a: Sneasler|Dire Claw|p1b: Bellibolt\n|-damage|p1b: Bellibolt|49/100\n|-start|p1b: Bellibolt|Charge|Dire Claw|[from] ability: Electromorphosis\n|-enditem|p1b: Bellibolt|Sitrus Berry|[eat]\n|-heal|p1b: Bellibolt|74/100|[from] item: Sitrus Berry\n|move|p2b: Floette|Calm Mind|p2b: Floette\n|-boost|p2b: Floette|spa|1\n|-boost|p2b: Floette|spd|1\n|move|p1b: Bellibolt|Muddy Water|p2b: Floette|[spread] p2a,p2b\n|-damage|p2a: Sneasler|0 fnt\n|-damage|p2b: Floette|77/100\n|faint|p2a: Sneasler\n|\n|-weather|none\n|-sideend|p1: dhyn964|move: Aurora Veil\n|upkeep\n|l|\u2606dhyn964\n|inactive|dhyn964 disconnected and has a minute to reconnect!\n|player|p1|\n|inactive|ZeroPops has 30 seconds left.\n|j|\u2606dhyn964\n|inactive|dhyn964 reconnected.\n|player|p1|dhyn964|gamer-gen3|\n|\n|t:|1776178686\n|switch|p2a: Incineroar|Incineroar, L50, F|12/100\n|-ability|p2a: Incineroar|Intimidate|boost\n|-unboost|p1b: Bellibolt|atk|1\n|turn|9\n|\n|t:|1776178692\n|move|p2a: Incineroar|Fake Out|p1b: Bellibolt\n|-damage|p1b: Bellibolt|63/100\n|-start|p1b: Bellibolt|Charge|Fake Out|[from] ability: Electromorphosis\n|move|p2b: Floette|Moonblast|p1b: Bellibolt\n|-damage|p1b: Bellibolt|0 fnt\n|faint|p1b: Bellibolt\n|\n|win|ZeroPops\n|raw|dhyn964's rating: 1136 &rarr; <strong>1116</strong><br />(-20 for losing)\n|raw|ZeroPops's rating: 1209 &rarr; <strong>1229</strong><br />(+20 for winning)\n|l|\u2606dhyn964\n|player|p1|\n",
  "uploadtime": 1776178704,
  "views": 69,
  "formatid": "gen9championsvgc2026regma",
  "rating": 1116,
  "private": 0,
  "password": null
}