{
  "id": "gen9championsvgc2026regma-2582731067",
  "format": "[Gen 9 Champions] VGC 2026 Reg M-A",
  "players": [
    "kfdjejehnd",
    "sahirigeto"
  ],
  "log": "|j|\u2606kfdjejehnd\n|j|\u2606sahirigeto\n|t:|1776110200\n|gametype|doubles\n|player|p1|kfdjejehnd|169|1051\n|player|p2|sahirigeto|blue|1000\n|gen|9\n|tier|[Gen 9 Champions] VGC 2026 Reg M-A\n|rated|\n|rule|Species Clause: Limit one of each Pok\u00e9mon\n|rule|Item Clause: Limit 1 of each item\n|clearpoke\n|poke|p1|Altaria, L50, M|\n|poke|p1|Starmie, L50|\n|poke|p1|Sneasler, L50, F|\n|poke|p1|Kingambit, L50, M|\n|poke|p1|Arcanine-Hisui, L50, M|\n|poke|p1|Rotom-Mow, L50|\n|poke|p2|Archaludon, L50, F|\n|poke|p2|Sinistcha, L50|\n|poke|p2|Alakazam, L50, M|\n|poke|p2|Pelipper, L50, M|\n|poke|p2|Whimsicott, L50, M|\n|poke|p2|Conkeldurr, L50, M|\n|teampreview|4\nsahirigeto rejected open team sheets.\n|inactive|Battle timer is ON: inactive players will automatically lose when time's up. (requested by sahirigeto)\n|\n|t:|1776110229\n|teamsize|p1|4\n|teamsize|p2|4\n|start\n|switch|p1a: Altaria|Altaria, L50, M|100/100\n|switch|p1b: Arcanine|Arcanine-Hisui, L50, M|100/100\n|switch|p2a: Alakazam|Alakazam, L50, M|100/100\n|switch|p2b: Conkeldurr|Conkeldurr, L50, M|100/100\n|-ability|p1a: Altaria|Cloud Nine\n|turn|1\n|\n|t:|1776110251\n|switch|p1b: Starmie|Starmie, L50|100/100\n|move|p2a: Alakazam|Speed Swap|p2b: Conkeldurr\n|-activate|p2a: Alakazam|move: Speed Swap|[of] p2b: Conkeldurr\n|move|p2b: Conkeldurr|Bulk Up|p2b: Conkeldurr\n|-boost|p2b: Conkeldurr|atk|1\n|-boost|p2b: Conkeldurr|def|1\n|move|p1a: Altaria|Breaking Swipe|p2a: Alakazam|[spread] p2a,p2b\n|-crit|p2b: Conkeldurr\n|-damage|p2a: Alakazam|70/100\n|-damage|p2b: Conkeldurr|84/100\n|-unboost|p2a: Alakazam|atk|1\n|-unboost|p2b: Conkeldurr|atk|1\n|\n|upkeep\n|turn|2\n|\n|t:|1776110275\n|switch|p2a: Pelipper|Pelipper, L50, M|100/100\n|-weather|RainDance|[from] ability: Drizzle|[of] p2a: Pelipper\n|detailschange|p1b: Starmie|Starmie-Mega, L50\n|-mega|p1b: Starmie|Starmie|Starminite\n|move|p2b: Conkeldurr|Rock Slide|p1b: Starmie|[spread] p1a,p1b\n|-supereffective|p1a: Altaria|1\n|-damage|p1a: Altaria|51/100\n|-damage|p1b: Starmie|71/100\n|move|p1b: Starmie|Psycho Cut|p2b: Conkeldurr\n|-supereffective|p2b: Conkeldurr|1\n|-damage|p2b: Conkeldurr|10/100\n|move|p1a: Altaria|Breaking Swipe|p2a: Pelipper|[spread] p2a,p2b\n|-damage|p2a: Pelipper|89/100\n|-damage|p2b: Conkeldurr|3/100\n|-unboost|p2a: Pelipper|atk|1\n|-unboost|p2b: Conkeldurr|atk|1\n|\n|-weather|RainDance|[upkeep]\n|upkeep\n|turn|3\n|inactive|kfdjejehnd has 30 seconds left.\n|inactive|sahirigeto has 30 seconds left.\n|\n|t:|1776110308\n|switch|p2b: Archaludon|Archaludon, L50, F|100/100\n|move|p1b: Starmie|Flip Turn|p2a: Pelipper\n|-resisted|p2a: Pelipper|1\n|-damage|p2a: Pelipper|65/100\n|\n|t:|1776110317\n|switch|p1b: Arcanine|Arcanine-Hisui, L50, M|100/100|[from] Flip Turn\n|move|p1a: Altaria|Breaking Swipe|p2a: Pelipper|[spread] p2a,p2b\n|-damage|p2a: Pelipper|53/100\n|-damage|p2b: Archaludon|93/100\n|-unboost|p2a: Pelipper|atk|1\n|-unboost|p2b: Archaludon|atk|1\n|-ability|p2b: Archaludon|Stamina|boost\n|-boost|p2b: Archaludon|def|1\n|move|p2a: Pelipper|Tailwind|p2a: Pelipper\n|-sidestart|p2: sahirigeto|move: Tailwind\n|\n|-weather|RainDance|[upkeep]\n|upkeep\n|turn|4\n|\n|t:|1776110339\n|switch|p2a: Alakazam|Alakazam, L50, M|70/100\n|move|p1a: Altaria|Protect|p1a: Altaria\n|-singleturn|p1a: Altaria|Protect\n|move|p1b: Arcanine|Close Combat|p2b: Archaludon\n|-supereffective|p2b: Archaludon|1\n|-damage|p2b: Archaludon|52/100\n|-unboost|p1b: Arcanine|def|1\n|-unboost|p1b: Arcanine|spd|1\n|-ability|p2b: Archaludon|Stamina|boost\n|-boost|p2b: Archaludon|def|1\n|move|p2b: Archaludon|Flash Cannon|p1a: Altaria\n|-activate|p1a: Altaria|move: Protect\n|\n|-weather|RainDance|[upkeep]\n|upkeep\n|turn|5\n|\n|t:|1776110361\n|switch|p1a: Kingambit|Kingambit, L50, M|100/100\n|move|p2a: Alakazam|Dazzling Gleam|p1b: Arcanine|[spread] p1a,p1b\n|-resisted|p1b: Arcanine|1\n|-damage|p1a: Kingambit|78/100\n|-damage|p1b: Arcanine|80/100\n|move|p1b: Arcanine|Close Combat|p2b: Archaludon\n|-supereffective|p2b: Archaludon|1\n|-damage|p2b: Archaludon|20/100\n|-unboost|p1b: Arcanine|def|1\n|-unboost|p1b: Arcanine|spd|1\n|-ability|p2b: Archaludon|Stamina|boost\n|-boost|p2b: Archaludon|def|1\n|move|p2b: Archaludon|Flash Cannon|p1b: Arcanine\n|-damage|p1b: Arcanine|0 fnt\n|faint|p1b: Arcanine\n|\n|-weather|RainDance|[upkeep]\n|upkeep\n|\n|t:|1776110380\n|switch|p1b: Starmie|Starmie-Mega, L50|71/100\n|turn|6\n|\n|t:|1776110392\n|move|p1a: Kingambit|Sucker Punch|p2b: Archaludon\n|-damage|p2b: Archaludon|7/100\n|-ability|p2b: Archaludon|Stamina|boost\n|-boost|p2b: Archaludon|def|1\n|move|p2a: Alakazam|Dazzling Gleam|p1b: Starmie|[spread] p1a,p1b\n|-damage|p1a: Kingambit|58/100\n|-damage|p1b: Starmie|45/100\n|move|p2b: Archaludon|Electro Shot||[still]\n|-prepare|p2b: Archaludon|Electro Shot\n|-boost|p2b: Archaludon|spa|1\n|-anim|p2b: Archaludon|Electro Shot|p1b: Starmie\n|-supereffective|p1b: Starmie|1\n|-damage|p1b: Starmie|0 fnt\n|faint|p1b: Starmie\n|\n|-weather|none\n|-sideend|p2: sahirigeto|move: Tailwind\n|upkeep\n|\n|t:|1776110405\n|switch|p1b: Altaria|Altaria, L50, M|51/100\n|-ability|p1b: Altaria|Cloud Nine\n|turn|7\n|\n|t:|1776110416\n|move|p1a: Kingambit|Sucker Punch|p2b: Archaludon\n|-damage|p2b: Archaludon|0 fnt\n|faint|p2b: Archaludon\n|move|p2a: Alakazam|Dazzling Gleam|p1a: Kingambit|[spread] p1a,p1b\n|-supereffective|p1b: Altaria|1\n|-damage|p1a: Kingambit|37/100\n|-damage|p1b: Altaria|21/100\n|move|p1b: Altaria|Breaking Swipe|p2a: Alakazam\n|-damage|p2a: Alakazam|33/100\n|-unboost|p2a: Alakazam|atk|1\n|\n|upkeep\n|\n|t:|1776110426\n|switch|p2b: Pelipper|Pelipper, L50, M|53/100\n|-weather|RainDance|[from] ability: Drizzle|[of] p2b: Pelipper\n|turn|8\n|\n|t:|1776110441\n|move|p1a: Kingambit|Sucker Punch|p2a: Alakazam\n|-supereffective|p2a: Alakazam|1\n|-damage|p2a: Alakazam|0 fnt\n|faint|p2a: Alakazam\n|move|p1b: Altaria|Breaking Swipe|p2b: Pelipper\n|-damage|p2b: Pelipper|37/100\n|-unboost|p2b: Pelipper|atk|1\n|move|p2b: Pelipper|Tailwind|p2b: Pelipper\n|-sidestart|p2: sahirigeto|move: Tailwind\n|\n|-weather|RainDance|[upkeep]\n|upkeep\n|\n|t:|1776110451\n|switch|p2a: Conkeldurr|Conkeldurr, L50, M|3/100\n|turn|9\n|\n|t:|1776110463\n|move|p1a: Kingambit|Sucker Punch|p2a: Conkeldurr\n|-resisted|p2a: Conkeldurr|1\n|-damage|p2a: Conkeldurr|0 fnt\n|faint|p2a: Conkeldurr\n|move|p2b: Pelipper|Hurricane|p1b: Altaria|[miss]\n|-miss|p2b: Pelipper|p1b: Altaria\n|move|p1b: Altaria|Breaking Swipe|p2b: Pelipper\n|-damage|p2b: Pelipper|22/100\n|-unboost|p2b: Pelipper|atk|1\n|\n|-weather|RainDance|[upkeep]\n|upkeep\n|turn|10\n|\n|t:|1776110479\n|move|p1a: Kingambit|Sucker Punch|p2b: Pelipper\n|-damage|p2b: Pelipper|0 fnt\n|faint|p2b: Pelipper\n|\n|win|kfdjejehnd\n|raw|kfdjejehnd's rating: 1051 &rarr; <strong>1079</strong><br />(+28 for winning)\n|raw|sahirigeto's rating: 1000 &rarr; <strong>1000</strong><br />(+0 for losing)\n|l|\u2606sahirigeto\n|player|p2|\n",
  "uploadtime": 1776110485,
  "views": 25,
  "formatid": "gen9championsvgc2026regma",
  "rating": 1000,
  "private": 0,
  "password": null
}