{
  "id": "gen9championsvgc2026regma-2587911604",
  "format": "[Gen 9 Champions] VGC 2026 Reg M-A",
  "players": [
    "juqiantangnang",
    "Lechonkbro"
  ],
  "log": "|j|\u2606juqiantangnang\n|j|\u2606Lechonkbro\n|t:|1776577990\n|gametype|doubles\n|player|p1|juqiantangnang|cynthia|1216\n|player|p2|Lechonkbro|170|1247\n|gen|9\n|tier|[Gen 9 Champions] VGC 2026 Reg M-A\n|rated|\n|rule|Species Clause: Limit one of each Pok\u00e9mon\n|rule|Item Clause: Limit 1 of each item\n|clearpoke\n|poke|p1|Scizor, L50, F|\n|poke|p1|Sinistcha, L50|\n|poke|p1|Tyranitar, L50, F|\n|poke|p1|Gallade, L50, M|\n|poke|p1|Incineroar, L50, F|\n|poke|p1|Rotom-Wash, L50|\n|poke|p2|Sneasler, L50, F|\n|poke|p2|Sinistcha, L50|\n|poke|p2|Scovillain, L50, F|\n|poke|p2|Kingambit, L50, F|\n|poke|p2|Rotom-Wash, L50|\n|poke|p2|Sableye, L50, M|\n|teampreview|4\n|inactive|Battle timer is ON: inactive players will automatically lose when time's up. (requested by juqiantangnang)\n|\n|t:|1776578017\n|teamsize|p1|4\n|teamsize|p2|4\n|start\n|switch|p1a: Incineroar|Incineroar, L50, F|100/100\n|switch|p1b: Rotom|Rotom-Wash, L50|100/100\n|switch|p2a: Sableye|Sableye, L50, M|100/100\n|switch|p2b: Scovillain|Scovillain, L50, F|100/100\n|-ability|p1a: Incineroar|Intimidate|boost\n|-unboost|p2a: Sableye|atk|1\n|-unboost|p2b: Scovillain|atk|1\n|turn|1\n|\n|t:|1776578041\n|detailschange|p2b: Scovillain|Scovillain-Mega, L50, F\n|-mega|p2b: Scovillain|Scovillain|Scovillainite\n|move|p1b: Rotom|Hydro Pump|p2a: Sableye\n|-damage|p2a: Sableye|19/100\n|move|p2b: Scovillain|Leech Seed|p1b: Rotom\n|-start|p1b: Rotom|move: Leech Seed\n|move|p1a: Incineroar|Flare Blitz|p2b: Scovillain\n|-damage|p2b: Scovillain|54/100\n|-immune|p1a: Incineroar\n|-damage|p1a: Incineroar|88/100|[from] Recoil\n|move|p2a: Sableye|Foul Play|p1b: Rotom\n|-damage|p1b: Rotom|72/100\n|\n|-damage|p1b: Rotom|60/100|[from] Leech Seed|[of] p2b: Scovillain\n|-heal|p2b: Scovillain|63/100|[silent]\n|upkeep\n|turn|2\n|l|\u2606juqiantangnang\n|inactive|juqiantangnang disconnected and has a minute to reconnect!\n|player|p1|\n|inactive|juqiantangnang has 30 seconds left.\n|inactive|Lechonkbro has 30 seconds left.\n|inactive|juqiantangnang has 20 seconds left.\n|j|\u2606juqiantangnang\n|inactive|juqiantangnang reconnected and has 20 seconds left.\n|player|p1|juqiantangnang|cynthia|\n|inactive|juqiantangnang has 15 seconds left.\n|inactive|juqiantangnang has 10 seconds left.\n|\n|t:|1776578090\n|switch|p2a: Sinistcha|Sinistcha, L50|100/100\n|-heal|p2b: Scovillain|88/100|[from] ability: Hospitality|[of] p2a: Sinistcha\n|move|p1b: Rotom|Thunderbolt|p2a: Sinistcha\n|-resisted|p2a: Sinistcha|1\n|-damage|p2a: Sinistcha|79/100\n|move|p2b: Scovillain|Leech Seed|p1a: Incineroar\n|-start|p1a: Incineroar|move: Leech Seed\n|move|p1a: Incineroar|Flare Blitz|p2b: Scovillain\n|-damage|p2b: Scovillain|37/100\n|-immune|p1a: Incineroar\n|-damage|p1a: Incineroar|73/100|[from] Recoil\n|\n|-damage|p1b: Rotom|48/100|[from] Leech Seed|[of] p2b: Scovillain\n|-heal|p2b: Scovillain|46/100|[silent]\n|-damage|p1a: Incineroar|61/100|[from] Leech Seed|[of] p2b: Scovillain\n|-heal|p2b: Scovillain|60/100|[silent]\n|upkeep\n|turn|3\n|\n|t:|1776578115\n|switch|p2a: Rotom|Rotom-Wash, L50|100/100\n|move|p2b: Scovillain|Protect|p2b: Scovillain\n|-singleturn|p2b: Scovillain|Protect\n|move|p1b: Rotom|Pain Split|p2b: Scovillain\n|-activate|p2b: Scovillain|move: Protect\n|move|p1a: Incineroar|Flare Blitz|p2a: Rotom\n|-resisted|p2a: Rotom|1\n|-damage|p2a: Rotom|77/100\n|-damage|p1a: Incineroar|55/100|[from] Recoil\n|\n|-heal|p2a: Rotom|83/100|[from] item: Leftovers\n|-damage|p1b: Rotom|36/100|[from] Leech Seed|[of] p2b: Scovillain\n|-heal|p2b: Scovillain|69/100|[silent]\n|-damage|p1a: Incineroar|42/100|[from] Leech Seed|[of] p2b: Scovillain\n|-heal|p2b: Scovillain|84/100|[silent]\n|upkeep\n|-enditem|p1a: Incineroar|Sitrus Berry|[eat]\n|-heal|p1a: Incineroar|67/100|[from] item: Sitrus Berry\n|turn|4\n|inactive|Lechonkbro has 30 seconds left.\n|inactive|Lechonkbro has 20 seconds left.\n|\n|t:|1776578154\n|move|p2a: Rotom|Hydro Pump|p1a: Incineroar|[miss]\n|-miss|p2a: Rotom|p1a: Incineroar\n|move|p1b: Rotom|Pain Split|p2a: Rotom\n|-sethp|p2a: Rotom|55/100|[from] move: Pain Split|[silent]\n|-sethp|p1b: Rotom|69/100|[from] move: Pain Split\n|move|p2b: Scovillain|Flamethrower|p1b: Rotom\n|-resisted|p1b: Rotom|1\n|-damage|p1b: Rotom|45/100\n|move|p1a: Incineroar|Parting Shot|p2b: Scovillain\n|-unboost|p2b: Scovillain|atk|1\n|-unboost|p2b: Scovillain|spa|1\n|\n|t:|1776578173\n|switch|p1a: Tyranitar|Tyranitar, L50, F|100/100|[from] Parting Shot\n|-weather|Sandstorm|[from] ability: Sand Stream|[of] p1a: Tyranitar\n|\n|-weather|Sandstorm|[upkeep]\n|-damage|p2a: Rotom|50/100|[from] Sandstorm\n|-damage|p1b: Rotom|40/100|[from] Sandstorm\n|-damage|p2b: Scovillain|78/100|[from] Sandstorm\n|-heal|p2a: Rotom|55/100|[from] item: Leftovers\n|-damage|p1b: Rotom|28/100|[from] Leech Seed|[of] p2b: Scovillain\n|-heal|p2b: Scovillain|86/100|[silent]\n|upkeep\n|turn|5\n|\n|t:|1776578187\n|move|p2a: Rotom|Will-O-Wisp|p1a: Tyranitar\n|-status|p1a: Tyranitar|brn\n|move|p1b: Rotom|Pain Split|p2a: Rotom\n|-sethp|p2a: Rotom|39/100|[from] move: Pain Split|[silent]\n|-sethp|p1b: Rotom|48/100|[from] move: Pain Split\n|move|p2b: Scovillain|Leech Seed|p1a: Tyranitar\n|-start|p1a: Tyranitar|move: Leech Seed\n|move|p1a: Tyranitar|Rock Slide|p2a: Rotom|[spread] p2b\n|-miss|p1a: Tyranitar|p2a: Rotom\n|-supereffective|p2b: Scovillain|1\n|-damage|p2b: Scovillain|56/100\n|\n|-weather|Sandstorm|[upkeep]\n|-damage|p2a: Rotom|33/100|[from] Sandstorm\n|-damage|p1b: Rotom|43/100|[from] Sandstorm\n|-damage|p2b: Scovillain|50/100|[from] Sandstorm\n|-heal|p2a: Rotom|39/100|[from] item: Leftovers\n|-damage|p1b: Rotom|31/100|[from] Leech Seed|[of] p2b: Scovillain\n|-heal|p2b: Scovillain|59/100|[silent]\n|-damage|p1a: Tyranitar|88/100 brn|[from] Leech Seed|[of] p2b: Scovillain\n|-heal|p2b: Scovillain|72/100|[silent]\n|-damage|p1a: Tyranitar|82/100 brn|[from] brn\n|upkeep\n|turn|6\n|inactive|Lechonkbro has 30 seconds left.\n|\n|t:|1776578219\n|switch|p2a: Sinistcha|Sinistcha, L50|79/100\n|-heal|p2b: Scovillain|96/100|[from] ability: Hospitality|[of] p2a: Sinistcha\n|detailschange|p1a: Tyranitar|Tyranitar-Mega, L50, F\n|-mega|p1a: Tyranitar|Tyranitar|Tyranitarite\n|move|p2b: Scovillain|Protect|p2b: Scovillain\n|-singleturn|p2b: Scovillain|Protect\n|move|p1b: Rotom|Pain Split|p2b: Scovillain\n|-activate|p2b: Scovillain|move: Protect\n|move|p1a: Tyranitar|Rock Slide|p2a: Sinistcha|[spread] p2a\n|-activate|p2b: Scovillain|move: Protect\n|-damage|p2a: Sinistcha|62/100\n|\n|-weather|Sandstorm|[upkeep]\n|-damage|p1b: Rotom|25/100|[from] Sandstorm\n|-damage|p2b: Scovillain|91/100|[from] Sandstorm\n|-damage|p2a: Sinistcha|56/100|[from] Sandstorm\n|-damage|p1b: Rotom|13/100|[from] Leech Seed|[of] p2b: Scovillain\n|-heal|p2b: Scovillain|99/100|[silent]\n|-damage|p1a: Tyranitar|69/100 brn|[from] Leech Seed|[of] p2b: Scovillain\n|-heal|p2b: Scovillain|100/100|[silent]\n|-damage|p1a: Tyranitar|63/100 brn|[from] brn\n|upkeep\n|turn|7\n|inactive|Lechonkbro has 30 seconds left.\n|\n|t:|1776578250\n|switch|p1b: Incineroar|Incineroar, L50, F|67/100\n|-ability|p1b: Incineroar|Intimidate|boost\n|-unboost|p2a: Sinistcha|atk|1\n|-unboost|p2b: Scovillain|atk|1\n|move|p2a: Sinistcha|Rage Powder|p2a: Sinistcha\n|-singleturn|p2a: Sinistcha|move: Rage Powder\n|move|p1a: Tyranitar|Rock Slide|p2b: Scovillain|[spread] p2a,p2b\n|-supereffective|p2b: Scovillain|1\n|-crit|p2b: Scovillain\n|-damage|p2a: Sinistcha|39/100\n|-damage|p2b: Scovillain|39/100\n|-enditem|p2a: Sinistcha|Sitrus Berry|[eat]\n|-heal|p2a: Sinistcha|64/100|[from] item: Sitrus Berry\n|move|p2b: Scovillain|Flamethrower|p1b: Incineroar\n|-resisted|p1b: Incineroar|1\n|-damage|p1b: Incineroar|55/100\n|\n|-weather|Sandstorm|[upkeep]\n|-damage|p2b: Scovillain|33/100|[from] Sandstorm\n|-damage|p2a: Sinistcha|58/100|[from] Sandstorm\n|-damage|p1b: Incineroar|49/100|[from] Sandstorm\n|-damage|p1a: Tyranitar|51/100 brn|[from] Leech Seed|[of] p2b: Scovillain\n|-heal|p2b: Scovillain|46/100|[silent]\n|-damage|p1a: Tyranitar|45/100 brn|[from] brn\n|upkeep\n|turn|8\n|\n|t:|1776578273\n|move|p2b: Scovillain|Protect|p2b: Scovillain\n|-singleturn|p2b: Scovillain|Protect\n|move|p1a: Tyranitar|Rock Slide|p2b: Scovillain|[spread] p2a\n|-activate|p2b: Scovillain|move: Protect\n|-damage|p2a: Sinistcha|40/100\n|move|p2a: Sinistcha|Life Dew|p2a: Sinistcha|[spread] p2a,p2b\n|-heal|p2a: Sinistcha|66/100\n|-heal|p2b: Scovillain|71/100\n|move|p1b: Incineroar|Throat Chop|p2a: Sinistcha\n|-supereffective|p2a: Sinistcha|1\n|-damage|p2a: Sinistcha|14/100\n|-start|p2a: Sinistcha|Throat Chop|[silent]\n|\n|-weather|none\n|-damage|p1a: Tyranitar|32/100 brn|[from] Leech Seed|[of] p2b: Scovillain\n|-heal|p2b: Scovillain|84/100|[silent]\n|-damage|p1a: Tyranitar|26/100 brn|[from] brn\n|upkeep\n|turn|9\n|\n|t:|1776578295\n|switch|p1a: Rotom|Rotom-Wash, L50|13/100\n|move|p2b: Scovillain|Leech Seed|p1b: Incineroar\n|-start|p1b: Incineroar|move: Leech Seed\n|move|p2a: Sinistcha|Life Dew|p2a: Sinistcha|[spread] p2a,p2b\n|-heal|p2a: Sinistcha|39/100\n|-heal|p2b: Scovillain|100/100\n|move|p1b: Incineroar|Throat Chop|p2a: Sinistcha\n|-supereffective|p2a: Sinistcha|1\n|-damage|p2a: Sinistcha|0 fnt\n|faint|p2a: Sinistcha\n|\n|-damage|p1b: Incineroar|37/100|[from] Leech Seed|[of] p2b: Scovillain\n|upkeep\n|\n|t:|1776578312\n|switch|p2a: Rotom|Rotom-Wash, L50|39/100\n|turn|10\n|\n|t:|1776578318\n|move|p2b: Scovillain|Protect|p2b: Scovillain\n|-singleturn|p2b: Scovillain|Protect\n|move|p2a: Rotom|Thunderbolt|p1a: Rotom\n|-damage|p1a: Rotom|0 fnt\n|faint|p1a: Rotom\n|move|p1b: Incineroar|Parting Shot|p2a: Rotom\n|-unboost|p2a: Rotom|atk|1\n|-unboost|p2a: Rotom|spa|1\n|\n|t:|1776578321\n|switch|p1b: Tyranitar|Tyranitar-Mega, L50, F|26/100 brn|[from] Parting Shot\n|-weather|Sandstorm|[from] ability: Sand Stream|[of] p1b: Tyranitar\n|\n|-weather|Sandstorm|[upkeep]\n|-damage|p2a: Rotom|33/100|[from] Sandstorm\n|-damage|p2b: Scovillain|95/100|[from] Sandstorm\n|-heal|p2a: Rotom|39/100|[from] item: Leftovers\n|-damage|p1b: Tyranitar|20/100 brn|[from] brn\n|upkeep\n|\n|t:|1776578327\n|switch|p1a: Gallade|Gallade, L50, M|100/100\n|turn|11\n|\n|t:|1776578345\n|move|p1a: Gallade|Sacred Sword|p2a: Rotom\n|-damage|p2a: Rotom|0 fnt\n|faint|p2a: Rotom\n|move|p1b: Tyranitar|Rock Slide|p2b: Scovillain|[miss]\n|-miss|p1b: Tyranitar|p2b: Scovillain\n|move|p2b: Scovillain|Leech Seed|p1a: Gallade\n|-start|p1a: Gallade|move: Leech Seed\n|\n|-weather|Sandstorm|[upkeep]\n|-damage|p1a: Gallade|95/100|[from] Sandstorm\n|-damage|p2b: Scovillain|89/100|[from] Sandstorm\n|-damage|p1a: Gallade|83/100|[from] Leech Seed|[of] p2b: Scovillain\n|-heal|p2b: Scovillain|99/100|[silent]\n|-damage|p1b: Tyranitar|13/100 brn|[from] brn\n|upkeep\n|\n|t:|1776578361\n|switch|p2a: Sableye|Sableye, L50, M|19/100\n|turn|12\n|\n|t:|1776578376\n|switch|p1a: Incineroar|Incineroar, L50, F|37/100\n|-ability|p1a: Incineroar|Intimidate|boost\n|-unboost|p2a: Sableye|atk|1\n|-unboost|p2b: Scovillain|atk|1\n|move|p2a: Sableye|Rain Dance|p2a: Sableye\n|-weather|RainDance\n|move|p1b: Tyranitar|Rock Slide|p2b: Scovillain|[spread] p2a,p2b\n|-supereffective|p2b: Scovillain|1\n|-damage|p2a: Sableye|0 fnt\n|-damage|p2b: Scovillain|58/100\n|faint|p2a: Sableye\n|move|p2b: Scovillain|Leech Seed|p1b: Tyranitar\n|-start|p1b: Tyranitar|move: Leech Seed\n|\n|-weather|RainDance|[upkeep]\n|-damage|p1b: Tyranitar|1/100 brn|[from] Leech Seed|[of] p2b: Scovillain\n|-heal|p2b: Scovillain|71/100|[silent]\n|-damage|p1b: Tyranitar|0 fnt|[from] brn\n|faint|p1b: Tyranitar\n|upkeep\n|l|\u2606juqiantangnang\n|inactive|juqiantangnang disconnected and has a minute to reconnect!\n|player|p1|\n|inactive|juqiantangnang has 30 seconds left.\n|inactive|juqiantangnang has 20 seconds left.\n|inactive|juqiantangnang has 15 seconds left.\n|j|\u2606juqiantangnang\n|inactive|juqiantangnang reconnected and has 15 seconds left.\n|player|p1|juqiantangnang|cynthia|\n|inactive|juqiantangnang has 10 seconds left.\n|\n|t:|1776578422\n|switch|p1b: Gallade|Gallade, L50, M|83/100\n|turn|13\n|\n|t:|1776578435\n|move|p2b: Scovillain|Protect|p2b: Scovillain\n|-singleturn|p2b: Scovillain|Protect\n|move|p1b: Gallade|Sacred Sword|p2b: Scovillain\n|-activate|p2b: Scovillain|move: Protect\n|move|p1a: Incineroar|Throat Chop|p2b: Scovillain\n|-activate|p2b: Scovillain|move: Protect\n|\n|-weather|RainDance|[upkeep]\n|upkeep\n|turn|14\n|\n|t:|1776578447\n|move|p1b: Gallade|Sacred Sword|p2b: Scovillain\n|-damage|p2b: Scovillain|0 fnt\n|-status|p1b: Gallade|brn|[from] ability: Spicy Spray|[of] p2b: Scovillain\n|faint|p2b: Scovillain\n|\n|win|juqiantangnang\n|raw|juqiantangnang's rating: 1216 &rarr; <strong>1243</strong><br />(+27 for winning)\n|raw|Lechonkbro's rating: 1247 &rarr; <strong>1220</strong><br />(-27 for losing)\n|l|\u2606Lechonkbro\n|player|p2|\n",
  "uploadtime": 1776578451,
  "views": 14,
  "formatid": "gen9championsvgc2026regma",
  "rating": 1220,
  "private": 0,
  "password": null
}