{
  "id": "gen9championsvgc2026regma-2586638451",
  "format": "[Gen 9 Champions] VGC 2026 Reg M-A",
  "players": [
    "IsaacB Ballsack",
    "Roly B"
  ],
  "log": "|j|\u2606IsaacB Ballsack\n|j|\u2606Roly B\n|t:|1776448617\n|gametype|doubles\n|player|p1|IsaacB Ballsack|li|1058\n|player|p2|Roly B|hilbert|1000\n|gen|9\n|tier|[Gen 9 Champions] VGC 2026 Reg M-A\n|rated|\n|rule|Species Clause: Limit one of each Pok\u00e9mon\n|rule|Item Clause: Limit 1 of each item\n|clearpoke\n|poke|p1|Aggron, L50, M|\n|poke|p1|Vivillon, L50, F|\n|poke|p1|Quaquaval, L50, M|\n|poke|p1|Arcanine, L50, M|\n|poke|p1|Meowscarada, L50, F|\n|poke|p1|Clawitzer, L50, F|\n|poke|p2|Kingambit, L50, F|\n|poke|p2|Glalie, L50, M|\n|poke|p2|Maushold, L50|\n|poke|p2|Starmie, L50|\n|poke|p2|Talonflame, L50, M|\n|poke|p2|Hawlucha, L50, M|\n|teampreview|4\n|inactive|Battle timer is ON: inactive players will automatically lose when time's up. (requested by IsaacB Ballsack)\n|j| Tosshii\n|inactive|IsaacB Ballsack has 60 seconds left.\n|inactive|Roly B has 60 seconds left.\n|\n|t:|1776448663\n|teamsize|p1|4\n|teamsize|p2|4\n|start\n|switch|p1a: Aggron|Aggron, L50, M|100/100\n|switch|p1b: Vivillon|Vivillon, L50, F|100/100\n|switch|p2a: Talonflame|Talonflame, L50, M|100/100\n|switch|p2b: Hawlucha|Hawlucha, L50, M|100/100\n|turn|1\n|inactive|Roly B has 30 seconds left.\n|inactive|Roly B has 20 seconds left.\n|\n|t:|1776448701\n|detailschange|p1a: Aggron|Aggron-Mega, L50, M\n|-mega|p1a: Aggron|Aggron|Aggronite\n|move|p2a: Talonflame|Flare Blitz|p1b: Vivillon\n|-supereffective|p1b: Vivillon|1\n|-enditem|p1b: Vivillon|Focus Sash\n|-damage|p1b: Vivillon|1/100\n|-status|p1b: Vivillon|brn\n|-damage|p2a: Talonflame|68/100|[from] Recoil\n|move|p2b: Hawlucha|Poison Jab|p1b: Vivillon\n|-damage|p1b: Vivillon|0 fnt\n|faint|p1b: Vivillon\n|move|p1a: Aggron|Rock Slide|p2a: Talonflame|[spread] p2a,p2b\n|-supereffective|p2a: Talonflame|2\n|-damage|p2a: Talonflame|0 fnt\n|-damage|p2b: Hawlucha|78/100\n|faint|p2a: Talonflame\n|\n|upkeep\n|\n|t:|1776448724\n|switch|p2a: Starmie|Starmie, L50|100/100\n|switch|p1b: Arcanine|Arcanine, L50, M|100/100\n|-ability|p1b: Arcanine|Intimidate|boost\n|-unboost|p2a: Starmie|atk|1\n|-unboost|p2b: Hawlucha|atk|1\n|turn|2\n|inactive|IsaacB Ballsack has 30 seconds left.\n|inactive|Roly B has 30 seconds left.\n|inactive|Roly B has 20 seconds left.\n|inactive|Roly B has 15 seconds left.\n|inactive|Roly B has 10 seconds left.\n|\n|t:|1776448774\n|detailschange|p2a: Starmie|Starmie-Mega, L50\n|-mega|p2a: Starmie|Starmie|Starminite\n|move|p2a: Starmie|Waterfall|p1b: Arcanine\n|-supereffective|p1b: Arcanine|1\n|-damage|p1b: Arcanine|0 fnt\n|faint|p1b: Arcanine\n|move|p2b: Hawlucha|Flying Press|p1a: Aggron\n|-damage|p1a: Aggron|86/100\n|move|p1a: Aggron|Iron Defense|p1a: Aggron\n|-boost|p1a: Aggron|def|2\n|\n|upkeep\n|\n|t:|1776448784\n|switch|p1b: Clawitzer|Clawitzer, L50, F|100/100\n|turn|3\n|\n|t:|1776448801\n|switch|p2a: Glalie|Glalie, L50, M|100/100\n|move|p1b: Clawitzer|Protect|p1b: Clawitzer\n|-singleturn|p1b: Clawitzer|Protect\n|move|p2b: Hawlucha|Lunge|p1a: Aggron\n|-resisted|p1a: Aggron|1\n|-damage|p1a: Aggron|85/100\n|-unboost|p1a: Aggron|atk|1\n|move|p1a: Aggron|Body Press|p2a: Glalie\n|-supereffective|p2a: Glalie|1\n|-damage|p2a: Glalie|0 fnt\n|faint|p2a: Glalie\n|\n|upkeep\n|\n|t:|1776448813\n|switch|p2a: Starmie|Starmie-Mega, L50|100/100\n|turn|4\n|\n|t:|1776448833\n|move|p2a: Starmie|Psycho Cut|p1b: Clawitzer\n|-damage|p1b: Clawitzer|24/100\n|move|p2b: Hawlucha|Lunge|p1a: Aggron\n|-resisted|p1a: Aggron|1\n|-damage|p1a: Aggron|83/100\n|-unboost|p1a: Aggron|atk|1\n|move|p1b: Clawitzer|Water Pulse|p2b: Hawlucha\n|-damage|p2b: Hawlucha|27/100\n|-enditem|p2b: Hawlucha|Sitrus Berry|[eat]\n|-heal|p2b: Hawlucha|51/100|[from] item: Sitrus Berry\n|move|p1a: Aggron|Iron Defense|p1a: Aggron\n|-boost|p1a: Aggron|def|2\n|\n|-heal|p1b: Clawitzer|30/100|[from] item: Leftovers\n|upkeep\n|turn|5\n|inactive|IsaacB Ballsack has 30 seconds left.\n|inactive|Roly B has 30 seconds left.\n|\n|t:|1776448864\n|move|p2a: Starmie|Protect|p2a: Starmie\n|-singleturn|p2a: Starmie|Protect\n|move|p2b: Hawlucha|Flying Press|p1b: Clawitzer\n|-damage|p1b: Clawitzer|0 fnt\n|faint|p1b: Clawitzer\n|move|p1a: Aggron|Body Press|p2a: Starmie\n|-activate|p2a: Starmie|move: Protect\n|\n|upkeep\n|turn|6\n|inactive|IsaacB Ballsack has 30 seconds left.\n|inactive|IsaacB Ballsack has 20 seconds left.\n|\n|t:|1776448902\n|move|p2b: Hawlucha|Flying Press|p1a: Aggron\n|-damage|p1a: Aggron|78/100\n|move|p2a: Starmie|Waterfall|p1a: Aggron\n|-damage|p1a: Aggron|64/100\n|move|p1a: Aggron|Iron Defense|p1a: Aggron\n|-boost|p1a: Aggron|def|2\n|\n|upkeep\n|turn|7\n|\n|t:|1776448915\n|move|p2a: Starmie|Protect|p2a: Starmie\n|-singleturn|p2a: Starmie|Protect\n|move|p2b: Hawlucha|Lunge|p1a: Aggron\n|-resisted|p1a: Aggron|1\n|-damage|p1a: Aggron|63/100\n|-unboost|p1a: Aggron|atk|1\n|move|p1a: Aggron|Body Press|p2a: Starmie\n|-activate|p2a: Starmie|move: Protect\n|\n|upkeep\n|turn|8\n|inactive|Roly B has 30 seconds left.\n|inactive|Roly B has 20 seconds left.\n|inactive|Roly B has 15 seconds left.\n|inactive|Roly B has 10 seconds left.\n|\n|t:|1776448961\n|move|p2b: Hawlucha|Lunge|p1a: Aggron\n|-resisted|p1a: Aggron|1\n|-damage|p1a: Aggron|62/100\n|-unboost|p1a: Aggron|atk|1\n|move|p2a: Starmie|Waterfall|p1a: Aggron\n|-damage|p1a: Aggron|53/100\n|cant|p1a: Aggron|flinch\n|\n|upkeep\n|turn|9\n|\n|t:|1776448976\n|move|p2a: Starmie|Protect|p2a: Starmie\n|-singleturn|p2a: Starmie|Protect\n|move|p2b: Hawlucha|Lunge|p1a: Aggron\n|-resisted|p1a: Aggron|1\n|-damage|p1a: Aggron|52/100\n|-unboost|p1a: Aggron|atk|1\n|move|p1a: Aggron|Body Press|p2b: Hawlucha\n|-resisted|p2b: Hawlucha|1\n|-damage|p2b: Hawlucha|0 fnt\n|faint|p2b: Hawlucha\n|\n|upkeep\n|turn|10\n|\n|t:|1776448999\n|move|p2a: Starmie|Waterfall|p1a: Aggron\n|-damage|p1a: Aggron|43/100\n|move|p1a: Aggron|Body Press|p2a: Starmie\n|-resisted|p2a: Starmie|1\n|-damage|p2a: Starmie|10/100\n|\n|upkeep\n|turn|11\n|\n|t:|1776449008\n|move|p2a: Starmie|Waterfall|p1a: Aggron\n|-damage|p1a: Aggron|34/100\n|move|p1a: Aggron|Body Press|p2a: Starmie\n|-resisted|p2a: Starmie|1\n|-damage|p2a: Starmie|0 fnt\n|faint|p2a: Starmie\n|\n|win|IsaacB Ballsack\n|raw|IsaacB Ballsack's rating: 1058 &rarr; <strong>1084</strong><br />(+26 for winning)\n|raw|Roly B's rating: 1000 &rarr; <strong>1000</strong><br />(+0 for losing)\n|l|\u2606Roly B\n|player|p2|\n",
  "uploadtime": 1776449017,
  "views": 30,
  "formatid": "gen9championsvgc2026regma",
  "rating": 1000,
  "private": 0,
  "password": null
}