{
  "id": "gen9championsvgc2026regma-2582554297",
  "format": "[Gen 9 Champions] VGC 2026 Reg M-A",
  "players": [
    "Lv3FrostMage",
    "Pojqengpojen"
  ],
  "log": "|j|\u2606Lv3FrostMage\n|j|\u203dPojqengpojen\n|t:|1776099029\n|gametype|doubles\n|player|p1|Lv3FrostMage|cynthia-gen4|1000\n|player|p2|Pojqengpojen|101|1041\n|gen|9\n|tier|[Gen 9 Champions] VGC 2026 Reg M-A\n|rated|\n|rule|Species Clause: Limit one of each Pok\u00e9mon\n|rule|Item Clause: Limit 1 of each item\n|clearpoke\n|poke|p1|Aerodactyl, L50, F|\n|poke|p1|Basculegion, L50, M|\n|poke|p1|Sneasler, L50, M|\n|poke|p1|Floette-Eternal, L50, F|\n|poke|p1|Maushold-Four, L50|\n|poke|p1|Kingambit, L50, F|\n|poke|p2|Tyranitar, L50, M|\n|poke|p2|Garchomp, L50, M|\n|poke|p2|Excadrill, L50, F|\n|poke|p2|Rotom-Wash, L50|\n|poke|p2|Sinistcha, L50|\n|poke|p2|Corviknight, L50, M|\n|teampreview|4\n|inactive|Battle timer is ON: inactive players will automatically lose when time's up. (requested by Pojqengpojen)\n|\n|t:|1776099058\n|teamsize|p1|4\n|teamsize|p2|4\n|start\n|switch|p1a: Basculegion|Basculegion, L50, M|100/100\n|switch|p1b: Sneasler|Sneasler, L50, M|100/100\n|switch|p2a: Corviknight|Corviknight, L50, M|100/100\n|switch|p2b: Rotom|Rotom-Wash, L50|100/100\n|-ability|p2a: Corviknight|Unnerve\n|turn|1\n|inactive|Lv3FrostMage has 30 seconds left.\n|inactive|Lv3FrostMage has 20 seconds left.\n|\n|t:|1776099094\n|move|p1b: Sneasler|Fake Out|p2b: Rotom\n|-damage|p2b: Rotom|83/100\n|move|p1a: Basculegion|Flip Turn|p2a: Corviknight\n|-damage|p2a: Corviknight|67/100\n|\n|t:|1776099107\n|switch|p1a: Floette|Floette-Eternal, L50, F|100/100|[from] Flip Turn\n|cant|p2b: Rotom|flinch\n|move|p2a: Corviknight|Tailwind|p2a: Corviknight\n|-sidestart|p2: Pojqengpojen|move: Tailwind\n|\n|upkeep\n|turn|2\n|\n|t:|1776099120\n|move|p1a: Floette|Protect|p1a: Floette\n|-singleturn|p1a: Floette|Protect\n|move|p2b: Rotom|Will-O-Wisp|p1b: Sneasler\n|-status|p1b: Sneasler|brn\n|move|p1b: Sneasler|Close Combat|p2a: Corviknight\n|-damage|p2a: Corviknight|42/100\n|-unboost|p1b: Sneasler|def|1\n|-unboost|p1b: Sneasler|spd|1\n|-enditem|p1b: Sneasler|White Herb\n|-clearnegativeboost|p1b: Sneasler|[silent]\n|move|p2a: Corviknight|Iron Head|p1a: Floette\n|-activate|p1a: Floette|move: Protect\n|\n|-damage|p1b: Sneasler|95/100 brn|[from] brn\n|upkeep\n|turn|3\n|inactive|Lv3FrostMage has 30 seconds left.\n|\n|t:|1776099145\n|switch|p1a: Basculegion|Basculegion, L50, M|100/100\n|move|p1b: Sneasler|Close Combat|p2a: Corviknight\n|-damage|p2a: Corviknight|18/100\n|-unboost|p1b: Sneasler|def|1\n|-unboost|p1b: Sneasler|spd|1\n|move|p2b: Rotom|Volt Switch|p1a: Basculegion\n|-supereffective|p1a: Basculegion|1\n|-damage|p1a: Basculegion|37/100\n|\n|t:|1776099155\n|switch|p2b: Excadrill|Excadrill, L50, F|100/100|[from] Volt Switch\n|move|p2a: Corviknight|Iron Head|p1a: Basculegion\n|-resisted|p1a: Basculegion|1\n|-damage|p1a: Basculegion|24/100\n|\n|-damage|p1b: Sneasler|89/100 brn|[from] brn\n|upkeep\n|turn|4\n|\n|t:|1776099171\n|switch|p2a: Rotom|Rotom-Wash, L50|83/100\n|move|p1b: Sneasler|Close Combat|p2a: Rotom\n|-damage|p2a: Rotom|42/100\n|-unboost|p1b: Sneasler|def|1\n|-unboost|p1b: Sneasler|spd|1\n|-enditem|p2a: Rotom|Sitrus Berry|[eat]\n|-heal|p2a: Rotom|67/100|[from] item: Sitrus Berry\n|move|p2b: Excadrill|Earthquake|p1a: Basculegion|[spread] p1a,p1b\n|-immune|p2a: Rotom|[from] ability: Levitate\n|-crit|p1a: Basculegion\n|-supereffective|p1b: Sneasler|1\n|-crit|p1b: Sneasler\n|-damage|p1a: Basculegion|0 fnt\n|-damage|p1b: Sneasler|0 fnt\n|faint|p1a: Basculegion\n|faint|p1b: Sneasler\n|\n|-sideend|p2: Pojqengpojen|move: Tailwind\n|upkeep\n|\n|t:|1776099187\n|switch|p1b: Maushold|Maushold-Four, L50|100/100\n|switch|p1a: Floette|Floette-Eternal, L50, F|100/100\n|turn|5\n|\n|t:|1776099204\n|detailschange|p1a: Floette|Floette-Mega, L50, F\n|-mega|p1a: Floette|Floette|Floettite\n|-ability|p1a: Floette|Fairy Aura\n|move|p1a: Floette|Calm Mind|p1a: Floette\n|-boost|p1a: Floette|spa|1\n|-boost|p1a: Floette|spd|1\n|move|p2b: Excadrill|Rock Slide|p1a: Floette|[spread] p1a,p1b\n|-damage|p1a: Floette|77/100\n|-damage|p1b: Maushold|77/100\n|move|p2a: Rotom|Discharge|p1b: Maushold|[spread] p1a,p1b\n|-immune|p2b: Excadrill\n|-damage|p1a: Floette|67/100\n|-damage|p1b: Maushold|53/100\n|-status|p1a: Floette|par\n|-status|p1b: Maushold|par\n|cant|p1b: Maushold|flinch\n|\n|upkeep\n|turn|6\n|inactive|Lv3FrostMage has 30 seconds left.\n|inactive|Lv3FrostMage has 20 seconds left.\n|inactive|Lv3FrostMage has 15 seconds left.\n|c|\u2606Lv3FrostMage|Double para and flinch gg I was already dead anyway\n|inactive|Lv3FrostMage has 10 seconds left.\n|inactive|Lv3FrostMage has 5 seconds left.\n|\n|t:|1776099256\n|switch|p2a: Tyranitar|Tyranitar, L50, M|100/100\n|-weather|Sandstorm|[from] ability: Sand Stream|[of] p2a: Tyranitar\n|move|p2b: Excadrill|Iron Head|p1a: Floette\n|-supereffective|p1a: Floette|1\n|-damage|p1a: Floette|0 fnt\n|faint|p1a: Floette\n|move|p1b: Maushold|Super Fang|p2b: Excadrill\n|-damage|p2b: Excadrill|51/100\n|\n|-weather|Sandstorm|[upkeep]\n|-damage|p1b: Maushold|47/100 par|[from] Sandstorm\n|upkeep\n|turn|7\n|\n|t:|1776099276\n|move|p1b: Maushold|Helping Hand|p1: Floette|[notarget]\n|-fail|p1b: Maushold\n|move|p2b: Excadrill|Rock Slide|p1b: Maushold\n|-damage|p1b: Maushold|11/100 par\n|move|p2a: Tyranitar|Rock Slide|p1b: Maushold\n|-damage|p1b: Maushold|0 fnt\n|faint|p1b: Maushold\n|\n|win|Pojqengpojen\n|raw|Lv3FrostMage's rating: 1000 &rarr; <strong>1000</strong><br />(+0 for losing)\n|raw|Pojqengpojen's rating: 1041 &rarr; <strong>1071</strong><br />(+30 for winning)\n",
  "uploadtime": 1776099284,
  "views": 16,
  "formatid": "gen9championsvgc2026regma",
  "rating": 1000,
  "private": 0,
  "password": null
}