{
  "id": "gen9championsvgc2026regma-2581786191",
  "format": "[Gen 9 Champions] VGC 2026 Reg M-A",
  "players": [
    "fashoooo",
    "WaluigiVGC"
  ],
  "log": "|j|\u2606fashoooo\n|j|\u2606WaluigiVGC\n|t:|1776028293\n|gametype|doubles\n|player|p1|fashoooo|calaba|1140\n|player|p2|WaluigiVGC|266|1040\n|gen|9\n|tier|[Gen 9 Champions] VGC 2026 Reg M-A\n|rated|\n|rule|Species Clause: Limit one of each Pok\u00e9mon\n|rule|Item Clause: Limit 1 of each item\n|clearpoke\n|poke|p1|Charizard, L50, M|\n|poke|p1|Whimsicott, L50, F|\n|poke|p1|Garchomp, L50, M|\n|poke|p1|Incineroar, L50, F|\n|poke|p1|Venusaur, L50, M|\n|poke|p1|Sneasler, L50, M|\n|poke|p2|Archaludon, L50, M|\n|poke|p2|Pelipper, L50, F|\n|poke|p2|Sneasler, L50, M|\n|poke|p2|Incineroar, L50, M|\n|poke|p2|Basculegion, L50, M|\n|poke|p2|Gengar, L50, M|\n|teampreview|4\n|inactive|Battle timer is ON: inactive players will automatically lose when time's up. (requested by WaluigiVGC)\n|\n|t:|1776028389\n|teamsize|p1|4\n|teamsize|p2|4\n|start\n|switch|p1a: Charizard|Charizard, L50, M, shiny|100/100\n|switch|p1b: Venusaur|Venusaur, L50, M, shiny|100/100\n|switch|p2a: Sneasler|Sneasler, L50, M|100/100\n|switch|p2b: Incineroar|Incineroar, L50, M|100/100\n|-ability|p2b: Incineroar|Intimidate|boost\n|-unboost|p1a: Charizard|atk|1\n|-unboost|p1b: Venusaur|atk|1\n|turn|1\n|inactive|fashoooo has 30 seconds left.\n|inactive|WaluigiVGC has 30 seconds left.\n|\n|t:|1776028422\n|switch|p1b: Garchomp|Garchomp, L50, M, shiny|100/100\n|move|p1a: Charizard|Protect|p1a: Charizard\n|-singleturn|p1a: Charizard|Protect\n|move|p2a: Sneasler|Fake Out|p1b: Garchomp\n|-damage|p1b: Garchomp|87/100\n|-damage|p2a: Sneasler|88/100|[from] ability: Rough Skin|[of] p1b: Garchomp\n|move|p2b: Incineroar|Parting Shot|p1a: Charizard\n|-activate|p1a: Charizard|move: Protect\n|\n|upkeep\n|turn|2\n|l|\u2606fashoooo\n|inactive|fashoooo disconnected and has a minute to reconnect!\n|player|p1|\n|j|\u2606fashoooo\n|inactive|fashoooo reconnected and has 35 seconds left.\n|player|p1|fashoooo|calaba|\n|inactive|fashoooo has 30 seconds left.\n|inactive|fashoooo has 20 seconds left.\n|\n|t:|1776028457\n|switch|p2b: Pelipper|Pelipper, L50, F|100/100\n|-weather|RainDance|[from] ability: Drizzle|[of] p2b: Pelipper\n|detailschange|p1a: Charizard|Charizard-Mega-Y, L50, M, shiny\n|-mega|p1a: Charizard|Charizard|Charizardite Y\n|-weather|SunnyDay|[from] ability: Drought|[of] p1a: Charizard\n|move|p2a: Sneasler|Protect|p2a: Sneasler\n|-singleturn|p2a: Sneasler|Protect\n|move|p1b: Garchomp|Earthquake|p2b: Pelipper|[spread] \n|-activate|p2a: Sneasler|move: Protect\n|-immune|p1a: Charizard\n|-immune|p2b: Pelipper\n|move|p1a: Charizard|Heat Wave|p2a: Sneasler|[spread] p2b\n|-activate|p2a: Sneasler|move: Protect\n|-resisted|p2b: Pelipper|1\n|-damage|p2b: Pelipper|49/100\n|\n|-weather|SunnyDay|[upkeep]\n|upkeep\n|turn|3\n|inactive|fashoooo has 30 seconds left.\n|inactive|WaluigiVGC has 30 seconds left.\n|inactive|fashoooo has 20 seconds left.\n|inactive|fashoooo has 15 seconds left.\n|inactive|fashoooo has 10 seconds left.\n|inactive|WaluigiVGC has 20 seconds left.\n|inactive|fashoooo has 5 seconds left.\n|inactive|WaluigiVGC has 15 seconds left.\n|\n|t:|1776028508\n|switch|p1b: Venusaur|Venusaur, L50, M, shiny|100/100\n|switch|p2a: Incineroar|Incineroar, L50, M|100/100\n|-ability|p2a: Incineroar|Intimidate|boost\n|-unboost|p1a: Charizard|atk|1\n|-unboost|p1b: Venusaur|atk|1\n|switch|p2b: Basculegion|Basculegion, L50, M|100/100\n|move|p1a: Charizard|Weather Ball|p2a: Incineroar\n|-resisted|p2a: Incineroar|1\n|-damage|p2a: Incineroar|67/100\n|\n|-weather|SunnyDay|[upkeep]\n|upkeep\n|turn|4\n|inactive|fashoooo has 30 seconds left.\n|inactive|WaluigiVGC has 30 seconds left.\n|\n|t:|1776028539\n|switch|p1a: Incineroar|Incineroar, L50, F, shiny|100/100\n|-ability|p1a: Incineroar|Intimidate|boost\n|-unboost|p2a: Incineroar|atk|1\n|-unboost|p2b: Basculegion|atk|1\n|switch|p2a: Pelipper|Pelipper, L50, F|49/100\n|-weather|RainDance|[from] ability: Drizzle|[of] p2a: Pelipper\n|move|p1b: Venusaur|Protect|p1b: Venusaur\n|-singleturn|p1b: Venusaur|Protect\n|move|p2b: Basculegion|Wave Crash|p1a: Incineroar\n|-supereffective|p1a: Incineroar|1\n|-damage|p1a: Incineroar|0 fnt\n|faint|p1a: Incineroar\n|-damage|p2b: Basculegion|66/100|[from] Recoil\n|\n|-weather|RainDance|[upkeep]\n|upkeep\n|\n|t:|1776028560\n|switch|p1a: Garchomp|Garchomp, L50, M, shiny|87/100\n|turn|5\n|\n|t:|1776028583\n|switch|p1b: Charizard|Charizard-Mega-Y, L50, M, shiny|100/100\n|-weather|SunnyDay|[from] ability: Drought|[of] p1b: Charizard\n|switch|p2a: Incineroar|Incineroar, L50, M|67/100\n|-ability|p2a: Incineroar|Intimidate|boost\n|-unboost|p1a: Garchomp|atk|1\n|-unboost|p1b: Charizard|atk|1\n|move|p2b: Basculegion|Protect|p2b: Basculegion\n|-singleturn|p2b: Basculegion|Protect\n|move|p1a: Garchomp|Rock Slide|p2b: Basculegion|[spread] p2a\n|-activate|p2b: Basculegion|move: Protect\n|-supereffective|p2a: Incineroar|1\n|-damage|p2a: Incineroar|42/100\n|-enditem|p2a: Incineroar|Sitrus Berry|[eat]\n|-heal|p2a: Incineroar|66/100|[from] item: Sitrus Berry\n|\n|-weather|SunnyDay|[upkeep]\n|upkeep\n|turn|6\n|inactive|WaluigiVGC has 30 seconds left.\n|\n|t:|1776028616\n|move|p2a: Incineroar|Fake Out|p1b: Charizard\n|-damage|p1b: Charizard|86/100\n|move|p1a: Garchomp|Rock Slide|p2b: Basculegion|[spread] p2b\n|-miss|p1a: Garchomp|p2a: Incineroar\n|-crit|p2b: Basculegion\n|-damage|p2b: Basculegion|23/100\n|cant|p1b: Charizard|flinch\n|move|p2b: Basculegion|Wave Crash|p1a: Garchomp\n|-damage|p1a: Garchomp|60/100\n|-damage|p2b: Basculegion|11/100|[from] ability: Rough Skin|[of] p1a: Garchomp\n|-damage|p2b: Basculegion|3/100|[from] Recoil\n|\n|-weather|SunnyDay|[upkeep]\n|upkeep\n|turn|7\n|inactive|WaluigiVGC has 30 seconds left.\n|\n|t:|1776028643\n|switch|p1b: Venusaur|Venusaur, L50, M, shiny|100/100\n|switch|p2a: Pelipper|Pelipper, L50, F|49/100\n|-weather|RainDance|[from] ability: Drizzle|[of] p2a: Pelipper\n|move|p2b: Basculegion|Wave Crash|p1b: Venusaur\n|-resisted|p1b: Venusaur|1\n|-damage|p1b: Venusaur|51/100\n|-damage|p2b: Basculegion|0 fnt|[from] Recoil\n|faint|p2b: Basculegion\n|move|p1a: Garchomp|Rock Slide|p2a: Pelipper\n|-supereffective|p2a: Pelipper|1\n|-damage|p2a: Pelipper|0 fnt\n|faint|p2a: Pelipper\n|\n|-weather|RainDance|[upkeep]\n|upkeep\n|\n|t:|1776028661\n|switch|p2b: Incineroar|Incineroar, L50, M|66/100\n|switch|p2a: Sneasler|Sneasler, L50, M|88/100\n|-ability|p2b: Incineroar|Intimidate|boost\n|-unboost|p1a: Garchomp|atk|1\n|-unboost|p1b: Venusaur|atk|1\n|turn|8\n|\n|t:|1776028681\n|switch|p1a: Charizard|Charizard-Mega-Y, L50, M, shiny|86/100\n|-weather|SunnyDay|[from] ability: Drought|[of] p1a: Charizard\n|move|p1b: Venusaur|Protect|p1b: Venusaur\n|-singleturn|p1b: Venusaur|Protect\n|move|p2b: Incineroar|Fake Out|p1b: Venusaur\n|-activate|p1b: Venusaur|move: Protect\n|move|p2a: Sneasler|Close Combat|p1a: Charizard\n|-resisted|p1a: Charizard|1\n|-damage|p1a: Charizard|42/100\n|-unboost|p2a: Sneasler|def|1\n|-unboost|p2a: Sneasler|spd|1\n|-enditem|p2a: Sneasler|White Herb\n|-clearnegativeboost|p2a: Sneasler|[silent]\n|\n|-weather|SunnyDay|[upkeep]\n|upkeep\n|turn|9\n|inactive|WaluigiVGC has 30 seconds left.\n|inactive|fashoooo has 30 seconds left.\n|inactive|WaluigiVGC has 20 seconds left.\n|inactive|WaluigiVGC has 15 seconds left.\n|\n|t:|1776028725\n|move|p2a: Sneasler|Dire Claw|p1a: Charizard\n|-damage|p1a: Charizard|0 fnt\n|faint|p1a: Charizard\n|move|p1b: Venusaur|Sleep Powder|p2a: Sneasler\n|-status|p2a: Sneasler|slp|[from] move: Sleep Powder\n|move|p2b: Incineroar|Parting Shot|p1b: Venusaur\n|-unboost|p1b: Venusaur|atk|1\n|-unboost|p1b: Venusaur|spa|1\n|\n|-weather|SunnyDay|[upkeep]\n|upkeep\n|\n|t:|1776028731\n|switch|p1a: Garchomp|Garchomp, L50, M, shiny|60/100\n|turn|10\n|\n|t:|1776028744\n|cant|p2a: Sneasler|slp\n|move|p1b: Venusaur|Sludge Bomb|p2b: Incineroar\n|-damage|p2b: Incineroar|46/100\n|move|p1a: Garchomp|Earthquake|p2b: Incineroar|[spread] p1b,p2a,p2b\n|-supereffective|p2a: Sneasler|1\n|-supereffective|p2b: Incineroar|1\n|-damage|p1b: Venusaur|0 fnt\n|-damage|p2a: Sneasler|0 fnt\n|-damage|p2b: Incineroar|0 fnt\n|faint|p1b: Venusaur\n|faint|p2a: Sneasler\n|faint|p2b: Incineroar\n|\n|win|fashoooo\n|raw|fashoooo's rating: 1140 &rarr; <strong>1158</strong><br />(+18 for winning)\n|raw|WaluigiVGC's rating: 1040 &rarr; <strong>1028</strong><br />(-12 for losing)\n",
  "uploadtime": 1776028757,
  "views": 37,
  "formatid": "gen9championsvgc2026regma",
  "rating": 1028,
  "private": 0,
  "password": null
}