{
  "id": "gen9championsvgc2026regma-2582115248",
  "format": "[Gen 9 Champions] VGC 2026 Reg M-A",
  "players": [
    "bminer1397",
    "Tailwind Lobbyist"
  ],
  "log": "|j|\u2606bminer1397\n|j|\u2606Tailwind Lobbyist\n|t:|1776059841\n|gametype|doubles\n|player|p1|bminer1397|101|1113\n|player|p2|Tailwind Lobbyist|clerkf|1083\n|gen|9\n|tier|[Gen 9 Champions] VGC 2026 Reg M-A\n|rated|\n|rule|Species Clause: Limit one of each Pok\u00e9mon\n|rule|Item Clause: Limit 1 of each item\n|clearpoke\n|poke|p1|Blastoise, L50, M|\n|poke|p1|Sinistcha, L50|\n|poke|p1|Typhlosion-Hisui, L50, M|\n|poke|p1|Kangaskhan, L50, F|\n|poke|p1|Incineroar, L50, F|\n|poke|p1|Sneasler, L50, F|\n|poke|p2|Lucario, L50, M|\n|poke|p2|Incineroar, L50, F|\n|poke|p2|Aerodactyl, L50, M|\n|poke|p2|Garchomp, L50, M|\n|poke|p2|Sylveon, L50, M|\n|poke|p2|Sinistcha-Masterpiece, L50|\n|teampreview|4\n|inactive|Battle timer is ON: inactive players will automatically lose when time's up. (requested by bminer1397)\n|inactive|bminer1397 has 60 seconds left.\n|inactive|Tailwind Lobbyist has 60 seconds left.\nTailwind Lobbyist has agreed to open team sheets.\n|inactive|bminer1397 has 30 seconds left.\n|inactive|bminer1397 has 20 seconds left.\n|\n|t:|1776059915\n|teamsize|p1|4\n|teamsize|p2|4\n|start\n|switch|p1a: Blastoise|Blastoise, L50, M|100/100\n|switch|p1b: Sneasler|Sneasler, L50, F|100/100\n|switch|p2a: Sinistcha|Sinistcha-Masterpiece, L50|100/100\n|switch|p2b: Garchomp|Garchomp, L50, M, shiny|100/100\n|turn|1\n|inactive|bminer1397 has 30 seconds left.\n|\n|t:|1776059944\n|switch|p2b: Incineroar|Incineroar, L50, F|100/100\n|-ability|p2b: Incineroar|Intimidate|boost\n|-unboost|p1a: Blastoise|atk|1\n|-unboost|p1b: Sneasler|atk|1\n|detailschange|p1a: Blastoise|Blastoise-Mega, L50, M\n|-mega|p1a: Blastoise|Blastoise|Blastoisinite\n|move|p1b: Sneasler|Fake Out|p2b: Incineroar\n|-damage|p2b: Incineroar|94/100\n|move|p1a: Blastoise|Ice Beam|p2a: Sinistcha\n|-supereffective|p2a: Sinistcha|1\n|-damage|p2a: Sinistcha|34/100\n|move|p2a: Sinistcha|Matcha Gotcha|p1b: Sneasler|[spread] p1b\n|-miss|p2a: Sinistcha|p1a: Blastoise\n|-resisted|p1b: Sneasler|1\n|-damage|p1b: Sneasler|86/100\n|-heal|p2a: Sinistcha|42/100|[from] drain|[of] p1b: Sneasler\n|\n|upkeep\n|turn|2\n|inactive|bminer1397 has 30 seconds left.\n|\n|t:|1776059974\n|move|p2b: Incineroar|Fake Out|p1a: Blastoise\n|-damage|p1a: Blastoise|90/100\n|move|p1b: Sneasler|Close Combat|p2b: Incineroar\n|-supereffective|p2b: Incineroar|1\n|-damage|p2b: Incineroar|40/100\n|-unboost|p1b: Sneasler|def|1\n|-unboost|p1b: Sneasler|spd|1\n|-enditem|p2b: Incineroar|Sitrus Berry|[eat]\n|-heal|p2b: Incineroar|65/100|[from] item: Sitrus Berry\n|cant|p1a: Blastoise|flinch\n|move|p2a: Sinistcha|Matcha Gotcha|p1a: Blastoise|[spread] p1a,p1b\n|-supereffective|p1a: Blastoise|1\n|-resisted|p1b: Sneasler|1\n|-damage|p1a: Blastoise|40/100\n|-heal|p2a: Sinistcha|65/100|[from] drain|[of] p1a: Blastoise\n|-damage|p1b: Sneasler|64/100\n|-heal|p2a: Sinistcha|76/100|[from] drain|[of] p1b: Sneasler\n|\n|upkeep\n|turn|3\n|inactive|bminer1397 has 30 seconds left.\n|\n|t:|1776060000\n|move|p2a: Sinistcha|Rage Powder|p2a: Sinistcha\n|-singleturn|p2a: Sinistcha|move: Rage Powder\n|move|p1b: Sneasler|Close Combat|p2a: Sinistcha\n|-immune|p2a: Sinistcha\n|move|p1a: Blastoise|Ice Beam|p2a: Sinistcha\n|-supereffective|p2a: Sinistcha|1\n|-damage|p2a: Sinistcha|4/100\n|-status|p2a: Sinistcha|frz\n|move|p2b: Incineroar|Parting Shot|p1a: Blastoise\n|-unboost|p1a: Blastoise|atk|1\n|-unboost|p1a: Blastoise|spa|1\n|\n|t:|1776060013\n|switch|p2b: Garchomp|Garchomp, L50, M, shiny|100/100|[from] Parting Shot\n|\n|upkeep\n|turn|4\n|\n|t:|1776060029\n|switch|p1a: Incineroar|Incineroar, L50, F|100/100\n|-ability|p1a: Incineroar|Intimidate|boost\n|-unboost|p2a: Sinistcha|atk|1\n|-unboost|p2b: Garchomp|atk|1\n|cant|p2a: Sinistcha|frz\n|move|p2b: Garchomp|Earthquake|p1b: Sneasler|[spread] p2a,p1a,p1b\n|-resisted|p2a: Sinistcha|1\n|-supereffective|p1a: Incineroar|1\n|-supereffective|p1b: Sneasler|1\n|-damage|p2a: Sinistcha|0 fnt\n|-damage|p1a: Incineroar|52/100\n|-damage|p1b: Sneasler|0 fnt\n|faint|p2a: Sinistcha\n|faint|p1b: Sneasler\n|\n|upkeep\n|\n|t:|1776060045\n|switch|p1b: Blastoise|Blastoise-Mega, L50, M|40/100\n|switch|p2a: Incineroar|Incineroar, L50, F|65/100\n|-ability|p2a: Incineroar|Intimidate|boost\n|-unboost|p1a: Incineroar|atk|1\n|-unboost|p1b: Blastoise|atk|1\n|turn|5\n|\n|t:|1776060056\n|move|p2a: Incineroar|Fake Out|p1b: Blastoise\n|-damage|p1b: Blastoise|30/100\n|move|p1a: Incineroar|Fake Out|p2b: Garchomp\n|-damage|p2b: Garchomp|91/100\n|-damage|p1a: Incineroar|40/100|[from] ability: Rough Skin|[of] p2b: Garchomp\n|cant|p2b: Garchomp|flinch\n|cant|p1b: Blastoise|flinch\n|\n|upkeep\n|turn|6\n|inactive|bminer1397 has 30 seconds left.\n|\n|t:|1776060086\n|move|p1b: Blastoise|Protect|p1b: Blastoise\n|-singleturn|p1b: Blastoise|Protect\n|move|p2b: Garchomp|Earthquake|p1b: Blastoise|[spread] p2a,p1a\n|-activate|p1b: Blastoise|move: Protect\n|-supereffective|p2a: Incineroar|1\n|-supereffective|p1a: Incineroar|1\n|-damage|p2a: Incineroar|25/100\n|-damage|p1a: Incineroar|0 fnt\n|faint|p1a: Incineroar\n|move|p2a: Incineroar|Darkest Lariat|p1b: Blastoise\n|-activate|p1b: Blastoise|move: Protect\n|\n|upkeep\n|\n|t:|1776060096\n|switch|p1a: Typhlosion|Typhlosion-Hisui, L50, M|100/100\n|turn|7\n|\n|t:|1776060118\n|switch|p2b: Lucario|Lucario, L50, M, shiny|100/100\n|move|p1a: Typhlosion|Eruption|p2b: Lucario|[spread] p2a,p2b\n|-resisted|p2a: Incineroar|1\n|-supereffective|p2b: Lucario|1\n|-damage|p2a: Incineroar|0 fnt\n|-damage|p2b: Lucario|0 fnt\n|faint|p2a: Incineroar\n|faint|p2b: Lucario\n|move|p1b: Blastoise|Water Spout|p2: Incineroar|[notarget]\n|-fail|p1b: Blastoise\n|\n|upkeep\n|\n|t:|1776060123\n|switch|p2b: Garchomp|Garchomp, L50, M, shiny|91/100\n|turn|8\n|\n|t:|1776060134\n|move|p2b: Garchomp|Earthquake|p1b: Blastoise|[spread] p1a,p1b\n|-supereffective|p1a: Typhlosion|1\n|-damage|p1a: Typhlosion|0 fnt\n|-damage|p1b: Blastoise|0 fnt\n|faint|p1a: Typhlosion\n|faint|p1b: Blastoise\n|\n|win|Tailwind Lobbyist\n|raw|bminer1397's rating: 1113 &rarr; <strong>1087</strong><br />(-26 for losing)\n|raw|Tailwind Lobbyist's rating: 1104 &rarr; <strong>1130</strong><br />(+26 for winning)\n",
  "uploadtime": 1776060137,
  "views": 24,
  "formatid": "gen9championsvgc2026regma",
  "rating": 1087,
  "private": 0,
  "password": null
}