{
  "id": "gen9championsvgc2026regma-2588491977",
  "format": "[Gen 9 Champions] VGC 2026 Reg M-A",
  "players": [
    "Toshinori4",
    "batgiuseppe"
  ],
  "log": "|j|\u2606Toshinori4\n|j|\u2606batgiuseppe\n|t:|1776638393\n|gametype|doubles\n|player|p1|Toshinori4|caitlin|1437\n|player|p2|batgiuseppe|170|1409\n|gen|9\n|tier|[Gen 9 Champions] VGC 2026 Reg M-A\n|rated|\n|rule|Species Clause: Limit one of each Pok\u00e9mon\n|rule|Item Clause: Limit 1 of each item\n|clearpoke\n|poke|p1|Archaludon, L50, F|\n|poke|p1|Sinistcha, L50|\n|poke|p1|Scizor, L50, F|\n|poke|p1|Incineroar, L50, M|\n|poke|p1|Pelipper, L50, M|\n|poke|p1|Scovillain, L50, M|\n|poke|p2|Delphox, L50, F|\n|poke|p2|Sneasler, L50, M|\n|poke|p2|Kingambit, L50, M|\n|poke|p2|Basculegion, L50, M|\n|poke|p2|Rotom-Mow, L50|\n|poke|p2|Scizor, L50, M|\n|teampreview|4\nToshinori4 rejected open team sheets.\n|inactive|Battle timer is ON: inactive players will automatically lose when time's up. (requested by Toshinori4)\n|\n|t:|1776638427\n|teamsize|p1|4\n|teamsize|p2|4\n|start\n|switch|p1a: Scovillain|Scovillain, L50, M|100/100\n|switch|p1b: Pelipper|Pelipper, L50, M|100/100\n|switch|p2a: Delphox|Delphox, L50, F|100/100\n|switch|p2b: Sneasler|Sneasler, L50, M|100/100\n|-weather|RainDance|[from] ability: Drizzle|[of] p1b: Pelipper\n|turn|1\n|inactive|Toshinori4 has 30 seconds left.\n|inactive|Toshinori4 has 20 seconds left.\n|\n|t:|1776638463\n|detailschange|p2a: Delphox|Delphox-Mega, L50, F\n|-mega|p2a: Delphox|Delphox|Delphoxite\n|detailschange|p1a: Scovillain|Scovillain-Mega, L50, M\n|-mega|p1a: Scovillain|Scovillain|Scovillainite\n|move|p1b: Pelipper|Protect|p1b: Pelipper\n|-singleturn|p1b: Pelipper|Protect\n|move|p2b: Sneasler|Fake Out|p1b: Pelipper\n|-activate|p1b: Pelipper|move: Protect\n|move|p2a: Delphox|Nasty Plot|p2a: Delphox\n|-boost|p2a: Delphox|spa|2\n|move|p1a: Scovillain|Leech Seed|p2a: Delphox\n|-start|p2a: Delphox|move: Leech Seed\n|\n|-weather|RainDance|[upkeep]\n|-damage|p2a: Delphox|88/100|[from] Leech Seed|[of] p1a: Scovillain\n|upkeep\n|turn|2\n|\n|t:|1776638483\n|move|p2a: Delphox|Protect|p2a: Delphox\n|-singleturn|p2a: Delphox|Protect\n|move|p1a: Scovillain|Rage Powder|p1a: Scovillain\n|-singleturn|p1a: Scovillain|move: Rage Powder\n|move|p2b: Sneasler|Dire Claw|p1a: Scovillain\n|-supereffective|p1a: Scovillain|1\n|-damage|p1a: Scovillain|22/100\n|-status|p2b: Sneasler|brn|[from] ability: Spicy Spray|[of] p1a: Scovillain\n|move|p1b: Pelipper|Weather Ball|p2a: Delphox\n|-activate|p2a: Delphox|move: Protect\n|\n|-weather|RainDance|[upkeep]\n|-damage|p2a: Delphox|75/100|[from] Leech Seed|[of] p1a: Scovillain\n|-heal|p1a: Scovillain|34/100|[silent]\n|-damage|p2b: Sneasler|95/100 brn|[from] brn\n|upkeep\n|turn|3\n|c|\u2606Toshinori4|5th delphox in a row is lowkey insane icl\n|\n|t:|1776638505\n|move|p1a: Scovillain|Protect|p1a: Scovillain\n|-singleturn|p1a: Scovillain|Protect\n|move|p2a: Delphox|Heat Wave|p1a: Scovillain|[spread] p1b\n|-activate|p1a: Scovillain|move: Protect\n|-resisted|p1b: Pelipper|1\n|-damage|p1b: Pelipper|77/100\n|move|p2b: Sneasler|Dire Claw|p1b: Pelipper\n|-damage|p1b: Pelipper|59/100\n|move|p1b: Pelipper|Weather Ball|p2a: Delphox\n|-supereffective|p2a: Delphox|1\n|-damage|p2a: Delphox|0 fnt\n|faint|p2a: Delphox\n|\n|-weather|RainDance|[upkeep]\n|-damage|p2b: Sneasler|89/100 brn|[from] brn\n|upkeep\n|\n|t:|1776638521\n|switch|p2a: Rotom|Rotom-Mow, L50|100/100\n|turn|4\n|\n|t:|1776638534\n|switch|p1b: Sinistcha|Sinistcha, L50|100/100\n|-heal|p1a: Scovillain|59/100|[from] ability: Hospitality|[of] p1b: Sinistcha\n|move|p2b: Sneasler|Dire Claw|p1a: Scovillain\n|-supereffective|p1a: Scovillain|1\n|-damage|p1a: Scovillain|19/100\n|move|p2a: Rotom|Electroweb|p1a: Scovillain|[spread] p1a,p1b\n|-resisted|p1a: Scovillain|1\n|-resisted|p1b: Sinistcha|1\n|-damage|p1a: Scovillain|10/100\n|-damage|p1b: Sinistcha|90/100\n|-unboost|p1a: Scovillain|spe|1\n|-unboost|p1b: Sinistcha|spe|1\n|-status|p2a: Rotom|brn|[from] ability: Spicy Spray|[of] p1a: Scovillain\n|move|p1a: Scovillain|Overheat|p2a: Rotom|[miss]\n|-miss|p1a: Scovillain|p2a: Rotom\n|\n|-weather|RainDance|[upkeep]\n|-damage|p2b: Sneasler|83/100 brn|[from] brn\n|-damage|p2a: Rotom|95/100 brn|[from] brn\n|upkeep\n|turn|5\n|inactive|Toshinori4 has 30 seconds left.\n|\n|t:|1776638563\n|move|p1a: Scovillain|Protect|p1a: Scovillain\n|-singleturn|p1a: Scovillain|Protect\n|move|p2b: Sneasler|Dire Claw|p1b: Sinistcha\n|-damage|p1b: Sinistcha|72/100\n|move|p2a: Rotom|Electroweb|p1a: Scovillain|[spread] p1b\n|-activate|p1a: Scovillain|move: Protect\n|-resisted|p1b: Sinistcha|1\n|-damage|p1b: Sinistcha|62/100\n|-unboost|p1b: Sinistcha|spe|1\n|move|p1b: Sinistcha|Life Dew|p1b: Sinistcha|[spread] p1a,p1b\n|-heal|p1a: Scovillain|35/100\n|-heal|p1b: Sinistcha|87/100\n|\n|-weather|none\n|-damage|p2b: Sneasler|78/100 brn|[from] brn\n|-damage|p2a: Rotom|89/100 brn|[from] brn\n|upkeep\n|turn|6\n|\n|t:|1776638581\n|move|p1b: Sinistcha|Rage Powder|p1b: Sinistcha\n|-singleturn|p1b: Sinistcha|move: Rage Powder\n|move|p2b: Sneasler|Dire Claw|p1b: Sinistcha\n|-damage|p1b: Sinistcha|69/100\n|move|p2a: Rotom|Electroweb|p1a: Scovillain|[spread] p1a,p1b\n|-resisted|p1a: Scovillain|1\n|-resisted|p1b: Sinistcha|1\n|-crit|p1b: Sinistcha\n|-damage|p1a: Scovillain|26/100\n|-damage|p1b: Sinistcha|54/100\n|-unboost|p1a: Scovillain|spe|1\n|-unboost|p1b: Sinistcha|spe|1\n|move|p1a: Scovillain|Overheat|p2b: Sneasler\n|-damage|p2b: Sneasler|0 fnt\n|-unboost|p1a: Scovillain|spa|2\n|faint|p2b: Sneasler\n|\n|-damage|p2a: Rotom|83/100 brn|[from] brn\n|upkeep\n|-message|batgiuseppe forfeited.\n|\n|win|Toshinori4\n|raw|Toshinori4's rating: 1437 &rarr; <strong>1455</strong><br />(+18 for winning)\n|raw|batgiuseppe's rating: 1409 &rarr; <strong>1391</strong><br />(-18 for losing)\n|l|\u2606batgiuseppe\n|player|p2|\n",
  "uploadtime": 1776638594,
  "views": 14,
  "formatid": "gen9championsvgc2026regma",
  "rating": 1391,
  "private": 0,
  "password": null
}