{
  "id": "gen9championsvgc2026regma-2586873975",
  "format": "[Gen 9 Champions] VGC 2026 Reg M-A",
  "players": [
    "magicmurderb4g",
    "UnovaNPC"
  ],
  "log": "|j|\u2606magicmurderb4g\n|j|\u2606UnovaNPC\n|t:|1776467396\n|gametype|doubles\n|player|p1|magicmurderb4g|swimmer-gen4|1255\n|player|p2|UnovaNPC|170|1175\n|gen|9\n|tier|[Gen 9 Champions] VGC 2026 Reg M-A\n|rated|\n|rule|Species Clause: Limit one of each Pok\u00e9mon\n|rule|Item Clause: Limit 1 of each item\n|clearpoke\n|poke|p1|Incineroar, L50, F|\n|poke|p1|Froslass, L50, F|\n|poke|p1|Garchomp, L50, F|\n|poke|p1|Rotom-Frost, L50|\n|poke|p1|Kingambit, L50, M|\n|poke|p1|Milotic, L50, M|\n|poke|p2|Starmie, L50|\n|poke|p2|Zoroark-Hisui, L50, M|\n|poke|p2|Sneasler, L50, M|\n|poke|p2|Talonflame, L50, M|\n|poke|p2|Garchomp, L50, M|\n|poke|p2|Meowscarada, L50, F|\n|teampreview|4\n|inactive|Battle timer is ON: inactive players will automatically lose when time's up. (requested by magicmurderb4g)\n|\n|t:|1776467417\n|teamsize|p1|4\n|teamsize|p2|4\n|start\n|switch|p1a: Froslass|Froslass, L50, F|100/100\n|switch|p1b: Rotom|Rotom-Frost, L50|100/100\n|switch|p2a: Meowscarada|Meowscarada, L50, F|100/100\n|switch|p2b: Sneasler|Sneasler, L50, M|100/100\n|turn|1\n|inactive|UnovaNPC has 30 seconds left.\n|\n|t:|1776467446\n|switch|p1b: Incineroar|Incineroar, L50, F|100/100\n|-ability|p1b: Incineroar|Intimidate|boost\n|-unboost|p2a: Meowscarada|atk|1\n|-unboost|p2b: Sneasler|atk|1\n|-enditem|p2b: Sneasler|White Herb\n|-clearnegativeboost|p2b: Sneasler|[silent]\n|move|p1a: Froslass|Protect|p1a: Froslass\n|-singleturn|p1a: Froslass|Protect\n|move|p2b: Sneasler|Fake Out|p1b: Incineroar\n|-damage|p1b: Incineroar|84/100\n|move|p2a: Meowscarada|Shadow Ball|p1a: Froslass\n|-activate|p1a: Froslass|move: Protect\n|\n|upkeep\n|turn|2\n|inactive|magicmurderb4g has 30 seconds left.\n|inactive|UnovaNPC has 30 seconds left.\n|inactive|magicmurderb4g has 20 seconds left.\n|\n|t:|1776467482\n|switch|p2b: Starmie|Starmie, L50|100/100\n|switch|p1a: Garchomp|Garchomp, L50, F|100/100\n|move|p2a: Meowscarada|Protect|p2a: Meowscarada\n|-singleturn|p2a: Meowscarada|Protect\n|move|p1b: Incineroar|Throat Chop|p2a: Meowscarada\n|-activate|p2a: Meowscarada|move: Protect\n|\n|upkeep\n|turn|3\n|inactive|magicmurderb4g has 30 seconds left.\n|\n|t:|1776467510\n|detailschange|p2b: Starmie|Starmie-Mega, L50\n|-mega|p2b: Starmie|Starmie|Starminite\n|move|p2b: Starmie|Self-Destruct|p1a: Garchomp|[spread] p1a,p1b\n|-immune|p2a: Meowscarada\n|-damage|p1a: Garchomp|21/100\n|-damage|p1b: Incineroar|5/100\n|-enditem|p1b: Incineroar|Sitrus Berry|[eat]\n|-heal|p1b: Incineroar|30/100|[from] item: Sitrus Berry\n|faint|p2b: Starmie\n|move|p2a: Meowscarada|Hyper Voice|p1b: Incineroar|[spread] p1a,p1b\n|-damage|p1a: Garchomp|0 fnt\n|-damage|p1b: Incineroar|0 fnt\n|faint|p1a: Garchomp\n|faint|p1b: Incineroar\n|\n|upkeep\n|inactive|UnovaNPC has 30 seconds left.\n|inactive|UnovaNPC has 20 seconds left.\n|inactive|UnovaNPC has 15 seconds left.\n|inactive|UnovaNPC has 10 seconds left.\n|\n|t:|1776467556\n|switch|p2b: Sneasler|Sneasler, L50, M|100/100\n|switch|p1a: Froslass|Froslass, L50, F|100/100\n|switch|p1b: Rotom|Rotom-Frost, L50|100/100\n|turn|4\n|inactive|magicmurderb4g has 30 seconds left.\n|\n|t:|1776467586\n|detailschange|p1a: Froslass|Froslass-Mega, L50, F\n|-mega|p1a: Froslass|Froslass|Froslassite\n|-weather|Snowscape|[from] ability: Snow Warning|[of] p1a: Froslass\n|move|p2b: Sneasler|Fake Out|p1b: Rotom\n|-damage|p1b: Rotom|87/100\n|cant|p1b: Rotom|flinch\n|move|p2a: Meowscarada|Shadow Ball|p1a: Froslass\n|-supereffective|p1a: Froslass|1\n|-damage|p1a: Froslass|9/100\n|move|p1a: Froslass|Aurora Veil|p1a: Froslass\n|-sidestart|p1: magicmurderb4g|move: Aurora Veil\n|\n|-weather|Snowscape|[upkeep]\n|upkeep\n|turn|5\n|inactive|UnovaNPC has 30 seconds left.\n|\n|t:|1776467614\n|move|p1b: Rotom|Electroweb|p2a: Meowscarada|[spread] p2a,p2b\n|-damage|p2a: Meowscarada|61/100\n|-damage|p2b: Sneasler|73/100\n|-unboost|p2a: Meowscarada|spe|1\n|-unboost|p2b: Sneasler|spe|1\n|replace|p2a: Zoroark|Zoroark-Hisui, L50, M\n|-end|p2a: Zoroark|Illusion\n|move|p1a: Froslass|Blizzard|p2a: Zoroark|[spread] p2a,p2b\n|-damage|p2a: Zoroark|0 fnt\n|-damage|p2b: Sneasler|0 fnt\n|faint|p2a: Zoroark\n|faint|p2b: Sneasler\n|\n|-weather|Snowscape|[upkeep]\n|upkeep\n|\n|t:|1776467624\n|switch|p2b: Meowscarada|Meowscarada, L50, F|100/100\n|turn|6\n|\n|t:|1776467642\n|move|p1a: Froslass|Protect|p1a: Froslass\n|-singleturn|p1a: Froslass|Protect\n|move|p2b: Meowscarada|Flower Trick|p1b: Rotom\n|-start|p2b: Meowscarada|typechange|Grass|[from] ability: Protean\n|-crit|p1b: Rotom\n|-damage|p1b: Rotom|36/100\n|move|p1b: Rotom|Electroweb|p2b: Meowscarada\n|-resisted|p2b: Meowscarada|1\n|-damage|p2b: Meowscarada|81/100\n|-unboost|p2b: Meowscarada|spe|1\n|\n|-weather|Snowscape|[upkeep]\n|upkeep\n|turn|7\n|\n|t:|1776467653\n|move|p2b: Meowscarada|Sucker Punch|p1a: Froslass\n|-supereffective|p1a: Froslass|1\n|-damage|p1a: Froslass|0 fnt\n|faint|p1a: Froslass\n|move|p1b: Rotom|Electroweb|p2b: Meowscarada\n|-resisted|p2b: Meowscarada|1\n|-crit|p2b: Meowscarada\n|-damage|p2b: Meowscarada|50/100\n|-unboost|p2b: Meowscarada|spe|1\n|\n|-weather|Snowscape|[upkeep]\n|upkeep\n|turn|8\n|\n|t:|1776467664\n|move|p1b: Rotom|Electroweb|p2b: Meowscarada\n|-resisted|p2b: Meowscarada|1\n|-damage|p2b: Meowscarada|28/100\n|-unboost|p2b: Meowscarada|spe|1\n|move|p2b: Meowscarada|Flower Trick|p1b: Rotom\n|-crit|p1b: Rotom\n|-damage|p1b: Rotom|0 fnt\n|faint|p1b: Rotom\n|\n|win|UnovaNPC\n|raw|magicmurderb4g's rating: 1255 &rarr; <strong>1224</strong><br />(-31 for losing)\n|raw|UnovaNPC's rating: 1175 &rarr; <strong>1206</strong><br />(+31 for winning)\n|l|\u2606magicmurderb4g\n|player|p1|\n",
  "uploadtime": 1776467801,
  "views": 38,
  "formatid": "gen9championsvgc2026regma",
  "rating": 1206,
  "private": 0,
  "password": null
}