{
  "id": "gen9championsvgc2026regma-2584307489",
  "format": "[Gen 9 Champions] VGC 2026 Reg M-A",
  "players": [
    "eeasdadasd",
    "uhahaha"
  ],
  "log": "|j|\u2606eeasdadasd\n|j|\u2606uhahaha\n|t:|1776249559\n|gametype|doubles\n|player|p1|eeasdadasd|2|1000\n|player|p2|uhahaha|101|1000\n|gen|9\n|tier|[Gen 9 Champions] VGC 2026 Reg M-A\n|rated|\n|rule|Species Clause: Limit one of each Pok\u00e9mon\n|rule|Item Clause: Limit 1 of each item\n|clearpoke\n|poke|p1|Audino, L50, F|\n|poke|p1|Kingambit, L50, M|\n|poke|p1|Incineroar, L50, F|\n|poke|p1|Garchomp, L50, F|\n|poke|p1|Rotom-Wash, L50|\n|poke|p1|Aegislash, L50, F|\n|poke|p2|Sinistcha, L50|\n|poke|p2|Froslass, L50, F|\n|poke|p2|Blastoise, L50, M|\n|poke|p2|Whimsicott, L50, F|\n|poke|p2|Charizard, L50, M|\n|poke|p2|Venusaur, L50, M|\n|teampreview|4\n|\n|t:|1776249632\n|teamsize|p1|4\n|teamsize|p2|4\n|start\n|switch|p1a: Incineroar|Incineroar, L50, F|100/100\n|switch|p1b: Audino|Audino, L50, F|100/100\n|switch|p2a: Sinistcha|Sinistcha, L50, shiny|100/100\n|switch|p2b: Blastoise|Blastoise, L50, M, shiny|100/100\n|-ability|p1a: Incineroar|Intimidate|boost\n|-unboost|p2a: Sinistcha|atk|1\n|-unboost|p2b: Blastoise|atk|1\n|turn|1\n|\n|t:|1776249657\n|move|p2b: Blastoise|Protect|p2b: Blastoise\n|-singleturn|p2b: Blastoise|Protect\n|move|p1a: Incineroar|Fake Out|p2b: Blastoise\n|-activate|p2b: Blastoise|move: Protect\n|move|p2a: Sinistcha|Strength Sap|p1a: Incineroar\n|-unboost|p1a: Incineroar|atk|1\n|move|p1b: Audino|Trick Room|p1b: Audino\n|-fieldstart|move: Trick Room|[of] p1b: Audino\n|\n|upkeep\n|turn|2\n|\n|t:|1776249697\n|detailschange|p1b: Audino|Audino-Mega, L50, F\n|-mega|p1b: Audino|Audino|Audinite\n|move|p2a: Sinistcha|Rage Powder|p2a: Sinistcha\n|-singleturn|p2a: Sinistcha|move: Rage Powder\n|move|p1a: Incineroar|Parting Shot|p2a: Sinistcha\n|-unboost|p2a: Sinistcha|atk|1\n|-unboost|p2a: Sinistcha|spa|1\n|\n|t:|1776249709\n|switch|p1a: Kingambit|Kingambit, L50, M|100/100|[from] Parting Shot\n|move|p1b: Audino|Simple Beam|p2a: Sinistcha\n|-ability|p2a: Sinistcha|Simple|Heatproof|[from] move: Simple Beam\n|move|p2b: Blastoise|Shell Smash|p2b: Blastoise\n|-unboost|p2b: Blastoise|def|1\n|-unboost|p2b: Blastoise|spd|1\n|-boost|p2b: Blastoise|atk|2\n|-boost|p2b: Blastoise|spa|2\n|-boost|p2b: Blastoise|spe|2\n|\n|upkeep\n|turn|3\n|\n|t:|1776249774\n|move|p2b: Blastoise|Protect|p2b: Blastoise\n|-singleturn|p2b: Blastoise|Protect\n|move|p1a: Kingambit|Swords Dance|p1a: Kingambit\n|-boost|p1a: Kingambit|atk|2\n|move|p2a: Sinistcha|Strength Sap|p1a: Kingambit\n|-unboost|p1a: Kingambit|atk|1\n|-ability|p1a: Kingambit|Defiant|boost\n|-boost|p1a: Kingambit|atk|2\n|move|p1b: Audino|Heal Pulse|p1a: Kingambit\n|-fail|p1a: Kingambit|heal\n|\n|upkeep\n|turn|4\n|\n|t:|1776249819\n|detailschange|p2b: Blastoise|Blastoise-Mega, L50, M, shiny\n|-mega|p2b: Blastoise|Blastoise|Blastoisinite\n|move|p2a: Sinistcha|Rage Powder|p2a: Sinistcha\n|-singleturn|p2a: Sinistcha|move: Rage Powder\n|move|p1a: Kingambit|Swords Dance|p1a: Kingambit\n|-boost|p1a: Kingambit|atk|2\n|move|p1b: Audino|Simple Beam||[still]\n|-fail|p1b: Audino\n|move|p2b: Blastoise|Water Spout|p1a: Kingambit|[spread] p1a,p1b\n|-enditem|p1a: Kingambit|Focus Sash\n|-damage|p1a: Kingambit|1/100\n|-damage|p1b: Audino|8/100\n|\n|upkeep\n|turn|5\n|\n|t:|1776249843\n|move|p2b: Blastoise|Protect|p2b: Blastoise\n|-singleturn|p2b: Blastoise|Protect\n|move|p1a: Kingambit|Kowtow Cleave|p2b: Blastoise\n|-activate|p2b: Blastoise|move: Protect\n|move|p2a: Sinistcha|Matcha Gotcha|p1a: Kingambit|[spread] p1b\n|-miss|p2a: Sinistcha|p1a: Kingambit\n|-damage|p1b: Audino|0 fnt\n|faint|p1b: Audino\n|\n|-fieldend|move: Trick Room\n|upkeep\n|-message|eeasdadasd forfeited.\n|\n|win|uhahaha\n|raw|eeasdadasd's rating: 1000 &rarr; <strong>1000</strong><br />(+0 for losing)\n|raw|uhahaha's rating: 1000 &rarr; <strong>1040</strong><br />(+40 for winning)\n|l|\u2606eeasdadasd\n|player|p1|\n",
  "uploadtime": 1776249871,
  "views": 19,
  "formatid": "gen9championsvgc2026regma",
  "rating": 1000,
  "private": 0,
  "password": null
}