{
  "id": "gen9championsvgc2026regma-2585520881",
  "format": "[Gen 9 Champions] VGC 2026 Reg M-A",
  "players": [
    "wutheheeeeelll",
    "ViciousCricket"
  ],
  "log": "|j|\u2606wutheheeeeelll\n|j|\u2606ViciousCricket\n|t:|1776353059\n|gametype|doubles\n|player|p1|wutheheeeeelll|fisherman-gen4|1092\n|player|p2|ViciousCricket|1|1018\n|gen|9\n|tier|[Gen 9 Champions] VGC 2026 Reg M-A\n|rated|\n|rule|Species Clause: Limit one of each Pok\u00e9mon\n|rule|Item Clause: Limit 1 of each item\n|clearpoke\n|poke|p1|Whimsicott, L50, M|\n|poke|p1|Starmie, L50|\n|poke|p1|Sinistcha-Masterpiece, L50|\n|poke|p1|Aerodactyl, L50, F|\n|poke|p1|Hawlucha, L50, F|\n|poke|p1|Armarouge, L50, F|\n|poke|p2|Scovillain, L50, F|\n|poke|p2|Volcarona, L50, F|\n|poke|p2|Sneasler, L50, M|\n|poke|p2|Maushold, L50|\n|poke|p2|Aerodactyl, L50, F|\n|poke|p2|Farigiraf, L50, M|\n|teampreview|4\n|inactive|Battle timer is ON: inactive players will automatically lose when time's up. (requested by ViciousCricket)\n|inactive|wutheheeeeelll has 60 seconds left.\n|\n|t:|1776353090\n|teamsize|p1|4\n|teamsize|p2|4\n|start\n|switch|p1a: Starmie|Starmie, L50|100/100\n|switch|p1b: Sinistcha|Sinistcha-Masterpiece, L50|100/100\n|switch|p2a: Scovillain|Scovillain, L50, F|100/100\n|switch|p2b: Volcarona|Volcarona, L50, F|100/100\n|turn|1\n|\n|t:|1776353101\n|detailschange|p1a: Starmie|Starmie-Mega, L50\n|-mega|p1a: Starmie|Starmie|Starminite\n|detailschange|p2a: Scovillain|Scovillain-Mega, L50, F\n|-mega|p2a: Scovillain|Scovillain|Scovillainite\n|move|p2a: Scovillain|Rage Powder|p2a: Scovillain\n|-singleturn|p2a: Scovillain|move: Rage Powder\n|move|p1a: Starmie|Self-Destruct|p2a: Scovillain|[spread] p2a,p2b\n|-immune|p1b: Sinistcha\n|-damage|p2a: Scovillain|29/100\n|-damage|p2b: Volcarona|0 fnt\n|faint|p1a: Starmie\n|faint|p2b: Volcarona\n|move|p1b: Sinistcha|Imprison|p1b: Sinistcha\n|-start|p1b: Sinistcha|move: Imprison\n|\n|upkeep\n|\n|t:|1776353120\n|switch|p1a: Armarouge|Armarouge, L50, F|100/100\n|switch|p2b: Aerodactyl|Aerodactyl, L50, F|100/100\n|-ability|p2b: Aerodactyl|Unnerve\n|turn|2\n|\n|t:|1776353131\n|move|p1b: Sinistcha|Rage Powder|p1b: Sinistcha\n|-singleturn|p1b: Sinistcha|move: Rage Powder\n|move|p1a: Armarouge|Psychic|p2b: Aerodactyl\n|-damage|p2b: Aerodactyl|30/100\n|move|p2b: Aerodactyl|Rock Slide|p1b: Sinistcha|[spread] p1a,p1b\n|-supereffective|p1a: Armarouge|1\n|-damage|p1a: Armarouge|45/100\n|-damage|p1b: Sinistcha|83/100\n|-ability|p1a: Armarouge|Weak Armor|boost\n|-unboost|p1a: Armarouge|def|1\n|-boost|p1a: Armarouge|spe|2\n|move|p2a: Scovillain|Leech Seed|p1a: Armarouge\n|-start|p1a: Armarouge|move: Leech Seed\n|\n|-damage|p1a: Armarouge|33/100|[from] Leech Seed|[of] p2a: Scovillain\n|-heal|p2a: Scovillain|41/100|[silent]\n|upkeep\n|turn|3\n|\n|t:|1776353149\n|move|p1a: Armarouge|Psychic|p2a: Scovillain\n|-damage|p2a: Scovillain|0 fnt\n|-immune|p1a: Armarouge\n|faint|p2a: Scovillain\n|move|p2b: Aerodactyl|Tailwind|p2b: Aerodactyl\n|-sidestart|p2: ViciousCricket|move: Tailwind\n|move|p1b: Sinistcha|Matcha Gotcha|p2b: Aerodactyl\n|-damage|p2b: Aerodactyl|0 fnt\n|-heal|p1b: Sinistcha|96/100|[from] drain|[of] p2b: Aerodactyl\n|faint|p2b: Aerodactyl\n|\n|upkeep\n|\n|t:|1776353155\n|switch|p2b: Maushold|Maushold, L50|100/100\n|turn|4\n|\n|t:|1776353164\n|move|p1a: Armarouge|Psychic|p2b: Maushold\n|-damage|p2b: Maushold|44/100\n|-enditem|p2b: Maushold|Sitrus Berry|[eat]\n|-heal|p2b: Maushold|68/100|[from] item: Sitrus Berry\n|-heal|p2b: Maushold|100/100|[from] ability: Cheek Pouch\n|move|p2b: Maushold|Super Fang|p1a: Armarouge\n|-damage|p1a: Armarouge|17/100\n|-ability|p1a: Armarouge|Weak Armor|boost\n|-unboost|p1a: Armarouge|def|1\n|-boost|p1a: Armarouge|spe|2\n|move|p1b: Sinistcha|Matcha Gotcha|p2b: Maushold\n|-damage|p2b: Maushold|62/100\n|-heal|p1b: Sinistcha|100/100|[from] drain|[of] p2b: Maushold\n|\n|upkeep\n|turn|5\n|-message|ViciousCricket forfeited.\n|\n|win|wutheheeeeelll\n|raw|wutheheeeeelll's rating: 1092 &rarr; <strong>1113</strong><br />(+21 for winning)\n|raw|ViciousCricket's rating: 1018 &rarr; <strong>1008</strong><br />(-10 for losing)\n|l|\u2606ViciousCricket\n|player|p2|\n",
  "uploadtime": 1776353174,
  "views": 32,
  "formatid": "gen9championsvgc2026regma",
  "rating": 1008,
  "private": 0,
  "password": null
}