{
  "id": "gen9championsvgc2026regma-2588314512",
  "format": "[Gen 9 Champions] VGC 2026 Reg M-A",
  "players": [
    "Sceptilicious",
    "gibsao"
  ],
  "log": "|j|\u2606Sceptilicious\n|j|\u2606gibsao\n|t:|1776623360\n|gametype|doubles\n|player|p1|Sceptilicious|101|1067\n|player|p2|gibsao|wattson|1163\n|gen|9\n|tier|[Gen 9 Champions] VGC 2026 Reg M-A\n|rated|\n|rule|Species Clause: Limit one of each Pok\u00e9mon\n|rule|Item Clause: Limit 1 of each item\n|clearpoke\n|poke|p1|Sinistcha, L50|\n|poke|p1|Feraligatr, L50, F|\n|poke|p1|Talonflame, L50, M, shiny|\n|poke|p1|Glimmora, L50, M|\n|poke|p1|Tinkaton, L50, F|\n|poke|p1|Gliscor, L50, M|\n|poke|p2|Froslass, L50, F|\n|poke|p2|Tauros-Paldea-Aqua, L50, M|\n|poke|p2|Delphox, L50, F|\n|poke|p2|Sneasler, L50, M|\n|poke|p2|Goodra-Hisui, L50, F|\n|poke|p2|Talonflame, L50, M|\n|teampreview|4\n|\n|t:|1776623464\n|teamsize|p1|4\n|teamsize|p2|4\n|start\n|switch|p1a: Glimmora|Glimmora, L50, M|100/100\n|switch|p1b: Feraligatr|Feraligatr, L50, F|100/100\n|switch|p2a: Mochila|Sneasler, L50, M|100/100\n|switch|p2b: Slackline|Delphox, L50, F|100/100\n|turn|1\n|\n|t:|1776623488\n|detailschange|p2b: Slackline|Delphox-Mega, L50, F\n|-mega|p2b: Slackline|Delphox|Delphoxite\n|detailschange|p1b: Feraligatr|Feraligatr-Mega, L50, F\n|-mega|p1b: Feraligatr|Feraligatr|Feraligite\n|move|p1b: Feraligatr|Protect|p1b: Feraligatr\n|-singleturn|p1b: Feraligatr|Protect\n|move|p1a: Glimmora|Spiky Shield|p1a: Glimmora\n|-singleturn|p1a: Glimmora|move: Protect\n|move|p2a: Mochila|Fake Out|p1b: Feraligatr\n|-activate|p1b: Feraligatr|move: Protect\n|move|p2b: Slackline|Psychic|p1a: Glimmora\n|-activate|p1a: Glimmora|move: Protect\n|\n|upkeep\n|turn|2\n|\n|t:|1776623514\n|switch|p2a: Tauros|Tauros-Paldea-Aqua, L50, M|100/100\n|-ability|p2a: Tauros|Intimidate|boost\n|-unboost|p1a: Glimmora|atk|1\n|-unboost|p1b: Feraligatr|atk|1\n|move|p2b: Slackline|Protect|p2b: Slackline\n|-singleturn|p2b: Slackline|Protect\n|move|p1b: Feraligatr|Liquidation|p2b: Slackline\n|-activate|p2b: Slackline|move: Protect\n|move|p1a: Glimmora|Stealth Rock|p2a: Tauros\n|-sidestart|p2: gibsao|move: Stealth Rock\n|\n|upkeep\n|turn|3\n|\n|t:|1776623631\n|switch|p2b: Talonflame|Talonflame, L50, M|100/100\n|-damage|p2b: Talonflame|51/100|[from] Stealth Rock\n|move|p1b: Feraligatr|Aqua Jet|p2b: Talonflame\n|-supereffective|p2b: Talonflame|1\n|-damage|p2b: Talonflame|0 fnt\n|faint|p2b: Talonflame\n|move|p2a: Tauros|Wave Crash|p1a: Glimmora\n|-supereffective|p1a: Glimmora|1\n|-enditem|p1a: Glimmora|Focus Sash\n|-damage|p1a: Glimmora|1/100\n|-activate|p1a: Glimmora|ability: Toxic Debris\n|-sidestart|p2: gibsao|move: Toxic Spikes\n|-damage|p2a: Tauros|65/100|[from] Recoil\n|move|p1a: Glimmora|Mortal Spin|p2a: Tauros\n|-damage|p2a: Tauros|58/100\n|-status|p2a: Tauros|psn\n|\n|-damage|p2a: Tauros|46/100 psn|[from] psn\n|upkeep\n|\n|t:|1776623650\n|switch|p2b: Mochila|Sneasler, L50, M|100/100\n|-damage|p2b: Mochila|95/100|[from] Stealth Rock\n|-sideend|p2: gibsao|move: Toxic Spikes|[of] p2b: Mochila\n|turn|4\n|\n|t:|1776623666\n|switch|p2a: Slackline|Delphox-Mega, L50, F|100/100\n|-damage|p2a: Slackline|76/100|[from] Stealth Rock\n|switch|p1b: Sinistcha|Sinistcha, L50|100/100\n|-heal|p1a: Glimmora|26/100|[from] ability: Hospitality|[of] p1b: Sinistcha\n|move|p1a: Glimmora|Spiky Shield|p1a: Glimmora\n|-singleturn|p1a: Glimmora|move: Protect\n|move|p2b: Mochila|Fake Out|p1a: Glimmora\n|-activate|p1a: Glimmora|move: Protect\n|-damage|p2b: Mochila|82/100|[from] Spiky Shield|[of] p1a: Glimmora\n|\n|upkeep\n|turn|5\n|\n|t:|1776623691\n|move|p1b: Sinistcha|Rage Powder|p1b: Sinistcha\n|-singleturn|p1b: Sinistcha|move: Rage Powder\n|move|p2a: Slackline|Heat Wave|p1a: Glimmora|[spread] p1a,p1b\n|-resisted|p1a: Glimmora|1\n|-supereffective|p1b: Sinistcha|1\n|-damage|p1a: Glimmora|3/100\n|-damage|p1b: Sinistcha|6/100\n|-status|p1a: Glimmora|brn\n|-enditem|p1b: Sinistcha|Sitrus Berry|[eat]\n|-heal|p1b: Sinistcha|31/100|[from] item: Sitrus Berry\n|move|p2b: Mochila|Close Combat|p1b: Sinistcha\n|-immune|p1b: Sinistcha\n|move|p1a: Glimmora|Explosion|p2b: Mochila|[spread] p2a,p2b\n|-immune|p1b: Sinistcha\n|-damage|p2a: Slackline|59/100\n|-damage|p2b: Mochila|64/100\n|faint|p1a: Glimmora\n|\n|upkeep\n|\n|t:|1776623713\n|switch|p1a: Talonflame|Talonflame, L50, M, shiny|100/100\n|turn|6\n|\n|t:|1776623727\n|move|p2b: Mochila|Protect|p2b: Mochila\n|-singleturn|p2b: Mochila|Protect\n|move|p1b: Sinistcha|Rage Powder|p1b: Sinistcha\n|-singleturn|p1b: Sinistcha|move: Rage Powder\n|move|p1a: Talonflame|Dual Wingbeat|p2b: Mochila\n|-activate|p2b: Mochila|move: Protect\n|move|p2a: Slackline|Heat Wave|p1b: Sinistcha|[spread] p1a,p1b\n|-resisted|p1a: Talonflame|1\n|-supereffective|p1b: Sinistcha|1\n|-damage|p1a: Talonflame|67/100\n|-damage|p1b: Sinistcha|0 fnt\n|faint|p1b: Sinistcha\n|\n|upkeep\n|\n|t:|1776623738\n|switch|p1b: Feraligatr|Feraligatr-Mega, L50, F|100/100\n|turn|7\n|\n|t:|1776623754\n|switch|p2b: Tauros|Tauros-Paldea-Aqua, L50, M|46/100 psn\n|-damage|p2b: Tauros|41/100 psn|[from] Stealth Rock\n|-ability|p2b: Tauros|Intimidate|boost\n|-unboost|p1a: Talonflame|atk|1\n|-unboost|p1b: Feraligatr|atk|1\n|-enditem|p1a: Talonflame|White Herb\n|-clearnegativeboost|p1a: Talonflame|[silent]\n|move|p2a: Slackline|Psychic|p1b: Feraligatr\n|-damage|p1b: Feraligatr|42/100\n|move|p1a: Talonflame|Tailwind|p1a: Talonflame\n|-sidestart|p1: Sceptilicious|move: Tailwind\n|move|p1b: Feraligatr|Liquidation|p2b: Tauros\n|-resisted|p2b: Tauros|1\n|-damage|p2b: Tauros|22/100 psn\n|\n|-damage|p2b: Tauros|10/100 psn|[from] psn\n|upkeep\n|turn|8\n|\n|t:|1776623782\n|move|p2a: Slackline|Protect|p2a: Slackline\n|-singleturn|p2a: Slackline|Protect\n|move|p1b: Feraligatr|Aqua Jet|p2a: Slackline\n|-activate|p2a: Slackline|move: Protect\n|move|p2b: Tauros|Aqua Jet|p1a: Talonflame\n|-supereffective|p1a: Talonflame|1\n|-damage|p1a: Talonflame|8/100\n|move|p1a: Talonflame|Dual Wingbeat|p2a: Slackline\n|-activate|p2a: Slackline|move: Protect\n|\n|-damage|p2b: Tauros|0 fnt|[from] psn\n|faint|p2b: Tauros\n|upkeep\n|\n|t:|1776623794\n|switch|p2b: Mochila|Sneasler, L50, M|64/100\n|-damage|p2b: Mochila|58/100|[from] Stealth Rock\n|turn|9\n|\n|t:|1776623807\n|move|p1a: Talonflame|Protect|p1a: Talonflame\n|-singleturn|p1a: Talonflame|Protect\n|move|p1b: Feraligatr|Protect|p1b: Feraligatr\n|-singleturn|p1b: Feraligatr|Protect\n|move|p2b: Mochila|Fake Out|p1b: Feraligatr\n|-activate|p1b: Feraligatr|move: Protect\n|move|p2a: Slackline|Heat Wave|p1a: Talonflame|[spread] \n|-activate|p1a: Talonflame|move: Protect\n|-activate|p1b: Feraligatr|move: Protect\n|\n|upkeep\n|turn|10\n|\n|t:|1776623820\n|move|p2a: Slackline|Protect|p2a: Slackline\n|-singleturn|p2a: Slackline|Protect\n|move|p2b: Mochila|Protect|p2b: Mochila\n|-singleturn|p2b: Mochila|Protect\n|move|p1b: Feraligatr|Aqua Jet|p2a: Slackline\n|-activate|p2a: Slackline|move: Protect\n|move|p1a: Talonflame|Dual Wingbeat|p2b: Mochila\n|-activate|p2b: Mochila|move: Protect\n|\n|-sideend|p1: Sceptilicious|move: Tailwind\n|upkeep\n|turn|11\n|\n|t:|1776623834\n|move|p1b: Feraligatr|Aqua Jet|p2a: Slackline\n|-supereffective|p2a: Slackline|1\n|-damage|p2a: Slackline|3/100\n|move|p2a: Slackline|Psychic|p1b: Feraligatr\n|-crit|p1b: Feraligatr\n|-damage|p1b: Feraligatr|0 fnt\n|faint|p1b: Feraligatr\n|move|p1a: Talonflame|Dual Wingbeat|p2b: Mochila\n|-supereffective|p2b: Mochila|1\n|-damage|p2b: Mochila|0 fnt\n|faint|p2b: Mochila\n|-hitcount|p2: Mochila|1\n|\n|upkeep\n|turn|12\n|\n|t:|1776623851\n|move|p1a: Talonflame|Protect|p1a: Talonflame\n|-singleturn|p1a: Talonflame|Protect\n|move|p2a: Slackline|Psychic|p1a: Talonflame\n|-activate|p1a: Talonflame|move: Protect\n|\n|upkeep\n|turn|13\n|\n|t:|1776623858\n|move|p2a: Slackline|Psychic|p1a: Talonflame\n|-damage|p1a: Talonflame|0 fnt\n|faint|p1a: Talonflame\n|\n|win|gibsao\n|raw|Sceptilicious's rating: 1067 &rarr; <strong>1052</strong><br />(-15 for losing)\n|raw|gibsao's rating: 1163 &rarr; <strong>1181</strong><br />(+18 for winning)\n|c|\u2606Sceptilicious|gg\n",
  "uploadtime": 1776623864,
  "views": 8,
  "formatid": "gen9championsvgc2026regma",
  "rating": 1052,
  "private": 0,
  "password": null
}