{
  "id": "gen9championsvgc2026regma-2586882120",
  "format": "[Gen 9 Champions] VGC 2026 Reg M-A",
  "players": [
    "miguelmnc2",
    "mrguy888"
  ],
  "log": "|j|\u2606miguelmnc2\n|j|\u2606mrguy888\n|t:|1776468173\n|gametype|doubles\n|player|p1|miguelmnc2|cynthia-gen4|1349\n|player|p2|mrguy888|noland-gen3|1297\n|gen|9\n|tier|[Gen 9 Champions] VGC 2026 Reg M-A\n|rated|\n|rule|Species Clause: Limit one of each Pok\u00e9mon\n|rule|Item Clause: Limit 1 of each item\n|clearpoke\n|poke|p1|Tyranitar, L50, M|\n|poke|p1|Garchomp, L50, F|\n|poke|p1|Aerodactyl, L50, M|\n|poke|p1|Excadrill, L50, F|\n|poke|p1|Sneasler, L50, F|\n|poke|p1|Avalugg-Hisui, L50, M|\n|poke|p2|Floette-Eternal, L50, F|\n|poke|p2|Aerodactyl, L50, F|\n|poke|p2|Tauros-Paldea-Aqua, L50, M|\n|poke|p2|Kangaskhan, L50, F|\n|poke|p2|Rotom-Heat, L50|\n|poke|p2|Aegislash, L50, M|\n|teampreview|4\n|inactive|Battle timer is ON: inactive players will automatically lose when time's up. (requested by mrguy888)\n|inactive|miguelmnc2 has 60 seconds left.\n|inactive|mrguy888 has 60 seconds left.\n|inactive|mrguy888 has 30 seconds left.\n|\n|t:|1776468237\n|teamsize|p1|4\n|teamsize|p2|4\n|start\n|switch|p1a: Aerodactyl|Aerodactyl, L50, M|100/100\n|switch|p1b: Sneasler|Sneasler, L50, F, shiny|100/100\n|switch|p2a: Aerodactyl|Aerodactyl, L50, F|100/100\n|switch|p2b: Kangaskhan|Kangaskhan, L50, F|100/100\n|-ability|p2a: Aerodactyl|Unnerve\n|-ability|p1a: Aerodactyl|Pressure\n|turn|1\n|\n|t:|1776468257\n|detailschange|p2b: Kangaskhan|Kangaskhan-Mega, L50, F\n|-mega|p2b: Kangaskhan|Kangaskhan|Kangaskhanite\n|move|p2b: Kangaskhan|Fake Out|p1a: Aerodactyl\n|-resisted|p1a: Aerodactyl|1\n|-damage|p1a: Aerodactyl|84/100\n|-resisted|p1a: Aerodactyl|1\n|-damage|p1a: Aerodactyl|80/100\n|-hitcount|p1a: Aerodactyl|2\n|move|p2a: Aerodactyl|Dual Wingbeat|p1b: Sneasler\n|-supereffective|p1b: Sneasler|1\n|-damage|p1b: Sneasler|46/100\n|-supereffective|p1b: Sneasler|1\n|-damage|p1b: Sneasler|0 fnt\n|faint|p1b: Sneasler\n|-hitcount|p1: Sneasler|2\n|cant|p1a: Aerodactyl|flinch\n|\n|upkeep\n|\n|t:|1776468269\n|switch|p1b: Tyranitar|Tyranitar, L50, M|100/100\n|-weather|Sandstorm|[from] ability: Sand Stream|[of] p1b: Tyranitar\n|turn|2\n|\n|t:|1776468280\n|move|p1b: Tyranitar|Protect|p1b: Tyranitar\n|-singleturn|p1b: Tyranitar|Protect\n|move|p2a: Aerodactyl|Tailwind|p2a: Aerodactyl\n|-sidestart|p2: mrguy888|move: Tailwind\n|move|p2b: Kangaskhan|Drain Punch|p1b: Tyranitar\n|-activate|p1b: Tyranitar|move: Protect\n|move|p1a: Aerodactyl|Tailwind|p1a: Aerodactyl\n|-sidestart|p1: miguelmnc2|move: Tailwind\n|\n|-weather|Sandstorm|[upkeep]\n|-damage|p2b: Kangaskhan|94/100|[from] Sandstorm\n|upkeep\n|turn|3\n|\n|t:|1776468303\n|detailschange|p1b: Tyranitar|Tyranitar-Mega, L50, M\n|-mega|p1b: Tyranitar|Tyranitar|Tyranitarite\n|move|p2a: Aerodactyl|Rock Slide|p1b: Tyranitar|[spread] p1b\n|-miss|p2a: Aerodactyl|p1a: Aerodactyl\n|-damage|p1b: Tyranitar|85/100\n|move|p1a: Aerodactyl|Rock Slide|p2a: Aerodactyl|[spread] p2a,p2b\n|-supereffective|p2a: Aerodactyl|1\n|-damage|p2a: Aerodactyl|37/100\n|-damage|p2b: Kangaskhan|77/100\n|move|p2b: Kangaskhan|Drain Punch|p1b: Tyranitar\n|-supereffective|p1b: Tyranitar|2\n|-damage|p1b: Tyranitar|15/100\n|-heal|p2b: Kangaskhan|100/100|[from] drain|[of] p1b: Tyranitar\n|-supereffective|p1b: Tyranitar|2\n|-damage|p1b: Tyranitar|0 fnt\n|faint|p1b: Tyranitar\n|-hitcount|p1: Tyranitar|2\n|\n|-weather|Sandstorm|[upkeep]\n|-damage|p2b: Kangaskhan|94/100|[from] Sandstorm\n|upkeep\n|inactive|miguelmnc2 has 30 seconds left.\n|inactive|miguelmnc2 has 20 seconds left.\n|inactive|miguelmnc2 has 15 seconds left.\n|inactive|miguelmnc2 has 10 seconds left.\n|inactive|miguelmnc2 has 5 seconds left.\n|\n|t:|1776468358\n|switch|p1b: Excadrill|Excadrill, L50, F|100/100\n|turn|4\n|inactive|miguelmnc2 has 30 seconds left.\n|inactive|miguelmnc2 has 20 seconds left.\n|inactive|miguelmnc2 has 15 seconds left.\n|inactive|miguelmnc2 has 10 seconds left.\n|inactive|miguelmnc2 has 5 seconds left.\n|\n|t:|1776468410\n|switch|p2a: Tauros|Tauros-Paldea-Aqua, L50, M|100/100\n|-ability|p2a: Tauros|Intimidate|boost\n|-unboost|p1a: Aerodactyl|atk|1\n|-unboost|p1b: Excadrill|atk|1\n|move|p1b: Excadrill|Earthquake|p2b: Kangaskhan|[spread] p2a,p2b\n|-immune|p1a: Aerodactyl\n|-damage|p2a: Tauros|64/100\n|-damage|p2b: Kangaskhan|63/100\n|move|p1a: Aerodactyl|Rock Slide|p2b: Kangaskhan|[spread] p2a,p2b\n|-resisted|p2a: Tauros|1\n|-damage|p2a: Tauros|56/100\n|-damage|p2b: Kangaskhan|51/100\n|move|p2b: Kangaskhan|Drain Punch|p1b: Excadrill\n|-supereffective|p1b: Excadrill|1\n|-damage|p1b: Excadrill|35/100\n|-heal|p2b: Kangaskhan|85/100|[from] drain|[of] p1b: Excadrill\n|-supereffective|p1b: Excadrill|1\n|-damage|p1b: Excadrill|19/100\n|-heal|p2b: Kangaskhan|93/100|[from] drain|[of] p1b: Excadrill\n|-hitcount|p1b: Excadrill|2\n|\n|-weather|Sandstorm|[upkeep]\n|-damage|p2a: Tauros|50/100|[from] Sandstorm\n|-damage|p2b: Kangaskhan|87/100|[from] Sandstorm\n|upkeep\n|turn|5\n|-message|miguelmnc2 forfeited.\n|\n|win|mrguy888\n|raw|miguelmnc2's rating: 1349 &rarr; <strong>1326</strong><br />(-23 for losing)\n|raw|mrguy888's rating: 1297 &rarr; <strong>1326</strong><br />(+29 for winning)\n|l|\u2606miguelmnc2\n|player|p1|\n",
  "uploadtime": 1776468431,
  "views": 40,
  "formatid": "gen9championsvgc2026regma",
  "rating": 1326,
  "private": 0,
  "password": null
}