{
  "id": "gen9championsvgc2026regma-2582097145",
  "format": "[Gen 9 Champions] VGC 2026 Reg M-A",
  "players": [
    "925r",
    "tlg talks"
  ],
  "log": "|j|\u203d925r\n|j|\u2606tlg talks\n|t:|1776057485\n|gametype|doubles\n|player|p1|925r|266|1051\n|player|p2|tlg talks|101|1048\n|gen|9\n|tier|[Gen 9 Champions] VGC 2026 Reg M-A\n|rated|\n|rule|Species Clause: Limit one of each Pok\u00e9mon\n|rule|Item Clause: Limit 1 of each item\n|clearpoke\n|poke|p1|Espeon, L50, M|\n|poke|p1|Gardevoir, L50, M|\n|poke|p1|Pangoro, L50, M|\n|poke|p1|Arcanine, L50, F|\n|poke|p1|Drampa, L50, M|\n|poke|p1|Corviknight, L50, M|\n|poke|p2|Hawlucha, L50, M|\n|poke|p2|Garganacl, L50, M|\n|poke|p2|Torkoal, L50, F|\n|poke|p2|Farigiraf, L50, M|\n|poke|p2|Sinistcha, L50|\n|poke|p2|Mamoswine, L50, M|\n|teampreview|4\n|inactive|Battle timer is ON: inactive players will automatically lose when time's up. (requested by tlg talks)\n|\n|t:|1776057536\n|teamsize|p1|4\n|teamsize|p2|4\n|start\n|switch|p1a: Pangoro|Pangoro, L50, M, shiny|100/100\n|switch|p1b: Arcanine|Arcanine, L50, F|100/100\n|switch|p2a: Hawlucha|Hawlucha, L50, M|100/100\n|switch|p2b: Garganacl|Garganacl, L50, M|100/100\n|-ability|p1b: Arcanine|Intimidate|boost\n|-unboost|p2a: Hawlucha|atk|1\n|-unboost|p2b: Garganacl|atk|1\n|turn|1\n|\n|t:|1776057561\n|detailschange|p2a: Hawlucha|Hawlucha-Mega, L50, M\n|-mega|p2a: Hawlucha|Hawlucha|Hawluchanite\n|move|p2a: Hawlucha|Entrainment|p2b: Garganacl\n|-ability|p2b: Garganacl|No Guard|Purifying Salt|[from] move: Entrainment|[of] p2a: Hawlucha\n|move|p1b: Arcanine|Will-O-Wisp|p2a: Hawlucha\n|-status|p2a: Hawlucha|brn\n|move|p1a: Pangoro|Bulk Up|p1a: Pangoro\n|-boost|p1a: Pangoro|atk|1\n|-boost|p1a: Pangoro|def|1\n|move|p2b: Garganacl|Fissure|p1a: Pangoro\n|-damage|p1a: Pangoro|0 fnt\n|faint|p1a: Pangoro\n|-ohko\n|\n|-damage|p2a: Hawlucha|95/100 brn|[from] brn\n|upkeep\n|\n|t:|1776057579\n|switch|p1a: Corviknight|Corviknight, L50, M, shiny|100/100\n|turn|2\n|\n|t:|1776057599\n|move|p1b: Arcanine|Helping Hand|p1a: Corviknight\n|-singleturn|p1a: Corviknight|Helping Hand|[of] p1b: Arcanine\n|move|p2a: Hawlucha|U-turn|p1a: Corviknight\n|-resisted|p1a: Corviknight|2\n|-damage|p1a: Corviknight|99/100\n|\n|t:|1776057607\n|switch|p2a: Mamoswine|Mamoswine, L50, M|100/100|[from] U-turn\n|move|p1a: Corviknight|Iron Head|p2b: Garganacl\n|-supereffective|p2b: Garganacl|1\n|-damage|p2b: Garganacl|25/100\n|cant|p2b: Garganacl|flinch\n|\n|-heal|p1a: Corviknight|100/100|[from] item: Leftovers\n|-heal|p2b: Garganacl|31/100|[from] item: Leftovers\n|upkeep\n|turn|3\n|\n|t:|1776057626\n|move|p2b: Garganacl|Protect|p2b: Garganacl\n|-singleturn|p2b: Garganacl|Protect\n|move|p1b: Arcanine|Will-O-Wisp|p2a: Mamoswine\n|-status|p2a: Mamoswine|brn\n|move|p1a: Corviknight|Iron Head|p2b: Garganacl\n|-activate|p2b: Garganacl|move: Protect\n|move|p2a: Mamoswine|Earthquake|p1a: Corviknight|[spread] p1b\n|-activate|p2b: Garganacl|move: Protect\n|-immune|p1a: Corviknight\n|-supereffective|p1b: Arcanine|1\n|-damage|p1b: Arcanine|55/100\n|\n|-heal|p2b: Garganacl|37/100|[from] item: Leftovers\n|-damage|p2a: Mamoswine|95/100 brn|[from] brn\n|upkeep\n|turn|4\n|inactive|tlg talks has 30 seconds left.\n|\n|t:|1776057658\n|switch|p2b: Hawlucha|Hawlucha-Mega, L50, M|95/100 brn\n|move|p1b: Arcanine|Flare Blitz|p2a: Mamoswine\n|-supereffective|p2a: Mamoswine|1\n|-damage|p2a: Mamoswine|0 fnt\n|faint|p2a: Mamoswine\n|-damage|p1b: Arcanine|18/100|[from] Recoil\n|-enditem|p1b: Arcanine|Sitrus Berry|[eat]\n|-heal|p1b: Arcanine|42/100|[from] item: Sitrus Berry\n|move|p1a: Corviknight|Iron Head|p2b: Hawlucha\n|-damage|p2b: Hawlucha|53/100 brn\n|\n|-damage|p2b: Hawlucha|47/100 brn|[from] brn\n|upkeep\n|\n|t:|1776057669\n|switch|p2a: Sinistcha|Sinistcha, L50|100/100\n|-heal|p2b: Hawlucha|72/100 brn|[from] ability: Hospitality|[of] p2a: Sinistcha\n|turn|5\n|inactive|tlg talks has 30 seconds left.\n|\n|t:|1776057699\n|move|p2b: Hawlucha|U-turn|p1a: Corviknight\n|-resisted|p1a: Corviknight|2\n|-damage|p1a: Corviknight|98/100\n|\n|t:|1776057702\n|switch|p2b: Garganacl|Garganacl, L50, M|37/100|[from] U-turn\n|move|p1b: Arcanine|Flare Blitz|p2a: Sinistcha\n|-supereffective|p2a: Sinistcha|1\n|-damage|p2a: Sinistcha|23/100\n|-enditem|p2a: Sinistcha|Sitrus Berry|[eat]\n|-heal|p2a: Sinistcha|48/100|[from] item: Sitrus Berry\n|-damage|p1b: Arcanine|17/100|[from] Recoil\n|move|p1a: Corviknight|Agility|p1a: Corviknight\n|-boost|p1a: Corviknight|spe|2\n|move|p2a: Sinistcha|Trick Room|p2a: Sinistcha\n|-fieldstart|move: Trick Room|[of] p2a: Sinistcha\n|\n|-heal|p2b: Garganacl|43/100|[from] item: Leftovers\n|-heal|p1a: Corviknight|100/100|[from] item: Leftovers\n|upkeep\n|turn|6\n|inactive|925r has 30 seconds left.\n|inactive|tlg talks has 30 seconds left.\n|\n|t:|1776057736\n|switch|p1b: Drampa|Drampa, L50, M|100/100\n|move|p2a: Sinistcha|Rage Powder|p2a: Sinistcha\n|-singleturn|p2a: Sinistcha|move: Rage Powder\n|move|p2b: Garganacl|Salt Cure|p1a: Corviknight\n|-damage|p1a: Corviknight|87/100\n|-start|p1a: Corviknight|Salt Cure\n|move|p1a: Corviknight|Iron Head|p2a: Sinistcha\n|-damage|p2a: Sinistcha|22/100\n|\n|-heal|p2b: Garganacl|48/100|[from] item: Leftovers\n|-heal|p1a: Corviknight|93/100|[from] item: Leftovers\n|-damage|p1a: Corviknight|81/100|[from] Salt Cure\n|upkeep\n|turn|7\n|\n|t:|1776057760\n|switch|p1a: Arcanine|Arcanine, L50, F|17/100\n|-ability|p1a: Arcanine|Intimidate|boost\n|-unboost|p2a: Sinistcha|atk|1\n|-unboost|p2b: Garganacl|atk|1\n|detailschange|p1b: Drampa|Drampa-Mega, L50, M\n|-mega|p1b: Drampa|Drampa|Drampanite\n|move|p2b: Garganacl|Salt Cure|p1b: Drampa\n|-damage|p1b: Drampa|92/100\n|-start|p1b: Drampa|Salt Cure\n|move|p1b: Drampa|Heat Wave|p2a: Sinistcha|[spread] p2a\n|-miss|p1b: Drampa|p2b: Garganacl\n|-supereffective|p2a: Sinistcha|1\n|-damage|p2a: Sinistcha|0 fnt\n|faint|p2a: Sinistcha\n|\n|-heal|p2b: Garganacl|54/100|[from] item: Leftovers\n|-damage|p1b: Drampa|86/100|[from] Salt Cure\n|upkeep\n|\n|t:|1776057773\n|switch|p2a: Hawlucha|Hawlucha-Mega, L50, M|72/100 brn\n|turn|8\n|inactive|925r has 30 seconds left.\n|inactive|925r has 20 seconds left.\n|inactive|925r has 15 seconds left.\n|\n|t:|1776057818\n|switch|p1b: Corviknight|Corviknight, L50, M, shiny|81/100\n|move|p2b: Garganacl|Recover|p2b: Garganacl\n|-heal|p2b: Garganacl|100/100\n|move|p1a: Arcanine|Flare Blitz|p2a: Hawlucha\n|-damage|p2a: Hawlucha|12/100 brn\n|-damage|p1a: Arcanine|0 fnt|[from] Recoil\n|faint|p1a: Arcanine\n|move|p2a: Hawlucha|Entrainment|p2b: Garganacl\n|-ability|p2b: Garganacl|No Guard|Purifying Salt|[from] move: Entrainment|[of] p2a: Hawlucha\n|\n|-heal|p1b: Corviknight|87/100|[from] item: Leftovers\n|-damage|p2a: Hawlucha|6/100 brn|[from] brn\n|upkeep\n|\n|t:|1776057834\n|switch|p1a: Drampa|Drampa-Mega, L50, M|86/100\n|turn|9\n|\n|t:|1776057850\n|move|p2b: Garganacl|Fissure|p1a: Drampa\n|-damage|p1a: Drampa|0 fnt\n|faint|p1a: Drampa\n|-ohko\n|move|p1b: Corviknight|Agility|p1b: Corviknight\n|-boost|p1b: Corviknight|spe|2\n|move|p2a: Hawlucha|Flying Press|p1b: Corviknight\n|-resisted|p1b: Corviknight|1\n|-damage|p1b: Corviknight|74/100\n|\n|-heal|p1b: Corviknight|80/100|[from] item: Leftovers\n|-damage|p2a: Hawlucha|0 fnt|[from] brn\n|faint|p2a: Hawlucha\n|-fieldend|move: Trick Room\n|upkeep\n|turn|10\n|\n|t:|1776057868\n|move|p1b: Corviknight|Iron Head|p2b: Garganacl\n|-supereffective|p2b: Garganacl|1\n|-damage|p2b: Garganacl|53/100\n|move|p2b: Garganacl|Salt Cure|p1b: Corviknight\n|-damage|p1b: Corviknight|71/100\n|-start|p1b: Corviknight|Salt Cure\n|\n|-heal|p1b: Corviknight|77/100|[from] item: Leftovers\n|-heal|p2b: Garganacl|59/100|[from] item: Leftovers\n|-damage|p1b: Corviknight|65/100|[from] Salt Cure\n|upkeep\n|turn|11\n|\n|t:|1776057879\n|move|p2b: Garganacl|Protect|p2b: Garganacl\n|-singleturn|p2b: Garganacl|Protect\n|move|p1b: Corviknight|Iron Head|p2b: Garganacl\n|-activate|p2b: Garganacl|move: Protect\n|\n|-heal|p1b: Corviknight|71/100|[from] item: Leftovers\n|-heal|p2b: Garganacl|65/100|[from] item: Leftovers\n|-damage|p1b: Corviknight|59/100|[from] Salt Cure\n|upkeep\n|turn|12\n|\n|t:|1776057889\n|move|p1b: Corviknight|Iron Head|p2b: Garganacl\n|-supereffective|p2b: Garganacl|1\n|-damage|p2b: Garganacl|17/100\n|move|p2b: Garganacl|Recover|p2b: Garganacl\n|-heal|p2b: Garganacl|68/100\n|\n|-heal|p1b: Corviknight|65/100|[from] item: Leftovers\n|-heal|p2b: Garganacl|73/100|[from] item: Leftovers\n|-damage|p1b: Corviknight|52/100|[from] Salt Cure\n|upkeep\n|turn|13\n|\n|t:|1776057899\n|move|p2b: Garganacl|Protect|p2b: Garganacl\n|-singleturn|p2b: Garganacl|Protect\n|move|p1b: Corviknight|Roost|p1b: Corviknight\n|-heal|p1b: Corviknight|100/100\n|-singleturn|p1b: Corviknight|move: Roost\n|\n|-heal|p2b: Garganacl|79/100|[from] item: Leftovers\n|-damage|p1b: Corviknight|88/100|[from] Salt Cure\n|upkeep\n|turn|14\n|\n|t:|1776057910\n|move|p1b: Corviknight|Iron Head|p2b: Garganacl\n|-supereffective|p2b: Garganacl|1\n|-damage|p2b: Garganacl|35/100\n|move|p2b: Garganacl|Recover|p2b: Garganacl\n|-heal|p2b: Garganacl|85/100\n|\n|-heal|p1b: Corviknight|94/100|[from] item: Leftovers\n|-heal|p2b: Garganacl|91/100|[from] item: Leftovers\n|-damage|p1b: Corviknight|82/100|[from] Salt Cure\n|upkeep\n|turn|15\n|\n|t:|1776057926\n|move|p1b: Corviknight|Roost|p1b: Corviknight\n|-heal|p1b: Corviknight|100/100\n|-singleturn|p1b: Corviknight|move: Roost\n|move|p2b: Garganacl|Fissure|p1b: Corviknight\n|-damage|p1b: Corviknight|0 fnt\n|faint|p1b: Corviknight\n|-ohko\n|\n|win|tlg talks\n|raw|925r's rating: 1051 &rarr; <strong>1033</strong><br />(-18 for losing)\n|raw|tlg talks's rating: 1048 &rarr; <strong>1081</strong><br />(+33 for winning)\n|l|\u203d925r\n|player|p1|\n",
  "uploadtime": 1776057943,
  "views": 39,
  "formatid": "gen9championsvgc2026regma",
  "rating": 1033,
  "private": 0,
  "password": null
}