{
  "id": "gen9championsvgc2026regma-2583306899",
  "format": "[Gen 9 Champions] VGC 2026 Reg M-A",
  "players": [
    "rentotanaka",
    "campeondelfitness"
  ],
  "log": "|j|\u2606rentotanaka\n|j|\u2606campeondelfitness\n|t:|1776165334\n|gametype|doubles\n|player|p1|rentotanaka|170|1218\n|player|p2|campeondelfitness|swimmer|1158\n|gen|9\n|tier|[Gen 9 Champions] VGC 2026 Reg M-A\n|rated|\n|rule|Species Clause: Limit one of each Pok\u00e9mon\n|rule|Item Clause: Limit 1 of each item\n|clearpoke\n|poke|p1|Starmie, L50|\n|poke|p1|Sneasler, L50, M|\n|poke|p1|Kingambit, L50, F|\n|poke|p1|Incineroar, L50, M|\n|poke|p1|Sinistcha, L50|\n|poke|p1|Aerodactyl, L50, F|\n|poke|p2|Greninja-*, L50, F|\n|poke|p2|Aerodactyl, L50, M|\n|poke|p2|Tyranitar, L50, M|\n|poke|p2|Sneasler, L50, M|\n|poke|p2|Excadrill, L50, M|\n|poke|p2|Rotom-Mow, L50|\n|teampreview|4\n|inactive|Battle timer is ON: inactive players will automatically lose when time's up. (requested by campeondelfitness)\n|inactive|rentotanaka also wants the timer to be on.\n|inactive|rentotanaka has 60 seconds left.\n|inactive|campeondelfitness has 60 seconds left.\n|inactive|rentotanaka has 30 seconds left.\n|inactive|rentotanaka has 20 seconds left.\n|\n|t:|1776165404\n|teamsize|p1|4\n|teamsize|p2|4\n|start\n|switch|p1a: Starmie|Starmie, L50|100/100\n|switch|p1b: Sneasler|Sneasler, L50, M|100/100\n|switch|p2a: Rotom|Rotom-Mow, L50|100/100\n|switch|p2b: Excadrill|Excadrill, L50, M|100/100\n|turn|1\n|inactive|campeondelfitness has 30 seconds left.\n|\n|t:|1776165439\n|detailschange|p1a: Starmie|Starmie-Mega, L50\n|-mega|p1a: Starmie|Starmie|Starminite\n|move|p2b: Excadrill|Protect|p2b: Excadrill\n|-singleturn|p2b: Excadrill|Protect\n|move|p1b: Sneasler|Fake Out|p2a: Rotom\n|-damage|p2a: Rotom|84/100\n|cant|p2a: Rotom|flinch\n|move|p1a: Starmie|Substitute|p1a: Starmie\n|-start|p1a: Starmie|Substitute\n|-damage|p1a: Starmie|75/100\n|\n|upkeep\n|turn|2\n|\n|t:|1776165459\n|move|p1a: Starmie|Protect|p1a: Starmie\n|-singleturn|p1a: Starmie|Protect\n|move|p2a: Rotom|Volt Switch|p1a: Starmie\n|-activate|p1a: Starmie|move: Protect\n|move|p1b: Sneasler|Dire Claw|p2a: Rotom\n|-supereffective|p2a: Rotom|1\n|-damage|p2a: Rotom|0 fnt\n|faint|p2a: Rotom\n|move|p2b: Excadrill|Earthquake|p1a: Starmie|[spread] p1b\n|-activate|p1a: Starmie|move: Protect\n|-supereffective|p1b: Sneasler|1\n|-damage|p1b: Sneasler|0 fnt\n|faint|p1b: Sneasler\n|\n|upkeep\n|\n|t:|1776165484\n|switch|p1b: Aerodactyl|Aerodactyl, L50, F|100/100\n|switch|p2a: Aerodactyl|Aerodactyl, L50, M|100/100\n|-ability|p1b: Aerodactyl|Unnerve\n|turn|3\n|inactive|rentotanaka has 30 seconds left.\n|\n|t:|1776165513\n|switch|p2a: Tyranitar|Tyranitar, L50, M|100/100\n|-weather|Sandstorm|[from] ability: Sand Stream|[of] p2a: Tyranitar\n|move|p2b: Excadrill|Iron Head|p1b: Aerodactyl\n|-supereffective|p1b: Aerodactyl|1\n|-enditem|p1b: Aerodactyl|Focus Sash\n|-damage|p1b: Aerodactyl|1/100\n|cant|p1b: Aerodactyl|flinch\n|move|p1a: Starmie|Waterfall|p2a: Tyranitar\n|-supereffective|p2a: Tyranitar|1\n|-enditem|p2a: Tyranitar|Focus Sash\n|-damage|p2a: Tyranitar|1/100\n|\n|-weather|Sandstorm|[upkeep]\n|-damage|p1a: Starmie|70/100|[from] Sandstorm\n|upkeep\n|turn|4\n|inactive|rentotanaka has 30 seconds left.\n|inactive|campeondelfitness has 30 seconds left.\n|inactive|rentotanaka has 20 seconds left.\n|inactive|rentotanaka has 15 seconds left.\n|\n|t:|1776165557\n|move|p1b: Aerodactyl|Protect|p1b: Aerodactyl\n|-singleturn|p1b: Aerodactyl|Protect\n|move|p2a: Tyranitar|Protect|p2a: Tyranitar\n|-singleturn|p2a: Tyranitar|Protect\n|move|p2b: Excadrill|Rock Slide|p1b: Aerodactyl|[spread] p1a\n|-activate|p1b: Aerodactyl|move: Protect\n|-end|p1a: Starmie|Substitute\n|move|p1a: Starmie|Waterfall|p2b: Excadrill\n|-supereffective|p2b: Excadrill|1\n|-damage|p2b: Excadrill|0 fnt\n|faint|p2b: Excadrill\n|\n|-weather|Sandstorm|[upkeep]\n|-damage|p1a: Starmie|64/100|[from] Sandstorm\n|upkeep\n|\n|t:|1776165570\n|switch|p2b: Aerodactyl|Aerodactyl, L50, M|100/100\n|turn|5\n|inactive|campeondelfitness has 30 seconds left.\n|\n|t:|1776165599\n|detailschange|p2b: Aerodactyl|Aerodactyl-Mega, L50, M\n|-mega|p2b: Aerodactyl|Aerodactyl|Aerodactylite\n|move|p2a: Tyranitar|Helping Hand|p2b: Aerodactyl\n|-singleturn|p2b: Aerodactyl|Helping Hand|[of] p2a: Tyranitar\n|move|p2b: Aerodactyl|Dual Wingbeat|p1a: Starmie\n|-damage|p1a: Starmie|20/100\n|-damage|p1a: Starmie|0 fnt\n|faint|p1a: Starmie\n|-hitcount|p1: Starmie|2\n|move|p1b: Aerodactyl|Rock Slide|p2a: Tyranitar|[spread] p2a,p2b\n|-supereffective|p2b: Aerodactyl|1\n|-damage|p2a: Tyranitar|0 fnt\n|-damage|p2b: Aerodactyl|54/100\n|faint|p2a: Tyranitar\n|\n|-weather|Sandstorm|[upkeep]\n|upkeep\n|\n|t:|1776165612\n|switch|p1a: Kingambit|Kingambit, L50, F|100/100\n|turn|6\n|-message|campeondelfitness forfeited.\n|\n|win|rentotanaka\n|raw|rentotanaka's rating: 1218 &rarr; <strong>1239</strong><br />(+21 for winning)\n|raw|campeondelfitness's rating: 1158 &rarr; <strong>1137</strong><br />(-21 for losing)\n",
  "uploadtime": 1776165624,
  "views": 21,
  "formatid": "gen9championsvgc2026regma",
  "rating": 1137,
  "private": 0,
  "password": null
}