{
  "id": "gen9championsvgc2026regma-2584075998",
  "format": "[Gen 9 Champions] VGC 2026 Reg M-A",
  "players": [
    "TorontoMaushold",
    "SkoipVGC"
  ],
  "log": "|j|\u2606TorontoMaushold\n|j|\u2606SkoipVGC\n|t:|1776222686\n|gametype|doubles\n|player|p1|TorontoMaushold|dawn|1112\n|player|p2|SkoipVGC|ninjaboy|1196\n|gen|9\n|tier|[Gen 9 Champions] VGC 2026 Reg M-A\n|rated|\n|rule|Species Clause: Limit one of each Pok\u00e9mon\n|rule|Item Clause: Limit 1 of each item\n|clearpoke\n|poke|p1|Starmie, L50|\n|poke|p1|Maushold-Four, L50|\n|poke|p1|Glaceon, L50, F|\n|poke|p1|Ninetales-Alola, L50, M|\n|poke|p1|Froslass, L50, F|\n|poke|p1|Arcanine-Hisui, L50, M|\n|poke|p2|Chimecho, L50, F|\n|poke|p2|Incineroar, L50, F|\n|poke|p2|Sinistcha, L50|\n|poke|p2|Sneasler, L50, F|\n|poke|p2|Basculegion, L50, M|\n|poke|p2|Kingambit, L50, F|\n|teampreview|4\n|inactive|Battle timer is ON: inactive players will automatically lose when time's up. (requested by TorontoMaushold)\n|\n|t:|1776222716\n|teamsize|p1|4\n|teamsize|p2|4\n|start\n|switch|p1a: Starmie|Starmie, L50|100/100\n|switch|p1b: Maushold|Maushold-Four, L50|100/100\n|switch|p2a: Kingambit|Kingambit, L50, F|100/100\n|switch|p2b: Incineroar|Incineroar, L50, F|100/100\n|-ability|p2b: Incineroar|Intimidate|boost\n|-unboost|p1a: Starmie|atk|1\n|-unboost|p1b: Maushold|atk|1\n|turn|1\n|\n|t:|1776222731\n|move|p2b: Incineroar|Fake Out|p1b: Maushold\n|-damage|p1b: Maushold|76/100\n|cant|p1b: Maushold|flinch\n|move|p2a: Kingambit|Sucker Punch||[still]\n|-fail|p2a: Kingambit\n|move|p1a: Starmie|Minimize|p1a: Starmie\n|-boost|p1a: Starmie|evasion|2\n|\n|upkeep\n|turn|2\n|inactive|SkoipVGC has 30 seconds left.\n|inactive|TorontoMaushold has 30 seconds left.\n|inactive|SkoipVGC has 20 seconds left.\n|\n|t:|1776222767\n|detailschange|p1a: Starmie|Starmie-Mega, L50\n|-mega|p1a: Starmie|Starmie|Starminite\n|move|p1a: Starmie|Minimize|p1a: Starmie\n|-boost|p1a: Starmie|evasion|2\n|move|p1b: Maushold|Encore|p2a: Kingambit\n|-start|p2a: Kingambit|Encore\n|move|p2a: Kingambit|Sucker Punch||[still]\n|-fail|p2a: Kingambit\n|move|p2b: Incineroar|Flare Blitz|p1b: Maushold\n|-damage|p1b: Maushold|0 fnt\n|faint|p1b: Maushold\n|-damage|p2b: Incineroar|82/100|[from] Recoil\n|\n|upkeep\n|\n|t:|1776222791\n|switch|p1b: Arcanine|Arcanine-Hisui, L50, M|100/100\n|-ability|p1b: Arcanine|Intimidate|boost\n|-unboost|p2a: Kingambit|atk|1\n|-ability|p2a: Kingambit|Defiant|boost\n|-boost|p2a: Kingambit|atk|2\n|-unboost|p2b: Incineroar|atk|1\n|turn|3\n|\n|t:|1776222816\n|move|p2a: Kingambit|Sucker Punch|p1b: Arcanine\n|-damage|p1b: Arcanine|22/100\n|move|p1a: Starmie|Skill Swap|p1b: Arcanine\n|-activate|p1a: Starmie|Skill Swap|||[of] p1b: Arcanine\n|-ability|p1a: Starmie|Intimidate|boost\n|-unboost|p2a: Kingambit|atk|1\n|-ability|p2a: Kingambit|Defiant|boost\n|-boost|p2a: Kingambit|atk|2\n|-unboost|p2b: Incineroar|atk|1\n|move|p1b: Arcanine|Rock Slide|p2b: Incineroar|[spread] p2a,p2b\n|-resisted|p2a: Kingambit|1\n|-supereffective|p2b: Incineroar|1\n|-damage|p2a: Kingambit|80/100\n|-damage|p2b: Incineroar|0 fnt\n|faint|p2b: Incineroar\n|\n|upkeep\n|\n|t:|1776222837\n|switch|p2b: Sneasler|Sneasler, L50, F|100/100\n|-ability|p2b: Sneasler|Pressure\n|turn|4\n|inactive|TorontoMaushold has 30 seconds left.\n|\n|t:|1776222870\n|move|p2b: Sneasler|Fake Out|p1a: Starmie\n|-damage|p1a: Starmie|83/100\n|move|p1b: Arcanine|Extreme Speed|p2a: Kingambit\n|-resisted|p2a: Kingambit|1\n|-damage|p2a: Kingambit|60/100\n|move|p2a: Kingambit|Sucker Punch||[still]\n|-fail|p2a: Kingambit\n|cant|p1a: Starmie|flinch\n|\n|-end|p2a: Kingambit|Encore\n|upkeep\n|turn|5\n|inactive|TorontoMaushold has 30 seconds left.\n|inactive|TorontoMaushold has 20 seconds left.\n|\n|t:|1776222910\n|move|p1b: Arcanine|Extreme Speed|p2a: Kingambit\n|-resisted|p2a: Kingambit|1\n|-damage|p2a: Kingambit|40/100\n|move|p2a: Kingambit|Sucker Punch||[still]\n|-fail|p2a: Kingambit\n|move|p2b: Sneasler|Dire Claw|p1a: Starmie|[miss]\n|-miss|p2b: Sneasler|p1a: Starmie\n|move|p1a: Starmie|Zen Headbutt|p2b: Sneasler\n|-supereffective|p2b: Sneasler|2\n|-enditem|p2b: Sneasler|Focus Sash\n|-damage|p2b: Sneasler|1/100\n|\n|upkeep\n|turn|6\n|\n|t:|1776222934\n|move|p1b: Arcanine|Extreme Speed|p2b: Sneasler\n|-damage|p2b: Sneasler|0 fnt\n|faint|p2b: Sneasler\n|move|p2a: Kingambit|Sucker Punch||[still]\n|-fail|p2a: Kingambit\n|move|p1a: Starmie|Minimize|p1a: Starmie\n|-boost|p1a: Starmie|evasion|2\n|\n|upkeep\n|\n|t:|1776222939\n|switch|p2b: Basculegion|Basculegion, L50, M|100/100\n|turn|7\n|inactive|TorontoMaushold has 30 seconds left.\n|inactive|TorontoMaushold has 20 seconds left.\n|inactive|TorontoMaushold has 15 seconds left.\n|\n|t:|1776222980\n|move|p2a: Kingambit|Sucker Punch|p1a: Starmie|[miss]\n|-miss|p2a: Kingambit|p1a: Starmie\n|move|p1a: Starmie|Zen Headbutt|p2b: Basculegion\n|-damage|p2b: Basculegion|75/100\n|move|p2b: Basculegion|Last Respects|p1b: Arcanine\n|-damage|p1b: Arcanine|0 fnt\n|faint|p1b: Arcanine\n|\n|upkeep\n|\n|t:|1776222990\n|switch|p1b: Ninetales|Ninetales-Alola, L50, M|100/100\n|-weather|Snowscape|[from] ability: Snow Warning|[of] p1b: Ninetales\n|turn|8\n|inactive|TorontoMaushold has 30 seconds left.\n|\n|t:|1776223018\n|move|p2a: Kingambit|Sucker Punch||[still]\n|-fail|p2a: Kingambit\n|move|p1a: Starmie|Minimize|p1a: Starmie\n|-boost|p1a: Starmie|evasion|0\n|move|p1b: Ninetales|Aurora Veil|p1b: Ninetales\n|-sidestart|p1: TorontoMaushold|move: Aurora Veil\n|move|p2b: Basculegion|Last Respects|p1b: Ninetales\n|-damage|p1b: Ninetales|35/100\n|\n|-weather|Snowscape|[upkeep]\n|upkeep\n|turn|9\n|inactive|TorontoMaushold has 30 seconds left.\n|inactive|SkoipVGC has 30 seconds left.\n|\n|t:|1776223052\n|move|p1a: Starmie|Zen Headbutt|p2b: Basculegion\n|-damage|p2b: Basculegion|49/100\n|move|p1b: Ninetales|Dazzling Gleam|p2b: Basculegion|[spread] p2a,p2b\n|-damage|p2a: Kingambit|19/100\n|-damage|p2b: Basculegion|27/100\n|cant|p2b: Basculegion|flinch\n|move|p2a: Kingambit|Iron Head|p1b: Ninetales\n|-supereffective|p1b: Ninetales|2\n|-damage|p1b: Ninetales|0 fnt\n|faint|p1b: Ninetales\n|\n|-weather|Snowscape|[upkeep]\n|upkeep\n|turn|10\n|\n|t:|1776223070\n|move|p1a: Starmie|Zen Headbutt|p2b: Basculegion\n|-damage|p2b: Basculegion|3/100\n|cant|p2b: Basculegion|flinch\n|move|p2a: Kingambit|Iron Head|p1a: Starmie\n|-resisted|p1a: Starmie|1\n|-damage|p1a: Starmie|43/100\n|\n|-weather|Snowscape|[upkeep]\n|upkeep\n|turn|11\n|\n|t:|1776223080\n|move|p1a: Starmie|Zen Headbutt|p2b: Basculegion\n|-damage|p2b: Basculegion|0 fnt\n|faint|p2b: Basculegion\n|move|p2a: Kingambit|Iron Head|p1a: Starmie\n|-resisted|p1a: Starmie|1\n|-damage|p1a: Starmie|0 fnt\n|faint|p1a: Starmie\n|\n|win|SkoipVGC\n|raw|TorontoMaushold's rating: 1112 &rarr; <strong>1093</strong><br />(-19 for losing)\n|raw|SkoipVGC's rating: 1196 &rarr; <strong>1215</strong><br />(+19 for winning)\n|c|\u2606SkoipVGC|gg\n|l|\u2606SkoipVGC\n|player|p2|\n",
  "uploadtime": 1776223092,
  "views": 31,
  "formatid": "gen9championsvgc2026regma",
  "rating": 1093,
  "private": 0,
  "password": null
}