{
  "id": "gen9championsvgc2026regma-2583086993",
  "format": "[Gen 9 Champions] VGC 2026 Reg M-A",
  "players": [
    "vinicio499",
    "fayetssf"
  ],
  "log": "|j|\u2606vinicio499\n|j|\u2606fayetssf\n|t:|1776140476\n|gametype|doubles\n|player|p1|vinicio499|miku-ghost|1324\n|player|p2|fayetssf|miku-ghost|1295\n|gen|9\n|tier|[Gen 9 Champions] VGC 2026 Reg M-A\n|rated|\n|rule|Species Clause: Limit one of each Pok\u00e9mon\n|rule|Item Clause: Limit 1 of each item\n|clearpoke\n|poke|p1|Crabominable, L50, M|\n|poke|p1|Incineroar, L50, F|\n|poke|p1|Oranguru, L50, F|\n|poke|p1|Tyranitar, L50, F|\n|poke|p1|Torkoal, L50, F|\n|poke|p1|Sylveon, L50, F|\n|poke|p2|Clefable, L50, F|\n|poke|p2|Kingambit, L50, M|\n|poke|p2|Basculegion, L50, M|\n|poke|p2|Aerodactyl, L50, M|\n|poke|p2|Sneasler, L50, F|\n|poke|p2|Delphox, L50, M|\n|teampreview|4\n|inactive|Battle timer is ON: inactive players will automatically lose when time's up. (requested by fayetssf)\n|inactive|vinicio499 also wants the timer to be on.\n|j| DozenSBU1\nvinicio499 has agreed to open team sheets.\nfayetssf has agreed to open team sheets.\n|showteam|p1|Crabominable||Crabominite|HyperCutter|IceHammer,MachPunch,Protect,CloseCombat|||M|||50|]Incineroar||ChopleBerry|Intimidate|FakeOut,FlareBlitz,PartingShot,DarkestLariat|||F|||50|]Oranguru||MentalHerb|InnerFocus|TrickRoom,Instruct,Taunt,FoulPlay|||F|||50|]Tyranitar||FocusSash|SandStream|RockSlide,Crunch,Protect,LowKick|||F|||50|]Torkoal||Charcoal|Drought|HeatWave,Eruption,WeatherBall,Protect|||F|||50|]Sylveon||FairyFeather|Pixilate|HyperVoice,Protect,QuickAttack,Moonblast|||F|||50|\n|showteam|p2|Clefable||Clefablite|Unaware|Moonblast,AirSlash,FollowMe,Protect|||F|||50|]Kingambit||BlackGlasses|Defiant|KowtowCleave,SuckerPunch,SwordsDance,Protect|||M|||50|]Basculegion||ChoiceScarf|Adaptability|WaveCrash,FlipTurn,AquaJet,LastRespects|||M|||50|]Aerodactyl||FocusSash|RockHead|RockSlide,DualWingbeat,Tailwind,Protect|||M|||50|]Sneasler||WhiteHerb|Unburden|CloseCombat,DireClaw,FakeOut,Protect|||F|||50|]Delphox||Delphoxite|Blaze|HeatWave,Psyshock,NastyPlot,Protect|||M|||50|\n|inactive|fayetssf has 60 seconds left.\n|inactive|fayetssf has 30 seconds left.\n|\n|t:|1776140553\n|teamsize|p1|4\n|teamsize|p2|4\n|start\n|switch|p1a: Oranguru|Oranguru, L50, F|100/100\n|switch|p1b: Incineroar|Incineroar, L50, F|100/100\n|switch|p2a: Sneasler|Sneasler, L50, F|100/100\n|switch|p2b: Kingambit|Kingambit, L50, M|100/100\n|-ability|p1b: Incineroar|Intimidate|boost\n|-unboost|p2a: Sneasler|atk|1\n|-unboost|p2b: Kingambit|atk|1\n|-ability|p2b: Kingambit|Defiant|boost\n|-boost|p2b: Kingambit|atk|2\n|-enditem|p2a: Sneasler|White Herb\n|-clearnegativeboost|p2a: Sneasler|[silent]\n|turn|1\n|inactive|fayetssf has 30 seconds left.\n|inactive|vinicio499 has 30 seconds left.\n|inactive|vinicio499 has 20 seconds left.\n|\n|t:|1776140601\n|switch|p1a: Pacheco|Crabominable, L50, M, shiny|100/100\n|switch|p1b: Sylveon|Sylveon, L50, F, shiny|100/100\n|move|p2a: Sneasler|Fake Out|p1b: Sylveon\n|-damage|p1b: Sylveon|84/100\n|move|p2b: Kingambit|Kowtow Cleave|p1a: Pacheco\n|-resisted|p1a: Pacheco|1\n|-damage|p1a: Pacheco|50/100\n|\n|upkeep\n|turn|2\n|inactive|fayetssf has 30 seconds left.\n|\n|t:|1776140632\n|switch|p1b: Incineroar|Incineroar, L50, F|100/100\n|-ability|p1b: Incineroar|Intimidate|boost\n|-unboost|p2a: Sneasler|atk|1\n|-unboost|p2b: Kingambit|atk|1\n|-ability|p2b: Kingambit|Defiant|boost\n|-boost|p2b: Kingambit|atk|2\n|switch|p1a: Oranguru|Oranguru, L50, F|100/100\n|move|p2b: Kingambit|Protect|p2b: Kingambit\n|-singleturn|p2b: Kingambit|Protect\n|move|p2a: Sneasler|Dire Claw|p1b: Incineroar\n|-damage|p1b: Incineroar|73/100\n|\n|upkeep\n|turn|3\n|\n|t:|1776140645\n|switch|p2a: Clefable|Clefable, L50, F|100/100\n|move|p1b: Incineroar|Fake Out|p2b: Kingambit\n|-resisted|p2b: Kingambit|1\n|-damage|p2b: Kingambit|95/100\n|cant|p2b: Kingambit|flinch\n|move|p1a: Oranguru|Trick Room|p1a: Oranguru\n|-fieldstart|move: Trick Room|[of] p1a: Oranguru\n|\n|upkeep\n|turn|4\n|\n|t:|1776140664\n|detailschange|p2a: Clefable|Clefable-Mega, L50, F\n|-mega|p2a: Clefable|Clefable|Clefablite\n|move|p2b: Kingambit|Protect|p2b: Kingambit\n|-singleturn|p2b: Kingambit|Protect\n|move|p1b: Incineroar|Parting Shot|p2a: Clefable\n|move|p2a: Clefable|Parting Shot|p1b: Incineroar|[from] ability: Magic Bounce\n|-unboost|p1b: Incineroar|atk|1\n|-unboost|p1b: Incineroar|spa|1\n|\n|t:|1776140674\n|switch|p2a: Delphox|Delphox, L50, M|100/100|[from] Parting Shot\n|move|p1a: Oranguru|Taunt|p2a: Delphox\n|-start|p2a: Delphox|move: Taunt\n|\n|upkeep\n|turn|5\n|\n|t:|1776140680\n|switch|p2a: Clefable|Clefable-Mega, L50, F|100/100\n|move|p2b: Kingambit|Kowtow Cleave|p1b: Incineroar\n|-resisted|p1b: Incineroar|1\n|-damage|p1b: Incineroar|13/100\n|move|p1b: Incineroar|Flare Blitz|p2b: Kingambit\n|-supereffective|p2b: Kingambit|1\n|-damage|p2b: Kingambit|31/100\n|-damage|p1b: Incineroar|0 fnt|[from] Recoil\n|faint|p1b: Incineroar\n|move|p1a: Oranguru|Instruct|p1: Incineroar|[notarget]\n|-fail|p1a: Oranguru\n|\n|upkeep\n|\n|t:|1776140690\n|switch|p1b: Sylveon|Sylveon, L50, F, shiny|84/100\n|turn|6\n|inactive|fayetssf has 30 seconds left.\n|\n|t:|1776140721\n|move|p2b: Kingambit|Sucker Punch|p1b: Sylveon\n|-resisted|p1b: Sylveon|1\n|-damage|p1b: Sylveon|21/100\n|move|p1b: Sylveon|Hyper Voice|p2a: Clefable|[spread] p2a,p2b\n|-damage|p2a: Clefable|66/100\n|-damage|p2b: Kingambit|0 fnt\n|faint|p2b: Kingambit\n|move|p1a: Oranguru|Instruct|p1b: Sylveon\n|-singleturn|p1b: Sylveon|move: Instruct|[of] p1a: Oranguru\n|move|p1b: Sylveon|Hyper Voice|p2a: Clefable\n|-damage|p2a: Clefable|20/100\n|move|p2a: Clefable|Moonblast|p1b: Sylveon\n|-damage|p1b: Sylveon|0 fnt\n|faint|p1b: Sylveon\n|\n|upkeep\n|\n|t:|1776140735\n|switch|p2b: Sneasler|Sneasler, L50, F|100/100\n|switch|p1b: Pacheco|Crabominable, L50, M, shiny|50/100\n|turn|7\n|\n|t:|1776140751\n|detailschange|p1b: Pacheco|Crabominable-Mega, L50, M, shiny\n|-mega|p1b: Pacheco|Crabominable|Crabominite\n|move|p2b: Sneasler|Fake Out|p1b: Pacheco\n|-damage|p1b: Pacheco|39/100\n|cant|p1b: Pacheco|flinch\n|move|p1a: Oranguru|Taunt|p2b: Sneasler\n|-start|p2b: Sneasler|move: Taunt\n|move|p2a: Clefable|Moonblast|p1a: Oranguru\n|-damage|p1a: Oranguru|57/100\n|\n|-fieldend|move: Trick Room\n|upkeep\n|turn|8\n|\n|t:|1776140768\n|move|p2b: Sneasler|Dire Claw|p1a: Oranguru\n|-damage|p1a: Oranguru|27/100\n|move|p2a: Clefable|Moonblast|p1a: Oranguru\n|-damage|p1a: Oranguru|0 fnt\n|faint|p1a: Oranguru\n|move|p1b: Pacheco|Ice Hammer|p2b: Sneasler\n|-damage|p2b: Sneasler|0 fnt\n|-unboost|p1b: Pacheco|spe|1\n|faint|p2b: Sneasler\n|\n|upkeep\n|\n|t:|1776140770\n|switch|p2b: Delphox|Delphox, L50, M|100/100\n|turn|9\n|-message|vinicio499 forfeited.\n|\n|win|fayetssf\n|raw|vinicio499's rating: 1324 &rarr; <strong>1302</strong><br />(-22 for losing)\n|raw|fayetssf's rating: 1295 &rarr; <strong>1322</strong><br />(+27 for winning)\n|l|\u2606vinicio499\n|player|p1|\n",
  "uploadtime": 1776140777,
  "views": 23,
  "formatid": "gen9championsvgc2026regma",
  "rating": 1302,
  "private": 0,
  "password": null
}