{
  "id": "gen9championsvgc2026regma-2582294194",
  "format": "[Gen 9 Champions] VGC 2026 Reg M-A",
  "players": [
    "colfox",
    "creemchease"
  ],
  "log": "|j|\u2606colfox\n|j|\u2606creemchease\n|t:|1776080648\n|gametype|doubles\n|player|p1|colfox|1|1107\n|player|p2|creemchease|265|1209\n|gen|9\n|tier|[Gen 9 Champions] VGC 2026 Reg M-A\n|rated|\n|rule|Species Clause: Limit one of each Pok\u00e9mon\n|rule|Item Clause: Limit 1 of each item\n|clearpoke\n|poke|p1|Ninetales, L50, M|\n|poke|p1|Dragonite, L50, F|\n|poke|p1|Sylveon, L50, F|\n|poke|p1|Milotic, L50, M|\n|poke|p1|Delphox, L50, F|\n|poke|p1|Garchomp, L50, M|\n|poke|p2|Maushold-Four, L50|\n|poke|p2|Garchomp, L50, M|\n|poke|p2|Floette-Eternal, L50, F|\n|poke|p2|Talonflame, L50, F|\n|poke|p2|Aegislash, L50, F|\n|poke|p2|Milotic, L50, F|\n|teampreview|4\n|\n|t:|1776080719\n|teamsize|p1|4\n|teamsize|p2|4\n|start\n|switch|p1a: Garchomp|Garchomp, L50, M|100/100\n|switch|p1b: Sylveon|Sylveon, L50, F|100/100\n|switch|p2a: Aegislash|Aegislash, L50, F|100/100\n|switch|p2b: Garchomp|Garchomp, L50, M|100/100\n|turn|1\n|\n|t:|1776080746\n|move|p2a: Aegislash|King's Shield|p2a: Aegislash\n|-singleturn|p2a: Aegislash|Protect\n|move|p1a: Garchomp|Earthquake|p2b: Garchomp|[spread] p1b,p2b\n|-activate|p2a: Aegislash|move: Protect\n|-damage|p1b: Sylveon|50/100\n|-damage|p2b: Garchomp|62/100\n|move|p2b: Garchomp|Earthquake|p1a: Garchomp|[spread] p1a,p1b\n|-activate|p2a: Aegislash|move: Protect\n|-damage|p1a: Garchomp|55/100\n|-damage|p1b: Sylveon|0 fnt\n|faint|p1b: Sylveon\n|\n|upkeep\n|\n|t:|1776080760\n|switch|p1b: Dragonite|Dragonite, L50, F|100/100\n|turn|2\n|\n|t:|1776080792\n|switch|p2a: Talonflame|Talonflame, L50, F|100/100\n|move|p1a: Garchomp|Earthquake|p2a: Talonflame|[spread] p2b\n|-immune|p1b: Dragonite\n|-immune|p2a: Talonflame\n|-damage|p2b: Garchomp|25/100\n|move|p2b: Garchomp|Stone Edge|p1b: Dragonite\n|-supereffective|p1b: Dragonite|1\n|-damage|p1b: Dragonite|26/100\n|move|p1b: Dragonite|Tailwind|p1b: Dragonite\n|-sidestart|p1: colfox|move: Tailwind\n|\n|upkeep\n|turn|3\n|\n|t:|1776080823\n|move|p2b: Garchomp|Protect|p2b: Garchomp\n|-singleturn|p2b: Garchomp|Protect\n|move|p2a: Talonflame|Tailwind|p2a: Talonflame\n|-sidestart|p2: creemchease|move: Tailwind\n|move|p1a: Garchomp|Rock Slide|p2b: Garchomp|[spread] p2a\n|-activate|p2b: Garchomp|move: Protect\n|-supereffective|p2a: Talonflame|2\n|-damage|p2a: Talonflame|0 fnt\n|faint|p2a: Talonflame\n|move|p1b: Dragonite|Dragon Claw|p2b: Garchomp\n|-activate|p2b: Garchomp|move: Protect\n|\n|upkeep\n|\n|t:|1776080835\n|switch|p2a: Floette|Floette-Eternal, L50, F|100/100\n|turn|4\n|\n|t:|1776080862\n|move|p2a: Floette|Protect|p2a: Floette\n|-singleturn|p2a: Floette|Protect\n|move|p1b: Dragonite|Extreme Speed|p2b: Garchomp\n|-damage|p2b: Garchomp|0 fnt\n|-damage|p1b: Dragonite|14/100|[from] ability: Rough Skin|[of] p2b: Garchomp\n|faint|p2b: Garchomp\n|move|p1a: Garchomp|Earthquake|p2a: Floette|[spread] \n|-activate|p2a: Floette|move: Protect\n|-immune|p1b: Dragonite\n|\n|upkeep\n|\n|t:|1776080866\n|switch|p2b: Aegislash|Aegislash, L50, F|100/100\n|turn|5\n|\n|t:|1776080915\n|detailschange|p2a: Floette|Floette-Mega, L50, F\n|-mega|p2a: Floette|Floette|Floettite\n|-ability|p2a: Floette|Fairy Aura\n|move|p1b: Dragonite|Extreme Speed|p2a: Floette\n|-damage|p2a: Floette|68/100\n|-formechange|p2b: Aegislash|Aegislash-Blade|\n|move|p2b: Aegislash|Shadow Sneak|p1b: Dragonite\n|-crit|p1b: Dragonite\n|-damage|p1b: Dragonite|0 fnt\n|faint|p1b: Dragonite\n|move|p1a: Garchomp|Earthquake|p2b: Aegislash|[spread] p2a,p2b\n|-supereffective|p2b: Aegislash|1\n|-damage|p2a: Floette|23/100\n|-damage|p2b: Aegislash|0 fnt\n|faint|p2b: Aegislash\n|move|p2a: Floette|Calm Mind|p2a: Floette\n|-boost|p2a: Floette|spa|1\n|-boost|p2a: Floette|spd|1\n|\n|-sideend|p1: colfox|move: Tailwind\n|upkeep\n|\n|t:|1776080933\n|switch|p1b: Delphox|Delphox, L50, F|100/100\n|turn|6\n|c|\u2606creemchease|I'm dumb, i completely forgot extreme speed is +4\n|\n|t:|1776080953\n|detailschange|p1b: Delphox|Delphox-Mega, L50, F\n|-mega|p1b: Delphox|Delphox|Delphoxite\n|move|p2a: Floette|Dazzling Gleam|p1a: Garchomp|[spread] p1a,p1b\n|-supereffective|p1a: Garchomp|1\n|-resisted|p1b: Delphox|1\n|-damage|p1a: Garchomp|0 fnt\n|-damage|p1b: Delphox|66/100\n|faint|p1a: Garchomp\n|move|p1b: Delphox|Psychic|p2a: Floette\n|-damage|p2a: Floette|0 fnt\n|faint|p2a: Floette\n|\n|win|colfox\n|raw|colfox's rating: 1107 &rarr; <strong>1139</strong><br />(+32 for winning)\n|raw|creemchease's rating: 1209 &rarr; <strong>1177</strong><br />(-32 for losing)\n|l|\u2606creemchease\n|player|p2|\n",
  "uploadtime": 1776080964,
  "views": 39,
  "formatid": "gen9championsvgc2026regma",
  "rating": 1139,
  "private": 0,
  "password": null
}