{
  "id": "gen9championsvgc2026regma-2582913953",
  "format": "[Gen 9 Champions] VGC 2026 Reg M-A",
  "players": [
    "Agnea Bristarni",
    "Nanakura Nanami"
  ],
  "log": "|j|\u2606Agnea Bristarni\n|j|\u2606Nanakura Nanami\n|t:|1776124510\n|gametype|doubles\n|player|p1|Agnea Bristarni|waitress|1117\n|player|p2|Nanakura Nanami|veteranf|1096\n|gen|9\n|tier|[Gen 9 Champions] VGC 2026 Reg M-A\n|rated|\n|rule|Species Clause: Limit one of each Pok\u00e9mon\n|rule|Item Clause: Limit 1 of each item\n|clearpoke\n|poke|p1|Aegislash, L50, M|\n|poke|p1|Kangaskhan, L50, F|\n|poke|p1|Garchomp, L50, M|\n|poke|p1|Dragapult, L50, M|\n|poke|p1|Rotom-Heat, L50|\n|poke|p1|Sylveon, L50, F|\n|poke|p2|Maushold-Four, L50|\n|poke|p2|Incineroar, L50, M|\n|poke|p2|Sneasler, L50, M|\n|poke|p2|Delphox, L50, F|\n|poke|p2|Sinistcha, L50|\n|poke|p2|Primarina, L50, F|\n|teampreview|4\n|\n|t:|1776124554\n|teamsize|p1|4\n|teamsize|p2|4\n|start\n|switch|p1a: Dragapult|Dragapult, L50, M|100/100\n|switch|p1b: Kangaskhan|Kangaskhan, L50, F|100/100\n|switch|p2a: Primarina|Primarina, L50, F|100/100\n|switch|p2b: Incineroar|Incineroar, L50, M|100/100\n|-ability|p2b: Incineroar|Intimidate|boost\n|-unboost|p1a: Dragapult|atk|1\n|-fail|p1b: Kangaskhan|unboost|Attack|[from] ability: Scrappy|[of] p1b: Kangaskhan\n|turn|1\n|\n|t:|1776124586\n|detailschange|p1b: Kangaskhan|Kangaskhan-Mega, L50, F\n|-mega|p1b: Kangaskhan|Kangaskhan|Kangaskhanite\n|move|p2a: Primarina|Protect|p2a: Primarina\n|-singleturn|p2a: Primarina|Protect\n|move|p1b: Kangaskhan|Fake Out|p2a: Primarina\n|-activate|p2a: Primarina|move: Protect\n|move|p1a: Dragapult|Draco Meteor|p2b: Incineroar\n|-damage|p2b: Incineroar|51/100\n|-unboost|p1a: Dragapult|spa|2\n|move|p2b: Incineroar|Parting Shot|p1b: Kangaskhan\n|-unboost|p1b: Kangaskhan|atk|1\n|-unboost|p1b: Kangaskhan|spa|1\n|\n|t:|1776124602\n|switch|p2b: Sneasler|Sneasler, L50, M|100/100|[from] Parting Shot\n|\n|upkeep\n|turn|2\n|\n|t:|1776124609\n|switch|p1b: Aegislash|Aegislash, L50, M|100/100\n|move|p2b: Sneasler|Fake Out|p1b: Aegislash\n|-immune|p1b: Aegislash\n|move|p1a: Dragapult|Will-O-Wisp|p2b: Sneasler|[miss]\n|-miss|p1a: Dragapult|p2b: Sneasler\n|move|p2a: Primarina|Dazzling Gleam|p1a: Dragapult|[spread] p1a,p1b\n|-supereffective|p1a: Dragapult|1\n|-resisted|p1b: Aegislash|1\n|-enditem|p1a: Dragapult|Focus Sash\n|-damage|p1a: Dragapult|1/100\n|-damage|p1b: Aegislash|84/100\n|\n|-heal|p1b: Aegislash|90/100|[from] item: Leftovers\n|upkeep\n|turn|3\n|\n|t:|1776124635\n|switch|p1a: Rotom|Rotom-Heat, L50|100/100\n|switch|p2b: Incineroar|Incineroar, L50, M|51/100\n|-ability|p2b: Incineroar|Intimidate|boost\n|-unboost|p1a: Rotom|atk|1\n|-unboost|p1b: Aegislash|atk|1\n|move|p2a: Primarina|Protect|p2a: Primarina\n|-singleturn|p2a: Primarina|Protect\n|move|p1b: Aegislash|Substitute|p1b: Aegislash\n|-start|p1b: Aegislash|Substitute\n|-damage|p1b: Aegislash|65/100\n|\n|-heal|p1b: Aegislash|71/100|[from] item: Leftovers\n|upkeep\n|turn|4\n|\n|t:|1776124653\n|move|p1a: Rotom|Protect|p1a: Rotom\n|-singleturn|p1a: Rotom|Protect\n|move|p2a: Primarina|Hyper Voice|p1b: Aegislash|[spread] p1b\n|-activate|p1a: Rotom|move: Protect\n|-damage|p1b: Aegislash|41/100\n|move|p2b: Incineroar|Parting Shot|p1b: Aegislash\n|-unboost|p1b: Aegislash|atk|1\n|-unboost|p1b: Aegislash|spa|1\n|\n|t:|1776124665\n|switch|p2b: Sneasler|Sneasler, L50, M|100/100|[from] Parting Shot\n|-formechange|p1b: Aegislash|Aegislash-Blade|\n|move|p1b: Aegislash|Shadow Ball|p2a: Primarina\n|-damage|p2a: Primarina|72/100\n|\n|-heal|p1b: Aegislash|46/100|[from] item: Leftovers\n|upkeep\n|turn|5\n|\n|t:|1776124680\n|move|p2b: Sneasler|Fake Out|p1a: Rotom\n|-damage|p1a: Rotom|86/100\n|move|p1b: Aegislash|Wide Guard|p1b: Aegislash\n|-singleturn|p1b: Aegislash|Wide Guard\n|cant|p1a: Rotom|flinch\n|move|p2a: Primarina|Hyper Voice|p1b: Aegislash|[spread] \n|-activate|p1a: Rotom|move: Wide Guard\n|-activate|p1b: Aegislash|move: Wide Guard\n|\n|-heal|p1b: Aegislash|52/100|[from] item: Leftovers\n|upkeep\n|turn|6\n|\n|t:|1776124699\n|switch|p2b: Incineroar|Incineroar, L50, M|51/100\n|-ability|p2b: Incineroar|Intimidate|boost\n|-unboost|p1a: Rotom|atk|1\n|-immune|p1b: Aegislash\n|move|p2a: Primarina|Protect|p2a: Primarina\n|-singleturn|p2a: Primarina|Protect\n|move|p1b: Aegislash|Wide Guard|p1b: Aegislash\n|-singleturn|p1b: Aegislash|Wide Guard\n|move|p1a: Rotom|Thunderbolt|p2a: Primarina\n|-activate|p2a: Primarina|move: Protect\n|\n|-heal|p1b: Aegislash|58/100|[from] item: Leftovers\n|upkeep\n|turn|7\n|\n|t:|1776124719\n|move|p2b: Incineroar|Fake Out|p1a: Rotom\n|-damage|p1a: Rotom|74/100\n|move|p1b: Aegislash|Wide Guard|p1b: Aegislash\n|-singleturn|p1b: Aegislash|Wide Guard\n|cant|p1a: Rotom|flinch\n|move|p2a: Primarina|Moonblast|p1b: Aegislash\n|-resisted|p1b: Aegislash|1\n|-end|p1b: Aegislash|Substitute\n|\n|-heal|p1b: Aegislash|63/100|[from] item: Leftovers\n|upkeep\n|turn|8\n|\n|t:|1776124734\n|switch|p1b: Dragapult|Dragapult, L50, M|1/100\n|move|p2a: Primarina|Protect|p2a: Primarina\n|-singleturn|p2a: Primarina|Protect\n|move|p1a: Rotom|Thunderbolt|p2a: Primarina\n|-activate|p2a: Primarina|move: Protect\n|move|p2b: Incineroar|Taunt|p1b: Dragapult\n|-start|p1b: Dragapult|move: Taunt\n|\n|upkeep\n|turn|9\n|\n|t:|1776124759\n|switch|p2a: Sinistcha|Sinistcha, L50|100/100\n|-heal|p2b: Incineroar|76/100|[from] ability: Hospitality|[of] p2a: Sinistcha\n|move|p1b: Dragapult|Shadow Ball|p2a: Sinistcha\n|-supereffective|p2a: Sinistcha|1\n|-damage|p2a: Sinistcha|9/100\n|move|p1a: Rotom|Thunderbolt|p2a: Sinistcha\n|-resisted|p2a: Sinistcha|1\n|-damage|p2a: Sinistcha|0 fnt\n|faint|p2a: Sinistcha\n|move|p2b: Incineroar|Parting Shot|p1a: Rotom\n|-unboost|p1a: Rotom|atk|1\n|-unboost|p1a: Rotom|spa|1\n|\n|t:|1776124774\n|switch|p2b: Primarina|Primarina, L50, F|72/100|[from] Parting Shot\n|\n|upkeep\n|\n|t:|1776124779\n|switch|p2a: Incineroar|Incineroar, L50, M|76/100\n|-ability|p2a: Incineroar|Intimidate|boost\n|-unboost|p1a: Rotom|atk|1\n|-unboost|p1b: Dragapult|atk|1\n|turn|10\n|\n|t:|1776124787\n|switch|p1a: Aegislash|Aegislash, L50, M|63/100\n|switch|p2a: Sneasler|Sneasler, L50, M|100/100\n|move|p1b: Dragapult|Draco Meteor|p2a: Sneasler\n|-damage|p2a: Sneasler|36/100\n|-unboost|p1b: Dragapult|spa|2\n|move|p2b: Primarina|Hyper Voice|p1a: Aegislash|[spread] p1a,p1b\n|-resisted|p1b: Dragapult|1\n|-damage|p1a: Aegislash|34/100\n|-damage|p1b: Dragapult|0 fnt\n|faint|p1b: Dragapult\n|\n|-heal|p1a: Aegislash|40/100|[from] item: Leftovers\n|upkeep\n|\n|t:|1776124797\n|switch|p1b: Kangaskhan|Kangaskhan-Mega, L50, F|100/100\n|turn|11\n|\n|t:|1776124816\n|switch|p1b: Rotom|Rotom-Heat, L50|74/100\n|move|p2a: Sneasler|Fake Out|p1b: Rotom\n|-damage|p1b: Rotom|59/100\n|-status|p1b: Rotom|psn|[from] ability: Poison Touch|[of] p2a: Sneasler\n|move|p2b: Primarina|Moonblast|p1a: Aegislash\n|-resisted|p1a: Aegislash|1\n|-damage|p1a: Aegislash|16/100\n|-formechange|p1a: Aegislash|Aegislash-Blade|\n|move|p1a: Aegislash|Shadow Ball|p2a: Sneasler\n|-damage|p2a: Sneasler|0 fnt\n|faint|p2a: Sneasler\n|\n|-heal|p1a: Aegislash|21/100|[from] item: Leftovers\n|-damage|p1b: Rotom|47/100 psn|[from] psn\n|upkeep\n|-enditem|p1b: Rotom|Sitrus Berry|[eat]\n|-heal|p1b: Rotom|72/100 psn|[from] item: Sitrus Berry\n|\n|t:|1776124829\n|switch|p2a: Incineroar|Incineroar, L50, M|76/100\n|-ability|p2a: Incineroar|Intimidate|boost\n|-unboost|p1a: Aegislash|atk|1\n|-unboost|p1b: Rotom|atk|1\n|turn|12\n|\n|t:|1776124837\n|move|p1b: Rotom|Protect|p1b: Rotom\n|-singleturn|p1b: Rotom|Protect\n|move|p2a: Incineroar|Fake Out|p1b: Rotom\n|-activate|p1b: Rotom|move: Protect\n|move|p2b: Primarina|Hyper Voice|p1a: Aegislash|[spread] p1a\n|-activate|p1b: Rotom|move: Protect\n|-damage|p1a: Aegislash|0 fnt\n|faint|p1a: Aegislash\n|\n|-damage|p1b: Rotom|60/100 psn|[from] psn\n|upkeep\n|\n|t:|1776124843\n|switch|p1a: Kangaskhan|Kangaskhan-Mega, L50, F|100/100\n|turn|13\n|\n|t:|1776124855\n|move|p2b: Primarina|Protect|p2b: Primarina\n|-singleturn|p2b: Primarina|Protect\n|move|p1a: Kangaskhan|Low Kick|p2a: Incineroar\n|-supereffective|p2a: Incineroar|1\n|-damage|p2a: Incineroar|21/100\n|-enditem|p2a: Incineroar|Sitrus Berry|[eat]\n|-heal|p2a: Incineroar|46/100|[from] item: Sitrus Berry\n|-supereffective|p2a: Incineroar|1\n|-damage|p2a: Incineroar|32/100\n|-hitcount|p2a: Incineroar|2\n|move|p1b: Rotom|Thunderbolt|p2a: Incineroar\n|-damage|p2a: Incineroar|0 fnt\n|faint|p2a: Incineroar\n|\n|-damage|p1b: Rotom|48/100 psn|[from] psn\n|upkeep\n|turn|14\n|\n|t:|1776124868\n|move|p1a: Kangaskhan|Double-Edge|p2b: Primarina\n|-damage|p2b: Primarina|0 fnt\n|faint|p2b: Primarina\n|-hitcount|p2: Primarina|1\n|-damage|p1a: Kangaskhan|81/100|[from] Recoil\n|\n|win|Agnea Bristarni\n|raw|Agnea Bristarni's rating: 1117 &rarr; <strong>1140</strong><br />(+23 for winning)\n|raw|Nanakura Nanami's rating: 1096 &rarr; <strong>1073</strong><br />(-23 for losing)\n",
  "uploadtime": 1776124874,
  "views": 17,
  "formatid": "gen9championsvgc2026regma",
  "rating": 1073,
  "private": 0,
  "password": null
}