{
  "id": "gen9championsvgc2026regma-2587689552",
  "format": "[Gen 9 Champions] VGC 2026 Reg M-A",
  "players": [
    "dl joltyzz",
    "Temper0"
  ],
  "log": "|j|\u2606dl joltyzz\n|j|\u2606Temper0\n|html|<table width=\"100%\"><tr><td align=\"left\">dl joltyzz</td><td align=\"right\">Temper0</tr><tr><td align=\"left\"><i class=\"fa fa-circle\"></i> <i class=\"fa fa-circle-o\"></i> </td><td align=\"right\"><i class=\"fa fa-circle-o\"></i> <i class=\"fa fa-circle-o\"></i> </tr></table>\n|uhtml|bestof|<h2><strong>Game 2</strong> of <a href=\"/game-bestof3-gen9championsvgc2026regma-2587685942\">a best-of-3</a></h2>\n|t:|1776554167\n|gametype|doubles\n|player|p1|dl joltyzz|winona|\n|player|p2|Temper0|drayden|\n|gen|9\n|tier|[Gen 9 Champions] VGC 2026 Reg M-A\n|rule|Species Clause: Limit one of each Pok\u00e9mon\n|rule|Item Clause: Limit 1 of each item\n|raw|<div class=\"infobox\"><details class=\"readmore\" open><summary><strong>1 custom rule:</strong></summary> Best of = 3</details></div>\n|clearpoke\n|poke|p1|Froslass, L50, F|\n|poke|p1|Rotom-Frost, L50|\n|poke|p1|Arcanine, L50, F|\n|poke|p1|Palafin, L50, F|\n|poke|p1|Ditto, L50|\n|poke|p1|Dragonite, L50, F|\n|poke|p2|Dragapult, L50, F|\n|poke|p2|Aggron, L50, F, shiny|\n|poke|p2|Raichu, L50, F, shiny|\n|poke|p2|Scovillain, L50, M, shiny|\n|poke|p2|Mr. Rime, L50, F, shiny|\n|poke|p2|Charizard, L50, F, shiny|\n|teampreview|4\nTemper0 has agreed to open team sheets.\n|\n|t:|1776554230\n|teamsize|p1|4\n|teamsize|p2|4\n|start\n|switch|p1a: Dragonite|Dragonite, L50, F|100/100\n|switch|p1b: Palafin|Palafin, L50, F|100/100\n|switch|p2a: Aggron|Aggron, L50, F, shiny|100/100\n|switch|p2b: Raichu|Raichu, L50, F, shiny|100/100\n|turn|1\n|\n|t:|1776554244\n|switch|p1a: Arcanine|Arcanine, L50, F|100/100\n|-ability|p1a: Arcanine|Intimidate|boost\n|-unboost|p2a: Aggron|atk|1\n|-unboost|p2b: Raichu|atk|1\n|detailschange|p2a: Aggron|Aggron-Mega, L50, F, shiny\n|-mega|p2a: Aggron|Aggron|Aggronite\n|move|p1b: Palafin|Protect|p1b: Palafin\n|-singleturn|p1b: Palafin|Protect\n|move|p2b: Raichu|Fake Out|p1b: Palafin\n|-activate|p1b: Palafin|move: Protect\n|move|p2a: Aggron|Iron Defense|p2a: Aggron\n|-boost|p2a: Aggron|def|2\n|\n|upkeep\n|turn|2\n|\n|t:|1776554295\n|detailschange|p1b: Palafin|Palafin-Hero, L50, F\n|switch|p1b: Ditto|Ditto, L50|100/100\n|-transform|p1b: Ditto|p2a: Aggron|[from] ability: Imposter\n|move|p2a: Aggron|Protect|p2a: Aggron\n|-singleturn|p2a: Aggron|Protect\n|move|p2b: Raichu|Nuzzle|p1a: Arcanine\n|-damage|p1a: Arcanine|96/100\n|-status|p1a: Arcanine|par\n|move|p1a: Arcanine|Will-O-Wisp|p2a: Aggron\n|-activate|p2a: Aggron|move: Protect\n|\n|upkeep\n|turn|3\n|\n|t:|1776554331\n|move|p2b: Raichu|Nuzzle|p1b: Ditto\n|-damage|p1b: Ditto|99/100\n|-status|p1b: Ditto|par\n|move|p2a: Aggron|Iron Defense|p2a: Aggron\n|-boost|p2a: Aggron|def|2\n|move|p1a: Arcanine|Dragon Pulse|p2a: Aggron\n|-resisted|p2a: Aggron|1\n|-damage|p2a: Aggron|92/100\n|move|p1b: Ditto|Body Press|p2b: Raichu\n|-damage|p2b: Raichu|0 fnt\n|faint|p2b: Raichu\n|\n|upkeep\n|\n|t:|1776554343\n|switch|p2b: Dragapult|Dragapult, L50, F|100/100\n|turn|4\n|\n|t:|1776554353\n|switch|p1b: Dragonite|Dragonite, L50, F|100/100\n|move|p2a: Aggron|Protect|p2a: Aggron\n|-singleturn|p2a: Aggron|Protect\n|move|p2b: Dragapult|Dragon Claw|p1a: Arcanine\n|-damage|p1a: Arcanine|42/100 par\n|-enditem|p1a: Arcanine|Sitrus Berry|[eat]\n|-heal|p1a: Arcanine|67/100 par|[from] item: Sitrus Berry\n|move|p1a: Arcanine|Will-O-Wisp|p2a: Aggron\n|-activate|p2a: Aggron|move: Protect\n|\n|upkeep\n|turn|5\n|\n|t:|1776554371\n|move|p2b: Dragapult|Dragon Claw|p1b: Dragonite\n|-supereffective|p1b: Dragonite|1\n|-damage|p1b: Dragonite|52/100\n|move|p1b: Dragonite|Ice Spinner|p2b: Dragapult\n|-supereffective|p2b: Dragapult|1\n|-damage|p2b: Dragapult|0 fnt\n|faint|p2b: Dragapult\n|move|p2a: Aggron|Body Press|p1a: Arcanine\n|-damage|p1a: Arcanine|0 fnt\n|faint|p1a: Arcanine\n|\n|upkeep\n|\n|t:|1776554382\n|switch|p2b: Mr. Rime|Mr. Rime, L50, F, shiny|100/100\n|switch|p1a: Palafin|Palafin-Hero, L50, F|100/100\n|-activate|p1a: Palafin|ability: Zero to Hero\n|turn|6\n|\n|t:|1776554389\n|move|p1a: Palafin|Protect|p1a: Palafin\n|-singleturn|p1a: Palafin|Protect\n|move|p1b: Dragonite|Protect|p1b: Dragonite\n|-singleturn|p1b: Dragonite|Protect\n|move|p2b: Mr. Rime|Blizzard|p1a: Palafin|[spread] \n|-activate|p1a: Palafin|move: Protect\n|-activate|p1b: Dragonite|move: Protect\n|move|p2a: Aggron|Body Press|p1a: Palafin\n|-activate|p1a: Palafin|move: Protect\n|\n|upkeep\n|turn|7\n|\n|t:|1776554410\n|move|p1a: Palafin|Jet Punch|p2b: Mr. Rime\n|-damage|p2b: Mr. Rime|63/100\n|move|p1b: Dragonite|Stone Edge|p2b: Mr. Rime\n|-supereffective|p2b: Mr. Rime|1\n|-damage|p2b: Mr. Rime|0 fnt\n|faint|p2b: Mr. Rime\n|move|p2a: Aggron|Body Press|p1a: Palafin\n|-damage|p1a: Palafin|0 fnt\n|faint|p1a: Palafin\n|\n|upkeep\n|\n|t:|1776554414\n|switch|p1a: Ditto|Ditto, L50|99/100 par\n|turn|8\n|j| Midbus1\n|\n|t:|1776554427\n|move|p1b: Dragonite|Ice Spinner|p2a: Aggron\n|-resisted|p2a: Aggron|1\n|-damage|p2a: Aggron|89/100\n|move|p1a: Ditto|Transform|p2a: Aggron\n|-transform|p1a: Ditto|p2a: Aggron\n|move|p2a: Aggron|Body Press|p1b: Dragonite\n|-resisted|p1b: Dragonite|1\n|-damage|p1b: Dragonite|0 fnt\n|faint|p1b: Dragonite\n|\n|upkeep\n|turn|9\n|\n|t:|1776554463\n|move|p2a: Aggron|Iron Defense|p2a: Aggron\n|-boost|p2a: Aggron|def|2\n|move|p1a: Ditto|Body Press|p2a: Aggron\n|-supereffective|p2a: Aggron|1\n|-damage|p2a: Aggron|69/100\n|\n|upkeep\n|turn|10\n|\n|t:|1776554468\n|move|p2a: Aggron|Body Press|p1a: Ditto\n|-supereffective|p1a: Ditto|1\n|-damage|p1a: Ditto|53/100 par\n|move|p1a: Ditto|Body Press|p2a: Aggron\n|-supereffective|p2a: Aggron|1\n|-damage|p2a: Aggron|50/100\n|\n|upkeep\n|turn|11\n|\n|t:|1776554471\n|move|p2a: Aggron|Body Press|p1a: Ditto\n|-supereffective|p1a: Ditto|1\n|-damage|p1a: Ditto|9/100 par\n|cant|p1a: Ditto|par\n|\n|upkeep\n|turn|12\n|\n|t:|1776554475\n|move|p2a: Aggron|Body Press|p1a: Ditto\n|-supereffective|p1a: Ditto|1\n|-damage|p1a: Ditto|0 fnt\n|faint|p1a: Ditto\n|\n|win|Temper0\n||dl joltyzz is ready for game 3.\n",
  "uploadtime": 1776554477,
  "views": 23,
  "formatid": "gen9championsvgc2026regma",
  "rating": null,
  "private": 0,
  "password": null
}