{
  "id": "gen9championsvgc2026regma-2581284392",
  "format": "[Gen 9 Champions] VGC 2026 Reg M-A",
  "players": [
    "sonic1",
    "deinofan777"
  ],
  "log": "|j|\u2606sonic1\n|j|\u2606deinofan777\n|t:|1775981218\n|gametype|doubles\n|player|p1|sonic1|169|1314\n|player|p2|deinofan777|zinnia|1267\n|gen|9\n|tier|[Gen 9 Champions] VGC 2026 Reg M-A\n|rated|\n|rule|Species Clause: Limit one of each Pok\u00e9mon\n|rule|Item Clause: Limit 1 of each item\n|clearpoke\n|poke|p1|Whimsicott, L50, M|\n|poke|p1|Charizard, L50, M|\n|poke|p1|Sneasler, L50, F|\n|poke|p1|Garchomp, L50, M|\n|poke|p1|Kingambit, L50, M|\n|poke|p1|Farigiraf, L50, F|\n|poke|p2|Scizor, L50, M|\n|poke|p2|Sneasler, L50, M|\n|poke|p2|Pelipper, L50, M|\n|poke|p2|Basculegion, L50, M|\n|poke|p2|Floette-Eternal, L50, F|\n|poke|p2|Hydreigon, L50, M|\n|teampreview|4\n|inactive|Battle timer is ON: inactive players will automatically lose when time's up. (requested by sonic1)\n|j| gE1xjZRtuhW2DdT0AK\n|inactive|deinofan777 has 60 seconds left.\nsonic1 rejected open team sheets.\n|inactive|deinofan777 has 30 seconds left.\n|\n|t:|1775981279\n|teamsize|p1|4\n|teamsize|p2|4\n|start\n|switch|p1a: Garchomp|Garchomp, L50, M|100/100\n|switch|p1b: Sneasler|Sneasler, L50, F|100/100\n|switch|p2a: Sneasler|Sneasler, L50, M|100/100\n|switch|p2b: Hydreigon|Hydreigon, L50, M|100/100\n|turn|1\n|inactive|sonic1 has 30 seconds left.\n|inactive|deinofan777 has 30 seconds left.\n|\n|t:|1775981312\n|move|p2a: Sneasler|Fake Out|p1a: Garchomp\n|-damage|p1a: Garchomp|86/100\n|move|p1b: Sneasler|Fake Out|p2a: Sneasler\n|-damage|p2a: Sneasler|76/100\n|cant|p1a: Garchomp|flinch\n|move|p2b: Hydreigon|Draco Meteor|p1a: Garchomp\n|-supereffective|p1a: Garchomp|1\n|-damage|p1a: Garchomp|0 fnt\n|-unboost|p2b: Hydreigon|spa|2\n|faint|p1a: Garchomp\n|\n|upkeep\n|\n|t:|1775981318\n|switch|p1a: Kingambit|Kingambit, L50, M|100/100\n|turn|2\n|\n|t:|1775981335\n|switch|p2b: Pelipper|Pelipper, L50, M|100/100\n|-weather|RainDance|[from] ability: Drizzle|[of] p2b: Pelipper\n|move|p1a: Kingambit|Protect|p1a: Kingambit\n|-singleturn|p1a: Kingambit|Protect\n|move|p2a: Sneasler|Close Combat|p1a: Kingambit\n|-activate|p1a: Kingambit|move: Protect\n|move|p1b: Sneasler|Close Combat|p2b: Pelipper\n|-resisted|p2b: Pelipper|1\n|-damage|p2b: Pelipper|67/100\n|-unboost|p1b: Sneasler|def|1\n|-unboost|p1b: Sneasler|spd|1\n|-enditem|p1b: Sneasler|White Herb\n|-clearnegativeboost|p1b: Sneasler|[silent]\n|\n|-weather|RainDance|[upkeep]\n|-heal|p2b: Pelipper|73/100|[from] item: Leftovers\n|upkeep\n|turn|3\n|\n|t:|1775981357\n|move|p1a: Kingambit|Sucker Punch|p2a: Sneasler\n|-resisted|p2a: Sneasler|1\n|-damage|p2a: Sneasler|36/100\n|move|p1b: Sneasler|Close Combat|p2a: Sneasler\n|-resisted|p2a: Sneasler|1\n|-damage|p2a: Sneasler|0 fnt\n|-unboost|p1b: Sneasler|def|1\n|-unboost|p1b: Sneasler|spd|1\n|faint|p2a: Sneasler\n|move|p2b: Pelipper|Hurricane|p1b: Sneasler\n|-supereffective|p1b: Sneasler|1\n|-damage|p1b: Sneasler|0 fnt\n|faint|p1b: Sneasler\n|\n|-weather|RainDance|[upkeep]\n|-heal|p2b: Pelipper|78/100|[from] item: Leftovers\n|upkeep\n|\n|t:|1775981371\n|switch|p2a: Hydreigon|Hydreigon, L50, M|100/100\n|switch|p1b: Charizard|Charizard, L50, M|100/100\n|turn|4\n|\n|t:|1775981389\n|switch|p2b: Floette|Floette-Eternal, L50, F|100/100\n|move|p2a: Hydreigon|Earth Power|p1a: Kingambit\n|-supereffective|p1a: Kingambit|1\n|-damage|p1a: Kingambit|31/100\n|move|p1b: Charizard|Weather Ball|p2b: Floette\n|-damage|p2b: Floette|61/100\n|move|p1a: Kingambit|Kowtow Cleave|p2b: Floette\n|-resisted|p2b: Floette|1\n|-damage|p2b: Floette|15/100\n|\n|-weather|RainDance|[upkeep]\n|upkeep\n|turn|5\n|inactive|sonic1 has 30 seconds left.\n|inactive|deinofan777 has 30 seconds left.\n|\n|t:|1775981419\n|detailschange|p2b: Floette|Floette-Mega, L50, F\n|-mega|p2b: Floette|Floette|Floettite\n|-ability|p2b: Floette|Fairy Aura\n|move|p1a: Kingambit|Sucker Punch|p2b: Floette\n|-resisted|p2b: Floette|1\n|-damage|p2b: Floette|0 fnt\n|faint|p2b: Floette\n|move|p2a: Hydreigon|Earth Power|p1a: Kingambit\n|-supereffective|p1a: Kingambit|1\n|-damage|p1a: Kingambit|0 fnt\n|faint|p1a: Kingambit\n|move|p1b: Charizard|Heat Wave|p2a: Hydreigon\n|-resisted|p2a: Hydreigon|1\n|-damage|p2a: Hydreigon|86/100\n|\n|-weather|RainDance|[upkeep]\n|upkeep\n|\n|t:|1775981430\n|switch|p2b: Pelipper|Pelipper, L50, M|78/100\n|turn|6\n|\n|t:|1775981439\n|detailschange|p1b: Charizard|Charizard-Mega-Y, L50, M\n|-mega|p1b: Charizard|Charizard|Charizardite Y\n|-weather|SunnyDay|[from] ability: Drought|[of] p1b: Charizard\n|move|p2a: Hydreigon|Earth Power|p1b: Charizard\n|-immune|p1b: Charizard\n|move|p1b: Charizard|Solar Beam||[still]\n|-prepare|p1b: Charizard|Solar Beam\n|-anim|p1b: Charizard|Solar Beam|p2b: Pelipper\n|-damage|p2b: Pelipper|0 fnt\n|faint|p2b: Pelipper\n|\n|-weather|SunnyDay|[upkeep]\n|upkeep\n|turn|7\n|-message|deinofan777 forfeited.\n|\n|win|sonic1\n|raw|sonic1's rating: 1314 &rarr; <strong>1331</strong><br />(+17 for winning)\n|raw|deinofan777's rating: 1267 &rarr; <strong>1245</strong><br />(-22 for losing)\n|l|\u2606deinofan777\n|player|p2|\n|l|\u2606sonic1\n|player|p1|\n",
  "uploadtime": 1775981461,
  "views": 23,
  "formatid": "gen9championsvgc2026regma",
  "rating": 1245,
  "private": 0,
  "password": null
}