{
  "id": "gen9championsvgc2026regma-2580760693",
  "format": "[Gen 9 Champions] VGC 2026 Reg M-A",
  "players": [
    "FuegoBald",
    "Dangerous Muk"
  ],
  "log": "|j|\u2606FuegoBald\n|j|\u2606Dangerous Muk\n|t:|1775930290\n|gametype|doubles\n|player|p1|FuegoBald|gwynn|1317\n|player|p2|Dangerous Muk|169|1288\n|gen|9\n|tier|[Gen 9 Champions] VGC 2026 Reg M-A\n|rated|\n|rule|Species Clause: Limit one of each Pok\u00e9mon\n|rule|Item Clause: Limit 1 of each item\n|clearpoke\n|poke|p1|Delphox, L50, F|\n|poke|p1|Floette-Eternal, L50, F|\n|poke|p1|Sneasler, L50, M|\n|poke|p1|Garchomp, L50, M|\n|poke|p1|Arcanine-Hisui, L50, F|\n|poke|p1|Sinistcha, L50|\n|poke|p2|Delphox, L50, M|\n|poke|p2|Garchomp, L50, M|\n|poke|p2|Gyarados, L50, F|\n|poke|p2|Kingambit, L50, F|\n|poke|p2|Floette-Eternal, L50, F|\n|poke|p2|Sinistcha, L50|\n|teampreview|4\n|c|\u2606FuegoBald|fellow phox/flower enjoyer\n|c|\u2606FuegoBald|respect\n|c|\u2606FuegoBald|gl hf\n|\n|t:|1775930334\n|teamsize|p1|4\n|teamsize|p2|4\n|start\n|switch|p1a: Sneasler|Sneasler, L50, M|100/100\n|switch|p1b: Arcanine|Arcanine-Hisui, L50, F|100/100\n|switch|p2a: Gyarados|Gyarados, L50, F, shiny|100/100\n|switch|p2b: Garchomp|Garchomp, L50, M, shiny|100/100\n|-ability|p1b: Arcanine|Intimidate|boost\n|-unboost|p2a: Gyarados|atk|1\n|-unboost|p2b: Garchomp|atk|1\n|-ability|p2a: Gyarados|Intimidate|boost\n|-unboost|p1a: Sneasler|atk|1\n|-unboost|p1b: Arcanine|atk|1\n|-enditem|p1a: Sneasler|White Herb\n|-clearnegativeboost|p1a: Sneasler|[silent]\n|turn|1\n|\n|t:|1775930357\n|move|p1a: Sneasler|Fake Out|p2b: Garchomp\n|-damage|p2b: Garchomp|86/100\n|-damage|p1a: Sneasler|88/100|[from] ability: Rough Skin|[of] p2b: Garchomp\n|move|p1b: Arcanine|Head Smash|p2a: Gyarados\n|-supereffective|p2a: Gyarados|1\n|-damage|p2a: Gyarados|0 fnt\n|faint|p2a: Gyarados\n|-damage|p1b: Arcanine|44/100|[from] Recoil\n|cant|p2b: Garchomp|flinch\n|\n|upkeep\n|\n|t:|1775930371\n|switch|p2a: Floette|Floette-Eternal, L50, F|100/100\n|turn|2\n|\n|t:|1775930379\n|switch|p1b: Sinistcha|Sinistcha, L50|100/100\n|-heal|p1a: Sneasler|100/100|[from] ability: Hospitality|[of] p1b: Sinistcha\n|move|p1a: Sneasler|Protect|p1a: Sneasler\n|-singleturn|p1a: Sneasler|Protect\n|move|p2a: Floette|Protect|p2a: Floette\n|-singleturn|p2a: Floette|Protect\n|move|p2b: Garchomp|Earthquake|p1b: Sinistcha|[spread] p1b\n|-activate|p2a: Floette|move: Protect\n|-activate|p1a: Sneasler|move: Protect\n|-resisted|p1b: Sinistcha|1\n|-damage|p1b: Sinistcha|89/100\n|\n|upkeep\n|turn|3\n|\n|t:|1775930403\n|detailschange|p2a: Floette|Floette-Mega, L50, F\n|-mega|p2a: Floette|Floette|Floettite\n|-ability|p2a: Floette|Fairy Aura\n|move|p1a: Sneasler|Dire Claw|p2a: Floette\n|-supereffective|p2a: Floette|1\n|-damage|p2a: Floette|0 fnt\n|faint|p2a: Floette\n|move|p2b: Garchomp|Earthquake|p1b: Sinistcha|[spread] p1a,p1b\n|-supereffective|p1a: Sneasler|1\n|-resisted|p1b: Sinistcha|1\n|-damage|p1a: Sneasler|0 fnt\n|-damage|p1b: Sinistcha|76/100\n|faint|p1a: Sneasler\n|move|p1b: Sinistcha|Matcha Gotcha|p2b: Garchomp\n|-damage|p2b: Garchomp|56/100\n|-heal|p1b: Sinistcha|92/100|[from] drain|[of] p2b: Garchomp\n|\n|upkeep\n|\n|t:|1775930419\n|switch|p1a: Delphox|Delphox, L50, F|100/100\n|switch|p2a: Kingambit|Kingambit, L50, F, shiny|100/100\n|turn|4\n|\n|t:|1775930427\n|detailschange|p1a: Delphox|Delphox-Mega, L50, F\n|-mega|p1a: Delphox|Delphox|Delphoxite\n|move|p1b: Sinistcha|Rage Powder|p1b: Sinistcha\n|-singleturn|p1b: Sinistcha|move: Rage Powder\n|move|p2a: Kingambit|Sucker Punch||[still]\n|-fail|p2a: Kingambit\n|move|p2b: Garchomp|Earthquake|p1a: Delphox|[spread] p2a,p1b\n|-immune|p1a: Delphox|[from] ability: Levitate\n|-supereffective|p2a: Kingambit|1\n|-resisted|p1b: Sinistcha|1\n|-damage|p2a: Kingambit|59/100\n|-damage|p1b: Sinistcha|80/100\n|move|p1a: Delphox|Heat Wave|p2a: Kingambit|[spread] p2a,p2b\n|-supereffective|p2a: Kingambit|1\n|-resisted|p2b: Garchomp|1\n|-damage|p2a: Kingambit|0 fnt\n|-damage|p2b: Garchomp|34/100\n|faint|p2a: Kingambit\n|\n|upkeep\n|turn|5\n|-message|Dangerous Muk forfeited.\n|\n|win|FuegoBald\n|raw|FuegoBald's rating: 1317 &rarr; <strong>1335</strong><br />(+18 for winning)\n|raw|Dangerous Muk's rating: 1288 &rarr; <strong>1265</strong><br />(-23 for losing)\n|l|\u2606Dangerous Muk\n|player|p2|\n",
  "uploadtime": 1775930441,
  "views": 34,
  "formatid": "gen9championsvgc2026regma",
  "rating": 1265,
  "private": 0,
  "password": null
}