{
  "id": "gen9championsvgc2026regma-2585328702",
  "format": "[Gen 9 Champions] VGC 2026 Reg M-A",
  "players": [
    "comprestrict",
    "senioreffe"
  ],
  "log": "|j|\u2606comprestrict\n|j|\u2606senioreffe\n|t:|1776338300\n|gametype|doubles\n|player|p1|comprestrict|266|1118\n|player|p2|senioreffe|265|1145\n|gen|9\n|tier|[Gen 9 Champions] VGC 2026 Reg M-A\n|rated|\n|rule|Species Clause: Limit one of each Pok\u00e9mon\n|rule|Item Clause: Limit 1 of each item\n|clearpoke\n|poke|p1|Hydreigon, L50, M|\n|poke|p1|Gallade, L50, M|\n|poke|p1|Drampa, L50, M|\n|poke|p1|Talonflame, L50, M|\n|poke|p1|Banette, L50, F|\n|poke|p1|Milotic, L50, F|\n|poke|p2|Gengar, L50, M|\n|poke|p2|Politoed, L50, F|\n|poke|p2|Basculegion, L50, M|\n|poke|p2|Archaludon, L50, M|\n|poke|p2|Incineroar, L50, F|\n|poke|p2|Sinistcha, L50|\n|teampreview|4\n|inactive|Battle timer is ON: inactive players will automatically lose when time's up. (requested by comprestrict)\n|\n|t:|1776338338\n|teamsize|p1|4\n|teamsize|p2|4\n|start\n|switch|p1a: Hydreigon|Hydreigon, L50, M|100/100\n|switch|p1b: Gallade|Gallade, L50, M|100/100\n|switch|p2a: Basculegion|Basculegion, L50, M|100/100\n|switch|p2b: Politoed|Politoed, L50, F|100/100\n|-weather|RainDance|[from] ability: Drizzle|[of] p2b: Politoed\n|turn|1\n|inactive|senioreffe has 30 seconds left.\n|inactive|senioreffe has 20 seconds left.\n|\n|t:|1776338377\n|switch|p1b: Drampa|Drampa, L50, M|100/100\n|-ability|p1b: Drampa|Cloud Nine\n|move|p1a: Hydreigon|Dark Pulse|p2a: Basculegion\n|-supereffective|p2a: Basculegion|1\n|-damage|p2a: Basculegion|6/100\n|cant|p2a: Basculegion|flinch\n|move|p2b: Politoed|Muddy Water|p1a: Hydreigon|[spread] p1a,p1b\n|-resisted|p1a: Hydreigon|1\n|-resisted|p1b: Drampa|1\n|-damage|p1a: Hydreigon|88/100\n|-damage|p1b: Drampa|90/100\n|-unboost|p1a: Hydreigon|accuracy|1\n|\n|-weather|RainDance|[upkeep]\n|upkeep\n|turn|2\n|\n|t:|1776338393\n|switch|p2a: Incineroar|Incineroar, L50, F|100/100\n|-ability|p2a: Incineroar|Intimidate|boost\n|-unboost|p1a: Hydreigon|atk|1\n|-unboost|p1b: Drampa|atk|1\n|move|p2b: Politoed|Protect|p2b: Politoed\n|-singleturn|p2b: Politoed|Protect\n|move|p1a: Hydreigon|Snarl|p2a: Incineroar|[spread] p2a\n|-activate|p2b: Politoed|move: Protect\n|-resisted|p2a: Incineroar|1\n|-damage|p2a: Incineroar|92/100\n|-unboost|p2a: Incineroar|spa|1\n|move|p1b: Drampa|Calm Mind|p1b: Drampa\n|-boost|p1b: Drampa|spa|1\n|-boost|p1b: Drampa|spd|1\n|\n|-weather|RainDance|[upkeep]\n|upkeep\n|turn|3\n|\n|t:|1776338404\n|switch|p1a: Gallade|Gallade, L50, M|100/100\n|switch|p2b: Gengar|Gengar, L50, M|100/100\n|move|p2a: Incineroar|Fake Out|p1b: Drampa\n|-damage|p1b: Drampa|78/100\n|cant|p1b: Drampa|flinch\n|\n|-weather|RainDance|[upkeep]\n|upkeep\n|turn|4\n|\n|t:|1776338421\n|switch|p2a: Basculegion|Basculegion, L50, M|6/100\n|detailschange|p2b: Gengar|Gengar-Mega, L50, M\n|-mega|p2b: Gengar|Gengar|Gengarite\n|move|p2b: Gengar|Destiny Bond|p2b: Gengar\n|-singlemove|p2b: Gengar|Destiny Bond\n|move|p1a: Gallade|Psycho Cut|p2b: Gengar\n|-supereffective|p2b: Gengar|1\n|-damage|p2b: Gengar|0 fnt\n|faint|p2b: Gengar\n|-activate|p2b: Gengar|move: Destiny Bond\n|faint|p1a: Gallade\n|move|p1b: Drampa|Earth Power|p2a: Basculegion\n|-damage|p2a: Basculegion|0 fnt\n|faint|p2a: Basculegion\n|\n|-weather|RainDance|[upkeep]\n|upkeep\n|\n|t:|1776338430\n|switch|p2b: Incineroar|Incineroar, L50, F|92/100\n|switch|p1a: Hydreigon|Hydreigon, L50, M|88/100\n|switch|p2a: Politoed|Politoed, L50, F|100/100\n|-ability|p2b: Incineroar|Intimidate|boost\n|-unboost|p1a: Hydreigon|atk|1\n|-unboost|p1b: Drampa|atk|1\n|turn|5\n|-message|senioreffe forfeited.\n|\n|win|comprestrict\n|raw|comprestrict's rating: 1118 &rarr; <strong>1145</strong><br />(+27 for winning)\n|raw|senioreffe's rating: 1145 &rarr; <strong>1118</strong><br />(-27 for losing)\n|l|\u2606senioreffe\n|player|p2|\n|l|\u2606comprestrict\n|player|p1|\n|j|\u2606comprestrict\n|player|p1|comprestrict|266|\n",
  "uploadtime": 1776338733,
  "views": 21,
  "formatid": "gen9championsvgc2026regma",
  "rating": 1118,
  "private": 0,
  "password": null
}