{
  "id": "gen9championsvgc2026regma-2581487388",
  "format": "[Gen 9 Champions] VGC 2026 Reg M-A",
  "players": [
    "Volcano0",
    "Venmu Mobile"
  ],
  "log": "|j|\u203dVolcano0\n|j|\u2606Venmu Mobile\n|t:|1776005024\n|gametype|doubles\n|player|p1|Volcano0|n|1088\n|player|p2|Venmu Mobile|266|1075\n|gen|9\n|tier|[Gen 9 Champions] VGC 2026 Reg M-A\n|rated|\n|rule|Species Clause: Limit one of each Pok\u00e9mon\n|rule|Item Clause: Limit 1 of each item\n|clearpoke\n|poke|p1|Charizard, L50, F|\n|poke|p1|Venusaur, L50, F|\n|poke|p1|Incineroar, L50, F|\n|poke|p1|Garchomp, L50, F|\n|poke|p1|Floette-Eternal, L50, F|\n|poke|p1|Maushold-Four, L50|\n|poke|p2|Chandelure, L50, F|\n|poke|p2|Whimsicott, L50, F|\n|poke|p2|Maushold, L50|\n|poke|p2|Sneasler, L50, F|\n|poke|p2|Garchomp, L50, M|\n|poke|p2|Milotic, L50, M|\n|teampreview|4\n|inactive|Battle timer is ON: inactive players will automatically lose when time's up. (requested by Volcano0)\n|inactive|Volcano0 has 60 seconds left.\n|inactive|Venmu Mobile has 60 seconds left.\n|\n|t:|1776005058\n|teamsize|p1|4\n|teamsize|p2|4\n|start\n|switch|p1a: Charizard|Charizard, L50, F, shiny|100/100\n|switch|p1b: Venusaur|Venusaur, L50, F, shiny|100/100\n|switch|p2a: Whimsicott|Whimsicott, L50, F|100/100\n|switch|p2b: Sneasler|Sneasler, L50, F|100/100\n|turn|1\n|\n|t:|1776005074\n|detailschange|p1a: Charizard|Charizard-Mega-Y, L50, F, shiny\n|-mega|p1a: Charizard|Charizard|Charizardite Y\n|-weather|SunnyDay|[from] ability: Drought|[of] p1a: Charizard\n|move|p2b: Sneasler|Fake Out|p1b: Venusaur\n|-damage|p1b: Venusaur|78/100\n|move|p2a: Whimsicott|Tailwind|p2a: Whimsicott\n|-sidestart|p2: Venmu Mobile|move: Tailwind\n|cant|p1b: Venusaur|flinch\n|move|p1a: Charizard|Heat Wave|p2a: Whimsicott|[spread] p2a,p2b\n|-supereffective|p2a: Whimsicott|1\n|-enditem|p2a: Whimsicott|Focus Sash\n|-damage|p2a: Whimsicott|1/100\n|-damage|p2b: Sneasler|11/100\n|-status|p2b: Sneasler|brn\n|\n|-weather|SunnyDay|[upkeep]\n|-damage|p2b: Sneasler|6/100 brn|[from] brn\n|upkeep\n|turn|2\n|\n|t:|1776005097\n|move|p2a: Whimsicott|Protect|p2a: Whimsicott\n|-singleturn|p2a: Whimsicott|Protect\n|move|p2b: Sneasler|Rock Tomb|p1a: Charizard\n|-supereffective|p1a: Charizard|2\n|-damage|p1a: Charizard|47/100\n|-unboost|p1a: Charizard|spe|1\n|move|p1b: Venusaur|Sludge Bomb|p2a: Whimsicott\n|-activate|p2a: Whimsicott|move: Protect\n|move|p1a: Charizard|Heat Wave|p2a: Whimsicott|[spread] p2b\n|-activate|p2a: Whimsicott|move: Protect\n|-damage|p2b: Sneasler|0 fnt\n|faint|p2b: Sneasler\n|\n|-weather|SunnyDay|[upkeep]\n|upkeep\n|\n|t:|1776005106\n|switch|p2b: Chandelure|Chandelure, L50, F|100/100\n|turn|3\n|\n|t:|1776005117\n|detailschange|p2b: Chandelure|Chandelure-Mega, L50, F\n|-mega|p2b: Chandelure|Chandelure|Chandelurite\n|move|p2a: Whimsicott|Fake Tears|p1a: Charizard\n|-unboost|p1a: Charizard|spd|2\n|move|p2b: Chandelure|Heat Wave|p1a: Charizard|[spread] p1a,p1b\n|-resisted|p1a: Charizard|1\n|-supereffective|p1b: Venusaur|1\n|-damage|p1a: Charizard|0 fnt\n|-damage|p1b: Venusaur|0 fnt\n|faint|p1a: Charizard\n|faint|p1b: Venusaur\n|\n|-weather|SunnyDay|[upkeep]\n|upkeep\n|\n|t:|1776005124\n|switch|p1a: Garchomp|Garchomp, L50, F|100/100\n|switch|p1b: Incineroar|Incineroar, L50, F, shiny|100/100\n|-ability|p1b: Incineroar|Intimidate|boost\n|-unboost|p2a: Whimsicott|atk|1\n|-unboost|p2b: Chandelure|atk|1\n|turn|4\n|\n|t:|1776005147\n|move|p2a: Whimsicott|Protect|p2a: Whimsicott\n|-singleturn|p2a: Whimsicott|Protect\n|move|p2b: Chandelure|Shadow Ball|p1a: Garchomp\n|-damage|p1a: Garchomp|49/100\n|move|p1a: Garchomp|Rock Slide|p2a: Whimsicott|[spread] p2b\n|-activate|p2a: Whimsicott|move: Protect\n|-supereffective|p2b: Chandelure|1\n|-damage|p2b: Chandelure|56/100\n|move|p1b: Incineroar|Darkest Lariat|p2b: Chandelure\n|-supereffective|p2b: Chandelure|1\n|-damage|p2b: Chandelure|0 fnt\n|faint|p2b: Chandelure\n|\n|-weather|SunnyDay|[upkeep]\n|-sideend|p2: Venmu Mobile|move: Tailwind\n|upkeep\n|\n|t:|1776005159\n|switch|p2b: Garchomp|Garchomp, L50, M|100/100\n|turn|5\n|\n|t:|1776005165\n|move|p2a: Whimsicott|Tailwind|p2a: Whimsicott\n|-sidestart|p2: Venmu Mobile|move: Tailwind\n|move|p2b: Garchomp|Dragon Claw|p1a: Garchomp\n|-supereffective|p1a: Garchomp|1\n|-damage|p1a: Garchomp|0 fnt\n|-damage|p2b: Garchomp|88/100|[from] ability: Rough Skin|[of] p1a: Garchomp\n|faint|p1a: Garchomp\n|move|p1b: Incineroar|Darkest Lariat|p2b: Garchomp\n|-damage|p2b: Garchomp|50/100\n|\n|-weather|none\n|upkeep\n|turn|6\n|\n|t:|1776005180\n|move|p2a: Whimsicott|Moonblast|p1b: Incineroar\n|-crit|p1b: Incineroar\n|-damage|p1b: Incineroar|55/100\n|move|p2b: Garchomp|Rock Slide|p1b: Incineroar\n|-supereffective|p1b: Incineroar|1\n|-damage|p1b: Incineroar|6/100\n|-enditem|p1b: Incineroar|Sitrus Berry|[eat]\n|-heal|p1b: Incineroar|31/100|[from] item: Sitrus Berry\n|move|p1b: Incineroar|Darkest Lariat|p2b: Garchomp\n|-damage|p2b: Garchomp|17/100\n|\n|upkeep\n|turn|7\n|\n|t:|1776005193\n|move|p2a: Whimsicott|Moonblast|p1b: Incineroar\n|-damage|p1b: Incineroar|2/100\n|-unboost|p1b: Incineroar|spa|1\n|move|p2b: Garchomp|Earthquake|p1b: Incineroar|[spread] p2a,p1b\n|-resisted|p2a: Whimsicott|1\n|-supereffective|p1b: Incineroar|1\n|-damage|p2a: Whimsicott|0 fnt\n|-damage|p1b: Incineroar|0 fnt\n|faint|p2a: Whimsicott\n|faint|p1b: Incineroar\n|\n|win|Venmu Mobile\n|raw|Volcano0's rating: 1088 &rarr; <strong>1064</strong><br />(-24 for losing)\n|raw|Venmu Mobile's rating: 1075 &rarr; <strong>1105</strong><br />(+30 for winning)\n|l|\u2606Venmu Mobile\n|player|p2|\n",
  "uploadtime": 1776005213,
  "views": 16,
  "formatid": "gen9championsvgc2026regma",
  "rating": 1064,
  "private": 0,
  "password": null
}