{
  "id": "gen9championsvgc2026regma-2586697532",
  "format": "[Gen 9 Champions] VGC 2026 Reg M-A",
  "players": [
    "Robopup27",
    "vegibore"
  ],
  "log": "|j|\u2606Robopup27\n|j|\u2606vegibore\n|t:|1776452990\n|gametype|doubles\n|player|p1|Robopup27|1|1247\n|player|p2|vegibore|2|1206\n|gen|9\n|tier|[Gen 9 Champions] VGC 2026 Reg M-A\n|rated|\n|rule|Species Clause: Limit one of each Pok\u00e9mon\n|rule|Item Clause: Limit 1 of each item\n|clearpoke\n|poke|p1|Floette-Eternal, L50, F|\n|poke|p1|Glimmora, L50, F|\n|poke|p1|Incineroar, L50, M|\n|poke|p1|Farigiraf, L50, F|\n|poke|p1|Sinistcha-Masterpiece, L50|\n|poke|p1|Excadrill, L50, M|\n|poke|p2|Charizard, L50, F|\n|poke|p2|Venusaur, L50, M|\n|poke|p2|Aerodactyl, L50, M|\n|poke|p2|Greninja-*, L50, M|\n|poke|p2|Sneasler, L50, F|\n|poke|p2|Whimsicott, L50, F|\n|teampreview|4\n|inactive|Battle timer is ON: inactive players will automatically lose when time's up. (requested by vegibore)\n|inactive|Robopup27 has 60 seconds left.\n|\n|t:|1776453048\n|teamsize|p1|4\n|teamsize|p2|4\n|start\n|switch|p1a: Sinistcha|Sinistcha-Masterpiece, L50|100/100\n|switch|p1b: Farigiraf|Farigiraf, L50, F|100/100\n|switch|p2a: Greninja|Greninja, L50, M|100/100\n|switch|p2b: Aerodactyl|Aerodactyl, L50, M|100/100\n|-ability|p2b: Aerodactyl|Unnerve\n|turn|1\n|\n|t:|1776453066\n|detailschange|p2b: Aerodactyl|Aerodactyl-Mega, L50, M\n|-mega|p2b: Aerodactyl|Aerodactyl|Aerodactylite\n|move|p2b: Aerodactyl|Dual Wingbeat|p1a: Sinistcha\n|-supereffective|p1a: Sinistcha|1\n|-damage|p1a: Sinistcha|62/100\n|-supereffective|p1a: Sinistcha|1\n|-damage|p1a: Sinistcha|21/100\n|-hitcount|p1a: Sinistcha|2\n|move|p2a: Greninja|Taunt|p1b: Farigiraf\n|-start|p2a: Greninja|typechange|Dark|[from] ability: Protean\n|-start|p1b: Farigiraf|move: Taunt\n|move|p1a: Sinistcha|Matcha Gotcha|p2b: Aerodactyl|[spread] p2a,p2b\n|-damage|p2a: Greninja|63/100\n|-heal|p1a: Sinistcha|36/100|[from] drain|[of] p2a: Greninja\n|-damage|p2b: Aerodactyl|71/100\n|-heal|p1a: Sinistcha|49/100|[from] drain|[of] p2b: Aerodactyl\n|-status|p2b: Aerodactyl|brn\n|cant|p1b: Farigiraf|move: Taunt|Trick Room\n|\n|-heal|p1a: Sinistcha|56/100|[from] item: Leftovers\n|-damage|p2b: Aerodactyl|65/100 brn|[from] brn\n|upkeep\n|turn|2\n|inactive|vegibore has 30 seconds left.\n|\n|t:|1776453098\n|move|p2b: Aerodactyl|Tailwind|p2b: Aerodactyl\n|-sidestart|p2: vegibore|move: Tailwind\n|move|p2a: Greninja|Dark Pulse|p1a: Sinistcha\n|-supereffective|p1a: Sinistcha|1\n|-damage|p1a: Sinistcha|0 fnt\n|faint|p1a: Sinistcha\n|move|p1b: Farigiraf|Psychic|p2b: Aerodactyl\n|-damage|p2b: Aerodactyl|24/100 brn\n|\n|-damage|p2b: Aerodactyl|18/100 brn|[from] brn\n|upkeep\n|\n|t:|1776453107\n|switch|p1a: Excadrill|Excadrill, L50, M|100/100\n|turn|3\n|\n|t:|1776453113\n|move|p2a: Greninja|Protect|p2a: Greninja\n|-singleturn|p2a: Greninja|Protect\n|move|p1a: Excadrill|Protect|p1a: Excadrill\n|-singleturn|p1a: Excadrill|Protect\n|move|p2b: Aerodactyl|Earthquake|p1b: Farigiraf|[spread] p1b\n|-activate|p2a: Greninja|move: Protect\n|-activate|p1a: Excadrill|move: Protect\n|-damage|p1b: Farigiraf|89/100\n|move|p1b: Farigiraf|Psychic|p2b: Aerodactyl\n|-damage|p2b: Aerodactyl|0 fnt\n|faint|p2b: Aerodactyl\n|\n|-end|p1b: Farigiraf|move: Taunt\n|upkeep\n|\n|t:|1776453131\n|switch|p2b: Venusaur|Venusaur, L50, M|100/100\n|turn|4\n|\n|t:|1776453145\n|move|p2a: Greninja|Hydro Pump|p1a: Excadrill\n|-supereffective|p1a: Excadrill|1\n|-damage|p1a: Excadrill|10/100\n|move|p2b: Venusaur|Earth Power|p1a: Excadrill\n|-supereffective|p1a: Excadrill|1\n|-damage|p1a: Excadrill|0 fnt\n|faint|p1a: Excadrill\n|move|p1b: Farigiraf|Trick Room|p1b: Farigiraf\n|-fieldstart|move: Trick Room|[of] p1b: Farigiraf\n|\n|upkeep\n|\n|t:|1776453151\n|switch|p1a: Glimmora|Glimmora, L50, F|100/100\n|turn|5\n|\n|t:|1776453158\n|detailschange|p1a: Glimmora|Glimmora-Mega, L50, F\n|-mega|p1a: Glimmora|Glimmora|Glimmoranite\n|move|p1b: Farigiraf|Psychic|p2b: Venusaur\n|-supereffective|p2b: Venusaur|1\n|-enditem|p2b: Venusaur|Payapa Berry|[eat]\n|-enditem|p2b: Venusaur|Payapa Berry|[weaken]\n|-damage|p2b: Venusaur|61/100\n|move|p1a: Glimmora|Power Gem|p2a: Greninja\n|-crit|p2a: Greninja\n|-damage|p2a: Greninja|0 fnt\n|faint|p2a: Greninja\n|move|p2b: Venusaur|Earth Power|p1a: Glimmora\n|-supereffective|p1a: Glimmora|2\n|-damage|p1a: Glimmora|0 fnt\n|faint|p1a: Glimmora\n|\n|-sideend|p2: vegibore|move: Tailwind\n|upkeep\n|\n|t:|1776453172\n|switch|p2a: Charizard|Charizard, L50, F, shiny|100/100\n|turn|6\n|\n|t:|1776453180\n|move|p1b: Farigiraf|Psychic|p2b: Venusaur\n|-supereffective|p2b: Venusaur|1\n|-damage|p2b: Venusaur|0 fnt\n|faint|p2b: Venusaur\n|move|p2a: Charizard|Heat Wave|p1b: Farigiraf\n|-damage|p1b: Farigiraf|50/100\n|-enditem|p1b: Farigiraf|Sitrus Berry|[eat]\n|-heal|p1b: Farigiraf|75/100|[from] item: Sitrus Berry\n|\n|upkeep\n|turn|7\n|\n|t:|1776453188\n|move|p2a: Charizard|Protect|p2a: Charizard\n|-singleturn|p2a: Charizard|Protect\n|move|p1b: Farigiraf|Psychic|p2a: Charizard\n|-activate|p2a: Charizard|move: Protect\n|\n|upkeep\n|turn|8\n|\n|t:|1776453194\n|move|p1b: Farigiraf|Psychic|p2a: Charizard\n|-crit|p2a: Charizard\n|-damage|p2a: Charizard|29/100\n|move|p2a: Charizard|Heat Wave|p1b: Farigiraf\n|-damage|p1b: Farigiraf|17/100\n|\n|-fieldend|move: Trick Room\n|upkeep\n|turn|9\n|inactive|Robopup27 has 30 seconds left.\n|\n|t:|1776453226\n|move|p2a: Charizard|Heat Wave|p1b: Farigiraf\n|-damage|p1b: Farigiraf|0 fnt\n|faint|p1b: Farigiraf\n|\n|win|vegibore\n|raw|Robopup27's rating: 1247 &rarr; <strong>1219</strong><br />(-28 for losing)\n|raw|vegibore's rating: 1206 &rarr; <strong>1234</strong><br />(+28 for winning)\n|l|\u2606vegibore\n|player|p2|\n",
  "uploadtime": 1776453246,
  "views": 43,
  "formatid": "gen9championsvgc2026regma",
  "rating": 1219,
  "private": 0,
  "password": null
}