{
  "id": "gen9championsvgc2026regma-2588382696",
  "format": "[Gen 9 Champions] VGC 2026 Reg M-A",
  "players": [
    "rod.2476",
    "ILoveStarmieStar"
  ],
  "log": "|j|\u2606rod.2476\n|j|\u2606ILoveStarmieStar\n|t:|1776628886\n|gametype|doubles\n|player|p1|rod.2476|266|1000\n|player|p2|ILoveStarmieStar|caitlin|1000\n|gen|9\n|tier|[Gen 9 Champions] VGC 2026 Reg M-A\n|rated|\n|rule|Species Clause: Limit one of each Pok\u00e9mon\n|rule|Item Clause: Limit 1 of each item\n|clearpoke\n|poke|p1|Greninja, L50, F|\n|poke|p1|Politoed, L50, F|\n|poke|p1|Meowscarada, L50, F|\n|poke|p1|Incineroar, L50, M|\n|poke|p1|Whimsicott, L50, M|\n|poke|p1|Maushold-Four, L50|\n|poke|p2|Starmie, L50|\n|poke|p2|Pelipper, L50, F|\n|poke|p2|Azumarill, L50, M|\n|poke|p2|Golurk, L50|\n|poke|p2|Primarina, L50, M|\n|poke|p2|Slowking-Galar, L50, M|\n|teampreview|4\n|\n|t:|1776628923\n|teamsize|p1|4\n|teamsize|p2|4\n|start\n|switch|p1a: Politoed|Politoed, L50, F|100/100\n|switch|p1b: Whimsicott|Whimsicott, L50, M|100/100\n|switch|p2a: Slowking|Slowking-Galar, L50, M|100/100\n|switch|p2b: Pelipper|Pelipper, L50, F|100/100\n|-weather|RainDance|[from] ability: Drizzle|[of] p2b: Pelipper\n|-clearboost|p2b: Pelipper|[from] ability: Curious Medicine|[of] p2a: Slowking\n|turn|1\n|\n|t:|1776628943\n|move|p1b: Whimsicott|Tailwind|p1b: Whimsicott\n|-sidestart|p1: rod.2476|move: Tailwind\n|move|p1a: Politoed|Psychic|p2a: Slowking\n|-damage|p2a: Slowking|82/100\n|-unboost|p2a: Slowking|spd|1\n|move|p2b: Pelipper|Tailwind|p2b: Pelipper\n|-sidestart|p2: ILoveStarmieStar|move: Tailwind\n|move|p2a: Slowking|Sludge Bomb|p1b: Whimsicott\n|-supereffective|p1b: Whimsicott|2\n|-damage|p1b: Whimsicott|0 fnt\n|faint|p1b: Whimsicott\n|-heal|p2a: Slowking|92/100|[from] item: Shell Bell|[of] p1: Whimsicott\n|\n|-weather|RainDance|[upkeep]\n|upkeep\n|\n|t:|1776628959\n|switch|p1b: Greninja|Greninja, L50, F|100/100\n|turn|2\n|\n|t:|1776628975\n|detailschange|p1b: Greninja|Greninja-Mega, L50, F\n|-mega|p1b: Greninja|Greninja|Greninjite\n|move|p1b: Greninja|Surf|p2b: Pelipper|[spread] p2a,p2b\n|-start|p1b: Greninja|typechange|Water|[from] ability: Protean\n|-immune|p1a: Politoed|[from] ability: Water Absorb\n|-resisted|p2b: Pelipper|1\n|-damage|p2a: Slowking|19/100\n|-damage|p2b: Pelipper|56/100\n|move|p1a: Politoed|Hypnosis|p2a: Slowking\n|-status|p2a: Slowking|slp|[from] move: Hypnosis\n|move|p2b: Pelipper|Hurricane|p1b: Greninja\n|-damage|p1b: Greninja|40/100\n|cant|p2a: Slowking|slp\n|\n|-weather|RainDance|[upkeep]\n|upkeep\n|turn|3\n|\n|t:|1776629016\n|move|p1b: Greninja|Surf|p2a: Slowking|[spread] p2a,p2b\n|-immune|p1a: Politoed|[from] ability: Water Absorb\n|-resisted|p2b: Pelipper|1\n|-damage|p2a: Slowking|0 fnt\n|-damage|p2b: Pelipper|13/100\n|faint|p2a: Slowking\n|move|p1a: Politoed|Hypnosis|p2b: Pelipper\n|-status|p2b: Pelipper|slp|[from] move: Hypnosis\n|cant|p2b: Pelipper|slp\n|\n|-weather|RainDance|[upkeep]\n|upkeep\n|\n|t:|1776629030\n|switch|p2a: Primarina|Primarina, L50, M|100/100\n|turn|4\n|\n|t:|1776629057\n|move|p1b: Greninja|U-turn|p2a: Primarina\n|-resisted|p2a: Primarina|1\n|-damage|p2a: Primarina|89/100\n|\n|t:|1776629060\n|switch|p1b: Meowscarada|Meowscarada, L50, F|100/100|[from] U-turn\n|move|p1a: Politoed|Hypnosis|p2a: Primarina\n|-status|p2a: Primarina|slp|[from] move: Hypnosis\n|-curestatus|p2b: Pelipper|slp|[msg]\n|move|p2b: Pelipper|Hurricane|p1a: Politoed\n|-damage|p1a: Politoed|60/100\n|cant|p2a: Primarina|slp\n|\n|-weather|RainDance|[upkeep]\n|-heal|p2a: Primarina|95/100 slp|[from] item: Leftovers\n|-sideend|p2: ILoveStarmieStar|move: Tailwind\n|-sideend|p1: rod.2476|move: Tailwind\n|upkeep\n|turn|5\n|\n|t:|1776629086\n|move|p1b: Meowscarada|Flower Trick|p2a: Primarina\n|-start|p1b: Meowscarada|typechange|Grass|[from] ability: Protean\n|-supereffective|p2a: Primarina|1\n|-crit|p2a: Primarina\n|-damage|p2a: Primarina|0 fnt\n|faint|p2a: Primarina\n|move|p1a: Politoed|Psychic|p2b: Pelipper\n|-damage|p2b: Pelipper|0 fnt\n|faint|p2b: Pelipper\n|\n|-weather|none\n|upkeep\n|\n|t:|1776629100\n|switch|p2b: Starmie|Starmie, L50|100/100\n|turn|6\n|\n|t:|1776629111\n|detailschange|p2b: Starmie|Starmie-Mega, L50\n|-mega|p2b: Starmie|Starmie|Starminite\n|move|p1b: Meowscarada|Flower Trick|p2b: Starmie\n|-supereffective|p2b: Starmie|1\n|-crit|p2b: Starmie\n|-damage|p2b: Starmie|0 fnt\n|faint|p2b: Starmie\n|\n|win|rod.2476\n|raw|rod.2476's rating: 1000 &rarr; <strong>1040</strong><br />(+40 for winning)\n|raw|ILoveStarmieStar's rating: 1000 &rarr; <strong>1000</strong><br />(+0 for losing)\n|l|\u2606ILoveStarmieStar\n|player|p2|\n",
  "uploadtime": 1776629132,
  "views": 16,
  "formatid": "gen9championsvgc2026regma",
  "rating": 1000,
  "private": 0,
  "password": null
}