{
  "id": "gen9championsvgc2026regma-2584230238",
  "format": "[Gen 9 Champions] VGC 2026 Reg M-A",
  "players": [
    "Vongola2004",
    "Coldblooded0706"
  ],
  "log": "|j|\u2606Vongola2004\n|j|\u2606Coldblooded0706\n|t:|1776240937\n|gametype|doubles\n|player|p1|Vongola2004|cynthia|1119\n|player|p2|Coldblooded0706|2|1160\n|gen|9\n|tier|[Gen 9 Champions] VGC 2026 Reg M-A\n|rated|\n|rule|Species Clause: Limit one of each Pok\u00e9mon\n|rule|Item Clause: Limit 1 of each item\n|clearpoke\n|poke|p1|Incineroar, L50, M|\n|poke|p1|Sneasler, L50, M|\n|poke|p1|Froslass, L50, F|\n|poke|p1|Corviknight, L50, M|\n|poke|p1|Milotic, L50, F|\n|poke|p1|Garchomp, L50, F|\n|poke|p2|Vivillon-Fancy, L50, M|\n|poke|p2|Tyranitar, L50, M|\n|poke|p2|Excadrill, L50, F|\n|poke|p2|Rotom-Heat, L50|\n|poke|p2|Gyarados, L50, M|\n|poke|p2|Farigiraf, L50, F|\n|teampreview|4\n|inactive|Battle timer is ON: inactive players will automatically lose when time's up. (requested by Coldblooded0706)\n|inactive|Vongola2004 has 60 seconds left.\n|\n|t:|1776240993\n|teamsize|p1|4\n|teamsize|p2|4\n|start\n|switch|p1a: Incineroar|Incineroar, L50, M, shiny|100/100\n|switch|p1b: Milotic|Milotic, L50, F, shiny|100/100\n|switch|p2a: Rotom|Rotom-Heat, L50|100/100\n|switch|p2b: Vivillon|Vivillon-Fancy, L50, M|100/100\n|-ability|p1a: Incineroar|Intimidate|boost\n|-unboost|p2a: Rotom|atk|1\n|-unboost|p2b: Vivillon|atk|1\n|turn|1\n|inactive|Coldblooded0706 has 30 seconds left.\n|\n|t:|1776241021\n|move|p1a: Incineroar|Fake Out|p2b: Vivillon\n|-damage|p2b: Vivillon|78/100\n|move|p2a: Rotom|Trick|p1b: Milotic\n|-activate|p2a: Rotom|move: Trick|[of] p1b: Milotic\n|-item|p1b: Milotic|Choice Scarf|[from] move: Trick\n|-item|p2a: Rotom|Leftovers|[from] move: Trick\n|move|p1b: Milotic|Icy Wind|p2b: Vivillon|[spread] p2a,p2b\n|-resisted|p2a: Rotom|1\n|-supereffective|p2b: Vivillon|1\n|-damage|p2a: Rotom|93/100\n|-damage|p2b: Vivillon|35/100\n|-unboost|p2a: Rotom|spe|1\n|-unboost|p2b: Vivillon|spe|1\n|cant|p2b: Vivillon|flinch\n|\n|-heal|p2a: Rotom|98/100|[from] item: Leftovers\n|upkeep\n|turn|2\n|inactive|Vongola2004 has 30 seconds left.\n|inactive|Coldblooded0706 has 30 seconds left.\n|inactive|Coldblooded0706 has 20 seconds left.\n|\n|t:|1776241059\n|switch|p2b: Tyranitar|Tyranitar, L50, M|100/100\n|-weather|Sandstorm|[from] ability: Sand Stream|[of] p2b: Tyranitar\n|move|p1b: Milotic|Icy Wind|p2a: Rotom|[spread] p2a,p2b\n|-resisted|p2a: Rotom|1\n|-damage|p2a: Rotom|90/100\n|-damage|p2b: Tyranitar|92/100\n|-unboost|p2a: Rotom|spe|1\n|-unboost|p2b: Tyranitar|spe|1\n|move|p1a: Incineroar|Darkest Lariat|p2b: Tyranitar\n|-resisted|p2b: Tyranitar|1\n|-damage|p2b: Tyranitar|76/100\n|move|p2a: Rotom|Thunderbolt|p1b: Milotic\n|-supereffective|p1b: Milotic|1\n|-damage|p1b: Milotic|31/100\n|\n|-weather|Sandstorm|[upkeep]\n|-damage|p1b: Milotic|24/100|[from] Sandstorm\n|-damage|p1a: Incineroar|95/100|[from] Sandstorm\n|-damage|p2a: Rotom|85/100|[from] Sandstorm\n|-heal|p2a: Rotom|90/100|[from] item: Leftovers\n|upkeep\n|turn|3\n|inactive|Vongola2004 has 30 seconds left.\n|\n|t:|1776241086\n|switch|p1b: Garchomp|Garchomp, L50, F|100/100\n|move|p1a: Incineroar|Parting Shot|p2b: Tyranitar\n|-unboost|p2b: Tyranitar|atk|1\n|-unboost|p2b: Tyranitar|spa|1\n|\n|t:|1776241098\n|switch|p1a: Milotic|Milotic, L50, F, shiny|24/100|[from] Parting Shot\n|move|p2b: Tyranitar|Rock Slide|p1a: Milotic|[spread] p1a,p1b\n|-resisted|p1b: Garchomp|1\n|-damage|p1a: Milotic|4/100\n|-damage|p1b: Garchomp|89/100\n|move|p2a: Rotom|Volt Switch|p1b: Garchomp\n|-immune|p1b: Garchomp\n|\n|-weather|Sandstorm|[upkeep]\n|-damage|p1a: Milotic|0 fnt|[from] Sandstorm\n|-damage|p2a: Rotom|85/100|[from] Sandstorm\n|faint|p1a: Milotic\n|-heal|p2a: Rotom|90/100|[from] item: Leftovers\n|upkeep\n|\n|t:|1776241111\n|switch|p1a: Incineroar|Incineroar, L50, M, shiny|95/100\n|-ability|p1a: Incineroar|Intimidate|boost\n|-unboost|p2a: Rotom|atk|1\n|-unboost|p2b: Tyranitar|atk|1\n|turn|4\n|inactive|Coldblooded0706 has 30 seconds left.\n|\n|t:|1776241137\n|move|p2b: Tyranitar|Protect|p2b: Tyranitar\n|-singleturn|p2b: Tyranitar|Protect\n|move|p1b: Garchomp|Stomping Tantrum|p2a: Rotom\n|-immune|p2a: Rotom|[from] ability: Levitate\n|move|p1a: Incineroar|Parting Shot|p2b: Tyranitar\n|-activate|p2b: Tyranitar|move: Protect\n|move|p2a: Rotom|Volt Switch|p1a: Incineroar\n|-damage|p1a: Incineroar|61/100\n|\n|t:|1776241153\n|switch|p2a: Vivillon|Vivillon-Fancy, L50, M|35/100|[from] Volt Switch\n|\n|-weather|Sandstorm|[upkeep]\n|-damage|p2a: Vivillon|29/100|[from] Sandstorm\n|-damage|p1a: Incineroar|55/100|[from] Sandstorm\n|upkeep\n|turn|5\n|\n|t:|1776241163\n|switch|p2b: Rotom|Rotom-Heat, L50|90/100\n|move|p1b: Garchomp|Stomping Tantrum|p2b: Rotom\n|-immune|p2b: Rotom|[from] ability: Levitate\n|move|p2a: Vivillon|Tailwind|p2a: Vivillon\n|-sidestart|p2: Coldblooded0706|move: Tailwind\n|move|p1a: Incineroar|Flare Blitz|p2a: Vivillon\n|-supereffective|p2a: Vivillon|1\n|-damage|p2a: Vivillon|0 fnt\n|faint|p2a: Vivillon\n|-damage|p1a: Incineroar|48/100|[from] Recoil\n|\n|-weather|Sandstorm|[upkeep]\n|-damage|p2b: Rotom|85/100|[from] Sandstorm\n|-damage|p1a: Incineroar|42/100|[from] Sandstorm\n|-heal|p2b: Rotom|90/100|[from] item: Leftovers\n|upkeep\n|\n|t:|1776241180\n|switch|p2a: Excadrill|Excadrill, L50, F|100/100\n|turn|6\n|\n|t:|1776241199\n|move|p1b: Garchomp|Protect|p1b: Garchomp\n|-singleturn|p1b: Garchomp|Protect\n|move|p2a: Excadrill|Earthquake|p1a: Incineroar|[spread] p1a\n|-activate|p1b: Garchomp|move: Protect\n|-immune|p2b: Rotom|[from] ability: Levitate\n|-supereffective|p1a: Incineroar|1\n|-damage|p1a: Incineroar|0 fnt\n|faint|p1a: Incineroar\n|move|p2b: Rotom|Overheat|p1b: Garchomp\n|-activate|p1b: Garchomp|move: Protect\n|\n|-weather|none\n|-heal|p2b: Rotom|96/100|[from] item: Leftovers\n|upkeep\n|\n|t:|1776241207\n|switch|p1a: Froslass|Froslass, L50, F, shiny|100/100\n|turn|7\n|inactive|Coldblooded0706 has 30 seconds left.\n|\n|t:|1776241234\n|move|p1a: Froslass|Protect|p1a: Froslass\n|-singleturn|p1a: Froslass|Protect\n|move|p2a: Excadrill|Earthquake|p1b: Garchomp|[spread] p1b\n|-activate|p1a: Froslass|move: Protect\n|-immune|p2b: Rotom|[from] ability: Levitate\n|-damage|p1b: Garchomp|44/100\n|move|p2b: Rotom|Overheat|p1b: Garchomp\n|-resisted|p1b: Garchomp|1\n|-damage|p1b: Garchomp|10/100\n|-unboost|p2b: Rotom|spa|2\n|move|p1b: Garchomp|Earthquake|p2b: Rotom|[spread] p2a\n|-activate|p1a: Froslass|move: Protect\n|-immune|p2b: Rotom|[from] ability: Levitate\n|-supereffective|p2a: Excadrill|1\n|-damage|p2a: Excadrill|0 fnt\n|faint|p2a: Excadrill\n|\n|-heal|p2b: Rotom|100/100|[from] item: Leftovers\n|upkeep\n|\n|t:|1776241250\n|switch|p2a: Tyranitar|Tyranitar, L50, M|76/100\n|-weather|Sandstorm|[from] ability: Sand Stream|[of] p2a: Tyranitar\n|turn|8\n|inactive|Coldblooded0706 has 30 seconds left.\n|\n|t:|1776241279\n|detailschange|p2a: Tyranitar|Tyranitar-Mega, L50, M\n|-mega|p2a: Tyranitar|Tyranitar|Tyranitarite\n|detailschange|p1a: Froslass|Froslass-Mega, L50, F, shiny\n|-mega|p1a: Froslass|Froslass|Froslassite\n|-weather|Snowscape|[from] ability: Snow Warning|[of] p1a: Froslass\n|move|p1b: Garchomp|Protect|p1b: Garchomp\n|-singleturn|p1b: Garchomp|Protect\n|move|p2b: Rotom|Overheat|p1b: Garchomp\n|-activate|p1b: Garchomp|move: Protect\n|move|p2a: Tyranitar|Rock Slide|p1a: Froslass|[spread] p1a\n|-activate|p1b: Garchomp|move: Protect\n|-supereffective|p1a: Froslass|1\n|-damage|p1a: Froslass|11/100\n|move|p1a: Froslass|Blizzard|p2a: Tyranitar|[spread] p2a,p2b\n|-resisted|p2b: Rotom|1\n|-damage|p2a: Tyranitar|36/100\n|-damage|p2b: Rotom|72/100\n|-status|p2a: Tyranitar|frz\n|\n|-weather|Snowscape|[upkeep]\n|-heal|p2b: Rotom|78/100|[from] item: Leftovers\n|-sideend|p2: Coldblooded0706|move: Tailwind\n|upkeep\n|turn|9\n|inactive|Vongola2004 has 30 seconds left.\n|inactive|Coldblooded0706 has 30 seconds left.\n|\n|t:|1776241307\n|move|p1a: Froslass|Shadow Ball|p2b: Rotom\n|-damage|p2b: Rotom|14/100\n|-unboost|p2b: Rotom|spd|1\n|move|p1b: Garchomp|Rock Slide|p2a: Tyranitar|[spread] p2a,p2b\n|-supereffective|p2b: Rotom|1\n|-damage|p2a: Tyranitar|22/100 frz\n|-damage|p2b: Rotom|0 fnt\n|faint|p2b: Rotom\n|-curestatus|p2a: Tyranitar|frz|[msg]\n|cant|p2a: Tyranitar|flinch\n|\n|-weather|Snowscape|[upkeep]\n|upkeep\n|turn|10\n|-message|Coldblooded0706 forfeited.\n|\n|win|Vongola2004\n|raw|Vongola2004's rating: 1119 &rarr; <strong>1147</strong><br />(+28 for winning)\n|raw|Coldblooded0706's rating: 1160 &rarr; <strong>1132</strong><br />(-28 for losing)\n|l|\u2606Vongola2004\n|player|p1|\n",
  "uploadtime": 1776241333,
  "views": 33,
  "formatid": "gen9championsvgc2026regma",
  "rating": 1132,
  "private": 0,
  "password": null
}