{
  "id": "gen9championsvgc2026regma-2586982638",
  "format": "[Gen 9 Champions] VGC 2026 Reg M-A",
  "players": [
    "arroyofran2",
    "chky nuggies"
  ],
  "log": "|j|\u2606arroyofran2\n|j|\u2606chky nuggies\n|t:|1776478092\n|gametype|doubles\n|player|p1|arroyofran2|fisherman|1445\n|player|p2|chky nuggies|hugh|1377\n|gen|9\n|tier|[Gen 9 Champions] VGC 2026 Reg M-A\n|rated|\n|rule|Species Clause: Limit one of each Pok\u00e9mon\n|rule|Item Clause: Limit 1 of each item\n|clearpoke\n|poke|p1|Starmie, L50|\n|poke|p1|Pelipper, L50, F|\n|poke|p1|Farigiraf, L50, F|\n|poke|p1|Sneasler, L50, M|\n|poke|p1|Mamoswine, L50, F|\n|poke|p1|Milotic, L50, F|\n|poke|p2|Feraligatr, L50, M|\n|poke|p2|Ninetales-Alola, L50, M|\n|poke|p2|Scizor, L50, M|\n|poke|p2|Sinistcha, L50|\n|poke|p2|Hydreigon, L50, F|\n|poke|p2|Rotom-Heat, L50|\n|teampreview|4\n|inactive|Battle timer is ON: inactive players will automatically lose when time's up. (requested by chky nuggies)\n|inactive|chky nuggies has 60 seconds left.\n|inactive|chky nuggies has 30 seconds left.\n|inactive|chky nuggies has 20 seconds left.\n|inactive|chky nuggies has 15 seconds left.\n|\n|t:|1776478171\n|teamsize|p1|4\n|teamsize|p2|4\n|start\n|switch|p1a: Sneasler|Sneasler, L50, M|100/100\n|switch|p1b: Starmie|Starmie, L50, shiny|100/100\n|switch|p2a: Hydreigon|Hydreigon, L50, F|100/100\n|switch|p2b: Ninetales|Ninetales-Alola, L50, M|100/100\n|-weather|Snowscape|[from] ability: Snow Warning|[of] p2b: Ninetales\n|turn|1\n|\n|t:|1776478192\n|detailschange|p1b: Starmie|Starmie-Mega, L50, shiny\n|-mega|p1b: Starmie|Starmie|Starminite\n|move|p1a: Sneasler|Fake Out|p2a: Hydreigon\n|-damage|p2a: Hydreigon|84/100\n|cant|p2a: Hydreigon|flinch\n|move|p1b: Starmie|Ice Spinner|p2a: Hydreigon\n|-supereffective|p2a: Hydreigon|1\n|-damage|p2a: Hydreigon|0 fnt\n|faint|p2a: Hydreigon\n|move|p2b: Ninetales|Aurora Veil|p2b: Ninetales\n|-sidestart|p2: chky nuggies|move: Aurora Veil\n|\n|-weather|Snowscape|[upkeep]\n|upkeep\n|\n|t:|1776478203\n|switch|p2a: Feraligatr|Feraligatr, L50, M|100/100\n|turn|2\n|\n|t:|1776478216\n|detailschange|p2a: Feraligatr|Feraligatr-Mega, L50, M\n|-mega|p2a: Feraligatr|Feraligatr|Feraligite\n|move|p1b: Starmie|Ice Spinner|p2a: Feraligatr\n|-damage|p2a: Feraligatr|76/100\n|move|p2b: Ninetales|Blizzard|p1b: Starmie|[spread] p1a,p1b\n|-resisted|p1b: Starmie|1\n|-damage|p1a: Sneasler|60/100\n|-damage|p1b: Starmie|81/100\n|move|p1a: Sneasler|Dire Claw|p2a: Feraligatr\n|-damage|p2a: Feraligatr|50/100\n|move|p2a: Feraligatr|Dragon Claw|p1b: Starmie\n|-damage|p1b: Starmie|12/100\n|\n|-weather|Snowscape|[upkeep]\n|upkeep\n|turn|3\n|inactive|arroyofran2 has 30 seconds left.\n|\n|t:|1776478241\n|move|p1b: Starmie|Protect|p1b: Starmie\n|-singleturn|p1b: Starmie|Protect\n|move|p2a: Feraligatr|Aqua Jet|p1b: Starmie\n|-activate|p1b: Starmie|move: Protect\n|move|p2b: Ninetales|Blizzard|p1b: Starmie|[spread] p1a\n|-activate|p1b: Starmie|move: Protect\n|-damage|p1a: Sneasler|16/100\n|move|p1a: Sneasler|Close Combat|p2a: Feraligatr\n|-damage|p2a: Feraligatr|12/100\n|-unboost|p1a: Sneasler|def|1\n|-unboost|p1a: Sneasler|spd|1\n|-enditem|p1a: Sneasler|White Herb\n|-clearnegativeboost|p1a: Sneasler|[silent]\n|\n|-weather|Snowscape|[upkeep]\n|upkeep\n|turn|4\n|\n|t:|1776478262\n|move|p2a: Feraligatr|Protect|p2a: Feraligatr\n|-singleturn|p2a: Feraligatr|Protect\n|move|p1b: Starmie|Aqua Jet|p2b: Ninetales\n|-damage|p2b: Ninetales|75/100\n|move|p1a: Sneasler|Dire Claw|p2b: Ninetales\n|-supereffective|p2b: Ninetales|1\n|-damage|p2b: Ninetales|14/100\n|move|p2b: Ninetales|Blizzard|p1b: Starmie|[spread] p1a,p1b\n|-resisted|p1b: Starmie|1\n|-damage|p1a: Sneasler|0 fnt\n|-damage|p1b: Starmie|0 fnt\n|faint|p1a: Sneasler\n|faint|p1b: Starmie\n|\n|-weather|Snowscape|[upkeep]\n|upkeep\n|\n|t:|1776478272\n|switch|p1b: Milotic|Milotic, L50, F|100/100\n|switch|p1a: Pelipper|Pelipper, L50, F|100/100\n|-weather|RainDance|[from] ability: Drizzle|[of] p1a: Pelipper\n|turn|5\n|\n|t:|1776478293\n|move|p2b: Ninetales|Moonblast|p1a: Pelipper\n|-damage|p1a: Pelipper|33/100\n|move|p1a: Pelipper|Tailwind|p1a: Pelipper\n|-sidestart|p1: arroyofran2|move: Tailwind\n|move|p1b: Milotic|Muddy Water|p2b: Ninetales|[spread] p2a,p2b\n|-resisted|p2a: Feraligatr|2\n|-damage|p2a: Feraligatr|7/100\n|-damage|p2b: Ninetales|0 fnt\n|faint|p2b: Ninetales\n|move|p2a: Feraligatr|Liquidation|p1a: Pelipper\n|-resisted|p1a: Pelipper|1\n|-damage|p1a: Pelipper|0 fnt\n|faint|p1a: Pelipper\n|\n|-weather|RainDance|[upkeep]\n|-sideend|p2: chky nuggies|move: Aurora Veil\n|upkeep\n|\n|t:|1776478305\n|switch|p2b: Sinistcha|Sinistcha, L50|100/100\n|-heal|p2a: Feraligatr|32/100|[from] ability: Hospitality|[of] p2b: Sinistcha\n|turn|6\n|\n|t:|1776478314\n|move|p2a: Feraligatr|Protect|p2a: Feraligatr\n|-singleturn|p2a: Feraligatr|Protect\n|move|p1b: Milotic|Hypnosis|p2b: Sinistcha|[miss]\n|-miss|p1b: Milotic|p2b: Sinistcha\n|move|p2b: Sinistcha|Trick Room|p2b: Sinistcha\n|-fieldstart|move: Trick Room|[of] p2b: Sinistcha\n|\n|-weather|RainDance|[upkeep]\n|upkeep\n|turn|7\n|-message|arroyofran2 forfeited.\n|\n|win|chky nuggies\n|raw|arroyofran2's rating: 1445 &rarr; <strong>1421</strong><br />(-24 for losing)\n|raw|chky nuggies's rating: 1377 &rarr; <strong>1401</strong><br />(+24 for winning)\n|l|\u2606arroyofran2\n|player|p1|\n",
  "uploadtime": 1776478378,
  "views": 45,
  "formatid": "gen9championsvgc2026regma",
  "rating": 1401,
  "private": 0,
  "password": null
}