{
  "id": "gen9championsvgc2026regma-2588107759",
  "format": "[Gen 9 Champions] VGC 2026 Reg M-A",
  "players": [
    "KaminaN",
    "Gahandi"
  ],
  "log": "|j|\u2606KaminaN\n|j|\u2606Gahandi\n|t:|1776605107\n|gametype|doubles\n|player|p1|KaminaN|burglar|1054\n|player|p2|Gahandi|170|1055\n|gen|9\n|tier|[Gen 9 Champions] VGC 2026 Reg M-A\n|rated|\n|rule|Species Clause: Limit one of each Pok\u00e9mon\n|rule|Item Clause: Limit 1 of each item\n|clearpoke\n|poke|p1|Excadrill, L50, F|\n|poke|p1|Tyranitar, L50, M|\n|poke|p1|Aerodactyl, L50, F|\n|poke|p1|Sneasler, L50, F|\n|poke|p1|Venusaur, L50, F|\n|poke|p1|Milotic, L50, F|\n|poke|p2|Drampa, L50, M|\n|poke|p2|Pelipper, L50, F|\n|poke|p2|Raichu, L50, F|\n|poke|p2|Garganacl, L50, M|\n|poke|p2|Sylveon, L50, F|\n|poke|p2|Slowking-Galar, L50, M|\n|teampreview|4\nKaminaN rejected open team sheets.\n|\n|t:|1776605140\n|teamsize|p1|4\n|teamsize|p2|4\n|start\n|switch|p1a: Aerodactyl|Aerodactyl, L50, F|100/100\n|switch|p1b: Sneasler|Sneasler, L50, F|100/100\n|switch|p2a: Drampa|Drampa, L50, M|100/100\n|switch|p2b: Pelipper|Pelipper, L50, F|100/100\n|-ability|p1a: Aerodactyl|Unnerve\n|-weather|RainDance|[from] ability: Drizzle|[of] p2b: Pelipper\n|turn|1\n|\n|t:|1776605160\n|detailschange|p2a: Drampa|Drampa-Mega, L50, M\n|-mega|p2a: Drampa|Drampa|Drampanite\n|move|p2a: Drampa|Protect|p2a: Drampa\n|-singleturn|p2a: Drampa|Protect\n|move|p1b: Sneasler|Fake Out|p2b: Pelipper\n|-damage|p2b: Pelipper|83/100\n|move|p1a: Aerodactyl|Rock Slide|p2a: Drampa|[spread] p2b\n|-activate|p2a: Drampa|move: Protect\n|-supereffective|p2b: Pelipper|1\n|-damage|p2b: Pelipper|16/100\n|cant|p2b: Pelipper|flinch\n|\n|-weather|RainDance|[upkeep]\n|upkeep\n|turn|2\n|\n|t:|1776605184\n|move|p1b: Sneasler|Close Combat|p2a: Drampa\n|-supereffective|p2a: Drampa|1\n|-damage|p2a: Drampa|0 fnt\n|-unboost|p1b: Sneasler|def|1\n|-unboost|p1b: Sneasler|spd|1\n|faint|p2a: Drampa\n|-enditem|p1b: Sneasler|White Herb\n|-clearnegativeboost|p1b: Sneasler|[silent]\n|move|p1a: Aerodactyl|Rock Slide|p2b: Pelipper\n|-supereffective|p2b: Pelipper|1\n|-damage|p2b: Pelipper|0 fnt\n|faint|p2b: Pelipper\n|\n|-weather|RainDance|[upkeep]\n|upkeep\n|\n|t:|1776605199\n|switch|p2b: Raichu|Raichu, L50, F|100/100\n|switch|p2a: Sylveon|Sylveon, L50, F|100/100\n|turn|3\n|\n|t:|1776605207\n|switch|p1b: Excadrill|Excadrill, L50, F|100/100\n|switch|p1a: Tyranitar|Tyranitar, L50, M|100/100\n|-weather|Sandstorm|[from] ability: Sand Stream|[of] p1a: Tyranitar\n|move|p2b: Raichu|Thunder|p1a: Tyranitar\n|-damage|p1a: Tyranitar|79/100\n|-status|p1a: Tyranitar|par\n|move|p2a: Sylveon|Hyper Voice|p1a: Tyranitar|[spread] p1a,p1b\n|-supereffective|p1a: Tyranitar|1\n|-resisted|p1b: Excadrill|1\n|-damage|p1a: Tyranitar|40/100 par\n|-damage|p1b: Excadrill|73/100\n|\n|-weather|Sandstorm|[upkeep]\n|-damage|p2b: Raichu|95/100|[from] Sandstorm\n|-damage|p2a: Sylveon|95/100|[from] Sandstorm\n|upkeep\n|turn|4\n|\n|t:|1776605237\n|detailschange|p1b: Excadrill|Excadrill-Mega, L50, F\n|-mega|p1b: Excadrill|Excadrill|Excadrite\n|move|p2b: Raichu|Fake Out||[still]\n|-hint|Fake Out only works on your first turn out.\n|-fail|p2b: Raichu\n|move|p1b: Excadrill|Rock Slide|p2b: Raichu|[spread] p2a,p2b\n|-damage|p2a: Sylveon|65/100\n|-damage|p2b: Raichu|40/100\n|cant|p2a: Sylveon|flinch\n|move|p1a: Tyranitar|Rock Slide|p2a: Sylveon|[spread] p2a,p2b\n|-damage|p2a: Sylveon|35/100\n|-damage|p2b: Raichu|0 fnt\n|faint|p2b: Raichu\n|\n|-weather|Sandstorm|[upkeep]\n|-damage|p2a: Sylveon|29/100|[from] Sandstorm\n|upkeep\n|turn|5\n|\n|t:|1776605255\n|move|p1b: Excadrill|Iron Head|p2a: Sylveon\n|-supereffective|p2a: Sylveon|1\n|-damage|p2a: Sylveon|0 fnt\n|faint|p2a: Sylveon\n|\n|win|KaminaN\n|raw|KaminaN's rating: 1054 &rarr; <strong>1086</strong><br />(+32 for winning)\n|raw|Gahandi's rating: 1055 &rarr; <strong>1037</strong><br />(-18 for losing)\n",
  "uploadtime": 1776605266,
  "views": 7,
  "formatid": "gen9championsvgc2026regma",
  "rating": 1037,
  "private": 0,
  "password": null
}