{
  "id": "gen9championsvgc2026regma-2587847104",
  "format": "[Gen 9 Champions] VGC 2026 Reg M-A",
  "players": [
    "Devta",
    "ToniToniChoppr"
  ],
  "log": "|j|\u2606Devta\n|j|\u2606ToniToniChoppr\n|t:|1776570155\n|gametype|doubles\n|player|p1|Devta|hexmaniac-gen6|1286\n|player|p2|ToniToniChoppr|rocketgruntf|1300\n|gen|9\n|tier|[Gen 9 Champions] VGC 2026 Reg M-A\n|rated|\n|rule|Species Clause: Limit one of each Pok\u00e9mon\n|rule|Item Clause: Limit 1 of each item\n|clearpoke\n|poke|p1|Floette-Eternal, L50, F|\n|poke|p1|Sinistcha-Masterpiece, L50|\n|poke|p1|Incineroar, L50, M|\n|poke|p1|Basculegion, L50, M|\n|poke|p1|Garchomp, L50, F|\n|poke|p1|Aerodactyl, L50, F|\n|poke|p2|Meganium, L50, F|\n|poke|p2|Feraligatr, L50, F|\n|poke|p2|Typhlosion-Hisui, L50, M|\n|poke|p2|Farigiraf, L50, F|\n|poke|p2|Steelix, L50, F|\n|poke|p2|Tyranitar, L50, M|\n|teampreview|4\n|inactive|Battle timer is ON: inactive players will automatically lose when time's up. (requested by Devta)\n|inactive|Devta has 60 seconds left.\n|inactive|ToniToniChoppr has 60 seconds left.\n|inactive|Devta has 30 seconds left.\n|inactive|Devta has 20 seconds left.\n|inactive|Devta has 15 seconds left.\n|\n|t:|1776570238\n|teamsize|p1|4\n|teamsize|p2|4\n|start\n|switch|p1a: Incineroar|Incineroar, L50, M|100/100\n|switch|p1b: Basculegion|Basculegion, L50, M|100/100\n|switch|p2a: Typhlosion|Typhlosion-Hisui, L50, M|100/100\n|switch|p2b: Farigiraf|Farigiraf, L50, F|100/100\n|-ability|p1a: Incineroar|Intimidate|boost\n|-unboost|p2a: Typhlosion|atk|1\n|-unboost|p2b: Farigiraf|atk|1\n|turn|1\n|inactive|Devta has 30 seconds left.\n|inactive|ToniToniChoppr has 30 seconds left.\n|inactive|ToniToniChoppr has 20 seconds left.\n|\n|t:|1776570274\n|switch|p2a: Feraligatr|Feraligatr, L50, F|100/100\n|move|p1b: Basculegion|Flip Turn|p2a: Feraligatr\n|-resisted|p2a: Feraligatr|1\n|-damage|p2a: Feraligatr|79/100\n|\n|t:|1776570280\n|switch|p1b: Floette|Floette-Eternal, L50, F|100/100|[from] Flip Turn\n|move|p2b: Farigiraf|Hyper Voice|p1b: Floette|[spread] p1a,p1b\n|-damage|p1a: Incineroar|74/100\n|-damage|p1b: Floette|76/100\n|move|p1a: Incineroar|Throat Chop|p2a: Feraligatr\n|-damage|p2a: Feraligatr|40/100\n|-start|p2a: Feraligatr|Throat Chop|[silent]\n|\n|upkeep\n|turn|2\n|\n|t:|1776570297\n|detailschange|p1b: Floette|Floette-Mega, L50, F\n|-mega|p1b: Floette|Floette|Floettite\n|-ability|p1b: Floette|Fairy Aura\n|move|p1b: Floette|Dazzling Gleam|p2b: Farigiraf|[spread] p2a,p2b\n|-damage|p2a: Feraligatr|0 fnt\n|-damage|p2b: Farigiraf|57/100\n|faint|p2a: Feraligatr\n|move|p1a: Incineroar|Throat Chop|p2b: Farigiraf\n|-supereffective|p2b: Farigiraf|1\n|-enditem|p2b: Farigiraf|Colbur Berry|[eat]\n|-enditem|p2b: Farigiraf|Colbur Berry|[weaken]\n|-damage|p2b: Farigiraf|21/100\n|-start|p2b: Farigiraf|Throat Chop|[silent]\n|move|p2b: Farigiraf|Trick Room|p2b: Farigiraf\n|-fieldstart|move: Trick Room|[of] p2b: Farigiraf\n|\n|upkeep\n|\n|t:|1776570308\n|switch|p2a: Steelix|Steelix, L50, F|100/100\n|turn|3\n|\n|t:|1776570322\n|switch|p1a: Sinistcha|Sinistcha-Masterpiece, L50|100/100\n|-heal|p1b: Floette|100/100|[from] ability: Hospitality|[of] p1a: Sinistcha\n|detailschange|p2a: Steelix|Steelix-Mega, L50, F\n|-mega|p2a: Steelix|Steelix|Steelixite\n|move|p2b: Farigiraf|Helping Hand|p2a: Steelix\n|-singleturn|p2a: Steelix|Helping Hand|[of] p2b: Farigiraf\n|move|p2a: Steelix|Body Press|p1a: Sinistcha\n|-immune|p1a: Sinistcha\n|move|p1b: Floette|Dazzling Gleam|p2a: Steelix|[spread] p2a,p2b\n|-resisted|p2a: Steelix|1\n|-crit|p2a: Steelix\n|-damage|p2a: Steelix|74/100\n|-damage|p2b: Farigiraf|0 fnt\n|faint|p2b: Farigiraf\n|\n|upkeep\n|\n|t:|1776570327\n|switch|p2b: Typhlosion|Typhlosion-Hisui, L50, M|100/100\n|turn|4\n|inactive|ToniToniChoppr has 30 seconds left.\n|inactive|Devta has 30 seconds left.\n|\n|t:|1776570361\n|switch|p1a: Incineroar|Incineroar, L50, M|74/100\n|-ability|p1a: Incineroar|Intimidate|boost\n|-unboost|p2a: Steelix|atk|1\n|-unboost|p2b: Typhlosion|atk|1\n|move|p2a: Steelix|Heavy Slam|p1b: Floette\n|-supereffective|p1b: Floette|1\n|-damage|p1b: Floette|33/100\n|move|p1b: Floette|Moonblast|p2a: Steelix\n|-resisted|p2a: Steelix|1\n|-damage|p2a: Steelix|49/100\n|move|p2b: Typhlosion|Shadow Ball|p1a: Incineroar\n|-resisted|p1a: Incineroar|1\n|-damage|p1a: Incineroar|55/100\n|\n|upkeep\n|turn|5\n|\n|t:|1776570385\n|switch|p1b: Sinistcha|Sinistcha-Masterpiece, L50|100/100\n|-heal|p1a: Incineroar|80/100|[from] ability: Hospitality|[of] p1b: Sinistcha\n|move|p2a: Steelix|Body Press|p1a: Incineroar\n|-supereffective|p1a: Incineroar|1\n|-enditem|p1a: Incineroar|Chople Berry|[eat]\n|-enditem|p1a: Incineroar|Chople Berry|[weaken]\n|-damage|p1a: Incineroar|46/100\n|move|p1a: Incineroar|Throat Chop|p2b: Typhlosion\n|-supereffective|p2b: Typhlosion|1\n|-damage|p2b: Typhlosion|0 fnt\n|faint|p2b: Typhlosion\n|\n|upkeep\n|turn|6\n|-message|ToniToniChoppr forfeited.\n|\n|win|Devta\n|raw|Devta's rating: 1286 &rarr; <strong>1312</strong><br />(+26 for winning)\n|raw|ToniToniChoppr's rating: 1300 &rarr; <strong>1274</strong><br />(-26 for losing)\n",
  "uploadtime": 1776570397,
  "views": 16,
  "formatid": "gen9championsvgc2026regma",
  "rating": 1274,
  "private": 0,
  "password": null
}