{
  "id": "gen9championsvgc2026regma-2585892700",
  "format": "[Gen 9 Champions] VGC 2026 Reg M-A",
  "players": [
    "ivanissimo",
    "Creeper123_123"
  ],
  "log": "|j|\u2606ivanissimo\n|j|\u2606Creeper123_123\n|t:|1776379024\n|gametype|doubles\n|player|p1|ivanissimo|170|\n|player|p2|Creeper123_123|swimmer-gen4|\n|gen|9\n|tier|[Gen 9 Champions] VGC 2026 Reg M-A\n|rated|Tournament battle\n|rule|Species Clause: Limit one of each Pok\u00e9mon\n|rule|Item Clause: Limit 1 of each item\n|raw|<div class=\"infobox\"><details class=\"readmore\" open><summary><strong>1 custom rule:</strong></summary> Force Open Team Sheets</details></div>\n|clearpoke\n|poke|p1|Incineroar, L50, M|\n|poke|p1|Charizard, L50, M|\n|poke|p1|Venusaur, L50, M|\n|poke|p1|Rotom-Wash, L50|\n|poke|p1|Conkeldurr, L50, F|\n|poke|p1|Garchomp, L50, F|\n|poke|p2|Gengar, L50, M|\n|poke|p2|Typhlosion-Hisui, L50, F|\n|poke|p2|Basculegion, L50, M|\n|poke|p2|Sneasler, L50, F|\n|poke|p2|Chesnaught, L50, M|\n|poke|p2|Aerodactyl, L50, M|\n|teampreview|4\n|showteam|p1|Incineroar||ChopleBerry|Intimidate|FakeOut,DarkestLariat,FlareBlitz,PartingShot|||M|||50|]Charizard||CharizarditeY|Blaze|HeatWave,WeatherBall,SolarBeam,Protect|||M|||50|]Venusaur||Venusaurite|Chlorophyll|SleepPowder,GigaDrain,SludgeBomb,Protect|||M|||50|]Rotom-Wash||SitrusBerry|Levitate|Thunderbolt,WillOWisp,LightScreen,Electroweb||||||50|]Conkeldurr||BlackBelt|IronFist|DrainPunch,MachPunch,IcePunch,WideGuard|||F|||50|]Garchomp||LumBerry|RoughSkin|Earthquake,DragonClaw,RockSlide,Protect|||F|||50|\n|showteam|p2|Gengar||Gengarite|CursedBody|SludgeBomb,Taunt,ShadowBall,Protect|||M|||50|]Typhlosion-Hisui||Charcoal|Blaze|Eruption,HeatWave,ShadowBall,Protect|||F|||50|]Basculegion||ChoiceScarf|Adaptability|WaveCrash,AquaJet,LastRespects,FlipTurn|||M|||50|]Sneasler||WhiteHerb|PoisonTouch|CloseCombat,DireClaw,FakeOut,Protect|||F|||50|]Chesnaught||Chesnaughtite|Bulletproof|BodyPress,IronDefense,WoodHammer,SpikyShield|||M|||50|]Aerodactyl||FocusSash|Unnerve|RockSlide,SunnyDay,Tailwind,Protect|||M|||50|\n|j| felipesol2\n|j| Xmann0025\n|l| felipesol2\n|j| felipesol2\n|l| felipesol2\n|j| Rolling Stonedge\n|j| F=q(E+VxB)\n|inactive|Battle timer is ON: inactive players will automatically lose when time's up. (requested by ivanissimo)\n|j| felipesol2\n|inactive|Creeper123_123 has 60 seconds left.\n|l| felipesol2\n|\n|t:|1776379112\n|teamsize|p1|4\n|teamsize|p2|4\n|start\n|switch|p1a: Charizard|Charizard, L50, M|100/100\n|switch|p1b: Incineroar|Incineroar, L50, M|100/100\n|switch|p2a: Aerodactyl|Aerodactyl, L50, M|100/100\n|switch|p2b: Gengar|Gengar, L50, M|100/100\n|-ability|p2a: Aerodactyl|Unnerve\n|-ability|p1b: Incineroar|Intimidate|boost\n|-unboost|p2a: Aerodactyl|atk|1\n|-unboost|p2b: Gengar|atk|1\n|turn|1\n|l| F=q(E+VxB)\n|\n|t:|1776379136\n|detailschange|p1a: Charizard|Charizard-Mega-Y, L50, M\n|-mega|p1a: Charizard|Charizard|Charizardite Y\n|-weather|SunnyDay|[from] ability: Drought|[of] p1a: Charizard\n|move|p2a: Aerodactyl|Protect|p2a: Aerodactyl\n|-singleturn|p2a: Aerodactyl|Protect\n|move|p2b: Gengar|Protect|p2b: Gengar\n|-singleturn|p2b: Gengar|Protect\n|move|p1b: Incineroar|Fake Out|p2a: Aerodactyl\n|-activate|p2a: Aerodactyl|move: Protect\n|move|p1a: Charizard|Heat Wave|p2b: Gengar|[spread] \n|-activate|p2a: Aerodactyl|move: Protect\n|-activate|p2b: Gengar|move: Protect\n|\n|-weather|SunnyDay|[upkeep]\n|upkeep\n|turn|2\n|j| FBISurveillanceMan\n|inactive|Creeper123_123 has 30 seconds left.\n|\n|t:|1776379166\n|detailschange|p2b: Gengar|Gengar-Mega, L50, M\n|-mega|p2b: Gengar|Gengar|Gengarite\n|move|p1a: Charizard|Protect|p1a: Charizard\n|-singleturn|p1a: Charizard|Protect\n|move|p2a: Aerodactyl|Rock Slide|p1b: Incineroar|[spread] p1b\n|-activate|p1a: Charizard|move: Protect\n|-supereffective|p1b: Incineroar|1\n|-damage|p1b: Incineroar|74/100\n|move|p2b: Gengar|Sludge Bomb|p1a: Charizard\n|-activate|p1a: Charizard|move: Protect\n|move|p1b: Incineroar|Parting Shot|p2b: Gengar\n|-unboost|p2b: Gengar|atk|1\n|-unboost|p2b: Gengar|spa|1\n|\n|t:|1776379181\n|switch|p1b: Conkeldurr|Conkeldurr, L50, F|100/100|[from] Parting Shot\n|\n|-weather|SunnyDay|[upkeep]\n|upkeep\n|turn|3\n|\n|t:|1776379192\n|move|p1b: Conkeldurr|Wide Guard|p1b: Conkeldurr\n|-singleturn|p1b: Conkeldurr|Wide Guard\n|move|p2a: Aerodactyl|Tailwind|p2a: Aerodactyl\n|-sidestart|p2: Creeper123_123|move: Tailwind\n|move|p2b: Gengar|Sludge Bomb|p1a: Charizard\n|-damage|p1a: Charizard|64/100\n|move|p1a: Charizard|Heat Wave|p2a: Aerodactyl|[spread] p2a,p2b\n|-resisted|p2a: Aerodactyl|1\n|-damage|p2a: Aerodactyl|48/100\n|-damage|p2b: Gengar|14/100\n|-status|p2b: Gengar|brn\n|\n|-weather|SunnyDay|[upkeep]\n|-damage|p2b: Gengar|8/100 brn|[from] brn\n|upkeep\n|turn|4\n|j| Snowsquall brute\n|\n|t:|1776379214\n|move|p1a: Charizard|Protect|p1a: Charizard\n|-singleturn|p1a: Charizard|Protect\n|move|p2a: Aerodactyl|Rock Slide|p1b: Conkeldurr|[spread] p1b\n|-activate|p1a: Charizard|move: Protect\n|-resisted|p1b: Conkeldurr|1\n|-damage|p1b: Conkeldurr|93/100\n|move|p2b: Gengar|Taunt|p1b: Conkeldurr\n|-start|p1b: Conkeldurr|move: Taunt\n|cant|p1b: Conkeldurr|flinch\n|\n|-weather|SunnyDay|[upkeep]\n|-damage|p2b: Gengar|2/100 brn|[from] brn\n|upkeep\n|turn|5\n|\n|t:|1776379232\n|move|p1b: Conkeldurr|Mach Punch|p2a: Aerodactyl\n|-damage|p2a: Aerodactyl|0 fnt\n|faint|p2a: Aerodactyl\n|move|p2b: Gengar|Sludge Bomb|p1a: Charizard\n|-damage|p1a: Charizard|24/100\n|move|p1a: Charizard|Heat Wave|p2b: Gengar\n|-damage|p2b: Gengar|0 fnt\n|faint|p2b: Gengar\n|\n|-weather|none\n|upkeep\n|\n|t:|1776379239\n|switch|p2a: Typhlosion|Typhlosion-Hisui, L50, F|100/100\n|switch|p2b: Sneasler|Sneasler, L50, F|100/100\n|turn|6\n|\n|t:|1776379257\n|switch|p1b: Incineroar|Incineroar, L50, M|74/100\n|-ability|p1b: Incineroar|Intimidate|boost\n|-unboost|p2a: Typhlosion|atk|1\n|-unboost|p2b: Sneasler|atk|1\n|-enditem|p2b: Sneasler|White Herb\n|-clearnegativeboost|p2b: Sneasler|[silent]\n|move|p2b: Sneasler|Fake Out|p1b: Incineroar\n|-damage|p1b: Incineroar|61/100\n|move|p2a: Typhlosion|Eruption|p1a: Charizard|[spread] p1a,p1b\n|-resisted|p1a: Charizard|1\n|-resisted|p1b: Incineroar|1\n|-damage|p1a: Charizard|0 fnt\n|-damage|p1b: Incineroar|33/100\n|faint|p1a: Charizard\n|\n|-sideend|p2: Creeper123_123|move: Tailwind\n|upkeep\n|\n|t:|1776379271\n|switch|p1a: Conkeldurr|Conkeldurr, L50, F|93/100\n|turn|7\n|inactive|ivanissimo has 30 seconds left.\n|inactive|Creeper123_123 has 30 seconds left.\n|inactive|Creeper123_123 has 20 seconds left.\n|inactive|Creeper123_123 has 15 seconds left.\n|\n|t:|1776379316\n|move|p2b: Sneasler|Protect|p2b: Sneasler\n|-singleturn|p2b: Sneasler|Protect\n|move|p1b: Incineroar|Fake Out|p2b: Sneasler\n|-activate|p2b: Sneasler|move: Protect\n|move|p2a: Typhlosion|Eruption|p1a: Conkeldurr|[spread] p1a,p1b\n|-resisted|p1b: Incineroar|1\n|-damage|p1a: Conkeldurr|16/100\n|-damage|p1b: Incineroar|1/100\n|move|p1a: Conkeldurr|Drain Punch|p2b: Sneasler\n|-activate|p2b: Sneasler|move: Protect\n|\n|upkeep\n|turn|8\n|l| Xmann0025\n|l| FBISurveillanceMan\n|inactive|Creeper123_123 has 30 seconds left.\n|\n|t:|1776379350\n|move|p1a: Conkeldurr|Wide Guard|p1a: Conkeldurr\n|-singleturn|p1a: Conkeldurr|Wide Guard\n|move|p2b: Sneasler|Dire Claw|p1b: Incineroar\n|-damage|p1b: Incineroar|0 fnt\n|faint|p1b: Incineroar\n|move|p2a: Typhlosion|Shadow Ball|p1a: Conkeldurr\n|-damage|p1a: Conkeldurr|0 fnt\n|faint|p1a: Conkeldurr\n|\n|upkeep\n|\n|t:|1776379355\n|switch|p1b: Garchomp|Garchomp, L50, F|100/100\n|turn|9\n|\n|t:|1776379368\n|move|p2b: Sneasler|Close Combat|p1b: Garchomp\n|-damage|p1b: Garchomp|33/100\n|-unboost|p2b: Sneasler|def|1\n|-unboost|p2b: Sneasler|spd|1\n|-damage|p2b: Sneasler|88/100|[from] ability: Rough Skin|[of] p1b: Garchomp\n|move|p1b: Garchomp|Earthquake|p2a: Typhlosion|[spread] p2a,p2b\n|-supereffective|p2a: Typhlosion|1\n|-supereffective|p2b: Sneasler|1\n|-damage|p2a: Typhlosion|0 fnt\n|-damage|p2b: Sneasler|0 fnt\n|faint|p2a: Typhlosion\n|faint|p2b: Sneasler\n|\n|win|ivanissimo\n|n|\u2606ivanissimo|ivanissimo\n|n|\u2606Creeper123_123|creeper123123\n|n| Rolling Stonedge|rollingstonedge\n|n| Snowsquall brute|snowsquallbrute\n|c|\u2606Creeper123_123|ggs\n|l|\u2606ivanissimo\n|player|p1|\n|l| Rolling Stonedge\n|j| Rolling Stonedge\n|l| Rolling Stonedge\n|l| Snowsquall brute\n",
  "uploadtime": 1776379569,
  "views": 41,
  "formatid": "gen9championsvgc2026regma",
  "rating": null,
  "private": 0,
  "password": null
}