{
  "id": "gen9championsvgc2026regma-2582187475",
  "format": "[Gen 9 Champions] VGC 2026 Reg M-A",
  "players": [
    "adarefixwillfixit",
    "krmkk"
  ],
  "log": "|j|\u2606adarefixwillfixit\n|j|\u2606krmkk\n|t:|1776069007\n|gametype|doubles\n|player|p1|adarefixwillfixit|102|1315\n|player|p2|krmkk|1|1397\n|gen|9\n|tier|[Gen 9 Champions] VGC 2026 Reg M-A\n|rated|\n|rule|Species Clause: Limit one of each Pok\u00e9mon\n|rule|Item Clause: Limit 1 of each item\n|clearpoke\n|poke|p1|Floette-Eternal, L50, F|\n|poke|p1|Sinistcha, L50|\n|poke|p1|Kingambit, L50, F|\n|poke|p1|Milotic, L50, M|\n|poke|p1|Whimsicott, L50, M|\n|poke|p1|Delphox, L50, M|\n|poke|p2|Froslass, L50, F|\n|poke|p2|Pelipper, L50, M|\n|poke|p2|Basculegion, L50, M|\n|poke|p2|Archaludon, L50, M|\n|poke|p2|Sinistcha, L50|\n|poke|p2|Espeon, L50, M|\n|teampreview|4\n|inactive|Battle timer is ON: inactive players will automatically lose when time's up. (requested by adarefixwillfixit)\n|inactive|krmkk has 60 seconds left.\n|\n|t:|1776069053\n|teamsize|p1|4\n|teamsize|p2|4\n|start\n|switch|p1a: Sinistcha|Sinistcha, L50|100/100\n|switch|p1b: Kingambit|Kingambit, L50, F|100/100\n|switch|p2a: Basculegion|Basculegion, L50, M|100/100\n|switch|p2b: Archaludon|Archaludon, L50, M|100/100\n|turn|1\n|\n|t:|1776069077\n|switch|p2a: Pelipper|Pelipper, L50, M|100/100\n|-weather|RainDance|[from] ability: Drizzle|[of] p2a: Pelipper\n|move|p1b: Kingambit|Sucker Punch||[still]\n|-fail|p1b: Kingambit\n|move|p2b: Archaludon|Electro Shot||[still]\n|-prepare|p2b: Archaludon|Electro Shot\n|-boost|p2b: Archaludon|spa|1\n|-anim|p2b: Archaludon|Electro Shot|p1b: Kingambit\n|-damage|p1b: Kingambit|44/100\n|move|p1a: Sinistcha|Matcha Gotcha|p2b: Archaludon|[spread] p2a,p2b\n|-resisted|p2b: Archaludon|2\n|-damage|p2a: Pelipper|60/100\n|-damage|p2b: Archaludon|95/100\n|-status|p2a: Pelipper|brn\n|-ability|p2b: Archaludon|Stamina|boost\n|-boost|p2b: Archaludon|def|1\n|\n|-weather|RainDance|[upkeep]\n|-heal|p2b: Archaludon|100/100|[from] item: Leftovers\n|-damage|p2a: Pelipper|55/100 brn|[from] brn\n|upkeep\n|turn|2\n|inactive|krmkk has 30 seconds left.\n|\n|t:|1776069103\n|move|p1a: Sinistcha|Rage Powder|p1a: Sinistcha\n|-singleturn|p1a: Sinistcha|move: Rage Powder\n|move|p2a: Pelipper|Hurricane|p1a: Sinistcha\n|-supereffective|p1a: Sinistcha|1\n|-damage|p1a: Sinistcha|5/100\n|-start|p1a: Sinistcha|confusion\n|-enditem|p1a: Sinistcha|Sitrus Berry|[eat]\n|-heal|p1a: Sinistcha|30/100|[from] item: Sitrus Berry\n|move|p2b: Archaludon|Flash Cannon|p1a: Sinistcha\n|-damage|p1a: Sinistcha|0 fnt\n|faint|p1a: Sinistcha\n|move|p1b: Kingambit|Swords Dance|p1b: Kingambit\n|-boost|p1b: Kingambit|atk|2\n|\n|-weather|RainDance|[upkeep]\n|-damage|p2a: Pelipper|49/100 brn|[from] brn\n|upkeep\n|\n|t:|1776069117\n|switch|p1a: Delphox|Delphox, L50, M|100/100\n|turn|3\n|\n|t:|1776069134\n|detailschange|p1a: Delphox|Delphox-Mega, L50, M\n|-mega|p1a: Delphox|Delphox|Delphoxite\n|move|p1b: Kingambit|Sucker Punch||[still]\n|-fail|p1b: Kingambit\n|move|p1a: Delphox|Calm Mind|p1a: Delphox\n|-boost|p1a: Delphox|spa|1\n|-boost|p1a: Delphox|spd|1\n|move|p2a: Pelipper|Tailwind|p2a: Pelipper\n|-sidestart|p2: krmkk|move: Tailwind\n|move|p2b: Archaludon|Electro Shot||[still]\n|-prepare|p2b: Archaludon|Electro Shot\n|-boost|p2b: Archaludon|spa|1\n|-anim|p2b: Archaludon|Electro Shot|p1b: Kingambit\n|-damage|p1b: Kingambit|0 fnt\n|faint|p1b: Kingambit\n|\n|-weather|RainDance|[upkeep]\n|-damage|p2a: Pelipper|43/100 brn|[from] brn\n|upkeep\n|\n|t:|1776069140\n|switch|p1b: Whimsicott|Whimsicott, L50, M|100/100\n|turn|4\n|inactive|krmkk has 30 seconds left.\n|inactive|krmkk has 20 seconds left.\n|\n|t:|1776069176\n|move|p1b: Whimsicott|Sunny Day|p1b: Whimsicott\n|-weather|SunnyDay\n|move|p2a: Pelipper|Weather Ball|p1a: Delphox\n|-resisted|p1a: Delphox|1\n|-damage|p1a: Delphox|87/100\n|move|p2b: Archaludon|Draco Meteor|p1a: Delphox\n|-damage|p1a: Delphox|30/100\n|-unboost|p2b: Archaludon|spa|2\n|move|p1a: Delphox|Heat Wave|p2a: Pelipper|[spread] p2a,p2b\n|-resisted|p2a: Pelipper|1\n|-damage|p2a: Pelipper|0 fnt\n|-damage|p2b: Archaludon|19/100\n|-ability|p2b: Archaludon|Stamina|boost\n|-boost|p2b: Archaludon|def|1\n|faint|p2a: Pelipper\n|\n|-weather|SunnyDay|[upkeep]\n|-heal|p2b: Archaludon|25/100|[from] item: Leftovers\n|upkeep\n|\n|t:|1776069199\n|switch|p2a: Basculegion|Basculegion, L50, M|100/100\n|turn|5\n|\n|t:|1776069212\n|move|p1a: Delphox|Protect|p1a: Delphox\n|-singleturn|p1a: Delphox|Protect\n|move|p2a: Basculegion|Aqua Jet|p1a: Delphox\n|-activate|p1a: Delphox|move: Protect\n|move|p1b: Whimsicott|Tailwind|p1b: Whimsicott\n|-sidestart|p1: adarefixwillfixit|move: Tailwind\n|move|p2b: Archaludon|Flash Cannon|p1b: Whimsicott\n|-supereffective|p1b: Whimsicott|1\n|-enditem|p1b: Whimsicott|Focus Sash\n|-damage|p1b: Whimsicott|1/100\n|\n|-weather|SunnyDay|[upkeep]\n|-heal|p2b: Archaludon|32/100|[from] item: Leftovers\n|upkeep\n|turn|6\n|inactive|krmkk has 30 seconds left.\n|\n|t:|1776069244\n|move|p2a: Basculegion|Aqua Jet|p1a: Delphox\n|-supereffective|p1a: Delphox|1\n|-damage|p1a: Delphox|0 fnt\n|faint|p1a: Delphox\n|move|p1b: Whimsicott|Dazzling Gleam|p2a: Basculegion|[spread] p2a,p2b\n|-damage|p2a: Basculegion|76/100\n|-damage|p2b: Archaludon|11/100\n|-ability|p2b: Archaludon|Stamina|boost\n|-boost|p2b: Archaludon|def|1\n|move|p2b: Archaludon|Flash Cannon|p1b: Whimsicott\n|-supereffective|p1b: Whimsicott|1\n|-damage|p1b: Whimsicott|0 fnt\n|faint|p1b: Whimsicott\n|\n|win|krmkk\n|raw|adarefixwillfixit's rating: 1315 &rarr; <strong>1300</strong><br />(-15 for losing)\n|raw|krmkk's rating: 1397 &rarr; <strong>1412</strong><br />(+15 for winning)\n",
  "uploadtime": 1776069251,
  "views": 47,
  "formatid": "gen9championsvgc2026regma",
  "rating": 1300,
  "private": 0,
  "password": null
}