{
  "id": "gen9championsvgc2026regma-2586761626",
  "format": "[Gen 9 Champions] VGC 2026 Reg M-A",
  "players": [
    "cappercinono",
    "Phillip Blevin"
  ],
  "log": "|j|\u2606cappercinono\n|j|\u2606Phillip Blevin\n|t:|1776457856\n|gametype|doubles\n|player|p1|cappercinono|266|1435\n|player|p2|Phillip Blevin|cynthia-masters4|1372\n|gen|9\n|tier|[Gen 9 Champions] VGC 2026 Reg M-A\n|rated|\n|rule|Species Clause: Limit one of each Pok\u00e9mon\n|rule|Item Clause: Limit 1 of each item\n|clearpoke\n|poke|p1|Aerodactyl, L50, M|\n|poke|p1|Sneasler, L50, M|\n|poke|p1|Garchomp, L50, F|\n|poke|p1|Rotom-Wash, L50|\n|poke|p1|Torkoal, L50, F|\n|poke|p1|Farigiraf, L50, F|\n|poke|p2|Froslass, L50, F|\n|poke|p2|Corviknight, L50, F|\n|poke|p2|Gyarados, L50, F|\n|poke|p2|Rotom-Wash, L50|\n|poke|p2|Sneasler, L50, M|\n|poke|p2|Garchomp, L50, M|\n|teampreview|4\n|inactive|Battle timer is ON: inactive players will automatically lose when time's up. (requested by Phillip Blevin)\nPhillip Blevin has agreed to open team sheets.\n|inactive|cappercinono has 60 seconds left.\n|\n|t:|1776457892\n|teamsize|p1|4\n|teamsize|p2|4\n|start\n|switch|p1a: Aerodactyl|Aerodactyl, L50, M|100/100\n|switch|p1b: Garchomp|Garchomp, L50, F|100/100\n|switch|p2a: Gyarados|Gyarados, L50, F|100/100\n|switch|p2b: Rotom|Rotom-Wash, L50|100/100\n|-ability|p1a: Aerodactyl|Unnerve\n|-ability|p2a: Gyarados|Intimidate|boost\n|-unboost|p1a: Aerodactyl|atk|1\n|-unboost|p1b: Garchomp|atk|1\n|turn|1\n|\n|t:|1776457911\n|detailschange|p1a: Aerodactyl|Aerodactyl-Mega, L50, M\n|-mega|p1a: Aerodactyl|Aerodactyl|Aerodactylite\n|move|p2b: Rotom|Hydro Pump|p1a: Aerodactyl|[miss]\n|-miss|p2b: Rotom|p1a: Aerodactyl\n|move|p1a: Aerodactyl|Rock Slide|p2b: Rotom|[spread] p2a,p2b\n|-supereffective|p2a: Gyarados|1\n|-damage|p2a: Gyarados|49/100\n|-damage|p2b: Rotom|79/100\n|move|p1b: Garchomp|Rock Slide|p2a: Gyarados|[spread] p2a\n|-miss|p1b: Garchomp|p2b: Rotom\n|-supereffective|p2a: Gyarados|1\n|-damage|p2a: Gyarados|11/100\n|move|p2a: Gyarados|Dragon Dance|p2a: Gyarados\n|-boost|p2a: Gyarados|atk|1\n|-boost|p2a: Gyarados|spe|1\n|\n|upkeep\n|turn|2\n|inactive|cappercinono has 30 seconds left.\n|\n|t:|1776457942\n|move|p1a: Aerodactyl|Protect|p1a: Aerodactyl\n|-singleturn|p1a: Aerodactyl|Protect\n|move|p2a: Gyarados|Protect|p2a: Gyarados\n|-singleturn|p2a: Gyarados|Protect\n|move|p2b: Rotom|Hydro Pump|p1a: Aerodactyl\n|-activate|p1a: Aerodactyl|move: Protect\n|move|p1b: Garchomp|Rock Slide|p2b: Rotom|[spread] p2b\n|-activate|p2a: Gyarados|move: Protect\n|-damage|p2b: Rotom|64/100\n|\n|upkeep\n|turn|3\n|inactive|cappercinono has 30 seconds left.\n|inactive|Phillip Blevin has 30 seconds left.\n|\n|t:|1776457971\n|switch|p1a: Rotom|Rotom-Wash, L50|100/100\n|switch|p1b: Farigiraf|Farigiraf, L50, F|100/100\n|move|p2b: Rotom|Hydro Pump|p1a: Rotom|[miss]\n|-miss|p2b: Rotom|p1a: Rotom\n|move|p2a: Gyarados|Waterfall|p1b: Farigiraf\n|-damage|p1b: Farigiraf|44/100\n|\n|upkeep\n|turn|4\n|inactive|cappercinono has 30 seconds left.\n|\n|t:|1776458005\n|switch|p2b: Garchomp|Garchomp, L50, M|100/100\n|detailschange|p2a: Gyarados|Gyarados-Mega, L50, F\n|-mega|p2a: Gyarados|Gyarados|Gyaradosite\n|-ability|p2a: Gyarados|Mold Breaker\n|move|p2a: Gyarados|Waterfall|p1b: Farigiraf\n|-damage|p1b: Farigiraf|0 fnt\n|faint|p1b: Farigiraf\n|move|p1a: Rotom|Volt Switch|p2a: Gyarados\n|-supereffective|p2a: Gyarados|1\n|-damage|p2a: Gyarados|0 fnt\n|faint|p2a: Gyarados\n|\n|t:|1776458016\n|switch|p1a: Aerodactyl|Aerodactyl-Mega, L50, M|100/100|[from] Volt Switch\n|\n|upkeep\n|\n|t:|1776458038\n|switch|p2a: Rotom|Rotom-Wash, L50|64/100\n|switch|p1b: Rotom|Rotom-Wash, L50|100/100\n|turn|5\n|\n|t:|1776458059\n|move|p1a: Aerodactyl|Protect|p1a: Aerodactyl\n|-singleturn|p1a: Aerodactyl|Protect\n|move|p2b: Garchomp|Protect|p2b: Garchomp\n|-singleturn|p2b: Garchomp|Protect\n|move|p2a: Rotom|Electroweb|p1b: Rotom|[spread] p1b\n|-activate|p1a: Aerodactyl|move: Protect\n|-damage|p1b: Rotom|86/100\n|-unboost|p1b: Rotom|spe|1\n|move|p1b: Rotom|Thunderbolt|p2a: Rotom\n|-damage|p2a: Rotom|24/100\n|\n|upkeep\n|turn|6\n|\n|t:|1776458076\n|move|p2a: Rotom|Electroweb|p1b: Rotom|[spread] p1a,p1b\n|-supereffective|p1a: Aerodactyl|1\n|-damage|p1a: Aerodactyl|63/100\n|-damage|p1b: Rotom|72/100\n|-unboost|p1a: Aerodactyl|spe|1\n|-unboost|p1b: Rotom|spe|1\n|move|p2b: Garchomp|Dragon Claw|p1b: Rotom\n|-damage|p1b: Rotom|28/100\n|-enditem|p1b: Rotom|Sitrus Berry|[eat]\n|-heal|p1b: Rotom|53/100|[from] item: Sitrus Berry\n|move|p1a: Aerodactyl|Ice Fang|p2b: Garchomp\n|-supereffective|p2b: Garchomp|2\n|-damage|p2b: Garchomp|0 fnt\n|-damage|p1a: Aerodactyl|50/100|[from] ability: Rough Skin|[of] p2b: Garchomp\n|faint|p2b: Garchomp\n|move|p1b: Rotom|Thunderbolt|p2a: Rotom\n|-damage|p2a: Rotom|0 fnt\n|faint|p2a: Rotom\n|\n|upkeep\n|\n|t:|1776458084\n|switch|p2b: Sneasler|Sneasler, L50, M|100/100\n|turn|7\n|\n|t:|1776458095\n|switch|p1b: Garchomp|Garchomp, L50, F|100/100\n|move|p1a: Aerodactyl|Protect|p1a: Aerodactyl\n|-singleturn|p1a: Aerodactyl|Protect\n|move|p2b: Sneasler|Close Combat|p1a: Aerodactyl\n|-activate|p1a: Aerodactyl|move: Protect\n|\n|upkeep\n|turn|8\n|\n|t:|1776458105\n|move|p1b: Garchomp|Earthquake|p2b: Sneasler|[spread] p2b\n|-immune|p1a: Aerodactyl\n|-supereffective|p2b: Sneasler|1\n|-enditem|p2b: Sneasler|Focus Sash\n|-damage|p2b: Sneasler|1/100\n|move|p2b: Sneasler|Close Combat|p1a: Aerodactyl\n|-damage|p1a: Aerodactyl|0 fnt\n|-unboost|p2b: Sneasler|def|1\n|-unboost|p2b: Sneasler|spd|1\n|faint|p1a: Aerodactyl\n|\n|upkeep\n|\n|t:|1776458113\n|switch|p1a: Rotom|Rotom-Wash, L50|53/100\n|turn|9\n|c|\u2606cappercinono|gg\n|\n|t:|1776458120\n|move|p1b: Garchomp|Earthquake|p2b: Sneasler|[spread] p2b\n|-immune|p1a: Rotom|[from] ability: Levitate\n|-supereffective|p2b: Sneasler|1\n|-damage|p2b: Sneasler|0 fnt\n|faint|p2b: Sneasler\n|\n|win|cappercinono\n|raw|cappercinono's rating: 1435 &rarr; <strong>1451</strong><br />(+16 for winning)\n|raw|Phillip Blevin's rating: 1372 &rarr; <strong>1356</strong><br />(-16 for losing)\n",
  "uploadtime": 1776458121,
  "views": 43,
  "formatid": "gen9championsvgc2026regma",
  "rating": 1356,
  "private": 0,
  "password": null
}