{
  "id": "gen9championsvgc2026regma-2587732374",
  "format": "[Gen 9 Champions] VGC 2026 Reg M-A",
  "players": [
    "amador com short",
    "PokeOpposition"
  ],
  "log": "|j|\u2606amador com short\n|j|\u2606PokeOpposition\n|t:|1776558427\n|gametype|doubles\n|player|p1|amador com short|dragontamer|1050\n|player|p2|PokeOpposition|kabu|1122\n|gen|9\n|tier|[Gen 9 Champions] VGC 2026 Reg M-A\n|rated|\n|rule|Species Clause: Limit one of each Pok\u00e9mon\n|rule|Item Clause: Limit 1 of each item\n|clearpoke\n|poke|p1|Infernape, L50, M|\n|poke|p1|Kangaskhan, L50, F|\n|poke|p1|Gallade, L50, M|\n|poke|p1|Meowstic, L50, M|\n|poke|p1|Bastiodon, L50, M|\n|poke|p1|Typhlosion-Hisui, L50, M|\n|poke|p2|Houndoom, L50, M, shiny|\n|poke|p2|Charizard, L50, M, shiny|\n|poke|p2|Whimsicott, L50, M, shiny|\n|poke|p2|Gyarados, L50, M, shiny|\n|poke|p2|Sinistcha-Masterpiece, L50, shiny|\n|poke|p2|Sneasler, L50, M, shiny|\n|teampreview|4\n|\n|t:|1776558447\n|teamsize|p1|4\n|teamsize|p2|4\n|start\n|switch|p1a: Kangaskhan|Kangaskhan, L50, F|100/100\n|switch|p1b: Meowstic|Meowstic, L50, M|100/100\n|switch|p2a: Sneasler|Sneasler, L50, M, shiny|100/100\n|switch|p2b: Gyarados|Gyarados, L50, M, shiny|100/100\n|-ability|p2b: Gyarados|Intimidate|boost\n|-fail|p1a: Kangaskhan|unboost|Attack|[from] ability: Scrappy|[of] p1a: Kangaskhan\n|-unboost|p1b: Meowstic|atk|1\n|turn|1\n|\n|t:|1776558465\n|move|p1a: Kangaskhan|Fake Out|p2b: Gyarados\n|-damage|p2b: Gyarados|88/100\n|move|p1b: Meowstic|Thunder Wave|p2a: Sneasler\n|-status|p2a: Sneasler|par\n|cant|p2b: Gyarados|flinch\n|move|p2a: Sneasler|Close Combat|p1a: Kangaskhan\n|-supereffective|p1a: Kangaskhan|1\n|-damage|p1a: Kangaskhan|0 fnt\n|-unboost|p2a: Sneasler|def|1\n|-unboost|p2a: Sneasler|spd|1\n|faint|p1a: Kangaskhan\n|-enditem|p2a: Sneasler|White Herb\n|-clearnegativeboost|p2a: Sneasler|[silent]\n|\n|upkeep\n|l|\u2606PokeOpposition\n|player|p2|\n|\n|t:|1776558481\n|switch|p1a: Typhlosion|Typhlosion-Hisui, L50, M|100/100\n|-item|p2b: Gyarados|Wacan Berry|[from] ability: Frisk|[of] p1a: Typhlosion\n|turn|2\n|j|\u2606PokeOpposition\n|player|p2|PokeOpposition|kabu|\n|\n|t:|1776558507\n|move|p1b: Meowstic|Sunny Day|p1b: Meowstic\n|-weather|SunnyDay\n|move|p1a: Typhlosion|Eruption|p2a: Sneasler|[spread] p2a,p2b\n|-resisted|p2b: Gyarados|1\n|-damage|p2a: Sneasler|0 fnt\n|-damage|p2b: Gyarados|58/100\n|faint|p2a: Sneasler\n|move|p2b: Gyarados|Taunt|p1b: Meowstic\n|-start|p1b: Meowstic|move: Taunt\n|\n|-weather|SunnyDay|[upkeep]\n|upkeep\n|\n|t:|1776558513\n|switch|p2a: Houndoom|Houndoom, L50, M, shiny|100/100\n|-ability|p2a: Houndoom|Unnerve\n|turn|3\n|\n|t:|1776558527\n|switch|p1a: Gallade|Gallade, L50, M|100/100\n|detailschange|p2a: Houndoom|Houndoom-Mega, L50, M, shiny\n|-mega|p2a: Houndoom|Houndoom|Houndoominite\n|move|p2b: Gyarados|Helping Hand|p2a: Houndoom\n|-singleturn|p2a: Houndoom|Helping Hand|[of] p2b: Gyarados\n|move|p2a: Houndoom|Dark Pulse|p1a: Gallade\n|-damage|p1a: Gallade|2/100\n|-activate|p1b: Meowstic|move: Struggle\n|move|p1b: Meowstic|Struggle|p2a: Houndoom\n|-damage|p2a: Houndoom|96/100\n|-damage|p1b: Meowstic|75/100|[from] recoil\n|\n|-weather|SunnyDay|[upkeep]\n|-damage|p2a: Houndoom|84/100|[from] ability: Solar Power|[of] p2a: Houndoom\n|upkeep\n|turn|4\n|c|\u2606PokeOpposition|Yes..\n|\n|t:|1776558548\n|move|p2a: Houndoom|Protect|p2a: Houndoom\n|-singleturn|p2a: Houndoom|Protect\n|move|p1a: Gallade|Wide Guard|p1a: Gallade\n|-singleturn|p1a: Gallade|Wide Guard\n|-activate|p1b: Meowstic|move: Struggle\n|move|p1b: Meowstic|Struggle|p2b: Gyarados\n|-damage|p2b: Gyarados|55/100\n|-damage|p1b: Meowstic|50/100|[from] recoil\n|move|p2b: Gyarados|Waterfall|p1a: Gallade\n|-damage|p1a: Gallade|0 fnt\n|faint|p1a: Gallade\n|\n|-weather|SunnyDay|[upkeep]\n|-damage|p2a: Houndoom|72/100|[from] ability: Solar Power|[of] p2a: Houndoom\n|upkeep\n|\n|t:|1776558565\n|switch|p1a: Typhlosion|Typhlosion-Hisui, L50, M|100/100\n|-item|p2a: Houndoom|Houndoominite|[from] ability: Frisk|[of] p1a: Typhlosion\n|-item|p2b: Gyarados|Wacan Berry|[from] ability: Frisk|[of] p1a: Typhlosion\n|turn|5\n|\n|t:|1776558580\n|move|p1a: Typhlosion|Eruption|p2b: Gyarados|[spread] p2a,p2b\n|-resisted|p2a: Houndoom|1\n|-resisted|p2b: Gyarados|1\n|-damage|p2a: Houndoom|14/100\n|-damage|p2b: Gyarados|25/100\n|move|p2a: Houndoom|Dark Pulse|p1a: Typhlosion\n|-supereffective|p1a: Typhlosion|1\n|-crit|p1a: Typhlosion\n|-damage|p1a: Typhlosion|0 fnt\n|faint|p1a: Typhlosion\n|-activate|p1b: Meowstic|move: Struggle\n|move|p1b: Meowstic|Struggle|p2a: Houndoom\n|-damage|p2a: Houndoom|9/100\n|-damage|p1b: Meowstic|25/100|[from] recoil\n|move|p2b: Gyarados|Thunder Wave|p1b: Meowstic\n|-status|p1b: Meowstic|par\n|\n|-weather|SunnyDay|[upkeep]\n|-damage|p2a: Houndoom|0 fnt|[from] ability: Solar Power|[of] p2a: Houndoom\n|faint|p2a: Houndoom\n|-end|p1b: Meowstic|move: Taunt\n|upkeep\n|\n|t:|1776558587\n|switch|p2a: Sinistcha|Sinistcha-Masterpiece, L50, shiny|100/100\n|-heal|p2b: Gyarados|50/100|[from] ability: Hospitality|[of] p2a: Sinistcha\n|turn|6\n|\n|t:|1776558608\n|move|p2b: Gyarados|Helping Hand|p2a: Sinistcha\n|-singleturn|p2a: Sinistcha|Helping Hand|[of] p2b: Gyarados\n|move|p1b: Meowstic|Thunder Wave|p2b: Gyarados\n|-status|p2b: Gyarados|par\n|move|p2a: Sinistcha|Shadow Ball|p1b: Meowstic\n|-supereffective|p1b: Meowstic|1\n|-damage|p1b: Meowstic|0 fnt\n|faint|p1b: Meowstic\n|\n|win|PokeOpposition\n|raw|amador com short's rating: 1050 &rarr; <strong>1036</strong><br />(-14 for losing)\n|raw|PokeOpposition's rating: 1122 &rarr; <strong>1142</strong><br />(+20 for winning)\n|l|\u2606amador com short\n|player|p1|\n|c|\u2606PokeOpposition|Gg\n",
  "uploadtime": 1776558626,
  "views": 22,
  "formatid": "gen9championsvgc2026regma",
  "rating": 1036,
  "private": 0,
  "password": null
}