{
  "id": "gen9championsvgc2026regma-2586921319",
  "format": "[Gen 9 Champions] VGC 2026 Reg M-A",
  "players": [
    "Anibaltsuna",
    "Shrimps5342"
  ],
  "log": "|j|\u2606Anibaltsuna\n|j|\u2606Shrimps5342\n|t:|1776472001\n|gametype|doubles\n|player|p1|Anibaltsuna|veteran|1228\n|player|p2|Shrimps5342|265|1184\n|gen|9\n|tier|[Gen 9 Champions] VGC 2026 Reg M-A\n|rated|\n|rule|Species Clause: Limit one of each Pok\u00e9mon\n|rule|Item Clause: Limit 1 of each item\n|clearpoke\n|poke|p1|Tyranitar, L50, F|\n|poke|p1|Corviknight, L50, F|\n|poke|p1|Milotic, L50, F|\n|poke|p1|Gengar, L50, M|\n|poke|p1|Excadrill, L50, F|\n|poke|p1|Garchomp, L50, F|\n|poke|p2|Charizard, L50, M|\n|poke|p2|Typhlosion-Hisui, L50, M|\n|poke|p2|Aegislash, L50, M|\n|poke|p2|Venusaur, L50, M|\n|poke|p2|Sinistcha, L50|\n|poke|p2|Aerodactyl, L50, M|\n|teampreview|4\n|\n|t:|1776472066\n|teamsize|p1|4\n|teamsize|p2|4\n|start\n|switch|p1a: Tyranitar|Tyranitar, L50, F|100/100\n|switch|p1b: Corviknight|Corviknight, L50, F|100/100\n|switch|p2a: Charizard|Charizard, L50, M|100/100\n|switch|p2b: Venusaur|Venusaur, L50, M|100/100\n|-weather|Sandstorm|[from] ability: Sand Stream|[of] p1a: Tyranitar\n|turn|1\n|\n|t:|1776472101\n|move|p2a: Charizard|Protect|p2a: Charizard\n|-singleturn|p2a: Charizard|Protect\n|move|p2b: Venusaur|Protect|p2b: Venusaur\n|-singleturn|p2b: Venusaur|Protect\n|move|p1a: Tyranitar|Protect|p1a: Tyranitar\n|-singleturn|p1a: Tyranitar|Protect\n|move|p1b: Corviknight|Tailwind|p1b: Corviknight\n|-sidestart|p1: Anibaltsuna|move: Tailwind\n|\n|-weather|Sandstorm|[upkeep]\n|-damage|p2a: Charizard|95/100|[from] Sandstorm\n|-damage|p2b: Venusaur|95/100|[from] Sandstorm\n|upkeep\n|turn|2\n|inactive|Battle timer is ON: inactive players will automatically lose when time's up. (requested by Anibaltsuna)\n|\n|t:|1776472147\n|switch|p2a: Sinistcha|Sinistcha, L50|100/100\n|-heal|p2b: Venusaur|100/100|[from] ability: Hospitality|[of] p2a: Sinistcha\n|move|p1b: Corviknight|Brave Bird|p2b: Venusaur\n|-supereffective|p2b: Venusaur|1\n|-damage|p2b: Venusaur|9/100\n|-damage|p1b: Corviknight|77/100|[from] Recoil\n|move|p1a: Tyranitar|Rock Slide|p2a: Sinistcha|[spread] p2a,p2b\n|-damage|p2a: Sinistcha|73/100\n|-damage|p2b: Venusaur|0 fnt\n|faint|p2b: Venusaur\n|\n|-weather|Sandstorm|[upkeep]\n|-damage|p2a: Sinistcha|67/100|[from] Sandstorm\n|-heal|p1b: Corviknight|83/100|[from] item: Leftovers\n|upkeep\n|\n|t:|1776472161\n|switch|p2b: Aerodactyl|Aerodactyl, L50, M|100/100\n|-ability|p2b: Aerodactyl|Unnerve\n|turn|3\n|\n|t:|1776472184\n|move|p2b: Aerodactyl|Tailwind|p2b: Aerodactyl\n|-sidestart|p2: Shrimps5342|move: Tailwind\n|move|p2a: Sinistcha|Matcha Gotcha|p1a: Tyranitar|[spread] p1a,p1b\n|-supereffective|p1a: Tyranitar|1\n|-resisted|p1b: Corviknight|2\n|-damage|p1a: Tyranitar|69/100\n|-heal|p2a: Sinistcha|88/100|[from] drain|[of] p1a: Tyranitar\n|-damage|p1b: Corviknight|79/100\n|-heal|p2a: Sinistcha|91/100|[from] drain|[of] p1b: Corviknight\n|-status|p1a: Tyranitar|brn\n|-status|p1b: Corviknight|brn\n|move|p1b: Corviknight|Bulk Up|p1b: Corviknight\n|-boost|p1b: Corviknight|atk|1\n|-boost|p1b: Corviknight|def|1\n|move|p1a: Tyranitar|Knock Off|p2a: Sinistcha\n|-supereffective|p2a: Sinistcha|1\n|-damage|p2a: Sinistcha|46/100\n|-enditem|p2a: Sinistcha|Occa Berry|[from] move: Knock Off|[of] p1a: Tyranitar\n|\n|-weather|Sandstorm|[upkeep]\n|-damage|p2a: Sinistcha|40/100|[from] Sandstorm\n|-heal|p1b: Corviknight|84/100 brn|[from] item: Leftovers\n|-damage|p1b: Corviknight|79/100 brn|[from] brn\n|-damage|p1a: Tyranitar|63/100 brn|[from] brn\n|upkeep\n|turn|4\n|inactive|Anibaltsuna has 30 seconds left.\n|inactive|Shrimps5342 has 30 seconds left.\n|inactive|Shrimps5342 has 20 seconds left.\n|\n|t:|1776472227\n|move|p2b: Aerodactyl|Rock Slide|p1a: Tyranitar|[spread] p1a,p1b\n|-damage|p1a: Tyranitar|41/100 brn\n|-damage|p1b: Corviknight|67/100 brn\n|move|p2a: Sinistcha|Matcha Gotcha|p1a: Tyranitar|[spread] p1a,p1b\n|-supereffective|p1a: Tyranitar|1\n|-resisted|p1b: Corviknight|2\n|-damage|p1a: Tyranitar|12/100 brn\n|-heal|p2a: Sinistcha|60/100|[from] drain|[of] p1a: Tyranitar\n|-damage|p1b: Corviknight|62/100 brn\n|-heal|p2a: Sinistcha|63/100|[from] drain|[of] p1b: Corviknight\n|move|p1b: Corviknight|Bulk Up|p1b: Corviknight\n|-boost|p1b: Corviknight|atk|1\n|-boost|p1b: Corviknight|def|1\n|move|p1a: Tyranitar|Rock Slide|p2a: Sinistcha|[spread] p2a,p2b\n|-supereffective|p2b: Aerodactyl|1\n|-damage|p2a: Sinistcha|50/100\n|-damage|p2b: Aerodactyl|52/100\n|\n|-weather|Sandstorm|[upkeep]\n|-damage|p2a: Sinistcha|44/100|[from] Sandstorm\n|-heal|p1b: Corviknight|68/100 brn|[from] item: Leftovers\n|-damage|p1b: Corviknight|62/100 brn|[from] brn\n|-damage|p1a: Tyranitar|6/100 brn|[from] brn\n|-sideend|p1: Anibaltsuna|move: Tailwind\n|upkeep\n|turn|5\n|inactive|Anibaltsuna has 30 seconds left.\n|inactive|Shrimps5342 has 30 seconds left.\n|inactive|Anibaltsuna has 20 seconds left.\n|inactive|Anibaltsuna has 15 seconds left.\n|\n|t:|1776472270\n|switch|p1a: Gengar|Gengar, L50, M|100/100\n|move|p2b: Aerodactyl|Protect|p2b: Aerodactyl\n|-singleturn|p2b: Aerodactyl|Protect\n|move|p2a: Sinistcha|Matcha Gotcha|p1a: Gengar|[spread] p1b\n|-miss|p2a: Sinistcha|p1a: Gengar\n|-resisted|p1b: Corviknight|2\n|-crit|p1b: Corviknight\n|-damage|p1b: Corviknight|55/100 brn\n|-heal|p2a: Sinistcha|49/100|[from] drain|[of] p1b: Corviknight\n|move|p1b: Corviknight|Body Press|p2b: Aerodactyl\n|-activate|p2b: Aerodactyl|move: Protect\n|\n|-weather|none\n|-heal|p1b: Corviknight|61/100 brn|[from] item: Leftovers\n|-damage|p1b: Corviknight|55/100 brn|[from] brn\n|upkeep\n|turn|6\n|\n|t:|1776472292\n|detailschange|p1a: Gengar|Gengar-Mega, L50, M\n|-mega|p1a: Gengar|Gengar|Gengarite\n|move|p1a: Gengar|Protect|p1a: Gengar\n|-singleturn|p1a: Gengar|Protect\n|move|p2b: Aerodactyl|Rock Slide|p1b: Corviknight|[spread] p1b\n|-activate|p1a: Gengar|move: Protect\n|-damage|p1b: Corviknight|46/100 brn\n|move|p1b: Corviknight|Tailwind|p1b: Corviknight\n|-sidestart|p1: Anibaltsuna|move: Tailwind\n|move|p2a: Sinistcha|Trick Room|p2a: Sinistcha\n|-fieldstart|move: Trick Room|[of] p2a: Sinistcha\n|\n|-heal|p1b: Corviknight|52/100 brn|[from] item: Leftovers\n|-damage|p1b: Corviknight|46/100 brn|[from] brn\n|-sideend|p2: Shrimps5342|move: Tailwind\n|upkeep\n|turn|7\n|inactive|Anibaltsuna has 30 seconds left.\n|inactive|Anibaltsuna has 20 seconds left.\n|inactive|Anibaltsuna has 15 seconds left.\n|inactive|Anibaltsuna has 10 seconds left.\n|inactive|Anibaltsuna has 5 seconds left.\n|\n|t:|1776472343\n|move|p2a: Sinistcha|Matcha Gotcha|p1a: Gengar|[spread] p1a\n|-miss|p2a: Sinistcha|p1b: Corviknight\n|-resisted|p1a: Gengar|1\n|-damage|p1a: Gengar|86/100\n|-heal|p2a: Sinistcha|56/100|[from] drain|[of] p1a: Gengar\n|move|p1b: Corviknight|Body Press|p2b: Aerodactyl\n|-damage|p2b: Aerodactyl|15/100\n|move|p2b: Aerodactyl|Dual Wingbeat|p1a: Gengar\n|-damage|p1a: Gengar|62/100\n|-crit|p1a: Gengar\n|-damage|p1a: Gengar|26/100\n|-hitcount|p1a: Gengar|2\n|move|p1a: Gengar|Shadow Ball|p2a: Sinistcha\n|-supereffective|p2a: Sinistcha|1\n|-crit|p2a: Sinistcha\n|-damage|p2a: Sinistcha|0 fnt\n|faint|p2a: Sinistcha\n|\n|-heal|p1b: Corviknight|52/100 brn|[from] item: Leftovers\n|-damage|p1b: Corviknight|46/100 brn|[from] brn\n|upkeep\n|\n|t:|1776472362\n|switch|p2a: Charizard|Charizard, L50, M|95/100\n|turn|8\n|inactive|Anibaltsuna has 30 seconds left.\n|inactive|Shrimps5342 has 30 seconds left.\n|inactive|Anibaltsuna has 20 seconds left.\n|\n|t:|1776472397\n|move|p1a: Gengar|Protect|p1a: Gengar\n|-singleturn|p1a: Gengar|Protect\n|move|p2a: Charizard|Heat Wave|p1a: Gengar|[spread] p1b\n|-activate|p1a: Gengar|move: Protect\n|-supereffective|p1b: Corviknight|1\n|-damage|p1b: Corviknight|0 fnt\n|faint|p1b: Corviknight\n|move|p2b: Aerodactyl|Rock Slide|p1a: Gengar\n|-activate|p1a: Gengar|move: Protect\n|\n|upkeep\n|\n|t:|1776472404\n|switch|p1b: Tyranitar|Tyranitar, L50, F|6/100 brn\n|-weather|Sandstorm|[from] ability: Sand Stream|[of] p1b: Tyranitar\n|turn|9\n|inactive|Anibaltsuna has 30 seconds left.\n|inactive|Anibaltsuna has 20 seconds left.\n|inactive|Anibaltsuna has 15 seconds left.\n|\n|t:|1776472447\n|move|p2a: Charizard|Protect|p2a: Charizard\n|-singleturn|p2a: Charizard|Protect\n|move|p2b: Aerodactyl|Protect|p2b: Aerodactyl\n|-singleturn|p2b: Aerodactyl|Protect\n|move|p1a: Gengar|Protect||[still]\n|-fail|p1a: Gengar\n|move|p1b: Tyranitar|Rock Slide|p2a: Charizard|[spread] \n|-activate|p2a: Charizard|move: Protect\n|-activate|p2b: Aerodactyl|move: Protect\n|\n|-weather|Sandstorm|[upkeep]\n|-damage|p2a: Charizard|89/100|[from] Sandstorm\n|-damage|p1a: Gengar|20/100|[from] Sandstorm\n|-damage|p1b: Tyranitar|0 fnt|[from] brn\n|faint|p1b: Tyranitar\n|-sideend|p1: Anibaltsuna|move: Tailwind\n|upkeep\n|\n|t:|1776472459\n|switch|p1b: Excadrill|Excadrill, L50, F|100/100\n|turn|10\n|\n|t:|1776472481\n|detailschange|p2a: Charizard|Charizard-Mega-Y, L50, M\n|-mega|p2a: Charizard|Charizard|Charizardite Y\n|-weather|SunnyDay|[from] ability: Drought|[of] p2a: Charizard\n|move|p1b: Excadrill|Protect|p1b: Excadrill\n|-singleturn|p1b: Excadrill|Protect\n|move|p1a: Gengar|Protect|p1a: Gengar\n|-singleturn|p1a: Gengar|Protect\n|move|p2a: Charizard|Heat Wave|p1a: Gengar|[spread] \n|-activate|p1a: Gengar|move: Protect\n|-activate|p1b: Excadrill|move: Protect\n|move|p2b: Aerodactyl|Rock Slide|p1a: Gengar|[spread] \n|-activate|p1a: Gengar|move: Protect\n|-activate|p1b: Excadrill|move: Protect\n|\n|-weather|SunnyDay|[upkeep]\n|-fieldend|move: Trick Room\n|upkeep\n|turn|11\n|inactive|Shrimps5342 has 30 seconds left.\n|\n|t:|1776472508\n|move|p1a: Gengar|Icy Wind|p2a: Charizard|[spread] p2b\n|-miss|p1a: Gengar|p2a: Charizard\n|-supereffective|p2b: Aerodactyl|1\n|-damage|p2b: Aerodactyl|0 fnt\n|faint|p2b: Aerodactyl\n|move|p2a: Charizard|Heat Wave|p1a: Gengar|[spread] p1a,p1b\n|-supereffective|p1b: Excadrill|1\n|-damage|p1a: Gengar|0 fnt\n|-enditem|p1b: Excadrill|Focus Sash\n|-damage|p1b: Excadrill|1/100\n|faint|p1a: Gengar\n|move|p1b: Excadrill|Rock Slide|p2a: Charizard\n|-supereffective|p2a: Charizard|2\n|-damage|p2a: Charizard|0 fnt\n|faint|p2a: Charizard\n|\n|win|Anibaltsuna\n|raw|Anibaltsuna's rating: 1228 &rarr; <strong>1250</strong><br />(+22 for winning)\n|raw|Shrimps5342's rating: 1184 &rarr; <strong>1162</strong><br />(-22 for losing)\n|c|\u2606Anibaltsuna|Gg\n",
  "uploadtime": 1776472531,
  "views": 22,
  "formatid": "gen9championsvgc2026regma",
  "rating": 1162,
  "private": 0,
  "password": null
}