{
  "id": "gen9championsvgc2026regma-2588408929",
  "format": "[Gen 9 Champions] VGC 2026 Reg M-A",
  "players": [
    "lcyy",
    "awesomedoom82"
  ],
  "log": "|j|\u2606lcyy\n|j|\u2606awesomedoom82\n|t:|1776631055\n|gametype|doubles\n|player|p1|lcyy|265|\n|player|p2|awesomedoom82|265|\n|gen|9\n|tier|[Gen 9 Champions] VGC 2026 Reg M-A\n|rated|Tournament battle\n|rule|Species Clause: Limit one of each Pok\u00e9mon\n|rule|Item Clause: Limit 1 of each item\n|clearpoke\n|poke|p1|Meganium, L50, F|\n|poke|p1|Archaludon, L50, F|\n|poke|p1|Aerodactyl, L50, F|\n|poke|p1|Typhlosion-Hisui, L50, F|\n|poke|p1|Tauros-Paldea-Aqua, L50, M|\n|poke|p1|Kangaskhan, L50, F|\n|poke|p2|Incineroar, L50, M|\n|poke|p2|Drampa, L50, F|\n|poke|p2|Farigiraf, L50, M|\n|poke|p2|Machamp, L50, M|\n|poke|p2|Sinistcha, L50|\n|poke|p2|Kingambit, L50, M|\n|teampreview|4\n|inactive|Battle timer is ON: inactive players will automatically lose when time's up. (requested by lcyy)\n|j| ZYLEXXX\n|c|\u2606awesomedoom82|gl hf\n|c|\u2606lcyy|u2\nlcyy has agreed to open team sheets.\nawesomedoom82 has agreed to open team sheets.\n|showteam|p1|Meganium||Meganiumite|LeafGuard|Protect,WeatherBall,DazzlingGleam,SolarBeam|||F|||50|]Archaludon||Leftovers|Sturdy|Protect,FlashCannon,Thunderbolt,DragonPulse|||F|||50|]Aerodactyl||FocusSash|Unnerve|Protect,RockSlide,DualWingbeat,Tailwind|||F|||50|]Typhlosion-Hisui||ChoiceScarf|Frisk|HeatWave,ShadowBall,Overheat,Eruption|||F|||50|]Tauros-Paldea-Aqua||WhiteHerb|Intimidate|Protect,WaveCrash,CloseCombat,AquaJet|||M|||50|]Kangaskhan||Kangaskhanite|InnerFocus|FakeOut,DoubleEdge,SuckerPunch,LowKick|||F|||50|\n|showteam|p2|Incineroar||SitrusBerry|Intimidate|DarkestLariat,FakeOut,FlareBlitz,PartingShot|||M|||50|]Drampa||Drampanite|CloudNine|HyperVoice,EarthPower,Thunderbolt,Protect|||F|||50|]Farigiraf||SilkScarf|ArmorTail|TrickRoom,HyperVoice,Psychic,Protect|||M|||50|]Machamp||BlackBelt|NoGuard|DynamicPunch,KnockOff,StoneEdge,WideGuard|||M|||50|]Sinistcha||MiracleSeed|Hospitality|MatchaGotcha,ShadowBall,RagePowder,TrickRoom||||||50|]Kingambit||BlackGlasses|Defiant|IronHead,SuckerPunch,KowtowCleave,Protect|||M|||50|\n|j| stinkyton\n|j| el nino piruleta\n|j| 23456ujhgrew\n|inactive|lcyy has 60 seconds left.\n|inactive|awesomedoom82 has 60 seconds left.\n|l| stinkyton\n|j| TheHorrorHare\n|inactive|lcyy has 30 seconds left.\n|inactive|awesomedoom82 has 30 seconds left.\n|l| TheHorrorHare\n|\n|t:|1776631120\n|teamsize|p1|4\n|teamsize|p2|4\n|start\n|switch|p1a: Archaludon|Archaludon, L50, F|100/100\n|switch|p1b: Aerodactyl|Aerodactyl, L50, F|100/100\n|switch|p2a: Incineroar|Incineroar, L50, M|100/100\n|switch|p2b: Farigiraf|Farigiraf, L50, M|100/100\n|-ability|p1b: Aerodactyl|Unnerve\n|-ability|p2a: Incineroar|Intimidate|boost\n|-unboost|p1a: Archaludon|atk|1\n|-unboost|p1b: Aerodactyl|atk|1\n|turn|1\n|j| mysticmarshtomp\n|inactive|lcyy has 30 seconds left.\n|inactive|lcyy has 20 seconds left.\n|inactive|lcyy has 15 seconds left.\n|inactive|lcyy has 10 seconds left.\n|\n|t:|1776631168\n|move|p2a: Incineroar|Fake Out|p1b: Aerodactyl\n|-resisted|p1b: Aerodactyl|1\n|-damage|p1b: Aerodactyl|89/100\n|cant|p1b: Aerodactyl|flinch\n|move|p1a: Archaludon|Dragon Pulse|p2b: Farigiraf\n|-damage|p2b: Farigiraf|55/100\n|move|p2b: Farigiraf|Trick Room|p2b: Farigiraf\n|-fieldstart|move: Trick Room|[of] p2b: Farigiraf\n|\n|upkeep\n|turn|2\n|j|+Hasayo\n|inactive|awesomedoom82 has 30 seconds left.\n|inactive|awesomedoom82 has 20 seconds left.\n|inactive|awesomedoom82 has 15 seconds left.\n|\n|t:|1776631208\n|move|p2b: Farigiraf|Psychic|p1b: Aerodactyl\n|-damage|p1b: Aerodactyl|22/100\n|move|p2a: Incineroar|Darkest Lariat|p1b: Aerodactyl\n|-damage|p1b: Aerodactyl|0 fnt\n|faint|p1b: Aerodactyl\n|move|p1a: Archaludon|Dragon Pulse|p2b: Farigiraf\n|-damage|p2b: Farigiraf|10/100\n|\n|upkeep\n|\n|t:|1776631219\n|switch|p1b: Meganium|Meganium, L50, F|100/100\n|turn|3\n|\n|t:|1776631244\n|move|p1b: Meganium|Protect|p1b: Meganium\n|-singleturn|p1b: Meganium|Protect\n|move|p1a: Archaludon|Protect|p1a: Archaludon\n|-singleturn|p1a: Archaludon|Protect\n|move|p2b: Farigiraf|Hyper Voice|p1a: Archaludon|[spread] \n|-activate|p1a: Archaludon|move: Protect\n|-activate|p1b: Meganium|move: Protect\n|move|p2a: Incineroar|Flare Blitz|p1b: Meganium\n|-activate|p1b: Meganium|move: Protect\n|\n|upkeep\n|turn|4\n|j| Cachapita\n|\n|t:|1776631269\n|detailschange|p1b: Meganium|Meganium-Mega, L50, F\n|-mega|p1b: Meganium|Meganium|Meganiumite\n|move|p2b: Farigiraf|Hyper Voice|p1a: Archaludon|[spread] p1a,p1b\n|-resisted|p1a: Archaludon|1\n|-damage|p1a: Archaludon|71/100\n|-damage|p1b: Meganium|67/100\n|move|p2a: Incineroar|Darkest Lariat|p1b: Meganium\n|-resisted|p1b: Meganium|1\n|-damage|p1b: Meganium|48/100\n|move|p1b: Meganium|Dazzling Gleam|p2a: Incineroar|[spread] p2a,p2b\n|-damage|p2a: Incineroar|68/100\n|-damage|p2b: Farigiraf|0 fnt\n|faint|p2b: Farigiraf\n|move|p1a: Archaludon|Dragon Pulse|p2a: Incineroar\n|-damage|p2a: Incineroar|22/100\n|-enditem|p2a: Incineroar|Sitrus Berry|[eat]\n|-heal|p2a: Incineroar|47/100|[from] item: Sitrus Berry\n|\n|-heal|p1a: Archaludon|77/100|[from] item: Leftovers\n|upkeep\n|\n|t:|1776631275\n|switch|p2b: Machamp|Machamp, L50, M|100/100\n|turn|5\n|l| Cachapita\n|\n|t:|1776631292\n|switch|p2a: Drampa|Drampa, L50, F|100/100\n|-ability|p2a: Drampa|Cloud Nine\n|move|p1b: Meganium|Protect|p1b: Meganium\n|-singleturn|p1b: Meganium|Protect\n|move|p1a: Archaludon|Protect|p1a: Archaludon\n|-singleturn|p1a: Archaludon|Protect\n|move|p2b: Machamp|Dynamic Punch|p1a: Archaludon\n|-activate|p1a: Archaludon|move: Protect\n|\n|-heal|p1a: Archaludon|84/100|[from] item: Leftovers\n|-fieldend|move: Trick Room\n|upkeep\n|turn|6\n|\n|t:|1776631312\n|detailschange|p2a: Drampa|Drampa-Mega, L50, F\n|-mega|p2a: Drampa|Drampa|Drampanite\n|move|p2b: Machamp|Wide Guard|p2b: Machamp\n|-singleturn|p2b: Machamp|Wide Guard\n|move|p1a: Archaludon|Dragon Pulse|p2a: Drampa\n|-supereffective|p2a: Drampa|1\n|-damage|p2a: Drampa|23/100\n|-ability|p2a: Drampa|Berserk|boost\n|-boost|p2a: Drampa|spa|1\n|move|p1b: Meganium|Dazzling Gleam|p2a: Drampa|[spread] \n|-activate|p2a: Drampa|move: Wide Guard\n|-activate|p2b: Machamp|move: Wide Guard\n|move|p2a: Drampa|Earth Power|p1a: Archaludon\n|-supereffective|p1a: Archaludon|1\n|-damage|p1a: Archaludon|0 fnt\n|faint|p1a: Archaludon\n|\n|upkeep\n|\n|t:|1776631326\n|switch|p1a: Typhlosion|Typhlosion-Hisui, L50, F|100/100\n|-item|p2a: Drampa|Drampanite|[from] ability: Frisk|[of] p1a: Typhlosion\n|-item|p2b: Machamp|Black Belt|[from] ability: Frisk|[of] p1a: Typhlosion\n|turn|7\n|j| harugasumi\n|inactive|lcyy has 30 seconds left.\n|inactive|awesomedoom82 has 30 seconds left.\n|inactive|lcyy has 20 seconds left.\n|inactive|awesomedoom82 has 20 seconds left.\n|\n|t:|1776631365\n|switch|p2a: Incineroar|Incineroar, L50, M|47/100\n|-ability|p2a: Incineroar|Intimidate|boost\n|-unboost|p1a: Typhlosion|atk|1\n|-unboost|p1b: Meganium|atk|1\n|move|p2b: Machamp|Wide Guard|p2b: Machamp\n|-singleturn|p2b: Machamp|Wide Guard\n|move|p1a: Typhlosion|Shadow Ball|p2b: Machamp\n|-damage|p2b: Machamp|58/100\n|move|p1b: Meganium|Solar Beam||[still]\n|-prepare|p1b: Meganium|Solar Beam\n|-activate|p1b: Meganium|ability: Mega Sol\n|-anim|p1b: Meganium|Solar Beam|p2a: Incineroar\n|-resisted|p2a: Incineroar|1\n|-damage|p2a: Incineroar|11/100\n|\n|upkeep\n|turn|8\n|\n|t:|1776631386\n|move|p1b: Meganium|Protect|p1b: Meganium\n|-singleturn|p1b: Meganium|Protect\n|move|p2a: Incineroar|Fake Out|p1b: Meganium\n|-activate|p1b: Meganium|move: Protect\n|move|p1a: Typhlosion|Shadow Ball|p2b: Machamp\n|-damage|p2b: Machamp|10/100\n|-unboost|p2b: Machamp|spd|1\n|move|p2b: Machamp|Stone Edge|p1a: Typhlosion\n|-supereffective|p1a: Typhlosion|1\n|-damage|p1a: Typhlosion|0 fnt\n|faint|p1a: Typhlosion\n|\n|upkeep\n|turn|9\n|j| TheHorrorHare\n|inactive|awesomedoom82 has 30 seconds left.\n|\n|t:|1776631415\n|move|p1b: Meganium|Solar Beam||[still]\n|-prepare|p1b: Meganium|Solar Beam\n|-activate|p1b: Meganium|ability: Mega Sol\n|-anim|p1b: Meganium|Solar Beam|p2a: Incineroar\n|-resisted|p2a: Incineroar|1\n|-damage|p2a: Incineroar|0 fnt\n|faint|p2a: Incineroar\n|move|p2b: Machamp|Dynamic Punch|p1b: Meganium\n|-resisted|p1b: Meganium|1\n|-crit|p1b: Meganium\n|-damage|p1b: Meganium|1/100\n|-start|p1b: Meganium|confusion\n|\n|upkeep\n|\n|t:|1776631425\n|switch|p2a: Drampa|Drampa-Mega, L50, F|23/100\n|turn|10\n|inactive|awesomedoom82 has 30 seconds left.\n|\n|t:|1776631454\n|move|p2b: Machamp|Wide Guard|p2b: Machamp\n|-singleturn|p2b: Machamp|Wide Guard\n|-activate|p1b: Meganium|confusion\n|move|p1b: Meganium|Dazzling Gleam|p2b: Machamp|[spread] \n|-activate|p2a: Drampa|move: Wide Guard\n|-activate|p2b: Machamp|move: Wide Guard\n|move|p2a: Drampa|Hyper Voice|p1b: Meganium\n|-damage|p1b: Meganium|0 fnt\n|faint|p1b: Meganium\n|\n|win|awesomedoom82\n|n|\u2606lcyy|lcyy\n|n|\u2606awesomedoom82|awesomedoom82\n|n| ZYLEXXX|zylexxx\n|n| el nino piruleta|elninopiruleta\n|n| 23456ujhgrew|23456ujhgrew\n|n| mysticmarshtomp|mysticmarshtomp\n|n| Hasayo|hasayo\n|n| harugasumi|harugasumi\n|n| TheHorrorHare|thehorrorhare\n",
  "uploadtime": 1776631454,
  "views": 9,
  "formatid": "gen9championsvgc2026regma",
  "rating": null,
  "private": 0,
  "password": null
}