{
  "id": "gen9championsvgc2026regma-2583295416",
  "format": "[Gen 9 Champions] VGC 2026 Reg M-A",
  "players": [
    "EnbyFlavoredSparky",
    "Robetrino"
  ],
  "log": "|j|\u2606EnbyFlavoredSparky\n|j|\u2606Robetrino\n|t:|1776164189\n|gametype|doubles\n|player|p1|EnbyFlavoredSparky|lillie-masters2|1207\n|player|p2|Robetrino|266|1131\n|gen|9\n|tier|[Gen 9 Champions] VGC 2026 Reg M-A\n|rated|\n|rule|Species Clause: Limit one of each Pok\u00e9mon\n|rule|Item Clause: Limit 1 of each item\n|clearpoke\n|poke|p1|Delphox, L50, F|\n|poke|p1|Whimsicott, L50, M|\n|poke|p1|Incineroar, L50, M|\n|poke|p1|Ninetales, L50, M|\n|poke|p1|Sylveon, L50, F|\n|poke|p1|Sneasler, L50, F|\n|poke|p2|Delphox, L50, M|\n|poke|p2|Basculegion, L50, M|\n|poke|p2|Clefable, L50, F|\n|poke|p2|Kingambit, L50, M|\n|poke|p2|Dragonite, L50, M|\n|poke|p2|Sneasler, L50, F|\n|teampreview|4\n|inactive|Battle timer is ON: inactive players will automatically lose when time's up. (requested by EnbyFlavoredSparky)\n|\n|t:|1776164211\n|teamsize|p1|4\n|teamsize|p2|4\n|start\n|switch|p1a: Sylvia|Sylveon, L50, F|100/100\n|switch|p1b: Sneasler|Sneasler, L50, F|100/100\n|switch|p2a: Delphox|Delphox, L50, M|100/100\n|switch|p2b: Basculegion|Basculegion, L50, M|100/100\n|turn|1\n|inactive|Robetrino has 30 seconds left.\n|\n|t:|1776164240\n|move|p2a: Delphox|Protect|p2a: Delphox\n|-singleturn|p2a: Delphox|Protect\n|move|p1b: Sneasler|Fake Out|p2a: Delphox\n|-activate|p2a: Delphox|move: Protect\n|move|p2b: Basculegion|Flip Turn|p1a: Sylvia\n|-crit|p1a: Sylvia\n|-damage|p1a: Sylvia|13/100\n|\n|t:|1776164247\n|switch|p2b: Clefable|Clefable, L50, F|100/100|[from] Flip Turn\n|move|p1a: Sylvia|Hyper Voice|p2a: Delphox|[spread] p2b\n|-activate|p2a: Delphox|move: Protect\n|-crit|p2b: Clefable\n|-damage|p2b: Clefable|46/100\n|-enditem|p2b: Clefable|Sitrus Berry|[eat]\n|-heal|p2b: Clefable|70/100|[from] item: Sitrus Berry\n|\n|upkeep\n|turn|2\n|\n|t:|1776164261\n|switch|p1b: Delphox|Delphox, L50, F|100/100\n|detailschange|p2a: Delphox|Delphox-Mega, L50, M\n|-mega|p2a: Delphox|Delphox|Delphoxite\n|move|p2b: Clefable|Follow Me|p2b: Clefable\n|-singleturn|p2b: Clefable|move: Follow Me\n|move|p2a: Delphox|Heat Wave|p1a: Sylvia|[spread] p1a,p1b\n|-crit|p1a: Sylvia\n|-resisted|p1b: Delphox|1\n|-damage|p1a: Sylvia|0 fnt\n|-damage|p1b: Delphox|76/100\n|faint|p1a: Sylvia\n|\n|upkeep\n|\n|t:|1776164276\n|switch|p1a: Sneasler|Sneasler, L50, F|100/100\n|turn|3\n|\n|t:|1776164289\n|detailschange|p1b: Delphox|Delphox-Mega, L50, F\n|-mega|p1b: Delphox|Delphox|Delphoxite\n|move|p2a: Delphox|Protect|p2a: Delphox\n|-singleturn|p2a: Delphox|Protect\n|move|p2b: Clefable|Protect|p2b: Clefable\n|-singleturn|p2b: Clefable|Protect\n|move|p1a: Sneasler|Fake Out|p2b: Clefable\n|-activate|p2b: Clefable|move: Protect\n|move|p1b: Delphox|Nasty Plot|p1b: Delphox\n|-boost|p1b: Delphox|spa|2\n|\n|upkeep\n|turn|4\n|\n|t:|1776164310\n|switch|p1a: Ninetales|Ninetales, L50, M|100/100\n|-weather|SunnyDay|[from] ability: Drought|[of] p1a: Ninetales\n|move|p2b: Clefable|Follow Me|p2b: Clefable\n|-singleturn|p2b: Clefable|move: Follow Me\n|move|p1b: Delphox|Heat Wave|p2a: Delphox|[spread] p2a,p2b\n|-resisted|p2a: Delphox|1\n|-damage|p2a: Delphox|36/100\n|-damage|p2b: Clefable|11/100\n|move|p2a: Delphox|Psychic|p1a: Ninetales\n|-damage|p1a: Ninetales|40/100\n|\n|-weather|SunnyDay|[upkeep]\n|upkeep\n|turn|5\n|inactive|EnbyFlavoredSparky has 30 seconds left.\n|inactive|Robetrino has 30 seconds left.\n|\n|t:|1776164337\n|move|p2a: Delphox|Protect|p2a: Delphox\n|-singleturn|p2a: Delphox|Protect\n|move|p1a: Ninetales|Protect|p1a: Ninetales\n|-singleturn|p1a: Ninetales|Protect\n|move|p2b: Clefable|Protect|p2b: Clefable\n|-singleturn|p2b: Clefable|Protect\n|move|p1b: Delphox|Heat Wave|p2b: Clefable|[spread] \n|-activate|p2a: Delphox|move: Protect\n|-activate|p2b: Clefable|move: Protect\n|\n|-weather|SunnyDay|[upkeep]\n|upkeep\n|turn|6\n|\n|t:|1776164352\n|move|p1a: Ninetales|Helping Hand|p1b: Delphox\n|-singleturn|p1b: Delphox|Helping Hand|[of] p1a: Ninetales\n|move|p2b: Clefable|Helping Hand|p2a: Delphox\n|-singleturn|p2a: Delphox|Helping Hand|[of] p2b: Clefable\n|move|p1b: Delphox|Heat Wave|p2a: Delphox|[spread] p2a,p2b\n|-resisted|p2a: Delphox|1\n|-damage|p2a: Delphox|0 fnt\n|-damage|p2b: Clefable|0 fnt\n|faint|p2a: Delphox\n|faint|p2b: Clefable\n|\n|-weather|SunnyDay|[upkeep]\n|upkeep\n|\n|t:|1776164359\n|switch|p2a: Basculegion|Basculegion, L50, M|100/100\n|switch|p2b: Sneasler|Sneasler, L50, F|100/100\n|turn|7\n|\n|t:|1776164380\n|move|p1b: Delphox|Protect|p1b: Delphox\n|-singleturn|p1b: Delphox|Protect\n|move|p1a: Ninetales|Protect|p1a: Ninetales\n|-singleturn|p1a: Ninetales|Protect\n|move|p2b: Sneasler|Fake Out|p1b: Delphox\n|-activate|p1b: Delphox|move: Protect\n|move|p2a: Basculegion|Last Respects|p1a: Ninetales\n|-activate|p1a: Ninetales|move: Protect\n|\n|-weather|SunnyDay|[upkeep]\n|upkeep\n|turn|8\n|\n|t:|1776164388\n|move|p1a: Ninetales|Helping Hand|p1b: Delphox\n|-singleturn|p1b: Delphox|Helping Hand|[of] p1a: Ninetales\n|move|p1b: Delphox|Heat Wave|p2a: Basculegion|[spread] p2a,p2b\n|-resisted|p2a: Basculegion|1\n|-damage|p2a: Basculegion|0 fnt\n|-enditem|p2b: Sneasler|Focus Sash\n|-damage|p2b: Sneasler|1/100\n|faint|p2a: Basculegion\n|move|p2b: Sneasler|Dire Claw|p1a: Ninetales\n|-damage|p1a: Ninetales|0 fnt\n|faint|p1a: Ninetales\n|\n|-weather|none\n|upkeep\n|\n|t:|1776164395\n|switch|p1a: Sneasler|Sneasler, L50, F|100/100\n|turn|9\n|l|\u2606Robetrino\n|inactive|Robetrino disconnected and has a minute to reconnect!\n|player|p2|\n|inactive|Robetrino has 30 seconds left.\n|inactive|Robetrino has 20 seconds left.\n|inactive|Robetrino has 15 seconds left.\n|inactive|Robetrino has 10 seconds left.\n|inactive|Robetrino has 5 seconds left.\n|-message|Robetrino lost due to inactivity.\n|\n|win|EnbyFlavoredSparky\n|raw|EnbyFlavoredSparky's rating: 1207 &rarr; <strong>1227</strong><br />(+20 for winning)\n|raw|Robetrino's rating: 1131 &rarr; <strong>1111</strong><br />(-20 for losing)\n",
  "uploadtime": 1776164458,
  "views": 18,
  "formatid": "gen9championsvgc2026regma",
  "rating": 1111,
  "private": 0,
  "password": null
}