{
  "id": "gen9championsvgc2026regma-2587096444",
  "format": "[Gen 9 Champions] VGC 2026 Reg M-A",
  "players": [
    "Pucuk",
    "brojonski"
  ],
  "log": "|j|\u2606Pucuk\n|j|\u2606brojonski\n|t:|1776492857\n|gametype|doubles\n|player|p1|Pucuk|265|1161\n|player|p2|brojonski|brock|1101\n|gen|9\n|tier|[Gen 9 Champions] VGC 2026 Reg M-A\n|rated|\n|rule|Species Clause: Limit one of each Pok\u00e9mon\n|rule|Item Clause: Limit 1 of each item\n|clearpoke\n|poke|p1|Aerodactyl, L50, M|\n|poke|p1|Incineroar, L50, F, shiny|\n|poke|p1|Kangaskhan, L50, F|\n|poke|p1|Gardevoir, L50, F, shiny|\n|poke|p1|Oranguru, L50, F|\n|poke|p1|Steelix, L50, M, shiny|\n|poke|p2|Goodra-Hisui, L50, M|\n|poke|p2|Sinistcha, L50|\n|poke|p2|Palafin, L50, M|\n|poke|p2|Arcanine-Hisui, L50, F|\n|poke|p2|Froslass, L50, F|\n|poke|p2|Sneasler, L50, M|\n|teampreview|4\n|inactive|Battle timer is ON: inactive players will automatically lose when time's up. (requested by brojonski)\n|inactive|brojonski has 60 seconds left.\n|inactive|brojonski has 30 seconds left.\n|inactive|brojonski has 20 seconds left.\n|inactive|brojonski has 15 seconds left.\n|\n|t:|1776492938\n|teamsize|p1|4\n|teamsize|p2|4\n|start\n|switch|p1a: Aerodactyl|Aerodactyl, L50, M|100/100\n|switch|p1b: Incineroar|Incineroar, L50, F, shiny|100/100\n|switch|p2a: Palafin|Palafin, L50, M|100/100\n|switch|p2b: Froslass|Froslass, L50, F|100/100\n|-ability|p1a: Aerodactyl|Unnerve\n|-ability|p1b: Incineroar|Intimidate|boost\n|-unboost|p2a: Palafin|atk|1\n|-unboost|p2b: Froslass|atk|1\n|turn|1\n|\n|t:|1776492954\n|detailschange|p2a: Palafin|Palafin-Hero, L50, M\n|switch|p2a: Arcanine|Arcanine-Hisui, L50, F|100/100\n|-ability|p2a: Arcanine|Intimidate|boost\n|-unboost|p1a: Aerodactyl|atk|1\n|-unboost|p1b: Incineroar|atk|1\n|detailschange|p2b: Froslass|Froslass-Mega, L50, F\n|-mega|p2b: Froslass|Froslass|Froslassite\n|-weather|Snowscape|[from] ability: Snow Warning|[of] p2b: Froslass\n|move|p1b: Incineroar|Fake Out|p2a: Arcanine\n|-resisted|p2a: Arcanine|1\n|-damage|p2a: Arcanine|96/100\n|move|p2b: Froslass|Blizzard|p1b: Incineroar|[spread] p1a,p1b\n|-supereffective|p1a: Aerodactyl|1\n|-resisted|p1b: Incineroar|1\n|-enditem|p1a: Aerodactyl|Focus Sash\n|-damage|p1a: Aerodactyl|1/100\n|-damage|p1b: Incineroar|84/100\n|-status|p1a: Aerodactyl|frz\n|cant|p1a: Aerodactyl|frz\n|\n|-weather|Snowscape|[upkeep]\n|upkeep\n|turn|2\n|inactive|brojonski has 30 seconds left.\n|\n|t:|1776492984\n|cant|p1a: Aerodactyl|frz\n|move|p2b: Froslass|Aurora Veil|p2b: Froslass\n|-sidestart|p2: brojonski|move: Aurora Veil\n|move|p2a: Arcanine|Rock Slide|p1b: Incineroar|[spread] p1a,p1b\n|-supereffective|p1a: Aerodactyl|1\n|-supereffective|p1b: Incineroar|1\n|-damage|p1a: Aerodactyl|0 fnt\n|-damage|p1b: Incineroar|28/100\n|-enditem|p1b: Incineroar|Sitrus Berry|[eat]\n|-heal|p1b: Incineroar|52/100|[from] item: Sitrus Berry\n|faint|p1a: Aerodactyl\n|cant|p1b: Incineroar|flinch\n|\n|-weather|Snowscape|[upkeep]\n|upkeep\n|\n|t:|1776492994\n|switch|p1a: Oranguru|Oranguru, L50, F|100/100\n|turn|3\n|\n|t:|1776493003\n|move|p2b: Froslass|Blizzard|p1a: Oranguru|[spread] p1a,p1b\n|-resisted|p1b: Incineroar|1\n|-damage|p1a: Oranguru|68/100\n|-damage|p1b: Incineroar|36/100\n|move|p2a: Arcanine|Flare Blitz|p1a: Oranguru\n|-damage|p1a: Oranguru|11/100\n|-damage|p2a: Arcanine|78/100|[from] Recoil\n|move|p1b: Incineroar|Parting Shot|p2b: Froslass\n|-unboost|p2b: Froslass|atk|1\n|-unboost|p2b: Froslass|spa|1\n|\n|t:|1776493013\n|switch|p1b: Steelix|Steelix, L50, M, shiny|100/100|[from] Parting Shot\n|move|p1a: Oranguru|Trick Room|p1a: Oranguru\n|-fieldstart|move: Trick Room|[of] p1a: Oranguru\n|\n|-weather|Snowscape|[upkeep]\n|upkeep\n|turn|4\n|\n|t:|1776493034\n|detailschange|p1b: Steelix|Steelix-Mega, L50, M, shiny\n|-mega|p1b: Steelix|Steelix|Steelixite\n|move|p2b: Froslass|Protect|p2b: Froslass\n|-singleturn|p2b: Froslass|Protect\n|move|p2a: Arcanine|Extreme Speed|p1a: Oranguru\n|-damage|p1a: Oranguru|0 fnt\n|faint|p1a: Oranguru\n|move|p1b: Steelix|Earthquake|p2a: Arcanine|[spread] p2a\n|-activate|p2b: Froslass|move: Protect\n|-supereffective|p2a: Arcanine|2\n|-damage|p2a: Arcanine|0 fnt\n|faint|p2a: Arcanine\n|\n|-weather|Snowscape|[upkeep]\n|upkeep\n|\n|t:|1776493050\n|switch|p1a: Incineroar|Incineroar, L50, F, shiny|36/100\n|switch|p2a: Sneasler|Sneasler, L50, M|100/100\n|-ability|p1a: Incineroar|Intimidate|boost\n|-unboost|p2a: Sneasler|atk|1\n|-unboost|p2b: Froslass|atk|1\n|-enditem|p2a: Sneasler|White Herb\n|-clearnegativeboost|p2a: Sneasler|[silent]\n|turn|5\n|\n|t:|1776493065\n|move|p2a: Sneasler|Fake Out|p1b: Steelix\n|-resisted|p1b: Steelix|1\n|-damage|p1b: Steelix|96/100\n|cant|p1b: Steelix|flinch\n|move|p1a: Incineroar|Lash Out|p2b: Froslass\n|-supereffective|p2b: Froslass|1\n|-damage|p2b: Froslass|60/100\n|move|p2b: Froslass|Blizzard|p1a: Incineroar|[spread] p1a,p1b\n|-resisted|p1a: Incineroar|1\n|-damage|p1a: Incineroar|26/100\n|-damage|p1b: Steelix|62/100\n|\n|-weather|none\n|upkeep\n|turn|6\n|\n|t:|1776493089\n|move|p2b: Froslass|Protect|p2b: Froslass\n|-singleturn|p2b: Froslass|Protect\n|move|p2a: Sneasler|Protect|p2a: Sneasler\n|-singleturn|p2a: Sneasler|Protect\n|move|p1b: Steelix|Earthquake|p2a: Sneasler|[spread] p1a\n|-activate|p2a: Sneasler|move: Protect\n|-activate|p2b: Froslass|move: Protect\n|-supereffective|p1a: Incineroar|1\n|-damage|p1a: Incineroar|0 fnt\n|faint|p1a: Incineroar\n|\n|-sideend|p2: brojonski|move: Aurora Veil\n|upkeep\n|turn|7\n|c|\u2606brojonski|nice move\n|inactive|brojonski has 30 seconds left.\n|\n|t:|1776493117\n|move|p1b: Steelix|Earthquake|p2a: Sneasler|[spread] p2a,p2b\n|-supereffective|p2a: Sneasler|1\n|-damage|p2a: Sneasler|0 fnt\n|-damage|p2b: Froslass|0 fnt\n|faint|p2a: Sneasler\n|faint|p2b: Froslass\n|\n|-fieldend|move: Trick Room\n|upkeep\n|\n|t:|1776493120\n|switch|p2b: Palafin|Palafin-Hero, L50, M|100/100\n|-activate|p2b: Palafin|ability: Zero to Hero\n|turn|8\n|\n|t:|1776493131\n|move|p2b: Palafin|Wave Crash|p1b: Steelix\n|-supereffective|p1b: Steelix|1\n|-damage|p1b: Steelix|0 fnt\n|faint|p1b: Steelix\n|-damage|p2b: Palafin|86/100|[from] Recoil\n|\n|win|brojonski\n|raw|Pucuk's rating: 1161 &rarr; <strong>1132</strong><br />(-29 for losing)\n|raw|brojonski's rating: 1101 &rarr; <strong>1130</strong><br />(+29 for winning)\n",
  "uploadtime": 1776493139,
  "views": 16,
  "formatid": "gen9championsvgc2026regma",
  "rating": 1130,
  "private": 0,
  "password": null
}