{
  "id": "gen9championsvgc2026regma-2581843916",
  "format": "[Gen 9 Champions] VGC 2026 Reg M-A",
  "players": [
    "hyugacl",
    "drip fisto"
  ],
  "log": "|j|\u2606hyugacl\n|j|\u2606drip fisto\n|t:|1776033048\n|gametype|doubles\n|player|p1|hyugacl|102|1031\n|player|p2|drip fisto|swimmerf|1054\n|gen|9\n|tier|[Gen 9 Champions] VGC 2026 Reg M-A\n|rated|\n|rule|Species Clause: Limit one of each Pok\u00e9mon\n|rule|Item Clause: Limit 1 of each item\n|clearpoke\n|poke|p1|Avalugg-Hisui, L50, M|\n|poke|p1|Lucario, L50, M|\n|poke|p1|Meowstic, L50, M|\n|poke|p1|Dragapult, L50, M|\n|poke|p1|Greninja-*, L50, M|\n|poke|p1|Bellibolt, L50, M|\n|poke|p2|Whimsicott, L50, M|\n|poke|p2|Chandelure, L50, M|\n|poke|p2|Heliolisk, L50, M|\n|poke|p2|Sneasler, L50, F|\n|poke|p2|Dragapult, L50, M|\n|poke|p2|Clefable, L50, M|\n|teampreview|4\n|\n|t:|1776033084\n|teamsize|p1|4\n|teamsize|p2|4\n|start\n|switch|p1a: Avalugg|Avalugg-Hisui, L50, M|100/100\n|switch|p1b: Bellibolt|Bellibolt, L50, M|100/100\n|switch|p2a: Whimsicott|Whimsicott, L50, M|100/100\n|switch|p2b: Heliolisk|Heliolisk, L50, M, shiny|100/100\n|turn|1\n|\n|t:|1776033115\n|move|p2a: Whimsicott|Sunny Day|p2a: Whimsicott\n|-weather|SunnyDay\n|move|p2b: Heliolisk|Weather Ball|p1a: Avalugg\n|-ability|p1a: Avalugg|Sturdy\n|-damage|p1a: Avalugg|1/100\n|move|p1b: Bellibolt|Acid Spray|p2a: Whimsicott\n|-supereffective|p2a: Whimsicott|2\n|-damage|p2a: Whimsicott|39/100\n|-unboost|p2a: Whimsicott|spd|2\n|move|p1a: Avalugg|Stealth Rock|p2b: Heliolisk\n|-sidestart|p2: drip fisto|move: Stealth Rock\n|\n|-weather|SunnyDay|[upkeep]\n|-damage|p2b: Heliolisk|88/100|[from] ability: Solar Power|[of] p2b: Heliolisk\n|upkeep\n|turn|2\n|\n|t:|1776033141\n|move|p2b: Heliolisk|Weather Ball|p1b: Bellibolt\n|-damage|p1b: Bellibolt|32/100\n|move|p2a: Whimsicott|Moonblast|p1a: Avalugg\n|-crit|p1a: Avalugg\n|-damage|p1a: Avalugg|0 fnt\n|faint|p1a: Avalugg\n|move|p1b: Bellibolt|Acid Spray|p2a: Whimsicott\n|-supereffective|p2a: Whimsicott|2\n|-damage|p2a: Whimsicott|0 fnt\n|faint|p2a: Whimsicott\n|\n|-weather|SunnyDay|[upkeep]\n|-damage|p2b: Heliolisk|76/100|[from] ability: Solar Power|[of] p2b: Heliolisk\n|-heal|p1b: Bellibolt|38/100|[from] item: Leftovers\n|upkeep\n|\n|t:|1776033159\n|switch|p2a: Chandelure|Chandelure, L50, M|100/100\n|switch|p1a: Dragapult|Dragapult, L50, M|100/100\n|-damage|p2a: Chandelure|76/100|[from] Stealth Rock\n|turn|3\n|\n|t:|1776033179\n|switch|p2b: Sneasler|Sneasler, L50, F|100/100\n|-damage|p2b: Sneasler|95/100|[from] Stealth Rock\n|detailschange|p2a: Chandelure|Chandelure-Mega, L50, M\n|-mega|p2a: Chandelure|Chandelure|Chandelurite\n|move|p1a: Dragapult|Phantom Force||[still]\n|-prepare|p1a: Dragapult|Phantom Force\n|move|p2a: Chandelure|Heat Wave|p1b: Bellibolt|[spread] p1b\n|-miss|p2a: Chandelure|p1a: Dragapult\n|-damage|p1b: Bellibolt|0 fnt\n|faint|p1b: Bellibolt\n|\n|-weather|SunnyDay|[upkeep]\n|upkeep\n|\n|t:|1776033189\n|switch|p1b: Greninja|Greninja, L50, M|100/100\n|turn|4\n|\n|t:|1776033204\n|move|p2a: Chandelure|Protect|p2a: Chandelure\n|-singleturn|p2a: Chandelure|Protect\n|move|p2b: Sneasler|Fake Out|p1b: Greninja\n|-damage|p1b: Greninja|69/100\n|move|p1a: Dragapult|Phantom Force|p2a: Chandelure|[from] lockedmove\n|-activate|p2a: Chandelure|move: Phantom Force|[broken]\n|-supereffective|p2a: Chandelure|1\n|-damage|p2a: Chandelure|0 fnt\n|faint|p2a: Chandelure\n|cant|p1b: Greninja|flinch\n|\n|-weather|SunnyDay|[upkeep]\n|upkeep\n|\n|t:|1776033218\n|switch|p2a: Heliolisk|Heliolisk, L50, M, shiny|76/100\n|-damage|p2a: Heliolisk|63/100|[from] Stealth Rock\n|turn|5\n|\n|t:|1776033238\n|move|p2a: Heliolisk|Dark Pulse|p1a: Dragapult\n|-supereffective|p1a: Dragapult|1\n|-crit|p1a: Dragapult\n|-damage|p1a: Dragapult|0 fnt\n|faint|p1a: Dragapult\n|move|p1b: Greninja|Ice Beam|p2a: Heliolisk\n|-start|p1b: Greninja|typechange|Ice|[from] ability: Protean\n|-damage|p2a: Heliolisk|11/100\n|move|p2b: Sneasler|Brick Break|p1b: Greninja\n|-supereffective|p1b: Greninja|1\n|-damage|p1b: Greninja|0 fnt\n|faint|p1b: Greninja\n|\n|win|drip fisto\n|raw|hyugacl's rating: 1031 &rarr; <strong>1017</strong><br />(-14 for losing)\n|raw|drip fisto's rating: 1054 &rarr; <strong>1084</strong><br />(+30 for winning)\n|l|\u2606hyugacl\n|player|p1|\n",
  "uploadtime": 1776033254,
  "views": 28,
  "formatid": "gen9championsvgc2026regma",
  "rating": 1017,
  "private": 0,
  "password": null
}