{
  "id": "gen9championsvgc2026regma-2585987458",
  "format": "[Gen 9 Champions] VGC 2026 Reg M-A",
  "players": [
    "CBNUN003",
    "97w5gej32"
  ],
  "log": "|j|\u2606CBNUN003\n|j|\u260697w5gej32\n|t:|1776387833\n|gametype|doubles\n|player|p1|CBNUN003|266|1093\n|player|p2|97w5gej32|gentleman-gen4dp|1040\n|gen|9\n|tier|[Gen 9 Champions] VGC 2026 Reg M-A\n|rated|\n|rule|Species Clause: Limit one of each Pok\u00e9mon\n|rule|Item Clause: Limit 1 of each item\n|clearpoke\n|poke|p1|Tyranitar, L50, F|\n|poke|p1|Gliscor, L50, F|\n|poke|p1|Aggron, L50, F|\n|poke|p1|Sableye, L50, M|\n|poke|p1|Sinistcha, L50|\n|poke|p1|Rotom-Wash, L50|\n|poke|p2|Gengar, L50, M|\n|poke|p2|Incineroar, L50, M|\n|poke|p2|Clefable, L50, F|\n|poke|p2|Sinistcha-Masterpiece, L50|\n|poke|p2|Meowscarada, L50, M|\n|poke|p2|Kommo-o, L50, M|\n|teampreview|4\n|\n|t:|1776387874\n|teamsize|p1|4\n|teamsize|p2|4\n|start\n|switch|p1a: Tyranitar|Tyranitar, L50, F|100/100\n|switch|p1b: Sableye|Sableye, L50, M|100/100\n|switch|p2a: Gengar|Gengar, L50, M|100/100\n|switch|p2b: Incineroar|Incineroar, L50, M|100/100\n|-weather|Sandstorm|[from] ability: Sand Stream|[of] p1a: Tyranitar\n|-ability|p2b: Incineroar|Intimidate|boost\n|-unboost|p1a: Tyranitar|atk|1\n|-unboost|p1b: Sableye|atk|1\n|turn|1\n|\n|t:|1776387923\n|detailschange|p2a: Gengar|Gengar-Mega, L50, M\n|-mega|p2a: Gengar|Gengar|Gengarite\n|detailschange|p1a: Tyranitar|Tyranitar-Mega, L50, F\n|-mega|p1a: Tyranitar|Tyranitar|Tyranitarite\n|move|p2b: Incineroar|Fake Out|p1a: Tyranitar\n|-resisted|p1a: Tyranitar|1\n|-damage|p1a: Tyranitar|98/100\n|move|p1b: Sableye|Fake Out|p2b: Incineroar\n|-damage|p2b: Incineroar|96/100\n|move|p2a: Gengar|Perish Song|p2a: Gengar\n|-start|p1a: Tyranitar|perish3|[silent]\n|-start|p1b: Sableye|perish3|[silent]\n|-start|p2a: Gengar|perish3|[silent]\n|-start|p2b: Incineroar|perish3|[silent]\n|-fieldactivate|move: Perish Song\n|cant|p1a: Tyranitar|flinch\n|\n|-weather|Sandstorm|[upkeep]\n|-damage|p2a: Gengar|95/100|[from] Sandstorm\n|-damage|p2b: Incineroar|90/100|[from] Sandstorm\n|-damage|p1b: Sableye|95/100|[from] Sandstorm\n|-start|p2a: Gengar|perish3\n|-start|p1a: Tyranitar|perish3\n|-start|p2b: Incineroar|perish3\n|-start|p1b: Sableye|perish3\n|upkeep\n|turn|2\n|\n|t:|1776387966\n|move|p2a: Gengar|Protect|p2a: Gengar\n|-singleturn|p2a: Gengar|Protect\n|move|p1b: Sableye|Quash|p2a: Gengar\n|-activate|p2a: Gengar|move: Protect\n|move|p1a: Tyranitar|Knock Off|p2a: Gengar\n|-activate|p2a: Gengar|move: Protect\n|move|p2b: Incineroar|Parting Shot|p1a: Tyranitar\n|-unboost|p1a: Tyranitar|atk|1\n|-unboost|p1a: Tyranitar|spa|1\n|\n|t:|1776387980\n|switch|p2b: Sinistcha|Sinistcha-Masterpiece, L50|100/100|[from] Parting Shot\n|-heal|p2a: Gengar|100/100|[from] ability: Hospitality|[of] p2b: Sinistcha\n|\n|-weather|Sandstorm|[upkeep]\n|-damage|p2a: Gengar|95/100|[from] Sandstorm\n|-damage|p2b: Sinistcha|94/100|[from] Sandstorm\n|-damage|p1b: Sableye|89/100|[from] Sandstorm\n|-start|p2a: Gengar|perish2\n|-start|p1a: Tyranitar|perish2\n|-start|p1b: Sableye|perish2\n|upkeep\n|turn|3\n|\n|t:|1776388011\n|move|p2a: Gengar|Protect|p2a: Gengar\n|-singleturn|p2a: Gengar|Protect\n|move|p2b: Sinistcha|Rage Powder|p2b: Sinistcha\n|-singleturn|p2b: Sinistcha|move: Rage Powder\n|move|p1b: Sableye|Encore|p2b: Sinistcha\n|-start|p2b: Sinistcha|Encore\n|move|p1a: Tyranitar|Rock Slide|p2a: Gengar|[spread] p2b\n|-activate|p2a: Gengar|move: Protect\n|-damage|p2b: Sinistcha|79/100\n|\n|-weather|Sandstorm|[upkeep]\n|-damage|p2a: Gengar|89/100|[from] Sandstorm\n|-damage|p2b: Sinistcha|72/100|[from] Sandstorm\n|-damage|p1b: Sableye|83/100|[from] Sandstorm\n|-start|p2a: Gengar|perish1\n|-start|p1a: Tyranitar|perish1\n|-start|p1b: Sableye|perish1\n|upkeep\n|turn|4\n|\n|t:|1776388055\n|switch|p2a: Meowscarada|Meowscarada, L50, M|100/100\n|move|p2b: Sinistcha|Rage Powder|p2b: Sinistcha\n|-singleturn|p2b: Sinistcha|move: Rage Powder\n|move|p1b: Sableye|Quash||[still]\n|-fail|p1b: Sableye\n|move|p1a: Tyranitar|Knock Off|p2b: Sinistcha\n|-supereffective|p2b: Sinistcha|1\n|-damage|p2b: Sinistcha|18/100\n|-enditem|p2b: Sinistcha|Occa Berry|[from] move: Knock Off|[of] p1a: Tyranitar\n|\n|-weather|Sandstorm|[upkeep]\n|-damage|p2a: Meowscarada|94/100|[from] Sandstorm\n|-damage|p2b: Sinistcha|12/100|[from] Sandstorm\n|-damage|p1b: Sableye|78/100|[from] Sandstorm\n|-start|p1a: Tyranitar|perish0\n|-start|p1b: Sableye|perish0\n|upkeep\n|faint|p1a: Tyranitar\n|faint|p1b: Sableye\n|\n|t:|1776388073\n|switch|p1a: Gliscor|Gliscor, L50, F|100/100\n|switch|p1b: Rotom|Rotom-Wash, L50|100/100\n|turn|5\n|\n|t:|1776388089\n|move|p2b: Sinistcha|Rage Powder|p2b: Sinistcha\n|-singleturn|p2b: Sinistcha|move: Rage Powder\n|move|p2a: Meowscarada|Flower Trick|p1b: Rotom\n|-start|p2a: Meowscarada|typechange|Grass|[from] ability: Protean\n|-supereffective|p1b: Rotom|1\n|-crit|p1b: Rotom\n|-damage|p1b: Rotom|0 fnt\n|faint|p1b: Rotom\n|move|p1a: Gliscor|Dual Wingbeat|p2b: Sinistcha\n|-supereffective|p2b: Sinistcha|1\n|-damage|p2b: Sinistcha|0 fnt\n|faint|p2b: Sinistcha\n|-hitcount|p2: Sinistcha|1\n|\n|-weather|none\n|upkeep\n|\n|t:|1776388099\n|switch|p2b: Incineroar|Incineroar, L50, M|90/100\n|-ability|p2b: Incineroar|Intimidate|boost\n|-fail|p1a: Gliscor|unboost|Attack|[from] ability: Hyper Cutter|[of] p1a: Gliscor\n|turn|6\n|\n|t:|1776388109\n|move|p1a: Gliscor|Protect|p1a: Gliscor\n|-singleturn|p1a: Gliscor|Protect\n|move|p2b: Incineroar|Fake Out|p1a: Gliscor\n|-activate|p1a: Gliscor|move: Protect\n|move|p2a: Meowscarada|Flower Trick|p1a: Gliscor\n|-activate|p1a: Gliscor|move: Protect\n|\n|upkeep\n|turn|7\n|\n|t:|1776388122\n|move|p2a: Meowscarada|Flower Trick|p1a: Gliscor\n|-crit|p1a: Gliscor\n|-damage|p1a: Gliscor|54/100\n|move|p1a: Gliscor|Dual Wingbeat|p2a: Meowscarada\n|-supereffective|p2a: Meowscarada|1\n|-damage|p2a: Meowscarada|41/100\n|-supereffective|p2a: Meowscarada|1\n|-damage|p2a: Meowscarada|0 fnt\n|faint|p2a: Meowscarada\n|-hitcount|p2: Meowscarada|2\n|move|p2b: Incineroar|Flare Blitz|p1a: Gliscor\n|-damage|p1a: Gliscor|15/100\n|-damage|p2b: Incineroar|78/100|[from] Recoil\n|\n|upkeep\n|\n|t:|1776388129\n|switch|p2a: Gengar|Gengar-Mega, L50, M|89/100\n|turn|8\n|\n|t:|1776388148\n|move|p2a: Gengar|Shadow Ball|p1a: Gliscor\n|-damage|p1a: Gliscor|0 fnt\n|faint|p1a: Gliscor\n|\n|win|97w5gej32\n|raw|CBNUN003's rating: 1093 &rarr; <strong>1065</strong><br />(-28 for losing)\n|raw|97w5gej32's rating: 1040 &rarr; <strong>1079</strong><br />(+39 for winning)\n|l|\u260697w5gej32\n|player|p2|\n",
  "uploadtime": 1776388155,
  "views": 17,
  "formatid": "gen9championsvgc2026regma",
  "rating": 1065,
  "private": 0,
  "password": null
}