{
  "id": "gen9championsvgc2026regma-2581751757",
  "format": "[Gen 9 Champions] VGC 2026 Reg M-A",
  "players": [
    "goodbyewinter22",
    "Mapache_zgz_Ant"
  ],
  "log": "|j|\u2606goodbyewinter22\n|j|\u203dMapache_zgz_Ant\n|t:|1776025633\n|gametype|doubles\n|player|p1|goodbyewinter22|102|1000\n|player|p2|Mapache_zgz_Ant|fisherman-gen4|1000\n|gen|9\n|tier|[Gen 9 Champions] VGC 2026 Reg M-A\n|rated|\n|rule|Species Clause: Limit one of each Pok\u00e9mon\n|rule|Item Clause: Limit 1 of each item\n|clearpoke\n|poke|p1|Tyranitar, L50, F|\n|poke|p1|Excadrill, L50, F|\n|poke|p1|Garchomp, L50, M|\n|poke|p1|Emolga, L50, F|\n|poke|p1|Aerodactyl, L50, F|\n|poke|p1|Rotom-Wash, L50|\n|poke|p2|Drampa, L50, F|\n|poke|p2|Camerupt, L50, M|\n|poke|p2|Decidueye, L50, F|\n|poke|p2|Forretress, L50, M|\n|poke|p2|Hydrapple, L50, M|\n|poke|p2|Azumarill, L50, M|\n|teampreview|4\n|\n|t:|1776025675\n|teamsize|p1|4\n|teamsize|p2|4\n|start\n|switch|p1a: Aerodactyl|Aerodactyl, L50, F|100/100\n|switch|p1b: Excadrill|Excadrill, L50, F|100/100\n|switch|p2a: Camerupt|Camerupt, L50, M|100/100\n|switch|p2b: Azumarill|Azumarill, L50, M|100/100\n|-ability|p1a: Aerodactyl|Unnerve\n|turn|1\n|\n|t:|1776025694\n|detailschange|p2a: Camerupt|Camerupt-Mega, L50, M\n|-mega|p2a: Camerupt|Camerupt|Cameruptite\n|move|p2b: Azumarill|Aqua Jet|p1b: Excadrill\n|-supereffective|p1b: Excadrill|1\n|-damage|p1b: Excadrill|49/100\n|move|p1b: Excadrill|Rock Slide|p2b: Azumarill|[spread] p2a,p2b\n|-crit|p2a: Camerupt\n|-damage|p2a: Camerupt|59/100\n|-damage|p2b: Azumarill|82/100\n|move|p1a: Aerodactyl|Rock Slide|p2a: Camerupt|[spread] p2a,p2b\n|-damage|p2a: Camerupt|23/100\n|-damage|p2b: Azumarill|58/100\n|cant|p2a: Camerupt|flinch\n|\n|upkeep\n|turn|2\n|\n|t:|1776025714\n|switch|p1b: Emolga|Emolga, L50, F|100/100\n|move|p2b: Azumarill|Aqua Jet|p1b: Emolga\n|-damage|p1b: Emolga|73/100\n|move|p1a: Aerodactyl|Rock Slide|p2a: Camerupt|[spread] p2a,p2b\n|-damage|p2a: Camerupt|0 fnt\n|-damage|p2b: Azumarill|34/100\n|faint|p2a: Camerupt\n|\n|upkeep\n|\n|t:|1776025727\n|switch|p2a: Decidueye|Decidueye, L50, F|100/100\n|turn|3\n|\n|t:|1776025735\n|switch|p2b: Forretress|Forretress, L50, M|100/100\n|move|p1a: Aerodactyl|Protect|p1a: Aerodactyl\n|-singleturn|p1a: Aerodactyl|Protect\n|move|p1b: Emolga|Discharge|p2a: Decidueye|[spread] p2a,p2b\n|-activate|p1a: Aerodactyl|move: Protect\n|-resisted|p2a: Decidueye|1\n|-damage|p2a: Decidueye|93/100\n|-damage|p2b: Forretress|71/100\n|move|p2a: Decidueye|Energy Ball|p1a: Aerodactyl\n|-activate|p1a: Aerodactyl|move: Protect\n|\n|-heal|p2b: Forretress|77/100|[from] item: Leftovers\n|upkeep\n|turn|4\n|\n|t:|1776025757\n|move|p1a: Aerodactyl|Sandstorm|p1a: Aerodactyl\n|-weather|Sandstorm\n|move|p1b: Emolga|Nuzzle|p2a: Decidueye\n|-resisted|p2a: Decidueye|1\n|-damage|p2a: Decidueye|89/100\n|-status|p2a: Decidueye|par\n|move|p2b: Forretress|Explosion|p1b: Emolga|[spread] p1a,p1b\n|-immune|p2a: Decidueye\n|-resisted|p1a: Aerodactyl|1\n|-damage|p1a: Aerodactyl|62/100\n|-damage|p1b: Emolga|0 fnt\n|faint|p2b: Forretress\n|faint|p1b: Emolga\n|move|p2a: Decidueye|Energy Ball|p1a: Aerodactyl\n|-damage|p1a: Aerodactyl|23/100\n|\n|-weather|Sandstorm|[upkeep]\n|-damage|p2a: Decidueye|83/100 par|[from] Sandstorm\n|upkeep\n|\n|t:|1776025772\n|switch|p1b: Garchomp|Garchomp, L50, M|100/100\n|switch|p2b: Azumarill|Azumarill, L50, M|34/100\n|turn|5\n|\n|t:|1776025782\n|detailschange|p1b: Garchomp|Garchomp-Mega, L50, M\n|-mega|p1b: Garchomp|Garchomp|Garchompite\n|move|p1a: Aerodactyl|Rock Slide|p2b: Azumarill|[spread] p2a,p2b\n|-damage|p2a: Decidueye|44/100 par\n|-damage|p2b: Azumarill|12/100\n|move|p1b: Garchomp|Rock Slide|p2b: Azumarill|[spread] p2a,p2b\n|-damage|p2a: Decidueye|0 fnt\n|-damage|p2b: Azumarill|0 fnt\n|faint|p2a: Decidueye\n|faint|p2b: Azumarill\n|\n|win|goodbyewinter22\n|raw|goodbyewinter22's rating: 1000 &rarr; <strong>1040</strong><br />(+40 for winning)\n|raw|Mapache_zgz_Ant's rating: 1000 &rarr; <strong>1000</strong><br />(+0 for losing)\n",
  "uploadtime": 1776025793,
  "views": 20,
  "formatid": "gen9championsvgc2026regma",
  "rating": 1000,
  "private": 0,
  "password": null
}