{
  "id": "gen9championsvgc2026regma-2583712305",
  "format": "[Gen 9 Champions] VGC 2026 Reg M-A",
  "players": [
    "HS player",
    "bastingbistory"
  ],
  "log": "|j|\u2606HS player\n|j|\u2606bastingbistory\n|t:|1776192615\n|gametype|doubles\n|player|p1|HS player|riley|1139\n|player|p2|bastingbistory|2|1126\n|gen|9\n|tier|[Gen 9 Champions] VGC 2026 Reg M-A\n|rated|\n|rule|Species Clause: Limit one of each Pok\u00e9mon\n|rule|Item Clause: Limit 1 of each item\n|clearpoke\n|poke|p1|Charizard, L50, M|\n|poke|p1|Venusaur, L50, M|\n|poke|p1|Ninetales, L50, F|\n|poke|p1|Gyarados, L50, F|\n|poke|p1|Tauros-Paldea-Blaze, L50, M|\n|poke|p1|Gengar, L50, M|\n|poke|p2|Samurott-Hisui, L50, M|\n|poke|p2|Venusaur, L50, F|\n|poke|p2|Jolteon, L50, M|\n|poke|p2|Toxapex, L50, M|\n|poke|p2|Torkoal, L50, M|\n|poke|p2|Oranguru, L50, F|\n|teampreview|4\n|inactive|Battle timer is ON: inactive players will automatically lose when time's up. (requested by HS player)\n|\n|t:|1776192661\n|teamsize|p1|4\n|teamsize|p2|4\n|start\n|switch|p1a: Charizard|Charizard, L50, M|100/100\n|switch|p1b: Tauros|Tauros-Paldea-Blaze, L50, M|100/100\n|switch|p2a: Samurott|Samurott-Hisui, L50, M|100/100\n|switch|p2b: Venusaur|Venusaur, L50, F|100/100\n|-ability|p1b: Tauros|Intimidate|boost\n|-unboost|p2a: Samurott|atk|1\n|-unboost|p2b: Venusaur|atk|1\n|turn|1\n|inactive|HS player has 30 seconds left.\n|inactive|bastingbistory has 30 seconds left.\n|\n|t:|1776192690\n|detailschange|p1a: Charizard|Charizard-Mega-Y, L50, M\n|-mega|p1a: Charizard|Charizard|Charizardite Y\n|-weather|SunnyDay|[from] ability: Drought|[of] p1a: Charizard\n|detailschange|p2b: Venusaur|Venusaur-Mega, L50, F\n|-mega|p2b: Venusaur|Venusaur|Venusaurite\n|move|p1b: Tauros|Protect|p1b: Tauros\n|-singleturn|p1b: Tauros|Protect\n|move|p2a: Samurott|Soak|p1a: Charizard\n|-start|p1a: Charizard|typechange|Water\n|move|p1a: Charizard|Heat Wave|p2b: Venusaur|[spread] p2b\n|-miss|p1a: Charizard|p2a: Samurott\n|-supereffective|p2b: Venusaur|1\n|-damage|p2b: Venusaur|67/100\n|move|p2b: Venusaur|Giga Drain|p1a: Charizard\n|-supereffective|p1a: Charizard|1\n|-damage|p1a: Charizard|36/100\n|-heal|p2b: Venusaur|94/100|[from] drain|[of] p1a: Charizard\n|\n|-weather|SunnyDay|[upkeep]\n|upkeep\n|turn|2\n|inactive|HS player has 30 seconds left.\n|inactive|bastingbistory has 30 seconds left.\n|\n|t:|1776192724\n|move|p2a: Samurott|Soak|p1b: Tauros\n|-start|p1b: Tauros|typechange|Water\n|move|p1a: Charizard|Overheat|p2b: Venusaur\n|-supereffective|p2b: Venusaur|1\n|-damage|p2b: Venusaur|30/100\n|-unboost|p1a: Charizard|spa|2\n|move|p1b: Tauros|Close Combat|p2a: Samurott\n|-supereffective|p2a: Samurott|1\n|-damage|p2a: Samurott|0 fnt\n|-unboost|p1b: Tauros|def|1\n|-unboost|p1b: Tauros|spd|1\n|faint|p2a: Samurott\n|move|p2b: Venusaur|Giga Drain|p1b: Tauros\n|-supereffective|p1b: Tauros|1\n|-crit|p1b: Tauros\n|-damage|p1b: Tauros|0 fnt\n|-heal|p2b: Venusaur|71/100|[from] drain|[of] p1b: Tauros\n|faint|p1b: Tauros\n|\n|-weather|SunnyDay|[upkeep]\n|upkeep\n|\n|t:|1776192746\n|switch|p2a: Jolteon|Jolteon, L50, M|100/100\n|switch|p1b: Venusaur|Venusaur, L50, M|100/100\n|turn|3\n|\n|t:|1776192761\n|move|p1a: Charizard|Protect|p1a: Charizard\n|-singleturn|p1a: Charizard|Protect\n|move|p1b: Venusaur|Sludge Bomb|p2b: Venusaur\n|-damage|p2b: Venusaur|38/100\n|move|p2a: Jolteon|Thunderbolt|p1a: Charizard\n|-activate|p1a: Charizard|move: Protect\n|move|p2b: Venusaur|Earth Power|p1b: Venusaur\n|-damage|p1b: Venusaur|72/100\n|\n|-weather|SunnyDay|[upkeep]\n|-heal|p1b: Venusaur|78/100|[from] item: Leftovers\n|upkeep\n|turn|4\n|\n|t:|1776192784\n|move|p2a: Jolteon|Detect|p2a: Jolteon\n|-singleturn|p2a: Jolteon|Protect\n|move|p1b: Venusaur|Sleep Powder|p2a: Jolteon\n|-activate|p2a: Jolteon|move: Protect\n|move|p1a: Charizard|Overheat|p2b: Venusaur\n|-supereffective|p2b: Venusaur|1\n|-damage|p2b: Venusaur|10/100\n|-unboost|p1a: Charizard|spa|2\n|move|p2b: Venusaur|Giga Drain|p1a: Charizard\n|-supereffective|p1a: Charizard|1\n|-damage|p1a: Charizard|0 fnt\n|-heal|p2b: Venusaur|25/100|[from] drain|[of] p1a: Charizard\n|faint|p1a: Charizard\n|\n|-weather|SunnyDay|[upkeep]\n|-heal|p1b: Venusaur|84/100|[from] item: Leftovers\n|upkeep\n|\n|t:|1776192802\n|switch|p1a: Gyarados|Gyarados, L50, F|100/100\n|-ability|p1a: Gyarados|Intimidate|boost\n|-unboost|p2a: Jolteon|atk|1\n|-unboost|p2b: Venusaur|atk|1\n|turn|5\n|\n|t:|1776192814\n|switch|p2a: Oranguru|Oranguru, L50, F|100/100\n|move|p1b: Venusaur|Protect|p1b: Venusaur\n|-singleturn|p1b: Venusaur|Protect\n|move|p1a: Gyarados|Earthquake|p2b: Venusaur|[spread] p2a,p2b\n|-activate|p1b: Venusaur|move: Protect\n|-damage|p2a: Oranguru|74/100\n|-damage|p2b: Venusaur|7/100\n|move|p2b: Venusaur|Leech Seed|p1a: Gyarados|[miss]\n|-miss|p2b: Venusaur|p1a: Gyarados\n|\n|-weather|none\n|-heal|p1b: Venusaur|90/100|[from] item: Leftovers\n|upkeep\n|turn|6\n|inactive|bastingbistory has 30 seconds left.\n|\n|t:|1776192840\n|move|p1a: Gyarados|Aqua Tail|p2a: Oranguru\n|-damage|p2a: Oranguru|26/100\n|move|p1b: Venusaur|Sludge Bomb|p2b: Venusaur\n|-damage|p2b: Venusaur|0 fnt\n|faint|p2b: Venusaur\n|move|p2a: Oranguru|Psychic Noise|p1b: Venusaur\n|-supereffective|p1b: Venusaur|1\n|-damage|p1b: Venusaur|38/100\n|-start|p1b: Venusaur|move: Heal Block\n|\n|upkeep\n|\n|t:|1776192850\n|switch|p2b: Jolteon|Jolteon, L50, M|100/100\n|turn|7\n|\n|t:|1776192860\n|move|p2b: Jolteon|Detect|p2b: Jolteon\n|-singleturn|p2b: Jolteon|Protect\n|move|p1b: Venusaur|Protect|p1b: Venusaur\n|-singleturn|p1b: Venusaur|Protect\n|move|p1a: Gyarados|Earthquake|p2a: Oranguru|[spread] p2a\n|-activate|p1b: Venusaur|move: Protect\n|-activate|p2b: Jolteon|move: Protect\n|-damage|p2a: Oranguru|0 fnt\n|faint|p2a: Oranguru\n|\n|-end|p1b: Venusaur|move: Heal Block\n|upkeep\n|turn|8\n|inactive|bastingbistory has 30 seconds left.\n|\n|t:|1776192888\n|move|p1a: Gyarados|Protect|p1a: Gyarados\n|-singleturn|p1a: Gyarados|Protect\n|move|p2b: Jolteon|Thunderbolt|p1a: Gyarados\n|-activate|p1a: Gyarados|move: Protect\n|move|p1b: Venusaur|Leaf Storm|p2b: Jolteon\n|-damage|p2b: Jolteon|28/100\n|-unboost|p1b: Venusaur|spa|2\n|\n|-heal|p1b: Venusaur|44/100|[from] item: Leftovers\n|upkeep\n|turn|9\n|\n|t:|1776192902\n|move|p1b: Venusaur|Protect|p1b: Venusaur\n|-singleturn|p1b: Venusaur|Protect\n|move|p2b: Jolteon|Thunderbolt|p1a: Gyarados\n|-supereffective|p1a: Gyarados|2\n|-enditem|p1a: Gyarados|Wacan Berry|[eat]\n|-enditem|p1a: Gyarados|Wacan Berry|[weaken]\n|-damage|p1a: Gyarados|4/100\n|move|p1a: Gyarados|Earthquake|p2b: Jolteon|[spread] p2b\n|-activate|p1b: Venusaur|move: Protect\n|-supereffective|p2b: Jolteon|1\n|-damage|p2b: Jolteon|0 fnt\n|faint|p2b: Jolteon\n|\n|win|HS player\n|raw|HS player's rating: 1139 &rarr; <strong>1163</strong><br />(+24 for winning)\n|raw|bastingbistory's rating: 1126 &rarr; <strong>1102</strong><br />(-24 for losing)\n|l|\u2606bastingbistory\n|player|p2|\n",
  "uploadtime": 1776192920,
  "views": 19,
  "formatid": "gen9championsvgc2026regma",
  "rating": 1102,
  "private": 0,
  "password": null
}