{
  "id": "gen9championsvgc2026regma-2583132957",
  "format": "[Gen 9 Champions] VGC 2026 Reg M-A",
  "players": [
    "ha4life",
    "lizardon0516"
  ],
  "log": "|j|\u2606ha4life\n|j|\u2606lizardon0516\n|t:|1776145985\n|gametype|doubles\n|player|p1|ha4life|1|1029\n|player|p2|lizardon0516|266|1111\n|gen|9\n|tier|[Gen 9 Champions] VGC 2026 Reg M-A\n|rated|\n|rule|Species Clause: Limit one of each Pok\u00e9mon\n|rule|Item Clause: Limit 1 of each item\n|clearpoke\n|poke|p1|Garchomp, L50, F|\n|poke|p1|Floette-Eternal, L50, F|\n|poke|p1|Corviknight, L50, F|\n|poke|p1|Maushold, L50|\n|poke|p1|Talonflame, L50, M|\n|poke|p1|Glimmora, L50, F|\n|poke|p2|Charizard, L50, M|\n|poke|p2|Milotic, L50, F|\n|poke|p2|Sinistcha, L50|\n|poke|p2|Incineroar, L50, M|\n|poke|p2|Sneasler, L50, M|\n|poke|p2|Aerodactyl, L50, F|\n|teampreview|4\n|inactive|Battle timer is ON: inactive players will automatically lose when time's up. (requested by lizardon0516)\n|\n|t:|1776146030\n|teamsize|p1|4\n|teamsize|p2|4\n|start\n|switch|p1a: Garchomp|Garchomp, L50, F|100/100\n|switch|p1b: Maushold|Maushold, L50|100/100\n|switch|p2a: Aerodactyl|Aerodactyl, L50, F, shiny|100/100\n|switch|p2b: Milotic|Milotic, L50, F, shiny|100/100\n|-ability|p2a: Aerodactyl|Unnerve\n|turn|1\n|l|\u2606lizardon0516\n|inactive|lizardon0516 disconnected and has a minute to reconnect!\n|player|p2|\n|j|\u2606lizardon0516\n|inactive|lizardon0516 reconnected and has 45 seconds left.\n|player|p2|lizardon0516|266|\n|\n|t:|1776146053\n|move|p1a: Garchomp|Protect|p1a: Garchomp\n|-singleturn|p1a: Garchomp|Protect\n|move|p2a: Aerodactyl|Tailwind|p2a: Aerodactyl\n|-sidestart|p2: lizardon0516|move: Tailwind\n|move|p2b: Milotic|Icy Wind|p1b: Maushold|[spread] p1b\n|-activate|p1a: Garchomp|move: Protect\n|-damage|p1b: Maushold|86/100\n|-unboost|p1b: Maushold|spe|1\n|move|p1b: Maushold|Super Fang|p2b: Milotic|[miss]\n|-miss|p1b: Maushold|p2b: Milotic\n|\n|upkeep\n|turn|2\n|inactive|ha4life has 30 seconds left.\n|inactive|ha4life has 20 seconds left.\n|\n|t:|1776146092\n|move|p2a: Aerodactyl|Dual Wingbeat|p1b: Maushold\n|-damage|p1b: Maushold|69/100\n|-damage|p1b: Maushold|51/100\n|-hitcount|p1b: Maushold|2\n|move|p2b: Milotic|Icy Wind|p1b: Maushold|[spread] p1b\n|-miss|p2b: Milotic|p1a: Garchomp\n|-damage|p1b: Maushold|36/100\n|-unboost|p1b: Maushold|spe|1\n|move|p1a: Garchomp|Rock Slide|p2b: Milotic|[spread] p2a,p2b\n|-supereffective|p2a: Aerodactyl|1\n|-crit|p2a: Aerodactyl\n|-damage|p2a: Aerodactyl|2/100\n|-damage|p2b: Milotic|78/100\n|move|p1b: Maushold|Super Fang|p2b: Milotic\n|-damage|p2b: Milotic|39/100\n|\n|-heal|p2b: Milotic|45/100|[from] item: Leftovers\n|upkeep\n|turn|3\n|inactive|ha4life has 30 seconds left.\n|inactive|ha4life has 20 seconds left.\n|\n|t:|1776146131\n|move|p1b: Maushold|Helping Hand|p1a: Garchomp\n|-singleturn|p1a: Garchomp|Helping Hand|[of] p1b: Maushold\n|move|p2a: Aerodactyl|Dual Wingbeat|p1b: Maushold\n|-damage|p1b: Maushold|20/100\n|-damage|p1b: Maushold|2/100\n|-hitcount|p1b: Maushold|2\n|move|p2b: Milotic|Icy Wind|p1a: Garchomp|[spread] p1a,p1b\n|-supereffective|p1a: Garchomp|2\n|-damage|p1a: Garchomp|65/100\n|-damage|p1b: Maushold|0 fnt\n|-unboost|p1a: Garchomp|spe|1\n|faint|p1b: Maushold\n|-enditem|p1a: Garchomp|White Herb\n|-clearnegativeboost|p1a: Garchomp|[silent]\n|move|p1a: Garchomp|Rock Slide|p2b: Milotic|[spread] p2a,p2b\n|-supereffective|p2a: Aerodactyl|1\n|-damage|p2a: Aerodactyl|0 fnt\n|-damage|p2b: Milotic|12/100\n|faint|p2a: Aerodactyl\n|\n|-heal|p2b: Milotic|18/100|[from] item: Leftovers\n|upkeep\n|\n|t:|1776146154\n|switch|p2a: Charizard|Charizard, L50, M, shiny|100/100\n|switch|p1b: Talonflame|Talonflame, L50, M|100/100\n|turn|4\n|inactive|ha4life has 30 seconds left.\n|inactive|ha4life has 20 seconds left.\n|inactive|ha4life has 15 seconds left.\n|\n|t:|1776146195\n|detailschange|p2a: Charizard|Charizard-Mega-X, L50, M, shiny\n|-mega|p2a: Charizard|Charizard|Charizardite X\n|move|p1b: Talonflame|Tailwind|p1b: Talonflame\n|-sidestart|p1: ha4life|move: Tailwind\n|move|p1a: Garchomp|Earthquake|p2a: Charizard|[spread] p2a,p2b\n|-immune|p1b: Talonflame\n|-supereffective|p2a: Charizard|1\n|-damage|p2a: Charizard|17/100\n|-damage|p2b: Milotic|0 fnt\n|faint|p2b: Milotic\n|move|p2a: Charizard|Dragon Claw|p1a: Garchomp\n|-supereffective|p1a: Garchomp|1\n|-damage|p1a: Garchomp|0 fnt\n|-damage|p2a: Charizard|5/100|[from] ability: Rough Skin|[of] p1a: Garchomp\n|faint|p1a: Garchomp\n|\n|-sideend|p2: lizardon0516|move: Tailwind\n|upkeep\n|\n|t:|1776146208\n|switch|p1a: Floette|Floette-Eternal, L50, F|100/100\n|switch|p2b: Sneasler|Sneasler, L50, M|100/100\n|turn|5\n|\n|t:|1776146228\n|detailschange|p1a: Floette|Floette-Mega, L50, F\n|-mega|p1a: Floette|Floette|Floettite\n|-ability|p1a: Floette|Fairy Aura\n|move|p1b: Talonflame|Protect|p1b: Talonflame\n|-singleturn|p1b: Talonflame|Protect\n|move|p1a: Floette|Protect|p1a: Floette\n|-singleturn|p1a: Floette|Protect\n|move|p2b: Sneasler|Dire Claw|p1a: Floette\n|-activate|p1a: Floette|move: Protect\n|move|p2a: Charizard|Dragon Claw|p1b: Talonflame\n|-activate|p1b: Talonflame|move: Protect\n|\n|upkeep\n|turn|6\n|\n|t:|1776146248\n|move|p1b: Talonflame|Brave Bird|p2b: Sneasler\n|-supereffective|p2b: Sneasler|1\n|-damage|p2b: Sneasler|0 fnt\n|faint|p2b: Sneasler\n|-damage|p1b: Talonflame|67/100|[from] Recoil\n|move|p1a: Floette|Dazzling Gleam|p2a: Charizard\n|-damage|p2a: Charizard|0 fnt\n|faint|p2a: Charizard\n|\n|win|ha4life\n|raw|ha4life's rating: 1029 &rarr; <strong>1073</strong><br />(+44 for winning)\n|raw|lizardon0516's rating: 1111 &rarr; <strong>1080</strong><br />(-31 for losing)\n",
  "uploadtime": 1776146254,
  "views": 25,
  "formatid": "gen9championsvgc2026regma",
  "rating": 1073,
  "private": 0,
  "password": null
}