{
  "id": "gen9championsvgc2026regma-2583670463",
  "format": "[Gen 9 Champions] VGC 2026 Reg M-A",
  "players": [
    "poilpoip",
    "MikeTitan"
  ],
  "log": "|j|\u2606poilpoip\n|j|\u2606MikeTitan\n|t:|1776190018\n|gametype|doubles\n|player|p1|poilpoip|1|1285\n|player|p2|MikeTitan|blaine|1250\n|gen|9\n|tier|[Gen 9 Champions] VGC 2026 Reg M-A\n|rated|\n|rule|Species Clause: Limit one of each Pok\u00e9mon\n|rule|Item Clause: Limit 1 of each item\n|clearpoke\n|poke|p1|Glimmora, L50, F|\n|poke|p1|Incineroar, L50, F|\n|poke|p1|Sinistcha, L50|\n|poke|p1|Milotic, L50, F|\n|poke|p1|Farigiraf, L50, M|\n|poke|p1|Mamoswine, L50, M|\n|poke|p2|Scizor, L50, M|\n|poke|p2|Glimmora, L50, F|\n|poke|p2|Basculegion, L50, M|\n|poke|p2|Incineroar, L50, F|\n|poke|p2|Sinistcha, L50|\n|poke|p2|Pelipper, L50, M|\n|teampreview|4\n|\n|t:|1776190065\n|teamsize|p1|4\n|teamsize|p2|4\n|start\n|switch|p1a: Sinistcha|Sinistcha, L50|100/100\n|switch|p1b: Glimmora|Glimmora, L50, F|100/100\n|switch|p2a: Scizor|Scizor, L50, M, shiny|100/100\n|switch|p2b: Glimmora|Glimmora, L50, F, shiny|100/100\n|turn|1\n|\n|t:|1776190095\n|detailschange|p1b: Glimmora|Glimmora-Mega, L50, F\n|-mega|p1b: Glimmora|Glimmora|Glimmoranite\n|detailschange|p2a: Scizor|Scizor-Mega, L50, M, shiny\n|-mega|p2a: Scizor|Scizor|Scizorite\n|move|p1a: Sinistcha|Rage Powder|p1a: Sinistcha\n|-singleturn|p1a: Sinistcha|move: Rage Powder\n|move|p2b: Glimmora|Earth Power|p1a: Sinistcha\n|-resisted|p1a: Sinistcha|1\n|-damage|p1a: Sinistcha|82/100\n|move|p1b: Glimmora|Power Gem|p2a: Scizor\n|-crit|p2a: Scizor\n|-damage|p2a: Scizor|24/100\n|move|p2a: Scizor|Bug Bite|p1a: Sinistcha\n|-damage|p1a: Sinistcha|42/100\n|-enditem|p1a: Sinistcha|Occa Berry|[from] stealeat|[move] Bug Bite|[of] p2a: Scizor\n|\n|upkeep\n|turn|2\n|\n|t:|1776190115\n|switch|p2b: Sinistcha|Sinistcha, L50|100/100\n|-heal|p2a: Scizor|49/100|[from] ability: Hospitality|[of] p2b: Sinistcha\n|move|p2a: Scizor|Protect|p2a: Scizor\n|-singleturn|p2a: Scizor|Protect\n|move|p1a: Sinistcha|Rage Powder|p1a: Sinistcha\n|-singleturn|p1a: Sinistcha|move: Rage Powder\n|move|p1b: Glimmora|Power Gem|p2a: Scizor\n|-activate|p2a: Scizor|move: Protect\n|\n|upkeep\n|turn|3\n|\n|t:|1776190138\n|switch|p2a: Glimmora|Glimmora, L50, F, shiny|100/100\n|switch|p1a: Incineroar|Incineroar, L50, F|100/100\n|-ability|p1a: Incineroar|Intimidate|boost\n|-unboost|p2a: Glimmora|atk|1\n|-unboost|p2b: Sinistcha|atk|1\n|move|p1b: Glimmora|Spiky Shield|p1b: Glimmora\n|-singleturn|p1b: Glimmora|move: Protect\n|move|p2b: Sinistcha|Matcha Gotcha|p1b: Glimmora|[spread] p1a\n|-activate|p1b: Glimmora|move: Protect\n|-resisted|p1a: Incineroar|1\n|-damage|p1a: Incineroar|90/100\n|\n|upkeep\n|turn|4\n|\n|t:|1776190172\n|move|p1a: Incineroar|Fake Out|p2a: Glimmora\n|-resisted|p2a: Glimmora|1\n|-damage|p2a: Glimmora|94/100\n|-activate|p2a: Glimmora|ability: Toxic Debris\n|-sidestart|p1: poilpoip|move: Toxic Spikes\n|cant|p2a: Glimmora|flinch\n|move|p1b: Glimmora|Sludge Bomb|p2b: Sinistcha\n|-damage|p2b: Sinistcha|42/100\n|-status|p2b: Sinistcha|psn\n|move|p2b: Sinistcha|Matcha Gotcha|p1a: Incineroar|[spread] p1b\n|-miss|p2b: Sinistcha|p1a: Incineroar\n|-damage|p1b: Glimmora|71/100\n|-heal|p2b: Sinistcha|55/100 psn|[from] drain|[of] p1b: Glimmora\n|-status|p1b: Glimmora|brn\n|\n|-heal|p2b: Sinistcha|61/100 psn|[from] item: Leftovers\n|-damage|p2b: Sinistcha|49/100 psn|[from] psn\n|-damage|p1b: Glimmora|66/100 brn|[from] brn\n|upkeep\n|turn|5\n|\n|t:|1776190209\n|switch|p2b: Scizor|Scizor-Mega, L50, M, shiny|49/100\n|move|p1b: Glimmora|Spiky Shield|p1b: Glimmora\n|-singleturn|p1b: Glimmora|move: Protect\n|move|p2a: Glimmora|Power Gem|p1a: Incineroar\n|-supereffective|p1a: Incineroar|1\n|-damage|p1a: Incineroar|14/100\n|-enditem|p1a: Incineroar|Sitrus Berry|[eat]\n|-heal|p1a: Incineroar|39/100|[from] item: Sitrus Berry\n|move|p1a: Incineroar|Parting Shot|p2a: Glimmora\n|-unboost|p2a: Glimmora|atk|1\n|-unboost|p2a: Glimmora|spa|1\n|\n|t:|1776190223\n|switch|p1a: Sinistcha|Sinistcha, L50|42/100|[from] Parting Shot\n|-status|p1a: Sinistcha|psn\n|-heal|p1b: Glimmora|90/100 brn|[from] ability: Hospitality|[of] p1a: Sinistcha\n|\n|-damage|p1a: Sinistcha|29/100 psn|[from] psn\n|-damage|p1b: Glimmora|85/100 brn|[from] brn\n|upkeep\n|turn|6\n|\n|t:|1776190245\n|switch|p2a: Sinistcha|Sinistcha, L50|49/100 psn\n|-heal|p2b: Scizor|74/100|[from] ability: Hospitality|[of] p2a: Sinistcha\n|move|p1a: Sinistcha|Rage Powder|p1a: Sinistcha\n|-singleturn|p1a: Sinistcha|move: Rage Powder\n|move|p1b: Glimmora|Earth Power|p2a: Sinistcha\n|-resisted|p2a: Sinistcha|1\n|-damage|p2a: Sinistcha|33/100 psn\n|move|p2b: Scizor|Bug Bite|p1a: Sinistcha\n|-damage|p1a: Sinistcha|0 fnt\n|faint|p1a: Sinistcha\n|\n|-heal|p2a: Sinistcha|39/100 psn|[from] item: Leftovers\n|-damage|p2a: Sinistcha|26/100 psn|[from] psn\n|-damage|p1b: Glimmora|79/100 brn|[from] brn\n|upkeep\n|\n|t:|1776190255\n|switch|p1a: Incineroar|Incineroar, L50, F|39/100\n|-status|p1a: Incineroar|psn\n|-ability|p1a: Incineroar|Intimidate|boost\n|-unboost|p2a: Sinistcha|atk|1\n|-unboost|p2b: Scizor|atk|1\n|turn|7\n|\n|t:|1776190267\n|switch|p2a: Glimmora|Glimmora, L50, F, shiny|94/100\n|move|p2b: Scizor|Protect|p2b: Scizor\n|-singleturn|p2b: Scizor|Protect\n|move|p1b: Glimmora|Power Gem|p2a: Glimmora\n|-damage|p2a: Glimmora|10/100\n|move|p1a: Incineroar|Flare Blitz|p2b: Scizor\n|-activate|p2b: Scizor|move: Protect\n|\n|-damage|p1a: Incineroar|27/100 psn|[from] psn\n|-damage|p1b: Glimmora|73/100 brn|[from] brn\n|upkeep\n|turn|8\n|\n|t:|1776190289\n|switch|p1b: Milotic|Milotic, L50, F|100/100\n|-status|p1b: Milotic|psn\n|move|p2b: Scizor|Bullet Punch|p1b: Milotic\n|-resisted|p1b: Milotic|1\n|-damage|p1b: Milotic|89/100 psn\n|move|p2a: Glimmora|Earth Power|p1a: Incineroar\n|-supereffective|p1a: Incineroar|1\n|-damage|p1a: Incineroar|0 fnt\n|faint|p1a: Incineroar\n|\n|-heal|p1b: Milotic|95/100 psn|[from] item: Leftovers\n|-damage|p1b: Milotic|83/100 psn|[from] psn\n|upkeep\n|\n|t:|1776190296\n|switch|p1a: Glimmora|Glimmora-Mega, L50, F|73/100 brn\n|-sideend|p1: poilpoip|move: Toxic Spikes|[of] p1a: Glimmora\n|turn|9\n|\n|t:|1776190319\n|move|p1a: Glimmora|Spiky Shield|p1a: Glimmora\n|-singleturn|p1a: Glimmora|move: Protect\n|move|p2a: Glimmora|Earth Power|p1a: Glimmora\n|-activate|p1a: Glimmora|move: Protect\n|move|p1b: Milotic|Icy Wind|p2a: Glimmora|[spread] p2a,p2b\n|-resisted|p2b: Scizor|1\n|-damage|p2a: Glimmora|0 fnt\n|-damage|p2b: Scizor|69/100\n|-unboost|p2b: Scizor|spe|1\n|faint|p2a: Glimmora\n|move|p2b: Scizor|Swords Dance|p2b: Scizor\n|-boost|p2b: Scizor|atk|2\n|\n|-heal|p1b: Milotic|89/100 psn|[from] item: Leftovers\n|-damage|p1b: Milotic|76/100 psn|[from] psn\n|-damage|p1a: Glimmora|68/100 brn|[from] brn\n|upkeep\n|\n|t:|1776190334\n|switch|p2a: Sinistcha|Sinistcha, L50|26/100 psn\n|-heal|p2b: Scizor|94/100|[from] ability: Hospitality|[of] p2a: Sinistcha\n|turn|10\n|\n|t:|1776190340\n|move|p1a: Glimmora|Spiky Shield||[still]\n|-fail|p1a: Glimmora\n|move|p2b: Scizor|Bullet Punch|p1a: Glimmora\n|-supereffective|p1a: Glimmora|1\n|-damage|p1a: Glimmora|0 fnt\n|faint|p1a: Glimmora\n|move|p1b: Milotic|Breaking Swipe|p2b: Scizor|[spread] p2a,p2b\n|-resisted|p2b: Scizor|1\n|-damage|p2a: Sinistcha|21/100 psn\n|-damage|p2b: Scizor|92/100\n|-unboost|p2a: Sinistcha|atk|1\n|-unboost|p2b: Scizor|atk|1\n|move|p2a: Sinistcha|Matcha Gotcha|p1b: Milotic\n|-supereffective|p1b: Milotic|1\n|-damage|p1b: Milotic|23/100 psn\n|-heal|p2a: Sinistcha|51/100 psn|[from] drain|[of] p1b: Milotic\n|\n|-heal|p1b: Milotic|29/100 psn|[from] item: Leftovers\n|-heal|p2a: Sinistcha|57/100 psn|[from] item: Leftovers\n|-damage|p1b: Milotic|16/100 psn|[from] psn\n|-damage|p2a: Sinistcha|45/100 psn|[from] psn\n|upkeep\n|turn|11\n|\n|t:|1776190360\n|move|p1b: Milotic|Scald|p2b: Scizor\n|-damage|p2b: Scizor|63/100\n|move|p2a: Sinistcha|Matcha Gotcha|p1b: Milotic\n|-supereffective|p1b: Milotic|1\n|-damage|p1b: Milotic|0 fnt\n|-heal|p2a: Sinistcha|54/100 psn|[from] drain|[of] p1b: Milotic\n|faint|p1b: Milotic\n|\n|win|MikeTitan\n|raw|poilpoip's rating: 1285 &rarr; <strong>1257</strong><br />(-28 for losing)\n|raw|MikeTitan's rating: 1250 &rarr; <strong>1278</strong><br />(+28 for winning)\n|l|\u2606poilpoip\n|player|p1|\n",
  "uploadtime": 1776190378,
  "views": 24,
  "formatid": "gen9championsvgc2026regma",
  "rating": 1257,
  "private": 0,
  "password": null
}