{
  "id": "gen9championsvgc2026regma-2580770942",
  "format": "[Gen 9 Champions] VGC 2026 Reg M-A",
  "players": [
    "amerillo",
    "liartherapist"
  ],
  "log": "|j|\u2606amerillo\n|j|\u2606liartherapist\n|t:|1775931126\n|gametype|doubles\n|player|p1|amerillo|proton|1104\n|player|p2|liartherapist|101|1000\n|gen|9\n|tier|[Gen 9 Champions] VGC 2026 Reg M-A\n|rated|\n|rule|Species Clause: Limit one of each Pok\u00e9mon\n|rule|Item Clause: Limit 1 of each item\n|clearpoke\n|poke|p1|Incineroar, L50, F|\n|poke|p1|Infernape, L50, F|\n|poke|p1|Altaria, L50, F|\n|poke|p1|Rotom-Wash, L50|\n|poke|p1|Victreebel, L50, F|\n|poke|p1|Kingambit, L50, F|\n|poke|p2|Aggron, L50, M|\n|poke|p2|Torkoal, L50, M|\n|poke|p2|Conkeldurr, L50, M|\n|poke|p2|Gallade, L50, M|\n|poke|p2|Mimikyu, L50, M|\n|poke|p2|Primarina, L50, M|\n|teampreview|4\n|c|\u2606amerillo|Glhf\namerillo has agreed to open team sheets.\n|inactive|Battle timer is ON: inactive players will automatically lose when time's up. (requested by amerillo)\nliartherapist has agreed to open team sheets.\n|showteam|p1|Incineroar||Leftovers|Intimidate|FakeOut,PartingShot,FlareBlitz,DarkestLariat|||F|||50|]Infernape||WhiteHerb|Blaze|CloseCombat,KnockOff,Protect,FlareBlitz|||F|||50|]Altaria||Altarianite|CloudNine|HyperVoice,Protect,FireBlast,Tailwind|||F|||50|]Rotom-Wash||ChoiceScarf|Levitate|HydroPump,VoltSwitch,Trick,Thunderbolt||||||50|]Victreebel||QuickClaw|Chlorophyll|PoisonJab,KnockOff,PowerWhip,SleepPowder|||F|||50|]Kingambit||FocusSash|Defiant|KowtowCleave,SuckerPunch,IronHead,Protect|||F|||50|\n|showteam|p2|Aggron||Aggronite|HeavyMetal|BodySlam,BodyPress,Earthquake,IronDefense|||M|||50|]Torkoal||Charcoal|Drought|WillOWisp,Eruption,SolarBeam,Protect|||M|||50|]Conkeldurr||BlackBelt|Guts|Facade,CloseCombat,Protect,KnockOff|||M|||50|]Gallade||FocusSash|Sharpness|PsychoCut,SacredSword,TrickRoom,NightSlash|||M|||50|]Mimikyu||KasibBerry|Disguise|TrickRoom,Curse,PlayRough,PhantomForce|||M|||50|]Primarina||MysticWater|LiquidVoice|SparklingAria,DazzlingGleam,HelpingHand,Protect|||M|||50|\n|\n|t:|1775931169\n|teamsize|p1|4\n|teamsize|p2|4\n|start\n|switch|p1a: Rotom|Rotom-Wash, L50|100/100\n|switch|p1b: Incineroar|Incineroar, L50, F|100/100\n|switch|p2a: Gallade|Gallade, L50, M|100/100\n|switch|p2b: Torkoal|Torkoal, L50, M|100/100\n|-ability|p1b: Incineroar|Intimidate|boost\n|-unboost|p2a: Gallade|atk|1\n|-unboost|p2b: Torkoal|atk|1\n|-weather|SunnyDay|[from] ability: Drought|[of] p2b: Torkoal\n|turn|1\n|inactive|amerillo has 30 seconds left.\n|inactive|liartherapist has 30 seconds left.\n|\n|t:|1775931204\n|move|p1b: Incineroar|Fake Out|p2a: Gallade\n|-damage|p2a: Gallade|83/100\n|move|p1a: Rotom|Volt Switch|p2b: Torkoal\n|-damage|p2b: Torkoal|51/100\n|\n|t:|1775931210\n|switch|p1a: Altaria|Altaria, L50, F|100/100|[from] Volt Switch\n|-ability|p1a: Altaria|Cloud Nine\n|cant|p2a: Gallade|flinch\n|move|p2b: Torkoal|Solar Beam||[still]\n|-prepare|p2b: Torkoal|Solar Beam\n|\n|-weather|SunnyDay|[upkeep]\n|upkeep\n|turn|2\n|inactive|amerillo has 30 seconds left.\n|\n|t:|1775931238\n|detailschange|p1a: Altaria|Altaria-Mega, L50, F\n|-mega|p1a: Altaria|Altaria|Altarianite\n|move|p1a: Altaria|Hyper Voice|p2b: Torkoal|[spread] p2a,p2b\n|-supereffective|p2a: Gallade|1\n|-resisted|p2b: Torkoal|1\n|-damage|p2a: Gallade|14/100\n|-damage|p2b: Torkoal|26/100\n|move|p1b: Incineroar|Darkest Lariat|p2b: Torkoal\n|-damage|p2b: Torkoal|0 fnt\n|faint|p2b: Torkoal\n|move|p2a: Gallade|Trick Room|p2a: Gallade\n|-fieldstart|move: Trick Room|[of] p2a: Gallade\n|\n|-weather|SunnyDay|[upkeep]\n|upkeep\n|\n|t:|1775931251\n|switch|p2b: Aggron|Aggron, L50, M|100/100\n|turn|3\n|\n|t:|1775931276\n|switch|p1b: Victreebel|Victreebel, L50, F|100/100\n|detailschange|p2b: Aggron|Aggron-Mega, L50, M\n|-mega|p2b: Aggron|Aggron|Aggronite\n|move|p1a: Altaria|Protect|p1a: Altaria\n|-singleturn|p1a: Altaria|Protect\n|move|p2b: Aggron|Iron Defense|p2b: Aggron\n|-boost|p2b: Aggron|def|2\n|move|p2a: Gallade|Sacred Sword|p1b: Victreebel\n|-resisted|p1b: Victreebel|1\n|-damage|p1b: Victreebel|64/100\n|\n|-weather|SunnyDay|[upkeep]\n|upkeep\n|turn|4\n|inactive|liartherapist has 30 seconds left.\n|inactive|liartherapist has 20 seconds left.\n|\n|t:|1775931312\n|switch|p1a: Incineroar|Incineroar, L50, F|100/100\n|-ability|p1a: Incineroar|Intimidate|boost\n|-unboost|p2a: Gallade|atk|1\n|-unboost|p2b: Aggron|atk|1\n|move|p2b: Aggron|Body Slam|p1a: Incineroar\n|-damage|p1a: Incineroar|83/100\n|move|p2a: Gallade|Psycho Cut|p1b: Victreebel\n|-supereffective|p1b: Victreebel|1\n|-damage|p1b: Victreebel|0 fnt\n|faint|p1b: Victreebel\n|\n|-weather|SunnyDay|[upkeep]\n|-heal|p1a: Incineroar|89/100|[from] item: Leftovers\n|upkeep\n|\n|t:|1775931331\n|switch|p1b: Altaria|Altaria-Mega, L50, F|100/100\n|turn|5\n|\n|t:|1775931352\n|switch|p2a: Primarina|Primarina, L50, M|100/100\n|move|p1a: Incineroar|Fake Out|p2b: Aggron\n|-resisted|p2b: Aggron|1\n|-damage|p2b: Aggron|99/100\n|cant|p2b: Aggron|flinch\n|move|p1b: Altaria|Hyper Voice|p2b: Aggron|[spread] p2a,p2b\n|-resisted|p2b: Aggron|1\n|-damage|p2a: Primarina|64/100\n|-damage|p2b: Aggron|75/100\n|\n|-weather|none\n|-heal|p1a: Incineroar|95/100|[from] item: Leftovers\n|upkeep\n|turn|6\n|inactive|liartherapist has 30 seconds left.\n|\n|t:|1775931377\n|switch|p1a: Rotom|Rotom-Wash, L50|100/100\n|move|p1b: Altaria|Protect|p1b: Altaria\n|-singleturn|p1b: Altaria|Protect\n|move|p2b: Aggron|Earthquake|p1a: Rotom|[spread] p2a\n|-activate|p1b: Altaria|move: Protect\n|-immune|p1a: Rotom|[from] ability: Levitate\n|-damage|p2a: Primarina|45/100\n|move|p2a: Primarina|Dazzling Gleam|p1b: Altaria|[spread] p1a\n|-activate|p1b: Altaria|move: Protect\n|-damage|p1a: Rotom|62/100\n|\n|-fieldend|move: Trick Room\n|upkeep\n|turn|7\n|inactive|liartherapist has 30 seconds left.\n|inactive|liartherapist has 20 seconds left.\n|\n|t:|1775931417\n|move|p1a: Rotom|Thunderbolt|p2a: Primarina\n|-supereffective|p2a: Primarina|1\n|-damage|p2a: Primarina|0 fnt\n|faint|p2a: Primarina\n|move|p1b: Altaria|Fire Blast|p2b: Aggron\n|-supereffective|p2b: Aggron|1\n|-damage|p2b: Aggron|7/100\n|move|p2b: Aggron|Iron Defense|p2b: Aggron\n|-boost|p2b: Aggron|def|2\n|\n|upkeep\n|\n|t:|1775931426\n|switch|p2a: Gallade|Gallade, L50, M|14/100\n|turn|8\n|c|\u2606liartherapist|gg\n|c|\u2606liartherapist|nice read on the rotom swap\n|\n|t:|1775931448\n|move|p1a: Rotom|Thunderbolt|p2b: Aggron\n|-damage|p2b: Aggron|0 fnt\n|faint|p2b: Aggron\n|move|p1b: Altaria|Hyper Voice|p2a: Gallade\n|-supereffective|p2a: Gallade|1\n|-damage|p2a: Gallade|0 fnt\n|faint|p2a: Gallade\n|\n|win|amerillo\n|raw|amerillo's rating: 1104 &rarr; <strong>1122</strong><br />(+18 for winning)\n|raw|liartherapist's rating: 1000 &rarr; <strong>1000</strong><br />(+0 for losing)\n|l|\u2606liartherapist\n|player|p2|\n|c|\u2606amerillo|Gg\n",
  "uploadtime": 1775931471,
  "views": 20,
  "formatid": "gen9championsvgc2026regma",
  "rating": 1000,
  "private": 0,
  "password": null
}