{
  "id": "gen9championsvgc2026regma-2582938044",
  "format": "[Gen 9 Champions] VGC 2026 Reg M-A",
  "players": [
    "SPINAL133",
    "lucena11"
  ],
  "log": "|j|\u2606SPINAL133\n|j|\u2606lucena11\n|t:|1776126670\n|gametype|doubles\n|player|p1|SPINAL133|rocketgrunt|1000\n|player|p2|lucena11|101|1065\n|gen|9\n|tier|[Gen 9 Champions] VGC 2026 Reg M-A\n|rated|\n|rule|Species Clause: Limit one of each Pok\u00e9mon\n|rule|Item Clause: Limit 1 of each item\n|clearpoke\n|poke|p1|Gardevoir, L50, M|\n|poke|p1|Sneasler, L50, M|\n|poke|p1|Meowscarada, L50, F|\n|poke|p1|Delphox, L50, F|\n|poke|p1|Milotic, L50, M|\n|poke|p1|Kingambit, L50, M|\n|poke|p2|Basculegion, L50, M|\n|poke|p2|Incineroar, L50, M|\n|poke|p2|Froslass, L50, F|\n|poke|p2|Orthworm, L50, M|\n|poke|p2|Garchomp, L50, F|\n|poke|p2|Rotom-Frost, L50|\n|teampreview|4\nSPINAL133 has agreed to open team sheets.\n|\n|t:|1776126703\n|teamsize|p1|4\n|teamsize|p2|4\n|start\n|switch|p1a: Gardevoir|Gardevoir, L50, M, shiny|100/100\n|switch|p1b: Milotic|Milotic, L50, M, shiny|100/100\n|switch|p2a: Orthworm|Orthworm, L50, M|100/100\n|switch|p2b: Garchomp|Garchomp, L50, F|100/100\n|-ability|p1a: Gardevoir|Earth Eater|Trace|[from] ability: Trace|[of] p2a: Orthworm\n|turn|1\n|\n|t:|1776126731\n|move|p2b: Garchomp|Protect|p2b: Garchomp\n|-singleturn|p2b: Garchomp|Protect\n|move|p1a: Gardevoir|Protect|p1a: Gardevoir\n|-singleturn|p1a: Gardevoir|Protect\n|move|p1b: Milotic|Ice Beam|p2b: Garchomp\n|-activate|p2b: Garchomp|move: Protect\n|move|p2a: Orthworm|Shed Tail|p2a: Orthworm\n|-start|p2a: Orthworm|Substitute|[from] move: Shed Tail\n|-damage|p2a: Orthworm|50/100\n|-enditem|p2a: Orthworm|Sitrus Berry|[eat]\n|-heal|p2a: Orthworm|75/100|[from] item: Sitrus Berry\n|\n|t:|1776126742\n|switch|p2a: Froslass|Froslass, L50, F, shiny|100/100|[from] Shed Tail\n|\n|upkeep\n|turn|2\n|c|\u2606SPINAL133|Crap\n|\n|t:|1776126764\n|switch|p2b: Orthworm|Orthworm, L50, M|75/100\n|detailschange|p2a: Froslass|Froslass-Mega, L50, F, shiny\n|-mega|p2a: Froslass|Froslass|Froslassite\n|-weather|Snowscape|[from] ability: Snow Warning|[of] p2a: Froslass\n|detailschange|p1a: Gardevoir|Gardevoir-Mega, L50, M, shiny\n|-mega|p1a: Gardevoir|Gardevoir|Gardevoirite\n|move|p1b: Milotic|Helping Hand|p1a: Gardevoir\n|-singleturn|p1a: Gardevoir|Helping Hand|[of] p1b: Milotic\n|move|p2a: Froslass|Shadow Ball|p1a: Gardevoir\n|-supereffective|p1a: Gardevoir|1\n|-damage|p1a: Gardevoir|35/100\n|move|p1a: Gardevoir|Hyper Voice|p2a: Froslass|[spread] p2a,p2b\n|-resisted|p2b: Orthworm|1\n|-damage|p2a: Froslass|2/100\n|-damage|p2b: Orthworm|12/100\n|\n|-weather|Snowscape|[upkeep]\n|upkeep\n|turn|3\n|\n|t:|1776126799\n|switch|p2b: Garchomp|Garchomp, L50, F|100/100\n|move|p1a: Gardevoir|Protect|p1a: Gardevoir\n|-singleturn|p1a: Gardevoir|Protect\n|move|p2a: Froslass|Shadow Ball|p1a: Gardevoir\n|-activate|p1a: Gardevoir|move: Protect\n|move|p1b: Milotic|Ice Beam|p2a: Froslass\n|-resisted|p2a: Froslass|1\n|-activate|p2a: Froslass|move: Substitute|[damage]\n|\n|-weather|Snowscape|[upkeep]\n|upkeep\n|turn|4\n|\n|t:|1776126820\n|switch|p1a: Kingambit|Kingambit, L50, M, shiny|100/100\n|move|p2a: Froslass|Shadow Ball|p1a: Kingambit\n|-resisted|p1a: Kingambit|1\n|-damage|p1a: Kingambit|80/100\n|move|p2b: Garchomp|Dragon Claw|p1b: Milotic\n|-damage|p1b: Milotic|62/100\n|move|p1b: Milotic|Ice Beam|p2b: Garchomp\n|-supereffective|p2b: Garchomp|2\n|-enditem|p2b: Garchomp|Focus Sash\n|-damage|p2b: Garchomp|1/100\n|\n|-weather|Snowscape|[upkeep]\n|upkeep\n|turn|5\n|\n|t:|1776126843\n|switch|p2a: Basculegion|Basculegion, L50, M, shiny|100/100\n|move|p1a: Kingambit|Sucker Punch|p2b: Garchomp\n|-damage|p2b: Garchomp|0 fnt\n|-damage|p1a: Kingambit|68/100|[from] ability: Rough Skin|[of] p2b: Garchomp\n|faint|p2b: Garchomp\n|move|p1b: Milotic|Ice Beam|p2a: Basculegion\n|-resisted|p2a: Basculegion|1\n|-damage|p2a: Basculegion|88/100\n|\n|-weather|Snowscape|[upkeep]\n|upkeep\n|\n|t:|1776126855\n|switch|p2b: Orthworm|Orthworm, L50, M|12/100\n|turn|6\n|\n|t:|1776126877\n|switch|p1b: Sneasler|Sneasler, L50, M, shiny|100/100\n|move|p1a: Kingambit|Protect|p1a: Kingambit\n|-singleturn|p1a: Kingambit|Protect\n|move|p2a: Basculegion|Last Respects|p1b: Sneasler\n|-damage|p1b: Sneasler|0 fnt\n|faint|p1b: Sneasler\n|move|p2b: Orthworm|Body Press|p1a: Kingambit\n|-activate|p1a: Kingambit|move: Protect\n|\n|-weather|none\n|upkeep\n|\n|t:|1776126889\n|switch|p1b: Gardevoir|Gardevoir-Mega, L50, M, shiny|35/100\n|turn|7\n|\n|t:|1776126895\n|move|p1a: Kingambit|Sucker Punch|p2a: Basculegion\n|-supereffective|p2a: Basculegion|1\n|-damage|p2a: Basculegion|3/100\n|move|p2a: Basculegion|Last Respects|p1b: Gardevoir\n|-supereffective|p1b: Gardevoir|1\n|-damage|p1b: Gardevoir|0 fnt\n|faint|p1b: Gardevoir\n|move|p2b: Orthworm|Body Press|p1a: Kingambit\n|-supereffective|p1a: Kingambit|2\n|-enditem|p1a: Kingambit|Chople Berry|[eat]\n|-enditem|p1a: Kingambit|Chople Berry|[weaken]\n|-damage|p1a: Kingambit|26/100\n|\n|upkeep\n|\n|t:|1776126901\n|switch|p1b: Milotic|Milotic, L50, M, shiny|62/100\n|turn|8\n|\n|t:|1776126915\n|move|p1a: Kingambit|Sucker Punch|p2a: Basculegion\n|-supereffective|p2a: Basculegion|1\n|-damage|p2a: Basculegion|0 fnt\n|faint|p2a: Basculegion\n|move|p1b: Milotic|Scald|p2b: Orthworm\n|-damage|p2b: Orthworm|0 fnt\n|faint|p2b: Orthworm\n|\n|upkeep\n|\n|t:|1776126926\n|switch|p2a: Froslass|Froslass-Mega, L50, F, shiny|2/100\n|-weather|Snowscape|[from] ability: Snow Warning|[of] p2a: Froslass\n|turn|9\n|c|\u2606SPINAL133|Gg\n|\n|t:|1776126951\n|move|p1a: Kingambit|Sucker Punch|p2a: Froslass\n|-supereffective|p2a: Froslass|1\n|-damage|p2a: Froslass|0 fnt\n|faint|p2a: Froslass\n|\n|win|SPINAL133\n|raw|SPINAL133's rating: 1000 &rarr; <strong>1047</strong><br />(+47 for winning)\n|raw|lucena11's rating: 1065 &rarr; <strong>1042</strong><br />(-23 for losing)\n|l|\u2606lucena11\n|player|p2|\n",
  "uploadtime": 1776126957,
  "views": 12,
  "formatid": "gen9championsvgc2026regma",
  "rating": 1042,
  "private": 0,
  "password": null
}