{
  "id": "gen9championsvgc2026regma-2581392732",
  "format": "[Gen 9 Champions] VGC 2026 Reg M-A",
  "players": [
    "RazzvyBerry",
    "brz_bald"
  ],
  "log": "|j|\u2606RazzvyBerry\n|j|\u2606brz_bald\n|t:|1775995578\n|gametype|doubles\n|player|p1|RazzvyBerry|harlequin|1192\n|player|p2|brz_bald|hoopster|1181\n|gen|9\n|tier|[Gen 9 Champions] VGC 2026 Reg M-A\n|rated|\n|rule|Species Clause: Limit one of each Pok\u00e9mon\n|rule|Item Clause: Limit 1 of each item\n|clearpoke\n|poke|p1|Azumarill, L50, M|\n|poke|p1|Froslass, L50, F|\n|poke|p1|Sinistcha, L50|\n|poke|p1|Incineroar, L50, M|\n|poke|p1|Sneasler, L50, F|\n|poke|p1|Aerodactyl, L50, F|\n|poke|p2|Armarouge, L50, F|\n|poke|p2|Oranguru, L50, F|\n|poke|p2|Drampa, L50, M|\n|poke|p2|Bastiodon, L50, M|\n|poke|p2|Abomasnow, L50, F|\n|poke|p2|Pelipper, L50, F|\n|teampreview|4\n|inactive|Battle timer is ON: inactive players will automatically lose when time's up. (requested by brz_bald)\n|\n|t:|1775995664\n|teamsize|p1|4\n|teamsize|p2|4\n|start\n|switch|p1a: Azumarill|Azumarill, L50, M|100/100\n|switch|p1b: Sinistcha|Sinistcha, L50|100/100\n|switch|p2a: Oranguru|Oranguru, L50, F|100/100\n|switch|p2b: Bastiodon|Bastiodon, L50, M|100/100\n|turn|1\n|inactive|brz_bald has 30 seconds left.\n|\n|t:|1775995695\n|move|p1a: Azumarill|Belly Drum|p1a: Azumarill\n|-damage|p1a: Azumarill|50/100\n|-setboost|p1a: Azumarill|atk|6|[from] move: Belly Drum\n|-enditem|p1a: Azumarill|Sitrus Berry|[eat]\n|-heal|p1a: Azumarill|75/100|[from] item: Sitrus Berry\n|move|p2b: Bastiodon|Foul Play|p1a: Azumarill\n|-resisted|p1a: Azumarill|1\n|-damage|p1a: Azumarill|35/100\n|move|p1b: Sinistcha|Trick Room|p1b: Sinistcha\n|-fieldstart|move: Trick Room|[of] p1b: Sinistcha\n|move|p2a: Oranguru|Trick Room|p2a: Oranguru\n|-fieldend|move: Trick Room\n|\n|upkeep\n|turn|2\n|inactive|RazzvyBerry has 30 seconds left.\n|inactive|brz_bald has 30 seconds left.\n|inactive|RazzvyBerry has 20 seconds left.\n|inactive|brz_bald has 20 seconds left.\n|inactive|RazzvyBerry has 15 seconds left.\n|inactive|brz_bald has 15 seconds left.\n|inactive|RazzvyBerry has 10 seconds left.\n|inactive|brz_bald has 10 seconds left.\n|inactive|RazzvyBerry has 5 seconds left.\n|inactive|brz_bald has 5 seconds left.\n|\n|t:|1775995750\n|move|p1a: Azumarill|Protect|p1a: Azumarill\n|-singleturn|p1a: Azumarill|Protect\n|move|p1b: Sinistcha|Matcha Gotcha|p2b: Bastiodon|[spread] p2a,p2b\n|-damage|p2a: Oranguru|75/100\n|-damage|p2b: Bastiodon|80/100\n|move|p2a: Oranguru|Psychic|p1a: Azumarill\n|-activate|p1a: Azumarill|move: Protect\n|move|p2b: Bastiodon|Foul Play|p1a: Azumarill\n|-activate|p1a: Azumarill|move: Protect\n|\n|upkeep\n|turn|3\n|inactive|RazzvyBerry has 30 seconds left.\n|inactive|brz_bald has 30 seconds left.\n|inactive|brz_bald has 20 seconds left.\n|inactive|brz_bald has 15 seconds left.\n|inactive|brz_bald has 10 seconds left.\n|\n|t:|1775995797\n|move|p2a: Oranguru|Protect|p2a: Oranguru\n|-singleturn|p2a: Oranguru|Protect\n|move|p1b: Sinistcha|Rage Powder|p1b: Sinistcha\n|-singleturn|p1b: Sinistcha|move: Rage Powder\n|move|p1a: Azumarill|Aqua Jet|p2b: Bastiodon\n|-supereffective|p2b: Bastiodon|1\n|-damage|p2b: Bastiodon|0 fnt\n|faint|p2b: Bastiodon\n|\n|upkeep\n|\n|t:|1775995817\n|switch|p2b: Pelipper|Pelipper, L50, F|100/100\n|-weather|RainDance|[from] ability: Drizzle|[of] p2b: Pelipper\n|turn|4\n|\n|t:|1775995835\n|move|p1b: Sinistcha|Rage Powder|p1b: Sinistcha\n|-singleturn|p1b: Sinistcha|move: Rage Powder\n|move|p1a: Azumarill|Aqua Jet|p2a: Oranguru\n|-damage|p2a: Oranguru|0 fnt\n|faint|p2a: Oranguru\n|move|p2b: Pelipper|Hurricane|p1b: Sinistcha\n|-supereffective|p1b: Sinistcha|1\n|-enditem|p1b: Sinistcha|Focus Sash\n|-damage|p1b: Sinistcha|1/100\n|\n|-weather|RainDance|[upkeep]\n|upkeep\n|inactive|brz_bald has 30 seconds left.\n|\n|t:|1775995860\n|switch|p2a: Abomasnow|Abomasnow, L50, F|100/100\n|-weather|Snowscape|[from] ability: Snow Warning|[of] p2a: Abomasnow\n|turn|5\n|inactive|RazzvyBerry has 30 seconds left.\n|inactive|brz_bald has 30 seconds left.\n|inactive|brz_bald has 20 seconds left.\n|inactive|brz_bald has 15 seconds left.\n|inactive|brz_bald has 10 seconds left.\n|inactive|brz_bald has 5 seconds left.\n|\n|t:|1775995915\n|move|p2b: Pelipper|Protect|p2b: Pelipper\n|-singleturn|p2b: Pelipper|Protect\n|move|p1a: Azumarill|Protect|p1a: Azumarill\n|-singleturn|p1a: Azumarill|Protect\n|move|p1b: Sinistcha|Matcha Gotcha|p2b: Pelipper|[spread] p2a\n|-activate|p2b: Pelipper|move: Protect\n|-resisted|p2a: Abomasnow|1\n|-damage|p2a: Abomasnow|86/100\n|-heal|p1b: Sinistcha|11/100|[from] drain|[of] p2a: Abomasnow\n|-status|p2a: Abomasnow|brn\n|move|p2a: Abomasnow|Blizzard|p1a: Azumarill|[spread] p1b\n|-activate|p1a: Azumarill|move: Protect\n|-supereffective|p1b: Sinistcha|1\n|-damage|p1b: Sinistcha|0 fnt\n|faint|p1b: Sinistcha\n|\n|-weather|Snowscape|[upkeep]\n|-damage|p2a: Abomasnow|80/100 brn|[from] brn\n|upkeep\n|inactive|RazzvyBerry has 30 seconds left.\n|inactive|RazzvyBerry has 20 seconds left.\n|inactive|RazzvyBerry has 15 seconds left.\n|\n|t:|1775995959\n|switch|p1b: Incineroar|Incineroar, L50, M|100/100\n|-ability|p1b: Incineroar|Intimidate|boost\n|-unboost|p2a: Abomasnow|atk|1\n|-unboost|p2b: Pelipper|atk|1\n|turn|6\n|inactive|brz_bald has 30 seconds left.\n|\n|t:|1775995985\n|move|p2a: Abomasnow|Protect|p2a: Abomasnow\n|-singleturn|p2a: Abomasnow|Protect\n|move|p1b: Incineroar|Fake Out|p2b: Pelipper\n|-damage|p2b: Pelipper|87/100\n|cant|p2b: Pelipper|flinch\n|move|p1a: Azumarill|Play Rough|p2b: Pelipper|[miss]\n|-miss|p1a: Azumarill|p2b: Pelipper\n|\n|-weather|Snowscape|[upkeep]\n|-damage|p2a: Abomasnow|74/100 brn|[from] brn\n|upkeep\n|turn|7\n|\n|t:|1775996006\n|move|p1a: Azumarill|Protect|p1a: Azumarill\n|-singleturn|p1a: Azumarill|Protect\n|move|p2b: Pelipper|Blizzard|p1a: Azumarill|[spread] p1b\n|-activate|p1a: Azumarill|move: Protect\n|-resisted|p1b: Incineroar|1\n|-damage|p1b: Incineroar|89/100\n|move|p1b: Incineroar|Flare Blitz|p2a: Abomasnow\n|-supereffective|p2a: Abomasnow|2\n|-damage|p2a: Abomasnow|0 fnt\n|faint|p2a: Abomasnow\n|-damage|p1b: Incineroar|65/100|[from] Recoil\n|\n|-weather|Snowscape|[upkeep]\n|upkeep\n|turn|8\n|inactive|RazzvyBerry has 30 seconds left.\n|inactive|brz_bald has 30 seconds left.\n|inactive|brz_bald has 20 seconds left.\n|inactive|brz_bald has 15 seconds left.\n|inactive|brz_bald has 10 seconds left.\n|inactive|brz_bald has 5 seconds left.\n|\n|t:|1775996062\n|move|p1a: Azumarill|Aqua Jet|p2b: Pelipper\n|-resisted|p2b: Pelipper|1\n|-damage|p2b: Pelipper|38/100\n|move|p2b: Pelipper|Weather Ball|p1a: Azumarill\n|-resisted|p1a: Azumarill|1\n|-damage|p1a: Azumarill|18/100\n|move|p1b: Incineroar|Parting Shot|p2b: Pelipper\n|-unboost|p2b: Pelipper|atk|1\n|-unboost|p2b: Pelipper|spa|1\n|\n|t:|1775996071\n|switch|p1b: Sneasler|Sneasler, L50, F|100/100|[from] Parting Shot\n|\n|-weather|Snowscape|[upkeep]\n|upkeep\n|turn|9\n|inactive|brz_bald has 30 seconds left.\n|inactive|brz_bald has 20 seconds left.\n|inactive|brz_bald has 15 seconds left.\n|inactive|brz_bald has 10 seconds left.\n|inactive|brz_bald has 5 seconds left.\n|\n|t:|1775996126\n|move|p1b: Sneasler|Fake Out|p2b: Pelipper\n|-damage|p2b: Pelipper|23/100\n|cant|p2b: Pelipper|flinch\n|move|p1a: Azumarill|Play Rough|p2b: Pelipper\n|-damage|p2b: Pelipper|0 fnt\n|faint|p2b: Pelipper\n|\n|win|RazzvyBerry\n|raw|RazzvyBerry's rating: 1192 &rarr; <strong>1216</strong><br />(+24 for winning)\n|raw|brz_bald's rating: 1181 &rarr; <strong>1157</strong><br />(-24 for losing)\n",
  "uploadtime": 1775996158,
  "views": 21,
  "formatid": "gen9championsvgc2026regma",
  "rating": 1157,
  "private": 0,
  "password": null
}