{
  "id": "gen9championsvgc2026regma-2585009256",
  "format": "[Gen 9 Champions] VGC 2026 Reg M-A",
  "players": [
    "MvillMpersonality",
    "Missed Ledgedash"
  ],
  "log": "|j|\u2606MvillMpersonality\n|j|\u2606Missed Ledgedash\n|t:|1776302956\n|gametype|doubles\n|player|p1|MvillMpersonality|pokemaniac|1289\n|player|p2|Missed Ledgedash|juan-gen3|1259\n|gen|9\n|tier|[Gen 9 Champions] VGC 2026 Reg M-A\n|rated|\n|rule|Species Clause: Limit one of each Pok\u00e9mon\n|rule|Item Clause: Limit 1 of each item\n|clearpoke\n|poke|p1|Scovillain, L50, F|\n|poke|p1|Sinistcha, L50|\n|poke|p1|Gallade, L50, M|\n|poke|p1|Kingambit, L50, F|\n|poke|p1|Rhyperior, L50, M|\n|poke|p1|Primarina, L50, F|\n|poke|p2|Incineroar, L50, F|\n|poke|p2|Gengar, L50, F|\n|poke|p2|Gyarados, L50, F|\n|poke|p2|Tyranitar, L50, M|\n|poke|p2|Sneasler, L50, M|\n|poke|p2|Excadrill, L50, F|\n|teampreview|4\n|c|\u2606MvillMpersonality|glhf\n|\n|t:|1776303019\n|teamsize|p1|4\n|teamsize|p2|4\n|start\n|switch|p1a: Scovillain|Scovillain, L50, F|100/100\n|switch|p1b: Kingambit|Kingambit, L50, F|100/100\n|switch|p2a: Sneasler|Sneasler, L50, M|100/100\n|switch|p2b: Gengar|Gengar, L50, F|100/100\n|turn|1\n|\n|t:|1776303063\n|detailschange|p2b: Gengar|Gengar-Mega, L50, F\n|-mega|p2b: Gengar|Gengar|Gengarite\n|detailschange|p1a: Scovillain|Scovillain-Mega, L50, F\n|-mega|p1a: Scovillain|Scovillain|Scovillainite\n|move|p1b: Kingambit|Protect|p1b: Kingambit\n|-singleturn|p1b: Kingambit|Protect\n|move|p2b: Gengar|Perish Song|p2b: Gengar\n|-start|p1a: Scovillain|perish3|[silent]\n|-start|p1b: Kingambit|perish3|[silent]\n|-start|p2a: Sneasler|perish3|[silent]\n|-start|p2b: Gengar|perish3|[silent]\n|-fieldactivate|move: Perish Song\n|move|p2a: Sneasler|Close Combat|p1b: Kingambit\n|-activate|p1b: Kingambit|move: Protect\n|move|p1a: Scovillain|Overheat|p2b: Gengar\n|-damage|p2b: Gengar|30/100\n|-unboost|p1a: Scovillain|spa|2\n|\n|-start|p2b: Gengar|perish3\n|-start|p2a: Sneasler|perish3\n|-start|p1a: Scovillain|perish3\n|-start|p1b: Kingambit|perish3\n|upkeep\n|turn|2\n|\n|t:|1776303095\n|switch|p2a: Incineroar|Incineroar, L50, F|100/100\n|-ability|p2a: Incineroar|Intimidate|boost\n|-unboost|p1a: Scovillain|atk|1\n|-unboost|p1b: Kingambit|atk|1\n|-ability|p1b: Kingambit|Defiant|boost\n|-boost|p1b: Kingambit|atk|2\n|move|p2b: Gengar|Protect|p2b: Gengar\n|-singleturn|p2b: Gengar|Protect\n|move|p1a: Scovillain|Rage Powder|p1a: Scovillain\n|-singleturn|p1a: Scovillain|move: Rage Powder\n|move|p1b: Kingambit|Iron Head|p2a: Incineroar\n|-resisted|p2a: Incineroar|1\n|-damage|p2a: Incineroar|74/100\n|\n|-start|p2b: Gengar|perish2\n|-start|p1a: Scovillain|perish2\n|-start|p1b: Kingambit|perish2\n|upkeep\n|turn|3\n|\n|t:|1776303146\n|move|p2b: Gengar|Protect||[still]\n|-fail|p2b: Gengar\n|move|p2a: Incineroar|Fake Out|p1b: Kingambit\n|-resisted|p1b: Kingambit|1\n|-damage|p1b: Kingambit|96/100\n|cant|p1b: Kingambit|flinch\n|move|p1a: Scovillain|Overheat|p2b: Gengar\n|-damage|p2b: Gengar|0 fnt\n|-unboost|p1a: Scovillain|spa|2\n|faint|p2b: Gengar\n|\n|-start|p1a: Scovillain|perish1\n|-start|p1b: Kingambit|perish1\n|upkeep\n|\n|t:|1776303166\n|switch|p2b: Sneasler|Sneasler, L50, M|100/100\n|turn|4\n|\n|t:|1776303183\n|switch|p1b: Rhyperior|Rhyperior, L50, M|100/100\n|move|p2b: Sneasler|Protect|p2b: Sneasler\n|-singleturn|p2b: Sneasler|Protect\n|move|p2a: Incineroar|Protect|p2a: Incineroar\n|-singleturn|p2a: Incineroar|Protect\n|move|p1a: Scovillain|Rage Powder|p1a: Scovillain\n|-singleturn|p1a: Scovillain|move: Rage Powder\n|\n|-start|p1a: Scovillain|perish0\n|faint|p1a: Scovillain\n|upkeep\n|\n|t:|1776303198\n|switch|p1a: Kingambit|Kingambit, L50, F|96/100\n|turn|5\n|\n|t:|1776303216\n|move|p1a: Kingambit|Sucker Punch|p2b: Sneasler\n|-resisted|p2b: Sneasler|1\n|-damage|p2b: Sneasler|60/100\n|move|p2b: Sneasler|Close Combat|p1a: Kingambit\n|-supereffective|p1a: Kingambit|2\n|-damage|p1a: Kingambit|0 fnt\n|-unboost|p2b: Sneasler|def|1\n|-unboost|p2b: Sneasler|spd|1\n|faint|p1a: Kingambit\n|-enditem|p2b: Sneasler|White Herb\n|-clearnegativeboost|p2b: Sneasler|[silent]\n|move|p2a: Incineroar|Parting Shot|p1b: Rhyperior\n|-unboost|p1b: Rhyperior|atk|1\n|-unboost|p1b: Rhyperior|spa|1\n|\n|t:|1776303228\n|switch|p2a: Tyranitar|Tyranitar, L50, M|100/100|[from] Parting Shot\n|-weather|Sandstorm|[from] ability: Sand Stream|[of] p2a: Tyranitar\n|move|p1b: Rhyperior|Rock Slide|p2b: Sneasler|[spread] p2a,p2b\n|-resisted|p2b: Sneasler|1\n|-damage|p2a: Tyranitar|80/100\n|-damage|p2b: Sneasler|39/100\n|\n|-weather|Sandstorm|[upkeep]\n|-damage|p2b: Sneasler|33/100|[from] Sandstorm\n|upkeep\n|\n|t:|1776303237\n|switch|p1a: Sinistcha|Sinistcha, L50|100/100\n|turn|6\n|\n|t:|1776303251\n|switch|p2b: Incineroar|Incineroar, L50, F|74/100\n|-ability|p2b: Incineroar|Intimidate|boost\n|-unboost|p1a: Sinistcha|atk|1\n|-unboost|p1b: Rhyperior|atk|1\n|move|p2a: Tyranitar|Knock Off|p1a: Sinistcha\n|-supereffective|p1a: Sinistcha|1\n|-enditem|p1a: Sinistcha|Focus Sash\n|-damage|p1a: Sinistcha|1/100\n|move|p1b: Rhyperior|Swords Dance|p1b: Rhyperior\n|-boost|p1b: Rhyperior|atk|2\n|move|p1a: Sinistcha|Trick Room|p1a: Sinistcha\n|-fieldstart|move: Trick Room|[of] p1a: Sinistcha\n|\n|-weather|Sandstorm|[upkeep]\n|-damage|p2b: Incineroar|68/100|[from] Sandstorm\n|-damage|p1a: Sinistcha|0 fnt|[from] Sandstorm\n|faint|p1a: Sinistcha\n|upkeep\n|turn|7\n|\n|t:|1776303273\n|switch|p2a: Sneasler|Sneasler, L50, M|33/100\n|move|p1b: Rhyperior|Protect|p1b: Rhyperior\n|-singleturn|p1b: Rhyperior|Protect\n|move|p2b: Incineroar|Fake Out|p1b: Rhyperior\n|-activate|p1b: Rhyperior|move: Protect\n|\n|-weather|Sandstorm|[upkeep]\n|-damage|p2b: Incineroar|62/100|[from] Sandstorm\n|-damage|p2a: Sneasler|27/100|[from] Sandstorm\n|upkeep\n|turn|8\n|\n|t:|1776303282\n|switch|p2b: Tyranitar|Tyranitar, L50, M|80/100\n|move|p1b: Rhyperior|Protect||[still]\n|-fail|p1b: Rhyperior\n|move|p2a: Sneasler|Fake Out|p1b: Rhyperior\n|-resisted|p1b: Rhyperior|1\n|-damage|p1b: Rhyperior|95/100\n|\n|-weather|Sandstorm|[upkeep]\n|-damage|p2a: Sneasler|22/100|[from] Sandstorm\n|upkeep\n|turn|9\n|c|\u2606MvillMpersonality|Mega gaming\n|c|\u2606MvillMpersonality|Please go back to 1800+\n|-message|MvillMpersonality forfeited.\n|\n|win|Missed Ledgedash\n|raw|MvillMpersonality's rating: 1289 &rarr; <strong>1262</strong><br />(-27 for losing)\n|raw|Missed Ledgedash's rating: 1259 &rarr; <strong>1286</strong><br />(+27 for winning)\n",
  "uploadtime": 1776303296,
  "views": 26,
  "formatid": "gen9championsvgc2026regma",
  "rating": 1262,
  "private": 0,
  "password": null
}