{
  "id": "gen9championsvgc2026regma-2581282851",
  "format": "[Gen 9 Champions] VGC 2026 Reg M-A",
  "players": [
    "papiyunior",
    "HazelA7X"
  ],
  "log": "|j|\u2606papiyunior\n|j|\u2606HazelA7X\n|t:|1775980994\n|gametype|doubles\n|player|p1|papiyunior|steven|1183\n|player|p2|HazelA7X|170|1291\n|gen|9\n|tier|[Gen 9 Champions] VGC 2026 Reg M-A\n|rated|\n|rule|Species Clause: Limit one of each Pok\u00e9mon\n|rule|Item Clause: Limit 1 of each item\n|clearpoke\n|poke|p1|Incineroar, L50, M|\n|poke|p1|Farigiraf, L50, M|\n|poke|p1|Torkoal, L50, M|\n|poke|p1|Golurk, L50|\n|poke|p1|Venusaur, L50, M|\n|poke|p1|Sneasler, L50, F|\n|poke|p2|Floette-Eternal, L50, F|\n|poke|p2|Incineroar, L50, F|\n|poke|p2|Garchomp, L50, M|\n|poke|p2|Aerodactyl, L50, F|\n|poke|p2|Rotom-Wash, L50|\n|poke|p2|Sinistcha, L50|\n|teampreview|4\n|inactive|Battle timer is ON: inactive players will automatically lose when time's up. (requested by papiyunior)\n|\n|t:|1775981044\n|teamsize|p1|4\n|teamsize|p2|4\n|start\n|switch|p1a: Farigiraf|Farigiraf, L50, M|100/100\n|switch|p1b: Sneasler|Sneasler, L50, F|100/100\n|switch|p2a: Incineroar|Incineroar, L50, F|100/100\n|switch|p2b: Floette|Floette-Eternal, L50, F|100/100\n|-ability|p2a: Incineroar|Intimidate|boost\n|-unboost|p1a: Farigiraf|atk|1\n|-unboost|p1b: Sneasler|atk|1\n|-enditem|p1b: Sneasler|White Herb\n|-clearnegativeboost|p1b: Sneasler|[silent]\n|turn|1\n|\n|t:|1775981062\n|detailschange|p2b: Floette|Floette-Mega, L50, F\n|-mega|p2b: Floette|Floette|Floettite\n|-ability|p2b: Floette|Fairy Aura\n|move|p1b: Sneasler|Dire Claw|p2b: Floette\n|-supereffective|p2b: Floette|1\n|-crit|p2b: Floette\n|-damage|p2b: Floette|0 fnt\n|faint|p2b: Floette\n|move|p2a: Incineroar|Darkest Lariat|p1a: Farigiraf\n|-supereffective|p1a: Farigiraf|1\n|-damage|p1a: Farigiraf|42/100\n|-enditem|p1a: Farigiraf|Sitrus Berry|[eat]\n|-heal|p1a: Farigiraf|67/100|[from] item: Sitrus Berry\n|move|p1a: Farigiraf|Trick Room|p1a: Farigiraf\n|-fieldstart|move: Trick Room|[of] p1a: Farigiraf\n|\n|upkeep\n|\n|t:|1775981083\n|switch|p2b: Garchomp|Garchomp, L50, M|100/100\n|turn|2\n|inactive|papiyunior has 30 seconds left.\n|\n|t:|1775981109\n|switch|p1b: Incineroar|Incineroar, L50, M|100/100\n|-ability|p1b: Incineroar|Intimidate|boost\n|-unboost|p2a: Incineroar|atk|1\n|-unboost|p2b: Garchomp|atk|1\n|move|p2a: Incineroar|Parting Shot|p1a: Farigiraf\n|-unboost|p1a: Farigiraf|atk|1\n|-unboost|p1a: Farigiraf|spa|1\n|\n|t:|1775981116\n|switch|p2a: Rotom|Rotom-Wash, L50|100/100|[from] Parting Shot\n|move|p1a: Farigiraf|Hyper Voice|p2a: Rotom|[spread] p2a,p2b\n|-damage|p2a: Rotom|85/100\n|-damage|p2b: Garchomp|85/100\n|move|p2b: Garchomp|Stomping Tantrum|p1b: Incineroar\n|-supereffective|p1b: Incineroar|1\n|-enditem|p1b: Incineroar|Shuca Berry|[eat]\n|-enditem|p1b: Incineroar|Shuca Berry|[weaken]\n|-damage|p1b: Incineroar|81/100\n|\n|upkeep\n|turn|3\n|inactive|papiyunior has 30 seconds left.\n|inactive|HazelA7X has 30 seconds left.\n|\n|t:|1775981149\n|switch|p1a: Golurk|Golurk, L50|100/100\n|move|p1b: Incineroar|Fake Out|p2a: Rotom\n|-damage|p2a: Rotom|72/100\n|cant|p2a: Rotom|flinch\n|move|p2b: Garchomp|Earthquake|p1b: Incineroar|[spread] p1a,p1b\n|-immune|p2a: Rotom|[from] ability: Levitate\n|-supereffective|p1b: Incineroar|1\n|-damage|p1a: Golurk|72/100\n|-damage|p1b: Incineroar|44/100\n|\n|upkeep\n|turn|4\n|inactive|papiyunior has 30 seconds left.\n|\n|t:|1775981183\n|switch|p2b: Incineroar|Incineroar, L50, F|100/100\n|-ability|p2b: Incineroar|Intimidate|boost\n|-unboost|p1a: Golurk|atk|1\n|-unboost|p1b: Incineroar|atk|1\n|detailschange|p1a: Golurk|Golurk-Mega, L50\n|-mega|p1a: Golurk|Golurk|Golurkite\n|move|p1a: Golurk|Ice Punch|p2b: Incineroar\n|-resisted|p2b: Incineroar|1\n|-damage|p2b: Incineroar|91/100\n|move|p1b: Incineroar|Parting Shot|p2a: Rotom\n|-unboost|p2a: Rotom|atk|1\n|-unboost|p2a: Rotom|spa|1\n|\n|t:|1775981199\n|switch|p1b: Farigiraf|Farigiraf, L50, M|67/100|[from] Parting Shot\n|move|p2a: Rotom|Hydro Pump|p1a: Golurk|[miss]\n|-miss|p2a: Rotom|p1a: Golurk\n|\n|upkeep\n|turn|5\n|\n|t:|1775981223\n|move|p1b: Farigiraf|Helping Hand|p1a: Golurk\n|-singleturn|p1a: Golurk|Helping Hand|[of] p1b: Farigiraf\n|move|p1a: Golurk|Headlong Rush|p2b: Incineroar\n|-supereffective|p2b: Incineroar|1\n|-damage|p2b: Incineroar|0 fnt\n|-unboost|p1a: Golurk|def|1\n|-unboost|p1a: Golurk|spd|1\n|faint|p2b: Incineroar\n|move|p2a: Rotom|Will-O-Wisp|p1a: Golurk\n|-status|p1a: Golurk|brn\n|\n|-damage|p1a: Golurk|66/100 brn|[from] brn\n|-fieldend|move: Trick Room\n|upkeep\n|\n|t:|1775981233\n|switch|p2b: Garchomp|Garchomp, L50, M|85/100\n|turn|6\n|inactive|papiyunior has 30 seconds left.\n|\n|t:|1775981261\n|switch|p1b: Incineroar|Incineroar, L50, M|44/100\n|-ability|p1b: Incineroar|Intimidate|boost\n|-unboost|p2a: Rotom|atk|1\n|-unboost|p2b: Garchomp|atk|1\n|move|p1a: Golurk|Protect|p1a: Golurk\n|-singleturn|p1a: Golurk|Protect\n|move|p2b: Garchomp|Earthquake|p1b: Incineroar|[spread] p1b\n|-activate|p1a: Golurk|move: Protect\n|-immune|p2a: Rotom|[from] ability: Levitate\n|-supereffective|p1b: Incineroar|1\n|-damage|p1b: Incineroar|8/100\n|move|p2a: Rotom|Thunderbolt|p1b: Incineroar\n|-damage|p1b: Incineroar|0 fnt\n|faint|p1b: Incineroar\n|\n|-damage|p1a: Golurk|60/100 brn|[from] brn\n|upkeep\n|\n|t:|1775981283\n|switch|p1b: Sneasler|Sneasler, L50, F|100/100\n|turn|7\n|\n|t:|1775981295\n|move|p2b: Garchomp|Protect|p2b: Garchomp\n|-singleturn|p2b: Garchomp|Protect\n|move|p1b: Sneasler|Fake Out|p2a: Rotom\n|-damage|p2a: Rotom|56/100\n|cant|p2a: Rotom|flinch\n|move|p1a: Golurk|Ice Punch|p2b: Garchomp\n|-supereffective|p2b: Garchomp|2\n|-ability|p1a: Golurk|Unseen Fist\n|-zbroken|p2b: Garchomp\n|-damage|p2b: Garchomp|73/100\n|-damage|p1a: Golurk|48/100 brn|[from] ability: Rough Skin|[of] p2b: Garchomp\n|\n|-damage|p1a: Golurk|42/100 brn|[from] brn\n|upkeep\n|turn|8\n|inactive|papiyunior has 30 seconds left.\n|inactive|papiyunior has 20 seconds left.\n|inactive|papiyunior has 15 seconds left.\n|inactive|papiyunior has 10 seconds left.\n|\n|t:|1775981341\n|move|p1a: Golurk|Protect|p1a: Golurk\n|-singleturn|p1a: Golurk|Protect\n|move|p1b: Sneasler|Coaching|p1a: Golurk\n|-boost|p1a: Golurk|atk|1\n|-boost|p1a: Golurk|def|1\n|move|p2b: Garchomp|Earthquake|p1a: Golurk|[spread] p1b\n|-activate|p1a: Golurk|move: Protect\n|-immune|p2a: Rotom|[from] ability: Levitate\n|-supereffective|p1b: Sneasler|1\n|-damage|p1b: Sneasler|15/100\n|move|p2a: Rotom|Hydro Pump|p1a: Golurk\n|-activate|p1a: Golurk|move: Protect\n|\n|-damage|p1a: Golurk|37/100 brn|[from] brn\n|upkeep\n|turn|9\n|inactive|papiyunior has 30 seconds left.\n|inactive|HazelA7X has 30 seconds left.\n|\n|t:|1775981373\n|move|p1b: Sneasler|Dire Claw|p2a: Rotom\n|-damage|p2a: Rotom|10/100\n|move|p2b: Garchomp|Earthquake|p1b: Sneasler|[spread] p1a,p1b\n|-immune|p2a: Rotom|[from] ability: Levitate\n|-supereffective|p1b: Sneasler|1\n|-damage|p1a: Golurk|11/100 brn\n|-damage|p1b: Sneasler|0 fnt\n|faint|p1b: Sneasler\n|move|p2a: Rotom|Hydro Pump|p1a: Golurk\n|-supereffective|p1a: Golurk|1\n|-damage|p1a: Golurk|0 fnt\n|faint|p1a: Golurk\n|\n|upkeep\n|\n|t:|1775981387\n|switch|p1b: Farigiraf|Farigiraf, L50, M|67/100\n|turn|10\n|\n|t:|1775981394\n|move|p2b: Garchomp|Earthquake|p1b: Farigiraf|[spread] p1b\n|-immune|p2a: Rotom|[from] ability: Levitate\n|-damage|p1b: Farigiraf|46/100\n|move|p2a: Rotom|Thunderbolt|p1b: Farigiraf\n|-damage|p1b: Farigiraf|14/100\n|move|p1b: Farigiraf|Hyper Voice|p2b: Garchomp|[spread] p2a,p2b\n|-damage|p2a: Rotom|0 fnt\n|-damage|p2b: Garchomp|48/100\n|faint|p2a: Rotom\n|\n|upkeep\n|turn|11\n|\n|t:|1775981409\n|move|p2b: Garchomp|Earthquake|p1b: Farigiraf\n|-damage|p1b: Farigiraf|0 fnt\n|faint|p1b: Farigiraf\n|\n|win|HazelA7X\n|raw|papiyunior's rating: 1183 &rarr; <strong>1166</strong><br />(-17 for losing)\n|raw|HazelA7X's rating: 1291 &rarr; <strong>1308</strong><br />(+17 for winning)\n",
  "uploadtime": 1775981415,
  "views": 17,
  "formatid": "gen9championsvgc2026regma",
  "rating": 1166,
  "private": 0,
  "password": null
}