{
  "id": "gen9championsvgc2026regma-2584025135",
  "format": "[Gen 9 Champions] VGC 2026 Reg M-A",
  "players": [
    "QuiverDance11",
    "KOTONOHOUSE"
  ],
  "log": "|j|\u2606QuiverDance11\n|j|\u2606KOTONOHOUSE\n|t:|1776217848\n|gametype|doubles\n|player|p1|QuiverDance11|170|1179\n|player|p2|KOTONOHOUSE|emmet|1118\n|gen|9\n|tier|[Gen 9 Champions] VGC 2026 Reg M-A\n|rated|\n|rule|Species Clause: Limit one of each Pok\u00e9mon\n|rule|Item Clause: Limit 1 of each item\n|clearpoke\n|poke|p1|Pelipper, L50, F|\n|poke|p1|Archaludon, L50, F|\n|poke|p1|Dragonite, L50, F|\n|poke|p1|Palafin, L50, F|\n|poke|p1|Incineroar, L50, F|\n|poke|p1|Sinistcha, L50|\n|poke|p2|Whimsicott, L50, F|\n|poke|p2|Kingambit, L50, M|\n|poke|p2|Arcanine-Hisui, L50, F|\n|poke|p2|Floette-Eternal, L50, F|\n|poke|p2|Garchomp, L50, M|\n|poke|p2|Gengar, L50, F|\n|teampreview|4\n|inactive|Battle timer is ON: inactive players will automatically lose when time's up. (requested by KOTONOHOUSE)\n|inactive|QuiverDance11 has 60 seconds left.\n|\n|t:|1776217884\n|teamsize|p1|4\n|teamsize|p2|4\n|start\n|switch|p1a: Palafin|Palafin, L50, F|100/100\n|switch|p1b: Incineroar|Incineroar, L50, F|100/100\n|switch|p2a: Arcanine|Arcanine-Hisui, L50, F|100/100\n|switch|p2b: Kingambit|Kingambit, L50, M|100/100\n|-ability|p2a: Arcanine|Intimidate|boost\n|-unboost|p1a: Palafin|atk|1\n|-unboost|p1b: Incineroar|atk|1\n|-ability|p1b: Incineroar|Intimidate|boost\n|-unboost|p2a: Arcanine|atk|1\n|-unboost|p2b: Kingambit|atk|1\n|-ability|p2b: Kingambit|Defiant|boost\n|-boost|p2b: Kingambit|atk|2\n|turn|1\n|\n|t:|1776217906\n|switch|p2a: Whimsicott|Whimsicott, L50, F|100/100\n|move|p1b: Incineroar|Fake Out|p2a: Whimsicott\n|-damage|p2a: Whimsicott|94/100\n|move|p1a: Palafin|Flip Turn|p2a: Whimsicott\n|-resisted|p2a: Whimsicott|1\n|-damage|p2a: Whimsicott|86/100\n|\n|t:|1776217919\n|detailschange|p1a: Palafin|Palafin-Hero, L50, F\n|switch|p1a: Dragonite|Dragonite, L50, F|100/100|[from] Flip Turn\n|move|p2b: Kingambit|Kowtow Cleave|p1a: Dragonite\n|-damage|p1a: Dragonite|60/100\n|\n|upkeep\n|turn|2\n|inactive|KOTONOHOUSE has 30 seconds left.\n|inactive|QuiverDance11 has 30 seconds left.\n|inactive|KOTONOHOUSE has 20 seconds left.\n|\n|t:|1776217959\n|detailschange|p1a: Dragonite|Dragonite-Mega, L50, F\n|-mega|p1a: Dragonite|Dragonite|Dragoninite\n|move|p2a: Whimsicott|Tailwind|p2a: Whimsicott\n|-sidestart|p2: KOTONOHOUSE|move: Tailwind\n|move|p1a: Dragonite|Hurricane|p2a: Whimsicott\n|-supereffective|p2a: Whimsicott|1\n|-damage|p2a: Whimsicott|0 fnt\n|faint|p2a: Whimsicott\n|move|p2b: Kingambit|Brick Break|p1b: Incineroar\n|-supereffective|p1b: Incineroar|1\n|-damage|p1b: Incineroar|27/100\n|-enditem|p1b: Incineroar|Sitrus Berry|[eat]\n|-heal|p1b: Incineroar|52/100|[from] item: Sitrus Berry\n|move|p1b: Incineroar|Parting Shot|p2b: Kingambit\n|-unboost|p2b: Kingambit|atk|1\n|-ability|p2b: Kingambit|Defiant|boost\n|-boost|p2b: Kingambit|atk|2\n|-unboost|p2b: Kingambit|spa|1\n|-ability|p2b: Kingambit|Defiant|boost\n|-boost|p2b: Kingambit|atk|2\n|\n|t:|1776217979\n|switch|p1b: Palafin|Palafin-Hero, L50, F|100/100|[from] Parting Shot\n|-activate|p1b: Palafin|ability: Zero to Hero\n|\n|upkeep\n|\n|t:|1776217982\n|switch|p2a: Floette|Floette-Eternal, L50, F|100/100\n|turn|3\n|\n|t:|1776218001\n|switch|p1a: Incineroar|Incineroar, L50, F|52/100\n|-ability|p1a: Incineroar|Intimidate|boost\n|-unboost|p2a: Floette|atk|1\n|-unboost|p2b: Kingambit|atk|1\n|-ability|p2b: Kingambit|Defiant|boost\n|-boost|p2b: Kingambit|atk|2\n|detailschange|p2a: Floette|Floette-Mega, L50, F\n|-mega|p2a: Floette|Floette|Floettite\n|-ability|p2a: Floette|Fairy Aura\n|move|p2a: Floette|Dazzling Gleam|p1b: Palafin|[spread] p1a,p1b\n|-damage|p1a: Incineroar|15/100\n|-damage|p1b: Palafin|49/100\n|move|p1b: Palafin|Ice Punch|p2a: Floette\n|-damage|p2a: Floette|52/100\n|move|p2b: Kingambit|Kowtow Cleave|p1b: Palafin\n|-crit|p1b: Palafin\n|-damage|p1b: Palafin|0 fnt\n|faint|p1b: Palafin\n|\n|upkeep\n|\n|t:|1776218022\n|switch|p1b: Sinistcha|Sinistcha, L50|100/100\n|-heal|p1a: Incineroar|40/100|[from] ability: Hospitality|[of] p1b: Sinistcha\n|turn|4\n|\n|t:|1776218034\n|move|p2a: Floette|Protect|p2a: Floette\n|-singleturn|p2a: Floette|Protect\n|move|p2b: Kingambit|Protect|p2b: Kingambit\n|-singleturn|p2b: Kingambit|Protect\n|move|p1a: Incineroar|Fake Out|p2b: Kingambit\n|-activate|p2b: Kingambit|move: Protect\n|move|p1b: Sinistcha|Matcha Gotcha|p2a: Floette|[spread] \n|-activate|p2a: Floette|move: Protect\n|-activate|p2b: Kingambit|move: Protect\n|\n|upkeep\n|turn|5\n|inactive|KOTONOHOUSE has 30 seconds left.\n|inactive|KOTONOHOUSE has 20 seconds left.\n|\n|t:|1776218071\n|move|p2a: Floette|Dazzling Gleam|p1a: Incineroar|[spread] p1a,p1b\n|-damage|p1a: Incineroar|3/100\n|-damage|p1b: Sinistcha|60/100\n|move|p2b: Kingambit|Kowtow Cleave|p1a: Incineroar\n|-resisted|p1a: Incineroar|1\n|-damage|p1a: Incineroar|0 fnt\n|faint|p1a: Incineroar\n|move|p1b: Sinistcha|Matcha Gotcha|p2a: Floette|[spread] p2a,p2b\n|-resisted|p2b: Kingambit|1\n|-damage|p2a: Floette|32/100\n|-heal|p1b: Sinistcha|68/100|[from] drain|[of] p2a: Floette\n|-damage|p2b: Kingambit|88/100\n|-heal|p1b: Sinistcha|76/100|[from] drain|[of] p2b: Kingambit\n|\n|-sideend|p2: KOTONOHOUSE|move: Tailwind\n|upkeep\n|\n|t:|1776218087\n|switch|p1a: Dragonite|Dragonite-Mega, L50, F|60/100\n|turn|6\n|\n|t:|1776218095\n|move|p2a: Floette|Protect|p2a: Floette\n|-singleturn|p2a: Floette|Protect\n|move|p1a: Dragonite|Extreme Speed|p2a: Floette\n|-activate|p2a: Floette|move: Protect\n|move|p1b: Sinistcha|Matcha Gotcha|p2b: Kingambit|[spread] p2b\n|-activate|p2a: Floette|move: Protect\n|-resisted|p2b: Kingambit|1\n|-damage|p2b: Kingambit|77/100\n|-heal|p1b: Sinistcha|83/100|[from] drain|[of] p2b: Kingambit\n|move|p2b: Kingambit|Kowtow Cleave|p1b: Sinistcha\n|-supereffective|p1b: Sinistcha|1\n|-crit|p1b: Sinistcha\n|-damage|p1b: Sinistcha|0 fnt\n|faint|p1b: Sinistcha\n|\n|upkeep\n|turn|7\n|-message|QuiverDance11 forfeited.\n|\n|win|KOTONOHOUSE\n|raw|QuiverDance11's rating: 1179 &rarr; <strong>1150</strong><br />(-29 for losing)\n|raw|KOTONOHOUSE's rating: 1118 &rarr; <strong>1147</strong><br />(+29 for winning)\n|l|\u2606QuiverDance11\n|player|p1|\n|c|\u2606KOTONOHOUSE|gg\n",
  "uploadtime": 1776218122,
  "views": 29,
  "formatid": "gen9championsvgc2026regma",
  "rating": 1147,
  "private": 0,
  "password": null
}