{
  "id": "gen9championsvgc2026regma-2585039241",
  "format": "[Gen 9 Champions] VGC 2026 Reg M-A",
  "players": [
    "ttectonicc",
    "Rtx_sebas"
  ],
  "log": "|j|\u2606ttectonicc\n|j|\u2606Rtx_sebas\n|t:|1776305753\n|gametype|doubles\n|player|p1|ttectonicc|emmet|1148\n|player|p2|Rtx_sebas|2|1133\n|gen|9\n|tier|[Gen 9 Champions] VGC 2026 Reg M-A\n|rated|\n|rule|Species Clause: Limit one of each Pok\u00e9mon\n|rule|Item Clause: Limit 1 of each item\n|clearpoke\n|poke|p1|Glimmora, L50, F|\n|poke|p1|Excadrill, L50, M|\n|poke|p1|Tyranitar, L50, M|\n|poke|p1|Aerodactyl, L50, F|\n|poke|p1|Incineroar, L50, M|\n|poke|p1|Sableye, L50, F|\n|poke|p2|Charizard, L50, F|\n|poke|p2|Sneasler, L50, F|\n|poke|p2|Maushold, L50|\n|poke|p2|Venusaur, L50, M|\n|poke|p2|Sableye, L50, M|\n|poke|p2|Garchomp, L50, F|\n|teampreview|4\n|l|\u2606ttectonicc\n|player|p1|\n|j|\u2606ttectonicc\n|player|p1|ttectonicc|emmet|\n|\n|t:|1776305813\n|teamsize|p1|4\n|teamsize|p2|4\n|start\n|switch|p1a: Aerodactyl|Aerodactyl, L50, F|100/100\n|switch|p1b: Incineroar|Incineroar, L50, M, shiny|100/100\n|switch|p2a: Charizard|Charizard, L50, F|100/100\n|switch|p2b: Sableye|Sableye, L50, M|100/100\n|-ability|p1a: Aerodactyl|Unnerve\n|-ability|p1b: Incineroar|Intimidate|boost\n|-unboost|p2a: Charizard|atk|1\n|-unboost|p2b: Sableye|atk|1\n|turn|1\n|\n|t:|1776305832\n|move|p1a: Aerodactyl|Protect|p1a: Aerodactyl\n|-singleturn|p1a: Aerodactyl|Protect\n|move|p2a: Charizard|Protect|p2a: Charizard\n|-singleturn|p2a: Charizard|Protect\n|move|p1b: Incineroar|Fake Out|p2a: Charizard\n|-activate|p2a: Charizard|move: Protect\n|move|p2b: Sableye|Will-O-Wisp|p1a: Aerodactyl\n|-activate|p1a: Aerodactyl|move: Protect\n|\n|upkeep\n|turn|2\n|\n|t:|1776305856\n|switch|p2a: Garchomp|Garchomp, L50, F|100/100\n|move|p2b: Sableye|Will-O-Wisp|p1a: Aerodactyl\n|-status|p1a: Aerodactyl|brn\n|move|p1a: Aerodactyl|Rock Slide|p2a: Garchomp|[spread] p2a,p2b\n|-resisted|p2a: Garchomp|1\n|-damage|p2a: Garchomp|95/100\n|-damage|p2b: Sableye|84/100\n|move|p1b: Incineroar|Darkest Lariat|p2b: Sableye\n|-damage|p2b: Sableye|29/100\n|\n|-damage|p1a: Aerodactyl|95/100 brn|[from] brn\n|upkeep\n|turn|3\n|\n|t:|1776305886\n|move|p2b: Sableye|Quash|p1b: Incineroar\n|-hint|Since gen 7, Dark is immune to Prankster moves.\n|-immune|p1b: Incineroar\n|move|p1a: Aerodactyl|Tailwind|p1a: Aerodactyl\n|-sidestart|p1: ttectonicc|move: Tailwind\n|move|p1b: Incineroar|Darkest Lariat|p2a: Garchomp\n|-damage|p2a: Garchomp|54/100\n|-damage|p1b: Incineroar|88/100|[from] ability: Rough Skin|[of] p2a: Garchomp\n|move|p2a: Garchomp|Rock Slide|p1b: Incineroar|[spread] p1a\n|-miss|p2a: Garchomp|p1b: Incineroar\n|-supereffective|p1a: Aerodactyl|1\n|-damage|p1a: Aerodactyl|23/100 brn\n|\n|-damage|p1a: Aerodactyl|18/100 brn|[from] brn\n|upkeep\n|turn|4\n|\n|t:|1776305906\n|move|p2b: Sableye|Encore|p1a: Aerodactyl\n|-start|p1a: Aerodactyl|Encore\n|move|p1a: Aerodactyl|Tailwind||[still]\n|-fail|p1a: Aerodactyl\n|move|p1b: Incineroar|Flare Blitz|p2b: Sableye\n|-damage|p2b: Sableye|0 fnt\n|faint|p2b: Sableye\n|-damage|p1b: Incineroar|80/100|[from] Recoil\n|move|p2a: Garchomp|Rock Slide|p1b: Incineroar|[spread] p1a,p1b\n|-supereffective|p1a: Aerodactyl|1\n|-supereffective|p1b: Incineroar|1\n|-damage|p1a: Aerodactyl|0 fnt\n|-damage|p1b: Incineroar|27/100\n|faint|p1a: Aerodactyl\n|\n|upkeep\n|\n|t:|1776305933\n|switch|p1a: Glimmora|Glimmora, L50, F, shiny|100/100\n|switch|p2b: Charizard|Charizard, L50, F|100/100\n|turn|5\n|\n|t:|1776305953\n|move|p1a: Glimmora|Protect|p1a: Glimmora\n|-singleturn|p1a: Glimmora|Protect\n|move|p2b: Charizard|Protect|p2b: Charizard\n|-singleturn|p2b: Charizard|Protect\n|move|p1b: Incineroar|Parting Shot|p2a: Garchomp\n|-unboost|p2a: Garchomp|atk|1\n|-unboost|p2a: Garchomp|spa|1\n|\n|t:|1776305964\n|switch|p1b: Tyranitar|Tyranitar, L50, M, shiny|100/100|[from] Parting Shot\n|-weather|Sandstorm|[from] ability: Sand Stream|[of] p1b: Tyranitar\n|move|p2a: Garchomp|Earthquake|p1a: Glimmora|[spread] p1b\n|-activate|p2b: Charizard|move: Protect\n|-activate|p1a: Glimmora|move: Protect\n|-supereffective|p1b: Tyranitar|1\n|-damage|p1b: Tyranitar|51/100\n|\n|-weather|Sandstorm|[upkeep]\n|-damage|p2b: Charizard|95/100|[from] Sandstorm\n|upkeep\n|turn|6\n|\n|t:|1776305999\n|switch|p2b: Venusaur|Venusaur, L50, M|100/100\n|detailschange|p1a: Glimmora|Glimmora-Mega, L50, F, shiny\n|-mega|p1a: Glimmora|Glimmora|Glimmoranite\n|move|p1a: Glimmora|Power Gem|p2b: Venusaur\n|-damage|p2b: Venusaur|32/100\n|move|p1b: Tyranitar|Knock Off|p2a: Garchomp\n|-damage|p2a: Garchomp|8/100\n|-damage|p1b: Tyranitar|39/100|[from] ability: Rough Skin|[of] p2a: Garchomp\n|-enditem|p2a: Garchomp|Lum Berry|[from] move: Knock Off|[of] p1b: Tyranitar\n|move|p2a: Garchomp|Earthquake|p1b: Tyranitar|[spread] p2b,p1a,p1b\n|-supereffective|p1a: Glimmora|2\n|-supereffective|p1b: Tyranitar|1\n|-damage|p2b: Venusaur|0 fnt\n|-damage|p1a: Glimmora|0 fnt\n|-damage|p1b: Tyranitar|0 fnt\n|faint|p2b: Venusaur\n|faint|p1a: Glimmora\n|faint|p1b: Tyranitar\n|\n|-weather|Sandstorm|[upkeep]\n|-sideend|p1: ttectonicc|move: Tailwind\n|upkeep\n|\n|t:|1776306019\n|switch|p1a: Incineroar|Incineroar, L50, M, shiny|27/100\n|switch|p2b: Charizard|Charizard, L50, F|95/100\n|-ability|p1a: Incineroar|Intimidate|boost\n|-unboost|p2a: Garchomp|atk|1\n|-unboost|p2b: Charizard|atk|1\n|turn|7\n|\n|t:|1776306027\n|move|p2a: Garchomp|Protect|p2a: Garchomp\n|-singleturn|p2a: Garchomp|Protect\n|move|p2b: Charizard|Protect|p2b: Charizard\n|-singleturn|p2b: Charizard|Protect\n|move|p1a: Incineroar|Fake Out|p2a: Garchomp\n|-activate|p2a: Garchomp|move: Protect\n|\n|-weather|Sandstorm|[upkeep]\n|-damage|p2b: Charizard|89/100|[from] Sandstorm\n|-damage|p1a: Incineroar|21/100|[from] Sandstorm\n|upkeep\n|turn|8\n|\n|t:|1776306042\n|detailschange|p2b: Charizard|Charizard-Mega-Y, L50, F\n|-mega|p2b: Charizard|Charizard|Charizardite Y\n|-weather|SunnyDay|[from] ability: Drought|[of] p2b: Charizard\n|move|p2a: Garchomp|Earthquake|p1a: Incineroar|[spread] p1a\n|-immune|p2b: Charizard\n|-supereffective|p1a: Incineroar|1\n|-damage|p1a: Incineroar|0 fnt\n|faint|p1a: Incineroar\n|\n|win|Rtx_sebas\n|raw|ttectonicc's rating: 1148 &rarr; <strong>1122</strong><br />(-26 for losing)\n|raw|Rtx_sebas's rating: 1133 &rarr; <strong>1159</strong><br />(+26 for winning)\n",
  "uploadtime": 1776306053,
  "views": 32,
  "formatid": "gen9championsvgc2026regma",
  "rating": 1122,
  "private": 0,
  "password": null
}