{
  "id": "gen9championsvgc2026regma-2582042945",
  "format": "[Gen 9 Champions] VGC 2026 Reg M-A",
  "players": [
    "Burgerboy18",
    "chir2tra0211"
  ],
  "log": "|j|\u2606Burgerboy18\n|j|\u2606chir2tra0211\n|t:|1776051253\n|gametype|doubles\n|player|p1|Burgerboy18|1|1122\n|player|p2|chir2tra0211|roxie|1048\n|gen|9\n|tier|[Gen 9 Champions] VGC 2026 Reg M-A\n|rated|\n|rule|Species Clause: Limit one of each Pok\u00e9mon\n|rule|Item Clause: Limit 1 of each item\n|clearpoke\n|poke|p1|Scizor, L50, M|\n|poke|p1|Gengar, L50, F|\n|poke|p1|Aerodactyl, L50, F|\n|poke|p1|Raichu, L50, M|\n|poke|p1|Tauros-Paldea-Aqua, L50, M|\n|poke|p1|Sylveon, L50, F|\n|poke|p2|Floette-Eternal, L50, F|\n|poke|p2|Incineroar, L50, M|\n|poke|p2|Sinistcha, L50|\n|poke|p2|Rotom-Wash, L50|\n|poke|p2|Garchomp, L50, F|\n|poke|p2|Talonflame, L50, M|\n|teampreview|4\n|inactive|Battle timer is ON: inactive players will automatically lose when time's up. (requested by Burgerboy18)\n|\n|t:|1776051278\n|teamsize|p1|4\n|teamsize|p2|4\n|start\n|switch|p1a: Tauros|Tauros-Paldea-Aqua, L50, M|100/100\n|switch|p1b: Aerodactyl|Aerodactyl, L50, F|100/100\n|switch|p2a: Talonflame|Talonflame, L50, M|100/100\n|switch|p2b: Garchomp|Garchomp, L50, F|100/100\n|-ability|p1b: Aerodactyl|Unnerve\n|-ability|p1a: Tauros|Intimidate|boost\n|-unboost|p2a: Talonflame|atk|1\n|-unboost|p2b: Garchomp|atk|1\n|turn|1\n|\n|t:|1776051302\n|move|p2a: Talonflame|Tailwind|p2a: Talonflame\n|-sidestart|p2: chir2tra0211|move: Tailwind\n|move|p2b: Garchomp|Dragon Claw|p1b: Aerodactyl\n|-damage|p1b: Aerodactyl|58/100\n|move|p1b: Aerodactyl|Tailwind|p1b: Aerodactyl\n|-sidestart|p1: Burgerboy18|move: Tailwind\n|move|p1a: Tauros|Raging Bull|p2a: Talonflame\n|-supereffective|p2a: Talonflame|1\n|-damage|p2a: Talonflame|0 fnt\n|faint|p2a: Talonflame\n|\n|upkeep\n|\n|t:|1776051313\n|switch|p2a: Incineroar|Incineroar, L50, M|100/100\n|-ability|p2a: Incineroar|Intimidate|boost\n|-unboost|p1a: Tauros|atk|1\n|-unboost|p1b: Aerodactyl|atk|1\n|-enditem|p1a: Tauros|White Herb\n|-clearnegativeboost|p1a: Tauros|[silent]\n|turn|2\n|\n|t:|1776051328\n|move|p2a: Incineroar|Fake Out|p1a: Tauros\n|-damage|p1a: Tauros|89/100\n|move|p1b: Aerodactyl|Rock Slide|p2a: Incineroar|[spread] p2a,p2b\n|-supereffective|p2a: Incineroar|1\n|-resisted|p2b: Garchomp|1\n|-damage|p2a: Incineroar|77/100\n|-damage|p2b: Garchomp|92/100\n|move|p2b: Garchomp|Dragon Claw|p1b: Aerodactyl\n|-damage|p1b: Aerodactyl|11/100\n|cant|p1a: Tauros|flinch\n|\n|upkeep\n|turn|3\n|\n|t:|1776051347\n|switch|p1b: Scizor|Scizor, L50, M|100/100\n|move|p2b: Garchomp|Rock Slide|p1a: Tauros|[spread] p1a,p1b\n|-resisted|p1a: Tauros|1\n|-damage|p1a: Tauros|82/100\n|-damage|p1b: Scizor|85/100\n|move|p1a: Tauros|Close Combat|p2a: Incineroar\n|-supereffective|p2a: Incineroar|1\n|-enditem|p2a: Incineroar|Chople Berry|[eat]\n|-enditem|p2a: Incineroar|Chople Berry|[weaken]\n|-damage|p2a: Incineroar|38/100\n|-unboost|p1a: Tauros|def|1\n|-unboost|p1a: Tauros|spd|1\n|move|p2a: Incineroar|Parting Shot|p1a: Tauros\n|-unboost|p1a: Tauros|atk|1\n|-unboost|p1a: Tauros|spa|1\n|\n|t:|1776051361\n|switch|p2a: Floette|Floette-Eternal, L50, F|100/100|[from] Parting Shot\n|\n|upkeep\n|turn|4\n|\n|t:|1776051375\n|switch|p2b: Incineroar|Incineroar, L50, M|38/100\n|-ability|p2b: Incineroar|Intimidate|boost\n|-unboost|p1a: Tauros|atk|1\n|-unboost|p1b: Scizor|atk|1\n|switch|p1a: Aerodactyl|Aerodactyl, L50, F|11/100\n|-ability|p1a: Aerodactyl|Unnerve\n|move|p2a: Floette|Protect|p2a: Floette\n|-singleturn|p2a: Floette|Protect\n|move|p1b: Scizor|Protect||[still]\n|-fail|p1b: Scizor\n|\n|-sideend|p2: chir2tra0211|move: Tailwind\n|-sideend|p1: Burgerboy18|move: Tailwind\n|upkeep\n|turn|5\n|inactive|Burgerboy18 has 30 seconds left.\n|inactive|chir2tra0211 has 30 seconds left.\n|inactive|Burgerboy18 has 20 seconds left.\n|\n|t:|1776051412\n|switch|p1b: Tauros|Tauros-Paldea-Aqua, L50, M|82/100\n|-ability|p1b: Tauros|Intimidate|boost\n|-unboost|p2a: Floette|atk|1\n|-unboost|p2b: Incineroar|atk|1\n|detailschange|p2a: Floette|Floette-Mega, L50, F\n|-mega|p2a: Floette|Floette|Floettite\n|-ability|p2a: Floette|Fairy Aura\n|move|p2b: Incineroar|Fake Out|p1b: Tauros\n|-damage|p1b: Tauros|75/100\n|move|p1a: Aerodactyl|Tailwind|p1a: Aerodactyl\n|-sidestart|p1: Burgerboy18|move: Tailwind\n|move|p2a: Floette|Dazzling Gleam|p1b: Tauros|[spread] p1a,p1b\n|-supereffective|p1b: Tauros|1\n|-damage|p1a: Aerodactyl|0 fnt\n|-damage|p1b: Tauros|0 fnt\n|faint|p1a: Aerodactyl\n|faint|p1b: Tauros\n|\n|upkeep\n|\n|t:|1776051427\n|switch|p1a: Gengar|Gengar, L50, F|100/100\n|switch|p1b: Scizor|Scizor, L50, M|85/100\n|turn|6\n|\n|t:|1776051449\n|detailschange|p1a: Gengar|Gengar-Mega, L50, F\n|-mega|p1a: Gengar|Gengar|Gengarite\n|move|p2a: Floette|Protect|p2a: Floette\n|-singleturn|p2a: Floette|Protect\n|move|p1b: Scizor|Bullet Punch|p2a: Floette\n|-activate|p2a: Floette|move: Protect\n|move|p1a: Gengar|Sludge Wave|p2a: Floette|[spread] p2b\n|-activate|p2a: Floette|move: Protect\n|-immune|p1b: Scizor\n|-damage|p2b: Incineroar|0 fnt\n|faint|p2b: Incineroar\n|\n|upkeep\n|\n|t:|1776051462\n|switch|p2b: Garchomp|Garchomp, L50, F|92/100\n|turn|7\n|\n|t:|1776051469\n|move|p1a: Gengar|Protect|p1a: Gengar\n|-singleturn|p1a: Gengar|Protect\n|move|p1b: Scizor|Bullet Punch|p2a: Floette\n|-supereffective|p2a: Floette|1\n|-damage|p2a: Floette|20/100\n|move|p2b: Garchomp|Earthquake|p1a: Gengar|[spread] p2a,p1b\n|-activate|p1a: Gengar|move: Protect\n|-damage|p2a: Floette|0 fnt\n|-damage|p1b: Scizor|40/100\n|faint|p2a: Floette\n|\n|upkeep\n|turn|8\n|inactive|Burgerboy18 has 30 seconds left.\n|\n|t:|1776051494\n|move|p2b: Garchomp|Protect|p2b: Garchomp\n|-singleturn|p2b: Garchomp|Protect\n|move|p1a: Gengar|Shadow Ball|p2b: Garchomp\n|-activate|p2b: Garchomp|move: Protect\n|move|p1b: Scizor|Bug Bite|p2b: Garchomp\n|-activate|p2b: Garchomp|move: Protect\n|\n|-sideend|p1: Burgerboy18|move: Tailwind\n|upkeep\n|turn|9\n|\n|t:|1776051503\n|move|p1b: Scizor|Bullet Punch|p2b: Garchomp\n|-damage|p2b: Garchomp|56/100\n|-damage|p1b: Scizor|27/100|[from] ability: Rough Skin|[of] p2b: Garchomp\n|move|p1a: Gengar|Shadow Ball|p2b: Garchomp\n|-damage|p2b: Garchomp|2/100\n|move|p2b: Garchomp|Earthquake|p1a: Gengar|[spread] p1a,p1b\n|-supereffective|p1a: Gengar|1\n|-damage|p1a: Gengar|0 fnt\n|-damage|p1b: Scizor|0 fnt\n|faint|p1a: Gengar\n|faint|p1b: Scizor\n|\n|win|chir2tra0211\n|raw|Burgerboy18's rating: 1122 &rarr; <strong>1092</strong><br />(-30 for losing)\n|raw|chir2tra0211's rating: 1048 &rarr; <strong>1088</strong><br />(+40 for winning)\n",
  "uploadtime": 1776051524,
  "views": 12,
  "formatid": "gen9championsvgc2026regma",
  "rating": 1088,
  "private": 0,
  "password": null
}