{
  "id": "gen9championsvgc2026regma-2581672429",
  "format": "[Gen 9 Champions] VGC 2026 Reg M-A",
  "players": [
    "nicknicola",
    "mickxs"
  ],
  "log": "|j|\u2606nicknicola\n|j|\u2606mickxs\n|t:|1776019622\n|gametype|doubles\n|player|p1|nicknicola|266|1088\n|player|p2|mickxs|rocketgruntf|1077\n|gen|9\n|tier|[Gen 9 Champions] VGC 2026 Reg M-A\n|rated|\n|rule|Species Clause: Limit one of each Pok\u00e9mon\n|rule|Item Clause: Limit 1 of each item\n|clearpoke\n|poke|p1|Meganium, L50, M|\n|poke|p1|Pelipper, L50, M|\n|poke|p1|Incineroar, L50, M|\n|poke|p1|Basculegion, L50, M|\n|poke|p1|Sinistcha, L50|\n|poke|p1|Archaludon, L50, F|\n|poke|p2|Floette-Eternal, L50, F|\n|poke|p2|Alcremie-Rainbow-Swirl, L50, F|\n|poke|p2|Orthworm, L50, M|\n|poke|p2|Aerodactyl, L50, F|\n|poke|p2|Hippowdon, L50, F|\n|poke|p2|Dragonite, L50, F|\n|teampreview|4\n|inactive|Battle timer is ON: inactive players will automatically lose when time's up. (requested by mickxs)\n|inactive|nicknicola has 60 seconds left.\n|inactive|mickxs has 60 seconds left.\n|\n|t:|1776019657\n|teamsize|p1|4\n|teamsize|p2|4\n|start\n|switch|p1a: Meganium|Meganium, L50, M|100/100\n|switch|p1b: Pelipper|Pelipper, L50, M|100/100\n|switch|p2a: Floette|Floette-Eternal, L50, F|100/100\n|switch|p2b: Alcremie|Alcremie-Rainbow-Swirl, L50, F|100/100\n|-weather|RainDance|[from] ability: Drizzle|[of] p1b: Pelipper\n|turn|1\n|\n|t:|1776019678\n|detailschange|p2a: Floette|Floette-Mega, L50, F\n|-mega|p2a: Floette|Floette|Floettite\n|-ability|p2a: Floette|Fairy Aura\n|detailschange|p1a: Meganium|Meganium-Mega, L50, M\n|-mega|p1a: Meganium|Meganium|Meganiumite\n|move|p2b: Alcremie|Decorate|p2a: Floette\n|-boost|p2a: Floette|atk|2\n|-boost|p2a: Floette|spa|2\n|move|p2a: Floette|Dazzling Gleam|p1a: Meganium|[spread] p1a,p1b\n|-damage|p1a: Meganium|22/100\n|-enditem|p1b: Pelipper|Focus Sash\n|-damage|p1b: Pelipper|1/100\n|move|p1b: Pelipper|Hurricane|p2a: Floette\n|-damage|p2a: Floette|63/100\n|move|p1a: Meganium|Solar Beam||[still]\n|-prepare|p1a: Meganium|Solar Beam\n|-activate|p1a: Meganium|ability: Mega Sol\n|-anim|p1a: Meganium|Solar Beam|p2a: Floette\n|-damage|p2a: Floette|0 fnt\n|faint|p2a: Floette\n|\n|-weather|RainDance|[upkeep]\n|upkeep\n|inactive|mickxs has 30 seconds left.\n|\n|t:|1776019708\n|switch|p2a: Hippowdon|Hippowdon, L50, F|100/100\n|-weather|Sandstorm|[from] ability: Sand Stream|[of] p2a: Hippowdon\n|turn|2\n|\n|t:|1776019729\n|move|p2b: Alcremie|Decorate|p2a: Hippowdon\n|-boost|p2a: Hippowdon|atk|2\n|-boost|p2a: Hippowdon|spa|2\n|move|p1b: Pelipper|Tailwind|p1b: Pelipper\n|-sidestart|p1: nicknicola|move: Tailwind\n|move|p1a: Meganium|Synthesis|p1a: Meganium\n|-heal|p1a: Meganium|89/100\n|move|p2a: Hippowdon|Rock Slide|p1a: Meganium|[spread] p1a,p1b\n|-supereffective|p1b: Pelipper|1\n|-damage|p1a: Meganium|64/100\n|-damage|p1b: Pelipper|0 fnt\n|faint|p1b: Pelipper\n|\n|-weather|Sandstorm|[upkeep]\n|-damage|p1a: Meganium|58/100|[from] Sandstorm\n|-damage|p2b: Alcremie|95/100|[from] Sandstorm\n|upkeep\n|\n|t:|1776019745\n|switch|p1b: Incineroar|Incineroar, L50, M|100/100\n|-ability|p1b: Incineroar|Intimidate|boost\n|-unboost|p2a: Hippowdon|atk|1\n|-unboost|p2b: Alcremie|atk|1\n|turn|3\n|inactive|nicknicola has 30 seconds left.\n|\n|t:|1776019773\n|switch|p2b: Orthworm|Orthworm, L50, M|100/100\n|move|p1b: Incineroar|Fake Out|p2b: Orthworm\n|-resisted|p2b: Orthworm|1\n|-damage|p2b: Orthworm|97/100\n|move|p1a: Meganium|Solar Beam||[still]\n|-prepare|p1a: Meganium|Solar Beam\n|-activate|p1a: Meganium|ability: Mega Sol\n|-anim|p1a: Meganium|Solar Beam|p2a: Hippowdon\n|-supereffective|p2a: Hippowdon|1\n|-crit|p2a: Hippowdon\n|-damage|p2a: Hippowdon|0 fnt\n|faint|p2a: Hippowdon\n|\n|-weather|Sandstorm|[upkeep]\n|-damage|p1a: Meganium|52/100|[from] Sandstorm\n|-damage|p1b: Incineroar|95/100|[from] Sandstorm\n|-heal|p2b: Orthworm|100/100|[from] item: Leftovers\n|upkeep\n|\n|t:|1776019791\n|switch|p2a: Alcremie|Alcremie-Rainbow-Swirl, L50, F|95/100\n|turn|4\n|\n|t:|1776019811\n|move|p1a: Meganium|Weather Ball|p2b: Orthworm\n|-supereffective|p2b: Orthworm|1\n|-damage|p2b: Orthworm|0 fnt\n|faint|p2b: Orthworm\n|move|p2a: Alcremie|Dazzling Gleam|p1b: Incineroar|[spread] p1a,p1b\n|-damage|p1a: Meganium|32/100\n|-damage|p1b: Incineroar|77/100\n|move|p1b: Incineroar|Flare Blitz|p2a: Alcremie\n|-damage|p2a: Alcremie|21/100\n|-damage|p1b: Incineroar|56/100|[from] Recoil\n|\n|-weather|Sandstorm|[upkeep]\n|-damage|p1a: Meganium|26/100|[from] Sandstorm\n|-damage|p2a: Alcremie|15/100|[from] Sandstorm\n|-damage|p1b: Incineroar|50/100|[from] Sandstorm\n|upkeep\n|turn|5\n|-message|mickxs forfeited.\n|\n|win|nicknicola\n|raw|nicknicola's rating: 1088 &rarr; <strong>1114</strong><br />(+26 for winning)\n|raw|mickxs's rating: 1077 &rarr; <strong>1056</strong><br />(-21 for losing)\n|l|\u2606mickxs\n|player|p2|\n",
  "uploadtime": 1776019825,
  "views": 12,
  "formatid": "gen9championsvgc2026regma",
  "rating": 1056,
  "private": 0,
  "password": null
}