{
  "id": "gen9championsvgc2026regma-2584336859",
  "format": "[Gen 9 Champions] VGC 2026 Reg M-A",
  "players": [
    "TheWonderfulGirl",
    "Kiki_the_Tiki"
  ],
  "log": "|j|\u2606TheWonderfulGirl\n|j|\u2606Kiki_the_Tiki\n|t:|1776252591\n|gametype|doubles\n|player|p1|TheWonderfulGirl|pokekid|1116\n|player|p2|Kiki_the_Tiki|plasmagrunt|1173\n|gen|9\n|tier|[Gen 9 Champions] VGC 2026 Reg M-A\n|rated|\n|rule|Species Clause: Limit one of each Pok\u00e9mon\n|rule|Item Clause: Limit 1 of each item\n|clearpoke\n|poke|p1|Froslass, L50, F|\n|poke|p1|Garchomp, L50, F|\n|poke|p1|Rotom-Frost, L50|\n|poke|p1|Empoleon, L50, F|\n|poke|p1|Incineroar, L50, F|\n|poke|p1|Kingambit, L50, F|\n|poke|p2|Glimmora, L50, M|\n|poke|p2|Aegislash, L50, F|\n|poke|p2|Gardevoir, L50, M|\n|poke|p2|Talonflame, L50, M|\n|poke|p2|Sinistcha-Masterpiece, L50|\n|poke|p2|Palafin, L50, F|\n|teampreview|4\n|inactive|Battle timer is ON: inactive players will automatically lose when time's up. (requested by Kiki_the_Tiki)\n|inactive|TheWonderfulGirl also wants the timer to be on.\n|inactive|TheWonderfulGirl has 60 seconds left.\n|\n|t:|1776252627\n|teamsize|p1|4\n|teamsize|p2|4\n|start\n|switch|p1a: Rotom|Rotom-Frost, L50|100/100\n|switch|p1b: Froslass|Froslass, L50, F|100/100\n|switch|p2a: Talonflame|Talonflame, L50, M|100/100\n|switch|p2b: Palafin|Palafin, L50, F|100/100\n|turn|1\n|\n|t:|1776252643\n|detailschange|p2b: Palafin|Palafin-Hero, L50, F\n|switch|p2b: Aegislash|Aegislash, L50, F|100/100\n|detailschange|p1b: Froslass|Froslass-Mega, L50, F\n|-mega|p1b: Froslass|Froslass|Froslassite\n|-weather|Snowscape|[from] ability: Snow Warning|[of] p1b: Froslass\n|move|p1a: Rotom|Electroweb|p2b: Aegislash|[spread] p2a,p2b\n|-supereffective|p2a: Talonflame|1\n|-damage|p2a: Talonflame|38/100\n|-damage|p2b: Aegislash|88/100\n|-unboost|p2a: Talonflame|spe|1\n|-unboost|p2b: Aegislash|spe|1\n|move|p1b: Froslass|Blizzard|p2a: Talonflame|[spread] p2a,p2b\n|-resisted|p2b: Aegislash|1\n|-damage|p2a: Talonflame|0 fnt\n|-damage|p2b: Aegislash|72/100\n|faint|p2a: Talonflame\n|\n|-weather|Snowscape|[upkeep]\n|-heal|p2b: Aegislash|78/100|[from] item: Leftovers\n|upkeep\n|\n|t:|1776252660\n|switch|p2a: Glimmora|Glimmora, L50, M|100/100\n|turn|2\n|\n|t:|1776252680\n|switch|p1a: Empoleon|Empoleon, L50, F|100/100\n|switch|p1b: Incineroar|Incineroar, L50, F|100/100\n|-ability|p1b: Incineroar|Intimidate|boost\n|-unboost|p2a: Glimmora|atk|1\n|-unboost|p2b: Aegislash|atk|1\n|detailschange|p2a: Glimmora|Glimmora-Mega, L50, M\n|-mega|p2a: Glimmora|Glimmora|Glimmoranite\n|move|p2b: Aegislash|Wide Guard|p2b: Aegislash\n|-singleturn|p2b: Aegislash|Wide Guard\n|move|p2a: Glimmora|Power Gem|p1b: Incineroar\n|-supereffective|p1b: Incineroar|1\n|-damage|p1b: Incineroar|0 fnt\n|faint|p1b: Incineroar\n|\n|-weather|Snowscape|[upkeep]\n|-heal|p2b: Aegislash|84/100|[from] item: Leftovers\n|upkeep\n|\n|t:|1776252703\n|switch|p1b: Froslass|Froslass-Mega, L50, F|100/100\n|turn|3\n|\n|t:|1776252726\n|move|p2b: Aegislash|Wide Guard|p2b: Aegislash\n|-singleturn|p2b: Aegislash|Wide Guard\n|move|p1b: Froslass|Shadow Ball|p2b: Aegislash\n|-supereffective|p2b: Aegislash|1\n|-damage|p2b: Aegislash|19/100\n|move|p2a: Glimmora|Power Gem|p1b: Froslass\n|-supereffective|p1b: Froslass|1\n|-damage|p1b: Froslass|0 fnt\n|faint|p1b: Froslass\n|move|p1a: Empoleon|Water Pulse|p2a: Glimmora\n|-supereffective|p2a: Glimmora|1\n|-damage|p2a: Glimmora|31/100\n|\n|-weather|Snowscape|[upkeep]\n|-heal|p2b: Aegislash|25/100|[from] item: Leftovers\n|upkeep\n|\n|t:|1776252742\n|switch|p1b: Rotom|Rotom-Frost, L50|100/100\n|turn|4\n|inactive|TheWonderfulGirl has 30 seconds left.\n|inactive|TheWonderfulGirl has 20 seconds left.\n|\n|t:|1776252778\n|switch|p2b: Palafin|Palafin-Hero, L50, F|100/100\n|-activate|p2b: Palafin|ability: Zero to Hero\n|move|p2a: Glimmora|Spiky Shield|p2a: Glimmora\n|-singleturn|p2a: Glimmora|move: Protect\n|move|p1b: Rotom|Electroweb|p2b: Palafin|[spread] p2b\n|-activate|p2a: Glimmora|move: Protect\n|-supereffective|p2b: Palafin|1\n|-damage|p2b: Palafin|61/100\n|-unboost|p2b: Palafin|spe|1\n|move|p1a: Empoleon|Water Pulse|p2a: Glimmora\n|-activate|p2a: Glimmora|move: Protect\n|\n|-weather|Snowscape|[upkeep]\n|upkeep\n|turn|5\n|\n|t:|1776252801\n|switch|p2a: Aegislash|Aegislash, L50, F|25/100\n|move|p1b: Rotom|Electroweb|p2a: Aegislash|[spread] p2a,p2b\n|-supereffective|p2b: Palafin|1\n|-damage|p2a: Aegislash|14/100\n|-damage|p2b: Palafin|23/100\n|-unboost|p2a: Aegislash|spe|1\n|-unboost|p2b: Palafin|spe|1\n|move|p1a: Empoleon|Water Pulse|p2a: Aegislash\n|-damage|p2a: Aegislash|0 fnt\n|faint|p2a: Aegislash\n|move|p2b: Palafin|Close Combat|p1a: Empoleon\n|-supereffective|p1a: Empoleon|1\n|-damage|p1a: Empoleon|0 fnt\n|-unboost|p2b: Palafin|def|1\n|-unboost|p2b: Palafin|spd|1\n|faint|p1a: Empoleon\n|\n|-weather|none\n|upkeep\n|\n|t:|1776252816\n|switch|p2a: Glimmora|Glimmora-Mega, L50, M|31/100\n|turn|6\n|\n|t:|1776252822\n|move|p1b: Rotom|Electroweb|p2b: Palafin|[spread] p2a,p2b\n|-supereffective|p2b: Palafin|1\n|-damage|p2a: Glimmora|8/100\n|-damage|p2b: Palafin|0 fnt\n|-unboost|p2a: Glimmora|spe|1\n|faint|p2b: Palafin\n|move|p2a: Glimmora|Power Gem|p1b: Rotom\n|-supereffective|p1b: Rotom|1\n|-damage|p1b: Rotom|0 fnt\n|faint|p1b: Rotom\n|\n|win|Kiki_the_Tiki\n|raw|TheWonderfulGirl's rating: 1116 &rarr; <strong>1095</strong><br />(-21 for losing)\n|raw|Kiki_the_Tiki's rating: 1173 &rarr; <strong>1194</strong><br />(+21 for winning)\n",
  "uploadtime": 1776252829,
  "views": 23,
  "formatid": "gen9championsvgc2026regma",
  "rating": 1095,
  "private": 0,
  "password": null
}