{
  "id": "gen9championsvgc2026regma-2585193625",
  "format": "[Gen 9 Champions] VGC 2026 Reg M-A",
  "players": [
    "CEExy",
    "Endergeimer"
  ],
  "log": "|j|\u2606CEExy\n|j|\u2606Endergeimer\n|t:|1776323386\n|gametype|doubles\n|player|p1|CEExy|hilbert|1033\n|player|p2|Endergeimer|265|1018\n|gen|9\n|tier|[Gen 9 Champions] VGC 2026 Reg M-A\n|rated|\n|rule|Species Clause: Limit one of each Pok\u00e9mon\n|rule|Item Clause: Limit 1 of each item\n|clearpoke\n|poke|p1|Floette-Eternal, L50, F|\n|poke|p1|Talonflame, L50, M|\n|poke|p1|Sinistcha-Masterpiece, L50|\n|poke|p1|Kingambit, L50, F|\n|poke|p1|Heliolisk, L50, F|\n|poke|p1|Arcanine-Hisui, L50, M|\n|poke|p2|Basculegion, L50, M|\n|poke|p2|Gengar, L50, M|\n|poke|p2|Runerigus, L50, F|\n|poke|p2|Chandelure, L50, M|\n|poke|p2|Trevenant, L50, F|\n|poke|p2|Zoroark-Hisui, L50, F|\n|teampreview|4\n|c|\u2606Endergeimer|GL...\n|inactive|Battle timer is ON: inactive players will automatically lose when time's up. (requested by CEExy)\n|\n|t:|1776323463\n|teamsize|p1|4\n|teamsize|p2|4\n|start\n|switch|p1a: Kingambit|Kingambit, L50, F|100/100\n|switch|p1b: Heliolisk|Heliolisk, L50, F|100/100\n|switch|p2a: Runerigus|Runerigus, L50, F|100/100\n|switch|p2b: Chandelure|Chandelure, L50, M|100/100\n|turn|1\n|inactive|CEExy has 30 seconds left.\n|inactive|Endergeimer has 30 seconds left.\n|\n|t:|1776323494\n|switch|p2b: Basculegion|Basculegion, L50, M|100/100\n|move|p1b: Heliolisk|Electroweb|p2a: Runerigus|[spread] p2b\n|-immune|p2a: Runerigus\n|-supereffective|p2b: Basculegion|1\n|-damage|p2b: Basculegion|52/100\n|-unboost|p2b: Basculegion|spe|1\n|move|p1a: Kingambit|Kowtow Cleave|p2a: Runerigus\n|-supereffective|p2a: Runerigus|1\n|-damage|p2a: Runerigus|21/100\n|-activate|p1a: Kingambit|Skill Swap|Wandering Spirit|Defiant|[of] p2a: Runerigus\n|move|p2a: Runerigus|Earthquake|p1a: Kingambit|[spread] p2b,p1a,p1b\n|-supereffective|p1a: Kingambit|1\n|-supereffective|p1b: Heliolisk|1\n|-damage|p2b: Basculegion|22/100\n|-damage|p1a: Kingambit|60/100\n|-enditem|p1b: Heliolisk|Focus Sash\n|-damage|p1b: Heliolisk|1/100\n|\n|upkeep\n|turn|2\n|\n|t:|1776323519\n|move|p2a: Runerigus|Protect|p2a: Runerigus\n|-singleturn|p2a: Runerigus|Protect\n|move|p2b: Basculegion|Aqua Jet|p1b: Heliolisk\n|-heal|p1b: Heliolisk|26/100|[from] ability: Dry Skin|[of] p2b: Basculegion\n|move|p1b: Heliolisk|Electroweb|p2a: Runerigus|[spread] p2b\n|-activate|p2a: Runerigus|move: Protect\n|-supereffective|p2b: Basculegion|1\n|-crit|p2b: Basculegion\n|-damage|p2b: Basculegion|0 fnt\n|faint|p2b: Basculegion\n|move|p1a: Kingambit|Kowtow Cleave|p2a: Runerigus\n|-activate|p2a: Runerigus|move: Protect\n|\n|upkeep\n|\n|t:|1776323538\n|switch|p2b: Chandelure|Chandelure, L50, M|100/100\n|turn|3\n|inactive|CEExy has 30 seconds left.\n|inactive|Endergeimer has 30 seconds left.\n|\n|t:|1776323563\n|move|p1a: Kingambit|Sucker Punch|p2b: Chandelure\n|-supereffective|p2b: Chandelure|1\n|-damage|p2b: Chandelure|0 fnt\n|replace|p2b: Zoroark|Zoroark-Hisui, L50, F\n|-end|p2b: Zoroark|Illusion\n|faint|p2b: Zoroark\n|move|p1b: Heliolisk|Electroweb|p2a: Runerigus\n|-immune|p2a: Runerigus\n|move|p2a: Runerigus|Phantom Force||[still]\n|-prepare|p2a: Runerigus|Phantom Force\n|\n|upkeep\n|\n|t:|1776323572\n|switch|p2b: Chandelure|Chandelure, L50, M|100/100\n|turn|4\n|\n|t:|1776323580\n|detailschange|p2b: Chandelure|Chandelure-Mega, L50, M\n|-mega|p2b: Chandelure|Chandelure|Chandelurite\n|move|p2b: Chandelure|Protect|p2b: Chandelure\n|-singleturn|p2b: Chandelure|Protect\n|move|p1a: Kingambit|Sucker Punch||[still]\n|-fail|p1a: Kingambit\n|move|p1b: Heliolisk|Electroweb|p2a: Runerigus|[spread] \n|-miss|p1b: Heliolisk|p2a: Runerigus\n|-activate|p2b: Chandelure|move: Protect\n|move|p2a: Runerigus|Phantom Force|p1b: Heliolisk|[from] lockedmove\n|-immune|p1b: Heliolisk\n|\n|upkeep\n|turn|5\n|\n|t:|1776323598\n|move|p1b: Heliolisk|Electroweb|p2a: Runerigus|[spread] p2b\n|-immune|p2a: Runerigus\n|-damage|p2b: Chandelure|76/100\n|-unboost|p2b: Chandelure|spe|1\n|move|p2b: Chandelure|Heat Wave|p1a: Kingambit|[spread] p1a,p1b\n|-supereffective|p1a: Kingambit|1\n|-damage|p1a: Kingambit|0 fnt\n|-damage|p1b: Heliolisk|0 fnt\n|faint|p1a: Kingambit\n|faint|p1b: Heliolisk\n|move|p2a: Runerigus|Earthquake|p2b: Chandelure\n|-supereffective|p2b: Chandelure|1\n|-damage|p2b: Chandelure|0 fnt\n|faint|p2b: Chandelure\n|\n|upkeep\n|\n|t:|1776323609\n|switch|p1b: Talonflame|Talonflame, L50, M, shiny|100/100\n|switch|p1a: Floette|Floette-Eternal, L50, F|100/100\n|turn|6\n|\n|t:|1776323624\n|detailschange|p1a: Floette|Floette-Mega, L50, F\n|-mega|p1a: Floette|Floette|Floettite\n|-ability|p1a: Floette|Fairy Aura\n|move|p1b: Talonflame|Tailwind|p1b: Talonflame\n|-sidestart|p1: CEExy|move: Tailwind\n|move|p1a: Floette|Moonblast|p2a: Runerigus\n|-damage|p2a: Runerigus|0 fnt\n|faint|p2a: Runerigus\n|\n|win|CEExy\n|raw|CEExy's rating: 1033 &rarr; <strong>1067</strong><br />(+34 for winning)\n|raw|Endergeimer's rating: 1018 &rarr; <strong>1006</strong><br />(-12 for losing)\n|c|\u2606Endergeimer|GG...\n",
  "uploadtime": 1776323636,
  "views": 19,
  "formatid": "gen9championsvgc2026regma",
  "rating": 1006,
  "private": 0,
  "password": null
}