{
  "id": "gen9championsvgc2026regma-2584753460",
  "format": "[Gen 9 Champions] VGC 2026 Reg M-A",
  "players": [
    "wokemisterbeast",
    "randomn1ck"
  ],
  "log": "|j|\u2606wokemisterbeast\n|j|\u2606randomn1ck\n|t:|1776281243\n|gametype|doubles\n|player|p1|wokemisterbeast|170|1218\n|player|p2|randomn1ck|2|1259\n|gen|9\n|tier|[Gen 9 Champions] VGC 2026 Reg M-A\n|rated|\n|rule|Species Clause: Limit one of each Pok\u00e9mon\n|rule|Item Clause: Limit 1 of each item\n|clearpoke\n|poke|p1|Gallade, L50, M|\n|poke|p1|Scovillain, L50, M|\n|poke|p1|Incineroar, L50, M|\n|poke|p1|Farigiraf, L50, F|\n|poke|p1|Kingambit, L50, F|\n|poke|p1|Politoed, L50, F|\n|poke|p2|Floette-Eternal, L50, F|\n|poke|p2|Sinistcha, L50|\n|poke|p2|Aerodactyl, L50, M|\n|poke|p2|Garchomp, L50, F|\n|poke|p2|Incineroar, L50, F|\n|poke|p2|Rotom-Wash, L50|\n|teampreview|4\nwokemisterbeast rejected open team sheets.\n|inactive|Battle timer is ON: inactive players will automatically lose when time's up. (requested by wokemisterbeast)\n|inactive|wokemisterbeast has 60 seconds left.\n|inactive|randomn1ck has 60 seconds left.\n|\n|t:|1776281306\n|teamsize|p1|4\n|teamsize|p2|4\n|start\n|switch|p1a: Scovillain|Scovillain, L50, M, shiny|100/100\n|switch|p1b: Farigiraf|Farigiraf, L50, F|100/100\n|switch|p2a: Floette|Floette-Eternal, L50, F|100/100\n|switch|p2b: Incineroar|Incineroar, L50, F|100/100\n|-ability|p2b: Incineroar|Intimidate|boost\n|-unboost|p1a: Scovillain|atk|1\n|-unboost|p1b: Farigiraf|atk|1\n|turn|1\n|inactive|wokemisterbeast has 30 seconds left.\n|inactive|randomn1ck has 30 seconds left.\n|\n|t:|1776281342\n|detailschange|p2a: Floette|Floette-Mega, L50, F\n|-mega|p2a: Floette|Floette|Floettite\n|-ability|p2a: Floette|Fairy Aura\n|detailschange|p1a: Scovillain|Scovillain-Mega, L50, M, shiny\n|-mega|p1a: Scovillain|Scovillain|Scovillainite\n|move|p2a: Floette|Dazzling Gleam|p1b: Farigiraf|[spread] p1a,p1b\n|-resisted|p1a: Scovillain|1\n|-damage|p1a: Scovillain|81/100\n|-damage|p1b: Farigiraf|60/100\n|-status|p2a: Floette|brn|[from] ability: Spicy Spray|[of] p1a: Scovillain\n|move|p1a: Scovillain|Leaf Storm|p2a: Floette\n|-damage|p2a: Floette|55/100 brn\n|-unboost|p1a: Scovillain|spa|2\n|move|p2b: Incineroar|Throat Chop|p1b: Farigiraf\n|-supereffective|p1b: Farigiraf|1\n|-damage|p1b: Farigiraf|0 fnt\n|faint|p1b: Farigiraf\n|\n|-damage|p2a: Floette|49/100 brn|[from] brn\n|upkeep\n|\n|t:|1776281362\n|switch|p1b: Gallade|Gallade, L50, M, shiny|100/100\n|turn|2\n|\n|t:|1776281378\n|move|p1a: Scovillain|Rage Powder|p1a: Scovillain\n|-singleturn|p1a: Scovillain|move: Rage Powder\n|move|p2a: Floette|Moonblast|p1a: Scovillain\n|-resisted|p1a: Scovillain|1\n|-damage|p1a: Scovillain|47/100\n|move|p2b: Incineroar|Parting Shot|p1a: Scovillain\n|-unboost|p1a: Scovillain|atk|1\n|-unboost|p1a: Scovillain|spa|1\n|\n|t:|1776281387\n|switch|p2b: Sinistcha|Sinistcha, L50|100/100|[from] Parting Shot\n|-heal|p2a: Floette|74/100 brn|[from] ability: Hospitality|[of] p2b: Sinistcha\n|move|p1b: Gallade|Trick Room|p1b: Gallade\n|-fieldstart|move: Trick Room|[of] p1b: Gallade\n|\n|-damage|p2a: Floette|68/100 brn|[from] brn\n|upkeep\n|turn|3\n|inactive|wokemisterbeast has 30 seconds left.\n|\n|t:|1776281422\n|switch|p1a: Kingambit|Kingambit, L50, F|100/100\n|move|p2b: Sinistcha|Rage Powder|p2b: Sinistcha\n|-singleturn|p2b: Sinistcha|move: Rage Powder\n|move|p1b: Gallade|Psycho Cut|p2b: Sinistcha\n|-damage|p2b: Sinistcha|48/100\n|move|p2a: Floette|Dazzling Gleam|p1b: Gallade|[spread] p1a,p1b\n|-supereffective|p1b: Gallade|1\n|-damage|p1a: Kingambit|54/100\n|-damage|p1b: Gallade|22/100\n|\n|-damage|p2a: Floette|62/100 brn|[from] brn\n|upkeep\n|turn|4\n|\n|t:|1776281441\n|move|p2a: Floette|Protect|p2a: Floette\n|-singleturn|p2a: Floette|Protect\n|move|p1a: Kingambit|Kowtow Cleave|p2b: Sinistcha\n|-supereffective|p2b: Sinistcha|1\n|-damage|p2b: Sinistcha|0 fnt\n|faint|p2b: Sinistcha\n|move|p1b: Gallade|Psycho Cut|p2a: Floette\n|-activate|p2a: Floette|move: Protect\n|\n|-damage|p2a: Floette|57/100 brn|[from] brn\n|upkeep\n|\n|t:|1776281447\n|switch|p2b: Garchomp|Garchomp, L50, F|100/100\n|turn|5\n|\n|t:|1776281464\n|move|p1a: Kingambit|Iron Head|p2a: Floette\n|-supereffective|p2a: Floette|1\n|-damage|p2a: Floette|0 fnt\n|faint|p2a: Floette\n|move|p1b: Gallade|Sacred Sword|p2b: Garchomp\n|-damage|p2b: Garchomp|10/100\n|-damage|p1b: Gallade|10/100|[from] ability: Rough Skin|[of] p2b: Garchomp\n|move|p2b: Garchomp|Earthquake|p1b: Gallade|[spread] p1a,p1b\n|-supereffective|p1a: Kingambit|1\n|-damage|p1a: Kingambit|0 fnt\n|-damage|p1b: Gallade|0 fnt\n|faint|p1a: Kingambit\n|faint|p1b: Gallade\n|\n|upkeep\n|\n|t:|1776281486\n|switch|p1b: Scovillain|Scovillain-Mega, L50, M, shiny|47/100\n|switch|p2a: Incineroar|Incineroar, L50, F|100/100\n|-ability|p2a: Incineroar|Intimidate|boost\n|-unboost|p1b: Scovillain|atk|1\n|turn|6\n|\n|t:|1776281494\n|move|p1b: Scovillain|Protect|p1b: Scovillain\n|-singleturn|p1b: Scovillain|Protect\n|move|p2a: Incineroar|Fake Out|p1b: Scovillain\n|-activate|p1b: Scovillain|move: Protect\n|move|p2b: Garchomp|Stomping Tantrum|p1b: Scovillain\n|-activate|p1b: Scovillain|move: Protect\n|\n|-fieldend|move: Trick Room\n|upkeep\n|turn|7\n|\n|t:|1776281502\n|move|p2b: Garchomp|Stomping Tantrum|p1b: Scovillain\n|-damage|p1b: Scovillain|6/100\n|-status|p2b: Garchomp|brn|[from] ability: Spicy Spray|[of] p1b: Scovillain\n|move|p1b: Scovillain|Leaf Storm|p2b: Garchomp|[miss]\n|-miss|p1b: Scovillain|p2b: Garchomp\n|move|p2a: Incineroar|Flare Blitz|p1b: Scovillain\n|-damage|p1b: Scovillain|0 fnt\n|-immune|p2a: Incineroar\n|faint|p1b: Scovillain\n|-damage|p2a: Incineroar|99/100|[from] Recoil\n|\n|win|randomn1ck\n|raw|wokemisterbeast's rating: 1218 &rarr; <strong>1196</strong><br />(-22 for losing)\n|raw|randomn1ck's rating: 1259 &rarr; <strong>1281</strong><br />(+22 for winning)\n|l|\u2606wokemisterbeast\n|player|p1|\n",
  "uploadtime": 1776281509,
  "views": 26,
  "formatid": "gen9championsvgc2026regma",
  "rating": 1196,
  "private": 0,
  "password": null
}