{
  "id": "gen9championsvgc2026regma-2587031639",
  "format": "[Gen 9 Champions] VGC 2026 Reg M-A",
  "players": [
    "AceDracoSlayer97",
    "BlackWu"
  ],
  "log": "|j|\u2606AceDracoSlayer97\n|j|\u2606BlackWu\n|t:|1776483207\n|gametype|doubles\n|player|p1|AceDracoSlayer97|266|1161\n|player|p2|BlackWu|266|1259\n|gen|9\n|tier|[Gen 9 Champions] VGC 2026 Reg M-A\n|rated|\n|rule|Species Clause: Limit one of each Pok\u00e9mon\n|rule|Item Clause: Limit 1 of each item\n|clearpoke\n|poke|p1|Tyranitar, L50, M|\n|poke|p1|Incineroar, L50, F|\n|poke|p1|Garchomp, L50, M|\n|poke|p1|Whimsicott, L50, F|\n|poke|p1|Corviknight, L50, F|\n|poke|p1|Sylveon, L50, M|\n|poke|p2|Tyranitar, L50, M|\n|poke|p2|Sneasler, L50, F|\n|poke|p2|Gyarados, L50, F|\n|poke|p2|Goodra-Hisui, L50, F|\n|poke|p2|Sinistcha, L50|\n|poke|p2|Farigiraf, L50, M|\n|teampreview|4\n|\n|t:|1776483260\n|teamsize|p1|4\n|teamsize|p2|4\n|start\n|switch|p1a: Blaise|Incineroar, L50, F, shiny|100/100\n|switch|p1b: Blade|Corviknight, L50, F|100/100\n|switch|p2a: Goodra|Goodra-Hisui, L50, F|100/100\n|switch|p2b: Farigiraf|Farigiraf, L50, M|100/100\n|-ability|p1a: Blaise|Intimidate|boost\n|-unboost|p2a: Goodra|atk|1\n|-unboost|p2b: Farigiraf|atk|1\n|turn|1\n|\n|t:|1776483293\n|move|p1b: Blade|Body Press|p2a: Goodra\n|-supereffective|p2a: Goodra|1\n|-damage|p2a: Goodra|66/100\n|move|p1a: Blaise|Parting Shot|p2a: Goodra\n|-unboost|p2a: Goodra|atk|1\n|-unboost|p2a: Goodra|spa|1\n|\n|t:|1776483303\n|switch|p1a: Jaws|Garchomp, L50, M, shiny|100/100|[from] Parting Shot\n|move|p2a: Goodra|Shelter|p2a: Goodra\n|-boost|p2a: Goodra|def|2\n|move|p2b: Farigiraf|Trick Room|p2b: Farigiraf\n|-fieldstart|move: Trick Room|[of] p2b: Farigiraf\n|\n|-heal|p2a: Goodra|72/100|[from] item: Leftovers\n|upkeep\n|turn|2\n|inactive|Battle timer is ON: inactive players will automatically lose when time's up. (requested by BlackWu)\n|\n|t:|1776483333\n|move|p2b: Farigiraf|Helping Hand|p2a: Goodra\n|-singleturn|p2a: Goodra|Helping Hand|[of] p2b: Farigiraf\n|move|p1a: Jaws|Protect|p1a: Jaws\n|-singleturn|p1a: Jaws|Protect\n|move|p2a: Goodra|Body Press|p1a: Jaws\n|-activate|p1a: Jaws|move: Protect\n|move|p1b: Blade|Body Press|p2a: Goodra\n|-supereffective|p2a: Goodra|1\n|-damage|p2a: Goodra|54/100\n|\n|-heal|p2a: Goodra|60/100|[from] item: Leftovers\n|upkeep\n|turn|3\n|inactive|AceDracoSlayer97 has 30 seconds left.\n|\n|t:|1776483366\n|switch|p1a: Blaise|Incineroar, L50, F, shiny|100/100\n|-ability|p1a: Blaise|Intimidate|boost\n|-unboost|p2a: Goodra|atk|1\n|-unboost|p2b: Farigiraf|atk|1\n|move|p2b: Farigiraf|Helping Hand|p2a: Goodra\n|-singleturn|p2a: Goodra|Helping Hand|[of] p2b: Farigiraf\n|move|p2a: Goodra|Body Press|p1a: Blaise\n|-supereffective|p1a: Blaise|1\n|-damage|p1a: Blaise|0 fnt\n|faint|p1a: Blaise\n|move|p1b: Blade|Iron Defense|p1b: Blade\n|-boost|p1b: Blade|def|2\n|\n|-heal|p2a: Goodra|66/100|[from] item: Leftovers\n|upkeep\n|\n|t:|1776483383\n|switch|p1a: Jaws|Garchomp, L50, M, shiny|100/100\n|turn|4\n|\n|t:|1776483398\n|switch|p2b: Sinistcha|Sinistcha, L50|100/100\n|-heal|p2a: Goodra|90/100|[from] ability: Hospitality|[of] p2b: Sinistcha\n|move|p1a: Jaws|Protect|p1a: Jaws\n|-singleturn|p1a: Jaws|Protect\n|move|p2a: Goodra|Shelter|p2a: Goodra\n|-boost|p2a: Goodra|def|2\n|move|p1b: Blade|Body Press|p2a: Goodra\n|-supereffective|p2a: Goodra|1\n|-damage|p2a: Goodra|65/100\n|\n|-heal|p2a: Goodra|71/100|[from] item: Leftovers\n|upkeep\n|turn|5\n|inactive|AceDracoSlayer97 has 30 seconds left.\n|\n|t:|1776483426\n|detailschange|p1a: Jaws|Garchomp-Mega, L50, M, shiny\n|-mega|p1a: Jaws|Garchomp|Garchompite\n|move|p2a: Goodra|Body Press|p1a: Jaws\n|-damage|p1a: Jaws|37/100\n|move|p1b: Blade|Brave Bird|p2b: Sinistcha\n|-supereffective|p2b: Sinistcha|1\n|-damage|p2b: Sinistcha|30/100\n|-damage|p1b: Blade|80/100|[from] Recoil\n|move|p2b: Sinistcha|Life Dew|p2b: Sinistcha|[spread] p2a,p2b\n|-heal|p2a: Goodra|96/100\n|-heal|p2b: Sinistcha|55/100\n|move|p1a: Jaws|Earthquake|p2a: Goodra|[spread] p2a,p2b\n|-immune|p1b: Blade\n|-supereffective|p2a: Goodra|1\n|-resisted|p2b: Sinistcha|1\n|-damage|p2a: Goodra|73/100\n|-damage|p2b: Sinistcha|31/100\n|\n|-heal|p2a: Goodra|79/100|[from] item: Leftovers\n|-heal|p1b: Blade|86/100|[from] item: Leftovers\n|-fieldend|move: Trick Room\n|upkeep\n|turn|6\n|inactive|AceDracoSlayer97 has 30 seconds left.\n|\n|t:|1776483455\n|switch|p2b: Farigiraf|Farigiraf, L50, M|100/100\n|switch|p1b: Zilla|Tyranitar, L50, M|100/100\n|-weather|Sandstorm|[from] ability: Sand Stream|[of] p1b: Zilla\n|move|p1a: Jaws|Protect|p1a: Jaws\n|-singleturn|p1a: Jaws|Protect\n|move|p2a: Goodra|Body Press|p1a: Jaws\n|-activate|p1a: Jaws|move: Protect\n|\n|-weather|Sandstorm|[upkeep]\n|-damage|p2b: Farigiraf|94/100|[from] Sandstorm\n|-heal|p2a: Goodra|85/100|[from] item: Leftovers\n|upkeep\n|turn|7\n|inactive|BlackWu has 30 seconds left.\n|\n|t:|1776483489\n|move|p1b: Zilla|Protect|p1b: Zilla\n|-singleturn|p1b: Zilla|Protect\n|move|p1a: Jaws|Earthquake|p2b: Farigiraf|[spread] p2a,p2b\n|-activate|p1b: Zilla|move: Protect\n|-supereffective|p2a: Goodra|1\n|-damage|p2a: Goodra|52/100\n|-damage|p2b: Farigiraf|37/100\n|move|p2a: Goodra|Body Press|p1a: Jaws\n|-damage|p1a: Jaws|0 fnt\n|faint|p1a: Jaws\n|move|p2b: Farigiraf|Trick Room|p2b: Farigiraf\n|-fieldstart|move: Trick Room|[of] p2b: Farigiraf\n|\n|-weather|Sandstorm|[upkeep]\n|-damage|p2b: Farigiraf|31/100|[from] Sandstorm\n|-heal|p2a: Goodra|58/100|[from] item: Leftovers\n|upkeep\n|\n|t:|1776483505\n|switch|p1a: Blade|Corviknight, L50, F|86/100\n|turn|8\n|inactive|AceDracoSlayer97 has 30 seconds left.\n|\n|t:|1776483531\n|switch|p2b: Sinistcha|Sinistcha, L50|31/100\n|-heal|p2a: Goodra|82/100|[from] ability: Hospitality|[of] p2b: Sinistcha\n|move|p1b: Zilla|Protect||[still]\n|-fail|p1b: Zilla\n|move|p2a: Goodra|Body Press|p1b: Zilla\n|-supereffective|p1b: Zilla|2\n|-damage|p1b: Zilla|0 fnt\n|faint|p1b: Zilla\n|move|p1a: Blade|Brave Bird|p2b: Sinistcha\n|-supereffective|p2b: Sinistcha|1\n|-damage|p2b: Sinistcha|0 fnt\n|faint|p2b: Sinistcha\n|-damage|p1a: Blade|77/100|[from] Recoil\n|\n|-weather|Sandstorm|[upkeep]\n|-heal|p2a: Goodra|88/100|[from] item: Leftovers\n|-heal|p1a: Blade|83/100|[from] item: Leftovers\n|upkeep\n|\n|t:|1776483552\n|switch|p2b: Tyranitar|Tyranitar, L50, M|100/100\n|turn|9\n|\n|t:|1776483566\n|detailschange|p2b: Tyranitar|Tyranitar-Mega, L50, M\n|-mega|p2b: Tyranitar|Tyranitar|Tyranitarite\n|move|p2a: Goodra|Body Press|p1a: Blade\n|-damage|p1a: Blade|38/100\n|move|p1a: Blade|Body Press|p2b: Tyranitar\n|-supereffective|p2b: Tyranitar|2\n|-damage|p2b: Tyranitar|34/100\n|move|p2b: Tyranitar|Knock Off|p1a: Blade\n|-damage|p1a: Blade|0 fnt\n|-enditem|p1a: Blade|Leftovers|[from] move: Knock Off|[of] p2b: Tyranitar\n|faint|p1a: Blade\n|\n|win|BlackWu\n|raw|AceDracoSlayer97's rating: 1161 &rarr; <strong>1143</strong><br />(-18 for losing)\n|raw|BlackWu's rating: 1259 &rarr; <strong>1277</strong><br />(+18 for winning)\n",
  "uploadtime": 1776483571,
  "views": 17,
  "formatid": "gen9championsvgc2026regma",
  "rating": 1143,
  "private": 0,
  "password": null
}