{
  "id": "gen9championsvgc2026regma-2584146133",
  "format": "[Gen 9 Champions] VGC 2026 Reg M-A",
  "players": [
    "menoinnn",
    "cutecharmexploit"
  ],
  "log": "|j|\u2606menoinnn\n|j|\u2606cutecharmexploit\n|t:|1776230525\n|gametype|doubles\n|player|p1|menoinnn|169|\n|player|p2|cutecharmexploit|scientistf|\n|gen|9\n|tier|[Gen 9 Champions] VGC 2026 Reg M-A\n|rule|Species Clause: Limit one of each Pok\u00e9mon\n|rule|Item Clause: Limit 1 of each item\n|clearpoke\n|poke|p1|Arcanine, L50, M|\n|poke|p1|Crabominable, L50, M|\n|poke|p1|Slowking, L50, F|\n|poke|p1|Tsareena, L50, F|\n|poke|p1|Hatterene, L50, F|\n|poke|p1|Camerupt, L50, F|\n|poke|p2|Aerodactyl, L50, M|\n|poke|p2|Floette-Eternal, L50, F|\n|poke|p2|Sneasler, L50, F|\n|poke|p2|Incineroar, L50, F|\n|poke|p2|Maushold-Four, L50|\n|poke|p2|Sinistcha, L50|\n|teampreview|4\nmenoinnn rejected open team sheets.\n|\n|t:|1776230578\n|teamsize|p1|4\n|teamsize|p2|4\n|start\n|switch|p1a: Arcanine|Arcanine, L50, M|100/100\n|switch|p1b: Slowking|Slowking, L50, F|100/100\n|switch|p2a: Epic Movie|Maushold-Four, L50|100/100\n|switch|p2b: Dr Epicsauce|Aerodactyl, L50, M|100/100\n|-ability|p2b: Dr Epicsauce|Unnerve\n|-ability|p1a: Arcanine|Intimidate|boost\n|-unboost|p2a: Epic Movie|atk|1\n|-unboost|p2b: Dr Epicsauce|atk|1\n|turn|1\n|\n|t:|1776230599\n|move|p1a: Arcanine|Protect|p1a: Arcanine\n|-singleturn|p1a: Arcanine|Protect\n|move|p2b: Dr Epicsauce|Rock Slide|p1b: Slowking|[spread] p1b\n|-activate|p1a: Arcanine|move: Protect\n|-damage|p1b: Slowking|85/100\n|move|p2a: Epic Movie|Population Bomb|p1b: Slowking\n|-damage|p1b: Slowking|81/100\n|-hitcount|p1b: Slowking|1\n|cant|p1b: Slowking|flinch\n|\n|upkeep\n|turn|2\n|\n|t:|1776230623\n|move|p2b: Dr Epicsauce|Rock Slide|p1a: Arcanine|[spread] p1a,p1b\n|-supereffective|p1a: Arcanine|1\n|-damage|p1a: Arcanine|62/100\n|-damage|p1b: Slowking|64/100\n|move|p2a: Epic Movie|Population Bomb|p1b: Slowking\n|-damage|p1b: Slowking|60/100\n|-damage|p1b: Slowking|57/100\n|-damage|p1b: Slowking|53/100\n|-damage|p1b: Slowking|50/100\n|-damage|p1b: Slowking|46/100\n|-damage|p1b: Slowking|43/100\n|-damage|p1b: Slowking|39/100\n|-damage|p1b: Slowking|35/100\n|-damage|p1b: Slowking|32/100\n|-damage|p1b: Slowking|28/100\n|-hitcount|p1b: Slowking|10\n|cant|p1a: Arcanine|flinch\n|move|p1b: Slowking|Hydro Pump|p2b: Dr Epicsauce\n|-supereffective|p2b: Dr Epicsauce|1\n|-damage|p2b: Dr Epicsauce|6/100\n|\n|upkeep\n|turn|3\n|\n|t:|1776230654\n|move|p2b: Dr Epicsauce|Protect|p2b: Dr Epicsauce\n|-singleturn|p2b: Dr Epicsauce|Protect\n|move|p1a: Arcanine|Extreme Speed|p2b: Dr Epicsauce\n|-activate|p2b: Dr Epicsauce|move: Protect\n|move|p2a: Epic Movie|Population Bomb|p1b: Slowking|[miss]\n|-miss|p2a: Epic Movie|p1b: Slowking\n|move|p1b: Slowking|Trick Room|p1b: Slowking\n|-fieldstart|move: Trick Room|[of] p1b: Slowking\n|\n|upkeep\n|turn|4\n|\n|t:|1776230678\n|move|p1a: Arcanine|Extreme Speed|p2b: Dr Epicsauce\n|-resisted|p2b: Dr Epicsauce|1\n|-damage|p2b: Dr Epicsauce|0 fnt\n|faint|p2b: Dr Epicsauce\n|move|p2a: Epic Movie|Follow Me|p2a: Epic Movie\n|-singleturn|p2a: Epic Movie|move: Follow Me\n|-prepare|p1b: Slowking|Chilly Reception|[premajor]\n|move|p1b: Slowking|Chilly Reception|p1b: Slowking\n|-weather|Snowscape\n|\n|t:|1776230687\n|switch|p1b: Crabominable|Crabominable, L50, M|100/100|[from] Chilly Reception\n|\n|-weather|Snowscape|[upkeep]\n|upkeep\n|\n|t:|1776230693\n|switch|p2b: Epic (2013)|Incineroar, L50, F|100/100\n|-ability|p2b: Epic (2013)|Intimidate|boost\n|-unboost|p1a: Arcanine|atk|1\n|-fail|p1b: Crabominable|unboost|Attack|[from] ability: Hyper Cutter|[of] p1b: Crabominable\n|turn|5\n|\n|t:|1776230709\n|detailschange|p1b: Crabominable|Crabominable-Mega, L50, M\n|-mega|p1b: Crabominable|Crabominable|Crabominite\n|move|p2a: Epic Movie|Follow Me|p2a: Epic Movie\n|-singleturn|p2a: Epic Movie|move: Follow Me\n|move|p1b: Crabominable|Close Combat|p2a: Epic Movie\n|-supereffective|p2a: Epic Movie|1\n|-damage|p2a: Epic Movie|0 fnt\n|-unboost|p1b: Crabominable|def|1\n|-unboost|p1b: Crabominable|spd|1\n|faint|p2a: Epic Movie\n|move|p2b: Epic (2013)|Will-O-Wisp|p1b: Crabominable|[miss]\n|-miss|p2b: Epic (2013)|p1b: Crabominable\n|move|p1a: Arcanine|Flare Blitz|p2b: Epic (2013)\n|-resisted|p2b: Epic (2013)|1\n|-damage|p2b: Epic (2013)|89/100\n|-damage|p1a: Arcanine|58/100|[from] Recoil\n|\n|-weather|Snowscape|[upkeep]\n|upkeep\n|\n|t:|1776230724\n|switch|p2a: Freaking Epic|Floette-Eternal, L50, F|100/100\n|turn|6\n|\n|t:|1776230742\n|detailschange|p2a: Freaking Epic|Floette-Mega, L50, F\n|-mega|p2a: Freaking Epic|Floette|Floettite\n|-ability|p2a: Freaking Epic|Fairy Aura\n|move|p2a: Freaking Epic|Protect|p2a: Freaking Epic\n|-singleturn|p2a: Freaking Epic|Protect\n|move|p1b: Crabominable|Ice Hammer|p2a: Freaking Epic\n|-activate|p2a: Freaking Epic|move: Protect\n|move|p2b: Epic (2013)|Will-O-Wisp|p1b: Crabominable\n|-status|p1b: Crabominable|brn\n|move|p1a: Arcanine|Flare Blitz|p2a: Freaking Epic\n|-activate|p2a: Freaking Epic|move: Protect\n|\n|-weather|Snowscape|[upkeep]\n|-damage|p1b: Crabominable|95/100 brn|[from] brn\n|upkeep\n|turn|7\n|\n|t:|1776230769\n|move|p1b: Crabominable|Ice Hammer|p2a: Freaking Epic\n|-damage|p2a: Freaking Epic|57/100\n|-unboost|p1b: Crabominable|spe|1\n|move|p2b: Epic (2013)|Parting Shot|p1a: Arcanine\n|-unboost|p1a: Arcanine|atk|1\n|-unboost|p1a: Arcanine|spa|1\n|move|p1a: Arcanine|Flare Blitz|p2a: Freaking Epic\n|-damage|p2a: Freaking Epic|22/100\n|-damage|p1a: Arcanine|49/100|[from] Recoil\n|-enditem|p1a: Arcanine|Sitrus Berry|[eat]\n|-heal|p1a: Arcanine|74/100|[from] item: Sitrus Berry\n|move|p2a: Freaking Epic|Draining Kiss|p1b: Crabominable\n|-supereffective|p1b: Crabominable|1\n|-crit|p1b: Crabominable\n|-damage|p1b: Crabominable|0 fnt\n|-heal|p2a: Freaking Epic|100/100|[from] drain|[of] p1b: Crabominable\n|faint|p1b: Crabominable\n|\n|-weather|Snowscape|[upkeep]\n|-fieldend|move: Trick Room\n|upkeep\n|\n|t:|1776230786\n|switch|p1b: Slowking|Slowking, L50, F|28/100\n|turn|8\n|\n|t:|1776230808\n|move|p2a: Freaking Epic|Light of Ruin|p1b: Slowking\n|-damage|p1b: Slowking|0 fnt\n|faint|p1b: Slowking\n|-damage|p2a: Freaking Epic|83/100|[from] Recoil\n|move|p1a: Arcanine|Flare Blitz|p2a: Freaking Epic\n|-damage|p2a: Freaking Epic|47/100\n|-damage|p1a: Arcanine|64/100|[from] Recoil\n|move|p2b: Epic (2013)|Parting Shot|p1a: Arcanine\n|-unboost|p1a: Arcanine|atk|1\n|-unboost|p1a: Arcanine|spa|1\n|\n|-weather|none\n|upkeep\n|\n|t:|1776230818\n|switch|p1b: Tsareena|Tsareena, L50, F|100/100\n|turn|9\n|\n|t:|1776230837\n|move|p2a: Freaking Epic|Draining Kiss|p1b: Tsareena\n|-damage|p1b: Tsareena|61/100\n|-heal|p2a: Freaking Epic|80/100|[from] drain|[of] p1b: Tsareena\n|move|p1a: Arcanine|Flare Blitz|p2a: Freaking Epic\n|-damage|p2a: Freaking Epic|50/100\n|-damage|p1a: Arcanine|57/100|[from] Recoil\n|move|p1b: Tsareena|Power Whip|p2a: Freaking Epic\n|-crit|p2a: Freaking Epic\n|-damage|p2a: Freaking Epic|0 fnt\n|faint|p2a: Freaking Epic\n|move|p2b: Epic (2013)|Flare Blitz|p1b: Tsareena\n|-supereffective|p1b: Tsareena|1\n|-damage|p1b: Tsareena|0 fnt\n|faint|p1b: Tsareena\n|-damage|p2b: Epic (2013)|72/100|[from] Recoil\n|\n|upkeep\n|turn|10\n|\n|t:|1776230861\n|move|p1a: Arcanine|Extreme Speed|p2b: Epic (2013)\n|-damage|p2b: Epic (2013)|65/100\n|move|p2b: Epic (2013)|Flare Blitz|p1a: Arcanine\n|-resisted|p1a: Arcanine|1\n|-damage|p1a: Arcanine|32/100\n|-damage|p2b: Epic (2013)|57/100|[from] Recoil\n|\n|upkeep\n|turn|11\n|\n|t:|1776230875\n|move|p1a: Arcanine|Extreme Speed|p2b: Epic (2013)\n|-damage|p2b: Epic (2013)|50/100\n|-enditem|p2b: Epic (2013)|Sitrus Berry|[eat]\n|-heal|p2b: Epic (2013)|75/100|[from] item: Sitrus Berry\n|move|p2b: Epic (2013)|Flare Blitz|p1a: Arcanine\n|-resisted|p1a: Arcanine|1\n|-damage|p1a: Arcanine|7/100\n|-damage|p2b: Epic (2013)|67/100|[from] Recoil\n|\n|upkeep\n|turn|12\n|\n|t:|1776230884\n|move|p1a: Arcanine|Extreme Speed|p2b: Epic (2013)\n|-damage|p2b: Epic (2013)|61/100\n|move|p2b: Epic (2013)|Flare Blitz|p1a: Arcanine\n|-resisted|p1a: Arcanine|1\n|-damage|p1a: Arcanine|0 fnt\n|faint|p1a: Arcanine\n|-damage|p2b: Epic (2013)|59/100|[from] Recoil\n|\n|win|cutecharmexploit\n|l|\u2606menoinnn\n|player|p1|\n",
  "uploadtime": 1776231353,
  "views": 33,
  "formatid": "gen9championsvgc2026regma",
  "rating": null,
  "private": 0,
  "password": null
}