{
  "id": "gen9championsvgc2026regma-2584567921",
  "format": "[Gen 9 Champions] VGC 2026 Reg M-A",
  "players": [
    "SunnyGlideUp",
    "Vezkel"
  ],
  "log": "|j|\u2606SunnyGlideUp\n|j|\u2606Vezkel\n|t:|1776269283\n|gametype|doubles\n|player|p1|SunnyGlideUp|n|1339\n|player|p2|Vezkel|may-e|1318\n|gen|9\n|tier|[Gen 9 Champions] VGC 2026 Reg M-A\n|rated|\n|rule|Species Clause: Limit one of each Pok\u00e9mon\n|rule|Item Clause: Limit 1 of each item\n|clearpoke\n|poke|p1|Kangaskhan, L50, F|\n|poke|p1|Aegislash, L50, M|\n|poke|p1|Aerodactyl, L50, F|\n|poke|p1|Floette-Eternal, L50, F|\n|poke|p1|Tauros-Paldea-Aqua, L50, M|\n|poke|p1|Gengar, L50, M|\n|poke|p2|Charizard, L50, M|\n|poke|p2|Kingambit, L50, F|\n|poke|p2|Incineroar, L50, M|\n|poke|p2|Floette-Eternal, L50, F|\n|poke|p2|Aerodactyl, L50, M|\n|poke|p2|Sneasler, L50, F|\n|teampreview|4\n|\n|t:|1776269313\n|teamsize|p1|4\n|teamsize|p2|4\n|start\n|switch|p1a: Gengar|Gengar, L50, M|100/100\n|switch|p1b: Kangaskhan|Kangaskhan, L50, F|100/100\n|switch|p2a: Incineroar|Incineroar, L50, M|100/100\n|switch|p2b: Kingambit|Kingambit, L50, F|100/100\n|-ability|p2a: Incineroar|Intimidate|boost\n|-unboost|p1a: Gengar|atk|1\n|-fail|p1b: Kangaskhan|unboost|Attack|[from] ability: Inner Focus|[of] p1b: Kangaskhan\n|turn|1\n|\n|t:|1776269334\n|move|p1b: Kangaskhan|Fake Out|p2a: Incineroar\n|-damage|p2a: Incineroar|83/100\n|cant|p2a: Incineroar|flinch\n|move|p1a: Gengar|Trick|p2b: Kingambit\n|-activate|p1a: Gengar|move: Trick|[of] p2b: Kingambit\n|-item|p2b: Kingambit|Choice Scarf|[from] move: Trick\n|-item|p1a: Gengar|Black Glasses|[from] move: Trick\n|move|p2b: Kingambit|Kowtow Cleave|p1a: Gengar\n|-supereffective|p1a: Gengar|1\n|-damage|p1a: Gengar|0 fnt\n|faint|p1a: Gengar\n|\n|upkeep\n|\n|t:|1776269341\n|switch|p1a: Aerodactyl|Aerodactyl, L50, F|100/100\n|-ability|p1a: Aerodactyl|Unnerve\n|turn|2\n|\n|t:|1776269365\n|detailschange|p1b: Kangaskhan|Kangaskhan-Mega, L50, F\n|-mega|p1b: Kangaskhan|Kangaskhan|Kangaskhanite\n|move|p1a: Aerodactyl|Rock Slide|p2a: Incineroar|[spread] p2a,p2b\n|-supereffective|p2a: Incineroar|1\n|-resisted|p2b: Kingambit|1\n|-damage|p2a: Incineroar|35/100\n|-damage|p2b: Kingambit|91/100\n|move|p1b: Kangaskhan|Drain Punch|p2a: Incineroar\n|-supereffective|p2a: Incineroar|1\n|-damage|p2a: Incineroar|0 fnt\n|faint|p2a: Incineroar\n|-hitcount|p2: Incineroar|1\n|cant|p2b: Kingambit|flinch\n|\n|upkeep\n|\n|t:|1776269378\n|switch|p2a: Sneasler|Sneasler, L50, F|100/100\n|turn|3\n|\n|t:|1776269394\n|move|p1a: Aerodactyl|Dual Wingbeat|p2a: Sneasler\n|-supereffective|p2a: Sneasler|1\n|-damage|p2a: Sneasler|41/100\n|-supereffective|p2a: Sneasler|1\n|-damage|p2a: Sneasler|0 fnt\n|faint|p2a: Sneasler\n|-hitcount|p2: Sneasler|2\n|move|p1b: Kangaskhan|Drain Punch|p2b: Kingambit\n|-supereffective|p2b: Kingambit|2\n|-damage|p2b: Kingambit|4/100\n|-supereffective|p2b: Kingambit|2\n|-damage|p2b: Kingambit|0 fnt\n|faint|p2b: Kingambit\n|-hitcount|p2: Kingambit|2\n|\n|upkeep\n|\n|t:|1776269405\n|switch|p2b: Floette|Floette-Eternal, L50, F|100/100\n|turn|4\n|\n|t:|1776269413\n|detailschange|p2b: Floette|Floette-Mega, L50, F\n|-mega|p2b: Floette|Floette|Floettite\n|-ability|p2b: Floette|Fairy Aura\n|move|p1a: Aerodactyl|Tailwind|p1a: Aerodactyl\n|-sidestart|p1: SunnyGlideUp|move: Tailwind\n|move|p1b: Kangaskhan|Double-Edge|p2b: Floette\n|-damage|p2b: Floette|20/100\n|-damage|p2b: Floette|2/100\n|-hitcount|p2b: Floette|2\n|-damage|p1b: Kangaskhan|75/100|[from] Recoil\n|move|p2b: Floette|Dazzling Gleam|p1a: Aerodactyl|[spread] p1a,p1b\n|-damage|p1a: Aerodactyl|22/100\n|-damage|p1b: Kangaskhan|33/100\n|\n|upkeep\n|turn|5\n|\n|t:|1776269430\n|move|p1a: Aerodactyl|Rock Slide|p2b: Floette\n|-damage|p2b: Floette|0 fnt\n|faint|p2b: Floette\n|\n|win|SunnyGlideUp\n|raw|SunnyGlideUp's rating: 1339 &rarr; <strong>1358</strong><br />(+19 for winning)\n|raw|Vezkel's rating: 1318 &rarr; <strong>1299</strong><br />(-19 for losing)\n|l|\u2606Vezkel\n|player|p2|\n",
  "uploadtime": 1776269436,
  "views": 42,
  "formatid": "gen9championsvgc2026regma",
  "rating": 1299,
  "private": 0,
  "password": null
}