{
  "id": "gen9championsvgc2026regma-2588288541",
  "format": "[Gen 9 Champions] VGC 2026 Reg M-A",
  "players": [
    "jonathan53332",
    "linkmasterjr"
  ],
  "log": "|j|\u2606jonathan53332\n|j|\u2606linkmasterjr\n|html|<table width=\"100%\"><tr><td align=\"left\">jonathan53332</td><td align=\"right\">linkmasterjr</tr><tr><td align=\"left\"><i class=\"fa fa-circle\"></i> <i class=\"fa fa-circle-o\"></i> </td><td align=\"right\"><i class=\"fa fa-circle-o\"></i> <i class=\"fa fa-circle-o\"></i> </tr></table>\n|uhtml|bestof|<h2><strong>Game 2</strong> of <a href=\"/game-bestof3-gen9championsvgc2026regma-2588284602\">a best-of-3</a></h2>\n|t:|1776621249\n|gametype|doubles\n|player|p1|jonathan53332|2|\n|player|p2|linkmasterjr|102|\n|gen|9\n|tier|[Gen 9 Champions] VGC 2026 Reg M-A\n|rule|Species Clause: Limit one of each Pok\u00e9mon\n|rule|Item Clause: Limit 1 of each item\n|raw|<div class=\"infobox\"><details class=\"readmore\" open><summary><strong>1 custom rule:</strong></summary> Best of = 3</details></div>\n|clearpoke\n|poke|p1|Meganium, L50, M|\n|poke|p1|Pelipper, L50, M|\n|poke|p1|Primarina, L50, F|\n|poke|p1|Dragonite, L50, F|\n|poke|p1|Sinistcha-Masterpiece, L50, shiny|\n|poke|p1|Maushold-Four, L50, shiny|\n|poke|p2|Zoroark-Hisui, L50, F, shiny|\n|poke|p2|Greninja, L50, M|\n|poke|p2|Whimsicott, L50, F, shiny|\n|poke|p2|Dragonite, L50, M|\n|poke|p2|Kingambit, L50, M|\n|poke|p2|Sylveon, L50, M|\n|teampreview|4\n|\n|t:|1776621266\n|teamsize|p1|4\n|teamsize|p2|4\n|start\n|switch|p1a: Pelipper|Pelipper, L50, M|100/100\n|switch|p1b: Primarina|Primarina, L50, F|100/100\n|switch|p2a: Whimsicott|Whimsicott, L50, F, shiny|100/100\n|switch|p2b: Sylveon|Sylveon, L50, M|100/100\n|-weather|RainDance|[from] ability: Drizzle|[of] p1a: Pelipper\n|turn|1\n|\n|t:|1776621285\n|move|p2a: Whimsicott|Energy Ball|p1b: Primarina\n|-supereffective|p1b: Primarina|1\n|-damage|p1b: Primarina|42/100\n|move|p2b: Sylveon|Nasty Plot|p2b: Sylveon\n|-boost|p2b: Sylveon|spa|2\n|move|p1a: Pelipper|Icy Wind|p2b: Sylveon|[spread] p2a,p2b\n|-supereffective|p2a: Whimsicott|1\n|-damage|p2a: Whimsicott|65/100\n|-damage|p2b: Sylveon|77/100\n|-unboost|p2a: Whimsicott|spe|1\n|-unboost|p2b: Sylveon|spe|1\n|replace|p2b: Zoroark|Zoroark-Hisui, L50, F, shiny\n|-end|p2b: Zoroark|Illusion\n|move|p1b: Primarina|Calm Mind|p1b: Primarina\n|-boost|p1b: Primarina|spa|1\n|-boost|p1b: Primarina|spd|1\n|\n|-weather|RainDance|[upkeep]\n|-heal|p2a: Whimsicott|71/100|[from] item: Leftovers\n|-heal|p1b: Primarina|48/100|[from] item: Leftovers\n|upkeep\n|turn|2\n|\n|t:|1776621307\n|move|p1a: Pelipper|Tailwind|p1a: Pelipper\n|-sidestart|p1: jonathan53332|move: Tailwind\n|move|p1b: Primarina|Hyper Voice|p2b: Zoroark|[spread] p2a,p2b\n|-resisted|p2a: Whimsicott|1\n|-damage|p2a: Whimsicott|15/100\n|-damage|p2b: Zoroark|0 fnt\n|faint|p2b: Zoroark\n|move|p2a: Whimsicott|Energy Ball|p1b: Primarina\n|-supereffective|p1b: Primarina|1\n|-damage|p1b: Primarina|9/100\n|\n|-weather|RainDance|[upkeep]\n|-heal|p1b: Primarina|15/100|[from] item: Leftovers\n|-heal|p2a: Whimsicott|21/100|[from] item: Leftovers\n|upkeep\n|\n|t:|1776621315\n|switch|p2b: Sylveon|Sylveon, L50, M|100/100\n|turn|3\n|\n|t:|1776621328\n|move|p1a: Pelipper|Icy Wind|p2a: Whimsicott|[spread] p2a,p2b\n|-supereffective|p2a: Whimsicott|1\n|-damage|p2a: Whimsicott|0 fnt\n|-damage|p2b: Sylveon|91/100\n|-unboost|p2b: Sylveon|spe|1\n|faint|p2a: Whimsicott\n|move|p1b: Primarina|Hyper Voice|p2b: Sylveon\n|-damage|p2b: Sylveon|6/100\n|move|p2b: Sylveon|Hyper Voice|p1b: Primarina|[spread] p1a,p1b\n|-crit|p1a: Pelipper\n|-enditem|p1a: Pelipper|Focus Sash\n|-damage|p1a: Pelipper|1/100\n|-damage|p1b: Primarina|0 fnt\n|faint|p1b: Primarina\n|\n|-weather|RainDance|[upkeep]\n|upkeep\n|\n|t:|1776621344\n|switch|p2a: Kingambit|Kingambit, L50, M|100/100\n|switch|p1b: Sinistcha|Sinistcha-Masterpiece, L50, shiny|100/100\n|-heal|p1a: Pelipper|26/100|[from] ability: Hospitality|[of] p1b: Sinistcha\n|turn|4\n|\n|t:|1776621352\n|move|p2a: Kingambit|Sucker Punch||[still]\n|-fail|p2a: Kingambit\n|move|p1a: Pelipper|Icy Wind|p2a: Kingambit|[spread] p2a,p2b\n|-resisted|p2a: Kingambit|1\n|-damage|p2a: Kingambit|94/100\n|-damage|p2b: Sylveon|0 fnt\n|-unboost|p2a: Kingambit|spe|1\n|-ability|p2a: Kingambit|Defiant|boost\n|-boost|p2a: Kingambit|atk|2\n|faint|p2b: Sylveon\n|move|p1b: Sinistcha|Strength Sap|p2a: Kingambit\n|-unboost|p2a: Kingambit|atk|1\n|-ability|p2a: Kingambit|Defiant|boost\n|-boost|p2a: Kingambit|atk|2\n|\n|-weather|RainDance|[upkeep]\n|upkeep\n|turn|5\n|\n|t:|1776621372\n|move|p2a: Kingambit|Sucker Punch||[still]\n|-fail|p2a: Kingambit\n|move|p1a: Pelipper|Hurricane|p2a: Kingambit\n|-resisted|p2a: Kingambit|1\n|-damage|p2a: Kingambit|68/100\n|move|p1b: Sinistcha|Strength Sap|p2a: Kingambit\n|-unboost|p2a: Kingambit|atk|1\n|-ability|p2a: Kingambit|Defiant|boost\n|-boost|p2a: Kingambit|atk|2\n|\n|-weather|none\n|-sideend|p1: jonathan53332|move: Tailwind\n|upkeep\n|turn|6\n|\n|t:|1776621386\n|move|p2a: Kingambit|Sucker Punch|p1b: Sinistcha\n|-supereffective|p1b: Sinistcha|1\n|-damage|p1b: Sinistcha|0 fnt\n|faint|p1b: Sinistcha\n|move|p1a: Pelipper|Hurricane|p2a: Kingambit\n|-resisted|p2a: Kingambit|1\n|-damage|p2a: Kingambit|43/100\n|\n|upkeep\n|\n|t:|1776621388\n|switch|p1b: Maushold|Maushold-Four, L50, shiny|100/100\n|turn|7\n|\n|t:|1776621401\n|move|p2a: Kingambit|Sucker Punch|p1b: Maushold\n|-damage|p1b: Maushold|0 fnt\n|faint|p1b: Maushold\n|move|p1a: Pelipper|Icy Wind|p2a: Kingambit\n|-resisted|p2a: Kingambit|1\n|-damage|p2a: Kingambit|34/100\n|-unboost|p2a: Kingambit|spe|1\n|-ability|p2a: Kingambit|Defiant|boost\n|-boost|p2a: Kingambit|atk|2\n|\n|upkeep\n|turn|8\n|\n|t:|1776621406\n|move|p1a: Pelipper|Hurricane|p2a: Kingambit\n|-resisted|p2a: Kingambit|1\n|-damage|p2a: Kingambit|10/100\n|move|p2a: Kingambit|Poison Jab|p1a: Pelipper\n|-damage|p1a: Pelipper|0 fnt\n|faint|p1a: Pelipper\n|\n|win|linkmasterjr\n",
  "uploadtime": 1776621408,
  "views": 6,
  "formatid": "gen9championsvgc2026regma",
  "rating": null,
  "private": 0,
  "password": null
}