{
  "id": "gen9championsvgc2026regma-2585881185",
  "format": "[Gen 9 Champions] VGC 2026 Reg M-A",
  "players": [
    "BroDontFuckWithMe",
    "supermegaman"
  ],
  "log": "|j|\u2606BroDontFuckWithMe\n|j|\u2606supermegaman\n|t:|1776378008\n|gametype|doubles\n|player|p1|BroDontFuckWithMe|169|1247\n|player|p2|supermegaman|102|1349\n|gen|9\n|tier|[Gen 9 Champions] VGC 2026 Reg M-A\n|rated|\n|rule|Species Clause: Limit one of each Pok\u00e9mon\n|rule|Item Clause: Limit 1 of each item\n|clearpoke\n|poke|p1|Starmie, L50|\n|poke|p1|Rotom-Heat, L50|\n|poke|p1|Excadrill, L50, M|\n|poke|p1|Sinistcha, L50|\n|poke|p1|Tyranitar, L50, F|\n|poke|p1|Gardevoir, L50, M|\n|poke|p2|Pelipper, L50, M|\n|poke|p2|Sinistcha-Masterpiece, L50|\n|poke|p2|Incineroar, L50, M|\n|poke|p2|Kangaskhan, L50, F|\n|poke|p2|Azumarill, L50, F|\n|poke|p2|Sylveon, L50, M|\n|teampreview|4\n|inactive|Battle timer is ON: inactive players will automatically lose when time's up. (requested by supermegaman)\n|inactive|supermegaman has 60 seconds left.\n|\n|t:|1776378045\n|teamsize|p1|4\n|teamsize|p2|4\n|start\n|switch|p1a: Starmie|Starmie, L50|100/100\n|switch|p1b: Gardevoir|Gardevoir, L50, M|100/100\n|switch|p2a: Kangaskhan|Kangaskhan, L50, F|100/100\n|switch|p2b: Azumarill|Azumarill, L50, F|100/100\n|turn|1\n|\n|t:|1776378059\n|detailschange|p1a: Starmie|Starmie-Mega, L50\n|-mega|p1a: Starmie|Starmie|Starminite\n|detailschange|p2a: Kangaskhan|Kangaskhan-Mega, L50, F\n|-mega|p2a: Kangaskhan|Kangaskhan|Kangaskhanite\n|move|p2a: Kangaskhan|Fake Out|p1a: Starmie\n|-damage|p1a: Starmie|73/100\n|-damage|p1a: Starmie|67/100\n|-hitcount|p1a: Starmie|2\n|move|p1b: Gardevoir|Dazzling Gleam|p2b: Azumarill|[spread] p2a,p2b\n|-damage|p2a: Kangaskhan|75/100\n|-damage|p2b: Azumarill|68/100\n|cant|p1a: Starmie|flinch\n|move|p2b: Azumarill|Belly Drum|p2b: Azumarill\n|-damage|p2b: Azumarill|18/100\n|-setboost|p2b: Azumarill|atk|6|[from] move: Belly Drum\n|-enditem|p2b: Azumarill|Sitrus Berry|[eat]\n|-heal|p2b: Azumarill|43/100|[from] item: Sitrus Berry\n|\n|upkeep\n|turn|2\n|\n|t:|1776378083\n|switch|p1b: Sinistcha|Sinistcha, L50|100/100\n|-heal|p1a: Starmie|92/100|[from] ability: Hospitality|[of] p1b: Sinistcha\n|switch|p2a: Sinistcha|Sinistcha-Masterpiece, L50|100/100\n|-heal|p2b: Azumarill|67/100|[from] ability: Hospitality|[of] p2a: Sinistcha\n|move|p2b: Azumarill|Aqua Jet|p1b: Sinistcha\n|-resisted|p1b: Sinistcha|1\n|-damage|p1b: Sinistcha|54/100\n|move|p1a: Starmie|Zen Headbutt|p2b: Azumarill\n|-damage|p2b: Azumarill|0 fnt\n|faint|p2b: Azumarill\n|\n|-heal|p1b: Sinistcha|60/100|[from] item: Leftovers\n|upkeep\n|\n|t:|1776378095\n|switch|p2b: Kangaskhan|Kangaskhan-Mega, L50, F|75/100\n|turn|3\n|\n|t:|1776378100\n|move|p1a: Starmie|Protect|p1a: Starmie\n|-singleturn|p1a: Starmie|Protect\n|move|p2b: Kangaskhan|Double-Edge|p1a: Starmie\n|-activate|p1a: Starmie|move: Protect\n|move|p1b: Sinistcha|Strength Sap|p2b: Kangaskhan\n|-unboost|p2b: Kangaskhan|atk|1\n|-heal|p1b: Sinistcha|100/100\n|move|p2a: Sinistcha|Trick Room|p2a: Sinistcha\n|-fieldstart|move: Trick Room|[of] p2a: Sinistcha\n|\n|upkeep\n|turn|4\n|\n|t:|1776378108\n|switch|p2b: Incineroar|Incineroar, L50, M|100/100\n|-ability|p2b: Incineroar|Intimidate|boost\n|-unboost|p1a: Starmie|atk|1\n|-unboost|p1b: Sinistcha|atk|1\n|switch|p1a: Rotom|Rotom-Heat, L50|100/100\n|move|p2a: Sinistcha|Matcha Gotcha|p1a: Rotom|[spread] p1a,p1b\n|-resisted|p1a: Rotom|1\n|-resisted|p1b: Sinistcha|1\n|-damage|p1a: Rotom|87/100\n|-damage|p1b: Sinistcha|90/100\n|move|p1b: Sinistcha|Matcha Gotcha|p2a: Sinistcha|[spread] p2a,p2b\n|-resisted|p2a: Sinistcha|1\n|-resisted|p2b: Incineroar|1\n|-damage|p2a: Sinistcha|88/100\n|-heal|p1b: Sinistcha|97/100|[from] drain|[of] p2a: Sinistcha\n|-damage|p2b: Incineroar|92/100\n|-heal|p1b: Sinistcha|100/100|[from] drain|[of] p2b: Incineroar\n|\n|-heal|p2a: Sinistcha|94/100|[from] item: Leftovers\n|upkeep\n|turn|5\n|\n|t:|1776378124\n|move|p2a: Sinistcha|Protect|p2a: Sinistcha\n|-singleturn|p2a: Sinistcha|Protect\n|move|p2b: Incineroar|Flare Blitz|p1b: Sinistcha\n|-supereffective|p1b: Sinistcha|1\n|-crit|p1b: Sinistcha\n|-damage|p1b: Sinistcha|0 fnt\n|faint|p1b: Sinistcha\n|-damage|p2b: Incineroar|63/100|[from] Recoil\n|move|p1a: Rotom|Overheat|p2a: Sinistcha\n|-activate|p2a: Sinistcha|move: Protect\n|\n|-heal|p2a: Sinistcha|100/100|[from] item: Leftovers\n|upkeep\n|\n|t:|1776378130\n|switch|p1b: Starmie|Starmie-Mega, L50|92/100\n|turn|6\n|\n|t:|1776378139\n|move|p1b: Starmie|Protect|p1b: Starmie\n|-singleturn|p1b: Starmie|Protect\n|move|p2a: Sinistcha|Matcha Gotcha|p1b: Starmie|[spread] p1a\n|-activate|p1b: Starmie|move: Protect\n|-resisted|p1a: Rotom|1\n|-damage|p1a: Rotom|74/100\n|move|p2b: Incineroar|Throat Chop|p1b: Starmie\n|-activate|p1b: Starmie|move: Protect\n|move|p1a: Rotom|Overheat|p2a: Sinistcha\n|-supereffective|p2a: Sinistcha|1\n|-damage|p2a: Sinistcha|0 fnt\n|-unboost|p1a: Rotom|spa|2\n|faint|p2a: Sinistcha\n|\n|upkeep\n|\n|t:|1776378141\n|switch|p2a: Kangaskhan|Kangaskhan-Mega, L50, F|75/100\n|turn|7\n|\n|t:|1776378145\n|switch|p1b: Gardevoir|Gardevoir, L50, M|100/100\n|move|p2a: Kangaskhan|Fake Out|p1a: Rotom\n|-damage|p1a: Rotom|47/100\n|-enditem|p1a: Rotom|Sitrus Berry|[eat]\n|-heal|p1a: Rotom|72/100|[from] item: Sitrus Berry\n|-damage|p1a: Rotom|66/100\n|-hitcount|p1a: Rotom|2\n|move|p2b: Incineroar|Throat Chop|p1b: Gardevoir\n|-damage|p1b: Gardevoir|53/100\n|-start|p1b: Gardevoir|Throat Chop|[silent]\n|cant|p1a: Rotom|flinch\n|\n|-fieldend|move: Trick Room\n|upkeep\n|turn|8\n|\n|t:|1776378168\n|move|p1b: Gardevoir|Moonblast|p2b: Incineroar\n|-damage|p2b: Incineroar|25/100\n|move|p1a: Rotom|Thunderbolt|p2b: Incineroar\n|-damage|p2b: Incineroar|10/100\n|move|p2a: Kangaskhan|Double-Edge|p1a: Rotom\n|-damage|p1a: Rotom|0 fnt\n|faint|p1a: Rotom\n|-hitcount|p1: Rotom|1\n|-damage|p2a: Kangaskhan|59/100|[from] Recoil\n|move|p2b: Incineroar|Flare Blitz|p1b: Gardevoir\n|-damage|p1b: Gardevoir|0 fnt\n|faint|p1b: Gardevoir\n|-damage|p2b: Incineroar|0 fnt|[from] Recoil\n|faint|p2b: Incineroar\n|\n|upkeep\n|\n|t:|1776378173\n|switch|p1b: Starmie|Starmie-Mega, L50|92/100\n|turn|9\n|\n|t:|1776378177\n|move|p1b: Starmie|Aqua Jet|p2a: Kangaskhan\n|-damage|p2a: Kangaskhan|25/100\n|move|p2a: Kangaskhan|Sucker Punch||[still]\n|-fail|p2a: Kangaskhan\n|\n|upkeep\n|turn|10\n|\n|t:|1776378181\n|move|p1b: Starmie|Aqua Jet|p2a: Kangaskhan\n|-damage|p2a: Kangaskhan|0 fnt\n|faint|p2a: Kangaskhan\n|\n|win|BroDontFuckWithMe\n|raw|BroDontFuckWithMe's rating: 1247 &rarr; <strong>1279</strong><br />(+32 for winning)\n|raw|supermegaman's rating: 1349 &rarr; <strong>1323</strong><br />(-26 for losing)\n",
  "uploadtime": 1776378182,
  "views": 21,
  "formatid": "gen9championsvgc2026regma",
  "rating": 1279,
  "private": 0,
  "password": null
}