{
  "id": "gen9championsvgc2026regma-2584846510",
  "format": "[Gen 9 Champions] VGC 2026 Reg M-A",
  "players": [
    "thewxfr",
    "gasertheegyptain"
  ],
  "log": "|j|\u2606thewxfr\n|j|\u2606gasertheegyptain\n|t:|1776288242\n|gametype|doubles\n|player|p1|thewxfr|1|\n|player|p2|gasertheegyptain|unknown|\n|gen|9\n|tier|[Gen 9 Champions] VGC 2026 Reg M-A\n|rule|Species Clause: Limit one of each Pok\u00e9mon\n|rule|Item Clause: Limit 1 of each item\n|clearpoke\n|poke|p1|Scovillain, L50, F|\n|poke|p1|Toucannon, L50, M|\n|poke|p1|Zoroark-Hisui, L50, M|\n|poke|p1|Dragapult, L50, M|\n|poke|p1|Sinistcha, L50|\n|poke|p1|Basculegion, L50, M|\n|poke|p2|Raichu, L50, F|\n|poke|p2|Alcremie, L50, F|\n|poke|p2|Basculegion, L50, M|\n|poke|p2|Sinistcha-Masterpiece, L50|\n|poke|p2|Gardevoir, L50, M|\n|poke|p2|Sneasler, L50, M|\n|teampreview|4\ngasertheegyptain rejected open team sheets.\n|c|\u2606thewxfr|idk if it'll work but it'll be funny to see anyways\n|\n|t:|1776288279\n|teamsize|p1|4\n|teamsize|p2|4\n|start\n|switch|p1a: Scovillain|Scovillain, L50, F|100/100\n|switch|p1b: Toucannon|Toucannon, L50, M|100/100\n|switch|p2a: Raichu|Raichu, L50, F|100/100\n|switch|p2b: Sinistcha|Sinistcha-Masterpiece, L50|100/100\n|turn|1\n|c|\u2606gasertheegyptain|true yeah\n|\n|t:|1776288300\n|-singleturn|p1b: Toucannon|move: Beak Blast\n|move|p1a: Scovillain|Helping Hand|p1b: Toucannon\n|-singleturn|p1b: Toucannon|Helping Hand|[of] p1a: Scovillain\n|move|p2a: Raichu|Fake Out|p1a: Scovillain\n|-damage|p1a: Scovillain|89/100\n|move|p2b: Sinistcha|Strength Sap|p1b: Toucannon\n|-unboost|p1b: Toucannon|atk|1\n|move|p1b: Toucannon|Beak Blast|p2b: Sinistcha\n|-supereffective|p2b: Sinistcha|1\n|-damage|p2b: Sinistcha|16/100\n|\n|-heal|p2b: Sinistcha|22/100|[from] item: Leftovers\n|upkeep\n|turn|2\n|c|\u2606thewxfr|imagine forgetting to mega again\n|c|\u2606gasertheegyptain|ikr\n|c|\u2606gasertheegyptain|skill issue lwk\n|\n|t:|1776288331\n|detailschange|p1a: Scovillain|Scovillain-Mega, L50, F\n|-mega|p1a: Scovillain|Scovillain|Scovillainite\n|-singleturn|p1b: Toucannon|move: Beak Blast\n|move|p1a: Scovillain|Rage Powder|p1a: Scovillain\n|-singleturn|p1a: Scovillain|move: Rage Powder\n|move|p2a: Raichu|Nuzzle|p1a: Scovillain\n|-resisted|p1a: Scovillain|1\n|-damage|p1a: Scovillain|85/100\n|-status|p1a: Scovillain|par\n|-status|p2a: Raichu|brn|[from] ability: Spicy Spray|[of] p1a: Scovillain\n|move|p2b: Sinistcha|Life Dew||[still]|[spread] p2a,p2b\n|-fail|p2a: Raichu|heal\n|-heal|p2b: Sinistcha|47/100\n|move|p1b: Toucannon|Beak Blast|p2b: Sinistcha\n|-supereffective|p2b: Sinistcha|1\n|-damage|p2b: Sinistcha|0 fnt\n|faint|p2b: Sinistcha\n|\n|-damage|p2a: Raichu|95/100 brn|[from] brn\n|upkeep\n|c|\u2606thewxfr|ong\n|c|\u2606gasertheegyptain|DAMNTI\n|\n|t:|1776288348\n|switch|p2b: Gardevoir|Gardevoir, L50, M|100/100\n|-ability|p2b: Gardevoir|Spicy Spray|Trace|[from] ability: Trace|[of] p1a: Scovillain\n|turn|3\n|c|\u2606thewxfr|this is a tricky one\n|c|\u2606thewxfr|tracing spicy spray is evil\n|\n|t:|1776288389\n|switch|p2a: Alcremie|Alcremie, L50, F|100/100\n|detailschange|p2b: Gardevoir|Gardevoir-Mega, L50, M\n|-mega|p2b: Gardevoir|Gardevoir|Gardevoirite\n|move|p2b: Gardevoir|Hyper Voice|p1a: Scovillain|[spread] p1a,p1b\n|-resisted|p1a: Scovillain|1\n|-damage|p1a: Scovillain|50/100 par\n|-damage|p1b: Toucannon|41/100\n|-status|p2b: Gardevoir|brn|[from] ability: Spicy Spray|[of] p1a: Scovillain\n|-enditem|p1b: Toucannon|Sitrus Berry|[eat]\n|-heal|p1b: Toucannon|65/100|[from] item: Sitrus Berry\n|move|p1b: Toucannon|Bullet Seed|p2a: Alcremie\n|-damage|p2a: Alcremie|94/100\n|-damage|p2a: Alcremie|88/100\n|-damage|p2a: Alcremie|82/100\n|-damage|p2a: Alcremie|75/100\n|-damage|p2a: Alcremie|69/100\n|-hitcount|p2a: Alcremie|5\n|move|p1a: Scovillain|Will-O-Wisp|p2b: Gardevoir\n|-fail|p2b: Gardevoir|brn\n|\n|-damage|p2b: Gardevoir|95/100 brn|[from] brn\n|upkeep\n|turn|4\n|\n|t:|1776288401\n|-singleturn|p1b: Toucannon|move: Beak Blast\n|move|p2b: Gardevoir|Protect|p2b: Gardevoir\n|-singleturn|p2b: Gardevoir|Protect\n|move|p2a: Alcremie|Decorate|p2b: Gardevoir\n|-boost|p2b: Gardevoir|atk|2\n|-boost|p2b: Gardevoir|spa|2\n|cant|p1a: Scovillain|par\n|move|p1b: Toucannon|Beak Blast|p2a: Alcremie\n|-damage|p2a: Alcremie|30/100\n|\n|-damage|p2b: Gardevoir|89/100 brn|[from] brn\n|upkeep\n|turn|5\n|\n|t:|1776288417\n|-singleturn|p1b: Toucannon|move: Beak Blast\n|move|p2b: Gardevoir|Hyper Voice|p1b: Toucannon|[spread] p1a,p1b\n|-resisted|p1a: Scovillain|1\n|-damage|p1a: Scovillain|0 fnt\n|-damage|p1b: Toucannon|0 fnt\n|faint|p1a: Scovillain\n|faint|p1b: Toucannon\n|move|p2a: Alcremie|Recover|p2a: Alcremie\n|-heal|p2a: Alcremie|80/100\n|\n|-damage|p2b: Gardevoir|83/100 brn|[from] brn\n|upkeep\n|\n|t:|1776288423\n|switch|p1a: Dragapult|Dragapult, L50, M|100/100\n|switch|p1b: Dragapult|Dragapult, L50, M|100/100\n|turn|6\n|c|\u2606thewxfr|LMFAO\n|c|\u2606gasertheegyptain|oh for fuck sak\n|c|\u2606thewxfr|that's insane\n|c|\u2606gasertheegyptain|its not even loading it\n|c|\u2606thewxfr|which is which\n|c|\u2606gasertheegyptain|bro check this out\n|c|\u2606gasertheegyptain|check discord\n|\n|t:|1776288476\n|move|p2b: Gardevoir|Protect|p2b: Gardevoir\n|-singleturn|p2b: Gardevoir|Protect\n|move|p1b: Dragapult|Hex|p2b: Gardevoir\n|-activate|p2b: Gardevoir|move: Protect\n|move|p1a: Dragapult|Sludge Bomb|p2a: Alcremie\n|-supereffective|p2a: Alcremie|1\n|-crit|p2a: Alcremie\n|-damage|p2a: Alcremie|7/100\n|-status|p2a: Alcremie|psn\n|move|p2a: Alcremie|Decorate|p2b: Gardevoir\n|-boost|p2b: Gardevoir|atk|2\n|-boost|p2b: Gardevoir|spa|2\n|\n|-damage|p2a: Alcremie|0 fnt|[from] psn\n|faint|p2a: Alcremie\n|-damage|p2b: Gardevoir|78/100 brn|[from] brn\n|upkeep\n|\n|t:|1776288486\n|switch|p2a: Raichu|Raichu, L50, F|95/100 brn\n|turn|7\n|\n|t:|1776288492\n|move|p2a: Raichu|Protect|p2a: Raichu\n|-singleturn|p2a: Raichu|Protect\n|move|p1b: Dragapult|Hex|p2b: Gardevoir\n|-supereffective|p2b: Gardevoir|1\n|-damage|p2b: Gardevoir|0 fnt\n|faint|p2b: Gardevoir\n|move|p1a: Dragapult|Hex|p2a: Raichu\n|-activate|p2a: Raichu|move: Protect\n|\n|-damage|p2a: Raichu|89/100 brn|[from] brn\n|upkeep\n|turn|8\n|\n|t:|1776288501\n|move|p1b: Dragapult|Hex|p2a: Raichu\n|-damage|p2a: Raichu|0 fnt\n|faint|p2a: Raichu\n|\n|win|thewxfr\n|c|\u2606gasertheegyptain|damn\n|c|\u2606gasertheegyptain|it actually works well\n|c|\u2606thewxfr|burn + hex team\n|c|\u2606thewxfr|yeah\n|c|\u2606gasertheegyptain|i need to replace raichu\n|c|\u2606gasertheegyptain|its ass still\n|c|\u2606thewxfr|:')\n",
  "uploadtime": 1776288520,
  "views": 24,
  "formatid": "gen9championsvgc2026regma",
  "rating": null,
  "private": 0,
  "password": null
}