{
  "id": "gen9championsvgc2026regma-2582941802",
  "format": "[Gen 9 Champions] VGC 2026 Reg M-A",
  "players": [
    "Katarantaduhan",
    "Little Poodles"
  ],
  "log": "|j|\u2606Katarantaduhan\n|j|\u2606Little Poodles\n|t:|1776127003\n|gametype|doubles\n|player|p1|Katarantaduhan|nate|1040\n|player|p2|Little Poodles|swimmer-gen4|1041\n|gen|9\n|tier|[Gen 9 Champions] VGC 2026 Reg M-A\n|rated|\n|rule|Species Clause: Limit one of each Pok\u00e9mon\n|rule|Item Clause: Limit 1 of each item\n|clearpoke\n|poke|p1|Froslass, L50, F|\n|poke|p1|Aegislash, L50, F|\n|poke|p1|Glimmora, L50, F|\n|poke|p1|Ninetales-Alola, L50, M|\n|poke|p1|Ceruledge, L50, M|\n|poke|p1|Charizard, L50, F|\n|poke|p2|Gyarados, L50, F|\n|poke|p2|Ninetales-Alola, L50, F|\n|poke|p2|Tinkaton, L50, F|\n|poke|p2|Goodra, L50, M|\n|poke|p2|Volcarona, L50, F|\n|poke|p2|Conkeldurr, L50, M|\n|teampreview|4\n|\n|t:|1776127052\n|teamsize|p1|4\n|teamsize|p2|4\n|start\n|switch|p1a: Aegislash|Aegislash, L50, F|100/100\n|switch|p1b: Glimmora|Glimmora, L50, F|100/100\n|switch|p2a: Goodra|Goodra, L50, M|100/100\n|switch|p2b: Gyarados|Gyarados, L50, F|100/100\n|-ability|p2b: Gyarados|Intimidate|boost\n|-unboost|p1a: Aegislash|atk|1\n|-unboost|p1b: Glimmora|atk|1\n|turn|1\n|inactive|Battle timer is ON: inactive players will automatically lose when time's up. (requested by Katarantaduhan)\n|inactive|Little Poodles has 60 seconds left.\n|\n|t:|1776127088\n|detailschange|p2b: Gyarados|Gyarados-Mega, L50, F\n|-mega|p2b: Gyarados|Gyarados|Gyaradosite\n|-ability|p2b: Gyarados|Mold Breaker\n|move|p1a: Aegislash|King's Shield|p1a: Aegislash\n|-singleturn|p1a: Aegislash|Protect\n|move|p2b: Gyarados|Dragon Dance|p2b: Gyarados\n|-boost|p2b: Gyarados|atk|1\n|-boost|p2b: Gyarados|spe|1\n|move|p1b: Glimmora|Spikes|p2b: Gyarados\n|-sidestart|p2: Little Poodles|Spikes\n|move|p2a: Goodra|Thunderbolt|p1b: Glimmora\n|-damage|p1b: Glimmora|70/100\n|\n|-heal|p1b: Glimmora|76/100|[from] item: Leftovers\n|upkeep\n|turn|2\n|inactive|Little Poodles has 30 seconds left.\n|\n|t:|1776127119\n|move|p2b: Gyarados|Waterfall|p1b: Glimmora\n|-supereffective|p1b: Glimmora|1\n|-damage|p1b: Glimmora|0 fnt\n|-activate|p1b: Glimmora|ability: Toxic Debris\n|-sidestart|p2: Little Poodles|move: Toxic Spikes\n|faint|p1b: Glimmora\n|move|p2a: Goodra|Flamethrower|p1a: Aegislash\n|-supereffective|p1a: Aegislash|1\n|-damage|p1a: Aegislash|47/100\n|-formechange|p1a: Aegislash|Aegislash-Blade|\n|move|p1a: Aegislash|Sacred Sword|p2b: Gyarados\n|-supereffective|p2b: Gyarados|1\n|-damage|p2b: Gyarados|59/100\n|\n|upkeep\n|\n|t:|1776127136\n|switch|p1b: Froslass|Froslass, L50, F|100/100\n|turn|3\n|\n|t:|1776127145\n|detailschange|p1b: Froslass|Froslass-Mega, L50, F\n|-mega|p1b: Froslass|Froslass|Froslassite\n|-weather|Snowscape|[from] ability: Snow Warning|[of] p1b: Froslass\n|move|p2b: Gyarados|Crunch|p1b: Froslass\n|-supereffective|p1b: Froslass|1\n|-damage|p1b: Froslass|0 fnt\n|faint|p1b: Froslass\n|move|p2a: Goodra|Flamethrower|p1a: Aegislash\n|-supereffective|p1a: Aegislash|1\n|-crit|p1a: Aegislash\n|-damage|p1a: Aegislash|0 fnt\n|faint|p1a: Aegislash\n|\n|-weather|Snowscape|[upkeep]\n|upkeep\n|\n|t:|1776127155\n|switch|p1b: Ninetales|Ninetales-Alola, L50, M|100/100\n|turn|4\n|\n|t:|1776127165\n|move|p2b: Gyarados|Waterfall|p1b: Ninetales\n|-damage|p1b: Ninetales|17/100\n|move|p1b: Ninetales|Blizzard|p2a: Goodra|[spread] p2a,p2b\n|-supereffective|p2a: Goodra|1\n|-resisted|p2b: Gyarados|1\n|-damage|p2a: Goodra|43/100\n|-damage|p2b: Gyarados|43/100\n|move|p2a: Goodra|Sludge Bomb|p1b: Ninetales|[miss]\n|-miss|p2a: Goodra|p1b: Ninetales\n|\n|-weather|Snowscape|[upkeep]\n|upkeep\n|turn|5\n|\n|t:|1776127183\n|move|p2b: Gyarados|Waterfall|p1b: Ninetales\n|-damage|p1b: Ninetales|0 fnt\n|faint|p1b: Ninetales\n|\n|win|Little Poodles\n|raw|Katarantaduhan's rating: 1040 &rarr; <strong>1024</strong><br />(-16 for losing)\n|raw|Little Poodles's rating: 1041 &rarr; <strong>1075</strong><br />(+34 for winning)\n|l|\u2606Katarantaduhan\n|player|p1|\n|c|\u2606Little Poodles|gg\n",
  "uploadtime": 1776127192,
  "views": 12,
  "formatid": "gen9championsvgc2026regma",
  "rating": 1024,
  "private": 0,
  "password": null
}