{
  "id": "gen9championsvgc2026regma-2581378776",
  "format": "[Gen 9 Champions] VGC 2026 Reg M-A",
  "players": [
    "debouls",
    "ASUfratleadervgc"
  ],
  "log": "|j|\u2606debouls\n|j|\u2606ASUfratleadervgc\n|t:|1775993888\n|gametype|doubles\n|player|p1|debouls|2|1229\n|player|p2|ASUfratleadervgc|169|1321\n|gen|9\n|tier|[Gen 9 Champions] VGC 2026 Reg M-A\n|rated|\n|rule|Species Clause: Limit one of each Pok\u00e9mon\n|rule|Item Clause: Limit 1 of each item\n|clearpoke\n|poke|p1|Starmie, L50|\n|poke|p1|Sneasler, L50, F|\n|poke|p1|Sinistcha, L50|\n|poke|p1|Kingambit, L50, M|\n|poke|p1|Dragonite, L50, M|\n|poke|p1|Pelipper, L50, M|\n|poke|p2|Alcremie, L50, F|\n|poke|p2|Farigiraf, L50, F|\n|poke|p2|Incineroar, L50, M|\n|poke|p2|Torkoal, L50, F|\n|poke|p2|Chesnaught, L50, M|\n|poke|p2|Typhlosion-Hisui, L50, M|\n|teampreview|4\n|\n|t:|1775993917\n|teamsize|p1|4\n|teamsize|p2|4\n|start\n|switch|p1a: Starmie|Starmie, L50|100/100\n|switch|p1b: Sneasler|Sneasler, L50, F|100/100\n|switch|p2a: Farigiraf|Farigiraf, L50, F|100/100\n|switch|p2b: Typhlosion|Typhlosion-Hisui, L50, M|100/100\n|-item|p1a: Starmie|Starminite|[from] ability: Frisk|[of] p2b: Typhlosion\n|-item|p1b: Sneasler|Focus Sash|[from] ability: Frisk|[of] p2b: Typhlosion\n|turn|1\n|inactive|Battle timer is ON: inactive players will automatically lose when time's up. (requested by ASUfratleadervgc)\n|\n|t:|1775993958\n|move|p1a: Starmie|Protect|p1a: Starmie\n|-singleturn|p1a: Starmie|Protect\n|move|p2a: Farigiraf|Protect|p2a: Farigiraf\n|-singleturn|p2a: Farigiraf|Protect\n|move|p2b: Typhlosion|Eruption|p1a: Starmie|[spread] p1b\n|-activate|p1a: Starmie|move: Protect\n|-damage|p1b: Sneasler|11/100\n|move|p1b: Sneasler|Close Combat|p2a: Farigiraf\n|-activate|p2a: Farigiraf|move: Protect\n|\n|upkeep\n|turn|2\n|inactive|ASUfratleadervgc has 30 seconds left.\n|\n|t:|1775993984\n|switch|p1b: Pelipper|Pelipper, L50, M|100/100\n|-weather|RainDance|[from] ability: Drizzle|[of] p1b: Pelipper\n|switch|p2a: Chesnaught|Chesnaught, L50, M|100/100\n|detailschange|p1a: Starmie|Starmie-Mega, L50\n|-mega|p1a: Starmie|Starmie|Starminite\n|move|p2b: Typhlosion|Eruption|p1a: Starmie|[spread] p1a,p1b\n|-resisted|p1a: Starmie|1\n|-resisted|p1b: Pelipper|1\n|-damage|p1a: Starmie|81/100\n|-damage|p1b: Pelipper|74/100\n|move|p1a: Starmie|Liquidation|p2b: Typhlosion\n|-supereffective|p2b: Typhlosion|1\n|-damage|p2b: Typhlosion|0 fnt\n|faint|p2b: Typhlosion\n|\n|-weather|RainDance|[upkeep]\n|upkeep\n|\n|t:|1775993992\n|switch|p2b: Farigiraf|Farigiraf, L50, F|100/100\n|turn|3\n|\n|t:|1775994008\n|switch|p2a: Torkoal|Torkoal, L50, F|100/100\n|-weather|SunnyDay|[from] ability: Drought|[of] p2a: Torkoal\n|move|p1b: Pelipper|Hurricane|p2a: Torkoal\n|-damage|p2a: Torkoal|42/100\n|-start|p2a: Torkoal|confusion\n|move|p1a: Starmie|Liquidation|p2b: Farigiraf\n|-damage|p2b: Farigiraf|70/100\n|move|p2b: Farigiraf|Trick Room|p2b: Farigiraf\n|-fieldstart|move: Trick Room|[of] p2b: Farigiraf\n|\n|-weather|SunnyDay|[upkeep]\n|upkeep\n|turn|4\n|\n|t:|1775994029\n|switch|p2a: Chesnaught|Chesnaught, L50, M|100/100\n|switch|p1b: Sneasler|Sneasler, L50, F|11/100\n|move|p1a: Starmie|Protect|p1a: Starmie\n|-singleturn|p1a: Starmie|Protect\n|move|p2b: Farigiraf|Hyper Voice|p1b: Sneasler|[spread] p1b\n|-activate|p1a: Starmie|move: Protect\n|-damage|p1b: Sneasler|0 fnt\n|faint|p1b: Sneasler\n|\n|-weather|SunnyDay|[upkeep]\n|upkeep\n|\n|t:|1775994048\n|switch|p1b: Pelipper|Pelipper, L50, M|74/100\n|-weather|RainDance|[from] ability: Drizzle|[of] p1b: Pelipper\n|turn|5\n|\n|t:|1775994061\n|detailschange|p2a: Chesnaught|Chesnaught-Mega, L50, M\n|-mega|p2a: Chesnaught|Chesnaught|Chesnaughtite\n|move|p2b: Farigiraf|Protect|p2b: Farigiraf\n|-singleturn|p2b: Farigiraf|Protect\n|move|p2a: Chesnaught|Wood Hammer|p1b: Pelipper\n|-damage|p1b: Pelipper|0 fnt\n|faint|p1b: Pelipper\n|-damage|p2a: Chesnaught|82/100|[from] Recoil\n|move|p1a: Starmie|Liquidation|p2a: Chesnaught\n|-resisted|p2a: Chesnaught|1\n|-damage|p2a: Chesnaught|48/100\n|\n|-weather|RainDance|[upkeep]\n|upkeep\n|\n|t:|1775994075\n|switch|p1b: Dragonite|Dragonite, L50, M|100/100\n|turn|6\n|inactive|debouls has 30 seconds left.\n|\n|t:|1775994100\n|switch|p2b: Torkoal|Torkoal, L50, F|42/100\n|-weather|SunnyDay|[from] ability: Drought|[of] p2b: Torkoal\n|move|p2a: Chesnaught|Wood Hammer|p1a: Starmie\n|-supereffective|p1a: Starmie|1\n|-damage|p1a: Starmie|0 fnt\n|faint|p1a: Starmie\n|-damage|p2a: Chesnaught|28/100|[from] Recoil\n|move|p1b: Dragonite|Dragon Pulse|p2a: Chesnaught\n|-damage|p2a: Chesnaught|0 fnt\n|faint|p2a: Chesnaught\n|\n|-weather|SunnyDay|[upkeep]\n|upkeep\n|\n|t:|1775994106\n|switch|p2a: Farigiraf|Farigiraf, L50, F|70/100\n|turn|7\n|c|\u2606debouls|gg\n|\n|t:|1775994118\n|move|p1b: Dragonite|Protect|p1b: Dragonite\n|-singleturn|p1b: Dragonite|Protect\n|move|p2b: Torkoal|Weather Ball|p1b: Dragonite\n|-activate|p1b: Dragonite|move: Protect\n|move|p2a: Farigiraf|Psychic|p1b: Dragonite\n|-activate|p1b: Dragonite|move: Protect\n|\n|-weather|SunnyDay|[upkeep]\n|-fieldend|move: Trick Room\n|upkeep\n|turn|8\n|\n|t:|1775994136\n|move|p2b: Torkoal|Protect|p2b: Torkoal\n|-singleturn|p2b: Torkoal|Protect\n|move|p1b: Dragonite|Dragon Pulse|p2b: Torkoal\n|-activate|p2b: Torkoal|move: Protect\n|move|p2a: Farigiraf|Trick Room|p2a: Farigiraf\n|-fieldstart|move: Trick Room|[of] p2a: Farigiraf\n|\n|-weather|SunnyDay|[upkeep]\n|upkeep\n|turn|9\n|\n|t:|1775994142\n|move|p2b: Torkoal|Weather Ball|p1b: Dragonite\n|-resisted|p1b: Dragonite|1\n|-damage|p1b: Dragonite|63/100\n|move|p2a: Farigiraf|Psychic|p1b: Dragonite\n|-damage|p1b: Dragonite|29/100\n|move|p1b: Dragonite|Dragon Pulse|p2b: Torkoal\n|-damage|p2b: Torkoal|0 fnt\n|faint|p2b: Torkoal\n|\n|-weather|SunnyDay|[upkeep]\n|upkeep\n|turn|10\n|\n|t:|1775994152\n|move|p2a: Farigiraf|Psychic|p1b: Dragonite\n|-damage|p1b: Dragonite|0 fnt\n|faint|p1b: Dragonite\n|\n|win|ASUfratleadervgc\n|raw|debouls's rating: 1229 &rarr; <strong>1210</strong><br />(-19 for losing)\n|raw|ASUfratleadervgc's rating: 1321 &rarr; <strong>1336</strong><br />(+15 for winning)\n",
  "uploadtime": 1775994155,
  "views": 27,
  "formatid": "gen9championsvgc2026regma",
  "rating": 1210,
  "private": 0,
  "password": null
}