{
  "id": "gen9championsvgc2026regma-2588402431",
  "format": "[Gen 9 Champions] VGC 2026 Reg M-A",
  "players": [
    "nootellas",
    "Annie4U"
  ],
  "log": "|j|\u2606nootellas\n|j|\u2606Annie4U\n|t:|1776630513\n|gametype|doubles\n|player|p1|nootellas|iono|1498\n|player|p2|Annie4U|miku-water|1515\n|gen|9\n|tier|[Gen 9 Champions] VGC 2026 Reg M-A\n|rated|\n|rule|Species Clause: Limit one of each Pok\u00e9mon\n|rule|Item Clause: Limit 1 of each item\n|clearpoke\n|poke|p1|Froslass, L50, F|\n|poke|p1|Glaceon, L50, F, shiny|\n|poke|p1|Sinistcha, L50, shiny|\n|poke|p1|Garchomp, L50, F, shiny|\n|poke|p1|Incineroar, L50, M, shiny|\n|poke|p1|Azumarill, L50, M, shiny|\n|poke|p2|Kangaskhan, L50, F, shiny|\n|poke|p2|Torkoal, L50, M, shiny|\n|poke|p2|Sylveon, L50, M, shiny|\n|poke|p2|Farigiraf, L50, M, shiny|\n|poke|p2|Decidueye-Hisui, L50, M|\n|poke|p2|Kingambit, L50, F, shiny|\n|teampreview|4\n|inactive|Battle timer is ON: inactive players will automatically lose when time's up. (requested by Annie4U)\n|inactive|Annie4U has 60 seconds left.\n|\n|t:|1776630547\n|teamsize|p1|4\n|teamsize|p2|4\n|start\n|switch|p1a: Froslass|Froslass, L50, F|100/100\n|switch|p1b: Glaceon|Glaceon, L50, F, shiny|100/100\n|switch|p2a: Kangaskhan|Kangaskhan, L50, F, shiny|100/100\n|switch|p2b: Farigiraf|Farigiraf, L50, M, shiny|100/100\n|turn|1\n|inactive|nootellas has 30 seconds left.\n|\n|t:|1776630582\n|detailschange|p1a: Froslass|Froslass-Mega, L50, F\n|-mega|p1a: Froslass|Froslass|Froslassite\n|-weather|Snowscape|[from] ability: Snow Warning|[of] p1a: Froslass\n|detailschange|p2a: Kangaskhan|Kangaskhan-Mega, L50, F, shiny\n|-mega|p2a: Kangaskhan|Kangaskhan|Kangaskhanite\n|move|p1a: Froslass|Aurora Veil|p1a: Froslass\n|-sidestart|p1: nootellas|move: Aurora Veil\n|move|p2a: Kangaskhan|Crunch|p1a: Froslass\n|-supereffective|p1a: Froslass|1\n|-damage|p1a: Froslass|56/100\n|-supereffective|p1a: Froslass|1\n|-crit|p1a: Froslass\n|-damage|p1a: Froslass|32/100\n|-hitcount|p1a: Froslass|2\n|move|p1b: Glaceon|Blizzard|p2a: Kangaskhan|[spread] p2a,p2b\n|-damage|p2a: Kangaskhan|67/100\n|-damage|p2b: Farigiraf|59/100\n|-status|p2b: Farigiraf|frz\n|cant|p2b: Farigiraf|frz\n|\n|-weather|Snowscape|[upkeep]\n|upkeep\n|turn|2\n|\n|t:|1776630600\n|switch|p1a: Azumarill|Azumarill, L50, M, shiny|100/100\n|move|p2a: Kangaskhan|Hammer Arm|p1b: Glaceon|[miss]\n|-miss|p2a: Kangaskhan|p1b: Glaceon\n|move|p1b: Glaceon|Blizzard|p2b: Farigiraf|[spread] p2a,p2b\n|-damage|p2a: Kangaskhan|32/100\n|-damage|p2b: Farigiraf|18/100 frz\n|-curestatus|p2b: Farigiraf|frz|[msg]\n|move|p2b: Farigiraf|Trick Room|p2b: Farigiraf\n|-fieldstart|move: Trick Room|[of] p2b: Farigiraf\n|\n|-weather|Snowscape|[upkeep]\n|upkeep\n|turn|3\n|inactive|Annie4U has 30 seconds left.\n|\n|t:|1776630627\n|move|p1a: Azumarill|Liquidation|p2a: Kangaskhan\n|-damage|p2a: Kangaskhan|0 fnt\n|faint|p2a: Kangaskhan\n|move|p2b: Farigiraf|Hyper Voice|p1a: Azumarill|[spread] p1a\n|-miss|p2b: Farigiraf|p1b: Glaceon\n|-damage|p1a: Azumarill|82/100\n|move|p1b: Glaceon|Freeze-Dry|p2b: Farigiraf\n|-damage|p2b: Farigiraf|0 fnt\n|faint|p2b: Farigiraf\n|\n|-weather|Snowscape|[upkeep]\n|upkeep\n|\n|t:|1776630634\n|switch|p2b: Torkoal|Torkoal, L50, M, shiny|100/100\n|switch|p2a: Kingambit|Kingambit, L50, F, shiny|100/100\n|-weather|SunnyDay|[from] ability: Drought|[of] p2b: Torkoal\n|turn|4\n|\n|t:|1776630648\n|switch|p1a: Froslass|Froslass-Mega, L50, F|32/100\n|-weather|Snowscape|[from] ability: Snow Warning|[of] p1a: Froslass\n|move|p2b: Torkoal|Eruption|p1b: Glaceon|[spread] p1a\n|-miss|p2b: Torkoal|p1b: Glaceon\n|-supereffective|p1a: Froslass|1\n|-damage|p1a: Froslass|0 fnt\n|faint|p1a: Froslass\n|move|p2a: Kingambit|Iron Head|p1b: Glaceon|[miss]\n|-miss|p2a: Kingambit|p1b: Glaceon\n|move|p1b: Glaceon|Blizzard|p2a: Kingambit|[spread] p2a,p2b\n|-resisted|p2a: Kingambit|1\n|-resisted|p2b: Torkoal|1\n|-damage|p2a: Kingambit|79/100\n|-damage|p2b: Torkoal|71/100\n|\n|-weather|Snowscape|[upkeep]\n|upkeep\n|\n|t:|1776630662\n|switch|p1a: Azumarill|Azumarill, L50, M, shiny|82/100\n|turn|5\n|\n|t:|1776630670\n|move|p2b: Torkoal|Eruption|p1a: Azumarill|[spread] p1a\n|-miss|p2b: Torkoal|p1b: Glaceon\n|-resisted|p1a: Azumarill|1\n|-damage|p1a: Azumarill|67/100\n|move|p2a: Kingambit|Iron Head|p1a: Azumarill\n|-damage|p1a: Azumarill|36/100\n|move|p1a: Azumarill|Liquidation|p2b: Torkoal\n|-supereffective|p2b: Torkoal|1\n|-damage|p2b: Torkoal|0 fnt\n|faint|p2b: Torkoal\n|move|p1b: Glaceon|Blizzard|p2a: Kingambit\n|-resisted|p2a: Kingambit|1\n|-damage|p2a: Kingambit|53/100\n|\n|-weather|Snowscape|[upkeep]\n|-sideend|p1: nootellas|move: Aurora Veil\n|upkeep\n|turn|6\n|\n|t:|1776630682\n|move|p2a: Kingambit|Iron Head|p1a: Azumarill\n|-damage|p1a: Azumarill|0 fnt\n|faint|p1a: Azumarill\n|move|p1b: Glaceon|Blizzard|p2a: Kingambit\n|-resisted|p2a: Kingambit|1\n|-damage|p2a: Kingambit|24/100\n|\n|-weather|Snowscape|[upkeep]\n|-fieldend|move: Trick Room\n|upkeep\n|\n|t:|1776630685\n|switch|p1a: Sinistcha|Sinistcha, L50, shiny|100/100\n|turn|7\n|\n|t:|1776630689\n|move|p1a: Sinistcha|Rage Powder|p1a: Sinistcha\n|-singleturn|p1a: Sinistcha|move: Rage Powder\n|move|p2a: Kingambit|Sucker Punch||[still]\n|-fail|p2a: Kingambit\n|move|p1b: Glaceon|Blizzard|p2a: Kingambit\n|-resisted|p2a: Kingambit|1\n|-damage|p2a: Kingambit|0 fnt\n|faint|p2a: Kingambit\n|\n|win|nootellas\n|raw|nootellas's rating: 1498 &rarr; <strong>1519</strong><br />(+21 for winning)\n|raw|Annie4U's rating: 1515 &rarr; <strong>1494</strong><br />(-21 for losing)\n|l|\u2606Annie4U\n|player|p2|\n|l|\u2606nootellas\n|player|p1|\n",
  "uploadtime": 1776630714,
  "views": 15,
  "formatid": "gen9championsvgc2026regma",
  "rating": 1494,
  "private": 0,
  "password": null
}