{
  "id": "gen9championsvgc2026regma-2587258005",
  "format": "[Gen 9 Champions] VGC 2026 Reg M-A",
  "players": [
    "Snoopybdog",
    "campeondelfitness"
  ],
  "log": "|j|\u2606Snoopybdog\n|j|\u2606campeondelfitness\n|t:|1776515319\n|gametype|doubles\n|player|p1|Snoopybdog|lucas|1113\n|player|p2|campeondelfitness|swimmer|1200\n|gen|9\n|tier|[Gen 9 Champions] VGC 2026 Reg M-A\n|rated|\n|rule|Species Clause: Limit one of each Pok\u00e9mon\n|rule|Item Clause: Limit 1 of each item\n|clearpoke\n|poke|p1|Sylveon, L50, M|\n|poke|p1|Farigiraf, L50, M|\n|poke|p1|Whimsicott, L50, F|\n|poke|p1|Samurott-Hisui, L50, F|\n|poke|p1|Armarouge, L50, F|\n|poke|p1|Lucario, L50, M|\n|poke|p2|Tyranitar, L50, M|\n|poke|p2|Garchomp, L50, M|\n|poke|p2|Heliolisk, L50, M|\n|poke|p2|Rotom-Heat, L50|\n|poke|p2|Orthworm, L50, M|\n|poke|p2|Aerodactyl, L50, F|\n|teampreview|4\n|inactive|Battle timer is ON: inactive players will automatically lose when time's up. (requested by campeondelfitness)\n|inactive|Snoopybdog has 60 seconds left.\n|inactive|campeondelfitness has 60 seconds left.\n|\n|t:|1776515359\n|teamsize|p1|4\n|teamsize|p2|4\n|start\n|switch|p1a: Farigiraf|Farigiraf, L50, M|100/100\n|switch|p1b: Samurott|Samurott-Hisui, L50, F|100/100\n|switch|p2a: Rotom|Rotom-Heat, L50|100/100\n|switch|p2b: Aerodactyl|Aerodactyl, L50, F|100/100\n|-ability|p2b: Aerodactyl|Unnerve\n|turn|1\n|inactive|Snoopybdog has 30 seconds left.\n|inactive|campeondelfitness has 30 seconds left.\n|inactive|Snoopybdog has 20 seconds left.\n|\n|t:|1776515396\n|move|p2b: Aerodactyl|Rock Slide|p1a: Farigiraf|[spread] p1a\n|-miss|p2b: Aerodactyl|p1b: Samurott\n|-damage|p1a: Farigiraf|83/100\n|move|p2a: Rotom|Will-O-Wisp|p1b: Samurott\n|-status|p1b: Samurott|brn\n|move|p1b: Samurott|Aqua Cutter|p2a: Rotom\n|-supereffective|p2a: Rotom|1\n|-damage|p2a: Rotom|32/100\n|move|p1a: Farigiraf|Trick Room|p1a: Farigiraf\n|-fieldstart|move: Trick Room|[of] p1a: Farigiraf\n|\n|-damage|p1b: Samurott|95/100 brn|[from] brn\n|upkeep\n|turn|2\n|\n|t:|1776515420\n|switch|p2a: Orthworm|Orthworm, L50, M|100/100\n|move|p2b: Aerodactyl|Wide Guard|p2b: Aerodactyl\n|-singleturn|p2b: Aerodactyl|Wide Guard\n|move|p1a: Farigiraf|Hyper Voice|p2a: Orthworm|[spread] \n|-activate|p2a: Orthworm|move: Wide Guard\n|-activate|p2b: Aerodactyl|move: Wide Guard\n|move|p1b: Samurott|Encore||[still]\n|-fail|p1b: Samurott\n|\n|-damage|p1b: Samurott|89/100 brn|[from] brn\n|upkeep\n|turn|3\n|inactive|Snoopybdog has 30 seconds left.\n|\n|t:|1776515454\n|move|p2b: Aerodactyl|Wide Guard|p2b: Aerodactyl\n|-singleturn|p2b: Aerodactyl|Wide Guard\n|move|p1a: Farigiraf|Psychic|p2b: Aerodactyl\n|-damage|p2b: Aerodactyl|48/100\n|-unboost|p2b: Aerodactyl|spd|1\n|move|p2a: Orthworm|Shed Tail|p2a: Orthworm\n|-start|p2a: Orthworm|Substitute|[from] move: Shed Tail\n|-damage|p2a: Orthworm|50/100\n|\n|t:|1776515462\n|switch|p2a: Garchomp|Garchomp, L50, M|100/100|[from] Shed Tail\n|move|p1b: Samurott|Aqua Cutter|p2b: Aerodactyl\n|-supereffective|p2b: Aerodactyl|1\n|-crit|p2b: Aerodactyl\n|-damage|p2b: Aerodactyl|0 fnt\n|faint|p2b: Aerodactyl\n|\n|-damage|p1b: Samurott|83/100 brn|[from] brn\n|upkeep\n|\n|t:|1776515479\n|switch|p2b: Orthworm|Orthworm, L50, M|50/100\n|turn|4\n|\n|t:|1776515497\n|detailschange|p2a: Garchomp|Garchomp-Mega, L50, M\n|-mega|p2a: Garchomp|Garchomp|Garchompite\n|move|p1a: Farigiraf|Psychic|p2a: Garchomp\n|-end|p2a: Garchomp|Substitute\n|move|p2b: Orthworm|Iron Defense|p2b: Orthworm\n|-boost|p2b: Orthworm|def|2\n|move|p1b: Samurott|Aqua Cutter|p2a: Garchomp\n|-damage|p2a: Garchomp|75/100\n|move|p2a: Garchomp|Earthquake|p1b: Samurott|[spread] p1a,p1b\n|-heal|p2b: Orthworm|75/100|[from] ability: Earth Eater|[of] p2a: Garchomp\n|-damage|p1a: Farigiraf|42/100\n|-damage|p1b: Samurott|40/100 brn\n|\n|-heal|p2b: Orthworm|81/100|[from] item: Leftovers\n|-damage|p1b: Samurott|34/100 brn|[from] brn\n|upkeep\n|turn|5\n|inactive|Snoopybdog has 30 seconds left.\n|inactive|campeondelfitness has 30 seconds left.\n|\n|t:|1776515530\n|move|p2a: Garchomp|Protect|p2a: Garchomp\n|-singleturn|p2a: Garchomp|Protect\n|move|p1a: Farigiraf|Psychic|p2a: Garchomp\n|-activate|p2a: Garchomp|move: Protect\n|move|p2b: Orthworm|Body Press|p1b: Samurott\n|-supereffective|p1b: Samurott|1\n|-damage|p1b: Samurott|0 fnt\n|faint|p1b: Samurott\n|\n|-heal|p2b: Orthworm|88/100|[from] item: Leftovers\n|-fieldend|move: Trick Room\n|upkeep\n|\n|t:|1776515552\n|switch|p1b: Lucario|Lucario, L50, M|100/100\n|turn|6\n|\n|t:|1776515568\n|detailschange|p1b: Lucario|Lucario-Mega, L50, M\n|-mega|p1b: Lucario|Lucario|Lucarionite\n|move|p1b: Lucario|High Jump Kick|p2a: Garchomp\n|-damage|p2a: Garchomp|0 fnt\n|faint|p2a: Garchomp\n|move|p2b: Orthworm|Body Press|p1a: Farigiraf\n|-damage|p1a: Farigiraf|0 fnt\n|faint|p1a: Farigiraf\n|\n|-heal|p2b: Orthworm|94/100|[from] item: Leftovers\n|upkeep\n|\n|t:|1776515582\n|switch|p2a: Rotom|Rotom-Heat, L50|32/100\n|switch|p1a: Armarouge|Armarouge, L50, F|100/100\n|turn|7\n|-message|campeondelfitness forfeited.\n|\n|win|Snoopybdog\n|raw|Snoopybdog's rating: 1113 &rarr; <strong>1144</strong><br />(+31 for winning)\n|raw|campeondelfitness's rating: 1200 &rarr; <strong>1169</strong><br />(-31 for losing)\n",
  "uploadtime": 1776515596,
  "views": 23,
  "formatid": "gen9championsvgc2026regma",
  "rating": 1144,
  "private": 0,
  "password": null
}