{
  "id": "gen9championsvgc2026regma-2588243002",
  "format": "[Gen 9 Champions] VGC 2026 Reg M-A",
  "players": [
    "azorions",
    "TheBallistic1"
  ],
  "log": "|j|\u2606azorions\n|j|\u2606TheBallistic1\n|html|<table width=\"100%\"><tr><td align=\"left\">azorions</td><td align=\"right\">TheBallistic1</tr><tr><td align=\"left\"><i class=\"fa fa-circle-o\"></i> <i class=\"fa fa-circle-o\"></i> </td><td align=\"right\"><i class=\"fa fa-circle-o\"></i> <i class=\"fa fa-circle-o\"></i> </tr></table>\n|uhtml|bestof|<h2><strong>Game 1</strong> of <a href=\"/game-bestof3-gen9championsvgc2026regma-2588243001\">a best-of-3</a></h2>\n|t:|1776617457\n|gametype|doubles\n|player|p1|azorions|falkner|\n|player|p2|TheBallistic1|colress|\n|gen|9\n|tier|[Gen 9 Champions] VGC 2026 Reg M-A\n|rated|Tournament battle\n|rule|Species Clause: Limit one of each Pok\u00e9mon\n|rule|Item Clause: Limit 1 of each item\n|raw|<div class=\"infobox\"><details class=\"readmore\" open><summary><strong>1 custom rule:</strong></summary> Best of = 3</details></div>\n|clearpoke\n|poke|p1|Corviknight, L50, F, shiny|\n|poke|p1|Volcarona, L50, M, shiny|\n|poke|p1|Ninetales-Alola, L50, M, shiny|\n|poke|p1|Sneasler, L50, M, shiny|\n|poke|p1|Basculegion, L50, M, shiny|\n|poke|p1|Manectric, L50, M, shiny|\n|poke|p2|Floette-Eternal, L50, F|\n|poke|p2|Charizard, L50, M|\n|poke|p2|Sneasler, L50, F|\n|poke|p2|Milotic, L50, F|\n|poke|p2|Incineroar, L50, F|\n|poke|p2|Sinistcha, L50|\n|teampreview|4\n|inactive|Battle timer is ON: inactive players will automatically lose when time's up. (requested by azorions)\n|c|\u2606azorions|Glhf\nTheBallistic1 has agreed to open team sheets.\n|j| Tealnotsu\nazorions has agreed to open team sheets.\n|showteam|p1|Corviknight||SitrusBerry|MirrorArmor|Roost,BraveBird,BodyPress,IronDefense|||F|||50|]Volcarona||Leftovers|FlameBody|Protect,GigaDrain,HeatWave,QuiverDance|||M|||50|]Ninetales-Alola||FocusSash|SnowWarning|Protect,Encore,Blizzard,AuroraVeil|||M|||50|]Sneasler||WhiteHerb|Unburden|Protect,FakeOut,DireClaw,CloseCombat|||M|||50|]Basculegion||ChoiceScarf|Adaptability|FlipTurn,AquaJet,WaveCrash,LastRespects|||M|||50|]Manectric||Manectite|Static|Protect,Snarl,VoltSwitch,Thunderbolt|||M|||50|\n|showteam|p2|Floette-Eternal||Floettite|FlowerVeil|Protect,Psychic,Moonblast,DazzlingGleam|||F|||50|]Charizard||CharizarditeY|Blaze|Protect,SolarBeam,HeatWave,AirSlash|||M|||50|]Sneasler||WhiteHerb|Unburden|FakeOut,ThroatChop,CloseCombat,DireClaw|||F|||50|]Milotic||Leftovers|Competitive|Protect,Haze,Scald,IceBeam|||F|||50|]Incineroar||SitrusBerry|Intimidate|FakeOut,PartingShot,FlareBlitz,DarkestLariat|||F|||50|]Sinistcha||KasibBerry|Hospitality|Protect,RagePowder,MatchaGotcha,TrickRoom||||||50|\n|inactive|TheBallistic1 has 60 seconds left.\n|l| Tealnotsu\n|\n|t:|1776617489\n|teamsize|p1|4\n|teamsize|p2|4\n|start\n|switch|p1a: Manectric|Manectric, L50, M, shiny|100/100\n|switch|p1b: Volcarona|Volcarona, L50, M, shiny|100/100\n|switch|p2a: Charizard|Charizard, L50, M|100/100\n|switch|p2b: Sneasler|Sneasler, L50, F|100/100\n|turn|1\n|inactive|TheBallistic1 has 30 seconds left.\n|\n|t:|1776617523\n|detailschange|p2a: Charizard|Charizard-Mega-Y, L50, M\n|-mega|p2a: Charizard|Charizard|Charizardite Y\n|-weather|SunnyDay|[from] ability: Drought|[of] p2a: Charizard\n|move|p1a: Manectric|Protect|p1a: Manectric\n|-singleturn|p1a: Manectric|Protect\n|move|p1b: Volcarona|Protect|p1b: Volcarona\n|-singleturn|p1b: Volcarona|Protect\n|move|p2b: Sneasler|Fake Out|p1a: Manectric\n|-activate|p1a: Manectric|move: Protect\n|move|p2a: Charizard|Air Slash|p1b: Volcarona\n|-activate|p1b: Volcarona|move: Protect\n|\n|-weather|SunnyDay|[upkeep]\n|upkeep\n|turn|2\n|\n|t:|1776617542\n|detailschange|p1a: Manectric|Manectric-Mega, L50, M, shiny\n|-mega|p1a: Manectric|Manectric|Manectite\n|-ability|p1a: Manectric|Intimidate|boost\n|-unboost|p2a: Charizard|atk|1\n|-unboost|p2b: Sneasler|atk|1\n|-enditem|p2b: Sneasler|White Herb\n|-clearnegativeboost|p2b: Sneasler|[silent]\n|move|p2b: Sneasler|Close Combat|p1a: Manectric\n|-damage|p1a: Manectric|7/100\n|-unboost|p2b: Sneasler|def|1\n|-unboost|p2b: Sneasler|spd|1\n|move|p1a: Manectric|Snarl|p2b: Sneasler|[spread] p2a,p2b\n|-resisted|p2b: Sneasler|1\n|-damage|p2a: Charizard|84/100\n|-damage|p2b: Sneasler|85/100\n|-unboost|p2a: Charizard|spa|1\n|-unboost|p2b: Sneasler|spa|1\n|move|p2a: Charizard|Air Slash|p1b: Volcarona\n|-supereffective|p1b: Volcarona|1\n|-damage|p1b: Volcarona|49/100\n|move|p1b: Volcarona|Quiver Dance|p1b: Volcarona\n|-boost|p1b: Volcarona|spa|1\n|-boost|p1b: Volcarona|spd|1\n|-boost|p1b: Volcarona|spe|1\n|\n|-weather|SunnyDay|[upkeep]\n|-heal|p1b: Volcarona|56/100|[from] item: Leftovers\n|upkeep\n|turn|3\n|inactive|azorions has 30 seconds left.\n|\n|t:|1776617570\n|move|p1b: Volcarona|Protect|p1b: Volcarona\n|-singleturn|p1b: Volcarona|Protect\n|move|p1a: Manectric|Protect|p1a: Manectric\n|-singleturn|p1a: Manectric|Protect\n|move|p2b: Sneasler|Dire Claw|p1b: Volcarona\n|-activate|p1b: Volcarona|move: Protect\n|move|p2a: Charizard|Heat Wave|p1b: Volcarona|[spread] \n|-activate|p1a: Manectric|move: Protect\n|-activate|p1b: Volcarona|move: Protect\n|\n|-weather|SunnyDay|[upkeep]\n|-heal|p1b: Volcarona|62/100|[from] item: Leftovers\n|upkeep\n|turn|4\n|\n|t:|1776617594\n|move|p2b: Sneasler|Dire Claw|p1b: Volcarona\n|-damage|p1b: Volcarona|6/100\n|move|p1b: Volcarona|Heat Wave|p2b: Sneasler|[spread] p2a,p2b\n|-resisted|p2a: Charizard|1\n|-damage|p2a: Charizard|49/100\n|-damage|p2b: Sneasler|0 fnt\n|faint|p2b: Sneasler\n|move|p1a: Manectric|Thunderbolt|p2a: Charizard\n|-supereffective|p2a: Charizard|1\n|-damage|p2a: Charizard|0 fnt\n|faint|p2a: Charizard\n|\n|-weather|SunnyDay|[upkeep]\n|-heal|p1b: Volcarona|12/100|[from] item: Leftovers\n|upkeep\n|\n|t:|1776617607\n|switch|p2b: Milotic|Milotic, L50, F|100/100\n|switch|p2a: Sinistcha|Sinistcha, L50|100/100\n|turn|5\n|\n|t:|1776617621\n|move|p1b: Volcarona|Giga Drain|p2b: Milotic\n|-supereffective|p2b: Milotic|1\n|-damage|p2b: Milotic|35/100\n|-heal|p1b: Volcarona|41/100|[from] drain|[of] p2b: Milotic\n|move|p1a: Manectric|Volt Switch|p2b: Milotic\n|-supereffective|p2b: Milotic|1\n|-damage|p2b: Milotic|0 fnt\n|faint|p2b: Milotic\n|\n|t:|1776617631\n|switch|p1a: Ninetales|Ninetales-Alola, L50, M, shiny|100/100|[from] Volt Switch\n|-weather|Snowscape|[from] ability: Snow Warning|[of] p1a: Ninetales\n|move|p2a: Sinistcha|Matcha Gotcha|p1b: Volcarona|[spread] p1a,p1b\n|-resisted|p1b: Volcarona|2\n|-damage|p1a: Ninetales|70/100\n|-damage|p1b: Volcarona|37/100\n|\n|-weather|Snowscape|[upkeep]\n|-heal|p1b: Volcarona|43/100|[from] item: Leftovers\n|upkeep\n|turn|6\n|\n|t:|1776617646\n|move|p1b: Volcarona|Heat Wave|p2a: Sinistcha\n|-supereffective|p2a: Sinistcha|1\n|-damage|p2a: Sinistcha|0 fnt\n|faint|p2a: Sinistcha\n|\n|win|azorions\n",
  "uploadtime": 1776617649,
  "views": 11,
  "formatid": "gen9championsvgc2026regma",
  "rating": null,
  "private": 0,
  "password": null
}