{
  "id": "gen9championsvgc2026regma-2585115225",
  "format": "[Gen 9 Champions] VGC 2026 Reg M-A",
  "players": [
    "Forbranna",
    "llamasnail"
  ],
  "log": "|j|\u2606Forbranna\n|j|\u2606llamasnail\n|t:|1776313500\n|gametype|doubles\n|player|p1|Forbranna|265|1389\n|player|p2|llamasnail|266|1506\n|gen|9\n|tier|[Gen 9 Champions] VGC 2026 Reg M-A\n|rated|\n|rule|Species Clause: Limit one of each Pok\u00e9mon\n|rule|Item Clause: Limit 1 of each item\n|clearpoke\n|poke|p1|Meganium, L50, F|\n|poke|p1|Tyranitar, L50, M|\n|poke|p1|Excadrill, L50, F|\n|poke|p1|Aegislash, L50, M|\n|poke|p1|Sinistcha, L50|\n|poke|p1|Talonflame, L50, M|\n|poke|p2|Goodra-Hisui, L50, F|\n|poke|p2|Sinistcha, L50|\n|poke|p2|Incineroar, L50, F|\n|poke|p2|Blastoise, L50, M|\n|poke|p2|Dragapult, L50, F|\n|poke|p2|Kangaskhan, L50, F|\n|teampreview|4\n|\n|t:|1776313553\n|teamsize|p1|4\n|teamsize|p2|4\n|start\n|switch|p1a: Sappho|Meganium, L50, F|100/100\n|switch|p1b: Charles V|Aegislash, L50, M|100/100\n|switch|p2a: Kangaskhan|Kangaskhan, L50, F|100/100\n|switch|p2b: Goodra|Goodra-Hisui, L50, F|100/100\n|turn|1\n|\n|t:|1776313585\n|detailschange|p1a: Sappho|Meganium-Mega, L50, F\n|-mega|p1a: Sappho|Meganium|Meganiumite\n|move|p2a: Kangaskhan|Fake Out|p1b: Charles V\n|-resisted|p1b: Charles V|1\n|-damage|p1b: Charles V|93/100\n|move|p1a: Sappho|Weather Ball|p2b: Goodra\n|-damage|p2b: Goodra|69/100\n|cant|p1b: Charles V|flinch\n|move|p2b: Goodra|Shelter|p2b: Goodra\n|-boost|p2b: Goodra|def|2\n|\n|-heal|p2b: Goodra|75/100|[from] item: Leftovers\n|upkeep\n|turn|2\n|\n|t:|1776313620\n|switch|p2a: Incineroar|Incineroar, L50, F|100/100\n|-ability|p2a: Incineroar|Intimidate|boost\n|-unboost|p1a: Sappho|atk|1\n|-unboost|p1b: Charles V|atk|1\n|move|p1a: Sappho|Protect|p1a: Sappho\n|-singleturn|p1a: Sappho|Protect\n|move|p2b: Goodra|Protect|p2b: Goodra\n|-singleturn|p2b: Goodra|Protect\n|-formechange|p1b: Charles V|Aegislash-Blade|\n|move|p1b: Charles V|Flash Cannon|p2b: Goodra\n|-activate|p2b: Goodra|move: Protect\n|\n|-heal|p2b: Goodra|81/100|[from] item: Leftovers\n|upkeep\n|turn|3\n|\n|t:|1776313636\n|switch|p1a: Ivan IV|Tyranitar, L50, M, shiny|100/100\n|-weather|Sandstorm|[from] ability: Sand Stream|[of] p1a: Ivan IV\n|-formechange|p1b: Charles V|Aegislash|\n|move|p1b: Charles V|King's Shield|p1b: Charles V\n|-singleturn|p1b: Charles V|Protect\n|move|p2a: Incineroar|Flare Blitz|p1a: Ivan IV\n|-resisted|p1a: Ivan IV|1\n|-damage|p1a: Ivan IV|79/100\n|-damage|p2a: Incineroar|94/100|[from] Recoil\n|move|p2b: Goodra|Heavy Slam|p1a: Ivan IV\n|-supereffective|p1a: Ivan IV|1\n|-damage|p1a: Ivan IV|56/100\n|\n|-weather|Sandstorm|[upkeep]\n|-damage|p2a: Incineroar|88/100|[from] Sandstorm\n|-heal|p2b: Goodra|87/100|[from] item: Leftovers\n|upkeep\n|turn|4\n|\n|t:|1776313682\n|switch|p1b: Charlemagne|Sinistcha, L50|100/100\n|-heal|p1a: Ivan IV|81/100|[from] ability: Hospitality|[of] p1b: Charlemagne\n|move|p1a: Ivan IV|Knock Off|p2b: Goodra\n|-damage|p2b: Goodra|63/100\n|-enditem|p2b: Goodra|Leftovers|[from] move: Knock Off|[of] p1a: Ivan IV\n|move|p2a: Incineroar|Flare Blitz|p1b: Charlemagne\n|-supereffective|p1b: Charlemagne|1\n|-enditem|p1b: Charlemagne|Occa Berry|[eat]\n|-enditem|p1b: Charlemagne|Occa Berry|[weaken]\n|-damage|p1b: Charlemagne|63/100\n|-damage|p2a: Incineroar|77/100|[from] Recoil\n|move|p2b: Goodra|Body Press|p1a: Ivan IV\n|-supereffective|p1a: Ivan IV|2\n|-damage|p1a: Ivan IV|0 fnt\n|faint|p1a: Ivan IV\n|\n|-weather|Sandstorm|[upkeep]\n|-damage|p1b: Charlemagne|57/100|[from] Sandstorm\n|-damage|p2a: Incineroar|71/100|[from] Sandstorm\n|upkeep\n|\n|t:|1776313703\n|switch|p1a: Sappho|Meganium-Mega, L50, F|100/100\n|turn|5\n|\n|t:|1776313723\n|switch|p1b: Charles V|Aegislash, L50, M|93/100\n|switch|p2a: Sinistcha|Sinistcha, L50|100/100\n|-heal|p2b: Goodra|87/100|[from] ability: Hospitality|[of] p2a: Sinistcha\n|move|p1a: Sappho|Dazzling Gleam|p2b: Goodra|[spread] p2a,p2b\n|-damage|p2a: Sinistcha|61/100\n|-damage|p2b: Goodra|69/100\n|move|p2b: Goodra|Heavy Slam|p1b: Charles V\n|-resisted|p1b: Charles V|1\n|-damage|p1b: Charles V|76/100\n|\n|-weather|Sandstorm|[upkeep]\n|-damage|p1a: Sappho|94/100|[from] Sandstorm\n|-damage|p2a: Sinistcha|55/100|[from] Sandstorm\n|upkeep\n|turn|6\n|\n|t:|1776313747\n|switch|p2a: Incineroar|Incineroar, L50, F|71/100\n|-ability|p2a: Incineroar|Intimidate|boost\n|-unboost|p1a: Sappho|atk|1\n|-unboost|p1b: Charles V|atk|1\n|move|p1a: Sappho|Weather Ball|p2b: Goodra\n|-damage|p2b: Goodra|39/100\n|-formechange|p1b: Charles V|Aegislash-Blade|\n|move|p1b: Charles V|Shadow Ball|p2a: Incineroar\n|-resisted|p2a: Incineroar|1\n|-damage|p2a: Incineroar|54/100\n|-unboost|p2a: Incineroar|spd|1\n|move|p2b: Goodra|Heavy Slam|p1a: Sappho\n|-supereffective|p1a: Sappho|1\n|-damage|p1a: Sappho|70/100\n|\n|-weather|Sandstorm|[upkeep]\n|-damage|p1a: Sappho|64/100|[from] Sandstorm\n|-damage|p2a: Incineroar|48/100|[from] Sandstorm\n|upkeep\n|turn|7\n|\n|t:|1776313771\n|switch|p1b: Charlemagne|Sinistcha, L50|57/100\n|-heal|p1a: Sappho|89/100|[from] ability: Hospitality|[of] p1b: Charlemagne\n|switch|p2b: Sinistcha|Sinistcha, L50|55/100\n|-heal|p2a: Incineroar|73/100|[from] ability: Hospitality|[of] p2b: Sinistcha\n|move|p2a: Incineroar|Fake Out|p1a: Sappho\n|-damage|p1a: Sappho|81/100\n|cant|p1a: Sappho|flinch\n|\n|-weather|none\n|upkeep\n|turn|8\n|\n|t:|1776313794\n|switch|p2b: Goodra|Goodra-Hisui, L50, F|39/100\n|move|p1a: Sappho|Weather Ball|p2b: Goodra\n|-damage|p2b: Goodra|10/100\n|move|p1b: Charlemagne|Life Dew|p1b: Charlemagne|[spread] p1a,p1b\n|-heal|p1a: Sappho|100/100\n|-heal|p1b: Charlemagne|82/100\n|move|p2a: Incineroar|Flare Blitz|p1b: Charlemagne\n|-supereffective|p1b: Charlemagne|1\n|-damage|p1b: Charlemagne|1/100\n|-damage|p2a: Incineroar|49/100|[from] Recoil\n|\n|upkeep\n|turn|9\n|\n|t:|1776313814\n|move|p1a: Sappho|Dazzling Gleam|p2b: Goodra|[spread] p2a,p2b\n|-damage|p2a: Incineroar|7/100\n|-damage|p2b: Goodra|0 fnt\n|faint|p2b: Goodra\n|move|p1b: Charlemagne|Life Dew||[still]|[spread] p1a,p1b\n|-fail|p1a: Sappho|heal\n|-heal|p1b: Charlemagne|26/100\n|move|p2a: Incineroar|Throat Chop|p1b: Charlemagne\n|-supereffective|p1b: Charlemagne|1\n|-damage|p1b: Charlemagne|0 fnt\n|faint|p1b: Charlemagne\n|\n|upkeep\n|\n|t:|1776313826\n|switch|p1b: Charles V|Aegislash, L50, M|76/100\n|switch|p2b: Kangaskhan|Kangaskhan, L50, F|100/100\n|turn|10\n|\n|t:|1776313842\n|detailschange|p2b: Kangaskhan|Kangaskhan-Mega, L50, F\n|-mega|p2b: Kangaskhan|Kangaskhan|Kangaskhanite\n|move|p1a: Sappho|Protect|p1a: Sappho\n|-singleturn|p1a: Sappho|Protect\n|move|p1b: Charles V|King's Shield|p1b: Charles V\n|-singleturn|p1b: Charles V|Protect\n|move|p2b: Kangaskhan|Fake Out|p1a: Sappho\n|-activate|p1a: Sappho|move: Protect\n|move|p2a: Incineroar|Flare Blitz|p1a: Sappho\n|-activate|p1a: Sappho|move: Protect\n|\n|upkeep\n|turn|11\n|\n|t:|1776313857\n|move|p2b: Kangaskhan|Sucker Punch|p1b: Charles V\n|-supereffective|p1b: Charles V|1\n|-damage|p1b: Charles V|35/100\n|-enditem|p1b: Charles V|Sitrus Berry|[eat]\n|-heal|p1b: Charles V|60/100|[from] item: Sitrus Berry\n|-supereffective|p1b: Charles V|1\n|-damage|p1b: Charles V|49/100\n|-hitcount|p1b: Charles V|2\n|move|p1a: Sappho|Dazzling Gleam|p2b: Kangaskhan|[spread] p2a,p2b\n|-crit|p2b: Kangaskhan\n|-damage|p2a: Incineroar|0 fnt\n|-damage|p2b: Kangaskhan|59/100\n|faint|p2a: Incineroar\n|-formechange|p1b: Charles V|Aegislash-Blade|\n|move|p1b: Charles V|Flash Cannon|p2b: Kangaskhan\n|-damage|p2b: Kangaskhan|15/100\n|\n|upkeep\n|\n|t:|1776313871\n|switch|p2a: Sinistcha|Sinistcha, L50|55/100\n|-heal|p2b: Kangaskhan|40/100|[from] ability: Hospitality|[of] p2a: Sinistcha\n|turn|12\n|j| soft_pome\n|\n|t:|1776313881\n|-formechange|p1b: Charles V|Aegislash|\n|move|p1b: Charles V|King's Shield|p1b: Charles V\n|-singleturn|p1b: Charles V|Protect\n|move|p2a: Sinistcha|Rage Powder|p2a: Sinistcha\n|-singleturn|p2a: Sinistcha|move: Rage Powder\n|move|p2b: Kangaskhan|Double-Edge|p1a: Sappho\n|-damage|p1a: Sappho|43/100\n|-damage|p1a: Sappho|31/100\n|-hitcount|p1a: Sappho|2\n|-damage|p2b: Kangaskhan|20/100|[from] Recoil\n|move|p1a: Sappho|Solar Beam||[still]\n|-prepare|p1a: Sappho|Solar Beam\n|-activate|p1a: Sappho|ability: Mega Sol\n|-anim|p1a: Sappho|Solar Beam|p2b: Kangaskhan\n|-damage|p2b: Kangaskhan|0 fnt\n|faint|p2b: Kangaskhan\n|\n|upkeep\n|turn|13\n|-message|llamasnail forfeited.\n|\n|win|Forbranna\n|raw|Forbranna's rating: 1389 &rarr; <strong>1415</strong><br />(+26 for winning)\n|raw|llamasnail's rating: 1506 &rarr; <strong>1480</strong><br />(-26 for losing)\n|l|\u2606llamasnail\n|player|p2|\n|l| soft_pome\n",
  "uploadtime": 1776314152,
  "views": 32,
  "formatid": "gen9championsvgc2026regma",
  "rating": 1415,
  "private": 0,
  "password": null
}