{
  "id": "gen9championsvgc2026regma-2584644436",
  "format": "[Gen 9 Champions] VGC 2026 Reg M-A",
  "players": [
    "ChronicNikos",
    "MarcPeAr"
  ],
  "log": "|j|\u2606ChronicNikos\n|j|\u2606MarcPeAr\n|t:|1776274100\n|gametype|doubles\n|player|p1|ChronicNikos|cynthia-gen4|1338\n|player|p2|MarcPeAr|ninjaboy|1273\n|gen|9\n|tier|[Gen 9 Champions] VGC 2026 Reg M-A\n|rated|\n|rule|Species Clause: Limit one of each Pok\u00e9mon\n|rule|Item Clause: Limit 1 of each item\n|clearpoke\n|poke|p1|Gengar, L50, F|\n|poke|p1|Incineroar, L50, M|\n|poke|p1|Politoed, L50, M|\n|poke|p1|Archaludon, L50, F|\n|poke|p1|Basculegion, L50, M|\n|poke|p1|Meganium, L50, F|\n|poke|p2|Scovillain, L50, M|\n|poke|p2|Incineroar, L50, F|\n|poke|p2|Farigiraf, L50, F|\n|poke|p2|Kingambit, L50, M|\n|poke|p2|Gallade, L50, M|\n|poke|p2|Pelipper, L50, F|\n|teampreview|4\nChronicNikos rejected open team sheets.\n|inactive|Battle timer is ON: inactive players will automatically lose when time's up. (requested by MarcPeAr)\n|inactive|ChronicNikos has 60 seconds left.\n|inactive|ChronicNikos has 30 seconds left.\n|\n|t:|1776274212\n|teamsize|p1|4\n|teamsize|p2|4\n|start\n|switch|p1a: Meganium|Meganium, L50, F|100/100\n|switch|p1b: Kathleen|Archaludon, L50, F|100/100\n|switch|p2a: Scovillain|Scovillain, L50, M|100/100\n|switch|p2b: Farigiraf|Farigiraf, L50, F|100/100\n|turn|1\n|inactive|ChronicNikos has 30 seconds left.\n|inactive|ChronicNikos has 20 seconds left.\n|\n|t:|1776274250\n|detailschange|p2a: Scovillain|Scovillain-Mega, L50, M\n|-mega|p2a: Scovillain|Scovillain|Scovillainite\n|move|p1b: Kathleen|Protect|p1b: Kathleen\n|-singleturn|p1b: Kathleen|Protect\n|move|p1a: Meganium|Protect|p1a: Meganium\n|-singleturn|p1a: Meganium|Protect\n|move|p2a: Scovillain|Rage Powder|p2a: Scovillain\n|-singleturn|p2a: Scovillain|move: Rage Powder\n|move|p2b: Farigiraf|Trick Room|p2b: Farigiraf\n|-fieldstart|move: Trick Room|[of] p2b: Farigiraf\n|\n|upkeep\n|turn|2\n|inactive|ChronicNikos has 30 seconds left.\n|inactive|ChronicNikos has 20 seconds left.\n|inactive|ChronicNikos has 15 seconds left.\n|inactive|ChronicNikos has 10 seconds left.\n|\n|t:|1776274296\n|switch|p2b: Gallade|Gallade, L50, M|100/100\n|switch|p1b: Rosey|Politoed, L50, M|100/100\n|-weather|RainDance|[from] ability: Drizzle|[of] p1b: Rosey\n|detailschange|p1a: Meganium|Meganium-Mega, L50, F\n|-mega|p1a: Meganium|Meganium|Meganiumite\n|move|p2a: Scovillain|Overheat|p1a: Meganium\n|-supereffective|p1a: Meganium|1\n|-damage|p1a: Meganium|46/100\n|-unboost|p2a: Scovillain|spa|2\n|move|p1a: Meganium|Weather Ball|p2b: Gallade\n|-damage|p2b: Gallade|41/100\n|\n|-weather|RainDance|[upkeep]\n|upkeep\n|turn|3\n|inactive|ChronicNikos has 30 seconds left.\n|inactive|MarcPeAr has 30 seconds left.\n|inactive|ChronicNikos has 20 seconds left.\n|inactive|MarcPeAr has 20 seconds left.\n|inactive|ChronicNikos has 15 seconds left.\n|\n|t:|1776274337\n|move|p1b: Rosey|Protect|p1b: Rosey\n|-singleturn|p1b: Rosey|Protect\n|move|p1a: Meganium|Protect|p1a: Meganium\n|-singleturn|p1a: Meganium|Protect\n|move|p2a: Scovillain|Leaf Storm|p1b: Rosey\n|-activate|p1b: Rosey|move: Protect\n|move|p2b: Gallade|Sacred Sword|p1b: Rosey\n|-activate|p1b: Rosey|move: Protect\n|\n|-weather|RainDance|[upkeep]\n|upkeep\n|turn|4\n|inactive|ChronicNikos has 30 seconds left.\n|inactive|ChronicNikos has 20 seconds left.\n|inactive|ChronicNikos has 15 seconds left.\n|\n|t:|1776274382\n|move|p2a: Scovillain|Rage Powder|p2a: Scovillain\n|-singleturn|p2a: Scovillain|move: Rage Powder\n|move|p2b: Gallade|Sacred Sword|p1b: Rosey\n|-damage|p1b: Rosey|4/100\n|move|p1b: Rosey|Weather Ball|p2a: Scovillain\n|-damage|p2a: Scovillain|50/100\n|-status|p1b: Rosey|brn|[from] ability: Spicy Spray|[of] p2a: Scovillain\n|move|p1a: Meganium|Dazzling Gleam|p2a: Scovillain|[spread] p2a,p2b\n|-resisted|p2a: Scovillain|1\n|-supereffective|p2b: Gallade|1\n|-damage|p2a: Scovillain|32/100\n|-damage|p2b: Gallade|0 fnt\n|-status|p1a: Meganium|brn|[from] ability: Spicy Spray|[of] p2a: Scovillain\n|faint|p2b: Gallade\n|\n|-weather|RainDance|[upkeep]\n|-heal|p1b: Rosey|10/100 brn|[from] item: Leftovers\n|-damage|p1b: Rosey|4/100 brn|[from] brn\n|-damage|p1a: Meganium|40/100 brn|[from] brn\n|upkeep\n|\n|t:|1776274399\n|switch|p2b: Farigiraf|Farigiraf, L50, F|100/100\n|turn|5\n|\n|t:|1776274419\n|move|p2a: Scovillain|Protect|p2a: Scovillain\n|-singleturn|p2a: Scovillain|Protect\n|move|p1b: Rosey|Protect|p1b: Rosey\n|-singleturn|p1b: Rosey|Protect\n|move|p1a: Meganium|Protect|p1a: Meganium\n|-singleturn|p1a: Meganium|Protect\n|move|p2b: Farigiraf|Hyper Voice|p1b: Rosey|[spread] \n|-activate|p1a: Meganium|move: Protect\n|-activate|p1b: Rosey|move: Protect\n|\n|-weather|RainDance|[upkeep]\n|-heal|p1b: Rosey|10/100 brn|[from] item: Leftovers\n|-damage|p1b: Rosey|4/100 brn|[from] brn\n|-damage|p1a: Meganium|34/100 brn|[from] brn\n|-fieldend|move: Trick Room\n|upkeep\n|turn|6\n|inactive|MarcPeAr has 30 seconds left.\n|\n|t:|1776274447\n|move|p2a: Scovillain|Rage Powder|p2a: Scovillain\n|-singleturn|p2a: Scovillain|move: Rage Powder\n|move|p1a: Meganium|Weather Ball|p2a: Scovillain\n|-damage|p2a: Scovillain|0 fnt\n|faint|p2a: Scovillain\n|move|p1b: Rosey|Perish Song|p1b: Rosey\n|-start|p1a: Meganium|perish3|[silent]\n|-start|p1b: Rosey|perish3|[silent]\n|-start|p2b: Farigiraf|perish3|[silent]\n|-fieldactivate|move: Perish Song\n|move|p2b: Farigiraf|Trick Room|p2b: Farigiraf\n|-fieldstart|move: Trick Room|[of] p2b: Farigiraf\n|\n|-weather|none\n|-heal|p1b: Rosey|10/100 brn|[from] item: Leftovers\n|-damage|p1b: Rosey|4/100 brn|[from] brn\n|-damage|p1a: Meganium|28/100 brn|[from] brn\n|-start|p2b: Farigiraf|perish3\n|-start|p1b: Rosey|perish3\n|-start|p1a: Meganium|perish3\n|upkeep\n|\n|t:|1776274453\n|switch|p2a: Incineroar|Incineroar, L50, F|100/100\n|-ability|p2a: Incineroar|Intimidate|boost\n|-unboost|p1a: Meganium|atk|1\n|-unboost|p1b: Rosey|atk|1\n|turn|7\n|\n|t:|1776274473\n|move|p1b: Rosey|Protect|p1b: Rosey\n|-singleturn|p1b: Rosey|Protect\n|move|p1a: Meganium|Protect|p1a: Meganium\n|-singleturn|p1a: Meganium|Protect\n|move|p2a: Incineroar|Fake Out|p1a: Meganium\n|-activate|p1a: Meganium|move: Protect\n|move|p2b: Farigiraf|Hyper Voice|p1a: Meganium|[spread] \n|-activate|p1a: Meganium|move: Protect\n|-activate|p1b: Rosey|move: Protect\n|\n|-heal|p1b: Rosey|10/100 brn|[from] item: Leftovers\n|-damage|p1b: Rosey|4/100 brn|[from] brn\n|-damage|p1a: Meganium|21/100 brn|[from] brn\n|-start|p2b: Farigiraf|perish2\n|-start|p1b: Rosey|perish2\n|-start|p1a: Meganium|perish2\n|upkeep\n|turn|8\n|inactive|ChronicNikos has 30 seconds left.\n|inactive|MarcPeAr has 30 seconds left.\n|inactive|MarcPeAr has 20 seconds left.\n|inactive|MarcPeAr has 15 seconds left.\n|\n|t:|1776274515\n|switch|p1b: Kathleen|Archaludon, L50, F|100/100\n|switch|p1a: Stephen|Basculegion, L50, M|100/100\n|move|p2b: Farigiraf|Hyper Voice|p1a: Stephen|[spread] p1b\n|-immune|p1a: Stephen\n|-resisted|p1b: Kathleen|1\n|-damage|p1b: Kathleen|80/100\n|-ability|p1b: Kathleen|Stamina|boost\n|-boost|p1b: Kathleen|def|1\n|move|p2a: Incineroar|Darkest Lariat|p1a: Stephen\n|-supereffective|p1a: Stephen|1\n|-damage|p1a: Stephen|0 fnt\n|faint|p1a: Stephen\n|\n|-start|p2b: Farigiraf|perish1\n|upkeep\n|\n|t:|1776274536\n|switch|p1a: Meganium|Meganium-Mega, L50, F|21/100 brn\n|turn|9\n|\n|t:|1776274553\n|move|p1a: Meganium|Protect|p1a: Meganium\n|-singleturn|p1a: Meganium|Protect\n|move|p1b: Kathleen|Protect|p1b: Kathleen\n|-singleturn|p1b: Kathleen|Protect\n|move|p2a: Incineroar|Close Combat|p1b: Kathleen\n|-activate|p1b: Kathleen|move: Protect\n|move|p2b: Farigiraf|Hyper Voice|p1a: Meganium|[spread] \n|-activate|p1a: Meganium|move: Protect\n|-activate|p1b: Kathleen|move: Protect\n|\n|-damage|p1a: Meganium|15/100 brn|[from] brn\n|-start|p2b: Farigiraf|perish0\n|faint|p2b: Farigiraf\n|upkeep\n|turn|10\n|inactive|MarcPeAr has 30 seconds left.\n|\n|t:|1776274581\n|switch|p1a: Rosey|Politoed, L50, M|4/100 brn\n|-weather|RainDance|[from] ability: Drizzle|[of] p1a: Rosey\n|move|p2a: Incineroar|Darkest Lariat|p1a: Rosey\n|-damage|p1a: Rosey|0 fnt\n|faint|p1a: Rosey\n|move|p1b: Kathleen|Electro Shot||[still]\n|-prepare|p1b: Kathleen|Electro Shot\n|-boost|p1b: Kathleen|spa|1\n|-anim|p1b: Kathleen|Electro Shot|p2a: Incineroar\n|-crit|p2a: Incineroar\n|-damage|p2a: Incineroar|3/100\n|\n|-weather|RainDance|[upkeep]\n|-fieldend|move: Trick Room\n|upkeep\n|\n|t:|1776274594\n|switch|p1a: Meganium|Meganium-Mega, L50, F|15/100 brn\n|turn|11\n|\n|t:|1776274601\n|move|p1b: Kathleen|Electro Shot||[still]\n|-prepare|p1b: Kathleen|Electro Shot\n|-boost|p1b: Kathleen|spa|1\n|-anim|p1b: Kathleen|Electro Shot|p2a: Incineroar\n|-damage|p2a: Incineroar|0 fnt\n|faint|p2a: Incineroar\n|\n|win|ChronicNikos\n|raw|ChronicNikos's rating: 1338 &rarr; <strong>1354</strong><br />(+16 for winning)\n|raw|MarcPeAr's rating: 1273 &rarr; <strong>1253</strong><br />(-20 for losing)\n|l|\u2606MarcPeAr\n|player|p2|\n",
  "uploadtime": 1776274611,
  "views": 36,
  "formatid": "gen9championsvgc2026regma",
  "rating": 1253,
  "private": 0,
  "password": null
}