{
  "id": "gen9championsvgc2026regma-2582087083",
  "format": "[Gen 9 Champions] VGC 2026 Reg M-A",
  "players": [
    "NightwalkerYt",
    "doodle0205"
  ],
  "log": "|j|\u2606NightwalkerYt\n|j|\u203ddoodle0205\n|t:|1776056218\n|gametype|doubles\n|player|p1|NightwalkerYt|ethan|1084\n|player|p2|doodle0205|169|1124\n|gen|9\n|tier|[Gen 9 Champions] VGC 2026 Reg M-A\n|rated|\n|rule|Species Clause: Limit one of each Pok\u00e9mon\n|rule|Item Clause: Limit 1 of each item\n|clearpoke\n|poke|p1|Golurk, L50|\n|poke|p1|Mimikyu, L50, F|\n|poke|p1|Farigiraf, L50, M|\n|poke|p1|Rampardos, L50, M|\n|poke|p1|Tyranitar, L50, M|\n|poke|p1|Incineroar, L50, M|\n|poke|p2|Froslass, L50, F|\n|poke|p2|Dragonite, L50, F|\n|poke|p2|Incineroar, L50, M|\n|poke|p2|Pelipper, L50, M|\n|poke|p2|Gyarados, L50, F|\n|poke|p2|Archaludon, L50, F|\n|teampreview|4\n|inactive|Battle timer is ON: inactive players will automatically lose when time's up. (requested by doodle0205)\ndoodle0205 rejected open team sheets.\n|\n|t:|1776056244\n|teamsize|p1|4\n|teamsize|p2|4\n|start\n|switch|p1a: Screamer|Farigiraf, L50, M|100/100\n|switch|p1b: Wolfey|Incineroar, L50, M|100/100\n|switch|p2a: Froslass|Froslass, L50, F|100/100\n|switch|p2b: Incineroar|Incineroar, L50, M|100/100\n|-ability|p2b: Incineroar|Intimidate|boost\n|-unboost|p1a: Screamer|atk|1\n|-unboost|p1b: Wolfey|atk|1\n|-ability|p1b: Wolfey|Intimidate|boost\n|-unboost|p2a: Froslass|atk|1\n|-unboost|p2b: Incineroar|atk|1\n|turn|1\n|inactive|NightwalkerYt has 30 seconds left.\n|\n|t:|1776056272\n|detailschange|p2a: Froslass|Froslass-Mega, L50, F\n|-mega|p2a: Froslass|Froslass|Froslassite\n|-weather|Snowscape|[from] ability: Snow Warning|[of] p2a: Froslass\n|move|p2a: Froslass|Aurora Veil|p2a: Froslass\n|-sidestart|p2: doodle0205|move: Aurora Veil\n|move|p2b: Incineroar|Darkest Lariat|p1a: Screamer\n|-supereffective|p1a: Screamer|1\n|-damage|p1a: Screamer|61/100\n|move|p1b: Wolfey|Parting Shot|p2a: Froslass\n|-unboost|p2a: Froslass|atk|1\n|-unboost|p2a: Froslass|spa|1\n|\n|t:|1776056285\n|switch|p1b: T-tar|Tyranitar, L50, M|100/100|[from] Parting Shot\n|-weather|Sandstorm|[from] ability: Sand Stream|[of] p1b: T-tar\n|move|p1a: Screamer|Trick Room|p1a: Screamer\n|-fieldstart|move: Trick Room|[of] p1a: Screamer\n|\n|-weather|Sandstorm|[upkeep]\n|-damage|p1a: Screamer|55/100|[from] Sandstorm\n|-damage|p2b: Incineroar|95/100|[from] Sandstorm\n|-damage|p2a: Froslass|94/100|[from] Sandstorm\n|upkeep\n|turn|2\n|j| babiker\n|c| babiker|hmmm\n|\n|t:|1776056307\n|switch|p1a: Wolfey|Incineroar, L50, M|100/100\n|-ability|p1a: Wolfey|Intimidate|boost\n|-unboost|p2a: Froslass|atk|1\n|-unboost|p2b: Incineroar|atk|1\n|switch|p2a: Gyarados|Gyarados, L50, F|100/100\n|-ability|p2a: Gyarados|Intimidate|boost\n|-unboost|p1a: Wolfey|atk|1\n|-unboost|p1b: T-tar|atk|1\n|move|p2b: Incineroar|Parting Shot|p1b: T-tar\n|-unboost|p1b: T-tar|atk|1\n|-unboost|p1b: T-tar|spa|1\n|\n|t:|1776056317\n|switch|p2b: Froslass|Froslass-Mega, L50, F|94/100|[from] Parting Shot\n|-weather|Snowscape|[from] ability: Snow Warning|[of] p2b: Froslass\n|move|p1b: T-tar|Rock Slide|p2a: Gyarados|[spread] p2b\n|-miss|p1b: T-tar|p2a: Gyarados\n|-supereffective|p2b: Froslass|1\n|-damage|p2b: Froslass|72/100\n|\n|-weather|Snowscape|[upkeep]\n|upkeep\n|turn|3\n|\n|t:|1776056332\n|detailschange|p1b: T-tar|Tyranitar-Mega, L50, M\n|-mega|p1b: T-tar|Tyranitar|Tyranitarite\n|-weather|Sandstorm|[from] ability: Sand Stream|[of] p1b: T-tar\n|move|p2b: Froslass|Protect|p2b: Froslass\n|-singleturn|p2b: Froslass|Protect\n|move|p1a: Wolfey|Parting Shot|p2b: Froslass\n|-activate|p2b: Froslass|move: Protect\n|move|p1b: T-tar|Rock Slide|p2a: Gyarados|[spread] p2a\n|-activate|p2b: Froslass|move: Protect\n|-supereffective|p2a: Gyarados|1\n|-damage|p2a: Gyarados|70/100\n|cant|p2a: Gyarados|flinch\n|\n|-weather|Sandstorm|[upkeep]\n|-damage|p1a: Wolfey|95/100|[from] Sandstorm\n|-damage|p2a: Gyarados|64/100|[from] Sandstorm\n|-damage|p2b: Froslass|65/100|[from] Sandstorm\n|upkeep\n|turn|4\n|c| babiker|oh aurora veil is nasty\n|\n|t:|1776056350\n|switch|p2b: Incineroar|Incineroar, L50, M|95/100\n|-ability|p2b: Incineroar|Intimidate|boost\n|-unboost|p1a: Wolfey|atk|1\n|-unboost|p1b: T-tar|atk|1\n|move|p1a: Wolfey|Parting Shot|p2a: Gyarados\n|-unboost|p2a: Gyarados|atk|1\n|-unboost|p2a: Gyarados|spa|1\n|\n|t:|1776056363\n|switch|p1a: Iron Giant|Golurk, L50|100/100|[from] Parting Shot\n|move|p1b: T-tar|Rock Slide|p2a: Gyarados|[spread] p2a,p2b\n|-supereffective|p2a: Gyarados|1\n|-supereffective|p2b: Incineroar|1\n|-damage|p2a: Gyarados|42/100\n|-damage|p2b: Incineroar|76/100\n|move|p2a: Gyarados|Waterfall|p1b: T-tar\n|-supereffective|p1b: T-tar|1\n|-damage|p1b: T-tar|60/100\n|\n|-weather|Sandstorm|[upkeep]\n|-damage|p2b: Incineroar|70/100|[from] Sandstorm\n|-damage|p2a: Gyarados|37/100|[from] Sandstorm\n|upkeep\n|turn|5\n|\n|t:|1776056388\n|switch|p1b: Wolfey|Incineroar, L50, M|95/100\n|-ability|p1b: Wolfey|Intimidate|boost\n|-unboost|p2a: Gyarados|atk|1\n|-unboost|p2b: Incineroar|atk|1\n|move|p2b: Incineroar|Fake Out|p1b: Wolfey\n|-damage|p1b: Wolfey|87/100\n|move|p1a: Iron Giant|Phantom Force||[still]\n|-prepare|p1a: Iron Giant|Phantom Force\n|move|p2a: Gyarados|Waterfall|p1b: Wolfey\n|-supereffective|p1b: Wolfey|1\n|-damage|p1b: Wolfey|48/100\n|-enditem|p1b: Wolfey|Sitrus Berry|[eat]\n|-heal|p1b: Wolfey|72/100|[from] item: Sitrus Berry\n|\n|-weather|Sandstorm|[upkeep]\n|-damage|p1b: Wolfey|66/100|[from] Sandstorm\n|-damage|p2b: Incineroar|64/100|[from] Sandstorm\n|-damage|p2a: Gyarados|31/100|[from] Sandstorm\n|-sideend|p2: doodle0205|move: Aurora Veil\n|-fieldend|move: Trick Room\n|upkeep\n|turn|6\n|\n|t:|1776056410\n|switch|p2a: Froslass|Froslass-Mega, L50, F|65/100\n|-weather|Snowscape|[from] ability: Snow Warning|[of] p2a: Froslass\n|switch|p1b: Screamer|Farigiraf, L50, M|55/100\n|move|p2b: Incineroar|Parting Shot|p1a: Iron Giant|[miss]\n|-miss|p2b: Incineroar|p1a: Iron Giant\n|move|p1a: Iron Giant|Phantom Force|p2a: Froslass|[from] lockedmove\n|-supereffective|p2a: Froslass|1\n|-damage|p2a: Froslass|0 fnt\n|faint|p2a: Froslass\n|\n|-weather|Snowscape|[upkeep]\n|upkeep\n|\n|t:|1776056428\n|switch|p2a: Gyarados|Gyarados, L50, F|31/100\n|-ability|p2a: Gyarados|Intimidate|boost\n|-unboost|p1a: Iron Giant|atk|1\n|-unboost|p1b: Screamer|atk|1\n|turn|7\n|\n|t:|1776056440\n|switch|p1a: Wolfey|Incineroar, L50, M|66/100\n|-ability|p1a: Wolfey|Intimidate|boost\n|-unboost|p2a: Gyarados|atk|1\n|-unboost|p2b: Incineroar|atk|1\n|move|p2a: Gyarados|Crunch|p1b: Screamer\n|-supereffective|p1b: Screamer|1\n|-damage|p1b: Screamer|20/100\n|-unboost|p1b: Screamer|def|1\n|move|p2b: Incineroar|Darkest Lariat|p1b: Screamer\n|-supereffective|p1b: Screamer|1\n|-damage|p1b: Screamer|0 fnt\n|faint|p1b: Screamer\n|\n|-weather|Snowscape|[upkeep]\n|upkeep\n|\n|t:|1776056456\n|switch|p1b: T-tar|Tyranitar-Mega, L50, M|60/100\n|-weather|Sandstorm|[from] ability: Sand Stream|[of] p1b: T-tar\n|turn|8\n|\n|t:|1776056472\n|switch|p2a: Dragonite|Dragonite, L50, F|100/100\n|move|p1a: Wolfey|Fake Out|p2b: Incineroar\n|-crit|p2b: Incineroar\n|-damage|p2b: Incineroar|50/100\n|move|p1b: T-tar|Rock Slide|p2a: Dragonite|[spread] p2a,p2b\n|-supereffective|p2a: Dragonite|1\n|-supereffective|p2b: Incineroar|1\n|-damage|p2a: Dragonite|26/100\n|-damage|p2b: Incineroar|0 fnt\n|faint|p2b: Incineroar\n|\n|-weather|Sandstorm|[upkeep]\n|-damage|p2a: Dragonite|20/100|[from] Sandstorm\n|-damage|p1a: Wolfey|60/100|[from] Sandstorm\n|upkeep\n|\n|t:|1776056480\n|switch|p2b: Gyarados|Gyarados, L50, F|31/100\n|-ability|p2b: Gyarados|Intimidate|boost\n|-unboost|p1a: Wolfey|atk|1\n|-unboost|p1b: T-tar|atk|1\n|turn|9\n|\n|t:|1776056495\n|switch|p1a: Iron Giant|Golurk, L50|100/100\n|move|p1b: T-tar|Protect|p1b: T-tar\n|-singleturn|p1b: T-tar|Protect\n|move|p2b: Gyarados|Waterfall|p1b: T-tar\n|-activate|p1b: T-tar|move: Protect\n|move|p2a: Dragonite|Earthquake|p1b: T-tar|[spread] p1a\n|-activate|p1b: T-tar|move: Protect\n|-immune|p2b: Gyarados\n|-damage|p1a: Iron Giant|68/100\n|\n|-weather|Sandstorm|[upkeep]\n|-damage|p2b: Gyarados|25/100|[from] Sandstorm\n|-damage|p2a: Dragonite|14/100|[from] Sandstorm\n|upkeep\n|turn|10\n|\n|t:|1776056510\n|switch|p1b: Wolfey|Incineroar, L50, M|60/100\n|-ability|p1b: Wolfey|Intimidate|boost\n|-fail|p2a: Dragonite|unboost|Attack|[from] ability: Inner Focus|[of] p2a: Dragonite\n|-unboost|p2b: Gyarados|atk|1\n|move|p2b: Gyarados|Waterfall|p1a: Iron Giant\n|-supereffective|p1a: Iron Giant|1\n|-damage|p1a: Iron Giant|5/100\n|move|p2a: Dragonite|Earthquake|p1a: Iron Giant|[spread] p1a,p1b\n|-immune|p2b: Gyarados\n|-supereffective|p1b: Wolfey|1\n|-damage|p1a: Iron Giant|0 fnt\n|-damage|p1b: Wolfey|12/100\n|faint|p1a: Iron Giant\n|\n|-weather|Sandstorm|[upkeep]\n|-damage|p2b: Gyarados|19/100|[from] Sandstorm\n|-damage|p2a: Dragonite|8/100|[from] Sandstorm\n|-damage|p1b: Wolfey|6/100|[from] Sandstorm\n|upkeep\n|\n|t:|1776056524\n|switch|p1a: T-tar|Tyranitar-Mega, L50, M|60/100\n|turn|11\n|\n|t:|1776056530\n|move|p1b: Wolfey|Fake Out|p2b: Gyarados\n|-damage|p2b: Gyarados|4/100\n|cant|p2b: Gyarados|flinch\n|move|p2a: Dragonite|Earthquake|p1a: T-tar|[spread] p1a,p1b\n|-immune|p2b: Gyarados\n|-supereffective|p1a: T-tar|1\n|-supereffective|p1b: Wolfey|1\n|-damage|p1a: T-tar|19/100\n|-damage|p1b: Wolfey|0 fnt\n|faint|p1b: Wolfey\n|move|p1a: T-tar|Rock Slide|p2b: Gyarados|[spread] p2a,p2b\n|-supereffective|p2a: Dragonite|1\n|-supereffective|p2b: Gyarados|1\n|-damage|p2a: Dragonite|0 fnt\n|-damage|p2b: Gyarados|0 fnt\n|faint|p2a: Dragonite\n|faint|p2b: Gyarados\n|\n|win|NightwalkerYt\n|raw|NightwalkerYt's rating: 1084 &rarr; <strong>1115</strong><br />(+31 for winning)\n|raw|doodle0205's rating: 1124 &rarr; <strong>1096</strong><br />(-28 for losing)\n|l|\u203ddoodle0205\n|player|p2|\n|c|\u2606NightwalkerYt|ggs\n",
  "uploadtime": 1776056601,
  "views": 11,
  "formatid": "gen9championsvgc2026regma",
  "rating": 1096,
  "private": 0,
  "password": null
}