{
  "id": "gen9championsvgc2026regma-2582712100",
  "format": "[Gen 9 Champions] VGC 2026 Reg M-A",
  "players": [
    "Pikachu4Days",
    "Blancoo"
  ],
  "log": "|j|\u2606Pikachu4Days\n|j|\u2606Blancoo\n|t:|1776108946\n|gametype|doubles\n|player|p1|Pikachu4Days|2|1000\n|player|p2|Blancoo|1|1087\n|gen|9\n|tier|[Gen 9 Champions] VGC 2026 Reg M-A\n|rated|\n|rule|Species Clause: Limit one of each Pok\u00e9mon\n|rule|Item Clause: Limit 1 of each item\n|clearpoke\n|poke|p1|Vivillon, L50, M|\n|poke|p1|Slowbro, L50, M|\n|poke|p1|Torkoal, L50, F|\n|poke|p1|Rhyperior, L50, F|\n|poke|p1|Charizard, L50, F|\n|poke|p1|Venusaur, L50, F|\n|poke|p2|Milotic, L50, F|\n|poke|p2|Incineroar, L50, M|\n|poke|p2|Sinistcha, L50|\n|poke|p2|Sneasler, L50, M|\n|poke|p2|Floette-Eternal, L50, F|\n|poke|p2|Garchomp, L50, F|\n|teampreview|4\n|inactive|Battle timer is ON: inactive players will automatically lose when time's up. (requested by Pikachu4Days)\n|\n|t:|1776109027\n|teamsize|p1|4\n|teamsize|p2|4\n|start\n|switch|p1a: Charizard|Charizard, L50, F, shiny|100/100\n|switch|p1b: Venusaur|Venusaur, L50, F|100/100\n|switch|p2a: Garchomp|Garchomp, L50, F|100/100\n|switch|p2b: Sneasler|Sneasler, L50, M|100/100\n|turn|1\n|\n|t:|1776109054\n|move|p1a: Charizard|Protect|p1a: Charizard\n|-singleturn|p1a: Charizard|Protect\n|move|p1b: Venusaur|Protect|p1b: Venusaur\n|-singleturn|p1b: Venusaur|Protect\n|move|p2b: Sneasler|Fake Out|p1b: Venusaur\n|-activate|p1b: Venusaur|move: Protect\n|move|p2a: Garchomp|Rock Slide|p1a: Charizard|[spread] \n|-activate|p1a: Charizard|move: Protect\n|-activate|p1b: Venusaur|move: Protect\n|\n|upkeep\n|turn|2\n|inactive|Pikachu4Days has 30 seconds left.\n|\n|t:|1776109080\n|detailschange|p1a: Charizard|Charizard-Mega-Y, L50, F, shiny\n|-mega|p1a: Charizard|Charizard|Charizardite Y\n|-weather|SunnyDay|[from] ability: Drought|[of] p1a: Charizard\n|move|p1b: Venusaur|Sleep Powder|p2a: Garchomp\n|-status|p2a: Garchomp|slp|[from] move: Sleep Powder\n|cant|p2a: Garchomp|slp\n|move|p2b: Sneasler|Rock Slide|p1b: Venusaur|[spread] p1a,p1b\n|-supereffective|p1a: Charizard|2\n|-damage|p1a: Charizard|0 fnt\n|-damage|p1b: Venusaur|71/100\n|faint|p1a: Charizard\n|\n|-weather|SunnyDay|[upkeep]\n|-heal|p1b: Venusaur|77/100|[from] item: Leftovers\n|upkeep\n|\n|t:|1776109099\n|switch|p1a: Vivillon|Vivillon, L50, M|100/100\n|turn|3\n|inactive|Pikachu4Days has 30 seconds left.\n|inactive|Pikachu4Days has 20 seconds left.\n|\n|t:|1776109136\n|move|p1b: Venusaur|Giga Drain|p2a: Garchomp\n|-damage|p2a: Garchomp|61/100 slp\n|-heal|p1b: Venusaur|99/100|[from] drain|[of] p2a: Garchomp\n|cant|p2a: Garchomp|slp\n|move|p2b: Sneasler|Rock Slide|p1b: Venusaur|[spread] p1a,p1b\n|-supereffective|p1a: Vivillon|2\n|-enditem|p1a: Vivillon|Focus Sash\n|-damage|p1a: Vivillon|1/100\n|-damage|p1b: Venusaur|73/100\n|move|p1a: Vivillon|Air Slash|p2b: Sneasler\n|-supereffective|p2b: Sneasler|1\n|-damage|p2b: Sneasler|23/100\n|\n|-weather|SunnyDay|[upkeep]\n|-heal|p1b: Venusaur|79/100|[from] item: Leftovers\n|upkeep\n|turn|4\n|inactive|Pikachu4Days has 30 seconds left.\n|\n|t:|1776109165\n|switch|p2b: Sinistcha|Sinistcha, L50|100/100\n|-heal|p2a: Garchomp|86/100 slp|[from] ability: Hospitality|[of] p2b: Sinistcha\n|move|p1b: Venusaur|Sludge Bomb|p2b: Sinistcha\n|-damage|p2b: Sinistcha|48/100\n|-enditem|p2b: Sinistcha|Sitrus Berry|[eat]\n|-heal|p2b: Sinistcha|72/100|[from] item: Sitrus Berry\n|-curestatus|p2a: Garchomp|slp|[msg]\n|move|p2a: Garchomp|Rock Slide|p1a: Vivillon|[spread] p1a,p1b\n|-supereffective|p1a: Vivillon|2\n|-damage|p1a: Vivillon|0 fnt\n|-damage|p1b: Venusaur|50/100\n|faint|p1a: Vivillon\n|\n|-weather|SunnyDay|[upkeep]\n|-heal|p1b: Venusaur|56/100|[from] item: Leftovers\n|upkeep\n|\n|t:|1776109184\n|switch|p1a: Torkoal|Torkoal, L50, F|100/100\n|turn|5\n|\n|t:|1776109197\n|move|p2b: Sinistcha|Protect|p2b: Sinistcha\n|-singleturn|p2b: Sinistcha|Protect\n|move|p1b: Venusaur|Sleep Powder|p2a: Garchomp\n|-status|p2a: Garchomp|slp|[from] move: Sleep Powder\n|cant|p2a: Garchomp|slp\n|move|p1a: Torkoal|Eruption|p2b: Sinistcha|[spread] p2a\n|-activate|p2b: Sinistcha|move: Protect\n|-resisted|p2a: Garchomp|1\n|-crit|p2a: Garchomp\n|-damage|p2a: Garchomp|11/100 slp\n|\n|-weather|SunnyDay|[upkeep]\n|-heal|p1b: Venusaur|62/100|[from] item: Leftovers\n|upkeep\n|turn|6\n|inactive|Blancoo has 30 seconds left.\n|\n|t:|1776109231\n|move|p2b: Sinistcha|Protect||[still]\n|-fail|p2b: Sinistcha\n|move|p1b: Venusaur|Sludge Bomb|p2b: Sinistcha\n|-damage|p2b: Sinistcha|21/100\n|cant|p2a: Garchomp|slp\n|move|p1a: Torkoal|Eruption|p2a: Garchomp|[spread] p2a,p2b\n|-resisted|p2a: Garchomp|1\n|-supereffective|p2b: Sinistcha|1\n|-damage|p2a: Garchomp|0 fnt\n|-damage|p2b: Sinistcha|0 fnt\n|faint|p2a: Garchomp\n|faint|p2b: Sinistcha\n|\n|-weather|none\n|-heal|p1b: Venusaur|67/100|[from] item: Leftovers\n|upkeep\n|\n|t:|1776109234\n|switch|p2a: Sneasler|Sneasler, L50, M|23/100\n|switch|p2b: Floette|Floette-Eternal, L50, F|100/100\n|turn|7\n|inactive|Pikachu4Days has 30 seconds left.\n|inactive|Blancoo has 30 seconds left.\n|inactive|Pikachu4Days has 20 seconds left.\n|inactive|Blancoo has 20 seconds left.\n|\n|t:|1776109277\n|detailschange|p2b: Floette|Floette-Mega, L50, F\n|-mega|p2b: Floette|Floette|Floettite\n|-ability|p2b: Floette|Fairy Aura\n|move|p1b: Venusaur|Protect|p1b: Venusaur\n|-singleturn|p1b: Venusaur|Protect\n|move|p2a: Sneasler|Close Combat|p1a: Torkoal\n|-damage|p1a: Torkoal|46/100\n|-unboost|p2a: Sneasler|def|1\n|-unboost|p2a: Sneasler|spd|1\n|-enditem|p2a: Sneasler|White Herb\n|-clearnegativeboost|p2a: Sneasler|[silent]\n|move|p2b: Floette|Calm Mind|p2b: Floette\n|-boost|p2b: Floette|spa|1\n|-boost|p2b: Floette|spd|1\n|move|p1a: Torkoal|Eruption|p2a: Sneasler|[spread] p2a,p2b\n|-damage|p2a: Sneasler|0 fnt\n|-damage|p2b: Floette|91/100\n|faint|p2a: Sneasler\n|\n|-heal|p1b: Venusaur|73/100|[from] item: Leftovers\n|upkeep\n|turn|8\n|inactive|Blancoo has 30 seconds left.\n|\n|t:|1776109312\n|move|p1a: Torkoal|Protect|p1a: Torkoal\n|-singleturn|p1a: Torkoal|Protect\n|move|p1b: Venusaur|Sleep Powder|p2b: Floette|[miss]\n|-miss|p1b: Venusaur|p2b: Floette\n|move|p2b: Floette|Dazzling Gleam|p1b: Venusaur|[spread] p1b\n|-activate|p1a: Torkoal|move: Protect\n|-resisted|p1b: Venusaur|1\n|-damage|p1b: Venusaur|39/100\n|\n|-heal|p1b: Venusaur|44/100|[from] item: Leftovers\n|upkeep\n|turn|9\n|\n|t:|1776109328\n|move|p1b: Venusaur|Sleep Powder|p2b: Floette\n|-status|p2b: Floette|slp|[from] move: Sleep Powder\n|cant|p2b: Floette|slp\n|move|p1a: Torkoal|Eruption|p2b: Floette\n|-damage|p2b: Floette|77/100 slp\n|\n|-heal|p1b: Venusaur|50/100|[from] item: Leftovers\n|upkeep\n|turn|10\n|\n|t:|1776109342\n|move|p1a: Torkoal|Helping Hand|p1b: Venusaur\n|-singleturn|p1b: Venusaur|Helping Hand|[of] p1a: Torkoal\n|move|p1b: Venusaur|Sludge Bomb|p2b: Floette\n|-supereffective|p2b: Floette|1\n|-damage|p2b: Floette|29/100 slp\n|cant|p2b: Floette|slp\n|\n|-heal|p1b: Venusaur|56/100|[from] item: Leftovers\n|upkeep\n|turn|11\n|\n|t:|1776109355\n|move|p1a: Torkoal|Helping Hand|p1b: Venusaur\n|-singleturn|p1b: Venusaur|Helping Hand|[of] p1a: Torkoal\n|-curestatus|p2b: Floette|slp|[msg]\n|move|p2b: Floette|Protect|p2b: Floette\n|-singleturn|p2b: Floette|Protect\n|move|p1b: Venusaur|Sludge Bomb|p2b: Floette\n|-activate|p2b: Floette|move: Protect\n|\n|-heal|p1b: Venusaur|62/100|[from] item: Leftovers\n|upkeep\n|turn|12\n|\n|t:|1776109370\n|move|p1a: Torkoal|Helping Hand|p1b: Venusaur\n|-singleturn|p1b: Venusaur|Helping Hand|[of] p1a: Torkoal\n|move|p1b: Venusaur|Sludge Bomb|p2b: Floette\n|-supereffective|p2b: Floette|1\n|-damage|p2b: Floette|0 fnt\n|faint|p2b: Floette\n|\n|win|Pikachu4Days\n|raw|Pikachu4Days's rating: 1000 &rarr; <strong>1050</strong><br />(+50 for winning)\n|raw|Blancoo's rating: 1087 &rarr; <strong>1058</strong><br />(-29 for losing)\n|l|\u2606Blancoo\n|player|p2|\n|c|\u2606Pikachu4Days|gg\n",
  "uploadtime": 1776109423,
  "views": 10,
  "formatid": "gen9championsvgc2026regma",
  "rating": 1050,
  "private": 0,
  "password": null
}