{
  "id": "gen9championsvgc2026regma-2585934215",
  "format": "[Gen 9 Champions] VGC 2026 Reg M-A",
  "players": [
    "Binguzzzzz",
    "FeyQueenZoom"
  ],
  "log": "|j|\u2606Binguzzzzz\n|j|\u2606FeyQueenZoom\n|t:|1776382827\n|gametype|doubles\n|player|p1|Binguzzzzz|170|1035\n|player|p2|FeyQueenZoom|bellelba|1031\n|gen|9\n|tier|[Gen 9 Champions] VGC 2026 Reg M-A\n|rated|\n|rule|Species Clause: Limit one of each Pok\u00e9mon\n|rule|Item Clause: Limit 1 of each item\n|clearpoke\n|poke|p1|Starmie, L50|\n|poke|p1|Aegislash, L50, M|\n|poke|p1|Sneasler, L50, F|\n|poke|p1|Pelipper, L50, M|\n|poke|p1|Archaludon, L50, F|\n|poke|p1|Maushold, L50|\n|poke|p2|Azumarill, L50, F|\n|poke|p2|Garchomp, L50, M|\n|poke|p2|Tyranitar, L50, M|\n|poke|p2|Clefable, L50, F|\n|poke|p2|Scizor, L50, M|\n|poke|p2|Hydreigon, L50, M|\n|teampreview|4\n|\n|t:|1776382862\n|teamsize|p1|4\n|teamsize|p2|4\n|start\n|switch|p1a: Maushold|Maushold, L50, shiny|100/100\n|switch|p1b: Sneasler|Sneasler, L50, F, shiny|100/100\n|switch|p2a: Garchomp|Garchomp, L50, M|100/100\n|switch|p2b: Scizor|Scizor, L50, M|100/100\n|turn|1\n|\n|t:|1776382899\n|detailschange|p2b: Scizor|Scizor-Mega, L50, M\n|-mega|p2b: Scizor|Scizor|Scizorite\n|move|p2a: Garchomp|Protect|p2a: Garchomp\n|-singleturn|p2a: Garchomp|Protect\n|move|p2b: Scizor|Bullet Punch|p1b: Sneasler\n|-damage|p1b: Sneasler|49/100\n|move|p1a: Maushold|Super Fang|p2a: Garchomp\n|-activate|p2a: Garchomp|move: Protect\n|move|p1b: Sneasler|Close Combat|p2b: Scizor\n|-damage|p2b: Scizor|44/100\n|-unboost|p1b: Sneasler|def|1\n|-unboost|p1b: Sneasler|spd|1\n|-enditem|p1b: Sneasler|White Herb\n|-clearnegativeboost|p1b: Sneasler|[silent]\n|\n|upkeep\n|turn|2\n|\n|t:|1776382920\n|move|p1b: Sneasler|Fake Out||[still]\n|-hint|Fake Out only works on your first turn out.\n|-fail|p1b: Sneasler\n|move|p1a: Maushold|Follow Me|p1a: Maushold\n|-singleturn|p1a: Maushold|move: Follow Me\n|move|p2b: Scizor|Bullet Punch|p1a: Maushold\n|-damage|p1a: Maushold|46/100\n|move|p2a: Garchomp|Swords Dance|p2a: Garchomp\n|-boost|p2a: Garchomp|atk|2\n|\n|upkeep\n|turn|3\n|\n|t:|1776382941\n|move|p2b: Scizor|Bullet Punch|p1b: Sneasler\n|-damage|p1b: Sneasler|0 fnt\n|faint|p1b: Sneasler\n|move|p1a: Maushold|Super Fang|p2a: Garchomp\n|-damage|p2a: Garchomp|51/100\n|move|p2a: Garchomp|Rock Slide|p1a: Maushold\n|-damage|p1a: Maushold|0 fnt\n|faint|p1a: Maushold\n|\n|upkeep\n|\n|t:|1776382950\n|switch|p1a: Archaludon|Archaludon, L50, F, shiny|100/100\n|switch|p1b: Aegislash|Aegislash, L50, M, shiny|100/100\n|turn|4\n|\n|t:|1776382963\n|move|p2a: Garchomp|Protect|p2a: Garchomp\n|-singleturn|p2a: Garchomp|Protect\n|move|p1b: Aegislash|King's Shield|p1b: Aegislash\n|-singleturn|p1b: Aegislash|Protect\n|move|p1a: Archaludon|Draco Meteor|p2a: Garchomp\n|-activate|p2a: Garchomp|move: Protect\n|move|p2b: Scizor|Swords Dance|p2b: Scizor\n|-boost|p2b: Scizor|atk|2\n|\n|upkeep\n|turn|5\n|\n|t:|1776382995\n|move|p2a: Garchomp|Dragon Claw|p1a: Archaludon\n|-damage|p1a: Archaludon|41/100\n|-ability|p1a: Archaludon|Stamina|boost\n|-boost|p1a: Archaludon|def|1\n|move|p1a: Archaludon|Draco Meteor|p2a: Garchomp\n|-supereffective|p2a: Garchomp|1\n|-damage|p2a: Garchomp|0 fnt\n|-unboost|p1a: Archaludon|spa|2\n|faint|p2a: Garchomp\n|move|p2b: Scizor|X-Scissor|p1b: Aegislash\n|-resisted|p1b: Aegislash|2\n|-damage|p1b: Aegislash|77/100\n|-formechange|p1b: Aegislash|Aegislash-Blade|\n|move|p1b: Aegislash|Sacred Sword|p2b: Scizor\n|-damage|p2b: Scizor|15/100\n|\n|-heal|p1a: Archaludon|47/100|[from] item: Leftovers\n|upkeep\n|\n|t:|1776383016\n|switch|p2a: Hydreigon|Hydreigon, L50, M|100/100\n|turn|6\n|\n|t:|1776383032\n|move|p1a: Archaludon|Protect|p1a: Archaludon\n|-singleturn|p1a: Archaludon|Protect\n|move|p2b: Scizor|Bullet Punch|p1b: Aegislash\n|-resisted|p1b: Aegislash|1\n|-damage|p1b: Aegislash|0 fnt\n|faint|p1b: Aegislash\n|move|p2a: Hydreigon|Fire Blast|p1a: Archaludon\n|-activate|p1a: Archaludon|move: Protect\n|\n|-heal|p1a: Archaludon|54/100|[from] item: Leftovers\n|upkeep\n|turn|7\n|\n|t:|1776383047\n|move|p2b: Scizor|Bullet Punch|p1a: Archaludon\n|-resisted|p1a: Archaludon|1\n|-damage|p1a: Archaludon|34/100\n|-ability|p1a: Archaludon|Stamina|boost\n|-boost|p1a: Archaludon|def|1\n|move|p2a: Hydreigon|Fire Blast|p1a: Archaludon|[miss]\n|-miss|p2a: Hydreigon|p1a: Archaludon\n|move|p1a: Archaludon|Draco Meteor|p2a: Hydreigon\n|-supereffective|p2a: Hydreigon|1\n|-crit|p2a: Hydreigon\n|-damage|p2a: Hydreigon|0 fnt\n|-unboost|p1a: Archaludon|spa|2\n|faint|p2a: Hydreigon\n|\n|-heal|p1a: Archaludon|40/100|[from] item: Leftovers\n|upkeep\n|\n|t:|1776383064\n|switch|p2a: Tyranitar|Tyranitar, L50, M|100/100\n|-weather|Sandstorm|[from] ability: Sand Stream|[of] p2a: Tyranitar\n|turn|8\n|\n|t:|1776383075\n|move|p2b: Scizor|Bullet Punch|p1a: Archaludon\n|-resisted|p1a: Archaludon|1\n|-damage|p1a: Archaludon|27/100\n|-ability|p1a: Archaludon|Stamina|boost\n|-boost|p1a: Archaludon|def|1\n|move|p2a: Tyranitar|Rock Slide|p1a: Archaludon\n|-resisted|p1a: Archaludon|1\n|-damage|p1a: Archaludon|21/100\n|-ability|p1a: Archaludon|Stamina|boost\n|-boost|p1a: Archaludon|def|1\n|move|p1a: Archaludon|Flash Cannon|p2a: Tyranitar\n|-supereffective|p2a: Tyranitar|1\n|-damage|p2a: Tyranitar|80/100\n|\n|-weather|Sandstorm|[upkeep]\n|-heal|p1a: Archaludon|27/100|[from] item: Leftovers\n|upkeep\n|turn|9\n|\n|t:|1776383095\n|move|p1a: Archaludon|Protect|p1a: Archaludon\n|-singleturn|p1a: Archaludon|Protect\n|move|p2a: Tyranitar|Crunch|p1a: Archaludon\n|-activate|p1a: Archaludon|move: Protect\n|move|p2b: Scizor|X-Scissor|p1a: Archaludon\n|-activate|p1a: Archaludon|move: Protect\n|\n|-weather|Sandstorm|[upkeep]\n|-heal|p1a: Archaludon|33/100|[from] item: Leftovers\n|upkeep\n|turn|10\n|\n|t:|1776383110\n|move|p2a: Tyranitar|Crunch|p1a: Archaludon\n|-damage|p1a: Archaludon|21/100\n|-ability|p1a: Archaludon|Stamina|boost\n|-boost|p1a: Archaludon|def|1\n|move|p1a: Archaludon|Flash Cannon|p2a: Tyranitar\n|-supereffective|p2a: Tyranitar|1\n|-damage|p2a: Tyranitar|59/100\n|move|p2b: Scizor|X-Scissor|p1a: Archaludon\n|-resisted|p1a: Archaludon|1\n|-damage|p1a: Archaludon|10/100\n|-ability|p1a: Archaludon|Stamina|boost\n|-boost|p1a: Archaludon|def|1\n|\n|-weather|Sandstorm|[upkeep]\n|-heal|p1a: Archaludon|16/100|[from] item: Leftovers\n|upkeep\n|turn|11\n|\n|t:|1776383129\n|move|p1a: Archaludon|Protect|p1a: Archaludon\n|-singleturn|p1a: Archaludon|Protect\n|move|p2b: Scizor|Bullet Punch|p1a: Archaludon\n|-activate|p1a: Archaludon|move: Protect\n|move|p2a: Tyranitar|Crunch|p1a: Archaludon\n|-activate|p1a: Archaludon|move: Protect\n|\n|-weather|Sandstorm|[upkeep]\n|-heal|p1a: Archaludon|22/100|[from] item: Leftovers\n|upkeep\n|turn|12\n|\n|t:|1776383151\n|move|p2b: Scizor|Bullet Punch|p1a: Archaludon\n|-resisted|p1a: Archaludon|1\n|-damage|p1a: Archaludon|16/100\n|move|p2a: Tyranitar|Crunch|p1a: Archaludon\n|-damage|p1a: Archaludon|6/100\n|-unboost|p1a: Archaludon|def|1\n|-ability|p1a: Archaludon|Stamina|boost\n|-boost|p1a: Archaludon|def|1\n|move|p1a: Archaludon|Flash Cannon|p2b: Scizor\n|-resisted|p2b: Scizor|1\n|-damage|p2b: Scizor|8/100\n|\n|-weather|none\n|-heal|p1a: Archaludon|12/100|[from] item: Leftovers\n|upkeep\n|turn|13\n|\n|t:|1776383168\n|move|p1a: Archaludon|Protect|p1a: Archaludon\n|-singleturn|p1a: Archaludon|Protect\n|move|p2b: Scizor|Bullet Punch|p1a: Archaludon\n|-activate|p1a: Archaludon|move: Protect\n|move|p2a: Tyranitar|Crunch|p1a: Archaludon\n|-activate|p1a: Archaludon|move: Protect\n|\n|-heal|p1a: Archaludon|19/100|[from] item: Leftovers\n|upkeep\n|turn|14\n|\n|t:|1776383181\n|move|p2b: Scizor|Bullet Punch|p1a: Archaludon\n|-resisted|p1a: Archaludon|1\n|-damage|p1a: Archaludon|11/100\n|move|p2a: Tyranitar|Crunch|p1a: Archaludon\n|-damage|p1a: Archaludon|3/100\n|move|p1a: Archaludon|Flash Cannon|p2a: Tyranitar\n|-supereffective|p2a: Tyranitar|1\n|-damage|p2a: Tyranitar|31/100\n|\n|-heal|p1a: Archaludon|9/100|[from] item: Leftovers\n|upkeep\n|turn|15\n|\n|t:|1776383195\n|move|p1a: Archaludon|Protect|p1a: Archaludon\n|-singleturn|p1a: Archaludon|Protect\n|move|p2b: Scizor|Bullet Punch|p1a: Archaludon\n|-activate|p1a: Archaludon|move: Protect\n|move|p2a: Tyranitar|Crunch|p1a: Archaludon\n|-activate|p1a: Archaludon|move: Protect\n|\n|-heal|p1a: Archaludon|16/100|[from] item: Leftovers\n|upkeep\n|turn|16\n|\n|t:|1776383209\n|move|p2b: Scizor|Bullet Punch|p1a: Archaludon\n|-resisted|p1a: Archaludon|1\n|-damage|p1a: Archaludon|8/100\n|move|p2a: Tyranitar|Crunch|p1a: Archaludon\n|-damage|p1a: Archaludon|0 fnt\n|faint|p1a: Archaludon\n|\n|win|FeyQueenZoom\n|raw|Binguzzzzz's rating: 1035 &rarr; <strong>1020</strong><br />(-15 for losing)\n|raw|FeyQueenZoom's rating: 1031 &rarr; <strong>1067</strong><br />(+36 for winning)\n|c|\u2606Binguzzzzz|gg lol\n",
  "uploadtime": 1776383220,
  "views": 16,
  "formatid": "gen9championsvgc2026regma",
  "rating": 1020,
  "private": 0,
  "password": null
}