{
  "id": "gen9championsvgc2026regma-2584462518",
  "format": "[Gen 9 Champions] VGC 2026 Reg M-A",
  "players": [
    "ted7106061408",
    "TytaniumV"
  ],
  "log": "|j|\u2606ted7106061408\n|j|\u2606TytaniumV\n|t:|1776262529\n|gametype|doubles\n|player|p1|ted7106061408|2|1298\n|player|p2|TytaniumV|cyclist-gen4|1323\n|gen|9\n|tier|[Gen 9 Champions] VGC 2026 Reg M-A\n|rated|\n|rule|Species Clause: Limit one of each Pok\u00e9mon\n|rule|Item Clause: Limit 1 of each item\n|clearpoke\n|poke|p1|Floette-Eternal, L50, F|\n|poke|p1|Sinistcha, L50|\n|poke|p1|Incineroar, L50, M|\n|poke|p1|Garchomp, L50, M|\n|poke|p1|Aerodactyl, L50, F|\n|poke|p1|Rotom-Wash, L50|\n|poke|p2|Garchomp, L50, M|\n|poke|p2|Rotom-Wash, L50|\n|poke|p2|Delphox, L50, F|\n|poke|p2|Orthworm, L50, F|\n|poke|p2|Tyranitar, L50, F|\n|poke|p2|Aerodactyl, L50, F|\n|teampreview|4\n|inactive|Battle timer is ON: inactive players will automatically lose when time's up. (requested by ted7106061408)\nted7106061408 has agreed to open team sheets.\n|\n|t:|1776262559\n|teamsize|p1|4\n|teamsize|p2|4\n|start\n|switch|p1a: Floette|Floette-Eternal, L50, F|100/100\n|switch|p1b: Incineroar|Incineroar, L50, M|100/100\n|switch|p2a: Aerodactyl|Aerodactyl, L50, F|100/100\n|switch|p2b: Orthworm|Orthworm, L50, F|100/100\n|-ability|p2a: Aerodactyl|Unnerve\n|-ability|p1b: Incineroar|Intimidate|boost\n|-unboost|p2a: Aerodactyl|atk|1\n|-unboost|p2b: Orthworm|atk|1\n|turn|1\n|inactive|ted7106061408 has 30 seconds left.\n|inactive|ted7106061408 has 20 seconds left.\n|\n|t:|1776262596\n|detailschange|p1a: Floette|Floette-Mega, L50, F\n|-mega|p1a: Floette|Floette|Floettite\n|-ability|p1a: Floette|Fairy Aura\n|move|p2a: Aerodactyl|Protect|p2a: Aerodactyl\n|-singleturn|p2a: Aerodactyl|Protect\n|move|p1b: Incineroar|Fake Out|p2b: Orthworm\n|-resisted|p2b: Orthworm|1\n|-damage|p2b: Orthworm|97/100\n|move|p1a: Floette|Calm Mind|p1a: Floette\n|-boost|p1a: Floette|spa|1\n|-boost|p1a: Floette|spd|1\n|cant|p2b: Orthworm|flinch\n|\n|upkeep\n|turn|2\n|\n|t:|1776262617\n|move|p2a: Aerodactyl|Rock Slide|p1b: Incineroar|[spread] p1a,p1b\n|-supereffective|p1b: Incineroar|1\n|-damage|p1a: Floette|76/100\n|-damage|p1b: Incineroar|70/100\n|move|p1a: Floette|Moonblast|p2a: Aerodactyl\n|-enditem|p2a: Aerodactyl|Focus Sash\n|-damage|p2a: Aerodactyl|1/100\n|move|p2b: Orthworm|Heavy Slam|p1a: Floette\n|-supereffective|p1a: Floette|1\n|-damage|p1a: Floette|31/100\n|move|p1b: Incineroar|Flare Blitz|p2b: Orthworm\n|-supereffective|p2b: Orthworm|1\n|-damage|p2b: Orthworm|46/100\n|-enditem|p2b: Orthworm|Sitrus Berry|[eat]\n|-heal|p2b: Orthworm|71/100|[from] item: Sitrus Berry\n|-damage|p1b: Incineroar|55/100|[from] Recoil\n|\n|upkeep\n|turn|3\n|\n|t:|1776262631\n|move|p2a: Aerodactyl|Tailwind|p2a: Aerodactyl\n|-sidestart|p2: TytaniumV|move: Tailwind\n|move|p2b: Orthworm|Body Press|p1b: Incineroar\n|-supereffective|p1b: Incineroar|1\n|-damage|p1b: Incineroar|0 fnt\n|faint|p1b: Incineroar\n|move|p1a: Floette|Draining Kiss|p2a: Aerodactyl\n|-damage|p2a: Aerodactyl|0 fnt\n|-heal|p1a: Floette|31/100|[from] drain|[of] p2a: Aerodactyl\n|faint|p2a: Aerodactyl\n|\n|upkeep\n|\n|t:|1776262639\n|switch|p2a: Garchomp|Garchomp, L50, M|100/100\n|switch|p1b: Sinistcha|Sinistcha, L50|100/100\n|-heal|p1a: Floette|56/100|[from] ability: Hospitality|[of] p1b: Sinistcha\n|turn|4\n|\n|t:|1776262656\n|move|p1a: Floette|Protect|p1a: Floette\n|-singleturn|p1a: Floette|Protect\n|move|p2a: Garchomp|Earthquake|p1a: Floette|[spread] p1b\n|-activate|p1a: Floette|move: Protect\n|-heal|p2b: Orthworm|96/100|[from] ability: Earth Eater|[of] p2a: Garchomp\n|-resisted|p1b: Sinistcha|1\n|-damage|p1b: Sinistcha|87/100\n|move|p2b: Orthworm|Shed Tail|p2b: Orthworm\n|-start|p2b: Orthworm|Substitute|[from] move: Shed Tail\n|-damage|p2b: Orthworm|46/100\n|\n|t:|1776262658\n|switch|p2b: Delphox|Delphox, L50, F|100/100|[from] Shed Tail\n|move|p1b: Sinistcha|Trick Room|p1b: Sinistcha\n|-fieldstart|move: Trick Room|[of] p1b: Sinistcha\n|\n|upkeep\n|turn|5\n|\n|t:|1776262674\n|switch|p2a: Orthworm|Orthworm, L50, F|46/100\n|detailschange|p2b: Delphox|Delphox-Mega, L50, F\n|-mega|p2b: Delphox|Delphox|Delphoxite\n|move|p1b: Sinistcha|Life Dew|p1b: Sinistcha|[spread] p1a,p1b\n|-heal|p1a: Floette|81/100\n|-heal|p1b: Sinistcha|100/100\n|move|p1a: Floette|Draining Kiss|p2a: Orthworm\n|-resisted|p2a: Orthworm|1\n|-damage|p2a: Orthworm|3/100\n|-heal|p1a: Floette|100/100|[from] drain|[of] p2a: Orthworm\n|move|p2b: Delphox|Heat Wave|p1a: Floette|[spread] p1a,p1b\n|-crit|p1a: Floette\n|-supereffective|p1b: Sinistcha|1\n|-damage|p1a: Floette|49/100\n|-damage|p1b: Sinistcha|0 fnt\n|faint|p1b: Sinistcha\n|\n|upkeep\n|\n|t:|1776262683\n|switch|p1b: Aerodactyl|Aerodactyl, L50, F|100/100\n|-ability|p1b: Aerodactyl|Unnerve\n|turn|6\n|\n|t:|1776262691\n|move|p1a: Floette|Moonblast|p2b: Delphox\n|-resisted|p2b: Delphox|1\n|-crit|p2b: Delphox\n|-end|p2b: Delphox|Substitute\n|move|p2a: Orthworm|Heavy Slam|p1b: Aerodactyl\n|-supereffective|p1b: Aerodactyl|1\n|-damage|p1b: Aerodactyl|0 fnt\n|faint|p1b: Aerodactyl\n|move|p2b: Delphox|Psychic|p1a: Floette\n|-damage|p1a: Floette|21/100\n|\n|-sideend|p2: TytaniumV|move: Tailwind\n|upkeep\n|turn|7\n|\n|t:|1776262703\n|move|p2b: Delphox|Protect|p2b: Delphox\n|-singleturn|p2b: Delphox|Protect\n|move|p2a: Orthworm|Heavy Slam|p1a: Floette\n|-supereffective|p1a: Floette|1\n|-damage|p1a: Floette|0 fnt\n|faint|p1a: Floette\n|\n|win|TytaniumV\n|raw|ted7106061408's rating: 1298 &rarr; <strong>1275</strong><br />(-23 for losing)\n|raw|TytaniumV's rating: 1323 &rarr; <strong>1342</strong><br />(+19 for winning)\n|l|\u2606ted7106061408\n|player|p1|\n|c|\u2606TytaniumV|Ggwp\n",
  "uploadtime": 1776262714,
  "views": 32,
  "formatid": "gen9championsvgc2026regma",
  "rating": 1275,
  "private": 0,
  "password": null
}