{
  "id": "gen9championsvgc2026regma-2587734303",
  "format": "[Gen 9 Champions] VGC 2026 Reg M-A",
  "players": [
    "pubaladdering",
    "TheGreatBigFool"
  ],
  "log": "|j|\u2606pubaladdering\n|j|\u2606TheGreatBigFool\n|t:|1776558626\n|gametype|doubles\n|player|p1|pubaladdering|iono|1138\n|player|p2|TheGreatBigFool|hiker-gen4|1041\n|gen|9\n|tier|[Gen 9 Champions] VGC 2026 Reg M-A\n|rated|\n|rule|Species Clause: Limit one of each Pok\u00e9mon\n|rule|Item Clause: Limit 1 of each item\n|clearpoke\n|poke|p1|Meowstic, L50, M|\n|poke|p1|Crabominable, L50, M|\n|poke|p1|Glimmora, L50, F|\n|poke|p1|Sinistcha-Masterpiece, L50|\n|poke|p1|Incineroar, L50, M|\n|poke|p1|Basculegion, L50, M|\n|poke|p2|Gengar, L50, M|\n|poke|p2|Ninetales-Alola, L50, M|\n|poke|p2|Incineroar, L50, M|\n|poke|p2|Kingambit, L50, M|\n|poke|p2|Whimsicott, L50, M|\n|poke|p2|Sneasler, L50, F|\n|teampreview|4\n|inactive|Battle timer is ON: inactive players will automatically lose when time's up. (requested by pubaladdering)\n|inactive|pubaladdering has 60 seconds left.\n|inactive|TheGreatBigFool has 60 seconds left.\n|\n|t:|1776558674\n|teamsize|p1|4\n|teamsize|p2|4\n|start\n|switch|p1a: Meowstic|Meowstic, L50, M|100/100\n|switch|p1b: Basculegion|Basculegion, L50, M|100/100\n|switch|p2a: Gengar|Gengar, L50, M|100/100\n|switch|p2b: Incineroar|Incineroar, L50, M|100/100\n|-ability|p2b: Incineroar|Intimidate|boost\n|-unboost|p1a: Meowstic|atk|1\n|-unboost|p1b: Basculegion|atk|1\n|turn|1\n|inactive|TheGreatBigFool has 30 seconds left.\n|\n|t:|1776558708\n|detailschange|p2a: Gengar|Gengar-Mega, L50, M\n|-mega|p2a: Gengar|Gengar|Gengarite\n|move|p2a: Gengar|Protect|p2a: Gengar\n|-singleturn|p2a: Gengar|Protect\n|move|p1a: Meowstic|Fake Out|p2b: Incineroar\n|-damage|p2b: Incineroar|97/100\n|move|p1b: Basculegion|Flip Turn|p2b: Incineroar\n|-supereffective|p2b: Incineroar|1\n|-damage|p2b: Incineroar|46/100\n|-enditem|p2b: Incineroar|Sitrus Berry|[eat]\n|-heal|p2b: Incineroar|70/100|[from] item: Sitrus Berry\n|\n|t:|1776558722\n|switch|p1b: Crabominable|Crabominable, L50, M|100/100|[from] Flip Turn\n|cant|p2b: Incineroar|flinch\n|\n|upkeep\n|turn|2\n|inactive|TheGreatBigFool has 30 seconds left.\n|inactive|TheGreatBigFool has 20 seconds left.\n|\n|t:|1776558758\n|switch|p2a: Kingambit|Kingambit, L50, M|100/100\n|move|p1b: Crabominable|Protect|p1b: Crabominable\n|-singleturn|p1b: Crabominable|Protect\n|move|p2b: Incineroar|Parting Shot|p1b: Crabominable\n|-activate|p1b: Crabominable|move: Protect\n|move|p1a: Meowstic|Trick Room|p1a: Meowstic\n|-fieldstart|move: Trick Room|[of] p1a: Meowstic\n|\n|upkeep\n|turn|3\n|inactive|TheGreatBigFool has 30 seconds left.\n|\n|t:|1776558785\n|switch|p2b: Whimsicott|Whimsicott, L50, M|100/100\n|detailschange|p1b: Crabominable|Crabominable-Mega, L50, M\n|-mega|p1b: Crabominable|Crabominable|Crabominite\n|move|p2a: Kingambit|Protect|p2a: Kingambit\n|-singleturn|p2a: Kingambit|Protect\n|move|p1a: Meowstic|Quick Guard|p1a: Meowstic\n|-singleturn|p1a: Meowstic|Quick Guard\n|move|p1b: Crabominable|Drain Punch|p2b: Whimsicott\n|-resisted|p2b: Whimsicott|1\n|-damage|p2b: Whimsicott|49/100\n|\n|upkeep\n|turn|4\n|\n|t:|1776558810\n|switch|p2a: Gengar|Gengar-Mega, L50, M|100/100\n|move|p1a: Meowstic|Quick Guard|p1a: Meowstic\n|-singleturn|p1a: Meowstic|Quick Guard\n|move|p2b: Whimsicott|Encore|p1b: Crabominable\n|-activate|p1b: Crabominable|move: Quick Guard\n|move|p1b: Crabominable|Drain Punch|p2a: Gengar\n|-immune|p2a: Gengar\n|\n|upkeep\n|turn|5\n|inactive|TheGreatBigFool has 30 seconds left.\n|inactive|TheGreatBigFool has 20 seconds left.\n|\n|t:|1776558849\n|move|p2a: Gengar|Protect|p2a: Gengar\n|-singleturn|p2a: Gengar|Protect\n|move|p2b: Whimsicott|Light Screen|p2b: Whimsicott\n|-sidestart|p2: TheGreatBigFool|move: Light Screen\n|move|p1b: Crabominable|Drain Punch|p2b: Whimsicott\n|-resisted|p2b: Whimsicott|1\n|-damage|p2b: Whimsicott|3/100\n|move|p1a: Meowstic|Psychic Noise|p2a: Gengar\n|-activate|p2a: Gengar|move: Protect\n|\n|upkeep\n|turn|6\n|inactive|pubaladdering has 30 seconds left.\n|inactive|TheGreatBigFool has 30 seconds left.\n|inactive|pubaladdering has 20 seconds left.\n|inactive|TheGreatBigFool has 20 seconds left.\n|inactive|pubaladdering has 15 seconds left.\n|\n|t:|1776558890\n|switch|p2a: Incineroar|Incineroar, L50, M|70/100\n|-ability|p2a: Incineroar|Intimidate|boost\n|-unboost|p1a: Meowstic|atk|1\n|-unboost|p1b: Crabominable|atk|1\n|move|p2b: Whimsicott|Tailwind|p2b: Whimsicott\n|-sidestart|p2: TheGreatBigFool|move: Tailwind\n|move|p1b: Crabominable|Ice Hammer|p2a: Incineroar\n|-resisted|p2a: Incineroar|1\n|-damage|p2a: Incineroar|45/100\n|-unboost|p1b: Crabominable|spe|1\n|move|p1a: Meowstic|Psychic Noise|p2b: Whimsicott\n|-damage|p2b: Whimsicott|0 fnt\n|faint|p2b: Whimsicott\n|\n|-fieldend|move: Trick Room\n|upkeep\n|\n|t:|1776558910\n|switch|p2b: Kingambit|Kingambit, L50, M|100/100\n|turn|7\n|inactive|TheGreatBigFool has 30 seconds left.\n|inactive|TheGreatBigFool has 20 seconds left.\n|inactive|TheGreatBigFool has 15 seconds left.\n|\n|t:|1776558951\n|move|p2a: Incineroar|Parting Shot|p1b: Crabominable\n|-unboost|p1b: Crabominable|atk|1\n|-unboost|p1b: Crabominable|spa|1\n|\n|t:|1776558956\n|switch|p2a: Gengar|Gengar-Mega, L50, M|100/100|[from] Parting Shot\n|move|p2b: Kingambit|Swords Dance|p2b: Kingambit\n|-boost|p2b: Kingambit|atk|2\n|move|p1b: Crabominable|Drain Punch|p2a: Gengar\n|-immune|p2a: Gengar\n|move|p1a: Meowstic|Trick Room|p1a: Meowstic\n|-fieldstart|move: Trick Room|[of] p1a: Meowstic\n|\n|upkeep\n|turn|8\n|inactive|TheGreatBigFool has 30 seconds left.\n|\n|t:|1776558987\n|switch|p2b: Incineroar|Incineroar, L50, M|45/100\n|-ability|p2b: Incineroar|Intimidate|boost\n|-unboost|p1a: Meowstic|atk|1\n|-unboost|p1b: Crabominable|atk|1\n|move|p1b: Crabominable|Drain Punch|p2b: Incineroar\n|-supereffective|p2b: Incineroar|1\n|-damage|p2b: Incineroar|0 fnt\n|faint|p2b: Incineroar\n|move|p1a: Meowstic|Psychic Noise|p2a: Gengar\n|-supereffective|p2a: Gengar|1\n|-damage|p2a: Gengar|59/100\n|-start|p2a: Gengar|move: Heal Block\n|move|p2a: Gengar|Shadow Ball|p1a: Meowstic\n|-supereffective|p1a: Meowstic|1\n|-damage|p1a: Meowstic|17/100\n|\n|upkeep\n|\n|t:|1776559002\n|switch|p2b: Kingambit|Kingambit, L50, M|100/100\n|turn|9\n|\n|t:|1776559009\n|move|p1a: Meowstic|Quick Guard|p1a: Meowstic\n|-singleturn|p1a: Meowstic|Quick Guard\n|move|p2b: Kingambit|Protect|p2b: Kingambit\n|-singleturn|p2b: Kingambit|Protect\n|move|p2a: Gengar|Protect|p2a: Gengar\n|-singleturn|p2a: Gengar|Protect\n|move|p1b: Crabominable|Drain Punch|p2b: Kingambit\n|-activate|p2b: Kingambit|move: Protect\n|\n|-end|p2a: Gengar|move: Heal Block\n|-sideend|p2: TheGreatBigFool|move: Light Screen\n|-sideend|p2: TheGreatBigFool|move: Tailwind\n|upkeep\n|turn|10\n|inactive|TheGreatBigFool has 30 seconds left.\n|\n|t:|1776559040\n|move|p2b: Kingambit|Protect||[still]\n|-fail|p2b: Kingambit\n|move|p1b: Crabominable|Drain Punch|p2b: Kingambit\n|-supereffective|p2b: Kingambit|2\n|-damage|p2b: Kingambit|29/100\n|move|p1a: Meowstic|Psychic Noise|p2a: Gengar\n|-supereffective|p2a: Gengar|1\n|-damage|p2a: Gengar|0 fnt\n|faint|p2a: Gengar\n|\n|upkeep\n|turn|11\n|-message|TheGreatBigFool forfeited.\n|\n|win|pubaladdering\n|raw|pubaladdering's rating: 1138 &rarr; <strong>1156</strong><br />(+18 for winning)\n|raw|TheGreatBigFool's rating: 1041 &rarr; <strong>1029</strong><br />(-12 for losing)\n|l|\u2606TheGreatBigFool\n|player|p2|\n",
  "uploadtime": 1776559067,
  "views": 20,
  "formatid": "gen9championsvgc2026regma",
  "rating": 1029,
  "private": 0,
  "password": null
}