{
  "id": "gen9championsvgc2026regma-2580662910",
  "format": "[Gen 9 Champions] VGC 2026 Reg M-A",
  "players": [
    "evasivemonkey6",
    "silkandiron"
  ],
  "log": "|j|\u2606evasivemonkey6\n|j|\u2606silkandiron\n|t:|1775922344\n|gametype|doubles\n|player|p1|evasivemonkey6|cynthia|1000\n|player|p2|silkandiron|102|1092\n|gen|9\n|tier|[Gen 9 Champions] VGC 2026 Reg M-A\n|rated|\n|rule|Species Clause: Limit one of each Pok\u00e9mon\n|rule|Item Clause: Limit 1 of each item\n|clearpoke\n|poke|p1|Tyranitar, L50, M|\n|poke|p1|Garchomp, L50, F|\n|poke|p1|Golurk, L50|\n|poke|p1|Araquanid, L50, F|\n|poke|p1|Incineroar, L50, F|\n|poke|p1|Corviknight, L50, F|\n|poke|p2|Charizard, L50, F|\n|poke|p2|Maushold, L50|\n|poke|p2|Sneasler, L50, M|\n|poke|p2|Dragapult, L50, F|\n|poke|p2|Kingambit, L50, F|\n|poke|p2|Garchomp, L50, F|\n|teampreview|4\nsilkandiron rejected open team sheets.\n|inactive|Battle timer is ON: inactive players will automatically lose when time's up. (requested by silkandiron)\n|inactive|silkandiron has 60 seconds left.\n|\n|t:|1775922417\n|teamsize|p1|4\n|teamsize|p2|4\n|start\n|switch|p1a: Araquanid|Araquanid, L50, F|100/100\n|switch|p1b: Garchomp|Garchomp, L50, F|100/100\n|switch|p2a: Kingambit|Kingambit, L50, F|100/100\n|switch|p2b: Sneasler|Sneasler, L50, M|100/100\n|turn|1\n|\n|t:|1775922437\n|move|p2b: Sneasler|Fake Out|p1b: Garchomp\n|-damage|p1b: Garchomp|84/100\n|cant|p1b: Garchomp|flinch\n|move|p2a: Kingambit|Kowtow Cleave|p1b: Garchomp\n|-damage|p1b: Garchomp|24/100\n|move|p1a: Araquanid|Sticky Web|p2a: Kingambit\n|-sidestart|p2: silkandiron|move: Sticky Web\n|\n|upkeep\n|turn|2\n|\n|t:|1775922456\n|switch|p1b: Tyranitar|Tyranitar, L50, M|100/100\n|-weather|Sandstorm|[from] ability: Sand Stream|[of] p1b: Tyranitar\n|move|p2a: Kingambit|Sucker Punch||[still]\n|-fail|p2a: Kingambit\n|move|p2b: Sneasler|Dire Claw|p1a: Araquanid\n|-damage|p1a: Araquanid|54/100\n|move|p1a: Araquanid|Liquidation|p2b: Sneasler\n|-damage|p2b: Sneasler|0 fnt\n|faint|p2b: Sneasler\n|\n|-weather|Sandstorm|[upkeep]\n|-damage|p1a: Araquanid|48/100|[from] Sandstorm\n|upkeep\n|\n|t:|1775922469\n|switch|p2b: Charizard|Charizard, L50, F, shiny|100/100\n|turn|3\n|\n|t:|1775922485\n|detailschange|p1b: Tyranitar|Tyranitar-Mega, L50, M\n|-mega|p1b: Tyranitar|Tyranitar|Tyranitarite\n|move|p2b: Charizard|Protect|p2b: Charizard\n|-singleturn|p2b: Charizard|Protect\n|move|p1b: Tyranitar|Rock Slide|p2a: Kingambit|[spread] p2a\n|-activate|p2b: Charizard|move: Protect\n|-resisted|p2a: Kingambit|1\n|-damage|p2a: Kingambit|89/100\n|move|p2a: Kingambit|Iron Head|p1b: Tyranitar\n|-supereffective|p1b: Tyranitar|1\n|-damage|p1b: Tyranitar|45/100\n|move|p1a: Araquanid|Liquidation|p2b: Charizard\n|-activate|p2b: Charizard|move: Protect\n|\n|-weather|Sandstorm|[upkeep]\n|-damage|p2b: Charizard|95/100|[from] Sandstorm\n|-damage|p1a: Araquanid|42/100|[from] Sandstorm\n|upkeep\n|turn|4\n|\n|t:|1775922504\n|detailschange|p2b: Charizard|Charizard-Mega-Y, L50, F, shiny\n|-mega|p2b: Charizard|Charizard|Charizardite Y\n|-weather|SunnyDay|[from] ability: Drought|[of] p2b: Charizard\n|move|p1b: Tyranitar|Protect|p1b: Tyranitar\n|-singleturn|p1b: Tyranitar|Protect\n|move|p2b: Charizard|Solar Beam||[still]\n|-prepare|p2b: Charizard|Solar Beam\n|-anim|p2b: Charizard|Solar Beam|p1b: Tyranitar\n|-activate|p1b: Tyranitar|move: Protect\n|move|p2a: Kingambit|Kowtow Cleave|p1a: Araquanid\n|-damage|p1a: Araquanid|0 fnt\n|faint|p1a: Araquanid\n|\n|-weather|SunnyDay|[upkeep]\n|upkeep\n|\n|t:|1775922518\n|switch|p1a: Incineroar|Incineroar, L50, F|100/100\n|-ability|p1a: Incineroar|Intimidate|boost\n|-unboost|p2a: Kingambit|atk|1\n|-ability|p2a: Kingambit|Defiant|boost\n|-boost|p2a: Kingambit|atk|2\n|-unboost|p2b: Charizard|atk|1\n|turn|5\n|inactive|silkandiron has 30 seconds left.\n|\n|t:|1775922543\n|switch|p2b: Dragapult|Dragapult, L50, F, shiny|100/100\n|-activate|p2b: Dragapult|move: Sticky Web\n|-unboost|p2b: Dragapult|spe|1\n|move|p2a: Kingambit|Protect|p2a: Kingambit\n|-singleturn|p2a: Kingambit|Protect\n|move|p1b: Tyranitar|Rock Slide|p2a: Kingambit|[spread] \n|-activate|p2a: Kingambit|move: Protect\n|-miss|p1b: Tyranitar|p2b: Dragapult\n|move|p1a: Incineroar|Flare Blitz|p2a: Kingambit\n|-activate|p2a: Kingambit|move: Protect\n|\n|-weather|SunnyDay|[upkeep]\n|upkeep\n|turn|6\n|inactive|silkandiron has 30 seconds left.\n|\n|t:|1775922572\n|move|p2a: Kingambit|Sucker Punch|p1a: Incineroar\n|-resisted|p1a: Incineroar|1\n|-damage|p1a: Incineroar|62/100\n|move|p2b: Dragapult|Draco Meteor|p1a: Incineroar|[miss]\n|-miss|p2b: Dragapult|p1a: Incineroar\n|move|p1b: Tyranitar|Knock Off|p2b: Dragapult\n|-supereffective|p2b: Dragapult|1\n|-enditem|p2b: Dragapult|Focus Sash\n|-damage|p2b: Dragapult|1/100\n|move|p1a: Incineroar|Flare Blitz|p2a: Kingambit\n|-supereffective|p2a: Kingambit|1\n|-damage|p2a: Kingambit|0 fnt\n|faint|p2a: Kingambit\n|-damage|p1a: Incineroar|26/100|[from] Recoil\n|\n|-weather|SunnyDay|[upkeep]\n|upkeep\n|\n|t:|1775922584\n|switch|p2a: Charizard|Charizard-Mega-Y, L50, F, shiny|95/100\n|turn|7\n|\n|t:|1775922608\n|switch|p1b: Garchomp|Garchomp, L50, F|24/100\n|move|p1a: Incineroar|Protect|p1a: Incineroar\n|-singleturn|p1a: Incineroar|Protect\n|move|p2a: Charizard|Heat Wave|p1b: Garchomp|[spread] p1b\n|-activate|p1a: Incineroar|move: Protect\n|-resisted|p1b: Garchomp|1\n|-damage|p1b: Garchomp|0 fnt\n|faint|p1b: Garchomp\n|move|p2b: Dragapult|Will-O-Wisp|p1a: Incineroar\n|-activate|p1a: Incineroar|move: Protect\n|\n|-weather|SunnyDay|[upkeep]\n|upkeep\n|\n|t:|1775922610\n|switch|p1b: Tyranitar|Tyranitar-Mega, L50, M|45/100\n|-weather|Sandstorm|[from] ability: Sand Stream|[of] p1b: Tyranitar\n|turn|8\n|inactive|silkandiron has 30 seconds left.\n|inactive|silkandiron has 20 seconds left.\n|inactive|silkandiron has 15 seconds left.\n|inactive|silkandiron has 10 seconds left.\n|\n|t:|1775922660\n|move|p2a: Charizard|Protect|p2a: Charizard\n|-singleturn|p2a: Charizard|Protect\n|move|p1b: Tyranitar|Protect|p1b: Tyranitar\n|-singleturn|p1b: Tyranitar|Protect\n|move|p2b: Dragapult|Draco Meteor|p1a: Incineroar\n|-damage|p1a: Incineroar|0 fnt\n|-unboost|p2b: Dragapult|spa|2\n|faint|p1a: Incineroar\n|\n|-weather|Sandstorm|[upkeep]\n|-damage|p2a: Charizard|89/100|[from] Sandstorm\n|-damage|p2b: Dragapult|0 fnt|[from] Sandstorm\n|faint|p2b: Dragapult\n|upkeep\n|turn|9\n|\n|t:|1775922676\n|move|p2a: Charizard|Overheat|p1b: Tyranitar|[miss]\n|-miss|p2a: Charizard|p1b: Tyranitar\n|move|p1b: Tyranitar|Rock Slide|p2a: Charizard\n|-supereffective|p2a: Charizard|2\n|-damage|p2a: Charizard|0 fnt\n|faint|p2a: Charizard\n|\n|win|evasivemonkey6\n|raw|evasivemonkey6's rating: 1000 &rarr; <strong>1050</strong><br />(+50 for winning)\n|raw|silkandiron's rating: 1092 &rarr; <strong>1062</strong><br />(-30 for losing)\n",
  "uploadtime": 1775922680,
  "views": 21,
  "formatid": "gen9championsvgc2026regma",
  "rating": 1050,
  "private": 0,
  "password": null
}