{
  "id": "gen9championsvgc2026regma-2583250065",
  "format": "[Gen 9 Champions] VGC 2026 Reg M-A",
  "players": [
    "AwesomeAqi",
    "CrazyQuilman157"
  ],
  "log": "|j|\u2606AwesomeAqi\n|j|\u2606CrazyQuilman157\n|t:|1776159487\n|gametype|doubles\n|player|p1|AwesomeAqi|266|1028\n|player|p2|CrazyQuilman157|scientist|1040\n|gen|9\n|tier|[Gen 9 Champions] VGC 2026 Reg M-A\n|rated|\n|rule|Species Clause: Limit one of each Pok\u00e9mon\n|rule|Item Clause: Limit 1 of each item\n|clearpoke\n|poke|p1|Gengar, L50, F|\n|poke|p1|Snorlax, L50, F|\n|poke|p1|Garchomp, L50, M|\n|poke|p1|Umbreon, L50, F|\n|poke|p1|Rotom-Wash, L50|\n|poke|p1|Sneasler, L50, M|\n|poke|p2|Whimsicott, L50, F|\n|poke|p2|Krookodile, L50, F|\n|poke|p2|Chandelure, L50, F|\n|poke|p2|Maushold-Four, L50|\n|poke|p2|Skarmory, L50, M|\n|poke|p2|Feraligatr, L50, F|\n|teampreview|4\n|\n|t:|1776159512\n|teamsize|p1|4\n|teamsize|p2|4\n|start\n|switch|p1a: Sneasler|Sneasler, L50, M|100/100\n|switch|p1b: Snorlax|Snorlax, L50, F|100/100\n|switch|p2a: Whimsicott|Whimsicott, L50, F|100/100\n|switch|p2b: Flicker|Chandelure, L50, F|100/100\n|turn|1\n|\n|t:|1776159530\n|detailschange|p2b: Flicker|Chandelure-Mega, L50, F\n|-mega|p2b: Flicker|Chandelure|Chandelurite\n|move|p1a: Sneasler|Fake Out|p2a: Whimsicott\n|-damage|p2a: Whimsicott|86/100\n|cant|p2a: Whimsicott|flinch\n|move|p2b: Flicker|Shadow Ball|p1a: Sneasler\n|-damage|p1a: Sneasler|31/100\n|move|p1b: Snorlax|Yawn|p2a: Whimsicott\n|-start|p2a: Whimsicott|move: Yawn|[of] p1b: Snorlax\n|\n|upkeep\n|turn|2\n|\n|t:|1776159553\n|switch|p1a: Umbreon|Umbreon, L50, F|100/100\n|move|p2a: Whimsicott|Tailwind|p2a: Whimsicott\n|-sidestart|p2: CrazyQuilman157|move: Tailwind\n|move|p2b: Flicker|Heat Wave|p1b: Snorlax|[spread] p1a,p1b\n|-damage|p1a: Umbreon|72/100\n|-damage|p1b: Snorlax|78/100\n|move|p1b: Snorlax|Yawn|p2b: Flicker\n|-start|p2b: Flicker|move: Yawn|[of] p1b: Snorlax\n|\n|-end|p2a: Whimsicott|move: Yawn|[silent]\n|-status|p2a: Whimsicott|slp\n|upkeep\n|turn|3\n|\n|t:|1776159572\n|switch|p2b: Nibbles|Krookodile, L50, F|100/100\n|-ability|p2b: Nibbles|Intimidate|boost\n|-fail|p1a: Umbreon|unboost|Attack|[from] ability: Inner Focus|[of] p1a: Umbreon\n|-unboost|p1b: Snorlax|atk|1\n|cant|p2a: Whimsicott|slp\n|move|p1a: Umbreon|Mean Look|p2b: Nibbles\n|-activate|p2b: Nibbles|trapped\n|move|p1b: Snorlax|Yawn|p2b: Nibbles\n|-start|p2b: Nibbles|move: Yawn|[of] p1b: Snorlax\n|\n|upkeep\n|turn|4\n|\n|t:|1776159595\n|switch|p1b: Gengar|Gengar, L50, F|100/100\n|cant|p2a: Whimsicott|slp\n|move|p2b: Nibbles|Taunt|p1b: Gengar\n|-start|p1b: Gengar|move: Taunt\n|move|p1a: Umbreon|Mean Look|p2a: Whimsicott\n|-activate|p2a: Whimsicott|trapped\n|\n|-end|p2b: Nibbles|move: Yawn|[silent]\n|-status|p2b: Nibbles|slp\n|upkeep\n|turn|5\n|\n|t:|1776159614\n|detailschange|p1b: Gengar|Gengar-Mega, L50, F\n|-mega|p1b: Gengar|Gengar|Gengarite\n|-curestatus|p2a: Whimsicott|slp|[msg]\n|move|p2a: Whimsicott|Moonblast|p1a: Umbreon\n|-supereffective|p1a: Umbreon|1\n|-damage|p1a: Umbreon|37/100\n|cant|p2b: Nibbles|slp\n|move|p1b: Gengar|Shadow Ball|p2a: Whimsicott\n|-damage|p2a: Whimsicott|32/100\n|move|p1a: Umbreon|Curse|p1a: Umbreon\n|-unboost|p1a: Umbreon|spe|1\n|-boost|p1a: Umbreon|atk|1\n|-boost|p1a: Umbreon|def|1\n|\n|-sideend|p2: CrazyQuilman157|move: Tailwind\n|upkeep\n|turn|6\n|\n|t:|1776159635\n|move|p2a: Whimsicott|Tailwind|p2a: Whimsicott\n|-sidestart|p2: CrazyQuilman157|move: Tailwind\n|-curestatus|p2b: Nibbles|slp|[msg]\n|move|p2b: Nibbles|Rock Slide|p1a: Umbreon|[spread] p1a,p1b\n|-damage|p1a: Umbreon|29/100\n|-damage|p1b: Gengar|72/100\n|move|p1b: Gengar|Shadow Ball|p2a: Whimsicott\n|-damage|p2a: Whimsicott|0 fnt\n|faint|p2a: Whimsicott\n|move|p1a: Umbreon|Dark Pulse|p2b: Nibbles\n|-resisted|p2b: Nibbles|1\n|-damage|p2b: Nibbles|91/100\n|\n|-end|p1b: Gengar|move: Taunt\n|upkeep\n|\n|t:|1776159651\n|switch|p2a: Flicker|Chandelure-Mega, L50, F|100/100\n|turn|7\n|\n|t:|1776159670\n|switch|p1a: Snorlax|Snorlax, L50, F|78/100\n|move|p1b: Gengar|Protect|p1b: Gengar\n|-singleturn|p1b: Gengar|Protect\n|move|p2b: Nibbles|Taunt|p1a: Snorlax\n|-start|p1a: Snorlax|move: Taunt\n|move|p2a: Flicker|Shadow Ball|p1b: Gengar\n|-activate|p1b: Gengar|move: Protect\n|\n|upkeep\n|turn|8\n|\n|t:|1776159688\n|move|p2b: Nibbles|Knock Off|p1a: Snorlax\n|-damage|p1a: Snorlax|45/100\n|-enditem|p1a: Snorlax|Sitrus Berry|[from] move: Knock Off|[of] p2b: Nibbles\n|move|p2a: Flicker|Shadow Ball|p1b: Gengar\n|-supereffective|p1b: Gengar|1\n|-damage|p1b: Gengar|0 fnt\n|faint|p1b: Gengar\n|move|p1a: Snorlax|Body Press|p2b: Nibbles\n|-supereffective|p2b: Nibbles|1\n|-damage|p2b: Nibbles|58/100\n|\n|upkeep\n|\n|t:|1776159699\n|switch|p1b: Sneasler|Sneasler, L50, M|31/100\n|turn|9\n|\n|t:|1776159712\n|switch|p1a: Umbreon|Umbreon, L50, F|29/100\n|move|p2b: Nibbles|Rock Slide|p1b: Sneasler|[spread] p1a,p1b\n|-resisted|p1b: Sneasler|1\n|-damage|p1a: Umbreon|16/100\n|-damage|p1b: Sneasler|18/100\n|move|p2a: Flicker|Heat Wave|p1b: Sneasler|[spread] p1b\n|-miss|p2a: Flicker|p1a: Umbreon\n|-damage|p1b: Sneasler|0 fnt\n|faint|p1b: Sneasler\n|\n|-sideend|p2: CrazyQuilman157|move: Tailwind\n|upkeep\n|-message|AwesomeAqi forfeited.\n|\n|win|CrazyQuilman157\n|raw|AwesomeAqi's rating: 1028 &rarr; <strong>1014</strong><br />(-14 for losing)\n|raw|CrazyQuilman157's rating: 1040 &rarr; <strong>1073</strong><br />(+33 for winning)\n|l|\u2606AwesomeAqi\n|player|p1|\n",
  "uploadtime": 1776159746,
  "views": 41,
  "formatid": "gen9championsvgc2026regma",
  "rating": 1014,
  "private": 0,
  "password": null
}