{
  "id": "gen9championsvgc2026regma-2586202193",
  "format": "[Gen 9 Champions] VGC 2026 Reg M-A",
  "players": [
    "Doctor Victreebel",
    "Tamejo"
  ],
  "log": "|j|\u2606Doctor Victreebel\n|j|\u2606Tamejo\n|t:|1776411827\n|gametype|doubles\n|player|p1|Doctor Victreebel|170|1246\n|player|p2|Tamejo|caitlin|1163\n|gen|9\n|tier|[Gen 9 Champions] VGC 2026 Reg M-A\n|rated|\n|rule|Species Clause: Limit one of each Pok\u00e9mon\n|rule|Item Clause: Limit 1 of each item\n|clearpoke\n|poke|p1|Lopunny, L50, F|\n|poke|p1|Incineroar, L50, M|\n|poke|p1|Victreebel, L50, M|\n|poke|p1|Torkoal, L50, M|\n|poke|p1|Zoroark-Hisui, L50, F|\n|poke|p1|Farigiraf, L50, F|\n|poke|p2|Dragapult, L50, F|\n|poke|p2|Corviknight, L50, F|\n|poke|p2|Sylveon, L50, F|\n|poke|p2|Whimsicott, L50, F|\n|poke|p2|Glimmora, L50, F|\n|poke|p2|Incineroar, L50, F|\n|teampreview|4\n|inactive|Battle timer is ON: inactive players will automatically lose when time's up. (requested by Doctor Victreebel)\n|\n|t:|1776411860\n|teamsize|p1|4\n|teamsize|p2|4\n|start\n|switch|p1a: Incineroar|Incineroar, L50, M|100/100\n|switch|p1b: Farigiraf|Farigiraf, L50, F|100/100\n|switch|p2a: Incineroar|Incineroar, L50, F|100/100\n|switch|p2b: Sylveon|Sylveon, L50, F|100/100\n|-ability|p2a: Incineroar|Intimidate|boost\n|-unboost|p1a: Incineroar|atk|1\n|-unboost|p1b: Farigiraf|atk|1\n|-ability|p1a: Incineroar|Intimidate|boost\n|-unboost|p2a: Incineroar|atk|1\n|-unboost|p2b: Sylveon|atk|1\n|turn|1\n|\n|t:|1776411879\n|move|p1a: Incineroar|Fake Out|p2b: Sylveon\n|-damage|p2b: Sylveon|89/100\n|move|p2a: Incineroar|Taunt|p1b: Farigiraf\n|-start|p1b: Farigiraf|move: Taunt\n|cant|p2b: Sylveon|flinch\n|cant|p1b: Farigiraf|move: Taunt|Trick Room\n|\n|-heal|p2b: Sylveon|95/100|[from] item: Leftovers\n|upkeep\n|turn|2\n|\n|t:|1776411889\n|move|p2a: Incineroar|Parting Shot|p1b: Farigiraf\n|-unboost|p1b: Farigiraf|atk|1\n|-unboost|p1b: Farigiraf|spa|1\n|\n|t:|1776411894\n|switch|p2a: Dragapult|Dragapult, L50, F|100/100|[from] Parting Shot\n|move|p2b: Sylveon|Calm Mind|p2b: Sylveon\n|-boost|p2b: Sylveon|spa|1\n|-boost|p2b: Sylveon|spd|1\n|move|p1a: Incineroar|Flare Blitz|p2b: Sylveon\n|-damage|p2b: Sylveon|48/100\n|-status|p2b: Sylveon|brn\n|-damage|p1a: Incineroar|85/100|[from] Recoil\n|move|p1b: Farigiraf|Hyper Voice|p2b: Sylveon|[spread] p2b\n|-immune|p2a: Dragapult\n|-damage|p2b: Sylveon|39/100 brn\n|\n|-heal|p2b: Sylveon|45/100 brn|[from] item: Leftovers\n|-damage|p2b: Sylveon|39/100 brn|[from] brn\n|upkeep\n|turn|3\n|inactive|Doctor Victreebel has 30 seconds left.\n|\n|t:|1776411922\n|switch|p1b: Torkoal|Torkoal, L50, M|100/100\n|-weather|SunnyDay|[from] ability: Drought|[of] p1b: Torkoal\n|move|p2a: Dragapult|U-turn|p1b: Torkoal\n|-resisted|p1b: Torkoal|1\n|-damage|p1b: Torkoal|92/100\n|\n|t:|1776411927\n|switch|p2a: Incineroar|Incineroar, L50, F|100/100|[from] U-turn\n|-ability|p2a: Incineroar|Intimidate|boost\n|-unboost|p1a: Incineroar|atk|1\n|-unboost|p1b: Torkoal|atk|1\n|move|p2b: Sylveon|Hyper Voice|p1b: Torkoal|[spread] p1a,p1b\n|-resisted|p1b: Torkoal|1\n|-damage|p1a: Incineroar|35/100\n|-damage|p1b: Torkoal|52/100\n|-enditem|p1a: Incineroar|Sitrus Berry|[eat]\n|-heal|p1a: Incineroar|60/100|[from] item: Sitrus Berry\n|move|p1a: Incineroar|Darkest Lariat|p2a: Incineroar\n|-resisted|p2a: Incineroar|1\n|-damage|p2a: Incineroar|90/100\n|\n|-weather|SunnyDay|[upkeep]\n|-heal|p2b: Sylveon|45/100 brn|[from] item: Leftovers\n|-damage|p2b: Sylveon|39/100 brn|[from] brn\n|upkeep\n|turn|4\n|\n|t:|1776411949\n|move|p1b: Torkoal|Protect|p1b: Torkoal\n|-singleturn|p1b: Torkoal|Protect\n|move|p2a: Incineroar|Fake Out|p1a: Incineroar\n|-damage|p1a: Incineroar|51/100\n|move|p2b: Sylveon|Hyper Voice|p1b: Torkoal|[spread] p1a\n|-activate|p1b: Torkoal|move: Protect\n|-damage|p1a: Incineroar|1/100\n|cant|p1a: Incineroar|flinch\n|\n|-weather|SunnyDay|[upkeep]\n|-heal|p2b: Sylveon|45/100 brn|[from] item: Leftovers\n|-damage|p2b: Sylveon|39/100 brn|[from] brn\n|upkeep\n|turn|5\n|\n|t:|1776411964\n|switch|p1b: Farigiraf|Farigiraf, L50, F|100/100\n|move|p2a: Incineroar|Darkest Lariat|p1b: Farigiraf\n|-supereffective|p1b: Farigiraf|1\n|-damage|p1b: Farigiraf|34/100\n|move|p2b: Sylveon|Hyper Voice|p1b: Farigiraf|[spread] p1a,p1b\n|-damage|p1a: Incineroar|0 fnt\n|-damage|p1b: Farigiraf|0 fnt\n|faint|p1a: Incineroar\n|faint|p1b: Farigiraf\n|\n|-weather|SunnyDay|[upkeep]\n|-heal|p2b: Sylveon|45/100 brn|[from] item: Leftovers\n|-damage|p2b: Sylveon|39/100 brn|[from] brn\n|upkeep\n|\n|t:|1776411970\n|switch|p1a: Torkoal|Torkoal, L50, M|52/100\n|switch|p1b: Lopunny|Lopunny, L50, F|100/100\n|turn|6\n|inactive|Tamejo has 30 seconds left.\n|inactive|Doctor Victreebel has 30 seconds left.\n|inactive|Tamejo has 20 seconds left.\n|inactive|Tamejo has 15 seconds left.\n|inactive|Tamejo has 10 seconds left.\n|\n|t:|1776412015\n|detailschange|p1b: Lopunny|Lopunny-Mega, L50, F\n|-mega|p1b: Lopunny|Lopunny|Lopunnite\n|move|p2b: Sylveon|Protect|p2b: Sylveon\n|-singleturn|p2b: Sylveon|Protect\n|move|p1b: Lopunny|Fake Out|p2b: Sylveon\n|-activate|p2b: Sylveon|move: Protect\n|move|p2a: Incineroar|Parting Shot|p1b: Lopunny\n|-unboost|p1b: Lopunny|atk|1\n|-unboost|p1b: Lopunny|spa|1\n|-message|Doctor Victreebel forfeited.\n|\n|win|Tamejo\n|raw|Doctor Victreebel's rating: 1246 &rarr; <strong>1217</strong><br />(-29 for losing)\n|raw|Tamejo's rating: 1184 &rarr; <strong>1213</strong><br />(+29 for winning)\n|l|\u2606Doctor Victreebel\n|player|p1|\n",
  "uploadtime": 1776412025,
  "views": 38,
  "formatid": "gen9championsvgc2026regma",
  "rating": 1213,
  "private": 0,
  "password": null
}