{
  "id": "gen9championsvgc2026regma-2587496283",
  "format": "[Gen 9 Champions] VGC 2026 Reg M-A",
  "players": [
    "2Nickels",
    "yuyutuyu"
  ],
  "log": "|j|\u26062Nickels\n|j|\u2606yuyutuyu\n|t:|1776536747\n|gametype|doubles\n|player|p1|2Nickels|1|1218\n|player|p2|yuyutuyu|lass-gen4dp|1262\n|gen|9\n|tier|[Gen 9 Champions] VGC 2026 Reg M-A\n|rated|\n|rule|Species Clause: Limit one of each Pok\u00e9mon\n|rule|Item Clause: Limit 1 of each item\n|clearpoke\n|poke|p1|Incineroar, L50, M|\n|poke|p1|Oranguru, L50, M|\n|poke|p1|Golurk, L50|\n|poke|p1|Torkoal, L50, M|\n|poke|p1|Sneasler, L50, M|\n|poke|p1|Venusaur, L50, M|\n|poke|p2|Meganium, L50, F, shiny|\n|poke|p2|Pelipper, L50, F|\n|poke|p2|Garchomp, L50, F|\n|poke|p2|Skarmory, L50, F|\n|poke|p2|Raichu, L50, M|\n|poke|p2|Milotic, L50, F|\n|teampreview|4\n|\n|t:|1776536785\n|teamsize|p1|4\n|teamsize|p2|4\n|start\n|switch|p1a: Sneasler|Sneasler, L50, M|100/100\n|switch|p1b: Oranguru|Oranguru, L50, M|100/100\n|switch|p2a: Taichi|Milotic, L50, F|100/100\n|switch|p2b: Chumko|Raichu, L50, M|100/100\n|turn|1\n|\n|t:|1776536809\n|move|p1a: Sneasler|Fake Out|p2b: Chumko\n|-damage|p2b: Chumko|77/100\n|cant|p2b: Chumko|flinch\n|move|p2a: Taichi|Scald|p1a: Sneasler\n|-damage|p1a: Sneasler|58/100\n|-status|p1a: Sneasler|brn\n|move|p1b: Oranguru|Trick Room|p1b: Oranguru\n|-fieldstart|move: Trick Room|[of] p1b: Oranguru\n|\n|-damage|p1a: Sneasler|52/100 brn|[from] brn\n|upkeep\n|turn|2\n|\n|t:|1776536828\n|switch|p1a: Golurk|Golurk, L50|100/100\n|move|p1b: Oranguru|Protect|p1b: Oranguru\n|-singleturn|p1b: Oranguru|Protect\n|move|p2a: Taichi|Life Dew||[still]|[spread] p2a,p2b\n|-fail|p2a: Taichi|heal\n|-heal|p2b: Chumko|100/100\n|move|p2b: Chumko|Thunderbolt|p1b: Oranguru\n|-activate|p1b: Oranguru|move: Protect\n|\n|upkeep\n|turn|3\n|\n|t:|1776536851\n|detailschange|p1a: Golurk|Golurk-Mega, L50\n|-mega|p1a: Golurk|Golurk|Golurkite\n|move|p1a: Golurk|Poltergeist|p2a: Taichi\n|-activate|p2a: Taichi|move: Poltergeist|Leftovers\n|-damage|p2a: Taichi|36/100\n|move|p1b: Oranguru|Instruct|p1a: Golurk\n|-singleturn|p1a: Golurk|move: Instruct|[of] p1b: Oranguru\n|move|p1a: Golurk|Poltergeist|p2a: Taichi\n|-activate|p2a: Taichi|move: Poltergeist|Leftovers\n|-damage|p2a: Taichi|0 fnt\n|faint|p2a: Taichi\n|move|p2b: Chumko|Thunderbolt|p1b: Oranguru\n|-damage|p1b: Oranguru|74/100\n|\n|upkeep\n|\n|t:|1776536865\n|switch|p2a: Chocho|Garchomp, L50, F|100/100\n|turn|4\n|\n|t:|1776536877\n|move|p2a: Chocho|Protect|p2a: Chocho\n|-singleturn|p2a: Chocho|Protect\n|move|p1a: Golurk|Ice Punch|p2a: Chocho\n|-supereffective|p2a: Chocho|2\n|-ability|p1a: Golurk|Unseen Fist\n|-zbroken|p2a: Chocho\n|-damage|p2a: Chocho|66/100\n|-damage|p1a: Golurk|88/100|[from] ability: Rough Skin|[of] p2a: Chocho\n|move|p1b: Oranguru|Instruct|p1a: Golurk\n|-singleturn|p1a: Golurk|move: Instruct|[of] p1b: Oranguru\n|move|p1a: Golurk|Ice Punch|p2a: Chocho\n|-supereffective|p2a: Chocho|2\n|-ability|p1a: Golurk|Unseen Fist\n|-zbroken|p2a: Chocho\n|-damage|p2a: Chocho|35/100\n|-damage|p1a: Golurk|76/100|[from] ability: Rough Skin|[of] p2a: Chocho\n|move|p2b: Chumko|Encore|p1a: Golurk\n|-start|p1a: Golurk|Encore\n|\n|upkeep\n|turn|5\n|\n|t:|1776536917\n|switch|p2a: Prisme|Pelipper, L50, F|100/100\n|-weather|RainDance|[from] ability: Drizzle|[of] p2a: Prisme\n|move|p1a: Golurk|Ice Punch|p2a: Prisme\n|-damage|p2a: Prisme|68/100\n|move|p1b: Oranguru|Psychic|p2a: Prisme\n|-damage|p2a: Prisme|24/100\n|move|p2b: Chumko|Encore|p1b: Oranguru\n|-start|p1b: Oranguru|Encore\n|-enditem|p1b: Oranguru|Mental Herb\n|-end|p1b: Oranguru|Encore\n|\n|-weather|RainDance|[upkeep]\n|-fieldend|move: Trick Room\n|upkeep\n|turn|6\n|\n|t:|1776536938\n|switch|p1a: Sneasler|Sneasler, L50, M|52/100 brn\n|move|p2b: Chumko|Encore|p1b: Oranguru\n|-start|p1b: Oranguru|Encore\n|move|p2a: Prisme|Muddy Water|p1b: Oranguru|[spread] p1a,p1b\n|-damage|p1a: Sneasler|0 fnt\n|-damage|p1b: Oranguru|44/100\n|faint|p1a: Sneasler\n|move|p1b: Oranguru|Psychic|p2b: Chumko\n|-damage|p2b: Chumko|61/100\n|\n|-weather|RainDance|[upkeep]\n|upkeep\n|\n|t:|1776536952\n|switch|p1a: Golurk|Golurk-Mega, L50|76/100\n|turn|7\n|\n|t:|1776536963\n|move|p2b: Chumko|Thunderbolt|p1b: Oranguru\n|-damage|p1b: Oranguru|18/100\n|move|p2a: Prisme|Muddy Water|p1a: Golurk|[spread] p1a,p1b\n|-supereffective|p1a: Golurk|1\n|-damage|p1a: Golurk|5/100\n|-damage|p1b: Oranguru|0 fnt\n|faint|p1b: Oranguru\n|move|p1a: Golurk|Headlong Rush|p2b: Chumko\n|-supereffective|p2b: Chumko|1\n|-damage|p2b: Chumko|0 fnt\n|-unboost|p1a: Golurk|def|1\n|-unboost|p1a: Golurk|spd|1\n|faint|p2b: Chumko\n|\n|-weather|RainDance|[upkeep]\n|upkeep\n|\n|t:|1776536978\n|switch|p2b: Chocho|Garchomp, L50, F|35/100\n|switch|p1b: Torkoal|Torkoal, L50, M|100/100\n|-weather|SunnyDay|[from] ability: Drought|[of] p1b: Torkoal\n|turn|8\n|\n|t:|1776536987\n|move|p1a: Golurk|Protect|p1a: Golurk\n|-singleturn|p1a: Golurk|Protect\n|move|p2b: Chocho|Earthquake|p1b: Torkoal|[spread] p1b\n|-activate|p1a: Golurk|move: Protect\n|-immune|p2a: Prisme\n|-supereffective|p1b: Torkoal|1\n|-damage|p1b: Torkoal|38/100\n|move|p2a: Prisme|Muddy Water|p1b: Torkoal|[spread] \n|-activate|p1a: Golurk|move: Protect\n|-miss|p2a: Prisme|p1b: Torkoal\n|move|p1b: Torkoal|Eruption|p2b: Chocho|[spread] p2a,p2b\n|-resisted|p2a: Prisme|1\n|-resisted|p2b: Chocho|1\n|-damage|p2a: Prisme|0 fnt\n|-damage|p2b: Chocho|15/100\n|faint|p2a: Prisme\n|\n|-weather|SunnyDay|[upkeep]\n|upkeep\n|turn|9\n|\n|t:|1776537012\n|move|p2b: Chocho|Earthquake|p1a: Golurk|[spread] p1a,p1b\n|-supereffective|p1b: Torkoal|1\n|-damage|p1a: Golurk|0 fnt\n|-damage|p1b: Torkoal|0 fnt\n|faint|p1a: Golurk\n|faint|p1b: Torkoal\n|\n|win|yuyutuyu\n|raw|2Nickels's rating: 1218 &rarr; <strong>1196</strong><br />(-22 for losing)\n|raw|yuyutuyu's rating: 1262 &rarr; <strong>1284</strong><br />(+22 for winning)\n|l|\u26062Nickels\n|player|p1|\n",
  "uploadtime": 1776537022,
  "views": 10,
  "formatid": "gen9championsvgc2026regma",
  "rating": 1196,
  "private": 0,
  "password": null
}