{
  "id": "gen9championsvgc2026regma-2582685278",
  "format": "[Gen 9 Champions] VGC 2026 Reg M-A",
  "players": [
    "Finexcer",
    "kxf37"
  ],
  "log": "|j|\u2606Finexcer\n|j|\u2606kxf37\n|t:|1776107181\n|gametype|doubles\n|player|p1|Finexcer|265|1120\n|player|p2|kxf37|1|1083\n|gen|9\n|tier|[Gen 9 Champions] VGC 2026 Reg M-A\n|rated|\n|rule|Species Clause: Limit one of each Pok\u00e9mon\n|rule|Item Clause: Limit 1 of each item\n|clearpoke\n|poke|p1|Gengar, L50, F|\n|poke|p1|Milotic, L50, M|\n|poke|p1|Meowscarada, L50, F|\n|poke|p1|Tauros-Paldea-Blaze, L50, M|\n|poke|p1|Scizor, L50, F|\n|poke|p1|Aerodactyl, L50, F|\n|poke|p2|Floette-Eternal, L50, F|\n|poke|p2|Sinistcha, L50|\n|poke|p2|Aerodactyl, L50, F|\n|poke|p2|Garchomp, L50, M|\n|poke|p2|Incineroar, L50, F|\n|poke|p2|Rotom-Wash, L50|\n|teampreview|4\n|\n|t:|1776107248\n|teamsize|p1|4\n|teamsize|p2|4\n|start\n|switch|p1a: Gengar|Gengar, L50, F, shiny|100/100\n|switch|p1b: Scizor|Scizor, L50, F|100/100\n|switch|p2a: Sinistcha|Sinistcha, L50|100/100\n|switch|p2b: Garchomp|Garchomp, L50, M|100/100\n|turn|1\n|\n|t:|1776107288\n|switch|p2a: Incineroar|Incineroar, L50, F|100/100\n|-ability|p2a: Incineroar|Intimidate|boost\n|-unboost|p1a: Gengar|atk|1\n|-unboost|p1b: Scizor|atk|1\n|move|p1a: Gengar|Protect|p1a: Gengar\n|-singleturn|p1a: Gengar|Protect\n|move|p2b: Garchomp|Stomping Tantrum|p1a: Gengar\n|-activate|p1a: Gengar|move: Protect\n|move|p1b: Scizor|Bug Bite|p2a: Incineroar\n|-damage|p2a: Incineroar|75/100\n|-enditem|p2a: Incineroar|Chople Berry|[from] stealeat|[move] Bug Bite|[of] p1b: Scizor\n|\n|upkeep\n|turn|2\n|\n|t:|1776107328\n|switch|p2b: Sinistcha|Sinistcha, L50|100/100\n|-heal|p2a: Incineroar|99/100|[from] ability: Hospitality|[of] p2b: Sinistcha\n|switch|p1b: Maomao|Meowscarada, L50, F|100/100\n|detailschange|p1a: Gengar|Gengar-Mega, L50, F, shiny\n|-mega|p1a: Gengar|Gengar|Gengarite\n|move|p1a: Gengar|Shadow Ball|p2b: Sinistcha\n|-supereffective|p2b: Sinistcha|1\n|-damage|p2b: Sinistcha|9/100\n|move|p2a: Incineroar|Throat Chop|p1a: Gengar\n|-supereffective|p1a: Gengar|1\n|-damage|p1a: Gengar|0 fnt\n|faint|p1a: Gengar\n|\n|upkeep\n|\n|t:|1776107346\n|switch|p1a: Scizor|Scizor, L50, F|100/100\n|turn|3\n|\n|t:|1776107372\n|move|p1b: Maomao|Triple Axel|p2b: Sinistcha\n|-start|p1b: Maomao|typechange|Ice|[from] ability: Protean\n|-supereffective|p2b: Sinistcha|1\n|-damage|p2b: Sinistcha|0 fnt\n|faint|p2b: Sinistcha\n|-hitcount|p2: Sinistcha|1\n|move|p1a: Scizor|Bug Bite|p2a: Incineroar\n|-damage|p2a: Incineroar|61/100\n|move|p2a: Incineroar|Flare Blitz|p1a: Scizor\n|-supereffective|p1a: Scizor|2\n|-enditem|p1a: Scizor|Occa Berry|[eat]\n|-enditem|p1a: Scizor|Occa Berry|[weaken]\n|-damage|p1a: Scizor|11/100\n|-damage|p2a: Incineroar|35/100|[from] Recoil\n|\n|upkeep\n|\n|t:|1776107393\n|switch|p2b: Garchomp|Garchomp, L50, M|100/100\n|turn|4\n|\n|t:|1776107399\n|move|p2b: Garchomp|Protect|p2b: Garchomp\n|-singleturn|p2b: Garchomp|Protect\n|move|p1b: Maomao|Triple Axel|p2b: Garchomp\n|-activate|p2b: Garchomp|move: Protect\n|move|p1a: Scizor|Bug Bite|p2a: Incineroar\n|-damage|p2a: Incineroar|0 fnt\n|faint|p2a: Incineroar\n|\n|upkeep\n|\n|t:|1776107407\n|switch|p2a: Floette|Floette-Eternal, L50, F|100/100\n|turn|5\n|\n|t:|1776107421\n|detailschange|p2a: Floette|Floette-Mega, L50, F\n|-mega|p2a: Floette|Floette|Floettite\n|-ability|p2a: Floette|Fairy Aura\n|move|p2b: Garchomp|Protect||[still]\n|-fail|p2b: Garchomp\n|move|p1a: Scizor|Bullet Punch|p2a: Floette\n|-supereffective|p2a: Floette|1\n|-damage|p2a: Floette|42/100\n|move|p1b: Maomao|Triple Axel|p2b: Garchomp\n|-supereffective|p2b: Garchomp|2\n|-damage|p2b: Garchomp|66/100\n|-damage|p1b: Maomao|88/100|[from] ability: Rough Skin|[of] p2b: Garchomp\n|-supereffective|p2b: Garchomp|2\n|-damage|p2b: Garchomp|0 fnt\n|-damage|p1b: Maomao|76/100|[from] ability: Rough Skin|[of] p2b: Garchomp\n|faint|p2b: Garchomp\n|-hitcount|p2: Garchomp|2\n|move|p2a: Floette|Dazzling Gleam|p1b: Maomao|[spread] p1a,p1b\n|-resisted|p1a: Scizor|1\n|-damage|p1a: Scizor|0 fnt\n|-damage|p1b: Maomao|7/100\n|faint|p1a: Scizor\n|\n|upkeep\n|\n|t:|1776107435\n|switch|p1a: Tauros|Tauros-Paldea-Blaze, L50, M|100/100\n|-ability|p1a: Tauros|Intimidate|boost\n|-unboost|p2a: Floette|atk|1\n|turn|6\n|-message|kxf37 forfeited.\n|\n|win|Finexcer\n|raw|Finexcer's rating: 1120 &rarr; <strong>1142</strong><br />(+22 for winning)\n|raw|kxf37's rating: 1083 &rarr; <strong>1063</strong><br />(-20 for losing)\n|l|\u2606kxf37\n|player|p2|\n",
  "uploadtime": 1776107452,
  "views": 15,
  "formatid": "gen9championsvgc2026regma",
  "rating": 1063,
  "private": 0,
  "password": null
}