{
  "id": "gen9championsvgc2026regma-2585081903",
  "format": "[Gen 9 Champions] VGC 2026 Reg M-A",
  "players": [
    "donotperceiveme",
    "Orpheon640"
  ],
  "log": "|j|\u2606donotperceiveme\n|j|\u2606Orpheon640\n|t:|1776309840\n|gametype|doubles\n|player|p1|donotperceiveme|kahili|1073\n|player|p2|Orpheon640|veteran|1007\n|gen|9\n|tier|[Gen 9 Champions] VGC 2026 Reg M-A\n|rated|\n|rule|Species Clause: Limit one of each Pok\u00e9mon\n|rule|Item Clause: Limit 1 of each item\n|clearpoke\n|poke|p1|Glimmora, L50, M|\n|poke|p1|Empoleon, L50, M|\n|poke|p1|Talonflame, L50, F|\n|poke|p1|Sinistcha, L50|\n|poke|p1|Palafin, L50, M|\n|poke|p1|Krookodile, L50, F|\n|poke|p2|Aegislash, L50, F|\n|poke|p2|Gallade, L50, M|\n|poke|p2|Noivern, L50, F|\n|poke|p2|Excadrill, L50, F|\n|poke|p2|Glimmora, L50, F|\n|poke|p2|Armarouge, L50, F|\n|teampreview|4\ndonotperceiveme rejected open team sheets.\n|\n|t:|1776309874\n|teamsize|p1|4\n|teamsize|p2|4\n|start\n|switch|p1a: Krookodile|Krookodile, L50, F|100/100\n|switch|p1b: Palafin|Palafin, L50, M|100/100\n|switch|p2a: Aegislash|Aegislash, L50, F, shiny|100/100\n|switch|p2b: Gallade|Gallade, L50, M|100/100\n|-ability|p1a: Krookodile|Intimidate|boost\n|-unboost|p2a: Aegislash|atk|1\n|-unboost|p2b: Gallade|atk|1\n|turn|1\n|\n|t:|1776309891\n|switch|p1a: Talonflame|Talonflame, L50, F|100/100\n|move|p2b: Gallade|Leaf Blade|p1a: Talonflame\n|-resisted|p1a: Talonflame|2\n|-damage|p1a: Talonflame|88/100\n|move|p1b: Palafin|Flip Turn|p2b: Gallade\n|-damage|p2b: Gallade|60/100\n|\n|t:|1776309900\n|detailschange|p1b: Palafin|Palafin-Hero, L50, M\n|switch|p1b: Glimmora|Glimmora, L50, M|100/100|[from] Flip Turn\n|move|p2a: Aegislash|Swords Dance|p2a: Aegislash\n|-boost|p2a: Aegislash|atk|2\n|\n|upkeep\n|turn|2\n|\n|t:|1776309922\n|detailschange|p1b: Glimmora|Glimmora-Mega, L50, M\n|-mega|p1b: Glimmora|Glimmora|Glimmoranite\n|move|p1a: Talonflame|Dual Wingbeat|p2b: Gallade|[miss]\n|-miss|p1a: Talonflame|p2b: Gallade\n|move|p2b: Gallade|Leaf Blade|p1b: Glimmora\n|-damage|p1b: Glimmora|65/100\n|move|p1b: Glimmora|Earth Power|p2a: Aegislash\n|-supereffective|p2a: Aegislash|1\n|-damage|p2a: Aegislash|49/100\n|-formechange|p2a: Aegislash|Aegislash-Blade|\n|move|p2a: Aegislash|Poltergeist|p1a: Talonflame|[miss]\n|-miss|p2a: Aegislash|p1a: Talonflame\n|\n|-heal|p2a: Aegislash|55/100|[from] item: Leftovers\n|upkeep\n|turn|3\n|\n|t:|1776309941\n|-formechange|p2a: Aegislash|Aegislash|\n|move|p2a: Aegislash|King's Shield|p2a: Aegislash\n|-singleturn|p2a: Aegislash|Protect\n|move|p1a: Talonflame|Dual Wingbeat|p2b: Gallade\n|-supereffective|p2b: Gallade|1\n|-damage|p2b: Gallade|7/100\n|-supereffective|p2b: Gallade|1\n|-damage|p2b: Gallade|0 fnt\n|faint|p2b: Gallade\n|-hitcount|p2: Gallade|2\n|move|p1b: Glimmora|Earth Power|p2a: Aegislash\n|-activate|p2a: Aegislash|move: Protect\n|\n|-heal|p2a: Aegislash|61/100|[from] item: Leftovers\n|upkeep\n|\n|t:|1776309956\n|switch|p2b: Armarouge|Armarouge, L50, F|100/100\n|turn|4\n|\n|t:|1776309967\n|move|p1a: Talonflame|Will-O-Wisp|p2a: Aegislash\n|-status|p2a: Aegislash|brn\n|move|p1b: Glimmora|Power Gem|p2b: Armarouge\n|-supereffective|p2b: Armarouge|1\n|-enditem|p2b: Armarouge|Focus Sash\n|-damage|p2b: Armarouge|1/100\n|move|p2b: Armarouge|Psychic|p1a: Talonflame\n|-damage|p1a: Talonflame|10/100\n|-formechange|p2a: Aegislash|Aegislash-Blade|\n|move|p2a: Aegislash|Iron Head|p1b: Glimmora\n|-supereffective|p1b: Glimmora|1\n|-damage|p1b: Glimmora|0 fnt\n|faint|p1b: Glimmora\n|\n|-heal|p2a: Aegislash|67/100 brn|[from] item: Leftovers\n|-damage|p2a: Aegislash|61/100 brn|[from] brn\n|upkeep\n|\n|t:|1776309991\n|switch|p1b: Palafin|Palafin-Hero, L50, M|100/100\n|-activate|p1b: Palafin|ability: Zero to Hero\n|turn|5\n|\n|t:|1776310014\n|move|p1a: Talonflame|Protect|p1a: Talonflame\n|-singleturn|p1a: Talonflame|Protect\n|move|p2b: Armarouge|Protect|p2b: Armarouge\n|-singleturn|p2b: Armarouge|Protect\n|-formechange|p2a: Aegislash|Aegislash|\n|move|p2a: Aegislash|King's Shield|p2a: Aegislash\n|-singleturn|p2a: Aegislash|Protect\n|move|p1b: Palafin|Flip Turn|p2b: Armarouge\n|-activate|p2b: Armarouge|move: Protect\n|\n|-heal|p2a: Aegislash|67/100 brn|[from] item: Leftovers\n|-damage|p2a: Aegislash|61/100 brn|[from] brn\n|upkeep\n|turn|6\n|\n|t:|1776310036\n|move|p1a: Talonflame|Dual Wingbeat|p2b: Armarouge\n|-damage|p2b: Armarouge|0 fnt\n|faint|p2b: Armarouge\n|-hitcount|p2: Armarouge|1\n|move|p1b: Palafin|Wave Crash|p2a: Aegislash\n|-damage|p2a: Aegislash|0 fnt\n|faint|p2a: Aegislash\n|-damage|p1b: Palafin|82/100|[from] Recoil\n|\n|upkeep\n|\n|t:|1776310046\n|switch|p2b: Excadrill|Excadrill, L50, F|100/100\n|turn|7\n|\n|t:|1776310062\n|detailschange|p2b: Excadrill|Excadrill-Mega, L50, F\n|-mega|p2b: Excadrill|Excadrill|Excadrite\n|move|p1a: Talonflame|Will-O-Wisp|p2b: Excadrill\n|-status|p2b: Excadrill|brn\n|move|p1b: Palafin|Wave Crash|p2b: Excadrill\n|-supereffective|p2b: Excadrill|1\n|-damage|p2b: Excadrill|0 fnt\n|faint|p2b: Excadrill\n|-damage|p1b: Palafin|46/100|[from] Recoil\n|\n|win|donotperceiveme\n|raw|donotperceiveme's rating: 1073 &rarr; <strong>1097</strong><br />(+24 for winning)\n|raw|Orpheon640's rating: 1007 &rarr; <strong>1000</strong><br />(-7 for losing)\n|l|\u2606Orpheon640\n|player|p2|\n",
  "uploadtime": 1776310098,
  "views": 20,
  "formatid": "gen9championsvgc2026regma",
  "rating": 1000,
  "private": 0,
  "password": null
}