{
  "id": "gen9championsvgc2026regma-2585519032",
  "format": "[Gen 9 Champions] VGC 2026 Reg M-A",
  "players": [
    "aynahuu",
    "Endergeimer"
  ],
  "log": "|j|\u2606aynahuu\n|j|\u2606Endergeimer\n|t:|1776352941\n|gametype|doubles\n|player|p1|aynahuu|gardenia|1000\n|player|p2|Endergeimer|2|1000\n|gen|9\n|tier|[Gen 9 Champions] VGC 2026 Reg M-A\n|rated|\n|rule|Species Clause: Limit one of each Pok\u00e9mon\n|rule|Item Clause: Limit 1 of each item\n|clearpoke\n|poke|p1|Typhlosion, L50, M|\n|poke|p1|Whimsicott, L50, M|\n|poke|p1|Incineroar, L50, M|\n|poke|p1|Sinistcha, L50|\n|poke|p1|Corviknight, L50, F|\n|poke|p1|Garchomp, L50, M|\n|poke|p2|Basculegion, L50, M|\n|poke|p2|Gengar, L50, M|\n|poke|p2|Runerigus, L50, F|\n|poke|p2|Chandelure, L50, F|\n|poke|p2|Trevenant, L50, F|\n|poke|p2|Zoroark-Hisui, L50, M|\n|teampreview|4\n|c|\u2606Endergeimer|GLHF...\n|c|\u2606aynahuu|glhf\n|inactive|Battle timer is ON: inactive players will automatically lose when time's up. (requested by aynahuu)\n|inactive|Endergeimer has 60 seconds left.\n|\n|t:|1776353008\n|teamsize|p1|4\n|teamsize|p2|4\n|start\n|switch|p1a: Incineroar|Incineroar, L50, M|100/100\n|switch|p1b: Typhlosion|Typhlosion, L50, M|100/100\n|switch|p2a: Basculegion|Basculegion, L50, M|100/100\n|switch|p2b: Chandelure|Chandelure, L50, F|100/100\n|-ability|p1a: Incineroar|Intimidate|boost\n|-unboost|p2a: Basculegion|atk|1\n|-unboost|p2b: Chandelure|atk|1\n|turn|1\n|inactive|Endergeimer has 30 seconds left.\n|inactive|Endergeimer has 20 seconds left.\n|inactive|Endergeimer has 15 seconds left.\n|inactive|Endergeimer has 10 seconds left.\n|\n|t:|1776353054\n|switch|p2a: Gengar|Gengar, L50, M|100/100\n|move|p1b: Typhlosion|Protect|p1b: Typhlosion\n|-singleturn|p1b: Typhlosion|Protect\n|move|p1a: Incineroar|Fake Out|p2a: Gengar\n|-immune|p2a: Gengar\n|move|p2b: Chandelure|Sludge Bomb|p1a: Incineroar\n|-damage|p1a: Incineroar|74/100\n|\n|upkeep\n|turn|2\n|inactive|aynahuu has 30 seconds left.\n|\n|t:|1776353080\n|switch|p1b: Whimsicott|Whimsicott, L50, M|100/100\n|move|p2a: Gengar|Shadow Ball|p1b: Whimsicott\n|-damage|p1b: Whimsicott|48/100\n|-unboost|p1b: Whimsicott|spd|1\n|move|p2b: Chandelure|Sludge Bomb|p1b: Whimsicott\n|-supereffective|p1b: Whimsicott|2\n|-damage|p1b: Whimsicott|0 fnt\n|faint|p1b: Whimsicott\n|move|p1a: Incineroar|Darkest Lariat|p2b: Chandelure\n|-supereffective|p2b: Chandelure|1\n|-damage|p2b: Chandelure|0 fnt\n|replace|p2b: Zoroark|Zoroark-Hisui, L50, M\n|-end|p2b: Zoroark|Illusion\n|faint|p2b: Zoroark\n|\n|upkeep\n|\n|t:|1776353101\n|switch|p2b: Basculegion|Basculegion, L50, M|100/100\n|switch|p1b: Typhlosion|Typhlosion, L50, M|100/100\n|turn|3\n|\n|t:|1776353111\n|move|p2a: Gengar|Protect|p2a: Gengar\n|-singleturn|p2a: Gengar|Protect\n|move|p1b: Typhlosion|Protect|p1b: Typhlosion\n|-singleturn|p1b: Typhlosion|Protect\n|move|p2b: Basculegion|Aqua Jet|p1a: Incineroar\n|-supereffective|p1a: Incineroar|1\n|-damage|p1a: Incineroar|15/100\n|move|p1a: Incineroar|Darkest Lariat|p2a: Gengar\n|-activate|p2a: Gengar|move: Protect\n|\n|upkeep\n|turn|4\n|\n|t:|1776353134\n|move|p1a: Incineroar|Protect|p1a: Incineroar\n|-singleturn|p1a: Incineroar|Protect\n|move|p2b: Basculegion|Aqua Jet|p1a: Incineroar\n|-activate|p1a: Incineroar|move: Protect\n|move|p2a: Gengar|Shadow Ball|p1b: Typhlosion\n|-damage|p1b: Typhlosion|46/100\n|-unboost|p1b: Typhlosion|spd|1\n|move|p1b: Typhlosion|Extrasensory|p2a: Gengar\n|-supereffective|p2a: Gengar|1\n|-damage|p2a: Gengar|13/100\n|\n|upkeep\n|turn|5\n|\n|t:|1776353158\n|switch|p1a: Sinistcha|Sinistcha, L50|100/100\n|-heal|p1b: Typhlosion|70/100|[from] ability: Hospitality|[of] p1a: Sinistcha\n|move|p2b: Basculegion|Aqua Jet|p1a: Sinistcha\n|-resisted|p1a: Sinistcha|1\n|-damage|p1a: Sinistcha|90/100\n|move|p2a: Gengar|Shadow Ball|p1b: Typhlosion\n|-damage|p1b: Typhlosion|0 fnt\n|faint|p1b: Typhlosion\n|\n|upkeep\n|\n|t:|1776353170\n|switch|p1b: Incineroar|Incineroar, L50, M|15/100\n|-ability|p1b: Incineroar|Intimidate|boost\n|-unboost|p2a: Gengar|atk|1\n|-unboost|p2b: Basculegion|atk|1\n|turn|6\n|\n|t:|1776353188\n|move|p2b: Basculegion|Aqua Jet|p1b: Incineroar\n|-supereffective|p1b: Incineroar|1\n|-damage|p1b: Incineroar|0 fnt\n|faint|p1b: Incineroar\n|move|p2a: Gengar|Shadow Ball|p1a: Sinistcha\n|-supereffective|p1a: Sinistcha|1\n|-damage|p1a: Sinistcha|2/100\n|move|p1a: Sinistcha|Matcha Gotcha|p2b: Basculegion|[spread] p2b\n|-miss|p1a: Sinistcha|p2a: Gengar\n|-supereffective|p2b: Basculegion|1\n|-damage|p2b: Basculegion|43/100\n|-heal|p1a: Sinistcha|34/100|[from] drain|[of] p2b: Basculegion\n|-status|p2b: Basculegion|brn\n|\n|-damage|p2b: Basculegion|37/100 brn|[from] brn\n|upkeep\n|turn|7\n|inactive|Endergeimer has 30 seconds left.\n|inactive|Endergeimer has 20 seconds left.\n|inactive|Endergeimer has 15 seconds left.\n|\n|t:|1776353232\n|move|p2b: Basculegion|Aqua Jet|p1a: Sinistcha\n|-resisted|p1a: Sinistcha|1\n|-damage|p1a: Sinistcha|30/100\n|move|p2a: Gengar|Shadow Ball|p1a: Sinistcha\n|-supereffective|p1a: Sinistcha|1\n|-damage|p1a: Sinistcha|0 fnt\n|faint|p1a: Sinistcha\n|\n|win|Endergeimer\n|raw|aynahuu's rating: 1000 &rarr; <strong>1000</strong><br />(+0 for losing)\n|raw|Endergeimer's rating: 1000 &rarr; <strong>1040</strong><br />(+40 for winning)\n|l|\u2606aynahuu\n|player|p1|\n",
  "uploadtime": 1776353266,
  "views": 17,
  "formatid": "gen9championsvgc2026regma",
  "rating": 1000,
  "private": 0,
  "password": null
}