{
  "id": "gen9championsvgc2026regma-2588482768",
  "format": "[Gen 9 Champions] VGC 2026 Reg M-A",
  "players": [
    "sdlt 2krl coolguy",
    "Yahir221"
  ],
  "log": "|raw|<div class=\"broadcast-blue\"><strong>This battle is required to be public due to a player having a name starting with 'sdlt'.</div>\n|j|\u2606sdlt 2krl coolguy\n|j|\u2606Yahir221\n|t:|1776637532\n|gametype|doubles\n|player|p1|sdlt 2krl coolguy|leon-masters2|1267\n|player|p2|Yahir221|2|1236\n|gen|9\n|tier|[Gen 9 Champions] VGC 2026 Reg M-A\n|rated|\n|rule|Species Clause: Limit one of each Pok\u00e9mon\n|rule|Item Clause: Limit 1 of each item\n|clearpoke\n|poke|p1|Incineroar, L50, M|\n|poke|p1|Hatterene, L50, F, shiny|\n|poke|p1|Farigiraf, L50, M|\n|poke|p1|Torkoal, L50, F, shiny|\n|poke|p1|Kingambit, L50, M|\n|poke|p1|Charizard, L50, M|\n|poke|p2|Maushold, L50|\n|poke|p2|Aggron, L50, M|\n|poke|p2|Tyranitar, L50, F|\n|poke|p2|Incineroar, L50, F|\n|poke|p2|Sinistcha, L50|\n|poke|p2|Sneasler, L50, M|\n|teampreview|4\n|inactive|Battle timer is ON: inactive players will automatically lose when time's up. (requested by sdlt 2krl coolguy)\n|inactive|Yahir221 has 60 seconds left.\n|\n|t:|1776637568\n|teamsize|p1|4\n|teamsize|p2|4\n|start\n|switch|p1a: Incineroar|Incineroar, L50, M|100/100\n|switch|p1b: Farigiraf|Farigiraf, L50, M|100/100\n|switch|p2a: Maushold|Maushold, L50|100/100\n|switch|p2b: Aggron|Aggron, L50, M|100/100\n|-ability|p1a: Incineroar|Intimidate|boost\n|-unboost|p2a: Maushold|atk|1\n|-unboost|p2b: Aggron|atk|1\n|turn|1\n|\n|t:|1776637591\n|move|p2a: Maushold|Encore||[still]\n|-fail|p2a: Maushold\n|move|p1b: Farigiraf|Hyper Voice|p2a: Maushold|[spread] p2a,p2b\n|-resisted|p2b: Aggron|2\n|-damage|p2a: Maushold|62/100\n|-damage|p2b: Aggron|93/100\n|move|p1a: Incineroar|Close Combat|p2b: Aggron\n|-supereffective|p2b: Aggron|2\n|-damage|p2b: Aggron|37/100\n|-unboost|p1a: Incineroar|def|1\n|-unboost|p1a: Incineroar|spd|1\n|move|p2b: Aggron|Iron Defense|p2b: Aggron\n|-boost|p2b: Aggron|def|2\n|\n|upkeep\n|turn|2\n|inactive|Yahir221 has 30 seconds left.\n|\n|t:|1776637622\n|switch|p1a: Hatterene|Hatterene, L50, F, shiny|100/100\n|detailschange|p2b: Aggron|Aggron-Mega, L50, M\n|-mega|p2b: Aggron|Aggron|Aggronite\n|move|p2a: Maushold|Follow Me|p2a: Maushold\n|-singleturn|p2a: Maushold|move: Follow Me\n|move|p2b: Aggron|Body Press|p1b: Farigiraf\n|-damage|p1b: Farigiraf|5/100\n|-enditem|p1b: Farigiraf|Sitrus Berry|[eat]\n|-heal|p1b: Farigiraf|30/100|[from] item: Sitrus Berry\n|move|p1b: Farigiraf|Trick Room|p1b: Farigiraf\n|-fieldstart|move: Trick Room|[of] p1b: Farigiraf\n|\n|upkeep\n|turn|3\n|\n|t:|1776637639\n|move|p2b: Aggron|Protect|p2b: Aggron\n|-singleturn|p2b: Aggron|Protect\n|move|p1a: Hatterene|Dazzling Gleam|p2b: Aggron|[spread] p2a\n|-activate|p2b: Aggron|move: Protect\n|-damage|p2a: Maushold|7/100\n|move|p1b: Farigiraf|Hyper Voice|p2a: Maushold|[spread] p2a\n|-activate|p2b: Aggron|move: Protect\n|-damage|p2a: Maushold|0 fnt\n|faint|p2a: Maushold\n|\n|upkeep\n|\n|t:|1776637652\n|switch|p2a: Sinistcha|Sinistcha, L50|100/100\n|-heal|p2b: Aggron|62/100|[from] ability: Hospitality|[of] p2a: Sinistcha\n|turn|4\n|\n|t:|1776637661\n|move|p1a: Hatterene|Psychic|p2a: Sinistcha\n|-damage|p2a: Sinistcha|47/100\n|move|p2b: Aggron|Heavy Slam|p1a: Hatterene\n|-supereffective|p1a: Hatterene|1\n|-damage|p1a: Hatterene|14/100\n|move|p1b: Farigiraf|Hyper Voice|p2a: Sinistcha|[spread] p2b\n|-immune|p2a: Sinistcha\n|-resisted|p2b: Aggron|1\n|-damage|p2b: Aggron|43/100\n|move|p2a: Sinistcha|Trick Room|p2a: Sinistcha\n|-fieldend|move: Trick Room\n|\n|-heal|p2a: Sinistcha|53/100|[from] item: Leftovers\n|upkeep\n|turn|5\n|\n|t:|1776637684\n|switch|p2b: Tyranitar|Tyranitar, L50, F|100/100\n|-weather|Sandstorm|[from] ability: Sand Stream|[of] p2b: Tyranitar\n|move|p2a: Sinistcha|Matcha Gotcha|p1a: Hatterene|[spread] p1a,p1b\n|-damage|p1a: Hatterene|0 fnt\n|-heal|p2a: Sinistcha|59/100|[from] drain|[of] p1a: Hatterene\n|-damage|p1b: Farigiraf|6/100\n|-heal|p2a: Sinistcha|74/100|[from] drain|[of] p1b: Farigiraf\n|-status|p1b: Farigiraf|brn\n|faint|p1a: Hatterene\n|move|p1b: Farigiraf|Trick Room|p1b: Farigiraf\n|-fieldstart|move: Trick Room|[of] p1b: Farigiraf\n|\n|-weather|Sandstorm|[upkeep]\n|-damage|p1b: Farigiraf|0 fnt|[from] Sandstorm\n|-damage|p2a: Sinistcha|68/100|[from] Sandstorm\n|faint|p1b: Farigiraf\n|-heal|p2a: Sinistcha|74/100|[from] item: Leftovers\n|upkeep\n|\n|t:|1776637699\n|switch|p1a: Torkoal|Torkoal, L50, F, shiny|100/100\n|switch|p1b: Incineroar|Incineroar, L50, M|100/100\n|-weather|SunnyDay|[from] ability: Drought|[of] p1a: Torkoal\n|-ability|p1b: Incineroar|Intimidate|boost\n|-unboost|p2a: Sinistcha|atk|1\n|-unboost|p2b: Tyranitar|atk|1\n|turn|6\n|inactive|Yahir221 has 30 seconds left.\n|\n|t:|1776637731\n|switch|p2b: Aggron|Aggron-Mega, L50, M|43/100\n|move|p2a: Sinistcha|Protect|p2a: Sinistcha\n|-singleturn|p2a: Sinistcha|Protect\n|move|p1a: Torkoal|Eruption|p2b: Aggron|[spread] p2b\n|-activate|p2a: Sinistcha|move: Protect\n|-supereffective|p2b: Aggron|1\n|-damage|p2b: Aggron|0 fnt\n|faint|p2b: Aggron\n|move|p1b: Incineroar|Close Combat|p2a: Sinistcha\n|-activate|p2a: Sinistcha|move: Protect\n|\n|-weather|SunnyDay|[upkeep]\n|-heal|p2a: Sinistcha|80/100|[from] item: Leftovers\n|upkeep\n|\n|t:|1776637744\n|switch|p2b: Tyranitar|Tyranitar, L50, F|100/100\n|-weather|Sandstorm|[from] ability: Sand Stream|[of] p2b: Tyranitar\n|turn|7\n|\n|t:|1776637756\n|move|p2a: Sinistcha|Rage Powder|p2a: Sinistcha\n|-singleturn|p2a: Sinistcha|move: Rage Powder\n|move|p1a: Torkoal|Eruption|p2a: Sinistcha|[spread] p2a,p2b\n|-supereffective|p2a: Sinistcha|1\n|-resisted|p2b: Tyranitar|1\n|-damage|p2a: Sinistcha|0 fnt\n|-damage|p2b: Tyranitar|83/100\n|faint|p2a: Sinistcha\n|move|p1b: Incineroar|Close Combat|p2b: Tyranitar\n|-supereffective|p2b: Tyranitar|2\n|-enditem|p2b: Tyranitar|Chople Berry|[eat]\n|-enditem|p2b: Tyranitar|Chople Berry|[weaken]\n|-damage|p2b: Tyranitar|23/100\n|-unboost|p1b: Incineroar|def|1\n|-unboost|p1b: Incineroar|spd|1\n|move|p2b: Tyranitar|Rock Slide|p1a: Torkoal|[spread] p1a,p1b\n|-supereffective|p1a: Torkoal|1\n|-supereffective|p1b: Incineroar|1\n|-damage|p1a: Torkoal|55/100\n|-damage|p1b: Incineroar|4/100\n|\n|-weather|Sandstorm|[upkeep]\n|-damage|p1a: Torkoal|49/100|[from] Sandstorm\n|-damage|p1b: Incineroar|0 fnt|[from] Sandstorm\n|faint|p1b: Incineroar\n|upkeep\n|turn|8\n|\n|t:|1776637780\n|move|p1a: Torkoal|Earth Power|p2b: Tyranitar\n|-supereffective|p2b: Tyranitar|1\n|-damage|p2b: Tyranitar|0 fnt\n|faint|p2b: Tyranitar\n|\n|win|sdlt 2krl coolguy\n|raw|sdlt 2krl coolguy's rating: 1267 &rarr; <strong>1290</strong><br />(+23 for winning)\n|raw|Yahir221's rating: 1236 &rarr; <strong>1213</strong><br />(-23 for losing)\n",
  "uploadtime": 1776637780,
  "views": 10,
  "formatid": "gen9championsvgc2026regma",
  "rating": 1213,
  "private": 0,
  "password": null
}