{
  "id": "gen9championsvgc2026regma-2583212258",
  "format": "[Gen 9 Champions] VGC 2026 Reg M-A",
  "players": [
    "tzarii",
    "OdwCln"
  ],
  "log": "|j|\u2606tzarii\n|j|\u2606OdwCln\n|t:|1776155340\n|gametype|doubles\n|player|p1|tzarii|lady-gen4|1235\n|player|p2|OdwCln|2|1138\n|gen|9\n|tier|[Gen 9 Champions] VGC 2026 Reg M-A\n|rated|\n|rule|Species Clause: Limit one of each Pok\u00e9mon\n|rule|Item Clause: Limit 1 of each item\n|clearpoke\n|poke|p1|Blastoise, L50, M|\n|poke|p1|Sinistcha, L50|\n|poke|p1|Sneasler, L50, F|\n|poke|p1|Kingambit, L50, M|\n|poke|p1|Aerodactyl, L50, F|\n|poke|p1|Pelipper, L50, M|\n|poke|p2|Gengar, L50, M|\n|poke|p2|Incineroar, L50, M|\n|poke|p2|Whimsicott, L50, F|\n|poke|p2|Garchomp, L50, F|\n|poke|p2|Milotic, L50, F|\n|poke|p2|Hydreigon, L50, M|\n|teampreview|4\n|inactive|Battle timer is ON: inactive players will automatically lose when time's up. (requested by OdwCln)\n|inactive|OdwCln has 60 seconds left.\n|\n|t:|1776155386\n|teamsize|p1|4\n|teamsize|p2|4\n|start\n|switch|p1a: Aerodactyl|Aerodactyl, L50, F|100/100\n|switch|p1b: Kingambit|Kingambit, L50, M|100/100\n|switch|p2a: Garchomp|Garchomp, L50, F|100/100\n|switch|p2b: Incineroar|Incineroar, L50, M|100/100\n|-ability|p1a: Aerodactyl|Unnerve\n|-ability|p2b: Incineroar|Intimidate|boost\n|-unboost|p1a: Aerodactyl|atk|1\n|-unboost|p1b: Kingambit|atk|1\n|-ability|p1b: Kingambit|Defiant|boost\n|-boost|p1b: Kingambit|atk|2\n|turn|1\n|l|\u2606OdwCln\n|inactive|OdwCln disconnected and has a minute to reconnect!\n|player|p2|\n|j|\u2606OdwCln\n|inactive|OdwCln reconnected and has 45 seconds left.\n|player|p2|OdwCln|2|\n|inactive|OdwCln has 30 seconds left.\n|inactive|OdwCln has 20 seconds left.\n|\n|t:|1776155425\n|move|p1a: Aerodactyl|Protect|p1a: Aerodactyl\n|-singleturn|p1a: Aerodactyl|Protect\n|move|p2a: Garchomp|Protect|p2a: Garchomp\n|-singleturn|p2a: Garchomp|Protect\n|move|p1b: Kingambit|Protect|p1b: Kingambit\n|-singleturn|p1b: Kingambit|Protect\n|move|p2b: Incineroar|Will-O-Wisp|p1b: Kingambit\n|-activate|p1b: Kingambit|move: Protect\n|\n|upkeep\n|turn|2\n|\n|t:|1776155449\n|switch|p2b: Whimsicott|Whimsicott, L50, F, shiny|100/100\n|move|p1a: Aerodactyl|Tailwind|p1a: Aerodactyl\n|-sidestart|p1: tzarii|move: Tailwind\n|move|p2a: Garchomp|Earthquake|p1a: Aerodactyl|[spread] p2b,p1b\n|-immune|p1a: Aerodactyl\n|-resisted|p2b: Whimsicott|1\n|-supereffective|p1b: Kingambit|1\n|-damage|p2b: Whimsicott|72/100\n|-damage|p1b: Kingambit|47/100\n|move|p1b: Kingambit|Kowtow Cleave|p2a: Garchomp\n|-damage|p2a: Garchomp|20/100\n|-damage|p1b: Kingambit|35/100|[from] ability: Rough Skin|[of] p2a: Garchomp\n|\n|upkeep\n|turn|3\n|l|\u2606OdwCln\n|inactive|OdwCln disconnected and has a minute to reconnect!\n|player|p2|\n|inactive|OdwCln has 30 seconds left.\n|j|\u2606OdwCln\n|inactive|OdwCln reconnected and has 25 seconds left.\n|player|p2|OdwCln|2|\n|inactive|OdwCln has 20 seconds left.\n|\n|t:|1776155487\n|move|p2a: Garchomp|Protect|p2a: Garchomp\n|-singleturn|p2a: Garchomp|Protect\n|move|p2b: Whimsicott|Encore|p1a: Aerodactyl\n|-start|p1a: Aerodactyl|Encore\n|move|p1b: Kingambit|Sucker Punch||[still]\n|-fail|p1b: Kingambit\n|move|p1a: Aerodactyl|Tailwind||[still]\n|-fail|p1a: Aerodactyl\n|\n|upkeep\n|turn|4\n|\n|t:|1776155508\n|switch|p1a: Sinistcha|Sinistcha, L50|100/100\n|-heal|p1b: Kingambit|60/100|[from] ability: Hospitality|[of] p1a: Sinistcha\n|switch|p2a: Incineroar|Incineroar, L50, M|100/100\n|-ability|p2a: Incineroar|Intimidate|boost\n|-unboost|p1a: Sinistcha|atk|1\n|-unboost|p1b: Kingambit|atk|1\n|-ability|p1b: Kingambit|Defiant|boost\n|-boost|p1b: Kingambit|atk|2\n|move|p1b: Kingambit|Sucker Punch||[still]\n|-fail|p1b: Kingambit\n|move|p2b: Whimsicott|Moonblast|p1b: Kingambit\n|-damage|p1b: Kingambit|25/100\n|\n|upkeep\n|turn|5\n|\n|t:|1776155531\n|move|p1b: Kingambit|Protect|p1b: Kingambit\n|-singleturn|p1b: Kingambit|Protect\n|move|p2b: Whimsicott|Tailwind|p2b: Whimsicott\n|-sidestart|p2: OdwCln|move: Tailwind\n|move|p2a: Incineroar|Flare Blitz|p1b: Kingambit\n|-activate|p1b: Kingambit|move: Protect\n|move|p1a: Sinistcha|Life Dew||[still]|[spread] p1a,p1b\n|-fail|p1a: Sinistcha|heal\n|-heal|p1b: Kingambit|50/100\n|\n|-sideend|p1: tzarii|move: Tailwind\n|upkeep\n|turn|6\n|\n|t:|1776155549\n|move|p1a: Sinistcha|Rage Powder|p1a: Sinistcha\n|-singleturn|p1a: Sinistcha|move: Rage Powder\n|move|p2b: Whimsicott|Encore|p1a: Sinistcha\n|-start|p1a: Sinistcha|Encore\n|move|p2a: Incineroar|Flare Blitz|p1a: Sinistcha\n|-supereffective|p1a: Sinistcha|1\n|-damage|p1a: Sinistcha|25/100\n|-enditem|p1a: Sinistcha|Sitrus Berry|[eat]\n|-heal|p1a: Sinistcha|50/100|[from] item: Sitrus Berry\n|-damage|p2a: Incineroar|79/100|[from] Recoil\n|move|p1b: Kingambit|Kowtow Cleave|p2b: Whimsicott\n|-resisted|p2b: Whimsicott|1\n|-damage|p2b: Whimsicott|0 fnt\n|faint|p2b: Whimsicott\n|\n|upkeep\n|\n|t:|1776155568\n|switch|p2b: Gengar|Gengar, L50, M, shiny|100/100\n|turn|7\n|inactive|tzarii has 30 seconds left.\n|inactive|tzarii has 20 seconds left.\n|\n|t:|1776155603\n|detailschange|p2b: Gengar|Gengar-Mega, L50, M, shiny\n|-mega|p2b: Gengar|Gengar|Gengarite\n|move|p2b: Gengar|Protect|p2b: Gengar\n|-singleturn|p2b: Gengar|Protect\n|move|p1a: Sinistcha|Rage Powder|p1a: Sinistcha\n|-singleturn|p1a: Sinistcha|move: Rage Powder\n|move|p1b: Kingambit|Sucker Punch||[still]\n|-fail|p1b: Kingambit\n|move|p2a: Incineroar|Flare Blitz|p1a: Sinistcha\n|-supereffective|p1a: Sinistcha|1\n|-damage|p1a: Sinistcha|0 fnt\n|faint|p1a: Sinistcha\n|-damage|p2a: Incineroar|64/100|[from] Recoil\n|\n|upkeep\n|\n|t:|1776155624\n|switch|p1a: Blastoise|Blastoise, L50, M|100/100\n|turn|8\n|l|\u2606OdwCln\n|inactive|OdwCln disconnected and has a minute to reconnect!\n|player|p2|\n|j|\u2606OdwCln\n|inactive|OdwCln reconnected and has 35 seconds left.\n|player|p2|OdwCln|2|\n|inactive|OdwCln has 30 seconds left.\n|inactive|OdwCln has 20 seconds left.\n|inactive|OdwCln has 15 seconds left.\n|\n|t:|1776155667\n|detailschange|p1a: Blastoise|Blastoise-Mega, L50, M\n|-mega|p1a: Blastoise|Blastoise|Blastoisinite\n|move|p2b: Gengar|Protect|p2b: Gengar\n|-singleturn|p2b: Gengar|Protect\n|move|p1b: Kingambit|Sucker Punch||[still]\n|-fail|p1b: Kingambit\n|move|p2a: Incineroar|Will-O-Wisp|p1b: Kingambit\n|-status|p1b: Kingambit|brn\n|move|p1a: Blastoise|Shell Smash|p1a: Blastoise\n|-unboost|p1a: Blastoise|def|1\n|-unboost|p1a: Blastoise|spd|1\n|-boost|p1a: Blastoise|atk|2\n|-boost|p1a: Blastoise|spa|2\n|-boost|p1a: Blastoise|spe|2\n|\n|-damage|p1b: Kingambit|44/100 brn|[from] brn\n|-sideend|p2: OdwCln|move: Tailwind\n|upkeep\n|turn|9\n|l|\u2606OdwCln\n|inactive|OdwCln disconnected and has a minute to reconnect!\n|player|p2|\n|inactive|OdwCln has 30 seconds left.\n|inactive|OdwCln has 20 seconds left.\n|j|\u2606OdwCln\n|inactive|OdwCln reconnected and has 20 seconds left.\n|player|p2|OdwCln|2|\n|inactive|OdwCln has 15 seconds left.\n|\n|t:|1776155710\n|move|p1b: Kingambit|Sucker Punch|p2b: Gengar\n|-supereffective|p2b: Gengar|1\n|-damage|p2b: Gengar|0 fnt\n|faint|p2b: Gengar\n|move|p1a: Blastoise|Water Spout|p2a: Incineroar\n|-supereffective|p2a: Incineroar|1\n|-damage|p2a: Incineroar|0 fnt\n|faint|p2a: Incineroar\n|\n|-damage|p1b: Kingambit|39/100 brn|[from] brn\n|upkeep\n|-message|OdwCln forfeited.\n|\n|win|tzarii\n|raw|tzarii's rating: 1235 &rarr; <strong>1253</strong><br />(+18 for winning)\n|raw|OdwCln's rating: 1138 &rarr; <strong>1120</strong><br />(-18 for losing)\n|l|\u2606OdwCln\n|player|p2|\n",
  "uploadtime": 1776155718,
  "views": 25,
  "formatid": "gen9championsvgc2026regma",
  "rating": 1120,
  "private": 0,
  "password": null
}