{
  "id": "gen9championsvgc2026regma-2587159694",
  "format": "[Gen 9 Champions] VGC 2026 Reg M-A",
  "players": [
    "Xenochiiii",
    "hesan514"
  ],
  "log": "|j|\u2606Xenochiiii\n|j|\u2606hesan514\n|t:|1776502173\n|gametype|doubles\n|player|p1|Xenochiiii|265|1211\n|player|p2|hesan514|leon-masters|1219\n|gen|9\n|tier|[Gen 9 Champions] VGC 2026 Reg M-A\n|rated|\n|rule|Species Clause: Limit one of each Pok\u00e9mon\n|rule|Item Clause: Limit 1 of each item\n|clearpoke\n|poke|p1|Froslass, L50, F|\n|poke|p1|Tsareena, L50, F|\n|poke|p1|Primarina, L50, F|\n|poke|p1|Orthworm, L50, F|\n|poke|p1|Garchomp, L50, M|\n|poke|p1|Incineroar, L50, M|\n|poke|p2|Rotom-Frost, L50|\n|poke|p2|Froslass, L50, F|\n|poke|p2|Lopunny, L50, M|\n|poke|p2|Sneasler, L50, M|\n|poke|p2|Rampardos, L50, F|\n|poke|p2|Farigiraf, L50, F|\n|teampreview|4\n|inactive|Battle timer is ON: inactive players will automatically lose when time's up. (requested by Xenochiiii)\n|inactive|Xenochiiii has 60 seconds left.\n|\n|t:|1776502205\n|teamsize|p1|4\n|teamsize|p2|4\n|start\n|switch|p1a: Tsareena|Tsareena, L50, F|100/100\n|switch|p1b: Incineroar|Incineroar, L50, M|100/100\n|switch|p2a: Froslass|Froslass, L50, F|100/100\n|switch|p2b: Rotom|Rotom-Frost, L50|100/100\n|-ability|p1b: Incineroar|Intimidate|boost\n|-unboost|p2a: Froslass|atk|1\n|-unboost|p2b: Rotom|atk|1\n|turn|1\n|inactive|Xenochiiii has 30 seconds left.\n|inactive|Xenochiiii has 20 seconds left.\n|\n|t:|1776502243\n|switch|p1a: Primarina|Primarina, L50, F|100/100\n|detailschange|p2a: Froslass|Froslass-Mega, L50, F\n|-mega|p2a: Froslass|Froslass|Froslassite\n|-weather|Snowscape|[from] ability: Snow Warning|[of] p2a: Froslass\n|move|p2b: Rotom|Blizzard|p1a: Primarina|[spread] p1a,p1b\n|-resisted|p1a: Primarina|1\n|-resisted|p1b: Incineroar|1\n|-damage|p1a: Primarina|84/100\n|-damage|p1b: Incineroar|85/100\n|move|p2a: Froslass|Aurora Veil|p2a: Froslass\n|-sidestart|p2: hesan514|move: Aurora Veil\n|move|p1b: Incineroar|Darkest Lariat|p2a: Froslass\n|-supereffective|p2a: Froslass|1\n|-damage|p2a: Froslass|45/100\n|\n|-weather|Snowscape|[upkeep]\n|-heal|p1a: Primarina|90/100|[from] item: Leftovers\n|upkeep\n|turn|2\n|inactive|Xenochiiii has 30 seconds left.\n|inactive|Xenochiiii has 20 seconds left.\n|inactive|Xenochiiii has 15 seconds left.\n|\n|t:|1776502285\n|switch|p2b: Farigiraf|Farigiraf, L50, F|100/100\n|move|p2a: Froslass|Protect|p2a: Froslass\n|-singleturn|p2a: Froslass|Protect\n|move|p1a: Primarina|Protect|p1a: Primarina\n|-singleturn|p1a: Primarina|Protect\n|move|p1b: Incineroar|Flare Blitz|p2a: Froslass\n|-activate|p2a: Froslass|move: Protect\n|\n|-weather|Snowscape|[upkeep]\n|-heal|p1a: Primarina|96/100|[from] item: Leftovers\n|upkeep\n|turn|3\n|\n|t:|1776502304\n|switch|p2a: Rampardos|Rampardos, L50, F|100/100\n|move|p1b: Incineroar|Darkest Lariat|p2a: Rampardos\n|-damage|p2a: Rampardos|67/100\n|move|p1a: Primarina|Blizzard|p2b: Farigiraf|[spread] p2a,p2b\n|-damage|p2a: Rampardos|38/100\n|-damage|p2b: Farigiraf|78/100\n|move|p2b: Farigiraf|Trick Room|p2b: Farigiraf\n|-fieldstart|move: Trick Room|[of] p2b: Farigiraf\n|\n|-weather|Snowscape|[upkeep]\n|-heal|p1a: Primarina|100/100|[from] item: Leftovers\n|upkeep\n|turn|4\n|\n|t:|1776502331\n|switch|p1b: Tsareena|Tsareena, L50, F|100/100\n|move|p2a: Rampardos|Head Smash|p1b: Tsareena\n|-damage|p1b: Tsareena|0 fnt\n|faint|p1b: Tsareena\n|-damage|p2a: Rampardos|1/100|[from] Recoil\n|move|p2b: Farigiraf|Psychic|p1a: Primarina\n|-damage|p1a: Primarina|65/100\n|move|p1a: Primarina|Hyper Voice|p2a: Rampardos|[spread] p2a,p2b\n|-supereffective|p2a: Rampardos|1\n|-damage|p2a: Rampardos|0 fnt\n|-damage|p2b: Farigiraf|54/100\n|faint|p2a: Rampardos\n|\n|-weather|Snowscape|[upkeep]\n|-heal|p1a: Primarina|71/100|[from] item: Leftovers\n|upkeep\n|\n|t:|1776502347\n|switch|p2a: Rotom|Rotom-Frost, L50|100/100\n|switch|p1b: Incineroar|Incineroar, L50, M|85/100\n|-ability|p1b: Incineroar|Intimidate|boost\n|-unboost|p2a: Rotom|atk|1\n|-unboost|p2b: Farigiraf|atk|1\n|turn|5\n|\n|t:|1776502372\n|move|p2b: Farigiraf|Helping Hand|p2a: Rotom\n|-singleturn|p2a: Rotom|Helping Hand|[of] p2b: Farigiraf\n|move|p1b: Incineroar|Fake Out||[still]\n|cant|p2b: Farigiraf|ability: Armor Tail|Fake Out|[of] p1b: Incineroar\n|move|p1a: Primarina|Moonblast|p2a: Rotom\n|-damage|p2a: Rotom|56/100\n|move|p2a: Rotom|Thunderbolt|p1a: Primarina\n|-supereffective|p1a: Primarina|1\n|-damage|p1a: Primarina|0 fnt\n|faint|p1a: Primarina\n|\n|-weather|none\n|-sideend|p2: hesan514|move: Aurora Veil\n|upkeep\n|\n|t:|1776502384\n|switch|p1a: Froslass|Froslass, L50, F|100/100\n|turn|6\n|\n|t:|1776502400\n|detailschange|p1a: Froslass|Froslass-Mega, L50, F\n|-mega|p1a: Froslass|Froslass|Froslassite\n|-weather|Snowscape|[from] ability: Snow Warning|[of] p1a: Froslass\n|move|p2b: Farigiraf|Helping Hand|p2a: Rotom\n|-singleturn|p2a: Rotom|Helping Hand|[of] p2b: Farigiraf\n|move|p1b: Incineroar|Darkest Lariat|p2b: Farigiraf\n|-supereffective|p2b: Farigiraf|1\n|-enditem|p2b: Farigiraf|Colbur Berry|[eat]\n|-enditem|p2b: Farigiraf|Colbur Berry|[weaken]\n|-damage|p2b: Farigiraf|12/100\n|move|p1a: Froslass|Aurora Veil|p1a: Froslass\n|-sidestart|p1: Xenochiiii|move: Aurora Veil\n|move|p2a: Rotom|Thunderbolt|p1b: Incineroar\n|-damage|p1b: Incineroar|46/100\n|\n|-weather|Snowscape|[upkeep]\n|upkeep\n|turn|7\n|inactive|Xenochiiii has 30 seconds left.\n|inactive|Xenochiiii has 20 seconds left.\n|inactive|Xenochiiii has 15 seconds left.\n|inactive|Xenochiiii has 10 seconds left.\n|\n|t:|1776502448\n|move|p2b: Farigiraf|Helping Hand|p2a: Rotom\n|-singleturn|p2a: Rotom|Helping Hand|[of] p2b: Farigiraf\n|move|p1b: Incineroar|Flare Blitz|p2a: Rotom\n|-supereffective|p2a: Rotom|1\n|-damage|p2a: Rotom|0 fnt\n|faint|p2a: Rotom\n|-damage|p1b: Incineroar|35/100|[from] Recoil\n|move|p1a: Froslass|Blizzard|p2b: Farigiraf\n|-damage|p2b: Farigiraf|0 fnt\n|faint|p2b: Farigiraf\n|\n|-weather|Snowscape|[upkeep]\n|-fieldend|move: Trick Room\n|upkeep\n|\n|t:|1776502457\n|switch|p2b: Froslass|Froslass-Mega, L50, F|45/100\n|turn|8\n|-message|hesan514 forfeited.\n|\n|win|Xenochiiii\n|raw|Xenochiiii's rating: 1211 &rarr; <strong>1237</strong><br />(+26 for winning)\n|raw|hesan514's rating: 1219 &rarr; <strong>1193</strong><br />(-26 for losing)\n|l|\u2606hesan514\n|player|p2|\n",
  "uploadtime": 1776502476,
  "views": 30,
  "formatid": "gen9championsvgc2026regma",
  "rating": 1193,
  "private": 0,
  "password": null
}