{
  "id": "gen9championsvgc2026regma-2580485324",
  "format": "[Gen 9 Champions] VGC 2026 Reg M-A",
  "players": [
    "I said NO FURRY",
    "star\u262ddweller"
  ],
  "log": "|j|\u2606I said NO FURRY\n|j|\u2606star\u262ddweller\n|html|<table width=\"100%\"><tr><td align=\"left\">I said NO FURRY</td><td align=\"right\">star\u262ddweller</tr><tr><td align=\"left\"><i class=\"fa fa-circle\"></i> <i class=\"fa fa-circle-o\"></i> </td><td align=\"right\"><i class=\"fa fa-circle-o\"></i> <i class=\"fa fa-circle-o\"></i> </tr></table>\n|uhtml|bestof|<h2><strong>Game 2</strong> of <a href=\"/game-bestof3-gen9championsvgc2026regma-2580482955\">a best-of-3</a></h2>\n|t:|1775903467\n|gametype|doubles\n|player|p1|I said NO FURRY|169|\n|player|p2|star\u262ddweller|az|\n|gen|9\n|tier|[Gen 9 Champions] VGC 2026 Reg M-A\n|rated|Tournament battle\n|rule|Species Clause: Limit one of each Pok\u00e9mon\n|rule|Item Clause: Limit 1 of each item\n|raw|<div class=\"infobox\"><details class=\"readmore\" open><summary><strong>2 custom rules:</strong></summary> best of=3, force open team sheets</details></div>\n|clearpoke\n|poke|p1|Delphox, L50, M|\n|poke|p1|Whimsicott, L50, F|\n|poke|p1|Raichu, L50, M|\n|poke|p1|Palafin, L50, M|\n|poke|p1|Krookodile, L50, F|\n|poke|p1|Sylveon, L50, F|\n|poke|p2|Glimmora, L50, M|\n|poke|p2|Ninetales-Alola, L50, F|\n|poke|p2|Incineroar, L50, M|\n|poke|p2|Sinistcha, L50|\n|poke|p2|Volcarona, L50, M|\n|poke|p2|Basculegion, L50, M|\n|teampreview|4\n|showteam|p1|Delphox||Delphoxite|Blaze|Psychic,HeatWave,DazzlingGleam,Protect|||M|||50|]Whimsicott||FocusSash|Prankster|EnergyBall,Tailwind,Taunt,SunnyDay|||F|||50|]Raichu||KingsRock|LightningRod|VoltSwitch,Nuzzle,FakeOut,Electroweb|||M|||50|]Palafin||Leftovers|ZerotoHero|JetPunch,WaveCrash,CloseCombat,Protect|||M|||50|]Krookodile||SitrusBerry|Intimidate|StompingTantrum,KnockOff,HelpingHand,Protect|||F|||50|]Sylveon||FairyFeather|Pixilate|HyperVoice,Moonblast,CalmMind,Protect|||F|||50|\n|showteam|p2|Glimmora||Glimmoranite|ToxicDebris|SludgeBomb,PowerGem,EarthPower,SpikyShield|||M|||50|]Ninetales-Alola||FocusSash|SnowWarning|Blizzard,IcyWind,AuroraVeil,Protect|||F|||50|]Incineroar||ChopleBerry|Intimidate|FakeOut,ThroatChop,PartingShot,FlareBlitz|||M|||50|]Sinistcha||KasibBerry|Hospitality|MatchaGotcha,ShadowBall,Protect,RagePowder||||||50|]Volcarona||Leftovers|FlameBody|HeatWave,BugBuzz,Protect,QuiverDance|||M|||50|]Basculegion||ChoiceScarf|Adaptability|WaveCrash,AquaJet,FlipTurn,LastRespects|||M|||50|\n|inactive|Battle timer is ON: inactive players will automatically lose when time's up. (requested by I said NO FURRY)\n|inactive|star\u262ddweller has 60 seconds left.\n|\n|t:|1775903523\n|teamsize|p1|4\n|teamsize|p2|4\n|start\n|switch|p1a: Palafin|Palafin, L50, M|100/100\n|switch|p1b: Whimsicott|Whimsicott, L50, F|100/100\n|switch|p2a: Incineroar|Incineroar, L50, M|100/100\n|switch|p2b: Ninetales|Ninetales-Alola, L50, F|100/100\n|-weather|Snowscape|[from] ability: Snow Warning|[of] p2b: Ninetales\n|-ability|p2a: Incineroar|Intimidate|boost\n|-unboost|p1a: Palafin|atk|1\n|-unboost|p1b: Whimsicott|atk|1\n|turn|1\n|j| TheNewBrends11@!\n|inactive|I said NO FURRY has 30 seconds left.\n|\n|t:|1775903550\n|switch|p1b: Delphox|Delphox, L50, M|100/100\n|move|p2a: Incineroar|Fake Out|p1a: Palafin\n|-damage|p1a: Palafin|87/100\n|move|p2b: Ninetales|Aurora Veil|p2b: Ninetales\n|-sidestart|p2: star\u262ddweller|move: Aurora Veil\n|cant|p1a: Palafin|flinch\n|\n|-weather|Snowscape|[upkeep]\n|-heal|p1a: Palafin|94/100|[from] item: Leftovers\n|upkeep\n|turn|2\n|inactive|I said NO FURRY has 30 seconds left.\n|inactive|star\u262ddweller has 30 seconds left.\n|inactive|star\u262ddweller has 20 seconds left.\n|inactive|star\u262ddweller has 15 seconds left.\n|inactive|star\u262ddweller has 10 seconds left.\n|\n|t:|1775903598\n|switch|p1b: Krookodile|Krookodile, L50, F|100/100\n|-ability|p1b: Krookodile|Intimidate|boost\n|-unboost|p2a: Incineroar|atk|1\n|-unboost|p2b: Ninetales|atk|1\n|move|p2b: Ninetales|Blizzard|p1a: Palafin|[spread] p1a,p1b\n|-resisted|p1a: Palafin|1\n|-supereffective|p1b: Krookodile|1\n|-damage|p1a: Palafin|73/100\n|-damage|p1b: Krookodile|37/100\n|-enditem|p1b: Krookodile|Sitrus Berry|[eat]\n|-heal|p1b: Krookodile|62/100|[from] item: Sitrus Berry\n|move|p1a: Palafin|Wave Crash|p2a: Incineroar\n|-supereffective|p2a: Incineroar|1\n|-damage|p2a: Incineroar|58/100\n|-damage|p1a: Palafin|58/100|[from] Recoil\n|move|p2a: Incineroar|Throat Chop|p1b: Krookodile\n|-resisted|p1b: Krookodile|1\n|-damage|p1b: Krookodile|51/100\n|-start|p1b: Krookodile|Throat Chop|[silent]\n|\n|-weather|Snowscape|[upkeep]\n|-heal|p1a: Palafin|65/100|[from] item: Leftovers\n|upkeep\n|turn|3\n|inactive|star\u262ddweller has 30 seconds left.\n|inactive|star\u262ddweller has 20 seconds left.\n|inactive|star\u262ddweller has 15 seconds left.\n|inactive|star\u262ddweller has 10 seconds left.\n|\n|t:|1775903646\n|detailschange|p1a: Palafin|Palafin-Hero, L50, M\n|switch|p1a: Delphox|Delphox, L50, M|100/100\n|switch|p2a: Sinistcha|Sinistcha, L50|100/100\n|move|p2b: Ninetales|Blizzard|p1a: Delphox|[spread] p1a,p1b\n|-resisted|p1a: Delphox|1\n|-supereffective|p1b: Krookodile|1\n|-damage|p1a: Delphox|85/100\n|-damage|p1b: Krookodile|0 fnt\n|faint|p1b: Krookodile\n|\n|-weather|Snowscape|[upkeep]\n|upkeep\n|\n|t:|1775903654\n|switch|p1b: Whimsicott|Whimsicott, L50, F|100/100\n|turn|4\n|inactive|star\u262ddweller has 30 seconds left.\n|\n|t:|1775903679\n|switch|p2a: Incineroar|Incineroar, L50, M|58/100\n|-ability|p2a: Incineroar|Intimidate|boost\n|-unboost|p1a: Delphox|atk|1\n|-unboost|p1b: Whimsicott|atk|1\n|detailschange|p1a: Delphox|Delphox-Mega, L50, M\n|-mega|p1a: Delphox|Delphox|Delphoxite\n|move|p1b: Whimsicott|Sunny Day|p1b: Whimsicott\n|-weather|SunnyDay\n|move|p2b: Ninetales|Blizzard|p1a: Delphox|[spread] p1a\n|-miss|p2b: Ninetales|p1b: Whimsicott\n|-resisted|p1a: Delphox|1\n|-damage|p1a: Delphox|73/100\n|move|p1a: Delphox|Heat Wave|p2a: Incineroar|[spread] p2a,p2b\n|-resisted|p2a: Incineroar|1\n|-supereffective|p2b: Ninetales|1\n|-damage|p2a: Incineroar|43/100\n|-enditem|p2b: Ninetales|Focus Sash\n|-damage|p2b: Ninetales|1/100\n|\n|-weather|SunnyDay|[upkeep]\n|upkeep\n|turn|5\n|c|\u2606star\u262ddweller|aw man\n|inactive|I said NO FURRY has 30 seconds left.\n|c|\u2606star\u262ddweller|its 70% i suppose\n|inactive|I said NO FURRY has 20 seconds left.\n|\n|t:|1775903714\n|switch|p2b: Sinistcha|Sinistcha, L50|100/100\n|-heal|p2a: Incineroar|68/100|[from] ability: Hospitality|[of] p2b: Sinistcha\n|move|p1b: Whimsicott|Energy Ball|p2b: Sinistcha\n|-resisted|p2b: Sinistcha|1\n|-damage|p2b: Sinistcha|86/100\n|move|p1a: Delphox|Heat Wave|p2b: Sinistcha|[spread] p2a\n|-miss|p1a: Delphox|p2b: Sinistcha\n|-resisted|p2a: Incineroar|1\n|-damage|p2a: Incineroar|50/100\n|move|p2a: Incineroar|Throat Chop|p1a: Delphox\n|-supereffective|p1a: Delphox|1\n|-damage|p1a: Delphox|0 fnt\n|faint|p1a: Delphox\n|\n|-weather|SunnyDay|[upkeep]\n|-sideend|p2: star\u262ddweller|move: Aurora Veil\n|upkeep\n|\n|t:|1775903726\n|switch|p1a: Palafin|Palafin-Hero, L50, M|65/100\n|-activate|p1a: Palafin|ability: Zero to Hero\n|turn|6\n|c|\u2606star\u262ddweller|okay thats very unlucky\n|\n|t:|1775903736\n|move|p1a: Palafin|Protect|p1a: Palafin\n|-singleturn|p1a: Palafin|Protect\n|move|p1b: Whimsicott|Taunt|p2b: Sinistcha\n|-start|p2b: Sinistcha|move: Taunt\n|move|p2b: Sinistcha|Matcha Gotcha|p1b: Whimsicott|[spread] p1b\n|-activate|p1a: Palafin|move: Protect\n|-resisted|p1b: Whimsicott|1\n|-damage|p1b: Whimsicott|80/100\n|-heal|p2b: Sinistcha|94/100|[from] drain|[of] p1b: Whimsicott\n|move|p2a: Incineroar|Flare Blitz|p1b: Whimsicott\n|-supereffective|p1b: Whimsicott|1\n|-damage|p1b: Whimsicott|0 fnt\n|faint|p1b: Whimsicott\n|-damage|p2a: Incineroar|33/100|[from] Recoil\n|\n|-weather|SunnyDay|[upkeep]\n|-heal|p1a: Palafin|71/100|[from] item: Leftovers\n|upkeep\n|turn|7\n|\n|t:|1775903751\n|move|p1a: Palafin|Wave Crash|p2b: Sinistcha\n|-resisted|p2b: Sinistcha|1\n|-damage|p2b: Sinistcha|80/100\n|-damage|p1a: Palafin|66/100|[from] Recoil\n|move|p2b: Sinistcha|Matcha Gotcha|p1a: Palafin\n|-supereffective|p1a: Palafin|1\n|-damage|p1a: Palafin|0 fnt\n|-heal|p2b: Sinistcha|100/100|[from] drain|[of] p1a: Palafin\n|faint|p1a: Palafin\n|\n|win|star\u262ddweller\n||I said NO FURRY is ready for game 3.\n||star\u262ddweller is ready for game 3.\n|uhtml|next|Next: <a href=\"/battle-gen9championsvgc2026regma-2580487475\"><strong>Game 3 of 3</strong></a>\n",
  "uploadtime": 1775903758,
  "views": 14,
  "formatid": "gen9championsvgc2026regma",
  "rating": null,
  "private": 0,
  "password": null
}