{
  "id": "gen9championsvgc2026regma-2581455192",
  "format": "[Gen 9 Champions] VGC 2026 Reg M-A",
  "players": [
    "Tano_95",
    "Braute"
  ],
  "log": "|j|\u2606Tano_95\n|j|\u2606Braute\n|t:|1776002084\n|gametype|doubles\n|player|p1|Tano_95|169|1095\n|player|p2|Braute|miku-fire|1178\n|gen|9\n|tier|[Gen 9 Champions] VGC 2026 Reg M-A\n|rated|\n|rule|Species Clause: Limit one of each Pok\u00e9mon\n|rule|Item Clause: Limit 1 of each item\n|clearpoke\n|poke|p1|Charizard, L50, F|\n|poke|p1|Whimsicott, L50, F|\n|poke|p1|Milotic, L50, F|\n|poke|p1|Incineroar, L50, F|\n|poke|p1|Sinistcha, L50|\n|poke|p1|Rotom-Wash, L50|\n|poke|p2|Beedrill, L50, M|\n|poke|p2|Incineroar, L50, F|\n|poke|p2|Talonflame, L50, F|\n|poke|p2|Kingambit, L50, M|\n|poke|p2|Tyranitar, L50, F|\n|poke|p2|Excadrill, L50, F|\n|teampreview|4\n|inactive|Battle timer is ON: inactive players will automatically lose when time's up. (requested by Braute)\nBraute has agreed to open team sheets.\n|inactive|Tano_95 has 60 seconds left.\n|\n|t:|1776002125\n|teamsize|p1|4\n|teamsize|p2|4\n|start\n|switch|p1a: Milotic|Milotic, L50, F|100/100\n|switch|p1b: Charizard|Charizard, L50, F|100/100\n|switch|p2a: Talonflame|Talonflame, L50, F|100/100\n|switch|p2b: Kingambit|Kingambit, L50, M, shiny|100/100\n|turn|1\n|\n|t:|1776002139\n|detailschange|p1b: Charizard|Charizard-Mega-X, L50, F\n|-mega|p1b: Charizard|Charizard|Charizardite X\n|move|p2a: Talonflame|Protect|p2a: Talonflame\n|-singleturn|p2a: Talonflame|Protect\n|move|p2b: Kingambit|Protect|p2b: Kingambit\n|-singleturn|p2b: Kingambit|Protect\n|move|p1b: Charizard|Flare Blitz|p2b: Kingambit\n|-activate|p2b: Kingambit|move: Protect\n|move|p1a: Milotic|Scald|p2a: Talonflame\n|-activate|p2a: Talonflame|move: Protect\n|\n|upkeep\n|turn|2\n|\n|t:|1776002150\n|switch|p2b: Tyranitar|Tyranitar, L50, F|100/100\n|-weather|Sandstorm|[from] ability: Sand Stream|[of] p2b: Tyranitar\n|move|p2a: Talonflame|Tailwind|p2a: Talonflame\n|-sidestart|p2: Braute|move: Tailwind\n|move|p1b: Charizard|Dragon Dance|p1b: Charizard\n|-boost|p1b: Charizard|atk|1\n|-boost|p1b: Charizard|spe|1\n|move|p1a: Milotic|Scald|p2a: Talonflame\n|-supereffective|p2a: Talonflame|1\n|-damage|p2a: Talonflame|0 fnt\n|faint|p2a: Talonflame\n|\n|-weather|Sandstorm|[upkeep]\n|-damage|p1b: Charizard|95/100|[from] Sandstorm\n|-damage|p1a: Milotic|95/100|[from] Sandstorm\n|-heal|p1a: Milotic|100/100|[from] item: Leftovers\n|upkeep\n|\n|t:|1776002160\n|switch|p2a: Excadrill|Excadrill, L50, F|100/100\n|turn|3\n|\n|t:|1776002180\n|switch|p1a: Incineroar|Incineroar, L50, F|100/100\n|-ability|p1a: Incineroar|Intimidate|boost\n|-unboost|p2a: Excadrill|atk|1\n|-unboost|p2b: Tyranitar|atk|1\n|detailschange|p2b: Tyranitar|Tyranitar-Mega, L50, F\n|-mega|p2b: Tyranitar|Tyranitar|Tyranitarite\n|move|p2a: Excadrill|High Horsepower|p1b: Charizard\n|-supereffective|p1b: Charizard|1\n|-damage|p1b: Charizard|13/100\n|move|p1b: Charizard|Flare Blitz|p2a: Excadrill\n|-supereffective|p2a: Excadrill|1\n|-enditem|p2a: Excadrill|Focus Sash\n|-damage|p2a: Excadrill|1/100\n|-damage|p1b: Charizard|0 fnt|[from] Recoil\n|faint|p1b: Charizard\n|move|p2b: Tyranitar|Knock Off|p1a: Incineroar\n|-resisted|p1a: Incineroar|1\n|-crit|p1a: Incineroar\n|-damage|p1a: Incineroar|48/100\n|-enditem|p1a: Incineroar|Sitrus Berry|[from] move: Knock Off|[of] p2b: Tyranitar\n|\n|-weather|Sandstorm|[upkeep]\n|-damage|p1a: Incineroar|43/100|[from] Sandstorm\n|upkeep\n|\n|t:|1776002197\n|switch|p1b: Milotic|Milotic, L50, F|100/100\n|turn|4\n|\n|t:|1776002207\n|switch|p2a: Kingambit|Kingambit, L50, M, shiny|100/100\n|move|p1a: Incineroar|Fake Out|p2a: Kingambit\n|-resisted|p2a: Kingambit|1\n|-damage|p2a: Kingambit|95/100\n|move|p2b: Tyranitar|Low Kick|p1a: Incineroar\n|-supereffective|p1a: Incineroar|1\n|-damage|p1a: Incineroar|0 fnt\n|faint|p1a: Incineroar\n|move|p1b: Milotic|Scald|p2b: Tyranitar\n|-supereffective|p2b: Tyranitar|1\n|-damage|p2b: Tyranitar|63/100\n|\n|-weather|Sandstorm|[upkeep]\n|-damage|p1b: Milotic|95/100|[from] Sandstorm\n|-heal|p1b: Milotic|100/100|[from] item: Leftovers\n|upkeep\n|\n|t:|1776002223\n|switch|p1a: Rotom|Rotom-Wash, L50|100/100\n|turn|5\n|\n|t:|1776002231\n|move|p2b: Tyranitar|Knock Off|p1a: Rotom\n|-damage|p1a: Rotom|62/100\n|-enditem|p1a: Rotom|Magnet|[from] move: Knock Off|[of] p2b: Tyranitar\n|move|p2a: Kingambit|Kowtow Cleave|p1b: Milotic\n|-damage|p1b: Milotic|44/100\n|move|p1a: Rotom|Will-O-Wisp|p2a: Kingambit\n|-status|p2a: Kingambit|brn\n|move|p1b: Milotic|Scald|p2b: Tyranitar\n|-supereffective|p2b: Tyranitar|1\n|-damage|p2b: Tyranitar|20/100\n|\n|-weather|Sandstorm|[upkeep]\n|-damage|p1a: Rotom|57/100|[from] Sandstorm\n|-damage|p1b: Milotic|38/100|[from] Sandstorm\n|-heal|p1b: Milotic|44/100|[from] item: Leftovers\n|-damage|p2a: Kingambit|90/100 brn|[from] brn\n|-sideend|p2: Braute|move: Tailwind\n|upkeep\n|turn|6\n|\n|t:|1776002254\n|move|p1a: Rotom|Volt Switch|p2b: Tyranitar\n|-damage|p2b: Tyranitar|4/100\n|move|p1b: Milotic|Recover|p1b: Milotic\n|-heal|p1b: Milotic|94/100\n|move|p2b: Tyranitar|Rock Slide|p1b: Milotic|[spread] p1a,p1b\n|-damage|p1a: Rotom|35/100\n|-damage|p1b: Milotic|73/100\n|move|p2a: Kingambit|Kowtow Cleave|p1a: Rotom\n|-damage|p1a: Rotom|11/100\n|\n|-weather|none\n|-heal|p1b: Milotic|79/100|[from] item: Leftovers\n|-damage|p2a: Kingambit|84/100 brn|[from] brn\n|upkeep\n|turn|7\n|\n|t:|1776002268\n|move|p2a: Kingambit|Sucker Punch|p1a: Rotom\n|-damage|p1a: Rotom|0 fnt\n|faint|p1a: Rotom\n|move|p1b: Milotic|Scald|p2b: Tyranitar\n|-supereffective|p2b: Tyranitar|1\n|-damage|p2b: Tyranitar|0 fnt\n|faint|p2b: Tyranitar\n|\n|-heal|p1b: Milotic|85/100|[from] item: Leftovers\n|-damage|p2a: Kingambit|78/100 brn|[from] brn\n|upkeep\n|\n|t:|1776002272\n|switch|p2b: Excadrill|Excadrill, L50, F|1/100\n|turn|8\n|\n|t:|1776002285\n|move|p2b: Excadrill|Protect|p2b: Excadrill\n|-singleturn|p2b: Excadrill|Protect\n|move|p1b: Milotic|Scald|p2b: Excadrill\n|-activate|p2b: Excadrill|move: Protect\n|move|p2a: Kingambit|Kowtow Cleave|p1b: Milotic\n|-damage|p1b: Milotic|59/100\n|\n|-heal|p1b: Milotic|65/100|[from] item: Leftovers\n|-damage|p2a: Kingambit|72/100 brn|[from] brn\n|upkeep\n|turn|9\n|\n|t:|1776002297\n|move|p2b: Excadrill|High Horsepower|p1b: Milotic\n|-damage|p1b: Milotic|19/100\n|move|p1b: Milotic|Scald|p2b: Excadrill\n|-supereffective|p2b: Excadrill|1\n|-damage|p2b: Excadrill|0 fnt\n|faint|p2b: Excadrill\n|move|p2a: Kingambit|Kowtow Cleave|p1b: Milotic\n|-damage|p1b: Milotic|0 fnt\n|faint|p1b: Milotic\n|\n|win|Braute\n|raw|Tano_95's rating: 1095 &rarr; <strong>1076</strong><br />(-19 for losing)\n|raw|Braute's rating: 1178 &rarr; <strong>1197</strong><br />(+19 for winning)\n",
  "uploadtime": 1776002297,
  "views": 39,
  "formatid": "gen9championsvgc2026regma",
  "rating": 1076,
  "private": 0,
  "password": null
}