{
  "id": "gen9championsvgc2026regma-2582551373",
  "format": "[Gen 9 Champions] VGC 2026 Reg M-A",
  "players": [
    "toasterovens123",
    "The_PaleoNerd7"
  ],
  "log": "|j|\u2606toasterovens123\n|j|\u2606The_PaleoNerd7\n|t:|1776098851\n|gametype|doubles\n|player|p1|toasterovens123|170|1061\n|player|p2|The_PaleoNerd7|lance|1151\n|gen|9\n|tier|[Gen 9 Champions] VGC 2026 Reg M-A\n|rated|\n|rule|Species Clause: Limit one of each Pok\u00e9mon\n|rule|Item Clause: Limit 1 of each item\n|clearpoke\n|poke|p1|Froslass, L50, F|\n|poke|p1|Ninetales-Alola, L50, F|\n|poke|p1|Rotom-Wash, L50|\n|poke|p1|Corviknight, L50, F|\n|poke|p1|Garchomp, L50, M|\n|poke|p1|Incineroar, L50, F|\n|poke|p2|Aerodactyl, L50, F|\n|poke|p2|Tyranitar, L50, F|\n|poke|p2|Garchomp, L50, M|\n|poke|p2|Tinkaton, L50, F|\n|poke|p2|Orthworm, L50, F|\n|poke|p2|Rotom-Heat, L50|\n|teampreview|4\n|inactive|Battle timer is ON: inactive players will automatically lose when time's up. (requested by The_PaleoNerd7)\n|\n|t:|1776098879\n|teamsize|p1|4\n|teamsize|p2|4\n|start\n|switch|p1a: Incineroar|Incineroar, L50, F|100/100\n|switch|p1b: Garchomp|Garchomp, L50, M|100/100\n|switch|p2a: Aerodactyl|Aerodactyl, L50, F|100/100\n|switch|p2b: Orthworm|Orthworm, L50, F, shiny|100/100\n|-ability|p2a: Aerodactyl|Unnerve\n|-ability|p1a: Incineroar|Intimidate|boost\n|-unboost|p2a: Aerodactyl|atk|1\n|-unboost|p2b: Orthworm|atk|1\n|turn|1\n|\n|t:|1776098902\n|move|p2a: Aerodactyl|Protect|p2a: Aerodactyl\n|-singleturn|p2a: Aerodactyl|Protect\n|move|p1a: Incineroar|Fake Out|p2b: Orthworm\n|-resisted|p2b: Orthworm|1\n|-damage|p2b: Orthworm|97/100\n|move|p1b: Garchomp|Stomping Tantrum|p2b: Orthworm\n|-heal|p2b: Orthworm|100/100|[from] ability: Earth Eater|[of] p1b: Garchomp\n|cant|p2b: Orthworm|flinch\n|\n|upkeep\n|turn|2\n|\n|t:|1776098921\n|move|p2a: Aerodactyl|Tailwind|p2a: Aerodactyl\n|-sidestart|p2: The_PaleoNerd7|move: Tailwind\n|move|p2b: Orthworm|Shed Tail|p2b: Orthworm\n|-start|p2b: Orthworm|Substitute|[from] move: Shed Tail\n|-damage|p2b: Orthworm|50/100\n|-enditem|p2b: Orthworm|Sitrus Berry|[eat]\n|-heal|p2b: Orthworm|75/100|[from] item: Sitrus Berry\n|\n|t:|1776098930\n|switch|p2b: Tyranitar|Tyranitar, L50, F|100/100|[from] Shed Tail\n|-weather|Sandstorm|[from] ability: Sand Stream|[of] p2b: Tyranitar\n|move|p1b: Garchomp|Rock Slide|p2a: Aerodactyl|[spread] p2b\n|-miss|p1b: Garchomp|p2a: Aerodactyl\n|-crit|p2b: Tyranitar\n|-end|p2b: Tyranitar|Substitute\n|move|p1a: Incineroar|Flare Blitz|p2b: Tyranitar\n|-resisted|p2b: Tyranitar|1\n|-damage|p2b: Tyranitar|77/100\n|-damage|p1a: Incineroar|92/100|[from] Recoil\n|\n|-weather|Sandstorm|[upkeep]\n|-damage|p1a: Incineroar|85/100|[from] Sandstorm\n|upkeep\n|turn|3\n|\n|t:|1776098951\n|switch|p2b: Orthworm|Orthworm, L50, F, shiny|75/100\n|switch|p1a: Ninetales|Ninetales-Alola, L50, F|100/100\n|-weather|Snowscape|[from] ability: Snow Warning|[of] p1a: Ninetales\n|move|p2a: Aerodactyl|Rock Slide|p1a: Ninetales|[spread] p1a,p1b\n|-supereffective|p1a: Ninetales|1\n|-resisted|p1b: Garchomp|1\n|-damage|p1a: Ninetales|68/100\n|-damage|p1b: Garchomp|92/100\n|move|p1b: Garchomp|Swords Dance|p1b: Garchomp\n|-boost|p1b: Garchomp|atk|2\n|\n|-weather|Snowscape|[upkeep]\n|-heal|p1b: Garchomp|98/100|[from] item: Leftovers\n|upkeep\n|turn|4\n|inactive|toasterovens123 has 30 seconds left.\n|\n|t:|1776098980\n|switch|p2a: Rotom|Rotom-Heat, L50|100/100\n|switch|p1a: Incineroar|Incineroar, L50, F|85/100\n|-ability|p1a: Incineroar|Intimidate|boost\n|-unboost|p2a: Rotom|atk|1\n|-unboost|p2b: Orthworm|atk|1\n|move|p2b: Orthworm|Iron Head|p1a: Incineroar\n|-resisted|p1a: Incineroar|1\n|-damage|p1a: Incineroar|77/100\n|move|p1b: Garchomp|Rock Slide|p2b: Orthworm|[spread] p2a,p2b\n|-supereffective|p2a: Rotom|1\n|-resisted|p2b: Orthworm|1\n|-damage|p2a: Rotom|0 fnt\n|-damage|p2b: Orthworm|65/100\n|faint|p2a: Rotom\n|\n|-weather|Snowscape|[upkeep]\n|-heal|p1b: Garchomp|100/100|[from] item: Leftovers\n|upkeep\n|\n|t:|1776098990\n|switch|p2a: Tyranitar|Tyranitar, L50, F|77/100\n|-weather|Sandstorm|[from] ability: Sand Stream|[of] p2a: Tyranitar\n|turn|5\n|\n|t:|1776099009\n|detailschange|p2a: Tyranitar|Tyranitar-Mega, L50, F\n|-mega|p2a: Tyranitar|Tyranitar|Tyranitarite\n|move|p1a: Incineroar|Fake Out|p2a: Tyranitar\n|-resisted|p2a: Tyranitar|1\n|-damage|p2a: Tyranitar|73/100\n|cant|p2a: Tyranitar|flinch\n|move|p2b: Orthworm|Iron Head|p1b: Garchomp\n|-damage|p1b: Garchomp|82/100\n|-damage|p2b: Orthworm|52/100|[from] ability: Rough Skin|[of] p1b: Garchomp\n|move|p1b: Garchomp|Stomping Tantrum|p2a: Tyranitar\n|-supereffective|p2a: Tyranitar|1\n|-damage|p2a: Tyranitar|0 fnt\n|faint|p2a: Tyranitar\n|\n|-weather|Sandstorm|[upkeep]\n|-damage|p1a: Incineroar|71/100|[from] Sandstorm\n|-heal|p1b: Garchomp|88/100|[from] item: Leftovers\n|-sideend|p2: The_PaleoNerd7|move: Tailwind\n|upkeep\n|\n|t:|1776099022\n|switch|p2a: Aerodactyl|Aerodactyl, L50, F|100/100\n|-ability|p2a: Aerodactyl|Unnerve\n|turn|6\n|\n|t:|1776099036\n|switch|p1a: Rotom|Rotom-Wash, L50|100/100\n|move|p2a: Aerodactyl|Tailwind|p2a: Aerodactyl\n|-sidestart|p2: The_PaleoNerd7|move: Tailwind\n|move|p2b: Orthworm|Body Press|p1a: Rotom\n|-damage|p1a: Rotom|72/100\n|move|p1b: Garchomp|Rock Slide|p2a: Aerodactyl|[spread] p2b\n|-miss|p1b: Garchomp|p2a: Aerodactyl\n|-resisted|p2b: Orthworm|1\n|-damage|p2b: Orthworm|42/100\n|\n|-weather|Sandstorm|[upkeep]\n|-damage|p1a: Rotom|67/100|[from] Sandstorm\n|-heal|p1b: Garchomp|94/100|[from] item: Leftovers\n|upkeep\n|turn|7\n|-message|The_PaleoNerd7 forfeited.\n|\n|win|toasterovens123\n|raw|toasterovens123's rating: 1061 &rarr; <strong>1100</strong><br />(+39 for winning)\n|raw|The_PaleoNerd7's rating: 1151 &rarr; <strong>1120</strong><br />(-31 for losing)\n|l|\u2606The_PaleoNerd7\n|player|p2|\n",
  "uploadtime": 1776099057,
  "views": 16,
  "formatid": "gen9championsvgc2026regma",
  "rating": 1100,
  "private": 0,
  "password": null
}