{
  "id": "gen9championsvgc2026regma-2587940170",
  "format": "[Gen 9 Champions] VGC 2026 Reg M-A",
  "players": [
    "cartergay1",
    "xenoliege"
  ],
  "log": "|j|\u2606cartergay1\n|j|\u2606xenoliege\n|t:|1776582093\n|gametype|doubles\n|player|p1|cartergay1|265|\n|player|p2|xenoliege|265|\n|gen|9\n|tier|[Gen 9 Champions] VGC 2026 Reg M-A\n|rule|Species Clause: Limit one of each Pok\u00e9mon\n|rule|Item Clause: Limit 1 of each item\n|clearpoke\n|poke|p1|Gengar, L50, M|\n|poke|p1|Dragapult, L50, M|\n|poke|p1|Whimsicott, L50, M|\n|poke|p1|Garchomp, L50, F|\n|poke|p1|Meowscarada, L50, M|\n|poke|p1|Sylveon, L50, F|\n|poke|p2|Starmie, L50|\n|poke|p2|Tyranitar, L50, M|\n|poke|p2|Garchomp, L50, M|\n|poke|p2|Aerodactyl, L50, F|\n|poke|p2|Aegislash, L50, M|\n|poke|p2|Rotom-Heat, L50|\n|teampreview|4\nxenoliege has agreed to open team sheets.\ncartergay1 has agreed to open team sheets.\n|showteam|p1|Gengar||Gengarite|CursedBody|ShadowBall,SludgeBomb,FocusBlast,Taunt|||M|||50|]Dragapult||ChoiceScarf|Infiltrator|DracoMeteor,ShadowBall,Flamethrower,Uturn|||M|||50|]Whimsicott||FocusSash|Prankster|Taunt,Encore,Tailwind,Uturn|||M|||50|]Garchomp||SitrusBerry|RoughSkin|StealthRock,Earthquake,DragonClaw,IronHead|||F|||50|]Meowscarada||LumBerry|Protean|FlowerTrick,NightSlash,Uturn,KnockOff|||M|||50|]Sylveon||Leftovers|Pixilate|HyperVoice,ShadowBall,Wish,Protect|||F|||50|\n|showteam|p2|Starmie||Starminite|Illuminate|SkillSwap,Protect,ZenHeadbutt,Liquidation||||||50|]Tyranitar||ChoiceScarf|SandStream|RockSlide,KnockOff,IcePunch,Superpower|||M|||50|]Garchomp||WhiteHerb|SandVeil|IronHead,Earthquake,Protect,DragonClaw|||M|||50|]Aerodactyl||FocusSash|RockHead|Tailwind,RockSlide,DualWingbeat,Protect|||F|||50|]Aegislash||Leftovers|StanceChange|KingsShield,WideGuard,FlashCannon,ShadowBall|||M|||50|]Rotom-Heat||SitrusBerry|Levitate|Protect,Thunderbolt,Overheat,HelpingHand||||||50|\n|l|\u2606xenoliege\n|player|p2|\n|j|\u2606xenoliege\n|player|p2|xenoliege|265|\n|\n|t:|1776582289\n|teamsize|p1|4\n|teamsize|p2|4\n|start\n|switch|p1a: Whimsicott|Whimsicott, L50, M|100/100\n|switch|p1b: Gengar|Gengar, L50, M|100/100\n|switch|p2a: Starmie|Starmie, L50|100/100\n|switch|p2b: Tyranitar|Tyranitar, L50, M|100/100\n|-weather|Sandstorm|[from] ability: Sand Stream|[of] p2b: Tyranitar\n|turn|1\n|\n|t:|1776582313\n|detailschange|p1b: Gengar|Gengar-Mega, L50, M\n|-mega|p1b: Gengar|Gengar|Gengarite\n|detailschange|p2a: Starmie|Starmie-Mega, L50\n|-mega|p2a: Starmie|Starmie|Starminite\n|move|p1a: Whimsicott|Tailwind|p1a: Whimsicott\n|-sidestart|p1: cartergay1|move: Tailwind\n|move|p1b: Gengar|Focus Blast|p2b: Tyranitar\n|-supereffective|p2b: Tyranitar|2\n|-damage|p2b: Tyranitar|0 fnt\n|faint|p2b: Tyranitar\n|move|p2a: Starmie|Skill Swap|p2: Tyranitar|[notarget]\n|-fail|p2a: Starmie\n|\n|-weather|Sandstorm|[upkeep]\n|-damage|p1b: Gengar|95/100|[from] Sandstorm\n|-damage|p1a: Whimsicott|95/100|[from] Sandstorm\n|-damage|p2a: Starmie|95/100|[from] Sandstorm\n|upkeep\n|\n|t:|1776582328\n|switch|p2b: Aerodactyl|Aerodactyl, L50, F|100/100\n|turn|2\n|\n|t:|1776582340\n|move|p2b: Aerodactyl|Protect|p2b: Aerodactyl\n|-singleturn|p2b: Aerodactyl|Protect\n|move|p2a: Starmie|Protect|p2a: Starmie\n|-singleturn|p2a: Starmie|Protect\n|move|p1a: Whimsicott|Encore|p2b: Aerodactyl\n|-activate|p2b: Aerodactyl|move: Protect\n|move|p1b: Gengar|Shadow Ball|p2a: Starmie\n|-activate|p2a: Starmie|move: Protect\n|\n|-weather|Sandstorm|[upkeep]\n|-damage|p1b: Gengar|89/100|[from] Sandstorm\n|-damage|p1a: Whimsicott|89/100|[from] Sandstorm\n|-damage|p2a: Starmie|89/100|[from] Sandstorm\n|upkeep\n|turn|3\n|\n|t:|1776582364\n|move|p1b: Gengar|Shadow Ball|p2a: Starmie\n|-supereffective|p2a: Starmie|1\n|-damage|p2a: Starmie|0 fnt\n|faint|p2a: Starmie\n|move|p1a: Whimsicott|U-turn|p2b: Aerodactyl\n|-resisted|p2b: Aerodactyl|1\n|-damage|p2b: Aerodactyl|91/100\n|\n|t:|1776582373\n|switch|p1a: Sylveon|Sylveon, L50, F|100/100|[from] U-turn\n|move|p2b: Aerodactyl|Dual Wingbeat|p1a: Sylveon\n|-damage|p1a: Sylveon|77/100\n|-damage|p1a: Sylveon|54/100\n|-hitcount|p1a: Sylveon|2\n|\n|-weather|Sandstorm|[upkeep]\n|-damage|p1b: Gengar|83/100|[from] Sandstorm\n|-damage|p1a: Sylveon|49/100|[from] Sandstorm\n|-heal|p1a: Sylveon|54/100|[from] item: Leftovers\n|upkeep\n|\n|t:|1776582381\n|switch|p2a: Rotom|Rotom-Heat, L50|100/100\n|turn|4\n|\n|t:|1776582407\n|switch|p1b: Garchomp|Garchomp, L50, F|100/100\n|move|p2b: Aerodactyl|Dual Wingbeat|p1b: Garchomp\n|-damage|p1b: Garchomp|81/100\n|-damage|p2b: Aerodactyl|79/100|[from] ability: Rough Skin|[of] p1b: Garchomp\n|-damage|p1b: Garchomp|61/100\n|-damage|p2b: Aerodactyl|67/100|[from] ability: Rough Skin|[of] p1b: Garchomp\n|-hitcount|p1b: Garchomp|2\n|move|p1a: Sylveon|Wish|p1a: Sylveon\n|move|p2a: Rotom|Overheat|p1b: Garchomp\n|-resisted|p1b: Garchomp|1\n|-damage|p1b: Garchomp|38/100\n|-unboost|p2a: Rotom|spa|2\n|-enditem|p1b: Garchomp|Sitrus Berry|[eat]\n|-heal|p1b: Garchomp|62/100|[from] item: Sitrus Berry\n|\n|-weather|Sandstorm|[upkeep]\n|-damage|p1a: Sylveon|49/100|[from] Sandstorm\n|-damage|p2a: Rotom|95/100|[from] Sandstorm\n|-heal|p1a: Sylveon|54/100|[from] item: Leftovers\n|-sideend|p1: cartergay1|move: Tailwind\n|upkeep\n|turn|5\n|\n|t:|1776582434\n|move|p1a: Sylveon|Protect|p1a: Sylveon\n|-singleturn|p1a: Sylveon|Protect\n|move|p2b: Aerodactyl|Rock Slide|p1b: Garchomp|[spread] p1b\n|-activate|p1a: Sylveon|move: Protect\n|-resisted|p1b: Garchomp|1\n|-damage|p1b: Garchomp|50/100\n|move|p1b: Garchomp|Iron Head|p2b: Aerodactyl\n|-supereffective|p2b: Aerodactyl|1\n|-damage|p2b: Aerodactyl|0 fnt\n|faint|p2b: Aerodactyl\n|move|p2a: Rotom|Overheat|p1b: Garchomp\n|-resisted|p1b: Garchomp|1\n|-damage|p1b: Garchomp|37/100\n|-unboost|p2a: Rotom|spa|2\n|\n|-weather|none\n|-heal|p1a: Sylveon|100/100|[from] move: Wish|[wisher] Sylveon\n|upkeep\n|turn|6\n|\n|t:|1776582455\n|move|p1b: Garchomp|Dragon Claw|p2a: Rotom\n|-damage|p2a: Rotom|35/100\n|-enditem|p2a: Rotom|Sitrus Berry|[eat]\n|-heal|p2a: Rotom|60/100|[from] item: Sitrus Berry\n|move|p2a: Rotom|Overheat|p1b: Garchomp\n|-resisted|p1b: Garchomp|1\n|-damage|p1b: Garchomp|28/100\n|-unboost|p2a: Rotom|spa|2\n|move|p1a: Sylveon|Shadow Ball|p2a: Rotom\n|-damage|p2a: Rotom|37/100\n|\n|upkeep\n|turn|7\n|\n|t:|1776582473\n|switch|p1b: Gengar|Gengar-Mega, L50, M|83/100\n|move|p2a: Rotom|Overheat|p1b: Gengar\n|-damage|p1b: Gengar|67/100\n|move|p1a: Sylveon|Shadow Ball|p2a: Rotom\n|-damage|p2a: Rotom|16/100\n|\n|upkeep\n|turn|8\n|\n|t:|1776582490\n|move|p1b: Gengar|Shadow Ball|p2a: Rotom\n|-damage|p2a: Rotom|0 fnt\n|faint|p2a: Rotom\n|\n|win|cartergay1\n|l|\u2606xenoliege\n|player|p2|\n",
  "uploadtime": 1776582525,
  "views": 19,
  "formatid": "gen9championsvgc2026regma",
  "rating": null,
  "private": 0,
  "password": null
}