{
  "id": "gen9championsvgc2026regma-2583046575",
  "format": "[Gen 9 Champions] VGC 2026 Reg M-A",
  "players": [
    "02xygen_",
    "kuanyou"
  ],
  "log": "|j|\u260602xygen_\n|j|\u2606kuanyou\n|t:|1776136374\n|gametype|doubles\n|player|p1|02xygen_|265|1302\n|player|p2|kuanyou|266|1223\n|gen|9\n|tier|[Gen 9 Champions] VGC 2026 Reg M-A\n|rated|\n|rule|Species Clause: Limit one of each Pok\u00e9mon\n|rule|Item Clause: Limit 1 of each item\n|clearpoke\n|poke|p1|Incineroar, L50, F|\n|poke|p1|Oranguru, L50, F|\n|poke|p1|Crabominable, L50, M|\n|poke|p1|Pelipper, L50, F|\n|poke|p1|Basculegion, L50, M|\n|poke|p1|Dragonite, L50, M|\n|poke|p2|Scovillain, L50, F|\n|poke|p2|Sneasler, L50, M|\n|poke|p2|Primarina, L50, F|\n|poke|p2|Kingambit, L50, M|\n|poke|p2|Aerodactyl, L50, M|\n|poke|p2|Garchomp, L50, M|\n|teampreview|4\nkuanyou has agreed to open team sheets.\n|\n|t:|1776136412\n|teamsize|p1|4\n|teamsize|p2|4\n|start\n|switch|p1a: Incineroar|Incineroar, L50, F|100/100\n|switch|p1b: Oranguru|Oranguru, L50, F|100/100\n|switch|p2a: Sneasler|Sneasler, L50, M|100/100\n|switch|p2b: Primarina|Primarina, L50, F|100/100\n|-ability|p1a: Incineroar|Intimidate|boost\n|-unboost|p2a: Sneasler|atk|1\n|-unboost|p2b: Primarina|atk|1\n|-enditem|p2a: Sneasler|White Herb\n|-clearnegativeboost|p2a: Sneasler|[silent]\n|turn|1\n|\n|t:|1776136433\n|move|p2a: Sneasler|Fake Out|p1a: Incineroar\n|-damage|p1a: Incineroar|88/100\n|cant|p1a: Incineroar|flinch\n|move|p2b: Primarina|Calm Mind|p2b: Primarina\n|-boost|p2b: Primarina|spa|1\n|-boost|p2b: Primarina|spd|1\n|move|p1b: Oranguru|Trick Room|p1b: Oranguru\n|-fieldstart|move: Trick Room|[of] p1b: Oranguru\n|\n|upkeep\n|turn|2\n|\n|t:|1776136458\n|switch|p2a: Kingambit|Kingambit, L50, M|100/100\n|move|p1b: Oranguru|Psychic|p2a: Kingambit\n|-immune|p2a: Kingambit\n|move|p1a: Incineroar|Parting Shot|p2b: Primarina\n|-unboost|p2b: Primarina|atk|1\n|-unboost|p2b: Primarina|spa|1\n|\n|t:|1776136466\n|switch|p1a: Pelipper|Pelipper, L50, F|100/100|[from] Parting Shot\n|-weather|RainDance|[from] ability: Drizzle|[of] p1a: Pelipper\n|move|p2b: Primarina|Calm Mind|p2b: Primarina\n|-boost|p2b: Primarina|spa|1\n|-boost|p2b: Primarina|spd|1\n|\n|-weather|RainDance|[upkeep]\n|upkeep\n|turn|3\n|\n|t:|1776136493\n|switch|p1b: Crabominable|Crabominable, L50, M|100/100\n|move|p2a: Kingambit|Kowtow Cleave|p1a: Pelipper\n|-damage|p1a: Pelipper|30/100\n|move|p2b: Primarina|Moonblast|p1a: Pelipper\n|-damage|p1a: Pelipper|0 fnt\n|faint|p1a: Pelipper\n|\n|-weather|RainDance|[upkeep]\n|upkeep\n|\n|t:|1776136499\n|switch|p1a: Oranguru|Oranguru, L50, F|100/100\n|turn|4\n|\n|t:|1776136565\n|switch|p2a: Sneasler|Sneasler, L50, M|100/100\n|detailschange|p1b: Crabominable|Crabominable-Mega, L50, M\n|-mega|p1b: Crabominable|Crabominable|Crabominite\n|move|p2b: Primarina|Protect|p2b: Primarina\n|-singleturn|p2b: Primarina|Protect\n|move|p1b: Crabominable|Ice Hammer|p2b: Primarina\n|-activate|p2b: Primarina|move: Protect\n|move|p1a: Oranguru|Instruct|p1b: Crabominable\n|-singleturn|p1b: Crabominable|move: Instruct|[of] p1a: Oranguru\n|move|p1b: Crabominable|Ice Hammer|p2b: Primarina\n|-activate|p2b: Primarina|move: Protect\n|\n|-weather|RainDance|[upkeep]\n|upkeep\n|turn|5\n|\n|t:|1776136586\n|move|p2a: Sneasler|Fake Out|p1b: Crabominable\n|-damage|p1b: Crabominable|89/100\n|cant|p1b: Crabominable|flinch\n|move|p1a: Oranguru|Psychic|p2a: Sneasler\n|-supereffective|p2a: Sneasler|2\n|-damage|p2a: Sneasler|0 fnt\n|faint|p2a: Sneasler\n|move|p2b: Primarina|Hyper Voice|p1a: Oranguru|[spread] p1a,p1b\n|-crit|p1b: Crabominable\n|-damage|p1a: Oranguru|49/100\n|-damage|p1b: Crabominable|0 fnt\n|faint|p1b: Crabominable\n|\n|-weather|RainDance|[upkeep]\n|-fieldend|move: Trick Room\n|upkeep\n|\n|t:|1776136601\n|switch|p2a: Scovillain|Scovillain, L50, F|100/100\n|switch|p1b: Incineroar|Incineroar, L50, F|88/100\n|-ability|p1b: Incineroar|Intimidate|boost\n|-unboost|p2a: Scovillain|atk|1\n|-unboost|p2b: Primarina|atk|1\n|turn|6\n|\n|t:|1776136617\n|move|p2a: Scovillain|Protect|p2a: Scovillain\n|-singleturn|p2a: Scovillain|Protect\n|move|p1b: Incineroar|Fake Out|p2b: Primarina\n|-damage|p2b: Primarina|86/100\n|cant|p2b: Primarina|flinch\n|move|p1a: Oranguru|Trick Room|p1a: Oranguru\n|-fieldstart|move: Trick Room|[of] p1a: Oranguru\n|\n|-weather|none\n|-heal|p2b: Primarina|91/100|[from] item: Leftovers\n|-ability|p2a: Scovillain|Moody|boost\n|-boost|p2a: Scovillain|spe|2\n|-unboost|p2a: Scovillain|atk|1\n|upkeep\n|turn|7\n|\n|t:|1776136638\n|detailschange|p2a: Scovillain|Scovillain-Mega, L50, F\n|-mega|p2a: Scovillain|Scovillain|Scovillainite\n|move|p1a: Oranguru|Psychic|p2b: Primarina\n|-damage|p2b: Primarina|78/100\n|move|p1b: Incineroar|Flare Blitz|p2b: Primarina\n|-resisted|p2b: Primarina|1\n|-damage|p2b: Primarina|45/100\n|-damage|p1b: Incineroar|78/100|[from] Recoil\n|move|p2b: Primarina|Hyper Voice|p1b: Incineroar|[spread] p1a,p1b\n|-supereffective|p1b: Incineroar|1\n|-damage|p1a: Oranguru|13/100\n|-damage|p1b: Incineroar|0 fnt\n|faint|p1b: Incineroar\n|move|p2a: Scovillain|Leech Seed|p1a: Oranguru\n|-start|p1a: Oranguru|move: Leech Seed\n|\n|-heal|p2b: Primarina|51/100|[from] item: Leftovers\n|-damage|p1a: Oranguru|1/100|[from] Leech Seed|[of] p2a: Scovillain\n|upkeep\n|turn|8\n|-message|02xygen_ forfeited.\n|\n|win|kuanyou\n|raw|02xygen_'s rating: 1302 &rarr; <strong>1278</strong><br />(-24 for losing)\n|raw|kuanyou's rating: 1223 &rarr; <strong>1254</strong><br />(+31 for winning)\n",
  "uploadtime": 1776136648,
  "views": 21,
  "formatid": "gen9championsvgc2026regma",
  "rating": 1254,
  "private": 0,
  "password": null
}