{
  "id": "gen9championsvgc2026regma-2584188376",
  "format": "[Gen 9 Champions] VGC 2026 Reg M-A",
  "players": [
    "pokemonyoyoplayer",
    "The Hang Dude"
  ],
  "log": "|j|\u2606pokemonyoyoplayer\n|j|\u203dThe Hang Dude\n|t:|1776235984\n|gametype|doubles\n|player|p1|pokemonyoyoplayer|170|1429\n|player|p2|The Hang Dude|1|1432\n|gen|9\n|tier|[Gen 9 Champions] VGC 2026 Reg M-A\n|rated|\n|rule|Species Clause: Limit one of each Pok\u00e9mon\n|rule|Item Clause: Limit 1 of each item\n|clearpoke\n|poke|p1|Sneasler, L50, F|\n|poke|p1|Kingambit, L50, F|\n|poke|p1|Aerodactyl, L50, M|\n|poke|p1|Gardevoir, L50, M|\n|poke|p1|Incineroar, L50, F|\n|poke|p1|Sinistcha, L50|\n|poke|p2|Charizard, L50, F|\n|poke|p2|Venusaur, L50, M|\n|poke|p2|Sneasler, L50, F|\n|poke|p2|Incineroar, L50, M|\n|poke|p2|Garchomp, L50, M|\n|poke|p2|Rotom-Wash, L50|\n|teampreview|4\n|inactive|Battle timer is ON: inactive players will automatically lose when time's up. (requested by The Hang Dude)\n|inactive|pokemonyoyoplayer has 60 seconds left.\n|\n|t:|1776236024\n|teamsize|p1|4\n|teamsize|p2|4\n|start\n|switch|p1a: Sneasler|Sneasler, L50, F|100/100\n|switch|p1b: Aerodactyl|Aerodactyl, L50, M|100/100\n|switch|p2a: Garchomp|Garchomp, L50, M|100/100\n|switch|p2b: Rotom|Rotom-Wash, L50|100/100\n|-ability|p1b: Aerodactyl|Unnerve\n|turn|1\n|\n|t:|1776236048\n|move|p1a: Sneasler|Fake Out|p2b: Rotom\n|-damage|p2b: Rotom|86/100\n|move|p2a: Garchomp|Rock Slide|p1a: Sneasler|[spread] p1a,p1b\n|-resisted|p1a: Sneasler|1\n|-supereffective|p1b: Aerodactyl|1\n|-damage|p1a: Sneasler|81/100\n|-damage|p1b: Aerodactyl|36/100\n|move|p1b: Aerodactyl|Rock Slide|p2b: Rotom|[spread] p2a,p2b\n|-resisted|p2a: Garchomp|1\n|-crit|p2b: Rotom\n|-damage|p2a: Garchomp|90/100\n|-damage|p2b: Rotom|56/100\n|cant|p2b: Rotom|flinch\n|\n|upkeep\n|turn|2\n|inactive|pokemonyoyoplayer has 30 seconds left.\n|\n|t:|1776236079\n|switch|p1b: Kingambit|Kingambit, L50, F|100/100\n|move|p2a: Garchomp|Rock Slide|p1b: Kingambit|[spread] p1a,p1b\n|-resisted|p1a: Sneasler|1\n|-resisted|p1b: Kingambit|1\n|-damage|p1a: Sneasler|61/100\n|-damage|p1b: Kingambit|92/100\n|move|p1a: Sneasler|Close Combat|p2a: Garchomp\n|-damage|p2a: Garchomp|24/100\n|-unboost|p1a: Sneasler|def|1\n|-unboost|p1a: Sneasler|spd|1\n|-damage|p1a: Sneasler|49/100|[from] ability: Rough Skin|[of] p2a: Garchomp\n|-enditem|p1a: Sneasler|White Herb\n|-clearnegativeboost|p1a: Sneasler|[silent]\n|move|p2b: Rotom|Will-O-Wisp|p1a: Sneasler\n|-status|p1a: Sneasler|brn\n|\n|-damage|p1a: Sneasler|43/100 brn|[from] brn\n|upkeep\n|turn|3\n|inactive|pokemonyoyoplayer has 30 seconds left.\n|inactive|The Hang Dude has 30 seconds left.\n|\n|t:|1776236111\n|switch|p2a: Venusaur|Venusaur, L50, M, shiny|100/100\n|move|p1a: Sneasler|Dire Claw|p2b: Rotom\n|-damage|p2b: Rotom|37/100\n|-enditem|p2b: Rotom|Sitrus Berry|[eat]\n|-heal|p2b: Rotom|62/100|[from] item: Sitrus Berry\n|move|p2b: Rotom|Volt Switch|p1a: Sneasler\n|-damage|p1a: Sneasler|8/100 brn\n|\n|t:|1776236128\n|switch|p2b: Charizard|Charizard, L50, F, shiny|100/100|[from] Volt Switch\n|move|p1b: Kingambit|Kowtow Cleave|p2a: Venusaur\n|-damage|p2a: Venusaur|16/100\n|\n|-damage|p1a: Sneasler|2/100 brn|[from] brn\n|upkeep\n|turn|4\n|inactive|pokemonyoyoplayer has 30 seconds left.\n|\n|t:|1776236157\n|move|p2b: Charizard|Protect|p2b: Charizard\n|-singleturn|p2b: Charizard|Protect\n|move|p2a: Venusaur|Protect|p2a: Venusaur\n|-singleturn|p2a: Venusaur|Protect\n|move|p1b: Kingambit|Sucker Punch||[still]\n|-fail|p1b: Kingambit\n|move|p1a: Sneasler|Dire Claw|p2a: Venusaur\n|-activate|p2a: Venusaur|move: Protect\n|\n|-damage|p1a: Sneasler|0 fnt|[from] brn\n|faint|p1a: Sneasler\n|upkeep\n|\n|t:|1776236164\n|switch|p1a: Aerodactyl|Aerodactyl, L50, M|36/100\n|-ability|p1a: Aerodactyl|Unnerve\n|turn|5\n|inactive|The Hang Dude has 30 seconds left.\n|inactive|pokemonyoyoplayer has 30 seconds left.\n|inactive|pokemonyoyoplayer has 20 seconds left.\n|\n|t:|1776236204\n|detailschange|p2b: Charizard|Charizard-Mega-Y, L50, F, shiny\n|-mega|p2b: Charizard|Charizard|Charizardite Y\n|-weather|SunnyDay|[from] ability: Drought|[of] p2b: Charizard\n|move|p1b: Kingambit|Protect|p1b: Kingambit\n|-singleturn|p1b: Kingambit|Protect\n|move|p2a: Venusaur|Sleep Powder|p1a: Aerodactyl\n|-status|p1a: Aerodactyl|slp|[from] move: Sleep Powder\n|cant|p1a: Aerodactyl|slp\n|move|p2b: Charizard|Heat Wave|p1a: Aerodactyl|[spread] \n|-activate|p1b: Kingambit|move: Protect\n|-miss|p2b: Charizard|p1a: Aerodactyl\n|\n|-weather|SunnyDay|[upkeep]\n|upkeep\n|turn|6\n|inactive|pokemonyoyoplayer has 30 seconds left.\n|\n|t:|1776236236\n|move|p2a: Venusaur|Protect|p2a: Venusaur\n|-singleturn|p2a: Venusaur|Protect\n|move|p1b: Kingambit|Sucker Punch||[still]\n|-fail|p1b: Kingambit\n|cant|p1a: Aerodactyl|slp\n|move|p2b: Charizard|Heat Wave|p1b: Kingambit|[spread] p1a,p1b\n|-resisted|p1a: Aerodactyl|1\n|-supereffective|p1b: Kingambit|1\n|-damage|p1a: Aerodactyl|0 fnt\n|-damage|p1b: Kingambit|0 fnt\n|faint|p1a: Aerodactyl\n|faint|p1b: Kingambit\n|\n|-weather|SunnyDay|[upkeep]\n|upkeep\n|\n|t:|1776236249\n|switch|p1b: Gardevoir|Gardevoir, L50, M|100/100\n|-ability|p1b: Gardevoir|Chlorophyll|Trace|[from] ability: Trace|[of] p2a: Venusaur\n|turn|7\n|\n|t:|1776236257\n|detailschange|p1b: Gardevoir|Gardevoir-Mega, L50, M\n|-mega|p1b: Gardevoir|Gardevoir|Gardevoirite\n|move|p2a: Venusaur|Sludge Bomb|p1b: Gardevoir\n|-supereffective|p1b: Gardevoir|1\n|-damage|p1b: Gardevoir|29/100\n|move|p2b: Charizard|Weather Ball|p1b: Gardevoir\n|-damage|p1b: Gardevoir|0 fnt\n|faint|p1b: Gardevoir\n|\n|win|The Hang Dude\n|raw|pokemonyoyoplayer's rating: 1429 &rarr; <strong>1409</strong><br />(-20 for losing)\n|raw|The Hang Dude's rating: 1432 &rarr; <strong>1452</strong><br />(+20 for winning)\n",
  "uploadtime": 1776236267,
  "views": 37,
  "formatid": "gen9championsvgc2026regma",
  "rating": 1409,
  "private": 0,
  "password": null
}