{
  "id": "gen9championsvgc2026regma-2583724471",
  "format": "[Gen 9 Champions] VGC 2026 Reg M-A",
  "players": [
    "miguelon611",
    "chaarlyyyyy"
  ],
  "log": "|j|\u2606miguelon611\n|j|\u2606chaarlyyyyy\n|t:|1776193396\n|gametype|doubles\n|player|p1|miguelon611|1|1199\n|player|p2|chaarlyyyyy|170|1178\n|gen|9\n|tier|[Gen 9 Champions] VGC 2026 Reg M-A\n|rated|\n|rule|Species Clause: Limit one of each Pok\u00e9mon\n|rule|Item Clause: Limit 1 of each item\n|clearpoke\n|poke|p1|Garchomp, L50, F|\n|poke|p1|Floette-Eternal, L50, F|\n|poke|p1|Aerodactyl, L50, M|\n|poke|p1|Incineroar, L50, M|\n|poke|p1|Sneasler, L50, M|\n|poke|p1|Rotom-Wash, L50|\n|poke|p2|Skarmory, L50, M|\n|poke|p2|Sinistcha, L50|\n|poke|p2|Politoed, L50, M|\n|poke|p2|Basculegion, L50, M|\n|poke|p2|Venusaur, L50, F|\n|poke|p2|Sneasler, L50, M|\n|teampreview|4\n|inactive|Battle timer is ON: inactive players will automatically lose when time's up. (requested by chaarlyyyyy)\n|\n|t:|1776193436\n|teamsize|p1|4\n|teamsize|p2|4\n|start\n|switch|p1a: Incineroar|Incineroar, L50, M|100/100\n|switch|p1b: Aerodactyl|Aerodactyl, L50, M|100/100\n|switch|p2a: Sneasler|Sneasler, L50, M|100/100\n|switch|p2b: Skarmory|Skarmory, L50, M|100/100\n|-ability|p1b: Aerodactyl|Unnerve\n|-ability|p1a: Incineroar|Intimidate|boost\n|-unboost|p2a: Sneasler|atk|1\n|-unboost|p2b: Skarmory|atk|1\n|-enditem|p2a: Sneasler|White Herb\n|-clearnegativeboost|p2a: Sneasler|[silent]\n|turn|1\n|inactive|chaarlyyyyy has 30 seconds left.\n|inactive|chaarlyyyyy has 20 seconds left.\n|\n|t:|1776193472\n|move|p2a: Sneasler|Fake Out|p1b: Aerodactyl\n|-resisted|p1b: Aerodactyl|1\n|-damage|p1b: Aerodactyl|87/100\n|cant|p1b: Aerodactyl|flinch\n|move|p2b: Skarmory|Tailwind|p2b: Skarmory\n|-sidestart|p2: chaarlyyyyy|move: Tailwind\n|move|p1a: Incineroar|Flare Blitz|p2b: Skarmory\n|-supereffective|p2b: Skarmory|1\n|-damage|p2b: Skarmory|13/100\n|-damage|p1a: Incineroar|79/100|[from] Recoil\n|\n|upkeep\n|turn|2\n|inactive|miguelon611 has 30 seconds left.\n|\n|t:|1776193503\n|switch|p1a: Sneasler|Sneasler, L50, M|100/100\n|move|p2a: Sneasler|Close Combat|p1a: Sneasler\n|-resisted|p1a: Sneasler|1\n|-damage|p1a: Sneasler|41/100\n|-unboost|p2a: Sneasler|def|1\n|-unboost|p2a: Sneasler|spd|1\n|move|p2b: Skarmory|Iron Head|p1b: Aerodactyl\n|-supereffective|p1b: Aerodactyl|1\n|-damage|p1b: Aerodactyl|26/100\n|move|p1b: Aerodactyl|Dual Wingbeat|p2a: Sneasler\n|-supereffective|p2a: Sneasler|1\n|-damage|p2a: Sneasler|13/100\n|-supereffective|p2a: Sneasler|1\n|-damage|p2a: Sneasler|0 fnt\n|faint|p2a: Sneasler\n|-hitcount|p2: Sneasler|2\n|\n|upkeep\n|\n|t:|1776193516\n|switch|p2a: Basculegion|Basculegion, L50, M|100/100\n|turn|3\n|\n|t:|1776193539\n|switch|p2b: Sinistcha|Sinistcha, L50|100/100\n|move|p1b: Aerodactyl|Protect|p1b: Aerodactyl\n|-singleturn|p1b: Aerodactyl|Protect\n|move|p1a: Sneasler|Fake Out|p2b: Sinistcha\n|-immune|p2b: Sinistcha\n|move|p2a: Basculegion|Flip Turn|p1b: Aerodactyl\n|-activate|p1b: Aerodactyl|move: Protect\n|\n|upkeep\n|turn|4\n|inactive|miguelon611 has 30 seconds left.\n|\n|t:|1776193565\n|switch|p1b: Incineroar|Incineroar, L50, M|79/100\n|-ability|p1b: Incineroar|Intimidate|boost\n|-unboost|p2a: Basculegion|atk|1\n|-unboost|p2b: Sinistcha|atk|1\n|move|p2a: Basculegion|Flip Turn|p1a: Sneasler\n|-damage|p1a: Sneasler|0 fnt\n|faint|p1a: Sneasler\n|\n|t:|1776193569\n|switch|p2a: Skarmory|Skarmory, L50, M|13/100|[from] Flip Turn\n|move|p2b: Sinistcha|Matcha Gotcha|p1b: Incineroar\n|-resisted|p1b: Incineroar|1\n|-damage|p1b: Incineroar|67/100\n|\n|-sideend|p2: chaarlyyyyy|move: Tailwind\n|upkeep\n|\n|t:|1776193583\n|switch|p1a: Aerodactyl|Aerodactyl, L50, M|26/100\n|-ability|p1a: Aerodactyl|Unnerve\n|turn|5\n|\n|t:|1776193598\n|detailschange|p2a: Skarmory|Skarmory-Mega, L50, M\n|-mega|p2a: Skarmory|Skarmory|Skarmorite\n|move|p1a: Aerodactyl|Rock Slide|p2a: Skarmory|[spread] p2a,p2b\n|-crit|p2b: Sinistcha\n|-damage|p2a: Skarmory|0 fnt\n|-damage|p2b: Sinistcha|65/100\n|faint|p2a: Skarmory\n|move|p2b: Sinistcha|Matcha Gotcha|p1b: Incineroar|[spread] p1a,p1b\n|-resisted|p1b: Incineroar|1\n|-damage|p1a: Aerodactyl|0 fnt\n|-heal|p2b: Sinistcha|76/100|[from] drain|[of] p1a: Aerodactyl\n|-damage|p1b: Incineroar|57/100\n|-heal|p2b: Sinistcha|81/100|[from] drain|[of] p1b: Incineroar\n|faint|p1a: Aerodactyl\n|move|p1b: Incineroar|Darkest Lariat|p2b: Sinistcha\n|-supereffective|p2b: Sinistcha|1\n|-damage|p2b: Sinistcha|21/100\n|-enditem|p2b: Sinistcha|Sitrus Berry|[eat]\n|-heal|p2b: Sinistcha|45/100|[from] item: Sitrus Berry\n|\n|upkeep\n|\n|t:|1776193614\n|switch|p1a: Rotom|Rotom-Wash, L50|100/100\n|switch|p2a: Basculegion|Basculegion, L50, M|100/100\n|turn|6\n|inactive|miguelon611 has 30 seconds left.\n|\n|t:|1776193642\n|move|p2b: Sinistcha|Rage Powder|p2b: Sinistcha\n|-singleturn|p2b: Sinistcha|move: Rage Powder\n|move|p1a: Rotom|Electroweb|p2b: Sinistcha|[spread] p2a,p2b\n|-supereffective|p2a: Basculegion|1\n|-resisted|p2b: Sinistcha|1\n|-damage|p2a: Basculegion|64/100\n|-damage|p2b: Sinistcha|39/100\n|-unboost|p2a: Basculegion|spe|1\n|-unboost|p2b: Sinistcha|spe|1\n|move|p2a: Basculegion|Last Respects|p1a: Rotom\n|-damage|p1a: Rotom|6/100\n|move|p1b: Incineroar|Flare Blitz|p2b: Sinistcha\n|-supereffective|p2b: Sinistcha|1\n|-damage|p2b: Sinistcha|0 fnt\n|faint|p2b: Sinistcha\n|-damage|p1b: Incineroar|46/100|[from] Recoil\n|-enditem|p1b: Incineroar|Sitrus Berry|[eat]\n|-heal|p1b: Incineroar|71/100|[from] item: Sitrus Berry\n|\n|upkeep\n|turn|7\n|\n|t:|1776193657\n|move|p1a: Rotom|Electroweb|p2a: Basculegion\n|-supereffective|p2a: Basculegion|1\n|-damage|p2a: Basculegion|11/100\n|-unboost|p2a: Basculegion|spe|1\n|move|p2a: Basculegion|Last Respects|p1a: Rotom\n|-damage|p1a: Rotom|0 fnt\n|faint|p1a: Rotom\n|move|p1b: Incineroar|Darkest Lariat|p2a: Basculegion\n|-supereffective|p2a: Basculegion|1\n|-damage|p2a: Basculegion|0 fnt\n|faint|p2a: Basculegion\n|\n|win|miguelon611\n|raw|miguelon611's rating: 1199 &rarr; <strong>1222</strong><br />(+23 for winning)\n|raw|chaarlyyyyy's rating: 1178 &rarr; <strong>1155</strong><br />(-23 for losing)\n|l|\u2606chaarlyyyyy\n|player|p2|\n",
  "uploadtime": 1776193672,
  "views": 36,
  "formatid": "gen9championsvgc2026regma",
  "rating": 1155,
  "private": 0,
  "password": null
}