{
  "id": "gen9championsvgc2026regma-2584908286",
  "format": "[Gen 9 Champions] VGC 2026 Reg M-A",
  "players": [
    "callmerandy",
    "toxmyself"
  ],
  "log": "|j|\u2606callmerandy\n|j|\u2606toxmyself\n|t:|1776293509\n|gametype|doubles\n|player|p1|callmerandy|2|1151\n|player|p2|toxmyself|norman|1247\n|gen|9\n|tier|[Gen 9 Champions] VGC 2026 Reg M-A\n|rated|\n|rule|Species Clause: Limit one of each Pok\u00e9mon\n|rule|Item Clause: Limit 1 of each item\n|clearpoke\n|poke|p1|Floette-Eternal, L50, F|\n|poke|p1|Aerodactyl, L50, F|\n|poke|p1|Delphox, L50, F|\n|poke|p1|Garchomp, L50, M|\n|poke|p1|Maushold, L50|\n|poke|p1|Incineroar, L50, F|\n|poke|p2|Charizard, L50, F|\n|poke|p2|Venusaur, L50, F|\n|poke|p2|Incineroar, L50, M|\n|poke|p2|Gardevoir, L50, F|\n|poke|p2|Milotic, L50, M|\n|poke|p2|Sableye, L50, M|\n|teampreview|4\n|inactive|Battle timer is ON: inactive players will automatically lose when time's up. (requested by toxmyself)\n|inactive|callmerandy has 60 seconds left.\n|\n|t:|1776293562\n|teamsize|p1|4\n|teamsize|p2|4\n|start\n|switch|p1a: Aerodactyl|Aerodactyl, L50, F|100/100\n|switch|p1b: Floette|Floette-Eternal, L50, F|100/100\n|switch|p2a: Sableye|Sableye, L50, M|100/100\n|switch|p2b: Gardevoir|Gardevoir, L50, F|100/100\n|-ability|p1a: Aerodactyl|Unnerve\n|turn|1\n|inactive|callmerandy has 30 seconds left.\n|inactive|toxmyself has 30 seconds left.\n|\n|t:|1776293592\n|move|p1b: Floette|Protect|p1b: Floette\n|-singleturn|p1b: Floette|Protect\n|move|p2a: Sableye|Fake Out|p1b: Floette\n|-activate|p1b: Floette|move: Protect\n|move|p2b: Gardevoir|Moonblast|p1b: Floette\n|-activate|p1b: Floette|move: Protect\n|move|p1a: Aerodactyl|Rock Slide|p2b: Gardevoir|[spread] p2a,p2b\n|-crit|p2b: Gardevoir\n|-damage|p2a: Sableye|64/100\n|-damage|p2b: Gardevoir|40/100\n|\n|upkeep\n|turn|2\n|inactive|callmerandy has 30 seconds left.\n|inactive|callmerandy has 20 seconds left.\n|\n|t:|1776293632\n|detailschange|p1b: Floette|Floette-Mega, L50, F\n|-mega|p1b: Floette|Floette|Floettite\n|-ability|p1b: Floette|Fairy Aura\n|move|p2a: Sableye|Will-O-Wisp|p1a: Aerodactyl\n|-status|p1a: Aerodactyl|brn\n|move|p2b: Gardevoir|Moonblast|p1b: Floette\n|-damage|p1b: Floette|55/100\n|move|p1a: Aerodactyl|Tailwind|p1a: Aerodactyl\n|-sidestart|p1: callmerandy|move: Tailwind\n|move|p1b: Floette|Dazzling Gleam|p2b: Gardevoir|[spread] p2a,p2b\n|-supereffective|p2a: Sableye|1\n|-damage|p2a: Sableye|0 fnt\n|-damage|p2b: Gardevoir|0 fnt\n|faint|p2a: Sableye\n|faint|p2b: Gardevoir\n|\n|-damage|p1a: Aerodactyl|95/100 brn|[from] brn\n|upkeep\n|\n|t:|1776293644\n|switch|p2b: Venusaur|Venusaur, L50, F|100/100\n|switch|p2a: Milotic|Milotic, L50, M|100/100\n|turn|3\n|inactive|callmerandy has 30 seconds left.\n|\n|t:|1776293675\n|move|p1b: Floette|Protect|p1b: Floette\n|-singleturn|p1b: Floette|Protect\n|move|p1a: Aerodactyl|Dual Wingbeat|p2b: Venusaur\n|-supereffective|p2b: Venusaur|1\n|-damage|p2b: Venusaur|77/100\n|-supereffective|p2b: Venusaur|1\n|-damage|p2b: Venusaur|50/100\n|-hitcount|p2b: Venusaur|2\n|move|p2b: Venusaur|Sludge Bomb|p1b: Floette\n|-activate|p1b: Floette|move: Protect\n|move|p2a: Milotic|Scald|p1a: Aerodactyl\n|-supereffective|p1a: Aerodactyl|1\n|-damage|p1a: Aerodactyl|0 fnt\n|faint|p1a: Aerodactyl\n|\n|upkeep\n|\n|t:|1776293690\n|switch|p1a: Maushold|Maushold, L50|100/100\n|turn|4\n|\n|t:|1776293701\n|move|p1a: Maushold|Follow Me|p1a: Maushold\n|-singleturn|p1a: Maushold|move: Follow Me\n|move|p1b: Floette|Calm Mind|p1b: Floette\n|-boost|p1b: Floette|spa|1\n|-boost|p1b: Floette|spd|1\n|move|p2b: Venusaur|Sleep Powder|p1a: Maushold\n|-status|p1a: Maushold|slp|[from] move: Sleep Powder\n|move|p2a: Milotic|Life Dew||[still]|[spread] p2a,p2b\n|-fail|p2a: Milotic|heal\n|-heal|p2b: Venusaur|75/100\n|\n|upkeep\n|turn|5\n|\n|t:|1776293723\n|move|p1b: Floette|Protect|p1b: Floette\n|-singleturn|p1b: Floette|Protect\n|cant|p1a: Maushold|slp\n|move|p2b: Venusaur|Sludge Bomb|p1b: Floette\n|-activate|p1b: Floette|move: Protect\n|move|p2a: Milotic|Scald|p1b: Floette\n|-activate|p1b: Floette|move: Protect\n|\n|-sideend|p1: callmerandy|move: Tailwind\n|upkeep\n|turn|6\n|inactive|callmerandy has 30 seconds left.\n|inactive|callmerandy has 20 seconds left.\n|inactive|callmerandy has 15 seconds left.\n|inactive|callmerandy has 10 seconds left.\n|\n|t:|1776293772\n|cant|p1a: Maushold|slp\n|move|p1b: Floette|Dazzling Gleam|p2b: Venusaur|[spread] p2a,p2b\n|-resisted|p2b: Venusaur|1\n|-damage|p2a: Milotic|47/100\n|-damage|p2b: Venusaur|39/100\n|move|p2b: Venusaur|Sludge Bomb|p1b: Floette\n|-supereffective|p1b: Floette|1\n|-damage|p1b: Floette|24/100\n|-status|p1b: Floette|psn\n|move|p2a: Milotic|Scald|p1b: Floette\n|-damage|p1b: Floette|14/100 psn\n|\n|-heal|p2a: Milotic|53/100|[from] item: Leftovers\n|-damage|p1b: Floette|2/100 psn|[from] psn\n|upkeep\n|turn|7\n|\n|t:|1776293793\n|move|p2b: Venusaur|Protect|p2b: Venusaur\n|-singleturn|p2b: Venusaur|Protect\n|move|p2a: Milotic|Protect|p2a: Milotic\n|-singleturn|p2a: Milotic|Protect\n|-curestatus|p1a: Maushold|slp|[msg]\n|move|p1a: Maushold|Taunt|p2a: Milotic\n|-activate|p2a: Milotic|move: Protect\n|move|p1b: Floette|Dazzling Gleam|p2a: Milotic|[spread] \n|-activate|p2a: Milotic|move: Protect\n|-activate|p2b: Venusaur|move: Protect\n|\n|-heal|p2a: Milotic|59/100|[from] item: Leftovers\n|-damage|p1b: Floette|0 fnt|[from] psn\n|faint|p1b: Floette\n|upkeep\n|\n|t:|1776293811\n|switch|p1b: Incineroar|Incineroar, L50, F|100/100\n|-ability|p1b: Incineroar|Intimidate|boost\n|-unboost|p2a: Milotic|atk|1\n|-ability|p2a: Milotic|Competitive|boost\n|-boost|p2a: Milotic|spa|2\n|-unboost|p2b: Venusaur|atk|1\n|turn|8\n|\n|t:|1776293836\n|move|p1a: Maushold|Taunt|p2a: Milotic\n|-start|p2a: Milotic|move: Taunt\n|move|p2b: Venusaur|Sleep Powder|p1a: Maushold\n|-status|p1a: Maushold|slp|[from] move: Sleep Powder\n|move|p2a: Milotic|Scald|p1b: Incineroar\n|-supereffective|p1b: Incineroar|1\n|-damage|p1b: Incineroar|31/100\n|-enditem|p1b: Incineroar|Sitrus Berry|[eat]\n|-heal|p1b: Incineroar|55/100|[from] item: Sitrus Berry\n|move|p1b: Incineroar|Flare Blitz|p2b: Venusaur\n|-supereffective|p2b: Venusaur|1\n|-damage|p2b: Venusaur|0 fnt\n|faint|p2b: Venusaur\n|-damage|p1b: Incineroar|46/100|[from] Recoil\n|\n|-heal|p2a: Milotic|66/100|[from] item: Leftovers\n|upkeep\n|turn|9\n|inactive|callmerandy has 30 seconds left.\n|\n|t:|1776293863\n|cant|p1a: Maushold|slp\n|move|p2a: Milotic|Scald|p1b: Incineroar\n|-supereffective|p1b: Incineroar|1\n|-damage|p1b: Incineroar|0 fnt\n|faint|p1b: Incineroar\n|\n|-heal|p2a: Milotic|72/100|[from] item: Leftovers\n|upkeep\n|turn|10\n|-message|callmerandy forfeited.\n|\n|win|toxmyself\n|raw|callmerandy's rating: 1151 &rarr; <strong>1133</strong><br />(-18 for losing)\n|raw|toxmyself's rating: 1247 &rarr; <strong>1265</strong><br />(+18 for winning)\n",
  "uploadtime": 1776293875,
  "views": 18,
  "formatid": "gen9championsvgc2026regma",
  "rating": 1133,
  "private": 0,
  "password": null
}