{
  "id": "gen9championsvgc2026regma-2587412279",
  "format": "[Gen 9 Champions] VGC 2026 Reg M-A",
  "players": [
    "winbigga",
    "Chinchilla22"
  ],
  "log": "|j|\u2606winbigga\n|j|\u2606Chinchilla22\n|t:|1776529662\n|gametype|doubles\n|player|p1|winbigga|102|1088\n|player|p2|Chinchilla22|lucas|1170\n|gen|9\n|tier|[Gen 9 Champions] VGC 2026 Reg M-A\n|rated|\n|rule|Species Clause: Limit one of each Pok\u00e9mon\n|rule|Item Clause: Limit 1 of each item\n|clearpoke\n|poke|p1|Charizard, L50, M, shiny|\n|poke|p1|Incineroar, L50, M, shiny|\n|poke|p1|Whimsicott, L50, M|\n|poke|p1|Archaludon, L50, F|\n|poke|p1|Sneasler, L50, M|\n|poke|p1|Garchomp, L50, F|\n|poke|p2|Charizard, L50, M|\n|poke|p2|Kingambit, L50, M, shiny|\n|poke|p2|Incineroar, L50, M, shiny|\n|poke|p2|Floette-Eternal, L50, F|\n|poke|p2|Aerodactyl, L50, M|\n|poke|p2|Sneasler, L50, M, shiny|\n|teampreview|4\n|\n|t:|1776529704\n|teamsize|p1|4\n|teamsize|p2|4\n|start\n|switch|p1a: Archaludon|Archaludon, L50, F|100/100\n|switch|p1b: Sneasler|Sneasler, L50, M|100/100\n|switch|p2a: Incineroar|Incineroar, L50, M, shiny|100/100\n|switch|p2b: Aerodactyl|Aerodactyl, L50, M|100/100\n|-ability|p2b: Aerodactyl|Unnerve\n|-ability|p2a: Incineroar|Intimidate|boost\n|-unboost|p1a: Archaludon|atk|1\n|-unboost|p1b: Sneasler|atk|1\n|-enditem|p1b: Sneasler|White Herb\n|-clearnegativeboost|p1b: Sneasler|[silent]\n|turn|1\n|\n|t:|1776529729\n|switch|p2b: Sneasler|Sneasler, L50, M, shiny|100/100\n|move|p1b: Sneasler|Fake Out|p2b: Sneasler\n|-damage|p2b: Sneasler|77/100\n|move|p2a: Incineroar|Fake Out|p1a: Archaludon\n|-resisted|p1a: Archaludon|1\n|-damage|p1a: Archaludon|96/100\n|cant|p1a: Archaludon|flinch\n|\n|upkeep\n|turn|2\n|\n|t:|1776529759\n|move|p1a: Archaludon|Protect|p1a: Archaludon\n|-singleturn|p1a: Archaludon|Protect\n|move|p1b: Sneasler|Close Combat|p2a: Incineroar\n|-supereffective|p2a: Incineroar|1\n|-damage|p2a: Incineroar|0 fnt\n|-unboost|p1b: Sneasler|def|1\n|-unboost|p1b: Sneasler|spd|1\n|faint|p2a: Incineroar\n|move|p2b: Sneasler|Close Combat|p1a: Archaludon\n|-activate|p1a: Archaludon|move: Protect\n|\n|upkeep\n|\n|t:|1776529765\n|switch|p2a: Aerodactyl|Aerodactyl, L50, M|100/100\n|-ability|p2a: Aerodactyl|Unnerve\n|turn|3\n|\n|t:|1776529798\n|switch|p1a: Whimsicott|Whimsicott, L50, M|100/100\n|move|p1b: Sneasler|Dire Claw|p2b: Sneasler\n|-resisted|p2b: Sneasler|1\n|-damage|p2b: Sneasler|39/100\n|-status|p2b: Sneasler|slp\n|move|p2a: Aerodactyl|Dual Wingbeat|p1b: Sneasler\n|-supereffective|p1b: Sneasler|1\n|-damage|p1b: Sneasler|1/100\n|-supereffective|p1b: Sneasler|1\n|-damage|p1b: Sneasler|0 fnt\n|faint|p1b: Sneasler\n|-hitcount|p1: Sneasler|2\n|cant|p2b: Sneasler|slp\n|\n|upkeep\n|\n|t:|1776529813\n|switch|p1b: Archaludon|Archaludon, L50, F|96/100\n|turn|4\n|\n|t:|1776529828\n|move|p1a: Whimsicott|Tailwind|p1a: Whimsicott\n|-sidestart|p1: winbigga|move: Tailwind\n|move|p1b: Archaludon|Flash Cannon|p2a: Aerodactyl\n|-supereffective|p2a: Aerodactyl|1\n|-enditem|p2a: Aerodactyl|Focus Sash\n|-damage|p2a: Aerodactyl|1/100\n|-unboost|p2a: Aerodactyl|spd|1\n|move|p2a: Aerodactyl|Dual Wingbeat|p1a: Whimsicott\n|-supereffective|p1a: Whimsicott|1\n|-damage|p1a: Whimsicott|54/100\n|-supereffective|p1a: Whimsicott|1\n|-damage|p1a: Whimsicott|13/100\n|-hitcount|p1a: Whimsicott|2\n|-curestatus|p2b: Sneasler|slp|[msg]\n|move|p2b: Sneasler|Close Combat|p1b: Archaludon\n|-supereffective|p1b: Archaludon|1\n|-damage|p1b: Archaludon|0 fnt\n|-unboost|p2b: Sneasler|def|1\n|-unboost|p2b: Sneasler|spd|1\n|faint|p1b: Archaludon\n|-enditem|p2b: Sneasler|White Herb\n|-clearnegativeboost|p2b: Sneasler|[silent]\n|\n|upkeep\n|\n|t:|1776529846\n|switch|p1b: Charizard|Charizard, L50, M, shiny|100/100\n|turn|5\n|\n|t:|1776529857\n|switch|p2a: Charizard|Charizard, L50, M|100/100\n|detailschange|p1b: Charizard|Charizard-Mega-Y, L50, M, shiny\n|-mega|p1b: Charizard|Charizard|Charizardite Y\n|-weather|SunnyDay|[from] ability: Drought|[of] p1b: Charizard\n|move|p1a: Whimsicott|Protect|p1a: Whimsicott\n|-singleturn|p1a: Whimsicott|Protect\n|move|p2b: Sneasler|Protect|p2b: Sneasler\n|-singleturn|p2b: Sneasler|Protect\n|move|p1b: Charizard|Heat Wave|p2b: Sneasler|[spread] p2a\n|-activate|p2b: Sneasler|move: Protect\n|-resisted|p2a: Charizard|1\n|-damage|p2a: Charizard|55/100\n|\n|-weather|SunnyDay|[upkeep]\n|upkeep\n|turn|6\n|\n|t:|1776529875\n|detailschange|p2a: Charizard|Charizard-Mega-Y, L50, M\n|-mega|p2a: Charizard|Charizard|Charizardite Y\n|move|p1a: Whimsicott|Helping Hand|p1b: Charizard\n|-singleturn|p1b: Charizard|Helping Hand|[of] p1a: Whimsicott\n|move|p2b: Sneasler|Dire Claw|p1a: Whimsicott\n|-supereffective|p1a: Whimsicott|2\n|-damage|p1a: Whimsicott|0 fnt\n|faint|p1a: Whimsicott\n|move|p1b: Charizard|Heat Wave|p2b: Sneasler|[spread] p2a,p2b\n|-resisted|p2a: Charizard|1\n|-damage|p2a: Charizard|1/100\n|-damage|p2b: Sneasler|0 fnt\n|faint|p2b: Sneasler\n|move|p2a: Charizard|Heat Wave|p1b: Charizard\n|-resisted|p1b: Charizard|1\n|-damage|p1b: Charizard|58/100\n|\n|-weather|SunnyDay|[upkeep]\n|upkeep\n|\n|t:|1776529880\n|switch|p2b: Aerodactyl|Aerodactyl, L50, M|1/100\n|-ability|p2b: Aerodactyl|Unnerve\n|turn|7\n|\n|t:|1776529895\n|move|p2b: Aerodactyl|Protect|p2b: Aerodactyl\n|-singleturn|p2b: Aerodactyl|Protect\n|move|p2a: Charizard|Protect|p2a: Charizard\n|-singleturn|p2a: Charizard|Protect\n|move|p1b: Charizard|Heat Wave|p2b: Aerodactyl|[spread] \n|-activate|p2a: Charizard|move: Protect\n|-activate|p2b: Aerodactyl|move: Protect\n|\n|-weather|SunnyDay|[upkeep]\n|-sideend|p1: winbigga|move: Tailwind\n|upkeep\n|turn|8\n|\n|t:|1776529907\n|move|p2b: Aerodactyl|Rock Slide|p1b: Charizard\n|-supereffective|p1b: Charizard|2\n|-damage|p1b: Charizard|0 fnt\n|faint|p1b: Charizard\n|\n|win|Chinchilla22\n|raw|winbigga's rating: 1088 &rarr; <strong>1070</strong><br />(-18 for losing)\n|raw|Chinchilla22's rating: 1170 &rarr; <strong>1189</strong><br />(+19 for winning)\n|l|\u2606winbigga\n|player|p1|\n",
  "uploadtime": 1776529927,
  "views": 27,
  "formatid": "gen9championsvgc2026regma",
  "rating": 1070,
  "private": 0,
  "password": null
}