{
  "id": "gen9championsvgc2026regma-2584932130",
  "format": "[Gen 9 Champions] VGC 2026 Reg M-A",
  "players": [
    "SunTufo",
    "blackstad"
  ],
  "log": "|j|\u2606SunTufo\n|j|\u2606blackstad\n|t:|1776295710\n|gametype|doubles\n|player|p1|SunTufo|li|1176\n|player|p2|blackstad|pokemonranger-gen4|1102\n|gen|9\n|tier|[Gen 9 Champions] VGC 2026 Reg M-A\n|rated|\n|rule|Species Clause: Limit one of each Pok\u00e9mon\n|rule|Item Clause: Limit 1 of each item\n|clearpoke\n|poke|p1|Aerodactyl, L50, M|\n|poke|p1|Floette-Eternal, L50, F|\n|poke|p1|Incineroar, L50, M|\n|poke|p1|Sinistcha-Masterpiece, L50|\n|poke|p1|Palafin, L50, M|\n|poke|p1|Aegislash, L50, F|\n|poke|p2|Excadrill, L50, M|\n|poke|p2|Farigiraf, L50, F|\n|poke|p2|Pelipper, L50, M|\n|poke|p2|Aerodactyl, L50, F|\n|poke|p2|Sneasler, L50, M|\n|poke|p2|Milotic, L50, M|\n|teampreview|4\n|inactive|Battle timer is ON: inactive players will automatically lose when time's up. (requested by SunTufo)\n|inactive|blackstad has 60 seconds left.\n|\n|t:|1776295754\n|teamsize|p1|4\n|teamsize|p2|4\n|start\n|switch|p1a: Palafin|Palafin, L50, M, shiny|100/100\n|switch|p1b: Aerodactyl|Aerodactyl, L50, M, shiny|100/100\n|switch|p2a: Milotic|Milotic, L50, M|100/100\n|switch|p2b: Pelipper|Pelipper, L50, M|100/100\n|-ability|p1b: Aerodactyl|Unnerve\n|-weather|RainDance|[from] ability: Drizzle|[of] p2b: Pelipper\n|turn|1\n|\n|t:|1776295771\n|detailschange|p1a: Palafin|Palafin-Hero, L50, M, shiny\n|switch|p1a: Sinistcha|Sinistcha-Masterpiece, L50, shiny|100/100\n|move|p2b: Pelipper|Wide Guard|p2b: Pelipper\n|-singleturn|p2b: Pelipper|Wide Guard\n|move|p1b: Aerodactyl|Tailwind|p1b: Aerodactyl\n|-sidestart|p1: SunTufo|move: Tailwind\n|move|p2a: Milotic|Ice Beam|p1b: Aerodactyl\n|-supereffective|p1b: Aerodactyl|1\n|-damage|p1b: Aerodactyl|13/100\n|\n|-weather|RainDance|[upkeep]\n|upkeep\n|turn|2\n|\n|t:|1776295787\n|move|p1b: Aerodactyl|Dual Wingbeat|p2b: Pelipper\n|-damage|p2b: Pelipper|75/100\n|-damage|p2b: Pelipper|51/100\n|-hitcount|p2b: Pelipper|2\n|move|p1a: Sinistcha|Matcha Gotcha|p2b: Pelipper|[spread] p2a\n|-miss|p1a: Sinistcha|p2b: Pelipper\n|-supereffective|p2a: Milotic|1\n|-damage|p2a: Milotic|62/100\n|-status|p2a: Milotic|brn\n|move|p2a: Milotic|Ice Beam|p1a: Sinistcha\n|-supereffective|p1a: Sinistcha|1\n|-damage|p1a: Sinistcha|49/100\n|move|p2b: Pelipper|Hurricane|p1a: Sinistcha\n|-supereffective|p1a: Sinistcha|1\n|-damage|p1a: Sinistcha|0 fnt\n|faint|p1a: Sinistcha\n|\n|-weather|RainDance|[upkeep]\n|-damage|p2a: Milotic|56/100 brn|[from] brn\n|upkeep\n|\n|t:|1776295793\n|switch|p1a: Palafin|Palafin-Hero, L50, M, shiny|100/100\n|-activate|p1a: Palafin|ability: Zero to Hero\n|turn|3\n|\n|t:|1776295811\n|switch|p2b: Farigiraf|Farigiraf, L50, F|100/100\n|move|p1b: Aerodactyl|Rock Slide|p2b: Farigiraf|[spread] p2a,p2b\n|-damage|p2a: Milotic|27/100 brn\n|-damage|p2b: Farigiraf|82/100\n|move|p1a: Palafin|Wave Crash|p2a: Milotic\n|-resisted|p2a: Milotic|1\n|-damage|p2a: Milotic|0 fnt\n|faint|p2a: Milotic\n|-damage|p1a: Palafin|90/100|[from] Recoil\n|\n|-weather|RainDance|[upkeep]\n|-heal|p2b: Farigiraf|88/100|[from] item: Leftovers\n|upkeep\n|\n|t:|1776295821\n|switch|p2a: Sneasler|Sneasler, L50, M|100/100\n|-ability|p2a: Sneasler|Pressure\n|turn|4\n|\n|t:|1776295831\n|move|p1b: Aerodactyl|Protect|p1b: Aerodactyl\n|-singleturn|p1b: Aerodactyl|Protect\n|move|p2a: Sneasler|Fake Out|p1b: Aerodactyl\n|-activate|p1b: Aerodactyl|move: Protect\n|move|p1a: Palafin|Wave Crash|p2b: Farigiraf\n|-damage|p2b: Farigiraf|0 fnt\n|faint|p2b: Farigiraf\n|-damage|p1a: Palafin|53/100|[from] Recoil\n|\n|-weather|RainDance|[upkeep]\n|-sideend|p1: SunTufo|move: Tailwind\n|upkeep\n|\n|t:|1776295834\n|switch|p2b: Pelipper|Pelipper, L50, M|51/100\n|turn|5\n|\n|t:|1776295847\n|move|p2b: Pelipper|Wide Guard|p2b: Pelipper\n|-singleturn|p2b: Pelipper|Wide Guard\n|move|p1a: Palafin|Jet Punch|p2b: Pelipper\n|-resisted|p2b: Pelipper|1\n|-damage|p2b: Pelipper|3/100\n|move|p1b: Aerodactyl|Dual Wingbeat|p2b: Pelipper\n|-damage|p2b: Pelipper|0 fnt\n|faint|p2b: Pelipper\n|-hitcount|p2: Pelipper|1\n|move|p2a: Sneasler|Dire Claw|p1a: Palafin\n|-damage|p1a: Palafin|9/100\n|\n|-weather|none\n|upkeep\n|turn|6\n|\n|t:|1776295861\n|move|p1a: Palafin|Jet Punch|p2a: Sneasler\n|-damage|p2a: Sneasler|13/100\n|move|p1b: Aerodactyl|Dual Wingbeat|p2a: Sneasler\n|-supereffective|p2a: Sneasler|1\n|-damage|p2a: Sneasler|0 fnt\n|faint|p2a: Sneasler\n|-hitcount|p2: Sneasler|1\n|\n|win|SunTufo\n|raw|SunTufo's rating: 1176 &rarr; <strong>1196</strong><br />(+20 for winning)\n|raw|blackstad's rating: 1102 &rarr; <strong>1082</strong><br />(-20 for losing)\n",
  "uploadtime": 1776295861,
  "views": 16,
  "formatid": "gen9championsvgc2026regma",
  "rating": 1082,
  "private": 0,
  "password": null
}