{
  "id": "gen9championsvgc2026regma-2584930752",
  "format": "[Gen 9 Champions] VGC 2026 Reg M-A",
  "players": [
    "Mask4M",
    "RagingBerserker1"
  ],
  "log": "|j|\u2606Mask4M\n|j|\u2606RagingBerserker1\n|t:|1776295582\n|gametype|doubles\n|player|p1|Mask4M|101|1186\n|player|p2|RagingBerserker1|169|1194\n|gen|9\n|tier|[Gen 9 Champions] VGC 2026 Reg M-A\n|rated|\n|rule|Species Clause: Limit one of each Pok\u00e9mon\n|rule|Item Clause: Limit 1 of each item\n|clearpoke\n|poke|p1|Glimmora, L50, M|\n|poke|p1|Dragonite, L50, F|\n|poke|p1|Sneasler, L50, M|\n|poke|p1|Incineroar, L50, M|\n|poke|p1|Whimsicott, L50, F|\n|poke|p1|Rotom-Wash, L50|\n|poke|p2|Camerupt, L50, F|\n|poke|p2|Oranguru, L50, M|\n|poke|p2|Bastiodon, L50, F|\n|poke|p2|Corviknight, L50, F|\n|poke|p2|Ampharos, L50, M|\n|poke|p2|Pangoro, L50, F|\n|teampreview|4\n|inactive|Battle timer is ON: inactive players will automatically lose when time's up. (requested by Mask4M)\nRagingBerserker1 rejected open team sheets.\n|inactive|Mask4M has 60 seconds left.\n|\n|t:|1776295631\n|teamsize|p1|4\n|teamsize|p2|4\n|start\n|switch|p1a: Rotom|Rotom-Wash, L50|100/100\n|switch|p1b: Whimsicott|Whimsicott, L50, F|100/100\n|switch|p2a: Oranguru|Oranguru, L50, M|100/100\n|switch|p2b: Corviknight|Corviknight, L50, F|100/100\n|turn|1\n|inactive|Mask4M has 30 seconds left.\n|inactive|Mask4M has 20 seconds left.\n|inactive|Mask4M has 15 seconds left.\n|\n|t:|1776295674\n|move|p1b: Whimsicott|Taunt|p2a: Oranguru\n|-start|p2a: Oranguru|move: Taunt\n|move|p1a: Rotom|Thunderbolt|p2b: Corviknight\n|-supereffective|p2b: Corviknight|1\n|-enditem|p2b: Corviknight|Wacan Berry|[eat]\n|-enditem|p2b: Corviknight|Wacan Berry|[weaken]\n|-damage|p2b: Corviknight|61/100\n|move|p2b: Corviknight|Brave Bird|p1b: Whimsicott\n|-supereffective|p1b: Whimsicott|1\n|-enditem|p1b: Whimsicott|Focus Sash\n|-damage|p1b: Whimsicott|1/100\n|-damage|p2b: Corviknight|34/100|[from] Recoil\n|cant|p2a: Oranguru|move: Taunt|Trick Room\n|\n|upkeep\n|turn|2\n|\n|t:|1776295700\n|move|p2b: Corviknight|Protect|p2b: Corviknight\n|-singleturn|p2b: Corviknight|Protect\n|move|p1b: Whimsicott|Tailwind|p1b: Whimsicott\n|-sidestart|p1: Mask4M|move: Tailwind\n|move|p1a: Rotom|Thunderbolt|p2b: Corviknight\n|-activate|p2b: Corviknight|move: Protect\n|move|p2a: Oranguru|Psychic|p1b: Whimsicott\n|-damage|p1b: Whimsicott|0 fnt\n|faint|p1b: Whimsicott\n|\n|upkeep\n|\n|t:|1776295714\n|switch|p1b: Glimmora|Glimmora, L50, M|100/100\n|turn|3\n|\n|t:|1776295724\n|switch|p2b: Camerupt|Camerupt, L50, F|100/100\n|detailschange|p1b: Glimmora|Glimmora-Mega, L50, M\n|-mega|p1b: Glimmora|Glimmora|Glimmoranite\n|move|p1b: Glimmora|Spiky Shield|p1b: Glimmora\n|-singleturn|p1b: Glimmora|move: Protect\n|move|p1a: Rotom|Thunderbolt|p2b: Camerupt\n|-immune|p2b: Camerupt\n|move|p2a: Oranguru|Psychic|p1b: Glimmora\n|-activate|p1b: Glimmora|move: Protect\n|\n|-end|p2a: Oranguru|move: Taunt\n|upkeep\n|turn|4\n|inactive|Mask4M has 30 seconds left.\n|\n|t:|1776295750\n|detailschange|p2b: Camerupt|Camerupt-Mega, L50, F\n|-mega|p2b: Camerupt|Camerupt|Cameruptite\n|move|p2b: Camerupt|Protect|p2b: Camerupt\n|-singleturn|p2b: Camerupt|Protect\n|move|p1a: Rotom|Thunderbolt|p2a: Oranguru\n|-damage|p2a: Oranguru|76/100\n|move|p1b: Glimmora|Sludge Bomb|p2a: Oranguru\n|-damage|p2a: Oranguru|33/100\n|move|p2a: Oranguru|Trick Room|p2a: Oranguru\n|-fieldstart|move: Trick Room|[of] p2a: Oranguru\n|\n|upkeep\n|turn|5\n|inactive|RagingBerserker1 has 30 seconds left.\n|inactive|RagingBerserker1 has 20 seconds left.\n|inactive|RagingBerserker1 has 15 seconds left.\n|inactive|RagingBerserker1 has 10 seconds left.\n|\n|t:|1776295798\n|switch|p1a: Sneasler|Sneasler, L50, M|100/100\n|move|p1b: Glimmora|Spiky Shield|p1b: Glimmora\n|-singleturn|p1b: Glimmora|move: Protect\n|move|p2b: Camerupt|Eruption|p1a: Sneasler|[spread] p1a\n|-activate|p1b: Glimmora|move: Protect\n|-damage|p1a: Sneasler|13/100\n|move|p2a: Oranguru|Instruct|p2b: Camerupt\n|-singleturn|p2b: Camerupt|move: Instruct|[of] p2a: Oranguru\n|move|p2b: Camerupt|Eruption|p1a: Sneasler|[spread] p1a\n|-activate|p1b: Glimmora|move: Protect\n|-damage|p1a: Sneasler|0 fnt\n|faint|p1a: Sneasler\n|\n|-sideend|p1: Mask4M|move: Tailwind\n|upkeep\n|\n|t:|1776295814\n|switch|p1a: Rotom|Rotom-Wash, L50|100/100\n|turn|6\n|\n|t:|1776295835\n|move|p2b: Camerupt|Earth Power|p1b: Glimmora\n|-supereffective|p1b: Glimmora|2\n|-damage|p1b: Glimmora|0 fnt\n|faint|p1b: Glimmora\n|move|p2a: Oranguru|Psychic|p1a: Rotom\n|-damage|p1a: Rotom|60/100\n|move|p1a: Rotom|Hydro Pump|p2b: Camerupt\n|-supereffective|p2b: Camerupt|2\n|-crit|p2b: Camerupt\n|-damage|p2b: Camerupt|0 fnt\n|faint|p2b: Camerupt\n|\n|upkeep\n|\n|t:|1776295844\n|switch|p2b: Pangoro|Pangoro, L50, F|100/100\n|turn|7\n|\n|t:|1776295854\n|move|p2b: Pangoro|Close Combat|p1a: Rotom\n|-damage|p1a: Rotom|0 fnt\n|-unboost|p2b: Pangoro|def|1\n|-unboost|p2b: Pangoro|spd|1\n|faint|p1a: Rotom\n|\n|win|RagingBerserker1\n|raw|Mask4M's rating: 1186 &rarr; <strong>1162</strong><br />(-24 for losing)\n|raw|RagingBerserker1's rating: 1194 &rarr; <strong>1218</strong><br />(+24 for winning)\n|l|\u2606RagingBerserker1\n|player|p2|\n",
  "uploadtime": 1776295863,
  "views": 24,
  "formatid": "gen9championsvgc2026regma",
  "rating": 1162,
  "private": 0,
  "password": null
}