{
  "id": "gen9championsvgc2026regma-2581396177",
  "format": "[Gen 9 Champions] VGC 2026 Reg M-A",
  "players": [
    "NathanaelW19",
    "Niko highway"
  ],
  "log": "|j|\u2606NathanaelW19\n|j|\u2606Niko highway\n|t:|1775995976\n|gametype|doubles\n|player|p1|NathanaelW19|dragontamer|1308\n|player|p2|Niko highway|1|1262\n|gen|9\n|tier|[Gen 9 Champions] VGC 2026 Reg M-A\n|rated|\n|rule|Species Clause: Limit one of each Pok\u00e9mon\n|rule|Item Clause: Limit 1 of each item\n|clearpoke\n|poke|p1|Floette-Eternal, L50, F|\n|poke|p1|Meowscarada, L50, M|\n|poke|p1|Archaludon, L50, F|\n|poke|p1|Farigiraf, L50, F|\n|poke|p1|Basculegion, L50, M|\n|poke|p1|Pelipper, L50, M|\n|poke|p2|Incineroar, L50, F|\n|poke|p2|Conkeldurr, L50, F|\n|poke|p2|Sinistcha, L50|\n|poke|p2|Cofagrigus, L50, M|\n|poke|p2|Drampa, L50, M|\n|poke|p2|Aggron, L50, F|\n|teampreview|4\n|inactive|Battle timer is ON: inactive players will automatically lose when time's up. (requested by NathanaelW19)\n|\n|t:|1775995998\n|teamsize|p1|4\n|teamsize|p2|4\n|start\n|switch|p1a: Floette|Floette-Eternal, L50, F, shiny|100/100\n|switch|p1b: Farigiraf|Farigiraf, L50, F, shiny|100/100\n|switch|p2a: Incineroar|Incineroar, L50, F|100/100\n|switch|p2b: Cofagrigus|Cofagrigus, L50, M|100/100\n|-ability|p2a: Incineroar|Intimidate|boost\n|-unboost|p1a: Floette|atk|1\n|-unboost|p1b: Farigiraf|atk|1\n|turn|1\n|\n|t:|1775996008\n|move|p1a: Floette|Light of Ruin|p2a: Incineroar\n|-damage|p2a: Incineroar|33/100\n|-enditem|p2a: Incineroar|Sitrus Berry|[eat]\n|-heal|p2a: Incineroar|58/100|[from] item: Sitrus Berry\n|-damage|p1a: Floette|55/100|[from] Recoil\n|move|p1b: Farigiraf|Imprison|p1b: Farigiraf\n|-start|p1b: Farigiraf|move: Imprison\n|move|p2a: Incineroar|Parting Shot|p1a: Floette\n|-unboost|p1a: Floette|atk|1\n|-unboost|p1a: Floette|spa|1\n|\n|t:|1775996016\n|switch|p2a: Aggron|Aggron, L50, F|100/100|[from] Parting Shot\n|cant|p2b: Cofagrigus|move: Imprison|Trick Room\n|\n|upkeep\n|turn|2\n|\n|t:|1775996032\n|switch|p2b: Incineroar|Incineroar, L50, F|58/100\n|-ability|p2b: Incineroar|Intimidate|boost\n|-unboost|p1a: Floette|atk|1\n|-unboost|p1b: Farigiraf|atk|1\n|detailschange|p2a: Aggron|Aggron-Mega, L50, F\n|-mega|p2a: Aggron|Aggron|Aggronite\n|move|p1a: Floette|Light of Ruin|p2b: Incineroar\n|-damage|p2b: Incineroar|12/100\n|-damage|p1a: Floette|24/100|[from] Recoil\n|move|p1b: Farigiraf|Psychic|p2b: Incineroar\n|-immune|p2b: Incineroar\n|move|p2a: Aggron|Heavy Slam|p1a: Floette\n|-supereffective|p1a: Floette|1\n|-damage|p1a: Floette|0 fnt\n|faint|p1a: Floette\n|\n|upkeep\n|\n|t:|1775996037\n|switch|p1a: Pelipper|Pelipper, L50, M, shiny|100/100\n|-weather|RainDance|[from] ability: Drizzle|[of] p1a: Pelipper\n|turn|3\n|\n|t:|1775996054\n|switch|p1b: Archaludon|Archaludon, L50, F, shiny|100/100\n|move|p1a: Pelipper|Weather Ball|p2b: Incineroar\n|-supereffective|p2b: Incineroar|1\n|-damage|p2b: Incineroar|0 fnt\n|faint|p2b: Incineroar\n|move|p2a: Aggron|Iron Head|p1b: Archaludon\n|-resisted|p1b: Archaludon|1\n|-damage|p1b: Archaludon|82/100\n|-ability|p1b: Archaludon|Stamina|boost\n|-boost|p1b: Archaludon|def|1\n|\n|-weather|RainDance|[upkeep]\n|upkeep\n|\n|t:|1775996068\n|switch|p2b: Cofagrigus|Cofagrigus, L50, M|100/100\n|turn|4\n|\n|t:|1775996073\n|move|p1a: Pelipper|Hurricane|p2b: Cofagrigus\n|-damage|p2b: Cofagrigus|64/100\n|-start|p2b: Cofagrigus|confusion\n|move|p1b: Archaludon|Electro Shot||[still]\n|-prepare|p1b: Archaludon|Electro Shot\n|-boost|p1b: Archaludon|spa|1\n|-anim|p1b: Archaludon|Electro Shot|p2b: Cofagrigus\n|-damage|p2b: Cofagrigus|0 fnt\n|faint|p2b: Cofagrigus\n|move|p2a: Aggron|Body Press|p1b: Archaludon\n|-supereffective|p1b: Archaludon|1\n|-enditem|p1b: Archaludon|Chople Berry|[eat]\n|-enditem|p1b: Archaludon|Chople Berry|[weaken]\n|-damage|p1b: Archaludon|61/100\n|-ability|p1b: Archaludon|Stamina|boost\n|-boost|p1b: Archaludon|def|1\n|\n|-weather|RainDance|[upkeep]\n|upkeep\n|\n|t:|1775996086\n|switch|p2b: Sinistcha|Sinistcha, L50|100/100\n|turn|5\n|\n|t:|1775996094\n|move|p1a: Pelipper|Hurricane|p2b: Sinistcha\n|-supereffective|p2b: Sinistcha|1\n|-crit|p2b: Sinistcha\n|-enditem|p2b: Sinistcha|Coba Berry|[eat]\n|-enditem|p2b: Sinistcha|Coba Berry|[weaken]\n|-damage|p2b: Sinistcha|39/100\n|move|p1b: Archaludon|Electro Shot||[still]\n|-prepare|p1b: Archaludon|Electro Shot\n|-boost|p1b: Archaludon|spa|1\n|-anim|p1b: Archaludon|Electro Shot|p2a: Aggron\n|-damage|p2a: Aggron|15/100\n|move|p2a: Aggron|Iron Head|p1a: Pelipper\n|-resisted|p1a: Pelipper|1\n|-damage|p1a: Pelipper|77/100\n|move|p2b: Sinistcha|Trick Room|p2b: Sinistcha\n|-fieldstart|move: Trick Room|[of] p2b: Sinistcha\n|\n|-weather|RainDance|[upkeep]\n|upkeep\n|turn|6\n|\n|t:|1775996110\n|move|p2a: Aggron|Body Press|p1b: Archaludon\n|-supereffective|p1b: Archaludon|1\n|-damage|p1b: Archaludon|28/100\n|-ability|p1b: Archaludon|Stamina|boost\n|-boost|p1b: Archaludon|def|1\n|move|p2b: Sinistcha|Shadow Ball|p1b: Archaludon\n|-damage|p1b: Archaludon|0 fnt\n|faint|p1b: Archaludon\n|move|p1a: Pelipper|Hurricane|p2b: Sinistcha\n|-supereffective|p2b: Sinistcha|1\n|-damage|p2b: Sinistcha|0 fnt\n|faint|p2b: Sinistcha\n|\n|-weather|RainDance|[upkeep]\n|upkeep\n|\n|t:|1775996117\n|switch|p1b: Farigiraf|Farigiraf, L50, F, shiny|100/100\n|turn|7\n|-message|Niko highway forfeited.\n|\n|win|NathanaelW19\n|raw|NathanaelW19's rating: 1308 &rarr; <strong>1325</strong><br />(+17 for winning)\n|raw|Niko highway's rating: 1262 &rarr; <strong>1240</strong><br />(-22 for losing)\n",
  "uploadtime": 1775996120,
  "views": 42,
  "formatid": "gen9championsvgc2026regma",
  "rating": 1240,
  "private": 0,
  "password": null
}