{
  "id": "gen9championsvgc2026regma-2587611651",
  "format": "[Gen 9 Champions] VGC 2026 Reg M-A",
  "players": [
    "Evil Yarrack",
    "jpw234"
  ],
  "log": "|j|\u2606Evil Yarrack\n|j|\u2606jpw234\n|t:|1776546863\n|gametype|doubles\n|player|p1|Evil Yarrack|youngster-gen4dp|1485\n|player|p2|jpw234|169|1531\n|gen|9\n|tier|[Gen 9 Champions] VGC 2026 Reg M-A\n|rated|\n|rule|Species Clause: Limit one of each Pok\u00e9mon\n|rule|Item Clause: Limit 1 of each item\n|clearpoke\n|poke|p1|Whimsicott, L50, M|\n|poke|p1|Tyranitar, L50, M|\n|poke|p1|Lycanroc, L50, M|\n|poke|p1|Corviknight, L50, M|\n|poke|p1|Sinistcha, L50|\n|poke|p1|Clawitzer, L50, F|\n|poke|p2|Bellibolt, L50, F|\n|poke|p2|Abomasnow, L50, M|\n|poke|p2|Mimikyu, L50, F|\n|poke|p2|Garchomp, L50, F|\n|poke|p2|Araquanid, L50, M|\n|poke|p2|Arcanine, L50, F|\n|teampreview|4\n|inactive|Battle timer is ON: inactive players will automatically lose when time's up. (requested by jpw234)\n|inactive|Evil Yarrack also wants the timer to be on.\n|inactive|Evil Yarrack has 60 seconds left.\n|inactive|jpw234 has 60 seconds left.\n|j| fairytailrpg\n|\n|t:|1776546906\n|teamsize|p1|4\n|teamsize|p2|4\n|start\n|switch|p1a: Sinistcha|Sinistcha, L50|100/100\n|switch|p1b: Tyranitar|Tyranitar, L50, M|100/100\n|switch|p2a: Mimikyu|Mimikyu, L50, F|100/100\n|switch|p2b: Abomasnow|Abomasnow, L50, M|100/100\n|-weather|Sandstorm|[from] ability: Sand Stream|[of] p1b: Tyranitar\n|-weather|Snowscape|[from] ability: Snow Warning|[of] p2b: Abomasnow\n|turn|1\n|\n|t:|1776546917\n|detailschange|p1b: Tyranitar|Tyranitar-Mega, L50, M\n|-mega|p1b: Tyranitar|Tyranitar|Tyranitarite\n|-weather|Sandstorm|[from] ability: Sand Stream|[of] p1b: Tyranitar\n|move|p2b: Abomasnow|Protect|p2b: Abomasnow\n|-singleturn|p2b: Abomasnow|Protect\n|move|p1b: Tyranitar|Rock Slide|p2a: Mimikyu|[spread] p2a\n|-activate|p2b: Abomasnow|move: Protect\n|-activate|p2a: Mimikyu|ability: Disguise\n|-damage|p2a: Mimikyu|100/100\n|detailschange|p2a: Mimikyu|Mimikyu-Busted, L50, F\n|-damage|p2a: Mimikyu|88/100|[from] pokemon: Mimikyu-Busted\n|cant|p2a: Mimikyu|flinch\n|move|p1a: Sinistcha|Imprison|p1a: Sinistcha\n|-start|p1a: Sinistcha|move: Imprison\n|\n|-weather|Sandstorm|[upkeep]\n|-damage|p2a: Mimikyu|82/100|[from] Sandstorm\n|-damage|p1a: Sinistcha|95/100|[from] Sandstorm\n|-damage|p2b: Abomasnow|94/100|[from] Sandstorm\n|upkeep\n|turn|2\n|\n|t:|1776546928\n|detailschange|p2b: Abomasnow|Abomasnow-Mega, L50, M\n|-mega|p2b: Abomasnow|Abomasnow|Abomasite\n|-weather|Snowscape|[from] ability: Snow Warning|[of] p2b: Abomasnow\n|move|p1a: Sinistcha|Rage Powder|p1a: Sinistcha\n|-singleturn|p1a: Sinistcha|move: Rage Powder\n|move|p1b: Tyranitar|Rock Slide|p2a: Mimikyu|[spread] p2a,p2b\n|-supereffective|p2b: Abomasnow|1\n|-damage|p2a: Mimikyu|41/100\n|-damage|p2b: Abomasnow|51/100\n|cant|p2a: Mimikyu|flinch\n|cant|p2b: Abomasnow|flinch\n|\n|-weather|Snowscape|[upkeep]\n|upkeep\n|turn|3\n|\n|t:|1776546944\n|switch|p2a: Arcanine|Arcanine, L50, F|100/100\n|-ability|p2a: Arcanine|Intimidate|boost\n|-unboost|p1a: Sinistcha|atk|1\n|-unboost|p1b: Tyranitar|atk|1\n|move|p1b: Tyranitar|Rock Slide|p2a: Arcanine|[spread] p2a,p2b\n|-supereffective|p2a: Arcanine|1\n|-supereffective|p2b: Abomasnow|1\n|-damage|p2a: Arcanine|48/100\n|-damage|p2b: Abomasnow|23/100\n|-enditem|p2a: Arcanine|Sitrus Berry|[eat]\n|-heal|p2a: Arcanine|73/100|[from] item: Sitrus Berry\n|move|p1a: Sinistcha|Matcha Gotcha|p2b: Abomasnow|[spread] p2a,p2b\n|-resisted|p2a: Arcanine|1\n|-resisted|p2b: Abomasnow|1\n|-damage|p2a: Arcanine|58/100\n|-heal|p1a: Sinistcha|100/100|[from] drain|[of] p2a: Arcanine\n|-damage|p2b: Abomasnow|13/100\n|move|p2b: Abomasnow|Blizzard|p1a: Sinistcha|[spread] p1a,p1b\n|-supereffective|p1a: Sinistcha|1\n|-damage|p1a: Sinistcha|0 fnt\n|-damage|p1b: Tyranitar|62/100\n|faint|p1a: Sinistcha\n|\n|-weather|Snowscape|[upkeep]\n|upkeep\n|\n|t:|1776546953\n|switch|p1a: Lycanroc|Lycanroc, L50, M|100/100\n|turn|4\n|\n|t:|1776546971\n|switch|p1b: Clawitzer|Clawitzer, L50, F|100/100\n|switch|p2a: Mimikyu|Mimikyu-Busted, L50, F|41/100\n|move|p2b: Abomasnow|Ice Shard|p1a: Lycanroc\n|-damage|p1a: Lycanroc|70/100\n|move|p1a: Lycanroc|Rock Slide|p2a: Mimikyu|[spread] p2a,p2b\n|-supereffective|p2b: Abomasnow|1\n|-damage|p2a: Mimikyu|10/100\n|-damage|p2b: Abomasnow|0 fnt\n|faint|p2b: Abomasnow\n|\n|-weather|Snowscape|[upkeep]\n|upkeep\n|\n|t:|1776546980\n|switch|p2b: Bellibolt|Bellibolt, L50, F|100/100\n|turn|5\n|\n|t:|1776546990\n|move|p2a: Mimikyu|Protect|p2a: Mimikyu\n|-singleturn|p2a: Mimikyu|Protect\n|move|p1a: Lycanroc|Rock Slide|p2a: Mimikyu|[spread] p2b\n|-activate|p2a: Mimikyu|move: Protect\n|-damage|p2b: Bellibolt|75/100\n|-start|p2b: Bellibolt|Charge|Rock Slide|[from] ability: Electromorphosis\n|move|p1b: Clawitzer|Water Pulse|p2b: Bellibolt\n|-damage|p2b: Bellibolt|25/100\n|-start|p2b: Bellibolt|Charge|Water Pulse|[from] ability: Electromorphosis\n|move|p2b: Bellibolt|Parabolic Charge|p1b: Clawitzer|[spread] p1a,p1b\n|-activate|p2a: Mimikyu|move: Protect\n|-supereffective|p1b: Clawitzer|1\n|-damage|p1a: Lycanroc|0 fnt\n|-heal|p2b: Bellibolt|49/100|[from] drain|[of] p1a: Lycanroc\n|-damage|p1b: Clawitzer|0 fnt\n|-heal|p2b: Bellibolt|83/100|[from] drain|[of] p1b: Clawitzer\n|faint|p1a: Lycanroc\n|faint|p1b: Clawitzer\n|-end|p2b: Bellibolt|Charge|[silent]\n|\n|-weather|Snowscape|[upkeep]\n|upkeep\n|\n|t:|1776546997\n|switch|p1a: Tyranitar|Tyranitar-Mega, L50, M|62/100\n|-weather|Sandstorm|[from] ability: Sand Stream|[of] p1a: Tyranitar\n|turn|6\n|\n|t:|1776547012\n|move|p2b: Bellibolt|Protect|p2b: Bellibolt\n|-singleturn|p2b: Bellibolt|Protect\n|move|p1a: Tyranitar|Rock Slide|p2a: Mimikyu|[spread] p2a\n|-activate|p2b: Bellibolt|move: Protect\n|-damage|p2a: Mimikyu|0 fnt\n|faint|p2a: Mimikyu\n|\n|-weather|Sandstorm|[upkeep]\n|-damage|p2b: Bellibolt|77/100|[from] Sandstorm\n|upkeep\n|\n|t:|1776547016\n|switch|p2a: Arcanine|Arcanine, L50, F|58/100\n|-ability|p2a: Arcanine|Intimidate|boost\n|-unboost|p1a: Tyranitar|atk|1\n|turn|7\n|\n|t:|1776547023\n|move|p1a: Tyranitar|Protect|p1a: Tyranitar\n|-singleturn|p1a: Tyranitar|Protect\n|move|p2a: Arcanine|Will-O-Wisp|p1a: Tyranitar\n|-activate|p1a: Tyranitar|move: Protect\n|move|p2b: Bellibolt|Parabolic Charge|p1a: Tyranitar|[spread] p2a\n|-activate|p1a: Tyranitar|move: Protect\n|-damage|p2a: Arcanine|27/100\n|-heal|p2b: Bellibolt|91/100|[from] drain|[of] p2a: Arcanine\n|\n|-weather|Sandstorm|[upkeep]\n|-damage|p2a: Arcanine|21/100|[from] Sandstorm\n|-damage|p2b: Bellibolt|85/100|[from] Sandstorm\n|upkeep\n|turn|8\n|\n|t:|1776547032\n|move|p1a: Tyranitar|Rock Slide|p2b: Bellibolt|[spread] p2a,p2b\n|-supereffective|p2a: Arcanine|1\n|-damage|p2a: Arcanine|0 fnt\n|-damage|p2b: Bellibolt|66/100\n|-start|p2b: Bellibolt|Charge|Rock Slide|[from] ability: Electromorphosis\n|faint|p2a: Arcanine\n|move|p2b: Bellibolt|Parabolic Charge|p1a: Tyranitar\n|-damage|p1a: Tyranitar|26/100\n|-heal|p2b: Bellibolt|82/100|[from] drain|[of] p1a: Tyranitar\n|-end|p2b: Bellibolt|Charge|[silent]\n|\n|-weather|Sandstorm|[upkeep]\n|-damage|p2b: Bellibolt|75/100|[from] Sandstorm\n|upkeep\n|turn|9\n|\n|t:|1776547040\n|move|p1a: Tyranitar|Rock Slide|p2b: Bellibolt\n|-damage|p2b: Bellibolt|49/100\n|-start|p2b: Bellibolt|Charge|Rock Slide|[from] ability: Electromorphosis\n|move|p2b: Bellibolt|Parabolic Charge|p1a: Tyranitar\n|-damage|p1a: Tyranitar|0 fnt\n|-heal|p2b: Bellibolt|60/100|[from] drain|[of] p1a: Tyranitar\n|faint|p1a: Tyranitar\n|-end|p2b: Bellibolt|Charge|[silent]\n|\n|win|jpw234\n|raw|Evil Yarrack's rating: 1503 &rarr; <strong>1485</strong><br />(-18 for losing)\n|raw|jpw234's rating: 1531 &rarr; <strong>1549</strong><br />(+18 for winning)\n|l|\u2606Evil Yarrack\n|player|p1|\n|l|\u2606jpw234\n|player|p2|\n|l| fairytailrpg\n",
  "uploadtime": 1776547071,
  "views": 18,
  "formatid": "gen9championsvgc2026regma",
  "rating": 1485,
  "private": 0,
  "password": null
}