{
  "id": "gen9championsvgc2026regma-2589509273",
  "format": "[Gen 9 Champions] VGC 2026 Reg M-A",
  "players": [
    "benjiapollo",
    "Fayzginger"
  ],
  "log": "|j|\u2606benjiapollo\n|j|\u2606Fayzginger\n|t:|1776729434\n|gametype|doubles\n|player|p1|benjiapollo|giovanni|1432\n|player|p2|Fayzginger|az|1437\n|gen|9\n|tier|[Gen 9 Champions] VGC 2026 Reg M-A\n|rated|\n|rule|Species Clause: Limit one of each Pok\u00e9mon\n|rule|Item Clause: Limit 1 of each item\n|clearpoke\n|poke|p1|Basculegion, L50, M|\n|poke|p1|Charizard, L50, F|\n|poke|p1|Kingambit, L50, M|\n|poke|p1|Sneasler, L50, F|\n|poke|p1|Venusaur, L50, F|\n|poke|p1|Talonflame, L50, F|\n|poke|p2|Kangaskhan, L50, F, shiny|\n|poke|p2|Kingambit, L50, M|\n|poke|p2|Rotom-Wash, L50|\n|poke|p2|Garchomp, L50, M|\n|poke|p2|Sinistcha, L50|\n|poke|p2|Incineroar, L50, M|\n|teampreview|4\n|inactive|Battle timer is ON: inactive players will automatically lose when time's up. (requested by benjiapollo)\n|\n|t:|1776729486\n|teamsize|p1|4\n|teamsize|p2|4\n|start\n|switch|p1a: Talonflame|Talonflame, L50, F|100/100\n|switch|p1b: Charizard|Charizard, L50, F|100/100\n|switch|p2a: Rotom|Rotom-Wash, L50|100/100\n|switch|p2b: Garchomp|Garchomp, L50, M|100/100\n|turn|1\n|\n|t:|1776729495\n|detailschange|p1b: Charizard|Charizard-Mega-X, L50, F\n|-mega|p1b: Charizard|Charizard|Charizardite X\n|move|p1a: Talonflame|Tailwind|p1a: Talonflame\n|-sidestart|p1: benjiapollo|move: Tailwind\n|move|p1b: Charizard|Dragon Claw|p2b: Garchomp\n|-supereffective|p2b: Garchomp|1\n|-damage|p2b: Garchomp|3/100\n|-damage|p1b: Charizard|88/100|[from] ability: Rough Skin|[of] p2b: Garchomp\n|move|p2a: Rotom|Electroweb|p1b: Charizard|[spread] p1a,p1b\n|-supereffective|p1a: Talonflame|1\n|-resisted|p1b: Charizard|1\n|-crit|p1b: Charizard\n|-damage|p1a: Talonflame|39/100\n|-damage|p1b: Charizard|70/100\n|-unboost|p1a: Talonflame|spe|1\n|-unboost|p1b: Charizard|spe|1\n|move|p2b: Garchomp|Rock Slide|p1b: Charizard|[spread] p1a,p1b\n|-supereffective|p1a: Talonflame|2\n|-supereffective|p1b: Charizard|1\n|-damage|p1a: Talonflame|0 fnt\n|-damage|p1b: Charizard|31/100\n|faint|p1a: Talonflame\n|\n|upkeep\n|\n|t:|1776729512\n|switch|p1a: Sneasler|Sneasler, L50, F|100/100\n|turn|2\n|\n|t:|1776729519\n|switch|p2b: Incineroar|Incineroar, L50, M|100/100\n|-ability|p2b: Incineroar|Intimidate|boost\n|-unboost|p1a: Sneasler|atk|1\n|-unboost|p1b: Charizard|atk|1\n|-enditem|p1a: Sneasler|White Herb\n|-clearnegativeboost|p1a: Sneasler|[silent]\n|move|p1a: Sneasler|Close Combat|p2a: Rotom\n|-damage|p2a: Rotom|16/100\n|-unboost|p1a: Sneasler|def|1\n|-unboost|p1a: Sneasler|spd|1\n|move|p1b: Charizard|Dragon Claw|p2a: Rotom\n|-damage|p2a: Rotom|0 fnt\n|faint|p2a: Rotom\n|\n|upkeep\n|\n|t:|1776729532\n|switch|p2a: Kangaskhan|Kangaskhan, L50, F, shiny|100/100\n|turn|3\n|\n|t:|1776729543\n|detailschange|p2a: Kangaskhan|Kangaskhan-Mega, L50, F, shiny\n|-mega|p2a: Kangaskhan|Kangaskhan|Kangaskhanite\n|move|p1a: Sneasler|Protect|p1a: Sneasler\n|-singleturn|p1a: Sneasler|Protect\n|move|p1b: Charizard|Protect|p1b: Charizard\n|-singleturn|p1b: Charizard|Protect\n|move|p2a: Kangaskhan|Fake Out|p1a: Sneasler\n|-activate|p1a: Sneasler|move: Protect\n|move|p2b: Incineroar|Parting Shot|p1b: Charizard\n|-activate|p1b: Charizard|move: Protect\n|\n|upkeep\n|turn|4\n|\n|t:|1776729559\n|move|p2a: Kangaskhan|Sucker Punch|p1b: Charizard\n|-damage|p1b: Charizard|6/100\n|-damage|p1b: Charizard|0 fnt\n|faint|p1b: Charizard\n|-hitcount|p1: Charizard|2\n|move|p1a: Sneasler|Close Combat|p2b: Incineroar\n|-supereffective|p2b: Incineroar|1\n|-damage|p2b: Incineroar|0 fnt\n|-unboost|p1a: Sneasler|def|1\n|-unboost|p1a: Sneasler|spd|1\n|faint|p2b: Incineroar\n|\n|-sideend|p1: benjiapollo|move: Tailwind\n|upkeep\n|\n|t:|1776729569\n|switch|p1b: Kingambit|Kingambit, L50, M|100/100\n|switch|p2b: Garchomp|Garchomp, L50, M|3/100\n|turn|5\n|\n|t:|1776729579\n|move|p1b: Kingambit|Sucker Punch|p2b: Garchomp\n|-damage|p2b: Garchomp|0 fnt\n|-damage|p1b: Kingambit|88/100|[from] ability: Rough Skin|[of] p2b: Garchomp\n|faint|p2b: Garchomp\n|move|p1a: Sneasler|Close Combat|p2a: Kangaskhan\n|-supereffective|p2a: Kangaskhan|1\n|-damage|p2a: Kangaskhan|0 fnt\n|-unboost|p1a: Sneasler|def|1\n|-unboost|p1a: Sneasler|spd|1\n|faint|p2a: Kangaskhan\n|\n|win|benjiapollo\n|raw|benjiapollo's rating: 1432 &rarr; <strong>1452</strong><br />(+20 for winning)\n|raw|Fayzginger's rating: 1437 &rarr; <strong>1417</strong><br />(-20 for losing)\n",
  "uploadtime": 1776729592,
  "views": 9,
  "formatid": "gen9championsvgc2026regma",
  "rating": 1417,
  "private": 0,
  "password": null
}