{
  "id": "gen9championsvgc2026regma-2585650059",
  "format": "[Gen 9 Champions] VGC 2026 Reg M-A",
  "players": [
    "Larusso_uc",
    "CyberHope"
  ],
  "log": "|j|\u2606Larusso_uc\n|j|\u2606CyberHope\n|t:|1776361252\n|gametype|doubles\n|player|p1|Larusso_uc|roark|1135\n|player|p2|CyberHope|170|1112\n|gen|9\n|tier|[Gen 9 Champions] VGC 2026 Reg M-A\n|rated|\n|rule|Species Clause: Limit one of each Pok\u00e9mon\n|rule|Item Clause: Limit 1 of each item\n|clearpoke\n|poke|p1|Tyranitar, L50, M|\n|poke|p1|Excadrill, L50, M|\n|poke|p1|Hydreigon, L50, M|\n|poke|p1|Incineroar, L50, M|\n|poke|p1|Gardevoir, L50, M|\n|poke|p1|Milotic, L50, M|\n|poke|p2|Greninja-*, L50, M|\n|poke|p2|Ninetales-Alola, L50, F|\n|poke|p2|Incineroar, L50, F|\n|poke|p2|Empoleon, L50, F|\n|poke|p2|Garchomp, L50, F|\n|poke|p2|Rotom-Frost, L50|\n|teampreview|4\n|inactive|Battle timer is ON: inactive players will automatically lose when time's up. (requested by Larusso_uc)\n|\n|t:|1776361318\n|teamsize|p1|4\n|teamsize|p2|4\n|start\n|switch|p1a: Milotic|Milotic, L50, M|100/100\n|switch|p1b: Gardevoir|Gardevoir, L50, M|100/100\n|switch|p2a: Empoleon|Empoleon, L50, F|100/100\n|switch|p2b: Garchomp|Garchomp, L50, F|100/100\n|turn|1\n|inactive|Larusso_uc has 30 seconds left.\n|inactive|CyberHope has 30 seconds left.\n|inactive|CyberHope has 20 seconds left.\n|inactive|CyberHope has 15 seconds left.\n|inactive|CyberHope has 10 seconds left.\n|\n|t:|1776361363\n|switch|p1b: Hydreigon|Hydreigon, L50, M|100/100\n|move|p2b: Garchomp|Protect|p2b: Garchomp\n|-singleturn|p2b: Garchomp|Protect\n|move|p1a: Milotic|Ice Beam|p2b: Garchomp\n|-activate|p2b: Garchomp|move: Protect\n|move|p2a: Empoleon|Roar|p1a: Milotic\n|drag|p1a: Gardevoir|Gardevoir, L50, M|100/100\n|\n|upkeep\n|turn|2\n|inactive|CyberHope has 30 seconds left.\n|\n|t:|1776361389\n|switch|p2b: Ninetales|Ninetales-Alola, L50, F|100/100\n|-weather|Snowscape|[from] ability: Snow Warning|[of] p2b: Ninetales\n|move|p1a: Gardevoir|Dazzling Gleam|p2a: Empoleon|[spread] p2a,p2b\n|-resisted|p2a: Empoleon|1\n|-damage|p2a: Empoleon|85/100\n|-damage|p2b: Ninetales|66/100\n|move|p1b: Hydreigon|Dark Pulse|p2b: Ninetales\n|-resisted|p2b: Ninetales|1\n|-damage|p2b: Ninetales|36/100\n|move|p2a: Empoleon|Flash Cannon|p1a: Gardevoir\n|-supereffective|p1a: Gardevoir|1\n|-damage|p1a: Gardevoir|18/100\n|\n|-weather|Snowscape|[upkeep]\n|-heal|p2a: Empoleon|91/100|[from] item: Leftovers\n|upkeep\n|turn|3\n|inactive|Larusso_uc has 30 seconds left.\n|inactive|CyberHope has 30 seconds left.\n|inactive|CyberHope has 20 seconds left.\n|\n|t:|1776361426\n|move|p1a: Gardevoir|Dazzling Gleam|p2a: Empoleon|[spread] p2a,p2b\n|-resisted|p2a: Empoleon|1\n|-damage|p2a: Empoleon|76/100\n|-damage|p2b: Ninetales|1/100\n|move|p2b: Ninetales|Blizzard|p1a: Gardevoir|[spread] p1a,p1b\n|-supereffective|p1b: Hydreigon|1\n|-damage|p1a: Gardevoir|0 fnt\n|-damage|p1b: Hydreigon|33/100\n|faint|p1a: Gardevoir\n|move|p1b: Hydreigon|Flamethrower|p2a: Empoleon\n|-damage|p2a: Empoleon|44/100\n|move|p2a: Empoleon|Flash Cannon|p1b: Hydreigon\n|-damage|p1b: Hydreigon|0 fnt\n|faint|p1b: Hydreigon\n|\n|-weather|Snowscape|[upkeep]\n|-heal|p2a: Empoleon|50/100|[from] item: Leftovers\n|upkeep\n|\n|t:|1776361443\n|switch|p1b: Milotic|Milotic, L50, M|100/100\n|switch|p1a: Tyranitar|Tyranitar, L50, M|100/100\n|-weather|Sandstorm|[from] ability: Sand Stream|[of] p1a: Tyranitar\n|turn|4\n|inactive|Larusso_uc has 30 seconds left.\n|inactive|CyberHope has 30 seconds left.\n|\n|t:|1776361474\n|switch|p2b: Garchomp|Garchomp, L50, F|100/100\n|detailschange|p1a: Tyranitar|Tyranitar-Mega, L50, M\n|-mega|p1a: Tyranitar|Tyranitar|Tyranitarite\n|move|p2a: Empoleon|Protect|p2a: Empoleon\n|-singleturn|p2a: Empoleon|Protect\n|move|p1b: Milotic|Ice Beam|p2b: Garchomp\n|-supereffective|p2b: Garchomp|2\n|-damage|p2b: Garchomp|11/100\n|-status|p2b: Garchomp|frz\n|move|p1a: Tyranitar|Knock Off|p2a: Empoleon\n|-activate|p2a: Empoleon|move: Protect\n|\n|-weather|Sandstorm|[upkeep]\n|-damage|p1b: Milotic|95/100|[from] Sandstorm\n|-heal|p1b: Milotic|100/100|[from] item: Leftovers\n|-heal|p2a: Empoleon|56/100|[from] item: Leftovers\n|upkeep\n|turn|5\n|inactive|CyberHope has 30 seconds left.\n|inactive|Larusso_uc has 30 seconds left.\n|inactive|CyberHope has 20 seconds left.\n|inactive|CyberHope has 15 seconds left.\n|inactive|CyberHope has 10 seconds left.\n|inactive|CyberHope has 5 seconds left.\n|\n|t:|1776361526\n|switch|p2a: Ninetales|Ninetales-Alola, L50, F|1/100\n|-weather|Snowscape|[from] ability: Snow Warning|[of] p2a: Ninetales\n|cant|p2b: Garchomp|frz\n|move|p1b: Milotic|Ice Beam|p2a: Ninetales\n|-resisted|p2a: Ninetales|1\n|-damage|p2a: Ninetales|0 fnt\n|faint|p2a: Ninetales\n|move|p1a: Tyranitar|Knock Off|p2b: Garchomp\n|-damage|p2b: Garchomp|0 fnt\n|-damage|p1a: Tyranitar|88/100|[from] ability: Rough Skin|[of] p2b: Garchomp\n|-enditem|p2b: Garchomp|White Herb|[from] move: Knock Off|[of] p1a: Tyranitar\n|faint|p2b: Garchomp\n|\n|-weather|Snowscape|[upkeep]\n|upkeep\n|\n|t:|1776361541\n|switch|p2a: Greninja|Greninja, L50, M, shiny|100/100\n|switch|p2b: Empoleon|Empoleon, L50, F|56/100\n|turn|6\n|inactive|CyberHope has 30 seconds left.\n|inactive|Larusso_uc has 30 seconds left.\n|\n|t:|1776361574\n|detailschange|p2a: Greninja|Greninja-Mega, L50, M, shiny\n|-mega|p2a: Greninja|Greninja|Greninjite\n|move|p2a: Greninja|Hydro Pump|p1a: Tyranitar\n|-start|p2a: Greninja|typechange|Water|[from] ability: Protean\n|-supereffective|p1a: Tyranitar|1\n|-damage|p1a: Tyranitar|0 fnt\n|faint|p1a: Tyranitar\n|move|p1b: Milotic|Life Dew||[still]\n|-fail|p1b: Milotic|heal\n|move|p2b: Empoleon|Water Pulse|p1b: Milotic\n|-resisted|p1b: Milotic|1\n|-damage|p1b: Milotic|89/100\n|-start|p1b: Milotic|confusion\n|\n|-weather|Snowscape|[upkeep]\n|-heal|p1b: Milotic|95/100|[from] item: Leftovers\n|-heal|p2b: Empoleon|62/100|[from] item: Leftovers\n|upkeep\n|turn|7\n|inactive|CyberHope has 30 seconds left.\n|\n|t:|1776361604\n|move|p2a: Greninja|Dark Pulse|p1b: Milotic\n|-damage|p1b: Milotic|71/100\n|-activate|p1b: Milotic|confusion\n|move|p1b: Milotic|Ice Beam|p2a: Greninja\n|-resisted|p2a: Greninja|1\n|-damage|p2a: Greninja|87/100\n|-status|p2a: Greninja|frz\n|move|p2b: Empoleon|Water Pulse|p1b: Milotic\n|-resisted|p1b: Milotic|1\n|-damage|p1b: Milotic|61/100\n|\n|-weather|Snowscape|[upkeep]\n|-heal|p1b: Milotic|67/100|[from] item: Leftovers\n|-heal|p2b: Empoleon|68/100|[from] item: Leftovers\n|upkeep\n|turn|8\n|\n|t:|1776361620\n|cant|p2a: Greninja|frz\n|-activate|p1b: Milotic|confusion\n|move|p1b: Milotic|Scald|p2b: Empoleon\n|-resisted|p2b: Empoleon|1\n|-damage|p2b: Empoleon|53/100\n|move|p2b: Empoleon|Water Pulse|p1b: Milotic\n|-resisted|p1b: Milotic|1\n|-damage|p1b: Milotic|55/100\n|\n|-weather|Snowscape|[upkeep]\n|-heal|p1b: Milotic|61/100|[from] item: Leftovers\n|-heal|p2b: Empoleon|59/100|[from] item: Leftovers\n|upkeep\n|turn|9\n|\n|t:|1776361633\n|cant|p2a: Greninja|frz\n|-end|p1b: Milotic|confusion\n|move|p1b: Milotic|Life Dew|p1b: Milotic\n|-heal|p1b: Milotic|87/100\n|move|p2b: Empoleon|Water Pulse|p1b: Milotic\n|-resisted|p1b: Milotic|1\n|-damage|p1b: Milotic|76/100\n|\n|-weather|none\n|-heal|p1b: Milotic|82/100|[from] item: Leftovers\n|-heal|p2b: Empoleon|65/100|[from] item: Leftovers\n|upkeep\n|turn|10\n|\n|t:|1776361646\n|-curestatus|p2a: Greninja|frz|[msg]\n|move|p2a: Greninja|Dark Pulse|p1b: Milotic\n|-damage|p1b: Milotic|58/100\n|move|p1b: Milotic|Scald|p2b: Empoleon\n|-resisted|p2b: Empoleon|1\n|-damage|p2b: Empoleon|52/100\n|move|p2b: Empoleon|Water Pulse|p1b: Milotic\n|-resisted|p1b: Milotic|1\n|-damage|p1b: Milotic|48/100\n|\n|-heal|p1b: Milotic|53/100|[from] item: Leftovers\n|-heal|p2b: Empoleon|58/100|[from] item: Leftovers\n|upkeep\n|turn|11\n|\n|t:|1776361662\n|move|p2a: Greninja|Dark Pulse|p1b: Milotic\n|-damage|p1b: Milotic|29/100\n|move|p1b: Milotic|Scald|p2b: Empoleon\n|-resisted|p2b: Empoleon|1\n|-damage|p2b: Empoleon|44/100\n|move|p2b: Empoleon|Water Pulse|p1b: Milotic\n|-resisted|p1b: Milotic|1\n|-crit|p1b: Milotic\n|-damage|p1b: Milotic|12/100\n|\n|-heal|p1b: Milotic|18/100|[from] item: Leftovers\n|-heal|p2b: Empoleon|50/100|[from] item: Leftovers\n|upkeep\n|turn|12\n|\n|t:|1776361676\n|move|p1b: Milotic|Protect|p1b: Milotic\n|-singleturn|p1b: Milotic|Protect\n|move|p2a: Greninja|Dark Pulse|p1b: Milotic\n|-activate|p1b: Milotic|move: Protect\n|move|p2b: Empoleon|Water Pulse|p1b: Milotic\n|-activate|p1b: Milotic|move: Protect\n|\n|-heal|p1b: Milotic|24/100|[from] item: Leftovers\n|-heal|p2b: Empoleon|56/100|[from] item: Leftovers\n|upkeep\n|turn|13\n|\n|t:|1776361688\n|move|p2a: Greninja|Dark Pulse|p1b: Milotic\n|-damage|p1b: Milotic|2/100\n|move|p1b: Milotic|Life Dew|p1b: Milotic\n|-heal|p1b: Milotic|28/100\n|move|p2b: Empoleon|Water Pulse|p1b: Milotic\n|-resisted|p1b: Milotic|1\n|-damage|p1b: Milotic|17/100\n|\n|-heal|p1b: Milotic|23/100|[from] item: Leftovers\n|-heal|p2b: Empoleon|62/100|[from] item: Leftovers\n|upkeep\n|turn|14\n|c|\u2606CyberHope|ff\n|\n|t:|1776361702\n|move|p1b: Milotic|Protect|p1b: Milotic\n|-singleturn|p1b: Milotic|Protect\n|move|p2a: Greninja|Dark Pulse|p1b: Milotic\n|-activate|p1b: Milotic|move: Protect\n|move|p2b: Empoleon|Water Pulse|p1b: Milotic\n|-activate|p1b: Milotic|move: Protect\n|\n|-heal|p1b: Milotic|29/100|[from] item: Leftovers\n|-heal|p2b: Empoleon|68/100|[from] item: Leftovers\n|upkeep\n|turn|15\n|\n|t:|1776361716\n|move|p2a: Greninja|Dark Pulse|p1b: Milotic\n|-damage|p1b: Milotic|5/100\n|move|p1b: Milotic|Life Dew|p1b: Milotic\n|-heal|p1b: Milotic|31/100\n|move|p2b: Empoleon|Water Pulse|p1b: Milotic\n|-resisted|p1b: Milotic|1\n|-damage|p1b: Milotic|21/100\n|\n|-heal|p1b: Milotic|27/100|[from] item: Leftovers\n|-heal|p2b: Empoleon|73/100|[from] item: Leftovers\n|upkeep\n|turn|16\n|\n|t:|1776361728\n|move|p2a: Greninja|Dark Pulse|p1b: Milotic\n|-damage|p1b: Milotic|5/100\n|move|p1b: Milotic|Life Dew|p1b: Milotic\n|-heal|p1b: Milotic|31/100\n|move|p2b: Empoleon|Water Pulse|p1b: Milotic\n|-resisted|p1b: Milotic|1\n|-damage|p1b: Milotic|20/100\n|\n|-heal|p1b: Milotic|26/100|[from] item: Leftovers\n|-heal|p2b: Empoleon|79/100|[from] item: Leftovers\n|upkeep\n|turn|17\n|\n|t:|1776361743\n|move|p1b: Milotic|Protect|p1b: Milotic\n|-singleturn|p1b: Milotic|Protect\n|move|p2a: Greninja|Dark Pulse|p1b: Milotic\n|-activate|p1b: Milotic|move: Protect\n|move|p2b: Empoleon|Flash Cannon|p1b: Milotic\n|-activate|p1b: Milotic|move: Protect\n|\n|-heal|p1b: Milotic|32/100|[from] item: Leftovers\n|-heal|p2b: Empoleon|85/100|[from] item: Leftovers\n|upkeep\n|turn|18\n|\n|t:|1776361756\n|move|p2a: Greninja|Dark Pulse|p1b: Milotic\n|-damage|p1b: Milotic|10/100\n|move|p1b: Milotic|Life Dew|p1b: Milotic\n|-heal|p1b: Milotic|35/100\n|move|p2b: Empoleon|Flash Cannon|p1b: Milotic\n|-resisted|p1b: Milotic|1\n|-damage|p1b: Milotic|22/100\n|\n|-heal|p1b: Milotic|28/100|[from] item: Leftovers\n|-heal|p2b: Empoleon|91/100|[from] item: Leftovers\n|upkeep\n|turn|19\n|\n|t:|1776361769\n|move|p2a: Greninja|Dark Pulse|p1b: Milotic\n|-damage|p1b: Milotic|3/100\n|move|p1b: Milotic|Life Dew|p1b: Milotic\n|-heal|p1b: Milotic|28/100\n|move|p2b: Empoleon|Flash Cannon|p1b: Milotic\n|-resisted|p1b: Milotic|1\n|-damage|p1b: Milotic|14/100\n|\n|-heal|p1b: Milotic|20/100|[from] item: Leftovers\n|-heal|p2b: Empoleon|96/100|[from] item: Leftovers\n|upkeep\n|turn|20\n|inactive|CyberHope has 30 seconds left.\n|\n|t:|1776361783\n|move|p1b: Milotic|Protect|p1b: Milotic\n|-singleturn|p1b: Milotic|Protect\n|move|p2a: Greninja|Dark Pulse|p1b: Milotic\n|-activate|p1b: Milotic|move: Protect\n|move|p2b: Empoleon|Flash Cannon|p1b: Milotic\n|-activate|p1b: Milotic|move: Protect\n|\n|-heal|p1b: Milotic|26/100|[from] item: Leftovers\n|-heal|p2b: Empoleon|100/100|[from] item: Leftovers\n|upkeep\n|turn|21\n|inactive|CyberHope has 30 seconds left this turn.\n|inactive|CyberHope has 20 seconds left.\n|\n|t:|1776361795\n|move|p2a: Greninja|Dark Pulse|p1b: Milotic\n|-damage|p1b: Milotic|4/100\n|cant|p1b: Milotic|flinch\n|move|p2b: Empoleon|Flash Cannon|p1b: Milotic\n|-resisted|p1b: Milotic|1\n|-damage|p1b: Milotic|0 fnt\n|faint|p1b: Milotic\n|\n|win|CyberHope\n|raw|Larusso_uc's rating: 1135 &rarr; <strong>1108</strong><br />(-27 for losing)\n|raw|CyberHope's rating: 1112 &rarr; <strong>1139</strong><br />(+27 for winning)\n|c|\u2606CyberHope|get destroyed\n|l|\u2606Larusso_uc\n|player|p1|\n",
  "uploadtime": 1776361842,
  "views": 29,
  "formatid": "gen9championsvgc2026regma",
  "rating": 1108,
  "private": 0,
  "password": null
}