{
  "id": "gen9championsvgc2026regma-2589567990",
  "format": "[Gen 9 Champions] VGC 2026 Reg M-A",
  "players": [
    "Jose m gladion",
    "JesuTurn"
  ],
  "log": "|j|\u2606Jose m gladion\n|j|\u2606JesuTurn\n|t:|1776734901\n|gametype|doubles\n|player|p1|Jose m gladion|cynthia|1074\n|player|p2|JesuTurn|1|1043\n|gen|9\n|tier|[Gen 9 Champions] VGC 2026 Reg M-A\n|rated|\n|rule|Species Clause: Limit one of each Pok\u00e9mon\n|rule|Item Clause: Limit 1 of each item\n|clearpoke\n|poke|p1|Maushold, L50, shiny|\n|poke|p1|Gardevoir, L50, F|\n|poke|p1|Garchomp, L50, F, shiny|\n|poke|p1|Arcanine-Hisui, L50, M, shiny|\n|poke|p1|Basculegion, L50, M, shiny|\n|poke|p1|Aerodactyl, L50, M, shiny|\n|poke|p2|Charizard, L50, F|\n|poke|p2|Aerodactyl, L50, F|\n|poke|p2|Milotic, L50, M|\n|poke|p2|Aegislash, L50, F|\n|poke|p2|Sneasler, L50, M|\n|poke|p2|Sylveon, L50, M|\n|teampreview|4\n|inactive|Battle timer is ON: inactive players will automatically lose when time's up. (requested by Jose m gladion)\n|\n|t:|1776734936\n|teamsize|p1|4\n|teamsize|p2|4\n|start\n|switch|p1a: Basculegion|Basculegion, L50, M, shiny|100/100\n|switch|p1b: Aerodactyl|Aerodactyl, L50, M, shiny|100/100\n|switch|p2a: Sneasler|Sneasler, L50, M|100/100\n|switch|p2b: Aerodactyl|Aerodactyl, L50, F|100/100\n|-ability|p2b: Aerodactyl|Unnerve\n|-ability|p1b: Aerodactyl|Pressure\n|turn|1\n|\n|t:|1776734955\n|move|p2a: Sneasler|Fake Out|p1b: Aerodactyl\n|-resisted|p1b: Aerodactyl|1\n|-damage|p1b: Aerodactyl|89/100\n|move|p1a: Basculegion|Flip Turn|p2b: Aerodactyl\n|-supereffective|p2b: Aerodactyl|1\n|-enditem|p2b: Aerodactyl|Focus Sash\n|-damage|p2b: Aerodactyl|1/100\n|\n|t:|1776734964\n|switch|p1a: Maushold|Maushold, L50, shiny|100/100|[from] Flip Turn\n|cant|p1b: Aerodactyl|flinch\n|move|p2b: Aerodactyl|Tailwind|p2b: Aerodactyl\n|-sidestart|p2: JesuTurn|move: Tailwind\n|\n|upkeep\n|turn|2\n|\n|t:|1776734977\n|move|p1a: Maushold|Follow Me|p1a: Maushold\n|-singleturn|p1a: Maushold|move: Follow Me\n|move|p2b: Aerodactyl|Rock Slide|p1a: Maushold|[spread] p1a,p1b\n|-supereffective|p1b: Aerodactyl|1\n|-damage|p1a: Maushold|77/100\n|-damage|p1b: Aerodactyl|34/100\n|move|p2a: Sneasler|Close Combat|p1a: Maushold\n|-supereffective|p1a: Maushold|1\n|-crit|p1a: Maushold\n|-damage|p1a: Maushold|0 fnt\n|-unboost|p2a: Sneasler|def|1\n|-unboost|p2a: Sneasler|spd|1\n|faint|p1a: Maushold\n|-enditem|p2a: Sneasler|White Herb\n|-clearnegativeboost|p2a: Sneasler|[silent]\n|move|p1b: Aerodactyl|Tailwind|p1b: Aerodactyl\n|-sidestart|p1: Jose m gladion|move: Tailwind\n|\n|upkeep\n|\n|t:|1776734993\n|switch|p1a: Basculegion|Basculegion, L50, M, shiny|100/100\n|turn|3\n|\n|t:|1776735008\n|move|p2a: Sneasler|Close Combat|p1b: Aerodactyl\n|-damage|p1b: Aerodactyl|0 fnt\n|-unboost|p2a: Sneasler|def|1\n|-unboost|p2a: Sneasler|spd|1\n|faint|p1b: Aerodactyl\n|move|p1a: Basculegion|Flip Turn|p2b: Aerodactyl\n|-supereffective|p2b: Aerodactyl|1\n|-damage|p2b: Aerodactyl|0 fnt\n|faint|p2b: Aerodactyl\n|\n|t:|1776735017\n|switch|p1a: Gardevoir|Gardevoir, L50, F|100/100|[from] Flip Turn\n|\n|upkeep\n|\n|t:|1776735025\n|switch|p2b: Aegislash|Aegislash, L50, F|100/100\n|switch|p1b: Basculegion|Basculegion, L50, M, shiny|100/100\n|turn|4\n|inactive|JesuTurn has 30 seconds left.\n|\n|t:|1776735056\n|detailschange|p1a: Gardevoir|Gardevoir-Mega, L50, F\n|-mega|p1a: Gardevoir|Gardevoir|Gardevoirite\n|move|p2a: Sneasler|Protect|p2a: Sneasler\n|-singleturn|p2a: Sneasler|Protect\n|move|p1a: Gardevoir|Protect|p1a: Gardevoir\n|-singleturn|p1a: Gardevoir|Protect\n|move|p1b: Basculegion|Last Respects|p2b: Aegislash\n|-supereffective|p2b: Aegislash|1\n|-crit|p2b: Aegislash\n|-damage|p2b: Aegislash|0 fnt\n|faint|p2b: Aegislash\n|\n|-sideend|p2: JesuTurn|move: Tailwind\n|upkeep\n|\n|t:|1776735062\n|switch|p2b: Charizard|Charizard, L50, F|100/100\n|turn|5\n|\n|t:|1776735076\n|detailschange|p2b: Charizard|Charizard-Mega-X, L50, F\n|-mega|p2b: Charizard|Charizard|Charizardite X\n|move|p1b: Basculegion|Last Respects|p2a: Sneasler\n|-damage|p2a: Sneasler|0 fnt\n|faint|p2a: Sneasler\n|move|p1a: Gardevoir|Psyshock|p2b: Charizard\n|-damage|p2b: Charizard|42/100\n|move|p2b: Charizard|Dragon Claw|p1b: Basculegion\n|-damage|p1b: Basculegion|27/100\n|\n|-sideend|p1: Jose m gladion|move: Tailwind\n|upkeep\n|turn|6\n|-message|JesuTurn forfeited.\n|\n|win|Jose m gladion\n|raw|Jose m gladion's rating: 1074 &rarr; <strong>1100</strong><br />(+26 for winning)\n|raw|JesuTurn's rating: 1043 &rarr; <strong>1028</strong><br />(-15 for losing)\n|l|\u2606JesuTurn\n|player|p2|\n",
  "uploadtime": 1776735095,
  "views": 4,
  "formatid": "gen9championsvgc2026regma",
  "rating": 1028,
  "private": 0,
  "password": null
}