{
  "id": "gen9championsvgc2026regma-2581317573",
  "format": "[Gen 9 Champions] VGC 2026 Reg M-A",
  "players": [
    "CafeQuente8252",
    "iliketobehome"
  ],
  "log": "|j|\u2606CafeQuente8252\n|j|\u2606iliketobehome\n|t:|1775985824\n|gametype|doubles\n|player|p1|CafeQuente8252|170|1087\n|player|p2|iliketobehome|1|1171\n|gen|9\n|tier|[Gen 9 Champions] VGC 2026 Reg M-A\n|rated|\n|rule|Species Clause: Limit one of each Pok\u00e9mon\n|rule|Item Clause: Limit 1 of each item\n|clearpoke\n|poke|p1|Delphox, L50, F|\n|poke|p1|Incineroar, L50, M|\n|poke|p1|Garchomp, L50, F|\n|poke|p1|Farigiraf, L50, M|\n|poke|p1|Rotom-Mow, L50|\n|poke|p1|Clefable, L50, M|\n|poke|p2|Scizor, L50, M|\n|poke|p2|Rotom-Wash, L50|\n|poke|p2|Arcanine-Hisui, L50, F|\n|poke|p2|Sinistcha, L50|\n|poke|p2|Dragapult, L50, F|\n|poke|p2|Kingambit, L50, M|\n|teampreview|4\niliketobehome rejected open team sheets.\n|c|\u2606iliketobehome|glhf\n|\n|t:|1775985864\n|teamsize|p1|4\n|teamsize|p2|4\n|start\n|switch|p1a: Zory|Delphox, L50, F, shiny|100/100\n|switch|p1b: The Grass Reaper|Rotom-Mow, L50|100/100\n|switch|p2a: Kingambit|Kingambit, L50, M|100/100\n|switch|p2b: Arcanine|Arcanine-Hisui, L50, F|100/100\n|-ability|p2b: Arcanine|Intimidate|boost\n|-unboost|p1a: Zory|atk|1\n|-unboost|p1b: The Grass Reaper|atk|1\n|turn|1\n|inactive|Battle timer is ON: inactive players will automatically lose when time's up. (requested by iliketobehome)\n|inactive|CafeQuente8252 has 60 seconds left.\n|\n|t:|1775985905\n|detailschange|p1a: Zory|Delphox-Mega, L50, F, shiny\n|-mega|p1a: Zory|Delphox|Delphoxite\n|move|p1a: Zory|Protect|p1a: Zory\n|-singleturn|p1a: Zory|Protect\n|move|p2a: Kingambit|Sucker Punch||[still]\n|-fail|p2a: Kingambit\n|move|p2b: Arcanine|Rock Slide|p1b: The Grass Reaper|[spread] p1b\n|-activate|p1a: Zory|move: Protect\n|-damage|p1b: The Grass Reaper|71/100\n|cant|p1b: The Grass Reaper|flinch\n|\n|upkeep\n|turn|2\n|\n|t:|1775985923\n|switch|p1b: Melman|Farigiraf, L50, M|100/100\n|move|p2a: Kingambit|Sucker Punch||[still]\n|cant|p1b: Melman|ability: Armor Tail|Sucker Punch|[of] p2a: Kingambit\n|move|p2b: Arcanine|Rock Slide|p1b: Melman|[spread] p1a,p1b\n|-supereffective|p1a: Zory|1\n|-damage|p1a: Zory|14/100\n|-damage|p1b: Melman|75/100\n|move|p1a: Zory|Heat Wave|p2a: Kingambit|[spread] p2a,p2b\n|-supereffective|p2a: Kingambit|1\n|-resisted|p2b: Arcanine|2\n|-damage|p2a: Kingambit|12/100\n|-damage|p2b: Arcanine|87/100\n|\n|-heal|p1b: Melman|81/100|[from] item: Leftovers\n|upkeep\n|turn|3\n|inactive|CafeQuente8252 has 30 seconds left.\n|\n|t:|1775985954\n|switch|p1b: The Grass Reaper|Rotom-Mow, L50|71/100\n|move|p1a: Zory|Protect|p1a: Zory\n|-singleturn|p1a: Zory|Protect\n|move|p2b: Arcanine|Rock Slide|p1a: Zory|[spread] p1b\n|-activate|p1a: Zory|move: Protect\n|-damage|p1b: The Grass Reaper|39/100\n|move|p2a: Kingambit|Kowtow Cleave|p1b: The Grass Reaper\n|-damage|p1b: The Grass Reaper|0 fnt\n|faint|p1b: The Grass Reaper\n|\n|upkeep\n|\n|t:|1775985970\n|switch|p1b: Cynthia|Garchomp, L50, F|100/100\n|turn|4\n|\n|t:|1775985979\n|switch|p1a: Melman|Farigiraf, L50, M|81/100\n|move|p2a: Kingambit|Sucker Punch||[still]\n|cant|p1a: Melman|ability: Armor Tail|Sucker Punch|[of] p2a: Kingambit\n|move|p2b: Arcanine|Rock Slide|p1b: Cynthia|[spread] p1a,p1b\n|-resisted|p1b: Cynthia|1\n|-crit|p1b: Cynthia\n|-damage|p1a: Melman|56/100\n|-damage|p1b: Cynthia|77/100\n|move|p1b: Cynthia|Earthquake|p2a: Kingambit|[spread] p1a,p2a,p2b\n|-supereffective|p2a: Kingambit|1\n|-supereffective|p2b: Arcanine|2\n|-damage|p1a: Melman|18/100\n|-damage|p2a: Kingambit|0 fnt\n|-damage|p2b: Arcanine|0 fnt\n|faint|p2a: Kingambit\n|faint|p2b: Arcanine\n|\n|-heal|p1a: Melman|24/100|[from] item: Leftovers\n|upkeep\n|\n|t:|1775985986\n|switch|p2b: Dragapult|Dragapult, L50, F|100/100\n|switch|p2a: Rotom|Rotom-Wash, L50|100/100\n|turn|5\n|inactive|CafeQuente8252 has 30 seconds left.\n|inactive|CafeQuente8252 has 20 seconds left.\n|inactive|CafeQuente8252 has 15 seconds left.\n|\n|t:|1775986028\n|move|p1a: Melman|Helping Hand|p1b: Cynthia\n|-singleturn|p1b: Cynthia|Helping Hand|[of] p1a: Melman\n|move|p2b: Dragapult|Dragon Darts|p1b: Cynthia\n|-supereffective|p1b: Cynthia|1\n|-damage|p1b: Cynthia|25/100\n|-anim|p2b: Dragapult|Dragon Darts|p1a: Melman\n|-crit|p1a: Melman\n|-damage|p1a: Melman|0 fnt\n|faint|p1a: Melman\n|move|p1b: Cynthia|Dragon Claw|p2b: Dragapult\n|-supereffective|p2b: Dragapult|1\n|-enditem|p2b: Dragapult|Focus Sash\n|-damage|p2b: Dragapult|1/100\n|move|p2a: Rotom|Hydro Pump|p1b: Cynthia\n|-damage|p1b: Cynthia|0 fnt\n|faint|p1b: Cynthia\n|\n|upkeep\n|c|\u2606iliketobehome|gg\n|c|\u2606iliketobehome|wp\n|\n|t:|1775986052\n|switch|p1a: Zory|Delphox-Mega, L50, F, shiny|14/100\n|turn|6\n|\n|t:|1775986060\n|move|p2b: Dragapult|Dragon Darts|p1a: Zory\n|-damage|p1a: Zory|0 fnt\n|faint|p1a: Zory\n|\n|win|iliketobehome\n|raw|CafeQuente8252's rating: 1087 &rarr; <strong>1069</strong><br />(-18 for losing)\n|raw|iliketobehome's rating: 1171 &rarr; <strong>1190</strong><br />(+19 for winning)\n|l|\u2606CafeQuente8252\n|player|p1|\n",
  "uploadtime": 1775986072,
  "views": 37,
  "formatid": "gen9championsvgc2026regma",
  "rating": 1069,
  "private": 0,
  "password": null
}