{
  "id": "gen9championsvgc2026regma-2588237094",
  "format": "[Gen 9 Champions] VGC 2026 Reg M-A",
  "players": [
    "sdlt 2krl coolguy",
    "maicher"
  ],
  "log": "|raw|<div class=\"broadcast-blue\"><strong>This battle is required to be public due to a player having a name starting with 'sdlt'.</div>\n|j|\u2606sdlt 2krl coolguy\n|j|\u2606maicher\n|t:|1776616960\n|gametype|doubles\n|player|p1|sdlt 2krl coolguy|leon-masters2|1309\n|player|p2|maicher|dawn-masters3|1255\n|gen|9\n|tier|[Gen 9 Champions] VGC 2026 Reg M-A\n|rated|\n|rule|Species Clause: Limit one of each Pok\u00e9mon\n|rule|Item Clause: Limit 1 of each item\n|clearpoke\n|poke|p1|Floette-Eternal, L50, F|\n|poke|p1|Incineroar, L50, F|\n|poke|p1|Sinistcha, L50|\n|poke|p1|Garchomp, L50, F|\n|poke|p1|Sneasler, L50, F|\n|poke|p1|Kingambit, L50, M|\n|poke|p2|Pinsir, L50, M|\n|poke|p2|Talonflame, L50, F|\n|poke|p2|Excadrill, L50, M|\n|poke|p2|Blastoise, L50, F|\n|poke|p2|Sinistcha, L50|\n|poke|p2|Weavile, L50, M|\n|teampreview|4\n|inactive|Battle timer is ON: inactive players will automatically lose when time's up. (requested by sdlt 2krl coolguy)\n|\n|t:|1776616983\n|teamsize|p1|4\n|teamsize|p2|4\n|start\n|switch|p1a: Incineroar|Incineroar, L50, F|100/100\n|switch|p1b: Floette|Floette-Eternal, L50, F|100/100\n|switch|p2a: Talonflame|Talonflame, L50, F|100/100\n|switch|p2b: Pinsir|Pinsir, L50, M|100/100\n|-ability|p1a: Incineroar|Intimidate|boost\n|-unboost|p2a: Talonflame|atk|1\n|-fail|p2b: Pinsir|unboost|Attack|[from] ability: Hyper Cutter|[of] p2b: Pinsir\n|turn|1\n|\n|t:|1776617006\n|detailschange|p2b: Pinsir|Pinsir-Mega, L50, M\n|-mega|p2b: Pinsir|Pinsir|Pinsirite\n|detailschange|p1b: Floette|Floette-Mega, L50, F\n|-mega|p1b: Floette|Floette|Floettite\n|-ability|p1b: Floette|Fairy Aura\n|move|p2a: Talonflame|Upper Hand|p1a: Incineroar\n|-supereffective|p1a: Incineroar|1\n|-enditem|p1a: Incineroar|Chople Berry|[eat]\n|-enditem|p1a: Incineroar|Chople Berry|[weaken]\n|-damage|p1a: Incineroar|92/100\n|cant|p1a: Incineroar|flinch\n|move|p2b: Pinsir|Close Combat|p1a: Incineroar\n|-supereffective|p1a: Incineroar|1\n|-damage|p1a: Incineroar|25/100\n|-unboost|p2b: Pinsir|def|1\n|-unboost|p2b: Pinsir|spd|1\n|move|p1b: Floette|Dazzling Gleam|p2a: Talonflame|[spread] p2a,p2b\n|-resisted|p2a: Talonflame|1\n|-damage|p2a: Talonflame|61/100\n|-damage|p2b: Pinsir|16/100\n|\n|upkeep\n|turn|2\n|\n|t:|1776617027\n|switch|p1a: Garchomp|Garchomp, L50, F|100/100\n|move|p2a: Talonflame|Tailwind|p2a: Talonflame\n|-sidestart|p2: maicher|move: Tailwind\n|move|p2b: Pinsir|Giga Impact|p1b: Floette\n|-damage|p1b: Floette|0 fnt\n|-mustrecharge|p2b: Pinsir\n|faint|p1b: Floette\n|\n|upkeep\n|\n|t:|1776617039\n|switch|p1b: Incineroar|Incineroar, L50, F|25/100\n|-ability|p1b: Incineroar|Intimidate|boost\n|-unboost|p2a: Talonflame|atk|1\n|-unboost|p2b: Pinsir|atk|1\n|turn|3\n|\n|t:|1776617045\n|move|p2a: Talonflame|Upper Hand||[still]\n|-fail|p2a: Talonflame\n|cant|p2b: Pinsir|recharge\n|move|p1a: Garchomp|Rock Slide|p2a: Talonflame|[spread] p2b\n|-miss|p1a: Garchomp|p2a: Talonflame\n|-supereffective|p2b: Pinsir|2\n|-damage|p2b: Pinsir|0 fnt\n|faint|p2b: Pinsir\n|move|p1b: Incineroar|Darkest Lariat|p2a: Talonflame\n|-damage|p2a: Talonflame|9/100\n|\n|upkeep\n|\n|t:|1776617051\n|switch|p2b: Excadrill|Excadrill, L50, M|100/100\n|-ability|p2b: Excadrill|Mold Breaker\n|turn|4\n|\n|t:|1776617060\n|move|p2b: Excadrill|Earthquake|p1a: Garchomp|[spread] p1a,p1b\n|-immune|p2a: Talonflame\n|-crit|p1a: Garchomp\n|-supereffective|p1b: Incineroar|1\n|-damage|p1a: Garchomp|44/100\n|-damage|p1b: Incineroar|0 fnt\n|faint|p1b: Incineroar\n|move|p2a: Talonflame|Acrobatics|p1a: Garchomp\n|-damage|p1a: Garchomp|23/100\n|-damage|p2a: Talonflame|0 fnt|[from] ability: Rough Skin|[of] p1a: Garchomp\n|faint|p2a: Talonflame\n|move|p1a: Garchomp|Stomping Tantrum|p2b: Excadrill\n|-supereffective|p2b: Excadrill|1\n|-damage|p2b: Excadrill|12/100\n|\n|upkeep\n|\n|t:|1776617073\n|switch|p2a: Weavile|Weavile, L50, M|100/100\n|switch|p1b: Sneasler|Sneasler, L50, F|100/100\n|-ability|p2a: Weavile|Pressure\n|turn|5\n|inactive|sdlt 2krl coolguy has 30 seconds left.\n|\n|t:|1776617099\n|move|p2a: Weavile|Fake Out|p1b: Sneasler\n|-damage|p1b: Sneasler|75/100\n|cant|p1b: Sneasler|flinch\n|move|p2b: Excadrill|Earthquake|p1a: Garchomp|[spread] p2a,p1a,p1b\n|-supereffective|p1b: Sneasler|1\n|-damage|p2a: Weavile|45/100\n|-damage|p1a: Garchomp|0 fnt\n|-damage|p1b: Sneasler|0 fnt\n|faint|p1a: Garchomp\n|faint|p1b: Sneasler\n|\n|win|maicher\n|raw|sdlt 2krl coolguy's rating: 1309 &rarr; <strong>1286</strong><br />(-23 for losing)\n|raw|maicher's rating: 1255 &rarr; <strong>1284</strong><br />(+29 for winning)\n",
  "uploadtime": 1776617099,
  "views": 12,
  "formatid": "gen9championsvgc2026regma",
  "rating": 1284,
  "private": 0,
  "password": null
}