{
  "id": "gen9championsvgc2026regma-2587984003",
  "format": "[Gen 9 Champions] VGC 2026 Reg M-A",
  "players": [
    "moonone",
    "ihopeafairmatch"
  ],
  "log": "|j|\u203dmoonone\n|j|\u2606ihopeafairmatch\n|t:|1776588660\n|gametype|doubles\n|player|p1|moonone|2|1471\n|player|p2|ihopeafairmatch|ghetsis|1405\n|gen|9\n|tier|[Gen 9 Champions] VGC 2026 Reg M-A\n|rated|\n|rule|Species Clause: Limit one of each Pok\u00e9mon\n|rule|Item Clause: Limit 1 of each item\n|clearpoke\n|poke|p1|Froslass, L50, F, shiny|\n|poke|p1|Milotic, L50, M, shiny|\n|poke|p1|Sneasler, L50, M|\n|poke|p1|Garchomp, L50, M|\n|poke|p1|Rotom-Wash, L50|\n|poke|p1|Kingambit, L50, F|\n|poke|p2|Farigiraf, L50, M|\n|poke|p2|Scovillain, L50, M|\n|poke|p2|Snorlax, L50, F|\n|poke|p2|Garchomp, L50, F|\n|poke|p2|Alcremie, L50, F|\n|poke|p2|Skarmory, L50, M, shiny|\n|teampreview|4\n|inactive|Battle timer is ON: inactive players will automatically lose when time's up. (requested by ihopeafairmatch)\n|inactive|moonone has 60 seconds left.\n|\n|t:|1776588692\n|teamsize|p1|4\n|teamsize|p2|4\n|start\n|switch|p1a: Froslass|Froslass, L50, F, shiny|100/100\n|switch|p1b: Milotic|Milotic, L50, M, shiny|100/100\n|switch|p2a: Scovillain|Scovillain, L50, M|100/100\n|switch|p2b: Farigiraf|Farigiraf, L50, M|100/100\n|turn|1\n|\n|t:|1776588704\n|detailschange|p2a: Scovillain|Scovillain-Mega, L50, M\n|-mega|p2a: Scovillain|Scovillain|Scovillainite\n|move|p2a: Scovillain|Rage Powder|p2a: Scovillain\n|-singleturn|p2a: Scovillain|move: Rage Powder\n|move|p1a: Froslass|Substitute|p1a: Froslass\n|-start|p1a: Froslass|Substitute\n|-damage|p1a: Froslass|76/100\n|move|p1b: Milotic|Coil|p1b: Milotic\n|-boost|p1b: Milotic|atk|1\n|-boost|p1b: Milotic|def|1\n|-boost|p1b: Milotic|accuracy|1\n|move|p2b: Farigiraf|Trick Room|p2b: Farigiraf\n|-fieldstart|move: Trick Room|[of] p2b: Farigiraf\n|\n|upkeep\n|turn|2\n|\n|t:|1776588728\n|move|p1a: Froslass|Protect|p1a: Froslass\n|-singleturn|p1a: Froslass|Protect\n|move|p2b: Farigiraf|Psychic|p1a: Froslass\n|-activate|p1a: Froslass|move: Protect\n|move|p2a: Scovillain|Overheat|p1a: Froslass\n|-activate|p1a: Froslass|move: Protect\n|move|p1b: Milotic|Hypnosis|p2a: Scovillain\n|-status|p2a: Scovillain|slp|[from] move: Hypnosis\n|\n|upkeep\n|turn|3\n|\n|t:|1776588743\n|detailschange|p1a: Froslass|Froslass-Mega, L50, F, shiny\n|-mega|p1a: Froslass|Froslass|Froslassite\n|-weather|Snowscape|[from] ability: Snow Warning|[of] p1a: Froslass\n|move|p2b: Farigiraf|Protect|p2b: Farigiraf\n|-singleturn|p2b: Farigiraf|Protect\n|cant|p2a: Scovillain|slp\n|move|p1b: Milotic|Hypnosis|p2b: Farigiraf\n|-activate|p2b: Farigiraf|move: Protect\n|move|p1a: Froslass|Blizzard|p2a: Scovillain|[spread] p2a\n|-activate|p2b: Farigiraf|move: Protect\n|-damage|p2a: Scovillain|59/100 slp\n|-status|p1a: Froslass|brn|[from] ability: Spicy Spray|[of] p2a: Scovillain\n|\n|-weather|Snowscape|[upkeep]\n|-damage|p1a: Froslass|69/100 brn|[from] brn\n|upkeep\n|turn|4\n|inactive|ihopeafairmatch has 30 seconds left.\n|\n|t:|1776588778\n|move|p1a: Froslass|Protect|p1a: Froslass\n|-singleturn|p1a: Froslass|Protect\n|move|p2b: Farigiraf|Psychic|p1a: Froslass\n|-activate|p1a: Froslass|move: Protect\n|cant|p2a: Scovillain|slp\n|move|p1b: Milotic|Hypnosis|p2b: Farigiraf\n|-status|p2b: Farigiraf|slp|[from] move: Hypnosis\n|\n|-weather|Snowscape|[upkeep]\n|-damage|p1a: Froslass|63/100 brn|[from] brn\n|upkeep\n|turn|5\n|\n|t:|1776588801\n|cant|p2b: Farigiraf|slp\n|-curestatus|p2a: Scovillain|slp|[msg]\n|move|p2a: Scovillain|Leech Seed|p1b: Milotic\n|-start|p1b: Milotic|move: Leech Seed\n|move|p1b: Milotic|Muddy Water|p2a: Scovillain|[spread] p2a,p2b\n|-damage|p2a: Scovillain|29/100\n|-damage|p2b: Farigiraf|76/100 slp\n|-unboost|p2a: Scovillain|accuracy|1\n|-status|p1b: Milotic|brn|[from] ability: Spicy Spray|[of] p2a: Scovillain\n|move|p1a: Froslass|Blizzard|p2b: Farigiraf|[spread] p2a,p2b\n|-damage|p2a: Scovillain|0 fnt\n|-damage|p2b: Farigiraf|39/100 slp\n|faint|p2a: Scovillain\n|\n|-weather|Snowscape|[upkeep]\n|-damage|p1b: Milotic|95/100 brn|[from] brn\n|-damage|p1a: Froslass|57/100 brn|[from] brn\n|-fieldend|move: Trick Room\n|upkeep\n|\n|t:|1776588808\n|switch|p2a: Snorlax|Snorlax, L50, F|100/100\n|turn|6\n|-message|ihopeafairmatch forfeited.\n|\n|win|moonone\n|raw|moonone's rating: 1471 &rarr; <strong>1487</strong><br />(+16 for winning)\n|raw|ihopeafairmatch's rating: 1405 &rarr; <strong>1389</strong><br />(-16 for losing)\n|l|\u2606ihopeafairmatch\n|player|p2|\n",
  "uploadtime": 1776588821,
  "views": 18,
  "formatid": "gen9championsvgc2026regma",
  "rating": 1389,
  "private": 0,
  "password": null
}