{
  "id": "gen9championsvgc2026regma-2588216245",
  "format": "[Gen 9 Champions] VGC 2026 Reg M-A",
  "players": [
    "Saitzo",
    "glubbyyank"
  ],
  "log": "|j|\u2606Saitzo\n|j|\u2606glubbyyank\n|t:|1776615205\n|gametype|doubles\n|player|p1|Saitzo|hilbert|1028\n|player|p2|glubbyyank|byron|1095\n|gen|9\n|tier|[Gen 9 Champions] VGC 2026 Reg M-A\n|rated|\n|rule|Species Clause: Limit one of each Pok\u00e9mon\n|rule|Item Clause: Limit 1 of each item\n|clearpoke\n|poke|p1|Scizor, L50, M|\n|poke|p1|Pelipper, L50, M|\n|poke|p1|Basculegion, L50, M, shiny|\n|poke|p1|Aggron, L50, M, shiny|\n|poke|p1|Incineroar, L50, F, shiny|\n|poke|p1|Archaludon, L50, M, shiny|\n|poke|p2|Lucario, L50, M|\n|poke|p2|Kingambit, L50, M, shiny|\n|poke|p2|Primarina, L50, M|\n|poke|p2|Aegislash, L50, F|\n|poke|p2|Pelipper, L50, F|\n|poke|p2|Sylveon, L50, M, shiny|\n|teampreview|4\n|\n|t:|1776615249\n|teamsize|p1|4\n|teamsize|p2|4\n|start\n|switch|p1a: Pelipper|Pelipper, L50, M|100/100\n|switch|p1b: Scizor|Scizor, L50, M|100/100\n|switch|p2a: Sylveon|Sylveon, L50, M, shiny|100/100\n|switch|p2b: Primarina|Primarina, L50, M|100/100\n|-weather|RainDance|[from] ability: Drizzle|[of] p1a: Pelipper\n|turn|1\n|\n|t:|1776615282\n|detailschange|p1b: Scizor|Scizor-Mega, L50, M\n|-mega|p1b: Scizor|Scizor|Scizorite\n|move|p1b: Scizor|Bullet Punch|p2a: Sylveon\n|-supereffective|p2a: Sylveon|1\n|-damage|p2a: Sylveon|0 fnt\n|faint|p2a: Sylveon\n|move|p2b: Primarina|Calm Mind|p2b: Primarina\n|-boost|p2b: Primarina|spa|1\n|-boost|p2b: Primarina|spd|1\n|move|p1a: Pelipper|Tailwind|p1a: Pelipper\n|-sidestart|p1: Saitzo|move: Tailwind\n|\n|-weather|RainDance|[upkeep]\n|upkeep\n|\n|t:|1776615295\n|switch|p2a: Kingambit|Kingambit, L50, M, shiny|100/100\n|turn|2\n|\n|t:|1776615309\n|switch|p1a: Incineroar|Incineroar, L50, F, shiny|100/100\n|-ability|p1a: Incineroar|Intimidate|boost\n|-unboost|p2a: Kingambit|atk|1\n|-ability|p2a: Kingambit|Defiant|boost\n|-boost|p2a: Kingambit|atk|2\n|-unboost|p2b: Primarina|atk|1\n|move|p2a: Kingambit|Sucker Punch||[still]\n|-fail|p2a: Kingambit\n|move|p1b: Scizor|Swords Dance|p1b: Scizor\n|-boost|p1b: Scizor|atk|2\n|move|p2b: Primarina|Moonblast|p1a: Incineroar\n|-damage|p1a: Incineroar|34/100\n|-enditem|p1a: Incineroar|Sitrus Berry|[eat]\n|-heal|p1a: Incineroar|58/100|[from] item: Sitrus Berry\n|\n|-weather|RainDance|[upkeep]\n|upkeep\n|turn|3\n|\n|t:|1776615338\n|move|p1a: Incineroar|Fake Out|p2a: Kingambit\n|-resisted|p2a: Kingambit|1\n|-damage|p2a: Kingambit|95/100\n|move|p1b: Scizor|Vacuum Wave|p2a: Kingambit\n|-supereffective|p2a: Kingambit|2\n|-damage|p2a: Kingambit|47/100\n|cant|p2a: Kingambit|flinch\n|move|p2b: Primarina|Hyper Voice|p1b: Scizor|[spread] p1a,p1b\n|-supereffective|p1a: Incineroar|1\n|-damage|p1a: Incineroar|0 fnt\n|-damage|p1b: Scizor|0 fnt\n|faint|p1a: Incineroar\n|faint|p1b: Scizor\n|\n|-weather|RainDance|[upkeep]\n|upkeep\n|\n|t:|1776615350\n|switch|p1b: Basculegion|Basculegion, L50, M, shiny|100/100\n|switch|p1a: Pelipper|Pelipper, L50, M|100/100\n|turn|4\n|\n|t:|1776615370\n|move|p2a: Kingambit|Sucker Punch|p1b: Basculegion\n|-supereffective|p1b: Basculegion|1\n|-damage|p1b: Basculegion|0 fnt\n|faint|p1b: Basculegion\n|move|p1a: Pelipper|Weather Ball|p2a: Kingambit\n|-damage|p2a: Kingambit|0 fnt\n|faint|p2a: Kingambit\n|move|p2b: Primarina|Moonblast|p1a: Pelipper\n|-enditem|p1a: Pelipper|Focus Sash\n|-damage|p1a: Pelipper|1/100\n|\n|-weather|RainDance|[upkeep]\n|-sideend|p1: Saitzo|move: Tailwind\n|upkeep\n|\n|t:|1776615384\n|switch|p2a: Aegislash|Aegislash, L50, F|100/100\n|turn|5\n|\n|t:|1776615391\n|-formechange|p2a: Aegislash|Aegislash-Blade|\n|move|p2a: Aegislash|Shadow Sneak|p1a: Pelipper\n|-damage|p1a: Pelipper|0 fnt\n|faint|p1a: Pelipper\n|\n|win|glubbyyank\n|raw|Saitzo's rating: 1028 &rarr; <strong>1017</strong><br />(-11 for losing)\n|raw|glubbyyank's rating: 1095 &rarr; <strong>1116</strong><br />(+21 for winning)\n|l|\u2606Saitzo\n|player|p1|\n",
  "uploadtime": 1776615397,
  "views": 16,
  "formatid": "gen9championsvgc2026regma",
  "rating": 1017,
  "private": 0,
  "password": null
}