{
  "id": "gen9championsvgc2026regma-2582969662",
  "format": "[Gen 9 Champions] VGC 2026 Reg M-A",
  "players": [
    "Sneasler33",
    "gibsao"
  ],
  "log": "|j|\u2606Sneasler33\n|j|\u2606gibsao\n|t:|1776129465\n|gametype|doubles\n|player|p1|Sneasler33|dawn-gen4pt|1217\n|player|p2|gibsao|fisherman|1217\n|gen|9\n|tier|[Gen 9 Champions] VGC 2026 Reg M-A\n|rated|\n|rule|Species Clause: Limit one of each Pok\u00e9mon\n|rule|Item Clause: Limit 1 of each item\n|clearpoke\n|poke|p1|Corviknight, L50, F|\n|poke|p1|Incineroar, L50, M|\n|poke|p1|Tyranitar, L50, F|\n|poke|p1|Excadrill, L50, F|\n|poke|p1|Sinistcha, L50|\n|poke|p1|Floette-Eternal, L50, F|\n|poke|p2|Chesnaught, L50, F|\n|poke|p2|Incineroar, L50, M|\n|poke|p2|Farigiraf, L50, M|\n|poke|p2|Primarina, L50, M|\n|poke|p2|Kingambit, L50, F|\n|poke|p2|Pelipper, L50, M|\n|teampreview|4\n|inactive|Battle timer is ON: inactive players will automatically lose when time's up. (requested by Sneasler33)\n|\n|t:|1776129494\n|teamsize|p1|4\n|teamsize|p2|4\n|start\n|switch|p1a: Excadrill|Excadrill, L50, F|100/100\n|switch|p1b: Tyranitar|Tyranitar, L50, F|100/100\n|switch|p2a: Chesnaught|Chesnaught, L50, F|100/100\n|switch|p2b: Incineroar|Incineroar, L50, M|100/100\n|-weather|Sandstorm|[from] ability: Sand Stream|[of] p1b: Tyranitar\n|-ability|p2b: Incineroar|Intimidate|boost\n|-unboost|p1a: Excadrill|atk|1\n|-unboost|p1b: Tyranitar|atk|1\n|turn|1\n|inactive|gibsao has 30 seconds left.\n|\n|t:|1776129522\n|detailschange|p2a: Chesnaught|Chesnaught-Mega, L50, F\n|-mega|p2a: Chesnaught|Chesnaught|Chesnaughtite\n|move|p2b: Incineroar|Fake Out|p1a: Excadrill\n|-resisted|p1a: Excadrill|1\n|-damage|p1a: Excadrill|93/100\n|cant|p1a: Excadrill|flinch\n|move|p1b: Tyranitar|Breaking Swipe|p2a: Chesnaught|[spread] p2a,p2b\n|-damage|p2a: Chesnaught|94/100\n|-damage|p2b: Incineroar|89/100\n|-unboost|p2a: Chesnaught|atk|1\n|-unboost|p2b: Incineroar|atk|1\n|move|p2a: Chesnaught|Body Press|p1b: Tyranitar\n|-supereffective|p1b: Tyranitar|2\n|-damage|p1b: Tyranitar|0 fnt\n|faint|p1b: Tyranitar\n|\n|-weather|Sandstorm|[upkeep]\n|-damage|p2b: Incineroar|83/100|[from] Sandstorm\n|-damage|p2a: Chesnaught|88/100|[from] Sandstorm\n|upkeep\n|\n|t:|1776129533\n|switch|p1b: Floette|Floette-Eternal, L50, F|100/100\n|turn|2\n|inactive|gibsao has 30 seconds left.\n|\n|t:|1776129566\n|switch|p1a: Incineroar|Incineroar, L50, M|100/100\n|-ability|p1a: Incineroar|Intimidate|boost\n|-unboost|p2a: Chesnaught|atk|1\n|-unboost|p2b: Incineroar|atk|1\n|detailschange|p1b: Floette|Floette-Mega, L50, F\n|-mega|p1b: Floette|Floette|Floettite\n|-ability|p1b: Floette|Fairy Aura\n|move|p1b: Floette|Dazzling Gleam|p2a: Chesnaught|[spread] p2a,p2b\n|-supereffective|p2a: Chesnaught|1\n|-damage|p2a: Chesnaught|5/100\n|-damage|p2b: Incineroar|35/100\n|move|p2b: Incineroar|Flare Blitz|p1a: Incineroar\n|-resisted|p1a: Incineroar|1\n|-damage|p1a: Incineroar|86/100\n|-damage|p2b: Incineroar|30/100|[from] Recoil\n|move|p2a: Chesnaught|Iron Defense|p2a: Chesnaught\n|-boost|p2a: Chesnaught|def|2\n|\n|-weather|Sandstorm|[upkeep]\n|-damage|p1b: Floette|94/100|[from] Sandstorm\n|-damage|p2b: Incineroar|24/100|[from] Sandstorm\n|-damage|p1a: Incineroar|80/100|[from] Sandstorm\n|-damage|p2a: Chesnaught|0 fnt|[from] Sandstorm\n|faint|p2a: Chesnaught\n|upkeep\n|inactive|gibsao has 30 seconds left.\n|\n|t:|1776129595\n|switch|p2a: Pelipper|Pelipper, L50, M|100/100\n|-weather|RainDance|[from] ability: Drizzle|[of] p2a: Pelipper\n|turn|3\n|\n|t:|1776129607\n|move|p2a: Pelipper|Wide Guard|p2a: Pelipper\n|-singleturn|p2a: Pelipper|Wide Guard\n|move|p1a: Incineroar|Fake Out|p2b: Incineroar\n|-damage|p2b: Incineroar|13/100\n|move|p1b: Floette|Calm Mind|p1b: Floette\n|-boost|p1b: Floette|spa|1\n|-boost|p1b: Floette|spd|1\n|cant|p2b: Incineroar|flinch\n|\n|-weather|RainDance|[upkeep]\n|upkeep\n|turn|4\n|inactive|gibsao has 30 seconds left.\n|inactive|gibsao has 20 seconds left.\n|inactive|Sneasler33 has 30 seconds left.\n|inactive|gibsao has 15 seconds left.\n|inactive|gibsao has 10 seconds left.\n|\n|t:|1776129654\n|move|p1b: Floette|Draining Kiss|p2b: Incineroar\n|-damage|p2b: Incineroar|0 fnt\n|-heal|p1b: Floette|100/100|[from] drain|[of] p2b: Incineroar\n|faint|p2b: Incineroar\n|move|p2a: Pelipper|Hurricane|p1b: Floette\n|-damage|p1b: Floette|70/100\n|move|p1a: Incineroar|Darkest Lariat|p2a: Pelipper\n|-damage|p2a: Pelipper|54/100\n|\n|-weather|RainDance|[upkeep]\n|upkeep\n|\n|t:|1776129664\n|switch|p2b: Primarina|Primarina, L50, M|100/100\n|turn|5\n|inactive|gibsao has 30 seconds left.\n|\n|t:|1776129697\n|move|p1b: Floette|Draining Kiss|p2a: Pelipper\n|-damage|p2a: Pelipper|0 fnt\n|-heal|p1b: Floette|100/100|[from] drain|[of] p2a: Pelipper\n|faint|p2a: Pelipper\n|move|p2b: Primarina|Moonblast|p1b: Floette\n|-damage|p1b: Floette|64/100\n|move|p1a: Incineroar|Parting Shot|p2b: Primarina\n|-unboost|p2b: Primarina|atk|1\n|-unboost|p2b: Primarina|spa|1\n|\n|t:|1776129704\n|switch|p1a: Excadrill|Excadrill, L50, F|93/100|[from] Parting Shot\n|\n|-weather|RainDance|[upkeep]\n|upkeep\n|turn|6\n|\n|t:|1776129713\n|move|p1b: Floette|Draining Kiss|p2b: Primarina\n|-damage|p2b: Primarina|52/100\n|-heal|p1b: Floette|100/100|[from] drain|[of] p2b: Primarina\n|move|p1a: Excadrill|Iron Head|p2b: Primarina\n|-damage|p2b: Primarina|0 fnt\n|faint|p2b: Primarina\n|\n|win|Sneasler33\n|raw|Sneasler33's rating: 1217 &rarr; <strong>1242</strong><br />(+25 for winning)\n|raw|gibsao's rating: 1217 &rarr; <strong>1192</strong><br />(-25 for losing)\n|c|\u2606Sneasler33|Gg\n",
  "uploadtime": 1776129731,
  "views": 14,
  "formatid": "gen9championsvgc2026regma",
  "rating": 1192,
  "private": 0,
  "password": null
}