{
  "id": "gen9championsvgc2026regma-2586083101",
  "format": "[Gen 9 Champions] VGC 2026 Reg M-A",
  "players": [
    "Untxch3d",
    "Drcheems19"
  ],
  "log": "|j|\u2606Untxch3d\n|j|\u2606Drcheems19\n|t:|1776397135\n|gametype|doubles\n|player|p1|Untxch3d|cynthia-gen4|1000\n|player|p2|Drcheems19|101|1090\n|gen|9\n|tier|[Gen 9 Champions] VGC 2026 Reg M-A\n|rated|\n|rule|Species Clause: Limit one of each Pok\u00e9mon\n|rule|Item Clause: Limit 1 of each item\n|clearpoke\n|poke|p1|Hatterene, L50, F|\n|poke|p1|Armarouge, L50, M|\n|poke|p1|Farigiraf, L50, F|\n|poke|p1|Sylveon, L50, M|\n|poke|p1|Kingambit, L50, M|\n|poke|p1|Archaludon, L50, F|\n|poke|p2|Diggersby, L50, M|\n|poke|p2|Heracross, L50, F|\n|poke|p2|Spiritomb, L50, F|\n|poke|p2|Kingambit, L50, F|\n|poke|p2|Torkoal, L50, M|\n|poke|p2|Greninja-*, L50, F|\n|teampreview|4\n|inactive|Battle timer is ON: inactive players will automatically lose when time's up. (requested by Untxch3d)\n|\n|t:|1776397150\n|teamsize|p1|4\n|teamsize|p2|4\n|start\n|switch|p1a: Farigiraf|Farigiraf, L50, F|100/100\n|switch|p1b: Hatterene|Hatterene, L50, F|100/100\n|switch|p2a: Diggersby|Diggersby, L50, M|100/100\n|switch|p2b: Spiritomb|Spiritomb, L50, F|100/100\n|-ability|p2b: Spiritomb|Pressure\n|turn|1\n|\n|t:|1776397167\n|move|p2a: Diggersby|Swords Dance|p2a: Diggersby\n|-boost|p2a: Diggersby|atk|2\n|move|p2b: Spiritomb|Foul Play|p1a: Farigiraf\n|-supereffective|p1a: Farigiraf|1\n|-damage|p1a: Farigiraf|42/100\n|-enditem|p1a: Farigiraf|Sitrus Berry|[eat]\n|-heal|p1a: Farigiraf|67/100|[from] item: Sitrus Berry\n|move|p1b: Hatterene|Psychic Terrain|p1b: Hatterene\n|-fieldstart|move: Psychic Terrain\n|move|p1a: Farigiraf|Trick Room|p1a: Farigiraf\n|-fieldstart|move: Trick Room|[of] p1a: Farigiraf\n|\n|upkeep\n|turn|2\n|\n|t:|1776397183\n|move|p1b: Hatterene|Dazzling Gleam|p2a: Diggersby|[spread] p2a,p2b\n|-supereffective|p2b: Spiritomb|1\n|-damage|p2a: Diggersby|69/100\n|-damage|p2b: Spiritomb|51/100\n|move|p2b: Spiritomb|Will-O-Wisp|p2a: Diggersby\n|-status|p2a: Diggersby|brn\n|move|p1a: Farigiraf|Expanding Force|p2b: Spiritomb|[spread] p2a\n|-immune|p2b: Spiritomb\n|-damage|p2a: Diggersby|11/100 brn\n|move|p2a: Diggersby|Facade|p1b: Hatterene\n|-damage|p1b: Hatterene|0 fnt\n|faint|p1b: Hatterene\n|\n|-damage|p2a: Diggersby|5/100 brn|[from] brn\n|upkeep\n|\n|t:|1776397201\n|switch|p1b: Sylveon|Sylveon, L50, M|100/100\n|turn|3\n|\n|t:|1776397206\n|move|p2a: Diggersby|Protect|p2a: Diggersby\n|-singleturn|p2a: Diggersby|Protect\n|move|p2b: Spiritomb|Foul Play|p1a: Farigiraf\n|-supereffective|p1a: Farigiraf|1\n|-damage|p1a: Farigiraf|16/100\n|move|p1a: Farigiraf|Expanding Force|p2b: Spiritomb|[spread] \n|-activate|p2a: Diggersby|move: Protect\n|-immune|p2b: Spiritomb\n|move|p1b: Sylveon|Hyper Voice|p2b: Spiritomb|[spread] p2b\n|-activate|p2a: Diggersby|move: Protect\n|-supereffective|p2b: Spiritomb|1\n|-damage|p2b: Spiritomb|0 fnt\n|faint|p2b: Spiritomb\n|\n|-damage|p2a: Diggersby|0 fnt|[from] brn\n|faint|p2a: Diggersby\n|upkeep\n|\n|t:|1776397219\n|switch|p2b: Torkoal|Torkoal, L50, M|100/100\n|switch|p2a: Kingambit|Kingambit, L50, F|100/100\n|-weather|SunnyDay|[from] ability: Drought|[of] p2b: Torkoal\n|turn|4\n|\n|t:|1776397235\n|move|p2b: Torkoal|Eruption|p1b: Sylveon|[spread] p1a,p1b\n|-damage|p1a: Farigiraf|0 fnt\n|-damage|p1b: Sylveon|26/100\n|faint|p1a: Farigiraf\n|move|p2a: Kingambit|Kowtow Cleave|p1b: Sylveon\n|-resisted|p1b: Sylveon|1\n|-damage|p1b: Sylveon|0 fnt\n|faint|p1b: Sylveon\n|\n|-weather|SunnyDay|[upkeep]\n|upkeep\n|\n|t:|1776397239\n|switch|p1b: Armarouge|Armarouge, L50, M|100/100\n|turn|5\n|\n|t:|1776397246\n|move|p2a: Kingambit|Protect|p2a: Kingambit\n|-singleturn|p2a: Kingambit|Protect\n|move|p2b: Torkoal|Earth Power|p1b: Armarouge\n|-supereffective|p1b: Armarouge|1\n|-damage|p1b: Armarouge|44/100\n|move|p1b: Armarouge|Heat Wave|p2b: Torkoal|[spread] p2b\n|-activate|p2a: Kingambit|move: Protect\n|-resisted|p2b: Torkoal|1\n|-damage|p2b: Torkoal|61/100\n|\n|-weather|SunnyDay|[upkeep]\n|-fieldend|move: Trick Room\n|-fieldend|move: Psychic Terrain\n|upkeep\n|turn|6\n|\n|t:|1776397260\n|move|p2a: Kingambit|Sucker Punch|p1b: Armarouge\n|-supereffective|p1b: Armarouge|1\n|-damage|p1b: Armarouge|0 fnt\n|faint|p1b: Armarouge\n|\n|win|Drcheems19\n|raw|Untxch3d's rating: 1000 &rarr; <strong>1000</strong><br />(+0 for losing)\n|raw|Drcheems19's rating: 1090 &rarr; <strong>1110</strong><br />(+20 for winning)\n",
  "uploadtime": 1776397264,
  "views": 24,
  "formatid": "gen9championsvgc2026regma",
  "rating": 1000,
  "private": 0,
  "password": null
}