{
  "id": "gen9championsvgc2026regma-2585849679",
  "format": "[Gen 9 Champions] VGC 2026 Reg M-A",
  "players": [
    "Maggoroni",
    "boysenorange"
  ],
  "log": "|j|\u2606Maggoroni\n|j|\u2606boysenorange\n|t:|1776375369\n|gametype|doubles\n|player|p1|Maggoroni|102|1217\n|player|p2|boysenorange|turo|1176\n|gen|9\n|tier|[Gen 9 Champions] VGC 2026 Reg M-A\n|rated|\n|rule|Species Clause: Limit one of each Pok\u00e9mon\n|rule|Item Clause: Limit 1 of each item\n|clearpoke\n|poke|p1|Basculegion, L50, M|\n|poke|p1|Pelipper, L50, M|\n|poke|p1|Meganium, L50, M|\n|poke|p1|Archaludon, L50, M|\n|poke|p1|Sneasler, L50, M|\n|poke|p1|Kingambit, L50, M|\n|poke|p2|Farigiraf, L50, M|\n|poke|p2|Gardevoir, L50, F|\n|poke|p2|Kangaskhan, L50, F|\n|poke|p2|Camerupt, L50, M|\n|poke|p2|Conkeldurr, L50, F|\n|poke|p2|Tinkaton, L50, F|\n|teampreview|4\n|inactive|Battle timer is ON: inactive players will automatically lose when time's up. (requested by Maggoroni)\n|inactive|boysenorange has 60 seconds left.\n|\n|t:|1776375406\n|teamsize|p1|4\n|teamsize|p2|4\n|start\n|switch|p1a: Basculegion|Basculegion, L50, M|100/100\n|switch|p1b: Meganium|Meganium, L50, M|100/100\n|switch|p2a: Gardevoir|Gardevoir, L50, F|100/100\n|switch|p2b: Kangaskhan|Kangaskhan, L50, F|100/100\n|turn|1\n|inactive|Maggoroni has 30 seconds left.\n|\n|t:|1776375436\n|switch|p1a: Sneasler|Sneasler, L50, M|100/100\n|detailschange|p1b: Meganium|Meganium-Mega, L50, M\n|-mega|p1b: Meganium|Meganium|Meganiumite\n|detailschange|p2a: Gardevoir|Gardevoir-Mega, L50, F\n|-mega|p2a: Gardevoir|Gardevoir|Gardevoirite\n|move|p2b: Kangaskhan|Fake Out|p1a: Sneasler\n|-damage|p1a: Sneasler|60/100\n|move|p1b: Meganium|Solar Beam||[still]\n|-prepare|p1b: Meganium|Solar Beam\n|-activate|p1b: Meganium|ability: Mega Sol\n|-anim|p1b: Meganium|Solar Beam|p2b: Kangaskhan\n|-damage|p2b: Kangaskhan|25/100\n|move|p2a: Gardevoir|Trick Room|p2a: Gardevoir\n|-fieldstart|move: Trick Room|[of] p2a: Gardevoir\n|\n|upkeep\n|turn|2\n|inactive|Maggoroni has 30 seconds left.\n|inactive|boysenorange has 30 seconds left.\n|inactive|boysenorange has 20 seconds left.\n|\n|t:|1776375478\n|move|p1a: Sneasler|Fake Out|p2a: Gardevoir\n|-damage|p2a: Gardevoir|81/100\n|move|p2b: Kangaskhan|Last Resort|p1b: Meganium\n|-damage|p1b: Meganium|23/100\n|cant|p2a: Gardevoir|flinch\n|move|p1b: Meganium|Solar Beam||[still]\n|-prepare|p1b: Meganium|Solar Beam\n|-activate|p1b: Meganium|ability: Mega Sol\n|-anim|p1b: Meganium|Solar Beam|p2b: Kangaskhan\n|-damage|p2b: Kangaskhan|0 fnt\n|faint|p2b: Kangaskhan\n|\n|upkeep\n|\n|t:|1776375489\n|switch|p2b: Conkeldurr|Conkeldurr, L50, F|100/100\n|turn|3\n|\n|t:|1776375509\n|move|p1b: Meganium|Protect|p1b: Meganium\n|-singleturn|p1b: Meganium|Protect\n|move|p2b: Conkeldurr|Close Combat|p1a: Sneasler\n|-resisted|p1a: Sneasler|1\n|-damage|p1a: Sneasler|0 fnt\n|-unboost|p2b: Conkeldurr|def|1\n|-unboost|p2b: Conkeldurr|spd|1\n|faint|p1a: Sneasler\n|move|p2a: Gardevoir|Hyper Voice|p1b: Meganium\n|-activate|p1b: Meganium|move: Protect\n|\n|upkeep\n|\n|t:|1776375516\n|switch|p1a: Pelipper|Pelipper, L50, M|100/100\n|-weather|RainDance|[from] ability: Drizzle|[of] p1a: Pelipper\n|turn|4\n|\n|t:|1776375527\n|move|p1a: Pelipper|Wide Guard|p1a: Pelipper\n|-singleturn|p1a: Pelipper|Wide Guard\n|move|p2b: Conkeldurr|Close Combat|p1b: Meganium\n|-resisted|p1b: Meganium|1\n|-damage|p1b: Meganium|0 fnt\n|-unboost|p2b: Conkeldurr|def|1\n|-unboost|p2b: Conkeldurr|spd|1\n|faint|p1b: Meganium\n|move|p2a: Gardevoir|Hyper Voice|p1a: Pelipper\n|-activate|p1a: Pelipper|move: Wide Guard\n|\n|-weather|RainDance|[upkeep]\n|upkeep\n|\n|t:|1776375533\n|switch|p1b: Basculegion|Basculegion, L50, M|100/100\n|turn|5\n|\n|t:|1776375550\n|switch|p2b: Farigiraf|Farigiraf, L50, M|100/100\n|move|p2a: Gardevoir|Psychic|p1b: Basculegion\n|-damage|p1b: Basculegion|25/100\n|-unboost|p1b: Basculegion|spd|1\n|move|p1a: Pelipper|Hurricane|p2b: Farigiraf\n|-damage|p2b: Farigiraf|70/100\n|move|p1b: Basculegion|Wave Crash|p2a: Gardevoir\n|-damage|p2a: Gardevoir|0 fnt\n|faint|p2a: Gardevoir\n|-damage|p1b: Basculegion|1/100|[from] Recoil\n|\n|-weather|RainDance|[upkeep]\n|-fieldend|move: Trick Room\n|upkeep\n|\n|t:|1776375560\n|switch|p2a: Conkeldurr|Conkeldurr, L50, F|100/100\n|turn|6\n|\n|t:|1776375583\n|move|p2b: Farigiraf|Protect|p2b: Farigiraf\n|-singleturn|p2b: Farigiraf|Protect\n|move|p1b: Basculegion|Wave Crash|p2b: Farigiraf\n|-activate|p2b: Farigiraf|move: Protect\n|move|p1a: Pelipper|Hurricane|p2a: Conkeldurr\n|-supereffective|p2a: Conkeldurr|1\n|-damage|p2a: Conkeldurr|0 fnt\n|faint|p2a: Conkeldurr\n|\n|-weather|RainDance|[upkeep]\n|upkeep\n|turn|7\n|\n|t:|1776375596\n|move|p1b: Basculegion|Wave Crash|p2b: Farigiraf\n|-damage|p2b: Farigiraf|0 fnt\n|faint|p2b: Farigiraf\n|-damage|p1b: Basculegion|0 fnt|[from] Recoil\n|faint|p1b: Basculegion\n|\n|win|Maggoroni\n|raw|Maggoroni's rating: 1217 &rarr; <strong>1239</strong><br />(+22 for winning)\n|raw|boysenorange's rating: 1176 &rarr; <strong>1154</strong><br />(-22 for losing)\n",
  "uploadtime": 1776375600,
  "views": 19,
  "formatid": "gen9championsvgc2026regma",
  "rating": 1154,
  "private": 0,
  "password": null
}