{
  "id": "gen9championsvgc2026regma-2581416676",
  "format": "[Gen 9 Champions] VGC 2026 Reg M-A",
  "players": [
    "joymaxxing",
    "Catactual"
  ],
  "log": "|j|\u2606joymaxxing\n|j|\u2606Catactual\n|t:|1775998237\n|gametype|doubles\n|player|p1|joymaxxing|elesa|1212\n|player|p2|Catactual|2|1234\n|gen|9\n|tier|[Gen 9 Champions] VGC 2026 Reg M-A\n|rated|\n|rule|Species Clause: Limit one of each Pok\u00e9mon\n|rule|Item Clause: Limit 1 of each item\n|clearpoke\n|poke|p1|Incineroar, L50, M|\n|poke|p1|Farigiraf, L50, F|\n|poke|p1|Milotic, L50, F|\n|poke|p1|Venusaur, L50, M|\n|poke|p1|Garchomp, L50, M|\n|poke|p1|Gardevoir, L50, M|\n|poke|p2|Orthworm, L50, F|\n|poke|p2|Garchomp, L50, F|\n|poke|p2|Sinistcha, L50|\n|poke|p2|Froslass, L50, F|\n|poke|p2|Incineroar, L50, M|\n|poke|p2|Dragonite, L50, F|\n|teampreview|4\n|\n|t:|1775998273\n|teamsize|p1|4\n|teamsize|p2|4\n|start\n|switch|p1a: Milotic|Milotic, L50, F|100/100\n|switch|p1b: Venusaur|Venusaur, L50, M|100/100\n|switch|p2a: Incineroar|Incineroar, L50, M|100/100\n|switch|p2b: Froslass|Froslass, L50, F|100/100\n|-ability|p2a: Incineroar|Intimidate|boost\n|-unboost|p1a: Milotic|atk|1\n|-ability|p1a: Milotic|Competitive|boost\n|-boost|p1a: Milotic|spa|2\n|-unboost|p1b: Venusaur|atk|1\n|turn|1\n|\n|t:|1775998294\n|detailschange|p2b: Froslass|Froslass-Mega, L50, F\n|-mega|p2b: Froslass|Froslass|Froslassite\n|-weather|Snowscape|[from] ability: Snow Warning|[of] p2b: Froslass\n|detailschange|p1b: Venusaur|Venusaur-Mega, L50, M\n|-mega|p1b: Venusaur|Venusaur|Venusaurite\n|move|p2a: Incineroar|Fake Out|p1a: Milotic\n|-damage|p1a: Milotic|93/100\n|move|p2b: Froslass|Aurora Veil|p2b: Froslass\n|-sidestart|p2: Catactual|move: Aurora Veil\n|cant|p1a: Milotic|flinch\n|move|p1b: Venusaur|Leech Seed|p2b: Froslass\n|-start|p2b: Froslass|move: Leech Seed\n|\n|-weather|Snowscape|[upkeep]\n|-heal|p1a: Milotic|99/100|[from] item: Leftovers\n|-damage|p2b: Froslass|88/100|[from] Leech Seed|[of] p1b: Venusaur\n|upkeep\n|turn|2\n|\n|t:|1775998315\n|move|p2b: Froslass|Thunderbolt|p1a: Milotic\n|-supereffective|p1a: Milotic|1\n|-damage|p1a: Milotic|52/100\n|move|p1a: Milotic|Scald|p2a: Incineroar\n|-supereffective|p2a: Incineroar|1\n|-damage|p2a: Incineroar|44/100\n|move|p1b: Venusaur|Sludge Bomb|p2a: Incineroar\n|-damage|p2a: Incineroar|25/100\n|move|p2a: Incineroar|Parting Shot|p1b: Venusaur\n|-unboost|p1b: Venusaur|atk|1\n|-unboost|p1b: Venusaur|spa|1\n|\n|t:|1775998327\n|switch|p2a: Garchomp|Garchomp, L50, F|100/100|[from] Parting Shot\n|\n|-weather|Snowscape|[upkeep]\n|-heal|p1a: Milotic|58/100|[from] item: Leftovers\n|-damage|p2b: Froslass|76/100|[from] Leech Seed|[of] p1b: Venusaur\n|upkeep\n|turn|3\n|\n|t:|1775998334\n|move|p1a: Milotic|Protect|p1a: Milotic\n|-singleturn|p1a: Milotic|Protect\n|move|p2b: Froslass|Thunderbolt|p1a: Milotic\n|-activate|p1a: Milotic|move: Protect\n|move|p2a: Garchomp|Stomping Tantrum|p1a: Milotic\n|-activate|p1a: Milotic|move: Protect\n|move|p1b: Venusaur|Leech Seed|p2a: Garchomp\n|-start|p2a: Garchomp|move: Leech Seed\n|\n|-weather|Snowscape|[upkeep]\n|-heal|p1a: Milotic|64/100|[from] item: Leftovers\n|-damage|p2b: Froslass|63/100|[from] Leech Seed|[of] p1b: Venusaur\n|-damage|p2a: Garchomp|88/100|[from] Leech Seed|[of] p1b: Venusaur\n|upkeep\n|turn|4\n|\n|t:|1775998358\n|switch|p1a: Incineroar|Incineroar, L50, M, shiny|100/100\n|-ability|p1a: Incineroar|Intimidate|boost\n|-unboost|p2a: Garchomp|atk|1\n|-unboost|p2b: Froslass|atk|1\n|move|p2b: Froslass|Thunderbolt|p1a: Incineroar\n|-damage|p1a: Incineroar|75/100\n|move|p2a: Garchomp|Stomping Tantrum|p1a: Incineroar\n|-supereffective|p1a: Incineroar|1\n|-damage|p1a: Incineroar|24/100\n|-enditem|p1a: Incineroar|Sitrus Berry|[eat]\n|-heal|p1a: Incineroar|49/100|[from] item: Sitrus Berry\n|move|p1b: Venusaur|Giga Drain|p2a: Garchomp\n|-damage|p2a: Garchomp|72/100\n|\n|-weather|Snowscape|[upkeep]\n|-damage|p2b: Froslass|51/100|[from] Leech Seed|[of] p1b: Venusaur\n|-damage|p2a: Garchomp|60/100|[from] Leech Seed|[of] p1b: Venusaur\n|upkeep\n|turn|5\n|\n|t:|1775998375\n|switch|p2b: Incineroar|Incineroar, L50, M|25/100\n|-ability|p2b: Incineroar|Intimidate|boost\n|-unboost|p1a: Incineroar|atk|1\n|-unboost|p1b: Venusaur|atk|1\n|switch|p2a: Orthworm|Orthworm, L50, F|100/100\n|move|p1a: Incineroar|Fake Out|p2a: Orthworm\n|-resisted|p2a: Orthworm|1\n|-damage|p2a: Orthworm|99/100\n|move|p1b: Venusaur|Giga Drain|p2a: Orthworm\n|-resisted|p2a: Orthworm|1\n|-damage|p2a: Orthworm|91/100\n|\n|-weather|none\n|-heal|p2a: Orthworm|98/100|[from] item: Leftovers\n|-sideend|p2: Catactual|move: Aurora Veil\n|upkeep\n|turn|6\n|\n|t:|1775998391\n|move|p2b: Incineroar|Fake Out|p1a: Incineroar\n|-damage|p1a: Incineroar|39/100\n|move|p1b: Venusaur|Leech Seed|p2a: Orthworm\n|-start|p2a: Orthworm|move: Leech Seed\n|move|p2a: Orthworm|Coil|p2a: Orthworm\n|-boost|p2a: Orthworm|atk|1\n|-boost|p2a: Orthworm|def|1\n|-boost|p2a: Orthworm|accuracy|1\n|cant|p1a: Incineroar|flinch\n|\n|-heal|p2a: Orthworm|100/100|[from] item: Leftovers\n|-damage|p2a: Orthworm|88/100|[from] Leech Seed|[of] p1b: Venusaur\n|upkeep\n|turn|7\n|\n|t:|1775998408\n|switch|p1a: Gardevoir|Gardevoir, L50, M|100/100\n|move|p1b: Venusaur|Sludge Bomb|p2b: Incineroar\n|-damage|p2b: Incineroar|5/100\n|-status|p2b: Incineroar|psn\n|move|p2a: Orthworm|Rock Slide|p1b: Venusaur|[spread] p1a,p1b\n|-damage|p1a: Gardevoir|74/100\n|-damage|p1b: Venusaur|90/100\n|move|p2b: Incineroar|Parting Shot|p1b: Venusaur\n|-unboost|p1b: Venusaur|atk|1\n|-unboost|p1b: Venusaur|spa|1\n|\n|t:|1775998421\n|switch|p2b: Froslass|Froslass-Mega, L50, F|51/100|[from] Parting Shot\n|-weather|Snowscape|[from] ability: Snow Warning|[of] p2b: Froslass\n|\n|-weather|Snowscape|[upkeep]\n|-heal|p2a: Orthworm|94/100|[from] item: Leftovers\n|-damage|p2a: Orthworm|82/100|[from] Leech Seed|[of] p1b: Venusaur\n|-heal|p1b: Venusaur|100/100|[silent]\n|upkeep\n|turn|8\n|\n|t:|1775998435\n|move|p1a: Gardevoir|Psychic|p2b: Froslass\n|-damage|p2b: Froslass|0 fnt\n|faint|p2b: Froslass\n|move|p1b: Venusaur|Giga Drain|p2a: Orthworm\n|-resisted|p2a: Orthworm|1\n|-damage|p2a: Orthworm|74/100\n|move|p2a: Orthworm|Iron Tail|p1a: Gardevoir\n|-supereffective|p1a: Gardevoir|1\n|-damage|p1a: Gardevoir|0 fnt\n|faint|p1a: Gardevoir\n|\n|-weather|Snowscape|[upkeep]\n|-heal|p2a: Orthworm|80/100|[from] item: Leftovers\n|-damage|p2a: Orthworm|68/100|[from] Leech Seed|[of] p1b: Venusaur\n|upkeep\n|\n|t:|1775998447\n|switch|p2b: Garchomp|Garchomp, L50, F|60/100\n|switch|p1a: Milotic|Milotic, L50, F|64/100\n|turn|9\n|\n|t:|1775998454\n|switch|p1b: Incineroar|Incineroar, L50, M, shiny|39/100\n|-ability|p1b: Incineroar|Intimidate|boost\n|-unboost|p2a: Orthworm|atk|1\n|-unboost|p2b: Garchomp|atk|1\n|move|p2b: Garchomp|Earthquake|p1b: Incineroar|[spread] p1a,p1b\n|-heal|p2a: Orthworm|93/100|[from] ability: Earth Eater|[of] p2b: Garchomp\n|-supereffective|p1b: Incineroar|1\n|-damage|p1a: Milotic|43/100\n|-damage|p1b: Incineroar|0 fnt\n|faint|p1b: Incineroar\n|move|p1a: Milotic|Recover|p1a: Milotic\n|-heal|p1a: Milotic|93/100\n|move|p2a: Orthworm|Rock Slide|p1a: Milotic\n|-damage|p1a: Milotic|80/100\n|\n|-weather|Snowscape|[upkeep]\n|-heal|p1a: Milotic|86/100|[from] item: Leftovers\n|-heal|p2a: Orthworm|99/100|[from] item: Leftovers\n|upkeep\n|\n|t:|1775998458\n|switch|p1b: Venusaur|Venusaur-Mega, L50, M|100/100\n|turn|10\n|\n|t:|1775998471\n|switch|p2b: Incineroar|Incineroar, L50, M|5/100 psn\n|-ability|p2b: Incineroar|Intimidate|boost\n|-unboost|p1a: Milotic|atk|1\n|-ability|p1a: Milotic|Competitive|boost\n|-boost|p1a: Milotic|spa|2\n|-unboost|p1b: Venusaur|atk|1\n|move|p1a: Milotic|Icy Wind|p2a: Orthworm|[spread] p2a,p2b\n|-resisted|p2a: Orthworm|1\n|-resisted|p2b: Incineroar|1\n|-damage|p2a: Orthworm|90/100\n|-damage|p2b: Incineroar|0 fnt\n|-unboost|p2a: Orthworm|spe|1\n|faint|p2b: Incineroar\n|move|p1b: Venusaur|Giga Drain|p2a: Orthworm\n|-resisted|p2a: Orthworm|1\n|-damage|p2a: Orthworm|73/100\n|move|p2a: Orthworm|Coil|p2a: Orthworm\n|-boost|p2a: Orthworm|atk|1\n|-boost|p2a: Orthworm|def|1\n|-boost|p2a: Orthworm|accuracy|1\n|\n|-weather|Snowscape|[upkeep]\n|-heal|p1a: Milotic|92/100|[from] item: Leftovers\n|-heal|p2a: Orthworm|79/100|[from] item: Leftovers\n|-damage|p2a: Orthworm|67/100|[from] Leech Seed|[of] p1b: Venusaur\n|upkeep\n|\n|t:|1775998475\n|switch|p2b: Garchomp|Garchomp, L50, F|60/100\n|turn|11\n|\n|t:|1775998481\n|move|p2b: Garchomp|Earthquake|p1a: Milotic|[spread] p1a,p1b\n|-heal|p2a: Orthworm|92/100|[from] ability: Earth Eater|[of] p2b: Garchomp\n|-damage|p1a: Milotic|57/100\n|-damage|p1b: Venusaur|72/100\n|move|p1a: Milotic|Icy Wind|p2b: Garchomp|[spread] p2a,p2b\n|-resisted|p2a: Orthworm|1\n|-supereffective|p2b: Garchomp|2\n|-damage|p2a: Orthworm|83/100\n|-damage|p2b: Garchomp|0 fnt\n|-unboost|p2a: Orthworm|spe|1\n|faint|p2b: Garchomp\n|move|p1b: Venusaur|Leech Seed||[still]\n|-fail|p1b: Venusaur\n|move|p2a: Orthworm|Rock Slide|p1a: Milotic|[spread] p1a,p1b\n|-damage|p1a: Milotic|45/100\n|-damage|p1b: Venusaur|61/100\n|\n|-weather|none\n|-heal|p1a: Milotic|50/100|[from] item: Leftovers\n|-heal|p2a: Orthworm|89/100|[from] item: Leftovers\n|-damage|p2a: Orthworm|77/100|[from] Leech Seed|[of] p1b: Venusaur\n|-heal|p1b: Venusaur|73/100|[silent]\n|upkeep\n|turn|12\n|l|\u2606Catactual\n|player|p2|\n|inactive|Battle timer is ON: inactive players will automatically lose when time's up. (requested by joymaxxing)\n|inactive|Catactual has 30 seconds to reconnect!\n|inactive|Catactual has 20 seconds to reconnect!\n|inactive|Catactual has 15 seconds to reconnect!\n|inactive|Catactual has 10 seconds to reconnect!\n|inactive|Catactual has 5 seconds to reconnect!\n|-message|Catactual lost due to inactivity.\n|\n|win|joymaxxing\n|raw|joymaxxing's rating: 1212 &rarr; <strong>1239</strong><br />(+27 for winning)\n|raw|Catactual's rating: 1234 &rarr; <strong>1207</strong><br />(-27 for losing)\n",
  "uploadtime": 1775998575,
  "views": 48,
  "formatid": "gen9championsvgc2026regma",
  "rating": 1207,
  "private": 0,
  "password": null
}