{
  "id": "gen9championsvgc2026regma-2584929885",
  "format": "[Gen 9 Champions] VGC 2026 Reg M-A",
  "players": [
    "TheKingofBakas",
    "trollsoul"
  ],
  "log": "|j|\u2606TheKingofBakas\n|j|\u2606trollsoul\n|t:|1776295503\n|gametype|doubles\n|player|p1|TheKingofBakas|101|1101\n|player|p2|trollsoul|veteran|1082\n|gen|9\n|tier|[Gen 9 Champions] VGC 2026 Reg M-A\n|rated|\n|rule|Species Clause: Limit one of each Pok\u00e9mon\n|rule|Item Clause: Limit 1 of each item\n|clearpoke\n|poke|p1|Tyranitar, L50, M|\n|poke|p1|Garchomp, L50, F|\n|poke|p1|Dragonite, L50, M|\n|poke|p1|Sinistcha, L50|\n|poke|p1|Archaludon, L50, F|\n|poke|p1|Basculegion, L50, M|\n|poke|p2|Sneasler, L50, M|\n|poke|p2|Milotic, L50, M|\n|poke|p2|Whimsicott, L50, M|\n|poke|p2|Froslass, L50, F|\n|poke|p2|Charizard, L50, F|\n|poke|p2|Glaceon, L50, F|\n|teampreview|4\n|inactive|Battle timer is ON: inactive players will automatically lose when time's up. (requested by TheKingofBakas)\n|inactive|TheKingofBakas has 60 seconds left.\n|inactive|trollsoul has 60 seconds left.\n|\n|t:|1776295543\n|teamsize|p1|4\n|teamsize|p2|4\n|start\n|switch|p1a: Dragonite|Dragonite, L50, M|100/100\n|switch|p1b: Sinistcha|Sinistcha, L50|100/100\n|switch|p2a: maconheiro|Whimsicott, L50, M, shiny|100/100\n|switch|p2b: leidiboi|Milotic, L50, M, shiny|100/100\n|turn|1\n|inactive|trollsoul has 30 seconds left.\n|\n|t:|1776295576\n|move|p2a: maconheiro|Tailwind|p2a: maconheiro\n|-sidestart|p2: trollsoul|move: Tailwind\n|move|p2b: leidiboi|Icy Wind|p1b: Sinistcha|[spread] p1a,p1b\n|-supereffective|p1a: Dragonite|2\n|-supereffective|p1b: Sinistcha|1\n|-damage|p1a: Dragonite|80/100\n|-damage|p1b: Sinistcha|71/100\n|-unboost|p1a: Dragonite|spe|1\n|-unboost|p1b: Sinistcha|spe|1\n|move|p1a: Dragonite|Tailwind|p1a: Dragonite\n|-sidestart|p1: TheKingofBakas|move: Tailwind\n|move|p1b: Sinistcha|Matcha Gotcha|p2b: leidiboi|[spread] p2a,p2b\n|-resisted|p2a: maconheiro|1\n|-supereffective|p2b: leidiboi|1\n|-damage|p2a: maconheiro|84/100\n|-heal|p1b: Sinistcha|79/100|[from] drain|[of] p2a: maconheiro\n|-damage|p2b: leidiboi|56/100\n|-heal|p1b: Sinistcha|100/100|[from] drain|[of] p2b: leidiboi\n|\n|-heal|p1a: Dragonite|86/100|[from] item: Leftovers\n|upkeep\n|turn|2\n|inactive|trollsoul has 30 seconds left.\n|\n|t:|1776295609\n|move|p1a: Dragonite|Extreme Speed|p2a: maconheiro\n|-damage|p2a: maconheiro|56/100\n|move|p2a: maconheiro|Encore|p1a: Dragonite\n|-start|p1a: Dragonite|Encore\n|move|p2b: leidiboi|Icy Wind|p1b: Sinistcha|[spread] p1a,p1b\n|-supereffective|p1a: Dragonite|2\n|-supereffective|p1b: Sinistcha|1\n|-damage|p1a: Dragonite|46/100\n|-damage|p1b: Sinistcha|71/100\n|-unboost|p1a: Dragonite|spe|1\n|-unboost|p1b: Sinistcha|spe|1\n|move|p1b: Sinistcha|Matcha Gotcha|p2a: maconheiro|[spread] p2a,p2b\n|-resisted|p2a: maconheiro|1\n|-supereffective|p2b: leidiboi|1\n|-damage|p2a: maconheiro|39/100\n|-heal|p1b: Sinistcha|80/100|[from] drain|[of] p2a: maconheiro\n|-damage|p2b: leidiboi|7/100\n|-heal|p1b: Sinistcha|100/100|[from] drain|[of] p2b: leidiboi\n|-status|p2a: maconheiro|brn\n|-enditem|p2b: leidiboi|Sitrus Berry|[eat]\n|-heal|p2b: leidiboi|32/100|[from] item: Sitrus Berry\n|\n|-heal|p1a: Dragonite|52/100|[from] item: Leftovers\n|-damage|p2a: maconheiro|33/100 brn|[from] brn\n|upkeep\n|turn|3\n|inactive|trollsoul has 30 seconds left.\n|\n|t:|1776295642\n|switch|p2a: nidhoggr|Charizard, L50, F|100/100\n|switch|p2b: tatequieto|Sneasler, L50, M, shiny|100/100\n|move|p1a: Dragonite|Extreme Speed|p2a: nidhoggr\n|-damage|p2a: nidhoggr|66/100\n|move|p1b: Sinistcha|Matcha Gotcha|p2b: tatequieto|[spread] p2a,p2b\n|-resisted|p2a: nidhoggr|2\n|-resisted|p2b: tatequieto|1\n|-damage|p2a: nidhoggr|53/100\n|-damage|p2b: tatequieto|79/100\n|\n|-heal|p1a: Dragonite|58/100|[from] item: Leftovers\n|upkeep\n|turn|4\n|\n|t:|1776295665\n|detailschange|p2a: nidhoggr|Charizard-Mega-X, L50, F\n|-mega|p2a: nidhoggr|Charizard|Charizardite X\n|move|p2b: tatequieto|Protect|p2b: tatequieto\n|-singleturn|p2b: tatequieto|Protect\n|move|p1a: Dragonite|Extreme Speed|p2b: tatequieto\n|-activate|p2b: tatequieto|move: Protect\n|move|p2a: nidhoggr|Heat Wave|p1b: Sinistcha|[spread] p1a,p1b\n|-resisted|p1a: Dragonite|1\n|-supereffective|p1b: Sinistcha|1\n|-damage|p1a: Dragonite|40/100\n|-damage|p1b: Sinistcha|9/100\n|move|p1b: Sinistcha|Strength Sap|p2b: tatequieto\n|-activate|p2b: tatequieto|move: Protect\n|\n|-heal|p1a: Dragonite|46/100|[from] item: Leftovers\n|-sideend|p2: trollsoul|move: Tailwind\n|-sideend|p1: TheKingofBakas|move: Tailwind\n|upkeep\n|turn|5\n|inactive|trollsoul has 30 seconds left.\n|\n|t:|1776295697\n|switch|p1a: Tyranitar|Tyranitar, L50, M|100/100\n|-weather|Sandstorm|[from] ability: Sand Stream|[of] p1a: Tyranitar\n|move|p1b: Sinistcha|Protect|p1b: Sinistcha\n|-singleturn|p1b: Sinistcha|Protect\n|move|p2b: tatequieto|Close Combat|p1a: Tyranitar\n|-supereffective|p1a: Tyranitar|2\n|-enditem|p1a: Tyranitar|Focus Sash\n|-damage|p1a: Tyranitar|1/100\n|-unboost|p2b: tatequieto|def|1\n|-unboost|p2b: tatequieto|spd|1\n|-enditem|p2b: tatequieto|White Herb\n|-clearnegativeboost|p2b: tatequieto|[silent]\n|move|p2a: nidhoggr|Heat Wave|p1b: Sinistcha|[spread] p1a\n|-activate|p1b: Sinistcha|move: Protect\n|-resisted|p1a: Tyranitar|1\n|-damage|p1a: Tyranitar|0 fnt\n|faint|p1a: Tyranitar\n|\n|-weather|Sandstorm|[upkeep]\n|-damage|p2b: tatequieto|73/100|[from] Sandstorm\n|-damage|p2a: nidhoggr|48/100|[from] Sandstorm\n|-damage|p1b: Sinistcha|3/100|[from] Sandstorm\n|upkeep\n|\n|t:|1776295705\n|switch|p1a: Dragonite|Dragonite, L50, M|46/100\n|turn|6\n|inactive|trollsoul has 30 seconds left.\n|\n|t:|1776295736\n|move|p2b: tatequieto|Protect|p2b: tatequieto\n|-singleturn|p2b: tatequieto|Protect\n|move|p2a: nidhoggr|Dragon Claw|p1a: Dragonite\n|-supereffective|p1a: Dragonite|1\n|-damage|p1a: Dragonite|0 fnt\n|faint|p1a: Dragonite\n|move|p1b: Sinistcha|Strength Sap|p2b: tatequieto\n|-activate|p2b: tatequieto|move: Protect\n|\n|-weather|Sandstorm|[upkeep]\n|-damage|p2b: tatequieto|67/100|[from] Sandstorm\n|-damage|p2a: nidhoggr|42/100|[from] Sandstorm\n|-damage|p1b: Sinistcha|0 fnt|[from] Sandstorm\n|faint|p1b: Sinistcha\n|upkeep\n|\n|t:|1776295740\n|switch|p1b: Garchomp|Garchomp, L50, F|100/100\n|turn|7\n|\n|t:|1776295764\n|detailschange|p1b: Garchomp|Garchomp-Mega, L50, F\n|-mega|p1b: Garchomp|Garchomp|Garchompite\n|move|p2a: nidhoggr|Protect|p2a: nidhoggr\n|-singleturn|p2a: nidhoggr|Protect\n|move|p2b: tatequieto|Close Combat|p1b: Garchomp\n|-damage|p1b: Garchomp|36/100\n|-unboost|p2b: tatequieto|def|1\n|-unboost|p2b: tatequieto|spd|1\n|move|p1b: Garchomp|Rock Slide|p2a: nidhoggr|[spread] p2b\n|-activate|p2a: nidhoggr|move: Protect\n|-resisted|p2b: tatequieto|1\n|-damage|p2b: tatequieto|29/100\n|\n|-weather|Sandstorm|[upkeep]\n|-damage|p2b: tatequieto|23/100|[from] Sandstorm\n|-damage|p2a: nidhoggr|36/100|[from] Sandstorm\n|upkeep\n|turn|8\n|inactive|trollsoul has 30 seconds left.\n|\n|t:|1776295797\n|move|p2b: tatequieto|Throat Chop|p1b: Garchomp\n|-damage|p1b: Garchomp|8/100\n|-start|p1b: Garchomp|Throat Chop|[silent]\n|move|p1b: Garchomp|Rock Slide|p2b: tatequieto|[spread] p2a,p2b\n|-supereffective|p2a: nidhoggr|1\n|-resisted|p2b: tatequieto|1\n|-damage|p2a: nidhoggr|0 fnt\n|-damage|p2b: tatequieto|0 fnt\n|faint|p2a: nidhoggr\n|faint|p2b: tatequieto\n|\n|-weather|Sandstorm|[upkeep]\n|upkeep\n|\n|t:|1776295809\n|switch|p2b: maconheiro|Whimsicott, L50, M, shiny|33/100 brn\n|switch|p2a: leidiboi|Milotic, L50, M, shiny|32/100\n|turn|9\n|\n|t:|1776295820\n|move|p2b: maconheiro|Tailwind|p2b: maconheiro\n|-sidestart|p2: trollsoul|move: Tailwind\n|move|p2a: leidiboi|Icy Wind|p1b: Garchomp\n|-supereffective|p1b: Garchomp|2\n|-damage|p1b: Garchomp|0 fnt\n|faint|p1b: Garchomp\n|\n|win|trollsoul\n|raw|TheKingofBakas's rating: 1101 &rarr; <strong>1075</strong><br />(-26 for losing)\n|raw|trollsoul's rating: 1082 &rarr; <strong>1111</strong><br />(+29 for winning)\n|l|\u2606TheKingofBakas\n|player|p1|\n",
  "uploadtime": 1776295835,
  "views": 17,
  "formatid": "gen9championsvgc2026regma",
  "rating": 1075,
  "private": 0,
  "password": null
}