{
  "id": "gen9championsvgc2026regma-2586255915",
  "format": "[Gen 9 Champions] VGC 2026 Reg M-A",
  "players": [
    "ydudz",
    "Tilzy"
  ],
  "log": "|j|\u2606ydudz\n|j|\u2606Tilzy\n|t:|1776418011\n|gametype|doubles\n|player|p1|ydudz|gentleman|\n|player|p2|Tilzy|morty|\n|gen|9\n|tier|[Gen 9 Champions] VGC 2026 Reg M-A\n|rated|Tournament battle\n|rule|Species Clause: Limit one of each Pok\u00e9mon\n|rule|Item Clause: Limit 1 of each item\n|raw|<div class=\"infobox\"><details class=\"readmore\" open><summary><strong>1 custom rule:</strong></summary> Force Open Team Sheets</details></div>\n|clearpoke\n|poke|p1|Froslass, L50, F|\n|poke|p1|Sneasler, L50, M|\n|poke|p1|Aerodactyl, L50, M|\n|poke|p1|Garchomp, L50, F|\n|poke|p1|Kingambit, L50, F|\n|poke|p1|Rotom-Wash, L50|\n|poke|p2|Froslass, L50, F|\n|poke|p2|Kingambit, L50, M|\n|poke|p2|Sneasler, L50, M|\n|poke|p2|Sinistcha, L50|\n|poke|p2|Palafin, L50, M|\n|poke|p2|Volcarona, L50, F|\n|teampreview|4\n|showteam|p1|Froslass||Froslassite|SnowCloak|Blizzard,ShadowBall,Protect,AuroraVeil|||F|||50|]Sneasler||WhiteHerb|Unburden|FakeOut,Protect,DireClaw,CloseCombat|||M|||50|]Aerodactyl||FocusSash|Unnerve|RockSlide,DualWingbeat,Tailwind,Protect|||M|||50|]Garchomp||LumBerry|RoughSkin|Earthquake,DragonClaw,StompingTantrum,Protect|||F|||50|]Kingambit||BlackGlasses|Defiant|IronHead,KowtowCleave,SuckerPunch,Protect|||F|||50|]Rotom-Wash||ChoiceScarf|Levitate|VoltSwitch,Thunderbolt,HydroPump,Electroweb||||||50|\n|showteam|p2|Froslass||Froslassite|SnowCloak|Blizzard,ShadowBall,AuroraVeil,Protect|||F|||50|]Kingambit||ChopleBerry|Defiant|KowtowCleave,SuckerPunch,SwordsDance,Protect|||M|||50|]Sneasler||WhiteHerb|Unburden|FakeOut,CloseCombat,DireClaw,Protect|||M|||50|]Sinistcha||SitrusBerry|Hospitality|RagePowder,MatchaGotcha,LifeDew,Protect||||||50|]Palafin||MysticWater|ZerotoHero|WaveCrash,CloseCombat,JetPunch,Protect|||M|||50|]Volcarona||Leftovers|FlameBody|HeatWave,GigaDrain,QuiverDance,Protect|||F|||50|\n|inactive|Battle timer is ON: inactive players will automatically lose when time's up. (requested by ydudz)\n|\n|t:|1776418033\n|teamsize|p1|4\n|teamsize|p2|4\n|start\n|switch|p1a: Froslass|Froslass, L50, F|100/100\n|switch|p1b: Rotom|Rotom-Wash, L50|100/100\n|switch|p2a: Palafin|Palafin, L50, M|100/100\n|switch|p2b: Sneasler|Sneasler, L50, M|100/100\n|turn|1\n|j| Glitch30\n|\n|t:|1776418051\n|detailschange|p2a: Palafin|Palafin-Hero, L50, M\n|switch|p2a: Kingambit|Kingambit, L50, M, shiny|100/100\n|detailschange|p1a: Froslass|Froslass-Mega, L50, F\n|-mega|p1a: Froslass|Froslass|Froslassite\n|-weather|Snowscape|[from] ability: Snow Warning|[of] p1a: Froslass\n|move|p1b: Rotom|Electroweb|p2b: Sneasler|[spread] p2a,p2b\n|-damage|p2a: Kingambit|79/100\n|-damage|p2b: Sneasler|73/100\n|-unboost|p2a: Kingambit|spe|1\n|-ability|p2a: Kingambit|Defiant|boost\n|-boost|p2a: Kingambit|atk|2\n|-unboost|p2b: Sneasler|spe|1\n|-enditem|p2b: Sneasler|White Herb\n|-clearnegativeboost|p2b: Sneasler|[silent]\n|move|p2b: Sneasler|Dire Claw|p1a: Froslass\n|-resisted|p1a: Froslass|1\n|-damage|p1a: Froslass|82/100\n|move|p1a: Froslass|Blizzard|p2a: Kingambit|[spread] p2a,p2b\n|-resisted|p2a: Kingambit|1\n|-damage|p2a: Kingambit|58/100\n|-damage|p2b: Sneasler|14/100\n|-status|p2a: Kingambit|frz\n|-status|p2b: Sneasler|frz\n|\n|-weather|Snowscape|[upkeep]\n|upkeep\n|turn|2\n|inactive|Tilzy has 30 seconds left.\n|c|\u2606Tilzy|Nice\n|\n|t:|1776418083\n|switch|p2b: Palafin|Palafin-Hero, L50, M|100/100\n|-activate|p2b: Palafin|ability: Zero to Hero\n|cant|p2a: Kingambit|frz\n|move|p1b: Rotom|Electroweb|p2b: Palafin|[spread] p2a,p2b\n|-supereffective|p2b: Palafin|1\n|-crit|p2b: Palafin\n|-damage|p2a: Kingambit|39/100 frz\n|-damage|p2b: Palafin|48/100\n|-unboost|p2a: Kingambit|spe|1\n|-ability|p2a: Kingambit|Defiant|boost\n|-boost|p2a: Kingambit|atk|2\n|-unboost|p2b: Palafin|spe|1\n|move|p1a: Froslass|Blizzard|p2b: Palafin|[spread] p2a,p2b\n|-resisted|p2a: Kingambit|1\n|-resisted|p2b: Palafin|1\n|-damage|p2a: Kingambit|15/100 frz\n|-damage|p2b: Palafin|27/100\n|\n|-weather|Snowscape|[upkeep]\n|upkeep\n|turn|3\n|\n|t:|1776418094\n|cant|p2a: Kingambit|frz\n|move|p1b: Rotom|Electroweb|p2b: Palafin|[spread] p2a,p2b\n|-supereffective|p2b: Palafin|1\n|-damage|p2a: Kingambit|0 fnt\n|-damage|p2b: Palafin|0 fnt\n|faint|p2a: Kingambit\n|faint|p2b: Palafin\n|move|p1a: Froslass|Blizzard|p2: Kingambit|[notarget]\n|-fail|p1a: Froslass\n|\n|-weather|Snowscape|[upkeep]\n|upkeep\n|\n|t:|1776418101\n|switch|p2b: Sneasler|Sneasler, L50, M|14/100 frz\n|switch|p2a: Volcarona|Volcarona, L50, F|100/100\n|turn|4\n|\n|t:|1776418106\n|cant|p2b: Sneasler|frz\n|move|p1b: Rotom|Electroweb|p2a: Volcarona|[spread] p2a,p2b\n|-damage|p2a: Volcarona|83/100\n|-damage|p2b: Sneasler|0 fnt\n|-unboost|p2a: Volcarona|spe|1\n|faint|p2b: Sneasler\n|move|p1a: Froslass|Shadow Ball|p2a: Volcarona\n|-damage|p2a: Volcarona|43/100\n|move|p2a: Volcarona|Quiver Dance|p2a: Volcarona\n|-boost|p2a: Volcarona|spa|1\n|-boost|p2a: Volcarona|spd|1\n|-boost|p2a: Volcarona|spe|1\n|\n|-weather|Snowscape|[upkeep]\n|-heal|p2a: Volcarona|49/100|[from] item: Leftovers\n|upkeep\n|turn|5\n|l| Glitch30\n|j| Gerryjunior\n|\n|t:|1776418117\n|move|p1b: Rotom|Electroweb|p2a: Volcarona\n|-damage|p2a: Volcarona|33/100\n|-unboost|p2a: Volcarona|spe|1\n|move|p1a: Froslass|Shadow Ball|p2a: Volcarona\n|-damage|p2a: Volcarona|8/100\n|move|p2a: Volcarona|Heat Wave|p1b: Rotom|[spread] p1a,p1b\n|-supereffective|p1a: Froslass|1\n|-resisted|p1b: Rotom|1\n|-damage|p1a: Froslass|0 fnt\n|-damage|p1b: Rotom|62/100\n|faint|p1a: Froslass\n|\n|-weather|none\n|-heal|p2a: Volcarona|14/100|[from] item: Leftovers\n|upkeep\n|\n|t:|1776418125\n|switch|p1a: Sneasler|Sneasler, L50, M|100/100\n|turn|6\n|c|\u2606Tilzy|Ye one Blizzard hax Made you the gamrle\n|\n|t:|1776418136\n|move|p1a: Sneasler|Fake Out|p2a: Volcarona\n|-damage|p2a: Volcarona|0 fnt\n|-status|p1a: Sneasler|brn|[from] ability: Flame Body|[of] p2a: Volcarona\n|faint|p2a: Volcarona\n|\n|win|ydudz\n|n|\u2606ydudz|ydudz\n|n|\u2606Tilzy|tilzy\n|n| Gerryjunior|gerryjunior\n",
  "uploadtime": 1776418140,
  "views": 29,
  "formatid": "gen9championsvgc2026regma",
  "rating": null,
  "private": 0,
  "password": null
}