{
  "id": "gen9championsvgc2026regma-2583795353",
  "format": "[Gen 9 Champions] VGC 2026 Reg M-A",
  "players": [
    "Player2323",
    "thattube"
  ],
  "log": "|j|\u2606Player2323\n|j|\u2606thattube\n|t:|1776198258\n|gametype|doubles\n|player|p1|Player2323|brycenman|1045\n|player|p2|thattube|bellelba|1095\n|gen|9\n|tier|[Gen 9 Champions] VGC 2026 Reg M-A\n|rated|\n|rule|Species Clause: Limit one of each Pok\u00e9mon\n|rule|Item Clause: Limit 1 of each item\n|clearpoke\n|poke|p1|Tyranitar, L50, F|\n|poke|p1|Incineroar, L50, M|\n|poke|p1|Gengar, L50, M|\n|poke|p1|Excadrill, L50, M|\n|poke|p1|Kommo-o, L50, M|\n|poke|p1|Sinistcha, L50|\n|poke|p2|Tyranitar, L50, F|\n|poke|p2|Milotic, L50, F|\n|poke|p2|Tinkaton, L50, F|\n|poke|p2|Aerodactyl, L50, M|\n|poke|p2|Excadrill, L50, F|\n|poke|p2|Hydreigon, L50, M|\n|teampreview|4\n|\n|t:|1776198280\n|teamsize|p1|4\n|teamsize|p2|4\n|start\n|switch|p1a: Excadrill|Excadrill, L50, M|100/100\n|switch|p1b: Incineroar|Incineroar, L50, M|100/100\n|switch|p2a: Tyranitar|Tyranitar, L50, F|100/100\n|switch|p2b: Excadrill|Excadrill, L50, F|100/100\n|-weather|Sandstorm|[from] ability: Sand Stream|[of] p2a: Tyranitar\n|-ability|p1b: Incineroar|Intimidate|boost\n|-unboost|p2a: Tyranitar|atk|1\n|-unboost|p2b: Excadrill|atk|1\n|turn|1\n|\n|t:|1776198320\n|move|p2b: Excadrill|Protect|p2b: Excadrill\n|-singleturn|p2b: Excadrill|Protect\n|move|p1b: Incineroar|Fake Out|p2b: Excadrill\n|-activate|p2b: Excadrill|move: Protect\n|move|p1a: Excadrill|High Horsepower|p2b: Excadrill\n|-activate|p2b: Excadrill|move: Protect\n|move|p2a: Tyranitar|Fire Punch|p1a: Excadrill\n|-supereffective|p1a: Excadrill|1\n|-crit|p1a: Excadrill\n|-enditem|p1a: Excadrill|Focus Sash\n|-damage|p1a: Excadrill|1/100\n|\n|-weather|Sandstorm|[upkeep]\n|-damage|p1b: Incineroar|95/100|[from] Sandstorm\n|upkeep\n|turn|2\n|\n|t:|1776198347\n|switch|p2a: Hydreigon|Hydreigon, L50, M|100/100\n|move|p1a: Excadrill|Protect|p1a: Excadrill\n|-singleturn|p1a: Excadrill|Protect\n|move|p2b: Excadrill|Rock Slide|p1b: Incineroar|[spread] p1b\n|-activate|p1a: Excadrill|move: Protect\n|-supereffective|p1b: Incineroar|1\n|-damage|p1b: Incineroar|71/100\n|cant|p1b: Incineroar|flinch\n|\n|-weather|Sandstorm|[upkeep]\n|-damage|p2a: Hydreigon|95/100|[from] Sandstorm\n|-damage|p1b: Incineroar|65/100|[from] Sandstorm\n|upkeep\n|turn|3\n|\n|t:|1776198383\n|switch|p1a: Gengar|Gengar, L50, M, shiny|100/100\n|move|p2b: Excadrill|Protect|p2b: Excadrill\n|-singleturn|p2b: Excadrill|Protect\n|move|p2a: Hydreigon|Draco Meteor|p1b: Incineroar\n|-damage|p1b: Incineroar|6/100\n|-unboost|p2a: Hydreigon|spa|2\n|move|p1b: Incineroar|Parting Shot|p2a: Hydreigon\n|-unboost|p2a: Hydreigon|atk|1\n|-unboost|p2a: Hydreigon|spa|1\n|\n|t:|1776198396\n|switch|p1b: Tyranitar|Tyranitar, L50, F|100/100|[from] Parting Shot\n|\n|-weather|Sandstorm|[upkeep]\n|-damage|p1a: Gengar|94/100|[from] Sandstorm\n|-damage|p2a: Hydreigon|89/100|[from] Sandstorm\n|upkeep\n|turn|4\n|\n|t:|1776198434\n|detailschange|p2b: Excadrill|Excadrill-Mega, L50, F\n|-mega|p2b: Excadrill|Excadrill|Excadrite\n|detailschange|p1a: Gengar|Gengar-Mega, L50, M, shiny\n|-mega|p1a: Gengar|Gengar|Gengarite\n|move|p1a: Gengar|Shadow Ball|p2b: Excadrill\n|-damage|p2b: Excadrill|39/100\n|move|p1b: Tyranitar|Low Kick|p2b: Excadrill\n|-supereffective|p2b: Excadrill|1\n|-damage|p2b: Excadrill|0 fnt\n|faint|p2b: Excadrill\n|move|p2a: Hydreigon|Dark Pulse|p1a: Gengar\n|-supereffective|p1a: Gengar|1\n|-damage|p1a: Gengar|40/100\n|\n|-weather|Sandstorm|[upkeep]\n|-damage|p1a: Gengar|33/100|[from] Sandstorm\n|-damage|p2a: Hydreigon|83/100|[from] Sandstorm\n|upkeep\n|\n|t:|1776198457\n|switch|p2b: Milotic|Milotic, L50, F|100/100\n|turn|5\n|\n|t:|1776198492\n|move|p1a: Gengar|Protect|p1a: Gengar\n|-singleturn|p1a: Gengar|Protect\n|move|p2a: Hydreigon|Protect|p2a: Hydreigon\n|-singleturn|p2a: Hydreigon|Protect\n|move|p1b: Tyranitar|Low Kick|p2a: Hydreigon\n|-activate|p2a: Hydreigon|move: Protect\n|move|p2b: Milotic|Scald|p1b: Tyranitar\n|-supereffective|p1b: Tyranitar|1\n|-damage|p1b: Tyranitar|43/100\n|-status|p1b: Tyranitar|brn\n|\n|-weather|none\n|-damage|p1b: Tyranitar|37/100 brn|[from] brn\n|upkeep\n|turn|6\n|\n|t:|1776198515\n|move|p1a: Gengar|Will-O-Wisp|p2a: Hydreigon\n|-status|p2a: Hydreigon|brn\n|move|p1b: Tyranitar|Low Kick|p2a: Hydreigon\n|-supereffective|p2a: Hydreigon|1\n|-damage|p2a: Hydreigon|38/100 brn\n|move|p2a: Hydreigon|Dark Pulse|p1a: Gengar\n|-supereffective|p1a: Gengar|1\n|-damage|p1a: Gengar|0 fnt\n|faint|p1a: Gengar\n|move|p2b: Milotic|Alluring Voice|p1b: Tyranitar\n|-supereffective|p1b: Tyranitar|1\n|-damage|p1b: Tyranitar|0 fnt\n|faint|p1b: Tyranitar\n|\n|-damage|p2a: Hydreigon|32/100 brn|[from] brn\n|upkeep\n|\n|t:|1776198526\n|switch|p1a: Excadrill|Excadrill, L50, M|1/100\n|switch|p1b: Incineroar|Incineroar, L50, M|6/100\n|-ability|p1b: Incineroar|Intimidate|boost\n|-unboost|p2a: Hydreigon|atk|1\n|-unboost|p2b: Milotic|atk|1\n|-ability|p2b: Milotic|Competitive|boost\n|-boost|p2b: Milotic|spa|2\n|turn|7\n|\n|t:|1776198552\n|move|p1b: Incineroar|Fake Out|p2b: Milotic\n|-damage|p2b: Milotic|86/100\n|move|p2a: Hydreigon|Heat Wave|p1a: Excadrill|[spread] p1a,p1b\n|-supereffective|p1a: Excadrill|1\n|-resisted|p1b: Incineroar|1\n|-damage|p1a: Excadrill|0 fnt\n|-damage|p1b: Incineroar|2/100\n|faint|p1a: Excadrill\n|cant|p2b: Milotic|flinch\n|\n|-damage|p2a: Hydreigon|27/100 brn|[from] brn\n|upkeep\n|turn|8\n|\n|t:|1776198580\n|move|p2a: Hydreigon|Draco Meteor|p1b: Incineroar\n|-damage|p1b: Incineroar|0 fnt\n|-unboost|p2a: Hydreigon|spa|2\n|faint|p1b: Incineroar\n|\n|win|thattube\n|raw|Player2323's rating: 1045 &rarr; <strong>1031</strong><br />(-14 for losing)\n|raw|thattube's rating: 1095 &rarr; <strong>1117</strong><br />(+22 for winning)\n|l|\u2606Player2323\n|player|p1|\n",
  "uploadtime": 1776198589,
  "views": 17,
  "formatid": "gen9championsvgc2026regma",
  "rating": 1031,
  "private": 0,
  "password": null
}