{
  "id": "gen9championsvgc2026regma-2581400522",
  "format": "[Gen 9 Champions] VGC 2026 Reg M-A",
  "players": [
    "ASilentDragon",
    "soulo333"
  ],
  "log": "|j|\u2606ASilentDragon\n|j|\u2606soulo333\n|t:|1775996473\n|gametype|doubles\n|player|p1|ASilentDragon|cynthia-gen4|1139\n|player|p2|soulo333|2|1189\n|gen|9\n|tier|[Gen 9 Champions] VGC 2026 Reg M-A\n|rated|\n|rule|Species Clause: Limit one of each Pok\u00e9mon\n|rule|Item Clause: Limit 1 of each item\n|clearpoke\n|poke|p1|Aerodactyl, L50, M|\n|poke|p1|Dragonite, L50, F|\n|poke|p1|Archaludon, L50, F|\n|poke|p1|Politoed, L50, F|\n|poke|p1|Incineroar, L50, F|\n|poke|p1|Sinistcha, L50|\n|poke|p2|Charizard, L50, M|\n|poke|p2|Kingambit, L50, F|\n|poke|p2|Rotom-Wash, L50|\n|poke|p2|Sinistcha, L50|\n|poke|p2|Ninetales-Alola, L50, M|\n|poke|p2|Sneasler, L50, M|\n|teampreview|4\n|\n|t:|1775996519\n|teamsize|p1|4\n|teamsize|p2|4\n|start\n|switch|p1a: Aerodactyl|Aerodactyl, L50, M|100/100\n|switch|p1b: Dragonite|Dragonite, L50, F|100/100\n|switch|p2a: Rotom|Rotom-Wash, L50|100/100\n|switch|p2b: Kingambit|Kingambit, L50, F|100/100\n|-ability|p1a: Aerodactyl|Unnerve\n|turn|1\n|\n|t:|1775996535\n|move|p1b: Dragonite|Protect|p1b: Dragonite\n|-singleturn|p1b: Dragonite|Protect\n|move|p1a: Aerodactyl|Tailwind|p1a: Aerodactyl\n|-sidestart|p1: ASilentDragon|move: Tailwind\n|move|p2a: Rotom|Volt Switch|p1a: Aerodactyl\n|-supereffective|p1a: Aerodactyl|1\n|-damage|p1a: Aerodactyl|23/100\n|\n|t:|1775996542\n|switch|p2a: Charizard|Charizard, L50, M|100/100|[from] Volt Switch\n|move|p2b: Kingambit|Kowtow Cleave|p1a: Aerodactyl\n|-damage|p1a: Aerodactyl|0 fnt\n|faint|p1a: Aerodactyl\n|\n|upkeep\n|\n|t:|1775996552\n|switch|p1a: Politoed|Politoed, L50, F|100/100\n|-weather|RainDance|[from] ability: Drizzle|[of] p1a: Politoed\n|turn|2\n|\n|t:|1775996560\n|switch|p1a: Sinistcha|Sinistcha, L50|100/100\n|switch|p2b: Ninetales|Ninetales-Alola, L50, M|100/100\n|-weather|Snowscape|[from] ability: Snow Warning|[of] p2b: Ninetales\n|detailschange|p1b: Dragonite|Dragonite-Mega, L50, F\n|-mega|p1b: Dragonite|Dragonite|Dragoninite\n|detailschange|p2a: Charizard|Charizard-Mega-X, L50, M\n|-mega|p2a: Charizard|Charizard|Charizardite X\n|move|p1b: Dragonite|Weather Ball|p2b: Ninetales\n|-resisted|p2b: Ninetales|1\n|-damage|p2b: Ninetales|76/100\n|move|p2a: Charizard|Dragon Dance|p2a: Charizard\n|-boost|p2a: Charizard|atk|1\n|-boost|p2a: Charizard|spe|1\n|\n|-weather|Snowscape|[upkeep]\n|upkeep\n|turn|3\n|\n|t:|1775996580\n|move|p2a: Charizard|Protect|p2a: Charizard\n|-singleturn|p2a: Charizard|Protect\n|move|p1a: Sinistcha|Rage Powder|p1a: Sinistcha\n|-singleturn|p1a: Sinistcha|move: Rage Powder\n|move|p1b: Dragonite|Dragon Pulse|p2a: Charizard\n|-activate|p2a: Charizard|move: Protect\n|move|p2b: Ninetales|Icy Wind|p1b: Dragonite|[spread] p1a,p1b\n|-supereffective|p1a: Sinistcha|1\n|-supereffective|p1b: Dragonite|2\n|-damage|p1a: Sinistcha|76/100\n|-damage|p1b: Dragonite|79/100\n|-unboost|p1a: Sinistcha|spe|1\n|-unboost|p1b: Dragonite|spe|1\n|\n|-weather|Snowscape|[upkeep]\n|upkeep\n|turn|4\n|\n|t:|1775996601\n|switch|p1a: Politoed|Politoed, L50, F|100/100\n|-weather|RainDance|[from] ability: Drizzle|[of] p1a: Politoed\n|move|p1b: Dragonite|Protect|p1b: Dragonite\n|-singleturn|p1b: Dragonite|Protect\n|move|p2a: Charizard|Flare Blitz|p1a: Politoed\n|-resisted|p1a: Politoed|1\n|-damage|p1a: Politoed|69/100\n|-damage|p2a: Charizard|89/100|[from] Recoil\n|move|p2b: Ninetales|Icy Wind|p1b: Dragonite|[spread] p1a\n|-activate|p1b: Dragonite|move: Protect\n|-resisted|p1a: Politoed|1\n|-damage|p1a: Politoed|64/100\n|-unboost|p1a: Politoed|spe|1\n|\n|-weather|RainDance|[upkeep]\n|-heal|p1a: Politoed|70/100|[from] item: Leftovers\n|-sideend|p1: ASilentDragon|move: Tailwind\n|upkeep\n|turn|5\n|\n|t:|1775996615\n|switch|p1b: Sinistcha|Sinistcha, L50|76/100\n|-heal|p1a: Politoed|95/100|[from] ability: Hospitality|[of] p1b: Sinistcha\n|move|p2a: Charizard|Dragon Claw|p1b: Sinistcha\n|-damage|p1b: Sinistcha|7/100\n|-enditem|p1b: Sinistcha|Sitrus Berry|[eat]\n|-heal|p1b: Sinistcha|31/100|[from] item: Sitrus Berry\n|move|p2b: Ninetales|Icy Wind|p1b: Sinistcha|[spread] p1a,p1b\n|-resisted|p1a: Politoed|1\n|-supereffective|p1b: Sinistcha|1\n|-damage|p1a: Politoed|90/100\n|-damage|p1b: Sinistcha|7/100\n|-unboost|p1a: Politoed|spe|1\n|-unboost|p1b: Sinistcha|spe|1\n|move|p1a: Politoed|Weather Ball|p2b: Ninetales\n|-crit|p2b: Ninetales\n|-damage|p2b: Ninetales|0 fnt\n|faint|p2b: Ninetales\n|\n|-weather|RainDance|[upkeep]\n|-heal|p1a: Politoed|96/100|[from] item: Leftovers\n|upkeep\n|\n|t:|1775996631\n|switch|p2b: Rotom|Rotom-Wash, L50|100/100\n|turn|6\n|\n|t:|1775996645\n|move|p2a: Charizard|Protect|p2a: Charizard\n|-singleturn|p2a: Charizard|Protect\n|move|p2b: Rotom|Volt Switch|p1b: Sinistcha\n|-resisted|p1b: Sinistcha|1\n|-damage|p1b: Sinistcha|0 fnt\n|faint|p1b: Sinistcha\n|\n|t:|1775996651\n|switch|p2b: Kingambit|Kingambit, L50, F|100/100|[from] Volt Switch\n|move|p1a: Politoed|Weather Ball|p2a: Charizard\n|-activate|p2a: Charizard|move: Protect\n|\n|-weather|RainDance|[upkeep]\n|-heal|p1a: Politoed|100/100|[from] item: Leftovers\n|upkeep\n|\n|t:|1775996654\n|switch|p1b: Dragonite|Dragonite-Mega, L50, F|79/100\n|turn|7\n|\n|t:|1775996664\n|move|p1b: Dragonite|Protect|p1b: Dragonite\n|-singleturn|p1b: Dragonite|Protect\n|move|p2a: Charizard|Dragon Claw|p1a: Politoed\n|-damage|p1a: Politoed|9/100\n|move|p2b: Kingambit|Kowtow Cleave|p1a: Politoed\n|-damage|p1a: Politoed|0 fnt\n|faint|p1a: Politoed\n|\n|-weather|RainDance|[upkeep]\n|upkeep\n|turn|8\n|\n|t:|1775996672\n|move|p2b: Kingambit|Sucker Punch|p1b: Dragonite\n|-damage|p1b: Dragonite|44/100\n|move|p2a: Charizard|Dragon Claw|p1b: Dragonite\n|-supereffective|p1b: Dragonite|1\n|-damage|p1b: Dragonite|0 fnt\n|faint|p1b: Dragonite\n|\n|win|soulo333\n|raw|ASilentDragon's rating: 1139 &rarr; <strong>1118</strong><br />(-21 for losing)\n|raw|soulo333's rating: 1189 &rarr; <strong>1210</strong><br />(+21 for winning)\n",
  "uploadtime": 1775996672,
  "views": 18,
  "formatid": "gen9championsvgc2026regma",
  "rating": 1118,
  "private": 0,
  "password": null
}