{
  "id": "gen9championsvgc2026regma-2585060473",
  "format": "[Gen 9 Champions] VGC 2026 Reg M-A",
  "players": [
    "Wo0oorthy",
    "miseria010"
  ],
  "log": "|j|\u2606Wo0oorthy\n|j|\u2606miseria010\n|t:|1776307743\n|gametype|doubles\n|player|p1|Wo0oorthy|dawn-gen4pt|1325\n|player|p2|miseria010|unknown|1332\n|gen|9\n|tier|[Gen 9 Champions] VGC 2026 Reg M-A\n|rated|\n|rule|Species Clause: Limit one of each Pok\u00e9mon\n|rule|Item Clause: Limit 1 of each item\n|clearpoke\n|poke|p1|Aegislash, L50, F|\n|poke|p1|Milotic, L50, F|\n|poke|p1|Meganium, L50, F|\n|poke|p1|Ceruledge, L50, M|\n|poke|p1|Hydreigon, L50, M|\n|poke|p1|Lycanroc-Dusk, L50, M|\n|poke|p2|Charizard, L50, M|\n|poke|p2|Venusaur, L50, M|\n|poke|p2|Garchomp, L50, M|\n|poke|p2|Incineroar, L50, M|\n|poke|p2|Conkeldurr, L50, M|\n|poke|p2|Whimsicott, L50, F|\n|teampreview|4\n|inactive|Battle timer is ON: inactive players will automatically lose when time's up. (requested by Wo0oorthy)\n|inactive|miseria010 has 60 seconds left.\n|inactive|miseria010 has 30 seconds left.\n|inactive|miseria010 has 20 seconds left.\n|inactive|miseria010 has 15 seconds left.\n|\n|t:|1776307836\n|teamsize|p1|4\n|teamsize|p2|4\n|start\n|switch|p1a: Ceruledge|Ceruledge, L50, M|100/100\n|switch|p1b: Lycanroc|Lycanroc-Dusk, L50, M|100/100\n|switch|p2a: Whimsicott|Whimsicott, L50, F|100/100\n|switch|p2b: Charizard|Charizard, L50, M, shiny|100/100\n|turn|1\n|\n|t:|1776307850\n|switch|p2b: Incineroar|Incineroar, L50, M, shiny|100/100\n|-ability|p2b: Incineroar|Intimidate|boost\n|-unboost|p1a: Ceruledge|atk|1\n|-unboost|p1b: Lycanroc|atk|1\n|move|p2a: Whimsicott|Tailwind|p2a: Whimsicott\n|-sidestart|p2: miseria010|move: Tailwind\n|move|p1b: Lycanroc|Accelerock|p2b: Incineroar\n|-supereffective|p2b: Incineroar|1\n|-damage|p2b: Incineroar|69/100\n|move|p1a: Ceruledge|Bitter Blade|p2a: Whimsicott\n|-supereffective|p2a: Whimsicott|1\n|-damage|p2a: Whimsicott|3/100\n|\n|upkeep\n|turn|2\n|inactive|Wo0oorthy has 30 seconds left.\n|\n|t:|1776307881\n|switch|p1b: Hydreigon|Hydreigon, L50, M|100/100\n|switch|p1a: Milotic|Milotic, L50, F|100/100\n|move|p2a: Whimsicott|Moonblast|p1b: Hydreigon\n|-supereffective|p1b: Hydreigon|2\n|-damage|p1b: Hydreigon|0 fnt\n|faint|p1b: Hydreigon\n|move|p2b: Incineroar|Throat Chop|p1a: Milotic\n|-damage|p1a: Milotic|75/100\n|-start|p1a: Milotic|Throat Chop|[silent]\n|\n|-heal|p1a: Milotic|81/100|[from] item: Leftovers\n|upkeep\n|\n|t:|1776307902\n|switch|p1b: Ceruledge|Ceruledge, L50, M|100/100\n|turn|3\n|\n|t:|1776307914\n|move|p2a: Whimsicott|Moonblast|p1a: Milotic\n|-damage|p1a: Milotic|57/100\n|move|p2b: Incineroar|Throat Chop|p1b: Ceruledge\n|-supereffective|p1b: Ceruledge|1\n|-damage|p1b: Ceruledge|41/100\n|-start|p1b: Ceruledge|Throat Chop|[silent]\n|-enditem|p1b: Ceruledge|Sitrus Berry|[eat]\n|-heal|p1b: Ceruledge|66/100|[from] item: Sitrus Berry\n|move|p1b: Ceruledge|Bitter Blade|p2a: Whimsicott\n|-supereffective|p2a: Whimsicott|1\n|-damage|p2a: Whimsicott|0 fnt\n|-heal|p1b: Ceruledge|67/100|[from] drain|[of] p2a: Whimsicott\n|faint|p2a: Whimsicott\n|move|p1a: Milotic|Scald|p2b: Incineroar\n|-supereffective|p2b: Incineroar|1\n|-damage|p2b: Incineroar|23/100\n|-enditem|p2b: Incineroar|Sitrus Berry|[eat]\n|-heal|p2b: Incineroar|47/100|[from] item: Sitrus Berry\n|\n|-heal|p1a: Milotic|63/100|[from] item: Leftovers\n|-end|p1a: Milotic|Throat Chop|[silent]\n|upkeep\n|\n|t:|1776307932\n|switch|p2a: Charizard|Charizard, L50, M, shiny|100/100\n|turn|4\n|\n|t:|1776307950\n|detailschange|p2a: Charizard|Charizard-Mega-Y, L50, M, shiny\n|-mega|p2a: Charizard|Charizard|Charizardite Y\n|-weather|SunnyDay|[from] ability: Drought|[of] p2a: Charizard\n|move|p2a: Charizard|Solar Beam||[still]\n|-prepare|p2a: Charizard|Solar Beam\n|-anim|p2a: Charizard|Solar Beam|p1a: Milotic\n|-supereffective|p1a: Milotic|1\n|-damage|p1a: Milotic|0 fnt\n|faint|p1a: Milotic\n|move|p2b: Incineroar|Throat Chop|p1b: Ceruledge\n|-supereffective|p1b: Ceruledge|1\n|-damage|p1b: Ceruledge|8/100\n|move|p1b: Ceruledge|Close Combat|p2b: Incineroar\n|-supereffective|p2b: Incineroar|1\n|-damage|p2b: Incineroar|0 fnt\n|-unboost|p1b: Ceruledge|def|1\n|-unboost|p1b: Ceruledge|spd|1\n|faint|p2b: Incineroar\n|\n|-weather|SunnyDay|[upkeep]\n|-end|p1b: Ceruledge|Throat Chop|[silent]\n|-sideend|p2: miseria010|move: Tailwind\n|upkeep\n|\n|t:|1776307966\n|switch|p1a: Lycanroc|Lycanroc-Dusk, L50, M|100/100\n|switch|p2b: Venusaur|Venusaur, L50, M|100/100\n|turn|5\n|\n|t:|1776307983\n|move|p1b: Ceruledge|Protect|p1b: Ceruledge\n|-singleturn|p1b: Ceruledge|Protect\n|move|p1a: Lycanroc|Accelerock|p2a: Charizard\n|-supereffective|p2a: Charizard|2\n|-damage|p2a: Charizard|0 fnt\n|faint|p2a: Charizard\n|move|p2b: Venusaur|Sludge Bomb|p1b: Ceruledge\n|-activate|p1b: Ceruledge|move: Protect\n|\n|-weather|SunnyDay|[upkeep]\n|upkeep\n|turn|6\n|\n|t:|1776307994\n|move|p2b: Venusaur|Sludge Bomb|p1b: Ceruledge\n|-resisted|p1b: Ceruledge|1\n|-damage|p1b: Ceruledge|0 fnt\n|faint|p1b: Ceruledge\n|move|p1a: Lycanroc|Psychic Fangs|p2b: Venusaur\n|-supereffective|p2b: Venusaur|1\n|-damage|p2b: Venusaur|0 fnt\n|faint|p2b: Venusaur\n|\n|win|Wo0oorthy\n|raw|Wo0oorthy's rating: 1325 &rarr; <strong>1345</strong><br />(+20 for winning)\n|raw|miseria010's rating: 1332 &rarr; <strong>1312</strong><br />(-20 for losing)\n|l|\u2606Wo0oorthy\n|player|p1|\n",
  "uploadtime": 1776308003,
  "views": 44,
  "formatid": "gen9championsvgc2026regma",
  "rating": 1312,
  "private": 0,
  "password": null
}