{
  "id": "gen9championsvgc2026regma-2586696312",
  "format": "[Gen 9 Champions] VGC 2026 Reg M-A",
  "players": [
    "ElPro_06",
    "PlazaRayquaza"
  ],
  "log": "|j|\u2606ElPro_06\n|j|\u2606PlazaRayquaza\n|t:|1776452896\n|gametype|doubles\n|player|p1|ElPro_06|red|1415\n|player|p2|PlazaRayquaza|calem-masters|1393\n|gen|9\n|tier|[Gen 9 Champions] VGC 2026 Reg M-A\n|rated|\n|rule|Species Clause: Limit one of each Pok\u00e9mon\n|rule|Item Clause: Limit 1 of each item\n|clearpoke\n|poke|p1|Archaludon, L50, F|\n|poke|p1|Incineroar, L50, F|\n|poke|p1|Scizor, L50, F|\n|poke|p1|Pelipper, L50, F|\n|poke|p1|Dragonite, L50, M|\n|poke|p1|Basculegion, L50, M|\n|poke|p2|Venusaur, L50, M|\n|poke|p2|Chandelure, L50, M|\n|poke|p2|Farigiraf, L50, F|\n|poke|p2|Whimsicott, L50, F|\n|poke|p2|Pangoro, L50, M|\n|poke|p2|Excadrill, L50, M|\n|teampreview|4\n|inactive|Battle timer is ON: inactive players will automatically lose when time's up. (requested by ElPro_06)\n|inactive|ElPro_06 has 60 seconds left.\n|\n|t:|1776452943\n|teamsize|p1|4\n|teamsize|p2|4\n|start\n|switch|p1a: Pelipper|Pelipper, L50, F|100/100\n|switch|p1b: Archaludon|Archaludon, L50, F|100/100\n|switch|p2a: CHADlier|Chandelure, L50, M, shiny|100/100\n|switch|p2b: FluffPuff|Whimsicott, L50, F, shiny|100/100\n|-weather|RainDance|[from] ability: Drizzle|[of] p1a: Pelipper\n|turn|1\n|\n|t:|1776452958\n|detailschange|p2a: CHADlier|Chandelure-Mega, L50, M, shiny\n|-mega|p2a: CHADlier|Chandelure|Chandelurite\n|move|p2b: FluffPuff|Sunny Day|p2b: FluffPuff\n|-weather|SunnyDay\n|move|p1b: Archaludon|Electro Shot||[still]\n|-prepare|p1b: Archaludon|Electro Shot\n|-boost|p1b: Archaludon|spa|1\n|move|p2a: CHADlier|Shadow Ball|p1b: Archaludon\n|-damage|p1b: Archaludon|18/100\n|move|p1a: Pelipper|Weather Ball|p2a: CHADlier\n|-resisted|p2a: CHADlier|1\n|-damage|p2a: CHADlier|76/100\n|\n|-weather|SunnyDay|[upkeep]\n|upkeep\n|turn|2\n|\n|t:|1776452984\n|move|p2b: FluffPuff|Tailwind|p2b: FluffPuff\n|-sidestart|p2: PlazaRayquaza|move: Tailwind\n|move|p2a: CHADlier|Shadow Ball|p1b: Archaludon\n|-damage|p1b: Archaludon|0 fnt\n|faint|p1b: Archaludon\n|move|p1a: Pelipper|Tailwind|p1a: Pelipper\n|-sidestart|p1: ElPro_06|move: Tailwind\n|\n|-weather|SunnyDay|[upkeep]\n|upkeep\n|\n|t:|1776452996\n|switch|p1b: Basculegion|Basculegion, L50, M|100/100\n|turn|3\n|\n|t:|1776453012\n|switch|p2a: Escalator|Farigiraf, L50, F, shiny|100/100\n|move|p2b: FluffPuff|Moonblast|p1b: Basculegion\n|-damage|p1b: Basculegion|60/100\n|move|p1b: Basculegion|Last Respects|p2a: Escalator\n|-immune|p2a: Escalator\n|move|p1a: Pelipper|Weather Ball|p2b: FluffPuff\n|-supereffective|p2b: FluffPuff|1\n|-enditem|p2b: FluffPuff|Focus Sash\n|-damage|p2b: FluffPuff|1/100\n|\n|-weather|SunnyDay|[upkeep]\n|upkeep\n|turn|4\n|\n|t:|1776453036\n|switch|p1a: Dragonite|Dragonite, L50, M|100/100\n|move|p2b: FluffPuff|Moonblast|p1a: Dragonite\n|-supereffective|p1a: Dragonite|1\n|-damage|p1a: Dragonite|67/100\n|-unboost|p1a: Dragonite|spa|1\n|move|p1b: Basculegion|Last Respects|p2b: FluffPuff\n|-damage|p2b: FluffPuff|0 fnt\n|faint|p2b: FluffPuff\n|move|p2a: Escalator|Imprison|p2a: Escalator\n|-start|p2a: Escalator|move: Imprison\n|\n|-weather|SunnyDay|[upkeep]\n|upkeep\n|\n|t:|1776453041\n|switch|p2b: KingToad|Venusaur, L50, M, shiny|100/100\n|turn|5\n|\n|t:|1776453058\n|switch|p1b: Pelipper|Pelipper, L50, F|100/100\n|-weather|RainDance|[from] ability: Drizzle|[of] p1b: Pelipper\n|detailschange|p1a: Dragonite|Dragonite-Mega, L50, M\n|-mega|p1a: Dragonite|Dragonite|Dragoninite\n|move|p2b: KingToad|Protect|p2b: KingToad\n|-singleturn|p2b: KingToad|Protect\n|move|p1a: Dragonite|Hurricane|p2b: KingToad\n|-activate|p2b: KingToad|move: Protect\n|move|p2a: Escalator|Trick Room|p2a: Escalator\n|-fieldstart|move: Trick Room|[of] p2a: Escalator\n|\n|-weather|RainDance|[upkeep]\n|-sideend|p2: PlazaRayquaza|move: Tailwind\n|-sideend|p1: ElPro_06|move: Tailwind\n|upkeep\n|turn|6\n|\n|t:|1776453079\n|move|p2a: Escalator|Psychic Noise|p1b: Pelipper\n|-damage|p1b: Pelipper|39/100\n|-start|p1b: Pelipper|move: Heal Block\n|move|p1b: Pelipper|Hurricane|p2b: KingToad\n|-supereffective|p2b: KingToad|1\n|-damage|p2b: KingToad|1/100\n|move|p1a: Dragonite|Hurricane|p2b: KingToad\n|-supereffective|p2b: KingToad|1\n|-damage|p2b: KingToad|0 fnt\n|faint|p2b: KingToad\n|\n|-weather|RainDance|[upkeep]\n|upkeep\n|\n|t:|1776453090\n|switch|p2b: CHADlier|Chandelure-Mega, L50, M, shiny|76/100\n|turn|7\n|\n|t:|1776453111\n|move|p2a: Escalator|Psychic Noise|p1b: Pelipper\n|-damage|p1b: Pelipper|0 fnt\n|faint|p1b: Pelipper\n|move|p1a: Dragonite|Draco Meteor|p2a: Escalator\n|-damage|p2a: Escalator|51/100\n|-unboost|p1a: Dragonite|spa|2\n|move|p2b: CHADlier|Shadow Ball|p1a: Dragonite\n|-damage|p1a: Dragonite|23/100\n|\n|-weather|RainDance|[upkeep]\n|upkeep\n|\n|t:|1776453115\n|switch|p1b: Basculegion|Basculegion, L50, M|60/100\n|turn|8\n|\n|t:|1776453131\n|move|p2b: CHADlier|Protect|p2b: CHADlier\n|-singleturn|p2b: CHADlier|Protect\n|move|p2a: Escalator|Psychic Noise|p1a: Dragonite\n|-damage|p1a: Dragonite|0 fnt\n|faint|p1a: Dragonite\n|move|p1b: Basculegion|Wave Crash|p2b: CHADlier\n|-activate|p2b: CHADlier|move: Protect\n|\n|-weather|RainDance|[upkeep]\n|upkeep\n|turn|9\n|\n|t:|1776453143\n|move|p2a: Escalator|Psychic Noise|p1b: Basculegion\n|-damage|p1b: Basculegion|21/100\n|-start|p1b: Basculegion|move: Heal Block\n|move|p2b: CHADlier|Shadow Ball|p1b: Basculegion\n|-supereffective|p1b: Basculegion|1\n|-damage|p1b: Basculegion|0 fnt\n|faint|p1b: Basculegion\n|\n|win|PlazaRayquaza\n|raw|ElPro_06's rating: 1415 &rarr; <strong>1394</strong><br />(-21 for losing)\n|raw|PlazaRayquaza's rating: 1393 &rarr; <strong>1414</strong><br />(+21 for winning)\n|l|\u2606ElPro_06\n|player|p1|\n",
  "uploadtime": 1776453150,
  "views": 56,
  "formatid": "gen9championsvgc2026regma",
  "rating": 1394,
  "private": 0,
  "password": null
}