{
  "id": "gen9championsvgc2026regma-2585768557",
  "format": "[Gen 9 Champions] VGC 2026 Reg M-A",
  "players": [
    "washsh",
    "Phillip Blevin"
  ],
  "log": "|j|\u2606washsh\n|j|\u2606Phillip Blevin\n|t:|1776369273\n|gametype|doubles\n|player|p1|washsh|swimmer|1258\n|player|p2|Phillip Blevin|cynthia-masters4|1259\n|gen|9\n|tier|[Gen 9 Champions] VGC 2026 Reg M-A\n|rated|\n|rule|Species Clause: Limit one of each Pok\u00e9mon\n|rule|Item Clause: Limit 1 of each item\n|clearpoke\n|poke|p1|Sneasler, L50, M|\n|poke|p1|Floette-Eternal, L50, F|\n|poke|p1|Garchomp, L50, M|\n|poke|p1|Aerodactyl, L50, M|\n|poke|p1|Delphox, L50, F|\n|poke|p1|Kingambit, L50, M|\n|poke|p2|Aerodactyl, L50, M|\n|poke|p2|Corviknight, L50, F|\n|poke|p2|Garchomp, L50, M|\n|poke|p2|Arcanine-Hisui, L50, F|\n|poke|p2|Froslass, L50, F|\n|poke|p2|Rotom-Wash, L50|\n|teampreview|4\n|inactive|Battle timer is ON: inactive players will automatically lose when time's up. (requested by Phillip Blevin)\nPhillip Blevin has agreed to open team sheets.\n|inactive|washsh has 60 seconds left.\n|\n|t:|1776369304\n|teamsize|p1|4\n|teamsize|p2|4\n|start\n|switch|p1a: Aerodactyl|Aerodactyl, L50, M|100/100\n|switch|p1b: Sneasler|Sneasler, L50, M|100/100\n|switch|p2a: Aerodactyl|Aerodactyl, L50, M|100/100\n|switch|p2b: Arcanine|Arcanine-Hisui, L50, F|100/100\n|-ability|p1a: Aerodactyl|Unnerve\n|-ability|p2b: Arcanine|Intimidate|boost\n|-unboost|p1a: Aerodactyl|atk|1\n|-unboost|p1b: Sneasler|atk|1\n|-enditem|p1b: Sneasler|White Herb\n|-clearnegativeboost|p1b: Sneasler|[silent]\n|turn|1\n|\n|t:|1776369321\n|move|p2b: Arcanine|Protect|p2b: Arcanine\n|-singleturn|p2b: Arcanine|Protect\n|move|p1b: Sneasler|Fake Out|p2a: Aerodactyl\n|-resisted|p2a: Aerodactyl|1\n|-damage|p2a: Aerodactyl|90/100\n|cant|p2a: Aerodactyl|flinch\n|move|p1a: Aerodactyl|Tailwind|p1a: Aerodactyl\n|-sidestart|p1: washsh|move: Tailwind\n|\n|upkeep\n|turn|2\n|\n|t:|1776369338\n|switch|p2b: Rotom|Rotom-Wash, L50|100/100\n|move|p1b: Sneasler|Close Combat|p2b: Rotom\n|-damage|p2b: Rotom|31/100\n|-unboost|p1b: Sneasler|def|1\n|-unboost|p1b: Sneasler|spd|1\n|move|p1a: Aerodactyl|Rock Slide|p2b: Rotom|[spread] p2a,p2b\n|-supereffective|p2a: Aerodactyl|1\n|-damage|p2a: Aerodactyl|31/100\n|-damage|p2b: Rotom|13/100\n|move|p2a: Aerodactyl|Dual Wingbeat|p1b: Sneasler\n|-supereffective|p1b: Sneasler|1\n|-damage|p1b: Sneasler|11/100\n|-supereffective|p1b: Sneasler|1\n|-damage|p1b: Sneasler|0 fnt\n|faint|p1b: Sneasler\n|-hitcount|p1: Sneasler|2\n|\n|upkeep\n|inactive|washsh has 30 seconds left.\n|\n|t:|1776369363\n|switch|p1b: Kingambit|Kingambit, L50, M|100/100\n|turn|3\n|\n|t:|1776369387\n|move|p2a: Aerodactyl|Wide Guard|p2a: Aerodactyl\n|-singleturn|p2a: Aerodactyl|Wide Guard\n|move|p1a: Aerodactyl|Rock Slide|p2a: Aerodactyl|[spread] \n|-activate|p2a: Aerodactyl|move: Wide Guard\n|-activate|p2b: Rotom|move: Wide Guard\n|move|p2b: Rotom|Trick|p1b: Kingambit\n|-activate|p2b: Rotom|move: Trick|[of] p1b: Kingambit\n|-item|p1b: Kingambit|Choice Scarf|[from] move: Trick\n|-item|p2b: Rotom|Chople Berry|[from] move: Trick\n|move|p1b: Kingambit|Low Kick|p2b: Rotom\n|-damage|p2b: Rotom|5/100\n|\n|upkeep\n|turn|4\n|inactive|washsh has 30 seconds left.\n|\n|t:|1776369417\n|move|p2a: Aerodactyl|Wide Guard|p2a: Aerodactyl\n|-singleturn|p2a: Aerodactyl|Wide Guard\n|move|p1a: Aerodactyl|Dual Wingbeat|p2a: Aerodactyl\n|-resisted|p2a: Aerodactyl|1\n|-damage|p2a: Aerodactyl|21/100\n|-resisted|p2a: Aerodactyl|1\n|-damage|p2a: Aerodactyl|11/100\n|-hitcount|p2a: Aerodactyl|2\n|move|p1b: Kingambit|Low Kick|p2b: Rotom\n|-damage|p2b: Rotom|0 fnt\n|faint|p2b: Rotom\n|\n|-sideend|p1: washsh|move: Tailwind\n|upkeep\n|\n|t:|1776369427\n|switch|p2b: Garchomp|Garchomp, L50, M|100/100\n|turn|5\n|\n|t:|1776369439\n|switch|p1b: Floette|Floette-Eternal, L50, F|100/100\n|move|p2a: Aerodactyl|Tailwind|p2a: Aerodactyl\n|-sidestart|p2: Phillip Blevin|move: Tailwind\n|move|p2b: Garchomp|Rock Slide|p1b: Floette|[spread] p1b\n|-miss|p2b: Garchomp|p1a: Aerodactyl\n|-damage|p1b: Floette|80/100\n|move|p1a: Aerodactyl|Tailwind|p1a: Aerodactyl\n|-sidestart|p1: washsh|move: Tailwind\n|\n|upkeep\n|turn|6\n|\n|t:|1776369461\n|detailschange|p1b: Floette|Floette-Mega, L50, F\n|-mega|p1b: Floette|Floette|Floettite\n|-ability|p1b: Floette|Fairy Aura\n|move|p2b: Garchomp|Protect|p2b: Garchomp\n|-singleturn|p2b: Garchomp|Protect\n|move|p1a: Aerodactyl|Dual Wingbeat|p2b: Garchomp\n|-activate|p2b: Garchomp|move: Protect\n|move|p2a: Aerodactyl|Rock Slide|p1a: Aerodactyl|[spread] p1a,p1b\n|-supereffective|p1a: Aerodactyl|1\n|-damage|p1a: Aerodactyl|19/100\n|-damage|p1b: Floette|58/100\n|cant|p1b: Floette|flinch\n|\n|upkeep\n|turn|7\n|inactive|washsh has 30 seconds left.\n|\n|t:|1776369493\n|move|p1a: Aerodactyl|Dual Wingbeat|p2b: Garchomp\n|-damage|p2b: Garchomp|88/100\n|-damage|p1a: Aerodactyl|7/100|[from] ability: Rough Skin|[of] p2b: Garchomp\n|-damage|p2b: Garchomp|76/100\n|-damage|p1a: Aerodactyl|0 fnt|[from] ability: Rough Skin|[of] p2b: Garchomp\n|faint|p1a: Aerodactyl\n|-hitcount|p2b: Garchomp|2\n|move|p2a: Aerodactyl|Rock Slide|p1b: Floette\n|-damage|p1b: Floette|30/100\n|move|p2b: Garchomp|Earthquake|p1b: Floette|[spread] p1b\n|-immune|p2a: Aerodactyl\n|-damage|p1b: Floette|0 fnt\n|faint|p1b: Floette\n|\n|upkeep\n|\n|t:|1776369511\n|switch|p1a: Kingambit|Kingambit, L50, M|100/100\n|turn|8\n|inactive|washsh has 30 seconds left.\n|\n|t:|1776369539\n|move|p2a: Aerodactyl|Rock Slide|p1a: Kingambit\n|-resisted|p1a: Kingambit|1\n|-damage|p1a: Kingambit|89/100\n|move|p2b: Garchomp|Earthquake|p1a: Kingambit|[spread] p1a\n|-immune|p2a: Aerodactyl\n|-supereffective|p1a: Kingambit|1\n|-damage|p1a: Kingambit|37/100\n|move|p1a: Kingambit|Low Kick|p2a: Aerodactyl\n|-damage|p2a: Aerodactyl|0 fnt\n|faint|p2a: Aerodactyl\n|\n|-sideend|p1: washsh|move: Tailwind\n|-sideend|p2: Phillip Blevin|move: Tailwind\n|upkeep\n|\n|t:|1776369550\n|switch|p2a: Arcanine|Arcanine-Hisui, L50, F|100/100\n|-ability|p2a: Arcanine|Intimidate|boost\n|-unboost|p1a: Kingambit|atk|1\n|-ability|p1a: Kingambit|Defiant|boost\n|-boost|p1a: Kingambit|atk|2\n|turn|9\n|\n|t:|1776369558\n|detailschange|p2b: Garchomp|Garchomp-Mega, L50, M\n|-mega|p2b: Garchomp|Garchomp|Garchompite\n|move|p2b: Garchomp|Draco Meteor|p1a: Kingambit\n|-resisted|p1a: Kingambit|1\n|-damage|p1a: Kingambit|9/100\n|-unboost|p2b: Garchomp|spa|2\n|move|p2a: Arcanine|Flare Blitz|p1a: Kingambit\n|-supereffective|p1a: Kingambit|1\n|-damage|p1a: Kingambit|0 fnt\n|faint|p1a: Kingambit\n|-damage|p2a: Arcanine|97/100|[from] Recoil\n|\n|win|Phillip Blevin\n|raw|washsh's rating: 1258 &rarr; <strong>1233</strong><br />(-25 for losing)\n|raw|Phillip Blevin's rating: 1259 &rarr; <strong>1284</strong><br />(+25 for winning)\n",
  "uploadtime": 1776369558,
  "views": 31,
  "formatid": "gen9championsvgc2026regma",
  "rating": 1233,
  "private": 0,
  "password": null
}