{
  "id": "gen9championsvgc2026regma-2586734392",
  "format": "[Gen 9 Champions] VGC 2026 Reg M-A",
  "players": [
    "Sceptilicious",
    "BotsuanaKing"
  ],
  "log": "|j|\u2606Sceptilicious\n|j|\u2606BotsuanaKing\n|t:|1776455751\n|gametype|doubles\n|player|p1|Sceptilicious|266|1241\n|player|p2|BotsuanaKing|2|1195\n|gen|9\n|tier|[Gen 9 Champions] VGC 2026 Reg M-A\n|rated|\n|rule|Species Clause: Limit one of each Pok\u00e9mon\n|rule|Item Clause: Limit 1 of each item\n|clearpoke\n|poke|p1|Sinistcha, L50|\n|poke|p1|Incineroar, L50, F|\n|poke|p1|Gyarados, L50, M|\n|poke|p1|Kommo-o, L50, F|\n|poke|p1|Gengar, L50, M|\n|poke|p1|Tinkaton, L50, F|\n|poke|p2|Altaria, L50, F|\n|poke|p2|Venusaur, L50, M|\n|poke|p2|Incineroar, L50, F|\n|poke|p2|Aegislash, L50, F|\n|poke|p2|Corviknight, L50, F|\n|poke|p2|Rotom-Wash, L50|\n|teampreview|4\n|inactive|Battle timer is ON: inactive players will automatically lose when time's up. (requested by BotsuanaKing)\n|\n|t:|1776455809\n|teamsize|p1|4\n|teamsize|p2|4\n|start\n|switch|p1a: Incineroar|Incineroar, L50, F|100/100\n|switch|p1b: Kommo-o|Kommo-o, L50, F|100/100\n|switch|p2a: Rotom|Rotom-Wash, L50|100/100\n|switch|p2b: Incineroar|Incineroar, L50, F|100/100\n|-ability|p2b: Incineroar|Intimidate|boost\n|-unboost|p1a: Incineroar|atk|1\n|-unboost|p1b: Kommo-o|atk|1\n|-ability|p1a: Incineroar|Intimidate|boost\n|-unboost|p2a: Rotom|atk|1\n|-unboost|p2b: Incineroar|atk|1\n|turn|1\n|inactive|Sceptilicious has 30 seconds left.\n|\n|t:|1776455837\n|move|p2a: Rotom|Protect|p2a: Rotom\n|-singleturn|p2a: Rotom|Protect\n|move|p2b: Incineroar|Fake Out|p1b: Kommo-o\n|-damage|p1b: Kommo-o|94/100\n|cant|p1b: Kommo-o|flinch\n|move|p1a: Incineroar|Parting Shot|p2a: Rotom\n|-activate|p2a: Rotom|move: Protect\n|\n|-heal|p1b: Kommo-o|99/100|[from] item: Leftovers\n|upkeep\n|turn|2\n|\n|t:|1776455852\n|move|p1b: Kommo-o|Clangorous Soul|p1b: Kommo-o\n|-boost|p1b: Kommo-o|atk|1\n|-boost|p1b: Kommo-o|def|1\n|-boost|p1b: Kommo-o|spa|1\n|-boost|p1b: Kommo-o|spd|1\n|-boost|p1b: Kommo-o|spe|1\n|-damage|p1b: Kommo-o|67/100\n|move|p2a: Rotom|Will-O-Wisp|p1b: Kommo-o\n|-status|p1b: Kommo-o|brn\n|move|p2b: Incineroar|Parting Shot|p1b: Kommo-o\n|-immune|p1b: Kommo-o|[from] ability: Soundproof\n|move|p1a: Incineroar|Parting Shot|p2a: Rotom\n|-unboost|p2a: Rotom|atk|1\n|-unboost|p2a: Rotom|spa|1\n|\n|t:|1776455869\n|switch|p1a: Gyarados|Gyarados, L50, M|100/100|[from] Parting Shot\n|-ability|p1a: Gyarados|Intimidate|boost\n|-unboost|p2a: Rotom|atk|1\n|-unboost|p2b: Incineroar|atk|1\n|\n|-heal|p1b: Kommo-o|73/100 brn|[from] item: Leftovers\n|-damage|p1b: Kommo-o|67/100 brn|[from] brn\n|upkeep\n|turn|3\n|\n|t:|1776455881\n|switch|p2b: Corviknight|Corviknight, L50, F|100/100\n|detailschange|p1a: Gyarados|Gyarados-Mega, L50, M\n|-mega|p1a: Gyarados|Gyarados|Gyaradosite\n|-ability|p1a: Gyarados|Mold Breaker\n|move|p1b: Kommo-o|Protect|p1b: Kommo-o\n|-singleturn|p1b: Kommo-o|Protect\n|move|p1a: Gyarados|Earthquake|p2b: Corviknight|[spread] p2a\n|-activate|p1b: Kommo-o|move: Protect\n|-immune|p2b: Corviknight\n|-supereffective|p2a: Rotom|1\n|-damage|p2a: Rotom|34/100\n|move|p2a: Rotom|Volt Switch|p1a: Gyarados\n|-supereffective|p1a: Gyarados|1\n|-damage|p1a: Gyarados|62/100\n|\n|t:|1776455903\n|switch|p2a: Incineroar|Incineroar, L50, F|100/100|[from] Volt Switch\n|-ability|p2a: Incineroar|Intimidate|boost\n|-unboost|p1a: Gyarados|atk|1\n|-unboost|p1b: Kommo-o|atk|1\n|\n|-heal|p1b: Kommo-o|73/100 brn|[from] item: Leftovers\n|-damage|p1b: Kommo-o|67/100 brn|[from] brn\n|upkeep\n|turn|4\n|\n|t:|1776455920\n|move|p2a: Incineroar|Fake Out|p1a: Gyarados\n|-damage|p1a: Gyarados|52/100\n|move|p1b: Kommo-o|Aura Sphere|p2a: Incineroar\n|-supereffective|p2a: Incineroar|1\n|-damage|p2a: Incineroar|33/100\n|-enditem|p2a: Incineroar|Sitrus Berry|[eat]\n|-heal|p2a: Incineroar|58/100|[from] item: Sitrus Berry\n|cant|p1a: Gyarados|flinch\n|move|p2b: Corviknight|Tailwind|p2b: Corviknight\n|-sidestart|p2: BotsuanaKing|move: Tailwind\n|\n|-heal|p1b: Kommo-o|73/100 brn|[from] item: Leftovers\n|-damage|p1b: Kommo-o|67/100 brn|[from] brn\n|upkeep\n|turn|5\n|inactive|Sceptilicious has 30 seconds left.\n|\n|t:|1776455954\n|move|p1b: Kommo-o|Aura Sphere|p2a: Incineroar\n|-supereffective|p2a: Incineroar|1\n|-damage|p2a: Incineroar|0 fnt\n|faint|p2a: Incineroar\n|move|p2b: Corviknight|Brave Bird|p1b: Kommo-o\n|-supereffective|p1b: Kommo-o|1\n|-damage|p1b: Kommo-o|19/100 brn\n|-damage|p2b: Corviknight|89/100|[from] Recoil\n|move|p1a: Gyarados|Waterfall|p2b: Corviknight\n|-damage|p2b: Corviknight|69/100\n|\n|-heal|p1b: Kommo-o|25/100 brn|[from] item: Leftovers\n|-damage|p1b: Kommo-o|19/100 brn|[from] brn\n|upkeep\n|\n|t:|1776455962\n|switch|p2a: Rotom|Rotom-Wash, L50|34/100\n|turn|6\n|\n|t:|1776455976\n|switch|p1a: Incineroar|Incineroar, L50, F|100/100\n|-ability|p1a: Incineroar|Intimidate|boost\n|-unboost|p2a: Rotom|atk|1\n|-ability|p2b: Corviknight|Mirror Armor\n|-unboost|p1a: Incineroar|atk|1\n|move|p2a: Rotom|Volt Switch|p1a: Incineroar\n|-damage|p1a: Incineroar|68/100\n|\n|t:|1776455985\n|switch|p2a: Venusaur|Venusaur, L50, M|100/100|[from] Volt Switch\n|move|p1b: Kommo-o|Clanging Scales|p2a: Venusaur|[spread] p2a,p2b\n|-resisted|p2b: Corviknight|1\n|-damage|p2a: Venusaur|60/100\n|-damage|p2b: Corviknight|47/100\n|-unboost|p1b: Kommo-o|def|1\n|move|p2b: Corviknight|Brave Bird|p1b: Kommo-o\n|-supereffective|p1b: Kommo-o|1\n|-damage|p1b: Kommo-o|0 fnt\n|faint|p1b: Kommo-o\n|-damage|p2b: Corviknight|43/100|[from] Recoil\n|\n|upkeep\n|\n|t:|1776456001\n|switch|p1b: Gengar|Gengar, L50, M|100/100\n|turn|7\n|\n|t:|1776456012\n|move|p2a: Venusaur|Protect|p2a: Venusaur\n|-singleturn|p2a: Venusaur|Protect\n|move|p1b: Gengar|Protect|p1b: Gengar\n|-singleturn|p1b: Gengar|Protect\n|move|p2b: Corviknight|Brave Bird|p1b: Gengar\n|-activate|p1b: Gengar|move: Protect\n|move|p1a: Incineroar|Parting Shot|p2a: Venusaur\n|-activate|p2a: Venusaur|move: Protect\n|\n|-sideend|p2: BotsuanaKing|move: Tailwind\n|upkeep\n|turn|8\n|\n|t:|1776456032\n|switch|p2a: Rotom|Rotom-Wash, L50|34/100\n|move|p1b: Gengar|Shadow Ball|p2a: Rotom\n|-damage|p2a: Rotom|0 fnt\n|faint|p2a: Rotom\n|move|p2b: Corviknight|Tailwind|p2b: Corviknight\n|-sidestart|p2: BotsuanaKing|move: Tailwind\n|move|p1a: Incineroar|Flare Blitz|p2b: Corviknight\n|-supereffective|p2b: Corviknight|1\n|-damage|p2b: Corviknight|0 fnt\n|faint|p2b: Corviknight\n|-damage|p1a: Incineroar|52/100|[from] Recoil\n|\n|upkeep\n|\n|t:|1776456041\n|switch|p2b: Venusaur|Venusaur, L50, M|60/100\n|turn|9\n|\n|t:|1776456050\n|detailschange|p2b: Venusaur|Venusaur-Mega, L50, M\n|-mega|p2b: Venusaur|Venusaur|Venusaurite\n|move|p1b: Gengar|Protect|p1b: Gengar\n|-singleturn|p1b: Gengar|Protect\n|move|p2b: Venusaur|Sludge Bomb|p1a: Incineroar\n|-damage|p1a: Incineroar|16/100\n|-enditem|p1a: Incineroar|Sitrus Berry|[eat]\n|-heal|p1a: Incineroar|41/100|[from] item: Sitrus Berry\n|move|p1a: Incineroar|Parting Shot|p2b: Venusaur\n|-unboost|p2b: Venusaur|atk|1\n|-unboost|p2b: Venusaur|spa|1\n|\n|t:|1776456060\n|switch|p1a: Gyarados|Gyarados-Mega, L50, M|52/100|[from] Parting Shot\n|-ability|p1a: Gyarados|Mold Breaker\n|\n|upkeep\n|turn|10\n|-message|BotsuanaKing forfeited.\n|\n|win|Sceptilicious\n|raw|Sceptilicious's rating: 1241 &rarr; <strong>1263</strong><br />(+22 for winning)\n|raw|BotsuanaKing's rating: 1195 &rarr; <strong>1173</strong><br />(-22 for losing)\n|l|\u2606BotsuanaKing\n|player|p2|\n",
  "uploadtime": 1776456072,
  "views": 32,
  "formatid": "gen9championsvgc2026regma",
  "rating": 1173,
  "private": 0,
  "password": null
}