{
  "id": "gen9championsvgc2026regma-2584820469",
  "format": "[Gen 9 Champions] VGC 2026 Reg M-A",
  "players": [
    "Casual1465",
    "Arthur8915"
  ],
  "log": "|j|\u2606Casual1465\n|j|\u2606Arthur8915\n|t:|1776286135\n|gametype|doubles\n|player|p1|Casual1465|giovanni|1160\n|player|p2|Arthur8915|steven|1219\n|gen|9\n|tier|[Gen 9 Champions] VGC 2026 Reg M-A\n|rated|\n|rule|Species Clause: Limit one of each Pok\u00e9mon\n|rule|Item Clause: Limit 1 of each item\n|clearpoke\n|poke|p1|Meowscarada, L50, M|\n|poke|p1|Milotic, L50, M|\n|poke|p1|Gardevoir, L50, M|\n|poke|p1|Garchomp, L50, F|\n|poke|p1|Aerodactyl, L50, M|\n|poke|p1|Incineroar, L50, M|\n|poke|p2|Dragonite, L50, M|\n|poke|p2|Pelipper, L50, M|\n|poke|p2|Basculegion, L50, M|\n|poke|p2|Incineroar, L50, M|\n|poke|p2|Archaludon, L50, M|\n|poke|p2|Sinistcha, L50|\n|teampreview|4\n|inactive|Battle timer is ON: inactive players will automatically lose when time's up. (requested by Arthur8915)\n|inactive|Casual1465 has 60 seconds left.\nCasual1465 rejected open team sheets.\n|\n|t:|1776286191\n|teamsize|p1|4\n|teamsize|p2|4\n|start\n|switch|p1a: Milotic|Milotic, L50, M|100/100\n|switch|p1b: Meowscarada|Meowscarada, L50, M|100/100\n|switch|p2a: Basculegion|Basculegion, L50, M|100/100\n|switch|p2b: Pelipper|Pelipper, L50, M, shiny|100/100\n|-weather|RainDance|[from] ability: Drizzle|[of] p2b: Pelipper\n|turn|1\n|\n|t:|1776286205\n|move|p1b: Meowscarada|Protect|p1b: Meowscarada\n|-singleturn|p1b: Meowscarada|Protect\n|move|p2b: Pelipper|Protect|p2b: Pelipper\n|-singleturn|p2b: Pelipper|Protect\n|move|p2a: Basculegion|Flip Turn|p1b: Meowscarada\n|-activate|p1b: Meowscarada|move: Protect\n|move|p1a: Milotic|Icy Wind|p2a: Basculegion|[spread] p2a\n|-activate|p2b: Pelipper|move: Protect\n|-resisted|p2a: Basculegion|1\n|-crit|p2a: Basculegion\n|-damage|p2a: Basculegion|92/100\n|-unboost|p2a: Basculegion|spe|1\n|\n|-weather|RainDance|[upkeep]\n|upkeep\n|turn|2\n|inactive|Casual1465 has 30 seconds left.\n|inactive|Casual1465 has 20 seconds left.\n|\n|t:|1776286240\n|switch|p2a: Archaludon|Archaludon, L50, M|100/100\n|move|p1a: Milotic|Helping Hand|p1b: Meowscarada\n|-singleturn|p1b: Meowscarada|Helping Hand|[of] p1a: Milotic\n|move|p1b: Meowscarada|Flower Trick|p2b: Pelipper\n|-crit|p2b: Pelipper\n|-damage|p2b: Pelipper|38/100\n|move|p2b: Pelipper|Tailwind|p2b: Pelipper\n|-sidestart|p2: Arthur8915|move: Tailwind\n|\n|-weather|RainDance|[upkeep]\n|upkeep\n|turn|3\n|inactive|Casual1465 has 30 seconds left.\n|\n|t:|1776286272\n|move|p1b: Meowscarada|Protect|p1b: Meowscarada\n|-singleturn|p1b: Meowscarada|Protect\n|move|p2b: Pelipper|Protect|p2b: Pelipper\n|-singleturn|p2b: Pelipper|Protect\n|move|p2a: Archaludon|Electro Shot||[still]\n|-prepare|p2a: Archaludon|Electro Shot\n|-boost|p2a: Archaludon|spa|1\n|-anim|p2a: Archaludon|Electro Shot|p1b: Meowscarada\n|-activate|p1b: Meowscarada|move: Protect\n|move|p1a: Milotic|Icy Wind|p2b: Pelipper|[spread] p2a\n|-activate|p2b: Pelipper|move: Protect\n|-damage|p2a: Archaludon|89/100\n|-unboost|p2a: Archaludon|spe|1\n|-ability|p2a: Archaludon|Stamina|boost\n|-boost|p2a: Archaludon|def|1\n|\n|-weather|RainDance|[upkeep]\n|upkeep\n|turn|4\n|\n|t:|1776286290\n|switch|p2b: Basculegion|Basculegion, L50, M|92/100\n|move|p1a: Milotic|Helping Hand|p1b: Meowscarada\n|-singleturn|p1b: Meowscarada|Helping Hand|[of] p1a: Milotic\n|move|p1b: Meowscarada|Flower Trick|p2b: Basculegion\n|-supereffective|p2b: Basculegion|1\n|-crit|p2b: Basculegion\n|-damage|p2b: Basculegion|0 fnt\n|faint|p2b: Basculegion\n|move|p2a: Archaludon|Draco Meteor|p1a: Milotic\n|-damage|p1a: Milotic|45/100\n|-unboost|p2a: Archaludon|spa|2\n|\n|-weather|RainDance|[upkeep]\n|-heal|p1a: Milotic|51/100|[from] item: Leftovers\n|upkeep\n|\n|t:|1776286301\n|switch|p2b: Dragonite|Dragonite, L50, M, shiny|100/100\n|turn|5\n|\n|t:|1776286312\n|detailschange|p2b: Dragonite|Dragonite-Mega, L50, M, shiny\n|-mega|p2b: Dragonite|Dragonite|Dragoninite\n|move|p1b: Meowscarada|Protect|p1b: Meowscarada\n|-singleturn|p1b: Meowscarada|Protect\n|move|p2b: Dragonite|Thunder|p1a: Milotic\n|-supereffective|p1a: Milotic|1\n|-damage|p1a: Milotic|0 fnt\n|faint|p1a: Milotic\n|move|p2a: Archaludon|Electro Shot||[still]\n|-prepare|p2a: Archaludon|Electro Shot\n|-boost|p2a: Archaludon|spa|1\n|-anim|p2a: Archaludon|Electro Shot|p1b: Meowscarada\n|-activate|p1b: Meowscarada|move: Protect\n|\n|-weather|none\n|-sideend|p2: Arthur8915|move: Tailwind\n|upkeep\n|\n|t:|1776286319\n|switch|p1a: Gardevoir|Gardevoir, L50, M|100/100\n|turn|6\n|\n|t:|1776286338\n|detailschange|p1a: Gardevoir|Gardevoir-Mega, L50, M\n|-mega|p1a: Gardevoir|Gardevoir|Gardevoirite\n|move|p2b: Dragonite|Protect|p2b: Dragonite\n|-singleturn|p2b: Dragonite|Protect\n|move|p2a: Archaludon|Protect|p2a: Archaludon\n|-singleturn|p2a: Archaludon|Protect\n|move|p1b: Meowscarada|Triple Axel|p2a: Archaludon\n|-activate|p2a: Archaludon|move: Protect\n|move|p1a: Gardevoir|Hyper Voice|p2b: Dragonite|[spread] \n|-activate|p2a: Archaludon|move: Protect\n|-activate|p2b: Dragonite|move: Protect\n|\n|upkeep\n|turn|7\n|\n|t:|1776286354\n|switch|p2b: Pelipper|Pelipper, L50, M, shiny|38/100\n|-weather|RainDance|[from] ability: Drizzle|[of] p2b: Pelipper\n|move|p1b: Meowscarada|Triple Axel|p2a: Archaludon\n|-crit|p2a: Archaludon\n|-damage|p2a: Archaludon|80/100\n|-ability|p2a: Archaludon|Stamina|boost\n|-boost|p2a: Archaludon|def|1\n|-damage|p2a: Archaludon|75/100\n|-ability|p2a: Archaludon|Stamina|boost\n|-boost|p2a: Archaludon|def|1\n|-hitcount|p2a: Archaludon|2\n|move|p1a: Gardevoir|Hyper Voice|p2b: Pelipper|[spread] p2a,p2b\n|-damage|p2a: Archaludon|34/100\n|-damage|p2b: Pelipper|0 fnt\n|-ability|p2a: Archaludon|Stamina|boost\n|-boost|p2a: Archaludon|def|1\n|faint|p2b: Pelipper\n|move|p2a: Archaludon|Flash Cannon|p1a: Gardevoir\n|-supereffective|p1a: Gardevoir|1\n|-damage|p1a: Gardevoir|39/100\n|\n|-weather|RainDance|[upkeep]\n|upkeep\n|\n|t:|1776286369\n|switch|p2b: Dragonite|Dragonite-Mega, L50, M, shiny|100/100\n|turn|8\n|\n|t:|1776286383\n|move|p1b: Meowscarada|Triple Axel|p2b: Dragonite\n|-supereffective|p2b: Dragonite|2\n|-damage|p2b: Dragonite|86/100\n|-supereffective|p2b: Dragonite|2\n|-damage|p2b: Dragonite|31/100\n|-hitcount|p2b: Dragonite|2\n|move|p2b: Dragonite|Hurricane|p1a: Gardevoir\n|-damage|p1a: Gardevoir|0 fnt\n|faint|p1a: Gardevoir\n|move|p2a: Archaludon|Draco Meteor|p1b: Meowscarada\n|-damage|p1b: Meowscarada|13/100\n|-unboost|p2a: Archaludon|spa|2\n|\n|-weather|RainDance|[upkeep]\n|upkeep\n|\n|t:|1776286391\n|switch|p1a: Aerodactyl|Aerodactyl, L50, M|100/100\n|turn|9\n|c|\u2606Casual1465|that miss :sob:\n|\n|t:|1776286401\n|move|p2b: Dragonite|Protect|p2b: Dragonite\n|-singleturn|p2b: Dragonite|Protect\n|move|p1a: Aerodactyl|Rock Slide|p2b: Dragonite|[spread] p2a\n|-activate|p2b: Dragonite|move: Protect\n|-resisted|p2a: Archaludon|1\n|-damage|p2a: Archaludon|31/100\n|-ability|p2a: Archaludon|Stamina|boost\n|-boost|p2a: Archaludon|def|1\n|move|p1b: Meowscarada|Triple Axel|p2a: Archaludon\n|-damage|p2a: Archaludon|29/100\n|-ability|p2a: Archaludon|Stamina|boost\n|-boost|p2a: Archaludon|def|1\n|-damage|p2a: Archaludon|26/100\n|-damage|p2a: Archaludon|23/100\n|-hitcount|p2a: Archaludon|3\n|cant|p2a: Archaludon|flinch\n|\n|-weather|RainDance|[upkeep]\n|upkeep\n|turn|10\n|c|\u2606Casual1465|bro that one miss\n|c|\u2606Casual1465|that one miss ended it all lmao\n|\n|t:|1776286423\n|move|p1a: Aerodactyl|Rock Slide|p2b: Dragonite|[spread] p2a,p2b\n|-resisted|p2a: Archaludon|1\n|-supereffective|p2b: Dragonite|1\n|-damage|p2a: Archaludon|21/100\n|-damage|p2b: Dragonite|0 fnt\n|faint|p2b: Dragonite\n|move|p1b: Meowscarada|Triple Axel|p2a: Archaludon\n|-damage|p2a: Archaludon|19/100\n|-damage|p2a: Archaludon|16/100\n|-damage|p2a: Archaludon|12/100\n|-hitcount|p2a: Archaludon|3\n|cant|p2a: Archaludon|flinch\n|\n|-weather|RainDance|[upkeep]\n|upkeep\n|turn|11\n|-message|Arthur8915 forfeited.\n|\n|win|Casual1465\n|raw|Casual1465's rating: 1160 &rarr; <strong>1189</strong><br />(+29 for winning)\n|raw|Arthur8915's rating: 1219 &rarr; <strong>1190</strong><br />(-29 for losing)\n|l|\u2606Arthur8915\n|player|p2|\n|c|\u2606Casual1465|the double flinch baby!!!\n",
  "uploadtime": 1776286442,
  "views": 20,
  "formatid": "gen9championsvgc2026regma",
  "rating": 1189,
  "private": 0,
  "password": null
}