{
  "id": "gen9championsvgc2026regma-2581627790",
  "format": "[Gen 9 Champions] VGC 2026 Reg M-A",
  "players": [
    "Beekeeper69",
    "mudkipman333"
  ],
  "log": "|j|\u2606Beekeeper69\n|j|\u2606mudkipman333\n|t:|1776016270\n|gametype|doubles\n|player|p1|Beekeeper69|169|1144\n|player|p2|mudkipman333|lucas|1062\n|gen|9\n|tier|[Gen 9 Champions] VGC 2026 Reg M-A\n|rated|\n|rule|Species Clause: Limit one of each Pok\u00e9mon\n|rule|Item Clause: Limit 1 of each item\n|clearpoke\n|poke|p1|Lopunny, L50, F|\n|poke|p1|Aegislash, L50, M|\n|poke|p1|Incineroar, L50, M|\n|poke|p1|Farigiraf, L50, M|\n|poke|p1|Sableye, L50, F|\n|poke|p1|Azumarill, L50, F|\n|poke|p2|Starmie, L50|\n|poke|p2|Tyranitar, L50, M|\n|poke|p2|Pelipper, L50, M|\n|poke|p2|Basculegion, L50, M|\n|poke|p2|Garchomp, L50, F|\n|poke|p2|Hydreigon, L50, F|\n|teampreview|4\nmudkipman333 rejected open team sheets.\n|inactive|Battle timer is ON: inactive players will automatically lose when time's up. (requested by mudkipman333)\n|\n|t:|1776016309\n|teamsize|p1|4\n|teamsize|p2|4\n|start\n|switch|p1a: Lopunny|Lopunny, L50, F|100/100\n|switch|p1b: Aegislash|Aegislash, L50, M|100/100\n|switch|p2a: Starmie|Starmie, L50|100/100\n|switch|p2b: Tyranitar|Tyranitar, L50, M|100/100\n|-weather|Sandstorm|[from] ability: Sand Stream|[of] p2b: Tyranitar\n|turn|1\n|inactive|Beekeeper69 has 30 seconds left.\n|inactive|mudkipman333 has 30 seconds left.\n|\n|t:|1776016343\n|switch|p1b: Azumarill|Azumarill, L50, F|100/100\n|detailschange|p2a: Starmie|Starmie-Mega, L50\n|-mega|p2a: Starmie|Starmie|Starminite\n|detailschange|p1a: Lopunny|Lopunny-Mega, L50, F\n|-mega|p1a: Lopunny|Lopunny|Lopunnite\n|move|p1a: Lopunny|Fake Out|p2a: Starmie\n|-damage|p2a: Starmie|72/100\n|cant|p2a: Starmie|flinch\n|move|p2b: Tyranitar|Rock Slide|p1a: Lopunny|[spread] p1a,p1b\n|-resisted|p1a: Lopunny|1\n|-damage|p1a: Lopunny|82/100\n|-damage|p1b: Azumarill|72/100\n|\n|-weather|Sandstorm|[upkeep]\n|-damage|p1a: Lopunny|76/100|[from] Sandstorm\n|-damage|p2a: Starmie|66/100|[from] Sandstorm\n|-damage|p1b: Azumarill|66/100|[from] Sandstorm\n|upkeep\n|turn|2\n|inactive|Beekeeper69 has 30 seconds left.\n|inactive|mudkipman333 has 30 seconds left.\n|\n|t:|1776016376\n|switch|p1b: Sableye|Sableye, L50, F|100/100\n|move|p1a: Lopunny|Close Combat|p2b: Tyranitar\n|-supereffective|p2b: Tyranitar|2\n|-damage|p2b: Tyranitar|0 fnt\n|-unboost|p1a: Lopunny|def|1\n|-unboost|p1a: Lopunny|spd|1\n|faint|p2b: Tyranitar\n|move|p2a: Starmie|Flip Turn|p1a: Lopunny\n|-damage|p1a: Lopunny|0 fnt\n|faint|p1a: Lopunny\n|\n|t:|1776016385\n|switch|p2a: Pelipper|Pelipper, L50, M|100/100|[from] Flip Turn\n|-weather|RainDance|[from] ability: Drizzle|[of] p2a: Pelipper\n|\n|-weather|RainDance|[upkeep]\n|upkeep\n|\n|t:|1776016395\n|switch|p1a: Aegislash|Aegislash, L50, M|100/100\n|switch|p2b: Basculegion|Basculegion, L50, M|100/100\n|turn|3\n|\n|t:|1776016416\n|move|p1a: Aegislash|King's Shield|p1a: Aegislash\n|-singleturn|p1a: Aegislash|Protect\n|move|p2b: Basculegion|Last Respects|p1a: Aegislash\n|-activate|p1a: Aegislash|move: Protect\n|move|p2a: Pelipper|Weather Ball|p1a: Aegislash\n|-activate|p1a: Aegislash|move: Protect\n|move|p1b: Sableye|Foul Play|p2b: Basculegion\n|-supereffective|p2b: Basculegion|1\n|-damage|p2b: Basculegion|0 fnt\n|faint|p2b: Basculegion\n|\n|-weather|RainDance|[upkeep]\n|upkeep\n|\n|t:|1776016425\n|switch|p2b: Starmie|Starmie-Mega, L50|66/100\n|turn|4\n|inactive|Beekeeper69 has 30 seconds left.\n|\n|t:|1776016456\n|switch|p1a: Azumarill|Azumarill, L50, F|66/100\n|move|p2b: Starmie|Flip Turn|p1a: Azumarill\n|-resisted|p1a: Azumarill|1\n|-damage|p1a: Azumarill|27/100\n|move|p2a: Pelipper|Hurricane|p1b: Sableye\n|-damage|p1b: Sableye|58/100\n|move|p1b: Sableye|Foul Play|p2b: Starmie\n|-supereffective|p2b: Starmie|1\n|-damage|p2b: Starmie|0 fnt\n|faint|p2b: Starmie\n|\n|-weather|RainDance|[upkeep]\n|upkeep\n|turn|5\n|-message|mudkipman333 forfeited.\n|\n|win|Beekeeper69\n|raw|Beekeeper69's rating: 1144 &rarr; <strong>1163</strong><br />(+19 for winning)\n|raw|mudkipman333's rating: 1062 &rarr; <strong>1047</strong><br />(-15 for losing)\n|l|\u2606mudkipman333\n|player|p2|\n",
  "uploadtime": 1776016496,
  "views": 58,
  "formatid": "gen9championsvgc2026regma",
  "rating": 1047,
  "private": 0,
  "password": null
}