{
  "id": "gen9championsvgc2026regma-2587952662",
  "format": "[Gen 9 Champions] VGC 2026 Reg M-A",
  "players": [
    "raghavendarv",
    "Hinya"
  ],
  "log": "|j|\u2606raghavendarv\n|j|\u2606Hinya\n|t:|1776583972\n|gametype|doubles\n|player|p1|raghavendarv|riley|1135\n|player|p2|Hinya|arezu|1192\n|gen|9\n|tier|[Gen 9 Champions] VGC 2026 Reg M-A\n|rated|\n|rule|Species Clause: Limit one of each Pok\u00e9mon\n|rule|Item Clause: Limit 1 of each item\n|clearpoke\n|poke|p1|Pelipper, L50, M|\n|poke|p1|Archaludon, L50, F|\n|poke|p1|Starmie, L50|\n|poke|p1|Decidueye-Hisui, L50, M|\n|poke|p1|Aegislash, L50, M|\n|poke|p1|Heliolisk, L50, M|\n|poke|p2|Gengar, L50, F|\n|poke|p2|Aerodactyl, L50, M|\n|poke|p2|Incineroar, L50, M|\n|poke|p2|Kingambit, L50, M|\n|poke|p2|Sinistcha, L50, shiny|\n|poke|p2|Whimsicott, L50, M|\n|teampreview|4\n|inactive|Battle timer is ON: inactive players will automatically lose when time's up. (requested by Hinya)\nraghavendarv has agreed to open team sheets.\n|\n|t:|1776583994\n|teamsize|p1|4\n|teamsize|p2|4\n|start\n|switch|p1a: Aegislash|Aegislash, L50, M|100/100\n|switch|p1b: Heliolisk|Heliolisk, L50, M|100/100\n|switch|p2a: \ud32c\ud140|Gengar, L50, F|100/100\n|switch|p2b: \uc5b4\ud765\uc5fc|Incineroar, L50, M|100/100\n|-ability|p2b: \uc5b4\ud765\uc5fc|Intimidate|boost\n|-unboost|p1a: Aegislash|atk|1\n|-unboost|p1b: Heliolisk|atk|1\n|turn|1\n|inactive|raghavendarv has 30 seconds left.\n|\n|t:|1776584019\n|detailschange|p2a: \ud32c\ud140|Gengar-Mega, L50, F\n|-mega|p2a: \ud32c\ud140|Gengar|Gengarite\n|move|p2a: \ud32c\ud140|Protect|p2a: \ud32c\ud140\n|-singleturn|p2a: \ud32c\ud140|Protect\n|move|p1a: Aegislash|King's Shield|p1a: Aegislash\n|-singleturn|p1a: Aegislash|Protect\n|move|p1b: Heliolisk|Volt Switch|p2b: \uc5b4\ud765\uc5fc\n|-damage|p2b: \uc5b4\ud765\uc5fc|70/100\n|\n|t:|1776584029\n|switch|p1b: Pelipper|Pelipper, L50, M|100/100|[from] Volt Switch\n|-weather|RainDance|[from] ability: Drizzle|[of] p1b: Pelipper\n|move|p2b: \uc5b4\ud765\uc5fc|Throat Chop|p1a: Aegislash\n|-activate|p1a: Aegislash|move: Protect\n|-unboost|p2b: \uc5b4\ud765\uc5fc|atk|1\n|\n|-weather|RainDance|[upkeep]\n|-heal|p2b: \uc5b4\ud765\uc5fc|77/100|[from] item: Leftovers\n|upkeep\n|turn|2\n|\n|t:|1776584054\n|switch|p2a: \ub300\ub3c4\uac01\ucc38|Kingambit, L50, M|100/100\n|switch|p1a: Heliolisk|Heliolisk, L50, M|100/100\n|move|p1b: Pelipper|Weather Ball|p2b: \uc5b4\ud765\uc5fc\n|-supereffective|p2b: \uc5b4\ud765\uc5fc|1\n|-damage|p2b: \uc5b4\ud765\uc5fc|0 fnt\n|faint|p2b: \uc5b4\ud765\uc5fc\n|\n|-weather|RainDance|[upkeep]\n|upkeep\n|\n|t:|1776584061\n|switch|p2b: \ud32c\ud140|Gengar-Mega, L50, F|100/100\n|turn|3\n|\n|t:|1776584077\n|move|p2b: \ud32c\ud140|Perish Song|p2b: \ud32c\ud140\n|-start|p1a: Heliolisk|perish3|[silent]\n|-start|p1b: Pelipper|perish3|[silent]\n|-start|p2a: \ub300\ub3c4\uac01\ucc38|perish3|[silent]\n|-start|p2b: \ud32c\ud140|perish3|[silent]\n|-fieldactivate|move: Perish Song\n|move|p1a: Heliolisk|Thunder|p2b: \ud32c\ud140\n|-damage|p2b: \ud32c\ud140|32/100\n|move|p1b: Pelipper|U-turn|p2a: \ub300\ub3c4\uac01\ucc38\n|-damage|p2a: \ub300\ub3c4\uac01\ucc38|94/100\n|\n|t:|1776584084\n|switch|p1b: Decidueye|Decidueye-Hisui, L50, M|100/100|[from] U-turn\n|move|p2a: \ub300\ub3c4\uac01\ucc38|Kowtow Cleave|p1b: Decidueye\n|-resisted|p1b: Decidueye|1\n|-damage|p1b: Decidueye|65/100\n|\n|-weather|RainDance|[upkeep]\n|-start|p2b: \ud32c\ud140|perish3\n|-start|p1a: Heliolisk|perish3\n|-start|p2a: \ub300\ub3c4\uac01\ucc38|perish3\n|upkeep\n|turn|4\n|\n|t:|1776584096\n|move|p2b: \ud32c\ud140|Protect|p2b: \ud32c\ud140\n|-singleturn|p2b: \ud32c\ud140|Protect\n|move|p2a: \ub300\ub3c4\uac01\ucc38|Protect|p2a: \ub300\ub3c4\uac01\ucc38\n|-singleturn|p2a: \ub300\ub3c4\uac01\ucc38|Protect\n|move|p1a: Heliolisk|Volt Switch|p2b: \ud32c\ud140\n|-activate|p2b: \ud32c\ud140|move: Protect\n|move|p1b: Decidueye|Triple Arrows|p2a: \ub300\ub3c4\uac01\ucc38\n|-activate|p2a: \ub300\ub3c4\uac01\ucc38|move: Protect\n|\n|-weather|RainDance|[upkeep]\n|-start|p2b: \ud32c\ud140|perish2\n|-start|p1a: Heliolisk|perish2\n|-start|p2a: \ub300\ub3c4\uac01\ucc38|perish2\n|upkeep\n|turn|5\n|inactive|Hinya has 30 seconds left.\n|\n|t:|1776584123\n|switch|p2a: \uadf8\uc6b0\ub9b0\ucc28|Sinistcha, L50, shiny|100/100\n|-heal|p2b: \ud32c\ud140|56/100|[from] ability: Hospitality|[of] p2a: \uadf8\uc6b0\ub9b0\ucc28\n|move|p2b: \ud32c\ud140|Disable|p1a: Heliolisk\n|-start|p1a: Heliolisk|Disable|Volt Switch\n|cant|p1a: Heliolisk|Disable|Volt Switch\n|move|p1b: Decidueye|Triple Arrows|p2a: \uadf8\uc6b0\ub9b0\ucc28\n|-damage|p2a: \uadf8\uc6b0\ub9b0\ucc28|68/100\n|-unboost|p2a: \uadf8\uc6b0\ub9b0\ucc28|def|1\n|\n|-weather|none\n|-start|p2b: \ud32c\ud140|perish1\n|-start|p1a: Heliolisk|perish1\n|upkeep\n|turn|6\n|inactive|raghavendarv has 30 seconds left.\n|inactive|raghavendarv has 20 seconds left.\n|\n|t:|1776584161\n|switch|p2b: \ub300\ub3c4\uac01\ucc38|Kingambit, L50, M|94/100\n|move|p2a: \uadf8\uc6b0\ub9b0\ucc28|Rage Powder|p2a: \uadf8\uc6b0\ub9b0\ucc28\n|-singleturn|p2a: \uadf8\uc6b0\ub9b0\ucc28|move: Rage Powder\n|move|p1a: Heliolisk|Thunder|p2a: \uadf8\uc6b0\ub9b0\ucc28|[miss]\n|-miss|p1a: Heliolisk|p2a: \uadf8\uc6b0\ub9b0\ucc28\n|move|p1b: Decidueye|Brave Bird|p2b: \ub300\ub3c4\uac01\ucc38\n|-resisted|p2b: \ub300\ub3c4\uac01\ucc38|1\n|-damage|p2b: \ub300\ub3c4\uac01\ucc38|77/100\n|-damage|p1b: Decidueye|59/100|[from] Recoil\n|\n|-start|p1a: Heliolisk|perish0\n|upkeep\n|faint|p1a: Heliolisk\n|\n|t:|1776584175\n|switch|p1a: Pelipper|Pelipper, L50, M|100/100\n|-weather|RainDance|[from] ability: Drizzle|[of] p1a: Pelipper\n|turn|7\n|\n|t:|1776584186\n|move|p2b: \ub300\ub3c4\uac01\ucc38|Protect|p2b: \ub300\ub3c4\uac01\ucc38\n|-singleturn|p2b: \ub300\ub3c4\uac01\ucc38|Protect\n|move|p1a: Pelipper|Hurricane|p2a: \uadf8\uc6b0\ub9b0\ucc28\n|-supereffective|p2a: \uadf8\uc6b0\ub9b0\ucc28|1\n|-damage|p2a: \uadf8\uc6b0\ub9b0\ucc28|0 fnt\n|faint|p2a: \uadf8\uc6b0\ub9b0\ucc28\n|move|p1b: Decidueye|Triple Arrows|p2b: \ub300\ub3c4\uac01\ucc38\n|-activate|p2b: \ub300\ub3c4\uac01\ucc38|move: Protect\n|\n|-weather|RainDance|[upkeep]\n|upkeep\n|\n|t:|1776584191\n|switch|p2a: \ud32c\ud140|Gengar-Mega, L50, F|56/100\n|turn|8\n|\n|t:|1776584202\n|move|p2a: \ud32c\ud140|Disable|p1b: Decidueye\n|-start|p1b: Decidueye|Disable|Triple Arrows\n|move|p1a: Pelipper|Weather Ball|p2a: \ud32c\ud140\n|-damage|p2a: \ud32c\ud140|0 fnt\n|faint|p2a: \ud32c\ud140\n|cant|p1b: Decidueye|Disable|Triple Arrows\n|move|p2b: \ub300\ub3c4\uac01\ucc38|Kowtow Cleave|p1a: Pelipper\n|-damage|p1a: Pelipper|19/100\n|\n|-weather|RainDance|[upkeep]\n|upkeep\n|turn|9\n|\n|t:|1776584218\n|move|p2b: \ub300\ub3c4\uac01\ucc38|Sucker Punch|p1a: Pelipper\n|-damage|p1a: Pelipper|0 fnt\n|faint|p1a: Pelipper\n|move|p1b: Decidueye|Leaf Blade|p2b: \ub300\ub3c4\uac01\ucc38\n|-resisted|p2b: \ub300\ub3c4\uac01\ucc38|1\n|-crit|p2b: \ub300\ub3c4\uac01\ucc38\n|-damage|p2b: \ub300\ub3c4\uac01\ucc38|52/100\n|\n|-weather|RainDance|[upkeep]\n|upkeep\n|\n|t:|1776584225\n|switch|p1a: Aegislash|Aegislash, L50, M|100/100\n|turn|10\n|\n|t:|1776584242\n|move|p1a: Aegislash|Wide Guard|p1a: Aegislash\n|-singleturn|p1a: Aegislash|Wide Guard\n|move|p1b: Decidueye|Brave Bird|p2b: \ub300\ub3c4\uac01\ucc38\n|-resisted|p2b: \ub300\ub3c4\uac01\ucc38|1\n|-damage|p2b: \ub300\ub3c4\uac01\ucc38|36/100\n|-damage|p1b: Decidueye|54/100|[from] Recoil\n|move|p2b: \ub300\ub3c4\uac01\ucc38|Iron Head|p1b: Decidueye\n|-damage|p1b: Decidueye|0 fnt\n|faint|p1b: Decidueye\n|\n|-weather|RainDance|[upkeep]\n|upkeep\n|turn|11\n|\n|t:|1776584255\n|move|p1a: Aegislash|King's Shield|p1a: Aegislash\n|-singleturn|p1a: Aegislash|Protect\n|move|p2b: \ub300\ub3c4\uac01\ucc38|Kowtow Cleave|p1a: Aegislash\n|-activate|p1a: Aegislash|move: Protect\n|-unboost|p2b: \ub300\ub3c4\uac01\ucc38|atk|1\n|-ability|p2b: \ub300\ub3c4\uac01\ucc38|Defiant|boost\n|-boost|p2b: \ub300\ub3c4\uac01\ucc38|atk|2\n|\n|-weather|none\n|upkeep\n|turn|12\n|\n|t:|1776584275\n|move|p2b: \ub300\ub3c4\uac01\ucc38|Protect|p2b: \ub300\ub3c4\uac01\ucc38\n|-singleturn|p2b: \ub300\ub3c4\uac01\ucc38|Protect\n|-formechange|p1a: Aegislash|Aegislash-Blade|\n|move|p1a: Aegislash|Shadow Ball|p2b: \ub300\ub3c4\uac01\ucc38\n|-activate|p2b: \ub300\ub3c4\uac01\ucc38|move: Protect\n|\n|upkeep\n|turn|13\n|\n|t:|1776584279\n|-formechange|p1a: Aegislash|Aegislash|\n|move|p1a: Aegislash|King's Shield|p1a: Aegislash\n|-singleturn|p1a: Aegislash|Protect\n|move|p2b: \ub300\ub3c4\uac01\ucc38|Kowtow Cleave|p1a: Aegislash\n|-activate|p1a: Aegislash|move: Protect\n|-unboost|p2b: \ub300\ub3c4\uac01\ucc38|atk|1\n|-ability|p2b: \ub300\ub3c4\uac01\ucc38|Defiant|boost\n|-boost|p2b: \ub300\ub3c4\uac01\ucc38|atk|2\n|\n|upkeep\n|turn|14\n|\n|t:|1776584292\n|-formechange|p1a: Aegislash|Aegislash-Blade|\n|move|p1a: Aegislash|Flash Cannon|p2b: \ub300\ub3c4\uac01\ucc38\n|-resisted|p2b: \ub300\ub3c4\uac01\ucc38|1\n|-damage|p2b: \ub300\ub3c4\uac01\ucc38|13/100\n|move|p2b: \ub300\ub3c4\uac01\ucc38|Kowtow Cleave|p1a: Aegislash\n|-supereffective|p1a: Aegislash|1\n|-damage|p1a: Aegislash|0 fnt\n|faint|p1a: Aegislash\n|\n|win|Hinya\n|raw|raghavendarv's rating: 1135 &rarr; <strong>1114</strong><br />(-21 for losing)\n|raw|Hinya's rating: 1192 &rarr; <strong>1213</strong><br />(+21 for winning)\n",
  "uploadtime": 1776584299,
  "views": 9,
  "formatid": "gen9championsvgc2026regma",
  "rating": 1114,
  "private": 0,
  "password": null
}