{
  "id": "gen9championsvgc2026regma-2580762268",
  "format": "[Gen 9 Champions] VGC 2026 Reg M-A",
  "players": [
    "Viable Meta",
    "Rngcrusader"
  ],
  "log": "|j|\u2606Viable Meta\n|j|\u2606Rngcrusader\n|t:|1775930420\n|gametype|doubles\n|player|p1|Viable Meta|crasherwake|\n|player|p2|Rngcrusader|bruno|\n|gen|9\n|tier|[Gen 9 Champions] VGC 2026 Reg M-A\n|rule|Species Clause: Limit one of each Pok\u00e9mon\n|rule|Item Clause: Limit 1 of each item\n|clearpoke\n|poke|p1|Golurk, L50|\n|poke|p1|Bellibolt, L50, F|\n|poke|p1|Rotom-Mow, L50|\n|poke|p1|Runerigus, L50, F|\n|poke|p1|Chesnaught, L50, M|\n|poke|p1|Liepard, L50, M|\n|poke|p2|Gallade, L50, M|\n|poke|p2|Arcanine-Hisui, L50, M|\n|poke|p2|Ditto, L50|\n|poke|p2|Dragonite, L50, M|\n|poke|p2|Incineroar, L50, F|\n|poke|p2|Basculegion-F, L50, F|\n|teampreview|4\n|\n|t:|1775930450\n|teamsize|p1|4\n|teamsize|p2|4\n|start\n|switch|p1a: Bellibolt|Bellibolt, L50, F|100/100\n|switch|p1b: Liepard|Liepard, L50, M|100/100\n|switch|p2a: Incineroar?|Arcanine-Hisui, L50, M|100/100\n|switch|p2b: The Devil|Incineroar, L50, F, shiny|100/100\n|-ability|p2a: Incineroar?|Intimidate|boost\n|-unboost|p1a: Bellibolt|atk|1\n|-unboost|p1b: Liepard|atk|1\n|-ability|p2b: The Devil|Intimidate|boost\n|-unboost|p1a: Bellibolt|atk|1\n|-unboost|p1b: Liepard|atk|1\n|turn|1\n|\n|t:|1775930476\n|move|p1b: Liepard|Fake Out|p2a: Incineroar?\n|-resisted|p2a: Incineroar?|1\n|-damage|p2a: Incineroar?|99/100\n|move|p2b: The Devil|Fake Out|p1b: Liepard\n|-damage|p1b: Liepard|73/100\n|cant|p2a: Incineroar?|flinch\n|move|p1a: Bellibolt|Soak|p2b: The Devil\n|-start|p2b: The Devil|typechange|Water\n|\n|-heal|p2a: Incineroar?|100/100|[from] item: Leftovers\n|upkeep\n|turn|2\n|\n|t:|1775930492\n|move|p1b: Liepard|Thunder Wave|p2a: Incineroar?\n|-status|p2a: Incineroar?|par\n|move|p2b: The Devil|Parting Shot|p1a: Bellibolt\n|-unboost|p1a: Bellibolt|atk|1\n|-unboost|p1a: Bellibolt|spa|1\n|\n|t:|1775930500\n|switch|p2b: Potential Mon|Gallade, L50, M, shiny|100/100|[from] Parting Shot\n|move|p1a: Bellibolt|Thunderbolt|p2b: Potential Mon\n|-damage|p2b: Potential Mon|75/100\n|cant|p2a: Incineroar?|par\n|\n|upkeep\n|turn|3\n|\n|t:|1775930524\n|switch|p1b: Runerigus|Runerigus, L50, F|100/100\n|move|p2b: Potential Mon|Air Slash|p1b: Runerigus\n|-damage|p1b: Runerigus|82/100\n|move|p1a: Bellibolt|Soak|p2b: Potential Mon\n|-start|p2b: Potential Mon|typechange|Water\n|move|p2a: Incineroar?|Rock Slide|p1b: Runerigus|[spread] p1b\n|-miss|p2a: Incineroar?|p1a: Bellibolt\n|-resisted|p1b: Runerigus|1\n|-damage|p1b: Runerigus|74/100\n|\n|upkeep\n|turn|4\n|\n|t:|1775930546\n|move|p2b: Potential Mon|Protect|p2b: Potential Mon\n|-singleturn|p2b: Potential Mon|Protect\n|move|p1a: Bellibolt|Thunderbolt|p2b: Potential Mon\n|-activate|p2b: Potential Mon|move: Protect\n|move|p2a: Incineroar?|Flare Blitz|p1b: Runerigus\n|-damage|p1b: Runerigus|44/100\n|-activate|p2a: Incineroar?|Skill Swap|Wandering Spirit|Intimidate|[of] p1b: Runerigus\n|-ability|p1b: Runerigus|Intimidate|boost\n|-unboost|p2a: Incineroar?|atk|1\n|-unboost|p2b: Potential Mon|atk|1\n|-damage|p2a: Incineroar?|91/100 par|[from] Recoil\n|move|p1b: Runerigus|Earthquake|p2b: Potential Mon|[spread] p1a,p2a\n|-activate|p2b: Potential Mon|move: Protect\n|-supereffective|p1a: Bellibolt|1\n|-supereffective|p2a: Incineroar?|2\n|-damage|p1a: Bellibolt|67/100\n|-damage|p2a: Incineroar?|0 fnt\n|-start|p1a: Bellibolt|Charge|Earthquake|[from] ability: Electromorphosis\n|faint|p2a: Incineroar?\n|\n|-heal|p1a: Bellibolt|73/100|[from] item: Leftovers\n|upkeep\n|\n|t:|1775930570\n|switch|p2a: The Devil|Incineroar, L50, F, shiny|100/100\n|-ability|p2a: The Devil|Intimidate|boost\n|-unboost|p1a: Bellibolt|atk|1\n|-unboost|p1b: Runerigus|atk|1\n|turn|5\n|\n|t:|1775930584\n|move|p2a: The Devil|Fake Out|p1a: Bellibolt\n|-damage|p1a: Bellibolt|64/100\n|-start|p1a: Bellibolt|Charge|Fake Out|[from] ability: Electromorphosis\n|move|p2b: Potential Mon|Psycho Cut|p1b: Runerigus\n|-damage|p1b: Runerigus|30/100\n|cant|p1a: Bellibolt|flinch\n|move|p1b: Runerigus|Destiny Bond|p1b: Runerigus\n|-singlemove|p1b: Runerigus|Destiny Bond\n|\n|-heal|p1a: Bellibolt|70/100|[from] item: Leftovers\n|upkeep\n|turn|6\n|\n|t:|1775930615\n|switch|p2b: Nuh uh|Ditto, L50, shiny|100/100\n|-transform|p2b: Nuh uh|p1a: Bellibolt|[from] ability: Imposter\n|switch|p1b: Liepard|Liepard, L50, M|73/100\n|move|p2a: The Devil|Darkest Lariat|p1b: Liepard\n|-resisted|p1b: Liepard|1\n|-damage|p1b: Liepard|33/100\n|move|p1a: Bellibolt|Soak|p2a: The Devil\n|-start|p2a: The Devil|typechange|Water\n|\n|-heal|p1a: Bellibolt|76/100|[from] item: Leftovers\n|upkeep\n|turn|7\n|\n|t:|1775930641\n|switch|p2b: Potential Mon|Gallade, L50, M, shiny|75/100\n|move|p1b: Liepard|Fake Out|p2b: Potential Mon\n|-damage|p2b: Potential Mon|61/100\n|move|p2a: The Devil|Parting Shot|p1b: Liepard\n|-unboost|p1b: Liepard|atk|1\n|-unboost|p1b: Liepard|spa|1\n|\n|t:|1775930648\n|switch|p2a: Nuh uh|Ditto, L50, shiny|100/100|[from] Parting Shot\n|-transform|p2a: Nuh uh|p1b: Liepard|[from] ability: Imposter\n|move|p1a: Bellibolt|Thunderbolt|p2a: Nuh uh\n|-damage|p2a: Nuh uh|15/100\n|-end|p1a: Bellibolt|Charge|[silent]\n|\n|-heal|p1a: Bellibolt|82/100|[from] item: Leftovers\n|upkeep\n|turn|8\n|\n|t:|1775930665\n|switch|p1a: Runerigus|Runerigus, L50, F|30/100\n|move|p2a: Nuh uh|Fake Out|p1b: Liepard\n|-damage|p1b: Liepard|22/100\n|move|p2b: Potential Mon|Sacred Sword|p1b: Liepard\n|-supereffective|p1b: Liepard|1\n|-damage|p1b: Liepard|0 fnt\n|faint|p1b: Liepard\n|\n|upkeep\n|\n|t:|1775930677\n|switch|p1b: Bellibolt|Bellibolt, L50, F|82/100\n|turn|9\n|\n|t:|1775930701\n|switch|p2a: The Devil|Incineroar, L50, F, shiny|100/100\n|-ability|p2a: The Devil|Intimidate|boost\n|-unboost|p1a: Runerigus|atk|1\n|-unboost|p1b: Bellibolt|atk|1\n|detailschange|p2b: Potential Mon|Gallade-Mega, L50, M, shiny\n|-mega|p2b: Potential Mon|Gallade|Galladite\n|move|p2b: Potential Mon|Protect|p2b: Potential Mon\n|-singleturn|p2b: Potential Mon|Protect\n|move|p1b: Bellibolt|Thunderbolt|p2a: The Devil\n|-damage|p2a: The Devil|62/100\n|move|p1a: Runerigus|Earthquake|p2b: Potential Mon|[spread] p1b,p2a\n|-activate|p2b: Potential Mon|move: Protect\n|-supereffective|p1b: Bellibolt|1\n|-supereffective|p2a: The Devil|1\n|-damage|p1b: Bellibolt|63/100\n|-damage|p2a: The Devil|30/100\n|-start|p1b: Bellibolt|Charge|Earthquake|[from] ability: Electromorphosis\n|\n|-heal|p1b: Bellibolt|69/100|[from] item: Leftovers\n|upkeep\n|turn|10\n|\n|t:|1775930723\n|move|p2b: Potential Mon|Psycho Cut|p1b: Bellibolt\n|-damage|p1b: Bellibolt|44/100\n|-start|p1b: Bellibolt|Charge|Psycho Cut|[from] ability: Electromorphosis\n|move|p2a: The Devil|Darkest Lariat|p1a: Runerigus\n|-supereffective|p1a: Runerigus|1\n|-damage|p1a: Runerigus|0 fnt\n|-activate|p2a: The Devil|Skill Swap|Wandering Spirit|Intimidate|[of] p1a: Runerigus\n|-ability|p1a: Runerigus|Intimidate|boost\n|-unboost|p2a: The Devil|atk|1\n|-fail|p2b: Potential Mon|unboost|Attack|[from] ability: Inner Focus|[of] p2b: Potential Mon\n|faint|p1a: Runerigus\n|move|p1b: Bellibolt|Slack Off|p1b: Bellibolt\n|-heal|p1b: Bellibolt|94/100\n|\n|-heal|p1b: Bellibolt|99/100|[from] item: Leftovers\n|upkeep\n|\n|t:|1775930729\n|switch|p1a: Chesnaught|Chesnaught, L50, M|100/100\n|turn|11\n|\n|t:|1775930758\n|detailschange|p1a: Chesnaught|Chesnaught-Mega, L50, M\n|-mega|p1a: Chesnaught|Chesnaught|Chesnaughtite\n|move|p2b: Potential Mon|Air Slash|p1a: Chesnaught\n|-supereffective|p1a: Chesnaught|2\n|-damage|p1a: Chesnaught|66/100\n|move|p2a: The Devil|Flare Blitz|p1a: Chesnaught\n|-supereffective|p1a: Chesnaught|1\n|-damage|p1a: Chesnaught|23/100\n|-damage|p2a: The Devil|13/100|[from] Recoil\n|move|p1b: Bellibolt|Thunderbolt|p2b: Potential Mon\n|-damage|p2b: Potential Mon|0 fnt\n|faint|p2b: Potential Mon\n|-end|p1b: Bellibolt|Charge|[silent]\n|cant|p1a: Chesnaught|flinch\n|\n|-heal|p1b: Bellibolt|100/100|[from] item: Leftovers\n|upkeep\n|\n|t:|1775930772\n|switch|p2b: Nuh uh|Ditto, L50, shiny|15/100\n|-transform|p2b: Nuh uh|p1a: Chesnaught|[from] ability: Imposter\n|turn|12\n|\n|t:|1775930787\n|move|p2a: The Devil|Flare Blitz|p1a: Chesnaught\n|-supereffective|p1a: Chesnaught|1\n|-damage|p1a: Chesnaught|0 fnt\n|faint|p1a: Chesnaught\n|-damage|p2a: The Devil|5/100|[from] Recoil\n|move|p2b: Nuh uh|Wood Hammer|p1b: Bellibolt\n|-damage|p1b: Bellibolt|69/100\n|-start|p1b: Bellibolt|Charge|Wood Hammer|[from] ability: Electromorphosis\n|-damage|p2b: Nuh uh|0 fnt|[from] Recoil\n|faint|p2b: Nuh uh\n|move|p1b: Bellibolt|Thunderbolt|p2a: The Devil\n|-damage|p2a: The Devil|0 fnt\n|faint|p2a: The Devil\n|-end|p1b: Bellibolt|Charge|[silent]\n|\n|win|Viable Meta\n",
  "uploadtime": 1775930800,
  "views": 14,
  "formatid": "gen9championsvgc2026regma",
  "rating": null,
  "private": 0,
  "password": null
}