{
  "id": "gen9championsvgc2026regma-2586330283",
  "format": "[Gen 9 Champions] VGC 2026 Reg M-A",
  "players": [
    "nanamixd",
    "tripletf47"
  ],
  "log": "|j|\u2606nanamixd\n|j|\u2606tripletf47\n|t:|1776425928\n|gametype|doubles\n|player|p1|nanamixd|102|1122\n|player|p2|tripletf47|archer|1135\n|gen|9\n|tier|[Gen 9 Champions] VGC 2026 Reg M-A\n|rated|\n|rule|Species Clause: Limit one of each Pok\u00e9mon\n|rule|Item Clause: Limit 1 of each item\n|clearpoke\n|poke|p1|Gardevoir, L50, M|\n|poke|p1|Froslass, L50, F|\n|poke|p1|Garchomp, L50, F|\n|poke|p1|Sneasler, L50, F|\n|poke|p1|Kingambit, L50, F|\n|poke|p1|Basculegion, L50, M|\n|poke|p2|Milotic, L50, F|\n|poke|p2|Pikachu, L50, F|\n|poke|p2|Sinistcha, L50|\n|poke|p2|Kingambit, L50, M|\n|poke|p2|Hawlucha, L50, F|\n|poke|p2|Armarouge, L50, M|\n|teampreview|4\n|\n|t:|1776425975\n|teamsize|p1|4\n|teamsize|p2|4\n|start\n|switch|p1a: Gardevoir|Gardevoir, L50, M, shiny|100/100\n|switch|p1b: Sneasler|Sneasler, L50, F|100/100\n|switch|p2a: Milotic|Milotic, L50, F|100/100\n|switch|p2b: Kingambit|Kingambit, L50, M|100/100\n|turn|1\n|inactive|Battle timer is ON: inactive players will automatically lose when time's up. (requested by nanamixd)\n|inactive|tripletf47 also wants the timer to be on.\n|inactive|tripletf47 has 60 seconds left.\n|\n|t:|1776426013\n|detailschange|p1a: Gardevoir|Gardevoir-Mega, L50, M, shiny\n|-mega|p1a: Gardevoir|Gardevoir|Gardevoirite\n|move|p2b: Kingambit|Protect|p2b: Kingambit\n|-singleturn|p2b: Kingambit|Protect\n|move|p1b: Sneasler|Close Combat|p2b: Kingambit\n|-activate|p2b: Kingambit|move: Protect\n|move|p1a: Gardevoir|Calm Mind|p1a: Gardevoir\n|-boost|p1a: Gardevoir|spa|1\n|-boost|p1a: Gardevoir|spd|1\n|move|p2a: Milotic|Coil|p2a: Milotic\n|-boost|p2a: Milotic|atk|1\n|-boost|p2a: Milotic|def|1\n|-boost|p2a: Milotic|accuracy|1\n|\n|upkeep\n|turn|2\n|inactive|tripletf47 has 30 seconds left.\n|inactive|tripletf47 has 20 seconds left.\n|\n|t:|1776426049\n|switch|p2b: Sinistcha|Sinistcha, L50|100/100\n|move|p1b: Sneasler|Close Combat|p2b: Sinistcha\n|-immune|p2b: Sinistcha\n|move|p1a: Gardevoir|Hyper Voice|p2a: Milotic|[spread] p2a,p2b\n|-damage|p2a: Milotic|46/100\n|-damage|p2b: Sinistcha|6/100\n|-enditem|p2b: Sinistcha|Sitrus Berry|[eat]\n|-heal|p2b: Sinistcha|31/100|[from] item: Sitrus Berry\n|move|p2a: Milotic|Muddy Water|p1b: Sneasler|[spread] p1a,p1b\n|-damage|p1a: Gardevoir|86/100\n|-damage|p1b: Sneasler|70/100\n|\n|-heal|p2a: Milotic|52/100|[from] item: Leftovers\n|upkeep\n|turn|3\n|inactive|tripletf47 has 30 seconds left.\n|inactive|tripletf47 has 20 seconds left.\n|inactive|tripletf47 has 15 seconds left.\n|\n|t:|1776426091\n|switch|p2b: Kingambit|Kingambit, L50, M|100/100\n|move|p2a: Milotic|Protect|p2a: Milotic\n|-singleturn|p2a: Milotic|Protect\n|move|p1b: Sneasler|Close Combat|p2a: Milotic\n|-activate|p2a: Milotic|move: Protect\n|move|p1a: Gardevoir|Hyper Voice|p2a: Milotic|[spread] p2b\n|-activate|p2a: Milotic|move: Protect\n|-damage|p2b: Kingambit|32/100\n|\n|-heal|p2a: Milotic|58/100|[from] item: Leftovers\n|upkeep\n|turn|4\n|\n|t:|1776426116\n|switch|p2b: Sinistcha|Sinistcha, L50|31/100\n|-heal|p2a: Milotic|83/100|[from] ability: Hospitality|[of] p2b: Sinistcha\n|move|p1b: Sneasler|Dire Claw|p2a: Milotic\n|-damage|p2a: Milotic|60/100\n|move|p1a: Gardevoir|Hyper Voice|p2b: Sinistcha|[spread] p2a,p2b\n|-damage|p2a: Milotic|3/100\n|-damage|p2b: Sinistcha|0 fnt\n|faint|p2b: Sinistcha\n|move|p2a: Milotic|Muddy Water|p1a: Gardevoir|[spread] p1a,p1b\n|-damage|p1a: Gardevoir|72/100\n|-damage|p1b: Sneasler|41/100\n|-unboost|p1a: Gardevoir|accuracy|1\n|-unboost|p1b: Sneasler|accuracy|1\n|-enditem|p1b: Sneasler|White Herb\n|-clearnegativeboost|p1b: Sneasler|[silent]\n|\n|-heal|p2a: Milotic|9/100|[from] item: Leftovers\n|upkeep\n|\n|t:|1776426138\n|switch|p2b: Hawlucha|Hawlucha, L50, F|100/100\n|turn|5\n|\n|t:|1776426153\n|detailschange|p2b: Hawlucha|Hawlucha-Mega, L50, F\n|-mega|p2b: Hawlucha|Hawlucha|Hawluchanite\n|move|p1b: Sneasler|Close Combat|p2b: Hawlucha\n|-resisted|p2b: Hawlucha|1\n|-damage|p2b: Hawlucha|62/100\n|-unboost|p1b: Sneasler|def|1\n|-unboost|p1b: Sneasler|spd|1\n|move|p2b: Hawlucha|Dual Wingbeat|p1a: Gardevoir\n|-damage|p1a: Gardevoir|39/100\n|-damage|p1a: Gardevoir|7/100\n|-hitcount|p1a: Gardevoir|2\n|move|p1a: Gardevoir|Hyper Voice|p2b: Hawlucha|[spread] p2a,p2b\n|-supereffective|p2b: Hawlucha|1\n|-damage|p2a: Milotic|0 fnt\n|-damage|p2b: Hawlucha|0 fnt\n|faint|p2a: Milotic\n|faint|p2b: Hawlucha\n|\n|upkeep\n|-message|tripletf47 forfeited.\n|\n|win|nanamixd\n|raw|nanamixd's rating: 1122 &rarr; <strong>1148</strong><br />(+26 for winning)\n|raw|tripletf47's rating: 1135 &rarr; <strong>1109</strong><br />(-26 for losing)\n",
  "uploadtime": 1776426169,
  "views": 27,
  "formatid": "gen9championsvgc2026regma",
  "rating": 1109,
  "private": 0,
  "password": null
}