{
  "id": "gen9championsvgc2026regma-2589556526",
  "format": "[Gen 9 Champions] VGC 2026 Reg M-A",
  "players": [
    "lancerblu3",
    "bigruckus#1"
  ],
  "log": "|j|\u2606lancerblu3\n|j|\u2606bigruckus#1\n|t:|1776733842\n|gametype|doubles\n|player|p1|lancerblu3|lance|1111\n|player|p2|bigruckus#1|265|1098\n|gen|9\n|tier|[Gen 9 Champions] VGC 2026 Reg M-A\n|rated|\n|rule|Species Clause: Limit one of each Pok\u00e9mon\n|rule|Item Clause: Limit 1 of each item\n|clearpoke\n|poke|p1|Golurk, L50|\n|poke|p1|Alcremie-Mint-Cream, L50, F|\n|poke|p1|Mimikyu, L50, M|\n|poke|p1|Incineroar, L50, F|\n|poke|p1|Froslass, L50, F|\n|poke|p1|Corviknight, L50, F|\n|poke|p2|Hydrapple, L50, F|\n|poke|p2|Aromatisse, L50, F, shiny|\n|poke|p2|Ampharos, L50, M|\n|poke|p2|Orthworm, L50, M|\n|poke|p2|Emboar, L50, M, shiny|\n|poke|p2|Basculegion-F, L50, F, shiny|\n|teampreview|4\n|inactive|Battle timer is ON: inactive players will automatically lose when time's up. (requested by lancerblu3)\n|\n|t:|1776733883\n|teamsize|p1|4\n|teamsize|p2|4\n|start\n|switch|p1a: Hayato|Incineroar, L50, F|100/100\n|switch|p1b: Colonello|Corviknight, L50, F|100/100\n|switch|p2a: pewpew|Hydrapple, L50, F|100/100\n|switch|p2b: Stinkass|Aromatisse, L50, F, shiny|100/100\n|-ability|p1a: Hayato|Intimidate|boost\n|-unboost|p2a: pewpew|atk|1\n|-unboost|p2b: Stinkass|atk|1\n|-ability|p2a: pewpew|Supersweet Syrup\n|-unboost|p1a: Hayato|evasion|1\n|-ability|p1b: Colonello|Mirror Armor\n|-unboost|p2a: pewpew|evasion|1\n|turn|1\n|\n|t:|1776733903\n|move|p2a: pewpew|Protect|p2a: pewpew\n|-singleturn|p2a: pewpew|Protect\n|move|p1a: Hayato|Fake Out|p2b: Stinkass\n|-damage|p2b: Stinkass|87/100\n|move|p1b: Colonello|Brave Bird|p2a: pewpew\n|-activate|p2a: pewpew|move: Protect\n|cant|p2b: Stinkass|flinch\n|\n|upkeep\n|turn|2\n|\n|t:|1776733923\n|switch|p1a: Kyoko|Alcremie-Mint-Cream, L50, F|100/100\n|move|p1b: Colonello|Tailwind|p1b: Colonello\n|-sidestart|p1: lancerblu3|move: Tailwind\n|move|p2a: pewpew|Bullet Seed|p1a: Kyoko\n|-damage|p1a: Kyoko|93/100\n|-crit|p1a: Kyoko\n|-damage|p1a: Kyoko|75/100\n|-damage|p1a: Kyoko|67/100\n|-damage|p1a: Kyoko|60/100\n|-hitcount|p1a: Kyoko|4\n|move|p2b: Stinkass|Trick Room|p2b: Stinkass\n|-fieldstart|move: Trick Room|[of] p2b: Stinkass\n|\n|upkeep\n|turn|3\n|inactive|lancerblu3 has 30 seconds left.\n|\n|t:|1776733951\n|move|p1a: Kyoko|Protect|p1a: Kyoko\n|-singleturn|p1a: Kyoko|Protect\n|move|p2b: Stinkass|Sweet Scent|p1b: Colonello|[spread] \n|-activate|p1a: Kyoko|move: Protect\n|-ability|p1b: Colonello|Mirror Armor\n|-unboost|p2b: Stinkass|evasion|2\n|move|p2a: pewpew|Bullet Seed|p1b: Colonello\n|-resisted|p1b: Colonello|2\n|-damage|p1b: Colonello|99/100\n|-resisted|p1b: Colonello|2\n|-damage|p1b: Colonello|99/100\n|-hitcount|p1b: Colonello|2\n|move|p1b: Colonello|Brave Bird|p2a: pewpew\n|-supereffective|p2a: pewpew|1\n|-damage|p2a: pewpew|34/100\n|-damage|p1b: Colonello|79/100|[from] Recoil\n|\n|-heal|p1b: Colonello|85/100|[from] item: Leftovers\n|upkeep\n|turn|4\n|inactive|lancerblu3 has 30 seconds left.\n|inactive|bigruckus#1 has 30 seconds left.\n|inactive|bigruckus#1 has 20 seconds left.\n|inactive|bigruckus#1 has 15 seconds left.\n|inactive|bigruckus#1 has 10 seconds left.\n|inactive|bigruckus#1 has 5 seconds left.\n|\n|t:|1776734004\n|switch|p1a: Hayato|Incineroar, L50, F|100/100\n|-ability|p1a: Hayato|Intimidate|boost\n|-unboost|p2a: pewpew|atk|1\n|-unboost|p2b: Stinkass|atk|1\n|move|p2b: Stinkass|Protect|p2b: Stinkass\n|-singleturn|p2b: Stinkass|Protect\n|move|p2a: pewpew|Bullet Seed|p1a: Hayato\n|-resisted|p1a: Hayato|1\n|-damage|p1a: Hayato|98/100\n|-resisted|p1a: Hayato|1\n|-damage|p1a: Hayato|96/100\n|-resisted|p1a: Hayato|1\n|-damage|p1a: Hayato|94/100\n|-hitcount|p1a: Hayato|3\n|move|p1b: Colonello|Iron Head|p2b: Stinkass\n|-activate|p2b: Stinkass|move: Protect\n|\n|-heal|p1b: Colonello|91/100|[from] item: Leftovers\n|upkeep\n|turn|5\n|inactive|lancerblu3 has 30 seconds left.\n|inactive|bigruckus#1 has 30 seconds left.\n|\n|t:|1776734036\n|move|p2a: pewpew|Protect|p2a: pewpew\n|-singleturn|p2a: pewpew|Protect\n|move|p1a: Hayato|Fake Out|p2b: Stinkass\n|-crit|p2b: Stinkass\n|-damage|p2b: Stinkass|66/100\n|cant|p2b: Stinkass|flinch\n|move|p1b: Colonello|Iron Head|p2b: Stinkass\n|-supereffective|p2b: Stinkass|1\n|-damage|p2b: Stinkass|11/100\n|\n|-heal|p1b: Colonello|97/100|[from] item: Leftovers\n|-sideend|p1: lancerblu3|move: Tailwind\n|upkeep\n|turn|6\n|\n|t:|1776734061\n|move|p2b: Stinkass|Moonblast|p1a: Hayato\n|-damage|p1a: Hayato|49/100\n|move|p2a: pewpew|Bullet Seed|p1b: Colonello\n|-resisted|p1b: Colonello|2\n|-damage|p1b: Colonello|96/100\n|-resisted|p1b: Colonello|2\n|-damage|p1b: Colonello|96/100\n|-hitcount|p1b: Colonello|2\n|move|p1b: Colonello|Taunt|p2b: Stinkass\n|-block|p2b: Stinkass|ability: Aroma Veil|[of] p2b: Stinkass\n|move|p1a: Hayato|Flare Blitz|p2a: pewpew\n|-damage|p2a: pewpew|0 fnt\n|faint|p2a: pewpew\n|-damage|p1a: Hayato|39/100|[from] Recoil\n|\n|-heal|p1b: Colonello|100/100|[from] item: Leftovers\n|-fieldend|move: Trick Room\n|upkeep\n|\n|t:|1776734083\n|switch|p2a: majestic floof|Ampharos, L50, M|100/100\n|turn|7\n|\n|t:|1776734092\n|switch|p1b: Gola Moska|Golurk, L50|100/100\n|detailschange|p2a: majestic floof|Ampharos-Mega, L50, M\n|-mega|p2a: majestic floof|Ampharos|Ampharosite\n|-ability|p2a: majestic floof|Mold Breaker\n|move|p2b: Stinkass|Protect|p2b: Stinkass\n|-singleturn|p2b: Stinkass|Protect\n|move|p1a: Hayato|Parting Shot|p2a: majestic floof\n|-unboost|p2a: majestic floof|atk|1\n|-unboost|p2a: majestic floof|spa|1\n|\n|t:|1776734108\n|switch|p1a: Kyoko|Alcremie-Mint-Cream, L50, F|60/100|[from] Parting Shot\n|move|p2a: majestic floof|Electroweb|p1b: Gola Moska|[spread] p1a\n|-immune|p1b: Gola Moska\n|-damage|p1a: Kyoko|42/100\n|-unboost|p1a: Kyoko|spe|1\n|-enditem|p1a: Kyoko|Sitrus Berry|[eat]\n|-heal|p1a: Kyoko|67/100|[from] item: Sitrus Berry\n|\n|upkeep\n|turn|8\n|\n|t:|1776734133\n|detailschange|p1b: Gola Moska|Golurk-Mega, L50\n|-mega|p1b: Gola Moska|Golurk|Golurkite\n|move|p1b: Gola Moska|Protect|p1b: Gola Moska\n|-singleturn|p1b: Gola Moska|Protect\n|move|p2a: majestic floof|Protect|p2a: majestic floof\n|-singleturn|p2a: majestic floof|Protect\n|move|p1a: Kyoko|Decorate|p1b: Gola Moska\n|-boost|p1b: Gola Moska|atk|2\n|-boost|p1b: Gola Moska|spa|2\n|move|p2b: Stinkass|Moonblast|p1b: Gola Moska\n|-activate|p1b: Gola Moska|move: Protect\n|\n|upkeep\n|turn|9\n|inactive|bigruckus#1 has 30 seconds left.\n|inactive|lancerblu3 has 30 seconds left.\n|inactive|bigruckus#1 has 20 seconds left.\n|inactive|bigruckus#1 has 15 seconds left.\n|inactive|bigruckus#1 has 10 seconds left.\n|inactive|bigruckus#1 has 5 seconds left.\n|\n|t:|1776734188\n|move|p2a: majestic floof|Protect||[still]\n|-fail|p2a: majestic floof\n|move|p1b: Gola Moska|Ice Punch|p2a: majestic floof\n|-supereffective|p2a: majestic floof|1\n|-damage|p2a: majestic floof|0 fnt\n|faint|p2a: majestic floof\n|move|p1a: Kyoko|Dazzling Gleam|p2b: Stinkass\n|-damage|p2b: Stinkass|0 fnt\n|faint|p2b: Stinkass\n|\n|upkeep\n|\n|t:|1776734207\n|switch|p2b: Train|Orthworm, L50, M|100/100\n|turn|10\n|\n|t:|1776734216\n|switch|p1a: Hayato|Incineroar, L50, F|39/100\n|-ability|p1a: Hayato|Intimidate|boost\n|-unboost|p2b: Train|atk|1\n|move|p1b: Gola Moska|Ice Punch|p2b: Train\n|-resisted|p2b: Train|1\n|-damage|p2b: Train|82/100\n|move|p2b: Train|Iron Head|p1a: Hayato\n|-resisted|p1a: Hayato|1\n|-damage|p1a: Hayato|30/100\n|\n|upkeep\n|turn|11\n|\n|t:|1776734232\n|move|p1a: Hayato|Fake Out|p2b: Train\n|-resisted|p2b: Train|1\n|-damage|p2b: Train|78/100\n|move|p1b: Gola Moska|Shadow Punch|p2b: Train\n|-damage|p2b: Train|29/100\n|cant|p2b: Train|flinch\n|\n|upkeep\n|turn|12\n|\n|t:|1776734243\n|move|p1a: Hayato|Flare Blitz|p2b: Train\n|-supereffective|p2b: Train|1\n|-enditem|p2b: Train|Occa Berry|[eat]\n|-enditem|p2b: Train|Occa Berry|[weaken]\n|-damage|p2b: Train|2/100\n|-damage|p1a: Hayato|22/100|[from] Recoil\n|move|p1b: Gola Moska|Shadow Punch|p2b: Train\n|-damage|p2b: Train|0 fnt\n|faint|p2b: Train\n|\n|win|lancerblu3\n|raw|lancerblu3's rating: 1111 &rarr; <strong>1135</strong><br />(+24 for winning)\n|raw|bigruckus#1's rating: 1098 &rarr; <strong>1074</strong><br />(-24 for losing)\n|l|\u2606lancerblu3\n|player|p1|\n",
  "uploadtime": 1776734266,
  "views": 7,
  "formatid": "gen9championsvgc2026regma",
  "rating": 1074,
  "private": 0,
  "password": null
}