{
  "id": "gen9championsvgc2026regma-2584280241",
  "format": "[Gen 9 Champions] VGC 2026 Reg M-A",
  "players": [
    "Stouterd",
    "aizennato"
  ],
  "log": "|j|\u2606Stouterd\n|j|\u2606aizennato\n|t:|1776246573\n|gametype|doubles\n|player|p1|Stouterd|1|1084\n|player|p2|aizennato|cyrus|1105\n|gen|9\n|tier|[Gen 9 Champions] VGC 2026 Reg M-A\n|rated|\n|rule|Species Clause: Limit one of each Pok\u00e9mon\n|rule|Item Clause: Limit 1 of each item\n|clearpoke\n|poke|p1|Feraligatr, L50, F|\n|poke|p1|Tinkaton, L50, F|\n|poke|p1|Incineroar, L50, F|\n|poke|p1|Farigiraf, L50, F|\n|poke|p1|Gengar, L50, F|\n|poke|p1|Decidueye-Hisui, L50, M|\n|poke|p2|Garchomp, L50, F|\n|poke|p2|Charizard, L50, M|\n|poke|p2|Whimsicott, L50, M|\n|poke|p2|Mr. Rime, L50, F|\n|poke|p2|Basculegion, L50, M|\n|poke|p2|Rotom-Heat, L50|\n|teampreview|4\n|\n|t:|1776246599\n|teamsize|p1|4\n|teamsize|p2|4\n|start\n|switch|p1a: Gengar|Gengar, L50, F, shiny|100/100\n|switch|p1b: Incineroar|Incineroar, L50, F, shiny|100/100\n|switch|p2a: Garchomp|Garchomp, L50, F|100/100\n|switch|p2b: Whimsicott|Whimsicott, L50, M|100/100\n|-ability|p1b: Incineroar|Intimidate|boost\n|-unboost|p2a: Garchomp|atk|1\n|-unboost|p2b: Whimsicott|atk|1\n|turn|1\n|\n|t:|1776246618\n|detailschange|p1a: Gengar|Gengar-Mega, L50, F, shiny\n|-mega|p1a: Gengar|Gengar|Gengarite\n|move|p2b: Whimsicott|Protect|p2b: Whimsicott\n|-singleturn|p2b: Whimsicott|Protect\n|move|p1b: Incineroar|Fake Out|p2a: Garchomp\n|-damage|p2a: Garchomp|87/100\n|-damage|p1b: Incineroar|88/100|[from] ability: Rough Skin|[of] p2a: Garchomp\n|cant|p2a: Garchomp|flinch\n|move|p1a: Gengar|Perish Song|p1a: Gengar\n|-start|p1a: Gengar|perish3|[silent]\n|-start|p1b: Incineroar|perish3|[silent]\n|-start|p2a: Garchomp|perish3|[silent]\n|-start|p2b: Whimsicott|perish3|[silent]\n|-fieldactivate|move: Perish Song\n|\n|-heal|p1b: Incineroar|94/100|[from] item: Leftovers\n|-start|p2a: Garchomp|perish3\n|-start|p2b: Whimsicott|perish3\n|-start|p1a: Gengar|perish3\n|-start|p1b: Incineroar|perish3\n|upkeep\n|turn|2\n|\n|t:|1776246648\n|switch|p1a: Farigiraf|Farigiraf, L50, F, shiny|100/100\n|move|p2b: Whimsicott|Tailwind|p2b: Whimsicott\n|-sidestart|p2: aizennato|move: Tailwind\n|move|p2a: Garchomp|Earthquake|p1a: Farigiraf|[spread] p2b,p1a,p1b\n|-resisted|p2b: Whimsicott|1\n|-supereffective|p1b: Incineroar|1\n|-damage|p2b: Whimsicott|86/100\n|-damage|p1a: Farigiraf|75/100\n|-damage|p1b: Incineroar|41/100\n|move|p1b: Incineroar|Parting Shot|p2a: Garchomp\n|-unboost|p2a: Garchomp|atk|1\n|-unboost|p2a: Garchomp|spa|1\n|\n|t:|1776246661\n|switch|p1b: Gengar|Gengar-Mega, L50, F, shiny|100/100|[from] Parting Shot\n|\n|-heal|p2b: Whimsicott|92/100|[from] item: Leftovers\n|-start|p2a: Garchomp|perish2\n|-start|p2b: Whimsicott|perish2\n|upkeep\n|turn|3\n|\n|t:|1776246685\n|switch|p1a: Incineroar|Incineroar, L50, F, shiny|41/100\n|-ability|p1a: Incineroar|Intimidate|boost\n|-unboost|p2a: Garchomp|atk|1\n|-unboost|p2b: Whimsicott|atk|1\n|move|p1b: Gengar|Protect|p1b: Gengar\n|-singleturn|p1b: Gengar|Protect\n|move|p2a: Garchomp|Earthquake|p1a: Incineroar|[spread] p2b,p1a\n|-activate|p1b: Gengar|move: Protect\n|-resisted|p2b: Whimsicott|1\n|-supereffective|p1a: Incineroar|1\n|-damage|p2b: Whimsicott|82/100\n|-damage|p1a: Incineroar|11/100\n|move|p2b: Whimsicott|Dazzling Gleam|p1b: Gengar|[spread] p1a\n|-activate|p1b: Gengar|move: Protect\n|-damage|p1a: Incineroar|0 fnt\n|faint|p1a: Incineroar\n|\n|-heal|p2b: Whimsicott|88/100|[from] item: Leftovers\n|-start|p2a: Garchomp|perish1\n|-start|p2b: Whimsicott|perish1\n|upkeep\n|\n|t:|1776246716\n|switch|p1a: Farigiraf|Farigiraf, L50, F, shiny|75/100\n|turn|4\n|\n|t:|1776246724\n|switch|p1b: Decidueye|Decidueye-Hisui, L50, M|100/100\n|move|p2b: Whimsicott|Encore||[still]\n|cant|p1a: Farigiraf|ability: Armor Tail|Encore|[of] p2b: Whimsicott\n|move|p2a: Garchomp|Earthquake|p1b: Decidueye|[spread] p2b,p1a,p1b\n|-resisted|p2b: Whimsicott|1\n|-resisted|p1b: Decidueye|1\n|-damage|p2b: Whimsicott|79/100\n|-damage|p1a: Farigiraf|61/100\n|-damage|p1b: Decidueye|92/100\n|move|p1a: Farigiraf|Trick Room|p1a: Farigiraf\n|-fieldstart|move: Trick Room|[of] p1a: Farigiraf\n|\n|-heal|p2b: Whimsicott|85/100|[from] item: Leftovers\n|-start|p2b: Whimsicott|perish0\n|-start|p2a: Garchomp|perish0\n|faint|p2b: Whimsicott\n|faint|p2a: Garchomp\n|upkeep\n|\n|t:|1776246740\n|switch|p2a: Basculegion|Basculegion, L50, M|100/100\n|switch|p2b: Rotom|Rotom-Heat, L50|100/100\n|turn|5\n|\n|t:|1776246759\n|move|p1a: Farigiraf|Protect|p1a: Farigiraf\n|-singleturn|p1a: Farigiraf|Protect\n|move|p1b: Decidueye|Leaf Blade|p2a: Basculegion\n|-supereffective|p2a: Basculegion|1\n|-damage|p2a: Basculegion|0 fnt\n|faint|p2a: Basculegion\n|move|p2b: Rotom|Will-O-Wisp|p1b: Decidueye|[miss]\n|-miss|p2b: Rotom|p1b: Decidueye\n|\n|-sideend|p2: aizennato|move: Tailwind\n|upkeep\n|turn|6\n|\n|t:|1776246776\n|move|p1b: Decidueye|Triple Arrows|p2b: Rotom\n|-crit|p2b: Rotom\n|-damage|p2b: Rotom|0 fnt\n|faint|p2b: Rotom\n|\n|win|Stouterd\n|raw|Stouterd's rating: 1084 &rarr; <strong>1113</strong><br />(+29 for winning)\n|raw|aizennato's rating: 1105 &rarr; <strong>1078</strong><br />(-27 for losing)\n|l|\u2606aizennato\n|player|p2|\n",
  "uploadtime": 1776246783,
  "views": 30,
  "formatid": "gen9championsvgc2026regma",
  "rating": 1078,
  "private": 0,
  "password": null
}