{
  "id": "gen9championsvgc2026regma-2581274301",
  "format": "[Gen 9 Champions] VGC 2026 Reg M-A",
  "players": [
    "Escavalegs",
    "umnomemuitolegal"
  ],
  "log": "|j|\u2606Escavalegs\n|j|\u2606umnomemuitolegal\n|t:|1775979767\n|gametype|doubles\n|player|p1|Escavalegs|mela|1027\n|player|p2|umnomemuitolegal|2|1000\n|gen|9\n|tier|[Gen 9 Champions] VGC 2026 Reg M-A\n|rated|\n|rule|Species Clause: Limit one of each Pok\u00e9mon\n|rule|Item Clause: Limit 1 of each item\n|clearpoke\n|poke|p1|Drampa, L50, M|\n|poke|p1|Sylveon, L50, M|\n|poke|p1|Primarina, L50, F|\n|poke|p1|Beartic, L50, F|\n|poke|p1|Slowking, L50, F|\n|poke|p1|Ninetales-Alola, L50, M|\n|poke|p2|Dragapult, L50, F|\n|poke|p2|Venusaur, L50, M|\n|poke|p2|Charizard, L50, F|\n|poke|p2|Incineroar, L50, F|\n|poke|p2|Whimsicott, L50, M|\n|poke|p2|Kingambit, L50, F|\n|teampreview|4\n|\n|t:|1775979799\n|teamsize|p1|4\n|teamsize|p2|4\n|start\n|switch|p1a: Slowking|Slowking, L50, F|100/100\n|switch|p1b: Drampa|Drampa, L50, M|100/100\n|switch|p2a: Incineroar|Incineroar, L50, F|100/100\n|switch|p2b: Whimsicott|Whimsicott, L50, M|100/100\n|-ability|p2a: Incineroar|Intimidate|boost\n|-unboost|p1a: Slowking|atk|1\n|-unboost|p1b: Drampa|atk|1\n|-ability|p1b: Drampa|Cloud Nine\n|turn|1\n|\n|t:|1775979819\n|move|p2a: Incineroar|Fake Out|p1b: Drampa\n|-damage|p1b: Drampa|88/100\n|move|p2b: Whimsicott|Sunny Day|p2b: Whimsicott\n|-weather|SunnyDay\n|cant|p1b: Drampa|flinch\n|move|p1a: Slowking|Trick Room|p1a: Slowking\n|-fieldstart|move: Trick Room|[of] p1a: Slowking\n|\n|-weather|SunnyDay|[upkeep]\n|upkeep\n|turn|2\n|\n|t:|1775979836\n|switch|p2b: Kingambit|Kingambit, L50, F|100/100\n|detailschange|p1b: Drampa|Drampa-Mega, L50, M\n|-mega|p1b: Drampa|Drampa|Drampanite\n|move|p1a: Slowking|Round|p2b: Kingambit\n|-resisted|p2b: Kingambit|1\n|-damage|p2b: Kingambit|93/100\n|move|p1b: Drampa|Round|p2a: Incineroar|[from] move: Round\n|-damage|p2a: Incineroar|18/100\n|-enditem|p2a: Incineroar|Sitrus Berry|[eat]\n|-heal|p2a: Incineroar|42/100|[from] item: Sitrus Berry\n|move|p2a: Incineroar|Flare Blitz|p1b: Drampa\n|-resisted|p1b: Drampa|1\n|-damage|p1b: Drampa|49/100\n|-status|p1b: Drampa|brn\n|-damage|p2a: Incineroar|28/100|[from] Recoil\n|-ability|p1b: Drampa|Berserk|boost\n|-boost|p1b: Drampa|spa|1\n|\n|-weather|SunnyDay|[upkeep]\n|-damage|p1b: Drampa|43/100 brn|[from] brn\n|upkeep\n|turn|3\n|\n|t:|1775979859\n|move|p2a: Incineroar|Protect|p2a: Incineroar\n|-singleturn|p2a: Incineroar|Protect\n|-prepare|p1a: Slowking|Chilly Reception|[premajor]\n|move|p1a: Slowking|Chilly Reception|p1a: Slowking\n|-weather|Snowscape\n|\n|t:|1775979866\n|switch|p1a: Primarina|Primarina, L50, F|100/100|[from] Chilly Reception\n|move|p1b: Drampa|Hyper Voice|p2b: Kingambit|[spread] p2b\n|-activate|p2a: Incineroar|move: Protect\n|-resisted|p2b: Kingambit|1\n|-damage|p2b: Kingambit|61/100\n|move|p2b: Kingambit|Kowtow Cleave|p1a: Primarina\n|-resisted|p1a: Primarina|1\n|-damage|p1a: Primarina|64/100\n|\n|-weather|Snowscape|[upkeep]\n|-damage|p1b: Drampa|37/100 brn|[from] brn\n|upkeep\n|turn|4\n|\n|t:|1775979895\n|switch|p1b: Slowking|Slowking, L50, F|100/100\n|move|p2b: Kingambit|Iron Head|p1a: Primarina\n|-damage|p1a: Primarina|4/100\n|move|p1a: Primarina|Hyper Voice|p2a: Incineroar|[spread] p2a,p2b\n|-supereffective|p2a: Incineroar|1\n|-damage|p2a: Incineroar|0 fnt\n|-damage|p2b: Kingambit|13/100\n|faint|p2a: Incineroar\n|\n|-weather|Snowscape|[upkeep]\n|upkeep\n|\n|t:|1775979908\n|switch|p2a: Charizard|Charizard, L50, F|100/100\n|turn|5\n|\n|t:|1775979915\n|move|p2b: Kingambit|Protect|p2b: Kingambit\n|-singleturn|p2b: Kingambit|Protect\n|move|p2a: Charizard|Protect|p2a: Charizard\n|-singleturn|p2a: Charizard|Protect\n|move|p1b: Slowking|Round|p2a: Charizard\n|-activate|p2a: Charizard|move: Protect\n|move|p1a: Primarina|Round|p2a: Charizard|[from] move: Round\n|-activate|p2a: Charizard|move: Protect\n|\n|-weather|Snowscape|[upkeep]\n|-fieldend|move: Trick Room\n|upkeep\n|turn|6\n|\n|t:|1775979945\n|detailschange|p2a: Charizard|Charizard-Mega-Y, L50, F\n|-mega|p2a: Charizard|Charizard|Charizardite Y\n|-weather|SunnyDay|[from] ability: Drought|[of] p2a: Charizard\n|move|p1a: Primarina|Protect|p1a: Primarina\n|-singleturn|p1a: Primarina|Protect\n|move|p2a: Charizard|Solar Beam||[still]\n|-prepare|p2a: Charizard|Solar Beam\n|-anim|p2a: Charizard|Solar Beam|p1b: Slowking\n|-supereffective|p1b: Slowking|1\n|-damage|p1b: Slowking|40/100\n|move|p2b: Kingambit|Kowtow Cleave|p1a: Primarina\n|-activate|p1a: Primarina|move: Protect\n|move|p1b: Slowking|Trick Room|p1b: Slowking\n|-fieldstart|move: Trick Room|[of] p1b: Slowking\n|\n|-weather|SunnyDay|[upkeep]\n|upkeep\n|turn|7\n|\n|t:|1775979971\n|move|p1b: Slowking|Round|p2a: Charizard\n|-damage|p2a: Charizard|87/100\n|move|p1a: Primarina|Round|p2a: Charizard|[from] move: Round\n|-supereffective|p2a: Charizard|1\n|-damage|p2a: Charizard|7/100\n|move|p2b: Kingambit|Kowtow Cleave|p1a: Primarina\n|-resisted|p1a: Primarina|1\n|-damage|p1a: Primarina|0 fnt\n|faint|p1a: Primarina\n|move|p2a: Charizard|Solar Beam||[still]\n|-prepare|p2a: Charizard|Solar Beam\n|-anim|p2a: Charizard|Solar Beam|p1b: Slowking\n|-supereffective|p1b: Slowking|1\n|-damage|p1b: Slowking|0 fnt\n|faint|p1b: Slowking\n|\n|-weather|SunnyDay|[upkeep]\n|upkeep\n|\n|t:|1775979980\n|switch|p1b: Drampa|Drampa-Mega, L50, M|37/100 brn\n|switch|p1a: Sylveon|Sylveon, L50, M|100/100\n|turn|8\n|\n|t:|1775979994\n|move|p1b: Drampa|Protect|p1b: Drampa\n|-singleturn|p1b: Drampa|Protect\n|move|p2b: Kingambit|Protect|p2b: Kingambit\n|-singleturn|p2b: Kingambit|Protect\n|move|p2a: Charizard|Protect|p2a: Charizard\n|-singleturn|p2a: Charizard|Protect\n|move|p1a: Sylveon|Hyper Voice|p2a: Charizard|[spread] \n|-activate|p2a: Charizard|move: Protect\n|-activate|p2b: Kingambit|move: Protect\n|\n|-weather|SunnyDay|[upkeep]\n|-damage|p1b: Drampa|31/100 brn|[from] brn\n|upkeep\n|turn|9\n|\n|t:|1775980014\n|switch|p2a: Whimsicott|Whimsicott, L50, M|100/100\n|move|p1b: Drampa|Protect||[still]\n|-fail|p1b: Drampa\n|move|p2b: Kingambit|Kowtow Cleave|p1b: Drampa\n|-damage|p1b: Drampa|0 fnt\n|faint|p1b: Drampa\n|move|p1a: Sylveon|Hyper Voice|p2a: Whimsicott|[spread] p2a,p2b\n|-damage|p2a: Whimsicott|12/100\n|-damage|p2b: Kingambit|0 fnt\n|faint|p2b: Kingambit\n|-end|p2b: Kingambit|fallenundefined|[silent]\n|\n|-weather|SunnyDay|[upkeep]\n|upkeep\n|\n|t:|1775980024\n|switch|p2b: Charizard|Charizard-Mega-Y, L50, F|7/100\n|turn|10\n|\n|t:|1775980050\n|move|p2b: Charizard|Protect|p2b: Charizard\n|-singleturn|p2b: Charizard|Protect\n|move|p1a: Sylveon|Hyper Voice|p2a: Whimsicott|[spread] p2a\n|-activate|p2b: Charizard|move: Protect\n|-damage|p2a: Whimsicott|0 fnt\n|faint|p2a: Whimsicott\n|\n|-weather|none\n|-fieldend|move: Trick Room\n|upkeep\n|turn|11\n|\n|t:|1775980062\n|move|p2b: Charizard|Heat Wave|p1a: Sylveon\n|-damage|p1a: Sylveon|60/100\n|move|p1a: Sylveon|Hyper Voice|p2b: Charizard\n|-resisted|p2b: Charizard|1\n|-damage|p2b: Charizard|0 fnt\n|faint|p2b: Charizard\n|\n|win|Escavalegs\n|raw|Escavalegs's rating: 1027 &rarr; <strong>1060</strong><br />(+33 for winning)\n|raw|umnomemuitolegal's rating: 1000 &rarr; <strong>1000</strong><br />(+0 for losing)\n",
  "uploadtime": 1775980064,
  "views": 10,
  "formatid": "gen9championsvgc2026regma",
  "rating": 1000,
  "private": 0,
  "password": null
}