{
  "id": "gen9championsvgc2026regma-2581812382",
  "format": "[Gen 9 Champions] VGC 2026 Reg M-A",
  "players": [
    "Spingle23",
    "Ian the blue fish"
  ],
  "log": "|j|\u2606Spingle23\n|j|\u2606Ian the blue fish\n|t:|1776030416\n|gametype|doubles\n|player|p1|Spingle23|2|1251\n|player|p2|Ian the blue fish|janitor|1303\n|gen|9\n|tier|[Gen 9 Champions] VGC 2026 Reg M-A\n|rated|\n|rule|Species Clause: Limit one of each Pok\u00e9mon\n|rule|Item Clause: Limit 1 of each item\n|clearpoke\n|poke|p1|Tyranitar, L50, M|\n|poke|p1|Tyrantrum, L50, M|\n|poke|p1|Talonflame, L50, M|\n|poke|p1|Sinistcha, L50|\n|poke|p1|Rotom-Wash, L50|\n|poke|p1|Sneasler, L50, M|\n|poke|p2|Typhlosion-Hisui, L50, F|\n|poke|p2|Torkoal, L50, M|\n|poke|p2|Farigiraf, L50, M|\n|poke|p2|Floette-Eternal, L50, F|\n|poke|p2|Venusaur, L50, M|\n|poke|p2|Kommo-o, L50, F|\n|teampreview|4\nSpingle23 has agreed to open team sheets.\n|c|\u2606Ian the blue fish|Glhf\nIan the blue fish has agreed to open team sheets.\n|showteam|p1|Tyranitar||Tyranitarite|SandStream|RockSlide,KnockOff,DragonDance,Protect|||M|||50|]Tyrantrum||ChoiceScarf|RockHead|HeadSmash,Earthquake,DragonClaw,HighHorsepower|||M|||50|]Talonflame||Leftovers|GaleWings|Tailwind,WillOWisp,BraveBird,Protect|||M|||50|]Sinistcha||KasibBerry|Hospitality|TrickRoom,MatchaGotcha,RagePowder,LifeDew||||||50|]Rotom-Wash||SitrusBerry|Levitate|VoltSwitch,HydroPump,Thunderbolt,WillOWisp||||||50|]Sneasler||WhiteHerb|Unburden|DireClaw,Coaching,CloseCombat,FakeOut|||M|||50|\n|showteam|p2|Typhlosion-Hisui||ChoiceScarf|Blaze|Eruption,ShadowBall,HeatWave,Overheat|||F|||50|]Torkoal||Charcoal|Drought|Eruption,HelpingHand,Protect,HeatWave|||M|||50|]Farigiraf||SitrusBerry|ArmorTail|HelpingHand,TrickRoom,Psychic,Protect|||M|||50|]Floette-Eternal||Floettite|FlowerVeil|Moonblast,DazzlingGleam,Protect,Synthesis|||F|||50|]Venusaur||FocusSash|Chlorophyll|SleepPowder,SludgeBomb,EarthPower,EnergyBall|||M|||50|]Kommo-o||Leftovers|Overcoat|BodyPress,IronDefense,Protect,Flamethrower|||F|||50|\n|\n|t:|1776030496\n|teamsize|p1|4\n|teamsize|p2|4\n|start\n|switch|p1a: Tyrantrum|Tyrantrum, L50, M, shiny|100/100\n|switch|p1b: Tyranitar|Tyranitar, L50, M|100/100\n|switch|p2a: Typhlosion|Typhlosion-Hisui, L50, F, shiny|100/100\n|switch|p2b: Farigiraf|Farigiraf, L50, M|100/100\n|-weather|Sandstorm|[from] ability: Sand Stream|[of] p1b: Tyranitar\n|turn|1\n|\n|t:|1776030526\n|detailschange|p1b: Tyranitar|Tyranitar-Mega, L50, M\n|-mega|p1b: Tyranitar|Tyranitar|Tyranitarite\n|move|p2b: Farigiraf|Protect|p2b: Farigiraf\n|-singleturn|p2b: Farigiraf|Protect\n|move|p2a: Typhlosion|Shadow Ball|p1a: Tyrantrum\n|-damage|p1a: Tyrantrum|55/100\n|move|p1a: Tyrantrum|Head Smash|p2a: Typhlosion\n|-supereffective|p2a: Typhlosion|1\n|-damage|p2a: Typhlosion|0 fnt\n|faint|p2a: Typhlosion\n|move|p1b: Tyranitar|Knock Off|p2b: Farigiraf\n|-activate|p2b: Farigiraf|move: Protect\n|\n|-weather|Sandstorm|[upkeep]\n|-damage|p2b: Farigiraf|94/100|[from] Sandstorm\n|upkeep\n|\n|t:|1776030540\n|switch|p2a: Floette|Floette-Eternal, L50, F|100/100\n|turn|2\n|\n|t:|1776030554\n|move|p2a: Floette|Protect|p2a: Floette\n|-singleturn|p2a: Floette|Protect\n|move|p1a: Tyrantrum|Head Smash|p2a: Floette\n|-activate|p2a: Floette|move: Protect\n|move|p1b: Tyranitar|Knock Off|p2b: Farigiraf\n|-supereffective|p2b: Farigiraf|1\n|-damage|p2b: Farigiraf|4/100\n|-enditem|p2b: Farigiraf|Sitrus Berry|[from] move: Knock Off|[of] p1b: Tyranitar\n|move|p2b: Farigiraf|Trick Room|p2b: Farigiraf\n|-fieldstart|move: Trick Room|[of] p2b: Farigiraf\n|\n|-weather|Sandstorm|[upkeep]\n|-damage|p2b: Farigiraf|0 fnt|[from] Sandstorm\n|-damage|p2a: Floette|95/100|[from] Sandstorm\n|faint|p2b: Farigiraf\n|upkeep\n|\n|t:|1776030567\n|switch|p2b: Torkoal|Torkoal, L50, M|100/100\n|-weather|SunnyDay|[from] ability: Drought|[of] p2b: Torkoal\n|turn|3\n|\n|t:|1776030577\n|switch|p1b: Sneasler|Sneasler, L50, M|100/100\n|switch|p1a: Talonflame|Talonflame, L50, M|100/100\n|detailschange|p2a: Floette|Floette-Mega, L50, F\n|-mega|p2a: Floette|Floette|Floettite\n|-ability|p2a: Floette|Fairy Aura\n|move|p2b: Torkoal|Eruption|p1b: Sneasler|[spread] p1a,p1b\n|-resisted|p1a: Talonflame|1\n|-crit|p1a: Talonflame\n|-damage|p1a: Talonflame|0 fnt\n|-damage|p1b: Sneasler|0 fnt\n|faint|p1a: Talonflame\n|faint|p1b: Sneasler\n|move|p2a: Floette|Dazzling Gleam|p1: Talonflame|[notarget]\n|-fail|p2a: Floette\n|\n|-weather|SunnyDay|[upkeep]\n|upkeep\n|\n|t:|1776030582\n|switch|p1b: Tyranitar|Tyranitar-Mega, L50, M|100/100\n|switch|p1a: Tyrantrum|Tyrantrum, L50, M, shiny|55/100\n|-weather|Sandstorm|[from] ability: Sand Stream|[of] p1b: Tyranitar\n|turn|4\n|\n|t:|1776030621\n|move|p2b: Torkoal|Eruption|p1b: Tyranitar|[spread] p1a,p1b\n|-resisted|p1a: Tyrantrum|2\n|-resisted|p1b: Tyranitar|1\n|-damage|p1a: Tyrantrum|38/100\n|-damage|p1b: Tyranitar|86/100\n|move|p1b: Tyranitar|Rock Slide|p2b: Torkoal|[spread] p2a,p2b\n|-supereffective|p2b: Torkoal|1\n|-damage|p2a: Floette|46/100\n|-damage|p2b: Torkoal|45/100\n|move|p2a: Floette|Dazzling Gleam|p1b: Tyranitar|[spread] p1a,p1b\n|-supereffective|p1a: Tyrantrum|1\n|-supereffective|p1b: Tyranitar|1\n|-damage|p1a: Tyrantrum|0 fnt\n|-damage|p1b: Tyranitar|40/100\n|faint|p1a: Tyrantrum\n|\n|-weather|Sandstorm|[upkeep]\n|-damage|p2b: Torkoal|39/100|[from] Sandstorm\n|-damage|p2a: Floette|40/100|[from] Sandstorm\n|upkeep\n|turn|5\n|\n|t:|1776030660\n|move|p2a: Floette|Protect|p2a: Floette\n|-singleturn|p2a: Floette|Protect\n|move|p2b: Torkoal|Heat Wave|p1b: Tyranitar\n|-resisted|p1b: Tyranitar|1\n|-damage|p1b: Tyranitar|28/100\n|move|p1b: Tyranitar|Rock Slide|p2b: Torkoal|[spread] \n|-activate|p2a: Floette|move: Protect\n|-miss|p1b: Tyranitar|p2b: Torkoal\n|\n|-weather|Sandstorm|[upkeep]\n|-damage|p2b: Torkoal|33/100|[from] Sandstorm\n|-damage|p2a: Floette|34/100|[from] Sandstorm\n|upkeep\n|turn|6\n|\n|t:|1776030677\n|move|p2a: Floette|Protect||[still]\n|-fail|p2a: Floette\n|move|p2b: Torkoal|Heat Wave|p1b: Tyranitar\n|-resisted|p1b: Tyranitar|1\n|-damage|p1b: Tyranitar|15/100\n|move|p1b: Tyranitar|Rock Slide|p2a: Floette|[spread] p2a\n|-miss|p1b: Tyranitar|p2b: Torkoal\n|-damage|p2a: Floette|0 fnt\n|faint|p2a: Floette\n|\n|-weather|Sandstorm|[upkeep]\n|-damage|p2b: Torkoal|26/100|[from] Sandstorm\n|-fieldend|move: Trick Room\n|upkeep\n|turn|7\n|\n|t:|1776030688\n|move|p1b: Tyranitar|Knock Off|p2b: Torkoal\n|-damage|p2b: Torkoal|0 fnt\n|-enditem|p2b: Torkoal|Charcoal|[from] move: Knock Off|[of] p1b: Tyranitar\n|faint|p2b: Torkoal\n|\n|win|Spingle23\n|raw|Spingle23's rating: 1251 &rarr; <strong>1280</strong><br />(+29 for winning)\n|raw|Ian the blue fish's rating: 1303 &rarr; <strong>1280</strong><br />(-23 for losing)\n|c|\u2606Ian the blue fish|Gg\n|c|\u2606Spingle23|ggs\n|l|\u2606Ian the blue fish\n|player|p2|\n",
  "uploadtime": 1776030702,
  "views": 19,
  "formatid": "gen9championsvgc2026regma",
  "rating": 1280,
  "private": 0,
  "password": null
}