{
  "id": "gen9championsvgc2026regma-2584655779",
  "format": "[Gen 9 Champions] VGC 2026 Reg M-A",
  "players": [
    "edenborn",
    "LowlandFool"
  ],
  "log": "|j|\u2606edenborn\n|j|\u2606LowlandFool\n|t:|1776274801\n|gametype|doubles\n|player|p1|edenborn|unknown|1046\n|player|p2|LowlandFool|170|1055\n|gen|9\n|tier|[Gen 9 Champions] VGC 2026 Reg M-A\n|rated|\n|rule|Species Clause: Limit one of each Pok\u00e9mon\n|rule|Item Clause: Limit 1 of each item\n|clearpoke\n|poke|p1|Blastoise, L50, F|\n|poke|p1|Aerodactyl, L50, M|\n|poke|p1|Pelipper, L50, F|\n|poke|p1|Incineroar, L50, M|\n|poke|p1|Sinistcha, L50|\n|poke|p1|Floette-Eternal, L50, F|\n|poke|p2|Delphox, L50, M|\n|poke|p2|Maushold, L50|\n|poke|p2|Garchomp, L50, F|\n|poke|p2|Basculegion, L50, M|\n|poke|p2|Aerodactyl, L50, F|\n|poke|p2|Tinkaton, L50, F|\n|teampreview|4\n|inactive|Battle timer is ON: inactive players will automatically lose when time's up. (requested by edenborn)\nedenborn has agreed to open team sheets.\n|inactive|LowlandFool has 60 seconds left.\n|\n|t:|1776274837\n|teamsize|p1|4\n|teamsize|p2|4\n|start\n|switch|p1a: Blastoise|Blastoise, L50, F|100/100\n|switch|p1b: Aerodactyl|Aerodactyl, L50, M|100/100\n|switch|p2a: Delphox|Delphox, L50, M|100/100\n|switch|p2b: Tinkaton|Tinkaton, L50, F|100/100\n|-ability|p2b: Tinkaton|Mold Breaker\n|turn|1\n|inactive|LowlandFool has 30 seconds left.\n|\n|t:|1776274868\n|detailschange|p2a: Delphox|Delphox-Mega, L50, M\n|-mega|p2a: Delphox|Delphox|Delphoxite\n|move|p2a: Delphox|Protect|p2a: Delphox\n|-singleturn|p2a: Delphox|Protect\n|move|p1a: Blastoise|Protect|p1a: Blastoise\n|-singleturn|p1a: Blastoise|Protect\n|move|p1b: Aerodactyl|Tailwind|p1b: Aerodactyl\n|-sidestart|p1: edenborn|move: Tailwind\n|move|p2b: Tinkaton|Knock Off|p1b: Aerodactyl\n|-damage|p1b: Aerodactyl|60/100\n|-enditem|p1b: Aerodactyl|Mental Herb|[from] move: Knock Off|[of] p2b: Tinkaton\n|\n|upkeep\n|turn|2\n|inactive|edenborn has 30 seconds left.\n|inactive|LowlandFool has 30 seconds left.\n|inactive|edenborn has 20 seconds left.\n|inactive|LowlandFool has 20 seconds left.\n|inactive|edenborn has 15 seconds left.\n|inactive|LowlandFool has 15 seconds left.\n|inactive|edenborn has 10 seconds left.\n|inactive|LowlandFool has 10 seconds left.\n|\n|t:|1776274916\n|switch|p1b: Barnacle Boy|Pelipper, L50, F|100/100\n|-weather|RainDance|[from] ability: Drizzle|[of] p1b: Barnacle Boy\n|detailschange|p1a: Blastoise|Blastoise-Mega, L50, F\n|-mega|p1a: Blastoise|Blastoise|Blastoisinite\n|move|p1a: Blastoise|Water Spout|p2b: Tinkaton|[spread] p2a,p2b\n|-supereffective|p2a: Delphox|1\n|-damage|p2a: Delphox|0 fnt\n|-damage|p2b: Tinkaton|9/100\n|-enditem|p2b: Tinkaton|Sitrus Berry|[eat]\n|-heal|p2b: Tinkaton|33/100|[from] item: Sitrus Berry\n|faint|p2a: Delphox\n|move|p2b: Tinkaton|Gigaton Hammer|p1a: Blastoise\n|-resisted|p1a: Blastoise|1\n|-damage|p1a: Blastoise|76/100\n|\n|-weather|RainDance|[upkeep]\n|upkeep\n|\n|t:|1776274937\n|switch|p2a: Garchomp|Garchomp, L50, F|100/100\n|turn|3\n|\n|t:|1776274953\n|switch|p1b: Grass Water|Sinistcha, L50|100/100\n|-heal|p1a: Blastoise|100/100|[from] ability: Hospitality|[of] p1b: Grass Water\n|move|p2a: Garchomp|Protect|p2a: Garchomp\n|-singleturn|p2a: Garchomp|Protect\n|move|p1a: Blastoise|Water Spout|p2b: Tinkaton|[spread] p2b\n|-activate|p2a: Garchomp|move: Protect\n|-damage|p2b: Tinkaton|0 fnt\n|faint|p2b: Tinkaton\n|\n|-weather|RainDance|[upkeep]\n|upkeep\n|\n|t:|1776274967\n|switch|p2b: Aerodactyl|Aerodactyl, L50, F|100/100\n|-ability|p2b: Aerodactyl|Unnerve\n|turn|4\n|\n|t:|1776274985\n|move|p2b: Aerodactyl|Dual Wingbeat|p1b: Grass Water\n|-supereffective|p1b: Grass Water|1\n|-damage|p1b: Grass Water|77/100\n|-supereffective|p1b: Grass Water|1\n|-damage|p1b: Grass Water|49/100\n|-hitcount|p1b: Grass Water|2\n|move|p1a: Blastoise|Water Spout|p2a: Garchomp|[spread] p2a,p2b\n|-supereffective|p2b: Aerodactyl|1\n|-damage|p2a: Garchomp|0 fnt\n|-enditem|p2b: Aerodactyl|Focus Sash\n|-damage|p2b: Aerodactyl|1/100\n|faint|p2a: Garchomp\n|move|p1b: Grass Water|Trick Room|p1b: Grass Water\n|-fieldstart|move: Trick Room|[of] p1b: Grass Water\n|\n|-weather|RainDance|[upkeep]\n|-sideend|p1: edenborn|move: Tailwind\n|upkeep\n|turn|5\n|\n|t:|1776275006\n|move|p1b: Grass Water|Life Dew||[still]|[spread] p1a,p1b\n|-fail|p1a: Blastoise|heal\n|-heal|p1b: Grass Water|74/100\n|move|p1a: Blastoise|Water Spout|p2b: Aerodactyl\n|-supereffective|p2b: Aerodactyl|1\n|-damage|p2b: Aerodactyl|0 fnt\n|faint|p2b: Aerodactyl\n|\n|win|edenborn\n|raw|edenborn's rating: 1046 &rarr; <strong>1080</strong><br />(+34 for winning)\n|raw|LowlandFool's rating: 1055 &rarr; <strong>1036</strong><br />(-19 for losing)\n|l|\u2606LowlandFool\n|player|p2|\n",
  "uploadtime": 1776275027,
  "views": 17,
  "formatid": "gen9championsvgc2026regma",
  "rating": 1036,
  "private": 0,
  "password": null
}