{
  "id": "gen9championsvgc2026regma-2585573600",
  "format": "[Gen 9 Champions] VGC 2026 Reg M-A",
  "players": [
    "GzRekt",
    "smp on whimsicott"
  ],
  "log": "|j|\u2606GzRekt\n|j|\u2606smp on whimsicott\n|t:|1776356398\n|gametype|doubles\n|player|p1|GzRekt|fisherman-gen4|1514\n|player|p2|smp on whimsicott|artist-gen4|1449\n|gen|9\n|tier|[Gen 9 Champions] VGC 2026 Reg M-A\n|rated|\n|rule|Species Clause: Limit one of each Pok\u00e9mon\n|rule|Item Clause: Limit 1 of each item\n|clearpoke\n|poke|p1|Delphox, L50, F|\n|poke|p1|Clefable, L50, F|\n|poke|p1|Kingambit, L50, F|\n|poke|p1|Basculegion, L50, M|\n|poke|p1|Sneasler, L50, F|\n|poke|p1|Garchomp, L50, F|\n|poke|p2|Floette-Eternal, L50, F|\n|poke|p2|Basculegion, L50, M|\n|poke|p2|Garchomp, L50, F|\n|poke|p2|Sneasler, L50, F|\n|poke|p2|Froslass, L50, F|\n|poke|p2|Kingambit, L50, M|\n|teampreview|4\n|inactive|Battle timer is ON: inactive players will automatically lose when time's up. (requested by GzRekt)\n|inactive|GzRekt has 60 seconds left.\n|inactive|smp on whimsicott has 60 seconds left.\n|inactive|GzRekt has 30 seconds left.\n|inactive|smp on whimsicott has 30 seconds left.\n|inactive|GzRekt has 20 seconds left.\n|inactive|smp on whimsicott has 20 seconds left.\n|inactive|smp on whimsicott has 15 seconds left.\n|inactive|smp on whimsicott has 10 seconds left.\n|\n|t:|1776356484\n|teamsize|p1|4\n|teamsize|p2|4\n|start\n|switch|p1a: Delphox|Delphox, L50, F|100/100\n|switch|p1b: Sneasler|Sneasler, L50, F|100/100\n|switch|p2a: Basculegion|Basculegion, L50, M|100/100\n|switch|p2b: Garchomp|Garchomp, L50, F|100/100\n|turn|1\n|inactive|GzRekt has 30 seconds left.\n|inactive|smp on whimsicott has 30 seconds left.\n|\n|t:|1776356515\n|move|p1a: Delphox|Protect|p1a: Delphox\n|-singleturn|p1a: Delphox|Protect\n|move|p2b: Garchomp|Protect|p2b: Garchomp\n|-singleturn|p2b: Garchomp|Protect\n|move|p1b: Sneasler|Fake Out|p2b: Garchomp\n|-activate|p2b: Garchomp|move: Protect\n|move|p2a: Basculegion|Wave Crash|p1a: Delphox\n|-activate|p1a: Delphox|move: Protect\n|\n|upkeep\n|turn|2\n|inactive|GzRekt has 30 seconds left.\n|inactive|smp on whimsicott has 30 seconds left.\n|inactive|smp on whimsicott has 20 seconds left.\n|inactive|smp on whimsicott has 15 seconds left.\n|\n|t:|1776356556\n|switch|p1a: Basculegion|Basculegion, L50, M|100/100\n|move|p1b: Sneasler|Close Combat|p2b: Garchomp\n|-damage|p2b: Garchomp|47/100\n|-unboost|p1b: Sneasler|def|1\n|-unboost|p1b: Sneasler|spd|1\n|-damage|p1b: Sneasler|88/100|[from] ability: Rough Skin|[of] p2b: Garchomp\n|move|p2b: Garchomp|Dragon Claw|p1b: Sneasler\n|-damage|p1b: Sneasler|0 fnt\n|faint|p1b: Sneasler\n|move|p2a: Basculegion|Wave Crash|p1a: Basculegion\n|-resisted|p1a: Basculegion|1\n|-damage|p1a: Basculegion|50/100\n|-damage|p2a: Basculegion|85/100|[from] Recoil\n|\n|upkeep\n|\n|t:|1776356577\n|switch|p1b: Clefable|Clefable, L50, F|100/100\n|turn|3\n|inactive|smp on whimsicott has 30 seconds left.\n|\n|t:|1776356605\n|switch|p2a: Kingambit|Kingambit, L50, M|100/100\n|move|p1b: Clefable|Follow Me|p1b: Clefable\n|-singleturn|p1b: Clefable|move: Follow Me\n|move|p1a: Basculegion|Last Respects|p2b: Garchomp\n|-damage|p2b: Garchomp|0 fnt\n|faint|p2b: Garchomp\n|\n|upkeep\n|\n|t:|1776356615\n|switch|p2b: Floette|Floette-Eternal, L50, F|100/100\n|turn|4\n|\n|t:|1776356639\n|switch|p1a: Delphox|Delphox, L50, F|100/100\n|detailschange|p2b: Floette|Floette-Mega, L50, F\n|-mega|p2b: Floette|Floette|Floettite\n|-ability|p2b: Floette|Fairy Aura\n|move|p2b: Floette|Protect|p2b: Floette\n|-singleturn|p2b: Floette|Protect\n|move|p1b: Clefable|Follow Me|p1b: Clefable\n|-singleturn|p1b: Clefable|move: Follow Me\n|move|p2a: Kingambit|Kowtow Cleave|p1b: Clefable\n|-resisted|p1b: Clefable|1\n|-damage|p1b: Clefable|80/100\n|\n|upkeep\n|turn|5\n|inactive|smp on whimsicott has 30 seconds left.\n|\n|t:|1776356665\n|detailschange|p1a: Delphox|Delphox-Mega, L50, F\n|-mega|p1a: Delphox|Delphox|Delphoxite\n|move|p1b: Clefable|Follow Me|p1b: Clefable\n|-singleturn|p1b: Clefable|move: Follow Me\n|move|p1a: Delphox|Flamethrower|p2a: Kingambit\n|-supereffective|p2a: Kingambit|1\n|-damage|p2a: Kingambit|0 fnt\n|faint|p2a: Kingambit\n|move|p2b: Floette|Light of Ruin|p1b: Clefable|[miss]\n|-miss|p2b: Floette|p1b: Clefable\n|\n|upkeep\n|\n|t:|1776356672\n|switch|p2a: Basculegion|Basculegion, L50, M|85/100\n|turn|6\n|\n|t:|1776356684\n|move|p1b: Clefable|Helping Hand|p1a: Delphox\n|-singleturn|p1a: Delphox|Helping Hand|[of] p1b: Clefable\n|move|p1a: Delphox|Psychic|p2a: Basculegion\n|-damage|p2a: Basculegion|7/100\n|-unboost|p2a: Basculegion|spd|1\n|-enditem|p2a: Basculegion|Sitrus Berry|[eat]\n|-heal|p2a: Basculegion|31/100|[from] item: Sitrus Berry\n|move|p2b: Floette|Light of Ruin|p1b: Clefable\n|-damage|p1b: Clefable|0 fnt\n|faint|p1b: Clefable\n|-damage|p2b: Floette|51/100|[from] Recoil\n|move|p2a: Basculegion|Last Respects|p1a: Delphox\n|-supereffective|p1a: Delphox|1\n|-damage|p1a: Delphox|0 fnt\n|faint|p1a: Delphox\n|\n|upkeep\n|\n|t:|1776356701\n|switch|p1b: Basculegion|Basculegion, L50, M|50/100\n|turn|7\n|inactive|GzRekt has 30 seconds left.\n|\n|t:|1776356728\n|move|p1b: Basculegion|Last Respects|p2a: Basculegion\n|-supereffective|p2a: Basculegion|1\n|-crit|p2a: Basculegion\n|-damage|p2a: Basculegion|0 fnt\n|faint|p2a: Basculegion\n|move|p2b: Floette|Moonblast|p1b: Basculegion\n|-damage|p1b: Basculegion|0 fnt\n|faint|p1b: Basculegion\n|\n|win|smp on whimsicott\n|raw|GzRekt's rating: 1514 &rarr; <strong>1490</strong><br />(-24 for losing)\n|raw|smp on whimsicott's rating: 1449 &rarr; <strong>1473</strong><br />(+24 for winning)\n",
  "uploadtime": 1776356729,
  "views": 43,
  "formatid": "gen9championsvgc2026regma",
  "rating": 1473,
  "private": 0,
  "password": null
}