{
  "id": "gen9championsvgc2026regma-2581015459",
  "format": "[Gen 9 Champions] VGC 2026 Reg M-A",
  "players": [
    "Hayazad",
    "TheFlamingSponge"
  ],
  "log": "|j|\u2606Hayazad\n|j|\u2606TheFlamingSponge\n|t:|1775951917\n|gametype|doubles\n|player|p1|Hayazad|clair|1062\n|player|p2|TheFlamingSponge|roxie|1072\n|gen|9\n|tier|[Gen 9 Champions] VGC 2026 Reg M-A\n|rated|\n|rule|Species Clause: Limit one of each Pok\u00e9mon\n|rule|Item Clause: Limit 1 of each item\n|clearpoke\n|poke|p1|Whimsicott, L50, M|\n|poke|p1|Dragonite, L50, M|\n|poke|p1|Incineroar, L50, F|\n|poke|p1|Kingambit, L50, F|\n|poke|p1|Farigiraf, L50, M|\n|poke|p1|Sylveon, L50, F|\n|poke|p2|Glimmora, L50, F|\n|poke|p2|Whimsicott, L50, F|\n|poke|p2|Incineroar, L50, F|\n|poke|p2|Rotom-Wash, L50|\n|poke|p2|Tyranitar, L50, F|\n|poke|p2|Sneasler, L50, F|\n|teampreview|4\n|inactive|Battle timer is ON: inactive players will automatically lose when time's up. (requested by TheFlamingSponge)\n|inactive|TheFlamingSponge has 60 seconds left.\n|\n|t:|1775951965\n|teamsize|p1|4\n|teamsize|p2|4\n|start\n|switch|p1a: Baby|Farigiraf, L50, M|100/100\n|switch|p1b: Beurk|Incineroar, L50, F|100/100\n|switch|p2a: Incineroar|Incineroar, L50, F, shiny|100/100\n|switch|p2b: Whimsicott|Whimsicott, L50, F, shiny|100/100\n|-ability|p2a: Incineroar|Intimidate|boost\n|-unboost|p1a: Baby|atk|1\n|-unboost|p1b: Beurk|atk|1\n|-ability|p1b: Beurk|Intimidate|boost\n|-unboost|p2a: Incineroar|atk|1\n|-unboost|p2b: Whimsicott|atk|1\n|turn|1\n|\n|t:|1775951988\n|move|p1b: Beurk|Fake Out|p2a: Incineroar\n|-damage|p2a: Incineroar|94/100\n|move|p2b: Whimsicott|Tailwind|p2b: Whimsicott\n|-sidestart|p2: TheFlamingSponge|move: Tailwind\n|cant|p2a: Incineroar|flinch\n|move|p1a: Baby|Trick Room|p1a: Baby\n|-fieldstart|move: Trick Room|[of] p1a: Baby\n|\n|upkeep\n|turn|2\n|inactive|Hayazad has 30 seconds left.\n|\n|t:|1775952020\n|move|p1b: Beurk|Flare Blitz|p2b: Whimsicott\n|-supereffective|p2b: Whimsicott|1\n|-damage|p2b: Whimsicott|50/100\n|-damage|p1b: Beurk|87/100|[from] Recoil\n|move|p1a: Baby|Hyper Voice|p2a: Incineroar|[spread] p2a,p2b\n|-damage|p2a: Incineroar|61/100\n|-damage|p2b: Whimsicott|9/100\n|move|p2a: Incineroar|Darkest Lariat|p1a: Baby\n|-supereffective|p1a: Baby|1\n|-damage|p1a: Baby|48/100\n|move|p2b: Whimsicott|Moonblast|p1a: Baby\n|-damage|p1a: Baby|17/100\n|-unboost|p1a: Baby|spa|1\n|\n|upkeep\n|turn|3\n|-activate|p1a: Baby|item: Quick Claw\n|\n|t:|1775952042\n|move|p1a: Baby|Protect|p1a: Baby\n|-singleturn|p1a: Baby|Protect\n|move|p1b: Beurk|Flare Blitz|p2b: Whimsicott\n|-supereffective|p2b: Whimsicott|1\n|-damage|p2b: Whimsicott|0 fnt\n|faint|p2b: Whimsicott\n|-damage|p1b: Beurk|84/100|[from] Recoil\n|move|p2a: Incineroar|Darkest Lariat|p1a: Baby\n|-activate|p1a: Baby|move: Protect\n|\n|upkeep\n|\n|t:|1775952050\n|switch|p2b: Tyranitar|Tyranitar, L50, F, shiny|100/100\n|-weather|Sandstorm|[from] ability: Sand Stream|[of] p2b: Tyranitar\n|turn|4\n|inactive|Hayazad has 30 seconds left.\n|inactive|TheFlamingSponge has 30 seconds left.\n|\n|t:|1775952086\n|move|p1b: Beurk|Parting Shot|p2b: Tyranitar\n|-unboost|p2b: Tyranitar|atk|1\n|-unboost|p2b: Tyranitar|spa|1\n|\n|t:|1775952090\n|switch|p1b: Blade|Kingambit, L50, F|100/100|[from] Parting Shot\n|move|p1a: Baby|Hyper Voice|p2a: Incineroar|[spread] p2a,p2b\n|-resisted|p2b: Tyranitar|1\n|-damage|p2a: Incineroar|39/100\n|-damage|p2b: Tyranitar|94/100\n|move|p2a: Incineroar|Parting Shot|p1b: Blade\n|-unboost|p1b: Blade|atk|1\n|-ability|p1b: Blade|Defiant|boost\n|-boost|p1b: Blade|atk|2\n|-unboost|p1b: Blade|spa|1\n|-ability|p1b: Blade|Defiant|boost\n|-boost|p1b: Blade|atk|2\n|\n|t:|1775952104\n|switch|p2a: Glimmora|Glimmora, L50, F, shiny|100/100|[from] Parting Shot\n|move|p2b: Tyranitar|Knock Off|p1a: Baby\n|-supereffective|p1a: Baby|1\n|-damage|p1a: Baby|0 fnt\n|-enditem|p1a: Baby|Quick Claw|[from] move: Knock Off|[of] p2b: Tyranitar\n|faint|p1a: Baby\n|\n|-weather|Sandstorm|[upkeep]\n|-sideend|p2: TheFlamingSponge|move: Tailwind\n|upkeep\n|\n|t:|1775952113\n|switch|p1a: Beurk|Incineroar, L50, F|84/100\n|-ability|p1a: Beurk|Intimidate|boost\n|-unboost|p2a: Glimmora|atk|1\n|-unboost|p2b: Tyranitar|atk|1\n|turn|5\n|inactive|Hayazad has 30 seconds left.\n|\n|t:|1775952145\n|switch|p2b: Incineroar|Incineroar, L50, F, shiny|39/100\n|-ability|p2b: Incineroar|Intimidate|boost\n|-unboost|p1a: Beurk|atk|1\n|-unboost|p1b: Blade|atk|1\n|-ability|p1b: Blade|Defiant|boost\n|-boost|p1b: Blade|atk|2\n|move|p2a: Glimmora|Spiky Shield|p2a: Glimmora\n|-singleturn|p2a: Glimmora|move: Protect\n|move|p1b: Blade|Iron Head|p2b: Incineroar\n|-resisted|p2b: Incineroar|1\n|-damage|p2b: Incineroar|0 fnt\n|faint|p2b: Incineroar\n|move|p1a: Beurk|Parting Shot|p2a: Glimmora\n|-activate|p2a: Glimmora|move: Protect\n|\n|-weather|Sandstorm|[upkeep]\n|-damage|p1a: Beurk|78/100|[from] Sandstorm\n|-fieldend|move: Trick Room\n|upkeep\n|\n|t:|1775952160\n|switch|p2b: Tyranitar|Tyranitar, L50, F, shiny|94/100\n|turn|6\n|\n|t:|1775952175\n|detailschange|p2a: Glimmora|Glimmora-Mega, L50, F, shiny\n|-mega|p2a: Glimmora|Glimmora|Glimmoranite\n|move|p2a: Glimmora|Earth Power|p1b: Blade\n|-supereffective|p1b: Blade|1\n|-damage|p1b: Blade|25/100\n|-unboost|p1b: Blade|spd|1\n|-ability|p1b: Blade|Defiant|boost\n|-boost|p1b: Blade|atk|2\n|move|p2b: Tyranitar|Rock Slide|p1b: Blade|[spread] p1a,p1b\n|-supereffective|p1a: Beurk|1\n|-resisted|p1b: Blade|1\n|-damage|p1a: Beurk|24/100\n|-damage|p1b: Blade|13/100\n|-enditem|p1a: Beurk|Sitrus Berry|[eat]\n|-heal|p1a: Beurk|49/100|[from] item: Sitrus Berry\n|cant|p1a: Beurk|flinch\n|move|p1b: Blade|Iron Head|p2b: Tyranitar\n|-supereffective|p2b: Tyranitar|1\n|-damage|p2b: Tyranitar|0 fnt\n|faint|p2b: Tyranitar\n|\n|-weather|Sandstorm|[upkeep]\n|-damage|p1a: Beurk|43/100|[from] Sandstorm\n|upkeep\n|turn|7\n|\n|t:|1775952200\n|move|p2a: Glimmora|Spiky Shield|p2a: Glimmora\n|-singleturn|p2a: Glimmora|move: Protect\n|move|p1b: Blade|Protect|p1b: Blade\n|-singleturn|p1b: Blade|Protect\n|move|p1a: Beurk|Parting Shot|p2a: Glimmora\n|-activate|p2a: Glimmora|move: Protect\n|\n|-weather|Sandstorm|[upkeep]\n|-damage|p1a: Beurk|37/100|[from] Sandstorm\n|upkeep\n|turn|8\n|\n|t:|1775952222\n|move|p2a: Glimmora|Earth Power|p1b: Blade\n|-supereffective|p1b: Blade|1\n|-crit|p1b: Blade\n|-damage|p1b: Blade|0 fnt\n|faint|p1b: Blade\n|move|p1a: Beurk|Parting Shot|p2a: Glimmora\n|-unboost|p2a: Glimmora|atk|1\n|-unboost|p2a: Glimmora|spa|1\n|\n|t:|1775952232\n|switch|p1a: Translove|Sylveon, L50, F|100/100|[from] Parting Shot\n|\n|-weather|none\n|upkeep\n|\n|t:|1775952235\n|switch|p1b: Beurk|Incineroar, L50, F|37/100\n|-ability|p1b: Beurk|Intimidate|boost\n|-unboost|p2a: Glimmora|atk|1\n|turn|9\n|\n|t:|1775952252\n|move|p2a: Glimmora|Spiky Shield|p2a: Glimmora\n|-singleturn|p2a: Glimmora|move: Protect\n|move|p1a: Translove|Shadow Ball|p2a: Glimmora\n|-activate|p2a: Glimmora|move: Protect\n|move|p1b: Beurk|Thief|p2a: Glimmora\n|-activate|p2a: Glimmora|move: Protect\n|-damage|p1b: Beurk|24/100|[from] Spiky Shield|[of] p2a: Glimmora\n|\n|upkeep\n|turn|10\n|\n|t:|1775952268\n|move|p2a: Glimmora|Sludge Bomb|p1a: Translove\n|-supereffective|p1a: Translove|1\n|-damage|p1a: Translove|27/100\n|move|p1a: Translove|Shadow Ball|p2a: Glimmora\n|-damage|p2a: Glimmora|70/100\n|move|p1b: Beurk|Thief|p2a: Glimmora\n|-damage|p2a: Glimmora|44/100\n|\n|-heal|p1a: Translove|33/100|[from] item: Leftovers\n|upkeep\n|turn|11\n|inactive|Hayazad has 30 seconds left.\n|inactive|Hayazad has 20 seconds left.\n|inactive|Hayazad has 15 seconds left.\n|inactive|Hayazad has 10 seconds left.\n|inactive|Hayazad has 5 seconds left.\n|\n|t:|1775952323\n|move|p2a: Glimmora|Power Gem|p1b: Beurk\n|-supereffective|p1b: Beurk|1\n|-damage|p1b: Beurk|0 fnt\n|faint|p1b: Beurk\n|move|p1a: Translove|Hyper Voice|p2a: Glimmora\n|-resisted|p2a: Glimmora|1\n|-damage|p2a: Glimmora|11/100\n|\n|-heal|p1a: Translove|39/100|[from] item: Leftovers\n|upkeep\n|turn|12\n|\n|t:|1775952334\n|move|p2a: Glimmora|Sludge Bomb|p1a: Translove\n|-supereffective|p1a: Translove|1\n|-damage|p1a: Translove|0 fnt\n|faint|p1a: Translove\n|\n|win|TheFlamingSponge\n|raw|Hayazad's rating: 1062 &rarr; <strong>1043</strong><br />(-19 for losing)\n|raw|TheFlamingSponge's rating: 1072 &rarr; <strong>1100</strong><br />(+28 for winning)\n|c|\u2606Hayazad|gg\n|c|\u2606TheFlamingSponge|gg\n|l|\u2606Hayazad\n|player|p1|\n",
  "uploadtime": 1775952360,
  "views": 19,
  "formatid": "gen9championsvgc2026regma",
  "rating": 1043,
  "private": 0,
  "password": null
}