{
  "id": "gen9championsvgc2026regma-2583074788",
  "format": "[Gen 9 Champions] VGC 2026 Reg M-A",
  "players": [
    "Jah_08",
    "acetato de metilo"
  ],
  "log": "|j|\u2606Jah_08\n|j|\u2606acetato de metilo\n|t:|1776139168\n|gametype|doubles\n|player|p1|Jah_08|alder|1302\n|player|p2|acetato de metilo|jogger|1263\n|gen|9\n|tier|[Gen 9 Champions] VGC 2026 Reg M-A\n|rated|\n|rule|Species Clause: Limit one of each Pok\u00e9mon\n|rule|Item Clause: Limit 1 of each item\n|clearpoke\n|poke|p1|Excadrill, L50, F|\n|poke|p1|Whimsicott, L50, M|\n|poke|p1|Chandelure, L50, F|\n|poke|p1|Zoroark-Hisui, L50, F|\n|poke|p1|Basculegion, L50, M|\n|poke|p1|Conkeldurr, L50, F|\n|poke|p2|Dragonite, L50, M|\n|poke|p2|Pelipper, L50, M|\n|poke|p2|Incineroar, L50, M|\n|poke|p2|Sneasler, L50, F|\n|poke|p2|Archaludon, L50, M|\n|poke|p2|Basculegion, L50, M|\n|teampreview|4\n|inactive|Battle timer is ON: inactive players will automatically lose when time's up. (requested by acetato de metilo)\n|\n|t:|1776139197\n|teamsize|p1|4\n|teamsize|p2|4\n|start\n|switch|p1a: Basculegion|Basculegion, L50, M|100/100\n|switch|p1b: Whimsicott|Whimsicott, L50, M, shiny|100/100\n|switch|p2a: Incineroar|Incineroar, L50, M, shiny|100/100\n|switch|p2b: Basculegion|Basculegion, L50, M|100/100\n|-ability|p2a: Incineroar|Intimidate|boost\n|-unboost|p1a: Basculegion|atk|1\n|-unboost|p1b: Whimsicott|atk|1\n|turn|1\n|\n|t:|1776139218\n|move|p2a: Incineroar|Fake Out|p1b: Whimsicott\n|-immune|p1b: Whimsicott\n|move|p1a: Basculegion|Wave Crash|p2a: Incineroar\n|-supereffective|p2a: Incineroar|1\n|-damage|p2a: Incineroar|7/100\n|-enditem|p2a: Incineroar|Sitrus Berry|[eat]\n|-heal|p2a: Incineroar|32/100|[from] item: Sitrus Berry\n|-damage|p1a: Basculegion|69/100|[from] Recoil\n|move|p2b: Basculegion|Flip Turn|p1b: Whimsicott\n|-damage|p1b: Whimsicott|22/100\n|replace|p1b: Zoroark|Zoroark-Hisui, L50, F\n|-end|p1b: Zoroark|Illusion\n|\n|t:|1776139236\n|switch|p2b: Dragonite|Dragonite, L50, M, shiny|100/100|[from] Flip Turn\n|move|p1b: Zoroark|Shadow Ball|p2b: Dragonite\n|-damage|p2b: Dragonite|80/100\n|\n|upkeep\n|turn|2\n|\n|t:|1776139259\n|switch|p2a: Pelipper|Pelipper, L50, M|100/100\n|-weather|RainDance|[from] ability: Drizzle|[of] p2a: Pelipper\n|detailschange|p2b: Dragonite|Dragonite-Mega, L50, M, shiny\n|-mega|p2b: Dragonite|Dragonite|Dragoninite\n|move|p1a: Basculegion|Wave Crash|p2a: Pelipper\n|-resisted|p2a: Pelipper|1\n|-damage|p2a: Pelipper|65/100\n|-damage|p1a: Basculegion|59/100|[from] Recoil\n|move|p1b: Zoroark|Icy Wind|p2a: Pelipper|[spread] p2b\n|-miss|p1b: Zoroark|p2a: Pelipper\n|-supereffective|p2b: Dragonite|2\n|-damage|p2b: Dragonite|30/100\n|-unboost|p2b: Dragonite|spe|1\n|move|p2b: Dragonite|Thunder|p1a: Basculegion\n|-supereffective|p1a: Basculegion|1\n|-damage|p1a: Basculegion|0 fnt\n|faint|p1a: Basculegion\n|\n|-weather|RainDance|[upkeep]\n|upkeep\n|inactive|Jah_08 has 30 seconds left.\n|\n|t:|1776139293\n|switch|p1a: Excadrill|Excadrill, L50, F|100/100\n|-ability|p1a: Excadrill|Mold Breaker\n|turn|3\n|\n|t:|1776139305\n|move|p2b: Dragonite|Protect|p2b: Dragonite\n|-singleturn|p2b: Dragonite|Protect\n|move|p1b: Zoroark|Icy Wind|p2b: Dragonite|[spread] p2a\n|-activate|p2b: Dragonite|move: Protect\n|-damage|p2a: Pelipper|45/100\n|-unboost|p2a: Pelipper|spe|1\n|move|p1a: Excadrill|Rock Slide|p2a: Pelipper|[spread] p2a\n|-activate|p2b: Dragonite|move: Protect\n|-supereffective|p2a: Pelipper|1\n|-crit|p2a: Pelipper\n|-damage|p2a: Pelipper|0 fnt\n|faint|p2a: Pelipper\n|\n|-weather|RainDance|[upkeep]\n|upkeep\n|\n|t:|1776139322\n|switch|p2a: Basculegion|Basculegion, L50, M|100/100\n|turn|4\n|\n|t:|1776139338\n|switch|p2b: Incineroar|Incineroar, L50, M, shiny|32/100\n|-ability|p2b: Incineroar|Intimidate|boost\n|-unboost|p1a: Excadrill|atk|1\n|-unboost|p1b: Zoroark|atk|1\n|move|p2a: Basculegion|Flip Turn|p1b: Zoroark\n|-damage|p1b: Zoroark|0 fnt\n|faint|p1b: Zoroark\n|\n|t:|1776139345\n|switch|p2a: Dragonite|Dragonite-Mega, L50, M, shiny|30/100|[from] Flip Turn\n|move|p1a: Excadrill|Rock Slide|p2a: Dragonite|[spread] p2a,p2b\n|-supereffective|p2a: Dragonite|1\n|-supereffective|p2b: Incineroar|1\n|-damage|p2a: Dragonite|2/100\n|-damage|p2b: Incineroar|10/100\n|\n|-weather|RainDance|[upkeep]\n|upkeep\n|\n|t:|1776139356\n|switch|p1b: Whimsicott|Whimsicott, L50, M, shiny|100/100\n|turn|5\n|\n|t:|1776139376\n|move|p1b: Whimsicott|Protect|p1b: Whimsicott\n|-singleturn|p1b: Whimsicott|Protect\n|move|p1a: Excadrill|Protect|p1a: Excadrill\n|-singleturn|p1a: Excadrill|Protect\n|move|p2b: Incineroar|Fake Out|p1b: Whimsicott\n|-activate|p1b: Whimsicott|move: Protect\n|move|p2a: Dragonite|Hurricane|p1b: Whimsicott\n|-activate|p1b: Whimsicott|move: Protect\n|\n|-weather|RainDance|[upkeep]\n|upkeep\n|turn|6\n|\n|t:|1776139394\n|move|p1b: Whimsicott|Tailwind|p1b: Whimsicott\n|-sidestart|p1: Jah_08|move: Tailwind\n|move|p1a: Excadrill|Rock Slide|p2a: Dragonite|[spread] p2a\n|-miss|p1a: Excadrill|p2b: Incineroar\n|-supereffective|p2a: Dragonite|1\n|-damage|p2a: Dragonite|0 fnt\n|faint|p2a: Dragonite\n|move|p2b: Incineroar|Darkest Lariat|p1a: Excadrill\n|-damage|p1a: Excadrill|53/100\n|\n|-weather|none\n|upkeep\n|\n|t:|1776139400\n|switch|p2a: Basculegion|Basculegion, L50, M|100/100\n|turn|7\n|\n|t:|1776139423\n|move|p1a: Excadrill|Protect|p1a: Excadrill\n|-singleturn|p1a: Excadrill|Protect\n|move|p1b: Whimsicott|Moonblast|p2b: Incineroar\n|-damage|p2b: Incineroar|0 fnt\n|faint|p2b: Incineroar\n|move|p2a: Basculegion|Last Respects|p1a: Excadrill\n|-activate|p1a: Excadrill|move: Protect\n|\n|upkeep\n|turn|8\n|inactive|Jah_08 has 30 seconds left.\n|\n|t:|1776139456\n|move|p1b: Whimsicott|Moonblast|p2a: Basculegion\n|-damage|p2a: Basculegion|63/100\n|-unboost|p2a: Basculegion|spa|1\n|move|p1a: Excadrill|High Horsepower|p2a: Basculegion\n|-damage|p2a: Basculegion|17/100\n|move|p2a: Basculegion|Last Respects|p1a: Excadrill\n|-damage|p1a: Excadrill|0 fnt\n|faint|p1a: Excadrill\n|\n|upkeep\n|turn|9\n|\n|t:|1776139470\n|move|p1b: Whimsicott|Moonblast|p2a: Basculegion\n|-damage|p2a: Basculegion|0 fnt\n|faint|p2a: Basculegion\n|\n|win|Jah_08\n|raw|Jah_08's rating: 1302 &rarr; <strong>1320</strong><br />(+18 for winning)\n|raw|acetato de metilo's rating: 1263 &rarr; <strong>1241</strong><br />(-22 for losing)\n|l|\u2606acetato de metilo\n|player|p2|\n",
  "uploadtime": 1776139475,
  "views": 32,
  "formatid": "gen9championsvgc2026regma",
  "rating": 1241,
  "private": 0,
  "password": null
}