{
  "id": "gen9championsvgc2026regma-2580991162",
  "format": "[Gen 9 Champions] VGC 2026 Reg M-A",
  "players": [
    "L234S",
    "lOI0IOl"
  ],
  "log": "|j|\u2606L234S\n|j|\u2606lOI0IOl\n|t:|1775949651\n|gametype|doubles\n|player|p1|L234S|101|1268\n|player|p2|lOI0IOl|1|1324\n|gen|9\n|tier|[Gen 9 Champions] VGC 2026 Reg M-A\n|rated|\n|rule|Species Clause: Limit one of each Pok\u00e9mon\n|rule|Item Clause: Limit 1 of each item\n|clearpoke\n|poke|p1|Floette-Eternal, L50, F|\n|poke|p1|Aerodactyl, L50, F|\n|poke|p1|Incineroar, L50, M|\n|poke|p1|Milotic, L50, F|\n|poke|p1|Sinistcha, L50|\n|poke|p1|Garchomp, L50, F|\n|poke|p2|Floette-Eternal, L50, F|\n|poke|p2|Garchomp, L50, F|\n|poke|p2|Aerodactyl, L50, F|\n|poke|p2|Aggron, L50, F|\n|poke|p2|Rotom-Wash, L50|\n|poke|p2|Sinistcha, L50|\n|teampreview|4\n|inactive|Battle timer is ON: inactive players will automatically lose when time's up. (requested by lOI0IOl)\n|j| gE1xjZRtuhW2DdT0AK\n|\n|t:|1775949684\n|teamsize|p1|4\n|teamsize|p2|4\n|start\n|switch|p1a: Floette|Floette-Eternal, L50, F|100/100\n|switch|p1b: Incineroar|Incineroar, L50, M|100/100\n|switch|p2a: Rotom|Rotom-Wash, L50|100/100\n|switch|p2b: Garchomp|Garchomp, L50, F|100/100\n|-ability|p1b: Incineroar|Intimidate|boost\n|-unboost|p2a: Rotom|atk|1\n|-unboost|p2b: Garchomp|atk|1\n|-enditem|p2b: Garchomp|White Herb\n|-clearnegativeboost|p2b: Garchomp|[silent]\n|turn|1\n|\n|t:|1775949693\n|detailschange|p1a: Floette|Floette-Mega, L50, F\n|-mega|p1a: Floette|Floette|Floettite\n|-ability|p1a: Floette|Fairy Aura\n|move|p2b: Garchomp|Protect|p2b: Garchomp\n|-singleturn|p2b: Garchomp|Protect\n|move|p1b: Incineroar|Fake Out|p2b: Garchomp\n|-activate|p2b: Garchomp|move: Protect\n|move|p1a: Floette|Calm Mind|p1a: Floette\n|-boost|p1a: Floette|spa|1\n|-boost|p1a: Floette|spd|1\n|move|p2a: Rotom|Electroweb|p1a: Floette|[spread] p1a,p1b\n|-damage|p1a: Floette|93/100\n|-damage|p1b: Incineroar|87/100\n|-unboost|p1a: Floette|spe|1\n|-unboost|p1b: Incineroar|spe|1\n|\n|upkeep\n|turn|2\n|inactive|L234S has 30 seconds left.\n|inactive|lOI0IOl has 30 seconds left.\n|\n|t:|1775949726\n|move|p1b: Incineroar|Helping Hand|p1a: Floette\n|-singleturn|p1a: Floette|Helping Hand|[of] p1b: Incineroar\n|move|p2b: Garchomp|Earthquake|p1b: Incineroar|[spread] p1a,p1b\n|-immune|p2a: Rotom|[from] ability: Levitate\n|-crit|p1a: Floette\n|-supereffective|p1b: Incineroar|1\n|-damage|p1a: Floette|30/100\n|-damage|p1b: Incineroar|21/100\n|-enditem|p1b: Incineroar|Sitrus Berry|[eat]\n|-heal|p1b: Incineroar|46/100|[from] item: Sitrus Berry\n|move|p2a: Rotom|Volt Switch|p1b: Incineroar\n|-damage|p1b: Incineroar|19/100\n|\n|t:|1775949739\n|switch|p2a: Aerodactyl|Aerodactyl, L50, F|100/100|[from] Volt Switch\n|-ability|p2a: Aerodactyl|Unnerve\n|move|p1a: Floette|Dazzling Gleam|p2b: Garchomp|[spread] p2a,p2b\n|-supereffective|p2b: Garchomp|1\n|-enditem|p2a: Aerodactyl|Focus Sash\n|-damage|p2a: Aerodactyl|1/100\n|-damage|p2b: Garchomp|0 fnt\n|faint|p2b: Garchomp\n|\n|upkeep\n|\n|t:|1775949747\n|switch|p2b: Floette|Floette-Eternal, L50, F|100/100\n|turn|3\n|\n|t:|1775949759\n|switch|p1b: Sinistcha|Sinistcha, L50|100/100\n|-heal|p1a: Floette|55/100|[from] ability: Hospitality|[of] p1b: Sinistcha\n|detailschange|p2b: Floette|Floette-Mega, L50, F\n|-mega|p2b: Floette|Floette|Floettite\n|-ability|p2b: Floette|Fairy Aura\n|move|p2a: Aerodactyl|Rock Slide|p1a: Floette|[spread] p1a,p1b\n|-damage|p1a: Floette|28/100\n|-damage|p1b: Sinistcha|81/100\n|move|p2b: Floette|Dazzling Gleam|p1a: Floette|[spread] p1a,p1b\n|-damage|p1a: Floette|7/100\n|-damage|p1b: Sinistcha|30/100\n|move|p1a: Floette|Dazzling Gleam|p2a: Aerodactyl|[spread] p2a,p2b\n|-damage|p2a: Aerodactyl|0 fnt\n|-damage|p2b: Floette|36/100\n|faint|p2a: Aerodactyl\n|\n|upkeep\n|\n|t:|1775949774\n|switch|p2a: Rotom|Rotom-Wash, L50|100/100\n|turn|4\n|\n|t:|1775949795\n|switch|p1b: Incineroar|Incineroar, L50, M|19/100\n|-ability|p1b: Incineroar|Intimidate|boost\n|-unboost|p2a: Rotom|atk|1\n|-unboost|p2b: Floette|atk|1\n|move|p1a: Floette|Protect|p1a: Floette\n|-singleturn|p1a: Floette|Protect\n|move|p2b: Floette|Dazzling Gleam|p1b: Incineroar|[spread] p1b\n|-activate|p1a: Floette|move: Protect\n|-damage|p1b: Incineroar|0 fnt\n|faint|p1b: Incineroar\n|move|p2a: Rotom|Electroweb|p1a: Floette\n|-activate|p1a: Floette|move: Protect\n|\n|upkeep\n|\n|t:|1775949804\n|switch|p1b: Sinistcha|Sinistcha, L50|30/100\n|-heal|p1a: Floette|32/100|[from] ability: Hospitality|[of] p1b: Sinistcha\n|turn|5\n|\n|t:|1775949827\n|switch|p1a: Milotic|Milotic, L50, F|100/100\n|move|p2b: Floette|Dazzling Gleam|p1b: Sinistcha|[spread] p1a,p1b\n|-damage|p1a: Milotic|66/100\n|-damage|p1b: Sinistcha|0 fnt\n|faint|p1b: Sinistcha\n|move|p2a: Rotom|Volt Switch|p1a: Milotic\n|-supereffective|p1a: Milotic|1\n|-damage|p1a: Milotic|30/100\n|\n|-heal|p1a: Milotic|36/100|[from] item: Leftovers\n|upkeep\n|\n|t:|1775949834\n|switch|p1b: Floette|Floette-Mega, L50, F|32/100\n|-ability|p1b: Floette|Fairy Aura\n|turn|6\n|\n|t:|1775949844\n|move|p2b: Floette|Protect|p2b: Floette\n|-singleturn|p2b: Floette|Protect\n|move|p1b: Floette|Dazzling Gleam|p2b: Floette|[spread] p2a\n|-activate|p2b: Floette|move: Protect\n|-damage|p2a: Rotom|58/100\n|move|p2a: Rotom|Electroweb|p1a: Milotic|[spread] p1b\n|-miss|p2a: Rotom|p1a: Milotic\n|-damage|p1b: Floette|20/100\n|-unboost|p1b: Floette|spe|1\n|move|p1a: Milotic|Icy Wind|p2a: Rotom|[spread] p2a\n|-activate|p2b: Floette|move: Protect\n|-resisted|p2a: Rotom|1\n|-damage|p2a: Rotom|53/100\n|-unboost|p2a: Rotom|spe|1\n|\n|-heal|p1a: Milotic|42/100|[from] item: Leftovers\n|upkeep\n|turn|7\n|\n|t:|1775949867\n|move|p1b: Floette|Protect|p1b: Floette\n|-singleturn|p1b: Floette|Protect\n|move|p2b: Floette|Moonblast|p1a: Milotic\n|-damage|p1a: Milotic|0 fnt\n|faint|p1a: Milotic\n|move|p2a: Rotom|Volt Switch|p1b: Floette\n|-activate|p1b: Floette|move: Protect\n|\n|upkeep\n|turn|8\n|\n|t:|1775949875\n|move|p2b: Floette|Moonblast|p1b: Floette\n|-damage|p1b: Floette|0 fnt\n|faint|p1b: Floette\n|\n|win|lOI0IOl\n|raw|L234S's rating: 1268 &rarr; <strong>1247</strong><br />(-21 for losing)\n|raw|lOI0IOl's rating: 1324 &rarr; <strong>1341</strong><br />(+17 for winning)\n|l|\u2606L234S\n|player|p1|\n|l|\u2606lOI0IOl\n|player|p2|\n",
  "uploadtime": 1775949885,
  "views": 20,
  "formatid": "gen9championsvgc2026regma",
  "rating": 1247,
  "private": 0,
  "password": null
}