{
  "id": "gen9championsvgc2026regma-2585111960",
  "format": "[Gen 9 Champions] VGC 2026 Reg M-A",
  "players": [
    "ScribbleScribble",
    "rexoguns"
  ],
  "log": "|j|\u2606ScribbleScribble\n|j|\u2606rexoguns\n|t:|1776313108\n|gametype|doubles\n|player|p1|ScribbleScribble|mina-lgpe|1661\n|player|p2|rexoguns|ingo|1589\n|gen|9\n|tier|[Gen 9 Champions] VGC 2026 Reg M-A\n|rated|\n|rule|Species Clause: Limit one of each Pok\u00e9mon\n|rule|Item Clause: Limit 1 of each item\n|clearpoke\n|poke|p1|Floette-Eternal, L50, F|\n|poke|p1|Sneasler, L50, M|\n|poke|p1|Aerodactyl, L50, F|\n|poke|p1|Kingambit, L50, M|\n|poke|p1|Basculegion, L50, M|\n|poke|p1|Farigiraf, L50, M|\n|poke|p2|Kingambit, L50, M|\n|poke|p2|Sneasler, L50, F|\n|poke|p2|Delphox, L50, F|\n|poke|p2|Basculegion, L50, M|\n|poke|p2|Sinistcha, L50|\n|poke|p2|Clefable, L50, F|\n|teampreview|4\n|inactive|Battle timer is ON: inactive players will automatically lose when time's up. (requested by ScribbleScribble)\n|inactive|rexoguns also wants the timer to be on.\n|inactive|ScribbleScribble has 60 seconds left.\n|\n|t:|1776313139\n|teamsize|p1|4\n|teamsize|p2|4\n|start\n|switch|p1a: Aerodactyl|Aerodactyl, L50, F|100/100\n|switch|p1b: Basculegion|Basculegion, L50, M|100/100\n|switch|p2a: Valentina|Delphox, L50, F|100/100\n|switch|p2b: Hanzo|Basculegion, L50, M|100/100\n|-ability|p1a: Aerodactyl|Unnerve\n|turn|1\n|inactive|rexoguns has 30 seconds left.\n|j| kokomi233233\n|inactive|rexoguns has 20 seconds left.\n|\n|t:|1776313175\n|detailschange|p2a: Valentina|Delphox-Mega, L50, F\n|-mega|p2a: Valentina|Delphox|Delphoxite\n|move|p2a: Valentina|Protect|p2a: Valentina\n|-singleturn|p2a: Valentina|Protect\n|move|p1b: Basculegion|Wave Crash|p2a: Valentina\n|-activate|p2a: Valentina|move: Protect\n|move|p2b: Hanzo|Flip Turn|p1a: Aerodactyl\n|-supereffective|p1a: Aerodactyl|1\n|-enditem|p1a: Aerodactyl|Focus Sash\n|-damage|p1a: Aerodactyl|1/100\n|\n|t:|1776313186\n|switch|p2b: Labubu|Clefable, L50, F|100/100|[from] Flip Turn\n|move|p1a: Aerodactyl|Tailwind|p1a: Aerodactyl\n|-sidestart|p1: ScribbleScribble|move: Tailwind\n|\n|upkeep\n|turn|2\n|\n|t:|1776313194\n|move|p2b: Labubu|Follow Me|p2b: Labubu\n|-singleturn|p2b: Labubu|move: Follow Me\n|move|p1b: Basculegion|Wave Crash|p2b: Labubu\n|-damage|p2b: Labubu|40/100\n|-damage|p1b: Basculegion|80/100|[from] Recoil\n|move|p1a: Aerodactyl|Rock Slide|p2b: Labubu|[spread] p2a,p2b\n|-supereffective|p2a: Valentina|1\n|-damage|p2a: Valentina|24/100\n|-damage|p2b: Labubu|22/100\n|move|p2a: Valentina|Heat Wave|p1a: Aerodactyl|[spread] p1a,p1b\n|-resisted|p1a: Aerodactyl|1\n|-resisted|p1b: Basculegion|1\n|-damage|p1a: Aerodactyl|0 fnt\n|-damage|p1b: Basculegion|54/100\n|-enditem|p2b: Labubu|Sitrus Berry|[eat]\n|-heal|p2b: Labubu|47/100|[from] item: Sitrus Berry\n|faint|p1a: Aerodactyl\n|\n|upkeep\n|\n|t:|1776313209\n|switch|p1a: Farigiraf|Farigiraf, L50, M|100/100\n|turn|3\n|\n|t:|1776313222\n|move|p2b: Labubu|Follow Me|p2b: Labubu\n|-singleturn|p2b: Labubu|move: Follow Me\n|move|p1b: Basculegion|Wave Crash|p2b: Labubu\n|-damage|p2b: Labubu|0 fnt\n|faint|p2b: Labubu\n|-damage|p1b: Basculegion|39/100|[from] Recoil\n|move|p2a: Valentina|Psychic|p1b: Basculegion\n|-damage|p1b: Basculegion|0 fnt\n|faint|p1b: Basculegion\n|move|p1a: Farigiraf|Hyper Voice|p2a: Valentina\n|-damage|p2a: Valentina|0 fnt\n|faint|p2a: Valentina\n|\n|upkeep\n|\n|t:|1776313232\n|switch|p2a: Hanzo|Basculegion, L50, M|100/100\n|switch|p1b: Kingambit|Kingambit, L50, M|100/100\n|switch|p2b: Natalia|Sneasler, L50, F|100/100\n|turn|4\n|\n|t:|1776313254\n|move|p2a: Hanzo|Aqua Jet||[still]\n|cant|p1a: Farigiraf|ability: Armor Tail|Aqua Jet|[of] p2a: Hanzo\n|move|p1b: Kingambit|Sucker Punch||[still]\n|-fail|p1b: Kingambit\n|move|p2b: Natalia|Close Combat|p1b: Kingambit\n|-supereffective|p1b: Kingambit|2\n|-damage|p1b: Kingambit|0 fnt\n|-unboost|p2b: Natalia|def|1\n|-unboost|p2b: Natalia|spd|1\n|faint|p1b: Kingambit\n|move|p1a: Farigiraf|Psyshock|p2b: Natalia\n|-supereffective|p2b: Natalia|2\n|-enditem|p2b: Natalia|Focus Sash\n|-damage|p2b: Natalia|1/100\n|\n|-sideend|p1: ScribbleScribble|move: Tailwind\n|upkeep\n|turn|5\n|\n|t:|1776313273\n|move|p2a: Hanzo|Aqua Jet||[still]\n|cant|p1a: Farigiraf|ability: Armor Tail|Aqua Jet|[of] p2a: Hanzo\n|move|p2b: Natalia|Close Combat|p1a: Farigiraf\n|-damage|p1a: Farigiraf|47/100\n|-unboost|p2b: Natalia|def|1\n|-unboost|p2b: Natalia|spd|1\n|-enditem|p1a: Farigiraf|Sitrus Berry|[eat]\n|-heal|p1a: Farigiraf|72/100|[from] item: Sitrus Berry\n|move|p1a: Farigiraf|Psyshock|p2b: Natalia\n|-supereffective|p2b: Natalia|2\n|-damage|p2b: Natalia|0 fnt\n|faint|p2b: Natalia\n|\n|upkeep\n|turn|6\n|\n|t:|1776313281\n|move|p2a: Hanzo|Aqua Jet||[still]\n|cant|p1a: Farigiraf|ability: Armor Tail|Aqua Jet|[of] p2a: Hanzo\n|move|p1a: Farigiraf|Psyshock|p2a: Hanzo\n|-damage|p2a: Hanzo|56/100\n|\n|upkeep\n|turn|7\n|-message|rexoguns forfeited.\n|\n|win|ScribbleScribble\n|raw|ScribbleScribble's rating: 1661 &rarr; <strong>1677</strong><br />(+16 for winning)\n|raw|rexoguns's rating: 1589 &rarr; <strong>1573</strong><br />(-16 for losing)\n|l|\u2606rexoguns\n|player|p2|\n",
  "uploadtime": 1776313293,
  "views": 183,
  "formatid": "gen9championsvgc2026regma",
  "rating": 1573,
  "private": 0,
  "password": null
}