{
  "id": "gen9championsvgc2026regma-2587980002",
  "format": "[Gen 9 Champions] VGC 2026 Reg M-A",
  "players": [
    "evokenz",
    "Matti020202020202"
  ],
  "log": "|j|\u2606evokenz\n|j|\u2606Matti020202020202\n|t:|1776588068\n|gametype|doubles\n|player|p1|evokenz|170|1102\n|player|p2|Matti020202020202|265|1000\n|gen|9\n|tier|[Gen 9 Champions] VGC 2026 Reg M-A\n|rated|\n|rule|Species Clause: Limit one of each Pok\u00e9mon\n|rule|Item Clause: Limit 1 of each item\n|clearpoke\n|poke|p1|Gengar, L50, F|\n|poke|p1|Kingambit, L50, F|\n|poke|p1|Talonflame, L50, F, shiny|\n|poke|p1|Blastoise, L50, M|\n|poke|p1|Sinistcha, L50|\n|poke|p1|Arcanine-Hisui, L50, M|\n|poke|p2|Gengar, L50, F|\n|poke|p2|Incineroar, L50, M, shiny|\n|poke|p2|Garchomp, L50, M|\n|poke|p2|Whimsicott, L50, M|\n|poke|p2|Basculegion, L50, M|\n|poke|p2|Sneasler, L50, F|\n|teampreview|4\n|inactive|Battle timer is ON: inactive players will automatically lose when time's up. (requested by evokenz)\n|\n|t:|1776588098\n|teamsize|p1|4\n|teamsize|p2|4\n|start\n|switch|p1a: Gengar|Gengar, L50, F|100/100\n|switch|p1b: Blastoise|Blastoise, L50, M|100/100\n|switch|p2a: Garchomp|Garchomp, L50, M|100/100\n|switch|p2b: Whimsicott|Whimsicott, L50, M|100/100\n|turn|1\n|\n|t:|1776588114\n|detailschange|p1b: Blastoise|Blastoise-Mega, L50, M\n|-mega|p1b: Blastoise|Blastoise|Blastoisinite\n|move|p2b: Whimsicott|Tailwind|p2b: Whimsicott\n|-sidestart|p2: Matti020202020202|move: Tailwind\n|move|p2a: Garchomp|Rock Slide|p1b: Blastoise|[spread] p1a,p1b\n|-damage|p1a: Gengar|55/100\n|-damage|p1b: Blastoise|83/100\n|cant|p1a: Gengar|flinch\n|cant|p1b: Blastoise|flinch\n|\n|upkeep\n|turn|2\n|\n|t:|1776588135\n|move|p1b: Blastoise|Protect|p1b: Blastoise\n|-singleturn|p1b: Blastoise|Protect\n|move|p2b: Whimsicott|Light Screen|p2b: Whimsicott\n|-sidestart|p2: Matti020202020202|move: Light Screen\n|move|p2a: Garchomp|Rock Slide|p1a: Gengar|[spread] p1a\n|-activate|p1b: Blastoise|move: Protect\n|-damage|p1a: Gengar|9/100\n|cant|p1a: Gengar|flinch\n|\n|upkeep\n|turn|3\n|\n|t:|1776588159\n|switch|p1a: Sinistcha|Sinistcha, L50|100/100\n|-heal|p1b: Blastoise|100/100|[from] ability: Hospitality|[of] p1a: Sinistcha\n|move|p1b: Blastoise|Protect||[still]\n|-fail|p1b: Blastoise\n|move|p2b: Whimsicott|Moonblast|p1b: Blastoise\n|-damage|p1b: Blastoise|68/100\n|move|p2a: Garchomp|Rock Slide|p1b: Blastoise|[spread] p1a,p1b\n|-damage|p1a: Sinistcha|85/100\n|-damage|p1b: Blastoise|49/100\n|\n|upkeep\n|turn|4\n|inactive|evokenz has 30 seconds left.\n|\n|t:|1776588184\n|switch|p2b: Incineroar|Incineroar, L50, M, shiny|100/100\n|-ability|p2b: Incineroar|Intimidate|boost\n|-unboost|p1a: Sinistcha|atk|1\n|-unboost|p1b: Blastoise|atk|1\n|move|p1b: Blastoise|Protect|p1b: Blastoise\n|-singleturn|p1b: Blastoise|Protect\n|move|p2a: Garchomp|Rock Slide|p1b: Blastoise|[spread] p1a\n|-activate|p1b: Blastoise|move: Protect\n|-damage|p1a: Sinistcha|69/100\n|move|p1a: Sinistcha|Life Dew|p1a: Sinistcha|[spread] p1a,p1b\n|-heal|p1a: Sinistcha|94/100\n|-heal|p1b: Blastoise|74/100\n|\n|-sideend|p2: Matti020202020202|move: Tailwind\n|upkeep\n|turn|5\n|l|\u2606Matti020202020202\n|inactive|Matti020202020202 disconnected and has a minute to reconnect!\n|player|p2|\n|inactive|evokenz has 30 seconds left.\n|inactive|Matti020202020202 has 30 seconds left.\n|j|\u2606Matti020202020202\n|inactive|Matti020202020202 reconnected and has 30 seconds left.\n|player|p2|Matti020202020202|265|\n|inactive|Matti020202020202 has 20 seconds left.\n|\n|t:|1776588224\n|switch|p1b: Gengar|Gengar, L50, F|9/100\n|move|p2b: Incineroar|Fake Out|p1b: Gengar\n|-immune|p1b: Gengar\n|move|p2a: Garchomp|Dragon Claw|p1b: Gengar\n|-damage|p1b: Gengar|0 fnt\n|faint|p1b: Gengar\n|move|p1a: Sinistcha|Matcha Gotcha|p2b: Incineroar|[spread] p2a,p2b\n|-resisted|p2b: Incineroar|1\n|-damage|p2a: Garchomp|83/100\n|-heal|p1a: Sinistcha|100/100|[from] drain|[of] p2a: Garchomp\n|-damage|p2b: Incineroar|91/100\n|\n|upkeep\n|\n|t:|1776588238\n|switch|p1b: Blastoise|Blastoise-Mega, L50, M|74/100\n|turn|6\n|\n|t:|1776588257\n|move|p2a: Garchomp|Dragon Claw|p1b: Blastoise\n|-damage|p1b: Blastoise|38/100\n|move|p1b: Blastoise|Aura Sphere|p2b: Incineroar\n|-supereffective|p2b: Incineroar|1\n|-damage|p2b: Incineroar|25/100\n|-enditem|p2b: Incineroar|Sitrus Berry|[eat]\n|-heal|p2b: Incineroar|49/100|[from] item: Sitrus Berry\n|move|p2b: Incineroar|Parting Shot|p1b: Blastoise\n|-unboost|p1b: Blastoise|atk|1\n|-unboost|p1b: Blastoise|spa|1\n|\n|t:|1776588268\n|switch|p2b: Whimsicott|Whimsicott, L50, M|100/100|[from] Parting Shot\n|move|p1a: Sinistcha|Trick Room|p1a: Sinistcha\n|-fieldstart|move: Trick Room|[of] p1a: Sinistcha\n|\n|-sideend|p2: Matti020202020202|move: Light Screen\n|upkeep\n|turn|7\n|\n|t:|1776588278\n|move|p2a: Garchomp|Protect|p2a: Garchomp\n|-singleturn|p2a: Garchomp|Protect\n|move|p2b: Whimsicott|Light Screen|p2b: Whimsicott\n|-sidestart|p2: Matti020202020202|move: Light Screen\n|move|p1a: Sinistcha|Life Dew||[still]|[spread] p1a,p1b\n|-fail|p1a: Sinistcha|heal\n|-heal|p1b: Blastoise|63/100\n|move|p1b: Blastoise|Water Spout|p2a: Garchomp|[spread] p2b\n|-activate|p2a: Garchomp|move: Protect\n|-resisted|p2b: Whimsicott|1\n|-damage|p2b: Whimsicott|86/100\n|\n|upkeep\n|turn|8\n|\n|t:|1776588297\n|move|p1a: Sinistcha|Life Dew||[still]|[spread] p1a,p1b\n|-fail|p1a: Sinistcha|heal\n|-heal|p1b: Blastoise|88/100\n|move|p1b: Blastoise|Water Spout|p2b: Whimsicott|[spread] p2a,p2b\n|-resisted|p2b: Whimsicott|1\n|-damage|p2a: Garchomp|53/100\n|-damage|p2b: Whimsicott|65/100\n|move|p2a: Garchomp|Dragon Claw|p1a: Sinistcha\n|-damage|p1a: Sinistcha|62/100\n|move|p2b: Whimsicott|Moonblast|p1a: Sinistcha\n|-damage|p1a: Sinistcha|31/100\n|-enditem|p1a: Sinistcha|Sitrus Berry|[eat]\n|-heal|p1a: Sinistcha|56/100|[from] item: Sitrus Berry\n|\n|upkeep\n|turn|9\n|\n|t:|1776588314\n|move|p1a: Sinistcha|Life Dew|p1a: Sinistcha|[spread] p1a,p1b\n|-heal|p1a: Sinistcha|81/100\n|-heal|p1b: Blastoise|100/100\n|move|p1b: Blastoise|Water Spout|p2a: Garchomp|[spread] p2a,p2b\n|-resisted|p2b: Whimsicott|1\n|-damage|p2a: Garchomp|18/100\n|-damage|p2b: Whimsicott|39/100\n|move|p2a: Garchomp|Dragon Claw|p1b: Blastoise\n|-damage|p1b: Blastoise|65/100\n|move|p2b: Whimsicott|Moonblast|p1b: Blastoise\n|-damage|p1b: Blastoise|32/100\n|\n|upkeep\n|turn|10\n|inactive|evokenz has 30 seconds left.\n|\n|t:|1776588341\n|switch|p1b: Kingambit|Kingambit, L50, F|100/100\n|move|p2b: Whimsicott|Protect|p2b: Whimsicott\n|-singleturn|p2b: Whimsicott|Protect\n|move|p2a: Garchomp|Protect|p2a: Garchomp\n|-singleturn|p2a: Garchomp|Protect\n|move|p1a: Sinistcha|Matcha Gotcha|p2a: Garchomp|[spread] \n|-activate|p2a: Garchomp|move: Protect\n|-activate|p2b: Whimsicott|move: Protect\n|\n|-fieldend|move: Trick Room\n|upkeep\n|turn|11\n|inactive|evokenz has 30 seconds left.\n|\n|t:|1776588368\n|move|p1a: Sinistcha|Rage Powder|p1a: Sinistcha\n|-singleturn|p1a: Sinistcha|move: Rage Powder\n|move|p2b: Whimsicott|Moonblast|p1a: Sinistcha\n|-crit|p1a: Sinistcha\n|-damage|p1a: Sinistcha|36/100\n|move|p2a: Garchomp|Dragon Claw|p1a: Sinistcha\n|-damage|p1a: Sinistcha|0 fnt\n|faint|p1a: Sinistcha\n|move|p1b: Kingambit|Iron Head|p2a: Garchomp\n|-damage|p2a: Garchomp|0 fnt\n|-damage|p1b: Kingambit|88/100|[from] ability: Rough Skin|[of] p2a: Garchomp\n|faint|p2a: Garchomp\n|\n|-sideend|p2: Matti020202020202|move: Light Screen\n|upkeep\n|\n|t:|1776588381\n|switch|p2a: Gengar|Gengar, L50, F|100/100\n|switch|p1a: Blastoise|Blastoise-Mega, L50, M|32/100\n|turn|12\n|\n|t:|1776588406\n|detailschange|p2a: Gengar|Gengar-Mega, L50, F\n|-mega|p2a: Gengar|Gengar|Gengarite\n|move|p1b: Kingambit|Sucker Punch|p2a: Gengar\n|-supereffective|p2a: Gengar|1\n|-damage|p2a: Gengar|0 fnt\n|faint|p2a: Gengar\n|move|p2b: Whimsicott|Moonblast|p1b: Kingambit\n|-damage|p1b: Kingambit|54/100\n|move|p1a: Blastoise|Dark Pulse|p2b: Whimsicott\n|-resisted|p2b: Whimsicott|1\n|-damage|p2b: Whimsicott|0 fnt\n|faint|p2b: Whimsicott\n|\n|upkeep\n|\n|t:|1776588417\n|switch|p2b: Incineroar|Incineroar, L50, M, shiny|49/100\n|-ability|p2b: Incineroar|Intimidate|boost\n|-unboost|p1a: Blastoise|atk|1\n|-unboost|p1b: Kingambit|atk|1\n|-ability|p1b: Kingambit|Defiant|boost\n|-boost|p1b: Kingambit|atk|2\n|turn|13\n|\n|t:|1776588424\n|move|p1a: Blastoise|Protect|p1a: Blastoise\n|-singleturn|p1a: Blastoise|Protect\n|move|p1b: Kingambit|Protect|p1b: Kingambit\n|-singleturn|p1b: Kingambit|Protect\n|move|p2b: Incineroar|Flare Blitz|p1b: Kingambit\n|-activate|p1b: Kingambit|move: Protect\n|\n|upkeep\n|turn|14\n|\n|t:|1776588434\n|move|p1a: Blastoise|Aura Sphere|p2b: Incineroar\n|-supereffective|p2b: Incineroar|1\n|-damage|p2b: Incineroar|0 fnt\n|faint|p2b: Incineroar\n|\n|win|evokenz\n|raw|evokenz's rating: 1102 &rarr; <strong>1120</strong><br />(+18 for winning)\n|raw|Matti020202020202's rating: 1000 &rarr; <strong>1000</strong><br />(+0 for losing)\n",
  "uploadtime": 1776588435,
  "views": 10,
  "formatid": "gen9championsvgc2026regma",
  "rating": 1000,
  "private": 0,
  "password": null
}