{
  "id": "gen9championsvgc2026regma-2585205160",
  "format": "[Gen 9 Champions] VGC 2026 Reg M-A",
  "players": [
    "gelo333",
    "Ampao"
  ],
  "log": "|j|\u2606gelo333\n|j|\u2606Ampao\n|t:|1776324763\n|gametype|doubles\n|player|p1|gelo333|steven|\n|player|p2|Ampao|170|\n|gen|9\n|tier|[Gen 9 Champions] VGC 2026 Reg M-A\n|rule|Species Clause: Limit one of each Pok\u00e9mon\n|rule|Item Clause: Limit 1 of each item\n|clearpoke\n|poke|p1|Basculegion, L50, M|\n|poke|p1|Pelipper, L50, M|\n|poke|p1|Sinistcha-Masterpiece, L50|\n|poke|p1|Sneasler, L50, F|\n|poke|p1|Dragonite, L50, M|\n|poke|p1|Floette-Eternal, L50, F|\n|poke|p2|Golurk, L50|\n|poke|p2|Hatterene, L50, F|\n|poke|p2|Mimikyu, L50, F|\n|poke|p2|Farigiraf, L50, F|\n|poke|p2|Aerodactyl, L50, M|\n|poke|p2|Tinkaton, L50, F|\n|teampreview|4\n|inactive|Battle timer is ON: inactive players will automatically lose when time's up. (requested by gelo333)\ngelo333 rejected open team sheets.\n|\n|t:|1776324791\n|teamsize|p1|4\n|teamsize|p2|4\n|start\n|switch|p1a: Sneasler|Sneasler, L50, F|100/100\n|switch|p1b: Basculegion|Basculegion, L50, M, shiny|100/100\n|switch|p2a: Hatterene|Hatterene, L50, F|100/100\n|switch|p2b: Farigiraf|Farigiraf, L50, F|100/100\n|turn|1\n|inactive|gelo333 has 30 seconds left.\n|\n|t:|1776324825\n|move|p2a: Hatterene|Protect|p2a: Hatterene\n|-singleturn|p2a: Hatterene|Protect\n|move|p1b: Basculegion|Last Respects|p2a: Hatterene\n|-activate|p2a: Hatterene|move: Protect\n|move|p1a: Sneasler|Dire Claw|p2a: Hatterene\n|-activate|p2a: Hatterene|move: Protect\n|move|p2b: Farigiraf|Trick Room|p2b: Farigiraf\n|-fieldstart|move: Trick Room|[of] p2b: Farigiraf\n|\n|upkeep\n|turn|2\n|\n|t:|1776324846\n|switch|p1b: Pelipper|Pelipper, L50, M|100/100\n|-weather|RainDance|[from] ability: Drizzle|[of] p1b: Pelipper\n|move|p1a: Sneasler|Protect|p1a: Sneasler\n|-singleturn|p1a: Sneasler|Protect\n|move|p2a: Hatterene|Expanding Force|p1a: Sneasler\n|-activate|p1a: Sneasler|move: Protect\n|move|p2b: Farigiraf|Psychic Terrain|p2b: Farigiraf\n|-fieldstart|move: Psychic Terrain\n|\n|-weather|RainDance|[upkeep]\n|upkeep\n|turn|3\n|\n|t:|1776324862\n|move|p1b: Pelipper|Wide Guard|p1b: Pelipper\n|-singleturn|p1b: Pelipper|Wide Guard\n|move|p2a: Hatterene|Expanding Force|p1a: Sneasler|[spread] \n|-activate|p1a: Sneasler|move: Wide Guard\n|-activate|p1b: Pelipper|move: Wide Guard\n|move|p2b: Farigiraf|Expanding Force|p1b: Pelipper|[spread] \n|-activate|p1a: Sneasler|move: Wide Guard\n|-activate|p1b: Pelipper|move: Wide Guard\n|move|p1a: Sneasler|Dire Claw|p2a: Hatterene\n|-supereffective|p2a: Hatterene|1\n|-damage|p2a: Hatterene|0 fnt\n|faint|p2a: Hatterene\n|\n|-weather|RainDance|[upkeep]\n|upkeep\n|\n|t:|1776324866\n|switch|p2a: Golurk|Golurk, L50|100/100\n|turn|4\n|c|\u2606gelo333|Oooo killem\n|\n|t:|1776324882\n|detailschange|p2a: Golurk|Golurk-Mega, L50\n|-mega|p2a: Golurk|Golurk|Golurkite\n|move|p1a: Sneasler|Protect|p1a: Sneasler\n|-singleturn|p1a: Sneasler|Protect\n|move|p2a: Golurk|Close Combat|p1a: Sneasler\n|-resisted|p1a: Sneasler|1\n|-ability|p2a: Golurk|Unseen Fist\n|-zbroken|p1a: Sneasler\n|-damage|p1a: Sneasler|89/100\n|-unboost|p2a: Golurk|def|1\n|-unboost|p2a: Golurk|spd|1\n|move|p2b: Farigiraf|Expanding Force|p1b: Pelipper|[spread] p1b\n|-activate|p1a: Sneasler|move: Protect\n|-damage|p1b: Pelipper|25/100\n|move|p1b: Pelipper|Weather Ball|p2a: Golurk\n|-supereffective|p2a: Golurk|1\n|-damage|p2a: Golurk|0 fnt\n|faint|p2a: Golurk\n|\n|-weather|RainDance|[upkeep]\n|upkeep\n|\n|t:|1776324897\n|switch|p2a: Mimikyu|Mimikyu, L50, F|100/100\n|turn|5\n|\n|t:|1776324919\n|move|p2b: Farigiraf|Helping Hand|p2a: Mimikyu\n|-singleturn|p2a: Mimikyu|Helping Hand|[of] p2b: Farigiraf\n|move|p2a: Mimikyu|Play Rough|p1a: Sneasler|[miss]\n|-miss|p2a: Mimikyu|p1a: Sneasler\n|move|p1b: Pelipper|Hurricane|p2a: Mimikyu\n|-activate|p2a: Mimikyu|ability: Disguise\n|-damage|p2a: Mimikyu|100/100\n|detailschange|p2a: Mimikyu|Mimikyu-Busted, L50, F\n|-damage|p2a: Mimikyu|88/100|[from] pokemon: Mimikyu-Busted\n|move|p1a: Sneasler|Dire Claw|p2a: Mimikyu\n|-damage|p2a: Mimikyu|28/100\n|\n|-weather|RainDance|[upkeep]\n|-fieldend|move: Trick Room\n|upkeep\n|turn|6\n|inactive|gelo333 has 30 seconds left.\n|\n|t:|1776324945\n|move|p2a: Mimikyu|Protect|p2a: Mimikyu\n|-singleturn|p2a: Mimikyu|Protect\n|move|p1a: Sneasler|Dire Claw|p2b: Farigiraf\n|-damage|p2b: Farigiraf|66/100\n|move|p1b: Pelipper|Hurricane|p2b: Farigiraf\n|-damage|p2b: Farigiraf|19/100\n|-start|p2b: Farigiraf|confusion\n|-activate|p2b: Farigiraf|confusion\n|-damage|p2b: Farigiraf|12/100|[from] confusion\n|\n|-weather|none\n|-heal|p2b: Farigiraf|19/100|[from] item: Leftovers\n|-fieldend|move: Psychic Terrain\n|upkeep\n|turn|7\n|c|\u2606gelo333|HAHAHAHAH\n|c|\u2606Ampao|gg\n|-message|Ampao forfeited.\n|\n|win|gelo333\n|l|\u2606Ampao\n|player|p2|\n|c|\u2606gelo333|Rm?\n",
  "uploadtime": 1776324969,
  "views": 26,
  "formatid": "gen9championsvgc2026regma",
  "rating": null,
  "private": 0,
  "password": null
}