{
  "id": "gen9championsvgc2026regma-2584925670",
  "format": "[Gen 9 Champions] VGC 2026 Reg M-A",
  "players": [
    "Glup Skiddo",
    "Crack4321"
  ],
  "log": "|j|\u2606Glup Skiddo\n|j|\u2606Crack4321\n|t:|1776295116\n|gametype|doubles\n|player|p1|Glup Skiddo|265|1251\n|player|p2|Crack4321|lucas|1261\n|gen|9\n|tier|[Gen 9 Champions] VGC 2026 Reg M-A\n|rated|\n|rule|Species Clause: Limit one of each Pok\u00e9mon\n|rule|Item Clause: Limit 1 of each item\n|clearpoke\n|poke|p1|Gengar, L50, M|\n|poke|p1|Vivillon-Pokeball, L50, M|\n|poke|p1|Incineroar, L50, F|\n|poke|p1|Politoed, L50, M|\n|poke|p1|Archaludon, L50, M|\n|poke|p1|Sylveon, L50, M|\n|poke|p2|Floette-Eternal, L50, F|\n|poke|p2|Pelipper, L50, F|\n|poke|p2|Incineroar, L50, F|\n|poke|p2|Archaludon, L50, M|\n|poke|p2|Sinistcha, L50|\n|poke|p2|Garchomp, L50, F|\n|teampreview|4\n|inactive|Battle timer is ON: inactive players will automatically lose when time's up. (requested by Crack4321)\n|\n|t:|1776295146\n|teamsize|p1|4\n|teamsize|p2|4\n|start\n|switch|p1a: Incineroar|Incineroar, L50, F|100/100\n|switch|p1b: Vivillon|Vivillon-Pokeball, L50, M|100/100\n|switch|p2a: Archaludon|Archaludon, L50, M|100/100\n|switch|p2b: Garchomp|Garchomp, L50, F|100/100\n|-ability|p1a: Incineroar|Intimidate|boost\n|-unboost|p2a: Archaludon|atk|1\n|-unboost|p2b: Garchomp|atk|1\n|turn|1\n|\n|t:|1776295164\n|move|p1a: Incineroar|Fake Out|p2b: Garchomp\n|-damage|p2b: Garchomp|91/100\n|-damage|p1a: Incineroar|88/100|[from] ability: Rough Skin|[of] p2b: Garchomp\n|cant|p2b: Garchomp|flinch\n|move|p1b: Vivillon|Sleep Powder|p2b: Garchomp\n|-status|p2b: Garchomp|slp|[from] move: Sleep Powder\n|move|p2a: Archaludon|Light Screen|p2a: Archaludon\n|-sidestart|p2: Crack4321|move: Light Screen\n|\n|upkeep\n|turn|2\n|\n|t:|1776295181\n|switch|p2b: Pelipper|Pelipper, L50, F|100/100\n|-weather|RainDance|[from] ability: Drizzle|[of] p2b: Pelipper\n|move|p1b: Vivillon|Sleep Powder|p2a: Archaludon\n|-status|p2a: Archaludon|slp|[from] move: Sleep Powder\n|cant|p2a: Archaludon|slp\n|move|p1a: Incineroar|Parting Shot|p2b: Pelipper\n|-unboost|p2b: Pelipper|atk|1\n|-unboost|p2b: Pelipper|spa|1\n|\n|t:|1776295191\n|switch|p1a: Gengar|Gengar, L50, M|100/100|[from] Parting Shot\n|\n|-weather|RainDance|[upkeep]\n|upkeep\n|turn|3\n|\n|t:|1776295203\n|switch|p2b: Sinistcha|Sinistcha, L50|100/100\n|detailschange|p1a: Gengar|Gengar-Mega, L50, M\n|-mega|p1a: Gengar|Gengar|Gengarite\n|move|p1a: Gengar|Perish Song|p1a: Gengar\n|-start|p1a: Gengar|perish3|[silent]\n|-start|p1b: Vivillon|perish3|[silent]\n|-start|p2a: Archaludon|perish3|[silent]\n|-start|p2b: Sinistcha|perish3|[silent]\n|-fieldactivate|move: Perish Song\n|move|p1b: Vivillon|Sleep Powder|p2b: Sinistcha\n|-immune|p2b: Sinistcha\n|-curestatus|p2a: Archaludon|slp|[msg]\n|move|p2a: Archaludon|Electro Shot||[still]\n|-prepare|p2a: Archaludon|Electro Shot\n|-boost|p2a: Archaludon|spa|1\n|-anim|p2a: Archaludon|Electro Shot|p1b: Vivillon\n|-supereffective|p1b: Vivillon|1\n|-enditem|p1b: Vivillon|Focus Sash\n|-damage|p1b: Vivillon|1/100\n|\n|-weather|RainDance|[upkeep]\n|-start|p1a: Gengar|perish3\n|-start|p1b: Vivillon|perish3\n|-start|p2a: Archaludon|perish3\n|-start|p2b: Sinistcha|perish3\n|upkeep\n|turn|4\n|inactive|Crack4321 has 30 seconds left.\n|\n|t:|1776295235\n|move|p1b: Vivillon|Protect|p1b: Vivillon\n|-singleturn|p1b: Vivillon|Protect\n|move|p1a: Gengar|Substitute|p1a: Gengar\n|-start|p1a: Gengar|Substitute\n|-damage|p1a: Gengar|76/100\n|move|p2a: Archaludon|Draco Meteor|p1a: Gengar\n|-end|p1a: Gengar|Substitute\n|-unboost|p2a: Archaludon|spa|2\n|move|p2b: Sinistcha|Matcha Gotcha|p1a: Gengar|[spread] p1a\n|-activate|p1b: Vivillon|move: Protect\n|-resisted|p1a: Gengar|1\n|-damage|p1a: Gengar|61/100\n|\n|-weather|RainDance|[upkeep]\n|-start|p1a: Gengar|perish2\n|-start|p1b: Vivillon|perish2\n|-start|p2a: Archaludon|perish2\n|-start|p2b: Sinistcha|perish2\n|upkeep\n|turn|5\n|inactive|Crack4321 has 30 seconds left.\n|\n|t:|1776295263\n|move|p1a: Gengar|Protect|p1a: Gengar\n|-singleturn|p1a: Gengar|Protect\n|move|p1b: Vivillon|U-turn|p2a: Archaludon\n|-resisted|p2a: Archaludon|1\n|-damage|p2a: Archaludon|96/100\n|-ability|p2a: Archaludon|Stamina|boost\n|-boost|p2a: Archaludon|def|1\n|\n|t:|1776295270\n|switch|p1b: Incineroar|Incineroar, L50, F|88/100|[from] U-turn\n|-ability|p1b: Incineroar|Intimidate|boost\n|-unboost|p2a: Archaludon|atk|1\n|-unboost|p2b: Sinistcha|atk|1\n|move|p2a: Archaludon|Electro Shot||[still]\n|-prepare|p2a: Archaludon|Electro Shot\n|-boost|p2a: Archaludon|spa|1\n|-anim|p2a: Archaludon|Electro Shot|p1a: Gengar\n|-activate|p1a: Gengar|move: Protect\n|move|p2b: Sinistcha|Matcha Gotcha|p1b: Incineroar|[spread] p1b\n|-activate|p1a: Gengar|move: Protect\n|-resisted|p1b: Incineroar|1\n|-damage|p1b: Incineroar|78/100\n|\n|-weather|RainDance|[upkeep]\n|-start|p1a: Gengar|perish1\n|-start|p2a: Archaludon|perish1\n|-start|p2b: Sinistcha|perish1\n|-sideend|p2: Crack4321|move: Light Screen\n|upkeep\n|turn|6\n|inactive|Glup Skiddo has 30 seconds left.\n|inactive|Crack4321 has 30 seconds left.\n|inactive|Crack4321 has 20 seconds left.\n|inactive|Crack4321 has 15 seconds left.\n|\n|t:|1776295313\n|switch|p1a: Vivillon|Vivillon-Pokeball, L50, M|1/100\n|move|p1b: Incineroar|Fake Out|p2a: Archaludon\n|-resisted|p2a: Archaludon|1\n|-damage|p2a: Archaludon|93/100\n|-ability|p2a: Archaludon|Stamina|boost\n|-boost|p2a: Archaludon|def|1\n|move|p2b: Sinistcha|Rage Powder|p2b: Sinistcha\n|-singleturn|p2b: Sinistcha|move: Rage Powder\n|cant|p2a: Archaludon|flinch\n|\n|-weather|none\n|-start|p2a: Archaludon|perish0\n|-start|p2b: Sinistcha|perish0\n|upkeep\n|faint|p2a: Archaludon\n|faint|p2b: Sinistcha\n|\n|t:|1776295326\n|switch|p2a: Pelipper|Pelipper, L50, F|100/100\n|switch|p2b: Garchomp|Garchomp, L50, F|91/100 slp\n|-weather|RainDance|[from] ability: Drizzle|[of] p2a: Pelipper\n|turn|7\n|\n|t:|1776295338\n|move|p2a: Pelipper|Protect|p2a: Pelipper\n|-singleturn|p2a: Pelipper|Protect\n|cant|p2b: Garchomp|slp\n|move|p1a: Vivillon|Sleep Powder|p2a: Pelipper\n|-activate|p2a: Pelipper|move: Protect\n|move|p1b: Incineroar|Parting Shot|p2b: Garchomp\n|-unboost|p2b: Garchomp|atk|1\n|-unboost|p2b: Garchomp|spa|1\n|\n|t:|1776295341\n|switch|p1b: Gengar|Gengar-Mega, L50, M|61/100|[from] Parting Shot\n|\n|-weather|RainDance|[upkeep]\n|upkeep\n|turn|8\n|c|\u2606Glup Skiddo|gg\n|\n|t:|1776295355\n|move|p1a: Vivillon|Protect|p1a: Vivillon\n|-singleturn|p1a: Vivillon|Protect\n|cant|p2b: Garchomp|slp\n|move|p1b: Gengar|Perish Song|p1b: Gengar\n|-start|p1a: Vivillon|perish3|[silent]\n|-start|p1b: Gengar|perish3|[silent]\n|-start|p2a: Pelipper|perish3|[silent]\n|-start|p2b: Garchomp|perish3|[silent]\n|-fieldactivate|move: Perish Song\n|move|p2a: Pelipper|Tailwind|p2a: Pelipper\n|-sidestart|p2: Crack4321|move: Tailwind\n|\n|-weather|RainDance|[upkeep]\n|-start|p2b: Garchomp|perish3\n|-start|p1b: Gengar|perish3\n|-start|p2a: Pelipper|perish3\n|-start|p1a: Vivillon|perish3\n|upkeep\n|turn|9\n|\n|t:|1776295378\n|switch|p1a: Incineroar|Incineroar, L50, F|78/100\n|-ability|p1a: Incineroar|Intimidate|boost\n|-unboost|p2a: Pelipper|atk|1\n|-unboost|p2b: Garchomp|atk|1\n|move|p1b: Gengar|Protect|p1b: Gengar\n|-singleturn|p1b: Gengar|Protect\n|move|p2a: Pelipper|Protect|p2a: Pelipper\n|-singleturn|p2a: Pelipper|Protect\n|-curestatus|p2b: Garchomp|slp|[msg]\n|move|p2b: Garchomp|Rock Slide|p1b: Gengar|[spread] p1a\n|-activate|p1b: Gengar|move: Protect\n|-supereffective|p1a: Incineroar|1\n|-damage|p1a: Incineroar|62/100\n|\n|-weather|RainDance|[upkeep]\n|-start|p2b: Garchomp|perish2\n|-start|p1b: Gengar|perish2\n|-start|p2a: Pelipper|perish2\n|upkeep\n|turn|10\n|\n|t:|1776295400\n|move|p1a: Incineroar|Fake Out|p2a: Pelipper\n|-damage|p2a: Pelipper|91/100\n|move|p2b: Garchomp|Rock Slide|p1b: Gengar|[spread] p1a,p1b\n|-supereffective|p1a: Incineroar|1\n|-damage|p1a: Incineroar|48/100\n|-damage|p1b: Gengar|49/100\n|-enditem|p1a: Incineroar|Sitrus Berry|[eat]\n|-heal|p1a: Incineroar|73/100|[from] item: Sitrus Berry\n|cant|p1b: Gengar|flinch\n|cant|p2a: Pelipper|flinch\n|\n|-weather|RainDance|[upkeep]\n|-start|p2b: Garchomp|perish1\n|-start|p1b: Gengar|perish1\n|-start|p2a: Pelipper|perish1\n|upkeep\n|turn|11\n|-message|Crack4321 forfeited.\n|\n|win|Glup Skiddo\n|raw|Glup Skiddo's rating: 1251 &rarr; <strong>1277</strong><br />(+26 for winning)\n|raw|Crack4321's rating: 1261 &rarr; <strong>1235</strong><br />(-26 for losing)\n|l|\u2606Crack4321\n|player|p2|\n",
  "uploadtime": 1776295503,
  "views": 48,
  "formatid": "gen9championsvgc2026regma",
  "rating": 1235,
  "private": 0,
  "password": null
}