{
  "id": "gen9championsvgc2026regma-2586963359",
  "format": "[Gen 9 Champions] VGC 2026 Reg M-A",
  "players": [
    "ExDruidic",
    "Spgdd"
  ],
  "log": "|j|\u2606ExDruidic\n|j|\u2606Spgdd\n|t:|1776476141\n|gametype|doubles\n|player|p1|ExDruidic|marley|1048\n|player|p2|Spgdd|miku-water|1070\n|gen|9\n|tier|[Gen 9 Champions] VGC 2026 Reg M-A\n|rated|\n|rule|Species Clause: Limit one of each Pok\u00e9mon\n|rule|Item Clause: Limit 1 of each item\n|clearpoke\n|poke|p1|Gallade, L50, M|\n|poke|p1|Weavile, L50, F|\n|poke|p1|Chesnaught, L50, F|\n|poke|p1|Scizor, L50, F|\n|poke|p1|Farigiraf, L50, F|\n|poke|p1|Pelipper, L50, M|\n|poke|p2|Starmie, L50|\n|poke|p2|Meganium, L50, F|\n|poke|p2|Pelipper, L50, M|\n|poke|p2|Sableye, L50, M|\n|poke|p2|Garchomp, L50, M|\n|poke|p2|Archaludon, L50, M|\n|teampreview|4\n|inactive|Battle timer is ON: inactive players will automatically lose when time's up. (requested by ExDruidic)\n|inactive|Spgdd also wants the timer to be on.\n|\n|t:|1776476171\n|teamsize|p1|4\n|teamsize|p2|4\n|start\n|switch|p1a: Gallade|Gallade, L50, M, shiny|100/100\n|switch|p1b: Weavile|Weavile, L50, F|100/100\n|switch|p2a: Sableye|Sableye, L50, M, shiny|100/100\n|switch|p2b: Starmie|Starmie, L50, shiny|100/100\n|turn|1\n|\n|t:|1776476196\n|move|p2b: Starmie|Protect|p2b: Starmie\n|-singleturn|p2b: Starmie|Protect\n|move|p2a: Sableye|Confuse Ray|p1a: Gallade\n|-start|p1a: Gallade|confusion\n|-activate|p1a: Gallade|confusion\n|-damage|p1a: Gallade|78/100|[from] confusion\n|move|p1b: Weavile|Knock Off|p2b: Starmie\n|-activate|p2b: Starmie|move: Protect\n|\n|upkeep\n|turn|2\n|inactive|Spgdd has 30 seconds left.\n|inactive|Spgdd has 20 seconds left.\n|inactive|Spgdd has 15 seconds left.\n|inactive|Spgdd has 10 seconds left.\n|\n|t:|1776476242\n|detailschange|p2b: Starmie|Starmie-Mega, L50, shiny\n|-mega|p2b: Starmie|Starmie|Starminite\n|move|p2a: Sableye|Encore||[still]\n|-fail|p2a: Sableye\n|-activate|p1a: Gallade|confusion\n|-damage|p1a: Gallade|55/100|[from] confusion\n|move|p1b: Weavile|Knock Off|p2b: Starmie\n|-supereffective|p2b: Starmie|1\n|-damage|p2b: Starmie|22/100\n|move|p2b: Starmie|Liquidation|p1b: Weavile\n|-crit|p1b: Weavile\n|-enditem|p1b: Weavile|Focus Sash\n|-damage|p1b: Weavile|1/100\n|\n|upkeep\n|turn|3\n|inactive|Spgdd has 30 seconds left.\n|\n|t:|1776476272\n|move|p2b: Starmie|Aqua Jet|p1b: Weavile\n|-damage|p1b: Weavile|0 fnt\n|faint|p1b: Weavile\n|move|p2a: Sableye|Encore||[still]\n|-fail|p2a: Sableye\n|-end|p1a: Gallade|confusion\n|move|p1a: Gallade|Night Slash|p2b: Starmie\n|-supereffective|p2b: Starmie|1\n|-damage|p2b: Starmie|0 fnt\n|faint|p2b: Starmie\n|\n|upkeep\n|\n|t:|1776476286\n|switch|p1b: Farigiraf|Farigiraf, L50, F, shiny|100/100\n|switch|p2b: Archaludon|Archaludon, L50, M, shiny|100/100\n|turn|4\n|\n|t:|1776476306\n|switch|p2a: Garchomp|Garchomp, L50, M, shiny|100/100\n|move|p1a: Gallade|Night Slash|p2a: Garchomp\n|-damage|p2a: Garchomp|67/100\n|-damage|p1a: Gallade|43/100|[from] ability: Rough Skin|[of] p2a: Garchomp\n|move|p2b: Archaludon|Dragon Pulse|p1a: Gallade\n|-damage|p1a: Gallade|1/100\n|move|p1b: Farigiraf|Trick Room|p1b: Farigiraf\n|-fieldstart|move: Trick Room|[of] p1b: Farigiraf\n|\n|upkeep\n|turn|5\n|\n|t:|1776476327\n|move|p1b: Farigiraf|Dazzling Gleam|p2b: Archaludon|[spread] p2a,p2b\n|-supereffective|p2a: Garchomp|1\n|-damage|p2a: Garchomp|32/100\n|-damage|p2b: Archaludon|85/100\n|-ability|p2b: Archaludon|Stamina|boost\n|-boost|p2b: Archaludon|def|1\n|move|p2b: Archaludon|Dragon Pulse|p1b: Farigiraf\n|-damage|p1b: Farigiraf|63/100\n|move|p2a: Garchomp|Rock Slide|p1b: Farigiraf|[spread] p1a,p1b\n|-resisted|p1a: Gallade|1\n|-damage|p1a: Gallade|0 fnt\n|-damage|p1b: Farigiraf|44/100\n|faint|p1a: Gallade\n|-heal|p2a: Garchomp|35/100|[from] item: Shell Bell|[of] p1b: Farigiraf\n|\n|-heal|p1b: Farigiraf|50/100|[from] item: Leftovers\n|upkeep\n|\n|t:|1776476338\n|switch|p1a: Chesnaught|Chesnaught, L50, F|100/100\n|turn|6\n|inactive|Spgdd has 30 seconds left.\n|inactive|Spgdd has 20 seconds left.\n|inactive|Spgdd has 15 seconds left.\n|inactive|Spgdd has 10 seconds left.\n|inactive|Spgdd has 5 seconds left.\n|\n|t:|1776476391\n|detailschange|p1a: Chesnaught|Chesnaught-Mega, L50, F\n|-mega|p1a: Chesnaught|Chesnaught|Chesnaughtite\n|move|p1a: Chesnaught|Leech Seed|p2b: Archaludon\n|-start|p2b: Archaludon|move: Leech Seed\n|move|p1b: Farigiraf|Dazzling Gleam|p2a: Garchomp|[spread] p2a,p2b\n|-supereffective|p2a: Garchomp|1\n|-damage|p2a: Garchomp|0 fnt\n|-damage|p2b: Archaludon|69/100\n|-ability|p2b: Archaludon|Stamina|boost\n|-boost|p2b: Archaludon|def|1\n|faint|p2a: Garchomp\n|move|p2b: Archaludon|Dragon Pulse|p1b: Farigiraf\n|-damage|p1b: Farigiraf|17/100\n|\n|-heal|p1b: Farigiraf|23/100|[from] item: Leftovers\n|-damage|p2b: Archaludon|56/100|[from] Leech Seed|[of] p1a: Chesnaught\n|upkeep\n|\n|t:|1776476410\n|switch|p2a: Sableye|Sableye, L50, M, shiny|100/100\n|turn|7\n|\n|t:|1776476424\n|move|p2a: Sableye|Confuse Ray||[still]\n|cant|p1b: Farigiraf|ability: Armor Tail|Confuse Ray|[of] p2a: Sableye\n|move|p1a: Chesnaught|Leech Seed|p2a: Sableye\n|-start|p2a: Sableye|move: Leech Seed\n|move|p1b: Farigiraf|Dazzling Gleam|p2b: Archaludon|[spread] p2a,p2b\n|-supereffective|p2a: Sableye|1\n|-damage|p2a: Sableye|58/100\n|-damage|p2b: Archaludon|40/100\n|-ability|p2b: Archaludon|Stamina|boost\n|-boost|p2b: Archaludon|def|1\n|-enditem|p2b: Archaludon|Sitrus Berry|[eat]\n|-heal|p2b: Archaludon|64/100|[from] item: Sitrus Berry\n|move|p2b: Archaludon|Dragon Pulse|p1b: Farigiraf\n|-damage|p1b: Farigiraf|0 fnt\n|faint|p1b: Farigiraf\n|\n|-heal|p2a: Sableye|64/100|[from] item: Leftovers\n|-damage|p2a: Sableye|51/100|[from] Leech Seed|[of] p1a: Chesnaught\n|-damage|p2b: Archaludon|52/100|[from] Leech Seed|[of] p1a: Chesnaught\n|upkeep\n|turn|8\n|inactive|ExDruidic has 30 seconds left.\n|inactive|Spgdd has 30 seconds left.\n|\n|t:|1776476450\n|move|p2a: Sableye|Confuse Ray|p1a: Chesnaught\n|-start|p1a: Chesnaught|confusion\n|-activate|p1a: Chesnaught|confusion\n|-damage|p1a: Chesnaught|95/100|[from] confusion\n|move|p2b: Archaludon|Dragon Pulse|p1a: Chesnaught\n|-damage|p1a: Chesnaught|65/100\n|\n|-heal|p2a: Sableye|57/100|[from] item: Leftovers\n|-damage|p2a: Sableye|45/100|[from] Leech Seed|[of] p1a: Chesnaught\n|-heal|p1a: Chesnaught|75/100|[silent]\n|-damage|p2b: Archaludon|40/100|[from] Leech Seed|[of] p1a: Chesnaught\n|-heal|p1a: Chesnaught|87/100|[silent]\n|-fieldend|move: Trick Room\n|upkeep\n|turn|9\n|\n|t:|1776476470\n|move|p2a: Sableye|Encore|p1a: Chesnaught\n|-start|p1a: Chesnaught|Encore\n|move|p2b: Archaludon|Dragon Pulse|p1a: Chesnaught\n|-damage|p1a: Chesnaught|53/100\n|-end|p1a: Chesnaught|confusion\n|move|p1a: Chesnaught|Leech Seed||[still]\n|-fail|p1a: Chesnaught\n|\n|-heal|p2a: Sableye|51/100|[from] item: Leftovers\n|-damage|p2b: Archaludon|28/100|[from] Leech Seed|[of] p1a: Chesnaught\n|-heal|p1a: Chesnaught|66/100|[silent]\n|-damage|p2a: Sableye|39/100|[from] Leech Seed|[of] p1a: Chesnaught\n|-heal|p1a: Chesnaught|75/100|[silent]\n|upkeep\n|turn|10\n|\n|t:|1776476487\n|move|p2a: Sableye|Taunt|p1a: Chesnaught\n|-start|p1a: Chesnaught|move: Taunt\n|move|p2b: Archaludon|Dragon Pulse|p1a: Chesnaught\n|-damage|p1a: Chesnaught|41/100\n|cant|p1a: Chesnaught|move: Taunt|Leech Seed\n|\n|-heal|p2a: Sableye|44/100|[from] item: Leftovers\n|-damage|p2b: Archaludon|16/100|[from] Leech Seed|[of] p1a: Chesnaught\n|-heal|p1a: Chesnaught|53/100|[silent]\n|-damage|p2a: Sableye|32/100|[from] Leech Seed|[of] p1a: Chesnaught\n|-heal|p1a: Chesnaught|63/100|[silent]\n|upkeep\n|turn|11\n|\n|t:|1776476502\n|move|p2a: Sableye|Confuse Ray|p1a: Chesnaught\n|-start|p1a: Chesnaught|confusion\n|move|p2b: Archaludon|Dragon Pulse|p1a: Chesnaught\n|-damage|p1a: Chesnaught|31/100\n|-activate|p1a: Chesnaught|confusion\n|-activate|p1a: Chesnaught|move: Struggle\n|move|p1a: Chesnaught|Struggle|p2b: Archaludon\n|-damage|p2b: Archaludon|11/100\n|-ability|p2b: Archaludon|Stamina|boost\n|-boost|p2b: Archaludon|def|1\n|-damage|p1a: Chesnaught|6/100|[from] recoil\n|\n|-heal|p2a: Sableye|38/100|[from] item: Leftovers\n|-damage|p2b: Archaludon|0 fnt|[from] Leech Seed|[of] p1a: Chesnaught\n|-heal|p1a: Chesnaught|16/100|[silent]\n|faint|p2b: Archaludon\n|-damage|p2a: Sableye|26/100|[from] Leech Seed|[of] p1a: Chesnaught\n|-heal|p1a: Chesnaught|26/100|[silent]\n|-end|p1a: Chesnaught|Encore\n|upkeep\n|turn|12\n|\n|t:|1776476525\n|move|p2a: Sableye|Encore||[still]\n|-fail|p2a: Sableye\n|-activate|p1a: Chesnaught|confusion\n|move|p1a: Chesnaught|Earthquake|p2a: Sableye\n|-damage|p2a: Sableye|0 fnt\n|faint|p2a: Sableye\n|\n|win|ExDruidic\n|raw|ExDruidic's rating: 1048 &rarr; <strong>1083</strong><br />(+35 for winning)\n|raw|Spgdd's rating: 1070 &rarr; <strong>1048</strong><br />(-22 for losing)\n",
  "uploadtime": 1776476602,
  "views": 16,
  "formatid": "gen9championsvgc2026regma",
  "rating": 1048,
  "private": 0,
  "password": null
}