{
  "id": "gen9championsvgc2026regma-2582754881",
  "format": "[Gen 9 Champions] VGC 2026 Reg M-A",
  "players": [
    "classickcombo",
    "NotTheRealAdo"
  ],
  "log": "|j|\u2606classickcombo\n|j|\u2606NotTheRealAdo\n|t:|1776111817\n|gametype|doubles\n|player|p1|classickcombo|101|1129\n|player|p2|NotTheRealAdo|karen|1150\n|gen|9\n|tier|[Gen 9 Champions] VGC 2026 Reg M-A\n|rated|\n|rule|Species Clause: Limit one of each Pok\u00e9mon\n|rule|Item Clause: Limit 1 of each item\n|clearpoke\n|poke|p1|Pelipper, L50, M|\n|poke|p1|Archaludon, L50, M|\n|poke|p1|Basculegion, L50, M|\n|poke|p1|Greninja-*, L50, F|\n|poke|p1|Meganium, L50, F|\n|poke|p1|Sneasler, L50, M|\n|poke|p2|Floette-Eternal, L50, F|\n|poke|p2|Incineroar, L50, M|\n|poke|p2|Garchomp, L50, M|\n|poke|p2|Sneasler, L50, F|\n|poke|p2|Rotom-Wash, L50|\n|poke|p2|Aerodactyl, L50, F|\n|teampreview|4\n|\n|t:|1776111905\n|teamsize|p1|4\n|teamsize|p2|4\n|start\n|switch|p1a: Sneasler|Sneasler, L50, M|100/100\n|switch|p1b: Basculegion|Basculegion, L50, M|100/100\n|switch|p2a: Aerodactyl|Aerodactyl, L50, F|100/100\n|switch|p2b: Rotom|Rotom-Wash, L50|100/100\n|-ability|p2a: Aerodactyl|Unnerve\n|turn|1\n|\n|t:|1776111954\n|move|p1a: Sneasler|Protect|p1a: Sneasler\n|-singleturn|p1a: Sneasler|Protect\n|move|p2b: Rotom|Volt Switch|p1b: Basculegion\n|-supereffective|p1b: Basculegion|1\n|-damage|p1b: Basculegion|39/100\n|\n|t:|1776111966\n|switch|p2b: Sneasler|Sneasler, L50, F|100/100|[from] Volt Switch\n|move|p2a: Aerodactyl|Dual Wingbeat|p1a: Sneasler\n|-activate|p1a: Sneasler|move: Protect\n|move|p1b: Basculegion|Flip Turn|p2a: Aerodactyl\n|-supereffective|p2a: Aerodactyl|1\n|-enditem|p2a: Aerodactyl|Focus Sash\n|-damage|p2a: Aerodactyl|1/100\n|\n|t:|1776111981\n|switch|p1b: Pelipper|Pelipper, L50, M|100/100|[from] Flip Turn\n|-weather|RainDance|[from] ability: Drizzle|[of] p1b: Pelipper\n|\n|-weather|RainDance|[upkeep]\n|upkeep\n|turn|2\n|\n|t:|1776112004\n|switch|p1a: Greninja|Greninja, L50, F|100/100\n|move|p2b: Sneasler|Fake Out|p1b: Pelipper\n|-damage|p1b: Pelipper|82/100\n|move|p2a: Aerodactyl|Dual Wingbeat|p1a: Greninja|[miss]\n|-miss|p2a: Aerodactyl|p1a: Greninja\n|cant|p1b: Pelipper|flinch\n|\n|-weather|RainDance|[upkeep]\n|upkeep\n|turn|3\n|\n|t:|1776112048\n|switch|p1b: Basculegion|Basculegion, L50, M|39/100\n|detailschange|p1a: Greninja|Greninja-Mega, L50, F\n|-mega|p1a: Greninja|Greninja|Greninjite\n|move|p1a: Greninja|Ice Beam|p2b: Sneasler\n|-start|p1a: Greninja|typechange|Ice|[from] ability: Protean\n|-damage|p2b: Sneasler|35/100\n|move|p2a: Aerodactyl|Rock Slide|p1a: Greninja|[spread] p1a,p1b\n|-supereffective|p1a: Greninja|1\n|-damage|p1a: Greninja|27/100\n|-damage|p1b: Basculegion|8/100\n|move|p2b: Sneasler|Close Combat|p1a: Greninja\n|-supereffective|p1a: Greninja|1\n|-damage|p1a: Greninja|0 fnt\n|-unboost|p2b: Sneasler|def|1\n|-unboost|p2b: Sneasler|spd|1\n|faint|p1a: Greninja\n|\n|-weather|RainDance|[upkeep]\n|upkeep\n|\n|t:|1776112069\n|switch|p1a: Pelipper|Pelipper, L50, M|82/100\n|turn|4\n|\n|t:|1776112097\n|switch|p2a: Rotom|Rotom-Wash, L50|100/100\n|move|p2b: Sneasler|Protect|p2b: Sneasler\n|-singleturn|p2b: Sneasler|Protect\n|move|p1b: Basculegion|Aqua Jet|p2a: Rotom\n|-resisted|p2a: Rotom|1\n|-damage|p2a: Rotom|84/100\n|move|p1a: Pelipper|Hurricane|p2b: Sneasler\n|-activate|p2b: Sneasler|move: Protect\n|\n|-weather|RainDance|[upkeep]\n|upkeep\n|turn|5\n|\n|t:|1776112119\n|move|p1b: Basculegion|Aqua Jet|p2b: Sneasler\n|-damage|p2b: Sneasler|0 fnt\n|faint|p2b: Sneasler\n|move|p2a: Rotom|Electroweb|p1b: Basculegion|[spread] p1a,p1b\n|-supereffective|p1a: Pelipper|2\n|-crit|p1a: Pelipper\n|-supereffective|p1b: Basculegion|1\n|-damage|p1a: Pelipper|0 fnt\n|-damage|p1b: Basculegion|0 fnt\n|faint|p1a: Pelipper\n|faint|p1b: Basculegion\n|\n|-weather|none\n|upkeep\n|\n|t:|1776112134\n|switch|p2b: Aerodactyl|Aerodactyl, L50, F|1/100\n|switch|p1b: Sneasler|Sneasler, L50, M|100/100\n|-ability|p2b: Aerodactyl|Unnerve\n|turn|6\n|\n|t:|1776112151\n|move|p2b: Aerodactyl|Protect|p2b: Aerodactyl\n|-singleturn|p2b: Aerodactyl|Protect\n|move|p1b: Sneasler|Fake Out|p2a: Rotom\n|-crit|p2a: Rotom\n|-damage|p2a: Rotom|62/100\n|cant|p2a: Rotom|flinch\n|\n|upkeep\n|turn|7\n|\n|t:|1776112171\n|move|p2a: Rotom|Electroweb|p1b: Sneasler\n|-damage|p1b: Sneasler|73/100\n|-unboost|p1b: Sneasler|spe|1\n|-enditem|p1b: Sneasler|White Herb\n|-clearnegativeboost|p1b: Sneasler|[silent]\n|move|p1b: Sneasler|Dire Claw|p2b: Aerodactyl\n|-resisted|p2b: Aerodactyl|1\n|-crit|p2b: Aerodactyl\n|-damage|p2b: Aerodactyl|0 fnt\n|faint|p2b: Aerodactyl\n|\n|upkeep\n|\n|t:|1776112191\n|switch|p2b: Mary Poppins|Floette-Eternal, L50, F|100/100\n|turn|8\n|\n|t:|1776112202\n|detailschange|p2b: Mary Poppins|Floette-Mega, L50, F\n|-mega|p2b: Mary Poppins|Floette|Floettite\n|-ability|p2b: Mary Poppins|Fairy Aura\n|move|p2b: Mary Poppins|Protect|p2b: Mary Poppins\n|-singleturn|p2b: Mary Poppins|Protect\n|move|p1b: Sneasler|Dire Claw|p2b: Mary Poppins\n|-activate|p2b: Mary Poppins|move: Protect\n|move|p2a: Rotom|Electroweb|p1b: Sneasler\n|-damage|p1b: Sneasler|40/100\n|-unboost|p1b: Sneasler|spe|1\n|\n|upkeep\n|turn|9\n|\n|t:|1776112216\n|move|p1b: Sneasler|Protect|p1b: Sneasler\n|-singleturn|p1b: Sneasler|Protect\n|move|p2a: Rotom|Electroweb|p1b: Sneasler\n|-activate|p1b: Sneasler|move: Protect\n|move|p2b: Mary Poppins|Moonblast|p1b: Sneasler\n|-activate|p1b: Sneasler|move: Protect\n|\n|upkeep\n|turn|10\n|\n|t:|1776112226\n|move|p1b: Sneasler|Dire Claw|p2b: Mary Poppins\n|-supereffective|p2b: Mary Poppins|1\n|-damage|p2b: Mary Poppins|10/100\n|-status|p2b: Mary Poppins|psn\n|move|p2a: Rotom|Electroweb|p1b: Sneasler\n|-damage|p1b: Sneasler|9/100\n|-unboost|p1b: Sneasler|spe|1\n|move|p2b: Mary Poppins|Moonblast|p1b: Sneasler\n|-damage|p1b: Sneasler|0 fnt\n|faint|p1b: Sneasler\n|\n|win|NotTheRealAdo\n|raw|classickcombo's rating: 1129 &rarr; <strong>1106</strong><br />(-23 for losing)\n|raw|NotTheRealAdo's rating: 1150 &rarr; <strong>1173</strong><br />(+23 for winning)\n",
  "uploadtime": 1776112240,
  "views": 19,
  "formatid": "gen9championsvgc2026regma",
  "rating": 1106,
  "private": 0,
  "password": null
}