{
  "id": "gen9championsvgc2026regma-2582300827",
  "format": "[Gen 9 Champions] VGC 2026 Reg M-A",
  "players": [
    "porygon-epilepz",
    "Bolsik"
  ],
  "log": "|j|\u2606porygon-epilepz\n|j|\u2606Bolsik\n|t:|1776081267\n|gametype|doubles\n|player|p1|porygon-epilepz|hiker-gen4|1111\n|player|p2|Bolsik|266|1081\n|gen|9\n|tier|[Gen 9 Champions] VGC 2026 Reg M-A\n|rated|\n|rule|Species Clause: Limit one of each Pok\u00e9mon\n|rule|Item Clause: Limit 1 of each item\n|clearpoke\n|poke|p1|Kommo-o, L50, M|\n|poke|p1|Incineroar, L50, M|\n|poke|p1|Glimmora, L50, M|\n|poke|p1|Sinistcha, L50|\n|poke|p1|Talonflame, L50, F|\n|poke|p1|Orthworm, L50, F|\n|poke|p2|Lucario, L50, M|\n|poke|p2|Arcanine, L50, F|\n|poke|p2|Maushold-Four, L50|\n|poke|p2|Whimsicott, L50, F|\n|poke|p2|Palafin, L50, F|\n|poke|p2|Kingambit, L50, F|\n|teampreview|4\n|\n|t:|1776081305\n|teamsize|p1|4\n|teamsize|p2|4\n|start\n|switch|p1a: Talonflame|Talonflame, L50, F|100/100\n|switch|p1b: Glimmora|Glimmora, L50, M|100/100\n|switch|p2a: Palafin|Palafin, L50, F|100/100\n|switch|p2b: Whimsicott|Whimsicott, L50, F|100/100\n|turn|1\n|\n|t:|1776081317\n|detailschange|p2a: Palafin|Palafin-Hero, L50, F\n|switch|p2a: Lucario|Lucario, L50, M|100/100\n|detailschange|p1b: Glimmora|Glimmora-Mega, L50, M\n|-mega|p1b: Glimmora|Glimmora|Glimmoranite\n|move|p1b: Glimmora|Spiky Shield|p1b: Glimmora\n|-singleturn|p1b: Glimmora|move: Protect\n|move|p1a: Talonflame|Dual Wingbeat|p2b: Whimsicott\n|-supereffective|p2b: Whimsicott|1\n|-damage|p2b: Whimsicott|57/100\n|-supereffective|p2b: Whimsicott|1\n|-damage|p2b: Whimsicott|9/100\n|-hitcount|p2b: Whimsicott|2\n|move|p2b: Whimsicott|Beat Up|p2a: Lucario\n|-resisted|p2a: Lucario|1\n|-damage|p2a: Lucario|98/100\n|-ability|p2a: Lucario|Justified|boost\n|-boost|p2a: Lucario|atk|1\n|-resisted|p2a: Lucario|1\n|-damage|p2a: Lucario|97/100\n|-ability|p2a: Lucario|Justified|boost\n|-boost|p2a: Lucario|atk|1\n|-resisted|p2a: Lucario|1\n|-damage|p2a: Lucario|95/100\n|-ability|p2a: Lucario|Justified|boost\n|-boost|p2a: Lucario|atk|1\n|-resisted|p2a: Lucario|1\n|-damage|p2a: Lucario|93/100\n|-ability|p2a: Lucario|Justified|boost\n|-boost|p2a: Lucario|atk|1\n|-hitcount|p2a: Lucario|4\n|\n|upkeep\n|turn|2\n|\n|t:|1776081350\n|switch|p1b: Orthworm|Orthworm, L50, F|100/100\n|detailschange|p2a: Lucario|Lucario-Mega, L50, M\n|-mega|p2a: Lucario|Lucario|Lucarionite\n|move|p1a: Talonflame|Tailwind|p1a: Talonflame\n|-sidestart|p1: porygon-epilepz|move: Tailwind\n|move|p2b: Whimsicott|Tailwind|p2b: Whimsicott\n|-sidestart|p2: Bolsik|move: Tailwind\n|move|p2a: Lucario|Meteor Mash|p1b: Orthworm\n|-resisted|p1b: Orthworm|1\n|-damage|p1b: Orthworm|25/100\n|-boost|p2a: Lucario|atk|1\n|-enditem|p1b: Orthworm|Sitrus Berry|[eat]\n|-heal|p1b: Orthworm|50/100|[from] item: Sitrus Berry\n|\n|upkeep\n|turn|3\n|\n|t:|1776081373\n|switch|p2b: Palafin|Palafin-Hero, L50, F|100/100\n|-activate|p2b: Palafin|ability: Zero to Hero\n|move|p2a: Lucario|Extreme Speed|p1a: Talonflame\n|-enditem|p1a: Talonflame|Focus Sash\n|-damage|p1a: Talonflame|1/100\n|move|p1a: Talonflame|Dual Wingbeat|p2b: Palafin\n|-damage|p2b: Palafin|85/100\n|-damage|p2b: Palafin|69/100\n|-hitcount|p2b: Palafin|2\n|move|p1b: Orthworm|Body Press|p2a: Lucario\n|-supereffective|p2a: Lucario|1\n|-damage|p2a: Lucario|28/100\n|\n|upkeep\n|turn|4\n|\n|t:|1776081395\n|move|p2b: Palafin|Jet Punch|p1a: Talonflame\n|-supereffective|p1a: Talonflame|1\n|-damage|p1a: Talonflame|0 fnt\n|faint|p1a: Talonflame\n|move|p2a: Lucario|Close Combat|p1b: Orthworm\n|-supereffective|p1b: Orthworm|1\n|-damage|p1b: Orthworm|0 fnt\n|-unboost|p2a: Lucario|def|1\n|-unboost|p2a: Lucario|spd|1\n|faint|p1b: Orthworm\n|\n|upkeep\n|\n|t:|1776081403\n|switch|p1a: Kommo-o|Kommo-o, L50, M|100/100\n|switch|p1b: Glimmora|Glimmora-Mega, L50, M|100/100\n|turn|5\n|\n|t:|1776081421\n|move|p1b: Glimmora|Spiky Shield|p1b: Glimmora\n|-singleturn|p1b: Glimmora|move: Protect\n|move|p2a: Lucario|Extreme Speed|p1a: Kommo-o\n|-damage|p1a: Kommo-o|12/100\n|move|p2b: Palafin|Jet Punch|p1b: Glimmora\n|-activate|p1b: Glimmora|move: Protect\n|-damage|p2b: Palafin|57/100|[from] Spiky Shield|[of] p1b: Glimmora\n|move|p1a: Kommo-o|Clanging Scales|p2b: Palafin|[spread] p2a,p2b\n|-resisted|p2a: Lucario|1\n|-damage|p2a: Lucario|0 fnt\n|-damage|p2b: Palafin|15/100\n|faint|p2a: Lucario\n|-unboost|p1a: Kommo-o|def|1\n|\n|-heal|p1a: Kommo-o|19/100|[from] item: Leftovers\n|-sideend|p1: porygon-epilepz|move: Tailwind\n|-sideend|p2: Bolsik|move: Tailwind\n|upkeep\n|\n|t:|1776081427\n|switch|p2a: Whimsicott|Whimsicott, L50, F|9/100\n|turn|6\n|\n|t:|1776081436\n|move|p2a: Whimsicott|Encore|p1b: Glimmora\n|-start|p1b: Glimmora|Encore\n|move|p1b: Glimmora|Spiky Shield||[still]\n|-fail|p1b: Glimmora\n|move|p2b: Palafin|Jet Punch|p1a: Kommo-o\n|-resisted|p1a: Kommo-o|1\n|-damage|p1a: Kommo-o|0 fnt\n|faint|p1a: Kommo-o\n|\n|upkeep\n|turn|7\n|-message|porygon-epilepz forfeited.\n|\n|win|Bolsik\n|raw|porygon-epilepz's rating: 1111 &rarr; <strong>1084</strong><br />(-27 for losing)\n|raw|Bolsik's rating: 1081 &rarr; <strong>1111</strong><br />(+30 for winning)\n",
  "uploadtime": 1776081270,
  "views": 18,
  "formatid": "gen9championsvgc2026regma",
  "rating": 1084,
  "private": 0,
  "password": null
}