{
  "id": "gen9championsvgc2026regma-2585967400",
  "format": "[Gen 9 Champions] VGC 2026 Reg M-A",
  "players": [
    "yumlll",
    "JonBazte"
  ],
  "log": "|j|\u2606yumlll\n|j|\u2606JonBazte\n|t:|1776385950\n|gametype|doubles\n|player|p1|yumlll|falkner|1290\n|player|p2|JonBazte|rocketgrunt|1384\n|gen|9\n|tier|[Gen 9 Champions] VGC 2026 Reg M-A\n|rated|\n|rule|Species Clause: Limit one of each Pok\u00e9mon\n|rule|Item Clause: Limit 1 of each item\n|clearpoke\n|poke|p1|Umbreon, L50, F|\n|poke|p1|Incineroar, L50, F|\n|poke|p1|Gengar, L50, M|\n|poke|p1|Clefable, L50, M|\n|poke|p1|Stunfisk-Galar, L50, M|\n|poke|p1|Toxapex, L50, M|\n|poke|p2|Kingambit, L50, F|\n|poke|p2|Garchomp, L50, M|\n|poke|p2|Charizard, L50, F|\n|poke|p2|Venusaur, L50, F|\n|poke|p2|Sneasler, L50, M|\n|poke|p2|Incineroar, L50, M|\n|teampreview|4\n|\n|t:|1776386004\n|teamsize|p1|4\n|teamsize|p2|4\n|start\n|switch|p1a: Umbreon|Umbreon, L50, F|100/100\n|switch|p1b: Gengar|Gengar, L50, M|100/100\n|switch|p2a: Kingambit|Kingambit, L50, F|100/100\n|switch|p2b: Sneasler|Sneasler, L50, M|100/100\n|turn|1\n|inactive|Battle timer is ON: inactive players will automatically lose when time's up. (requested by JonBazte)\n|\n|t:|1776386026\n|detailschange|p1b: Gengar|Gengar-Mega, L50, M\n|-mega|p1b: Gengar|Gengar|Gengarite\n|move|p1b: Gengar|Protect|p1b: Gengar\n|-singleturn|p1b: Gengar|Protect\n|move|p2b: Sneasler|Fake Out|p1a: Umbreon\n|-damage|p1a: Umbreon|91/100\n|move|p1a: Umbreon|Yawn|p2a: Kingambit\n|-start|p2a: Kingambit|move: Yawn|[of] p1a: Umbreon\n|move|p2a: Kingambit|Kowtow Cleave|p1b: Gengar\n|-activate|p1b: Gengar|move: Protect\n|\n|-heal|p1a: Umbreon|97/100|[from] item: Leftovers\n|upkeep\n|turn|2\n|inactive|yumlll has 30 seconds left.\n|inactive|JonBazte has 30 seconds left.\n|\n|t:|1776386055\n|switch|p1b: Incineroar|Incineroar, L50, F|100/100\n|-ability|p1b: Incineroar|Intimidate|boost\n|-unboost|p2a: Kingambit|atk|1\n|-ability|p2a: Kingambit|Defiant|boost\n|-boost|p2a: Kingambit|atk|2\n|-unboost|p2b: Sneasler|atk|1\n|-enditem|p2b: Sneasler|White Herb\n|-clearnegativeboost|p2b: Sneasler|[silent]\n|move|p2b: Sneasler|Close Combat|p1a: Umbreon\n|-supereffective|p1a: Umbreon|1\n|-damage|p1a: Umbreon|16/100\n|-unboost|p2b: Sneasler|def|1\n|-unboost|p2b: Sneasler|spd|1\n|move|p1a: Umbreon|Yawn|p2b: Sneasler\n|-start|p2b: Sneasler|move: Yawn|[of] p1a: Umbreon\n|move|p2a: Kingambit|Kowtow Cleave|p1b: Incineroar\n|-resisted|p1b: Incineroar|1\n|-damage|p1b: Incineroar|64/100\n|\n|-heal|p1a: Umbreon|22/100|[from] item: Leftovers\n|-end|p2a: Kingambit|move: Yawn|[silent]\n|-status|p2a: Kingambit|slp\n|upkeep\n|turn|3\n|inactive|yumlll has 30 seconds left.\n|inactive|JonBazte has 30 seconds left.\n|\n|t:|1776386086\n|switch|p2b: Charizard|Charizard, L50, F, shiny|100/100\n|cant|p2a: Kingambit|slp\n|move|p1b: Incineroar|Parting Shot|p2b: Charizard\n|-unboost|p2b: Charizard|atk|1\n|-unboost|p2b: Charizard|spa|1\n|\n|t:|1776386093\n|switch|p1b: Gengar|Gengar-Mega, L50, M|100/100|[from] Parting Shot\n|move|p1a: Umbreon|Yawn|p2b: Charizard\n|-start|p2b: Charizard|move: Yawn|[of] p1a: Umbreon\n|\n|-heal|p1a: Umbreon|28/100|[from] item: Leftovers\n|upkeep\n|turn|4\n|\n|t:|1776386117\n|switch|p1a: Incineroar|Incineroar, L50, F|64/100\n|-ability|p1a: Incineroar|Intimidate|boost\n|-unboost|p2a: Kingambit|atk|1\n|-ability|p2a: Kingambit|Defiant|boost\n|-boost|p2a: Kingambit|atk|2\n|-unboost|p2b: Charizard|atk|1\n|detailschange|p2b: Charizard|Charizard-Mega-Y, L50, F, shiny\n|-mega|p2b: Charizard|Charizard|Charizardite Y\n|-weather|SunnyDay|[from] ability: Drought|[of] p2b: Charizard\n|move|p1b: Gengar|Perish Song|p1b: Gengar\n|-start|p1a: Incineroar|perish3|[silent]\n|-start|p1b: Gengar|perish3|[silent]\n|-start|p2a: Kingambit|perish3|[silent]\n|-start|p2b: Charizard|perish3|[silent]\n|-fieldactivate|move: Perish Song\n|move|p2b: Charizard|Heat Wave|p1a: Incineroar|[spread] p1a,p1b\n|-resisted|p1a: Incineroar|1\n|-damage|p1a: Incineroar|45/100\n|-damage|p1b: Gengar|52/100\n|-enditem|p1a: Incineroar|Sitrus Berry|[eat]\n|-heal|p1a: Incineroar|69/100|[from] item: Sitrus Berry\n|cant|p2a: Kingambit|slp\n|\n|-weather|SunnyDay|[upkeep]\n|-end|p2b: Charizard|move: Yawn|[silent]\n|-status|p2b: Charizard|slp\n|-start|p1b: Gengar|perish3\n|-start|p2b: Charizard|perish3\n|-start|p1a: Incineroar|perish3\n|-start|p2a: Kingambit|perish3\n|upkeep\n|turn|5\n|inactive|JonBazte has 30 seconds left.\n|\n|t:|1776386147\n|move|p1b: Gengar|Protect|p1b: Gengar\n|-singleturn|p1b: Gengar|Protect\n|move|p1a: Incineroar|Fake Out|p2a: Kingambit\n|-resisted|p2a: Kingambit|1\n|-damage|p2a: Kingambit|97/100 slp\n|cant|p2b: Charizard|slp\n|-curestatus|p2a: Kingambit|slp|[msg]\n|cant|p2a: Kingambit|flinch\n|\n|-weather|SunnyDay|[upkeep]\n|-start|p1b: Gengar|perish2\n|-start|p2b: Charizard|perish2\n|-start|p1a: Incineroar|perish2\n|-start|p2a: Kingambit|perish2\n|upkeep\n|turn|6\n|\n|t:|1776386166\n|switch|p1b: Umbreon|Umbreon, L50, F|28/100\n|cant|p2b: Charizard|slp\n|move|p1a: Incineroar|Parting Shot|p2b: Charizard\n|-unboost|p2b: Charizard|atk|1\n|-unboost|p2b: Charizard|spa|1\n|\n|t:|1776386173\n|switch|p1a: Gengar|Gengar-Mega, L50, M|52/100|[from] Parting Shot\n|move|p2a: Kingambit|Kowtow Cleave|p1b: Umbreon\n|-resisted|p1b: Umbreon|1\n|-damage|p1b: Umbreon|0 fnt\n|faint|p1b: Umbreon\n|\n|-weather|SunnyDay|[upkeep]\n|-start|p2b: Charizard|perish1\n|-start|p2a: Kingambit|perish1\n|upkeep\n|\n|t:|1776386192\n|switch|p1b: Toxapex|Toxapex, L50, M|100/100\n|turn|7\n|\n|t:|1776386204\n|move|p1a: Gengar|Protect|p1a: Gengar\n|-singleturn|p1a: Gengar|Protect\n|move|p1b: Toxapex|Baneful Bunker|p1b: Toxapex\n|-singleturn|p1b: Toxapex|move: Protect\n|-curestatus|p2b: Charizard|slp|[msg]\n|move|p2b: Charizard|Heat Wave|p1a: Gengar|[spread] \n|-activate|p1a: Gengar|move: Protect\n|-activate|p1b: Toxapex|move: Protect\n|move|p2a: Kingambit|Kowtow Cleave|p1a: Gengar\n|-activate|p1a: Gengar|move: Protect\n|\n|-weather|SunnyDay|[upkeep]\n|-start|p2b: Charizard|perish0\n|-start|p2a: Kingambit|perish0\n|faint|p2b: Charizard\n|faint|p2a: Kingambit\n|upkeep\n|\n|t:|1776386212\n|switch|p2b: Sneasler|Sneasler, L50, M|100/100\n|switch|p2a: Venusaur|Venusaur, L50, F, shiny|100/100\n|turn|8\n|\n|t:|1776386235\n|switch|p1a: Incineroar|Incineroar, L50, F|69/100\n|-ability|p1a: Incineroar|Intimidate|boost\n|-unboost|p2a: Venusaur|atk|1\n|-unboost|p2b: Sneasler|atk|1\n|move|p1b: Toxapex|Baneful Bunker||[still]\n|-fail|p1b: Toxapex\n|move|p2a: Venusaur|Sleep Powder|p1a: Incineroar\n|-status|p1a: Incineroar|slp|[from] move: Sleep Powder\n|move|p2b: Sneasler|Close Combat|p1b: Toxapex\n|-resisted|p1b: Toxapex|1\n|-damage|p1b: Toxapex|85/100\n|-unboost|p2b: Sneasler|def|1\n|-unboost|p2b: Sneasler|spd|1\n|\n|-weather|none\n|upkeep\n|turn|9\n|\n|t:|1776386254\n|move|p2b: Sneasler|Close Combat|p1a: Incineroar\n|-supereffective|p1a: Incineroar|1\n|-damage|p1a: Incineroar|4/100 slp\n|-unboost|p2b: Sneasler|def|1\n|-unboost|p2b: Sneasler|spd|1\n|move|p2a: Venusaur|Sleep Powder|p1b: Toxapex|[miss]\n|-miss|p2a: Venusaur|p1b: Toxapex\n|cant|p1a: Incineroar|slp\n|move|p1b: Toxapex|Light Screen|p1b: Toxapex\n|-sidestart|p1: yumlll|move: Light Screen\n|\n|upkeep\n|turn|10\n|inactive|yumlll has 30 seconds left.\n|\n|t:|1776386284\n|move|p2b: Sneasler|Rock Tomb|p1a: Incineroar\n|-supereffective|p1a: Incineroar|1\n|-damage|p1a: Incineroar|0 fnt\n|faint|p1a: Incineroar\n|move|p2a: Venusaur|Sleep Powder|p1b: Toxapex\n|-status|p1b: Toxapex|slp|[from] move: Sleep Powder\n|cant|p1b: Toxapex|slp\n|\n|upkeep\n|\n|t:|1776386291\n|switch|p1a: Gengar|Gengar-Mega, L50, M|52/100\n|turn|11\n|\n|t:|1776386298\n|move|p2a: Venusaur|Protect|p2a: Venusaur\n|-singleturn|p2a: Venusaur|Protect\n|-curestatus|p1b: Toxapex|slp|[msg]\n|move|p1b: Toxapex|Wide Guard|p1b: Toxapex\n|-singleturn|p1b: Toxapex|Wide Guard\n|move|p2b: Sneasler|Rock Tomb|p1a: Gengar\n|-damage|p1a: Gengar|36/100\n|-unboost|p1a: Gengar|spe|1\n|move|p1a: Gengar|Perish Song|p1a: Gengar\n|-start|p1a: Gengar|perish3|[silent]\n|-start|p1b: Toxapex|perish3|[silent]\n|-start|p2a: Venusaur|perish3|[silent]\n|-start|p2b: Sneasler|perish3|[silent]\n|-fieldactivate|move: Perish Song\n|\n|-start|p2b: Sneasler|perish3\n|-start|p2a: Venusaur|perish3\n|-start|p1a: Gengar|perish3\n|-start|p1b: Toxapex|perish3\n|upkeep\n|turn|12\n|inactive|JonBazte has 30 seconds left.\n|inactive|JonBazte has 20 seconds left.\n|\n|t:|1776386337\n|move|p1a: Gengar|Protect|p1a: Gengar\n|-singleturn|p1a: Gengar|Protect\n|move|p1b: Toxapex|Baneful Bunker|p1b: Toxapex\n|-singleturn|p1b: Toxapex|move: Protect\n|move|p2b: Sneasler|Dire Claw|p1b: Toxapex\n|-activate|p1b: Toxapex|move: Protect\n|move|p2a: Venusaur|Sleep Powder|p1a: Gengar\n|-activate|p1a: Gengar|move: Protect\n|\n|-start|p2b: Sneasler|perish2\n|-start|p2a: Venusaur|perish2\n|-start|p1a: Gengar|perish2\n|-start|p1b: Toxapex|perish2\n|upkeep\n|turn|13\n|\n|t:|1776386361\n|move|p1b: Toxapex|Baneful Bunker||[still]\n|-fail|p1b: Toxapex\n|move|p2b: Sneasler|Rock Tomb|p1a: Gengar\n|-damage|p1a: Gengar|19/100\n|-unboost|p1a: Gengar|spe|1\n|move|p2a: Venusaur|Sleep Powder|p1a: Gengar\n|-status|p1a: Gengar|slp|[from] move: Sleep Powder\n|cant|p1a: Gengar|slp\n|\n|-start|p2b: Sneasler|perish1\n|-start|p2a: Venusaur|perish1\n|-start|p1a: Gengar|perish1\n|-start|p1b: Toxapex|perish1\n|-sideend|p1: yumlll|move: Light Screen\n|upkeep\n|turn|14\n|inactive|JonBazte has 30 seconds left.\n|\n|t:|1776386389\n|-curestatus|p1a: Gengar|slp|[msg]\n|move|p1a: Gengar|Protect|p1a: Gengar\n|-singleturn|p1a: Gengar|Protect\n|move|p1b: Toxapex|Baneful Bunker|p1b: Toxapex\n|-singleturn|p1b: Toxapex|move: Protect\n|move|p2b: Sneasler|Rock Tomb|p1a: Gengar\n|-activate|p1a: Gengar|move: Protect\n|move|p2a: Venusaur|Leaf Storm|p1b: Toxapex\n|-activate|p1b: Toxapex|move: Protect\n|\n|-start|p2b: Sneasler|perish0\n|-start|p2a: Venusaur|perish0\n|-start|p1a: Gengar|perish0\n|-start|p1b: Toxapex|perish0\n|faint|p2b: Sneasler\n|faint|p2a: Venusaur\n|faint|p1a: Gengar\n|faint|p1b: Toxapex\n|\n|win|yumlll\n|raw|yumlll's rating: 1290 &rarr; <strong>1322</strong><br />(+32 for winning)\n|raw|JonBazte's rating: 1384 &rarr; <strong>1359</strong><br />(-25 for losing)\n",
  "uploadtime": 1776386406,
  "views": 28,
  "formatid": "gen9championsvgc2026regma",
  "rating": 1322,
  "private": 0,
  "password": null
}