{
  "id": "gen9championsvgc2026regma-2585363267",
  "format": "[Gen 9 Champions] VGC 2026 Reg M-A",
  "players": [
    "Law_NBD",
    "Gonzi Garritou"
  ],
  "log": "|j|\u2606Law_NBD\n|j|\u2606Gonzi Garritou\n|t:|1776341488\n|gametype|doubles\n|player|p1|Law_NBD|170|1015\n|player|p2|Gonzi Garritou|clay|1000\n|gen|9\n|tier|[Gen 9 Champions] VGC 2026 Reg M-A\n|rated|\n|rule|Species Clause: Limit one of each Pok\u00e9mon\n|rule|Item Clause: Limit 1 of each item\n|clearpoke\n|poke|p1|Scovillain, L50, M|\n|poke|p1|Milotic, L50, M|\n|poke|p1|Espathra, L50, F|\n|poke|p1|Sinistcha, L50|\n|poke|p1|Incineroar, L50, F|\n|poke|p1|Glimmora, L50, M|\n|poke|p2|Golurk, L50|\n|poke|p2|Farigiraf, L50, F|\n|poke|p2|Kingambit, L50, F|\n|poke|p2|Torkoal, L50, M|\n|poke|p2|Corviknight, L50, M|\n|poke|p2|Drampa, L50, F|\n|teampreview|4\n|\n|t:|1776341526\n|teamsize|p1|4\n|teamsize|p2|4\n|start\n|switch|p1a: Scovillain|Scovillain, L50, M|100/100\n|switch|p1b: Espathra|Espathra, L50, F|100/100\n|switch|p2a: Farigiraf|Farigiraf, L50, F|100/100\n|switch|p2b: Golurk|Golurk, L50|100/100\n|turn|1\n|inactive|Battle timer is ON: inactive players will automatically lose when time's up. (requested by Law_NBD)\n|\n|t:|1776341550\n|detailschange|p1a: Scovillain|Scovillain-Mega, L50, M\n|-mega|p1a: Scovillain|Scovillain|Scovillainite\n|move|p2b: Golurk|Protect|p2b: Golurk\n|-singleturn|p2b: Golurk|Protect\n|move|p1b: Espathra|Calm Mind|p1b: Espathra\n|-boost|p1b: Espathra|spa|1\n|-boost|p1b: Espathra|spd|1\n|move|p1a: Scovillain|Leech Seed|p2a: Farigiraf\n|-start|p2a: Farigiraf|move: Leech Seed\n|move|p2a: Farigiraf|Trick Room|p2a: Farigiraf\n|-fieldstart|move: Trick Room|[of] p2a: Farigiraf\n|\n|-damage|p2a: Farigiraf|88/100|[from] Leech Seed|[of] p1a: Scovillain\n|-ability|p1b: Espathra|Speed Boost|boost\n|-boost|p1b: Espathra|spe|1\n|upkeep\n|turn|2\n|inactive|Gonzi Garritou has 30 seconds left.\n|inactive|Gonzi Garritou has 20 seconds left.\n|inactive|Gonzi Garritou has 15 seconds left.\n|\n|t:|1776341592\n|move|p1a: Scovillain|Rage Powder|p1a: Scovillain\n|-singleturn|p1a: Scovillain|move: Rage Powder\n|move|p2b: Golurk|Headlong Rush|p1a: Scovillain\n|-damage|p1a: Scovillain|24/100\n|-unboost|p2b: Golurk|def|1\n|-unboost|p2b: Golurk|spd|1\n|-status|p2b: Golurk|brn|[from] ability: Spicy Spray|[of] p1a: Scovillain\n|move|p2a: Farigiraf|Psychic|p1a: Scovillain\n|-damage|p1a: Scovillain|0 fnt\n|-status|p2a: Farigiraf|brn|[from] ability: Spicy Spray|[of] p1a: Scovillain\n|faint|p1a: Scovillain\n|move|p1b: Espathra|Calm Mind|p1b: Espathra\n|-boost|p1b: Espathra|spa|1\n|-boost|p1b: Espathra|spd|1\n|\n|-damage|p2b: Golurk|94/100 brn|[from] brn\n|-damage|p2a: Farigiraf|82/100 brn|[from] brn\n|-ability|p1b: Espathra|Speed Boost|boost\n|-boost|p1b: Espathra|spe|1\n|upkeep\n|\n|t:|1776341612\n|switch|p1a: Milotic|Milotic, L50, M|100/100\n|turn|3\n|inactive|Gonzi Garritou has 30 seconds left.\n|\n|t:|1776341646\n|detailschange|p2b: Golurk|Golurk-Mega, L50\n|-mega|p2b: Golurk|Golurk|Golurkite\n|move|p2b: Golurk|Headlong Rush|p1b: Espathra\n|-damage|p1b: Espathra|52/100\n|-unboost|p2b: Golurk|def|1\n|-unboost|p2b: Golurk|spd|1\n|move|p2a: Farigiraf|Hyper Voice|p1b: Espathra|[spread] p1a,p1b\n|-damage|p1a: Milotic|81/100\n|-damage|p1b: Espathra|34/100\n|move|p1a: Milotic|Scald|p2b: Golurk\n|-supereffective|p2b: Golurk|1\n|-damage|p2b: Golurk|0 fnt\n|faint|p2b: Golurk\n|move|p1b: Espathra|Baton Pass|p1b: Espathra\n|\n|t:|1776341661\n|switch|p1b: Sinistcha|Sinistcha, L50|100/100|[from] Baton Pass\n|\n|-heal|p1a: Milotic|87/100|[from] item: Leftovers\n|-damage|p2a: Farigiraf|70/100 brn|[from] Leech Seed|[of] p1a: Milotic\n|-heal|p1a: Milotic|100/100|[silent]\n|-damage|p2a: Farigiraf|63/100 brn|[from] brn\n|upkeep\n|inactive|Gonzi Garritou has 30 seconds left.\n|inactive|Gonzi Garritou has 20 seconds left.\n|\n|t:|1776341699\n|switch|p2b: Torkoal|Torkoal, L50, M|100/100\n|-weather|SunnyDay|[from] ability: Drought|[of] p2b: Torkoal\n|turn|4\n|\n|t:|1776341716\n|move|p1b: Sinistcha|Protect|p1b: Sinistcha\n|-singleturn|p1b: Sinistcha|Protect\n|move|p2b: Torkoal|Eruption|p1a: Milotic|[spread] p1a\n|-activate|p1b: Sinistcha|move: Protect\n|-resisted|p1a: Milotic|1\n|-damage|p1a: Milotic|68/100\n|move|p2a: Farigiraf|Psychic|p1b: Sinistcha\n|-activate|p1b: Sinistcha|move: Protect\n|move|p1a: Milotic|Scald|p2b: Torkoal\n|-supereffective|p2b: Torkoal|1\n|-crit|p2b: Torkoal\n|-damage|p2b: Torkoal|28/100\n|\n|-weather|SunnyDay|[upkeep]\n|-heal|p1a: Milotic|74/100|[from] item: Leftovers\n|-damage|p2a: Farigiraf|51/100 brn|[from] Leech Seed|[of] p1a: Milotic\n|-heal|p1a: Milotic|88/100|[silent]\n|-damage|p2a: Farigiraf|45/100 brn|[from] brn\n|upkeep\n|turn|5\n|-message|Gonzi Garritou forfeited.\n|\n|win|Law_NBD\n|raw|Law_NBD's rating: 1015 &rarr; <strong>1051</strong><br />(+36 for winning)\n|raw|Gonzi Garritou's rating: 1000 &rarr; <strong>1000</strong><br />(+0 for losing)\n|l|\u2606Gonzi Garritou\n|player|p2|\n",
  "uploadtime": 1776341744,
  "views": 29,
  "formatid": "gen9championsvgc2026regma",
  "rating": 1000,
  "private": 0,
  "password": null
}