{
  "id": "gen9championsvgc2026regma-2588908554",
  "format": "[Gen 9 Champions] VGC 2026 Reg M-A",
  "players": [
    "justam89",
    "annaheavyrocks"
  ],
  "log": "|j|\u2606justam89\n|j|\u2606annaheavyrocks\n|t:|1776684809\n|gametype|doubles\n|player|p1|justam89|266|1017\n|player|p2|annaheavyrocks|caitlin|1041\n|gen|9\n|tier|[Gen 9 Champions] VGC 2026 Reg M-A\n|rated|\n|rule|Species Clause: Limit one of each Pok\u00e9mon\n|rule|Item Clause: Limit 1 of each item\n|clearpoke\n|poke|p1|Pelipper, L50, M|\n|poke|p1|Archaludon, L50, F|\n|poke|p1|Talonflame, L50, F|\n|poke|p1|Gyarados, L50, M|\n|poke|p1|Meowscarada, L50, M|\n|poke|p1|Charizard, L50, M|\n|poke|p2|Lopunny, L50, M|\n|poke|p2|Aegislash, L50, M|\n|poke|p2|Liepard, L50, F|\n|poke|p2|Volcarona, L50, M|\n|poke|p2|Sinistcha, L50|\n|poke|p2|Primarina, L50, M, shiny|\n|teampreview|4\n|inactive|Battle timer is ON: inactive players will automatically lose when time's up. (requested by justam89)\n|inactive|annaheavyrocks has 60 seconds left.\n|\n|t:|1776684843\n|teamsize|p1|4\n|teamsize|p2|4\n|start\n|switch|p1a: Talonflame|Talonflame, L50, F|100/100\n|switch|p1b: Pelipper|Pelipper, L50, M|100/100\n|switch|p2a: Liepard|Liepard, L50, F|100/100\n|switch|p2b: Volcarona|Volcarona, L50, M|100/100\n|-weather|RainDance|[from] ability: Drizzle|[of] p1b: Pelipper\n|turn|1\n|inactive|justam89 has 30 seconds left.\n|\n|t:|1776684868\n|move|p2a: Liepard|Fake Out|p1a: Talonflame\n|-damage|p1a: Talonflame|83/100\n|cant|p1a: Talonflame|flinch\n|move|p2b: Volcarona|Tailwind|p2b: Volcarona\n|-sidestart|p2: annaheavyrocks|move: Tailwind\n|move|p1b: Pelipper|Hurricane|p2b: Volcarona\n|-supereffective|p2b: Volcarona|1\n|-damage|p2b: Volcarona|37/100\n|-start|p2b: Volcarona|confusion\n|\n|-weather|RainDance|[upkeep]\n|-heal|p2b: Volcarona|43/100|[from] item: Leftovers\n|upkeep\n|turn|2\n|\n|t:|1776684884\n|-activate|p2b: Volcarona|confusion\n|move|p2b: Volcarona|Protect|p2b: Volcarona\n|-singleturn|p2b: Volcarona|Protect\n|move|p2a: Liepard|Taunt|p1a: Talonflame\n|-start|p1a: Talonflame|move: Taunt\n|cant|p1a: Talonflame|move: Taunt|Tailwind\n|move|p1b: Pelipper|Hurricane|p2a: Liepard\n|-damage|p2a: Liepard|15/100\n|\n|-weather|RainDance|[upkeep]\n|-heal|p2b: Volcarona|49/100|[from] item: Leftovers\n|upkeep\n|turn|3\n|\n|t:|1776684904\n|switch|p2b: Aegislash|Aegislash, L50, M|100/100\n|move|p2a: Liepard|U-turn|p1b: Pelipper\n|-resisted|p1b: Pelipper|1\n|-damage|p1b: Pelipper|93/100\n|\n|t:|1776684913\n|switch|p2a: Lopunny|Lopunny, L50, M|100/100|[from] U-turn\n|move|p1a: Talonflame|Acrobatics|p2b: Aegislash\n|-resisted|p2b: Aegislash|1\n|-damage|p2b: Aegislash|79/100\n|move|p1b: Pelipper|Tailwind|p1b: Pelipper\n|-sidestart|p1: justam89|move: Tailwind\n|\n|-weather|RainDance|[upkeep]\n|upkeep\n|turn|4\n|\n|t:|1776684925\n|detailschange|p2a: Lopunny|Lopunny-Mega, L50, M\n|-mega|p2a: Lopunny|Lopunny|Lopunnite\n|move|p1a: Talonflame|Upper Hand||[still]\n|-fail|p1a: Talonflame\n|move|p2a: Lopunny|Thunder Punch|p1b: Pelipper\n|-supereffective|p1b: Pelipper|2\n|-damage|p1b: Pelipper|0 fnt\n|faint|p1b: Pelipper\n|-formechange|p2b: Aegislash|Aegislash-Blade|\n|move|p2b: Aegislash|Rock Slide|p1a: Talonflame\n|-supereffective|p1a: Talonflame|2\n|-damage|p1a: Talonflame|0 fnt\n|faint|p1a: Talonflame\n|\n|-weather|RainDance|[upkeep]\n|-sideend|p2: annaheavyrocks|move: Tailwind\n|upkeep\n|\n|t:|1776684938\n|switch|p1a: Archaludon|Archaludon, L50, F|100/100\n|switch|p1b: Gyarados|Gyarados, L50, M|100/100\n|-ability|p1b: Gyarados|Intimidate|boost\n|-fail|p2a: Lopunny|unboost|Attack|[from] ability: Scrappy|[of] p2a: Lopunny\n|-unboost|p2b: Aegislash|atk|1\n|turn|5\n|\n|t:|1776684959\n|detailschange|p1b: Gyarados|Gyarados-Mega, L50, M\n|-mega|p1b: Gyarados|Gyarados|Gyaradosite\n|-ability|p1b: Gyarados|Mold Breaker\n|move|p2a: Lopunny|Protect|p2a: Lopunny\n|-singleturn|p2a: Lopunny|Protect\n|-formechange|p2b: Aegislash|Aegislash|\n|move|p2b: Aegislash|King's Shield|p2b: Aegislash\n|-singleturn|p2b: Aegislash|Protect\n|move|p1b: Gyarados|Dragon Dance|p1b: Gyarados\n|-boost|p1b: Gyarados|atk|1\n|-boost|p1b: Gyarados|spe|1\n|move|p1a: Archaludon|Electro Shot||[still]\n|-prepare|p1a: Archaludon|Electro Shot\n|-boost|p1a: Archaludon|spa|1\n|-anim|p1a: Archaludon|Electro Shot|p2a: Lopunny\n|-activate|p2a: Lopunny|move: Protect\n|\n|-weather|none\n|upkeep\n|turn|6\n|inactive|annaheavyrocks has 30 seconds left.\n|inactive|annaheavyrocks has 20 seconds left.\n|\n|t:|1776684997\n|move|p1b: Gyarados|Crunch|p2b: Aegislash\n|-supereffective|p2b: Aegislash|1\n|-damage|p2b: Aegislash|0 fnt\n|faint|p2b: Aegislash\n|move|p1a: Archaludon|Flash Cannon|p2a: Lopunny\n|-damage|p2a: Lopunny|27/100\n|move|p2a: Lopunny|Thunder Punch|p1b: Gyarados\n|-supereffective|p1b: Gyarados|1\n|-damage|p1b: Gyarados|53/100\n|\n|-sideend|p1: justam89|move: Tailwind\n|upkeep\n|\n|t:|1776685007\n|switch|p2b: Liepard|Liepard, L50, F|15/100\n|turn|7\n|\n|t:|1776685018\n|move|p2b: Liepard|Fake Out|p1b: Gyarados\n|-damage|p1b: Gyarados|43/100\n|cant|p1b: Gyarados|flinch\n|move|p2a: Lopunny|Thunder Punch|p1b: Gyarados\n|-supereffective|p1b: Gyarados|1\n|-damage|p1b: Gyarados|0 fnt\n|faint|p1b: Gyarados\n|move|p1a: Archaludon|Flash Cannon|p2b: Liepard\n|-damage|p2b: Liepard|0 fnt\n|faint|p2b: Liepard\n|\n|upkeep\n|\n|t:|1776685028\n|switch|p2b: Volcarona|Volcarona, L50, M|49/100\n|turn|8\n|\n|t:|1776685038\n|move|p2b: Volcarona|Protect|p2b: Volcarona\n|-singleturn|p2b: Volcarona|Protect\n|move|p2a: Lopunny|Close Combat|p1a: Archaludon\n|-supereffective|p1a: Archaludon|1\n|-damage|p1a: Archaludon|0 fnt\n|-unboost|p2a: Lopunny|def|1\n|-unboost|p2a: Lopunny|spd|1\n|faint|p1a: Archaludon\n|\n|win|annaheavyrocks\n|raw|justam89's rating: 1017 &rarr; <strong>1005</strong><br />(-12 for losing)\n|raw|annaheavyrocks's rating: 1041 &rarr; <strong>1073</strong><br />(+32 for winning)\n",
  "uploadtime": 1776685043,
  "views": 10,
  "formatid": "gen9championsvgc2026regma",
  "rating": 1005,
  "private": 0,
  "password": null
}