{
  "id": "gen9championsvgc2026regma-2584748205",
  "format": "[Gen 9 Champions] VGC 2026 Reg M-A",
  "players": [
    "skywalkingchris",
    "Is not Taco"
  ],
  "log": "|j|\u2606skywalkingchris\n|j|\u2606Is not Taco\n|t:|1776280874\n|gametype|doubles\n|player|p1|skywalkingchris|2|1090\n|player|p2|Is not Taco|102|1079\n|gen|9\n|tier|[Gen 9 Champions] VGC 2026 Reg M-A\n|rated|\n|rule|Species Clause: Limit one of each Pok\u00e9mon\n|rule|Item Clause: Limit 1 of each item\n|clearpoke\n|poke|p1|Whimsicott, L50, F|\n|poke|p1|Froslass, L50, F|\n|poke|p1|Weavile, L50, F|\n|poke|p1|Lucario, L50, F|\n|poke|p1|Alcremie, L50, F|\n|poke|p1|Blastoise, L50, M|\n|poke|p2|Chesnaught, L50, F|\n|poke|p2|Archaludon, L50, M|\n|poke|p2|Pelipper, L50, F|\n|poke|p2|Typhlosion-Hisui, L50, M|\n|poke|p2|Garchomp, L50, M|\n|poke|p2|Basculegion, L50, M|\n|teampreview|4\n|\n|t:|1776280902\n|teamsize|p1|4\n|teamsize|p2|4\n|start\n|switch|p1a: Whimsicott|Whimsicott, L50, F|100/100\n|switch|p1b: Froslass|Froslass, L50, F|100/100\n|switch|p2a: Chesnaught|Chesnaught, L50, F|100/100\n|switch|p2b: Typhlosion|Typhlosion-Hisui, L50, M|100/100\n|-item|p1a: Whimsicott|Focus Sash|[from] ability: Frisk|[of] p2b: Typhlosion\n|-item|p1b: Froslass|Froslassite|[from] ability: Frisk|[of] p2b: Typhlosion\n|turn|1\n|\n|t:|1776280948\n|switch|p2b: Archaludon|Archaludon, L50, M|100/100\n|detailschange|p1b: Froslass|Froslass-Mega, L50, F\n|-mega|p1b: Froslass|Froslass|Froslassite\n|-weather|Snowscape|[from] ability: Snow Warning|[of] p1b: Froslass\n|detailschange|p2a: Chesnaught|Chesnaught-Mega, L50, F\n|-mega|p2a: Chesnaught|Chesnaught|Chesnaughtite\n|move|p1a: Whimsicott|Tailwind|p1a: Whimsicott\n|-sidestart|p1: skywalkingchris|move: Tailwind\n|move|p1b: Froslass|Shadow Ball|p2b: Archaludon\n|-damage|p2b: Archaludon|49/100\n|move|p2a: Chesnaught|Wood Hammer|p1b: Froslass\n|-damage|p1b: Froslass|30/100\n|-damage|p2a: Chesnaught|80/100|[from] Recoil\n|\n|-weather|Snowscape|[upkeep]\n|-heal|p2b: Archaludon|55/100|[from] item: Leftovers\n|upkeep\n|turn|2\n|\n|t:|1776280993\n|switch|p2a: Pelipper|Pelipper, L50, F|100/100\n|-weather|RainDance|[from] ability: Drizzle|[of] p2a: Pelipper\n|move|p1b: Froslass|Protect|p1b: Froslass\n|-singleturn|p1b: Froslass|Protect\n|move|p1a: Whimsicott|Moonblast|p2a: Pelipper\n|-damage|p2a: Pelipper|51/100\n|move|p2b: Archaludon|Electro Shot||[still]\n|-prepare|p2b: Archaludon|Electro Shot\n|-boost|p2b: Archaludon|spa|1\n|-anim|p2b: Archaludon|Electro Shot|p1b: Froslass\n|-activate|p1b: Froslass|move: Protect\n|\n|-weather|RainDance|[upkeep]\n|-heal|p2b: Archaludon|61/100|[from] item: Leftovers\n|upkeep\n|turn|3\n|\n|t:|1776281013\n|move|p1a: Whimsicott|Taunt|p2a: Pelipper\n|-start|p2a: Pelipper|move: Taunt\n|move|p1b: Froslass|Shadow Ball|p2b: Archaludon\n|-damage|p2b: Archaludon|8/100\n|move|p2b: Archaludon|Flash Cannon|p1a: Whimsicott\n|-supereffective|p1a: Whimsicott|1\n|-enditem|p1a: Whimsicott|Focus Sash\n|-damage|p1a: Whimsicott|1/100\n|cant|p2a: Pelipper|move: Taunt|Tailwind\n|\n|-weather|RainDance|[upkeep]\n|-heal|p2b: Archaludon|14/100|[from] item: Leftovers\n|upkeep\n|turn|4\n|\n|t:|1776281048\n|move|p1b: Froslass|Shadow Ball|p2a: Pelipper\n|-damage|p2a: Pelipper|0 fnt\n|faint|p2a: Pelipper\n|move|p1a: Whimsicott|Moonblast|p2b: Archaludon\n|-damage|p2b: Archaludon|0 fnt\n|faint|p2b: Archaludon\n|\n|-weather|RainDance|[upkeep]\n|-sideend|p1: skywalkingchris|move: Tailwind\n|upkeep\n|\n|t:|1776281057\n|switch|p2b: Chesnaught|Chesnaught-Mega, L50, F|80/100\n|switch|p2a: Typhlosion|Typhlosion-Hisui, L50, M|100/100\n|-item|p1b: Froslass|Froslassite|[from] ability: Frisk|[of] p2a: Typhlosion\n|turn|5\n|\n|t:|1776281065\n|move|p1a: Whimsicott|Tailwind|p1a: Whimsicott\n|-sidestart|p1: skywalkingchris|move: Tailwind\n|move|p1b: Froslass|Shadow Ball|p2a: Typhlosion\n|-supereffective|p2a: Typhlosion|1\n|-crit|p2a: Typhlosion\n|-damage|p2a: Typhlosion|0 fnt\n|faint|p2a: Typhlosion\n|move|p2b: Chesnaught|Body Press|p1a: Whimsicott\n|-resisted|p1a: Whimsicott|1\n|-damage|p1a: Whimsicott|0 fnt\n|faint|p1a: Whimsicott\n|\n|-weather|RainDance|[upkeep]\n|upkeep\n|\n|t:|1776281076\n|switch|p1a: Alcremie|Alcremie, L50, F|100/100\n|turn|6\n|\n|t:|1776281089\n|move|p1a: Alcremie|Decorate|p1b: Froslass\n|-boost|p1b: Froslass|atk|2\n|-boost|p1b: Froslass|spa|2\n|move|p1b: Froslass|Shadow Ball|p2b: Chesnaught\n|-immune|p2b: Chesnaught|[from] ability: Bulletproof\n|move|p2b: Chesnaught|Iron Defense|p2b: Chesnaught\n|-boost|p2b: Chesnaught|def|2\n|\n|-weather|none\n|upkeep\n|turn|7\n|\n|t:|1776281102\n|switch|p1a: Blastoise|Blastoise, L50, M|100/100\n|move|p1b: Froslass|Protect|p1b: Froslass\n|-singleturn|p1b: Froslass|Protect\n|move|p2b: Chesnaught|Wood Hammer|p1b: Froslass\n|-activate|p1b: Froslass|move: Protect\n|\n|upkeep\n|turn|8\n|\n|t:|1776281112\n|switch|p1b: Alcremie|Alcremie, L50, F|100/100\n|move|p2b: Chesnaught|Spiky Shield|p2b: Chesnaught\n|-singleturn|p2b: Chesnaught|move: Protect\n|move|p1a: Blastoise|Fake Out|p2b: Chesnaught\n|-activate|p2b: Chesnaught|move: Protect\n|-damage|p1a: Blastoise|88/100|[from] Spiky Shield|[of] p2b: Chesnaught\n|\n|-sideend|p1: skywalkingchris|move: Tailwind\n|upkeep\n|turn|9\n|\n|t:|1776281131\n|move|p1b: Alcremie|Dazzling Gleam|p2b: Chesnaught\n|-supereffective|p2b: Chesnaught|1\n|-damage|p2b: Chesnaught|5/100\n|move|p1a: Blastoise|Dragon Pulse|p2b: Chesnaught\n|-crit|p2b: Chesnaught\n|-damage|p2b: Chesnaught|0 fnt\n|faint|p2b: Chesnaught\n|\n|win|skywalkingchris\n|raw|skywalkingchris's rating: 1090 &rarr; <strong>1114</strong><br />(+24 for winning)\n|raw|Is not Taco's rating: 1062 &rarr; <strong>1044</strong><br />(-18 for losing)\n|l|\u2606Is not Taco\n|player|p2|\n",
  "uploadtime": 1776281146,
  "views": 36,
  "formatid": "gen9championsvgc2026regma",
  "rating": 1044,
  "private": 0,
  "password": null
}