{
  "id": "gen9championsvgc2026regma-2583744292",
  "format": "[Gen 9 Champions] VGC 2026 Reg M-A",
  "players": [
    "Harven",
    "henitusec"
  ],
  "log": "|j|\u2606Harven\n|j|\u2606henitusec\n|t:|1776194753\n|gametype|doubles\n|player|p1|Harven|ghetsis|1021\n|player|p2|henitusec|diantha|1116\n|gen|9\n|tier|[Gen 9 Champions] VGC 2026 Reg M-A\n|rated|\n|rule|Species Clause: Limit one of each Pok\u00e9mon\n|rule|Item Clause: Limit 1 of each item\n|clearpoke\n|poke|p1|Meganium, L50, M|\n|poke|p1|Pelipper, L50, M|\n|poke|p1|Scizor, L50, F|\n|poke|p1|Basculegion, L50, M|\n|poke|p1|Heliolisk, L50, F|\n|poke|p1|Sneasler, L50, M|\n|poke|p2|Gardevoir, L50, F|\n|poke|p2|Aegislash, L50, M|\n|poke|p2|Incineroar, L50, F|\n|poke|p2|Vivillon-Polar, L50, F|\n|poke|p2|Whimsicott, L50, M|\n|poke|p2|Tauros-Paldea-Aqua, L50, M|\n|teampreview|4\n|inactive|Battle timer is ON: inactive players will automatically lose when time's up. (requested by henitusec)\n|inactive|Harven has 60 seconds left.\n|\n|t:|1776194786\n|teamsize|p1|4\n|teamsize|p2|4\n|start\n|switch|p1a: Pepco|Pelipper, L50, M|100/100\n|switch|p1b: Mejlark|Scizor, L50, F|100/100\n|switch|p2a: Incineroar|Incineroar, L50, F|100/100\n|switch|p2b: Tauros|Tauros-Paldea-Aqua, L50, M|100/100\n|-weather|RainDance|[from] ability: Drizzle|[of] p1a: Pepco\n|-ability|p2b: Tauros|Intimidate|boost\n|-unboost|p1a: Pepco|atk|1\n|-unboost|p1b: Mejlark|atk|1\n|-ability|p2a: Incineroar|Intimidate|boost\n|-unboost|p1a: Pepco|atk|1\n|-unboost|p1b: Mejlark|atk|1\n|turn|1\n|inactive|Harven has 30 seconds left.\n|\n|t:|1776194819\n|switch|p1b: Vysh|Basculegion, L50, M, shiny|100/100\n|move|p2a: Incineroar|Fake Out|p1a: Pepco\n|-damage|p1a: Pepco|88/100\n|cant|p1a: Pepco|flinch\n|move|p2b: Tauros|Wave Crash|p1b: Vysh\n|-resisted|p1b: Vysh|1\n|-crit|p1b: Vysh\n|-damage|p1b: Vysh|0 fnt\n|faint|p1b: Vysh\n|-damage|p2b: Tauros|65/100|[from] Recoil\n|\n|-weather|RainDance|[upkeep]\n|upkeep\n|\n|t:|1776194832\n|switch|p1b: Bib|Sneasler, L50, M|100/100\n|turn|2\n|inactive|henitusec has 30 seconds left.\n|\n|t:|1776194861\n|move|p2b: Tauros|Protect|p2b: Tauros\n|-singleturn|p2b: Tauros|Protect\n|move|p1b: Bib|Fake Out|p2b: Tauros\n|-activate|p2b: Tauros|move: Protect\n|move|p1a: Pepco|Tailwind|p1a: Pepco\n|-sidestart|p1: Harven|move: Tailwind\n|move|p2a: Incineroar|Parting Shot|p1b: Bib\n|-unboost|p1b: Bib|atk|1\n|-unboost|p1b: Bib|spa|1\n|\n|t:|1776194872\n|switch|p2a: Whimsicott|Whimsicott, L50, M|100/100|[from] Parting Shot\n|-enditem|p1b: Bib|White Herb\n|-clearnegativeboost|p1b: Bib|[silent]\n|\n|-weather|RainDance|[upkeep]\n|upkeep\n|turn|3\n|inactive|Harven has 30 seconds left.\n|inactive|Harven has 20 seconds left.\n|\n|t:|1776194909\n|move|p2a: Whimsicott|Encore|p1a: Pepco\n|-start|p1a: Pepco|Encore\n|move|p1b: Bib|Dire Claw|p2b: Tauros\n|-damage|p2b: Tauros|28/100\n|-status|p2b: Tauros|slp\n|move|p1a: Pepco|Tailwind||[still]\n|-fail|p1a: Pepco\n|cant|p2b: Tauros|slp\n|\n|-weather|RainDance|[upkeep]\n|upkeep\n|turn|4\n|\n|t:|1776194927\n|switch|p1a: Mejlark|Scizor, L50, F|100/100\n|move|p2a: Whimsicott|Tailwind|p2a: Whimsicott\n|-sidestart|p2: henitusec|move: Tailwind\n|move|p1b: Bib|Dire Claw|p2a: Whimsicott\n|-supereffective|p2a: Whimsicott|2\n|-damage|p2a: Whimsicott|0 fnt\n|faint|p2a: Whimsicott\n|cant|p2b: Tauros|slp\n|\n|-weather|RainDance|[upkeep]\n|upkeep\n|\n|t:|1776194936\n|switch|p2a: Incineroar|Incineroar, L50, F|100/100\n|-ability|p2a: Incineroar|Intimidate|boost\n|-unboost|p1a: Mejlark|atk|1\n|-unboost|p1b: Bib|atk|1\n|turn|5\n|\n|t:|1776194956\n|detailschange|p1a: Mejlark|Scizor-Mega, L50, F\n|-mega|p1a: Mejlark|Scizor|Scizorite\n|move|p2a: Incineroar|Fake Out|p1b: Bib\n|-damage|p1b: Bib|82/100\n|cant|p1b: Bib|flinch\n|move|p1a: Mejlark|U-turn|p2a: Incineroar\n|-damage|p2a: Incineroar|76/100\n|\n|t:|1776194964\n|switch|p1a: Pepco|Pelipper, L50, M|88/100|[from] U-turn\n|-curestatus|p2b: Tauros|slp|[msg]\n|move|p2b: Tauros|Wave Crash|p1b: Bib\n|-damage|p1b: Bib|0 fnt\n|faint|p1b: Bib\n|-damage|p2b: Tauros|5/100|[from] Recoil\n|\n|-weather|none\n|-sideend|p1: Harven|move: Tailwind\n|upkeep\n|\n|t:|1776194974\n|switch|p1b: Mejlark|Scizor-Mega, L50, F|100/100\n|turn|6\n|inactive|Harven has 30 seconds left.\n|inactive|Harven has 20 seconds left.\n|\n|t:|1776195011\n|move|p2b: Tauros|Aqua Jet|p1b: Mejlark\n|-damage|p1b: Mejlark|80/100\n|move|p1b: Mejlark|Bullet Punch|p2b: Tauros\n|-resisted|p2b: Tauros|1\n|-damage|p2b: Tauros|0 fnt\n|faint|p2b: Tauros\n|move|p2a: Incineroar|Flare Blitz|p1b: Mejlark\n|-supereffective|p1b: Mejlark|2\n|-damage|p1b: Mejlark|0 fnt\n|faint|p1b: Mejlark\n|-damage|p2a: Incineroar|57/100|[from] Recoil\n|move|p1a: Pepco|Surf|p2a: Incineroar\n|-supereffective|p2a: Incineroar|1\n|-damage|p2a: Incineroar|0 fnt\n|faint|p2a: Incineroar\n|\n|upkeep\n|\n|t:|1776195026\n|switch|p2a: Gardevoir|Gardevoir, L50, F, shiny|100/100\n|-ability|p2a: Gardevoir|Drizzle|Trace|[from] ability: Trace|[of] p1a: Pepco\n|-weather|RainDance|[from] ability: Drizzle|[of] p2a: Gardevoir\n|turn|7\n|inactive|Harven has 30 seconds left.\n|\n|t:|1776195053\n|detailschange|p2a: Gardevoir|Gardevoir-Mega, L50, F, shiny\n|-mega|p2a: Gardevoir|Gardevoir|Gardevoirite\n|move|p2a: Gardevoir|Thunderbolt|p1a: Pepco\n|-supereffective|p1a: Pepco|2\n|-crit|p1a: Pepco\n|-damage|p1a: Pepco|0 fnt\n|faint|p1a: Pepco\n|\n|win|henitusec\n|raw|Harven's rating: 1021 &rarr; <strong>1011</strong><br />(-10 for losing)\n|raw|henitusec's rating: 1116 &rarr; <strong>1134</strong><br />(+18 for winning)\n",
  "uploadtime": 1776195061,
  "views": 15,
  "formatid": "gen9championsvgc2026regma",
  "rating": 1011,
  "private": 0,
  "password": null
}