{
  "id": "gen9championsvgc2026regma-2583149924",
  "format": "[Gen 9 Champions] VGC 2026 Reg M-A",
  "players": [
    "potato718",
    "Medoy_2"
  ],
  "log": "|j|\u2606potato718\n|j|\u2606Medoy_2\n|t:|1776148095\n|gametype|doubles\n|player|p1|potato718|2|1174\n|player|p2|Medoy_2|dancer|1088\n|gen|9\n|tier|[Gen 9 Champions] VGC 2026 Reg M-A\n|rated|\n|rule|Species Clause: Limit one of each Pok\u00e9mon\n|rule|Item Clause: Limit 1 of each item\n|clearpoke\n|poke|p1|Aegislash, L50, F|\n|poke|p1|Lucario, L50, F|\n|poke|p1|Aerodactyl, L50, M|\n|poke|p1|Rotom-Wash, L50|\n|poke|p1|Incineroar, L50, F|\n|poke|p1|Maushold, L50|\n|poke|p2|Kangaskhan, L50, F|\n|poke|p2|Sinistcha, L50|\n|poke|p2|Sneasler, L50, F|\n|poke|p2|Talonflame, L50, F|\n|poke|p2|Floette-Eternal, L50, F|\n|poke|p2|Incineroar, L50, M|\n|teampreview|4\npotato718 has agreed to open team sheets.\nMedoy_2 has agreed to open team sheets.\n|showteam|p1|Aegislash||Leftovers|StanceChange|FlashCannon,ShadowBall,KingsShield,Substitute|||F|||50|]Lucario||Lucarionite|InnerFocus|Detect,BulletPunch,CloseCombat,MeteorMash|||F|||50|]Aerodactyl||Aerodactylite|Unnerve|Protect,Tailwind,RockSlide,DualWingbeat|||M|||50|]Rotom-Wash||SitrusBerry|Levitate|HydroPump,VoltSwitch,Protect,WillOWisp||||||50|]Incineroar||ShucaBerry|Intimidate|FlareBlitz,DarkestLariat,PartingShot,FakeOut|||F|||50|]Maushold||FocusSash|FriendGuard|FollowMe,Encore,SuperFang,Protect||||||50|\n|showteam|p2|Kangaskhan||Kangaskhanite|InnerFocus|FakeOut,SuckerPunch,DrainPunch,DoubleEdge|||F|||50|]Sinistcha||Leftovers|Hospitality|TrickRoom,MatchaGotcha,RagePowder,LifeDew||||||50|]Sneasler||FocusSash|PoisonTouch|CloseCombat,DireClaw,Acrobatics,Protect|||F|||50|]Talonflame||MentalHerb|GaleWings|Tailwind,FlareBlitz,BraveBird,Protect|||F|||50|]Floette-Eternal||Floettite|FlowerVeil|CalmMind,DazzlingGleam,Protect,GigaDrain|||F|||50|]Incineroar||SitrusBerry|Intimidate|PartingShot,FlareBlitz,ThroatChop,FakeOut|||M|||50|\n|\n|t:|1776148145\n|teamsize|p1|4\n|teamsize|p2|4\n|start\n|switch|p1a: Incineroar|Incineroar, L50, F|100/100\n|switch|p1b: Lucario|Lucario, L50, F|100/100\n|switch|p2a: Floette|Floette-Eternal, L50, F|100/100\n|switch|p2b: Incineroar|Incineroar, L50, M|100/100\n|-ability|p1a: Incineroar|Intimidate|boost\n|-unboost|p2a: Floette|atk|1\n|-unboost|p2b: Incineroar|atk|1\n|-ability|p2b: Incineroar|Intimidate|boost\n|-unboost|p1a: Incineroar|atk|1\n|-fail|p1b: Lucario|unboost|Attack|[from] ability: Inner Focus|[of] p1b: Lucario\n|turn|1\n|\n|t:|1776148189\n|detailschange|p1b: Lucario|Lucario-Mega, L50, F\n|-mega|p1b: Lucario|Lucario|Lucarionite\n|detailschange|p2a: Floette|Floette-Mega, L50, F\n|-mega|p2a: Floette|Floette|Floettite\n|-ability|p2a: Floette|Fairy Aura\n|move|p2a: Floette|Protect|p2a: Floette\n|-singleturn|p2a: Floette|Protect\n|move|p2b: Incineroar|Fake Out|p1b: Lucario\n|-resisted|p1b: Lucario|1\n|-damage|p1b: Lucario|95/100\n|move|p1a: Incineroar|Fake Out|p2a: Floette\n|-activate|p2a: Floette|move: Protect\n|cant|p1b: Lucario|flinch\n|\n|upkeep\n|turn|2\n|\n|t:|1776148206\n|switch|p2a: Sinistcha|Sinistcha, L50|100/100\n|move|p1b: Lucario|Detect|p1b: Lucario\n|-singleturn|p1b: Lucario|Protect\n|move|p1a: Incineroar|Parting Shot|p2a: Sinistcha\n|-unboost|p2a: Sinistcha|atk|1\n|-unboost|p2a: Sinistcha|spa|1\n|\n|t:|1776148214\n|switch|p1a: Rotom|Rotom-Wash, L50|100/100|[from] Parting Shot\n|move|p2b: Incineroar|Flare Blitz|p1b: Lucario\n|-activate|p1b: Lucario|move: Protect\n|\n|upkeep\n|turn|3\n|\n|t:|1776148224\n|switch|p1b: Incineroar|Incineroar, L50, F|100/100\n|-ability|p1b: Incineroar|Intimidate|boost\n|-unboost|p2a: Sinistcha|atk|1\n|-unboost|p2b: Incineroar|atk|1\n|move|p1a: Rotom|Hydro Pump|p2b: Incineroar|[miss]\n|-miss|p1a: Rotom|p2b: Incineroar\n|move|p2a: Sinistcha|Matcha Gotcha|p1a: Rotom|[spread] p1a\n|-miss|p2a: Sinistcha|p1b: Incineroar\n|-supereffective|p1a: Rotom|1\n|-damage|p1a: Rotom|76/100\n|-status|p1a: Rotom|brn\n|move|p2b: Incineroar|Parting Shot|p1a: Rotom\n|-unboost|p1a: Rotom|atk|1\n|-unboost|p1a: Rotom|spa|1\n|\n|t:|1776148242\n|switch|p2b: Floette|Floette-Mega, L50, F|100/100|[from] Parting Shot\n|-ability|p2b: Floette|Fairy Aura\n|\n|-damage|p1a: Rotom|71/100 brn|[from] brn\n|upkeep\n|turn|4\n|\n|t:|1776148263\n|switch|p2a: Incineroar|Incineroar, L50, M|100/100\n|-ability|p2a: Incineroar|Intimidate|boost\n|-unboost|p1a: Rotom|atk|1\n|-unboost|p1b: Incineroar|atk|1\n|move|p2b: Floette|Protect|p2b: Floette\n|-singleturn|p2b: Floette|Protect\n|move|p1a: Rotom|Volt Switch|p2a: Incineroar\n|-damage|p2a: Incineroar|83/100\n|\n|t:|1776148275\n|switch|p1a: Aegislash|Aegislash, L50, F|100/100|[from] Volt Switch\n|move|p1b: Incineroar|Darkest Lariat|p2a: Incineroar\n|-resisted|p2a: Incineroar|1\n|-damage|p2a: Incineroar|73/100\n|\n|upkeep\n|turn|5\n|\n|t:|1776148297\n|switch|p2b: Sinistcha|Sinistcha, L50|100/100\n|-heal|p2a: Incineroar|98/100|[from] ability: Hospitality|[of] p2b: Sinistcha\n|move|p1a: Aegislash|King's Shield|p1a: Aegislash\n|-singleturn|p1a: Aegislash|Protect\n|move|p1b: Incineroar|Parting Shot|p2b: Sinistcha\n|-unboost|p2b: Sinistcha|atk|1\n|-unboost|p2b: Sinistcha|spa|1\n|\n|t:|1776148305\n|switch|p1b: Rotom|Rotom-Wash, L50|71/100 brn|[from] Parting Shot\n|move|p2a: Incineroar|Flare Blitz|p1a: Aegislash\n|-activate|p1a: Aegislash|move: Protect\n|-unboost|p2a: Incineroar|atk|1\n|\n|-damage|p1b: Rotom|65/100 brn|[from] brn\n|upkeep\n|turn|6\n|\n|t:|1776148318\n|move|p1b: Rotom|Hydro Pump|p2a: Incineroar\n|-supereffective|p2a: Incineroar|1\n|-damage|p2a: Incineroar|21/100\n|-enditem|p2a: Incineroar|Sitrus Berry|[eat]\n|-heal|p2a: Incineroar|46/100|[from] item: Sitrus Berry\n|move|p2b: Sinistcha|Matcha Gotcha|p1b: Rotom|[spread] p1a,p1b\n|-resisted|p1a: Aegislash|1\n|-supereffective|p1b: Rotom|1\n|-damage|p1a: Aegislash|94/100\n|-damage|p1b: Rotom|37/100 brn\n|-enditem|p1b: Rotom|Sitrus Berry|[eat]\n|-heal|p1b: Rotom|62/100 brn|[from] item: Sitrus Berry\n|-formechange|p1a: Aegislash|Aegislash-Blade|\n|move|p1a: Aegislash|Flash Cannon|p2a: Incineroar\n|-resisted|p2a: Incineroar|1\n|-damage|p2a: Incineroar|23/100\n|move|p2a: Incineroar|Flare Blitz|p1a: Aegislash\n|-supereffective|p1a: Aegislash|1\n|-damage|p1a: Aegislash|0 fnt\n|faint|p1a: Aegislash\n|-damage|p2a: Incineroar|0 fnt|[from] Recoil\n|faint|p2a: Incineroar\n|\n|-damage|p1b: Rotom|56/100 brn|[from] brn\n|upkeep\n|\n|t:|1776148341\n|switch|p2a: Floette|Floette-Mega, L50, F|100/100\n|switch|p1a: Lucario|Lucario-Mega, L50, F|95/100\n|-ability|p2a: Floette|Fairy Aura\n|turn|7\n|\n|t:|1776148359\n|move|p1a: Lucario|Detect|p1a: Lucario\n|-singleturn|p1a: Lucario|Protect\n|move|p2b: Sinistcha|Rage Powder|p2b: Sinistcha\n|-singleturn|p2b: Sinistcha|move: Rage Powder\n|move|p2a: Floette|Dazzling Gleam|p1a: Lucario|[spread] p1b\n|-activate|p1a: Lucario|move: Protect\n|-damage|p1b: Rotom|10/100 brn\n|move|p1b: Rotom|Volt Switch|p2b: Sinistcha\n|-resisted|p2b: Sinistcha|1\n|-damage|p2b: Sinistcha|88/100\n|\n|t:|1776148366\n|switch|p1b: Incineroar|Incineroar, L50, F|100/100|[from] Volt Switch\n|-ability|p1b: Incineroar|Intimidate|boost\n|-unboost|p2a: Floette|atk|1\n|-unboost|p2b: Sinistcha|atk|1\n|\n|-heal|p2b: Sinistcha|94/100|[from] item: Leftovers\n|upkeep\n|turn|8\n|\n|t:|1776148380\n|switch|p1a: Rotom|Rotom-Wash, L50|10/100 brn\n|move|p2a: Floette|Protect|p2a: Floette\n|-singleturn|p2a: Floette|Protect\n|move|p2b: Sinistcha|Matcha Gotcha|p1a: Rotom|[spread] p1b\n|-miss|p2b: Sinistcha|p1a: Rotom\n|-resisted|p1b: Incineroar|1\n|-damage|p1b: Incineroar|94/100\n|-heal|p2b: Sinistcha|98/100|[from] drain|[of] p1b: Incineroar\n|move|p1b: Incineroar|Flare Blitz|p2a: Floette\n|-activate|p2a: Floette|move: Protect\n|\n|-heal|p2b: Sinistcha|100/100|[from] item: Leftovers\n|-damage|p1a: Rotom|4/100 brn|[from] brn\n|upkeep\n|turn|9\n|\n|t:|1776148401\n|move|p1a: Rotom|Protect|p1a: Rotom\n|-singleturn|p1a: Rotom|Protect\n|move|p2b: Sinistcha|Rage Powder|p2b: Sinistcha\n|-singleturn|p2b: Sinistcha|move: Rage Powder\n|move|p2a: Floette|Dazzling Gleam|p1a: Rotom|[spread] p1b\n|-activate|p1a: Rotom|move: Protect\n|-damage|p1b: Incineroar|51/100\n|move|p1b: Incineroar|Flare Blitz|p2b: Sinistcha\n|-supereffective|p2b: Sinistcha|1\n|-damage|p2b: Sinistcha|30/100\n|-damage|p1b: Incineroar|31/100|[from] Recoil\n|\n|-heal|p2b: Sinistcha|36/100|[from] item: Leftovers\n|-damage|p1a: Rotom|0 fnt|[from] brn\n|faint|p1a: Rotom\n|upkeep\n|\n|t:|1776148411\n|switch|p1a: Lucario|Lucario-Mega, L50, F|95/100\n|turn|10\n|\n|t:|1776148422\n|move|p2b: Sinistcha|Rage Powder|p2b: Sinistcha\n|-singleturn|p2b: Sinistcha|move: Rage Powder\n|move|p1a: Lucario|Meteor Mash|p2b: Sinistcha\n|-damage|p2b: Sinistcha|0 fnt\n|faint|p2b: Sinistcha\n|move|p2a: Floette|Dazzling Gleam|p1a: Lucario|[spread] p1a,p1b\n|-damage|p1a: Lucario|23/100\n|-damage|p1b: Incineroar|0 fnt\n|faint|p1b: Incineroar\n|\n|upkeep\n|\n|t:|1776148431\n|switch|p2b: Sneasler|Sneasler, L50, F|100/100\n|turn|11\n|\n|t:|1776148438\n|move|p2b: Sneasler|Close Combat|p1a: Lucario\n|-supereffective|p1a: Lucario|1\n|-damage|p1a: Lucario|0 fnt\n|-unboost|p2b: Sneasler|def|1\n|-unboost|p2b: Sneasler|spd|1\n|faint|p1a: Lucario\n|\n|win|Medoy_2\n|raw|potato718's rating: 1174 &rarr; <strong>1143</strong><br />(-31 for losing)\n|raw|Medoy_2's rating: 1088 &rarr; <strong>1121</strong><br />(+33 for winning)\n|l|\u2606potato718\n|player|p1|\n",
  "uploadtime": 1776148446,
  "views": 20,
  "formatid": "gen9championsvgc2026regma",
  "rating": 1121,
  "private": 0,
  "password": null
}