{
  "id": "gen9championsvgc2026regma-2587361452",
  "format": "[Gen 9 Champions] VGC 2026 Reg M-A",
  "players": [
    "UtterlyIncapable",
    "laksh18k"
  ],
  "log": "|j|\u2606UtterlyIncapable\n|j|\u2606laksh18k\n|t:|1776525348\n|gametype|doubles\n|player|p1|UtterlyIncapable|firebreather|1382\n|player|p2|laksh18k|lucas|1320\n|gen|9\n|tier|[Gen 9 Champions] VGC 2026 Reg M-A\n|rated|\n|rule|Species Clause: Limit one of each Pok\u00e9mon\n|rule|Item Clause: Limit 1 of each item\n|clearpoke\n|poke|p1|Zoroark-Hisui, L50, F|\n|poke|p1|Whimsicott, L50, F|\n|poke|p1|Garchomp, L50, M|\n|poke|p1|Glimmora, L50, M|\n|poke|p1|Corviknight, L50, M|\n|poke|p1|Aegislash, L50, M|\n|poke|p2|Charizard, L50, M, shiny|\n|poke|p2|Venusaur, L50, F|\n|poke|p2|Garchomp, L50, F|\n|poke|p2|Rotom-Wash, L50|\n|poke|p2|Sneasler, L50, M|\n|poke|p2|Incineroar, L50, F, shiny|\n|teampreview|4\n|inactive|Battle timer is ON: inactive players will automatically lose when time's up. (requested by laksh18k)\n|\n|t:|1776525370\n|teamsize|p1|4\n|teamsize|p2|4\n|start\n|switch|p1a: Glimmora|Glimmora, L50, M|100/100\n|switch|p1b: Whimsicott|Whimsicott, L50, F|100/100\n|switch|p2a: Incineroar|Incineroar, L50, F, shiny|100/100\n|switch|p2b: Garchomp|Garchomp, L50, F|100/100\n|-ability|p2a: Incineroar|Intimidate|boost\n|-unboost|p1a: Glimmora|atk|1\n|-unboost|p1b: Whimsicott|atk|1\n|turn|1\n|inactive|laksh18k has 30 seconds left.\n|\n|t:|1776525399\n|switch|p1a: Corviknight|Corviknight, L50, M|100/100\n|move|p2b: Garchomp|Earthquake|p1b: Whimsicott|[spread] p2a,p1b\n|-immune|p1a: Corviknight\n|-supereffective|p2a: Incineroar|1\n|-resisted|p1b: Whimsicott|1\n|-damage|p2a: Incineroar|34/100\n|-damage|p1b: Whimsicott|74/100\n|-enditem|p2a: Incineroar|Sitrus Berry|[eat]\n|-heal|p2a: Incineroar|59/100|[from] item: Sitrus Berry\n|move|p1b: Whimsicott|Moonblast|p2b: Garchomp\n|-supereffective|p2b: Garchomp|1\n|-damage|p2b: Garchomp|39/100\n|move|p2a: Incineroar|Darkest Lariat|p1b: Whimsicott\n|-resisted|p1b: Whimsicott|1\n|-crit|p1b: Whimsicott\n|-damage|p1b: Whimsicott|42/100\n|\n|upkeep\n|turn|2\n|\n|t:|1776525420\n|switch|p2b: Charizard|Charizard, L50, M, shiny|100/100\n|move|p1b: Whimsicott|Encore||[still]\n|-fail|p1b: Whimsicott\n|move|p1a: Corviknight|Iron Defense|p1a: Corviknight\n|-boost|p1a: Corviknight|def|2\n|move|p2a: Incineroar|Parting Shot|p1a: Corviknight\n|-ability|p1a: Corviknight|Mirror Armor\n|-unboost|p2a: Incineroar|atk|1\n|-ability|p1a: Corviknight|Mirror Armor\n|-unboost|p2a: Incineroar|spa|1\n|\n|t:|1776525435\n|switch|p2a: Garchomp|Garchomp, L50, F|39/100|[from] Parting Shot\n|\n|upkeep\n|turn|3\n|\n|t:|1776525445\n|detailschange|p2b: Charizard|Charizard-Mega-Y, L50, M, shiny\n|-mega|p2b: Charizard|Charizard|Charizardite Y\n|-weather|SunnyDay|[from] ability: Drought|[of] p2b: Charizard\n|move|p1a: Corviknight|Protect|p1a: Corviknight\n|-singleturn|p1a: Corviknight|Protect\n|move|p1b: Whimsicott|Tailwind|p1b: Whimsicott\n|-sidestart|p1: UtterlyIncapable|move: Tailwind\n|move|p2a: Garchomp|Rock Slide|p1b: Whimsicott|[spread] p1b\n|-activate|p1a: Corviknight|move: Protect\n|-damage|p1b: Whimsicott|17/100\n|move|p2b: Charizard|Heat Wave|p1b: Whimsicott|[spread] p1b\n|-activate|p1a: Corviknight|move: Protect\n|-supereffective|p1b: Whimsicott|1\n|-crit|p1b: Whimsicott\n|-damage|p1b: Whimsicott|0 fnt\n|faint|p1b: Whimsicott\n|\n|-weather|SunnyDay|[upkeep]\n|upkeep\n|\n|t:|1776525450\n|switch|p1b: Glimmora|Glimmora, L50, M|100/100\n|turn|4\n|inactive|laksh18k has 30 seconds left.\n|inactive|laksh18k has 20 seconds left.\n|\n|t:|1776525485\n|switch|p2a: Venusaur|Venusaur, L50, F|100/100\n|switch|p2b: Incineroar|Incineroar, L50, F, shiny|59/100\n|-ability|p2b: Incineroar|Intimidate|boost\n|-ability|p1a: Corviknight|Mirror Armor\n|-unboost|p2b: Incineroar|atk|1\n|-unboost|p1b: Glimmora|atk|1\n|detailschange|p1b: Glimmora|Glimmora-Mega, L50, M\n|-mega|p1b: Glimmora|Glimmora|Glimmoranite\n|move|p1b: Glimmora|Power Gem|p2b: Incineroar\n|-supereffective|p2b: Incineroar|1\n|-crit|p2b: Incineroar\n|-damage|p2b: Incineroar|0 fnt\n|faint|p2b: Incineroar\n|move|p1a: Corviknight|Body Press|p2a: Venusaur\n|-resisted|p2a: Venusaur|1\n|-damage|p2a: Venusaur|63/100\n|\n|-weather|SunnyDay|[upkeep]\n|upkeep\n|\n|t:|1776525502\n|switch|p2b: Garchomp|Garchomp, L50, F|39/100\n|turn|5\n|\n|t:|1776525515\n|move|p2a: Venusaur|Protect|p2a: Venusaur\n|-singleturn|p2a: Venusaur|Protect\n|move|p1b: Glimmora|Substitute|p1b: Glimmora\n|-start|p1b: Glimmora|Substitute\n|-damage|p1b: Glimmora|76/100\n|move|p2b: Garchomp|Earthquake|p1a: Corviknight|[spread] p1b\n|-activate|p2a: Venusaur|move: Protect\n|-immune|p1a: Corviknight\n|-supereffective|p1b: Glimmora|2\n|-end|p1b: Glimmora|Substitute\n|move|p1a: Corviknight|Body Press|p2b: Garchomp\n|-damage|p2b: Garchomp|0 fnt\n|-damage|p1a: Corviknight|88/100|[from] ability: Rough Skin|[of] p2b: Garchomp\n|faint|p2b: Garchomp\n|\n|-weather|SunnyDay|[upkeep]\n|upkeep\n|\n|t:|1776525528\n|switch|p2b: Charizard|Charizard-Mega-Y, L50, M, shiny|100/100\n|turn|6\n|\n|t:|1776525533\n|move|p2b: Charizard|Protect|p2b: Charizard\n|-singleturn|p2b: Charizard|Protect\n|move|p1b: Glimmora|Sludge Bomb|p2a: Venusaur\n|-damage|p2a: Venusaur|0 fnt\n|faint|p2a: Venusaur\n|move|p1a: Corviknight|Brave Bird|p2b: Charizard\n|-activate|p2b: Charizard|move: Protect\n|\n|-weather|SunnyDay|[upkeep]\n|-sideend|p1: UtterlyIncapable|move: Tailwind\n|upkeep\n|turn|7\n|-message|laksh18k forfeited.\n|\n|win|UtterlyIncapable\n|raw|UtterlyIncapable's rating: 1382 &rarr; <strong>1398</strong><br />(+16 for winning)\n|raw|laksh18k's rating: 1320 &rarr; <strong>1304</strong><br />(-16 for losing)\n|l|\u2606laksh18k\n|player|p2|\n",
  "uploadtime": 1776525545,
  "views": 34,
  "formatid": "gen9championsvgc2026regma",
  "rating": 1304,
  "private": 0,
  "password": null
}