{
  "id": "gen9championsvgc2026regma-2581075865",
  "format": "[Gen 9 Champions] VGC 2026 Reg M-A",
  "players": [
    "99999999999ooo9999",
    "pacrar1100"
  ],
  "log": "|j|\u260699999999999ooo9999\n|j|\u2606pacrar1100\n|t:|1775957559\n|gametype|doubles\n|player|p1|99999999999ooo9999|lucas|1047\n|player|p2|pacrar1100|steven|1090\n|gen|9\n|tier|[Gen 9 Champions] VGC 2026 Reg M-A\n|rated|\n|rule|Species Clause: Limit one of each Pok\u00e9mon\n|rule|Item Clause: Limit 1 of each item\n|clearpoke\n|poke|p1|Incineroar, L50, M|\n|poke|p1|Floette-Eternal, L50, F|\n|poke|p1|Whimsicott, L50, M|\n|poke|p1|Gliscor, L50, M|\n|poke|p1|Sylveon, L50, F|\n|poke|p1|Arcanine-Hisui, L50, F|\n|poke|p2|Charizard, L50, F|\n|poke|p2|Venusaur, L50, M|\n|poke|p2|Garchomp, L50, M|\n|poke|p2|Gardevoir, L50, F|\n|poke|p2|Milotic, L50, M|\n|poke|p2|Incineroar, L50, F|\n|teampreview|4\n|inactive|Battle timer is ON: inactive players will automatically lose when time's up. (requested by 99999999999ooo9999)\n|inactive|99999999999ooo9999 has 60 seconds left.\n|\n|t:|1775957613\n|teamsize|p1|4\n|teamsize|p2|4\n|start\n|switch|p1a: Gliscor|Gliscor, L50, M|100/100\n|switch|p1b: Arcanine|Arcanine-Hisui, L50, F|100/100\n|switch|p2a: Charizard|Charizard, L50, F|100/100\n|switch|p2b: Milotic|Milotic, L50, M|100/100\n|-ability|p1b: Arcanine|Intimidate|boost\n|-unboost|p2a: Charizard|atk|1\n|-unboost|p2b: Milotic|atk|1\n|-ability|p2b: Milotic|Competitive|boost\n|-boost|p2b: Milotic|spa|2\n|turn|1\n|\n|t:|1775957631\n|move|p2a: Charizard|Protect|p2a: Charizard\n|-singleturn|p2a: Charizard|Protect\n|move|p1a: Gliscor|Knock Off|p2b: Milotic\n|-damage|p2b: Milotic|77/100\n|-enditem|p2b: Milotic|Sitrus Berry|[from] move: Knock Off|[of] p1a: Gliscor\n|move|p1b: Arcanine|Rock Slide|p2b: Milotic|[spread] p2b\n|-activate|p2a: Charizard|move: Protect\n|-damage|p2b: Milotic|50/100\n|cant|p2b: Milotic|flinch\n|\n|upkeep\n|turn|2\n|\n|t:|1775957654\n|switch|p2a: Gardevoir|Gardevoir, L50, F, shiny|100/100\n|move|p1a: Gliscor|Knock Off|p2b: Milotic\n|-damage|p2b: Milotic|33/100\n|move|p1b: Arcanine|Rock Slide|p2a: Gardevoir|[spread] p2a,p2b\n|-damage|p2a: Gardevoir|56/100\n|-damage|p2b: Milotic|10/100\n|move|p2b: Milotic|Scald|p1b: Arcanine\n|-supereffective|p1b: Arcanine|2\n|-damage|p1b: Arcanine|0 fnt\n|faint|p1b: Arcanine\n|\n|upkeep\n|\n|t:|1775957665\n|switch|p1b: Floette|Floette-Eternal, L50, F|100/100\n|turn|3\n|\n|t:|1775957676\n|detailschange|p1b: Floette|Floette-Mega, L50, F\n|-mega|p1b: Floette|Floette|Floettite\n|-ability|p1b: Floette|Fairy Aura\n|move|p2b: Milotic|Protect|p2b: Milotic\n|-singleturn|p2b: Milotic|Protect\n|move|p1a: Gliscor|Knock Off|p2a: Gardevoir\n|-crit|p2a: Gardevoir\n|-damage|p2a: Gardevoir|0 fnt\n|-enditem|p2a: Gardevoir|Choice Scarf|[from] move: Knock Off|[of] p1a: Gliscor\n|faint|p2a: Gardevoir\n|move|p1b: Floette|Draining Kiss|p2b: Milotic\n|-activate|p2b: Milotic|move: Protect\n|\n|upkeep\n|\n|t:|1775957694\n|switch|p2a: Charizard|Charizard, L50, F|100/100\n|turn|4\n|\n|t:|1775957706\n|detailschange|p2a: Charizard|Charizard-Mega-Y, L50, F\n|-mega|p2a: Charizard|Charizard|Charizardite Y\n|-weather|SunnyDay|[from] ability: Drought|[of] p2a: Charizard\n|move|p1a: Gliscor|Knock Off|p2a: Charizard\n|-damage|p2a: Charizard|75/100\n|move|p1b: Floette|Draining Kiss|p2b: Milotic\n|-damage|p2b: Milotic|0 fnt\n|faint|p2b: Milotic\n|move|p2a: Charizard|Heat Wave|p1b: Floette|[spread] p1a,p1b\n|-damage|p1a: Gliscor|0 fnt\n|-damage|p1b: Floette|42/100\n|faint|p1a: Gliscor\n|\n|-weather|SunnyDay|[upkeep]\n|upkeep\n|\n|t:|1775957719\n|switch|p1a: Whimsicott|Whimsicott, L50, M, shiny|100/100\n|switch|p2b: Venusaur|Venusaur, L50, M|100/100\n|turn|5\n|\n|t:|1775957727\n|move|p1a: Whimsicott|Tailwind|p1a: Whimsicott\n|-sidestart|p1: 99999999999ooo9999|move: Tailwind\n|move|p1b: Floette|Light of Ruin|p2a: Charizard\n|-resisted|p2a: Charizard|1\n|-damage|p2a: Charizard|8/100\n|-damage|p1b: Floette|8/100|[from] Recoil\n|move|p2b: Venusaur|Sludge Bomb|p1a: Whimsicott\n|-supereffective|p1a: Whimsicott|2\n|-enditem|p1a: Whimsicott|Focus Sash\n|-damage|p1a: Whimsicott|1/100\n|-status|p1a: Whimsicott|psn\n|move|p2a: Charizard|Solar Beam||[still]\n|-prepare|p2a: Charizard|Solar Beam\n|-anim|p2a: Charizard|Solar Beam|p1b: Floette\n|-damage|p1b: Floette|0 fnt\n|faint|p1b: Floette\n|\n|-weather|SunnyDay|[upkeep]\n|-damage|p1a: Whimsicott|0 fnt|[from] psn\n|faint|p1a: Whimsicott\n|\n|win|pacrar1100\n|raw|99999999999ooo9999's rating: 1047 &rarr; <strong>1032</strong><br />(-15 for losing)\n|raw|pacrar1100's rating: 1090 &rarr; <strong>1113</strong><br />(+23 for winning)\n",
  "uploadtime": 1775957746,
  "views": 22,
  "formatid": "gen9championsvgc2026regma",
  "rating": 1032,
  "private": 0,
  "password": null
}