{
  "id": "gen9championsvgc2026regma-2584745617",
  "format": "[Gen 9 Champions] VGC 2026 Reg M-A",
  "players": [
    "Relink007",
    "Blinks13"
  ],
  "log": "|j|\u2606Relink007\n|j|\u2606Blinks13\n|t:|1776280695\n|gametype|doubles\n|player|p1|Relink007|1|1108\n|player|p2|Blinks13|cynthia-gen4|1081\n|gen|9\n|tier|[Gen 9 Champions] VGC 2026 Reg M-A\n|rated|\n|rule|Species Clause: Limit one of each Pok\u00e9mon\n|rule|Item Clause: Limit 1 of each item\n|clearpoke\n|poke|p1|Azumarill, L50, F|\n|poke|p1|Garchomp, L50, F|\n|poke|p1|Sneasler, L50, F|\n|poke|p1|Ceruledge, L50, F|\n|poke|p1|Sinistcha, L50|\n|poke|p1|Froslass, L50, F|\n|poke|p2|Alakazam, L50, M|\n|poke|p2|Meowstic, L50, M|\n|poke|p2|Sneasler, L50, F|\n|poke|p2|Clefable, L50, F|\n|poke|p2|Aggron, L50, M|\n|poke|p2|Aerodactyl, L50, M|\n|teampreview|4\n|inactive|Battle timer is ON: inactive players will automatically lose when time's up. (requested by Blinks13)\n|inactive|Relink007 has 60 seconds left.\n|inactive|Relink007 has 30 seconds left.\n|inactive|Relink007 has 20 seconds left.\n|inactive|Relink007 has 15 seconds left.\n|\n|t:|1776280771\n|teamsize|p1|4\n|teamsize|p2|4\n|start\n|switch|p1a: Ceruledge|Ceruledge, L50, F|100/100\n|switch|p1b: Sneasler|Sneasler, L50, F|100/100\n|switch|p2a: Alakazam|Alakazam, L50, M|100/100\n|switch|p2b: Meowstic|Meowstic, L50, M|100/100\n|turn|1\n|inactive|Relink007 has 30 seconds left.\n|\n|t:|1776280801\n|move|p2b: Meowstic|Protect|p2b: Meowstic\n|-singleturn|p2b: Meowstic|Protect\n|move|p2a: Alakazam|Protect|p2a: Alakazam\n|-singleturn|p2a: Alakazam|Protect\n|move|p1b: Sneasler|Protect|p1b: Sneasler\n|-singleturn|p1b: Sneasler|Protect\n|move|p1a: Ceruledge|Substitute|p1a: Ceruledge\n|-start|p1a: Ceruledge|Substitute\n|-damage|p1a: Ceruledge|75/100\n|\n|upkeep\n|turn|2\n|inactive|Blinks13 has 30 seconds left.\n|\n|t:|1776280830\n|switch|p2a: Sneasler|Sneasler, L50, F|100/100\n|move|p2b: Meowstic|Light Screen|p2b: Meowstic\n|-sidestart|p2: Blinks13|move: Light Screen\n|move|p1b: Sneasler|U-turn|p2a: Sneasler\n|-resisted|p2a: Sneasler|2\n|-damage|p2a: Sneasler|90/100\n|\n|t:|1776280845\n|switch|p1b: Froslass|Froslass, L50, F|100/100|[from] U-turn\n|move|p1a: Ceruledge|Bitter Blade|p2b: Meowstic\n|-damage|p2b: Meowstic|36/100\n|-heal|p1a: Ceruledge|100/100|[from] drain|[of] p2b: Meowstic\n|\n|upkeep\n|turn|3\n|\n|t:|1776280865\n|detailschange|p1b: Froslass|Froslass-Mega, L50, F\n|-mega|p1b: Froslass|Froslass|Froslassite\n|-weather|Snowscape|[from] ability: Snow Warning|[of] p1b: Froslass\n|move|p2b: Meowstic|Psychic Terrain|p2b: Meowstic\n|-fieldstart|move: Psychic Terrain\n|move|p2a: Sneasler|Dire Claw|p1a: Ceruledge\n|-resisted|p1a: Ceruledge|1\n|-end|p1a: Ceruledge|Substitute\n|move|p1b: Froslass|Blizzard|p2a: Sneasler|[spread] p2a,p2b\n|-damage|p2a: Sneasler|48/100\n|-damage|p2b: Meowstic|5/100\n|move|p1a: Ceruledge|Bitter Blade|p2a: Sneasler\n|-damage|p2a: Sneasler|0 fnt\n|faint|p2a: Sneasler\n|\n|-weather|Snowscape|[upkeep]\n|upkeep\n|\n|t:|1776280882\n|switch|p2a: Alakazam|Alakazam, L50, M|100/100\n|turn|4\n|\n|t:|1776280898\n|detailschange|p2a: Alakazam|Alakazam-Mega, L50, M\n|-mega|p2a: Alakazam|Alakazam|Alakazite\n|-ability|p2a: Alakazam|Flash Fire|Trace|[from] ability: Trace|[of] p1a: Ceruledge\n|move|p2a: Alakazam|Shadow Ball|p1b: Froslass\n|-supereffective|p1b: Froslass|1\n|-damage|p1b: Froslass|20/100\n|move|p1b: Froslass|Blizzard|p2b: Meowstic|[spread] p2a,p2b\n|-damage|p2a: Alakazam|57/100\n|-damage|p2b: Meowstic|0 fnt\n|-status|p2a: Alakazam|frz\n|faint|p2b: Meowstic\n|move|p1a: Ceruledge|Substitute|p1a: Ceruledge\n|-start|p1a: Ceruledge|Substitute\n|-damage|p1a: Ceruledge|75/100\n|\n|-weather|Snowscape|[upkeep]\n|upkeep\n|\n|t:|1776280915\n|switch|p2b: Clefable|Clefable, L50, F|100/100\n|turn|5\n|\n|t:|1776280925\n|move|p2b: Clefable|Follow Me|p2b: Clefable\n|-singleturn|p2b: Clefable|move: Follow Me\n|cant|p2a: Alakazam|frz\n|move|p1b: Froslass|Shadow Ball|p2b: Clefable\n|-damage|p2b: Clefable|78/100\n|-unboost|p2b: Clefable|spd|1\n|move|p1a: Ceruledge|Bitter Blade|p2b: Clefable\n|-damage|p2b: Clefable|8/100\n|-heal|p1a: Ceruledge|100/100|[from] drain|[of] p2b: Clefable\n|\n|-weather|Snowscape|[upkeep]\n|-heal|p2b: Clefable|14/100|[from] item: Leftovers\n|upkeep\n|turn|6\n|-message|Blinks13 forfeited.\n|\n|win|Relink007\n|raw|Relink007's rating: 1108 &rarr; <strong>1131</strong><br />(+23 for winning)\n|raw|Blinks13's rating: 1081 &rarr; <strong>1061</strong><br />(-20 for losing)\n|l|\u2606Blinks13\n|player|p2|\n",
  "uploadtime": 1776280958,
  "views": 22,
  "formatid": "gen9championsvgc2026regma",
  "rating": 1061,
  "private": 0,
  "password": null
}