{
  "id": "gen9championsvgc2026regma-2582194131",
  "format": "[Gen 9 Champions] VGC 2026 Reg M-A",
  "players": [
    "Ortusemental",
    "Kialometer"
  ],
  "log": "|j|\u2606Ortusemental\n|j|\u2606Kialometer\n|t:|1776069782\n|gametype|doubles\n|player|p1|Ortusemental|2|1058\n|player|p2|Kialometer|170|1048\n|gen|9\n|tier|[Gen 9 Champions] VGC 2026 Reg M-A\n|rated|\n|rule|Species Clause: Limit one of each Pok\u00e9mon\n|rule|Item Clause: Limit 1 of each item\n|clearpoke\n|poke|p1|Charizard, L50, M|\n|poke|p1|Sneasler, L50, F|\n|poke|p1|Milotic, L50, M|\n|poke|p1|Sinistcha, L50|\n|poke|p1|Torkoal, L50, F|\n|poke|p1|Kingambit, L50, F|\n|poke|p2|Hawlucha, L50, F|\n|poke|p2|Milotic, L50, F|\n|poke|p2|Typhlosion-Hisui, L50, M|\n|poke|p2|Blastoise, L50, M|\n|poke|p2|Zoroark-Hisui, L50, F|\n|poke|p2|Incineroar, L50, M|\n|teampreview|4\n|j| Brokemon go raids\n|inactive|Battle timer is ON: inactive players will automatically lose when time's up. (requested by Kialometer)\n|c|\u2606Ortusemental|te voy a ganar\n|c|\u2606Ortusemental|como dice topuria\n|c|\u2606Ortusemental|18-0\n|c|\u2606Ortusemental|en este caso 4-0\n|c|\u2606Ortusemental|porque no me vas a bajar a ninguno\n|inactive|Ortusemental has 60 seconds left.\n|\n|t:|1776069840\n|teamsize|p1|4\n|teamsize|p2|4\n|start\n|switch|p1a: Sinistcha|Sinistcha, L50|100/100\n|switch|p1b: Milotic|Milotic, L50, M|100/100\n|switch|p2a: Hawlucha|Hawlucha, L50, F|100/100\n|switch|p2b: Milotic|Milotic, L50, F|100/100\n|turn|1\n|inactive|Ortusemental has 30 seconds left.\n|\n|t:|1776069869\n|detailschange|p2a: Hawlucha|Hawlucha-Mega, L50, F\n|-mega|p2a: Hawlucha|Hawlucha|Hawluchanite\n|move|p2a: Hawlucha|Entrainment|p2b: Milotic\n|-ability|p2b: Milotic|No Guard|Competitive|[from] move: Entrainment|[of] p2a: Hawlucha\n|move|p1b: Milotic|Coil|p1b: Milotic\n|-boost|p1b: Milotic|atk|1\n|-boost|p1b: Milotic|def|1\n|-boost|p1b: Milotic|accuracy|1\n|move|p2b: Milotic|Hypnosis|p1a: Sinistcha\n|-status|p1a: Sinistcha|slp|[from] move: Hypnosis\n|cant|p1a: Sinistcha|slp\n|\n|upkeep\n|turn|2\n|inactive|Ortusemental has 30 seconds left.\n|\n|t:|1776069897\n|move|p1b: Milotic|Protect|p1b: Milotic\n|-singleturn|p1b: Milotic|Protect\n|move|p2a: Hawlucha|Close Combat|p1b: Milotic\n|-activate|p1b: Milotic|move: Protect\n|move|p2b: Milotic|Hypnosis|p1b: Milotic\n|-activate|p1b: Milotic|move: Protect\n|-curestatus|p1a: Sinistcha|slp|[msg]\n|move|p1a: Sinistcha|Trick Room|p1a: Sinistcha\n|-fieldstart|move: Trick Room|[of] p1a: Sinistcha\n|\n|upkeep\n|turn|3\n|c|\u2606Ortusemental|ahora te piensas dos veces el dormir\n|inactive|Ortusemental has 30 seconds left.\n|inactive|Ortusemental has 20 seconds left.\n|\n|t:|1776069933\n|move|p2a: Hawlucha|Protect|p2a: Hawlucha\n|-singleturn|p2a: Hawlucha|Protect\n|move|p1a: Sinistcha|Matcha Gotcha|p2b: Milotic|[spread] p2b\n|-activate|p2a: Hawlucha|move: Protect\n|-supereffective|p2b: Milotic|1\n|-damage|p2b: Milotic|66/100\n|move|p2b: Milotic|Hypnosis|p1a: Sinistcha\n|-status|p1a: Sinistcha|slp|[from] move: Hypnosis\n|move|p1b: Milotic|Blizzard|p2a: Hawlucha|[spread] p2b\n|-activate|p2a: Hawlucha|move: Protect\n|-resisted|p2b: Milotic|1\n|-damage|p2b: Milotic|60/100\n|\n|-heal|p2b: Milotic|66/100|[from] item: Leftovers\n|upkeep\n|turn|4\n|inactive|Kialometer has 30 seconds left.\n|inactive|Ortusemental has 30 seconds left.\n|inactive|Kialometer has 20 seconds left.\n|\n|t:|1776069970\n|move|p1b: Milotic|Protect|p1b: Milotic\n|-singleturn|p1b: Milotic|Protect\n|cant|p1a: Sinistcha|slp\n|move|p2b: Milotic|Hypnosis|p1b: Milotic\n|-activate|p1b: Milotic|move: Protect\n|move|p2a: Hawlucha|Close Combat|p1b: Milotic\n|-activate|p1b: Milotic|move: Protect\n|\n|-heal|p2b: Milotic|72/100|[from] item: Leftovers\n|upkeep\n|turn|5\n|\n|t:|1776069986\n|switch|p2a: Blastoise|Blastoise, L50, M|100/100\n|cant|p1a: Sinistcha|slp\n|move|p1b: Milotic|Blizzard|p2b: Milotic|[spread] p2a,p2b\n|-resisted|p2a: Blastoise|1\n|-resisted|p2b: Milotic|1\n|-damage|p2a: Blastoise|90/100\n|-damage|p2b: Milotic|66/100\n|move|p2b: Milotic|Hypnosis|p1b: Milotic\n|-status|p1b: Milotic|slp|[from] move: Hypnosis\n|\n|-heal|p2b: Milotic|72/100|[from] item: Leftovers\n|upkeep\n|turn|6\n|\n|t:|1776070000\n|move|p2a: Blastoise|Protect|p2a: Blastoise\n|-singleturn|p2a: Blastoise|Protect\n|-curestatus|p1a: Sinistcha|slp|[msg]\n|move|p1a: Sinistcha|Matcha Gotcha|p2a: Blastoise|[spread] p2b\n|-activate|p2a: Blastoise|move: Protect\n|-supereffective|p2b: Milotic|1\n|-damage|p2b: Milotic|41/100\n|move|p2b: Milotic|Hypnosis|p1a: Sinistcha\n|-status|p1a: Sinistcha|slp|[from] move: Hypnosis\n|cant|p1b: Milotic|slp\n|\n|-heal|p2b: Milotic|47/100|[from] item: Leftovers\n|-fieldend|move: Trick Room\n|upkeep\n|turn|7\n|\n|t:|1776070014\n|-curestatus|p1b: Milotic|slp|[msg]\n|move|p1b: Milotic|Protect|p1b: Milotic\n|-singleturn|p1b: Milotic|Protect\n|move|p2a: Blastoise|Shell Smash|p2a: Blastoise\n|-unboost|p2a: Blastoise|def|1\n|-unboost|p2a: Blastoise|spd|1\n|-boost|p2a: Blastoise|atk|2\n|-boost|p2a: Blastoise|spa|2\n|-boost|p2a: Blastoise|spe|2\n|-enditem|p2a: Blastoise|White Herb\n|-clearnegativeboost|p2a: Blastoise|[silent]\n|move|p2b: Milotic|Hypnosis|p1b: Milotic\n|-activate|p1b: Milotic|move: Protect\n|cant|p1a: Sinistcha|slp\n|\n|-heal|p2b: Milotic|53/100|[from] item: Leftovers\n|upkeep\n|turn|8\n|\n|t:|1776070034\n|move|p2a: Blastoise|Water Spout|p1b: Milotic|[spread] p1a,p1b\n|-resisted|p1a: Sinistcha|1\n|-resisted|p1b: Milotic|1\n|-damage|p1a: Sinistcha|63/100 slp\n|-damage|p1b: Milotic|69/100\n|move|p2b: Milotic|Ice Beam|p1a: Sinistcha\n|-supereffective|p1a: Sinistcha|1\n|-damage|p1a: Sinistcha|26/100 slp\n|move|p1b: Milotic|Muddy Water|p2b: Milotic|[spread] p2a,p2b\n|-resisted|p2a: Blastoise|1\n|-resisted|p2b: Milotic|1\n|-damage|p2a: Blastoise|76/100\n|-damage|p2b: Milotic|46/100\n|cant|p1a: Sinistcha|slp\n|\n|-heal|p2b: Milotic|52/100|[from] item: Leftovers\n|-heal|p1b: Milotic|75/100|[from] item: Leftovers\n|upkeep\n|turn|9\n|inactive|Ortusemental has 30 seconds left.\n|inactive|Kialometer has 30 seconds left.\n|inactive|Ortusemental has 20 seconds left.\n|inactive|Ortusemental has 15 seconds left.\n|\n|t:|1776070077\n|move|p1b: Milotic|Protect|p1b: Milotic\n|-singleturn|p1b: Milotic|Protect\n|move|p2a: Blastoise|Water Spout|p1b: Milotic|[spread] p1a\n|-activate|p1b: Milotic|move: Protect\n|-resisted|p1a: Sinistcha|1\n|-damage|p1a: Sinistcha|0 fnt\n|faint|p1a: Sinistcha\n|move|p2b: Milotic|Ice Beam|p1b: Milotic\n|-activate|p1b: Milotic|move: Protect\n|\n|-heal|p2b: Milotic|58/100|[from] item: Leftovers\n|-heal|p1b: Milotic|81/100|[from] item: Leftovers\n|upkeep\n|\n|t:|1776070085\n|switch|p1a: Torkoal|Torkoal, L50, F|100/100\n|-weather|SunnyDay|[from] ability: Drought|[of] p1a: Torkoal\n|turn|10\n|\n|t:|1776070097\n|move|p2a: Blastoise|Water Spout|p1a: Torkoal|[spread] p1a,p1b\n|-supereffective|p1a: Torkoal|1\n|-resisted|p1b: Milotic|1\n|-damage|p1a: Torkoal|11/100\n|-damage|p1b: Milotic|68/100\n|move|p1b: Milotic|Muddy Water|p2a: Blastoise|[spread] p2a,p2b\n|-resisted|p2a: Blastoise|1\n|-resisted|p2b: Milotic|1\n|-damage|p2a: Blastoise|68/100\n|-damage|p2b: Milotic|55/100\n|move|p2b: Milotic|Hypnosis|p1a: Torkoal\n|-status|p1a: Torkoal|slp|[from] move: Hypnosis\n|cant|p1a: Torkoal|slp\n|\n|-weather|SunnyDay|[upkeep]\n|-heal|p1b: Milotic|74/100|[from] item: Leftovers\n|-heal|p2b: Milotic|61/100|[from] item: Leftovers\n|upkeep\n|turn|11\n|\n|t:|1776070113\n|move|p2a: Blastoise|Water Spout|p1b: Milotic|[spread] p1a,p1b\n|-supereffective|p1a: Torkoal|1\n|-resisted|p1b: Milotic|1\n|-damage|p1a: Torkoal|0 fnt\n|-damage|p1b: Milotic|62/100\n|faint|p1a: Torkoal\n|move|p2b: Milotic|Hypnosis|p1b: Milotic\n|-status|p1b: Milotic|slp|[from] move: Hypnosis\n|cant|p1b: Milotic|slp\n|\n|-weather|SunnyDay|[upkeep]\n|-heal|p1b: Milotic|68/100 slp|[from] item: Leftovers\n|-heal|p2b: Milotic|68/100|[from] item: Leftovers\n|upkeep\n|\n|t:|1776070116\n|switch|p1a: Sneasler|Sneasler, L50, F|100/100\n|turn|12\n|\n|t:|1776070137\n|move|p2a: Blastoise|Protect|p2a: Blastoise\n|-singleturn|p2a: Blastoise|Protect\n|cant|p1b: Milotic|slp\n|move|p1a: Sneasler|Fake Out|p2b: Milotic\n|-damage|p2b: Milotic|53/100\n|cant|p2b: Milotic|flinch\n|\n|-weather|SunnyDay|[upkeep]\n|-heal|p2b: Milotic|59/100|[from] item: Leftovers\n|-heal|p1b: Milotic|74/100 slp|[from] item: Leftovers\n|upkeep\n|turn|13\n|inactive|Ortusemental has 30 seconds left.\n|\n|t:|1776070167\n|move|p2a: Blastoise|Water Spout|p1b: Milotic|[spread] p1a,p1b\n|-resisted|p1b: Milotic|1\n|-damage|p1a: Sneasler|59/100\n|-damage|p1b: Milotic|63/100 slp\n|move|p1a: Sneasler|Close Combat|p2b: Milotic\n|-damage|p2b: Milotic|0 fnt\n|-unboost|p1a: Sneasler|def|1\n|-unboost|p1a: Sneasler|spd|1\n|faint|p2b: Milotic\n|-curestatus|p1b: Milotic|slp|[msg]\n|move|p1b: Milotic|Muddy Water|p2a: Blastoise\n|-resisted|p2a: Blastoise|1\n|-damage|p2a: Blastoise|59/100\n|\n|-weather|SunnyDay|[upkeep]\n|-heal|p1b: Milotic|69/100|[from] item: Leftovers\n|upkeep\n|\n|t:|1776070176\n|switch|p2b: Typhlosion|Typhlosion-Hisui, L50, M|100/100\n|-item|p1a: Sneasler|Mental Herb|[from] ability: Frisk|[of] p2b: Typhlosion\n|-item|p1b: Milotic|Leftovers|[from] ability: Frisk|[of] p2b: Typhlosion\n|turn|14\n|inactive|Kialometer has 30 seconds left.\n|\n|t:|1776070204\n|move|p2a: Blastoise|Water Spout|p1b: Milotic|[spread] p1a,p1b\n|-resisted|p1b: Milotic|1\n|-damage|p1a: Sneasler|5/100\n|-damage|p1b: Milotic|60/100\n|move|p2b: Typhlosion|Eruption|p1b: Milotic|[spread] p1a,p1b\n|-resisted|p1b: Milotic|1\n|-damage|p1a: Sneasler|0 fnt\n|-damage|p1b: Milotic|27/100\n|faint|p1a: Sneasler\n|move|p1b: Milotic|Muddy Water|p2a: Blastoise|[spread] p2a,p2b\n|-resisted|p2a: Blastoise|1\n|-supereffective|p2b: Typhlosion|1\n|-damage|p2a: Blastoise|52/100\n|-damage|p2b: Typhlosion|68/100\n|\n|-weather|none\n|-heal|p1b: Milotic|33/100|[from] item: Leftovers\n|upkeep\n|turn|15\n|-message|Ortusemental forfeited.\n|\n|win|Kialometer\n|raw|Ortusemental's rating: 1058 &rarr; <strong>1039</strong><br />(-19 for losing)\n|raw|Kialometer's rating: 1048 &rarr; <strong>1082</strong><br />(+34 for winning)\n|l|\u2606Ortusemental\n|player|p1|\n|c|\u2606Kialometer|wow you suck lol\n",
  "uploadtime": 1776070236,
  "views": 9,
  "formatid": "gen9championsvgc2026regma",
  "rating": 1039,
  "private": 0,
  "password": null
}