{
  "id": "gen9championsvgc2026regma-2581270521",
  "format": "[Gen 9 Champions] VGC 2026 Reg M-A",
  "players": [
    "lolgz",
    "pychul23"
  ],
  "log": "|j|\u2606lolgz\n|j|\u2606pychul23\n|t:|1775979215\n|gametype|doubles\n|player|p1|lolgz|170|1231\n|player|p2|pychul23|lucas|1221\n|gen|9\n|tier|[Gen 9 Champions] VGC 2026 Reg M-A\n|rated|\n|rule|Species Clause: Limit one of each Pok\u00e9mon\n|rule|Item Clause: Limit 1 of each item\n|clearpoke\n|poke|p1|Charizard, L50, M|\n|poke|p1|Whimsicott, L50, M|\n|poke|p1|Milotic, L50, M|\n|poke|p1|Dragapult, L50, F|\n|poke|p1|Sneasler, L50, F|\n|poke|p1|Floette-Eternal, L50, F|\n|poke|p2|Ampharos, L50, F|\n|poke|p2|Rotom-Heat, L50|\n|poke|p2|Orthworm, L50, F|\n|poke|p2|Farigiraf, L50, M|\n|poke|p2|Sneasler, L50, M|\n|poke|p2|Basculegion, L50, M|\n|teampreview|4\n|j| majayong03\n|\n|t:|1775979281\n|teamsize|p1|4\n|teamsize|p2|4\n|start\n|switch|p1a: Dragapult|Dragapult, L50, F|100/100\n|switch|p1b: Sneasler|Sneasler, L50, F|100/100\n|switch|p2a: Sneasler|Sneasler, L50, M|100/100\n|switch|p2b: Farigiraf|Farigiraf, L50, M|100/100\n|turn|1\n|j| Crvstal_K!tty\n|c| Crvstal_K!tty|amazing teams, is that scarf pult?\n|\n|t:|1775979306\n|move|p2a: Sneasler|Fake Out|p1b: Sneasler\n|-damage|p1b: Sneasler|75/100\n|move|p1a: Dragapult|Dragon Darts|p2a: Sneasler\n|-damage|p2a: Sneasler|54/100\n|-anim|p1a: Dragapult|Dragon Darts|p2b: Farigiraf\n|-damage|p2b: Farigiraf|74/100\n|cant|p1b: Sneasler|flinch\n|move|p2b: Farigiraf|Psychic|p1b: Sneasler\n|-supereffective|p1b: Sneasler|2\n|-damage|p1b: Sneasler|0 fnt\n|faint|p1b: Sneasler\n|\n|upkeep\n|\n|t:|1775979311\n|switch|p1b: Charizard|Charizard, L50, M|100/100\n|turn|2\n|\n|t:|1775979339\n|switch|p2a: Rotom|Rotom-Heat, L50|100/100\n|detailschange|p1b: Charizard|Charizard-Mega-Y, L50, M\n|-mega|p1b: Charizard|Charizard|Charizardite Y\n|-weather|SunnyDay|[from] ability: Drought|[of] p1b: Charizard\n|move|p1a: Dragapult|Dragon Darts|p2a: Rotom\n|-damage|p2a: Rotom|69/100\n|-anim|p1a: Dragapult|Dragon Darts|p2b: Farigiraf\n|-damage|p2b: Farigiraf|49/100\n|move|p1b: Charizard|Heat Wave|p2b: Farigiraf|[spread] p2a,p2b\n|-resisted|p2a: Rotom|1\n|-damage|p2a: Rotom|37/100\n|-damage|p2b: Farigiraf|0 fnt\n|faint|p2b: Farigiraf\n|\n|-weather|SunnyDay|[upkeep]\n|-heal|p2a: Rotom|43/100|[from] item: Leftovers\n|upkeep\n|\n|t:|1775979357\n|switch|p2b: Ampharos|Ampharos, L50, F|100/100\n|turn|3\n|\n|t:|1775979382\n|move|p1a: Dragapult|Dragon Darts|p2a: Rotom\n|-damage|p2a: Rotom|11/100\n|-anim|p1a: Dragapult|Dragon Darts|p2b: Ampharos\n|-damage|p2b: Ampharos|72/100\n|move|p1b: Charizard|Heat Wave|p2a: Rotom|[spread] p2a\n|-miss|p1b: Charizard|p2b: Ampharos\n|-resisted|p2a: Rotom|1\n|-damage|p2a: Rotom|0 fnt\n|faint|p2a: Rotom\n|move|p2b: Ampharos|Thunderbolt|p1a: Dragapult\n|-resisted|p1a: Dragapult|1\n|-damage|p1a: Dragapult|70/100\n|\n|-weather|SunnyDay|[upkeep]\n|upkeep\n|\n|t:|1775979395\n|switch|p2a: Sneasler|Sneasler, L50, M|54/100\n|turn|4\n|c|\u2606lolgz|dragon darts\n|\n|t:|1775979418\n|move|p1b: Charizard|Protect|p1b: Charizard\n|-singleturn|p1b: Charizard|Protect\n|move|p2a: Sneasler|Fake Out|p1b: Charizard\n|-activate|p1b: Charizard|move: Protect\n|move|p1a: Dragapult|Dragon Darts|p2a: Sneasler\n|-damage|p2a: Sneasler|0 fnt\n|-anim|p1a: Dragapult|Dragon Darts|p2b: Ampharos\n|-damage|p2b: Ampharos|42/100\n|faint|p2a: Sneasler\n|move|p2b: Ampharos|Dragon Pulse|p1a: Dragapult\n|-supereffective|p1a: Dragapult|1\n|-damage|p1a: Dragapult|0 fnt\n|faint|p1a: Dragapult\n|\n|-weather|SunnyDay|[upkeep]\n|upkeep\n|c| Crvstal_K!tty|apparently people in mball are playing scarf pult\n|\n|t:|1775979427\n|switch|p1a: Milotic|Milotic, L50, M|100/100\n|turn|5\n|\n|t:|1775979439\n|detailschange|p2b: Ampharos|Ampharos-Mega, L50, F\n|-mega|p2b: Ampharos|Ampharos|Ampharosite\n|-ability|p2b: Ampharos|Mold Breaker\n|move|p1a: Milotic|Ice Beam|p2b: Ampharos\n|-supereffective|p2b: Ampharos|1\n|-damage|p2b: Ampharos|0 fnt\n|faint|p2b: Ampharos\n|\n|win|lolgz\n|raw|lolgz's rating: 1212 &rarr; <strong>1238</strong><br />(+26 for winning)\n|raw|pychul23's rating: 1221 &rarr; <strong>1195</strong><br />(-26 for losing)\n",
  "uploadtime": 1775979439,
  "views": 16,
  "formatid": "gen9championsvgc2026regma",
  "rating": 1195,
  "private": 0,
  "password": null
}