{
  "id": "gen9championsvgc2026regma-2582639673",
  "format": "[Gen 9 Champions] VGC 2026 Reg M-A",
  "players": [
    "SleepyBadBoy",
    "Heracross Catcher"
  ],
  "log": "|j|\u2606SleepyBadBoy\n|j|\u2606Heracross Catcher\n|t:|1776104297\n|gametype|doubles\n|player|p1|SleepyBadBoy|102|1197\n|player|p2|Heracross Catcher|baker|1125\n|gen|9\n|tier|[Gen 9 Champions] VGC 2026 Reg M-A\n|rated|\n|rule|Species Clause: Limit one of each Pok\u00e9mon\n|rule|Item Clause: Limit 1 of each item\n|clearpoke\n|poke|p1|Gengar, L50, M|\n|poke|p1|Politoed, L50, M|\n|poke|p1|Incineroar, L50, M|\n|poke|p1|Kommo-o, L50, M|\n|poke|p1|Whimsicott, L50, M|\n|poke|p1|Floette-Eternal, L50, F|\n|poke|p2|Kangaskhan, L50, F|\n|poke|p2|Talonflame, L50, F|\n|poke|p2|Zoroark-Hisui, L50, F|\n|poke|p2|Typhlosion-Hisui, L50, M|\n|poke|p2|Kingambit, L50, M|\n|poke|p2|Vivillon-Icy Snow, L50, F|\n|teampreview|4\n|inactive|Battle timer is ON: inactive players will automatically lose when time's up. (requested by SleepyBadBoy)\n|inactive|SleepyBadBoy has 60 seconds left.\n|inactive|Heracross Catcher has 60 seconds left.\n|inactive|SleepyBadBoy has 30 seconds left.\n|\n|t:|1776104367\n|teamsize|p1|4\n|teamsize|p2|4\n|start\n|switch|p1a: Incineroar|Incineroar, L50, M|100/100\n|switch|p1b: Kommo-o|Kommo-o, L50, M|100/100\n|switch|p2a: Kangaskhan|Kangaskhan, L50, F|100/100\n|switch|p2b: Vivillon|Vivillon-Icy Snow, L50, F, shiny|100/100\n|-ability|p1a: Incineroar|Intimidate|boost\n|-fail|p2a: Kangaskhan|unboost|Attack|[from] ability: Scrappy|[of] p2a: Kangaskhan\n|-unboost|p2b: Vivillon|atk|1\n|turn|1\n|\n|t:|1776104385\n|move|p1b: Kommo-o|Protect|p1b: Kommo-o\n|-singleturn|p1b: Kommo-o|Protect\n|move|p1a: Incineroar|Protect|p1a: Incineroar\n|-singleturn|p1a: Incineroar|Protect\n|move|p2a: Kangaskhan|Fake Out|p1a: Incineroar\n|-activate|p1a: Incineroar|move: Protect\n|move|p2b: Vivillon|Hyper Voice|p1b: Kommo-o|[spread] \n|-activate|p1a: Incineroar|move: Protect\n|-activate|p1b: Kommo-o|move: Protect\n|\n|upkeep\n|turn|2\n|\n|t:|1776104402\n|detailschange|p2a: Kangaskhan|Kangaskhan-Mega, L50, F\n|-mega|p2a: Kangaskhan|Kangaskhan|Kangaskhanite\n|move|p2b: Vivillon|Hyper Voice|p1b: Kommo-o|[spread] p1a\n|-immune|p1b: Kommo-o|[from] ability: Soundproof\n|-damage|p1a: Incineroar|63/100\n|move|p2a: Kangaskhan|Double-Edge|p1b: Kommo-o\n|-damage|p1b: Kommo-o|49/100\n|-damage|p1b: Kommo-o|35/100\n|-hitcount|p1b: Kommo-o|2\n|-damage|p2a: Kangaskhan|79/100|[from] Recoil\n|move|p1b: Kommo-o|Clangorous Soul|p1b: Kommo-o\n|-boost|p1b: Kommo-o|atk|1\n|-boost|p1b: Kommo-o|def|1\n|-boost|p1b: Kommo-o|spa|1\n|-boost|p1b: Kommo-o|spd|1\n|-boost|p1b: Kommo-o|spe|1\n|-damage|p1b: Kommo-o|2/100\n|move|p1a: Incineroar|Throat Chop|p2b: Vivillon\n|-supereffective|p2b: Vivillon|1\n|-damage|p2b: Vivillon|0 fnt\n|replace|p2b: Zoroark|Zoroark-Hisui, L50, F\n|-end|p2b: Zoroark|Illusion\n|faint|p2b: Zoroark\n|\n|upkeep\n|\n|t:|1776104414\n|switch|p2b: Talonflame|Talonflame, L50, F|100/100\n|turn|3\n|\n|t:|1776104426\n|move|p1b: Kommo-o|Protect|p1b: Kommo-o\n|-singleturn|p1b: Kommo-o|Protect\n|move|p2b: Talonflame|Brave Bird|p1b: Kommo-o\n|-activate|p1b: Kommo-o|move: Protect\n|move|p2a: Kangaskhan|Double-Edge|p1a: Incineroar\n|-damage|p1a: Incineroar|17/100\n|-enditem|p1a: Incineroar|Sitrus Berry|[eat]\n|-heal|p1a: Incineroar|42/100|[from] item: Sitrus Berry\n|-damage|p1a: Incineroar|31/100\n|-hitcount|p1a: Incineroar|2\n|-damage|p2a: Kangaskhan|58/100|[from] Recoil\n|move|p1a: Incineroar|Parting Shot|p2a: Kangaskhan\n|-unboost|p2a: Kangaskhan|atk|1\n|-unboost|p2a: Kangaskhan|spa|1\n|\n|t:|1776104440\n|switch|p1a: Whimsicott|Whimsicott, L50, M|100/100|[from] Parting Shot\n|\n|upkeep\n|turn|4\n|\n|t:|1776104461\n|move|p2b: Talonflame|Tailwind|p2b: Talonflame\n|-sidestart|p2: Heracross Catcher|move: Tailwind\n|move|p2a: Kangaskhan|Sucker Punch|p1b: Kommo-o\n|-resisted|p1b: Kommo-o|1\n|-damage|p1b: Kommo-o|0 fnt\n|faint|p1b: Kommo-o\n|-hitcount|p1: Kommo-o|1\n|move|p1a: Whimsicott|Tailwind|p1a: Whimsicott\n|-sidestart|p1: SleepyBadBoy|move: Tailwind\n|\n|upkeep\n|\n|t:|1776104468\n|switch|p1b: Floette|Floette-Eternal, L50, F|100/100\n|turn|5\n|\n|t:|1776104482\n|switch|p1a: Incineroar|Incineroar, L50, M|31/100\n|-ability|p1a: Incineroar|Intimidate|boost\n|-unboost|p2a: Kangaskhan|atk|1\n|-unboost|p2b: Talonflame|atk|1\n|detailschange|p1b: Floette|Floette-Mega, L50, F\n|-mega|p1b: Floette|Floette|Floettite\n|-ability|p1b: Floette|Fairy Aura\n|move|p2b: Talonflame|Brave Bird|p1a: Incineroar\n|-damage|p1a: Incineroar|2/100\n|-damage|p2b: Talonflame|88/100|[from] Recoil\n|move|p2a: Kangaskhan|Double-Edge|p1a: Incineroar\n|-damage|p1a: Incineroar|0 fnt\n|faint|p1a: Incineroar\n|-hitcount|p1: Incineroar|1\n|-damage|p2a: Kangaskhan|58/100|[from] Recoil\n|move|p1b: Floette|Calm Mind|p1b: Floette\n|-boost|p1b: Floette|spa|1\n|-boost|p1b: Floette|spd|1\n|\n|upkeep\n|\n|t:|1776104497\n|switch|p1a: Whimsicott|Whimsicott, L50, M|100/100\n|turn|6\n|\n|t:|1776104505\n|move|p1a: Whimsicott|Fake Tears|p2b: Talonflame\n|-unboost|p2b: Talonflame|spd|2\n|move|p2b: Talonflame|Brave Bird|p1a: Whimsicott\n|-supereffective|p1a: Whimsicott|1\n|-enditem|p1a: Whimsicott|Focus Sash\n|-damage|p1a: Whimsicott|1/100\n|-damage|p2b: Talonflame|59/100|[from] Recoil\n|move|p2a: Kangaskhan|Earthquake|p1a: Whimsicott|[spread] p1a,p1b\n|-immune|p2b: Talonflame\n|-resisted|p1a: Whimsicott|1\n|-damage|p1a: Whimsicott|0 fnt\n|-damage|p1b: Floette|87/100\n|faint|p1a: Whimsicott\n|move|p1b: Floette|Dazzling Gleam|p2a: Kangaskhan|[spread] p2a,p2b\n|-resisted|p2b: Talonflame|1\n|-damage|p2a: Kangaskhan|0 fnt\n|-damage|p2b: Talonflame|0 fnt\n|faint|p2a: Kangaskhan\n|faint|p2b: Talonflame\n|\n|upkeep\n|\n|t:|1776104523\n|switch|p2a: Vivillon|Vivillon-Icy Snow, L50, F, shiny|100/100\n|turn|7\n|\n|t:|1776104529\n|move|p2a: Vivillon|Sleep Powder|p1b: Floette\n|-status|p1b: Floette|slp|[from] move: Sleep Powder\n|cant|p1b: Floette|slp\n|\n|-sideend|p1: SleepyBadBoy|move: Tailwind\n|-sideend|p2: Heracross Catcher|move: Tailwind\n|upkeep\n|turn|8\n|\n|t:|1776104535\n|move|p2a: Vivillon|Hurricane|p1b: Floette\n|-damage|p1b: Floette|66/100 slp\n|cant|p1b: Floette|slp\n|\n|upkeep\n|turn|9\n|\n|t:|1776104542\n|move|p2a: Vivillon|Hurricane|p1b: Floette\n|-damage|p1b: Floette|42/100 slp\n|-curestatus|p1b: Floette|slp|[msg]\n|move|p1b: Floette|Moonblast|p2a: Vivillon\n|-enditem|p2a: Vivillon|Focus Sash\n|-damage|p2a: Vivillon|1/100\n|\n|upkeep\n|turn|10\n|\n|t:|1776104549\n|move|p2a: Vivillon|Sleep Powder|p1b: Floette\n|-status|p1b: Floette|slp|[from] move: Sleep Powder\n|cant|p1b: Floette|slp\n|\n|upkeep\n|turn|11\n|\n|t:|1776104553\n|move|p2a: Vivillon|Hurricane|p1b: Floette\n|-damage|p1b: Floette|19/100 slp\n|cant|p1b: Floette|slp\n|\n|upkeep\n|turn|12\n|\n|t:|1776104557\n|move|p2a: Vivillon|Hurricane|p1b: Floette\n|-damage|p1b: Floette|0 fnt\n|faint|p1b: Floette\n|\n|win|Heracross Catcher\n|raw|SleepyBadBoy's rating: 1197 &rarr; <strong>1167</strong><br />(-30 for losing)\n|raw|Heracross Catcher's rating: 1125 &rarr; <strong>1155</strong><br />(+30 for winning)\n|l|\u2606SleepyBadBoy\n|player|p1|\n",
  "uploadtime": 1776104573,
  "views": 14,
  "formatid": "gen9championsvgc2026regma",
  "rating": 1155,
  "private": 0,
  "password": null
}