{
  "id": "gen9championsvgc2026regma-2586265631",
  "format": "[Gen 9 Champions] VGC 2026 Reg M-A",
  "players": [
    "buldupskill",
    "Mixologo"
  ],
  "log": "|j|\u2606buldupskill\n|j|\u2606Mixologo\n|t:|1776419132\n|gametype|doubles\n|player|p1|buldupskill|hiker-gen4|1063\n|player|p2|Mixologo|biker|1112\n|gen|9\n|tier|[Gen 9 Champions] VGC 2026 Reg M-A\n|rated|\n|rule|Species Clause: Limit one of each Pok\u00e9mon\n|rule|Item Clause: Limit 1 of each item\n|clearpoke\n|poke|p1|Charizard, L50, F|\n|poke|p1|Venusaur, L50, M|\n|poke|p1|Basculegion, L50, M|\n|poke|p1|Sneasler, L50, M|\n|poke|p1|Incineroar, L50, M|\n|poke|p1|Garchomp, L50, F|\n|poke|p2|Gardevoir, L50, M|\n|poke|p2|Incineroar, L50, M|\n|poke|p2|Sinistcha, L50|\n|poke|p2|Garchomp, L50, M|\n|poke|p2|Rotom-Wash, L50|\n|poke|p2|Talonflame, L50, F|\n|teampreview|4\n|inactive|Battle timer is ON: inactive players will automatically lose when time's up. (requested by Mixologo)\n|inactive|Mixologo has 60 seconds left.\n|\n|t:|1776419174\n|teamsize|p1|4\n|teamsize|p2|4\n|start\n|switch|p1a: Sneasler|Sneasler, L50, M|100/100\n|switch|p1b: Garchomp|Garchomp, L50, F|100/100\n|switch|p2a: Garchomp|Garchomp, L50, M|100/100\n|switch|p2b: Incineroar|Incineroar, L50, M|100/100\n|-ability|p1a: Sneasler|Pressure\n|-ability|p2b: Incineroar|Intimidate|boost\n|-unboost|p1a: Sneasler|atk|1\n|-unboost|p1b: Garchomp|atk|1\n|-enditem|p1a: Sneasler|White Herb\n|-clearnegativeboost|p1a: Sneasler|[silent]\n|turn|1\n|inactive|Mixologo has 30 seconds left.\n|inactive|Mixologo has 20 seconds left.\n|\n|t:|1776419210\n|move|p2a: Garchomp|Dragon Claw|p1b: Garchomp\n|-supereffective|p1b: Garchomp|1\n|-enditem|p1b: Garchomp|Haban Berry|[eat]\n|-enditem|p1b: Garchomp|Haban Berry|[weaken]\n|-damage|p1b: Garchomp|57/100\n|move|p1a: Sneasler|Close Combat|p2b: Incineroar\n|-supereffective|p2b: Incineroar|1\n|-damage|p2b: Incineroar|0 fnt\n|-unboost|p1a: Sneasler|def|1\n|-unboost|p1a: Sneasler|spd|1\n|faint|p2b: Incineroar\n|move|p1b: Garchomp|Dragon Claw|p2a: Garchomp\n|-supereffective|p2a: Garchomp|1\n|-damage|p2a: Garchomp|39/100\n|-damage|p1b: Garchomp|44/100|[from] ability: Rough Skin|[of] p2a: Garchomp\n|\n|upkeep\n|\n|t:|1776419231\n|switch|p2b: Rotom|Rotom-Wash, L50|100/100\n|turn|2\n|\n|t:|1776419251\n|switch|p2a: Gardevoir|Gardevoir, L50, M|100/100\n|move|p1b: Garchomp|Protect|p1b: Garchomp\n|-singleturn|p1b: Garchomp|Protect\n|move|p1a: Sneasler|Rock Slide|p2a: Gardevoir|[spread] p2b\n|-miss|p1a: Sneasler|p2a: Gardevoir\n|-damage|p2b: Rotom|82/100\n|cant|p2b: Rotom|flinch\n|\n|upkeep\n|turn|3\n|\n|t:|1776419275\n|switch|p1b: Venusaur|Venusaur, L50, M|100/100\n|move|p2a: Gardevoir|Protect|p2a: Gardevoir\n|-singleturn|p2a: Gardevoir|Protect\n|move|p1a: Sneasler|Dire Claw|p2a: Gardevoir\n|-activate|p2a: Gardevoir|move: Protect\n|move|p2b: Rotom|Will-O-Wisp|p1a: Sneasler\n|-status|p1a: Sneasler|brn\n|\n|-damage|p1a: Sneasler|95/100 brn|[from] brn\n|upkeep\n|turn|4\n|inactive|buldupskill has 30 seconds left.\n|inactive|Mixologo has 30 seconds left.\n|\n|t:|1776419301\n|detailschange|p2a: Gardevoir|Gardevoir-Mega, L50, M\n|-mega|p2a: Gardevoir|Gardevoir|Gardevoirite\n|move|p2b: Rotom|Protect|p2b: Rotom\n|-singleturn|p2b: Rotom|Protect\n|move|p1a: Sneasler|Dire Claw|p2a: Gardevoir\n|-supereffective|p2a: Gardevoir|1\n|-damage|p2a: Gardevoir|52/100\n|move|p2a: Gardevoir|Psychic|p1b: Venusaur\n|-supereffective|p1b: Venusaur|1\n|-enditem|p1b: Venusaur|Focus Sash\n|-damage|p1b: Venusaur|1/100\n|move|p1b: Venusaur|Sleep Powder|p2b: Rotom\n|-activate|p2b: Rotom|move: Protect\n|\n|-damage|p1a: Sneasler|89/100 brn|[from] brn\n|upkeep\n|turn|5\n|\n|t:|1776419322\n|switch|p1a: Charizard|Charizard, L50, F|100/100\n|move|p2a: Gardevoir|Protect|p2a: Gardevoir\n|-singleturn|p2a: Gardevoir|Protect\n|move|p1b: Venusaur|Sleep Powder|p2a: Gardevoir\n|-activate|p2a: Gardevoir|move: Protect\n|move|p2b: Rotom|Thunderbolt|p1a: Charizard\n|-supereffective|p1a: Charizard|1\n|-damage|p1a: Charizard|0 fnt\n|faint|p1a: Charizard\n|\n|upkeep\n|\n|t:|1776419335\n|switch|p1a: Sneasler|Sneasler, L50, M|89/100 brn\n|-ability|p1a: Sneasler|Pressure\n|turn|6\n|inactive|Mixologo has 30 seconds left.\n|\n|t:|1776419367\n|move|p1b: Venusaur|Protect|p1b: Venusaur\n|-singleturn|p1b: Venusaur|Protect\n|move|p1a: Sneasler|Dire Claw|p2a: Gardevoir\n|-supereffective|p2a: Gardevoir|1\n|-damage|p2a: Gardevoir|0 fnt\n|faint|p2a: Gardevoir\n|move|p2b: Rotom|Hydro Pump|p1a: Sneasler\n|-damage|p1a: Sneasler|20/100 brn\n|\n|-damage|p1a: Sneasler|15/100 brn|[from] brn\n|upkeep\n|\n|t:|1776419378\n|switch|p2a: Garchomp|Garchomp, L50, M|39/100\n|turn|7\n|\n|t:|1776419391\n|move|p2a: Garchomp|Earthquake|p1a: Sneasler|[spread] p1a,p1b\n|-immune|p2b: Rotom|[from] ability: Levitate\n|-supereffective|p1a: Sneasler|1\n|-damage|p1a: Sneasler|0 fnt\n|-damage|p1b: Venusaur|0 fnt\n|faint|p1a: Sneasler\n|faint|p1b: Venusaur\n|move|p2b: Rotom|Hydro Pump|p1: Sneasler|[notarget]\n|-fail|p2b: Rotom\n|\n|upkeep\n|\n|t:|1776419401\n|switch|p1a: Garchomp|Garchomp, L50, F|44/100\n|turn|8\n|\n|t:|1776419407\n|move|p2a: Garchomp|Earthquake|p1a: Garchomp|[spread] p1a\n|-immune|p2b: Rotom|[from] ability: Levitate\n|-damage|p1a: Garchomp|7/100\n|move|p1a: Garchomp|Dragon Claw|p2a: Garchomp\n|-supereffective|p2a: Garchomp|1\n|-damage|p2a: Garchomp|0 fnt\n|-damage|p1a: Garchomp|0 fnt|[from] ability: Rough Skin|[of] p2a: Garchomp\n|faint|p2a: Garchomp\n|faint|p1a: Garchomp\n|\n|win|Mixologo\n|raw|buldupskill's rating: 1063 &rarr; <strong>1046</strong><br />(-17 for losing)\n|raw|Mixologo's rating: 1112 &rarr; <strong>1133</strong><br />(+21 for winning)\n|l|\u2606buldupskill\n|player|p1|\n",
  "uploadtime": 1776419418,
  "views": 19,
  "formatid": "gen9championsvgc2026regma",
  "rating": 1046,
  "private": 0,
  "password": null
}