{
  "id": "gen9championsvgc2026regma-2588389811",
  "format": "[Gen 9 Champions] VGC 2026 Reg M-A",
  "players": [
    "Kaliser 257",
    "Liber Dragon"
  ],
  "log": "|j|\u2606Kaliser 257\n|j|\u2606Liber Dragon\n|t:|1776629469\n|gametype|doubles\n|player|p1|Kaliser 257|acetrainer|\n|player|p2|Liber Dragon|veteran|\n|gen|9\n|tier|[Gen 9 Champions] VGC 2026 Reg M-A\n|rule|Species Clause: Limit one of each Pok\u00e9mon\n|rule|Item Clause: Limit 1 of each item\n|clearpoke\n|poke|p1|Tyranitar, L50, M|\n|poke|p1|Excadrill, L50, F|\n|poke|p1|Incineroar, L50, F|\n|poke|p1|Milotic, L50, F|\n|poke|p1|Sinistcha, L50|\n|poke|p1|Drampa, L50, M|\n|poke|p2|Lucario, L50, M|\n|poke|p2|Pelipper, L50, M|\n|poke|p2|Farigiraf, L50, F|\n|poke|p2|Basculegion, L50, M|\n|poke|p2|Archaludon, L50, M|\n|poke|p2|Garchomp, L50, F|\n|teampreview|4\n|inactive|Battle timer is ON: inactive players will automatically lose when time's up. (requested by Liber Dragon)\nLiber Dragon has agreed to open team sheets.\n|inactiveoff|Battle timer is now OFF.\nKaliser 257 has agreed to open team sheets.\n|showteam|p1|Tyranitar||ChopleBerry|SandStream|RockSlide,KnockOff,IcePunch,LowKick|||M|||50|]Excadrill||Excadrite|SandRush|HighHorsepower,IronHead,RockSlide,Protect|||F|||50|]Incineroar||ShucaBerry|Intimidate|FlareBlitz,PartingShot,WillOWisp,FakeOut|||F|||50|]Milotic||SitrusBerry|Competitive|Scald,IcyWind,AlluringVoice,Recover|||F|||50|]Sinistcha||MentalHerb|Hospitality|MatchaGotcha,LifeDew,RagePowder,TrickRoom||||||50|]Drampa||Drampanite|Berserk|DragonPulse,HyperVoice,Thunderbolt,Protect|||M|||50|\n|showteam|p2|Lucario||Lucarionite|InnerFocus|MeteorMash,CloseCombat,IcePunch,Detect|||M|||50|]Pelipper||SitrusBerry|Drizzle|WideGuard,Tailwind,Protect,Hurricane|||M|||50|]Farigiraf||ColburBerry|ArmorTail|Psychic,TrickRoom,AllySwitch,Reflect|||F|||50|]Basculegion||FocusSash|SwiftSwim|Liquidation,LastRespects,AquaJet,Protect|||M|||50|]Archaludon||Leftovers|Stamina|ElectroShot,Snarl,DragonPulse,Protect|||M|||50|]Garchomp||ChoiceScarf|RoughSkin|DragonClaw,StompingTantrum,RockSlide,Earthquake|||F|||50|\n|\n|t:|1776629525\n|teamsize|p1|4\n|teamsize|p2|4\n|start\n|switch|p1a: To\u00f1o|Incineroar, L50, F|100/100\n|switch|p1b: Drampa|Drampa, L50, M|100/100\n|switch|p2a: Pelipper|Pelipper, L50, M|100/100\n|switch|p2b: Archaludon|Archaludon, L50, M|100/100\n|-weather|RainDance|[from] ability: Drizzle|[of] p2a: Pelipper\n|-ability|p1a: To\u00f1o|Intimidate|boost\n|-unboost|p2a: Pelipper|atk|1\n|-unboost|p2b: Archaludon|atk|1\n|turn|1\n|\n|t:|1776629613\n|detailschange|p1b: Drampa|Drampa-Mega, L50, M\n|-mega|p1b: Drampa|Drampa|Drampanite\n|move|p1a: To\u00f1o|Fake Out|p2b: Archaludon\n|-resisted|p2b: Archaludon|1\n|-damage|p2b: Archaludon|97/100\n|-ability|p2b: Archaludon|Stamina|boost\n|-boost|p2b: Archaludon|def|1\n|cant|p2b: Archaludon|flinch\n|move|p2a: Pelipper|Tailwind|p2a: Pelipper\n|-sidestart|p2: Liber Dragon|move: Tailwind\n|move|p1b: Drampa|Dragon Pulse|p2b: Archaludon\n|-damage|p2b: Archaludon|28/100\n|-ability|p2b: Archaludon|Stamina|boost\n|-boost|p2b: Archaludon|def|1\n|\n|-weather|RainDance|[upkeep]\n|-heal|p2b: Archaludon|35/100|[from] item: Leftovers\n|upkeep\n|turn|2\n|\n|t:|1776629663\n|move|p1b: Drampa|Protect|p1b: Drampa\n|-singleturn|p1b: Drampa|Protect\n|move|p2b: Archaludon|Dragon Pulse|p1b: Drampa\n|-activate|p1b: Drampa|move: Protect\n|move|p2a: Pelipper|Hurricane|p1b: Drampa\n|-activate|p1b: Drampa|move: Protect\n|move|p1a: To\u00f1o|Parting Shot|p2b: Archaludon\n|-unboost|p2b: Archaludon|atk|1\n|-unboost|p2b: Archaludon|spa|1\n|\n|t:|1776629674\n|switch|p1a: Goodzilla|Tyranitar, L50, M|100/100|[from] Parting Shot\n|-weather|Sandstorm|[from] ability: Sand Stream|[of] p1a: Goodzilla\n|\n|-weather|Sandstorm|[upkeep]\n|-damage|p2a: Pelipper|95/100|[from] Sandstorm\n|-damage|p1b: Drampa|95/100|[from] Sandstorm\n|-heal|p2b: Archaludon|41/100|[from] item: Leftovers\n|upkeep\n|turn|3\n|\n|t:|1776629716\n|switch|p2a: Basculegion|Basculegion, L50, M|100/100\n|switch|p1b: Oscar|Excadrill, L50, F|100/100\n|move|p2b: Archaludon|Snarl|p1b: Oscar|[spread] p1a\n|-miss|p2b: Archaludon|p1b: Oscar\n|-resisted|p1a: Goodzilla|1\n|-damage|p1a: Goodzilla|98/100\n|-unboost|p1a: Goodzilla|spa|1\n|move|p1a: Goodzilla|Rock Slide|p2a: Basculegion|[spread] p2a,p2b\n|-resisted|p2b: Archaludon|1\n|-damage|p2a: Basculegion|62/100\n|-damage|p2b: Archaludon|35/100\n|-ability|p2b: Archaludon|Stamina|boost\n|-boost|p2b: Archaludon|def|1\n|\n|-weather|Sandstorm|[upkeep]\n|-damage|p2a: Basculegion|56/100|[from] Sandstorm\n|-heal|p2b: Archaludon|41/100|[from] item: Leftovers\n|upkeep\n|turn|4\n|\n|t:|1776629760\n|switch|p2b: Pelipper|Pelipper, L50, M|95/100\n|-weather|RainDance|[from] ability: Drizzle|[of] p2b: Pelipper\n|move|p2a: Basculegion|Protect|p2a: Basculegion\n|-singleturn|p2a: Basculegion|Protect\n|move|p1b: Oscar|High Horsepower|p2b: Pelipper\n|-immune|p2b: Pelipper\n|move|p1a: Goodzilla|Knock Off|p2a: Basculegion\n|-activate|p2a: Basculegion|move: Protect\n|\n|-weather|RainDance|[upkeep]\n|-sideend|p2: Liber Dragon|move: Tailwind\n|upkeep\n|turn|5\n|\n|t:|1776629791\n|switch|p1a: Drampa|Drampa-Mega, L50, M|95/100\n|move|p1b: Oscar|Protect|p1b: Oscar\n|-singleturn|p1b: Oscar|Protect\n|move|p2a: Basculegion|Liquidation|p1b: Oscar\n|-activate|p1b: Oscar|move: Protect\n|move|p2b: Pelipper|Tailwind|p2b: Pelipper\n|-sidestart|p2: Liber Dragon|move: Tailwind\n|\n|-weather|RainDance|[upkeep]\n|upkeep\n|turn|6\n|\n|t:|1776629824\n|switch|p1b: Goodzilla|Tyranitar, L50, M|98/100\n|-weather|Sandstorm|[from] ability: Sand Stream|[of] p1b: Goodzilla\n|move|p2a: Basculegion|Liquidation|p1b: Goodzilla\n|-supereffective|p1b: Goodzilla|1\n|-damage|p1b: Goodzilla|34/100\n|move|p2b: Pelipper|Hurricane|p1a: Drampa|[miss]\n|-miss|p2b: Pelipper|p1a: Drampa\n|move|p1a: Drampa|Thunderbolt|p2b: Pelipper\n|-supereffective|p2b: Pelipper|2\n|-damage|p2b: Pelipper|0 fnt\n|faint|p2b: Pelipper\n|\n|-weather|Sandstorm|[upkeep]\n|-damage|p2a: Basculegion|50/100|[from] Sandstorm\n|-damage|p1a: Drampa|89/100|[from] Sandstorm\n|upkeep\n|\n|t:|1776629842\n|switch|p2b: Lucario|Lucario, L50, M|100/100\n|turn|7\n|\n|t:|1776629865\n|switch|p1b: To\u00f1o|Incineroar, L50, F|100/100\n|-ability|p1b: To\u00f1o|Intimidate|boost\n|-unboost|p2a: Basculegion|atk|1\n|-fail|p2b: Lucario|unboost|Attack|[from] ability: Inner Focus|[of] p2b: Lucario\n|detailschange|p2b: Lucario|Lucario-Mega, L50, M\n|-mega|p2b: Lucario|Lucario|Lucarionite\n|move|p2a: Basculegion|Aqua Jet|p1b: To\u00f1o\n|-supereffective|p1b: To\u00f1o|1\n|-damage|p1b: To\u00f1o|77/100\n|move|p2b: Lucario|Ice Punch|p1a: Drampa\n|-supereffective|p1a: Drampa|1\n|-damage|p1a: Drampa|39/100\n|-ability|p1a: Drampa|Berserk|boost\n|-boost|p1a: Drampa|spa|1\n|move|p1a: Drampa|Thunderbolt|p2a: Basculegion\n|-supereffective|p2a: Basculegion|1\n|-damage|p2a: Basculegion|0 fnt\n|faint|p2a: Basculegion\n|\n|-weather|Sandstorm|[upkeep]\n|-damage|p1b: To\u00f1o|72/100|[from] Sandstorm\n|-damage|p1a: Drampa|33/100|[from] Sandstorm\n|upkeep\n|\n|t:|1776629882\n|switch|p2a: Archaludon|Archaludon, L50, M|41/100\n|turn|8\n|\n|t:|1776629954\n|switch|p1a: Oscar|Excadrill, L50, F|100/100\n|move|p1b: To\u00f1o|Fake Out|p2b: Lucario\n|-resisted|p2b: Lucario|1\n|-damage|p2b: Lucario|93/100\n|cant|p2b: Lucario|flinch\n|move|p2a: Archaludon|Dragon Pulse|p1a: Oscar\n|-resisted|p1a: Oscar|1\n|-damage|p1a: Oscar|71/100\n|\n|-weather|Sandstorm|[upkeep]\n|-damage|p1b: To\u00f1o|66/100|[from] Sandstorm\n|-heal|p2a: Archaludon|47/100|[from] item: Leftovers\n|-sideend|p2: Liber Dragon|move: Tailwind\n|upkeep\n|turn|9\n|\n|t:|1776630032\n|move|p2b: Lucario|Detect|p2b: Lucario\n|-singleturn|p2b: Lucario|Protect\n|move|p1a: Oscar|High Horsepower|p2b: Lucario\n|-activate|p2b: Lucario|move: Protect\n|move|p2a: Archaludon|Electro Shot||[still]\n|-prepare|p2a: Archaludon|Electro Shot\n|-boost|p2a: Archaludon|spa|1\n|move|p1b: To\u00f1o|Flare Blitz|p2a: Archaludon\n|-damage|p2a: Archaludon|14/100\n|-ability|p2a: Archaludon|Stamina|boost\n|-boost|p2a: Archaludon|def|1\n|-damage|p1b: To\u00f1o|54/100|[from] Recoil\n|\n|-weather|Sandstorm|[upkeep]\n|-damage|p1b: To\u00f1o|49/100|[from] Sandstorm\n|-heal|p2a: Archaludon|20/100|[from] item: Leftovers\n|upkeep\n|turn|10\n|\n|t:|1776630081\n|move|p1a: Oscar|High Horsepower|p2a: Archaludon\n|-supereffective|p2a: Archaludon|1\n|-damage|p2a: Archaludon|0 fnt\n|faint|p2a: Archaludon\n|move|p2b: Lucario|Close Combat|p1b: To\u00f1o\n|-supereffective|p1b: To\u00f1o|1\n|-damage|p1b: To\u00f1o|0 fnt\n|-unboost|p2b: Lucario|def|1\n|-unboost|p2b: Lucario|spd|1\n|faint|p1b: To\u00f1o\n|\n|-weather|none\n|upkeep\n|\n|t:|1776630090\n|switch|p1b: Goodzilla|Tyranitar, L50, M|34/100\n|-weather|Sandstorm|[from] ability: Sand Stream|[of] p1b: Goodzilla\n|turn|11\n|\n|t:|1776630097\n|move|p1a: Oscar|High Horsepower|p2b: Lucario\n|-supereffective|p2b: Lucario|1\n|-damage|p2b: Lucario|0 fnt\n|faint|p2b: Lucario\n|\n|win|Kaliser 257\n",
  "uploadtime": 1776630103,
  "views": 9,
  "formatid": "gen9championsvgc2026regma",
  "rating": null,
  "private": 0,
  "password": null
}