{
  "id": "gen9championsvgc2026regma-2586108511",
  "format": "[Gen 9 Champions] VGC 2026 Reg M-A",
  "players": [
    "Avi 2007",
    "Mark Smith"
  ],
  "log": "|j|\u2606Avi 2007\n|j|\u2606Mark Smith\n|t:|1776399985\n|gametype|doubles\n|player|p1|Avi 2007|palmer|1282\n|player|p2|Mark Smith|170|1297\n|gen|9\n|tier|[Gen 9 Champions] VGC 2026 Reg M-A\n|rated|\n|rule|Species Clause: Limit one of each Pok\u00e9mon\n|rule|Item Clause: Limit 1 of each item\n|clearpoke\n|poke|p1|Oranguru, L50, F|\n|poke|p1|Camerupt, L50, F|\n|poke|p1|Torkoal, L50, M|\n|poke|p1|Crabominable, L50, M|\n|poke|p1|Sinistcha-Masterpiece, L50|\n|poke|p1|Incineroar, L50, F|\n|poke|p2|Delphox, L50, M|\n|poke|p2|Garchomp, L50, F|\n|poke|p2|Blastoise, L50, M|\n|poke|p2|Maushold, L50|\n|poke|p2|Whimsicott, L50, F|\n|poke|p2|Weavile, L50, F|\n|teampreview|4\nMark Smith rejected open team sheets.\n|\n|t:|1776400014\n|teamsize|p1|4\n|teamsize|p2|4\n|start\n|switch|p1a: Oranguru|Oranguru, L50, F|100/100\n|switch|p1b: Sinistcha|Sinistcha-Masterpiece, L50|100/100\n|switch|p2a: Weavile|Weavile, L50, F|100/100\n|switch|p2b: Blastoise|Blastoise, L50, M|100/100\n|-ability|p2a: Weavile|Pressure\n|turn|1\n|inactive|Battle timer is ON: inactive players will automatically lose when time's up. (requested by Avi 2007)\n|inactive|Mark Smith has 60 seconds left.\n|\n|t:|1776400058\n|detailschange|p2b: Blastoise|Blastoise-Mega, L50, M\n|-mega|p2b: Blastoise|Blastoise|Blastoisinite\n|move|p1b: Sinistcha|Rage Powder|p1b: Sinistcha\n|-singleturn|p1b: Sinistcha|move: Rage Powder\n|move|p2a: Weavile|Knock Off|p1b: Sinistcha\n|-supereffective|p1b: Sinistcha|1\n|-damage|p1b: Sinistcha|29/100\n|-enditem|p1b: Sinistcha|Leftovers|[from] move: Knock Off|[of] p2a: Weavile\n|move|p2b: Blastoise|Dark Pulse|p1b: Sinistcha\n|-supereffective|p1b: Sinistcha|1\n|-damage|p1b: Sinistcha|0 fnt\n|faint|p1b: Sinistcha\n|move|p1a: Oranguru|Trick Room|p1a: Oranguru\n|-fieldstart|move: Trick Room|[of] p1a: Oranguru\n|\n|upkeep\n|\n|t:|1776400071\n|switch|p1b: Torkoal|Torkoal, L50, M|100/100\n|-weather|SunnyDay|[from] ability: Drought|[of] p1b: Torkoal\n|turn|2\n|\n|t:|1776400091\n|switch|p2a: Maushold|Maushold, L50|100/100\n|move|p1b: Torkoal|Eruption|p2a: Maushold|[spread] p2a,p2b\n|-resisted|p2b: Blastoise|1\n|-enditem|p2a: Maushold|Focus Sash\n|-damage|p2a: Maushold|1/100\n|-damage|p2b: Blastoise|67/100\n|move|p1a: Oranguru|Instruct|p1b: Torkoal\n|-singleturn|p1b: Torkoal|move: Instruct|[of] p1a: Oranguru\n|move|p1b: Torkoal|Eruption|p2a: Maushold|[spread] p2a,p2b\n|-resisted|p2b: Blastoise|1\n|-damage|p2a: Maushold|0 fnt\n|-damage|p2b: Blastoise|32/100\n|faint|p2a: Maushold\n|move|p2b: Blastoise|Dark Pulse|p1a: Oranguru\n|-supereffective|p1a: Oranguru|1\n|-damage|p1a: Oranguru|38/100\n|\n|-weather|SunnyDay|[upkeep]\n|upkeep\n|\n|t:|1776400107\n|switch|p2a: Weavile|Weavile, L50, F|100/100\n|-ability|p2a: Weavile|Pressure\n|turn|3\n|\n|t:|1776400118\n|move|p2a: Weavile|Fake Out|p1b: Torkoal\n|-damage|p1b: Torkoal|90/100\n|cant|p1b: Torkoal|flinch\n|move|p1a: Oranguru|Hyper Voice|p2a: Weavile|[spread] p2a,p2b\n|-damage|p2a: Weavile|72/100\n|-damage|p2b: Blastoise|10/100\n|move|p2b: Blastoise|Aura Sphere|p1b: Torkoal\n|-damage|p1b: Torkoal|34/100\n|\n|-weather|SunnyDay|[upkeep]\n|upkeep\n|turn|4\n|\n|t:|1776400140\n|move|p1b: Torkoal|Weather Ball|p2a: Weavile\n|-supereffective|p2a: Weavile|1\n|-damage|p2a: Weavile|0 fnt\n|faint|p2a: Weavile\n|move|p1a: Oranguru|Hyper Voice|p2b: Blastoise\n|-crit|p2b: Blastoise\n|-damage|p2b: Blastoise|0 fnt\n|faint|p2b: Blastoise\n|\n|-weather|SunnyDay|[upkeep]\n|upkeep\n|\n|t:|1776400150\n|switch|p2b: Garchomp|Garchomp, L50, F|100/100\n|turn|5\n|\n|t:|1776400161\n|move|p2b: Garchomp|Protect|p2b: Garchomp\n|-singleturn|p2b: Garchomp|Protect\n|move|p1b: Torkoal|Weather Ball|p2b: Garchomp\n|-activate|p2b: Garchomp|move: Protect\n|move|p1a: Oranguru|Instruct|p1b: Torkoal\n|-singleturn|p1b: Torkoal|move: Instruct|[of] p1a: Oranguru\n|move|p1b: Torkoal|Weather Ball|p2b: Garchomp\n|-activate|p2b: Garchomp|move: Protect\n|\n|-weather|SunnyDay|[upkeep]\n|-fieldend|move: Trick Room\n|upkeep\n|turn|6\n|\n|t:|1776400173\n|move|p1b: Torkoal|Protect|p1b: Torkoal\n|-singleturn|p1b: Torkoal|Protect\n|move|p2b: Garchomp|Earthquake|p1b: Torkoal|[spread] p1a\n|-activate|p1b: Torkoal|move: Protect\n|-damage|p1a: Oranguru|0 fnt\n|faint|p1a: Oranguru\n|\n|-weather|none\n|upkeep\n|\n|t:|1776400181\n|switch|p1a: Crabominable|Crabominable, L50, M|100/100\n|turn|7\n|\n|t:|1776400195\n|detailschange|p1a: Crabominable|Crabominable-Mega, L50, M\n|-mega|p1a: Crabominable|Crabominable|Crabominite\n|move|p2b: Garchomp|Rock Slide|p1a: Crabominable|[spread] p1a,p1b\n|-supereffective|p1b: Torkoal|1\n|-damage|p1a: Crabominable|86/100\n|-damage|p1b: Torkoal|5/100\n|move|p1a: Crabominable|Ice Hammer|p2b: Garchomp\n|-supereffective|p2b: Garchomp|2\n|-damage|p2b: Garchomp|0 fnt\n|-unboost|p1a: Crabominable|spe|1\n|-damage|p1a: Crabominable|73/100|[from] ability: Rough Skin|[of] p2b: Garchomp\n|faint|p2b: Garchomp\n|\n|win|Avi 2007\n|raw|Avi 2007's rating: 1282 &rarr; <strong>1308</strong><br />(+26 for winning)\n|raw|Mark Smith's rating: 1297 &rarr; <strong>1271</strong><br />(-26 for losing)\n|l|\u2606Avi 2007\n|player|p1|\n",
  "uploadtime": 1776400490,
  "views": 54,
  "formatid": "gen9championsvgc2026regma",
  "rating": 1271,
  "private": 0,
  "password": null
}