{
  "id": "gen9championsvgc2026regma-2586520125",
  "format": "[Gen 9 Champions] VGC 2026 Reg M-A",
  "players": [
    "SkyHiSundae",
    "lerry27"
  ],
  "log": "|j|\u2606SkyHiSundae\n|j|\u2606lerry27\n|t:|1776440273\n|gametype|doubles\n|player|p1|SkyHiSundae|ninjaboy|1163\n|player|p2|lerry27|102|1189\n|gen|9\n|tier|[Gen 9 Champions] VGC 2026 Reg M-A\n|rated|\n|rule|Species Clause: Limit one of each Pok\u00e9mon\n|rule|Item Clause: Limit 1 of each item\n|clearpoke\n|poke|p1|Delphox, L50, M|\n|poke|p1|Basculegion, L50, M|\n|poke|p1|Clefable, L50, F|\n|poke|p1|Kingambit, L50, M|\n|poke|p1|Sneasler, L50, M|\n|poke|p1|Dragonite, L50, F|\n|poke|p2|Mimikyu, L50, F|\n|poke|p2|Incineroar, L50, M|\n|poke|p2|Sinistcha, L50|\n|poke|p2|Farigiraf, L50, F|\n|poke|p2|Drampa, L50, M|\n|poke|p2|Araquanid, L50, M|\n|teampreview|4\nlerry27 rejected open team sheets.\n|inactive|Battle timer is ON: inactive players will automatically lose when time's up. (requested by lerry27)\n|\n|t:|1776440323\n|teamsize|p1|4\n|teamsize|p2|4\n|start\n|switch|p1a: Delphox|Delphox, L50, M|100/100\n|switch|p1b: Dragonite|Dragonite, L50, F|100/100\n|switch|p2a: Mimikyu|Mimikyu, L50, F|100/100\n|switch|p2b: Drampa|Drampa, L50, M, shiny|100/100\n|turn|1\n|\n|t:|1776440340\n|detailschange|p1a: Delphox|Delphox-Mega, L50, M\n|-mega|p1a: Delphox|Delphox|Delphoxite\n|move|p2b: Drampa|Protect|p2b: Drampa\n|-singleturn|p2b: Drampa|Protect\n|move|p1a: Delphox|Substitute|p1a: Delphox\n|-start|p1a: Delphox|Substitute\n|-damage|p1a: Delphox|75/100\n|move|p1b: Dragonite|Scale Shot|p2b: Drampa\n|-activate|p2b: Drampa|move: Protect\n|move|p2a: Mimikyu|Trick Room|p2a: Mimikyu\n|-fieldstart|move: Trick Room|[of] p2a: Mimikyu\n|\n|upkeep\n|turn|2\n|\n|t:|1776440360\n|detailschange|p2b: Drampa|Drampa-Mega, L50, M, shiny\n|-mega|p2b: Drampa|Drampa|Drampanite\n|move|p2b: Drampa|Hyper Voice|p1b: Dragonite|[spread] p1a,p1b\n|-damage|p1a: Delphox|30/100\n|-damage|p1b: Dragonite|54/100\n|move|p2a: Mimikyu|Play Rough|p1b: Dragonite\n|-supereffective|p1b: Dragonite|1\n|-damage|p1b: Dragonite|0 fnt\n|faint|p1b: Dragonite\n|move|p1a: Delphox|Heat Wave|p2b: Drampa|[spread] p2a\n|-miss|p1a: Delphox|p2b: Drampa\n|-activate|p2a: Mimikyu|ability: Disguise\n|-damage|p2a: Mimikyu|100/100\n|detailschange|p2a: Mimikyu|Mimikyu-Busted, L50, F\n|-damage|p2a: Mimikyu|88/100|[from] pokemon: Mimikyu-Busted\n|\n|-heal|p2a: Mimikyu|94/100|[from] item: Leftovers\n|upkeep\n|\n|t:|1776440374\n|switch|p1b: Clefable|Clefable, L50, F|100/100\n|turn|3\n|\n|t:|1776440387\n|move|p1a: Delphox|Protect|p1a: Delphox\n|-singleturn|p1a: Delphox|Protect\n|move|p2b: Drampa|Hyper Voice|p1a: Delphox|[spread] p1b\n|-activate|p1a: Delphox|move: Protect\n|-damage|p1b: Clefable|58/100\n|move|p1b: Clefable|Moonblast|p2b: Drampa\n|-supereffective|p2b: Drampa|1\n|-damage|p2b: Drampa|44/100\n|-unboost|p2b: Drampa|spa|1\n|-ability|p2b: Drampa|Berserk|boost\n|-boost|p2b: Drampa|spa|1\n|move|p2a: Mimikyu|Shadow Claw|p1b: Clefable\n|-damage|p1b: Clefable|36/100\n|\n|-heal|p2a: Mimikyu|100/100|[from] item: Leftovers\n|upkeep\n|turn|4\n|\n|t:|1776440404\n|switch|p2a: Sinistcha|Sinistcha, L50|100/100\n|-heal|p2b: Drampa|69/100|[from] ability: Hospitality|[of] p2a: Sinistcha\n|move|p1a: Delphox|Protect||[still]\n|-fail|p1a: Delphox\n|move|p2b: Drampa|Hyper Voice|p1b: Clefable|[spread] p1a,p1b\n|-damage|p1a: Delphox|0 fnt\n|-damage|p1b: Clefable|0 fnt\n|faint|p1a: Delphox\n|faint|p1b: Clefable\n|\n|upkeep\n|\n|t:|1776440414\n|switch|p1b: Kingambit|Kingambit, L50, M|100/100\n|turn|5\n|\n|t:|1776440421\n|move|p2b: Drampa|Protect|p2b: Drampa\n|-singleturn|p2b: Drampa|Protect\n|move|p1b: Kingambit|Kowtow Cleave|p2b: Drampa\n|-activate|p2b: Drampa|move: Protect\n|move|p2a: Sinistcha|Life Dew||[still]|[spread] p2a,p2b\n|-fail|p2a: Sinistcha|heal\n|-heal|p2b: Drampa|94/100\n|\n|-fieldend|move: Trick Room\n|upkeep\n|turn|6\n|\n|t:|1776440433\n|move|p2a: Sinistcha|Rage Powder|p2a: Sinistcha\n|-singleturn|p2a: Sinistcha|move: Rage Powder\n|move|p1b: Kingambit|Swords Dance|p1b: Kingambit\n|-boost|p1b: Kingambit|atk|2\n|move|p2b: Drampa|Calm Mind|p2b: Drampa\n|-boost|p2b: Drampa|spa|1\n|-boost|p2b: Drampa|spd|1\n|\n|upkeep\n|turn|7\n|\n|t:|1776440443\n|move|p2a: Sinistcha|Rage Powder|p2a: Sinistcha\n|-singleturn|p2a: Sinistcha|move: Rage Powder\n|move|p1b: Kingambit|Kowtow Cleave|p2a: Sinistcha\n|-supereffective|p2a: Sinistcha|1\n|-damage|p2a: Sinistcha|0 fnt\n|faint|p2a: Sinistcha\n|move|p2b: Drampa|Calm Mind|p2b: Drampa\n|-boost|p2b: Drampa|spa|1\n|-boost|p2b: Drampa|spd|1\n|\n|upkeep\n|\n|t:|1776440455\n|switch|p2a: Mimikyu|Mimikyu-Busted, L50, F|100/100\n|turn|8\n|\n|t:|1776440461\n|move|p2b: Drampa|Protect|p2b: Drampa\n|-singleturn|p2b: Drampa|Protect\n|move|p2a: Mimikyu|Will-O-Wisp|p1b: Kingambit\n|-status|p1b: Kingambit|brn\n|-enditem|p1b: Kingambit|Lum Berry|[eat]\n|-curestatus|p1b: Kingambit|brn|[msg]\n|move|p1b: Kingambit|Kowtow Cleave|p2a: Mimikyu\n|-damage|p2a: Mimikyu|0 fnt\n|faint|p2a: Mimikyu\n|\n|upkeep\n|\n|t:|1776440471\n|switch|p2a: Araquanid|Araquanid, L50, M|100/100\n|turn|9\n|\n|t:|1776440484\n|move|p1b: Kingambit|Kowtow Cleave|p2b: Drampa\n|-damage|p2b: Drampa|2/100\n|-ability|p2b: Drampa|Berserk|boost\n|-boost|p2b: Drampa|spa|1\n|move|p2a: Araquanid|Liquidation|p1b: Kingambit\n|-damage|p1b: Kingambit|43/100\n|-unboost|p1b: Kingambit|def|1\n|-ability|p1b: Kingambit|Defiant|boost\n|-boost|p1b: Kingambit|atk|2\n|move|p2b: Drampa|Dragon Pulse|p1b: Kingambit\n|-resisted|p1b: Kingambit|1\n|-damage|p1b: Kingambit|0 fnt\n|faint|p1b: Kingambit\n|\n|win|lerry27\n|raw|SkyHiSundae's rating: 1163 &rarr; <strong>1140</strong><br />(-23 for losing)\n|raw|lerry27's rating: 1189 &rarr; <strong>1212</strong><br />(+23 for winning)\n",
  "uploadtime": 1776440496,
  "views": 23,
  "formatid": "gen9championsvgc2026regma",
  "rating": 1140,
  "private": 0,
  "password": null
}