{
  "id": "gen9championsvgc2026regma-2584864456",
  "format": "[Gen 9 Champions] VGC 2026 Reg M-A",
  "players": [
    "Lioxim",
    "jojo80"
  ],
  "log": "|j|\u2606Lioxim\n|j|\u2606jojo80\n|t:|1776289725\n|gametype|doubles\n|player|p1|Lioxim|266|1170\n|player|p2|jojo80|266|1210\n|gen|9\n|tier|[Gen 9 Champions] VGC 2026 Reg M-A\n|rated|\n|rule|Species Clause: Limit one of each Pok\u00e9mon\n|rule|Item Clause: Limit 1 of each item\n|clearpoke\n|poke|p1|Tyranitar, L50, F|\n|poke|p1|Rotom-Wash, L50|\n|poke|p1|Garchomp, L50, M|\n|poke|p1|Corviknight, L50, M|\n|poke|p1|Sinistcha, L50|\n|poke|p1|Sneasler, L50, M|\n|poke|p2|Zoroark-Hisui, L50, F|\n|poke|p2|Snorlax, L50, F|\n|poke|p2|Dragapult, L50, F|\n|poke|p2|Araquanid, L50, M|\n|poke|p2|Meganium, L50, M|\n|poke|p2|Krookodile, L50, M|\n|teampreview|4\n|inactive|Battle timer is ON: inactive players will automatically lose when time's up. (requested by jojo80)\n|inactive|Lioxim has 60 seconds left.\n|\n|t:|1776289796\n|teamsize|p1|4\n|teamsize|p2|4\n|start\n|switch|p1a: Sneasler|Sneasler, L50, M|100/100\n|switch|p1b: Tyranitar|Tyranitar, L50, F|100/100\n|switch|p2a: Dragapult|Dragapult, L50, F|100/100\n|switch|p2b: Snorlax|Snorlax, L50, F|100/100\n|-weather|Sandstorm|[from] ability: Sand Stream|[of] p1b: Tyranitar\n|turn|1\n|inactive|Lioxim has 30 seconds left.\n|\n|t:|1776289825\n|detailschange|p1b: Tyranitar|Tyranitar-Mega, L50, F\n|-mega|p1b: Tyranitar|Tyranitar|Tyranitarite\n|move|p1a: Sneasler|Protect|p1a: Sneasler\n|-singleturn|p1a: Sneasler|Protect\n|move|p2a: Dragapult|Dragon Dance|p2a: Dragapult\n|-boost|p2a: Dragapult|atk|1\n|-boost|p2a: Dragapult|spe|1\n|move|p2b: Snorlax|Psychic|p1a: Sneasler\n|-activate|p1a: Sneasler|move: Protect\n|move|p1b: Tyranitar|Knock Off|p2a: Dragapult\n|-supereffective|p2a: Dragapult|1\n|-damage|p2a: Dragapult|0 fnt\n|-enditem|p2a: Dragapult|White Herb|[from] move: Knock Off|[of] p1b: Tyranitar\n|faint|p2a: Dragapult\n|\n|-weather|Sandstorm|[upkeep]\n|-damage|p2b: Snorlax|94/100|[from] Sandstorm\n|-damage|p1a: Sneasler|95/100|[from] Sandstorm\n|upkeep\n|\n|t:|1776289830\n|switch|p2a: Meganium|Meganium, L50, M|100/100\n|turn|2\n|\n|t:|1776289842\n|switch|p1a: Corviknight|Corviknight, L50, M|100/100\n|detailschange|p2a: Meganium|Meganium-Mega, L50, M\n|-mega|p2a: Meganium|Meganium|Meganiumite\n|move|p2b: Snorlax|Psychic|p1a: Corviknight\n|-resisted|p1a: Corviknight|1\n|-damage|p1a: Corviknight|84/100\n|move|p1b: Tyranitar|Knock Off|p2b: Snorlax\n|-supereffective|p2b: Snorlax|1\n|-damage|p2b: Snorlax|0 fnt\n|replace|p2b: Zoroark|Zoroark-Hisui, L50, F\n|-end|p2b: Zoroark|Illusion\n|-enditem|p2b: Zoroark|Focus Sash|[from] move: Knock Off|[of] p1b: Tyranitar\n|faint|p2b: Zoroark\n|move|p2a: Meganium|Solar Beam||[still]\n|-prepare|p2a: Meganium|Solar Beam\n|-activate|p2a: Meganium|ability: Mega Sol\n|-anim|p2a: Meganium|Solar Beam|p1b: Tyranitar\n|-supereffective|p1b: Tyranitar|1\n|-damage|p1b: Tyranitar|0 fnt\n|faint|p1b: Tyranitar\n|\n|-weather|Sandstorm|[upkeep]\n|-damage|p2a: Meganium|95/100|[from] Sandstorm\n|upkeep\n|\n|t:|1776289862\n|switch|p2b: Snorlax|Snorlax, L50, F|100/100\n|switch|p1b: Sneasler|Sneasler, L50, M|95/100\n|turn|3\n|\n|t:|1776289885\n|move|p1b: Sneasler|Fake Out|p2a: Meganium\n|-damage|p2a: Meganium|83/100\n|cant|p2a: Meganium|flinch\n|move|p1a: Corviknight|Tailwind|p1a: Corviknight\n|-sidestart|p1: Lioxim|move: Tailwind\n|move|p2b: Snorlax|Fire Punch|p1a: Corviknight\n|-supereffective|p1a: Corviknight|1\n|-enditem|p1a: Corviknight|Occa Berry|[eat]\n|-enditem|p1a: Corviknight|Occa Berry|[weaken]\n|-damage|p1a: Corviknight|64/100\n|\n|-weather|Sandstorm|[upkeep]\n|-damage|p1b: Sneasler|89/100|[from] Sandstorm\n|-damage|p2a: Meganium|77/100|[from] Sandstorm\n|-damage|p2b: Snorlax|94/100|[from] Sandstorm\n|-heal|p2b: Snorlax|100/100|[from] item: Leftovers\n|upkeep\n|turn|4\n|\n|t:|1776289902\n|move|p1b: Sneasler|Close Combat|p2b: Snorlax\n|-supereffective|p2b: Snorlax|1\n|-damage|p2b: Snorlax|21/100\n|-unboost|p1b: Sneasler|def|1\n|-unboost|p1b: Sneasler|spd|1\n|-enditem|p1b: Sneasler|White Herb\n|-clearnegativeboost|p1b: Sneasler|[silent]\n|move|p1a: Corviknight|Iron Head|p2a: Meganium\n|-supereffective|p2a: Meganium|1\n|-damage|p2a: Meganium|19/100\n|move|p2a: Meganium|Weather Ball|p1a: Corviknight\n|-supereffective|p1a: Corviknight|1\n|-damage|p1a: Corviknight|0 fnt\n|faint|p1a: Corviknight\n|move|p2b: Snorlax|Body Slam|p1b: Sneasler\n|-damage|p1b: Sneasler|50/100\n|\n|-weather|Sandstorm|[upkeep]\n|-damage|p1b: Sneasler|44/100|[from] Sandstorm\n|-damage|p2a: Meganium|13/100|[from] Sandstorm\n|-damage|p2b: Snorlax|15/100|[from] Sandstorm\n|-heal|p2b: Snorlax|21/100|[from] item: Leftovers\n|upkeep\n|\n|t:|1776289913\n|switch|p1a: Garchomp|Garchomp, L50, M|100/100\n|turn|5\n|\n|t:|1776289923\n|move|p1b: Sneasler|Dire Claw|p2a: Meganium\n|-supereffective|p2a: Meganium|2\n|-damage|p2a: Meganium|0 fnt\n|faint|p2a: Meganium\n|move|p1a: Garchomp|Stomping Tantrum|p2b: Snorlax\n|-damage|p2b: Snorlax|0 fnt\n|faint|p2b: Snorlax\n|\n|win|Lioxim\n|raw|Lioxim's rating: 1170 &rarr; <strong>1198</strong><br />(+28 for winning)\n|raw|jojo80's rating: 1210 &rarr; <strong>1182</strong><br />(-28 for losing)\n|l|\u2606jojo80\n|player|p2|\n",
  "uploadtime": 1776289928,
  "views": 23,
  "formatid": "gen9championsvgc2026regma",
  "rating": 1182,
  "private": 0,
  "password": null
}