{
  "id": "gen9championsvgc2026regma-2582418294",
  "format": "[Gen 9 Champions] VGC 2026 Reg M-A",
  "players": [
    "caronte04",
    "jasonrfry"
  ],
  "log": "|j|\u2606caronte04\n|j|\u2606jasonrfry\n|t:|1776090392\n|gametype|doubles\n|player|p1|caronte04|265|1169\n|player|p2|jasonrfry|169|1190\n|gen|9\n|tier|[Gen 9 Champions] VGC 2026 Reg M-A\n|rated|\n|rule|Species Clause: Limit one of each Pok\u00e9mon\n|rule|Item Clause: Limit 1 of each item\n|clearpoke\n|poke|p1|Drampa, L50, F|\n|poke|p1|Alakazam, L50, M|\n|poke|p1|Sinistcha, L50|\n|poke|p1|Pelipper, L50, F|\n|poke|p1|Basculegion, L50, M|\n|poke|p1|Scizor, L50, M|\n|poke|p2|Mimikyu, L50, F|\n|poke|p2|Meganium, L50, M|\n|poke|p2|Primarina, L50, F|\n|poke|p2|Sneasler, L50, F|\n|poke|p2|Torkoal, L50, M|\n|poke|p2|Kingambit, L50, F|\n|teampreview|4\n|inactive|Battle timer is ON: inactive players will automatically lose when time's up. (requested by caronte04)\n|\n|t:|1776090416\n|teamsize|p1|4\n|teamsize|p2|4\n|start\n|switch|p1a: Basculegion|Basculegion, L50, M, shiny|100/100\n|switch|p1b: Scizor|Scizor, L50, M, shiny|100/100\n|switch|p2a: Mimikyu|Mimikyu, L50, F, shiny|100/100\n|switch|p2b: Sneasler|Sneasler, L50, F|100/100\n|turn|1\n|\n|t:|1776090434\n|detailschange|p1b: Scizor|Scizor-Mega, L50, M, shiny\n|-mega|p1b: Scizor|Scizor|Scizorite\n|move|p2b: Sneasler|Fake Out|p1b: Scizor\n|-resisted|p1b: Scizor|1\n|-damage|p1b: Scizor|95/100\n|move|p1a: Basculegion|Aqua Jet|p2b: Sneasler\n|-damage|p2b: Sneasler|65/100\n|cant|p1b: Scizor|flinch\n|move|p2a: Mimikyu|Trick Room|p2a: Mimikyu\n|-fieldstart|move: Trick Room|[of] p2a: Mimikyu\n|\n|upkeep\n|turn|2\n|\n|t:|1776090448\n|move|p1b: Scizor|Swords Dance|p1b: Scizor\n|-boost|p1b: Scizor|atk|2\n|move|p2a: Mimikyu|Curse|p1a: Basculegion\n|-start|p1a: Basculegion|Curse|[of] p2a: Mimikyu\n|-damage|p2a: Mimikyu|50/100\n|move|p1a: Basculegion|Wave Crash|p2b: Sneasler\n|-damage|p2b: Sneasler|0 fnt\n|faint|p2b: Sneasler\n|-damage|p1a: Basculegion|84/100|[from] Recoil\n|\n|-damage|p1a: Basculegion|59/100|[from] Curse\n|upkeep\n|\n|t:|1776090464\n|switch|p2b: Meganium|Meganium, L50, M|100/100\n|turn|3\n|inactive|caronte04 has 30 seconds left.\n|\n|t:|1776090491\n|switch|p1a: Sinistcha|Sinistcha, L50, shiny|100/100\n|-heal|p1b: Scizor|100/100|[from] ability: Hospitality|[of] p1a: Sinistcha\n|move|p2b: Meganium|Protect|p2b: Meganium\n|-singleturn|p2b: Meganium|Protect\n|move|p1b: Scizor|Bullet Punch|p2b: Meganium\n|-activate|p2b: Meganium|move: Protect\n|move|p2a: Mimikyu|Will-O-Wisp|p1b: Scizor\n|-status|p1b: Scizor|brn\n|\n|-damage|p1b: Scizor|94/100 brn|[from] brn\n|upkeep\n|turn|4\n|\n|t:|1776090510\n|switch|p2a: Primarina|Primarina, L50, F, shiny|100/100\n|detailschange|p2b: Meganium|Meganium-Mega, L50, M\n|-mega|p2b: Meganium|Meganium|Meganiumite\n|move|p1b: Scizor|Bullet Punch|p2b: Meganium\n|-supereffective|p2b: Meganium|1\n|-damage|p2b: Meganium|33/100\n|move|p1a: Sinistcha|Matcha Gotcha|p2a: Primarina|[spread] p2a,p2b\n|-supereffective|p2a: Primarina|1\n|-resisted|p2b: Meganium|1\n|-damage|p2a: Primarina|62/100\n|-damage|p2b: Meganium|23/100\n|-status|p2a: Primarina|brn\n|move|p2b: Meganium|Weather Ball|p1b: Scizor\n|-supereffective|p1b: Scizor|2\n|-damage|p1b: Scizor|0 fnt\n|faint|p1b: Scizor\n|\n|-damage|p2a: Primarina|56/100 brn|[from] brn\n|upkeep\n|\n|t:|1776090531\n|switch|p1b: Pelipper|Pelipper, L50, F, shiny|100/100\n|-weather|RainDance|[from] ability: Drizzle|[of] p1b: Pelipper\n|turn|5\n|inactive|caronte04 has 30 seconds left.\n|inactive|caronte04 has 20 seconds left.\n|inactive|jasonrfry has 30 seconds left.\n|\n|t:|1776090571\n|move|p2a: Primarina|Moonblast|p1b: Pelipper\n|-damage|p1b: Pelipper|0 fnt\n|faint|p1b: Pelipper\n|move|p1a: Sinistcha|Matcha Gotcha|p2b: Meganium|[spread] p2a,p2b\n|-supereffective|p2a: Primarina|1\n|-resisted|p2b: Meganium|1\n|-crit|p2b: Meganium\n|-damage|p2a: Primarina|20/100 brn\n|-damage|p2b: Meganium|9/100\n|move|p2b: Meganium|Weather Ball|p1a: Sinistcha\n|-supereffective|p1a: Sinistcha|1\n|-damage|p1a: Sinistcha|0 fnt\n|faint|p1a: Sinistcha\n|\n|-weather|RainDance|[upkeep]\n|-damage|p2a: Primarina|14/100 brn|[from] brn\n|-fieldend|move: Trick Room\n|upkeep\n|\n|t:|1776090582\n|switch|p1a: Basculegion|Basculegion, L50, M, shiny|59/100\n|turn|6\n|\n|t:|1776090603\n|move|p1a: Basculegion|Aqua Jet|p2a: Primarina\n|-resisted|p2a: Primarina|1\n|-damage|p2a: Primarina|0 fnt\n|faint|p2a: Primarina\n|move|p2b: Meganium|Solar Beam||[still]\n|-prepare|p2b: Meganium|Solar Beam\n|-activate|p2b: Meganium|ability: Mega Sol\n|-anim|p2b: Meganium|Solar Beam|p1a: Basculegion\n|-supereffective|p1a: Basculegion|1\n|-damage|p1a: Basculegion|0 fnt\n|faint|p1a: Basculegion\n|\n|win|jasonrfry\n|raw|caronte04's rating: 1169 &rarr; <strong>1146</strong><br />(-23 for losing)\n|raw|jasonrfry's rating: 1190 &rarr; <strong>1213</strong><br />(+23 for winning)\n|l|\u2606caronte04\n|player|p1|\n",
  "uploadtime": 1776090619,
  "views": 18,
  "formatid": "gen9championsvgc2026regma",
  "rating": 1146,
  "private": 0,
  "password": null
}