{
  "id": "gen9championsvgc2026regma-2586064274",
  "format": "[Gen 9 Champions] VGC 2026 Reg M-A",
  "players": [
    "Bonaban",
    "AidzPlayz"
  ],
  "log": "|j|\u2606Bonaban\n|j|\u2606AidzPlayz\n|t:|1776395197\n|gametype|doubles\n|player|p1|Bonaban|169|1193\n|player|p2|AidzPlayz|ghetsis-gen5bw|1289\n|gen|9\n|tier|[Gen 9 Champions] VGC 2026 Reg M-A\n|rated|\n|rule|Species Clause: Limit one of each Pok\u00e9mon\n|rule|Item Clause: Limit 1 of each item\n|clearpoke\n|poke|p1|Torkoal, L50, M|\n|poke|p1|Garchomp, L50, F|\n|poke|p1|Sneasler, L50, M|\n|poke|p1|Aegislash, L50, F|\n|poke|p1|Rotom-Wash, L50|\n|poke|p1|Chimecho, L50, M|\n|poke|p2|Aerodactyl, L50, F|\n|poke|p2|Incineroar, L50, F|\n|poke|p2|Floette-Eternal, L50, F|\n|poke|p2|Basculegion, L50, M|\n|poke|p2|Garchomp, L50, F|\n|poke|p2|Sneasler, L50, M|\n|teampreview|4\n|inactive|Battle timer is ON: inactive players will automatically lose when time's up. (requested by Bonaban)\n|\n|t:|1776395243\n|teamsize|p1|4\n|teamsize|p2|4\n|start\n|switch|p1a: Rotom|Rotom-Wash, L50|100/100\n|switch|p1b: Chimecho|Chimecho, L50, M|100/100\n|switch|p2a: Incineroar|Incineroar, L50, F|100/100\n|switch|p2b: Basculegion|Basculegion, L50, M|100/100\n|-ability|p2a: Incineroar|Intimidate|boost\n|-unboost|p1a: Rotom|atk|1\n|-unboost|p1b: Chimecho|atk|1\n|turn|1\n|inactive|Bonaban has 30 seconds left.\n|inactive|Bonaban has 20 seconds left.\n|inactive|AidzPlayz has 30 seconds left.\n|\n|t:|1776395284\n|detailschange|p1b: Chimecho|Chimecho-Mega, L50, M\n|-mega|p1b: Chimecho|Chimecho|Chimechite\n|move|p1a: Rotom|Volt Switch|p2b: Basculegion\n|-supereffective|p2b: Basculegion|1\n|-damage|p2b: Basculegion|35/100\n|\n|t:|1776395289\n|switch|p1a: Torkoal|Torkoal, L50, M|100/100|[from] Volt Switch\n|-weather|SunnyDay|[from] ability: Drought|[of] p1a: Torkoal\n|move|p2b: Basculegion|Flip Turn|p1b: Chimecho\n|-damage|p1b: Chimecho|85/100\n|\n|t:|1776395301\n|switch|p2b: Floette|Floette-Eternal, L50, F|100/100|[from] Flip Turn\n|move|p2a: Incineroar|Taunt|p1b: Chimecho\n|-start|p1b: Chimecho|move: Taunt\n|cant|p1b: Chimecho|move: Taunt|Trick Room\n|\n|-weather|SunnyDay|[upkeep]\n|upkeep\n|turn|2\n|inactive|Bonaban has 30 seconds left.\n|\n|t:|1776395329\n|detailschange|p2b: Floette|Floette-Mega, L50, F\n|-mega|p2b: Floette|Floette|Floettite\n|-ability|p2b: Floette|Fairy Aura\n|move|p2b: Floette|Light of Ruin|p1b: Chimecho\n|-resisted|p1b: Chimecho|1\n|-damage|p1b: Chimecho|35/100\n|-damage|p2b: Floette|70/100|[from] Recoil\n|move|p2a: Incineroar|Parting Shot|p1a: Torkoal\n|-unboost|p1a: Torkoal|atk|1\n|-unboost|p1a: Torkoal|spa|1\n|\n|t:|1776395341\n|switch|p2a: Basculegion|Basculegion, L50, M|35/100|[from] Parting Shot\n|move|p1b: Chimecho|Flash Cannon|p2b: Floette\n|-supereffective|p2b: Floette|1\n|-damage|p2b: Floette|0 fnt\n|faint|p2b: Floette\n|move|p1a: Torkoal|Eruption|p2a: Basculegion\n|-resisted|p2a: Basculegion|1\n|-damage|p2a: Basculegion|0 fnt\n|faint|p2a: Basculegion\n|\n|-weather|SunnyDay|[upkeep]\n|upkeep\n|\n|t:|1776395351\n|switch|p2b: Aerodactyl|Aerodactyl, L50, F|100/100\n|switch|p2a: Incineroar|Incineroar, L50, F|100/100\n|-ability|p2b: Aerodactyl|Unnerve\n|-ability|p2a: Incineroar|Intimidate|boost\n|-unboost|p1a: Torkoal|atk|1\n|-unboost|p1b: Chimecho|atk|1\n|turn|3\n|\n|t:|1776395371\n|switch|p1b: Rotom|Rotom-Wash, L50|100/100\n|move|p1a: Torkoal|Protect|p1a: Torkoal\n|-singleturn|p1a: Torkoal|Protect\n|move|p2a: Incineroar|Fake Out|p1b: Rotom\n|-damage|p1b: Rotom|88/100\n|move|p2b: Aerodactyl|Rock Slide|p1a: Torkoal|[spread] p1b\n|-activate|p1a: Torkoal|move: Protect\n|-damage|p1b: Rotom|58/100\n|\n|-weather|SunnyDay|[upkeep]\n|upkeep\n|turn|4\n|inactive|AidzPlayz has 30 seconds left.\n|\n|t:|1776395398\n|switch|p1a: Aegislash|Aegislash, L50, F|100/100\n|move|p1b: Rotom|Volt Switch|p2b: Aerodactyl\n|-supereffective|p2b: Aerodactyl|1\n|-damage|p2b: Aerodactyl|6/100\n|\n|t:|1776395408\n|switch|p1b: Chimecho|Chimecho-Mega, L50, M|35/100|[from] Volt Switch\n|move|p2b: Aerodactyl|Rock Slide|p1b: Chimecho|[spread] p1a,p1b\n|-resisted|p1a: Aegislash|1\n|-resisted|p1b: Chimecho|1\n|-damage|p1a: Aegislash|90/100\n|-damage|p1b: Chimecho|23/100\n|move|p2a: Incineroar|Parting Shot|p1a: Aegislash\n|-unboost|p1a: Aegislash|atk|1\n|-unboost|p1a: Aegislash|spa|1\n|\n|-weather|SunnyDay|[upkeep]\n|-heal|p1a: Aegislash|96/100|[from] item: Leftovers\n|upkeep\n|turn|5\n|-message|AidzPlayz forfeited.\n|\n|win|Bonaban\n|raw|Bonaban's rating: 1193 &rarr; <strong>1225</strong><br />(+32 for winning)\n|raw|AidzPlayz's rating: 1289 &rarr; <strong>1257</strong><br />(-32 for losing)\n",
  "uploadtime": 1776395422,
  "views": 24,
  "formatid": "gen9championsvgc2026regma",
  "rating": 1225,
  "private": 0,
  "password": null
}