{
  "id": "gen9championsvgc2026regma-2581410705",
  "format": "[Gen 9 Champions] VGC 2026 Reg M-A",
  "players": [
    "hideyopig9",
    "viperino7"
  ],
  "log": "|j|\u2606hideyopig9\n|j|\u2606viperino7\n|t:|1775997609\n|gametype|doubles\n|player|p1|hideyopig9|lyra-masters|1260\n|player|p2|viperino7|102|1253\n|gen|9\n|tier|[Gen 9 Champions] VGC 2026 Reg M-A\n|rated|\n|rule|Species Clause: Limit one of each Pok\u00e9mon\n|rule|Item Clause: Limit 1 of each item\n|clearpoke\n|poke|p1|Oranguru, L50, M|\n|poke|p1|Torkoal, L50, M|\n|poke|p1|Camerupt, L50, M|\n|poke|p1|Farigiraf, L50, F|\n|poke|p1|Kingambit, L50, M|\n|poke|p1|Sinistcha, L50|\n|poke|p2|Garchomp, L50, F|\n|poke|p2|Sneasler, L50, F|\n|poke|p2|Floette-Eternal, L50, F|\n|poke|p2|Rotom-Wash, L50|\n|poke|p2|Incineroar, L50, F|\n|poke|p2|Aerodactyl, L50, M|\n|teampreview|4\n|inactive|Battle timer is ON: inactive players will automatically lose when time's up. (requested by hideyopig9)\n|inactive|viperino7 has 60 seconds left.\n|\n|t:|1775997659\n|teamsize|p1|4\n|teamsize|p2|4\n|start\n|switch|p1a: Oranguru|Oranguru, L50, M, shiny|100/100\n|switch|p1b: Torkoal|Torkoal, L50, M|100/100\n|switch|p2a: Sneasler|Sneasler, L50, F|100/100\n|switch|p2b: Garchomp|Garchomp, L50, F, shiny|100/100\n|-weather|SunnyDay|[from] ability: Drought|[of] p1b: Torkoal\n|turn|1\n|\n|t:|1775997672\n|move|p1b: Torkoal|Protect|p1b: Torkoal\n|-singleturn|p1b: Torkoal|Protect\n|move|p2a: Sneasler|Close Combat|p1a: Oranguru\n|-damage|p1a: Oranguru|38/100\n|-unboost|p2a: Sneasler|def|1\n|-unboost|p2a: Sneasler|spd|1\n|-enditem|p2a: Sneasler|White Herb\n|-clearnegativeboost|p2a: Sneasler|[silent]\n|move|p2b: Garchomp|Stomping Tantrum|p1a: Oranguru\n|-damage|p1a: Oranguru|0 fnt\n|faint|p1a: Oranguru\n|\n|-weather|SunnyDay|[upkeep]\n|upkeep\n|\n|t:|1775997681\n|switch|p1a: Sinistcha|Sinistcha, L50, shiny|100/100\n|turn|2\n|\n|t:|1775997692\n|move|p1a: Sinistcha|Rage Powder|p1a: Sinistcha\n|-singleturn|p1a: Sinistcha|move: Rage Powder\n|move|p2a: Sneasler|Coaching|p2b: Garchomp\n|-boost|p2b: Garchomp|atk|1\n|-boost|p2b: Garchomp|def|1\n|move|p2b: Garchomp|Earthquake|p1a: Sinistcha|[spread] p2a,p1a,p1b\n|-supereffective|p2a: Sneasler|1\n|-resisted|p1a: Sinistcha|1\n|-supereffective|p1b: Torkoal|1\n|-damage|p2a: Sneasler|0 fnt\n|-damage|p1a: Sinistcha|75/100\n|-damage|p1b: Torkoal|2/100\n|faint|p2a: Sneasler\n|move|p1b: Torkoal|Eruption|p2b: Garchomp\n|-resisted|p2b: Garchomp|1\n|-damage|p2b: Garchomp|99/100\n|\n|-weather|SunnyDay|[upkeep]\n|upkeep\n|\n|t:|1775997705\n|switch|p2a: Floette|Floette-Eternal, L50, F|100/100\n|turn|3\n|\n|t:|1775997713\n|detailschange|p2a: Floette|Floette-Mega, L50, F\n|-mega|p2a: Floette|Floette|Floettite\n|-ability|p2a: Floette|Fairy Aura\n|move|p1b: Torkoal|Protect|p1b: Torkoal\n|-singleturn|p1b: Torkoal|Protect\n|move|p2b: Garchomp|Stomping Tantrum|p1b: Torkoal\n|-activate|p1b: Torkoal|move: Protect\n|move|p2a: Floette|Calm Mind|p2a: Floette\n|-boost|p2a: Floette|spa|1\n|-boost|p2a: Floette|spd|1\n|move|p1a: Sinistcha|Trick Room|p1a: Sinistcha\n|-fieldstart|move: Trick Room|[of] p1a: Sinistcha\n|\n|-weather|SunnyDay|[upkeep]\n|upkeep\n|turn|4\n|\n|t:|1775997732\n|move|p1b: Torkoal|Heat Wave|p2b: Garchomp|[spread] p2a,p2b\n|-resisted|p2b: Garchomp|1\n|-damage|p2a: Floette|72/100\n|-damage|p2b: Garchomp|68/100\n|move|p1a: Sinistcha|Matcha Gotcha|p2b: Garchomp|[spread] p2a,p2b\n|-damage|p2a: Floette|62/100\n|-heal|p1a: Sinistcha|80/100|[from] drain|[of] p2a: Floette\n|-damage|p2b: Garchomp|39/100\n|-heal|p1a: Sinistcha|95/100|[from] drain|[of] p2b: Garchomp\n|-status|p2a: Floette|brn\n|-status|p2b: Garchomp|brn\n|move|p2a: Floette|Dazzling Gleam|p1a: Sinistcha|[spread] p1a,p1b\n|-resisted|p1b: Torkoal|1\n|-damage|p1a: Sinistcha|4/100\n|-damage|p1b: Torkoal|0 fnt\n|-enditem|p1a: Sinistcha|Sitrus Berry|[eat]\n|-heal|p1a: Sinistcha|29/100|[from] item: Sitrus Berry\n|faint|p1b: Torkoal\n|move|p2b: Garchomp|Stomping Tantrum|p1a: Sinistcha\n|-resisted|p1a: Sinistcha|1\n|-damage|p1a: Sinistcha|17/100\n|\n|-weather|SunnyDay|[upkeep]\n|-damage|p2a: Floette|56/100 brn|[from] brn\n|-damage|p2b: Garchomp|33/100 brn|[from] brn\n|upkeep\n|\n|t:|1775997746\n|switch|p1b: Camerupt|Camerupt, L50, M|100/100\n|turn|5\n|\n|t:|1775997759\n|detailschange|p1b: Camerupt|Camerupt-Mega, L50, M\n|-mega|p1b: Camerupt|Camerupt|Cameruptite\n|move|p1b: Camerupt|Protect|p1b: Camerupt\n|-singleturn|p1b: Camerupt|Protect\n|move|p2b: Garchomp|Protect|p2b: Garchomp\n|-singleturn|p2b: Garchomp|Protect\n|move|p1a: Sinistcha|Matcha Gotcha|p2b: Garchomp|[spread] p2a\n|-activate|p2b: Garchomp|move: Protect\n|-damage|p2a: Floette|45/100 brn\n|-heal|p1a: Sinistcha|22/100|[from] drain|[of] p2a: Floette\n|move|p2a: Floette|Dazzling Gleam|p1b: Camerupt|[spread] p1a\n|-activate|p1b: Camerupt|move: Protect\n|-damage|p1a: Sinistcha|0 fnt\n|faint|p1a: Sinistcha\n|\n|-weather|none\n|-damage|p2a: Floette|39/100 brn|[from] brn\n|-damage|p2b: Garchomp|27/100 brn|[from] brn\n|upkeep\n|turn|6\n|inactive|viperino7 has 30 seconds left.\n|\n|t:|1775997784\n|switch|p2b: Aerodactyl|Aerodactyl, L50, M|100/100\n|-ability|p2b: Aerodactyl|Unnerve\n|move|p2a: Floette|Protect|p2a: Floette\n|-singleturn|p2a: Floette|Protect\n|move|p1b: Camerupt|Eruption|p2a: Floette|[spread] p2b\n|-activate|p2a: Floette|move: Protect\n|-resisted|p2b: Aerodactyl|1\n|-damage|p2b: Aerodactyl|50/100\n|\n|-damage|p2a: Floette|33/100 brn|[from] brn\n|upkeep\n|turn|7\n|\n|t:|1775997805\n|move|p2b: Aerodactyl|Protect|p2b: Aerodactyl\n|-singleturn|p2b: Aerodactyl|Protect\n|move|p1b: Camerupt|Eruption|p2b: Aerodactyl|[spread] p2a\n|-activate|p2b: Aerodactyl|move: Protect\n|-damage|p2a: Floette|0 fnt\n|faint|p2a: Floette\n|\n|-fieldend|move: Trick Room\n|upkeep\n|\n|t:|1775997810\n|switch|p2a: Garchomp|Garchomp, L50, F, shiny|27/100 brn\n|turn|8\n|\n|t:|1775997820\n|move|p2b: Aerodactyl|Rock Slide|p1b: Camerupt\n|-damage|p1b: Camerupt|64/100\n|move|p2a: Garchomp|Earthquake|p1b: Camerupt|[spread] p1b\n|-immune|p2b: Aerodactyl\n|-supereffective|p1b: Camerupt|1\n|-damage|p1b: Camerupt|21/100\n|cant|p1b: Camerupt|flinch\n|\n|-damage|p2a: Garchomp|21/100 brn|[from] brn\n|upkeep\n|turn|9\n|c|\u2606hideyopig9|gg\n|-message|hideyopig9 forfeited.\n|\n|win|viperino7\n|raw|hideyopig9's rating: 1260 &rarr; <strong>1234</strong><br />(-26 for losing)\n|raw|viperino7's rating: 1253 &rarr; <strong>1279</strong><br />(+26 for winning)\n|l|\u2606hideyopig9\n|player|p1|\n",
  "uploadtime": 1775997833,
  "views": 25,
  "formatid": "gen9championsvgc2026regma",
  "rating": 1234,
  "private": 0,
  "password": null
}