{
  "id": "gen9championsvgc2026regma-2588709150",
  "format": "[Gen 9 Champions] VGC 2026 Reg M-A",
  "players": [
    "nmq0901",
    "magato123"
  ],
  "log": "|j|\u2606nmq0901\n|j|\u2606magato123\n|t:|1776660388\n|gametype|doubles\n|player|p1|nmq0901|102|1046\n|player|p2|magato123|turo-ai|1000\n|gen|9\n|tier|[Gen 9 Champions] VGC 2026 Reg M-A\n|rated|\n|rule|Species Clause: Limit one of each Pok\u00e9mon\n|rule|Item Clause: Limit 1 of each item\n|clearpoke\n|poke|p1|Feraligatr, L50, M|\n|poke|p1|Aggron, L50, F|\n|poke|p1|Alakazam, L50, F|\n|poke|p1|Whimsicott, L50, F|\n|poke|p1|Pelipper, L50, M|\n|poke|p1|Tyranitar, L50, F|\n|poke|p2|Gengar, L50, F|\n|poke|p2|Garchomp, L50, F|\n|poke|p2|Basculegion, L50, M|\n|poke|p2|Clefable, L50, F|\n|poke|p2|Sneasler, L50, F|\n|poke|p2|Sableye, L50, F|\n|teampreview|4\n|inactive|Battle timer is ON: inactive players will automatically lose when time's up. (requested by magato123)\nmagato123 rejected open team sheets.\n|\n|t:|1776660414\n|teamsize|p1|4\n|teamsize|p2|4\n|start\n|switch|p1a: Aggron|Aggron, L50, F|100/100\n|switch|p1b: Whimsicott|Whimsicott, L50, F|100/100\n|switch|p2a: Clefable|Clefable, L50, F|100/100\n|switch|p2b: Sneasler|Sneasler, L50, F|100/100\n|turn|1\n|\n|t:|1776660432\n|move|p1b: Whimsicott|Light Screen|p1b: Whimsicott\n|-sidestart|p1: nmq0901|move: Light Screen\n|move|p2b: Sneasler|Gunk Shot|p1a: Aggron\n|-immune|p1a: Aggron\n|move|p2a: Clefable|Reflect|p2a: Clefable\n|-sidestart|p2: magato123|Reflect\n|move|p1a: Aggron|Heavy Slam|p2a: Clefable\n|-supereffective|p2a: Clefable|1\n|-damage|p2a: Clefable|41/100\n|\n|-heal|p2a: Clefable|47/100|[from] item: Leftovers\n|upkeep\n|turn|2\n|inactive|nmq0901 has 30 seconds left.\n|\n|t:|1776660462\n|move|p1b: Whimsicott|Encore|p2a: Clefable\n|-start|p2a: Clefable|Encore\n|move|p2b: Sneasler|Gunk Shot|p1b: Whimsicott|[miss]\n|-miss|p2b: Sneasler|p1b: Whimsicott\n|move|p2a: Clefable|Reflect||[still]\n|-fail|p2a: Clefable\n|move|p1a: Aggron|Heavy Slam|p2a: Clefable\n|-supereffective|p2a: Clefable|1\n|-damage|p2a: Clefable|0 fnt\n|faint|p2a: Clefable\n|\n|upkeep\n|\n|t:|1776660462\n|switch|p2a: Basculegion|Basculegion, L50, M|100/100\n|turn|3\n|inactive|nmq0901 has 30 seconds left.\n|\n|t:|1776660488\n|detailschange|p1a: Aggron|Aggron-Mega, L50, F\n|-mega|p1a: Aggron|Aggron|Aggronite\n|move|p1b: Whimsicott|Tailwind|p1b: Whimsicott\n|-sidestart|p1: nmq0901|move: Tailwind\n|move|p2a: Basculegion|Last Respects|p1b: Whimsicott\n|-damage|p1b: Whimsicott|26/100\n|move|p2b: Sneasler|Close Combat|p1b: Whimsicott\n|-resisted|p1b: Whimsicott|1\n|-damage|p1b: Whimsicott|0 fnt\n|-unboost|p2b: Sneasler|def|1\n|-unboost|p2b: Sneasler|spd|1\n|faint|p1b: Whimsicott\n|move|p1a: Aggron|Iron Defense|p1a: Aggron\n|-boost|p1a: Aggron|def|2\n|\n|upkeep\n|\n|t:|1776660505\n|switch|p1b: Alakazam|Alakazam, L50, F|100/100\n|turn|4\n|\n|t:|1776660527\n|move|p1b: Alakazam|Speed Swap|p1a: Aggron\n|-activate|p1b: Alakazam|move: Speed Swap|[of] p1a: Aggron\n|move|p1a: Aggron|Iron Defense|p1a: Aggron\n|-boost|p1a: Aggron|def|2\n|move|p2a: Basculegion|Last Respects|p1a: Aggron\n|-damage|p1a: Aggron|88/100\n|move|p2b: Sneasler|Gunk Shot|p1a: Aggron\n|-immune|p1a: Aggron\n|\n|upkeep\n|turn|5\n|inactive|nmq0901 has 30 seconds left.\n|\n|t:|1776660561\n|move|p1a: Aggron|Body Press|p2b: Sneasler\n|-resisted|p2b: Sneasler|1\n|-enditem|p2b: Sneasler|Focus Sash\n|-damage|p2b: Sneasler|1/100\n|move|p2b: Sneasler|Gunk Shot|p1a: Aggron\n|-immune|p1a: Aggron\n|move|p2a: Basculegion|Last Respects|p1a: Aggron\n|-damage|p1a: Aggron|75/100\n|move|p1b: Alakazam|Light Screen||[still]\n|-fail|p1b: Alakazam\n|\n|-sideend|p2: magato123|Reflect\n|-sideend|p1: nmq0901|move: Light Screen\n|upkeep\n|turn|6\n|inactive|nmq0901 has 30 seconds left.\n|\n|t:|1776660591\n|switch|p1b: Tyranitar|Tyranitar, L50, F|100/100\n|-weather|Sandstorm|[from] ability: Sand Stream|[of] p1b: Tyranitar\n|move|p1a: Aggron|Heavy Slam|p2b: Sneasler\n|-damage|p2b: Sneasler|0 fnt\n|faint|p2b: Sneasler\n|move|p2a: Basculegion|Last Respects|p1b: Tyranitar\n|-resisted|p1b: Tyranitar|1\n|-damage|p1b: Tyranitar|54/100\n|\n|-weather|Sandstorm|[upkeep]\n|-damage|p2a: Basculegion|94/100|[from] Sandstorm\n|-sideend|p1: nmq0901|move: Tailwind\n|upkeep\n|\n|t:|1776660592\n|switch|p2b: Garchomp|Garchomp, L50, F|100/100\n|turn|7\n|\n|t:|1776660614\n|detailschange|p2b: Garchomp|Garchomp-Mega, L50, F\n|-mega|p2b: Garchomp|Garchomp|Garchompite\n|move|p2a: Basculegion|Last Respects|p1a: Aggron\n|-damage|p1a: Aggron|57/100\n|move|p1a: Aggron|Iron Defense|p1a: Aggron\n|-boost|p1a: Aggron|def|2\n|move|p2b: Garchomp|Rock Slide|p1b: Tyranitar|[spread] p1a,p1b\n|-resisted|p1a: Aggron|1\n|-damage|p1a: Aggron|55/100\n|-damage|p1b: Tyranitar|27/100\n|move|p1b: Tyranitar|Crunch|p2a: Basculegion\n|-supereffective|p2a: Basculegion|1\n|-damage|p2a: Basculegion|0 fnt\n|faint|p2a: Basculegion\n|\n|-weather|Sandstorm|[upkeep]\n|upkeep\n|turn|8\n|\n|t:|1776660635\n|move|p1a: Aggron|Body Press|p2b: Garchomp\n|-damage|p2b: Garchomp|0 fnt\n|faint|p2b: Garchomp\n|\n|win|nmq0901\n|raw|nmq0901's rating: 1046 &rarr; <strong>1075</strong><br />(+29 for winning)\n|raw|magato123's rating: 1000 &rarr; <strong>1000</strong><br />(+0 for losing)\n|l|\u2606magato123\n|player|p2|\n",
  "uploadtime": 1776660650,
  "views": 4,
  "formatid": "gen9championsvgc2026regma",
  "rating": 1000,
  "private": 0,
  "password": null
}