{
  "id": "gen9championsvgc2026regma-2587476953",
  "format": "[Gen 9 Champions] VGC 2026 Reg M-A",
  "players": [
    "Where Is My Router",
    "Pablito882188"
  ],
  "log": "|j|\u2606Where Is My Router\n|j|\u2606Pablito882188\n|t:|1776535093\n|gametype|doubles\n|player|p1|Where Is My Router|giovanni|1108\n|player|p2|Pablito882188|cynthia-gen4|1122\n|gen|9\n|tier|[Gen 9 Champions] VGC 2026 Reg M-A\n|rated|\n|rule|Species Clause: Limit one of each Pok\u00e9mon\n|rule|Item Clause: Limit 1 of each item\n|clearpoke\n|poke|p1|Golurk, L50|\n|poke|p1|Mimikyu, L50, F|\n|poke|p1|Basculegion, L50, M|\n|poke|p1|Spiritomb, L50, F|\n|poke|p1|Sinistcha-Masterpiece, L50|\n|poke|p1|Zoroark-Hisui, L50, M|\n|poke|p2|Gardevoir, L50, F, shiny|\n|poke|p2|Aerodactyl, L50, F|\n|poke|p2|Charizard, L50, M, shiny|\n|poke|p2|Sneasler, L50, F, shiny|\n|poke|p2|Hydreigon, L50, M|\n|poke|p2|Rotom-Wash, L50, shiny|\n|teampreview|4\n|inactive|Battle timer is ON: inactive players will automatically lose when time's up. (requested by Where Is My Router)\n|\n|t:|1776535127\n|teamsize|p1|4\n|teamsize|p2|4\n|start\n|switch|p1a: Atlas|Golurk, L50|100/100\n|switch|p1b: Holly|Mimikyu, L50, F|100/100\n|switch|p2a: Sneasler|Sneasler, L50, F, shiny|100/100\n|switch|p2b: Charizard|Charizard, L50, M, shiny|100/100\n|turn|1\n|\n|t:|1776535146\n|detailschange|p2b: Charizard|Charizard-Mega-Y, L50, M, shiny\n|-mega|p2b: Charizard|Charizard|Charizardite Y\n|-weather|SunnyDay|[from] ability: Drought|[of] p2b: Charizard\n|detailschange|p1a: Atlas|Golurk-Mega, L50\n|-mega|p1a: Atlas|Golurk|Golurkite\n|move|p2a: Sneasler|Dire Claw|p1b: Holly\n|-activate|p1b: Holly|ability: Disguise\n|-damage|p1b: Holly|100/100\n|-status|p1b: Holly|psn\n|detailschange|p1b: Holly|Mimikyu-Busted, L50, F\n|-damage|p1b: Holly|88/100 psn|[from] pokemon: Mimikyu-Busted\n|move|p2b: Charizard|Heat Wave|p1b: Holly|[spread] p1b\n|-miss|p2b: Charizard|p1a: Atlas\n|-damage|p1b: Holly|21/100 psn\n|move|p1a: Atlas|Headlong Rush|p2a: Sneasler\n|-supereffective|p2a: Sneasler|1\n|-damage|p2a: Sneasler|0 fnt\n|-unboost|p1a: Atlas|def|1\n|-unboost|p1a: Atlas|spd|1\n|faint|p2a: Sneasler\n|move|p1b: Holly|Trick Room|p1b: Holly\n|-fieldstart|move: Trick Room|[of] p1b: Holly\n|\n|-weather|SunnyDay|[upkeep]\n|-damage|p1b: Holly|9/100 psn|[from] psn\n|upkeep\n|inactive|Pablito882188 has 30 seconds left.\n|\n|t:|1776535177\n|switch|p2a: Hydreigon|Hydreigon, L50, M|100/100\n|turn|2\n|\n|t:|1776535198\n|move|p2a: Hydreigon|Protect|p2a: Hydreigon\n|-singleturn|p2a: Hydreigon|Protect\n|move|p1a: Atlas|Ice Punch|p2b: Charizard\n|-damage|p2b: Charizard|54/100\n|move|p1b: Holly|Play Rough|p2a: Hydreigon\n|-activate|p2a: Hydreigon|move: Protect\n|move|p2b: Charizard|Heat Wave|p1b: Holly|[spread] p1a\n|-miss|p2b: Charizard|p1b: Holly\n|-damage|p1a: Atlas|12/100\n|\n|-weather|SunnyDay|[upkeep]\n|-damage|p1b: Holly|0 fnt|[from] psn\n|faint|p1b: Holly\n|upkeep\n|\n|t:|1776535215\n|switch|p1b: Brewdew|Sinistcha-Masterpiece, L50|100/100\n|-heal|p1a: Atlas|37/100|[from] ability: Hospitality|[of] p1b: Brewdew\n|turn|3\n|\n|t:|1776535235\n|move|p1a: Atlas|Close Combat|p2a: Hydreigon\n|-supereffective|p2a: Hydreigon|1\n|-damage|p2a: Hydreigon|0 fnt\n|-unboost|p1a: Atlas|def|1\n|-unboost|p1a: Atlas|spd|1\n|faint|p2a: Hydreigon\n|move|p1b: Brewdew|Matcha Gotcha|p2b: Charizard\n|-resisted|p2b: Charizard|2\n|-damage|p2b: Charizard|44/100\n|move|p2b: Charizard|Heat Wave|p1a: Atlas|[spread] p1b\n|-miss|p2b: Charizard|p1a: Atlas\n|-supereffective|p1b: Brewdew|1\n|-damage|p1b: Brewdew|0 fnt\n|faint|p1b: Brewdew\n|\n|-weather|SunnyDay|[upkeep]\n|upkeep\n|\n|t:|1776535252\n|switch|p1b: Karonte|Basculegion, L50, M|100/100\n|switch|p2a: Rotom|Rotom-Wash, L50, shiny|100/100\n|turn|4\n|\n|t:|1776535272\n|move|p2b: Charizard|Protect|p2b: Charizard\n|-singleturn|p2b: Charizard|Protect\n|move|p1a: Atlas|Ice Punch|p2b: Charizard\n|-ability|p1a: Atlas|Unseen Fist\n|-zbroken|p2b: Charizard\n|-damage|p2b: Charizard|33/100\n|move|p1b: Karonte|Last Respects|p2a: Rotom\n|-damage|p2a: Rotom|0 fnt\n|faint|p2a: Rotom\n|\n|-weather|SunnyDay|[upkeep]\n|upkeep\n|turn|5\n|-activate|p1b: Karonte|item: Quick Claw\n|\n|t:|1776535288\n|move|p2b: Charizard|Protect||[still]\n|-fail|p2b: Charizard\n|move|p1b: Karonte|Last Respects|p2b: Charizard\n|-damage|p2b: Charizard|0 fnt\n|faint|p2b: Charizard\n|\n|win|Where Is My Router\n|raw|Where Is My Router's rating: 1108 &rarr; <strong>1134</strong><br />(+26 for winning)\n|raw|Pablito882188's rating: 1122 &rarr; <strong>1096</strong><br />(-26 for losing)\n|l|\u2606Pablito882188\n|player|p2|\n|c|\u2606Where Is My Router|Gg\n",
  "uploadtime": 1776535298,
  "views": 45,
  "formatid": "gen9championsvgc2026regma",
  "rating": 1096,
  "private": 0,
  "password": null
}