{
  "id": "gen9championsvgc2026regma-2586158890",
  "format": "[Gen 9 Champions] VGC 2026 Reg M-A",
  "players": [
    "drake78976",
    "Wennoboi"
  ],
  "log": "|j|\u2606drake78976\n|j|\u2606Wennoboi\n|t:|1776406482\n|gametype|doubles\n|player|p1|drake78976|li|1327\n|player|p2|Wennoboi|266|1243\n|gen|9\n|tier|[Gen 9 Champions] VGC 2026 Reg M-A\n|rated|\n|rule|Species Clause: Limit one of each Pok\u00e9mon\n|rule|Item Clause: Limit 1 of each item\n|clearpoke\n|poke|p1|Aggron, L50, F|\n|poke|p1|Primarina, L50, F|\n|poke|p1|Hydreigon, L50, F|\n|poke|p1|Sinistcha, L50|\n|poke|p1|Glimmora, L50, M|\n|poke|p1|Farigiraf, L50, M|\n|poke|p2|Corviknight, L50, M|\n|poke|p2|Tyranitar, L50, M|\n|poke|p2|Excadrill, L50, M|\n|poke|p2|Garchomp, L50, M|\n|poke|p2|Incineroar, L50, M|\n|poke|p2|Rotom-Wash, L50|\n|teampreview|4\n|inactive|Battle timer is ON: inactive players will automatically lose when time's up. (requested by drake78976)\n|\n|t:|1776406544\n|teamsize|p1|4\n|teamsize|p2|4\n|start\n|switch|p1a: Farigiraf|Farigiraf, L50, M|100/100\n|switch|p1b: Hydreigon|Hydreigon, L50, F|100/100\n|switch|p2a: Incineroar|Incineroar, L50, M|100/100\n|switch|p2b: Corviknight|Corviknight, L50, M|100/100\n|-ability|p2a: Incineroar|Intimidate|boost\n|-unboost|p1a: Farigiraf|atk|1\n|-unboost|p1b: Hydreigon|atk|1\n|turn|1\n|inactive|Wennoboi has 30 seconds left.\n|\n|t:|1776406578\n|move|p1a: Farigiraf|Helping Hand|p1b: Hydreigon\n|-singleturn|p1b: Hydreigon|Helping Hand|[of] p1a: Farigiraf\n|move|p1b: Hydreigon|Earth Power|p2a: Incineroar\n|-supereffective|p2a: Incineroar|1\n|-damage|p2a: Incineroar|27/100\n|-enditem|p2a: Incineroar|Sitrus Berry|[eat]\n|-heal|p2a: Incineroar|52/100|[from] item: Sitrus Berry\n|move|p2b: Corviknight|Body Press|p1b: Hydreigon\n|-supereffective|p1b: Hydreigon|1\n|-damage|p1b: Hydreigon|34/100\n|move|p2a: Incineroar|Throat Chop|p1a: Farigiraf\n|-supereffective|p1a: Farigiraf|1\n|-damage|p1a: Farigiraf|42/100\n|-start|p1a: Farigiraf|Throat Chop|[silent]\n|-enditem|p1a: Farigiraf|Sitrus Berry|[eat]\n|-heal|p1a: Farigiraf|67/100|[from] item: Sitrus Berry\n|\n|upkeep\n|turn|2\n|inactive|Wennoboi has 30 seconds left.\n|inactive|Wennoboi has 20 seconds left.\n|inactive|Wennoboi has 15 seconds left.\n|inactive|Wennoboi has 10 seconds left.\n|inactive|Wennoboi has 5 seconds left.\n|\n|t:|1776406628\n|move|p1b: Hydreigon|Earth Power|p2a: Incineroar\n|-supereffective|p2a: Incineroar|1\n|-damage|p2a: Incineroar|0 fnt\n|faint|p2a: Incineroar\n|move|p2b: Corviknight|Tailwind|p2b: Corviknight\n|-sidestart|p2: Wennoboi|move: Tailwind\n|move|p1a: Farigiraf|Trick Room|p1a: Farigiraf\n|-fieldstart|move: Trick Room|[of] p1a: Farigiraf\n|\n|-end|p1a: Farigiraf|Throat Chop|[silent]\n|upkeep\n|\n|t:|1776406648\n|switch|p2a: Tyranitar|Tyranitar, L50, M|100/100\n|-weather|Sandstorm|[from] ability: Sand Stream|[of] p2a: Tyranitar\n|turn|3\n|\n|t:|1776406664\n|move|p1a: Farigiraf|Psychic|p2b: Corviknight\n|-resisted|p2b: Corviknight|1\n|-damage|p2b: Corviknight|83/100\n|move|p2b: Corviknight|Brave Bird|p1a: Farigiraf\n|-damage|p1a: Farigiraf|34/100\n|-damage|p2b: Corviknight|71/100|[from] Recoil\n|move|p1b: Hydreigon|Earth Power|p2a: Tyranitar\n|-supereffective|p2a: Tyranitar|1\n|-damage|p2a: Tyranitar|53/100\n|-unboost|p2a: Tyranitar|spd|1\n|move|p2a: Tyranitar|Ice Punch|p1b: Hydreigon\n|-supereffective|p1b: Hydreigon|1\n|-crit|p1b: Hydreigon\n|-damage|p1b: Hydreigon|0 fnt\n|faint|p1b: Hydreigon\n|\n|-weather|Sandstorm|[upkeep]\n|-damage|p1a: Farigiraf|28/100|[from] Sandstorm\n|-heal|p2b: Corviknight|76/100|[from] item: Leftovers\n|upkeep\n|\n|t:|1776406677\n|switch|p1b: Primarina|Primarina, L50, F|100/100\n|turn|4\n|\n|t:|1776406692\n|move|p1a: Farigiraf|Helping Hand|p1b: Primarina\n|-singleturn|p1b: Primarina|Helping Hand|[of] p1a: Farigiraf\n|move|p2a: Tyranitar|Protect|p2a: Tyranitar\n|-singleturn|p2a: Tyranitar|Protect\n|move|p1b: Primarina|Hyper Voice|p2a: Tyranitar|[spread] p2b\n|-activate|p2a: Tyranitar|move: Protect\n|-damage|p2b: Corviknight|7/100\n|move|p2b: Corviknight|Roost|p2b: Corviknight\n|-heal|p2b: Corviknight|57/100\n|-singleturn|p2b: Corviknight|move: Roost\n|\n|-weather|Sandstorm|[upkeep]\n|-damage|p1b: Primarina|95/100|[from] Sandstorm\n|-damage|p1a: Farigiraf|22/100|[from] Sandstorm\n|-heal|p2b: Corviknight|63/100|[from] item: Leftovers\n|upkeep\n|turn|5\n|inactive|Wennoboi has 30 seconds left.\n|inactive|Wennoboi has 20 seconds left.\n|inactive|Wennoboi has 15 seconds left.\n|inactive|Wennoboi has 10 seconds left.\n|\n|t:|1776406741\n|switch|p2a: Excadrill|Excadrill, L50, M|100/100\n|move|p1a: Farigiraf|Helping Hand|p1b: Primarina\n|-singleturn|p1b: Primarina|Helping Hand|[of] p1a: Farigiraf\n|move|p1b: Primarina|Hyper Voice|p2b: Corviknight|[spread] p2a,p2b\n|-supereffective|p2a: Excadrill|1\n|-enditem|p2a: Excadrill|Focus Sash\n|-damage|p2a: Excadrill|1/100\n|-damage|p2b: Corviknight|0 fnt\n|faint|p2b: Corviknight\n|\n|-weather|Sandstorm|[upkeep]\n|-damage|p1a: Farigiraf|15/100|[from] Sandstorm\n|-damage|p1b: Primarina|89/100|[from] Sandstorm\n|-sideend|p2: Wennoboi|move: Tailwind\n|upkeep\n|\n|t:|1776406750\n|switch|p2b: Tyranitar|Tyranitar, L50, M|53/100\n|turn|6\n|\n|t:|1776406765\n|move|p2b: Tyranitar|Protect|p2b: Tyranitar\n|-singleturn|p2b: Tyranitar|Protect\n|move|p2a: Excadrill|Protect|p2a: Excadrill\n|-singleturn|p2a: Excadrill|Protect\n|move|p1a: Farigiraf|Light Screen|p1a: Farigiraf\n|-sidestart|p1: drake78976|move: Light Screen\n|move|p1b: Primarina|Hyper Voice|p2b: Tyranitar|[spread] \n|-activate|p2a: Excadrill|move: Protect\n|-activate|p2b: Tyranitar|move: Protect\n|\n|-weather|Sandstorm|[upkeep]\n|-damage|p1b: Primarina|83/100|[from] Sandstorm\n|-damage|p1a: Farigiraf|9/100|[from] Sandstorm\n|-fieldend|move: Trick Room\n|upkeep\n|turn|7\n|inactive|Wennoboi has 30 seconds left.\n|\n|t:|1776406794\n|detailschange|p2b: Tyranitar|Tyranitar-Mega, L50, M\n|-mega|p2b: Tyranitar|Tyranitar|Tyranitarite\n|move|p1b: Primarina|Protect|p1b: Primarina\n|-singleturn|p1b: Primarina|Protect\n|move|p2a: Excadrill|Rock Slide|p1b: Primarina|[spread] \n|-activate|p1b: Primarina|move: Protect\n|-miss|p2a: Excadrill|p1a: Farigiraf\n|move|p2b: Tyranitar|Rock Slide|p1b: Primarina|[spread] \n|-activate|p1b: Primarina|move: Protect\n|-miss|p2b: Tyranitar|p1a: Farigiraf\n|move|p1a: Farigiraf|Trick Room|p1a: Farigiraf\n|-fieldstart|move: Trick Room|[of] p1a: Farigiraf\n|\n|-weather|none\n|upkeep\n|turn|8\n|-message|Wennoboi forfeited.\n|\n|win|drake78976\n|raw|drake78976's rating: 1327 &rarr; <strong>1342</strong><br />(+15 for winning)\n|raw|Wennoboi's rating: 1243 &rarr; <strong>1224</strong><br />(-19 for losing)\n|l|\u2606Wennoboi\n|player|p2|\n",
  "uploadtime": 1776406815,
  "views": 52,
  "formatid": "gen9championsvgc2026regma",
  "rating": 1224,
  "private": 0,
  "password": null
}