{
  "id": "gen9championsvgc2026regma-2584711022",
  "format": "[Gen 9 Champions] VGC 2026 Reg M-A",
  "players": [
    "Nezk025",
    "MaflaMike"
  ],
  "log": "|j|\u2606Nezk025\n|j|\u2606MaflaMike\n|t:|1776278354\n|gametype|doubles\n|player|p1|Nezk025|nate|\n|player|p2|MaflaMike|101|\n|gen|9\n|tier|[Gen 9 Champions] VGC 2026 Reg M-A\n|rated|Tournament battle\n|rule|Species Clause: Limit one of each Pok\u00e9mon\n|rule|Item Clause: Limit 1 of each item\n|raw|<div class=\"infobox\"><details class=\"readmore\" open><summary><strong>1 custom rule:</strong></summary> Force Open Team Sheets</details></div>\n|clearpoke\n|poke|p1|Blastoise, L50, M|\n|poke|p1|Pelipper, L50, F|\n|poke|p1|Sinistcha, L50|\n|poke|p1|Sneasler, L50, M|\n|poke|p1|Garchomp, L50, M|\n|poke|p1|Kingambit, L50, F|\n|poke|p2|Charizard, L50, M|\n|poke|p2|Gardevoir, L50, F|\n|poke|p2|Sinistcha, L50|\n|poke|p2|Garchomp, L50, F|\n|poke|p2|Corviknight, L50, F|\n|poke|p2|Talonflame, L50, F|\n|teampreview|4\n|showteam|p1|Blastoise||Blastoisinite|RainDish|WaterSpout,WaterPulse,IceBeam,Protect|||M|||50|]Pelipper||ChoiceScarf|Drizzle|Hurricane,WeatherBall,Uturn,Tailwind|||F|||50|]Sinistcha||KasibBerry|Hospitality|MatchaGotcha,LifeDew,TrickRoom,RagePowder||||||50|]Sneasler||FocusSash|Unburden|CloseCombat,DireClaw,RockSlide,Protect|||M|||50|]Garchomp||LumBerry|RoughSkin|Earthquake,DragonClaw,RockSlide,Protect|||M|||50|]Kingambit||BlackGlasses|Defiant|KowtowCleave,SuckerPunch,IronHead,Protect|||F|||50|\n|showteam|p2|Charizard||CharizarditeX|Blaze|DragonDance,FlareBlitz,DragonClaw,Protect|||M|||50|]Gardevoir||Gardevoirite|Telepathy|CalmMind,HyperVoice,Psychic,Protect|||F|||50|]Sinistcha||SitrusBerry|Hospitality|MatchaGotcha,LifeDew,StrengthSap,RagePowder||||||50|]Garchomp||ChoiceScarf|RoughSkin|Earthquake,DragonClaw,IronHead,RockSlide|||F|||50|]Corviknight||Leftovers|MirrorArmor|BraveBird,BodyPress,IronDefense,Roost|||F|||50|]Talonflame||ChartiBerry|GaleWings|UpperHand,BraveBird,FlareBlitz,Tailwind|||F|||50|\n|j| OnToTheOther\n|j| Soulfii\n|j| Ducktile\n|j| minccino67\n|j| stinkyton\n|c|\u2606Nezk025|Glhf\n|j| BigKukardo\nNezk025 rejected open team sheets.\n|j| dodododobirdbird\n|j| VBalanced\n|j| scottishinterista\n|c|\u2606MaflaMike|you too\n|j| Mind goblin games\n|l| VBalanced\n|\n|t:|1776278406\n|teamsize|p1|4\n|teamsize|p2|4\n|start\n|switch|p1a: Pelipper|Pelipper, L50, F|100/100\n|switch|p1b: Garchomp|Garchomp, L50, M|100/100\n|switch|p2a: Talonflame|Talonflame, L50, F|100/100\n|switch|p2b: Gardevoir|Gardevoir, L50, F|100/100\n|-weather|RainDance|[from] ability: Drizzle|[of] p1a: Pelipper\n|turn|1\n|j| island pocket\n|j| reisquaza1\n|\n|t:|1776278426\n|detailschange|p2b: Gardevoir|Gardevoir-Mega, L50, F\n|-mega|p2b: Gardevoir|Gardevoir|Gardevoirite\n|move|p2a: Talonflame|Brave Bird|p1a: Pelipper\n|-crit|p1a: Pelipper\n|-damage|p1a: Pelipper|7/100\n|-damage|p2a: Talonflame|73/100|[from] Recoil\n|move|p1a: Pelipper|Weather Ball|p2b: Gardevoir\n|-crit|p2b: Gardevoir\n|-damage|p2b: Gardevoir|15/100\n|move|p1b: Garchomp|Rock Slide|p2b: Gardevoir|[spread] p2a,p2b\n|-supereffective|p2a: Talonflame|2\n|-enditem|p2a: Talonflame|Charti Berry|[eat]\n|-enditem|p2a: Talonflame|Charti Berry|[weaken]\n|-damage|p2a: Talonflame|14/100\n|-damage|p2b: Gardevoir|0 fnt\n|faint|p2b: Gardevoir\n|\n|-weather|RainDance|[upkeep]\n|upkeep\n|c|\u2606Nezk025|Mb for the crit\n|\n|t:|1776278445\n|switch|p2b: Garchomp|Garchomp, L50, F|100/100\n|turn|2\n|c|\u2606MaflaMike|i got crit too\n|\n|t:|1776278464\n|move|p1b: Garchomp|Protect|p1b: Garchomp\n|-singleturn|p1b: Garchomp|Protect\n|move|p2b: Garchomp|Dragon Claw|p1b: Garchomp\n|-activate|p1b: Garchomp|move: Protect\n|move|p2a: Talonflame|Brave Bird|p1a: Pelipper\n|-damage|p1a: Pelipper|0 fnt\n|faint|p1a: Pelipper\n|-damage|p2a: Talonflame|12/100|[from] Recoil\n|\n|-weather|RainDance|[upkeep]\n|upkeep\n|\n|t:|1776278473\n|switch|p1a: Sinistcha|Sinistcha, L50|100/100\n|turn|3\n|l| Mind goblin games\n|\n|t:|1776278485\n|move|p2b: Garchomp|Dragon Claw|p1b: Garchomp\n|-supereffective|p1b: Garchomp|1\n|-damage|p1b: Garchomp|1/100\n|-damage|p2b: Garchomp|88/100|[from] ability: Rough Skin|[of] p1b: Garchomp\n|move|p2a: Talonflame|Brave Bird|p1a: Sinistcha\n|-supereffective|p1a: Sinistcha|1\n|-damage|p1a: Sinistcha|8/100\n|-damage|p2a: Talonflame|0 fnt|[from] Recoil\n|faint|p2a: Talonflame\n|move|p1b: Garchomp|Rock Slide|p2b: Garchomp\n|-resisted|p2b: Garchomp|1\n|-damage|p2b: Garchomp|76/100\n|move|p1a: Sinistcha|Trick Room|p1a: Sinistcha\n|-fieldstart|move: Trick Room|[of] p1a: Sinistcha\n|\n|-weather|RainDance|[upkeep]\n|upkeep\n|j| hqppyhippos\n|\n|t:|1776278496\n|switch|p2a: Corviknight|Corviknight, L50, F|100/100\n|turn|4\n|\n|t:|1776278507\n|move|p2a: Corviknight|Brave Bird|p1a: Sinistcha\n|-supereffective|p1a: Sinistcha|1\n|-crit|p1a: Sinistcha\n|-damage|p1a: Sinistcha|0 fnt\n|faint|p1a: Sinistcha\n|-damage|p2a: Corviknight|98/100|[from] Recoil\n|move|p1b: Garchomp|Dragon Claw|p2b: Garchomp\n|-supereffective|p2b: Garchomp|1\n|-damage|p2b: Garchomp|0 fnt\n|-damage|p1b: Garchomp|0 fnt|[from] ability: Rough Skin|[of] p2b: Garchomp\n|faint|p2b: Garchomp\n|faint|p1b: Garchomp\n|\n|-weather|RainDance|[upkeep]\n|-heal|p2a: Corviknight|100/100|[from] item: Leftovers\n|upkeep\n|j| kjfbvsjf.\n|l| scottishinterista\n|\n|t:|1776278516\n|switch|p1a: Blastoise|Blastoise, L50, M|100/100\n|turn|5\n|c| kjfbvsjf.|what does forced otm mean\n|\n|t:|1776278524\n|detailschange|p1a: Blastoise|Blastoise-Mega, L50, M\n|-mega|p1a: Blastoise|Blastoise|Blastoisinite\n|move|p2a: Corviknight|Brave Bird|p1a: Blastoise\n|-crit|p1a: Blastoise\n|-damage|p1a: Blastoise|44/100\n|-damage|p2a: Corviknight|86/100|[from] Recoil\n|move|p1a: Blastoise|Water Pulse|p2a: Corviknight\n|-damage|p2a: Corviknight|24/100\n|\n|-weather|none\n|-heal|p2a: Corviknight|30/100|[from] item: Leftovers\n|upkeep\n|turn|6\n|c| kjfbvsjf.|ots\n|c| OnToTheOther|forced open team sheet\n|c| kjfbvsjf.|oh peak\n|\n|t:|1776278544\n|move|p2a: Corviknight|Roost|p2a: Corviknight\n|-heal|p2a: Corviknight|80/100\n|-singleturn|p2a: Corviknight|move: Roost\n|move|p1a: Blastoise|Water Pulse|p2a: Corviknight\n|-damage|p2a: Corviknight|36/100\n|\n|-heal|p2a: Corviknight|42/100|[from] item: Leftovers\n|upkeep\n|turn|7\n|c| dodododobirdbird|Peak content\n|c|\u2606Nezk025|Can someone calc if the crit mattered as i might have haxed the dude\n|\n|t:|1776278580\n|move|p2a: Corviknight|Roost|p2a: Corviknight\n|-heal|p2a: Corviknight|92/100\n|-singleturn|p2a: Corviknight|move: Roost\n|move|p1a: Blastoise|Water Pulse|p2a: Corviknight\n|-damage|p2a: Corviknight|51/100\n|\n|-heal|p2a: Corviknight|57/100|[from] item: Leftovers\n|-fieldend|move: Trick Room\n|upkeep\n|turn|8\n|c|\u2606MaflaMike|its fine lol it's the nature of the game we choose to play\n|\n|t:|1776278599\n|move|p1a: Blastoise|Water Pulse|p2a: Corviknight\n|-damage|p2a: Corviknight|15/100\n|move|p2a: Corviknight|Brave Bird|p1a: Blastoise\n|-damage|p1a: Blastoise|5/100\n|-damage|p2a: Corviknight|5/100|[from] Recoil\n|\n|-heal|p2a: Corviknight|11/100|[from] item: Leftovers\n|upkeep\n|turn|9\n|c|\u2606MaflaMike|if we want control of everythiung we can play chess\n|c|\u2606MaflaMike|gg\n|j| TG511\n|\n|t:|1776278617\n|move|p1a: Blastoise|Water Pulse|p2a: Corviknight\n|-damage|p2a: Corviknight|0 fnt\n|faint|p2a: Corviknight\n|\n|win|Nezk025\n|n|\u2606Nezk025|nezk025\n|n|\u2606MaflaMike|maflamike\n|n| OnToTheOther|ontotheother\n|n| Soulfii|soulfii\n|n| Ducktile|ducktile\n|n| minccino67|minccino67\n|n| stinkyton|stinkyton\n|n| BigKukardo|bigkukardo\n|n| dodododobirdbird|dodododobirdbird\n|n| island pocket|islandpocket\n|n| reisquaza1|reisquaza1\n|n| hqppyhippos|hqppyhippos\n|n| kjfbvsjf.|kjfbvsjf\n|n| TG511|tg511\n|l| TG511\n|c|\u2606Nezk025|Ggwp\n|l| stinkyton\n|l| kjfbvsjf.\n|l|\u2606MaflaMike\n|player|p2|\n|l| minccino67\n|j| TG511\n|l|\u2606Nezk025\n|player|p1|\n|l| island pocket\n|l| Soulfii\n|l| BigKukardo\n",
  "uploadtime": 1776278617,
  "views": 19,
  "formatid": "gen9championsvgc2026regma",
  "rating": null,
  "private": 0,
  "password": null
}