{
  "id": "gen9championsvgc2026regma-2582268724",
  "format": "[Gen 9 Champions] VGC 2026 Reg M-A",
  "players": [
    "emaster2048",
    "brave7274"
  ],
  "log": "|j|\u2606emaster2048\n|j|\u2606brave7274\n|t:|1776078111\n|gametype|doubles\n|player|p1|emaster2048|elesa|1017\n|player|p2|brave7274|2|1037\n|gen|9\n|tier|[Gen 9 Champions] VGC 2026 Reg M-A\n|rated|\n|rule|Species Clause: Limit one of each Pok\u00e9mon\n|rule|Item Clause: Limit 1 of each item\n|clearpoke\n|poke|p1|Beedrill, L50, F|\n|poke|p1|Farigiraf, L50, F|\n|poke|p1|Aerodactyl, L50, M|\n|poke|p1|Greninja-*, L50, F|\n|poke|p1|Incineroar, L50, F|\n|poke|p1|Infernape, L50, F|\n|poke|p2|Floette-Eternal, L50, F|\n|poke|p2|Kingambit, L50, F|\n|poke|p2|Delphox, L50, M|\n|poke|p2|Incineroar, L50, F|\n|poke|p2|Sneasler, L50, M|\n|poke|p2|Garchomp, L50, M|\n|teampreview|4\n|j| Peugeon\n|inactive|Battle timer is ON: inactive players will automatically lose when time's up. (requested by emaster2048)\n|\n|t:|1776078155\n|teamsize|p1|4\n|teamsize|p2|4\n|start\n|switch|p1a: Incineroar|Incineroar, L50, F|100/100\n|switch|p1b: Greninja|Greninja, L50, F|100/100\n|switch|p2a: Garchomp|Garchomp, L50, M|100/100\n|switch|p2b: Incineroar|Incineroar, L50, F|100/100\n|-ability|p1a: Incineroar|Intimidate|boost\n|-unboost|p2a: Garchomp|atk|1\n|-unboost|p2b: Incineroar|atk|1\n|-ability|p2b: Incineroar|Intimidate|boost\n|-unboost|p1a: Incineroar|atk|1\n|-unboost|p1b: Greninja|atk|1\n|turn|1\n|\n|t:|1776078178\n|switch|p2a: Floette|Floette-Eternal, L50, F|100/100\n|switch|p1a: Farigiraf|Farigiraf, L50, F|100/100\n|move|p1b: Greninja|Ice Beam|p2a: Floette\n|-start|p1b: Greninja|typechange|Ice|[from] ability: Protean\n|-damage|p2a: Floette|67/100\n|move|p2b: Incineroar|Parting Shot|p1b: Greninja\n|-unboost|p1b: Greninja|atk|1\n|-unboost|p1b: Greninja|spa|1\n|\n|t:|1776078192\n|switch|p2b: Kingambit|Kingambit, L50, F|100/100|[from] Parting Shot\n|\n|upkeep\n|turn|2\n|\n|t:|1776078207\n|switch|p1b: Beedrill|Beedrill, L50, F, shiny|100/100\n|switch|p2b: Incineroar|Incineroar, L50, F|100/100\n|-ability|p2b: Incineroar|Intimidate|boost\n|-unboost|p1a: Farigiraf|atk|1\n|-unboost|p1b: Beedrill|atk|1\n|detailschange|p2a: Floette|Floette-Mega, L50, F\n|-mega|p2a: Floette|Floette|Floettite\n|-ability|p2a: Floette|Fairy Aura\n|move|p2a: Floette|Calm Mind|p2a: Floette\n|-boost|p2a: Floette|spa|1\n|-boost|p2a: Floette|spd|1\n|move|p1a: Farigiraf|Mean Look|p2a: Floette\n|-activate|p2a: Floette|trapped\n|\n|upkeep\n|turn|3\n|inactive|brave7274 has 30 seconds left.\n|\n|t:|1776078239\n|detailschange|p1b: Beedrill|Beedrill-Mega, L50, F, shiny\n|-mega|p1b: Beedrill|Beedrill|Beedrillite\n|move|p1a: Farigiraf|Helping Hand|p1b: Beedrill\n|-singleturn|p1b: Beedrill|Helping Hand|[of] p1a: Farigiraf\n|move|p2a: Floette|Protect|p2a: Floette\n|-singleturn|p2a: Floette|Protect\n|move|p1b: Beedrill|U-turn|p2b: Incineroar\n|-damage|p2b: Incineroar|60/100\n|\n|t:|1776078249\n|switch|p1b: Incineroar|Incineroar, L50, F|100/100|[from] U-turn\n|-ability|p1b: Incineroar|Intimidate|boost\n|-unboost|p2a: Floette|atk|1\n|-unboost|p2b: Incineroar|atk|1\n|move|p2b: Incineroar|Flare Blitz|p1b: Incineroar\n|-resisted|p1b: Incineroar|1\n|-damage|p1b: Incineroar|85/100\n|-damage|p2b: Incineroar|55/100|[from] Recoil\n|\n|-heal|p2b: Incineroar|61/100|[from] item: Leftovers\n|upkeep\n|turn|4\n|\n|t:|1776078273\n|move|p1a: Farigiraf|Helping Hand|p1b: Incineroar\n|-singleturn|p1b: Incineroar|Helping Hand|[of] p1a: Farigiraf\n|move|p2a: Floette|Draining Kiss|p1a: Farigiraf\n|-damage|p1a: Farigiraf|57/100\n|-heal|p2a: Floette|100/100|[from] drain|[of] p1a: Farigiraf\n|move|p2b: Incineroar|Parting Shot|p1a: Farigiraf\n|-unboost|p1a: Farigiraf|atk|1\n|-unboost|p1a: Farigiraf|spa|1\n|\n|t:|1776078290\n|switch|p2b: Garchomp|Garchomp, L50, M|100/100|[from] Parting Shot\n|move|p1b: Incineroar|Flare Blitz|p2a: Floette\n|-damage|p2a: Floette|16/100\n|-status|p2a: Floette|brn\n|-damage|p1b: Incineroar|55/100|[from] Recoil\n|\n|-damage|p2a: Floette|10/100 brn|[from] brn\n|upkeep\n|turn|5\n|\n|t:|1776078311\n|move|p1a: Farigiraf|Protect|p1a: Farigiraf\n|-singleturn|p1a: Farigiraf|Protect\n|move|p1b: Incineroar|Protect|p1b: Incineroar\n|-singleturn|p1b: Incineroar|Protect\n|move|p2b: Garchomp|Rock Slide|p1b: Incineroar|[spread] \n|-activate|p1a: Farigiraf|move: Protect\n|-activate|p1b: Incineroar|move: Protect\n|move|p2a: Floette|Draining Kiss|p1a: Farigiraf\n|-activate|p1a: Farigiraf|move: Protect\n|\n|-damage|p2a: Floette|4/100 brn|[from] brn\n|upkeep\n|turn|6\n|\n|t:|1776078331\n|switch|p1b: Greninja|Greninja, L50, F|100/100\n|move|p2b: Garchomp|Rock Slide|p1a: Farigiraf|[spread] p1a,p1b\n|-damage|p1a: Farigiraf|39/100\n|-damage|p1b: Greninja|72/100\n|-enditem|p1a: Farigiraf|Sitrus Berry|[eat]\n|-heal|p1a: Farigiraf|64/100|[from] item: Sitrus Berry\n|move|p2a: Floette|Draining Kiss|p1a: Farigiraf\n|-damage|p1a: Farigiraf|21/100\n|-heal|p2a: Floette|43/100 brn|[from] drain|[of] p1a: Farigiraf\n|move|p1a: Farigiraf|Hyper Voice|p2b: Garchomp|[spread] p2a,p2b\n|-damage|p2a: Floette|36/100 brn\n|-damage|p2b: Garchomp|83/100\n|\n|-damage|p2a: Floette|30/100 brn|[from] brn\n|upkeep\n|turn|7\n|inactive|emaster2048 has 30 seconds left.\n|\n|t:|1776078365\n|switch|p2b: Kingambit|Kingambit, L50, F|100/100\n|move|p1a: Farigiraf|Helping Hand|p1b: Greninja\n|-singleturn|p1b: Greninja|Helping Hand|[of] p1a: Farigiraf\n|move|p1b: Greninja|Water Shuriken|p2b: Kingambit\n|-start|p1b: Greninja|typechange|Water|[from] ability: Protean\n|-damage|p2b: Kingambit|90/100\n|-crit|p2b: Kingambit\n|-damage|p2b: Kingambit|73/100\n|-damage|p2b: Kingambit|63/100\n|-hitcount|p2b: Kingambit|3\n|move|p2a: Floette|Draining Kiss|p1b: Greninja\n|-damage|p1b: Greninja|0 fnt\n|-heal|p2a: Floette|74/100 brn|[from] drain|[of] p1b: Greninja\n|faint|p1b: Greninja\n|\n|-damage|p2a: Floette|68/100 brn|[from] brn\n|upkeep\n|\n|t:|1776078386\n|switch|p1b: Incineroar|Incineroar, L50, F|55/100\n|-ability|p1b: Incineroar|Intimidate|boost\n|-unboost|p2a: Floette|atk|1\n|-unboost|p2b: Kingambit|atk|1\n|-ability|p2b: Kingambit|Defiant|boost\n|-boost|p2b: Kingambit|atk|2\n|turn|8\n|\n|t:|1776078398\n|move|p1a: Farigiraf|Helping Hand|p1b: Incineroar\n|-singleturn|p1b: Incineroar|Helping Hand|[of] p1a: Farigiraf\n|move|p2a: Floette|Protect|p2a: Floette\n|-singleturn|p2a: Floette|Protect\n|move|p2b: Kingambit|Protect|p2b: Kingambit\n|-singleturn|p2b: Kingambit|Protect\n|move|p1b: Incineroar|Flare Blitz|p2b: Kingambit\n|-activate|p2b: Kingambit|move: Protect\n|\n|-damage|p2a: Floette|62/100 brn|[from] brn\n|upkeep\n|turn|9\n|inactive|brave7274 has 30 seconds left.\n|\n|t:|1776078430\n|move|p1a: Farigiraf|Helping Hand|p1b: Incineroar\n|-singleturn|p1b: Incineroar|Helping Hand|[of] p1a: Farigiraf\n|move|p2a: Floette|Draining Kiss|p1a: Farigiraf\n|-damage|p1a: Farigiraf|0 fnt\n|-heal|p2a: Floette|81/100 brn|[from] drain|[of] p1a: Farigiraf\n|faint|p1a: Farigiraf\n|move|p2b: Kingambit|Low Kick|p1b: Incineroar\n|-supereffective|p1b: Incineroar|1\n|-damage|p1b: Incineroar|0 fnt\n|faint|p1b: Incineroar\n|\n|-damage|p2a: Floette|75/100 brn|[from] brn\n|upkeep\n|inactive|emaster2048 has 30 seconds left.\n|c|\u2606emaster2048|dang kingambit outsped\n|\n|t:|1776078465\n|switch|p1b: Beedrill|Beedrill-Mega, L50, F, shiny|100/100\n|turn|10\n|\n|t:|1776078488\n|move|p1b: Beedrill|Fell Stinger|p2b: Kingambit\n|-damage|p2b: Kingambit|34/100\n|move|p2a: Floette|Draining Kiss|p1b: Beedrill\n|-resisted|p1b: Beedrill|1\n|-damage|p1b: Beedrill|58/100\n|-heal|p2a: Floette|99/100 brn|[from] drain|[of] p1b: Beedrill\n|move|p2b: Kingambit|Iron Head|p1b: Beedrill\n|-damage|p1b: Beedrill|0 fnt\n|faint|p1b: Beedrill\n|\n|win|brave7274\n|raw|emaster2048's rating: 1017 &rarr; <strong>1005</strong><br />(-12 for losing)\n|raw|brave7274's rating: 1037 &rarr; <strong>1069</strong><br />(+32 for winning)\n",
  "uploadtime": 1776078495,
  "views": 15,
  "formatid": "gen9championsvgc2026regma",
  "rating": 1005,
  "private": 0,
  "password": null
}