{
  "id": "gen9championsvgc2026regma-2585822485",
  "format": "[Gen 9 Champions] VGC 2026 Reg M-A",
  "players": [
    "xdrbnhdhdhdh",
    "loklastaji"
  ],
  "log": "|j|\u2606xdrbnhdhdhdh\n|j|\u2606loklastaji\n|t:|1776373226\n|gametype|doubles\n|player|p1|xdrbnhdhdhdh|giovanni|1127\n|player|p2|loklastaji|265|1107\n|gen|9\n|tier|[Gen 9 Champions] VGC 2026 Reg M-A\n|rated|\n|rule|Species Clause: Limit one of each Pok\u00e9mon\n|rule|Item Clause: Limit 1 of each item\n|clearpoke\n|poke|p1|Blastoise, L50, M|\n|poke|p1|Farigiraf, L50, M|\n|poke|p1|Incineroar, L50, F|\n|poke|p1|Hatterene, L50, F|\n|poke|p1|Torkoal, L50, F|\n|poke|p1|Kangaskhan, L50, F|\n|poke|p2|Samurott-Hisui, L50, F|\n|poke|p2|Delphox, L50, F|\n|poke|p2|Tinkaton, L50, F|\n|poke|p2|Decidueye-Hisui, L50, F|\n|poke|p2|Dragonite, L50, M|\n|poke|p2|Farigiraf, L50, F|\n|teampreview|4\n|inactive|Battle timer is ON: inactive players will automatically lose when time's up. (requested by xdrbnhdhdhdh)\nxdrbnhdhdhdh rejected open team sheets.\n|\n|t:|1776373278\n|teamsize|p1|4\n|teamsize|p2|4\n|start\n|switch|p1a: Incineroar|Incineroar, L50, F, shiny|100/100\n|switch|p1b: Blastoise|Blastoise, L50, M, shiny|100/100\n|switch|p2a: Samurott|Samurott-Hisui, L50, F|100/100\n|switch|p2b: Farigiraf|Farigiraf, L50, F|100/100\n|-ability|p1a: Incineroar|Intimidate|boost\n|-unboost|p2a: Samurott|atk|1\n|-unboost|p2b: Farigiraf|atk|1\n|-enditem|p2a: Samurott|White Herb\n|-clearnegativeboost|p2a: Samurott|[silent]\n|turn|1\n|inactive|loklastaji has 30 seconds left.\n|\n|t:|1776373304\n|detailschange|p1b: Blastoise|Blastoise-Mega, L50, M, shiny\n|-mega|p1b: Blastoise|Blastoise|Blastoisinite\n|move|p2a: Samurott|Ceaseless Edge|p1b: Blastoise\n|-damage|p1b: Blastoise|62/100\n|-sidestart|p1: xdrbnhdhdhdh|Spikes\n|move|p1a: Incineroar|Throat Chop|p2b: Farigiraf\n|-supereffective|p2b: Farigiraf|1\n|-enditem|p2b: Farigiraf|Colbur Berry|[eat]\n|-enditem|p2b: Farigiraf|Colbur Berry|[weaken]\n|-damage|p2b: Farigiraf|72/100\n|-start|p2b: Farigiraf|Throat Chop|[silent]\n|move|p1b: Blastoise|Dark Pulse|p2b: Farigiraf\n|-supereffective|p2b: Farigiraf|1\n|-damage|p2b: Farigiraf|0 fnt\n|faint|p2b: Farigiraf\n|\n|upkeep\n|\n|t:|1776373319\n|switch|p2b: Decidueye|Decidueye-Hisui, L50, F|100/100\n|turn|2\n|\n|t:|1776373335\n|switch|p1b: Farigiraf|Farigiraf, L50, M, shiny|100/100\n|-damage|p1b: Farigiraf|88/100|[from] Spikes\n|move|p2b: Decidueye|Leaf Blade|p1b: Farigiraf\n|-damage|p1b: Farigiraf|47/100\n|move|p2a: Samurott|Aqua Cutter|p1a: Incineroar\n|-supereffective|p1a: Incineroar|1\n|-damage|p1a: Incineroar|1/100\n|move|p1a: Incineroar|Flare Blitz|p2b: Decidueye\n|-supereffective|p2b: Decidueye|1\n|-damage|p2b: Decidueye|0 fnt\n|faint|p2b: Decidueye\n|-damage|p1a: Incineroar|0 fnt|[from] Recoil\n|faint|p1a: Incineroar\n|\n|upkeep\n|\n|t:|1776373352\n|switch|p2b: Delphox|Delphox, L50, F|100/100\n|switch|p1a: Hatterene|Hatterene, L50, F, shiny|100/100\n|-damage|p1a: Hatterene|88/100|[from] Spikes\n|turn|3\n|\n|t:|1776373389\n|detailschange|p2b: Delphox|Delphox-Mega, L50, F\n|-mega|p2b: Delphox|Delphox|Delphoxite\n|move|p1b: Farigiraf|Protect|p1b: Farigiraf\n|-singleturn|p1b: Farigiraf|Protect\n|move|p2b: Delphox|Heat Wave|p1b: Farigiraf|[spread] p1a\n|-activate|p1b: Farigiraf|move: Protect\n|-damage|p1a: Hatterene|39/100\n|-status|p1a: Hatterene|brn\n|-enditem|p1a: Hatterene|Sitrus Berry|[eat]\n|-heal|p1a: Hatterene|64/100 brn|[from] item: Sitrus Berry\n|move|p2a: Samurott|Ceaseless Edge|p1a: Hatterene\n|-crit|p1a: Hatterene\n|-damage|p1a: Hatterene|0 fnt\n|-sidestart|p1: xdrbnhdhdhdh|Spikes\n|faint|p1a: Hatterene\n|\n|upkeep\n|\n|t:|1776373404\n|switch|p1a: Blastoise|Blastoise-Mega, L50, M, shiny|62/100\n|-damage|p1a: Blastoise|45/100|[from] Spikes\n|turn|4\n|\n|t:|1776373412\n|move|p2b: Delphox|Protect|p2b: Delphox\n|-singleturn|p2b: Delphox|Protect\n|move|p1b: Farigiraf|Protect||[still]\n|-fail|p1b: Farigiraf\n|move|p2a: Samurott|Ceaseless Edge|p1b: Farigiraf\n|-supereffective|p1b: Farigiraf|1\n|-crit|p1b: Farigiraf\n|-damage|p1b: Farigiraf|0 fnt\n|-sidestart|p1: xdrbnhdhdhdh|Spikes\n|faint|p1b: Farigiraf\n|move|p1a: Blastoise|Aura Sphere|p2a: Samurott\n|-supereffective|p2a: Samurott|1\n|-crit|p2a: Samurott\n|-damage|p2a: Samurott|0 fnt\n|faint|p2a: Samurott\n|\n|upkeep\n|turn|5\n|\n|t:|1776373429\n|move|p2b: Delphox|Expanding Force|p1a: Blastoise\n|-damage|p1a: Blastoise|7/100\n|move|p1a: Blastoise|Dark Pulse|p2b: Delphox\n|-supereffective|p2b: Delphox|1\n|-damage|p2b: Delphox|6/100\n|\n|upkeep\n|turn|6\n|-message|xdrbnhdhdhdh forfeited.\n|\n|win|loklastaji\n|raw|xdrbnhdhdhdh's rating: 1127 &rarr; <strong>1101</strong><br />(-26 for losing)\n|raw|loklastaji's rating: 1107 &rarr; <strong>1133</strong><br />(+26 for winning)\n|l|\u2606xdrbnhdhdhdh\n|player|p1|\n",
  "uploadtime": 1776373439,
  "views": 26,
  "formatid": "gen9championsvgc2026regma",
  "rating": 1101,
  "private": 0,
  "password": null
}