{
  "id": "gen9championsvgc2026regma-2583496594",
  "format": "[Gen 9 Champions] VGC 2026 Reg M-A",
  "players": [
    "Juya",
    "AgusAnidapee"
  ],
  "log": "|j|\u2606Juya\n|j|\u2606AgusAnidapee\n|t:|1776179359\n|gametype|doubles\n|player|p1|Juya|266|1223\n|player|p2|AgusAnidapee|veteran|1160\n|gen|9\n|tier|[Gen 9 Champions] VGC 2026 Reg M-A\n|rated|\n|rule|Species Clause: Limit one of each Pok\u00e9mon\n|rule|Item Clause: Limit 1 of each item\n|clearpoke\n|poke|p1|Floette-Eternal, L50, F|\n|poke|p1|Whimsicott, L50, M|\n|poke|p1|Tyranitar, L50, F|\n|poke|p1|Garchomp, L50, M|\n|poke|p1|Typhlosion-Hisui, L50, M|\n|poke|p1|Tsareena, L50, F|\n|poke|p2|Charizard, L50, M|\n|poke|p2|Venusaur, L50, F|\n|poke|p2|Kingambit, L50, F|\n|poke|p2|Sneasler, L50, M|\n|poke|p2|Garchomp, L50, F|\n|poke|p2|Arcanine-Hisui, L50, M|\n|teampreview|4\n|inactive|Battle timer is ON: inactive players will automatically lose when time's up. (requested by Juya)\n|\n|t:|1776179384\n|teamsize|p1|4\n|teamsize|p2|4\n|start\n|switch|p1a: Whimsicott|Whimsicott, L50, M, shiny|100/100\n|switch|p1b: Typhlosion|Typhlosion-Hisui, L50, M|100/100\n|switch|p2a: Sneasler|Sneasler, L50, M|100/100\n|switch|p2b: Arcanine|Arcanine-Hisui, L50, M|100/100\n|turn|1\n|\n|t:|1776179401\n|switch|p1b: Garchomp|Garchomp, L50, M|100/100\n|move|p1a: Whimsicott|Protect|p1a: Whimsicott\n|-singleturn|p1a: Whimsicott|Protect\n|move|p2a: Sneasler|Fake Out|p1a: Whimsicott\n|-activate|p1a: Whimsicott|move: Protect\n|move|p2b: Arcanine|Flare Blitz|p1a: Whimsicott\n|-activate|p1a: Whimsicott|move: Protect\n|\n|upkeep\n|turn|2\n|inactive|AgusAnidapee has 30 seconds left.\n|inactive|AgusAnidapee has 20 seconds left.\n|\n|t:|1776179439\n|move|p1a: Whimsicott|Tailwind|p1a: Whimsicott\n|-sidestart|p1: Juya|move: Tailwind\n|move|p1b: Garchomp|Stomping Tantrum|p2b: Arcanine\n|-supereffective|p2b: Arcanine|2\n|-enditem|p2b: Arcanine|Focus Sash\n|-damage|p2b: Arcanine|1/100\n|move|p2a: Sneasler|Dire Claw|p1a: Whimsicott\n|-supereffective|p1a: Whimsicott|2\n|-enditem|p1a: Whimsicott|Focus Sash\n|-damage|p1a: Whimsicott|1/100\n|move|p2b: Arcanine|Flare Blitz|p1a: Whimsicott\n|-supereffective|p1a: Whimsicott|1\n|-crit|p1a: Whimsicott\n|-damage|p1a: Whimsicott|0 fnt\n|faint|p1a: Whimsicott\n|\n|upkeep\n|\n|t:|1776179456\n|switch|p1a: Typhlosion|Typhlosion-Hisui, L50, M|100/100\n|turn|3\n|\n|t:|1776179473\n|move|p2b: Arcanine|Extreme Speed|p1b: Garchomp\n|-damage|p1b: Garchomp|73/100\n|move|p1a: Typhlosion|Eruption|p2a: Sneasler|[spread] p2a,p2b\n|-resisted|p2b: Arcanine|2\n|-damage|p2a: Sneasler|13/100\n|-damage|p2b: Arcanine|0 fnt\n|faint|p2b: Arcanine\n|move|p1b: Garchomp|Stomping Tantrum|p2a: Sneasler\n|-supereffective|p2a: Sneasler|1\n|-damage|p2a: Sneasler|0 fnt\n|faint|p2a: Sneasler\n|\n|upkeep\n|inactive|AgusAnidapee has 30 seconds left.\n|\n|t:|1776179501\n|switch|p2a: Kingambit|Kingambit, L50, F|100/100\n|switch|p2b: Garchomp|Garchomp, L50, F|100/100\n|turn|4\n|\n|t:|1776179515\n|switch|p1a: Tyranitar|Tyranitar, L50, F|100/100\n|-weather|Sandstorm|[from] ability: Sand Stream|[of] p1a: Tyranitar\n|move|p2a: Kingambit|Sucker Punch||[still]\n|-fail|p2a: Kingambit\n|move|p1b: Garchomp|Dragon Claw|p2b: Garchomp\n|-supereffective|p2b: Garchomp|1\n|-damage|p2b: Garchomp|14/100\n|-damage|p1b: Garchomp|61/100|[from] ability: Rough Skin|[of] p2b: Garchomp\n|move|p2b: Garchomp|Dragon Claw|p1b: Garchomp\n|-supereffective|p1b: Garchomp|1\n|-damage|p1b: Garchomp|0 fnt\n|faint|p1b: Garchomp\n|\n|-weather|Sandstorm|[upkeep]\n|upkeep\n|\n|t:|1776179529\n|switch|p1b: Typhlosion|Typhlosion-Hisui, L50, M|100/100\n|turn|5\n|\n|t:|1776179550\n|move|p2a: Kingambit|Sucker Punch|p1b: Typhlosion\n|-supereffective|p1b: Typhlosion|1\n|-damage|p1b: Typhlosion|0 fnt\n|faint|p1b: Typhlosion\n|move|p2b: Garchomp|Dragon Claw|p1a: Tyranitar\n|-damage|p1a: Tyranitar|69/100\n|move|p1a: Tyranitar|Low Kick|p2a: Kingambit\n|-supereffective|p2a: Kingambit|2\n|-enditem|p2a: Kingambit|Chople Berry|[eat]\n|-enditem|p2a: Kingambit|Chople Berry|[weaken]\n|-damage|p2a: Kingambit|55/100\n|\n|-weather|Sandstorm|[upkeep]\n|-sideend|p1: Juya|move: Tailwind\n|upkeep\n|turn|6\n|\n|t:|1776179565\n|move|p2b: Garchomp|Dragon Claw|p1a: Tyranitar\n|-damage|p1a: Tyranitar|38/100\n|move|p1a: Tyranitar|Low Kick|p2a: Kingambit\n|-supereffective|p2a: Kingambit|2\n|-damage|p2a: Kingambit|0 fnt\n|faint|p2a: Kingambit\n|\n|-weather|Sandstorm|[upkeep]\n|upkeep\n|turn|7\n|\n|t:|1776179577\n|move|p2b: Garchomp|Dragon Claw|p1a: Tyranitar\n|-damage|p1a: Tyranitar|9/100\n|move|p1a: Tyranitar|Knock Off|p2b: Garchomp\n|-damage|p2b: Garchomp|0 fnt\n|-damage|p1a: Tyranitar|0 fnt|[from] ability: Rough Skin|[of] p2b: Garchomp\n|-enditem|p2b: Garchomp|Choice Scarf|[from] move: Knock Off|[of] p1a: Tyranitar\n|faint|p2b: Garchomp\n|faint|p1a: Tyranitar\n|\n|win|Juya\n|raw|Juya's rating: 1223 &rarr; <strong>1244</strong><br />(+21 for winning)\n|raw|AgusAnidapee's rating: 1160 &rarr; <strong>1139</strong><br />(-21 for losing)\n|l|\u2606AgusAnidapee\n|player|p2|\n",
  "uploadtime": 1776179589,
  "views": 12,
  "formatid": "gen9championsvgc2026regma",
  "rating": 1139,
  "private": 0,
  "password": null
}