{
  "id": "gen9championsvgc2026regma-2585585642",
  "format": "[Gen 9 Champions] VGC 2026 Reg M-A",
  "players": [
    "ddrfunk",
    "thebeast4895"
  ],
  "log": "|j|\u2606ddrfunk\n|j|\u2606thebeast4895\n|t:|1776357169\n|gametype|doubles\n|player|p1|ddrfunk|101|1373\n|player|p2|thebeast4895|1|1273\n|gen|9\n|tier|[Gen 9 Champions] VGC 2026 Reg M-A\n|rated|\n|rule|Species Clause: Limit one of each Pok\u00e9mon\n|rule|Item Clause: Limit 1 of each item\n|clearpoke\n|poke|p1|Blastoise, L50, M|\n|poke|p1|Sinistcha, L50|\n|poke|p1|Sableye, L50, F|\n|poke|p1|Farigiraf, L50, M|\n|poke|p1|Pelipper, L50, M|\n|poke|p1|Archaludon, L50, M|\n|poke|p2|Oranguru, L50, F|\n|poke|p2|Slowbro, L50, F|\n|poke|p2|Crabominable, L50, M|\n|poke|p2|Sinistcha, L50|\n|poke|p2|Incineroar, L50, M|\n|poke|p2|Palafin, L50, M|\n|teampreview|4\n|\n|t:|1776357230\n|teamsize|p1|4\n|teamsize|p2|4\n|start\n|switch|p1a: Pelipper|Pelipper, L50, M|100/100\n|switch|p1b: Blastoise|Blastoise, L50, M|100/100\n|switch|p2a: Oranguru|Oranguru, L50, F|100/100\n|switch|p2b: Slowbro|Slowbro, L50, F|100/100\n|-weather|RainDance|[from] ability: Drizzle|[of] p1a: Pelipper\n|turn|1\n|\n|t:|1776357264\n|detailschange|p1b: Blastoise|Blastoise-Mega, L50, M\n|-mega|p1b: Blastoise|Blastoise|Blastoisinite\n|detailschange|p2b: Slowbro|Slowbro-Mega, L50, F\n|-mega|p2b: Slowbro|Slowbro|Slowbronite\n|move|p2a: Oranguru|Protect|p2a: Oranguru\n|-singleturn|p2a: Oranguru|Protect\n|move|p1a: Pelipper|Weather Ball|p2a: Oranguru\n|-activate|p2a: Oranguru|move: Protect\n|move|p1b: Blastoise|Water Spout|p2b: Slowbro|[spread] p2b\n|-activate|p2a: Oranguru|move: Protect\n|-resisted|p2b: Slowbro|1\n|-damage|p2b: Slowbro|56/100\n|move|p2b: Slowbro|Expanding Force|p1b: Blastoise\n|-crit|p1b: Blastoise\n|-damage|p1b: Blastoise|42/100\n|\n|-weather|RainDance|[upkeep]\n|upkeep\n|turn|2\n|\n|t:|1776357291\n|switch|p1a: Sinistcha|Sinistcha, L50|100/100\n|-heal|p1b: Blastoise|67/100|[from] ability: Hospitality|[of] p1a: Sinistcha\n|move|p2b: Slowbro|Protect|p2b: Slowbro\n|-singleturn|p2b: Slowbro|Protect\n|move|p1b: Blastoise|Water Spout|p2b: Slowbro|[spread] p2a\n|-activate|p2b: Slowbro|move: Protect\n|-damage|p2a: Oranguru|52/100\n|move|p2a: Oranguru|Trick Room|p2a: Oranguru\n|-fieldstart|move: Trick Room|[of] p2a: Oranguru\n|\n|-weather|RainDance|[upkeep]\n|upkeep\n|turn|3\n|\n|t:|1776357319\n|switch|p1b: Farigiraf|Farigiraf, L50, M|100/100\n|move|p2b: Slowbro|Calm Mind|p2b: Slowbro\n|-boost|p2b: Slowbro|spa|1\n|-boost|p2b: Slowbro|spd|1\n|move|p2a: Oranguru|Instruct|p2b: Slowbro\n|-singleturn|p2b: Slowbro|move: Instruct|[of] p2a: Oranguru\n|move|p2b: Slowbro|Calm Mind|p2b: Slowbro\n|-boost|p2b: Slowbro|spa|1\n|-boost|p2b: Slowbro|spd|1\n|move|p1a: Sinistcha|Matcha Gotcha|p2a: Oranguru|[spread] p2a\n|-miss|p1a: Sinistcha|p2b: Slowbro\n|-damage|p2a: Oranguru|32/100\n|\n|-weather|RainDance|[upkeep]\n|upkeep\n|turn|4\n|\n|t:|1776357361\n|move|p1a: Sinistcha|Rage Powder|p1a: Sinistcha\n|-singleturn|p1a: Sinistcha|move: Rage Powder\n|move|p2b: Slowbro|Calm Mind|p2b: Slowbro\n|-boost|p2b: Slowbro|spa|1\n|-boost|p2b: Slowbro|spd|1\n|move|p2a: Oranguru|Instruct|p1a: Sinistcha\n|-singleturn|p1a: Sinistcha|move: Instruct|[of] p2a: Oranguru\n|move|p1a: Sinistcha|Rage Powder||[still]\n|-fail|p1a: Sinistcha\n|move|p1b: Farigiraf|Trick Room|p1b: Farigiraf\n|-fieldend|move: Trick Room\n|\n|-weather|RainDance|[upkeep]\n|upkeep\n|turn|5\n|c|\u2606thebeast4895|I wannna walllll\n|inactive|Battle timer is ON: inactive players will automatically lose when time's up. (requested by ddrfunk)\n|\n|t:|1776357403\n|move|p2a: Oranguru|Protect|p2a: Oranguru\n|-singleturn|p2a: Oranguru|Protect\n|move|p1a: Sinistcha|Matcha Gotcha|p2b: Slowbro|[spread] p2b\n|-activate|p2a: Oranguru|move: Protect\n|-supereffective|p2b: Slowbro|1\n|-damage|p2b: Slowbro|34/100\n|move|p1b: Farigiraf|Hyper Voice|p2a: Oranguru|[spread] p2b\n|-activate|p2a: Oranguru|move: Protect\n|-damage|p2b: Slowbro|21/100\n|move|p2b: Slowbro|Expanding Force|p1a: Sinistcha\n|-damage|p1a: Sinistcha|1/100\n|-enditem|p1a: Sinistcha|Sitrus Berry|[eat]\n|-heal|p1a: Sinistcha|26/100|[from] item: Sitrus Berry\n|\n|-weather|none\n|upkeep\n|turn|6\n|inactive|thebeast4895 has 30 seconds left.\n|\n|t:|1776357434\n|switch|p2a: Sinistcha|Sinistcha, L50|100/100\n|-heal|p2b: Slowbro|46/100|[from] ability: Hospitality|[of] p2a: Sinistcha\n|move|p2b: Slowbro|Protect|p2b: Slowbro\n|-singleturn|p2b: Slowbro|Protect\n|move|p1a: Sinistcha|Matcha Gotcha|p2a: Sinistcha|[spread] p2a\n|-activate|p2b: Slowbro|move: Protect\n|-resisted|p2a: Sinistcha|1\n|-damage|p2a: Sinistcha|88/100\n|-heal|p1a: Sinistcha|32/100|[from] drain|[of] p2a: Sinistcha\n|-status|p2a: Sinistcha|brn\n|move|p1b: Farigiraf|Hyper Voice|p2b: Slowbro|[spread] \n|-activate|p2b: Slowbro|move: Protect\n|-immune|p2a: Sinistcha\n|\n|-damage|p2a: Sinistcha|82/100 brn|[from] brn\n|upkeep\n|turn|7\n|inactive|thebeast4895 has 30 seconds left.\n|\n|t:|1776357462\n|switch|p2a: Incineroar|Incineroar, L50, M|100/100\n|-ability|p2a: Incineroar|Intimidate|boost\n|-unboost|p1a: Sinistcha|atk|1\n|-unboost|p1b: Farigiraf|atk|1\n|move|p1a: Sinistcha|Matcha Gotcha|p2a: Incineroar|[spread] p2a,p2b\n|-resisted|p2a: Incineroar|1\n|-supereffective|p2b: Slowbro|1\n|-damage|p2a: Incineroar|90/100\n|-heal|p1a: Sinistcha|38/100|[from] drain|[of] p2a: Incineroar\n|-damage|p2b: Slowbro|28/100\n|-heal|p1a: Sinistcha|48/100|[from] drain|[of] p2b: Slowbro\n|-status|p2b: Slowbro|brn\n|move|p1b: Farigiraf|Hyper Voice|p2b: Slowbro|[spread] p2a,p2b\n|-damage|p2a: Incineroar|64/100\n|-damage|p2b: Slowbro|16/100 brn\n|move|p2b: Slowbro|Calm Mind|p2b: Slowbro\n|-boost|p2b: Slowbro|spa|1\n|-boost|p2b: Slowbro|spd|1\n|\n|-heal|p2a: Incineroar|70/100|[from] item: Leftovers\n|-damage|p2b: Slowbro|10/100 brn|[from] brn\n|upkeep\n|turn|8\n|l|\u2606thebeast4895\n|inactive|thebeast4895 disconnected and has a minute to reconnect!\n|player|p2|\n|j|\u2606thebeast4895\n|inactive|thebeast4895 reconnected and has 45 seconds left.\n|player|p2|thebeast4895|1|\n|inactive|ddrfunk has 30 seconds left.\n|\n|t:|1776357497\n|move|p2b: Slowbro|Protect|p2b: Slowbro\n|-singleturn|p2b: Slowbro|Protect\n|move|p1a: Sinistcha|Matcha Gotcha|p2a: Incineroar|[spread] p2a\n|-activate|p2b: Slowbro|move: Protect\n|-resisted|p2a: Incineroar|1\n|-damage|p2a: Incineroar|59/100\n|-heal|p1a: Sinistcha|55/100|[from] drain|[of] p2a: Incineroar\n|move|p1b: Farigiraf|Hyper Voice|p2a: Incineroar|[spread] p2a\n|-activate|p2b: Slowbro|move: Protect\n|-damage|p2a: Incineroar|31/100\n|move|p2a: Incineroar|Darkest Lariat|p1a: Sinistcha\n|-supereffective|p1a: Sinistcha|1\n|-damage|p1a: Sinistcha|0 fnt\n|faint|p1a: Sinistcha\n|\n|-heal|p2a: Incineroar|37/100|[from] item: Leftovers\n|-damage|p2b: Slowbro|4/100 brn|[from] brn\n|upkeep\n|\n|t:|1776357504\n|switch|p1a: Blastoise|Blastoise-Mega, L50, M|67/100\n|turn|9\n|\n|t:|1776357514\n|switch|p1b: Pelipper|Pelipper, L50, M|100/100\n|-weather|RainDance|[from] ability: Drizzle|[of] p1b: Pelipper\n|switch|p2a: Sinistcha|Sinistcha, L50|82/100 brn\n|-heal|p2b: Slowbro|28/100 brn|[from] ability: Hospitality|[of] p2a: Sinistcha\n|move|p1a: Blastoise|Water Spout|p2b: Slowbro|[spread] p2a,p2b\n|-resisted|p2a: Sinistcha|1\n|-resisted|p2b: Slowbro|1\n|-damage|p2a: Sinistcha|52/100 brn\n|-damage|p2b: Slowbro|18/100 brn\n|move|p2b: Slowbro|Expanding Force|p1a: Blastoise\n|-crit|p1a: Blastoise\n|-damage|p1a: Blastoise|0 fnt\n|faint|p1a: Blastoise\n|\n|-weather|RainDance|[upkeep]\n|-damage|p2a: Sinistcha|45/100 brn|[from] brn\n|-damage|p2b: Slowbro|12/100 brn|[from] brn\n|upkeep\n|-enditem|p2a: Sinistcha|Sitrus Berry|[eat]\n|-heal|p2a: Sinistcha|70/100 brn|[from] item: Sitrus Berry\n|\n|t:|1776357524\n|switch|p1a: Farigiraf|Farigiraf, L50, M|100/100\n|turn|10\n|inactive|thebeast4895 has 30 seconds left.\n|\n|t:|1776357552\n|switch|p2a: Incineroar|Incineroar, L50, M|37/100\n|-ability|p2a: Incineroar|Intimidate|boost\n|-unboost|p1a: Farigiraf|atk|1\n|-unboost|p1b: Pelipper|atk|1\n|move|p2b: Slowbro|Protect|p2b: Slowbro\n|-singleturn|p2b: Slowbro|Protect\n|move|p1b: Pelipper|Hurricane|p2b: Slowbro\n|-activate|p2b: Slowbro|move: Protect\n|move|p1a: Farigiraf|Hyper Voice|p2b: Slowbro|[spread] p2a\n|-activate|p2b: Slowbro|move: Protect\n|-damage|p2a: Incineroar|10/100\n|\n|-weather|RainDance|[upkeep]\n|-heal|p2a: Incineroar|16/100|[from] item: Leftovers\n|-damage|p2b: Slowbro|6/100 brn|[from] brn\n|upkeep\n|turn|11\n|\n|t:|1776357576\n|switch|p2a: Sinistcha|Sinistcha, L50|70/100 brn\n|-heal|p2b: Slowbro|31/100 brn|[from] ability: Hospitality|[of] p2a: Sinistcha\n|move|p1b: Pelipper|Hurricane|p2b: Slowbro\n|-damage|p2b: Slowbro|16/100 brn\n|move|p1a: Farigiraf|Hyper Voice|p2b: Slowbro|[spread] p2b\n|-immune|p2a: Sinistcha\n|-damage|p2b: Slowbro|5/100 brn\n|move|p2b: Slowbro|Scald|p1a: Farigiraf\n|-damage|p1a: Farigiraf|0 fnt\n|faint|p1a: Farigiraf\n|\n|-weather|RainDance|[upkeep]\n|-damage|p2a: Sinistcha|64/100 brn|[from] brn\n|-damage|p2b: Slowbro|0 fnt|[from] brn\n|faint|p2b: Slowbro\n|upkeep\n|c|\u2606thebeast4895|thank you the wall you have served your purpose well\n|\n|t:|1776357599\n|switch|p2b: Incineroar|Incineroar, L50, M|16/100\n|-ability|p2b: Incineroar|Intimidate|boost\n|-unboost|p1b: Pelipper|atk|1\n|turn|12\n|\n|t:|1776357604\n|move|p1b: Pelipper|Protect|p1b: Pelipper\n|-singleturn|p1b: Pelipper|Protect\n|move|p2b: Incineroar|Fake Out|p1b: Pelipper\n|-activate|p1b: Pelipper|move: Protect\n|move|p2a: Sinistcha|Trick Room|p2a: Sinistcha\n|-fieldstart|move: Trick Room|[of] p2a: Sinistcha\n|\n|-weather|RainDance|[upkeep]\n|-heal|p2b: Incineroar|22/100|[from] item: Leftovers\n|-damage|p2a: Sinistcha|58/100 brn|[from] brn\n|upkeep\n|turn|13\n|\n|t:|1776357617\n|move|p2a: Sinistcha|Protect|p2a: Sinistcha\n|-singleturn|p2a: Sinistcha|Protect\n|move|p2b: Incineroar|Parting Shot|p1b: Pelipper\n|-unboost|p1b: Pelipper|atk|1\n|-unboost|p1b: Pelipper|spa|1\n|\n|t:|1776357622\n|switch|p2b: Oranguru|Oranguru, L50, F|32/100|[from] Parting Shot\n|move|p1b: Pelipper|Hurricane|p2a: Sinistcha\n|-activate|p2a: Sinistcha|move: Protect\n|\n|-weather|none\n|-damage|p2a: Sinistcha|52/100 brn|[from] brn\n|upkeep\n|turn|14\n|-message|ddrfunk forfeited.\n|\n|win|thebeast4895\n|raw|ddrfunk's rating: 1373 &rarr; <strong>1347</strong><br />(-26 for losing)\n|raw|thebeast4895's rating: 1273 &rarr; <strong>1305</strong><br />(+32 for winning)\n|c|\u2606thebeast4895|gg\n",
  "uploadtime": 1776357637,
  "views": 39,
  "formatid": "gen9championsvgc2026regma",
  "rating": 1305,
  "private": 0,
  "password": null
}