{
  "id": "gen9championsvgc2026regma-2582715450",
  "format": "[Gen 9 Champions] VGC 2026 Reg M-A",
  "players": [
    "WaluigiVGC",
    "niclixito"
  ],
  "log": "|j|\u2606WaluigiVGC\n|j|\u2606niclixito\n|t:|1776109171\n|gametype|doubles\n|player|p1|WaluigiVGC|102|1082\n|player|p2|niclixito|veteran|1000\n|gen|9\n|tier|[Gen 9 Champions] VGC 2026 Reg M-A\n|rated|\n|rule|Species Clause: Limit one of each Pok\u00e9mon\n|rule|Item Clause: Limit 1 of each item\n|clearpoke\n|poke|p1|Archaludon, L50, F|\n|poke|p1|Pelipper, L50, F|\n|poke|p1|Sneasler, L50, M|\n|poke|p1|Incineroar, L50, F|\n|poke|p1|Basculegion, L50, M|\n|poke|p1|Gengar, L50, F|\n|poke|p2|Noivern, L50, F|\n|poke|p2|Arcanine, L50, M|\n|poke|p2|Meowstic-F, L50, F|\n|poke|p2|Hydrapple, L50, F|\n|poke|p2|Krookodile, L50, F|\n|poke|p2|Absol, L50, F|\n|teampreview|4\n|inactive|Battle timer is ON: inactive players will automatically lose when time's up. (requested by niclixito)\n|\n|t:|1776109203\n|teamsize|p1|4\n|teamsize|p2|4\n|start\n|switch|p1a: Sneasler|Sneasler, L50, M|100/100\n|switch|p1b: Basculegion|Basculegion, L50, M|100/100\n|switch|p2a: Noivern|Noivern, L50, F|100/100\n|switch|p2b: Arcanine|Arcanine, L50, M|100/100\n|-ability|p2b: Arcanine|Intimidate|boost\n|-unboost|p1a: Sneasler|atk|1\n|-unboost|p1b: Basculegion|atk|1\n|-enditem|p1a: Sneasler|White Herb\n|-clearnegativeboost|p1a: Sneasler|[silent]\n|turn|1\n|\n|t:|1776109224\n|move|p1a: Sneasler|Close Combat|p2a: Noivern\n|-resisted|p2a: Noivern|1\n|-damage|p2a: Noivern|51/100\n|-unboost|p1a: Sneasler|def|1\n|-unboost|p1a: Sneasler|spd|1\n|move|p1b: Basculegion|Wave Crash|p2b: Arcanine\n|-supereffective|p2b: Arcanine|1\n|-enditem|p2b: Arcanine|Focus Sash\n|-damage|p2b: Arcanine|1/100\n|-damage|p1b: Basculegion|73/100|[from] Recoil\n|move|p2a: Noivern|Dark Pulse|p1b: Basculegion\n|-supereffective|p1b: Basculegion|1\n|-damage|p1b: Basculegion|19/100\n|move|p2b: Arcanine|Play Rough|p1a: Sneasler|[miss]\n|-miss|p2b: Arcanine|p1a: Sneasler\n|\n|upkeep\n|turn|2\n|inactive|WaluigiVGC has 30 seconds left.\n|inactive|WaluigiVGC has 20 seconds left.\n|\n|t:|1776109259\n|switch|p1b: Archaludon|Archaludon, L50, F|100/100\n|move|p1a: Sneasler|Dire Claw|p2a: Noivern\n|-crit|p2a: Noivern\n|-damage|p2a: Noivern|0 fnt\n|faint|p2a: Noivern\n|move|p2b: Arcanine|Play Rough|p1b: Archaludon|[miss]\n|-miss|p2b: Arcanine|p1b: Archaludon\n|\n|upkeep\n|\n|t:|1776109266\n|switch|p2a: Hydrapple|Hydrapple, L50, F, shiny|100/100\n|-ability|p2a: Hydrapple|Supersweet Syrup\n|-unboost|p1a: Sneasler|evasion|1\n|-unboost|p1b: Archaludon|evasion|1\n|turn|3\n|\n|t:|1776109285\n|switch|p1a: Pelipper|Pelipper, L50, F|100/100\n|-weather|RainDance|[from] ability: Drizzle|[of] p1a: Pelipper\n|move|p2b: Arcanine|Extreme Speed|p1a: Pelipper\n|-damage|p1a: Pelipper|67/100\n|move|p1b: Archaludon|Electro Shot||[still]\n|-prepare|p1b: Archaludon|Electro Shot\n|-boost|p1b: Archaludon|spa|1\n|-anim|p1b: Archaludon|Electro Shot|p2a: Hydrapple\n|-resisted|p2a: Hydrapple|2\n|-damage|p2a: Hydrapple|81/100\n|move|p2a: Hydrapple|Fickle Beam|p1b: Archaludon|[anim] Fickle Beam All Out\n|-activate|p2a: Hydrapple|move: Fickle Beam\n|-damage|p1b: Archaludon|7/100\n|-ability|p1b: Archaludon|Stamina|boost\n|-boost|p1b: Archaludon|def|1\n|\n|-weather|RainDance|[upkeep]\n|-heal|p1b: Archaludon|13/100|[from] item: Leftovers\n|upkeep\n|turn|4\n|inactive|WaluigiVGC has 30 seconds left.\n|-activate|p2a: Hydrapple|item: Quick Claw\n|\n|t:|1776109311\n|move|p2b: Arcanine|Extreme Speed|p1a: Pelipper\n|-damage|p1a: Pelipper|30/100\n|move|p2a: Hydrapple|Fickle Beam|p1b: Archaludon\n|-damage|p1b: Archaludon|0 fnt\n|faint|p1b: Archaludon\n|move|p1a: Pelipper|Weather Ball|p2b: Arcanine\n|-supereffective|p2b: Arcanine|1\n|-damage|p2b: Arcanine|0 fnt\n|faint|p2b: Arcanine\n|\n|-weather|RainDance|[upkeep]\n|upkeep\n|\n|t:|1776109332\n|switch|p1b: Sneasler|Sneasler, L50, M|100/100\n|switch|p2b: Meowhoraga|Meowstic-F, L50, F|100/100\n|turn|5\n|\n|t:|1776109347\n|detailschange|p2b: Meowhoraga|Meowstic-F-Mega, L50, F\n|-mega|p2b: Meowhoraga|Meowstic|Meowsticite\n|-ability|p2b: Meowhoraga|Drizzle|Trace|[from] ability: Trace|[of] p1a: Pelipper\n|move|p1b: Sneasler|Dire Claw|p2b: Meowhoraga\n|-damage|p2b: Meowhoraga|38/100\n|-status|p2b: Meowhoraga|slp\n|cant|p2b: Meowhoraga|slp\n|move|p1a: Pelipper|Hurricane|p2a: Hydrapple\n|-supereffective|p2a: Hydrapple|1\n|-damage|p2a: Hydrapple|0 fnt\n|faint|p2a: Hydrapple\n|\n|-weather|RainDance|[upkeep]\n|upkeep\n|turn|6\n|-message|niclixito forfeited.\n|\n|win|WaluigiVGC\n|raw|WaluigiVGC's rating: 1082 &rarr; <strong>1103</strong><br />(+21 for winning)\n|raw|niclixito's rating: 1000 &rarr; <strong>1000</strong><br />(+0 for losing)\n|l|\u2606niclixito\n|player|p2|\n",
  "uploadtime": 1776109366,
  "views": 12,
  "formatid": "gen9championsvgc2026regma",
  "rating": 1000,
  "private": 0,
  "password": null
}