{
  "id": "gen9championsvgc2026regma-2584386010",
  "format": "[Gen 9 Champions] VGC 2026 Reg M-A",
  "players": [
    "Swellersfan",
    "Jah_08"
  ],
  "log": "|j|\u2606Swellersfan\n|j|\u2606Jah_08\n|t:|1776256965\n|gametype|doubles\n|player|p1|Swellersfan|wattson|1308\n|player|p2|Jah_08|alder|1284\n|gen|9\n|tier|[Gen 9 Champions] VGC 2026 Reg M-A\n|rated|\n|rule|Species Clause: Limit one of each Pok\u00e9mon\n|rule|Item Clause: Limit 1 of each item\n|clearpoke\n|poke|p1|Pelipper, L50, M|\n|poke|p1|Sneasler, L50, M|\n|poke|p1|Basculegion, L50, M|\n|poke|p1|Kingambit, L50, M|\n|poke|p1|Dragonite, L50, M|\n|poke|p1|Goodra-Hisui, L50, M|\n|poke|p2|Excadrill, L50, M|\n|poke|p2|Whimsicott, L50, M|\n|poke|p2|Chandelure, L50, M|\n|poke|p2|Zoroark-Hisui, L50, M|\n|poke|p2|Basculegion, L50, M|\n|poke|p2|Hydreigon, L50, M|\n|teampreview|4\n|\n|t:|1776256992\n|teamsize|p1|4\n|teamsize|p2|4\n|start\n|switch|p1a: Pelipper|Pelipper, L50, M|100/100\n|switch|p1b: Dragonite|Dragonite, L50, M|100/100\n|switch|p2a: Excadrill|Excadrill, L50, M|100/100\n|switch|p2b: Basculegion|Basculegion, L50, M|100/100\n|-weather|RainDance|[from] ability: Drizzle|[of] p1a: Pelipper\n|turn|1\n|inactive|Battle timer is ON: inactive players will automatically lose when time's up. (requested by Swellersfan)\n|\n|t:|1776257011\n|detailschange|p1b: Dragonite|Dragonite-Mega, L50, M\n|-mega|p1b: Dragonite|Dragonite|Dragoninite\n|move|p2b: Basculegion|Flip Turn|p1a: Pelipper\n|-resisted|p1a: Pelipper|1\n|-damage|p1a: Pelipper|64/100\n|\n|t:|1776257019\n|switch|p2b: Whimsicott|Whimsicott, L50, M, shiny|100/100|[from] Flip Turn\n|move|p2a: Excadrill|Shadow Ball|p1a: Pelipper\n|-damage|p1a: Pelipper|0 fnt\n|faint|p1a: Pelipper\n|move|p1b: Dragonite|Thunder|p2b: Whimsicott\n|-resisted|p2b: Whimsicott|1\n|-damage|p2b: Whimsicott|69/100\n|-status|p2b: Whimsicott|par\n|\n|-weather|RainDance|[upkeep]\n|upkeep\n|\n|t:|1776257032\n|switch|p1a: Sneasler|Sneasler, L50, M|100/100\n|turn|2\n|\n|t:|1776257039\n|move|p2b: Whimsicott|Protect|p2b: Whimsicott\n|-singleturn|p2b: Whimsicott|Protect\n|move|p1a: Sneasler|Fake Out|p2a: Excadrill\n|-immune|p2a: Excadrill\n|move|p2a: Excadrill|Icy Wind|p1a: Sneasler|[spread] p1a,p1b\n|-supereffective|p1b: Dragonite|2\n|-damage|p1a: Sneasler|85/100\n|-damage|p1b: Dragonite|74/100\n|-unboost|p1a: Sneasler|spe|1\n|-unboost|p1b: Dragonite|spe|1\n|-enditem|p1a: Sneasler|White Herb\n|-clearnegativeboost|p1a: Sneasler|[silent]\n|move|p1b: Dragonite|Hurricane|p2b: Whimsicott\n|-activate|p2b: Whimsicott|move: Protect\n|\n|-weather|RainDance|[upkeep]\n|upkeep\n|turn|3\n|inactive|Swellersfan has 30 seconds left.\n|inactive|Swellersfan has 20 seconds left.\n|inactive|Swellersfan has 15 seconds left.\n|\n|t:|1776257080\n|move|p2b: Whimsicott|Encore|p1a: Sneasler\n|-start|p1a: Sneasler|Encore\n|move|p1a: Sneasler|Fake Out||[still]\n|-hint|Fake Out only works on your first turn out.\n|-fail|p1a: Sneasler\n|move|p2a: Excadrill|Icy Wind|p1a: Sneasler|[spread] p1a,p1b\n|-supereffective|p1b: Dragonite|2\n|-damage|p1a: Sneasler|67/100\n|-damage|p1b: Dragonite|24/100\n|-unboost|p1a: Sneasler|spe|1\n|-unboost|p1b: Dragonite|spe|1\n|move|p1b: Dragonite|Hurricane|p2b: Whimsicott\n|-supereffective|p2b: Whimsicott|1\n|-damage|p2b: Whimsicott|0 fnt\n|faint|p2b: Whimsicott\n|\n|-weather|RainDance|[upkeep]\n|upkeep\n|inactive|Jah_08 has 30 seconds left.\n|\n|t:|1776257107\n|switch|p2b: Basculegion|Basculegion, L50, M|100/100\n|turn|4\n|\n|t:|1776257127\n|switch|p1a: Goodra|Goodra-Hisui, L50, M|100/100\n|move|p2b: Basculegion|Last Respects|p1a: Goodra\n|-damage|p1a: Goodra|47/100\n|move|p2a: Excadrill|Shadow Ball|p1b: Dragonite\n|-damage|p1b: Dragonite|0 fnt\n|faint|p1b: Dragonite\n|\n|-weather|RainDance|[upkeep]\n|-heal|p1a: Goodra|53/100|[from] item: Leftovers\n|upkeep\n|\n|t:|1776257136\n|switch|p1b: Sneasler|Sneasler, L50, M|67/100\n|turn|5\n|\n|t:|1776257154\n|move|p2b: Basculegion|Last Respects|p1a: Goodra\n|-damage|p1a: Goodra|0 fnt\n|faint|p1a: Goodra\n|move|p2a: Excadrill|Icy Wind|p1b: Sneasler\n|-damage|p1b: Sneasler|46/100\n|-unboost|p1b: Sneasler|spe|1\n|move|p1b: Sneasler|Close Combat|p2a: Excadrill\n|-immune|p2a: Excadrill\n|\n|-weather|none\n|upkeep\n|turn|6\n|-message|Swellersfan forfeited.\n|\n|win|Jah_08\n|raw|Swellersfan's rating: 1308 &rarr; <strong>1287</strong><br />(-21 for losing)\n|raw|Jah_08's rating: 1284 &rarr; <strong>1311</strong><br />(+27 for winning)\n|l|\u2606Swellersfan\n|player|p1|\n",
  "uploadtime": 1776257168,
  "views": 39,
  "formatid": "gen9championsvgc2026regma",
  "rating": 1287,
  "private": 0,
  "password": null
}