{
  "id": "gen9championsvgc2026regma-2583975900",
  "format": "[Gen 9 Champions] VGC 2026 Reg M-A",
  "players": [
    "yuriimon",
    "RosiestCoin811"
  ],
  "log": "|j|\u2606yuriimon\n|j|\u2606RosiestCoin811\n|t:|1776213404\n|gametype|doubles\n|player|p1|yuriimon|waitress-gen4|1091\n|player|p2|RosiestCoin811|169|1106\n|gen|9\n|tier|[Gen 9 Champions] VGC 2026 Reg M-A\n|rated|\n|rule|Species Clause: Limit one of each Pok\u00e9mon\n|rule|Item Clause: Limit 1 of each item\n|clearpoke\n|poke|p1|Glimmora, L50, F|\n|poke|p1|Incineroar, L50, M|\n|poke|p1|Archaludon, L50, F|\n|poke|p1|Politoed, L50, M|\n|poke|p1|Basculegion, L50, M|\n|poke|p1|Chesnaught, L50, F|\n|poke|p2|Pelipper, L50, M|\n|poke|p2|Dragonite, L50, M|\n|poke|p2|Archaludon, L50, M|\n|poke|p2|Basculegion, L50, M|\n|poke|p2|Sneasler, L50, F|\n|poke|p2|Infernape, L50, M|\n|teampreview|4\n|inactive|Battle timer is ON: inactive players will automatically lose when time's up. (requested by yuriimon)\n|inactive|yuriimon has 60 seconds left.\n|inactive|yuriimon has 30 seconds left.\n|\n|t:|1776213469\n|teamsize|p1|4\n|teamsize|p2|4\n|start\n|switch|p1a: Glimmora|Glimmora, L50, F|100/100\n|switch|p1b: Incineroar|Incineroar, L50, M|100/100\n|switch|p2a: Sneasler|Sneasler, L50, F|100/100\n|switch|p2b: Infernape|Infernape, L50, M|100/100\n|-ability|p1b: Incineroar|Intimidate|boost\n|-unboost|p2a: Sneasler|atk|1\n|-unboost|p2b: Infernape|atk|1\n|-enditem|p2a: Sneasler|White Herb\n|-clearnegativeboost|p2a: Sneasler|[silent]\n|turn|1\n|\n|t:|1776213492\n|switch|p1b: Basculegion|Basculegion, L50, M|100/100\n|detailschange|p1a: Glimmora|Glimmora-Mega, L50, F\n|-mega|p1a: Glimmora|Glimmora|Glimmoranite\n|move|p1a: Glimmora|Protect|p1a: Glimmora\n|-singleturn|p1a: Glimmora|Protect\n|move|p2b: Infernape|Upper Hand||[still]\n|-fail|p2b: Infernape\n|move|p2a: Sneasler|Close Combat|p1a: Glimmora\n|-activate|p1a: Glimmora|move: Protect\n|\n|upkeep\n|turn|2\n|inactive|yuriimon has 30 seconds left.\n|inactive|yuriimon has 20 seconds left.\n|inactive|yuriimon has 15 seconds left.\n|inactive|yuriimon has 10 seconds left.\n|\n|t:|1776213539\n|switch|p2b: Archaludon|Archaludon, L50, M|100/100\n|switch|p1a: Incineroar|Incineroar, L50, M|100/100\n|-ability|p1a: Incineroar|Intimidate|boost\n|-unboost|p2a: Sneasler|atk|1\n|-unboost|p2b: Archaludon|atk|1\n|move|p2a: Sneasler|Close Combat|p1a: Incineroar\n|-supereffective|p1a: Incineroar|1\n|-damage|p1a: Incineroar|37/100\n|-unboost|p2a: Sneasler|def|1\n|-unboost|p2a: Sneasler|spd|1\n|-enditem|p1a: Incineroar|Sitrus Berry|[eat]\n|-heal|p1a: Incineroar|62/100|[from] item: Sitrus Berry\n|move|p1b: Basculegion|Psychic Fangs|p2a: Sneasler\n|-supereffective|p2a: Sneasler|2\n|-damage|p2a: Sneasler|0 fnt\n|faint|p2a: Sneasler\n|\n|upkeep\n|\n|t:|1776213557\n|switch|p2a: Infernape|Infernape, L50, M|100/100\n|turn|3\n|\n|t:|1776213567\n|move|p2a: Infernape|Upper Hand||[still]\n|-fail|p2a: Infernape\n|move|p1b: Basculegion|Wave Crash|p2a: Infernape\n|-supereffective|p2a: Infernape|1\n|-damage|p2a: Infernape|0 fnt\n|faint|p2a: Infernape\n|-damage|p1b: Basculegion|75/100|[from] Recoil\n|move|p2b: Archaludon|Draco Meteor|p1b: Basculegion\n|-damage|p1b: Basculegion|2/100\n|-unboost|p2b: Archaludon|spa|2\n|move|p1a: Incineroar|Parting Shot|p2b: Archaludon\n|-unboost|p2b: Archaludon|atk|1\n|-unboost|p2b: Archaludon|spa|1\n|\n|t:|1776213581\n|switch|p1a: Glimmora|Glimmora-Mega, L50, F|100/100|[from] Parting Shot\n|\n|upkeep\n|\n|t:|1776213586\n|switch|p2a: Dragonite|Dragonite, L50, M, shiny|100/100\n|turn|4\n|\n|t:|1776213596\n|detailschange|p2a: Dragonite|Dragonite-Mega, L50, M, shiny\n|-mega|p2a: Dragonite|Dragonite|Dragoninite\n|move|p1b: Basculegion|Aqua Jet|p2a: Dragonite\n|-resisted|p2a: Dragonite|1\n|-damage|p2a: Dragonite|95/100\n|move|p1a: Glimmora|Power Gem|p2a: Dragonite\n|-supereffective|p2a: Dragonite|1\n|-damage|p2a: Dragonite|0 fnt\n|faint|p2a: Dragonite\n|move|p2b: Archaludon|Flash Cannon|p1a: Glimmora\n|-supereffective|p1a: Glimmora|1\n|-damage|p1a: Glimmora|65/100\n|\n|upkeep\n|turn|5\n|inactive|RosiestCoin811 has 30 seconds left.\n|\n|t:|1776213630\n|switch|p1b: Incineroar|Incineroar, L50, M|62/100\n|-ability|p1b: Incineroar|Intimidate|boost\n|-unboost|p2b: Archaludon|atk|1\n|move|p1a: Glimmora|Earth Power|p2b: Archaludon\n|-supereffective|p2b: Archaludon|1\n|-damage|p2b: Archaludon|35/100\n|-ability|p2b: Archaludon|Stamina|boost\n|-boost|p2b: Archaludon|def|1\n|move|p2b: Archaludon|Flash Cannon|p1b: Incineroar\n|-resisted|p1b: Incineroar|1\n|-damage|p1b: Incineroar|56/100\n|\n|-heal|p2b: Archaludon|41/100|[from] item: Leftovers\n|upkeep\n|turn|6\n|\n|t:|1776213644\n|move|p1a: Glimmora|Earth Power|p2b: Archaludon\n|-supereffective|p2b: Archaludon|1\n|-damage|p2b: Archaludon|0 fnt\n|faint|p2b: Archaludon\n|\n|win|yuriimon\n|raw|yuriimon's rating: 1091 &rarr; <strong>1118</strong><br />(+27 for winning)\n|raw|RosiestCoin811's rating: 1106 &rarr; <strong>1080</strong><br />(-26 for losing)\n|l|\u2606RosiestCoin811\n|player|p2|\n",
  "uploadtime": 1776213651,
  "views": 14,
  "formatid": "gen9championsvgc2026regma",
  "rating": 1080,
  "private": 0,
  "password": null
}