{
  "id": "gen9championsvgc2026regma-2582763213",
  "format": "[Gen 9 Champions] VGC 2026 Reg M-A",
  "players": [
    "Luis_Super",
    "OColaco"
  ],
  "log": "|j|\u2606Luis_Super\n|j|\u2606OColaco\n|t:|1776112392\n|gametype|doubles\n|player|p1|Luis_Super|265|1087\n|player|p2|OColaco|blackbelt-gen4dp|1119\n|gen|9\n|tier|[Gen 9 Champions] VGC 2026 Reg M-A\n|rated|\n|rule|Species Clause: Limit one of each Pok\u00e9mon\n|rule|Item Clause: Limit 1 of each item\n|clearpoke\n|poke|p1|Victreebel, L50, F|\n|poke|p1|Garchomp, L50, M|\n|poke|p1|Rotom-Wash, L50|\n|poke|p1|Hatterene, L50, F|\n|poke|p1|Simisear, L50, M|\n|poke|p1|Kangaskhan, L50, F|\n|poke|p2|Orthworm, L50, M|\n|poke|p2|Basculegion, L50, M|\n|poke|p2|Incineroar, L50, F|\n|poke|p2|Froslass, L50, F|\n|poke|p2|Garchomp, L50, F|\n|poke|p2|Sneasler, L50, F|\n|teampreview|4\n|\n|t:|1776112432\n|teamsize|p1|4\n|teamsize|p2|4\n|start\n|switch|p1a: Simisear|Simisear, L50, M|100/100\n|switch|p1b: Hatterene|Hatterene, L50, F|100/100\n|switch|p2a: Orthworm|Orthworm, L50, M|100/100\n|switch|p2b: Garchomp|Garchomp, L50, F|100/100\n|turn|1\n|inactive|Battle timer is ON: inactive players will automatically lose when time's up. (requested by OColaco)\n|\n|t:|1776112473\n|move|p2b: Garchomp|Protect|p2b: Garchomp\n|-singleturn|p2b: Garchomp|Protect\n|move|p1a: Simisear|Fake Out|p2b: Garchomp\n|-activate|p2b: Garchomp|move: Protect\n|move|p2a: Orthworm|Shed Tail|p2a: Orthworm\n|-start|p2a: Orthworm|Substitute|[from] move: Shed Tail\n|-damage|p2a: Orthworm|50/100\n|-enditem|p2a: Orthworm|Sitrus Berry|[eat]\n|-heal|p2a: Orthworm|75/100|[from] item: Sitrus Berry\n|\n|t:|1776112483\n|switch|p2a: Sneasler|Sneasler, L50, F|100/100|[from] Shed Tail\n|move|p1b: Hatterene|Trick Room|p1b: Hatterene\n|-fieldstart|move: Trick Room|[of] p1b: Hatterene\n|\n|upkeep\n|turn|2\n|\n|t:|1776112508\n|switch|p1a: Rotom|Rotom-Wash, L50|100/100\n|move|p2a: Sneasler|Fake Out|p1b: Hatterene\n|-damage|p1b: Hatterene|87/100\n|cant|p1b: Hatterene|flinch\n|move|p2b: Garchomp|Rock Slide|p1a: Rotom|[spread] p1a,p1b\n|-damage|p1a: Rotom|79/100\n|-damage|p1b: Hatterene|66/100\n|\n|-heal|p1b: Hatterene|72/100|[from] item: Leftovers\n|upkeep\n|turn|3\n|\n|t:|1776112526\n|switch|p2b: Orthworm|Orthworm, L50, M|75/100\n|move|p2a: Sneasler|Protect|p2a: Sneasler\n|-singleturn|p2a: Sneasler|Protect\n|move|p1b: Hatterene|Dazzling Gleam|p2a: Sneasler|[spread] p2b\n|-activate|p2a: Sneasler|move: Protect\n|-resisted|p2b: Orthworm|1\n|-damage|p2b: Orthworm|57/100\n|move|p1a: Rotom|Will-O-Wisp|p2b: Orthworm\n|-status|p2b: Orthworm|brn\n|\n|-heal|p1b: Hatterene|79/100|[from] item: Leftovers\n|-damage|p2b: Orthworm|51/100 brn|[from] brn\n|upkeep\n|turn|4\n|inactive|OColaco has 30 seconds left.\n|\n|t:|1776112559\n|move|p1b: Hatterene|Psychic|p2a: Sneasler\n|-supereffective|p2a: Sneasler|2\n|-end|p2a: Sneasler|Substitute\n|move|p2b: Orthworm|Body Press|p1a: Rotom\n|-damage|p1a: Rotom|64/100\n|move|p1a: Rotom|Will-O-Wisp|p2a: Sneasler\n|-status|p2a: Sneasler|brn\n|move|p2a: Sneasler|Dire Claw|p1b: Hatterene\n|-supereffective|p1b: Hatterene|1\n|-damage|p1b: Hatterene|38/100\n|-status|p1b: Hatterene|psn\n|\n|-heal|p1b: Hatterene|44/100 psn|[from] item: Leftovers\n|-damage|p1b: Hatterene|32/100 psn|[from] psn\n|-damage|p2b: Orthworm|45/100 brn|[from] brn\n|-damage|p2a: Sneasler|95/100 brn|[from] brn\n|upkeep\n|turn|5\n|inactive|OColaco has 30 seconds left.\n|inactive|OColaco has 20 seconds left.\n|\n|t:|1776112597\n|move|p2a: Sneasler|Protect|p2a: Sneasler\n|-singleturn|p2a: Sneasler|Protect\n|move|p1b: Hatterene|Psychic|p2a: Sneasler\n|-activate|p2a: Sneasler|move: Protect\n|move|p2b: Orthworm|Heavy Slam|p1b: Hatterene\n|-supereffective|p1b: Hatterene|1\n|-damage|p1b: Hatterene|0 fnt\n|faint|p1b: Hatterene\n|move|p1a: Rotom|Hydro Pump|p2b: Orthworm\n|-damage|p2b: Orthworm|0 fnt\n|faint|p2b: Orthworm\n|\n|-damage|p2a: Sneasler|89/100 brn|[from] brn\n|-fieldend|move: Trick Room\n|upkeep\n|\n|t:|1776112618\n|switch|p2b: Garchomp|Garchomp, L50, F|100/100\n|switch|p1b: Victreebel|Victreebel, L50, F|100/100\n|turn|6\n|\n|t:|1776112639\n|detailschange|p1b: Victreebel|Victreebel-Mega, L50, F\n|-mega|p1b: Victreebel|Victreebel|Victreebelite\n|move|p2b: Garchomp|Protect|p2b: Garchomp\n|-singleturn|p2b: Garchomp|Protect\n|move|p2a: Sneasler|Close Combat|p1a: Rotom\n|-damage|p1a: Rotom|32/100\n|-unboost|p2a: Sneasler|def|1\n|-unboost|p2a: Sneasler|spd|1\n|-enditem|p1a: Rotom|Sitrus Berry|[eat]\n|-heal|p1a: Rotom|57/100|[from] item: Sitrus Berry\n|move|p1a: Rotom|Will-O-Wisp|p2b: Garchomp\n|-activate|p2b: Garchomp|move: Protect\n|move|p1b: Victreebel|Sludge Bomb|p2b: Garchomp\n|-activate|p2b: Garchomp|move: Protect\n|\n|-damage|p2a: Sneasler|83/100 brn|[from] brn\n|upkeep\n|turn|7\n|\n|t:|1776112663\n|move|p2a: Sneasler|Protect|p2a: Sneasler\n|-singleturn|p2a: Sneasler|Protect\n|move|p2b: Garchomp|Rock Slide|p1b: Victreebel|[spread] p1a,p1b\n|-damage|p1a: Rotom|36/100\n|-damage|p1b: Victreebel|72/100\n|move|p1a: Rotom|Hydro Pump|p2b: Garchomp|[miss]\n|-miss|p1a: Rotom|p2b: Garchomp\n|move|p1b: Victreebel|Sludge Bomb|p2b: Garchomp\n|-resisted|p2b: Garchomp|1\n|-damage|p2b: Garchomp|73/100\n|\n|-damage|p2a: Sneasler|78/100 brn|[from] brn\n|upkeep\n|turn|8\n|\n|t:|1776112685\n|move|p1a: Rotom|Protect|p1a: Rotom\n|-singleturn|p1a: Rotom|Protect\n|move|p2a: Sneasler|Dire Claw|p1a: Rotom\n|-activate|p1a: Rotom|move: Protect\n|move|p2b: Garchomp|Dragon Claw|p1b: Victreebel\n|-damage|p1b: Victreebel|21/100\n|move|p1b: Victreebel|Sludge Bomb|p2b: Garchomp\n|-resisted|p2b: Garchomp|1\n|-damage|p2b: Garchomp|43/100\n|-status|p2b: Garchomp|psn\n|\n|-damage|p2b: Garchomp|30/100 psn|[from] psn\n|-damage|p2a: Sneasler|72/100 brn|[from] brn\n|upkeep\n|turn|9\n|inactive|Luis_Super has 30 seconds left.\n|\n|t:|1776112714\n|move|p2a: Sneasler|Protect|p2a: Sneasler\n|-singleturn|p2a: Sneasler|Protect\n|move|p1b: Victreebel|Sucker Punch|p2b: Garchomp\n|-damage|p2b: Garchomp|8/100 psn\n|-damage|p1b: Victreebel|9/100|[from] ability: Rough Skin|[of] p2b: Garchomp\n|move|p2b: Garchomp|Rock Slide|p1b: Victreebel|[spread] p1a,p1b\n|-damage|p1a: Rotom|14/100\n|-damage|p1b: Victreebel|0 fnt\n|-damage|p2b: Garchomp|1/100 psn|[from] ability: Innards Out|[of] p1b: Victreebel\n|faint|p1b: Victreebel\n|move|p1a: Rotom|Thunderbolt|p2a: Sneasler\n|-activate|p2a: Sneasler|move: Protect\n|\n|-damage|p2b: Garchomp|0 fnt|[from] psn\n|faint|p2b: Garchomp\n|-damage|p2a: Sneasler|66/100 brn|[from] brn\n|upkeep\n|\n|t:|1776112733\n|switch|p2b: Froslass|Froslass, L50, F|100/100\n|switch|p1b: Simisear|Simisear, L50, M|100/100\n|turn|10\n|\n|t:|1776112745\n|detailschange|p2b: Froslass|Froslass-Mega, L50, F\n|-mega|p2b: Froslass|Froslass|Froslassite\n|-weather|Snowscape|[from] ability: Snow Warning|[of] p2b: Froslass\n|move|p2b: Froslass|Protect|p2b: Froslass\n|-singleturn|p2b: Froslass|Protect\n|move|p2a: Sneasler|Dire Claw|p1b: Simisear\n|-damage|p1b: Simisear|66/100\n|move|p1b: Simisear|Heat Wave|p2a: Sneasler|[spread] p2a\n|-activate|p2b: Froslass|move: Protect\n|-damage|p2a: Sneasler|2/100 brn\n|move|p1a: Rotom|Thunderbolt|p2b: Froslass\n|-activate|p2b: Froslass|move: Protect\n|\n|-weather|Snowscape|[upkeep]\n|-damage|p2a: Sneasler|0 fnt|[from] brn\n|faint|p2a: Sneasler\n|upkeep\n|turn|11\n|\n|t:|1776112765\n|move|p2b: Froslass|Blizzard|p1a: Rotom|[spread] p1a,p1b\n|-resisted|p1a: Rotom|1\n|-resisted|p1b: Simisear|1\n|-damage|p1a: Rotom|0 fnt\n|-damage|p1b: Simisear|25/100\n|-status|p1b: Simisear|frz\n|faint|p1a: Rotom\n|cant|p1b: Simisear|frz\n|\n|-weather|Snowscape|[upkeep]\n|upkeep\n|turn|12\n|-message|Luis_Super forfeited.\n|\n|win|OColaco\n|raw|Luis_Super's rating: 1087 &rarr; <strong>1066</strong><br />(-21 for losing)\n|raw|OColaco's rating: 1119 &rarr; <strong>1142</strong><br />(+23 for winning)\n|l|\u2606Luis_Super\n|player|p1|\n",
  "uploadtime": 1776112782,
  "views": 21,
  "formatid": "gen9championsvgc2026regma",
  "rating": 1066,
  "private": 0,
  "password": null
}