{
  "id": "gen9championsvgc2026regma-2584242682",
  "format": "[Gen 9 Champions] VGC 2026 Reg M-A",
  "players": [
    "Terypagos",
    "DonkeyVGCP"
  ],
  "log": "|j|\u2606Terypagos\n|j|\u2606DonkeyVGCP\n|t:|1776242359\n|gametype|doubles\n|player|p1|Terypagos|turo-ai|1310\n|player|p2|DonkeyVGCP|265|1295\n|gen|9\n|tier|[Gen 9 Champions] VGC 2026 Reg M-A\n|rated|\n|rule|Species Clause: Limit one of each Pok\u00e9mon\n|rule|Item Clause: Limit 1 of each item\n|clearpoke\n|poke|p1|Floette-Eternal, L50, F|\n|poke|p1|Aerodactyl, L50, M|\n|poke|p1|Garchomp, L50, M|\n|poke|p1|Incineroar, L50, F|\n|poke|p1|Basculegion, L50, M|\n|poke|p1|Sneasler, L50, M|\n|poke|p2|Kangaskhan, L50, F|\n|poke|p2|Aerodactyl, L50, F|\n|poke|p2|Basculegion, L50, M|\n|poke|p2|Incineroar, L50, M|\n|poke|p2|Garchomp, L50, M|\n|poke|p2|Sylveon, L50, M|\n|teampreview|4\n|inactive|Battle timer is ON: inactive players will automatically lose when time's up. (requested by DonkeyVGCP)\n|inactive|Terypagos has 60 seconds left.\n|inactive|DonkeyVGCP has 60 seconds left.\n|inactive|Terypagos has 30 seconds left.\n|\n|t:|1776242425\n|teamsize|p1|4\n|teamsize|p2|4\n|start\n|switch|p1a: Incineroar|Incineroar, L50, F|100/100\n|switch|p1b: Aerodactyl|Aerodactyl, L50, M|100/100\n|switch|p2a: Aerodactyl|Aerodactyl, L50, F|100/100\n|switch|p2b: Kangaskhan|Kangaskhan, L50, F|100/100\n|-ability|p1b: Aerodactyl|Unnerve\n|-ability|p2a: Aerodactyl|Unnerve\n|-ability|p1a: Incineroar|Intimidate|boost\n|-unboost|p2a: Aerodactyl|atk|1\n|-fail|p2b: Kangaskhan|unboost|Attack|[from] ability: Scrappy|[of] p2b: Kangaskhan\n|turn|1\n|\n|t:|1776242450\n|move|p1b: Aerodactyl|Protect|p1b: Aerodactyl\n|-singleturn|p1b: Aerodactyl|Protect\n|move|p2b: Kangaskhan|Fake Out|p1a: Incineroar\n|-damage|p1a: Incineroar|86/100\n|cant|p1a: Incineroar|flinch\n|move|p2a: Aerodactyl|Tailwind|p2a: Aerodactyl\n|-sidestart|p2: DonkeyVGCP|move: Tailwind\n|\n|upkeep\n|turn|2\n|\n|t:|1776242463\n|detailschange|p2b: Kangaskhan|Kangaskhan-Mega, L50, F\n|-mega|p2b: Kangaskhan|Kangaskhan|Kangaskhanite\n|move|p2a: Aerodactyl|Rock Slide|p1a: Incineroar|[spread] p1a,p1b\n|-supereffective|p1a: Incineroar|1\n|-supereffective|p1b: Aerodactyl|1\n|-damage|p1a: Incineroar|61/100\n|-damage|p1b: Aerodactyl|51/100\n|move|p2b: Kangaskhan|Low Kick|p1a: Incineroar\n|-supereffective|p1a: Incineroar|1\n|-damage|p1a: Incineroar|10/100\n|-supereffective|p1a: Incineroar|1\n|-damage|p1a: Incineroar|0 fnt\n|faint|p1a: Incineroar\n|-hitcount|p1: Incineroar|2\n|move|p1b: Aerodactyl|Tailwind|p1b: Aerodactyl\n|-sidestart|p1: Terypagos|move: Tailwind\n|\n|upkeep\n|\n|t:|1776242473\n|switch|p1a: Sneasler|Sneasler, L50, M, shiny|100/100\n|turn|3\n|\n|t:|1776242481\n|switch|p2a: Incineroar|Incineroar, L50, M|100/100\n|-ability|p2a: Incineroar|Intimidate|boost\n|-unboost|p1a: Sneasler|atk|1\n|-unboost|p1b: Aerodactyl|atk|1\n|-enditem|p1a: Sneasler|White Herb\n|-clearnegativeboost|p1a: Sneasler|[silent]\n|switch|p2b: Basculegion|Basculegion, L50, M, shiny|100/100\n|move|p1a: Sneasler|Close Combat|p2b: Basculegion\n|-immune|p2b: Basculegion\n|move|p1b: Aerodactyl|Rock Slide|p2a: Incineroar|[spread] p2a,p2b\n|-supereffective|p2a: Incineroar|1\n|-crit|p2a: Incineroar\n|-damage|p2a: Incineroar|40/100\n|-damage|p2b: Basculegion|77/100\n|\n|upkeep\n|turn|4\n|\n|t:|1776242500\n|move|p1a: Sneasler|Protect|p1a: Sneasler\n|-singleturn|p1a: Sneasler|Protect\n|move|p2a: Incineroar|Fake Out|p1a: Sneasler\n|-activate|p1a: Sneasler|move: Protect\n|move|p2b: Basculegion|Wave Crash|p1a: Sneasler\n|-activate|p1a: Sneasler|move: Protect\n|move|p1b: Aerodactyl|Dual Wingbeat|p2b: Basculegion\n|-damage|p2b: Basculegion|62/100\n|-damage|p2b: Basculegion|46/100\n|-hitcount|p2b: Basculegion|2\n|\n|-sideend|p2: DonkeyVGCP|move: Tailwind\n|upkeep\n|turn|5\n|inactive|DonkeyVGCP has 30 seconds left.\n|\n|t:|1776242534\n|switch|p2b: Kangaskhan|Kangaskhan-Mega, L50, F|100/100\n|switch|p2a: Aerodactyl|Aerodactyl, L50, F|100/100\n|-ability|p2a: Aerodactyl|Unnerve\n|move|p1a: Sneasler|Dire Claw|p2b: Kangaskhan\n|-damage|p2b: Kangaskhan|64/100\n|move|p1b: Aerodactyl|Rock Slide|p2a: Aerodactyl|[spread] p2a,p2b\n|-supereffective|p2a: Aerodactyl|1\n|-damage|p2a: Aerodactyl|46/100\n|-damage|p2b: Kangaskhan|50/100\n|\n|-sideend|p1: Terypagos|move: Tailwind\n|upkeep\n|turn|6\n|inactive|Terypagos has 30 seconds left.\n|inactive|DonkeyVGCP has 30 seconds left.\n|inactive|Terypagos has 20 seconds left.\n|inactive|DonkeyVGCP has 20 seconds left.\n|inactive|Terypagos has 15 seconds left.\n|inactive|DonkeyVGCP has 15 seconds left.\n|inactive|Terypagos has 10 seconds left.\n|inactive|DonkeyVGCP has 10 seconds left.\n|inactive|DonkeyVGCP has 5 seconds left.\n|\n|t:|1776242590\n|move|p1a: Sneasler|Close Combat|p2a: Aerodactyl\n|-damage|p2a: Aerodactyl|0 fnt\n|-unboost|p1a: Sneasler|def|1\n|-unboost|p1a: Sneasler|spd|1\n|faint|p2a: Aerodactyl\n|move|p1b: Aerodactyl|Tailwind|p1b: Aerodactyl\n|-sidestart|p1: Terypagos|move: Tailwind\n|move|p2b: Kangaskhan|Double-Edge|p1b: Aerodactyl\n|-resisted|p1b: Aerodactyl|1\n|-damage|p1b: Aerodactyl|0 fnt\n|faint|p1b: Aerodactyl\n|-hitcount|p1: Aerodactyl|1\n|-damage|p2b: Kangaskhan|37/100|[from] Recoil\n|\n|upkeep\n|\n|t:|1776242605\n|switch|p2a: Incineroar|Incineroar, L50, M|40/100\n|switch|p1b: Floette|Floette-Eternal, L50, F|100/100\n|-enditem|p2a: Incineroar|Sitrus Berry|[eat]\n|-heal|p2a: Incineroar|65/100|[from] item: Sitrus Berry\n|-ability|p2a: Incineroar|Intimidate|boost\n|-unboost|p1a: Sneasler|atk|1\n|-unboost|p1b: Floette|atk|1\n|turn|7\n|\n|t:|1776242616\n|move|p1a: Sneasler|Protect|p1a: Sneasler\n|-singleturn|p1a: Sneasler|Protect\n|move|p1b: Floette|Protect|p1b: Floette\n|-singleturn|p1b: Floette|Protect\n|move|p2a: Incineroar|Fake Out|p1b: Floette\n|-activate|p1b: Floette|move: Protect\n|move|p2b: Kangaskhan|Double-Edge|p1b: Floette\n|-activate|p1b: Floette|move: Protect\n|\n|upkeep\n|turn|8\n|inactive|Terypagos has 30 seconds left.\n|inactive|DonkeyVGCP has 30 seconds left.\n|inactive|DonkeyVGCP has 20 seconds left.\n|inactive|DonkeyVGCP has 15 seconds left.\n|inactive|DonkeyVGCP has 10 seconds left.\n|inactive|DonkeyVGCP has 5 seconds left.\n|\n|t:|1776242671\n|detailschange|p1b: Floette|Floette-Mega, L50, F\n|-mega|p1b: Floette|Floette|Floettite\n|-ability|p1b: Floette|Fairy Aura\n|move|p1a: Sneasler|Close Combat|p2b: Kangaskhan\n|-supereffective|p2b: Kangaskhan|1\n|-damage|p2b: Kangaskhan|0 fnt\n|-unboost|p1a: Sneasler|def|1\n|-unboost|p1a: Sneasler|spd|1\n|faint|p2b: Kangaskhan\n|move|p1b: Floette|Moonblast|p2a: Incineroar\n|-crit|p2a: Incineroar\n|-damage|p2a: Incineroar|0 fnt\n|faint|p2a: Incineroar\n|\n|upkeep\n|inactive|DonkeyVGCP has 30 seconds left.\n|inactive|DonkeyVGCP has 20 seconds left.\n|inactive|DonkeyVGCP has 15 seconds left.\n|inactive|DonkeyVGCP has 10 seconds left.\n|inactive|DonkeyVGCP has 5 seconds left.\n|\n|t:|1776242726\n|switch|p2a: Basculegion|Basculegion, L50, M, shiny|46/100\n|turn|9\n|inactive|DonkeyVGCP has 30 seconds left.\n|inactive|DonkeyVGCP has 20 seconds left.\n|inactive|DonkeyVGCP has 15 seconds left.\n|inactive|DonkeyVGCP has 10 seconds left.\n|inactive|DonkeyVGCP has 5 seconds left.\n|\n|t:|1776242781\n|move|p1a: Sneasler|Rock Tomb|p2a: Basculegion\n|-damage|p2a: Basculegion|25/100\n|-unboost|p2a: Basculegion|spe|1\n|move|p1b: Floette|Moonblast|p2a: Basculegion\n|-damage|p2a: Basculegion|0 fnt\n|faint|p2a: Basculegion\n|\n|win|Terypagos\n|raw|Terypagos's rating: 1310 &rarr; <strong>1329</strong><br />(+19 for winning)\n|raw|DonkeyVGCP's rating: 1295 &rarr; <strong>1271</strong><br />(-24 for losing)\n",
  "uploadtime": 1776242800,
  "views": 26,
  "formatid": "gen9championsvgc2026regma",
  "rating": 1271,
  "private": 0,
  "password": null
}