{
  "id": "gen9championsvgc2026regma-2580751471",
  "format": "[Gen 9 Champions] VGC 2026 Reg M-A",
  "players": [
    "Tuypolo",
    "pazok"
  ],
  "log": "|j|\u2606Tuypolo\n|j|\u2606pazok\n|t:|1775929528\n|gametype|doubles\n|player|p1|Tuypolo|265|1063\n|player|p2|pazok|2|1040\n|gen|9\n|tier|[Gen 9 Champions] VGC 2026 Reg M-A\n|rated|\n|rule|Species Clause: Limit one of each Pok\u00e9mon\n|rule|Item Clause: Limit 1 of each item\n|clearpoke\n|poke|p1|Froslass, L50, F|\n|poke|p1|Whimsicott, L50, M|\n|poke|p1|Arcanine-Hisui, L50, M|\n|poke|p1|Kingambit, L50, F|\n|poke|p1|Kommo-o, L50, M|\n|poke|p1|Rotom-Wash, L50|\n|poke|p2|Starmie, L50|\n|poke|p2|Pelipper, L50, F|\n|poke|p2|Dragonite, L50, M|\n|poke|p2|Archaludon, L50, M|\n|poke|p2|Incineroar, L50, F|\n|poke|p2|Sinistcha, L50|\n|teampreview|4\n|j| sasu123\n|c|\u2606Tuypolo|gl hf\nTuypolo rejected open team sheets.\n|c|\u2606pazok|gl hf :D\n|inactive|Battle timer is ON: inactive players will automatically lose when time's up. (requested by Tuypolo)\n|inactive|Tuypolo has 60 seconds left.\n|inactive|Tuypolo has 30 seconds left.\n|inactive|Tuypolo has 20 seconds left.\n|\n|t:|1775929644\n|teamsize|p1|4\n|teamsize|p2|4\n|start\n|switch|p1a: Rotom|Rotom-Wash, L50|100/100\n|switch|p1b: Kingambit|Kingambit, L50, F|100/100\n|switch|p2a: Pelipper|Pelipper, L50, F|100/100\n|switch|p2b: Starmie|Starmie, L50|100/100\n|-weather|RainDance|[from] ability: Drizzle|[of] p2a: Pelipper\n|turn|1\n|inactive|pazok has 30 seconds left.\n|inactive|pazok has 20 seconds left.\n|inactiveoff|Battle timer is now OFF.\n|\n|t:|1775929686\n|switch|p2b: Archaludon|Archaludon, L50, M|100/100\n|move|p2a: Pelipper|Weather Ball|p1b: Kingambit\n|-damage|p1b: Kingambit|40/100\n|move|p1a: Rotom|Will-O-Wisp|p2b: Archaludon\n|-status|p2b: Archaludon|brn\n|move|p1b: Kingambit|Swords Dance|p1b: Kingambit\n|-boost|p1b: Kingambit|atk|2\n|\n|-weather|RainDance|[upkeep]\n|-damage|p2b: Archaludon|94/100 brn|[from] brn\n|upkeep\n|turn|2\n|\n|t:|1775929723\n|move|p1b: Kingambit|Protect|p1b: Kingambit\n|-singleturn|p1b: Kingambit|Protect\n|move|p2b: Archaludon|Electro Shot||[still]\n|-prepare|p2b: Archaludon|Electro Shot\n|-boost|p2b: Archaludon|spa|1\n|-anim|p2b: Archaludon|Electro Shot|p1b: Kingambit\n|-activate|p1b: Kingambit|move: Protect\n|move|p2a: Pelipper|Tailwind|p2a: Pelipper\n|-sidestart|p2: pazok|move: Tailwind\n|move|p1a: Rotom|Thunderbolt|p2a: Pelipper\n|-supereffective|p2a: Pelipper|2\n|-damage|p2a: Pelipper|0 fnt\n|faint|p2a: Pelipper\n|\n|-weather|RainDance|[upkeep]\n|-damage|p2b: Archaludon|88/100 brn|[from] brn\n|upkeep\n|\n|t:|1775929741\n|switch|p2a: Starmie|Starmie, L50|100/100\n|turn|3\n|\n|t:|1775929780\n|switch|p2a: Incineroar|Incineroar, L50, F|100/100\n|-ability|p2a: Incineroar|Intimidate|boost\n|-unboost|p1a: Rotom|atk|1\n|-unboost|p1b: Kingambit|atk|1\n|-ability|p1b: Kingambit|Defiant|boost\n|-boost|p1b: Kingambit|atk|2\n|move|p1b: Kingambit|Sucker Punch||[still]\n|-fail|p1b: Kingambit\n|move|p2b: Archaludon|Electro Shot||[still]\n|-prepare|p2b: Archaludon|Electro Shot\n|-boost|p2b: Archaludon|spa|1\n|-anim|p2b: Archaludon|Electro Shot|p1b: Kingambit\n|-damage|p1b: Kingambit|0 fnt\n|faint|p1b: Kingambit\n|move|p1a: Rotom|Thunderbolt|p2a: Incineroar\n|-damage|p2a: Incineroar|60/100\n|\n|-weather|RainDance|[upkeep]\n|-damage|p2b: Archaludon|82/100 brn|[from] brn\n|upkeep\n|\n|t:|1775929797\n|switch|p1b: Froslass|Froslass, L50, F|100/100\n|turn|4\n|\n|t:|1775929830\n|detailschange|p1b: Froslass|Froslass-Mega, L50, F\n|-mega|p1b: Froslass|Froslass|Froslassite\n|-weather|Snowscape|[from] ability: Snow Warning|[of] p1b: Froslass\n|move|p2a: Incineroar|Fake Out|p1a: Rotom\n|-damage|p1a: Rotom|85/100\n|move|p2b: Archaludon|Flash Cannon|p1b: Froslass\n|-supereffective|p1b: Froslass|1\n|-damage|p1b: Froslass|0 fnt\n|faint|p1b: Froslass\n|cant|p1a: Rotom|flinch\n|\n|-weather|Snowscape|[upkeep]\n|-damage|p2b: Archaludon|76/100 brn|[from] brn\n|upkeep\n|\n|t:|1775929842\n|switch|p1b: Kommo-o|Kommo-o, L50, M|100/100\n|turn|5\n|\n|t:|1775929858\n|move|p2b: Archaludon|Dragon Pulse|p1b: Kommo-o\n|-supereffective|p1b: Kommo-o|1\n|-damage|p1b: Kommo-o|0 fnt\n|faint|p1b: Kommo-o\n|move|p2a: Incineroar|Parting Shot|p1a: Rotom\n|-unboost|p1a: Rotom|atk|1\n|-unboost|p1a: Rotom|spa|1\n|\n|t:|1775929865\n|switch|p2a: Starmie|Starmie, L50|100/100|[from] Parting Shot\n|move|p1a: Rotom|Hydro Pump|p2a: Starmie\n|-resisted|p2a: Starmie|1\n|-damage|p2a: Starmie|82/100\n|\n|-weather|Snowscape|[upkeep]\n|-damage|p2b: Archaludon|70/100 brn|[from] brn\n|-sideend|p2: pazok|move: Tailwind\n|upkeep\n|turn|6\n|c|\u2606Tuypolo|gg\n|-message|Tuypolo forfeited.\n|\n|win|pazok\n|raw|Tuypolo's rating: 1063 &rarr; <strong>1042</strong><br />(-21 for losing)\n|raw|pazok's rating: 1040 &rarr; <strong>1076</strong><br />(+36 for winning)\n|c|\u2606pazok|gg\n",
  "uploadtime": 1775930018,
  "views": 11,
  "formatid": "gen9championsvgc2026regma",
  "rating": 1042,
  "private": 0,
  "password": null
}