{
  "id": "gen9championsvgc2026regma-2584216301",
  "format": "[Gen 9 Champions] VGC 2026 Reg M-A",
  "players": [
    "LeonQAQ",
    "GoldenFreddy00"
  ],
  "log": "|j|\u2606LeonQAQ\n|j|\u2606GoldenFreddy00\n|t:|1776239305\n|gametype|doubles\n|player|p1|LeonQAQ|169|1132\n|player|p2|GoldenFreddy00|acerola|1034\n|gen|9\n|tier|[Gen 9 Champions] VGC 2026 Reg M-A\n|rated|\n|rule|Species Clause: Limit one of each Pok\u00e9mon\n|rule|Item Clause: Limit 1 of each item\n|clearpoke\n|poke|p1|Floette-Eternal, L50, F|\n|poke|p1|Kingambit, L50, M|\n|poke|p1|Sinistcha, L50|\n|poke|p1|Incineroar, L50, M|\n|poke|p1|Rotom-Wash, L50|\n|poke|p1|Garchomp, L50, M|\n|poke|p2|Oranguru, L50, M|\n|poke|p2|Espathra, L50, M|\n|poke|p2|Whimsicott, L50, M|\n|poke|p2|Kingambit, L50, M|\n|poke|p2|Glalie, L50, M|\n|poke|p2|Hawlucha, L50, M|\n|teampreview|4\n|\n|t:|1776239322\n|teamsize|p1|4\n|teamsize|p2|4\n|start\n|switch|p1a: Floette|Floette-Eternal, L50, F|100/100\n|switch|p1b: Sinistcha|Sinistcha, L50|100/100\n|switch|p2a: Oranguru|Oranguru, L50, M|100/100\n|switch|p2b: Hawlucha|Hawlucha, L50, M|100/100\n|turn|1\n|\n|t:|1776239338\n|detailschange|p2b: Hawlucha|Hawlucha-Mega, L50, M\n|-mega|p2b: Hawlucha|Hawlucha|Hawluchanite\n|detailschange|p1a: Floette|Floette-Mega, L50, F\n|-mega|p1a: Floette|Floette|Floettite\n|-ability|p1a: Floette|Fairy Aura\n|move|p2b: Hawlucha|Protect|p2b: Hawlucha\n|-singleturn|p2b: Hawlucha|Protect\n|move|p1b: Sinistcha|Rage Powder|p1b: Sinistcha\n|-singleturn|p1b: Sinistcha|move: Rage Powder\n|move|p1a: Floette|Dazzling Gleam|p2b: Hawlucha|[spread] p2a\n|-activate|p2b: Hawlucha|move: Protect\n|-damage|p2a: Oranguru|65/100\n|move|p2a: Oranguru|Trick Room|p2a: Oranguru\n|-fieldstart|move: Trick Room|[of] p2a: Oranguru\n|\n|upkeep\n|turn|2\n|\n|t:|1776239359\n|switch|p2a: Glalie|Glalie, L50, M|100/100\n|move|p1b: Sinistcha|Rage Powder|p1b: Sinistcha\n|-singleturn|p1b: Sinistcha|move: Rage Powder\n|move|p1a: Floette|Dazzling Gleam|p2a: Glalie|[spread] p2a,p2b\n|-supereffective|p2b: Hawlucha|1\n|-damage|p2a: Glalie|57/100\n|-damage|p2b: Hawlucha|6/100\n|move|p2b: Hawlucha|Entrainment|p1b: Sinistcha\n|-ability|p1b: Sinistcha|No Guard|Heatproof|[from] move: Entrainment|[of] p2b: Hawlucha\n|\n|-ability|p2a: Glalie|Moody|boost\n|-boost|p2a: Glalie|spa|2\n|-unboost|p2a: Glalie|spe|1\n|upkeep\n|turn|3\n|\n|t:|1776239383\n|move|p1b: Sinistcha|Rage Powder|p1b: Sinistcha\n|-singleturn|p1b: Sinistcha|move: Rage Powder\n|move|p2a: Glalie|Sheer Cold|p1b: Sinistcha\n|-damage|p1b: Sinistcha|0 fnt\n|faint|p1b: Sinistcha\n|-ohko\n|move|p1a: Floette|Dazzling Gleam|p2a: Glalie|[spread] p2a,p2b\n|-supereffective|p2b: Hawlucha|1\n|-damage|p2a: Glalie|8/100\n|-damage|p2b: Hawlucha|0 fnt\n|faint|p2b: Hawlucha\n|\n|-ability|p2a: Glalie|Moody|boost\n|-boost|p2a: Glalie|spe|2\n|-unboost|p2a: Glalie|def|1\n|upkeep\n|\n|t:|1776239400\n|switch|p1b: Rotom|Rotom-Wash, L50|100/100\n|switch|p2b: Kingambit|Kingambit, L50, M|100/100\n|-activate|p2b: Kingambit|ability: Supreme Overlord\n|-start|p2b: Kingambit|fallen1|[silent]\n|turn|4\n|\n|t:|1776239412\n|move|p1a: Floette|Protect|p1a: Floette\n|-singleturn|p1a: Floette|Protect\n|move|p2b: Kingambit|Iron Head|p1a: Floette\n|-activate|p1a: Floette|move: Protect\n|move|p1b: Rotom|Will-O-Wisp|p2b: Kingambit\n|-status|p2b: Kingambit|brn\n|move|p2a: Glalie|Double Team|p2a: Glalie\n|-boost|p2a: Glalie|evasion|1\n|\n|-damage|p2b: Kingambit|95/100 brn|[from] brn\n|-ability|p2a: Glalie|Moody|boost\n|-boost|p2a: Glalie|def|2\n|-unboost|p2a: Glalie|spe|1\n|upkeep\n|turn|5\n|\n|t:|1776239436\n|switch|p1a: Garchomp|Garchomp, L50, M|100/100\n|move|p2b: Kingambit|Iron Head|p1a: Garchomp\n|-damage|p1a: Garchomp|79/100\n|-damage|p2b: Kingambit|83/100 brn|[from] ability: Rough Skin|[of] p1a: Garchomp\n|move|p2a: Glalie|Sheer Cold|p1b: Rotom|[miss]\n|-miss|p2a: Glalie|p1b: Rotom\n|move|p1b: Rotom|Thunderbolt|p2a: Glalie\n|-damage|p2a: Glalie|0 fnt\n|faint|p2a: Glalie\n|\n|-damage|p2b: Kingambit|77/100 brn|[from] brn\n|-fieldend|move: Trick Room\n|upkeep\n|\n|t:|1776239452\n|switch|p2a: Oranguru|Oranguru, L50, M|65/100\n|turn|6\n|\n|t:|1776239463\n|move|p1a: Garchomp|Earthquake|p2a: Oranguru|[spread] p2a,p2b\n|-immune|p1b: Rotom|[from] ability: Levitate\n|-supereffective|p2b: Kingambit|1\n|-damage|p2a: Oranguru|27/100\n|-damage|p2b: Kingambit|19/100 brn\n|move|p1b: Rotom|Thunderbolt|p2b: Kingambit\n|-damage|p2b: Kingambit|0 fnt\n|faint|p2b: Kingambit\n|-end|p2b: Kingambit|fallen1|[silent]\n|move|p2a: Oranguru|Instruct|p2: Kingambit|[notarget]\n|-fail|p2a: Oranguru\n|\n|upkeep\n|turn|7\n|-message|GoldenFreddy00 forfeited.\n|\n|win|LeonQAQ\n|raw|LeonQAQ's rating: 1132 &rarr; <strong>1150</strong><br />(+18 for winning)\n|raw|GoldenFreddy00's rating: 1034 &rarr; <strong>1023</strong><br />(-11 for losing)\n|l|\u2606GoldenFreddy00\n|player|p2|\n",
  "uploadtime": 1776239580,
  "views": 24,
  "formatid": "gen9championsvgc2026regma",
  "rating": 1023,
  "private": 0,
  "password": null
}