{
  "id": "gen9championsvgc2026regma-2583160975",
  "format": "[Gen 9 Champions] VGC 2026 Reg M-A",
  "players": [
    "caustic soda",
    "SpeakMalarkey"
  ],
  "log": "|j|\u2606caustic soda\n|j|\u2606SpeakMalarkey\n|t:|1776149439\n|gametype|doubles\n|player|p1|caustic soda|102|1118\n|player|p2|SpeakMalarkey|roxie|1096\n|gen|9\n|tier|[Gen 9 Champions] VGC 2026 Reg M-A\n|rated|\n|rule|Species Clause: Limit one of each Pok\u00e9mon\n|rule|Item Clause: Limit 1 of each item\n|clearpoke\n|poke|p1|Chandelure, L50, F|\n|poke|p1|Charizard, L50, M|\n|poke|p1|Raichu, L50, F|\n|poke|p1|Garchomp, L50, M|\n|poke|p1|Torkoal, L50, F|\n|poke|p1|Mimikyu, L50, F|\n|poke|p2|Starmie, L50|\n|poke|p2|Tyranitar, L50, F|\n|poke|p2|Garchomp, L50, M|\n|poke|p2|Aerodactyl, L50, F|\n|poke|p2|Rotom-Heat, L50|\n|poke|p2|Aegislash, L50, F|\n|teampreview|4\n|c|\u2606SpeakMalarkey|glhf\n|inactive|Battle timer is ON: inactive players will automatically lose when time's up. (requested by SpeakMalarkey)\n|\n|t:|1776149481\n|teamsize|p1|4\n|teamsize|p2|4\n|start\n|switch|p1a: Raichu|Raichu, L50, F, shiny|100/100\n|switch|p1b: Mimikyu|Mimikyu, L50, F|100/100\n|switch|p2a: John Doe|Starmie, L50|100/100\n|switch|p2b: Ticklemonster|Garchomp, L50, M|100/100\n|turn|1\n|inactive|SpeakMalarkey has 30 seconds left.\n|inactive|SpeakMalarkey has 20 seconds left.\n|inactive|SpeakMalarkey has 15 seconds left.\n|inactive|SpeakMalarkey has 10 seconds left.\n|\n|t:|1776149527\n|move|p2a: John Doe|Protect|p2a: John Doe\n|-singleturn|p2a: John Doe|Protect\n|move|p1a: Raichu|Fake Out|p2a: John Doe\n|-activate|p2a: John Doe|move: Protect\n|move|p2b: Ticklemonster|Earthquake|p1a: Raichu|[spread] p1a,p1b\n|-activate|p2a: John Doe|move: Protect\n|-supereffective|p1a: Raichu|1\n|-enditem|p1a: Raichu|Focus Sash\n|-damage|p1a: Raichu|1/100\n|-activate|p1b: Mimikyu|ability: Disguise\n|-damage|p1b: Mimikyu|100/100\n|detailschange|p1b: Mimikyu|Mimikyu-Busted, L50, F\n|-damage|p1b: Mimikyu|88/100|[from] pokemon: Mimikyu-Busted\n|move|p1b: Mimikyu|Trick Room|p1b: Mimikyu\n|-fieldstart|move: Trick Room|[of] p1b: Mimikyu\n|\n|upkeep\n|turn|2\n|inactive|caustic soda has 30 seconds left.\n|inactive|SpeakMalarkey has 30 seconds left.\n|\n|t:|1776149557\n|switch|p2b: Sonic|Tyranitar, L50, F|100/100\n|-weather|Sandstorm|[from] ability: Sand Stream|[of] p2b: Sonic\n|detailschange|p2a: John Doe|Starmie-Mega, L50\n|-mega|p2a: John Doe|Starmie|Starminite\n|move|p1b: Mimikyu|Play Rough|p2b: Sonic|[miss]\n|-miss|p1b: Mimikyu|p2b: Sonic\n|move|p1a: Raichu|Volt Switch|p2a: John Doe\n|-supereffective|p2a: John Doe|1\n|-damage|p2a: John Doe|25/100\n|\n|t:|1776149571\n|switch|p1a: Torkoal|Torkoal, L50, F|100/100|[from] Volt Switch\n|-weather|SunnyDay|[from] ability: Drought|[of] p1a: Torkoal\n|move|p2a: John Doe|Skill Swap|p2b: Sonic\n|-activate|p2a: John Doe|Skill Swap|||[of] p2b: Sonic\n|-weather|Sandstorm|[from] ability: Sand Stream|[of] p2a: John Doe\n|\n|-weather|Sandstorm|[upkeep]\n|-damage|p1a: Torkoal|94/100|[from] Sandstorm\n|-damage|p1b: Mimikyu|82/100|[from] Sandstorm\n|-damage|p2a: John Doe|19/100|[from] Sandstorm\n|upkeep\n|turn|3\n|inactive|caustic soda has 30 seconds left.\n|\n|t:|1776149599\n|switch|p1a: Raichu|Raichu, L50, F, shiny|1/100\n|move|p1b: Mimikyu|Play Rough|p2b: Sonic\n|-supereffective|p2b: Sonic|1\n|-damage|p2b: Sonic|24/100\n|move|p2b: Sonic|Knock Off|p1b: Mimikyu\n|-damage|p1b: Mimikyu|0 fnt\n|-enditem|p1b: Mimikyu|Mental Herb|[from] move: Knock Off|[of] p2b: Sonic\n|faint|p1b: Mimikyu\n|move|p2a: John Doe|Liquidation|p1a: Raichu\n|-damage|p1a: Raichu|0 fnt\n|faint|p1a: Raichu\n|\n|-weather|Sandstorm|[upkeep]\n|-damage|p2a: John Doe|13/100|[from] Sandstorm\n|upkeep\n|\n|t:|1776149615\n|switch|p1b: Garchomp|Garchomp, L50, M, shiny|100/100\n|switch|p1a: Torkoal|Torkoal, L50, F|94/100\n|-weather|SunnyDay|[from] ability: Drought|[of] p1a: Torkoal\n|turn|4\n|\n|t:|1776149634\n|move|p2a: John Doe|Protect|p2a: John Doe\n|-singleturn|p2a: John Doe|Protect\n|move|p1a: Torkoal|Eruption|p2b: Sonic|[spread] p2b\n|-activate|p2a: John Doe|move: Protect\n|-resisted|p2b: Sonic|1\n|-damage|p2b: Sonic|0 fnt\n|faint|p2b: Sonic\n|move|p1b: Garchomp|Dragon Claw|p2a: John Doe\n|-activate|p2a: John Doe|move: Protect\n|\n|-weather|SunnyDay|[upkeep]\n|upkeep\n|\n|t:|1776149650\n|switch|p2b: Ironclaude|Aegislash, L50, F|100/100\n|turn|5\n|\n|t:|1776149675\n|move|p2b: Ironclaude|Wide Guard|p2b: Ironclaude\n|-singleturn|p2b: Ironclaude|Wide Guard\n|move|p1a: Torkoal|Weather Ball|p2b: Ironclaude\n|-supereffective|p2b: Ironclaude|1\n|-damage|p2b: Ironclaude|0 fnt\n|faint|p2b: Ironclaude\n|move|p1b: Garchomp|Dragon Claw|p2a: John Doe\n|-damage|p2a: John Doe|0 fnt\n|faint|p2a: John Doe\n|\n|-weather|SunnyDay|[upkeep]\n|-fieldend|move: Trick Room\n|upkeep\n|c|\u2606SpeakMalarkey|gg\n|-message|SpeakMalarkey forfeited.\n|\n|win|caustic soda\n|raw|caustic soda's rating: 1118 &rarr; <strong>1141</strong><br />(+23 for winning)\n|raw|SpeakMalarkey's rating: 1096 &rarr; <strong>1073</strong><br />(-23 for losing)\n|l|\u2606SpeakMalarkey\n|player|p2|\n",
  "uploadtime": 1776149704,
  "views": 33,
  "formatid": "gen9championsvgc2026regma",
  "rating": 1073,
  "private": 0,
  "password": null
}