{
  "id": "gen9championsvgc2026regma-2580840432",
  "format": "[Gen 9 Champions] VGC 2026 Reg M-A",
  "players": [
    "Em1l10",
    "AgsAllDay12"
  ],
  "log": "|j|\u2606Em1l10\n|j|\u2606AgsAllDay12\n|t:|1775936786\n|gametype|doubles\n|player|p1|Em1l10|nate|1047\n|player|p2|AgsAllDay12|265|1000\n|gen|9\n|tier|[Gen 9 Champions] VGC 2026 Reg M-A\n|rated|\n|rule|Species Clause: Limit one of each Pok\u00e9mon\n|rule|Item Clause: Limit 1 of each item\n|clearpoke\n|poke|p1|Charizard, L50, F|\n|poke|p1|Venusaur, L50, F|\n|poke|p1|Greninja-*, L50, F|\n|poke|p1|Whimsicott, L50, F|\n|poke|p1|Sneasler, L50, F|\n|poke|p1|Gengar, L50, M|\n|poke|p2|Floette-Eternal, L50, F|\n|poke|p2|Delphox, L50, F|\n|poke|p2|Incineroar, L50, F|\n|poke|p2|Aerodactyl, L50, M|\n|poke|p2|Maushold, L50|\n|poke|p2|Garchomp, L50, F|\n|teampreview|4\n|inactive|Battle timer is ON: inactive players will automatically lose when time's up. (requested by Em1l10)\nEm1l10 rejected open team sheets.\n|\n|t:|1775936839\n|teamsize|p1|4\n|teamsize|p2|4\n|start\n|switch|p1a: Sneasler|Sneasler, L50, F|100/100\n|switch|p1b: Greninja|Greninja, L50, F|100/100\n|switch|p2a: Aerodactyl|Aerodactyl, L50, M|100/100\n|switch|p2b: Garchomp|Garchomp, L50, F|100/100\n|-ability|p2a: Aerodactyl|Unnerve\n|turn|1\n|inactive|AgsAllDay12 has 30 seconds left.\n|inactive|AgsAllDay12 has 20 seconds left.\n|inactive|AgsAllDay12 has 15 seconds left.\n|\n|t:|1775936882\n|switch|p2b: Incineroar|Incineroar, L50, F|100/100\n|-ability|p2b: Incineroar|Intimidate|boost\n|-unboost|p1a: Sneasler|atk|1\n|-unboost|p1b: Greninja|atk|1\n|-enditem|p1a: Sneasler|White Herb\n|-clearnegativeboost|p1a: Sneasler|[silent]\n|detailschange|p1b: Greninja|Greninja-Mega, L50, F\n|-mega|p1b: Greninja|Greninja|Greninjite\n|move|p1a: Sneasler|Fake Out|p2b: Incineroar\n|-damage|p2b: Incineroar|87/100\n|move|p1b: Greninja|Water Shuriken|p2a: Aerodactyl\n|-start|p1b: Greninja|typechange|Water|[from] ability: Protean\n|-supereffective|p2a: Aerodactyl|1\n|-damage|p2a: Aerodactyl|80/100\n|-supereffective|p2a: Aerodactyl|1\n|-damage|p2a: Aerodactyl|57/100\n|-supereffective|p2a: Aerodactyl|1\n|-damage|p2a: Aerodactyl|37/100\n|-hitcount|p2a: Aerodactyl|3\n|move|p2a: Aerodactyl|Tailwind|p2a: Aerodactyl\n|-sidestart|p2: AgsAllDay12|move: Tailwind\n|\n|upkeep\n|turn|2\n|inactive|AgsAllDay12 has 30 seconds left.\n|\n|t:|1775936911\n|move|p2b: Incineroar|Fake Out|p1b: Greninja\n|-damage|p1b: Greninja|81/100\n|cant|p1b: Greninja|flinch\n|move|p2a: Aerodactyl|Dual Wingbeat|p1a: Sneasler\n|-supereffective|p1a: Sneasler|1\n|-damage|p1a: Sneasler|39/100\n|-supereffective|p1a: Sneasler|1\n|-damage|p1a: Sneasler|0 fnt\n|faint|p1a: Sneasler\n|-hitcount|p1: Sneasler|2\n|\n|upkeep\n|\n|t:|1775936926\n|switch|p1a: Gengar|Gengar, L50, M|100/100\n|turn|3\n|inactive|AgsAllDay12 has 30 seconds left.\n|inactive|AgsAllDay12 has 20 seconds left.\n|\n|t:|1775936963\n|move|p1b: Greninja|Water Shuriken|p2a: Aerodactyl\n|-supereffective|p2a: Aerodactyl|1\n|-damage|p2a: Aerodactyl|14/100\n|-supereffective|p2a: Aerodactyl|1\n|-damage|p2a: Aerodactyl|0 fnt\n|faint|p2a: Aerodactyl\n|-hitcount|p2: Aerodactyl|2\n|move|p2b: Incineroar|Throat Chop|p1a: Gengar\n|-supereffective|p1a: Gengar|1\n|-enditem|p1a: Gengar|Focus Sash\n|-damage|p1a: Gengar|1/100\n|-start|p1a: Gengar|Throat Chop|[silent]\n|move|p1a: Gengar|Destiny Bond|p1a: Gengar\n|-singlemove|p1a: Gengar|Destiny Bond\n|\n|upkeep\n|inactive|AgsAllDay12 has 30 seconds left.\n|\n|t:|1775936998\n|switch|p2a: Garchomp|Garchomp, L50, F|100/100\n|turn|4\n|\n|t:|1775937016\n|switch|p2b: Delphox|Delphox, L50, F|100/100\n|move|p2a: Garchomp|Protect|p2a: Garchomp\n|-singleturn|p2a: Garchomp|Protect\n|move|p1a: Gengar|Protect|p1a: Gengar\n|-singleturn|p1a: Gengar|Protect\n|move|p1b: Greninja|Water Shuriken|p2b: Delphox\n|-supereffective|p2b: Delphox|1\n|-damage|p2b: Delphox|82/100\n|-supereffective|p2b: Delphox|1\n|-damage|p2b: Delphox|62/100\n|-supereffective|p2b: Delphox|1\n|-damage|p2b: Delphox|41/100\n|-hitcount|p2b: Delphox|3\n|\n|-end|p1a: Gengar|Throat Chop|[silent]\n|-sideend|p2: AgsAllDay12|move: Tailwind\n|upkeep\n|turn|5\n|\n|t:|1775937038\n|switch|p2b: Incineroar|Incineroar, L50, F|87/100\n|-ability|p2b: Incineroar|Intimidate|boost\n|-unboost|p1a: Gengar|atk|1\n|-unboost|p1b: Greninja|atk|1\n|move|p1b: Greninja|Water Shuriken|p2b: Incineroar\n|-supereffective|p2b: Incineroar|1\n|-damage|p2b: Incineroar|74/100\n|-supereffective|p2b: Incineroar|1\n|-damage|p2b: Incineroar|59/100\n|-supereffective|p2b: Incineroar|1\n|-damage|p2b: Incineroar|47/100\n|-enditem|p2b: Incineroar|Sitrus Berry|[eat]\n|-heal|p2b: Incineroar|71/100|[from] item: Sitrus Berry\n|-supereffective|p2b: Incineroar|1\n|-damage|p2b: Incineroar|56/100\n|-supereffective|p2b: Incineroar|1\n|-damage|p2b: Incineroar|44/100\n|-hitcount|p2b: Incineroar|5\n|move|p1a: Gengar|Destiny Bond|p1a: Gengar\n|-singlemove|p1a: Gengar|Destiny Bond\n|move|p2a: Garchomp|Earthquake|p1b: Greninja|[spread] p2b,p1a,p1b\n|-supereffective|p2b: Incineroar|1\n|-supereffective|p1a: Gengar|1\n|-damage|p2b: Incineroar|0 fnt\n|-damage|p1a: Gengar|0 fnt\n|-damage|p1b: Greninja|10/100\n|-start|p2a: Garchomp|Disable|Earthquake|[from] ability: Cursed Body|[of] p1a: Gengar\n|faint|p2b: Incineroar\n|faint|p1a: Gengar\n|-activate|p1a: Gengar|move: Destiny Bond\n|faint|p2a: Garchomp\n|\n|upkeep\n|\n|t:|1775937063\n|switch|p1a: Whimsicott|Whimsicott, L50, F|100/100\n|switch|p2b: Delphox|Delphox, L50, F|41/100\n|turn|6\n|\n|t:|1775937072\n|detailschange|p2b: Delphox|Delphox-Mega, L50, F\n|-mega|p2b: Delphox|Delphox|Delphoxite\n|move|p1b: Greninja|Water Shuriken|p2b: Delphox\n|-supereffective|p2b: Delphox|1\n|-damage|p2b: Delphox|26/100\n|-supereffective|p2b: Delphox|1\n|-damage|p2b: Delphox|11/100\n|-supereffective|p2b: Delphox|1\n|-damage|p2b: Delphox|0 fnt\n|faint|p2b: Delphox\n|-hitcount|p2: Delphox|3\n|\n|win|Em1l10\n",
  "uploadtime": 1775936789,
  "views": 14,
  "formatid": "gen9championsvgc2026regma",
  "rating": null,
  "private": 0,
  "password": null
}