{
  "id": "gen9championsvgc2026regma-2581062617",
  "format": "[Gen 9 Champions] VGC 2026 Reg M-A",
  "players": [
    "ferenainexi",
    "Hindrex86"
  ],
  "log": "|j|\u2606ferenainexi\n|j|\u2606Hindrex86\n|t:|1775956315\n|gametype|doubles\n|player|p1|ferenainexi|scientistf|1076\n|player|p2|Hindrex86|169|1089\n|gen|9\n|tier|[Gen 9 Champions] VGC 2026 Reg M-A\n|rated|\n|rule|Species Clause: Limit one of each Pok\u00e9mon\n|rule|Item Clause: Limit 1 of each item\n|clearpoke\n|poke|p1|Pinsir, L50, M|\n|poke|p1|Heracross, L50, F|\n|poke|p1|Vivillon, L50, M|\n|poke|p1|Orthworm, L50, F|\n|poke|p1|Kleavor, L50, M|\n|poke|p1|Clawitzer, L50, M|\n|poke|p2|Garchomp, L50, F|\n|poke|p2|Corviknight, L50, F|\n|poke|p2|Gengar, L50, M|\n|poke|p2|Whimsicott, L50, M|\n|poke|p2|Incineroar, L50, M|\n|poke|p2|Charizard, L50, F|\n|teampreview|4\nferenainexi rejected open team sheets.\n|inactive|Battle timer is ON: inactive players will automatically lose when time's up. (requested by ferenainexi)\n|\n|t:|1775956387\n|teamsize|p1|4\n|teamsize|p2|4\n|start\n|switch|p1a: Vivillon|Vivillon, L50, M|100/100\n|switch|p1b: Kleavor|Kleavor, L50, M|100/100\n|switch|p2a: Incineroar|Incineroar, L50, M|100/100\n|switch|p2b: Corviknight|Corviknight, L50, F|100/100\n|-ability|p2a: Incineroar|Intimidate|boost\n|-unboost|p1a: Vivillon|atk|1\n|-unboost|p1b: Kleavor|atk|1\n|turn|1\n|inactive|Hindrex86 has 30 seconds left.\n|\n|t:|1775956421\n|move|p1a: Vivillon|Sleep Powder|p2b: Corviknight\n|-status|p2b: Corviknight|slp|[from] move: Sleep Powder\n|move|p1b: Kleavor|Stone Axe|p2a: Incineroar\n|-supereffective|p2a: Incineroar|1\n|-damage|p2a: Incineroar|28/100\n|-sidestart|p2: Hindrex86|move: Stealth Rock\n|cant|p2b: Corviknight|slp\n|move|p2a: Incineroar|Flare Blitz|p1a: Vivillon\n|-supereffective|p1a: Vivillon|1\n|-enditem|p1a: Vivillon|Focus Sash\n|-damage|p1a: Vivillon|1/100\n|-damage|p2a: Incineroar|3/100|[from] Recoil\n|\n|-heal|p2a: Incineroar|9/100|[from] item: Leftovers\n|upkeep\n|turn|2\n|inactive|Hindrex86 has 30 seconds left.\n|\n|t:|1775956453\n|move|p1a: Vivillon|Tailwind|p1a: Vivillon\n|-sidestart|p1: ferenainexi|move: Tailwind\n|move|p1b: Kleavor|Stone Axe|p2a: Incineroar\n|-supereffective|p2a: Incineroar|1\n|-damage|p2a: Incineroar|0 fnt\n|faint|p2a: Incineroar\n|cant|p2b: Corviknight|slp\n|\n|upkeep\n|\n|t:|1775956466\n|switch|p2a: Charizard|Charizard, L50, F|100/100\n|-damage|p2a: Charizard|51/100|[from] Stealth Rock\n|turn|3\n|inactive|Hindrex86 has 30 seconds left.\n|\n|t:|1775956491\n|move|p1a: Vivillon|Sleep Powder|p2a: Charizard\n|-status|p2a: Charizard|slp|[from] move: Sleep Powder\n|move|p1b: Kleavor|Rock Slide|p2b: Corviknight|[spread] p2a,p2b\n|-supereffective|p2a: Charizard|2\n|-crit|p2b: Corviknight\n|-damage|p2a: Charizard|0 fnt\n|-damage|p2b: Corviknight|68/100 slp\n|faint|p2a: Charizard\n|-curestatus|p2b: Corviknight|slp|[msg]\n|move|p2b: Corviknight|Brave Bird|p1a: Vivillon\n|-supereffective|p1a: Vivillon|1\n|-damage|p1a: Vivillon|0 fnt\n|faint|p1a: Vivillon\n|-damage|p2b: Corviknight|67/100|[from] Recoil\n|\n|upkeep\n|inactive|Hindrex86 has 30 seconds left.\n|\n|t:|1775956519\n|switch|p1a: Clawitzer|Clawitzer, L50, M|100/100\n|switch|p2a: Whimsicott|Whimsicott, L50, M|100/100\n|-damage|p2a: Whimsicott|89/100|[from] Stealth Rock\n|turn|4\n|inactive|Hindrex86 has 30 seconds left.\n|inactive|Hindrex86 has 20 seconds left.\n|inactive|Hindrex86 has 15 seconds left.\n|-activate|p1a: Clawitzer|item: Quick Claw\n|\n|t:|1775956562\n|move|p1a: Clawitzer|Ice Beam|p2a: Whimsicott\n|-supereffective|p2a: Whimsicott|1\n|-damage|p2a: Whimsicott|0 fnt\n|faint|p2a: Whimsicott\n|move|p1b: Kleavor|Rock Slide|p2b: Corviknight\n|-damage|p2b: Corviknight|45/100\n|-enditem|p2b: Corviknight|Sitrus Berry|[eat]\n|-heal|p2b: Corviknight|70/100|[from] item: Sitrus Berry\n|cant|p2b: Corviknight|flinch\n|\n|upkeep\n|turn|5\n|c|\u2606ferenainexi|im so sorry\n|\n|t:|1775956580\n|move|p1b: Kleavor|Stone Axe|p2b: Corviknight\n|-damage|p2b: Corviknight|40/100\n|move|p1a: Clawitzer|Aura Sphere|p2b: Corviknight\n|-damage|p2b: Corviknight|0 fnt\n|faint|p2b: Corviknight\n|\n|win|ferenainexi\n|raw|ferenainexi's rating: 1076 &rarr; <strong>1106</strong><br />(+30 for winning)\n|raw|Hindrex86's rating: 1089 &rarr; <strong>1065</strong><br />(-24 for losing)\n",
  "uploadtime": 1775956588,
  "views": 23,
  "formatid": "gen9championsvgc2026regma",
  "rating": 1065,
  "private": 0,
  "password": null
}