{
  "id": "gen9championsvgc2026regma-2581012833",
  "format": "[Gen 9 Champions] VGC 2026 Reg M-A",
  "players": [
    "danz12",
    "forgottenbladelost"
  ],
  "log": "|j|\u2606danz12\n|j|\u2606forgottenbladelost\n|t:|1775951667\n|gametype|doubles\n|player|p1|danz12|101|1106\n|player|p2|forgottenbladelost|101|1006\n|gen|9\n|tier|[Gen 9 Champions] VGC 2026 Reg M-A\n|rated|\n|rule|Species Clause: Limit one of each Pok\u00e9mon\n|rule|Item Clause: Limit 1 of each item\n|clearpoke\n|poke|p1|Charizard, L50, M|\n|poke|p1|Venusaur, L50, M|\n|poke|p1|Incineroar, L50, M|\n|poke|p1|Whimsicott, L50, M|\n|poke|p1|Farigiraf, L50, M|\n|poke|p1|Kangaskhan, L50, F|\n|poke|p2|Lucario, L50, F|\n|poke|p2|Typhlosion-Hisui, L50, F|\n|poke|p2|Torkoal, L50, M|\n|poke|p2|Mimikyu, L50, M|\n|poke|p2|Aegislash, L50, M|\n|poke|p2|Maushold-Four, L50|\n|teampreview|4\n|inactive|Battle timer is ON: inactive players will automatically lose when time's up. (requested by danz12)\n|\n|t:|1775951675\n|teamsize|p1|4\n|teamsize|p2|4\n|start\n|switch|p1a: Drax|Charizard, L50, M|100/100\n|switch|p1b: Tigre To\u00f1o|Incineroar, L50, M|100/100\n|switch|p2a: Mimikyu|Mimikyu, L50, M|100/100\n|switch|p2b: Lucario|Lucario, L50, F|100/100\n|-ability|p1b: Tigre To\u00f1o|Intimidate|boost\n|-unboost|p2a: Mimikyu|atk|1\n|-fail|p2b: Lucario|unboost|Attack|[from] ability: Inner Focus|[of] p2b: Lucario\n|turn|1\n|\n|t:|1775951697\n|switch|p2b: Torkoal|Torkoal, L50, M|100/100\n|-weather|SunnyDay|[from] ability: Drought|[of] p2b: Torkoal\n|detailschange|p1a: Drax|Charizard-Mega-Y, L50, M\n|-mega|p1a: Drax|Charizard|Charizardite Y\n|move|p1a: Drax|Heat Wave|p2b: Torkoal|[spread] p2a,p2b\n|-resisted|p2b: Torkoal|1\n|-activate|p2a: Mimikyu|ability: Disguise\n|-damage|p2a: Mimikyu|100/100\n|-damage|p2b: Torkoal|68/100\n|detailschange|p2a: Mimikyu|Mimikyu-Busted, L50, M\n|-damage|p2a: Mimikyu|88/100|[from] pokemon: Mimikyu-Busted\n|move|p1b: Tigre To\u00f1o|Will-O-Wisp|p2a: Mimikyu|[miss]\n|-miss|p1b: Tigre To\u00f1o|p2a: Mimikyu\n|move|p2a: Mimikyu|Trick Room|p2a: Mimikyu\n|-fieldstart|move: Trick Room|[of] p2a: Mimikyu\n|\n|-weather|SunnyDay|[upkeep]\n|-heal|p2b: Torkoal|74/100|[from] item: Leftovers\n|upkeep\n|turn|2\n|inactive|forgottenbladelost has 30 seconds left.\n|\n|t:|1775951730\n|switch|p1a: Kristell|Farigiraf, L50, M|100/100\n|move|p2b: Torkoal|Iron Defense|p2b: Torkoal\n|-boost|p2b: Torkoal|def|2\n|move|p1b: Tigre To\u00f1o|Will-O-Wisp|p2a: Mimikyu\n|-status|p2a: Mimikyu|brn\n|move|p2a: Mimikyu|Shadow Claw|p1a: Kristell\n|-immune|p1a: Kristell\n|\n|-weather|SunnyDay|[upkeep]\n|-heal|p2b: Torkoal|80/100|[from] item: Leftovers\n|-damage|p2a: Mimikyu|82/100 brn|[from] brn\n|upkeep\n|turn|3\n|\n|t:|1775951751\n|move|p2b: Torkoal|Body Press|p1b: Tigre To\u00f1o\n|-supereffective|p1b: Tigre To\u00f1o|1\n|-damage|p1b: Tigre To\u00f1o|3/100\n|move|p1b: Tigre To\u00f1o|Darkest Lariat|p2a: Mimikyu\n|-damage|p2a: Mimikyu|26/100 brn\n|move|p2a: Mimikyu|Drain Punch|p1a: Kristell\n|-damage|p1a: Kristell|94/100\n|-heal|p2a: Mimikyu|31/100 brn|[from] drain|[of] p1a: Kristell\n|move|p1a: Kristell|Trick Room|p1a: Kristell\n|-fieldend|move: Trick Room\n|\n|-weather|SunnyDay|[upkeep]\n|-heal|p1a: Kristell|100/100|[from] item: Leftovers\n|-heal|p2b: Torkoal|86/100|[from] item: Leftovers\n|-damage|p2a: Mimikyu|25/100 brn|[from] brn\n|upkeep\n|turn|4\n|\n|t:|1775951769\n|move|p1b: Tigre To\u00f1o|Parting Shot|p2a: Mimikyu\n|-unboost|p2a: Mimikyu|atk|1\n|-unboost|p2a: Mimikyu|spa|1\n|\n|t:|1775951781\n|switch|p1b: Drax|Charizard-Mega-Y, L50, M|100/100|[from] Parting Shot\n|move|p1a: Kristell|Twin Beam|p2b: Torkoal\n|-damage|p2b: Torkoal|67/100\n|-damage|p2b: Torkoal|49/100\n|-hitcount|p2b: Torkoal|2\n|move|p2b: Torkoal|Body Press|p1b: Drax\n|-resisted|p1b: Drax|1\n|-damage|p1b: Drax|62/100\n|move|p2a: Mimikyu|Trick Room|p2a: Mimikyu\n|-fieldstart|move: Trick Room|[of] p2a: Mimikyu\n|\n|-weather|SunnyDay|[upkeep]\n|-heal|p2b: Torkoal|55/100|[from] item: Leftovers\n|-damage|p2a: Mimikyu|19/100 brn|[from] brn\n|upkeep\n|turn|5\n|\n|t:|1775951801\n|move|p2b: Torkoal|Body Press|p1a: Kristell\n|-damage|p1a: Kristell|52/100\n|move|p2a: Mimikyu|Shadow Claw|p1b: Drax\n|-damage|p1b: Drax|49/100\n|move|p1b: Drax|Heat Wave|p2b: Torkoal|[spread] p2a,p2b\n|-resisted|p2b: Torkoal|1\n|-damage|p2a: Mimikyu|0 fnt\n|-damage|p2b: Torkoal|22/100\n|faint|p2a: Mimikyu\n|move|p1a: Kristell|Trick Room|p1a: Kristell\n|-fieldend|move: Trick Room\n|\n|-weather|none\n|-heal|p1a: Kristell|58/100|[from] item: Leftovers\n|-heal|p2b: Torkoal|28/100|[from] item: Leftovers\n|upkeep\n|\n|t:|1775951811\n|switch|p2a: Typhlosion|Typhlosion-Hisui, L50, F|100/100\n|-item|p1a: Kristell|Leftovers|[from] ability: Frisk|[of] p2a: Typhlosion\n|-item|p1b: Drax|Charizardite Y|[from] ability: Frisk|[of] p2a: Typhlosion\n|turn|6\n|\n|t:|1775951819\n|switch|p1b: Tigre To\u00f1o|Incineroar, L50, M|3/100\n|-ability|p1b: Tigre To\u00f1o|Intimidate|boost\n|-unboost|p2a: Typhlosion|atk|1\n|-unboost|p2b: Torkoal|atk|1\n|move|p2b: Torkoal|Helping Hand|p2a: Typhlosion\n|-singleturn|p2a: Typhlosion|Helping Hand|[of] p2b: Torkoal\n|move|p2a: Typhlosion|Eruption|p1b: Tigre To\u00f1o|[spread] p1a,p1b\n|-resisted|p1b: Tigre To\u00f1o|1\n|-damage|p1a: Kristell|0 fnt\n|-damage|p1b: Tigre To\u00f1o|0 fnt\n|faint|p1a: Kristell\n|faint|p1b: Tigre To\u00f1o\n|\n|-heal|p2b: Torkoal|34/100|[from] item: Leftovers\n|upkeep\n|\n|t:|1775951821\n|switch|p1b: Pardo|Venusaur, L50, M, shiny|100/100\n|switch|p1a: Drax|Charizard-Mega-Y, L50, M|49/100\n|-weather|SunnyDay|[from] ability: Drought|[of] p1a: Drax\n|turn|7\n|\n|t:|1775951841\n|move|p2b: Torkoal|Helping Hand|p2a: Typhlosion\n|-singleturn|p2a: Typhlosion|Helping Hand|[of] p2b: Torkoal\n|move|p1b: Pardo|Earth Power|p2a: Typhlosion\n|-supereffective|p2a: Typhlosion|1\n|-damage|p2a: Typhlosion|20/100\n|move|p2a: Typhlosion|Eruption|p1b: Pardo|[spread] p1a,p1b\n|-resisted|p1a: Drax|1\n|-supereffective|p1b: Pardo|1\n|-damage|p1a: Drax|34/100\n|-damage|p1b: Pardo|38/100\n|move|p1a: Drax|Heat Wave|p2b: Torkoal|[spread] p2a\n|-miss|p1a: Drax|p2b: Torkoal\n|-resisted|p2a: Typhlosion|1\n|-damage|p2a: Typhlosion|0 fnt\n|faint|p2a: Typhlosion\n|\n|-weather|SunnyDay|[upkeep]\n|-heal|p2b: Torkoal|40/100|[from] item: Leftovers\n|upkeep\n|\n|t:|1775951854\n|switch|p2a: Lucario|Lucario, L50, F|100/100\n|turn|8\n|inactive|danz12 has 30 seconds left.\n|\n|t:|1775951889\n|detailschange|p2a: Lucario|Lucario-Mega, L50, F\n|-mega|p2a: Lucario|Lucario|Lucarionite\n|move|p1b: Pardo|Weather Ball|p2a: Lucario\n|-supereffective|p2a: Lucario|1\n|-damage|p2a: Lucario|0 fnt\n|faint|p2a: Lucario\n|move|p1a: Drax|Heat Wave|p2b: Torkoal\n|-resisted|p2b: Torkoal|1\n|-damage|p2b: Torkoal|0 fnt\n|faint|p2b: Torkoal\n|\n|win|danz12\n|raw|danz12's rating: 1106 &rarr; <strong>1124</strong><br />(+18 for winning)\n|raw|forgottenbladelost's rating: 1006 &rarr; <strong>1000</strong><br />(-6 for losing)\n|c|\u2606forgottenbladelost|GG\n",
  "uploadtime": 1775951908,
  "views": 13,
  "formatid": "gen9championsvgc2026regma",
  "rating": 1000,
  "private": 0,
  "password": null
}