{
  "id": "gen9championsvgc2026regma-2585331233",
  "format": "[Gen 9 Champions] VGC 2026 Reg M-A",
  "players": [
    "Mask4M",
    "CuccoCuddles"
  ],
  "log": "|j|\u2606Mask4M\n|j|\u2606CuccoCuddles\n|t:|1776338550\n|gametype|doubles\n|player|p1|Mask4M|101|1149\n|player|p2|CuccoCuddles|1|1104\n|gen|9\n|tier|[Gen 9 Champions] VGC 2026 Reg M-A\n|rated|\n|rule|Species Clause: Limit one of each Pok\u00e9mon\n|rule|Item Clause: Limit 1 of each item\n|clearpoke\n|poke|p1|Glimmora, L50, F|\n|poke|p1|Dragonite, L50, M|\n|poke|p1|Sneasler, L50, F|\n|poke|p1|Incineroar, L50, F|\n|poke|p1|Whimsicott, L50, F|\n|poke|p1|Rotom-Wash, L50|\n|poke|p2|Meganium, L50, F|\n|poke|p2|Maushold-Four, L50|\n|poke|p2|Pelipper, L50, F|\n|poke|p2|Basculegion, L50, M|\n|poke|p2|Orthworm, L50, F|\n|poke|p2|Incineroar, L50, F|\n|teampreview|4\n|inactive|Battle timer is ON: inactive players will automatically lose when time's up. (requested by Mask4M)\nCuccoCuddles has agreed to open team sheets.\nMask4M rejected open team sheets.\n|inactive|Mask4M has 60 seconds left.\n|\n|t:|1776338599\n|teamsize|p1|4\n|teamsize|p2|4\n|start\n|switch|p1a: Rotom|Rotom-Wash, L50|100/100\n|switch|p1b: Incineroar|Incineroar, L50, F|100/100\n|switch|p2a: Pelipper|Pelipper, L50, F|100/100\n|switch|p2b: Basculegion|Basculegion, L50, M|100/100\n|-weather|RainDance|[from] ability: Drizzle|[of] p2a: Pelipper\n|-ability|p1b: Incineroar|Intimidate|boost\n|-unboost|p2a: Pelipper|atk|1\n|-unboost|p2b: Basculegion|atk|1\n|turn|1\n|inactive|Mask4M has 30 seconds left.\n|\n|t:|1776338625\n|move|p2a: Pelipper|Protect|p2a: Pelipper\n|-singleturn|p2a: Pelipper|Protect\n|move|p1b: Incineroar|Fake Out|p2a: Pelipper\n|-activate|p2a: Pelipper|move: Protect\n|move|p2b: Basculegion|Wave Crash|p1b: Incineroar\n|-supereffective|p1b: Incineroar|1\n|-damage|p1b: Incineroar|10/100\n|-enditem|p1b: Incineroar|Sitrus Berry|[eat]\n|-heal|p1b: Incineroar|35/100|[from] item: Sitrus Berry\n|-damage|p2b: Basculegion|70/100|[from] Recoil\n|move|p1a: Rotom|Electroweb|p2b: Basculegion|[spread] p2b\n|-activate|p2a: Pelipper|move: Protect\n|-supereffective|p2b: Basculegion|1\n|-damage|p2b: Basculegion|29/100\n|-unboost|p2b: Basculegion|spe|1\n|\n|-weather|RainDance|[upkeep]\n|upkeep\n|turn|2\n|inactive|Mask4M has 30 seconds left.\n|inactive|CuccoCuddles has 30 seconds left.\n|\n|t:|1776338656\n|switch|p2b: Meganium|Meganium, L50, F|100/100\n|move|p1a: Rotom|Electroweb|p2b: Meganium|[spread] p2a,p2b\n|-supereffective|p2a: Pelipper|2\n|-resisted|p2b: Meganium|1\n|-enditem|p2a: Pelipper|Focus Sash\n|-damage|p2a: Pelipper|1/100\n|-damage|p2b: Meganium|91/100\n|-unboost|p2a: Pelipper|spe|1\n|-unboost|p2b: Meganium|spe|1\n|move|p1b: Incineroar|Throat Chop|p2a: Pelipper\n|-damage|p2a: Pelipper|0 fnt\n|faint|p2a: Pelipper\n|\n|-weather|RainDance|[upkeep]\n|upkeep\n|\n|t:|1776338672\n|switch|p2a: Basculegion|Basculegion, L50, M|29/100\n|turn|3\n|\n|t:|1776338680\n|detailschange|p2b: Meganium|Meganium-Mega, L50, F\n|-mega|p2b: Meganium|Meganium|Meganiumite\n|move|p2a: Basculegion|Flip Turn|p1b: Incineroar\n|-supereffective|p1b: Incineroar|1\n|-damage|p1b: Incineroar|0 fnt\n|faint|p1b: Incineroar\n|\n|t:|1776338687\n|switch|p2a: Maushold|Maushold-Four, L50|100/100|[from] Flip Turn\n|move|p1a: Rotom|Electroweb|p2b: Meganium|[spread] p2b\n|-miss|p1a: Rotom|p2a: Maushold\n|-resisted|p2b: Meganium|1\n|-damage|p2b: Meganium|86/100\n|-unboost|p2b: Meganium|spe|1\n|move|p2b: Meganium|Leech Seed|p1a: Rotom\n|-start|p1a: Rotom|move: Leech Seed\n|\n|-weather|RainDance|[upkeep]\n|-damage|p1a: Rotom|88/100|[from] Leech Seed|[of] p2b: Meganium\n|-heal|p2b: Meganium|94/100|[silent]\n|upkeep\n|\n|t:|1776338695\n|switch|p1b: Sneasler|Sneasler, L50, F|100/100\n|turn|4\n|\n|t:|1776338711\n|switch|p1a: Glimmora|Glimmora, L50, F|100/100\n|move|p1b: Sneasler|Fake Out|p2b: Meganium\n|-damage|p2b: Meganium|83/100\n|move|p2a: Maushold|Follow Me|p2a: Maushold\n|-singleturn|p2a: Maushold|move: Follow Me\n|cant|p2b: Meganium|flinch\n|\n|-weather|RainDance|[upkeep]\n|upkeep\n|turn|5\n|\n|t:|1776338725\n|detailschange|p1a: Glimmora|Glimmora-Mega, L50, F\n|-mega|p1a: Glimmora|Glimmora|Glimmoranite\n|move|p2a: Maushold|Follow Me|p2a: Maushold\n|-singleturn|p2a: Maushold|move: Follow Me\n|move|p1b: Sneasler|Close Combat|p2a: Maushold\n|-supereffective|p2a: Maushold|1\n|-enditem|p2a: Maushold|Chople Berry|[eat]\n|-enditem|p2a: Maushold|Chople Berry|[weaken]\n|-damage|p2a: Maushold|30/100\n|-unboost|p1b: Sneasler|def|1\n|-unboost|p1b: Sneasler|spd|1\n|-enditem|p1b: Sneasler|White Herb\n|-clearnegativeboost|p1b: Sneasler|[silent]\n|move|p1a: Glimmora|Sludge Bomb|p2a: Maushold\n|-damage|p2a: Maushold|0 fnt\n|faint|p2a: Maushold\n|move|p2b: Meganium|Dazzling Gleam|p1a: Glimmora|[spread] p1a,p1b\n|-resisted|p1a: Glimmora|1\n|-damage|p1a: Glimmora|82/100\n|-damage|p1b: Sneasler|50/100\n|\n|-weather|none\n|upkeep\n|\n|t:|1776338741\n|switch|p2a: Basculegion|Basculegion, L50, M|29/100\n|turn|6\n|\n|t:|1776338766\n|move|p1a: Glimmora|Spiky Shield|p1a: Glimmora\n|-singleturn|p1a: Glimmora|move: Protect\n|move|p2b: Meganium|Protect|p2b: Meganium\n|-singleturn|p2b: Meganium|Protect\n|move|p1b: Sneasler|Dire Claw|p2b: Meganium\n|-activate|p2b: Meganium|move: Protect\n|move|p2a: Basculegion|Last Respects|p1b: Sneasler\n|-damage|p1b: Sneasler|0 fnt\n|faint|p1b: Sneasler\n|\n|upkeep\n|\n|t:|1776338775\n|switch|p1b: Rotom|Rotom-Wash, L50|88/100\n|turn|7\n|j| Sphere_ovo\n|inactive|Mask4M has 30 seconds left.\n|\n|t:|1776338802\n|move|p1b: Rotom|Electroweb|p2a: Basculegion|[spread] p2a,p2b\n|-supereffective|p2a: Basculegion|1\n|-resisted|p2b: Meganium|1\n|-damage|p2a: Basculegion|0 fnt\n|-damage|p2b: Meganium|75/100\n|-unboost|p2b: Meganium|spe|1\n|faint|p2a: Basculegion\n|move|p1a: Glimmora|Sludge Bomb|p2b: Meganium\n|-supereffective|p2b: Meganium|2\n|-damage|p2b: Meganium|0 fnt\n|faint|p2b: Meganium\n|\n|win|Mask4M\n|raw|Mask4M's rating: 1149 &rarr; <strong>1171</strong><br />(+22 for winning)\n|raw|CuccoCuddles's rating: 1104 &rarr; <strong>1082</strong><br />(-22 for losing)\n|l|\u2606CuccoCuddles\n|player|p2|\n",
  "uploadtime": 1776338815,
  "views": 21,
  "formatid": "gen9championsvgc2026regma",
  "rating": 1082,
  "private": 0,
  "password": null
}