{
  "id": "gen9championsvgc2026regma-2585670472",
  "format": "[Gen 9 Champions] VGC 2026 Reg M-A",
  "players": [
    "ashbayleef",
    "lordjeff911"
  ],
  "log": "|j|\u2606ashbayleef\n|j|\u2606lordjeff911\n|t:|1776362565\n|gametype|doubles\n|player|p1|ashbayleef|dragontamer|1005\n|player|p2|lordjeff911|170|1000\n|gen|9\n|tier|[Gen 9 Champions] VGC 2026 Reg M-A\n|rated|\n|rule|Species Clause: Limit one of each Pok\u00e9mon\n|rule|Item Clause: Limit 1 of each item\n|clearpoke\n|poke|p1|Meganium, L50, F|\n|poke|p1|Dragapult, L50, M|\n|poke|p1|Glimmora, L50, F|\n|poke|p1|Dragonite, L50, M|\n|poke|p1|Blastoise, L50, M|\n|poke|p1|Mudsdale, L50, M|\n|poke|p2|Trevenant, L50, M|\n|poke|p2|Incineroar, L50, M|\n|poke|p2|Conkeldurr, L50, M|\n|poke|p2|Chesnaught, L50, M|\n|poke|p2|Gliscor, L50, M|\n|poke|p2|Toxapex, L50, F|\n|teampreview|4\n|\n|t:|1776362586\n|teamsize|p1|4\n|teamsize|p2|4\n|start\n|switch|p1a: Mudsdale|Mudsdale, L50, M|100/100\n|switch|p1b: Dragapult|Dragapult, L50, M|100/100\n|switch|p2a: Chesnaught|Chesnaught, L50, M|100/100\n|switch|p2b: Gliscor|Gliscor, L50, M|100/100\n|turn|1\n|inactive|Battle timer is ON: inactive players will automatically lose when time's up. (requested by ashbayleef)\n|\n|t:|1776362606\n|switch|p1a: Meganium|Meganium, L50, F|100/100\n|detailschange|p2a: Chesnaught|Chesnaught-Mega, L50, M\n|-mega|p2a: Chesnaught|Chesnaught|Chesnaughtite\n|move|p1b: Dragapult|Psychic Fangs|p2a: Chesnaught\n|-supereffective|p2a: Chesnaught|1\n|-damage|p2a: Chesnaught|68/100\n|move|p2b: Gliscor|Toxic|p1a: Meganium\n|-status|p1a: Meganium|tox\n|move|p2a: Chesnaught|Coaching|p2b: Gliscor\n|-boost|p2b: Gliscor|atk|1\n|-boost|p2b: Gliscor|def|1\n|\n|-damage|p1a: Meganium|95/100 tox|[from] psn\n|upkeep\n|turn|2\n|inactive|lordjeff911 has 30 seconds left.\n|\n|t:|1776362638\n|detailschange|p1a: Meganium|Meganium-Mega, L50, F\n|-mega|p1a: Meganium|Meganium|Meganiumite\n|move|p1a: Meganium|Dazzling Gleam|p2a: Chesnaught|[spread] p2a,p2b\n|-supereffective|p2a: Chesnaught|1\n|-damage|p2a: Chesnaught|9/100\n|-damage|p2b: Gliscor|61/100\n|move|p2b: Gliscor|Toxic|p1b: Dragapult\n|-status|p1b: Dragapult|tox\n|move|p2a: Chesnaught|Coaching|p2b: Gliscor\n|-boost|p2b: Gliscor|atk|1\n|-boost|p2b: Gliscor|def|1\n|move|p1b: Dragapult|Dragon Tail|p2b: Gliscor\n|-damage|p2b: Gliscor|49/100\n|drag|p2b: Trevenant|Trevenant, L50, M, shiny|100/100\n|\n|-damage|p1b: Dragapult|94/100 tox|[from] psn\n|-damage|p1a: Meganium|83/100 tox|[from] psn\n|upkeep\n|turn|3\n|inactive|ashbayleef has 30 seconds left.\n|c|\u2606lordjeff911|Rude\n|inactive|lordjeff911 has 30 seconds left.\n|inactive|ashbayleef has 20 seconds left.\n|inactive|lordjeff911 has 20 seconds left.\n|\n|t:|1776362684\n|move|p1b: Dragapult|Psychic Fangs|p2a: Chesnaught\n|-supereffective|p2a: Chesnaught|1\n|-damage|p2a: Chesnaught|0 fnt\n|faint|p2a: Chesnaught\n|move|p1a: Meganium|Weather Ball|p2b: Trevenant\n|-supereffective|p2b: Trevenant|1\n|-damage|p2b: Trevenant|3/100\n|-enditem|p2b: Trevenant|Sitrus Berry|[eat]\n|-heal|p2b: Trevenant|28/100|[from] item: Sitrus Berry\n|move|p2b: Trevenant|Trick Room|p2b: Trevenant\n|-fieldstart|move: Trick Room|[of] p2b: Trevenant\n|\n|-heal|p1b: Dragapult|100/100 tox|[from] item: Leftovers\n|-damage|p1a: Meganium|66/100 tox|[from] psn\n|-damage|p1b: Dragapult|88/100 tox|[from] psn\n|upkeep\n|\n|t:|1776362687\n|switch|p2a: Incineroar|Incineroar, L50, M|100/100\n|-ability|p2a: Incineroar|Intimidate|boost\n|-unboost|p1a: Meganium|atk|1\n|-fail|p1b: Dragapult|unboost|[from] ability: Clear Body|[of] p1b: Dragapult\n|turn|4\n|inactive|ashbayleef has 30 seconds left.\n|\n|t:|1776362718\n|move|p1a: Meganium|Protect|p1a: Meganium\n|-singleturn|p1a: Meganium|Protect\n|move|p2b: Trevenant|Leech Seed|p1b: Dragapult\n|-start|p1b: Dragapult|move: Leech Seed\n|move|p2a: Incineroar|Flare Blitz|p1a: Meganium\n|-activate|p1a: Meganium|move: Protect\n|move|p1b: Dragapult|Dragon Tail|p2a: Incineroar\n|-damage|p2a: Incineroar|76/100\n|drag|p2a: Gliscor|Gliscor, L50, M|49/100\n|\n|-heal|p2a: Gliscor|55/100|[from] item: Leftovers\n|-heal|p1b: Dragapult|94/100 tox|[from] item: Leftovers\n|-damage|p1b: Dragapult|82/100 tox|[from] Leech Seed|[of] p2b: Trevenant\n|-heal|p2b: Trevenant|38/100|[silent]\n|-damage|p1a: Meganium|43/100 tox|[from] psn\n|-damage|p1b: Dragapult|64/100 tox|[from] psn\n|-item|p2b: Trevenant|Sitrus Berry|[from] ability: Harvest\n|upkeep\n|-enditem|p2b: Trevenant|Sitrus Berry|[eat]\n|-heal|p2b: Trevenant|63/100|[from] item: Sitrus Berry\n|turn|5\n|inactive|ashbayleef has 30 seconds left.\n|inactive|lordjeff911 has 30 seconds left.\n|\n|t:|1776362746\n|move|p2b: Trevenant|Toxic|p2a: Gliscor\n|-status|p2a: Gliscor|tox\n|move|p2a: Gliscor|Substitute|p2a: Gliscor\n|-start|p2a: Gliscor|Substitute\n|-damage|p2a: Gliscor|30/100 tox\n|move|p1a: Meganium|Weather Ball|p2b: Trevenant\n|-supereffective|p2b: Trevenant|1\n|-damage|p2b: Trevenant|0 fnt\n|faint|p2b: Trevenant\n|move|p1b: Dragapult|Phantom Force||[still]\n|-prepare|p1b: Dragapult|Phantom Force\n|\n|-heal|p2a: Gliscor|36/100 tox|[from] item: Leftovers\n|-heal|p1b: Dragapult|70/100 tox|[from] item: Leftovers\n|-heal|p2a: Gliscor|48/100 tox|[from] ability: Poison Heal\n|-damage|p1a: Meganium|15/100 tox|[from] psn\n|-damage|p1b: Dragapult|46/100 tox|[from] psn\n|upkeep\n|\n|t:|1776362750\n|switch|p2b: Incineroar|Incineroar, L50, M|76/100\n|-ability|p2b: Incineroar|Intimidate|boost\n|-unboost|p1a: Meganium|atk|1\n|-fail|p1b: Dragapult|unboost|[from] ability: Clear Body|[of] p1b: Dragapult\n|turn|6\n|\n|t:|1776362772\n|move|p2a: Gliscor|Protect|p2a: Gliscor\n|-singleturn|p2a: Gliscor|Protect\n|move|p1a: Meganium|Protect|p1a: Meganium\n|-singleturn|p1a: Meganium|Protect\n|move|p2b: Incineroar|Fake Out|p1a: Meganium\n|-activate|p1a: Meganium|move: Protect\n|move|p1b: Dragapult|Phantom Force|p2b: Incineroar|[from] lockedmove\n|-resisted|p2b: Incineroar|1\n|-damage|p2b: Incineroar|58/100\n|\n|-heal|p2a: Gliscor|54/100 tox|[from] item: Leftovers\n|-heal|p1b: Dragapult|52/100 tox|[from] item: Leftovers\n|-damage|p1b: Dragapult|40/100 tox|[from] Leech Seed|[of] p2b: Incineroar\n|-heal|p2b: Incineroar|68/100|[silent]\n|-heal|p2a: Gliscor|66/100 tox|[from] ability: Poison Heal\n|-damage|p1a: Meganium|0 fnt|[from] psn\n|faint|p1a: Meganium\n|-damage|p1b: Dragapult|10/100 tox|[from] psn\n|upkeep\n|\n|t:|1776362792\n|switch|p1a: Mudsdale|Mudsdale, L50, M|100/100\n|turn|7\n|inactive|ashbayleef has 30 seconds left.\n|\n|t:|1776362821\n|move|p1a: Mudsdale|Substitute|p1a: Mudsdale\n|-start|p1a: Mudsdale|Substitute\n|-damage|p1a: Mudsdale|76/100\n|move|p2b: Incineroar|Parting Shot|p1a: Mudsdale\n|-unboost|p1a: Mudsdale|atk|1\n|-unboost|p1a: Mudsdale|spa|1\n|move|p2a: Gliscor|Toxic||[still]\n|-fail|p2a: Gliscor\n|move|p1b: Dragapult|Thunder Wave|p2b: Incineroar\n|-status|p2b: Incineroar|par\n|\n|-heal|p2a: Gliscor|72/100 tox|[from] item: Leftovers\n|-heal|p1b: Dragapult|16/100 tox|[from] item: Leftovers\n|-damage|p1b: Dragapult|4/100 tox|[from] Leech Seed|[of] p2b: Incineroar\n|-heal|p2b: Incineroar|78/100 par|[silent]\n|-heal|p2a: Gliscor|85/100 tox|[from] ability: Poison Heal\n|-damage|p1b: Dragapult|0 fnt|[from] psn\n|faint|p1b: Dragapult\n|-fieldend|move: Trick Room\n|upkeep\n|\n|t:|1776362841\n|switch|p1b: Dragonite|Dragonite, L50, M|100/100\n|turn|8\n|\n|t:|1776362855\n|move|p1b: Dragonite|Dragon Claw|p2a: Gliscor\n|-end|p2a: Gliscor|Substitute\n|move|p2a: Gliscor|Toxic|p1b: Dragonite\n|-status|p1b: Dragonite|tox\n|move|p1a: Mudsdale|Body Press|p2b: Incineroar\n|-supereffective|p2b: Incineroar|1\n|-damage|p2b: Incineroar|48/100 par\n|move|p2b: Incineroar|Parting Shot|p1b: Dragonite\n|-unboost|p1b: Dragonite|atk|1\n|-unboost|p1b: Dragonite|spa|1\n|\n|-heal|p2a: Gliscor|91/100 tox|[from] item: Leftovers\n|-damage|p1b: Dragonite|95/100 tox|[from] psn\n|-heal|p2a: Gliscor|100/100 tox|[from] ability: Poison Heal\n|upkeep\n|turn|9\n|\n|t:|1776362880\n|move|p1b: Dragonite|Dragon Claw|p2a: Gliscor\n|-damage|p2a: Gliscor|79/100 tox\n|move|p2a: Gliscor|Substitute|p2a: Gliscor\n|-start|p2a: Gliscor|Substitute\n|-damage|p2a: Gliscor|54/100 tox\n|move|p1a: Mudsdale|High Horsepower|p2b: Incineroar\n|-supereffective|p2b: Incineroar|1\n|-damage|p2b: Incineroar|0 fnt\n|faint|p2b: Incineroar\n|\n|-heal|p2a: Gliscor|60/100 tox|[from] item: Leftovers\n|-damage|p1b: Dragonite|83/100 tox|[from] psn\n|-heal|p2a: Gliscor|72/100 tox|[from] ability: Poison Heal\n|upkeep\n|turn|10\n|\n|t:|1776362907\n|move|p2a: Gliscor|Protect|p2a: Gliscor\n|-singleturn|p2a: Gliscor|Protect\n|move|p1b: Dragonite|Dragon Claw|p2a: Gliscor\n|-activate|p2a: Gliscor|move: Protect\n|move|p1a: Mudsdale|High Horsepower|p2a: Gliscor\n|-activate|p2a: Gliscor|move: Protect\n|\n|-heal|p2a: Gliscor|79/100 tox|[from] item: Leftovers\n|-damage|p1b: Dragonite|65/100 tox|[from] psn\n|-heal|p2a: Gliscor|91/100 tox|[from] ability: Poison Heal\n|upkeep\n|turn|11\n|\n|t:|1776362924\n|move|p1b: Dragonite|Dragon Claw|p2a: Gliscor\n|-activate|p2a: Gliscor|move: Substitute|[damage]\n|move|p2a: Gliscor|Earthquake|p1b: Dragonite|[spread] p1a\n|-immune|p1b: Dragonite\n|-activate|p1a: Mudsdale|move: Substitute|[damage]\n|move|p1a: Mudsdale|Body Press|p2a: Gliscor\n|-resisted|p2a: Gliscor|1\n|-end|p2a: Gliscor|Substitute\n|\n|-heal|p2a: Gliscor|97/100 tox|[from] item: Leftovers\n|-damage|p1b: Dragonite|41/100 tox|[from] psn\n|-heal|p2a: Gliscor|100/100 tox|[from] ability: Poison Heal\n|upkeep\n|turn|12\n|inactive|ashbayleef has 30 seconds left.\n|\n|t:|1776362956\n|move|p1b: Dragonite|Dragon Claw|p2a: Gliscor\n|-damage|p2a: Gliscor|79/100 tox\n|move|p2a: Gliscor|Substitute|p2a: Gliscor\n|-start|p2a: Gliscor|Substitute\n|-damage|p2a: Gliscor|54/100 tox\n|move|p1a: Mudsdale|Heavy Slam|p2a: Gliscor\n|-activate|p2a: Gliscor|move: Substitute|[damage]\n|\n|-heal|p2a: Gliscor|60/100 tox|[from] item: Leftovers\n|-damage|p1b: Dragonite|11/100 tox|[from] psn\n|-heal|p2a: Gliscor|72/100 tox|[from] ability: Poison Heal\n|upkeep\n|turn|13\n|\n|t:|1776362977\n|move|p1b: Dragonite|Dragon Claw|p2a: Gliscor\n|-end|p2a: Gliscor|Substitute\n|move|p2a: Gliscor|Earthquake|p1a: Mudsdale|[spread] p1a\n|-immune|p1b: Dragonite\n|-end|p1a: Mudsdale|Substitute\n|move|p1a: Mudsdale|Heavy Slam|p2a: Gliscor\n|-damage|p2a: Gliscor|54/100 tox\n|\n|-heal|p2a: Gliscor|60/100 tox|[from] item: Leftovers\n|-damage|p1b: Dragonite|0 fnt|[from] psn\n|faint|p1b: Dragonite\n|-heal|p2a: Gliscor|72/100 tox|[from] ability: Poison Heal\n|upkeep\n|turn|14\n|\n|t:|1776362997\n|move|p2a: Gliscor|Toxic|p1a: Mudsdale\n|-status|p1a: Mudsdale|tox\n|move|p1a: Mudsdale|Substitute|p1a: Mudsdale\n|-start|p1a: Mudsdale|Substitute\n|-damage|p1a: Mudsdale|51/100 tox\n|\n|-heal|p2a: Gliscor|78/100 tox|[from] item: Leftovers\n|-heal|p2a: Gliscor|90/100 tox|[from] ability: Poison Heal\n|-damage|p1a: Mudsdale|45/100 tox|[from] psn\n|upkeep\n|turn|15\n|c|\u2606lordjeff911|Ggz ez\n|inactive|ashbayleef has 30 seconds left.\n|inactive|ashbayleef has 20 seconds left.\n|inactive|ashbayleef has 15 seconds left.\n|inactive|ashbayleef has 10 seconds left.\n|inactive|ashbayleef has 5 seconds left.\n|\n|t:|1776363060\n|move|p2a: Gliscor|Substitute|p2a: Gliscor\n|-start|p2a: Gliscor|Substitute\n|-damage|p2a: Gliscor|65/100 tox\n|move|p1a: Mudsdale|Body Press|p2a: Gliscor\n|-resisted|p2a: Gliscor|1\n|-activate|p2a: Gliscor|move: Substitute|[damage]\n|\n|-heal|p2a: Gliscor|71/100 tox|[from] item: Leftovers\n|-heal|p2a: Gliscor|83/100 tox|[from] ability: Poison Heal\n|-damage|p1a: Mudsdale|34/100 tox|[from] psn\n|upkeep\n|turn|16\n|c|\u2606lordjeff911|Wrap it up\n|inactive|ashbayleef has 30 seconds left.\n|inactive|ashbayleef has 20 seconds left.\n|inactive|ashbayleef has 15 seconds left.\n|inactive|ashbayleef has 10 seconds left.\n|inactive|ashbayleef has 5 seconds left.\n|-message|ashbayleef lost due to inactivity.\n|\n|win|lordjeff911\n|raw|ashbayleef's rating: 1000 &rarr; <strong>1000</strong><br />(+0 for losing)\n|raw|lordjeff911's rating: 1000 &rarr; <strong>1040</strong><br />(+40 for winning)\n",
  "uploadtime": 1776363118,
  "views": 30,
  "formatid": "gen9championsvgc2026regma",
  "rating": 1000,
  "private": 0,
  "password": null
}