{
  "id": "gen9championsvgc2026regma-2587781136",
  "format": "[Gen 9 Champions] VGC 2026 Reg M-A",
  "players": [
    "koxicity",
    "McGuennys"
  ],
  "log": "|j|\u2606koxicity\n|j|\u2606McGuennys\n|t:|1776563353\n|gametype|doubles\n|player|p1|koxicity|266|1109\n|player|p2|McGuennys|scientist|1000\n|gen|9\n|tier|[Gen 9 Champions] VGC 2026 Reg M-A\n|rated|\n|rule|Species Clause: Limit one of each Pok\u00e9mon\n|rule|Item Clause: Limit 1 of each item\n|clearpoke\n|poke|p1|Kangaskhan, L50, F|\n|poke|p1|Sneasler, L50, F|\n|poke|p1|Oranguru, L50, F|\n|poke|p1|Ninetales-Alola, L50, M|\n|poke|p1|Maushold, L50|\n|poke|p1|Aggron, L50, F|\n|poke|p2|Pelipper, L50, M, shiny|\n|poke|p2|Basculegion, L50, M, shiny|\n|poke|p2|Archaludon, L50, M, shiny|\n|poke|p2|Meganium, L50, F, shiny|\n|poke|p2|Sneasler, L50, M|\n|poke|p2|Sinistcha-Masterpiece, L50|\n|teampreview|4\n|\n|t:|1776563399\n|teamsize|p1|4\n|teamsize|p2|4\n|start\n|switch|p1a: Sneasler|Sneasler, L50, F|100/100\n|switch|p1b: Oranguru|Oranguru, L50, F|100/100\n|switch|p2a: Sneasler|Sneasler, L50, M|100/100\n|switch|p2b: Meganium|Meganium, L50, F, shiny|100/100\n|turn|1\n|\n|t:|1776563437\n|detailschange|p2b: Meganium|Meganium-Mega, L50, F, shiny\n|-mega|p2b: Meganium|Meganium|Meganiumite\n|move|p1a: Sneasler|Upper Hand|p2a: Sneasler\n|-resisted|p2a: Sneasler|1\n|-damage|p2a: Sneasler|71/100\n|cant|p2a: Sneasler|flinch\n|move|p2b: Meganium|Weather Ball|p1a: Sneasler\n|-damage|p1a: Sneasler|19/100\n|move|p1b: Oranguru|Light Screen|p1b: Oranguru\n|-sidestart|p1: koxicity|move: Light Screen\n|\n|upkeep\n|turn|2\n|\n|t:|1776563465\n|move|p1a: Sneasler|Dire Claw|p2b: Meganium\n|-supereffective|p2b: Meganium|2\n|-damage|p2b: Meganium|0 fnt\n|faint|p2b: Meganium\n|move|p2a: Sneasler|Close Combat|p1b: Oranguru\n|-damage|p1b: Oranguru|43/100\n|-unboost|p2a: Sneasler|def|1\n|-unboost|p2a: Sneasler|spd|1\n|move|p1b: Oranguru|Reflect|p1b: Oranguru\n|-sidestart|p1: koxicity|Reflect\n|\n|upkeep\n|\n|t:|1776563480\n|switch|p2b: Pelipper|Pelipper, L50, M, shiny|100/100\n|-weather|RainDance|[from] ability: Drizzle|[of] p2b: Pelipper\n|turn|3\n|\n|t:|1776563498\n|move|p1a: Sneasler|Close Combat|p2a: Sneasler\n|-resisted|p2a: Sneasler|1\n|-damage|p2a: Sneasler|0 fnt\n|-unboost|p1a: Sneasler|def|1\n|-unboost|p1a: Sneasler|spd|1\n|faint|p2a: Sneasler\n|move|p2b: Pelipper|U-turn|p1a: Sneasler\n|-resisted|p1a: Sneasler|2\n|-damage|p1a: Sneasler|16/100\n|\n|t:|1776563507\n|switch|p2b: Basculegion|Basculegion, L50, M, shiny|100/100|[from] U-turn\n|move|p1b: Oranguru|Trick Room|p1b: Oranguru\n|-fieldstart|move: Trick Room|[of] p1b: Oranguru\n|\n|-weather|RainDance|[upkeep]\n|upkeep\n|\n|t:|1776563514\n|switch|p2a: Pelipper|Pelipper, L50, M, shiny|100/100\n|turn|4\n|\n|t:|1776563532\n|move|p1b: Oranguru|Instruct|p1a: Sneasler\n|-singleturn|p1a: Sneasler|move: Instruct|[of] p1b: Oranguru\n|move|p1a: Sneasler|Close Combat|p2a: Pelipper\n|-resisted|p2a: Pelipper|1\n|-damage|p2a: Pelipper|57/100\n|-unboost|p1a: Sneasler|def|1\n|-unboost|p1a: Sneasler|spd|1\n|move|p2a: Pelipper|Weather Ball|p1a: Sneasler\n|-damage|p1a: Sneasler|0 fnt\n|faint|p1a: Sneasler\n|move|p2b: Basculegion|Wave Crash|p1b: Oranguru\n|-damage|p1b: Oranguru|0 fnt\n|faint|p1b: Oranguru\n|-damage|p2b: Basculegion|87/100|[from] Recoil\n|\n|-weather|RainDance|[upkeep]\n|upkeep\n|\n|t:|1776563550\n|switch|p1b: Aggron|Aggron, L50, F|100/100\n|switch|p1a: Ninetales|Ninetales-Alola, L50, M|100/100\n|-weather|Snowscape|[from] ability: Snow Warning|[of] p1a: Ninetales\n|turn|5\n|\n|t:|1776563568\n|detailschange|p1b: Aggron|Aggron-Mega, L50, F\n|-mega|p1b: Aggron|Aggron|Aggronite\n|move|p1b: Aggron|Iron Defense|p1b: Aggron\n|-boost|p1b: Aggron|def|2\n|move|p2a: Pelipper|Tailwind|p2a: Pelipper\n|-sidestart|p2: McGuennys|move: Tailwind\n|move|p1a: Ninetales|Freeze-Dry|p2b: Basculegion\n|-supereffective|p2b: Basculegion|1\n|-damage|p2b: Basculegion|27/100\n|move|p2b: Basculegion|Wave Crash|p1b: Aggron\n|-damage|p1b: Aggron|91/100\n|-damage|p2b: Basculegion|24/100|[from] Recoil\n|\n|-weather|Snowscape|[upkeep]\n|-sideend|p1: koxicity|move: Light Screen\n|upkeep\n|turn|6\n|\n|t:|1776563622\n|move|p1b: Aggron|Rock Slide|p2a: Pelipper|[spread] p2a,p2b\n|-supereffective|p2a: Pelipper|1\n|-crit|p2b: Basculegion\n|-damage|p2a: Pelipper|14/100\n|-damage|p2b: Basculegion|0 fnt\n|faint|p2b: Basculegion\n|move|p1a: Ninetales|Freeze-Dry|p2a: Pelipper\n|-supereffective|p2a: Pelipper|2\n|-damage|p2a: Pelipper|0 fnt\n|faint|p2a: Pelipper\n|\n|win|koxicity\n|raw|koxicity's rating: 1109 &rarr; <strong>1126</strong><br />(+17 for winning)\n|raw|McGuennys's rating: 1000 &rarr; <strong>1000</strong><br />(+0 for losing)\n",
  "uploadtime": 1776563633,
  "views": 11,
  "formatid": "gen9championsvgc2026regma",
  "rating": 1000,
  "private": 0,
  "password": null
}