{
  "id": "gen9championsvgc2026regma-2581593699",
  "format": "[Gen 9 Champions] VGC 2026 Reg M-A",
  "players": [
    "cadubatatau",
    "Itz_NotMick"
  ],
  "log": "|j|\u2606cadubatatau\n|j|\u2606Itz_NotMick\n|t:|1776013622\n|gametype|doubles\n|player|p1|cadubatatau|2|1003\n|player|p2|Itz_NotMick|silver-masters|1044\n|gen|9\n|tier|[Gen 9 Champions] VGC 2026 Reg M-A\n|rated|\n|rule|Species Clause: Limit one of each Pok\u00e9mon\n|rule|Item Clause: Limit 1 of each item\n|clearpoke\n|poke|p1|Meganium, L50, M|\n|poke|p1|Pelipper, L50, F|\n|poke|p1|Archaludon, L50, F|\n|poke|p1|Basculegion, L50, M|\n|poke|p1|Incineroar, L50, M|\n|poke|p1|Sableye, L50, F|\n|poke|p2|Gengar, L50, F|\n|poke|p2|Incineroar, L50, M|\n|poke|p2|Sneasler, L50, M|\n|poke|p2|Clefable, L50, M|\n|poke|p2|Whimsicott, L50, F|\n|poke|p2|Slowbro, L50, F|\n|teampreview|4\n|\n|t:|1776013639\n|teamsize|p1|4\n|teamsize|p2|4\n|start\n|switch|p1a: Pelipper|Pelipper, L50, F|100/100\n|switch|p1b: Basculegion|Basculegion, L50, M, shiny|100/100\n|switch|p2a: Gengar|Gengar, L50, F|100/100\n|switch|p2b: Incineroar|Incineroar, L50, M|100/100\n|-weather|RainDance|[from] ability: Drizzle|[of] p1a: Pelipper\n|-ability|p2b: Incineroar|Intimidate|boost\n|-unboost|p1a: Pelipper|atk|1\n|-unboost|p1b: Basculegion|atk|1\n|turn|1\n|c|\u2606Itz_NotMick|thats a nice shiny\n|\n|t:|1776013682\n|detailschange|p2a: Gengar|Gengar-Mega, L50, F\n|-mega|p2a: Gengar|Gengar|Gengarite\n|move|p2b: Incineroar|Fake Out|p1a: Pelipper\n|-damage|p1a: Pelipper|87/100\n|move|p1b: Basculegion|Flip Turn|p2a: Gengar\n|-damage|p2a: Gengar|59/100\n|\n|t:|1776013703\n|switch|p1b: Incineroar|Incineroar, L50, M|100/100|[from] Flip Turn\n|-ability|p1b: Incineroar|Intimidate|boost\n|-unboost|p2a: Gengar|atk|1\n|-unboost|p2b: Incineroar|atk|1\n|move|p2a: Gengar|Shadow Ball|p1b: Incineroar\n|-resisted|p1b: Incineroar|1\n|-damage|p1b: Incineroar|81/100\n|cant|p1a: Pelipper|flinch\n|\n|-weather|RainDance|[upkeep]\n|upkeep\n|turn|2\n|\n|t:|1776013738\n|switch|p2a: Slowbro|Slowbro, L50, F|100/100\n|move|p1b: Incineroar|Fake Out|p2b: Incineroar\n|-damage|p2b: Incineroar|89/100\n|move|p1a: Pelipper|Tailwind|p1a: Pelipper\n|-sidestart|p1: cadubatatau|move: Tailwind\n|cant|p2b: Incineroar|flinch\n|\n|-weather|RainDance|[upkeep]\n|upkeep\n|turn|3\n|\n|t:|1776013758\n|move|p1a: Pelipper|Protect|p1a: Pelipper\n|-singleturn|p1a: Pelipper|Protect\n|move|p1b: Incineroar|Taunt|p2b: Incineroar\n|-start|p2b: Incineroar|move: Taunt\n|cant|p2b: Incineroar|move: Taunt|Parting Shot\n|move|p2a: Slowbro|Trick Room|p2a: Slowbro\n|-fieldstart|move: Trick Room|[of] p2a: Slowbro\n|\n|-weather|RainDance|[upkeep]\n|upkeep\n|turn|4\n|\n|t:|1776013796\n|switch|p2b: Clefable|Clefable, L50, M|100/100\n|switch|p1a: Basculegion|Basculegion, L50, M, shiny|100/100\n|move|p2a: Slowbro|Thunder Wave|p1b: Incineroar|[miss]\n|-miss|p2a: Slowbro|p1b: Incineroar\n|move|p1b: Incineroar|Parting Shot|p2a: Slowbro\n|-unboost|p2a: Slowbro|atk|1\n|-unboost|p2a: Slowbro|spa|1\n|\n|t:|1776013811\n|switch|p1b: Meganium|Meganium, L50, M|100/100|[from] Parting Shot\n|\n|-weather|RainDance|[upkeep]\n|upkeep\n|turn|5\n|\n|t:|1776013831\n|detailschange|p1b: Meganium|Meganium-Mega, L50, M\n|-mega|p1b: Meganium|Meganium|Meganiumite\n|move|p1b: Meganium|Protect|p1b: Meganium\n|-singleturn|p1b: Meganium|Protect\n|move|p2a: Slowbro|Thunder Wave|p1b: Meganium\n|-activate|p1b: Meganium|move: Protect\n|move|p2b: Clefable|Thunder Wave|p1a: Basculegion\n|-status|p1a: Basculegion|par\n|move|p1a: Basculegion|Last Respects|p2a: Slowbro\n|-supereffective|p2a: Slowbro|1\n|-damage|p2a: Slowbro|61/100\n|\n|-weather|none\n|-sideend|p1: cadubatatau|move: Tailwind\n|upkeep\n|turn|6\n|\n|t:|1776013861\n|switch|p1a: Pelipper|Pelipper, L50, F|87/100\n|-weather|RainDance|[from] ability: Drizzle|[of] p1a: Pelipper\n|move|p2a: Slowbro|Icy Wind|p1b: Meganium|[spread] p1a,p1b\n|-supereffective|p1b: Meganium|1\n|-damage|p1a: Pelipper|76/100\n|-damage|p1b: Meganium|87/100\n|-unboost|p1a: Pelipper|spe|1\n|-unboost|p1b: Meganium|spe|1\n|move|p1b: Meganium|Solar Beam||[still]\n|-prepare|p1b: Meganium|Solar Beam\n|-activate|p1b: Meganium|ability: Mega Sol\n|-anim|p1b: Meganium|Solar Beam|p2a: Slowbro\n|-supereffective|p2a: Slowbro|1\n|-damage|p2a: Slowbro|0 fnt\n|faint|p2a: Slowbro\n|move|p2b: Clefable|Thunder Wave|p1b: Meganium\n|-status|p1b: Meganium|par\n|\n|-weather|RainDance|[upkeep]\n|upkeep\n|\n|t:|1776013869\n|switch|p2a: Gengar|Gengar-Mega, L50, F|59/100\n|turn|7\n|\n|t:|1776013898\n|switch|p2b: Incineroar|Incineroar, L50, M|89/100\n|-ability|p2b: Incineroar|Intimidate|boost\n|-unboost|p1a: Pelipper|atk|1\n|-unboost|p1b: Meganium|atk|1\n|move|p1b: Meganium|Dazzling Gleam|p2a: Gengar|[spread] p2a,p2b\n|-resisted|p2a: Gengar|1\n|-crit|p2a: Gengar\n|-damage|p2a: Gengar|31/100\n|-damage|p2b: Incineroar|49/100\n|-enditem|p2b: Incineroar|Sitrus Berry|[eat]\n|-heal|p2b: Incineroar|73/100|[from] item: Sitrus Berry\n|move|p1a: Pelipper|Tailwind|p1a: Pelipper\n|-sidestart|p1: cadubatatau|move: Tailwind\n|move|p2a: Gengar|Thunderbolt|p1a: Pelipper\n|-supereffective|p1a: Pelipper|2\n|-damage|p1a: Pelipper|0 fnt\n|faint|p1a: Pelipper\n|\n|-weather|RainDance|[upkeep]\n|-fieldend|move: Trick Room\n|upkeep\n|\n|t:|1776013918\n|switch|p1a: Basculegion|Basculegion, L50, M, shiny|100/100 par\n|turn|8\n|\n|t:|1776013941\n|move|p1b: Meganium|Protect|p1b: Meganium\n|-singleturn|p1b: Meganium|Protect\n|cant|p1a: Basculegion|par\n|move|p2a: Gengar|Perish Song|p2a: Gengar\n|-start|p1a: Basculegion|perish3|[silent]\n|-start|p1b: Meganium|perish3|[silent]\n|-start|p2a: Gengar|perish3|[silent]\n|-start|p2b: Incineroar|perish3|[silent]\n|-fieldactivate|move: Perish Song\n|move|p2b: Incineroar|Parting Shot|p1a: Basculegion\n|-unboost|p1a: Basculegion|atk|1\n|-unboost|p1a: Basculegion|spa|1\n|\n|t:|1776013948\n|switch|p2b: Clefable|Clefable, L50, M|100/100|[from] Parting Shot\n|\n|-weather|RainDance|[upkeep]\n|-start|p1a: Basculegion|perish3\n|-start|p2a: Gengar|perish3\n|-start|p1b: Meganium|perish3\n|upkeep\n|turn|9\n|\n|t:|1776013966\n|switch|p2b: Incineroar|Incineroar, L50, M|73/100\n|-ability|p2b: Incineroar|Intimidate|boost\n|-unboost|p1a: Basculegion|atk|1\n|-unboost|p1b: Meganium|atk|1\n|move|p2a: Gengar|Protect|p2a: Gengar\n|-singleturn|p2a: Gengar|Protect\n|cant|p1a: Basculegion|par\n|move|p1b: Meganium|Dazzling Gleam|p2a: Gengar|[spread] p2b\n|-activate|p2a: Gengar|move: Protect\n|-damage|p2b: Incineroar|35/100\n|\n|-weather|RainDance|[upkeep]\n|-start|p1a: Basculegion|perish2\n|-start|p2a: Gengar|perish2\n|-start|p1b: Meganium|perish2\n|upkeep\n|turn|10\n|\n|t:|1776013987\n|switch|p2a: Clefable|Clefable, L50, M|100/100\n|move|p1a: Basculegion|Aqua Jet|p2a: Clefable\n|-damage|p2a: Clefable|83/100\n|move|p2b: Incineroar|Parting Shot|p1b: Meganium\n|-unboost|p1b: Meganium|atk|1\n|-unboost|p1b: Meganium|spa|1\n|\n|t:|1776013994\n|switch|p2b: Gengar|Gengar-Mega, L50, F|31/100|[from] Parting Shot\n|move|p1b: Meganium|Dazzling Gleam|p2a: Clefable|[spread] p2a,p2b\n|-resisted|p2b: Gengar|1\n|-damage|p2a: Clefable|62/100\n|-damage|p2b: Gengar|18/100\n|\n|-weather|none\n|-heal|p2a: Clefable|68/100|[from] item: Leftovers\n|-start|p1a: Basculegion|perish1\n|-start|p1b: Meganium|perish1\n|-sideend|p1: cadubatatau|move: Tailwind\n|upkeep\n|turn|11\n|\n|t:|1776014018\n|move|p2b: Gengar|Protect|p2b: Gengar\n|-singleturn|p2b: Gengar|Protect\n|move|p2a: Clefable|Protect|p2a: Clefable\n|-singleturn|p2a: Clefable|Protect\n|move|p1a: Basculegion|Wave Crash|p2a: Clefable\n|-activate|p2a: Clefable|move: Protect\n|move|p1b: Meganium|Dazzling Gleam|p2a: Clefable|[spread] \n|-activate|p2a: Clefable|move: Protect\n|-activate|p2b: Gengar|move: Protect\n|\n|-heal|p2a: Clefable|74/100|[from] item: Leftovers\n|-start|p1a: Basculegion|perish0\n|-start|p1b: Meganium|perish0\n|faint|p1a: Basculegion\n|faint|p1b: Meganium\n|upkeep\n|\n|t:|1776014035\n|switch|p1b: Incineroar|Incineroar, L50, M|81/100\n|-ability|p1b: Incineroar|Intimidate|boost\n|-unboost|p2a: Clefable|atk|1\n|-unboost|p2b: Gengar|atk|1\n|turn|12\n|l|\u2606cadubatatau\n|player|p1|\n|inactive|Battle timer is ON: inactive players will automatically lose when time's up. (requested by Itz_NotMick)\n|inactive|cadubatatau has 30 seconds to reconnect!\n|inactive|cadubatatau has 20 seconds to reconnect!\n|inactive|cadubatatau has 15 seconds to reconnect!\n|inactive|cadubatatau has 10 seconds to reconnect!\n|inactive|cadubatatau has 5 seconds to reconnect!\n|-message|cadubatatau lost due to inactivity.\n|\n|win|Itz_NotMick\n|raw|cadubatatau's rating: 1003 &rarr; <strong>1000</strong><br />(-3 for losing)\n|raw|Itz_NotMick's rating: 1044 &rarr; <strong>1073</strong><br />(+29 for winning)\n",
  "uploadtime": 1776014149,
  "views": 12,
  "formatid": "gen9championsvgc2026regma",
  "rating": 1000,
  "private": 0,
  "password": null
}