{
  "id": "gen9championsvgc2026regma-2586208839",
  "format": "[Gen 9 Champions] VGC 2026 Reg M-A",
  "players": [
    "Grumblebumble",
    "albertito2005"
  ],
  "log": "|j|\u2606Grumblebumble\n|j|\u2606albertito2005\n|t:|1776412609\n|gametype|doubles\n|player|p1|Grumblebumble|265|1446\n|player|p2|albertito2005|veteran|1432\n|gen|9\n|tier|[Gen 9 Champions] VGC 2026 Reg M-A\n|rated|\n|rule|Species Clause: Limit one of each Pok\u00e9mon\n|rule|Item Clause: Limit 1 of each item\n|clearpoke\n|poke|p1|Incineroar, L50, F|\n|poke|p1|Crabominable, L50, M|\n|poke|p1|Tinkaton, L50, F|\n|poke|p1|Slowking, L50, F|\n|poke|p1|Sinistcha, L50|\n|poke|p1|Camerupt, L50, F|\n|poke|p2|Gardevoir, L50, F|\n|poke|p2|Maushold-Four, L50|\n|poke|p2|Basculegion, L50, M|\n|poke|p2|Talonflame, L50, F|\n|poke|p2|Kingambit, L50, F|\n|poke|p2|Garchomp, L50, M|\n|teampreview|4\n|inactive|Battle timer is ON: inactive players will automatically lose when time's up. (requested by Grumblebumble)\n|j| Crvstal_K!tty\n|\n|t:|1776412663\n|teamsize|p1|4\n|teamsize|p2|4\n|start\n|switch|p1a: Tinkaton|Tinkaton, L50, F|100/100\n|switch|p1b: Sinistcha|Sinistcha, L50|100/100\n|switch|p2a: Maushold|Maushold-Four, L50|100/100\n|switch|p2b: Kingambit|Kingambit, L50, F|100/100\n|turn|1\n|\n|t:|1776412676\n|move|p1a: Tinkaton|Fake Out|p2b: Kingambit\n|-resisted|p2b: Kingambit|1\n|-damage|p2b: Kingambit|98/100\n|move|p2a: Maushold|Super Fang|p1a: Tinkaton\n|-damage|p1a: Tinkaton|50/100\n|cant|p2b: Kingambit|flinch\n|move|p1b: Sinistcha|Trick Room|p1b: Sinistcha\n|-fieldstart|move: Trick Room|[of] p1b: Sinistcha\n|\n|upkeep\n|turn|2\n|inactive|Grumblebumble has 30 seconds left.\n|inactive|albertito2005 has 30 seconds left.\n|\n|t:|1776412709\n|switch|p1b: Crabominable|Crabominable, L50, M|100/100\n|move|p2a: Maushold|Follow Me|p2a: Maushold\n|-singleturn|p2a: Maushold|move: Follow Me\n|move|p2b: Kingambit|Kowtow Cleave|p1b: Crabominable\n|-resisted|p1b: Crabominable|1\n|-damage|p1b: Crabominable|74/100\n|move|p1a: Tinkaton|Gigaton Hammer|p2a: Maushold\n|-damage|p2a: Maushold|19/100\n|\n|upkeep\n|turn|3\n|\n|t:|1776412731\n|switch|p1a: Sinistcha|Sinistcha, L50|100/100\n|-heal|p1b: Crabominable|99/100|[from] ability: Hospitality|[of] p1a: Sinistcha\n|detailschange|p1b: Crabominable|Crabominable-Mega, L50, M\n|-mega|p1b: Crabominable|Crabominable|Crabominite\n|move|p1b: Crabominable|Thunder Punch|p2a: Maushold\n|-damage|p2a: Maushold|0 fnt\n|faint|p2a: Maushold\n|move|p2b: Kingambit|Iron Head|p1b: Crabominable\n|-supereffective|p1b: Crabominable|1\n|-damage|p1b: Crabominable|31/100\n|\n|upkeep\n|\n|t:|1776412744\n|switch|p2a: Gardevoir|Gardevoir, L50, F|100/100\n|turn|4\n|inactive|albertito2005 has 30 seconds left.\n|inactive|albertito2005 has 20 seconds left.\n|\n|t:|1776412785\n|detailschange|p2a: Gardevoir|Gardevoir-Mega, L50, F\n|-mega|p2a: Gardevoir|Gardevoir|Gardevoirite\n|move|p1a: Sinistcha|Rage Powder|p1a: Sinistcha\n|-singleturn|p1a: Sinistcha|move: Rage Powder\n|move|p1b: Crabominable|Ice Hammer|p2a: Gardevoir\n|-damage|p2a: Gardevoir|0 fnt\n|-unboost|p1b: Crabominable|spe|1\n|faint|p2a: Gardevoir\n|move|p2b: Kingambit|Kowtow Cleave|p1a: Sinistcha\n|-supereffective|p1a: Sinistcha|1\n|-enditem|p1a: Sinistcha|Colbur Berry|[eat]\n|-enditem|p1a: Sinistcha|Colbur Berry|[weaken]\n|-damage|p1a: Sinistcha|59/100\n|\n|upkeep\n|\n|t:|1776412795\n|switch|p2a: Basculegion|Basculegion, L50, M|100/100\n|turn|5\n|\n|t:|1776412806\n|move|p2b: Kingambit|Protect|p2b: Kingambit\n|-singleturn|p2b: Kingambit|Protect\n|move|p2a: Basculegion|Protect|p2a: Basculegion\n|-singleturn|p2a: Basculegion|Protect\n|move|p1b: Crabominable|Close Combat|p2b: Kingambit\n|-activate|p2b: Kingambit|move: Protect\n|move|p1a: Sinistcha|Matcha Gotcha|p2b: Kingambit|[spread] \n|-activate|p2a: Basculegion|move: Protect\n|-activate|p2b: Kingambit|move: Protect\n|\n|-fieldend|move: Trick Room\n|upkeep\n|turn|6\n|inactive|Grumblebumble has 30 seconds left.\n|inactive|Grumblebumble has 20 seconds left.\n|inactive|Grumblebumble has 15 seconds left.\n|inactive|Grumblebumble has 10 seconds left.\n|\n|t:|1776412853\n|switch|p1a: Incineroar|Incineroar, L50, F|100/100\n|-ability|p1a: Incineroar|Intimidate|boost\n|-unboost|p2a: Basculegion|atk|1\n|-unboost|p2b: Kingambit|atk|1\n|-ability|p2b: Kingambit|Defiant|boost\n|-boost|p2b: Kingambit|atk|2\n|move|p1b: Crabominable|Protect|p1b: Crabominable\n|-singleturn|p1b: Crabominable|Protect\n|move|p2a: Basculegion|Last Respects|p1a: Incineroar\n|-resisted|p1a: Incineroar|1\n|-damage|p1a: Incineroar|71/100\n|move|p2b: Kingambit|Iron Head|p1b: Crabominable\n|-activate|p1b: Crabominable|move: Protect\n|\n|upkeep\n|turn|7\n|inactive|Grumblebumble has 30 seconds left.\n|inactive|albertito2005 has 30 seconds left.\n|inactive|Grumblebumble has 20 seconds left.\n|inactive|Grumblebumble has 15 seconds left.\n|inactive|Grumblebumble has 10 seconds left.\n|inactive|Grumblebumble has 5 seconds left.\n|\n|t:|1776412906\n|switch|p1b: Sinistcha|Sinistcha, L50|59/100\n|-heal|p1a: Incineroar|96/100|[from] ability: Hospitality|[of] p1b: Sinistcha\n|move|p2a: Basculegion|Protect|p2a: Basculegion\n|-singleturn|p2a: Basculegion|Protect\n|move|p2b: Kingambit|Protect|p2b: Kingambit\n|-singleturn|p2b: Kingambit|Protect\n|move|p1a: Incineroar|Throat Chop|p2a: Basculegion\n|-activate|p2a: Basculegion|move: Protect\n|\n|upkeep\n|turn|8\n|inactive|Grumblebumble has 30 seconds left.\n|inactive|albertito2005 has 30 seconds left.\n|\n|t:|1776412942\n|switch|p1a: Tinkaton|Tinkaton, L50, F|50/100\n|move|p1b: Sinistcha|Protect|p1b: Sinistcha\n|-singleturn|p1b: Sinistcha|Protect\n|move|p2a: Basculegion|Last Respects|p1b: Sinistcha\n|-activate|p1b: Sinistcha|move: Protect\n|move|p2b: Kingambit|Kowtow Cleave|p1b: Sinistcha\n|-activate|p1b: Sinistcha|move: Protect\n|\n|upkeep\n|turn|9\n|inactive|Grumblebumble has 30 seconds left.\n|inactive|Grumblebumble has 20 seconds left.\n|inactive|Grumblebumble has 15 seconds left.\n|inactive|albertito2005 has 30 seconds left.\n|inactive|Grumblebumble has 10 seconds left.\n|\n|t:|1776412988\n|switch|p1b: Incineroar|Incineroar, L50, F|96/100\n|-ability|p1b: Incineroar|Intimidate|boost\n|-unboost|p2a: Basculegion|atk|1\n|-unboost|p2b: Kingambit|atk|1\n|-ability|p2b: Kingambit|Defiant|boost\n|-boost|p2b: Kingambit|atk|2\n|move|p2b: Kingambit|Protect|p2b: Kingambit\n|-singleturn|p2b: Kingambit|Protect\n|move|p1a: Tinkaton|Fake Out|p2b: Kingambit\n|-activate|p2b: Kingambit|move: Protect\n|move|p2a: Basculegion|Last Respects|p1b: Incineroar\n|-resisted|p1b: Incineroar|1\n|-damage|p1b: Incineroar|72/100\n|\n|upkeep\n|turn|10\n|\n|t:|1776413010\n|move|p1b: Incineroar|Fake Out|p2b: Kingambit\n|-resisted|p2b: Kingambit|1\n|-damage|p2b: Kingambit|94/100\n|move|p1a: Tinkaton|Encore|p2b: Kingambit\n|-start|p2b: Kingambit|Encore\n|cant|p2b: Kingambit|flinch\n|move|p2a: Basculegion|Wave Crash|p1a: Tinkaton\n|-damage|p1a: Tinkaton|5/100\n|-damage|p2a: Basculegion|88/100|[from] Recoil\n|\n|upkeep\n|turn|11\n|\n|t:|1776413033\n|switch|p1a: Sinistcha|Sinistcha, L50|59/100\n|-heal|p1b: Incineroar|97/100|[from] ability: Hospitality|[of] p1a: Sinistcha\n|move|p2b: Kingambit|Protect|p2b: Kingambit\n|-singleturn|p2b: Kingambit|Protect\n|move|p2a: Basculegion|Last Respects|p1a: Sinistcha\n|-supereffective|p1a: Sinistcha|1\n|-damage|p1a: Sinistcha|0 fnt\n|faint|p1a: Sinistcha\n|move|p1b: Incineroar|Flare Blitz|p2b: Kingambit\n|-activate|p2b: Kingambit|move: Protect\n|\n|upkeep\n|\n|t:|1776413046\n|switch|p1a: Crabominable|Crabominable-Mega, L50, M|31/100\n|turn|12\n|\n|t:|1776413058\n|move|p2b: Kingambit|Protect||[still]\n|-fail|p2b: Kingambit\n|move|p1a: Crabominable|Protect|p1a: Crabominable\n|-singleturn|p1a: Crabominable|Protect\n|move|p2a: Basculegion|Last Respects|p1a: Crabominable\n|-activate|p1a: Crabominable|move: Protect\n|move|p1b: Incineroar|Throat Chop|p2a: Basculegion\n|-supereffective|p2a: Basculegion|1\n|-damage|p2a: Basculegion|16/100\n|-start|p2a: Basculegion|Throat Chop|[silent]\n|-enditem|p2a: Basculegion|Sitrus Berry|[eat]\n|-heal|p2a: Basculegion|41/100|[from] item: Sitrus Berry\n|\n|-end|p2b: Kingambit|Encore\n|upkeep\n|turn|13\n|inactive|Grumblebumble has 30 seconds left.\n|\n|t:|1776413084\n|move|p2a: Basculegion|Wave Crash|p1b: Incineroar\n|-supereffective|p1b: Incineroar|1\n|-damage|p1b: Incineroar|23/100\n|-enditem|p1b: Incineroar|Sitrus Berry|[eat]\n|-heal|p1b: Incineroar|48/100|[from] item: Sitrus Berry\n|-damage|p2a: Basculegion|19/100|[from] Recoil\n|move|p1b: Incineroar|Throat Chop|p2a: Basculegion\n|-supereffective|p2a: Basculegion|1\n|-damage|p2a: Basculegion|0 fnt\n|faint|p2a: Basculegion\n|move|p2b: Kingambit|Iron Head|p1a: Crabominable\n|-supereffective|p1a: Crabominable|1\n|-damage|p1a: Crabominable|0 fnt\n|faint|p1a: Crabominable\n|\n|upkeep\n|\n|t:|1776413096\n|switch|p1a: Tinkaton|Tinkaton, L50, F|5/100\n|turn|14\n|\n|t:|1776413111\n|move|p1a: Tinkaton|Fake Out|p2b: Kingambit\n|-resisted|p2b: Kingambit|1\n|-damage|p2b: Kingambit|90/100\n|cant|p2b: Kingambit|flinch\n|move|p1b: Incineroar|Flare Blitz|p2b: Kingambit\n|-supereffective|p2b: Kingambit|1\n|-damage|p2b: Kingambit|17/100\n|-damage|p1b: Incineroar|23/100|[from] Recoil\n|\n|upkeep\n|turn|15\n|\n|t:|1776413127\n|move|p2b: Kingambit|Sucker Punch|p1b: Incineroar\n|-resisted|p1b: Incineroar|1\n|-damage|p1b: Incineroar|0 fnt\n|faint|p1b: Incineroar\n|move|p1a: Tinkaton|Play Rough|p2b: Kingambit\n|-damage|p2b: Kingambit|0 fnt\n|faint|p2b: Kingambit\n|\n|win|Grumblebumble\n|raw|Grumblebumble's rating: 1446 &rarr; <strong>1465</strong><br />(+19 for winning)\n|raw|albertito2005's rating: 1432 &rarr; <strong>1413</strong><br />(-19 for losing)\n|l|\u2606albertito2005\n|player|p2|\n|l| Crvstal_K!tty\n|l|\u2606Grumblebumble\n|player|p1|\n",
  "uploadtime": 1776413146,
  "views": 38,
  "formatid": "gen9championsvgc2026regma",
  "rating": 1413,
  "private": 0,
  "password": null
}