{
  "id": "gen9championsvgc2026regma-2580482034",
  "format": "[Gen 9 Champions] VGC 2026 Reg M-A",
  "players": [
    "Kitsune.Post",
    "FortuneMC"
  ],
  "log": "|j|\u2606Kitsune.Post\n|j|\u2606FortuneMC\n|t:|1775903011\n|gametype|doubles\n|player|p1|Kitsune.Post|medium|1000\n|player|p2|FortuneMC|102|1050\n|gen|9\n|tier|[Gen 9 Champions] VGC 2026 Reg M-A\n|rated|\n|rule|Species Clause: Limit one of each Pok\u00e9mon\n|rule|Item Clause: Limit 1 of each item\n|clearpoke\n|poke|p1|Zoroark-Hisui, L50, F|\n|poke|p1|Ditto, L50|\n|poke|p1|Lopunny, L50, M|\n|poke|p1|Oranguru, L50, F|\n|poke|p1|Kangaskhan, L50, F|\n|poke|p1|Maushold-Four, L50|\n|poke|p2|Charizard, L50, M|\n|poke|p2|Froslass, L50, F|\n|poke|p2|Whimsicott, L50, M|\n|poke|p2|Kingambit, L50, F|\n|poke|p2|Garchomp, L50, M|\n|poke|p2|Tauros-Paldea-Blaze, L50, M|\n|teampreview|4\n|inactive|Battle timer is ON: inactive players will automatically lose when time's up. (requested by Kitsune.Post)\n|\n|t:|1775903053\n|teamsize|p1|4\n|teamsize|p2|4\n|start\n|switch|p1a: Oranguru|Oranguru, L50, F|100/100\n|switch|p1b: Kangaskhan|Kangaskhan, L50, F|100/100\n|switch|p2a: Charizard|Charizard, L50, M|100/100\n|switch|p2b: Whimsicott|Whimsicott, L50, M|100/100\n|turn|1\n|inactive|Kitsune.Post has 30 seconds left.\n|inactive|Kitsune.Post has 20 seconds left.\n|inactive|Kitsune.Post has 15 seconds left.\n|\n|t:|1775903097\n|detailschange|p1b: Kangaskhan|Kangaskhan-Mega, L50, F\n|-mega|p1b: Kangaskhan|Kangaskhan|Kangaskhanite\n|detailschange|p2a: Charizard|Charizard-Mega-Y, L50, M\n|-mega|p2a: Charizard|Charizard|Charizardite Y\n|-weather|SunnyDay|[from] ability: Drought|[of] p2a: Charizard\n|move|p1b: Kangaskhan|Fake Out|p2a: Charizard\n|-damage|p2a: Charizard|70/100\n|-damage|p2a: Charizard|63/100\n|-hitcount|p2a: Charizard|2\n|move|p1a: Oranguru|Snarl|p2a: Charizard|[spread] p2a,p2b\n|-resisted|p2b: Whimsicott|1\n|-damage|p2a: Charizard|50/100\n|-damage|p2b: Whimsicott|91/100\n|-unboost|p2a: Charizard|spa|1\n|-unboost|p2b: Whimsicott|spa|1\n|move|p2b: Whimsicott|Moonblast|p1a: Oranguru\n|-damage|p1a: Oranguru|63/100\n|replace|p1a: Zoroark|Zoroark-Hisui, L50, F\n|-end|p1a: Zoroark|Illusion\n|cant|p2a: Charizard|flinch\n|\n|-weather|SunnyDay|[upkeep]\n|upkeep\n|turn|2\n|inactive|Kitsune.Post has 30 seconds left.\n|\n|t:|1775903124\n|switch|p1b: Ditto|Ditto, L50, shiny|100/100\n|-transform|p1b: Ditto|p2a: Charizard|[from] ability: Imposter\n|move|p2b: Whimsicott|Encore||[still]\n|-fail|p2b: Whimsicott\n|move|p1a: Zoroark|Snarl|p2b: Whimsicott|[spread] p2a,p2b\n|-resisted|p2b: Whimsicott|1\n|-damage|p2a: Charizard|39/100\n|-damage|p2b: Whimsicott|82/100\n|-unboost|p2a: Charizard|spa|1\n|-unboost|p2b: Whimsicott|spa|1\n|move|p2a: Charizard|Heat Wave|p1b: Ditto|[spread] p1a,p1b\n|-resisted|p1b: Ditto|1\n|-damage|p1a: Zoroark|9/100\n|-damage|p1b: Ditto|81/100\n|\n|-weather|SunnyDay|[upkeep]\n|upkeep\n|turn|3\n|inactive|Kitsune.Post has 30 seconds left.\n|\n|t:|1775903151\n|move|p2b: Whimsicott|Tailwind|p2b: Whimsicott\n|-sidestart|p2: FortuneMC|move: Tailwind\n|move|p2a: Charizard|Heat Wave|p1b: Ditto|[spread] p1a,p1b\n|-resisted|p1b: Ditto|1\n|-damage|p1a: Zoroark|0 fnt\n|-damage|p1b: Ditto|62/100\n|faint|p1a: Zoroark\n|move|p1b: Ditto|Heat Wave|p2a: Charizard|[spread] p2a,p2b\n|-resisted|p2a: Charizard|1\n|-supereffective|p2b: Whimsicott|1\n|-damage|p2a: Charizard|12/100\n|-damage|p2b: Whimsicott|0 fnt\n|faint|p2b: Whimsicott\n|\n|-weather|SunnyDay|[upkeep]\n|upkeep\n|\n|t:|1775903167\n|switch|p1a: Oranguru|Oranguru, L50, F|100/100\n|switch|p2b: Tauros|Tauros-Paldea-Blaze, L50, M|100/100\n|-ability|p2b: Tauros|Intimidate|boost\n|-fail|p1a: Oranguru|unboost|Attack|[from] ability: Inner Focus|[of] p1a: Oranguru\n|-unboost|p1b: Ditto|atk|1\n|turn|4\n|\n|t:|1775903178\n|switch|p2a: Froslass|Froslass, L50, F|100/100\n|move|p2b: Tauros|Raging Bull|p1a: Oranguru\n|-damage|p1a: Oranguru|53/100\n|move|p1b: Ditto|Heat Wave|p2a: Froslass|[spread] p2a,p2b\n|-supereffective|p2a: Froslass|1\n|-resisted|p2b: Tauros|1\n|-damage|p2a: Froslass|0 fnt\n|-damage|p2b: Tauros|63/100\n|-start|p1b: Ditto|Disable|Heat Wave|[from] ability: Cursed Body|[of] p2a: Froslass\n|faint|p2a: Froslass\n|move|p1a: Oranguru|Foul Play|p2b: Tauros\n|-resisted|p2b: Tauros|1\n|-damage|p2b: Tauros|47/100\n|\n|-weather|SunnyDay|[upkeep]\n|upkeep\n|\n|t:|1775903185\n|switch|p2a: Charizard|Charizard-Mega-Y, L50, M|12/100\n|turn|5\n|inactive|Kitsune.Post has 30 seconds left.\n|\n|t:|1775903215\n|switch|p1b: Kangaskhan|Kangaskhan-Mega, L50, F|100/100\n|move|p2b: Tauros|Raging Bull|p1a: Oranguru\n|-damage|p1a: Oranguru|4/100\n|move|p2a: Charizard|Air Slash|p1b: Kangaskhan\n|-damage|p1b: Kangaskhan|49/100\n|move|p1a: Oranguru|Encore|p2b: Tauros\n|-start|p2b: Tauros|Encore\n|\n|-weather|none\n|upkeep\n|turn|6\n|inactive|Kitsune.Post has 30 seconds left.\n|inactive|Kitsune.Post has 20 seconds left.\n|\n|t:|1775903250\n|switch|p1b: Ditto|Ditto, L50, shiny|62/100\n|-transform|p1b: Ditto|p2a: Charizard|[from] ability: Imposter\n|-weather|SunnyDay|[from] ability: Drought|[of] p1b: Ditto\n|move|p2a: Charizard|Protect|p2a: Charizard\n|-singleturn|p2a: Charizard|Protect\n|move|p2b: Tauros|Raging Bull|p1a: Oranguru\n|-damage|p1a: Oranguru|0 fnt\n|faint|p1a: Oranguru\n|\n|-weather|SunnyDay|[upkeep]\n|-sideend|p2: FortuneMC|move: Tailwind\n|upkeep\n|\n|t:|1775903265\n|switch|p1a: Kangaskhan|Kangaskhan-Mega, L50, F|49/100\n|turn|7\n|\n|t:|1775903275\n|move|p1a: Kangaskhan|Fake Out|p2a: Charizard\n|-damage|p2a: Charizard|0 fnt\n|faint|p2a: Charizard\n|-hitcount|p2: Charizard|1\n|move|p1b: Ditto|Air Slash|p2b: Tauros\n|-supereffective|p2b: Tauros|1\n|-damage|p2b: Tauros|0 fnt\n|faint|p2b: Tauros\n|\n|win|Kitsune.Post\n|raw|Kitsune.Post's rating: 1000 &rarr; <strong>1046</strong><br />(+46 for winning)\n|raw|FortuneMC's rating: 1050 &rarr; <strong>1030</strong><br />(-20 for losing)\n|l|\u2606FortuneMC\n|player|p2|\n",
  "uploadtime": 1775903289,
  "views": 28,
  "formatid": "gen9championsvgc2026regma",
  "rating": 1030,
  "private": 0,
  "password": null
}