{
  "id": "gen9championsvgc2026regma-2588601484",
  "format": "[Gen 9 Champions] VGC 2026 Reg M-A",
  "players": [
    "parking lot demon",
    "blazegeo"
  ],
  "log": "|j|\u2606parking lot demon\n|j|\u2606blazegeo\n|t:|1776649029\n|gametype|doubles\n|player|p1|parking lot demon|lady-gen4|1100\n|player|p2|blazegeo|170|1059\n|gen|9\n|tier|[Gen 9 Champions] VGC 2026 Reg M-A\n|rated|\n|rule|Species Clause: Limit one of each Pok\u00e9mon\n|rule|Item Clause: Limit 1 of each item\n|clearpoke\n|poke|p1|Glalie, L50, F, shiny|\n|poke|p1|Sinistcha, L50|\n|poke|p1|Basculegion, L50, M|\n|poke|p1|Incineroar, L50, F|\n|poke|p1|Whimsicott, L50, F|\n|poke|p1|Pelipper, L50, F|\n|poke|p2|Aegislash, L50, M|\n|poke|p2|Klefki, L50, F|\n|poke|p2|Whimsicott, L50, F|\n|poke|p2|Tyranitar, L50, M|\n|poke|p2|Zoroark-Hisui, L50, F|\n|poke|p2|Drampa, L50, F|\n|teampreview|4\n|inactive|Battle timer is ON: inactive players will automatically lose when time's up. (requested by blazegeo)\n|inactive|blazegeo has 60 seconds left.\n|\n|t:|1776649067\n|teamsize|p1|4\n|teamsize|p2|4\n|start\n|switch|p1a: Volleyball|Glalie, L50, F, shiny|100/100\n|switch|p1b: Whimsicott|Whimsicott, L50, F|100/100\n|switch|p2a: Klefki|Klefki, L50, F|100/100\n|switch|p2b: Tyranitar|Tyranitar, L50, M|100/100\n|turn|1\n|inactive|blazegeo has 30 seconds left.\n|\n|t:|1776649096\n|move|p1a: Volleyball|Protect|p1a: Volleyball\n|-singleturn|p1a: Volleyball|Protect\n|move|p1b: Whimsicott|Tailwind|p1b: Whimsicott\n|-sidestart|p1: parking lot demon|move: Tailwind\n|move|p2b: Tyranitar|Flamethrower|p1b: Whimsicott\n|-supereffective|p1b: Whimsicott|1\n|-enditem|p1b: Whimsicott|Focus Sash\n|-damage|p1b: Whimsicott|1/100\n|move|p2a: Klefki|Trick Room|p2a: Klefki\n|-fieldstart|move: Trick Room|[of] p2a: Klefki\n|\n|-ability|p1a: Volleyball|Moody|boost\n|-boost|p1a: Volleyball|spd|2\n|-unboost|p1a: Volleyball|spa|1\n|upkeep\n|turn|2\n|inactive|parking lot demon has 30 seconds left.\n|\n|t:|1776649123\n|detailschange|p1a: Volleyball|Glalie-Mega, L50, F, shiny\n|-mega|p1a: Volleyball|Glalie|Glalitite\n|move|p1b: Whimsicott|Encore|p2a: Klefki\n|-start|p2a: Klefki|Encore\n|move|p2b: Tyranitar|Flamethrower|p1a: Volleyball\n|-supereffective|p1a: Volleyball|1\n|-damage|p1a: Volleyball|56/100\n|move|p1a: Volleyball|Explosion|p2b: Tyranitar|[spread] p1b,p2a,p2b\n|-supereffective|p1b: Whimsicott|1\n|-resisted|p2a: Klefki|1\n|-damage|p1b: Whimsicott|0 fnt\n|-damage|p2a: Klefki|35/100\n|-damage|p2b: Tyranitar|0 fnt\n|replace|p2b: Zoroark|Zoroark-Hisui, L50, F\n|-end|p2b: Zoroark|Illusion\n|faint|p1a: Volleyball\n|faint|p1b: Whimsicott\n|faint|p2b: Zoroark\n|move|p2a: Klefki|Trick Room|p2a: Klefki\n|-fieldend|move: Trick Room\n|\n|-heal|p2a: Klefki|41/100|[from] item: Leftovers\n|upkeep\n|\n|t:|1776649143\n|switch|p1b: Basculegion|Basculegion, L50, M|100/100\n|switch|p2b: Drampa|Drampa, L50, F|100/100\n|switch|p1a: Pelipper|Pelipper, L50, F|100/100\n|-weather|RainDance|[from] ability: Drizzle|[of] p1a: Pelipper\n|turn|3\n|\n|t:|1776649165\n|detailschange|p2b: Drampa|Drampa-Mega, L50, F\n|-mega|p2b: Drampa|Drampa|Drampanite\n|move|p1b: Basculegion|Last Respects|p2a: Klefki\n|-damage|p2a: Klefki|0 fnt\n|faint|p2a: Klefki\n|move|p1a: Pelipper|Hurricane|p2b: Drampa\n|-damage|p2b: Drampa|60/100\n|move|p2b: Drampa|Thunderbolt|p1a: Pelipper\n|-supereffective|p1a: Pelipper|2\n|-damage|p1a: Pelipper|0 fnt\n|faint|p1a: Pelipper\n|\n|-weather|RainDance|[upkeep]\n|upkeep\n|\n|t:|1776649176\n|switch|p2a: Tyranitar|Tyranitar, L50, M|100/100\n|-weather|Sandstorm|[from] ability: Sand Stream|[of] p2a: Tyranitar\n|turn|4\n|\n|t:|1776649184\n|move|p2a: Tyranitar|Protect|p2a: Tyranitar\n|-singleturn|p2a: Tyranitar|Protect\n|move|p1b: Basculegion|Wave Crash|p2a: Tyranitar\n|-activate|p2a: Tyranitar|move: Protect\n|move|p2b: Drampa|Thunderbolt|p1b: Basculegion\n|-supereffective|p1b: Basculegion|1\n|-damage|p1b: Basculegion|11/100\n|\n|-weather|Sandstorm|[upkeep]\n|-damage|p1b: Basculegion|5/100|[from] Sandstorm\n|-damage|p2b: Drampa|54/100|[from] Sandstorm\n|-sideend|p1: parking lot demon|move: Tailwind\n|upkeep\n|turn|5\n|-message|parking lot demon forfeited.\n|\n|win|blazegeo\n|raw|parking lot demon's rating: 1100 &rarr; <strong>1072</strong><br />(-28 for losing)\n|raw|blazegeo's rating: 1059 &rarr; <strong>1094</strong><br />(+35 for winning)\n|l|\u2606parking lot demon\n|player|p1|\n|c|\u2606blazegeo|gg\n",
  "uploadtime": 1776649199,
  "views": 6,
  "formatid": "gen9championsvgc2026regma",
  "rating": 1072,
  "private": 0,
  "password": null
}