{
  "id": "gen9championsvgc2026regma-2580944468",
  "format": "[Gen 9 Champions] VGC 2026 Reg M-A",
  "players": [
    "DomesticSheep",
    "lollo nebu"
  ],
  "log": "|j|\u2606DomesticSheep\n|j|\u2606lollo nebu\n|t:|1775945490\n|gametype|doubles\n|player|p1|DomesticSheep|steven|1077\n|player|p2|lollo nebu|169|1000\n|gen|9\n|tier|[Gen 9 Champions] VGC 2026 Reg M-A\n|rated|\n|rule|Species Clause: Limit one of each Pok\u00e9mon\n|rule|Item Clause: Limit 1 of each item\n|clearpoke\n|poke|p1|Charizard, L50, F|\n|poke|p1|Venusaur, L50, F|\n|poke|p1|Garchomp, L50, M|\n|poke|p1|Rotom-Wash, L50|\n|poke|p1|Sneasler, L50, F|\n|poke|p1|Incineroar, L50, M|\n|poke|p2|Incineroar, L50, F|\n|poke|p2|Floette-Eternal, L50, F|\n|poke|p2|Dragonite, L50, F|\n|poke|p2|Orthworm, L50, F|\n|poke|p2|Sinistcha, L50|\n|poke|p2|Garchomp, L50, M|\n|teampreview|4\nlollo nebu rejected open team sheets.\n|\n|t:|1775945579\n|teamsize|p1|4\n|teamsize|p2|4\n|start\n|switch|p1a: Incineroar|Incineroar, L50, M|100/100\n|switch|p1b: Venusaur|Venusaur, L50, F|100/100\n|switch|p2a: Garchomp|Garchomp, L50, M|100/100\n|switch|p2b: Orthworm|Orthworm, L50, F|100/100\n|-ability|p1a: Incineroar|Intimidate|boost\n|-unboost|p2a: Garchomp|atk|1\n|-unboost|p2b: Orthworm|atk|1\n|turn|1\n|\n|t:|1775945619\n|move|p1a: Incineroar|Fake Out|p2a: Garchomp\n|-damage|p2a: Garchomp|86/100\n|-damage|p1a: Incineroar|88/100|[from] ability: Rough Skin|[of] p2a: Garchomp\n|cant|p2a: Garchomp|flinch\n|move|p1b: Venusaur|Sleep Powder|p2b: Orthworm|[miss]\n|-miss|p1b: Venusaur|p2b: Orthworm\n|move|p2b: Orthworm|Shed Tail|p2b: Orthworm\n|-start|p2b: Orthworm|Substitute|[from] move: Shed Tail\n|-damage|p2b: Orthworm|50/100\n|-enditem|p2b: Orthworm|Sitrus Berry|[eat]\n|-heal|p2b: Orthworm|75/100|[from] item: Sitrus Berry\n|\n|t:|1775945630\n|switch|p2b: Floette|Floette-Eternal, L50, F|100/100|[from] Shed Tail\n|\n|upkeep\n|turn|2\n|n|!DomesticSheep|domesticsheep\n|\n|t:|1775945680\n|move|p2a: Garchomp|Rock Slide|p1a: Incineroar|[spread] p1a,p1b\n|-supereffective|p1a: Incineroar|1\n|-damage|p1a: Incineroar|58/100\n|-damage|p1b: Venusaur|81/100\n|cant|p1b: Venusaur|flinch\n|move|p2b: Floette|Calm Mind|p2b: Floette\n|-boost|p2b: Floette|spa|1\n|-boost|p2b: Floette|spd|1\n|move|p1a: Incineroar|Parting Shot|p2b: Floette\n|-unboost|p2b: Floette|atk|1\n|-unboost|p2b: Floette|spa|1\n|\n|t:|1775945697\n|switch|p1a: Rotom|Rotom-Wash, L50|100/100|[from] Parting Shot\n|\n|upkeep\n|turn|3\n|\n|t:|1775945735\n|switch|p2a: Orthworm|Orthworm, L50, F|75/100\n|detailschange|p2b: Floette|Floette-Mega, L50, F\n|-mega|p2b: Floette|Floette|Floettite\n|-ability|p2b: Floette|Fairy Aura\n|move|p1b: Venusaur|Protect|p1b: Venusaur\n|-singleturn|p1b: Venusaur|Protect\n|move|p2b: Floette|Calm Mind|p2b: Floette\n|-boost|p2b: Floette|spa|1\n|-boost|p2b: Floette|spd|1\n|move|p1a: Rotom|Thunderbolt|p2b: Floette\n|-activate|p2b: Floette|move: Substitute|[damage]\n|\n|upkeep\n|turn|4\n|\n|t:|1775945775\n|move|p1b: Venusaur|Sleep Powder|p2a: Orthworm\n|-status|p2a: Orthworm|slp|[from] move: Sleep Powder\n|move|p2b: Floette|Calm Mind|p2b: Floette\n|-boost|p2b: Floette|spa|1\n|-boost|p2b: Floette|spd|1\n|move|p1a: Rotom|Thunderbolt|p2b: Floette\n|-end|p2b: Floette|Substitute\n|cant|p2a: Orthworm|slp\n|\n|upkeep\n|turn|5\n|\n|t:|1775945815\n|move|p2b: Floette|Protect|p2b: Floette\n|-singleturn|p2b: Floette|Protect\n|move|p1b: Venusaur|Sleep Powder|p2b: Floette\n|-activate|p2b: Floette|move: Protect\n|move|p1a: Rotom|Hydro Pump|p2b: Floette\n|-activate|p2b: Floette|move: Protect\n|cant|p2a: Orthworm|slp\n|\n|upkeep\n|turn|6\n|\n|t:|1775945835\n|move|p1b: Venusaur|Sleep Powder|p2b: Floette\n|-status|p2b: Floette|slp|[from] move: Sleep Powder\n|cant|p2b: Floette|slp\n|move|p1a: Rotom|Hydro Pump|p2a: Orthworm\n|-damage|p2a: Orthworm|29/100 slp\n|-curestatus|p2a: Orthworm|slp|[msg]\n|move|p2a: Orthworm|Shed Tail|p2a: Orthworm\n|-fail|p2a: Orthworm|move: Shed Tail|[weak]\n|\n|upkeep\n|turn|7\n|\n|t:|1775945869\n|cant|p2b: Floette|slp\n|move|p1b: Venusaur|Sleep Powder|p2a: Orthworm|[miss]\n|-miss|p1b: Venusaur|p2a: Orthworm\n|move|p1a: Rotom|Hydro Pump|p2b: Floette\n|-damage|p2b: Floette|87/100 slp\n|move|p2a: Orthworm|Body Press|p1b: Venusaur\n|-resisted|p1b: Venusaur|1\n|-damage|p1b: Venusaur|65/100\n|\n|upkeep\n|turn|8\n|\n|t:|1775945894\n|switch|p1a: Sneasler|Sneasler, L50, F|100/100\n|move|p1b: Venusaur|Sludge Bomb|p2b: Floette\n|-supereffective|p2b: Floette|1\n|-damage|p2b: Floette|60/100 slp\n|-curestatus|p2b: Floette|slp|[msg]\n|move|p2b: Floette|Dazzling Gleam|p1a: Sneasler|[spread] p1a,p1b\n|-resisted|p1b: Venusaur|1\n|-damage|p1a: Sneasler|0 fnt\n|-damage|p1b: Venusaur|13/100\n|faint|p1a: Sneasler\n|move|p2a: Orthworm|Heavy Slam|p1b: Venusaur\n|-damage|p1b: Venusaur|0 fnt\n|faint|p1b: Venusaur\n|\n|upkeep\n|\n|t:|1775945908\n|switch|p1a: Incineroar|Incineroar, L50, M|58/100\n|switch|p1b: Rotom|Rotom-Wash, L50|100/100\n|-ability|p1a: Incineroar|Intimidate|boost\n|-unboost|p2a: Orthworm|atk|1\n|-unboost|p2b: Floette|atk|1\n|turn|9\n|\n|t:|1775945918\n|move|p2b: Floette|Protect|p2b: Floette\n|-singleturn|p2b: Floette|Protect\n|move|p1a: Incineroar|Fake Out|p2b: Floette\n|-activate|p2b: Floette|move: Protect\n|move|p1b: Rotom|Hydro Pump|p2a: Orthworm\n|-damage|p2a: Orthworm|0 fnt\n|faint|p2a: Orthworm\n|\n|upkeep\n|\n|t:|1775945925\n|switch|p2a: Garchomp|Garchomp, L50, M|86/100\n|turn|10\n|\n|t:|1775945945\n|move|p2a: Garchomp|Rock Slide|p1b: Rotom|[spread] p1a,p1b\n|-supereffective|p1a: Incineroar|1\n|-damage|p1a: Incineroar|18/100\n|-damage|p1b: Rotom|79/100\n|-enditem|p1a: Incineroar|Sitrus Berry|[eat]\n|-heal|p1a: Incineroar|43/100|[from] item: Sitrus Berry\n|move|p2b: Floette|Dazzling Gleam|p1b: Rotom|[spread] p1a,p1b\n|-damage|p1a: Incineroar|0 fnt\n|-damage|p1b: Rotom|0 fnt\n|faint|p1a: Incineroar\n|faint|p1b: Rotom\n|\n|win|lollo nebu\n",
  "uploadtime": 1775945634,
  "views": 9,
  "formatid": "gen9championsvgc2026regma",
  "rating": null,
  "private": 0,
  "password": null
}