{
  "id": "gen9championsvgc2026regma-2580547877",
  "format": "[Gen 9 Champions] VGC 2026 Reg M-A",
  "players": [
    "silvermagicianvgc",
    "DracovishGlazer"
  ],
  "log": "|j|\u2606silvermagicianvgc\n|j|\u2606DracovishGlazer\n|t:|1775911521\n|gametype|doubles\n|player|p1|silvermagicianvgc|silver|1131\n|player|p2|DracovishGlazer|skier|1210\n|gen|9\n|tier|[Gen 9 Champions] VGC 2026 Reg M-A\n|rated|\n|rule|Species Clause: Limit one of each Pok\u00e9mon\n|rule|Item Clause: Limit 1 of each item\n|clearpoke\n|poke|p1|Floette-Eternal, L50, F|\n|poke|p1|Garchomp, L50, F|\n|poke|p1|Aerodactyl, L50, F|\n|poke|p1|Incineroar, L50, M|\n|poke|p1|Milotic, L50, F|\n|poke|p1|Sinistcha, L50|\n|poke|p2|Froslass, L50, F|\n|poke|p2|Corviknight, L50, F|\n|poke|p2|Arcanine-Hisui, L50, M|\n|poke|p2|Garchomp, L50, F|\n|poke|p2|Glimmora, L50, F|\n|poke|p2|Conkeldurr, L50, M|\n|teampreview|4\n|inactive|Battle timer is ON: inactive players will automatically lose when time's up. (requested by DracovishGlazer)\n|inactive|silvermagicianvgc has 60 seconds left.\n|\n|t:|1775911569\n|teamsize|p1|4\n|teamsize|p2|4\n|start\n|switch|p1a: Aerodactyl|Aerodactyl, L50, F|100/100\n|switch|p1b: Floette|Floette-Eternal, L50, F, shiny|100/100\n|switch|p2a: Glimmora|Glimmora, L50, F|100/100\n|switch|p2b: Corviknight|Corviknight, L50, F|100/100\n|-ability|p1a: Aerodactyl|Unnerve\n|turn|1\n|inactive|silvermagicianvgc has 30 seconds left.\n|\n|t:|1775911595\n|switch|p1b: Milotic|Milotic, L50, F, shiny|100/100\n|move|p1a: Aerodactyl|Rock Slide|p2b: Corviknight|[spread] p2a,p2b\n|-crit|p2a: Glimmora\n|-damage|p2a: Glimmora|57/100\n|-damage|p2b: Corviknight|85/100\n|-activate|p2a: Glimmora|ability: Toxic Debris\n|-sidestart|p1: silvermagicianvgc|move: Toxic Spikes\n|cant|p2a: Glimmora|flinch\n|move|p2b: Corviknight|Iron Defense|p2b: Corviknight\n|-boost|p2b: Corviknight|def|2\n|\n|-heal|p2b: Corviknight|91/100|[from] item: Leftovers\n|upkeep\n|turn|2\n|inactive|silvermagicianvgc has 30 seconds left.\n|\n|t:|1775911621\n|move|p1a: Aerodactyl|Rock Slide|p2a: Glimmora|[spread] p2a,p2b\n|-crit|p2a: Glimmora\n|-damage|p2a: Glimmora|7/100\n|-damage|p2b: Corviknight|82/100\n|-activate|p2a: Glimmora|ability: Toxic Debris\n|-sidestart|p1: silvermagicianvgc|move: Toxic Spikes\n|cant|p2a: Glimmora|flinch\n|move|p1b: Milotic|Scald|p2b: Corviknight\n|-damage|p2b: Corviknight|41/100\n|-status|p2b: Corviknight|brn\n|cant|p2b: Corviknight|flinch\n|\n|-heal|p2b: Corviknight|47/100 brn|[from] item: Leftovers\n|-damage|p2b: Corviknight|41/100 brn|[from] brn\n|upkeep\n|turn|3\n|c|\u2606DracovishGlazer|kopfezoezpodslpQDSPMZAS\n|inactive|DracovishGlazer has 30 seconds left.\n|inactive|DracovishGlazer has 20 seconds left.\n|\n|t:|1775911660\n|move|p1a: Aerodactyl|Rock Slide|p2a: Glimmora|[spread] p2a,p2b\n|-damage|p2a: Glimmora|0 fnt\n|-damage|p2b: Corviknight|33/100 brn\n|faint|p2a: Glimmora\n|move|p1b: Milotic|Scald|p2b: Corviknight\n|-damage|p2b: Corviknight|0 fnt\n|faint|p2b: Corviknight\n|\n|upkeep\n|\n|t:|1775911671\n|switch|p2a: Froslass|Froslass, L50, F|100/100\n|switch|p2b: Arcanine|Arcanine-Hisui, L50, M|100/100\n|-ability|p2b: Arcanine|Intimidate|boost\n|-unboost|p1a: Aerodactyl|atk|1\n|-unboost|p1b: Milotic|atk|1\n|-ability|p1b: Milotic|Competitive|boost\n|-boost|p1b: Milotic|spa|2\n|turn|4\n|\n|t:|1775911683\n|detailschange|p2a: Froslass|Froslass-Mega, L50, F\n|-mega|p2a: Froslass|Froslass|Froslassite\n|-weather|Snowscape|[from] ability: Snow Warning|[of] p2a: Froslass\n|move|p2b: Arcanine|Head Smash|p1b: Milotic\n|-damage|p1b: Milotic|30/100\n|-damage|p2b: Arcanine|60/100|[from] Recoil\n|move|p1a: Aerodactyl|Tailwind|p1a: Aerodactyl\n|-sidestart|p1: silvermagicianvgc|move: Tailwind\n|move|p1b: Milotic|Scald|p2b: Arcanine\n|-supereffective|p2b: Arcanine|2\n|-damage|p2b: Arcanine|0 fnt\n|faint|p2b: Arcanine\n|move|p2a: Froslass|Blizzard|p1a: Aerodactyl|[spread] p1a,p1b\n|-supereffective|p1a: Aerodactyl|1\n|-resisted|p1b: Milotic|1\n|-enditem|p1a: Aerodactyl|Focus Sash\n|-damage|p1a: Aerodactyl|1/100\n|-damage|p1b: Milotic|15/100\n|-status|p1a: Aerodactyl|frz\n|-status|p1b: Milotic|frz\n|\n|-weather|Snowscape|[upkeep]\n|-heal|p1b: Milotic|21/100 frz|[from] item: Leftovers\n|upkeep\n|turn|5\n|c|\u2606DracovishGlazer|LMAO\n|c|\u2606DracovishGlazer|maybe\n|inactive|DracovishGlazer has 30 seconds left.\n|\n|t:|1775911710\n|cant|p1a: Aerodactyl|frz\n|-curestatus|p1b: Milotic|frz|[from] move: Scald\n|move|p1b: Milotic|Scald|p2a: Froslass\n|-crit|p2a: Froslass\n|-damage|p2a: Froslass|0 fnt\n|faint|p2a: Froslass\n|\n|win|silvermagicianvgc\n|raw|silvermagicianvgc's rating: 1131 &rarr; <strong>1162</strong><br />(+31 for winning)\n|raw|DracovishGlazer's rating: 1210 &rarr; <strong>1179</strong><br />(-31 for losing)\n|c|\u2606DracovishGlazer|no\n",
  "uploadtime": 1775911718,
  "views": 60,
  "formatid": "gen9championsvgc2026regma",
  "rating": 1162,
  "private": 0,
  "password": null
}