{
  "id": "gen9championsvgc2026regma-2585205026",
  "format": "[Gen 9 Champions] VGC 2026 Reg M-A",
  "players": [
    "lato_18",
    "Tubandchubb"
  ],
  "log": "|j|\u2606lato_18\n|j|\u2606Tubandchubb\n|t:|1776324748\n|gametype|doubles\n|player|p1|lato_18|265|1147\n|player|p2|Tubandchubb|roxie|1180\n|gen|9\n|tier|[Gen 9 Champions] VGC 2026 Reg M-A\n|rated|\n|rule|Species Clause: Limit one of each Pok\u00e9mon\n|rule|Item Clause: Limit 1 of each item\n|clearpoke\n|poke|p1|Froslass, L50, F|\n|poke|p1|Sneasler, L50, M|\n|poke|p1|Garchomp, L50, F|\n|poke|p1|Glaceon, L50, M|\n|poke|p1|Volcarona, L50, F|\n|poke|p1|Milotic, L50, F|\n|poke|p2|Chesnaught, L50, F|\n|poke|p2|Farigiraf, L50, F|\n|poke|p2|Goodra-Hisui, L50, F|\n|poke|p2|Incineroar, L50, M|\n|poke|p2|Corviknight, L50, M|\n|poke|p2|Basculegion, L50, M|\n|teampreview|4\n|\n|t:|1776324799\n|teamsize|p1|4\n|teamsize|p2|4\n|start\n|switch|p1a: Froslass|Froslass, L50, F|100/100\n|switch|p1b: Volcarona|Volcarona, L50, F|100/100\n|switch|p2a: Chesnaught|Chesnaught, L50, F|100/100\n|switch|p2b: Basculegion|Basculegion, L50, M|100/100\n|turn|1\n|\n|t:|1776324833\n|detailschange|p2a: Chesnaught|Chesnaught-Mega, L50, F\n|-mega|p2a: Chesnaught|Chesnaught|Chesnaughtite\n|move|p1a: Froslass|Protect|p1a: Froslass\n|-singleturn|p1a: Froslass|Protect\n|move|p2b: Basculegion|Flip Turn|p1b: Volcarona\n|-supereffective|p1b: Volcarona|1\n|-damage|p1b: Volcarona|10/100\n|\n|t:|1776324843\n|switch|p2b: Goodra|Goodra-Hisui, L50, F|100/100|[from] Flip Turn\n|move|p1b: Volcarona|Will-O-Wisp|p2b: Goodra\n|-status|p2b: Goodra|brn\n|move|p2a: Chesnaught|Leech Seed|p1a: Froslass\n|-activate|p1a: Froslass|move: Protect\n|\n|-heal|p1b: Volcarona|17/100|[from] item: Leftovers\n|-damage|p2b: Goodra|95/100 brn|[from] brn\n|upkeep\n|turn|2\n|\n|t:|1776324880\n|detailschange|p1a: Froslass|Froslass-Mega, L50, F\n|-mega|p1a: Froslass|Froslass|Froslassite\n|-weather|Snowscape|[from] ability: Snow Warning|[of] p1a: Froslass\n|move|p2a: Chesnaught|Wide Guard|p2a: Chesnaught\n|-singleturn|p2a: Chesnaught|Wide Guard\n|move|p1a: Froslass|Blizzard|p2a: Chesnaught|[spread] \n|-activate|p2a: Chesnaught|move: Wide Guard\n|-activate|p2b: Goodra|move: Wide Guard\n|move|p1b: Volcarona|Will-O-Wisp|p2a: Chesnaught\n|-status|p2a: Chesnaught|brn\n|move|p2b: Goodra|Flash Cannon|p1a: Froslass\n|-supereffective|p1a: Froslass|1\n|-damage|p1a: Froslass|1/100\n|\n|-weather|Snowscape|[upkeep]\n|-heal|p1b: Volcarona|23/100|[from] item: Leftovers\n|-heal|p2b: Goodra|100/100 brn|[from] item: Leftovers\n|-damage|p2b: Goodra|95/100 brn|[from] brn\n|-damage|p2a: Chesnaught|94/100 brn|[from] brn\n|upkeep\n|turn|3\n|\n|t:|1776324923\n|move|p2a: Chesnaught|Wide Guard|p2a: Chesnaught\n|-singleturn|p2a: Chesnaught|Wide Guard\n|move|p1a: Froslass|Aurora Veil|p1a: Froslass\n|-sidestart|p1: lato_18|move: Aurora Veil\n|move|p1b: Volcarona|Mystical Fire|p2b: Goodra\n|-damage|p2b: Goodra|74/100 brn\n|-unboost|p2b: Goodra|spa|1\n|move|p2b: Goodra|Thunderbolt|p1a: Froslass\n|-damage|p1a: Froslass|0 fnt\n|faint|p1a: Froslass\n|\n|-weather|Snowscape|[upkeep]\n|-heal|p1b: Volcarona|29/100|[from] item: Leftovers\n|-heal|p2b: Goodra|80/100 brn|[from] item: Leftovers\n|-damage|p2b: Goodra|74/100 brn|[from] brn\n|-damage|p2a: Chesnaught|88/100 brn|[from] brn\n|upkeep\n|\n|t:|1776324936\n|switch|p1a: Glaceon|Glaceon, L50, M|100/100\n|turn|4\n|\n|t:|1776324959\n|move|p1a: Glaceon|Weather Ball|p2a: Chesnaught\n|-immune|p2a: Chesnaught|[from] ability: Bulletproof\n|move|p1b: Volcarona|Tailwind|p1b: Volcarona\n|-sidestart|p1: lato_18|move: Tailwind\n|move|p2b: Goodra|Flash Cannon|p1a: Glaceon\n|-supereffective|p1a: Glaceon|1\n|-damage|p1a: Glaceon|66/100\n|move|p2a: Chesnaught|Leech Seed|p1b: Volcarona\n|-start|p1b: Volcarona|move: Leech Seed\n|\n|-weather|Snowscape|[upkeep]\n|-heal|p1b: Volcarona|35/100|[from] item: Leftovers\n|-heal|p2b: Goodra|80/100 brn|[from] item: Leftovers\n|-damage|p1b: Volcarona|23/100|[from] Leech Seed|[of] p2a: Chesnaught\n|-heal|p2a: Chesnaught|98/100 brn|[silent]\n|-damage|p2b: Goodra|74/100 brn|[from] brn\n|-damage|p2a: Chesnaught|92/100 brn|[from] brn\n|upkeep\n|turn|5\n|\n|t:|1776324983\n|switch|p1b: Milotic|Milotic, L50, F|100/100\n|move|p2a: Chesnaught|Wide Guard|p2a: Chesnaught\n|-singleturn|p2a: Chesnaught|Wide Guard\n|move|p1a: Glaceon|Weather Ball|p2b: Goodra\n|-crit|p2b: Goodra\n|-damage|p2b: Goodra|19/100 brn\n|move|p2b: Goodra|Flash Cannon|p1a: Glaceon\n|-supereffective|p1a: Glaceon|1\n|-damage|p1a: Glaceon|31/100\n|\n|-weather|Snowscape|[upkeep]\n|-heal|p2b: Goodra|25/100 brn|[from] item: Leftovers\n|-damage|p2b: Goodra|19/100 brn|[from] brn\n|-damage|p2a: Chesnaught|86/100 brn|[from] brn\n|upkeep\n|turn|6\n|\n|t:|1776325059\n|switch|p1a: Volcarona|Volcarona, L50, F|23/100\n|move|p1b: Milotic|Scald|p2b: Goodra\n|-resisted|p2b: Goodra|1\n|-damage|p2b: Goodra|7/100 brn\n|move|p2b: Goodra|Flash Cannon|p1a: Volcarona\n|-resisted|p1a: Volcarona|1\n|-damage|p1a: Volcarona|17/100\n|move|p2a: Chesnaught|Leech Seed|p1b: Milotic\n|-start|p1b: Milotic|move: Leech Seed\n|\n|-weather|none\n|-heal|p1a: Volcarona|23/100|[from] item: Leftovers\n|-heal|p2b: Goodra|13/100 brn|[from] item: Leftovers\n|-damage|p1b: Milotic|88/100|[from] Leech Seed|[of] p2a: Chesnaught\n|-heal|p2a: Chesnaught|97/100 brn|[silent]\n|-damage|p2b: Goodra|7/100 brn|[from] brn\n|-damage|p2a: Chesnaught|91/100 brn|[from] brn\n|upkeep\n|turn|7\n|\n|t:|1776325100\n|move|p1b: Milotic|Scald|p2b: Goodra\n|-resisted|p2b: Goodra|1\n|-damage|p2b: Goodra|0 fnt\n|faint|p2b: Goodra\n|move|p1a: Volcarona|Mystical Fire|p2a: Chesnaught\n|-supereffective|p2a: Chesnaught|1\n|-damage|p2a: Chesnaught|44/100 brn\n|-unboost|p2a: Chesnaught|spa|1\n|move|p2a: Chesnaught|Leech Seed|p1a: Volcarona\n|-start|p1a: Volcarona|move: Leech Seed\n|\n|-heal|p1a: Volcarona|29/100|[from] item: Leftovers\n|-damage|p1b: Milotic|76/100|[from] Leech Seed|[of] p2a: Chesnaught\n|-heal|p2a: Chesnaught|54/100 brn|[silent]\n|-damage|p1a: Volcarona|17/100|[from] Leech Seed|[of] p2a: Chesnaught\n|-heal|p2a: Chesnaught|65/100 brn|[silent]\n|-damage|p2a: Chesnaught|58/100 brn|[from] brn\n|-sideend|p1: lato_18|move: Tailwind\n|-sideend|p1: lato_18|move: Aurora Veil\n|upkeep\n|\n|t:|1776325124\n|switch|p2b: Basculegion|Basculegion, L50, M|100/100\n|turn|8\n|\n|t:|1776325153\n|switch|p1b: Glaceon|Glaceon, L50, M|31/100\n|move|p2b: Basculegion|Flip Turn|p1a: Volcarona\n|-supereffective|p1a: Volcarona|1\n|-damage|p1a: Volcarona|0 fnt\n|faint|p1a: Volcarona\n|\n|t:|1776325161\n|switch|p2b: Farigiraf|Farigiraf, L50, F|100/100|[from] Flip Turn\n|move|p2a: Chesnaught|Body Press|p1b: Glaceon\n|-supereffective|p1b: Glaceon|1\n|-damage|p1b: Glaceon|0 fnt\n|faint|p1b: Glaceon\n|\n|-damage|p2a: Chesnaught|52/100 brn|[from] brn\n|upkeep\n|-message|lato_18 forfeited.\n|\n|win|Tubandchubb\n|raw|lato_18's rating: 1147 &rarr; <strong>1124</strong><br />(-23 for losing)\n|raw|Tubandchubb's rating: 1180 &rarr; <strong>1203</strong><br />(+23 for winning)\n|l|\u2606lato_18\n|player|p1|\n",
  "uploadtime": 1776325175,
  "views": 22,
  "formatid": "gen9championsvgc2026regma",
  "rating": 1124,
  "private": 0,
  "password": null
}