{
  "id": "gen9championsvgc2026regma-2588543588",
  "format": "[Gen 9 Champions] VGC 2026 Reg M-A",
  "players": [
    "iccr",
    "god_platinum"
  ],
  "log": "|j|\u2606iccr\n|j|\u2606god_platinum\n|t:|1776643377\n|gametype|doubles\n|player|p1|iccr|266|1235\n|player|p2|god_platinum|blackbelt-gen4dp|1327\n|gen|9\n|tier|[Gen 9 Champions] VGC 2026 Reg M-A\n|rated|\n|rule|Species Clause: Limit one of each Pok\u00e9mon\n|rule|Item Clause: Limit 1 of each item\n|clearpoke\n|poke|p1|Torkoal, L50, M|\n|poke|p1|Drampa, L50, F|\n|poke|p1|Sinistcha, L50|\n|poke|p1|Farigiraf, L50, F|\n|poke|p1|Kingambit, L50, M, shiny|\n|poke|p1|Medicham, L50, F|\n|poke|p2|Floette-Eternal, L50, F|\n|poke|p2|Farigiraf, L50, F|\n|poke|p2|Sinistcha, L50|\n|poke|p2|Incineroar, L50, M|\n|poke|p2|Torkoal, L50, F|\n|poke|p2|Rotom-Wash, L50|\n|teampreview|4\n|inactive|Battle timer is ON: inactive players will automatically lose when time's up. (requested by iccr)\n|inactive|iccr has 60 seconds left.\n|\n|t:|1776643417\n|teamsize|p1|4\n|teamsize|p2|4\n|start\n|switch|p1a: Medicham|Medicham, L50, F|100/100\n|switch|p1b: Farigiraf|Farigiraf, L50, F|100/100\n|switch|p2a: Incineroar|Incineroar, L50, M|100/100\n|switch|p2b: Floette|Floette-Eternal, L50, F|100/100\n|-ability|p2a: Incineroar|Intimidate|boost\n|-unboost|p1a: Medicham|atk|1\n|-unboost|p1b: Farigiraf|atk|1\n|turn|1\n|inactive|god_platinum has 30 seconds left.\n|\n|t:|1776643445\n|detailschange|p2b: Floette|Floette-Mega, L50, F\n|-mega|p2b: Floette|Floette|Floettite\n|-ability|p2b: Floette|Fairy Aura\n|move|p1a: Medicham|Fake Out|p2b: Floette\n|-crit|p2b: Floette\n|-damage|p2b: Floette|75/100\n|cant|p2b: Floette|flinch\n|move|p2a: Incineroar|Darkest Lariat|p1b: Farigiraf\n|-supereffective|p1b: Farigiraf|1\n|-damage|p1b: Farigiraf|28/100\n|-enditem|p1b: Farigiraf|Sitrus Berry|[eat]\n|-heal|p1b: Farigiraf|53/100|[from] item: Sitrus Berry\n|move|p1b: Farigiraf|Trick Room|p1b: Farigiraf\n|-fieldstart|move: Trick Room|[of] p1b: Farigiraf\n|\n|upkeep\n|turn|2\n|\n|t:|1776643468\n|move|p2b: Floette|Protect|p2b: Floette\n|-singleturn|p2b: Floette|Protect\n|move|p1b: Farigiraf|Hyper Voice|p2b: Floette|[spread] p2a\n|-activate|p2b: Floette|move: Protect\n|-damage|p2a: Incineroar|72/100\n|move|p2a: Incineroar|Darkest Lariat|p1b: Farigiraf\n|-supereffective|p1b: Farigiraf|1\n|-damage|p1b: Farigiraf|0 fnt\n|faint|p1b: Farigiraf\n|move|p1a: Medicham|Close Combat|p2a: Incineroar\n|-supereffective|p2a: Incineroar|1\n|-damage|p2a: Incineroar|0 fnt\n|-unboost|p1a: Medicham|def|1\n|-unboost|p1a: Medicham|spd|1\n|faint|p2a: Incineroar\n|\n|upkeep\n|\n|t:|1776643485\n|switch|p1b: Kingambit|Kingambit, L50, M, shiny|100/100\n|switch|p2a: Torkoal|Torkoal, L50, F|100/100\n|-weather|SunnyDay|[from] ability: Drought|[of] p2a: Torkoal\n|turn|3\n|\n|t:|1776643500\n|switch|p1a: Drampa|Drampa, L50, F|100/100\n|-ability|p1a: Drampa|Cloud Nine\n|move|p1b: Kingambit|Sucker Punch|p2a: Torkoal\n|-damage|p2a: Torkoal|68/100\n|move|p2a: Torkoal|Eruption|p1a: Drampa|[spread] p1a,p1b\n|-resisted|p1a: Drampa|1\n|-supereffective|p1b: Kingambit|1\n|-damage|p1a: Drampa|81/100\n|-damage|p1b: Kingambit|21/100\n|move|p2b: Floette|Calm Mind|p2b: Floette\n|-boost|p2b: Floette|spa|1\n|-boost|p2b: Floette|spd|1\n|\n|-weather|SunnyDay|[upkeep]\n|upkeep\n|turn|4\n|\n|t:|1776643524\n|detailschange|p1a: Drampa|Drampa-Mega, L50, F\n|-mega|p1a: Drampa|Drampa|Drampanite\n|move|p2b: Floette|Protect|p2b: Floette\n|-singleturn|p2b: Floette|Protect\n|move|p1b: Kingambit|Sucker Punch|p2a: Torkoal\n|-damage|p2a: Torkoal|36/100\n|move|p2a: Torkoal|Heat Wave|p1b: Kingambit|[spread] p1a,p1b\n|-resisted|p1a: Drampa|1\n|-supereffective|p1b: Kingambit|1\n|-damage|p1a: Drampa|56/100\n|-damage|p1b: Kingambit|0 fnt\n|faint|p1b: Kingambit\n|move|p1a: Drampa|Hyper Voice|p2a: Torkoal|[spread] p2a\n|-activate|p2b: Floette|move: Protect\n|-damage|p2a: Torkoal|0 fnt\n|faint|p2a: Torkoal\n|\n|-weather|SunnyDay|[upkeep]\n|upkeep\n|\n|t:|1776643542\n|switch|p2a: Sinistcha|Sinistcha, L50|100/100\n|switch|p1b: Medicham|Medicham, L50, F|100/100\n|-heal|p2b: Floette|99/100|[from] ability: Hospitality|[of] p2a: Sinistcha\n|turn|5\n|\n|t:|1776643558\n|move|p2a: Sinistcha|Rage Powder|p2a: Sinistcha\n|-singleturn|p2a: Sinistcha|move: Rage Powder\n|move|p1a: Drampa|Hyper Voice|p2a: Sinistcha|[spread] p2b\n|-immune|p2a: Sinistcha\n|-damage|p2b: Floette|78/100\n|move|p1b: Medicham|Zen Headbutt|p2a: Sinistcha\n|-damage|p2a: Sinistcha|53/100\n|move|p2b: Floette|Dazzling Gleam|p1b: Medicham|[spread] p1a,p1b\n|-supereffective|p1a: Drampa|1\n|-supereffective|p1b: Medicham|1\n|-damage|p1a: Drampa|0 fnt\n|-damage|p1b: Medicham|0 fnt\n|faint|p1a: Drampa\n|faint|p1b: Medicham\n|\n|win|god_platinum\n|raw|iccr's rating: 1235 &rarr; <strong>1216</strong><br />(-19 for losing)\n|raw|god_platinum's rating: 1327 &rarr; <strong>1342</strong><br />(+15 for winning)\n|l|\u2606iccr\n|player|p1|\n",
  "uploadtime": 1776643586,
  "views": 9,
  "formatid": "gen9championsvgc2026regma",
  "rating": 1216,
  "private": 0,
  "password": null
}