{
  "id": "gen9championsvgc2026regma-2583347447",
  "format": "[Gen 9 Champions] VGC 2026 Reg M-A",
  "players": [
    "soulo333",
    "Bald_Kanut"
  ],
  "log": "|j|\u2606soulo333\n|j|\u2606Bald_Kanut\n|t:|1776169002\n|gametype|doubles\n|player|p1|soulo333|101|1147\n|player|p2|Bald_Kanut|n|1085\n|gen|9\n|tier|[Gen 9 Champions] VGC 2026 Reg M-A\n|rated|\n|rule|Species Clause: Limit one of each Pok\u00e9mon\n|rule|Item Clause: Limit 1 of each item\n|clearpoke\n|poke|p1|Charizard, L50, F|\n|poke|p1|Sneasler, L50, F|\n|poke|p1|Sinistcha, L50|\n|poke|p1|Incineroar, L50, F|\n|poke|p1|Milotic, L50, M|\n|poke|p1|Tyranitar, L50, F|\n|poke|p2|Floette-Eternal, L50, F|\n|poke|p2|Maushold-Four, L50|\n|poke|p2|Garchomp, L50, M|\n|poke|p2|Rotom-Wash, L50|\n|poke|p2|Aegislash, L50, F|\n|poke|p2|Talonflame, L50, M|\n|teampreview|4\n|\n|t:|1776169035\n|teamsize|p1|4\n|teamsize|p2|4\n|start\n|switch|p1a: Sneasler|Sneasler, L50, F|100/100\n|switch|p1b: Milotic|Milotic, L50, M|100/100\n|switch|p2a: Floette|Floette-Eternal, L50, F|100/100\n|switch|p2b: Garchomp|Garchomp, L50, M|100/100\n|turn|1\n|\n|t:|1776169049\n|detailschange|p2a: Floette|Floette-Mega, L50, F\n|-mega|p2a: Floette|Floette|Floettite\n|-ability|p2a: Floette|Fairy Aura\n|move|p1a: Sneasler|Protect|p1a: Sneasler\n|-singleturn|p1a: Sneasler|Protect\n|move|p2a: Floette|Protect|p2a: Floette\n|-singleturn|p2a: Floette|Protect\n|move|p2b: Garchomp|Stomping Tantrum|p1a: Sneasler\n|-activate|p1a: Sneasler|move: Protect\n|move|p1b: Milotic|Icy Wind|p2b: Garchomp|[spread] p2b\n|-activate|p2a: Floette|move: Protect\n|-supereffective|p2b: Garchomp|2\n|-damage|p2b: Garchomp|53/100\n|-unboost|p2b: Garchomp|spe|1\n|\n|upkeep\n|turn|2\n|\n|t:|1776169069\n|move|p1a: Sneasler|Dire Claw|p2a: Floette\n|-supereffective|p2a: Floette|1\n|-damage|p2a: Floette|17/100\n|move|p2a: Floette|Calm Mind|p2a: Floette\n|-boost|p2a: Floette|spa|1\n|-boost|p2a: Floette|spd|1\n|move|p1b: Milotic|Icy Wind|p2a: Floette|[spread] p2a,p2b\n|-supereffective|p2b: Garchomp|2\n|-damage|p2a: Floette|12/100\n|-damage|p2b: Garchomp|8/100\n|-unboost|p2a: Floette|spe|1\n|-unboost|p2b: Garchomp|spe|1\n|move|p2b: Garchomp|Stomping Tantrum|p1a: Sneasler\n|-supereffective|p1a: Sneasler|1\n|-enditem|p1a: Sneasler|Focus Sash\n|-damage|p1a: Sneasler|1/100\n|\n|upkeep\n|turn|3\n|\n|t:|1776169091\n|move|p1a: Sneasler|Protect|p1a: Sneasler\n|-singleturn|p1a: Sneasler|Protect\n|move|p1b: Milotic|Icy Wind|p2a: Floette|[spread] p2b\n|-miss|p1b: Milotic|p2a: Floette\n|-supereffective|p2b: Garchomp|2\n|-damage|p2b: Garchomp|0 fnt\n|faint|p2b: Garchomp\n|move|p2a: Floette|Dazzling Gleam|p1a: Sneasler|[spread] p1b\n|-activate|p1a: Sneasler|move: Protect\n|-damage|p1b: Milotic|51/100\n|\n|-heal|p1b: Milotic|57/100|[from] item: Leftovers\n|upkeep\n|\n|t:|1776169105\n|switch|p2b: Maushold|Maushold-Four, L50, shiny|100/100\n|turn|4\n|\n|t:|1776169125\n|switch|p1a: Charizard|Charizard, L50, F|100/100\n|move|p2b: Maushold|Protect|p2b: Maushold\n|-singleturn|p2b: Maushold|Protect\n|move|p1b: Milotic|Icy Wind|p2b: Maushold|[spread] \n|-activate|p2b: Maushold|move: Protect\n|-miss|p1b: Milotic|p2a: Floette\n|move|p2a: Floette|Dazzling Gleam|p1a: Charizard|[spread] p1a,p1b\n|-resisted|p1a: Charizard|1\n|-damage|p1a: Charizard|57/100\n|-damage|p1b: Milotic|7/100\n|\n|-heal|p1b: Milotic|13/100|[from] item: Leftovers\n|upkeep\n|turn|5\n|\n|t:|1776169143\n|move|p2b: Maushold|Follow Me|p2b: Maushold\n|-singleturn|p2b: Maushold|move: Follow Me\n|move|p1a: Charizard|Dragon Dance|p1a: Charizard\n|-boost|p1a: Charizard|atk|1\n|-boost|p1a: Charizard|spe|1\n|move|p1b: Milotic|Icy Wind|p2b: Maushold|[spread] p2a,p2b\n|-damage|p2a: Floette|8/100\n|-damage|p2b: Maushold|88/100\n|-unboost|p2a: Floette|spe|1\n|-unboost|p2b: Maushold|spe|1\n|move|p2a: Floette|Dazzling Gleam|p1b: Milotic|[spread] p1a,p1b\n|-resisted|p1a: Charizard|1\n|-damage|p1a: Charizard|17/100\n|-damage|p1b: Milotic|0 fnt\n|faint|p1b: Milotic\n|\n|upkeep\n|\n|t:|1776169148\n|switch|p1b: Sinistcha|Sinistcha, L50|100/100\n|-heal|p1a: Charizard|42/100|[from] ability: Hospitality|[of] p1b: Sinistcha\n|turn|6\n|\n|t:|1776169199\n|detailschange|p1a: Charizard|Charizard-Mega-X, L50, F\n|-mega|p1a: Charizard|Charizard|Charizardite X\n|move|p2b: Maushold|Follow Me|p2b: Maushold\n|-singleturn|p2b: Maushold|move: Follow Me\n|move|p1a: Charizard|Flare Blitz|p2b: Maushold\n|-damage|p2b: Maushold|0 fnt\n|faint|p2b: Maushold\n|-damage|p1a: Charizard|14/100|[from] Recoil\n|move|p1b: Sinistcha|Life Dew||[still]|[spread] p1a,p1b\n|-heal|p1a: Charizard|39/100\n|-fail|p1b: Sinistcha|heal\n|move|p2a: Floette|Dazzling Gleam|p1a: Charizard|[spread] p1a,p1b\n|-damage|p1a: Charizard|0 fnt\n|-damage|p1b: Sinistcha|12/100\n|faint|p1a: Charizard\n|\n|upkeep\n|\n|t:|1776169214\n|switch|p2b: Rotom|Rotom-Wash, L50, shiny|100/100\n|switch|p1a: Sneasler|Sneasler, L50, F|1/100\n|turn|7\n|\n|t:|1776169227\n|move|p1a: Sneasler|Dire Claw|p2b: Rotom\n|-damage|p2b: Rotom|52/100\n|move|p2b: Rotom|Thunderbolt|p1a: Sneasler\n|-damage|p1a: Sneasler|0 fnt\n|faint|p1a: Sneasler\n|move|p1b: Sinistcha|Matcha Gotcha|p2b: Rotom|[spread] p2a,p2b\n|-supereffective|p2b: Rotom|1\n|-damage|p2a: Floette|0 fnt\n|-heal|p1b: Sinistcha|16/100|[from] drain|[of] p2a: Floette\n|-damage|p2b: Rotom|0 fnt\n|-heal|p1b: Sinistcha|39/100|[from] drain|[of] p2b: Rotom\n|faint|p2a: Floette\n|faint|p2b: Rotom\n|\n|win|soulo333\n|raw|soulo333's rating: 1147 &rarr; <strong>1168</strong><br />(+21 for winning)\n|raw|Bald_Kanut's rating: 1085 &rarr; <strong>1066</strong><br />(-19 for losing)\n",
  "uploadtime": 1776169227,
  "views": 14,
  "formatid": "gen9championsvgc2026regma",
  "rating": 1066,
  "private": 0,
  "password": null
}