{
  "id": "gen9championsvgc2026regma-2584234211",
  "format": "[Gen 9 Champions] VGC 2026 Reg M-A",
  "players": [
    "colfox",
    "Lilith_the_jester"
  ],
  "log": "|j|\u203dcolfox\n|j|\u2606Lilith_the_jester\n|t:|1776241390\n|gametype|doubles\n|player|p1|colfox|2|1152\n|player|p2|Lilith_the_jester|lady|1128\n|gen|9\n|tier|[Gen 9 Champions] VGC 2026 Reg M-A\n|rated|\n|rule|Species Clause: Limit one of each Pok\u00e9mon\n|rule|Item Clause: Limit 1 of each item\n|clearpoke\n|poke|p1|Sylveon, L50, M|\n|poke|p1|Garchomp, L50, M|\n|poke|p1|Milotic, L50, M|\n|poke|p1|Ninetales, L50, M|\n|poke|p1|Raichu, L50, M|\n|poke|p1|Scizor, L50, F|\n|poke|p2|Tyranitar, L50, M|\n|poke|p2|Excadrill, L50, F|\n|poke|p2|Incineroar, L50, F|\n|poke|p2|Sinistcha, L50|\n|poke|p2|Milotic, L50, M|\n|poke|p2|Gardevoir, L50, M|\n|teampreview|4\n|\n|t:|1776241431\n|teamsize|p1|4\n|teamsize|p2|4\n|start\n|switch|p1a: Milotic|Milotic, L50, M|100/100\n|switch|p1b: Garchomp|Garchomp, L50, M|100/100\n|switch|p2a: Tyranitar|Tyranitar, L50, M|100/100\n|switch|p2b: Excadrill|Excadrill, L50, F|100/100\n|-weather|Sandstorm|[from] ability: Sand Stream|[of] p2a: Tyranitar\n|turn|1\n|\n|t:|1776241468\n|detailschange|p2a: Tyranitar|Tyranitar-Mega, L50, M\n|-mega|p2a: Tyranitar|Tyranitar|Tyranitarite\n|move|p2b: Excadrill|High Horsepower|p1b: Garchomp\n|-damage|p1b: Garchomp|47/100\n|-damage|p2b: Excadrill|88/100|[from] ability: Rough Skin|[of] p1b: Garchomp\n|move|p1b: Garchomp|Earthquake|p2b: Excadrill|[spread] p1a,p2a,p2b\n|-supereffective|p2a: Tyranitar|1\n|-supereffective|p2b: Excadrill|1\n|-damage|p1a: Milotic|63/100\n|-damage|p2a: Tyranitar|48/100\n|-damage|p2b: Excadrill|0 fnt\n|faint|p2b: Excadrill\n|move|p2a: Tyranitar|Dragon Dance|p2a: Tyranitar\n|-boost|p2a: Tyranitar|atk|1\n|-boost|p2a: Tyranitar|spe|1\n|move|p1a: Milotic|Icy Wind|p2a: Tyranitar|[miss]\n|-miss|p1a: Milotic|p2a: Tyranitar\n|\n|-weather|Sandstorm|[upkeep]\n|-damage|p1a: Milotic|57/100|[from] Sandstorm\n|upkeep\n|\n|t:|1776241489\n|switch|p2b: Sinistcha|Sinistcha, L50|100/100\n|-heal|p2a: Tyranitar|73/100|[from] ability: Hospitality|[of] p2b: Sinistcha\n|turn|2\n|\n|t:|1776241516\n|move|p1b: Garchomp|Protect|p1b: Garchomp\n|-singleturn|p1b: Garchomp|Protect\n|move|p2a: Tyranitar|Knock Off|p1b: Garchomp\n|-activate|p1b: Garchomp|move: Protect\n|move|p1a: Milotic|Icy Wind|p2b: Sinistcha|[spread] p2a,p2b\n|-supereffective|p2b: Sinistcha|1\n|-damage|p2a: Tyranitar|65/100\n|-damage|p2b: Sinistcha|69/100\n|-unboost|p2a: Tyranitar|spe|1\n|-unboost|p2b: Sinistcha|spe|1\n|move|p2b: Sinistcha|Matcha Gotcha|p1b: Garchomp|[spread] p1a\n|-activate|p1b: Garchomp|move: Protect\n|-supereffective|p1a: Milotic|1\n|-damage|p1a: Milotic|21/100\n|-heal|p2b: Sinistcha|89/100|[from] drain|[of] p1a: Milotic\n|\n|-weather|Sandstorm|[upkeep]\n|-damage|p1a: Milotic|15/100|[from] Sandstorm\n|-damage|p2b: Sinistcha|83/100|[from] Sandstorm\n|upkeep\n|turn|3\n|\n|t:|1776241541\n|move|p1a: Milotic|Protect|p1a: Milotic\n|-singleturn|p1a: Milotic|Protect\n|move|p1b: Garchomp|Earthquake|p2b: Sinistcha|[spread] p2a,p2b\n|-activate|p1a: Milotic|move: Protect\n|-supereffective|p2a: Tyranitar|1\n|-resisted|p2b: Sinistcha|1\n|-damage|p2a: Tyranitar|9/100\n|-damage|p2b: Sinistcha|68/100\n|move|p2a: Tyranitar|Dragon Dance|p2a: Tyranitar\n|-boost|p2a: Tyranitar|atk|1\n|-boost|p2a: Tyranitar|spe|1\n|move|p2b: Sinistcha|Life Dew|p2b: Sinistcha|[spread] p2a,p2b\n|-heal|p2a: Tyranitar|34/100\n|-heal|p2b: Sinistcha|94/100\n|\n|-weather|Sandstorm|[upkeep]\n|-damage|p1a: Milotic|9/100|[from] Sandstorm\n|-damage|p2b: Sinistcha|88/100|[from] Sandstorm\n|upkeep\n|turn|4\n|\n|t:|1776241571\n|move|p2a: Tyranitar|Knock Off|p1b: Garchomp\n|-damage|p1b: Garchomp|0 fnt\n|-damage|p2a: Tyranitar|22/100|[from] ability: Rough Skin|[of] p1b: Garchomp\n|-enditem|p1b: Garchomp|Haban Berry|[from] move: Knock Off|[of] p2a: Tyranitar\n|faint|p1b: Garchomp\n|move|p1a: Milotic|Icy Wind|p2a: Tyranitar|[spread] p2a,p2b\n|-supereffective|p2b: Sinistcha|1\n|-damage|p2a: Tyranitar|14/100\n|-damage|p2b: Sinistcha|56/100\n|-unboost|p2a: Tyranitar|spe|1\n|-unboost|p2b: Sinistcha|spe|1\n|move|p2b: Sinistcha|Matcha Gotcha|p1a: Milotic|[miss]\n|-miss|p2b: Sinistcha|p1a: Milotic\n|\n|-weather|Sandstorm|[upkeep]\n|-damage|p1a: Milotic|3/100|[from] Sandstorm\n|-damage|p2b: Sinistcha|50/100|[from] Sandstorm\n|-enditem|p2b: Sinistcha|Sitrus Berry|[eat]\n|-heal|p2b: Sinistcha|75/100|[from] item: Sitrus Berry\n|upkeep\n|\n|t:|1776241592\n|switch|p1b: Scizor|Scizor, L50, F|100/100\n|turn|5\n|\n|t:|1776241604\n|detailschange|p1b: Scizor|Scizor-Mega, L50, F\n|-mega|p1b: Scizor|Scizor|Scizorite\n|move|p2a: Tyranitar|Protect|p2a: Tyranitar\n|-singleturn|p2a: Tyranitar|Protect\n|move|p1b: Scizor|Bullet Punch|p2a: Tyranitar\n|-activate|p2a: Tyranitar|move: Protect\n|move|p1a: Milotic|Recover|p1a: Milotic\n|-heal|p1a: Milotic|53/100\n|move|p2b: Sinistcha|Life Dew|p2b: Sinistcha|[spread] p2a,p2b\n|-heal|p2a: Tyranitar|39/100\n|-heal|p2b: Sinistcha|99/100\n|\n|-weather|none\n|upkeep\n|turn|6\n|\n|t:|1776241652\n|switch|p2a: Milotic|Milotic, L50, M|100/100\n|move|p1a: Milotic|Icy Wind|p2a: Milotic|[spread] p2a,p2b\n|-resisted|p2a: Milotic|1\n|-supereffective|p2b: Sinistcha|1\n|-damage|p2a: Milotic|95/100\n|-damage|p2b: Sinistcha|70/100\n|-unboost|p2a: Milotic|spe|1\n|-ability|p2a: Milotic|Competitive|boost\n|-boost|p2a: Milotic|spa|2\n|-unboost|p2b: Sinistcha|spe|1\n|move|p1b: Scizor|Bug Bite|p2a: Milotic\n|-damage|p2a: Milotic|31/100\n|move|p2b: Sinistcha|Strength Sap|p1b: Scizor\n|-unboost|p1b: Scizor|atk|1\n|-heal|p2b: Sinistcha|100/100\n|\n|-heal|p2a: Milotic|37/100|[from] item: Leftovers\n|upkeep\n|turn|7\n|\n|t:|1776241677\n|move|p1b: Scizor|Protect|p1b: Scizor\n|-singleturn|p1b: Scizor|Protect\n|move|p2b: Sinistcha|Rage Powder|p2b: Sinistcha\n|-singleturn|p2b: Sinistcha|move: Rage Powder\n|move|p1a: Milotic|Recover|p1a: Milotic\n|-heal|p1a: Milotic|100/100\n|move|p2a: Milotic|Scald|p1b: Scizor\n|-activate|p1b: Scizor|move: Protect\n|\n|-heal|p2a: Milotic|43/100|[from] item: Leftovers\n|upkeep\n|turn|8\n|\n|t:|1776241698\n|move|p2b: Sinistcha|Rage Powder|p2b: Sinistcha\n|-singleturn|p2b: Sinistcha|move: Rage Powder\n|move|p1a: Milotic|Scald|p2b: Sinistcha\n|-resisted|p2b: Sinistcha|1\n|-damage|p2b: Sinistcha|79/100\n|move|p1b: Scizor|Bug Bite|p2b: Sinistcha\n|-damage|p2b: Sinistcha|49/100\n|move|p2a: Milotic|Scald|p1b: Scizor\n|-damage|p1b: Scizor|36/100\n|\n|-heal|p2a: Milotic|49/100|[from] item: Leftovers\n|upkeep\n|turn|9\n|\n|t:|1776241715\n|switch|p1b: Ninetales|Ninetales, L50, M|100/100\n|-weather|SunnyDay|[from] ability: Drought|[of] p1b: Ninetales\n|move|p2b: Sinistcha|Rage Powder|p2b: Sinistcha\n|-singleturn|p2b: Sinistcha|move: Rage Powder\n|move|p1a: Milotic|Icy Wind|p2a: Milotic|[spread] p2b\n|-miss|p1a: Milotic|p2a: Milotic\n|-supereffective|p2b: Sinistcha|1\n|-damage|p2b: Sinistcha|20/100\n|-unboost|p2b: Sinistcha|spe|1\n|move|p2a: Milotic|Scald|p1b: Ninetales\n|-supereffective|p1b: Ninetales|1\n|-damage|p1b: Ninetales|39/100\n|\n|-weather|SunnyDay|[upkeep]\n|-heal|p2a: Milotic|55/100|[from] item: Leftovers\n|upkeep\n|turn|10\n|\n|t:|1776241749\n|switch|p2b: Tyranitar|Tyranitar-Mega, L50, M|39/100\n|-weather|Sandstorm|[from] ability: Sand Stream|[of] p2b: Tyranitar\n|move|p1b: Ninetales|Heat Wave|p2a: Milotic|[spread] p2a,p2b\n|-resisted|p2a: Milotic|1\n|-resisted|p2b: Tyranitar|1\n|-damage|p2a: Milotic|47/100\n|-damage|p2b: Tyranitar|33/100\n|move|p1a: Milotic|Scald|p2a: Milotic\n|-resisted|p2a: Milotic|1\n|-damage|p2a: Milotic|33/100\n|move|p2a: Milotic|Scald|p1b: Ninetales\n|-supereffective|p1b: Ninetales|1\n|-crit|p1b: Ninetales\n|-damage|p1b: Ninetales|0 fnt\n|faint|p1b: Ninetales\n|\n|-weather|Sandstorm|[upkeep]\n|-damage|p1a: Milotic|95/100|[from] Sandstorm\n|-damage|p2a: Milotic|27/100|[from] Sandstorm\n|-heal|p2a: Milotic|33/100|[from] item: Leftovers\n|upkeep\n|\n|t:|1776241769\n|switch|p1b: Scizor|Scizor-Mega, L50, F|36/100\n|turn|11\n|\n|t:|1776241779\n|switch|p2a: Sinistcha|Sinistcha, L50|20/100\n|-heal|p2b: Tyranitar|57/100|[from] ability: Hospitality|[of] p2a: Sinistcha\n|move|p2b: Tyranitar|Protect|p2b: Tyranitar\n|-singleturn|p2b: Tyranitar|Protect\n|move|p1a: Milotic|Scald|p2b: Tyranitar\n|-activate|p2b: Tyranitar|move: Protect\n|move|p1b: Scizor|Bug Bite|p2a: Sinistcha\n|-damage|p2a: Sinistcha|0 fnt\n|faint|p2a: Sinistcha\n|\n|-weather|Sandstorm|[upkeep]\n|-damage|p1a: Milotic|89/100|[from] Sandstorm\n|upkeep\n|\n|t:|1776241795\n|switch|p2a: Milotic|Milotic, L50, M|33/100\n|turn|12\n|\n|t:|1776241809\n|move|p2a: Milotic|Scald|p1b: Scizor\n|-damage|p1b: Scizor|3/100\n|move|p2b: Tyranitar|Knock Off|p1a: Milotic\n|-damage|p1a: Milotic|22/100\n|-enditem|p1a: Milotic|Wacan Berry|[from] move: Knock Off|[of] p2b: Tyranitar\n|move|p1a: Milotic|Scald|p2b: Tyranitar\n|-supereffective|p2b: Tyranitar|1\n|-damage|p2b: Tyranitar|18/100\n|move|p1b: Scizor|Bug Bite|p2a: Milotic\n|-damage|p2a: Milotic|0 fnt\n|faint|p2a: Milotic\n|\n|-weather|Sandstorm|[upkeep]\n|-damage|p1a: Milotic|16/100|[from] Sandstorm\n|upkeep\n|turn|13\n|\n|t:|1776241829\n|move|p1b: Scizor|Bullet Punch|p2b: Tyranitar\n|-supereffective|p2b: Tyranitar|1\n|-damage|p2b: Tyranitar|0 fnt\n|faint|p2b: Tyranitar\n|\n|win|colfox\n|raw|colfox's rating: 1152 &rarr; <strong>1175</strong><br />(+23 for winning)\n|raw|Lilith_the_jester's rating: 1128 &rarr; <strong>1105</strong><br />(-23 for losing)\n|l|\u2606Lilith_the_jester\n|player|p2|\n",
  "uploadtime": 1776241854,
  "views": 38,
  "formatid": "gen9championsvgc2026regma",
  "rating": 1105,
  "private": 0,
  "password": null
}