{
  "id": "gen9championsvgc2026regma-2584913726",
  "format": "[Gen 9 Champions] VGC 2026 Reg M-A",
  "players": [
    "ThaiSenNJ",
    "karanlikkhan"
  ],
  "log": "|j|\u2606ThaiSenNJ\n|j|\u2606karanlikkhan\n|t:|1776294007\n|gametype|doubles\n|player|p1|ThaiSenNJ|flannery|1112\n|player|p2|karanlikkhan|2|1035\n|gen|9\n|tier|[Gen 9 Champions] VGC 2026 Reg M-A\n|rated|\n|rule|Species Clause: Limit one of each Pok\u00e9mon\n|rule|Item Clause: Limit 1 of each item\n|clearpoke\n|poke|p1|Aurorus, L50, M|\n|poke|p1|Aerodactyl, L50, M|\n|poke|p1|Meganium, L50, F|\n|poke|p1|Arcanine, L50, M|\n|poke|p1|Alcremie-Lemon-Cream, L50, F|\n|poke|p1|Toucannon, L50, M|\n|poke|p2|Floette-Eternal, L50, F|\n|poke|p2|Clefable, L50, F|\n|poke|p2|Garchomp, L50, F|\n|poke|p2|Incineroar, L50, F|\n|poke|p2|Sinistcha, L50|\n|poke|p2|Aerodactyl, L50, F|\n|teampreview|4\n|\n|t:|1776294067\n|teamsize|p1|4\n|teamsize|p2|4\n|start\n|switch|p1a: Aurorus|Aurorus, L50, M|100/100\n|switch|p1b: Arcanine|Arcanine, L50, M|100/100\n|switch|p2a: Aerodactyl|Aerodactyl, L50, F|100/100\n|switch|p2b: Floette|Floette-Eternal, L50, F|100/100\n|-ability|p2a: Aerodactyl|Unnerve\n|-ability|p1b: Arcanine|Intimidate|boost\n|-unboost|p2a: Aerodactyl|atk|1\n|-unboost|p2b: Floette|atk|1\n|-weather|Snowscape|[from] ability: Snow Warning|[of] p1a: Aurorus\n|turn|1\n|inactive|Battle timer is ON: inactive players will automatically lose when time's up. (requested by karanlikkhan)\n|\n|t:|1776294092\n|switch|p2b: Incineroar|Incineroar, L50, F|100/100\n|-ability|p2b: Incineroar|Intimidate|boost\n|-unboost|p1a: Aurorus|atk|1\n|-unboost|p1b: Arcanine|atk|1\n|move|p1b: Arcanine|Extreme Speed|p2a: Aerodactyl\n|-resisted|p2a: Aerodactyl|1\n|-damage|p2a: Aerodactyl|86/100\n|move|p2a: Aerodactyl|Rock Slide|p1a: Aurorus|[spread] p1a,p1b\n|-supereffective|p1a: Aurorus|1\n|-supereffective|p1b: Arcanine|1\n|-damage|p1a: Aurorus|78/100\n|-damage|p1b: Arcanine|64/100\n|cant|p1a: Aurorus|flinch\n|\n|-weather|Snowscape|[upkeep]\n|upkeep\n|turn|2\n|inactive|karanlikkhan has 30 seconds left.\n|\n|t:|1776294124\n|switch|p1b: Meganium|Meganium, L50, F, shiny|100/100\n|switch|p1a: Aerodactyl|Aerodactyl, L50, M|100/100\n|-ability|p1a: Aerodactyl|Unnerve\n|move|p2b: Incineroar|Fake Out|p1b: Meganium\n|-damage|p1b: Meganium|86/100\n|move|p2a: Aerodactyl|Tailwind|p2a: Aerodactyl\n|-sidestart|p2: karanlikkhan|move: Tailwind\n|\n|-weather|Snowscape|[upkeep]\n|upkeep\n|turn|3\n|inactive|ThaiSenNJ has 30 seconds left.\n|\n|t:|1776294152\n|switch|p1b: Arcanine|Arcanine, L50, M|64/100\n|-ability|p1b: Arcanine|Intimidate|boost\n|-unboost|p2a: Aerodactyl|atk|1\n|-unboost|p2b: Incineroar|atk|1\n|move|p2a: Aerodactyl|Dual Wingbeat|p1b: Arcanine\n|-damage|p1b: Arcanine|54/100\n|-damage|p1b: Arcanine|45/100\n|-hitcount|p1b: Arcanine|2\n|move|p1a: Aerodactyl|Rock Slide|p2a: Aerodactyl|[spread] p2a,p2b\n|-supereffective|p2a: Aerodactyl|1\n|-supereffective|p2b: Incineroar|1\n|-damage|p2a: Aerodactyl|2/100\n|-damage|p2b: Incineroar|50/100\n|move|p2b: Incineroar|Flare Blitz|p1b: Arcanine\n|-resisted|p1b: Arcanine|1\n|-damage|p1b: Arcanine|21/100\n|-damage|p2b: Incineroar|42/100|[from] Recoil\n|\n|-weather|Snowscape|[upkeep]\n|upkeep\n|turn|4\n|inactive|karanlikkhan has 30 seconds left.\n|\n|t:|1776294181\n|move|p1b: Arcanine|Extreme Speed|p2a: Aerodactyl\n|-resisted|p2a: Aerodactyl|1\n|-damage|p2a: Aerodactyl|0 fnt\n|faint|p2a: Aerodactyl\n|-heal|p1b: Arcanine|21/100|[from] item: Shell Bell|[of] p2: Aerodactyl\n|move|p1a: Aerodactyl|Tailwind|p1a: Aerodactyl\n|-sidestart|p1: ThaiSenNJ|move: Tailwind\n|move|p2b: Incineroar|Parting Shot|p1a: Aerodactyl\n|-unboost|p1a: Aerodactyl|atk|1\n|-unboost|p1a: Aerodactyl|spa|1\n|\n|t:|1776294190\n|switch|p2b: Garchomp|Garchomp, L50, F|100/100|[from] Parting Shot\n|\n|-weather|Snowscape|[upkeep]\n|upkeep\n|\n|t:|1776294195\n|switch|p2a: Floette|Floette-Eternal, L50, F|100/100\n|turn|5\n|\n|t:|1776294204\n|switch|p1b: Aurorus|Aurorus, L50, M|78/100\n|detailschange|p2a: Floette|Floette-Mega, L50, F\n|-mega|p2a: Floette|Floette|Floettite\n|-ability|p2a: Floette|Fairy Aura\n|move|p1a: Aerodactyl|Protect|p1a: Aerodactyl\n|-singleturn|p1a: Aerodactyl|Protect\n|move|p2a: Floette|Protect|p2a: Floette\n|-singleturn|p2a: Floette|Protect\n|move|p2b: Garchomp|Rock Slide|p1b: Aurorus|[spread] p1b\n|-activate|p1a: Aerodactyl|move: Protect\n|-supereffective|p1b: Aurorus|1\n|-damage|p1b: Aurorus|47/100\n|\n|-weather|none\n|-sideend|p2: karanlikkhan|move: Tailwind\n|upkeep\n|turn|6\n|inactive|ThaiSenNJ has 30 seconds left.\n|\n|t:|1776294232\n|switch|p1b: Arcanine|Arcanine, L50, M|21/100\n|-ability|p1b: Arcanine|Intimidate|boost\n|-unboost|p2a: Floette|atk|1\n|-unboost|p2b: Garchomp|atk|1\n|switch|p2a: Incineroar|Incineroar, L50, F|42/100\n|-ability|p2a: Incineroar|Intimidate|boost\n|-unboost|p1a: Aerodactyl|atk|1\n|-unboost|p1b: Arcanine|atk|1\n|move|p1a: Aerodactyl|Rock Slide|p2a: Incineroar|[spread] p2a\n|-miss|p1a: Aerodactyl|p2b: Garchomp\n|-supereffective|p2a: Incineroar|1\n|-damage|p2a: Incineroar|12/100\n|move|p2b: Garchomp|Rock Slide|p1a: Aerodactyl|[spread] p1b\n|-miss|p2b: Garchomp|p1a: Aerodactyl\n|-supereffective|p1b: Arcanine|1\n|-damage|p1b: Arcanine|0 fnt\n|faint|p1b: Arcanine\n|\n|upkeep\n|\n|t:|1776294248\n|switch|p1b: Aurorus|Aurorus, L50, M|47/100\n|-weather|Snowscape|[from] ability: Snow Warning|[of] p1b: Aurorus\n|turn|7\n|inactive|ThaiSenNJ has 30 seconds left.\n|-activate|p1b: Aurorus|item: Quick Claw\n|\n|t:|1776294275\n|move|p2a: Incineroar|Fake Out|p1b: Aurorus\n|-resisted|p1b: Aurorus|1\n|-damage|p1b: Aurorus|42/100\n|cant|p1b: Aurorus|flinch\n|move|p1a: Aerodactyl|Tailwind||[still]\n|-fail|p1a: Aerodactyl\n|move|p2b: Garchomp|Rock Slide|p1b: Aurorus|[spread] p1a,p1b\n|-supereffective|p1a: Aerodactyl|1\n|-supereffective|p1b: Aurorus|1\n|-damage|p1a: Aerodactyl|50/100\n|-damage|p1b: Aurorus|21/100\n|\n|-weather|Snowscape|[upkeep]\n|-sideend|p1: ThaiSenNJ|move: Tailwind\n|upkeep\n|turn|8\n|-activate|p1b: Aurorus|item: Quick Claw\n|\n|t:|1776294300\n|move|p1b: Aurorus|Aurora Veil|p1b: Aurorus\n|-sidestart|p1: ThaiSenNJ|move: Aurora Veil\n|move|p2b: Garchomp|Rock Slide|p1a: Aerodactyl|[spread] p1a,p1b\n|-supereffective|p1a: Aerodactyl|1\n|-supereffective|p1b: Aurorus|1\n|-damage|p1a: Aerodactyl|17/100\n|-damage|p1b: Aurorus|7/100\n|move|p1a: Aerodactyl|Tailwind|p1a: Aerodactyl\n|-sidestart|p1: ThaiSenNJ|move: Tailwind\n|move|p2a: Incineroar|Flare Blitz|p1b: Aurorus\n|-damage|p1b: Aurorus|0 fnt\n|faint|p1b: Aurorus\n|-damage|p2a: Incineroar|10/100|[from] Recoil\n|\n|-weather|Snowscape|[upkeep]\n|upkeep\n|\n|t:|1776294306\n|switch|p1b: Meganium|Meganium, L50, F, shiny|86/100\n|turn|9\n|\n|t:|1776294318\n|detailschange|p1b: Meganium|Meganium-Mega, L50, F, shiny\n|-mega|p1b: Meganium|Meganium|Meganiumite\n|move|p1a: Aerodactyl|Rock Slide|p2b: Garchomp|[spread] p2a,p2b\n|-supereffective|p2a: Incineroar|1\n|-resisted|p2b: Garchomp|1\n|-damage|p2a: Incineroar|0 fnt\n|-damage|p2b: Garchomp|94/100\n|faint|p2a: Incineroar\n|move|p1b: Meganium|Dazzling Gleam|p2b: Garchomp\n|-supereffective|p2b: Garchomp|1\n|-damage|p2b: Garchomp|0 fnt\n|faint|p2b: Garchomp\n|\n|-weather|Snowscape|[upkeep]\n|upkeep\n|\n|t:|1776294332\n|switch|p2b: Floette|Floette-Mega, L50, F|100/100\n|-ability|p2b: Floette|Fairy Aura\n|turn|10\n|\n|t:|1776294343\n|move|p1a: Aerodactyl|Protect|p1a: Aerodactyl\n|-singleturn|p1a: Aerodactyl|Protect\n|move|p1b: Meganium|Solar Beam||[still]\n|-prepare|p1b: Meganium|Solar Beam\n|-activate|p1b: Meganium|ability: Mega Sol\n|-anim|p1b: Meganium|Solar Beam|p2b: Floette\n|-damage|p2b: Floette|33/100\n|move|p2b: Floette|Dazzling Gleam|p1a: Aerodactyl|[spread] p1b\n|-activate|p1a: Aerodactyl|move: Protect\n|-damage|p1b: Meganium|56/100\n|\n|-weather|Snowscape|[upkeep]\n|upkeep\n|turn|11\n|\n|t:|1776294356\n|move|p2b: Floette|Protect|p2b: Floette\n|-singleturn|p2b: Floette|Protect\n|move|p1a: Aerodactyl|Dual Wingbeat|p2b: Floette\n|-activate|p2b: Floette|move: Protect\n|move|p1b: Meganium|Solar Beam||[still]\n|-prepare|p1b: Meganium|Solar Beam\n|-activate|p1b: Meganium|ability: Mega Sol\n|-anim|p1b: Meganium|Solar Beam|p2b: Floette\n|-activate|p2b: Floette|move: Protect\n|\n|-weather|none\n|-sideend|p1: ThaiSenNJ|move: Tailwind\n|upkeep\n|turn|12\n|\n|t:|1776294368\n|move|p1a: Aerodactyl|Tailwind|p1a: Aerodactyl\n|-sidestart|p1: ThaiSenNJ|move: Tailwind\n|move|p1b: Meganium|Solar Beam||[still]\n|-prepare|p1b: Meganium|Solar Beam\n|-activate|p1b: Meganium|ability: Mega Sol\n|-anim|p1b: Meganium|Solar Beam|p2b: Floette\n|-damage|p2b: Floette|0 fnt\n|faint|p2b: Floette\n|\n|win|ThaiSenNJ\n|raw|ThaiSenNJ's rating: 1112 &rarr; <strong>1132</strong><br />(+20 for winning)\n|raw|karanlikkhan's rating: 1035 &rarr; <strong>1023</strong><br />(-12 for losing)\n|l|\u2606karanlikkhan\n|player|p2|\n",
  "uploadtime": 1776294374,
  "views": 36,
  "formatid": "gen9championsvgc2026regma",
  "rating": 1023,
  "private": 0,
  "password": null
}