{
  "id": "gen9championsvgc2026regma-2581562729",
  "format": "[Gen 9 Champions] VGC 2026 Reg M-A",
  "players": [
    "Tailwind Lobbyist",
    "spoopified"
  ],
  "log": "|j|\u2606Tailwind Lobbyist\n|j|\u2606spoopified\n|t:|1776011200\n|gametype|doubles\n|player|p1|Tailwind Lobbyist|clerkf|1059\n|player|p2|spoopified|101|1023\n|gen|9\n|tier|[Gen 9 Champions] VGC 2026 Reg M-A\n|rated|\n|rule|Species Clause: Limit one of each Pok\u00e9mon\n|rule|Item Clause: Limit 1 of each item\n|clearpoke\n|poke|p1|Lucario, L50, M|\n|poke|p1|Incineroar, L50, M|\n|poke|p1|Aerodactyl, L50, M|\n|poke|p1|Garchomp, L50, F|\n|poke|p1|Farigiraf, L50, F|\n|poke|p1|Sylveon, L50, F|\n|poke|p2|Gallade, L50, M|\n|poke|p2|Froslass, L50, F|\n|poke|p2|Sinistcha, L50|\n|poke|p2|Archaludon, L50, F|\n|poke|p2|Altaria, L50, F|\n|poke|p2|Ninetales-Alola, L50, F|\n|teampreview|4\n|inactive|Battle timer is ON: inactive players will automatically lose when time's up. (requested by spoopified)\nTailwind Lobbyist has agreed to open team sheets.\n|inactive|spoopified has 60 seconds left.\n|\n|t:|1776011247\n|teamsize|p1|4\n|teamsize|p2|4\n|start\n|switch|p1a: Aerodactyl|Aerodactyl, L50, M|100/100\n|switch|p1b: Lucario|Lucario, L50, M, shiny|100/100\n|switch|p2a: Ninetales|Ninetales-Alola, L50, F, shiny|100/100\n|switch|p2b: Gallade|Gallade, L50, M|100/100\n|-ability|p1a: Aerodactyl|Unnerve\n|-weather|Snowscape|[from] ability: Snow Warning|[of] p2a: Ninetales\n|turn|1\n|\n|t:|1776011265\n|detailschange|p1b: Lucario|Lucario-Mega, L50, M, shiny\n|-mega|p1b: Lucario|Lucario|Lucarionite\n|move|p2b: Gallade|Protect|p2b: Gallade\n|-singleturn|p2b: Gallade|Protect\n|move|p1b: Lucario|Bullet Punch|p2a: Ninetales\n|-supereffective|p2a: Ninetales|2\n|-enditem|p2a: Ninetales|Focus Sash\n|-damage|p2a: Ninetales|1/100\n|move|p1a: Aerodactyl|Dual Wingbeat|p2b: Gallade\n|-activate|p2b: Gallade|move: Protect\n|move|p2a: Ninetales|Aurora Veil|p2a: Ninetales\n|-sidestart|p2: spoopified|move: Aurora Veil\n|\n|-weather|Snowscape|[upkeep]\n|upkeep\n|turn|2\n|\n|t:|1776011288\n|move|p1a: Aerodactyl|Dual Wingbeat|p2b: Gallade|[miss]\n|-miss|p1a: Aerodactyl|p2b: Gallade\n|move|p1b: Lucario|Meteor Mash|p2b: Gallade|[miss]\n|-miss|p1b: Lucario|p2b: Gallade\n|move|p2a: Ninetales|Disable|p1b: Lucario\n|-start|p1b: Lucario|Disable|Meteor Mash\n|move|p2b: Gallade|Sacred Sword|p1b: Lucario\n|-supereffective|p1b: Lucario|1\n|-damage|p1b: Lucario|0 fnt\n|faint|p1b: Lucario\n|\n|-weather|Snowscape|[upkeep]\n|upkeep\n|\n|t:|1776011304\n|switch|p1b: Sylveon|Sylveon, L50, F, shiny|100/100\n|turn|3\n|\n|t:|1776011313\n|move|p2b: Gallade|Protect|p2b: Gallade\n|-singleturn|p2b: Gallade|Protect\n|move|p1a: Aerodactyl|Tailwind|p1a: Aerodactyl\n|-sidestart|p1: Tailwind Lobbyist|move: Tailwind\n|move|p2a: Ninetales|Blizzard|p1b: Sylveon|[spread] p1a,p1b\n|-supereffective|p1a: Aerodactyl|1\n|-damage|p1a: Aerodactyl|16/100\n|-damage|p1b: Sylveon|80/100\n|-status|p1a: Aerodactyl|frz\n|move|p1b: Sylveon|Hyper Voice|p2a: Ninetales|[spread] p2a\n|-activate|p2b: Gallade|move: Protect\n|-damage|p2a: Ninetales|0 fnt\n|faint|p2a: Ninetales\n|\n|-weather|Snowscape|[upkeep]\n|upkeep\n|\n|t:|1776011329\n|switch|p2a: Froslass|Froslass, L50, F|100/100\n|turn|4\n|\n|t:|1776011342\n|cant|p1a: Aerodactyl|frz\n|move|p2a: Froslass|Will-O-Wisp|p1b: Sylveon\n|-status|p1b: Sylveon|brn\n|move|p2b: Gallade|Aqua Cutter|p1a: Aerodactyl\n|-supereffective|p1a: Aerodactyl|1\n|-damage|p1a: Aerodactyl|0 fnt\n|faint|p1a: Aerodactyl\n|move|p1b: Sylveon|Draining Kiss|p2b: Gallade\n|-supereffective|p2b: Gallade|1\n|-damage|p2b: Gallade|61/100\n|-heal|p1b: Sylveon|100/100 brn|[from] drain|[of] p2b: Gallade\n|\n|-weather|Snowscape|[upkeep]\n|-damage|p1b: Sylveon|95/100 brn|[from] brn\n|upkeep\n|\n|t:|1776011353\n|switch|p1a: Incineroar|Incineroar, L50, M|100/100\n|-ability|p1a: Incineroar|Intimidate|boost\n|-unboost|p2a: Froslass|atk|1\n|-unboost|p2b: Gallade|atk|1\n|turn|5\n|\n|t:|1776011368\n|switch|p2a: Archaludon|Archaludon, L50, F|100/100\n|move|p1a: Incineroar|Fake Out|p2b: Gallade\n|-damage|p2b: Gallade|49/100\n|cant|p2b: Gallade|flinch\n|move|p1b: Sylveon|Hyper Voice|p2b: Gallade|[spread] p2a,p2b\n|-supereffective|p2b: Gallade|1\n|-damage|p2a: Archaludon|62/100\n|-damage|p2b: Gallade|0 fnt\n|-ability|p2a: Archaludon|Stamina|boost\n|-boost|p2a: Archaludon|def|1\n|faint|p2b: Gallade\n|\n|-weather|none\n|-heal|p2a: Archaludon|68/100|[from] item: Leftovers\n|-damage|p1b: Sylveon|89/100 brn|[from] brn\n|-sideend|p2: spoopified|move: Aurora Veil\n|upkeep\n|\n|t:|1776011385\n|switch|p2b: Froslass|Froslass, L50, F|100/100\n|turn|6\n|\n|t:|1776011393\n|detailschange|p2b: Froslass|Froslass-Mega, L50, F\n|-mega|p2b: Froslass|Froslass|Froslassite\n|-weather|Snowscape|[from] ability: Snow Warning|[of] p2b: Froslass\n|move|p2b: Froslass|Aurora Veil|p2b: Froslass\n|-sidestart|p2: spoopified|move: Aurora Veil\n|move|p1a: Incineroar|Flare Blitz|p2a: Archaludon\n|-damage|p2a: Archaludon|54/100\n|-ability|p2a: Archaludon|Stamina|boost\n|-boost|p2a: Archaludon|def|1\n|-damage|p1a: Incineroar|96/100|[from] Recoil\n|move|p1b: Sylveon|Hyper Voice|p2a: Archaludon|[spread] p2a,p2b\n|-damage|p2a: Archaludon|17/100\n|-damage|p2b: Froslass|69/100\n|-ability|p2a: Archaludon|Stamina|boost\n|-boost|p2a: Archaludon|def|1\n|move|p2a: Archaludon|Flash Cannon|p1b: Sylveon\n|-supereffective|p1b: Sylveon|1\n|-damage|p1b: Sylveon|38/100 brn\n|\n|-weather|Snowscape|[upkeep]\n|-heal|p2a: Archaludon|23/100|[from] item: Leftovers\n|-damage|p1b: Sylveon|32/100 brn|[from] brn\n|-sideend|p1: Tailwind Lobbyist|move: Tailwind\n|upkeep\n|turn|7\n|inactive|Tailwind Lobbyist has 30 seconds left.\n|inactive|spoopified has 30 seconds left.\n|\n|t:|1776011421\n|move|p2b: Froslass|Blizzard|p1a: Incineroar|[spread] p1a,p1b\n|-resisted|p1a: Incineroar|1\n|-crit|p1a: Incineroar\n|-damage|p1a: Incineroar|72/100\n|-damage|p1b: Sylveon|2/100 brn\n|move|p2a: Archaludon|Aura Sphere|p1a: Incineroar\n|-supereffective|p1a: Incineroar|1\n|-crit|p1a: Incineroar\n|-damage|p1a: Incineroar|13/100\n|-enditem|p1a: Incineroar|Sitrus Berry|[eat]\n|-heal|p1a: Incineroar|38/100|[from] item: Sitrus Berry\n|move|p1a: Incineroar|Flare Blitz|p2b: Froslass\n|-supereffective|p2b: Froslass|1\n|-crit|p2b: Froslass\n|-damage|p2b: Froslass|0 fnt\n|faint|p2b: Froslass\n|-damage|p1a: Incineroar|18/100|[from] Recoil\n|move|p1b: Sylveon|Hyper Voice|p2a: Archaludon\n|-damage|p2a: Archaludon|0 fnt\n|faint|p2a: Archaludon\n|\n|win|Tailwind Lobbyist\n|raw|Tailwind Lobbyist's rating: 1059 &rarr; <strong>1087</strong><br />(+28 for winning)\n|raw|spoopified's rating: 1023 &rarr; <strong>1011</strong><br />(-12 for losing)\n|l|\u2606spoopified\n|player|p2|\n",
  "uploadtime": 1776011448,
  "views": 32,
  "formatid": "gen9championsvgc2026regma",
  "rating": 1011,
  "private": 0,
  "password": null
}