{
  "id": "gen9championsvgc2026regma-2582487961",
  "format": "[Gen 9 Champions] VGC 2026 Reg M-A",
  "players": [
    "Lord Of Bulk",
    "battle sim trainer"
  ],
  "log": "|j|\u2606Lord Of Bulk\n|j|\u2606battle sim trainer\n|t:|1776094879\n|gametype|doubles\n|player|p1|Lord Of Bulk|alder|1077\n|player|p2|battle sim trainer|turo|1102\n|gen|9\n|tier|[Gen 9 Champions] VGC 2026 Reg M-A\n|rated|\n|rule|Species Clause: Limit one of each Pok\u00e9mon\n|rule|Item Clause: Limit 1 of each item\n|clearpoke\n|poke|p1|Froslass, L50, F|\n|poke|p1|Kingambit, L50, M|\n|poke|p1|Palafin, L50, M|\n|poke|p1|Sneasler, L50, M|\n|poke|p1|Sinistcha, L50|\n|poke|p1|Arcanine-Hisui, L50, F|\n|poke|p2|Gallade, L50, M|\n|poke|p2|Torkoal, L50, M|\n|poke|p2|Crabominable, L50, F|\n|poke|p2|Farigiraf, L50, M|\n|poke|p2|Kangaskhan, L50, F|\n|poke|p2|Sinistcha-Masterpiece, L50|\n|teampreview|4\n|inactive|Battle timer is ON: inactive players will automatically lose when time's up. (requested by Lord Of Bulk)\n|inactive|battle sim trainer has 60 seconds left.\n|\n|t:|1776094937\n|teamsize|p1|4\n|teamsize|p2|4\n|start\n|switch|p1a: Palafin|Palafin, L50, M|100/100\n|switch|p1b: Arcanine|Arcanine-Hisui, L50, F|100/100\n|switch|p2a: Sinistcha|Sinistcha-Masterpiece, L50|100/100\n|switch|p2b: Gallade|Gallade, L50, M|100/100\n|-ability|p1b: Arcanine|Intimidate|boost\n|-unboost|p2a: Sinistcha|atk|1\n|-unboost|p2b: Gallade|atk|1\n|turn|1\n|\n|t:|1776094959\n|detailschange|p1a: Palafin|Palafin-Hero, L50, M\n|switch|p1a: Froslass|Froslass, L50, F|100/100\n|move|p2b: Gallade|Wide Guard|p2b: Gallade\n|-singleturn|p2b: Gallade|Wide Guard\n|move|p1b: Arcanine|Flare Blitz|p2a: Sinistcha\n|-supereffective|p2a: Sinistcha|1\n|-damage|p2a: Sinistcha|3/100\n|-damage|p1b: Arcanine|67/100|[from] Recoil\n|move|p2a: Sinistcha|Trick Room|p2a: Sinistcha\n|-fieldstart|move: Trick Room|[of] p2a: Sinistcha\n|\n|upkeep\n|turn|2\n|\n|t:|1776094982\n|switch|p1b: Sneasler|Sneasler, L50, M|100/100\n|detailschange|p1a: Froslass|Froslass-Mega, L50, F\n|-mega|p1a: Froslass|Froslass|Froslassite\n|-weather|Snowscape|[from] ability: Snow Warning|[of] p1a: Froslass\n|move|p2a: Sinistcha|Rage Powder|p2a: Sinistcha\n|-singleturn|p2a: Sinistcha|move: Rage Powder\n|move|p2b: Gallade|Psycho Cut|p1b: Sneasler\n|-supereffective|p1b: Sneasler|2\n|-crit|p1b: Sneasler\n|-damage|p1b: Sneasler|0 fnt\n|faint|p1b: Sneasler\n|move|p1a: Froslass|Blizzard|p2b: Gallade|[spread] p2a,p2b\n|-supereffective|p2a: Sinistcha|1\n|-crit|p2a: Sinistcha\n|-damage|p2a: Sinistcha|0 fnt\n|-damage|p2b: Gallade|59/100\n|faint|p2a: Sinistcha\n|\n|-weather|Snowscape|[upkeep]\n|upkeep\n|\n|t:|1776095004\n|switch|p2a: Torkoal|Torkoal, L50, M|100/100\n|switch|p1b: Palafin|Palafin-Hero, L50, M|100/100\n|-weather|SunnyDay|[from] ability: Drought|[of] p2a: Torkoal\n|-activate|p1b: Palafin|ability: Zero to Hero\n|turn|3\n|\n|t:|1776095019\n|switch|p1a: Arcanine|Arcanine-Hisui, L50, F|67/100\n|-ability|p1a: Arcanine|Intimidate|boost\n|-unboost|p2a: Torkoal|atk|1\n|-unboost|p2b: Gallade|atk|1\n|move|p1b: Palafin|Jet Punch|p2a: Torkoal\n|-supereffective|p2a: Torkoal|1\n|-damage|p2a: Torkoal|62/100\n|move|p2a: Torkoal|Eruption|p1a: Arcanine|[spread] p1a,p1b\n|-resisted|p1a: Arcanine|2\n|-resisted|p1b: Palafin|1\n|-damage|p1a: Arcanine|50/100\n|-damage|p1b: Palafin|76/100\n|move|p2b: Gallade|Sacred Sword|p1b: Palafin\n|-damage|p1b: Palafin|45/100\n|\n|-weather|SunnyDay|[upkeep]\n|upkeep\n|turn|4\n|inactive|battle sim trainer has 30 seconds left.\n|inactive|battle sim trainer has 20 seconds left.\n|\n|t:|1776095054\n|switch|p2a: Kangaskhan|Kangaskhan, L50, F|100/100\n|switch|p1a: Froslass|Froslass-Mega, L50, F|100/100\n|-weather|Snowscape|[from] ability: Snow Warning|[of] p1a: Froslass\n|move|p1b: Palafin|Jet Punch|p2a: Kangaskhan\n|-damage|p2a: Kangaskhan|55/100\n|move|p2b: Gallade|Sacred Sword|p1a: Froslass\n|-immune|p1a: Froslass\n|\n|-weather|Snowscape|[upkeep]\n|upkeep\n|turn|5\n|\n|t:|1776095076\n|switch|p1a: Arcanine|Arcanine-Hisui, L50, F|50/100\n|-ability|p1a: Arcanine|Intimidate|boost\n|-fail|p2a: Kangaskhan|unboost|Attack|[from] ability: Scrappy|[of] p2a: Kangaskhan\n|-unboost|p2b: Gallade|atk|1\n|move|p1b: Palafin|Protect|p1b: Palafin\n|-singleturn|p1b: Palafin|Protect\n|move|p2a: Kangaskhan|Fake Out|p1b: Palafin\n|-activate|p1b: Palafin|move: Protect\n|move|p2b: Gallade|Psycho Cut|p1a: Arcanine\n|-damage|p1a: Arcanine|21/100\n|\n|-weather|Snowscape|[upkeep]\n|-fieldend|move: Trick Room\n|upkeep\n|turn|6\n|\n|t:|1776095094\n|move|p1a: Arcanine|Flare Blitz|p2b: Gallade\n|-damage|p2b: Gallade|0 fnt\n|faint|p2b: Gallade\n|-damage|p1a: Arcanine|1/100|[from] Recoil\n|move|p1b: Palafin|Close Combat|p2a: Kangaskhan\n|-supereffective|p2a: Kangaskhan|1\n|-damage|p2a: Kangaskhan|0 fnt\n|-unboost|p1b: Palafin|def|1\n|-unboost|p1b: Palafin|spd|1\n|faint|p2a: Kangaskhan\n|\n|-weather|Snowscape|[upkeep]\n|upkeep\n|-message|battle sim trainer forfeited.\n|\n|win|Lord Of Bulk\n|raw|Lord Of Bulk's rating: 1077 &rarr; <strong>1107</strong><br />(+30 for winning)\n|raw|battle sim trainer's rating: 1102 &rarr; <strong>1075</strong><br />(-27 for losing)\n",
  "uploadtime": 1776095105,
  "views": 12,
  "formatid": "gen9championsvgc2026regma",
  "rating": 1075,
  "private": 0,
  "password": null
}