{
  "id": "gen9championsvgc2026regma-2581139996",
  "format": "[Gen 9 Champions] VGC 2026 Reg M-A",
  "players": [
    "privatepurelove",
    "lolgz"
  ],
  "log": "|j|\u2606privatepurelove\n|j|\u2606lolgz\n|t:|1775963728\n|gametype|doubles\n|player|p1|privatepurelove|whitney|1198\n|player|p2|lolgz|170|1285\n|gen|9\n|tier|[Gen 9 Champions] VGC 2026 Reg M-A\n|rated|\n|rule|Species Clause: Limit one of each Pok\u00e9mon\n|rule|Item Clause: Limit 1 of each item\n|clearpoke\n|poke|p1|Glimmora, L50, M|\n|poke|p1|Tyranitar, L50, F|\n|poke|p1|Whimsicott, L50, M|\n|poke|p1|Sinistcha, L50|\n|poke|p1|Incineroar, L50, F|\n|poke|p1|Garchomp, L50, F|\n|poke|p2|Charizard, L50, M|\n|poke|p2|Whimsicott, L50, F|\n|poke|p2|Dragonite, L50, M|\n|poke|p2|Farigiraf, L50, F|\n|poke|p2|Sneasler, L50, M|\n|poke|p2|Floette-Eternal, L50, F|\n|teampreview|4\n|\n|t:|1775963776\n|teamsize|p1|4\n|teamsize|p2|4\n|start\n|switch|p1a: Whimsicott|Whimsicott, L50, M|100/100\n|switch|p1b: Glimmora|Glimmora, L50, M, shiny|100/100\n|switch|p2a: Whimsicott|Whimsicott, L50, F|100/100\n|switch|p2b: Sneasler|Sneasler, L50, M|100/100\n|turn|1\n|\n|t:|1775963792\n|move|p1a: Whimsicott|Protect|p1a: Whimsicott\n|-singleturn|p1a: Whimsicott|Protect\n|move|p1b: Glimmora|Spiky Shield|p1b: Glimmora\n|-singleturn|p1b: Glimmora|move: Protect\n|move|p2b: Sneasler|Fake Out|p1b: Glimmora\n|-activate|p1b: Glimmora|move: Protect\n|-damage|p2b: Sneasler|88/100|[from] Spiky Shield|[of] p1b: Glimmora\n|move|p2a: Whimsicott|Tailwind|p2a: Whimsicott\n|-sidestart|p2: lolgz|move: Tailwind\n|\n|upkeep\n|turn|2\n|\n|t:|1775963814\n|detailschange|p1b: Glimmora|Glimmora-Mega, L50, M, shiny\n|-mega|p1b: Glimmora|Glimmora|Glimmoranite\n|move|p2a: Whimsicott|Encore|p1a: Whimsicott\n|-start|p1a: Whimsicott|Encore\n|-enditem|p1a: Whimsicott|Mental Herb\n|-end|p1a: Whimsicott|Encore\n|move|p1a: Whimsicott|Encore||[still]\n|-fail|p1a: Whimsicott\n|move|p2b: Sneasler|Close Combat|p1b: Glimmora\n|-damage|p1b: Glimmora|27/100\n|-unboost|p2b: Sneasler|def|1\n|-unboost|p2b: Sneasler|spd|1\n|-enditem|p2b: Sneasler|White Herb\n|-clearnegativeboost|p2b: Sneasler|[silent]\n|move|p1b: Glimmora|Sludge Bomb|p2b: Sneasler\n|-resisted|p2b: Sneasler|1\n|-damage|p2b: Sneasler|37/100\n|\n|upkeep\n|turn|3\n|\n|t:|1775963840\n|switch|p1b: Sinistcha|Sinistcha, L50|100/100\n|move|p1a: Whimsicott|Tailwind|p1a: Whimsicott\n|-sidestart|p1: privatepurelove|move: Tailwind\n|move|p2b: Sneasler|Dire Claw|p1a: Whimsicott\n|-supereffective|p1a: Whimsicott|2\n|-damage|p1a: Whimsicott|0 fnt\n|faint|p1a: Whimsicott\n|move|p2a: Whimsicott|Moonblast|p1b: Sinistcha\n|-damage|p1b: Sinistcha|63/100\n|-unboost|p1b: Sinistcha|spa|1\n|\n|-heal|p1b: Sinistcha|70/100|[from] item: Leftovers\n|upkeep\n|\n|t:|1775963850\n|switch|p1a: Glimmora|Glimmora-Mega, L50, M, shiny|27/100\n|turn|4\n|\n|t:|1775963864\n|move|p1a: Glimmora|Spiky Shield|p1a: Glimmora\n|-singleturn|p1a: Glimmora|move: Protect\n|move|p2b: Sneasler|Throat Chop|p1b: Sinistcha\n|-supereffective|p1b: Sinistcha|1\n|-damage|p1b: Sinistcha|24/100\n|-start|p1b: Sinistcha|Throat Chop|[silent]\n|move|p2a: Whimsicott|Moonblast|p1a: Glimmora\n|-activate|p1a: Glimmora|move: Protect\n|move|p1b: Sinistcha|Life Dew|p1b: Sinistcha|[spread] p1a,p1b\n|-heal|p1a: Glimmora|52/100\n|-heal|p1b: Sinistcha|49/100\n|\n|-heal|p1b: Sinistcha|55/100|[from] item: Leftovers\n|-sideend|p2: lolgz|move: Tailwind\n|upkeep\n|turn|5\n|\n|t:|1775963883\n|move|p2a: Whimsicott|Encore|p1a: Glimmora\n|-start|p1a: Glimmora|Encore\n|move|p1a: Glimmora|Spiky Shield||[still]\n|-fail|p1a: Glimmora\n|move|p2b: Sneasler|Throat Chop|p1b: Sinistcha\n|-supereffective|p1b: Sinistcha|1\n|-damage|p1b: Sinistcha|6/100\n|move|p1b: Sinistcha|Life Dew|p1b: Sinistcha|[spread] p1a,p1b\n|-heal|p1a: Glimmora|77/100\n|-heal|p1b: Sinistcha|31/100\n|\n|-heal|p1b: Sinistcha|37/100|[from] item: Leftovers\n|-end|p1b: Sinistcha|Throat Chop|[silent]\n|upkeep\n|turn|6\n|\n|t:|1775963900\n|switch|p1a: Tyranitar|Tyranitar, L50, F|100/100\n|-weather|Sandstorm|[from] ability: Sand Stream|[of] p1a: Tyranitar\n|move|p2b: Sneasler|Close Combat|p1a: Tyranitar\n|-supereffective|p1a: Tyranitar|2\n|-enditem|p1a: Tyranitar|Focus Sash\n|-damage|p1a: Tyranitar|1/100\n|-unboost|p2b: Sneasler|def|1\n|-unboost|p2b: Sneasler|spd|1\n|move|p2a: Whimsicott|Moonblast|p1b: Sinistcha\n|-damage|p1b: Sinistcha|0 fnt\n|faint|p1b: Sinistcha\n|\n|-weather|Sandstorm|[upkeep]\n|-damage|p2b: Sneasler|31/100|[from] Sandstorm\n|-damage|p2a: Whimsicott|95/100|[from] Sandstorm\n|-sideend|p1: privatepurelove|move: Tailwind\n|upkeep\n|\n|t:|1775963912\n|switch|p1b: Glimmora|Glimmora-Mega, L50, M, shiny|77/100\n|turn|7\n|\n|t:|1775963943\n|move|p1a: Tyranitar|Protect|p1a: Tyranitar\n|-singleturn|p1a: Tyranitar|Protect\n|move|p2b: Sneasler|Close Combat|p1b: Glimmora\n|-damage|p1b: Glimmora|3/100\n|-unboost|p2b: Sneasler|def|1\n|-unboost|p2b: Sneasler|spd|1\n|move|p2a: Whimsicott|Moonblast|p1a: Tyranitar\n|-activate|p1a: Tyranitar|move: Protect\n|move|p1b: Glimmora|Sludge Bomb|p2b: Sneasler\n|-resisted|p2b: Sneasler|1\n|-damage|p2b: Sneasler|0 fnt\n|faint|p2b: Sneasler\n|\n|-weather|Sandstorm|[upkeep]\n|-damage|p2a: Whimsicott|89/100|[from] Sandstorm\n|upkeep\n|\n|t:|1775963950\n|switch|p2b: Floette|Floette-Eternal, L50, F|100/100\n|turn|8\n|c|\u2606lolgz|gg\n|c|\u2606privatepurelove|gg\n|\n|t:|1775963965\n|detailschange|p2b: Floette|Floette-Mega, L50, F\n|-mega|p2b: Floette|Floette|Floettite\n|-ability|p2b: Floette|Fairy Aura\n|move|p2a: Whimsicott|Tailwind|p2a: Whimsicott\n|-sidestart|p2: lolgz|move: Tailwind\n|move|p2b: Floette|Dazzling Gleam|p1a: Tyranitar|[spread] p1a,p1b\n|-supereffective|p1a: Tyranitar|1\n|-resisted|p1b: Glimmora|1\n|-damage|p1a: Tyranitar|0 fnt\n|-damage|p1b: Glimmora|0 fnt\n|faint|p1a: Tyranitar\n|faint|p1b: Glimmora\n|\n|win|lolgz\n|raw|privatepurelove's rating: 1198 &rarr; <strong>1179</strong><br />(-19 for losing)\n|raw|lolgz's rating: 1285 &rarr; <strong>1304</strong><br />(+19 for winning)\n",
  "uploadtime": 1775963965,
  "views": 12,
  "formatid": "gen9championsvgc2026regma",
  "rating": 1179,
  "private": 0,
  "password": null
}