{
  "id": "gen9championsvgc2026regma-2581674941",
  "format": "[Gen 9 Champions] VGC 2026 Reg M-A",
  "players": [
    "justplaywhatulike",
    "Kalaphant"
  ],
  "log": "|j|\u2606justplaywhatulike\n|j|\u2606Kalaphant\n|t:|1776019812\n|gametype|doubles\n|player|p1|justplaywhatulike|doubleteam|1048\n|player|p2|Kalaphant|1|1137\n|gen|9\n|tier|[Gen 9 Champions] VGC 2026 Reg M-A\n|rated|\n|rule|Species Clause: Limit one of each Pok\u00e9mon\n|rule|Item Clause: Limit 1 of each item\n|clearpoke\n|poke|p1|Hatterene, L50, F|\n|poke|p1|Meowstic, L50, M|\n|poke|p1|Golurk, L50|\n|poke|p1|Torkoal, L50, F|\n|poke|p1|Farigiraf, L50, F|\n|poke|p1|Kingambit, L50, M|\n|poke|p2|Gengar, L50, M|\n|poke|p2|Politoed, L50, M|\n|poke|p2|Whimsicott, L50, F|\n|poke|p2|Incineroar, L50, M|\n|poke|p2|Charizard, L50, F|\n|poke|p2|Sneasler, L50, F|\n|teampreview|4\n|inactive|Battle timer is ON: inactive players will automatically lose when time's up. (requested by Kalaphant)\n|c|\u2606Kalaphant|glhf\nKalaphant has agreed to open team sheets.\n|\n|t:|1776019836\n|teamsize|p1|4\n|teamsize|p2|4\n|start\n|switch|p1a: Kingambit|Kingambit, L50, M|100/100\n|switch|p1b: Farigiraf|Farigiraf, L50, F|100/100\n|switch|p2a: Gengar|Gengar, L50, M|100/100\n|switch|p2b: Incineroar|Incineroar, L50, M|100/100\n|-ability|p2b: Incineroar|Intimidate|boost\n|-unboost|p1a: Kingambit|atk|1\n|-ability|p1a: Kingambit|Defiant|boost\n|-boost|p1a: Kingambit|atk|2\n|-unboost|p1b: Farigiraf|atk|1\n|turn|1\n|c|\u2606justplaywhatulike|U2\n|\n|t:|1776019856\n|detailschange|p2a: Gengar|Gengar-Mega, L50, M\n|-mega|p2a: Gengar|Gengar|Gengarite\n|move|p2b: Incineroar|Fake Out||[still]\n|cant|p1b: Farigiraf|ability: Armor Tail|Fake Out|[of] p2b: Incineroar\n|move|p1a: Kingambit|Sucker Punch||[still]\n|-fail|p1a: Kingambit\n|move|p2a: Gengar|Perish Song|p2a: Gengar\n|-start|p1a: Kingambit|perish3|[silent]\n|-start|p1b: Farigiraf|perish3|[silent]\n|-start|p2a: Gengar|perish3|[silent]\n|-start|p2b: Incineroar|perish3|[silent]\n|-fieldactivate|move: Perish Song\n|move|p1b: Farigiraf|Trick Room|p1b: Farigiraf\n|-fieldstart|move: Trick Room|[of] p1b: Farigiraf\n|\n|-start|p1b: Farigiraf|perish3\n|-start|p2b: Incineroar|perish3\n|-start|p1a: Kingambit|perish3\n|-start|p2a: Gengar|perish3\n|upkeep\n|turn|2\n|\n|t:|1776019875\n|move|p2a: Gengar|Protect|p2a: Gengar\n|-singleturn|p2a: Gengar|Protect\n|move|p2b: Incineroar|Throat Chop|p1b: Farigiraf\n|-supereffective|p1b: Farigiraf|1\n|-damage|p1b: Farigiraf|55/100\n|-start|p1b: Farigiraf|Throat Chop|[silent]\n|cant|p1b: Farigiraf|move: Throat Chop\n|move|p1a: Kingambit|Kowtow Cleave|p2a: Gengar\n|-activate|p2a: Gengar|move: Protect\n|\n|-start|p1b: Farigiraf|perish2\n|-start|p2b: Incineroar|perish2\n|-start|p1a: Kingambit|perish2\n|-start|p2a: Gengar|perish2\n|upkeep\n|turn|3\n|\n|t:|1776019897\n|move|p1b: Farigiraf|Helping Hand|p1a: Kingambit\n|-singleturn|p1a: Kingambit|Helping Hand|[of] p1b: Farigiraf\n|move|p2b: Incineroar|Parting Shot|p1b: Farigiraf\n|-unboost|p1b: Farigiraf|atk|1\n|-unboost|p1b: Farigiraf|spa|1\n|\n|t:|1776019904\n|switch|p2b: Whimsicott|Whimsicott, L50, F|100/100|[from] Parting Shot\n|move|p1a: Kingambit|Kowtow Cleave|p2a: Gengar\n|-supereffective|p2a: Gengar|1\n|-damage|p2a: Gengar|0 fnt\n|faint|p2a: Gengar\n|\n|-end|p1b: Farigiraf|Throat Chop|[silent]\n|-start|p1b: Farigiraf|perish1\n|-start|p1a: Kingambit|perish1\n|upkeep\n|\n|t:|1776019916\n|switch|p2a: Politoed|Politoed, L50, M|100/100\n|-weather|RainDance|[from] ability: Drizzle|[of] p2a: Politoed\n|turn|4\n|\n|t:|1776019929\n|switch|p1b: Torkoal|Torkoal, L50, F|100/100\n|-weather|SunnyDay|[from] ability: Drought|[of] p1b: Torkoal\n|move|p2b: Whimsicott|Light Screen|p2b: Whimsicott\n|-sidestart|p2: Kalaphant|move: Light Screen\n|move|p2a: Politoed|Perish Song|p2a: Politoed\n|-start|p1b: Torkoal|perish3|[silent]\n|-start|p2a: Politoed|perish3|[silent]\n|-start|p2b: Whimsicott|perish3|[silent]\n|-fieldactivate|move: Perish Song\n|move|p1a: Kingambit|Iron Head|p2b: Whimsicott\n|-supereffective|p2b: Whimsicott|1\n|-enditem|p2b: Whimsicott|Focus Sash\n|-damage|p2b: Whimsicott|1/100\n|\n|-weather|SunnyDay|[upkeep]\n|-start|p1b: Torkoal|perish3\n|-start|p2a: Politoed|perish3\n|-start|p1a: Kingambit|perish0\n|-start|p2b: Whimsicott|perish3\n|faint|p1a: Kingambit\n|upkeep\n|\n|t:|1776019950\n|switch|p1a: Golurk|Golurk, L50|100/100\n|turn|5\n|\n|t:|1776019968\n|switch|p2b: Incineroar|Incineroar, L50, M|100/100\n|-ability|p2b: Incineroar|Intimidate|boost\n|-unboost|p1a: Golurk|atk|1\n|-unboost|p1b: Torkoal|atk|1\n|detailschange|p1a: Golurk|Golurk-Mega, L50\n|-mega|p1a: Golurk|Golurk|Golurkite\n|move|p1b: Torkoal|Eruption|p2a: Politoed|[spread] p2a,p2b\n|-resisted|p2a: Politoed|1\n|-resisted|p2b: Incineroar|1\n|-damage|p2a: Politoed|78/100\n|-damage|p2b: Incineroar|76/100\n|move|p1a: Golurk|Headlong Rush|p2a: Politoed\n|-damage|p2a: Politoed|27/100\n|-unboost|p1a: Golurk|def|1\n|-unboost|p1a: Golurk|spd|1\n|-enditem|p2a: Politoed|Sitrus Berry|[eat]\n|-heal|p2a: Politoed|52/100|[from] item: Sitrus Berry\n|move|p2a: Politoed|Weather Ball|p1a: Golurk\n|-crit|p1a: Golurk\n|-damage|p1a: Golurk|33/100\n|\n|-weather|SunnyDay|[upkeep]\n|-start|p1b: Torkoal|perish2\n|-start|p2a: Politoed|perish2\n|-fieldend|move: Trick Room\n|upkeep\n|turn|6\n|inactive|justplaywhatulike has 30 seconds left.\n|-message|justplaywhatulike forfeited.\n|\n|win|Kalaphant\n|raw|justplaywhatulike's rating: 1048 &rarr; <strong>1035</strong><br />(-13 for losing)\n|raw|Kalaphant's rating: 1137 &rarr; <strong>1156</strong><br />(+19 for winning)\n",
  "uploadtime": 1776020002,
  "views": 18,
  "formatid": "gen9championsvgc2026regma",
  "rating": 1035,
  "private": 0,
  "password": null
}