{
  "id": "gen9championsvgc2026regma-2589381762",
  "format": "[Gen 9 Champions] VGC 2026 Reg M-A",
  "players": [
    "Ylruc",
    "benjitulio"
  ],
  "log": "|j|\u2606Ylruc\n|j|\u2606benjitulio\n|t:|1776718477\n|gametype|doubles\n|player|p1|Ylruc|bugcatcher-gen4dp|1099\n|player|p2|benjitulio|wattson|1088\n|gen|9\n|tier|[Gen 9 Champions] VGC 2026 Reg M-A\n|rated|\n|rule|Species Clause: Limit one of each Pok\u00e9mon\n|rule|Item Clause: Limit 1 of each item\n|clearpoke\n|poke|p1|Gyarados, L50, F|\n|poke|p1|Pelipper, L50, F|\n|poke|p1|Sinistcha, L50|\n|poke|p1|Archaludon, L50, F|\n|poke|p1|Aerodactyl, L50, M|\n|poke|p1|Gardevoir, L50, M|\n|poke|p2|Dragonite, L50, F|\n|poke|p2|Incineroar, L50, M|\n|poke|p2|Gyarados, L50, M|\n|poke|p2|Maushold-Four, L50|\n|poke|p2|Milotic, L50, F|\n|poke|p2|Whimsicott, L50, M|\n|teampreview|4\n|inactive|Battle timer is ON: inactive players will automatically lose when time's up. (requested by Ylruc)\nYlruc rejected open team sheets.\n|\n|t:|1776718525\n|teamsize|p1|4\n|teamsize|p2|4\n|start\n|switch|p1a: Aerodactyl|Aerodactyl, L50, M|100/100\n|switch|p1b: Gyarados|Gyarados, L50, F|100/100\n|switch|p2a: Dragonite|Dragonite, L50, F|100/100\n|switch|p2b: Whimsicott|Whimsicott, L50, M|100/100\n|-ability|p1a: Aerodactyl|Unnerve\n|-ability|p1b: Gyarados|Intimidate|boost\n|-unboost|p2a: Dragonite|atk|1\n|-unboost|p2b: Whimsicott|atk|1\n|turn|1\n|inactive|Ylruc has 30 seconds left.\n|\n|t:|1776718559\n|detailschange|p1b: Gyarados|Gyarados-Mega, L50, F\n|-mega|p1b: Gyarados|Gyarados|Gyaradosite\n|-ability|p1b: Gyarados|Mold Breaker\n|detailschange|p2a: Dragonite|Dragonite-Mega, L50, F\n|-mega|p2a: Dragonite|Dragonite|Dragoninite\n|move|p2b: Whimsicott|Taunt|p1a: Aerodactyl\n|-start|p1a: Aerodactyl|move: Taunt\n|cant|p1a: Aerodactyl|move: Taunt|Tailwind\n|move|p2a: Dragonite|Dragon Pulse|p1b: Gyarados\n|-damage|p1b: Gyarados|60/100\n|move|p1b: Gyarados|Ice Fang|p2a: Dragonite\n|-supereffective|p2a: Dragonite|2\n|-damage|p2a: Dragonite|0 fnt\n|faint|p2a: Dragonite\n|\n|upkeep\n|\n|t:|1776718584\n|switch|p2a: Milotic|Milotic, L50, F|100/100\n|turn|2\n|inactive|Ylruc has 30 seconds left.\n|\n|t:|1776718609\n|move|p1a: Aerodactyl|Rock Slide|p2b: Whimsicott|[spread] p2a,p2b\n|-damage|p2a: Milotic|70/100\n|-damage|p2b: Whimsicott|60/100\n|cant|p2b: Whimsicott|flinch\n|move|p1b: Gyarados|Ice Fang|p2b: Whimsicott\n|-supereffective|p2b: Whimsicott|1\n|-damage|p2b: Whimsicott|0 fnt\n|faint|p2b: Whimsicott\n|move|p2a: Milotic|Icy Wind|p1b: Gyarados|[spread] p1a,p1b\n|-supereffective|p1a: Aerodactyl|1\n|-resisted|p1b: Gyarados|1\n|-damage|p1a: Aerodactyl|62/100\n|-damage|p1b: Gyarados|55/100\n|-unboost|p1a: Aerodactyl|spe|1\n|-unboost|p1b: Gyarados|spe|1\n|\n|-heal|p2a: Milotic|77/100|[from] item: Leftovers\n|upkeep\n|\n|t:|1776718621\n|switch|p2b: Maushold|Maushold-Four, L50|100/100\n|turn|3\n|\n|t:|1776718639\n|switch|p1b: Pelipper|Pelipper, L50, F|100/100\n|-weather|RainDance|[from] ability: Drizzle|[of] p1b: Pelipper\n|move|p2b: Maushold|Population Bomb|p1b: Pelipper\n|-damage|p1b: Pelipper|90/100\n|-hitcount|p1b: Pelipper|1\n|move|p1a: Aerodactyl|Rock Slide|p2b: Maushold|[spread] p2a,p2b\n|-crit|p2b: Maushold\n|-damage|p2a: Milotic|57/100\n|-damage|p2b: Maushold|37/100\n|cant|p2a: Milotic|flinch\n|\n|-weather|RainDance|[upkeep]\n|-heal|p2a: Milotic|63/100|[from] item: Leftovers\n|-end|p1a: Aerodactyl|move: Taunt\n|upkeep\n|turn|4\n|inactive|Ylruc has 30 seconds left.\n|\n|t:|1776718664\n|switch|p1b: Archaludon|Archaludon, L50, F|100/100\n|move|p2b: Maushold|Population Bomb|p1b: Archaludon\n|-resisted|p1b: Archaludon|1\n|-damage|p1b: Archaludon|97/100\n|-ability|p1b: Archaludon|Stamina|boost\n|-boost|p1b: Archaludon|def|1\n|-resisted|p1b: Archaludon|1\n|-damage|p1b: Archaludon|95/100\n|-ability|p1b: Archaludon|Stamina|boost\n|-boost|p1b: Archaludon|def|1\n|-resisted|p1b: Archaludon|1\n|-damage|p1b: Archaludon|93/100\n|-ability|p1b: Archaludon|Stamina|boost\n|-boost|p1b: Archaludon|def|1\n|-resisted|p1b: Archaludon|1\n|-damage|p1b: Archaludon|92/100\n|-ability|p1b: Archaludon|Stamina|boost\n|-boost|p1b: Archaludon|def|1\n|-resisted|p1b: Archaludon|1\n|-damage|p1b: Archaludon|91/100\n|-ability|p1b: Archaludon|Stamina|boost\n|-boost|p1b: Archaludon|def|1\n|-resisted|p1b: Archaludon|1\n|-damage|p1b: Archaludon|90/100\n|-ability|p1b: Archaludon|Stamina|boost\n|-boost|p1b: Archaludon|def|1\n|-resisted|p1b: Archaludon|1\n|-damage|p1b: Archaludon|89/100\n|-hitcount|p1b: Archaludon|7\n|move|p1a: Aerodactyl|Tailwind|p1a: Aerodactyl\n|-sidestart|p1: Ylruc|move: Tailwind\n|move|p2a: Milotic|Scald|p1a: Aerodactyl\n|-supereffective|p1a: Aerodactyl|1\n|-damage|p1a: Aerodactyl|0 fnt\n|faint|p1a: Aerodactyl\n|\n|-weather|RainDance|[upkeep]\n|-heal|p1b: Archaludon|95/100|[from] item: Leftovers\n|-heal|p2a: Milotic|69/100|[from] item: Leftovers\n|upkeep\n|inactive|Ylruc has 30 seconds left.\n|\n|t:|1776718696\n|switch|p1a: Gyarados|Gyarados-Mega, L50, F|55/100\n|-ability|p1a: Gyarados|Mold Breaker\n|turn|5\n|\n|t:|1776718703\n|move|p1b: Archaludon|Electro Shot||[still]\n|-prepare|p1b: Archaludon|Electro Shot\n|-boost|p1b: Archaludon|spa|1\n|-anim|p1b: Archaludon|Electro Shot|p2a: Milotic\n|-supereffective|p2a: Milotic|1\n|-damage|p2a: Milotic|0 fnt\n|faint|p2a: Milotic\n|move|p1a: Gyarados|Waterfall|p2b: Maushold\n|-damage|p2b: Maushold|0 fnt\n|faint|p2b: Maushold\n|\n|win|Ylruc\n|raw|Ylruc's rating: 1099 &rarr; <strong>1123</strong><br />(+24 for winning)\n|raw|benjitulio's rating: 1088 &rarr; <strong>1066</strong><br />(-22 for losing)\n",
  "uploadtime": 1776718704,
  "views": 8,
  "formatid": "gen9championsvgc2026regma",
  "rating": 1066,
  "private": 0,
  "password": null
}