{
  "id": "gen9championsvgc2026regma-2587353582",
  "format": "[Gen 9 Champions] VGC 2026 Reg M-A",
  "players": [
    "DieLitFan3000",
    "Yunobo7"
  ],
  "log": "|j|\u2606DieLitFan3000\n|j|\u2606Yunobo7\n|t:|1776524662\n|gametype|doubles\n|player|p1|DieLitFan3000|roughneck|1425\n|player|p2|Yunobo7|miku-ghost|1431\n|gen|9\n|tier|[Gen 9 Champions] VGC 2026 Reg M-A\n|rated|\n|rule|Species Clause: Limit one of each Pok\u00e9mon\n|rule|Item Clause: Limit 1 of each item\n|clearpoke\n|poke|p1|Kommo-o, L50, F|\n|poke|p1|Gengar, L50, M|\n|poke|p1|Milotic, L50, F|\n|poke|p1|Aerodactyl, L50, M|\n|poke|p1|Incineroar, L50, M|\n|poke|p1|Corviknight, L50, M|\n|poke|p2|Venusaur, L50, F|\n|poke|p2|Milotic, L50, M|\n|poke|p2|Incineroar, L50, M|\n|poke|p2|Aegislash, L50, F|\n|poke|p2|Delphox, L50, M|\n|poke|p2|Sneasler, L50, F|\n|teampreview|4\n|inactive|Battle timer is ON: inactive players will automatically lose when time's up. (requested by Yunobo7)\n|inactive|DieLitFan3000 has 60 seconds left.\n|\n|t:|1776524710\n|teamsize|p1|4\n|teamsize|p2|4\n|start\n|switch|p1a: Gengar|Gengar, L50, M|100/100\n|switch|p1b: Milotic|Milotic, L50, F|100/100\n|switch|p2a: Milotic|Milotic, L50, M|100/100\n|switch|p2b: Delphox|Delphox, L50, M|100/100\n|turn|1\n|\n|t:|1776524733\n|detailschange|p2b: Delphox|Delphox-Mega, L50, M\n|-mega|p2b: Delphox|Delphox|Delphoxite\n|detailschange|p1a: Gengar|Gengar-Mega, L50, M\n|-mega|p1a: Gengar|Gengar|Gengarite\n|move|p2b: Delphox|Protect|p2b: Delphox\n|-singleturn|p2b: Delphox|Protect\n|move|p1a: Gengar|Protect|p1a: Gengar\n|-singleturn|p1a: Gengar|Protect\n|move|p1b: Milotic|Muddy Water|p2a: Milotic|[spread] \n|-activate|p2b: Delphox|move: Protect\n|-miss|p1b: Milotic|p2a: Milotic\n|move|p2a: Milotic|Scald|p1b: Milotic\n|-resisted|p1b: Milotic|1\n|-damage|p1b: Milotic|89/100\n|\n|upkeep\n|turn|2\n|\n|t:|1776524748\n|switch|p1a: Incineroar|Incineroar, L50, M|100/100\n|-ability|p1a: Incineroar|Intimidate|boost\n|-unboost|p2a: Milotic|atk|1\n|-ability|p2a: Milotic|Competitive|boost\n|-boost|p2a: Milotic|spa|2\n|-unboost|p2b: Delphox|atk|1\n|move|p1b: Milotic|Muddy Water|p2a: Milotic|[spread] \n|-miss|p1b: Milotic|p2a: Milotic\n|-miss|p1b: Milotic|p2b: Delphox\n|move|p2b: Delphox|Substitute|p2b: Delphox\n|-start|p2b: Delphox|Substitute\n|-damage|p2b: Delphox|76/100\n|move|p2a: Milotic|Scald|p1a: Incineroar\n|-supereffective|p1a: Incineroar|1\n|-damage|p1a: Incineroar|0 fnt\n|faint|p1a: Incineroar\n|\n|upkeep\n|\n|t:|1776524761\n|switch|p1a: Aerodactyl|Aerodactyl, L50, M|100/100\n|-ability|p1a: Aerodactyl|Unnerve\n|turn|3\n|\n|t:|1776524767\n|move|p2b: Delphox|Protect|p2b: Delphox\n|-singleturn|p2b: Delphox|Protect\n|move|p1b: Milotic|Muddy Water|p2b: Delphox|[spread] \n|-activate|p2b: Delphox|move: Protect\n|-miss|p1b: Milotic|p2a: Milotic\n|move|p1a: Aerodactyl|Rock Slide|p2a: Milotic|[spread] p2a\n|-activate|p2b: Delphox|move: Protect\n|-damage|p2a: Milotic|77/100\n|cant|p2a: Milotic|flinch\n|\n|-heal|p2a: Milotic|83/100|[from] item: Leftovers\n|upkeep\n|turn|4\n|\n|t:|1776524785\n|switch|p2b: Aegislash|Aegislash, L50, F|100/100\n|move|p1b: Milotic|Muddy Water|p2b: Aegislash|[spread] p2a,p2b\n|-resisted|p2a: Milotic|1\n|-damage|p2a: Milotic|74/100\n|-damage|p2b: Aegislash|80/100\n|-unboost|p2a: Milotic|accuracy|1\n|-ability|p2a: Milotic|Competitive|boost\n|-boost|p2a: Milotic|spa|2\n|-unboost|p2b: Aegislash|accuracy|1\n|move|p1a: Aerodactyl|Rock Slide|p2a: Milotic|[spread] p2a,p2b\n|-resisted|p2b: Aegislash|1\n|-damage|p2a: Milotic|52/100\n|-damage|p2b: Aegislash|71/100\n|cant|p2a: Milotic|flinch\n|\n|-heal|p2a: Milotic|58/100|[from] item: Leftovers\n|upkeep\n|turn|5\n|\n|t:|1776524802\n|switch|p2b: Sneasler|Sneasler, L50, F|100/100\n|move|p1b: Milotic|Muddy Water|p2b: Sneasler|[spread] p2a,p2b\n|-resisted|p2a: Milotic|1\n|-damage|p2a: Milotic|49/100\n|-damage|p2b: Sneasler|64/100\n|-unboost|p2a: Milotic|accuracy|1\n|-ability|p2a: Milotic|Competitive|boost\n|-boost|p2a: Milotic|spa|2\n|move|p1a: Aerodactyl|Rock Slide|p2a: Milotic|[spread] p2a,p2b\n|-resisted|p2b: Sneasler|1\n|-damage|p2a: Milotic|25/100\n|-damage|p2b: Sneasler|45/100\n|cant|p2a: Milotic|flinch\n|\n|-heal|p2a: Milotic|31/100|[from] item: Leftovers\n|upkeep\n|turn|6\n|inactive|DieLitFan3000 has 30 seconds left.\n|\n|t:|1776524829\n|move|p2b: Sneasler|Fake Out|p1b: Milotic\n|-damage|p1b: Milotic|72/100\n|cant|p1b: Milotic|flinch\n|move|p1a: Aerodactyl|Rock Slide|p2b: Sneasler|[spread] p2b\n|-miss|p1a: Aerodactyl|p2a: Milotic\n|-resisted|p2b: Sneasler|1\n|-damage|p2b: Sneasler|25/100\n|move|p2a: Milotic|Icy Wind|p1a: Aerodactyl|[spread] p1b\n|-miss|p2a: Milotic|p1a: Aerodactyl\n|-resisted|p1b: Milotic|1\n|-damage|p1b: Milotic|55/100\n|-unboost|p1b: Milotic|spe|1\n|-ability|p1b: Milotic|Competitive|boost\n|-boost|p1b: Milotic|spa|2\n|\n|-heal|p2a: Milotic|37/100|[from] item: Leftovers\n|upkeep\n|turn|7\n|\n|t:|1776524845\n|move|p2a: Milotic|Protect|p2a: Milotic\n|-singleturn|p2a: Milotic|Protect\n|move|p1a: Aerodactyl|Rock Slide|p2b: Sneasler|[spread] p2b\n|-activate|p2a: Milotic|move: Protect\n|-resisted|p2b: Sneasler|1\n|-damage|p2b: Sneasler|6/100\n|move|p2b: Sneasler|Close Combat|p1b: Milotic\n|-damage|p1b: Milotic|0 fnt\n|-unboost|p2b: Sneasler|def|1\n|-unboost|p2b: Sneasler|spd|1\n|faint|p1b: Milotic\n|-enditem|p2b: Sneasler|White Herb\n|-clearnegativeboost|p2b: Sneasler|[silent]\n|\n|-heal|p2a: Milotic|43/100|[from] item: Leftovers\n|upkeep\n|\n|t:|1776524853\n|switch|p1b: Gengar|Gengar-Mega, L50, M|100/100\n|turn|8\n|\n|t:|1776524861\n|move|p2b: Sneasler|Close Combat|p1a: Aerodactyl\n|-enditem|p1a: Aerodactyl|Focus Sash\n|-damage|p1a: Aerodactyl|1/100\n|-unboost|p2b: Sneasler|def|1\n|-unboost|p2b: Sneasler|spd|1\n|move|p1a: Aerodactyl|Rock Slide|p2b: Sneasler|[spread] p2a,p2b\n|-resisted|p2b: Sneasler|1\n|-damage|p2a: Milotic|22/100\n|-damage|p2b: Sneasler|0 fnt\n|faint|p2b: Sneasler\n|move|p1b: Gengar|Shadow Ball|p2a: Milotic\n|-damage|p2a: Milotic|0 fnt\n|faint|p2a: Milotic\n|\n|upkeep\n|\n|t:|1776524864\n|switch|p2b: Aegislash|Aegislash, L50, F|71/100\n|switch|p2a: Delphox|Delphox-Mega, L50, M|76/100\n|turn|9\n|\n|t:|1776524871\n|-formechange|p2b: Aegislash|Aegislash-Blade|\n|move|p2b: Aegislash|Shadow Sneak|p1a: Aerodactyl\n|-damage|p1a: Aerodactyl|0 fnt\n|faint|p1a: Aerodactyl\n|move|p2a: Delphox|Psychic|p1b: Gengar\n|-supereffective|p1b: Gengar|1\n|-damage|p1b: Gengar|0 fnt\n|faint|p1b: Gengar\n|\n|win|Yunobo7\n|raw|DieLitFan3000's rating: 1425 &rarr; <strong>1405</strong><br />(-20 for losing)\n|raw|Yunobo7's rating: 1431 &rarr; <strong>1451</strong><br />(+20 for winning)\n|l|\u2606DieLitFan3000\n|player|p1|\n",
  "uploadtime": 1776524875,
  "views": 29,
  "formatid": "gen9championsvgc2026regma",
  "rating": 1405,
  "private": 0,
  "password": null
}