{
  "id": "gen9championsvgc2026regma-2587495154",
  "format": "[Gen 9 Champions] VGC 2026 Reg M-A",
  "players": [
    "Gopherwoodbackyard",
    "pulsarxx"
  ],
  "log": "|j|\u2606Gopherwoodbackyard\n|j|\u2606pulsarxx\n|t:|1776536650\n|gametype|doubles\n|player|p1|Gopherwoodbackyard|102|1102\n|player|p2|pulsarxx|drayden|1006\n|gen|9\n|tier|[Gen 9 Champions] VGC 2026 Reg M-A\n|rated|\n|rule|Species Clause: Limit one of each Pok\u00e9mon\n|rule|Item Clause: Limit 1 of each item\n|clearpoke\n|poke|p1|Kangaskhan, L50, F|\n|poke|p1|Meganium, L50, M|\n|poke|p1|Tauros-Paldea-Aqua, L50, M|\n|poke|p1|Archaludon, L50, M|\n|poke|p1|Aerodactyl, L50, M|\n|poke|p1|Typhlosion-Hisui, L50, F|\n|poke|p2|Alakazam, L50, M, shiny|\n|poke|p2|Farigiraf, L50, F|\n|poke|p2|Incineroar, L50, F|\n|poke|p2|Talonflame, L50, M|\n|poke|p2|Lucario, L50, F|\n|poke|p2|Kingambit, L50, F|\n|teampreview|4\n|\n|t:|1776536692\n|teamsize|p1|4\n|teamsize|p2|4\n|start\n|switch|p1a: Meganium|Meganium, L50, M|100/100\n|switch|p1b: Aerodactyl|Aerodactyl, L50, M|100/100\n|switch|p2a: Alakazam|Alakazam, L50, M, shiny|100/100\n|switch|p2b: Incineroar|Incineroar, L50, F|100/100\n|-ability|p1b: Aerodactyl|Unnerve\n|-ability|p2b: Incineroar|Intimidate|boost\n|-unboost|p1a: Meganium|atk|1\n|-unboost|p1b: Aerodactyl|atk|1\n|turn|1\n|inactive|Battle timer is ON: inactive players will automatically lose when time's up. (requested by Gopherwoodbackyard)\n|inactive|pulsarxx has 60 seconds left.\n|\n|t:|1776536733\n|detailschange|p2a: Alakazam|Alakazam-Mega, L50, M, shiny\n|-mega|p2a: Alakazam|Alakazam|Alakazite\n|-ability|p2a: Alakazam|Unnerve|Trace|[from] ability: Trace|[of] p1b: Aerodactyl\n|-ability|p2a: Alakazam|Unnerve\n|detailschange|p1a: Meganium|Meganium-Mega, L50, M\n|-mega|p1a: Meganium|Meganium|Meganiumite\n|move|p2b: Incineroar|Fake Out|p1a: Meganium\n|-damage|p1a: Meganium|90/100\n|move|p2a: Alakazam|Psychic|p1a: Meganium\n|-damage|p1a: Meganium|29/100\n|move|p1b: Aerodactyl|Tailwind|p1b: Aerodactyl\n|-sidestart|p1: Gopherwoodbackyard|move: Tailwind\n|cant|p1a: Meganium|flinch\n|\n|upkeep\n|turn|2\n|inactive|Gopherwoodbackyard has 30 seconds left.\n|inactive|pulsarxx has 30 seconds left.\n|\n|t:|1776536762\n|move|p1b: Aerodactyl|Rock Slide|p2b: Incineroar|[spread] p2a,p2b\n|-supereffective|p2b: Incineroar|1\n|-damage|p2a: Alakazam|71/100\n|-damage|p2b: Incineroar|74/100\n|move|p1a: Meganium|Solar Beam||[still]\n|-prepare|p1a: Meganium|Solar Beam\n|-activate|p1a: Meganium|ability: Mega Sol\n|-anim|p1a: Meganium|Solar Beam|p2a: Alakazam\n|-damage|p2a: Alakazam|0 fnt\n|faint|p2a: Alakazam\n|cant|p2b: Incineroar|flinch\n|\n|upkeep\n|\n|t:|1776536777\n|switch|p2a: Talonflame|Talonflame, L50, M|100/100\n|turn|3\n|inactive|pulsarxx has 30 seconds left.\n|\n|t:|1776536804\n|move|p1a: Meganium|Protect|p1a: Meganium\n|-singleturn|p1a: Meganium|Protect\n|move|p2a: Talonflame|Tailwind|p2a: Talonflame\n|-sidestart|p2: pulsarxx|move: Tailwind\n|move|p1b: Aerodactyl|Rock Slide|p2b: Incineroar|[spread] p2b\n|-miss|p1b: Aerodactyl|p2a: Talonflame\n|-supereffective|p2b: Incineroar|1\n|-damage|p2b: Incineroar|49/100\n|move|p2b: Incineroar|Parting Shot|p1b: Aerodactyl\n|-unboost|p1b: Aerodactyl|atk|1\n|-unboost|p1b: Aerodactyl|spa|1\n|\n|t:|1776536819\n|switch|p2b: Kingambit|Kingambit, L50, F|100/100|[from] Parting Shot\n|\n|upkeep\n|turn|4\n|inactive|Gopherwoodbackyard has 30 seconds left.\n|\n|t:|1776536853\n|move|p2a: Talonflame|Brave Bird|p1a: Meganium\n|-supereffective|p1a: Meganium|1\n|-damage|p1a: Meganium|0 fnt\n|faint|p1a: Meganium\n|-damage|p2a: Talonflame|91/100|[from] Recoil\n|move|p1b: Aerodactyl|Rock Slide|p2a: Talonflame|[spread] p2a\n|-miss|p1b: Aerodactyl|p2b: Kingambit\n|-supereffective|p2a: Talonflame|2\n|-damage|p2a: Talonflame|19/100\n|move|p2b: Kingambit|Kowtow Cleave|p1b: Aerodactyl\n|-damage|p1b: Aerodactyl|16/100\n|\n|-sideend|p1: Gopherwoodbackyard|move: Tailwind\n|upkeep\n|\n|t:|1776536870\n|switch|p1a: Typhlosion|Typhlosion-Hisui, L50, F|100/100\n|-item|p2a: Talonflame|Focus Sash|[from] ability: Frisk|[of] p1a: Typhlosion\n|-item|p2b: Kingambit|Mental Herb|[from] ability: Frisk|[of] p1a: Typhlosion\n|turn|5\n|inactive|pulsarxx has 30 seconds left.\n|\n|t:|1776536900\n|switch|p1a: Tauros|Tauros-Paldea-Aqua, L50, M|100/100\n|-ability|p1a: Tauros|Intimidate|boost\n|-unboost|p2a: Talonflame|atk|1\n|-unboost|p2b: Kingambit|atk|1\n|-ability|p2b: Kingambit|Defiant|boost\n|-boost|p2b: Kingambit|atk|2\n|move|p2a: Talonflame|Brave Bird|p1b: Aerodactyl\n|-resisted|p1b: Aerodactyl|1\n|-damage|p1b: Aerodactyl|0 fnt\n|faint|p1b: Aerodactyl\n|-damage|p2a: Talonflame|13/100|[from] Recoil\n|move|p2b: Kingambit|Kowtow Cleave|p1a: Tauros\n|-resisted|p1a: Tauros|1\n|-damage|p1a: Tauros|60/100\n|\n|upkeep\n|\n|t:|1776536916\n|switch|p1b: Typhlosion|Typhlosion-Hisui, L50, F|100/100\n|-item|p2a: Talonflame|Focus Sash|[from] ability: Frisk|[of] p1b: Typhlosion\n|-item|p2b: Kingambit|Mental Herb|[from] ability: Frisk|[of] p1b: Typhlosion\n|turn|6\n|\n|t:|1776536940\n|move|p1a: Tauros|Aqua Jet|p2a: Talonflame\n|-supereffective|p2a: Talonflame|1\n|-damage|p2a: Talonflame|0 fnt\n|faint|p2a: Talonflame\n|move|p1b: Typhlosion|Eruption|p2b: Kingambit\n|-supereffective|p2b: Kingambit|1\n|-damage|p2b: Kingambit|0 fnt\n|faint|p2b: Kingambit\n|\n|-sideend|p2: pulsarxx|move: Tailwind\n|upkeep\n|\n|t:|1776536959\n|switch|p2b: Incineroar|Incineroar, L50, F|49/100\n|-ability|p2b: Incineroar|Intimidate|boost\n|-unboost|p1a: Tauros|atk|1\n|-unboost|p1b: Typhlosion|atk|1\n|-enditem|p1a: Tauros|White Herb\n|-clearnegativeboost|p1a: Tauros|[silent]\n|turn|7\n|\n|t:|1776536975\n|move|p1b: Typhlosion|Eruption|p2b: Incineroar\n|-resisted|p2b: Incineroar|1\n|-damage|p2b: Incineroar|15/100\n|move|p1a: Tauros|Wave Crash|p2b: Incineroar\n|-supereffective|p2b: Incineroar|1\n|-damage|p2b: Incineroar|0 fnt\n|faint|p2b: Incineroar\n|-damage|p1a: Tauros|53/100|[from] Recoil\n|\n|win|Gopherwoodbackyard\n|raw|Gopherwoodbackyard's rating: 1102 &rarr; <strong>1120</strong><br />(+18 for winning)\n|raw|pulsarxx's rating: 1006 &rarr; <strong>1000</strong><br />(-6 for losing)\n|l|\u2606Gopherwoodbackyard\n|player|p1|\n|j|\u2606Gopherwoodbackyard\n|player|p1|Gopherwoodbackyard|102|\n|l|\u2606Gopherwoodbackyard\n|player|p1|\n",
  "uploadtime": 1776539195,
  "views": 17,
  "formatid": "gen9championsvgc2026regma",
  "rating": 1000,
  "private": 0,
  "password": null
}