{
  "id": "gen9championsvgc2026regma-2586680886",
  "format": "[Gen 9 Champions] VGC 2026 Reg M-A",
  "players": [
    "CasuallyOverC",
    "aroswing"
  ],
  "log": "|j|\u2606CasuallyOverC\n|j|\u2606aroswing\n|t:|1776451719\n|gametype|doubles\n|player|p1|CasuallyOverC|266|1259\n|player|p2|aroswing|marnie|1245\n|gen|9\n|tier|[Gen 9 Champions] VGC 2026 Reg M-A\n|rated|\n|rule|Species Clause: Limit one of each Pok\u00e9mon\n|rule|Item Clause: Limit 1 of each item\n|clearpoke\n|poke|p1|Snorlax, L50, M|\n|poke|p1|Floette-Eternal, L50, F|\n|poke|p1|Pelipper, L50, F|\n|poke|p1|Archaludon, L50, F|\n|poke|p1|Incineroar, L50, M|\n|poke|p1|Hawlucha, L50, F|\n|poke|p2|Aerodactyl, L50, M|\n|poke|p2|Gallade, L50, M|\n|poke|p2|Gardevoir, L50, F|\n|poke|p2|Garchomp, L50, F|\n|poke|p2|Rotom-Wash, L50|\n|poke|p2|Froslass, L50, F|\n|teampreview|4\n|inactive|Battle timer is ON: inactive players will automatically lose when time's up. (requested by aroswing)\n|inactive|aroswing has 60 seconds left.\nCasuallyOverC has agreed to open team sheets.\n|c|\u2606CasuallyOverC|Gl\n|\n|t:|1776451769\n|teamsize|p1|4\n|teamsize|p2|4\n|start\n|switch|p1a: Incineroar|Incineroar, L50, M|100/100\n|switch|p1b: Floette|Floette-Eternal, L50, F|100/100\n|switch|p2a: Gardevoir|Gardevoir, L50, F, shiny|100/100\n|switch|p2b: Gallade|Gallade, L50, M|100/100\n|-ability|p1a: Incineroar|Intimidate|boost\n|-unboost|p2a: Gardevoir|atk|1\n|-unboost|p2b: Gallade|atk|1\n|-enditem|p2b: Gallade|White Herb\n|-clearnegativeboost|p2b: Gallade|[silent]\n|turn|1\n|inactive|aroswing has 30 seconds left.\n|inactive|aroswing has 20 seconds left.\n|inactive|aroswing has 15 seconds left.\n|inactive|aroswing has 10 seconds left.\n|\n|t:|1776451815\n|detailschange|p1b: Floette|Floette-Mega, L50, F\n|-mega|p1b: Floette|Floette|Floettite\n|-ability|p1b: Floette|Fairy Aura\n|move|p2b: Gallade|Protect|p2b: Gallade\n|-singleturn|p2b: Gallade|Protect\n|move|p1a: Incineroar|Fake Out|p2b: Gallade\n|-activate|p2b: Gallade|move: Protect\n|move|p2a: Gardevoir|Dazzling Gleam|p1a: Incineroar|[spread] p1a,p1b\n|-damage|p1a: Incineroar|53/100\n|-damage|p1b: Floette|60/100\n|move|p1b: Floette|Calm Mind|p1b: Floette\n|-boost|p1b: Floette|spa|1\n|-boost|p1b: Floette|spd|1\n|\n|upkeep\n|turn|2\n|inactive|CasuallyOverC has 30 seconds left.\n|\n|t:|1776451850\n|move|p1b: Floette|Protect|p1b: Floette\n|-singleturn|p1b: Floette|Protect\n|move|p2b: Gallade|Wide Guard|p2b: Gallade\n|-singleturn|p2b: Gallade|Wide Guard\n|move|p2a: Gardevoir|Dazzling Gleam|p1a: Incineroar|[spread] p1a\n|-activate|p1b: Floette|move: Protect\n|-damage|p1a: Incineroar|8/100\n|-enditem|p1a: Incineroar|Sitrus Berry|[eat]\n|-heal|p1a: Incineroar|33/100|[from] item: Sitrus Berry\n|move|p1a: Incineroar|Parting Shot|p2a: Gardevoir\n|-unboost|p2a: Gardevoir|atk|1\n|-unboost|p2a: Gardevoir|spa|1\n|\n|t:|1776451859\n|switch|p1a: Archaludon|Archaludon, L50, F|100/100|[from] Parting Shot\n|\n|upkeep\n|turn|3\n|\n|t:|1776451878\n|move|p2a: Gardevoir|Dazzling Gleam|p1b: Floette|[spread] p1a,p1b\n|-damage|p1a: Archaludon|65/100\n|-damage|p1b: Floette|41/100\n|-ability|p1a: Archaludon|Stamina|boost\n|-boost|p1a: Archaludon|def|1\n|move|p1b: Floette|Moonblast|p2b: Gallade\n|-supereffective|p2b: Gallade|1\n|-damage|p2b: Gallade|0 fnt\n|faint|p2b: Gallade\n|move|p1a: Archaludon|Flash Cannon|p2a: Gardevoir\n|-supereffective|p2a: Gardevoir|1\n|-damage|p2a: Gardevoir|9/100\n|\n|upkeep\n|\n|t:|1776451895\n|switch|p2b: Froslass|Froslass, L50, F|100/100\n|turn|4\n|inactive|CasuallyOverC has 30 seconds left.\n|inactive|CasuallyOverC has 20 seconds left.\n|inactive|CasuallyOverC has 15 seconds left.\n|inactive|CasuallyOverC has 10 seconds left.\n|inactive|CasuallyOverC has 5 seconds left.\n|\n|t:|1776451950\n|detailschange|p2b: Froslass|Froslass-Mega, L50, F\n|-mega|p2b: Froslass|Froslass|Froslassite\n|-weather|Snowscape|[from] ability: Snow Warning|[of] p2b: Froslass\n|move|p2a: Gardevoir|Dazzling Gleam|p1a: Archaludon|[spread] p1a,p1b\n|-damage|p1a: Archaludon|32/100\n|-damage|p1b: Floette|23/100\n|-ability|p1a: Archaludon|Stamina|boost\n|-boost|p1a: Archaludon|def|1\n|move|p2b: Froslass|Blizzard|p1a: Archaludon|[spread] p1a,p1b\n|-damage|p1a: Archaludon|0 fnt\n|-damage|p1b: Floette|0 fnt\n|faint|p1a: Archaludon\n|faint|p1b: Floette\n|\n|-weather|Snowscape|[upkeep]\n|upkeep\n|\n|t:|1776451965\n|switch|p1b: Incineroar|Incineroar, L50, M|33/100\n|switch|p1a: Pelipper|Pelipper, L50, F|100/100\n|-weather|RainDance|[from] ability: Drizzle|[of] p1a: Pelipper\n|-ability|p1b: Incineroar|Intimidate|boost\n|-unboost|p2a: Gardevoir|atk|1\n|-unboost|p2b: Froslass|atk|1\n|turn|5\n|\n|t:|1776451978\n|switch|p2b: Garchomp|Garchomp, L50, F|100/100\n|move|p2a: Gardevoir|Dazzling Gleam|p1a: Pelipper|[spread] p1a,p1b\n|-damage|p1a: Pelipper|63/100\n|-damage|p1b: Incineroar|6/100\n|move|p1a: Pelipper|Weather Ball|p2a: Gardevoir\n|-damage|p2a: Gardevoir|0 fnt\n|faint|p2a: Gardevoir\n|move|p1b: Incineroar|Darkest Lariat|p2b: Garchomp\n|-damage|p2b: Garchomp|59/100\n|-damage|p1b: Incineroar|0 fnt|[from] ability: Rough Skin|[of] p2b: Garchomp\n|faint|p1b: Incineroar\n|\n|-weather|RainDance|[upkeep]\n|upkeep\n|-message|CasuallyOverC forfeited.\n|\n|win|aroswing\n|raw|CasuallyOverC's rating: 1259 &rarr; <strong>1233</strong><br />(-26 for losing)\n|raw|aroswing's rating: 1245 &rarr; <strong>1271</strong><br />(+26 for winning)\n|l|\u2606CasuallyOverC\n|player|p1|\n",
  "uploadtime": 1776451994,
  "views": 36,
  "formatid": "gen9championsvgc2026regma",
  "rating": 1233,
  "private": 0,
  "password": null
}