{
  "id": "gen9championsvgc2026regma-2585418264",
  "format": "[Gen 9 Champions] VGC 2026 Reg M-A",
  "players": [
    "aedaluss",
    "weetamfaetheyy"
  ],
  "log": "|j|\u2606aedaluss\n|j|\u2606weetamfaetheyy\n|t:|1776345902\n|gametype|doubles\n|player|p1|aedaluss|cynthia|1093\n|player|p2|weetamfaetheyy|265|1045\n|gen|9\n|tier|[Gen 9 Champions] VGC 2026 Reg M-A\n|rated|\n|rule|Species Clause: Limit one of each Pok\u00e9mon\n|rule|Item Clause: Limit 1 of each item\n|clearpoke\n|poke|p1|Glimmora, L50, F|\n|poke|p1|Talonflame, L50, F|\n|poke|p1|Garchomp, L50, M|\n|poke|p1|Rotom-Wash, L50|\n|poke|p1|Milotic, L50, F|\n|poke|p1|Dragapult, L50, F|\n|poke|p2|Torkoal, L50, F|\n|poke|p2|Farigiraf, L50, F|\n|poke|p2|Gallade, L50, M|\n|poke|p2|Kingambit, L50, F|\n|poke|p2|Clefable, L50, M|\n|poke|p2|Araquanid, L50, M|\n|teampreview|4\n|inactive|Battle timer is ON: inactive players will automatically lose when time's up. (requested by aedaluss)\n|inactive|weetamfaetheyy also wants the timer to be on.\n|inactive|aedaluss has 60 seconds left.\n|inactive|weetamfaetheyy has 60 seconds left.\n|inactive|aedaluss has 30 seconds left.\n|inactive|aedaluss has 20 seconds left.\n|\n|t:|1776345976\n|teamsize|p1|4\n|teamsize|p2|4\n|start\n|switch|p1a: Garchomp|Garchomp, L50, M|100/100\n|switch|p1b: Rotom|Rotom-Wash, L50|100/100\n|switch|p2a: Gallade|Gallade, L50, M|100/100\n|switch|p2b: Clefable|Clefable, L50, M|100/100\n|turn|1\n|inactive|aedaluss has 30 seconds left.\n|inactive|aedaluss has 20 seconds left.\n|inactive|aedaluss has 15 seconds left.\n|\n|t:|1776346018\n|detailschange|p2b: Clefable|Clefable-Mega, L50, M\n|-mega|p2b: Clefable|Clefable|Clefablite\n|move|p2b: Clefable|Follow Me|p2b: Clefable\n|-singleturn|p2b: Clefable|move: Follow Me\n|move|p1b: Rotom|Volt Switch|p2b: Clefable\n|-supereffective|p2b: Clefable|1\n|-damage|p2b: Clefable|47/100\n|\n|t:|1776346025\n|switch|p1b: Talonflame|Talonflame, L50, F|100/100|[from] Volt Switch\n|move|p1a: Garchomp|Earthquake|p2b: Clefable|[spread] p2a\n|-immune|p1b: Talonflame\n|-immune|p2b: Clefable\n|-damage|p2a: Gallade|47/100\n|move|p2a: Gallade|Trick Room|p2a: Gallade\n|-fieldstart|move: Trick Room|[of] p2a: Gallade\n|\n|upkeep\n|turn|2\n|inactive|aedaluss has 30 seconds left.\n|\n|t:|1776346059\n|move|p2a: Gallade|Protect|p2a: Gallade\n|-singleturn|p2a: Gallade|Protect\n|move|p1a: Garchomp|Protect|p1a: Garchomp\n|-singleturn|p1a: Garchomp|Protect\n|move|p1b: Talonflame|Brave Bird|p2b: Clefable\n|-damage|p2b: Clefable|15/100\n|-damage|p1b: Talonflame|87/100|[from] Recoil\n|move|p2b: Clefable|Moonblast|p1a: Garchomp\n|-activate|p1a: Garchomp|move: Protect\n|\n|upkeep\n|turn|3\n|\n|t:|1776346084\n|switch|p1a: Rotom|Rotom-Wash, L50|100/100\n|move|p2b: Clefable|Moonblast|p1a: Rotom\n|-damage|p1a: Rotom|42/100\n|move|p2a: Gallade|Psycho Cut|p1b: Talonflame\n|-damage|p1b: Talonflame|0 fnt\n|faint|p1b: Talonflame\n|\n|upkeep\n|\n|t:|1776346101\n|switch|p1b: Glimmora|Glimmora, L50, F|100/100\n|turn|4\n|\n|t:|1776346118\n|move|p1b: Glimmora|Spiky Shield|p1b: Glimmora\n|-singleturn|p1b: Glimmora|move: Protect\n|move|p2b: Clefable|Moonblast|p1a: Rotom\n|-damage|p1a: Rotom|0 fnt\n|faint|p1a: Rotom\n|move|p2a: Gallade|Psycho Cut|p1b: Glimmora\n|-activate|p1b: Glimmora|move: Protect\n|\n|upkeep\n|\n|t:|1776346125\n|switch|p1a: Garchomp|Garchomp, L50, M|100/100\n|turn|5\n|\n|t:|1776346135\n|detailschange|p1b: Glimmora|Glimmora-Mega, L50, F\n|-mega|p1b: Glimmora|Glimmora|Glimmoranite\n|move|p2a: Gallade|Protect|p2a: Gallade\n|-singleturn|p2a: Gallade|Protect\n|move|p1b: Glimmora|Spiky Shield||[still]\n|-fail|p1b: Glimmora\n|move|p1a: Garchomp|Protect|p1a: Garchomp\n|-singleturn|p1a: Garchomp|Protect\n|move|p2b: Clefable|Follow Me|p2b: Clefable\n|-singleturn|p2b: Clefable|move: Follow Me\n|\n|-fieldend|move: Trick Room\n|upkeep\n|turn|6\n|inactive|aedaluss has 30 seconds left.\n|inactive|weetamfaetheyy has 30 seconds left.\n|inactive|aedaluss has 20 seconds left.\n|\n|t:|1776346172\n|switch|p2a: Araquanid|Araquanid, L50, M|100/100\n|move|p1a: Garchomp|Rock Slide|p2a: Araquanid|[spread] p2a,p2b\n|-supereffective|p2a: Araquanid|1\n|-supereffective|p2b: Clefable|1\n|-damage|p2a: Araquanid|59/100\n|-damage|p2b: Clefable|0 fnt\n|faint|p2b: Clefable\n|move|p1b: Glimmora|Sludge Bomb|p2a: Araquanid\n|-damage|p2a: Araquanid|8/100\n|\n|upkeep\n|\n|t:|1776346179\n|switch|p2b: Gallade|Gallade, L50, M|47/100\n|turn|7\n|\n|t:|1776346196\n|move|p1b: Glimmora|Spiky Shield|p1b: Glimmora\n|-singleturn|p1b: Glimmora|move: Protect\n|move|p2a: Araquanid|Wide Guard|p2a: Araquanid\n|-singleturn|p2a: Araquanid|Wide Guard\n|move|p1a: Garchomp|Earthquake|p2b: Gallade|[spread] \n|-activate|p2a: Araquanid|move: Wide Guard\n|-activate|p2b: Gallade|move: Wide Guard\n|-activate|p1b: Glimmora|move: Protect\n|move|p2b: Gallade|Trick Room|p2b: Gallade\n|-fieldstart|move: Trick Room|[of] p2b: Gallade\n|\n|upkeep\n|turn|8\n|\n|t:|1776346217\n|move|p2a: Araquanid|Liquidation|p1b: Glimmora\n|-supereffective|p1b: Glimmora|1\n|-damage|p1b: Glimmora|0 fnt\n|faint|p1b: Glimmora\n|move|p2b: Gallade|Psycho Cut|p1a: Garchomp\n|-damage|p1a: Garchomp|36/100\n|-enditem|p1a: Garchomp|Sitrus Berry|[eat]\n|-heal|p1a: Garchomp|61/100|[from] item: Sitrus Berry\n|move|p1a: Garchomp|Dragon Claw|p2b: Gallade\n|-damage|p2b: Gallade|0 fnt\n|faint|p2b: Gallade\n|\n|upkeep\n|\n|t:|1776346224\n|switch|p2b: Kingambit|Kingambit, L50, F|100/100\n|turn|9\n|\n|t:|1776346235\n|move|p1a: Garchomp|Protect|p1a: Garchomp\n|-singleturn|p1a: Garchomp|Protect\n|move|p2a: Araquanid|Liquidation|p1a: Garchomp\n|-activate|p1a: Garchomp|move: Protect\n|move|p2b: Kingambit|Kowtow Cleave|p1a: Garchomp\n|-activate|p1a: Garchomp|move: Protect\n|\n|upkeep\n|turn|10\n|\n|t:|1776346245\n|move|p2a: Araquanid|Liquidation|p1a: Garchomp\n|-damage|p1a: Garchomp|0 fnt\n|-damage|p2a: Araquanid|0 fnt|[from] ability: Rough Skin|[of] p1a: Garchomp\n|faint|p1a: Garchomp\n|faint|p2a: Araquanid\n|\n|win|weetamfaetheyy\n|raw|aedaluss's rating: 1093 &rarr; <strong>1066</strong><br />(-27 for losing)\n|raw|weetamfaetheyy's rating: 1045 &rarr; <strong>1083</strong><br />(+38 for winning)\n|l|\u2606aedaluss\n|player|p1|\n|c|\u2606weetamfaetheyy|Gg\n",
  "uploadtime": 1776346267,
  "views": 51,
  "formatid": "gen9championsvgc2026regma",
  "rating": 1066,
  "private": 0,
  "password": null
}