{
  "id": "gen9championsvgc2026regma-2585394504",
  "format": "[Gen 9 Champions] VGC 2026 Reg M-A",
  "players": [
    "The Bongo Time",
    "jokmah123"
  ],
  "log": "|j|\u2606The Bongo Time\n|j|\u2606jokmah123\n|t:|1776344071\n|gametype|doubles\n|player|p1|The Bongo Time|janitor|1272\n|player|p2|jokmah123|2|1322\n|gen|9\n|tier|[Gen 9 Champions] VGC 2026 Reg M-A\n|rated|\n|rule|Species Clause: Limit one of each Pok\u00e9mon\n|rule|Item Clause: Limit 1 of each item\n|clearpoke\n|poke|p1|Milotic, L50, F|\n|poke|p1|Aegislash, L50, M|\n|poke|p1|Aerodactyl, L50, F|\n|poke|p1|Kangaskhan, L50, F|\n|poke|p1|Incineroar, L50, M|\n|poke|p1|Gengar, L50, F|\n|poke|p2|Sneasler, L50, M|\n|poke|p2|Kingambit, L50, F|\n|poke|p2|Dragapult, L50, M|\n|poke|p2|Charizard, L50, F|\n|poke|p2|Maushold-Four, L50|\n|poke|p2|Garchomp, L50, M|\n|teampreview|4\n|c|\u2606The Bongo Time|Glhf\nThe Bongo Time has agreed to open team sheets.\n|inactive|Battle timer is ON: inactive players will automatically lose when time's up. (requested by jokmah123)\n|\n|t:|1776344111\n|teamsize|p1|4\n|teamsize|p2|4\n|start\n|switch|p1a: Aerodactyl|Aerodactyl, L50, F|100/100\n|switch|p1b: Kangaskhan|Kangaskhan, L50, F|100/100\n|switch|p2a: Garchomp|Garchomp, L50, M|100/100\n|switch|p2b: Sneasler|Sneasler, L50, M|100/100\n|-ability|p1a: Aerodactyl|Unnerve\n|turn|1\n|inactive|jokmah123 has 30 seconds left.\n|\n|t:|1776344145\n|detailschange|p1b: Kangaskhan|Kangaskhan-Mega, L50, F\n|-mega|p1b: Kangaskhan|Kangaskhan|Kangaskhanite\n|move|p1b: Kangaskhan|Fake Out|p2a: Garchomp\n|-damage|p2a: Garchomp|81/100\n|-damage|p1b: Kangaskhan|88/100|[from] ability: Rough Skin|[of] p2a: Garchomp\n|-damage|p2a: Garchomp|77/100\n|-damage|p1b: Kangaskhan|76/100|[from] ability: Rough Skin|[of] p2a: Garchomp\n|-hitcount|p2a: Garchomp|2\n|move|p2b: Sneasler|Feint|p1b: Kangaskhan\n|-damage|p1b: Kangaskhan|65/100\n|cant|p2a: Garchomp|flinch\n|move|p1a: Aerodactyl|Tailwind|p1a: Aerodactyl\n|-sidestart|p1: The Bongo Time|move: Tailwind\n|\n|upkeep\n|turn|2\n|inactive|The Bongo Time has 30 seconds left.\n|\n|t:|1776344170\n|switch|p1b: Milotic|Milotic, L50, F|100/100\n|move|p1a: Aerodactyl|Dual Wingbeat|p2b: Sneasler\n|-supereffective|p2b: Sneasler|1\n|-crit|p2b: Sneasler\n|-damage|p2b: Sneasler|15/100\n|-supereffective|p2b: Sneasler|1\n|-damage|p2b: Sneasler|0 fnt\n|faint|p2b: Sneasler\n|-hitcount|p2: Sneasler|2\n|move|p2a: Garchomp|Rock Slide|p1a: Aerodactyl|[spread] p1a,p1b\n|-supereffective|p1a: Aerodactyl|1\n|-damage|p1a: Aerodactyl|37/100\n|-damage|p1b: Milotic|80/100\n|\n|-heal|p1b: Milotic|86/100|[from] item: Leftovers\n|upkeep\n|\n|t:|1776344176\n|switch|p2b: Charizard|Charizard, L50, F|100/100\n|turn|3\n|\n|t:|1776344185\n|detailschange|p2b: Charizard|Charizard-Mega-Y, L50, F\n|-mega|p2b: Charizard|Charizard|Charizardite Y\n|-weather|SunnyDay|[from] ability: Drought|[of] p2b: Charizard\n|move|p2b: Charizard|Protect|p2b: Charizard\n|-singleturn|p2b: Charizard|Protect\n|move|p1a: Aerodactyl|Rock Slide|p2b: Charizard|[spread] \n|-activate|p2b: Charizard|move: Protect\n|-miss|p1a: Aerodactyl|p2a: Garchomp\n|move|p2a: Garchomp|Rock Slide|p1b: Milotic|[spread] p1a,p1b\n|-supereffective|p1a: Aerodactyl|1\n|-damage|p1a: Aerodactyl|0 fnt\n|-damage|p1b: Milotic|62/100\n|faint|p1a: Aerodactyl\n|move|p1b: Milotic|Ice Beam|p2a: Garchomp\n|-supereffective|p2a: Garchomp|2\n|-damage|p2a: Garchomp|0 fnt\n|faint|p2a: Garchomp\n|\n|-weather|SunnyDay|[upkeep]\n|-heal|p1b: Milotic|68/100|[from] item: Leftovers\n|upkeep\n|\n|t:|1776344202\n|switch|p1a: Kangaskhan|Kangaskhan-Mega, L50, F|65/100\n|switch|p2a: Kingambit|Kingambit, L50, F|100/100\n|turn|4\n|\n|t:|1776344213\n|move|p2a: Kingambit|Sucker Punch|p1a: Kangaskhan\n|-damage|p1a: Kangaskhan|14/100\n|move|p1a: Kangaskhan|Rock Slide|p2a: Kingambit|[spread] p2a,p2b\n|-resisted|p2a: Kingambit|1\n|-supereffective|p2b: Charizard|2\n|-damage|p2a: Kingambit|93/100\n|-damage|p2b: Charizard|9/100\n|move|p1b: Milotic|Scald|p2a: Kingambit\n|-damage|p2a: Kingambit|74/100\n|move|p2b: Charizard|Solar Beam||[still]\n|-prepare|p2b: Charizard|Solar Beam\n|-anim|p2b: Charizard|Solar Beam|p1b: Milotic\n|-supereffective|p1b: Milotic|1\n|-damage|p1b: Milotic|2/100\n|\n|-weather|SunnyDay|[upkeep]\n|-heal|p1b: Milotic|8/100|[from] item: Leftovers\n|-sideend|p1: The Bongo Time|move: Tailwind\n|upkeep\n|turn|5\n|\n|t:|1776344234\n|move|p1a: Kangaskhan|Sucker Punch|p2b: Charizard\n|-damage|p2b: Charizard|0 fnt\n|faint|p2b: Charizard\n|-hitcount|p2: Charizard|1\n|move|p2a: Kingambit|Sucker Punch||[still]\n|-fail|p2a: Kingambit\n|move|p1b: Milotic|Scald|p2a: Kingambit\n|-damage|p2a: Kingambit|56/100\n|\n|-weather|SunnyDay|[upkeep]\n|-heal|p1b: Milotic|14/100|[from] item: Leftovers\n|upkeep\n|turn|6\n|\n|t:|1776344248\n|switch|p1a: Aegislash|Aegislash, L50, M|100/100\n|move|p2a: Kingambit|Sucker Punch|p1b: Milotic\n|-damage|p1b: Milotic|0 fnt\n|faint|p1b: Milotic\n|\n|-weather|SunnyDay|[upkeep]\n|upkeep\n|\n|t:|1776344259\n|switch|p1b: Kangaskhan|Kangaskhan-Mega, L50, F|14/100\n|turn|7\n|\n|t:|1776344264\n|move|p2a: Kingambit|Protect|p2a: Kingambit\n|-singleturn|p2a: Kingambit|Protect\n|move|p1b: Kangaskhan|Fake Out|p2a: Kingambit\n|-activate|p2a: Kingambit|move: Protect\n|-formechange|p1a: Aegislash|Aegislash-Blade|\n|move|p1a: Aegislash|Iron Head|p2a: Kingambit\n|-activate|p2a: Kingambit|move: Protect\n|\n|-weather|none\n|upkeep\n|turn|8\n|inactive|The Bongo Time has 30 seconds left.\n|\n|t:|1776344308\n|move|p2a: Kingambit|Sucker Punch|p1a: Aegislash\n|-supereffective|p1a: Aegislash|1\n|-damage|p1a: Aegislash|0 fnt\n|faint|p1a: Aegislash\n|move|p1b: Kangaskhan|Double-Edge|p2a: Kingambit\n|-resisted|p2a: Kingambit|1\n|-damage|p2a: Kingambit|32/100\n|-resisted|p2a: Kingambit|1\n|-crit|p2a: Kingambit\n|-damage|p2a: Kingambit|23/100\n|-hitcount|p2a: Kingambit|2\n|-damage|p1b: Kangaskhan|2/100|[from] Recoil\n|\n|upkeep\n|turn|9\n|\n|t:|1776344321\n|move|p2a: Kingambit|Sucker Punch|p1b: Kangaskhan\n|-damage|p1b: Kangaskhan|0 fnt\n|faint|p1b: Kangaskhan\n|\n|win|jokmah123\n|raw|The Bongo Time's rating: 1272 &rarr; <strong>1251</strong><br />(-21 for losing)\n|raw|jokmah123's rating: 1322 &rarr; <strong>1339</strong><br />(+17 for winning)\n|c|\u2606jokmah123|Xd\n",
  "uploadtime": 1776344334,
  "views": 30,
  "formatid": "gen9championsvgc2026regma",
  "rating": 1251,
  "private": 0,
  "password": null
}