{
  "id": "gen9championsvgc2026regma-2586245609",
  "format": "[Gen 9 Champions] VGC 2026 Reg M-A",
  "players": [
    "num157",
    "TheOtherDan"
  ],
  "log": "|j|\u2606num157\n|j|\u2606TheOtherDan\n|t:|1776416825\n|gametype|doubles\n|player|p1|num157|170|1281\n|player|p2|TheOtherDan|2|1179\n|gen|9\n|tier|[Gen 9 Champions] VGC 2026 Reg M-A\n|rated|\n|rule|Species Clause: Limit one of each Pok\u00e9mon\n|rule|Item Clause: Limit 1 of each item\n|clearpoke\n|poke|p1|Dragonite, L50, F|\n|poke|p1|Sinistcha, L50|\n|poke|p1|Incineroar, L50, F|\n|poke|p1|Archaludon, L50, M|\n|poke|p1|Basculegion, L50, M|\n|poke|p1|Politoed, L50, F|\n|poke|p2|Chimecho, L50, F|\n|poke|p2|Arcanine-Hisui, L50, M|\n|poke|p2|Hydreigon, L50, M|\n|poke|p2|Tyranitar, L50, M|\n|poke|p2|Milotic, L50, F|\n|poke|p2|Aerodactyl, L50, F|\n|teampreview|4\n|\n|t:|1776416868\n|teamsize|p1|4\n|teamsize|p2|4\n|start\n|switch|p1a: Dragonite|Dragonite, L50, F|100/100\n|switch|p1b: Basculegion|Basculegion, L50, M|100/100\n|switch|p2a: Milotic|Milotic, L50, F, shiny|100/100\n|switch|p2b: Hydreigon|Hydreigon, L50, M|100/100\n|turn|1\n|\n|t:|1776416886\n|detailschange|p1a: Dragonite|Dragonite-Mega, L50, F\n|-mega|p1a: Dragonite|Dragonite|Dragoninite\n|move|p1a: Dragonite|Protect|p1a: Dragonite\n|-singleturn|p1a: Dragonite|Protect\n|move|p1b: Basculegion|Flip Turn|p2a: Milotic\n|-resisted|p2a: Milotic|1\n|-damage|p2a: Milotic|86/100\n|\n|t:|1776416896\n|switch|p1b: Politoed|Politoed, L50, F|100/100|[from] Flip Turn\n|-weather|RainDance|[from] ability: Drizzle|[of] p1b: Politoed\n|move|p2b: Hydreigon|Throat Chop|p1b: Politoed\n|-damage|p1b: Politoed|59/100\n|-start|p1b: Politoed|Throat Chop|[silent]\n|move|p2a: Milotic|Icy Wind|p1a: Dragonite|[spread] p1b\n|-activate|p1a: Dragonite|move: Protect\n|-resisted|p1b: Politoed|1\n|-damage|p1b: Politoed|55/100\n|-unboost|p1b: Politoed|spe|1\n|\n|-weather|RainDance|[upkeep]\n|-heal|p2a: Milotic|92/100|[from] item: Leftovers\n|upkeep\n|turn|2\n|\n|t:|1776416918\n|switch|p2b: Tyranitar|Tyranitar, L50, M, shiny|100/100\n|-weather|Sandstorm|[from] ability: Sand Stream|[of] p2b: Tyranitar\n|move|p1a: Dragonite|Draco Meteor|p2b: Tyranitar|[miss]\n|-miss|p1a: Dragonite|p2b: Tyranitar\n|move|p2a: Milotic|Icy Wind|p1a: Dragonite|[spread] p1a,p1b\n|-supereffective|p1a: Dragonite|2\n|-resisted|p1b: Politoed|1\n|-damage|p1a: Dragonite|83/100\n|-damage|p1b: Politoed|52/100\n|-unboost|p1a: Dragonite|spe|1\n|-unboost|p1b: Politoed|spe|1\n|move|p1b: Politoed|Weather Ball|p2a: Milotic\n|-damage|p2a: Milotic|76/100\n|\n|-weather|Sandstorm|[upkeep]\n|-damage|p2a: Milotic|70/100|[from] Sandstorm\n|-damage|p1a: Dragonite|76/100|[from] Sandstorm\n|-damage|p1b: Politoed|46/100|[from] Sandstorm\n|-heal|p2a: Milotic|76/100|[from] item: Leftovers\n|-end|p1b: Politoed|Throat Chop|[silent]\n|upkeep\n|turn|3\n|\n|t:|1776416953\n|switch|p1b: Archaludon|Archaludon, L50, M|100/100\n|move|p1a: Dragonite|Protect|p1a: Dragonite\n|-singleturn|p1a: Dragonite|Protect\n|move|p2a: Milotic|Icy Wind|p1b: Archaludon|[spread] p1b\n|-activate|p1a: Dragonite|move: Protect\n|-damage|p1b: Archaludon|91/100\n|-unboost|p1b: Archaludon|spe|1\n|-ability|p1b: Archaludon|Stamina|boost\n|-boost|p1b: Archaludon|def|1\n|move|p2b: Tyranitar|Rock Slide|p1b: Archaludon|[spread] p1b\n|-activate|p1a: Dragonite|move: Protect\n|-resisted|p1b: Archaludon|1\n|-damage|p1b: Archaludon|84/100\n|-ability|p1b: Archaludon|Stamina|boost\n|-boost|p1b: Archaludon|def|1\n|\n|-weather|Sandstorm|[upkeep]\n|-damage|p2a: Milotic|70/100|[from] Sandstorm\n|-damage|p1a: Dragonite|70/100|[from] Sandstorm\n|-heal|p2a: Milotic|76/100|[from] item: Leftovers\n|-heal|p1b: Archaludon|90/100|[from] item: Leftovers\n|upkeep\n|turn|4\n|\n|t:|1776416984\n|switch|p1a: Politoed|Politoed, L50, F|46/100\n|-weather|RainDance|[from] ability: Drizzle|[of] p1a: Politoed\n|switch|p2b: Hydreigon|Hydreigon, L50, M|100/100\n|move|p2a: Milotic|Icy Wind|p1a: Politoed|[spread] p1a,p1b\n|-resisted|p1a: Politoed|1\n|-damage|p1a: Politoed|42/100\n|-damage|p1b: Archaludon|80/100\n|-unboost|p1a: Politoed|spe|1\n|-unboost|p1b: Archaludon|spe|1\n|-ability|p1b: Archaludon|Stamina|boost\n|-boost|p1b: Archaludon|def|1\n|move|p1b: Archaludon|Aura Sphere|p2b: Hydreigon\n|-supereffective|p2b: Hydreigon|1\n|-damage|p2b: Hydreigon|56/100\n|\n|-weather|RainDance|[upkeep]\n|-heal|p2a: Milotic|82/100|[from] item: Leftovers\n|-heal|p1b: Archaludon|86/100|[from] item: Leftovers\n|upkeep\n|turn|5\n|\n|t:|1776417008\n|switch|p2b: Tyranitar|Tyranitar, L50, M, shiny|100/100\n|-weather|Sandstorm|[from] ability: Sand Stream|[of] p2b: Tyranitar\n|move|p2a: Milotic|Scald|p1b: Archaludon\n|-resisted|p1b: Archaludon|1\n|-damage|p1b: Archaludon|74/100\n|-ability|p1b: Archaludon|Stamina|boost\n|-boost|p1b: Archaludon|def|1\n|move|p1a: Politoed|Muddy Water|p2b: Tyranitar|[spread] p2a,p2b\n|-resisted|p2a: Milotic|1\n|-supereffective|p2b: Tyranitar|1\n|-damage|p2a: Milotic|73/100\n|-damage|p2b: Tyranitar|72/100\n|move|p1b: Archaludon|Electro Shot||[still]\n|-prepare|p1b: Archaludon|Electro Shot\n|-boost|p1b: Archaludon|spa|1\n|\n|-weather|Sandstorm|[upkeep]\n|-damage|p2a: Milotic|67/100|[from] Sandstorm\n|-damage|p1a: Politoed|36/100|[from] Sandstorm\n|-heal|p2a: Milotic|73/100|[from] item: Leftovers\n|-heal|p1b: Archaludon|80/100|[from] item: Leftovers\n|upkeep\n|turn|6\n|\n|t:|1776417033\n|move|p2a: Milotic|Protect|p2a: Milotic\n|-singleturn|p2a: Milotic|Protect\n|move|p1a: Politoed|Protect|p1a: Politoed\n|-singleturn|p1a: Politoed|Protect\n|move|p2b: Tyranitar|Knock Off|p1b: Archaludon\n|-damage|p1b: Archaludon|68/100\n|-ability|p1b: Archaludon|Stamina|boost\n|-boost|p1b: Archaludon|def|1\n|-enditem|p1b: Archaludon|Leftovers|[from] move: Knock Off|[of] p2b: Tyranitar\n|move|p1b: Archaludon|Electro Shot|p2a: Milotic|[from] lockedmove\n|-activate|p2a: Milotic|move: Protect\n|\n|-weather|Sandstorm|[upkeep]\n|-damage|p2a: Milotic|67/100|[from] Sandstorm\n|-damage|p1a: Politoed|30/100|[from] Sandstorm\n|-heal|p2a: Milotic|73/100|[from] item: Leftovers\n|upkeep\n|turn|7\n|\n|t:|1776417062\n|switch|p1a: Basculegion|Basculegion, L50, M|100/100\n|move|p2a: Milotic|Scald|p1b: Archaludon\n|-resisted|p1b: Archaludon|1\n|-damage|p1b: Archaludon|55/100\n|-ability|p1b: Archaludon|Stamina|boost\n|-boost|p1b: Archaludon|def|1\n|move|p2b: Tyranitar|Rock Slide|p1a: Basculegion|[spread] p1a,p1b\n|-resisted|p1b: Archaludon|1\n|-damage|p1a: Basculegion|64/100\n|-damage|p1b: Archaludon|52/100\n|move|p1b: Archaludon|Aura Sphere|p2b: Tyranitar\n|-supereffective|p2b: Tyranitar|2\n|-enditem|p2b: Tyranitar|Chople Berry|[eat]\n|-enditem|p2b: Tyranitar|Chople Berry|[weaken]\n|-damage|p2b: Tyranitar|35/100\n|\n|-weather|Sandstorm|[upkeep]\n|-damage|p1a: Basculegion|58/100|[from] Sandstorm\n|-damage|p2a: Milotic|67/100|[from] Sandstorm\n|-heal|p2a: Milotic|73/100|[from] item: Leftovers\n|upkeep\n|turn|8\n|\n|t:|1776417085\n|move|p2b: Tyranitar|Protect|p2b: Tyranitar\n|-singleturn|p2b: Tyranitar|Protect\n|move|p1b: Archaludon|Protect|p1b: Archaludon\n|-singleturn|p1b: Archaludon|Protect\n|move|p1a: Basculegion|Flip Turn|p2b: Tyranitar\n|-activate|p2b: Tyranitar|move: Protect\n|move|p2a: Milotic|Icy Wind|p1b: Archaludon|[spread] p1a\n|-activate|p1b: Archaludon|move: Protect\n|-resisted|p1a: Basculegion|1\n|-damage|p1a: Basculegion|52/100\n|-unboost|p1a: Basculegion|spe|1\n|\n|-weather|Sandstorm|[upkeep]\n|-damage|p1a: Basculegion|46/100|[from] Sandstorm\n|-damage|p2a: Milotic|67/100|[from] Sandstorm\n|-heal|p2a: Milotic|73/100|[from] item: Leftovers\n|upkeep\n|turn|9\n|l|\u2606TheOtherDan\n|player|p2|\n|j|\u2606TheOtherDan\n|player|p2|TheOtherDan|2|\n|\n|t:|1776417130\n|switch|p2b: Hydreigon|Hydreigon, L50, M|56/100\n|move|p1a: Basculegion|Flip Turn|p2b: Hydreigon\n|-resisted|p2b: Hydreigon|1\n|-damage|p2b: Hydreigon|36/100\n|\n|t:|1776417138\n|switch|p1a: Politoed|Politoed, L50, F|30/100|[from] Flip Turn\n|-weather|RainDance|[from] ability: Drizzle|[of] p1a: Politoed\n|move|p2a: Milotic|Scald|p1b: Archaludon\n|-resisted|p1b: Archaludon|1\n|-damage|p1b: Archaludon|33/100\n|-status|p1b: Archaludon|brn\n|move|p1b: Archaludon|Electro Shot||[still]\n|-prepare|p1b: Archaludon|Electro Shot\n|-boost|p1b: Archaludon|spa|1\n|-anim|p1b: Archaludon|Electro Shot|p2a: Milotic\n|-supereffective|p2a: Milotic|1\n|-damage|p2a: Milotic|0 fnt\n|faint|p2a: Milotic\n|\n|-weather|RainDance|[upkeep]\n|-damage|p1b: Archaludon|27/100 brn|[from] brn\n|upkeep\n|\n|t:|1776417159\n|switch|p2a: Chimecho|Chimecho, L50, F|100/100\n|turn|10\n|\n|t:|1776417172\n|switch|p2b: Tyranitar|Tyranitar, L50, M, shiny|35/100\n|-weather|Sandstorm|[from] ability: Sand Stream|[of] p2b: Tyranitar\n|detailschange|p2a: Chimecho|Chimecho-Mega, L50, F\n|-mega|p2a: Chimecho|Chimecho|Chimechite\n|move|p1b: Archaludon|Protect|p1b: Archaludon\n|-singleturn|p1b: Archaludon|Protect\n|move|p1a: Politoed|Muddy Water|p2a: Chimecho|[spread] p2a,p2b\n|-supereffective|p2b: Tyranitar|1\n|-damage|p2a: Chimecho|80/100\n|-damage|p2b: Tyranitar|5/100\n|-unboost|p2a: Chimecho|accuracy|1\n|move|p2a: Chimecho|Calm Mind|p2a: Chimecho\n|-boost|p2a: Chimecho|spa|1\n|-boost|p2a: Chimecho|spd|1\n|\n|-weather|Sandstorm|[upkeep]\n|-damage|p1a: Politoed|24/100|[from] Sandstorm\n|-damage|p1b: Archaludon|21/100 brn|[from] brn\n|upkeep\n|turn|11\n|\n|t:|1776417202\n|switch|p1a: Dragonite|Dragonite-Mega, L50, F|70/100\n|move|p2a: Chimecho|Calm Mind|p2a: Chimecho\n|-boost|p2a: Chimecho|spa|1\n|-boost|p2a: Chimecho|spd|1\n|move|p2b: Tyranitar|Knock Off|p1a: Dragonite\n|-damage|p1a: Dragonite|38/100\n|move|p1b: Archaludon|Draco Meteor|p2a: Chimecho\n|-resisted|p2a: Chimecho|1\n|-damage|p2a: Chimecho|56/100\n|-unboost|p1b: Archaludon|spa|2\n|\n|-weather|Sandstorm|[upkeep]\n|-damage|p1a: Dragonite|32/100|[from] Sandstorm\n|-damage|p1b: Archaludon|15/100 brn|[from] brn\n|upkeep\n|turn|12\n|\n|t:|1776417232\n|move|p1a: Dragonite|Protect|p1a: Dragonite\n|-singleturn|p1a: Dragonite|Protect\n|move|p2a: Chimecho|Recover|p2a: Chimecho\n|-heal|p2a: Chimecho|100/100\n|move|p2b: Tyranitar|Rock Slide|p1a: Dragonite|[spread] \n|-activate|p1a: Dragonite|move: Protect\n|-miss|p2b: Tyranitar|p1b: Archaludon\n|move|p1b: Archaludon|Aura Sphere|p2b: Tyranitar\n|-supereffective|p2b: Tyranitar|2\n|-damage|p2b: Tyranitar|0 fnt\n|faint|p2b: Tyranitar\n|\n|-weather|Sandstorm|[upkeep]\n|-damage|p1a: Dragonite|26/100|[from] Sandstorm\n|-damage|p1b: Archaludon|9/100 brn|[from] brn\n|upkeep\n|\n|t:|1776417254\n|switch|p2b: Hydreigon|Hydreigon, L50, M|36/100\n|turn|13\n|\n|t:|1776417277\n|move|p2b: Hydreigon|Throat Chop|p1a: Dragonite\n|-damage|p1a: Dragonite|0 fnt\n|faint|p1a: Dragonite\n|move|p2a: Chimecho|Psychic|p1b: Archaludon|[miss]\n|-miss|p2a: Chimecho|p1b: Archaludon\n|move|p1b: Archaludon|Aura Sphere|p2a: Chimecho\n|-damage|p2a: Chimecho|91/100\n|\n|-weather|Sandstorm|[upkeep]\n|-damage|p2b: Hydreigon|30/100|[from] Sandstorm\n|-damage|p1b: Archaludon|3/100 brn|[from] brn\n|upkeep\n|\n|t:|1776417292\n|switch|p1a: Politoed|Politoed, L50, F|24/100\n|-weather|RainDance|[from] ability: Drizzle|[of] p1a: Politoed\n|turn|14\n|\n|t:|1776417308\n|move|p2b: Hydreigon|Throat Chop|p1a: Politoed\n|-damage|p1a: Politoed|0 fnt\n|faint|p1a: Politoed\n|move|p2a: Chimecho|Psychic|p1b: Archaludon\n|-resisted|p1b: Archaludon|1\n|-damage|p1b: Archaludon|0 fnt\n|faint|p1b: Archaludon\n|\n|-weather|RainDance|[upkeep]\n|upkeep\n|\n|t:|1776417315\n|switch|p1b: Basculegion|Basculegion, L50, M|46/100\n|turn|15\n|\n|t:|1776417331\n|move|p1b: Basculegion|Last Respects|p2b: Hydreigon\n|-resisted|p2b: Hydreigon|1\n|-damage|p2b: Hydreigon|0 fnt\n|faint|p2b: Hydreigon\n|move|p2a: Chimecho|Psychic|p1b: Basculegion|[miss]\n|-miss|p2a: Chimecho|p1b: Basculegion\n|\n|-weather|RainDance|[upkeep]\n|upkeep\n|turn|16\n|\n|t:|1776417342\n|move|p1b: Basculegion|Last Respects|p2a: Chimecho\n|-supereffective|p2a: Chimecho|1\n|-damage|p2a: Chimecho|0 fnt\n|faint|p2a: Chimecho\n|\n|win|num157\n|raw|num157's rating: 1281 &rarr; <strong>1299</strong><br />(+18 for winning)\n|raw|TheOtherDan's rating: 1179 &rarr; <strong>1161</strong><br />(-18 for losing)\n",
  "uploadtime": 1776417367,
  "views": 21,
  "formatid": "gen9championsvgc2026regma",
  "rating": 1161,
  "private": 0,
  "password": null
}