{
  "id": "gen9championsvgc2026regma-2588474837",
  "format": "[Gen 9 Champions] VGC 2026 Reg M-A",
  "players": [
    "jonathan53332",
    "iamjalenhh"
  ],
  "log": "|j|\u2606jonathan53332\n|j|\u2606iamjalenhh\n|html|<table width=\"100%\"><tr><td align=\"left\">jonathan53332</td><td align=\"right\">iamjalenhh</tr><tr><td align=\"left\"><i class=\"fa fa-circle\"></i> <i class=\"fa fa-circle-o\"></i> </td><td align=\"right\"><i class=\"fa fa-circle-o\"></i> <i class=\"fa fa-circle-o\"></i> </tr></table>\n|uhtml|bestof|<h2><strong>Game 2</strong> of <a href=\"/game-bestof3-gen9championsvgc2026regma-2588471788\">a best-of-3</a></h2>\n|t:|1776636800\n|gametype|doubles\n|player|p1|jonathan53332|102|\n|player|p2|iamjalenhh|1|\n|gen|9\n|tier|[Gen 9 Champions] VGC 2026 Reg M-A\n|rule|Species Clause: Limit one of each Pok\u00e9mon\n|rule|Item Clause: Limit 1 of each item\n|raw|<div class=\"infobox\"><details class=\"readmore\" open><summary><strong>1 custom rule:</strong></summary> Best of = 3</details></div>\n|clearpoke\n|poke|p1|Meganium, L50, F, shiny|\n|poke|p1|Pelipper, L50, M|\n|poke|p1|Primarina, L50, M|\n|poke|p1|Sinistcha-Masterpiece, L50, shiny|\n|poke|p1|Archaludon, L50, M, shiny|\n|poke|p1|Empoleon, L50, M|\n|poke|p2|Incineroar, L50, M, shiny|\n|poke|p2|Scovillain, L50, F, shiny|\n|poke|p2|Meganium, L50, M, shiny|\n|poke|p2|Torkoal, L50, F, shiny|\n|poke|p2|Armarouge, L50, M, shiny|\n|poke|p2|Maushold-Four, L50, shiny|\n|teampreview|4\n|\n|t:|1776636844\n|teamsize|p1|4\n|teamsize|p2|4\n|start\n|switch|p1a: Empoleon|Empoleon, L50, M|100/100\n|switch|p1b: Primarina|Primarina, L50, M|100/100\n|switch|p2a: Scovillain|Scovillain, L50, F, shiny|100/100\n|switch|p2b: Incineroar|Incineroar, L50, M, shiny|100/100\n|-ability|p2b: Incineroar|Intimidate|boost\n|-unboost|p1a: Empoleon|atk|1\n|-ability|p1a: Empoleon|Competitive|boost\n|-boost|p1a: Empoleon|spa|2\n|-unboost|p1b: Primarina|atk|1\n|turn|1\n|\n|t:|1776636859\n|move|p2a: Scovillain|Protect|p2a: Scovillain\n|-singleturn|p2a: Scovillain|Protect\n|move|p2b: Incineroar|Protect|p2b: Incineroar\n|-singleturn|p2b: Incineroar|Protect\n|move|p1a: Empoleon|Vacuum Wave|p2b: Incineroar\n|-activate|p2b: Incineroar|move: Protect\n|move|p1b: Primarina|Hyper Voice|p2b: Incineroar|[spread] \n|-activate|p2a: Scovillain|move: Protect\n|-activate|p2b: Incineroar|move: Protect\n|\n|upkeep\n|turn|2\n|\n|t:|1776636880\n|switch|p2b: Torkoal|Torkoal, L50, F, shiny|100/100\n|-weather|SunnyDay|[from] ability: Drought|[of] p2b: Torkoal\n|detailschange|p2a: Scovillain|Scovillain-Mega, L50, F, shiny\n|-mega|p2a: Scovillain|Scovillain|Scovillainite\n|move|p1a: Empoleon|Vacuum Wave|p2b: Torkoal\n|-damage|p2b: Torkoal|52/100\n|move|p2a: Scovillain|Solar Beam||[still]\n|-prepare|p2a: Scovillain|Solar Beam\n|-anim|p2a: Scovillain|Solar Beam|p1b: Primarina\n|-supereffective|p1b: Primarina|1\n|-damage|p1b: Primarina|0 fnt\n|faint|p1b: Primarina\n|\n|-weather|SunnyDay|[upkeep]\n|upkeep\n|\n|t:|1776636893\n|switch|p1b: Pelipper|Pelipper, L50, M|100/100\n|-weather|RainDance|[from] ability: Drizzle|[of] p1b: Pelipper\n|turn|3\n|\n|t:|1776636902\n|switch|p2b: Incineroar|Incineroar, L50, M, shiny|100/100\n|-ability|p2b: Incineroar|Intimidate|boost\n|-unboost|p1a: Empoleon|atk|1\n|-ability|p1a: Empoleon|Competitive|boost\n|-boost|p1a: Empoleon|spa|2\n|-unboost|p1b: Pelipper|atk|1\n|move|p2a: Scovillain|Protect|p2a: Scovillain\n|-singleturn|p2a: Scovillain|Protect\n|move|p1b: Pelipper|Hurricane|p2a: Scovillain\n|-activate|p2a: Scovillain|move: Protect\n|move|p1a: Empoleon|Chilling Water|p2b: Incineroar\n|-supereffective|p2b: Incineroar|1\n|-damage|p2b: Incineroar|0 fnt\n|faint|p2b: Incineroar\n|\n|-weather|RainDance|[upkeep]\n|upkeep\n|\n|t:|1776636917\n|switch|p2b: Torkoal|Torkoal, L50, F, shiny|52/100\n|-weather|SunnyDay|[from] ability: Drought|[of] p2b: Torkoal\n|turn|4\n|\n|t:|1776636946\n|switch|p1b: Meganium|Meganium, L50, F, shiny|100/100\n|move|p1a: Empoleon|Vacuum Wave|p2b: Torkoal\n|-damage|p2b: Torkoal|0 fnt\n|faint|p2b: Torkoal\n|move|p2a: Scovillain|Flamethrower|p1b: Meganium\n|-supereffective|p1b: Meganium|1\n|-damage|p1b: Meganium|0 fnt\n|faint|p1b: Meganium\n|\n|-weather|SunnyDay|[upkeep]\n|upkeep\n|\n|t:|1776636956\n|switch|p1b: Pelipper|Pelipper, L50, M|100/100\n|switch|p2b: Armarouge|Armarouge, L50, M, shiny|100/100\n|-weather|RainDance|[from] ability: Drizzle|[of] p1b: Pelipper\n|turn|5\n|\n|t:|1776636974\n|move|p2b: Armarouge|Protect|p2b: Armarouge\n|-singleturn|p2b: Armarouge|Protect\n|move|p2a: Scovillain|Giga Drain|p1b: Pelipper\n|-damage|p1b: Pelipper|23/100\n|move|p1b: Pelipper|Hurricane|p2a: Scovillain\n|-supereffective|p2a: Scovillain|1\n|-damage|p2a: Scovillain|0 fnt\n|-status|p1b: Pelipper|brn|[from] ability: Spicy Spray|[of] p2a: Scovillain\n|faint|p2a: Scovillain\n|move|p1a: Empoleon|Chilling Water|p2b: Armarouge\n|-activate|p2b: Armarouge|move: Protect\n|\n|-weather|RainDance|[upkeep]\n|-damage|p1b: Pelipper|17/100 brn|[from] brn\n|upkeep\n|turn|6\n|\n|t:|1776636989\n|move|p2b: Armarouge|Protect||[still]\n|-fail|p2b: Armarouge\n|move|p1b: Pelipper|Hurricane|p2b: Armarouge\n|-damage|p2b: Armarouge|36/100\n|move|p1a: Empoleon|Chilling Water|p2b: Armarouge\n|-supereffective|p2b: Armarouge|1\n|-damage|p2b: Armarouge|0 fnt\n|faint|p2b: Armarouge\n|\n|win|jonathan53332\n",
  "uploadtime": 1776636992,
  "views": 6,
  "formatid": "gen9championsvgc2026regma",
  "rating": null,
  "private": 0,
  "password": null
}