{
  "id": "gen9championsvgc2026regma-2581665872",
  "format": "[Gen 9 Champions] VGC 2026 Reg M-A",
  "players": [
    "TRAINER_CLON",
    "Vitalis24"
  ],
  "log": "|j|\u2606TRAINER_CLON\n|j|\u2606Vitalis24\n|t:|1776019127\n|gametype|doubles\n|player|p1|TRAINER_CLON|101|1091\n|player|p2|Vitalis24|crasherwake|1136\n|gen|9\n|tier|[Gen 9 Champions] VGC 2026 Reg M-A\n|rated|\n|rule|Species Clause: Limit one of each Pok\u00e9mon\n|rule|Item Clause: Limit 1 of each item\n|clearpoke\n|poke|p1|Meganium, L50, M|\n|poke|p1|Pelipper, L50, M|\n|poke|p1|Incineroar, L50, M|\n|poke|p1|Sneasler, L50, F|\n|poke|p1|Garchomp, L50, F|\n|poke|p1|Basculegion, L50, M|\n|poke|p2|Manectric, L50, F|\n|poke|p2|Kingambit, L50, M|\n|poke|p2|Hatterene, L50, F|\n|poke|p2|Machamp, L50, F|\n|poke|p2|Pelipper, L50, F|\n|poke|p2|Basculegion, L50, M|\n|teampreview|4\n|inactive|Battle timer is ON: inactive players will automatically lose when time's up. (requested by TRAINER_CLON)\n|\n|t:|1776019240\n|teamsize|p1|4\n|teamsize|p2|4\n|start\n|switch|p1a: Incineroar|Incineroar, L50, M, shiny|100/100\n|switch|p1b: Sneasler|Sneasler, L50, F|100/100\n|switch|p2a: Manectric|Manectric, L50, F|100/100\n|switch|p2b: Kingambit|Kingambit, L50, M|100/100\n|-ability|p1a: Incineroar|Intimidate|boost\n|-unboost|p2a: Manectric|atk|1\n|-unboost|p2b: Kingambit|atk|1\n|-ability|p2b: Kingambit|Defiant|boost\n|-boost|p2b: Kingambit|atk|2\n|turn|1\n|inactive|Vitalis24 has 30 seconds left.\n|\n|t:|1776019273\n|detailschange|p2a: Manectric|Manectric-Mega, L50, F\n|-mega|p2a: Manectric|Manectric|Manectite\n|-ability|p2a: Manectric|Intimidate|boost\n|-unboost|p1a: Incineroar|atk|1\n|-unboost|p1b: Sneasler|atk|1\n|-enditem|p1b: Sneasler|White Herb\n|-clearnegativeboost|p1b: Sneasler|[silent]\n|move|p1a: Incineroar|Fake Out|p2a: Manectric\n|-damage|p2a: Manectric|87/100\n|move|p1b: Sneasler|Close Combat|p2b: Kingambit\n|-supereffective|p2b: Kingambit|2\n|-damage|p2b: Kingambit|0 fnt\n|-unboost|p1b: Sneasler|def|1\n|-unboost|p1b: Sneasler|spd|1\n|faint|p2b: Kingambit\n|cant|p2a: Manectric|flinch\n|\n|upkeep\n|\n|t:|1776019298\n|switch|p2b: Pelipper|Pelipper, L50, F|100/100\n|-weather|RainDance|[from] ability: Drizzle|[of] p2b: Pelipper\n|turn|2\n|\n|t:|1776019314\n|switch|p1b: Garchomp|Garchomp, L50, F|100/100\n|move|p2a: Manectric|Thunder|p1b: Garchomp\n|-immune|p1b: Garchomp\n|move|p2b: Pelipper|Tailwind|p2b: Pelipper\n|-sidestart|p2: Vitalis24|move: Tailwind\n|move|p1a: Incineroar|Parting Shot|p2a: Manectric\n|-unboost|p2a: Manectric|atk|1\n|-unboost|p2a: Manectric|spa|1\n|\n|t:|1776019324\n|switch|p1a: Meganium|Meganium, L50, M, shiny|100/100|[from] Parting Shot\n|\n|-weather|RainDance|[upkeep]\n|upkeep\n|turn|3\n|\n|t:|1776019344\n|switch|p2a: Hatterene|Hatterene, L50, F|100/100\n|detailschange|p1a: Meganium|Meganium-Mega, L50, M, shiny\n|-mega|p1a: Meganium|Meganium|Meganiumite\n|move|p2b: Pelipper|Hurricane|p1a: Meganium\n|-supereffective|p1a: Meganium|1\n|-damage|p1a: Meganium|20/100\n|move|p1b: Garchomp|Earthquake|p2a: Hatterene|[spread] p1a,p2a\n|-immune|p2b: Pelipper\n|-resisted|p1a: Meganium|1\n|-crit|p1a: Meganium\n|-damage|p1a: Meganium|0 fnt\n|-damage|p2a: Hatterene|56/100\n|faint|p1a: Meganium\n|\n|-weather|RainDance|[upkeep]\n|upkeep\n|\n|t:|1776019361\n|switch|p1a: Incineroar|Incineroar, L50, M, shiny|100/100\n|-ability|p1a: Incineroar|Intimidate|boost\n|-unboost|p2a: Hatterene|atk|1\n|-unboost|p2b: Pelipper|atk|1\n|turn|4\n|\n|t:|1776019382\n|move|p2b: Pelipper|Wide Guard|p2b: Pelipper\n|-singleturn|p2b: Pelipper|Wide Guard\n|move|p1a: Incineroar|Fake Out|p2b: Pelipper\n|-damage|p2b: Pelipper|83/100\n|move|p1b: Garchomp|Rock Slide|p2a: Hatterene|[spread] \n|-activate|p2a: Hatterene|move: Wide Guard\n|-activate|p2b: Pelipper|move: Wide Guard\n|move|p2a: Hatterene|Dazzling Gleam|p1a: Incineroar|[spread] p1a,p1b\n|-supereffective|p1b: Garchomp|1\n|-damage|p1a: Incineroar|66/100\n|-damage|p1b: Garchomp|24/100\n|\n|-weather|RainDance|[upkeep]\n|upkeep\n|turn|5\n|inactive|TRAINER_CLON has 30 seconds left.\n|inactive|Vitalis24 has 30 seconds left.\n|\n|t:|1776019412\n|move|p2b: Pelipper|Hurricane|p1b: Garchomp\n|-damage|p1b: Garchomp|0 fnt\n|faint|p1b: Garchomp\n|move|p1a: Incineroar|Darkest Lariat|p2b: Pelipper\n|-damage|p2b: Pelipper|31/100\n|move|p2a: Hatterene|Dazzling Gleam|p1a: Incineroar\n|-damage|p1a: Incineroar|14/100\n|-enditem|p1a: Incineroar|Sitrus Berry|[eat]\n|-heal|p1a: Incineroar|39/100|[from] item: Sitrus Berry\n|\n|-weather|RainDance|[upkeep]\n|-sideend|p2: Vitalis24|move: Tailwind\n|upkeep\n|\n|t:|1776019422\n|switch|p1b: Sneasler|Sneasler, L50, F|100/100\n|turn|6\n|\n|t:|1776019435\n|switch|p2a: Manectric|Manectric-Mega, L50, F|87/100\n|-ability|p2a: Manectric|Intimidate|boost\n|-unboost|p1a: Incineroar|atk|1\n|-unboost|p1b: Sneasler|atk|1\n|move|p1b: Sneasler|Dire Claw|p2a: Manectric\n|-damage|p2a: Manectric|40/100\n|move|p2b: Pelipper|Hurricane|p1b: Sneasler\n|-supereffective|p1b: Sneasler|1\n|-damage|p1b: Sneasler|0 fnt\n|faint|p1b: Sneasler\n|move|p1a: Incineroar|Darkest Lariat|p2a: Manectric\n|-damage|p2a: Manectric|0 fnt\n|faint|p2a: Manectric\n|\n|-weather|none\n|upkeep\n|\n|t:|1776019452\n|switch|p2a: Hatterene|Hatterene, L50, F|56/100\n|turn|7\n|\n|t:|1776019460\n|move|p2b: Pelipper|Hurricane|p1a: Incineroar\n|-damage|p1a: Incineroar|0 fnt\n|faint|p1a: Incineroar\n|\n|win|Vitalis24\n|raw|TRAINER_CLON's rating: 1091 &rarr; <strong>1070</strong><br />(-21 for losing)\n|raw|Vitalis24's rating: 1136 &rarr; <strong>1158</strong><br />(+22 for winning)\n|l|\u2606TRAINER_CLON\n|player|p1|\n",
  "uploadtime": 1776019498,
  "views": 25,
  "formatid": "gen9championsvgc2026regma",
  "rating": 1070,
  "private": 0,
  "password": null
}