{
  "id": "gen9championsvgc2026regma-2586163355",
  "format": "[Gen 9 Champions] VGC 2026 Reg M-A",
  "players": [
    "tronzer",
    "Catactual"
  ],
  "log": "|j|\u2606tronzer\n|j|\u2606Catactual\n|t:|1776407059\n|gametype|doubles\n|player|p1|tronzer|roark|1252\n|player|p2|Catactual|2|1245\n|gen|9\n|tier|[Gen 9 Champions] VGC 2026 Reg M-A\n|rated|\n|rule|Species Clause: Limit one of each Pok\u00e9mon\n|rule|Item Clause: Limit 1 of each item\n|clearpoke\n|poke|p1|Jolteon, L50, M|\n|poke|p1|Excadrill, L50, M|\n|poke|p1|Whimsicott, L50, M|\n|poke|p1|Garchomp, L50, M|\n|poke|p1|Rotom-Heat, L50|\n|poke|p1|Milotic, L50, M|\n|poke|p2|Gengar, L50, F|\n|poke|p2|Whimsicott, L50, F|\n|poke|p2|Empoleon, L50, M|\n|poke|p2|Incineroar, L50, M|\n|poke|p2|Floette-Eternal, L50, F|\n|poke|p2|Corviknight, L50, F|\n|teampreview|4\n|\n|t:|1776407115\n|teamsize|p1|4\n|teamsize|p2|4\n|start\n|switch|p1a: Whimsicott|Whimsicott, L50, M|100/100\n|switch|p1b: Jolteon|Jolteon, L50, M|100/100\n|switch|p2a: Incineroar|Incineroar, L50, M|100/100\n|switch|p2b: Corviknight|Corviknight, L50, F|100/100\n|-ability|p2a: Incineroar|Intimidate|boost\n|-unboost|p1a: Whimsicott|atk|1\n|-unboost|p1b: Jolteon|atk|1\n|turn|1\n|\n|t:|1776407130\n|move|p2a: Incineroar|Fake Out|p1b: Jolteon\n|-damage|p1b: Jolteon|80/100\n|move|p1a: Whimsicott|Tailwind|p1a: Whimsicott\n|-sidestart|p1: tronzer|move: Tailwind\n|cant|p1b: Jolteon|flinch\n|move|p2b: Corviknight|Brave Bird|p1a: Whimsicott\n|-supereffective|p1a: Whimsicott|1\n|-enditem|p1a: Whimsicott|Focus Sash\n|-damage|p1a: Whimsicott|1/100\n|-damage|p2b: Corviknight|79/100|[from] Recoil\n|\n|upkeep\n|turn|2\n|\n|t:|1776407170\n|switch|p2b: Whimsicott|Whimsicott, L50, F|100/100\n|move|p1a: Whimsicott|Encore|p2a: Incineroar\n|-hint|Since gen 7, Dark is immune to Prankster moves.\n|-immune|p2a: Incineroar\n|move|p1b: Jolteon|Discharge|p2a: Incineroar|[spread] p1a,p2a,p2b\n|-resisted|p1a: Whimsicott|1\n|-crit|p2a: Incineroar\n|-resisted|p2b: Whimsicott|1\n|-damage|p1a: Whimsicott|0 fnt\n|-damage|p2a: Incineroar|57/100\n|-damage|p2b: Whimsicott|80/100\n|-status|p2b: Whimsicott|par\n|faint|p1a: Whimsicott\n|move|p2a: Incineroar|Flare Blitz|p1b: Jolteon\n|-damage|p1b: Jolteon|0 fnt\n|faint|p1b: Jolteon\n|-damage|p2a: Incineroar|39/100|[from] Recoil\n|\n|upkeep\n|\n|t:|1776407187\n|switch|p1b: Rotom|Rotom-Heat, L50|100/100\n|switch|p1a: Excadrill|Excadrill, L50, M|100/100\n|turn|3\n|\n|t:|1776407211\n|detailschange|p1a: Excadrill|Excadrill-Mega, L50, M\n|-mega|p1a: Excadrill|Excadrill|Excadrite\n|move|p2b: Whimsicott|Fake Tears|p1a: Excadrill\n|-unboost|p1a: Excadrill|spd|2\n|move|p1b: Rotom|Discharge|p2b: Whimsicott|[spread] p2a,p2b\n|-immune|p1a: Excadrill\n|-resisted|p2b: Whimsicott|1\n|-damage|p2a: Incineroar|18/100\n|-damage|p2b: Whimsicott|66/100 par\n|move|p1a: Excadrill|Rock Slide|p2a: Incineroar|[spread] p2a,p2b\n|-supereffective|p2a: Incineroar|1\n|-damage|p2a: Incineroar|0 fnt\n|-damage|p2b: Whimsicott|44/100 par\n|-enditem|p2b: Whimsicott|Sitrus Berry|[eat]\n|-heal|p2b: Whimsicott|69/100 par|[from] item: Sitrus Berry\n|faint|p2a: Incineroar\n|\n|upkeep\n|\n|t:|1776407225\n|switch|p2a: Corviknight|Corviknight, L50, F|79/100\n|turn|4\n|\n|t:|1776407239\n|move|p2b: Whimsicott|Fake Tears|p1b: Rotom\n|-unboost|p1b: Rotom|spd|2\n|move|p1b: Rotom|Discharge|p2a: Corviknight|[spread] p2a,p2b\n|-immune|p1a: Excadrill\n|-supereffective|p2a: Corviknight|1\n|-resisted|p2b: Whimsicott|1\n|-damage|p2a: Corviknight|26/100\n|-damage|p2b: Whimsicott|53/100 par\n|move|p1a: Excadrill|Rock Slide|p2a: Corviknight|[spread] p2a,p2b\n|-damage|p2a: Corviknight|11/100\n|-damage|p2b: Whimsicott|29/100 par\n|move|p2a: Corviknight|Body Press|p1a: Excadrill\n|-supereffective|p1a: Excadrill|1\n|-damage|p1a: Excadrill|56/100\n|\n|-sideend|p1: tronzer|move: Tailwind\n|upkeep\n|turn|5\n|\n|t:|1776407265\n|move|p2b: Whimsicott|Fake Tears|p1a: Excadrill\n|-unboost|p1a: Excadrill|spd|2\n|move|p1b: Rotom|Discharge|p2b: Whimsicott|[spread] p2a,p2b\n|-immune|p1a: Excadrill\n|-supereffective|p2a: Corviknight|1\n|-resisted|p2b: Whimsicott|1\n|-damage|p2a: Corviknight|0 fnt\n|-damage|p2b: Whimsicott|14/100 par\n|faint|p2a: Corviknight\n|move|p1a: Excadrill|Rock Slide|p2b: Whimsicott\n|-damage|p2b: Whimsicott|0 fnt\n|faint|p2b: Whimsicott\n|\n|upkeep\n|\n|t:|1776407276\n|switch|p2a: Floette|Floette-Eternal, L50, F|100/100\n|turn|6\n|\n|t:|1776407291\n|detailschange|p2a: Floette|Floette-Mega, L50, F\n|-mega|p2a: Floette|Floette|Floettite\n|-ability|p2a: Floette|Fairy Aura\n|move|p1b: Rotom|Discharge|p2a: Floette|[spread] p2a\n|-immune|p1a: Excadrill\n|-damage|p2a: Floette|78/100\n|move|p1a: Excadrill|Iron Head|p2a: Floette\n|-supereffective|p2a: Floette|1\n|-damage|p2a: Floette|0 fnt\n|faint|p2a: Floette\n|\n|win|tronzer\n|raw|tronzer's rating: 1252 &rarr; <strong>1276</strong><br />(+24 for winning)\n|raw|Catactual's rating: 1245 &rarr; <strong>1221</strong><br />(-24 for losing)\n|l|\u2606Catactual\n|player|p2|\n|l|\u2606tronzer\n|player|p1|\n|j|\u2606tronzer\n|player|p1|tronzer|roark|\n",
  "uploadtime": 1776407929,
  "views": 28,
  "formatid": "gen9championsvgc2026regma",
  "rating": 1221,
  "private": 0,
  "password": null
}