{
  "id": "gen9championsvgc2026regma-2587638066",
  "format": "[Gen 9 Champions] VGC 2026 Reg M-A",
  "players": [
    "Chenkeng",
    "HighasaMantyke"
  ],
  "log": "|j|\u2606Chenkeng\n|j|\u2606HighasaMantyke\n|t:|1776549269\n|gametype|doubles\n|player|p1|Chenkeng|dawn-gen4pt|1422\n|player|p2|HighasaMantyke|drayton|1324\n|gen|9\n|tier|[Gen 9 Champions] VGC 2026 Reg M-A\n|rated|\n|rule|Species Clause: Limit one of each Pok\u00e9mon\n|rule|Item Clause: Limit 1 of each item\n|clearpoke\n|poke|p1|Charizard, L50, M|\n|poke|p1|Incineroar, L50, M|\n|poke|p1|Kingambit, L50, M|\n|poke|p1|Garchomp, L50, F|\n|poke|p1|Sneasler, L50, M|\n|poke|p1|Sinistcha, L50|\n|poke|p2|Garchomp, L50, M|\n|poke|p2|Incineroar, L50, F|\n|poke|p2|Sneasler, L50, M|\n|poke|p2|Whimsicott, L50, M|\n|poke|p2|Rotom-Wash, L50|\n|poke|p2|Floette-Eternal, L50, F|\n|teampreview|4\n|inactive|Battle timer is ON: inactive players will automatically lose when time's up. (requested by HighasaMantyke)\n|inactive|Chenkeng has 60 seconds left.\n|\n|t:|1776549327\n|teamsize|p1|4\n|teamsize|p2|4\n|start\n|switch|p1a: Sneasler|Sneasler, L50, M|100/100\n|switch|p1b: Charizard|Charizard, L50, M|100/100\n|switch|p2a: Garchomp|Garchomp, L50, M|100/100\n|switch|p2b: Whimsicott|Whimsicott, L50, M|100/100\n|turn|1\n|\n|t:|1776549351\n|detailschange|p1b: Charizard|Charizard-Mega-Y, L50, M\n|-mega|p1b: Charizard|Charizard|Charizardite Y\n|-weather|SunnyDay|[from] ability: Drought|[of] p1b: Charizard\n|move|p2b: Whimsicott|Protect|p2b: Whimsicott\n|-singleturn|p2b: Whimsicott|Protect\n|move|p2a: Garchomp|Protect|p2a: Garchomp\n|-singleturn|p2a: Garchomp|Protect\n|move|p1a: Sneasler|Fake Out|p2a: Garchomp\n|-activate|p2a: Garchomp|move: Protect\n|move|p1b: Charizard|Heat Wave|p2b: Whimsicott|[spread] \n|-activate|p2a: Garchomp|move: Protect\n|-activate|p2b: Whimsicott|move: Protect\n|\n|-weather|SunnyDay|[upkeep]\n|upkeep\n|turn|2\n|inactive|Chenkeng has 30 seconds left.\n|\n|t:|1776549382\n|switch|p1b: Garchomp|Garchomp, L50, F|100/100\n|move|p2b: Whimsicott|Encore|p1a: Sneasler\n|-start|p1a: Sneasler|Encore\n|move|p1a: Sneasler|Fake Out||[still]\n|-hint|Fake Out only works on your first turn out.\n|-fail|p1a: Sneasler\n|move|p2a: Garchomp|Rock Slide|p1b: Garchomp|[spread] p1a\n|-miss|p2a: Garchomp|p1b: Garchomp\n|-resisted|p1a: Sneasler|1\n|-damage|p1a: Sneasler|85/100\n|\n|-weather|SunnyDay|[upkeep]\n|upkeep\n|turn|3\n|\n|t:|1776549406\n|switch|p1a: Sinistcha|Sinistcha, L50|100/100\n|move|p2a: Garchomp|Protect|p2a: Garchomp\n|-singleturn|p2a: Garchomp|Protect\n|move|p2b: Whimsicott|Tailwind|p2b: Whimsicott\n|-sidestart|p2: HighasaMantyke|move: Tailwind\n|move|p1b: Garchomp|Dragon Claw|p2a: Garchomp\n|-activate|p2a: Garchomp|move: Protect\n|\n|-weather|SunnyDay|[upkeep]\n|upkeep\n|turn|4\n|\n|t:|1776549423\n|switch|p2b: Incineroar|Incineroar, L50, F|100/100\n|-ability|p2b: Incineroar|Intimidate|boost\n|-unboost|p1a: Sinistcha|atk|1\n|-unboost|p1b: Garchomp|atk|1\n|move|p1a: Sinistcha|Rage Powder|p1a: Sinistcha\n|-singleturn|p1a: Sinistcha|move: Rage Powder\n|move|p2a: Garchomp|Dragon Claw|p1a: Sinistcha\n|-damage|p1a: Sinistcha|67/100\n|move|p1b: Garchomp|Dragon Claw|p2a: Garchomp\n|-supereffective|p2a: Garchomp|1\n|-damage|p2a: Garchomp|45/100\n|-damage|p1b: Garchomp|88/100|[from] ability: Rough Skin|[of] p2a: Garchomp\n|\n|-weather|SunnyDay|[upkeep]\n|-heal|p1a: Sinistcha|73/100|[from] item: Leftovers\n|upkeep\n|turn|5\n|inactive|Chenkeng has 30 seconds left.\n|inactive|HighasaMantyke has 30 seconds left.\n|\n|t:|1776549454\n|switch|p1a: Charizard|Charizard-Mega-Y, L50, M|100/100\n|move|p2a: Garchomp|Protect|p2a: Garchomp\n|-singleturn|p2a: Garchomp|Protect\n|move|p1b: Garchomp|Dragon Claw|p2a: Garchomp\n|-activate|p2a: Garchomp|move: Protect\n|move|p2b: Incineroar|Flare Blitz|p1a: Charizard\n|-resisted|p1a: Charizard|1\n|-damage|p1a: Charizard|50/100\n|-damage|p2b: Incineroar|88/100|[from] Recoil\n|\n|-weather|none\n|upkeep\n|turn|6\n|inactive|Chenkeng has 30 seconds left.\n|\n|t:|1776549480\n|move|p2a: Garchomp|Rock Slide|p1a: Charizard|[spread] p1a,p1b\n|-supereffective|p1a: Charizard|2\n|-resisted|p1b: Garchomp|1\n|-damage|p1a: Charizard|0 fnt\n|-damage|p1b: Garchomp|79/100\n|faint|p1a: Charizard\n|move|p1b: Garchomp|Dragon Claw|p2a: Garchomp\n|-supereffective|p2a: Garchomp|1\n|-crit|p2a: Garchomp\n|-damage|p2a: Garchomp|0 fnt\n|-damage|p1b: Garchomp|67/100|[from] ability: Rough Skin|[of] p2a: Garchomp\n|faint|p2a: Garchomp\n|move|p2b: Incineroar|Parting Shot|p1b: Garchomp\n|-unboost|p1b: Garchomp|atk|1\n|-unboost|p1b: Garchomp|spa|1\n|\n|t:|1776549496\n|switch|p2b: Whimsicott|Whimsicott, L50, M|100/100|[from] Parting Shot\n|\n|-sideend|p2: HighasaMantyke|move: Tailwind\n|upkeep\n|\n|t:|1776549505\n|switch|p2a: Floette|Floette-Eternal, L50, F|100/100\n|switch|p1a: Sneasler|Sneasler, L50, M|85/100\n|turn|7\n|inactive|Chenkeng has 30 seconds left.\n|\n|t:|1776549537\n|switch|p1b: Sinistcha|Sinistcha, L50|73/100\n|-heal|p1a: Sneasler|100/100|[from] ability: Hospitality|[of] p1b: Sinistcha\n|detailschange|p2a: Floette|Floette-Mega, L50, F\n|-mega|p2a: Floette|Floette|Floettite\n|-ability|p2a: Floette|Fairy Aura\n|move|p2b: Whimsicott|Tailwind|p2b: Whimsicott\n|-sidestart|p2: HighasaMantyke|move: Tailwind\n|move|p2a: Floette|Moonblast|p1a: Sneasler\n|-damage|p1a: Sneasler|8/100\n|move|p1a: Sneasler|Dire Claw|p2a: Floette\n|-supereffective|p2a: Floette|1\n|-damage|p2a: Floette|16/100\n|\n|-heal|p1b: Sinistcha|79/100|[from] item: Leftovers\n|upkeep\n|turn|8\n|inactive|Chenkeng has 30 seconds left.\n|inactive|HighasaMantyke has 30 seconds left.\n|inactive|Chenkeng has 20 seconds left.\n|\n|t:|1776549573\n|switch|p1a: Garchomp|Garchomp, L50, F|67/100\n|move|p2b: Whimsicott|Protect|p2b: Whimsicott\n|-singleturn|p2b: Whimsicott|Protect\n|move|p2a: Floette|Protect|p2a: Floette\n|-singleturn|p2a: Floette|Protect\n|move|p1b: Sinistcha|Trick Room|p1b: Sinistcha\n|-fieldstart|move: Trick Room|[of] p1b: Sinistcha\n|\n|-heal|p1b: Sinistcha|85/100|[from] item: Leftovers\n|upkeep\n|turn|9\n|\n|t:|1776549591\n|switch|p1b: Sneasler|Sneasler, L50, M|8/100\n|switch|p2a: Incineroar|Incineroar, L50, F|88/100\n|-ability|p2a: Incineroar|Intimidate|boost\n|-unboost|p1a: Garchomp|atk|1\n|-unboost|p1b: Sneasler|atk|1\n|-enditem|p1b: Sneasler|White Herb\n|-clearnegativeboost|p1b: Sneasler|[silent]\n|move|p2b: Whimsicott|Encore||[still]\n|-fail|p2b: Whimsicott\n|move|p1a: Garchomp|Rock Slide|p2a: Incineroar|[spread] p2a,p2b\n|-supereffective|p2a: Incineroar|1\n|-damage|p2a: Incineroar|62/100\n|-damage|p2b: Whimsicott|83/100\n|\n|upkeep\n|turn|10\n|\n|t:|1776549615\n|switch|p1b: Sinistcha|Sinistcha, L50|85/100\n|-heal|p1a: Garchomp|92/100|[from] ability: Hospitality|[of] p1b: Sinistcha\n|move|p2a: Incineroar|Fake Out|p1b: Sinistcha\n|-immune|p1b: Sinistcha\n|move|p2b: Whimsicott|Encore|p1a: Garchomp\n|-start|p1a: Garchomp|Encore\n|move|p1a: Garchomp|Rock Slide|p2b: Whimsicott|[spread] p2a\n|-miss|p1a: Garchomp|p2b: Whimsicott\n|-supereffective|p2a: Incineroar|1\n|-damage|p2a: Incineroar|38/100\n|-enditem|p2a: Incineroar|Sitrus Berry|[eat]\n|-heal|p2a: Incineroar|63/100|[from] item: Sitrus Berry\n|\n|-heal|p1b: Sinistcha|92/100|[from] item: Leftovers\n|-sideend|p2: HighasaMantyke|move: Tailwind\n|upkeep\n|turn|11\n|inactive|Chenkeng has 30 seconds left.\n|\n|t:|1776549648\n|move|p2b: Whimsicott|Sunny Day|p2b: Whimsicott\n|-weather|SunnyDay\n|move|p1b: Sinistcha|Matcha Gotcha|p2a: Incineroar|[spread] p2a,p2b\n|-resisted|p2a: Incineroar|1\n|-resisted|p2b: Whimsicott|1\n|-damage|p2a: Incineroar|51/100\n|-heal|p1b: Sinistcha|98/100|[from] drain|[of] p2a: Incineroar\n|-damage|p2b: Whimsicott|66/100\n|-heal|p1b: Sinistcha|100/100|[from] drain|[of] p2b: Whimsicott\n|move|p2a: Incineroar|Flare Blitz|p1b: Sinistcha\n|-supereffective|p1b: Sinistcha|1\n|-damage|p1b: Sinistcha|0 fnt\n|faint|p1b: Sinistcha\n|-damage|p2a: Incineroar|22/100|[from] Recoil\n|move|p1a: Garchomp|Rock Slide|p2b: Whimsicott|[spread] p2a,p2b\n|-supereffective|p2a: Incineroar|1\n|-damage|p2a: Incineroar|0 fnt\n|-damage|p2b: Whimsicott|50/100\n|faint|p2a: Incineroar\n|\n|-weather|SunnyDay|[upkeep]\n|upkeep\n|\n|t:|1776549670\n|switch|p1b: Sneasler|Sneasler, L50, M|8/100\n|switch|p2a: Floette|Floette-Mega, L50, F|16/100\n|-ability|p2a: Floette|Fairy Aura\n|turn|12\n|\n|t:|1776549683\n|move|p2b: Whimsicott|Protect|p2b: Whimsicott\n|-singleturn|p2b: Whimsicott|Protect\n|move|p2a: Floette|Protect|p2a: Floette\n|-singleturn|p2a: Floette|Protect\n|move|p1b: Sneasler|Fake Out|p2a: Floette\n|-activate|p2a: Floette|move: Protect\n|move|p1a: Garchomp|Rock Slide|p2a: Floette|[spread] \n|-activate|p2a: Floette|move: Protect\n|-activate|p2b: Whimsicott|move: Protect\n|\n|-weather|SunnyDay|[upkeep]\n|-end|p1a: Garchomp|Encore\n|-fieldend|move: Trick Room\n|upkeep\n|turn|13\n|inactive|HighasaMantyke has 30 seconds left.\n|\n|t:|1776549712\n|move|p1b: Sneasler|Feint|p2a: Floette\n|-damage|p2a: Floette|6/100\n|move|p2b: Whimsicott|Tailwind|p2b: Whimsicott\n|-sidestart|p2: HighasaMantyke|move: Tailwind\n|move|p2a: Floette|Dazzling Gleam|p1a: Garchomp|[spread] p1a,p1b\n|-supereffective|p1a: Garchomp|1\n|-damage|p1a: Garchomp|0 fnt\n|-damage|p1b: Sneasler|0 fnt\n|faint|p1a: Garchomp\n|faint|p1b: Sneasler\n|\n|win|HighasaMantyke\n|raw|Chenkeng's rating: 1422 &rarr; <strong>1397</strong><br />(-25 for losing)\n|raw|HighasaMantyke's rating: 1324 &rarr; <strong>1349</strong><br />(+25 for winning)\n|c|\u2606HighasaMantyke|ggwp\n|l|\u2606Chenkeng\n|player|p1|\n",
  "uploadtime": 1776549735,
  "views": 18,
  "formatid": "gen9championsvgc2026regma",
  "rating": 1349,
  "private": 0,
  "password": null
}