{
  "id": "gen9championsvgc2026regma-2582024078",
  "format": "[Gen 9 Champions] VGC 2026 Reg M-A",
  "players": [
    "J4zinn",
    "SwirledX"
  ],
  "log": "|j|\u2606J4zinn\n|j|\u2606SwirledX\n|t:|1776049378\n|gametype|doubles\n|player|p1|J4zinn|preschooler|1014\n|player|p2|SwirledX|102|1081\n|gen|9\n|tier|[Gen 9 Champions] VGC 2026 Reg M-A\n|rated|\n|rule|Species Clause: Limit one of each Pok\u00e9mon\n|rule|Item Clause: Limit 1 of each item\n|clearpoke\n|poke|p1|Gengar, L50, F|\n|poke|p1|Vivillon, L50, F|\n|poke|p1|Incineroar, L50, F|\n|poke|p1|Corviknight, L50, M|\n|poke|p1|Tyranitar, L50, M|\n|poke|p1|Rotom-Wash, L50|\n|poke|p2|Charizard, L50, M|\n|poke|p2|Venusaur, L50, M|\n|poke|p2|Garchomp, L50, F|\n|poke|p2|Rotom-Wash, L50|\n|poke|p2|Sneasler, L50, F|\n|poke|p2|Incineroar, L50, M|\n|teampreview|4\n|\n|t:|1776049435\n|teamsize|p1|4\n|teamsize|p2|4\n|start\n|switch|p1a: Gengar|Gengar, L50, F|100/100\n|switch|p1b: Vivillon|Vivillon, L50, F|100/100\n|switch|p2a: Sneasler|Sneasler, L50, F|100/100\n|switch|p2b: Garchomp|Garchomp, L50, F|100/100\n|turn|1\n|\n|t:|1776049454\n|detailschange|p1a: Gengar|Gengar-Mega, L50, F\n|-mega|p1a: Gengar|Gengar|Gengarite\n|move|p2a: Sneasler|Fake Out|p1b: Vivillon\n|-damage|p1b: Vivillon|79/100\n|move|p2b: Garchomp|Dragon Claw|p1a: Gengar\n|-damage|p1a: Gengar|32/100\n|move|p1a: Gengar|Perish Song|p1a: Gengar\n|-start|p1a: Gengar|perish3|[silent]\n|-start|p1b: Vivillon|perish3|[silent]\n|-start|p2a: Sneasler|perish3|[silent]\n|-start|p2b: Garchomp|perish3|[silent]\n|-fieldactivate|move: Perish Song\n|move|p1b: Vivillon|Tailwind|p1b: Vivillon\n|-sidestart|p1: J4zinn|move: Tailwind\n|\n|-start|p1a: Gengar|perish3\n|-start|p1b: Vivillon|perish3\n|-start|p2b: Garchomp|perish3\n|-start|p2a: Sneasler|perish3\n|upkeep\n|turn|2\n|\n|t:|1776049483\n|move|p1a: Gengar|Protect|p1a: Gengar\n|-singleturn|p1a: Gengar|Protect\n|move|p1b: Vivillon|Tailwind||[still]\n|-fail|p1b: Vivillon\n|move|p2b: Garchomp|Dragon Claw|p1a: Gengar\n|-activate|p1a: Gengar|move: Protect\n|move|p2a: Sneasler|Rock Tomb|p1b: Vivillon\n|-supereffective|p1b: Vivillon|2\n|-damage|p1b: Vivillon|0 fnt\n|faint|p1b: Vivillon\n|\n|-start|p1a: Gengar|perish2\n|-start|p2b: Garchomp|perish2\n|-start|p2a: Sneasler|perish2\n|upkeep\n|\n|t:|1776049503\n|switch|p1b: Rotom|Rotom-Wash, L50|100/100\n|turn|3\n|\n|t:|1776049513\n|move|p1b: Rotom|Protect|p1b: Rotom\n|-singleturn|p1b: Rotom|Protect\n|move|p1a: Gengar|Substitute|p1a: Gengar\n|-start|p1a: Gengar|Substitute\n|-damage|p1a: Gengar|7/100\n|move|p2b: Garchomp|Dragon Claw|p1a: Gengar\n|-end|p1a: Gengar|Substitute\n|move|p2a: Sneasler|Close Combat|p1b: Rotom\n|-activate|p1b: Rotom|move: Protect\n|\n|-start|p1a: Gengar|perish1\n|-start|p2b: Garchomp|perish1\n|-start|p2a: Sneasler|perish1\n|upkeep\n|turn|4\n|\n|t:|1776049541\n|switch|p1a: Tyranitar|Tyranitar, L50, M|100/100\n|-weather|Sandstorm|[from] ability: Sand Stream|[of] p1a: Tyranitar\n|move|p2b: Garchomp|Dragon Claw|p1a: Tyranitar\n|-damage|p1a: Tyranitar|63/100\n|move|p1b: Rotom|Electroweb|p2a: Sneasler|[spread] p2a\n|-immune|p2b: Garchomp\n|-damage|p2a: Sneasler|80/100\n|-unboost|p2a: Sneasler|spe|1\n|-enditem|p2a: Sneasler|White Herb\n|-clearnegativeboost|p2a: Sneasler|[silent]\n|move|p2a: Sneasler|Close Combat|p1b: Rotom\n|-damage|p1b: Rotom|39/100\n|-unboost|p2a: Sneasler|def|1\n|-unboost|p2a: Sneasler|spd|1\n|-enditem|p1b: Rotom|Sitrus Berry|[eat]\n|-heal|p1b: Rotom|64/100|[from] item: Sitrus Berry\n|\n|-weather|Sandstorm|[upkeep]\n|-damage|p2a: Sneasler|75/100|[from] Sandstorm\n|-damage|p1b: Rotom|58/100|[from] Sandstorm\n|-start|p2a: Sneasler|perish0\n|-start|p2b: Garchomp|perish0\n|-sideend|p1: J4zinn|move: Tailwind\n|upkeep\n|faint|p2a: Sneasler\n|faint|p2b: Garchomp\n|\n|t:|1776049562\n|switch|p2a: Venusaur|Venusaur, L50, M|100/100\n|switch|p2b: Charizard|Charizard, L50, M|100/100\n|turn|5\n|\n|t:|1776049573\n|detailschange|p2b: Charizard|Charizard-Mega-Y, L50, M\n|-mega|p2b: Charizard|Charizard|Charizardite Y\n|-weather|SunnyDay|[from] ability: Drought|[of] p2b: Charizard\n|move|p1b: Rotom|Protect|p1b: Rotom\n|-singleturn|p1b: Rotom|Protect\n|move|p2a: Venusaur|Leaf Storm|p1b: Rotom\n|-activate|p1b: Rotom|move: Protect\n|move|p2b: Charizard|Solar Beam||[still]\n|-prepare|p2b: Charizard|Solar Beam\n|-anim|p2b: Charizard|Solar Beam|p1a: Tyranitar\n|-supereffective|p1a: Tyranitar|1\n|-damage|p1a: Tyranitar|0 fnt\n|faint|p1a: Tyranitar\n|\n|-weather|SunnyDay|[upkeep]\n|upkeep\n|\n|t:|1776049586\n|switch|p1a: Gengar|Gengar-Mega, L50, F|7/100\n|turn|6\n|\n|t:|1776049595\n|move|p2a: Venusaur|Leaf Storm|p1b: Rotom\n|-supereffective|p1b: Rotom|1\n|-damage|p1b: Rotom|0 fnt\n|-unboost|p2a: Venusaur|spa|2\n|faint|p1b: Rotom\n|move|p1a: Gengar|Sludge Bomb|p2b: Charizard\n|-crit|p2b: Charizard\n|-damage|p2b: Charizard|14/100\n|-status|p2b: Charizard|psn\n|move|p2b: Charizard|Heat Wave|p1a: Gengar\n|-damage|p1a: Gengar|0 fnt\n|faint|p1a: Gengar\n|\n|win|SwirledX\n|raw|J4zinn's rating: 1014 &rarr; <strong>1004</strong><br />(-10 for losing)\n|raw|SwirledX's rating: 1081 &rarr; <strong>1104</strong><br />(+23 for winning)\n",
  "uploadtime": 1776049616,
  "views": 38,
  "formatid": "gen9championsvgc2026regma",
  "rating": 1004,
  "private": 0,
  "password": null
}