{
  "id": "gen9championsvgc2026regma-2582073988",
  "format": "[Gen 9 Champions] VGC 2026 Reg M-A",
  "players": [
    "Haha_Young",
    "loklastaji"
  ],
  "log": "|j|\u2606Haha_Young\n|j|\u2606loklastaji\n|t:|1776054637\n|gametype|doubles\n|player|p1|Haha_Young|101|1340\n|player|p2|loklastaji|265|1367\n|gen|9\n|tier|[Gen 9 Champions] VGC 2026 Reg M-A\n|rated|\n|rule|Species Clause: Limit one of each Pok\u00e9mon\n|rule|Item Clause: Limit 1 of each item\n|clearpoke\n|poke|p1|Gengar, L50, M|\n|poke|p1|Incineroar, L50, F|\n|poke|p1|Tyranitar, L50, F|\n|poke|p1|Kingambit, L50, F|\n|poke|p1|Sinistcha, L50|\n|poke|p1|Kommo-o, L50, M|\n|poke|p2|Samurott-Hisui, L50, F|\n|poke|p2|Mamoswine, L50, F|\n|poke|p2|Delphox, L50, M|\n|poke|p2|Tsareena, L50, F|\n|poke|p2|Corviknight, L50, M|\n|poke|p2|Altaria, L50, F|\n|teampreview|4\n|inactive|Battle timer is ON: inactive players will automatically lose when time's up. (requested by Haha_Young)\n|j| Cis\" Milly\n|inactive|Haha_Young has 60 seconds left.\n|\n|t:|1776054679\n|teamsize|p1|4\n|teamsize|p2|4\n|start\n|switch|p1a: Tyranitar|Tyranitar, L50, F|100/100\n|switch|p1b: Incineroar|Incineroar, L50, F|100/100\n|switch|p2a: Delphox|Delphox, L50, M|100/100\n|switch|p2b: Samurott|Samurott-Hisui, L50, F|100/100\n|-weather|Sandstorm|[from] ability: Sand Stream|[of] p1a: Tyranitar\n|-ability|p1b: Incineroar|Intimidate|boost\n|-unboost|p2a: Delphox|atk|1\n|-unboost|p2b: Samurott|atk|1\n|-enditem|p2b: Samurott|White Herb\n|-clearnegativeboost|p2b: Samurott|[silent]\n|turn|1\n|l|\u2606loklastaji\n|inactive|loklastaji disconnected and has a minute to reconnect!\n|player|p2|\n|j|\u2606loklastaji\n|inactive|loklastaji reconnected and has 50 seconds left.\n|player|p2|loklastaji|265|\n|\n|t:|1776054702\n|switch|p2a: Tsareena|Tsareena, L50, F|100/100\n|move|p1b: Incineroar|Fake Out||[still]\n|cant|p2a: Tsareena|ability: Queenly Majesty|Fake Out|[of] p1b: Incineroar\n|move|p1a: Tyranitar|Rock Slide|p2b: Samurott|[spread] p2a,p2b\n|-damage|p2a: Tsareena|62/100\n|-damage|p2b: Samurott|64/100\n|cant|p2b: Samurott|flinch\n|\n|-weather|Sandstorm|[upkeep]\n|-damage|p2b: Samurott|58/100|[from] Sandstorm\n|-damage|p2a: Tsareena|56/100|[from] Sandstorm\n|-damage|p1b: Incineroar|95/100|[from] Sandstorm\n|upkeep\n|turn|2\n|inactive|Haha_Young has 30 seconds left.\n|inactive|Haha_Young has 20 seconds left.\n|inactive|Haha_Young has 15 seconds left.\n|inactive|loklastaji has 30 seconds left.\n|\n|t:|1776054745\n|switch|p1a: Sinistcha|Sinistcha, L50|100/100\n|-heal|p1b: Incineroar|100/100|[from] ability: Hospitality|[of] p1a: Sinistcha\n|move|p1b: Incineroar|Protect|p1b: Incineroar\n|-singleturn|p1b: Incineroar|Protect\n|move|p2b: Samurott|Aqua Cutter|p1b: Incineroar\n|-activate|p1b: Incineroar|move: Protect\n|move|p2a: Tsareena|High Jump Kick|p1a: Sinistcha\n|-immune|p1a: Sinistcha\n|-damage|p2a: Tsareena|6/100|[from] highjumpkick\n|\n|-weather|Sandstorm|[upkeep]\n|-damage|p2b: Samurott|53/100|[from] Sandstorm\n|-damage|p2a: Tsareena|0 fnt|[from] Sandstorm\n|-damage|p1a: Sinistcha|94/100|[from] Sandstorm\n|-damage|p1b: Incineroar|95/100|[from] Sandstorm\n|faint|p2a: Tsareena\n|upkeep\n|j| EatinOreos\n|inactive|loklastaji has 30 seconds left.\n|\n|t:|1776054770\n|switch|p2a: Delphox|Delphox, L50, M|100/100\n|turn|3\n|\n|t:|1776054793\n|detailschange|p2a: Delphox|Delphox-Mega, L50, M\n|-mega|p2a: Delphox|Delphox|Delphoxite\n|move|p1a: Sinistcha|Protect|p1a: Sinistcha\n|-singleturn|p1a: Sinistcha|Protect\n|move|p2a: Delphox|Heat Wave|p1b: Incineroar|[spread] p1b\n|-activate|p1a: Sinistcha|move: Protect\n|-resisted|p1b: Incineroar|1\n|-damage|p1b: Incineroar|78/100\n|move|p2b: Samurott|Ceaseless Edge|p1a: Sinistcha\n|-activate|p1a: Sinistcha|move: Protect\n|move|p1b: Incineroar|Throat Chop|p2a: Delphox\n|-supereffective|p2a: Delphox|1\n|-damage|p2a: Delphox|3/100\n|-start|p2a: Delphox|Throat Chop|[silent]\n|\n|-weather|Sandstorm|[upkeep]\n|-damage|p2a: Delphox|0 fnt|[from] Sandstorm\n|-damage|p2b: Samurott|47/100|[from] Sandstorm\n|-damage|p1a: Sinistcha|88/100|[from] Sandstorm\n|-damage|p1b: Incineroar|72/100|[from] Sandstorm\n|faint|p2a: Delphox\n|upkeep\n|\n|t:|1776054812\n|switch|p2a: Mamoswine|Mamoswine, L50, F|100/100\n|turn|4\n|\n|t:|1776054831\n|move|p1a: Sinistcha|Rage Powder|p1a: Sinistcha\n|-singleturn|p1a: Sinistcha|move: Rage Powder\n|move|p2b: Samurott|Sucker Punch||[still]\n|-fail|p2b: Samurott\n|move|p2a: Mamoswine|Earthquake|p1b: Incineroar|[spread] p2b,p1a,p1b\n|-resisted|p1a: Sinistcha|1\n|-supereffective|p1b: Incineroar|1\n|-enditem|p1b: Incineroar|Shuca Berry|[eat]\n|-enditem|p1b: Incineroar|Shuca Berry|[weaken]\n|-damage|p2b: Samurott|2/100\n|-damage|p1a: Sinistcha|72/100\n|-damage|p1b: Incineroar|36/100\n|move|p1b: Incineroar|Parting Shot|p2a: Mamoswine\n|-unboost|p2a: Mamoswine|atk|1\n|-unboost|p2a: Mamoswine|spa|1\n|\n|t:|1776054844\n|switch|p1b: Tyranitar|Tyranitar, L50, F|100/100|[from] Parting Shot\n|\n|-weather|Sandstorm|[upkeep]\n|-damage|p2b: Samurott|0 fnt|[from] Sandstorm\n|-damage|p1a: Sinistcha|65/100|[from] Sandstorm\n|faint|p2b: Samurott\n|upkeep\n|turn|5\n|\n|t:|1776054856\n|switch|p1a: Incineroar|Incineroar, L50, F|36/100\n|-ability|p1a: Incineroar|Intimidate|boost\n|-fail|p2a: Mamoswine|unboost|Attack|[from] ability: Oblivious|[of] p2a: Mamoswine\n|move|p2a: Mamoswine|Earthquake|p1a: Incineroar|[spread] p1a,p1b\n|-supereffective|p1a: Incineroar|1\n|-supereffective|p1b: Tyranitar|1\n|-crit|p1b: Tyranitar\n|-damage|p1a: Incineroar|0 fnt\n|-damage|p1b: Tyranitar|0 fnt\n|faint|p1a: Incineroar\n|faint|p1b: Tyranitar\n|\n|-weather|none\n|upkeep\n|\n|t:|1776054867\n|switch|p1b: Sinistcha|Sinistcha, L50|65/100\n|switch|p1a: Gengar|Gengar, L50, M|100/100\n|turn|6\n|\n|t:|1776054878\n|detailschange|p1a: Gengar|Gengar-Mega, L50, M\n|-mega|p1a: Gengar|Gengar|Gengarite\n|move|p1a: Gengar|Protect|p1a: Gengar\n|-singleturn|p1a: Gengar|Protect\n|move|p2a: Mamoswine|Earthquake|p1b: Sinistcha|[spread] p1b\n|-activate|p1a: Gengar|move: Protect\n|-resisted|p1b: Sinistcha|1\n|-damage|p1b: Sinistcha|54/100\n|move|p1b: Sinistcha|Matcha Gotcha|p2a: Mamoswine\n|-supereffective|p2a: Mamoswine|1\n|-damage|p2a: Mamoswine|16/100\n|-heal|p1b: Sinistcha|98/100|[from] drain|[of] p2a: Mamoswine\n|\n|upkeep\n|turn|7\n|\n|t:|1776054894\n|move|p2a: Mamoswine|Earthquake|p1b: Sinistcha|[spread] p1a,p1b\n|-supereffective|p1a: Gengar|1\n|-resisted|p1b: Sinistcha|1\n|-damage|p1a: Gengar|34/100\n|-damage|p1b: Sinistcha|87/100\n|move|p1a: Gengar|Shadow Ball|p2a: Mamoswine\n|-damage|p2a: Mamoswine|0 fnt\n|faint|p2a: Mamoswine\n|\n|win|Haha_Young\n|raw|Haha_Young's rating: 1340 &rarr; <strong>1362</strong><br />(+22 for winning)\n|raw|loklastaji's rating: 1367 &rarr; <strong>1345</strong><br />(-22 for losing)\n",
  "uploadtime": 1776054903,
  "views": 20,
  "formatid": "gen9championsvgc2026regma",
  "rating": 1345,
  "private": 0,
  "password": null
}