{
  "id": "gen9championsvgc2026regma-2580726985",
  "format": "[Gen 9 Champions] VGC 2026 Reg M-A",
  "players": [
    "lolgz",
    "deinofan777"
  ],
  "log": "|j|\u2606lolgz\n|j|\u2606deinofan777\n|t:|1775927533\n|gametype|doubles\n|player|p1|lolgz|265|1192\n|player|p2|deinofan777|zinnia|1152\n|gen|9\n|tier|[Gen 9 Champions] VGC 2026 Reg M-A\n|rated|\n|rule|Species Clause: Limit one of each Pok\u00e9mon\n|rule|Item Clause: Limit 1 of each item\n|clearpoke\n|poke|p1|Charizard, L50, M|\n|poke|p1|Whimsicott, L50, F|\n|poke|p1|Dragonite, L50, F|\n|poke|p1|Farigiraf, L50, F|\n|poke|p1|Sneasler, L50, F|\n|poke|p1|Floette-Eternal, L50, F|\n|poke|p2|Garchomp, L50, M|\n|poke|p2|Tyranitar, L50, F|\n|poke|p2|Aerodactyl, L50, F|\n|poke|p2|Orthworm, L50, F|\n|poke|p2|Gardevoir, L50, F|\n|poke|p2|Sinistcha, L50|\n|teampreview|4\n|\n|t:|1775927569\n|teamsize|p1|4\n|teamsize|p2|4\n|start\n|switch|p1a: Whimsicott|Whimsicott, L50, F|100/100\n|switch|p1b: Sneasler|Sneasler, L50, F|100/100\n|switch|p2a: Aerodactyl|Aerodactyl, L50, F|100/100\n|switch|p2b: Tyranitar|Tyranitar, L50, F, shiny|100/100\n|-ability|p2a: Aerodactyl|Unnerve\n|-weather|Sandstorm|[from] ability: Sand Stream|[of] p2b: Tyranitar\n|turn|1\n|inactive|Battle timer is ON: inactive players will automatically lose when time's up. (requested by deinofan777)\n|\n|t:|1775927579\n|move|p2a: Aerodactyl|Protect|p2a: Aerodactyl\n|-singleturn|p2a: Aerodactyl|Protect\n|move|p2b: Tyranitar|Protect|p2b: Tyranitar\n|-singleturn|p2b: Tyranitar|Protect\n|move|p1b: Sneasler|Fake Out|p2a: Aerodactyl\n|-activate|p2a: Aerodactyl|move: Protect\n|move|p1a: Whimsicott|Tailwind|p1a: Whimsicott\n|-sidestart|p1: lolgz|move: Tailwind\n|\n|-weather|Sandstorm|[upkeep]\n|-damage|p1a: Whimsicott|95/100|[from] Sandstorm\n|-damage|p1b: Sneasler|95/100|[from] Sandstorm\n|upkeep\n|turn|2\n|\n|t:|1775927594\n|switch|p2b: Garchomp|Garchomp, L50, M|100/100\n|move|p1a: Whimsicott|Moonblast|p2a: Aerodactyl\n|-damage|p2a: Aerodactyl|67/100\n|move|p1b: Sneasler|Close Combat|p2b: Garchomp\n|-damage|p2b: Garchomp|29/100\n|-unboost|p1b: Sneasler|def|1\n|-unboost|p1b: Sneasler|spd|1\n|-enditem|p1b: Sneasler|White Herb\n|-clearnegativeboost|p1b: Sneasler|[silent]\n|move|p2a: Aerodactyl|Tailwind|p2a: Aerodactyl\n|-sidestart|p2: deinofan777|move: Tailwind\n|\n|-weather|Sandstorm|[upkeep]\n|-damage|p1b: Sneasler|89/100|[from] Sandstorm\n|-damage|p1a: Whimsicott|89/100|[from] Sandstorm\n|upkeep\n|turn|3\n|\n|t:|1775927612\n|move|p2b: Garchomp|Protect|p2b: Garchomp\n|-singleturn|p2b: Garchomp|Protect\n|move|p1a: Whimsicott|Encore|p2a: Aerodactyl\n|-start|p2a: Aerodactyl|Encore\n|move|p1b: Sneasler|Throat Chop|p2b: Garchomp\n|-activate|p2b: Garchomp|move: Protect\n|move|p2a: Aerodactyl|Tailwind||[still]\n|-fail|p2a: Aerodactyl\n|\n|-weather|Sandstorm|[upkeep]\n|-damage|p1b: Sneasler|83/100|[from] Sandstorm\n|-damage|p1a: Whimsicott|83/100|[from] Sandstorm\n|upkeep\n|turn|4\n|\n|t:|1775927625\n|switch|p2a: Orthworm|Orthworm, L50, F, shiny|100/100\n|switch|p2b: Tyranitar|Tyranitar, L50, F, shiny|100/100\n|move|p1b: Sneasler|Close Combat|p2a: Orthworm\n|-supereffective|p2a: Orthworm|1\n|-damage|p2a: Orthworm|0 fnt\n|-unboost|p1b: Sneasler|def|1\n|-unboost|p1b: Sneasler|spd|1\n|faint|p2a: Orthworm\n|move|p1a: Whimsicott|Moonblast|p2b: Tyranitar\n|-supereffective|p2b: Tyranitar|1\n|-damage|p2b: Tyranitar|56/100\n|\n|-weather|Sandstorm|[upkeep]\n|-damage|p1b: Sneasler|78/100|[from] Sandstorm\n|-damage|p1a: Whimsicott|77/100|[from] Sandstorm\n|-sideend|p1: lolgz|move: Tailwind\n|upkeep\n|\n|t:|1775927628\n|switch|p2a: Garchomp|Garchomp, L50, M|29/100\n|turn|5\n|\n|t:|1775927641\n|detailschange|p2a: Garchomp|Garchomp-Mega, L50, M\n|-mega|p2a: Garchomp|Garchomp|Garchompite\n|move|p1a: Whimsicott|Tailwind|p1a: Whimsicott\n|-sidestart|p1: lolgz|move: Tailwind\n|move|p1b: Sneasler|Close Combat|p2a: Garchomp\n|-damage|p2a: Garchomp|0 fnt\n|-unboost|p1b: Sneasler|def|1\n|-unboost|p1b: Sneasler|spd|1\n|faint|p2a: Garchomp\n|move|p2b: Tyranitar|Stone Edge|p1a: Whimsicott|[miss]\n|-miss|p2b: Tyranitar|p1a: Whimsicott\n|\n|-weather|none\n|-sideend|p2: deinofan777|move: Tailwind\n|upkeep\n|-message|deinofan777 forfeited.\n|\n|win|lolgz\n|raw|lolgz's rating: 1192 &rarr; <strong>1214</strong><br />(+22 for winning)\n|raw|deinofan777's rating: 1152 &rarr; <strong>1130</strong><br />(-22 for losing)\n",
  "uploadtime": 1775927649,
  "views": 11,
  "formatid": "gen9championsvgc2026regma",
  "rating": 1130,
  "private": 0,
  "password": null
}