{
  "id": "gen9championsvgc2026regma-2582581049",
  "format": "[Gen 9 Champions] VGC 2026 Reg M-A",
  "players": [
    "niubmaccio",
    "DrAlphaStone"
  ],
  "log": "|j|\u2606niubmaccio\n|j|\u2606DrAlphaStone\n|t:|1776100689\n|gametype|doubles\n|player|p1|niubmaccio|266|1405\n|player|p2|DrAlphaStone|karen|1439\n|gen|9\n|tier|[Gen 9 Champions] VGC 2026 Reg M-A\n|rated|\n|rule|Species Clause: Limit one of each Pok\u00e9mon\n|rule|Item Clause: Limit 1 of each item\n|clearpoke\n|poke|p1|Scovillain, L50, F|\n|poke|p1|Sneasler, L50, F|\n|poke|p1|Primarina, L50, F|\n|poke|p1|Kingambit, L50, F|\n|poke|p1|Aerodactyl, L50, F|\n|poke|p1|Garchomp, L50, F|\n|poke|p2|Floette-Eternal, L50, F|\n|poke|p2|Dragapult, L50, F|\n|poke|p2|Maushold, L50|\n|poke|p2|Sneasler, L50, F|\n|poke|p2|Incineroar, L50, F|\n|poke|p2|Aerodactyl, L50, F|\n|teampreview|4\n|j| sunl1ight\n|\n|t:|1776100739\n|teamsize|p1|4\n|teamsize|p2|4\n|start\n|switch|p1a: Aerodactyl|Aerodactyl, L50, F|100/100\n|switch|p1b: Scovillain|Scovillain, L50, F|100/100\n|switch|p2a: Dragapult|Dragapult, L50, F|100/100\n|switch|p2b: Sneasler|Sneasler, L50, F|100/100\n|-ability|p1a: Aerodactyl|Unnerve\n|turn|1\n|j| CARtu348rjf90\n|l| CARtu348rjf90\n|c| sunl1ight|Hi\n|j| CARtu348rjf90\n|inactive|Battle timer is ON: inactive players will automatically lose when time's up. (requested by niubmaccio)\n|\n|t:|1776100772\n|move|p1a: Aerodactyl|Protect|p1a: Aerodactyl\n|-singleturn|p1a: Aerodactyl|Protect\n|move|p1b: Scovillain|Protect|p1b: Scovillain\n|-singleturn|p1b: Scovillain|Protect\n|move|p2b: Sneasler|Fake Out|p1a: Aerodactyl\n|-activate|p1a: Aerodactyl|move: Protect\n|move|p2a: Dragapult|Reflect|p2a: Dragapult\n|-sidestart|p2: DrAlphaStone|Reflect\n|\n|-ability|p1b: Scovillain|Moody|boost\n|-boost|p1b: Scovillain|spe|2\n|-unboost|p1b: Scovillain|atk|1\n|upkeep\n|turn|2\n|j| HappyLiga\n|\n|t:|1776100793\n|detailschange|p1b: Scovillain|Scovillain-Mega, L50, F\n|-mega|p1b: Scovillain|Scovillain|Scovillainite\n|move|p2a: Dragapult|Light Screen|p2a: Dragapult\n|-sidestart|p2: DrAlphaStone|move: Light Screen\n|move|p1a: Aerodactyl|Rock Slide|p2a: Dragapult|[spread] p2a,p2b\n|-resisted|p2b: Sneasler|1\n|-damage|p2a: Dragapult|80/100\n|-damage|p2b: Sneasler|87/100\n|move|p1b: Scovillain|Flamethrower|p2b: Sneasler\n|-damage|p2b: Sneasler|50/100\n|move|p2b: Sneasler|Dire Claw|p1b: Scovillain\n|-supereffective|p1b: Scovillain|1\n|-damage|p1b: Scovillain|5/100\n|-status|p1b: Scovillain|psn\n|-status|p2b: Sneasler|brn|[from] ability: Spicy Spray|[of] p1b: Scovillain\n|\n|-damage|p1b: Scovillain|0 fnt|[from] psn\n|faint|p1b: Scovillain\n|-damage|p2b: Sneasler|44/100 brn|[from] brn\n|upkeep\n|\n|t:|1776100814\n|switch|p1b: Primarina|Primarina, L50, F|100/100\n|turn|3\n|\n|t:|1776100832\n|switch|p2b: Maushold|Maushold, L50|100/100\n|move|p1b: Primarina|Protect|p1b: Primarina\n|-singleturn|p1b: Primarina|Protect\n|move|p2a: Dragapult|Dragon Darts|p1a: Aerodactyl\n|-damage|p1a: Aerodactyl|65/100\n|-anim|p2a: Dragapult|Dragon Darts|p1a: Aerodactyl\n|-damage|p1a: Aerodactyl|33/100\n|move|p1a: Aerodactyl|Rock Slide|p2b: Maushold|[spread] p2a,p2b\n|-damage|p2a: Dragapult|65/100\n|-damage|p2b: Maushold|77/100\n|\n|upkeep\n|turn|4\n|inactive|niubmaccio has 30 seconds left.\n|\n|t:|1776100859\n|move|p2a: Dragapult|Dragon Darts|p1a: Aerodactyl\n|-damage|p1a: Aerodactyl|4/100\n|-anim|p2a: Dragapult|Dragon Darts|p1a: Aerodactyl\n|-damage|p1a: Aerodactyl|0 fnt\n|faint|p1a: Aerodactyl\n|move|p2b: Maushold|Encore|p1b: Primarina\n|-start|p1b: Primarina|Encore\n|move|p1b: Primarina|Protect||[still]\n|-fail|p1b: Primarina\n|\n|upkeep\n|\n|t:|1776100868\n|switch|p1a: Sneasler|Sneasler, L50, F|100/100\n|turn|5\n|l| sunl1ight\n|\n|t:|1776100878\n|switch|p2b: Sneasler|Sneasler, L50, F|44/100 brn\n|move|p1b: Primarina|Protect|p1b: Primarina\n|-singleturn|p1b: Primarina|Protect\n|move|p2a: Dragapult|Dragon Darts|p1a: Sneasler\n|-damage|p1a: Sneasler|71/100\n|-anim|p2a: Dragapult|Dragon Darts|p1a: Sneasler\n|-damage|p1a: Sneasler|42/100\n|move|p1a: Sneasler|Close Combat|p2b: Sneasler\n|-resisted|p2b: Sneasler|1\n|-damage|p2b: Sneasler|9/100 brn\n|-unboost|p1a: Sneasler|def|1\n|-unboost|p1a: Sneasler|spd|1\n|-enditem|p1a: Sneasler|White Herb\n|-clearnegativeboost|p1a: Sneasler|[silent]\n|\n|-damage|p2b: Sneasler|4/100 brn|[from] brn\n|-sideend|p2: DrAlphaStone|Reflect\n|upkeep\n|turn|6\n|\n|t:|1776100899\n|move|p1b: Primarina|Protect||[still]\n|-fail|p1b: Primarina\n|move|p1a: Sneasler|Dire Claw|p2a: Dragapult\n|-resisted|p2a: Dragapult|1\n|-damage|p2a: Dragapult|43/100\n|-status|p2a: Dragapult|psn\n|move|p2a: Dragapult|Dragon Darts|p1a: Sneasler\n|-damage|p1a: Sneasler|13/100\n|-anim|p2a: Dragapult|Dragon Darts|p1a: Sneasler\n|-damage|p1a: Sneasler|0 fnt\n|faint|p1a: Sneasler\n|move|p2b: Sneasler|Dire Claw|p1b: Primarina\n|-supereffective|p1b: Primarina|1\n|-damage|p1b: Primarina|46/100\n|\n|-heal|p1b: Primarina|52/100|[from] item: Leftovers\n|-damage|p2a: Dragapult|31/100 psn|[from] psn\n|-damage|p2b: Sneasler|0 fnt|[from] brn\n|faint|p2b: Sneasler\n|-end|p1b: Primarina|Encore\n|-sideend|p2: DrAlphaStone|move: Light Screen\n|upkeep\n|\n|t:|1776100903\n|switch|p2b: Maushold|Maushold, L50|77/100\n|turn|7\n|\n|t:|1776100911\n|switch|p2a: Floette|Floette-Eternal, L50, F|100/100\n|move|p2b: Maushold|Encore|p1b: Primarina\n|-start|p1b: Primarina|Encore\n|move|p1b: Primarina|Protect||[still]\n|-fail|p1b: Primarina\n|\n|-heal|p1b: Primarina|58/100|[from] item: Leftovers\n|upkeep\n|turn|8\n|-message|niubmaccio forfeited.\n|\n|win|DrAlphaStone\n|raw|niubmaccio's rating: 1405 &rarr; <strong>1387</strong><br />(-18 for losing)\n|raw|DrAlphaStone's rating: 1439 &rarr; <strong>1457</strong><br />(+18 for winning)\n|l|\u2606niubmaccio\n|player|p1|\n",
  "uploadtime": 1776100933,
  "views": 44,
  "formatid": "gen9championsvgc2026regma",
  "rating": 1387,
  "private": 0,
  "password": null
}