{
  "id": "gen9championsvgc2026regma-2586718163",
  "format": "[Gen 9 Champions] VGC 2026 Reg M-A",
  "players": [
    "gyromate",
    "maximusdn"
  ],
  "log": "|j|\u2606gyromate\n|j|\u2606maximusdn\n|t:|1776454530\n|gametype|doubles\n|player|p1|gyromate|266|1063\n|player|p2|maximusdn|265|1000\n|gen|9\n|tier|[Gen 9 Champions] VGC 2026 Reg M-A\n|rated|\n|rule|Species Clause: Limit one of each Pok\u00e9mon\n|rule|Item Clause: Limit 1 of each item\n|clearpoke\n|poke|p1|Sableye, L50, M|\n|poke|p1|Venusaur, L50, F|\n|poke|p1|Pelipper, L50, F|\n|poke|p1|Archaludon, L50, F|\n|poke|p1|Basculegion, L50, M|\n|poke|p1|Arcanine-Hisui, L50, M|\n|poke|p2|Glimmora, L50, F|\n|poke|p2|Garchomp, L50, F|\n|poke|p2|Tyranitar, L50, M|\n|poke|p2|Corviknight, L50, M|\n|poke|p2|Gyarados, L50, M|\n|poke|p2|Rotom-Heat, L50|\n|teampreview|4\nmaximusdn has agreed to open team sheets.\n|\n|t:|1776454583\n|teamsize|p1|4\n|teamsize|p2|4\n|start\n|switch|p1a: Tip tickler|Sableye, L50, M|100/100\n|switch|p1b: My moms dog|Arcanine-Hisui, L50, M|100/100\n|switch|p2a: Corviknight|Corviknight, L50, M, shiny|100/100\n|switch|p2b: Garchomp|Garchomp, L50, F|100/100\n|-ability|p1b: My moms dog|Intimidate|boost\n|-ability|p2a: Corviknight|Mirror Armor\n|-unboost|p1b: My moms dog|atk|1\n|-unboost|p2b: Garchomp|atk|1\n|turn|1\n|\n|t:|1776454615\n|move|p1a: Tip tickler|Fake Out|p2b: Garchomp\n|-damage|p2b: Garchomp|93/100\n|cant|p2b: Garchomp|flinch\n|move|p1b: My moms dog|Flare Blitz|p2a: Corviknight\n|-supereffective|p2a: Corviknight|1\n|-crit|p2a: Corviknight\n|-damage|p2a: Corviknight|0 fnt\n|faint|p2a: Corviknight\n|-damage|p1b: My moms dog|60/100|[from] Recoil\n|\n|upkeep\n|\n|t:|1776454626\n|switch|p2a: Gyarados|Gyarados, L50, M, shiny|100/100\n|-ability|p2a: Gyarados|Intimidate|boost\n|-unboost|p1a: Tip tickler|atk|1\n|-unboost|p1b: My moms dog|atk|1\n|turn|2\n|\n|t:|1776454644\n|switch|p1b: Peeko my darling|Pelipper, L50, F|100/100\n|-weather|RainDance|[from] ability: Drizzle|[of] p1b: Peeko my darling\n|move|p1a: Tip tickler|Reflect|p1a: Tip tickler\n|-sidestart|p1: gyromate|Reflect\n|move|p2b: Garchomp|Earthquake|p1a: Tip tickler|[spread] p1a\n|-immune|p2a: Gyarados\n|-immune|p1b: Peeko my darling\n|-crit|p1a: Tip tickler\n|-damage|p1a: Tip tickler|24/100\n|move|p2a: Gyarados|Dragon Dance|p2a: Gyarados\n|-boost|p2a: Gyarados|atk|1\n|-boost|p2a: Gyarados|spe|1\n|\n|-weather|RainDance|[upkeep]\n|upkeep\n|turn|3\n|\n|t:|1776454677\n|switch|p2b: Tyranitar|Tyranitar, L50, M|100/100\n|-weather|Sandstorm|[from] ability: Sand Stream|[of] p2b: Tyranitar\n|move|p1b: Peeko my darling|Wide Guard|p1b: Peeko my darling\n|-singleturn|p1b: Peeko my darling|Wide Guard\n|move|p2a: Gyarados|Waterfall|p1a: Tip tickler\n|-crit|p1a: Tip tickler\n|-damage|p1a: Tip tickler|0 fnt\n|faint|p1a: Tip tickler\n|\n|-weather|Sandstorm|[upkeep]\n|-damage|p2a: Gyarados|95/100|[from] Sandstorm\n|-damage|p1b: Peeko my darling|95/100|[from] Sandstorm\n|upkeep\n|\n|t:|1776454697\n|switch|p1a: VenuGOAT|Venusaur, L50, F|100/100\n|turn|4\n|\n|t:|1776454729\n|switch|p2b: Garchomp|Garchomp, L50, F|93/100\n|detailschange|p2a: Gyarados|Gyarados-Mega, L50, M, shiny\n|-mega|p2a: Gyarados|Gyarados|Gyaradosite\n|-ability|p2a: Gyarados|Mold Breaker\n|detailschange|p1a: VenuGOAT|Venusaur-Mega, L50, F\n|-mega|p1a: VenuGOAT|Venusaur|Venusaurite\n|move|p2a: Gyarados|Scale Shot|p1b: Peeko my darling\n|-crit|p1b: Peeko my darling\n|-damage|p1b: Peeko my darling|63/100\n|-damage|p1b: Peeko my darling|48/100\n|-damage|p1b: Peeko my darling|34/100\n|-damage|p1b: Peeko my darling|20/100\n|-hitcount|p1b: Peeko my darling|4\n|-unboost|p2a: Gyarados|def|1\n|-boost|p2a: Gyarados|spe|1\n|move|p1b: Peeko my darling|Tailwind|p1b: Peeko my darling\n|-sidestart|p1: gyromate|move: Tailwind\n|move|p1a: VenuGOAT|Sludge Bomb|p2a: Gyarados\n|-damage|p2a: Gyarados|66/100\n|\n|-weather|Sandstorm|[upkeep]\n|-damage|p2a: Gyarados|60/100|[from] Sandstorm\n|-damage|p1b: Peeko my darling|14/100|[from] Sandstorm\n|-damage|p1a: VenuGOAT|95/100|[from] Sandstorm\n|upkeep\n|turn|5\n|\n|t:|1776454794\n|move|p2a: Gyarados|Protect|p2a: Gyarados\n|-singleturn|p2a: Gyarados|Protect\n|move|p1b: Peeko my darling|Hurricane|p2a: Gyarados\n|-activate|p2a: Gyarados|move: Protect\n|move|p2b: Garchomp|Rock Slide|p1a: VenuGOAT|[spread] p1a\n|-miss|p2b: Garchomp|p1b: Peeko my darling\n|-damage|p1a: VenuGOAT|86/100\n|move|p1a: VenuGOAT|Giga Drain|p2a: Gyarados\n|-activate|p2a: Gyarados|move: Protect\n|\n|-weather|Sandstorm|[upkeep]\n|-damage|p2a: Gyarados|55/100|[from] Sandstorm\n|-damage|p1b: Peeko my darling|9/100|[from] Sandstorm\n|-damage|p1a: VenuGOAT|80/100|[from] Sandstorm\n|upkeep\n|turn|6\n|\n|t:|1776454825\n|move|p2a: Gyarados|Waterfall|p1a: VenuGOAT\n|-resisted|p1a: VenuGOAT|1\n|-crit|p1a: VenuGOAT\n|-damage|p1a: VenuGOAT|35/100\n|move|p1b: Peeko my darling|Muddy Water|p2a: Gyarados|[spread] p2a,p2b\n|-resisted|p2a: Gyarados|1\n|-damage|p2a: Gyarados|42/100\n|-damage|p2b: Garchomp|59/100\n|-unboost|p2b: Garchomp|accuracy|1\n|move|p2b: Garchomp|Rock Slide|p1a: VenuGOAT|[spread] p1b\n|-miss|p2b: Garchomp|p1a: VenuGOAT\n|-supereffective|p1b: Peeko my darling|1\n|-damage|p1b: Peeko my darling|0 fnt\n|faint|p1b: Peeko my darling\n|move|p1a: VenuGOAT|Giga Drain|p2a: Gyarados\n|-supereffective|p2a: Gyarados|1\n|-damage|p2a: Gyarados|0 fnt\n|-heal|p1a: VenuGOAT|55/100|[from] drain|[of] p2a: Gyarados\n|faint|p2a: Gyarados\n|\n|-weather|Sandstorm|[upkeep]\n|-damage|p1a: VenuGOAT|49/100|[from] Sandstorm\n|-sideend|p1: gyromate|Reflect\n|upkeep\n|\n|t:|1776454846\n|switch|p2a: Tyranitar|Tyranitar, L50, M|100/100\n|switch|p1b: My moms dog|Arcanine-Hisui, L50, M|60/100\n|-ability|p1b: My moms dog|Intimidate|boost\n|-unboost|p2a: Tyranitar|atk|1\n|-unboost|p2b: Garchomp|atk|1\n|turn|7\n|\n|t:|1776454859\n|move|p1b: My moms dog|Close Combat|p2a: Tyranitar\n|-supereffective|p2a: Tyranitar|2\n|-damage|p2a: Tyranitar|0 fnt\n|-unboost|p1b: My moms dog|def|1\n|-unboost|p1b: My moms dog|spd|1\n|faint|p2a: Tyranitar\n|move|p2b: Garchomp|Rock Slide|p1b: My moms dog|[spread] p1a,p1b\n|-supereffective|p1b: My moms dog|1\n|-damage|p1a: VenuGOAT|39/100\n|-damage|p1b: My moms dog|13/100\n|move|p1a: VenuGOAT|Giga Drain|p2b: Garchomp\n|-damage|p2b: Garchomp|25/100\n|-heal|p1a: VenuGOAT|56/100|[from] drain|[of] p2b: Garchomp\n|\n|-weather|none\n|-sideend|p1: gyromate|move: Tailwind\n|upkeep\n|turn|8\n|\n|t:|1776454884\n|move|p2b: Garchomp|Rock Slide|p1a: VenuGOAT|[spread] p1a,p1b\n|-supereffective|p1b: My moms dog|1\n|-damage|p1a: VenuGOAT|47/100\n|-damage|p1b: My moms dog|0 fnt\n|faint|p1b: My moms dog\n|move|p1a: VenuGOAT|Giga Drain|p2b: Garchomp\n|-damage|p2b: Garchomp|0 fnt\n|-heal|p1a: VenuGOAT|59/100|[from] drain|[of] p2b: Garchomp\n|faint|p2b: Garchomp\n|\n|win|gyromate\n|raw|gyromate's rating: 1063 &rarr; <strong>1088</strong><br />(+25 for winning)\n|raw|maximusdn's rating: 1000 &rarr; <strong>1000</strong><br />(+0 for losing)\n|l|\u2606maximusdn\n|player|p2|\n",
  "uploadtime": 1776454904,
  "views": 33,
  "formatid": "gen9championsvgc2026regma",
  "rating": 1000,
  "private": 0,
  "password": null
}