{
  "id": "gen9championsvgc2026regma-2581734714",
  "format": "[Gen 9 Champions] VGC 2026 Reg M-A",
  "players": [
    "nk.luna",
    "Jackal.dd"
  ],
  "log": "|j|\u2606nk.luna\n|j|\u2606Jackal.dd\n|t:|1776024338\n|gametype|doubles\n|player|p1|nk.luna|marley|1110\n|player|p2|Jackal.dd|cheryl|1155\n|gen|9\n|tier|[Gen 9 Champions] VGC 2026 Reg M-A\n|rated|\n|rule|Species Clause: Limit one of each Pok\u00e9mon\n|rule|Item Clause: Limit 1 of each item\n|clearpoke\n|poke|p1|Aggron, L50, F|\n|poke|p1|Froslass, L50, F|\n|poke|p1|Ninetales-Alola, L50, F|\n|poke|p1|Primarina, L50, F|\n|poke|p1|Incineroar, L50, M|\n|poke|p1|Meowscarada, L50, M|\n|poke|p2|Mimikyu, L50, F|\n|poke|p2|Primarina, L50, F|\n|poke|p2|Volcarona, L50, F|\n|poke|p2|Meganium, L50, F|\n|poke|p2|Hawlucha, L50, F|\n|poke|p2|Vanilluxe, L50, F|\n|teampreview|4\n|inactive|Battle timer is ON: inactive players will automatically lose when time's up. (requested by nk.luna)\nnk.luna has agreed to open team sheets.\n|inactive|nk.luna has 60 seconds left.\n|inactive|Jackal.dd has 60 seconds left.\n|\n|t:|1776024397\n|teamsize|p1|4\n|teamsize|p2|4\n|start\n|switch|p1a: Froslass|Froslass, L50, F|100/100\n|switch|p1b: Incineroar|Incineroar, L50, M|100/100\n|switch|p2a: Hawlucha|Hawlucha, L50, F|100/100\n|switch|p2b: Vanilluxe|Vanilluxe, L50, F, shiny|100/100\n|-weather|Snowscape|[from] ability: Snow Warning|[of] p2b: Vanilluxe\n|-ability|p1b: Incineroar|Intimidate|boost\n|-unboost|p2a: Hawlucha|atk|1\n|-unboost|p2b: Vanilluxe|atk|1\n|turn|1\n|inactive|Jackal.dd has 30 seconds left.\n|\n|t:|1776024422\n|detailschange|p2a: Hawlucha|Hawlucha-Mega, L50, F\n|-mega|p2a: Hawlucha|Hawlucha|Hawluchanite\n|detailschange|p1a: Froslass|Froslass-Mega, L50, F\n|-mega|p1a: Froslass|Froslass|Froslassite\n|move|p2a: Hawlucha|Protect|p2a: Hawlucha\n|-singleturn|p2a: Hawlucha|Protect\n|move|p1b: Incineroar|Fake Out|p2a: Hawlucha\n|-activate|p2a: Hawlucha|move: Protect\n|move|p2b: Vanilluxe|Sheer Cold|p1b: Incineroar\n|-damage|p1b: Incineroar|0 fnt\n|faint|p1b: Incineroar\n|-ohko\n|move|p1a: Froslass|Shadow Ball|p2b: Vanilluxe\n|-damage|p2b: Vanilluxe|53/100\n|\n|-weather|Snowscape|[upkeep]\n|upkeep\n|\n|t:|1776024443\n|switch|p1b: Primarina|Primarina, L50, F|100/100\n|turn|2\n|\n|t:|1776024450\n|move|p2b: Vanilluxe|Sheer Cold|p1b: Primarina|[miss]\n|-miss|p2b: Vanilluxe|p1b: Primarina\n|move|p1a: Froslass|Shadow Ball|p2b: Vanilluxe\n|-damage|p2b: Vanilluxe|8/100\n|move|p2a: Hawlucha|Entrainment|p2b: Vanilluxe\n|-ability|p2b: Vanilluxe|No Guard|Snow Warning|[from] move: Entrainment|[of] p2a: Hawlucha\n|move|p1b: Primarina|Hyper Voice|p2b: Vanilluxe|[spread] p2a,p2b\n|-damage|p2a: Hawlucha|55/100\n|-damage|p2b: Vanilluxe|0 fnt\n|faint|p2b: Vanilluxe\n|\n|-weather|Snowscape|[upkeep]\n|upkeep\n|\n|t:|1776024469\n|switch|p2b: Primarina|Primarina, L50, F, shiny|100/100\n|turn|3\n|\n|t:|1776024481\n|move|p1a: Froslass|Thunderbolt|p2b: Primarina\n|-supereffective|p2b: Primarina|1\n|-damage|p2b: Primarina|46/100\n|-enditem|p2b: Primarina|Sitrus Berry|[eat]\n|-heal|p2b: Primarina|70/100|[from] item: Sitrus Berry\n|move|p2a: Hawlucha|Brave Bird|p1a: Froslass\n|-crit|p1a: Froslass\n|-damage|p1a: Froslass|0 fnt\n|faint|p1a: Froslass\n|-damage|p2a: Hawlucha|23/100|[from] Recoil\n|move|p1b: Primarina|Moonblast|p2a: Hawlucha\n|-supereffective|p2a: Hawlucha|1\n|-damage|p2a: Hawlucha|0 fnt\n|faint|p2a: Hawlucha\n|move|p2b: Primarina|Moonblast|p1b: Primarina\n|-damage|p1b: Primarina|59/100\n|\n|-weather|Snowscape|[upkeep]\n|-heal|p1b: Primarina|65/100|[from] item: Leftovers\n|upkeep\n|\n|t:|1776024501\n|switch|p1a: Meowscarada|Meowscarada, L50, M|100/100\n|switch|p2a: Mimikyu|Mimikyu, L50, F, shiny|100/100\n|turn|4\n|\n|t:|1776024508\n|move|p2b: Primarina|Protect|p2b: Primarina\n|-singleturn|p2b: Primarina|Protect\n|move|p1a: Meowscarada|Flower Trick|p2b: Primarina\n|-start|p1a: Meowscarada|typechange|Grass|[from] ability: Protean\n|-activate|p2b: Primarina|move: Protect\n|move|p1b: Primarina|Hyper Voice|p2a: Mimikyu|[spread] p2a\n|-activate|p2b: Primarina|move: Protect\n|-activate|p2a: Mimikyu|ability: Disguise\n|-damage|p2a: Mimikyu|100/100\n|detailschange|p2a: Mimikyu|Mimikyu-Busted, L50, F, shiny\n|-damage|p2a: Mimikyu|88/100|[from] pokemon: Mimikyu-Busted\n|move|p2a: Mimikyu|Trick Room|p2a: Mimikyu\n|-fieldstart|move: Trick Room|[of] p2a: Mimikyu\n|\n|-weather|Snowscape|[upkeep]\n|-heal|p1b: Primarina|71/100|[from] item: Leftovers\n|upkeep\n|turn|5\n|\n|t:|1776024531\n|move|p1b: Primarina|Protect|p1b: Primarina\n|-singleturn|p1b: Primarina|Protect\n|move|p1a: Meowscarada|Protect|p1a: Meowscarada\n|-singleturn|p1a: Meowscarada|Protect\n|move|p2b: Primarina|Ice Beam|p1a: Meowscarada\n|-activate|p1a: Meowscarada|move: Protect\n|move|p2a: Mimikyu|Play Rough|p1a: Meowscarada\n|-activate|p1a: Meowscarada|move: Protect\n|\n|-weather|none\n|-heal|p1b: Primarina|77/100|[from] item: Leftovers\n|upkeep\n|turn|6\n|\n|t:|1776024550\n|move|p2b: Primarina|Ice Beam|p1a: Meowscarada\n|-supereffective|p1a: Meowscarada|1\n|-damage|p1a: Meowscarada|6/100\n|move|p1b: Primarina|Hyper Voice|p2b: Primarina|[spread] p2a,p2b\n|-resisted|p2b: Primarina|1\n|-damage|p2a: Mimikyu|44/100\n|-damage|p2b: Primarina|53/100\n|move|p2a: Mimikyu|Play Rough|p1a: Meowscarada\n|-damage|p1a: Meowscarada|0 fnt\n|faint|p1a: Meowscarada\n|\n|-heal|p1b: Primarina|83/100|[from] item: Leftovers\n|upkeep\n|turn|7\n|\n|t:|1776024568\n|move|p2b: Primarina|Protect|p2b: Primarina\n|-singleturn|p2b: Primarina|Protect\n|move|p1b: Primarina|Hyper Voice|p2b: Primarina|[spread] p2a\n|-activate|p2b: Primarina|move: Protect\n|-damage|p2a: Mimikyu|0 fnt\n|faint|p2a: Mimikyu\n|\n|-heal|p1b: Primarina|89/100|[from] item: Leftovers\n|upkeep\n|turn|8\n|\n|t:|1776024580\n|move|p1b: Primarina|Moonblast|p2b: Primarina\n|-damage|p2b: Primarina|8/100\n|move|p2b: Primarina|Moonblast|p1b: Primarina\n|-damage|p1b: Primarina|48/100\n|\n|-heal|p1b: Primarina|54/100|[from] item: Leftovers\n|-fieldend|move: Trick Room\n|upkeep\n|turn|9\n|\n|t:|1776024589\n|move|p1b: Primarina|Moonblast|p2b: Primarina\n|-damage|p2b: Primarina|0 fnt\n|faint|p2b: Primarina\n|\n|win|nk.luna\n|raw|nk.luna's rating: 1110 &rarr; <strong>1138</strong><br />(+28 for winning)\n|raw|Jackal.dd's rating: 1155 &rarr; <strong>1127</strong><br />(-28 for losing)\n",
  "uploadtime": 1776024594,
  "views": 20,
  "formatid": "gen9championsvgc2026regma",
  "rating": 1127,
  "private": 0,
  "password": null
}