{
  "id": "gen9championsvgc2026regma-2589429898",
  "format": "[Gen 9 Champions] VGC 2026 Reg M-A",
  "players": [
    "colaske",
    "sql56"
  ],
  "log": "|j|\u2606colaske\n|j|\u2606sql56\n|t:|1776722261\n|gametype|doubles\n|player|p1|colaske|102|1261\n|player|p2|sql56|marley|1365\n|gen|9\n|tier|[Gen 9 Champions] VGC 2026 Reg M-A\n|rated|\n|rule|Species Clause: Limit one of each Pok\u00e9mon\n|rule|Item Clause: Limit 1 of each item\n|clearpoke\n|poke|p1|Aerodactyl, L50, M|\n|poke|p1|Sneasler, L50, M|\n|poke|p1|Tyranitar, L50, M|\n|poke|p1|Milotic, L50, M|\n|poke|p1|Excadrill, L50, F|\n|poke|p1|Sinistcha, L50|\n|poke|p2|Floette-Eternal, L50, F|\n|poke|p2|Tsareena, L50, F|\n|poke|p2|Basculegion, L50, M|\n|poke|p2|Sableye, L50, F|\n|poke|p2|Mimikyu, L50, M|\n|poke|p2|Volcarona, L50, F|\n|teampreview|4\n|inactive|Battle timer is ON: inactive players will automatically lose when time's up. (requested by sql56)\n|inactive|colaske has 60 seconds left.\n|\n|t:|1776722301\n|teamsize|p1|4\n|teamsize|p2|4\n|start\n|switch|p1a: Tyranitar|Tyranitar, L50, M|100/100\n|switch|p1b: Excadrill|Excadrill, L50, F|100/100\n|switch|p2a: Floette|Floette-Eternal, L50, F|100/100\n|switch|p2b: Tsareena|Tsareena, L50, F|100/100\n|-weather|Sandstorm|[from] ability: Sand Stream|[of] p1a: Tyranitar\n|turn|1\n|inactive|colaske has 30 seconds left.\n|\n|t:|1776722329\n|switch|p2a: Volcarona|Volcarona, L50, F|100/100\n|move|p1b: Excadrill|Iron Head|p2a: Volcarona\n|-resisted|p2a: Volcarona|1\n|-damage|p2a: Volcarona|80/100\n|move|p2b: Tsareena|Trop Kick|p1b: Excadrill\n|-damage|p1b: Excadrill|53/100\n|-unboost|p1b: Excadrill|atk|1\n|move|p1a: Tyranitar|Knock Off|p2b: Tsareena\n|-damage|p2b: Tsareena|55/100\n|-enditem|p2b: Tsareena|Sitrus Berry|[from] move: Knock Off|[of] p1a: Tyranitar\n|\n|-weather|Sandstorm|[upkeep]\n|-damage|p2a: Volcarona|73/100|[from] Sandstorm\n|-damage|p2b: Tsareena|49/100|[from] Sandstorm\n|-heal|p2a: Volcarona|80/100|[from] item: Leftovers\n|upkeep\n|turn|2\n|\n|t:|1776722355\n|switch|p1a: Sinistcha|Sinistcha, L50|100/100\n|-heal|p1b: Excadrill|78/100|[from] ability: Hospitality|[of] p1a: Sinistcha\n|move|p1b: Excadrill|Rock Slide|p2b: Tsareena|[spread] p2a,p2b\n|-supereffective|p2a: Volcarona|2\n|-damage|p2a: Volcarona|23/100\n|-damage|p2b: Tsareena|36/100\n|move|p2a: Volcarona|Heat Wave|p1b: Excadrill|[spread] p1a,p1b\n|-supereffective|p1a: Sinistcha|1\n|-supereffective|p1b: Excadrill|1\n|-damage|p1a: Sinistcha|5/100\n|-damage|p1b: Excadrill|0 fnt\n|-enditem|p1a: Sinistcha|Sitrus Berry|[eat]\n|-heal|p1a: Sinistcha|29/100|[from] item: Sitrus Berry\n|faint|p1b: Excadrill\n|move|p2b: Tsareena|Trop Kick|p1a: Sinistcha\n|-resisted|p1a: Sinistcha|1\n|-damage|p1a: Sinistcha|14/100\n|-unboost|p1a: Sinistcha|atk|1\n|\n|-weather|Sandstorm|[upkeep]\n|-damage|p2a: Volcarona|17/100|[from] Sandstorm\n|-damage|p2b: Tsareena|30/100|[from] Sandstorm\n|-damage|p1a: Sinistcha|7/100|[from] Sandstorm\n|-heal|p2a: Volcarona|23/100|[from] item: Leftovers\n|upkeep\n|\n|t:|1776722376\n|switch|p1b: Tyranitar|Tyranitar, L50, M|100/100\n|turn|3\n|\n|t:|1776722399\n|detailschange|p1b: Tyranitar|Tyranitar-Mega, L50, M\n|-mega|p1b: Tyranitar|Tyranitar|Tyranitarite\n|move|p2a: Volcarona|Tailwind|p2a: Volcarona\n|-sidestart|p2: sql56|move: Tailwind\n|move|p2b: Tsareena|Trop Kick|p1b: Tyranitar\n|-supereffective|p1b: Tyranitar|1\n|-damage|p1b: Tyranitar|48/100\n|-unboost|p1b: Tyranitar|atk|1\n|move|p1b: Tyranitar|Rock Slide|p2a: Volcarona|[spread] p2a,p2b\n|-supereffective|p2a: Volcarona|2\n|-damage|p2a: Volcarona|0 fnt\n|-damage|p2b: Tsareena|8/100\n|faint|p2a: Volcarona\n|move|p1a: Sinistcha|Trick Room|p1a: Sinistcha\n|-fieldstart|move: Trick Room|[of] p1a: Sinistcha\n|\n|-weather|Sandstorm|[upkeep]\n|-damage|p1a: Sinistcha|1/100|[from] Sandstorm\n|-damage|p2b: Tsareena|2/100|[from] Sandstorm\n|upkeep\n|\n|t:|1776722406\n|switch|p2a: Basculegion|Basculegion, L50, M|100/100\n|turn|4\n|\n|t:|1776722423\n|move|p1b: Tyranitar|Protect|p1b: Tyranitar\n|-singleturn|p1b: Tyranitar|Protect\n|move|p2a: Basculegion|Aqua Jet|p1b: Tyranitar\n|-activate|p1b: Tyranitar|move: Protect\n|move|p1a: Sinistcha|Matcha Gotcha|p2b: Tsareena|[spread] p2a\n|-miss|p1a: Sinistcha|p2b: Tsareena\n|-supereffective|p2a: Basculegion|1\n|-damage|p2a: Basculegion|34/100\n|-heal|p1a: Sinistcha|46/100|[from] drain|[of] p2a: Basculegion\n|move|p2b: Tsareena|Trop Kick|p1a: Sinistcha\n|-resisted|p1a: Sinistcha|1\n|-damage|p1a: Sinistcha|32/100\n|-unboost|p1a: Sinistcha|atk|1\n|\n|-weather|Sandstorm|[upkeep]\n|-damage|p1a: Sinistcha|26/100|[from] Sandstorm\n|-damage|p2b: Tsareena|0 fnt|[from] Sandstorm\n|-damage|p2a: Basculegion|28/100|[from] Sandstorm\n|faint|p2b: Tsareena\n|upkeep\n|\n|t:|1776722426\n|switch|p2b: Floette|Floette-Eternal, L50, F|100/100\n|turn|5\n|\n|t:|1776722448\n|detailschange|p2b: Floette|Floette-Mega, L50, F\n|-mega|p2b: Floette|Floette|Floettite\n|-ability|p2b: Floette|Fairy Aura\n|move|p1a: Sinistcha|Rage Powder|p1a: Sinistcha\n|-singleturn|p1a: Sinistcha|move: Rage Powder\n|move|p2a: Basculegion|Aqua Jet|p1a: Sinistcha\n|-resisted|p1a: Sinistcha|1\n|-damage|p1a: Sinistcha|13/100\n|move|p1b: Tyranitar|Rock Slide|p2b: Floette|[spread] p2a,p2b\n|-crit|p2b: Floette\n|-damage|p2a: Basculegion|0 fnt\n|-damage|p2b: Floette|23/100\n|faint|p2a: Basculegion\n|move|p2b: Floette|Dazzling Gleam|p1a: Sinistcha|[spread] p1a,p1b\n|-supereffective|p1b: Tyranitar|1\n|-damage|p1a: Sinistcha|0 fnt\n|-damage|p1b: Tyranitar|6/100\n|faint|p1a: Sinistcha\n|\n|-weather|none\n|upkeep\n|inactive|colaske has 30 seconds left.\n|\n|t:|1776722474\n|switch|p1a: Milotic|Milotic, L50, M|100/100\n|turn|6\n|\n|t:|1776722484\n|move|p1b: Tyranitar|Rock Slide|p2b: Floette\n|-damage|p2b: Floette|0 fnt\n|faint|p2b: Floette\n|\n|win|colaske\n|raw|colaske's rating: 1261 &rarr; <strong>1293</strong><br />(+32 for winning)\n|raw|sql56's rating: 1365 &rarr; <strong>1339</strong><br />(-26 for losing)\n|l|\u2606sql56\n|player|p2|\n",
  "uploadtime": 1776722490,
  "views": 6,
  "formatid": "gen9championsvgc2026regma",
  "rating": 1293,
  "private": 0,
  "password": null
}