{
  "id": "gen9championsvgc2026regma-2584716330",
  "format": "[Gen 9 Champions] VGC 2026 Reg M-A",
  "players": [
    "caseohhs",
    "matttttt314159"
  ],
  "log": "|j|\u2606caseohhs\n|j|\u2606matttttt314159\n|t:|1776278699\n|gametype|doubles\n|player|p1|caseohhs|cynthia-gen7|1119\n|player|p2|matttttt314159|2|1155\n|gen|9\n|tier|[Gen 9 Champions] VGC 2026 Reg M-A\n|rated|\n|rule|Species Clause: Limit one of each Pok\u00e9mon\n|rule|Item Clause: Limit 1 of each item\n|clearpoke\n|poke|p1|Excadrill, L50, M|\n|poke|p1|Froslass, L50, F|\n|poke|p1|Vanilluxe, L50, F|\n|poke|p1|Aerodactyl, L50, M|\n|poke|p1|Hawlucha, L50, F|\n|poke|p1|Incineroar, L50, F|\n|poke|p2|Farigiraf, L50, F|\n|poke|p2|Drampa, L50, M|\n|poke|p2|Aegislash, L50, F|\n|poke|p2|Steelix, L50, F|\n|poke|p2|Gyarados, L50, M|\n|poke|p2|Sableye, L50, M|\n|teampreview|4\n|inactive|Battle timer is ON: inactive players will automatically lose when time's up. (requested by matttttt314159)\n|inactive|matttttt314159 has 60 seconds left.\n|\n|t:|1776278736\n|teamsize|p1|4\n|teamsize|p2|4\n|start\n|switch|p1a: Hawlucha|Hawlucha, L50, F|100/100\n|switch|p1b: Excadrill|Excadrill, L50, M|100/100\n|switch|p2a: Sableye|Sableye, L50, M|100/100\n|switch|p2b: Farigiraf|Farigiraf, L50, F|100/100\n|-ability|p1b: Excadrill|Mold Breaker\n|turn|1\n|inactive|caseohhs has 30 seconds left.\n|inactive|caseohhs has 20 seconds left.\n|inactive|caseohhs has 15 seconds left.\n|\n|t:|1776278777\n|switch|p1a: Froslass|Froslass, L50, F|100/100\n|move|p2a: Sableye|Fake Out|p1b: Excadrill\n|-resisted|p1b: Excadrill|1\n|-damage|p1b: Excadrill|95/100\n|cant|p1b: Excadrill|flinch\n|move|p2b: Farigiraf|Trick Room|p2b: Farigiraf\n|-fieldstart|move: Trick Room|[of] p2b: Farigiraf\n|\n|upkeep\n|turn|2\n|\n|t:|1776278800\n|switch|p1b: Incineroar|Incineroar, L50, F|100/100\n|-ability|p1b: Incineroar|Intimidate|boost\n|-unboost|p2a: Sableye|atk|1\n|-unboost|p2b: Farigiraf|atk|1\n|detailschange|p1a: Froslass|Froslass-Mega, L50, F\n|-mega|p1a: Froslass|Froslass|Froslassite\n|-weather|Snowscape|[from] ability: Snow Warning|[of] p1a: Froslass\n|move|p2a: Sableye|Will-O-Wisp|p1b: Incineroar\n|-immune|p1b: Incineroar\n|move|p2b: Farigiraf|Foul Play|p1a: Froslass\n|-supereffective|p1a: Froslass|1\n|-damage|p1a: Froslass|65/100\n|move|p1a: Froslass|Blizzard|p2a: Sableye|[spread] p2a,p2b\n|-crit|p2b: Farigiraf\n|-damage|p2a: Sableye|35/100\n|-damage|p2b: Farigiraf|37/100\n|\n|-weather|Snowscape|[upkeep]\n|-heal|p2a: Sableye|40/100|[from] item: Leftovers\n|upkeep\n|turn|3\n|inactive|matttttt314159 has 30 seconds left.\n|inactive|matttttt314159 has 20 seconds left.\n|inactive|matttttt314159 has 15 seconds left.\n|\n|t:|1776278840\n|switch|p2b: Steelix|Steelix, L50, F|100/100\n|move|p2a: Sableye|Foul Play|p1a: Froslass\n|-supereffective|p1a: Froslass|1\n|-damage|p1a: Froslass|11/100\n|move|p1b: Incineroar|Throat Chop|p2b: Steelix\n|-damage|p2b: Steelix|80/100\n|-start|p2b: Steelix|Throat Chop|[silent]\n|move|p1a: Froslass|Blizzard|p2b: Steelix|[spread] p2a,p2b\n|-damage|p2a: Sableye|0 fnt\n|-damage|p2b: Steelix|20/100\n|faint|p2a: Sableye\n|\n|-weather|Snowscape|[upkeep]\n|upkeep\n|\n|t:|1776278851\n|switch|p2a: Aegislash|Aegislash, L50, F|100/100\n|turn|4\n|\n|t:|1776278866\n|detailschange|p2b: Steelix|Steelix-Mega, L50, F\n|-mega|p2b: Steelix|Steelix|Steelixite\n|move|p1a: Froslass|Protect|p1a: Froslass\n|-singleturn|p1a: Froslass|Protect\n|move|p2b: Steelix|Heavy Slam|p1a: Froslass\n|-activate|p1a: Froslass|move: Protect\n|-formechange|p2a: Aegislash|Aegislash-Blade|\n|move|p2a: Aegislash|Head Smash|p1b: Incineroar|[miss]\n|-miss|p2a: Aegislash|p1b: Incineroar\n|move|p1b: Incineroar|Flare Blitz|p2b: Steelix\n|-supereffective|p2b: Steelix|1\n|-damage|p2b: Steelix|0 fnt\n|faint|p2b: Steelix\n|-damage|p1b: Incineroar|96/100|[from] Recoil\n|\n|-weather|Snowscape|[upkeep]\n|upkeep\n|\n|t:|1776278880\n|switch|p2b: Farigiraf|Farigiraf, L50, F|37/100\n|turn|5\n|\n|t:|1776278900\n|switch|p1a: Excadrill|Excadrill, L50, M|95/100\n|-ability|p1a: Excadrill|Mold Breaker\n|-formechange|p2a: Aegislash|Aegislash|\n|move|p2a: Aegislash|King's Shield|p2a: Aegislash\n|-singleturn|p2a: Aegislash|Protect\n|move|p2b: Farigiraf|Psychic|p1a: Excadrill\n|-resisted|p1a: Excadrill|1\n|-damage|p1a: Excadrill|78/100\n|move|p1b: Incineroar|Throat Chop|p2b: Farigiraf\n|-supereffective|p2b: Farigiraf|1\n|-damage|p2b: Farigiraf|0 fnt\n|faint|p2b: Farigiraf\n|\n|-weather|Snowscape|[upkeep]\n|-fieldend|move: Trick Room\n|upkeep\n|turn|6\n|\n|t:|1776278921\n|move|p1a: Excadrill|Earth Power|p2a: Aegislash\n|-supereffective|p2a: Aegislash|1\n|-damage|p2a: Aegislash|75/100\n|move|p1b: Incineroar|Flare Blitz|p2a: Aegislash|[miss]\n|-miss|p1b: Incineroar|p2a: Aegislash\n|-formechange|p2a: Aegislash|Aegislash-Blade|\n|move|p2a: Aegislash|Head Smash|p1b: Incineroar\n|-supereffective|p1b: Incineroar|1\n|-damage|p1b: Incineroar|13/100\n|-damage|p2a: Aegislash|26/100|[from] Recoil\n|\n|-weather|none\n|upkeep\n|turn|7\n|-message|matttttt314159 forfeited.\n|\n|win|caseohhs\n|raw|caseohhs's rating: 1119 &rarr; <strong>1147</strong><br />(+28 for winning)\n|raw|matttttt314159's rating: 1155 &rarr; <strong>1127</strong><br />(-28 for losing)\n|l|\u2606matttttt314159\n|player|p2|\n",
  "uploadtime": 1776278946,
  "views": 30,
  "formatid": "gen9championsvgc2026regma",
  "rating": 1127,
  "private": 0,
  "password": null
}