{
  "id": "gen9championsvgc2026regma-2588614832",
  "format": "[Gen 9 Champions] VGC 2026 Reg M-A",
  "players": [
    "vedot07",
    "Winston6969"
  ],
  "log": "|j|\u2606vedot07\n|j|\u2606Winston6969\n|t:|1776650293\n|gametype|doubles\n|player|p1|vedot07|nurse|1105\n|player|p2|Winston6969|hilbert-wonderlauncher|1135\n|gen|9\n|tier|[Gen 9 Champions] VGC 2026 Reg M-A\n|rated|\n|rule|Species Clause: Limit one of each Pok\u00e9mon\n|rule|Item Clause: Limit 1 of each item\n|clearpoke\n|poke|p1|Flapple, L50, F|\n|poke|p1|Gengar, L50, F, shiny|\n|poke|p1|Sylveon, L50, M|\n|poke|p1|Incineroar, L50, F|\n|poke|p1|Starmie, L50|\n|poke|p1|Aggron, L50, F|\n|poke|p2|Pinsir, L50, F|\n|poke|p2|Whimsicott, L50, M|\n|poke|p2|Incineroar, L50, M|\n|poke|p2|Garchomp, L50, M|\n|poke|p2|Milotic, L50, F|\n|poke|p2|Heliolisk, L50, M|\n|teampreview|4\n|\n|t:|1776650320\n|teamsize|p1|4\n|teamsize|p2|4\n|start\n|switch|p1a: Incineroar|Incineroar, L50, F|100/100\n|switch|p1b: Flapple|Flapple, L50, F|100/100\n|switch|p2a: Pinsir|Pinsir, L50, F|100/100\n|switch|p2b: Whimsicott|Whimsicott, L50, M|100/100\n|-ability|p1a: Incineroar|Intimidate|boost\n|-fail|p2a: Pinsir|unboost|Attack|[from] ability: Hyper Cutter|[of] p2a: Pinsir\n|-unboost|p2b: Whimsicott|atk|1\n|turn|1\n|\n|t:|1776650343\n|detailschange|p2a: Pinsir|Pinsir-Mega, L50, F\n|-mega|p2a: Pinsir|Pinsir|Pinsirite\n|move|p2b: Whimsicott|Protect|p2b: Whimsicott\n|-singleturn|p2b: Whimsicott|Protect\n|move|p2a: Pinsir|Protect|p2a: Pinsir\n|-singleturn|p2a: Pinsir|Protect\n|move|p1b: Flapple|Dragon Dance|p1b: Flapple\n|-boost|p1b: Flapple|atk|1\n|-boost|p1b: Flapple|spe|1\n|move|p1a: Incineroar|Flare Blitz|p2a: Pinsir\n|-activate|p2a: Pinsir|move: Protect\n|\n|upkeep\n|turn|2\n|\n|t:|1776650377\n|move|p1b: Flapple|Protect|p1b: Flapple\n|-singleturn|p1b: Flapple|Protect\n|move|p2a: Pinsir|Quick Attack|p1b: Flapple\n|-activate|p1b: Flapple|move: Protect\n|move|p2b: Whimsicott|Moonblast|p1b: Flapple\n|-activate|p1b: Flapple|move: Protect\n|move|p1a: Incineroar|Flare Blitz|p2a: Pinsir\n|-supereffective|p2a: Pinsir|1\n|-damage|p2a: Pinsir|0 fnt\n|faint|p2a: Pinsir\n|-damage|p1a: Incineroar|77/100|[from] Recoil\n|\n|upkeep\n|\n|t:|1776650395\n|switch|p2a: Milotic|Milotic, L50, F|100/100\n|turn|3\n|\n|t:|1776650403\n|move|p2b: Whimsicott|Tailwind|p2b: Whimsicott\n|-sidestart|p2: Winston6969|move: Tailwind\n|move|p2a: Milotic|Ice Beam|p1b: Flapple\n|-supereffective|p1b: Flapple|2\n|-activate|p1b: Flapple|ability: Ripen\n|-enditem|p1b: Flapple|Yache Berry|[eat]\n|-enditem|p1b: Flapple|Yache Berry|[weaken]\n|-damage|p1b: Flapple|56/100\n|move|p1b: Flapple|Grav Apple|p2a: Milotic\n|-supereffective|p2a: Milotic|1\n|-damage|p2a: Milotic|0 fnt\n|faint|p2a: Milotic\n|move|p1a: Incineroar|Parting Shot|p2b: Whimsicott\n|-unboost|p2b: Whimsicott|atk|1\n|-unboost|p2b: Whimsicott|spa|1\n|\n|t:|1776650416\n|switch|p1a: Gengar|Gengar, L50, F, shiny|100/100|[from] Parting Shot\n|\n|upkeep\n|\n|t:|1776650419\n|switch|p2a: Garchomp|Garchomp, L50, M|100/100\n|turn|4\n|\n|t:|1776650435\n|detailschange|p1a: Gengar|Gengar-Mega, L50, F, shiny\n|-mega|p1a: Gengar|Gengar|Gengarite\n|move|p1b: Flapple|Protect|p1b: Flapple\n|-singleturn|p1b: Flapple|Protect\n|move|p2a: Garchomp|Dragon Claw|p1b: Flapple\n|-activate|p1b: Flapple|move: Protect\n|move|p2b: Whimsicott|Moonblast|p1a: Gengar\n|-resisted|p1a: Gengar|1\n|-damage|p1a: Gengar|89/100\n|move|p1a: Gengar|Perish Song|p1a: Gengar\n|-start|p1a: Gengar|perish3|[silent]\n|-start|p1b: Flapple|perish3|[silent]\n|-start|p2a: Garchomp|perish3|[silent]\n|-start|p2b: Whimsicott|perish3|[silent]\n|-fieldactivate|move: Perish Song\n|\n|-start|p2a: Garchomp|perish3\n|-start|p2b: Whimsicott|perish3\n|-start|p1a: Gengar|perish3\n|-start|p1b: Flapple|perish3\n|upkeep\n|turn|5\n|\n|t:|1776650456\n|move|p1a: Gengar|Protect|p1a: Gengar\n|-singleturn|p1a: Gengar|Protect\n|move|p2a: Garchomp|Dragon Claw|p1a: Gengar\n|-activate|p1a: Gengar|move: Protect\n|move|p2b: Whimsicott|Moonblast|p1b: Flapple\n|-supereffective|p1b: Flapple|1\n|-damage|p1b: Flapple|0 fnt\n|faint|p1b: Flapple\n|\n|-start|p2a: Garchomp|perish2\n|-start|p2b: Whimsicott|perish2\n|-start|p1a: Gengar|perish2\n|upkeep\n|\n|t:|1776650468\n|switch|p1b: Incineroar|Incineroar, L50, F|77/100\n|-ability|p1b: Incineroar|Intimidate|boost\n|-unboost|p2a: Garchomp|atk|1\n|-unboost|p2b: Whimsicott|atk|1\n|turn|6\n|\n|t:|1776650479\n|move|p1b: Incineroar|Fake Out|p2a: Garchomp\n|-damage|p2a: Garchomp|87/100\n|-damage|p1b: Incineroar|65/100|[from] ability: Rough Skin|[of] p2a: Garchomp\n|cant|p2a: Garchomp|flinch\n|move|p2b: Whimsicott|Moonblast|p1a: Gengar\n|-resisted|p1a: Gengar|1\n|-damage|p1a: Gengar|76/100\n|-unboost|p1a: Gengar|spa|1\n|move|p1a: Gengar|Sludge Bomb|p2b: Whimsicott\n|-supereffective|p2b: Whimsicott|2\n|-enditem|p2b: Whimsicott|Focus Sash\n|-damage|p2b: Whimsicott|1/100\n|\n|-start|p2a: Garchomp|perish1\n|-start|p2b: Whimsicott|perish1\n|-start|p1a: Gengar|perish1\n|-sideend|p2: Winston6969|move: Tailwind\n|upkeep\n|turn|7\n|\n|t:|1776650497\n|switch|p1b: trans rights|Sylveon, L50, M|100/100\n|move|p1a: Gengar|Protect|p1a: Gengar\n|-singleturn|p1a: Gengar|Protect\n|move|p2a: Garchomp|Dragon Claw|p1b: trans rights\n|-immune|p1b: trans rights\n|move|p2b: Whimsicott|Moonblast|p1a: Gengar\n|-activate|p1a: Gengar|move: Protect\n|\n|-start|p2a: Garchomp|perish0\n|-start|p1a: Gengar|perish0\n|-start|p2b: Whimsicott|perish0\n|faint|p2a: Garchomp\n|faint|p1a: Gengar\n|faint|p2b: Whimsicott\n|\n|win|vedot07\n|raw|vedot07's rating: 1105 &rarr; <strong>1132</strong><br />(+27 for winning)\n|raw|Winston6969's rating: 1135 &rarr; <strong>1108</strong><br />(-27 for losing)\n|l|\u2606Winston6969\n|player|p2|\n",
  "uploadtime": 1776650513,
  "views": 14,
  "formatid": "gen9championsvgc2026regma",
  "rating": 1108,
  "private": 0,
  "password": null
}