{
  "id": "gen9championsvgc2026regma-2584827836",
  "format": "[Gen 9 Champions] VGC 2026 Reg M-A",
  "players": [
    "whackzzzvgc",
    "sogiamo"
  ],
  "log": "|j|\u2606whackzzzvgc\n|j|\u2606sogiamo\n|t:|1776286737\n|gametype|doubles\n|player|p1|whackzzzvgc|aaron|1135\n|player|p2|sogiamo|cynthia|1141\n|gen|9\n|tier|[Gen 9 Champions] VGC 2026 Reg M-A\n|rated|\n|rule|Species Clause: Limit one of each Pok\u00e9mon\n|rule|Item Clause: Limit 1 of each item\n|clearpoke\n|poke|p1|Aerodactyl, L50, M|\n|poke|p1|Incineroar, L50, F|\n|poke|p1|Floette-Eternal, L50, F|\n|poke|p1|Basculegion, L50, M|\n|poke|p1|Garchomp, L50, M|\n|poke|p1|Sneasler, L50, F|\n|poke|p2|Delphox, L50, M|\n|poke|p2|Garchomp, L50, F|\n|poke|p2|Tyranitar, L50, M|\n|poke|p2|Rotom-Wash, L50|\n|poke|p2|Orthworm, L50, M|\n|poke|p2|Sneasler, L50, F|\n|teampreview|4\n|inactive|Battle timer is ON: inactive players will automatically lose when time's up. (requested by whackzzzvgc)\n|inactive|whackzzzvgc has 60 seconds left.\n|inactive|sogiamo has 60 seconds left.\n|\n|t:|1776286787\n|teamsize|p1|4\n|teamsize|p2|4\n|start\n|switch|p1a: Aerodactyl|Aerodactyl, L50, M|100/100\n|switch|p1b: Basculegion|Basculegion, L50, M|100/100\n|switch|p2a: Rotom|Rotom-Wash, L50|100/100\n|switch|p2b: Sneasler|Sneasler, L50, F|100/100\n|-ability|p1a: Aerodactyl|Unnerve\n|turn|1\n|inactive|whackzzzvgc has 30 seconds left.\n|\n|t:|1776286815\n|move|p1a: Aerodactyl|Protect|p1a: Aerodactyl\n|-singleturn|p1a: Aerodactyl|Protect\n|move|p1b: Basculegion|Flip Turn|p2b: Sneasler\n|-damage|p2b: Sneasler|36/100\n|\n|t:|1776286820\n|switch|p1b: Incineroar|Incineroar, L50, F|100/100|[from] Flip Turn\n|-ability|p1b: Incineroar|Intimidate|boost\n|-unboost|p2a: Rotom|atk|1\n|-unboost|p2b: Sneasler|atk|1\n|-enditem|p2b: Sneasler|White Herb\n|-clearnegativeboost|p2b: Sneasler|[silent]\n|move|p2b: Sneasler|Close Combat|p1a: Aerodactyl\n|-activate|p1a: Aerodactyl|move: Protect\n|move|p2a: Rotom|Electroweb|p1b: Incineroar|[spread] p1b\n|-activate|p1a: Aerodactyl|move: Protect\n|-crit|p1b: Incineroar\n|-damage|p1b: Incineroar|81/100\n|-unboost|p1b: Incineroar|spe|1\n|\n|upkeep\n|turn|2\n|\n|t:|1776286853\n|switch|p2a: Garchomp|Garchomp, L50, F|100/100\n|move|p1b: Incineroar|Fake Out|p2b: Sneasler\n|-damage|p2b: Sneasler|18/100\n|cant|p2b: Sneasler|flinch\n|move|p1a: Aerodactyl|Tailwind|p1a: Aerodactyl\n|-sidestart|p1: whackzzzvgc|move: Tailwind\n|\n|upkeep\n|turn|3\n|\n|t:|1776286877\n|switch|p2b: Rotom|Rotom-Wash, L50|100/100\n|move|p1a: Aerodactyl|Dual Wingbeat|p2b: Rotom|[miss]\n|-miss|p1a: Aerodactyl|p2b: Rotom\n|move|p2a: Garchomp|Earthquake|p1a: Aerodactyl|[spread] p1b\n|-immune|p2b: Rotom|[from] ability: Levitate\n|-immune|p1a: Aerodactyl\n|-supereffective|p1b: Incineroar|1\n|-damage|p1b: Incineroar|4/100\n|-enditem|p1b: Incineroar|Sitrus Berry|[eat]\n|-heal|p1b: Incineroar|29/100|[from] item: Sitrus Berry\n|move|p1b: Incineroar|Parting Shot|p2a: Garchomp|[miss]\n|-miss|p1b: Incineroar|p2a: Garchomp\n|\n|upkeep\n|turn|4\n|inactive|whackzzzvgc has 30 seconds left.\n|inactive|whackzzzvgc has 20 seconds left.\n|inactive|whackzzzvgc has 15 seconds left.\n|\n|t:|1776286918\n|switch|p1b: Basculegion|Basculegion, L50, M|100/100\n|move|p1a: Aerodactyl|Protect|p1a: Aerodactyl\n|-singleturn|p1a: Aerodactyl|Protect\n|move|p2b: Rotom|Thunderbolt|p1a: Aerodactyl\n|-activate|p1a: Aerodactyl|move: Protect\n|move|p2a: Garchomp|Rock Slide|p1a: Aerodactyl|[spread] p1b\n|-activate|p1a: Aerodactyl|move: Protect\n|-damage|p1b: Basculegion|74/100\n|\n|upkeep\n|turn|5\n|inactive|sogiamo has 30 seconds left.\n|\n|t:|1776286955\n|switch|p1a: Incineroar|Incineroar, L50, F|29/100\n|-ability|p1a: Incineroar|Intimidate|boost\n|-unboost|p2a: Garchomp|atk|1\n|-unboost|p2b: Rotom|atk|1\n|switch|p2b: Sneasler|Sneasler, L50, F|18/100\n|move|p2a: Garchomp|Protect|p2a: Garchomp\n|-singleturn|p2a: Garchomp|Protect\n|move|p1b: Basculegion|Wave Crash|p2a: Garchomp\n|-activate|p2a: Garchomp|move: Protect\n|\n|-sideend|p1: whackzzzvgc|move: Tailwind\n|upkeep\n|turn|6\n|inactive|whackzzzvgc has 30 seconds left.\n|inactive|sogiamo has 30 seconds left.\n|inactive|whackzzzvgc has 20 seconds left.\n|inactive|sogiamo has 20 seconds left.\n|inactive|sogiamo has 15 seconds left.\n|inactive|sogiamo has 10 seconds left.\n|\n|t:|1776287003\n|switch|p1a: Aerodactyl|Aerodactyl, L50, M|100/100\n|-ability|p1a: Aerodactyl|Unnerve\n|move|p2b: Sneasler|Fake Out|p1a: Aerodactyl\n|-resisted|p1a: Aerodactyl|1\n|-damage|p1a: Aerodactyl|90/100\n|move|p1b: Basculegion|Wave Crash|p2a: Garchomp\n|-crit|p2a: Garchomp\n|-damage|p2a: Garchomp|0 fnt\n|faint|p2a: Garchomp\n|-damage|p1b: Basculegion|43/100|[from] Recoil\n|\n|upkeep\n|\n|t:|1776287009\n|switch|p2a: Rotom|Rotom-Wash, L50|100/100\n|turn|7\n|inactive|whackzzzvgc has 30 seconds left.\n|inactive|whackzzzvgc has 20 seconds left.\n|\n|t:|1776287045\n|switch|p1a: Incineroar|Incineroar, L50, F|29/100\n|-ability|p1a: Incineroar|Intimidate|boost\n|-unboost|p2a: Rotom|atk|1\n|-unboost|p2b: Sneasler|atk|1\n|move|p1b: Basculegion|Wave Crash|p2b: Sneasler\n|-damage|p2b: Sneasler|0 fnt\n|faint|p2b: Sneasler\n|-damage|p1b: Basculegion|38/100|[from] Recoil\n|move|p2a: Rotom|Thunderbolt|p1a: Incineroar\n|-damage|p1a: Incineroar|0 fnt\n|faint|p1a: Incineroar\n|\n|upkeep\n|\n|t:|1776287066\n|switch|p2b: Delphox|Delphox, L50, M|100/100\n|switch|p1a: Aerodactyl|Aerodactyl, L50, M|90/100\n|-ability|p1a: Aerodactyl|Unnerve\n|turn|8\n|\n|t:|1776287081\n|detailschange|p2b: Delphox|Delphox-Mega, L50, M\n|-mega|p2b: Delphox|Delphox|Delphoxite\n|move|p2b: Delphox|Protect|p2b: Delphox\n|-singleturn|p2b: Delphox|Protect\n|move|p1b: Basculegion|Wave Crash|p2b: Delphox\n|-activate|p2b: Delphox|move: Protect\n|move|p2a: Rotom|Thunderbolt|p1b: Basculegion\n|-supereffective|p1b: Basculegion|1\n|-crit|p1b: Basculegion\n|-damage|p1b: Basculegion|0 fnt\n|faint|p1b: Basculegion\n|move|p1a: Aerodactyl|Tailwind|p1a: Aerodactyl\n|-sidestart|p1: whackzzzvgc|move: Tailwind\n|\n|upkeep\n|\n|t:|1776287095\n|switch|p1b: Floette|Floette-Eternal, L50, F|100/100\n|turn|9\n|\n|t:|1776287110\n|detailschange|p1b: Floette|Floette-Mega, L50, F\n|-mega|p1b: Floette|Floette|Floettite\n|-ability|p1b: Floette|Fairy Aura\n|move|p1a: Aerodactyl|Rock Slide|p2a: Rotom|[spread] p2a,p2b\n|-supereffective|p2b: Delphox|1\n|-damage|p2a: Rotom|68/100\n|-damage|p2b: Delphox|28/100\n|move|p1b: Floette|Light of Ruin|p2b: Delphox\n|-resisted|p2b: Delphox|1\n|-damage|p2b: Delphox|0 fnt\n|faint|p2b: Delphox\n|-damage|p1b: Floette|87/100|[from] Recoil\n|move|p2a: Rotom|Thunderbolt|p1a: Aerodactyl\n|-supereffective|p1a: Aerodactyl|1\n|-damage|p1a: Aerodactyl|0 fnt\n|faint|p1a: Aerodactyl\n|\n|upkeep\n|turn|10\n|\n|t:|1776287128\n|move|p1b: Floette|Moonblast|p2a: Rotom\n|-damage|p2a: Rotom|0 fnt\n|faint|p2a: Rotom\n|\n|win|whackzzzvgc\n|raw|whackzzzvgc's rating: 1135 &rarr; <strong>1160</strong><br />(+25 for winning)\n|raw|sogiamo's rating: 1141 &rarr; <strong>1116</strong><br />(-25 for losing)\n|c|\u2606whackzzzvgc|Gg\n|l|\u2606sogiamo\n|player|p2|\n",
  "uploadtime": 1776287276,
  "views": 21,
  "formatid": "gen9championsvgc2026regma",
  "rating": 1116,
  "private": 0,
  "password": null
}