{
  "id": "gen9championsvgc2026regma-2586535233",
  "format": "[Gen 9 Champions] VGC 2026 Reg M-A",
  "players": [
    "blazke",
    "axelpogi13"
  ],
  "log": "|j|\u2606blazke\n|j|\u2606axelpogi13\n|t:|1776441352\n|gametype|doubles\n|player|p1|blazke|riley|\n|player|p2|axelpogi13|youngster-gen4dp|\n|gen|9\n|tier|[Gen 9 Champions] VGC 2026 Reg M-A\n|rule|Species Clause: Limit one of each Pok\u00e9mon\n|rule|Item Clause: Limit 1 of each item\n|clearpoke\n|poke|p1|Morpeko, L50, M|\n|poke|p1|Maushold-Four, L50|\n|poke|p1|Gengar, L50, F|\n|poke|p1|Incineroar, L50, F|\n|poke|p1|Kommo-o, L50, M|\n|poke|p1|Blastoise, L50, M|\n|poke|p2|Basculegion, L50, M|\n|poke|p2|Hatterene, L50, F|\n|poke|p2|Rhyperior, L50, M|\n|poke|p2|Oranguru, L50, F|\n|poke|p2|Venusaur, L50, M|\n|poke|p2|Charizard, L50, M|\n|teampreview|4\n|inactive|Battle timer is ON: inactive players will automatically lose when time's up. (requested by blazke)\n|inactive|blazke has 60 seconds left.\n|\n|t:|1776441404\n|teamsize|p1|4\n|teamsize|p2|4\n|start\n|switch|p1a: Judas|Morpeko, L50, M|100/100\n|switch|p1b: Gengar|Gengar, L50, F|100/100\n|switch|p2a: Basculegion|Basculegion, L50, M|100/100\n|switch|p2b: Hatterene|Hatterene, L50, F|100/100\n|turn|1\n|inactive|blazke has 30 seconds left.\n|\n|t:|1776441435\n|detailschange|p1b: Gengar|Gengar-Mega, L50, F\n|-mega|p1b: Gengar|Gengar|Gengarite\n|move|p1b: Gengar|Protect|p1b: Gengar\n|-singleturn|p1b: Gengar|Protect\n|move|p2a: Basculegion|Flip Turn|p1a: Judas\n|-damage|p1a: Judas|37/100\n|\n|t:|1776441449\n|switch|p2a: Rhyperior|Rhyperior, L50, M|100/100|[from] Flip Turn\n|move|p1a: Judas|Aura Wheel|p2a: Rhyperior\n|-immune|p2a: Rhyperior\n|move|p2b: Hatterene|Trick Room|p2b: Hatterene\n|-fieldstart|move: Trick Room|[of] p2b: Hatterene\n|\n|-formechange|p1a: Judas|Morpeko-Hangry|\n|upkeep\n|turn|2\n|inactive|axelpogi13 has 30 seconds left.\n|\n|t:|1776441475\n|move|p2b: Hatterene|Dazzling Gleam|p1a: Judas|[spread] p1a,p1b\n|-supereffective|p1a: Judas|1\n|-resisted|p1b: Gengar|1\n|-damage|p1a: Judas|0 fnt\n|-damage|p1b: Gengar|79/100\n|faint|p1a: Judas\n|move|p2a: Rhyperior|Rock Slide|p1b: Gengar\n|-damage|p1b: Gengar|32/100\n|move|p1b: Gengar|Perish Song|p1b: Gengar\n|-start|p1b: Gengar|perish3|[silent]\n|-start|p2a: Rhyperior|perish3|[silent]\n|-start|p2b: Hatterene|perish3|[silent]\n|-fieldactivate|move: Perish Song\n|\n|-start|p2b: Hatterene|perish3\n|-start|p2a: Rhyperior|perish3\n|-start|p1b: Gengar|perish3\n|upkeep\n|\n|t:|1776441483\n|switch|p1a: Incineroar|Incineroar, L50, F|100/100\n|-ability|p1a: Incineroar|Intimidate|boost\n|-unboost|p2a: Rhyperior|atk|1\n|-unboost|p2b: Hatterene|atk|1\n|turn|3\n|inactive|blazke has 30 seconds left.\n|inactive|axelpogi13 has 30 seconds left.\n|inactive|axelpogi13 has 20 seconds left.\n|inactive|axelpogi13 has 15 seconds left.\n|inactive|axelpogi13 has 10 seconds left.\n|\n|t:|1776441529\n|move|p1a: Incineroar|Fake Out|p2a: Rhyperior\n|-resisted|p2a: Rhyperior|1\n|-damage|p2a: Rhyperior|97/100\n|move|p2b: Hatterene|Dazzling Gleam|p1b: Gengar|[spread] p1a,p1b\n|-resisted|p1b: Gengar|1\n|-damage|p1a: Incineroar|68/100\n|-damage|p1b: Gengar|11/100\n|cant|p2a: Rhyperior|flinch\n|move|p1b: Gengar|Reflect Type|p1a: Incineroar\n|-start|p1b: Gengar|typechange|[from] move: Reflect Type|[of] p1a: Incineroar\n|\n|-start|p2b: Hatterene|perish2\n|-start|p2a: Rhyperior|perish2\n|-start|p1b: Gengar|perish2\n|upkeep\n|turn|4\n|inactive|blazke has 30 seconds left.\n|inactive|blazke has 20 seconds left.\n|inactive|axelpogi13 has 30 seconds left.\n|inactive|blazke has 15 seconds left.\n|inactive|axelpogi13 has 20 seconds left.\n|\n|t:|1776441574\n|move|p1a: Incineroar|Protect|p1a: Incineroar\n|-singleturn|p1a: Incineroar|Protect\n|move|p1b: Gengar|Protect|p1b: Gengar\n|-singleturn|p1b: Gengar|Protect\n|move|p2b: Hatterene|Dazzling Gleam|p1b: Gengar|[spread] \n|-activate|p1a: Incineroar|move: Protect\n|-activate|p1b: Gengar|move: Protect\n|move|p2a: Rhyperior|Rock Slide|p1a: Incineroar|[spread] \n|-activate|p1a: Incineroar|move: Protect\n|-activate|p1b: Gengar|move: Protect\n|\n|-start|p2b: Hatterene|perish1\n|-start|p2a: Rhyperior|perish1\n|-start|p1b: Gengar|perish1\n|upkeep\n|turn|5\n|inactive|blazke has 30 seconds left.\n|inactive|axelpogi13 has 30 seconds left.\n|inactive|blazke has 20 seconds left.\n|\n|t:|1776441613\n|switch|p1b: Maushold|Maushold-Four, L50|100/100\n|move|p2b: Hatterene|Dazzling Gleam|p1b: Maushold|[spread] p1a,p1b\n|-damage|p1a: Incineroar|44/100\n|-damage|p1b: Maushold|59/100\n|-enditem|p1a: Incineroar|Sitrus Berry|[eat]\n|-heal|p1a: Incineroar|69/100|[from] item: Sitrus Berry\n|move|p2a: Rhyperior|Rock Slide|p1b: Maushold|[spread] p1a,p1b\n|-supereffective|p1a: Incineroar|1\n|-damage|p1a: Incineroar|50/100\n|-damage|p1b: Maushold|41/100\n|cant|p1a: Incineroar|flinch\n|\n|-start|p2b: Hatterene|perish0\n|-start|p2a: Rhyperior|perish0\n|-fieldend|move: Trick Room\n|upkeep\n|faint|p2b: Hatterene\n|faint|p2a: Rhyperior\n|\n|t:|1776441631\n|switch|p2a: Basculegion|Basculegion, L50, M|100/100\n|switch|p2b: Oranguru|Oranguru, L50, F|100/100\n|turn|6\n|\n|t:|1776441654\n|move|p1b: Maushold|Follow Me|p1b: Maushold\n|-singleturn|p1b: Maushold|move: Follow Me\n|move|p2a: Basculegion|Wave Crash|p1b: Maushold\n|-damage|p1b: Maushold|0 fnt\n|faint|p1b: Maushold\n|-damage|p2a: Basculegion|89/100|[from] Recoil\n|move|p1a: Incineroar|Throat Chop|p2a: Basculegion\n|-supereffective|p2a: Basculegion|1\n|-damage|p2a: Basculegion|20/100\n|-start|p2a: Basculegion|Throat Chop|[silent]\n|move|p2b: Oranguru|Trick Room|p2b: Oranguru\n|-fieldstart|move: Trick Room|[of] p2b: Oranguru\n|\n|upkeep\n|\n|t:|1776441664\n|switch|p1b: Gengar|Gengar-Mega, L50, F|11/100\n|turn|7\n|\n|t:|1776441688\n|move|p1a: Incineroar|Protect|p1a: Incineroar\n|-singleturn|p1a: Incineroar|Protect\n|move|p2b: Oranguru|Psychic|p1b: Gengar\n|-supereffective|p1b: Gengar|1\n|-damage|p1b: Gengar|0 fnt\n|faint|p1b: Gengar\n|move|p2a: Basculegion|Wave Crash|p1a: Incineroar\n|-activate|p1a: Incineroar|move: Protect\n|\n|-end|p2a: Basculegion|Throat Chop|[silent]\n|upkeep\n|turn|8\n|\n|t:|1776441702\n|move|p2b: Oranguru|Psychic|p1a: Incineroar\n|-immune|p1a: Incineroar\n|move|p1a: Incineroar|Throat Chop|p2a: Basculegion\n|-supereffective|p2a: Basculegion|1\n|-damage|p2a: Basculegion|0 fnt\n|faint|p2a: Basculegion\n|\n|upkeep\n|turn|9\n|\n|t:|1776441718\n|move|p2b: Oranguru|Instruct|p1a: Incineroar\n|-singleturn|p1a: Incineroar|move: Instruct|[of] p2b: Oranguru\n|move|p1a: Incineroar|Throat Chop|p2b: Oranguru\n|-supereffective|p2b: Oranguru|1\n|-damage|p2b: Oranguru|36/100\n|-start|p2b: Oranguru|Throat Chop|[silent]\n|move|p1a: Incineroar|Throat Chop|p2b: Oranguru\n|-supereffective|p2b: Oranguru|1\n|-damage|p2b: Oranguru|0 fnt\n|faint|p2b: Oranguru\n|\n|win|blazke\n|l|\u2606blazke\n|player|p1|\n|j|\u2606blazke\n|player|p1|blazke|riley|\n",
  "uploadtime": 1776441774,
  "views": 19,
  "formatid": "gen9championsvgc2026regma",
  "rating": null,
  "private": 0,
  "password": null
}