{
  "id": "gen9championsvgc2026regma-2582941457",
  "format": "[Gen 9 Champions] VGC 2026 Reg M-A",
  "players": [
    "WizardGibby",
    "orionsayshi"
  ],
  "log": "|j|\u2606WizardGibby\n|j|\u2606orionsayshi\n|t:|1776126973\n|gametype|doubles\n|player|p1|WizardGibby|scientistf|1028\n|player|p2|orionsayshi|elesa|1107\n|gen|9\n|tier|[Gen 9 Champions] VGC 2026 Reg M-A\n|rated|\n|rule|Species Clause: Limit one of each Pok\u00e9mon\n|rule|Item Clause: Limit 1 of each item\n|clearpoke\n|poke|p1|Gengar, L50, M|\n|poke|p1|Politoed, L50, M|\n|poke|p1|Clefable, L50, F|\n|poke|p1|Basculegion, L50, M|\n|poke|p1|Wyrdeer, L50, M|\n|poke|p1|Sneasler, L50, F|\n|poke|p2|Gengar, L50, F|\n|poke|p2|Sinistcha, L50|\n|poke|p2|Heliolisk, L50, M|\n|poke|p2|Sableye, L50, F|\n|poke|p2|Kommo-o, L50, F|\n|poke|p2|Tyranitar, L50, M|\n|teampreview|4\n|inactive|Battle timer is ON: inactive players will automatically lose when time's up. (requested by orionsayshi)\n|\n|t:|1776127032\n|teamsize|p1|4\n|teamsize|p2|4\n|start\n|switch|p1a: Clefable|Clefable, L50, F|100/100\n|switch|p1b: Basculegion|Basculegion, L50, M|100/100\n|switch|p2a: Sableye|Sableye, L50, F|100/100\n|switch|p2b: Heliolisk|Heliolisk, L50, M|100/100\n|turn|1\n|\n|t:|1776127055\n|move|p2a: Sableye|Protect|p2a: Sableye\n|-singleturn|p2a: Sableye|Protect\n|move|p2b: Heliolisk|Protect|p2b: Heliolisk\n|-singleturn|p2b: Heliolisk|Protect\n|move|p1b: Basculegion|Flip Turn|p2b: Heliolisk\n|-activate|p2b: Heliolisk|move: Protect\n|move|p1a: Clefable|Calm Mind|p1a: Clefable\n|-boost|p1a: Clefable|spa|1\n|-boost|p1a: Clefable|spd|1\n|\n|upkeep\n|turn|2\n|\n|t:|1776127073\n|move|p2a: Sableye|Encore|p1a: Clefable\n|-start|p1a: Clefable|Encore\n|move|p2b: Heliolisk|Shed Tail|p2b: Heliolisk\n|-start|p2b: Heliolisk|Substitute|[from] move: Shed Tail\n|-damage|p2b: Heliolisk|50/100\n|\n|t:|1776127078\n|switch|p2b: Gengar|Gengar, L50, F|100/100|[from] Shed Tail\n|move|p1b: Basculegion|Flip Turn|p2b: Gengar\n|-end|p2b: Gengar|Substitute\n|\n|t:|1776127087\n|switch|p1b: Sneasler|Sneasler, L50, F|100/100|[from] Flip Turn\n|move|p1a: Clefable|Calm Mind|p1a: Clefable\n|-boost|p1a: Clefable|spa|1\n|-boost|p1a: Clefable|spd|1\n|\n|upkeep\n|turn|3\n|\n|t:|1776127099\n|detailschange|p2b: Gengar|Gengar-Mega, L50, F\n|-mega|p2b: Gengar|Gengar|Gengarite\n|move|p2a: Sableye|Protect|p2a: Sableye\n|-singleturn|p2a: Sableye|Protect\n|move|p2b: Gengar|Perish Song|p2b: Gengar\n|-start|p1a: Clefable|perish3|[silent]\n|-start|p1b: Sneasler|perish3|[silent]\n|-start|p2a: Sableye|perish3|[silent]\n|-start|p2b: Gengar|perish3|[silent]\n|-fieldactivate|move: Perish Song\n|move|p1b: Sneasler|Taunt|p2b: Gengar\n|-start|p2b: Gengar|move: Taunt\n|move|p1a: Clefable|Calm Mind|p1a: Clefable\n|-boost|p1a: Clefable|spa|1\n|-boost|p1a: Clefable|spd|1\n|\n|-start|p2b: Gengar|perish3\n|-start|p1b: Sneasler|perish3\n|-start|p1a: Clefable|perish3\n|-start|p2a: Sableye|perish3\n|upkeep\n|turn|4\n|inactive|WizardGibby has 30 seconds left.\n|\n|t:|1776127125\n|move|p2a: Sableye|Encore|p1b: Sneasler\n|-start|p1b: Sneasler|Encore\n|move|p2b: Gengar|Shadow Ball|p1b: Sneasler\n|-damage|p1b: Sneasler|40/100\n|-unboost|p1b: Sneasler|spd|1\n|move|p1b: Sneasler|Taunt||[still]\n|-fail|p1b: Sneasler\n|move|p1a: Clefable|Calm Mind|p1a: Clefable\n|-boost|p1a: Clefable|spa|1\n|-boost|p1a: Clefable|spd|1\n|\n|-end|p1a: Clefable|Encore\n|-start|p2b: Gengar|perish2\n|-start|p1b: Sneasler|perish2\n|-start|p1a: Clefable|perish2\n|-start|p2a: Sableye|perish2\n|upkeep\n|turn|5\n|inactive|WizardGibby has 30 seconds left.\n|\n|t:|1776127154\n|move|p2a: Sableye|Encore|p1a: Clefable\n|-start|p1a: Clefable|Encore\n|move|p2b: Gengar|Shadow Ball|p1a: Clefable\n|-damage|p1a: Clefable|88/100\n|move|p1b: Sneasler|Taunt|p2a: Sableye\n|-start|p2a: Sableye|move: Taunt\n|-enditem|p2a: Sableye|Mental Herb\n|-end|p2a: Sableye|move: Taunt\n|move|p1a: Clefable|Calm Mind|p1a: Clefable\n|-boost|p1a: Clefable|spa|1\n|-boost|p1a: Clefable|spd|1\n|\n|-heal|p1a: Clefable|94/100|[from] item: Leftovers\n|-start|p2b: Gengar|perish1\n|-start|p1b: Sneasler|perish1\n|-start|p1a: Clefable|perish1\n|-start|p2a: Sableye|perish1\n|upkeep\n|turn|6\n|inactive|WizardGibby has 30 seconds left.\n|inactive|orionsayshi has 30 seconds left.\n|\n|t:|1776127182\n|switch|p2b: Sinistcha|Sinistcha, L50|100/100\n|switch|p2a: Heliolisk|Heliolisk, L50, M|50/100\n|move|p1b: Sneasler|Taunt|p2b: Sinistcha\n|-start|p2b: Sinistcha|move: Taunt\n|move|p1a: Clefable|Calm Mind|p1a: Clefable\n|-boost|p1a: Clefable|spa|1\n|-boost|p1a: Clefable|spd|1\n|\n|-heal|p1a: Clefable|99/100|[from] item: Leftovers\n|-end|p1b: Sneasler|Encore\n|-start|p1b: Sneasler|perish0\n|-start|p1a: Clefable|perish0\n|upkeep\n|faint|p1b: Sneasler\n|faint|p1a: Clefable\n|\n|t:|1776127199\n|switch|p1b: Basculegion|Basculegion, L50, M|100/100\n|switch|p1a: Gengar|Gengar, L50, M|100/100\n|turn|7\n|\n|t:|1776127216\n|detailschange|p1a: Gengar|Gengar-Mega, L50, M\n|-mega|p1a: Gengar|Gengar|Gengarite\n|move|p2a: Heliolisk|Eerie Impulse|p1a: Gengar\n|-unboost|p1a: Gengar|spa|2\n|move|p1a: Gengar|Perish Song|p1a: Gengar\n|-start|p1a: Gengar|perish3|[silent]\n|-start|p1b: Basculegion|perish3|[silent]\n|-start|p2a: Heliolisk|perish3|[silent]\n|-start|p2b: Sinistcha|perish3|[silent]\n|-fieldactivate|move: Perish Song\n|move|p1b: Basculegion|Last Respects|p2b: Sinistcha\n|-supereffective|p2b: Sinistcha|1\n|-crit|p2b: Sinistcha\n|-damage|p2b: Sinistcha|0 fnt\n|faint|p2b: Sinistcha\n|\n|-start|p2a: Heliolisk|perish3\n|-start|p1a: Gengar|perish3\n|-start|p1b: Basculegion|perish3\n|upkeep\n|\n|t:|1776127231\n|switch|p2b: Sableye|Sableye, L50, F|100/100\n|turn|8\n|\n|t:|1776127242\n|move|p2b: Sableye|Disable|p1b: Basculegion\n|-start|p1b: Basculegion|Disable|Last Respects\n|move|p2a: Heliolisk|Eerie Impulse|p1a: Gengar\n|-unboost|p1a: Gengar|spa|2\n|move|p1a: Gengar|Shadow Ball|p2b: Sableye\n|-damage|p2b: Sableye|75/100\n|cant|p1b: Basculegion|Disable|Last Respects\n|\n|-start|p2a: Heliolisk|perish2\n|-start|p1a: Gengar|perish2\n|-start|p1b: Basculegion|perish2\n|upkeep\n|turn|9\n|-message|WizardGibby forfeited.\n|\n|win|orionsayshi\n|raw|WizardGibby's rating: 1028 &rarr; <strong>1017</strong><br />(-11 for losing)\n|raw|orionsayshi's rating: 1107 &rarr; <strong>1126</strong><br />(+19 for winning)\n|l|\u2606WizardGibby\n|player|p1|\n",
  "uploadtime": 1776127262,
  "views": 11,
  "formatid": "gen9championsvgc2026regma",
  "rating": 1017,
  "private": 0,
  "password": null
}