{
  "id": "gen9championsvgc2026regma-2583094945",
  "format": "[Gen 9 Champions] VGC 2026 Reg M-A",
  "players": [
    "Heyewer",
    "Someoneofficial"
  ],
  "log": "|j|\u2606Heyewer\n|j|\u2606Someoneofficial\n|t:|1776141381\n|gametype|doubles\n|player|p1|Heyewer|hiker-gen4|1113\n|player|p2|Someoneofficial|scientist-gen4dp|1081\n|gen|9\n|tier|[Gen 9 Champions] VGC 2026 Reg M-A\n|rated|\n|rule|Species Clause: Limit one of each Pok\u00e9mon\n|rule|Item Clause: Limit 1 of each item\n|clearpoke\n|poke|p1|Venusaur, L50, F|\n|poke|p1|Torkoal, L50, F|\n|poke|p1|Incineroar, L50, M|\n|poke|p1|Farigiraf, L50, M|\n|poke|p1|Sneasler, L50, F|\n|poke|p1|Blastoise, L50, M|\n|poke|p2|Floette-Eternal, L50, F|\n|poke|p2|Sinistcha, L50|\n|poke|p2|Incineroar, L50, F|\n|poke|p2|Primarina, L50, F|\n|poke|p2|Talonflame, L50, M|\n|poke|p2|Tyranitar, L50, F|\n|teampreview|4\n|inactive|Battle timer is ON: inactive players will automatically lose when time's up. (requested by Heyewer)\n|\n|t:|1776141419\n|teamsize|p1|4\n|teamsize|p2|4\n|start\n|switch|p1a: Blastoise|Blastoise, L50, M|100/100\n|switch|p1b: Sneasler|Sneasler, L50, F|100/100\n|switch|p2a: Floette|Floette-Eternal, L50, F|100/100\n|switch|p2b: Incineroar|Incineroar, L50, F, shiny|100/100\n|-ability|p2b: Incineroar|Intimidate|boost\n|-unboost|p1a: Blastoise|atk|1\n|-unboost|p1b: Sneasler|atk|1\n|turn|1\n|\n|t:|1776141437\n|detailschange|p1a: Blastoise|Blastoise-Mega, L50, M\n|-mega|p1a: Blastoise|Blastoise|Blastoisinite\n|move|p2a: Floette|Protect|p2a: Floette\n|-singleturn|p2a: Floette|Protect\n|move|p1b: Sneasler|Fake Out|p2b: Incineroar\n|-damage|p2b: Incineroar|93/100\n|cant|p2b: Incineroar|flinch\n|move|p1a: Blastoise|Flash Cannon|p2a: Floette\n|-activate|p2a: Floette|move: Protect\n|\n|upkeep\n|turn|2\n|\n|t:|1776141452\n|switch|p2a: Sinistcha|Sinistcha, L50, shiny|100/100\n|-heal|p2b: Incineroar|100/100|[from] ability: Hospitality|[of] p2a: Sinistcha\n|move|p1b: Sneasler|Close Combat|p2b: Incineroar\n|-supereffective|p2b: Incineroar|1\n|-damage|p2b: Incineroar|32/100\n|-unboost|p1b: Sneasler|def|1\n|-unboost|p1b: Sneasler|spd|1\n|-enditem|p2b: Incineroar|Sitrus Berry|[eat]\n|-heal|p2b: Incineroar|57/100|[from] item: Sitrus Berry\n|move|p1a: Blastoise|Flash Cannon|p2a: Sinistcha\n|-damage|p2a: Sinistcha|74/100\n|move|p2b: Incineroar|Flare Blitz|p1b: Sneasler\n|-enditem|p1b: Sneasler|Focus Sash\n|-damage|p1b: Sneasler|1/100\n|-damage|p2b: Incineroar|32/100|[from] Recoil\n|\n|-heal|p2a: Sinistcha|80/100|[from] item: Leftovers\n|upkeep\n|turn|3\n|\n|t:|1776141474\n|move|p1b: Sneasler|Dire Claw|p2a: Sinistcha\n|-damage|p2a: Sinistcha|52/100\n|move|p1a: Blastoise|Water Pulse|p2b: Incineroar\n|-supereffective|p2b: Incineroar|1\n|-damage|p2b: Incineroar|0 fnt\n|faint|p2b: Incineroar\n|move|p2a: Sinistcha|Matcha Gotcha|p1b: Sneasler|[spread] p1a,p1b\n|-supereffective|p1a: Blastoise|1\n|-resisted|p1b: Sneasler|1\n|-crit|p1b: Sneasler\n|-damage|p1a: Blastoise|59/100\n|-heal|p2a: Sinistcha|74/100|[from] drain|[of] p1a: Blastoise\n|-damage|p1b: Sneasler|0 fnt\n|-heal|p2a: Sinistcha|74/100|[from] drain|[of] p1b: Sneasler\n|faint|p1b: Sneasler\n|\n|-heal|p2a: Sinistcha|80/100|[from] item: Leftovers\n|upkeep\n|\n|t:|1776141494\n|switch|p1b: Incineroar|Incineroar, L50, M|100/100\n|switch|p2b: Floette|Floette-Eternal, L50, F|100/100\n|-ability|p1b: Incineroar|Intimidate|boost\n|-block|p2a: Sinistcha|ability: Flower Veil|[of] p2b: Floette\n|-unboost|p2b: Floette|atk|1\n|turn|4\n|\n|t:|1776141512\n|switch|p1a: Venusaur|Venusaur, L50, F|100/100\n|move|p2b: Floette|Protect|p2b: Floette\n|-singleturn|p2b: Floette|Protect\n|move|p1b: Incineroar|Throat Chop|p2a: Sinistcha\n|-supereffective|p2a: Sinistcha|1\n|-damage|p2a: Sinistcha|13/100\n|-start|p2a: Sinistcha|Throat Chop|[silent]\n|move|p2a: Sinistcha|Trick Room|p2a: Sinistcha\n|-fieldstart|move: Trick Room|[of] p2a: Sinistcha\n|\n|-heal|p2a: Sinistcha|19/100|[from] item: Leftovers\n|upkeep\n|turn|5\n|inactive|Heyewer has 30 seconds left.\n|\n|t:|1776141545\n|detailschange|p2b: Floette|Floette-Mega, L50, F\n|-mega|p2b: Floette|Floette|Floettite\n|-ability|p2b: Floette|Fairy Aura\n|move|p1b: Incineroar|Throat Chop|p2a: Sinistcha\n|-supereffective|p2a: Sinistcha|1\n|-damage|p2a: Sinistcha|0 fnt\n|faint|p2a: Sinistcha\n|move|p1a: Venusaur|Sludge Bomb|p2b: Floette\n|-supereffective|p2b: Floette|1\n|-crit|p2b: Floette\n|-damage|p2b: Floette|30/100\n|move|p2b: Floette|Psychic|p1a: Venusaur\n|-supereffective|p1a: Venusaur|1\n|-damage|p1a: Venusaur|36/100\n|\n|upkeep\n|\n|t:|1776141551\n|switch|p2a: Tyranitar|Tyranitar, L50, F, shiny|100/100\n|-weather|Sandstorm|[from] ability: Sand Stream|[of] p2a: Tyranitar\n|turn|6\n|inactive|Someoneofficial has 30 seconds left.\n|\n|t:|1776141592\n|move|p2b: Floette|Protect|p2b: Floette\n|-singleturn|p2b: Floette|Protect\n|move|p1b: Incineroar|Parting Shot|p2a: Tyranitar\n|-unboost|p2a: Tyranitar|atk|1\n|-unboost|p2a: Tyranitar|spa|1\n|\n|t:|1776141599\n|switch|p1b: Blastoise|Blastoise-Mega, L50, M|59/100|[from] Parting Shot\n|move|p2a: Tyranitar|Rock Slide|p1a: Venusaur|[spread] p1a,p1b\n|-damage|p1a: Venusaur|14/100\n|-damage|p1b: Blastoise|42/100\n|move|p1a: Venusaur|Sludge Bomb|p2b: Floette\n|-activate|p2b: Floette|move: Protect\n|\n|-weather|Sandstorm|[upkeep]\n|-damage|p1b: Blastoise|36/100|[from] Sandstorm\n|-damage|p1a: Venusaur|8/100|[from] Sandstorm\n|-damage|p2b: Floette|24/100|[from] Sandstorm\n|upkeep\n|turn|7\n|\n|t:|1776141617\n|move|p2a: Tyranitar|Rock Slide|p1b: Blastoise|[spread] p1a,p1b\n|-damage|p1a: Venusaur|0 fnt\n|-damage|p1b: Blastoise|19/100\n|faint|p1a: Venusaur\n|move|p1b: Blastoise|Aura Sphere|p2a: Tyranitar\n|-supereffective|p2a: Tyranitar|2\n|-damage|p2a: Tyranitar|0 fnt\n|faint|p2a: Tyranitar\n|move|p2b: Floette|Dazzling Gleam|p1b: Blastoise\n|-damage|p1b: Blastoise|0 fnt\n|faint|p1b: Blastoise\n|\n|-weather|Sandstorm|[upkeep]\n|-damage|p2b: Floette|18/100|[from] Sandstorm\n|upkeep\n|\n|t:|1776141632\n|switch|p1b: Incineroar|Incineroar, L50, M|100/100\n|-ability|p1b: Incineroar|Intimidate|boost\n|-unboost|p2b: Floette|atk|1\n|turn|8\n|\n|t:|1776141642\n|move|p2b: Floette|Protect|p2b: Floette\n|-singleturn|p2b: Floette|Protect\n|move|p1b: Incineroar|Fake Out|p2b: Floette\n|-activate|p2b: Floette|move: Protect\n|\n|-weather|Sandstorm|[upkeep]\n|-damage|p1b: Incineroar|95/100|[from] Sandstorm\n|-damage|p2b: Floette|12/100|[from] Sandstorm\n|-fieldend|move: Trick Room\n|upkeep\n|turn|9\n|\n|t:|1776141654\n|move|p2b: Floette|Draining Kiss|p1b: Incineroar\n|-damage|p1b: Incineroar|63/100\n|-heal|p2b: Floette|38/100|[from] drain|[of] p1b: Incineroar\n|move|p1b: Incineroar|Throat Chop|p2b: Floette\n|-resisted|p2b: Floette|1\n|-damage|p2b: Floette|19/100\n|-start|p2b: Floette|Throat Chop|[silent]\n|\n|-weather|Sandstorm|[upkeep]\n|-damage|p2b: Floette|13/100|[from] Sandstorm\n|-damage|p1b: Incineroar|57/100|[from] Sandstorm\n|upkeep\n|turn|10\n|\n|t:|1776141664\n|move|p1b: Incineroar|Protect|p1b: Incineroar\n|-singleturn|p1b: Incineroar|Protect\n|move|p2b: Floette|Draining Kiss|p1b: Incineroar\n|-activate|p1b: Incineroar|move: Protect\n|\n|-weather|none\n|-end|p2b: Floette|Throat Chop|[silent]\n|upkeep\n|turn|11\n|-message|Heyewer forfeited.\n|\n|win|Someoneofficial\n|raw|Heyewer's rating: 1113 &rarr; <strong>1086</strong><br />(-27 for losing)\n|raw|Someoneofficial's rating: 1081 &rarr; <strong>1111</strong><br />(+30 for winning)\n|l|\u2606Heyewer\n|player|p1|\n|l|\u2606Someoneofficial\n|player|p2|\n|j|\u2606Someoneofficial\n|player|p2|Someoneofficial|scientist-gen4dp|\n",
  "uploadtime": 1776141913,
  "views": 34,
  "formatid": "gen9championsvgc2026regma",
  "rating": 1086,
  "private": 0,
  "password": null
}