{
  "id": "gen9championsvgc2026regma-2581323936",
  "format": "[Gen 9 Champions] VGC 2026 Reg M-A",
  "players": [
    "Dr Lampost",
    "derpybaits"
  ],
  "log": "|j|\u2606Dr Lampost\n|j|\u2606derpybaits\n|t:|1775986696\n|gametype|doubles\n|player|p1|Dr Lampost|170|1053\n|player|p2|derpybaits|1|1015\n|gen|9\n|tier|[Gen 9 Champions] VGC 2026 Reg M-A\n|rated|\n|rule|Species Clause: Limit one of each Pok\u00e9mon\n|rule|Item Clause: Limit 1 of each item\n|clearpoke\n|poke|p1|Aurorus, L50, F|\n|poke|p1|Meowstic-F, L50, F|\n|poke|p1|Maushold-Four, L50|\n|poke|p1|Froslass, L50, F|\n|poke|p1|Lycanroc-Dusk, L50, M|\n|poke|p1|Toxapex, L50, F|\n|poke|p2|Floette-Eternal, L50, F|\n|poke|p2|Maushold, L50|\n|poke|p2|Garchomp, L50, M|\n|poke|p2|Talonflame, L50, F|\n|poke|p2|Rotom-Wash, L50|\n|poke|p2|Aegislash, L50, F|\n|teampreview|4\n|\n|t:|1775986717\n|teamsize|p1|4\n|teamsize|p2|4\n|start\n|switch|p1a: Valerie|Toxapex, L50, F, shiny|100/100\n|switch|p1b: Twilight|Meowstic-F, L50, F|100/100\n|switch|p2a: Floette|Floette-Eternal, L50, F|100/100\n|switch|p2b: Maushold|Maushold, L50|100/100\n|turn|1\n|\n|t:|1775986752\n|detailschange|p2a: Floette|Floette-Mega, L50, F\n|-mega|p2a: Floette|Floette|Floettite\n|-ability|p2a: Floette|Fairy Aura\n|move|p1b: Twilight|Fake Out|p2a: Floette\n|-damage|p2a: Floette|96/100\n|move|p2b: Maushold|Follow Me|p2b: Maushold\n|-singleturn|p2b: Maushold|move: Follow Me\n|cant|p2a: Floette|flinch\n|move|p1a: Valerie|Chilling Water|p2b: Maushold\n|-crit|p2b: Maushold\n|-damage|p2b: Maushold|80/100\n|-unboost|p2b: Maushold|atk|1\n|\n|upkeep\n|turn|2\n|\n|t:|1775986773\n|move|p1a: Valerie|Wide Guard|p1a: Valerie\n|-singleturn|p1a: Valerie|Wide Guard\n|move|p2b: Maushold|Follow Me|p2b: Maushold\n|-singleturn|p2b: Maushold|move: Follow Me\n|move|p2a: Floette|Calm Mind|p2a: Floette\n|-boost|p2a: Floette|spa|1\n|-boost|p2a: Floette|spd|1\n|move|p1b: Twilight|Calm Mind|p1b: Twilight\n|-boost|p1b: Twilight|spa|1\n|-boost|p1b: Twilight|spd|1\n|\n|upkeep\n|turn|3\n|\n|t:|1775986804\n|move|p1a: Valerie|Wide Guard|p1a: Valerie\n|-singleturn|p1a: Valerie|Wide Guard\n|move|p2b: Maushold|Follow Me|p2b: Maushold\n|-singleturn|p2b: Maushold|move: Follow Me\n|move|p2a: Floette|Dazzling Gleam|p1a: Valerie|[spread] \n|-activate|p1a: Valerie|move: Wide Guard\n|-activate|p1b: Twilight|move: Wide Guard\n|move|p1b: Twilight|Baton Pass|p1b: Twilight\n|\n|t:|1775986819\n|switch|p1b: Weiss|Aurorus, L50, F, shiny|100/100|[from] Baton Pass\n|-weather|Snowscape|[from] ability: Snow Warning|[of] p1b: Weiss\n|\n|-weather|Snowscape|[upkeep]\n|upkeep\n|turn|4\n|\n|t:|1775986835\n|move|p1a: Valerie|Wide Guard|p1a: Valerie\n|-singleturn|p1a: Valerie|Wide Guard\n|move|p2b: Maushold|Follow Me|p2b: Maushold\n|-singleturn|p2b: Maushold|move: Follow Me\n|move|p2a: Floette|Energy Ball|p1b: Weiss\n|-supereffective|p1b: Weiss|1\n|-crit|p1b: Weiss\n|-damage|p1b: Weiss|0 fnt\n|faint|p1b: Weiss\n|\n|-weather|Snowscape|[upkeep]\n|upkeep\n|\n|t:|1775986848\n|switch|p1b: Twilight|Meowstic-F, L50, F|100/100\n|turn|5\n|\n|t:|1775986869\n|move|p1b: Twilight|Fake Out|p2a: Floette\n|-damage|p2a: Floette|90/100\n|move|p2b: Maushold|Taunt|p1b: Twilight\n|-start|p1b: Twilight|move: Taunt\n|cant|p2a: Floette|flinch\n|move|p1a: Valerie|Chilling Water|p2b: Maushold\n|-damage|p2b: Maushold|67/100\n|-unboost|p2b: Maushold|atk|1\n|\n|-weather|Snowscape|[upkeep]\n|upkeep\n|turn|6\n|\n|t:|1775986894\n|detailschange|p1b: Twilight|Meowstic-F-Mega, L50, F\n|-mega|p1b: Twilight|Meowstic|Meowsticite\n|-ability|p1b: Twilight|Fairy Aura|Trace|[from] ability: Trace|[of] p2a: Floette\n|-ability|p1b: Twilight|Fairy Aura\n|move|p1a: Valerie|Baneful Bunker|p1a: Valerie\n|-singleturn|p1a: Valerie|move: Protect\n|move|p2b: Maushold|Follow Me|p2b: Maushold\n|-singleturn|p2b: Maushold|move: Follow Me\n|move|p1b: Twilight|Psychic|p2b: Maushold\n|-damage|p2b: Maushold|0 fnt\n|faint|p2b: Maushold\n|move|p2a: Floette|Calm Mind|p2a: Floette\n|-boost|p2a: Floette|spa|1\n|-boost|p2a: Floette|spd|1\n|\n|-weather|Snowscape|[upkeep]\n|upkeep\n|\n|t:|1775986905\n|switch|p2b: Talonflame|Talonflame, L50, F|100/100\n|turn|7\n|\n|t:|1775986927\n|move|p2b: Talonflame|Tailwind|p2b: Talonflame\n|-sidestart|p2: derpybaits|move: Tailwind\n|move|p2a: Floette|Moonblast|p1b: Twilight\n|-damage|p1b: Twilight|0 fnt\n|faint|p1b: Twilight\n|move|p1a: Valerie|Chilling Water|p2b: Talonflame\n|-supereffective|p2b: Talonflame|1\n|-damage|p2b: Talonflame|66/100\n|-unboost|p2b: Talonflame|atk|1\n|\n|-weather|none\n|upkeep\n|\n|t:|1775986932\n|switch|p1b: The Smiths|Maushold-Four, L50, shiny|100/100\n|turn|8\n|\n|t:|1775986954\n|move|p2b: Talonflame|Acrobatics|p1a: Valerie\n|-damage|p1a: Valerie|88/100\n|move|p2a: Floette|Dazzling Gleam|p1a: Valerie|[spread] p1a,p1b\n|-resisted|p1a: Valerie|1\n|-damage|p1a: Valerie|61/100\n|-enditem|p1b: The Smiths|Focus Sash\n|-damage|p1b: The Smiths|1/100\n|move|p1b: The Smiths|Super Fang|p2a: Floette\n|-damage|p2a: Floette|45/100\n|move|p1a: Valerie|Chilling Water|p2b: Talonflame\n|-supereffective|p2b: Talonflame|1\n|-damage|p2b: Talonflame|30/100\n|-unboost|p2b: Talonflame|atk|1\n|\n|-heal|p1a: Valerie|67/100|[from] item: Leftovers\n|upkeep\n|turn|9\n|inactive|Battle timer is ON: inactive players will automatically lose when time's up. (requested by derpybaits)\n|\n|t:|1775986995\n|move|p1a: Valerie|Wide Guard|p1a: Valerie\n|-singleturn|p1a: Valerie|Wide Guard\n|move|p2b: Talonflame|Acrobatics|p1a: Valerie\n|-damage|p1a: Valerie|57/100\n|move|p2a: Floette|Dazzling Gleam|p1a: Valerie|[spread] \n|-activate|p1a: Valerie|move: Wide Guard\n|-activate|p1b: The Smiths|move: Wide Guard\n|move|p1b: The Smiths|Super Fang|p2a: Floette\n|-damage|p2a: Floette|23/100\n|\n|-heal|p1a: Valerie|62/100|[from] item: Leftovers\n|upkeep\n|turn|10\n|\n|t:|1775987019\n|move|p1a: Valerie|Baneful Bunker|p1a: Valerie\n|-singleturn|p1a: Valerie|move: Protect\n|move|p2b: Talonflame|Acrobatics|p1a: Valerie\n|-activate|p1a: Valerie|move: Protect\n|-status|p2b: Talonflame|psn\n|move|p2a: Floette|Dazzling Gleam|p1a: Valerie|[spread] p1b\n|-activate|p1a: Valerie|move: Protect\n|-damage|p1b: The Smiths|0 fnt\n|faint|p1b: The Smiths\n|\n|-heal|p1a: Valerie|68/100|[from] item: Leftovers\n|-damage|p2b: Talonflame|18/100 psn|[from] psn\n|-sideend|p2: derpybaits|move: Tailwind\n|upkeep\n|turn|11\n|\n|t:|1775987033\n|move|p2b: Talonflame|Acrobatics|p1a: Valerie\n|-damage|p1a: Valerie|54/100\n|move|p2a: Floette|Moonblast|p1a: Valerie\n|-resisted|p1a: Valerie|1\n|-damage|p1a: Valerie|0 fnt\n|faint|p1a: Valerie\n|\n|win|derpybaits\n|raw|Dr Lampost's rating: 1053 &rarr; <strong>1033</strong><br />(-20 for losing)\n|raw|derpybaits's rating: 1015 &rarr; <strong>1057</strong><br />(+42 for winning)\n",
  "uploadtime": 1775987037,
  "views": 14,
  "formatid": "gen9championsvgc2026regma",
  "rating": 1033,
  "private": 0,
  "password": null
}