{
  "id": "gen9championsvgc2026regma-2587322616",
  "format": "[Gen 9 Champions] VGC 2026 Reg M-A",
  "players": [
    "testy accounty 2",
    "skymin<3"
  ],
  "log": "|j|\u2606testy accounty 2\n|j|\u2606skymin<3\n|t:|1776521916\n|gametype|doubles\n|player|p1|testy accounty 2|170|1554\n|player|p2|skymin<3|#skymin3|1662\n|gen|9\n|tier|[Gen 9 Champions] VGC 2026 Reg M-A\n|rated|\n|rule|Species Clause: Limit one of each Pok\u00e9mon\n|rule|Item Clause: Limit 1 of each item\n|clearpoke\n|poke|p1|Gengar, L50, F, shiny|\n|poke|p1|Incineroar, L50, M|\n|poke|p1|Politoed, L50, M|\n|poke|p1|Archaludon, L50, F|\n|poke|p1|Basculegion, L50, M|\n|poke|p1|Meganium, L50, M|\n|poke|p2|Delphox, L50, M, shiny|\n|poke|p2|Aegislash, L50, M|\n|poke|p2|Meowscarada, L50, F, shiny|\n|poke|p2|Primarina, L50, M, shiny|\n|poke|p2|Garchomp, L50, M, shiny|\n|poke|p2|Sneasler, L50, M|\n|teampreview|4\n|\n|t:|1776521965\n|teamsize|p1|4\n|teamsize|p2|4\n|start\n|switch|p1a: Gengar|Gengar, L50, F, shiny|100/100\n|switch|p1b: Ian|Incineroar, L50, M|100/100\n|switch|p2a: Consul D|Sneasler, L50, M|100/100\n|switch|p2b: Neferpitou|Meowscarada, L50, F, shiny|100/100\n|-ability|p1b: Ian|Intimidate|boost\n|-unboost|p2a: Consul D|atk|1\n|-unboost|p2b: Neferpitou|atk|1\n|-enditem|p2a: Consul D|White Herb\n|-clearnegativeboost|p2a: Consul D|[silent]\n|turn|1\n|\n|t:|1776521978\n|switch|p1b: Rosey|Politoed, L50, M|100/100\n|-weather|RainDance|[from] ability: Drizzle|[of] p1b: Rosey\n|move|p1a: Gengar|Protect|p1a: Gengar\n|-singleturn|p1a: Gengar|Protect\n|move|p2a: Consul D|Close Combat|p1b: Rosey\n|-damage|p1b: Rosey|25/100\n|-unboost|p2a: Consul D|def|1\n|-unboost|p2a: Consul D|spd|1\n|move|p2b: Neferpitou|Throat Chop|p1a: Gengar\n|-start|p2b: Neferpitou|typechange|Dark|[from] ability: Protean\n|-activate|p1a: Gengar|move: Protect\n|\n|-weather|RainDance|[upkeep]\n|-heal|p1b: Rosey|31/100|[from] item: Leftovers\n|upkeep\n|turn|2\n|\n|t:|1776522004\n|switch|p1b: Ian|Incineroar, L50, M|100/100\n|-ability|p1b: Ian|Intimidate|boost\n|-unboost|p2a: Consul D|atk|1\n|-unboost|p2b: Neferpitou|atk|1\n|detailschange|p1a: Gengar|Gengar-Mega, L50, F, shiny\n|-mega|p1a: Gengar|Gengar|Gengarite\n|move|p2a: Consul D|Protect|p2a: Consul D\n|-singleturn|p2a: Consul D|Protect\n|move|p2b: Neferpitou|Throat Chop|p1a: Gengar\n|-supereffective|p1a: Gengar|1\n|-damage|p1a: Gengar|50/100\n|-start|p1a: Gengar|Throat Chop|[silent]\n|move|p1a: Gengar|Shadow Ball|p2a: Consul D\n|-activate|p2a: Consul D|move: Protect\n|\n|-weather|RainDance|[upkeep]\n|upkeep\n|turn|3\n|\n|t:|1776522023\n|move|p1a: Gengar|Protect|p1a: Gengar\n|-singleturn|p1a: Gengar|Protect\n|move|p2a: Consul D|Close Combat|p1b: Ian\n|-supereffective|p1b: Ian|1\n|-damage|p1b: Ian|22/100\n|-unboost|p2a: Consul D|def|1\n|-unboost|p2a: Consul D|spd|1\n|-enditem|p1b: Ian|Sitrus Berry|[eat]\n|-heal|p1b: Ian|47/100|[from] item: Sitrus Berry\n|move|p2b: Neferpitou|Throat Chop|p1a: Gengar\n|-activate|p1a: Gengar|move: Protect\n|move|p1b: Ian|Parting Shot|p2b: Neferpitou\n|-unboost|p2b: Neferpitou|atk|1\n|-unboost|p2b: Neferpitou|spa|1\n|\n|t:|1776522038\n|switch|p1b: Kathleen|Archaludon, L50, F|100/100|[from] Parting Shot\n|\n|-weather|RainDance|[upkeep]\n|-end|p1a: Gengar|Throat Chop|[silent]\n|upkeep\n|turn|4\n|\n|t:|1776522048\n|switch|p1b: Ian|Incineroar, L50, M|47/100\n|-ability|p1b: Ian|Intimidate|boost\n|-unboost|p2a: Consul D|atk|1\n|-unboost|p2b: Neferpitou|atk|1\n|move|p2a: Consul D|Dire Claw|p1a: Gengar\n|-resisted|p1a: Gengar|2\n|-damage|p1a: Gengar|44/100\n|-status|p1a: Gengar|slp\n|move|p2b: Neferpitou|Throat Chop|p1a: Gengar\n|-supereffective|p1a: Gengar|1\n|-damage|p1a: Gengar|10/100 slp\n|-start|p1a: Gengar|Throat Chop|[silent]\n|cant|p1a: Gengar|slp\n|\n|-weather|RainDance|[upkeep]\n|upkeep\n|turn|5\n|c|\u2606skymin<3|my b\n|-message|testy accounty 2 forfeited.\n|\n|win|skymin<3\n|raw|testy accounty 2's rating: 1554 &rarr; <strong>1540</strong><br />(-14 for losing)\n|raw|skymin&lt;3's rating: 1662 &rarr; <strong>1676</strong><br />(+14 for winning)\n|l|\u2606testy accounty 2\n|player|p1|\n",
  "uploadtime": 1776522065,
  "views": 49,
  "formatid": "gen9championsvgc2026regma",
  "rating": 1540,
  "private": 0,
  "password": null
}