{
  "id": "gen9championsvgc2026regma-2585539003",
  "format": "[Gen 9 Champions] VGC 2026 Reg M-A",
  "players": [
    "A1exia.",
    "LyssanTM"
  ],
  "log": "|j|\u2606A1exia.\n|j|\u2606LyssanTM\n|t:|1776354201\n|gametype|doubles\n|player|p1|A1exia.|n|1122\n|player|p2|LyssanTM|veteran|1092\n|gen|9\n|tier|[Gen 9 Champions] VGC 2026 Reg M-A\n|rated|\n|rule|Species Clause: Limit one of each Pok\u00e9mon\n|rule|Item Clause: Limit 1 of each item\n|clearpoke\n|poke|p1|Charizard, L50, M|\n|poke|p1|Whimsicott, L50, F|\n|poke|p1|Garchomp, L50, M|\n|poke|p1|Sneasler, L50, F|\n|poke|p1|Rotom-Wash, L50|\n|poke|p1|Incineroar, L50, F|\n|poke|p2|Aegislash, L50, F|\n|poke|p2|Kangaskhan, L50, F|\n|poke|p2|Pelipper, L50, M|\n|poke|p2|Archaludon, L50, M|\n|poke|p2|Aerodactyl, L50, M|\n|poke|p2|Palafin, L50, F|\n|teampreview|4\n|\n|t:|1776354238\n|teamsize|p1|4\n|teamsize|p2|4\n|start\n|switch|p1a: \u8004\u800b|Sneasler, L50, F|100/100\n|switch|p1b: \u767d\u864e|Incineroar, L50, F, shiny|100/100\n|switch|p2a: Kangaskhan|Kangaskhan, L50, F|100/100\n|switch|p2b: Aerodactyl|Aerodactyl, L50, M|100/100\n|-ability|p2b: Aerodactyl|Unnerve\n|-ability|p1b: \u767d\u864e|Intimidate|boost\n|-fail|p2a: Kangaskhan|unboost|Attack|[from] ability: Inner Focus|[of] p2a: Kangaskhan\n|-unboost|p2b: Aerodactyl|atk|1\n|turn|1\n|inactive|Battle timer is ON: inactive players will automatically lose when time's up. (requested by A1exia.)\n|\n|t:|1776354263\n|switch|p2a: Pelipper|Pelipper, L50, M|100/100\n|-weather|RainDance|[from] ability: Drizzle|[of] p2a: Pelipper\n|move|p2b: Aerodactyl|Protect|p2b: Aerodactyl\n|-singleturn|p2b: Aerodactyl|Protect\n|move|p1a: \u8004\u800b|Fake Out|p2b: Aerodactyl\n|-activate|p2b: Aerodactyl|move: Protect\n|move|p1b: \u767d\u864e|Fake Out|p2a: Pelipper\n|-damage|p2a: Pelipper|91/100\n|\n|-weather|RainDance|[upkeep]\n|upkeep\n|turn|2\n|\n|t:|1776354278\n|switch|p1b: \u6d17\u8863\u673a|Rotom-Wash, L50, shiny|100/100\n|move|p1a: \u8004\u800b|Protect|p1a: \u8004\u800b\n|-singleturn|p1a: \u8004\u800b|Protect\n|move|p2b: Aerodactyl|Tailwind|p2b: Aerodactyl\n|-sidestart|p2: LyssanTM|move: Tailwind\n|move|p2a: Pelipper|Hurricane|p1a: \u8004\u800b\n|-activate|p1a: \u8004\u800b|move: Protect\n|\n|-weather|RainDance|[upkeep]\n|upkeep\n|turn|3\n|inactive|A1exia. has 30 seconds left.\n|\n|t:|1776354306\n|switch|p1a: \u767d\u864e|Incineroar, L50, F, shiny|100/100\n|-ability|p1a: \u767d\u864e|Intimidate|boost\n|-unboost|p2a: Pelipper|atk|1\n|-unboost|p2b: Aerodactyl|atk|1\n|switch|p2a: Archaludon|Archaludon, L50, M|100/100\n|move|p2b: Aerodactyl|Rock Slide|p1a: \u767d\u864e|[spread] p1a,p1b\n|-supereffective|p1a: \u767d\u864e|1\n|-crit|p1b: \u6d17\u8863\u673a\n|-damage|p1a: \u767d\u864e|82/100\n|-damage|p1b: \u6d17\u8863\u673a|58/100\n|move|p1b: \u6d17\u8863\u673a|Volt Switch|p2a: Archaludon\n|-resisted|p2a: Archaludon|1\n|-crit|p2a: Archaludon\n|-damage|p2a: Archaludon|60/100\n|\n|t:|1776354325\n|switch|p1b: \u8004\u800b|Sneasler, L50, F|100/100|[from] Volt Switch\n|\n|-weather|RainDance|[upkeep]\n|-heal|p2a: Archaludon|66/100|[from] item: Leftovers\n|upkeep\n|turn|4\n|inactive|A1exia. has 30 seconds left.\n|\n|t:|1776354357\n|switch|p2b: Kangaskhan|Kangaskhan, L50, F|100/100\n|move|p2a: Archaludon|Protect|p2a: Archaludon\n|-singleturn|p2a: Archaludon|Protect\n|move|p1b: \u8004\u800b|Fake Out|p2a: Archaludon\n|-activate|p2a: Archaludon|move: Protect\n|move|p1a: \u767d\u864e|Parting Shot|p2b: Kangaskhan\n|-unboost|p2b: Kangaskhan|atk|1\n|-unboost|p2b: Kangaskhan|spa|1\n|\n|t:|1776354369\n|switch|p1a: \u9524\u5934\u9ca8|Garchomp, L50, M|100/100|[from] Parting Shot\n|\n|-weather|RainDance|[upkeep]\n|-heal|p2a: Archaludon|72/100|[from] item: Leftovers\n|upkeep\n|turn|5\n|inactive|A1exia. has 30 seconds left.\n|inactive|A1exia. has 20 seconds left.\n|inactive|A1exia. has 15 seconds left.\n|inactive|LyssanTM has 30 seconds left.\n|\n|t:|1776354414\n|switch|p1a: \u767d\u864e|Incineroar, L50, F, shiny|82/100\n|-ability|p1a: \u767d\u864e|Intimidate|boost\n|-unboost|p2a: Archaludon|atk|1\n|-fail|p2b: Kangaskhan|unboost|Attack|[from] ability: Inner Focus|[of] p2b: Kangaskhan\n|move|p1b: \u8004\u800b|Protect|p1b: \u8004\u800b\n|-singleturn|p1b: \u8004\u800b|Protect\n|move|p2b: Kangaskhan|Fake Out|p1a: \u767d\u864e\n|-damage|p1a: \u767d\u864e|73/100\n|move|p2a: Archaludon|Dragon Pulse|p1a: \u767d\u864e\n|-damage|p1a: \u767d\u864e|29/100\n|-enditem|p1a: \u767d\u864e|Sitrus Berry|[eat]\n|-heal|p1a: \u767d\u864e|54/100|[from] item: Sitrus Berry\n|\n|-weather|none\n|-heal|p2a: Archaludon|78/100|[from] item: Leftovers\n|-sideend|p2: LyssanTM|move: Tailwind\n|upkeep\n|turn|6\n|\n|t:|1776354437\n|switch|p2b: Pelipper|Pelipper, L50, M|91/100\n|-weather|RainDance|[from] ability: Drizzle|[of] p2b: Pelipper\n|move|p2a: Archaludon|Protect|p2a: Archaludon\n|-singleturn|p2a: Archaludon|Protect\n|move|p1a: \u767d\u864e|Fake Out|p2b: Pelipper\n|-damage|p2b: Pelipper|81/100\n|move|p1b: \u8004\u800b|Close Combat|p2a: Archaludon\n|-activate|p2a: Archaludon|move: Protect\n|\n|-weather|RainDance|[upkeep]\n|-heal|p2a: Archaludon|84/100|[from] item: Leftovers\n|upkeep\n|turn|7\n|inactive|LyssanTM has 30 seconds left.\n|\n|t:|1776354464\n|switch|p2a: Aerodactyl|Aerodactyl, L50, M|100/100\n|-ability|p2a: Aerodactyl|Unnerve\n|switch|p1a: \u6d17\u8863\u673a|Rotom-Wash, L50, shiny|58/100\n|move|p1b: \u8004\u800b|Protect|p1b: \u8004\u800b\n|-singleturn|p1b: \u8004\u800b|Protect\n|move|p2b: Pelipper|Weather Ball|p1a: \u6d17\u8863\u673a\n|-resisted|p1a: \u6d17\u8863\u673a|1\n|-damage|p1a: \u6d17\u8863\u673a|29/100\n|\n|-weather|RainDance|[upkeep]\n|-heal|p1a: \u6d17\u8863\u673a|35/100|[from] item: Leftovers\n|upkeep\n|turn|8\n|inactive|A1exia. has 30 seconds left.\n|\n|t:|1776354495\n|switch|p2b: Archaludon|Archaludon, L50, M|84/100\n|move|p2a: Aerodactyl|Rock Slide|p1a: \u6d17\u8863\u673a|[spread] p1a,p1b\n|-resisted|p1b: \u8004\u800b|1\n|-damage|p1a: \u6d17\u8863\u673a|9/100\n|-damage|p1b: \u8004\u800b|78/100\n|cant|p1b: \u8004\u800b|flinch\n|move|p1a: \u6d17\u8863\u673a|Volt Switch|p2b: Archaludon\n|-resisted|p2b: Archaludon|1\n|-damage|p2b: Archaludon|57/100\n|\n|t:|1776354505\n|switch|p1a: \u767d\u864e|Incineroar, L50, F, shiny|54/100|[from] Volt Switch\n|-ability|p1a: \u767d\u864e|Intimidate|boost\n|-unboost|p2a: Aerodactyl|atk|1\n|-unboost|p2b: Archaludon|atk|1\n|\n|-weather|RainDance|[upkeep]\n|-heal|p2b: Archaludon|63/100|[from] item: Leftovers\n|upkeep\n|turn|9\n|\n|t:|1776354517\n|move|p2a: Aerodactyl|Protect|p2a: Aerodactyl\n|-singleturn|p2a: Aerodactyl|Protect\n|move|p1b: \u8004\u800b|Protect|p1b: \u8004\u800b\n|-singleturn|p1b: \u8004\u800b|Protect\n|move|p2b: Archaludon|Protect|p2b: Archaludon\n|-singleturn|p2b: Archaludon|Protect\n|move|p1a: \u767d\u864e|Fake Out|p2b: Archaludon\n|-activate|p2b: Archaludon|move: Protect\n|\n|-weather|RainDance|[upkeep]\n|-heal|p2b: Archaludon|69/100|[from] item: Leftovers\n|upkeep\n|turn|10\n|inactive|A1exia. has 30 seconds left.\n|\n|t:|1776354550\n|move|p2a: Aerodactyl|Tailwind|p2a: Aerodactyl\n|-sidestart|p2: LyssanTM|move: Tailwind\n|move|p2b: Archaludon|Electro Shot||[still]\n|-prepare|p2b: Archaludon|Electro Shot\n|-boost|p2b: Archaludon|spa|1\n|-anim|p2b: Archaludon|Electro Shot|p1b: \u8004\u800b\n|-damage|p1b: \u8004\u800b|0 fnt\n|faint|p1b: \u8004\u800b\n|move|p1a: \u767d\u864e|Parting Shot|p2b: Archaludon\n|-unboost|p2b: Archaludon|atk|1\n|-unboost|p2b: Archaludon|spa|1\n|\n|t:|1776354566\n|switch|p1a: \u9524\u5934\u9ca8|Garchomp, L50, M|100/100|[from] Parting Shot\n|\n|-weather|none\n|-heal|p2b: Archaludon|75/100|[from] item: Leftovers\n|upkeep\n|\n|t:|1776354573\n|switch|p1b: \u767d\u864e|Incineroar, L50, F, shiny|54/100\n|-ability|p1b: \u767d\u864e|Intimidate|boost\n|-unboost|p2a: Aerodactyl|atk|1\n|-unboost|p2b: Archaludon|atk|1\n|turn|11\n|\n|t:|1776354585\n|switch|p2a: Pelipper|Pelipper, L50, M|81/100\n|-weather|RainDance|[from] ability: Drizzle|[of] p2a: Pelipper\n|move|p2b: Archaludon|Protect|p2b: Archaludon\n|-singleturn|p2b: Archaludon|Protect\n|move|p1b: \u767d\u864e|Fake Out|p2a: Pelipper\n|-damage|p2a: Pelipper|71/100\n|move|p1a: \u9524\u5934\u9ca8|Rock Slide|p2a: Pelipper|[spread] p2a\n|-activate|p2b: Archaludon|move: Protect\n|-supereffective|p2a: Pelipper|1\n|-damage|p2a: Pelipper|33/100\n|\n|-weather|RainDance|[upkeep]\n|-heal|p2b: Archaludon|81/100|[from] item: Leftovers\n|upkeep\n|turn|12\n|\n|t:|1776354609\n|move|p2a: Pelipper|Wide Guard|p2a: Pelipper\n|-singleturn|p2a: Pelipper|Wide Guard\n|move|p2b: Archaludon|Electro Shot||[still]\n|-prepare|p2b: Archaludon|Electro Shot\n|-boost|p2b: Archaludon|spa|1\n|-anim|p2b: Archaludon|Electro Shot|p1b: \u767d\u864e\n|-damage|p1b: \u767d\u864e|0 fnt\n|faint|p1b: \u767d\u864e\n|move|p1a: \u9524\u5934\u9ca8|Rock Slide|p2b: Archaludon|[spread] \n|-activate|p2a: Pelipper|move: Wide Guard\n|-activate|p2b: Archaludon|move: Wide Guard\n|\n|-weather|RainDance|[upkeep]\n|-heal|p2b: Archaludon|87/100|[from] item: Leftovers\n|upkeep\n|-message|A1exia. forfeited.\n|\n|win|LyssanTM\n|raw|A1exia.'s rating: 1122 &rarr; <strong>1095</strong><br />(-27 for losing)\n|raw|LyssanTM's rating: 1092 &rarr; <strong>1120</strong><br />(+28 for winning)\n|l|\u2606A1exia.\n|player|p1|\n",
  "uploadtime": 1776354823,
  "views": 19,
  "formatid": "gen9championsvgc2026regma",
  "rating": 1095,
  "private": 0,
  "password": null
}