{
  "id": "gen9championsvgc2026regma-2584520960",
  "format": "[Gen 9 Champions] VGC 2026 Reg M-A",
  "players": [
    "WaluigiVGC",
    "LewisCarroll"
  ],
  "log": "|j|\u2606WaluigiVGC\n|j|\u2606LewisCarroll\n|t:|1776266300\n|gametype|doubles\n|player|p1|WaluigiVGC|101|1147\n|player|p2|LewisCarroll|lucas|1192\n|gen|9\n|tier|[Gen 9 Champions] VGC 2026 Reg M-A\n|rated|\n|rule|Species Clause: Limit one of each Pok\u00e9mon\n|rule|Item Clause: Limit 1 of each item\n|clearpoke\n|poke|p1|Charizard, L50, F|\n|poke|p1|Whimsicott, L50, F|\n|poke|p1|Venusaur, L50, M|\n|poke|p1|Garchomp, L50, M|\n|poke|p1|Milotic, L50, F|\n|poke|p1|Sneasler, L50, F|\n|poke|p2|Floette-Eternal, L50, F|\n|poke|p2|Maushold, L50|\n|poke|p2|Garchomp, L50, F|\n|poke|p2|Talonflame, L50, F|\n|poke|p2|Rotom-Wash, L50|\n|poke|p2|Aegislash, L50, M|\n|teampreview|4\n|inactive|Battle timer is ON: inactive players will automatically lose when time's up. (requested by LewisCarroll)\nLewisCarroll has agreed to open team sheets.\n|\n|t:|1776266336\n|teamsize|p1|4\n|teamsize|p2|4\n|start\n|switch|p1a: Tsuruno|Charizard, L50, F|100/100\n|switch|p1b: Kiseki|Whimsicott, L50, F, shiny|100/100\n|switch|p2a: Floette|Floette-Eternal, L50, F|100/100\n|switch|p2b: Talonflame|Talonflame, L50, F|100/100\n|turn|1\n|\n|t:|1776266355\n|detailschange|p1a: Tsuruno|Charizard-Mega-Y, L50, F\n|-mega|p1a: Tsuruno|Charizard|Charizardite Y\n|-weather|SunnyDay|[from] ability: Drought|[of] p1a: Tsuruno\n|detailschange|p2a: Floette|Floette-Mega, L50, F\n|-mega|p2a: Floette|Floette|Floettite\n|-ability|p2a: Floette|Fairy Aura\n|move|p2b: Talonflame|Acrobatics|p1b: Kiseki\n|-supereffective|p1b: Kiseki|1\n|-enditem|p1b: Kiseki|Focus Sash\n|-damage|p1b: Kiseki|1/100\n|move|p1b: Kiseki|Tailwind|p1b: Kiseki\n|-sidestart|p1: WaluigiVGC|move: Tailwind\n|move|p1a: Tsuruno|Heat Wave|p2a: Floette|[spread] p2a,p2b\n|-resisted|p2b: Talonflame|1\n|-damage|p2a: Floette|56/100\n|-damage|p2b: Talonflame|52/100\n|move|p2a: Floette|Dazzling Gleam|p1a: Tsuruno|[spread] p1a,p1b\n|-resisted|p1a: Tsuruno|1\n|-damage|p1a: Tsuruno|73/100\n|-damage|p1b: Kiseki|0 fnt\n|faint|p1b: Kiseki\n|\n|-weather|SunnyDay|[upkeep]\n|upkeep\n|inactive|WaluigiVGC has 30 seconds left.\n|\n|t:|1776266382\n|switch|p1b: Alicia|Sneasler, L50, F|100/100\n|turn|2\n|\n|t:|1776266396\n|move|p2b: Talonflame|Protect|p2b: Talonflame\n|-singleturn|p2b: Talonflame|Protect\n|move|p2a: Floette|Protect|p2a: Floette\n|-singleturn|p2a: Floette|Protect\n|move|p1b: Alicia|Dire Claw|p2a: Floette\n|-activate|p2a: Floette|move: Protect\n|move|p1a: Tsuruno|Heat Wave|p2b: Talonflame|[spread] \n|-activate|p2a: Floette|move: Protect\n|-activate|p2b: Talonflame|move: Protect\n|\n|-weather|SunnyDay|[upkeep]\n|upkeep\n|turn|3\n|\n|t:|1776266416\n|switch|p2a: Aegislash|Aegislash, L50, M|100/100\n|move|p1b: Alicia|Dire Claw|p2a: Aegislash\n|-immune|p2a: Aegislash\n|move|p1a: Tsuruno|Heat Wave|p2b: Talonflame|[spread] p2a,p2b\n|-supereffective|p2a: Aegislash|1\n|-resisted|p2b: Talonflame|1\n|-damage|p2a: Aegislash|3/100\n|-damage|p2b: Talonflame|0 fnt\n|faint|p2b: Talonflame\n|\n|-weather|SunnyDay|[upkeep]\n|upkeep\n|\n|t:|1776266426\n|switch|p2b: Floette|Floette-Mega, L50, F|56/100\n|-ability|p2b: Floette|Fairy Aura\n|turn|4\n|\n|t:|1776266439\n|move|p2b: Floette|Protect|p2b: Floette\n|-singleturn|p2b: Floette|Protect\n|move|p2a: Aegislash|King's Shield|p2a: Aegislash\n|-singleturn|p2a: Aegislash|Protect\n|move|p1b: Alicia|Dire Claw|p2b: Floette\n|-activate|p2b: Floette|move: Protect\n|move|p1a: Tsuruno|Heat Wave|p2b: Floette|[spread] \n|-activate|p2a: Aegislash|move: Protect\n|-activate|p2b: Floette|move: Protect\n|\n|-weather|SunnyDay|[upkeep]\n|-sideend|p1: WaluigiVGC|move: Tailwind\n|upkeep\n|turn|5\n|\n|t:|1776266460\n|-formechange|p2a: Aegislash|Aegislash-Blade|\n|move|p2a: Aegislash|Shadow Sneak|p1a: Tsuruno\n|-damage|p1a: Tsuruno|35/100\n|move|p1b: Alicia|Dire Claw|p2b: Floette\n|-supereffective|p2b: Floette|1\n|-crit|p2b: Floette\n|-damage|p2b: Floette|0 fnt\n|faint|p2b: Floette\n|move|p1a: Tsuruno|Heat Wave|p2a: Aegislash\n|-supereffective|p2a: Aegislash|1\n|-damage|p2a: Aegislash|0 fnt\n|faint|p2a: Aegislash\n|\n|-weather|none\n|upkeep\n|-message|LewisCarroll forfeited.\n|\n|win|WaluigiVGC\n|raw|WaluigiVGC's rating: 1147 &rarr; <strong>1175</strong><br />(+28 for winning)\n|raw|LewisCarroll's rating: 1192 &rarr; <strong>1164</strong><br />(-28 for losing)\n|l|\u2606LewisCarroll\n|player|p2|\n",
  "uploadtime": 1776266482,
  "views": 23,
  "formatid": "gen9championsvgc2026regma",
  "rating": 1164,
  "private": 0,
  "password": null
}