{
  "id": "gen9championsvgc2026regma-2588818611",
  "format": "[Gen 9 Champions] VGC 2026 Reg M-A",
  "players": [
    "Tamejo",
    "crazyshit14"
  ],
  "log": "|j|\u2606Tamejo\n|j|\u2606crazyshit14\n|t:|1776674659\n|gametype|doubles\n|player|p1|Tamejo|caitlin|1413\n|player|p2|crazyshit14|1|1420\n|gen|9\n|tier|[Gen 9 Champions] VGC 2026 Reg M-A\n|rated|\n|rule|Species Clause: Limit one of each Pok\u00e9mon\n|rule|Item Clause: Limit 1 of each item\n|clearpoke\n|poke|p1|Dragapult, L50, M|\n|poke|p1|Sylveon, L50, F|\n|poke|p1|Whimsicott, L50, F|\n|poke|p1|Glimmora, L50, M|\n|poke|p1|Charizard, L50, M|\n|poke|p1|Kingambit, L50, F|\n|poke|p2|Floette-Eternal, L50, F|\n|poke|p2|Sableye, L50, F|\n|poke|p2|Slowbro, L50, F|\n|poke|p2|Incineroar, L50, M|\n|poke|p2|Tsareena, L50, F|\n|poke|p2|Kingambit, L50, F|\n|teampreview|4\n|\n|t:|1776674708\n|teamsize|p1|4\n|teamsize|p2|4\n|start\n|switch|p1a: Whimsicott|Whimsicott, L50, F|100/100\n|switch|p1b: Sylveon|Sylveon, L50, F|100/100\n|switch|p2a: Floette|Floette-Eternal, L50, F|100/100\n|switch|p2b: Sableye|Sableye, L50, F|100/100\n|turn|1\n|\n|t:|1776674731\n|detailschange|p2a: Floette|Floette-Mega, L50, F\n|-mega|p2a: Floette|Floette|Floettite\n|-ability|p2a: Floette|Fairy Aura\n|move|p2b: Sableye|Light Screen|p2b: Sableye\n|-sidestart|p2: crazyshit14|move: Light Screen\n|move|p1a: Whimsicott|Moonblast|p2b: Sableye\n|-supereffective|p2b: Sableye|1\n|-damage|p2b: Sableye|41/100\n|move|p2a: Floette|Dazzling Gleam|p1b: Sylveon|[spread] p1a,p1b\n|-damage|p1a: Whimsicott|41/100\n|-damage|p1b: Sylveon|71/100\n|move|p1b: Sylveon|Hyper Voice|p2b: Sableye|[spread] p2a,p2b\n|-supereffective|p2b: Sableye|1\n|-damage|p2a: Floette|81/100\n|-damage|p2b: Sableye|0 fnt\n|faint|p2b: Sableye\n|\n|-heal|p1b: Sylveon|78/100|[from] item: Leftovers\n|upkeep\n|\n|t:|1776674749\n|switch|p2b: Slowbro|Slowbro, L50, F|100/100\n|turn|2\n|\n|t:|1776674759\n|move|p1a: Whimsicott|Tailwind|p1a: Whimsicott\n|-sidestart|p1: Tamejo|move: Tailwind\n|move|p1b: Sylveon|Calm Mind|p1b: Sylveon\n|-boost|p1b: Sylveon|spa|1\n|-boost|p1b: Sylveon|spd|1\n|move|p2a: Floette|Dazzling Gleam|p1b: Sylveon|[spread] p1a,p1b\n|-damage|p1a: Whimsicott|0 fnt\n|-damage|p1b: Sylveon|56/100\n|faint|p1a: Whimsicott\n|move|p2b: Slowbro|Trick Room|p2b: Slowbro\n|-fieldstart|move: Trick Room|[of] p2b: Slowbro\n|\n|-heal|p1b: Sylveon|62/100|[from] item: Leftovers\n|upkeep\n|\n|t:|1776674764\n|switch|p1a: Kingambit|Kingambit, L50, F|100/100\n|turn|3\n|\n|t:|1776674780\n|move|p2a: Floette|Protect|p2a: Floette\n|-singleturn|p2a: Floette|Protect\n|move|p2b: Slowbro|Flamethrower|p1a: Kingambit\n|-supereffective|p1a: Kingambit|1\n|-damage|p1a: Kingambit|59/100\n|move|p1a: Kingambit|Kowtow Cleave|p2b: Slowbro\n|-supereffective|p2b: Slowbro|1\n|-enditem|p2b: Slowbro|Colbur Berry|[eat]\n|-enditem|p2b: Slowbro|Colbur Berry|[weaken]\n|-damage|p2b: Slowbro|61/100\n|move|p1b: Sylveon|Hyper Voice|p2a: Floette|[spread] p2b\n|-activate|p2a: Floette|move: Protect\n|-damage|p2b: Slowbro|26/100\n|\n|-heal|p1b: Sylveon|68/100|[from] item: Leftovers\n|upkeep\n|turn|4\n|\n|t:|1776674801\n|move|p2b: Slowbro|Helping Hand|p2a: Floette\n|-singleturn|p2a: Floette|Helping Hand|[of] p2b: Slowbro\n|move|p1a: Kingambit|Sucker Punch||[still]\n|-fail|p1a: Kingambit\n|move|p2a: Floette|Dazzling Gleam|p1b: Sylveon|[spread] p1a,p1b\n|-damage|p1a: Kingambit|0 fnt\n|-damage|p1b: Sylveon|39/100\n|faint|p1a: Kingambit\n|move|p1b: Sylveon|Mystical Fire|p2a: Floette\n|-damage|p2a: Floette|65/100\n|-unboost|p2a: Floette|spa|1\n|\n|-heal|p1b: Sylveon|45/100|[from] item: Leftovers\n|upkeep\n|\n|t:|1776674808\n|switch|p1a: Charizard|Charizard, L50, M|100/100\n|turn|5\n|\n|t:|1776674841\n|detailschange|p1a: Charizard|Charizard-Mega-Y, L50, M\n|-mega|p1a: Charizard|Charizard|Charizardite Y\n|-weather|SunnyDay|[from] ability: Drought|[of] p1a: Charizard\n|move|p1b: Sylveon|Protect|p1b: Sylveon\n|-singleturn|p1b: Sylveon|Protect\n|move|p2b: Slowbro|Heal Pulse|p2a: Floette\n|-heal|p2a: Floette|100/100\n|move|p2a: Floette|Calm Mind|p2a: Floette\n|-boost|p2a: Floette|spa|1\n|-boost|p2a: Floette|spd|1\n|move|p1a: Charizard|Heat Wave|p2a: Floette|[spread] p2a,p2b\n|-resisted|p2b: Slowbro|1\n|-damage|p2a: Floette|82/100\n|-damage|p2b: Slowbro|9/100\n|\n|-weather|SunnyDay|[upkeep]\n|-heal|p1b: Sylveon|52/100|[from] item: Leftovers\n|-sideend|p2: crazyshit14|move: Light Screen\n|-sideend|p1: Tamejo|move: Tailwind\n|upkeep\n|turn|6\n|\n|t:|1776674868\n|move|p2b: Slowbro|Helping Hand|p2a: Floette\n|-singleturn|p2a: Floette|Helping Hand|[of] p2b: Slowbro\n|move|p1b: Sylveon|Calm Mind|p1b: Sylveon\n|-boost|p1b: Sylveon|spa|1\n|-boost|p1b: Sylveon|spd|1\n|move|p2a: Floette|Dazzling Gleam|p1b: Sylveon|[spread] p1a,p1b\n|-resisted|p1a: Charizard|1\n|-damage|p1a: Charizard|69/100\n|-damage|p1b: Sylveon|28/100\n|move|p1a: Charizard|Heat Wave|p2a: Floette|[spread] p2a,p2b\n|-resisted|p2b: Slowbro|1\n|-damage|p2a: Floette|54/100\n|-damage|p2b: Slowbro|0 fnt\n|faint|p2b: Slowbro\n|\n|-weather|SunnyDay|[upkeep]\n|-heal|p1b: Sylveon|34/100|[from] item: Leftovers\n|-fieldend|move: Trick Room\n|upkeep\n|\n|t:|1776674885\n|switch|p2b: Incineroar|Incineroar, L50, M|100/100\n|-ability|p2b: Incineroar|Intimidate|boost\n|-unboost|p1a: Charizard|atk|1\n|-unboost|p1b: Sylveon|atk|1\n|turn|7\n|\n|t:|1776674908\n|move|p2b: Incineroar|Fake Out|p1a: Charizard\n|-damage|p1a: Charizard|55/100\n|cant|p1a: Charizard|flinch\n|move|p2a: Floette|Dazzling Gleam|p1a: Charizard|[spread] p1a,p1b\n|-resisted|p1a: Charizard|1\n|-damage|p1a: Charizard|36/100\n|-damage|p1b: Sylveon|19/100\n|move|p1b: Sylveon|Hyper Voice|p2a: Floette|[spread] p2a,p2b\n|-damage|p2a: Floette|12/100\n|-damage|p2b: Incineroar|40/100\n|\n|-weather|SunnyDay|[upkeep]\n|-heal|p1b: Sylveon|25/100|[from] item: Leftovers\n|upkeep\n|turn|8\n|\n|t:|1776674926\n|move|p2a: Floette|Protect|p2a: Floette\n|-singleturn|p2a: Floette|Protect\n|move|p1a: Charizard|Weather Ball|p2a: Floette\n|-activate|p2a: Floette|move: Protect\n|move|p1b: Sylveon|Hyper Voice|p2a: Floette|[spread] p2b\n|-activate|p2a: Floette|move: Protect\n|-damage|p2b: Incineroar|0 fnt\n|faint|p2b: Incineroar\n|\n|-weather|SunnyDay|[upkeep]\n|-heal|p1b: Sylveon|31/100|[from] item: Leftovers\n|upkeep\n|turn|9\n|-message|crazyshit14 forfeited.\n|\n|win|Tamejo\n|raw|Tamejo's rating: 1413 &rarr; <strong>1433</strong><br />(+20 for winning)\n|raw|crazyshit14's rating: 1420 &rarr; <strong>1400</strong><br />(-20 for losing)\n|l|\u2606crazyshit14\n|player|p2|\n",
  "uploadtime": 1776674942,
  "views": 13,
  "formatid": "gen9championsvgc2026regma",
  "rating": 1400,
  "private": 0,
  "password": null
}