{
  "id": "gen9championsvgc2026regma-2581361367",
  "format": "[Gen 9 Champions] VGC 2026 Reg M-A",
  "players": [
    "fbjfjcjfjfjcj",
    "Matchday pizza"
  ],
  "log": "|j|\u2606fbjfjcjfjfjcj\n|j|\u2606Matchday pizza\n|t:|1775991687\n|gametype|doubles\n|player|p1|fbjfjcjfjfjcj|101|1086\n|player|p2|Matchday pizza|169|1040\n|gen|9\n|tier|[Gen 9 Champions] VGC 2026 Reg M-A\n|rated|\n|rule|Species Clause: Limit one of each Pok\u00e9mon\n|rule|Item Clause: Limit 1 of each item\n|clearpoke\n|poke|p1|Glimmora, L50, F|\n|poke|p1|Sinistcha, L50|\n|poke|p1|Incineroar, L50, M|\n|poke|p1|Basculegion, L50, M|\n|poke|p1|Corviknight, L50, M|\n|poke|p1|Garchomp, L50, F|\n|poke|p2|Tyranitar, L50, M|\n|poke|p2|Excadrill, L50, M|\n|poke|p2|Manectric, L50, F|\n|poke|p2|Meganium, L50, M|\n|poke|p2|Reuniclus, L50, M|\n|poke|p2|Kingambit, L50, F|\n|teampreview|4\n|\n|t:|1775991758\n|teamsize|p1|4\n|teamsize|p2|4\n|start\n|switch|p1a: Sinistcha|Sinistcha, L50|100/100\n|switch|p1b: Corviknight|Corviknight, L50, M|100/100\n|switch|p2a: Manectric|Manectric, L50, F|100/100\n|switch|p2b: Excadrill|Excadrill, L50, M|100/100\n|turn|1\n|\n|t:|1775991787\n|switch|p1b: Garchomp|Garchomp, L50, F|100/100\n|detailschange|p2a: Manectric|Manectric-Mega, L50, F\n|-mega|p2a: Manectric|Manectric|Manectite\n|-ability|p2a: Manectric|Intimidate|boost\n|-unboost|p1a: Sinistcha|atk|1\n|-unboost|p1b: Garchomp|atk|1\n|move|p2b: Excadrill|Protect|p2b: Excadrill\n|-singleturn|p2b: Excadrill|Protect\n|move|p2a: Manectric|Thunderbolt|p1b: Garchomp\n|-immune|p1b: Garchomp\n|move|p1a: Sinistcha|Matcha Gotcha|p2a: Manectric|[spread] p2a\n|-activate|p2b: Excadrill|move: Protect\n|-damage|p2a: Manectric|67/100\n|\n|upkeep\n|turn|2\n|\n|t:|1775991815\n|switch|p2b: Reuniclus|Reuniclus, L50, M|100/100\n|move|p2a: Manectric|Volt Switch|p1a: Sinistcha\n|-resisted|p1a: Sinistcha|1\n|-damage|p1a: Sinistcha|84/100\n|\n|t:|1775991822\n|switch|p2a: Tyranitar|Tyranitar, L50, M|100/100|[from] Volt Switch\n|-weather|Sandstorm|[from] ability: Sand Stream|[of] p2a: Tyranitar\n|move|p1b: Garchomp|Earthquake|p2a: Tyranitar|[spread] p1a,p2a,p2b\n|-resisted|p1a: Sinistcha|1\n|-supereffective|p2a: Tyranitar|1\n|-enditem|p2a: Tyranitar|Shuca Berry|[eat]\n|-enditem|p2a: Tyranitar|Shuca Berry|[weaken]\n|-damage|p1a: Sinistcha|71/100\n|-damage|p2a: Tyranitar|79/100\n|-damage|p2b: Reuniclus|71/100\n|move|p1a: Sinistcha|Matcha Gotcha|p2a: Tyranitar|[spread] p2a\n|-miss|p1a: Sinistcha|p2b: Reuniclus\n|-supereffective|p2a: Tyranitar|1\n|-damage|p2a: Tyranitar|50/100\n|-heal|p1a: Sinistcha|88/100|[from] drain|[of] p2a: Tyranitar\n|-status|p2a: Tyranitar|brn\n|\n|-weather|Sandstorm|[upkeep]\n|-damage|p1a: Sinistcha|81/100|[from] Sandstorm\n|-heal|p2b: Reuniclus|77/100|[from] item: Leftovers\n|-damage|p2a: Tyranitar|44/100 brn|[from] brn\n|upkeep\n|turn|3\n|\n|t:|1775991858\n|switch|p1a: Corviknight|Corviknight, L50, M|100/100\n|detailschange|p1b: Garchomp|Garchomp-Mega, L50, F\n|-mega|p1b: Garchomp|Garchomp|Garchompite\n|move|p1b: Garchomp|Earthquake|p2b: Reuniclus|[spread] p2a,p2b\n|-immune|p1a: Corviknight\n|-supereffective|p2a: Tyranitar|1\n|-damage|p2a: Tyranitar|0 fnt\n|-damage|p2b: Reuniclus|31/100\n|faint|p2a: Tyranitar\n|move|p2b: Reuniclus|Trick||[still]\n|-fail|p2b: Reuniclus\n|\n|-weather|Sandstorm|[upkeep]\n|-heal|p2b: Reuniclus|37/100|[from] item: Leftovers\n|upkeep\n|\n|t:|1775991874\n|switch|p2a: Excadrill|Excadrill, L50, M|100/100\n|turn|4\n|\n|t:|1775991887\n|move|p2a: Excadrill|High Horsepower|p1b: Garchomp\n|-damage|p1b: Garchomp|55/100\n|move|p1b: Garchomp|Earthquake|p2a: Excadrill|[spread] p2a,p2b\n|-immune|p1a: Corviknight\n|-supereffective|p2a: Excadrill|1\n|-enditem|p2a: Excadrill|Focus Sash\n|-damage|p2a: Excadrill|1/100\n|-damage|p2b: Reuniclus|0 fnt\n|faint|p2b: Reuniclus\n|move|p1a: Corviknight|Body Press|p2a: Excadrill\n|-supereffective|p2a: Excadrill|1\n|-damage|p2a: Excadrill|0 fnt\n|faint|p2a: Excadrill\n|\n|-weather|Sandstorm|[upkeep]\n|upkeep\n|inactive|Battle timer is ON: inactive players will automatically lose when time's up. (requested by Matchday pizza)\n|\n|t:|1775991891\n|switch|p2a: Manectric|Manectric-Mega, L50, F|67/100\n|-ability|p2a: Manectric|Intimidate|boost\n|-ability|p1a: Corviknight|Mirror Armor\n|-unboost|p2a: Manectric|atk|1\n|-unboost|p1b: Garchomp|atk|1\n|turn|5\n|\n|t:|1775991899\n|switch|p1a: Sinistcha|Sinistcha, L50|81/100\n|-heal|p1b: Garchomp|79/100|[from] ability: Hospitality|[of] p1a: Sinistcha\n|move|p2a: Manectric|Thunderbolt|p1a: Sinistcha\n|-resisted|p1a: Sinistcha|1\n|-damage|p1a: Sinistcha|61/100\n|move|p1b: Garchomp|Stomping Tantrum|p2a: Manectric\n|-supereffective|p2a: Manectric|1\n|-damage|p2a: Manectric|0 fnt\n|faint|p2a: Manectric\n|\n|win|fbjfjcjfjfjcj\n|raw|fbjfjcjfjfjcj's rating: 1086 &rarr; <strong>1110</strong><br />(+24 for winning)\n|raw|Matchday pizza's rating: 1040 &rarr; <strong>1026</strong><br />(-14 for losing)\n|l|\u2606Matchday pizza\n|player|p2|\n",
  "uploadtime": 1775992013,
  "views": 23,
  "formatid": "gen9championsvgc2026regma",
  "rating": 1026,
  "private": 0,
  "password": null
}