{
  "id": "gen9championsvgc2026regma-2583435287",
  "format": "[Gen 9 Champions] VGC 2026 Reg M-A",
  "players": [
    "atrocite",
    "gio279"
  ],
  "log": "|j|\u2606atrocite\n|j|\u2606gio279\n|t:|1776175469\n|gametype|doubles\n|player|p1|atrocite|maid|1057\n|player|p2|gio279|266|1129\n|gen|9\n|tier|[Gen 9 Champions] VGC 2026 Reg M-A\n|rated|\n|rule|Species Clause: Limit one of each Pok\u00e9mon\n|rule|Item Clause: Limit 1 of each item\n|clearpoke\n|poke|p1|Drampa, L50, M|\n|poke|p1|Alakazam, L50, F|\n|poke|p1|Sinistcha, L50|\n|poke|p1|Pelipper, L50, F|\n|poke|p1|Araquanid, L50, F|\n|poke|p1|Crabominable, L50, M|\n|poke|p2|Arcanine, L50, F|\n|poke|p2|Dragapult, L50, F|\n|poke|p2|Corviknight, L50, M|\n|poke|p2|Kangaskhan, L50, F|\n|poke|p2|Rotom-Mow, L50|\n|poke|p2|Araquanid, L50, M|\n|teampreview|4\n|inactive|Battle timer is ON: inactive players will automatically lose when time's up. (requested by atrocite)\natrocite has agreed to open team sheets.\n|\n|t:|1776175493\n|teamsize|p1|4\n|teamsize|p2|4\n|start\n|switch|p1a: Drampa|Drampa, L50, M|100/100\n|switch|p1b: Alakazam|Alakazam, L50, F|100/100\n|switch|p2a: Dragapult|Dragapult, L50, F|100/100\n|switch|p2b: Corviknight|Corviknight, L50, M|100/100\n|turn|1\n|inactive|atrocite has 30 seconds left.\n|\n|t:|1776175519\n|move|p2a: Dragapult|Protect|p2a: Dragapult\n|-singleturn|p2a: Dragapult|Protect\n|move|p1a: Drampa|Protect|p1a: Drampa\n|-singleturn|p1a: Drampa|Protect\n|move|p1b: Alakazam|Psychic|p2a: Dragapult\n|-activate|p2a: Dragapult|move: Protect\n|move|p2b: Corviknight|Taunt|p1b: Alakazam\n|-start|p1b: Alakazam|move: Taunt\n|-enditem|p1b: Alakazam|Mental Herb\n|-end|p1b: Alakazam|move: Taunt\n|\n|upkeep\n|turn|2\n|\n|t:|1776175542\n|switch|p1a: Pelipper|Pelipper, L50, F|100/100\n|-weather|RainDance|[from] ability: Drizzle|[of] p1a: Pelipper\n|move|p2a: Dragapult|Draco Meteor|p1a: Pelipper\n|-enditem|p1a: Pelipper|Focus Sash\n|-damage|p1a: Pelipper|1/100\n|-unboost|p2a: Dragapult|spa|2\n|move|p1b: Alakazam|Light Screen|p1b: Alakazam\n|-sidestart|p1: atrocite|move: Light Screen\n|move|p2b: Corviknight|Taunt|p1b: Alakazam\n|-start|p1b: Alakazam|move: Taunt\n|\n|-weather|RainDance|[upkeep]\n|upkeep\n|turn|3\n|inactive|gio279 has 30 seconds left.\n|inactive|gio279 has 20 seconds left.\n|inactive|atrocite has 30 seconds left.\n|\n|t:|1776175586\n|switch|p1b: Drampa|Drampa, L50, M|100/100\n|move|p2a: Dragapult|Shadow Ball|p1a: Pelipper\n|-damage|p1a: Pelipper|0 fnt\n|faint|p1a: Pelipper\n|move|p2b: Corviknight|Tailwind|p2b: Corviknight\n|-sidestart|p2: gio279|move: Tailwind\n|\n|-weather|RainDance|[upkeep]\n|upkeep\n|\n|t:|1776175593\n|switch|p1a: Alakazam|Alakazam, L50, F|100/100\n|turn|4\n|\n|t:|1776175616\n|switch|p2a: Rotom|Rotom-Mow, L50|100/100\n|detailschange|p1b: Drampa|Drampa-Mega, L50, M\n|-mega|p1b: Drampa|Drampa|Drampanite\n|move|p1a: Alakazam|Speed Swap|p1b: Drampa\n|-activate|p1a: Alakazam|move: Speed Swap|[of] p1b: Drampa\n|move|p1b: Drampa|Calm Mind|p1b: Drampa\n|-boost|p1b: Drampa|spa|1\n|-boost|p1b: Drampa|spd|1\n|move|p2b: Corviknight|Taunt|p1a: Alakazam\n|-start|p1a: Alakazam|move: Taunt\n|\n|-weather|RainDance|[upkeep]\n|upkeep\n|turn|5\n|inactive|atrocite has 30 seconds left.\n|\n|t:|1776175641\n|switch|p1a: Sinistcha|Sinistcha, L50|100/100\n|move|p2a: Rotom|Electroweb|p1b: Drampa|[spread] p1a,p1b\n|-resisted|p1a: Sinistcha|1\n|-resisted|p1b: Drampa|1\n|-damage|p1a: Sinistcha|94/100\n|-damage|p1b: Drampa|97/100\n|-unboost|p1a: Sinistcha|spe|1\n|-unboost|p1b: Drampa|spe|1\n|move|p2b: Corviknight|Brave Bird|p1b: Drampa\n|-damage|p1b: Drampa|61/100\n|-damage|p2b: Corviknight|90/100|[from] Recoil\n|move|p1b: Drampa|Hyper Voice|p2b: Corviknight|[spread] p2a,p2b\n|-resisted|p2b: Corviknight|1\n|-damage|p2a: Rotom|16/100\n|-damage|p2b: Corviknight|58/100\n|\n|-weather|RainDance|[upkeep]\n|upkeep\n|turn|6\n|inactive|gio279 has 30 seconds left.\n|inactive|atrocite has 30 seconds left.\n|\n|t:|1776175677\n|switch|p1a: Alakazam|Alakazam, L50, F|100/100\n|move|p2a: Rotom|Electroweb|p1b: Drampa|[spread] p1a,p1b\n|-resisted|p1b: Drampa|1\n|-damage|p1a: Alakazam|83/100\n|-damage|p1b: Drampa|57/100\n|-unboost|p1a: Alakazam|spe|1\n|-unboost|p1b: Drampa|spe|1\n|move|p2b: Corviknight|Brave Bird|p1a: Alakazam\n|-damage|p1a: Alakazam|0 fnt\n|faint|p1a: Alakazam\n|-damage|p2b: Corviknight|36/100|[from] Recoil\n|-enditem|p2b: Corviknight|Sitrus Berry|[eat]\n|-heal|p2b: Corviknight|61/100|[from] item: Sitrus Berry\n|move|p1b: Drampa|Hyper Voice|p2a: Rotom|[spread] p2a,p2b\n|-resisted|p2b: Corviknight|1\n|-damage|p2a: Rotom|0 fnt\n|-damage|p2b: Corviknight|28/100\n|faint|p2a: Rotom\n|\n|-weather|none\n|-sideend|p1: atrocite|move: Light Screen\n|-sideend|p2: gio279|move: Tailwind\n|upkeep\n|\n|t:|1776175699\n|switch|p1a: Sinistcha|Sinistcha, L50|94/100\n|switch|p2a: Araquanid|Araquanid, L50, M|100/100\n|-heal|p1b: Drampa|82/100|[from] ability: Hospitality|[of] p1a: Sinistcha\n|turn|7\n|\n|t:|1776175712\n|move|p1b: Drampa|Calm Mind|p1b: Drampa\n|-boost|p1b: Drampa|spa|1\n|-boost|p1b: Drampa|spd|1\n|move|p1a: Sinistcha|Shadow Ball|p2b: Corviknight\n|-damage|p2b: Corviknight|0 fnt\n|faint|p2b: Corviknight\n|move|p2a: Araquanid|Leech Life|p1a: Sinistcha\n|-damage|p1a: Sinistcha|71/100\n|\n|upkeep\n|\n|t:|1776175723\n|switch|p2b: Dragapult|Dragapult, L50, F|100/100\n|turn|8\n|\n|t:|1776175733\n|move|p1b: Drampa|Protect|p1b: Drampa\n|-singleturn|p1b: Drampa|Protect\n|move|p2b: Dragapult|Draco Meteor|p1b: Drampa\n|-activate|p1b: Drampa|move: Protect\n|move|p1a: Sinistcha|Shadow Ball|p2b: Dragapult\n|-supereffective|p2b: Dragapult|1\n|-damage|p2b: Dragapult|17/100\n|move|p2a: Araquanid|Liquidation|p1b: Drampa\n|-activate|p1b: Drampa|move: Protect\n|\n|upkeep\n|turn|9\n|\n|t:|1776175755\n|move|p1b: Drampa|Protect|p1b: Drampa\n|-singleturn|p1b: Drampa|Protect\n|move|p2b: Dragapult|Draco Meteor|p1b: Drampa\n|-activate|p1b: Drampa|move: Protect\n|move|p1a: Sinistcha|Shadow Ball|p2b: Dragapult\n|-supereffective|p2b: Dragapult|1\n|-damage|p2b: Dragapult|0 fnt\n|faint|p2b: Dragapult\n|move|p2a: Araquanid|Liquidation|p1b: Drampa\n|-activate|p1b: Drampa|move: Protect\n|\n|upkeep\n|turn|10\n|c|\u2606gio279|I hope you die\n|inactive|gio279 has 30 seconds left.\n|inactive|gio279 has 20 seconds left.\n|inactive|gio279 has 15 seconds left.\n|inactive|gio279 has 10 seconds left.\n|c|\u2606atrocite|gg\n|inactive|gio279 has 5 seconds left.\n|l|\u2606gio279\n|inactive|gio279 disconnected and has a minute to reconnect!\n|player|p2|\n|-message|gio279 lost due to inactivity.\n|\n|win|atrocite\n",
  "uploadtime": 1776175779,
  "views": 15,
  "formatid": "gen9championsvgc2026regma",
  "rating": null,
  "private": 0,
  "password": null
}