{
  "id": "gen9championsvgc2026regma-2585957900",
  "format": "[Gen 9 Champions] VGC 2026 Reg M-A",
  "players": [
    "Jamyrok",
    "superboy245"
  ],
  "log": "|j|\u2606Jamyrok\n|j|\u2606superboy245\n|t:|1776385059\n|gametype|doubles\n|player|p1|Jamyrok|1|1311\n|player|p2|superboy245|buck|1351\n|gen|9\n|tier|[Gen 9 Champions] VGC 2026 Reg M-A\n|rated|\n|rule|Species Clause: Limit one of each Pok\u00e9mon\n|rule|Item Clause: Limit 1 of each item\n|clearpoke\n|poke|p1|Milotic, L50, F|\n|poke|p1|Incineroar, L50, M|\n|poke|p1|Venusaur, L50, M|\n|poke|p1|Sylveon, L50, F|\n|poke|p1|Tyranitar, L50, M|\n|poke|p1|Excadrill, L50, M|\n|poke|p2|Glimmora, L50, F|\n|poke|p2|Chesnaught, L50, M|\n|poke|p2|Alakazam, L50, M|\n|poke|p2|Noivern, L50, M|\n|poke|p2|Cofagrigus, L50, M|\n|poke|p2|Heliolisk, L50, M|\n|teampreview|4\nsuperboy245 rejected open team sheets.\n|\n|t:|1776385100\n|teamsize|p1|4\n|teamsize|p2|4\n|start\n|switch|p1a: Sylveon|Sylveon, L50, F|100/100\n|switch|p1b: Incineroar|Incineroar, L50, M|100/100\n|switch|p2a: Chesnaught|Chesnaught, L50, M|100/100\n|switch|p2b: Cofagrigus|Cofagrigus, L50, M|100/100\n|-ability|p1b: Incineroar|Intimidate|boost\n|-unboost|p2a: Chesnaught|atk|1\n|-unboost|p2b: Cofagrigus|atk|1\n|turn|1\n|\n|t:|1776385121\n|move|p2a: Chesnaught|Spiky Shield|p2a: Chesnaught\n|-singleturn|p2a: Chesnaught|move: Protect\n|move|p1b: Incineroar|Will-O-Wisp|p2a: Chesnaught\n|-activate|p2a: Chesnaught|move: Protect\n|move|p1a: Sylveon|Calm Mind|p1a: Sylveon\n|-boost|p1a: Sylveon|spa|1\n|-boost|p1a: Sylveon|spd|1\n|move|p2b: Cofagrigus|Trick Room|p2b: Cofagrigus\n|-fieldstart|move: Trick Room|[of] p2b: Cofagrigus\n|\n|upkeep\n|turn|2\n|\n|t:|1776385144\n|detailschange|p2a: Chesnaught|Chesnaught-Mega, L50, M\n|-mega|p2a: Chesnaught|Chesnaught|Chesnaughtite\n|move|p2b: Cofagrigus|Skill Swap|p1a: Sylveon\n|-activate|p2b: Cofagrigus|Skill Swap|Pixilate|Mummy|[of] p1a: Sylveon\n|move|p2a: Chesnaught|Body Press|p1b: Incineroar\n|-supereffective|p1b: Incineroar|1\n|-damage|p1b: Incineroar|11/100\n|-enditem|p1b: Incineroar|Sitrus Berry|[eat]\n|-heal|p1b: Incineroar|36/100|[from] item: Sitrus Berry\n|move|p1a: Sylveon|Hyper Voice|p2b: Cofagrigus|[spread] p2a\n|-immune|p2b: Cofagrigus\n|-damage|p2a: Chesnaught|71/100\n|move|p1b: Incineroar|Will-O-Wisp|p2a: Chesnaught\n|-status|p2a: Chesnaught|brn\n|\n|-damage|p2a: Chesnaught|65/100 brn|[from] brn\n|upkeep\n|turn|3\n|\n|t:|1776385178\n|move|p2b: Cofagrigus|Night Shade|p1a: Sylveon\n|-damage|p1a: Sylveon|76/100\n|move|p2a: Chesnaught|Body Press|p1b: Incineroar\n|-supereffective|p1b: Incineroar|1\n|-damage|p1b: Incineroar|0 fnt\n|faint|p1b: Incineroar\n|move|p1a: Sylveon|Calm Mind|p1a: Sylveon\n|-boost|p1a: Sylveon|spa|1\n|-boost|p1a: Sylveon|spd|1\n|\n|-damage|p2a: Chesnaught|59/100 brn|[from] brn\n|upkeep\n|\n|t:|1776385190\n|switch|p1b: Venusaur|Venusaur, L50, M|100/100\n|turn|4\n|\n|t:|1776385218\n|detailschange|p1b: Venusaur|Venusaur-Mega, L50, M\n|-mega|p1b: Venusaur|Venusaur|Venusaurite\n|move|p2b: Cofagrigus|Night Shade|p1a: Sylveon\n|-damage|p1a: Sylveon|51/100\n|move|p2a: Chesnaught|Wood Hammer|p1a: Sylveon\n|-damage|p1a: Sylveon|27/100\n|-activate|p1a: Sylveon|ability: Mummy|p2a: Chesnaught|[ability] Bulletproof\n|-damage|p2a: Chesnaught|50/100 brn|[from] Recoil\n|move|p1a: Sylveon|Calm Mind|p1a: Sylveon\n|-boost|p1a: Sylveon|spa|1\n|-boost|p1a: Sylveon|spd|1\n|move|p1b: Venusaur|Giga Drain|p2b: Cofagrigus\n|-damage|p2b: Cofagrigus|74/100\n|\n|-heal|p2b: Cofagrigus|80/100|[from] item: Leftovers\n|-damage|p2a: Chesnaught|44/100 brn|[from] brn\n|upkeep\n|turn|5\n|\n|t:|1776385251\n|move|p1a: Sylveon|Protect|p1a: Sylveon\n|-singleturn|p1a: Sylveon|Protect\n|move|p2b: Cofagrigus|Will-O-Wisp|p1b: Venusaur\n|-status|p1b: Venusaur|brn\n|move|p2a: Chesnaught|Body Press|p1b: Venusaur\n|-resisted|p1b: Venusaur|1\n|-damage|p1b: Venusaur|91/100 brn\n|move|p1b: Venusaur|Leech Seed|p2b: Cofagrigus\n|-start|p2b: Cofagrigus|move: Leech Seed\n|\n|-heal|p2b: Cofagrigus|87/100|[from] item: Leftovers\n|-damage|p2b: Cofagrigus|74/100|[from] Leech Seed|[of] p1b: Venusaur\n|-heal|p1b: Venusaur|100/100 brn|[silent]\n|-damage|p2a: Chesnaught|38/100 brn|[from] brn\n|-damage|p1b: Venusaur|95/100 brn|[from] brn\n|-fieldend|move: Trick Room\n|upkeep\n|turn|6\n|\n|t:|1776385272\n|switch|p2b: Glimmora|Glimmora, L50, F|100/100\n|move|p2a: Chesnaught|Spiky Shield|p2a: Chesnaught\n|-singleturn|p2a: Chesnaught|move: Protect\n|move|p1b: Venusaur|Giga Drain|p2b: Glimmora\n|-damage|p2b: Glimmora|60/100\n|-heal|p1b: Venusaur|100/100 brn|[from] drain|[of] p2b: Glimmora\n|move|p1a: Sylveon|Hyper Voice|p2a: Chesnaught|[spread] p2b\n|-activate|p2a: Chesnaught|move: Protect\n|-resisted|p2b: Glimmora|1\n|-crit|p2b: Glimmora\n|-damage|p2b: Glimmora|7/100\n|\n|-damage|p1b: Venusaur|95/100 brn|[from] brn\n|-damage|p2a: Chesnaught|32/100 brn|[from] brn\n|upkeep\n|turn|7\n|\n|t:|1776385295\n|switch|p2a: Noivern|Noivern, L50, M|100/100\n|move|p1a: Sylveon|Quick Attack|p2b: Glimmora\n|-resisted|p2b: Glimmora|1\n|-crit|p2b: Glimmora\n|-damage|p2b: Glimmora|2/100\n|-activate|p2b: Glimmora|ability: Toxic Debris\n|-sidestart|p1: Jamyrok|move: Toxic Spikes\n|move|p2b: Glimmora|Sludge Wave|p1a: Sylveon|[spread] p1a,p1b\n|-activate|p2a: Noivern|ability: Telepathy\n|-supereffective|p1a: Sylveon|1\n|-damage|p1a: Sylveon|6/100\n|-damage|p1b: Venusaur|71/100 brn\n|move|p1b: Venusaur|Sludge Bomb|p2a: Noivern\n|-damage|p2a: Noivern|52/100\n|\n|-damage|p1b: Venusaur|65/100 brn|[from] brn\n|upkeep\n|turn|8\n|\n|t:|1776385322\n|move|p2b: Glimmora|Spiky Shield|p2b: Glimmora\n|-singleturn|p2b: Glimmora|move: Protect\n|move|p1a: Sylveon|Quick Attack|p2b: Glimmora\n|-activate|p2b: Glimmora|move: Protect\n|-damage|p1a: Sylveon|0 fnt|[from] Spiky Shield|[of] p2b: Glimmora\n|faint|p1a: Sylveon\n|move|p2a: Noivern|Air Slash|p1b: Venusaur\n|-supereffective|p1b: Venusaur|1\n|-damage|p1b: Venusaur|22/100 brn\n|move|p1b: Venusaur|Leech Seed|p2a: Noivern\n|-start|p2a: Noivern|move: Leech Seed\n|\n|-damage|p2a: Noivern|39/100|[from] Leech Seed|[of] p1b: Venusaur\n|-heal|p1b: Venusaur|33/100 brn|[silent]\n|-damage|p1b: Venusaur|27/100 brn|[from] brn\n|upkeep\n|c|\u2606superboy245|Stop criting me! :(\n|\n|t:|1776385334\n|switch|p1a: Milotic|Milotic, L50, F|100/100\n|-status|p1a: Milotic|psn\n|turn|9\n|\n|t:|1776385368\n|move|p1b: Venusaur|Protect|p1b: Venusaur\n|-singleturn|p1b: Venusaur|Protect\n|move|p2a: Noivern|Air Slash|p1b: Venusaur\n|-activate|p1b: Venusaur|move: Protect\n|move|p2b: Glimmora|Power Gem|p1a: Milotic\n|-damage|p1a: Milotic|71/100 psn\n|move|p1a: Milotic|Icy Wind|p2b: Glimmora|[spread] p2a,p2b\n|-supereffective|p2a: Noivern|2\n|-damage|p2a: Noivern|0 fnt\n|-damage|p2b: Glimmora|0 fnt\n|faint|p2a: Noivern\n|faint|p2b: Glimmora\n|\n|-heal|p1a: Milotic|77/100 psn|[from] item: Leftovers\n|-damage|p1a: Milotic|64/100 psn|[from] psn\n|-damage|p1b: Venusaur|21/100 brn|[from] brn\n|upkeep\n|\n|t:|1776385375\n|switch|p2a: Cofagrigus|Cofagrigus, L50, M|74/100\n|switch|p2b: Chesnaught|Chesnaught-Mega, L50, M|32/100 brn\n|turn|10\n|\n|t:|1776385398\n|move|p2b: Chesnaught|Spiky Shield|p2b: Chesnaught\n|-singleturn|p2b: Chesnaught|move: Protect\n|move|p1a: Milotic|Scald|p2b: Chesnaught\n|-activate|p2b: Chesnaught|move: Protect\n|move|p1b: Venusaur|Giga Drain|p2b: Chesnaught\n|-activate|p2b: Chesnaught|move: Protect\n|move|p2a: Cofagrigus|Night Shade|p1b: Venusaur\n|-damage|p1b: Venusaur|0 fnt\n|faint|p1b: Venusaur\n|\n|-heal|p1a: Milotic|70/100 psn|[from] item: Leftovers\n|-heal|p2a: Cofagrigus|80/100|[from] item: Leftovers\n|-damage|p1a: Milotic|58/100 psn|[from] psn\n|-damage|p2b: Chesnaught|25/100 brn|[from] brn\n|upkeep\n|turn|11\n|-message|Jamyrok forfeited.\n|\n|win|superboy245\n|raw|Jamyrok's rating: 1311 &rarr; <strong>1293</strong><br />(-18 for losing)\n|raw|superboy245's rating: 1351 &rarr; <strong>1369</strong><br />(+18 for winning)\n|l|\u2606Jamyrok\n|player|p1|\n",
  "uploadtime": 1776385421,
  "views": 24,
  "formatid": "gen9championsvgc2026regma",
  "rating": 1293,
  "private": 0,
  "password": null
}