{
  "id": "gen9championsvgc2026regma-2585056841",
  "format": "[Gen 9 Champions] VGC 2026 Reg M-A",
  "players": [
    "2xNoodle",
    "trisew"
  ],
  "log": "|j|\u26062xNoodle\n|j|\u2606trisew\n|t:|1776307398\n|gametype|doubles\n|player|p1|2xNoodle|infielder|1189\n|player|p2|trisew|170|1186\n|gen|9\n|tier|[Gen 9 Champions] VGC 2026 Reg M-A\n|rated|\n|rule|Species Clause: Limit one of each Pok\u00e9mon\n|rule|Item Clause: Limit 1 of each item\n|clearpoke\n|poke|p1|Charizard, L50, M|\n|poke|p1|Whimsicott, L50, M|\n|poke|p1|Garchomp, L50, M|\n|poke|p1|Sneasler, L50, M|\n|poke|p1|Maushold, L50|\n|poke|p1|Incineroar, L50, F|\n|poke|p2|Charizard, L50, M|\n|poke|p2|Kingambit, L50, F|\n|poke|p2|Floette-Eternal, L50, F|\n|poke|p2|Aerodactyl, L50, M|\n|poke|p2|Garchomp, L50, F|\n|poke|p2|Rotom-Wash, L50|\n|teampreview|4\n|inactive|Battle timer is ON: inactive players will automatically lose when time's up. (requested by trisew)\n2xNoodle rejected open team sheets.\n|c|\u26062xNoodle|glhf\n|inactive|trisew has 60 seconds left.\n|\n|t:|1776307449\n|teamsize|p1|4\n|teamsize|p2|4\n|start\n|switch|p1a: Charizard|Charizard, L50, M|100/100\n|switch|p1b: Incineroar|Incineroar, L50, F|100/100\n|switch|p2a: Aerodactyl|Aerodactyl, L50, M|100/100\n|switch|p2b: Kingambit|Kingambit, L50, F|100/100\n|-ability|p2a: Aerodactyl|Unnerve\n|-ability|p1b: Incineroar|Intimidate|boost\n|-unboost|p2a: Aerodactyl|atk|1\n|-unboost|p2b: Kingambit|atk|1\n|-ability|p2b: Kingambit|Defiant|boost\n|-boost|p2b: Kingambit|atk|2\n|turn|1\n|inactive|2xNoodle has 30 seconds left.\n|inactive|2xNoodle has 20 seconds left.\n|inactive|2xNoodle has 15 seconds left.\n|inactive|2xNoodle has 10 seconds left.\n|\n|t:|1776307498\n|detailschange|p1a: Charizard|Charizard-Mega-Y, L50, M\n|-mega|p1a: Charizard|Charizard|Charizardite Y\n|-weather|SunnyDay|[from] ability: Drought|[of] p1a: Charizard\n|move|p2a: Aerodactyl|Protect|p2a: Aerodactyl\n|-singleturn|p2a: Aerodactyl|Protect\n|move|p2b: Kingambit|Protect|p2b: Kingambit\n|-singleturn|p2b: Kingambit|Protect\n|move|p1b: Incineroar|Fake Out|p2a: Aerodactyl\n|-activate|p2a: Aerodactyl|move: Protect\n|move|p1a: Charizard|Heat Wave|p2a: Aerodactyl|[spread] \n|-activate|p2a: Aerodactyl|move: Protect\n|-activate|p2b: Kingambit|move: Protect\n|\n|-weather|SunnyDay|[upkeep]\n|upkeep\n|turn|2\n|inactive|trisew has 30 seconds left.\n|\n|t:|1776307525\n|move|p2b: Kingambit|Sucker Punch|p1a: Charizard\n|-damage|p1a: Charizard|29/100\n|move|p2a: Aerodactyl|Rock Slide|p1b: Incineroar|[spread] p1a,p1b\n|-supereffective|p1a: Charizard|2\n|-supereffective|p1b: Incineroar|1\n|-damage|p1a: Charizard|0 fnt\n|-damage|p1b: Incineroar|74/100\n|faint|p1a: Charizard\n|cant|p1b: Incineroar|flinch\n|\n|-weather|SunnyDay|[upkeep]\n|upkeep\n|\n|t:|1776307536\n|switch|p1a: Whimsicott|Whimsicott, L50, M|100/100\n|turn|3\n|\n|t:|1776307556\n|move|p1a: Whimsicott|Tailwind|p1a: Whimsicott\n|-sidestart|p1: 2xNoodle|move: Tailwind\n|move|p2a: Aerodactyl|Rock Slide|p1b: Incineroar|[spread] p1a,p1b\n|-supereffective|p1b: Incineroar|1\n|-damage|p1a: Whimsicott|76/100\n|-damage|p1b: Incineroar|44/100\n|cant|p1b: Incineroar|flinch\n|move|p2b: Kingambit|Iron Head|p1a: Whimsicott\n|-supereffective|p1a: Whimsicott|1\n|-damage|p1a: Whimsicott|0 fnt\n|faint|p1a: Whimsicott\n|\n|-weather|SunnyDay|[upkeep]\n|upkeep\n|\n|t:|1776307565\n|switch|p1a: Sneasler|Sneasler, L50, M|100/100\n|turn|4\n|inactive|trisew has 30 seconds left.\n|\n|t:|1776307591\n|move|p2b: Kingambit|Protect|p2b: Kingambit\n|-singleturn|p2b: Kingambit|Protect\n|move|p1a: Sneasler|Rock Tomb|p2a: Aerodactyl\n|-supereffective|p2a: Aerodactyl|1\n|-damage|p2a: Aerodactyl|26/100\n|-unboost|p2a: Aerodactyl|spe|1\n|move|p1b: Incineroar|Flare Blitz|p2b: Kingambit\n|-activate|p2b: Kingambit|move: Protect\n|move|p2a: Aerodactyl|Tailwind|p2a: Aerodactyl\n|-sidestart|p2: trisew|move: Tailwind\n|\n|-weather|SunnyDay|[upkeep]\n|upkeep\n|turn|5\n|inactive|trisew has 30 seconds left.\n|inactive|trisew has 20 seconds left.\n|\n|t:|1776307627\n|move|p1a: Sneasler|Rock Tomb|p2a: Aerodactyl\n|-supereffective|p2a: Aerodactyl|1\n|-damage|p2a: Aerodactyl|0 fnt\n|-enditem|p1b: Incineroar|Sitrus Berry|[eat]\n|-heal|p1b: Incineroar|69/100|[from] item: Sitrus Berry\n|faint|p2a: Aerodactyl\n|move|p1b: Incineroar|Flare Blitz|p2b: Kingambit\n|-supereffective|p2b: Kingambit|1\n|-enditem|p2b: Kingambit|Occa Berry|[eat]\n|-enditem|p2b: Kingambit|Occa Berry|[weaken]\n|-damage|p2b: Kingambit|45/100\n|-damage|p1b: Incineroar|50/100|[from] Recoil\n|move|p2b: Kingambit|Iron Head|p1a: Sneasler\n|-damage|p1a: Sneasler|0 fnt\n|faint|p1a: Sneasler\n|\n|-weather|none\n|upkeep\n|inactive|trisew has 30 seconds left.\n|\n|t:|1776307653\n|switch|p2a: Garchomp|Garchomp, L50, F|100/100\n|turn|6\n|\n|t:|1776307665\n|move|p2b: Kingambit|Protect|p2b: Kingambit\n|-singleturn|p2b: Kingambit|Protect\n|move|p2a: Garchomp|Earthquake|p1b: Incineroar|[spread] p1b\n|-activate|p2b: Kingambit|move: Protect\n|-supereffective|p1b: Incineroar|1\n|-damage|p1b: Incineroar|0 fnt\n|faint|p1b: Incineroar\n|\n|win|trisew\n|raw|2xNoodle's rating: 1189 &rarr; <strong>1164</strong><br />(-25 for losing)\n|raw|trisew's rating: 1186 &rarr; <strong>1211</strong><br />(+25 for winning)\n",
  "uploadtime": 1776307723,
  "views": 24,
  "formatid": "gen9championsvgc2026regma",
  "rating": 1164,
  "private": 0,
  "password": null
}