{
  "id": "gen9championsvgc2026regma-2584197715",
  "format": "[Gen 9 Champions] VGC 2026 Reg M-A",
  "players": [
    "funmer",
    "Maelcito420"
  ],
  "log": "|j|\u2606funmer\n|j|\u2606Maelcito420\n|t:|1776237111\n|gametype|doubles\n|player|p1|funmer|266|1122\n|player|p2|Maelcito420|2|1085\n|gen|9\n|tier|[Gen 9 Champions] VGC 2026 Reg M-A\n|rated|\n|rule|Species Clause: Limit one of each Pok\u00e9mon\n|rule|Item Clause: Limit 1 of each item\n|clearpoke\n|poke|p1|Basculegion, L50, M|\n|poke|p1|Sneasler, L50, F|\n|poke|p1|Floette-Eternal, L50, F|\n|poke|p1|Gliscor, L50, M|\n|poke|p1|Kingambit, L50, M|\n|poke|p1|Delphox, L50, F|\n|poke|p2|Pelipper, L50, F|\n|poke|p2|Basculegion, L50, M|\n|poke|p2|Archaludon, L50, M|\n|poke|p2|Raichu, L50, F|\n|poke|p2|Incineroar, L50, M|\n|poke|p2|Gardevoir, L50, M|\n|teampreview|4\n|inactive|Battle timer is ON: inactive players will automatically lose when time's up. (requested by Maelcito420)\n|\n|t:|1776237146\n|teamsize|p1|4\n|teamsize|p2|4\n|start\n|switch|p1a: Floette|Floette-Eternal, L50, F|100/100\n|switch|p1b: Kingambit|Kingambit, L50, M|100/100\n|switch|p2a: Pelipper|Pelipper, L50, F|100/100\n|switch|p2b: Basculegion|Basculegion, L50, M|100/100\n|-weather|RainDance|[from] ability: Drizzle|[of] p2a: Pelipper\n|turn|1\n|inactive|funmer has 30 seconds left.\n|inactive|Maelcito420 has 30 seconds left.\n|inactive|funmer has 20 seconds left.\n|inactive|funmer has 15 seconds left.\n|inactive|funmer has 10 seconds left.\n|\n|t:|1776237192\n|switch|p2b: Archaludon|Archaludon, L50, M|100/100\n|move|p1b: Kingambit|Sucker Punch||[still]\n|-fail|p1b: Kingambit\n|move|p1a: Floette|Calm Mind|p1a: Floette\n|-boost|p1a: Floette|spa|1\n|-boost|p1a: Floette|spd|1\n|move|p2a: Pelipper|Tailwind|p2a: Pelipper\n|-sidestart|p2: Maelcito420|move: Tailwind\n|\n|-weather|RainDance|[upkeep]\n|upkeep\n|turn|2\n|\n|t:|1776237213\n|detailschange|p1a: Floette|Floette-Mega, L50, F\n|-mega|p1a: Floette|Floette|Floettite\n|-ability|p1a: Floette|Fairy Aura\n|move|p1a: Floette|Protect|p1a: Floette\n|-singleturn|p1a: Floette|Protect\n|move|p2b: Archaludon|Flash Cannon|p1a: Floette\n|-activate|p1a: Floette|move: Protect\n|move|p2a: Pelipper|Hurricane|p1a: Floette\n|-activate|p1a: Floette|move: Protect\n|move|p1b: Kingambit|Low Kick|p2b: Archaludon\n|-supereffective|p2b: Archaludon|1\n|-damage|p2b: Archaludon|56/100\n|-ability|p2b: Archaludon|Stamina|boost\n|-boost|p2b: Archaludon|def|1\n|\n|-weather|RainDance|[upkeep]\n|-heal|p2b: Archaludon|62/100|[from] item: Leftovers\n|upkeep\n|turn|3\n|\n|t:|1776237238\n|move|p2b: Archaludon|Electro Shot||[still]\n|-prepare|p2b: Archaludon|Electro Shot\n|-boost|p2b: Archaludon|spa|1\n|-anim|p2b: Archaludon|Electro Shot|p1a: Floette\n|-damage|p1a: Floette|75/100\n|move|p2a: Pelipper|Weather Ball|p1b: Kingambit\n|-damage|p1b: Kingambit|43/100\n|move|p1a: Floette|Dazzling Gleam|p2b: Archaludon|[spread] p2a,p2b\n|-crit|p2b: Archaludon\n|-damage|p2a: Pelipper|29/100\n|-damage|p2b: Archaludon|0 fnt\n|faint|p2b: Archaludon\n|move|p1b: Kingambit|Low Kick|p2a: Pelipper\n|-resisted|p2a: Pelipper|1\n|-damage|p2a: Pelipper|17/100\n|\n|-weather|RainDance|[upkeep]\n|upkeep\n|\n|t:|1776237255\n|switch|p2b: Basculegion|Basculegion, L50, M|100/100\n|turn|4\n|\n|t:|1776237264\n|move|p1b: Kingambit|Sucker Punch|p2b: Basculegion\n|-supereffective|p2b: Basculegion|1\n|-damage|p2b: Basculegion|1/100\n|move|p2b: Basculegion|Wave Crash|p1a: Floette\n|-damage|p1a: Floette|0 fnt\n|faint|p1a: Floette\n|-damage|p2b: Basculegion|0 fnt|[from] Recoil\n|faint|p2b: Basculegion\n|move|p2a: Pelipper|Weather Ball|p1b: Kingambit\n|-damage|p1b: Kingambit|0 fnt\n|faint|p1b: Kingambit\n|\n|-weather|RainDance|[upkeep]\n|-sideend|p2: Maelcito420|move: Tailwind\n|upkeep\n|\n|t:|1776237276\n|switch|p2b: Gardevoir|Gardevoir, L50, M|100/100\n|switch|p1a: Basculegion|Basculegion, L50, M|100/100\n|switch|p1b: Gliscor|Gliscor, L50, M|100/100\n|turn|5\n|\n|t:|1776237295\n|detailschange|p2b: Gardevoir|Gardevoir-Mega, L50, M\n|-mega|p2b: Gardevoir|Gardevoir|Gardevoirite\n|move|p2b: Gardevoir|Hyper Voice|p1a: Basculegion|[spread] p1a,p1b\n|-damage|p1a: Basculegion|37/100\n|-damage|p1b: Gliscor|40/100\n|-enditem|p1b: Gliscor|Sitrus Berry|[eat]\n|-heal|p1b: Gliscor|65/100|[from] item: Sitrus Berry\n|move|p1a: Basculegion|Last Respects|p2b: Gardevoir\n|-supereffective|p2b: Gardevoir|1\n|-damage|p2b: Gardevoir|0 fnt\n|faint|p2b: Gardevoir\n|move|p1b: Gliscor|Rock Slide|p2a: Pelipper\n|-supereffective|p2a: Pelipper|1\n|-crit|p2a: Pelipper\n|-damage|p2a: Pelipper|0 fnt\n|faint|p2a: Pelipper\n|\n|win|funmer\n|raw|funmer's rating: 1122 &rarr; <strong>1144</strong><br />(+22 for winning)\n|raw|Maelcito420's rating: 1085 &rarr; <strong>1065</strong><br />(-20 for losing)\n|l|\u2606Maelcito420\n|player|p2|\n|l|\u2606funmer\n|player|p1|\n|j|\u2606funmer\n|player|p1|funmer|266|\n|l|\u2606funmer\n|player|p1|\n|j|\u2606funmer\n|player|p1|funmer|266|\n",
  "uploadtime": 1776237496,
  "views": 17,
  "formatid": "gen9championsvgc2026regma",
  "rating": 1065,
  "private": 0,
  "password": null
}