{
  "id": "gen9championsvgc2026regma-2581324001",
  "format": "[Gen 9 Champions] VGC 2026 Reg M-A",
  "players": [
    "Scepeie",
    "miquellapolis"
  ],
  "log": "|j|\u2606Scepeie\n|j|\u2606miquellapolis\n|t:|1775986705\n|gametype|doubles\n|player|p1|Scepeie|102|1260\n|player|p2|miquellapolis|clair|1380\n|gen|9\n|tier|[Gen 9 Champions] VGC 2026 Reg M-A\n|rated|\n|rule|Species Clause: Limit one of each Pok\u00e9mon\n|rule|Item Clause: Limit 1 of each item\n|clearpoke\n|poke|p1|Aggron, L50, F|\n|poke|p1|Slowbro-Galar, L50, M|\n|poke|p1|Runerigus, L50, F|\n|poke|p1|Camerupt, L50, F|\n|poke|p1|Primarina, L50, M|\n|poke|p1|Tyranitar, L50, M|\n|poke|p2|Floette-Eternal, L50, F|\n|poke|p2|Incineroar, L50, F|\n|poke|p2|Whimsicott, L50, M|\n|poke|p2|Sneasler, L50, M|\n|poke|p2|Garchomp, L50, F|\n|poke|p2|Zoroark-Hisui, L50, M|\n|teampreview|4\n|inactive|Battle timer is ON: inactive players will automatically lose when time's up. (requested by miquellapolis)\n|inactive|Scepeie has 60 seconds left.\n|\n|t:|1775986737\n|teamsize|p1|4\n|teamsize|p2|4\n|start\n|switch|p1a: Aggron|Aggron, L50, F|100/100\n|switch|p1b: Runerigus|Runerigus, L50, F|100/100\n|switch|p2a: Incineroar|Incineroar, L50, F|100/100\n|switch|p2b: Floette|Floette-Eternal, L50, F|100/100\n|turn|1\n|inactive|miquellapolis has 30 seconds left.\n|\n|t:|1775986766\n|switch|p2b: Incineroar|Incineroar, L50, F|100/100\n|-ability|p2b: Incineroar|Intimidate|boost\n|-unboost|p1a: Aggron|atk|1\n|-unboost|p1b: Runerigus|atk|1\n|move|p1a: Aggron|Protect|p1a: Aggron\n|-singleturn|p1a: Aggron|Protect\n|move|p2a: Incineroar|Taunt|p1b: Runerigus\n|-start|p1b: Runerigus|move: Taunt\n|cant|p1b: Runerigus|move: Taunt|Trick Room\n|\n|upkeep\n|turn|2\n|\n|t:|1775986788\n|switch|p1b: Tyranitar|Tyranitar, L50, M|100/100\n|-weather|Sandstorm|[from] ability: Sand Stream|[of] p1b: Tyranitar\n|detailschange|p1a: Aggron|Aggron-Mega, L50, F\n|-mega|p1a: Aggron|Aggron|Aggronite\n|move|p2a: Incineroar|Shadow Ball|p1a: Aggron\n|-damage|p1a: Aggron|68/100\n|-unboost|p1a: Aggron|spd|1\n|move|p2b: Incineroar|Flare Blitz|p1a: Aggron\n|-supereffective|p1a: Aggron|1\n|-damage|p1a: Aggron|37/100\n|-damage|p2b: Incineroar|92/100|[from] Recoil\n|move|p1a: Aggron|Body Press|p2b: Incineroar\n|-supereffective|p2b: Incineroar|1\n|-damage|p2b: Incineroar|18/100\n|-enditem|p2b: Incineroar|Sitrus Berry|[eat]\n|-heal|p2b: Incineroar|43/100|[from] item: Sitrus Berry\n|\n|-weather|Sandstorm|[upkeep]\n|-damage|p2a: Incineroar|94/100|[from] Sandstorm\n|-damage|p2b: Incineroar|37/100|[from] Sandstorm\n|upkeep\n|turn|3\n|j| gE1xjZRtuhW2DdT0AK\n|\n|t:|1775986809\n|switch|p1a: Runerigus|Runerigus, L50, F|100/100\n|move|p2a: Incineroar|Shadow Ball|p1a: Runerigus\n|-supereffective|p1a: Runerigus|1\n|-damage|p1a: Runerigus|24/100\n|-enditem|p1a: Runerigus|Sitrus Berry|[eat]\n|-heal|p1a: Runerigus|49/100|[from] item: Sitrus Berry\n|move|p2b: Incineroar|Parting Shot|p1b: Tyranitar\n|-unboost|p1b: Tyranitar|atk|1\n|-unboost|p1b: Tyranitar|spa|1\n|\n|t:|1775986819\n|switch|p2b: Sneasler|Sneasler, L50, M|100/100|[from] Parting Shot\n|move|p1b: Tyranitar|Rock Slide|p2a: Incineroar|[spread] p2a,p2b\n|-resisted|p2b: Sneasler|1\n|-damage|p2a: Incineroar|58/100\n|-damage|p2b: Sneasler|85/100\n|replace|p2a: Zoroark|Zoroark-Hisui, L50, M\n|-end|p2a: Zoroark|Illusion\n|\n|-weather|Sandstorm|[upkeep]\n|-damage|p2a: Zoroark|52/100|[from] Sandstorm\n|-damage|p2b: Sneasler|79/100|[from] Sandstorm\n|upkeep\n|turn|4\n|\n|t:|1775986831\n|move|p1a: Runerigus|Protect|p1a: Runerigus\n|-singleturn|p1a: Runerigus|Protect\n|move|p2a: Zoroark|Shadow Ball|p1a: Runerigus\n|-activate|p1a: Runerigus|move: Protect\n|move|p2b: Sneasler|Close Combat|p1b: Tyranitar\n|-supereffective|p1b: Tyranitar|2\n|-crit|p1b: Tyranitar\n|-damage|p1b: Tyranitar|0 fnt\n|-unboost|p2b: Sneasler|def|1\n|-unboost|p2b: Sneasler|spd|1\n|faint|p1b: Tyranitar\n|-enditem|p2b: Sneasler|White Herb\n|-clearnegativeboost|p2b: Sneasler|[silent]\n|\n|-weather|Sandstorm|[upkeep]\n|-damage|p2b: Sneasler|74/100|[from] Sandstorm\n|-damage|p2a: Zoroark|46/100|[from] Sandstorm\n|upkeep\n|\n|t:|1775986839\n|switch|p1b: Slowbro|Slowbro-Galar, L50, M|100/100\n|turn|5\n|\n|t:|1775986851\n|move|p2b: Sneasler|Dire Claw|p1b: Slowbro\n|-resisted|p1b: Slowbro|1\n|-damage|p1b: Slowbro|77/100\n|-status|p1b: Slowbro|slp\n|move|p2a: Zoroark|Shadow Ball|p1a: Runerigus\n|-supereffective|p1a: Runerigus|1\n|-damage|p1a: Runerigus|0 fnt\n|faint|p1a: Runerigus\n|cant|p1b: Slowbro|slp\n|\n|-weather|Sandstorm|[upkeep]\n|-damage|p2b: Sneasler|68/100|[from] Sandstorm\n|-damage|p2a: Zoroark|40/100|[from] Sandstorm\n|-damage|p1b: Slowbro|71/100 slp|[from] Sandstorm\n|upkeep\n|\n|t:|1775986859\n|switch|p1a: Aggron|Aggron-Mega, L50, F|37/100\n|turn|6\n|-activate|p1b: Slowbro|item: Quick Claw\n|\n|t:|1775986867\n|move|p2b: Sneasler|Close Combat|p1a: Aggron\n|-supereffective|p1a: Aggron|1\n|-damage|p1a: Aggron|0 fnt\n|-unboost|p2b: Sneasler|def|1\n|-unboost|p2b: Sneasler|spd|1\n|faint|p1a: Aggron\n|move|p2a: Zoroark|Hyper Voice|p1b: Slowbro\n|-damage|p1b: Slowbro|26/100 slp\n|cant|p1b: Slowbro|slp\n|\n|-weather|none\n|upkeep\n|turn|7\n|-message|Scepeie forfeited.\n|\n|win|miquellapolis\n|raw|Scepeie's rating: 1260 &rarr; <strong>1243</strong><br />(-17 for losing)\n|raw|miquellapolis's rating: 1380 &rarr; <strong>1393</strong><br />(+13 for winning)\n|l|\u2606Scepeie\n|player|p1|\n|l|\u2606miquellapolis\n|player|p2|\n",
  "uploadtime": 1775986960,
  "views": 35,
  "formatid": "gen9championsvgc2026regma",
  "rating": 1243,
  "private": 0,
  "password": null
}