{
  "id": "gen9championsvgc2026regma-2584197799",
  "format": "[Gen 9 Champions] VGC 2026 Reg M-A",
  "players": [
    "RandomGuyInSchool",
    "arijankonac"
  ],
  "log": "|j|\u2606RandomGuyInSchool\n|j|\u2606arijankonac\n|t:|1776237121\n|gametype|doubles\n|player|p1|RandomGuyInSchool|schoolkid-gen4|1139\n|player|p2|arijankonac|lucas|1164\n|gen|9\n|tier|[Gen 9 Champions] VGC 2026 Reg M-A\n|rated|\n|rule|Species Clause: Limit one of each Pok\u00e9mon\n|rule|Item Clause: Limit 1 of each item\n|clearpoke\n|poke|p1|Incineroar, L50, F|\n|poke|p1|Farigiraf, L50, F|\n|poke|p1|Whimsicott, L50, M|\n|poke|p1|Gengar, L50, F|\n|poke|p1|Kingambit, L50, F|\n|poke|p1|Rotom-Wash, L50|\n|poke|p2|Sneasler, L50, M|\n|poke|p2|Dragonite, L50, M|\n|poke|p2|Ceruledge, L50, M|\n|poke|p2|Whimsicott, L50, F|\n|poke|p2|Charizard, L50, M|\n|poke|p2|Incineroar, L50, M|\n|teampreview|4\n|inactive|Battle timer is ON: inactive players will automatically lose when time's up. (requested by RandomGuyInSchool)\nRandomGuyInSchool rejected open team sheets.\n|inactive|RandomGuyInSchool has 60 seconds left.\n|\n|t:|1776237158\n|teamsize|p1|4\n|teamsize|p2|4\n|start\n|switch|p1a: Kingambit|Kingambit, L50, F|100/100\n|switch|p1b: Incineroar|Incineroar, L50, F|100/100\n|switch|p2a: Dragonite|Dragonite, L50, M|100/100\n|switch|p2b: Incineroar|Incineroar, L50, M|100/100\n|-ability|p2b: Incineroar|Intimidate|boost\n|-unboost|p1a: Kingambit|atk|1\n|-ability|p1a: Kingambit|Defiant|boost\n|-boost|p1a: Kingambit|atk|2\n|-unboost|p1b: Incineroar|atk|1\n|-ability|p1b: Incineroar|Intimidate|boost\n|-unboost|p2a: Dragonite|atk|1\n|-unboost|p2b: Incineroar|atk|1\n|turn|1\n|c|\u2606arijankonac|HURRY UP\n|c|\u2606RandomGuyInSchool|okay\n|\n|t:|1776237180\n|switch|p1b: Farigiraf|Farigiraf, L50, F|100/100\n|move|p2b: Incineroar|Fake Out||[still]\n|cant|p1b: Farigiraf|ability: Armor Tail|Fake Out|[of] p2b: Incineroar\n|move|p2a: Dragonite|Tailwind|p2a: Dragonite\n|-sidestart|p2: arijankonac|move: Tailwind\n|move|p1a: Kingambit|Swords Dance|p1a: Kingambit\n|-boost|p1a: Kingambit|atk|2\n|\n|upkeep\n|turn|2\n|inactive|arijankonac has 30 seconds left.\n|c|\u2606RandomGuyInSchool|HURRY UP\n|inactive|arijankonac has 20 seconds left.\n|\n|t:|1776237217\n|move|p1a: Kingambit|Protect|p1a: Kingambit\n|-singleturn|p1a: Kingambit|Protect\n|move|p2a: Dragonite|Draco Meteor|p1b: Farigiraf\n|-damage|p1b: Farigiraf|42/100\n|-unboost|p2a: Dragonite|spa|2\n|move|p2b: Incineroar|Flare Blitz|p1a: Kingambit\n|-activate|p1a: Kingambit|move: Protect\n|move|p1b: Farigiraf|Trick Room|p1b: Farigiraf\n|-fieldstart|move: Trick Room|[of] p1b: Farigiraf\n|\n|upkeep\n|turn|3\n|inactive|RandomGuyInSchool has 30 seconds left.\n|\n|t:|1776237247\n|switch|p1b: Incineroar|Incineroar, L50, F|100/100\n|-ability|p1b: Incineroar|Intimidate|boost\n|-unboost|p2a: Dragonite|atk|1\n|-unboost|p2b: Incineroar|atk|1\n|move|p1a: Kingambit|Iron Head|p2a: Dragonite\n|-damage|p2a: Dragonite|42/100\n|move|p2b: Incineroar|Flare Blitz|p1a: Kingambit\n|-supereffective|p1a: Kingambit|1\n|-damage|p1a: Kingambit|66/100\n|-status|p1a: Kingambit|brn\n|-damage|p2b: Incineroar|89/100|[from] Recoil\n|move|p2a: Dragonite|Draco Meteor|p1b: Incineroar\n|-damage|p1b: Incineroar|82/100\n|-unboost|p2a: Dragonite|spa|2\n|\n|-heal|p1a: Kingambit|72/100 brn|[from] item: Leftovers\n|-damage|p1a: Kingambit|66/100 brn|[from] brn\n|upkeep\n|turn|4\n|inactive|arijankonac has 30 seconds left.\n|\n|t:|1776237276\n|move|p2a: Dragonite|Protect|p2a: Dragonite\n|-singleturn|p2a: Dragonite|Protect\n|move|p1a: Kingambit|Swords Dance|p1a: Kingambit\n|-boost|p1a: Kingambit|atk|2\n|move|p1b: Incineroar|Parting Shot|p2b: Incineroar\n|-unboost|p2b: Incineroar|atk|1\n|-unboost|p2b: Incineroar|spa|1\n|\n|t:|1776237284\n|switch|p1b: Farigiraf|Farigiraf, L50, F|42/100|[from] Parting Shot\n|move|p2b: Incineroar|Parting Shot|p1a: Kingambit\n|-unboost|p1a: Kingambit|atk|1\n|-ability|p1a: Kingambit|Defiant|boost\n|-boost|p1a: Kingambit|atk|2\n|-unboost|p1a: Kingambit|spa|1\n|-boost|p1a: Kingambit|atk|0\n|c|\u2606arijankonac|omfg\n|c|\u2606arijankonac|i am\n|c|\u2606arijankonac|ret\n|c|\u2606arijankonac|arded\n|\n|t:|1776237303\n|switch|p2b: Charizard|Charizard, L50, M|100/100|[from] Parting Shot\n|\n|-heal|p1a: Kingambit|72/100 brn|[from] item: Leftovers\n|-damage|p1a: Kingambit|66/100 brn|[from] brn\n|-sideend|p2: arijankonac|move: Tailwind\n|upkeep\n|turn|5\n|c|\u2606RandomGuyInSchool|im basically at +2\n|c|\u2606RandomGuyInSchool|cause of burn\n|\n|t:|1776237327\n|detailschange|p2b: Charizard|Charizard-Mega-Y, L50, M\n|-mega|p2b: Charizard|Charizard|Charizardite Y\n|-weather|SunnyDay|[from] ability: Drought|[of] p2b: Charizard\n|move|p1b: Farigiraf|Ally Switch|p1b: Farigiraf\n|swap|p1b: Farigiraf|0|[from] move: Ally Switch\n|move|p1b: Kingambit|Iron Head|p2a: Dragonite\n|-damage|p2a: Dragonite|0 fnt\n|faint|p2a: Dragonite\n|move|p2b: Charizard|Heat Wave|p1a: Farigiraf|[spread] p1a,p1b\n|-supereffective|p1b: Kingambit|1\n|-crit|p1b: Kingambit\n|-damage|p1a: Farigiraf|0 fnt\n|-damage|p1b: Kingambit|0 fnt\n|faint|p1a: Farigiraf\n|faint|p1b: Kingambit\n|\n|-weather|SunnyDay|[upkeep]\n|upkeep\n|\n|t:|1776237350\n|switch|p1b: Gengar|Gengar, L50, F|100/100\n|switch|p1a: Incineroar|Incineroar, L50, F|82/100\n|switch|p2a: Ceruledge|Ceruledge, L50, M, shiny|100/100\n|-ability|p1a: Incineroar|Intimidate|boost\n|-unboost|p2a: Ceruledge|atk|1\n|-unboost|p2b: Charizard|atk|1\n|turn|6\n|\n|t:|1776237365\n|detailschange|p1b: Gengar|Gengar-Mega, L50, F\n|-mega|p1b: Gengar|Gengar|Gengarite\n|move|p1b: Gengar|Protect|p1b: Gengar\n|-singleturn|p1b: Gengar|Protect\n|move|p1a: Incineroar|Darkest Lariat|p2a: Ceruledge\n|-supereffective|p2a: Ceruledge|1\n|-enditem|p2a: Ceruledge|Focus Sash\n|-damage|p2a: Ceruledge|1/100\n|-ability|p2a: Ceruledge|Weak Armor|boost\n|-unboost|p2a: Ceruledge|def|1\n|-boost|p2a: Ceruledge|spe|2\n|move|p2b: Charizard|Heat Wave|p1a: Incineroar|[spread] p1a\n|-activate|p1b: Gengar|move: Protect\n|-resisted|p1a: Incineroar|1\n|-damage|p1a: Incineroar|61/100\n|move|p2a: Ceruledge|Swords Dance|p2a: Ceruledge\n|-boost|p2a: Ceruledge|atk|2\n|\n|-weather|SunnyDay|[upkeep]\n|-fieldend|move: Trick Room\n|upkeep\n|turn|7\n|inactive|arijankonac has 30 seconds left.\n|inactive|arijankonac has 20 seconds left.\n|\n|t:|1776237402\n|move|p1b: Gengar|Protect|p1b: Gengar\n|-singleturn|p1b: Gengar|Protect\n|move|p2a: Ceruledge|Poltergeist|p1b: Gengar\n|-activate|p1b: Gengar|move: Protect\n|move|p2b: Charizard|Dragon Pulse|p1a: Incineroar\n|-damage|p1a: Incineroar|40/100\n|-enditem|p1a: Incineroar|Sitrus Berry|[eat]\n|-heal|p1a: Incineroar|64/100|[from] item: Sitrus Berry\n|move|p1a: Incineroar|Darkest Lariat|p2a: Ceruledge\n|-supereffective|p2a: Ceruledge|1\n|-damage|p2a: Ceruledge|0 fnt\n|faint|p2a: Ceruledge\n|\n|-weather|SunnyDay|[upkeep]\n|upkeep\n|c|\u2606arijankonac|2 PROTECTS?\n|\n|t:|1776237418\n|switch|p2a: Incineroar|Incineroar, L50, M|89/100\n|-ability|p2a: Incineroar|Intimidate|boost\n|-unboost|p1a: Incineroar|atk|1\n|-unboost|p1b: Gengar|atk|1\n|turn|8\n|\n|t:|1776237437\n|move|p2a: Incineroar|Fake Out|p1a: Incineroar\n|-damage|p1a: Incineroar|54/100\n|move|p1b: Gengar|Sludge Bomb|p2a: Incineroar\n|-damage|p2a: Incineroar|36/100\n|-status|p2a: Incineroar|psn\n|-enditem|p2a: Incineroar|Sitrus Berry|[eat]\n|-heal|p2a: Incineroar|61/100 psn|[from] item: Sitrus Berry\n|move|p2b: Charizard|Heat Wave|p1a: Incineroar|[spread] p1a,p1b\n|-resisted|p1a: Incineroar|1\n|-damage|p1a: Incineroar|31/100\n|-damage|p1b: Gengar|6/100\n|cant|p1a: Incineroar|flinch\n|\n|-weather|SunnyDay|[upkeep]\n|-damage|p2a: Incineroar|49/100 psn|[from] psn\n|upkeep\n|turn|9\n|c|\u2606RandomGuyInSchool|gg\n|inactive|RandomGuyInSchool has 30 seconds left.\n|-message|RandomGuyInSchool forfeited.\n|\n|win|arijankonac\n|raw|RandomGuyInSchool's rating: 1139 &rarr; <strong>1116</strong><br />(-23 for losing)\n|raw|arijankonac's rating: 1164 &rarr; <strong>1187</strong><br />(+23 for winning)\n",
  "uploadtime": 1776237465,
  "views": 17,
  "formatid": "gen9championsvgc2026regma",
  "rating": 1116,
  "private": 0,
  "password": null
}