{
  "id": "gen9championsvgc2026regma-2586200982",
  "format": "[Gen 9 Champions] VGC 2026 Reg M-A",
  "players": [
    "superzuper",
    "antimetaservant"
  ],
  "log": "|j|\u2606superzuper\n|j|\u2606antimetaservant\n|t:|1776411686\n|gametype|doubles\n|player|p1|superzuper|265|1141\n|player|p2|antimetaservant|unknown|1054\n|gen|9\n|tier|[Gen 9 Champions] VGC 2026 Reg M-A\n|rated|\n|rule|Species Clause: Limit one of each Pok\u00e9mon\n|rule|Item Clause: Limit 1 of each item\n|clearpoke\n|poke|p1|Gengar, L50, M|\n|poke|p1|Politoed, L50, F|\n|poke|p1|Incineroar, L50, M|\n|poke|p1|Kommo-o, L50, F|\n|poke|p1|Basculegion-F, L50, F|\n|poke|p1|Aerodactyl, L50, F|\n|poke|p2|Politoed, L50, M|\n|poke|p2|Palafin, L50, F|\n|poke|p2|Feraligatr, L50, F|\n|poke|p2|Azumarill, L50, F|\n|poke|p2|Incineroar, L50, F|\n|poke|p2|Gengar, L50, M|\n|teampreview|4\nantimetaservant rejected open team sheets.\n|inactive|Battle timer is ON: inactive players will automatically lose when time's up. (requested by antimetaservant)\n|\n|t:|1776411719\n|teamsize|p1|4\n|teamsize|p2|4\n|start\n|switch|p1a: Basculegion|Basculegion-F, L50, F|100/100\n|switch|p1b: Incineroar|Incineroar, L50, M|100/100\n|switch|p2a: Gengar|Gengar, L50, M|100/100\n|switch|p2b: Incineroar|Incineroar, L50, F|100/100\n|-ability|p1b: Incineroar|Intimidate|boost\n|-unboost|p2a: Gengar|atk|1\n|-unboost|p2b: Incineroar|atk|1\n|-ability|p2b: Incineroar|Intimidate|boost\n|-unboost|p1a: Basculegion|atk|1\n|-unboost|p1b: Incineroar|atk|1\n|turn|1\n|inactive|superzuper has 30 seconds left.\n|inactive|superzuper has 20 seconds left.\n|inactive|superzuper has 15 seconds left.\n|\n|t:|1776411759\n|detailschange|p2a: Gengar|Gengar-Mega, L50, M\n|-mega|p2a: Gengar|Gengar|Gengarite\n|move|p2a: Gengar|Protect|p2a: Gengar\n|-singleturn|p2a: Gengar|Protect\n|move|p2b: Incineroar|Fake Out|p1b: Incineroar\n|-damage|p1b: Incineroar|93/100\n|move|p1a: Basculegion|Flip Turn|p2b: Incineroar\n|-supereffective|p2b: Incineroar|1\n|-damage|p2b: Incineroar|57/100\n|\n|t:|1776411771\n|switch|p1a: Kommo-o|Kommo-o, L50, F|100/100|[from] Flip Turn\n|cant|p1b: Incineroar|flinch\n|\n|upkeep\n|turn|2\n|\n|t:|1776411784\n|move|p2a: Gengar|Shadow Ball|p1a: Kommo-o\n|-immune|p1a: Kommo-o|[from] ability: Bulletproof\n|move|p1a: Kommo-o|Clanging Scales|p2b: Incineroar|[spread] p2a,p2b\n|-damage|p2a: Gengar|60/100\n|-damage|p2b: Incineroar|21/100\n|-enditem|p2b: Incineroar|Sitrus Berry|[eat]\n|-heal|p2b: Incineroar|46/100|[from] item: Sitrus Berry\n|-unboost|p1a: Kommo-o|def|1\n|move|p1b: Incineroar|Parting Shot|p2a: Gengar\n|-unboost|p2a: Gengar|atk|1\n|-unboost|p2a: Gengar|spa|1\n|\n|t:|1776411796\n|switch|p1b: Basculegion|Basculegion-F, L50, F|100/100|[from] Parting Shot\n|move|p2b: Incineroar|Parting Shot|p1a: Kommo-o\n|-unboost|p1a: Kommo-o|atk|1\n|-unboost|p1a: Kommo-o|spa|1\n|\n|t:|1776411804\n|switch|p2b: Palafin|Palafin, L50, F|100/100|[from] Parting Shot\n|\n|upkeep\n|turn|3\n|\n|t:|1776411822\n|move|p1b: Basculegion|Flip Turn|p2b: Palafin\n|-resisted|p2b: Palafin|1\n|-damage|p2b: Palafin|80/100\n|\n|t:|1776411826\n|switch|p1b: Incineroar|Incineroar, L50, M|93/100|[from] Flip Turn\n|-ability|p1b: Incineroar|Intimidate|boost\n|-unboost|p2a: Gengar|atk|1\n|-unboost|p2b: Palafin|atk|1\n|move|p2a: Gengar|Perish Song|p2a: Gengar\n|-start|p1a: Kommo-o|perish3|[silent]\n|-start|p1b: Incineroar|perish3|[silent]\n|-start|p2a: Gengar|perish3|[silent]\n|-start|p2b: Palafin|perish3|[silent]\n|-fieldactivate|move: Perish Song\n|move|p2b: Palafin|Flip Turn|p1a: Kommo-o\n|-resisted|p1a: Kommo-o|1\n|-damage|p1a: Kommo-o|91/100\n|\n|t:|1776411834\n|detailschange|p2b: Palafin|Palafin-Hero, L50, F\n|switch|p2b: Incineroar|Incineroar, L50, F|46/100|[from] Flip Turn\n|-ability|p2b: Incineroar|Intimidate|boost\n|-unboost|p1a: Kommo-o|atk|1\n|-unboost|p1b: Incineroar|atk|1\n|move|p1a: Kommo-o|Clanging Scales|p2b: Incineroar|[spread] p2a,p2b\n|-damage|p2a: Gengar|31/100\n|-damage|p2b: Incineroar|23/100\n|-unboost|p1a: Kommo-o|def|1\n|\n|-heal|p1a: Kommo-o|97/100|[from] item: Leftovers\n|-start|p2a: Gengar|perish3\n|-start|p1a: Kommo-o|perish3\n|-start|p1b: Incineroar|perish3\n|upkeep\n|turn|4\n|\n|t:|1776411858\n|move|p2a: Gengar|Protect|p2a: Gengar\n|-singleturn|p2a: Gengar|Protect\n|move|p1b: Incineroar|Fake Out|p2b: Incineroar\n|-damage|p2b: Incineroar|16/100\n|cant|p2b: Incineroar|flinch\n|move|p1a: Kommo-o|Clangorous Soul|p1a: Kommo-o\n|-boost|p1a: Kommo-o|atk|1\n|-boost|p1a: Kommo-o|def|1\n|-boost|p1a: Kommo-o|spa|1\n|-boost|p1a: Kommo-o|spd|1\n|-boost|p1a: Kommo-o|spe|1\n|-damage|p1a: Kommo-o|65/100\n|\n|-heal|p1a: Kommo-o|71/100|[from] item: Leftovers\n|-start|p1a: Kommo-o|perish2\n|-start|p2a: Gengar|perish2\n|-start|p1b: Incineroar|perish2\n|upkeep\n|turn|5\n|inactive|antimetaservant has 30 seconds left.\n|\n|t:|1776411887\n|switch|p2a: Azumarill|Azumarill, L50, F|100/100\n|move|p2b: Incineroar|Protect|p2b: Incineroar\n|-singleturn|p2b: Incineroar|Protect\n|move|p1a: Kommo-o|Clanging Scales|p2a: Azumarill|[spread] \n|-activate|p2b: Incineroar|move: Protect\n|-immune|p2a: Azumarill\n|move|p1b: Incineroar|Parting Shot|p2a: Azumarill\n|-unboost|p2a: Azumarill|atk|1\n|-unboost|p2a: Azumarill|spa|1\n|\n|t:|1776411900\n|switch|p1b: Gengar|Gengar, L50, M, shiny|100/100|[from] Parting Shot\n|\n|-heal|p1a: Kommo-o|77/100|[from] item: Leftovers\n|-start|p1a: Kommo-o|perish1\n|upkeep\n|turn|6\n|\n|t:|1776411915\n|switch|p1a: Incineroar|Incineroar, L50, M|93/100\n|-ability|p1a: Incineroar|Intimidate|boost\n|-unboost|p2a: Azumarill|atk|1\n|-unboost|p2b: Incineroar|atk|1\n|detailschange|p1b: Gengar|Gengar-Mega, L50, M, shiny\n|-mega|p1b: Gengar|Gengar|Gengarite\n|move|p1b: Gengar|Substitute|p1b: Gengar\n|-start|p1b: Gengar|Substitute\n|-damage|p1b: Gengar|76/100\n|move|p2b: Incineroar|Darkest Lariat|p1b: Gengar\n|-supereffective|p1b: Gengar|1\n|-end|p1b: Gengar|Substitute\n|move|p2a: Azumarill|Knock Off|p1b: Gengar\n|-supereffective|p1b: Gengar|1\n|-damage|p1b: Gengar|62/100\n|\n|upkeep\n|turn|7\n|\n|t:|1776411937\n|move|p2b: Incineroar|Protect|p2b: Incineroar\n|-singleturn|p2b: Incineroar|Protect\n|move|p2a: Azumarill|Protect|p2a: Azumarill\n|-singleturn|p2a: Azumarill|Protect\n|move|p1a: Incineroar|Fake Out|p2b: Incineroar\n|-activate|p2b: Incineroar|move: Protect\n|move|p1b: Gengar|Substitute|p1b: Gengar\n|-start|p1b: Gengar|Substitute\n|-damage|p1b: Gengar|37/100\n|\n|upkeep\n|turn|8\n|\n|t:|1776411954\n|move|p1b: Gengar|Protect|p1b: Gengar\n|-singleturn|p1b: Gengar|Protect\n|move|p1a: Incineroar|Parting Shot|p2a: Azumarill\n|-unboost|p2a: Azumarill|atk|1\n|-unboost|p2a: Azumarill|spa|1\n|\n|t:|1776411960\n|switch|p1a: Basculegion|Basculegion-F, L50, F|100/100|[from] Parting Shot\n|move|p2b: Incineroar|Darkest Lariat|p1b: Gengar\n|-activate|p1b: Gengar|move: Protect\n|move|p2a: Azumarill|Liquidation|p1a: Basculegion\n|-resisted|p1a: Basculegion|1\n|-damage|p1a: Basculegion|95/100\n|-unboost|p1a: Basculegion|def|1\n|\n|upkeep\n|turn|9\n|\n|t:|1776411988\n|move|p2b: Incineroar|Protect|p2b: Incineroar\n|-singleturn|p2b: Incineroar|Protect\n|move|p1a: Basculegion|Flip Turn|p2a: Azumarill\n|-resisted|p2a: Azumarill|1\n|-damage|p2a: Azumarill|82/100\n|\n|t:|1776411993\n|switch|p1a: Incineroar|Incineroar, L50, M|93/100|[from] Flip Turn\n|-ability|p1a: Incineroar|Intimidate|boost\n|-unboost|p2a: Azumarill|atk|1\n|-unboost|p2b: Incineroar|atk|1\n|move|p1b: Gengar|Shadow Ball|p2b: Incineroar\n|-activate|p2b: Incineroar|move: Protect\n|move|p2a: Azumarill|Knock Off|p1b: Gengar\n|-supereffective|p1b: Gengar|1\n|-activate|p1b: Gengar|move: Substitute|[damage]\n|\n|upkeep\n|turn|10\n|\n|t:|1776412015\n|move|p2a: Azumarill|Helping Hand|p2b: Incineroar\n|-singleturn|p2b: Incineroar|Helping Hand|[of] p2a: Azumarill\n|move|p1a: Incineroar|Fake Out|p2b: Incineroar\n|-damage|p2b: Incineroar|6/100\n|move|p1b: Gengar|Perish Song|p1b: Gengar\n|-start|p1a: Incineroar|perish3|[silent]\n|-start|p1b: Gengar|perish3|[silent]\n|-start|p2a: Azumarill|perish3|[silent]\n|-start|p2b: Incineroar|perish3|[silent]\n|-fieldactivate|move: Perish Song\n|cant|p2b: Incineroar|flinch\n|\n|-start|p1b: Gengar|perish3\n|-start|p1a: Incineroar|perish3\n|-start|p2b: Incineroar|perish3\n|-start|p2a: Azumarill|perish3\n|upkeep\n|turn|11\n|inactive|antimetaservant has 30 seconds left.\n|\n|t:|1776412043\n|move|p1b: Gengar|Protect|p1b: Gengar\n|-singleturn|p1b: Gengar|Protect\n|move|p1a: Incineroar|Parting Shot|p2a: Azumarill\n|-unboost|p2a: Azumarill|atk|1\n|-unboost|p2a: Azumarill|spa|1\n|\n|t:|1776412050\n|switch|p1a: Kommo-o|Kommo-o, L50, F|77/100|[from] Parting Shot\n|move|p2b: Incineroar|Darkest Lariat|p1b: Gengar\n|-activate|p1b: Gengar|move: Protect\n|move|p2a: Azumarill|Liquidation|p1a: Kommo-o\n|-resisted|p1a: Kommo-o|1\n|-damage|p1a: Kommo-o|74/100\n|\n|-heal|p1a: Kommo-o|80/100|[from] item: Leftovers\n|-start|p1b: Gengar|perish2\n|-start|p2b: Incineroar|perish2\n|-start|p2a: Azumarill|perish2\n|upkeep\n|turn|12\n|c|\u2606antimetaservant|could you send me your perish trap team as well\n|\n|t:|1776412073\n|move|p1b: Gengar|Shadow Ball|p2b: Incineroar\n|-resisted|p2b: Incineroar|1\n|-damage|p2b: Incineroar|0 fnt\n|faint|p2b: Incineroar\n|move|p1a: Kommo-o|Clangorous Soul|p1a: Kommo-o\n|-boost|p1a: Kommo-o|atk|1\n|-boost|p1a: Kommo-o|def|1\n|-boost|p1a: Kommo-o|spa|1\n|-boost|p1a: Kommo-o|spd|1\n|-boost|p1a: Kommo-o|spe|1\n|-damage|p1a: Kommo-o|48/100\n|move|p2a: Azumarill|Knock Off|p1a: Kommo-o\n|-resisted|p1a: Kommo-o|1\n|-damage|p1a: Kommo-o|47/100\n|-enditem|p1a: Kommo-o|Leftovers|[from] move: Knock Off|[of] p2a: Azumarill\n|\n|-start|p1b: Gengar|perish1\n|-start|p2a: Azumarill|perish1\n|upkeep\n|\n|t:|1776412080\n|switch|p2b: Palafin|Palafin-Hero, L50, F|80/100\n|-activate|p2b: Palafin|ability: Zero to Hero\n|turn|13\n|c|\u2606superzuper|sure bubba\n|c|\u2606antimetaservant|thank you\n|\n|t:|1776412099\n|switch|p1b: Basculegion|Basculegion-F, L50, F|95/100\n|move|p2a: Azumarill|Helping Hand|p2b: Palafin\n|-singleturn|p2b: Palafin|Helping Hand|[of] p2a: Azumarill\n|move|p1a: Kommo-o|Protect|p1a: Kommo-o\n|-singleturn|p1a: Kommo-o|Protect\n|move|p2b: Palafin|Zen Headbutt|p1a: Kommo-o\n|-activate|p1a: Kommo-o|move: Protect\n|\n|-start|p2a: Azumarill|perish0\n|faint|p2a: Azumarill\n|upkeep\n|c|\u2606antimetaservant|and would you be willing to give me your discord so i may ask you about how you feel about perish trap-\n|inactive|antimetaservant has 30 seconds left.\n|c|\u2606antimetaservant|it's for a presentation night idea\n|\n|t:|1776412127\n|switch|p2a: Gengar|Gengar-Mega, L50, M|31/100\n|turn|14\n|\n|t:|1776412145\n|move|p2a: Gengar|Protect|p2a: Gengar\n|-singleturn|p2a: Gengar|Protect\n|move|p1b: Basculegion|Flip Turn|p2b: Palafin\n|-resisted|p2b: Palafin|1\n|-damage|p2b: Palafin|65/100\n|\n|t:|1776412151\n|switch|p1b: Incineroar|Incineroar, L50, M|93/100|[from] Flip Turn\n|-ability|p1b: Incineroar|Intimidate|boost\n|-unboost|p2a: Gengar|atk|1\n|-unboost|p2b: Palafin|atk|1\n|move|p1a: Kommo-o|Aura Sphere|p2b: Palafin\n|-damage|p2b: Palafin|14/100\n|move|p2b: Palafin|Zen Headbutt|p1a: Kommo-o\n|-supereffective|p1a: Kommo-o|1\n|-damage|p1a: Kommo-o|21/100\n|\n|upkeep\n|turn|15\n|\n|t:|1776412165\n|move|p2b: Palafin|Protect|p2b: Palafin\n|-singleturn|p2b: Palafin|Protect\n|move|p1b: Incineroar|Fake Out|p2b: Palafin\n|-activate|p2b: Palafin|move: Protect\n|move|p1a: Kommo-o|Clanging Scales|p2a: Gengar|[spread] p2a\n|-activate|p2b: Palafin|move: Protect\n|-damage|p2a: Gengar|0 fnt\n|faint|p2a: Gengar\n|-unboost|p1a: Kommo-o|def|1\n|\n|upkeep\n|turn|16\n|c|\u2606antimetaservant|gg\n|\n|t:|1776412178\n|move|p2b: Palafin|Jet Punch|p1a: Kommo-o\n|-resisted|p1a: Kommo-o|1\n|-damage|p1a: Kommo-o|8/100\n|move|p1a: Kommo-o|Aura Sphere|p2b: Palafin\n|-damage|p2b: Palafin|0 fnt\n|faint|p2b: Palafin\n|\n|win|superzuper\n|raw|superzuper's rating: 1141 &rarr; <strong>1160</strong><br />(+19 for winning)\n|raw|antimetaservant's rating: 1054 &rarr; <strong>1040</strong><br />(-14 for losing)\n|c|\u2606superzuper|gg\n",
  "uploadtime": 1776412239,
  "views": 17,
  "formatid": "gen9championsvgc2026regma",
  "rating": 1040,
  "private": 0,
  "password": null
}