{
  "id": "gen9championsvgc2026regma-2586599528",
  "format": "[Gen 9 Champions] VGC 2026 Reg M-A",
  "players": [
    "tragyc22",
    "Houtlepel"
  ],
  "log": "|j|\u2606tragyc22\n|j|\u2606Houtlepel\n|t:|1776445886\n|gametype|doubles\n|player|p1|tragyc22|2|1111\n|player|p2|Houtlepel|swimmer-gen4dp|1185\n|gen|9\n|tier|[Gen 9 Champions] VGC 2026 Reg M-A\n|rated|\n|rule|Species Clause: Limit one of each Pok\u00e9mon\n|rule|Item Clause: Limit 1 of each item\n|clearpoke\n|poke|p1|Pelipper, L50, M|\n|poke|p1|Archaludon, L50, F|\n|poke|p1|Sneasler, L50, M|\n|poke|p1|Basculegion, L50, M|\n|poke|p1|Sinistcha, L50|\n|poke|p1|Dragonite, L50, F|\n|poke|p2|Oranguru, L50, M|\n|poke|p2|Torkoal, L50, F|\n|poke|p2|Incineroar, L50, M|\n|poke|p2|Sinistcha, L50|\n|poke|p2|Kingambit, L50, M|\n|poke|p2|Feraligatr, L50, M|\n|teampreview|4\n|inactive|Battle timer is ON: inactive players will automatically lose when time's up. (requested by Houtlepel)\n|inactive|tragyc22 also wants the timer to be on.\nHoutlepel rejected open team sheets.\n|inactive|tragyc22 has 60 seconds left.\n|\n|t:|1776445933\n|teamsize|p1|4\n|teamsize|p2|4\n|start\n|switch|p1a: Pelipper|Pelipper, L50, M|100/100\n|switch|p1b: Archaludon|Archaludon, L50, F, shiny|100/100\n|switch|p2a: Oranguru|Oranguru, L50, M|100/100\n|switch|p2b: Incineroar|Incineroar, L50, M|100/100\n|-weather|RainDance|[from] ability: Drizzle|[of] p1a: Pelipper\n|-ability|p2b: Incineroar|Intimidate|boost\n|-unboost|p1a: Pelipper|atk|1\n|-unboost|p1b: Archaludon|atk|1\n|turn|1\n|\n|t:|1776445945\n|move|p2b: Incineroar|Fake Out|p1a: Pelipper\n|-damage|p1a: Pelipper|90/100\n|move|p1b: Archaludon|Electro Shot||[still]\n|-prepare|p1b: Archaludon|Electro Shot\n|-boost|p1b: Archaludon|spa|1\n|-anim|p1b: Archaludon|Electro Shot|p2a: Oranguru\n|-damage|p2a: Oranguru|41/100\n|-enditem|p2a: Oranguru|Sitrus Berry|[eat]\n|-heal|p2a: Oranguru|65/100|[from] item: Sitrus Berry\n|cant|p1a: Pelipper|flinch\n|move|p2a: Oranguru|Trick Room|p2a: Oranguru\n|-fieldstart|move: Trick Room|[of] p2a: Oranguru\n|\n|-weather|RainDance|[upkeep]\n|upkeep\n|turn|2\n|c|\u2606tragyc22|icinreal\n|inactive|tragyc22 has 30 seconds left.\n|inactive|Houtlepel has 30 seconds left.\n|c|\u2606tragyc22|\u201ci use tr\u201d TRANSLATING \u201ci love tel aviv\u201d\n|inactive|tragyc22 has 20 seconds left.\n|\n|t:|1776445984\n|move|p2b: Incineroar|Parting Shot|p1b: Archaludon\n|-unboost|p1b: Archaludon|atk|1\n|-unboost|p1b: Archaludon|spa|1\n|\n|t:|1776445998\n|switch|p2b: Sinistcha|Sinistcha, L50|100/100|[from] Parting Shot\n|-heal|p2a: Oranguru|90/100|[from] ability: Hospitality|[of] p2b: Sinistcha\n|move|p1a: Pelipper|Weather Ball|p2b: Sinistcha\n|-resisted|p2b: Sinistcha|1\n|-damage|p2b: Sinistcha|65/100\n|move|p2a: Oranguru|Psychic|p1a: Pelipper\n|-damage|p1a: Pelipper|47/100\n|move|p1b: Archaludon|Electro Shot||[still]\n|-prepare|p1b: Archaludon|Electro Shot\n|-boost|p1b: Archaludon|spa|1\n|-anim|p1b: Archaludon|Electro Shot|p2a: Oranguru\n|-damage|p2a: Oranguru|30/100\n|\n|-weather|RainDance|[upkeep]\n|-heal|p2b: Sinistcha|71/100|[from] item: Leftovers\n|upkeep\n|turn|3\n|\n|t:|1776446021\n|move|p1a: Pelipper|Protect|p1a: Pelipper\n|-singleturn|p1a: Pelipper|Protect\n|move|p2b: Sinistcha|Matcha Gotcha|p1b: Archaludon|[spread] p1b\n|-activate|p1a: Pelipper|move: Protect\n|-resisted|p1b: Archaludon|2\n|-damage|p1b: Archaludon|93/100\n|-heal|p2b: Sinistcha|76/100|[from] drain|[of] p1b: Archaludon\n|-ability|p1b: Archaludon|Stamina|boost\n|-boost|p1b: Archaludon|def|1\n|move|p2a: Oranguru|Instruct|p2b: Sinistcha\n|-singleturn|p2b: Sinistcha|move: Instruct|[of] p2a: Oranguru\n|move|p2b: Sinistcha|Matcha Gotcha|p1b: Archaludon|[spread] p1b\n|-activate|p1a: Pelipper|move: Protect\n|-resisted|p1b: Archaludon|2\n|-damage|p1b: Archaludon|85/100\n|-heal|p2b: Sinistcha|80/100|[from] drain|[of] p1b: Archaludon\n|-ability|p1b: Archaludon|Stamina|boost\n|-boost|p1b: Archaludon|def|1\n|move|p1b: Archaludon|Electro Shot||[still]\n|-prepare|p1b: Archaludon|Electro Shot\n|-boost|p1b: Archaludon|spa|1\n|-anim|p1b: Archaludon|Electro Shot|p2a: Oranguru\n|-damage|p2a: Oranguru|0 fnt\n|faint|p2a: Oranguru\n|\n|-weather|RainDance|[upkeep]\n|-heal|p2b: Sinistcha|86/100|[from] item: Leftovers\n|-heal|p1b: Archaludon|91/100|[from] item: Leftovers\n|upkeep\n|inactive|Houtlepel has 30 seconds left.\n|inactive|Houtlepel has 20 seconds left.\n|inactive|Houtlepel has 15 seconds left.\n|\n|t:|1776446062\n|switch|p2a: Feraligatr|Feraligatr, L50, M|100/100\n|turn|4\n|inactive|tragyc22 has 30 seconds left.\n|inactive|tragyc22 has 20 seconds left.\n|inactive|tragyc22 has 15 seconds left.\n|inactive|tragyc22 has 10 seconds left.\n|inactive|tragyc22 has 5 seconds left.\n|\n|t:|1776446116\n|switch|p1a: Sinistcha|Sinistcha, L50|100/100\n|-heal|p1b: Archaludon|100/100|[from] ability: Hospitality|[of] p1a: Sinistcha\n|detailschange|p2a: Feraligatr|Feraligatr-Mega, L50, M\n|-mega|p2a: Feraligatr|Feraligatr|Feraligite\n|move|p2b: Sinistcha|Rage Powder|p2b: Sinistcha\n|-singleturn|p2b: Sinistcha|move: Rage Powder\n|move|p2a: Feraligatr|Body Slam|p1a: Sinistcha\n|-damage|p1a: Sinistcha|47/100\n|move|p1b: Archaludon|Electro Shot||[still]\n|-prepare|p1b: Archaludon|Electro Shot\n|-boost|p1b: Archaludon|spa|1\n|-anim|p1b: Archaludon|Electro Shot|p2b: Sinistcha\n|-resisted|p2b: Sinistcha|1\n|-damage|p2b: Sinistcha|30/100\n|\n|-weather|RainDance|[upkeep]\n|-heal|p2b: Sinistcha|36/100|[from] item: Leftovers\n|upkeep\n|turn|5\n|\n|t:|1776446142\n|move|p2b: Sinistcha|Life Dew||[still]|[spread] p2a,p2b\n|-fail|p2a: Feraligatr|heal\n|-heal|p2b: Sinistcha|61/100\n|move|p2a: Feraligatr|Body Slam|p1a: Sinistcha\n|-damage|p1a: Sinistcha|0 fnt\n|faint|p1a: Sinistcha\n|move|p1b: Archaludon|Electro Shot||[still]\n|-prepare|p1b: Archaludon|Electro Shot\n|-boost|p1b: Archaludon|spa|1\n|-anim|p1b: Archaludon|Electro Shot|p2a: Feraligatr\n|-damage|p2a: Feraligatr|0 fnt\n|faint|p2a: Feraligatr\n|\n|-weather|none\n|-heal|p2b: Sinistcha|67/100|[from] item: Leftovers\n|-fieldend|move: Trick Room\n|upkeep\n|\n|t:|1776446155\n|switch|p1a: Pelipper|Pelipper, L50, M|47/100\n|switch|p2a: Incineroar|Incineroar, L50, M|100/100\n|-ability|p2a: Incineroar|Intimidate|boost\n|-unboost|p1a: Pelipper|atk|1\n|-unboost|p1b: Archaludon|atk|1\n|-weather|RainDance|[from] ability: Drizzle|[of] p1a: Pelipper\n|turn|6\n|\n|t:|1776446164\n|move|p1a: Pelipper|Protect|p1a: Pelipper\n|-singleturn|p1a: Pelipper|Protect\n|move|p2a: Incineroar|Fake Out|p1a: Pelipper\n|-activate|p1a: Pelipper|move: Protect\n|move|p1b: Archaludon|Electro Shot||[still]\n|-prepare|p1b: Archaludon|Electro Shot\n|-boost|p1b: Archaludon|spa|1\n|-anim|p1b: Archaludon|Electro Shot|p2a: Incineroar\n|-damage|p2a: Incineroar|0 fnt\n|faint|p2a: Incineroar\n|move|p2b: Sinistcha|Matcha Gotcha|p1a: Pelipper|[spread] p1b\n|-activate|p1a: Pelipper|move: Protect\n|-resisted|p1b: Archaludon|2\n|-damage|p1b: Archaludon|92/100\n|-heal|p2b: Sinistcha|72/100|[from] drain|[of] p1b: Archaludon\n|-ability|p1b: Archaludon|Stamina|boost\n|-boost|p1b: Archaludon|def|1\n|\n|-weather|RainDance|[upkeep]\n|-heal|p1b: Archaludon|98/100|[from] item: Leftovers\n|-heal|p2b: Sinistcha|78/100|[from] item: Leftovers\n|upkeep\n|turn|7\n|-message|Houtlepel forfeited.\n|\n|win|tragyc22\n",
  "uploadtime": 1776446105,
  "views": 20,
  "formatid": "gen9championsvgc2026regma",
  "rating": null,
  "private": 0,
  "password": null
}