{
  "id": "gen9championsvgc2026regma-2586331317",
  "format": "[Gen 9 Champions] VGC 2026 Reg M-A",
  "players": [
    "ranino2",
    "LewisCarroll"
  ],
  "log": "|j|\u2606ranino2\n|j|\u2606LewisCarroll\n|t:|1776426026\n|gametype|doubles\n|player|p1|ranino2|170|1045\n|player|p2|LewisCarroll|lucas|1117\n|gen|9\n|tier|[Gen 9 Champions] VGC 2026 Reg M-A\n|rated|\n|rule|Species Clause: Limit one of each Pok\u00e9mon\n|rule|Item Clause: Limit 1 of each item\n|clearpoke\n|poke|p1|Whimsicott, L50, F|\n|poke|p1|Excadrill, L50, M|\n|poke|p1|Tyranitar, L50, M|\n|poke|p1|Garchomp, L50, M|\n|poke|p1|Primarina, L50, M|\n|poke|p1|Rotom-Heat, L50|\n|poke|p2|Pelipper, L50, F|\n|poke|p2|Maushold, L50|\n|poke|p2|Azumarill, L50, M|\n|poke|p2|Dragonite, L50, F|\n|poke|p2|Archaludon, L50, F|\n|poke|p2|Sneasler, L50, F|\n|teampreview|4\n|\n|t:|1776426052\n|teamsize|p1|4\n|teamsize|p2|4\n|start\n|switch|p1a: Whimsicott|Whimsicott, L50, F|100/100\n|switch|p1b: Primarina|Primarina, L50, M|100/100\n|switch|p2a: Maushold|Maushold, L50|100/100\n|switch|p2b: Azumarill|Azumarill, L50, M|100/100\n|turn|1\n|inactive|Battle timer is ON: inactive players will automatically lose when time's up. (requested by LewisCarroll)\n|\n|t:|1776426070\n|move|p1a: Whimsicott|Tailwind|p1a: Whimsicott\n|-sidestart|p1: ranino2|move: Tailwind\n|move|p2a: Maushold|Taunt|p1a: Whimsicott\n|-start|p1a: Whimsicott|move: Taunt\n|move|p1b: Primarina|Icy Wind|p2a: Maushold|[spread] p2a,p2b\n|-resisted|p2b: Azumarill|1\n|-damage|p2a: Maushold|80/100\n|-damage|p2b: Azumarill|94/100\n|-unboost|p2a: Maushold|spe|1\n|-unboost|p2b: Azumarill|spe|1\n|move|p2b: Azumarill|Belly Drum|p2b: Azumarill\n|-damage|p2b: Azumarill|44/100\n|-setboost|p2b: Azumarill|atk|6|[from] move: Belly Drum\n|-enditem|p2b: Azumarill|Sitrus Berry|[eat]\n|-heal|p2b: Azumarill|69/100|[from] item: Sitrus Berry\n|\n|upkeep\n|turn|2\n|inactive|ranino2 has 30 seconds left.\n|inactive|ranino2 has 20 seconds left.\n|inactive|ranino2 has 15 seconds left.\n|\n|t:|1776426111\n|switch|p1a: Rotom|Rotom-Heat, L50|100/100\n|move|p1b: Primarina|Protect|p1b: Primarina\n|-singleturn|p1b: Primarina|Protect\n|move|p2a: Maushold|Follow Me|p2a: Maushold\n|-singleturn|p2a: Maushold|move: Follow Me\n|move|p2b: Azumarill|Play Rough|p1b: Primarina\n|-activate|p1b: Primarina|move: Protect\n|\n|upkeep\n|turn|3\n|\n|t:|1776426136\n|move|p2a: Maushold|Follow Me|p2a: Maushold\n|-singleturn|p2a: Maushold|move: Follow Me\n|move|p1a: Rotom|Thunderbolt|p2a: Maushold\n|-damage|p2a: Maushold|26/100\n|move|p1b: Primarina|Moonblast|p2a: Maushold\n|-damage|p2a: Maushold|0 fnt\n|faint|p2a: Maushold\n|move|p2b: Azumarill|Play Rough|p1b: Primarina\n|-damage|p1b: Primarina|0 fnt\n|faint|p1b: Primarina\n|\n|upkeep\n|\n|t:|1776426151\n|switch|p2a: Pelipper|Pelipper, L50, F|100/100\n|switch|p1b: Whimsicott|Whimsicott, L50, F|100/100\n|-weather|RainDance|[from] ability: Drizzle|[of] p2a: Pelipper\n|turn|4\n|\n|t:|1776426163\n|move|p1b: Whimsicott|Taunt|p2a: Pelipper\n|-start|p2a: Pelipper|move: Taunt\n|move|p2b: Azumarill|Aqua Jet|p1a: Rotom\n|-supereffective|p1a: Rotom|1\n|-crit|p1a: Rotom\n|-damage|p1a: Rotom|0 fnt\n|faint|p1a: Rotom\n|cant|p2a: Pelipper|move: Taunt|Tailwind\n|\n|-weather|RainDance|[upkeep]\n|-sideend|p1: ranino2|move: Tailwind\n|upkeep\n|\n|t:|1776426174\n|switch|p1a: Garchomp|Garchomp, L50, M|100/100\n|turn|5\n|\n|t:|1776426186\n|switch|p2a: Sneasler|Sneasler, L50, F|100/100\n|move|p1a: Garchomp|Protect|p1a: Garchomp\n|-singleturn|p1a: Garchomp|Protect\n|move|p2b: Azumarill|Protect|p2b: Azumarill\n|-singleturn|p2b: Azumarill|Protect\n|move|p1b: Whimsicott|Encore|p2b: Azumarill\n|-activate|p2b: Azumarill|move: Protect\n|\n|-weather|RainDance|[upkeep]\n|upkeep\n|turn|6\n|\n|t:|1776426203\n|move|p1b: Whimsicott|Tailwind|p1b: Whimsicott\n|-sidestart|p1: ranino2|move: Tailwind\n|move|p2b: Azumarill|Aqua Jet|p1a: Garchomp\n|-damage|p1a: Garchomp|0 fnt\n|-damage|p2b: Azumarill|56/100|[from] ability: Rough Skin|[of] p1a: Garchomp\n|faint|p1a: Garchomp\n|move|p2a: Sneasler|Dire Claw|p1b: Whimsicott\n|-supereffective|p1b: Whimsicott|2\n|-enditem|p1b: Whimsicott|Focus Sash\n|-damage|p1b: Whimsicott|1/100\n|\n|-weather|RainDance|[upkeep]\n|upkeep\n|turn|7\n|-message|ranino2 forfeited.\n|\n|win|LewisCarroll\n|raw|ranino2's rating: 1045 &rarr; <strong>1032</strong><br />(-13 for losing)\n|raw|LewisCarroll's rating: 1117 &rarr; <strong>1137</strong><br />(+20 for winning)\n|l|\u2606ranino2\n|player|p1|\n",
  "uploadtime": 1776426220,
  "views": 28,
  "formatid": "gen9championsvgc2026regma",
  "rating": 1032,
  "private": 0,
  "password": null
}