{
  "id": "gen9championsvgc2026regma-2584436855",
  "format": "[Gen 9 Champions] VGC 2026 Reg M-A",
  "players": [
    "sobito",
    "piedi nei piedi"
  ],
  "log": "|j|\u2606sobito\n|j|\u2606piedi nei piedi\n|t:|1776260783\n|gametype|doubles\n|player|p1|sobito|grimsley|1392\n|player|p2|piedi nei piedi|zinnia|1477\n|gen|9\n|tier|[Gen 9 Champions] VGC 2026 Reg M-A\n|rated|\n|rule|Species Clause: Limit one of each Pok\u00e9mon\n|rule|Item Clause: Limit 1 of each item\n|clearpoke\n|poke|p1|Glaceon, L50, F|\n|poke|p1|Palafin, L50, M|\n|poke|p1|Sinistcha, L50|\n|poke|p1|Incineroar, L50, M|\n|poke|p1|Kingambit, L50, M|\n|poke|p1|Froslass, L50, F|\n|poke|p2|Maushold, L50|\n|poke|p2|Sneasler, L50, M|\n|poke|p2|Froslass, L50, F|\n|poke|p2|Samurott-Hisui, L50, M|\n|poke|p2|Arcanine-Hisui, L50, M|\n|poke|p2|Milotic, L50, F|\n|teampreview|4\n|l|\u2606piedi nei piedi\n|player|p2|\n|\n|t:|1776260821\n|teamsize|p1|4\n|teamsize|p2|4\n|start\n|switch|p1a: Palafin|Palafin, L50, M|100/100\n|switch|p1b: Froslass|Froslass, L50, F|100/100\n|switch|p2a: Miloticus|Milotic, L50, F|100/100\n|switch|p2b: Froslasso|Froslass, L50, F|100/100\n|turn|1\n|j|\u2606piedi nei piedi\n|player|p2|piedi nei piedi|zinnia|\n|\n|t:|1776260846\n|switch|p2b: Mausholdi|Maushold, L50|100/100\n|detailschange|p1b: Froslass|Froslass-Mega, L50, F\n|-mega|p1b: Froslass|Froslass|Froslassite\n|-weather|Snowscape|[from] ability: Snow Warning|[of] p1b: Froslass\n|move|p1b: Froslass|Aurora Veil|p1b: Froslass\n|-sidestart|p1: sobito|move: Aurora Veil\n|move|p1a: Palafin|Flip Turn|p2b: Mausholdi\n|-damage|p2b: Mausholdi|76/100\n|\n|t:|1776260854\n|detailschange|p1a: Palafin|Palafin-Hero, L50, M\n|switch|p1a: Glaceon|Glaceon, L50, F|100/100|[from] Flip Turn\n|move|p2a: Miloticus|Coil|p2a: Miloticus\n|-boost|p2a: Miloticus|atk|1\n|-boost|p2a: Miloticus|def|1\n|-boost|p2a: Miloticus|accuracy|1\n|\n|-weather|Snowscape|[upkeep]\n|upkeep\n|turn|2\n|\n|t:|1776260869\n|move|p1b: Froslass|Protect|p1b: Froslass\n|-singleturn|p1b: Froslass|Protect\n|move|p2b: Mausholdi|Taunt|p1b: Froslass\n|-activate|p1b: Froslass|move: Protect\n|move|p2a: Miloticus|Hypnosis|p1a: Glaceon\n|-status|p1a: Glaceon|slp|[from] move: Hypnosis\n|cant|p1a: Glaceon|slp\n|\n|-weather|Snowscape|[upkeep]\n|upkeep\n|turn|3\n|\n|t:|1776260881\n|switch|p2b: Froslasso|Froslass, L50, F|100/100\n|move|p1b: Froslass|Blizzard|p2a: Miloticus|[spread] p2a,p2b\n|-resisted|p2a: Miloticus|1\n|-resisted|p2b: Froslasso|1\n|-damage|p2a: Miloticus|83/100\n|-damage|p2b: Froslasso|66/100\n|move|p2a: Miloticus|Hypnosis|p1b: Froslass\n|-status|p1b: Froslass|slp|[from] move: Hypnosis\n|cant|p1a: Glaceon|slp\n|\n|-weather|Snowscape|[upkeep]\n|-heal|p2a: Miloticus|89/100|[from] item: Leftovers\n|upkeep\n|turn|4\n|j| Laguneiro\n|\n|t:|1776260907\n|detailschange|p2b: Froslasso|Froslass-Mega, L50, F\n|-mega|p2b: Froslasso|Froslass|Froslassite\n|cant|p1b: Froslass|slp\n|move|p2b: Froslasso|Aurora Veil|p2b: Froslasso\n|-sidestart|p2: piedi nei piedi|move: Aurora Veil\n|move|p2a: Miloticus|Coil|p2a: Miloticus\n|-boost|p2a: Miloticus|atk|1\n|-boost|p2a: Miloticus|def|1\n|-boost|p2a: Miloticus|accuracy|1\n|-curestatus|p1a: Glaceon|slp|[msg]\n|move|p1a: Glaceon|Freeze-Dry|p2a: Miloticus\n|-supereffective|p2a: Miloticus|1\n|-damage|p2a: Miloticus|44/100\n|\n|-weather|Snowscape|[upkeep]\n|-heal|p2a: Miloticus|50/100|[from] item: Leftovers\n|upkeep\n|turn|5\n|\n|t:|1776260928\n|switch|p2b: Samurottium|Samurott-Hisui, L50, M|100/100\n|move|p1a: Glaceon|Protect|p1a: Glaceon\n|-singleturn|p1a: Glaceon|Protect\n|-curestatus|p1b: Froslass|slp|[msg]\n|move|p1b: Froslass|Shadow Ball|p2b: Samurottium\n|-resisted|p2b: Samurottium|1\n|-damage|p2b: Samurottium|78/100\n|move|p2a: Miloticus|Hypnosis|p1a: Glaceon\n|-activate|p1a: Glaceon|move: Protect\n|\n|-weather|none\n|-heal|p2a: Miloticus|56/100|[from] item: Leftovers\n|-sideend|p1: sobito|move: Aurora Veil\n|upkeep\n|turn|6\n|l| Laguneiro\n|\n|t:|1776260945\n|switch|p1b: Palafin|Palafin-Hero, L50, M|100/100\n|-activate|p1b: Palafin|ability: Zero to Hero\n|move|p1a: Glaceon|Protect|p1a: Glaceon\n|-singleturn|p1a: Glaceon|Protect\n|move|p2b: Samurottium|Ceaseless Edge|p1b: Palafin\n|-damage|p1b: Palafin|57/100\n|-sidestart|p1: sobito|Spikes\n|move|p2a: Miloticus|Hypnosis|p1a: Glaceon\n|-activate|p1a: Glaceon|move: Protect\n|\n|-heal|p2a: Miloticus|62/100|[from] item: Leftovers\n|upkeep\n|turn|7\n|\n|t:|1776260968\n|switch|p1a: Froslass|Froslass-Mega, L50, F|100/100\n|-damage|p1a: Froslass|88/100|[from] Spikes\n|-weather|Snowscape|[from] ability: Snow Warning|[of] p1a: Froslass\n|move|p2b: Samurottium|Protect|p2b: Samurottium\n|-singleturn|p2b: Samurottium|Protect\n|move|p1b: Palafin|Close Combat|p2b: Samurottium\n|-activate|p2b: Samurottium|move: Protect\n|move|p2a: Miloticus|Hypnosis|p1a: Froslass\n|-status|p1a: Froslass|slp|[from] move: Hypnosis\n|\n|-weather|Snowscape|[upkeep]\n|-heal|p2a: Miloticus|68/100|[from] item: Leftovers\n|upkeep\n|turn|8\n|\n|t:|1776260991\n|switch|p2b: Froslasso|Froslass-Mega, L50, F|66/100\n|switch|p1b: Glaceon|Glaceon, L50, F|100/100\n|-damage|p1b: Glaceon|88/100|[from] Spikes\n|cant|p1a: Froslass|slp\n|move|p2a: Miloticus|Muddy Water|p1b: Glaceon|[spread] p1a,p1b\n|-damage|p1a: Froslass|54/100 slp\n|-damage|p1b: Glaceon|57/100\n|-unboost|p1b: Glaceon|accuracy|1\n|\n|-weather|Snowscape|[upkeep]\n|-heal|p2a: Miloticus|75/100|[from] item: Leftovers\n|-sideend|p2: piedi nei piedi|move: Aurora Veil\n|upkeep\n|turn|9\n|\n|t:|1776261009\n|switch|p2b: Samurottium|Samurott-Hisui, L50, M|78/100\n|cant|p1a: Froslass|slp\n|move|p2a: Miloticus|Hypnosis|p1b: Glaceon\n|-status|p1b: Glaceon|slp|[from] move: Hypnosis\n|cant|p1b: Glaceon|slp\n|\n|-weather|Snowscape|[upkeep]\n|-heal|p2a: Miloticus|81/100|[from] item: Leftovers\n|upkeep\n|turn|10\n|\n|t:|1776261032\n|-curestatus|p1a: Froslass|slp|[msg]\n|move|p1a: Froslass|Aurora Veil|p1a: Froslass\n|-sidestart|p1: sobito|move: Aurora Veil\n|move|p2b: Samurottium|Ceaseless Edge|p1a: Froslass\n|-supereffective|p1a: Froslass|1\n|-damage|p1a: Froslass|0 fnt\n|-sidestart|p1: sobito|Spikes\n|faint|p1a: Froslass\n|move|p2a: Miloticus|Muddy Water|p1b: Glaceon\n|-damage|p1b: Glaceon|31/100 slp\n|-curestatus|p1b: Glaceon|slp|[msg]\n|move|p1b: Glaceon|Freeze-Dry|p2a: Miloticus\n|-supereffective|p2a: Miloticus|1\n|-damage|p2a: Miloticus|14/100\n|\n|-weather|Snowscape|[upkeep]\n|-heal|p2a: Miloticus|21/100|[from] item: Leftovers\n|upkeep\n|\n|t:|1776261050\n|switch|p1a: Palafin|Palafin-Hero, L50, M|57/100\n|-damage|p1a: Palafin|40/100|[from] Spikes\n|turn|11\n|\n|t:|1776261066\n|move|p2b: Samurottium|Protect|p2b: Samurottium\n|-singleturn|p2b: Samurottium|Protect\n|move|p2a: Miloticus|Protect|p2a: Miloticus\n|-singleturn|p2a: Miloticus|Protect\n|move|p1a: Palafin|Jet Punch|p2a: Miloticus\n|-activate|p2a: Miloticus|move: Protect\n|move|p1b: Glaceon|Freeze-Dry|p2b: Samurottium\n|-activate|p2b: Samurottium|move: Protect\n|\n|-weather|none\n|-heal|p2a: Miloticus|27/100|[from] item: Leftovers\n|upkeep\n|turn|12\n|\n|t:|1776261089\n|switch|p2b: Mausholdi|Maushold, L50|76/100\n|move|p1a: Palafin|Close Combat|p2b: Mausholdi\n|-supereffective|p2b: Mausholdi|1\n|-enditem|p2b: Mausholdi|Chople Berry|[eat]\n|-enditem|p2b: Mausholdi|Chople Berry|[weaken]\n|-damage|p2b: Mausholdi|20/100\n|-unboost|p1a: Palafin|def|1\n|-unboost|p1a: Palafin|spd|1\n|move|p2a: Miloticus|Muddy Water|p1a: Palafin|[spread] p1a,p1b\n|-resisted|p1a: Palafin|1\n|-damage|p1a: Palafin|28/100\n|-damage|p1b: Glaceon|12/100\n|-unboost|p1b: Glaceon|accuracy|1\n|move|p1b: Glaceon|Freeze-Dry|p2a: Miloticus|[miss]\n|-miss|p1b: Glaceon|p2a: Miloticus\n|\n|-heal|p2a: Miloticus|33/100|[from] item: Leftovers\n|upkeep\n|turn|13\n|\n|t:|1776261114\n|move|p2b: Mausholdi|Protect|p2b: Mausholdi\n|-singleturn|p2b: Mausholdi|Protect\n|move|p1a: Palafin|Jet Punch|p2b: Mausholdi\n|-activate|p2b: Mausholdi|move: Protect\n|move|p2a: Miloticus|Muddy Water|p1b: Glaceon|[spread] p1a,p1b\n|-resisted|p1a: Palafin|1\n|-crit|p1a: Palafin\n|-damage|p1a: Palafin|0 fnt\n|-damage|p1b: Glaceon|0 fnt\n|faint|p1a: Palafin\n|faint|p1b: Glaceon\n|\n|-heal|p2a: Miloticus|39/100|[from] item: Leftovers\n|upkeep\n|\n|t:|1776261126\n|switch|p1b: Incineroar|Incineroar, L50, M, shiny|100/100\n|-damage|p1b: Incineroar|84/100|[from] Spikes\n|-ability|p1b: Incineroar|Intimidate|boost\n|-unboost|p2a: Miloticus|atk|1\n|-ability|p2a: Miloticus|Competitive|boost\n|-boost|p2a: Miloticus|spa|2\n|-unboost|p2b: Mausholdi|atk|1\n|turn|14\n|-message|sobito forfeited.\n|\n|win|piedi nei piedi\n|raw|sobito's rating: 1392 &rarr; <strong>1377</strong><br />(-15 for losing)\n|raw|piedi nei piedi's rating: 1477 &rarr; <strong>1492</strong><br />(+15 for winning)\n|l|\u2606sobito\n|player|p1|\n",
  "uploadtime": 1776261138,
  "views": 45,
  "formatid": "gen9championsvgc2026regma",
  "rating": 1377,
  "private": 0,
  "password": null
}