{
  "id": "gen9championsvgc2026regma-2584208933",
  "format": "[Gen 9 Champions] VGC 2026 Reg M-A",
  "players": [
    "klipce",
    "Nimblefrog6"
  ],
  "log": "|j|\u2606klipce\n|j|\u2606Nimblefrog6\n|t:|1776238437\n|gametype|doubles\n|player|p1|klipce|102|1094\n|player|p2|Nimblefrog6|medium-gen2jp|1051\n|gen|9\n|tier|[Gen 9 Champions] VGC 2026 Reg M-A\n|rated|\n|rule|Species Clause: Limit one of each Pok\u00e9mon\n|rule|Item Clause: Limit 1 of each item\n|clearpoke\n|poke|p1|Scovillain, L50, F|\n|poke|p1|Sinistcha-Masterpiece, L50|\n|poke|p1|Charizard, L50, M|\n|poke|p1|Rhyperior, L50, M|\n|poke|p1|Sableye, L50, F|\n|poke|p1|Torkoal, L50, F|\n|poke|p2|Dragapult, L50, M|\n|poke|p2|Sneasler, L50, F|\n|poke|p2|Froslass, L50, F|\n|poke|p2|Glimmora, L50, M|\n|poke|p2|Whimsicott, L50, F|\n|poke|p2|Incineroar, L50, F|\n|teampreview|4\n|inactive|Battle timer is ON: inactive players will automatically lose when time's up. (requested by Nimblefrog6)\nNimblefrog6 has agreed to open team sheets.\n|inactive|klipce has 60 seconds left.\n|\n|t:|1776238496\n|teamsize|p1|4\n|teamsize|p2|4\n|start\n|switch|p1a: Scovillain|Scovillain, L50, F|100/100\n|switch|p1b: Sinistcha|Sinistcha-Masterpiece, L50|100/100\n|switch|p2a: Froslass|Froslass, L50, F|100/100\n|switch|p2b: Incineroar|Incineroar, L50, F|100/100\n|-ability|p2b: Incineroar|Intimidate|boost\n|-unboost|p1a: Scovillain|atk|1\n|-unboost|p1b: Sinistcha|atk|1\n|turn|1\n|\n|t:|1776238512\n|detailschange|p2a: Froslass|Froslass-Mega, L50, F\n|-mega|p2a: Froslass|Froslass|Froslassite\n|-weather|Snowscape|[from] ability: Snow Warning|[of] p2a: Froslass\n|detailschange|p1a: Scovillain|Scovillain-Mega, L50, F\n|-mega|p1a: Scovillain|Scovillain|Scovillainite\n|move|p2b: Incineroar|Fake Out|p1a: Scovillain\n|-damage|p1a: Scovillain|87/100\n|-immune|p2b: Incineroar\n|cant|p1a: Scovillain|flinch\n|move|p2a: Froslass|Blizzard|p1b: Sinistcha|[spread] p1a,p1b\n|-supereffective|p1b: Sinistcha|1\n|-damage|p1a: Scovillain|31/100\n|-damage|p1b: Sinistcha|0 fnt\n|-status|p2a: Froslass|brn|[from] ability: Spicy Spray|[of] p1a: Scovillain\n|faint|p1b: Sinistcha\n|\n|-weather|Snowscape|[upkeep]\n|-damage|p2a: Froslass|94/100 brn|[from] brn\n|upkeep\n|\n|t:|1776238534\n|switch|p1b: Torkoal|Torkoal, L50, F|100/100\n|-weather|SunnyDay|[from] ability: Drought|[of] p1b: Torkoal\n|turn|2\n|\n|t:|1776238545\n|switch|p2a: Glimmora|Glimmora, L50, M|100/100\n|move|p1a: Scovillain|Rage Powder|p1a: Scovillain\n|-singleturn|p1a: Scovillain|move: Rage Powder\n|move|p2b: Incineroar|Parting Shot|p1a: Scovillain\n|-unboost|p1a: Scovillain|atk|1\n|-unboost|p1a: Scovillain|spa|1\n|\n|t:|1776238554\n|switch|p2b: Froslass|Froslass-Mega, L50, F|94/100 brn|[from] Parting Shot\n|-weather|Snowscape|[from] ability: Snow Warning|[of] p2b: Froslass\n|move|p1b: Torkoal|Eruption|p2a: Glimmora|[spread] p2a,p2b\n|-resisted|p2a: Glimmora|1\n|-supereffective|p2b: Froslass|1\n|-damage|p2a: Glimmora|63/100\n|-damage|p2b: Froslass|0 fnt\n|faint|p2b: Froslass\n|\n|-weather|Snowscape|[upkeep]\n|upkeep\n|\n|t:|1776238561\n|switch|p2b: Sneasler|Sneasler, L50, F|100/100\n|turn|3\n|\n|t:|1776238584\n|move|p1a: Scovillain|Rage Powder|p1a: Scovillain\n|-singleturn|p1a: Scovillain|move: Rage Powder\n|move|p2b: Sneasler|Dire Claw|p1a: Scovillain\n|-supereffective|p1a: Scovillain|1\n|-damage|p1a: Scovillain|0 fnt\n|-status|p2b: Sneasler|brn|[from] ability: Spicy Spray|[of] p1a: Scovillain\n|faint|p1a: Scovillain\n|move|p2a: Glimmora|Power Gem|p1b: Torkoal\n|-supereffective|p1b: Torkoal|1\n|-damage|p1b: Torkoal|0 fnt\n|faint|p1b: Torkoal\n|\n|-weather|Snowscape|[upkeep]\n|-damage|p2b: Sneasler|95/100 brn|[from] brn\n|upkeep\n|\n|t:|1776238600\n|switch|p1a: Rhyperior|Rhyperior, L50, M|100/100\n|turn|4\n|\n|t:|1776238613\n|move|p2b: Sneasler|Dire Claw|p1a: Rhyperior\n|-resisted|p1a: Rhyperior|2\n|-damage|p1a: Rhyperior|97/100\n|move|p2a: Glimmora|Earth Power|p1a: Rhyperior\n|-supereffective|p1a: Rhyperior|1\n|-damage|p1a: Rhyperior|37/100\n|move|p1a: Rhyperior|Earthquake|p2b: Sneasler|[spread] p2a,p2b\n|-supereffective|p2a: Glimmora|2\n|-supereffective|p2b: Sneasler|1\n|-damage|p2a: Glimmora|0 fnt\n|-damage|p2b: Sneasler|0 fnt\n|-activate|p2a: Glimmora|ability: Toxic Debris\n|-sidestart|p1: klipce|move: Toxic Spikes\n|faint|p2a: Glimmora\n|faint|p2b: Sneasler\n|\n|-weather|Snowscape|[upkeep]\n|upkeep\n|\n|t:|1776238619\n|switch|p2a: Incineroar|Incineroar, L50, F|100/100\n|-ability|p2a: Incineroar|Intimidate|boost\n|-unboost|p1a: Rhyperior|atk|1\n|-enditem|p1a: Rhyperior|White Herb\n|-clearnegativeboost|p1a: Rhyperior|[silent]\n|turn|5\n|\n|t:|1776238634\n|move|p1a: Rhyperior|Protect|p1a: Rhyperior\n|-singleturn|p1a: Rhyperior|Protect\n|move|p2a: Incineroar|Fake Out|p1a: Rhyperior\n|-activate|p1a: Rhyperior|move: Protect\n|\n|-weather|Snowscape|[upkeep]\n|upkeep\n|turn|6\n|\n|t:|1776238649\n|move|p2a: Incineroar|Darkest Lariat|p1a: Rhyperior\n|-damage|p1a: Rhyperior|14/100\n|move|p1a: Rhyperior|Earthquake|p2a: Incineroar\n|-supereffective|p2a: Incineroar|1\n|-damage|p2a: Incineroar|0 fnt\n|faint|p2a: Incineroar\n|\n|win|klipce\n|raw|klipce's rating: 1094 &rarr; <strong>1117</strong><br />(+23 for winning)\n|raw|Nimblefrog6's rating: 1051 &rarr; <strong>1036</strong><br />(-15 for losing)\n|l|\u2606Nimblefrog6\n|player|p2|\n",
  "uploadtime": 1776238662,
  "views": 17,
  "formatid": "gen9championsvgc2026regma",
  "rating": 1036,
  "private": 0,
  "password": null
}