{
  "id": "gen9championsvgc2026regma-2585800704",
  "format": "[Gen 9 Champions] VGC 2026 Reg M-A",
  "players": [
    "AAACompanyBtw",
    "k4ns4s"
  ],
  "log": "|j|\u2606AAACompanyBtw\n|j|\u2606k4ns4s\n|t:|1776371582\n|gametype|doubles\n|player|p1|AAACompanyBtw|2|1178\n|player|p2|k4ns4s|clair|1090\n|gen|9\n|tier|[Gen 9 Champions] VGC 2026 Reg M-A\n|rated|\n|rule|Species Clause: Limit one of each Pok\u00e9mon\n|rule|Item Clause: Limit 1 of each item\n|clearpoke\n|poke|p1|Gallade, L50, M|\n|poke|p1|Pelipper, L50, M|\n|poke|p1|Rotom-Wash, L50|\n|poke|p1|Mamoswine, L50, F|\n|poke|p1|Orthworm, L50, M|\n|poke|p1|Dragonite, L50, F|\n|poke|p2|Tsareena, L50, F|\n|poke|p2|Goodra-Hisui, L50, M|\n|poke|p2|Incineroar, L50, F|\n|poke|p2|Araquanid, L50, M|\n|poke|p2|Aerodactyl, L50, M|\n|poke|p2|Sylveon, L50, M|\n|teampreview|4\n|\n|t:|1776371637\n|teamsize|p1|4\n|teamsize|p2|4\n|start\n|switch|p1a: Gallade|Gallade, L50, M|100/100\n|switch|p1b: Pelipper|Pelipper, L50, M|100/100\n|switch|p2a: Incineroar|Incineroar, L50, F|100/100\n|switch|p2b: Aerodactyl|Aerodactyl, L50, M|100/100\n|-ability|p2b: Aerodactyl|Unnerve\n|-weather|RainDance|[from] ability: Drizzle|[of] p1b: Pelipper\n|-ability|p2a: Incineroar|Intimidate|boost\n|-unboost|p1a: Gallade|atk|1\n|-unboost|p1b: Pelipper|atk|1\n|turn|1\n|inactive|Battle timer is ON: inactive players will automatically lose when time's up. (requested by AAACompanyBtw)\n|\n|t:|1776371658\n|detailschange|p2b: Aerodactyl|Aerodactyl-Mega, L50, M\n|-mega|p2b: Aerodactyl|Aerodactyl|Aerodactylite\n|move|p2a: Incineroar|Fake Out|p1b: Pelipper\n|-damage|p1b: Pelipper|90/100\n|move|p1a: Gallade|Wide Guard|p1a: Gallade\n|-singleturn|p1a: Gallade|Wide Guard\n|move|p2b: Aerodactyl|Dual Wingbeat|p1a: Gallade\n|-supereffective|p1a: Gallade|1\n|-enditem|p1a: Gallade|Coba Berry|[eat]\n|-enditem|p1a: Gallade|Coba Berry|[weaken]\n|-damage|p1a: Gallade|69/100\n|-supereffective|p1a: Gallade|1\n|-damage|p1a: Gallade|10/100\n|-hitcount|p1a: Gallade|2\n|cant|p1b: Pelipper|flinch\n|\n|-weather|RainDance|[upkeep]\n|upkeep\n|turn|2\n|inactive|k4ns4s has 30 seconds left.\n|\n|t:|1776371689\n|switch|p1a: Orthworm|Orthworm, L50, M|100/100\n|move|p2b: Aerodactyl|Rock Slide|p1b: Pelipper|[spread] p1a,p1b\n|-resisted|p1a: Orthworm|1\n|-supereffective|p1b: Pelipper|1\n|-damage|p1a: Orthworm|91/100\n|-damage|p1b: Pelipper|50/100\n|move|p1b: Pelipper|Tailwind|p1b: Pelipper\n|-sidestart|p1: AAACompanyBtw|move: Tailwind\n|move|p2a: Incineroar|Parting Shot|p1a: Orthworm\n|-unboost|p1a: Orthworm|atk|1\n|-unboost|p1a: Orthworm|spa|1\n|\n|t:|1776371705\n|switch|p2a: Goodra|Goodra-Hisui, L50, M|100/100|[from] Parting Shot\n|\n|-weather|RainDance|[upkeep]\n|upkeep\n|turn|3\n|\n|t:|1776371717\n|switch|p1b: Mamoswine|Mamoswine, L50, F|100/100\n|move|p2b: Aerodactyl|Rock Slide|p1a: Orthworm|[spread] p1a,p1b\n|-resisted|p1a: Orthworm|1\n|-crit|p1a: Orthworm\n|-damage|p1a: Orthworm|77/100\n|-damage|p1b: Mamoswine|70/100\n|move|p1a: Orthworm|Iron Defense|p1a: Orthworm\n|-boost|p1a: Orthworm|def|2\n|move|p2a: Goodra|Body Press|p1a: Orthworm\n|-supereffective|p1a: Orthworm|1\n|-damage|p1a: Orthworm|60/100\n|\n|-weather|RainDance|[upkeep]\n|upkeep\n|turn|4\n|inactive|k4ns4s has 30 seconds left.\n|inactive|AAACompanyBtw has 30 seconds left.\n|\n|t:|1776371753\n|move|p2b: Aerodactyl|Protect|p2b: Aerodactyl\n|-singleturn|p2b: Aerodactyl|Protect\n|move|p1b: Mamoswine|Earthquake|p2a: Goodra|[spread] p2a\n|-activate|p2b: Aerodactyl|move: Protect\n|-heal|p1a: Orthworm|85/100|[from] ability: Earth Eater|[of] p1b: Mamoswine\n|-supereffective|p2a: Goodra|1\n|-damage|p2a: Goodra|24/100\n|move|p1a: Orthworm|Body Press|p2b: Aerodactyl\n|-activate|p2b: Aerodactyl|move: Protect\n|move|p2a: Goodra|Body Press|p1b: Mamoswine\n|-supereffective|p1b: Mamoswine|1\n|-damage|p1b: Mamoswine|12/100\n|\n|-weather|RainDance|[upkeep]\n|upkeep\n|turn|5\n|inactive|AAACompanyBtw has 30 seconds left.\n|inactive|AAACompanyBtw has 20 seconds left.\n|inactive|AAACompanyBtw has 15 seconds left.\n|\n|t:|1776371794\n|move|p1b: Mamoswine|Protect|p1b: Mamoswine\n|-singleturn|p1b: Mamoswine|Protect\n|move|p2a: Goodra|Protect|p2a: Goodra\n|-singleturn|p2a: Goodra|Protect\n|move|p2b: Aerodactyl|Rock Slide|p1b: Mamoswine|[spread] p1a\n|-activate|p1b: Mamoswine|move: Protect\n|-resisted|p1a: Orthworm|1\n|-damage|p1a: Orthworm|80/100\n|move|p1a: Orthworm|Body Press|p2b: Aerodactyl\n|-damage|p2b: Aerodactyl|46/100\n|\n|-weather|none\n|-sideend|p1: AAACompanyBtw|move: Tailwind\n|upkeep\n|turn|6\n|\n|t:|1776371813\n|move|p1b: Mamoswine|Ice Shard|p2b: Aerodactyl\n|-supereffective|p2b: Aerodactyl|1\n|-damage|p2b: Aerodactyl|0 fnt\n|faint|p2b: Aerodactyl\n|move|p2a: Goodra|Body Press|p1a: Orthworm\n|-supereffective|p1a: Orthworm|1\n|-damage|p1a: Orthworm|61/100\n|move|p1a: Orthworm|Iron Defense|p1a: Orthworm\n|-boost|p1a: Orthworm|def|2\n|\n|upkeep\n|\n|t:|1776371821\n|switch|p2b: Incineroar|Incineroar, L50, F|100/100\n|-ability|p2b: Incineroar|Intimidate|boost\n|-unboost|p1a: Orthworm|atk|1\n|-fail|p1b: Mamoswine|unboost|Attack|[from] ability: Oblivious|[of] p1b: Mamoswine\n|turn|7\n|\n|t:|1776371835\n|move|p1b: Mamoswine|Protect|p1b: Mamoswine\n|-singleturn|p1b: Mamoswine|Protect\n|move|p2a: Goodra|Protect|p2a: Goodra\n|-singleturn|p2a: Goodra|Protect\n|move|p2b: Incineroar|Fake Out|p1b: Mamoswine\n|-activate|p1b: Mamoswine|move: Protect\n|move|p1a: Orthworm|Iron Defense|p1a: Orthworm\n|-boost|p1a: Orthworm|def|2\n|\n|upkeep\n|turn|8\n|\n|t:|1776371856\n|move|p1b: Mamoswine|Earthquake|p2a: Goodra|[spread] p2a,p2b\n|-heal|p1a: Orthworm|86/100|[from] ability: Earth Eater|[of] p1b: Mamoswine\n|-supereffective|p2a: Goodra|1\n|-supereffective|p2b: Incineroar|1\n|-damage|p2a: Goodra|0 fnt\n|-damage|p2b: Incineroar|26/100\n|-enditem|p2b: Incineroar|Sitrus Berry|[eat]\n|-heal|p2b: Incineroar|51/100|[from] item: Sitrus Berry\n|faint|p2a: Goodra\n|move|p2b: Incineroar|Flare Blitz|p1a: Orthworm\n|-supereffective|p1a: Orthworm|1\n|-damage|p1a: Orthworm|64/100\n|-damage|p2b: Incineroar|45/100|[from] Recoil\n|move|p1a: Orthworm|Body Press|p2b: Incineroar\n|-supereffective|p2b: Incineroar|1\n|-damage|p2b: Incineroar|0 fnt\n|faint|p2b: Incineroar\n|\n|upkeep\n|\n|t:|1776371871\n|switch|p2b: Sylveon|Sylveon, L50, M|100/100\n|turn|9\n|\n|t:|1776371887\n|move|p1b: Mamoswine|Ice Shard|p2b: Sylveon\n|-damage|p2b: Sylveon|67/100\n|move|p2b: Sylveon|Quick Attack|p1b: Mamoswine\n|-damage|p1b: Mamoswine|0 fnt\n|faint|p1b: Mamoswine\n|move|p1a: Orthworm|Heavy Slam|p2b: Sylveon\n|-supereffective|p2b: Sylveon|1\n|-damage|p2b: Sylveon|25/100\n|\n|upkeep\n|\n|t:|1776371895\n|switch|p1b: Pelipper|Pelipper, L50, M|50/100\n|-weather|RainDance|[from] ability: Drizzle|[of] p1b: Pelipper\n|turn|10\n|\n|t:|1776371904\n|move|p1b: Pelipper|Muddy Water|p2b: Sylveon|[miss]\n|-miss|p1b: Pelipper|p2b: Sylveon\n|move|p1a: Orthworm|Heavy Slam|p2b: Sylveon\n|-supereffective|p2b: Sylveon|1\n|-damage|p2b: Sylveon|0 fnt\n|faint|p2b: Sylveon\n|\n|win|AAACompanyBtw\n|raw|AAACompanyBtw's rating: 1178 &rarr; <strong>1197</strong><br />(+19 for winning)\n|raw|k4ns4s's rating: 1090 &rarr; <strong>1072</strong><br />(-18 for losing)\n",
  "uploadtime": 1776371907,
  "views": 21,
  "formatid": "gen9championsvgc2026regma",
  "rating": 1072,
  "private": 0,
  "password": null
}