{
  "id": "gen9championsvgc2026regma-2581684246",
  "format": "[Gen 9 Champions] VGC 2026 Reg M-A",
  "players": [
    "Chillgamer1236",
    "StrikerMohamud"
  ],
  "log": "|j|\u2606Chillgamer1236\n|j|\u2606StrikerMohamud\n|t:|1776020505\n|gametype|doubles\n|player|p1|Chillgamer1236|101|1157\n|player|p2|StrikerMohamud|unknown|1234\n|gen|9\n|tier|[Gen 9 Champions] VGC 2026 Reg M-A\n|rated|\n|rule|Species Clause: Limit one of each Pok\u00e9mon\n|rule|Item Clause: Limit 1 of each item\n|clearpoke\n|poke|p1|Pelipper, L50, F|\n|poke|p1|Basculegion, L50, M|\n|poke|p1|Archaludon, L50, M|\n|poke|p1|Maushold, L50|\n|poke|p1|Meganium, L50, M|\n|poke|p1|Sinistcha, L50|\n|poke|p2|Kangaskhan, L50, F|\n|poke|p2|Incineroar, L50, F|\n|poke|p2|Azumarill, L50, F|\n|poke|p2|Froslass, L50, F|\n|poke|p2|Garchomp, L50, F|\n|poke|p2|Talonflame, L50, M|\n|teampreview|4\n|\n|t:|1776020554\n|teamsize|p1|4\n|teamsize|p2|4\n|start\n|switch|p1a: Archaludon|Archaludon, L50, M|100/100\n|switch|p1b: Maushold|Maushold, L50|100/100\n|switch|p2a: Froslass|Froslass, L50, F, shiny|100/100\n|switch|p2b: Talonflame|Talonflame, L50, M, shiny|100/100\n|turn|1\n|\n|t:|1776020576\n|detailschange|p2a: Froslass|Froslass-Mega, L50, F, shiny\n|-mega|p2a: Froslass|Froslass|Froslassite\n|-weather|Snowscape|[from] ability: Snow Warning|[of] p2a: Froslass\n|move|p2b: Talonflame|Dual Wingbeat|p1b: Maushold\n|-damage|p1b: Maushold|77/100\n|-damage|p1b: Maushold|53/100\n|-hitcount|p1b: Maushold|2\n|move|p2a: Froslass|Blizzard|p1b: Maushold|[spread] p1a,p1b\n|-damage|p1a: Archaludon|57/100\n|-damage|p1b: Maushold|0 fnt\n|-ability|p1a: Archaludon|Stamina|boost\n|-boost|p1a: Archaludon|def|1\n|faint|p1b: Maushold\n|move|p1a: Archaludon|Flash Cannon|p2a: Froslass\n|-supereffective|p2a: Froslass|1\n|-crit|p2a: Froslass\n|-damage|p2a: Froslass|0 fnt\n|faint|p2a: Froslass\n|\n|-weather|Snowscape|[upkeep]\n|-heal|p1a: Archaludon|63/100|[from] item: Leftovers\n|upkeep\n|\n|t:|1776020593\n|switch|p2a: Garchomp|Garchomp, L50, F|100/100\n|switch|p1b: Pelipper|Pelipper, L50, F|100/100\n|-weather|RainDance|[from] ability: Drizzle|[of] p1b: Pelipper\n|turn|2\n|\n|t:|1776020629\n|move|p1a: Archaludon|Protect|p1a: Archaludon\n|-singleturn|p1a: Archaludon|Protect\n|move|p2b: Talonflame|Dual Wingbeat|p1b: Pelipper\n|-damage|p1b: Pelipper|79/100\n|-damage|p1b: Pelipper|59/100\n|-hitcount|p1b: Pelipper|2\n|move|p2a: Garchomp|Earthquake|p1b: Pelipper|[spread] \n|-activate|p1a: Archaludon|move: Protect\n|-immune|p2b: Talonflame\n|-immune|p1b: Pelipper\n|move|p1b: Pelipper|Tailwind|p1b: Pelipper\n|-sidestart|p1: Chillgamer1236|move: Tailwind\n|\n|-weather|RainDance|[upkeep]\n|-heal|p1a: Archaludon|69/100|[from] item: Leftovers\n|upkeep\n|turn|3\n|\n|t:|1776020663\n|move|p1b: Pelipper|Wide Guard|p1b: Pelipper\n|-singleturn|p1b: Pelipper|Wide Guard\n|move|p2b: Talonflame|Tailwind|p2b: Talonflame\n|-sidestart|p2: StrikerMohamud|move: Tailwind\n|move|p2a: Garchomp|Earthquake|p1b: Pelipper|[spread] \n|-activate|p1a: Archaludon|move: Wide Guard\n|-activate|p1b: Pelipper|move: Wide Guard\n|-immune|p2b: Talonflame\n|move|p1a: Archaludon|Electro Shot||[still]\n|-prepare|p1a: Archaludon|Electro Shot\n|-boost|p1a: Archaludon|spa|1\n|-anim|p1a: Archaludon|Electro Shot|p2a: Garchomp\n|-immune|p2a: Garchomp\n|\n|-weather|RainDance|[upkeep]\n|-heal|p1a: Archaludon|75/100|[from] item: Leftovers\n|upkeep\n|turn|4\n|\n|t:|1776020684\n|move|p1b: Pelipper|Wide Guard|p1b: Pelipper\n|-singleturn|p1b: Pelipper|Wide Guard\n|move|p2b: Talonflame|Dual Wingbeat|p1b: Pelipper\n|-damage|p1b: Pelipper|37/100\n|-damage|p1b: Pelipper|17/100\n|-hitcount|p1b: Pelipper|2\n|move|p2a: Garchomp|Earthquake|p1a: Archaludon|[spread] \n|-activate|p1a: Archaludon|move: Wide Guard\n|-activate|p1b: Pelipper|move: Wide Guard\n|-immune|p2b: Talonflame\n|move|p1a: Archaludon|Dragon Pulse|p2a: Garchomp\n|-supereffective|p2a: Garchomp|1\n|-damage|p2a: Garchomp|0 fnt\n|faint|p2a: Garchomp\n|\n|-weather|RainDance|[upkeep]\n|-heal|p1a: Archaludon|81/100|[from] item: Leftovers\n|upkeep\n|\n|t:|1776020692\n|switch|p2a: Azumarill|Azumarill, L50, F, shiny|100/100\n|turn|5\n|-message|StrikerMohamud forfeited.\n|\n|win|Chillgamer1236\n",
  "uploadtime": 1776020508,
  "views": 13,
  "formatid": "gen9championsvgc2026regma",
  "rating": null,
  "private": 0,
  "password": null
}