{
  "id": "gen9championsvgc2026regma-2583809073",
  "format": "[Gen 9 Champions] VGC 2026 Reg M-A",
  "players": [
    "rasb",
    "Jmaaaaa"
  ],
  "log": "|j|\u2606rasb\n|j|\u2606Jmaaaaa\n|t:|1776199267\n|gametype|doubles\n|player|p1|rasb|101|1113\n|player|p2|Jmaaaaa|ghetsis|1072\n|gen|9\n|tier|[Gen 9 Champions] VGC 2026 Reg M-A\n|rated|\n|rule|Species Clause: Limit one of each Pok\u00e9mon\n|rule|Item Clause: Limit 1 of each item\n|clearpoke\n|poke|p1|Floette-Eternal, L50, F|\n|poke|p1|Aerodactyl, L50, F|\n|poke|p1|Incineroar, L50, F|\n|poke|p1|Garchomp, L50, F|\n|poke|p1|Charizard, L50, F|\n|poke|p1|Venusaur, L50, M|\n|poke|p2|Charizard, L50, F|\n|poke|p2|Scovillain, L50, F|\n|poke|p2|Heliolisk, L50, F|\n|poke|p2|Torkoal, L50, M|\n|poke|p2|Conkeldurr, L50, M|\n|poke|p2|Houndoom, L50, F|\n|teampreview|4\n|inactive|Battle timer is ON: inactive players will automatically lose when time's up. (requested by rasb)\nrasb has agreed to open team sheets.\n|inactive|Jmaaaaa has 60 seconds left.\n|inactive|Jmaaaaa has 30 seconds left.\n|\n|t:|1776199392\n|teamsize|p1|4\n|teamsize|p2|4\n|start\n|switch|p1a: Venusaur|Venusaur, L50, M|100/100\n|switch|p1b: Incineroar|Incineroar, L50, F|100/100\n|switch|p2a: GOATkoal|Torkoal, L50, M|100/100\n|switch|p2b: Kermie|Heliolisk, L50, F|100/100\n|-ability|p1b: Incineroar|Intimidate|boost\n|-unboost|p2a: GOATkoal|atk|1\n|-unboost|p2b: Kermie|atk|1\n|-weather|SunnyDay|[from] ability: Drought|[of] p2a: GOATkoal\n|turn|1\n|inactive|rasb has 30 seconds left.\n|inactive|Jmaaaaa has 30 seconds left.\n|inactive|Jmaaaaa has 20 seconds left.\n|inactive|Jmaaaaa has 15 seconds left.\n|\n|t:|1776199448\n|move|p1b: Incineroar|Fake Out|p2a: GOATkoal\n|-damage|p2a: GOATkoal|91/100\n|move|p1a: Venusaur|Sleep Powder|p2b: Kermie\n|-status|p2b: Kermie|slp|[from] move: Sleep Powder\n|cant|p2b: Kermie|slp\n|cant|p2a: GOATkoal|flinch\n|\n|-weather|SunnyDay|[upkeep]\n|-damage|p2b: Kermie|88/100 slp|[from] ability: Solar Power|[of] p2b: Kermie\n|-heal|p2a: GOATkoal|98/100|[from] item: Leftovers\n|upkeep\n|turn|2\n|\n|t:|1776199459\n|move|p1a: Venusaur|Earth Power|p2a: GOATkoal\n|-supereffective|p2a: GOATkoal|1\n|-damage|p2a: GOATkoal|17/100\n|-curestatus|p2b: Kermie|slp|[msg]\n|move|p2b: Kermie|Focus Blast|p1b: Incineroar\n|-supereffective|p1b: Incineroar|1\n|-damage|p1b: Incineroar|0 fnt\n|faint|p1b: Incineroar\n|move|p2a: GOATkoal|Eruption|p1a: Venusaur\n|-supereffective|p1a: Venusaur|1\n|-damage|p1a: Venusaur|65/100\n|\n|-weather|SunnyDay|[upkeep]\n|-damage|p2b: Kermie|76/100|[from] ability: Solar Power|[of] p2b: Kermie\n|-heal|p2a: GOATkoal|24/100|[from] item: Leftovers\n|upkeep\n|\n|t:|1776199473\n|switch|p1b: Aerodactyl|Aerodactyl, L50, F|100/100\n|-ability|p1b: Aerodactyl|Unnerve\n|turn|3\n|\n|t:|1776199490\n|move|p2a: GOATkoal|Protect|p2a: GOATkoal\n|-singleturn|p2a: GOATkoal|Protect\n|move|p1a: Venusaur|Earth Power|p2b: Kermie\n|-supereffective|p2b: Kermie|1\n|-damage|p2b: Kermie|0 fnt\n|faint|p2b: Kermie\n|move|p1b: Aerodactyl|Rock Slide|p2a: GOATkoal\n|-activate|p2a: GOATkoal|move: Protect\n|\n|-weather|SunnyDay|[upkeep]\n|-heal|p2a: GOATkoal|30/100|[from] item: Leftovers\n|upkeep\n|\n|t:|1776199500\n|switch|p2b: bingqilin|Conkeldurr, L50, M|100/100\n|turn|4\n|\n|t:|1776199512\n|move|p1a: Venusaur|Sludge Bomb|p2a: GOATkoal\n|-damage|p2a: GOATkoal|0 fnt\n|faint|p2a: GOATkoal\n|move|p1b: Aerodactyl|Dual Wingbeat|p2b: bingqilin|[miss]\n|-miss|p1b: Aerodactyl|p2b: bingqilin\n|move|p2b: bingqilin|Thunder Punch|p1b: Aerodactyl\n|-supereffective|p1b: Aerodactyl|1\n|-crit|p1b: Aerodactyl\n|-damage|p1b: Aerodactyl|0 fnt\n|faint|p1b: Aerodactyl\n|\n|-weather|SunnyDay|[upkeep]\n|upkeep\n|\n|t:|1776199521\n|switch|p1b: Garchomp|Garchomp, L50, F|100/100\n|switch|p2a: Cooked|Houndoom, L50, F|100/100\n|turn|5\n|\n|t:|1776199544\n|detailschange|p2a: Cooked|Houndoom-Mega, L50, F\n|-mega|p2a: Cooked|Houndoom|Houndoominite\n|move|p1a: Venusaur|Sleep Powder|p2b: bingqilin\n|-status|p2b: bingqilin|slp|[from] move: Sleep Powder\n|move|p1b: Garchomp|Earthquake|p2a: Cooked|[spread] p1a,p2a,p2b\n|-supereffective|p2a: Cooked|1\n|-damage|p1a: Venusaur|11/100\n|-damage|p2a: Cooked|1/100\n|-damage|p2b: bingqilin|59/100 slp\n|move|p2a: Cooked|Dark Pulse|p1b: Garchomp\n|-damage|p1b: Garchomp|32/100\n|cant|p2b: bingqilin|slp\n|\n|-weather|none\n|upkeep\n|turn|6\n|-message|Jmaaaaa forfeited.\n|\n|win|rasb\n|raw|rasb's rating: 1113 &rarr; <strong>1135</strong><br />(+22 for winning)\n|raw|Jmaaaaa's rating: 1072 &rarr; <strong>1054</strong><br />(-18 for losing)\n",
  "uploadtime": 1776199555,
  "views": 15,
  "formatid": "gen9championsvgc2026regma",
  "rating": 1054,
  "private": 0,
  "password": null
}