{
  "id": "gen9championsvgc2026regma-2584933480",
  "format": "[Gen 9 Champions] VGC 2026 Reg M-A",
  "players": [
    "odysses s grant",
    "Orosu1922"
  ],
  "log": "|j|\u2606odysses s grant\n|j|\u203dOrosu1922\n|t:|1776295839\n|gametype|doubles\n|player|p1|odysses s grant|juan|1037\n|player|p2|Orosu1922|iris-gen5bw2|1080\n|gen|9\n|tier|[Gen 9 Champions] VGC 2026 Reg M-A\n|rated|\n|rule|Species Clause: Limit one of each Pok\u00e9mon\n|rule|Item Clause: Limit 1 of each item\n|clearpoke\n|poke|p1|Crabominable, L50, F|\n|poke|p1|Aromatisse, L50, F|\n|poke|p1|Araquanid, L50, M|\n|poke|p1|Hatterene, L50, F|\n|poke|p1|Rhyperior, L50, M|\n|poke|p1|Slowking, L50, F|\n|poke|p2|Aerodactyl, L50, F|\n|poke|p2|Basculegion, L50, M|\n|poke|p2|Floette-Eternal, L50, F|\n|poke|p2|Garchomp, L50, F|\n|poke|p2|Kingambit, L50, F|\n|poke|p2|Sneasler, L50, F|\n|teampreview|4\n|\n|t:|1776295866\n|teamsize|p1|4\n|teamsize|p2|4\n|start\n|switch|p1a: Aromatisse|Aromatisse, L50, F|100/100\n|switch|p1b: Crabominable|Crabominable, L50, F|100/100\n|switch|p2a: Floette|Floette-Eternal, L50, F|100/100\n|switch|p2b: Basculegion|Basculegion, L50, M|100/100\n|turn|1\n|inactive|Battle timer is ON: inactive players will automatically lose when time's up. (requested by odysses s grant)\n|inactive|Orosu1922 also wants the timer to be on.\n|\n|t:|1776295890\n|detailschange|p2a: Floette|Floette-Mega, L50, F\n|-mega|p2a: Floette|Floette|Floettite\n|-ability|p2a: Floette|Fairy Aura\n|move|p2b: Basculegion|Flip Turn|p1b: Crabominable\n|-damage|p1b: Crabominable|51/100\n|\n|t:|1776295898\n|switch|p2b: Sneasler|Sneasler, L50, F|100/100|[from] Flip Turn\n|move|p2a: Floette|Dazzling Gleam|p1a: Aromatisse|[spread] p1a,p1b\n|-supereffective|p1b: Crabominable|1\n|-damage|p1a: Aromatisse|59/100\n|-damage|p1b: Crabominable|0 fnt\n|faint|p1b: Crabominable\n|move|p1a: Aromatisse|Trick Room|p1a: Aromatisse\n|-fieldstart|move: Trick Room|[of] p1a: Aromatisse\n|\n|upkeep\n|\n|t:|1776295907\n|switch|p1b: Araquanid|Araquanid, L50, M|100/100\n|turn|2\n|\n|t:|1776295915\n|move|p2b: Sneasler|Fake Out|p1a: Aromatisse\n|-damage|p1a: Aromatisse|44/100\n|cant|p1a: Aromatisse|flinch\n|move|p1b: Araquanid|Liquidation|p2b: Sneasler\n|-damage|p2b: Sneasler|0 fnt\n|faint|p2b: Sneasler\n|move|p2a: Floette|Dazzling Gleam|p1b: Araquanid|[spread] p1a,p1b\n|-damage|p1a: Aromatisse|4/100\n|-damage|p1b: Araquanid|52/100\n|\n|-heal|p1b: Araquanid|57/100|[from] item: Leftovers\n|upkeep\n|\n|t:|1776295928\n|switch|p2b: Basculegion|Basculegion, L50, M|100/100\n|turn|3\n|\n|t:|1776295937\n|move|p2b: Basculegion|Aqua Jet|p1a: Aromatisse\n|-damage|p1a: Aromatisse|0 fnt\n|faint|p1a: Aromatisse\n|move|p1b: Araquanid|Liquidation|p2a: Floette\n|-damage|p2a: Floette|19/100\n|move|p2a: Floette|Light of Ruin|p1b: Araquanid\n|-damage|p1b: Araquanid|0 fnt\n|faint|p1b: Araquanid\n|-damage|p2a: Floette|0 fnt|[from] Recoil\n|faint|p2a: Floette\n|\n|upkeep\n|\n|t:|1776295951\n|switch|p1a: Rhyperior|Rhyperior, L50, M|100/100\n|switch|p2a: Aerodactyl|Aerodactyl, L50, F|100/100\n|-ability|p2a: Aerodactyl|Unnerve\n|turn|4\n|\n|t:|1776295966\n|move|p2b: Basculegion|Aqua Jet|p1a: Rhyperior\n|-supereffective|p1a: Rhyperior|2\n|-damage|p1a: Rhyperior|41/100\n|move|p1a: Rhyperior|Rock Slide|p2a: Aerodactyl|[spread] p2a,p2b\n|-supereffective|p2a: Aerodactyl|1\n|-enditem|p2a: Aerodactyl|Focus Sash\n|-damage|p2a: Aerodactyl|1/100\n|-damage|p2b: Basculegion|44/100\n|move|p2a: Aerodactyl|Rock Slide|p1a: Rhyperior\n|-resisted|p1a: Rhyperior|1\n|-damage|p1a: Rhyperior|30/100\n|\n|upkeep\n|turn|5\n|\n|t:|1776295981\n|move|p2b: Basculegion|Aqua Jet|p1a: Rhyperior\n|-supereffective|p1a: Rhyperior|2\n|-damage|p1a: Rhyperior|0 fnt\n|faint|p1a: Rhyperior\n|\n|win|Orosu1922\n|raw|odysses s grant's rating: 1037 &rarr; <strong>1023</strong><br />(-14 for losing)\n|raw|Orosu1922's rating: 1080 &rarr; <strong>1105</strong><br />(+25 for winning)\n|l|\u2606odysses s grant\n|player|p1|\n",
  "uploadtime": 1776295986,
  "views": 19,
  "formatid": "gen9championsvgc2026regma",
  "rating": 1023,
  "private": 0,
  "password": null
}