{
  "id": "gen9championsvgc2026regma-2582942638",
  "format": "[Gen 9 Champions] VGC 2026 Reg M-A",
  "players": [
    "kuanyou",
    "nklp"
  ],
  "log": "|j|\u2606kuanyou\n|j|\u2606nklp\n|t:|1776127075\n|gametype|doubles\n|player|p1|kuanyou|169|1150\n|player|p2|nklp|skyla|1159\n|gen|9\n|tier|[Gen 9 Champions] VGC 2026 Reg M-A\n|rated|\n|rule|Species Clause: Limit one of each Pok\u00e9mon\n|rule|Item Clause: Limit 1 of each item\n|clearpoke\n|poke|p1|Scovillain, L50, M|\n|poke|p1|Sneasler, L50, M|\n|poke|p1|Primarina, L50, F|\n|poke|p1|Kingambit, L50, F|\n|poke|p1|Aerodactyl, L50, F|\n|poke|p1|Garchomp, L50, F|\n|poke|p2|Primarina, L50, M|\n|poke|p2|Milotic, L50, M|\n|poke|p2|Zoroark-Hisui, L50, M|\n|poke|p2|Venusaur, L50, F|\n|poke|p2|Incineroar, L50, M|\n|poke|p2|Scizor, L50, F|\n|teampreview|4\n|inactive|Battle timer is ON: inactive players will automatically lose when time's up. (requested by nklp)\n|inactive|kuanyou has 60 seconds left.\n|inactive|nklp has 60 seconds left.\n|\n|t:|1776127127\n|teamsize|p1|4\n|teamsize|p2|4\n|start\n|switch|p1a: Sneasler|Sneasler, L50, M|100/100\n|switch|p1b: Primarina|Primarina, L50, F|100/100\n|switch|p2a: Scizor|Scizor, L50, F|100/100\n|switch|p2b: Primarina|Primarina, L50, M|100/100\n|turn|1\n|inactive|kuanyou has 30 seconds left.\n|inactive|kuanyou has 20 seconds left.\n|\n|t:|1776127164\n|move|p2a: Scizor|Protect|p2a: Scizor\n|-singleturn|p2a: Scizor|Protect\n|move|p1a: Sneasler|Fake Out|p2a: Scizor\n|-activate|p2a: Scizor|move: Protect\n|move|p2b: Primarina|Psychic|p1a: Sneasler\n|-supereffective|p1a: Sneasler|2\n|-damage|p1a: Sneasler|0 fnt\n|faint|p1a: Sneasler\n|move|p1b: Primarina|Calm Mind|p1b: Primarina\n|-boost|p1b: Primarina|spa|1\n|-boost|p1b: Primarina|spd|1\n|\n|upkeep\n|\n|t:|1776127180\n|switch|p1a: Scovillain|Scovillain, L50, M|100/100\n|turn|2\n|inactive|nklp has 30 seconds left.\n|\n|t:|1776127209\n|switch|p2b: Primarina|Primarina, L50, M|100/100\n|switch|p2a: Incineroar|Incineroar, L50, M|100/100\n|-ability|p2a: Incineroar|Intimidate|boost\n|-unboost|p1a: Scovillain|atk|1\n|-unboost|p1b: Primarina|atk|1\n|detailschange|p1a: Scovillain|Scovillain-Mega, L50, M\n|-mega|p1a: Scovillain|Scovillain|Scovillainite\n|move|p1a: Scovillain|Rage Powder|p1a: Scovillain\n|-singleturn|p1a: Scovillain|move: Rage Powder\n|move|p1b: Primarina|Moonblast|p2b: Primarina\n|-damage|p2b: Primarina|32/100\n|-enditem|p2b: Primarina|Sitrus Berry|[eat]\n|-heal|p2b: Primarina|57/100|[from] item: Sitrus Berry\n|\n|upkeep\n|turn|3\n|inactive|nklp has 30 seconds left.\n|inactive|nklp has 20 seconds left.\n|\n|t:|1776127247\n|move|p1a: Scovillain|Protect|p1a: Scovillain\n|-singleturn|p1a: Scovillain|Protect\n|move|p1b: Primarina|Protect|p1b: Primarina\n|-singleturn|p1b: Primarina|Protect\n|move|p2a: Incineroar|Parting Shot|p1b: Primarina\n|-activate|p1b: Primarina|move: Protect\n|move|p2b: Primarina|Calm Mind|p2b: Primarina\n|-boost|p2b: Primarina|spa|1\n|-boost|p2b: Primarina|spd|1\n|\n|upkeep\n|turn|4\n|\n|t:|1776127269\n|move|p1a: Scovillain|Rage Powder|p1a: Scovillain\n|-singleturn|p1a: Scovillain|move: Rage Powder\n|move|p2a: Incineroar|Parting Shot|p1a: Scovillain\n|-unboost|p1a: Scovillain|atk|1\n|-unboost|p1a: Scovillain|spa|1\n|\n|t:|1776127275\n|switch|p2a: Incineroar|Incineroar, L50, M|100/100|[from] Parting Shot\n|move|p2b: Primarina|Hyper Voice|p1b: Primarina|[spread] p1a,p1b\n|-resisted|p1b: Primarina|1\n|-damage|p1a: Scovillain|58/100\n|-damage|p1b: Primarina|88/100\n|-status|p2b: Primarina|brn|[from] ability: Spicy Spray|[of] p1a: Scovillain\n|move|p1b: Primarina|Hyper Voice|p2a: Incineroar|[spread] p2a,p2b\n|-resisted|p2b: Primarina|1\n|-damage|p2a: Incineroar|0 fnt\n|-damage|p2b: Primarina|42/100 brn\n|replace|p2a: Zoroark|Zoroark-Hisui, L50, M\n|-end|p2a: Zoroark|Illusion\n|faint|p2a: Zoroark\n|\n|-heal|p1b: Primarina|94/100|[from] item: Leftovers\n|-damage|p2b: Primarina|36/100 brn|[from] brn\n|upkeep\n|\n|t:|1776127290\n|switch|p2a: Incineroar|Incineroar, L50, M|100/100\n|-ability|p2a: Incineroar|Intimidate|boost\n|-unboost|p1a: Scovillain|atk|1\n|-unboost|p1b: Primarina|atk|1\n|turn|5\n|\n|t:|1776127303\n|move|p2a: Incineroar|Parting Shot|p1b: Primarina\n|-unboost|p1b: Primarina|atk|1\n|-unboost|p1b: Primarina|spa|1\n|\n|t:|1776127306\n|switch|p2a: Scizor|Scizor, L50, F|100/100|[from] Parting Shot\n|move|p2b: Primarina|Calm Mind|p2b: Primarina\n|-boost|p2b: Primarina|spa|1\n|-boost|p2b: Primarina|spd|1\n|move|p1a: Scovillain|Leech Seed|p2b: Primarina\n|-start|p2b: Primarina|move: Leech Seed\n|move|p1b: Primarina|Hyper Voice|p2b: Primarina|[spread] p2a,p2b\n|-resisted|p2b: Primarina|1\n|-damage|p2a: Scizor|58/100\n|-damage|p2b: Primarina|28/100 brn\n|\n|-heal|p1b: Primarina|99/100|[from] item: Leftovers\n|-damage|p2b: Primarina|15/100 brn|[from] Leech Seed|[of] p1a: Scovillain\n|-heal|p1a: Scovillain|71/100|[silent]\n|-damage|p2b: Primarina|9/100 brn|[from] brn\n|upkeep\n|turn|6\n|\n|t:|1776127323\n|detailschange|p2a: Scizor|Scizor-Mega, L50, F\n|-mega|p2a: Scizor|Scizor|Scizorite\n|move|p1a: Scovillain|Protect|p1a: Scovillain\n|-singleturn|p1a: Scovillain|Protect\n|move|p1b: Primarina|Protect|p1b: Primarina\n|-singleturn|p1b: Primarina|Protect\n|move|p2a: Scizor|Acrobatics|p1a: Scovillain\n|-activate|p1a: Scovillain|move: Protect\n|move|p2b: Primarina|Draining Kiss|p1b: Primarina\n|-activate|p1b: Primarina|move: Protect\n|\n|-heal|p1b: Primarina|100/100|[from] item: Leftovers\n|-damage|p2b: Primarina|0 fnt|[from] Leech Seed|[of] p1a: Scovillain\n|-heal|p1a: Scovillain|80/100|[silent]\n|faint|p2b: Primarina\n|upkeep\n|\n|t:|1776127329\n|switch|p2b: Incineroar|Incineroar, L50, M|100/100\n|-ability|p2b: Incineroar|Intimidate|boost\n|-unboost|p1a: Scovillain|atk|1\n|-unboost|p1b: Primarina|atk|1\n|turn|7\n|inactive|kuanyou has 30 seconds left.\n|\n|t:|1776127354\n|switch|p1b: Kingambit|Kingambit, L50, F|100/100\n|move|p2b: Incineroar|Fake Out|p1a: Scovillain\n|-damage|p1a: Scovillain|69/100\n|-immune|p2b: Incineroar\n|cant|p1a: Scovillain|flinch\n|move|p2a: Scizor|Acrobatics|p1a: Scovillain\n|-supereffective|p1a: Scovillain|1\n|-damage|p1a: Scovillain|2/100\n|-status|p2a: Scizor|brn|[from] ability: Spicy Spray|[of] p1a: Scovillain\n|\n|-damage|p2a: Scizor|52/100 brn|[from] brn\n|upkeep\n|turn|8\n|inactive|kuanyou has 30 seconds left.\n|inactive|kuanyou has 20 seconds left.\n|inactive|kuanyou has 15 seconds left.\n|\n|t:|1776127396\n|move|p1b: Kingambit|Protect|p1b: Kingambit\n|-singleturn|p1b: Kingambit|Protect\n|move|p2a: Scizor|Feint|p1a: Scovillain\n|-damage|p1a: Scovillain|0 fnt\n|faint|p1a: Scovillain\n|move|p2b: Incineroar|Drain Punch|p1b: Kingambit\n|-activate|p1b: Kingambit|move: Protect\n|\n|-damage|p2a: Scizor|45/100 brn|[from] brn\n|upkeep\n|\n|t:|1776127405\n|switch|p1a: Primarina|Primarina, L50, F|100/100\n|turn|9\n|inactive|nklp has 30 seconds left.\n|inactive|nklp has 20 seconds left.\n|inactive|nklp has 15 seconds left.\n|inactive|nklp has 10 seconds left.\n|\n|t:|1776127455\n|move|p2a: Scizor|Bullet Punch|p1a: Primarina\n|-damage|p1a: Primarina|81/100\n|move|p1b: Kingambit|Sucker Punch||[still]\n|-fail|p1b: Kingambit\n|move|p2b: Incineroar|Drain Punch|p1b: Kingambit\n|-supereffective|p1b: Kingambit|2\n|-damage|p1b: Kingambit|42/100\n|move|p1a: Primarina|Hyper Voice|p2a: Scizor|[spread] p2a,p2b\n|-supereffective|p2b: Incineroar|1\n|-damage|p2a: Scizor|11/100 brn\n|-damage|p2b: Incineroar|50/100\n|\n|-heal|p1a: Primarina|87/100|[from] item: Leftovers\n|-damage|p2a: Scizor|5/100 brn|[from] brn\n|upkeep\n|turn|10\n|inactive|nklp has 30 seconds left.\n|\n|t:|1776127480\n|move|p1a: Primarina|Protect|p1a: Primarina\n|-singleturn|p1a: Primarina|Protect\n|move|p1b: Kingambit|Protect|p1b: Kingambit\n|-singleturn|p1b: Kingambit|Protect\n|move|p2a: Scizor|Feint|p1b: Kingambit\n|-activate|p1b: Kingambit|move: Feint\n|-resisted|p1b: Kingambit|1\n|-damage|p1b: Kingambit|39/100\n|move|p2b: Incineroar|Drain Punch|p1b: Kingambit\n|-supereffective|p1b: Kingambit|2\n|-damage|p1b: Kingambit|0 fnt\n|-heal|p2b: Incineroar|71/100|[from] drain|[of] p1b: Kingambit\n|faint|p1b: Kingambit\n|\n|-heal|p1a: Primarina|92/100|[from] item: Leftovers\n|-damage|p2a: Scizor|0 fnt|[from] brn\n|faint|p2a: Scizor\n|upkeep\n|turn|11\n|\n|t:|1776127501\n|move|p2b: Incineroar|Flare Blitz|p1a: Primarina\n|-resisted|p1a: Primarina|1\n|-damage|p1a: Primarina|67/100\n|-damage|p2b: Incineroar|62/100|[from] Recoil\n|move|p1a: Primarina|Hyper Voice|p2b: Incineroar\n|-supereffective|p2b: Incineroar|1\n|-damage|p2b: Incineroar|0 fnt\n|faint|p2b: Incineroar\n|\n|win|kuanyou\n|raw|kuanyou's rating: 1150 &rarr; <strong>1176</strong><br />(+26 for winning)\n|raw|nklp's rating: 1159 &rarr; <strong>1133</strong><br />(-26 for losing)\n",
  "uploadtime": 1776127501,
  "views": 11,
  "formatid": "gen9championsvgc2026regma",
  "rating": 1133,
  "private": 0,
  "password": null
}