{
  "id": "gen9championsvgc2026regma-2586827607",
  "format": "[Gen 9 Champions] VGC 2026 Reg M-A",
  "players": [
    "Miles_ath",
    "Smurfing Cynthia"
  ],
  "log": "|j|\u2606Miles_ath\n|j|\u2606Smurfing Cynthia\n|t:|1776463231\n|gametype|doubles\n|player|p1|Miles_ath|169|1166\n|player|p2|Smurfing Cynthia|169|1233\n|gen|9\n|tier|[Gen 9 Champions] VGC 2026 Reg M-A\n|rated|\n|rule|Species Clause: Limit one of each Pok\u00e9mon\n|rule|Item Clause: Limit 1 of each item\n|clearpoke\n|poke|p1|Scizor, L50, F|\n|poke|p1|Crabominable, L50, M|\n|poke|p1|Pelipper, L50, M|\n|poke|p1|Archaludon, L50, F|\n|poke|p1|Basculegion, L50, M|\n|poke|p1|Sinistcha-Masterpiece, L50|\n|poke|p2|Goodra-Hisui, L50, M|\n|poke|p2|Rotom-Wash, L50|\n|poke|p2|Lopunny, L50, F|\n|poke|p2|Incineroar, L50, M|\n|poke|p2|Gengar, L50, F|\n|poke|p2|Archaludon, L50, M|\n|teampreview|4\nSmurfing Cynthia has agreed to open team sheets.\n|\n|t:|1776463256\n|teamsize|p1|4\n|teamsize|p2|4\n|start\n|switch|p1a: Crabominable|Crabominable, L50, M|100/100\n|switch|p1b: Sinistcha|Sinistcha-Masterpiece, L50|100/100\n|switch|p2a: Incineroar|Incineroar, L50, M|100/100\n|switch|p2b: Gengar|Gengar, L50, F|100/100\n|-ability|p2a: Incineroar|Intimidate|boost\n|-fail|p1a: Crabominable|unboost|Attack|[from] ability: Hyper Cutter|[of] p1a: Crabominable\n|-unboost|p1b: Sinistcha|atk|1\n|turn|1\n|\n|t:|1776463277\n|detailschange|p2b: Gengar|Gengar-Mega, L50, F\n|-mega|p2b: Gengar|Gengar|Gengarite\n|move|p1a: Crabominable|Protect|p1a: Crabominable\n|-singleturn|p1a: Crabominable|Protect\n|move|p2a: Incineroar|Fake Out|p1a: Crabominable\n|-activate|p1a: Crabominable|move: Protect\n|move|p2b: Gengar|Shadow Ball|p1b: Sinistcha\n|-supereffective|p1b: Sinistcha|1\n|-damage|p1b: Sinistcha|0 fnt\n|faint|p1b: Sinistcha\n|\n|upkeep\n|\n|t:|1776463296\n|switch|p1b: Pelipper|Pelipper, L50, M|100/100\n|-weather|RainDance|[from] ability: Drizzle|[of] p1b: Pelipper\n|turn|2\n|\n|t:|1776463325\n|detailschange|p1a: Crabominable|Crabominable-Mega, L50, M\n|-mega|p1a: Crabominable|Crabominable|Crabominite\n|move|p2b: Gengar|Protect|p2b: Gengar\n|-singleturn|p2b: Gengar|Protect\n|move|p1b: Pelipper|Protect|p1b: Pelipper\n|-singleturn|p1b: Pelipper|Protect\n|move|p2a: Incineroar|Parting Shot|p1b: Pelipper\n|-activate|p1b: Pelipper|move: Protect\n|move|p1a: Crabominable|Drain Punch|p2a: Incineroar\n|-supereffective|p2a: Incineroar|1\n|-damage|p2a: Incineroar|0 fnt\n|faint|p2a: Incineroar\n|\n|-weather|RainDance|[upkeep]\n|upkeep\n|\n|t:|1776463341\n|switch|p2a: Rotom|Rotom-Wash, L50|100/100\n|turn|3\n|\n|t:|1776463371\n|move|p2a: Rotom|Electroweb|p1b: Pelipper|[spread] p1b\n|-miss|p2a: Rotom|p1a: Crabominable\n|-supereffective|p1b: Pelipper|2\n|-damage|p1b: Pelipper|4/100\n|-unboost|p1b: Pelipper|spe|1\n|move|p2b: Gengar|Will-O-Wisp|p1a: Crabominable\n|-status|p1a: Crabominable|brn\n|move|p1b: Pelipper|Weather Ball|p2b: Gengar\n|-damage|p2b: Gengar|16/100\n|move|p1a: Crabominable|Ice Hammer|p2b: Gengar\n|-damage|p2b: Gengar|0 fnt\n|-unboost|p1a: Crabominable|spe|1\n|faint|p2b: Gengar\n|\n|-weather|RainDance|[upkeep]\n|-damage|p1a: Crabominable|95/100 brn|[from] brn\n|upkeep\n|\n|t:|1776463385\n|switch|p2b: Archaludon|Archaludon, L50, M, shiny|100/100\n|turn|4\n|\n|t:|1776463391\n|move|p1b: Pelipper|Protect|p1b: Pelipper\n|-singleturn|p1b: Pelipper|Protect\n|move|p2a: Rotom|Electroweb|p1a: Crabominable|[spread] p1a\n|-activate|p1b: Pelipper|move: Protect\n|-damage|p1a: Crabominable|79/100 brn\n|-unboost|p1a: Crabominable|spe|1\n|move|p2b: Archaludon|Flash Cannon|p1a: Crabominable\n|-supereffective|p1a: Crabominable|1\n|-damage|p1a: Crabominable|9/100 brn\n|move|p1a: Crabominable|Drain Punch|p2b: Archaludon\n|-supereffective|p2b: Archaludon|1\n|-damage|p2b: Archaludon|57/100\n|-heal|p1a: Crabominable|30/100 brn|[from] drain|[of] p2b: Archaludon\n|-ability|p2b: Archaludon|Stamina|boost\n|-boost|p2b: Archaludon|def|1\n|\n|-weather|RainDance|[upkeep]\n|-damage|p1a: Crabominable|24/100 brn|[from] brn\n|upkeep\n|turn|5\n|\n|t:|1776463418\n|move|p2a: Rotom|Electroweb|p1b: Pelipper|[spread] p1a,p1b\n|-supereffective|p1b: Pelipper|2\n|-damage|p1a: Crabominable|9/100 brn\n|-damage|p1b: Pelipper|0 fnt\n|-unboost|p1a: Crabominable|spe|1\n|faint|p1b: Pelipper\n|move|p2b: Archaludon|Thunderbolt|p1a: Crabominable\n|-damage|p1a: Crabominable|0 fnt\n|faint|p1a: Crabominable\n|\n|-weather|RainDance|[upkeep]\n|upkeep\n|\n|t:|1776463425\n|switch|p1b: Basculegion|Basculegion, L50, M|100/100\n|turn|6\n|\n|t:|1776463433\n|move|p2b: Archaludon|Protect|p2b: Archaludon\n|-singleturn|p2b: Archaludon|Protect\n|move|p1b: Basculegion|Last Respects|p2a: Rotom\n|-damage|p2a: Rotom|0 fnt\n|faint|p2a: Rotom\n|\n|-weather|none\n|upkeep\n|turn|7\n|\n|t:|1776463443\n|move|p1b: Basculegion|Last Respects|p2b: Archaludon\n|-damage|p2b: Archaludon|17/100\n|-ability|p2b: Archaludon|Stamina|boost\n|-boost|p2b: Archaludon|def|1\n|move|p2b: Archaludon|Thunderbolt|p1b: Basculegion\n|-supereffective|p1b: Basculegion|1\n|-damage|p1b: Basculegion|35/100\n|\n|upkeep\n|turn|8\n|\n|t:|1776463452\n|move|p1b: Basculegion|Last Respects|p2b: Archaludon\n|-damage|p2b: Archaludon|0 fnt\n|faint|p2b: Archaludon\n|\n|win|Miles_ath\n|raw|Miles_ath's rating: 1166 &rarr; <strong>1196</strong><br />(+30 for winning)\n|raw|Smurfing Cynthia's rating: 1233 &rarr; <strong>1203</strong><br />(-30 for losing)\n",
  "uploadtime": 1776463458,
  "views": 32,
  "formatid": "gen9championsvgc2026regma",
  "rating": 1196,
  "private": 0,
  "password": null
}