{
  "id": "gen9championsvgc2026regma-2583927117",
  "format": "[Gen 9 Champions] VGC 2026 Reg M-A",
  "players": [
    "iDrinkWithMJ",
    "Jtonks5"
  ],
  "log": "|j|\u2606iDrinkWithMJ\n|j|\u2606Jtonks5\n|t:|1776208998\n|gametype|doubles\n|player|p1|iDrinkWithMJ|170|1042\n|player|p2|Jtonks5|266|1088\n|gen|9\n|tier|[Gen 9 Champions] VGC 2026 Reg M-A\n|rated|\n|rule|Species Clause: Limit one of each Pok\u00e9mon\n|rule|Item Clause: Limit 1 of each item\n|clearpoke\n|poke|p1|Meganium, L50, F|\n|poke|p1|Pelipper, L50, M|\n|poke|p1|Orthworm, L50, M|\n|poke|p1|Basculegion, L50, M|\n|poke|p1|Archaludon, L50, M|\n|poke|p1|Krookodile, L50, M|\n|poke|p2|Dragonite, L50, F|\n|poke|p2|Sneasler, L50, F|\n|poke|p2|Rotom-Heat, L50|\n|poke|p2|Pelipper, L50, M|\n|poke|p2|Archaludon, L50, M|\n|poke|p2|Basculegion, L50, M|\n|teampreview|4\niDrinkWithMJ rejected open team sheets.\n|c|\u2606iDrinkWithMJ|Glhf\n|\n|t:|1776209032\n|teamsize|p1|4\n|teamsize|p2|4\n|start\n|switch|p1a: Krookodile|Krookodile, L50, M, shiny|100/100\n|switch|p1b: Archaludon|Archaludon, L50, M, shiny|100/100\n|switch|p2a: Pelipper|Pelipper, L50, M|100/100\n|switch|p2b: Archaludon|Archaludon, L50, M|100/100\n|-ability|p1a: Krookodile|Intimidate|boost\n|-unboost|p2a: Pelipper|atk|1\n|-unboost|p2b: Archaludon|atk|1\n|-weather|RainDance|[from] ability: Drizzle|[of] p2a: Pelipper\n|turn|1\n|\n|t:|1776209073\n|move|p2b: Archaludon|Protect|p2b: Archaludon\n|-singleturn|p2b: Archaludon|Protect\n|move|p1a: Krookodile|Close Combat|p2b: Archaludon\n|-activate|p2b: Archaludon|move: Protect\n|move|p2a: Pelipper|Tailwind|p2a: Pelipper\n|-sidestart|p2: Jtonks5|move: Tailwind\n|move|p1b: Archaludon|Electro Shot||[still]\n|-prepare|p1b: Archaludon|Electro Shot\n|-boost|p1b: Archaludon|spa|1\n|-anim|p1b: Archaludon|Electro Shot|p2a: Pelipper\n|-supereffective|p2a: Pelipper|2\n|-enditem|p2a: Pelipper|Focus Sash\n|-damage|p2a: Pelipper|1/100\n|\n|-weather|RainDance|[upkeep]\n|upkeep\n|turn|2\n|\n|t:|1776209108\n|move|p1a: Krookodile|Protect|p1a: Krookodile\n|-singleturn|p1a: Krookodile|Protect\n|move|p2a: Pelipper|Weather Ball|p1a: Krookodile\n|-activate|p1a: Krookodile|move: Protect\n|move|p2b: Archaludon|Dragon Pulse|p1b: Archaludon\n|-damage|p1b: Archaludon|64/100\n|-ability|p1b: Archaludon|Stamina|boost\n|-boost|p1b: Archaludon|def|1\n|move|p1b: Archaludon|Draco Meteor|p2b: Archaludon\n|-damage|p2b: Archaludon|19/100\n|-unboost|p1b: Archaludon|spa|2\n|-ability|p2b: Archaludon|Stamina|boost\n|-boost|p2b: Archaludon|def|1\n|-enditem|p1b: Archaludon|White Herb\n|-clearnegativeboost|p1b: Archaludon|[silent]\n|\n|-weather|RainDance|[upkeep]\n|-heal|p2b: Archaludon|25/100|[from] item: Leftovers\n|upkeep\n|turn|3\n|\n|t:|1776209143\n|switch|p1a: Pelipper|Pelipper, L50, M, shiny|100/100\n|move|p2a: Pelipper|Hurricane|p1b: Archaludon\n|-resisted|p1b: Archaludon|1\n|-damage|p1b: Archaludon|44/100\n|-ability|p1b: Archaludon|Stamina|boost\n|-boost|p1b: Archaludon|def|1\n|move|p2b: Archaludon|Dragon Pulse|p1b: Archaludon\n|-damage|p1b: Archaludon|9/100\n|-ability|p1b: Archaludon|Stamina|boost\n|-boost|p1b: Archaludon|def|1\n|move|p1b: Archaludon|Draco Meteor|p2b: Archaludon\n|-damage|p2b: Archaludon|0 fnt\n|-unboost|p1b: Archaludon|spa|2\n|faint|p2b: Archaludon\n|\n|-weather|RainDance|[upkeep]\n|upkeep\n|\n|t:|1776209162\n|switch|p2b: Sneasler|Sneasler, L50, F|100/100\n|turn|4\n|\n|t:|1776209179\n|move|p2b: Sneasler|Fake Out|p1a: Pelipper\n|-damage|p1a: Pelipper|89/100\n|move|p2a: Pelipper|Hurricane|p1b: Archaludon\n|-resisted|p1b: Archaludon|1\n|-damage|p1b: Archaludon|0 fnt\n|faint|p1b: Archaludon\n|cant|p1a: Pelipper|flinch\n|\n|-weather|RainDance|[upkeep]\n|-heal|p1a: Pelipper|95/100|[from] item: Leftovers\n|-sideend|p2: Jtonks5|move: Tailwind\n|upkeep\n|\n|t:|1776209190\n|switch|p1b: Krookodile|Krookodile, L50, M, shiny|100/100\n|-ability|p1b: Krookodile|Intimidate|boost\n|-unboost|p2a: Pelipper|atk|1\n|-unboost|p2b: Sneasler|atk|1\n|-enditem|p2b: Sneasler|White Herb\n|-clearnegativeboost|p2b: Sneasler|[silent]\n|turn|5\n|\n|t:|1776209211\n|move|p1b: Krookodile|Protect|p1b: Krookodile\n|-singleturn|p1b: Krookodile|Protect\n|move|p2b: Sneasler|Close Combat|p1b: Krookodile\n|-activate|p1b: Krookodile|move: Protect\n|move|p2a: Pelipper|Tailwind|p2a: Pelipper\n|-sidestart|p2: Jtonks5|move: Tailwind\n|move|p1a: Pelipper|Hurricane|p2b: Sneasler\n|-supereffective|p2b: Sneasler|1\n|-damage|p2b: Sneasler|0 fnt\n|faint|p2b: Sneasler\n|\n|-weather|none\n|-heal|p1a: Pelipper|100/100|[from] item: Leftovers\n|upkeep\n|\n|t:|1776209223\n|switch|p2b: Dragonite|Dragonite, L50, F|100/100\n|turn|6\n|\n|t:|1776209246\n|switch|p1b: Meganium|Meganium, L50, F, shiny|100/100\n|detailschange|p2b: Dragonite|Dragonite-Mega, L50, F\n|-mega|p2b: Dragonite|Dragonite|Dragoninite\n|move|p2a: Pelipper|Protect|p2a: Pelipper\n|-singleturn|p2a: Pelipper|Protect\n|move|p2b: Dragonite|Thunder|p1a: Pelipper|[miss]\n|-miss|p2b: Dragonite|p1a: Pelipper\n|move|p1a: Pelipper|U-turn|p2a: Pelipper\n|-activate|p2a: Pelipper|move: Protect\n|\n|upkeep\n|turn|7\n|\n|t:|1776209279\n|detailschange|p1b: Meganium|Meganium-Mega, L50, F, shiny\n|-mega|p1b: Meganium|Meganium|Meganiumite\n|move|p1b: Meganium|Protect|p1b: Meganium\n|-singleturn|p1b: Meganium|Protect\n|move|p2b: Dragonite|Hurricane|p1b: Meganium\n|-activate|p1b: Meganium|move: Protect\n|move|p2a: Pelipper|Hurricane|p1b: Meganium\n|-activate|p1b: Meganium|move: Protect\n|move|p1a: Pelipper|U-turn|p2b: Dragonite\n|-resisted|p2b: Dragonite|1\n|-crit|p2b: Dragonite\n|-damage|p2b: Dragonite|98/100\n|-message|Jtonks5 forfeited.\n|\n|win|iDrinkWithMJ\n|raw|iDrinkWithMJ's rating: 1042 &rarr; <strong>1080</strong><br />(+38 for winning)\n|raw|Jtonks5's rating: 1088 &rarr; <strong>1062</strong><br />(-26 for losing)\n|l|\u2606Jtonks5\n|player|p2|\n",
  "uploadtime": 1776209333,
  "views": 16,
  "formatid": "gen9championsvgc2026regma",
  "rating": 1062,
  "private": 0,
  "password": null
}