{
  "id": "gen9championsvgc2026regma-2584861742",
  "format": "[Gen 9 Champions] VGC 2026 Reg M-A",
  "players": [
    "itastelikeiron",
    "giiirldinner"
  ],
  "log": "|j|\u2606itastelikeiron\n|j|\u2606giiirldinner\n|t:|1776289503\n|gametype|doubles\n|player|p1|itastelikeiron|infielder|1430\n|player|p2|giiirldinner|schoolkidf-gen4|1352\n|gen|9\n|tier|[Gen 9 Champions] VGC 2026 Reg M-A\n|rated|\n|rule|Species Clause: Limit one of each Pok\u00e9mon\n|rule|Item Clause: Limit 1 of each item\n|clearpoke\n|poke|p1|Glimmora, L50, F|\n|poke|p1|Basculegion, L50, M|\n|poke|p1|Scizor, L50, F|\n|poke|p1|Incineroar, L50, F|\n|poke|p1|Dragonite, L50, M|\n|poke|p1|Ninetales-Alola, L50, F|\n|poke|p2|Delphox, L50, M|\n|poke|p2|Whimsicott, L50, F|\n|poke|p2|Incineroar, L50, F|\n|poke|p2|Garchomp, L50, F|\n|poke|p2|Sneasler, L50, F|\n|poke|p2|Kingambit, L50, F|\n|teampreview|4\n|\n|t:|1776289539\n|teamsize|p1|4\n|teamsize|p2|4\n|start\n|switch|p1a: Dragonite|Dragonite, L50, M|100/100\n|switch|p1b: Basculegion|Basculegion, L50, M|100/100\n|switch|p2a: Kingambit|Kingambit, L50, F|100/100\n|switch|p2b: Garchomp|Garchomp, L50, F|100/100\n|turn|1\n|inactive|Battle timer is ON: inactive players will automatically lose when time's up. (requested by giiirldinner)\n|\n|t:|1776289561\n|switch|p1b: Glimmora|Glimmora, L50, F|100/100\n|move|p2b: Garchomp|Dragon Claw|p1a: Dragonite\n|-supereffective|p1a: Dragonite|1\n|-damage|p1a: Dragonite|59/100\n|move|p1a: Dragonite|Low Kick|p2a: Kingambit\n|-supereffective|p2a: Kingambit|2\n|-damage|p2a: Kingambit|0 fnt\n|faint|p2a: Kingambit\n|\n|upkeep\n|\n|t:|1776289571\n|switch|p2a: Delphox|Delphox, L50, M|100/100\n|turn|2\n|\n|t:|1776289580\n|switch|p1a: Incineroar|Incineroar, L50, F|100/100\n|-ability|p1a: Incineroar|Intimidate|boost\n|-unboost|p2a: Delphox|atk|1\n|-unboost|p2b: Garchomp|atk|1\n|detailschange|p2a: Delphox|Delphox-Mega, L50, M\n|-mega|p2a: Delphox|Delphox|Delphoxite\n|move|p1b: Glimmora|Spiky Shield|p1b: Glimmora\n|-singleturn|p1b: Glimmora|move: Protect\n|move|p2b: Garchomp|Dragon Claw|p1a: Incineroar\n|-damage|p1a: Incineroar|78/100\n|move|p2a: Delphox|Psychic|p1b: Glimmora\n|-activate|p1b: Glimmora|move: Protect\n|\n|upkeep\n|turn|3\n|\n|t:|1776289604\n|switch|p2b: Whimsicott|Whimsicott, L50, F|100/100\n|switch|p1b: Basculegion|Basculegion, L50, M|100/100\n|move|p2a: Delphox|Protect|p2a: Delphox\n|-singleturn|p2a: Delphox|Protect\n|move|p1a: Incineroar|Fake Out|p2a: Delphox\n|-activate|p2a: Delphox|move: Protect\n|\n|upkeep\n|turn|4\n|inactive|giiirldinner has 30 seconds left.\n|\n|t:|1776289636\n|switch|p2a: Garchomp|Garchomp, L50, F|100/100\n|move|p1b: Basculegion|Flip Turn|p2a: Garchomp\n|-damage|p2a: Garchomp|66/100\n|-damage|p1b: Basculegion|88/100|[from] ability: Rough Skin|[of] p2a: Garchomp\n|\n|t:|1776289645\n|switch|p1b: Glimmora|Glimmora, L50, F|100/100|[from] Flip Turn\n|move|p2b: Whimsicott|Moonblast|p1b: Glimmora\n|-resisted|p1b: Glimmora|1\n|-damage|p1b: Glimmora|81/100\n|move|p1a: Incineroar|Parting Shot|p2b: Whimsicott\n|-unboost|p2b: Whimsicott|atk|1\n|-unboost|p2b: Whimsicott|spa|1\n|\n|t:|1776289657\n|switch|p1a: Basculegion|Basculegion, L50, M|88/100|[from] Parting Shot\n|\n|upkeep\n|turn|5\n|\n|t:|1776289678\n|switch|p1b: Incineroar|Incineroar, L50, F|78/100\n|-ability|p1b: Incineroar|Intimidate|boost\n|-unboost|p2a: Garchomp|atk|1\n|-unboost|p2b: Whimsicott|atk|1\n|move|p1a: Basculegion|Wave Crash|p2a: Garchomp\n|-damage|p2a: Garchomp|1/100\n|-damage|p1a: Basculegion|76/100|[from] ability: Rough Skin|[of] p2a: Garchomp\n|-damage|p1a: Basculegion|53/100|[from] Recoil\n|move|p2a: Garchomp|Dragon Claw|p1a: Basculegion\n|-damage|p1a: Basculegion|19/100\n|move|p2b: Whimsicott|Moonblast|p1a: Basculegion\n|-damage|p1a: Basculegion|0 fnt\n|faint|p1a: Basculegion\n|\n|upkeep\n|\n|t:|1776289687\n|switch|p1a: Dragonite|Dragonite, L50, M|59/100\n|turn|6\n|\n|t:|1776289697\n|switch|p2a: Delphox|Delphox-Mega, L50, M|100/100\n|move|p1b: Incineroar|Fake Out|p2a: Delphox\n|-damage|p2a: Delphox|84/100\n|move|p2b: Whimsicott|Moonblast|p1a: Dragonite\n|-supereffective|p1a: Dragonite|1\n|-damage|p1a: Dragonite|13/100\n|move|p1a: Dragonite|Tailwind|p1a: Dragonite\n|-sidestart|p1: itastelikeiron|move: Tailwind\n|\n|upkeep\n|turn|7\n|\n|t:|1776289716\n|switch|p1a: Glimmora|Glimmora, L50, F|81/100\n|move|p2a: Delphox|Heat Wave|p1a: Glimmora|[spread] p1a,p1b\n|-resisted|p1a: Glimmora|1\n|-resisted|p1b: Incineroar|1\n|-damage|p1a: Glimmora|55/100\n|-damage|p1b: Incineroar|57/100\n|move|p2b: Whimsicott|Moonblast|p1b: Incineroar\n|-damage|p1b: Incineroar|34/100\n|-enditem|p1b: Incineroar|Sitrus Berry|[eat]\n|-heal|p1b: Incineroar|58/100|[from] item: Sitrus Berry\n|move|p1b: Incineroar|Throat Chop|p2a: Delphox\n|-supereffective|p2a: Delphox|1\n|-crit|p2a: Delphox\n|-damage|p2a: Delphox|0 fnt\n|faint|p2a: Delphox\n|\n|upkeep\n|\n|t:|1776289729\n|switch|p2a: Garchomp|Garchomp, L50, F|1/100\n|turn|8\n|\n|t:|1776289744\n|switch|p1b: Dragonite|Dragonite, L50, M|13/100\n|detailschange|p1a: Glimmora|Glimmora-Mega, L50, F\n|-mega|p1a: Glimmora|Glimmora|Glimmoranite\n|move|p2b: Whimsicott|Tailwind|p2b: Whimsicott\n|-sidestart|p2: giiirldinner|move: Tailwind\n|move|p2a: Garchomp|Earthquake|p1b: Dragonite|[spread] p2b,p1a\n|-immune|p1b: Dragonite\n|-resisted|p2b: Whimsicott|1\n|-supereffective|p1a: Glimmora|2\n|-damage|p2b: Whimsicott|70/100\n|-damage|p1a: Glimmora|0 fnt\n|faint|p1a: Glimmora\n|\n|upkeep\n|\n|t:|1776289753\n|switch|p1a: Incineroar|Incineroar, L50, F|58/100\n|-ability|p1a: Incineroar|Intimidate|boost\n|-unboost|p2a: Garchomp|atk|1\n|-unboost|p2b: Whimsicott|atk|1\n|turn|9\n|\n|t:|1776289760\n|move|p1b: Dragonite|Protect|p1b: Dragonite\n|-singleturn|p1b: Dragonite|Protect\n|move|p2a: Garchomp|Earthquake|p1b: Dragonite|[spread] p2b,p1a\n|-activate|p1b: Dragonite|move: Protect\n|-resisted|p2b: Whimsicott|1\n|-supereffective|p1a: Incineroar|1\n|-damage|p2b: Whimsicott|51/100\n|-damage|p1a: Incineroar|13/100\n|move|p2b: Whimsicott|Moonblast|p1b: Dragonite\n|-activate|p1b: Dragonite|move: Protect\n|move|p1a: Incineroar|Flare Blitz|p2b: Whimsicott\n|-supereffective|p2b: Whimsicott|1\n|-damage|p2b: Whimsicott|0 fnt\n|faint|p2b: Whimsicott\n|-damage|p1a: Incineroar|1/100|[from] Recoil\n|\n|-sideend|p1: itastelikeiron|move: Tailwind\n|upkeep\n|turn|10\n|-message|giiirldinner forfeited.\n|\n|win|itastelikeiron\n|raw|itastelikeiron's rating: 1430 &rarr; <strong>1446</strong><br />(+16 for winning)\n|raw|giiirldinner's rating: 1352 &rarr; <strong>1336</strong><br />(-16 for losing)\n|l|\u2606giiirldinner\n|player|p2|\n",
  "uploadtime": 1776289773,
  "views": 31,
  "formatid": "gen9championsvgc2026regma",
  "rating": 1336,
  "private": 0,
  "password": null
}