{
  "id": "gen9championsvgc2026regma-2582903560",
  "format": "[Gen 9 Champions] VGC 2026 Reg M-A",
  "players": [
    "Bman311",
    "DarthPug03"
  ],
  "log": "|j|\u2606Bman311\n|j|\u2606DarthPug03\n|t:|1776123582\n|gametype|doubles\n|player|p1|Bman311|1|1409\n|player|p2|DarthPug03|2|1341\n|gen|9\n|tier|[Gen 9 Champions] VGC 2026 Reg M-A\n|rated|\n|rule|Species Clause: Limit one of each Pok\u00e9mon\n|rule|Item Clause: Limit 1 of each item\n|clearpoke\n|poke|p1|Aegislash, L50, F|\n|poke|p1|Garchomp, L50, F|\n|poke|p1|Delphox, L50, F|\n|poke|p1|Floette-Eternal, L50, F|\n|poke|p1|Maushold-Four, L50|\n|poke|p1|Talonflame, L50, M|\n|poke|p2|Charizard, L50, M|\n|poke|p2|Garchomp, L50, M|\n|poke|p2|Venusaur, L50, F|\n|poke|p2|Kingambit, L50, F|\n|poke|p2|Sneasler, L50, F|\n|poke|p2|Rotom-Wash, L50|\n|teampreview|4\n|inactive|Battle timer is ON: inactive players will automatically lose when time's up. (requested by DarthPug03)\n|inactive|Bman311 also wants the timer to be on.\nBman311 has agreed to open team sheets.\n|\n|t:|1776123612\n|teamsize|p1|4\n|teamsize|p2|4\n|start\n|switch|p1a: Talonflame|Talonflame, L50, M|100/100\n|switch|p1b: Garchomp|Garchomp, L50, F|100/100\n|switch|p2a: Garchomp|Garchomp, L50, M|100/100\n|switch|p2b: Rotom|Rotom-Wash, L50|100/100\n|turn|1\n|\n|t:|1776123629\n|move|p1a: Talonflame|Protect|p1a: Talonflame\n|-singleturn|p1a: Talonflame|Protect\n|move|p1b: Garchomp|Protect|p1b: Garchomp\n|-singleturn|p1b: Garchomp|Protect\n|move|p2a: Garchomp|Rock Slide|p1a: Talonflame|[spread] \n|-activate|p1a: Talonflame|move: Protect\n|-activate|p1b: Garchomp|move: Protect\n|move|p2b: Rotom|Will-O-Wisp|p1b: Garchomp\n|-activate|p1b: Garchomp|move: Protect\n|\n|upkeep\n|turn|2\n|\n|t:|1776123639\n|move|p2a: Garchomp|Protect|p2a: Garchomp\n|-singleturn|p2a: Garchomp|Protect\n|move|p1a: Talonflame|Tailwind|p1a: Talonflame\n|-sidestart|p1: Bman311|move: Tailwind\n|move|p1b: Garchomp|Dragon Claw|p2a: Garchomp\n|-activate|p2a: Garchomp|move: Protect\n|move|p2b: Rotom|Will-O-Wisp|p1b: Garchomp|[miss]\n|-miss|p2b: Rotom|p1b: Garchomp\n|\n|upkeep\n|turn|3\n|\n|t:|1776123652\n|move|p1a: Talonflame|Acrobatics|p2a: Garchomp\n|-damage|p2a: Garchomp|55/100\n|-damage|p1a: Talonflame|88/100|[from] ability: Rough Skin|[of] p2a: Garchomp\n|move|p1b: Garchomp|Dragon Claw|p2a: Garchomp\n|-supereffective|p2a: Garchomp|1\n|-damage|p2a: Garchomp|0 fnt\n|-damage|p1b: Garchomp|88/100|[from] ability: Rough Skin|[of] p2a: Garchomp\n|faint|p2a: Garchomp\n|move|p2b: Rotom|Will-O-Wisp|p1b: Garchomp\n|-status|p1b: Garchomp|brn\n|\n|-damage|p1b: Garchomp|82/100 brn|[from] brn\n|upkeep\n|\n|t:|1776123668\n|switch|p2a: Kingambit|Kingambit, L50, F|100/100\n|turn|4\n|\n|t:|1776123672\n|move|p2a: Kingambit|Protect|p2a: Kingambit\n|-singleturn|p2a: Kingambit|Protect\n|move|p1a: Talonflame|Flare Blitz|p2a: Kingambit\n|-activate|p2a: Kingambit|move: Protect\n|move|p1b: Garchomp|Earthquake|p2b: Rotom|[spread] \n|-activate|p2a: Kingambit|move: Protect\n|-immune|p1a: Talonflame\n|-immune|p2b: Rotom|[from] ability: Levitate\n|move|p2b: Rotom|Volt Switch|p1a: Talonflame\n|-supereffective|p1a: Talonflame|1\n|-damage|p1a: Talonflame|0 fnt\n|faint|p1a: Talonflame\n|\n|t:|1776123683\n|switch|p2b: Venusaur|Venusaur, L50, F|100/100|[from] Volt Switch\n|\n|-damage|p1b: Garchomp|76/100 brn|[from] brn\n|upkeep\n|\n|t:|1776123685\n|switch|p1a: Delphox|Delphox, L50, F|100/100\n|turn|5\n|\n|t:|1776123695\n|switch|p2b: Rotom|Rotom-Wash, L50|100/100\n|detailschange|p1a: Delphox|Delphox-Mega, L50, F\n|-mega|p1a: Delphox|Delphox|Delphoxite\n|move|p2a: Kingambit|Sucker Punch||[still]\n|-fail|p2a: Kingambit\n|move|p1a: Delphox|Encore|p2a: Kingambit\n|-start|p2a: Kingambit|Encore\n|move|p1b: Garchomp|Earthquake|p2b: Rotom|[spread] p2a\n|-immune|p1a: Delphox|[from] ability: Levitate\n|-immune|p2b: Rotom|[from] ability: Levitate\n|-supereffective|p2a: Kingambit|1\n|-damage|p2a: Kingambit|72/100\n|\n|-damage|p1b: Garchomp|70/100 brn|[from] brn\n|-sideend|p1: Bman311|move: Tailwind\n|upkeep\n|turn|6\n|\n|t:|1776123706\n|switch|p1b: Maushold|Maushold-Four, L50|100/100\n|switch|p2a: Venusaur|Venusaur, L50, F|100/100\n|move|p1a: Delphox|Protect|p1a: Delphox\n|-singleturn|p1a: Delphox|Protect\n|move|p2b: Rotom|Hydro Pump|p1a: Delphox\n|-activate|p1a: Delphox|move: Protect\n|\n|upkeep\n|turn|7\n|\n|t:|1776123719\n|move|p1b: Maushold|Follow Me|p1b: Maushold\n|-singleturn|p1b: Maushold|move: Follow Me\n|move|p1a: Delphox|Heat Wave|p2b: Rotom|[spread] p2b\n|-miss|p1a: Delphox|p2a: Venusaur\n|-resisted|p2b: Rotom|1\n|-damage|p2b: Rotom|78/100\n|move|p2a: Venusaur|Sleep Powder|p1b: Maushold\n|-status|p1b: Maushold|slp|[from] move: Sleep Powder\n|move|p2b: Rotom|Hydro Pump|p1b: Maushold|[miss]\n|-miss|p2b: Rotom|p1b: Maushold\n|\n|upkeep\n|turn|8\n|\n|t:|1776123733\n|move|p1a: Delphox|Protect|p1a: Delphox\n|-singleturn|p1a: Delphox|Protect\n|cant|p1b: Maushold|slp\n|move|p2a: Venusaur|Sleep Powder|p1a: Delphox\n|-activate|p1a: Delphox|move: Protect\n|move|p2b: Rotom|Hydro Pump|p1a: Delphox\n|-activate|p1a: Delphox|move: Protect\n|\n|upkeep\n|turn|9\n|\n|t:|1776123744\n|switch|p1a: Garchomp|Garchomp, L50, F|70/100 brn\n|-curestatus|p1b: Maushold|slp|[msg]\n|move|p1b: Maushold|Follow Me|p1b: Maushold\n|-singleturn|p1b: Maushold|move: Follow Me\n|move|p2a: Venusaur|Sludge Bomb|p1b: Maushold\n|-damage|p1b: Maushold|52/100\n|move|p2b: Rotom|Hydro Pump|p1b: Maushold\n|-damage|p1b: Maushold|0 fnt\n|faint|p1b: Maushold\n|\n|-damage|p1a: Garchomp|64/100 brn|[from] brn\n|upkeep\n|\n|t:|1776123753\n|switch|p1b: Delphox|Delphox-Mega, L50, F|100/100\n|turn|10\n|\n|t:|1776123765\n|move|p1b: Delphox|Psychic|p2b: Rotom\n|-damage|p2b: Rotom|15/100\n|-enditem|p2b: Rotom|Sitrus Berry|[eat]\n|-heal|p2b: Rotom|39/100|[from] item: Sitrus Berry\n|move|p1a: Garchomp|Dragon Claw|p2b: Rotom\n|-damage|p2b: Rotom|18/100\n|move|p2a: Venusaur|Sleep Powder|p1b: Delphox\n|-status|p1b: Delphox|slp|[from] move: Sleep Powder\n|move|p2b: Rotom|Hydro Pump|p1b: Delphox\n|-supereffective|p1b: Delphox|1\n|-damage|p1b: Delphox|0 fnt\n|faint|p1b: Delphox\n|\n|-damage|p1a: Garchomp|58/100 brn|[from] brn\n|upkeep\n|turn|11\n|\n|t:|1776123778\n|move|p1a: Garchomp|Dragon Claw|p2b: Rotom\n|-damage|p2b: Rotom|0 fnt\n|faint|p2b: Rotom\n|move|p2a: Venusaur|Leaf Storm|p1a: Garchomp|[miss]\n|-miss|p2a: Venusaur|p1a: Garchomp\n|\n|-damage|p1a: Garchomp|52/100 brn|[from] brn\n|upkeep\n|\n|t:|1776123783\n|switch|p2b: Kingambit|Kingambit, L50, F|72/100\n|turn|12\n|\n|t:|1776123786\n|move|p1a: Garchomp|Earthquake|p2b: Kingambit|[spread] p2a,p2b\n|-supereffective|p2b: Kingambit|1\n|-damage|p2a: Venusaur|72/100\n|-damage|p2b: Kingambit|42/100\n|move|p2a: Venusaur|Leaf Storm|p1a: Garchomp\n|-damage|p1a: Garchomp|0 fnt\n|-unboost|p2a: Venusaur|spa|2\n|faint|p1a: Garchomp\n|\n|win|DarthPug03\n|raw|Bman311's rating: 1409 &rarr; <strong>1385</strong><br />(-24 for losing)\n|raw|DarthPug03's rating: 1341 &rarr; <strong>1365</strong><br />(+24 for winning)\n|l|\u2606Bman311\n|player|p1|\n|l|\u2606DarthPug03\n|player|p2|\n",
  "uploadtime": 1776123968,
  "views": 36,
  "formatid": "gen9championsvgc2026regma",
  "rating": 1365,
  "private": 0,
  "password": null
}