{
  "id": "gen9championsvgc2026regma-2585178232",
  "format": "[Gen 9 Champions] VGC 2026 Reg M-A",
  "players": [
    "pipo_banger",
    "piedidiconkeldurr"
  ],
  "log": "|j|\u2606pipo_banger\n|j|\u2606piedidiconkeldurr\n|t:|1776321526\n|gametype|doubles\n|player|p1|pipo_banger|266|1256\n|player|p2|piedidiconkeldurr|2|1347\n|gen|9\n|tier|[Gen 9 Champions] VGC 2026 Reg M-A\n|rated|\n|rule|Species Clause: Limit one of each Pok\u00e9mon\n|rule|Item Clause: Limit 1 of each item\n|clearpoke\n|poke|p1|Tyranitar, L50, F|\n|poke|p1|Excadrill, L50, M|\n|poke|p1|Corviknight, L50, F|\n|poke|p1|Primarina, L50, M|\n|poke|p1|Incineroar, L50, M|\n|poke|p1|Sinistcha, L50|\n|poke|p2|Corviknight, L50, F|\n|poke|p2|Tyranitar, L50, F|\n|poke|p2|Incineroar, L50, M|\n|poke|p2|Rotom-Wash, L50|\n|poke|p2|Garchomp, L50, F|\n|poke|p2|Sinistcha, L50|\n|teampreview|4\n|\n|t:|1776321567\n|teamsize|p1|4\n|teamsize|p2|4\n|start\n|switch|p1a: The World|Tyranitar, L50, F|100/100\n|switch|p1b: The Fool|Excadrill, L50, M|100/100\n|switch|p2a: Corviknight|Corviknight, L50, F|100/100\n|switch|p2b: Incineroar|Incineroar, L50, M|100/100\n|-weather|Sandstorm|[from] ability: Sand Stream|[of] p1a: The World\n|-ability|p2b: Incineroar|Intimidate|boost\n|-unboost|p1a: The World|atk|1\n|-unboost|p1b: The Fool|atk|1\n|turn|1\n|\n|t:|1776321588\n|switch|p1b: The Devil|Incineroar, L50, M|100/100\n|-ability|p1b: The Devil|Intimidate|boost\n|-ability|p2a: Corviknight|Mirror Armor\n|-unboost|p1b: The Devil|atk|1\n|-unboost|p2b: Incineroar|atk|1\n|move|p1a: The World|Protect|p1a: The World\n|-singleturn|p1a: The World|Protect\n|move|p2b: Incineroar|Fake Out|p1b: The Devil\n|-damage|p1b: The Devil|94/100\n|move|p2a: Corviknight|Iron Defense|p2a: Corviknight\n|-boost|p2a: Corviknight|def|2\n|\n|-weather|Sandstorm|[upkeep]\n|-damage|p2b: Incineroar|95/100|[from] Sandstorm\n|-damage|p1b: The Devil|88/100|[from] Sandstorm\n|upkeep\n|turn|2\n|\n|t:|1776321624\n|detailschange|p1a: The World|Tyranitar-Mega, L50, F\n|-mega|p1a: The World|Tyranitar|Tyranitarite\n|move|p1b: The Devil|Fake Out|p2a: Corviknight\n|-resisted|p2a: Corviknight|1\n|-damage|p2a: Corviknight|99/100\n|move|p1a: The World|Rock Slide|p2a: Corviknight|[spread] p2a,p2b\n|-supereffective|p2b: Incineroar|1\n|-damage|p2a: Corviknight|88/100\n|-damage|p2b: Incineroar|49/100\n|cant|p2a: Corviknight|flinch\n|move|p2b: Incineroar|Parting Shot|p1a: The World\n|-unboost|p1a: The World|atk|1\n|-unboost|p1a: The World|spa|1\n|\n|t:|1776321649\n|switch|p2b: Rotom|Rotom-Wash, L50|100/100|[from] Parting Shot\n|\n|-weather|Sandstorm|[upkeep]\n|-damage|p2b: Rotom|95/100|[from] Sandstorm\n|-damage|p1b: The Devil|83/100|[from] Sandstorm\n|-heal|p2a: Corviknight|94/100|[from] item: Leftovers\n|upkeep\n|turn|3\n|\n|t:|1776321682\n|move|p1a: The World|Protect|p1a: The World\n|-singleturn|p1a: The World|Protect\n|move|p2b: Rotom|Hydro Pump|p1b: The Devil\n|-supereffective|p1b: The Devil|1\n|-damage|p1b: The Devil|0 fnt\n|faint|p1b: The Devil\n|move|p2a: Corviknight|Body Press|p1a: The World\n|-activate|p1a: The World|move: Protect\n|\n|-weather|Sandstorm|[upkeep]\n|-damage|p2b: Rotom|89/100|[from] Sandstorm\n|-heal|p2a: Corviknight|99/100|[from] item: Leftovers\n|upkeep\n|\n|t:|1776321699\n|switch|p1b: The Chariot|Corviknight, L50, F|100/100\n|turn|4\n|\n|t:|1776321724\n|switch|p1a: The Fool|Excadrill, L50, M|100/100\n|move|p2b: Rotom|Hydro Pump|p1b: The Chariot\n|-damage|p1b: The Chariot|49/100\n|move|p2a: Corviknight|Body Press|p1a: The Fool\n|-supereffective|p1a: The Fool|1\n|-enditem|p1a: The Fool|Focus Sash\n|-damage|p1a: The Fool|1/100\n|move|p1b: The Chariot|Bulk Up|p1b: The Chariot\n|-boost|p1b: The Chariot|atk|1\n|-boost|p1b: The Chariot|def|1\n|\n|-weather|Sandstorm|[upkeep]\n|-damage|p2b: Rotom|83/100|[from] Sandstorm\n|-heal|p2a: Corviknight|100/100|[from] item: Leftovers\n|-heal|p1b: The Chariot|55/100|[from] item: Leftovers\n|upkeep\n|turn|5\n|\n|t:|1776321775\n|switch|p2b: Incineroar|Incineroar, L50, M|49/100\n|-ability|p2b: Incineroar|Intimidate|boost\n|-unboost|p1a: The Fool|atk|1\n|-ability|p1b: The Chariot|Mirror Armor\n|-unboost|p2b: Incineroar|atk|1\n|move|p1a: The Fool|Iron Head|p2b: Incineroar\n|-resisted|p2b: Incineroar|1\n|-damage|p2b: Incineroar|34/100\n|move|p1b: The Chariot|Roost|p1b: The Chariot\n|-heal|p1b: The Chariot|100/100\n|-singleturn|p1b: The Chariot|move: Roost\n|move|p2a: Corviknight|Body Press|p1a: The Fool\n|-supereffective|p1a: The Fool|1\n|-damage|p1a: The Fool|0 fnt\n|faint|p1a: The Fool\n|\n|-weather|none\n|upkeep\n|\n|t:|1776321794\n|switch|p1a: The World|Tyranitar-Mega, L50, F|100/100\n|-weather|Sandstorm|[from] ability: Sand Stream|[of] p1a: The World\n|turn|6\n|\n|t:|1776321808\n|move|p1a: The World|Protect|p1a: The World\n|-singleturn|p1a: The World|Protect\n|move|p2a: Corviknight|Body Press|p1b: The Chariot\n|-damage|p1b: The Chariot|83/100\n|move|p1b: The Chariot|Tailwind|p1b: The Chariot\n|-sidestart|p1: pipo_banger|move: Tailwind\n|move|p2b: Incineroar|Flare Blitz|p1b: The Chariot\n|-supereffective|p1b: The Chariot|1\n|-damage|p1b: The Chariot|51/100\n|-damage|p2b: Incineroar|23/100|[from] Recoil\n|\n|-weather|Sandstorm|[upkeep]\n|-damage|p2b: Incineroar|17/100|[from] Sandstorm\n|-heal|p1b: The Chariot|57/100|[from] item: Leftovers\n|upkeep\n|turn|7\n|\n|t:|1776321832\n|move|p1a: The World|Rock Slide|p2a: Corviknight|[spread] p2a,p2b\n|-supereffective|p2b: Incineroar|1\n|-damage|p2a: Corviknight|86/100\n|-damage|p2b: Incineroar|0 fnt\n|faint|p2b: Incineroar\n|move|p1b: The Chariot|Bulk Up|p1b: The Chariot\n|-boost|p1b: The Chariot|atk|1\n|-boost|p1b: The Chariot|def|1\n|move|p2a: Corviknight|Tailwind|p2a: Corviknight\n|-sidestart|p2: piedidiconkeldurr|move: Tailwind\n|\n|-weather|Sandstorm|[upkeep]\n|-heal|p2a: Corviknight|92/100|[from] item: Leftovers\n|-heal|p1b: The Chariot|63/100|[from] item: Leftovers\n|upkeep\n|\n|t:|1776321843\n|switch|p2b: Rotom|Rotom-Wash, L50|83/100\n|turn|8\n|\n|t:|1776321858\n|move|p1a: The World|Protect|p1a: The World\n|-singleturn|p1a: The World|Protect\n|move|p2b: Rotom|Volt Switch|p1b: The Chariot\n|-supereffective|p1b: The Chariot|1\n|-damage|p1b: The Chariot|4/100\n|\n|t:|1776321864\n|switch|p2b: Sinistcha|Sinistcha, L50|100/100|[from] Volt Switch\n|-heal|p2a: Corviknight|100/100|[from] ability: Hospitality|[of] p2b: Sinistcha\n|move|p1b: The Chariot|Roost|p1b: The Chariot\n|-heal|p1b: The Chariot|55/100\n|-singleturn|p1b: The Chariot|move: Roost\n|move|p2a: Corviknight|Body Press|p1a: The World\n|-activate|p1a: The World|move: Protect\n|\n|-weather|Sandstorm|[upkeep]\n|-damage|p2b: Sinistcha|94/100|[from] Sandstorm\n|-heal|p1b: The Chariot|60/100|[from] item: Leftovers\n|upkeep\n|turn|9\n|\n|t:|1776321887\n|move|p1a: The World|Rock Slide|p2b: Sinistcha|[spread] p2a\n|-miss|p1a: The World|p2b: Sinistcha\n|-damage|p2a: Corviknight|85/100\n|move|p2b: Sinistcha|Shadow Ball|p1b: The Chariot\n|-damage|p1b: The Chariot|20/100\n|move|p1b: The Chariot|Roost|p1b: The Chariot\n|-heal|p1b: The Chariot|71/100\n|-singleturn|p1b: The Chariot|move: Roost\n|move|p2a: Corviknight|Body Press|p1a: The World\n|-supereffective|p1a: The World|2\n|-damage|p1a: The World|1/100\n|\n|-weather|Sandstorm|[upkeep]\n|-damage|p2b: Sinistcha|88/100|[from] Sandstorm\n|-heal|p2a: Corviknight|91/100|[from] item: Leftovers\n|-heal|p1b: The Chariot|77/100|[from] item: Leftovers\n|-sideend|p1: pipo_banger|move: Tailwind\n|upkeep\n|turn|10\n|\n|t:|1776321916\n|move|p2b: Sinistcha|Shadow Ball|p1b: The Chariot\n|-damage|p1b: The Chariot|39/100\n|move|p2a: Corviknight|Body Press|p1b: The Chariot\n|-damage|p1b: The Chariot|25/100\n|move|p1a: The World|Crunch|p2b: Sinistcha\n|-supereffective|p2b: Sinistcha|1\n|-damage|p2b: Sinistcha|0 fnt\n|faint|p2b: Sinistcha\n|move|p1b: The Chariot|Bulk Up|p1b: The Chariot\n|-boost|p1b: The Chariot|atk|1\n|-boost|p1b: The Chariot|def|1\n|\n|-weather|none\n|-heal|p2a: Corviknight|97/100|[from] item: Leftovers\n|-heal|p1b: The Chariot|31/100|[from] item: Leftovers\n|-sideend|p2: piedidiconkeldurr|move: Tailwind\n|upkeep\n|\n|t:|1776321926\n|switch|p2b: Rotom|Rotom-Wash, L50|83/100\n|turn|11\n|\n|t:|1776321938\n|move|p2b: Rotom|Volt Switch|p1b: The Chariot\n|-supereffective|p1b: The Chariot|1\n|-damage|p1b: The Chariot|0 fnt\n|faint|p1b: The Chariot\n|move|p1a: The World|Rock Slide|p2b: Rotom|[spread] p2a,p2b\n|-damage|p2a: Corviknight|82/100\n|-damage|p2b: Rotom|45/100\n|move|p2a: Corviknight|Body Press|p1a: The World\n|-supereffective|p1a: The World|2\n|-damage|p1a: The World|0 fnt\n|faint|p1a: The World\n|\n|win|piedidiconkeldurr\n|raw|pipo_banger's rating: 1256 &rarr; <strong>1237</strong><br />(-19 for losing)\n|raw|piedidiconkeldurr's rating: 1347 &rarr; <strong>1362</strong><br />(+15 for winning)\n|l|\u2606pipo_banger\n|player|p1|\n",
  "uploadtime": 1776321943,
  "views": 38,
  "formatid": "gen9championsvgc2026regma",
  "rating": 1237,
  "private": 0,
  "password": null
}