{
  "id": "gen9championsvgc2026regma-2581269902",
  "format": "[Gen 9 Champions] VGC 2026 Reg M-A",
  "players": [
    "TimTowm",
    "Slimeko325"
  ],
  "log": "|j|\u2606TimTowm\n|j|\u2606Slimeko325\n|t:|1775979118\n|gametype|doubles\n|player|p1|TimTowm|caitlin|1070\n|player|p2|Slimeko325|lucas|1109\n|gen|9\n|tier|[Gen 9 Champions] VGC 2026 Reg M-A\n|rated|\n|rule|Species Clause: Limit one of each Pok\u00e9mon\n|rule|Item Clause: Limit 1 of each item\n|clearpoke\n|poke|p1|Froslass, L50, F|\n|poke|p1|Sinistcha, L50|\n|poke|p1|Conkeldurr, L50, M|\n|poke|p1|Incineroar, L50, F|\n|poke|p1|Whimsicott, L50, M|\n|poke|p1|Farigiraf, L50, M|\n|poke|p2|Delphox, L50, M|\n|poke|p2|Whimsicott, L50, M|\n|poke|p2|Garchomp, L50, F|\n|poke|p2|Sinistcha, L50|\n|poke|p2|Rotom-Wash, L50|\n|poke|p2|Sneasler, L50, M|\n|teampreview|4\n|inactive|Battle timer is ON: inactive players will automatically lose when time's up. (requested by Slimeko325)\n|inactive|TimTowm has 60 seconds left.\n|inactive|Slimeko325 has 60 seconds left.\n|\n|t:|1775979156\n|teamsize|p1|4\n|teamsize|p2|4\n|start\n|switch|p1a: Whimsicott|Whimsicott, L50, M|100/100\n|switch|p1b: Incineroar|Incineroar, L50, F|100/100\n|switch|p2a: Rotom|Rotom-Wash, L50|100/100\n|switch|p2b: Garchomp|Garchomp, L50, F|100/100\n|-ability|p1b: Incineroar|Intimidate|boost\n|-unboost|p2a: Rotom|atk|1\n|-unboost|p2b: Garchomp|atk|1\n|turn|1\n|inactive|TimTowm has 30 seconds left.\n|\n|t:|1775979187\n|move|p1b: Incineroar|Fake Out|p2a: Rotom\n|-damage|p2a: Rotom|88/100\n|move|p2b: Garchomp|Earthquake|p1b: Incineroar|[spread] p1a,p1b\n|-immune|p2a: Rotom|[from] ability: Levitate\n|-resisted|p1a: Whimsicott|1\n|-supereffective|p1b: Incineroar|1\n|-damage|p1a: Whimsicott|79/100\n|-damage|p1b: Incineroar|43/100\n|-enditem|p1b: Incineroar|Sitrus Berry|[eat]\n|-heal|p1b: Incineroar|68/100|[from] item: Sitrus Berry\n|move|p1a: Whimsicott|Moonblast|p2b: Garchomp\n|-supereffective|p2b: Garchomp|1\n|-damage|p2b: Garchomp|21/100\n|cant|p2a: Rotom|flinch\n|\n|upkeep\n|turn|2\n|inactive|TimTowm has 30 seconds left.\n|\n|t:|1775979219\n|switch|p1b: Conkeldurr|Conkeldurr, L50, M|100/100\n|move|p1a: Whimsicott|Tailwind|p1a: Whimsicott\n|-sidestart|p1: TimTowm|move: Tailwind\n|move|p2b: Garchomp|Earthquake|p1a: Whimsicott|[spread] p1a,p1b\n|-immune|p2a: Rotom|[from] ability: Levitate\n|-resisted|p1a: Whimsicott|1\n|-damage|p1a: Whimsicott|57/100\n|-damage|p1b: Conkeldurr|77/100\n|move|p2a: Rotom|Discharge|p1a: Whimsicott|[spread] p1a,p1b\n|-immune|p2b: Garchomp\n|-resisted|p1a: Whimsicott|1\n|-damage|p1a: Whimsicott|33/100\n|-damage|p1b: Conkeldurr|44/100\n|\n|upkeep\n|turn|3\n|inactive|TimTowm has 30 seconds left.\n|\n|t:|1775979246\n|move|p1a: Whimsicott|Moonblast|p2b: Garchomp\n|-supereffective|p2b: Garchomp|1\n|-crit|p2b: Garchomp\n|-damage|p2b: Garchomp|0 fnt\n|faint|p2b: Garchomp\n|move|p1b: Conkeldurr|Drain Punch|p2a: Rotom\n|-damage|p2a: Rotom|29/100\n|-heal|p1b: Conkeldurr|67/100|[from] drain|[of] p2a: Rotom\n|move|p2a: Rotom|Discharge|p1b: Conkeldurr|[spread] p1a,p1b\n|-resisted|p1a: Whimsicott|1\n|-damage|p1a: Whimsicott|11/100\n|-damage|p1b: Conkeldurr|35/100\n|-status|p1a: Whimsicott|par\n|\n|upkeep\n|inactive|Slimeko325 has 30 seconds left.\n|\n|t:|1775979273\n|switch|p2b: Sinistcha|Sinistcha, L50|100/100\n|-heal|p2a: Rotom|54/100|[from] ability: Hospitality|[of] p2b: Sinistcha\n|turn|4\n|\n|t:|1775979292\n|switch|p1a: Incineroar|Incineroar, L50, F|68/100\n|-ability|p1a: Incineroar|Intimidate|boost\n|-unboost|p2a: Rotom|atk|1\n|-unboost|p2b: Sinistcha|atk|1\n|move|p2b: Sinistcha|Rage Powder|p2b: Sinistcha\n|-singleturn|p2b: Sinistcha|move: Rage Powder\n|move|p1b: Conkeldurr|Drain Punch|p2b: Sinistcha\n|-immune|p2b: Sinistcha\n|move|p2a: Rotom|Discharge|p1a: Incineroar|[spread] p2b,p1a,p1b\n|-resisted|p2b: Sinistcha|1\n|-damage|p2b: Sinistcha|86/100\n|-damage|p1a: Incineroar|50/100\n|-damage|p1b: Conkeldurr|0 fnt\n|-status|p2b: Sinistcha|par\n|faint|p1b: Conkeldurr\n|\n|upkeep\n|\n|t:|1775979306\n|switch|p1b: Froslass|Froslass, L50, F|100/100\n|turn|5\n|\n|t:|1775979328\n|detailschange|p1b: Froslass|Froslass-Mega, L50, F\n|-mega|p1b: Froslass|Froslass|Froslassite\n|-weather|Snowscape|[from] ability: Snow Warning|[of] p1b: Froslass\n|move|p2a: Rotom|Protect|p2a: Rotom\n|-singleturn|p2a: Rotom|Protect\n|move|p1a: Incineroar|Fake Out|p2a: Rotom\n|-activate|p2a: Rotom|move: Protect\n|move|p1b: Froslass|Blizzard|p2a: Rotom|[spread] p2b\n|-activate|p2a: Rotom|move: Protect\n|-supereffective|p2b: Sinistcha|1\n|-damage|p2b: Sinistcha|0 fnt\n|faint|p2b: Sinistcha\n|\n|-weather|Snowscape|[upkeep]\n|-sideend|p1: TimTowm|move: Tailwind\n|upkeep\n|\n|t:|1775979341\n|switch|p2b: Delphox|Delphox, L50, M|100/100\n|turn|6\n|\n|t:|1775979347\n|detailschange|p2b: Delphox|Delphox-Mega, L50, M\n|-mega|p2b: Delphox|Delphox|Delphoxite\n|move|p1b: Froslass|Protect|p1b: Froslass\n|-singleturn|p1b: Froslass|Protect\n|move|p2b: Delphox|Heat Wave|p1b: Froslass|[spread] p1a\n|-activate|p1b: Froslass|move: Protect\n|-resisted|p1a: Incineroar|1\n|-damage|p1a: Incineroar|34/100\n|move|p2a: Rotom|Hydro Pump|p1a: Incineroar\n|-supereffective|p1a: Incineroar|1\n|-damage|p1a: Incineroar|0 fnt\n|faint|p1a: Incineroar\n|\n|-weather|Snowscape|[upkeep]\n|upkeep\n|\n|t:|1775979359\n|switch|p1a: Whimsicott|Whimsicott, L50, M|11/100 par\n|turn|7\n|\n|t:|1775979376\n|move|p2b: Delphox|Protect|p2b: Delphox\n|-singleturn|p2b: Delphox|Protect\n|move|p1a: Whimsicott|Tailwind|p1a: Whimsicott\n|-sidestart|p1: TimTowm|move: Tailwind\n|move|p1b: Froslass|Shadow Ball|p2b: Delphox\n|-activate|p2b: Delphox|move: Protect\n|move|p2a: Rotom|Discharge|p1b: Froslass|[spread] p1a,p1b\n|-activate|p2b: Delphox|move: Protect\n|-resisted|p1a: Whimsicott|1\n|-damage|p1a: Whimsicott|0 fnt\n|-damage|p1b: Froslass|64/100\n|faint|p1a: Whimsicott\n|\n|-weather|Snowscape|[upkeep]\n|upkeep\n|turn|8\n|\n|t:|1775979395\n|move|p1b: Froslass|Shadow Ball|p2b: Delphox\n|-supereffective|p2b: Delphox|1\n|-damage|p2b: Delphox|16/100\n|move|p2b: Delphox|Heat Wave|p1b: Froslass\n|-supereffective|p1b: Froslass|1\n|-crit|p1b: Froslass\n|-damage|p1b: Froslass|0 fnt\n|faint|p1b: Froslass\n|\n|win|Slimeko325\n|raw|TimTowm's rating: 1070 &rarr; <strong>1052</strong><br />(-18 for losing)\n|raw|Slimeko325's rating: 1109 &rarr; <strong>1131</strong><br />(+22 for winning)\n|l|\u2606TimTowm\n|player|p1|\n",
  "uploadtime": 1775979403,
  "views": 11,
  "formatid": "gen9championsvgc2026regma",
  "rating": 1052,
  "private": 0,
  "password": null
}