{
  "id": "gen9championsvgc2026regma-2585812606",
  "format": "[Gen 9 Champions] VGC 2026 Reg M-A",
  "players": [
    "covid-100",
    "secretspicysauce"
  ],
  "log": "|j|\u2606covid-100\n|j|\u2606secretspicysauce\n|t:|1776372460\n|gametype|doubles\n|player|p1|covid-100|266|1078\n|player|p2|secretspicysauce|170|1103\n|gen|9\n|tier|[Gen 9 Champions] VGC 2026 Reg M-A\n|rated|\n|rule|Species Clause: Limit one of each Pok\u00e9mon\n|rule|Item Clause: Limit 1 of each item\n|clearpoke\n|poke|p1|Hawlucha, L50, M|\n|poke|p1|Hatterene, L50, F|\n|poke|p1|Snorlax, L50, M|\n|poke|p1|Bastiodon, L50, M|\n|poke|p1|Audino, L50, M|\n|poke|p1|Torkoal, L50, F|\n|poke|p2|Greninja-*, L50, F|\n|poke|p2|Pelipper, L50, M|\n|poke|p2|Sableye, L50, M|\n|poke|p2|Garchomp, L50, M|\n|poke|p2|Milotic, L50, M|\n|poke|p2|Manectric, L50, M|\n|teampreview|4\n|inactive|Battle timer is ON: inactive players will automatically lose when time's up. (requested by secretspicysauce)\n|\n|t:|1776372481\n|teamsize|p1|4\n|teamsize|p2|4\n|start\n|switch|p1a: Hawlucha|Hawlucha, L50, M|100/100\n|switch|p1b: Snorlax|Snorlax, L50, M|100/100\n|switch|p2a: Greninja|Greninja, L50, F|100/100\n|switch|p2b: Sableye|Sableye, L50, M|100/100\n|-ability|p1a: Hawlucha|Mold Breaker\n|turn|1\n|\n|t:|1776372506\n|detailschange|p1a: Hawlucha|Hawlucha-Mega, L50, M\n|-mega|p1a: Hawlucha|Hawlucha|Hawluchanite\n|move|p1a: Hawlucha|Detect|p1a: Hawlucha\n|-singleturn|p1a: Hawlucha|Protect\n|move|p1b: Snorlax|Protect|p1b: Snorlax\n|-singleturn|p1b: Snorlax|Protect\n|move|p2b: Sableye|Fake Out|p1b: Snorlax\n|-activate|p1b: Snorlax|move: Protect\n|move|p2a: Greninja|Ice Beam|p1a: Hawlucha\n|-start|p2a: Greninja|typechange|Ice|[from] ability: Protean\n|-activate|p1a: Hawlucha|move: Protect\n|\n|upkeep\n|turn|2\n|inactive|secretspicysauce has 30 seconds left.\n|inactive|secretspicysauce has 20 seconds left.\n|\n|t:|1776372541\n|move|p2b: Sableye|Encore|p1b: Snorlax\n|-start|p1b: Snorlax|Encore\n|move|p1b: Snorlax|Protect||[still]\n|-fail|p1b: Snorlax\n|move|p2a: Greninja|Ice Beam|p1a: Hawlucha\n|-supereffective|p1a: Hawlucha|1\n|-damage|p1a: Hawlucha|17/100\n|move|p1a: Hawlucha|Entrainment|p1b: Snorlax\n|-ability|p1b: Snorlax|No Guard|Thick Fat|[from] move: Entrainment|[of] p1a: Hawlucha\n|\n|upkeep\n|turn|3\n|inactive|secretspicysauce has 30 seconds left.\n|\n|t:|1776372571\n|switch|p1a: Hatterene|Hatterene, L50, F|100/100\n|move|p1b: Snorlax|Protect|p1b: Snorlax\n|-singleturn|p1b: Snorlax|Protect\n|move|p2a: Greninja|Flip Turn|p1a: Hatterene\n|-damage|p1a: Hatterene|85/100\n|\n|t:|1776372588\n|switch|p2a: Athena|Milotic, L50, M, shiny|100/100|[from] Flip Turn\n|move|p2b: Sableye|Foul Play|p1b: Snorlax\n|-activate|p1b: Snorlax|move: Protect\n|\n|upkeep\n|turn|4\n|\n|t:|1776372606\n|move|p1b: Snorlax|Protect|p1b: Snorlax\n|-singleturn|p1b: Snorlax|Protect\n|move|p2a: Athena|Scald|p1a: Hatterene\n|-damage|p1a: Hatterene|58/100\n|-status|p1a: Hatterene|brn\n|move|p2b: Sableye|Foul Play|p1a: Hatterene\n|-damage|p1a: Hatterene|30/100 brn\n|move|p1a: Hatterene|Trick Room|p1a: Hatterene\n|-fieldstart|move: Trick Room|[of] p1a: Hatterene\n|\n|-damage|p1a: Hatterene|24/100 brn|[from] brn\n|-end|p1b: Snorlax|Encore\n|upkeep\n|turn|5\n|\n|t:|1776372627\n|move|p2a: Athena|Protect|p2a: Athena\n|-singleturn|p2a: Athena|Protect\n|move|p2b: Sableye|Encore|p1a: Hatterene\n|move|p1a: Hatterene|Encore||[from] ability: Magic Bounce|[still]\n|-fail|p1a: Hatterene\n|move|p1a: Hatterene|Dazzling Gleam|p2a: Athena|[spread] p2b\n|-activate|p2a: Athena|move: Protect\n|-supereffective|p2b: Sableye|1\n|-damage|p2b: Sableye|11/100\n|move|p1b: Snorlax|Fissure|p2a: Athena\n|-activate|p2a: Athena|move: Protect\n|\n|-damage|p1a: Hatterene|18/100 brn|[from] brn\n|upkeep\n|turn|6\n|\n|t:|1776372651\n|switch|p2a: Pelipper|Pelipper, L50, M|100/100\n|-weather|RainDance|[from] ability: Drizzle|[of] p2a: Pelipper\n|move|p2b: Sableye|Encore|p1b: Snorlax\n|-start|p1b: Snorlax|Encore\n|move|p1a: Hatterene|Gravity|p1a: Hatterene\n|-fieldstart|move: Gravity\n|move|p1b: Snorlax|Fissure|p2b: Sableye\n|-damage|p2b: Sableye|0 fnt\n|faint|p2b: Sableye\n|-ohko\n|\n|-weather|RainDance|[upkeep]\n|-damage|p1a: Hatterene|12/100 brn|[from] brn\n|upkeep\n|\n|t:|1776372668\n|switch|p2b: Athena|Milotic, L50, M, shiny|100/100\n|turn|7\n|\n|t:|1776372680\n|move|p2a: Pelipper|Protect|p2a: Pelipper\n|-singleturn|p2a: Pelipper|Protect\n|move|p2b: Athena|Protect|p2b: Athena\n|-singleturn|p2b: Athena|Protect\n|move|p1a: Hatterene|Nuzzle|p2b: Athena\n|-activate|p2b: Athena|move: Protect\n|move|p1b: Snorlax|Fissure|p2a: Pelipper\n|-activate|p2a: Pelipper|move: Protect\n|\n|-weather|RainDance|[upkeep]\n|-damage|p1a: Hatterene|6/100 brn|[from] brn\n|upkeep\n|turn|8\n|\n|t:|1776372703\n|move|p2b: Athena|Protect||[still]\n|-fail|p2b: Athena\n|move|p1a: Hatterene|Nuzzle|p2b: Athena\n|-supereffective|p2b: Athena|1\n|-damage|p2b: Athena|97/100\n|-status|p2b: Athena|par\n|move|p1b: Snorlax|Fissure|p2a: Pelipper\n|-enditem|p2a: Pelipper|Focus Sash\n|-damage|p2a: Pelipper|1/100\n|move|p2a: Pelipper|Hurricane|p1b: Snorlax\n|-damage|p1b: Snorlax|78/100\n|\n|-weather|RainDance|[upkeep]\n|-heal|p1b: Snorlax|84/100|[from] item: Leftovers\n|-heal|p2b: Athena|100/100 par|[from] item: Leftovers\n|-damage|p1a: Hatterene|0 fnt|[from] brn\n|faint|p1a: Hatterene\n|-end|p1b: Snorlax|Encore\n|-fieldend|move: Trick Room\n|upkeep\n|\n|t:|1776372723\n|switch|p1a: Hawlucha|Hawlucha-Mega, L50, M|17/100\n|turn|9\n|\n|t:|1776372740\n|move|p1a: Hawlucha|Brave Bird|p2a: Pelipper\n|-damage|p2a: Pelipper|0 fnt\n|faint|p2a: Pelipper\n|-damage|p1a: Hawlucha|16/100|[from] Recoil\n|move|p2b: Athena|Scald|p1a: Hawlucha\n|-damage|p1a: Hawlucha|0 fnt\n|faint|p1a: Hawlucha\n|move|p1b: Snorlax|Fissure|p2b: Athena\n|-damage|p2b: Athena|0 fnt\n|faint|p2b: Athena\n|-ohko\n|\n|-weather|RainDance|[upkeep]\n|-heal|p1b: Snorlax|90/100|[from] item: Leftovers\n|upkeep\n|\n|t:|1776372753\n|switch|p1a: Audino|Audino, L50, M|100/100\n|switch|p2a: Greninja|Greninja, L50, F|100/100\n|turn|10\n|\n|t:|1776372762\n|detailschange|p2a: Greninja|Greninja-Mega, L50, F\n|-mega|p2a: Greninja|Greninja|Greninjite\n|move|p1b: Snorlax|Protect|p1b: Snorlax\n|-singleturn|p1b: Snorlax|Protect\n|move|p2a: Greninja|Gunk Shot|p1b: Snorlax\n|-start|p2a: Greninja|typechange|Poison|[from] ability: Protean\n|-activate|p1b: Snorlax|move: Protect\n|move|p1a: Audino|Trick Room|p1a: Audino\n|-fieldstart|move: Trick Room|[of] p1a: Audino\n|\n|-weather|none\n|-heal|p1b: Snorlax|96/100|[from] item: Leftovers\n|-fieldend|move: Gravity\n|upkeep\n|turn|11\n|\n|t:|1776372778\n|move|p1a: Audino|Ally Switch|p1a: Audino\n|swap|p1a: Audino|1|[from] move: Ally Switch\n|move|p1a: Snorlax|Fissure|p2a: Greninja\n|-damage|p2a: Greninja|0 fnt\n|faint|p2a: Greninja\n|-ohko\n|\n|win|covid-100\n|raw|covid-100's rating: 1078 &rarr; <strong>1108</strong><br />(+30 for winning)\n|raw|secretspicysauce's rating: 1103 &rarr; <strong>1076</strong><br />(-27 for losing)\n|c|\u2606covid-100|gg\\\n",
  "uploadtime": 1776372790,
  "views": 15,
  "formatid": "gen9championsvgc2026regma",
  "rating": 1076,
  "private": 0,
  "password": null
}