{
  "id": "gen9championsvgc2026regma-2583877488",
  "format": "[Gen 9 Champions] VGC 2026 Reg M-A",
  "players": [
    "itsjustsomni",
    "Lazoz4064"
  ],
  "log": "|j|\u2606itsjustsomni\n|j|\u2606Lazoz4064\n|t:|1776204764\n|gametype|doubles\n|player|p1|itsjustsomni|cyrus|1047\n|player|p2|Lazoz4064|scientist-gen4|1126\n|gen|9\n|tier|[Gen 9 Champions] VGC 2026 Reg M-A\n|rated|\n|rule|Species Clause: Limit one of each Pok\u00e9mon\n|rule|Item Clause: Limit 1 of each item\n|clearpoke\n|poke|p1|Aggron, L50, F|\n|poke|p1|Sinistcha, L50|\n|poke|p1|Hydreigon, L50, F|\n|poke|p1|Aerodactyl, L50, F|\n|poke|p1|Incineroar, L50, F|\n|poke|p1|Maushold, L50|\n|poke|p2|Talonflame, L50, M|\n|poke|p2|Gardevoir, L50, F|\n|poke|p2|Garchomp, L50, F|\n|poke|p2|Sneasler, L50, F|\n|poke|p2|Ceruledge, L50, F|\n|poke|p2|Milotic, L50, F|\n|teampreview|4\n|inactive|Battle timer is ON: inactive players will automatically lose when time's up. (requested by itsjustsomni)\n|inactive|itsjustsomni has 60 seconds left.\n|\n|t:|1776204814\n|teamsize|p1|4\n|teamsize|p2|4\n|start\n|switch|p1a: Aerodactyl|Aerodactyl, L50, F|100/100\n|switch|p1b: Sinistcha|Sinistcha, L50|100/100\n|switch|p2a: Milotic|Milotic, L50, F|100/100\n|switch|p2b: Gardevoir|Gardevoir, L50, F|100/100\n|-ability|p2b: Gardevoir|Rock Head|Trace|[from] ability: Trace|[of] p1a: Aerodactyl\n|turn|1\n|\n|t:|1776204833\n|switch|p2a: Sneasler|Sneasler, L50, F|100/100\n|move|p1a: Aerodactyl|Rock Slide|p2b: Gardevoir|[spread] p2a,p2b\n|-resisted|p2a: Sneasler|1\n|-damage|p2a: Sneasler|75/100\n|-damage|p2b: Gardevoir|49/100\n|cant|p2b: Gardevoir|flinch\n|move|p1b: Sinistcha|Matcha Gotcha|p2a: Sneasler|[spread] p2a,p2b\n|-resisted|p2a: Sneasler|1\n|-damage|p2a: Sneasler|58/100\n|-damage|p2b: Gardevoir|21/100\n|\n|upkeep\n|turn|2\n|inactive|itsjustsomni has 30 seconds left.\n|\n|t:|1776204864\n|detailschange|p2b: Gardevoir|Gardevoir-Mega, L50, F\n|-mega|p2b: Gardevoir|Gardevoir|Gardevoirite\n|move|p1a: Aerodactyl|Protect|p1a: Aerodactyl\n|-singleturn|p1a: Aerodactyl|Protect\n|move|p2a: Sneasler|Fake Out|p1a: Aerodactyl\n|-activate|p1a: Aerodactyl|move: Protect\n|move|p2b: Gardevoir|Hyper Voice|p1a: Aerodactyl|[spread] p1b\n|-activate|p1a: Aerodactyl|move: Protect\n|-damage|p1b: Sinistcha|53/100\n|move|p1b: Sinistcha|Matcha Gotcha|p2a: Sneasler|[spread] p2a,p2b\n|-resisted|p2a: Sneasler|1\n|-damage|p2a: Sneasler|40/100\n|-heal|p1b: Sinistcha|61/100|[from] drain|[of] p2a: Sneasler\n|-damage|p2b: Gardevoir|0 fnt\n|-heal|p1b: Sinistcha|70/100|[from] drain|[of] p2b: Gardevoir\n|faint|p2b: Gardevoir\n|\n|-heal|p1b: Sinistcha|76/100|[from] item: Leftovers\n|upkeep\n|\n|t:|1776204886\n|switch|p2b: Ceruledge|Ceruledge, L50, F|100/100\n|turn|3\n|\n|t:|1776204908\n|switch|p1b: Hydreigon|Hydreigon, L50, F|100/100\n|move|p1a: Aerodactyl|Rock Slide|p2a: Sneasler|[spread] p2a,p2b\n|-resisted|p2a: Sneasler|1\n|-supereffective|p2b: Ceruledge|1\n|-damage|p2a: Sneasler|17/100\n|-damage|p2b: Ceruledge|18/100\n|-ability|p2b: Ceruledge|Weak Armor|boost\n|-unboost|p2b: Ceruledge|def|1\n|-boost|p2b: Ceruledge|spe|2\n|move|p2b: Ceruledge|Poltergeist|p1b: Hydreigon\n|-activate|p1b: Hydreigon|move: Poltergeist|Black Glasses\n|-resisted|p1b: Hydreigon|1\n|-damage|p1b: Hydreigon|67/100\n|move|p2a: Sneasler|Dire Claw|p1b: Hydreigon\n|-damage|p1b: Hydreigon|9/100\n|\n|upkeep\n|turn|4\n|inactive|itsjustsomni has 30 seconds left.\n|inactive|Lazoz4064 has 30 seconds left.\n|inactive|itsjustsomni has 20 seconds left.\n|inactive|itsjustsomni has 15 seconds left.\n|\n|t:|1776204950\n|switch|p2a: Milotic|Milotic, L50, F|100/100\n|move|p2b: Ceruledge|Poltergeist|p1a: Aerodactyl\n|-activate|p1a: Aerodactyl|move: Poltergeist|Aerodactylite\n|-damage|p1a: Aerodactyl|7/100\n|move|p1a: Aerodactyl|Rock Slide|p2a: Milotic|[spread] p2a,p2b\n|-supereffective|p2b: Ceruledge|1\n|-damage|p2a: Milotic|77/100\n|-damage|p2b: Ceruledge|0 fnt\n|faint|p2b: Ceruledge\n|move|p1b: Hydreigon|Snarl|p2a: Milotic\n|-damage|p2a: Milotic|49/100\n|-unboost|p2a: Milotic|spa|1\n|-ability|p2a: Milotic|Competitive|boost\n|-boost|p2a: Milotic|spa|2\n|-enditem|p2a: Milotic|Sitrus Berry|[eat]\n|-heal|p2a: Milotic|73/100|[from] item: Sitrus Berry\n|\n|upkeep\n|\n|t:|1776204968\n|switch|p2b: Sneasler|Sneasler, L50, F|17/100\n|turn|5\n|inactive|Lazoz4064 has 30 seconds left.\n|\n|t:|1776204996\n|switch|p1b: Sinistcha|Sinistcha, L50|76/100\n|-heal|p1a: Aerodactyl|32/100|[from] ability: Hospitality|[of] p1b: Sinistcha\n|move|p1a: Aerodactyl|Protect|p1a: Aerodactyl\n|-singleturn|p1a: Aerodactyl|Protect\n|move|p2b: Sneasler|Protect|p2b: Sneasler\n|-singleturn|p2b: Sneasler|Protect\n|move|p2a: Milotic|Icy Wind|p1b: Sinistcha|[spread] p1b\n|-activate|p1a: Aerodactyl|move: Protect\n|-supereffective|p1b: Sinistcha|1\n|-damage|p1b: Sinistcha|45/100\n|-unboost|p1b: Sinistcha|spe|1\n|\n|-heal|p1b: Sinistcha|52/100|[from] item: Leftovers\n|upkeep\n|turn|6\n|\n|t:|1776205020\n|move|p1a: Aerodactyl|Dual Wingbeat|p2b: Sneasler\n|-supereffective|p2b: Sneasler|1\n|-damage|p2b: Sneasler|0 fnt\n|faint|p2b: Sneasler\n|-hitcount|p2: Sneasler|1\n|move|p2a: Milotic|Ice Beam|p1b: Sinistcha\n|-supereffective|p1b: Sinistcha|1\n|-damage|p1b: Sinistcha|0 fnt\n|faint|p1b: Sinistcha\n|\n|upkeep\n|\n|t:|1776205033\n|switch|p1b: Hydreigon|Hydreigon, L50, F|9/100\n|turn|7\n|\n|t:|1776205049\n|move|p1a: Aerodactyl|Dual Wingbeat|p2a: Milotic\n|-damage|p2a: Milotic|53/100\n|-damage|p2a: Milotic|37/100\n|-hitcount|p2a: Milotic|2\n|move|p1b: Hydreigon|Draco Meteor|p2a: Milotic\n|-damage|p2a: Milotic|0 fnt\n|-unboost|p1b: Hydreigon|spa|2\n|faint|p2a: Milotic\n|\n|win|itsjustsomni\n|raw|itsjustsomni's rating: 1047 &rarr; <strong>1087</strong><br />(+40 for winning)\n|raw|Lazoz4064's rating: 1126 &rarr; <strong>1095</strong><br />(-31 for losing)\n",
  "uploadtime": 1776205057,
  "views": 15,
  "formatid": "gen9championsvgc2026regma",
  "rating": 1087,
  "private": 0,
  "password": null
}