{
  "id": "gen9championsvgc2026regma-2583116262",
  "format": "[Gen 9 Champions] VGC 2026 Reg M-A",
  "players": [
    "faric",
    "316x"
  ],
  "log": "|j|\u2606faric\n|j|\u2606316x\n|t:|1776143907\n|gametype|doubles\n|player|p1|faric|2|1110\n|player|p2|316x|169|1040\n|gen|9\n|tier|[Gen 9 Champions] VGC 2026 Reg M-A\n|rated|\n|rule|Species Clause: Limit one of each Pok\u00e9mon\n|rule|Item Clause: Limit 1 of each item\n|clearpoke\n|poke|p1|Charizard, L50, M|\n|poke|p1|Garchomp, L50, M|\n|poke|p1|Rotom-Wash, L50|\n|poke|p1|Incineroar, L50, F|\n|poke|p1|Sneasler, L50, F|\n|poke|p1|Whimsicott, L50, F|\n|poke|p2|Mimikyu, L50, F|\n|poke|p2|Cofagrigus, L50, F|\n|poke|p2|Banette, L50, F|\n|poke|p2|Steelix, L50, F|\n|poke|p2|Sinistcha-Masterpiece, L50|\n|poke|p2|Garganacl, L50, F|\n|teampreview|4\n|inactive|Battle timer is ON: inactive players will automatically lose when time's up. (requested by faric)\n|\n|t:|1776143933\n|teamsize|p1|4\n|teamsize|p2|4\n|start\n|switch|p1a: Charizard|Charizard, L50, M|100/100\n|switch|p1b: Rotom|Rotom-Wash, L50|100/100\n|switch|p2a: Cofagrigus|Cofagrigus, L50, F|100/100\n|switch|p2b: Banette|Banette, L50, F|100/100\n|turn|1\n|\n|t:|1776143950\n|detailschange|p1a: Charizard|Charizard-Mega-Y, L50, M\n|-mega|p1a: Charizard|Charizard|Charizardite Y\n|-weather|SunnyDay|[from] ability: Drought|[of] p1a: Charizard\n|move|p2b: Banette|Protect|p2b: Banette\n|-singleturn|p2b: Banette|Protect\n|move|p1a: Charizard|Heat Wave|p2a: Cofagrigus|[spread] p2a\n|-activate|p2b: Banette|move: Protect\n|-damage|p2a: Cofagrigus|50/100\n|move|p1b: Rotom|Volt Switch|p2a: Cofagrigus\n|-damage|p2a: Cofagrigus|24/100\n|\n|t:|1776143962\n|switch|p1b: Incineroar|Incineroar, L50, F|100/100|[from] Volt Switch\n|-ability|p1b: Incineroar|Intimidate|boost\n|-unboost|p2a: Cofagrigus|atk|1\n|-unboost|p2b: Banette|atk|1\n|move|p2a: Cofagrigus|Trick Room|p2a: Cofagrigus\n|-fieldstart|move: Trick Room|[of] p2a: Cofagrigus\n|\n|-weather|SunnyDay|[upkeep]\n|upkeep\n|turn|2\n|\n|t:|1776143978\n|switch|p2b: Sinistcha|Sinistcha-Masterpiece, L50|100/100\n|-heal|p2a: Cofagrigus|48/100|[from] ability: Hospitality|[of] p2b: Sinistcha\n|move|p1a: Charizard|Protect|p1a: Charizard\n|-singleturn|p1a: Charizard|Protect\n|move|p2a: Cofagrigus|Iron Defense|p2a: Cofagrigus\n|-boost|p2a: Cofagrigus|def|2\n|move|p1b: Incineroar|Darkest Lariat|p2b: Sinistcha|[miss]\n|-miss|p1b: Incineroar|p2b: Sinistcha\n|\n|-weather|SunnyDay|[upkeep]\n|upkeep\n|turn|3\n|\n|t:|1776144003\n|switch|p2b: Mimikyu|Mimikyu, L50, F|100/100\n|move|p2a: Cofagrigus|Body Press|p1b: Incineroar\n|-supereffective|p1b: Incineroar|1\n|-damage|p1b: Incineroar|0 fnt\n|faint|p1b: Incineroar\n|move|p1a: Charizard|Weather Ball|p2a: Cofagrigus\n|-damage|p2a: Cofagrigus|0 fnt\n|faint|p2a: Cofagrigus\n|\n|-weather|SunnyDay|[upkeep]\n|upkeep\n|\n|t:|1776144014\n|switch|p2a: Banette|Banette, L50, F|100/100\n|switch|p1b: Rotom|Rotom-Wash, L50|100/100\n|turn|4\n|\n|t:|1776144031\n|detailschange|p2a: Banette|Banette-Mega, L50, F\n|-mega|p2a: Banette|Banette|Banettite\n|move|p1b: Rotom|Protect|p1b: Rotom\n|-singleturn|p1b: Rotom|Protect\n|move|p1a: Charizard|Protect|p1a: Charizard\n|-singleturn|p1a: Charizard|Protect\n|move|p2a: Banette|Phantom Force||[still]\n|-prepare|p2a: Banette|Phantom Force\n|move|p2b: Mimikyu|Swords Dance|p2b: Mimikyu\n|-boost|p2b: Mimikyu|atk|2\n|\n|-weather|SunnyDay|[upkeep]\n|upkeep\n|turn|5\n|\n|t:|1776144050\n|switch|p1a: Garchomp|Garchomp, L50, M|100/100\n|move|p2b: Mimikyu|Shadow Sneak|p1a: Garchomp\n|-damage|p1a: Garchomp|57/100\n|-damage|p2b: Mimikyu|88/100|[from] ability: Rough Skin|[of] p1a: Garchomp\n|move|p2a: Banette|Phantom Force|p1b: Rotom|[from] lockedmove\n|-damage|p1b: Rotom|35/100\n|move|p1b: Rotom|Thunderbolt|p2b: Mimikyu\n|-activate|p2b: Mimikyu|ability: Disguise\n|-damage|p2b: Mimikyu|88/100\n|detailschange|p2b: Mimikyu|Mimikyu-Busted, L50, F\n|-damage|p2b: Mimikyu|76/100|[from] pokemon: Mimikyu-Busted\n|\n|-weather|none\n|-heal|p1b: Rotom|41/100|[from] item: Leftovers\n|-fieldend|move: Trick Room\n|upkeep\n|turn|6\n|inactive|316x has 30 seconds left.\n|\n|t:|1776144077\n|switch|p1b: Charizard|Charizard-Mega-Y, L50, M|100/100\n|-weather|SunnyDay|[from] ability: Drought|[of] p1b: Charizard\n|switch|p2a: Sinistcha|Sinistcha-Masterpiece, L50|100/100\n|-heal|p2b: Mimikyu|100/100|[from] ability: Hospitality|[of] p2a: Sinistcha\n|move|p2b: Mimikyu|Shadow Sneak|p1b: Charizard\n|-damage|p1b: Charizard|46/100\n|move|p1a: Garchomp|Earthquake|p2a: Sinistcha|[spread] p2a,p2b\n|-immune|p1b: Charizard\n|-resisted|p2a: Sinistcha|1\n|-damage|p2a: Sinistcha|85/100\n|-damage|p2b: Mimikyu|30/100\n|\n|-weather|SunnyDay|[upkeep]\n|upkeep\n|turn|7\n|\n|t:|1776144102\n|move|p1a: Garchomp|Earthquake|p2a: Sinistcha|[spread] p2a,p2b\n|-immune|p1b: Charizard\n|-resisted|p2a: Sinistcha|1\n|-damage|p2a: Sinistcha|67/100\n|-damage|p2b: Mimikyu|0 fnt\n|faint|p2b: Mimikyu\n|move|p1b: Charizard|Heat Wave|p2a: Sinistcha\n|-supereffective|p2a: Sinistcha|1\n|-damage|p2a: Sinistcha|0 fnt\n|faint|p2a: Sinistcha\n|\n|-weather|SunnyDay|[upkeep]\n|upkeep\n|inactive|316x has 30 seconds left.\n|inactive|316x has 20 seconds left.\n|inactive|316x has 15 seconds left.\n|inactive|316x has 10 seconds left.\n|inactive|316x has 5 seconds left.\n|\n|t:|1776144157\n|switch|p2a: Banette|Banette-Mega, L50, F|100/100\n|turn|8\n|inactive|316x has 30 seconds left.\n|inactive|316x has 20 seconds left.\n|inactive|316x has 15 seconds left.\n|inactive|316x has 10 seconds left.\n|inactive|316x has 5 seconds left.\n|\n|t:|1776144212\n|move|p2a: Banette|Skill Swap|p1b: Charizard\n|-activate|p2a: Banette|Skill Swap|Drought|Prankster|[of] p1b: Charizard\n|move|p1a: Garchomp|Earthquake|p2a: Banette|[spread] p2a\n|-immune|p1b: Charizard\n|-damage|p2a: Banette|29/100\n|move|p1b: Charizard|Weather Ball|p2a: Banette\n|-damage|p2a: Banette|0 fnt\n|faint|p2a: Banette\n|\n|win|faric\n|raw|faric's rating: 1110 &rarr; <strong>1130</strong><br />(+20 for winning)\n|raw|316x's rating: 1040 &rarr; <strong>1027</strong><br />(-13 for losing)\n",
  "uploadtime": 1776144225,
  "views": 33,
  "formatid": "gen9championsvgc2026regma",
  "rating": 1027,
  "private": 0,
  "password": null
}