{
  "id": "gen9championsvgc2026regma-2588031262",
  "format": "[Gen 9 Champions] VGC 2026 Reg M-A",
  "players": [
    "kk114",
    "tacazmacaz"
  ],
  "log": "|j|\u2606kk114\n|j|\u2606tacazmacaz\n|t:|1776595483\n|gametype|doubles\n|player|p1|kk114|unknownf|1105\n|player|p2|tacazmacaz|steven|1167\n|gen|9\n|tier|[Gen 9 Champions] VGC 2026 Reg M-A\n|rated|\n|rule|Species Clause: Limit one of each Pok\u00e9mon\n|rule|Item Clause: Limit 1 of each item\n|clearpoke\n|poke|p1|Charizard, L50, M, shiny|\n|poke|p1|Incineroar, L50, M, shiny|\n|poke|p1|Whimsicott, L50, F, shiny|\n|poke|p1|Garchomp, L50, F, shiny|\n|poke|p1|Rotom-Wash, L50, shiny|\n|poke|p1|Sneasler, L50, M, shiny|\n|poke|p2|Charizard, L50, M|\n|poke|p2|Garchomp, L50, F|\n|poke|p2|Tyranitar, L50, M|\n|poke|p2|Torkoal, L50, F|\n|poke|p2|Corviknight, L50, F|\n|poke|p2|Primarina, L50, F|\n|teampreview|4\n|inactive|Battle timer is ON: inactive players will automatically lose when time's up. (requested by kk114)\n|inactive|tacazmacaz also wants the timer to be on.\n|\n|t:|1776595502\n|teamsize|p1|4\n|teamsize|p2|4\n|start\n|switch|p1a: \u9a6c\u560e\u5f00\u5f00|Garchomp, L50, F, shiny|100/100\n|switch|p1b: \u6c34\u8863\u673a\u5f00\u5f00|Rotom-Wash, L50, shiny|100/100\n|switch|p2a: Corviknight|Corviknight, L50, F|100/100\n|switch|p2b: Garchomp|Garchomp, L50, F|100/100\n|turn|1\n|\n|t:|1776595527\n|move|p1a: \u9a6c\u560e\u5f00\u5f00|Dragon Claw|p2b: Garchomp\n|-supereffective|p2b: Garchomp|1\n|-damage|p2b: Garchomp|15/100\n|-damage|p1a: \u9a6c\u560e\u5f00\u5f00|88/100|[from] ability: Rough Skin|[of] p2b: Garchomp\n|move|p2b: Garchomp|Dragon Claw|p1a: \u9a6c\u560e\u5f00\u5f00\n|-supereffective|p1a: \u9a6c\u560e\u5f00\u5f00|1\n|-damage|p1a: \u9a6c\u560e\u5f00\u5f00|0 fnt\n|-damage|p2b: Garchomp|2/100|[from] ability: Rough Skin|[of] p1a: \u9a6c\u560e\u5f00\u5f00\n|faint|p1a: \u9a6c\u560e\u5f00\u5f00\n|move|p2a: Corviknight|Tailwind|p2a: Corviknight\n|-sidestart|p2: tacazmacaz|move: Tailwind\n|move|p1b: \u6c34\u8863\u673a\u5f00\u5f00|Thunderbolt|p2a: Corviknight\n|-supereffective|p2a: Corviknight|1\n|-damage|p2a: Corviknight|21/100\n|-enditem|p2a: Corviknight|Sitrus Berry|[eat]\n|-heal|p2a: Corviknight|46/100|[from] item: Sitrus Berry\n|\n|upkeep\n|\n|t:|1776595541\n|switch|p1a: \u8f7b\u88c5\u5f00\u5f00|Sneasler, L50, M, shiny|100/100\n|turn|2\n|\n|t:|1776595565\n|switch|p2b: Primarina|Primarina, L50, F|100/100\n|move|p1a: \u8f7b\u88c5\u5f00\u5f00|Protect|p1a: \u8f7b\u88c5\u5f00\u5f00\n|-singleturn|p1a: \u8f7b\u88c5\u5f00\u5f00|Protect\n|move|p2a: Corviknight|Brave Bird|p1a: \u8f7b\u88c5\u5f00\u5f00\n|-activate|p1a: \u8f7b\u88c5\u5f00\u5f00|move: Protect\n|move|p1b: \u6c34\u8863\u673a\u5f00\u5f00|Volt Switch|p2a: Corviknight\n|-supereffective|p2a: Corviknight|1\n|-damage|p2a: Corviknight|0 fnt\n|faint|p2a: Corviknight\n|\n|t:|1776595576\n|switch|p1b: \u6674\u5929\u5f00\u5f00|Charizard, L50, M, shiny|100/100|[from] Volt Switch\n|\n|upkeep\n|\n|t:|1776595582\n|switch|p2a: Garchomp|Garchomp, L50, F|2/100\n|turn|3\n|\n|t:|1776595593\n|switch|p2b: Charizard|Charizard, L50, M|100/100\n|detailschange|p1b: \u6674\u5929\u5f00\u5f00|Charizard-Mega-Y, L50, M, shiny\n|-mega|p1b: \u6674\u5929\u5f00\u5f00|Charizard|Charizardite Y\n|-weather|SunnyDay|[from] ability: Drought|[of] p1b: \u6674\u5929\u5f00\u5f00\n|move|p1b: \u6674\u5929\u5f00\u5f00|Protect|p1b: \u6674\u5929\u5f00\u5f00\n|-singleturn|p1b: \u6674\u5929\u5f00\u5f00|Protect\n|move|p2a: Garchomp|Rock Slide|p1b: \u6674\u5929\u5f00\u5f00|[spread] p1a\n|-activate|p1b: \u6674\u5929\u5f00\u5f00|move: Protect\n|-resisted|p1a: \u8f7b\u88c5\u5f00\u5f00|1\n|-damage|p1a: \u8f7b\u88c5\u5f00\u5f00|84/100\n|move|p1a: \u8f7b\u88c5\u5f00\u5f00|Dire Claw|p2b: Charizard\n|-damage|p2b: Charizard|42/100\n|\n|-weather|SunnyDay|[upkeep]\n|upkeep\n|turn|4\n|inactive|kk114 has 30 seconds left.\n|inactive|kk114 has 20 seconds left.\n|inactive|kk114 has 15 seconds left.\n|\n|t:|1776595637\n|switch|p1b: \u6c34\u8863\u673a\u5f00\u5f00|Rotom-Wash, L50, shiny|100/100\n|detailschange|p2b: Charizard|Charizard-Mega-Y, L50, M\n|-mega|p2b: Charizard|Charizard|Charizardite Y\n|move|p1a: \u8f7b\u88c5\u5f00\u5f00|Protect|p1a: \u8f7b\u88c5\u5f00\u5f00\n|-singleturn|p1a: \u8f7b\u88c5\u5f00\u5f00|Protect\n|move|p2a: Garchomp|Rock Slide|p1b: \u6c34\u8863\u673a\u5f00\u5f00|[spread] p1b\n|-activate|p1a: \u8f7b\u88c5\u5f00\u5f00|move: Protect\n|-damage|p1b: \u6c34\u8863\u673a\u5f00\u5f00|80/100\n|move|p2b: Charizard|Heat Wave|p1b: \u6c34\u8863\u673a\u5f00\u5f00|[spread] p1b\n|-activate|p1a: \u8f7b\u88c5\u5f00\u5f00|move: Protect\n|-resisted|p1b: \u6c34\u8863\u673a\u5f00\u5f00|1\n|-damage|p1b: \u6c34\u8863\u673a\u5f00\u5f00|44/100\n|\n|-weather|SunnyDay|[upkeep]\n|-heal|p1b: \u6c34\u8863\u673a\u5f00\u5f00|50/100|[from] item: Leftovers\n|-sideend|p2: tacazmacaz|move: Tailwind\n|upkeep\n|turn|5\n|inactive|kk114 has 30 seconds left.\n|\n|t:|1776595666\n|switch|p2a: Primarina|Primarina, L50, F|100/100\n|move|p2b: Charizard|Protect|p2b: Charizard\n|-singleturn|p2b: Charizard|Protect\n|move|p1a: \u8f7b\u88c5\u5f00\u5f00|Dire Claw|p2a: Primarina\n|-supereffective|p2a: Primarina|1\n|-damage|p2a: Primarina|0 fnt\n|faint|p2a: Primarina\n|move|p1b: \u6c34\u8863\u673a\u5f00\u5f00|Volt Switch|p2b: Charizard\n|-activate|p2b: Charizard|move: Protect\n|\n|-weather|SunnyDay|[upkeep]\n|-heal|p1b: \u6c34\u8863\u673a\u5f00\u5f00|56/100|[from] item: Leftovers\n|upkeep\n|-message|tacazmacaz forfeited.\n|\n|win|kk114\n|raw|kk114's rating: 1105 &rarr; <strong>1134</strong><br />(+29 for winning)\n|raw|tacazmacaz's rating: 1167 &rarr; <strong>1138</strong><br />(-29 for losing)\n|l|\u2606tacazmacaz\n|player|p2|\n",
  "uploadtime": 1776595684,
  "views": 12,
  "formatid": "gen9championsvgc2026regma",
  "rating": 1134,
  "private": 0,
  "password": null
}