{
  "id": "gen9championsvgc2026regma-2582499832",
  "format": "[Gen 9 Champions] VGC 2026 Reg M-A",
  "players": [
    "tailamatong",
    "RcntlyDvrcd"
  ],
  "log": "|j|\u2606tailamatong\n|j|\u2606RcntlyDvrcd\n|t:|1776095623\n|gametype|doubles\n|player|p1|tailamatong|iris|1084\n|player|p2|RcntlyDvrcd|266|1096\n|gen|9\n|tier|[Gen 9 Champions] VGC 2026 Reg M-A\n|rated|\n|rule|Species Clause: Limit one of each Pok\u00e9mon\n|rule|Item Clause: Limit 1 of each item\n|clearpoke\n|poke|p1|Kingambit, L50, F|\n|poke|p1|Sneasler, L50, M|\n|poke|p1|Incineroar, L50, M|\n|poke|p1|Maushold-Four, L50|\n|poke|p1|Dragapult, L50, F|\n|poke|p1|Gardevoir, L50, M|\n|poke|p2|Charizard, L50, F|\n|poke|p2|Venusaur, L50, F|\n|poke|p2|Garchomp, L50, M|\n|poke|p2|Incineroar, L50, M|\n|poke|p2|Sneasler, L50, F|\n|poke|p2|Rotom-Wash, L50|\n|teampreview|4\n|\n|t:|1776095642\n|teamsize|p1|4\n|teamsize|p2|4\n|start\n|switch|p1a: Sneasler|Sneasler, L50, M|100/100\n|switch|p1b: Gardevoir|Gardevoir, L50, M|100/100\n|switch|p2a: Charizard|Charizard, L50, F|100/100\n|switch|p2b: Venusaur|Venusaur, L50, F|100/100\n|-ability|p1b: Gardevoir|Solar Power|Trace|[from] ability: Trace|[of] p2a: Charizard\n|turn|1\n|\n|t:|1776095667\n|detailschange|p2a: Charizard|Charizard-Mega-Y, L50, F\n|-mega|p2a: Charizard|Charizard|Charizardite Y\n|-weather|SunnyDay|[from] ability: Drought|[of] p2a: Charizard\n|detailschange|p1b: Gardevoir|Gardevoir-Mega, L50, M\n|-mega|p1b: Gardevoir|Gardevoir|Gardevoirite\n|move|p2b: Venusaur|Protect|p2b: Venusaur\n|-singleturn|p2b: Venusaur|Protect\n|move|p2a: Charizard|Protect|p2a: Charizard\n|-singleturn|p2a: Charizard|Protect\n|move|p1a: Sneasler|Fake Out|p2a: Charizard\n|-activate|p2a: Charizard|move: Protect\n|move|p1b: Gardevoir|Psyshock|p2b: Venusaur\n|-activate|p2b: Venusaur|move: Protect\n|\n|-weather|SunnyDay|[upkeep]\n|upkeep\n|turn|2\n|\n|t:|1776095693\n|switch|p1a: Incineroar|Incineroar, L50, M|100/100\n|-ability|p1a: Incineroar|Intimidate|boost\n|-unboost|p2a: Charizard|atk|1\n|-unboost|p2b: Venusaur|atk|1\n|move|p1b: Gardevoir|Protect|p1b: Gardevoir\n|-singleturn|p1b: Gardevoir|Protect\n|move|p2b: Venusaur|Sludge Bomb|p1b: Gardevoir\n|-activate|p1b: Gardevoir|move: Protect\n|move|p2a: Charizard|Heat Wave|p1a: Incineroar|[spread] p1a\n|-activate|p1b: Gardevoir|move: Protect\n|-resisted|p1a: Incineroar|1\n|-damage|p1a: Incineroar|78/100\n|\n|-weather|SunnyDay|[upkeep]\n|upkeep\n|turn|3\n|\n|t:|1776095741\n|switch|p1a: Sneasler|Sneasler, L50, M|100/100\n|move|p2a: Charizard|Protect|p2a: Charizard\n|-singleturn|p2a: Charizard|Protect\n|move|p2b: Venusaur|Sludge Bomb|p1b: Gardevoir\n|-supereffective|p1b: Gardevoir|1\n|-damage|p1b: Gardevoir|42/100\n|move|p1b: Gardevoir|Trick Room|p1b: Gardevoir\n|-fieldstart|move: Trick Room|[of] p1b: Gardevoir\n|\n|-weather|SunnyDay|[upkeep]\n|upkeep\n|turn|4\n|\n|t:|1776095763\n|move|p1b: Gardevoir|Psyshock|p2b: Venusaur\n|-supereffective|p2b: Venusaur|1\n|-enditem|p2b: Venusaur|Focus Sash\n|-damage|p2b: Venusaur|1/100\n|move|p2a: Charizard|Heat Wave|p1a: Sneasler|[spread] p1a,p1b\n|-damage|p1a: Sneasler|13/100\n|-damage|p1b: Gardevoir|0 fnt\n|faint|p1b: Gardevoir\n|move|p1a: Sneasler|Dire Claw|p2a: Charizard\n|-damage|p2a: Charizard|44/100\n|-status|p2a: Charizard|psn\n|move|p2b: Venusaur|Sludge Bomb|p1a: Sneasler\n|-resisted|p1a: Sneasler|1\n|-damage|p1a: Sneasler|0 fnt\n|faint|p1a: Sneasler\n|\n|-weather|SunnyDay|[upkeep]\n|-damage|p2a: Charizard|32/100 psn|[from] psn\n|upkeep\n|\n|t:|1776095784\n|switch|p1b: Dragapult|Dragapult, L50, F|100/100\n|switch|p1a: Incineroar|Incineroar, L50, M|78/100\n|-ability|p1a: Incineroar|Intimidate|boost\n|-unboost|p2a: Charizard|atk|1\n|-unboost|p2b: Venusaur|atk|1\n|turn|5\n|\n|t:|1776095830\n|move|p1a: Incineroar|Darkest Lariat|p2a: Charizard\n|-damage|p2a: Charizard|0 fnt\n|faint|p2a: Charizard\n|move|p1b: Dragapult|Shadow Ball|p2b: Venusaur\n|-damage|p2b: Venusaur|0 fnt\n|faint|p2b: Venusaur\n|\n|-weather|none\n|upkeep\n|\n|t:|1776095840\n|switch|p2b: Sneasler|Sneasler, L50, F|100/100\n|switch|p2a: Garchomp|Garchomp, L50, M|100/100\n|turn|6\n|\n|t:|1776095860\n|move|p2b: Sneasler|Fake Out|p1a: Incineroar\n|-damage|p1a: Incineroar|65/100\n|cant|p1a: Incineroar|flinch\n|move|p1b: Dragapult|Draco Meteor|p2a: Garchomp\n|-supereffective|p2a: Garchomp|1\n|-damage|p2a: Garchomp|0 fnt\n|-unboost|p1b: Dragapult|spa|2\n|faint|p2a: Garchomp\n|\n|upkeep\n|turn|7\n|\n|t:|1776095879\n|move|p1a: Incineroar|Flare Blitz|p2b: Sneasler\n|-damage|p2b: Sneasler|24/100\n|-damage|p1a: Incineroar|45/100|[from] Recoil\n|-enditem|p1a: Incineroar|Sitrus Berry|[eat]\n|-heal|p1a: Incineroar|70/100|[from] item: Sitrus Berry\n|move|p2b: Sneasler|Close Combat|p1a: Incineroar\n|-supereffective|p1a: Incineroar|1\n|-damage|p1a: Incineroar|0 fnt\n|-unboost|p2b: Sneasler|def|1\n|-unboost|p2b: Sneasler|spd|1\n|faint|p1a: Incineroar\n|move|p1b: Dragapult|Thunder Wave|p2b: Sneasler\n|-status|p2b: Sneasler|par\n|\n|-fieldend|move: Trick Room\n|upkeep\n|turn|8\n|\n|t:|1776095900\n|move|p1b: Dragapult|Shadow Ball|p2b: Sneasler\n|-damage|p2b: Sneasler|0 fnt\n|faint|p2b: Sneasler\n|\n|win|tailamatong\n|raw|tailamatong's rating: 1084 &rarr; <strong>1112</strong><br />(+28 for winning)\n|raw|RcntlyDvrcd's rating: 1096 &rarr; <strong>1071</strong><br />(-25 for losing)\n|l|\u2606RcntlyDvrcd\n|player|p2|\n",
  "uploadtime": 1776095913,
  "views": 18,
  "formatid": "gen9championsvgc2026regma",
  "rating": 1071,
  "private": 0,
  "password": null
}