{
  "id": "gen9championsvgc2026regma-2580922175",
  "format": "[Gen 9 Champions] VGC 2026 Reg M-A",
  "players": [
    "Ingoxeron",
    "Kanox22"
  ],
  "log": "|j|\u2606Ingoxeron\n|j|\u2606Kanox22\n|t:|1775943581\n|gametype|doubles\n|player|p1|Ingoxeron|birdkeeper-gen4dp|1000\n|player|p2|Kanox22|burglar|1075\n|gen|9\n|tier|[Gen 9 Champions] VGC 2026 Reg M-A\n|rated|\n|rule|Species Clause: Limit one of each Pok\u00e9mon\n|rule|Item Clause: Limit 1 of each item\n|clearpoke\n|poke|p1|Altaria, L50, F|\n|poke|p1|Arcanine, L50, M|\n|poke|p1|Heracross, L50, F|\n|poke|p1|Dragonite, L50, M|\n|poke|p1|Kingambit, L50, M|\n|poke|p1|Basculegion-F, L50, F|\n|poke|p2|Meganium, L50, F|\n|poke|p2|Basculegion, L50, M|\n|poke|p2|Pelipper, L50, M|\n|poke|p2|Incineroar, L50, F|\n|poke|p2|Talonflame, L50, F|\n|poke|p2|Maushold-Four, L50|\n|teampreview|4\nIngoxeron rejected open team sheets.\n|\n|t:|1775943647\n|teamsize|p1|4\n|teamsize|p2|4\n|start\n|switch|p1a: Arcanine|Arcanine, L50, M|100/100\n|switch|p1b: Kingambit|Kingambit, L50, M|100/100\n|switch|p2a: Talonflame|Talonflame, L50, F|100/100\n|switch|p2b: Meganium|Meganium, L50, F|100/100\n|-ability|p1a: Arcanine|Intimidate|boost\n|-unboost|p2a: Talonflame|atk|1\n|-unboost|p2b: Meganium|atk|1\n|turn|1\n|\n|t:|1775943699\n|switch|p2b: Pelipper|Pelipper, L50, M|100/100\n|-weather|RainDance|[from] ability: Drizzle|[of] p2b: Pelipper\n|move|p2a: Talonflame|Will-O-Wisp|p1b: Kingambit\n|-status|p1b: Kingambit|brn\n|move|p1a: Arcanine|Snarl|p2b: Pelipper|[spread] p2a,p2b\n|-damage|p2a: Talonflame|83/100\n|-damage|p2b: Pelipper|81/100\n|-unboost|p2a: Talonflame|spa|1\n|-unboost|p2b: Pelipper|spa|1\n|move|p1b: Kingambit|Kowtow Cleave|p2b: Pelipper\n|-damage|p2b: Pelipper|61/100\n|\n|-weather|RainDance|[upkeep]\n|-damage|p1b: Kingambit|95/100 brn|[from] brn\n|upkeep\n|turn|2\n|\n|t:|1775943737\n|switch|p2a: Basculegion|Basculegion, L50, M|100/100\n|move|p2b: Pelipper|Surf|p1a: Arcanine|[spread] p2a,p1a,p1b\n|-resisted|p2a: Basculegion|1\n|-supereffective|p1a: Arcanine|1\n|-damage|p2a: Basculegion|86/100\n|-damage|p1a: Arcanine|55/100\n|-damage|p1b: Kingambit|68/100 brn\n|move|p1a: Arcanine|Will-O-Wisp|p2a: Basculegion\n|-status|p2a: Basculegion|brn\n|move|p1b: Kingambit|Kowtow Cleave|p2a: Basculegion\n|-supereffective|p2a: Basculegion|1\n|-damage|p2a: Basculegion|27/100 brn\n|\n|-weather|RainDance|[upkeep]\n|-heal|p1a: Arcanine|61/100|[from] item: Leftovers\n|-damage|p2a: Basculegion|21/100 brn|[from] brn\n|-damage|p1b: Kingambit|62/100 brn|[from] brn\n|upkeep\n|turn|3\n|\n|t:|1775943763\n|move|p1b: Kingambit|Sucker Punch|p2a: Basculegion\n|-supereffective|p2a: Basculegion|1\n|-damage|p2a: Basculegion|0 fnt\n|faint|p2a: Basculegion\n|move|p2b: Pelipper|Tailwind|p2b: Pelipper\n|-sidestart|p2: Kanox22|move: Tailwind\n|move|p1a: Arcanine|Snarl|p2b: Pelipper\n|-damage|p2b: Pelipper|39/100\n|-unboost|p2b: Pelipper|spa|1\n|\n|-weather|RainDance|[upkeep]\n|-heal|p1a: Arcanine|67/100|[from] item: Leftovers\n|-damage|p1b: Kingambit|57/100 brn|[from] brn\n|upkeep\n|\n|t:|1775943787\n|switch|p2a: Meganium|Meganium, L50, F|100/100\n|turn|4\n|\n|t:|1775943812\n|detailschange|p2a: Meganium|Meganium-Mega, L50, F\n|-mega|p2a: Meganium|Meganium|Meganiumite\n|move|p2a: Meganium|Weather Ball|p1b: Kingambit\n|-supereffective|p1b: Kingambit|1\n|-damage|p1b: Kingambit|0 fnt\n|faint|p1b: Kingambit\n|move|p2b: Pelipper|Hurricane|p1a: Arcanine\n|-crit|p1a: Arcanine\n|-damage|p1a: Arcanine|24/100\n|move|p1a: Arcanine|Snarl|p2a: Meganium|[spread] p2a,p2b\n|-resisted|p2a: Meganium|1\n|-damage|p2a: Meganium|95/100\n|-damage|p2b: Pelipper|21/100\n|-unboost|p2a: Meganium|spa|1\n|-unboost|p2b: Pelipper|spa|1\n|\n|-weather|RainDance|[upkeep]\n|-heal|p1a: Arcanine|30/100|[from] item: Leftovers\n|upkeep\n|\n|t:|1775943819\n|switch|p1b: Dragonite|Dragonite, L50, M|100/100\n|turn|5\n|\n|t:|1775943873\n|switch|p2a: Talonflame|Talonflame, L50, F|83/100\n|move|p1b: Dragonite|Protect|p1b: Dragonite\n|-singleturn|p1b: Dragonite|Protect\n|move|p2b: Pelipper|Hurricane|p1b: Dragonite\n|-activate|p1b: Dragonite|move: Protect\n|move|p1a: Arcanine|Snarl|p2b: Pelipper|[spread] p2a,p2b\n|-damage|p2a: Talonflame|66/100\n|-damage|p2b: Pelipper|3/100\n|-unboost|p2a: Talonflame|spa|1\n|-unboost|p2b: Pelipper|spa|1\n|\n|-weather|none\n|-heal|p1a: Arcanine|35/100|[from] item: Leftovers\n|upkeep\n|turn|6\n|\n|t:|1775943920\n|detailschange|p1b: Dragonite|Dragonite-Mega, L50, M\n|-mega|p1b: Dragonite|Dragonite|Dragoninite\n|move|p2b: Pelipper|Protect|p2b: Pelipper\n|-singleturn|p2b: Pelipper|Protect\n|move|p2a: Talonflame|Heat Wave|p1a: Arcanine|[spread] p1a,p1b\n|-resisted|p1a: Arcanine|1\n|-resisted|p1b: Dragonite|1\n|-damage|p1a: Arcanine|28/100\n|-damage|p1b: Dragonite|96/100\n|move|p1b: Dragonite|Air Slash|p2a: Talonflame\n|-damage|p2a: Talonflame|0 fnt\n|faint|p2a: Talonflame\n|move|p1a: Arcanine|Snarl|p2b: Pelipper\n|-activate|p2b: Pelipper|move: Protect\n|\n|-heal|p1a: Arcanine|34/100|[from] item: Leftovers\n|-sideend|p2: Kanox22|move: Tailwind\n|upkeep\n|\n|t:|1775943934\n|switch|p2a: Meganium|Meganium-Mega, L50, F|95/100\n|turn|7\n|\n|t:|1775943953\n|move|p1b: Dragonite|Protect|p1b: Dragonite\n|-singleturn|p1b: Dragonite|Protect\n|move|p1a: Arcanine|Extreme Speed|p2b: Pelipper\n|-crit|p2b: Pelipper\n|-damage|p2b: Pelipper|0 fnt\n|faint|p2b: Pelipper\n|move|p2a: Meganium|Dazzling Gleam|p1a: Arcanine|[spread] p1a\n|-activate|p1b: Dragonite|move: Protect\n|-resisted|p1a: Arcanine|1\n|-damage|p1a: Arcanine|20/100\n|\n|-heal|p1a: Arcanine|26/100|[from] item: Leftovers\n|upkeep\n|turn|8\n|\n|t:|1775943972\n|switch|p1b: Altaria|Altaria, L50, F|100/100\n|-ability|p1b: Altaria|Cloud Nine\n|move|p2a: Meganium|Dazzling Gleam|p1a: Arcanine|[spread] p1a,p1b\n|-resisted|p1a: Arcanine|1\n|-supereffective|p1b: Altaria|1\n|-damage|p1a: Arcanine|13/100\n|-damage|p1b: Altaria|41/100\n|move|p1a: Arcanine|Snarl|p2a: Meganium\n|-resisted|p2a: Meganium|1\n|-damage|p2a: Meganium|88/100\n|-unboost|p2a: Meganium|spa|1\n|\n|-heal|p1a: Arcanine|18/100|[from] item: Leftovers\n|upkeep\n|turn|9\n|\n|t:|1775944003\n|switch|p1a: Dragonite|Dragonite-Mega, L50, M|96/100\n|move|p2a: Meganium|Dazzling Gleam|p1b: Altaria|[spread] p1a,p1b\n|-supereffective|p1a: Dragonite|1\n|-supereffective|p1b: Altaria|1\n|-damage|p1a: Dragonite|55/100\n|-damage|p1b: Altaria|0 fnt\n|faint|p1b: Altaria\n|\n|upkeep\n|\n|t:|1775944009\n|switch|p1b: Arcanine|Arcanine, L50, M|18/100\n|-ability|p1b: Arcanine|Intimidate|boost\n|-unboost|p2a: Meganium|atk|1\n|turn|10\n|\n|t:|1775944017\n|move|p1a: Dragonite|Air Slash|p2a: Meganium\n|-supereffective|p2a: Meganium|1\n|-damage|p2a: Meganium|6/100\n|move|p2a: Meganium|Dazzling Gleam|p1a: Dragonite|[spread] p1a,p1b\n|-supereffective|p1a: Dragonite|1\n|-resisted|p1b: Arcanine|1\n|-damage|p1a: Dragonite|11/100\n|-damage|p1b: Arcanine|9/100\n|move|p1b: Arcanine|Snarl|p2a: Meganium\n|-resisted|p2a: Meganium|1\n|-damage|p2a: Meganium|0 fnt\n|faint|p2a: Meganium\n|\n|win|Ingoxeron\n|raw|Ingoxeron's rating: 1000 &rarr; <strong>1049</strong><br />(+49 for winning)\n|raw|Kanox22's rating: 1075 &rarr; <strong>1049</strong><br />(-26 for losing)\n",
  "uploadtime": 1775944023,
  "views": 13,
  "formatid": "gen9championsvgc2026regma",
  "rating": 1049,
  "private": 0,
  "password": null
}