{
  "id": "gen9championsvgc2026regma-2585915856",
  "format": "[Gen 9 Champions] VGC 2026 Reg M-A",
  "players": [
    "AftLeogamer71",
    "PurelyCynical"
  ],
  "log": "|j|\u2606AftLeogamer71\n|j|\u2606PurelyCynical\n|t:|1776381140\n|gametype|doubles\n|player|p1|AftLeogamer71|pokemaniac|1080\n|player|p2|PurelyCynical|ingo|1026\n|gen|9\n|tier|[Gen 9 Champions] VGC 2026 Reg M-A\n|rated|\n|rule|Species Clause: Limit one of each Pok\u00e9mon\n|rule|Item Clause: Limit 1 of each item\n|clearpoke\n|poke|p1|Pelipper, L50, F|\n|poke|p1|Dragonite, L50, M|\n|poke|p1|Archaludon, L50, M|\n|poke|p1|Basculegion, L50, M|\n|poke|p1|Sneasler, L50, F|\n|poke|p1|Rotom-Heat, L50|\n|poke|p2|Gardevoir, L50, F|\n|poke|p2|Incineroar, L50, M|\n|poke|p2|Dragapult, L50, M|\n|poke|p2|Maushold, L50|\n|poke|p2|Sneasler, L50, F|\n|poke|p2|Rotom-Mow, L50|\n|teampreview|4\n|\n|t:|1776381175\n|teamsize|p1|4\n|teamsize|p2|4\n|start\n|switch|p1a: Pelipper|Pelipper, L50, F|100/100\n|switch|p1b: Basculegion|Basculegion, L50, M|100/100\n|switch|p2a: Sneasler|Sneasler, L50, F, shiny|100/100\n|switch|p2b: Incineroar|Incineroar, L50, M, shiny|100/100\n|-weather|RainDance|[from] ability: Drizzle|[of] p1a: Pelipper\n|-ability|p2b: Incineroar|Intimidate|boost\n|-unboost|p1a: Pelipper|atk|1\n|-unboost|p1b: Basculegion|atk|1\n|turn|1\n|\n|t:|1776381204\n|switch|p2b: Dragapult|Dragapult, L50, M, shiny|100/100\n|move|p1b: Basculegion|Flip Turn|p2b: Dragapult\n|-resisted|p2b: Dragapult|1\n|-damage|p2b: Dragapult|75/100\n|\n|t:|1776381211\n|switch|p1b: Dragonite|Dragonite, L50, M|100/100|[from] Flip Turn\n|move|p2a: Sneasler|Dire Claw|p1a: Pelipper\n|-damage|p1a: Pelipper|43/100\n|move|p1a: Pelipper|Tailwind|p1a: Pelipper\n|-sidestart|p1: AftLeogamer71|move: Tailwind\n|\n|-weather|RainDance|[upkeep]\n|upkeep\n|turn|2\n|\n|t:|1776381234\n|detailschange|p1b: Dragonite|Dragonite-Mega, L50, M\n|-mega|p1b: Dragonite|Dragonite|Dragoninite\n|move|p2b: Dragapult|Protect|p2b: Dragapult\n|-singleturn|p2b: Dragapult|Protect\n|move|p1b: Dragonite|Dragon Pulse|p2b: Dragapult\n|-activate|p2b: Dragapult|move: Protect\n|move|p1a: Pelipper|Hurricane|p2a: Sneasler\n|-supereffective|p2a: Sneasler|1\n|-enditem|p2a: Sneasler|Focus Sash\n|-damage|p2a: Sneasler|1/100\n|move|p2a: Sneasler|Dire Claw|p1b: Dragonite\n|-damage|p1b: Dragonite|81/100\n|\n|-weather|RainDance|[upkeep]\n|upkeep\n|turn|3\n|\n|t:|1776381262\n|switch|p1a: Sneasler|Sneasler, L50, F|100/100\n|switch|p2b: Gardevoir|Gardevoir, L50, F, shiny|100/100\n|move|p2a: Sneasler|Dire Claw|p1a: Sneasler\n|-resisted|p1a: Sneasler|1\n|-damage|p1a: Sneasler|62/100\n|move|p1b: Dragonite|Dragon Pulse|p2b: Gardevoir\n|-immune|p2b: Gardevoir\n|\n|-weather|RainDance|[upkeep]\n|upkeep\n|turn|4\n|\n|t:|1776381286\n|switch|p2a: Incineroar|Incineroar, L50, M, shiny|100/100\n|-ability|p2a: Incineroar|Intimidate|boost\n|-unboost|p1a: Sneasler|atk|1\n|-unboost|p1b: Dragonite|atk|1\n|-enditem|p1a: Sneasler|White Herb\n|-clearnegativeboost|p1a: Sneasler|[silent]\n|move|p2b: Gardevoir|Protect|p2b: Gardevoir\n|-singleturn|p2b: Gardevoir|Protect\n|move|p1a: Sneasler|Dire Claw|p2b: Gardevoir\n|-activate|p2b: Gardevoir|move: Protect\n|move|p1b: Dragonite|Hurricane|p2a: Incineroar\n|-damage|p2a: Incineroar|46/100\n|\n|-weather|RainDance|[upkeep]\n|-sideend|p1: AftLeogamer71|move: Tailwind\n|upkeep\n|turn|5\n|\n|t:|1776381314\n|detailschange|p2b: Gardevoir|Gardevoir-Mega, L50, F, shiny\n|-mega|p2b: Gardevoir|Gardevoir|Gardevoirite\n|move|p2a: Incineroar|Fake Out|p1a: Sneasler\n|-damage|p1a: Sneasler|43/100\n|cant|p1a: Sneasler|flinch\n|move|p2b: Gardevoir|Hyper Voice|p1b: Dragonite|[spread] p1a,p1b\n|-supereffective|p1b: Dragonite|1\n|-damage|p1a: Sneasler|0 fnt\n|-damage|p1b: Dragonite|0 fnt\n|faint|p1a: Sneasler\n|faint|p1b: Dragonite\n|\n|-weather|none\n|upkeep\n|\n|t:|1776381326\n|switch|p1a: Pelipper|Pelipper, L50, F|43/100\n|switch|p1b: Basculegion|Basculegion, L50, M|100/100\n|-weather|RainDance|[from] ability: Drizzle|[of] p1a: Pelipper\n|turn|6\n|\n|t:|1776381346\n|switch|p2a: Dragapult|Dragapult, L50, M, shiny|75/100\n|move|p2b: Gardevoir|Protect|p2b: Gardevoir\n|-singleturn|p2b: Gardevoir|Protect\n|move|p1b: Basculegion|Last Respects|p2b: Gardevoir\n|-activate|p2b: Gardevoir|move: Protect\n|move|p1a: Pelipper|Weather Ball|p2a: Dragapult\n|-resisted|p2a: Dragapult|1\n|-damage|p2a: Dragapult|31/100\n|\n|-weather|RainDance|[upkeep]\n|upkeep\n|turn|7\n|\n|t:|1776381368\n|switch|p2b: Incineroar|Incineroar, L50, M, shiny|46/100\n|-ability|p2b: Incineroar|Intimidate|boost\n|-unboost|p1a: Pelipper|atk|1\n|-unboost|p1b: Basculegion|atk|1\n|move|p1a: Pelipper|Protect|p1a: Pelipper\n|-singleturn|p1a: Pelipper|Protect\n|move|p1b: Basculegion|Last Respects|p2b: Incineroar\n|-resisted|p2b: Incineroar|1\n|-damage|p2b: Incineroar|22/100\n|move|p2a: Dragapult|Dragon Darts|p1b: Basculegion\n|-damage|p1b: Basculegion|58/100\n|-anim|p2a: Dragapult|Dragon Darts|p1b: Basculegion\n|-damage|p1b: Basculegion|17/100\n|\n|-weather|RainDance|[upkeep]\n|upkeep\n|turn|8\n|\n|t:|1776381391\n|move|p2a: Dragapult|Protect|p2a: Dragapult\n|-singleturn|p2a: Dragapult|Protect\n|move|p2b: Incineroar|Fake Out|p1a: Pelipper\n|-damage|p1a: Pelipper|28/100\n|move|p1b: Basculegion|Last Respects|p2a: Dragapult\n|-activate|p2a: Dragapult|move: Protect\n|cant|p1a: Pelipper|flinch\n|\n|-weather|RainDance|[upkeep]\n|upkeep\n|turn|9\n|-message|AftLeogamer71 forfeited.\n|\n|win|PurelyCynical\n|raw|AftLeogamer71's rating: 1080 &rarr; <strong>1055</strong><br />(-25 for losing)\n|raw|PurelyCynical's rating: 1026 &rarr; <strong>1068</strong><br />(+42 for winning)\n|l|\u2606AftLeogamer71\n|player|p1|\n",
  "uploadtime": 1776381409,
  "views": 22,
  "formatid": "gen9championsvgc2026regma",
  "rating": 1055,
  "private": 0,
  "password": null
}