{
  "id": "gen9championsvgc2026regma-2584906057",
  "format": "[Gen 9 Champions] VGC 2026 Reg M-A",
  "players": [
    "Brony6969",
    "thc_byakugan"
  ],
  "log": "|j|\u2606Brony6969\n|j|\u2606thc_byakugan\n|t:|1776293311\n|gametype|doubles\n|player|p1|Brony6969|169|1092\n|player|p2|thc_byakugan|dancer|1025\n|gen|9\n|tier|[Gen 9 Champions] VGC 2026 Reg M-A\n|rated|\n|rule|Species Clause: Limit one of each Pok\u00e9mon\n|rule|Item Clause: Limit 1 of each item\n|clearpoke\n|poke|p1|Gengar, L50, F|\n|poke|p1|Incineroar, L50, M|\n|poke|p1|Maushold-Four, L50|\n|poke|p1|Politoed, L50, M|\n|poke|p1|Basculegion, L50, M|\n|poke|p1|Aerodactyl, L50, M|\n|poke|p2|Wyrdeer, L50, F|\n|poke|p2|Typhlosion-Hisui, L50, M|\n|poke|p2|Kommo-o, L50, M|\n|poke|p2|Kingambit, L50, M|\n|poke|p2|Blastoise, L50, F|\n|poke|p2|Clefable, L50, F|\n|teampreview|4\n|inactive|Battle timer is ON: inactive players will automatically lose when time's up. (requested by Brony6969)\n|inactive|Brony6969 has 60 seconds left.\n|inactive|Brony6969 has 30 seconds left.\n|\n|t:|1776293375\n|teamsize|p1|4\n|teamsize|p2|4\n|start\n|switch|p1a: Incineroar|Incineroar, L50, M|100/100\n|switch|p1b: Gengar|Gengar, L50, F|100/100\n|switch|p2a: Kommo-o|Kommo-o, L50, M|100/100\n|switch|p2b: Wyrdeer|Wyrdeer, L50, F|100/100\n|-ability|p1a: Incineroar|Intimidate|boost\n|-unboost|p2a: Kommo-o|atk|1\n|-unboost|p2b: Wyrdeer|atk|1\n|-ability|p2b: Wyrdeer|Intimidate|boost\n|-unboost|p1a: Incineroar|atk|1\n|-unboost|p1b: Gengar|atk|1\n|turn|1\n|inactive|Brony6969 has 30 seconds left.\n|inactive|thc_byakugan has 30 seconds left.\n|inactive|thc_byakugan has 20 seconds left.\n|\n|t:|1776293411\n|move|p1b: Gengar|Protect|p1b: Gengar\n|-singleturn|p1b: Gengar|Protect\n|move|p2a: Kommo-o|Protect|p2a: Kommo-o\n|-singleturn|p2a: Kommo-o|Protect\n|move|p1a: Incineroar|Fake Out|p2a: Kommo-o\n|-activate|p2a: Kommo-o|move: Protect\n|move|p2b: Wyrdeer|Earth Power|p1a: Incineroar\n|-supereffective|p1a: Incineroar|1\n|-damage|p1a: Incineroar|66/100\n|\n|upkeep\n|turn|2\n|inactive|Brony6969 has 30 seconds left.\n|\n|t:|1776293437\n|detailschange|p1b: Gengar|Gengar-Mega, L50, F\n|-mega|p1b: Gengar|Gengar|Gengarite\n|move|p1b: Gengar|Disable|p2b: Wyrdeer\n|-start|p2b: Wyrdeer|Disable|Earth Power\n|move|p2a: Kommo-o|Clangorous Soul|p2a: Kommo-o\n|-boost|p2a: Kommo-o|atk|1\n|-boost|p2a: Kommo-o|def|1\n|-boost|p2a: Kommo-o|spa|1\n|-boost|p2a: Kommo-o|spd|1\n|-boost|p2a: Kommo-o|spe|1\n|-damage|p2a: Kommo-o|68/100\n|move|p1a: Incineroar|Parting Shot|p2a: Kommo-o\n|-unboost|p2a: Kommo-o|atk|1\n|-unboost|p2a: Kommo-o|spa|1\n|\n|t:|1776293454\n|switch|p1a: Maushold|Maushold-Four, L50|100/100|[from] Parting Shot\n|move|p2b: Wyrdeer|Psych Up|p2a: Kommo-o\n|-copyboost|p2b: Wyrdeer|p2a: Kommo-o|[from] move: Psych Up\n|\n|upkeep\n|turn|3\n|inactive|Brony6969 has 30 seconds left.\n|inactive|Brony6969 has 20 seconds left.\n|-activate|p2a: Kommo-o|item: Quick Claw\n|\n|t:|1776293490\n|switch|p1b: Incineroar|Incineroar, L50, M|66/100\n|-ability|p1b: Incineroar|Intimidate|boost\n|-unboost|p2a: Kommo-o|atk|1\n|-unboost|p2b: Wyrdeer|atk|1\n|move|p1a: Maushold|Protect|p1a: Maushold\n|-singleturn|p1a: Maushold|Protect\n|move|p2a: Kommo-o|Clanging Scales|p1b: Incineroar|[spread] p1b\n|-activate|p1a: Maushold|move: Protect\n|-damage|p1b: Incineroar|39/100\n|-enditem|p1b: Incineroar|Sitrus Berry|[eat]\n|-heal|p1b: Incineroar|64/100|[from] item: Sitrus Berry\n|-unboost|p2a: Kommo-o|def|1\n|move|p2b: Wyrdeer|Psyshield Bash|p1b: Incineroar\n|-immune|p1b: Incineroar\n|\n|upkeep\n|turn|4\n|inactive|Brony6969 has 30 seconds left.\n|inactive|thc_byakugan has 30 seconds left.\n|inactive|Brony6969 has 20 seconds left.\n|\n|t:|1776293527\n|move|p2a: Kommo-o|Protect|p2a: Kommo-o\n|-singleturn|p2a: Kommo-o|Protect\n|move|p1b: Incineroar|Fake Out|p2a: Kommo-o\n|-activate|p2a: Kommo-o|move: Protect\n|move|p1a: Maushold|Population Bomb|p2b: Wyrdeer\n|-damage|p2b: Wyrdeer|97/100\n|-crit|p2b: Wyrdeer\n|-damage|p2b: Wyrdeer|89/100\n|-damage|p2b: Wyrdeer|85/100\n|-crit|p2b: Wyrdeer\n|-damage|p2b: Wyrdeer|77/100\n|-damage|p2b: Wyrdeer|73/100\n|-hitcount|p2b: Wyrdeer|5\n|move|p2b: Wyrdeer|Psyshield Bash|p1a: Maushold\n|-damage|p1a: Maushold|80/100\n|-boost|p2b: Wyrdeer|def|1\n|\n|upkeep\n|turn|5\n|inactive|thc_byakugan has 30 seconds left.\n|\n|t:|1776293555\n|move|p1a: Maushold|Follow Me|p1a: Maushold\n|-singleturn|p1a: Maushold|move: Follow Me\n|move|p2a: Kommo-o|Aura Sphere|p1a: Maushold\n|-supereffective|p1a: Maushold|1\n|-damage|p1a: Maushold|0 fnt\n|faint|p1a: Maushold\n|move|p2b: Wyrdeer|Psyshield Bash|p1b: Incineroar\n|-immune|p1b: Incineroar\n|move|p1b: Incineroar|Darkest Lariat|p2b: Wyrdeer\n|-supereffective|p2b: Wyrdeer|1\n|-damage|p2b: Wyrdeer|12/100\n|-enditem|p2b: Wyrdeer|Sitrus Berry|[eat]\n|-heal|p2b: Wyrdeer|37/100|[from] item: Sitrus Berry\n|\n|-end|p2b: Wyrdeer|Disable\n|upkeep\n|\n|t:|1776293572\n|switch|p1a: Gengar|Gengar-Mega, L50, F|100/100\n|turn|6\n|\n|t:|1776293585\n|move|p1a: Gengar|Disable|p2a: Kommo-o\n|-start|p2a: Kommo-o|Disable|Aura Sphere\n|cant|p2a: Kommo-o|Disable|Aura Sphere\n|move|p2b: Wyrdeer|Earth Power|p1a: Gengar\n|-supereffective|p1a: Gengar|1\n|-damage|p1a: Gengar|49/100\n|move|p1b: Incineroar|Darkest Lariat|p2b: Wyrdeer\n|-supereffective|p2b: Wyrdeer|1\n|-damage|p2b: Wyrdeer|0 fnt\n|faint|p2b: Wyrdeer\n|\n|upkeep\n|\n|t:|1776293606\n|switch|p2b: Clefable|Clefable, L50, F|100/100\n|turn|7\n|\n|t:|1776293627\n|move|p2b: Clefable|Follow Me|p2b: Clefable\n|-singleturn|p2b: Clefable|move: Follow Me\n|move|p1a: Gengar|Perish Song|p1a: Gengar\n|-start|p1a: Gengar|perish3|[silent]\n|-start|p1b: Incineroar|perish3|[silent]\n|-start|p2a: Kommo-o|perish3|[silent]\n|-start|p2b: Clefable|perish3|[silent]\n|-fieldactivate|move: Perish Song\n|move|p2a: Kommo-o|Clangorous Soul|p2a: Kommo-o\n|-boost|p2a: Kommo-o|atk|1\n|-boost|p2a: Kommo-o|def|1\n|-boost|p2a: Kommo-o|spa|1\n|-boost|p2a: Kommo-o|spd|1\n|-boost|p2a: Kommo-o|spe|1\n|-damage|p2a: Kommo-o|35/100\n|move|p1b: Incineroar|Parting Shot|p2b: Clefable\n|-unboost|p2b: Clefable|atk|1\n|-unboost|p2b: Clefable|spa|1\n|\n|t:|1776293637\n|switch|p1b: Aerodactyl|Aerodactyl, L50, M|100/100|[from] Parting Shot\n|-ability|p1b: Aerodactyl|Unnerve\n|\n|-start|p1a: Gengar|perish3\n|-start|p2a: Kommo-o|perish3\n|-start|p2b: Clefable|perish3\n|upkeep\n|turn|8\n|inactive|Brony6969 has 30 seconds left.\n|-activate|p2a: Kommo-o|item: Quick Claw\n|\n|t:|1776293666\n|move|p1a: Gengar|Protect|p1a: Gengar\n|-singleturn|p1a: Gengar|Protect\n|move|p2a: Kommo-o|Clanging Scales|p1a: Gengar|[spread] p1b\n|-activate|p1a: Gengar|move: Protect\n|-damage|p1b: Aerodactyl|17/100\n|-unboost|p2a: Kommo-o|def|1\n|move|p1b: Aerodactyl|Tailwind|p1b: Aerodactyl\n|-sidestart|p1: Brony6969|move: Tailwind\n|move|p2b: Clefable|Life Dew||[still]|[spread] p2a,p2b\n|-heal|p2a: Kommo-o|60/100\n|-fail|p2b: Clefable|heal\n|\n|-start|p1a: Gengar|perish2\n|-start|p2a: Kommo-o|perish2\n|-start|p2b: Clefable|perish2\n|upkeep\n|turn|9\n|inactive|thc_byakugan has 30 seconds left.\n|-activate|p2a: Kommo-o|item: Quick Claw\n|\n|t:|1776293691\n|switch|p1a: Incineroar|Incineroar, L50, M|64/100\n|-ability|p1a: Incineroar|Intimidate|boost\n|-unboost|p2a: Kommo-o|atk|1\n|-unboost|p2b: Clefable|atk|1\n|move|p1b: Aerodactyl|Protect|p1b: Aerodactyl\n|-singleturn|p1b: Aerodactyl|Protect\n|move|p2b: Clefable|Follow Me|p2b: Clefable\n|-singleturn|p2b: Clefable|move: Follow Me\n|move|p2a: Kommo-o|Clanging Scales|p1a: Incineroar|[spread] p1a\n|-activate|p1b: Aerodactyl|move: Protect\n|-damage|p1a: Incineroar|10/100\n|-unboost|p2a: Kommo-o|def|1\n|\n|-end|p2a: Kommo-o|Disable\n|-start|p2a: Kommo-o|perish1\n|-start|p2b: Clefable|perish1\n|upkeep\n|turn|10\n|inactive|thc_byakugan has 30 seconds left.\n|inactive|Brony6969 has 30 seconds left.\n|inactive|thc_byakugan has 20 seconds left.\n|inactive|thc_byakugan has 15 seconds left.\n|inactive|thc_byakugan has 10 seconds left.\n|inactive|thc_byakugan has 5 seconds left.\n|\n|t:|1776293741\n|switch|p1b: Gengar|Gengar-Mega, L50, F|49/100\n|switch|p2a: Blastoise|Blastoise, L50, F|100/100\n|move|p1a: Incineroar|Fake Out|p2a: Blastoise\n|-damage|p2a: Blastoise|90/100\n|move|p2b: Clefable|Dazzling Gleam|p1a: Incineroar|[spread] p1a,p1b\n|-resisted|p1b: Gengar|1\n|-damage|p1a: Incineroar|0 fnt\n|-damage|p1b: Gengar|39/100\n|faint|p1a: Incineroar\n|\n|-start|p2b: Clefable|perish0\n|faint|p2b: Clefable\n|upkeep\n|\n|t:|1776293756\n|switch|p2b: Kommo-o|Kommo-o, L50, M|60/100\n|switch|p1a: Aerodactyl|Aerodactyl, L50, M|17/100\n|-ability|p1a: Aerodactyl|Unnerve\n|turn|11\n|\n|t:|1776293777\n|detailschange|p2a: Blastoise|Blastoise-Mega, L50, F\n|-mega|p2a: Blastoise|Blastoise|Blastoisinite\n|move|p2b: Kommo-o|Protect|p2b: Kommo-o\n|-singleturn|p2b: Kommo-o|Protect\n|move|p1a: Aerodactyl|Rock Slide|p2a: Blastoise|[spread] p2a\n|-activate|p2b: Kommo-o|move: Protect\n|-damage|p2a: Blastoise|70/100\n|move|p1b: Gengar|Shadow Ball|p2b: Kommo-o\n|-activate|p2b: Kommo-o|move: Protect\n|move|p2a: Blastoise|Water Pulse|p1a: Aerodactyl\n|-supereffective|p1a: Aerodactyl|1\n|-crit|p1a: Aerodactyl\n|-damage|p1a: Aerodactyl|0 fnt\n|faint|p1a: Aerodactyl\n|\n|-sideend|p1: Brony6969|move: Tailwind\n|upkeep\n|turn|12\n|-message|Brony6969 forfeited.\n|\n|win|thc_byakugan\n|raw|Brony6969's rating: 1092 &rarr; <strong>1064</strong><br />(-28 for losing)\n|raw|thc_byakugan's rating: 1025 &rarr; <strong>1068</strong><br />(+43 for winning)\n|l|\u2606Brony6969\n|player|p1|\n",
  "uploadtime": 1776293803,
  "views": 18,
  "formatid": "gen9championsvgc2026regma",
  "rating": 1064,
  "private": 0,
  "password": null
}