{
  "id": "gen9championsvgc2026regma-2588246390",
  "format": "[Gen 9 Champions] VGC 2026 Reg M-A",
  "players": [
    "dbsahjdsa",
    "Swinston"
  ],
  "log": "|j|\u2606dbsahjdsa\n|j|\u2606Swinston\n|t:|1776617740\n|gametype|doubles\n|player|p1|dbsahjdsa|1|1000\n|player|p2|Swinston|265|1001\n|gen|9\n|tier|[Gen 9 Champions] VGC 2026 Reg M-A\n|rated|\n|rule|Species Clause: Limit one of each Pok\u00e9mon\n|rule|Item Clause: Limit 1 of each item\n|clearpoke\n|poke|p1|Blastoise, L50, F, shiny|\n|poke|p1|Talonflame, L50, M|\n|poke|p1|Farigiraf, L50, M|\n|poke|p1|Sinistcha, L50|\n|poke|p1|Kingambit, L50, F|\n|poke|p1|Sneasler, L50, F|\n|poke|p2|Sneasler, L50, F|\n|poke|p2|Froslass, L50, F|\n|poke|p2|Aerodactyl, L50, M|\n|poke|p2|Dragonite, L50, F|\n|poke|p2|Incineroar, L50, F|\n|poke|p2|Tauros-Paldea-Aqua, L50, M|\n|teampreview|4\n|inactive|Battle timer is ON: inactive players will automatically lose when time's up. (requested by Swinston)\n|inactive|Swinston has 60 seconds left.\n|\n|t:|1776617778\n|teamsize|p1|4\n|teamsize|p2|4\n|start\n|switch|p1a: Machine Gun|Blastoise, L50, F, shiny|100/100\n|switch|p1b: Telepathy|Farigiraf, L50, M|100/100\n|switch|p2a: Incineroar|Incineroar, L50, F|100/100\n|switch|p2b: Aerodactyl|Aerodactyl, L50, M|100/100\n|-ability|p2a: Incineroar|Intimidate|boost\n|-unboost|p1a: Machine Gun|atk|1\n|-unboost|p1b: Telepathy|atk|1\n|turn|1\n|\n|t:|1776617798\n|detailschange|p1a: Machine Gun|Blastoise-Mega, L50, F, shiny\n|-mega|p1a: Machine Gun|Blastoise|Blastoisinite\n|move|p2a: Incineroar|Fake Out||[still]\n|cant|p1b: Telepathy|ability: Armor Tail|Fake Out|[of] p2a: Incineroar\n|move|p1a: Machine Gun|Fake Out|p2a: Incineroar\n|-damage|p2a: Incineroar|93/100\n|move|p2b: Aerodactyl|Rock Slide|p1a: Machine Gun|[spread] p1a,p1b\n|-damage|p1a: Machine Gun|79/100\n|-damage|p1b: Telepathy|83/100\n|move|p1b: Telepathy|Trick Room|p1b: Telepathy\n|-fieldstart|move: Trick Room|[of] p1b: Telepathy\n|\n|upkeep\n|turn|2\n|\n|t:|1776617823\n|switch|p2a: Tauros|Tauros-Paldea-Aqua, L50, M|100/100\n|-ability|p2a: Tauros|Intimidate|boost\n|-unboost|p1a: Machine Gun|atk|1\n|-unboost|p1b: Telepathy|atk|1\n|move|p1b: Telepathy|Hyper Voice|p2b: Aerodactyl|[spread] p2a,p2b\n|-resisted|p2b: Aerodactyl|1\n|-damage|p2a: Tauros|60/100\n|-damage|p2b: Aerodactyl|83/100\n|move|p1a: Machine Gun|Water Spout|p2a: Tauros|[spread] p2a,p2b\n|-resisted|p2a: Tauros|1\n|-supereffective|p2b: Aerodactyl|1\n|-damage|p2a: Tauros|22/100\n|-damage|p2b: Aerodactyl|0 fnt\n|faint|p2b: Aerodactyl\n|\n|upkeep\n|\n|t:|1776617838\n|switch|p2b: Dragonite|Dragonite, L50, F|100/100\n|turn|3\n|\n|t:|1776617850\n|detailschange|p2b: Dragonite|Dragonite-Mega, L50, F\n|-mega|p2b: Dragonite|Dragonite|Dragoninite\n|move|p2b: Dragonite|Extreme Speed||[still]\n|cant|p1b: Telepathy|ability: Armor Tail|Extreme Speed|[of] p2b: Dragonite\n|move|p1b: Telepathy|Hyper Voice|p2b: Dragonite|[spread] p2a,p2b\n|-damage|p2a: Tauros|0 fnt\n|-damage|p2b: Dragonite|88/100\n|faint|p2a: Tauros\n|move|p1a: Machine Gun|Water Spout|p2b: Dragonite\n|-resisted|p2b: Dragonite|1\n|-damage|p2b: Dragonite|54/100\n|\n|upkeep\n|\n|t:|1776617863\n|switch|p2a: Incineroar|Incineroar, L50, F|93/100\n|-ability|p2a: Incineroar|Intimidate|boost\n|-unboost|p1a: Machine Gun|atk|1\n|-unboost|p1b: Telepathy|atk|1\n|turn|4\n|\n|t:|1776617876\n|move|p1b: Telepathy|Hyper Voice|p2b: Dragonite|[spread] p2a,p2b\n|-damage|p2a: Incineroar|65/100\n|-damage|p2b: Dragonite|29/100\n|move|p1a: Machine Gun|Water Spout|p2b: Dragonite|[spread] p2a,p2b\n|-supereffective|p2a: Incineroar|1\n|-resisted|p2b: Dragonite|1\n|-damage|p2a: Incineroar|0 fnt\n|-damage|p2b: Dragonite|5/100\n|faint|p2a: Incineroar\n|move|p2b: Dragonite|Thunderbolt|p1a: Machine Gun\n|-supereffective|p1a: Machine Gun|1\n|-damage|p1a: Machine Gun|20/100\n|\n|upkeep\n|turn|5\n|-message|Swinston forfeited.\n|\n|win|dbsahjdsa\n|raw|dbsahjdsa's rating: 1000 &rarr; <strong>1040</strong><br />(+40 for winning)\n|raw|Swinston's rating: 1001 &rarr; <strong>1000</strong><br />(-1 for losing)\n|l|\u2606Swinston\n|player|p2|\n",
  "uploadtime": 1776617893,
  "views": 10,
  "formatid": "gen9championsvgc2026regma",
  "rating": 1000,
  "private": 0,
  "password": null
}