{
  "id": "gen9championsvgc2026regma-2583719994",
  "format": "[Gen 9 Champions] VGC 2026 Reg M-A",
  "players": [
    "skeletoreum",
    "junioomm"
  ],
  "log": "|j|\u2606skeletoreum\n|j|\u2606junioomm\n|t:|1776193100\n|gametype|doubles\n|player|p1|skeletoreum|2|1108\n|player|p2|junioomm|unknown|1205\n|gen|9\n|tier|[Gen 9 Champions] VGC 2026 Reg M-A\n|rated|\n|rule|Species Clause: Limit one of each Pok\u00e9mon\n|rule|Item Clause: Limit 1 of each item\n|clearpoke\n|poke|p1|Scovillain, L50, F|\n|poke|p1|Sneasler, L50, M|\n|poke|p1|Golurk, L50|\n|poke|p1|Incineroar, L50, M|\n|poke|p1|Greninja-*, L50, F|\n|poke|p1|Maushold-Four, L50|\n|poke|p2|Froslass, L50, F|\n|poke|p2|Sneasler, L50, F|\n|poke|p2|Garchomp, L50, M|\n|poke|p2|Rotom-Wash, L50|\n|poke|p2|Kingambit, L50, F|\n|poke|p2|Aerodactyl, L50, M|\n|teampreview|4\n|inactive|Battle timer is ON: inactive players will automatically lose when time's up. (requested by skeletoreum)\n|inactive|skeletoreum has 60 seconds left.\n|inactive|junioomm has 60 seconds left.\n|inactive|skeletoreum has 30 seconds left.\n|inactive|skeletoreum has 20 seconds left.\n|\n|t:|1776193171\n|teamsize|p1|4\n|teamsize|p2|4\n|start\n|switch|p1a: Golurk|Golurk, L50, shiny|100/100\n|switch|p1b: Scovillain|Scovillain, L50, F|100/100\n|switch|p2a: Froslass|Froslass, L50, F|100/100\n|switch|p2b: Sneasler|Sneasler, L50, F|100/100\n|turn|1\n|\n|t:|1776193194\n|switch|p1b: Incineroar|Incineroar, L50, M|100/100\n|-ability|p1b: Incineroar|Intimidate|boost\n|-unboost|p2a: Froslass|atk|1\n|-unboost|p2b: Sneasler|atk|1\n|-enditem|p2b: Sneasler|White Herb\n|-clearnegativeboost|p2b: Sneasler|[silent]\n|detailschange|p2a: Froslass|Froslass-Mega, L50, F\n|-mega|p2a: Froslass|Froslass|Froslassite\n|-weather|Snowscape|[from] ability: Snow Warning|[of] p2a: Froslass\n|move|p1a: Golurk|Protect|p1a: Golurk\n|-singleturn|p1a: Golurk|Protect\n|move|p2b: Sneasler|Dire Claw|p1b: Incineroar\n|-damage|p1b: Incineroar|67/100\n|move|p2a: Froslass|Blizzard|p1b: Incineroar|[spread] p1b\n|-activate|p1a: Golurk|move: Protect\n|-resisted|p1b: Incineroar|1\n|-damage|p1b: Incineroar|43/100\n|\n|-weather|Snowscape|[upkeep]\n|-heal|p1b: Incineroar|49/100|[from] item: Leftovers\n|upkeep\n|turn|2\n|inactive|skeletoreum has 30 seconds left.\n|inactive|skeletoreum has 20 seconds left.\n|inactive|skeletoreum has 15 seconds left.\n|inactive|skeletoreum has 10 seconds left.\n|inactive|skeletoreum has 5 seconds left.\n|\n|t:|1776193246\n|switch|p1a: Sneasler|Sneasler, L50, M|100/100\n|move|p2b: Sneasler|Close Combat|p1b: Incineroar\n|-supereffective|p1b: Incineroar|1\n|-damage|p1b: Incineroar|0 fnt\n|-unboost|p2b: Sneasler|def|1\n|-unboost|p2b: Sneasler|spd|1\n|faint|p1b: Incineroar\n|move|p2a: Froslass|Blizzard|p1a: Sneasler\n|-damage|p1a: Sneasler|23/100\n|\n|-weather|Snowscape|[upkeep]\n|upkeep\n|\n|t:|1776193258\n|switch|p1b: Golurk|Golurk, L50, shiny|100/100\n|turn|3\n|\n|t:|1776193268\n|detailschange|p1b: Golurk|Golurk-Mega, L50, shiny\n|-mega|p1b: Golurk|Golurk|Golurkite\n|move|p2b: Sneasler|Protect|p2b: Sneasler\n|-singleturn|p2b: Sneasler|Protect\n|move|p1a: Sneasler|Fake Out|p2b: Sneasler\n|-activate|p2b: Sneasler|move: Protect\n|move|p2a: Froslass|Blizzard|p1b: Golurk|[spread] p1a,p1b\n|-supereffective|p1b: Golurk|1\n|-damage|p1a: Sneasler|0 fnt\n|-damage|p1b: Golurk|21/100\n|faint|p1a: Sneasler\n|move|p1b: Golurk|Shadow Punch|p2a: Froslass\n|-supereffective|p2a: Froslass|1\n|-damage|p2a: Froslass|20/100\n|\n|-weather|Snowscape|[upkeep]\n|upkeep\n|\n|t:|1776193280\n|switch|p1a: Scovillain|Scovillain, L50, F|100/100\n|turn|4\n|\n|t:|1776193291\n|move|p1b: Golurk|Protect|p1b: Golurk\n|-singleturn|p1b: Golurk|Protect\n|move|p2b: Sneasler|Dire Claw|p1a: Scovillain\n|-supereffective|p1a: Scovillain|1\n|-damage|p1a: Scovillain|9/100\n|-status|p1a: Scovillain|psn\n|move|p2a: Froslass|Blizzard|p1a: Scovillain|[spread] p1a\n|-activate|p1b: Golurk|move: Protect\n|-damage|p1a: Scovillain|0 fnt\n|faint|p1a: Scovillain\n|\n|-weather|Snowscape|[upkeep]\n|upkeep\n|turn|5\n|-message|skeletoreum forfeited.\n|\n|win|junioomm\n|raw|skeletoreum's rating: 1108 &rarr; <strong>1090</strong><br />(-18 for losing)\n|raw|junioomm's rating: 1205 &rarr; <strong>1223</strong><br />(+18 for winning)\n|l|\u2606skeletoreum\n|player|p1|\n",
  "uploadtime": 1776193329,
  "views": 21,
  "formatid": "gen9championsvgc2026regma",
  "rating": 1090,
  "private": 0,
  "password": null
}