{
  "id": "gen9championsvgc2026regma-2587839933",
  "format": "[Gen 9 Champions] VGC 2026 Reg M-A",
  "players": [
    "spyninjahellfire",
    "Licenciado"
  ],
  "log": "|j|\u2606spyninjahellfire\n|j|\u2606Licenciado\n|t:|1776569384\n|gametype|doubles\n|player|p1|spyninjahellfire|brycenman|1184\n|player|p2|Licenciado|giovanni|1168\n|gen|9\n|tier|[Gen 9 Champions] VGC 2026 Reg M-A\n|rated|\n|rule|Species Clause: Limit one of each Pok\u00e9mon\n|rule|Item Clause: Limit 1 of each item\n|clearpoke\n|poke|p1|Gengar, L50, F|\n|poke|p1|Incineroar, L50, M|\n|poke|p1|Tyranitar, L50, F|\n|poke|p1|Kommo-o, L50, F|\n|poke|p1|Kingambit, L50, M|\n|poke|p1|Scovillain, L50, M|\n|poke|p2|Meganium, L50, F|\n|poke|p2|Rotom-Wash, L50|\n|poke|p2|Mamoswine, L50, F|\n|poke|p2|Dragapult, L50, M|\n|poke|p2|Weavile, L50, F|\n|poke|p2|Empoleon, L50, F|\n|teampreview|4\n|\n|t:|1776569432\n|teamsize|p1|4\n|teamsize|p2|4\n|start\n|switch|p1a: Scovillain|Scovillain, L50, M|100/100\n|switch|p1b: Kingambit|Kingambit, L50, M|100/100\n|switch|p2a: Empoleon|Empoleon, L50, F|100/100\n|switch|p2b: Rotom|Rotom-Wash, L50|100/100\n|turn|1\n|\n|t:|1776569454\n|move|p1a: Scovillain|Protect|p1a: Scovillain\n|-singleturn|p1a: Scovillain|Protect\n|move|p2a: Empoleon|Protect|p2a: Empoleon\n|-singleturn|p2a: Empoleon|Protect\n|move|p2b: Rotom|Discharge|p1b: Kingambit|[spread] p1b\n|-activate|p2a: Empoleon|move: Protect\n|-activate|p1a: Scovillain|move: Protect\n|-damage|p1b: Kingambit|72/100\n|move|p1b: Kingambit|Low Kick|p2a: Empoleon\n|-activate|p2a: Empoleon|move: Protect\n|\n|-ability|p1a: Scovillain|Moody|boost\n|-boost|p1a: Scovillain|spa|2\n|-unboost|p1a: Scovillain|spd|1\n|upkeep\n|turn|2\n|\n|t:|1776569483\n|detailschange|p1a: Scovillain|Scovillain-Mega, L50, M\n|-mega|p1a: Scovillain|Scovillain|Scovillainite\n|move|p1b: Kingambit|Sucker Punch||[still]\n|-fail|p1b: Kingambit\n|move|p2b: Rotom|Will-O-Wisp|p1b: Kingambit\n|-status|p1b: Kingambit|brn\n|move|p1a: Scovillain|Giga Drain|p2b: Rotom\n|-supereffective|p2b: Rotom|1\n|-damage|p2b: Rotom|0 fnt\n|faint|p2b: Rotom\n|move|p2a: Empoleon|Surf|p1a: Scovillain|[spread] p1a,p1b\n|-damage|p1a: Scovillain|53/100\n|-damage|p1b: Kingambit|37/100 brn\n|-status|p2a: Empoleon|brn|[from] ability: Spicy Spray|[of] p1a: Scovillain\n|\n|-damage|p2a: Empoleon|95/100 brn|[from] brn\n|-damage|p1b: Kingambit|31/100 brn|[from] brn\n|upkeep\n|\n|t:|1776569502\n|switch|p2b: Mamoswine|Mamoswine, L50, F|100/100\n|turn|3\n|\n|t:|1776569513\n|move|p2a: Empoleon|Protect|p2a: Empoleon\n|-singleturn|p2a: Empoleon|Protect\n|move|p1b: Kingambit|Sucker Punch||[still]\n|-fail|p1b: Kingambit\n|move|p2b: Mamoswine|Earthquake|p1b: Kingambit|[spread] p1a,p1b\n|-activate|p2a: Empoleon|move: Protect\n|-supereffective|p1b: Kingambit|1\n|-damage|p1a: Scovillain|11/100\n|-damage|p1b: Kingambit|0 fnt\n|-status|p2b: Mamoswine|brn|[from] ability: Spicy Spray|[of] p1a: Scovillain\n|-enditem|p2b: Mamoswine|Lum Berry|[eat]\n|-curestatus|p2b: Mamoswine|brn|[msg]\n|faint|p1b: Kingambit\n|move|p1a: Scovillain|Giga Drain|p2b: Mamoswine\n|-supereffective|p2b: Mamoswine|1\n|-damage|p2b: Mamoswine|0 fnt\n|-heal|p1a: Scovillain|75/100|[from] drain|[of] p2b: Mamoswine\n|faint|p2b: Mamoswine\n|\n|-damage|p2a: Empoleon|89/100 brn|[from] brn\n|upkeep\n|\n|t:|1776569532\n|switch|p2b: Dragapult|Dragapult, L50, M|100/100\n|switch|p1b: Kommo-o|Kommo-o, L50, F|100/100\n|turn|4\n|\n|t:|1776569556\n|move|p2b: Dragapult|Phantom Force||[still]\n|-prepare|p2b: Dragapult|Phantom Force\n|move|p1b: Kommo-o|Aura Sphere|p2a: Empoleon\n|-supereffective|p2a: Empoleon|1\n|-damage|p2a: Empoleon|13/100 brn\n|-enditem|p2a: Empoleon|Sitrus Berry|[eat]\n|-heal|p2a: Empoleon|37/100 brn|[from] item: Sitrus Berry\n|move|p1a: Scovillain|Giga Drain|p2a: Empoleon\n|-damage|p2a: Empoleon|0 fnt\n|-heal|p1a: Scovillain|95/100|[from] drain|[of] p2a: Empoleon\n|faint|p2a: Empoleon\n|\n|upkeep\n|turn|5\n|\n|t:|1776569572\n|move|p1a: Scovillain|Rage Powder|p1a: Scovillain\n|-singleturn|p1a: Scovillain|move: Rage Powder\n|move|p2b: Dragapult|Phantom Force|p1a: Scovillain|[from] lockedmove\n|-damage|p1a: Scovillain|46/100\n|-status|p2b: Dragapult|brn|[from] ability: Spicy Spray|[of] p1a: Scovillain\n|move|p1b: Kommo-o|Clanging Scales|p2b: Dragapult\n|-supereffective|p2b: Dragapult|1\n|-damage|p2b: Dragapult|0 fnt\n|faint|p2b: Dragapult\n|\n|win|spyninjahellfire\n|raw|spyninjahellfire's rating: 1184 &rarr; <strong>1208</strong><br />(+24 for winning)\n|raw|Licenciado's rating: 1168 &rarr; <strong>1144</strong><br />(-24 for losing)\n|l|\u2606Licenciado\n|player|p2|\n",
  "uploadtime": 1776569585,
  "views": 14,
  "formatid": "gen9championsvgc2026regma",
  "rating": 1144,
  "private": 0,
  "password": null
}