{
  "id": "gen9championsvgc2026regma-2585292431",
  "format": "[Gen 9 Champions] VGC 2026 Reg M-A",
  "players": [
    "RavoLoco",
    "Pennys No.1 Fan"
  ],
  "log": "|j|\u2606RavoLoco\n|j|\u2606Pennys No.1 Fan\n|t:|1776334583\n|gametype|doubles\n|player|p1|RavoLoco|ethan|1065\n|player|p2|Pennys No.1 Fan|penny|1000\n|gen|9\n|tier|[Gen 9 Champions] VGC 2026 Reg M-A\n|rated|\n|rule|Species Clause: Limit one of each Pok\u00e9mon\n|rule|Item Clause: Limit 1 of each item\n|clearpoke\n|poke|p1|Pelipper, L50, F|\n|poke|p1|Incineroar, L50, F|\n|poke|p1|Palafin, L50, M|\n|poke|p1|Dragonite, L50, F|\n|poke|p1|Sneasler, L50, F|\n|poke|p1|Sinistcha, L50|\n|poke|p2|Hatterene, L50, F|\n|poke|p2|Gengar, L50, M|\n|poke|p2|Sinistcha, L50|\n|poke|p2|Floette-Eternal, L50, F|\n|poke|p2|Archaludon, L50, F|\n|poke|p2|Hydrapple, L50, M|\n|teampreview|4\n|inactive|Battle timer is ON: inactive players will automatically lose when time's up. (requested by Pennys No.1 Fan)\n|j| Professor Turo\n|inactive|RavoLoco has 60 seconds left.\n|\n|t:|1776334631\n|teamsize|p1|4\n|teamsize|p2|4\n|start\n|switch|p1a: Incineroar|Incineroar, L50, F|100/100\n|switch|p1b: Palafin|Palafin, L50, M, shiny|100/100\n|switch|p2a: Marissa|Hatterene, L50, F|100/100\n|switch|p2b: Hydrapple|Hydrapple, L50, M|100/100\n|-ability|p1a: Incineroar|Intimidate|boost\n|-unboost|p2a: Marissa|atk|1\n|-unboost|p2b: Hydrapple|atk|1\n|turn|1\n|inactive|RavoLoco has 30 seconds left.\n|\n|t:|1776334659\n|move|p1a: Incineroar|Fake Out|p2a: Marissa\n|-damage|p2a: Marissa|85/100\n|move|p1b: Palafin|Flip Turn|p2b: Hydrapple\n|-resisted|p2b: Hydrapple|2\n|-damage|p2b: Hydrapple|96/100\n|\n|t:|1776334677\n|detailschange|p1b: Palafin|Palafin-Hero, L50, M, shiny\n|switch|p1b: Sneasler|Sneasler, L50, F|100/100|[from] Flip Turn\n|move|p2b: Hydrapple|Fickle Beam|p1b: Sneasler|[anim] Fickle Beam All Out\n|-activate|p2b: Hydrapple|move: Fickle Beam\n|-damage|p1b: Sneasler|4/100\n|cant|p2a: Marissa|flinch\n|\n|-heal|p2b: Hydrapple|100/100|[from] item: Leftovers\n|upkeep\n|turn|2\n|inactive|RavoLoco has 30 seconds left.\n|inactive|Pennys No.1 Fan has 30 seconds left.\n|inactive|Pennys No.1 Fan has 20 seconds left.\n|inactive|Pennys No.1 Fan has 15 seconds left.\n|inactive|Pennys No.1 Fan has 10 seconds left.\n|\n|t:|1776334726\n|switch|p2a: Sinistcha|Sinistcha, L50|100/100\n|move|p1b: Sneasler|Protect|p1b: Sneasler\n|-singleturn|p1b: Sneasler|Protect\n|move|p1a: Incineroar|Darkest Lariat|p2a: Sinistcha\n|-supereffective|p2a: Sinistcha|1\n|-damage|p2a: Sinistcha|40/100\n|-enditem|p2a: Sinistcha|Sitrus Berry|[eat]\n|-heal|p2a: Sinistcha|65/100|[from] item: Sitrus Berry\n|move|p2b: Hydrapple|Fickle Beam|p1b: Sneasler\n|-activate|p1b: Sneasler|move: Protect\n|\n|upkeep\n|turn|3\n|\n|t:|1776334745\n|switch|p1b: Sinistcha|Sinistcha, L50|100/100\n|move|p2a: Sinistcha|Matcha Gotcha|p1b: Sinistcha|[spread] p1a,p1b\n|-resisted|p1a: Incineroar|1\n|-crit|p1a: Incineroar\n|-resisted|p1b: Sinistcha|1\n|-damage|p1a: Incineroar|85/100\n|-heal|p2a: Sinistcha|72/100|[from] drain|[of] p1a: Incineroar\n|-damage|p1b: Sinistcha|84/100\n|-heal|p2a: Sinistcha|79/100|[from] drain|[of] p1b: Sinistcha\n|-status|p1b: Sinistcha|brn\n|move|p1a: Incineroar|Flare Blitz|p2a: Sinistcha\n|-supereffective|p2a: Sinistcha|1\n|-damage|p2a: Sinistcha|2/100\n|-damage|p1a: Incineroar|58/100|[from] Recoil\n|move|p2b: Hydrapple|Fickle Beam|p1b: Sinistcha\n|-damage|p1b: Sinistcha|43/100 brn\n|\n|-heal|p1b: Sinistcha|49/100 brn|[from] item: Leftovers\n|-damage|p1b: Sinistcha|43/100 brn|[from] brn\n|upkeep\n|turn|4\n|inactive|Pennys No.1 Fan has 30 seconds left.\n|inactive|Pennys No.1 Fan has 20 seconds left.\n|inactive|Pennys No.1 Fan has 15 seconds left.\n|inactive|Pennys No.1 Fan has 10 seconds left.\n|\n|t:|1776334794\n|move|p2a: Sinistcha|Protect|p2a: Sinistcha\n|-singleturn|p2a: Sinistcha|Protect\n|move|p1b: Sinistcha|Matcha Gotcha|p2a: Sinistcha|[spread] \n|-activate|p2a: Sinistcha|move: Protect\n|-miss|p1b: Sinistcha|p2b: Hydrapple\n|move|p1a: Incineroar|Flare Blitz|p2b: Hydrapple\n|-damage|p2b: Hydrapple|54/100\n|-damage|p1a: Incineroar|39/100|[from] Recoil\n|-enditem|p1a: Incineroar|Sitrus Berry|[eat]\n|-heal|p1a: Incineroar|64/100|[from] item: Sitrus Berry\n|move|p2b: Hydrapple|Fickle Beam|p1a: Incineroar\n|-damage|p1a: Incineroar|35/100\n|\n|-heal|p1b: Sinistcha|49/100 brn|[from] item: Leftovers\n|-heal|p2b: Hydrapple|60/100|[from] item: Leftovers\n|-damage|p1b: Sinistcha|43/100 brn|[from] brn\n|upkeep\n|turn|5\n|inactive|Pennys No.1 Fan has 30 seconds left.\n|\n|t:|1776334829\n|move|p1b: Sinistcha|Matcha Gotcha|p2a: Sinistcha|[spread] p2a,p2b\n|-resisted|p2a: Sinistcha|1\n|-resisted|p2b: Hydrapple|2\n|-crit|p2b: Hydrapple\n|-damage|p2a: Sinistcha|0 fnt\n|-heal|p1b: Sinistcha|44/100 brn|[from] drain|[of] p2a: Sinistcha\n|-damage|p2b: Hydrapple|53/100\n|-heal|p1b: Sinistcha|49/100 brn|[from] drain|[of] p2b: Hydrapple\n|faint|p2a: Sinistcha\n|move|p1a: Incineroar|Darkest Lariat|p2b: Hydrapple\n|-damage|p2b: Hydrapple|20/100\n|move|p2b: Hydrapple|Fickle Beam|p1a: Incineroar\n|-damage|p1a: Incineroar|9/100\n|\n|-heal|p1b: Sinistcha|55/100 brn|[from] item: Leftovers\n|-heal|p2b: Hydrapple|26/100|[from] item: Leftovers\n|-damage|p1b: Sinistcha|49/100 brn|[from] brn\n|upkeep\n|\n|t:|1776334836\n|switch|p2a: Marissa|Hatterene, L50, F|85/100\n|turn|6\n|\n|t:|1776334850\n|move|p1b: Sinistcha|Matcha Gotcha|p2a: Marissa|[spread] p2a,p2b\n|-resisted|p2b: Hydrapple|2\n|-damage|p2a: Marissa|53/100\n|-heal|p1b: Sinistcha|67/100 brn|[from] drain|[of] p2a: Marissa\n|-damage|p2b: Hydrapple|21/100\n|-heal|p1b: Sinistcha|70/100 brn|[from] drain|[of] p2b: Hydrapple\n|-status|p2b: Hydrapple|brn\n|move|p1a: Incineroar|Darkest Lariat|p2a: Marissa\n|-damage|p2a: Marissa|5/100\n|move|p2b: Hydrapple|Fickle Beam|p1a: Incineroar\n|-damage|p1a: Incineroar|0 fnt\n|faint|p1a: Incineroar\n|move|p2a: Marissa|Trick Room|p2a: Marissa\n|-fieldstart|move: Trick Room|[of] p2a: Marissa\n|\n|-heal|p2b: Hydrapple|27/100 brn|[from] item: Leftovers\n|-heal|p1b: Sinistcha|77/100 brn|[from] item: Leftovers\n|-damage|p2b: Hydrapple|21/100 brn|[from] brn\n|-damage|p1b: Sinistcha|70/100 brn|[from] brn\n|upkeep\n|\n|t:|1776334872\n|switch|p1a: Sneasler|Sneasler, L50, F|4/100\n|turn|7\n|inactive|Pennys No.1 Fan has 30 seconds left.\n|\n|t:|1776334899\n|move|p1a: Sneasler|Protect|p1a: Sneasler\n|-singleturn|p1a: Sneasler|Protect\n|move|p2a: Marissa|Play Rough|p1b: Sinistcha\n|-damage|p1b: Sinistcha|29/100 brn\n|move|p2b: Hydrapple|Fickle Beam|p1b: Sinistcha\n|-damage|p1b: Sinistcha|0 fnt\n|faint|p1b: Sinistcha\n|\n|-heal|p2b: Hydrapple|27/100 brn|[from] item: Leftovers\n|-damage|p2b: Hydrapple|21/100 brn|[from] brn\n|upkeep\n|\n|t:|1776334910\n|switch|p1b: Palafin|Palafin-Hero, L50, M, shiny|100/100\n|-activate|p1b: Palafin|ability: Zero to Hero\n|turn|8\n|inactive|Pennys No.1 Fan has 30 seconds left.\n|inactive|RavoLoco has 30 seconds left.\n|inactive|Pennys No.1 Fan has 20 seconds left.\n|inactive|Pennys No.1 Fan has 15 seconds left.\n|inactive|Pennys No.1 Fan has 10 seconds left.\n|inactive|Pennys No.1 Fan has 5 seconds left.\n|\n|t:|1776334960\n|move|p1a: Sneasler|Protect||[still]\n|-fail|p1a: Sneasler\n|move|p2a: Marissa|Play Rough|p1a: Sneasler\n|-damage|p1a: Sneasler|0 fnt\n|faint|p1a: Sneasler\n|move|p2b: Hydrapple|Giga Drain|p1b: Palafin\n|-supereffective|p1b: Palafin|1\n|-damage|p1b: Palafin|48/100\n|-heal|p2b: Hydrapple|43/100 brn|[from] drain|[of] p1b: Palafin\n|move|p1b: Palafin|Drain Punch|p2b: Hydrapple\n|-damage|p2b: Hydrapple|16/100 brn\n|-heal|p1b: Palafin|64/100|[from] drain|[of] p2b: Hydrapple\n|\n|-heal|p2b: Hydrapple|22/100 brn|[from] item: Leftovers\n|-damage|p2b: Hydrapple|16/100 brn|[from] brn\n|upkeep\n|turn|9\n|\n|t:|1776334973\n|move|p2a: Marissa|Power Whip|p1b: Palafin\n|-supereffective|p1b: Palafin|1\n|-damage|p1b: Palafin|0 fnt\n|faint|p1b: Palafin\n|\n|win|Pennys No.1 Fan\n|raw|RavoLoco's rating: 1065 &rarr; <strong>1042</strong><br />(-23 for losing)\n|raw|Pennys No.1 Fan's rating: 1000 &rarr; <strong>1047</strong><br />(+47 for winning)\n|l|\u2606RavoLoco\n|player|p1|\n",
  "uploadtime": 1776334982,
  "views": 20,
  "formatid": "gen9championsvgc2026regma",
  "rating": 1042,
  "private": 0,
  "password": null
}