{
  "id": "gen9championsvgc2026regma-2582301008",
  "format": "[Gen 9 Champions] VGC 2026 Reg M-A",
  "players": [
    "The Hang Dude",
    "LIcker1234"
  ],
  "log": "|j|\u203dThe Hang Dude\n|j|\u2606LIcker1234\n|t:|1776081283\n|gametype|doubles\n|player|p1|The Hang Dude|2|1181\n|player|p2|LIcker1234|2|1081\n|gen|9\n|tier|[Gen 9 Champions] VGC 2026 Reg M-A\n|rated|\n|rule|Species Clause: Limit one of each Pok\u00e9mon\n|rule|Item Clause: Limit 1 of each item\n|clearpoke\n|poke|p1|Charizard, L50, F|\n|poke|p1|Venusaur, L50, M|\n|poke|p1|Sneasler, L50, M|\n|poke|p1|Incineroar, L50, F|\n|poke|p1|Garchomp, L50, F|\n|poke|p1|Rotom-Wash, L50|\n|poke|p2|Golurk, L50|\n|poke|p2|Venusaur, L50, M|\n|poke|p2|Torkoal, L50, F|\n|poke|p2|Incineroar, L50, F|\n|poke|p2|Farigiraf, L50, F|\n|poke|p2|Sneasler, L50, F|\n|teampreview|4\n|inactive|Battle timer is ON: inactive players will automatically lose when time's up. (requested by The Hang Dude)\n|inactive|The Hang Dude has 60 seconds left.\n|\n|t:|1776081320\n|teamsize|p1|4\n|teamsize|p2|4\n|start\n|switch|p1a: Sneasler|Sneasler, L50, M|100/100\n|switch|p1b: Garchomp|Garchomp, L50, F|100/100\n|switch|p2a: Sneasler|Sneasler, L50, F|100/100\n|switch|p2b: Incineroar|Incineroar, L50, F|100/100\n|-ability|p2b: Incineroar|Intimidate|boost\n|-unboost|p1a: Sneasler|atk|1\n|-unboost|p1b: Garchomp|atk|1\n|-enditem|p1a: Sneasler|White Herb\n|-clearnegativeboost|p1a: Sneasler|[silent]\n|turn|1\n|inactive|The Hang Dude has 30 seconds left.\n|inactive|LIcker1234 has 30 seconds left.\n|inactive|The Hang Dude has 20 seconds left.\n|\n|t:|1776081356\n|move|p1a: Sneasler|Protect|p1a: Sneasler\n|-singleturn|p1a: Sneasler|Protect\n|move|p2a: Sneasler|Fake Out|p1a: Sneasler\n|-activate|p1a: Sneasler|move: Protect\n|move|p2b: Incineroar|Fake Out|p1b: Garchomp\n|-damage|p1b: Garchomp|89/100\n|-damage|p2b: Incineroar|88/100|[from] ability: Rough Skin|[of] p1b: Garchomp\n|cant|p1b: Garchomp|flinch\n|\n|upkeep\n|turn|2\n|inactive|The Hang Dude has 30 seconds left.\n|inactive|LIcker1234 has 30 seconds left.\n|\n|t:|1776081387\n|move|p1a: Sneasler|Close Combat|p2a: Sneasler\n|-resisted|p2a: Sneasler|1\n|-damage|p2a: Sneasler|41/100\n|-unboost|p1a: Sneasler|def|1\n|-unboost|p1a: Sneasler|spd|1\n|move|p1b: Garchomp|Stomping Tantrum|p2a: Sneasler\n|-supereffective|p2a: Sneasler|1\n|-damage|p2a: Sneasler|0 fnt\n|faint|p2a: Sneasler\n|move|p2b: Incineroar|Flare Blitz|p1a: Sneasler\n|-damage|p1a: Sneasler|0 fnt\n|faint|p1a: Sneasler\n|-damage|p2b: Incineroar|62/100|[from] Recoil\n|\n|upkeep\n|\n|t:|1776081400\n|switch|p2a: Torkoal|Torkoal, L50, F|100/100\n|switch|p1a: Charizard|Charizard, L50, F, shiny|100/100\n|-weather|SunnyDay|[from] ability: Drought|[of] p2a: Torkoal\n|turn|3\n|\n|t:|1776081423\n|switch|p1b: Incineroar|Incineroar, L50, F, shiny|100/100\n|-ability|p1b: Incineroar|Intimidate|boost\n|-unboost|p2a: Torkoal|atk|1\n|-unboost|p2b: Incineroar|atk|1\n|move|p1a: Charizard|Protect|p1a: Charizard\n|-singleturn|p1a: Charizard|Protect\n|move|p2b: Incineroar|Throat Chop|p1a: Charizard\n|-activate|p1a: Charizard|move: Protect\n|move|p2a: Torkoal|Eruption|p1b: Incineroar|[spread] p1b\n|-activate|p1a: Charizard|move: Protect\n|-resisted|p1b: Incineroar|1\n|-damage|p1b: Incineroar|63/100\n|\n|-weather|SunnyDay|[upkeep]\n|upkeep\n|turn|4\n|\n|t:|1776081444\n|detailschange|p1a: Charizard|Charizard-Mega-Y, L50, F, shiny\n|-mega|p1a: Charizard|Charizard|Charizardite Y\n|move|p2a: Torkoal|Protect|p2a: Torkoal\n|-singleturn|p2a: Torkoal|Protect\n|move|p1a: Charizard|Weather Ball|p2a: Torkoal\n|-activate|p2a: Torkoal|move: Protect\n|move|p1b: Incineroar|Throat Chop|p2b: Incineroar\n|-resisted|p2b: Incineroar|1\n|-damage|p2b: Incineroar|51/100\n|-start|p2b: Incineroar|Throat Chop|[silent]\n|cant|p2b: Incineroar|move: Throat Chop\n|\n|-weather|SunnyDay|[upkeep]\n|upkeep\n|turn|5\n|inactive|The Hang Dude has 30 seconds left.\n|\n|t:|1776081473\n|move|p1a: Charizard|Heat Wave|p2b: Incineroar|[spread] p2a,p2b\n|-resisted|p2a: Torkoal|1\n|-resisted|p2b: Incineroar|1\n|-damage|p2a: Torkoal|58/100\n|-damage|p2b: Incineroar|21/100\n|move|p1b: Incineroar|Flare Blitz|p2b: Incineroar\n|-resisted|p2b: Incineroar|1\n|-damage|p2b: Incineroar|0 fnt\n|faint|p2b: Incineroar\n|-damage|p1b: Incineroar|56/100|[from] Recoil\n|move|p2a: Torkoal|Heat Wave|p1a: Charizard|[spread] p1b\n|-miss|p2a: Torkoal|p1a: Charizard\n|-resisted|p1b: Incineroar|1\n|-damage|p1b: Incineroar|32/100\n|\n|-weather|SunnyDay|[upkeep]\n|upkeep\n|\n|t:|1776081485\n|switch|p2b: Venusaur|Venusaur, L50, M|100/100\n|turn|6\n|\n|t:|1776081499\n|move|p2b: Venusaur|Sleep Powder|p1a: Charizard\n|-status|p1a: Charizard|slp|[from] move: Sleep Powder\n|cant|p1a: Charizard|slp\n|move|p1b: Incineroar|Flare Blitz|p2b: Venusaur\n|-supereffective|p2b: Venusaur|1\n|-enditem|p2b: Venusaur|Focus Sash\n|-damage|p2b: Venusaur|1/100\n|-damage|p1b: Incineroar|6/100|[from] Recoil\n|move|p2a: Torkoal|Heat Wave|p1b: Incineroar|[spread] p1b\n|-miss|p2a: Torkoal|p1a: Charizard\n|-resisted|p1b: Incineroar|1\n|-damage|p1b: Incineroar|0 fnt\n|faint|p1b: Incineroar\n|\n|-weather|SunnyDay|[upkeep]\n|upkeep\n|\n|t:|1776081510\n|switch|p1b: Garchomp|Garchomp, L50, F|89/100\n|turn|7\n|\n|t:|1776081519\n|move|p2b: Venusaur|Sludge Bomb|p1a: Charizard\n|-damage|p1a: Charizard|64/100 slp\n|move|p1b: Garchomp|Earthquake|p2b: Venusaur|[spread] p2a,p2b\n|-immune|p1a: Charizard\n|-supereffective|p2a: Torkoal|1\n|-damage|p2a: Torkoal|0 fnt\n|-damage|p2b: Venusaur|0 fnt\n|faint|p2a: Torkoal\n|faint|p2b: Venusaur\n|\n|win|The Hang Dude\n|raw|The Hang Dude's rating: 1181 &rarr; <strong>1199</strong><br />(+18 for winning)\n|raw|LIcker1234's rating: 1081 &rarr; <strong>1065</strong><br />(-16 for losing)\n",
  "uploadtime": 1776081523,
  "views": 12,
  "formatid": "gen9championsvgc2026regma",
  "rating": 1065,
  "private": 0,
  "password": null
}