{
  "id": "gen9championsvgc2026regma-2582213663",
  "format": "[Gen 9 Champions] VGC 2026 Reg M-A",
  "players": [
    "juanva2006",
    "eazyz bear"
  ],
  "log": "|j|\u2606juanva2006\n|j|\u2606eazyz bear\n|t:|1776072067\n|gametype|doubles\n|player|p1|juanva2006|266|1126\n|player|p2|eazyz bear|dragontamer|1034\n|gen|9\n|tier|[Gen 9 Champions] VGC 2026 Reg M-A\n|rated|\n|rule|Species Clause: Limit one of each Pok\u00e9mon\n|rule|Item Clause: Limit 1 of each item\n|clearpoke\n|poke|p1|Dragonite, L50, F|\n|poke|p1|Incineroar, L50, M|\n|poke|p1|Gengar, L50, M|\n|poke|p1|Whimsicott, L50, F|\n|poke|p1|Sneasler, L50, M|\n|poke|p1|Politoed, L50, M|\n|poke|p2|Hawlucha, L50, F|\n|poke|p2|Kingambit, L50, M|\n|poke|p2|Araquanid, L50, F|\n|poke|p2|Arcanine, L50, M|\n|poke|p2|Dragonite, L50, F|\n|poke|p2|Vivillon-Ocean, L50, F|\n|teampreview|4\n|inactive|Battle timer is ON: inactive players will automatically lose when time's up. (requested by eazyz bear)\n|\n|t:|1776072098\n|teamsize|p1|4\n|teamsize|p2|4\n|start\n|switch|p1a: Whimsicott|Whimsicott, L50, F|100/100\n|switch|p1b: Gengar|Gengar, L50, M|100/100\n|switch|p2a: Hawlucha|Hawlucha, L50, F|100/100\n|switch|p2b: Kingambit|Kingambit, L50, M|100/100\n|turn|1\n|inactive|juanva2006 has 30 seconds left.\n|\n|t:|1776072124\n|detailschange|p1b: Gengar|Gengar-Mega, L50, M\n|-mega|p1b: Gengar|Gengar|Gengarite\n|detailschange|p2a: Hawlucha|Hawlucha-Mega, L50, F\n|-mega|p2a: Hawlucha|Hawlucha|Hawluchanite\n|move|p1b: Gengar|Protect|p1b: Gengar\n|-singleturn|p1b: Gengar|Protect\n|move|p1a: Whimsicott|Tailwind|p1a: Whimsicott\n|-sidestart|p1: juanva2006|move: Tailwind\n|move|p2a: Hawlucha|Entrainment|p2b: Kingambit\n|-ability|p2b: Kingambit|No Guard|Defiant|[from] move: Entrainment|[of] p2a: Hawlucha\n|move|p2b: Kingambit|Guillotine|p1a: Whimsicott\n|-damage|p1a: Whimsicott|0 fnt\n|faint|p1a: Whimsicott\n|-ohko\n|\n|upkeep\n|\n|t:|1776072140\n|switch|p1a: Incineroar|Incineroar, L50, M|100/100\n|-ability|p1a: Incineroar|Intimidate|boost\n|-unboost|p2a: Hawlucha|atk|1\n|-unboost|p2b: Kingambit|atk|1\n|turn|2\n|inactive|eazyz bear has 30 seconds left.\n|\n|t:|1776072165\n|move|p1a: Incineroar|Fake Out|p2a: Hawlucha\n|-damage|p2a: Hawlucha|88/100\n|move|p2b: Kingambit|Sucker Punch||[still]\n|-fail|p2b: Kingambit\n|move|p1b: Gengar|Disable|p2b: Kingambit\n|-start|p2b: Kingambit|Disable|Sucker Punch\n|cant|p2a: Hawlucha|flinch\n|\n|upkeep\n|turn|3\n|\n|t:|1776072179\n|move|p1b: Gengar|Protect|p1b: Gengar\n|-singleturn|p1b: Gengar|Protect\n|move|p1a: Incineroar|Flare Blitz|p2b: Kingambit\n|-supereffective|p2b: Kingambit|1\n|-damage|p2b: Kingambit|23/100\n|-damage|p1a: Incineroar|78/100|[from] Recoil\n|move|p2a: Hawlucha|U-turn|p1a: Incineroar\n|-damage|p1a: Incineroar|63/100\n|\n|t:|1776072187\n|switch|p2a: Dragonite|Dragonite, L50, F|100/100|[from] U-turn\n|move|p2b: Kingambit|Kowtow Cleave|p1b: Gengar\n|-activate|p1b: Gengar|move: Protect\n|\n|upkeep\n|turn|4\n|\n|t:|1776072202\n|move|p1b: Gengar|Sludge Bomb|p2a: Dragonite\n|-damage|p2a: Dragonite|74/100\n|move|p1a: Incineroar|Flare Blitz|p2b: Kingambit\n|-supereffective|p2b: Kingambit|1\n|-damage|p2b: Kingambit|0 fnt\n|faint|p2b: Kingambit\n|-damage|p1a: Incineroar|57/100|[from] Recoil\n|move|p2a: Dragonite|Tailwind|p2a: Dragonite\n|-sidestart|p2: eazyz bear|move: Tailwind\n|\n|-sideend|p1: juanva2006|move: Tailwind\n|upkeep\n|\n|t:|1776072209\n|switch|p2b: Arcanine|Arcanine, L50, M|100/100\n|-ability|p2b: Arcanine|Intimidate|boost\n|-unboost|p1a: Incineroar|atk|1\n|-unboost|p1b: Gengar|atk|1\n|turn|5\n|\n|t:|1776072218\n|move|p1b: Gengar|Protect|p1b: Gengar\n|-singleturn|p1b: Gengar|Protect\n|move|p2b: Arcanine|Psychic Fangs|p1b: Gengar\n|-activate|p1b: Gengar|move: Protect\n|move|p2a: Dragonite|Scale Shot|p1b: Gengar\n|-activate|p1b: Gengar|move: Protect\n|move|p1a: Incineroar|Parting Shot|p2b: Arcanine\n|-unboost|p2b: Arcanine|atk|1\n|-unboost|p2b: Arcanine|spa|1\n|\n|t:|1776072229\n|switch|p1a: Sneasler|Sneasler, L50, M|100/100|[from] Parting Shot\n|\n|upkeep\n|turn|6\n|inactive|eazyz bear has 30 seconds left.\n|\n|t:|1776072255\n|move|p1a: Sneasler|Fake Out|p2b: Arcanine\n|-damage|p2b: Arcanine|81/100\n|cant|p2b: Arcanine|flinch\n|move|p2a: Dragonite|Scale Shot|p1b: Gengar\n|-damage|p1b: Gengar|78/100\n|-damage|p1b: Gengar|55/100\n|-damage|p1b: Gengar|29/100\n|-hitcount|p1b: Gengar|3\n|-unboost|p2a: Dragonite|def|1\n|-boost|p2a: Dragonite|spe|1\n|move|p1b: Gengar|Sludge Bomb|p2b: Arcanine\n|-damage|p2b: Arcanine|11/100\n|\n|upkeep\n|turn|7\n|\n|t:|1776072274\n|switch|p1b: Incineroar|Incineroar, L50, M|57/100\n|-ability|p1b: Incineroar|Intimidate|boost\n|-unboost|p2a: Dragonite|atk|1\n|-unboost|p2b: Arcanine|atk|1\n|move|p2b: Arcanine|Psychic Fangs|p1a: Sneasler\n|-supereffective|p1a: Sneasler|2\n|-crit|p1a: Sneasler\n|-damage|p1a: Sneasler|0 fnt\n|faint|p1a: Sneasler\n|move|p2a: Dragonite|Scale Shot|p1b: Incineroar\n|-damage|p1b: Incineroar|48/100\n|-enditem|p1b: Incineroar|Sitrus Berry|[eat]\n|-heal|p1b: Incineroar|73/100|[from] item: Sitrus Berry\n|-damage|p1b: Incineroar|64/100\n|-hitcount|p1b: Incineroar|2\n|-unboost|p2a: Dragonite|def|1\n|-boost|p2a: Dragonite|spe|1\n|\n|-sideend|p2: eazyz bear|move: Tailwind\n|upkeep\n|\n|t:|1776072290\n|switch|p1a: Gengar|Gengar-Mega, L50, M|29/100\n|turn|8\n|inactive|juanva2006 has 30 seconds left.\n|inactive|eazyz bear has 30 seconds left.\n|inactive|juanva2006 has 20 seconds left.\n|inactive|eazyz bear has 20 seconds left.\n|inactive|juanva2006 has 15 seconds left.\n|\n|t:|1776072334\n|move|p1b: Incineroar|Fake Out|p2a: Dragonite\n|-damage|p2a: Dragonite|56/100\n|cant|p2a: Dragonite|flinch\n|move|p1a: Gengar|Disable|p2b: Arcanine\n|-start|p2b: Arcanine|Disable|Psychic Fangs\n|cant|p2b: Arcanine|Disable|Psychic Fangs\n|\n|upkeep\n|turn|9\n|\n|t:|1776072355\n|move|p1a: Gengar|Protect|p1a: Gengar\n|-singleturn|p1a: Gengar|Protect\n|move|p2a: Dragonite|Scale Shot|p1a: Gengar\n|-activate|p1a: Gengar|move: Protect\n|move|p2b: Arcanine|Wild Charge|p1b: Incineroar\n|-damage|p1b: Incineroar|53/100\n|-damage|p2b: Arcanine|7/100|[from] Recoil\n|move|p1b: Incineroar|Throat Chop|p2a: Dragonite\n|-damage|p2a: Dragonite|0 fnt\n|faint|p2a: Dragonite\n|\n|upkeep\n|\n|t:|1776072366\n|switch|p2a: Hawlucha|Hawlucha-Mega, L50, F|88/100\n|turn|10\n|\n|t:|1776072378\n|move|p1a: Gengar|Sludge Bomb|p2a: Hawlucha\n|-damage|p2a: Hawlucha|20/100\n|-status|p2a: Hawlucha|psn\n|move|p2a: Hawlucha|High Jump Kick|p1b: Incineroar\n|-supereffective|p1b: Incineroar|1\n|-damage|p1b: Incineroar|0 fnt\n|faint|p1b: Incineroar\n|move|p2b: Arcanine|Wild Charge|p1a: Gengar\n|-damage|p1a: Gengar|9/100\n|-damage|p2b: Arcanine|3/100|[from] Recoil\n|\n|-damage|p2a: Hawlucha|8/100 psn|[from] psn\n|upkeep\n|turn|11\n|\n|t:|1776072397\n|move|p1a: Gengar|Protect|p1a: Gengar\n|-singleturn|p1a: Gengar|Protect\n|move|p2a: Hawlucha|U-turn|p1a: Gengar\n|-activate|p1a: Gengar|move: Protect\n|move|p2b: Arcanine|Heat Crash|p1a: Gengar\n|-activate|p1a: Gengar|move: Protect\n|\n|-damage|p2a: Hawlucha|0 fnt|[from] psn\n|faint|p2a: Hawlucha\n|-end|p2b: Arcanine|Disable\n|upkeep\n|turn|12\n|\n|t:|1776072415\n|move|p1a: Gengar|Sludge Bomb|p2b: Arcanine\n|-damage|p2b: Arcanine|0 fnt\n|faint|p2b: Arcanine\n|\n|win|juanva2006\n|raw|juanva2006's rating: 1126 &rarr; <strong>1144</strong><br />(+18 for winning)\n|raw|eazyz bear's rating: 1021 &rarr; <strong>1012</strong><br />(-9 for losing)\n|l|\u2606eazyz bear\n|player|p2|\n",
  "uploadtime": 1776072420,
  "views": 10,
  "formatid": "gen9championsvgc2026regma",
  "rating": 1012,
  "private": 0,
  "password": null
}