{
  "id": "gen9championsvgc2026regma-2583237341",
  "format": "[Gen 9 Champions] VGC 2026 Reg M-A",
  "players": [
    "mmajjs.17",
    "storm93ita"
  ],
  "log": "|j|\u2606mmajjs.17\n|j|\u2606storm93ita\n|t:|1776158113\n|gametype|doubles\n|player|p1|mmajjs.17|lass|1000\n|player|p2|storm93ita|volkner|1078\n|gen|9\n|tier|[Gen 9 Champions] VGC 2026 Reg M-A\n|rated|\n|rule|Species Clause: Limit one of each Pok\u00e9mon\n|rule|Item Clause: Limit 1 of each item\n|clearpoke\n|poke|p1|Charizard, L50, M|\n|poke|p1|Garchomp, L50, F|\n|poke|p1|Rotom-Wash, L50|\n|poke|p1|Sneasler, L50, M|\n|poke|p1|Aerodactyl, L50, M|\n|poke|p1|Froslass, L50, F|\n|poke|p2|Gardevoir, L50, M|\n|poke|p2|Incineroar, L50, M|\n|poke|p2|Charizard, L50, F|\n|poke|p2|Venusaur, L50, M|\n|poke|p2|Basculegion, L50, M|\n|poke|p2|Garchomp, L50, M|\n|teampreview|4\n|inactive|Battle timer is ON: inactive players will automatically lose when time's up. (requested by storm93ita)\n|\n|t:|1776158150\n|teamsize|p1|4\n|teamsize|p2|4\n|start\n|switch|p1a: Adriel|Aerodactyl, L50, M|100/100\n|switch|p1b: Esther|Garchomp, L50, F|100/100\n|switch|p2a: Basculegion|Basculegion, L50, M|100/100\n|switch|p2b: Garchomp|Garchomp, L50, M|100/100\n|-ability|p1a: Adriel|Unnerve\n|turn|1\n|\n|t:|1776158171\n|move|p1a: Adriel|Tailwind|p1a: Adriel\n|-sidestart|p1: mmajjs.17|move: Tailwind\n|move|p1b: Esther|Earthquake|p2b: Garchomp|[spread] p2a,p2b\n|-immune|p1a: Adriel\n|-damage|p2a: Basculegion|56/100\n|-damage|p2b: Garchomp|65/100\n|move|p2b: Garchomp|Dragon Claw|p1b: Esther\n|-supereffective|p1b: Esther|1\n|-enditem|p1b: Esther|Haban Berry|[eat]\n|-enditem|p1b: Esther|Haban Berry|[weaken]\n|-damage|p1b: Esther|58/100\n|-damage|p2b: Garchomp|52/100|[from] ability: Rough Skin|[of] p1b: Esther\n|move|p2a: Basculegion|Wave Crash|p1a: Adriel\n|-supereffective|p1a: Adriel|1\n|-enditem|p1a: Adriel|Passho Berry|[eat]\n|-enditem|p1a: Adriel|Passho Berry|[weaken]\n|-damage|p1a: Adriel|0 fnt\n|faint|p1a: Adriel\n|-damage|p2a: Basculegion|30/100|[from] Recoil\n|\n|upkeep\n|inactive|mmajjs.17 has 30 seconds left.\n|\n|t:|1776158198\n|switch|p1a: Ally|Rotom-Wash, L50|100/100\n|turn|2\n|\n|t:|1776158215\n|switch|p2a: Venusaur|Venusaur, L50, M|100/100\n|move|p1b: Esther|Earthquake|p2b: Garchomp|[spread] p2a,p2b\n|-immune|p1a: Ally|[from] ability: Levitate\n|-damage|p2a: Venusaur|61/100\n|-damage|p2b: Garchomp|19/100\n|move|p1a: Ally|Volt Switch|p2a: Venusaur\n|-resisted|p2a: Venusaur|1\n|-damage|p2a: Venusaur|52/100\n|\n|t:|1776158226\n|switch|p1a: Wynter|Froslass, L50, F|100/100|[from] Volt Switch\n|move|p2b: Garchomp|Dragon Claw|p1b: Esther\n|-supereffective|p1b: Esther|1\n|-damage|p1b: Esther|0 fnt\n|-damage|p2b: Garchomp|7/100|[from] ability: Rough Skin|[of] p1b: Esther\n|faint|p1b: Esther\n|\n|upkeep\n|\n|t:|1776158232\n|switch|p1b: Ally|Rotom-Wash, L50|100/100\n|turn|3\n|j| odelpt124\n|\n|t:|1776158245\n|detailschange|p1a: Wynter|Froslass-Mega, L50, F\n|-mega|p1a: Wynter|Froslass|Froslassite\n|-weather|Snowscape|[from] ability: Snow Warning|[of] p1a: Wynter\n|move|p2b: Garchomp|Protect|p2b: Garchomp\n|-singleturn|p2b: Garchomp|Protect\n|move|p1a: Wynter|Blizzard|p2b: Garchomp|[spread] p2a\n|-activate|p2b: Garchomp|move: Protect\n|-supereffective|p2a: Venusaur|1\n|-damage|p2a: Venusaur|0 fnt\n|faint|p2a: Venusaur\n|move|p1b: Ally|Electroweb|p2b: Garchomp\n|-activate|p2b: Garchomp|move: Protect\n|\n|-weather|Snowscape|[upkeep]\n|upkeep\n|\n|t:|1776158260\n|switch|p2a: Charizard|Charizard, L50, F|100/100\n|turn|4\n|l| odelpt124\n|\n|t:|1776158284\n|detailschange|p2a: Charizard|Charizard-Mega-Y, L50, F\n|-mega|p2a: Charizard|Charizard|Charizardite Y\n|-weather|SunnyDay|[from] ability: Drought|[of] p2a: Charizard\n|move|p2b: Garchomp|Protect||[still]\n|-fail|p2b: Garchomp\n|move|p2a: Charizard|Protect|p2a: Charizard\n|-singleturn|p2a: Charizard|Protect\n|move|p1a: Wynter|Blizzard|p2b: Garchomp|[spread] \n|-activate|p2a: Charizard|move: Protect\n|-miss|p1a: Wynter|p2b: Garchomp\n|move|p1b: Ally|Volt Switch|p2a: Charizard\n|-activate|p2a: Charizard|move: Protect\n|\n|-weather|SunnyDay|[upkeep]\n|-sideend|p1: mmajjs.17|move: Tailwind\n|upkeep\n|turn|5\n|inactive|mmajjs.17 has 30 seconds left.\n|\n|t:|1776158318\n|move|p1a: Wynter|Shadow Ball|p2b: Garchomp\n|-damage|p2b: Garchomp|0 fnt\n|faint|p2b: Garchomp\n|move|p2a: Charizard|Heat Wave|p1b: Ally|[spread] p1a,p1b\n|-supereffective|p1a: Wynter|1\n|-resisted|p1b: Ally|1\n|-damage|p1a: Wynter|0 fnt\n|-damage|p1b: Ally|71/100\n|faint|p1a: Wynter\n|move|p1b: Ally|Volt Switch|p2a: Charizard\n|-supereffective|p2a: Charizard|1\n|-damage|p2a: Charizard|54/100\n|\n|-weather|SunnyDay|[upkeep]\n|upkeep\n|\n|t:|1776158329\n|switch|p2b: Basculegion|Basculegion, L50, M|30/100\n|turn|6\n|\n|t:|1776158336\n|move|p2a: Charizard|Solar Beam||[still]\n|-prepare|p2a: Charizard|Solar Beam\n|-anim|p2a: Charizard|Solar Beam|p1b: Ally\n|-supereffective|p1b: Ally|1\n|-damage|p1b: Ally|0 fnt\n|faint|p1b: Ally\n|\n|win|storm93ita\n|raw|mmajjs.17's rating: 1000 &rarr; <strong>1000</strong><br />(+0 for losing)\n|raw|storm93ita's rating: 1078 &rarr; <strong>1100</strong><br />(+22 for winning)\n",
  "uploadtime": 1776158343,
  "views": 17,
  "formatid": "gen9championsvgc2026regma",
  "rating": 1000,
  "private": 0,
  "password": null
}