{
  "id": "gen9championsvgc2026regma-2582270125",
  "format": "[Gen 9 Champions] VGC 2026 Reg M-A",
  "players": [
    "Pjose",
    "Davidngtigtig"
  ],
  "log": "|j|\u2606Pjose\n|j|\u203dDavidngtigtig\n|t:|1776078258\n|gametype|doubles\n|player|p1|Pjose|veteran|1000\n|player|p2|Davidngtigtig|1|1093\n|gen|9\n|tier|[Gen 9 Champions] VGC 2026 Reg M-A\n|rated|\n|rule|Species Clause: Limit one of each Pok\u00e9mon\n|rule|Item Clause: Limit 1 of each item\n|clearpoke\n|poke|p1|Incineroar, L50, F|\n|poke|p1|Basculegion, L50, M|\n|poke|p1|Sneasler, L50, M|\n|poke|p1|Dragonite, L50, M|\n|poke|p1|Pelipper, L50, M|\n|poke|p1|Archaludon, L50, F|\n|poke|p2|Starmie, L50|\n|poke|p2|Incineroar, L50, F|\n|poke|p2|Archaludon, L50, M|\n|poke|p2|Pelipper, L50, M|\n|poke|p2|Mamoswine, L50, M|\n|poke|p2|Gengar, L50, M|\n|teampreview|4\n|\n|t:|1776078291\n|teamsize|p1|4\n|teamsize|p2|4\n|start\n|switch|p1a: Basculegion|Basculegion, L50, M|100/100\n|switch|p1b: Sneasler|Sneasler, L50, M|100/100\n|switch|p2a: Mamoswine|Mamoswine, L50, M|100/100\n|switch|p2b: Incineroar|Incineroar, L50, F|100/100\n|-ability|p2b: Incineroar|Intimidate|boost\n|-unboost|p1a: Basculegion|atk|1\n|-unboost|p1b: Sneasler|atk|1\n|-enditem|p1b: Sneasler|White Herb\n|-clearnegativeboost|p1b: Sneasler|[silent]\n|turn|1\n|\n|t:|1776078313\n|move|p1b: Sneasler|Fake Out|p2b: Incineroar\n|-damage|p2b: Incineroar|89/100\n|cant|p2b: Incineroar|flinch\n|move|p1a: Basculegion|Flip Turn|p2a: Mamoswine\n|-supereffective|p2a: Mamoswine|1\n|-damage|p2a: Mamoswine|38/100\n|\n|t:|1776078321\n|switch|p1a: Pelipper|Pelipper, L50, M|100/100|[from] Flip Turn\n|-weather|RainDance|[from] ability: Drizzle|[of] p1a: Pelipper\n|move|p2a: Mamoswine|High Horsepower|p1b: Sneasler\n|-supereffective|p1b: Sneasler|1\n|-damage|p1b: Sneasler|0 fnt\n|faint|p1b: Sneasler\n|\n|-weather|RainDance|[upkeep]\n|upkeep\n|\n|t:|1776078336\n|switch|p1b: Basculegion|Basculegion, L50, M|100/100\n|turn|2\n|\n|t:|1776078346\n|move|p2a: Mamoswine|Protect|p2a: Mamoswine\n|-singleturn|p2a: Mamoswine|Protect\n|move|p1b: Basculegion|Flip Turn|p2a: Mamoswine\n|-activate|p2a: Mamoswine|move: Protect\n|move|p2b: Incineroar|Darkest Lariat|p1b: Basculegion\n|-supereffective|p1b: Basculegion|1\n|-damage|p1b: Basculegion|17/100\n|move|p1a: Pelipper|U-turn|p2b: Incineroar\n|-damage|p2b: Incineroar|81/100\n|\n|t:|1776078358\n|switch|p1a: Dragonite|Dragonite, L50, M|100/100|[from] U-turn\n|\n|-weather|RainDance|[upkeep]\n|upkeep\n|turn|3\n|\n|t:|1776078370\n|detailschange|p1a: Dragonite|Dragonite-Mega, L50, M\n|-mega|p1a: Dragonite|Dragonite|Dragoninite\n|move|p2a: Mamoswine|Ice Shard|p1a: Dragonite\n|-supereffective|p1a: Dragonite|2\n|-damage|p1a: Dragonite|56/100\n|move|p1b: Basculegion|Flip Turn|p2a: Mamoswine\n|-supereffective|p2a: Mamoswine|1\n|-damage|p2a: Mamoswine|0 fnt\n|faint|p2a: Mamoswine\n|\n|t:|1776078380\n|switch|p1b: Pelipper|Pelipper, L50, M|100/100|[from] Flip Turn\n|move|p1a: Dragonite|Dragon Pulse|p2b: Incineroar\n|-damage|p2b: Incineroar|39/100\n|move|p2b: Incineroar|Darkest Lariat|p1b: Pelipper\n|-damage|p1b: Pelipper|75/100\n|\n|-weather|RainDance|[upkeep]\n|upkeep\n|\n|t:|1776078392\n|switch|p2a: Archaludon|Archaludon, L50, M|100/100\n|turn|4\n|inactive|Battle timer is ON: inactive players will automatically lose when time's up. (requested by Pjose)\n|\n|t:|1776078424\n|move|p1a: Dragonite|Hurricane|p2b: Incineroar\n|-damage|p2b: Incineroar|0 fnt\n|faint|p2b: Incineroar\n|move|p2a: Archaludon|Electro Shot||[still]\n|-prepare|p2a: Archaludon|Electro Shot\n|-boost|p2a: Archaludon|spa|1\n|-anim|p2a: Archaludon|Electro Shot|p1b: Pelipper\n|-supereffective|p1b: Pelipper|2\n|-damage|p1b: Pelipper|0 fnt\n|faint|p1b: Pelipper\n|\n|-weather|RainDance|[upkeep]\n|upkeep\n|\n|t:|1776078436\n|switch|p2b: Starmie|Starmie, L50, shiny|100/100\n|switch|p1b: Basculegion|Basculegion, L50, M|17/100\n|turn|5\n|\n|t:|1776078455\n|detailschange|p2b: Starmie|Starmie-Mega, L50, shiny\n|-mega|p2b: Starmie|Starmie|Starminite\n|move|p2b: Starmie|Protect|p2b: Starmie\n|-singleturn|p2b: Starmie|Protect\n|move|p1b: Basculegion|Last Respects|p2b: Starmie\n|-activate|p2b: Starmie|move: Protect\n|move|p1a: Dragonite|Dragon Pulse|p2a: Archaludon\n|-damage|p2a: Archaludon|25/100\n|move|p2a: Archaludon|Electro Shot||[still]\n|-prepare|p2a: Archaludon|Electro Shot\n|-boost|p2a: Archaludon|spa|1\n|-anim|p2a: Archaludon|Electro Shot|p1b: Basculegion\n|-supereffective|p1b: Basculegion|1\n|-damage|p1b: Basculegion|0 fnt\n|faint|p1b: Basculegion\n|\n|-weather|none\n|upkeep\n|turn|6\n|inactive|Davidngtigtig has 30 seconds left.\n|\n|t:|1776078481\n|move|p2a: Archaludon|Protect|p2a: Archaludon\n|-singleturn|p2a: Archaludon|Protect\n|move|p2b: Starmie|Zen Headbutt|p1a: Dragonite|[miss]\n|-miss|p2b: Starmie|p1a: Dragonite\n|move|p1a: Dragonite|Thunder|p2b: Starmie|[miss]\n|-miss|p1a: Dragonite|p2b: Starmie\n|\n|upkeep\n|turn|7\n|\n|t:|1776078494\n|move|p2b: Starmie|Zen Headbutt|p1a: Dragonite\n|-damage|p1a: Dragonite|0 fnt\n|faint|p1a: Dragonite\n|\n|win|Davidngtigtig\n|raw|Pjose's rating: 1000 &rarr; <strong>1000</strong><br />(+0 for losing)\n|raw|Davidngtigtig's rating: 1093 &rarr; <strong>1112</strong><br />(+19 for winning)\n",
  "uploadtime": 1776078494,
  "views": 11,
  "formatid": "gen9championsvgc2026regma",
  "rating": 1000,
  "private": 0,
  "password": null
}