{
  "id": "gen9championsvgc2026regma-2582377149",
  "format": "[Gen 9 Champions] VGC 2026 Reg M-A",
  "players": [
    "ihav0imag1nation",
    "pokewile"
  ],
  "log": "|j|\u2606ihav0imag1nation\n|j|\u2606pokewile\n|t:|1776087568\n|gametype|doubles\n|player|p1|ihav0imag1nation|265|1000\n|player|p2|pokewile|265|1025\n|gen|9\n|tier|[Gen 9 Champions] VGC 2026 Reg M-A\n|rated|\n|rule|Species Clause: Limit one of each Pok\u00e9mon\n|rule|Item Clause: Limit 1 of each item\n|clearpoke\n|poke|p1|Charizard, L50, M|\n|poke|p1|Typhlosion-Hisui, L50, F|\n|poke|p1|Venusaur, L50, F|\n|poke|p1|Aerodactyl, L50, F|\n|poke|p1|Sinistcha, L50|\n|poke|p1|Sneasler, L50, M|\n|poke|p2|Meowstic, L50, M|\n|poke|p2|Alakazam, L50, F|\n|poke|p2|Farigiraf, L50, M|\n|poke|p2|Espathra, L50, M|\n|poke|p2|Rotom-Wash, L50|\n|poke|p2|Volcarona, L50, M|\n|teampreview|4\n|\n|t:|1776087613\n|teamsize|p1|4\n|teamsize|p2|4\n|start\n|switch|p1a: Charizard|Charizard, L50, M|100/100\n|switch|p1b: Typhlosion|Typhlosion-Hisui, L50, F|100/100\n|switch|p2a: Meowstic|Meowstic, L50, M|100/100\n|switch|p2b: Espathra|Espathra, L50, M|100/100\n|-item|p2a: Meowstic|Mental Herb|[from] ability: Frisk|[of] p1b: Typhlosion\n|-item|p2b: Espathra|Focus Sash|[from] ability: Frisk|[of] p1b: Typhlosion\n|turn|1\n|\n|t:|1776087653\n|detailschange|p1a: Charizard|Charizard-Mega-Y, L50, M\n|-mega|p1a: Charizard|Charizard|Charizardite Y\n|-weather|SunnyDay|[from] ability: Drought|[of] p1a: Charizard\n|move|p2a: Meowstic|Gravity|p2a: Meowstic\n|-fieldstart|move: Gravity\n|move|p1b: Typhlosion|Eruption|p2a: Meowstic|[spread] p2a,p2b\n|-damage|p2a: Meowstic|0 fnt\n|-enditem|p2b: Espathra|Focus Sash\n|-damage|p2b: Espathra|1/100\n|faint|p2a: Meowstic\n|move|p2b: Espathra|Hypnosis|p1a: Charizard\n|-status|p1a: Charizard|slp|[from] move: Hypnosis\n|cant|p1a: Charizard|slp\n|\n|-weather|SunnyDay|[upkeep]\n|-ability|p2b: Espathra|Speed Boost|boost\n|-boost|p2b: Espathra|spe|1\n|upkeep\n|\n|t:|1776087666\n|switch|p2a: Rotom|Rotom-Wash, L50|100/100\n|turn|2\n|\n|t:|1776087692\n|switch|p1a: Sinistcha|Sinistcha, L50|100/100\n|move|p2b: Espathra|Hypnosis|p1b: Typhlosion\n|-status|p1b: Typhlosion|slp|[from] move: Hypnosis\n|cant|p1b: Typhlosion|slp\n|move|p2a: Rotom|Electroweb|p1b: Typhlosion|[spread] p1a,p1b\n|-resisted|p1a: Sinistcha|1\n|-damage|p1a: Sinistcha|89/100\n|-damage|p1b: Typhlosion|75/100 slp\n|-unboost|p1a: Sinistcha|spe|1\n|-unboost|p1b: Typhlosion|spe|1\n|\n|-weather|SunnyDay|[upkeep]\n|-ability|p2b: Espathra|Speed Boost|boost\n|-boost|p2b: Espathra|spe|1\n|upkeep\n|turn|3\n|\n|t:|1776087727\n|switch|p2a: Alakazam|Alakazam, L50, F|100/100\n|switch|p1b: Venusaur|Venusaur, L50, F|100/100\n|move|p1a: Sinistcha|Rage Powder|p1a: Sinistcha\n|-singleturn|p1a: Sinistcha|move: Rage Powder\n|move|p2b: Espathra|Hypnosis|p1a: Sinistcha\n|-status|p1a: Sinistcha|slp|[from] move: Hypnosis\n|\n|-weather|SunnyDay|[upkeep]\n|-ability|p2b: Espathra|Speed Boost|boost\n|-boost|p2b: Espathra|spe|1\n|upkeep\n|turn|4\n|\n|t:|1776087767\n|detailschange|p2a: Alakazam|Alakazam-Mega, L50, F\n|-mega|p2a: Alakazam|Alakazam|Alakazite\n|-ability|p2a: Alakazam|Chlorophyll|Trace|[from] ability: Trace|[of] p1b: Venusaur\n|move|p2b: Espathra|Hypnosis|p1b: Venusaur\n|-status|p1b: Venusaur|slp|[from] move: Hypnosis\n|move|p2a: Alakazam|Expanding Force|p1b: Venusaur\n|-supereffective|p1b: Venusaur|1\n|-damage|p1b: Venusaur|0 fnt\n|faint|p1b: Venusaur\n|cant|p1a: Sinistcha|slp\n|\n|-weather|SunnyDay|[upkeep]\n|-ability|p2b: Espathra|Speed Boost|boost\n|-boost|p2b: Espathra|spe|1\n|upkeep\n|\n|t:|1776087786\n|switch|p1b: Charizard|Charizard-Mega-Y, L50, M|100/100 slp\n|turn|5\n|\n|t:|1776087804\n|cant|p1b: Charizard|slp\n|cant|p1a: Sinistcha|slp\n|move|p2b: Espathra|Lumina Crash|p1a: Sinistcha\n|-damage|p1a: Sinistcha|52/100 slp\n|-unboost|p1a: Sinistcha|spd|2\n|move|p2a: Alakazam|Expanding Force|p1a: Sinistcha\n|-damage|p1a: Sinistcha|0 fnt\n|faint|p1a: Sinistcha\n|\n|-weather|none\n|-fieldend|move: Gravity\n|-ability|p2b: Espathra|Speed Boost|boost\n|-boost|p2b: Espathra|spe|1\n|upkeep\n|\n|t:|1776087820\n|switch|p1a: Typhlosion|Typhlosion-Hisui, L50, F|75/100 slp\n|-item|p2a: Alakazam|Alakazite|[from] ability: Frisk|[of] p1a: Typhlosion\n|turn|6\n|\n|t:|1776087829\n|-curestatus|p1b: Charizard|slp|[msg]\n|move|p1b: Charizard|Protect|p1b: Charizard\n|-singleturn|p1b: Charizard|Protect\n|move|p2b: Espathra|Lumina Crash|p1a: Typhlosion\n|-damage|p1a: Typhlosion|39/100 slp\n|-unboost|p1a: Typhlosion|spd|2\n|-curestatus|p1a: Typhlosion|slp|[msg]\n|move|p1a: Typhlosion|Eruption|p2b: Espathra|[spread] p2a,p2b\n|-damage|p2a: Alakazam|74/100\n|-damage|p2b: Espathra|0 fnt\n|faint|p2b: Espathra\n|move|p2a: Alakazam|Expanding Force|p1a: Typhlosion\n|-damage|p1a: Typhlosion|0 fnt\n|faint|p1a: Typhlosion\n|\n|upkeep\n|\n|t:|1776087841\n|switch|p2b: Rotom|Rotom-Wash, L50|100/100\n|turn|7\n|\n|t:|1776087851\n|move|p2b: Rotom|Hydro Pump|p1b: Charizard\n|-supereffective|p1b: Charizard|1\n|-crit|p1b: Charizard\n|-damage|p1b: Charizard|0 fnt\n|faint|p1b: Charizard\n|\n|win|pokewile\n|raw|ihav0imag1nation's rating: 1000 &rarr; <strong>1000</strong><br />(+0 for losing)\n|raw|pokewile's rating: 1025 &rarr; <strong>1059</strong><br />(+34 for winning)\n|l|\u2606ihav0imag1nation\n|player|p1|\n|j| cians\n|c| cians|did u like roll him.\n|c|\u2606pokewile|dawg\n|c|\u2606pokewile|search how many times I used hypnosis\n|c| cians|4\n",
  "uploadtime": 1776087959,
  "views": 11,
  "formatid": "gen9championsvgc2026regma",
  "rating": 1000,
  "private": 0,
  "password": null
}