{
  "id": "gen9championsvgc2026regma-2587743166",
  "format": "[Gen 9 Champions] VGC 2026 Reg M-A",
  "players": [
    "MisoSoupFGC",
    "d4namo4real"
  ],
  "log": "|j|\u2606MisoSoupFGC\n|j|\u2606d4namo4real\n|t:|1776559529\n|gametype|doubles\n|player|p1|MisoSoupFGC|265|1114\n|player|p2|d4namo4real|ingo|1147\n|gen|9\n|tier|[Gen 9 Champions] VGC 2026 Reg M-A\n|rated|\n|rule|Species Clause: Limit one of each Pok\u00e9mon\n|rule|Item Clause: Limit 1 of each item\n|clearpoke\n|poke|p1|Delphox, L50, F|\n|poke|p1|Basculegion, L50, M|\n|poke|p1|Clefable, L50, F|\n|poke|p1|Kingambit, L50, F|\n|poke|p1|Dragonite, L50, F|\n|poke|p1|Sneasler, L50, M|\n|poke|p2|Greninja, L50, M|\n|poke|p2|Tinkaton, L50, F|\n|poke|p2|Rotom-Wash, L50|\n|poke|p2|Sinistcha, L50|\n|poke|p2|Incineroar, L50, F|\n|poke|p2|Corviknight, L50, M|\n|teampreview|4\n|\n|t:|1776559568\n|teamsize|p1|4\n|teamsize|p2|4\n|start\n|switch|p1a: Sneasler|Sneasler, L50, M|100/100\n|switch|p1b: Kingambit|Kingambit, L50, F|100/100\n|switch|p2a: Greninja|Greninja, L50, M|100/100\n|switch|p2b: Tinkaton|Tinkaton, L50, F|100/100\n|turn|1\n|\n|t:|1776559598\n|move|p1a: Sneasler|Fake Out|p2b: Tinkaton\n|-resisted|p2b: Tinkaton|1\n|-damage|p2b: Tinkaton|93/100\n|cant|p2b: Tinkaton|flinch\n|move|p2a: Greninja|U-turn|p1b: Kingambit\n|-start|p2a: Greninja|typechange|Bug|[from] ability: Protean\n|-damage|p1b: Kingambit|80/100\n|\n|t:|1776559610\n|switch|p2a: Corviknight|Corviknight, L50, M|100/100|[from] U-turn\n|move|p1b: Kingambit|Swords Dance|p1b: Kingambit\n|-boost|p1b: Kingambit|atk|2\n|\n|upkeep\n|turn|2\n|\n|t:|1776559635\n|move|p1a: Sneasler|Close Combat|p2b: Tinkaton\n|-crit|p2b: Tinkaton\n|-damage|p2b: Tinkaton|0 fnt\n|-unboost|p1a: Sneasler|def|1\n|-unboost|p1a: Sneasler|spd|1\n|faint|p2b: Tinkaton\n|move|p2a: Corviknight|Body Press|p1b: Kingambit\n|-supereffective|p1b: Kingambit|2\n|-damage|p1b: Kingambit|11/100\n|move|p1b: Kingambit|Kowtow Cleave|p2a: Corviknight\n|-damage|p2a: Corviknight|15/100\n|\n|upkeep\n|\n|t:|1776559658\n|switch|p2b: Rotom|Rotom-Wash, L50|100/100\n|turn|3\n|\n|t:|1776559678\n|move|p1b: Kingambit|Sucker Punch|p2b: Rotom\n|-damage|p2b: Rotom|0 fnt\n|faint|p2b: Rotom\n|move|p1a: Sneasler|Close Combat|p2a: Corviknight\n|-damage|p2a: Corviknight|0 fnt\n|-unboost|p1a: Sneasler|def|1\n|-unboost|p1a: Sneasler|spd|1\n|faint|p2a: Corviknight\n|\n|upkeep\n|\n|t:|1776559689\n|switch|p2b: Greninja|Greninja, L50, M|100/100\n|turn|4\n|\n|t:|1776559702\n|detailschange|p2b: Greninja|Greninja-Mega, L50, M\n|-mega|p2b: Greninja|Greninja|Greninjite\n|move|p2b: Greninja|Shadow Sneak|p1b: Kingambit\n|-start|p2b: Greninja|typechange|Ghost|[from] ability: Protean\n|-resisted|p1b: Kingambit|1\n|-damage|p1b: Kingambit|3/100\n|move|p1b: Kingambit|Sucker Punch||[still]\n|-fail|p1b: Kingambit\n|move|p1a: Sneasler|Close Combat|p2b: Greninja\n|-immune|p2b: Greninja\n|\n|upkeep\n|turn|5\n|\n|t:|1776559744\n|switch|p1a: Clefable|Clefable, L50, F|100/100\n|move|p1b: Kingambit|Protect|p1b: Kingambit\n|-singleturn|p1b: Kingambit|Protect\n|move|p2b: Greninja|Shadow Sneak|p1b: Kingambit\n|-activate|p1b: Kingambit|move: Protect\n|\n|upkeep\n|turn|6\n|\n|t:|1776559757\n|move|p1a: Clefable|Follow Me|p1a: Clefable\n|-singleturn|p1a: Clefable|move: Follow Me\n|move|p2b: Greninja|Shadow Sneak|p1a: Clefable\n|-damage|p1a: Clefable|87/100\n|move|p1b: Kingambit|Kowtow Cleave|p2b: Greninja\n|-supereffective|p2b: Greninja|1\n|-damage|p2b: Greninja|0 fnt\n|faint|p2b: Greninja\n|\n|win|MisoSoupFGC\n|raw|MisoSoupFGC's rating: 1114 &rarr; <strong>1141</strong><br />(+27 for winning)\n|raw|d4namo4real's rating: 1147 &rarr; <strong>1120</strong><br />(-27 for losing)\n|l|\u2606d4namo4real\n|player|p2|\n",
  "uploadtime": 1776559770,
  "views": 12,
  "formatid": "gen9championsvgc2026regma",
  "rating": 1120,
  "private": 0,
  "password": null
}