{
  "id": "gen9championsvgc2026regma-2587748404",
  "format": "[Gen 9 Champions] VGC 2026 Reg M-A",
  "players": [
    "unicorgan420",
    "dayron91"
  ],
  "log": "|j|\u2606unicorgan420\n|j|\u2606dayron91\n|t:|1776560048\n|gametype|doubles\n|player|p1|unicorgan420|169|1183\n|player|p2|dayron91|266|1189\n|gen|9\n|tier|[Gen 9 Champions] VGC 2026 Reg M-A\n|rated|\n|rule|Species Clause: Limit one of each Pok\u00e9mon\n|rule|Item Clause: Limit 1 of each item\n|clearpoke\n|poke|p1|Aegislash, L50, F|\n|poke|p1|Aerodactyl, L50, F|\n|poke|p1|Araquanid, L50, F|\n|poke|p1|Incineroar, L50, F|\n|poke|p1|Glimmora, L50, F|\n|poke|p1|Serperior, L50, F|\n|poke|p2|Kleavor, L50, F|\n|poke|p2|Volcarona, L50, M|\n|poke|p2|Araquanid, L50, F|\n|poke|p2|Scizor, L50, M|\n|poke|p2|Vivillon, L50, F|\n|poke|p2|Heracross, L50, M|\n|teampreview|4\n|\n|t:|1776560112\n|teamsize|p1|4\n|teamsize|p2|4\n|start\n|switch|p1a: Incineroar|Incineroar, L50, F|100/100\n|switch|p1b: Aerodactyl|Aerodactyl, L50, F|100/100\n|switch|p2a: Kleavor|Kleavor, L50, F|100/100\n|switch|p2b: Vivillon|Vivillon, L50, F|100/100\n|-ability|p1b: Aerodactyl|Unnerve\n|-ability|p1a: Incineroar|Intimidate|boost\n|-unboost|p2a: Kleavor|atk|1\n|-unboost|p2b: Vivillon|atk|1\n|-enditem|p2a: Kleavor|White Herb\n|-clearnegativeboost|p2a: Kleavor|[silent]\n|turn|1\n|\n|t:|1776560145\n|move|p1a: Incineroar|Fake Out|p2a: Kleavor\n|-resisted|p2a: Kleavor|1\n|-damage|p2a: Kleavor|94/100\n|cant|p2a: Kleavor|flinch\n|move|p1b: Aerodactyl|Tailwind|p1b: Aerodactyl\n|-sidestart|p1: unicorgan420|move: Tailwind\n|move|p2b: Vivillon|Sleep Powder|p1b: Aerodactyl\n|-status|p1b: Aerodactyl|slp|[from] move: Sleep Powder\n|\n|upkeep\n|turn|2\n|\n|t:|1776560169\n|cant|p1b: Aerodactyl|slp\n|move|p1a: Incineroar|Parting Shot|p2a: Kleavor\n|-unboost|p2a: Kleavor|atk|1\n|-unboost|p2a: Kleavor|spa|1\n|\n|t:|1776560174\n|switch|p1a: Glimmora|Glimmora, L50, F|100/100|[from] Parting Shot\n|move|p2b: Vivillon|Hurricane|p1a: Glimmora\n|-resisted|p1a: Glimmora|1\n|-damage|p1a: Glimmora|70/100\n|move|p2a: Kleavor|Stone Axe|p1a: Glimmora\n|-damage|p1a: Glimmora|28/100\n|-activate|p1a: Glimmora|ability: Toxic Debris\n|-sidestart|p2: dayron91|move: Toxic Spikes\n|-sidestart|p1: unicorgan420|move: Stealth Rock\n|\n|upkeep\n|turn|3\n|\n|t:|1776560212\n|detailschange|p1a: Glimmora|Glimmora-Mega, L50, F\n|-mega|p1a: Glimmora|Glimmora|Glimmoranite\n|move|p2a: Kleavor|Protect|p2a: Kleavor\n|-singleturn|p2a: Kleavor|Protect\n|cant|p1b: Aerodactyl|slp\n|move|p1a: Glimmora|Power Gem|p2b: Vivillon\n|-supereffective|p2b: Vivillon|2\n|-enditem|p2b: Vivillon|Focus Sash\n|-damage|p2b: Vivillon|1/100\n|move|p2b: Vivillon|Hurricane|p1a: Glimmora|[miss]\n|-miss|p2b: Vivillon|p1a: Glimmora\n|\n|upkeep\n|turn|4\n|\n|t:|1776560254\n|-curestatus|p1b: Aerodactyl|slp|[msg]\n|move|p1b: Aerodactyl|Rock Slide|p2b: Vivillon|[spread] p2a,p2b\n|-supereffective|p2a: Kleavor|1\n|-supereffective|p2b: Vivillon|2\n|-damage|p2a: Kleavor|28/100\n|-damage|p2b: Vivillon|0 fnt\n|faint|p2b: Vivillon\n|move|p1a: Glimmora|Dazzling Gleam|p2a: Kleavor\n|-damage|p2a: Kleavor|0 fnt\n|faint|p2a: Kleavor\n|\n|-sideend|p1: unicorgan420|move: Tailwind\n|upkeep\n|\n|t:|1776560267\n|switch|p2b: Volcarona|Volcarona, L50, M|100/100\n|switch|p2a: Scizor|Scizor, L50, M|100/100\n|-status|p2b: Volcarona|psn\n|turn|5\n|\n|t:|1776560290\n|move|p1a: Glimmora|Spiky Shield|p1a: Glimmora\n|-singleturn|p1a: Glimmora|move: Protect\n|move|p2a: Scizor|Bullet Punch|p1b: Aerodactyl\n|-supereffective|p1b: Aerodactyl|1\n|-enditem|p1b: Aerodactyl|Focus Sash\n|-damage|p1b: Aerodactyl|1/100\n|move|p1b: Aerodactyl|Tailwind|p1b: Aerodactyl\n|-sidestart|p1: unicorgan420|move: Tailwind\n|move|p2b: Volcarona|Heat Wave|p1b: Aerodactyl|[spread] p1b\n|-activate|p1a: Glimmora|move: Protect\n|-resisted|p1b: Aerodactyl|1\n|-damage|p1b: Aerodactyl|0 fnt\n|faint|p1b: Aerodactyl\n|\n|-damage|p2b: Volcarona|88/100 psn|[from] psn\n|upkeep\n|\n|t:|1776560304\n|switch|p1b: Incineroar|Incineroar, L50, F|100/100\n|-damage|p1b: Incineroar|76/100|[from] Stealth Rock\n|-ability|p1b: Incineroar|Intimidate|boost\n|-unboost|p2a: Scizor|atk|1\n|-unboost|p2b: Volcarona|atk|1\n|turn|6\n|\n|t:|1776560332\n|move|p2a: Scizor|Protect|p2a: Scizor\n|-singleturn|p2a: Scizor|Protect\n|move|p1b: Incineroar|Fake Out|p2a: Scizor\n|-activate|p2a: Scizor|move: Protect\n|move|p1a: Glimmora|Power Gem|p2b: Volcarona\n|-supereffective|p2b: Volcarona|2\n|-damage|p2b: Volcarona|0 fnt\n|faint|p2b: Volcarona\n|\n|upkeep\n|turn|7\n|\n|t:|1776560349\n|move|p1a: Glimmora|Spiky Shield|p1a: Glimmora\n|-singleturn|p1a: Glimmora|move: Protect\n|move|p1b: Incineroar|Flare Blitz|p2a: Scizor\n|-supereffective|p2a: Scizor|2\n|-damage|p2a: Scizor|0 fnt\n|faint|p2a: Scizor\n|-damage|p1b: Incineroar|50/100|[from] Recoil\n|\n|win|unicorgan420\n|raw|unicorgan420's rating: 1183 &rarr; <strong>1208</strong><br />(+25 for winning)\n|raw|dayron91's rating: 1189 &rarr; <strong>1164</strong><br />(-25 for losing)\n|l|\u2606dayron91\n|player|p2|\n|l|\u2606unicorgan420\n|player|p1|\n|j|\u2606unicorgan420\n|player|p1|unicorgan420|169|\n|l|\u2606unicorgan420\n|player|p1|\n|j|\u2606unicorgan420\n|player|p1|unicorgan420|169|\n",
  "uploadtime": 1776560812,
  "views": 18,
  "formatid": "gen9championsvgc2026regma",
  "rating": 1164,
  "private": 0,
  "password": null
}