{
  "id": "gen9championsvgc2026regma-2584419584",
  "format": "[Gen 9 Champions] VGC 2026 Reg M-A",
  "players": [
    "Zapdos79",
    "vlxs"
  ],
  "log": "|j|\u2606Zapdos79\n|j|\u2606vlxs\n|t:|1776259558\n|gametype|doubles\n|player|p1|Zapdos79|flannery|1142\n|player|p2|vlxs|volkner|1100\n|gen|9\n|tier|[Gen 9 Champions] VGC 2026 Reg M-A\n|rated|\n|rule|Species Clause: Limit one of each Pok\u00e9mon\n|rule|Item Clause: Limit 1 of each item\n|clearpoke\n|poke|p1|Tyranitar, L50, F|\n|poke|p1|Basculegion, L50, M|\n|poke|p1|Excadrill, L50, M|\n|poke|p1|Meganium, L50, F|\n|poke|p1|Farigiraf, L50, M|\n|poke|p1|Incineroar, L50, M|\n|poke|p2|Altaria, L50, F|\n|poke|p2|Farigiraf, L50, F|\n|poke|p2|Incineroar, L50, M|\n|poke|p2|Kingambit, L50, M|\n|poke|p2|Sneasler, L50, F|\n|poke|p2|Rotom-Wash, L50|\n|teampreview|4\n|inactive|Battle timer is ON: inactive players will automatically lose when time's up. (requested by vlxs)\n|\n|t:|1776259601\n|teamsize|p1|4\n|teamsize|p2|4\n|start\n|switch|p1a: Farigiraf|Farigiraf, L50, M|100/100\n|switch|p1b: Meganium|Meganium, L50, F|100/100\n|switch|p2a: Farigiraf|Farigiraf, L50, F|100/100\n|switch|p2b: Altaria|Altaria, L50, F|100/100\n|turn|1\n|\n|t:|1776259618\n|detailschange|p1b: Meganium|Meganium-Mega, L50, F\n|-mega|p1b: Meganium|Meganium|Meganiumite\n|detailschange|p2b: Altaria|Altaria-Mega, L50, F\n|-mega|p2b: Altaria|Altaria|Altarianite\n|move|p1b: Meganium|Solar Beam||[still]\n|-prepare|p1b: Meganium|Solar Beam\n|-activate|p1b: Meganium|ability: Mega Sol\n|-anim|p1b: Meganium|Solar Beam|p2a: Farigiraf\n|-damage|p2a: Farigiraf|37/100\n|move|p2b: Altaria|Hyper Voice|p1a: Farigiraf|[spread] p1a,p1b\n|-damage|p1a: Farigiraf|74/100\n|-damage|p1b: Meganium|62/100\n|move|p1a: Farigiraf|Thunder Wave|p2b: Altaria\n|-status|p2b: Altaria|par\n|move|p2a: Farigiraf|Trick Room|p2a: Farigiraf\n|-fieldstart|move: Trick Room|[of] p2a: Farigiraf\n|\n|upkeep\n|turn|2\n|inactive|Zapdos79 has 30 seconds left.\n|inactive|vlxs has 30 seconds left.\n|\n|t:|1776259646\n|switch|p1a: Tyranitar|Tyranitar, L50, F|100/100\n|-weather|Sandstorm|[from] ability: Sand Stream|[of] p1a: Tyranitar\n|move|p2a: Farigiraf|Helping Hand|p2b: Altaria\n|-singleturn|p2b: Altaria|Helping Hand|[of] p2a: Farigiraf\n|move|p2b: Altaria|Fire Blast|p1b: Meganium\n|-supereffective|p1b: Meganium|1\n|-damage|p1b: Meganium|0 fnt\n|faint|p1b: Meganium\n|\n|-weather|Sandstorm|[upkeep]\n|-damage|p2b: Altaria|94/100 par|[from] Sandstorm\n|-damage|p2a: Farigiraf|31/100|[from] Sandstorm\n|upkeep\n|\n|t:|1776259659\n|switch|p1b: Farigiraf|Farigiraf, L50, M|74/100\n|turn|3\n|\n|t:|1776259675\n|move|p2a: Farigiraf|Helping Hand|p2b: Altaria\n|-singleturn|p2b: Altaria|Helping Hand|[of] p2a: Farigiraf\n|move|p2b: Altaria|Hyper Voice|p1b: Farigiraf|[spread] p1a,p1b\n|-supereffective|p1a: Tyranitar|1\n|-damage|p1a: Tyranitar|18/100\n|-damage|p1b: Farigiraf|32/100\n|move|p1b: Farigiraf|Psychic|p2b: Altaria\n|-damage|p2b: Altaria|61/100 par\n|-unboost|p2b: Altaria|spd|1\n|move|p1a: Tyranitar|Rock Slide|p2b: Altaria|[spread] p2a,p2b\n|-damage|p2a: Farigiraf|2/100\n|-damage|p2b: Altaria|30/100 par\n|\n|-weather|Sandstorm|[upkeep]\n|-damage|p2b: Altaria|24/100 par|[from] Sandstorm\n|-damage|p2a: Farigiraf|0 fnt|[from] Sandstorm\n|-damage|p1b: Farigiraf|26/100|[from] Sandstorm\n|faint|p2a: Farigiraf\n|upkeep\n|\n|t:|1776259688\n|switch|p2a: Rotom|Rotom-Wash, L50|100/100\n|turn|4\n|\n|t:|1776259698\n|move|p1a: Tyranitar|Protect|p1a: Tyranitar\n|-singleturn|p1a: Tyranitar|Protect\n|move|p2b: Altaria|Hyper Voice|p1b: Farigiraf|[spread] p1b\n|-activate|p1a: Tyranitar|move: Protect\n|-damage|p1b: Farigiraf|0 fnt\n|faint|p1b: Farigiraf\n|move|p2a: Rotom|Hydro Pump|p1a: Tyranitar\n|-activate|p1a: Tyranitar|move: Protect\n|\n|-weather|Sandstorm|[upkeep]\n|-damage|p2b: Altaria|18/100 par|[from] Sandstorm\n|-damage|p2a: Rotom|95/100|[from] Sandstorm\n|-heal|p2a: Rotom|100/100|[from] item: Leftovers\n|upkeep\n|\n|t:|1776259706\n|switch|p1b: Excadrill|Excadrill, L50, M|100/100\n|turn|5\n|\n|t:|1776259713\n|move|p1a: Tyranitar|Protect||[still]\n|-fail|p1a: Tyranitar\n|move|p1b: Excadrill|Protect|p1b: Excadrill\n|-singleturn|p1b: Excadrill|Protect\n|move|p2b: Altaria|Hyper Voice|p1b: Excadrill|[spread] p1a\n|-activate|p1b: Excadrill|move: Protect\n|-supereffective|p1a: Tyranitar|1\n|-damage|p1a: Tyranitar|0 fnt\n|faint|p1a: Tyranitar\n|move|p2a: Rotom|Hydro Pump|p1b: Excadrill\n|-activate|p1b: Excadrill|move: Protect\n|\n|-weather|Sandstorm|[upkeep]\n|-damage|p2b: Altaria|11/100 par|[from] Sandstorm\n|-damage|p2a: Rotom|95/100|[from] Sandstorm\n|-heal|p2a: Rotom|100/100|[from] item: Leftovers\n|-fieldend|move: Trick Room\n|upkeep\n|turn|6\n|\n|t:|1776259725\n|move|p1b: Excadrill|Rock Slide|p2b: Altaria|[spread] p2a,p2b\n|-damage|p2a: Rotom|79/100\n|-damage|p2b: Altaria|0 fnt\n|faint|p2b: Altaria\n|cant|p2a: Rotom|flinch\n|\n|-weather|none\n|-heal|p2a: Rotom|85/100|[from] item: Leftovers\n|upkeep\n|\n|t:|1776259730\n|switch|p2b: Sneasler|Sneasler, L50, F|100/100\n|turn|7\n|\n|t:|1776259735\n|move|p1b: Excadrill|Protect|p1b: Excadrill\n|-singleturn|p1b: Excadrill|Protect\n|move|p2b: Sneasler|Close Combat|p1b: Excadrill\n|-activate|p1b: Excadrill|move: Protect\n|move|p2a: Rotom|Hydro Pump|p1b: Excadrill\n|-activate|p1b: Excadrill|move: Protect\n|\n|-heal|p2a: Rotom|91/100|[from] item: Leftovers\n|upkeep\n|turn|8\n|\n|t:|1776259742\n|move|p2b: Sneasler|Close Combat|p1b: Excadrill\n|-supereffective|p1b: Excadrill|1\n|-damage|p1b: Excadrill|0 fnt\n|-unboost|p2b: Sneasler|def|1\n|-unboost|p2b: Sneasler|spd|1\n|faint|p1b: Excadrill\n|\n|win|vlxs\n|raw|Zapdos79's rating: 1142 &rarr; <strong>1114</strong><br />(-28 for losing)\n|raw|vlxs's rating: 1100 &rarr; <strong>1128</strong><br />(+28 for winning)\n|c|\u2606Zapdos79|gg\n|c|\u2606vlxs|gg\n|l|\u2606vlxs\n|player|p2|\n",
  "uploadtime": 1776259753,
  "views": 20,
  "formatid": "gen9championsvgc2026regma",
  "rating": 1114,
  "private": 0,
  "password": null
}