{
  "id": "gen9championsvgc2026regma-2586676766",
  "format": "[Gen 9 Champions] VGC 2026 Reg M-A",
  "players": [
    "blog2",
    "ICE_Ricky23"
  ],
  "log": "|j|\u2606blog2\n|j|\u2606ICE_Ricky23\n|t:|1776451303\n|gametype|doubles\n|player|p1|blog2|265|1070\n|player|p2|ICE_Ricky23|2|1107\n|gen|9\n|tier|[Gen 9 Champions] VGC 2026 Reg M-A\n|rated|\n|rule|Species Clause: Limit one of each Pok\u00e9mon\n|rule|Item Clause: Limit 1 of each item\n|clearpoke\n|poke|p1|Dragonite, L50, F|\n|poke|p1|Sinistcha, L50|\n|poke|p1|Greninja-*, L50, F|\n|poke|p1|Whimsicott, L50, M|\n|poke|p1|Incineroar, L50, F|\n|poke|p1|Aegislash, L50, M|\n|poke|p2|Garchomp, L50, M|\n|poke|p2|Ninetales-Alola, L50, F|\n|poke|p2|Basculegion, L50, M|\n|poke|p2|Crabominable, L50, M|\n|poke|p2|Incineroar, L50, M|\n|poke|p2|Meowscarada, L50, F|\n|teampreview|4\nblog2 has agreed to open team sheets.\n|inactive|Battle timer is ON: inactive players will automatically lose when time's up. (requested by ICE_Ricky23)\n|inactive|blog2 also wants the timer to be on.\n|inactive|ICE_Ricky23 has 60 seconds left.\n|\n|t:|1776451405\n|teamsize|p1|4\n|teamsize|p2|4\n|start\n|switch|p1a: Whimsicott|Whimsicott, L50, M|100/100\n|switch|p1b: Greninja|Greninja, L50, F, shiny|100/100\n|switch|p2a: Meowscarada|Meowscarada, L50, F|100/100\n|switch|p2b: Crabominable|Crabominable, L50, M|100/100\n|turn|1\n|inactive|blog2 has 30 seconds left.\n|inactive|ICE_Ricky23 has 30 seconds left.\n|inactive|blog2 has 20 seconds left.\n|inactive|blog2 has 15 seconds left.\n|inactive|blog2 has 10 seconds left.\n|\n|t:|1776451454\n|move|p2b: Crabominable|Upper Hand||[still]\n|-fail|p2b: Crabominable\n|move|p1a: Whimsicott|Tailwind|p1a: Whimsicott\n|-sidestart|p1: blog2|move: Tailwind\n|move|p1b: Greninja|Icy Wind|p2a: Meowscarada|[spread] p2a,p2b\n|-start|p1b: Greninja|typechange|Ice|[from] ability: Protean\n|-supereffective|p2a: Meowscarada|1\n|-resisted|p2b: Crabominable|1\n|-damage|p2a: Meowscarada|45/100\n|-damage|p2b: Crabominable|87/100\n|-unboost|p2a: Meowscarada|spe|1\n|-unboost|p2b: Crabominable|spe|1\n|move|p2a: Meowscarada|Flower Trick|p2b: Crabominable\n|-start|p2a: Meowscarada|typechange|Grass|[from] ability: Protean\n|-crit|p2b: Crabominable\n|-damage|p2b: Crabominable|48/100\n|-setboost|p2b: Crabominable|atk|6|[from] ability: Anger Point\n|\n|upkeep\n|turn|2\n|inactive|ICE_Ricky23 has 30 seconds left.\n|\n|t:|1776451489\n|switch|p2a: Ninetales|Ninetales-Alola, L50, F|100/100\n|-weather|Snowscape|[from] ability: Snow Warning|[of] p2a: Ninetales\n|detailschange|p2b: Crabominable|Crabominable-Mega, L50, M\n|-mega|p2b: Crabominable|Crabominable|Crabominite\n|move|p2b: Crabominable|Mach Punch|p1b: Greninja\n|-supereffective|p1b: Greninja|1\n|-damage|p1b: Greninja|0 fnt\n|faint|p1b: Greninja\n|move|p1a: Whimsicott|Moonblast|p2b: Crabominable\n|-supereffective|p2b: Crabominable|1\n|-damage|p2b: Crabominable|0 fnt\n|faint|p2b: Crabominable\n|\n|-weather|Snowscape|[upkeep]\n|upkeep\n|c|\u2606ICE_Ricky23|lol\n|inactive|ICE_Ricky23 has 30 seconds left.\n|c|\u2606blog2|Nice trade. lol\n|inactive|ICE_Ricky23 has 20 seconds left.\n|inactive|ICE_Ricky23 has 15 seconds left.\n|c|\u2606ICE_Ricky23|noo ;D\n|\n|t:|1776451532\n|switch|p1b: Aegislash|Aegislash, L50, M|100/100\n|switch|p2b: Meowscarada|Meowscarada, L50, F|45/100\n|turn|3\n|\n|t:|1776451553\n|move|p1a: Whimsicott|Moonblast|p2b: Meowscarada\n|-supereffective|p2b: Meowscarada|1\n|-damage|p2b: Meowscarada|0 fnt\n|faint|p2b: Meowscarada\n|move|p2a: Ninetales|Aurora Veil|p2a: Ninetales\n|-sidestart|p2: ICE_Ricky23|move: Aurora Veil\n|move|p1b: Aegislash|Swords Dance|p1b: Aegislash\n|-boost|p1b: Aegislash|atk|2\n|\n|-weather|Snowscape|[upkeep]\n|upkeep\n|\n|t:|1776451560\n|switch|p2b: Garchomp|Garchomp, L50, M|100/100\n|turn|4\n|inactive|ICE_Ricky23 has 30 seconds left.\n|\n|t:|1776451586\n|move|p1b: Aegislash|King's Shield|p1b: Aegislash\n|-singleturn|p1b: Aegislash|Protect\n|move|p1a: Whimsicott|Encore|p2a: Ninetales\n|-start|p2a: Ninetales|Encore\n|move|p2a: Ninetales|Aurora Veil||[still]\n|-fail|p2a: Ninetales\n|move|p2b: Garchomp|Earthquake|p1a: Whimsicott|[spread] p2a,p1a\n|-activate|p1b: Aegislash|move: Protect\n|-resisted|p1a: Whimsicott|1\n|-damage|p2a: Ninetales|80/100\n|-damage|p1a: Whimsicott|77/100\n|\n|-weather|Snowscape|[upkeep]\n|-sideend|p1: blog2|move: Tailwind\n|upkeep\n|turn|5\n|inactive|blog2 has 30 seconds left.\n|\n|t:|1776451619\n|move|p1a: Whimsicott|Tailwind|p1a: Whimsicott\n|-sidestart|p1: blog2|move: Tailwind\n|move|p2a: Ninetales|Aurora Veil||[still]\n|-fail|p2a: Ninetales\n|-formechange|p1b: Aegislash|Aegislash-Blade|\n|move|p1b: Aegislash|Sacred Sword|p2b: Garchomp\n|-damage|p2b: Garchomp|62/100\n|-damage|p1b: Aegislash|89/100|[from] ability: Rough Skin|[of] p2b: Garchomp\n|move|p2b: Garchomp|Earthquake|p1a: Whimsicott|[spread] p2a,p1a,p1b\n|-resisted|p1a: Whimsicott|1\n|-supereffective|p1b: Aegislash|1\n|-damage|p2a: Ninetales|58/100\n|-damage|p1a: Whimsicott|52/100\n|-damage|p1b: Aegislash|0 fnt\n|faint|p1b: Aegislash\n|\n|-weather|Snowscape|[upkeep]\n|upkeep\n|\n|t:|1776451621\n|switch|p1b: Dragonite|Dragonite, L50, F|100/100\n|turn|6\n|\n|t:|1776451645\n|detailschange|p1b: Dragonite|Dragonite-Mega, L50, F\n|-mega|p1b: Dragonite|Dragonite|Dragoninite\n|move|p1a: Whimsicott|Moonblast|p2b: Garchomp\n|-supereffective|p2b: Garchomp|1\n|-damage|p2b: Garchomp|15/100\n|move|p1b: Dragonite|Flamethrower|p2a: Ninetales\n|-supereffective|p2a: Ninetales|1\n|-damage|p2a: Ninetales|5/100\n|move|p2a: Ninetales|Aurora Veil||[still]\n|-fail|p2a: Ninetales\n|move|p2b: Garchomp|Earthquake|p1a: Whimsicott|[spread] p2a,p1a\n|-immune|p1b: Dragonite\n|-resisted|p1a: Whimsicott|1\n|-damage|p2a: Ninetales|0 fnt\n|-damage|p1a: Whimsicott|27/100\n|faint|p2a: Ninetales\n|\n|-weather|none\n|upkeep\n|turn|7\n|\n|t:|1776451660\n|move|p1a: Whimsicott|Moonblast|p2b: Garchomp\n|-supereffective|p2b: Garchomp|1\n|-damage|p2b: Garchomp|0 fnt\n|faint|p2b: Garchomp\n|\n|win|blog2\n|raw|blog2's rating: 1070 &rarr; <strong>1097</strong><br />(+27 for winning)\n|raw|ICE_Ricky23's rating: 1044 &rarr; <strong>1029</strong><br />(-15 for losing)\n|c|\u2606blog2|gg\n|l|\u2606ICE_Ricky23\n|player|p2|\n",
  "uploadtime": 1776451665,
  "views": 26,
  "formatid": "gen9championsvgc2026regma",
  "rating": 1029,
  "private": 0,
  "password": null
}