{
  "id": "gen9championsvgc2026regma-2588407002",
  "format": "[Gen 9 Champions] VGC 2026 Reg M-A",
  "players": [
    "Gallon of poo",
    "sdlt 2krl coolguy"
  ],
  "log": "|raw|<div class=\"broadcast-blue\"><strong>This battle is required to be public due to a player having a name starting with 'sdlt'.</div>\n|j|\u2606Gallon of poo\n|j|\u2606sdlt 2krl coolguy\n|t:|1776630902\n|gametype|doubles\n|player|p1|Gallon of poo|ghetsis|1349\n|player|p2|sdlt 2krl coolguy|leon-masters2|1387\n|gen|9\n|tier|[Gen 9 Champions] VGC 2026 Reg M-A\n|rated|\n|rule|Species Clause: Limit one of each Pok\u00e9mon\n|rule|Item Clause: Limit 1 of each item\n|clearpoke\n|poke|p1|Beedrill, L50, F|\n|poke|p1|Aerodactyl, L50, F|\n|poke|p1|Sneasler, L50, F|\n|poke|p1|Volcarona, L50, M|\n|poke|p1|Milotic, L50, M|\n|poke|p1|Meganium, L50, M, shiny|\n|poke|p2|Floette-Eternal, L50, F|\n|poke|p2|Incineroar, L50, M|\n|poke|p2|Sinistcha, L50|\n|poke|p2|Garchomp, L50, F|\n|poke|p2|Sneasler, L50, M|\n|poke|p2|Kingambit, L50, F|\n|teampreview|4\n|inactive|Battle timer is ON: inactive players will automatically lose when time's up. (requested by sdlt 2krl coolguy)\n|\n|t:|1776630930\n|teamsize|p1|4\n|teamsize|p2|4\n|start\n|switch|p1a: Crypdomin|Aerodactyl, L50, F|100/100\n|switch|p1b: Sneasler|Sneasler, L50, F|100/100\n|switch|p2a: Sinistcha|Sinistcha, L50|100/100\n|switch|p2b: Garchomp|Garchomp, L50, F|100/100\n|-ability|p1a: Crypdomin|Unnerve\n|turn|1\n|\n|t:|1776630940\n|move|p1a: Crypdomin|Dual Wingbeat|p2a: Sinistcha\n|-supereffective|p2a: Sinistcha|1\n|-damage|p2a: Sinistcha|67/100\n|-supereffective|p2a: Sinistcha|1\n|-damage|p2a: Sinistcha|33/100\n|-hitcount|p2a: Sinistcha|2\n|move|p1b: Sneasler|Dire Claw|p2a: Sinistcha\n|-damage|p2a: Sinistcha|0 fnt\n|faint|p2a: Sinistcha\n|move|p2b: Garchomp|Rock Slide|p1b: Sneasler|[spread] p1a\n|-miss|p2b: Garchomp|p1b: Sneasler\n|-supereffective|p1a: Crypdomin|1\n|-damage|p1a: Crypdomin|37/100\n|\n|upkeep\n|\n|t:|1776630954\n|switch|p2a: Sneasler|Sneasler, L50, M|100/100\n|turn|2\n|\n|t:|1776630964\n|move|p1a: Crypdomin|Protect|p1a: Crypdomin\n|-singleturn|p1a: Crypdomin|Protect\n|move|p1b: Sneasler|Protect|p1b: Sneasler\n|-singleturn|p1b: Sneasler|Protect\n|move|p2a: Sneasler|Fake Out|p1a: Crypdomin\n|-activate|p1a: Crypdomin|move: Protect\n|move|p2b: Garchomp|Stomping Tantrum|p1b: Sneasler\n|-activate|p1b: Sneasler|move: Protect\n|\n|upkeep\n|turn|3\n|\n|t:|1776630973\n|switch|p2a: Incineroar|Incineroar, L50, M|100/100\n|-ability|p2a: Incineroar|Intimidate|boost\n|-unboost|p1a: Crypdomin|atk|1\n|-unboost|p1b: Sneasler|atk|1\n|-enditem|p1b: Sneasler|White Herb\n|-clearnegativeboost|p1b: Sneasler|[silent]\n|move|p1b: Sneasler|Close Combat|p2b: Garchomp\n|-damage|p2b: Garchomp|32/100\n|-unboost|p1b: Sneasler|def|1\n|-unboost|p1b: Sneasler|spd|1\n|-damage|p1b: Sneasler|88/100|[from] ability: Rough Skin|[of] p2b: Garchomp\n|move|p1a: Crypdomin|Tailwind|p1a: Crypdomin\n|-sidestart|p1: Gallon of poo|move: Tailwind\n|move|p2b: Garchomp|Stomping Tantrum|p1b: Sneasler\n|-supereffective|p1b: Sneasler|1\n|-damage|p1b: Sneasler|0 fnt\n|faint|p1b: Sneasler\n|\n|upkeep\n|\n|t:|1776630979\n|switch|p1b: Noodle|Milotic, L50, M|100/100\n|turn|4\n|\n|t:|1776630996\n|switch|p1a: Littlefoot|Meganium, L50, M, shiny|100/100\n|move|p2a: Incineroar|Fake Out|p1a: Littlefoot\n|-damage|p1a: Littlefoot|89/100\n|move|p1b: Noodle|Scald|p2a: Incineroar\n|-supereffective|p2a: Incineroar|1\n|-damage|p2a: Incineroar|43/100\n|move|p2b: Garchomp|Rock Slide|p1a: Littlefoot|[spread] p1a,p1b\n|-damage|p1a: Littlefoot|71/100\n|-damage|p1b: Noodle|83/100\n|\n|upkeep\n|turn|5\n|\n|t:|1776631009\n|detailschange|p1a: Littlefoot|Meganium-Mega, L50, M, shiny\n|-mega|p1a: Littlefoot|Meganium|Meganiumite\n|move|p2b: Garchomp|Protect|p2b: Garchomp\n|-singleturn|p2b: Garchomp|Protect\n|move|p1b: Noodle|Scald|p2a: Incineroar\n|-supereffective|p2a: Incineroar|1\n|-damage|p2a: Incineroar|0 fnt\n|faint|p2a: Incineroar\n|move|p1a: Littlefoot|Dazzling Gleam|p2b: Garchomp\n|-activate|p2b: Garchomp|move: Protect\n|\n|upkeep\n|\n|t:|1776631015\n|switch|p2a: Sneasler|Sneasler, L50, M|100/100\n|turn|6\n|\n|t:|1776631023\n|move|p2a: Sneasler|Protect|p2a: Sneasler\n|-singleturn|p2a: Sneasler|Protect\n|move|p2b: Garchomp|Protect||[still]\n|-fail|p2b: Garchomp\n|move|p1b: Noodle|Scald|p2b: Garchomp\n|-damage|p2b: Garchomp|0 fnt\n|faint|p2b: Garchomp\n|move|p1a: Littlefoot|Weather Ball|p2a: Sneasler\n|-activate|p2a: Sneasler|move: Protect\n|\n|-sideend|p1: Gallon of poo|move: Tailwind\n|upkeep\n|turn|7\n|\n|t:|1776631028\n|move|p1a: Littlefoot|Protect|p1a: Littlefoot\n|-singleturn|p1a: Littlefoot|Protect\n|move|p2a: Sneasler|Dire Claw|p1a: Littlefoot\n|-activate|p1a: Littlefoot|move: Protect\n|move|p1b: Noodle|Scald|p2a: Sneasler\n|-damage|p2a: Sneasler|57/100\n|\n|upkeep\n|turn|8\n|\n|t:|1776631039\n|move|p2a: Sneasler|Dire Claw|p1a: Littlefoot\n|-supereffective|p1a: Littlefoot|2\n|-damage|p1a: Littlefoot|0 fnt\n|faint|p1a: Littlefoot\n|move|p1b: Noodle|Scald|p2a: Sneasler\n|-crit|p2a: Sneasler\n|-damage|p2a: Sneasler|0 fnt\n|faint|p2a: Sneasler\n|\n|win|Gallon of poo\n|raw|Gallon of poo's rating: 1349 &rarr; <strong>1371</strong><br />(+22 for winning)\n|raw|sdlt 2krl coolguy's rating: 1387 &rarr; <strong>1365</strong><br />(-22 for losing)\n",
  "uploadtime": 1776631039,
  "views": 13,
  "formatid": "gen9championsvgc2026regma",
  "rating": 1365,
  "private": 0,
  "password": null
}