{
  "id": "gen9championsvgc2026regma-2589447187",
  "format": "[Gen 9 Champions] VGC 2026 Reg M-A",
  "players": [
    "sgafas",
    "NoomNoom1235"
  ],
  "log": "|j|\u2606sgafas\n|j|\u2606NoomNoom1235\n|t:|1776723740\n|gametype|doubles\n|player|p1|sgafas|hilbert-wonderlauncher|1106\n|player|p2|NoomNoom1235|265|1061\n|gen|9\n|tier|[Gen 9 Champions] VGC 2026 Reg M-A\n|rated|\n|rule|Species Clause: Limit one of each Pok\u00e9mon\n|rule|Item Clause: Limit 1 of each item\n|clearpoke\n|poke|p1|Tyranitar, L50, M|\n|poke|p1|Garchomp, L50, M|\n|poke|p1|Sinistcha, L50|\n|poke|p1|Incineroar, L50, M|\n|poke|p1|Corviknight, L50, F|\n|poke|p1|Rotom-Wash, L50|\n|poke|p2|Sinistcha-Masterpiece, L50|\n|poke|p2|Drampa, L50, M|\n|poke|p2|Primarina, L50, F|\n|poke|p2|Torkoal, L50, M|\n|poke|p2|Sneasler, L50, F|\n|poke|p2|Aegislash, L50, M|\n|teampreview|4\nsgafas has agreed to open team sheets.\n|inactive|Battle timer is ON: inactive players will automatically lose when time's up. (requested by sgafas)\n|\n|t:|1776723757\n|teamsize|p1|4\n|teamsize|p2|4\n|start\n|switch|p1a: Incineroar|Incineroar, L50, M|100/100\n|switch|p1b: Tyranitar|Tyranitar, L50, M|100/100\n|switch|p2a: Seal|Primarina, L50, F|100/100\n|switch|p2b: Sword&Shield|Aegislash, L50, M|100/100\n|-weather|Sandstorm|[from] ability: Sand Stream|[of] p1b: Tyranitar\n|-ability|p1a: Incineroar|Intimidate|boost\n|-unboost|p2a: Seal|atk|1\n|-unboost|p2b: Sword&Shield|atk|1\n|turn|1\n|\n|t:|1776723779\n|switch|p1b: Rotom|Rotom-Wash, L50|100/100\n|move|p2b: Sword&Shield|King's Shield|p2b: Sword&Shield\n|-singleturn|p2b: Sword&Shield|Protect\n|move|p1a: Incineroar|Fake Out|p2a: Seal\n|-damage|p2a: Seal|85/100\n|cant|p2a: Seal|flinch\n|\n|-weather|Sandstorm|[upkeep]\n|-damage|p1b: Rotom|94/100|[from] Sandstorm\n|-damage|p2a: Seal|79/100|[from] Sandstorm\n|-damage|p1a: Incineroar|95/100|[from] Sandstorm\n|-heal|p2a: Seal|85/100|[from] item: Leftovers\n|upkeep\n|turn|2\n|\n|t:|1776723794\n|-formechange|p2b: Sword&Shield|Aegislash-Blade|\n|move|p2b: Sword&Shield|Sacred Sword|p1a: Incineroar\n|-supereffective|p1a: Incineroar|1\n|-damage|p1a: Incineroar|60/100\n|move|p1b: Rotom|Electroweb|p2b: Sword&Shield|[spread] p2a,p2b\n|-supereffective|p2a: Seal|1\n|-damage|p2a: Seal|58/100\n|-damage|p2b: Sword&Shield|68/100\n|-unboost|p2a: Seal|spe|1\n|-unboost|p2b: Sword&Shield|spe|1\n|move|p1a: Incineroar|Parting Shot|p2b: Sword&Shield\n|-unboost|p2b: Sword&Shield|atk|1\n|-unboost|p2b: Sword&Shield|spa|1\n|\n|t:|1776723806\n|switch|p1a: Garchomp|Garchomp, L50, M|100/100|[from] Parting Shot\n|move|p2a: Seal|Calm Mind|p2a: Seal\n|-boost|p2a: Seal|spa|1\n|-boost|p2a: Seal|spd|1\n|\n|-weather|Sandstorm|[upkeep]\n|-damage|p1b: Rotom|88/100|[from] Sandstorm\n|-damage|p2a: Seal|52/100|[from] Sandstorm\n|-heal|p2a: Seal|58/100|[from] item: Leftovers\n|upkeep\n|turn|3\n|\n|t:|1776723818\n|move|p1a: Garchomp|Earthquake|p2b: Sword&Shield|[spread] p2a,p2b\n|-immune|p1b: Rotom|[from] ability: Levitate\n|-supereffective|p2b: Sword&Shield|1\n|-damage|p2a: Seal|15/100\n|-damage|p2b: Sword&Shield|0 fnt\n|faint|p2b: Sword&Shield\n|move|p1b: Rotom|Volt Switch|p2a: Seal\n|-supereffective|p2a: Seal|1\n|-damage|p2a: Seal|0 fnt\n|faint|p2a: Seal\n|\n|t:|1776723827\n|switch|p1b: Incineroar|Incineroar, L50, M|60/100|[from] Volt Switch\n|\n|-weather|Sandstorm|[upkeep]\n|-damage|p1b: Incineroar|54/100|[from] Sandstorm\n|upkeep\n|\n|t:|1776723829\n|switch|p2b: Kneasler|Sneasler, L50, F|100/100\n|switch|p2a: Tea|Sinistcha-Masterpiece, L50|100/100\n|turn|4\n|\n|t:|1776723853\n|move|p2b: Kneasler|Fake Out|p1a: Garchomp\n|-damage|p1a: Garchomp|84/100\n|cant|p1a: Garchomp|flinch\n|move|p2a: Tea|Matcha Gotcha|p1b: Incineroar|[spread] p1a,p1b\n|-resisted|p1b: Incineroar|1\n|-damage|p1a: Garchomp|48/100\n|-damage|p1b: Incineroar|38/100\n|-enditem|p1b: Incineroar|Sitrus Berry|[eat]\n|-heal|p1b: Incineroar|63/100|[from] item: Sitrus Berry\n|move|p1b: Incineroar|Flare Blitz|p2a: Tea\n|-supereffective|p2a: Tea|1\n|-damage|p2a: Tea|0 fnt\n|faint|p2a: Tea\n|-damage|p1b: Incineroar|36/100|[from] Recoil\n|\n|-weather|Sandstorm|[upkeep]\n|-damage|p2b: Kneasler|95/100|[from] Sandstorm\n|-damage|p1b: Incineroar|30/100|[from] Sandstorm\n|upkeep\n|turn|5\n|\n|t:|1776723877\n|switch|p1b: Rotom|Rotom-Wash, L50|88/100\n|move|p2b: Kneasler|Rock Slide|p1b: Rotom|[spread] \n|-miss|p2b: Kneasler|p1a: Garchomp\n|-miss|p2b: Kneasler|p1b: Rotom\n|move|p1a: Garchomp|Earthquake|p2b: Kneasler|[spread] p2b\n|-immune|p1b: Rotom|[from] ability: Levitate\n|-supereffective|p2b: Kneasler|1\n|-damage|p2b: Kneasler|0 fnt\n|faint|p2b: Kneasler\n|\n|win|sgafas\n|raw|sgafas's rating: 1106 &rarr; <strong>1128</strong><br />(+22 for winning)\n|raw|NoomNoom1235's rating: 1061 &rarr; <strong>1044</strong><br />(-17 for losing)\n",
  "uploadtime": 1776723886,
  "views": 4,
  "formatid": "gen9championsvgc2026regma",
  "rating": 1044,
  "private": 0,
  "password": null
}