{
  "id": "gen9championsvgc2026regma-2582789787",
  "format": "[Gen 9 Champions] VGC 2026 Reg M-A",
  "players": [
    "megalodonFRA",
    "kevintoodlepoot"
  ],
  "log": "|j|\u203dmegalodonFRA\n|j|\u2606kevintoodlepoot\n|t:|1776114295\n|gametype|doubles\n|player|p1|megalodonFRA|cynthia|1195\n|player|p2|kevintoodlepoot|169|1178\n|gen|9\n|tier|[Gen 9 Champions] VGC 2026 Reg M-A\n|rated|\n|rule|Species Clause: Limit one of each Pok\u00e9mon\n|rule|Item Clause: Limit 1 of each item\n|clearpoke\n|poke|p1|Incineroar, L50, M|\n|poke|p1|Charizard, L50, F|\n|poke|p1|Venusaur, L50, F|\n|poke|p1|Garchomp, L50, F|\n|poke|p1|Rotom-Wash, L50|\n|poke|p1|Sneasler, L50, M|\n|poke|p2|Pikachu, L50, F|\n|poke|p2|Blastoise, L50, M|\n|poke|p2|Talonflame, L50, F|\n|poke|p2|Garchomp, L50, M|\n|poke|p2|Gardevoir, L50, F|\n|poke|p2|Incineroar, L50, M|\n|teampreview|4\n|inactive|Battle timer is ON: inactive players will automatically lose when time's up. (requested by megalodonFRA)\n|\n|t:|1776114327\n|teamsize|p1|4\n|teamsize|p2|4\n|start\n|switch|p1a: Sneasler|Sneasler, L50, M|100/100\n|switch|p1b: Incineroar|Incineroar, L50, M, shiny|100/100\n|switch|p2a: Talonflame|Talonflame, L50, F|100/100\n|switch|p2b: Garchomp|Garchomp, L50, M|100/100\n|-ability|p1b: Incineroar|Intimidate|boost\n|-unboost|p2a: Talonflame|atk|1\n|-unboost|p2b: Garchomp|atk|1\n|turn|1\n|inactive|megalodonFRA has 30 seconds left.\n|\n|t:|1776114361\n|move|p2a: Talonflame|Protect|p2a: Talonflame\n|-singleturn|p2a: Talonflame|Protect\n|move|p1b: Incineroar|Fake Out|p2a: Talonflame\n|-activate|p2a: Talonflame|move: Protect\n|move|p1a: Sneasler|Close Combat|p2b: Garchomp\n|-damage|p2b: Garchomp|39/100\n|-unboost|p1a: Sneasler|def|1\n|-unboost|p1a: Sneasler|spd|1\n|-damage|p1a: Sneasler|88/100|[from] ability: Rough Skin|[of] p2b: Garchomp\n|-enditem|p1a: Sneasler|White Herb\n|-clearnegativeboost|p1a: Sneasler|[silent]\n|move|p2b: Garchomp|Rock Slide|p1b: Incineroar|[spread] p1a,p1b\n|-resisted|p1a: Sneasler|1\n|-supereffective|p1b: Incineroar|1\n|-damage|p1a: Sneasler|77/100\n|-damage|p1b: Incineroar|74/100\n|\n|upkeep\n|turn|2\n|inactive|megalodonFRA has 30 seconds left.\n|inactive|megalodonFRA has 20 seconds left.\n|inactive|megalodonFRA has 15 seconds left.\n|\n|t:|1776114402\n|switch|p1a: Venusaur|Venusaur, L50, F|100/100\n|move|p2a: Talonflame|Dual Wingbeat|p1a: Venusaur\n|-supereffective|p1a: Venusaur|1\n|-damage|p1a: Venusaur|66/100\n|-supereffective|p1a: Venusaur|1\n|-damage|p1a: Venusaur|34/100\n|-hitcount|p1a: Venusaur|2\n|move|p2b: Garchomp|Stomping Tantrum|p1b: Incineroar\n|-supereffective|p1b: Incineroar|1\n|-damage|p1b: Incineroar|23/100\n|-enditem|p1b: Incineroar|Sitrus Berry|[eat]\n|-heal|p1b: Incineroar|48/100|[from] item: Sitrus Berry\n|move|p1b: Incineroar|Darkest Lariat|p2a: Talonflame\n|-damage|p2a: Talonflame|27/100\n|\n|upkeep\n|turn|3\n|inactive|kevintoodlepoot has 30 seconds left.\n|\n|t:|1776114431\n|switch|p2b: Gardevoir|Gardevoir, L50, F|100/100\n|move|p1a: Venusaur|Protect|p1a: Venusaur\n|-singleturn|p1a: Venusaur|Protect\n|move|p2a: Talonflame|Tailwind|p2a: Talonflame\n|-sidestart|p2: kevintoodlepoot|move: Tailwind\n|move|p1b: Incineroar|Parting Shot|p2b: Gardevoir\n|-unboost|p2b: Gardevoir|atk|1\n|-unboost|p2b: Gardevoir|spa|1\n|\n|t:|1776114443\n|switch|p1b: Sneasler|Sneasler, L50, M|77/100|[from] Parting Shot\n|\n|upkeep\n|turn|4\n|\n|t:|1776114465\n|switch|p2b: Garchomp|Garchomp, L50, M|39/100\n|switch|p1a: Incineroar|Incineroar, L50, M, shiny|48/100\n|-ability|p1a: Incineroar|Intimidate|boost\n|-unboost|p2a: Talonflame|atk|1\n|-unboost|p2b: Garchomp|atk|1\n|move|p2a: Talonflame|Protect|p2a: Talonflame\n|-singleturn|p2a: Talonflame|Protect\n|move|p1b: Sneasler|Fake Out|p2b: Garchomp\n|-damage|p2b: Garchomp|25/100\n|-damage|p1b: Sneasler|64/100|[from] ability: Rough Skin|[of] p2b: Garchomp\n|\n|upkeep\n|turn|5\n|inactive|megalodonFRA has 30 seconds left.\n|inactive|megalodonFRA has 20 seconds left.\n|\n|t:|1776114502\n|switch|p2a: Incineroar|Incineroar, L50, M|100/100\n|-ability|p2a: Incineroar|Intimidate|boost\n|-unboost|p1a: Incineroar|atk|1\n|-unboost|p1b: Sneasler|atk|1\n|switch|p1b: Venusaur|Venusaur, L50, F|34/100\n|move|p1a: Incineroar|Fake Out|p2b: Garchomp\n|-damage|p2b: Garchomp|15/100\n|-damage|p1a: Incineroar|36/100|[from] ability: Rough Skin|[of] p2b: Garchomp\n|cant|p2b: Garchomp|flinch\n|\n|upkeep\n|turn|6\n|inactive|megalodonFRA has 30 seconds left.\n|inactive|kevintoodlepoot has 30 seconds left.\n|inactive|megalodonFRA has 20 seconds left.\n|inactive|kevintoodlepoot has 20 seconds left.\n|\n|t:|1776114539\n|move|p2b: Garchomp|Rock Slide|p1a: Incineroar|[spread] p1a,p1b\n|-supereffective|p1a: Incineroar|1\n|-damage|p1a: Incineroar|9/100\n|-damage|p1b: Venusaur|15/100\n|move|p2a: Incineroar|Flare Blitz|p1a: Incineroar\n|-resisted|p1a: Incineroar|1\n|-damage|p1a: Incineroar|0 fnt\n|faint|p1a: Incineroar\n|-damage|p2a: Incineroar|97/100|[from] Recoil\n|move|p1b: Venusaur|Sleep Powder|p2a: Incineroar\n|-status|p2a: Incineroar|slp|[from] move: Sleep Powder\n|\n|-sideend|p2: kevintoodlepoot|move: Tailwind\n|upkeep\n|\n|t:|1776114562\n|switch|p1a: Sneasler|Sneasler, L50, M|64/100\n|turn|7\n|inactive|megalodonFRA has 30 seconds left.\n|\n|t:|1776114602\n|move|p1a: Sneasler|Dire Claw|p2b: Garchomp\n|-resisted|p2b: Garchomp|1\n|-damage|p2b: Garchomp|0 fnt\n|-damage|p1a: Sneasler|52/100|[from] ability: Rough Skin|[of] p2b: Garchomp\n|faint|p2b: Garchomp\n|move|p1b: Venusaur|Sludge Bomb|p2a: Incineroar\n|-damage|p2a: Incineroar|67/100 slp\n|cant|p2a: Incineroar|slp\n|\n|upkeep\n|\n|t:|1776114614\n|switch|p2b: Talonflame|Talonflame, L50, F|27/100\n|turn|8\n|\n|t:|1776114624\n|move|p1a: Sneasler|Close Combat|p2a: Incineroar\n|-supereffective|p2a: Incineroar|1\n|-damage|p2a: Incineroar|0 fnt\n|-unboost|p1a: Sneasler|def|1\n|-unboost|p1a: Sneasler|spd|1\n|faint|p2a: Incineroar\n|move|p2b: Talonflame|Tailwind|p2b: Talonflame\n|-sidestart|p2: kevintoodlepoot|move: Tailwind\n|move|p1b: Venusaur|Sludge Bomb|p2b: Talonflame\n|-damage|p2b: Talonflame|0 fnt\n|faint|p2b: Talonflame\n|\n|upkeep\n|\n|t:|1776114628\n|switch|p2b: Gardevoir|Gardevoir, L50, F|100/100\n|turn|9\n|\n|t:|1776114648\n|switch|p1a: Charizard|Charizard, L50, F, shiny|100/100\n|detailschange|p2b: Gardevoir|Gardevoir-Mega, L50, F\n|-mega|p2b: Gardevoir|Gardevoir|Gardevoirite\n|move|p2b: Gardevoir|Hyper Voice|p1a: Charizard|[spread] p1a,p1b\n|-resisted|p1a: Charizard|1\n|-resisted|p1b: Venusaur|1\n|-damage|p1a: Charizard|70/100\n|-damage|p1b: Venusaur|0 fnt\n|faint|p1b: Venusaur\n|\n|upkeep\n|\n|t:|1776114654\n|switch|p1b: Sneasler|Sneasler, L50, M|52/100\n|turn|10\n|\n|t:|1776114663\n|detailschange|p1a: Charizard|Charizard-Mega-Y, L50, F, shiny\n|-mega|p1a: Charizard|Charizard|Charizardite Y\n|-weather|SunnyDay|[from] ability: Drought|[of] p1a: Charizard\n|move|p2b: Gardevoir|Protect|p2b: Gardevoir\n|-singleturn|p2b: Gardevoir|Protect\n|move|p1b: Sneasler|Fake Out|p2b: Gardevoir\n|-activate|p2b: Gardevoir|move: Protect\n|move|p1a: Charizard|Weather Ball|p2b: Gardevoir\n|-activate|p2b: Gardevoir|move: Protect\n|\n|-weather|SunnyDay|[upkeep]\n|upkeep\n|turn|11\n|\n|t:|1776114681\n|move|p2b: Gardevoir|Psyshock|p1a: Charizard\n|-damage|p1a: Charizard|0 fnt\n|faint|p1a: Charizard\n|move|p1b: Sneasler|Dire Claw|p2b: Gardevoir\n|-supereffective|p2b: Gardevoir|1\n|-damage|p2b: Gardevoir|0 fnt\n|faint|p2b: Gardevoir\n|\n|win|megalodonFRA\n|raw|megalodonFRA's rating: 1195 &rarr; <strong>1219</strong><br />(+24 for winning)\n|raw|kevintoodlepoot's rating: 1178 &rarr; <strong>1154</strong><br />(-24 for losing)\n",
  "uploadtime": 1776114701,
  "views": 16,
  "formatid": "gen9championsvgc2026regma",
  "rating": 1154,
  "private": 0,
  "password": null
}