{
  "id": "gen9championsvgc2026regma-2584592800",
  "format": "[Gen 9 Champions] VGC 2026 Reg M-A",
  "players": [
    "nmxz",
    "RaSaTan"
  ],
  "log": "|j|\u2606nmxz\n|j|\u2606RaSaTan\n|t:|1776270860\n|gametype|doubles\n|player|p1|nmxz|acetrainerf|1258\n|player|p2|RaSaTan|grimsley|1172\n|gen|9\n|tier|[Gen 9 Champions] VGC 2026 Reg M-A\n|rated|\n|rule|Species Clause: Limit one of each Pok\u00e9mon\n|rule|Item Clause: Limit 1 of each item\n|clearpoke\n|poke|p1|Tyranitar, L50, F|\n|poke|p1|Sneasler, L50, M|\n|poke|p1|Rotom-Wash, L50|\n|poke|p1|Farigiraf, L50, F|\n|poke|p1|Empoleon, L50, F|\n|poke|p1|Excadrill, L50, F|\n|poke|p2|Gengar, L50, M|\n|poke|p2|Bastiodon, L50, M|\n|poke|p2|Maushold-Four, L50|\n|poke|p2|Incineroar, L50, M|\n|poke|p2|Sinistcha, L50|\n|poke|p2|Clefable, L50, M|\n|teampreview|4\n|inactive|Battle timer is ON: inactive players will automatically lose when time's up. (requested by RaSaTan)\n|inactive|nmxz has 60 seconds left.\n|\n|t:|1776270909\n|teamsize|p1|4\n|teamsize|p2|4\n|start\n|switch|p1a: Empoleon|Empoleon, L50, F|100/100\n|switch|p1b: Rotom|Rotom-Wash, L50|100/100\n|switch|p2a: Gengar|Gengar, L50, M, shiny|100/100\n|switch|p2b: Incineroar|Incineroar, L50, M|100/100\n|-ability|p2b: Incineroar|Intimidate|boost\n|-unboost|p1a: Empoleon|atk|1\n|-ability|p1a: Empoleon|Competitive|boost\n|-boost|p1a: Empoleon|spa|2\n|-unboost|p1b: Rotom|atk|1\n|turn|1\n|inactive|nmxz has 30 seconds left.\n|inactive|nmxz has 20 seconds left.\n|inactive|nmxz has 15 seconds left.\n|\n|t:|1776270952\n|detailschange|p2a: Gengar|Gengar-Mega, L50, M, shiny\n|-mega|p2a: Gengar|Gengar|Gengarite\n|move|p2b: Incineroar|Fake Out|p1a: Empoleon\n|-resisted|p1a: Empoleon|1\n|-damage|p1a: Empoleon|95/100\n|move|p1b: Rotom|Hydro Pump|p2b: Incineroar\n|-supereffective|p2b: Incineroar|1\n|-damage|p2b: Incineroar|19/100\n|move|p2a: Gengar|Perish Song|p2a: Gengar\n|-start|p1a: Empoleon|perish3|[silent]\n|-start|p1b: Rotom|perish3|[silent]\n|-start|p2a: Gengar|perish3|[silent]\n|-start|p2b: Incineroar|perish3|[silent]\n|-fieldactivate|move: Perish Song\n|cant|p1a: Empoleon|flinch\n|\n|-heal|p1a: Empoleon|100/100|[from] item: Leftovers\n|-start|p1b: Rotom|perish3\n|-start|p2a: Gengar|perish3\n|-start|p1a: Empoleon|perish3\n|-start|p2b: Incineroar|perish3\n|upkeep\n|turn|2\n|\n|t:|1776270973\n|move|p2a: Gengar|Protect|p2a: Gengar\n|-singleturn|p2a: Gengar|Protect\n|move|p2b: Incineroar|Protect|p2b: Incineroar\n|-singleturn|p2b: Incineroar|Protect\n|move|p1b: Rotom|Hydro Pump|p2b: Incineroar\n|-activate|p2b: Incineroar|move: Protect\n|move|p1a: Empoleon|Hydro Pump|p2a: Gengar\n|-activate|p2a: Gengar|move: Protect\n|\n|-start|p1b: Rotom|perish2\n|-start|p2a: Gengar|perish2\n|-start|p2b: Incineroar|perish2\n|-start|p1a: Empoleon|perish2\n|upkeep\n|turn|3\n|\n|t:|1776270993\n|switch|p2b: Clefable|Clefable, L50, M|100/100\n|move|p1b: Rotom|Hydro Pump|p2a: Gengar\n|-damage|p2a: Gengar|49/100\n|move|p2a: Gengar|Disable|p1a: Empoleon\n|-start|p1a: Empoleon|Disable|Hydro Pump\n|cant|p1a: Empoleon|Disable|Hydro Pump\n|\n|-start|p1b: Rotom|perish1\n|-start|p2a: Gengar|perish1\n|-start|p1a: Empoleon|perish1\n|upkeep\n|turn|4\n|\n|t:|1776271014\n|switch|p2a: Incineroar|Incineroar, L50, M|19/100\n|-ability|p2a: Incineroar|Intimidate|boost\n|-unboost|p1a: Empoleon|atk|1\n|-ability|p1a: Empoleon|Competitive|boost\n|-boost|p1a: Empoleon|spa|2\n|-unboost|p1b: Rotom|atk|1\n|move|p1b: Rotom|Hydro Pump|p2b: Clefable\n|-damage|p2b: Clefable|54/100\n|move|p1a: Empoleon|Flash Cannon|p2b: Clefable\n|-supereffective|p2b: Clefable|1\n|-damage|p2b: Clefable|0 fnt\n|faint|p2b: Clefable\n|\n|-start|p1b: Rotom|perish0\n|-start|p1a: Empoleon|perish0\n|upkeep\n|faint|p1b: Rotom\n|faint|p1a: Empoleon\n|\n|t:|1776271032\n|switch|p1b: Tyranitar|Tyranitar, L50, F|100/100\n|switch|p1a: Excadrill|Excadrill, L50, F|100/100\n|switch|p2b: Gengar|Gengar-Mega, L50, M, shiny|49/100\n|-weather|Sandstorm|[from] ability: Sand Stream|[of] p1b: Tyranitar\n|turn|5\n|\n|t:|1776271053\n|detailschange|p1b: Tyranitar|Tyranitar-Mega, L50, F\n|-mega|p1b: Tyranitar|Tyranitar|Tyranitarite\n|move|p2a: Incineroar|Fake Out|p1a: Excadrill\n|-resisted|p1a: Excadrill|1\n|-damage|p1a: Excadrill|94/100\n|cant|p1a: Excadrill|flinch\n|move|p2b: Gengar|Perish Song|p2b: Gengar\n|-start|p1a: Excadrill|perish3|[silent]\n|-start|p1b: Tyranitar|perish3|[silent]\n|-start|p2a: Incineroar|perish3|[silent]\n|-start|p2b: Gengar|perish3|[silent]\n|-fieldactivate|move: Perish Song\n|move|p1b: Tyranitar|Rock Slide|p2b: Gengar|[spread] p2a,p2b\n|-supereffective|p2a: Incineroar|1\n|-damage|p2a: Incineroar|0 fnt\n|-damage|p2b: Gengar|8/100\n|faint|p2a: Incineroar\n|\n|-weather|Sandstorm|[upkeep]\n|-damage|p2b: Gengar|2/100|[from] Sandstorm\n|-start|p1a: Excadrill|perish3\n|-start|p2b: Gengar|perish3\n|-start|p1b: Tyranitar|perish3\n|upkeep\n|\n|t:|1776271067\n|switch|p2a: Sinistcha|Sinistcha, L50|100/100\n|-heal|p2b: Gengar|26/100|[from] ability: Hospitality|[of] p2a: Sinistcha\n|turn|6\n|\n|t:|1776271076\n|move|p2b: Gengar|Protect|p2b: Gengar\n|-singleturn|p2b: Gengar|Protect\n|move|p2a: Sinistcha|Protect|p2a: Sinistcha\n|-singleturn|p2a: Sinistcha|Protect\n|move|p1a: Excadrill|Rock Slide|p2a: Sinistcha|[spread] \n|-activate|p2a: Sinistcha|move: Protect\n|-activate|p2b: Gengar|move: Protect\n|move|p1b: Tyranitar|Knock Off|p2a: Sinistcha\n|-activate|p2a: Sinistcha|move: Protect\n|\n|-weather|Sandstorm|[upkeep]\n|-damage|p2b: Gengar|20/100|[from] Sandstorm\n|-damage|p2a: Sinistcha|94/100|[from] Sandstorm\n|-heal|p2a: Sinistcha|100/100|[from] item: Leftovers\n|-start|p1a: Excadrill|perish2\n|-start|p2b: Gengar|perish2\n|-start|p1b: Tyranitar|perish2\n|upkeep\n|turn|7\n|\n|t:|1776271093\n|move|p1a: Excadrill|Rock Slide|p2a: Sinistcha|[spread] p2a,p2b\n|-damage|p2a: Sinistcha|84/100\n|-damage|p2b: Gengar|0 fnt\n|faint|p2b: Gengar\n|move|p1b: Tyranitar|Knock Off|p2a: Sinistcha\n|-supereffective|p2a: Sinistcha|1\n|-damage|p2a: Sinistcha|0 fnt\n|-enditem|p2a: Sinistcha|Leftovers|[from] move: Knock Off|[of] p1b: Tyranitar\n|faint|p2a: Sinistcha\n|\n|win|nmxz\n|raw|nmxz's rating: 1258 &rarr; <strong>1277</strong><br />(+19 for winning)\n|raw|RaSaTan's rating: 1172 &rarr; <strong>1153</strong><br />(-19 for losing)\n",
  "uploadtime": 1776271102,
  "views": 28,
  "formatid": "gen9championsvgc2026regma",
  "rating": 1153,
  "private": 0,
  "password": null
}