{
  "id": "gen9championsvgc2026regma-2580726819",
  "format": "[Gen 9 Champions] VGC 2026 Reg M-A",
  "players": [
    "el_chapo929",
    "bl4ze4444"
  ],
  "log": "|j|\u2606el_chapo929\n|j|\u2606bl4ze4444\n|t:|1775927519\n|gametype|doubles\n|player|p1|el_chapo929|170|1090\n|player|p2|bl4ze4444|steven|1133\n|gen|9\n|tier|[Gen 9 Champions] VGC 2026 Reg M-A\n|rated|\n|rule|Species Clause: Limit one of each Pok\u00e9mon\n|rule|Item Clause: Limit 1 of each item\n|clearpoke\n|poke|p1|Torkoal, L50, M|\n|poke|p1|Charizard, L50, M|\n|poke|p1|Venusaur, L50, M|\n|poke|p1|Whimsicott, L50, M|\n|poke|p1|Sableye, L50, M|\n|poke|p1|Umbreon, L50, M|\n|poke|p2|Froslass, L50, F|\n|poke|p2|Kingambit, L50, F|\n|poke|p2|Whimsicott, L50, F|\n|poke|p2|Arcanine-Hisui, L50, F|\n|poke|p2|Garchomp, L50, F|\n|poke|p2|Rotom-Wash, L50|\n|teampreview|4\n|\n|t:|1775927555\n|teamsize|p1|4\n|teamsize|p2|4\n|start\n|switch|p1a: Whimsicott|Whimsicott, L50, M|100/100\n|switch|p1b: Charizard|Charizard, L50, M|100/100\n|switch|p2a: Arcanine|Arcanine-Hisui, L50, F|100/100\n|switch|p2b: Whimsicott|Whimsicott, L50, F|100/100\n|-ability|p2a: Arcanine|Intimidate|boost\n|-unboost|p1a: Whimsicott|atk|1\n|-unboost|p1b: Charizard|atk|1\n|turn|1\n|inactive|Battle timer is ON: inactive players will automatically lose when time's up. (requested by el_chapo929)\n|\n|t:|1775927570\n|move|p1b: Charizard|Protect|p1b: Charizard\n|-singleturn|p1b: Charizard|Protect\n|move|p1a: Whimsicott|Tailwind|p1a: Whimsicott\n|-sidestart|p1: el_chapo929|move: Tailwind\n|move|p2b: Whimsicott|Tailwind|p2b: Whimsicott\n|-sidestart|p2: bl4ze4444|move: Tailwind\n|move|p2a: Arcanine|Rock Slide|p1a: Whimsicott|[spread] p1a\n|-activate|p1b: Charizard|move: Protect\n|-damage|p1a: Whimsicott|63/100\n|\n|upkeep\n|turn|2\n|\n|t:|1775927585\n|switch|p1b: Torkoal|Torkoal, L50, M|100/100\n|-weather|SunnyDay|[from] ability: Drought|[of] p1b: Torkoal\n|move|p2b: Whimsicott|Encore||[still]\n|-fail|p2b: Whimsicott\n|move|p1a: Whimsicott|Moonblast|p2b: Whimsicott\n|-damage|p2b: Whimsicott|44/100\n|move|p2a: Arcanine|Rock Slide|p1a: Whimsicott|[spread] p1a,p1b\n|-supereffective|p1b: Torkoal|1\n|-damage|p1a: Whimsicott|24/100\n|-damage|p1b: Torkoal|62/100\n|\n|-weather|SunnyDay|[upkeep]\n|upkeep\n|turn|3\n|inactive|bl4ze4444 has 30 seconds left.\n|\n|t:|1775927613\n|move|p2b: Whimsicott|Protect|p2b: Whimsicott\n|-singleturn|p2b: Whimsicott|Protect\n|move|p1a: Whimsicott|Moonblast|p2b: Whimsicott\n|-activate|p2b: Whimsicott|move: Protect\n|move|p2a: Arcanine|Rock Slide|p1a: Whimsicott|[spread] p1a,p1b\n|-supereffective|p1b: Torkoal|1\n|-damage|p1a: Whimsicott|0 fnt\n|-damage|p1b: Torkoal|18/100\n|faint|p1a: Whimsicott\n|cant|p1b: Torkoal|flinch\n|\n|-weather|SunnyDay|[upkeep]\n|upkeep\n|\n|t:|1775927625\n|switch|p1a: Venusaur|Venusaur, L50, M|100/100\n|turn|4\n|inactive|bl4ze4444 has 30 seconds left.\n|\n|t:|1775927656\n|move|p2a: Arcanine|Protect|p2a: Arcanine\n|-singleturn|p2a: Arcanine|Protect\n|move|p1a: Venusaur|Earth Power|p2a: Arcanine\n|-activate|p2a: Arcanine|move: Protect\n|move|p2b: Whimsicott|Moonblast|p1b: Torkoal\n|-resisted|p1b: Torkoal|1\n|-damage|p1b: Torkoal|0 fnt\n|faint|p1b: Torkoal\n|\n|-weather|SunnyDay|[upkeep]\n|-sideend|p1: el_chapo929|move: Tailwind\n|-sideend|p2: bl4ze4444|move: Tailwind\n|upkeep\n|\n|t:|1775927668\n|switch|p1b: Charizard|Charizard, L50, M|100/100\n|turn|5\n|\n|t:|1775927690\n|detailschange|p1b: Charizard|Charizard-Mega-Y, L50, M\n|-mega|p1b: Charizard|Charizard|Charizardite Y\n|move|p2b: Whimsicott|Tailwind|p2b: Whimsicott\n|-sidestart|p2: bl4ze4444|move: Tailwind\n|move|p2a: Arcanine|Rock Slide|p1b: Charizard|[spread] p1a,p1b\n|-supereffective|p1b: Charizard|2\n|-damage|p1a: Venusaur|67/100\n|-damage|p1b: Charizard|0 fnt\n|faint|p1b: Charizard\n|move|p1a: Venusaur|Earth Power|p2a: Arcanine\n|-supereffective|p2a: Arcanine|2\n|-enditem|p2a: Arcanine|Shuca Berry|[eat]\n|-enditem|p2a: Arcanine|Shuca Berry|[weaken]\n|-damage|p2a: Arcanine|32/100\n|\n|-weather|SunnyDay|[upkeep]\n|upkeep\n|turn|6\n|\n|t:|1775927706\n|move|p2b: Whimsicott|Moonblast|p1a: Venusaur\n|-resisted|p1a: Venusaur|1\n|-damage|p1a: Venusaur|48/100\n|move|p2a: Arcanine|Flare Blitz|p1a: Venusaur\n|-supereffective|p1a: Venusaur|1\n|-damage|p1a: Venusaur|0 fnt\n|faint|p1a: Venusaur\n|-damage|p2a: Arcanine|17/100|[from] Recoil\n|\n|win|bl4ze4444\n|raw|el_chapo929's rating: 1090 &rarr; <strong>1069</strong><br />(-21 for losing)\n|raw|bl4ze4444's rating: 1133 &rarr; <strong>1155</strong><br />(+22 for winning)\n|l|\u2606el_chapo929\n|player|p1|\n",
  "uploadtime": 1775927802,
  "views": 10,
  "formatid": "gen9championsvgc2026regma",
  "rating": 1069,
  "private": 0,
  "password": null
}