{
  "id": "gen9championsvgc2026regma-2587656959",
  "format": "[Gen 9 Champions] VGC 2026 Reg M-A",
  "players": [
    "Hi jump kicker",
    "hikaru77"
  ],
  "log": "|j|\u2606Hi jump kicker\n|j|\u2606hikaru77\n|t:|1776551018\n|gametype|doubles\n|player|p1|Hi jump kicker|psychicf-gen4|1220\n|player|p2|hikaru77|ethan|1251\n|gen|9\n|tier|[Gen 9 Champions] VGC 2026 Reg M-A\n|rated|\n|rule|Species Clause: Limit one of each Pok\u00e9mon\n|rule|Item Clause: Limit 1 of each item\n|clearpoke\n|poke|p1|Venusaur, L50, M|\n|poke|p1|Charizard, L50, F|\n|poke|p1|Dragapult, L50, M|\n|poke|p1|Archaludon, L50, M|\n|poke|p1|Vanilluxe, L50, M|\n|poke|p1|Sylveon, L50, M|\n|poke|p2|Gengar, L50, M|\n|poke|p2|Incineroar, L50, F|\n|poke|p2|Kingambit, L50, F|\n|poke|p2|Blastoise, L50, M|\n|poke|p2|Politoed, L50, F|\n|poke|p2|Tsareena, L50, F|\n|teampreview|4\n|\n|t:|1776551070\n|teamsize|p1|4\n|teamsize|p2|4\n|start\n|switch|p1a: Dragapult|Dragapult, L50, M|100/100\n|switch|p1b: Archaludon|Archaludon, L50, M|100/100\n|switch|p2a: Gengar|Gengar, L50, M|100/100\n|switch|p2b: Blastoise|Blastoise, L50, M|100/100\n|turn|1\n|\n|t:|1776551093\n|detailschange|p2a: Gengar|Gengar-Mega, L50, M\n|-mega|p2a: Gengar|Gengar|Gengarite\n|move|p2b: Blastoise|Fake Out|p1b: Archaludon\n|-resisted|p1b: Archaludon|1\n|-damage|p1b: Archaludon|97/100\n|move|p2a: Gengar|Perish Song|p2a: Gengar\n|-start|p1a: Dragapult|perish3|[silent]\n|-start|p1b: Archaludon|perish3|[silent]\n|-start|p2a: Gengar|perish3|[silent]\n|-start|p2b: Blastoise|perish3|[silent]\n|-fieldactivate|move: Perish Song\n|move|p1a: Dragapult|Psychic Fangs|p2a: Gengar\n|-supereffective|p2a: Gengar|1\n|-damage|p2a: Gengar|30/100\n|cant|p1b: Archaludon|flinch\n|\n|-start|p2a: Gengar|perish3\n|-start|p1a: Dragapult|perish3\n|-start|p1b: Archaludon|perish3\n|-start|p2b: Blastoise|perish3\n|upkeep\n|turn|2\n|\n|t:|1776551123\n|move|p2a: Gengar|Protect|p2a: Gengar\n|-singleturn|p2a: Gengar|Protect\n|move|p2b: Blastoise|Protect|p2b: Blastoise\n|-singleturn|p2b: Blastoise|Protect\n|move|p1a: Dragapult|Dragon Cheer|p1b: Archaludon\n|-start|p1b: Archaludon|move: Dragon Cheer\n|move|p1b: Archaludon|Draco Meteor|p2b: Blastoise\n|-activate|p2b: Blastoise|move: Protect\n|\n|-start|p2a: Gengar|perish2\n|-start|p1a: Dragapult|perish2\n|-start|p1b: Archaludon|perish2\n|-start|p2b: Blastoise|perish2\n|upkeep\n|turn|3\n|\n|t:|1776551148\n|switch|p2a: Politoed|Politoed, L50, F|100/100\n|-weather|RainDance|[from] ability: Drizzle|[of] p2a: Politoed\n|move|p1a: Dragapult|Dragon Darts|p2a: Politoed\n|-damage|p2a: Politoed|79/100\n|-anim|p1a: Dragapult|Dragon Darts|p2b: Blastoise\n|-damage|p2b: Blastoise|80/100\n|move|p1b: Archaludon|Draco Meteor|p2a: Politoed\n|-crit|p2a: Politoed\n|-damage|p2a: Politoed|0 fnt\n|-unboost|p1b: Archaludon|spa|2\n|faint|p2a: Politoed\n|move|p2b: Blastoise|Flip Turn|p1b: Archaludon\n|-resisted|p1b: Archaludon|1\n|-damage|p1b: Archaludon|87/100\n|\n|t:|1776551163\n|switch|p2b: Kingambit|Kingambit, L50, F|100/100|[from] Flip Turn\n|\n|-weather|RainDance|[upkeep]\n|-start|p1a: Dragapult|perish1\n|-start|p1b: Archaludon|perish1\n|upkeep\n|\n|t:|1776551169\n|switch|p2a: Gengar|Gengar-Mega, L50, M|30/100\n|turn|4\n|\n|t:|1776551178\n|switch|p1a: Vanilluxe|Vanilluxe, L50, M|100/100\n|-weather|Snowscape|[from] ability: Snow Warning|[of] p1a: Vanilluxe\n|move|p2a: Gengar|Protect|p2a: Gengar\n|-singleturn|p2a: Gengar|Protect\n|move|p2b: Kingambit|Protect|p2b: Kingambit\n|-singleturn|p2b: Kingambit|Protect\n|move|p1b: Archaludon|Draco Meteor|p2b: Kingambit\n|-activate|p2b: Kingambit|move: Protect\n|\n|-weather|Snowscape|[upkeep]\n|-start|p1b: Archaludon|perish0\n|faint|p1b: Archaludon\n|upkeep\n|\n|t:|1776551195\n|switch|p1b: Venusaur|Venusaur, L50, M|100/100\n|turn|5\n|\n|t:|1776551210\n|detailschange|p1b: Venusaur|Venusaur-Mega, L50, M\n|-mega|p1b: Venusaur|Venusaur|Venusaurite\n|move|p2a: Gengar|Protect||[still]\n|-fail|p2a: Gengar\n|move|p1a: Vanilluxe|Blizzard|p2b: Kingambit|[spread] p2a,p2b\n|-resisted|p2b: Kingambit|1\n|-damage|p2a: Gengar|0 fnt\n|-damage|p2b: Kingambit|82/100\n|-status|p2b: Kingambit|frz\n|faint|p2a: Gengar\n|move|p1b: Venusaur|Earth Power|p2b: Kingambit\n|-supereffective|p2b: Kingambit|1\n|-damage|p2b: Kingambit|20/100 frz\n|cant|p2b: Kingambit|frz\n|\n|-weather|Snowscape|[upkeep]\n|upkeep\n|\n|t:|1776551224\n|switch|p2a: Blastoise|Blastoise, L50, M|80/100\n|turn|6\n|\n|t:|1776551232\n|move|p2a: Blastoise|Fake Out|p1b: Venusaur\n|-damage|p1b: Venusaur|94/100\n|move|p1a: Vanilluxe|Blizzard|p2b: Kingambit|[spread] p2a,p2b\n|-resisted|p2a: Blastoise|1\n|-resisted|p2b: Kingambit|1\n|-damage|p2a: Blastoise|65/100\n|-damage|p2b: Kingambit|0 fnt\n|faint|p2b: Kingambit\n|cant|p1b: Venusaur|flinch\n|\n|-weather|Snowscape|[upkeep]\n|-heal|p2a: Blastoise|71/100|[from] item: Leftovers\n|upkeep\n|turn|7\n|-message|hikaru77 forfeited.\n|\n|win|Hi jump kicker\n|raw|Hi jump kicker's rating: 1220 &rarr; <strong>1247</strong><br />(+27 for winning)\n|raw|hikaru77's rating: 1251 &rarr; <strong>1224</strong><br />(-27 for losing)\n|l|\u2606hikaru77\n|player|p2|\n",
  "uploadtime": 1776551249,
  "views": 14,
  "formatid": "gen9championsvgc2026regma",
  "rating": 1224,
  "private": 0,
  "password": null
}