{
  "id": "gen9championsvgc2026regma-2581043040",
  "format": "[Gen 9 Champions] VGC 2026 Reg M-A",
  "players": [
    "jeffreyydavis",
    "loklastaji"
  ],
  "log": "|j|\u2606jeffreyydavis\n|j|\u2606loklastaji\n|t:|1775954498\n|gametype|doubles\n|player|p1|jeffreyydavis|170|1000\n|player|p2|loklastaji|101|1040\n|gen|9\n|tier|[Gen 9 Champions] VGC 2026 Reg M-A\n|rated|\n|rule|Species Clause: Limit one of each Pok\u00e9mon\n|rule|Item Clause: Limit 1 of each item\n|clearpoke\n|poke|p1|Drampa, L50, M|\n|poke|p1|Sinistcha, L50|\n|poke|p1|Pelipper, L50, F|\n|poke|p1|Basculegion, L50, M|\n|poke|p1|Meowstic, L50, M|\n|poke|p1|Floette-Eternal, L50, F|\n|poke|p2|Altaria, L50, F|\n|poke|p2|Scovillain, L50, M|\n|poke|p2|Krookodile, L50, F|\n|poke|p2|Rotom-Wash, L50|\n|poke|p2|Farigiraf, L50, F|\n|poke|p2|Sneasler, L50, M|\n|teampreview|4\n|\n|t:|1775954536\n|teamsize|p1|4\n|teamsize|p2|4\n|start\n|switch|p1a: Drampa|Drampa, L50, M|100/100\n|switch|p1b: Meowstic|Meowstic, L50, M|100/100\n|switch|p2a: Krookodile|Krookodile, L50, F|100/100\n|switch|p2b: Rotom|Rotom-Wash, L50|100/100\n|-ability|p2a: Krookodile|Intimidate|boost\n|-unboost|p1a: Drampa|atk|1\n|-unboost|p1b: Meowstic|atk|1\n|-ability|p1a: Drampa|Cloud Nine\n|turn|1\n|\n|t:|1775954576\n|detailschange|p1a: Drampa|Drampa-Mega, L50, M\n|-mega|p1a: Drampa|Drampa|Drampanite\n|move|p1b: Meowstic|Reflect|p1b: Meowstic\n|-sidestart|p1: jeffreyydavis|Reflect\n|move|p2a: Krookodile|Crunch|p1b: Meowstic\n|-supereffective|p1b: Meowstic|1\n|-enditem|p1b: Meowstic|Colbur Berry|[eat]\n|-enditem|p1b: Meowstic|Colbur Berry|[weaken]\n|-damage|p1b: Meowstic|71/100\n|-unboost|p1b: Meowstic|def|1\n|move|p2b: Rotom|Volt Switch|p1a: Drampa\n|-resisted|p1a: Drampa|1\n|-damage|p1a: Drampa|86/100\n|\n|t:|1775954588\n|switch|p2b: Scovillain|Scovillain, L50, M|100/100|[from] Volt Switch\n|move|p1a: Drampa|Calm Mind|p1a: Drampa\n|-boost|p1a: Drampa|spa|1\n|-boost|p1a: Drampa|spd|1\n|\n|upkeep\n|turn|2\n|\n|t:|1775954615\n|switch|p1b: Sinistcha|Sinistcha, L50|100/100\n|-heal|p1a: Drampa|100/100|[from] ability: Hospitality|[of] p1b: Sinistcha\n|move|p2b: Scovillain|Rage Powder|p2b: Scovillain\n|-singleturn|p2b: Scovillain|move: Rage Powder\n|move|p2a: Krookodile|Crunch|p1b: Sinistcha\n|-supereffective|p1b: Sinistcha|1\n|-damage|p1b: Sinistcha|46/100\n|-enditem|p1b: Sinistcha|Sitrus Berry|[eat]\n|-heal|p1b: Sinistcha|71/100|[from] item: Sitrus Berry\n|move|p1a: Drampa|Hyper Voice|p2b: Scovillain|[spread] p2a,p2b\n|-damage|p2a: Krookodile|19/100\n|-damage|p2b: Scovillain|28/100\n|\n|upkeep\n|turn|3\n|\n|t:|1775954648\n|move|p2a: Krookodile|Crunch|p1b: Sinistcha\n|-supereffective|p1b: Sinistcha|1\n|-damage|p1b: Sinistcha|21/100\n|-unboost|p1b: Sinistcha|def|1\n|move|p2b: Scovillain|Flamethrower|p1b: Sinistcha\n|-supereffective|p1b: Sinistcha|1\n|-damage|p1b: Sinistcha|0 fnt\n|faint|p1b: Sinistcha\n|move|p1a: Drampa|Hyper Voice|p2b: Scovillain|[spread] p2a,p2b\n|-damage|p2a: Krookodile|0 fnt\n|-damage|p2b: Scovillain|0 fnt\n|faint|p2a: Krookodile\n|faint|p2b: Scovillain\n|\n|upkeep\n|\n|t:|1775954664\n|switch|p2a: Rotom|Rotom-Wash, L50|100/100\n|switch|p2b: Altaria|Altaria, L50, F|100/100\n|switch|p1b: Meowstic|Meowstic, L50, M|71/100\n|turn|4\n|\n|t:|1775954704\n|detailschange|p2b: Altaria|Altaria-Mega, L50, F\n|-mega|p2b: Altaria|Altaria|Altarianite\n|move|p1b: Meowstic|Fake Out|p2b: Altaria\n|-damage|p2b: Altaria|95/100\n|cant|p2b: Altaria|flinch\n|move|p2a: Rotom|Electroweb|p1a: Drampa|[spread] p1a,p1b\n|-resisted|p1a: Drampa|1\n|-crit|p1b: Meowstic\n|-damage|p1a: Drampa|96/100\n|-damage|p1b: Meowstic|41/100\n|-unboost|p1a: Drampa|spe|1\n|-unboost|p1b: Meowstic|spe|1\n|move|p1a: Drampa|Hyper Voice|p2b: Altaria|[spread] p2a,p2b\n|-damage|p2a: Rotom|27/100\n|-damage|p2b: Altaria|21/100\n|\n|-heal|p2a: Rotom|33/100|[from] item: Leftovers\n|upkeep\n|turn|5\n|\n|t:|1775954728\n|move|p1b: Meowstic|Light Screen|p1b: Meowstic\n|-sidestart|p1: jeffreyydavis|move: Light Screen\n|move|p2b: Altaria|Hyper Voice|p1b: Meowstic|[spread] p1a,p1b\n|-supereffective|p1a: Drampa|1\n|-damage|p1a: Drampa|68/100\n|-damage|p1b: Meowstic|18/100\n|move|p2a: Rotom|Hydro Pump|p1a: Drampa\n|-resisted|p1a: Drampa|1\n|-damage|p1a: Drampa|58/100\n|move|p1a: Drampa|Hyper Voice|p2b: Altaria|[spread] p2a,p2b\n|-damage|p2a: Rotom|0 fnt\n|-damage|p2b: Altaria|0 fnt\n|faint|p2a: Rotom\n|faint|p2b: Altaria\n|\n|win|jeffreyydavis\n|raw|jeffreyydavis's rating: 1000 &rarr; <strong>1045</strong><br />(+45 for winning)\n|raw|loklastaji's rating: 1040 &rarr; <strong>1022</strong><br />(-18 for losing)\n|l|\u2606jeffreyydavis\n|player|p1|\n",
  "uploadtime": 1775954742,
  "views": 10,
  "formatid": "gen9championsvgc2026regma",
  "rating": 1022,
  "private": 0,
  "password": null
}