{
  "id": "gen9championsvgc2026regma-2587435161",
  "format": "[Gen 9 Champions] VGC 2026 Reg M-A",
  "players": [
    "PlazaRayquaza",
    "foloppo"
  ],
  "log": "|j|\u2606PlazaRayquaza\n|j|\u2606foloppo\n|t:|1776531557\n|gametype|doubles\n|player|p1|PlazaRayquaza|calem-masters|1321\n|player|p2|foloppo|juggler|1277\n|gen|9\n|tier|[Gen 9 Champions] VGC 2026 Reg M-A\n|rated|\n|rule|Species Clause: Limit one of each Pok\u00e9mon\n|rule|Item Clause: Limit 1 of each item\n|clearpoke\n|poke|p1|Delphox, L50, M, shiny|\n|poke|p1|Meowscarada, L50, F, shiny|\n|poke|p1|Maushold-Four, L50, shiny|\n|poke|p1|Garchomp, L50, F, shiny|\n|poke|p1|Whimsicott, L50, F, shiny|\n|poke|p1|Gallade, L50, M, shiny|\n|poke|p2|Froslass, L50, F|\n|poke|p2|Sneasler, L50, F|\n|poke|p2|Kingambit, L50, M|\n|poke|p2|Incineroar, L50, M|\n|poke|p2|Sinistcha, L50|\n|poke|p2|Primarina, L50, M|\n|teampreview|4\n|inactive|Battle timer is ON: inactive players will automatically lose when time's up. (requested by foloppo)\n|inactive|PlazaRayquaza has 60 seconds left.\n|inactive|foloppo has 60 seconds left.\n|\n|t:|1776531595\n|teamsize|p1|4\n|teamsize|p2|4\n|start\n|switch|p1a: WizardOfOz|Delphox, L50, M, shiny|100/100\n|switch|p1b: FluffPuff|Whimsicott, L50, F, shiny|100/100\n|switch|p2a: Aurora|Froslass, L50, F|100/100\n|switch|p2b: Incineroar|Incineroar, L50, M|100/100\n|-ability|p2b: Incineroar|Intimidate|boost\n|-unboost|p1a: WizardOfOz|atk|1\n|-unboost|p1b: FluffPuff|atk|1\n|turn|1\n|\n|t:|1776531607\n|detailschange|p1a: WizardOfOz|Delphox-Mega, L50, M, shiny\n|-mega|p1a: WizardOfOz|Delphox|Delphoxite\n|detailschange|p2a: Aurora|Froslass-Mega, L50, F\n|-mega|p2a: Aurora|Froslass|Froslassite\n|-weather|Snowscape|[from] ability: Snow Warning|[of] p2a: Aurora\n|move|p1b: FluffPuff|Sunny Day|p1b: FluffPuff\n|-weather|SunnyDay\n|move|p1a: WizardOfOz|Heat Wave|p2a: Aurora|[spread] p2a,p2b\n|-supereffective|p2a: Aurora|1\n|-resisted|p2b: Incineroar|1\n|-damage|p2a: Aurora|0 fnt\n|-damage|p2b: Incineroar|77/100\n|faint|p2a: Aurora\n|move|p2b: Incineroar|Taunt|p1b: FluffPuff\n|-start|p1b: FluffPuff|move: Taunt\n|\n|-weather|SunnyDay|[upkeep]\n|upkeep\n|\n|t:|1776531618\n|switch|p2a: Primarina|Primarina, L50, M|100/100\n|turn|2\n|\n|t:|1776531634\n|switch|p1b: Garchucha|Garchomp, L50, F, shiny|100/100\n|move|p1a: WizardOfOz|Protect|p1a: WizardOfOz\n|-singleturn|p1a: WizardOfOz|Protect\n|move|p2a: Primarina|Calm Mind|p2a: Primarina\n|-boost|p2a: Primarina|spa|1\n|-boost|p2a: Primarina|spd|1\n|move|p2b: Incineroar|Flare Blitz|p1b: Garchucha\n|-resisted|p1b: Garchucha|1\n|-damage|p1b: Garchucha|65/100\n|-damage|p2b: Incineroar|64/100|[from] ability: Rough Skin|[of] p1b: Garchucha\n|-damage|p2b: Incineroar|54/100|[from] Recoil\n|\n|-weather|SunnyDay|[upkeep]\n|upkeep\n|turn|3\n|\n|t:|1776531644\n|switch|p2b: Sinistcha|Sinistcha, L50|100/100\n|move|p1a: WizardOfOz|Psychic|p2a: Primarina\n|-damage|p2a: Primarina|67/100\n|move|p1b: Garchucha|Earthquake|p2a: Primarina|[spread] p2a,p2b\n|-immune|p1a: WizardOfOz|[from] ability: Levitate\n|-resisted|p2b: Sinistcha|1\n|-damage|p2a: Primarina|21/100\n|-damage|p2b: Sinistcha|85/100\n|move|p2a: Primarina|Calm Mind|p2a: Primarina\n|-boost|p2a: Primarina|spa|1\n|-boost|p2a: Primarina|spd|1\n|\n|-weather|SunnyDay|[upkeep]\n|upkeep\n|turn|4\n|\n|t:|1776531656\n|move|p2a: Primarina|Protect|p2a: Primarina\n|-singleturn|p2a: Primarina|Protect\n|move|p1a: WizardOfOz|Heat Wave|p2b: Sinistcha|[spread] p2b\n|-activate|p2a: Primarina|move: Protect\n|-supereffective|p2b: Sinistcha|1\n|-enditem|p2b: Sinistcha|Occa Berry|[eat]\n|-enditem|p2b: Sinistcha|Occa Berry|[weaken]\n|-damage|p2b: Sinistcha|31/100\n|move|p1b: Garchucha|Earthquake|p2a: Primarina|[spread] p2b\n|-activate|p2a: Primarina|move: Protect\n|-immune|p1a: WizardOfOz|[from] ability: Levitate\n|-resisted|p2b: Sinistcha|1\n|-damage|p2b: Sinistcha|15/100\n|move|p2b: Sinistcha|Trick Room|p2b: Sinistcha\n|-fieldstart|move: Trick Room|[of] p2b: Sinistcha\n|\n|-weather|SunnyDay|[upkeep]\n|upkeep\n|turn|5\n|\n|t:|1776531675\n|move|p1b: Garchucha|Protect|p1b: Garchucha\n|-singleturn|p1b: Garchucha|Protect\n|move|p1a: WizardOfOz|Protect|p1a: WizardOfOz\n|-singleturn|p1a: WizardOfOz|Protect\n|move|p2a: Primarina|Hyper Voice|p1b: Garchucha|[spread] \n|-activate|p1a: WizardOfOz|move: Protect\n|-activate|p1b: Garchucha|move: Protect\n|move|p2b: Sinistcha|Matcha Gotcha|p1b: Garchucha|[spread] \n|-activate|p1a: WizardOfOz|move: Protect\n|-activate|p1b: Garchucha|move: Protect\n|\n|-weather|none\n|upkeep\n|turn|6\n|\n|t:|1776531698\n|switch|p1b: FluffPuff|Whimsicott, L50, F, shiny|100/100\n|switch|p1a: Meowkins|Meowscarada, L50, F, shiny|100/100\n|move|p2a: Primarina|Hyper Voice|p1a: Meowkins|[spread] p1a,p1b\n|-resisted|p1a: Meowkins|1\n|-resisted|p1b: FluffPuff|1\n|-damage|p1a: Meowkins|38/100\n|-damage|p1b: FluffPuff|29/100\n|move|p2b: Sinistcha|Matcha Gotcha|p1a: Meowkins|[spread] p1a,p1b\n|-resisted|p1a: Meowkins|1\n|-resisted|p1b: FluffPuff|1\n|-damage|p1a: Meowkins|21/100\n|-heal|p2b: Sinistcha|22/100|[from] drain|[of] p1a: Meowkins\n|-damage|p1b: FluffPuff|8/100\n|-heal|p2b: Sinistcha|31/100|[from] drain|[of] p1b: FluffPuff\n|\n|upkeep\n|turn|7\n|inactive|foloppo has 30 seconds left.\n|inactive|foloppo has 20 seconds left.\n|\n|t:|1776531737\n|switch|p2b: Incineroar|Incineroar, L50, M|54/100\n|-ability|p2b: Incineroar|Intimidate|boost\n|-unboost|p1a: Meowkins|atk|1\n|-unboost|p1b: FluffPuff|atk|1\n|move|p1b: FluffPuff|Protect|p1b: FluffPuff\n|-singleturn|p1b: FluffPuff|Protect\n|move|p2a: Primarina|Protect|p2a: Primarina\n|-singleturn|p2a: Primarina|Protect\n|move|p1a: Meowkins|Knock Off|p2b: Incineroar\n|-start|p1a: Meowkins|typechange|Dark|[from] ability: Protean\n|-resisted|p2b: Incineroar|1\n|-damage|p2b: Incineroar|38/100\n|-enditem|p2b: Incineroar|Lum Berry|[from] move: Knock Off|[of] p1a: Meowkins\n|\n|upkeep\n|turn|8\n|\n|t:|1776531757\n|move|p1b: FluffPuff|Sunny Day|p1b: FluffPuff\n|-weather|SunnyDay\n|move|p2b: Incineroar|Flare Blitz|p1b: FluffPuff\n|-supereffective|p1b: FluffPuff|1\n|-damage|p1b: FluffPuff|0 fnt\n|faint|p1b: FluffPuff\n|-damage|p2b: Incineroar|36/100|[from] Recoil\n|move|p2a: Primarina|Calm Mind|p2a: Primarina\n|-boost|p2a: Primarina|spa|1\n|-boost|p2a: Primarina|spd|1\n|move|p1a: Meowkins|Knock Off|p2a: Primarina\n|-resisted|p2a: Primarina|1\n|-damage|p2a: Primarina|3/100\n|-enditem|p2a: Primarina|Mystic Water|[from] move: Knock Off|[of] p1a: Meowkins\n|\n|-weather|SunnyDay|[upkeep]\n|-fieldend|move: Trick Room\n|upkeep\n|\n|t:|1776531763\n|switch|p1b: Garchucha|Garchomp, L50, F, shiny|65/100\n|turn|9\n|\n|t:|1776531767\n|switch|p1a: WizardOfOz|Delphox-Mega, L50, M, shiny|100/100\n|switch|p2b: Sinistcha|Sinistcha, L50|31/100\n|-heal|p2a: Primarina|28/100|[from] ability: Hospitality|[of] p2b: Sinistcha\n|move|p2a: Primarina|Protect|p2a: Primarina\n|-singleturn|p2a: Primarina|Protect\n|move|p1b: Garchucha|Earthquake|p2a: Primarina|[spread] p2b\n|-activate|p2a: Primarina|move: Protect\n|-immune|p1a: WizardOfOz|[from] ability: Levitate\n|-resisted|p2b: Sinistcha|1\n|-damage|p2b: Sinistcha|13/100\n|\n|-weather|SunnyDay|[upkeep]\n|upkeep\n|turn|10\n|\n|t:|1776531786\n|move|p2a: Primarina|Protect|p2a: Primarina\n|-singleturn|p2a: Primarina|Protect\n|move|p1a: WizardOfOz|Heat Wave|p2b: Sinistcha|[spread] p2b\n|-activate|p2a: Primarina|move: Protect\n|-supereffective|p2b: Sinistcha|1\n|-damage|p2b: Sinistcha|0 fnt\n|faint|p2b: Sinistcha\n|move|p1b: Garchucha|Earthquake|p2a: Primarina|[spread] \n|-activate|p2a: Primarina|move: Protect\n|-immune|p1a: WizardOfOz|[from] ability: Levitate\n|\n|-weather|SunnyDay|[upkeep]\n|upkeep\n|\n|t:|1776531791\n|switch|p2b: Incineroar|Incineroar, L50, M|36/100\n|-ability|p2b: Incineroar|Intimidate|boost\n|-unboost|p1a: WizardOfOz|atk|1\n|-unboost|p1b: Garchucha|atk|1\n|-enditem|p1b: Garchucha|White Herb\n|-clearnegativeboost|p1b: Garchucha|[silent]\n|turn|11\n|\n|t:|1776531800\n|move|p1b: Garchucha|Protect|p1b: Garchucha\n|-singleturn|p1b: Garchucha|Protect\n|move|p2b: Incineroar|Fake Out|p1b: Garchucha\n|-activate|p1b: Garchucha|move: Protect\n|move|p1a: WizardOfOz|Psychic|p2a: Primarina\n|-damage|p2a: Primarina|9/100\n|move|p2a: Primarina|Hyper Voice|p1a: WizardOfOz|[spread] p1a\n|-activate|p1b: Garchucha|move: Protect\n|-supereffective|p1a: WizardOfOz|1\n|-damage|p1a: WizardOfOz|22/100\n|\n|-weather|SunnyDay|[upkeep]\n|upkeep\n|turn|12\n|-message|foloppo forfeited.\n|\n|win|PlazaRayquaza\n|raw|PlazaRayquaza's rating: 1321 &rarr; <strong>1338</strong><br />(+17 for winning)\n|raw|foloppo's rating: 1277 &rarr; <strong>1255</strong><br />(-22 for losing)\n",
  "uploadtime": 1776531829,
  "views": 40,
  "formatid": "gen9championsvgc2026regma",
  "rating": 1255,
  "private": 0,
  "password": null
}