{
  "id": "gen9championsvgc2026regma-2587765079",
  "format": "[Gen 9 Champions] VGC 2026 Reg M-A",
  "players": [
    "Erina_Kamaya",
    "yukikawa"
  ],
  "log": "|j|\u2606Erina_Kamaya\n|j|\u2606yukikawa\n|t:|1776561719\n|gametype|doubles\n|player|p1|Erina_Kamaya|roxie|1164\n|player|p2|yukikawa|lillie-z|1192\n|gen|9\n|tier|[Gen 9 Champions] VGC 2026 Reg M-A\n|rated|\n|rule|Species Clause: Limit one of each Pok\u00e9mon\n|rule|Item Clause: Limit 1 of each item\n|clearpoke\n|poke|p1|Meganium, L50, F|\n|poke|p1|Aerodactyl, L50, M|\n|poke|p1|Incineroar, L50, F|\n|poke|p1|Archaludon, L50, F|\n|poke|p1|Basculegion, L50, M|\n|poke|p1|Pelipper, L50, M|\n|poke|p2|Froslass, L50, F, shiny|\n|poke|p2|Milotic, L50, F|\n|poke|p2|Aerodactyl, L50, M, shiny|\n|poke|p2|Farigiraf, L50, M|\n|poke|p2|Garchomp, L50, F|\n|poke|p2|Incineroar, L50, M|\n|teampreview|4\n|\n|t:|1776561763\n|teamsize|p1|4\n|teamsize|p2|4\n|start\n|switch|p1a: Monic|Meganium, L50, F|100/100\n|switch|p1b: Incineroar|Incineroar, L50, F|100/100\n|switch|p2a: Aerodactyl|Aerodactyl, L50, M, shiny|100/100\n|switch|p2b: Milotic|Milotic, L50, F|100/100\n|-ability|p2a: Aerodactyl|Unnerve\n|-ability|p1b: Incineroar|Intimidate|boost\n|-unboost|p2a: Aerodactyl|atk|1\n|-unboost|p2b: Milotic|atk|1\n|-ability|p2b: Milotic|Competitive|boost\n|-boost|p2b: Milotic|spa|2\n|turn|1\n|inactive|Battle timer is ON: inactive players will automatically lose when time's up. (requested by yukikawa)\n|\n|t:|1776561785\n|detailschange|p1a: Monic|Meganium-Mega, L50, F\n|-mega|p1a: Monic|Meganium|Meganiumite\n|move|p1b: Incineroar|Fake Out|p2a: Aerodactyl\n|-resisted|p2a: Aerodactyl|1\n|-damage|p2a: Aerodactyl|92/100\n|cant|p2a: Aerodactyl|flinch\n|move|p1a: Monic|Solar Beam||[still]\n|-prepare|p1a: Monic|Solar Beam\n|-activate|p1a: Monic|ability: Mega Sol\n|-anim|p1a: Monic|Solar Beam|p2a: Aerodactyl\n|-damage|p2a: Aerodactyl|0 fnt\n|faint|p2a: Aerodactyl\n|move|p2b: Milotic|Ice Beam|p1a: Monic\n|-supereffective|p1a: Monic|1\n|-damage|p1a: Monic|20/100\n|\n|upkeep\n|\n|t:|1776561806\n|switch|p2a: Froslass|Froslass, L50, F, shiny|100/100\n|turn|2\n|inactive|Erina_Kamaya has 30 seconds left.\n|\n|t:|1776561840\n|detailschange|p2a: Froslass|Froslass-Mega, L50, F, shiny\n|-mega|p2a: Froslass|Froslass|Froslassite\n|-weather|Snowscape|[from] ability: Snow Warning|[of] p2a: Froslass\n|move|p1a: Monic|Protect|p1a: Monic\n|-singleturn|p1a: Monic|Protect\n|move|p1b: Incineroar|Protect|p1b: Incineroar\n|-singleturn|p1b: Incineroar|Protect\n|move|p2a: Froslass|Blizzard|p1b: Incineroar|[spread] \n|-activate|p1a: Monic|move: Protect\n|-activate|p1b: Incineroar|move: Protect\n|move|p2b: Milotic|Scald|p1b: Incineroar\n|-activate|p1b: Incineroar|move: Protect\n|\n|-weather|Snowscape|[upkeep]\n|upkeep\n|turn|3\n|inactive|Erina_Kamaya has 30 seconds left.\n|\n|t:|1776561865\n|switch|p1a: Pelipper|Pelipper, L50, M|100/100\n|-weather|RainDance|[from] ability: Drizzle|[of] p1a: Pelipper\n|move|p2a: Froslass|Thunderbolt|p1a: Pelipper\n|-supereffective|p1a: Pelipper|2\n|-damage|p1a: Pelipper|0 fnt\n|faint|p1a: Pelipper\n|move|p2b: Milotic|Scald|p1b: Incineroar\n|-supereffective|p1b: Incineroar|1\n|-damage|p1b: Incineroar|0 fnt\n|faint|p1b: Incineroar\n|\n|-weather|RainDance|[upkeep]\n|upkeep\n|c|\u2606yukikawa|gotcha\n|\n|t:|1776561880\n|switch|p1a: Monic|Meganium-Mega, L50, F|20/100\n|switch|p1b: Archaludon|Archaludon, L50, F|100/100\n|turn|4\n|\n|t:|1776561897\n|switch|p2a: Garchomp|Garchomp, L50, F|100/100\n|move|p1a: Monic|Synthesis|p1a: Monic\n|-heal|p1a: Monic|87/100\n|move|p1b: Archaludon|Electro Shot||[still]\n|-prepare|p1b: Archaludon|Electro Shot\n|-boost|p1b: Archaludon|spa|1\n|-anim|p1b: Archaludon|Electro Shot|p2b: Milotic\n|-supereffective|p2b: Milotic|1\n|-crit|p2b: Milotic\n|-damage|p2b: Milotic|0 fnt\n|faint|p2b: Milotic\n|\n|-weather|RainDance|[upkeep]\n|upkeep\n|\n|t:|1776561907\n|switch|p2b: Froslass|Froslass-Mega, L50, F, shiny|100/100\n|-weather|Snowscape|[from] ability: Snow Warning|[of] p2b: Froslass\n|turn|5\n|\n|t:|1776561917\n|move|p2b: Froslass|Blizzard|p1b: Archaludon|[spread] p1a,p1b\n|-supereffective|p1a: Monic|1\n|-damage|p1a: Monic|0 fnt\n|-damage|p1b: Archaludon|50/100\n|-status|p1b: Archaludon|frz\n|-ability|p1b: Archaludon|Stamina|boost\n|-boost|p1b: Archaludon|def|1\n|faint|p1a: Monic\n|move|p2a: Garchomp|Stomping Tantrum|p1b: Archaludon\n|-supereffective|p1b: Archaludon|1\n|-damage|p1b: Archaludon|4/100 frz\n|-ability|p1b: Archaludon|Stamina|boost\n|-boost|p1b: Archaludon|def|1\n|cant|p1b: Archaludon|frz\n|\n|-weather|Snowscape|[upkeep]\n|-heal|p1b: Archaludon|10/100 frz|[from] item: Leftovers\n|upkeep\n|turn|6\n|-message|Erina_Kamaya forfeited.\n|\n|win|yukikawa\n|raw|Erina_Kamaya's rating: 1164 &rarr; <strong>1141</strong><br />(-23 for losing)\n|raw|yukikawa's rating: 1192 &rarr; <strong>1215</strong><br />(+23 for winning)\n|l|\u2606Erina_Kamaya\n|player|p1|\n",
  "uploadtime": 1776561934,
  "views": 19,
  "formatid": "gen9championsvgc2026regma",
  "rating": 1141,
  "private": 0,
  "password": null
}