{
  "id": "gen9championsvgc2026regma-2584944391",
  "format": "[Gen 9 Champions] VGC 2026 Reg M-A",
  "players": [
    "Mocho8",
    "ayetea"
  ],
  "log": "|j|\u2606Mocho8\n|j|\u2606ayetea\n|t:|1776296852\n|gametype|doubles\n|player|p1|Mocho8|drayden|1078\n|player|p2|ayetea|harlequin|1075\n|gen|9\n|tier|[Gen 9 Champions] VGC 2026 Reg M-A\n|rated|\n|rule|Species Clause: Limit one of each Pok\u00e9mon\n|rule|Item Clause: Limit 1 of each item\n|clearpoke\n|poke|p1|Aegislash, L50, M|\n|poke|p1|Politoed, L50, F|\n|poke|p1|Basculegion, L50, M|\n|poke|p1|Sinistcha, L50|\n|poke|p1|Dragonite, L50, M|\n|poke|p1|Sneasler, L50, M|\n|poke|p2|Greninja-*, L50, M|\n|poke|p2|Farigiraf, L50, M|\n|poke|p2|Volcarona, L50, M|\n|poke|p2|Kommo-o, L50, F|\n|poke|p2|Sneasler, L50, M|\n|poke|p2|Aegislash, L50, M|\n|teampreview|4\n|\n|t:|1776296911\n|teamsize|p1|4\n|teamsize|p2|4\n|start\n|switch|p1a: Dragonite|Dragonite, L50, M|100/100\n|switch|p1b: Sneasler|Sneasler, L50, M|100/100\n|switch|p2a: Farigiraf|Farigiraf, L50, M|100/100\n|switch|p2b: Greninja|Greninja, L50, M|100/100\n|turn|1\n|inactive|Battle timer is ON: inactive players will automatically lose when time's up. (requested by Mocho8)\n|\n|t:|1776296994\n|switch|p1a: Politoed|Politoed, L50, F|100/100\n|-weather|RainDance|[from] ability: Drizzle|[of] p1a: Politoed\n|detailschange|p2b: Greninja|Greninja-Mega, L50, M\n|-mega|p2b: Greninja|Greninja|Greninjite\n|move|p2b: Greninja|Ice Punch|p1a: Politoed\n|-start|p2b: Greninja|typechange|Ice|[from] ability: Protean\n|-resisted|p1a: Politoed|1\n|-damage|p1a: Politoed|74/100\n|move|p1b: Sneasler|Close Combat|p2b: Greninja\n|-supereffective|p2b: Greninja|1\n|-damage|p2b: Greninja|0 fnt\n|-unboost|p1b: Sneasler|def|1\n|-unboost|p1b: Sneasler|spd|1\n|faint|p2b: Greninja\n|move|p2a: Farigiraf|Psychic|p1b: Sneasler\n|-supereffective|p1b: Sneasler|2\n|-enditem|p1b: Sneasler|Focus Sash\n|-damage|p1b: Sneasler|1/100\n|-unboost|p1b: Sneasler|spd|1\n|\n|-weather|RainDance|[upkeep]\n|upkeep\n|\n|t:|1776297016\n|switch|p2b: Sneasler|Sneasler, L50, M|100/100\n|turn|2\n|\n|t:|1776297040\n|move|p2b: Sneasler|Fake Out|p1b: Sneasler\n|-damage|p1b: Sneasler|0 fnt\n|faint|p1b: Sneasler\n|move|p1a: Politoed|Muddy Water|p2b: Sneasler|[spread] p2a,p2b\n|-damage|p2a: Farigiraf|46/100\n|-damage|p2b: Sneasler|32/100\n|move|p2a: Farigiraf|Trick Room|p2a: Farigiraf\n|-fieldstart|move: Trick Room|[of] p2a: Farigiraf\n|\n|-weather|RainDance|[upkeep]\n|-heal|p2a: Farigiraf|52/100|[from] item: Leftovers\n|upkeep\n|\n|t:|1776297051\n|switch|p1b: Sinistcha|Sinistcha, L50|100/100\n|-heal|p1a: Politoed|99/100|[from] ability: Hospitality|[of] p1b: Sinistcha\n|turn|3\n|inactive|ayetea has 30 seconds left.\n|inactive|ayetea has 20 seconds left.\n|inactive|ayetea has 15 seconds left.\n|\n|t:|1776297094\n|switch|p2b: Volcarona|Volcarona, L50, M|100/100\n|move|p2a: Farigiraf|Psychic|p1a: Politoed\n|-damage|p1a: Politoed|60/100\n|move|p1a: Politoed|Muddy Water|p2b: Volcarona|[spread] p2a\n|-miss|p1a: Politoed|p2b: Volcarona\n|-damage|p2a: Farigiraf|0 fnt\n|faint|p2a: Farigiraf\n|move|p1b: Sinistcha|Trick Room|p1b: Sinistcha\n|-fieldend|move: Trick Room\n|\n|-weather|RainDance|[upkeep]\n|upkeep\n|\n|t:|1776297104\n|switch|p2a: Sneasler|Sneasler, L50, M|32/100\n|turn|4\n|inactive|Mocho8 has 30 seconds left.\n|inactive|Mocho8 has 20 seconds left.\n|\n|t:|1776297140\n|switch|p1a: Dragonite|Dragonite, L50, M|100/100\n|move|p2a: Sneasler|Close Combat|p1a: Dragonite\n|-resisted|p1a: Dragonite|1\n|-damage|p1a: Dragonite|85/100\n|-unboost|p2a: Sneasler|def|1\n|-unboost|p2a: Sneasler|spd|1\n|move|p2b: Volcarona|Heat Wave|p1b: Sinistcha|[spread] p1a,p1b\n|-resisted|p1a: Dragonite|1\n|-supereffective|p1b: Sinistcha|1\n|-damage|p1a: Dragonite|75/100\n|-damage|p1b: Sinistcha|53/100\n|move|p1b: Sinistcha|Matcha Gotcha|p2a: Sneasler|[spread] p2a,p2b\n|-resisted|p2a: Sneasler|1\n|-resisted|p2b: Volcarona|2\n|-damage|p2a: Sneasler|6/100\n|-heal|p1b: Sinistcha|65/100|[from] drain|[of] p2a: Sneasler\n|-damage|p2b: Volcarona|95/100\n|-heal|p1b: Sinistcha|68/100|[from] drain|[of] p2b: Volcarona\n|\n|-weather|RainDance|[upkeep]\n|upkeep\n|turn|5\n|inactive|Mocho8 has 30 seconds left.\n|inactive|ayetea has 30 seconds left.\n|inactive|ayetea has 20 seconds left.\n|inactive|ayetea has 15 seconds left.\n|\n|t:|1776297181\n|detailschange|p1a: Dragonite|Dragonite-Mega, L50, M\n|-mega|p1a: Dragonite|Dragonite|Dragoninite\n|move|p2b: Volcarona|Rage Powder|p2b: Volcarona\n|-singleturn|p2b: Volcarona|move: Rage Powder\n|move|p1b: Sinistcha|Rage Powder|p1b: Sinistcha\n|-singleturn|p1b: Sinistcha|move: Rage Powder\n|move|p2a: Sneasler|Dire Claw|p1b: Sinistcha\n|-damage|p1b: Sinistcha|31/100\n|-enditem|p1b: Sinistcha|Sitrus Berry|[eat]\n|-heal|p1b: Sinistcha|56/100|[from] item: Sitrus Berry\n|move|p1a: Dragonite|Hurricane|p2b: Volcarona\n|-supereffective|p2b: Volcarona|1\n|-damage|p2b: Volcarona|0 fnt\n|faint|p2b: Volcarona\n|\n|-weather|none\n|upkeep\n|turn|6\n|c|\u2606ayetea|gg\n|\n|t:|1776297205\n|switch|p1b: Politoed|Politoed, L50, F|60/100\n|-weather|RainDance|[from] ability: Drizzle|[of] p1b: Politoed\n|move|p2a: Sneasler|Dire Claw|p1a: Dragonite\n|-damage|p1a: Dragonite|37/100\n|move|p1a: Dragonite|Hurricane|p2a: Sneasler\n|-supereffective|p2a: Sneasler|1\n|-damage|p2a: Sneasler|0 fnt\n|faint|p2a: Sneasler\n|\n|win|Mocho8\n|raw|Mocho8's rating: 1078 &rarr; <strong>1106</strong><br />(+28 for winning)\n|raw|ayetea's rating: 1075 &rarr; <strong>1054</strong><br />(-21 for losing)\n|c|\u2606Mocho8|gg\n",
  "uploadtime": 1776297223,
  "views": 18,
  "formatid": "gen9championsvgc2026regma",
  "rating": 1054,
  "private": 0,
  "password": null
}