{
  "id": "gen9championsvgc2026regma-2580982795",
  "format": "[Gen 9 Champions] VGC 2026 Reg M-A",
  "players": [
    "danz12",
    "CoolMichaelYew"
  ],
  "log": "|j|\u2606danz12\n|j|\u2606CoolMichaelYew\n|t:|1775948889\n|gametype|doubles\n|player|p1|danz12|101|1000\n|player|p2|CoolMichaelYew|koga|1051\n|gen|9\n|tier|[Gen 9 Champions] VGC 2026 Reg M-A\n|rated|\n|rule|Species Clause: Limit one of each Pok\u00e9mon\n|rule|Item Clause: Limit 1 of each item\n|clearpoke\n|poke|p1|Charizard, L50, M|\n|poke|p1|Venusaur, L50, M|\n|poke|p1|Incineroar, L50, M|\n|poke|p1|Whimsicott, L50, F|\n|poke|p1|Farigiraf, L50, F|\n|poke|p1|Kangaskhan, L50, F|\n|poke|p2|Sinistcha, L50|\n|poke|p2|Mr. Rime, L50, F|\n|poke|p2|Crabominable, L50, F|\n|poke|p2|Camerupt, L50, F|\n|poke|p2|Audino, L50, M|\n|poke|p2|Rotom-Frost, L50|\n|teampreview|4\n|inactive|Battle timer is ON: inactive players will automatically lose when time's up. (requested by CoolMichaelYew)\n|\n|t:|1775948910\n|teamsize|p1|4\n|teamsize|p2|4\n|start\n|switch|p1a: Drax|Charizard, L50, M|100/100\n|switch|p1b: Tigre To\u00f1o|Incineroar, L50, M|100/100\n|switch|p2a: Sinistcha|Sinistcha, L50|100/100\n|switch|p2b: Mr. Rime|Mr. Rime, L50, F|100/100\n|-ability|p1b: Tigre To\u00f1o|Intimidate|boost\n|-unboost|p2a: Sinistcha|atk|1\n|-unboost|p2b: Mr. Rime|atk|1\n|turn|1\n|\n|t:|1775948925\n|move|p1a: Drax|Protect|p1a: Drax\n|-singleturn|p1a: Drax|Protect\n|move|p2b: Mr. Rime|Fake Out|p1b: Tigre To\u00f1o\n|-damage|p1b: Tigre To\u00f1o|96/100\n|cant|p1b: Tigre To\u00f1o|flinch\n|move|p2a: Sinistcha|Trick Room|p2a: Sinistcha\n|-fieldstart|move: Trick Room|[of] p2a: Sinistcha\n|\n|upkeep\n|turn|2\n|\n|t:|1775948936\n|detailschange|p1a: Drax|Charizard-Mega-Y, L50, M\n|-mega|p1a: Drax|Charizard|Charizardite Y\n|-weather|SunnyDay|[from] ability: Drought|[of] p1a: Drax\n|move|p1b: Tigre To\u00f1o|Parting Shot|p2a: Sinistcha\n|-unboost|p2a: Sinistcha|atk|1\n|-unboost|p2a: Sinistcha|spa|1\n|\n|t:|1775948941\n|switch|p1b: Kristell|Farigiraf, L50, F|100/100|[from] Parting Shot\n|move|p2b: Mr. Rime|Snowscape|p2b: Mr. Rime\n|-weather|Snowscape\n|move|p2a: Sinistcha|Memento|p1a: Drax\n|-unboost|p1a: Drax|atk|2\n|-unboost|p1a: Drax|spa|2\n|faint|p2a: Sinistcha\n|move|p1a: Drax|Heat Wave|p2b: Mr. Rime\n|-supereffective|p2b: Mr. Rime|1\n|-damage|p2b: Mr. Rime|62/100\n|\n|-weather|Snowscape|[upkeep]\n|-heal|p2b: Mr. Rime|68/100|[from] ability: Ice Body\n|upkeep\n|\n|t:|1775948948\n|switch|p2a: Crabominable|Crabominable, L50, F|100/100\n|turn|3\n|\n|t:|1775948964\n|switch|p1a: Tigre To\u00f1o|Incineroar, L50, M|96/100\n|-ability|p1a: Tigre To\u00f1o|Intimidate|boost\n|-unboost|p2a: Crabominable|atk|1\n|-unboost|p2b: Mr. Rime|atk|1\n|move|p2b: Mr. Rime|Frost Breath|p2a: Crabominable\n|-resisted|p2a: Crabominable|1\n|-crit|p2a: Crabominable\n|-damage|p2a: Crabominable|80/100\n|-setboost|p2a: Crabominable|atk|6|[from] ability: Anger Point\n|move|p2a: Crabominable|Ice Hammer|p1b: Kristell\n|-damage|p1b: Kristell|0 fnt\n|-unboost|p2a: Crabominable|spe|1\n|faint|p1b: Kristell\n|\n|-weather|Snowscape|[upkeep]\n|-heal|p2b: Mr. Rime|74/100|[from] ability: Ice Body\n|upkeep\n|\n|t:|1775948967\n|switch|p1b: Drax|Charizard-Mega-Y, L50, M|100/100\n|-weather|SunnyDay|[from] ability: Drought|[of] p1b: Drax\n|turn|4\n|inactive|CoolMichaelYew has 30 seconds left.\n|\n|t:|1775949001\n|detailschange|p2a: Crabominable|Crabominable-Mega, L50, F\n|-mega|p2a: Crabominable|Crabominable|Crabominite\n|move|p1a: Tigre To\u00f1o|Fake Out|p2a: Crabominable\n|-damage|p2a: Crabominable|72/100\n|cant|p2a: Crabominable|flinch\n|move|p2b: Mr. Rime|Snowscape|p2b: Mr. Rime\n|-weather|Snowscape\n|move|p1b: Drax|Heat Wave|p2a: Crabominable|[spread] p2a,p2b\n|-supereffective|p2a: Crabominable|1\n|-supereffective|p2b: Mr. Rime|1\n|-damage|p2a: Crabominable|1/100\n|-damage|p2b: Mr. Rime|16/100\n|-status|p2a: Crabominable|brn\n|-status|p2b: Mr. Rime|brn\n|\n|-weather|Snowscape|[upkeep]\n|-heal|p2b: Mr. Rime|22/100 brn|[from] ability: Ice Body\n|-damage|p2a: Crabominable|0 fnt|[from] brn\n|faint|p2a: Crabominable\n|-damage|p2b: Mr. Rime|16/100 brn|[from] brn\n|upkeep\n|\n|t:|1775949013\n|switch|p2a: Camerupt|Camerupt, L50, F|100/100\n|turn|5\n|\n|t:|1775949027\n|switch|p1b: Pardo|Venusaur, L50, M, shiny|100/100\n|move|p2a: Camerupt|Rock Slide|p1b: Pardo|[spread] p1a,p1b\n|-supereffective|p1a: Tigre To\u00f1o|1\n|-damage|p1a: Tigre To\u00f1o|63/100\n|-damage|p1b: Pardo|80/100\n|cant|p1a: Tigre To\u00f1o|flinch\n|move|p2b: Mr. Rime|Frost Breath|p2a: Camerupt\n|-crit|p2a: Camerupt\n|-damage|p2a: Camerupt|58/100\n|-setboost|p2a: Camerupt|atk|6|[from] ability: Anger Point\n|\n|-weather|Snowscape|[upkeep]\n|-heal|p2b: Mr. Rime|22/100 brn|[from] ability: Ice Body\n|-damage|p2b: Mr. Rime|16/100 brn|[from] brn\n|-fieldend|move: Trick Room\n|upkeep\n|turn|6\n|inactive|danz12 has 30 seconds left.\n|\n|t:|1775949055\n|switch|p1a: Drax|Charizard-Mega-Y, L50, M|100/100\n|-weather|SunnyDay|[from] ability: Drought|[of] p1a: Drax\n|move|p2b: Mr. Rime|Protect|p2b: Mr. Rime\n|-singleturn|p2b: Mr. Rime|Protect\n|move|p1b: Pardo|Earth Power|p2a: Camerupt\n|-supereffective|p2a: Camerupt|1\n|-damage|p2a: Camerupt|0 fnt\n|faint|p2a: Camerupt\n|\n|-weather|SunnyDay|[upkeep]\n|-damage|p2b: Mr. Rime|10/100 brn|[from] brn\n|upkeep\n|turn|7\n|\n|t:|1775949067\n|move|p1b: Pardo|Weather Ball|p2b: Mr. Rime\n|-supereffective|p2b: Mr. Rime|1\n|-damage|p2b: Mr. Rime|0 fnt\n|faint|p2b: Mr. Rime\n|\n|win|danz12\n|raw|danz12's rating: 1000 &rarr; <strong>1046</strong><br />(+46 for winning)\n|raw|CoolMichaelYew's rating: 1051 &rarr; <strong>1031</strong><br />(-20 for losing)\n|l|\u2606CoolMichaelYew\n|player|p2|\n|c|\u2606danz12|Gg\n",
  "uploadtime": 1775949074,
  "views": 9,
  "formatid": "gen9championsvgc2026regma",
  "rating": 1031,
  "private": 0,
  "password": null
}