{
  "id": "gen9championsvgc2026regma-2583545140",
  "format": "[Gen 9 Champions] VGC 2026 Reg M-A",
  "players": [
    "jaysohm",
    "rmb28"
  ],
  "log": "|j|\u2606jaysohm\n|j|\u2606rmb28\n|t:|1776182398\n|gametype|doubles\n|player|p1|jaysohm|guitarist|1065\n|player|p2|rmb28|169|1000\n|gen|9\n|tier|[Gen 9 Champions] VGC 2026 Reg M-A\n|rated|\n|rule|Species Clause: Limit one of each Pok\u00e9mon\n|rule|Item Clause: Limit 1 of each item\n|clearpoke\n|poke|p1|Avalugg-Hisui, L50, M|\n|poke|p1|Kingambit, L50, F|\n|poke|p1|Farigiraf, L50, F|\n|poke|p1|Tyranitar, L50, F|\n|poke|p1|Froslass, L50, F|\n|poke|p1|Rotom-Wash, L50|\n|poke|p2|Floette-Eternal, L50, F|\n|poke|p2|Aerodactyl, L50, F|\n|poke|p2|Garchomp, L50, F|\n|poke|p2|Incineroar, L50, F|\n|teampreview|4\n|inactive|Battle timer is ON: inactive players will automatically lose when time's up. (requested by rmb28)\n|inactive|jaysohm also wants the timer to be on.\n|inactive|jaysohm has 60 seconds left.\n|inactive|rmb28 has 60 seconds left.\n|\n|t:|1776182434\n|teamsize|p1|4\n|teamsize|p2|4\n|start\n|switch|p1a: Farigiraf|Farigiraf, L50, F|100/100\n|switch|p1b: Froslass|Froslass, L50, F|100/100\n|switch|p2a: Aerodactyl|Aerodactyl, L50, F|100/100\n|switch|p2b: Garchomp|Garchomp, L50, F|100/100\n|-ability|p2a: Aerodactyl|Unnerve\n|turn|1\n|inactive|jaysohm has 30 seconds left.\n|\n|t:|1776182462\n|move|p2a: Aerodactyl|Wide Guard|p2a: Aerodactyl\n|-singleturn|p2a: Aerodactyl|Wide Guard\n|move|p2b: Garchomp|Dragon Claw|p1b: Froslass\n|-damage|p1b: Froslass|38/100\n|move|p1b: Froslass|Will-O-Wisp|p2b: Garchomp\n|-status|p2b: Garchomp|brn\n|move|p1a: Farigiraf|Trick Room|p1a: Farigiraf\n|-fieldstart|move: Trick Room|[of] p1a: Farigiraf\n|\n|-damage|p2b: Garchomp|95/100 brn|[from] brn\n|upkeep\n|turn|2\n|inactive|jaysohm has 30 seconds left.\n|inactive|jaysohm has 20 seconds left.\n|\n|t:|1776182499\n|switch|p1b: Rotom|Rotom-Wash, L50|100/100\n|move|p2a: Aerodactyl|Protect||[still]\n|-fail|p2a: Aerodactyl\n|move|p1a: Farigiraf|Psychic|p2a: Aerodactyl\n|-damage|p2a: Aerodactyl|48/100\n|move|p2b: Garchomp|Dragon Claw|p1b: Rotom\n|-damage|p1b: Rotom|76/100\n|\n|-damage|p2b: Garchomp|89/100 brn|[from] brn\n|upkeep\n|turn|3\n|l|\u2606rmb28\n|inactive|rmb28 disconnected and has a minute to reconnect!\n|player|p2|\n|inactive|jaysohm has 30 seconds left.\n|inactive|rmb28 has 30 seconds left.\n|j|\u2606rmb28\n|inactive|rmb28 reconnected and has 30 seconds left.\n|player|p2|rmb28|169|\n|inactive|rmb28 has 20 seconds left.\n|inactive|rmb28 has 15 seconds left.\n|\n|t:|1776182542\n|switch|p2a: Incineroar|Incineroar, L50, F|100/100\n|-ability|p2a: Incineroar|Intimidate|boost\n|-unboost|p1a: Farigiraf|atk|1\n|-unboost|p1b: Rotom|atk|1\n|move|p1a: Farigiraf|Psychic|p2a: Incineroar\n|-immune|p2a: Incineroar\n|move|p1b: Rotom|Hydro Pump|p2b: Garchomp\n|-crit|p2b: Garchomp\n|-damage|p2b: Garchomp|20/100 brn\n|move|p2b: Garchomp|Dragon Claw|p1a: Farigiraf\n|-damage|p1a: Farigiraf|84/100\n|\n|-damage|p2b: Garchomp|14/100 brn|[from] brn\n|upkeep\n|turn|4\n|\n|t:|1776182559\n|move|p1a: Farigiraf|Psychic|p2b: Garchomp\n|-damage|p2b: Garchomp|0 fnt\n|faint|p2b: Garchomp\n|move|p2a: Incineroar|Parting Shot|p1b: Rotom\n|-unboost|p1b: Rotom|atk|1\n|-unboost|p1b: Rotom|spa|1\n|\n|t:|1776182563\n|switch|p2a: Floette|Floette-Eternal, L50, F|100/100|[from] Parting Shot\n|move|p1b: Rotom|Hydro Pump|p2a: Floette\n|-damage|p2a: Floette|78/100\n|\n|upkeep\n|\n|t:|1776182567\n|switch|p2b: Aerodactyl|Aerodactyl, L50, F|48/100\n|-ability|p2b: Aerodactyl|Unnerve\n|turn|5\n|l|\u2606rmb28\n|inactive|rmb28 disconnected and has a minute to reconnect!\n|player|p2|\n|\n|t:|1776182588\n|move|p1a: Farigiraf|Protect|p1a: Farigiraf\n|-singleturn|p1a: Farigiraf|Protect\n|move|p2b: Aerodactyl|Protect|p2b: Aerodactyl\n|-singleturn|p2b: Aerodactyl|Protect\n|move|p2a: Floette|Calm Mind|p2a: Floette\n|-boost|p2a: Floette|spa|1\n|-boost|p2a: Floette|spd|1\n|move|p1b: Rotom|Hydro Pump|p2b: Aerodactyl\n|-activate|p2b: Aerodactyl|move: Protect\n|\n|-fieldend|move: Trick Room\n|upkeep\n|turn|6\n|j|\u2606rmb28\n|inactive|rmb28 reconnected and has 50 seconds left.\n|player|p2|rmb28|169|\n|\n|t:|1776182605\n|switch|p1b: Avalugg|Avalugg-Hisui, L50, M|100/100\n|detailschange|p2a: Floette|Floette-Mega, L50, F\n|-mega|p2a: Floette|Floette|Floettite\n|-ability|p2a: Floette|Fairy Aura\n|move|p2b: Aerodactyl|Tailwind|p2b: Aerodactyl\n|-sidestart|p2: rmb28|move: Tailwind\n|move|p2a: Floette|Dazzling Gleam|p1b: Avalugg|[spread] p1a,p1b\n|-damage|p1a: Farigiraf|24/100\n|-ability|p1b: Avalugg|Sturdy\n|-damage|p1b: Avalugg|1/100\n|move|p1a: Farigiraf|Trick Room|p1a: Farigiraf\n|-fieldstart|move: Trick Room|[of] p1a: Farigiraf\n|\n|-heal|p1b: Avalugg|7/100|[from] item: Leftovers\n|upkeep\n|turn|7\n|\n|t:|1776182626\n|move|p1b: Avalugg|Wide Guard|p1b: Avalugg\n|-singleturn|p1b: Avalugg|Wide Guard\n|move|p2b: Aerodactyl|Wide Guard|p2b: Aerodactyl\n|-singleturn|p2b: Aerodactyl|Wide Guard\n|move|p1a: Farigiraf|Psychic|p2b: Aerodactyl\n|-damage|p2b: Aerodactyl|0 fnt\n|faint|p2b: Aerodactyl\n|move|p2a: Floette|Dazzling Gleam|p1b: Avalugg|[spread] \n|-activate|p1a: Farigiraf|move: Wide Guard\n|-activate|p1b: Avalugg|move: Wide Guard\n|\n|-heal|p1b: Avalugg|13/100|[from] item: Leftovers\n|upkeep\n|\n|t:|1776182629\n|switch|p2b: Incineroar|Incineroar, L50, F|100/100\n|-ability|p2b: Incineroar|Intimidate|boost\n|-unboost|p1a: Farigiraf|atk|1\n|-unboost|p1b: Avalugg|atk|1\n|turn|8\n|inactive|jaysohm has 30 seconds left.\n|\n|t:|1776182659\n|move|p1b: Avalugg|Body Press|p2b: Incineroar\n|-supereffective|p2b: Incineroar|1\n|-damage|p2b: Incineroar|30/100\n|move|p1a: Farigiraf|Psychic|p2a: Floette\n|-damage|p2a: Floette|61/100\n|move|p2b: Incineroar|Flare Blitz|p1a: Farigiraf\n|-damage|p1a: Farigiraf|0 fnt\n|faint|p1a: Farigiraf\n|-damage|p2b: Incineroar|22/100|[from] Recoil\n|move|p2a: Floette|Dazzling Gleam|p1b: Avalugg\n|-damage|p1b: Avalugg|0 fnt\n|faint|p1b: Avalugg\n|\n|upkeep\n|\n|t:|1776182670\n|switch|p1b: Rotom|Rotom-Wash, L50|76/100\n|switch|p1a: Froslass|Froslass, L50, F|38/100\n|turn|9\n|inactive|jaysohm has 30 seconds left.\n|\n|t:|1776182697\n|detailschange|p1a: Froslass|Froslass-Mega, L50, F\n|-mega|p1a: Froslass|Froslass|Froslassite\n|-weather|Snowscape|[from] ability: Snow Warning|[of] p1a: Froslass\n|move|p2a: Floette|Protect|p2a: Floette\n|-singleturn|p2a: Floette|Protect\n|move|p2b: Incineroar|Flare Blitz|p1a: Froslass\n|-supereffective|p1a: Froslass|1\n|-damage|p1a: Froslass|0 fnt\n|faint|p1a: Froslass\n|-damage|p2b: Incineroar|13/100|[from] Recoil\n|move|p1b: Rotom|Hydro Pump|p2b: Incineroar\n|-supereffective|p2b: Incineroar|1\n|-damage|p2b: Incineroar|0 fnt\n|faint|p2b: Incineroar\n|\n|-weather|Snowscape|[upkeep]\n|-sideend|p2: rmb28|move: Tailwind\n|upkeep\n|turn|10\n|c|\u2606jaysohm|ggwp\n|\n|t:|1776182718\n|move|p2a: Floette|Light of Ruin|p1b: Rotom\n|-damage|p1b: Rotom|0 fnt\n|faint|p1b: Rotom\n|-damage|p2a: Floette|29/100|[from] Recoil\n|\n|win|rmb28\n|raw|jaysohm's rating: 1065 &rarr; <strong>1042</strong><br />(-23 for losing)\n|raw|rmb28's rating: 1000 &rarr; <strong>1047</strong><br />(+47 for winning)\n",
  "uploadtime": 1776182726,
  "views": 18,
  "formatid": "gen9championsvgc2026regma",
  "rating": 1042,
  "private": 0,
  "password": null
}