{
  "id": "gen9championsvgc2026regma-2587855697",
  "format": "[Gen 9 Champions] VGC 2026 Reg M-A",
  "players": [
    "Marcio Lira",
    "aHpEl"
  ],
  "log": "|j|\u2606Marcio Lira\n|j|\u2606aHpEl\n|t:|1776571096\n|gametype|doubles\n|player|p1|Marcio Lira|bugcatcher-gen4dp|1138\n|player|p2|aHpEl|169|1051\n|gen|9\n|tier|[Gen 9 Champions] VGC 2026 Reg M-A\n|rated|\n|rule|Species Clause: Limit one of each Pok\u00e9mon\n|rule|Item Clause: Limit 1 of each item\n|clearpoke\n|poke|p1|Pelipper, L50, M|\n|poke|p1|Primarina, L50, F|\n|poke|p1|Basculegion, L50, M|\n|poke|p1|Archaludon, L50, M|\n|poke|p1|Scovillain, L50, M|\n|poke|p1|Incineroar, L50, M|\n|poke|p2|Meganium, L50, F|\n|poke|p2|Archaludon, L50, M|\n|poke|p2|Aerodactyl, L50, F|\n|poke|p2|Typhlosion-Hisui, L50, F|\n|poke|p2|Tauros-Paldea-Aqua, L50, M|\n|poke|p2|Kangaskhan, L50, F|\n|teampreview|4\n|inactive|Battle timer is ON: inactive players will automatically lose when time's up. (requested by Marcio Lira)\n|\n|t:|1776571139\n|teamsize|p1|4\n|teamsize|p2|4\n|start\n|switch|p1a: Scovillain|Scovillain, L50, M|100/100\n|switch|p1b: Basculegion|Basculegion, L50, M|100/100\n|switch|p2a: Kangaskhan|Kangaskhan, L50, F|100/100\n|switch|p2b: Aerodactyl|Aerodactyl, L50, F|100/100\n|-ability|p2b: Aerodactyl|Unnerve\n|turn|1\n|inactive|Marcio Lira has 30 seconds left.\n|inactive|Marcio Lira has 20 seconds left.\n|inactive|Marcio Lira has 15 seconds left.\n|\n|t:|1776571182\n|switch|p1b: Incineroar|Incineroar, L50, M|100/100\n|-ability|p1b: Incineroar|Intimidate|boost\n|-fail|p2a: Kangaskhan|unboost|Attack|[from] ability: Inner Focus|[of] p2a: Kangaskhan\n|-unboost|p2b: Aerodactyl|atk|1\n|detailschange|p2a: Kangaskhan|Kangaskhan-Mega, L50, F\n|-mega|p2a: Kangaskhan|Kangaskhan|Kangaskhanite\n|detailschange|p1a: Scovillain|Scovillain-Mega, L50, M\n|-mega|p1a: Scovillain|Scovillain|Scovillainite\n|move|p2a: Kangaskhan|Sucker Punch||[still]\n|-fail|p2a: Kangaskhan\n|move|p2b: Aerodactyl|Rock Slide|p1b: Incineroar|[spread] p1a,p1b\n|-supereffective|p1a: Scovillain|1\n|-supereffective|p1b: Incineroar|1\n|-damage|p1a: Scovillain|66/100\n|-damage|p1b: Incineroar|62/100\n|-status|p2b: Aerodactyl|brn|[from] ability: Spicy Spray|[of] p1a: Scovillain\n|move|p1a: Scovillain|Leech Seed|p2a: Kangaskhan\n|-start|p2a: Kangaskhan|move: Leech Seed\n|\n|-damage|p2a: Kangaskhan|88/100|[from] Leech Seed|[of] p1a: Scovillain\n|-heal|p1a: Scovillain|78/100|[silent]\n|-damage|p2b: Aerodactyl|95/100 brn|[from] brn\n|upkeep\n|turn|2\n|\n|t:|1776571206\n|move|p1a: Scovillain|Rage Powder|p1a: Scovillain\n|-singleturn|p1a: Scovillain|move: Rage Powder\n|move|p2b: Aerodactyl|Rock Slide|p1b: Incineroar|[spread] p1b\n|-miss|p2b: Aerodactyl|p1a: Scovillain\n|-supereffective|p1b: Incineroar|1\n|-damage|p1b: Incineroar|41/100\n|move|p2a: Kangaskhan|Double-Edge|p1a: Scovillain\n|-damage|p1a: Scovillain|8/100\n|-status|p2a: Kangaskhan|brn|[from] ability: Spicy Spray|[of] p1a: Scovillain\n|-damage|p1a: Scovillain|0 fnt\n|faint|p1a: Scovillain\n|-hitcount|p1: Scovillain|2\n|-damage|p2a: Kangaskhan|64/100 brn|[from] Recoil\n|move|p1b: Incineroar|Parting Shot|p2a: Kangaskhan\n|-unboost|p2a: Kangaskhan|atk|1\n|-unboost|p2a: Kangaskhan|spa|1\n|\n|t:|1776571217\n|switch|p1b: Primarina|Primarina, L50, F|100/100|[from] Parting Shot\n|\n|-damage|p2b: Aerodactyl|89/100 brn|[from] brn\n|-damage|p2a: Kangaskhan|58/100 brn|[from] brn\n|upkeep\n|\n|t:|1776571221\n|switch|p1a: Incineroar|Incineroar, L50, M|41/100\n|-ability|p1a: Incineroar|Intimidate|boost\n|-unboost|p2a: Kangaskhan|atk|1\n|-unboost|p2b: Aerodactyl|atk|1\n|turn|3\n|\n|t:|1776571233\n|move|p2b: Aerodactyl|Rock Slide|p1b: Primarina|[spread] p1a,p1b\n|-supereffective|p1a: Incineroar|1\n|-damage|p1a: Incineroar|27/100\n|-damage|p1b: Primarina|93/100\n|move|p2a: Kangaskhan|Double-Edge|p1a: Incineroar\n|-damage|p1a: Incineroar|9/100\n|-damage|p1a: Incineroar|5/100\n|-hitcount|p1a: Incineroar|2\n|-damage|p2a: Kangaskhan|51/100 brn|[from] Recoil\n|move|p1a: Incineroar|Parting Shot|p2a: Kangaskhan\n|-unboost|p2a: Kangaskhan|atk|1\n|-unboost|p2a: Kangaskhan|spa|1\n|\n|t:|1776571244\n|switch|p1a: Basculegion|Basculegion, L50, M|100/100|[from] Parting Shot\n|move|p1b: Primarina|Calm Mind|p1b: Primarina\n|-boost|p1b: Primarina|spa|1\n|-boost|p1b: Primarina|spd|1\n|\n|-damage|p2a: Kangaskhan|39/100 brn|[from] Leech Seed|[of] p1a: Basculegion\n|-damage|p2b: Aerodactyl|83/100 brn|[from] brn\n|-damage|p2a: Kangaskhan|33/100 brn|[from] brn\n|upkeep\n|turn|4\n|\n|t:|1776571258\n|move|p1a: Basculegion|Flip Turn|p2b: Aerodactyl\n|-supereffective|p2b: Aerodactyl|1\n|-damage|p2b: Aerodactyl|0 fnt\n|faint|p2b: Aerodactyl\n|\n|t:|1776571262\n|switch|p1a: Incineroar|Incineroar, L50, M|5/100|[from] Flip Turn\n|-enditem|p1a: Incineroar|Sitrus Berry|[eat]\n|-heal|p1a: Incineroar|30/100|[from] item: Sitrus Berry\n|-ability|p1a: Incineroar|Intimidate|boost\n|-unboost|p2a: Kangaskhan|atk|1\n|move|p2a: Kangaskhan|Double-Edge|p1b: Primarina\n|-damage|p1b: Primarina|80/100\n|-damage|p1b: Primarina|78/100\n|-hitcount|p1b: Primarina|2\n|-damage|p2a: Kangaskhan|27/100 brn|[from] Recoil\n|move|p1b: Primarina|Calm Mind|p1b: Primarina\n|-boost|p1b: Primarina|spa|1\n|-boost|p1b: Primarina|spd|1\n|\n|-damage|p2a: Kangaskhan|15/100 brn|[from] Leech Seed|[of] p1a: Incineroar\n|-heal|p1a: Incineroar|42/100|[silent]\n|-damage|p2a: Kangaskhan|9/100 brn|[from] brn\n|upkeep\n|\n|t:|1776571281\n|switch|p2b: Archaludon|Archaludon, L50, M|100/100\n|turn|5\n|\n|t:|1776571289\n|move|p1a: Incineroar|Fake Out|p2b: Archaludon\n|-resisted|p2b: Archaludon|1\n|-damage|p2b: Archaludon|95/100\n|move|p2a: Kangaskhan|Low Kick|p1a: Incineroar\n|-supereffective|p1a: Incineroar|1\n|-damage|p1a: Incineroar|30/100\n|-supereffective|p1a: Incineroar|1\n|-damage|p1a: Incineroar|27/100\n|-hitcount|p1a: Incineroar|2\n|cant|p2b: Archaludon|flinch\n|move|p1b: Primarina|Moonblast|p2b: Archaludon\n|-damage|p2b: Archaludon|0 fnt\n|faint|p2b: Archaludon\n|\n|-damage|p2a: Kangaskhan|0 fnt|[from] Leech Seed|[of] p1a: Incineroar\n|-heal|p1a: Incineroar|37/100|[silent]\n|faint|p2a: Kangaskhan\n|upkeep\n|-message|aHpEl forfeited.\n|\n|win|Marcio Lira\n|raw|Marcio Lira's rating: 1138 &rarr; <strong>1157</strong><br />(+19 for winning)\n|raw|aHpEl's rating: 1051 &rarr; <strong>1038</strong><br />(-13 for losing)\n|l|\u2606aHpEl\n|player|p2|\n",
  "uploadtime": 1776571311,
  "views": 13,
  "formatid": "gen9championsvgc2026regma",
  "rating": 1038,
  "private": 0,
  "password": null
}