{
  "id": "gen9championsvgc2026regma-2585557990",
  "format": "[Gen 9 Champions] VGC 2026 Reg M-A",
  "players": [
    "Unbenlievable",
    "pinkfluit"
  ],
  "log": "|j|\u2606Unbenlievable\n|j|\u2606pinkfluit\n|t:|1776355416\n|gametype|doubles\n|player|p1|Unbenlievable|170|1200\n|player|p2|pinkfluit|wattson|1265\n|gen|9\n|tier|[Gen 9 Champions] VGC 2026 Reg M-A\n|rated|\n|rule|Species Clause: Limit one of each Pok\u00e9mon\n|rule|Item Clause: Limit 1 of each item\n|clearpoke\n|poke|p1|Meowstic, L50, M|\n|poke|p1|Armarouge, L50, F|\n|poke|p1|Drampa, L50, F|\n|poke|p1|Sinistcha, L50|\n|poke|p1|Kingambit, L50, F|\n|poke|p1|Rhyperior, L50, F|\n|poke|p2|Glimmora, L50, F|\n|poke|p2|Corviknight, L50, F|\n|poke|p2|Sinistcha, L50|\n|poke|p2|Primarina, L50, M|\n|poke|p2|Incineroar, L50, M|\n|poke|p2|Dragapult, L50, F|\n|teampreview|4\n|\n|t:|1776355448\n|teamsize|p1|4\n|teamsize|p2|4\n|start\n|switch|p1a: Meowstic|Meowstic, L50, M|100/100\n|switch|p1b: Armarouge|Armarouge, L50, F|100/100\n|switch|p2a: Corviknight|Corviknight, L50, F|100/100\n|switch|p2b: Primarina|Primarina, L50, M|100/100\n|turn|1\n|\n|t:|1776355468\n|move|p1a: Meowstic|Fake Out|p2b: Primarina\n|-damage|p2b: Primarina|93/100\n|move|p2a: Corviknight|Tailwind|p2a: Corviknight\n|-sidestart|p2: pinkfluit|move: Tailwind\n|cant|p2b: Primarina|flinch\n|move|p1b: Armarouge|Trick Room|p1b: Armarouge\n|-fieldstart|move: Trick Room|[of] p1b: Armarouge\n|\n|upkeep\n|turn|2\n|\n|t:|1776355488\n|move|p2b: Primarina|Protect|p2b: Primarina\n|-singleturn|p2b: Primarina|Protect\n|move|p1a: Meowstic|Psychic Terrain|p1a: Meowstic\n|-fieldstart|move: Psychic Terrain\n|move|p1b: Armarouge|Expanding Force|p2b: Primarina|[spread] p2a\n|-activate|p2b: Primarina|move: Protect\n|-resisted|p2a: Corviknight|1\n|-damage|p2a: Corviknight|56/100\n|move|p2a: Corviknight|Roost|p2a: Corviknight\n|-heal|p2a: Corviknight|100/100\n|-singleturn|p2a: Corviknight|move: Roost\n|\n|upkeep\n|turn|3\n|\n|t:|1776355522\n|move|p1b: Armarouge|Expanding Force|p2a: Corviknight|[spread] p2a,p2b\n|-resisted|p2a: Corviknight|1\n|-damage|p2a: Corviknight|60/100\n|-damage|p2b: Primarina|24/100\n|move|p1a: Meowstic|Expanding Force|p2a: Corviknight|[spread] p2a,p2b\n|-resisted|p2a: Corviknight|1\n|-damage|p2a: Corviknight|41/100\n|-damage|p2b: Primarina|0 fnt\n|faint|p2b: Primarina\n|move|p2a: Corviknight|Roost|p2a: Corviknight\n|-heal|p2a: Corviknight|91/100\n|-singleturn|p2a: Corviknight|move: Roost\n|\n|-heal|p2a: Corviknight|97/100|[from] item: Leftovers\n|upkeep\n|\n|t:|1776355535\n|switch|p2b: Incineroar|Incineroar, L50, M|100/100\n|-ability|p2b: Incineroar|Intimidate|boost\n|-unboost|p1a: Meowstic|atk|1\n|-unboost|p1b: Armarouge|atk|1\n|turn|4\n|\n|t:|1776355544\n|move|p1b: Armarouge|Armor Cannon|p2a: Corviknight\n|-supereffective|p2a: Corviknight|1\n|-crit|p2a: Corviknight\n|-damage|p2a: Corviknight|0 fnt\n|-unboost|p1b: Armarouge|def|1\n|-unboost|p1b: Armarouge|spd|1\n|faint|p2a: Corviknight\n|move|p1a: Meowstic|Expanding Force|p2b: Incineroar\n|-immune|p2b: Incineroar\n|move|p2b: Incineroar|Darkest Lariat|p1a: Meowstic\n|-supereffective|p1a: Meowstic|1\n|-damage|p1a: Meowstic|11/100\n|-enditem|p1a: Meowstic|Sitrus Berry|[eat]\n|-heal|p1a: Meowstic|36/100|[from] item: Sitrus Berry\n|\n|-sideend|p2: pinkfluit|move: Tailwind\n|upkeep\n|\n|t:|1776355562\n|switch|p2a: Glimmora|Glimmora, L50, F|100/100\n|turn|5\n|\n|t:|1776355574\n|move|p2a: Glimmora|Spiky Shield|p2a: Glimmora\n|-singleturn|p2a: Glimmora|move: Protect\n|move|p2b: Incineroar|Darkest Lariat|p1b: Armarouge\n|-supereffective|p1b: Armarouge|1\n|-damage|p1b: Armarouge|22/100\n|move|p1b: Armarouge|Aura Sphere|p2b: Incineroar\n|-supereffective|p2b: Incineroar|1\n|-enditem|p2b: Incineroar|Chople Berry|[eat]\n|-enditem|p2b: Incineroar|Chople Berry|[weaken]\n|-damage|p2b: Incineroar|77/100\n|move|p1a: Meowstic|Expanding Force|p2b: Incineroar|[spread] \n|-activate|p2a: Glimmora|move: Protect\n|-immune|p2b: Incineroar\n|\n|-fieldend|move: Trick Room\n|upkeep\n|turn|6\n|\n|t:|1776355596\n|detailschange|p2a: Glimmora|Glimmora-Mega, L50, F\n|-mega|p2a: Glimmora|Glimmora|Glimmoranite\n|move|p2a: Glimmora|Sludge Bomb|p1a: Meowstic\n|-damage|p1a: Meowstic|0 fnt\n|faint|p1a: Meowstic\n|move|p2b: Incineroar|Darkest Lariat|p1b: Armarouge\n|-supereffective|p1b: Armarouge|1\n|-damage|p1b: Armarouge|0 fnt\n|faint|p1b: Armarouge\n|\n|-fieldend|move: Psychic Terrain\n|upkeep\n|\n|t:|1776355602\n|switch|p1a: Frane Selak|Rhyperior, L50, F|100/100\n|switch|p1b: Kingambit|Kingambit, L50, F|100/100\n|turn|7\n|\n|t:|1776355619\n|move|p2a: Glimmora|Earth Power|p1a: Frane Selak\n|-supereffective|p1a: Frane Selak|1\n|-damage|p1a: Frane Selak|26/100\n|-unboost|p1a: Frane Selak|spd|1\n|move|p2b: Incineroar|Flare Blitz|p1b: Kingambit\n|-supereffective|p1b: Kingambit|1\n|-damage|p1b: Kingambit|34/100\n|-damage|p2b: Incineroar|54/100|[from] Recoil\n|move|p1b: Kingambit|Low Kick|p2b: Incineroar\n|-supereffective|p2b: Incineroar|1\n|-damage|p2b: Incineroar|7/100\n|move|p1a: Frane Selak|Earthquake|p2a: Glimmora|[spread] p1b,p2a,p2b\n|-supereffective|p1b: Kingambit|1\n|-supereffective|p2a: Glimmora|2\n|-supereffective|p2b: Incineroar|1\n|-damage|p1b: Kingambit|0 fnt\n|-damage|p2a: Glimmora|0 fnt\n|-damage|p2b: Incineroar|0 fnt\n|faint|p1b: Kingambit\n|faint|p2a: Glimmora\n|faint|p2b: Incineroar\n|\n|win|Unbenlievable\n|raw|Unbenlievable's rating: 1200 &rarr; <strong>1230</strong><br />(+30 for winning)\n|raw|pinkfluit's rating: 1265 &rarr; <strong>1235</strong><br />(-30 for losing)\n|l|\u2606pinkfluit\n|player|p2|\n",
  "uploadtime": 1776355674,
  "views": 55,
  "formatid": "gen9championsvgc2026regma",
  "rating": 1230,
  "private": 0,
  "password": null
}