{
  "id": "gen9championsvgc2026regma-2584476226",
  "format": "[Gen 9 Champions] VGC 2026 Reg M-A",
  "players": [
    "awammy",
    "is0fey"
  ],
  "log": "|j|\u2606awammy\n|j|\u2606is0fey\n|t:|1776263412\n|gametype|doubles\n|player|p1|awammy|colress|1113\n|player|p2|is0fey|2|1195\n|gen|9\n|tier|[Gen 9 Champions] VGC 2026 Reg M-A\n|rated|\n|rule|Species Clause: Limit one of each Pok\u00e9mon\n|rule|Item Clause: Limit 1 of each item\n|clearpoke\n|poke|p1|Garchomp, L50, M|\n|poke|p1|Corviknight, L50, M|\n|poke|p1|Sinistcha, L50|\n|poke|p1|Typhlosion-Hisui, L50, M|\n|poke|p1|Kingambit, L50, F|\n|poke|p1|Floette-Eternal, L50, F|\n|poke|p2|Blastoise, L50, M|\n|poke|p2|Excadrill, L50, M|\n|poke|p2|Tyranitar, L50, M|\n|poke|p2|Typhlosion-Hisui, L50, M|\n|poke|p2|Sinistcha, L50|\n|poke|p2|Primarina, L50, M|\n|teampreview|4\n|c|\u2606is0fey|glhf!\n|\n|t:|1776263460\n|teamsize|p1|4\n|teamsize|p2|4\n|start\n|switch|p1a: Kingambit|Kingambit, L50, F|100/100\n|switch|p1b: Corviknight|Corviknight, L50, M|100/100\n|switch|p2a: Typhlosion|Typhlosion-Hisui, L50, M|100/100\n|switch|p2b: Primarina|Primarina, L50, M|100/100\n|-item|p1a: Kingambit|Chople Berry|[from] ability: Frisk|[of] p2a: Typhlosion\n|-item|p1b: Corviknight|Leftovers|[from] ability: Frisk|[of] p2a: Typhlosion\n|turn|1\n|\n|t:|1776263490\n|move|p1a: Kingambit|Sucker Punch|p2a: Typhlosion\n|-supereffective|p2a: Typhlosion|1\n|-damage|p2a: Typhlosion|0 fnt\n|faint|p2a: Typhlosion\n|move|p1b: Corviknight|Tailwind|p1b: Corviknight\n|-sidestart|p1: awammy|move: Tailwind\n|move|p2b: Primarina|Hyper Voice|p1a: Kingambit|[spread] p1a,p1b\n|-damage|p1a: Kingambit|53/100\n|-damage|p1b: Corviknight|58/100\n|\n|-heal|p1b: Corviknight|65/100|[from] item: Leftovers\n|upkeep\n|\n|t:|1776263494\n|switch|p2a: Blastoise|Blastoise, L50, M|100/100\n|turn|2\n|\n|t:|1776263520\n|detailschange|p2a: Blastoise|Blastoise-Mega, L50, M\n|-mega|p2a: Blastoise|Blastoise|Blastoisinite\n|move|p1b: Corviknight|Bulk Up|p1b: Corviknight\n|-boost|p1b: Corviknight|atk|1\n|-boost|p1b: Corviknight|def|1\n|move|p1a: Kingambit|Kowtow Cleave|p2a: Blastoise\n|-damage|p2a: Blastoise|60/100\n|move|p2a: Blastoise|Shell Smash|p2a: Blastoise\n|-unboost|p2a: Blastoise|def|1\n|-unboost|p2a: Blastoise|spd|1\n|-boost|p2a: Blastoise|atk|2\n|-boost|p2a: Blastoise|spa|2\n|-boost|p2a: Blastoise|spe|2\n|move|p2b: Primarina|Hyper Voice|p1a: Kingambit|[spread] p1a,p1b\n|-damage|p1a: Kingambit|7/100\n|-damage|p1b: Corviknight|21/100\n|\n|-heal|p1b: Corviknight|27/100|[from] item: Leftovers\n|upkeep\n|turn|3\n|\n|t:|1776263545\n|move|p2a: Blastoise|Protect|p2a: Blastoise\n|-singleturn|p2a: Blastoise|Protect\n|move|p1a: Kingambit|Protect|p1a: Kingambit\n|-singleturn|p1a: Kingambit|Protect\n|move|p1b: Corviknight|Body Press|p2a: Blastoise\n|-activate|p2a: Blastoise|move: Protect\n|move|p2b: Primarina|Hyper Voice|p1b: Corviknight|[spread] p1b\n|-activate|p1a: Kingambit|move: Protect\n|-damage|p1b: Corviknight|0 fnt\n|faint|p1b: Corviknight\n|\n|upkeep\n|\n|t:|1776263557\n|switch|p1b: Floette|Floette-Eternal, L50, F|100/100\n|turn|4\n|\n|t:|1776263573\n|detailschange|p1b: Floette|Floette-Mega, L50, F\n|-mega|p1b: Floette|Floette|Floettite\n|-ability|p1b: Floette|Fairy Aura\n|move|p1a: Kingambit|Sucker Punch||[still]\n|-fail|p1a: Kingambit\n|move|p1b: Floette|Calm Mind|p1b: Floette\n|-boost|p1b: Floette|spa|1\n|-boost|p1b: Floette|spd|1\n|move|p2a: Blastoise|Shell Smash|p2a: Blastoise\n|-unboost|p2a: Blastoise|def|1\n|-unboost|p2a: Blastoise|spd|1\n|-boost|p2a: Blastoise|atk|2\n|-boost|p2a: Blastoise|spa|2\n|-boost|p2a: Blastoise|spe|2\n|move|p2b: Primarina|Hyper Voice|p1b: Floette|[spread] p1a,p1b\n|-damage|p1a: Kingambit|0 fnt\n|-damage|p1b: Floette|82/100\n|faint|p1a: Kingambit\n|\n|-sideend|p1: awammy|move: Tailwind\n|upkeep\n|\n|t:|1776263588\n|switch|p1a: Garchomp|Garchomp, L50, M|100/100\n|turn|5\n|\n|t:|1776263611\n|move|p2a: Blastoise|Water Pulse|p1b: Floette\n|-damage|p1b: Floette|15/100\n|move|p1a: Garchomp|Earthquake|p2a: Blastoise|[spread] p1b,p2a,p2b\n|-damage|p1b: Floette|0 fnt\n|-damage|p2a: Blastoise|0 fnt\n|-damage|p2b: Primarina|52/100\n|faint|p1b: Floette\n|faint|p2a: Blastoise\n|move|p2b: Primarina|Hyper Voice|p1a: Garchomp\n|-damage|p1a: Garchomp|36/100\n|\n|upkeep\n|\n|t:|1776263621\n|switch|p2a: Excadrill|Excadrill, L50, M|100/100\n|turn|6\n|\n|t:|1776263625\n|move|p1a: Garchomp|Earthquake|p2a: Excadrill|[spread] p2a,p2b\n|-supereffective|p2a: Excadrill|1\n|-enditem|p2a: Excadrill|Focus Sash\n|-damage|p2a: Excadrill|1/100\n|-damage|p2b: Primarina|3/100\n|move|p2a: Excadrill|High Horsepower|p1a: Garchomp\n|-damage|p1a: Garchomp|0 fnt\n|-damage|p2a: Excadrill|0 fnt|[from] ability: Rough Skin|[of] p1a: Garchomp\n|faint|p1a: Garchomp\n|faint|p2a: Excadrill\n|\n|win|is0fey\n|raw|awammy's rating: 1113 &rarr; <strong>1094</strong><br />(-19 for losing)\n|raw|is0fey's rating: 1195 &rarr; <strong>1214</strong><br />(+19 for winning)\n",
  "uploadtime": 1776263625,
  "views": 23,
  "formatid": "gen9championsvgc2026regma",
  "rating": 1094,
  "private": 0,
  "password": null
}