{
  "id": "gen9championsvgc2026regma-2589552016",
  "format": "[Gen 9 Champions] VGC 2026 Reg M-A",
  "players": [
    "CurrentlyPooing",
    "PurelyCynical"
  ],
  "log": "|j|\u2606CurrentlyPooing\n|j|\u2606PurelyCynical\n|t:|1776733424\n|gametype|doubles\n|player|p1|CurrentlyPooing|ethan|1164\n|player|p2|PurelyCynical|ingo|1107\n|gen|9\n|tier|[Gen 9 Champions] VGC 2026 Reg M-A\n|rated|\n|rule|Species Clause: Limit one of each Pok\u00e9mon\n|rule|Item Clause: Limit 1 of each item\n|clearpoke\n|poke|p1|Charizard, L50, M|\n|poke|p1|Sneasler, L50, M|\n|poke|p1|Garchomp, L50, F|\n|poke|p1|Whimsicott, L50, F|\n|poke|p1|Basculegion, L50, M|\n|poke|p1|Kangaskhan, L50, F|\n|poke|p2|Vivillon, L50, F, shiny|\n|poke|p2|Golurk, L50, shiny|\n|poke|p2|Farigiraf, L50, F, shiny|\n|poke|p2|Incineroar, L50, M, shiny|\n|poke|p2|Sharpedo, L50, M|\n|poke|p2|Hydrapple, L50, M, shiny|\n|teampreview|4\n|inactive|Battle timer is ON: inactive players will automatically lose when time's up. (requested by CurrentlyPooing)\n|\n|t:|1776733453\n|teamsize|p1|4\n|teamsize|p2|4\n|start\n|switch|p1a: Cat?|Sneasler, L50, M|100/100\n|switch|p1b: Dead Fish|Basculegion, L50, M|100/100\n|switch|p2a: Incineroar|Incineroar, L50, M, shiny|100/100\n|switch|p2b: Farigiraf|Farigiraf, L50, F, shiny|100/100\n|-ability|p2a: Incineroar|Intimidate|boost\n|-unboost|p1a: Cat?|atk|1\n|-unboost|p1b: Dead Fish|atk|1\n|-enditem|p1a: Cat?|White Herb\n|-clearnegativeboost|p1a: Cat?|[silent]\n|turn|1\n|inactive|CurrentlyPooing has 30 seconds left.\n|\n|t:|1776733485\n|move|p2a: Incineroar|Fake Out|p1a: Cat?\n|-damage|p1a: Cat?|81/100\n|cant|p1a: Cat?|flinch\n|move|p1b: Dead Fish|Wave Crash|p2a: Incineroar\n|-supereffective|p2a: Incineroar|1\n|-damage|p2a: Incineroar|7/100\n|-enditem|p2a: Incineroar|Sitrus Berry|[eat]\n|-heal|p2a: Incineroar|32/100|[from] item: Sitrus Berry\n|-damage|p1b: Dead Fish|69/100|[from] Recoil\n|move|p2b: Farigiraf|Trick Room|p2b: Farigiraf\n|-fieldstart|move: Trick Room|[of] p2b: Farigiraf\n|\n|upkeep\n|turn|2\n|\n|t:|1776733508\n|move|p2a: Incineroar|Parting Shot|p1b: Dead Fish\n|-unboost|p1b: Dead Fish|atk|1\n|-unboost|p1b: Dead Fish|spa|1\n|\n|t:|1776733514\n|switch|p2a: Golurk|Golurk, L50, shiny|100/100|[from] Parting Shot\n|move|p2b: Farigiraf|Twin Beam|p1a: Cat?\n|-supereffective|p1a: Cat?|2\n|-damage|p1a: Cat?|2/100\n|-supereffective|p1a: Cat?|2\n|-damage|p1a: Cat?|0 fnt\n|faint|p1a: Cat?\n|-hitcount|p1: Cat?|2\n|move|p1b: Dead Fish|Wave Crash|p2b: Farigiraf\n|-damage|p2b: Farigiraf|63/100\n|-damage|p1b: Dead Fish|55/100|[from] Recoil\n|\n|upkeep\n|\n|t:|1776733532\n|switch|p1a: MF GARCHOMP|Garchomp, L50, F|100/100\n|turn|3\n|\n|t:|1776733556\n|switch|p1b: Suns Out Guns Out|Charizard, L50, M|100/100\n|detailschange|p2a: Golurk|Golurk-Mega, L50, shiny\n|-mega|p2a: Golurk|Golurk|Golurkite\n|move|p2b: Farigiraf|Hyper Voice|p1a: MF GARCHOMP|[spread] p1a,p1b\n|-damage|p1a: MF GARCHOMP|77/100\n|-damage|p1b: Suns Out Guns Out|73/100\n|move|p2a: Golurk|Poltergeist|p1a: MF GARCHOMP\n|-activate|p1a: MF GARCHOMP|move: Poltergeist|Leftovers\n|-damage|p1a: MF GARCHOMP|12/100\n|move|p1a: MF GARCHOMP|Earthquake|p2b: Farigiraf|[spread] p2a,p2b\n|-immune|p1b: Suns Out Guns Out\n|-damage|p2a: Golurk|62/100\n|-damage|p2b: Farigiraf|25/100\n|\n|-heal|p1a: MF GARCHOMP|18/100|[from] item: Leftovers\n|upkeep\n|turn|4\n|inactive|CurrentlyPooing has 30 seconds left.\n|\n|t:|1776733591\n|detailschange|p1b: Suns Out Guns Out|Charizard-Mega-Y, L50, M\n|-mega|p1b: Suns Out Guns Out|Charizard|Charizardite Y\n|-weather|SunnyDay|[from] ability: Drought|[of] p1b: Suns Out Guns Out\n|move|p2b: Farigiraf|Twin Beam|p1b: Suns Out Guns Out\n|-damage|p1b: Suns Out Guns Out|61/100\n|-damage|p1b: Suns Out Guns Out|49/100\n|-hitcount|p1b: Suns Out Guns Out|2\n|move|p2a: Golurk|Poltergeist|p1a: MF GARCHOMP\n|-activate|p1a: MF GARCHOMP|move: Poltergeist|Leftovers\n|-damage|p1a: MF GARCHOMP|0 fnt\n|faint|p1a: MF GARCHOMP\n|move|p1b: Suns Out Guns Out|Solar Beam||[still]\n|-prepare|p1b: Suns Out Guns Out|Solar Beam\n|-anim|p1b: Suns Out Guns Out|Solar Beam|p2a: Golurk\n|-supereffective|p2a: Golurk|1\n|-damage|p2a: Golurk|0 fnt\n|faint|p2a: Golurk\n|\n|-weather|SunnyDay|[upkeep]\n|upkeep\n|inactive|CurrentlyPooing has 30 seconds left.\n|\n|t:|1776733623\n|switch|p2a: Hydrapple|Hydrapple, L50, M, shiny|100/100\n|switch|p1a: Dead Fish|Basculegion, L50, M|55/100\n|turn|5\n|\n|t:|1776733635\n|move|p1b: Suns Out Guns Out|Protect|p1b: Suns Out Guns Out\n|-singleturn|p1b: Suns Out Guns Out|Protect\n|move|p2a: Hydrapple|Giga Drain|p1a: Dead Fish\n|-supereffective|p1a: Dead Fish|1\n|-crit|p1a: Dead Fish\n|-damage|p1a: Dead Fish|0 fnt\n|faint|p1a: Dead Fish\n|move|p2b: Farigiraf|Hyper Voice|p1b: Suns Out Guns Out\n|-activate|p1b: Suns Out Guns Out|move: Protect\n|\n|-weather|SunnyDay|[upkeep]\n|-fieldend|move: Trick Room\n|upkeep\n|turn|6\n|\n|t:|1776733650\n|move|p1b: Suns Out Guns Out|Heat Wave|p2a: Hydrapple|[spread] p2a,p2b\n|-damage|p2a: Hydrapple|52/100\n|-damage|p2b: Farigiraf|0 fnt\n|faint|p2b: Farigiraf\n|move|p2a: Hydrapple|Draco Meteor|p1b: Suns Out Guns Out\n|-damage|p1b: Suns Out Guns Out|0 fnt\n|-unboost|p2a: Hydrapple|spa|2\n|faint|p1b: Suns Out Guns Out\n|\n|win|PurelyCynical\n|raw|CurrentlyPooing's rating: 1164 &rarr; <strong>1135</strong><br />(-29 for losing)\n|raw|PurelyCynical's rating: 1107 &rarr; <strong>1136</strong><br />(+29 for winning)\n",
  "uploadtime": 1776733658,
  "views": 3,
  "formatid": "gen9championsvgc2026regma",
  "rating": 1135,
  "private": 0,
  "password": null
}