{
  "id": "gen9championsvgc2026regma-2588267018",
  "format": "[Gen 9 Champions] VGC 2026 Reg M-A",
  "players": [
    "piedi nei piedi",
    "guorongjia"
  ],
  "log": "|j|\u2606piedi nei piedi\n|j|\u2606guorongjia\n|t:|1776619464\n|gametype|doubles\n|player|p1|piedi nei piedi|zinnia|1451\n|player|p2|guorongjia|miku-water|1524\n|gen|9\n|tier|[Gen 9 Champions] VGC 2026 Reg M-A\n|rated|\n|rule|Species Clause: Limit one of each Pok\u00e9mon\n|rule|Item Clause: Limit 1 of each item\n|clearpoke\n|poke|p1|Maushold-Four, L50|\n|poke|p1|Sneasler, L50, M|\n|poke|p1|Kingambit, L50, F|\n|poke|p1|Froslass, L50, F|\n|poke|p1|Arcanine-Hisui, L50, F|\n|poke|p1|Azumarill, L50, F|\n|poke|p2|Gengar, L50, F, shiny|\n|poke|p2|Basculegion, L50, M, shiny|\n|poke|p2|Sneasler, L50, F, shiny|\n|poke|p2|Pelipper, L50, F, shiny|\n|poke|p2|Kingambit, L50, M, shiny|\n|poke|p2|Archaludon, L50, F, shiny|\n|teampreview|4\n|inactive|Battle timer is ON: inactive players will automatically lose when time's up. (requested by guorongjia)\n|inactive|piedi nei piedi has 60 seconds left.\n|\n|t:|1776619504\n|teamsize|p1|4\n|teamsize|p2|4\n|start\n|switch|p1a: Froslasso|Froslass, L50, F|100/100\n|switch|p1b: Mausholdi|Maushold-Four, L50|100/100\n|switch|p2a: Archaludon|Archaludon, L50, F, shiny|100/100\n|switch|p2b: Pelipper|Pelipper, L50, F, shiny|100/100\n|-weather|RainDance|[from] ability: Drizzle|[of] p2b: Pelipper\n|turn|1\n|\n|t:|1776619516\n|detailschange|p1a: Froslasso|Froslass-Mega, L50, F\n|-mega|p1a: Froslasso|Froslass|Froslassite\n|-weather|Snowscape|[from] ability: Snow Warning|[of] p1a: Froslasso\n|move|p1a: Froslasso|Aurora Veil|p1a: Froslasso\n|-sidestart|p1: piedi nei piedi|move: Aurora Veil\n|move|p1b: Mausholdi|Taunt|p2b: Pelipper\n|-start|p2b: Pelipper|move: Taunt\n|cant|p2b: Pelipper|move: Taunt|Tailwind\n|move|p2a: Archaludon|Electro Shot||[still]\n|-prepare|p2a: Archaludon|Electro Shot\n|-boost|p2a: Archaludon|spa|1\n|\n|-weather|Snowscape|[upkeep]\n|upkeep\n|turn|2\n|\n|t:|1776619536\n|switch|p2b: Basculegion|Basculegion, L50, M, shiny|100/100\n|move|p1b: Mausholdi|Follow Me|p1b: Mausholdi\n|-singleturn|p1b: Mausholdi|move: Follow Me\n|move|p1a: Froslasso|Blizzard|p2b: Basculegion|[spread] p2a,p2b\n|-resisted|p2b: Basculegion|1\n|-damage|p2a: Archaludon|53/100\n|-damage|p2b: Basculegion|74/100\n|-ability|p2a: Archaludon|Stamina|boost\n|-boost|p2a: Archaludon|def|1\n|move|p2a: Archaludon|Electro Shot|p1b: Mausholdi|[from] lockedmove\n|-damage|p1b: Mausholdi|46/100\n|\n|-weather|Snowscape|[upkeep]\n|upkeep\n|turn|3\n|\n|t:|1776619551\n|switch|p2b: Pelipper|Pelipper, L50, F, shiny|100/100\n|-weather|RainDance|[from] ability: Drizzle|[of] p2b: Pelipper\n|move|p1b: Mausholdi|Follow Me|p1b: Mausholdi\n|-singleturn|p1b: Mausholdi|move: Follow Me\n|move|p1a: Froslasso|Shadow Ball|p2b: Pelipper\n|-damage|p2b: Pelipper|25/100\n|move|p2a: Archaludon|Electro Shot||[still]\n|-prepare|p2a: Archaludon|Electro Shot\n|-boost|p2a: Archaludon|spa|1\n|-anim|p2a: Archaludon|Electro Shot|p1b: Mausholdi\n|-damage|p1b: Mausholdi|0 fnt\n|faint|p1b: Mausholdi\n|\n|-weather|RainDance|[upkeep]\n|upkeep\n|\n|t:|1776619561\n|switch|p1b: Azumarillo|Azumarill, L50, F|100/100\n|turn|4\n|\n|t:|1776619570\n|move|p1b: Azumarillo|Aqua Jet|p2a: Archaludon\n|-resisted|p2a: Archaludon|1\n|-damage|p2a: Archaludon|42/100\n|-ability|p2a: Archaludon|Stamina|boost\n|-boost|p2a: Archaludon|def|1\n|move|p1a: Froslasso|Shadow Ball|p2a: Archaludon\n|-damage|p2a: Archaludon|0 fnt\n|faint|p2a: Archaludon\n|move|p2b: Pelipper|Tailwind|p2b: Pelipper\n|-sidestart|p2: guorongjia|move: Tailwind\n|\n|-weather|RainDance|[upkeep]\n|upkeep\n|\n|t:|1776619579\n|switch|p2a: Basculegion|Basculegion, L50, M, shiny|74/100\n|turn|5\n|\n|t:|1776619585\n|move|p2a: Basculegion|Last Respects|p1a: Froslasso\n|-supereffective|p1a: Froslasso|1\n|-damage|p1a: Froslasso|0 fnt\n|faint|p1a: Froslasso\n|move|p2b: Pelipper|Hurricane|p1b: Azumarillo\n|-damage|p1b: Azumarillo|66/100\n|move|p1b: Azumarillo|Belly Drum|p1b: Azumarillo\n|-damage|p1b: Azumarillo|16/100\n|-setboost|p1b: Azumarillo|atk|6|[from] move: Belly Drum\n|-enditem|p1b: Azumarillo|Sitrus Berry|[eat]\n|-heal|p1b: Azumarillo|41/100|[from] item: Sitrus Berry\n|\n|-weather|RainDance|[upkeep]\n|-sideend|p1: piedi nei piedi|move: Aurora Veil\n|upkeep\n|\n|t:|1776619593\n|switch|p1a: Gambitium|Kingambit, L50, F|100/100\n|turn|6\n|-activate|p1a: Gambitium|item: Quick Claw\n|\n|t:|1776619603\n|move|p1a: Gambitium|Sucker Punch|p2a: Basculegion\n|-supereffective|p2a: Basculegion|1\n|-damage|p2a: Basculegion|0 fnt\n|faint|p2a: Basculegion\n|move|p1b: Azumarillo|Aqua Jet|p2b: Pelipper\n|-resisted|p2b: Pelipper|1\n|-damage|p2b: Pelipper|0 fnt\n|faint|p2b: Pelipper\n|\n|-weather|RainDance|[upkeep]\n|upkeep\n|\n|t:|1776619609\n|switch|p2b: Gengar|Gengar, L50, F, shiny|100/100\n|turn|7\n|-message|guorongjia forfeited.\n|\n|win|piedi nei piedi\n|raw|piedi nei piedi's rating: 1451 &rarr; <strong>1475</strong><br />(+24 for winning)\n|raw|guorongjia's rating: 1524 &rarr; <strong>1500</strong><br />(-24 for losing)\n|l|\u2606guorongjia\n|player|p2|\n",
  "uploadtime": 1776619613,
  "views": 17,
  "formatid": "gen9championsvgc2026regma",
  "rating": 1475,
  "private": 0,
  "password": null
}