{
  "id": "gen9championsvgc2026regma-2584617208",
  "format": "[Gen 9 Champions] VGC 2026 Reg M-A",
  "players": [
    "ethalem",
    "gonegeb"
  ],
  "log": "|j|\u2606ethalem\n|j|\u2606gonegeb\n|t:|1776272386\n|gametype|doubles\n|player|p1|ethalem|acetrainer-gen4dp|1220\n|player|p2|gonegeb|corbeau|1155\n|gen|9\n|tier|[Gen 9 Champions] VGC 2026 Reg M-A\n|rated|\n|rule|Species Clause: Limit one of each Pok\u00e9mon\n|rule|Item Clause: Limit 1 of each item\n|clearpoke\n|poke|p1|Incineroar, L50, F|\n|poke|p1|Floette-Eternal, L50, F|\n|poke|p1|Sinistcha, L50|\n|poke|p1|Aerodactyl, L50, F|\n|poke|p1|Garchomp, L50, F|\n|poke|p1|Delphox, L50, M|\n|poke|p2|Lucario, L50, M|\n|poke|p2|Umbreon, L50, M|\n|poke|p2|Arcanine, L50, F|\n|poke|p2|Ceruledge, L50, M|\n|poke|p2|Corviknight, L50, M|\n|poke|p2|Whimsicott, L50, F|\n|teampreview|4\n|inactive|Battle timer is ON: inactive players will automatically lose when time's up. (requested by ethalem)\n|inactive|ethalem has 60 seconds left.\n|inactive|gonegeb has 60 seconds left.\n|\n|t:|1776272439\n|teamsize|p1|4\n|teamsize|p2|4\n|start\n|switch|p1a: Delphox|Delphox, L50, M|100/100\n|switch|p1b: Aerodactyl|Aerodactyl, L50, F|100/100\n|switch|p2a: Lucario|Lucario, L50, M|100/100\n|switch|p2b: Whimsicott|Whimsicott, L50, F, shiny|100/100\n|-ability|p1b: Aerodactyl|Unnerve\n|turn|1\n|\n|t:|1776272456\n|detailschange|p2a: Lucario|Lucario-Mega, L50, M\n|-mega|p2a: Lucario|Lucario|Lucarionite\n|move|p2b: Whimsicott|Tailwind|p2b: Whimsicott\n|-sidestart|p2: gonegeb|move: Tailwind\n|move|p2a: Lucario|Meteor Mash|p1b: Aerodactyl\n|-supereffective|p1b: Aerodactyl|1\n|-enditem|p1b: Aerodactyl|Focus Sash\n|-damage|p1b: Aerodactyl|1/100\n|move|p1b: Aerodactyl|Tailwind|p1b: Aerodactyl\n|-sidestart|p1: ethalem|move: Tailwind\n|move|p1a: Delphox|Heat Wave|p2a: Lucario|[spread] p2a,p2b\n|-supereffective|p2a: Lucario|1\n|-supereffective|p2b: Whimsicott|1\n|-damage|p2a: Lucario|0 fnt\n|-damage|p2b: Whimsicott|2/100\n|faint|p2a: Lucario\n|\n|upkeep\n|\n|t:|1776272465\n|switch|p2a: Ceruledge|Ceruledge, L50, M|100/100\n|turn|2\n|\n|t:|1776272485\n|switch|p2b: Umbreon|Umbreon, L50, M, shiny|100/100\n|move|p1a: Delphox|Protect|p1a: Delphox\n|-singleturn|p1a: Delphox|Protect\n|move|p2a: Ceruledge|Shadow Sneak|p1b: Aerodactyl\n|-damage|p1b: Aerodactyl|0 fnt\n|faint|p1b: Aerodactyl\n|\n|upkeep\n|\n|t:|1776272498\n|switch|p1b: Floette|Floette-Eternal, L50, F|100/100\n|turn|3\n|\n|t:|1776272517\n|detailschange|p1b: Floette|Floette-Mega, L50, F\n|-mega|p1b: Floette|Floette|Floettite\n|-ability|p1b: Floette|Fairy Aura\n|move|p1a: Delphox|Encore|p2a: Ceruledge\n|-start|p2a: Ceruledge|Encore\n|move|p2a: Ceruledge|Shadow Sneak|p1b: Floette\n|-damage|p1b: Floette|83/100\n|move|p1b: Floette|Calm Mind|p1b: Floette\n|-boost|p1b: Floette|spa|1\n|-boost|p1b: Floette|spd|1\n|move|p2b: Umbreon|Snarl|p1a: Delphox|[spread] p1a,p1b\n|-supereffective|p1a: Delphox|1\n|-resisted|p1b: Floette|1\n|-damage|p1a: Delphox|79/100\n|-damage|p1b: Floette|81/100\n|-unboost|p1a: Delphox|spa|1\n|-unboost|p1b: Floette|spa|1\n|\n|upkeep\n|turn|4\n|\n|t:|1776272542\n|switch|p1a: Sinistcha|Sinistcha, L50|100/100\n|-heal|p1b: Floette|100/100|[from] ability: Hospitality|[of] p1a: Sinistcha\n|move|p2a: Ceruledge|Shadow Sneak|p1a: Sinistcha\n|-supereffective|p1a: Sinistcha|1\n|-damage|p1a: Sinistcha|72/100\n|move|p1b: Floette|Calm Mind|p1b: Floette\n|-boost|p1b: Floette|spa|1\n|-boost|p1b: Floette|spd|1\n|move|p2b: Umbreon|Yawn|p1b: Floette\n|-start|p1b: Floette|move: Yawn|[of] p2b: Umbreon\n|\n|-sideend|p2: gonegeb|move: Tailwind\n|-sideend|p1: ethalem|move: Tailwind\n|upkeep\n|turn|5\n|\n|t:|1776272570\n|switch|p2a: Whimsicott|Whimsicott, L50, F, shiny|2/100\n|switch|p1a: Delphox|Delphox, L50, M|79/100\n|move|p1b: Floette|Dazzling Gleam|p2a: Whimsicott|[spread] p2a,p2b\n|-supereffective|p2b: Umbreon|1\n|-damage|p2a: Whimsicott|0 fnt\n|-damage|p2b: Umbreon|14/100\n|faint|p2a: Whimsicott\n|move|p2b: Umbreon|Snarl|p1a: Delphox|[spread] p1a,p1b\n|-supereffective|p1a: Delphox|1\n|-resisted|p1b: Floette|1\n|-damage|p1a: Delphox|54/100\n|-damage|p1b: Floette|99/100\n|-unboost|p1a: Delphox|spa|1\n|-unboost|p1b: Floette|spa|1\n|\n|-heal|p2b: Umbreon|20/100|[from] item: Leftovers\n|-end|p1b: Floette|move: Yawn|[silent]\n|-status|p1b: Floette|slp\n|upkeep\n|\n|t:|1776272578\n|switch|p2a: Ceruledge|Ceruledge, L50, M|100/100\n|turn|6\n|\n|t:|1776272601\n|move|p1a: Delphox|Protect|p1a: Delphox\n|-singleturn|p1a: Delphox|Protect\n|cant|p1b: Floette|slp\n|move|p2a: Ceruledge|Bulk Up|p2a: Ceruledge\n|-boost|p2a: Ceruledge|atk|1\n|-boost|p2a: Ceruledge|def|1\n|move|p2b: Umbreon|Snarl|p1a: Delphox|[spread] p1b\n|-activate|p1a: Delphox|move: Protect\n|-resisted|p1b: Floette|1\n|-damage|p1b: Floette|97/100 slp\n|-unboost|p1b: Floette|spa|1\n|\n|-heal|p2b: Umbreon|26/100|[from] item: Leftovers\n|upkeep\n|turn|7\n|\n|t:|1776272624\n|move|p2a: Ceruledge|Shadow Sneak|p1a: Delphox\n|-supereffective|p1a: Delphox|1\n|-damage|p1a: Delphox|0 fnt\n|faint|p1a: Delphox\n|cant|p1b: Floette|slp\n|move|p2b: Umbreon|Snarl|p1b: Floette\n|-resisted|p1b: Floette|1\n|-damage|p1b: Floette|94/100 slp\n|-unboost|p1b: Floette|spa|1\n|\n|-heal|p2b: Umbreon|32/100|[from] item: Leftovers\n|upkeep\n|\n|t:|1776272636\n|switch|p1a: Sinistcha|Sinistcha, L50|72/100\n|-heal|p1b: Floette|100/100 slp|[from] ability: Hospitality|[of] p1a: Sinistcha\n|turn|8\n|\n|t:|1776272653\n|-curestatus|p1b: Floette|slp|[msg]\n|move|p1b: Floette|Dazzling Gleam|p2a: Ceruledge|[spread] p2a,p2b\n|-resisted|p2a: Ceruledge|1\n|-supereffective|p2b: Umbreon|1\n|-crit|p2b: Umbreon\n|-damage|p2a: Ceruledge|93/100\n|-damage|p2b: Umbreon|0 fnt\n|faint|p2b: Umbreon\n|move|p2a: Ceruledge|Bitter Blade|p1a: Sinistcha\n|-supereffective|p1a: Sinistcha|1\n|-damage|p1a: Sinistcha|0 fnt\n|-heal|p2a: Ceruledge|100/100|[from] drain|[of] p1a: Sinistcha\n|faint|p1a: Sinistcha\n|\n|upkeep\n|turn|9\n|\n|t:|1776272668\n|move|p1b: Floette|Draining Kiss|p2a: Ceruledge\n|-resisted|p2a: Ceruledge|1\n|-damage|p2a: Ceruledge|93/100\n|move|p2a: Ceruledge|Bulk Up|p2a: Ceruledge\n|-boost|p2a: Ceruledge|atk|1\n|-boost|p2a: Ceruledge|def|1\n|\n|upkeep\n|turn|10\n|\n|t:|1776272676\n|move|p1b: Floette|Calm Mind|p1b: Floette\n|-boost|p1b: Floette|spa|1\n|-boost|p1b: Floette|spd|1\n|move|p2a: Ceruledge|Bulk Up|p2a: Ceruledge\n|-boost|p2a: Ceruledge|atk|1\n|-boost|p2a: Ceruledge|def|1\n|\n|upkeep\n|turn|11\n|\n|t:|1776272684\n|move|p1b: Floette|Draining Kiss|p2a: Ceruledge\n|-resisted|p2a: Ceruledge|1\n|-damage|p2a: Ceruledge|82/100\n|move|p2a: Ceruledge|Bitter Blade|p1b: Floette\n|-damage|p1b: Floette|2/100\n|-heal|p2a: Ceruledge|100/100|[from] drain|[of] p1b: Floette\n|\n|upkeep\n|turn|12\n|\n|t:|1776272694\n|move|p2a: Ceruledge|Shadow Sneak|p1b: Floette\n|-damage|p1b: Floette|0 fnt\n|faint|p1b: Floette\n|\n|win|gonegeb\n|raw|ethalem's rating: 1220 &rarr; <strong>1190</strong><br />(-30 for losing)\n|raw|gonegeb's rating: 1155 &rarr; <strong>1185</strong><br />(+30 for winning)\n|l|\u2606ethalem\n|player|p1|\n",
  "uploadtime": 1776272702,
  "views": 20,
  "formatid": "gen9championsvgc2026regma",
  "rating": 1185,
  "private": 0,
  "password": null
}