{
  "id": "gen9championsvgc2026regma-2586559116",
  "format": "[Gen 9 Champions] VGC 2026 Reg M-A",
  "players": [
    "giubeppo",
    "Vika_F44"
  ],
  "log": "|j|\u2606giubeppo\n|j|\u2606Vika_F44\n|t:|1776442995\n|gametype|doubles\n|player|p1|giubeppo|169|1380\n|player|p2|Vika_F44|iono-masters|1351\n|gen|9\n|tier|[Gen 9 Champions] VGC 2026 Reg M-A\n|rated|\n|rule|Species Clause: Limit one of each Pok\u00e9mon\n|rule|Item Clause: Limit 1 of each item\n|clearpoke\n|poke|p1|Scizor, L50, F|\n|poke|p1|Sableye, L50, F|\n|poke|p1|Pelipper, L50, M|\n|poke|p1|Basculegion, L50, M|\n|poke|p1|Sneasler, L50, F|\n|poke|p1|Incineroar, L50, M|\n|poke|p2|Raichu, L50, F|\n|poke|p2|Blastoise, L50, F|\n|poke|p2|Kingambit, L50, M|\n|poke|p2|Farigiraf, L50, M|\n|poke|p2|Sinistcha, L50|\n|poke|p2|Aerodactyl, L50, M|\n|teampreview|4\nVika_F44 has agreed to open team sheets.\n|j| darkmaikshark\n|l| darkmaikshark\n|inactive|Battle timer is ON: inactive players will automatically lose when time's up. (requested by giubeppo)\n|\n|t:|1776443035\n|teamsize|p1|4\n|teamsize|p2|4\n|start\n|switch|p1a: Sneasler|Sneasler, L50, F|100/100\n|switch|p1b: Scizor|Scizor, L50, F|100/100\n|switch|p2a: Blastoise|Blastoise, L50, F|100/100\n|switch|p2b: Farigiraf|Farigiraf, L50, M|100/100\n|turn|1\n|\n|t:|1776443046\n|detailschange|p1b: Scizor|Scizor-Mega, L50, F\n|-mega|p1b: Scizor|Scizor|Scizorite\n|move|p2a: Blastoise|Protect|p2a: Blastoise\n|-singleturn|p2a: Blastoise|Protect\n|move|p1a: Sneasler|Coaching|p1b: Scizor\n|-boost|p1b: Scizor|atk|1\n|-boost|p1b: Scizor|def|1\n|move|p1b: Scizor|Bug Bite|p2b: Farigiraf\n|-supereffective|p2b: Farigiraf|1\n|-damage|p2b: Farigiraf|0 fnt\n|-enditem|p2b: Farigiraf|Sitrus Berry|[from] stealeat|[move] Bug Bite|[of] p1b: Scizor\n|faint|p2b: Farigiraf\n|\n|upkeep\n|\n|t:|1776443059\n|switch|p2b: Sinistcha|Sinistcha, L50|100/100\n|turn|2\n|\n|t:|1776443079\n|detailschange|p2a: Blastoise|Blastoise-Mega, L50, F\n|-mega|p2a: Blastoise|Blastoise|Blastoisinite\n|move|p1a: Sneasler|Dire Claw|p2b: Sinistcha\n|-damage|p2b: Sinistcha|66/100\n|move|p1b: Scizor|Bug Bite|p2a: Blastoise\n|-damage|p2a: Blastoise|34/100\n|move|p2a: Blastoise|Water Spout|p1b: Scizor|[spread] p1a,p1b\n|-crit|p1b: Scizor\n|-damage|p1a: Sneasler|71/100\n|-damage|p1b: Scizor|67/100\n|move|p2b: Sinistcha|Trick Room|p2b: Sinistcha\n|-fieldstart|move: Trick Room|[of] p2b: Sinistcha\n|\n|upkeep\n|turn|3\n|\n|t:|1776443093\n|move|p2a: Blastoise|Protect|p2a: Blastoise\n|-singleturn|p2a: Blastoise|Protect\n|move|p1b: Scizor|Protect|p1b: Scizor\n|-singleturn|p1b: Scizor|Protect\n|move|p2b: Sinistcha|Life Dew|p2b: Sinistcha|[spread] p2a,p2b\n|-heal|p2a: Blastoise|60/100\n|-heal|p2b: Sinistcha|92/100\n|move|p1a: Sneasler|Dire Claw|p2b: Sinistcha\n|-damage|p2b: Sinistcha|54/100\n|-status|p2b: Sinistcha|psn\n|\n|-damage|p2b: Sinistcha|42/100 psn|[from] psn\n|upkeep\n|turn|4\n|\n|t:|1776443114\n|move|p1b: Scizor|Bullet Punch|p2a: Blastoise\n|-resisted|p2a: Blastoise|1\n|-damage|p2a: Blastoise|38/100\n|move|p2b: Sinistcha|Life Dew|p2b: Sinistcha|[spread] p2a,p2b\n|-heal|p2a: Blastoise|63/100\n|-heal|p2b: Sinistcha|67/100 psn\n|move|p2a: Blastoise|Water Spout|p1a: Sneasler|[spread] p1a,p1b\n|-damage|p1a: Sneasler|12/100\n|-damage|p1b: Scizor|24/100\n|move|p1a: Sneasler|Coaching|p1b: Scizor\n|-boost|p1b: Scizor|atk|1\n|-boost|p1b: Scizor|def|1\n|\n|-damage|p2b: Sinistcha|55/100 psn|[from] psn\n|upkeep\n|turn|5\n|inactive|Vika_F44 has 30 seconds left.\n|inactive|Vika_F44 has 20 seconds left.\n|\n|t:|1776443151\n|switch|p2b: Kingambit|Kingambit, L50, M|100/100\n|move|p1b: Scizor|Protect|p1b: Scizor\n|-singleturn|p1b: Scizor|Protect\n|move|p2a: Blastoise|Dark Pulse|p1b: Scizor\n|-activate|p1b: Scizor|move: Protect\n|move|p1a: Sneasler|Dire Claw|p2b: Kingambit\n|-immune|p2b: Kingambit\n|\n|upkeep\n|turn|6\n|\n|t:|1776443169\n|move|p1b: Scizor|Bullet Punch|p2a: Blastoise\n|-resisted|p2a: Blastoise|1\n|-damage|p2a: Blastoise|34/100\n|move|p2b: Kingambit|Iron Head|p1a: Sneasler\n|-damage|p1a: Sneasler|0 fnt\n|faint|p1a: Sneasler\n|move|p2a: Blastoise|Dark Pulse|p1b: Scizor\n|-damage|p1b: Scizor|0 fnt\n|faint|p1b: Scizor\n|\n|-fieldend|move: Trick Room\n|upkeep\n|\n|t:|1776443178\n|switch|p1a: Basculegion|Basculegion, L50, M|100/100\n|switch|p1b: Incineroar|Incineroar, L50, M|100/100\n|-ability|p1b: Incineroar|Intimidate|boost\n|-unboost|p2a: Blastoise|atk|1\n|-unboost|p2b: Kingambit|atk|1\n|-ability|p2b: Kingambit|Defiant|boost\n|-boost|p2b: Kingambit|atk|2\n|turn|7\n|\n|t:|1776443198\n|move|p1b: Incineroar|Fake Out|p2a: Blastoise\n|-damage|p2a: Blastoise|24/100\n|move|p2b: Kingambit|Sucker Punch|p1a: Basculegion\n|-supereffective|p1a: Basculegion|1\n|-damage|p1a: Basculegion|0 fnt\n|faint|p1a: Basculegion\n|cant|p2a: Blastoise|flinch\n|\n|upkeep\n|turn|8\n|-message|giubeppo forfeited.\n|\n|win|Vika_F44\n|raw|giubeppo's rating: 1380 &rarr; <strong>1358</strong><br />(-22 for losing)\n|raw|Vika_F44's rating: 1351 &rarr; <strong>1373</strong><br />(+22 for winning)\n|l|\u2606giubeppo\n|player|p1|\n",
  "uploadtime": 1776443208,
  "views": 35,
  "formatid": "gen9championsvgc2026regma",
  "rating": 1358,
  "private": 0,
  "password": null
}