{
  "id": "gen9championsvgc2026regma-2588431374",
  "format": "[Gen 9 Champions] VGC 2026 Reg M-A",
  "players": [
    "jakeofonline",
    "archdemonjay"
  ],
  "log": "|j|\u2606jakeofonline\n|j|\u2606archdemonjay\n|t:|1776632949\n|gametype|doubles\n|player|p1|jakeofonline|brycenman|1142\n|player|p2|archdemonjay|roughneck|1051\n|gen|9\n|tier|[Gen 9 Champions] VGC 2026 Reg M-A\n|rated|\n|rule|Species Clause: Limit one of each Pok\u00e9mon\n|rule|Item Clause: Limit 1 of each item\n|clearpoke\n|poke|p1|Glimmora, L50, M|\n|poke|p1|Rotom-Wash, L50|\n|poke|p1|Mamoswine, L50, F|\n|poke|p1|Wyrdeer, L50, F|\n|poke|p1|Talonflame, L50, F|\n|poke|p1|Hydrapple, L50, M|\n|poke|p2|Clefable, L50, M, shiny|\n|poke|p2|Whimsicott, L50, F, shiny|\n|poke|p2|Milotic, L50, M, shiny|\n|poke|p2|Greninja, L50, M, shiny|\n|poke|p2|Gallade, L50, M|\n|poke|p2|Lucario, L50, F|\n|teampreview|4\n|inactive|Battle timer is ON: inactive players will automatically lose when time's up. (requested by archdemonjay)\n|inactive|jakeofonline also wants the timer to be on.\n|inactive|jakeofonline has 60 seconds left.\n|inactive|archdemonjay has 60 seconds left.\n|\n|t:|1776632995\n|teamsize|p1|4\n|teamsize|p2|4\n|start\n|switch|p1a: Rotom|Rotom-Wash, L50|100/100\n|switch|p1b: Talonflame|Talonflame, L50, F|100/100\n|switch|p2a: Milotic|Milotic, L50, M, shiny|100/100\n|switch|p2b: Greninja|Greninja, L50, M, shiny|100/100\n|turn|1\n|\n|t:|1776633007\n|switch|p1b: Hydrapple|Hydrapple, L50, M|100/100\n|move|p2b: Greninja|Protect|p2b: Greninja\n|-start|p2b: Greninja|typechange|Normal|[from] ability: Protean\n|-singleturn|p2b: Greninja|Protect\n|move|p1a: Rotom|Electroweb|p2a: Milotic|[spread] p2a\n|-activate|p2b: Greninja|move: Protect\n|-supereffective|p2a: Milotic|1\n|-damage|p2a: Milotic|81/100\n|-unboost|p2a: Milotic|spe|1\n|-ability|p2a: Milotic|Competitive|boost\n|-boost|p2a: Milotic|spa|2\n|move|p2a: Milotic|Scald|p1b: Hydrapple\n|-resisted|p1b: Hydrapple|2\n|-damage|p1b: Hydrapple|85/100\n|\n|-heal|p2a: Milotic|87/100|[from] item: Leftovers\n|upkeep\n|turn|2\n|\n|t:|1776633023\n|move|p1a: Rotom|Electroweb|p2a: Milotic|[spread] p2a,p2b\n|-supereffective|p2a: Milotic|1\n|-damage|p2a: Milotic|65/100\n|-damage|p2b: Greninja|76/100\n|-unboost|p2a: Milotic|spe|1\n|-ability|p2a: Milotic|Competitive|boost\n|-boost|p2a: Milotic|spa|2\n|-unboost|p2b: Greninja|spe|1\n|move|p2b: Greninja|Icy Wind|p1a: Rotom|[spread] p1a\n|-miss|p2b: Greninja|p1b: Hydrapple\n|-resisted|p1a: Rotom|1\n|-damage|p1a: Rotom|95/100\n|-unboost|p1a: Rotom|spe|1\n|move|p1b: Hydrapple|Leaf Storm|p2a: Milotic\n|-supereffective|p2a: Milotic|1\n|-damage|p2a: Milotic|0 fnt\n|-unboost|p1b: Hydrapple|spa|2\n|faint|p2a: Milotic\n|\n|upkeep\n|\n|t:|1776633038\n|switch|p2a: Gallade|Gallade, L50, M|100/100\n|turn|3\n|\n|t:|1776633050\n|switch|p1b: Talonflame|Talonflame, L50, F|100/100\n|move|p2a: Gallade|Triple Axel|p1b: Talonflame\n|-damage|p1b: Talonflame|88/100\n|-damage|p1b: Talonflame|63/100\n|-damage|p1b: Talonflame|27/100\n|-hitcount|p1b: Talonflame|3\n|move|p1a: Rotom|Electroweb|p2b: Greninja|[spread] p2a,p2b\n|-damage|p2a: Gallade|81/100\n|-damage|p2b: Greninja|49/100\n|-unboost|p2a: Gallade|spe|1\n|-unboost|p2b: Greninja|spe|1\n|move|p2b: Greninja|Dark Pulse|p1a: Rotom\n|-damage|p1a: Rotom|70/100\n|\n|upkeep\n|turn|4\n|\n|t:|1776633075\n|move|p1b: Talonflame|Dual Wingbeat|p2a: Gallade\n|-supereffective|p2a: Gallade|1\n|-damage|p2a: Gallade|19/100\n|-supereffective|p2a: Gallade|1\n|-crit|p2a: Gallade\n|-damage|p2a: Gallade|0 fnt\n|faint|p2a: Gallade\n|-hitcount|p2: Gallade|2\n|move|p1a: Rotom|Electroweb|p2b: Greninja\n|-damage|p2b: Greninja|13/100\n|-unboost|p2b: Greninja|spe|1\n|move|p2b: Greninja|Icy Wind|p1a: Rotom|[spread] p1a,p1b\n|-resisted|p1a: Rotom|1\n|-damage|p1a: Rotom|63/100\n|-damage|p1b: Talonflame|9/100\n|-unboost|p1a: Rotom|spe|1\n|-unboost|p1b: Talonflame|spe|1\n|\n|upkeep\n|\n|t:|1776633078\n|switch|p2a: Lucario|Lucario, L50, F|100/100\n|turn|5\n|\n|t:|1776633095\n|detailschange|p2a: Lucario|Lucario-Mega, L50, F\n|-mega|p2a: Lucario|Lucario|Lucarionite\n|move|p2a: Lucario|Bullet Punch|p1b: Talonflame\n|-resisted|p1b: Talonflame|1\n|-damage|p1b: Talonflame|0 fnt\n|faint|p1b: Talonflame\n|move|p1a: Rotom|Electroweb|p2b: Greninja|[spread] p2a,p2b\n|-damage|p2a: Lucario|76/100\n|-damage|p2b: Greninja|0 fnt\n|-unboost|p2a: Lucario|spe|1\n|faint|p2b: Greninja\n|\n|upkeep\n|\n|t:|1776633102\n|switch|p1b: Hydrapple|Hydrapple, L50, M|100/100\n|turn|6\n|\n|t:|1776633121\n|move|p1b: Hydrapple|Protect|p1b: Hydrapple\n|-singleturn|p1b: Hydrapple|Protect\n|move|p2a: Lucario|Swords Dance|p2a: Lucario\n|-boost|p2a: Lucario|atk|2\n|move|p1a: Rotom|Electroweb|p2a: Lucario\n|-damage|p2a: Lucario|40/100\n|-unboost|p2a: Lucario|spe|1\n|\n|upkeep\n|turn|7\n|\n|t:|1776633134\n|move|p2a: Lucario|Bullet Punch|p1a: Rotom\n|-resisted|p1a: Rotom|2\n|-damage|p1a: Rotom|45/100\n|move|p1a: Rotom|Electroweb|p2a: Lucario\n|-damage|p2a: Lucario|3/100\n|-unboost|p2a: Lucario|spe|1\n|move|p1b: Hydrapple|Draco Meteor|p2a: Lucario\n|-resisted|p2a: Lucario|1\n|-damage|p2a: Lucario|0 fnt\n|-unboost|p1b: Hydrapple|spa|2\n|faint|p2a: Lucario\n|\n|win|jakeofonline\n|raw|jakeofonline's rating: 1142 &rarr; <strong>1161</strong><br />(+19 for winning)\n|raw|archdemonjay's rating: 1051 &rarr; <strong>1038</strong><br />(-13 for losing)\n|l|\u2606archdemonjay\n|player|p2|\n",
  "uploadtime": 1776633150,
  "views": 12,
  "formatid": "gen9championsvgc2026regma",
  "rating": 1038,
  "private": 0,
  "password": null
}