{
  "id": "gen9championsvgc2026regma-2582345549",
  "format": "[Gen 9 Champions] VGC 2026 Reg M-A",
  "players": [
    "magicallamp",
    "airi love"
  ],
  "log": "|j|\u2606magicallamp\n|j|\u2606airi love\n|t:|1776085165\n|gametype|doubles\n|player|p1|magicallamp|266|1368\n|player|p2|airi love|dawn|1407\n|gen|9\n|tier|[Gen 9 Champions] VGC 2026 Reg M-A\n|rated|\n|rule|Species Clause: Limit one of each Pok\u00e9mon\n|rule|Item Clause: Limit 1 of each item\n|clearpoke\n|poke|p1|Floette-Eternal, L50, F|\n|poke|p1|Aerodactyl, L50, M|\n|poke|p1|Incineroar, L50, M|\n|poke|p1|Kingambit, L50, M|\n|poke|p1|Charizard, L50, F|\n|poke|p1|Sneasler, L50, F|\n|poke|p2|Floette-Eternal, L50, F|\n|poke|p2|Tyranitar, L50, F|\n|poke|p2|Excadrill, L50, M|\n|poke|p2|Noivern, L50, M|\n|poke|p2|Sneasler, L50, M|\n|poke|p2|Rotom-Wash, L50|\n|teampreview|4\n|j| Junglebolt\n|l| Junglebolt\n|j| speaki\n|l| speaki\n|\n|t:|1776085206\n|teamsize|p1|4\n|teamsize|p2|4\n|start\n|switch|p1a: Sneasler|Sneasler, L50, F|100/100\n|switch|p1b: Floette|Floette-Eternal, L50, F, shiny|100/100\n|switch|p2a: Noivern|Noivern, L50, M|100/100\n|switch|p2b: Sneasler|Sneasler, L50, M|100/100\n|-item|p1a: Sneasler|White Herb|[from] ability: Frisk|[of] p2a: Noivern\n|-item|p1b: Floette|Floettite|[from] ability: Frisk|[of] p2a: Noivern\n|turn|1\n|\n|t:|1776085252\n|detailschange|p1b: Floette|Floette-Mega, L50, F, shiny\n|-mega|p1b: Floette|Floette|Floettite\n|-ability|p1b: Floette|Fairy Aura\n|move|p1a: Sneasler|Fake Out|p2b: Sneasler\n|-damage|p2b: Sneasler|75/100\n|cant|p2b: Sneasler|flinch\n|move|p2a: Noivern|Hurricane|p1a: Sneasler\n|-supereffective|p1a: Sneasler|1\n|-damage|p1a: Sneasler|0 fnt\n|faint|p1a: Sneasler\n|move|p1b: Floette|Dazzling Gleam|p2a: Noivern|[spread] p2a,p2b\n|-supereffective|p2a: Noivern|1\n|-damage|p2a: Noivern|0 fnt\n|-damage|p2b: Sneasler|20/100\n|faint|p2a: Noivern\n|\n|upkeep\n|inactive|Battle timer is ON: inactive players will automatically lose when time's up. (requested by airi love)\n|j| faetaso\n|\n|t:|1776085270\n|switch|p2a: Excadrill|Excadrill, L50, M|100/100\n|switch|p1a: Aerodactyl|Aerodactyl, L50, M, shiny|100/100\n|-ability|p1a: Aerodactyl|Unnerve\n|turn|2\n|\n|t:|1776085281\n|switch|p2b: Tyranitar|Tyranitar, L50, F|100/100\n|-weather|Sandstorm|[from] ability: Sand Stream|[of] p2b: Tyranitar\n|move|p1b: Floette|Protect|p1b: Floette\n|-singleturn|p1b: Floette|Protect\n|move|p2a: Excadrill|Iron Head|p1a: Aerodactyl\n|-supereffective|p1a: Aerodactyl|1\n|-enditem|p1a: Aerodactyl|Focus Sash\n|-damage|p1a: Aerodactyl|1/100\n|move|p1a: Aerodactyl|Tailwind|p1a: Aerodactyl\n|-sidestart|p1: magicallamp|move: Tailwind\n|\n|-weather|Sandstorm|[upkeep]\n|-damage|p1b: Floette|95/100|[from] Sandstorm\n|upkeep\n|turn|3\n|inactive|magicallamp has 30 seconds left.\n|inactive|magicallamp has 20 seconds left.\n|\n|t:|1776085320\n|switch|p1b: Incineroar|Incineroar, L50, M, shiny|100/100\n|-ability|p1b: Incineroar|Intimidate|boost\n|-unboost|p2a: Excadrill|atk|1\n|-unboost|p2b: Tyranitar|atk|1\n|detailschange|p2b: Tyranitar|Tyranitar-Mega, L50, F\n|-mega|p2b: Tyranitar|Tyranitar|Tyranitarite\n|move|p1a: Aerodactyl|Rock Slide|p2b: Tyranitar|[spread] p2a,p2b\n|-resisted|p2a: Excadrill|2\n|-damage|p2a: Excadrill|92/100\n|-damage|p2b: Tyranitar|84/100\n|cant|p2a: Excadrill|flinch\n|move|p2b: Tyranitar|Crunch|p1a: Aerodactyl\n|-crit|p1a: Aerodactyl\n|-damage|p1a: Aerodactyl|0 fnt\n|faint|p1a: Aerodactyl\n|\n|-weather|Sandstorm|[upkeep]\n|-damage|p1b: Incineroar|94/100|[from] Sandstorm\n|upkeep\n|j| Junglebolt\n|l| Junglebolt\n|\n|t:|1776085336\n|switch|p1a: Floette|Floette-Mega, L50, F, shiny|95/100\n|-ability|p1a: Floette|Fairy Aura\n|turn|4\n|\n|t:|1776085357\n|move|p2a: Excadrill|Protect|p2a: Excadrill\n|-singleturn|p2a: Excadrill|Protect\n|move|p1b: Incineroar|Fake Out|p2a: Excadrill\n|-activate|p2a: Excadrill|move: Protect\n|move|p1a: Floette|Moonblast|p2b: Tyranitar\n|-supereffective|p2b: Tyranitar|1\n|-damage|p2b: Tyranitar|15/100\n|move|p2b: Tyranitar|Rock Slide|p1a: Floette|[spread] p1a,p1b\n|-supereffective|p1b: Incineroar|1\n|-damage|p1a: Floette|64/100\n|-damage|p1b: Incineroar|54/100\n|\n|-weather|Sandstorm|[upkeep]\n|-damage|p1a: Floette|59/100|[from] Sandstorm\n|-damage|p1b: Incineroar|48/100|[from] Sandstorm\n|upkeep\n|turn|5\n|\n|t:|1776085375\n|move|p2b: Tyranitar|Protect|p2b: Tyranitar\n|-singleturn|p2b: Tyranitar|Protect\n|move|p1a: Floette|Dazzling Gleam|p2a: Excadrill|[spread] p2a\n|-activate|p2b: Tyranitar|move: Protect\n|-resisted|p2a: Excadrill|1\n|-damage|p2a: Excadrill|60/100\n|move|p2a: Excadrill|Earthquake|p1b: Incineroar|[spread] p1a,p1b\n|-activate|p2b: Tyranitar|move: Protect\n|-supereffective|p1b: Incineroar|1\n|-enditem|p1b: Incineroar|Shuca Berry|[eat]\n|-enditem|p1b: Incineroar|Shuca Berry|[weaken]\n|-damage|p1a: Floette|23/100\n|-damage|p1b: Incineroar|25/100\n|move|p1b: Incineroar|Flare Blitz|p2a: Excadrill\n|-supereffective|p2a: Excadrill|1\n|-damage|p2a: Excadrill|0 fnt\n|faint|p2a: Excadrill\n|-damage|p1b: Incineroar|6/100|[from] Recoil\n|\n|-weather|Sandstorm|[upkeep]\n|-damage|p1a: Floette|17/100|[from] Sandstorm\n|-damage|p1b: Incineroar|0 fnt|[from] Sandstorm\n|faint|p1b: Incineroar\n|-sideend|p1: magicallamp|move: Tailwind\n|upkeep\n|\n|t:|1776085387\n|switch|p2a: Sneasler|Sneasler, L50, M|20/100\n|turn|6\n|\n|t:|1776085397\n|move|p1a: Floette|Protect|p1a: Floette\n|-singleturn|p1a: Floette|Protect\n|move|p2a: Sneasler|Dire Claw|p1a: Floette\n|-activate|p1a: Floette|move: Protect\n|move|p2b: Tyranitar|Crunch|p1a: Floette\n|-activate|p1a: Floette|move: Protect\n|\n|-weather|none\n|upkeep\n|turn|7\n|\n|t:|1776085402\n|move|p2a: Sneasler|Dire Claw|p1a: Floette\n|-supereffective|p1a: Floette|1\n|-damage|p1a: Floette|0 fnt\n|faint|p1a: Floette\n|\n|win|airi love\n|raw|magicallamp's rating: 1368 &rarr; <strong>1350</strong><br />(-18 for losing)\n|raw|airi love's rating: 1407 &rarr; <strong>1425</strong><br />(+18 for winning)\n|l|\u2606magicallamp\n|player|p1|\n|l| faetaso\n",
  "uploadtime": 1776085460,
  "views": 39,
  "formatid": "gen9championsvgc2026regma",
  "rating": 1350,
  "private": 0,
  "password": null
}