{
  "id": "gen9championsvgc2026regma-2586597821",
  "format": "[Gen 9 Champions] VGC 2026 Reg M-A",
  "players": [
    "suibiandajiba",
    "snorlax2277"
  ],
  "log": "|j|\u2606suibiandajiba\n|j|\u2606snorlax2277\n|t:|1776445771\n|gametype|doubles\n|player|p1|suibiandajiba|lillie-masters2|1596\n|player|p2|snorlax2277|harlequin|1549\n|gen|9\n|tier|[Gen 9 Champions] VGC 2026 Reg M-A\n|rated|\n|rule|Species Clause: Limit one of each Pok\u00e9mon\n|rule|Item Clause: Limit 1 of each item\n|clearpoke\n|poke|p1|Gardevoir, L50, F|\n|poke|p1|Incineroar, L50, F|\n|poke|p1|Rotom-Wash, L50|\n|poke|p1|Garchomp, L50, F|\n|poke|p1|Corviknight, L50, F|\n|poke|p1|Sinistcha, L50|\n|poke|p2|Charizard, L50, F|\n|poke|p2|Whimsicott, L50, F|\n|poke|p2|Gallade, L50, M|\n|poke|p2|Rotom-Wash, L50|\n|poke|p2|Garchomp, L50, F|\n|poke|p2|Zoroark-Hisui, L50, F|\n|teampreview|4\n|inactive|Battle timer is ON: inactive players will automatically lose when time's up. (requested by suibiandajiba)\n|\n|t:|1776445810\n|teamsize|p1|4\n|teamsize|p2|4\n|start\n|switch|p1a: Garchomp|Garchomp, L50, F|100/100\n|switch|p1b: Sinistcha|Sinistcha, L50|100/100\n|switch|p2a: Whimsicott|Whimsicott, L50, F|100/100\n|switch|p2b: Gallade|Gallade, L50, M|100/100\n|turn|1\n|\n|t:|1776445828\n|move|p2a: Whimsicott|Moonblast|p1a: Garchomp\n|-supereffective|p1a: Garchomp|1\n|-damage|p1a: Garchomp|15/100\n|move|p1a: Garchomp|Earthquake|p2a: Whimsicott|[spread] p1b,p2a,p2b\n|-resisted|p1b: Sinistcha|1\n|-resisted|p2a: Whimsicott|1\n|-damage|p1b: Sinistcha|87/100\n|-damage|p2a: Whimsicott|72/100\n|-damage|p2b: Gallade|39/100\n|move|p2b: Gallade|Night Slash|p1b: Sinistcha\n|-supereffective|p1b: Sinistcha|1\n|-crit|p1b: Sinistcha\n|-damage|p1b: Sinistcha|0 fnt\n|faint|p1b: Sinistcha\n|\n|upkeep\n|\n|t:|1776445847\n|switch|p1b: Forever Queen|Gardevoir, L50, F, shiny|100/100\n|-ability|p1b: Forever Queen|Sharpness|Trace|[from] ability: Trace|[of] p2b: Gallade\n|turn|2\n|\n|t:|1776445861\n|switch|p1a: Incineroar|Incineroar, L50, F|100/100\n|-ability|p1a: Incineroar|Intimidate|boost\n|-unboost|p2a: Whimsicott|atk|1\n|-unboost|p2b: Gallade|atk|1\n|detailschange|p1b: Forever Queen|Gardevoir-Mega, L50, F, shiny\n|-mega|p1b: Forever Queen|Gardevoir|Gardevoirite\n|move|p2a: Whimsicott|Tailwind|p2a: Whimsicott\n|-sidestart|p2: snorlax2277|move: Tailwind\n|move|p2b: Gallade|Night Slash|p1b: Forever Queen\n|-damage|p1b: Forever Queen|59/100\n|move|p1b: Forever Queen|Hyper Voice|p2a: Whimsicott|[spread] p2a,p2b\n|-supereffective|p2b: Gallade|1\n|-damage|p2a: Whimsicott|0 fnt\n|-damage|p2b: Gallade|0 fnt\n|faint|p2a: Whimsicott\n|faint|p2b: Gallade\n|\n|upkeep\n|\n|t:|1776445872\n|switch|p2a: Rotom|Rotom-Wash, L50|100/100\n|switch|p2b: Charizard|Charizard, L50, F|100/100\n|turn|3\n|\n|t:|1776445890\n|move|p2b: Charizard|Protect|p2b: Charizard\n|-singleturn|p2b: Charizard|Protect\n|move|p1a: Incineroar|Fake Out|p2a: Rotom\n|-damage|p2a: Rotom|85/100\n|cant|p2a: Rotom|flinch\n|move|p1b: Forever Queen|Calm Mind|p1b: Forever Queen\n|-boost|p1b: Forever Queen|spa|1\n|-boost|p1b: Forever Queen|spd|1\n|\n|upkeep\n|turn|4\n|inactive|snorlax2277 has 30 seconds left.\n|\n|t:|1776445921\n|detailschange|p2b: Charizard|Charizard-Mega-Y, L50, F\n|-mega|p2b: Charizard|Charizard|Charizardite Y\n|-weather|SunnyDay|[from] ability: Drought|[of] p2b: Charizard\n|move|p2b: Charizard|Heat Wave|p1a: Incineroar|[spread] p1a,p1b\n|-resisted|p1a: Incineroar|1\n|-damage|p1a: Incineroar|74/100\n|-damage|p1b: Forever Queen|25/100\n|move|p2a: Rotom|Electroweb|p1b: Forever Queen|[spread] p1a,p1b\n|-damage|p1a: Incineroar|57/100\n|-damage|p1b: Forever Queen|15/100\n|-unboost|p1a: Incineroar|spe|1\n|-unboost|p1b: Forever Queen|spe|1\n|move|p1b: Forever Queen|Hyper Voice|p2a: Rotom|[spread] p2a,p2b\n|-resisted|p2b: Charizard|1\n|-damage|p2a: Rotom|0 fnt\n|-damage|p2b: Charizard|62/100\n|faint|p2a: Rotom\n|move|p1a: Incineroar|Throat Chop|p2b: Charizard\n|-damage|p2b: Charizard|25/100\n|-start|p2b: Charizard|Throat Chop|[silent]\n|\n|-weather|SunnyDay|[upkeep]\n|upkeep\n|turn|5\n|\n|t:|1776445938\n|move|p2b: Charizard|Heat Wave|p1b: Forever Queen|[spread] p1a,p1b\n|-resisted|p1a: Incineroar|1\n|-damage|p1a: Incineroar|29/100\n|-damage|p1b: Forever Queen|0 fnt\n|faint|p1b: Forever Queen\n|move|p1a: Incineroar|Flare Blitz|p2b: Charizard\n|-resisted|p2b: Charizard|1\n|-damage|p2b: Charizard|0 fnt\n|faint|p2b: Charizard\n|-damage|p1a: Incineroar|21/100|[from] Recoil\n|\n|win|suibiandajiba\n|raw|suibiandajiba's rating: 1596 &rarr; <strong>1613</strong><br />(+17 for winning)\n|raw|snorlax2277's rating: 1549 &rarr; <strong>1532</strong><br />(-17 for losing)\n|l|\u2606snorlax2277\n|player|p2|\n|l|\u2606suibiandajiba\n|player|p1|\n|j|\u2606suibiandajiba\n|player|p1|suibiandajiba|lillie-masters2|\n",
  "uploadtime": 1776445948,
  "views": 60,
  "formatid": "gen9championsvgc2026regma",
  "rating": 1532,
  "private": 0,
  "password": null
}