{
  "id": "gen9championsvgc2026regma-2589544748",
  "format": "[Gen 9 Champions] VGC 2026 Reg M-A",
  "players": [
    "flopogusthegreat",
    "rainman2561$"
  ],
  "log": "|j|\u2606flopogusthegreat\n|j|\u2606rainman2561$\n|html|<table width=\"100%\"><tr><td align=\"left\">flopogusthegreat</td><td align=\"right\">rainman2561$</tr><tr><td align=\"left\"><i class=\"fa fa-circle-o\"></i> <i class=\"fa fa-circle-o\"></i> </td><td align=\"right\"><i class=\"fa fa-circle-o\"></i> <i class=\"fa fa-circle\"></i> </tr></table>\n|uhtml|bestof|<h2><strong>Game 2</strong> of <a href=\"/game-bestof3-gen9championsvgc2026regma-2589539491\">a best-of-3</a></h2>\n|t:|1776732739\n|gametype|doubles\n|player|p1|flopogusthegreat|pokefanf-gen4|\n|player|p2|rainman2561$|lucas|\n|gen|9\n|tier|[Gen 9 Champions] VGC 2026 Reg M-A\n|rule|Species Clause: Limit one of each Pok\u00e9mon\n|rule|Item Clause: Limit 1 of each item\n|raw|<div class=\"infobox\"><details class=\"readmore\" open><summary><strong>1 custom rule:</strong></summary> Best of = 3</details></div>\n|clearpoke\n|poke|p1|Gyarados, L50, M, shiny|\n|poke|p1|Aerodactyl, L50, F, shiny|\n|poke|p1|Sinistcha, L50|\n|poke|p1|Empoleon, L50, F|\n|poke|p1|Scizor, L50, M|\n|poke|p1|Raichu, L50, M, shiny|\n|poke|p2|Slowbro, L50, F|\n|poke|p2|Drampa, L50, M|\n|poke|p2|Aerodactyl, L50, M|\n|poke|p2|Garchomp, L50, F|\n|poke|p2|Rotom-Wash, L50|\n|poke|p2|Sylveon, L50, F|\n|teampreview|4\nflopogusthegreat rejected open team sheets.\n|\n|t:|1776732765\n|teamsize|p1|4\n|teamsize|p2|4\n|start\n|switch|p1a: Wombo|Empoleon, L50, F|100/100\n|switch|p1b: Ace|Raichu, L50, M, shiny|100/100\n|switch|p2a: Aerodactyl|Aerodactyl, L50, M|100/100\n|switch|p2b: Rotom|Rotom-Wash, L50|100/100\n|-ability|p2a: Aerodactyl|Unnerve\n|turn|1\n|\n|t:|1776732805\n|move|p2a: Aerodactyl|Protect|p2a: Aerodactyl\n|-singleturn|p2a: Aerodactyl|Protect\n|move|p1b: Ace|Fake Out|p2b: Rotom\n|-damage|p2b: Rotom|92/100\n|move|p1a: Wombo|Ice Beam|p2a: Aerodactyl\n|-activate|p2a: Aerodactyl|move: Protect\n|cant|p2b: Rotom|flinch\n|\n|upkeep\n|turn|2\n|\n|t:|1776732851\n|move|p2a: Aerodactyl|Rock Tomb|p1b: Ace\n|-damage|p1b: Ace|55/100\n|-unboost|p1b: Ace|spe|1\n|move|p1a: Wombo|Ice Beam|p2a: Aerodactyl\n|-supereffective|p2a: Aerodactyl|1\n|-damage|p2a: Aerodactyl|24/100\n|move|p1b: Ace|Eerie Impulse|p2b: Rotom\n|-unboost|p2b: Rotom|spa|2\n|move|p2b: Rotom|Thunderbolt|p1b: Ace\n|-activate|p1b: Ace|ability: Lightning Rod\n|-ability|p1b: Ace|Lightning Rod|boost\n|-boost|p1b: Ace|spa|1\n|\n|upkeep\n|turn|3\n|\n|t:|1776732887\n|switch|p2b: Garchomp|Garchomp, L50, F|100/100\n|move|p2a: Aerodactyl|Rock Tomb|p1b: Ace\n|-damage|p1b: Ace|11/100\n|-unboost|p1b: Ace|spe|1\n|move|p1a: Wombo|Ice Beam|p2a: Aerodactyl\n|-supereffective|p2a: Aerodactyl|1\n|-damage|p2a: Aerodactyl|0 fnt\n|faint|p2a: Aerodactyl\n|move|p1b: Ace|Alluring Voice|p2b: Garchomp\n|-supereffective|p2b: Garchomp|1\n|-damage|p2b: Garchomp|49/100\n|\n|upkeep\n|\n|t:|1776732901\n|switch|p2a: Rotom|Rotom-Wash, L50|92/100\n|turn|4\n|\n|t:|1776732944\n|move|p1a: Wombo|Ice Beam|p2b: Garchomp\n|-supereffective|p2b: Garchomp|2\n|-damage|p2b: Garchomp|0 fnt\n|faint|p2b: Garchomp\n|move|p2a: Rotom|Hydro Pump|p1b: Ace\n|-damage|p1b: Ace|0 fnt\n|faint|p1b: Ace\n|\n|upkeep\n|\n|t:|1776732966\n|switch|p1b: Paper Scizors|Scizor, L50, M|100/100\n|switch|p2b: Sylveon|Sylveon, L50, F|100/100\n|turn|5\n|\n|t:|1776733022\n|move|p2a: Rotom|Helping Hand|p2b: Sylveon\n|-singleturn|p2b: Sylveon|Helping Hand|[of] p2a: Rotom\n|move|p1b: Paper Scizors|Bullet Punch|p2b: Sylveon\n|-supereffective|p2b: Sylveon|1\n|-damage|p2b: Sylveon|11/100\n|move|p1a: Wombo|Ice Beam|p2b: Sylveon\n|-damage|p2b: Sylveon|0 fnt\n|faint|p2b: Sylveon\n|\n|upkeep\n|turn|6\n|c|\u2606rainman2561$|gg\n|\n|t:|1776733038\n|detailschange|p1b: Paper Scizors|Scizor-Mega, L50, M\n|-mega|p1b: Paper Scizors|Scizor|Scizorite\n|move|p1a: Wombo|Ice Beam|p2a: Rotom\n|-resisted|p2a: Rotom|1\n|-damage|p2a: Rotom|78/100\n|move|p2a: Rotom|Thunderbolt|p1a: Wombo\n|-supereffective|p1a: Wombo|1\n|-damage|p1a: Wombo|12/100\n|move|p1b: Paper Scizors|Assurance|p2a: Rotom\n|-crit|p2a: Rotom\n|-damage|p2a: Rotom|0 fnt\n|faint|p2a: Rotom\n|\n|win|flopogusthegreat\n||rainman2561$ is ready for game 3.\n|inactive|flopogusthegreat has 30 seconds to confirm battle start!\n|c|\u2606flopogusthegreat|gg\n|inactive|flopogusthegreat has 20 seconds to confirm battle start!\n||flopogusthegreat is ready for game 3.\n|uhtml|next|Next: <a href=\"/battle-gen9championsvgc2026regma-2589548121\"><strong>Game 3 of 3</strong></a>\n|l|\u2606rainman2561$\n|player|p2|\n",
  "uploadtime": 1776733622,
  "views": 5,
  "formatid": "gen9championsvgc2026regma",
  "rating": null,
  "private": 0,
  "password": null
}