{
  "id": "gen9championsvgc2026regma-2589404677",
  "format": "[Gen 9 Champions] VGC 2026 Reg M-A",
  "players": [
    "Avatar Kony",
    "Lyphor"
  ],
  "log": "|j|\u2606Avatar Kony\n|j|\u2606Lyphor\n|t:|1776720218\n|gametype|doubles\n|player|p1|Avatar Kony|sabrina-frlg|1145\n|player|p2|Lyphor|jupiter|1145\n|gen|9\n|tier|[Gen 9 Champions] VGC 2026 Reg M-A\n|rated|\n|rule|Species Clause: Limit one of each Pok\u00e9mon\n|rule|Item Clause: Limit 1 of each item\n|clearpoke\n|poke|p1|Aerodactyl, L50, F|\n|poke|p1|Floette-Eternal, L50, F|\n|poke|p1|Incineroar, L50, F|\n|poke|p1|Sneasler, L50, M|\n|poke|p1|Basculegion, L50, M|\n|poke|p1|Garchomp, L50, M|\n|poke|p2|Charizard, L50, M|\n|poke|p2|Serperior, L50, M|\n|poke|p2|Kangaskhan, L50, F|\n|poke|p2|Kingambit, L50, M|\n|poke|p2|Gyarados, L50, F|\n|poke|p2|Gardevoir, L50, M|\n|teampreview|4\n|\n|t:|1776720270\n|teamsize|p1|4\n|teamsize|p2|4\n|start\n|switch|p1a: Aerodactyl|Aerodactyl, L50, F|100/100\n|switch|p1b: Floette|Floette-Eternal, L50, F|100/100\n|switch|p2a: Gardevoir|Gardevoir, L50, M|100/100\n|switch|p2b: Gyarados|Gyarados, L50, F|100/100\n|-ability|p1a: Aerodactyl|Unnerve\n|-ability|p2a: Gardevoir|Flower Veil|Trace|[from] ability: Trace|[of] p1b: Floette\n|-ability|p2b: Gyarados|Intimidate|boost\n|-unboost|p1a: Aerodactyl|atk|1\n|-unboost|p1b: Floette|atk|1\n|turn|1\n|\n|t:|1776720293\n|detailschange|p1b: Floette|Floette-Mega, L50, F\n|-mega|p1b: Floette|Floette|Floettite\n|-ability|p1b: Floette|Fairy Aura\n|move|p1a: Aerodactyl|Tailwind|p1a: Aerodactyl\n|-sidestart|p1: Avatar Kony|move: Tailwind\n|move|p1b: Floette|Light of Ruin|p2a: Gardevoir\n|-damage|p2a: Gardevoir|0 fnt\n|faint|p2a: Gardevoir\n|-damage|p1b: Floette|52/100|[from] Recoil\n|move|p2b: Gyarados|Thunder Wave|p1b: Floette\n|-status|p1b: Floette|par\n|\n|upkeep\n|\n|t:|1776720311\n|switch|p2a: Kangaskhan|Kangaskhan, L50, F|100/100\n|turn|2\n|\n|t:|1776720326\n|switch|p1b: Incineroar|Incineroar, L50, F|100/100\n|-ability|p1b: Incineroar|Intimidate|boost\n|-fail|p2a: Kangaskhan|unboost|Attack|[from] ability: Scrappy|[of] p2a: Kangaskhan\n|-unboost|p2b: Gyarados|atk|1\n|move|p1a: Aerodactyl|Protect|p1a: Aerodactyl\n|-singleturn|p1a: Aerodactyl|Protect\n|move|p2a: Kangaskhan|Fake Out|p1b: Incineroar\n|-damage|p1b: Incineroar|85/100\n|move|p2b: Gyarados|Icy Wind|p1b: Incineroar|[spread] p1b\n|-activate|p1a: Aerodactyl|move: Protect\n|-resisted|p1b: Incineroar|1\n|-damage|p1b: Incineroar|83/100\n|-unboost|p1b: Incineroar|spe|1\n|\n|upkeep\n|turn|3\n|\n|t:|1776720372\n|switch|p1a: Sneasler|Sneasler, L50, M|100/100\n|switch|p2b: Kingambit|Kingambit, L50, M|100/100\n|move|p2a: Kangaskhan|Protect|p2a: Kangaskhan\n|-singleturn|p2a: Kangaskhan|Protect\n|move|p1b: Incineroar|Fake Out|p2a: Kangaskhan\n|-activate|p2a: Kangaskhan|move: Protect\n|\n|upkeep\n|turn|4\n|\n|t:|1776720395\n|switch|p2a: Gyarados|Gyarados, L50, F|100/100\n|-ability|p2a: Gyarados|Intimidate|boost\n|-unboost|p1a: Sneasler|atk|1\n|-unboost|p1b: Incineroar|atk|1\n|-enditem|p1a: Sneasler|White Herb\n|-clearnegativeboost|p1a: Sneasler|[silent]\n|move|p2b: Kingambit|Protect|p2b: Kingambit\n|-singleturn|p2b: Kingambit|Protect\n|move|p1a: Sneasler|Close Combat|p2a: Gyarados\n|-resisted|p2a: Gyarados|1\n|-damage|p2a: Gyarados|57/100\n|-unboost|p1a: Sneasler|def|1\n|-unboost|p1a: Sneasler|spd|1\n|move|p1b: Incineroar|Flare Blitz|p2b: Kingambit\n|-activate|p2b: Kingambit|move: Protect\n|\n|-sideend|p1: Avatar Kony|move: Tailwind\n|upkeep\n|turn|5\n|\n|t:|1776720441\n|move|p1a: Sneasler|Close Combat|p2b: Kingambit\n|-supereffective|p2b: Kingambit|2\n|-damage|p2b: Kingambit|0 fnt\n|-unboost|p1a: Sneasler|def|1\n|-unboost|p1a: Sneasler|spd|1\n|faint|p2b: Kingambit\n|move|p2a: Gyarados|Icy Wind|p1b: Incineroar|[spread] p1a,p1b\n|-resisted|p1b: Incineroar|1\n|-damage|p1a: Sneasler|84/100\n|-damage|p1b: Incineroar|80/100\n|-unboost|p1a: Sneasler|spe|1\n|-unboost|p1b: Incineroar|spe|1\n|move|p1b: Incineroar|Parting Shot|p2a: Gyarados\n|-unboost|p2a: Gyarados|atk|1\n|-unboost|p2a: Gyarados|spa|1\n|\n|t:|1776720454\n|switch|p1b: Aerodactyl|Aerodactyl, L50, F|100/100|[from] Parting Shot\n|-ability|p1b: Aerodactyl|Unnerve\n|\n|upkeep\n|\n|t:|1776720458\n|switch|p2b: Kangaskhan|Kangaskhan, L50, F|100/100\n|turn|6\n|\n|t:|1776720488\n|switch|p1a: Floette|Floette-Mega, L50, F|52/100 par\n|-ability|p1a: Floette|Fairy Aura\n|move|p2b: Kangaskhan|Fake Out|p1a: Floette\n|-damage|p1a: Floette|29/100 par\n|move|p1b: Aerodactyl|Rock Slide|p2a: Gyarados|[spread] p2a,p2b\n|-supereffective|p2a: Gyarados|1\n|-damage|p2a: Gyarados|0 fnt\n|-damage|p2b: Kangaskhan|69/100\n|faint|p2a: Gyarados\n|\n|upkeep\n|turn|7\n|-message|Lyphor forfeited.\n|\n|win|Avatar Kony\n|raw|Avatar Kony's rating: 1145 &rarr; <strong>1170</strong><br />(+25 for winning)\n|raw|Lyphor's rating: 1145 &rarr; <strong>1120</strong><br />(-25 for losing)\n|l|\u2606Lyphor\n|player|p2|\n",
  "uploadtime": 1776720515,
  "views": 10,
  "formatid": "gen9championsvgc2026regma",
  "rating": 1120,
  "private": 0,
  "password": null
}