{
  "id": "gen9championsvgc2026regma-2588421278",
  "format": "[Gen 9 Champions] VGC 2026 Reg M-A",
  "players": [
    "sdf4554",
    "EvWX"
  ],
  "log": "|j|\u2606sdf4554\n|j|\u2606EvWX\n|t:|1776632092\n|gametype|doubles\n|player|p1|sdf4554|101|1000\n|player|p2|EvWX|flannery|1067\n|gen|9\n|tier|[Gen 9 Champions] VGC 2026 Reg M-A\n|rated|\n|rule|Species Clause: Limit one of each Pok\u00e9mon\n|rule|Item Clause: Limit 1 of each item\n|clearpoke\n|poke|p1|Drampa, L50, M, shiny|\n|poke|p1|Spiritomb, L50, F|\n|poke|p1|Torkoal, L50, F|\n|poke|p1|Kingambit, L50, F|\n|poke|p1|Clawitzer, L50, M|\n|poke|p1|Dragapult, L50, F|\n|poke|p2|Farigiraf, L50, M, shiny|\n|poke|p2|Tyranitar, L50, F|\n|poke|p2|Slowbro-Galar, L50, M, shiny|\n|poke|p2|Dragonite, L50, F, shiny|\n|poke|p2|Sinistcha, L50, shiny|\n|poke|p2|Ceruledge, L50, F|\n|teampreview|4\n|inactive|Battle timer is ON: inactive players will automatically lose when time's up. (requested by sdf4554)\n|inactive|EvWX has 60 seconds left.\n|inactive|EvWX has 30 seconds left.\n|inactive|EvWX has 20 seconds left.\n|\n|t:|1776632197\n|teamsize|p1|4\n|teamsize|p2|4\n|start\n|switch|p1a: Drampa|Drampa, L50, M, shiny|100/100\n|switch|p1b: Spiritomb|Spiritomb, L50, F|100/100\n|switch|p2a: dude what the flip|Farigiraf, L50, M, shiny|100/100\n|switch|p2b: Tyranitar|Tyranitar, L50, F|100/100\n|-weather|Sandstorm|[from] ability: Sand Stream|[of] p2b: Tyranitar\n|-ability|p1a: Drampa|Cloud Nine\n|turn|1\n|\n|t:|1776632216\n|move|p1a: Drampa|Protect|p1a: Drampa\n|-singleturn|p1a: Drampa|Protect\n|move|p2b: Tyranitar|Low Kick|p1a: Drampa\n|-activate|p1a: Drampa|move: Protect\n|move|p1b: Spiritomb|Foul Play|p2a: dude what the flip\n|-supereffective|p2a: dude what the flip|1\n|-enditem|p2a: dude what the flip|Colbur Berry|[eat]\n|-enditem|p2a: dude what the flip|Colbur Berry|[weaken]\n|-damage|p2a: dude what the flip|66/100\n|move|p2a: dude what the flip|Trick Room|p2a: dude what the flip\n|-fieldstart|move: Trick Room|[of] p2a: dude what the flip\n|\n|-weather|Sandstorm|[upkeep]\n|upkeep\n|turn|2\n|inactive|sdf4554 has 30 seconds left.\n|inactive|sdf4554 has 20 seconds left.\n|\n|t:|1776632252\n|detailschange|p1a: Drampa|Drampa-Mega, L50, M, shiny\n|-mega|p1a: Drampa|Drampa|Drampanite\n|move|p1b: Spiritomb|Foul Play|p2b: Tyranitar\n|-resisted|p2b: Tyranitar|1\n|-damage|p2b: Tyranitar|84/100\n|move|p1a: Drampa|Hyper Voice|p2b: Tyranitar|[spread] p2a,p2b\n|-resisted|p2b: Tyranitar|1\n|-damage|p2a: dude what the flip|28/100\n|-damage|p2b: Tyranitar|72/100\n|move|p2a: dude what the flip|Twin Beam|p1a: Drampa\n|-damage|p1a: Drampa|83/100\n|-damage|p1a: Drampa|67/100\n|-hitcount|p1a: Drampa|2\n|move|p2b: Tyranitar|Rock Slide|p1b: Spiritomb|[spread] p1a,p1b\n|-damage|p1a: Drampa|41/100\n|-damage|p1b: Spiritomb|78/100\n|-ability|p1a: Drampa|Berserk|boost\n|-boost|p1a: Drampa|spa|1\n|\n|-weather|Sandstorm|[upkeep]\n|-damage|p1b: Spiritomb|72/100|[from] Sandstorm\n|-damage|p1a: Drampa|35/100|[from] Sandstorm\n|-damage|p2a: dude what the flip|22/100|[from] Sandstorm\n|upkeep\n|turn|3\n|\n|t:|1776632276\n|move|p1a: Drampa|Protect|p1a: Drampa\n|-singleturn|p1a: Drampa|Protect\n|move|p2a: dude what the flip|Protect|p2a: dude what the flip\n|-singleturn|p2a: dude what the flip|Protect\n|move|p1b: Spiritomb|Toxic|p2b: Tyranitar\n|-status|p2b: Tyranitar|tox\n|move|p2b: Tyranitar|Low Kick|p1a: Drampa\n|-activate|p1a: Drampa|move: Protect\n|\n|-weather|Sandstorm|[upkeep]\n|-damage|p1b: Spiritomb|66/100|[from] Sandstorm\n|-damage|p1a: Drampa|29/100|[from] Sandstorm\n|-damage|p2a: dude what the flip|16/100|[from] Sandstorm\n|-damage|p2b: Tyranitar|66/100 tox|[from] psn\n|upkeep\n|turn|4\n|\n|t:|1776632296\n|switch|p1b: Torkoal|Torkoal, L50, F|100/100\n|-weather|SunnyDay|[from] ability: Drought|[of] p1b: Torkoal\n|switch|p2a: pain|Slowbro-Galar, L50, M, shiny|100/100\n|move|p1a: Drampa|Hyper Voice|p2a: pain|[spread] p2a,p2b\n|-resisted|p2b: Tyranitar|1\n|-damage|p2a: pain|17/100\n|-damage|p2b: Tyranitar|38/100 tox\n|move|p2b: Tyranitar|Low Kick|p1a: Drampa\n|-supereffective|p1a: Drampa|1\n|-damage|p1a: Drampa|0 fnt\n|faint|p1a: Drampa\n|\n|-weather|SunnyDay|[upkeep]\n|-damage|p2b: Tyranitar|26/100 tox|[from] psn\n|upkeep\n|\n|t:|1776632305\n|switch|p1a: Spiritomb|Spiritomb, L50, F|66/100\n|turn|5\n|\n|t:|1776632313\n|switch|p2a: Ceruledge|Ceruledge, L50, F|100/100\n|detailschange|p2b: Tyranitar|Tyranitar-Mega, L50, F\n|-mega|p2b: Tyranitar|Tyranitar|Tyranitarite\n|-weather|Sandstorm|[from] ability: Sand Stream|[of] p2b: Tyranitar\n|move|p1b: Torkoal|Eruption|p2b: Tyranitar|[spread] p2a,p2b\n|-resisted|p2a: Ceruledge|1\n|-resisted|p2b: Tyranitar|1\n|-damage|p2a: Ceruledge|75/100\n|-damage|p2b: Tyranitar|16/100 tox\n|move|p1a: Spiritomb|Foul Play|p2a: Ceruledge\n|-supereffective|p2a: Ceruledge|1\n|-damage|p2a: Ceruledge|0 fnt\n|faint|p2a: Ceruledge\n|move|p2b: Tyranitar|Rock Slide|p1b: Torkoal|[spread] p1a,p1b\n|-crit|p1a: Spiritomb\n|-supereffective|p1b: Torkoal|1\n|-damage|p1a: Spiritomb|26/100\n|-damage|p1b: Torkoal|62/100\n|\n|-weather|Sandstorm|[upkeep]\n|-damage|p1b: Torkoal|56/100|[from] Sandstorm\n|-damage|p1a: Spiritomb|20/100|[from] Sandstorm\n|-damage|p2b: Tyranitar|0 fnt|[from] psn\n|faint|p2b: Tyranitar\n|-fieldend|move: Trick Room\n|upkeep\n|\n|t:|1776632328\n|switch|p2a: dude what the flip|Farigiraf, L50, M, shiny|16/100\n|switch|p2b: pain|Slowbro-Galar, L50, M, shiny|17/100\n|turn|6\n|-message|EvWX forfeited.\n|\n|win|sdf4554\n|raw|sdf4554's rating: 1000 &rarr; <strong>1048</strong><br />(+48 for winning)\n|raw|EvWX's rating: 1067 &rarr; <strong>1043</strong><br />(-24 for losing)\n|l|\u2606EvWX\n|player|p2|\n",
  "uploadtime": 1776632333,
  "views": 17,
  "formatid": "gen9championsvgc2026regma",
  "rating": 1043,
  "private": 0,
  "password": null
}