{
  "id": "gen9championsvgc2026regma-2588456949",
  "format": "[Gen 9 Champions] VGC 2026 Reg M-A",
  "players": [
    "LolgamesAM",
    "Hdkend123"
  ],
  "log": "|j|\u2606LolgamesAM\n|j|\u2606Hdkend123\n|t:|1776635179\n|gametype|doubles\n|player|p1|LolgamesAM|juggler|1124\n|player|p2|Hdkend123|265|1076\n|gen|9\n|tier|[Gen 9 Champions] VGC 2026 Reg M-A\n|rated|\n|rule|Species Clause: Limit one of each Pok\u00e9mon\n|rule|Item Clause: Limit 1 of each item\n|clearpoke\n|poke|p1|Golurk, L50, shiny|\n|poke|p1|Sinistcha-Masterpiece, L50|\n|poke|p1|Alakazam, L50, M|\n|poke|p1|Aggron, L50, M|\n|poke|p1|Rotom-Wash, L50|\n|poke|p1|Sneasler, L50, M|\n|poke|p2|Corviknight, L50, F|\n|poke|p2|Floette-Eternal, L50, F|\n|poke|p2|Garchomp, L50, M|\n|poke|p2|Gengar, L50, M|\n|poke|p2|Maushold-Four, L50|\n|poke|p2|Rotom-Heat, L50|\n|teampreview|4\n|\n|t:|1776635194\n|teamsize|p1|4\n|teamsize|p2|4\n|start\n|switch|p1a: Aggron|Aggron, L50, M|100/100\n|switch|p1b: Alakazam|Alakazam, L50, M|100/100\n|switch|p2a: Corviknight|Corviknight, L50, F|100/100\n|switch|p2b: Garchomp|Garchomp, L50, M|100/100\n|turn|1\n|\n|t:|1776635206\n|detailschange|p1a: Aggron|Aggron-Mega, L50, M\n|-mega|p1a: Aggron|Aggron|Aggronite\n|move|p2b: Garchomp|Earthquake|p1b: Alakazam|[spread] p1a,p1b\n|-immune|p2a: Corviknight\n|-supereffective|p1a: Aggron|1\n|-damage|p1a: Aggron|66/100\n|-enditem|p1b: Alakazam|Focus Sash\n|-damage|p1b: Alakazam|1/100\n|move|p1b: Alakazam|Speed Swap|p1a: Aggron\n|-activate|p1b: Alakazam|move: Speed Swap|[of] p1a: Aggron\n|move|p1a: Aggron|Iron Defense|p1a: Aggron\n|-boost|p1a: Aggron|def|2\n|move|p2a: Corviknight|Tailwind|p2a: Corviknight\n|-sidestart|p2: Hdkend123|move: Tailwind\n|\n|upkeep\n|turn|2\n|\n|t:|1776635226\n|move|p2b: Garchomp|Earthquake|p1a: Aggron|[spread] p1a,p1b\n|-immune|p2a: Corviknight\n|-supereffective|p1a: Aggron|1\n|-damage|p1a: Aggron|49/100\n|-damage|p1b: Alakazam|0 fnt\n|faint|p1b: Alakazam\n|move|p1a: Aggron|Iron Defense|p1a: Aggron\n|-boost|p1a: Aggron|def|2\n|move|p2a: Corviknight|Body Press|p1a: Aggron\n|-supereffective|p1a: Aggron|1\n|-damage|p1a: Aggron|43/100\n|\n|upkeep\n|\n|t:|1776635232\n|switch|p1b: Sinistcha|Sinistcha-Masterpiece, L50|100/100\n|-heal|p1a: Aggron|67/100|[from] ability: Hospitality|[of] p1b: Sinistcha\n|turn|3\n|\n|t:|1776635248\n|switch|p2b: Floette|Floette-Eternal, L50, F|100/100\n|move|p1a: Aggron|Body Press|p2b: Floette\n|-resisted|p2b: Floette|1\n|-damage|p2b: Floette|10/100\n|move|p2a: Corviknight|Iron Defense|p2a: Corviknight\n|-boost|p2a: Corviknight|def|2\n|move|p1b: Sinistcha|Matcha Gotcha|p2b: Floette|[spread] p2a,p2b\n|-resisted|p2a: Corviknight|2\n|-damage|p2a: Corviknight|95/100\n|-damage|p2b: Floette|0 fnt\n|faint|p2b: Floette\n|\n|-heal|p2a: Corviknight|100/100|[from] item: Leftovers\n|upkeep\n|\n|t:|1776635251\n|switch|p2b: Gengar|Gengar, L50, M|100/100\n|turn|4\n|\n|t:|1776635277\n|switch|p1b: Rotom|Rotom-Wash, L50|100/100\n|move|p2b: Gengar|Shadow Ball|p1a: Aggron\n|-damage|p1a: Aggron|30/100\n|move|p1a: Aggron|Heavy Slam|p2b: Gengar\n|-damage|p2b: Gengar|11/100\n|move|p2a: Corviknight|Iron Defense|p2a: Corviknight\n|-boost|p2a: Corviknight|def|2\n|\n|-sideend|p2: Hdkend123|move: Tailwind\n|upkeep\n|turn|5\n|\n|t:|1776635291\n|move|p1a: Aggron|Protect|p1a: Aggron\n|-singleturn|p1a: Aggron|Protect\n|move|p2b: Gengar|Shadow Ball|p1a: Aggron\n|-activate|p1a: Aggron|move: Protect\n|move|p1b: Rotom|Discharge|p2b: Gengar|[spread] p2a,p2b\n|-activate|p1a: Aggron|move: Protect\n|-supereffective|p2a: Corviknight|1\n|-damage|p2a: Corviknight|50/100\n|-damage|p2b: Gengar|0 fnt\n|faint|p2b: Gengar\n|move|p2a: Corviknight|Tailwind|p2a: Corviknight\n|-sidestart|p2: Hdkend123|move: Tailwind\n|\n|-heal|p2a: Corviknight|56/100|[from] item: Leftovers\n|upkeep\n|\n|t:|1776635303\n|switch|p2b: Garchomp|Garchomp, L50, M|100/100\n|turn|6\n|\n|t:|1776635324\n|switch|p1b: Sinistcha|Sinistcha-Masterpiece, L50|100/100\n|-heal|p1a: Aggron|55/100|[from] ability: Hospitality|[of] p1b: Sinistcha\n|move|p2b: Garchomp|Rock Slide|p1b: Sinistcha|[spread] p1b\n|-miss|p2b: Garchomp|p1a: Aggron\n|-damage|p1b: Sinistcha|84/100\n|move|p1a: Aggron|Iron Defense|p1a: Aggron\n|-boost|p1a: Aggron|def|2\n|move|p2a: Corviknight|Body Press|p1a: Aggron\n|-supereffective|p1a: Aggron|1\n|-damage|p1a: Aggron|40/100\n|\n|-heal|p2a: Corviknight|61/100|[from] item: Leftovers\n|upkeep\n|turn|7\n|\n|t:|1776635345\n|move|p2b: Garchomp|Rock Slide|p1a: Aggron|[spread] p1a,p1b\n|-resisted|p1a: Aggron|1\n|-damage|p1a: Aggron|39/100\n|-damage|p1b: Sinistcha|67/100\n|move|p1a: Aggron|Body Press|p2b: Garchomp\n|-damage|p2b: Garchomp|0 fnt\n|-damage|p1a: Aggron|26/100|[from] ability: Rough Skin|[of] p2b: Garchomp\n|faint|p2b: Garchomp\n|move|p2a: Corviknight|Iron Defense|p2a: Corviknight\n|-boost|p2a: Corviknight|def|2\n|move|p1b: Sinistcha|Trick Room|p1b: Sinistcha\n|-fieldstart|move: Trick Room|[of] p1b: Sinistcha\n|\n|-heal|p2a: Corviknight|67/100|[from] item: Leftovers\n|upkeep\n|turn|8\n|\n|t:|1776635364\n|move|p1b: Sinistcha|Strength Sap|p2a: Corviknight\n|-ability|p2a: Corviknight|Mirror Armor\n|-unboost|p1b: Sinistcha|atk|1\n|-heal|p1b: Sinistcha|100/100\n|move|p2a: Corviknight|Body Press|p1a: Aggron\n|-supereffective|p1a: Aggron|1\n|-damage|p1a: Aggron|6/100\n|move|p1a: Aggron|Body Press|p2a: Corviknight\n|-damage|p2a: Corviknight|40/100\n|\n|-heal|p2a: Corviknight|46/100|[from] item: Leftovers\n|-sideend|p2: Hdkend123|move: Tailwind\n|upkeep\n|turn|9\n|\n|t:|1776635377\n|switch|p1b: Rotom|Rotom-Wash, L50|100/100\n|move|p1a: Aggron|Protect|p1a: Aggron\n|-singleturn|p1a: Aggron|Protect\n|move|p2a: Corviknight|Roost|p2a: Corviknight\n|-heal|p2a: Corviknight|96/100\n|-singleturn|p2a: Corviknight|move: Roost\n|\n|-heal|p2a: Corviknight|100/100|[from] item: Leftovers\n|upkeep\n|turn|10\n|\n|t:|1776635391\n|switch|p1b: Sinistcha|Sinistcha-Masterpiece, L50|100/100\n|-heal|p1a: Aggron|30/100|[from] ability: Hospitality|[of] p1b: Sinistcha\n|move|p2a: Corviknight|Body Press|p1a: Aggron\n|-supereffective|p1a: Aggron|1\n|-damage|p1a: Aggron|8/100\n|move|p1a: Aggron|Body Press|p2a: Corviknight\n|-damage|p2a: Corviknight|76/100\n|\n|-heal|p2a: Corviknight|81/100|[from] item: Leftovers\n|upkeep\n|turn|11\n|\n|t:|1776635410\n|move|p1b: Sinistcha|Rage Powder|p1b: Sinistcha\n|-singleturn|p1b: Sinistcha|move: Rage Powder\n|move|p2a: Corviknight|Body Press|p1b: Sinistcha\n|-immune|p1b: Sinistcha\n|move|p1a: Aggron|Body Press|p2a: Corviknight\n|-damage|p2a: Corviknight|55/100\n|\n|-heal|p2a: Corviknight|61/100|[from] item: Leftovers\n|-fieldend|move: Trick Room\n|upkeep\n|turn|12\n|\n|t:|1776635420\n|move|p1b: Sinistcha|Rage Powder|p1b: Sinistcha\n|-singleturn|p1b: Sinistcha|move: Rage Powder\n|move|p1a: Aggron|Body Press|p2a: Corviknight\n|-damage|p2a: Corviknight|37/100\n|move|p2a: Corviknight|Body Press|p1b: Sinistcha\n|-immune|p1b: Sinistcha\n|\n|-heal|p2a: Corviknight|42/100|[from] item: Leftovers\n|upkeep\n|turn|13\n|\n|t:|1776635433\n|switch|p1b: Rotom|Rotom-Wash, L50|100/100\n|move|p1a: Aggron|Body Press|p2a: Corviknight\n|-damage|p2a: Corviknight|17/100\n|move|p2a: Corviknight|Roost|p2a: Corviknight\n|-heal|p2a: Corviknight|67/100\n|-singleturn|p2a: Corviknight|move: Roost\n|\n|-heal|p2a: Corviknight|73/100|[from] item: Leftovers\n|upkeep\n|turn|14\n|\n|t:|1776635446\n|move|p1a: Aggron|Protect|p1a: Aggron\n|-singleturn|p1a: Aggron|Protect\n|move|p1b: Rotom|Discharge|p2a: Corviknight|[spread] p2a\n|-activate|p1a: Aggron|move: Protect\n|-supereffective|p2a: Corviknight|1\n|-damage|p2a: Corviknight|17/100\n|move|p2a: Corviknight|Roost|p2a: Corviknight\n|-heal|p2a: Corviknight|67/100\n|-singleturn|p2a: Corviknight|move: Roost\n|\n|-heal|p2a: Corviknight|73/100|[from] item: Leftovers\n|upkeep\n|turn|15\n|\n|t:|1776635459\n|move|p1a: Aggron|Body Press|p2a: Corviknight\n|-damage|p2a: Corviknight|45/100\n|move|p1b: Rotom|Volt Switch|p2a: Corviknight\n|-supereffective|p2a: Corviknight|1\n|-damage|p2a: Corviknight|0 fnt\n|faint|p2a: Corviknight\n|\n|win|LolgamesAM\n|raw|LolgamesAM's rating: 1124 &rarr; <strong>1146</strong><br />(+22 for winning)\n|raw|Hdkend123's rating: 1076 &rarr; <strong>1058</strong><br />(-18 for losing)\n|c|\u2606LolgamesAM|Gg\n",
  "uploadtime": 1776635471,
  "views": 16,
  "formatid": "gen9championsvgc2026regma",
  "rating": 1058,
  "private": 0,
  "password": null
}