{
  "id": "gen9championsvgc2026regma-2582626363",
  "format": "[Gen 9 Champions] VGC 2026 Reg M-A",
  "players": [
    "AlexPun",
    "DracoSpirit"
  ],
  "log": "|j|\u2606AlexPun\n|j|\u2606DracoSpirit\n|t:|1776103479\n|gametype|doubles\n|player|p1|AlexPun|102|1366\n|player|p2|DracoSpirit|ingo|1348\n|gen|9\n|tier|[Gen 9 Champions] VGC 2026 Reg M-A\n|rated|\n|rule|Species Clause: Limit one of each Pok\u00e9mon\n|rule|Item Clause: Limit 1 of each item\n|clearpoke\n|poke|p1|Floette-Eternal, L50, F|\n|poke|p1|Sinistcha, L50|\n|poke|p1|Incineroar, L50, M|\n|poke|p1|Garchomp, L50, F|\n|poke|p1|Aerodactyl, L50, F|\n|poke|p1|Rotom-Wash, L50|\n|poke|p2|Hawlucha, L50, M|\n|poke|p2|Snorlax, L50, F|\n|poke|p2|Sinistcha, L50|\n|poke|p2|Rotom-Wash, L50|\n|poke|p2|Incineroar, L50, M|\n|poke|p2|Delphox, L50, M|\n|teampreview|4\n|inactive|Battle timer is ON: inactive players will automatically lose when time's up. (requested by AlexPun)\n|\n|t:|1776103507\n|teamsize|p1|4\n|teamsize|p2|4\n|start\n|switch|p1a: Incineroar|Incineroar, L50, M|100/100\n|switch|p1b: Rotom|Rotom-Wash, L50|100/100\n|switch|p2a: Delphox|Delphox, L50, M|100/100\n|switch|p2b: Rotom|Rotom-Wash, L50|100/100\n|-ability|p1a: Incineroar|Intimidate|boost\n|-unboost|p2a: Delphox|atk|1\n|-unboost|p2b: Rotom|atk|1\n|turn|1\n|j| iamanewbie2\n|l| iamanewbie2\n|inactive|DracoSpirit has 30 seconds left.\n|\n|t:|1776103532\n|detailschange|p2a: Delphox|Delphox-Mega, L50, M\n|-mega|p2a: Delphox|Delphox|Delphoxite\n|move|p2b: Rotom|Hydro Pump|p1a: Incineroar\n|-supereffective|p1a: Incineroar|1\n|-damage|p1a: Incineroar|21/100\n|-enditem|p1a: Incineroar|Sitrus Berry|[eat]\n|-heal|p1a: Incineroar|46/100|[from] item: Sitrus Berry\n|move|p2a: Delphox|Calm Mind|p2a: Delphox\n|-boost|p2a: Delphox|spa|1\n|-boost|p2a: Delphox|spd|1\n|move|p1b: Rotom|Volt Switch|p2b: Rotom\n|-damage|p2b: Rotom|68/100\n|j| Counteranomaly\n|\n|t:|1776103545\n|switch|p1b: Aerodactyl|Aerodactyl, L50, F|100/100|[from] Volt Switch\n|-ability|p1b: Aerodactyl|Unnerve\n|move|p1a: Incineroar|Darkest Lariat|p2a: Delphox\n|-supereffective|p2a: Delphox|1\n|-damage|p2a: Delphox|8/100\n|\n|upkeep\n|turn|2\n|j| oherrodersir\n|inactive|DracoSpirit has 30 seconds left.\n|j| CARtu348rjf90\n|\n|t:|1776103572\n|switch|p1a: Rotom|Rotom-Wash, L50|100/100\n|detailschange|p1b: Aerodactyl|Aerodactyl-Mega, L50, F\n|-mega|p1b: Aerodactyl|Aerodactyl|Aerodactylite\n|move|p1b: Aerodactyl|Rock Slide|p2a: Delphox|[spread] p2a,p2b\n|-supereffective|p2a: Delphox|1\n|-damage|p2a: Delphox|0 fnt\n|-damage|p2b: Rotom|25/100\n|faint|p2a: Delphox\n|cant|p2b: Rotom|flinch\n|\n|upkeep\n|j| iamanewbie2\n|\n|t:|1776103580\n|switch|p2a: Sinistcha|Sinistcha, L50|100/100\n|-heal|p2b: Rotom|50/100|[from] ability: Hospitality|[of] p2a: Sinistcha\n|turn|3\n|\n|t:|1776103589\n|switch|p2b: Incineroar|Incineroar, L50, M|100/100\n|-ability|p2b: Incineroar|Intimidate|boost\n|-unboost|p1a: Rotom|atk|1\n|-unboost|p1b: Aerodactyl|atk|1\n|move|p1b: Aerodactyl|Dual Wingbeat|p2a: Sinistcha\n|-supereffective|p2a: Sinistcha|1\n|-damage|p2a: Sinistcha|69/100\n|-supereffective|p2a: Sinistcha|1\n|-damage|p2a: Sinistcha|35/100\n|-hitcount|p2a: Sinistcha|2\n|move|p1a: Rotom|Volt Switch|p2b: Incineroar\n|-damage|p2b: Incineroar|78/100\n|\n|t:|1776103597\n|switch|p1a: Incineroar|Incineroar, L50, M|46/100|[from] Volt Switch\n|-ability|p1a: Incineroar|Intimidate|boost\n|-unboost|p2a: Sinistcha|atk|1\n|-unboost|p2b: Incineroar|atk|1\n|move|p2a: Sinistcha|Matcha Gotcha|p1b: Aerodactyl|[spread] p1b\n|-miss|p2a: Sinistcha|p1a: Incineroar\n|-damage|p1b: Aerodactyl|71/100\n|-heal|p2a: Sinistcha|48/100|[from] drain|[of] p1b: Aerodactyl\n|\n|upkeep\n|turn|4\n|l| iamanewbie2\n|inactive|DracoSpirit has 30 seconds left.\n|\n|t:|1776103623\n|switch|p2a: Rotom|Rotom-Wash, L50|50/100\n|move|p1b: Aerodactyl|Tailwind|p1b: Aerodactyl\n|-sidestart|p1: AlexPun|move: Tailwind\n|move|p1a: Incineroar|Darkest Lariat|p2a: Rotom\n|-damage|p2a: Rotom|8/100\n|move|p2b: Incineroar|Parting Shot|p1a: Incineroar\n|-unboost|p1a: Incineroar|atk|1\n|-unboost|p1a: Incineroar|spa|1\n|\n|t:|1776103631\n|switch|p2b: Sinistcha|Sinistcha, L50|48/100|[from] Parting Shot\n|-heal|p2a: Rotom|33/100|[from] ability: Hospitality|[of] p2b: Sinistcha\n|\n|upkeep\n|turn|5\n|\n|t:|1776103653\n|switch|p2b: Incineroar|Incineroar, L50, M|78/100\n|-ability|p2b: Incineroar|Intimidate|boost\n|-unboost|p1a: Incineroar|atk|1\n|-unboost|p1b: Aerodactyl|atk|1\n|move|p1b: Aerodactyl|Dual Wingbeat|p2b: Incineroar\n|-damage|p2b: Incineroar|66/100\n|-crit|p2b: Incineroar\n|-damage|p2b: Incineroar|31/100\n|-hitcount|p2b: Incineroar|2\n|move|p2a: Rotom|Volt Switch|p1b: Aerodactyl\n|-supereffective|p1b: Aerodactyl|1\n|-damage|p1b: Aerodactyl|0 fnt\n|faint|p1b: Aerodactyl\n|\n|t:|1776103664\n|switch|p2a: Sinistcha|Sinistcha, L50|48/100|[from] Volt Switch\n|-heal|p2b: Incineroar|55/100|[from] ability: Hospitality|[of] p2a: Sinistcha\n|move|p1a: Incineroar|Darkest Lariat|p2a: Sinistcha\n|-supereffective|p2a: Sinistcha|1\n|-damage|p2a: Sinistcha|18/100\n|\n|upkeep\n|\n|t:|1776103671\n|switch|p1b: Sinistcha|Sinistcha, L50|100/100\n|-heal|p1a: Incineroar|71/100|[from] ability: Hospitality|[of] p1b: Sinistcha\n|turn|6\n|\n|t:|1776103692\n|switch|p1a: Rotom|Rotom-Wash, L50|100/100\n|move|p2b: Incineroar|Fake Out|p1a: Rotom\n|-crit|p1a: Rotom\n|-damage|p1a: Rotom|83/100\n|move|p1b: Sinistcha|Matcha Gotcha|p2a: Sinistcha|[spread] p2a,p2b\n|-resisted|p2a: Sinistcha|1\n|-resisted|p2b: Incineroar|1\n|-damage|p2a: Sinistcha|6/100\n|-damage|p2b: Incineroar|44/100\n|move|p2a: Sinistcha|Life Dew|p2a: Sinistcha|[spread] p2a,p2b\n|-heal|p2a: Sinistcha|31/100\n|-heal|p2b: Incineroar|69/100\n|\n|-heal|p1a: Rotom|89/100|[from] item: Leftovers\n|upkeep\n|turn|7\n|\n|t:|1776103712\n|switch|p2b: Rotom|Rotom-Wash, L50|33/100\n|move|p1a: Rotom|Hydro Pump|p2b: Rotom|[miss]\n|-miss|p1a: Rotom|p2b: Rotom\n|move|p1b: Sinistcha|Matcha Gotcha|p2a: Sinistcha|[spread] p2a,p2b\n|-resisted|p2a: Sinistcha|1\n|-supereffective|p2b: Rotom|1\n|-damage|p2a: Sinistcha|20/100\n|-damage|p2b: Rotom|0 fnt\n|-status|p2a: Sinistcha|brn\n|faint|p2b: Rotom\n|move|p2a: Sinistcha|Matcha Gotcha|p1b: Sinistcha|[spread] p1a,p1b\n|-supereffective|p1a: Rotom|1\n|-resisted|p1b: Sinistcha|1\n|-damage|p1a: Rotom|34/100\n|-heal|p2a: Sinistcha|44/100 brn|[from] drain|[of] p1a: Rotom\n|-damage|p1b: Sinistcha|85/100\n|-heal|p2a: Sinistcha|52/100 brn|[from] drain|[of] p1b: Sinistcha\n|\n|-heal|p1a: Rotom|40/100|[from] item: Leftovers\n|-damage|p2a: Sinistcha|45/100 brn|[from] brn\n|-sideend|p1: AlexPun|move: Tailwind\n|upkeep\n|\n|t:|1776103722\n|switch|p2b: Incineroar|Incineroar, L50, M|69/100\n|-ability|p2b: Incineroar|Intimidate|boost\n|-unboost|p1a: Rotom|atk|1\n|-unboost|p1b: Sinistcha|atk|1\n|turn|8\n|\n|t:|1776103740\n|switch|p1a: Incineroar|Incineroar, L50, M|71/100\n|-ability|p1a: Incineroar|Intimidate|boost\n|-unboost|p2a: Sinistcha|atk|1\n|-unboost|p2b: Incineroar|atk|1\n|move|p1b: Sinistcha|Life Dew|p1b: Sinistcha|[spread] p1a,p1b\n|-heal|p1a: Incineroar|96/100\n|-heal|p1b: Sinistcha|100/100\n|move|p2b: Incineroar|Throat Chop|p1b: Sinistcha\n|-supereffective|p1b: Sinistcha|1\n|-damage|p1b: Sinistcha|66/100\n|-start|p1b: Sinistcha|Throat Chop|[silent]\n|move|p2a: Sinistcha|Life Dew|p2a: Sinistcha|[spread] p2a,p2b\n|-heal|p2a: Sinistcha|71/100 brn\n|-heal|p2b: Incineroar|95/100\n|\n|-damage|p2a: Sinistcha|65/100 brn|[from] brn\n|upkeep\n|turn|9\n|inactive|AlexPun has 30 seconds left.\n|\n|t:|1776103765\n|switch|p1b: Rotom|Rotom-Wash, L50|40/100\n|move|p2b: Incineroar|Throat Chop|p1b: Rotom\n|-damage|p1b: Rotom|17/100\n|-start|p1b: Rotom|Throat Chop|[silent]\n|move|p1a: Incineroar|Darkest Lariat|p2a: Sinistcha\n|-supereffective|p2a: Sinistcha|1\n|-damage|p2a: Sinistcha|11/100 brn\n|move|p2a: Sinistcha|Matcha Gotcha|p1b: Rotom|[spread] p1a\n|-miss|p2a: Sinistcha|p1b: Rotom\n|-resisted|p1a: Incineroar|1\n|-damage|p1a: Incineroar|87/100\n|-heal|p2a: Sinistcha|16/100 brn|[from] drain|[of] p1a: Incineroar\n|\n|-heal|p1b: Rotom|23/100|[from] item: Leftovers\n|-damage|p2a: Sinistcha|10/100 brn|[from] brn\n|upkeep\n|turn|10\n|\n|t:|1776103787\n|switch|p1a: Sinistcha|Sinistcha, L50|66/100\n|-heal|p1b: Rotom|48/100|[from] ability: Hospitality|[of] p1a: Sinistcha\n|move|p2a: Sinistcha|Rage Powder|p2a: Sinistcha\n|-singleturn|p2a: Sinistcha|move: Rage Powder\n|move|p1b: Rotom|Hydro Pump|p2a: Sinistcha\n|-resisted|p2a: Sinistcha|1\n|-damage|p2a: Sinistcha|0 fnt\n|faint|p2a: Sinistcha\n|move|p2b: Incineroar|Throat Chop|p1b: Rotom\n|-damage|p1b: Rotom|25/100\n|\n|-heal|p1b: Rotom|30/100|[from] item: Leftovers\n|-end|p1b: Rotom|Throat Chop|[silent]\n|upkeep\n|turn|11\n|j| killapowa\n|\n|t:|1776103805\n|move|p1b: Rotom|Volt Switch|p2b: Incineroar\n|-crit|p2b: Incineroar\n|-damage|p2b: Incineroar|63/100\n|j| Junglebolt\n|\n|t:|1776103808\n|switch|p1b: Incineroar|Incineroar, L50, M|87/100|[from] Volt Switch\n|-ability|p1b: Incineroar|Intimidate|boost\n|-unboost|p2b: Incineroar|atk|1\n|move|p1a: Sinistcha|Matcha Gotcha|p2b: Incineroar\n|-resisted|p2b: Incineroar|1\n|-damage|p2b: Incineroar|48/100\n|-heal|p1a: Sinistcha|75/100|[from] drain|[of] p2b: Incineroar\n|move|p2b: Incineroar|Throat Chop|p1b: Incineroar\n|-resisted|p1b: Incineroar|1\n|-damage|p1b: Incineroar|79/100\n|-start|p1b: Incineroar|Throat Chop|[silent]\n|\n|upkeep\n|turn|12\n|l| Junglebolt\n|-message|DracoSpirit forfeited.\n|\n|win|AlexPun\n|raw|AlexPun's rating: 1366 &rarr; <strong>1385</strong><br />(+19 for winning)\n|raw|DracoSpirit's rating: 1348 &rarr; <strong>1329</strong><br />(-19 for losing)\n|l|\u2606DracoSpirit\n|player|p2|\n|l| killapowa\n|l|\u2606AlexPun\n|player|p1|\n|l| Counteranomaly\n",
  "uploadtime": 1776103983,
  "views": 23,
  "formatid": "gen9championsvgc2026regma",
  "rating": 1329,
  "private": 0,
  "password": null
}