{
  "id": "gen9championsvgc2026regma-2581377160",
  "format": "[Gen 9 Champions] VGC 2026 Reg M-A",
  "players": [
    "magdalium",
    "kalise26"
  ],
  "log": "|j|\u2606magdalium\n|j|\u2606kalise26\n|t:|1775993687\n|gametype|doubles\n|player|p1|magdalium|bugcatcher-gen4dp|1040\n|player|p2|kalise26|iris-gen5bw2|1000\n|gen|9\n|tier|[Gen 9 Champions] VGC 2026 Reg M-A\n|rated|\n|rule|Species Clause: Limit one of each Pok\u00e9mon\n|rule|Item Clause: Limit 1 of each item\n|clearpoke\n|poke|p1|Arcanine-Hisui, L50, F|\n|poke|p1|Tinkaton, L50, F|\n|poke|p1|Rotom-Wash, L50|\n|poke|p1|Sneasler, L50, M|\n|poke|p1|Gyarados, L50, M|\n|poke|p1|Whimsicott, L50, F|\n|poke|p2|Tyranitar, L50, F|\n|poke|p2|Corviknight, L50, M|\n|poke|p2|Milotic, L50, F|\n|poke|p2|Dragonite, L50, M|\n|poke|p2|Glimmora, L50, F|\n|poke|p2|Meowscarada, L50, M|\n|teampreview|4\n|inactive|Battle timer is ON: inactive players will automatically lose when time's up. (requested by kalise26)\n|\n|t:|1775993733\n|teamsize|p1|4\n|teamsize|p2|4\n|start\n|switch|p1a: Sneasler|Sneasler, L50, M|100/100\n|switch|p1b: Gyarados|Gyarados, L50, M|100/100\n|switch|p2a: Toph|Glimmora, L50, F, shiny|100/100\n|switch|p2b: WaloWalo|Dragonite, L50, M|100/100\n|-ability|p1b: Gyarados|Intimidate|boost\n|-unboost|p2a: Toph|atk|1\n|-fail|p2b: WaloWalo|unboost|Attack|[from] ability: Inner Focus|[of] p2b: WaloWalo\n|turn|1\n|\n|t:|1775993756\n|move|p2a: Toph|Spiky Shield|p2a: Toph\n|-singleturn|p2a: Toph|move: Protect\n|move|p1b: Gyarados|Protect|p1b: Gyarados\n|-singleturn|p1b: Gyarados|Protect\n|move|p1a: Sneasler|Coaching|p1b: Gyarados\n|-boost|p1b: Gyarados|atk|1\n|-boost|p1b: Gyarados|def|1\n|move|p2b: WaloWalo|Tailwind|p2b: WaloWalo\n|-sidestart|p2: kalise26|move: Tailwind\n|\n|upkeep\n|turn|2\n|inactive|magdalium has 30 seconds left.\n|inactive|kalise26 has 30 seconds left.\n|inactive|kalise26 has 20 seconds left.\n|\n|t:|1775993804\n|detailschange|p2a: Toph|Glimmora-Mega, L50, F, shiny\n|-mega|p2a: Toph|Glimmora|Glimmoranite\n|detailschange|p1b: Gyarados|Gyarados-Mega, L50, M\n|-mega|p1b: Gyarados|Gyarados|Gyaradosite\n|-ability|p1b: Gyarados|Mold Breaker\n|move|p2b: WaloWalo|Extreme Speed|p1b: Gyarados\n|-damage|p1b: Gyarados|80/100\n|move|p2a: Toph|Power Gem|p1b: Gyarados\n|-damage|p1b: Gyarados|27/100\n|move|p1a: Sneasler|Coaching|p1b: Gyarados\n|-boost|p1b: Gyarados|atk|1\n|-boost|p1b: Gyarados|def|1\n|move|p1b: Gyarados|Waterfall|p2a: Toph\n|-supereffective|p2a: Toph|1\n|-damage|p2a: Toph|0 fnt\n|faint|p2a: Toph\n|\n|upkeep\n|\n|t:|1775993820\n|switch|p2a: Curry|Meowscarada, L50, M, shiny|100/100\n|turn|3\n|\n|t:|1775993830\n|move|p1b: Gyarados|Protect|p1b: Gyarados\n|-singleturn|p1b: Gyarados|Protect\n|move|p2a: Curry|U-turn|p1b: Gyarados\n|-activate|p1b: Gyarados|move: Protect\n|move|p2b: WaloWalo|Dragon Claw|p1a: Sneasler\n|-damage|p1a: Sneasler|20/100\n|move|p1a: Sneasler|Dire Claw|p2a: Curry\n|-supereffective|p2a: Curry|1\n|-damage|p2a: Curry|0 fnt\n|faint|p2a: Curry\n|\n|upkeep\n|\n|t:|1775993841\n|switch|p2a: Sandra|Tyranitar, L50, F|100/100\n|-weather|Sandstorm|[from] ability: Sand Stream|[of] p2a: Sandra\n|turn|4\n|\n|t:|1775993850\n|switch|p1a: Tinkaton|Tinkaton, L50, F|100/100\n|-ability|p1a: Tinkaton|Mold Breaker\n|move|p2b: WaloWalo|Extreme Speed|p1a: Tinkaton\n|-resisted|p1a: Tinkaton|1\n|-damage|p1a: Tinkaton|83/100\n|move|p2a: Sandra|Rock Slide|p1b: Gyarados|[spread] p1a,p1b\n|-resisted|p1a: Tinkaton|1\n|-damage|p1a: Tinkaton|66/100\n|-damage|p1b: Gyarados|13/100\n|move|p1b: Gyarados|Waterfall|p2a: Sandra\n|-supereffective|p2a: Sandra|1\n|-damage|p2a: Sandra|0 fnt\n|faint|p2a: Sandra\n|\n|-weather|Sandstorm|[upkeep]\n|-damage|p2b: WaloWalo|95/100|[from] Sandstorm\n|-damage|p1b: Gyarados|7/100|[from] Sandstorm\n|-heal|p1a: Tinkaton|72/100|[from] item: Leftovers\n|-sideend|p2: kalise26|move: Tailwind\n|upkeep\n|turn|5\n|-message|kalise26 forfeited.\n|\n|win|magdalium\n|raw|magdalium's rating: 1040 &rarr; <strong>1070</strong><br />(+30 for winning)\n|raw|kalise26's rating: 1000 &rarr; <strong>1000</strong><br />(+0 for losing)\n|l|\u2606kalise26\n|player|p2|\n",
  "uploadtime": 1775993864,
  "views": 21,
  "formatid": "gen9championsvgc2026regma",
  "rating": 1000,
  "private": 0,
  "password": null
}