{
  "id": "gen9championsvgc2026regma-2582777680",
  "format": "[Gen 9 Champions] VGC 2026 Reg M-A",
  "players": [
    "NotTheRealAdo",
    "dmryrdtp"
  ],
  "log": "|j|\u2606NotTheRealAdo\n|j|\u2606dmryrdtp\n|t:|1776113408\n|gametype|doubles\n|player|p1|NotTheRealAdo|karen|1209\n|player|p2|dmryrdtp|nate|1251\n|gen|9\n|tier|[Gen 9 Champions] VGC 2026 Reg M-A\n|rated|\n|rule|Species Clause: Limit one of each Pok\u00e9mon\n|rule|Item Clause: Limit 1 of each item\n|clearpoke\n|poke|p1|Floette-Eternal, L50, F|\n|poke|p1|Incineroar, L50, F|\n|poke|p1|Garchomp, L50, F|\n|poke|p1|Sneasler, L50, F|\n|poke|p1|Rotom-Wash, L50|\n|poke|p1|Aerodactyl, L50, F|\n|poke|p2|Delphox, L50, F|\n|poke|p2|Basculegion, L50, M|\n|poke|p2|Whimsicott, L50, F|\n|poke|p2|Garchomp, L50, M|\n|poke|p2|Kingambit, L50, F|\n|poke|p2|Sneasler, L50, M|\n|teampreview|4\n|\n|t:|1776113446\n|teamsize|p1|4\n|teamsize|p2|4\n|start\n|switch|p1a: Rotom|Rotom-Wash, L50|100/100\n|switch|p1b: Aerodactyl|Aerodactyl, L50, F|100/100\n|switch|p2a: Basculegion|Basculegion, L50, M|100/100\n|switch|p2b: Kingambit|Kingambit, L50, F|100/100\n|-ability|p1b: Aerodactyl|Unnerve\n|turn|1\n|inactive|Battle timer is ON: inactive players will automatically lose when time's up. (requested by dmryrdtp)\n|inactive|NotTheRealAdo has 60 seconds left.\n|inactive|dmryrdtp has 60 seconds left.\n|\n|t:|1776113490\n|switch|p2b: Whimsicott|Whimsicott, L50, F|100/100\n|move|p2a: Basculegion|Aqua Jet|p1b: Aerodactyl\n|-supereffective|p1b: Aerodactyl|1\n|-damage|p1b: Aerodactyl|8/100\n|move|p1a: Rotom|Volt Switch|p2a: Basculegion\n|-supereffective|p2a: Basculegion|1\n|-crit|p2a: Basculegion\n|-damage|p2a: Basculegion|23/100\n|\n|t:|1776113504\n|switch|p1a: Incineroar|Incineroar, L50, F|100/100|[from] Volt Switch\n|-ability|p1a: Incineroar|Intimidate|boost\n|-unboost|p2a: Basculegion|atk|1\n|-unboost|p2b: Whimsicott|atk|1\n|-enditem|p2a: Basculegion|White Herb\n|-clearnegativeboost|p2a: Basculegion|[silent]\n|move|p1b: Aerodactyl|Rock Slide|p2a: Basculegion|[spread] p2a,p2b\n|-damage|p2a: Basculegion|0 fnt\n|-damage|p2b: Whimsicott|78/100\n|faint|p2a: Basculegion\n|\n|upkeep\n|\n|t:|1776113513\n|switch|p2a: Kingambit|Kingambit, L50, F|100/100\n|turn|2\n|\n|t:|1776113529\n|move|p1b: Aerodactyl|Dual Wingbeat|p2b: Whimsicott\n|-supereffective|p2b: Whimsicott|1\n|-damage|p2b: Whimsicott|45/100\n|-supereffective|p2b: Whimsicott|1\n|-damage|p2b: Whimsicott|11/100\n|-hitcount|p2b: Whimsicott|2\n|move|p2b: Whimsicott|Moonblast|p1a: Incineroar\n|-damage|p1a: Incineroar|78/100\n|move|p1a: Incineroar|Flare Blitz|p2a: Kingambit\n|-supereffective|p2a: Kingambit|1\n|-damage|p2a: Kingambit|36/100\n|-damage|p1a: Incineroar|56/100|[from] Recoil\n|move|p2a: Kingambit|Low Kick|p1a: Incineroar\n|-supereffective|p1a: Incineroar|1\n|-damage|p1a: Incineroar|5/100\n|-enditem|p1a: Incineroar|Sitrus Berry|[eat]\n|-heal|p1a: Incineroar|30/100|[from] item: Sitrus Berry\n|\n|upkeep\n|turn|3\n|inactive|NotTheRealAdo has 30 seconds left.\n|inactive|NotTheRealAdo has 20 seconds left.\n|inactive|NotTheRealAdo has 15 seconds left.\n|inactive|NotTheRealAdo has 10 seconds left.\n|\n|t:|1776113579\n|move|p2b: Whimsicott|Tailwind|p2b: Whimsicott\n|-sidestart|p2: dmryrdtp|move: Tailwind\n|move|p2a: Kingambit|Sucker Punch||[still]\n|-fail|p2a: Kingambit\n|move|p1b: Aerodactyl|Tailwind|p1b: Aerodactyl\n|-sidestart|p1: NotTheRealAdo|move: Tailwind\n|move|p1a: Incineroar|Flare Blitz|p2a: Kingambit\n|-supereffective|p2a: Kingambit|1\n|-damage|p2a: Kingambit|0 fnt\n|faint|p2a: Kingambit\n|-damage|p1a: Incineroar|18/100|[from] Recoil\n|\n|upkeep\n|\n|t:|1776113586\n|switch|p2a: Delphox|Delphox, L50, F|100/100\n|turn|4\n|inactive|NotTheRealAdo has 30 seconds left.\n|\n|t:|1776113619\n|detailschange|p2a: Delphox|Delphox-Mega, L50, F\n|-mega|p2a: Delphox|Delphox|Delphoxite\n|move|p2b: Whimsicott|Protect|p2b: Whimsicott\n|-singleturn|p2b: Whimsicott|Protect\n|move|p2a: Delphox|Heat Wave|p1a: Incineroar|[spread] p1a,p1b\n|-resisted|p1a: Incineroar|1\n|-resisted|p1b: Aerodactyl|1\n|-damage|p1a: Incineroar|0 fnt\n|-damage|p1b: Aerodactyl|0 fnt\n|faint|p1a: Incineroar\n|faint|p1b: Aerodactyl\n|\n|upkeep\n|\n|t:|1776113628\n|switch|p1b: Rotom|Rotom-Wash, L50|100/100\n|switch|p1a: Mary Poppins|Floette-Eternal, L50, F|100/100\n|turn|5\n|\n|t:|1776113643\n|detailschange|p1a: Mary Poppins|Floette-Mega, L50, F\n|-mega|p1a: Mary Poppins|Floette|Floettite\n|-ability|p1a: Mary Poppins|Fairy Aura\n|move|p2b: Whimsicott|Fake Tears|p1b: Rotom\n|-unboost|p1b: Rotom|spd|2\n|move|p1b: Rotom|Hydro Pump|p2a: Delphox\n|-supereffective|p2a: Delphox|1\n|-damage|p2a: Delphox|22/100\n|move|p2a: Delphox|Psychic|p1b: Rotom\n|-damage|p1b: Rotom|0 fnt\n|faint|p1b: Rotom\n|move|p1a: Mary Poppins|Dazzling Gleam|p2b: Whimsicott|[spread] p2a,p2b\n|-resisted|p2a: Delphox|1\n|-damage|p2a: Delphox|0 fnt\n|-damage|p2b: Whimsicott|0 fnt\n|faint|p2a: Delphox\n|faint|p2b: Whimsicott\n|\n|win|NotTheRealAdo\n|raw|NotTheRealAdo's rating: 1209 &rarr; <strong>1237</strong><br />(+28 for winning)\n|raw|dmryrdtp's rating: 1251 &rarr; <strong>1223</strong><br />(-28 for losing)\n|l|\u2606dmryrdtp\n|player|p2|\n",
  "uploadtime": 1776113661,
  "views": 25,
  "formatid": "gen9championsvgc2026regma",
  "rating": 1223,
  "private": 0,
  "password": null
}