{
  "id": "gen9championsvgc2026regma-2588456378",
  "format": "[Gen 9 Champions] VGC 2026 Reg M-A",
  "players": [
    "regitron 21",
    "mad07maxi"
  ],
  "log": "|j|\u2606regitron 21\n|j|\u2606mad07maxi\n|t:|1776635129\n|gametype|doubles\n|player|p1|regitron 21|n|1087\n|player|p2|mad07maxi|archer|1081\n|gen|9\n|tier|[Gen 9 Champions] VGC 2026 Reg M-A\n|rated|\n|rule|Species Clause: Limit one of each Pok\u00e9mon\n|rule|Item Clause: Limit 1 of each item\n|clearpoke\n|poke|p1|Aegislash, L50, M|\n|poke|p1|Froslass, L50, F|\n|poke|p1|Incineroar, L50, F|\n|poke|p1|Sneasler, L50, F|\n|poke|p1|Rotom-Wash, L50|\n|poke|p1|Volcarona, L50, M|\n|poke|p2|Gengar, L50, F, shiny|\n|poke|p2|Milotic, L50, F, shiny|\n|poke|p2|Incineroar, L50, M, shiny|\n|poke|p2|Tinkaton, L50, F|\n|poke|p2|Garchomp, L50, F, shiny|\n|poke|p2|Aerodactyl, L50, M|\n|teampreview|4\n|c|\u2606regitron 21|hey good luck bud\n|c|\u2606regitron 21|cool team\nregitron 21 has agreed to open team sheets.\n|\n|t:|1776635170\n|teamsize|p1|4\n|teamsize|p2|4\n|start\n|switch|p1a: Rotom|Rotom-Wash, L50|100/100\n|switch|p1b: Aegislash|Aegislash, L50, M|100/100\n|switch|p2a: Gengar|Gengar, L50, F, shiny|100/100\n|switch|p2b: Aerodactyl|Aerodactyl, L50, M|100/100\n|-ability|p2b: Aerodactyl|Unnerve\n|turn|1\n|\n|t:|1776635188\n|detailschange|p2a: Gengar|Gengar-Mega, L50, F, shiny\n|-mega|p2a: Gengar|Gengar|Gengarite\n|move|p1a: Rotom|Hydro Pump|p2b: Aerodactyl\n|-supereffective|p2b: Aerodactyl|1\n|-damage|p2b: Aerodactyl|0 fnt\n|faint|p2b: Aerodactyl\n|move|p2a: Gengar|Shadow Ball|p1b: Aegislash\n|-supereffective|p1b: Aegislash|1\n|-damage|p1b: Aegislash|20/100\n|-unboost|p1b: Aegislash|spd|1\n|-formechange|p1b: Aegislash|Aegislash-Blade|\n|move|p1b: Aegislash|Poltergeist|p2a: Gengar\n|-activate|p2a: Gengar|move: Poltergeist|Gengarite\n|-supereffective|p2a: Gengar|1\n|-damage|p2a: Gengar|0 fnt\n|faint|p2a: Gengar\n|\n|upkeep\n|\n|t:|1776635200\n|switch|p2a: Tinkaton|Tinkaton, L50, F|100/100\n|switch|p2b: Garchomp|Garchomp, L50, F, shiny|100/100\n|-ability|p2a: Tinkaton|Mold Breaker\n|turn|2\n|\n|t:|1776635211\n|-formechange|p1b: Aegislash|Aegislash|\n|move|p1b: Aegislash|King's Shield|p1b: Aegislash\n|-singleturn|p1b: Aegislash|Protect\n|move|p2a: Tinkaton|Fake Out|p1a: Rotom\n|-damage|p1a: Rotom|86/100\n|cant|p1a: Rotom|flinch\n|move|p2b: Garchomp|Rock Slide|p1a: Rotom|[spread] p1a\n|-activate|p1b: Aegislash|move: Protect\n|-damage|p1a: Rotom|58/100\n|\n|upkeep\n|turn|3\n|\n|t:|1776635235\n|switch|p1b: Sneasler|Sneasler, L50, F|100/100\n|move|p1a: Rotom|Hydro Pump|p2a: Tinkaton|[miss]\n|-miss|p1a: Rotom|p2a: Tinkaton\n|move|p2b: Garchomp|Rock Slide|p1a: Rotom|[spread] p1a,p1b\n|-resisted|p1b: Sneasler|1\n|-damage|p1a: Rotom|31/100\n|-damage|p1b: Sneasler|82/100\n|move|p2a: Tinkaton|Play Rough|p1b: Sneasler\n|-damage|p1b: Sneasler|18/100\n|\n|upkeep\n|turn|4\n|\n|t:|1776635255\n|move|p2a: Tinkaton|Protect|p2a: Tinkaton\n|-singleturn|p2a: Tinkaton|Protect\n|move|p1a: Rotom|Hydro Pump|p2a: Tinkaton\n|-activate|p2a: Tinkaton|move: Protect\n|move|p2b: Garchomp|Rock Slide|p1a: Rotom|[spread] p1b\n|-miss|p2b: Garchomp|p1a: Rotom\n|-resisted|p1b: Sneasler|1\n|-damage|p1b: Sneasler|0 fnt\n|faint|p1b: Sneasler\n|\n|upkeep\n|\n|t:|1776635258\n|switch|p1b: Froslass|Froslass, L50, F|100/100\n|turn|5\n|\n|t:|1776635279\n|detailschange|p1b: Froslass|Froslass-Mega, L50, F\n|-mega|p1b: Froslass|Froslass|Froslassite\n|-weather|Snowscape|[from] ability: Snow Warning|[of] p1b: Froslass\n|move|p1a: Rotom|Hydro Pump|p2a: Tinkaton\n|-damage|p2a: Tinkaton|42/100\n|move|p2b: Garchomp|Rock Slide|p1b: Froslass|[spread] p1a,p1b\n|-supereffective|p1b: Froslass|1\n|-damage|p1a: Rotom|4/100\n|-damage|p1b: Froslass|57/100\n|move|p1b: Froslass|Blizzard|p2b: Garchomp|[spread] p2a,p2b\n|-resisted|p2a: Tinkaton|1\n|-supereffective|p2b: Garchomp|2\n|-damage|p2a: Tinkaton|18/100\n|-damage|p2b: Garchomp|0 fnt\n|-status|p2a: Tinkaton|frz\n|faint|p2b: Garchomp\n|-curestatus|p2a: Tinkaton|frz|[msg]\n|move|p2a: Tinkaton|Gigaton Hammer|p1b: Froslass\n|-supereffective|p1b: Froslass|1\n|-damage|p1b: Froslass|0 fnt\n|faint|p1b: Froslass\n|\n|-weather|Snowscape|[upkeep]\n|upkeep\n|\n|t:|1776635291\n|switch|p1b: Aegislash|Aegislash, L50, M|20/100\n|turn|6\n|-message|mad07maxi forfeited.\n|\n|win|regitron 21\n|raw|regitron 21's rating: 1087 &rarr; <strong>1113</strong><br />(+26 for winning)\n|raw|mad07maxi's rating: 1081 &rarr; <strong>1059</strong><br />(-22 for losing)\n|l|\u2606mad07maxi\n|player|p2|\n|c|\u2606regitron 21|gg\n|c|\u2606regitron 21|nice team bud\n",
  "uploadtime": 1776635302,
  "views": 9,
  "formatid": "gen9championsvgc2026regma",
  "rating": 1059,
  "private": 0,
  "password": null
}