{
  "id": "gen9championsvgc2026regma-2587017099",
  "format": "[Gen 9 Champions] VGC 2026 Reg M-A",
  "players": [
    "CandyIsInTheVan",
    "katecorvidoe"
  ],
  "log": "|j|\u2606CandyIsInTheVan\n|j|\u2606katecorvidoe\n|t:|1776481628\n|gametype|doubles\n|player|p1|CandyIsInTheVan|266|1120\n|player|p2|katecorvidoe|acetrainerf-gen4dp|1063\n|gen|9\n|tier|[Gen 9 Champions] VGC 2026 Reg M-A\n|rated|\n|rule|Species Clause: Limit one of each Pok\u00e9mon\n|rule|Item Clause: Limit 1 of each item\n|clearpoke\n|poke|p1|Camerupt, L50, F|\n|poke|p1|Torkoal, L50, M|\n|poke|p1|Farigiraf, L50, M|\n|poke|p1|Incineroar, L50, M|\n|poke|p1|Wyrdeer, L50, M|\n|poke|p1|Snorlax, L50, M|\n|poke|p2|Beedrill, L50, M|\n|poke|p2|Dragapult, L50, M|\n|poke|p2|Vivillon, L50, M|\n|poke|p2|Hatterene, L50, F|\n|poke|p2|Primarina, L50, F|\n|poke|p2|Basculegion, L50, M|\n|teampreview|4\n|\n|t:|1776481685\n|teamsize|p1|4\n|teamsize|p2|4\n|start\n|switch|p1a: Farigiraf|Farigiraf, L50, M|100/100\n|switch|p1b: Wyrdeer|Wyrdeer, L50, M, shiny|100/100\n|switch|p2a: Hatterene|Hatterene, L50, F|100/100\n|switch|p2b: Basculegion|Basculegion, L50, M|100/100\n|-ability|p1b: Wyrdeer|Intimidate|boost\n|-unboost|p2a: Hatterene|atk|1\n|-unboost|p2b: Basculegion|atk|1\n|turn|1\n|\n|t:|1776481713\n|move|p2b: Basculegion|Flip Turn|p1b: Wyrdeer\n|-damage|p1b: Wyrdeer|69/100\n|\n|t:|1776481719\n|switch|p2b: Primarina|Primarina, L50, F|100/100|[from] Flip Turn\n|move|p1a: Farigiraf|Sunny Day|p1a: Farigiraf\n|-weather|SunnyDay\n|move|p2a: Hatterene|Imprison|p2a: Hatterene\n|-start|p2a: Hatterene|move: Imprison\n|cant|p1b: Wyrdeer|move: Imprison|Trick Room\n|\n|-weather|SunnyDay|[upkeep]\n|upkeep\n|turn|2\n|\n|t:|1776481742\n|move|p1b: Wyrdeer|Psyshield Bash|p2a: Hatterene\n|-resisted|p2a: Hatterene|1\n|-damage|p2a: Hatterene|86/100\n|-boost|p1b: Wyrdeer|def|1\n|move|p1a: Farigiraf|Hyper Voice|p2a: Hatterene|[spread] p2a,p2b\n|-damage|p2a: Hatterene|61/100\n|-damage|p2b: Primarina|73/100\n|move|p2b: Primarina|Hyper Voice|p1b: Wyrdeer|[spread] p1a,p1b\n|-damage|p1a: Farigiraf|88/100\n|-damage|p1b: Wyrdeer|56/100\n|move|p2a: Hatterene|Life Dew|p2a: Hatterene|[spread] p2a,p2b\n|-heal|p2a: Hatterene|86/100\n|-heal|p2b: Primarina|99/100\n|\n|-weather|SunnyDay|[upkeep]\n|-heal|p1a: Farigiraf|94/100|[from] item: Leftovers\n|-heal|p2b: Primarina|100/100|[from] item: Leftovers\n|upkeep\n|turn|3\n|\n|t:|1776481779\n|move|p1b: Wyrdeer|Light Screen|p1b: Wyrdeer\n|-sidestart|p1: CandyIsInTheVan|move: Light Screen\n|move|p1a: Farigiraf|Hyper Voice|p2a: Hatterene|[spread] p2a,p2b\n|-damage|p2a: Hatterene|64/100\n|-damage|p2b: Primarina|75/100\n|move|p2b: Primarina|Moonblast|p1b: Wyrdeer\n|-damage|p1b: Wyrdeer|31/100\n|move|p2a: Hatterene|Life Dew|p2a: Hatterene|[spread] p2a,p2b\n|-heal|p2a: Hatterene|89/100\n|-heal|p2b: Primarina|100/100\n|\n|-weather|SunnyDay|[upkeep]\n|-heal|p1a: Farigiraf|100/100|[from] item: Leftovers\n|upkeep\n|turn|4\n|\n|t:|1776481810\n|switch|p1a: Camerupt|Camerupt, L50, F|100/100\n|move|p1b: Wyrdeer|Reflect|p1b: Wyrdeer\n|-sidestart|p1: CandyIsInTheVan|Reflect\n|move|p2b: Primarina|Encore|p1b: Wyrdeer\n|-start|p1b: Wyrdeer|Encore\n|-enditem|p1b: Wyrdeer|Mental Herb\n|-end|p1b: Wyrdeer|Encore\n|move|p2a: Hatterene|Life Dew||[still]|[spread] p2a,p2b\n|-heal|p2a: Hatterene|100/100\n|-fail|p2b: Primarina|heal\n|\n|-weather|SunnyDay|[upkeep]\n|upkeep\n|turn|5\n|\n|t:|1776481835\n|switch|p1b: Torkoal|Torkoal, L50, M|100/100\n|detailschange|p1a: Camerupt|Camerupt-Mega, L50, F\n|-mega|p1a: Camerupt|Camerupt|Cameruptite\n|move|p2b: Primarina|Hyper Voice|p1b: Torkoal|[spread] p1a,p1b\n|-supereffective|p1a: Camerupt|2\n|-supereffective|p1b: Torkoal|1\n|-crit|p1b: Torkoal\n|-damage|p1a: Camerupt|54/100\n|-damage|p1b: Torkoal|26/100\n|move|p2a: Hatterene|Life Dew||[still]|[still]|[spread] \n|-fail|p2a: Hatterene|heal\n|-fail|p2b: Primarina|heal\n|move|p1a: Camerupt|Eruption|p2b: Primarina|[spread] p2a,p2b\n|-resisted|p2b: Primarina|1\n|-damage|p2a: Hatterene|49/100\n|-damage|p2b: Primarina|73/100\n|\n|-weather|none\n|-heal|p2b: Primarina|79/100|[from] item: Leftovers\n|upkeep\n|turn|6\n|\n|t:|1776481856\n|switch|p1b: Wyrdeer|Wyrdeer, L50, M, shiny|31/100\n|-ability|p1b: Wyrdeer|Intimidate|boost\n|-unboost|p2a: Hatterene|atk|1\n|-unboost|p2b: Primarina|atk|1\n|move|p1a: Camerupt|Protect|p1a: Camerupt\n|-singleturn|p1a: Camerupt|Protect\n|move|p2b: Primarina|Hyper Voice|p1b: Wyrdeer|[spread] p1b\n|-activate|p1a: Camerupt|move: Protect\n|-damage|p1b: Wyrdeer|11/100\n|move|p2a: Hatterene|Life Dew|p2a: Hatterene|[spread] p2a,p2b\n|-heal|p2a: Hatterene|74/100\n|-heal|p2b: Primarina|100/100\n|\n|upkeep\n|turn|7\n|c|\u2606katecorvidoe|hello\n|\n|t:|1776481887\n|switch|p1a: Torkoal|Torkoal, L50, M|26/100\n|-weather|SunnyDay|[from] ability: Drought|[of] p1a: Torkoal\n|move|p1b: Wyrdeer|Psyshield Bash|p2a: Hatterene\n|-resisted|p2a: Hatterene|1\n|-damage|p2a: Hatterene|60/100\n|-boost|p1b: Wyrdeer|def|1\n|move|p2b: Primarina|Hyper Voice|p1a: Torkoal|[spread] p1a,p1b\n|-supereffective|p1a: Torkoal|1\n|-damage|p1a: Torkoal|0 fnt\n|-damage|p1b: Wyrdeer|2/100\n|faint|p1a: Torkoal\n|move|p2a: Hatterene|Life Dew||[still]|[spread] p2a,p2b\n|-heal|p2a: Hatterene|85/100\n|-fail|p2b: Primarina|heal\n|\n|-weather|SunnyDay|[upkeep]\n|-sideend|p1: CandyIsInTheVan|move: Light Screen\n|upkeep\n|\n|t:|1776481898\n|switch|p1a: Camerupt|Camerupt-Mega, L50, F|54/100\n|turn|8\n|\n|t:|1776481917\n|move|p1b: Wyrdeer|Psyshield Bash|p2b: Primarina\n|-damage|p2b: Primarina|62/100\n|-boost|p1b: Wyrdeer|def|1\n|move|p2b: Primarina|Hyper Voice|p1b: Wyrdeer|[spread] p1a,p1b\n|-supereffective|p1a: Camerupt|2\n|-damage|p1a: Camerupt|0 fnt\n|-damage|p1b: Wyrdeer|0 fnt\n|faint|p1a: Camerupt\n|faint|p1b: Wyrdeer\n|move|p2a: Hatterene|Life Dew|p2a: Hatterene|[spread] p2a,p2b\n|-heal|p2a: Hatterene|100/100\n|-heal|p2b: Primarina|87/100\n|\n|-weather|SunnyDay|[upkeep]\n|-heal|p2b: Primarina|93/100|[from] item: Leftovers\n|-sideend|p1: CandyIsInTheVan|Reflect\n|upkeep\n|-message|CandyIsInTheVan forfeited.\n|\n|win|katecorvidoe\n|raw|CandyIsInTheVan's rating: 1120 &rarr; <strong>1091</strong><br />(-29 for losing)\n|raw|katecorvidoe's rating: 1063 &rarr; <strong>1099</strong><br />(+36 for winning)\n|l|\u2606CandyIsInTheVan\n|player|p1|\n",
  "uploadtime": 1776481956,
  "views": 13,
  "formatid": "gen9championsvgc2026regma",
  "rating": 1091,
  "private": 0,
  "password": null
}