{
  "id": "gen9championsvgc2026regma-2585084784",
  "format": "[Gen 9 Champions] VGC 2026 Reg M-A",
  "players": [
    "apexdesu",
    "goonmeister000"
  ],
  "log": "|j|\u2606apexdesu\n|j|\u2606goonmeister000\n|t:|1776310135\n|gametype|doubles\n|player|p1|apexdesu|cowgirl|1094\n|player|p2|goonmeister000|mars|1162\n|gen|9\n|tier|[Gen 9 Champions] VGC 2026 Reg M-A\n|rated|\n|rule|Species Clause: Limit one of each Pok\u00e9mon\n|rule|Item Clause: Limit 1 of each item\n|clearpoke\n|poke|p1|Sinistcha, L50|\n|poke|p1|Crabominable, L50, F|\n|poke|p1|Camerupt, L50, M|\n|poke|p1|Incineroar, L50, M|\n|poke|p1|Farigiraf, L50, F|\n|poke|p1|Torkoal, L50, M|\n|poke|p2|Delphox, L50, M|\n|poke|p2|Clefable, L50, M|\n|poke|p2|Basculegion, L50, M|\n|poke|p2|Sneasler, L50, M|\n|poke|p2|Kangaskhan, L50, F|\n|poke|p2|Kingambit, L50, F|\n|teampreview|4\n|inactive|Battle timer is ON: inactive players will automatically lose when time's up. (requested by apexdesu)\ngoonmeister000 has agreed to open team sheets.\n|inactive|goonmeister000 has 60 seconds left.\n|\n|t:|1776310201\n|teamsize|p1|4\n|teamsize|p2|4\n|start\n|switch|p1a: Incineroar|Incineroar, L50, M|100/100\n|switch|p1b: Farigiraf|Farigiraf, L50, F|100/100\n|switch|p2a: Delphox|Delphox, L50, M|100/100\n|switch|p2b: Basculegion|Basculegion, L50, M|100/100\n|-ability|p1a: Incineroar|Intimidate|boost\n|-unboost|p2a: Delphox|atk|1\n|-unboost|p2b: Basculegion|atk|1\n|turn|1\n|\n|t:|1776310225\n|switch|p2a: Kingambit|Kingambit, L50, F|100/100\n|move|p1a: Incineroar|Fake Out|p2a: Kingambit\n|-resisted|p2a: Kingambit|1\n|-damage|p2a: Kingambit|95/100\n|move|p2b: Basculegion|Flip Turn|p1a: Incineroar\n|-supereffective|p1a: Incineroar|1\n|-damage|p1a: Incineroar|45/100\n|\n|t:|1776310235\n|switch|p2b: Clefable|Clefable, L50, M|100/100|[from] Flip Turn\n|move|p1b: Farigiraf|Trick Room|p1b: Farigiraf\n|-fieldstart|move: Trick Room|[of] p1b: Farigiraf\n|\n|upkeep\n|turn|2\n|inactive|apexdesu has 30 seconds left.\n|inactive|apexdesu has 20 seconds left.\n|inactive|apexdesu has 15 seconds left.\n|\n|t:|1776310277\n|move|p2b: Clefable|Follow Me|p2b: Clefable\n|-singleturn|p2b: Clefable|move: Follow Me\n|move|p2a: Kingambit|Swords Dance|p2a: Kingambit\n|-boost|p2a: Kingambit|atk|2\n|move|p1b: Farigiraf|Dazzling Gleam|p2a: Kingambit|[spread] p2a,p2b\n|-damage|p2a: Kingambit|80/100\n|-damage|p2b: Clefable|87/100\n|move|p1a: Incineroar|Flare Blitz|p2b: Clefable\n|-damage|p2b: Clefable|38/100\n|-enditem|p2b: Clefable|Sitrus Berry|[eat]\n|-heal|p2b: Clefable|62/100|[from] item: Sitrus Berry\n|-damage|p1a: Incineroar|29/100|[from] Recoil\n|\n|upkeep\n|turn|3\n|\n|t:|1776310299\n|move|p2b: Clefable|Follow Me|p2b: Clefable\n|-singleturn|p2b: Clefable|move: Follow Me\n|move|p2a: Kingambit|Kowtow Cleave|p1a: Incineroar\n|-resisted|p1a: Incineroar|1\n|-damage|p1a: Incineroar|0 fnt\n|faint|p1a: Incineroar\n|move|p1b: Farigiraf|Dazzling Gleam|p2a: Kingambit|[spread] p2a,p2b\n|-damage|p2a: Kingambit|64/100\n|-damage|p2b: Clefable|49/100\n|\n|upkeep\n|\n|t:|1776310315\n|switch|p1a: Camerupt|Camerupt, L50, M|100/100\n|turn|4\n|\n|t:|1776310336\n|switch|p1b: Torkoal|Torkoal, L50, M|100/100\n|-weather|SunnyDay|[from] ability: Drought|[of] p1b: Torkoal\n|detailschange|p1a: Camerupt|Camerupt-Mega, L50, M\n|-mega|p1a: Camerupt|Camerupt|Cameruptite\n|move|p2a: Kingambit|Protect|p2a: Kingambit\n|-singleturn|p2a: Kingambit|Protect\n|move|p1a: Camerupt|Eruption|p2b: Clefable|[spread] p2b\n|-activate|p2a: Kingambit|move: Protect\n|-damage|p2b: Clefable|0 fnt\n|faint|p2b: Clefable\n|\n|-weather|SunnyDay|[upkeep]\n|upkeep\n|\n|t:|1776310357\n|switch|p2b: Basculegion|Basculegion, L50, M|100/100\n|turn|5\n|\n|t:|1776310377\n|switch|p1a: Farigiraf|Farigiraf, L50, F|100/100\n|move|p2a: Kingambit|Sucker Punch||[still]\n|cant|p1a: Farigiraf|ability: Armor Tail|Sucker Punch|[of] p2a: Kingambit\n|move|p2b: Basculegion|Aqua Jet||[still]\n|cant|p1a: Farigiraf|ability: Armor Tail|Aqua Jet|[of] p2b: Basculegion\n|move|p1b: Torkoal|Eruption|p2a: Kingambit|[spread] p2a,p2b\n|-supereffective|p2a: Kingambit|1\n|-resisted|p2b: Basculegion|1\n|-damage|p2a: Kingambit|0 fnt\n|-damage|p2b: Basculegion|53/100\n|faint|p2a: Kingambit\n|\n|-weather|SunnyDay|[upkeep]\n|-fieldend|move: Trick Room\n|upkeep\n|\n|t:|1776310387\n|switch|p2a: Delphox|Delphox, L50, M|100/100\n|turn|6\n|\n|t:|1776310406\n|detailschange|p2a: Delphox|Delphox-Mega, L50, M\n|-mega|p2a: Delphox|Delphox|Delphoxite\n|move|p2b: Basculegion|Aqua Jet||[still]\n|cant|p1a: Farigiraf|ability: Armor Tail|Aqua Jet|[of] p2b: Basculegion\n|move|p2a: Delphox|Heat Wave|p1b: Torkoal|[spread] p1b\n|-miss|p2a: Delphox|p1a: Farigiraf\n|-resisted|p1b: Torkoal|1\n|-damage|p1b: Torkoal|59/100\n|move|p1b: Torkoal|Solar Beam||[still]\n|-prepare|p1b: Torkoal|Solar Beam\n|-anim|p1b: Torkoal|Solar Beam|p2b: Basculegion\n|-supereffective|p2b: Basculegion|1\n|-damage|p2b: Basculegion|0 fnt\n|faint|p2b: Basculegion\n|move|p1a: Farigiraf|Trick Room|p1a: Farigiraf\n|-fieldstart|move: Trick Room|[of] p1a: Farigiraf\n|\n|-weather|SunnyDay|[upkeep]\n|upkeep\n|turn|7\n|inactive|apexdesu has 30 seconds left.\n|\n|t:|1776310432\n|move|p1b: Torkoal|Heat Wave|p2a: Delphox|[miss]\n|-miss|p1b: Torkoal|p2a: Delphox\n|move|p1a: Farigiraf|Hyper Voice|p2a: Delphox\n|-damage|p2a: Delphox|66/100\n|move|p2a: Delphox|Heat Wave|p1b: Torkoal|[spread] p1b\n|-miss|p2a: Delphox|p1a: Farigiraf\n|-resisted|p1b: Torkoal|1\n|-damage|p1b: Torkoal|13/100\n|\n|-weather|SunnyDay|[upkeep]\n|upkeep\n|turn|8\n|\n|t:|1776310452\n|move|p1b: Torkoal|Heat Wave|p2a: Delphox\n|-resisted|p2a: Delphox|1\n|-damage|p2a: Delphox|28/100\n|move|p1a: Farigiraf|Hyper Voice|p2a: Delphox\n|-damage|p2a: Delphox|0 fnt\n|faint|p2a: Delphox\n|\n|win|apexdesu\n|raw|apexdesu's rating: 1094 &rarr; <strong>1125</strong><br />(+31 for winning)\n|raw|goonmeister000's rating: 1162 &rarr; <strong>1132</strong><br />(-30 for losing)\n|l|\u2606goonmeister000\n|player|p2|\n",
  "uploadtime": 1776310462,
  "views": 24,
  "formatid": "gen9championsvgc2026regma",
  "rating": 1125,
  "private": 0,
  "password": null
}