{
  "id": "gen9championsvgc2026regma-2586829342",
  "format": "[Gen 9 Champions] VGC 2026 Reg M-A",
  "players": [
    "jakraseeker",
    "NathanaelW19"
  ],
  "log": "|j|\u2606jakraseeker\n|j|\u2606NathanaelW19\n|t:|1776463379\n|gametype|doubles\n|player|p1|jakraseeker|101|1098\n|player|p2|NathanaelW19|dragontamer|1183\n|gen|9\n|tier|[Gen 9 Champions] VGC 2026 Reg M-A\n|rated|\n|rule|Species Clause: Limit one of each Pok\u00e9mon\n|rule|Item Clause: Limit 1 of each item\n|clearpoke\n|poke|p1|Archaludon, L50, F|\n|poke|p1|Sinistcha, L50|\n|poke|p1|Gengar, L50, M|\n|poke|p1|Pelipper, L50, M|\n|poke|p1|Kingambit, L50, M|\n|poke|p1|Basculegion, L50, M|\n|poke|p2|Medicham, L50, M|\n|poke|p2|Banette, L50, F|\n|poke|p2|Ninetales-Alola, L50, F|\n|poke|p2|Arcanine-Hisui, L50, F|\n|poke|p2|Kommo-o, L50, M|\n|poke|p2|Corviknight, L50, F|\n|teampreview|4\n|inactive|Battle timer is ON: inactive players will automatically lose when time's up. (requested by NathanaelW19)\n|inactive|NathanaelW19 has 60 seconds left.\n|\n|t:|1776463429\n|teamsize|p1|4\n|teamsize|p2|4\n|start\n|switch|p1a: Kingambit|Kingambit, L50, M|100/100\n|switch|p1b: Gengar|Gengar, L50, M|100/100\n|switch|p2a: Banette|Banette, L50, F, shiny|100/100\n|switch|p2b: Medicham|Medicham, L50, M, shiny|100/100\n|-item|p1a: Kingambit|Black Glasses|[from] ability: Frisk|[of] p2a: Banette\n|-item|p1b: Gengar|Gengarite|[from] ability: Frisk|[of] p2a: Banette\n|turn|1\n|\n|t:|1776463448\n|detailschange|p1b: Gengar|Gengar-Mega, L50, M\n|-mega|p1b: Gengar|Gengar|Gengarite\n|detailschange|p2a: Banette|Banette-Mega, L50, F, shiny\n|-mega|p2a: Banette|Banette|Banettite\n|move|p1a: Kingambit|Protect|p1a: Kingambit\n|-singleturn|p1a: Kingambit|Protect\n|move|p2a: Banette|Shadow Sneak|p1b: Gengar\n|-supereffective|p1b: Gengar|1\n|-damage|p1b: Gengar|17/100\n|move|p1b: Gengar|Shadow Ball|p2b: Medicham\n|-supereffective|p2b: Medicham|1\n|-enditem|p2b: Medicham|Focus Sash\n|-damage|p2b: Medicham|1/100\n|move|p2b: Medicham|Close Combat|p1a: Kingambit\n|-activate|p1a: Kingambit|move: Protect\n|\n|upkeep\n|turn|2\n|\n|t:|1776463469\n|move|p2a: Banette|Skill Swap|p2b: Medicham\n|-activate|p2a: Banette|Skill Swap|||[of] p2b: Medicham\n|move|p2b: Medicham|Coaching|p2a: Banette\n|-boost|p2a: Banette|atk|1\n|-boost|p2a: Banette|def|1\n|move|p1a: Kingambit|Sucker Punch||[still]\n|-fail|p1a: Kingambit\n|move|p1b: Gengar|Shadow Ball|p2b: Medicham\n|-supereffective|p2b: Medicham|1\n|-damage|p2b: Medicham|0 fnt\n|faint|p2b: Medicham\n|\n|upkeep\n|\n|t:|1776463474\n|switch|p2b: Kommo-o|Kommo-o, L50, M|100/100\n|turn|3\n|inactive|jakraseeker has 30 seconds left.\n|\n|t:|1776463502\n|move|p1b: Gengar|Protect|p1b: Gengar\n|-singleturn|p1b: Gengar|Protect\n|move|p2a: Banette|Shadow Sneak|p1b: Gengar\n|-activate|p1b: Gengar|move: Protect\n|move|p2b: Kommo-o|Aura Sphere|p1a: Kingambit\n|-supereffective|p1a: Kingambit|2\n|-damage|p1a: Kingambit|0 fnt\n|faint|p1a: Kingambit\n|\n|upkeep\n|\n|t:|1776463509\n|switch|p1a: Archaludon|Archaludon, L50, F|100/100\n|turn|4\n|\n|t:|1776463522\n|switch|p1b: Pelipper|Pelipper, L50, M|100/100\n|-weather|RainDance|[from] ability: Drizzle|[of] p1b: Pelipper\n|move|p2a: Banette|Shadow Sneak|p1b: Pelipper\n|-enditem|p1b: Pelipper|Focus Sash\n|-damage|p1b: Pelipper|1/100\n|move|p2b: Kommo-o|Aura Sphere|p1a: Archaludon\n|-supereffective|p1a: Archaludon|1\n|-damage|p1a: Archaludon|0 fnt\n|faint|p1a: Archaludon\n|\n|-weather|RainDance|[upkeep]\n|upkeep\n|\n|t:|1776463531\n|switch|p1a: Gengar|Gengar-Mega, L50, M|17/100\n|turn|5\n|\n|t:|1776463539\n|move|p2b: Kommo-o|Vacuum Wave|p1b: Pelipper\n|-resisted|p1b: Pelipper|1\n|-damage|p1b: Pelipper|0 fnt\n|faint|p1b: Pelipper\n|move|p2a: Banette|Shadow Sneak|p1a: Gengar\n|-supereffective|p1a: Gengar|1\n|-damage|p1a: Gengar|0 fnt\n|faint|p1a: Gengar\n|\n|win|NathanaelW19\n|raw|jakraseeker's rating: 1098 &rarr; <strong>1079</strong><br />(-19 for losing)\n|raw|NathanaelW19's rating: 1183 &rarr; <strong>1202</strong><br />(+19 for winning)\n|l|\u2606jakraseeker\n|player|p1|\n",
  "uploadtime": 1776463548,
  "views": 20,
  "formatid": "gen9championsvgc2026regma",
  "rating": 1079,
  "private": 0,
  "password": null
}