{
  "id": "gen9championsvgc2026regma-2580361758",
  "format": "[Gen 9 Champions] VGC 2026 Reg M-A",
  "players": [
    "nicneg",
    "psych1corpsych0tic"
  ],
  "log": "|j|\u2606nicneg\n|j|\u2606psych1corpsych0tic\n|t:|1775885330\n|gametype|doubles\n|player|p1|nicneg|bugcatcher-gen4dp|1066\n|player|p2|psych1corpsych0tic|169|1163\n|gen|9\n|tier|[Gen 9 Champions] VGC 2026 Reg M-A\n|rated|\n|rule|Species Clause: Limit one of each Pok\u00e9mon\n|rule|Item Clause: Limit 1 of each item\n|clearpoke\n|poke|p1|Floette-Eternal, L50, F|\n|poke|p1|Espathra, L50, F|\n|poke|p1|Incineroar, L50, M|\n|poke|p1|Maushold-Four, L50|\n|poke|p1|Oranguru, L50, M|\n|poke|p1|Sneasler, L50, M|\n|poke|p2|Golurk, L50|\n|poke|p2|Hatterene, L50, F|\n|poke|p2|Torkoal, L50, F|\n|poke|p2|Venusaur, L50, F|\n|poke|p2|Maushold, L50|\n|poke|p2|Hydreigon, L50, M|\n|teampreview|4\nnicneg rejected open team sheets.\n|inactive|Battle timer is ON: inactive players will automatically lose when time's up. (requested by nicneg)\n|inactive|psych1corpsych0tic has 60 seconds left.\n|\n|t:|1775885390\n|teamsize|p1|4\n|teamsize|p2|4\n|start\n|switch|p1a: Espathra|Espathra, L50, F|100/100\n|switch|p1b: Maushold|Maushold-Four, L50|100/100\n|switch|p2a: Venusaur|Venusaur, L50, F|100/100\n|switch|p2b: Hydreigon|Hydreigon, L50, M|100/100\n|turn|1\n|j| Sublamb\n|l| Sublamb\n|j| Sublamb\n|l| Sublamb\n|inactive|nicneg has 30 seconds left.\n|inactive|psych1corpsych0tic has 30 seconds left.\n|inactive|psych1corpsych0tic has 20 seconds left.\n|inactive|psych1corpsych0tic has 15 seconds left.\n|\n|t:|1775885432\n|switch|p2a: Hatterene|Hatterene, L50, F|100/100\n|move|p1a: Espathra|Protect|p1a: Espathra\n|-singleturn|p1a: Espathra|Protect\n|move|p2b: Hydreigon|Snarl|p1b: Maushold|[spread] p1b\n|-activate|p1a: Espathra|move: Protect\n|-damage|p1b: Maushold|67/100\n|-unboost|p1b: Maushold|spa|1\n|move|p1b: Maushold|Population Bomb|p2b: Hydreigon\n|-damage|p2b: Hydreigon|91/100\n|-damage|p2b: Hydreigon|81/100\n|-damage|p2b: Hydreigon|72/100\n|-damage|p2b: Hydreigon|63/100\n|-damage|p2b: Hydreigon|54/100\n|-damage|p2b: Hydreigon|44/100\n|-damage|p2b: Hydreigon|35/100\n|-damage|p2b: Hydreigon|25/100\n|-damage|p2b: Hydreigon|16/100\n|-damage|p2b: Hydreigon|7/100\n|-hitcount|p2b: Hydreigon|10\n|\n|-ability|p1a: Espathra|Speed Boost|boost\n|-boost|p1a: Espathra|spe|1\n|upkeep\n|turn|2\n|inactive|nicneg has 30 seconds left.\n|inactive|psych1corpsych0tic has 30 seconds left.\n|inactive|nicneg has 20 seconds left.\n|inactive|nicneg has 15 seconds left.\n|inactive|nicneg has 10 seconds left.\n|\n|t:|1775885478\n|move|p1a: Espathra|Baton Pass|p1a: Espathra\n|\n|t:|1775885483\n|switch|p1a: Sneasler|Sneasler, L50, M|100/100|[from] Baton Pass\n|move|p2b: Hydreigon|Snarl|p1b: Maushold|[spread] p1a,p1b\n|-resisted|p1a: Sneasler|1\n|-damage|p1a: Sneasler|89/100\n|-damage|p1b: Maushold|33/100\n|-unboost|p1a: Sneasler|spa|1\n|-unboost|p1b: Maushold|spa|1\n|-enditem|p1a: Sneasler|White Herb\n|-clearnegativeboost|p1a: Sneasler|[silent]\n|move|p1b: Maushold|Crunch|p2b: Hydreigon\n|-resisted|p2b: Hydreigon|1\n|-damage|p2b: Hydreigon|0 fnt\n|faint|p2b: Hydreigon\n|move|p2a: Hatterene|Trick Room|p2a: Hatterene\n|-fieldstart|move: Trick Room|[of] p2a: Hatterene\n|\n|upkeep\n|inactive|psych1corpsych0tic has 30 seconds left.\n|\n|t:|1775885516\n|switch|p2b: Torkoal|Torkoal, L50, F|100/100\n|-weather|SunnyDay|[from] ability: Drought|[of] p2b: Torkoal\n|turn|3\n|\n|t:|1775885528\n|move|p1a: Sneasler|Fake Out|p2b: Torkoal\n|-damage|p2b: Torkoal|89/100\n|cant|p2b: Torkoal|flinch\n|move|p2a: Hatterene|Dazzling Gleam|p1b: Maushold|[spread] p1a,p1b\n|-crit|p1b: Maushold\n|-damage|p1a: Sneasler|46/100\n|-damage|p1b: Maushold|0 fnt\n|faint|p1b: Maushold\n|\n|-weather|SunnyDay|[upkeep]\n|upkeep\n|\n|t:|1775885537\n|switch|p1b: Espathra|Espathra, L50, F|100/100\n|turn|4\n|\n|t:|1775885549\n|move|p1b: Espathra|Protect|p1b: Espathra\n|-singleturn|p1b: Espathra|Protect\n|move|p1a: Sneasler|Protect|p1a: Sneasler\n|-singleturn|p1a: Sneasler|Protect\n|move|p2b: Torkoal|Eruption|p1a: Sneasler|[spread] \n|-activate|p1a: Sneasler|move: Protect\n|-activate|p1b: Espathra|move: Protect\n|move|p2a: Hatterene|Dazzling Gleam|p1a: Sneasler|[spread] \n|-activate|p1a: Sneasler|move: Protect\n|-activate|p1b: Espathra|move: Protect\n|\n|-weather|SunnyDay|[upkeep]\n|-ability|p1b: Espathra|Speed Boost|boost\n|-boost|p1b: Espathra|spe|1\n|upkeep\n|turn|5\n|inactive|nicneg has 30 seconds left.\n|inactive|nicneg has 20 seconds left.\n|\n|t:|1775885588\n|move|p2b: Torkoal|Eruption|p1b: Espathra|[spread] p1a,p1b\n|-damage|p1a: Sneasler|0 fnt\n|-enditem|p1b: Espathra|Focus Sash\n|-damage|p1b: Espathra|1/100\n|faint|p1a: Sneasler\n|move|p2a: Hatterene|Dazzling Gleam|p1b: Espathra\n|-damage|p1b: Espathra|0 fnt\n|faint|p1b: Espathra\n|\n|-weather|SunnyDay|[upkeep]\n|upkeep\n|\n|t:|1775885596\n|switch|p1b: Floette|Floette-Eternal, L50, F|100/100\n|turn|6\n|\n|t:|1775885610\n|detailschange|p1b: Floette|Floette-Mega, L50, F\n|-mega|p1b: Floette|Floette|Floettite\n|-ability|p1b: Floette|Fairy Aura\n|move|p1b: Floette|Protect|p1b: Floette\n|-singleturn|p1b: Floette|Protect\n|move|p2b: Torkoal|Eruption|p1b: Floette\n|-activate|p1b: Floette|move: Protect\n|move|p2a: Hatterene|Psychic|p1b: Floette\n|-activate|p1b: Floette|move: Protect\n|\n|-weather|SunnyDay|[upkeep]\n|-fieldend|move: Trick Room\n|upkeep\n|turn|7\n|\n|t:|1775885621\n|move|p1b: Floette|Light of Ruin|p2a: Hatterene\n|-damage|p2a: Hatterene|0 fnt\n|faint|p2a: Hatterene\n|-damage|p1b: Floette|46/100|[from] Recoil\n|move|p2b: Torkoal|Heat Wave|p1b: Floette\n|-damage|p1b: Floette|0 fnt\n|faint|p1b: Floette\n|\n|win|psych1corpsych0tic\n|raw|nicneg's rating: 1066 &rarr; <strong>1052</strong><br />(-14 for losing)\n|raw|psych1corpsych0tic's rating: 1163 &rarr; <strong>1181</strong><br />(+18 for winning)\n|l|\u2606nicneg\n|player|p1|\n",
  "uploadtime": 1775885634,
  "views": 33,
  "formatid": "gen9championsvgc2026regma",
  "rating": 1052,
  "private": 0,
  "password": null
}