{
  "id": "gen9championsvgc2026regma-2581217404",
  "format": "[Gen 9 Champions] VGC 2026 Reg M-A",
  "players": [
    "lioulu no",
    "Caedas"
  ],
  "log": "|j|\u2606lioulu no\n|j|\u2606Caedas\n|t:|1775972047\n|gametype|doubles\n|player|p1|lioulu no|irida|1000\n|player|p2|Caedas|harlequin|1000\n|gen|9\n|tier|[Gen 9 Champions] VGC 2026 Reg M-A\n|rated|\n|rule|Species Clause: Limit one of each Pok\u00e9mon\n|rule|Item Clause: Limit 1 of each item\n|clearpoke\n|poke|p1|Charizard, L50, M|\n|poke|p1|Garchomp, L50, M|\n|poke|p1|Incineroar, L50, M|\n|poke|p1|Kingambit, L50, F|\n|poke|p1|Gardevoir, L50, M|\n|poke|p1|Mimikyu, L50, F|\n|poke|p2|Starmie, L50|\n|poke|p2|Sneasler, L50, F|\n|poke|p2|Sinistcha, L50|\n|poke|p2|Kingambit, L50, M|\n|poke|p2|Dragonite, L50, F|\n|poke|p2|Pelipper, L50, M|\n|teampreview|4\nCaedas has agreed to open team sheets.\nlioulu no has agreed to open team sheets.\n|showteam|p1|Charizard||CharizarditeY|SolarPower|HeatWave,AirSlash,ScorchingSands,Protect|||M|||50|]Garchomp||SitrusBerry|RoughSkin|Earthquake,DragonClaw,Protect,SwordsDance|||M|||50|]Incineroar||Leftovers|Intimidate|FakeOut,Protect,PartingShot,DarkestLariat|||M|||50|]Kingambit||LumBerry|SupremeOverlord|SwordsDance,SuckerPunch,KowtowCleave,IronHead|||F|||50|]Gardevoir||ChoiceScarf|Trace|Psychic,Moonblast,Thunderbolt,Protect|||M|||50|]Mimikyu||KingsRock|Disguise|ThunderWave,WillOWisp,Protect,Curse|||F|||50|\n|showteam|p2|Starmie||Starminite|NaturalCure|Protect,Liquidation,PsychoCut,AquaJet||||||50|]Sneasler||FocusSash|Unburden|FakeOut,CloseCombat,DireClaw,Coaching|||F|||50|]Sinistcha||SitrusBerry|Hospitality|MatchaGotcha,RagePowder,Protect,StrengthSap||||||50|]Kingambit||ChopleBerry|Defiant|Protect,KowtowCleave,IronHead,SuckerPunch|||M|||50|]Dragonite||Dragoninite|InnerFocus|Tailwind,Protect,DragonPulse,Hurricane|||F|||50|]Pelipper||ChoiceScarf|Drizzle|Hurricane,WeatherBall,MuddyWater,IcyWind|||M|||50|\n|inactive|Battle timer is ON: inactive players will automatically lose when time's up. (requested by lioulu no)\n|\n|t:|1775972132\n|teamsize|p1|4\n|teamsize|p2|4\n|start\n|switch|p1a: Charizard|Charizard, L50, M, shiny|100/100\n|switch|p1b: Garchomp|Garchomp, L50, M|100/100\n|switch|p2a: Starmie|Starmie, L50, shiny|100/100\n|switch|p2b: Kingambit|Kingambit, L50, M|100/100\n|turn|1\n|\n|t:|1775972146\n|detailschange|p1a: Charizard|Charizard-Mega-Y, L50, M, shiny\n|-mega|p1a: Charizard|Charizard|Charizardite Y\n|-weather|SunnyDay|[from] ability: Drought|[of] p1a: Charizard\n|move|p2a: Starmie|Protect|p2a: Starmie\n|-singleturn|p2a: Starmie|Protect\n|move|p2b: Kingambit|Protect|p2b: Kingambit\n|-singleturn|p2b: Kingambit|Protect\n|move|p1b: Garchomp|Earthquake|p2b: Kingambit|[spread] \n|-activate|p2a: Starmie|move: Protect\n|-activate|p2b: Kingambit|move: Protect\n|-immune|p1a: Charizard\n|move|p1a: Charizard|Heat Wave|p2b: Kingambit|[spread] \n|-activate|p2a: Starmie|move: Protect\n|-activate|p2b: Kingambit|move: Protect\n|\n|-weather|SunnyDay|[upkeep]\n|upkeep\n|turn|2\n|\n|t:|1775972166\n|switch|p2b: Pelipper|Pelipper, L50, M|100/100\n|-weather|RainDance|[from] ability: Drizzle|[of] p2b: Pelipper\n|detailschange|p2a: Starmie|Starmie-Mega, L50, shiny\n|-mega|p2a: Starmie|Starmie|Starminite\n|move|p2a: Starmie|Liquidation|p1a: Charizard\n|-supereffective|p1a: Charizard|1\n|-damage|p1a: Charizard|0 fnt\n|faint|p1a: Charizard\n|move|p1b: Garchomp|Earthquake|p2b: Pelipper|[spread] p2a\n|-immune|p2b: Pelipper\n|-damage|p2a: Starmie|53/100\n|\n|-weather|RainDance|[upkeep]\n|upkeep\n|\n|t:|1775972180\n|switch|p1a: Incineroar|Incineroar, L50, M|100/100\n|-ability|p1a: Incineroar|Intimidate|boost\n|-unboost|p2a: Starmie|atk|1\n|-unboost|p2b: Pelipper|atk|1\n|turn|3\n|\n|t:|1775972196\n|move|p2a: Starmie|Protect|p2a: Starmie\n|-singleturn|p2a: Starmie|Protect\n|move|p1a: Incineroar|Fake Out|p2a: Starmie\n|-activate|p2a: Starmie|move: Protect\n|move|p2b: Pelipper|Icy Wind|p1a: Incineroar|[spread] p1a,p1b\n|-resisted|p1a: Incineroar|1\n|-supereffective|p1b: Garchomp|2\n|-damage|p1a: Incineroar|97/100\n|-damage|p1b: Garchomp|44/100\n|-unboost|p1a: Incineroar|spe|1\n|-unboost|p1b: Garchomp|spe|1\n|-enditem|p1b: Garchomp|Sitrus Berry|[eat]\n|-heal|p1b: Garchomp|68/100|[from] item: Sitrus Berry\n|move|p1b: Garchomp|Dragon Claw|p2a: Starmie\n|-activate|p2a: Starmie|move: Protect\n|\n|-weather|RainDance|[upkeep]\n|-heal|p1a: Incineroar|100/100|[from] item: Leftovers\n|upkeep\n|turn|4\n|inactive|Caedas has 30 seconds left.\n|\n|t:|1775972227\n|switch|p1a: Kingambit|Kingambit, L50, F|100/100\n|-activate|p1a: Kingambit|ability: Supreme Overlord\n|-start|p1a: Kingambit|fallen1|[silent]\n|move|p1b: Garchomp|Protect|p1b: Garchomp\n|-singleturn|p1b: Garchomp|Protect\n|move|p2b: Pelipper|Icy Wind|p1b: Garchomp|[spread] p1a\n|-activate|p1b: Garchomp|move: Protect\n|-resisted|p1a: Kingambit|1\n|-damage|p1a: Kingambit|95/100\n|-unboost|p1a: Kingambit|spe|1\n|move|p2a: Starmie|Liquidation|p1a: Kingambit\n|-damage|p1a: Kingambit|39/100\n|\n|-weather|RainDance|[upkeep]\n|upkeep\n|turn|5\n|\n|t:|1775972250\n|move|p2a: Starmie|Protect|p2a: Starmie\n|-singleturn|p2a: Starmie|Protect\n|move|p2b: Pelipper|Icy Wind|p1a: Kingambit|[spread] p1a\n|-miss|p2b: Pelipper|p1b: Garchomp\n|-resisted|p1a: Kingambit|1\n|-damage|p1a: Kingambit|33/100\n|-unboost|p1a: Kingambit|spe|1\n|move|p1b: Garchomp|Dragon Claw|p2b: Pelipper\n|-damage|p2b: Pelipper|51/100\n|move|p1a: Kingambit|Swords Dance|p1a: Kingambit\n|-boost|p1a: Kingambit|atk|2\n|\n|-weather|RainDance|[upkeep]\n|upkeep\n|turn|6\n|\n|t:|1775972272\n|move|p1a: Kingambit|Sucker Punch|p2a: Starmie\n|-supereffective|p2a: Starmie|1\n|-damage|p2a: Starmie|0 fnt\n|faint|p2a: Starmie\n|move|p2b: Pelipper|Icy Wind|p1a: Kingambit|[spread] p1a,p1b\n|-resisted|p1a: Kingambit|1\n|-supereffective|p1b: Garchomp|2\n|-damage|p1a: Kingambit|28/100\n|-damage|p1b: Garchomp|14/100\n|-unboost|p1a: Kingambit|spe|1\n|-unboost|p1b: Garchomp|spe|1\n|move|p1b: Garchomp|Dragon Claw|p2b: Pelipper\n|-damage|p2b: Pelipper|0 fnt\n|faint|p2b: Pelipper\n|\n|-weather|none\n|upkeep\n|\n|t:|1775972286\n|switch|p2a: Sneasler|Sneasler, L50, F|100/100\n|switch|p2b: Kingambit|Kingambit, L50, M|100/100\n|turn|7\n|\n|t:|1775972307\n|switch|p1b: Incineroar|Incineroar, L50, M|100/100\n|-ability|p1b: Incineroar|Intimidate|boost\n|-unboost|p2a: Sneasler|atk|1\n|-unboost|p2b: Kingambit|atk|1\n|-ability|p2b: Kingambit|Defiant|boost\n|-boost|p2b: Kingambit|atk|2\n|move|p2a: Sneasler|Fake Out|p1a: Kingambit\n|-resisted|p1a: Kingambit|1\n|-damage|p1a: Kingambit|24/100\n|move|p2b: Kingambit|Sucker Punch||[still]\n|-fail|p2b: Kingambit\n|cant|p1a: Kingambit|flinch\n|\n|upkeep\n|turn|8\n|inactive|Caedas has 30 seconds left.\n|\n|t:|1775972342\n|move|p1b: Incineroar|Fake Out|p2b: Kingambit\n|-resisted|p2b: Kingambit|1\n|-damage|p2b: Kingambit|97/100\n|move|p1a: Kingambit|Sucker Punch|p2a: Sneasler\n|-resisted|p2a: Sneasler|1\n|-damage|p2a: Sneasler|21/100\n|move|p2a: Sneasler|Close Combat|p1b: Incineroar\n|-supereffective|p1b: Incineroar|1\n|-damage|p1b: Incineroar|13/100\n|-unboost|p2a: Sneasler|def|1\n|-unboost|p2a: Sneasler|spd|1\n|cant|p2b: Kingambit|flinch\n|\n|-heal|p1b: Incineroar|19/100|[from] item: Leftovers\n|upkeep\n|turn|9\n|\n|t:|1775972360\n|move|p2b: Kingambit|Sucker Punch||[still]\n|-fail|p2b: Kingambit\n|move|p1a: Kingambit|Sucker Punch||[still]\n|-fail|p1a: Kingambit\n|move|p2a: Sneasler|Coaching|p2b: Kingambit\n|-boost|p2b: Kingambit|atk|1\n|-boost|p2b: Kingambit|def|1\n|move|p1b: Incineroar|Parting Shot|p2b: Kingambit\n|-unboost|p2b: Kingambit|atk|1\n|-ability|p2b: Kingambit|Defiant|boost\n|-boost|p2b: Kingambit|atk|2\n|-unboost|p2b: Kingambit|spa|1\n|-ability|p2b: Kingambit|Defiant|boost\n|-boost|p2b: Kingambit|atk|2\n|\n|t:|1775972364\n|switch|p1b: Garchomp|Garchomp, L50, M|14/100|[from] Parting Shot\n|\n|upkeep\n|turn|10\n|inactive|Caedas has 30 seconds left.\n|\n|t:|1775972396\n|-end|p1a: Kingambit|fallen1|[silent]\n|switch|p1a: Incineroar|Incineroar, L50, M|19/100\n|-ability|p1a: Incineroar|Intimidate|boost\n|-unboost|p2a: Sneasler|atk|1\n|-unboost|p2b: Kingambit|atk|1\n|-ability|p2b: Kingambit|Defiant|boost\n|-boost|p2b: Kingambit|atk|2\n|move|p2a: Sneasler|Coaching|p2b: Kingambit\n|-boost|p2b: Kingambit|atk|0\n|-boost|p2b: Kingambit|def|1\n|move|p1b: Garchomp|Swords Dance|p1b: Garchomp\n|-boost|p1b: Garchomp|atk|2\n|move|p2b: Kingambit|Kowtow Cleave|p1a: Incineroar\n|-resisted|p1a: Incineroar|1\n|-damage|p1a: Incineroar|0 fnt\n|faint|p1a: Incineroar\n|\n|upkeep\n|\n|t:|1775972410\n|switch|p1a: Kingambit|Kingambit, L50, F|24/100\n|-activate|p1a: Kingambit|ability: Supreme Overlord\n|-start|p1a: Kingambit|fallen2|[silent]\n|turn|11\n|\n|t:|1775972421\n|move|p2b: Kingambit|Sucker Punch|p1b: Garchomp\n|-damage|p1b: Garchomp|0 fnt\n|-damage|p2b: Kingambit|85/100|[from] ability: Rough Skin|[of] p1b: Garchomp\n|faint|p1b: Garchomp\n|move|p1a: Kingambit|Sucker Punch||[still]\n|-fail|p1a: Kingambit\n|move|p2a: Sneasler|Coaching|p2b: Kingambit\n|-boost|p2b: Kingambit|atk|0\n|-boost|p2b: Kingambit|def|1\n|\n|upkeep\n|turn|12\n|-message|lioulu no forfeited.\n|\n|win|Caedas\n|raw|lioulu no's rating: 1000 &rarr; <strong>1000</strong><br />(+0 for losing)\n|raw|Caedas's rating: 1000 &rarr; <strong>1040</strong><br />(+40 for winning)\n|l|\u2606lioulu no\n|player|p1|\n",
  "uploadtime": 1775972050,
  "views": 51,
  "formatid": "gen9championsvgc2026regma",
  "rating": 1000,
  "private": 0,
  "password": null
}