{
  "id": "gen9championsvgc2026regma-2581321885",
  "format": "[Gen 9 Champions] VGC 2026 Reg M-A",
  "players": [
    "bathsheeba",
    "lakeandbake"
  ],
  "log": "|j|\u2606bathsheeba\n|j|\u203dlakeandbake\n|t:|1775986424\n|gametype|doubles\n|player|p1|bathsheeba|serena-masters3|1123\n|player|p2|lakeandbake|iono-masters|1051\n|gen|9\n|tier|[Gen 9 Champions] VGC 2026 Reg M-A\n|rated|\n|rule|Species Clause: Limit one of each Pok\u00e9mon\n|rule|Item Clause: Limit 1 of each item\n|clearpoke\n|poke|p1|Garchomp, L50, F|\n|poke|p1|Venusaur, L50, M|\n|poke|p1|Charizard, L50, F|\n|poke|p1|Aerodactyl, L50, M|\n|poke|p1|Whimsicott, L50, F|\n|poke|p1|Sneasler, L50, M|\n|poke|p2|Garchomp, L50, M|\n|poke|p2|Aerodactyl, L50, M|\n|poke|p2|Rotom-Wash, L50|\n|poke|p2|Sneasler, L50, F|\n|poke|p2|Incineroar, L50, F|\n|poke|p2|Delphox, L50, F|\n|teampreview|4\n|inactive|Battle timer is ON: inactive players will automatically lose when time's up. (requested by lakeandbake)\n|inactive|lakeandbake has 60 seconds left.\n|inactive|lakeandbake has 30 seconds left.\n|inactive|lakeandbake has 20 seconds left.\n|\n|t:|1775986538\n|teamsize|p1|4\n|teamsize|p2|4\n|start\n|switch|p1a: Aerodactyl|Aerodactyl, L50, M|100/100\n|switch|p1b: Sneasler|Sneasler, L50, M|100/100\n|switch|p2a: Sneasler|Sneasler, L50, F|100/100\n|switch|p2b: Aerodactyl|Aerodactyl, L50, M|100/100\n|-ability|p1a: Aerodactyl|Unnerve\n|-ability|p2b: Aerodactyl|Pressure\n|turn|1\n|c|\u2606bathsheeba|great minds?\n|\n|t:|1775986554\n|detailschange|p1a: Aerodactyl|Aerodactyl-Mega, L50, M\n|-mega|p1a: Aerodactyl|Aerodactyl|Aerodactylite\n|move|p2a: Sneasler|Fake Out|p1b: Sneasler\n|-damage|p1b: Sneasler|76/100\n|cant|p1b: Sneasler|flinch\n|move|p2b: Aerodactyl|Tailwind|p2b: Aerodactyl\n|-sidestart|p2: lakeandbake|move: Tailwind\n|move|p1a: Aerodactyl|Rock Slide|p2a: Sneasler|[spread] p2a,p2b\n|-resisted|p2a: Sneasler|1\n|-supereffective|p2b: Aerodactyl|1\n|-damage|p2a: Sneasler|71/100\n|-damage|p2b: Aerodactyl|5/100\n|\n|upkeep\n|turn|2\n|inactive|bathsheeba has 30 seconds left.\n|inactive|lakeandbake has 30 seconds left.\n|inactive|lakeandbake has 20 seconds left.\n|inactive|lakeandbake has 15 seconds left.\n|inactive|lakeandbake has 10 seconds left.\n|\n|t:|1775986603\n|switch|p2b: Garchomp|Garchomp, L50, M|100/100\n|move|p1a: Aerodactyl|Protect|p1a: Aerodactyl\n|-singleturn|p1a: Aerodactyl|Protect\n|move|p2a: Sneasler|Close Combat|p1a: Aerodactyl\n|-activate|p1a: Aerodactyl|move: Protect\n|move|p1b: Sneasler|Dire Claw|p2b: Garchomp\n|-resisted|p2b: Garchomp|1\n|-damage|p2b: Garchomp|79/100\n|-damage|p1b: Sneasler|64/100|[from] ability: Rough Skin|[of] p2b: Garchomp\n|\n|upkeep\n|turn|3\n|inactive|lakeandbake has 30 seconds left.\n|inactive|lakeandbake has 20 seconds left.\n|\n|t:|1775986638\n|switch|p1b: Whimsicott|Whimsicott, L50, F|100/100\n|move|p2a: Sneasler|Close Combat|p1a: Aerodactyl\n|-damage|p1a: Aerodactyl|23/100\n|-unboost|p2a: Sneasler|def|1\n|-unboost|p2a: Sneasler|spd|1\n|-enditem|p2a: Sneasler|White Herb\n|-clearnegativeboost|p2a: Sneasler|[silent]\n|move|p2b: Garchomp|Rock Slide|p1b: Whimsicott|[spread] p1a,p1b\n|-supereffective|p1a: Aerodactyl|1\n|-damage|p1a: Aerodactyl|0 fnt\n|-damage|p1b: Whimsicott|84/100\n|faint|p1a: Aerodactyl\n|\n|upkeep\n|\n|t:|1775986653\n|switch|p1a: Sneasler|Sneasler, L50, M|64/100\n|turn|4\n|\n|t:|1775986667\n|move|p1a: Sneasler|Fake Out|p2a: Sneasler\n|-damage|p2a: Sneasler|43/100\n|move|p1b: Whimsicott|Tailwind|p1b: Whimsicott\n|-sidestart|p1: bathsheeba|move: Tailwind\n|cant|p2a: Sneasler|flinch\n|move|p2b: Garchomp|Rock Slide|p1a: Sneasler|[spread] p1a,p1b\n|-resisted|p1a: Sneasler|1\n|-damage|p1a: Sneasler|47/100\n|-damage|p1b: Whimsicott|68/100\n|\n|-sideend|p2: lakeandbake|move: Tailwind\n|upkeep\n|turn|5\n|\n|t:|1775986684\n|move|p2a: Sneasler|Protect|p2a: Sneasler\n|-singleturn|p2a: Sneasler|Protect\n|move|p1a: Sneasler|Dire Claw|p2a: Sneasler\n|-activate|p2a: Sneasler|move: Protect\n|move|p1b: Whimsicott|Moonblast|p2b: Garchomp\n|-supereffective|p2b: Garchomp|1\n|-damage|p2b: Garchomp|23/100\n|move|p2b: Garchomp|Earthquake|p1a: Sneasler|[spread] p1a,p1b\n|-activate|p2a: Sneasler|move: Protect\n|-supereffective|p1a: Sneasler|1\n|-resisted|p1b: Whimsicott|1\n|-damage|p1a: Sneasler|0 fnt\n|-damage|p1b: Whimsicott|52/100\n|faint|p1a: Sneasler\n|\n|upkeep\n|\n|t:|1775986695\n|switch|p1a: Garchomp|Garchomp, L50, F|100/100\n|turn|6\n|\n|t:|1775986714\n|switch|p2a: Aerodactyl|Aerodactyl, L50, M|5/100\n|-ability|p2a: Aerodactyl|Pressure\n|move|p1a: Garchomp|Breaking Swipe|p2a: Aerodactyl|[spread] p2a,p2b\n|-supereffective|p2b: Garchomp|1\n|-damage|p2a: Aerodactyl|0 fnt\n|-damage|p2b: Garchomp|0 fnt\n|-damage|p1a: Garchomp|88/100|[from] ability: Rough Skin|[of] p2b: Garchomp\n|faint|p2a: Aerodactyl\n|faint|p2b: Garchomp\n|move|p1b: Whimsicott|Moonblast|p2: Aerodactyl|[notarget]\n|-fail|p1b: Whimsicott\n|\n|upkeep\n|\n|t:|1775986727\n|switch|p2a: Sneasler|Sneasler, L50, F|43/100\n|switch|p2b: Delphox|Delphox, L50, F|100/100\n|turn|7\n|\n|t:|1775986747\n|detailschange|p2b: Delphox|Delphox-Mega, L50, F\n|-mega|p2b: Delphox|Delphox|Delphoxite\n|move|p1a: Garchomp|Protect|p1a: Garchomp\n|-singleturn|p1a: Garchomp|Protect\n|move|p2a: Sneasler|Fake Out|p1a: Garchomp\n|-activate|p1a: Garchomp|move: Protect\n|move|p1b: Whimsicott|Moonblast|p2a: Sneasler\n|-damage|p2a: Sneasler|8/100\n|move|p2b: Delphox|Substitute|p2b: Delphox\n|-start|p2b: Delphox|Substitute\n|-damage|p2b: Delphox|76/100\n|\n|-sideend|p1: bathsheeba|move: Tailwind\n|upkeep\n|turn|8\n|inactive|bathsheeba has 30 seconds left.\n|\n|t:|1775986773\n|move|p1b: Whimsicott|Encore|p2b: Delphox\n|-start|p2b: Delphox|Encore\n|move|p2b: Delphox|Substitute|p2b: Delphox\n|-fail|p2b: Delphox|move: Substitute\n|move|p2a: Sneasler|Dire Claw|p1b: Whimsicott\n|-supereffective|p1b: Whimsicott|2\n|-damage|p1b: Whimsicott|0 fnt\n|faint|p1b: Whimsicott\n|move|p1a: Garchomp|Breaking Swipe|p2b: Delphox|[spread] p2a,p2b\n|-end|p2b: Delphox|Substitute\n|-damage|p2a: Sneasler|0 fnt\n|faint|p2a: Sneasler\n|\n|upkeep\n|turn|9\n|\n|t:|1775986786\n|move|p2b: Delphox|Substitute|p2b: Delphox\n|-start|p2b: Delphox|Substitute\n|-damage|p2b: Delphox|51/100\n|move|p1a: Garchomp|Breaking Swipe|p2b: Delphox\n|-end|p2b: Delphox|Substitute\n|\n|upkeep\n|turn|10\n|\n|t:|1775986792\n|move|p2b: Delphox|Substitute|p2b: Delphox\n|-start|p2b: Delphox|Substitute\n|-damage|p2b: Delphox|26/100\n|move|p1a: Garchomp|Breaking Swipe|p2b: Delphox\n|-end|p2b: Delphox|Substitute\n|\n|-end|p2b: Delphox|Encore\n|upkeep\n|turn|11\n|\n|t:|1775986805\n|move|p2b: Delphox|Psychic|p1a: Garchomp\n|-damage|p1a: Garchomp|31/100\n|move|p1a: Garchomp|Breaking Swipe|p2b: Delphox\n|-damage|p2b: Delphox|0 fnt\n|faint|p2b: Delphox\n|\n|win|bathsheeba\n|raw|bathsheeba's rating: 1123 &rarr; <strong>1143</strong><br />(+20 for winning)\n|raw|lakeandbake's rating: 1051 &rarr; <strong>1037</strong><br />(-14 for losing)\n",
  "uploadtime": 1775986806,
  "views": 15,
  "formatid": "gen9championsvgc2026regma",
  "rating": 1037,
  "private": 0,
  "password": null
}