{
  "id": "gen9championsvgc2026regma-2586387794",
  "format": "[Gen 9 Champions] VGC 2026 Reg M-A",
  "players": [
    "EveryMega",
    "Asinine_Vgc"
  ],
  "log": "|j|\u2606EveryMega\n|j|\u2606Asinine_Vgc\n|t:|1776431006\n|gametype|doubles\n|player|p1|EveryMega|urbain|1000\n|player|p2|Asinine_Vgc|169|1049\n|gen|9\n|tier|[Gen 9 Champions] VGC 2026 Reg M-A\n|rated|\n|rule|Species Clause: Limit one of each Pok\u00e9mon\n|rule|Item Clause: Limit 1 of each item\n|clearpoke\n|poke|p1|Charizard, L50, F|\n|poke|p1|Venusaur, L50, M|\n|poke|p1|Whimsicott, L50, M|\n|poke|p1|Incineroar, L50, F|\n|poke|p1|Kingambit, L50, M|\n|poke|p1|Garchomp, L50, F|\n|poke|p2|Froslass, L50, F|\n|poke|p2|Incineroar, L50, F|\n|poke|p2|Sneasler, L50, F|\n|poke|p2|Hydreigon, L50, F|\n|poke|p2|Primarina, L50, M|\n|poke|p2|Tyranitar, L50, F|\n|teampreview|4\n|inactive|Battle timer is ON: inactive players will automatically lose when time's up. (requested by Asinine_Vgc)\nAsinine_Vgc has agreed to open team sheets.\n|\n|t:|1776431039\n|teamsize|p1|4\n|teamsize|p2|4\n|start\n|switch|p1a: Incineroar|Incineroar, L50, F|100/100\n|switch|p1b: Charizard|Charizard, L50, F|100/100\n|switch|p2a: Froslass|Froslass, L50, F|100/100\n|switch|p2b: Incineroar|Incineroar, L50, F|100/100\n|-ability|p1a: Incineroar|Intimidate|boost\n|-unboost|p2a: Froslass|atk|1\n|-unboost|p2b: Incineroar|atk|1\n|-ability|p2b: Incineroar|Intimidate|boost\n|-unboost|p1a: Incineroar|atk|1\n|-unboost|p1b: Charizard|atk|1\n|turn|1\n|\n|t:|1776431057\n|detailschange|p2a: Froslass|Froslass-Mega, L50, F\n|-mega|p2a: Froslass|Froslass|Froslassite\n|-weather|Snowscape|[from] ability: Snow Warning|[of] p2a: Froslass\n|move|p1b: Charizard|Protect|p1b: Charizard\n|-singleturn|p1b: Charizard|Protect\n|move|p2b: Incineroar|Fake Out|p1a: Incineroar\n|-damage|p1a: Incineroar|91/100\n|move|p2a: Froslass|Aurora Veil|p2a: Froslass\n|-sidestart|p2: Asinine_Vgc|move: Aurora Veil\n|cant|p1a: Incineroar|flinch\n|\n|-weather|Snowscape|[upkeep]\n|upkeep\n|turn|2\n|inactive|Asinine_Vgc has 30 seconds left.\n|\n|t:|1776431089\n|switch|p2a: Primarina|Primarina, L50, M|100/100\n|detailschange|p1b: Charizard|Charizard-Mega-Y, L50, F\n|-mega|p1b: Charizard|Charizard|Charizardite Y\n|-weather|SunnyDay|[from] ability: Drought|[of] p1b: Charizard\n|move|p1b: Charizard|Heat Wave|p2a: Primarina|[spread] p2a,p2b\n|-resisted|p2a: Primarina|1\n|-resisted|p2b: Incineroar|1\n|-damage|p2a: Primarina|84/100\n|-damage|p2b: Incineroar|80/100\n|move|p1a: Incineroar|Parting Shot|p2a: Primarina\n|-unboost|p2a: Primarina|atk|1\n|-unboost|p2a: Primarina|spa|1\n|\n|t:|1776431100\n|switch|p1a: Venusaur|Venusaur, L50, M|100/100|[from] Parting Shot\n|move|p2b: Incineroar|Parting Shot|p1b: Charizard\n|-unboost|p1b: Charizard|atk|1\n|-unboost|p1b: Charizard|spa|1\n|\n|t:|1776431106\n|switch|p2b: Froslass|Froslass-Mega, L50, F|100/100|[from] Parting Shot\n|-weather|Snowscape|[from] ability: Snow Warning|[of] p2b: Froslass\n|\n|-weather|Snowscape|[upkeep]\n|-heal|p2a: Primarina|90/100|[from] item: Leftovers\n|upkeep\n|turn|3\n|\n|t:|1776431122\n|switch|p1b: Kingambit|Kingambit, L50, M|100/100\n|move|p2a: Primarina|Protect|p2a: Primarina\n|-singleturn|p2a: Primarina|Protect\n|move|p2b: Froslass|Blizzard|p1a: Venusaur|[spread] p1a,p1b\n|-supereffective|p1a: Venusaur|1\n|-resisted|p1b: Kingambit|1\n|-damage|p1a: Venusaur|16/100\n|-damage|p1b: Kingambit|82/100\n|move|p1a: Venusaur|Energy Ball|p2a: Primarina\n|-activate|p2a: Primarina|move: Protect\n|\n|-weather|Snowscape|[upkeep]\n|-heal|p1a: Venusaur|22/100|[from] item: Leftovers\n|-heal|p2a: Primarina|96/100|[from] item: Leftovers\n|upkeep\n|turn|4\n|inactive|Asinine_Vgc has 30 seconds left.\n|inactive|Asinine_Vgc has 20 seconds left.\n|\n|t:|1776431158\n|switch|p2b: Incineroar|Incineroar, L50, F|80/100\n|-ability|p2b: Incineroar|Intimidate|boost\n|-unboost|p1a: Venusaur|atk|1\n|-unboost|p1b: Kingambit|atk|1\n|-ability|p1b: Kingambit|Defiant|boost\n|-boost|p1b: Kingambit|atk|2\n|switch|p1a: Charizard|Charizard-Mega-Y, L50, F|100/100\n|-weather|SunnyDay|[from] ability: Drought|[of] p1a: Charizard\n|move|p2a: Primarina|Dazzling Gleam|p1a: Charizard|[spread] p1a,p1b\n|-resisted|p1a: Charizard|1\n|-damage|p1a: Charizard|91/100\n|-damage|p1b: Kingambit|61/100\n|move|p1b: Kingambit|Iron Head|p2a: Primarina\n|-damage|p2a: Primarina|37/100\n|\n|-weather|SunnyDay|[upkeep]\n|-heal|p2a: Primarina|43/100|[from] item: Leftovers\n|upkeep\n|turn|5\n|inactive|EveryMega has 30 seconds left.\n|inactive|Asinine_Vgc has 30 seconds left.\n|\n|t:|1776431191\n|switch|p1a: Incineroar|Incineroar, L50, F|91/100\n|-ability|p1a: Incineroar|Intimidate|boost\n|-unboost|p2a: Primarina|atk|1\n|-unboost|p2b: Incineroar|atk|1\n|move|p1b: Kingambit|Protect|p1b: Kingambit\n|-singleturn|p1b: Kingambit|Protect\n|move|p2b: Incineroar|Fake Out|p1b: Kingambit\n|-activate|p1b: Kingambit|move: Protect\n|move|p2a: Primarina|Weather Ball|p1b: Kingambit\n|-activate|p1b: Kingambit|move: Protect\n|\n|-weather|SunnyDay|[upkeep]\n|-heal|p2a: Primarina|49/100|[from] item: Leftovers\n|-sideend|p2: Asinine_Vgc|move: Aurora Veil\n|upkeep\n|turn|6\n|inactive|EveryMega has 30 seconds left.\n|inactive|EveryMega has 20 seconds left.\n|\n|t:|1776431228\n|switch|p2a: Froslass|Froslass-Mega, L50, F|100/100\n|-weather|Snowscape|[from] ability: Snow Warning|[of] p2a: Froslass\n|switch|p1b: Venusaur|Venusaur, L50, M|22/100\n|move|p1a: Incineroar|Fake Out|p2a: Froslass\n|-immune|p2a: Froslass\n|move|p2b: Incineroar|Drain Punch|p1b: Venusaur\n|-resisted|p1b: Venusaur|1\n|-damage|p1b: Venusaur|12/100\n|-heal|p2b: Incineroar|85/100|[from] drain|[of] p1b: Venusaur\n|\n|-weather|Snowscape|[upkeep]\n|-heal|p1b: Venusaur|17/100|[from] item: Leftovers\n|upkeep\n|turn|7\n|inactive|Asinine_Vgc has 30 seconds left.\n|\n|t:|1776431254\n|switch|p1a: Charizard|Charizard-Mega-Y, L50, F|91/100\n|-weather|SunnyDay|[from] ability: Drought|[of] p1a: Charizard\n|move|p1b: Venusaur|Protect|p1b: Venusaur\n|-singleturn|p1b: Venusaur|Protect\n|move|p2a: Froslass|Aurora Veil||[still]\n|-fail|p2a: Froslass\n|move|p2b: Incineroar|Parting Shot|p1a: Charizard\n|-unboost|p1a: Charizard|atk|1\n|-unboost|p1a: Charizard|spa|1\n|\n|t:|1776431267\n|switch|p2b: Sneasler|Sneasler, L50, F|100/100|[from] Parting Shot\n|\n|-weather|SunnyDay|[upkeep]\n|-heal|p1b: Venusaur|23/100|[from] item: Leftovers\n|upkeep\n|turn|8\n|inactive|Asinine_Vgc has 30 seconds left.\n|\n|t:|1776431301\n|switch|p1b: Incineroar|Incineroar, L50, F|91/100\n|-ability|p1b: Incineroar|Intimidate|boost\n|-unboost|p2a: Froslass|atk|1\n|-unboost|p2b: Sneasler|atk|1\n|switch|p2a: Incineroar|Incineroar, L50, F|85/100\n|-ability|p2a: Incineroar|Intimidate|boost\n|-unboost|p1a: Charizard|atk|1\n|-unboost|p1b: Incineroar|atk|1\n|move|p1a: Charizard|Protect|p1a: Charizard\n|-singleturn|p1a: Charizard|Protect\n|move|p2b: Sneasler|U-turn|p1b: Incineroar\n|-damage|p1b: Incineroar|76/100\n|\n|t:|1776431314\n|switch|p2b: Froslass|Froslass-Mega, L50, F|100/100|[from] U-turn\n|-weather|Snowscape|[from] ability: Snow Warning|[of] p2b: Froslass\n|\n|-weather|Snowscape|[upkeep]\n|upkeep\n|turn|9\n|c|\u2606EveryMega|Gay ass stall\n|-message|EveryMega forfeited.\n|\n|win|Asinine_Vgc\n",
  "uploadtime": 1776431320,
  "views": 17,
  "formatid": "gen9championsvgc2026regma",
  "rating": null,
  "private": 0,
  "password": null
}