{
  "id": "gen9championsvgc2026regma-2586790418",
  "format": "[Gen 9 Champions] VGC 2026 Reg M-A",
  "players": [
    "Rousoku",
    "KarinaOnTsCoh"
  ],
  "log": "|j|\u2606Rousoku\n|j|\u2606KarinaOnTsCoh\n|t:|1776460129\n|gametype|doubles\n|player|p1|Rousoku|flannery|\n|player|p2|KarinaOnTsCoh|iris-gen5bw2|\n|gen|9\n|tier|[Gen 9 Champions] VGC 2026 Reg M-A\n|rated|Tournament battle\n|rule|Species Clause: Limit one of each Pok\u00e9mon\n|rule|Item Clause: Limit 1 of each item\n|raw|<div class=\"infobox\"><details class=\"readmore\" open><summary><strong>1 custom rule:</strong></summary> Force Open Team Sheets</details></div>\n|clearpoke\n|poke|p1|Aerodactyl, L50, F|\n|poke|p1|Floette-Eternal, L50, F|\n|poke|p1|Basculegion, L50, M|\n|poke|p1|Garchomp, L50, F|\n|poke|p1|Sneasler, L50, F|\n|poke|p1|Delphox, L50, F|\n|poke|p2|Floette-Eternal, L50, F|\n|poke|p2|Delphox, L50, F|\n|poke|p2|Incineroar, L50, M|\n|poke|p2|Garchomp, L50, M|\n|poke|p2|Sneasler, L50, M|\n|poke|p2|Maushold, L50|\n|teampreview|4\n|showteam|p1|Aerodactyl||FocusSash|Unnerve|RockSlide,DualWingbeat,Protect,Tailwind|||F|||50|]Floette-Eternal||Floettite|FlowerVeil|DazzlingGleam,Moonblast,CalmMind,Protect|||F|||50|]Basculegion||ChoiceScarf|Adaptability|LastRespects,FlipTurn,Liquidation,WaveCrash|||M|||50|]Garchomp||HabanBerry|RoughSkin|Earthquake,DragonClaw,RockSlide,Protect|||F|||50|]Sneasler||WhiteHerb|Unburden|CloseCombat,DireClaw,FakeOut,Protect|||F|||50|]Delphox||Delphoxite|Blaze|HeatWave,Psychic,Protect,Wish|||F|||50|\n|showteam|p2|Floette-Eternal||Floettite|FlowerVeil|Moonblast,DazzlingGleam,CalmMind,Protect|||F|||50|]Delphox||Delphoxite|Blaze|HeatWave,Psychic,Substitute,Protect|||F|||50|]Incineroar||SitrusBerry|Intimidate|FakeOut,FlareBlitz,DarkestLariat,PartingShot|||M|||50|]Garchomp||SoftSand|SandVeil|Earthquake,StompingTantrum,RockSlide,Protect|||M|||50|]Sneasler||WhiteHerb|Unburden|FakeOut,CloseCombat,DireClaw,Protect|||M|||50|]Maushold||ChopleBerry|FriendGuard|FollowMe,SuperFang,Taunt,Protect||||||50|\n|inactive|Battle timer is ON: inactive players will automatically lose when time's up. (requested by Rousoku)\n|inactive|Rousoku has 60 seconds left.\n|inactive|KarinaOnTsCoh has 60 seconds left.\n|inactive|Rousoku has 30 seconds left.\n|\n|t:|1776460196\n|teamsize|p1|4\n|teamsize|p2|4\n|start\n|switch|p1a: Delphox|Delphox, L50, F|100/100\n|switch|p1b: Garchomp|Garchomp, L50, F|100/100\n|switch|p2a: Maushold|Maushold, L50|100/100\n|switch|p2b: Floette|Floette-Eternal, L50, F|100/100\n|turn|1\n|\n|t:|1776460220\n|detailschange|p1a: Delphox|Delphox-Mega, L50, F\n|-mega|p1a: Delphox|Delphox|Delphoxite\n|detailschange|p2b: Floette|Floette-Mega, L50, F\n|-mega|p2b: Floette|Floette|Floettite\n|-ability|p2b: Floette|Fairy Aura\n|move|p1a: Delphox|Heat Wave|p2a: Maushold|[spread] p2a,p2b\n|-damage|p2a: Maushold|51/100\n|-damage|p2b: Floette|75/100\n|move|p2a: Maushold|Super Fang|p1a: Delphox\n|-damage|p1a: Delphox|50/100\n|move|p1b: Garchomp|Rock Slide|p2b: Floette|[spread] p2a,p2b\n|-damage|p2a: Maushold|24/100\n|-damage|p2b: Floette|59/100\n|cant|p2b: Floette|flinch\n|\n|upkeep\n|turn|2\n|j| RSPA2001\n|inactive|KarinaOnTsCoh has 30 seconds left.\n|inactive|KarinaOnTsCoh has 20 seconds left.\n|\n|t:|1776460258\n|switch|p2a: Incineroar|Incineroar, L50, M|100/100\n|-ability|p2a: Incineroar|Intimidate|boost\n|-unboost|p1a: Delphox|atk|1\n|-unboost|p1b: Garchomp|atk|1\n|move|p2b: Floette|Protect|p2b: Floette\n|-singleturn|p2b: Floette|Protect\n|move|p1a: Delphox|Heat Wave|p2a: Incineroar|[spread] p2a\n|-activate|p2b: Floette|move: Protect\n|-resisted|p2a: Incineroar|1\n|-damage|p2a: Incineroar|80/100\n|move|p1b: Garchomp|Rock Slide|p2a: Incineroar|[spread] p2a\n|-activate|p2b: Floette|move: Protect\n|-supereffective|p2a: Incineroar|1\n|-damage|p2a: Incineroar|57/100\n|\n|upkeep\n|turn|3\n|\n|t:|1776460280\n|switch|p2a: Maushold|Maushold, L50|24/100\n|move|p1a: Delphox|Protect|p1a: Delphox\n|-singleturn|p1a: Delphox|Protect\n|move|p1b: Garchomp|Protect|p1b: Garchomp\n|-singleturn|p1b: Garchomp|Protect\n|move|p2b: Floette|Calm Mind|p2b: Floette\n|-boost|p2b: Floette|spa|1\n|-boost|p2b: Floette|spd|1\n|\n|upkeep\n|turn|4\n|\n|t:|1776460297\n|move|p2a: Maushold|Protect|p2a: Maushold\n|-singleturn|p2a: Maushold|Protect\n|move|p1a: Delphox|Heat Wave|p2a: Maushold|[spread] p2b\n|-activate|p2a: Maushold|move: Protect\n|-damage|p2b: Floette|43/100\n|move|p1b: Garchomp|Rock Slide|p2b: Floette|[spread] p2b\n|-activate|p2a: Maushold|move: Protect\n|-damage|p2b: Floette|33/100\n|move|p2b: Floette|Dazzling Gleam|p1a: Delphox|[spread] p1a,p1b\n|-resisted|p1a: Delphox|1\n|-supereffective|p1b: Garchomp|1\n|-damage|p1a: Delphox|18/100\n|-damage|p1b: Garchomp|0 fnt\n|faint|p1b: Garchomp\n|\n|upkeep\n|\n|t:|1776460311\n|switch|p1b: Sneasler|Sneasler, L50, F|100/100\n|turn|5\n|\n|t:|1776460324\n|switch|p2a: Incineroar|Incineroar, L50, M|57/100\n|-ability|p2a: Incineroar|Intimidate|boost\n|-unboost|p1a: Delphox|atk|1\n|-unboost|p1b: Sneasler|atk|1\n|-enditem|p1b: Sneasler|White Herb\n|-clearnegativeboost|p1b: Sneasler|[silent]\n|move|p2b: Floette|Protect|p2b: Floette\n|-singleturn|p2b: Floette|Protect\n|move|p1b: Sneasler|Dire Claw|p2b: Floette\n|-activate|p2b: Floette|move: Protect\n|move|p1a: Delphox|Wish|p1a: Delphox\n|\n|upkeep\n|turn|6\n|\n|t:|1776460346\n|move|p1b: Sneasler|Protect|p1b: Sneasler\n|-singleturn|p1b: Sneasler|Protect\n|move|p1a: Delphox|Protect|p1a: Delphox\n|-singleturn|p1a: Delphox|Protect\n|move|p2a: Incineroar|Fake Out|p1b: Sneasler\n|-activate|p1b: Sneasler|move: Protect\n|move|p2b: Floette|Dazzling Gleam|p1a: Delphox|[spread] \n|-activate|p1a: Delphox|move: Protect\n|-activate|p1b: Sneasler|move: Protect\n|\n|-heal|p1a: Delphox|68/100|[from] move: Wish|[wisher] Delphox\n|upkeep\n|turn|7\n|\n|t:|1776460365\n|switch|p2a: Maushold|Maushold, L50|24/100\n|move|p2b: Floette|Protect|p2b: Floette\n|-singleturn|p2b: Floette|Protect\n|move|p1b: Sneasler|Dire Claw|p2b: Floette\n|-activate|p2b: Floette|move: Protect\n|move|p1a: Delphox|Heat Wave|p2a: Maushold|[spread] p2a\n|-activate|p2b: Floette|move: Protect\n|-damage|p2a: Maushold|0 fnt\n|faint|p2a: Maushold\n|\n|upkeep\n|\n|t:|1776460375\n|switch|p2a: Garchomp|Garchomp, L50, M|100/100\n|turn|8\n|\n|t:|1776460384\n|switch|p2b: Incineroar|Incineroar, L50, M|57/100\n|-ability|p2b: Incineroar|Intimidate|boost\n|-unboost|p1a: Delphox|atk|1\n|-unboost|p1b: Sneasler|atk|1\n|move|p1b: Sneasler|Protect|p1b: Sneasler\n|-singleturn|p1b: Sneasler|Protect\n|move|p1a: Delphox|Heat Wave|p2a: Garchomp|[spread] p2b\n|-miss|p1a: Delphox|p2a: Garchomp\n|-resisted|p2b: Incineroar|1\n|-damage|p2b: Incineroar|39/100\n|-enditem|p2b: Incineroar|Sitrus Berry|[eat]\n|-heal|p2b: Incineroar|64/100|[from] item: Sitrus Berry\n|move|p2a: Garchomp|Stomping Tantrum|p1b: Sneasler\n|-activate|p1b: Sneasler|move: Protect\n|\n|upkeep\n|turn|9\n|inactive|KarinaOnTsCoh has 30 seconds left.\n|\n|t:|1776460412\n|switch|p1b: Basculegion|Basculegion, L50, M|100/100\n|move|p1a: Delphox|Heat Wave|p2a: Garchomp|[spread] p2a,p2b\n|-resisted|p2a: Garchomp|1\n|-resisted|p2b: Incineroar|1\n|-damage|p2a: Garchomp|79/100\n|-damage|p2b: Incineroar|45/100\n|move|p2a: Garchomp|Stomping Tantrum|p1b: Basculegion\n|-damage|p1b: Basculegion|45/100\n|move|p2b: Incineroar|Darkest Lariat|p1a: Delphox\n|-supereffective|p1a: Delphox|1\n|-damage|p1a: Delphox|0 fnt\n|faint|p1a: Delphox\n|\n|upkeep\n|\n|t:|1776460424\n|switch|p1a: Sneasler|Sneasler, L50, F|100/100\n|turn|10\n|\n|t:|1776460433\n|switch|p2b: Floette|Floette-Mega, L50, F|33/100\n|-ability|p2b: Floette|Fairy Aura\n|move|p2a: Garchomp|Protect|p2a: Garchomp\n|-singleturn|p2a: Garchomp|Protect\n|move|p1b: Basculegion|Liquidation|p2a: Garchomp\n|-activate|p2a: Garchomp|move: Protect\n|move|p1a: Sneasler|Close Combat|p2b: Floette\n|-resisted|p2b: Floette|1\n|-damage|p2b: Floette|1/100\n|-unboost|p1a: Sneasler|def|1\n|-unboost|p1a: Sneasler|spd|1\n|\n|upkeep\n|turn|11\n|c|\u2606Rousoku|oh wrong ass button\n|inactive|KarinaOnTsCoh has 30 seconds left.\n|c|\u2606Rousoku|fark\n|\n|t:|1776460467\n|switch|p2a: Incineroar|Incineroar, L50, M|45/100\n|-ability|p2a: Incineroar|Intimidate|boost\n|-unboost|p1a: Sneasler|atk|1\n|-unboost|p1b: Basculegion|atk|1\n|move|p2b: Floette|Protect|p2b: Floette\n|-singleturn|p2b: Floette|Protect\n|move|p1b: Basculegion|Liquidation|p2a: Incineroar\n|-supereffective|p2a: Incineroar|1\n|-damage|p2a: Incineroar|0 fnt\n|faint|p2a: Incineroar\n|move|p1a: Sneasler|Dire Claw|p2b: Floette\n|-activate|p2b: Floette|move: Protect\n|\n|upkeep\n|\n|t:|1776460477\n|switch|p2a: Garchomp|Garchomp, L50, M|79/100\n|turn|12\n|\n|t:|1776460484\n|move|p1b: Basculegion|Liquidation|p2a: Garchomp\n|-damage|p2a: Garchomp|40/100\n|move|p1a: Sneasler|Dire Claw|p2b: Floette\n|-supereffective|p2b: Floette|1\n|-damage|p2b: Floette|0 fnt\n|faint|p2b: Floette\n|move|p2a: Garchomp|Earthquake|p1a: Sneasler|[spread] p1a,p1b\n|-supereffective|p1a: Sneasler|1\n|-damage|p1a: Sneasler|0 fnt\n|-damage|p1b: Basculegion|0 fnt\n|faint|p1a: Sneasler\n|faint|p1b: Basculegion\n|\n|win|KarinaOnTsCoh\n|n|\u2606Rousoku|rousoku\n|n|\u2606KarinaOnTsCoh|karinaontscoh\n|n| RSPA2001|rspa2001\n|c|\u2606Rousoku|gg\n",
  "uploadtime": 1776460494,
  "views": 17,
  "formatid": "gen9championsvgc2026regma",
  "rating": null,
  "private": 0,
  "password": null
}