{
  "id": "gen9championsvgc2026regma-2583514989",
  "format": "[Gen 9 Champions] VGC 2026 Reg M-A",
  "players": [
    "falco124",
    "Thomacenzo"
  ],
  "log": "|j|\u203dfalco124\n|j|\u2606Thomacenzo\n|t:|1776180503\n|gametype|doubles\n|player|p1|falco124|170|1095\n|player|p2|Thomacenzo|pokekid|1000\n|gen|9\n|tier|[Gen 9 Champions] VGC 2026 Reg M-A\n|rated|\n|rule|Species Clause: Limit one of each Pok\u00e9mon\n|rule|Item Clause: Limit 1 of each item\n|clearpoke\n|poke|p1|Whimsicott, L50, M|\n|poke|p1|Dragonite, L50, F|\n|poke|p1|Incineroar, L50, M|\n|poke|p1|Pelipper, L50, M|\n|poke|p1|Basculegion, L50, M|\n|poke|p1|Scizor, L50, M|\n|poke|p2|Meowstic, L50, M|\n|poke|p2|Aegislash, L50, F|\n|poke|p2|Jolteon, L50, F|\n|poke|p2|Archaludon, L50, M|\n|poke|p2|Chimecho, L50, F|\n|poke|p2|Kangaskhan, L50, F|\n|teampreview|4\n|inactive|Battle timer is ON: inactive players will automatically lose when time's up. (requested by Thomacenzo)\n|\n|t:|1776180543\n|teamsize|p1|4\n|teamsize|p2|4\n|start\n|switch|p1a: Incineroar|Incineroar, L50, M|100/100\n|switch|p1b: Scizor|Scizor, L50, M|100/100\n|switch|p2a: Archaludon|Archaludon, L50, M|100/100\n|switch|p2b: Chimecho|Chimecho, L50, F|100/100\n|-ability|p1a: Incineroar|Intimidate|boost\n|-unboost|p2a: Archaludon|atk|1\n|-unboost|p2b: Chimecho|atk|1\n|-enditem|p2b: Chimecho|White Herb\n|-clearnegativeboost|p2b: Chimecho|[silent]\n|turn|1\n|inactive|falco124 has 30 seconds left.\n|\n|t:|1776180574\n|move|p1a: Incineroar|Fake Out|p2b: Chimecho\n|-damage|p2b: Chimecho|89/100\n|move|p2a: Archaludon|Aura Sphere|p1a: Incineroar\n|-supereffective|p1a: Incineroar|1\n|-damage|p1a: Incineroar|49/100\n|-enditem|p1a: Incineroar|Sitrus Berry|[eat]\n|-heal|p1a: Incineroar|74/100|[from] item: Sitrus Berry\n|move|p1b: Scizor|Knock Off|p2a: Archaludon\n|-crit|p2a: Archaludon\n|-damage|p2a: Archaludon|52/100\n|-ability|p2a: Archaludon|Stamina|boost\n|-boost|p2a: Archaludon|def|1\n|-enditem|p2a: Archaludon|Sitrus Berry|[from] move: Knock Off|[of] p1b: Scizor\n|cant|p2b: Chimecho|flinch\n|\n|upkeep\n|turn|2\n|\n|t:|1776180594\n|move|p2a: Archaludon|Aura Sphere|p1a: Incineroar\n|-supereffective|p1a: Incineroar|1\n|-damage|p1a: Incineroar|26/100\n|move|p1a: Incineroar|Throat Chop|p2b: Chimecho\n|-supereffective|p2b: Chimecho|1\n|-damage|p2b: Chimecho|24/100\n|-start|p2b: Chimecho|Throat Chop|[silent]\n|move|p2b: Chimecho|Cosmic Power|p2b: Chimecho\n|-boost|p2b: Chimecho|def|1\n|-boost|p2b: Chimecho|spd|1\n|move|p1b: Scizor|Knock Off|p2b: Chimecho\n|-supereffective|p2b: Chimecho|1\n|-damage|p2b: Chimecho|0 fnt\n|faint|p2b: Chimecho\n|\n|upkeep\n|\n|t:|1776180612\n|switch|p2b: Kangaskhan|Kangaskhan, L50, F|100/100\n|turn|3\n|\n|t:|1776180628\n|detailschange|p2b: Kangaskhan|Kangaskhan-Mega, L50, F\n|-mega|p2b: Kangaskhan|Kangaskhan|Kangaskhanite\n|move|p2b: Kangaskhan|Rock Slide|p1b: Scizor|[spread] p1a,p1b\n|-supereffective|p1a: Incineroar|1\n|-damage|p1a: Incineroar|0 fnt\n|-damage|p1b: Scizor|81/100\n|faint|p1a: Incineroar\n|move|p2a: Archaludon|Electro Shot||[still]\n|-prepare|p2a: Archaludon|Electro Shot\n|-boost|p2a: Archaludon|spa|1\n|move|p1b: Scizor|U-turn|p2a: Archaludon\n|-resisted|p2a: Archaludon|1\n|-damage|p2a: Archaludon|40/100\n|-ability|p2a: Archaludon|Stamina|boost\n|-boost|p2a: Archaludon|def|1\n|\n|t:|1776180639\n|switch|p1b: Pelipper|Pelipper, L50, M|100/100|[from] U-turn\n|-weather|RainDance|[from] ability: Drizzle|[of] p1b: Pelipper\n|\n|-weather|RainDance|[upkeep]\n|upkeep\n|\n|t:|1776180648\n|switch|p1a: Basculegion|Basculegion, L50, M|100/100\n|turn|4\n|\n|t:|1776180658\n|move|p2b: Kangaskhan|Sucker Punch|p1a: Basculegion\n|-supereffective|p1a: Basculegion|1\n|-damage|p1a: Basculegion|41/100\n|-supereffective|p1a: Basculegion|1\n|-damage|p1a: Basculegion|26/100\n|-hitcount|p1a: Basculegion|2\n|move|p1a: Basculegion|Wave Crash|p2a: Archaludon\n|-resisted|p2a: Archaludon|1\n|-damage|p2a: Archaludon|14/100\n|-ability|p2a: Archaludon|Stamina|boost\n|-boost|p2a: Archaludon|def|1\n|-damage|p1a: Basculegion|19/100|[from] Recoil\n|move|p2a: Archaludon|Electro Shot|p1b: Pelipper|[from] lockedmove\n|-supereffective|p1b: Pelipper|2\n|-enditem|p1b: Pelipper|Focus Sash\n|-damage|p1b: Pelipper|1/100\n|move|p1b: Pelipper|Tailwind|p1b: Pelipper\n|-sidestart|p1: falco124|move: Tailwind\n|\n|-weather|RainDance|[upkeep]\n|upkeep\n|turn|5\n|inactive|falco124 has 30 seconds left.\n|\n|t:|1776180689\n|switch|p1a: Scizor|Scizor, L50, M|81/100\n|move|p2b: Kangaskhan|Sucker Punch||[still]\n|-fail|p2b: Kangaskhan\n|move|p1b: Pelipper|Hurricane|p2a: Archaludon\n|-resisted|p2a: Archaludon|1\n|-damage|p2a: Archaludon|0 fnt\n|faint|p2a: Archaludon\n|\n|-weather|RainDance|[upkeep]\n|upkeep\n|\n|t:|1776180697\n|switch|p2a: Jolteon|Jolteon, L50, F|100/100\n|turn|6\n|\n|t:|1776180716\n|move|p1b: Pelipper|Protect|p1b: Pelipper\n|-singleturn|p1b: Pelipper|Protect\n|move|p2a: Jolteon|Wish|p2a: Jolteon\n|move|p1a: Scizor|Knock Off|p2a: Jolteon\n|-damage|p2a: Jolteon|28/100\n|-enditem|p2a: Jolteon|Bright Powder|[from] move: Knock Off|[of] p1a: Scizor\n|move|p2b: Kangaskhan|Rock Slide|p1a: Scizor|[spread] p1a\n|-activate|p1b: Pelipper|move: Protect\n|-damage|p1a: Scizor|61/100\n|\n|-weather|RainDance|[upkeep]\n|upkeep\n|turn|7\n|\n|t:|1776180743\n|move|p1b: Pelipper|Hurricane|p2b: Kangaskhan\n|-damage|p2b: Kangaskhan|47/100\n|-start|p2b: Kangaskhan|confusion\n|move|p2a: Jolteon|Thunderbolt|p1a: Scizor\n|-damage|p1a: Scizor|11/100\n|move|p1a: Scizor|U-turn|p2a: Jolteon\n|-damage|p2a: Jolteon|0 fnt\n|faint|p2a: Jolteon\n|\n|t:|1776180752\n|switch|p1a: Basculegion|Basculegion, L50, M|19/100|[from] U-turn\n|-activate|p2b: Kangaskhan|confusion\n|-damage|p2b: Kangaskhan|35/100|[from] confusion\n|\n|-weather|none\n|-sideend|p1: falco124|move: Tailwind\n|upkeep\n|turn|8\n|\n|t:|1776180766\n|switch|p1b: Scizor|Scizor, L50, M|11/100\n|-activate|p2b: Kangaskhan|confusion\n|move|p2b: Kangaskhan|Sucker Punch|p1a: Basculegion\n|-supereffective|p1a: Basculegion|1\n|-damage|p1a: Basculegion|0 fnt\n|faint|p1a: Basculegion\n|-hitcount|p1: Basculegion|1\n|\n|upkeep\n|\n|t:|1776180772\n|switch|p1a: Pelipper|Pelipper, L50, M|1/100\n|-weather|RainDance|[from] ability: Drizzle|[of] p1a: Pelipper\n|turn|9\n|\n|t:|1776180783\n|move|p1b: Scizor|Bullet Punch|p2b: Kangaskhan\n|-damage|p2b: Kangaskhan|2/100\n|-activate|p2b: Kangaskhan|confusion\n|move|p2b: Kangaskhan|Rock Slide|p1a: Pelipper|[spread] p1a\n|-miss|p2b: Kangaskhan|p1b: Scizor\n|-supereffective|p1a: Pelipper|1\n|-damage|p1a: Pelipper|0 fnt\n|faint|p1a: Pelipper\n|\n|-weather|RainDance|[upkeep]\n|upkeep\n|turn|10\n|inactive|falco124 has 30 seconds left.\n|\n|t:|1776180818\n|-end|p2b: Kangaskhan|confusion\n|move|p2b: Kangaskhan|Sucker Punch|p1b: Scizor\n|-damage|p1b: Scizor|0 fnt\n|faint|p1b: Scizor\n|-hitcount|p1: Scizor|1\n|\n|win|Thomacenzo\n|raw|falco124's rating: 1095 &rarr; <strong>1064</strong><br />(-31 for losing)\n|raw|Thomacenzo's rating: 1000 &rarr; <strong>1051</strong><br />(+51 for winning)\n|l|\u203dfalco124\n|player|p1|\n",
  "uploadtime": 1776180826,
  "views": 15,
  "formatid": "gen9championsvgc2026regma",
  "rating": 1051,
  "private": 0,
  "password": null
}