{
  "id": "gen9championsvgc2026regma-2588647397",
  "format": "[Gen 9 Champions] VGC 2026 Reg M-A",
  "players": [
    "0Frans0",
    "Gulptubus"
  ],
  "log": "|j|\u26060Frans0\n|j|\u2606Gulptubus\n|t:|1776653524\n|gametype|doubles\n|player|p1|0Frans0|2|1142\n|player|p2|Gulptubus|pokemonranger-gen4|1096\n|gen|9\n|tier|[Gen 9 Champions] VGC 2026 Reg M-A\n|rated|\n|rule|Species Clause: Limit one of each Pok\u00e9mon\n|rule|Item Clause: Limit 1 of each item\n|clearpoke\n|poke|p1|Hawlucha, L50, F|\n|poke|p1|Kingambit, L50, F|\n|poke|p1|Aerodactyl, L50, M|\n|poke|p1|Klefki, L50, M|\n|poke|p1|Incineroar, L50, M|\n|poke|p1|Aegislash, L50, M|\n|poke|p2|Tyranitar, L50, M|\n|poke|p2|Excadrill, L50, M|\n|poke|p2|Arcanine-Hisui, L50, F|\n|poke|p2|Sneasler, L50, M|\n|poke|p2|Milotic, L50, F|\n|poke|p2|Sinistcha, L50|\n|teampreview|4\n|inactive|Battle timer is ON: inactive players will automatically lose when time's up. (requested by 0Frans0)\n|\n|t:|1776653563\n|teamsize|p1|4\n|teamsize|p2|4\n|start\n|switch|p1a: Aerodactyl|Aerodactyl, L50, M|100/100\n|switch|p1b: Klefki|Klefki, L50, M|100/100\n|switch|p2a: Sneasler|Sneasler, L50, M|100/100\n|switch|p2b: Milotic|Milotic, L50, F|100/100\n|-ability|p1a: Aerodactyl|Unnerve\n|turn|1\n|\n|t:|1776653584\n|move|p1a: Aerodactyl|Protect|p1a: Aerodactyl\n|-singleturn|p1a: Aerodactyl|Protect\n|move|p2a: Sneasler|Fake Out|p1a: Aerodactyl\n|-activate|p1a: Aerodactyl|move: Protect\n|move|p1b: Klefki|Light Screen|p1b: Klefki\n|-sidestart|p1: 0Frans0|move: Light Screen\n|move|p2b: Milotic|Hypnosis|p1b: Klefki\n|-status|p1b: Klefki|slp|[from] move: Hypnosis\n|\n|upkeep\n|turn|2\n|\n|t:|1776653606\n|switch|p2a: Tyranitar|Tyranitar, L50, M|100/100\n|-weather|Sandstorm|[from] ability: Sand Stream|[of] p2a: Tyranitar\n|cant|p1b: Klefki|slp\n|move|p1a: Aerodactyl|Dual Wingbeat|p2a: Tyranitar\n|-resisted|p2a: Tyranitar|1\n|-damage|p2a: Tyranitar|93/100\n|-resisted|p2a: Tyranitar|1\n|-damage|p2a: Tyranitar|85/100\n|-hitcount|p2a: Tyranitar|2\n|move|p2b: Milotic|Coil|p2b: Milotic\n|-boost|p2b: Milotic|atk|1\n|-boost|p2b: Milotic|def|1\n|-boost|p2b: Milotic|accuracy|1\n|\n|-weather|Sandstorm|[upkeep]\n|-damage|p2b: Milotic|95/100|[from] Sandstorm\n|-heal|p2b: Milotic|100/100|[from] item: Leftovers\n|upkeep\n|turn|3\n|\n|t:|1776653630\n|cant|p1b: Klefki|slp\n|move|p1a: Aerodactyl|Tailwind|p1a: Aerodactyl\n|-sidestart|p1: 0Frans0|move: Tailwind\n|move|p2a: Tyranitar|Rock Slide|p1b: Klefki|[spread] p1a,p1b\n|-supereffective|p1a: Aerodactyl|1\n|-resisted|p1b: Klefki|1\n|-enditem|p1a: Aerodactyl|Focus Sash\n|-damage|p1a: Aerodactyl|1/100\n|-damage|p1b: Klefki|87/100 slp\n|move|p2b: Milotic|Muddy Water|p1a: Aerodactyl|[spread] p1a,p1b\n|-supereffective|p1a: Aerodactyl|1\n|-damage|p1a: Aerodactyl|0 fnt\n|-damage|p1b: Klefki|66/100 slp\n|faint|p1a: Aerodactyl\n|\n|-weather|Sandstorm|[upkeep]\n|-damage|p2b: Milotic|95/100|[from] Sandstorm\n|-heal|p1b: Klefki|72/100 slp|[from] item: Leftovers\n|-heal|p2b: Milotic|100/100|[from] item: Leftovers\n|upkeep\n|\n|t:|1776653645\n|switch|p1a: Kingambit|Kingambit, L50, F|100/100\n|turn|4\n|inactive|Gulptubus has 30 seconds left.\n|inactive|0Frans0 has 30 seconds left.\n|\n|t:|1776653676\n|switch|p2a: Sneasler|Sneasler, L50, M|100/100\n|-curestatus|p1b: Klefki|slp|[msg]\n|move|p1b: Klefki|Reflect|p1b: Klefki\n|-sidestart|p1: 0Frans0|Reflect\n|move|p1a: Kingambit|Iron Head|p2a: Sneasler\n|-damage|p2a: Sneasler|43/100\n|move|p2b: Milotic|Muddy Water|p1b: Klefki|[spread] p1a,p1b\n|-damage|p1a: Kingambit|85/100\n|-damage|p1b: Klefki|50/100\n|\n|-weather|Sandstorm|[upkeep]\n|-damage|p2a: Sneasler|37/100|[from] Sandstorm\n|-damage|p2b: Milotic|95/100|[from] Sandstorm\n|-heal|p1b: Klefki|57/100|[from] item: Leftovers\n|-heal|p2b: Milotic|100/100|[from] item: Leftovers\n|upkeep\n|turn|5\n|inactive|0Frans0 has 30 seconds left.\n|inactive|Gulptubus has 30 seconds left.\n|inactive|0Frans0 has 20 seconds left.\n|inactive|0Frans0 has 15 seconds left.\n|\n|t:|1776653717\n|move|p2a: Sneasler|Protect|p2a: Sneasler\n|-singleturn|p2a: Sneasler|Protect\n|move|p1a: Kingambit|Protect|p1a: Kingambit\n|-singleturn|p1a: Kingambit|Protect\n|move|p1b: Klefki|Dazzling Gleam|p2b: Milotic|[spread] p2b\n|-activate|p2a: Sneasler|move: Protect\n|-damage|p2b: Milotic|89/100\n|move|p2b: Milotic|Hypnosis|p1b: Klefki\n|-status|p1b: Klefki|slp|[from] move: Hypnosis\n|\n|-weather|Sandstorm|[upkeep]\n|-damage|p2a: Sneasler|32/100|[from] Sandstorm\n|-damage|p2b: Milotic|83/100|[from] Sandstorm\n|-heal|p1b: Klefki|63/100 slp|[from] item: Leftovers\n|-heal|p2b: Milotic|89/100|[from] item: Leftovers\n|-sideend|p1: 0Frans0|move: Light Screen\n|upkeep\n|turn|6\n|inactive|0Frans0 has 30 seconds left.\n|\n|t:|1776653743\n|switch|p1b: Hawlucha|Hawlucha, L50, F|100/100\n|move|p1a: Kingambit|Sucker Punch|p2a: Sneasler\n|-resisted|p2a: Sneasler|1\n|-damage|p2a: Sneasler|3/100\n|move|p2a: Sneasler|Close Combat|p1a: Kingambit\n|-supereffective|p1a: Kingambit|2\n|-enditem|p1a: Kingambit|Chople Berry|[eat]\n|-enditem|p1a: Kingambit|Chople Berry|[weaken]\n|-damage|p1a: Kingambit|29/100\n|-unboost|p2a: Sneasler|def|1\n|-unboost|p2a: Sneasler|spd|1\n|-enditem|p2a: Sneasler|White Herb\n|-clearnegativeboost|p2a: Sneasler|[silent]\n|move|p2b: Milotic|Muddy Water|p1a: Kingambit|[spread] p1a,p1b\n|-damage|p1a: Kingambit|4/100\n|-damage|p1b: Hawlucha|53/100\n|\n|-weather|none\n|-heal|p2b: Milotic|95/100|[from] item: Leftovers\n|-sideend|p1: 0Frans0|move: Tailwind\n|upkeep\n|turn|7\n|inactive|0Frans0 has 30 seconds left.\n|inactive|Gulptubus has 30 seconds left.\n|inactive|0Frans0 has 20 seconds left.\n|inactive|0Frans0 has 15 seconds left.\n|inactive|Gulptubus has 20 seconds left.\n|inactive|0Frans0 has 10 seconds left.\n|inactive|0Frans0 has 5 seconds left.\n|\n|t:|1776653804\n|switch|p2a: Sinistcha|Sinistcha, L50|100/100\n|-heal|p2b: Milotic|100/100|[from] ability: Hospitality|[of] p2a: Sinistcha\n|move|p1b: Hawlucha|Entrainment|p2a: Sinistcha\n|-ability|p2a: Sinistcha|Limber|Hospitality|[from] move: Entrainment|[of] p1b: Hawlucha\n|move|p2b: Milotic|Coil|p2b: Milotic\n|-boost|p2b: Milotic|atk|1\n|-boost|p2b: Milotic|def|1\n|-boost|p2b: Milotic|accuracy|1\n|move|p1a: Kingambit|Guillotine|p2b: Milotic|[miss]\n|-miss|p1a: Kingambit|p2b: Milotic\n|\n|upkeep\n|turn|8\n|-message|0Frans0 forfeited.\n|\n|win|Gulptubus\n|raw|0Frans0's rating: 1142 &rarr; <strong>1114</strong><br />(-28 for losing)\n|raw|Gulptubus's rating: 1096 &rarr; <strong>1125</strong><br />(+29 for winning)\n|l|\u26060Frans0\n|player|p1|\n",
  "uploadtime": 1776653818,
  "views": 10,
  "formatid": "gen9championsvgc2026regma",
  "rating": 1114,
  "private": 0,
  "password": null
}