{
  "id": "gen9championsvgc2026regma-2581641310",
  "format": "[Gen 9 Champions] VGC 2026 Reg M-A",
  "players": [
    "suprballr",
    "3000 moths"
  ],
  "log": "|j|\u2606suprballr\n|j|\u26063000 moths\n|t:|1776017283\n|gametype|doubles\n|player|p1|suprballr|skier|1315\n|player|p2|3000 moths|miku-ghost|1406\n|gen|9\n|tier|[Gen 9 Champions] VGC 2026 Reg M-A\n|rated|\n|rule|Species Clause: Limit one of each Pok\u00e9mon\n|rule|Item Clause: Limit 1 of each item\n|clearpoke\n|poke|p1|Glimmora, L50, M|\n|poke|p1|Dragonite, L50, F|\n|poke|p1|Floette-Eternal, L50, F|\n|poke|p1|Incineroar, L50, F|\n|poke|p1|Sinistcha, L50|\n|poke|p1|Garchomp, L50, M|\n|poke|p2|Maushold, L50|\n|poke|p2|Garchomp, L50, F|\n|poke|p2|Incineroar, L50, F|\n|poke|p2|Floette-Eternal, L50, F|\n|poke|p2|Farigiraf, L50, M|\n|poke|p2|Whimsicott, L50, F|\n|teampreview|4\n|inactive|Battle timer is ON: inactive players will automatically lose when time's up. (requested by 3000 moths)\n|inactive|suprballr has 60 seconds left.\nsuprballr rejected open team sheets.\n|inactive|suprballr has 30 seconds left.\n|\n|t:|1776017344\n|teamsize|p1|4\n|teamsize|p2|4\n|start\n|switch|p1a: Floette|Floette-Eternal, L50, F|100/100\n|switch|p1b: Incineroar|Incineroar, L50, F|100/100\n|switch|p2a: Garchomp|Garchomp, L50, F|100/100\n|switch|p2b: Floette|Floette-Eternal, L50, F|100/100\n|-ability|p1b: Incineroar|Intimidate|boost\n|-unboost|p2a: Garchomp|atk|1\n|-unboost|p2b: Floette|atk|1\n|turn|1\n|\n|t:|1776017357\n|switch|p2a: Farigiraf|Farigiraf, L50, M|100/100\n|detailschange|p1a: Floette|Floette-Mega, L50, F\n|-mega|p1a: Floette|Floette|Floettite\n|-ability|p1a: Floette|Fairy Aura\n|detailschange|p2b: Floette|Floette-Mega, L50, F\n|-mega|p2b: Floette|Floette|Floettite\n|-ability|p2b: Floette|Fairy Aura\n|move|p1b: Incineroar|Fake Out||[still]\n|cant|p2a: Farigiraf|ability: Armor Tail|Fake Out|[of] p1b: Incineroar\n|move|p1a: Floette|Moonblast|p2b: Floette\n|-damage|p2b: Floette|40/100\n|move|p2b: Floette|Calm Mind|p2b: Floette\n|-boost|p2b: Floette|spa|1\n|-boost|p2b: Floette|spd|1\n|\n|upkeep\n|turn|2\n|\n|t:|1776017379\n|move|p2a: Farigiraf|Ally Switch|p2a: Farigiraf\n|swap|p2a: Farigiraf|1|[from] move: Ally Switch\n|move|p1a: Floette|Dazzling Gleam|p2b: Farigiraf|[spread] p2a,p2b\n|-damage|p2a: Floette|12/100\n|-damage|p2b: Farigiraf|67/100\n|move|p2a: Floette|Moonblast|p1b: Incineroar\n|-damage|p1b: Incineroar|10/100\n|-unboost|p1b: Incineroar|spa|1\n|-enditem|p1b: Incineroar|Sitrus Berry|[eat]\n|-heal|p1b: Incineroar|35/100|[from] item: Sitrus Berry\n|move|p1b: Incineroar|Flare Blitz|p2b: Farigiraf\n|-damage|p2b: Farigiraf|16/100\n|-enditem|p2b: Farigiraf|Sitrus Berry|[eat]\n|-heal|p2b: Farigiraf|41/100|[from] item: Sitrus Berry\n|-damage|p1b: Incineroar|16/100|[from] Recoil\n|\n|upkeep\n|turn|3\n|\n|t:|1776017397\n|move|p2a: Floette|Protect|p2a: Floette\n|-singleturn|p2a: Floette|Protect\n|move|p1a: Floette|Dazzling Gleam|p2b: Farigiraf|[spread] p2b\n|-activate|p2a: Floette|move: Protect\n|-damage|p2b: Farigiraf|7/100\n|move|p2b: Farigiraf|Psychic|p1a: Floette\n|-damage|p1a: Floette|74/100\n|move|p1b: Incineroar|Flare Blitz|p2b: Farigiraf\n|-damage|p2b: Farigiraf|0 fnt\n|faint|p2b: Farigiraf\n|-damage|p1b: Incineroar|13/100|[from] Recoil\n|\n|upkeep\n|\n|t:|1776017414\n|switch|p2b: Whimsicott|Whimsicott, L50, F|100/100\n|turn|4\n|\n|t:|1776017429\n|move|p2b: Whimsicott|Tailwind|p2b: Whimsicott\n|-sidestart|p2: 3000 moths|move: Tailwind\n|move|p2a: Floette|Dazzling Gleam|p1b: Incineroar|[spread] p1a,p1b\n|-damage|p1a: Floette|9/100\n|-damage|p1b: Incineroar|0 fnt\n|faint|p1b: Incineroar\n|move|p1a: Floette|Dazzling Gleam|p2a: Floette|[spread] p2a,p2b\n|-damage|p2a: Floette|0 fnt\n|-damage|p2b: Whimsicott|45/100\n|faint|p2a: Floette\n|\n|upkeep\n|\n|t:|1776017436\n|switch|p2a: Garchomp|Garchomp, L50, F|100/100\n|switch|p1b: Sinistcha|Sinistcha, L50|100/100\n|-heal|p1a: Floette|34/100|[from] ability: Hospitality|[of] p1b: Sinistcha\n|turn|5\n|\n|t:|1776017445\n|switch|p1b: Glimmora|Glimmora, L50, M|100/100\n|move|p1a: Floette|Protect|p1a: Floette\n|-singleturn|p1a: Floette|Protect\n|move|p2a: Garchomp|Rock Slide|p1a: Floette|[spread] p1b\n|-activate|p1a: Floette|move: Protect\n|-damage|p1b: Glimmora|75/100\n|-activate|p1b: Glimmora|ability: Toxic Debris\n|-sidestart|p2: 3000 moths|move: Toxic Spikes\n|move|p2b: Whimsicott|Moonblast|p1a: Floette\n|-activate|p1a: Floette|move: Protect\n|\n|upkeep\n|turn|6\n|\n|t:|1776017461\n|switch|p1a: Sinistcha|Sinistcha, L50|100/100\n|-heal|p1b: Glimmora|99/100|[from] ability: Hospitality|[of] p1a: Sinistcha\n|move|p2b: Whimsicott|Encore||[still]\n|-fail|p2b: Whimsicott\n|move|p2a: Garchomp|Stomping Tantrum|p1b: Glimmora\n|-supereffective|p1b: Glimmora|2\n|-damage|p1b: Glimmora|0 fnt\n|-activate|p1b: Glimmora|ability: Toxic Debris\n|-sidestart|p2: 3000 moths|move: Toxic Spikes\n|faint|p1b: Glimmora\n|\n|upkeep\n|j| zane121\n|\n|t:|1776017470\n|switch|p1b: Floette|Floette-Mega, L50, F|34/100\n|-ability|p1b: Floette|Fairy Aura\n|turn|7\n|\n|t:|1776017482\n|move|p1b: Floette|Protect|p1b: Floette\n|-singleturn|p1b: Floette|Protect\n|move|p2a: Garchomp|Rock Slide|p1a: Sinistcha|[spread] p1a\n|-activate|p1b: Floette|move: Protect\n|-damage|p1a: Sinistcha|83/100\n|move|p2b: Whimsicott|Moonblast|p1b: Floette\n|-activate|p1b: Floette|move: Protect\n|cant|p1a: Sinistcha|flinch\n|\n|-sideend|p2: 3000 moths|move: Tailwind\n|upkeep\n|turn|8\n|\n|t:|1776017495\n|move|p2b: Whimsicott|Encore|p1b: Floette\n|-start|p1b: Floette|Encore\n|move|p1b: Floette|Protect||[still]\n|-fail|p1b: Floette\n|move|p2a: Garchomp|Iron Head|p1a: Sinistcha\n|-damage|p1a: Sinistcha|57/100\n|move|p1a: Sinistcha|Shadow Ball|p2b: Whimsicott\n|-damage|p2b: Whimsicott|2/100\n|\n|upkeep\n|turn|9\n|\n|t:|1776017506\n|move|p1b: Floette|Protect|p1b: Floette\n|-singleturn|p1b: Floette|Protect\n|move|p2a: Garchomp|Rock Slide|p1a: Sinistcha|[spread] p1a\n|-activate|p1b: Floette|move: Protect\n|-damage|p1a: Sinistcha|41/100\n|move|p2b: Whimsicott|Moonblast|p1b: Floette\n|-activate|p1b: Floette|move: Protect\n|cant|p1a: Sinistcha|flinch\n|\n|upkeep\n|turn|10\n|\n|t:|1776017514\n|move|p1b: Floette|Protect||[still]\n|-fail|p1b: Floette\n|move|p2a: Garchomp|Rock Slide|p1b: Floette|[spread] p1b\n|-miss|p2a: Garchomp|p1a: Sinistcha\n|-damage|p1b: Floette|9/100\n|move|p2b: Whimsicott|Moonblast|p1b: Floette\n|-damage|p1b: Floette|0 fnt\n|faint|p1b: Floette\n|move|p1a: Sinistcha|Matcha Gotcha|p2a: Garchomp|[spread] p2a,p2b\n|-resisted|p2b: Whimsicott|1\n|-damage|p2a: Garchomp|75/100\n|-heal|p1a: Sinistcha|54/100|[from] drain|[of] p2a: Garchomp\n|-damage|p2b: Whimsicott|0 fnt\n|-heal|p1a: Sinistcha|55/100|[from] drain|[of] p2b: Whimsicott\n|faint|p2b: Whimsicott\n|\n|upkeep\n|turn|11\n|\n|t:|1776017522\n|move|p2a: Garchomp|Iron Head|p1a: Sinistcha\n|-damage|p1a: Sinistcha|31/100\n|move|p1a: Sinistcha|Matcha Gotcha|p2a: Garchomp\n|-damage|p2a: Garchomp|40/100\n|-heal|p1a: Sinistcha|49/100|[from] drain|[of] p2a: Garchomp\n|\n|upkeep\n|turn|12\n|\n|t:|1776017529\n|move|p2a: Garchomp|Iron Head|p1a: Sinistcha\n|-damage|p1a: Sinistcha|27/100\n|move|p1a: Sinistcha|Matcha Gotcha|p2a: Garchomp\n|-damage|p2a: Garchomp|3/100\n|-heal|p1a: Sinistcha|47/100|[from] drain|[of] p2a: Garchomp\n|\n|upkeep\n|turn|13\n|\n|t:|1776017534\n|move|p2a: Garchomp|Iron Head|p1a: Sinistcha\n|-damage|p1a: Sinistcha|24/100\n|move|p1a: Sinistcha|Shadow Ball|p2a: Garchomp\n|-damage|p2a: Garchomp|0 fnt\n|faint|p2a: Garchomp\n|\n|win|suprballr\n|raw|suprballr's rating: 1315 &rarr; <strong>1340</strong><br />(+25 for winning)\n|raw|3000 moths's rating: 1406 &rarr; <strong>1381</strong><br />(-25 for losing)\n|l|\u2606suprballr\n|player|p1|\n|l|\u26063000 moths\n|player|p2|\n|l| zane121\n|j| gE1xjZRtuhW2DdT0AK\n",
  "uploadtime": 1776017600,
  "views": 26,
  "formatid": "gen9championsvgc2026regma",
  "rating": 1340,
  "private": 0,
  "password": null
}