{
  "id": "gen9championsvgc2026regma-2585532534",
  "format": "[Gen 9 Champions] VGC 2026 Reg M-A",
  "players": [
    "dawnistired",
    "Future Alice haver"
  ],
  "log": "|j|\u2606dawnistired\n|j|\u2606Future Alice haver\n|t:|1776353794\n|gametype|doubles\n|player|p1|dawnistired|dawn-gen4pt|1121\n|player|p2|Future Alice haver|kimonogirl|1118\n|gen|9\n|tier|[Gen 9 Champions] VGC 2026 Reg M-A\n|rated|\n|rule|Species Clause: Limit one of each Pok\u00e9mon\n|rule|Item Clause: Limit 1 of each item\n|clearpoke\n|poke|p1|Kangaskhan, L50, F|\n|poke|p1|Incineroar, L50, F|\n|poke|p1|Sinistcha, L50|\n|poke|p1|Volcarona, L50, F|\n|poke|p1|Kommo-o, L50, F|\n|poke|p1|Milotic, L50, F|\n|poke|p2|Charizard, L50, M|\n|poke|p2|Venusaur, L50, M|\n|poke|p2|Orthworm, L50, M|\n|poke|p2|Garchomp, L50, M|\n|poke|p2|Maushold, L50|\n|poke|p2|Milotic, L50, M|\n|teampreview|4\n|inactive|Battle timer is ON: inactive players will automatically lose when time's up. (requested by dawnistired)\n|inactive|Future Alice haver has 60 seconds left.\n|\n|t:|1776353845\n|teamsize|p1|4\n|teamsize|p2|4\n|start\n|switch|p1a: Kommo-o|Kommo-o, L50, F|100/100\n|switch|p1b: Volcarona|Volcarona, L50, F, shiny|100/100\n|switch|p2a: Charizard|Charizard, L50, M|100/100\n|switch|p2b: Milotic|Milotic, L50, M|100/100\n|turn|1\n|\n|t:|1776353867\n|detailschange|p2a: Charizard|Charizard-Mega-Y, L50, M\n|-mega|p2a: Charizard|Charizard|Charizardite Y\n|-weather|SunnyDay|[from] ability: Drought|[of] p2a: Charizard\n|move|p1b: Volcarona|Rage Powder|p1b: Volcarona\n|-singleturn|p1b: Volcarona|move: Rage Powder\n|move|p2a: Charizard|Overheat|p1b: Volcarona\n|-damage|p1b: Volcarona|0 fnt\n|-unboost|p2a: Charizard|spa|2\n|faint|p1b: Volcarona\n|move|p1a: Kommo-o|Clangorous Soul|p1a: Kommo-o\n|-boost|p1a: Kommo-o|atk|1\n|-boost|p1a: Kommo-o|def|1\n|-boost|p1a: Kommo-o|spa|1\n|-boost|p1a: Kommo-o|spd|1\n|-boost|p1a: Kommo-o|spe|1\n|-damage|p1a: Kommo-o|68/100\n|move|p2b: Milotic|Icy Wind|p1a: Kommo-o\n|-supereffective|p1a: Kommo-o|1\n|-damage|p1a: Kommo-o|44/100\n|-unboost|p1a: Kommo-o|spe|1\n|\n|-weather|SunnyDay|[upkeep]\n|-heal|p1a: Kommo-o|50/100|[from] item: Leftovers\n|upkeep\n|\n|t:|1776353883\n|switch|p1b: Kangaskhan|Kangaskhan, L50, F, shiny|100/100\n|turn|2\n|\n|t:|1776353896\n|switch|p2a: Garchomp|Garchomp, L50, M|100/100\n|detailschange|p1b: Kangaskhan|Kangaskhan-Mega, L50, F, shiny\n|-mega|p1b: Kangaskhan|Kangaskhan|Kangaskhanite\n|move|p1b: Kangaskhan|Fake Out|p2a: Garchomp\n|-damage|p2a: Garchomp|78/100\n|-damage|p1b: Kangaskhan|88/100|[from] ability: Rough Skin|[of] p2a: Garchomp\n|-damage|p2a: Garchomp|73/100\n|-damage|p1b: Kangaskhan|76/100|[from] ability: Rough Skin|[of] p2a: Garchomp\n|-hitcount|p2a: Garchomp|2\n|move|p1a: Kommo-o|Clanging Scales|p2a: Garchomp|[spread] p2a,p2b\n|-supereffective|p2a: Garchomp|1\n|-damage|p2a: Garchomp|0 fnt\n|-damage|p2b: Milotic|60/100\n|faint|p2a: Garchomp\n|-unboost|p1a: Kommo-o|def|1\n|move|p2b: Milotic|Icy Wind|p1b: Kangaskhan|[spread] p1b\n|-miss|p2b: Milotic|p1a: Kommo-o\n|-crit|p1b: Kangaskhan\n|-damage|p1b: Kangaskhan|60/100\n|-unboost|p1b: Kangaskhan|spe|1\n|\n|-weather|SunnyDay|[upkeep]\n|-heal|p1a: Kommo-o|56/100|[from] item: Leftovers\n|upkeep\n|inactive|Future Alice haver has 30 seconds left.\n|inactive|Future Alice haver has 20 seconds left.\n|\n|t:|1776353936\n|switch|p2a: Charizard|Charizard-Mega-Y, L50, M|100/100\n|turn|3\n|\n|t:|1776353948\n|move|p1a: Kommo-o|Protect|p1a: Kommo-o\n|-singleturn|p1a: Kommo-o|Protect\n|move|p2a: Charizard|Heat Wave|p1b: Kangaskhan|[spread] p1b\n|-activate|p1a: Kommo-o|move: Protect\n|-damage|p1b: Kangaskhan|2/100\n|move|p2b: Milotic|Icy Wind|p1b: Kangaskhan|[spread] p1b\n|-activate|p1a: Kommo-o|move: Protect\n|-damage|p1b: Kangaskhan|0 fnt\n|faint|p1b: Kangaskhan\n|\n|-weather|SunnyDay|[upkeep]\n|-heal|p1a: Kommo-o|63/100|[from] item: Leftovers\n|upkeep\n|\n|t:|1776353957\n|switch|p1b: Sinistcha|Sinistcha, L50|100/100\n|-heal|p1a: Kommo-o|87/100|[from] ability: Hospitality|[of] p1b: Sinistcha\n|turn|4\n|\n|t:|1776353968\n|move|p2a: Charizard|Heat Wave|p1a: Kommo-o|[spread] p1a,p1b\n|-resisted|p1a: Kommo-o|1\n|-supereffective|p1b: Sinistcha|1\n|-damage|p1a: Kommo-o|67/100\n|-damage|p1b: Sinistcha|0 fnt\n|-status|p1a: Kommo-o|brn\n|faint|p1b: Sinistcha\n|move|p1a: Kommo-o|Clanging Scales|p2a: Charizard|[spread] p2a,p2b\n|-damage|p2a: Charizard|53/100\n|-damage|p2b: Milotic|22/100\n|-unboost|p1a: Kommo-o|def|1\n|move|p2b: Milotic|Icy Wind|p1a: Kommo-o\n|-supereffective|p1a: Kommo-o|1\n|-damage|p1a: Kommo-o|45/100 brn\n|-unboost|p1a: Kommo-o|spe|1\n|\n|-weather|SunnyDay|[upkeep]\n|-heal|p1a: Kommo-o|51/100 brn|[from] item: Leftovers\n|-damage|p1a: Kommo-o|45/100 brn|[from] brn\n|upkeep\n|turn|5\n|\n|t:|1776353977\n|move|p2a: Charizard|Heat Wave|p1a: Kommo-o\n|-resisted|p1a: Kommo-o|1\n|-damage|p1a: Kommo-o|18/100 brn\n|move|p2b: Milotic|Ice Beam|p1a: Kommo-o\n|-supereffective|p1a: Kommo-o|1\n|-damage|p1a: Kommo-o|0 fnt\n|faint|p1a: Kommo-o\n|\n|win|Future Alice haver\n|raw|dawnistired's rating: 1121 &rarr; <strong>1096</strong><br />(-25 for losing)\n|raw|Future Alice haver's rating: 1118 &rarr; <strong>1143</strong><br />(+25 for winning)\n|l|\u2606dawnistired\n|player|p1|\n",
  "uploadtime": 1776353980,
  "views": 35,
  "formatid": "gen9championsvgc2026regma",
  "rating": 1096,
  "private": 0,
  "password": null
}