{
  "id": "gen9championsvgc2026regma-2586422109",
  "format": "[Gen 9 Champions] VGC 2026 Reg M-A",
  "players": [
    "Zen077",
    "KogaAF1219"
  ],
  "log": "|j|\u2606Zen077\n|j|\u2606KogaAF1219\n|t:|1776433565\n|gametype|doubles\n|player|p1|Zen077|170|1469\n|player|p2|KogaAF1219|koga|1398\n|gen|9\n|tier|[Gen 9 Champions] VGC 2026 Reg M-A\n|rated|\n|rule|Species Clause: Limit one of each Pok\u00e9mon\n|rule|Item Clause: Limit 1 of each item\n|clearpoke\n|poke|p1|Meganium, L50, F|\n|poke|p1|Kingambit, L50, M|\n|poke|p1|Pelipper, L50, M|\n|poke|p1|Sneasler, L50, M|\n|poke|p1|Sableye, L50, F|\n|poke|p1|Basculegion, L50, M|\n|poke|p2|Torkoal, L50, M|\n|poke|p2|Venusaur, L50, F|\n|poke|p2|Incineroar, L50, M|\n|poke|p2|Farigiraf, L50, F|\n|poke|p2|Rotom-Fan, L50|\n|poke|p2|Excadrill, L50, F|\n|teampreview|4\n|\n|t:|1776433600\n|teamsize|p1|4\n|teamsize|p2|4\n|start\n|switch|p1a: Kingambit|Kingambit, L50, M|100/100\n|switch|p1b: Sneasler|Sneasler, L50, M|100/100\n|switch|p2a: Rotom|Rotom-Fan, L50|100/100\n|switch|p2b: Excadrill|Excadrill, L50, F|100/100\n|-ability|p2b: Excadrill|Mold Breaker\n|turn|1\n|inactive|Battle timer is ON: inactive players will automatically lose when time's up. (requested by Zen077)\n|\n|t:|1776433628\n|move|p2b: Excadrill|Protect|p2b: Excadrill\n|-singleturn|p2b: Excadrill|Protect\n|move|p1b: Sneasler|Fake Out|p2b: Excadrill\n|-activate|p2b: Excadrill|move: Protect\n|move|p2a: Rotom|Discharge|p1b: Sneasler|[spread] p1a,p1b\n|-activate|p2b: Excadrill|move: Protect\n|-damage|p1a: Kingambit|80/100\n|-damage|p1b: Sneasler|69/100\n|-status|p1b: Sneasler|par\n|move|p1a: Kingambit|Kowtow Cleave|p2a: Rotom\n|-damage|p2a: Rotom|45/100\n|\n|upkeep\n|turn|2\n|inactive|Zen077 has 30 seconds left.\n|\n|t:|1776433654\n|move|p1a: Kingambit|Sucker Punch|p2a: Rotom\n|-damage|p2a: Rotom|0 fnt\n|faint|p2a: Rotom\n|move|p2b: Excadrill|Earthquake|p1a: Kingambit|[spread] p1a,p1b\n|-supereffective|p1a: Kingambit|1\n|-supereffective|p1b: Sneasler|1\n|-damage|p1a: Kingambit|21/100\n|-damage|p1b: Sneasler|0 fnt\n|faint|p1b: Sneasler\n|\n|upkeep\n|inactive|Zen077 has 30 seconds left.\n|\n|t:|1776433681\n|switch|p1b: Meganium|Meganium, L50, F|100/100\n|switch|p2a: Venusaur|Venusaur, L50, F|100/100\n|turn|3\n|inactive|Zen077 has 30 seconds left.\n|\n|t:|1776433715\n|switch|p1a: Pelipper|Pelipper, L50, M|100/100\n|-weather|RainDance|[from] ability: Drizzle|[of] p1a: Pelipper\n|detailschange|p2a: Venusaur|Venusaur-Mega, L50, F\n|-mega|p2a: Venusaur|Venusaur|Venusaurite\n|move|p1b: Meganium|Protect|p1b: Meganium\n|-singleturn|p1b: Meganium|Protect\n|move|p2b: Excadrill|High Horsepower|p1a: Pelipper\n|-immune|p1a: Pelipper\n|move|p2a: Venusaur|Sludge Bomb|p1b: Meganium\n|-activate|p1b: Meganium|move: Protect\n|\n|-weather|RainDance|[upkeep]\n|upkeep\n|turn|4\n|inactive|Zen077 has 30 seconds left.\n|inactive|Zen077 has 20 seconds left.\n|inactive|Zen077 has 15 seconds left.\n|\n|t:|1776433757\n|switch|p1b: Kingambit|Kingambit, L50, M|21/100\n|move|p2b: Excadrill|Rock Slide|p1b: Kingambit|[spread] p1a,p1b\n|-supereffective|p1a: Pelipper|1\n|-resisted|p1b: Kingambit|1\n|-damage|p1a: Pelipper|45/100\n|-damage|p1b: Kingambit|15/100\n|move|p2a: Venusaur|Giga Drain|p1a: Pelipper\n|-damage|p1a: Pelipper|0 fnt\n|faint|p1a: Pelipper\n|\n|-weather|RainDance|[upkeep]\n|upkeep\n|\n|t:|1776433767\n|switch|p1a: Meganium|Meganium, L50, F|100/100\n|turn|5\n|\n|t:|1776433782\n|detailschange|p1a: Meganium|Meganium-Mega, L50, F\n|-mega|p1a: Meganium|Meganium|Meganiumite\n|move|p2a: Venusaur|Protect|p2a: Venusaur\n|-singleturn|p2a: Venusaur|Protect\n|move|p1b: Kingambit|Sucker Punch|p2b: Excadrill\n|-damage|p2b: Excadrill|45/100\n|move|p2b: Excadrill|Earthquake|p1b: Kingambit|[spread] p1a,p1b\n|-activate|p2a: Venusaur|move: Protect\n|-resisted|p1a: Meganium|1\n|-supereffective|p1b: Kingambit|1\n|-damage|p1a: Meganium|83/100\n|-damage|p1b: Kingambit|0 fnt\n|faint|p1b: Kingambit\n|move|p1a: Meganium|Weather Ball|p2a: Venusaur\n|-activate|p2a: Venusaur|move: Protect\n|\n|-weather|RainDance|[upkeep]\n|upkeep\n|turn|6\n|\n|t:|1776433795\n|move|p2b: Excadrill|High Horsepower|p1a: Meganium\n|-resisted|p1a: Meganium|1\n|-damage|p1a: Meganium|62/100\n|move|p2a: Venusaur|Sludge Bomb|p1a: Meganium\n|-supereffective|p1a: Meganium|2\n|-damage|p1a: Meganium|0 fnt\n|faint|p1a: Meganium\n|\n|win|KogaAF1219\n|raw|Zen077's rating: 1469 &rarr; <strong>1445</strong><br />(-24 for losing)\n|raw|KogaAF1219's rating: 1398 &rarr; <strong>1422</strong><br />(+24 for winning)\n",
  "uploadtime": 1776433801,
  "views": 47,
  "formatid": "gen9championsvgc2026regma",
  "rating": 1422,
  "private": 0,
  "password": null
}