{
  "id": "gen9championsvgc2026regma-2582078067",
  "format": "[Gen 9 Champions] VGC 2026 Reg M-A",
  "players": [
    "Bigmanbattle",
    "lazerlikessyrup"
  ],
  "log": "|j|\u2606Bigmanbattle\n|j|\u2606lazerlikessyrup\n|t:|1776055117\n|gametype|doubles\n|player|p1|Bigmanbattle|crasherwake|\n|player|p2|lazerlikessyrup|101|\n|gen|9\n|tier|[Gen 9 Champions] VGC 2026 Reg M-A\n|rule|Species Clause: Limit one of each Pok\u00e9mon\n|rule|Item Clause: Limit 1 of each item\n|clearpoke\n|poke|p1|Greninja-*, L50, M|\n|poke|p1|Aegislash, L50, M|\n|poke|p1|Sneasler, L50, F|\n|poke|p1|Garchomp, L50, M|\n|poke|p1|Talonflame, L50, M|\n|poke|p1|Ninetales-Alola, L50, F|\n|poke|p2|Hatterene, L50, F|\n|poke|p2|Farigiraf, L50, M|\n|poke|p2|Crabominable, L50, M|\n|poke|p2|Alcremie, L50, F|\n|poke|p2|Torkoal, L50, M|\n|poke|p2|Kingambit, L50, M|\n|teampreview|4\n|inactive|Battle timer is ON: inactive players will automatically lose when time's up. (requested by lazerlikessyrup)\n|\n|t:|1776055160\n|teamsize|p1|4\n|teamsize|p2|4\n|start\n|switch|p1a: Sneasler|Sneasler, L50, F|100/100\n|switch|p1b: Aegislash|Aegislash, L50, M|100/100\n|switch|p2a: Farigiraf|Farigiraf, L50, M|100/100\n|switch|p2b: Crabominable|Crabominable, L50, M|100/100\n|turn|1\n|\n|t:|1776055183\n|detailschange|p2b: Crabominable|Crabominable-Mega, L50, M\n|-mega|p2b: Crabominable|Crabominable|Crabominite\n|move|p2b: Crabominable|Protect|p2b: Crabominable\n|-singleturn|p2b: Crabominable|Protect\n|move|p1a: Sneasler|Fake Out||[still]\n|cant|p2a: Farigiraf|ability: Armor Tail|Fake Out|[of] p1a: Sneasler\n|move|p1b: Aegislash|Swords Dance|p1b: Aegislash\n|-boost|p1b: Aegislash|atk|2\n|move|p2a: Farigiraf|Trick Room|p2a: Farigiraf\n|-fieldstart|move: Trick Room|[of] p2a: Farigiraf\n|\n|upkeep\n|turn|2\n|\n|t:|1776055207\n|move|p2b: Crabominable|Ice Punch|p1b: Aegislash\n|-resisted|p1b: Aegislash|1\n|-damage|p1b: Aegislash|75/100\n|move|p2a: Farigiraf|Expanding Force|p1a: Sneasler\n|-supereffective|p1a: Sneasler|2\n|-enditem|p1a: Sneasler|Focus Sash\n|-damage|p1a: Sneasler|1/100\n|-formechange|p1b: Aegislash|Aegislash-Blade|\n|move|p1b: Aegislash|Sacred Sword|p2b: Crabominable\n|-supereffective|p2b: Crabominable|1\n|-damage|p2b: Crabominable|4/100\n|move|p1a: Sneasler|Close Combat|p2b: Crabominable\n|-supereffective|p2b: Crabominable|1\n|-damage|p2b: Crabominable|0 fnt\n|-unboost|p1a: Sneasler|def|1\n|-unboost|p1a: Sneasler|spd|1\n|faint|p2b: Crabominable\n|\n|upkeep\n|\n|t:|1776055223\n|switch|p2b: Torkoal|Torkoal, L50, M|100/100\n|-weather|SunnyDay|[from] ability: Drought|[of] p2b: Torkoal\n|turn|3\n|\n|t:|1776055232\n|switch|p1a: Greninja|Greninja, L50, M, shiny|100/100\n|-formechange|p1b: Aegislash|Aegislash|\n|move|p1b: Aegislash|King's Shield|p1b: Aegislash\n|-singleturn|p1b: Aegislash|Protect\n|move|p2b: Torkoal|Eruption|p1b: Aegislash|[spread] p1a\n|-activate|p1b: Aegislash|move: Protect\n|-resisted|p1a: Greninja|1\n|-crit|p1a: Greninja\n|-damage|p1a: Greninja|0 fnt\n|faint|p1a: Greninja\n|move|p2a: Farigiraf|Hyper Voice|p1b: Aegislash\n|-activate|p1b: Aegislash|move: Protect\n|\n|-weather|SunnyDay|[upkeep]\n|upkeep\n|\n|t:|1776055246\n|switch|p1a: Garchomp|Garchomp, L50, M|100/100\n|turn|4\n|\n|t:|1776055259\n|move|p2b: Torkoal|Eruption|p1b: Aegislash|[spread] p1a,p1b\n|-resisted|p1a: Garchomp|1\n|-supereffective|p1b: Aegislash|1\n|-damage|p1a: Garchomp|55/100\n|-damage|p1b: Aegislash|0 fnt\n|faint|p1b: Aegislash\n|move|p2a: Farigiraf|Expanding Force|p1a: Garchomp\n|-damage|p1a: Garchomp|8/100\n|move|p1a: Garchomp|Earthquake|p2a: Farigiraf|[spread] p2a,p2b\n|-supereffective|p2b: Torkoal|1\n|-damage|p2a: Farigiraf|60/100\n|-damage|p2b: Torkoal|43/100\n|\n|-weather|SunnyDay|[upkeep]\n|upkeep\n|\n|t:|1776055272\n|switch|p1b: Sneasler|Sneasler, L50, F|1/100\n|turn|5\n|\n|t:|1776055280\n|move|p2b: Torkoal|Protect|p2b: Torkoal\n|-singleturn|p2b: Torkoal|Protect\n|move|p1a: Garchomp|Protect|p1a: Garchomp\n|-singleturn|p1a: Garchomp|Protect\n|move|p1b: Sneasler|Protect|p1b: Sneasler\n|-singleturn|p1b: Sneasler|Protect\n|move|p2a: Farigiraf|Hyper Voice|p1a: Garchomp|[spread] \n|-activate|p1a: Garchomp|move: Protect\n|-activate|p1b: Sneasler|move: Protect\n|\n|-weather|SunnyDay|[upkeep]\n|-fieldend|move: Trick Room\n|upkeep\n|turn|6\n|\n|t:|1776055296\n|move|p1b: Sneasler|Dire Claw|p2a: Farigiraf\n|-damage|p2a: Farigiraf|18/100\n|move|p1a: Garchomp|Rock Slide|p2a: Farigiraf|[spread] p2a,p2b\n|-supereffective|p2b: Torkoal|1\n|-damage|p2a: Farigiraf|0 fnt\n|-damage|p2b: Torkoal|13/100\n|faint|p2a: Farigiraf\n|cant|p2b: Torkoal|flinch\n|\n|-weather|SunnyDay|[upkeep]\n|upkeep\n|\n|t:|1776055306\n|switch|p2a: Kingambit|Kingambit, L50, M|100/100\n|-activate|p2a: Kingambit|ability: Supreme Overlord\n|-start|p2a: Kingambit|fallen2|[silent]\n|turn|7\n|\n|t:|1776055318\n|move|p2a: Kingambit|Sucker Punch|p1b: Sneasler\n|-resisted|p1b: Sneasler|1\n|-damage|p1b: Sneasler|0 fnt\n|faint|p1b: Sneasler\n|move|p1a: Garchomp|Earthquake|p2a: Kingambit|[spread] p2a,p2b\n|-supereffective|p2a: Kingambit|1\n|-supereffective|p2b: Torkoal|1\n|-damage|p2a: Kingambit|43/100\n|-damage|p2b: Torkoal|0 fnt\n|faint|p2b: Torkoal\n|\n|-weather|none\n|upkeep\n|turn|8\n|\n|t:|1776055331\n|move|p2a: Kingambit|Sucker Punch|p1a: Garchomp\n|-damage|p1a: Garchomp|0 fnt\n|-damage|p2a: Kingambit|30/100|[from] ability: Rough Skin|[of] p1a: Garchomp\n|faint|p1a: Garchomp\n|\n|win|lazerlikessyrup\n",
  "uploadtime": 1776055338,
  "views": 21,
  "formatid": "gen9championsvgc2026regma",
  "rating": null,
  "private": 0,
  "password": null
}