{
  "id": "gen9championsvgc2026regma-2586331415",
  "format": "[Gen 9 Champions] VGC 2026 Reg M-A",
  "players": [
    "SimMikaze",
    "hugaario"
  ],
  "log": "|j|\u2606SimMikaze\n|j|\u2606hugaario\n|t:|1776426037\n|gametype|doubles\n|player|p1|SimMikaze|miku-ghost|1310\n|player|p2|hugaario|lucas-gen4pt|1381\n|gen|9\n|tier|[Gen 9 Champions] VGC 2026 Reg M-A\n|rated|\n|rule|Species Clause: Limit one of each Pok\u00e9mon\n|rule|Item Clause: Limit 1 of each item\n|clearpoke\n|poke|p1|Delphox, L50, F|\n|poke|p1|Garchomp, L50, F|\n|poke|p1|Kingambit, L50, M|\n|poke|p1|Sneasler, L50, F|\n|poke|p1|Clefable, L50, F|\n|poke|p1|Basculegion, L50, M|\n|poke|p2|Crabominable, L50, F|\n|poke|p2|Chandelure, L50, F|\n|poke|p2|Slowking, L50, F|\n|poke|p2|Farigiraf, L50, M|\n|poke|p2|Torkoal, L50, M|\n|poke|p2|Gengar, L50, F|\n|teampreview|4\n|inactive|Battle timer is ON: inactive players will automatically lose when time's up. (requested by hugaario)\n|\n|t:|1776426080\n|teamsize|p1|4\n|teamsize|p2|4\n|start\n|switch|p1a: Kingambit|Kingambit, L50, M|100/100\n|switch|p1b: Basculegion|Basculegion, L50, M|100/100\n|switch|p2a: Slowking|Slowking, L50, F|100/100\n|switch|p2b: Gengar|Gengar, L50, F|100/100\n|turn|1\n|\n|t:|1776426102\n|move|p1b: Basculegion|Flip Turn|p2a: Slowking\n|-resisted|p2a: Slowking|1\n|-damage|p2a: Slowking|86/100\n|\n|t:|1776426106\n|switch|p1b: Clefable|Clefable, L50, F|100/100|[from] Flip Turn\n|move|p2b: Gengar|Will-O-Wisp|p1a: Kingambit\n|-status|p1a: Kingambit|brn\n|move|p1a: Kingambit|Kowtow Cleave|p2a: Slowking\n|-supereffective|p2a: Slowking|1\n|-enditem|p2a: Slowking|Colbur Berry|[eat]\n|-enditem|p2a: Slowking|Colbur Berry|[weaken]\n|-damage|p2a: Slowking|62/100\n|move|p2a: Slowking|Trick Room|p2a: Slowking\n|-fieldstart|move: Trick Room|[of] p2a: Slowking\n|\n|-damage|p1a: Kingambit|95/100 brn|[from] brn\n|upkeep\n|turn|2\n|\n|t:|1776426127\n|move|p1b: Clefable|Helping Hand|p1a: Kingambit\n|-singleturn|p1a: Kingambit|Helping Hand|[of] p1b: Clefable\n|-prepare|p2a: Slowking|Chilly Reception|[premajor]\n|move|p2a: Slowking|Chilly Reception|p2a: Slowking\n|-weather|Snowscape\n|\n|t:|1776426132\n|switch|p2a: Torkoal|Torkoal, L50, M|100/100|[from] Chilly Reception\n|-weather|SunnyDay|[from] ability: Drought|[of] p2a: Torkoal\n|move|p1a: Kingambit|Kowtow Cleave|p2b: Gengar\n|-supereffective|p2b: Gengar|1\n|-enditem|p2b: Gengar|Focus Sash\n|-damage|p2b: Gengar|1/100\n|move|p2b: Gengar|Shadow Ball|p1b: Clefable\n|-damage|p1b: Clefable|60/100\n|\n|-weather|SunnyDay|[upkeep]\n|-damage|p1a: Kingambit|89/100 brn|[from] brn\n|upkeep\n|turn|3\n|\n|t:|1776426142\n|switch|p2b: Chandelure|Chandelure, L50, F|100/100\n|move|p1b: Clefable|Protect|p1b: Clefable\n|-singleturn|p1b: Clefable|Protect\n|move|p1a: Kingambit|Sucker Punch||[still]\n|-fail|p1a: Kingambit\n|move|p2a: Torkoal|Eruption|p1b: Clefable|[spread] p1a\n|-activate|p1b: Clefable|move: Protect\n|-supereffective|p1a: Kingambit|1\n|-damage|p1a: Kingambit|0 fnt\n|faint|p1a: Kingambit\n|\n|-weather|SunnyDay|[upkeep]\n|upkeep\n|\n|t:|1776426162\n|switch|p1a: Basculegion|Basculegion, L50, M|100/100\n|turn|4\n|\n|t:|1776426170\n|detailschange|p2b: Chandelure|Chandelure-Mega, L50, F\n|-mega|p2b: Chandelure|Chandelure|Chandelurite\n|move|p1b: Clefable|Helping Hand|p1a: Basculegion\n|-singleturn|p1a: Basculegion|Helping Hand|[of] p1b: Clefable\n|move|p1a: Basculegion|Aqua Jet|p2a: Torkoal\n|-supereffective|p2a: Torkoal|1\n|-damage|p2a: Torkoal|69/100\n|move|p2a: Torkoal|Eruption|p1a: Basculegion|[spread] p1a,p1b\n|-resisted|p1a: Basculegion|1\n|-crit|p1a: Basculegion\n|-damage|p1a: Basculegion|46/100\n|-damage|p1b: Clefable|0 fnt\n|faint|p1b: Clefable\n|move|p2b: Chandelure|Shadow Ball|p1a: Basculegion\n|-supereffective|p1a: Basculegion|1\n|-damage|p1a: Basculegion|0 fnt\n|faint|p1a: Basculegion\n|\n|-weather|SunnyDay|[upkeep]\n|upkeep\n|\n|t:|1776426180\n|switch|p1b: Delphox|Delphox, L50, F|100/100\n|turn|5\n|\n|t:|1776426186\n|move|p1b: Delphox|Protect|p1b: Delphox\n|-singleturn|p1b: Delphox|Protect\n|move|p2a: Torkoal|Eruption|p1b: Delphox\n|-activate|p1b: Delphox|move: Protect\n|move|p2b: Chandelure|Shadow Ball|p1b: Delphox\n|-activate|p1b: Delphox|move: Protect\n|\n|-weather|SunnyDay|[upkeep]\n|-fieldend|move: Trick Room\n|upkeep\n|turn|6\n|\n|t:|1776426190\n|detailschange|p1b: Delphox|Delphox-Mega, L50, F\n|-mega|p1b: Delphox|Delphox|Delphoxite\n|move|p1b: Delphox|Heat Wave|p2b: Chandelure|[spread] p2a,p2b\n|-resisted|p2a: Torkoal|1\n|-resisted|p2b: Chandelure|1\n|-damage|p2a: Torkoal|23/100\n|-damage|p2b: Chandelure|70/100\n|move|p2b: Chandelure|Shadow Ball|p1b: Delphox\n|-supereffective|p1b: Delphox|1\n|-damage|p1b: Delphox|0 fnt\n|faint|p1b: Delphox\n|\n|win|hugaario\n|raw|SimMikaze's rating: 1310 &rarr; <strong>1294</strong><br />(-16 for losing)\n|raw|hugaario's rating: 1381 &rarr; <strong>1397</strong><br />(+16 for winning)\n|l|\u2606hugaario\n|player|p2|\n",
  "uploadtime": 1776426194,
  "views": 39,
  "formatid": "gen9championsvgc2026regma",
  "rating": 1294,
  "private": 0,
  "password": null
}