{
  "id": "gen9championsvgc2026regma-2585272654",
  "format": "[Gen 9 Champions] VGC 2026 Reg M-A",
  "players": [
    "ULTRAVIOLET583",
    "Sharkhy_"
  ],
  "log": "|j|\u2606ULTRAVIOLET583\n|j|\u2606Sharkhy_\n|t:|1776332445\n|gametype|doubles\n|player|p1|ULTRAVIOLET583|2|1165\n|player|p2|Sharkhy_|170|1124\n|gen|9\n|tier|[Gen 9 Champions] VGC 2026 Reg M-A\n|rated|\n|rule|Species Clause: Limit one of each Pok\u00e9mon\n|rule|Item Clause: Limit 1 of each item\n|clearpoke\n|poke|p1|Pelipper, L50, F|\n|poke|p1|Sneasler, L50, M|\n|poke|p1|Meganium, L50, M|\n|poke|p1|Zoroark-Hisui, L50, M|\n|poke|p1|Basculegion, L50, M|\n|poke|p1|Archaludon, L50, M|\n|poke|p2|Charizard, L50, F|\n|poke|p2|Maushold-Four, L50|\n|poke|p2|Sneasler, L50, M|\n|poke|p2|Dragapult, L50, M|\n|poke|p2|Kingambit, L50, M|\n|poke|p2|Garchomp, L50, F|\n|teampreview|4\n|inactive|Battle timer is ON: inactive players will automatically lose when time's up. (requested by Sharkhy_)\n|\n|t:|1776332494\n|teamsize|p1|4\n|teamsize|p2|4\n|start\n|switch|p1a: Sneasler|Sneasler, L50, M|100/100\n|switch|p1b: Pelipper|Pelipper, L50, F|100/100\n|switch|p2a: Sneasler|Sneasler, L50, M|100/100\n|switch|p2b: Garchomp|Garchomp, L50, F|100/100\n|-weather|RainDance|[from] ability: Drizzle|[of] p1b: Pelipper\n|turn|1\n|\n|t:|1776332515\n|move|p2a: Sneasler|Fake Out|p1a: Sneasler\n|-damage|p1a: Sneasler|74/100\n|cant|p1a: Sneasler|flinch\n|move|p2b: Garchomp|Rock Slide|p1a: Sneasler|[spread] p1a,p1b\n|-resisted|p1a: Sneasler|1\n|-supereffective|p1b: Pelipper|1\n|-damage|p1a: Sneasler|57/100\n|-damage|p1b: Pelipper|57/100\n|move|p1b: Pelipper|Tailwind|p1b: Pelipper\n|-sidestart|p1: ULTRAVIOLET583|move: Tailwind\n|\n|-weather|RainDance|[upkeep]\n|upkeep\n|turn|2\n|inactive|ULTRAVIOLET583 has 30 seconds left.\n|inactive|Sharkhy_ has 30 seconds left.\n|inactive|ULTRAVIOLET583 has 20 seconds left.\n|inactive|ULTRAVIOLET583 has 15 seconds left.\n|inactive|ULTRAVIOLET583 has 10 seconds left.\n|inactive|ULTRAVIOLET583 has 5 seconds left.\n|\n|t:|1776332571\n|switch|p2a: Maushold|Maushold-Four, L50|100/100\n|move|p1a: Sneasler|Fake Out||[still]\n|-hint|Fake Out only works on your first turn out.\n|-fail|p1a: Sneasler\n|move|p2b: Garchomp|Rock Slide|p1a: Sneasler|[spread] p1a\n|-miss|p2b: Garchomp|p1b: Pelipper\n|-resisted|p1a: Sneasler|1\n|-damage|p1a: Sneasler|39/100\n|move|p1b: Pelipper|Hurricane|p2a: Maushold\n|-damage|p2a: Maushold|40/100\n|\n|-weather|RainDance|[upkeep]\n|upkeep\n|turn|3\n|\n|t:|1776332586\n|move|p2a: Maushold|Protect|p2a: Maushold\n|-singleturn|p2a: Maushold|Protect\n|move|p1a: Sneasler|Close Combat|p2a: Maushold\n|-activate|p2a: Maushold|move: Protect\n|move|p2b: Garchomp|Rock Slide|p1a: Sneasler|[spread] p1b\n|-miss|p2b: Garchomp|p1a: Sneasler\n|-supereffective|p1b: Pelipper|1\n|-damage|p1b: Pelipper|14/100\n|-enditem|p1b: Pelipper|Sitrus Berry|[eat]\n|-heal|p1b: Pelipper|39/100|[from] item: Sitrus Berry\n|move|p1b: Pelipper|Weather Ball|p2b: Garchomp\n|-damage|p2b: Garchomp|42/100\n|\n|-weather|RainDance|[upkeep]\n|upkeep\n|turn|4\n|\n|t:|1776332610\n|move|p2a: Maushold|Follow Me|p2a: Maushold\n|-singleturn|p2a: Maushold|move: Follow Me\n|move|p1a: Sneasler|Close Combat|p2a: Maushold\n|-supereffective|p2a: Maushold|1\n|-enditem|p2a: Maushold|Chople Berry|[eat]\n|-enditem|p2a: Maushold|Chople Berry|[weaken]\n|-damage|p2a: Maushold|0 fnt\n|-unboost|p1a: Sneasler|def|1\n|-unboost|p1a: Sneasler|spd|1\n|faint|p2a: Maushold\n|-enditem|p1a: Sneasler|White Herb\n|-clearnegativeboost|p1a: Sneasler|[silent]\n|move|p2b: Garchomp|Rock Slide|p1a: Sneasler|[spread] p1a,p1b\n|-resisted|p1a: Sneasler|1\n|-supereffective|p1b: Pelipper|1\n|-damage|p1a: Sneasler|22/100\n|-damage|p1b: Pelipper|0 fnt\n|faint|p1b: Pelipper\n|\n|-weather|RainDance|[upkeep]\n|-sideend|p1: ULTRAVIOLET583|move: Tailwind\n|upkeep\n|\n|t:|1776332628\n|switch|p2a: Sneasler|Sneasler, L50, M|100/100\n|switch|p1b: Basculegion|Basculegion, L50, M|100/100\n|turn|5\n|\n|t:|1776332644\n|move|p2a: Sneasler|Fake Out|p1a: Sneasler\n|-damage|p1a: Sneasler|0 fnt\n|faint|p1a: Sneasler\n|move|p2b: Garchomp|Rock Slide|p1b: Basculegion\n|-damage|p1b: Basculegion|64/100\n|move|p1b: Basculegion|Wave Crash|p2a: Sneasler\n|-crit|p2a: Sneasler\n|-enditem|p2a: Sneasler|Focus Sash\n|-damage|p2a: Sneasler|1/100\n|-damage|p1b: Basculegion|38/100|[from] Recoil\n|\n|-weather|none\n|upkeep\n|\n|t:|1776332654\n|switch|p1a: Meganium|Meganium, L50, M|100/100\n|turn|6\n|\n|t:|1776332673\n|detailschange|p1a: Meganium|Meganium-Mega, L50, M\n|-mega|p1a: Meganium|Meganium|Meganiumite\n|move|p2a: Sneasler|Dire Claw|p1a: Meganium\n|-supereffective|p1a: Meganium|2\n|-damage|p1a: Meganium|0 fnt\n|faint|p1a: Meganium\n|move|p2b: Garchomp|Rock Slide|p1b: Basculegion\n|-damage|p1b: Basculegion|4/100\n|cant|p1b: Basculegion|flinch\n|\n|upkeep\n|turn|7\n|\n|t:|1776332688\n|move|p2a: Sneasler|Dire Claw|p1b: Basculegion\n|-resisted|p1b: Basculegion|1\n|-damage|p1b: Basculegion|0 fnt\n|faint|p1b: Basculegion\n|\n|win|Sharkhy_\n|raw|ULTRAVIOLET583's rating: 1165 &rarr; <strong>1137</strong><br />(-28 for losing)\n|raw|Sharkhy_'s rating: 1124 &rarr; <strong>1152</strong><br />(+28 for winning)\n",
  "uploadtime": 1776332693,
  "views": 31,
  "formatid": "gen9championsvgc2026regma",
  "rating": 1137,
  "private": 0,
  "password": null
}