{
  "id": "gen9championsvgc2026regma-2588895390",
  "format": "[Gen 9 Champions] VGC 2026 Reg M-A",
  "players": [
    "Spgdd",
    "JonnyDarkside12"
  ],
  "log": "|j|\u2606Spgdd\n|j|\u2606JonnyDarkside12\n|t:|1776683444\n|gametype|doubles\n|player|p1|Spgdd|miku-water|1137\n|player|p2|JonnyDarkside12|1|1057\n|gen|9\n|tier|[Gen 9 Champions] VGC 2026 Reg M-A\n|rated|\n|rule|Species Clause: Limit one of each Pok\u00e9mon\n|rule|Item Clause: Limit 1 of each item\n|clearpoke\n|poke|p1|Starmie, L50, shiny|\n|poke|p1|Meganium, L50, F, shiny|\n|poke|p1|Pelipper, L50, M, shiny|\n|poke|p1|Sableye, L50, M, shiny|\n|poke|p1|Garchomp, L50, M, shiny|\n|poke|p1|Archaludon, L50, M, shiny|\n|poke|p2|Palafin, L50, M|\n|poke|p2|Meganium, L50, F|\n|poke|p2|Kingambit, L50, M|\n|poke|p2|Aerodactyl, L50, F|\n|poke|p2|Pelipper, L50, M|\n|poke|p2|Sneasler, L50, M|\n|teampreview|4\n|inactive|Battle timer is ON: inactive players will automatically lose when time's up. (requested by Spgdd)\n|inactive|JonnyDarkside12 has 60 seconds left.\n|\n|t:|1776683485\n|teamsize|p1|4\n|teamsize|p2|4\n|start\n|switch|p1a: Sableye|Sableye, L50, M, shiny|100/100\n|switch|p1b: Starmie|Starmie, L50, shiny|100/100\n|switch|p2a: Sneasler|Sneasler, L50, M|100/100\n|switch|p2b: Aerodactyl|Aerodactyl, L50, F|100/100\n|-ability|p2b: Aerodactyl|Unnerve\n|turn|1\n|\n|t:|1776683504\n|move|p1b: Starmie|Protect|p1b: Starmie\n|-singleturn|p1b: Starmie|Protect\n|move|p2a: Sneasler|Fake Out|p1b: Starmie\n|-activate|p1b: Starmie|move: Protect\n|move|p1a: Sableye|Confuse Ray|p2b: Aerodactyl\n|-start|p2b: Aerodactyl|confusion\n|-activate|p2b: Aerodactyl|confusion\n|move|p2b: Aerodactyl|Taunt|p1a: Sableye\n|-start|p1a: Sableye|move: Taunt\n|\n|upkeep\n|turn|2\n|inactive|JonnyDarkside12 has 30 seconds left.\n|\n|t:|1776683536\n|switch|p2a: Meganium|Meganium, L50, F|100/100\n|switch|p1a: Archaludon|Archaludon, L50, M, shiny|100/100\n|detailschange|p1b: Starmie|Starmie-Mega, L50, shiny\n|-mega|p1b: Starmie|Starmie|Starminite\n|-activate|p2b: Aerodactyl|confusion\n|-damage|p2b: Aerodactyl|81/100|[from] confusion\n|move|p1b: Starmie|Liquidation|p2b: Aerodactyl\n|-supereffective|p2b: Aerodactyl|1\n|-damage|p2b: Aerodactyl|0 fnt\n|faint|p2b: Aerodactyl\n|\n|upkeep\n|\n|t:|1776683550\n|switch|p2b: Pelipper|Pelipper, L50, M|100/100\n|-weather|RainDance|[from] ability: Drizzle|[of] p2b: Pelipper\n|turn|3\n|inactive|JonnyDarkside12 has 30 seconds left.\n|\n|t:|1776683577\n|switch|p1a: Sableye|Sableye, L50, M, shiny|100/100\n|detailschange|p2a: Meganium|Meganium-Mega, L50, F\n|-mega|p2a: Meganium|Meganium|Meganiumite\n|move|p1b: Starmie|Self-Destruct|p2b: Pelipper|[spread] p2a,p2b\n|-immune|p1a: Sableye\n|-damage|p2a: Meganium|13/100\n|-damage|p2b: Pelipper|6/100\n|faint|p1b: Starmie\n|move|p2a: Meganium|Weather Ball|p1a: Sableye\n|-damage|p1a: Sableye|19/100\n|move|p2b: Pelipper|Hurricane|p1a: Sableye\n|-damage|p1a: Sableye|0 fnt\n|faint|p1a: Sableye\n|\n|-weather|RainDance|[upkeep]\n|upkeep\n|\n|t:|1776683596\n|switch|p1b: Meganium|Meganium, L50, F, shiny|100/100\n|switch|p1a: Archaludon|Archaludon, L50, M, shiny|100/100\n|turn|4\n|inactive|JonnyDarkside12 has 30 seconds left.\n|inactive|JonnyDarkside12 has 20 seconds left.\n|\n|t:|1776683632\n|move|p1b: Meganium|Dazzling Gleam|p2b: Pelipper|[spread] p2a,p2b\n|-damage|p2a: Meganium|0 fnt\n|-damage|p2b: Pelipper|0 fnt\n|faint|p2a: Meganium\n|faint|p2b: Pelipper\n|move|p1a: Archaludon|Electro Shot||[still]\n|-prepare|p1a: Archaludon|Electro Shot\n|-boost|p1a: Archaludon|spa|1\n|-anim|p1a: Archaludon|Electro Shot|p2: Meganium|[notarget]\n|-fail|p1a: Archaludon\n|\n|-weather|RainDance|[upkeep]\n|upkeep\n|\n|t:|1776683636\n|switch|p2a: Sneasler|Sneasler, L50, M|100/100\n|turn|5\n|\n|t:|1776683652\n|move|p2a: Sneasler|Dire Claw|p1b: Meganium\n|-supereffective|p1b: Meganium|1\n|-damage|p1b: Meganium|20/100\n|-status|p1b: Meganium|par\n|move|p1a: Archaludon|Electro Shot||[still]\n|-prepare|p1a: Archaludon|Electro Shot\n|-boost|p1a: Archaludon|spa|1\n|-anim|p1a: Archaludon|Electro Shot|p2a: Sneasler\n|-damage|p2a: Sneasler|0 fnt\n|faint|p2a: Sneasler\n|\n|win|Spgdd\n|raw|Spgdd's rating: 1137 &rarr; <strong>1156</strong><br />(+19 for winning)\n|raw|JonnyDarkside12's rating: 1057 &rarr; <strong>1043</strong><br />(-14 for losing)\n|l|\u2606JonnyDarkside12\n|player|p2|\n",
  "uploadtime": 1776683664,
  "views": 14,
  "formatid": "gen9championsvgc2026regma",
  "rating": 1043,
  "private": 0,
  "password": null
}