{
  "id": "gen9championsvgc2026regma-2586980800",
  "format": "[Gen 9 Champions] VGC 2026 Reg M-A",
  "players": [
    "alexit93",
    "huchuachua"
  ],
  "log": "|j|\u2606alexit93\n|j|\u2606huchuachua\n|t:|1776477903\n|gametype|doubles\n|player|p1|alexit93|lucas-gen4pt|1221\n|player|p2|huchuachua|101|1254\n|gen|9\n|tier|[Gen 9 Champions] VGC 2026 Reg M-A\n|rated|\n|rule|Species Clause: Limit one of each Pok\u00e9mon\n|rule|Item Clause: Limit 1 of each item\n|clearpoke\n|poke|p1|Torterra, L50, M|\n|poke|p1|Whimsicott, L50, F|\n|poke|p1|Milotic, L50, M|\n|poke|p1|Rampardos, L50, F|\n|poke|p1|Corviknight, L50, M|\n|poke|p1|Charizard, L50, M|\n|poke|p2|Kingambit, L50, F|\n|poke|p2|Gardevoir, L50, M|\n|poke|p2|Aerodactyl, L50, F|\n|poke|p2|Maushold, L50|\n|poke|p2|Incineroar, L50, M|\n|poke|p2|Sneasler, L50, M|\n|teampreview|4\n|\n|t:|1776477945\n|teamsize|p1|4\n|teamsize|p2|4\n|start\n|switch|p1a: Whimsicott|Whimsicott, L50, F|100/100\n|switch|p1b: Milotic|Milotic, L50, M|100/100\n|switch|p2a: Gardevoir|Gardevoir, L50, M|100/100\n|switch|p2b: Maushold|Maushold, L50|100/100\n|-ability|p2a: Gardevoir|Competitive|Trace|[from] ability: Trace|[of] p1b: Milotic\n|turn|1\n|\n|t:|1776477961\n|detailschange|p2a: Gardevoir|Gardevoir-Mega, L50, M\n|-mega|p2a: Gardevoir|Gardevoir|Gardevoirite\n|move|p1a: Whimsicott|Tailwind|p1a: Whimsicott\n|-sidestart|p1: alexit93|move: Tailwind\n|move|p1b: Milotic|Scald|p2b: Maushold\n|-damage|p2b: Maushold|57/100\n|move|p2b: Maushold|Super Fang|p1b: Milotic\n|-damage|p1b: Milotic|50/100\n|move|p2a: Gardevoir|Hyper Voice|p1b: Milotic|[spread] p1a,p1b\n|-damage|p1a: Whimsicott|15/100\n|-damage|p1b: Milotic|10/100\n|\n|-heal|p1b: Milotic|16/100|[from] item: Leftovers\n|upkeep\n|turn|2\n|\n|t:|1776477985\n|switch|p1a: Corviknight|Corviknight, L50, M|100/100\n|move|p1b: Milotic|Scald|p2b: Maushold\n|-damage|p2b: Maushold|16/100\n|-status|p2b: Maushold|brn\n|move|p2b: Maushold|Taunt|p1a: Corviknight\n|-start|p1a: Corviknight|move: Taunt\n|move|p2a: Gardevoir|Trick Room|p2a: Gardevoir\n|-fieldstart|move: Trick Room|[of] p2a: Gardevoir\n|\n|-heal|p1b: Milotic|22/100|[from] item: Leftovers\n|-damage|p2b: Maushold|10/100 brn|[from] brn\n|upkeep\n|turn|3\n|\n|t:|1776477999\n|move|p1b: Milotic|Protect|p1b: Milotic\n|-singleturn|p1b: Milotic|Protect\n|move|p2a: Gardevoir|Hyper Voice|p1b: Milotic|[spread] p1a\n|-activate|p1b: Milotic|move: Protect\n|-resisted|p1a: Corviknight|1\n|-damage|p1a: Corviknight|73/100\n|move|p2b: Maushold|Super Fang|p1a: Corviknight\n|-damage|p1a: Corviknight|37/100\n|move|p1a: Corviknight|Dual Wingbeat|p2a: Gardevoir\n|-damage|p2a: Gardevoir|83/100\n|-damage|p2a: Gardevoir|69/100\n|-hitcount|p2a: Gardevoir|2\n|\n|-heal|p1b: Milotic|29/100|[from] item: Leftovers\n|-damage|p2b: Maushold|4/100 brn|[from] brn\n|upkeep\n|turn|4\n|\n|t:|1776478015\n|switch|p1b: Whimsicott|Whimsicott, L50, F|15/100\n|move|p2b: Maushold|Follow Me|p2b: Maushold\n|-singleturn|p2b: Maushold|move: Follow Me\n|move|p2a: Gardevoir|Hyper Voice|p1a: Corviknight|[spread] p1a,p1b\n|-resisted|p1a: Corviknight|1\n|-damage|p1a: Corviknight|13/100\n|-damage|p1b: Whimsicott|0 fnt\n|faint|p1b: Whimsicott\n|move|p1a: Corviknight|Dual Wingbeat|p2b: Maushold|[miss]\n|-miss|p1a: Corviknight|p2b: Maushold\n|\n|-damage|p2b: Maushold|0 fnt|[from] brn\n|faint|p2b: Maushold\n|-end|p1a: Corviknight|move: Taunt\n|-sideend|p1: alexit93|move: Tailwind\n|upkeep\n|\n|t:|1776478034\n|switch|p2b: Incineroar|Incineroar, L50, M|100/100\n|switch|p1b: Milotic|Milotic, L50, M|29/100\n|-ability|p2b: Incineroar|Intimidate|boost\n|-ability|p1a: Corviknight|Mirror Armor\n|-unboost|p2b: Incineroar|atk|1\n|-unboost|p1b: Milotic|atk|1\n|-ability|p1b: Milotic|Competitive|boost\n|-boost|p1b: Milotic|spa|2\n|turn|5\n|\n|t:|1776478043\n|move|p1a: Corviknight|Protect|p1a: Corviknight\n|-singleturn|p1a: Corviknight|Protect\n|move|p1b: Milotic|Protect|p1b: Milotic\n|-singleturn|p1b: Milotic|Protect\n|move|p2b: Incineroar|Fake Out|p1b: Milotic\n|-activate|p1b: Milotic|move: Protect\n|move|p2a: Gardevoir|Hyper Voice|p1b: Milotic|[spread] \n|-activate|p1a: Corviknight|move: Protect\n|-activate|p1b: Milotic|move: Protect\n|\n|-heal|p1b: Milotic|35/100|[from] item: Leftovers\n|upkeep\n|turn|6\n|\n|t:|1776478058\n|move|p2b: Incineroar|Throat Chop|p1b: Milotic\n|-damage|p1b: Milotic|16/100\n|-start|p1b: Milotic|Throat Chop|[silent]\n|move|p1a: Corviknight|Dual Wingbeat|p2a: Gardevoir\n|-damage|p2a: Gardevoir|47/100\n|-damage|p2a: Gardevoir|26/100\n|-hitcount|p2a: Gardevoir|2\n|move|p1b: Milotic|Scald|p2a: Gardevoir\n|-damage|p2a: Gardevoir|0 fnt\n|faint|p2a: Gardevoir\n|\n|-heal|p1b: Milotic|22/100|[from] item: Leftovers\n|-fieldend|move: Trick Room\n|upkeep\n|\n|t:|1776478069\n|switch|p2a: Aerodactyl|Aerodactyl, L50, F|100/100\n|-ability|p2a: Aerodactyl|Pressure\n|turn|7\n|\n|t:|1776478085\n|move|p1b: Milotic|Protect|p1b: Milotic\n|-singleturn|p1b: Milotic|Protect\n|move|p2a: Aerodactyl|Rock Slide|p1b: Milotic|[spread] p1a\n|-activate|p1b: Milotic|move: Protect\n|-damage|p1a: Corviknight|0 fnt\n|faint|p1a: Corviknight\n|move|p2b: Incineroar|Throat Chop|p1b: Milotic\n|-activate|p1b: Milotic|move: Protect\n|\n|-heal|p1b: Milotic|28/100|[from] item: Leftovers\n|-end|p1b: Milotic|Throat Chop|[silent]\n|upkeep\n|\n|t:|1776478089\n|switch|p1a: Charizard|Charizard, L50, M|100/100\n|turn|8\n|\n|t:|1776478145\n|detailschange|p1a: Charizard|Charizard-Mega-X, L50, M\n|-mega|p1a: Charizard|Charizard|Charizardite X\n|move|p2a: Aerodactyl|Rock Slide|p1a: Charizard|[spread] p1a,p1b\n|-supereffective|p1a: Charizard|1\n|-damage|p1a: Charizard|42/100\n|-damage|p1b: Milotic|5/100\n|cant|p1a: Charizard|flinch\n|cant|p1b: Milotic|flinch\n|move|p2b: Incineroar|Throat Chop|p1b: Milotic\n|-damage|p1b: Milotic|0 fnt\n|faint|p1b: Milotic\n|\n|upkeep\n|turn|9\n|c|\u2606alexit93|wow\n|c|\u2606alexit93|insane luck\n|c|\u2606huchuachua|wow\n|\n|t:|1776478164\n|move|p2a: Aerodactyl|Rock Slide|p1a: Charizard\n|-supereffective|p1a: Charizard|1\n|-damage|p1a: Charizard|0 fnt\n|faint|p1a: Charizard\n|\n|win|huchuachua\n|raw|alexit93's rating: 1221 &rarr; <strong>1198</strong><br />(-23 for losing)\n|raw|huchuachua's rating: 1254 &rarr; <strong>1277</strong><br />(+23 for winning)\n|l|\u2606alexit93\n|player|p1|\n",
  "uploadtime": 1776478172,
  "views": 15,
  "formatid": "gen9championsvgc2026regma",
  "rating": 1198,
  "private": 0,
  "password": null
}