{
  "id": "gen9championsvgc2026regma-2582489840",
  "format": "[Gen 9 Champions] VGC 2026 Reg M-A",
  "players": [
    "Xeno101",
    "Ryno5311"
  ],
  "log": "|j|\u2606Xeno101\n|j|\u2606Ryno5311\n|t:|1776094998\n|gametype|doubles\n|player|p1|Xeno101|n-masters|1060\n|player|p2|Ryno5311|lacey|1000\n|gen|9\n|tier|[Gen 9 Champions] VGC 2026 Reg M-A\n|rated|\n|rule|Species Clause: Limit one of each Pok\u00e9mon\n|rule|Item Clause: Limit 1 of each item\n|clearpoke\n|poke|p1|Pinsir, L50, M|\n|poke|p1|Aegislash, L50, F|\n|poke|p1|Kommo-o, L50, M|\n|poke|p1|Meowstic, L50, M|\n|poke|p1|Incineroar, L50, M|\n|poke|p1|Azumarill, L50, M|\n|poke|p2|Camerupt, L50, M|\n|poke|p2|Sinistcha, L50|\n|poke|p2|Kingambit, L50, F|\n|poke|p2|Farigiraf, L50, M|\n|poke|p2|Primarina, L50, M|\n|poke|p2|Sneasler, L50, M|\n|teampreview|4\n|\n|t:|1776095029\n|teamsize|p1|4\n|teamsize|p2|4\n|start\n|switch|p1a: Aegislash|Aegislash, L50, F|100/100\n|switch|p1b: Meowstic|Meowstic, L50, M|100/100\n|switch|p2a: Sneasler|Sneasler, L50, M|100/100\n|switch|p2b: Sinistcha|Sinistcha, L50|100/100\n|turn|1\n|\n|t:|1776095057\n|move|p1b: Meowstic|Protect|p1b: Meowstic\n|-singleturn|p1b: Meowstic|Protect\n|move|p2a: Sneasler|Fake Out|p1b: Meowstic\n|-activate|p1b: Meowstic|move: Protect\n|-formechange|p1a: Aegislash|Aegislash-Blade|\n|move|p1a: Aegislash|Shadow Ball|p2b: Sinistcha\n|-supereffective|p2b: Sinistcha|1\n|-damage|p2b: Sinistcha|13/100\n|move|p2b: Sinistcha|Trick Room|p2b: Sinistcha\n|-fieldstart|move: Trick Room|[of] p2b: Sinistcha\n|\n|-heal|p2b: Sinistcha|19/100|[from] item: Leftovers\n|upkeep\n|turn|2\n|\n|t:|1776095099\n|switch|p2b: Camerupt|Camerupt, L50, M|100/100\n|move|p1b: Meowstic|Psychic Terrain|p1b: Meowstic\n|-fieldstart|move: Psychic Terrain\n|move|p1a: Aegislash|Shadow Ball|p2a: Sneasler\n|-damage|p2a: Sneasler|31/100\n|move|p2a: Sneasler|Dire Claw|p1b: Meowstic\n|-damage|p1b: Meowstic|41/100\n|-status|p1b: Meowstic|slp\n|\n|upkeep\n|turn|3\n|\n|t:|1776095122\n|switch|p1b: Incineroar|Incineroar, L50, M|100/100\n|-ability|p1b: Incineroar|Intimidate|boost\n|-unboost|p2a: Sneasler|atk|1\n|-unboost|p2b: Camerupt|atk|1\n|detailschange|p2b: Camerupt|Camerupt-Mega, L50, M\n|-mega|p2b: Camerupt|Camerupt|Cameruptite\n|move|p1a: Aegislash|Wide Guard|p1a: Aegislash\n|-singleturn|p1a: Aegislash|Wide Guard\n|move|p2b: Camerupt|Heat Wave|p1b: Incineroar|[spread] \n|-activate|p1a: Aegislash|move: Wide Guard\n|-activate|p1b: Incineroar|move: Wide Guard\n|move|p2a: Sneasler|Dire Claw|p1b: Incineroar\n|-damage|p1b: Incineroar|75/100\n|-status|p1b: Incineroar|slp\n|\n|upkeep\n|turn|4\n|inactive|Battle timer is ON: inactive players will automatically lose when time's up. (requested by Ryno5311)\n|\n|t:|1776095230\n|move|p1a: Aegislash|Wide Guard|p1a: Aegislash\n|-singleturn|p1a: Aegislash|Wide Guard\n|move|p2b: Camerupt|Earth Power|p1a: Aegislash\n|-supereffective|p1a: Aegislash|1\n|-damage|p1a: Aegislash|0 fnt\n|faint|p1a: Aegislash\n|cant|p1b: Incineroar|slp\n|move|p2a: Sneasler|Close Combat|p1b: Incineroar\n|-supereffective|p1b: Incineroar|1\n|-damage|p1b: Incineroar|0 fnt\n|-unboost|p2a: Sneasler|def|1\n|-unboost|p2a: Sneasler|spd|1\n|faint|p1b: Incineroar\n|\n|upkeep\n|\n|t:|1776095235\n|switch|p1a: Meowstic|Meowstic, L50, M|41/100 slp\n|switch|p1b: Azumarill|Azumarill, L50, M|100/100\n|turn|5\n|\n|t:|1776095262\n|switch|p2a: Sinistcha|Sinistcha, L50|19/100\n|cant|p1a: Meowstic|slp\n|move|p2b: Camerupt|Heat Wave|p1b: Azumarill|[spread] p1a,p1b\n|-resisted|p1b: Azumarill|1\n|-damage|p1a: Meowstic|0 fnt\n|-damage|p1b: Azumarill|71/100\n|faint|p1a: Meowstic\n|move|p1b: Azumarill|Liquidation|p2a: Sinistcha\n|-resisted|p2a: Sinistcha|1\n|-damage|p2a: Sinistcha|0 fnt\n|faint|p2a: Sinistcha\n|\n|-fieldend|move: Trick Room\n|upkeep\n|-message|Xeno101 forfeited.\n|\n|win|Ryno5311\n|raw|Xeno101's rating: 1060 &rarr; <strong>1038</strong><br />(-22 for losing)\n|raw|Ryno5311's rating: 1000 &rarr; <strong>1047</strong><br />(+47 for winning)\n|l|\u2606Xeno101\n|player|p1|\n",
  "uploadtime": 1776095278,
  "views": 24,
  "formatid": "gen9championsvgc2026regma",
  "rating": 1038,
  "private": 0,
  "password": null
}