{
  "id": "gen9championsvgc2026regma-2585225912",
  "format": "[Gen 9 Champions] VGC 2026 Reg M-A",
  "players": [
    "tomcheung22",
    "Mishsire"
  ],
  "log": "|j|\u2606tomcheung22\n|j|\u2606Mishsire\n|html|<table width=\"100%\"><tr><td align=\"left\">tomcheung22</td><td align=\"right\">Mishsire</tr><tr><td align=\"left\"><i class=\"fa fa-circle-o\"></i> <i class=\"fa fa-circle-o\"></i> </td><td align=\"right\"><i class=\"fa fa-circle-o\"></i> <i class=\"fa fa-circle\"></i> </tr></table>\n|uhtml|bestof|<h2><strong>Game 2</strong> of <a href=\"/game-bestof3-gen9championsvgc2026regma-2585224402\">a best-of-3</a></h2>\n|t:|1776327198\n|gametype|doubles\n|player|p1|tomcheung22|bianca|\n|player|p2|Mishsire|chili|\n|gen|9\n|tier|[Gen 9 Champions] VGC 2026 Reg M-A\n|rated|Tournament battle\n|rule|Species Clause: Limit one of each Pok\u00e9mon\n|rule|Item Clause: Limit 1 of each item\n|raw|<div class=\"infobox\"><details class=\"readmore\" open><summary><strong>2 custom rules:</strong></summary> Force Open Team Sheets, Best of = 3</details></div>\n|clearpoke\n|poke|p1|Scizor, L50, M|\n|poke|p1|Aerodactyl, L50, M|\n|poke|p1|Excadrill, L50, F|\n|poke|p1|Milotic, L50, M|\n|poke|p1|Salazzle, L50, F|\n|poke|p1|Serperior, L50, F|\n|poke|p2|Glimmora, L50, M|\n|poke|p2|Whimsicott, L50, M|\n|poke|p2|Basculegion, L50, M|\n|poke|p2|Incineroar, L50, F|\n|poke|p2|Garchomp, L50, M|\n|poke|p2|Decidueye-Hisui, L50, M|\n|teampreview|4\n|showteam|p1|Scizor||WhiteHerb|Technician|BulletPunch,CloseCombat,SwordsDance,Protect|||M|||50|]Aerodactyl||Aerodactylite|Unnerve|RockSlide,DualWingbeat,Tailwind,Protect|||M|||50|]Excadrill||FocusSash|MoldBreaker|IronHead,HighHorsepower,SwordsDance,Protect|||F|||50|]Milotic||WacanBerry|Competitive|Scald,IcyWind,Recover,Hypnosis|||M|||50|]Salazzle||KingsRock|Oblivious|Overheat,SludgeBomb,FakeOut,Fling|||F|||50|]Serperior||KebiaBerry|Contrary|LeafStorm,Glare,HelpingHand,Protect|||F|||50|\n|showteam|p2|Glimmora||Glimmoranite|ToxicDebris|PowerGem,SludgeBomb,EarthPower,SpikyShield|||M|||50|]Whimsicott||FocusSash|Prankster|Encore,Tailwind,Protect,Moonblast|||M|||50|]Basculegion||ColburBerry|Adaptability|WaveCrash,LastRespects,AquaJet,Protect|||M|||50|]Incineroar||SitrusBerry|Intimidate|FlareBlitz,ThroatChop,FakeOut,PartingShot|||F|||50|]Garchomp||SoftSand|RoughSkin|Earthquake,DragonClaw,StompingTantrum,Protect|||M|||50|]Decidueye-Hisui||ChoiceScarf|Scrappy|TripleArrows,LeafBlade,BraveBird,KnockOff|||M|||50|\n|j| do something babe\n|j| thepearl\n|j|%llefface\n|j| StarX99\n|j| elychee267\n|j| idiot2000\n|l| idiot2000\n|j| idiot2000\n|\n|t:|1776327239\n|teamsize|p1|4\n|teamsize|p2|4\n|start\n|switch|p1a: Scizor|Scizor, L50, M|100/100\n|switch|p1b: Milotic|Milotic, L50, M|100/100\n|switch|p2a: orange sherbet|Whimsicott, L50, M|100/100\n|switch|p2b: steak yakisoba|Glimmora, L50, M|100/100\n|turn|1\n|j| TailwindWickedBlow\n|\n|t:|1776327258\n|switch|p2b: salt&pepper shrimp|Basculegion, L50, M|100/100\n|move|p2a: orange sherbet|Tailwind|p2a: orange sherbet\n|-sidestart|p2: Mishsire|move: Tailwind\n|move|p1a: Scizor|Bullet Punch|p2a: orange sherbet\n|-supereffective|p2a: orange sherbet|1\n|-enditem|p2a: orange sherbet|Focus Sash\n|-damage|p2a: orange sherbet|1/100\n|move|p1b: Milotic|Icy Wind|p2a: orange sherbet|[spread] p2b\n|-miss|p1b: Milotic|p2a: orange sherbet\n|-resisted|p2b: salt&pepper shrimp|1\n|-damage|p2b: salt&pepper shrimp|94/100\n|-unboost|p2b: salt&pepper shrimp|spe|1\n|\n|upkeep\n|turn|2\n|\n|t:|1776327286\n|move|p2a: orange sherbet|Encore|p1b: Milotic\n|-start|p1b: Milotic|Encore\n|move|p2b: salt&pepper shrimp|Wave Crash|p1a: Scizor\n|-damage|p1a: Scizor|7/100\n|-damage|p2b: salt&pepper shrimp|71/100|[from] Recoil\n|move|p1a: Scizor|Swords Dance|p1a: Scizor\n|-boost|p1a: Scizor|atk|2\n|move|p1b: Milotic|Icy Wind|p2a: orange sherbet|[spread] p2a,p2b\n|-supereffective|p2a: orange sherbet|1\n|-resisted|p2b: salt&pepper shrimp|1\n|-damage|p2a: orange sherbet|0 fnt\n|-damage|p2b: salt&pepper shrimp|64/100\n|-unboost|p2b: salt&pepper shrimp|spe|1\n|faint|p2a: orange sherbet\n|\n|upkeep\n|\n|t:|1776327292\n|switch|p2a: pastrami sandwich|Garchomp, L50, M|100/100\n|turn|3\n|\n|t:|1776327329\n|move|p1a: Scizor|Protect|p1a: Scizor\n|-singleturn|p1a: Scizor|Protect\n|move|p2a: pastrami sandwich|Earthquake|p1a: Scizor|[spread] p2b,p1b\n|-activate|p1a: Scizor|move: Protect\n|-damage|p2b: salt&pepper shrimp|3/100\n|-damage|p1b: Milotic|51/100\n|move|p2b: salt&pepper shrimp|Last Respects|p1b: Milotic\n|-damage|p1b: Milotic|0 fnt\n|faint|p1b: Milotic\n|\n|upkeep\n|\n|t:|1776327342\n|switch|p1b: Serperior|Serperior, L50, F|100/100\n|turn|4\n|j|@Aldrich\n|\n|t:|1776327369\n|move|p2b: salt&pepper shrimp|Aqua Jet|p1a: Scizor\n|-damage|p1a: Scizor|0 fnt\n|faint|p1a: Scizor\n|move|p2a: pastrami sandwich|Dragon Claw|p1b: Serperior\n|-damage|p1b: Serperior|55/100\n|move|p1b: Serperior|Leaf Storm|p2a: pastrami sandwich|[miss]\n|-miss|p1b: Serperior|p2a: pastrami sandwich\n|\n|-sideend|p2: Mishsire|move: Tailwind\n|upkeep\n|j| minmyatkywe1242007\n|j| RatzG\n|c|\u2606tomcheung22|can I have wide lens back please...\n|\n|t:|1776327411\n|switch|p1a: Salazzle|Salazzle, L50, F|100/100\n|turn|5\n|c| elychee267|lol\n|\n|t:|1776327427\n|move|p2a: pastrami sandwich|Protect|p2a: pastrami sandwich\n|-singleturn|p2a: pastrami sandwich|Protect\n|move|p2b: salt&pepper shrimp|Protect|p2b: salt&pepper shrimp\n|-singleturn|p2b: salt&pepper shrimp|Protect\n|move|p1a: Salazzle|Fake Out|p2a: pastrami sandwich\n|-activate|p2a: pastrami sandwich|move: Protect\n|move|p1b: Serperior|Leaf Storm|p2b: salt&pepper shrimp\n|-activate|p2b: salt&pepper shrimp|move: Protect\n|\n|upkeep\n|turn|6\n|\n|t:|1776327435\n|move|p2b: salt&pepper shrimp|Aqua Jet|p1b: Serperior\n|-resisted|p1b: Serperior|1\n|-damage|p1b: Serperior|40/100\n|move|p1a: Salazzle|Fling|p2a: pastrami sandwich\n|-damage|p2a: pastrami sandwich|95/100\n|-enditem|p1a: Salazzle|King's Rock|[from] move: Fling\n|move|p1b: Serperior|Leaf Storm|p2b: salt&pepper shrimp|[miss]\n|-miss|p1b: Serperior|p2b: salt&pepper shrimp\n|cant|p2a: pastrami sandwich|flinch\n|\n|upkeep\n|turn|7\n|c|\u2606Mishsire|mb\n|c| elychee267|another miss is crazy\n|c|@Aldrich|YUP\n|c|\u2606Mishsire|gg\n|l| do something babe\n|c| TailwindWickedBlow|rip\n|c|\u2606tomcheung22|do I have chance\n|c|%llefface|emm\n|c| elychee267|no :(\n|c|%llefface|no\n|c|%llefface|Needed at least one hit\n|\n|t:|1776327508\n|move|p1a: Salazzle|Overheat|p2a: pastrami sandwich\n|-resisted|p2a: pastrami sandwich|1\n|-damage|p2a: pastrami sandwich|68/100\n|-unboost|p1a: Salazzle|spa|2\n|move|p1b: Serperior|Leaf Storm|p2a: pastrami sandwich\n|-damage|p2a: pastrami sandwich|29/100\n|-boost|p1b: Serperior|spa|2\n|move|p2a: pastrami sandwich|Dragon Claw|p1b: Serperior\n|-damage|p1b: Serperior|0 fnt\n|faint|p1b: Serperior\n|move|p2b: salt&pepper shrimp|Last Respects|p1a: Salazzle\n|-damage|p1a: Salazzle|0 fnt\n|faint|p1a: Salazzle\n|\n|win|Mishsire\n|l| llefface\n|c|\u2606tomcheung22|gg wp!\n|l|\u2606Mishsire\n|player|p2|\n|l| elychee267\n|l| TailwindWickedBlow\n|l| StarX99\n|l| RatzG\n",
  "uploadtime": 1776327571,
  "views": 19,
  "formatid": "gen9championsvgc2026regma",
  "rating": null,
  "private": 0,
  "password": null
}