{
  "id": "gen9championsvgc2026regma-2582698662",
  "format": "[Gen 9 Champions] VGC 2026 Reg M-A",
  "players": [
    "IcarusIsBestGirl",
    "thebeast4895"
  ],
  "log": "|j|\u2606IcarusIsBestGirl\n|j|\u2606thebeast4895\n|t:|1776108060\n|gametype|doubles\n|player|p1|IcarusIsBestGirl|yellow|1159\n|player|p2|thebeast4895|2|1217\n|gen|9\n|tier|[Gen 9 Champions] VGC 2026 Reg M-A\n|rated|\n|rule|Species Clause: Limit one of each Pok\u00e9mon\n|rule|Item Clause: Limit 1 of each item\n|clearpoke\n|poke|p1|Froslass, L50, F|\n|poke|p1|Kingambit, L50, M|\n|poke|p1|Clefable, L50, F|\n|poke|p1|Sneasler, L50, M|\n|poke|p1|Rotom-Wash, L50|\n|poke|p1|Garchomp, L50, M|\n|poke|p2|Sinistcha, L50|\n|poke|p2|Tyranitar, L50, F|\n|poke|p2|Gyarados, L50, M|\n|poke|p2|Excadrill, L50, F|\n|teampreview|4\nIcarusIsBestGirl rejected open team sheets.\n|inactive|Battle timer is ON: inactive players will automatically lose when time's up. (requested by thebeast4895)\n|\n|t:|1776108107\n|teamsize|p1|4\n|teamsize|p2|4\n|start\n|switch|p1a: thing japan|Froslass, L50, F, shiny|100/100\n|switch|p1b: The Drink|Rotom-Wash, L50|100/100\n|switch|p2a: Excadrill|Excadrill, L50, F|100/100\n|switch|p2b: Gyarados|Gyarados, L50, M|100/100\n|-ability|p2b: Gyarados|Intimidate|boost\n|-unboost|p1a: thing japan|atk|1\n|-unboost|p1b: The Drink|atk|1\n|turn|1\n|\n|t:|1776108130\n|detailschange|p1a: thing japan|Froslass-Mega, L50, F, shiny\n|-mega|p1a: thing japan|Froslass|Froslassite\n|-weather|Snowscape|[from] ability: Snow Warning|[of] p1a: thing japan\n|move|p1a: thing japan|Aurora Veil|p1a: thing japan\n|-sidestart|p1: IcarusIsBestGirl|move: Aurora Veil\n|move|p2a: Excadrill|Iron Head|p1a: thing japan\n|-supereffective|p1a: thing japan|1\n|-damage|p1a: thing japan|49/100\n|move|p1b: The Drink|Will-O-Wisp|p2a: Excadrill\n|-status|p2a: Excadrill|brn\n|move|p2b: Gyarados|Thunder Wave|p1a: thing japan\n|-status|p1a: thing japan|par\n|\n|-weather|Snowscape|[upkeep]\n|-damage|p2a: Excadrill|95/100 brn|[from] brn\n|upkeep\n|turn|2\n|-activate|p2b: Gyarados|item: Quick Claw\n|\n|t:|1776108157\n|move|p2b: Gyarados|Taunt|p1b: The Drink\n|-start|p1b: The Drink|move: Taunt\n|move|p2a: Excadrill|Iron Head|p1a: thing japan\n|-supereffective|p1a: thing japan|1\n|-damage|p1a: thing japan|21/100 par\n|cant|p1b: The Drink|move: Taunt|Will-O-Wisp\n|move|p1a: thing japan|Blizzard|p2a: Excadrill|[spread] p2a,p2b\n|-damage|p2a: Excadrill|43/100 brn\n|-damage|p2b: Gyarados|68/100\n|\n|-weather|Snowscape|[upkeep]\n|-damage|p2a: Excadrill|37/100 brn|[from] brn\n|upkeep\n|turn|3\n|\n|t:|1776108181\n|switch|p2b: Tyranitar|Tyranitar, L50, F, shiny|100/100\n|-weather|Sandstorm|[from] ability: Sand Stream|[of] p2b: Tyranitar\n|switch|p1a: Dark Blue Moon|Kingambit, L50, M, shiny|100/100\n|move|p2a: Excadrill|Iron Head|p1a: Dark Blue Moon\n|-resisted|p1a: Dark Blue Moon|1\n|-damage|p1a: Dark Blue Moon|96/100\n|move|p1b: The Drink|Thunderbolt|p2b: Tyranitar\n|-damage|p2b: Tyranitar|80/100\n|\n|-weather|Sandstorm|[upkeep]\n|-damage|p1b: The Drink|95/100|[from] Sandstorm\n|-heal|p1b: The Drink|100/100|[from] item: Leftovers\n|-damage|p2a: Excadrill|32/100 brn|[from] brn\n|upkeep\n|turn|4\n|\n|t:|1776108205\n|switch|p2a: Sinistcha|Sinistcha, L50|100/100\n|-heal|p2b: Tyranitar|100/100|[from] ability: Hospitality|[of] p2a: Sinistcha\n|switch|p1a: thing japan|Froslass-Mega, L50, F, shiny|21/100 par\n|-weather|Snowscape|[from] ability: Snow Warning|[of] p1a: thing japan\n|move|p1b: The Drink|Hydro Pump|p2b: Tyranitar\n|-supereffective|p2b: Tyranitar|1\n|-damage|p2b: Tyranitar|28/100\n|move|p2b: Tyranitar|Low Kick|p1a: thing japan\n|-immune|p1a: thing japan\n|\n|-weather|Snowscape|[upkeep]\n|-end|p1b: The Drink|move: Taunt\n|upkeep\n|turn|5\n|inactive|thebeast4895 has 30 seconds left.\n|inactive|IcarusIsBestGirl has 30 seconds left.\n|inactive|thebeast4895 has 20 seconds left.\n|inactive|thebeast4895 has 15 seconds left.\n|inactive|thebeast4895 has 10 seconds left.\n|inactive|thebeast4895 has 5 seconds left.\n|\n|t:|1776108260\n|move|p2a: Sinistcha|Protect|p2a: Sinistcha\n|-singleturn|p2a: Sinistcha|Protect\n|move|p2b: Tyranitar|Protect|p2b: Tyranitar\n|-singleturn|p2b: Tyranitar|Protect\n|move|p1b: The Drink|Will-O-Wisp|p2b: Tyranitar\n|-activate|p2b: Tyranitar|move: Protect\n|move|p1a: thing japan|Blizzard|p2a: Sinistcha|[spread] \n|-activate|p2a: Sinistcha|move: Protect\n|-activate|p2b: Tyranitar|move: Protect\n|\n|-weather|Snowscape|[upkeep]\n|-sideend|p1: IcarusIsBestGirl|move: Aurora Veil\n|upkeep\n|turn|6\n|inactive|thebeast4895 has 30 seconds left.\n|inactive|thebeast4895 has 20 seconds left.\n|inactive|thebeast4895 has 15 seconds left.\n|inactive|thebeast4895 has 10 seconds left.\n|inactive|thebeast4895 has 5 seconds left.\n|\n|t:|1776108316\n|switch|p1a: Dark Blue Moon|Kingambit, L50, M, shiny|96/100\n|move|p2a: Sinistcha|Protect||[still]\n|-fail|p2a: Sinistcha\n|move|p2b: Tyranitar|Protect|p2b: Tyranitar\n|-singleturn|p2b: Tyranitar|Protect\n|move|p1b: The Drink|Hydro Pump|p2b: Tyranitar\n|-activate|p2b: Tyranitar|move: Protect\n|\n|-weather|Snowscape|[upkeep]\n|upkeep\n|turn|7\n|inactive|thebeast4895 has 30 seconds left.\n|inactive|thebeast4895 has 20 seconds left.\n|inactive|thebeast4895 has 15 seconds left.\n|inactive|thebeast4895 has 10 seconds left.\n|inactive|thebeast4895 has 5 seconds left.\n|\n|t:|1776108371\n|move|p2a: Sinistcha|Protect|p2a: Sinistcha\n|-singleturn|p2a: Sinistcha|Protect\n|move|p2b: Tyranitar|Protect||[still]\n|-fail|p2b: Tyranitar\n|move|p1a: Dark Blue Moon|Protect|p1a: Dark Blue Moon\n|-singleturn|p1a: Dark Blue Moon|Protect\n|move|p1b: The Drink|Hydro Pump|p2b: Tyranitar\n|-supereffective|p2b: Tyranitar|1\n|-damage|p2b: Tyranitar|0 fnt\n|faint|p2b: Tyranitar\n|\n|-weather|Snowscape|[upkeep]\n|upkeep\n|inactive|thebeast4895 has 30 seconds left.\n|inactive|thebeast4895 has 20 seconds left.\n|inactive|thebeast4895 has 15 seconds left.\n|inactive|thebeast4895 has 10 seconds left.\n|inactive|thebeast4895 has 5 seconds left.\n|\n|t:|1776108426\n|switch|p2b: Gyarados|Gyarados, L50, M|68/100\n|-ability|p2b: Gyarados|Intimidate|boost\n|-unboost|p1a: Dark Blue Moon|atk|1\n|-ability|p1a: Dark Blue Moon|Defiant|boost\n|-boost|p1a: Dark Blue Moon|atk|2\n|-unboost|p1b: The Drink|atk|1\n|turn|8\n|j| Judairus\n|inactive|thebeast4895 has 30 seconds left.\n|inactive|thebeast4895 has 20 seconds left.\n|inactive|thebeast4895 has 15 seconds left.\n|inactive|thebeast4895 has 10 seconds left.\n|inactive|thebeast4895 has 5 seconds left.\n|c| Judairus|may allah protect these pokemon\n|\n|t:|1776108481\n|move|p2a: Sinistcha|Protect||[still]\n|-fail|p2a: Sinistcha\n|move|p1b: The Drink|Thunderbolt|p2b: Gyarados\n|-supereffective|p2b: Gyarados|2\n|-damage|p2b: Gyarados|0 fnt\n|faint|p2b: Gyarados\n|move|p1a: Dark Blue Moon|Kowtow Cleave|p2a: Sinistcha\n|-supereffective|p2a: Sinistcha|1\n|-damage|p2a: Sinistcha|0 fnt\n|faint|p2a: Sinistcha\n|\n|-weather|none\n|upkeep\n|c|\u2606IcarusIsBestGirl|gg\n|inactive|thebeast4895 has 30 seconds left.\n|inactive|thebeast4895 has 20 seconds left.\n|inactive|thebeast4895 has 15 seconds left.\n|inactive|thebeast4895 has 10 seconds left.\n|inactive|thebeast4895 has 5 seconds left.\n|\n|t:|1776108536\n|switch|p2a: Excadrill|Excadrill, L50, F|32/100 brn\n|turn|9\n|inactive|thebeast4895 has 10 seconds left this turn.\n|inactive|thebeast4895 has 5 seconds left.\n|-message|thebeast4895 lost due to inactivity.\n|\n|win|IcarusIsBestGirl\n|raw|IcarusIsBestGirl's rating: 1159 &rarr; <strong>1188</strong><br />(+29 for winning)\n|raw|thebeast4895's rating: 1217 &rarr; <strong>1188</strong><br />(-29 for losing)\n|c|\u2606IcarusIsBestGirl|lol\n|l| Judairus\n",
  "uploadtime": 1776108583,
  "views": 14,
  "formatid": "gen9championsvgc2026regma",
  "rating": 1188,
  "private": 0,
  "password": null
}