{
  "id": "gen9championsvgc2026regma-2581487958",
  "format": "[Gen 9 Champions] VGC 2026 Reg M-A",
  "players": [
    "tastyfloop",
    "PPYYY"
  ],
  "log": "|j|\u2606tastyfloop\n|j|\u2606PPYYY\n|t:|1776005070\n|gametype|doubles\n|player|p1|tastyfloop|ghetsis|\n|player|p2|PPYYY|miku-water|\n|gen|9\n|tier|[Gen 9 Champions] VGC 2026 Reg M-A\n|rated|Tournament battle\n|rule|Species Clause: Limit one of each Pok\u00e9mon\n|rule|Item Clause: Limit 1 of each item\n|clearpoke\n|poke|p1|Basculegion, L50, M|\n|poke|p1|Archaludon, L50, M|\n|poke|p1|Sinistcha, L50|\n|poke|p1|Pelipper, L50, F|\n|poke|p1|Gengar, L50, F|\n|poke|p1|Sneasler, L50, F|\n|poke|p2|Corviknight, L50, F|\n|poke|p2|Tyranitar, L50, F|\n|poke|p2|Garchomp, L50, F|\n|poke|p2|Delphox, L50, M|\n|poke|p2|Rotom-Wash, L50|\n|poke|p2|Sinistcha, L50|\n|teampreview|4\n|c|\u2606tastyfloop|glhf\n|c|\u2606PPYYY|u2\n|j| mythly\n|j| nicolas rainier\n|\n|t:|1776005117\n|teamsize|p1|4\n|teamsize|p2|4\n|start\n|switch|p1a: tuff ahh esdeekid|Sneasler, L50, F|100/100\n|switch|p1b: Gengar|Gengar, L50, F|100/100\n|switch|p2a: Delphox|Delphox, L50, M|100/100\n|switch|p2b: Rotom|Rotom-Wash, L50|100/100\n|turn|1\n|j| coolguy58213\n|\n|t:|1776005142\n|switch|p2a: Tyranitar|Tyranitar, L50, F|100/100\n|-weather|Sandstorm|[from] ability: Sand Stream|[of] p2a: Tyranitar\n|detailschange|p1b: Gengar|Gengar-Mega, L50, F\n|-mega|p1b: Gengar|Gengar|Gengarite\n|move|p1a: tuff ahh esdeekid|Fake Out|p2b: Rotom\n|-damage|p2b: Rotom|85/100\n|move|p1b: Gengar|Substitute|p1b: Gengar\n|-start|p1b: Gengar|Substitute\n|-damage|p1b: Gengar|76/100\n|cant|p2b: Rotom|flinch\n|\n|-weather|Sandstorm|[upkeep]\n|-damage|p1b: Gengar|69/100|[from] Sandstorm\n|-damage|p1a: tuff ahh esdeekid|95/100|[from] Sandstorm\n|-damage|p2b: Rotom|79/100|[from] Sandstorm\n|upkeep\n|turn|2\n|\n|t:|1776005170\n|move|p1b: Gengar|Sludge Bomb|p2b: Rotom\n|-damage|p2b: Rotom|26/100\n|-enditem|p2b: Rotom|Sitrus Berry|[eat]\n|-heal|p2b: Rotom|51/100|[from] item: Sitrus Berry\n|move|p1a: tuff ahh esdeekid|Close Combat|p2a: Tyranitar\n|-supereffective|p2a: Tyranitar|2\n|-damage|p2a: Tyranitar|0 fnt\n|-unboost|p1a: tuff ahh esdeekid|def|1\n|-unboost|p1a: tuff ahh esdeekid|spd|1\n|faint|p2a: Tyranitar\n|-enditem|p1a: tuff ahh esdeekid|White Herb\n|-clearnegativeboost|p1a: tuff ahh esdeekid|[silent]\n|move|p2b: Rotom|Hydro Pump|p1b: Gengar\n|-end|p1b: Gengar|Substitute\n|\n|-weather|Sandstorm|[upkeep]\n|-damage|p1a: tuff ahh esdeekid|89/100|[from] Sandstorm\n|-damage|p1b: Gengar|63/100|[from] Sandstorm\n|-damage|p2b: Rotom|45/100|[from] Sandstorm\n|upkeep\n|j| RadiatingShark\n|j| toadsamongmen\n|\n|t:|1776005183\n|switch|p2a: Delphox|Delphox, L50, M|100/100\n|turn|3\n|l| RadiatingShark\n|\n|t:|1776005201\n|switch|p1b: Pelipper|Pelipper, L50, F|100/100\n|-weather|RainDance|[from] ability: Drizzle|[of] p1b: Pelipper\n|detailschange|p2a: Delphox|Delphox-Mega, L50, M\n|-mega|p2a: Delphox|Delphox|Delphoxite\n|move|p1a: tuff ahh esdeekid|Dire Claw|p2b: Rotom\n|-damage|p2b: Rotom|0 fnt\n|faint|p2b: Rotom\n|move|p2a: Delphox|Substitute|p2a: Delphox\n|-start|p2a: Delphox|Substitute\n|-damage|p2a: Delphox|75/100\n|\n|-weather|RainDance|[upkeep]\n|upkeep\n|\n|t:|1776005210\n|switch|p2b: Sinistcha|Sinistcha, L50|100/100\n|turn|4\n|\n|t:|1776005229\n|move|p2a: Delphox|Protect|p2a: Delphox\n|-singleturn|p2a: Delphox|Protect\n|move|p1a: tuff ahh esdeekid|Dire Claw|p2a: Delphox\n|-activate|p2a: Delphox|move: Protect\n|move|p1b: Pelipper|Tailwind|p1b: Pelipper\n|-sidestart|p1: tastyfloop|move: Tailwind\n|move|p2b: Sinistcha|Matcha Gotcha|p1a: tuff ahh esdeekid|[spread] p1a,p1b\n|-resisted|p1a: tuff ahh esdeekid|1\n|-damage|p1a: tuff ahh esdeekid|73/100\n|-damage|p1b: Pelipper|54/100\n|\n|-weather|RainDance|[upkeep]\n|upkeep\n|turn|5\n|\n|t:|1776005254\n|move|p1b: Pelipper|Wide Guard|p1b: Pelipper\n|-singleturn|p1b: Pelipper|Wide Guard\n|move|p1a: tuff ahh esdeekid|Dire Claw|p2b: Sinistcha\n|-damage|p2b: Sinistcha|66/100\n|move|p2a: Delphox|Psychic|p1b: Pelipper\n|-damage|p1b: Pelipper|0 fnt\n|faint|p1b: Pelipper\n|move|p2b: Sinistcha|Trick Room|p2b: Sinistcha\n|-fieldstart|move: Trick Room|[of] p2b: Sinistcha\n|\n|-weather|RainDance|[upkeep]\n|upkeep\n|j| Vedas_Virtue\n|\n|t:|1776005264\n|switch|p1b: Archaludon|Archaludon, L50, M|100/100\n|turn|6\n|l| nicolas rainier\n|j| LamXYZ\n|\n|t:|1776005283\n|move|p1b: Archaludon|Protect|p1b: Archaludon\n|-singleturn|p1b: Archaludon|Protect\n|move|p2b: Sinistcha|Rage Powder|p2b: Sinistcha\n|-singleturn|p2b: Sinistcha|move: Rage Powder\n|move|p2a: Delphox|Psychic|p1a: tuff ahh esdeekid\n|-supereffective|p1a: tuff ahh esdeekid|2\n|-damage|p1a: tuff ahh esdeekid|0 fnt\n|faint|p1a: tuff ahh esdeekid\n|\n|-weather|RainDance|[upkeep]\n|upkeep\n|\n|t:|1776005292\n|switch|p1a: Gengar|Gengar-Mega, L50, F|63/100\n|turn|7\n|\n|t:|1776005311\n|move|p2a: Delphox|Psychic|p1a: Gengar\n|-supereffective|p1a: Gengar|1\n|-damage|p1a: Gengar|0 fnt\n|faint|p1a: Gengar\n|move|p1b: Archaludon|Electro Shot||[still]\n|-prepare|p1b: Archaludon|Electro Shot\n|-boost|p1b: Archaludon|spa|1\n|-anim|p1b: Archaludon|Electro Shot|p2a: Delphox\n|-end|p2a: Delphox|Substitute\n|move|p2b: Sinistcha|Trick Room|p2b: Sinistcha\n|-fieldend|move: Trick Room\n|\n|-weather|none\n|-sideend|p1: tastyfloop|move: Tailwind\n|upkeep\n|turn|8\n|j| MisterChicken26_\n|\n|t:|1776005327\n|move|p2b: Sinistcha|Rage Powder|p2b: Sinistcha\n|-singleturn|p2b: Sinistcha|move: Rage Powder\n|move|p2a: Delphox|Heat Wave|p1b: Archaludon\n|-damage|p1b: Archaludon|40/100\n|-status|p1b: Archaludon|brn\n|move|p1b: Archaludon|Draco Meteor|p2b: Sinistcha\n|-damage|p2b: Sinistcha|0 fnt\n|-unboost|p1b: Archaludon|spa|2\n|faint|p2b: Sinistcha\n|\n|-heal|p1b: Archaludon|45/100 brn|[from] item: Leftovers\n|-damage|p1b: Archaludon|40/100 brn|[from] brn\n|upkeep\n|turn|9\n|\n|t:|1776005344\n|move|p1b: Archaludon|Protect|p1b: Archaludon\n|-singleturn|p1b: Archaludon|Protect\n|move|p2a: Delphox|Substitute|p2a: Delphox\n|-start|p2a: Delphox|Substitute\n|-damage|p2a: Delphox|50/100\n|\n|-heal|p1b: Archaludon|45/100 brn|[from] item: Leftovers\n|-damage|p1b: Archaludon|40/100 brn|[from] brn\n|upkeep\n|turn|10\n|c|\u2606tastyfloop|alr gg\n|-message|tastyfloop forfeited.\n|\n|win|PPYYY\n|n|\u2606tastyfloop|tastyfloop\n|n|\u2606PPYYY|ppyyy\n|n| mythly|mythly\n|n| coolguy58213|coolguy58213\n|n| toadsamongmen|toadsamongmen\n|n| Vedas_Virtue|vedasvirtue\n|n| LamXYZ|lamxyz\n|n| MisterChicken26_|misterchicken26\n|c|\u2606PPYYY|gg\n|j| LamestAmos\n|l|\u2606tastyfloop\n|player|p1|\n",
  "uploadtime": 1776005359,
  "views": 9,
  "formatid": "gen9championsvgc2026regma",
  "rating": null,
  "private": 0,
  "password": null
}