{
  "id": "gen9championsvgc2026regma-2583011548",
  "format": "[Gen 9 Champions] VGC 2026 Reg M-A",
  "players": [
    "Bradley0502",
    "hyunbelievable"
  ],
  "log": "|j|\u2606Bradley0502\n|j|\u2606hyunbelievable\n|t:|1776133183\n|gametype|doubles\n|player|p1|Bradley0502|101|1127\n|player|p2|hyunbelievable|guzma|1156\n|gen|9\n|tier|[Gen 9 Champions] VGC 2026 Reg M-A\n|rated|\n|rule|Species Clause: Limit one of each Pok\u00e9mon\n|rule|Item Clause: Limit 1 of each item\n|clearpoke\n|poke|p1|Froslass, L50, F|\n|poke|p1|Rotom-Frost, L50|\n|poke|p1|Orthworm, L50, F|\n|poke|p1|Garchomp, L50, M|\n|poke|p1|Incineroar, L50, F|\n|poke|p1|Basculegion, L50, M|\n|poke|p2|Floette-Eternal, L50, F|\n|poke|p2|Aerodactyl, L50, F|\n|poke|p2|Excadrill, L50, F|\n|poke|p2|Tyranitar, L50, F|\n|poke|p2|Orthworm, L50, M|\n|poke|p2|Rotom-Wash, L50|\n|teampreview|4\n|inactive|Battle timer is ON: inactive players will automatically lose when time's up. (requested by Bradley0502)\n|\n|t:|1776133207\n|teamsize|p1|4\n|teamsize|p2|4\n|start\n|switch|p1a: Orthworm|Orthworm, L50, F|100/100\n|switch|p1b: Garchomp|Garchomp, L50, M|100/100\n|switch|p2a: Aerodactyl|Aerodactyl, L50, F|100/100\n|switch|p2b: Tyranitar|Tyranitar, L50, F|100/100\n|-ability|p2a: Aerodactyl|Unnerve\n|-weather|Sandstorm|[from] ability: Sand Stream|[of] p2b: Tyranitar\n|turn|1\n|inactive|Bradley0502 has 30 seconds left.\n|\n|t:|1776133233\n|detailschange|p2a: Aerodactyl|Aerodactyl-Mega, L50, F\n|-mega|p2a: Aerodactyl|Aerodactyl|Aerodactylite\n|move|p2a: Aerodactyl|Tailwind|p2a: Aerodactyl\n|-sidestart|p2: hyunbelievable|move: Tailwind\n|move|p2b: Tyranitar|Knock Off|p1a: Orthworm\n|-damage|p1a: Orthworm|58/100\n|-enditem|p1a: Orthworm|Sitrus Berry|[from] move: Knock Off|[of] p2b: Tyranitar\n|move|p1b: Garchomp|Rock Slide|p2a: Aerodactyl|[spread] p2a,p2b\n|-supereffective|p2a: Aerodactyl|1\n|-damage|p2a: Aerodactyl|42/100\n|-damage|p2b: Tyranitar|84/100\n|move|p1a: Orthworm|Body Press|p2b: Tyranitar\n|-supereffective|p2b: Tyranitar|2\n|-enditem|p2b: Tyranitar|Chople Berry|[eat]\n|-enditem|p2b: Tyranitar|Chople Berry|[weaken]\n|-damage|p2b: Tyranitar|43/100\n|\n|-weather|Sandstorm|[upkeep]\n|upkeep\n|turn|2\n|\n|t:|1776133251\n|move|p2a: Aerodactyl|Dual Wingbeat|p1b: Garchomp\n|-damage|p1b: Garchomp|71/100\n|-damage|p2a: Aerodactyl|30/100|[from] ability: Rough Skin|[of] p1b: Garchomp\n|-damage|p1b: Garchomp|42/100\n|-damage|p2a: Aerodactyl|18/100|[from] ability: Rough Skin|[of] p1b: Garchomp\n|-hitcount|p1b: Garchomp|2\n|move|p2b: Tyranitar|Knock Off|p1b: Garchomp\n|-damage|p1b: Garchomp|0 fnt\n|-damage|p2b: Tyranitar|30/100|[from] ability: Rough Skin|[of] p1b: Garchomp\n|-enditem|p1b: Garchomp|Focus Sash|[from] move: Knock Off|[of] p2b: Tyranitar\n|faint|p1b: Garchomp\n|move|p1a: Orthworm|Iron Defense|p1a: Orthworm\n|-boost|p1a: Orthworm|def|2\n|\n|-weather|Sandstorm|[upkeep]\n|upkeep\n|\n|t:|1776133255\n|switch|p1b: Basculegion|Basculegion, L50, M|100/100\n|turn|3\n|\n|t:|1776133266\n|move|p2a: Aerodactyl|Protect|p2a: Aerodactyl\n|-singleturn|p2a: Aerodactyl|Protect\n|move|p1b: Basculegion|Aqua Jet|p2b: Tyranitar\n|-supereffective|p2b: Tyranitar|1\n|-damage|p2b: Tyranitar|0 fnt\n|faint|p2b: Tyranitar\n|move|p1a: Orthworm|Shed Tail|p1a: Orthworm\n|-start|p1a: Orthworm|Substitute|[from] move: Shed Tail\n|-damage|p1a: Orthworm|8/100\n|\n|t:|1776133270\n|switch|p1a: Froslass|Froslass, L50, F|100/100|[from] Shed Tail\n|\n|-weather|Sandstorm|[upkeep]\n|-damage|p1b: Basculegion|94/100|[from] Sandstorm\n|-damage|p1a: Froslass|94/100|[from] Sandstorm\n|upkeep\n|\n|t:|1776133274\n|switch|p2b: Rotom|Rotom-Wash, L50|100/100\n|turn|4\n|\n|t:|1776133281\n|detailschange|p1a: Froslass|Froslass-Mega, L50, F\n|-mega|p1a: Froslass|Froslass|Froslassite\n|-weather|Snowscape|[from] ability: Snow Warning|[of] p1a: Froslass\n|move|p1b: Basculegion|Aqua Jet|p2a: Aerodactyl\n|-supereffective|p2a: Aerodactyl|1\n|-damage|p2a: Aerodactyl|0 fnt\n|faint|p2a: Aerodactyl\n|move|p2b: Rotom|Discharge|p1b: Basculegion|[spread] p1a,p1b\n|-end|p1a: Froslass|Substitute\n|-supereffective|p1b: Basculegion|1\n|-crit|p1b: Basculegion\n|-damage|p1b: Basculegion|0 fnt\n|faint|p1b: Basculegion\n|move|p1a: Froslass|Nasty Plot|p1a: Froslass\n|-boost|p1a: Froslass|spa|2\n|\n|-weather|Snowscape|[upkeep]\n|-sideend|p2: hyunbelievable|move: Tailwind\n|upkeep\n|\n|t:|1776133296\n|switch|p2a: Floette|Floette-Eternal, L50, F|100/100\n|switch|p1b: Orthworm|Orthworm, L50, F|8/100\n|turn|5\n|\n|t:|1776133306\n|move|p2a: Floette|Protect|p2a: Floette\n|-singleturn|p2a: Floette|Protect\n|move|p1a: Froslass|Blizzard|p2b: Rotom|[spread] p2b\n|-activate|p2a: Floette|move: Protect\n|-resisted|p2b: Rotom|1\n|-damage|p2b: Rotom|52/100\n|move|p2b: Rotom|Discharge|p1a: Froslass|[spread] p1a,p1b\n|-activate|p2a: Floette|move: Protect\n|-damage|p1a: Froslass|57/100\n|-damage|p1b: Orthworm|0 fnt\n|-status|p1a: Froslass|par\n|faint|p1b: Orthworm\n|\n|-weather|Snowscape|[upkeep]\n|upkeep\n|turn|6\n|\n|t:|1776133314\n|move|p2b: Rotom|Discharge|p1a: Froslass|[spread] p2a,p1a\n|-damage|p2a: Floette|77/100\n|-damage|p1a: Froslass|22/100 par\n|move|p2a: Floette|Moonblast|p1a: Froslass\n|-damage|p1a: Froslass|0 fnt\n|faint|p1a: Froslass\n|\n|win|hyunbelievable\n|raw|Bradley0502's rating: 1127 &rarr; <strong>1104</strong><br />(-23 for losing)\n|raw|hyunbelievable's rating: 1156 &rarr; <strong>1179</strong><br />(+23 for winning)\n",
  "uploadtime": 1776133318,
  "views": 13,
  "formatid": "gen9championsvgc2026regma",
  "rating": 1104,
  "private": 0,
  "password": null
}