{
  "id": "gen9championsvgc2026regma-2581290147",
  "format": "[Gen 9 Champions] VGC 2026 Reg M-A",
  "players": [
    "ShreeKlime",
    "Hldthen"
  ],
  "log": "|j|\u2606ShreeKlime\n|j|\u2606Hldthen\n|t:|1775982024\n|gametype|doubles\n|player|p1|ShreeKlime|norman|1058\n|player|p2|Hldthen|2|1077\n|gen|9\n|tier|[Gen 9 Champions] VGC 2026 Reg M-A\n|rated|\n|rule|Species Clause: Limit one of each Pok\u00e9mon\n|rule|Item Clause: Limit 1 of each item\n|clearpoke\n|poke|p1|Starmie, L50|\n|poke|p1|Kingambit, L50, M|\n|poke|p1|Primarina, L50, M|\n|poke|p1|Politoed, L50, M|\n|poke|p1|Incineroar, L50, F|\n|poke|p1|Gengar, L50, M|\n|poke|p2|Maushold, L50|\n|poke|p2|Alcremie, L50, F|\n|poke|p2|Meowstic, L50, M|\n|poke|p2|Araquanid, L50, F|\n|poke|p2|Sinistcha, L50|\n|poke|p2|Slowbro, L50, M|\n|teampreview|4\n|inactive|Battle timer is ON: inactive players will automatically lose when time's up. (requested by Hldthen)\nShreeKlime has agreed to open team sheets.\n|\n|t:|1775982069\n|teamsize|p1|4\n|teamsize|p2|4\n|start\n|switch|p1a: Gengar|Gengar, L50, M|100/100\n|switch|p1b: Incineroar|Incineroar, L50, F|100/100\n|switch|p2a: Slowbro|Slowbro, L50, M|100/100\n|switch|p2b: Meowstic|Meowstic, L50, M|100/100\n|-ability|p1b: Incineroar|Intimidate|boost\n|-fail|p2a: Slowbro|unboost|Attack|[from] ability: Oblivious|[of] p2a: Slowbro\n|-unboost|p2b: Meowstic|atk|1\n|turn|1\n|inactive|ShreeKlime has 30 seconds left.\n|inactive|ShreeKlime has 20 seconds left.\n|\n|t:|1775982106\n|detailschange|p1a: Gengar|Gengar-Mega, L50, M\n|-mega|p1a: Gengar|Gengar|Gengarite\n|detailschange|p2a: Slowbro|Slowbro-Mega, L50, M\n|-mega|p2a: Slowbro|Slowbro|Slowbronite\n|move|p2b: Meowstic|Fake Out|p1b: Incineroar\n|-damage|p1b: Incineroar|98/100\n|cant|p1b: Incineroar|flinch\n|move|p1a: Gengar|Shadow Ball|p2b: Meowstic\n|-supereffective|p2b: Meowstic|1\n|-enditem|p2b: Meowstic|Kasib Berry|[eat]\n|-enditem|p2b: Meowstic|Kasib Berry|[weaken]\n|-damage|p2b: Meowstic|46/100\n|move|p2a: Slowbro|Trick Room|p2a: Slowbro\n|-fieldstart|move: Trick Room|[of] p2a: Slowbro\n|\n|upkeep\n|turn|2\n|\n|t:|1775982130\n|move|p1a: Gengar|Protect|p1a: Gengar\n|-singleturn|p1a: Gengar|Protect\n|move|p2b: Meowstic|Rain Dance|p2b: Meowstic\n|-weather|RainDance\n|move|p2a: Slowbro|Muddy Water|p1a: Gengar|[spread] p1b\n|-activate|p1a: Gengar|move: Protect\n|-supereffective|p1b: Incineroar|1\n|-damage|p1b: Incineroar|5/100\n|-unboost|p1b: Incineroar|accuracy|1\n|move|p1b: Incineroar|Parting Shot|p2a: Slowbro\n|-unboost|p2a: Slowbro|atk|1\n|-unboost|p2a: Slowbro|spa|1\n|\n|t:|1775982145\n|switch|p1b: Primarina|Primarina, L50, M|100/100|[from] Parting Shot\n|\n|-weather|RainDance|[upkeep]\n|upkeep\n|turn|3\n|\n|t:|1775982155\n|move|p2b: Meowstic|Psychic Terrain|p2b: Meowstic\n|-fieldstart|move: Psychic Terrain\n|move|p2a: Slowbro|Expanding Force|p1a: Gengar|[spread] p1a,p1b\n|-supereffective|p1a: Gengar|1\n|-damage|p1a: Gengar|0 fnt\n|-damage|p1b: Primarina|60/100\n|faint|p1a: Gengar\n|move|p1b: Primarina|Hyper Voice|p2b: Meowstic|[spread] p2a,p2b\n|-resisted|p2a: Slowbro|1\n|-damage|p2a: Slowbro|70/100\n|-damage|p2b: Meowstic|0 fnt\n|faint|p2b: Meowstic\n|\n|-weather|RainDance|[upkeep]\n|-heal|p1b: Primarina|66/100|[from] item: Leftovers\n|upkeep\n|\n|t:|1775982166\n|switch|p2b: Alcremie|Alcremie, L50, F|100/100\n|switch|p1a: Kingambit|Kingambit, L50, M|100/100\n|turn|4\n|\n|t:|1775982181\n|move|p2a: Slowbro|Protect|p2a: Slowbro\n|-singleturn|p2a: Slowbro|Protect\n|move|p1a: Kingambit|Kowtow Cleave|p2a: Slowbro\n|-activate|p2a: Slowbro|move: Protect\n|move|p2b: Alcremie|Decorate|p2a: Slowbro\n|-boost|p2a: Slowbro|atk|2\n|-boost|p2a: Slowbro|spa|2\n|move|p1b: Primarina|Moonblast|p2a: Slowbro\n|-activate|p2a: Slowbro|move: Protect\n|\n|-weather|RainDance|[upkeep]\n|-heal|p1b: Primarina|72/100|[from] item: Leftovers\n|upkeep\n|turn|5\n|inactive|ShreeKlime has 30 seconds left.\n|\n|t:|1775982211\n|move|p1a: Kingambit|Protect|p1a: Kingambit\n|-singleturn|p1a: Kingambit|Protect\n|move|p1b: Primarina|Protect|p1b: Primarina\n|-singleturn|p1b: Primarina|Protect\n|move|p2a: Slowbro|Muddy Water|p1a: Kingambit|[spread] \n|-activate|p1a: Kingambit|move: Protect\n|-activate|p1b: Primarina|move: Protect\n|move|p2b: Alcremie|Decorate|p2a: Slowbro\n|-boost|p2a: Slowbro|atk|2\n|-boost|p2a: Slowbro|spa|2\n|\n|-weather|RainDance|[upkeep]\n|-heal|p1b: Primarina|78/100|[from] item: Leftovers\n|-fieldend|move: Trick Room\n|upkeep\n|turn|6\n|\n|t:|1775982233\n|move|p2a: Slowbro|Protect|p2a: Slowbro\n|-singleturn|p2a: Slowbro|Protect\n|move|p1b: Primarina|Moonblast|p2a: Slowbro\n|-activate|p2a: Slowbro|move: Protect\n|move|p2b: Alcremie|Misty Explosion|p1b: Primarina|[spread] p1a,p1b\n|-activate|p2a: Slowbro|move: Protect\n|-damage|p1a: Kingambit|71/100\n|-damage|p1b: Primarina|52/100\n|faint|p2b: Alcremie\n|move|p1a: Kingambit|Kowtow Cleave|p2a: Slowbro\n|-activate|p2a: Slowbro|move: Protect\n|\n|-weather|none\n|-heal|p1b: Primarina|58/100|[from] item: Leftovers\n|upkeep\n|\n|t:|1775982240\n|switch|p2b: Sinistcha|Sinistcha, L50|100/100\n|-heal|p2a: Slowbro|95/100|[from] ability: Hospitality|[of] p2b: Sinistcha\n|turn|7\n|\n|t:|1775982253\n|move|p1b: Primarina|Protect|p1b: Primarina\n|-singleturn|p1b: Primarina|Protect\n|move|p1a: Kingambit|Protect|p1a: Kingambit\n|-singleturn|p1a: Kingambit|Protect\n|move|p2b: Sinistcha|Rage Powder|p2b: Sinistcha\n|-singleturn|p2b: Sinistcha|move: Rage Powder\n|move|p2a: Slowbro|Muddy Water|p1a: Kingambit|[spread] \n|-activate|p1a: Kingambit|move: Protect\n|-activate|p1b: Primarina|move: Protect\n|\n|-heal|p1b: Primarina|64/100|[from] item: Leftovers\n|-fieldend|move: Psychic Terrain\n|upkeep\n|turn|8\n|\n|t:|1775982276\n|move|p2b: Sinistcha|Rage Powder|p2b: Sinistcha\n|-singleturn|p2b: Sinistcha|move: Rage Powder\n|move|p1b: Primarina|Hyper Voice|p2a: Slowbro|[spread] p2a,p2b\n|-resisted|p2a: Slowbro|1\n|-resisted|p2b: Sinistcha|1\n|-damage|p2a: Slowbro|74/100\n|-damage|p2b: Sinistcha|82/100\n|move|p1a: Kingambit|Kowtow Cleave|p2b: Sinistcha\n|-supereffective|p2b: Sinistcha|1\n|-damage|p2b: Sinistcha|0 fnt\n|faint|p2b: Sinistcha\n|move|p2a: Slowbro|Muddy Water|p1b: Primarina|[spread] p1b\n|-miss|p2a: Slowbro|p1a: Kingambit\n|-resisted|p1b: Primarina|1\n|-damage|p1b: Primarina|22/100\n|\n|-heal|p1b: Primarina|28/100|[from] item: Leftovers\n|upkeep\n|turn|9\n|-message|Hldthen forfeited.\n|\n|win|ShreeKlime\n|raw|ShreeKlime's rating: 1058 &rarr; <strong>1091</strong><br />(+33 for winning)\n|raw|Hldthen's rating: 1077 &rarr; <strong>1054</strong><br />(-23 for losing)\n|l|\u2606Hldthen\n|player|p2|\n|c|\u2606ShreeKlime|LMAOOOOOOOOOOOO\n|c|\u2606ShreeKlime|ggez\n",
  "uploadtime": 1775982305,
  "views": 22,
  "formatid": "gen9championsvgc2026regma",
  "rating": 1054,
  "private": 0,
  "password": null
}