{
  "id": "gen9championsvgc2026regma-2587312836",
  "format": "[Gen 9 Champions] VGC 2026 Reg M-A",
  "players": [
    "Swawbewwy",
    "d357"
  ],
  "log": "|j|\u2606Swawbewwy\n|j|\u2606d357\n|t:|1776521002\n|gametype|doubles\n|player|p1|Swawbewwy|2|1100\n|player|p2|d357|wallace|1189\n|gen|9\n|tier|[Gen 9 Champions] VGC 2026 Reg M-A\n|rated|\n|rule|Species Clause: Limit one of each Pok\u00e9mon\n|rule|Item Clause: Limit 1 of each item\n|clearpoke\n|poke|p1|Farigiraf, L50, F|\n|poke|p1|Snorlax, L50, F|\n|poke|p1|Torkoal, L50, M|\n|poke|p1|Crabominable, L50, M|\n|poke|p1|Sinistcha, L50|\n|poke|p1|Primarina, L50, M|\n|poke|p2|Floette-Eternal, L50, F|\n|poke|p2|Incineroar, L50, F|\n|poke|p2|Sinistcha, L50|\n|poke|p2|Garchomp, L50, F|\n|poke|p2|Delphox, L50, M|\n|poke|p2|Gyarados, L50, F|\n|teampreview|4\n|inactive|Battle timer is ON: inactive players will automatically lose when time's up. (requested by Swawbewwy)\n|\n|t:|1776521030\n|teamsize|p1|4\n|teamsize|p2|4\n|start\n|switch|p1a: Farigiraf|Farigiraf, L50, F|100/100\n|switch|p1b: Snorlax|Snorlax, L50, F|100/100\n|switch|p2a: Floette|Floette-Eternal, L50, F|100/100\n|switch|p2b: Incineroar|Incineroar, L50, F|100/100\n|-ability|p2b: Incineroar|Intimidate|boost\n|-unboost|p1a: Farigiraf|atk|1\n|-unboost|p1b: Snorlax|atk|1\n|turn|1\n|\n|t:|1776521043\n|detailschange|p2a: Floette|Floette-Mega, L50, F\n|-mega|p2a: Floette|Floette|Floettite\n|-ability|p2a: Floette|Fairy Aura\n|move|p2a: Floette|Light of Ruin|p1a: Farigiraf\n|-damage|p1a: Farigiraf|11/100\n|-damage|p2a: Floette|46/100|[from] Recoil\n|move|p2b: Incineroar|Will-O-Wisp|p1b: Snorlax|[miss]\n|-miss|p2b: Incineroar|p1b: Snorlax\n|move|p1b: Snorlax|Belly Drum|p1b: Snorlax\n|-damage|p1b: Snorlax|51/100\n|-setboost|p1b: Snorlax|atk|6|[from] move: Belly Drum\n|move|p1a: Farigiraf|Trick Room|p1a: Farigiraf\n|-fieldstart|move: Trick Room|[of] p1a: Farigiraf\n|\n|upkeep\n|turn|2\n|\n|t:|1776521066\n|switch|p1a: Sinistcha|Sinistcha, L50|100/100\n|-heal|p1b: Snorlax|75/100|[from] ability: Hospitality|[of] p1a: Sinistcha\n|move|p2a: Floette|Protect|p2a: Floette\n|-singleturn|p2a: Floette|Protect\n|move|p1b: Snorlax|Body Slam|p2a: Floette\n|-activate|p2a: Floette|move: Protect\n|move|p2b: Incineroar|Throat Chop|p1a: Sinistcha\n|-supereffective|p1a: Sinistcha|1\n|-damage|p1a: Sinistcha|57/100\n|-start|p1a: Sinistcha|Throat Chop|[silent]\n|\n|-heal|p1a: Sinistcha|63/100|[from] item: Leftovers\n|upkeep\n|turn|3\n|\n|t:|1776521088\n|switch|p2b: Sinistcha|Sinistcha, L50|100/100\n|-heal|p2a: Floette|71/100|[from] ability: Hospitality|[of] p2b: Sinistcha\n|move|p1a: Sinistcha|Rage Powder|p1a: Sinistcha\n|-singleturn|p1a: Sinistcha|move: Rage Powder\n|move|p1b: Snorlax|Body Slam|p2a: Floette\n|-damage|p2a: Floette|0 fnt\n|faint|p2a: Floette\n|\n|-heal|p1a: Sinistcha|69/100|[from] item: Leftovers\n|-end|p1a: Sinistcha|Throat Chop|[silent]\n|upkeep\n|\n|t:|1776521099\n|switch|p2a: Incineroar|Incineroar, L50, F|100/100\n|-ability|p2a: Incineroar|Intimidate|boost\n|-unboost|p1a: Sinistcha|atk|1\n|-unboost|p1b: Snorlax|atk|1\n|turn|4\n|\n|t:|1776521114\n|move|p2a: Incineroar|Fake Out|p1b: Snorlax\n|-damage|p1b: Snorlax|68/100\n|cant|p1b: Snorlax|flinch\n|move|p1a: Sinistcha|Shadow Ball|p2b: Sinistcha\n|-supereffective|p2b: Sinistcha|1\n|-damage|p2b: Sinistcha|18/100\n|-enditem|p2b: Sinistcha|Sitrus Berry|[eat]\n|-heal|p2b: Sinistcha|43/100|[from] item: Sitrus Berry\n|move|p2b: Sinistcha|Strength Sap|p1b: Snorlax\n|-unboost|p1b: Snorlax|atk|1\n|-heal|p2b: Sinistcha|100/100\n|\n|-heal|p1a: Sinistcha|75/100|[from] item: Leftovers\n|upkeep\n|turn|5\n|inactive|Swawbewwy has 30 seconds left.\n|\n|t:|1776521141\n|move|p1b: Snorlax|Heavy Slam|p2b: Sinistcha\n|-damage|p2b: Sinistcha|33/100\n|move|p2a: Incineroar|Will-O-Wisp|p1b: Snorlax|[miss]\n|-miss|p2a: Incineroar|p1b: Snorlax\n|move|p1a: Sinistcha|Shadow Ball|p2b: Sinistcha\n|-supereffective|p2b: Sinistcha|1\n|-damage|p2b: Sinistcha|0 fnt\n|faint|p2b: Sinistcha\n|\n|-heal|p1a: Sinistcha|81/100|[from] item: Leftovers\n|-fieldend|move: Trick Room\n|upkeep\n|\n|t:|1776521144\n|switch|p2b: Garchomp|Garchomp, L50, F|100/100\n|turn|6\n|\n|t:|1776521164\n|move|p2b: Garchomp|Rock Slide|p1b: Snorlax|[spread] p1a,p1b\n|-damage|p1a: Sinistcha|67/100\n|-damage|p1b: Snorlax|56/100\n|move|p2a: Incineroar|Throat Chop|p1a: Sinistcha\n|-supereffective|p1a: Sinistcha|1\n|-damage|p1a: Sinistcha|22/100\n|-start|p1a: Sinistcha|Throat Chop|[silent]\n|cant|p1b: Snorlax|flinch\n|cant|p1a: Sinistcha|flinch\n|\n|-heal|p1a: Sinistcha|28/100|[from] item: Leftovers\n|upkeep\n|turn|7\n|\n|t:|1776521184\n|move|p1a: Sinistcha|Rage Powder|p1a: Sinistcha\n|-singleturn|p1a: Sinistcha|move: Rage Powder\n|move|p2b: Garchomp|Rock Slide|p1b: Snorlax|[spread] p1a,p1b\n|-damage|p1a: Sinistcha|13/100\n|-damage|p1b: Snorlax|41/100\n|-enditem|p1b: Snorlax|Sitrus Berry|[eat]\n|-heal|p1b: Snorlax|66/100|[from] item: Sitrus Berry\n|move|p2a: Incineroar|Throat Chop|p1a: Sinistcha\n|-supereffective|p1a: Sinistcha|1\n|-damage|p1a: Sinistcha|0 fnt\n|faint|p1a: Sinistcha\n|move|p1b: Snorlax|Body Press|p2a: Incineroar\n|-supereffective|p2a: Incineroar|1\n|-damage|p2a: Incineroar|63/100\n|\n|upkeep\n|\n|t:|1776521199\n|switch|p1a: Primarina|Primarina, L50, M|100/100\n|turn|8\n|\n|t:|1776521210\n|move|p2b: Garchomp|Rock Slide|p1a: Primarina|[spread] p1a,p1b\n|-damage|p1a: Primarina|76/100\n|-damage|p1b: Snorlax|52/100\n|move|p2a: Incineroar|Will-O-Wisp|p1b: Snorlax\n|-status|p1b: Snorlax|brn\n|move|p1a: Primarina|Dazzling Gleam|p2a: Incineroar|[spread] p2a,p2b\n|-supereffective|p2b: Garchomp|1\n|-damage|p2a: Incineroar|33/100\n|-damage|p2b: Garchomp|16/100\n|cant|p1b: Snorlax|flinch\n|\n|-damage|p1b: Snorlax|46/100 brn|[from] brn\n|upkeep\n|turn|9\n|\n|t:|1776521227\n|move|p2b: Garchomp|Rock Slide|p1b: Snorlax|[spread] p1a,p1b\n|-damage|p1a: Primarina|54/100\n|-damage|p1b: Snorlax|33/100 brn\n|move|p2a: Incineroar|Throat Chop|p1b: Snorlax\n|-damage|p1b: Snorlax|11/100 brn\n|-start|p1b: Snorlax|Throat Chop|[silent]\n|cant|p1a: Primarina|flinch\n|move|p1b: Snorlax|Body Press|p2a: Incineroar\n|-supereffective|p2a: Incineroar|1\n|-damage|p2a: Incineroar|16/100\n|\n|-damage|p1b: Snorlax|5/100 brn|[from] brn\n|upkeep\n|turn|10\n|\n|t:|1776521246\n|move|p2b: Garchomp|Rock Slide|p1b: Snorlax|[spread] p1a,p1b\n|-damage|p1a: Primarina|32/100\n|-damage|p1b: Snorlax|0 fnt\n|faint|p1b: Snorlax\n|move|p2a: Incineroar|Throat Chop|p1a: Primarina\n|-resisted|p1a: Primarina|1\n|-damage|p1a: Primarina|13/100\n|-start|p1a: Primarina|Throat Chop|[silent]\n|move|p1a: Primarina|Dazzling Gleam|p2b: Garchomp|[spread] p2a,p2b\n|-supereffective|p2b: Garchomp|1\n|-damage|p2a: Incineroar|0 fnt\n|-damage|p2b: Garchomp|0 fnt\n|faint|p2a: Incineroar\n|faint|p2b: Garchomp\n|\n|win|Swawbewwy\n|raw|Swawbewwy's rating: 1100 &rarr; <strong>1131</strong><br />(+31 for winning)\n|raw|d357's rating: 1189 &rarr; <strong>1158</strong><br />(-31 for losing)\n|l|\u2606d357\n|player|p2|\n",
  "uploadtime": 1776521259,
  "views": 13,
  "formatid": "gen9championsvgc2026regma",
  "rating": 1131,
  "private": 0,
  "password": null
}