{
  "id": "gen9championsvgc2026regma-2580992155",
  "format": "[Gen 9 Champions] VGC 2026 Reg M-A",
  "players": [
    "waaaawaaidk",
    "pun1sher2"
  ],
  "log": "|j|\u2606waaaawaaidk\n|j|\u2606pun1sher2\n|t:|1775949746\n|gametype|doubles\n|player|p1|waaaawaaidk|lacey|1036\n|player|p2|pun1sher2|170|1076\n|gen|9\n|tier|[Gen 9 Champions] VGC 2026 Reg M-A\n|rated|\n|rule|Species Clause: Limit one of each Pok\u00e9mon\n|rule|Item Clause: Limit 1 of each item\n|clearpoke\n|poke|p1|Slowbro, L50, F|\n|poke|p1|Simipour, L50, F|\n|poke|p1|Garchomp, L50, F|\n|poke|p1|Sinistcha, L50|\n|poke|p1|Rotom-Heat, L50|\n|poke|p1|Sneasler, L50, M|\n|poke|p2|Charizard, L50, M|\n|poke|p2|Rotom-Wash, L50|\n|poke|p2|Sneasler, L50, F|\n|poke|p2|Corviknight, L50, M|\n|poke|p2|Gardevoir, L50, F|\n|poke|p2|Meowstic, L50, M|\n|teampreview|4\n|\n|t:|1775949788\n|teamsize|p1|4\n|teamsize|p2|4\n|start\n|switch|p1a: Slowbro|Slowbro, L50, F, shiny|100/100\n|switch|p1b: Simipour|Simipour, L50, F|100/100\n|switch|p2a: Charizard|Charizard, L50, M|100/100\n|switch|p2b: Meowstic|Meowstic, L50, M|100/100\n|turn|1\n|\n|t:|1775949806\n|detailschange|p2a: Charizard|Charizard-Mega-X, L50, M\n|-mega|p2a: Charizard|Charizard|Charizardite X\n|detailschange|p1a: Slowbro|Slowbro-Mega, L50, F, shiny\n|-mega|p1a: Slowbro|Slowbro|Slowbronite\n|move|p2b: Meowstic|Fake Out|p1a: Slowbro\n|-damage|p1a: Slowbro|98/100\n|move|p1b: Simipour|Fake Out|p2a: Charizard\n|-damage|p2a: Charizard|92/100\n|cant|p2a: Charizard|flinch\n|cant|p1a: Slowbro|flinch\n|\n|upkeep\n|turn|2\n|\n|t:|1775949836\n|move|p2b: Meowstic|Light Screen|p2b: Meowstic\n|-sidestart|p2: pun1sher2|move: Light Screen\n|move|p1b: Simipour|Icy Wind|p2b: Meowstic|[spread] p2a,p2b\n|-damage|p2a: Charizard|83/100\n|-damage|p2b: Meowstic|90/100\n|-unboost|p2a: Charizard|spe|1\n|-unboost|p2b: Meowstic|spe|1\n|move|p2a: Charizard|Dragon Dance|p2a: Charizard\n|-boost|p2a: Charizard|atk|1\n|-boost|p2a: Charizard|spe|1\n|move|p1a: Slowbro|Amnesia|p1a: Slowbro\n|-boost|p1a: Slowbro|spd|2\n|\n|upkeep\n|turn|3\n|\n|t:|1775949865\n|move|p1b: Simipour|Icy Wind|p2a: Charizard|[spread] p2a,p2b\n|-damage|p2a: Charizard|75/100\n|-damage|p2b: Meowstic|78/100\n|-unboost|p2a: Charizard|spe|1\n|-unboost|p2b: Meowstic|spe|1\n|move|p2b: Meowstic|Psychic|p1b: Simipour\n|-damage|p1b: Simipour|45/100\n|move|p2a: Charizard|Dragon Dance|p2a: Charizard\n|-boost|p2a: Charizard|atk|1\n|-boost|p2a: Charizard|spe|1\n|move|p1a: Slowbro|Iron Defense|p1a: Slowbro\n|-boost|p1a: Slowbro|def|2\n|\n|upkeep\n|turn|4\n|\n|t:|1775949892\n|move|p1b: Simipour|Flip Turn|p2b: Meowstic\n|-damage|p2b: Meowstic|48/100\n|\n|t:|1775949897\n|switch|p1b: Rotom|Rotom-Heat, L50|100/100|[from] Flip Turn\n|move|p2a: Charizard|Dragon Dance|p2a: Charizard\n|-boost|p2a: Charizard|atk|1\n|-boost|p2a: Charizard|spe|1\n|move|p2b: Meowstic|Psychic|p1b: Rotom\n|-damage|p1b: Rotom|50/100\n|move|p1a: Slowbro|Iron Defense|p1a: Slowbro\n|-boost|p1a: Slowbro|def|2\n|\n|upkeep\n|turn|5\n|\n|t:|1775949934\n|switch|p2b: Sneasler|Sneasler, L50, F|100/100\n|move|p2a: Charizard|Dragon Claw|p1b: Rotom\n|-damage|p1b: Rotom|0 fnt\n|faint|p1b: Rotom\n|move|p1a: Slowbro|Body Press|p2a: Charizard\n|-damage|p2a: Charizard|0 fnt\n|faint|p2a: Charizard\n|\n|upkeep\n|\n|t:|1775949946\n|switch|p1b: Garchomp|Garchomp, L50, F|100/100\n|switch|p2a: Rotom|Rotom-Wash, L50|100/100\n|turn|6\n|\n|t:|1775949959\n|move|p2b: Sneasler|Fake Out|p1a: Slowbro\n|-damage|p1a: Slowbro|94/100\n|move|p1b: Garchomp|Stomping Tantrum|p2b: Sneasler\n|-supereffective|p2b: Sneasler|1\n|-damage|p2b: Sneasler|0 fnt\n|faint|p2b: Sneasler\n|move|p2a: Rotom|Thunderbolt|p1a: Slowbro\n|-supereffective|p1a: Slowbro|1\n|-damage|p1a: Slowbro|58/100\n|cant|p1a: Slowbro|flinch\n|\n|-sideend|p2: pun1sher2|move: Light Screen\n|upkeep\n|\n|t:|1775949967\n|switch|p2b: Meowstic|Meowstic, L50, M|48/100\n|turn|7\n|-message|pun1sher2 forfeited.\n|\n|win|waaaawaaidk\n|raw|waaaawaaidk's rating: 1036 &rarr; <strong>1075</strong><br />(+39 for winning)\n|raw|pun1sher2's rating: 1076 &rarr; <strong>1052</strong><br />(-24 for losing)\n|l|\u2606pun1sher2\n|player|p2|\n",
  "uploadtime": 1775949972,
  "views": 10,
  "formatid": "gen9championsvgc2026regma",
  "rating": 1052,
  "private": 0,
  "password": null
}