{
  "id": "gen9championsvgc2026regma-2581376117",
  "format": "[Gen 9 Champions] VGC 2026 Reg M-A",
  "players": [
    "soulo333",
    "NiruSadaro"
  ],
  "log": "|j|\u2606soulo333\n|j|\u2606NiruSadaro\n|t:|1775993559\n|gametype|doubles\n|player|p1|soulo333|2|1156\n|player|p2|NiruSadaro|102|1243\n|gen|9\n|tier|[Gen 9 Champions] VGC 2026 Reg M-A\n|rated|\n|rule|Species Clause: Limit one of each Pok\u00e9mon\n|rule|Item Clause: Limit 1 of each item\n|clearpoke\n|poke|p1|Charizard, L50, F|\n|poke|p1|Kingambit, L50, F|\n|poke|p1|Rotom-Wash, L50|\n|poke|p1|Sinistcha, L50|\n|poke|p1|Ninetales-Alola, L50, F|\n|poke|p1|Sneasler, L50, F|\n|poke|p2|Sneasler, L50, M|\n|poke|p2|Kingambit, L50, F|\n|poke|p2|Clefable, L50, F|\n|poke|p2|Delphox, L50, F|\n|poke|p2|Dragonite, L50, F|\n|poke|p2|Basculegion, L50, M|\n|teampreview|4\n|inactive|Battle timer is ON: inactive players will automatically lose when time's up. (requested by NiruSadaro)\n|\n|t:|1775993586\n|teamsize|p1|4\n|teamsize|p2|4\n|start\n|switch|p1a: Sneasler|Sneasler, L50, F|100/100\n|switch|p1b: Rotom|Rotom-Wash, L50|100/100\n|switch|p2a: Kingambit|Kingambit, L50, F|100/100\n|switch|p2b: Sneasler|Sneasler, L50, M|100/100\n|turn|1\n|inactive|NiruSadaro has 30 seconds left.\n|\n|t:|1775993612\n|move|p2b: Sneasler|Fake Out|p1a: Sneasler\n|-damage|p1a: Sneasler|77/100\n|cant|p1a: Sneasler|flinch\n|move|p1b: Rotom|Will-O-Wisp|p2b: Sneasler|[miss]\n|-miss|p1b: Rotom|p2b: Sneasler\n|move|p2a: Kingambit|Swords Dance|p2a: Kingambit\n|-boost|p2a: Kingambit|atk|2\n|\n|upkeep\n|turn|2\n|\n|t:|1775993629\n|move|p1a: Sneasler|Protect|p1a: Sneasler\n|-singleturn|p1a: Sneasler|Protect\n|move|p2a: Kingambit|Sucker Punch||[still]\n|-fail|p2a: Kingambit\n|move|p2b: Sneasler|Close Combat|p1b: Rotom\n|-damage|p1b: Rotom|31/100\n|-unboost|p2b: Sneasler|def|1\n|-unboost|p2b: Sneasler|spd|1\n|-enditem|p1b: Rotom|Sitrus Berry|[eat]\n|-heal|p1b: Rotom|56/100|[from] item: Sitrus Berry\n|move|p1b: Rotom|Will-O-Wisp|p2b: Sneasler\n|-status|p2b: Sneasler|brn\n|\n|-damage|p2b: Sneasler|95/100 brn|[from] brn\n|upkeep\n|turn|3\n|inactive|NiruSadaro has 30 seconds left.\n|\n|t:|1775993654\n|move|p2a: Kingambit|Sucker Punch|p1a: Sneasler\n|-resisted|p1a: Sneasler|1\n|-crit|p1a: Sneasler\n|-damage|p1a: Sneasler|0 fnt\n|faint|p1a: Sneasler\n|move|p2b: Sneasler|Close Combat|p1b: Rotom\n|-damage|p1b: Rotom|21/100\n|-unboost|p2b: Sneasler|def|1\n|-unboost|p2b: Sneasler|spd|1\n|move|p1b: Rotom|Thunderbolt|p2b: Sneasler\n|-damage|p2b: Sneasler|1/100 brn\n|\n|-damage|p2b: Sneasler|0 fnt|[from] brn\n|faint|p2b: Sneasler\n|upkeep\n|\n|t:|1775993666\n|switch|p2b: Clefable|Clefable, L50, F|100/100\n|switch|p1a: Charizard|Charizard, L50, F|100/100\n|turn|4\n|\n|t:|1775993688\n|detailschange|p1a: Charizard|Charizard-Mega-X, L50, F\n|-mega|p1a: Charizard|Charizard|Charizardite X\n|move|p2b: Clefable|Follow Me|p2b: Clefable\n|-singleturn|p2b: Clefable|move: Follow Me\n|move|p2a: Kingambit|Sucker Punch||[still]\n|-fail|p2a: Kingambit\n|move|p1a: Charizard|Dragon Dance|p1a: Charizard\n|-boost|p1a: Charizard|atk|1\n|-boost|p1a: Charizard|spe|1\n|move|p1b: Rotom|Hydro Pump|p2b: Clefable|[miss]\n|-miss|p1b: Rotom|p2b: Clefable\n|\n|upkeep\n|turn|5\n|\n|t:|1775993702\n|move|p1a: Charizard|Protect|p1a: Charizard\n|-singleturn|p1a: Charizard|Protect\n|move|p2a: Kingambit|Protect|p2a: Kingambit\n|-singleturn|p2a: Kingambit|Protect\n|move|p1b: Rotom|Hydro Pump|p2b: Clefable\n|-damage|p2b: Clefable|60/100\n|move|p2b: Clefable|Moonblast|p1a: Charizard\n|-activate|p1a: Charizard|move: Protect\n|\n|upkeep\n|turn|6\n|\n|t:|1775993713\n|move|p2b: Clefable|Follow Me|p2b: Clefable\n|-singleturn|p2b: Clefable|move: Follow Me\n|move|p1a: Charizard|Flare Blitz|p2b: Clefable\n|-damage|p2b: Clefable|0 fnt\n|faint|p2b: Clefable\n|-damage|p1a: Charizard|79/100|[from] Recoil\n|move|p1b: Rotom|Will-O-Wisp|p2a: Kingambit\n|-status|p2a: Kingambit|brn\n|move|p2a: Kingambit|Kowtow Cleave|p1a: Charizard\n|-damage|p1a: Charizard|28/100\n|\n|-damage|p2a: Kingambit|95/100 brn|[from] brn\n|upkeep\n|\n|t:|1775993727\n|switch|p2b: Delphox|Delphox, L50, F|100/100\n|turn|7\n|inactive|NiruSadaro has 30 seconds left.\n|\n|t:|1775993758\n|detailschange|p2b: Delphox|Delphox-Mega, L50, F\n|-mega|p2b: Delphox|Delphox|Delphoxite\n|move|p2a: Kingambit|Sucker Punch|p1a: Charizard\n|-damage|p1a: Charizard|0 fnt\n|faint|p1a: Charizard\n|move|p2b: Delphox|Psychic|p1b: Rotom\n|-damage|p1b: Rotom|0 fnt\n|faint|p1b: Rotom\n|\n|-damage|p2a: Kingambit|89/100 brn|[from] brn\n|upkeep\n|\n|t:|1775993765\n|switch|p1b: Kingambit|Kingambit, L50, F|100/100\n|turn|8\n|-message|soulo333 forfeited.\n|\n|win|NiruSadaro\n|raw|soulo333's rating: 1156 &rarr; <strong>1137</strong><br />(-19 for losing)\n|raw|NiruSadaro's rating: 1243 &rarr; <strong>1262</strong><br />(+19 for winning)\n",
  "uploadtime": 1775993782,
  "views": 19,
  "formatid": "gen9championsvgc2026regma",
  "rating": 1137,
  "private": 0,
  "password": null
}