{
  "id": "gen9championsvgc2026regma-2582129889",
  "format": "[Gen 9 Champions] VGC 2026 Reg M-A",
  "players": [
    "Zeroarck76",
    "loklastaji"
  ],
  "log": "|j|\u2606Zeroarck76\n|j|\u2606loklastaji\n|t:|1776061822\n|gametype|doubles\n|player|p1|Zeroarck76|petrel|1294\n|player|p2|loklastaji|265|1306\n|gen|9\n|tier|[Gen 9 Champions] VGC 2026 Reg M-A\n|rated|\n|rule|Species Clause: Limit one of each Pok\u00e9mon\n|rule|Item Clause: Limit 1 of each item\n|clearpoke\n|poke|p1|Golurk, L50|\n|poke|p1|Hatterene, L50, F|\n|poke|p1|Torkoal, L50, M|\n|poke|p1|Gallade, L50, M|\n|poke|p1|Sinistcha, L50|\n|poke|p1|Incineroar, L50, F|\n|poke|p2|Samurott-Hisui, L50, M|\n|poke|p2|Mamoswine, L50, M|\n|poke|p2|Delphox, L50, M|\n|poke|p2|Tsareena, L50, F|\n|poke|p2|Corviknight, L50, M|\n|poke|p2|Altaria, L50, F|\n|teampreview|4\n|\n|t:|1776061861\n|teamsize|p1|4\n|teamsize|p2|4\n|start\n|switch|p1a: Gallade|Gallade, L50, M|100/100\n|switch|p1b: Sinistcha|Sinistcha, L50|100/100\n|switch|p2a: Samurott|Samurott-Hisui, L50, M|100/100\n|switch|p2b: Tsareena|Tsareena, L50, F|100/100\n|turn|1\n|\n|t:|1776061889\n|move|p1b: Sinistcha|Rage Powder|p1b: Sinistcha\n|-singleturn|p1b: Sinistcha|move: Rage Powder\n|move|p2a: Samurott|Ceaseless Edge|p1b: Sinistcha|[miss]\n|-miss|p2a: Samurott|p1b: Sinistcha\n|move|p2b: Tsareena|Taunt|p1b: Sinistcha\n|-start|p1b: Sinistcha|move: Taunt\n|move|p1a: Gallade|Trick Room|p1a: Gallade\n|-fieldstart|move: Trick Room|[of] p1a: Gallade\n|\n|upkeep\n|turn|2\n|\n|t:|1776061916\n|switch|p2a: Altaria|Altaria, L50, F|100/100\n|-ability|p2a: Altaria|Cloud Nine\n|move|p2b: Tsareena|Protect|p2b: Tsareena\n|-singleturn|p2b: Tsareena|Protect\n|move|p1a: Gallade|Sacred Sword|p2b: Tsareena\n|-activate|p2b: Tsareena|move: Protect\n|move|p1b: Sinistcha|Matcha Gotcha|p2b: Tsareena|[spread] p2a\n|-activate|p2b: Tsareena|move: Protect\n|-resisted|p2a: Altaria|2\n|-damage|p2a: Altaria|92/100\n|\n|upkeep\n|turn|3\n|\n|t:|1776061965\n|move|p1a: Gallade|Sacred Sword|p2b: Tsareena\n|-damage|p2b: Tsareena|3/100\n|move|p1b: Sinistcha|Matcha Gotcha|p2b: Tsareena|[spread] p2a,p2b\n|-resisted|p2a: Altaria|2\n|-resisted|p2b: Tsareena|1\n|-damage|p2a: Altaria|84/100\n|-damage|p2b: Tsareena|0 fnt\n|faint|p2b: Tsareena\n|move|p2a: Altaria|Hurricane|p1a: Gallade\n|-supereffective|p1a: Gallade|1\n|-damage|p1a: Gallade|34/100\n|\n|upkeep\n|\n|t:|1776061981\n|switch|p2b: Samurott|Samurott-Hisui, L50, M|100/100\n|turn|4\n|\n|t:|1776062000\n|move|p2a: Altaria|Protect|p2a: Altaria\n|-singleturn|p2a: Altaria|Protect\n|move|p2b: Samurott|Sucker Punch|p1a: Gallade\n|-damage|p1a: Gallade|0 fnt\n|faint|p1a: Gallade\n|move|p1b: Sinistcha|Matcha Gotcha|p2a: Altaria|[spread] p2b\n|-activate|p2a: Altaria|move: Protect\n|-supereffective|p2b: Samurott|1\n|-damage|p2b: Samurott|12/100\n|\n|-end|p1b: Sinistcha|move: Taunt\n|upkeep\n|\n|t:|1776062022\n|switch|p1a: Golurk|Golurk, L50|100/100\n|turn|5\n|\n|t:|1776062090\n|switch|p2b: Mamoswine|Mamoswine, L50, M|100/100\n|detailschange|p1a: Golurk|Golurk-Mega, L50\n|-mega|p1a: Golurk|Golurk|Golurkite\n|move|p1b: Sinistcha|Rage Powder|p1b: Sinistcha\n|-singleturn|p1b: Sinistcha|move: Rage Powder\n|move|p1a: Golurk|Headlong Rush|p2b: Mamoswine\n|-damage|p2b: Mamoswine|10/100\n|-unboost|p1a: Golurk|def|1\n|-unboost|p1a: Golurk|spd|1\n|move|p2a: Altaria|Hurricane|p1b: Sinistcha\n|-supereffective|p1b: Sinistcha|1\n|-damage|p1b: Sinistcha|11/100\n|\n|-heal|p1b: Sinistcha|17/100|[from] item: Leftovers\n|-fieldend|move: Trick Room\n|upkeep\n|turn|6\n|\n|t:|1776062137\n|detailschange|p2a: Altaria|Altaria-Mega, L50, F\n|-mega|p2a: Altaria|Altaria|Altarianite\n|move|p2b: Mamoswine|Ice Shard|p1a: Golurk\n|-supereffective|p1a: Golurk|1\n|-damage|p1a: Golurk|45/100\n|move|p2a: Altaria|Hyper Voice|p1b: Sinistcha|[spread] p1a,p1b\n|-damage|p1a: Golurk|0 fnt\n|-damage|p1b: Sinistcha|0 fnt\n|faint|p1a: Golurk\n|faint|p1b: Sinistcha\n|\n|upkeep\n|\n|t:|1776062154\n|switch|p1b: Torkoal|Torkoal, L50, M|100/100\n|-weather|SunnyDay|[from] ability: Drought|[of] p1b: Torkoal\n|turn|7\n|-message|Zeroarck76 forfeited.\n|\n|win|loklastaji\n|raw|Zeroarck76's rating: 1294 &rarr; <strong>1270</strong><br />(-24 for losing)\n|raw|loklastaji's rating: 1306 &rarr; <strong>1325</strong><br />(+19 for winning)\n|l|\u2606Zeroarck76\n|player|p1|\n",
  "uploadtime": 1776062199,
  "views": 18,
  "formatid": "gen9championsvgc2026regma",
  "rating": 1270,
  "private": 0,
  "password": null
}