{
  "id": "gen9championsvgc2026regma-2584145460",
  "format": "[Gen 9 Champions] VGC 2026 Reg M-A",
  "players": [
    "B3ns0nR3gularShow",
    "I am one of"
  ],
  "log": "|j|\u2606B3ns0nR3gularShow\n|j|\u2606I am one of\n|t:|1776230439\n|gametype|doubles\n|player|p1|B3ns0nR3gularShow|swimmer-gen4|1038\n|player|p2|I am one of|blackbelt-gen4dp|1019\n|gen|9\n|tier|[Gen 9 Champions] VGC 2026 Reg M-A\n|rated|\n|rule|Species Clause: Limit one of each Pok\u00e9mon\n|rule|Item Clause: Limit 1 of each item\n|clearpoke\n|poke|p1|Palafin, L50, F|\n|poke|p1|Pelipper, L50, F|\n|poke|p1|Blastoise, L50, F|\n|poke|p1|Whimsicott, L50, M|\n|poke|p1|Archaludon, L50, M|\n|poke|p1|Corviknight, L50, F|\n|poke|p2|Drampa, L50, M|\n|poke|p2|Sinistcha-Masterpiece, L50|\n|poke|p2|Alakazam, L50, M|\n|poke|p2|Aerodactyl, L50, F|\n|poke|p2|Hawlucha, L50, F|\n|poke|p2|Excadrill, L50, M|\n|teampreview|4\n|inactive|Battle timer is ON: inactive players will automatically lose when time's up. (requested by B3ns0nR3gularShow)\n|inactive|I am one of also wants the timer to be on.\n|\n|t:|1776230458\n|teamsize|p1|4\n|teamsize|p2|4\n|start\n|switch|p1a: Palafin|Palafin, L50, F|100/100\n|switch|p1b: Whimsicott|Whimsicott, L50, M|100/100\n|switch|p2a: Drampa|Drampa, L50, M|100/100\n|switch|p2b: Alakazam|Alakazam, L50, M|100/100\n|turn|1\n|\n|t:|1776230480\n|detailschange|p1a: Palafin|Palafin-Hero, L50, F\n|switch|p1a: Corviknight|Corviknight, L50, F|100/100\n|-ability|p1a: Corviknight|Pressure\n|detailschange|p2a: Drampa|Drampa-Mega, L50, M\n|-mega|p2a: Drampa|Drampa|Drampanite\n|move|p2b: Alakazam|Speed Swap|p2a: Drampa\n|-activate|p2b: Alakazam|move: Speed Swap|[of] p2a: Drampa\n|move|p2a: Drampa|Calm Mind|p2a: Drampa\n|-boost|p2a: Drampa|spa|1\n|-boost|p2a: Drampa|spd|1\n|move|p1b: Whimsicott|Dazzling Gleam|p2a: Drampa|[spread] p2a,p2b\n|-supereffective|p2a: Drampa|1\n|-damage|p2a: Drampa|78/100\n|-damage|p2b: Alakazam|75/100\n|\n|upkeep\n|turn|2\n|\n|t:|1776230504\n|move|p1b: Whimsicott|Light Screen|p1b: Whimsicott\n|-sidestart|p1: B3ns0nR3gularShow|move: Light Screen\n|move|p2a: Drampa|Heat Wave|p1b: Whimsicott|[spread] p1a,p1b\n|-supereffective|p1a: Corviknight|1\n|-supereffective|p1b: Whimsicott|1\n|-enditem|p1b: Whimsicott|Occa Berry|[eat]\n|-enditem|p1b: Whimsicott|Occa Berry|[weaken]\n|-damage|p1a: Corviknight|37/100\n|-damage|p1b: Whimsicott|70/100\n|-status|p1a: Corviknight|brn\n|-status|p1b: Whimsicott|brn\n|move|p1a: Corviknight|Brave Bird|p2a: Drampa\n|-damage|p2a: Drampa|60/100\n|-damage|p1a: Corviknight|31/100 brn|[from] Recoil\n|move|p2b: Alakazam|Focus Blast|p1a: Corviknight\n|-damage|p1a: Corviknight|9/100 brn\n|\n|-damage|p1b: Whimsicott|64/100 brn|[from] brn\n|-damage|p1a: Corviknight|3/100 brn|[from] brn\n|upkeep\n|turn|3\n|\n|t:|1776230526\n|move|p1b: Whimsicott|Leech Seed|p2a: Drampa\n|-start|p2a: Drampa|move: Leech Seed\n|move|p2a: Drampa|Heat Wave|p1b: Whimsicott|[spread] p1a,p1b\n|-supereffective|p1a: Corviknight|1\n|-supereffective|p1b: Whimsicott|1\n|-damage|p1a: Corviknight|0 fnt\n|-damage|p1b: Whimsicott|0 fnt\n|faint|p1a: Corviknight\n|faint|p1b: Whimsicott\n|move|p2b: Alakazam|Focus Blast|p1: Corviknight|[notarget]\n|-fail|p2b: Alakazam\n|\n|upkeep\n|\n|t:|1776230532\n|switch|p1b: Palafin|Palafin-Hero, L50, F|100/100\n|switch|p1a: Pelipper|Pelipper, L50, F|100/100\n|-activate|p1b: Palafin|ability: Zero to Hero\n|-weather|RainDance|[from] ability: Drizzle|[of] p1a: Pelipper\n|turn|4\n|\n|t:|1776230549\n|move|p2a: Drampa|Hyper Voice|p1b: Palafin|[spread] p1a,p1b\n|-damage|p1a: Pelipper|27/100\n|-damage|p1b: Palafin|57/100\n|move|p1b: Palafin|Ice Punch|p2a: Drampa\n|-supereffective|p2a: Drampa|1\n|-damage|p2a: Drampa|0 fnt\n|faint|p2a: Drampa\n|move|p1a: Pelipper|Hurricane|p2b: Alakazam\n|-damage|p2b: Alakazam|7/100\n|move|p2b: Alakazam|Psychic|p1b: Palafin\n|-damage|p1b: Palafin|33/100\n|\n|-weather|RainDance|[upkeep]\n|upkeep\n|\n|t:|1776230566\n|switch|p2a: Sinistcha|Sinistcha-Masterpiece, L50|100/100\n|-heal|p2b: Alakazam|32/100|[from] ability: Hospitality|[of] p2a: Sinistcha\n|turn|5\n|\n|t:|1776230580\n|move|p1b: Palafin|Jet Punch|p2b: Alakazam\n|-damage|p2b: Alakazam|0 fnt\n|faint|p2b: Alakazam\n|move|p1a: Pelipper|Hurricane|p2a: Sinistcha\n|-supereffective|p2a: Sinistcha|1\n|-crit|p2a: Sinistcha\n|-damage|p2a: Sinistcha|0 fnt\n|faint|p2a: Sinistcha\n|\n|-weather|RainDance|[upkeep]\n|upkeep\n|\n|t:|1776230588\n|switch|p2b: Aerodactyl|Aerodactyl, L50, F|100/100\n|-ability|p2b: Aerodactyl|Unnerve\n|turn|6\n|\n|t:|1776230597\n|move|p1b: Palafin|Jet Punch|p2b: Aerodactyl\n|-supereffective|p2b: Aerodactyl|1\n|-damage|p2b: Aerodactyl|0 fnt\n|faint|p2b: Aerodactyl\n|\n|win|B3ns0nR3gularShow\n|raw|B3ns0nR3gularShow's rating: 1038 &rarr; <strong>1070</strong><br />(+32 for winning)\n|raw|I am one of's rating: 1019 &rarr; <strong>1007</strong><br />(-12 for losing)\n",
  "uploadtime": 1776230602,
  "views": 20,
  "formatid": "gen9championsvgc2026regma",
  "rating": 1007,
  "private": 0,
  "password": null
}