{
  "id": "gen9championsvgc2026regma-2582967900",
  "format": "[Gen 9 Champions] VGC 2026 Reg M-A",
  "players": [
    "ataraxiacg",
    "bmbrvr"
  ],
  "log": "|j|\u2606ataraxiacg\n|j|\u2606bmbrvr\n|t:|1776129311\n|gametype|doubles\n|player|p1|ataraxiacg|clair|1040\n|player|p2|bmbrvr|silver|1127\n|gen|9\n|tier|[Gen 9 Champions] VGC 2026 Reg M-A\n|rated|\n|rule|Species Clause: Limit one of each Pok\u00e9mon\n|rule|Item Clause: Limit 1 of each item\n|clearpoke\n|poke|p1|Aerodactyl, L50, F|\n|poke|p1|Meowscarada, L50, M|\n|poke|p1|Floette-Eternal, L50, F|\n|poke|p1|Maushold, L50|\n|poke|p1|Basculegion, L50, M|\n|poke|p1|Sneasler, L50, F|\n|poke|p2|Floette-Eternal, L50, F|\n|poke|p2|Delphox, L50, F|\n|poke|p2|Garchomp, L50, M|\n|poke|p2|Talonflame, L50, M|\n|poke|p2|Zoroark-Hisui, L50, F|\n|poke|p2|Weavile, L50, F|\n|teampreview|4\n|inactive|Battle timer is ON: inactive players will automatically lose when time's up. (requested by bmbrvr)\n|inactive|ataraxiacg has 60 seconds left.\n|inactive|bmbrvr has 60 seconds left.\n|\n|t:|1776129363\n|teamsize|p1|4\n|teamsize|p2|4\n|start\n|switch|p1a: Aerodactyl|Aerodactyl, L50, F|100/100\n|switch|p1b: Basculegion|Basculegion, L50, M|100/100\n|switch|p2a: Weavile|Weavile, L50, F|100/100\n|switch|p2b: Garchomp|Garchomp, L50, M|100/100\n|-ability|p1a: Aerodactyl|Unnerve\n|-ability|p2a: Weavile|Pressure\n|turn|1\n|inactive|ataraxiacg has 30 seconds left.\n|inactive|ataraxiacg has 20 seconds left.\n|inactive|ataraxiacg has 15 seconds left.\n|\n|t:|1776129405\n|move|p2a: Weavile|Fake Out|p1a: Aerodactyl\n|-resisted|p1a: Aerodactyl|1\n|-crit|p1a: Aerodactyl\n|-damage|p1a: Aerodactyl|84/100\n|move|p2b: Garchomp|Icy Wind|p1a: Aerodactyl|[spread] p1a,p1b\n|-supereffective|p1a: Aerodactyl|1\n|-resisted|p1b: Basculegion|1\n|-damage|p1a: Aerodactyl|39/100\n|-damage|p1b: Basculegion|92/100\n|-unboost|p1a: Aerodactyl|spe|1\n|-unboost|p1b: Basculegion|spe|1\n|move|p1b: Basculegion|Flip Turn|p2b: Garchomp\n|-damage|p2b: Garchomp|19/100\n|replace|p2b: Zoroark|Zoroark-Hisui, L50, F\n|-end|p2b: Zoroark|Illusion\n|\n|t:|1776129424\n|switch|p1b: Floette|Floette-Eternal, L50, F|100/100|[from] Flip Turn\n|cant|p1a: Aerodactyl|flinch\n|\n|upkeep\n|turn|2\n|inactive|ataraxiacg has 30 seconds left.\n|\n|t:|1776129459\n|move|p1a: Aerodactyl|Protect|p1a: Aerodactyl\n|-singleturn|p1a: Aerodactyl|Protect\n|move|p2b: Zoroark|Icy Wind|p1b: Floette|[spread] p1b\n|-activate|p1a: Aerodactyl|move: Protect\n|-damage|p1b: Floette|85/100\n|-unboost|p1b: Floette|spe|1\n|move|p2a: Weavile|Icicle Crash|p1b: Floette\n|-damage|p1b: Floette|16/100\n|cant|p1b: Floette|flinch\n|\n|upkeep\n|turn|3\n|inactive|bmbrvr has 30 seconds left.\n|\n|t:|1776129488\n|detailschange|p1b: Floette|Floette-Mega, L50, F\n|-mega|p1b: Floette|Floette|Floettite\n|-ability|p1b: Floette|Fairy Aura\n|move|p1b: Floette|Protect|p1b: Floette\n|-singleturn|p1b: Floette|Protect\n|move|p2b: Zoroark|Icy Wind|p1a: Aerodactyl|[spread] p1a\n|-activate|p1b: Floette|move: Protect\n|-supereffective|p1a: Aerodactyl|1\n|-damage|p1a: Aerodactyl|0 fnt\n|faint|p1a: Aerodactyl\n|move|p2a: Weavile|Fake Tears|p1b: Floette\n|-activate|p1b: Floette|move: Protect\n|\n|upkeep\n|\n|t:|1776129504\n|switch|p1a: Basculegion|Basculegion, L50, M|92/100\n|turn|4\n|\n|t:|1776129517\n|move|p1a: Basculegion|Aqua Jet|p2b: Zoroark\n|-damage|p2b: Zoroark|0 fnt\n|faint|p2b: Zoroark\n|move|p2a: Weavile|Icicle Crash|p1b: Floette\n|-damage|p1b: Floette|0 fnt\n|faint|p1b: Floette\n|\n|upkeep\n|\n|t:|1776129539\n|switch|p1b: Sneasler|Sneasler, L50, F|100/100\n|switch|p2b: Floette|Floette-Eternal, L50, F|100/100\n|turn|5\n|inactive|ataraxiacg has 30 seconds left.\n|inactive|bmbrvr has 30 seconds left.\n|\n|t:|1776129566\n|move|p2b: Floette|Protect|p2b: Floette\n|-singleturn|p2b: Floette|Protect\n|move|p1a: Basculegion|Aqua Jet|p2b: Floette\n|-activate|p2b: Floette|move: Protect\n|move|p2a: Weavile|Fake Tears|p1a: Basculegion\n|-unboost|p1a: Basculegion|spd|2\n|move|p1b: Sneasler|Dire Claw|p2b: Floette\n|-activate|p2b: Floette|move: Protect\n|\n|upkeep\n|turn|6\n|\n|t:|1776129590\n|switch|p2b: Garchomp|Garchomp, L50, M|100/100\n|move|p1a: Basculegion|Aqua Jet|p2b: Garchomp\n|-damage|p2b: Garchomp|75/100\n|-damage|p1a: Basculegion|80/100|[from] ability: Rough Skin|[of] p2b: Garchomp\n|move|p2a: Weavile|Icicle Crash|p1b: Sneasler\n|-damage|p1b: Sneasler|32/100\n|move|p1b: Sneasler|Dire Claw|p2b: Garchomp\n|-resisted|p2b: Garchomp|1\n|-damage|p2b: Garchomp|52/100\n|-status|p2b: Garchomp|par\n|-damage|p1b: Sneasler|20/100|[from] ability: Rough Skin|[of] p2b: Garchomp\n|\n|upkeep\n|turn|7\n|inactive|bmbrvr has 30 seconds left.\n|\n|t:|1776129622\n|move|p1b: Sneasler|Protect|p1b: Sneasler\n|-singleturn|p1b: Sneasler|Protect\n|move|p1a: Basculegion|Aqua Jet|p2a: Weavile\n|-damage|p2a: Weavile|50/100\n|move|p2a: Weavile|Icicle Crash|p1b: Sneasler\n|-activate|p1b: Sneasler|move: Protect\n|move|p2b: Garchomp|Rock Slide|p1a: Basculegion|[spread] \n|-activate|p1b: Sneasler|move: Protect\n|-miss|p2b: Garchomp|p1a: Basculegion\n|\n|upkeep\n|turn|8\n|inactive|bmbrvr has 30 seconds left.\n|\n|t:|1776129649\n|move|p1a: Basculegion|Aqua Jet|p2a: Weavile\n|-damage|p2a: Weavile|4/100\n|move|p2a: Weavile|Icicle Crash|p1b: Sneasler\n|-damage|p1b: Sneasler|0 fnt\n|faint|p1b: Sneasler\n|move|p2b: Garchomp|Earthquake|p1a: Basculegion|[spread] p2a,p1a\n|-damage|p2a: Weavile|0 fnt\n|-damage|p1a: Basculegion|25/100\n|faint|p2a: Weavile\n|\n|upkeep\n|\n|t:|1776129655\n|switch|p2a: Floette|Floette-Eternal, L50, F|100/100\n|turn|9\n|\n|t:|1776129664\n|detailschange|p2a: Floette|Floette-Mega, L50, F\n|-mega|p2a: Floette|Floette|Floettite\n|-ability|p2a: Floette|Fairy Aura\n|move|p2a: Floette|Protect|p2a: Floette\n|-singleturn|p2a: Floette|Protect\n|move|p1a: Basculegion|Aqua Jet|p2b: Garchomp\n|-damage|p2b: Garchomp|28/100 par\n|-damage|p1a: Basculegion|13/100|[from] ability: Rough Skin|[of] p2b: Garchomp\n|move|p2b: Garchomp|Earthquake|p1a: Basculegion|[spread] p1a\n|-activate|p2a: Floette|move: Protect\n|-damage|p1a: Basculegion|0 fnt\n|faint|p1a: Basculegion\n|\n|win|bmbrvr\n|raw|ataraxiacg's rating: 1040 &rarr; <strong>1028</strong><br />(-12 for losing)\n|raw|bmbrvr's rating: 1127 &rarr; <strong>1146</strong><br />(+19 for winning)\n",
  "uploadtime": 1776129680,
  "views": 20,
  "formatid": "gen9championsvgc2026regma",
  "rating": 1028,
  "private": 0,
  "password": null
}