{
  "id": "gen9championsvgc2026regma-2585705871",
  "format": "[Gen 9 Champions] VGC 2026 Reg M-A",
  "players": [
    "SeeAll",
    "snipedrone"
  ],
  "log": "|j|\u2606SeeAll\n|j|\u2606snipedrone\n|t:|1776364985\n|gametype|doubles\n|player|p1|SeeAll|ghetsis|1109\n|player|p2|snipedrone|266|1160\n|gen|9\n|tier|[Gen 9 Champions] VGC 2026 Reg M-A\n|rated|\n|rule|Species Clause: Limit one of each Pok\u00e9mon\n|rule|Item Clause: Limit 1 of each item\n|clearpoke\n|poke|p1|Charizard, L50, M|\n|poke|p1|Incineroar, L50, M|\n|poke|p1|Sneasler, L50, F|\n|poke|p1|Milotic, L50, M|\n|poke|p1|Sinistcha, L50|\n|poke|p1|Rotom-Wash, L50|\n|poke|p2|Gengar, L50, F|\n|poke|p2|Politoed, L50, M|\n|poke|p2|Archaludon, L50, M|\n|poke|p2|Sinistcha, L50|\n|poke|p2|Incineroar, L50, M|\n|poke|p2|Palafin, L50, M|\n|teampreview|4\n|inactive|Battle timer is ON: inactive players will automatically lose when time's up. (requested by SeeAll)\nSeeAll rejected open team sheets.\n|c|\u2606SeeAll|come on little boy\n|inactive|snipedrone has 60 seconds left.\n|c|\u2606SeeAll|anyway you lose\n|c|\u2606snipedrone|keep it right down speccy\n|c|\u2606snipedrone|and get a job\n|inactive|snipedrone has 30 seconds left.\n|c|\u2606SeeAll|haha come on baby boy\n|\n|t:|1776365075\n|teamsize|p1|4\n|teamsize|p2|4\n|start\n|switch|p1a: Milotic|Milotic, L50, M, shiny|100/100\n|switch|p1b: Rotom|Rotom-Wash, L50, shiny|100/100\n|switch|p2a: Palafin|Palafin, L50, M, shiny|100/100\n|switch|p2b: Archaludon|Archaludon, L50, M, shiny|100/100\n|turn|1\n|inactive|SeeAll has 30 seconds left.\n|\n|t:|1776365100\n|move|p1a: Milotic|Protect|p1a: Milotic\n|-singleturn|p1a: Milotic|Protect\n|move|p2a: Palafin|Flip Turn|p1b: Rotom\n|-resisted|p1b: Rotom|1\n|-crit|p1b: Rotom\n|-damage|p1b: Rotom|79/100\n|\n|t:|1776365104\n|detailschange|p2a: Palafin|Palafin-Hero, L50, M, shiny\n|switch|p2a: Politoed|Politoed, L50, M, shiny|100/100|[from] Flip Turn\n|-weather|RainDance|[from] ability: Drizzle|[of] p2a: Politoed\n|move|p1b: Rotom|Volt Switch|p2a: Politoed\n|-supereffective|p2a: Politoed|1\n|-damage|p2a: Politoed|51/100\n|\n|t:|1776365114\n|switch|p1b: Sneasler|Sneasler, L50, F, shiny|100/100|[from] Volt Switch\n|move|p2b: Archaludon|Electro Shot||[still]\n|-prepare|p2b: Archaludon|Electro Shot\n|-boost|p2b: Archaludon|spa|1\n|-anim|p2b: Archaludon|Electro Shot|p1a: Milotic\n|-activate|p1a: Milotic|move: Protect\n|\n|-weather|RainDance|[upkeep]\n|-heal|p2a: Politoed|57/100|[from] item: Leftovers\n|upkeep\n|turn|2\n|inactive|snipedrone has 30 seconds left.\n|\n|t:|1776365140\n|move|p2b: Archaludon|Protect|p2b: Archaludon\n|-singleturn|p2b: Archaludon|Protect\n|move|p2a: Politoed|Protect|p2a: Politoed\n|-singleturn|p2a: Politoed|Protect\n|move|p1b: Sneasler|Close Combat|p2b: Archaludon\n|-activate|p2b: Archaludon|move: Protect\n|move|p1a: Milotic|Scald|p2a: Politoed\n|-activate|p2a: Politoed|move: Protect\n|\n|-weather|RainDance|[upkeep]\n|-heal|p2a: Politoed|63/100|[from] item: Leftovers\n|upkeep\n|turn|3\n|\n|t:|1776365155\n|move|p1b: Sneasler|Close Combat|p2b: Archaludon\n|-supereffective|p2b: Archaludon|1\n|-ability|p2b: Archaludon|Sturdy\n|-damage|p2b: Archaludon|1/100\n|-unboost|p1b: Sneasler|def|1\n|-unboost|p1b: Sneasler|spd|1\n|-enditem|p1b: Sneasler|White Herb\n|-clearnegativeboost|p1b: Sneasler|[silent]\n|move|p2b: Archaludon|Electro Shot||[still]\n|-prepare|p2b: Archaludon|Electro Shot\n|-boost|p2b: Archaludon|spa|1\n|-anim|p2b: Archaludon|Electro Shot|p1b: Sneasler\n|-damage|p1b: Sneasler|0 fnt\n|faint|p1b: Sneasler\n|move|p1a: Milotic|Scald|p2b: Archaludon\n|-resisted|p2b: Archaludon|1\n|-damage|p2b: Archaludon|0 fnt\n|faint|p2b: Archaludon\n|move|p2a: Politoed|Weather Ball|p1a: Milotic\n|-resisted|p1a: Milotic|1\n|-damage|p1a: Milotic|79/100\n|\n|-weather|RainDance|[upkeep]\n|-heal|p1a: Milotic|85/100|[from] item: Leftovers\n|-heal|p2a: Politoed|69/100|[from] item: Leftovers\n|upkeep\n|\n|t:|1776365172\n|switch|p1b: Rotom|Rotom-Wash, L50, shiny|79/100\n|switch|p2b: Gengar|Gengar, L50, F|100/100\n|turn|4\n|inactive|snipedrone has 30 seconds left.\n|\n|t:|1776365203\n|detailschange|p2b: Gengar|Gengar-Mega, L50, F\n|-mega|p2b: Gengar|Gengar|Gengarite\n|move|p2b: Gengar|Protect|p2b: Gengar\n|-singleturn|p2b: Gengar|Protect\n|move|p1b: Rotom|Electroweb|p2a: Politoed|[spread] p2a\n|-activate|p2b: Gengar|move: Protect\n|-supereffective|p2a: Politoed|1\n|-damage|p2a: Politoed|38/100\n|-unboost|p2a: Politoed|spe|1\n|move|p1a: Milotic|Scald|p2b: Gengar\n|-activate|p2b: Gengar|move: Protect\n|move|p2a: Politoed|Perish Song|p2a: Politoed\n|-start|p1a: Milotic|perish3|[silent]\n|-start|p1b: Rotom|perish3|[silent]\n|-start|p2a: Politoed|perish3|[silent]\n|-start|p2b: Gengar|perish3|[silent]\n|-fieldactivate|move: Perish Song\n|\n|-weather|RainDance|[upkeep]\n|-heal|p1a: Milotic|91/100|[from] item: Leftovers\n|-heal|p2a: Politoed|45/100|[from] item: Leftovers\n|-start|p1b: Rotom|perish3\n|-start|p2b: Gengar|perish3\n|-start|p1a: Milotic|perish3\n|-start|p2a: Politoed|perish3\n|upkeep\n|turn|5\n|inactive|SeeAll has 30 seconds left.\n|\n|t:|1776365229\n|move|p2a: Politoed|Protect|p2a: Politoed\n|-singleturn|p2a: Politoed|Protect\n|move|p1b: Rotom|Electroweb|p2b: Gengar|[spread] p2b\n|-activate|p2a: Politoed|move: Protect\n|-damage|p2b: Gengar|80/100\n|-unboost|p2b: Gengar|spe|1\n|move|p2b: Gengar|Substitute|p2b: Gengar\n|-start|p2b: Gengar|Substitute\n|-damage|p2b: Gengar|56/100\n|move|p1a: Milotic|Scald|p2b: Gengar\n|-end|p2b: Gengar|Substitute\n|\n|-weather|none\n|-heal|p1a: Milotic|97/100|[from] item: Leftovers\n|-heal|p2a: Politoed|51/100|[from] item: Leftovers\n|-start|p1b: Rotom|perish2\n|-start|p2b: Gengar|perish2\n|-start|p1a: Milotic|perish2\n|-start|p2a: Politoed|perish2\n|upkeep\n|turn|6\n|inactive|SeeAll has 30 seconds left.\n|n|!SeeAll|seeall\n|inactive|SeeAll has 20 seconds left.\n|inactive|SeeAll has 15 seconds left.\n|\n|t:|1776365270\n|switch|p2a: Palafin|Palafin-Hero, L50, M, shiny|100/100\n|-activate|p2a: Palafin|ability: Zero to Hero\n|move|p2b: Gengar|Protect|p2b: Gengar\n|-singleturn|p2b: Gengar|Protect\n|move|p1b: Rotom|Electroweb|p2a: Palafin|[spread] p2a\n|-activate|p2b: Gengar|move: Protect\n|-supereffective|p2a: Palafin|1\n|-damage|p2a: Palafin|56/100\n|-unboost|p2a: Palafin|spe|1\n|move|p1a: Milotic|Scald|p2a: Palafin\n|-resisted|p2a: Palafin|1\n|-damage|p2a: Palafin|36/100\n|-status|p2a: Palafin|brn\n|\n|-heal|p1a: Milotic|100/100|[from] item: Leftovers\n|-damage|p2a: Palafin|30/100 brn|[from] brn\n|-start|p1b: Rotom|perish1\n|-start|p2b: Gengar|perish1\n|-start|p1a: Milotic|perish1\n|upkeep\n|turn|7\n|\n|t:|1776365294\n|switch|p2b: Politoed|Politoed, L50, M, shiny|51/100\n|-weather|RainDance|[from] ability: Drizzle|[of] p2b: Politoed\n|move|p1b: Rotom|Electroweb|p2a: Palafin|[spread] p2a,p2b\n|-supereffective|p2a: Palafin|1\n|-supereffective|p2b: Politoed|1\n|-damage|p2a: Palafin|0 fnt\n|-damage|p2b: Politoed|19/100\n|-unboost|p2b: Politoed|spe|1\n|faint|p2a: Palafin\n|move|p1a: Milotic|Scald|p2b: Politoed\n|-resisted|p2b: Politoed|1\n|-damage|p2b: Politoed|0 fnt\n|faint|p2b: Politoed\n|\n|-weather|RainDance|[upkeep]\n|-start|p1b: Rotom|perish0\n|-start|p1a: Milotic|perish0\n|upkeep\n|faint|p1b: Rotom\n|faint|p1a: Milotic\n|\n|t:|1776365314\n|switch|p1b: Charizard|Charizard, L50, M, shiny|100/100\n|switch|p2b: Gengar|Gengar-Mega, L50, F|56/100\n|turn|8\n|c|\u2606snipedrone|take ur time mate you slow child :D\n|-message|snipedrone forfeited.\n|\n|win|SeeAll\n",
  "uploadtime": 1776365255,
  "views": 16,
  "formatid": "gen9championsvgc2026regma",
  "rating": null,
  "private": 0,
  "password": null
}