{
  "id": "gen9championsvgc2026regma-2581824845",
  "format": "[Gen 9 Champions] VGC 2026 Reg M-A",
  "players": [
    "willcodeforpokemon",
    "Sevaunn"
  ],
  "log": "|j|\u2606willcodeforpokemon\n|j|\u2606Sevaunn\n|t:|1776031432\n|gametype|doubles\n|player|p1|willcodeforpokemon|265|1163\n|player|p2|Sevaunn|hilbert|1101\n|gen|9\n|tier|[Gen 9 Champions] VGC 2026 Reg M-A\n|rated|\n|rule|Species Clause: Limit one of each Pok\u00e9mon\n|rule|Item Clause: Limit 1 of each item\n|clearpoke\n|poke|p1|Primarina, L50, M|\n|poke|p1|Kangaskhan, L50, F|\n|poke|p1|Scovillain, L50, F|\n|poke|p1|Kingambit, L50, M|\n|poke|p1|Dragonite, L50, M|\n|poke|p1|Rhyperior, L50, F|\n|poke|p2|Excadrill, L50, F|\n|poke|p2|Tyranitar, L50, M|\n|poke|p2|Gyarados, L50, M|\n|poke|p2|Raichu, L50, F|\n|poke|p2|Dragonite, L50, F|\n|poke|p2|Primarina, L50, F|\n|teampreview|4\n|l|\u2606Sevaunn\n|player|p2|\n|\n|t:|1776031510\n|teamsize|p1|4\n|teamsize|p2|4\n|start\n|switch|p1a: Kangaskhan|Kangaskhan, L50, F|100/100\n|switch|p1b: Scovillain|Scovillain, L50, F|100/100\n|switch|p2a: AY|Raichu, L50, F|100/100\n|switch|p2b: D.DAWG|Dragonite, L50, F|100/100\n|turn|1\n|j|\u2606Sevaunn\n|player|p2|Sevaunn|hilbert|\n|\n|t:|1776031537\n|detailschange|p1b: Scovillain|Scovillain-Mega, L50, F\n|-mega|p1b: Scovillain|Scovillain|Scovillainite\n|move|p2a: AY|Fake Out|p1b: Scovillain\n|-damage|p1b: Scovillain|93/100\n|-status|p2a: AY|brn|[from] ability: Spicy Spray|[of] p1b: Scovillain\n|move|p1a: Kangaskhan|Fake Out|p2b: D.DAWG\n|-damage|p2b: D.DAWG|74/100\n|cant|p1b: Scovillain|flinch\n|move|p2b: D.DAWG|Dragon Dance|p2b: D.DAWG\n|-boost|p2b: D.DAWG|atk|1\n|-boost|p2b: D.DAWG|spe|1\n|\n|-damage|p2a: AY|95/100 brn|[from] brn\n|upkeep\n|turn|2\n|\n|t:|1776031564\n|move|p1b: Scovillain|Rage Powder|p1b: Scovillain\n|-singleturn|p1b: Scovillain|move: Rage Powder\n|move|p2b: D.DAWG|Dragon Dance|p2b: D.DAWG\n|-boost|p2b: D.DAWG|atk|1\n|-boost|p2b: D.DAWG|spe|1\n|move|p2a: AY|Encore|p1b: Scovillain\n|-start|p1b: Scovillain|Encore\n|move|p1a: Kangaskhan|Double-Edge|p2b: D.DAWG\n|-damage|p2b: D.DAWG|0 fnt\n|faint|p2b: D.DAWG\n|-damage|p1a: Kangaskhan|77/100|[from] Recoil\n|\n|-damage|p2a: AY|89/100 brn|[from] brn\n|upkeep\n|\n|t:|1776031572\n|switch|p2b: SANDASAURUS|Tyranitar, L50, M, shiny|100/100\n|-weather|Sandstorm|[from] ability: Sand Stream|[of] p2b: SANDASAURUS\n|turn|3\n|\n|t:|1776031579\n|move|p1b: Scovillain|Rage Powder|p1b: Scovillain\n|-singleturn|p1b: Scovillain|move: Rage Powder\n|move|p2a: AY|Volt Switch|p1b: Scovillain\n|-resisted|p1b: Scovillain|1\n|-damage|p1b: Scovillain|78/100\n|\n|t:|1776031582\n|switch|p2a: bob the UNBLDR|Excadrill, L50, F|100/100|[from] Volt Switch\n|move|p1a: Kangaskhan|Drain Punch|p2b: SANDASAURUS\n|-supereffective|p2b: SANDASAURUS|2\n|-damage|p2b: SANDASAURUS|12/100\n|-heal|p1a: Kangaskhan|100/100|[from] drain|[of] p2b: SANDASAURUS\n|move|p2b: SANDASAURUS|Rock Slide|p1b: Scovillain|[spread] p1a,p1b\n|-supereffective|p1b: Scovillain|1\n|-damage|p1a: Kangaskhan|62/100\n|-damage|p1b: Scovillain|19/100\n|-status|p2b: SANDASAURUS|brn|[from] ability: Spicy Spray|[of] p1b: Scovillain\n|\n|-weather|Sandstorm|[upkeep]\n|-damage|p1a: Kangaskhan|56/100|[from] Sandstorm\n|-damage|p1b: Scovillain|13/100|[from] Sandstorm\n|-damage|p2b: SANDASAURUS|6/100 brn|[from] brn\n|upkeep\n|turn|4\n|\n|t:|1776031601\n|detailschange|p2a: bob the UNBLDR|Excadrill-Mega, L50, F\n|-mega|p2a: bob the UNBLDR|Excadrill|Excadrite\n|move|p2b: SANDASAURUS|Protect|p2b: SANDASAURUS\n|-singleturn|p2b: SANDASAURUS|Protect\n|move|p1b: Scovillain|Rage Powder|p1b: Scovillain\n|-singleturn|p1b: Scovillain|move: Rage Powder\n|move|p2a: bob the UNBLDR|Earthquake|p1a: Kangaskhan|[spread] p1a,p1b\n|-activate|p2b: SANDASAURUS|move: Protect\n|-damage|p1a: Kangaskhan|0 fnt\n|-damage|p1b: Scovillain|0 fnt\n|-status|p2a: bob the UNBLDR|brn|[from] ability: Spicy Spray|[of] p1b: Scovillain\n|faint|p1a: Kangaskhan\n|faint|p1b: Scovillain\n|\n|-weather|Sandstorm|[upkeep]\n|-damage|p2a: bob the UNBLDR|95/100 brn|[from] brn\n|-damage|p2b: SANDASAURUS|0 fnt|[from] brn\n|faint|p2b: SANDASAURUS\n|upkeep\n|\n|t:|1776031612\n|switch|p1a: Kingambit|Kingambit, L50, M|100/100\n|switch|p2b: AY|Raichu, L50, F|89/100 brn\n|switch|p1b: Primarina|Primarina, L50, M|100/100\n|turn|5\n|\n|t:|1776031634\n|move|p1b: Primarina|Protect|p1b: Primarina\n|-singleturn|p1b: Primarina|Protect\n|move|p1a: Kingambit|Protect|p1a: Kingambit\n|-singleturn|p1a: Kingambit|Protect\n|move|p2b: AY|Fake Out|p1b: Primarina\n|-activate|p1b: Primarina|move: Protect\n|move|p2a: bob the UNBLDR|High Horsepower|p1a: Kingambit\n|-supereffective|p1a: Kingambit|1\n|-ability|p2a: bob the UNBLDR|Piercing Drill\n|-zbroken|p1a: Kingambit\n|-damage|p1a: Kingambit|88/100\n|\n|-weather|Sandstorm|[upkeep]\n|-damage|p2b: AY|83/100 brn|[from] Sandstorm\n|-damage|p1b: Primarina|94/100|[from] Sandstorm\n|-damage|p2b: AY|77/100 brn|[from] brn\n|-damage|p2a: bob the UNBLDR|89/100 brn|[from] brn\n|upkeep\n|turn|6\n|\n|t:|1776031661\n|move|p1a: Kingambit|Sucker Punch||[still]\n|-fail|p1a: Kingambit\n|move|p2b: AY|Encore|p1b: Primarina\n|-start|p1b: Primarina|Encore\n|move|p1b: Primarina|Protect||[still]\n|-fail|p1b: Primarina\n|move|p2a: bob the UNBLDR|High Horsepower|p1a: Kingambit\n|-supereffective|p1a: Kingambit|1\n|-damage|p1a: Kingambit|41/100\n|\n|-weather|Sandstorm|[upkeep]\n|-damage|p2b: AY|71/100 brn|[from] Sandstorm\n|-damage|p1b: Primarina|88/100|[from] Sandstorm\n|-damage|p2b: AY|65/100 brn|[from] brn\n|-damage|p2a: bob the UNBLDR|83/100 brn|[from] brn\n|upkeep\n|turn|7\n|\n|t:|1776031683\n|move|p1b: Primarina|Protect|p1b: Primarina\n|-singleturn|p1b: Primarina|Protect\n|move|p1a: Kingambit|Sucker Punch|p2a: bob the UNBLDR\n|-damage|p2a: bob the UNBLDR|40/100 brn\n|move|p2b: AY|Encore|p1a: Kingambit\n|-start|p1a: Kingambit|Encore\n|move|p2a: bob the UNBLDR|High Horsepower|p1a: Kingambit\n|-supereffective|p1a: Kingambit|1\n|-damage|p1a: Kingambit|0 fnt\n|faint|p1a: Kingambit\n|\n|-weather|none\n|-damage|p2b: AY|59/100 brn|[from] brn\n|-damage|p2a: bob the UNBLDR|34/100 brn|[from] brn\n|upkeep\n|turn|8\n|\n|t:|1776031698\n|move|p1b: Primarina|Protect||[still]\n|-fail|p1b: Primarina\n|move|p2b: AY|Volt Switch|p1b: Primarina\n|-supereffective|p1b: Primarina|1\n|-damage|p1b: Primarina|37/100\n|-enditem|p1b: Primarina|Sitrus Berry|[eat]\n|-heal|p1b: Primarina|62/100|[from] item: Sitrus Berry\n|move|p2a: bob the UNBLDR|High Horsepower|p1b: Primarina\n|-damage|p1b: Primarina|26/100\n|\n|-damage|p2b: AY|53/100 brn|[from] brn\n|-damage|p2a: bob the UNBLDR|29/100 brn|[from] brn\n|-end|p1b: Primarina|Encore\n|upkeep\n|turn|9\n|inactive|Battle timer is ON: inactive players will automatically lose when time's up. (requested by willcodeforpokemon)\n|\n|t:|1776031715\n|move|p2b: AY|Encore|p1b: Primarina\n|-start|p1b: Primarina|Encore\n|move|p1b: Primarina|Protect|p1b: Primarina\n|-singleturn|p1b: Primarina|Protect\n|move|p2a: bob the UNBLDR|High Horsepower|p1b: Primarina\n|-ability|p2a: bob the UNBLDR|Piercing Drill\n|-zbroken|p1b: Primarina\n|-damage|p1b: Primarina|16/100\n|\n|-damage|p2b: AY|48/100 brn|[from] brn\n|-damage|p2a: bob the UNBLDR|23/100 brn|[from] brn\n|upkeep\n|turn|10\n|\n|t:|1776031730\n|move|p1b: Primarina|Protect||[still]\n|-fail|p1b: Primarina\n|move|p2b: AY|Volt Switch|p1b: Primarina\n|-supereffective|p1b: Primarina|1\n|-damage|p1b: Primarina|0 fnt\n|faint|p1b: Primarina\n|\n|win|Sevaunn\n|raw|willcodeforpokemon's rating: 1163 &rarr; <strong>1134</strong><br />(-29 for losing)\n|raw|Sevaunn's rating: 1101 &rarr; <strong>1130</strong><br />(+29 for winning)\n",
  "uploadtime": 1776031738,
  "views": 14,
  "formatid": "gen9championsvgc2026regma",
  "rating": 1130,
  "private": 0,
  "password": null
}