{
  "id": "gen9championsvgc2026regma-2582479879",
  "format": "[Gen 9 Champions] VGC 2026 Reg M-A",
  "players": [
    "Cress De Lune",
    "whodatlando"
  ],
  "log": "|j|\u2606Cress De Lune\n|j|\u2606whodatlando\n|t:|1776094376\n|gametype|doubles\n|player|p1|Cress De Lune|backpacker|1117\n|player|p2|whodatlando|unknown|1064\n|gen|9\n|tier|[Gen 9 Champions] VGC 2026 Reg M-A\n|rated|\n|rule|Species Clause: Limit one of each Pok\u00e9mon\n|rule|Item Clause: Limit 1 of each item\n|clearpoke\n|poke|p1|Ariados, L50, M|\n|poke|p1|Incineroar, L50, M|\n|poke|p1|Farigiraf, L50, M|\n|poke|p1|Conkeldurr, L50, F|\n|poke|p1|Chimecho, L50, F|\n|poke|p1|Garchomp, L50, M|\n|poke|p2|Froslass, L50, F|\n|poke|p2|Incineroar, L50, M|\n|poke|p2|Whimsicott, L50, M|\n|poke|p2|Basculegion, L50, M|\n|poke|p2|Farigiraf, L50, F|\n|poke|p2|Aurorus, L50, F|\n|teampreview|4\n|c|\u2606Cress De Lune|man\n|c|\u2606Cress De Lune|I wish Aurorus was good\n|inactive|Battle timer is ON: inactive players will automatically lose when time's up. (requested by Cress De Lune)\n|\n|t:|1776094421\n|teamsize|p1|4\n|teamsize|p2|4\n|start\n|switch|p1a: Incineroar|Incineroar, L50, M, shiny|100/100\n|switch|p1b: Chimecho|Chimecho, L50, F|100/100\n|switch|p2a: Farigiraf|Farigiraf, L50, F|100/100\n|switch|p2b: Incineroar|Incineroar, L50, M, shiny|100/100\n|-ability|p2b: Incineroar|Intimidate|boost\n|-unboost|p1a: Incineroar|atk|1\n|-unboost|p1b: Chimecho|atk|1\n|-ability|p1a: Incineroar|Intimidate|boost\n|-unboost|p2a: Farigiraf|atk|1\n|-unboost|p2b: Incineroar|atk|1\n|turn|1\n|inactive|Cress De Lune has 30 seconds left.\n|\n|t:|1776094455\n|switch|p1b: Conkeldurr|Conkeldurr, L50, F|100/100\n|move|p2b: Incineroar|Fake Out|p1b: Conkeldurr\n|-damage|p1b: Conkeldurr|92/100\n|move|p1a: Incineroar|Parting Shot|p2a: Farigiraf\n|-unboost|p2a: Farigiraf|atk|1\n|-unboost|p2a: Farigiraf|spa|1\n|\n|t:|1776094460\n|switch|p1a: Ariados|Ariados, L50, M, shiny|100/100|[from] Parting Shot\n|move|p2a: Farigiraf|Imprison|p2a: Farigiraf\n|-start|p2a: Farigiraf|move: Imprison\n|\n|upkeep\n|turn|2\n|inactive|Cress De Lune has 30 seconds left.\n|inactive|Cress De Lune has 20 seconds left.\n|\n|t:|1776094496\n|switch|p1a: Incineroar|Incineroar, L50, M, shiny|100/100\n|-ability|p1a: Incineroar|Intimidate|boost\n|-unboost|p2a: Farigiraf|atk|1\n|-unboost|p2b: Incineroar|atk|1\n|move|p2a: Farigiraf|Protect|p2a: Farigiraf\n|-singleturn|p2a: Farigiraf|Protect\n|move|p2b: Incineroar|Parting Shot|p1b: Conkeldurr\n|-unboost|p1b: Conkeldurr|atk|1\n|-unboost|p1b: Conkeldurr|spa|1\n|c|\u2606whodatlando|im just rying to see if she works here\n|\n|t:|1776094511\n|switch|p2b: Aurorus|Aurorus, L50, F|100/100|[from] Parting Shot\n|-weather|Snowscape|[from] ability: Snow Warning|[of] p2b: Aurorus\n|move|p1b: Conkeldurr|Drain Punch|p2b: Aurorus\n|-supereffective|p2b: Aurorus|2\n|-damage|p2b: Aurorus|34/100\n|-heal|p1b: Conkeldurr|100/100|[from] drain|[of] p2b: Aurorus\n|-enditem|p2b: Aurorus|Sitrus Berry|[eat]\n|-heal|p2b: Aurorus|58/100|[from] item: Sitrus Berry\n|\n|-weather|Snowscape|[upkeep]\n|upkeep\n|turn|3\n|inactive|Cress De Lune has 30 seconds left.\n|\n|t:|1776094538\n|move|p1a: Incineroar|Throat Chop|p2a: Farigiraf\n|-supereffective|p2a: Farigiraf|1\n|-damage|p2a: Farigiraf|43/100\n|-start|p2a: Farigiraf|Throat Chop|[silent]\n|cant|p2a: Farigiraf|move: Throat Chop\n|move|p2b: Aurorus|Aurora Veil|p2b: Aurorus\n|-sidestart|p2: whodatlando|move: Aurora Veil\n|move|p1b: Conkeldurr|Drain Punch|p2b: Aurorus\n|-supereffective|p2b: Aurorus|2\n|-damage|p2b: Aurorus|14/100\n|\n|-weather|Snowscape|[upkeep]\n|-heal|p2a: Farigiraf|49/100|[from] item: Leftovers\n|upkeep\n|turn|4\n|\n|t:|1776094556\n|switch|p2b: Froslass|Froslass, L50, F|100/100\n|move|p2a: Farigiraf|Protect|p2a: Farigiraf\n|-singleturn|p2a: Farigiraf|Protect\n|move|p1a: Incineroar|Parting Shot|p2a: Farigiraf\n|-activate|p2a: Farigiraf|move: Protect\n|move|p1b: Conkeldurr|Rock Slide|p2b: Froslass|[spread] p2b\n|-activate|p2a: Farigiraf|move: Protect\n|-supereffective|p2b: Froslass|1\n|-damage|p2b: Froslass|83/100\n|\n|-weather|Snowscape|[upkeep]\n|-heal|p2a: Farigiraf|55/100|[from] item: Leftovers\n|-end|p2a: Farigiraf|Throat Chop|[silent]\n|upkeep\n|turn|5\n|\n|t:|1776094573\n|detailschange|p2b: Froslass|Froslass-Mega, L50, F\n|-mega|p2b: Froslass|Froslass|Froslassite\n|move|p2b: Froslass|Blizzard|p1b: Conkeldurr|[spread] p1a,p1b\n|-resisted|p1a: Incineroar|1\n|-damage|p1a: Incineroar|82/100\n|-damage|p1b: Conkeldurr|52/100\n|move|p1a: Incineroar|Parting Shot|p2b: Froslass\n|-unboost|p2b: Froslass|atk|1\n|-unboost|p2b: Froslass|spa|1\n|\n|t:|1776094581\n|switch|p1a: Chimecho|Chimecho, L50, F|100/100|[from] Parting Shot\n|move|p2a: Farigiraf|Hyper Voice|p1a: Chimecho|[spread] p1a,p1b\n|-damage|p1a: Chimecho|80/100\n|-damage|p1b: Conkeldurr|30/100\n|move|p1b: Conkeldurr|Rock Slide|p2a: Farigiraf|[spread] p2a\n|-miss|p1b: Conkeldurr|p2b: Froslass\n|-damage|p2a: Farigiraf|46/100\n|\n|-weather|Snowscape|[upkeep]\n|-heal|p2a: Farigiraf|52/100|[from] item: Leftovers\n|upkeep\n|turn|6\n|\n|t:|1776094602\n|detailschange|p1a: Chimecho|Chimecho-Mega, L50, F\n|-mega|p1a: Chimecho|Chimecho|Chimechite\n|move|p2b: Froslass|Blizzard|p1b: Conkeldurr|[spread] p1a,p1b\n|-resisted|p1a: Chimecho|1\n|-damage|p1a: Chimecho|68/100\n|-damage|p1b: Conkeldurr|0 fnt\n|faint|p1b: Conkeldurr\n|move|p2a: Farigiraf|Hyper Voice|p1a: Chimecho\n|-resisted|p1a: Chimecho|1\n|-damage|p1a: Chimecho|56/100\n|move|p1a: Chimecho|Flash Cannon|p2a: Farigiraf\n|-damage|p2a: Farigiraf|16/100\n|-unboost|p2a: Farigiraf|spd|1\n|\n|-weather|none\n|-heal|p2a: Farigiraf|22/100|[from] item: Leftovers\n|upkeep\n|c|\u2606whodatlando|i frogot mega chimeco existed\n|\n|t:|1776094616\n|switch|p1b: Incineroar|Incineroar, L50, M, shiny|82/100\n|-ability|p1b: Incineroar|Intimidate|boost\n|-unboost|p2a: Farigiraf|atk|1\n|-unboost|p2b: Froslass|atk|1\n|turn|7\n|\n|t:|1776094634\n|switch|p2b: Aurorus|Aurorus, L50, F|14/100\n|-weather|Snowscape|[from] ability: Snow Warning|[of] p2b: Aurorus\n|move|p2a: Farigiraf|Protect|p2a: Farigiraf\n|-singleturn|p2a: Farigiraf|Protect\n|move|p1b: Incineroar|Throat Chop|p2a: Farigiraf\n|-activate|p2a: Farigiraf|move: Protect\n|move|p1a: Chimecho|Recover|p1a: Chimecho\n|-heal|p1a: Chimecho|100/100\n|\n|-weather|Snowscape|[upkeep]\n|-heal|p2a: Farigiraf|28/100|[from] item: Leftovers\n|-sideend|p2: whodatlando|move: Aurora Veil\n|upkeep\n|turn|8\n|\n|t:|1776094649\n|move|p1b: Incineroar|Throat Chop|p2a: Farigiraf\n|-supereffective|p2a: Farigiraf|1\n|-damage|p2a: Farigiraf|0 fnt\n|faint|p2a: Farigiraf\n|move|p2b: Aurorus|Aurora Veil|p2b: Aurorus\n|-sidestart|p2: whodatlando|move: Aurora Veil\n|move|p1a: Chimecho|Flash Cannon|p2b: Aurorus\n|-supereffective|p2b: Aurorus|2\n|-damage|p2b: Aurorus|0 fnt\n|faint|p2b: Aurorus\n|\n|-weather|Snowscape|[upkeep]\n|upkeep\n|\n|t:|1776094656\n|switch|p2a: Froslass|Froslass-Mega, L50, F|83/100\n|switch|p2b: Incineroar|Incineroar, L50, M, shiny|100/100\n|-ability|p2b: Incineroar|Intimidate|boost\n|-unboost|p1a: Chimecho|atk|1\n|-unboost|p1b: Incineroar|atk|1\n|turn|9\n|\n|t:|1776094668\n|switch|p1a: Ariados|Ariados, L50, M, shiny|100/100\n|move|p2b: Incineroar|Fake Out|p1b: Incineroar\n|-damage|p1b: Incineroar|70/100\n|move|p2a: Froslass|Nasty Plot|p2a: Froslass\n|-boost|p2a: Froslass|spa|2\n|cant|p1b: Incineroar|flinch\n|\n|-weather|Snowscape|[upkeep]\n|upkeep\n|turn|10\n|\n|t:|1776094678\n|move|p2a: Froslass|Blizzard|p1a: Ariados|[spread] p1a,p1b\n|-resisted|p1b: Incineroar|1\n|-damage|p1a: Ariados|20/100\n|-damage|p1b: Incineroar|29/100\n|move|p2b: Incineroar|Flare Blitz|p1a: Ariados\n|-supereffective|p1a: Ariados|1\n|-damage|p1a: Ariados|0 fnt\n|faint|p1a: Ariados\n|-damage|p2b: Incineroar|94/100|[from] Recoil\n|move|p1b: Incineroar|Parting Shot|p2a: Froslass\n|-unboost|p2a: Froslass|atk|1\n|-unboost|p2a: Froslass|spa|1\n|\n|t:|1776094681\n|switch|p1b: Chimecho|Chimecho-Mega, L50, F|100/100|[from] Parting Shot\n|\n|-weather|Snowscape|[upkeep]\n|upkeep\n|\n|t:|1776094684\n|switch|p1a: Incineroar|Incineroar, L50, M, shiny|29/100\n|-ability|p1a: Incineroar|Intimidate|boost\n|-unboost|p2a: Froslass|atk|1\n|-unboost|p2b: Incineroar|atk|1\n|turn|11\n|\n|t:|1776094697\n|move|p2a: Froslass|Blizzard|p1a: Incineroar|[spread] p1a,p1b\n|-resisted|p1a: Incineroar|1\n|-resisted|p1b: Chimecho|1\n|-damage|p1a: Incineroar|3/100\n|-damage|p1b: Chimecho|70/100\n|move|p2b: Incineroar|Flare Blitz|p1b: Chimecho\n|-supereffective|p1b: Chimecho|1\n|-damage|p1b: Chimecho|0 fnt\n|faint|p1b: Chimecho\n|-damage|p2b: Incineroar|70/100|[from] Recoil\n|move|p1a: Incineroar|Flare Blitz|p2a: Froslass\n|-supereffective|p2a: Froslass|1\n|-damage|p2a: Froslass|28/100\n|-damage|p1a: Incineroar|0 fnt|[from] Recoil\n|faint|p1a: Incineroar\n|\n|win|whodatlando\n|raw|Cress De Lune's rating: 1117 &rarr; <strong>1088</strong><br />(-29 for losing)\n|raw|whodatlando's rating: 1064 &rarr; <strong>1099</strong><br />(+35 for winning)\n|l|\u2606Cress De Lune\n|player|p1|\n|c|\u2606whodatlando|ggs\n",
  "uploadtime": 1776094910,
  "views": 27,
  "formatid": "gen9championsvgc2026regma",
  "rating": 1088,
  "private": 0,
  "password": null
}