{
  "id": "gen9championsvgc2026regma-2587607528",
  "format": "[Gen 9 Champions] VGC 2026 Reg M-A",
  "players": [
    "Isidino",
    "SamRotom"
  ],
  "log": "|j|\u203dIsidino\n|j|\u2606SamRotom\n|t:|1776546490\n|gametype|doubles\n|player|p1|Isidino|266|1181\n|player|p2|SamRotom|265|1146\n|gen|9\n|tier|[Gen 9 Champions] VGC 2026 Reg M-A\n|rated|\n|rule|Species Clause: Limit one of each Pok\u00e9mon\n|rule|Item Clause: Limit 1 of each item\n|clearpoke\n|poke|p1|Basculegion-F, L50, F, shiny|\n|poke|p1|Palafin, L50, M, shiny|\n|poke|p1|Pelipper, L50, M|\n|poke|p1|Sneasler, L50, M|\n|poke|p1|Sableye, L50, M, shiny|\n|poke|p1|Sharpedo, L50, M, shiny|\n|poke|p2|Rhyperior, L50, F|\n|poke|p2|Rotom-Heat, L50|\n|poke|p2|Scizor, L50, M|\n|poke|p2|Pelipper, L50, M|\n|poke|p2|Basculegion, L50, M, shiny|\n|poke|p2|Sinistcha, L50|\n|teampreview|4\n|inactive|Battle timer is ON: inactive players will automatically lose when time's up. (requested by Isidino)\n|\n|t:|1776546517\n|teamsize|p1|4\n|teamsize|p2|4\n|start\n|switch|p1a: Sharpedo|Sharpedo, L50, M, shiny|100/100\n|switch|p1b: Palafin|Palafin, L50, M, shiny|100/100\n|switch|p2a: Rotom|Rotom-Heat, L50|100/100\n|switch|p2b: Scizor|Scizor, L50, M|100/100\n|turn|1\n|inactive|SamRotom has 30 seconds left.\n|\n|t:|1776546543\n|detailschange|p2b: Scizor|Scizor-Mega, L50, M\n|-mega|p2b: Scizor|Scizor|Scizorite\n|move|p1a: Sharpedo|Protect|p1a: Sharpedo\n|-singleturn|p1a: Sharpedo|Protect\n|move|p2b: Scizor|Protect|p2b: Scizor\n|-singleturn|p2b: Scizor|Protect\n|move|p1b: Palafin|Flip Turn|p2a: Rotom\n|-supereffective|p2a: Rotom|1\n|-enditem|p2a: Rotom|Passho Berry|[eat]\n|-enditem|p2a: Rotom|Passho Berry|[weaken]\n|-damage|p2a: Rotom|71/100\n|\n|t:|1776546554\n|detailschange|p1b: Palafin|Palafin-Hero, L50, M, shiny\n|switch|p1b: Pelipper|Pelipper, L50, M|100/100|[from] Flip Turn\n|-weather|RainDance|[from] ability: Drizzle|[of] p1b: Pelipper\n|move|p2a: Rotom|Discharge|p1a: Sharpedo|[spread] p1b\n|-activate|p2b: Scizor|move: Protect\n|-activate|p1a: Sharpedo|move: Protect\n|-supereffective|p1b: Pelipper|2\n|-enditem|p1b: Pelipper|Focus Sash\n|-damage|p1b: Pelipper|1/100\n|\n|-weather|RainDance|[upkeep]\n|-ability|p1a: Sharpedo|Speed Boost|boost\n|-boost|p1a: Sharpedo|spe|1\n|upkeep\n|turn|2\n|inactive|SamRotom has 30 seconds left.\n|\n|t:|1776546581\n|switch|p2a: Sinistcha|Sinistcha, L50|100/100\n|detailschange|p1a: Sharpedo|Sharpedo-Mega, L50, M, shiny\n|-mega|p1a: Sharpedo|Sharpedo|Sharpedonite\n|move|p1a: Sharpedo|Crunch|p2a: Sinistcha\n|-supereffective|p2a: Sinistcha|1\n|-enditem|p2a: Sinistcha|Focus Sash\n|-damage|p2a: Sinistcha|1/100\n|move|p1b: Pelipper|Tailwind|p1b: Pelipper\n|-sidestart|p1: Isidino|move: Tailwind\n|move|p2b: Scizor|Bug Bite|p1a: Sharpedo\n|-supereffective|p1a: Sharpedo|1\n|-damage|p1a: Sharpedo|0 fnt\n|faint|p1a: Sharpedo\n|\n|-weather|RainDance|[upkeep]\n|upkeep\n|\n|t:|1776546593\n|switch|p1a: Palafin|Palafin-Hero, L50, M, shiny|100/100\n|-activate|p1a: Palafin|ability: Zero to Hero\n|turn|3\n|inactive|SamRotom has 30 seconds left.\n|inactive|Isidino has 30 seconds left.\n|\n|t:|1776546627\n|switch|p2a: Basculegion|Basculegion, L50, M, shiny|100/100\n|move|p2b: Scizor|Bullet Punch|p1b: Pelipper\n|-resisted|p1b: Pelipper|1\n|-damage|p1b: Pelipper|0 fnt\n|faint|p1b: Pelipper\n|move|p1a: Palafin|Wave Crash|p2a: Basculegion\n|-resisted|p2a: Basculegion|1\n|-damage|p2a: Basculegion|5/100\n|-damage|p1a: Palafin|71/100|[from] Recoil\n|\n|-weather|RainDance|[upkeep]\n|upkeep\n|\n|t:|1776546636\n|switch|p1b: Basculegion|Basculegion-F, L50, F, shiny|100/100\n|turn|4\n|inactive|SamRotom has 30 seconds left.\n|inactive|SamRotom has 20 seconds left.\n|inactive|SamRotom has 15 seconds left.\n|inactive|SamRotom has 10 seconds left.\n|inactive|SamRotom has 5 seconds left.\n|\n|t:|1776546687\n|move|p1b: Basculegion|Shadow Ball|p2a: Basculegion\n|-supereffective|p2a: Basculegion|1\n|-damage|p2a: Basculegion|0 fnt\n|faint|p2a: Basculegion\n|move|p1a: Palafin|Wave Crash|p2b: Scizor\n|-damage|p2b: Scizor|0 fnt\n|faint|p2b: Scizor\n|-damage|p1a: Palafin|43/100|[from] Recoil\n|\n|-weather|RainDance|[upkeep]\n|upkeep\n|\n|t:|1776546697\n|switch|p2a: Rotom|Rotom-Heat, L50|71/100\n|switch|p2b: Sinistcha|Sinistcha, L50|1/100\n|-heal|p2a: Rotom|96/100|[from] ability: Hospitality|[of] p2b: Sinistcha\n|turn|5\n|\n|t:|1776546711\n|move|p2b: Sinistcha|Rage Powder|p2b: Sinistcha\n|-singleturn|p2b: Sinistcha|move: Rage Powder\n|move|p1b: Basculegion|Shadow Ball|p2b: Sinistcha\n|-supereffective|p2b: Sinistcha|1\n|-damage|p2b: Sinistcha|0 fnt\n|faint|p2b: Sinistcha\n|move|p1a: Palafin|Wave Crash|p2a: Rotom\n|-supereffective|p2a: Rotom|1\n|-damage|p2a: Rotom|0 fnt\n|faint|p2a: Rotom\n|-damage|p1a: Palafin|19/100|[from] Recoil\n|\n|win|Isidino\n|raw|Isidino's rating: 1181 &rarr; <strong>1203</strong><br />(+22 for winning)\n|raw|SamRotom's rating: 1146 &rarr; <strong>1124</strong><br />(-22 for losing)\n",
  "uploadtime": 1776546716,
  "views": 19,
  "formatid": "gen9championsvgc2026regma",
  "rating": 1124,
  "private": 0,
  "password": null
}