{
  "id": "gen9championsvgc2026regma-2585063571",
  "format": "[Gen 9 Champions] VGC 2026 Reg M-A",
  "players": [
    "Lizardons",
    "LovelyLizardLad"
  ],
  "log": "|j|\u2606Lizardons\n|j|\u2606LovelyLizardLad\n|t:|1776308041\n|gametype|doubles\n|player|p1|Lizardons|pokemaniac|1411\n|player|p2|LovelyLizardLad|red|1403\n|gen|9\n|tier|[Gen 9 Champions] VGC 2026 Reg M-A\n|rated|\n|rule|Species Clause: Limit one of each Pok\u00e9mon\n|rule|Item Clause: Limit 1 of each item\n|clearpoke\n|poke|p1|Charizard, L50, M|\n|poke|p1|Goodra-Hisui, L50, F|\n|poke|p1|Sinistcha, L50|\n|poke|p1|Milotic, L50, F|\n|poke|p1|Rotom-Wash, L50|\n|poke|p1|Aerodactyl, L50, M|\n|poke|p2|Delphox, L50, M|\n|poke|p2|Basculegion, L50, M|\n|poke|p2|Clefable, L50, F|\n|poke|p2|Kingambit, L50, M|\n|poke|p2|Sneasler, L50, F|\n|poke|p2|Ninetales-Alola, L50, F|\n|teampreview|4\n|j| GameLurker69\n|inactive|Battle timer is ON: inactive players will automatically lose when time's up. (requested by Lizardons)\nLizardons rejected open team sheets.\n|\n|t:|1776308062\n|teamsize|p1|4\n|teamsize|p2|4\n|start\n|switch|p1a: Aerosmith|Aerodactyl, L50, M|100/100\n|switch|p1b: Blueberry|Goodra-Hisui, L50, F|100/100\n|switch|p2a: Delphox|Delphox, L50, M|100/100\n|switch|p2b: Clefable|Clefable, L50, F|100/100\n|-ability|p1a: Aerosmith|Unnerve\n|turn|1\n|\n|t:|1776308073\n|switch|p2a: Kingambit|Kingambit, L50, M|100/100\n|move|p1a: Aerosmith|Tailwind|p1a: Aerosmith\n|-sidestart|p1: Lizardons|move: Tailwind\n|move|p1b: Blueberry|Flash Cannon|p2b: Clefable\n|-supereffective|p2b: Clefable|1\n|-damage|p2b: Clefable|23/100\n|move|p2b: Clefable|Moonblast|p1a: Aerosmith\n|-damage|p1a: Aerosmith|50/100\n|\n|upkeep\n|turn|2\n|\n|t:|1776308088\n|switch|p1a: Smogon Wash|Rotom-Wash, L50, shiny|100/100\n|-enditem|p2b: Clefable|Sitrus Berry|[eat]\n|-heal|p2b: Clefable|48/100|[from] item: Sitrus Berry\n|move|p2b: Clefable|Follow Me|p2b: Clefable\n|-singleturn|p2b: Clefable|move: Follow Me\n|move|p2a: Kingambit|Sucker Punch||[still]\n|-fail|p2a: Kingambit\n|move|p1b: Blueberry|Flash Cannon|p2b: Clefable\n|-supereffective|p2b: Clefable|1\n|-damage|p2b: Clefable|0 fnt\n|faint|p2b: Clefable\n|\n|upkeep\n|\n|t:|1776308094\n|switch|p2b: Ninetales|Ninetales-Alola, L50, F|100/100\n|-weather|Snowscape|[from] ability: Snow Warning|[of] p2b: Ninetales\n|turn|3\n|\n|t:|1776308104\n|switch|p2a: Delphox|Delphox, L50, M|100/100\n|move|p1a: Smogon Wash|Will-O-Wisp|p2a: Delphox\n|-immune|p2a: Delphox\n|move|p2b: Ninetales|Blizzard|p1b: Blueberry|[spread] p1a,p1b\n|-resisted|p1a: Smogon Wash|1\n|-damage|p1a: Smogon Wash|82/100\n|-damage|p1b: Blueberry|76/100\n|move|p1b: Blueberry|Flash Cannon|p2b: Ninetales\n|-supereffective|p2b: Ninetales|2\n|-damage|p2b: Ninetales|0 fnt\n|faint|p2b: Ninetales\n|\n|-weather|Snowscape|[upkeep]\n|upkeep\n|\n|t:|1776308113\n|switch|p2b: Kingambit|Kingambit, L50, M|100/100\n|turn|4\n|\n|t:|1776308120\n|detailschange|p2a: Delphox|Delphox-Mega, L50, M\n|-mega|p2a: Delphox|Delphox|Delphoxite\n|move|p2b: Kingambit|Protect|p2b: Kingambit\n|-singleturn|p2b: Kingambit|Protect\n|move|p1a: Smogon Wash|Will-O-Wisp|p2b: Kingambit\n|-activate|p2b: Kingambit|move: Protect\n|move|p2a: Delphox|Heat Wave|p1b: Blueberry|[spread] p1a,p1b\n|-resisted|p1a: Smogon Wash|1\n|-damage|p1a: Smogon Wash|59/100\n|-damage|p1b: Blueberry|46/100\n|move|p1b: Blueberry|Thunderbolt|p2a: Delphox\n|-damage|p2a: Delphox|72/100\n|\n|-weather|Snowscape|[upkeep]\n|-sideend|p1: Lizardons|move: Tailwind\n|upkeep\n|turn|5\n|\n|t:|1776308134\n|move|p2a: Delphox|Psychic|p1a: Smogon Wash\n|-damage|p1a: Smogon Wash|0 fnt\n|faint|p1a: Smogon Wash\n|move|p1b: Blueberry|Thunderbolt|p2a: Delphox\n|-damage|p2a: Delphox|43/100\n|move|p2b: Kingambit|Swords Dance|p2b: Kingambit\n|-boost|p2b: Kingambit|atk|2\n|\n|-weather|Snowscape|[upkeep]\n|upkeep\n|\n|t:|1776308146\n|switch|p1a: Zippo|Charizard, L50, M, shiny|100/100\n|turn|6\n|\n|t:|1776308153\n|move|p1a: Zippo|Protect|p1a: Zippo\n|-singleturn|p1a: Zippo|Protect\n|move|p2b: Kingambit|Sucker Punch||[still]\n|-fail|p2b: Kingambit\n|move|p2a: Delphox|Heat Wave|p1a: Zippo|[spread] \n|-activate|p1a: Zippo|move: Protect\n|-miss|p2a: Delphox|p1b: Blueberry\n|move|p1b: Blueberry|Thunderbolt|p2a: Delphox\n|-damage|p2a: Delphox|10/100\n|\n|-weather|Snowscape|[upkeep]\n|upkeep\n|turn|7\n|\n|t:|1776308165\n|move|p2b: Kingambit|Sucker Punch|p1a: Zippo\n|-damage|p1a: Zippo|0 fnt\n|faint|p1a: Zippo\n|move|p2a: Delphox|Heat Wave|p1b: Blueberry|[miss]\n|-miss|p2a: Delphox|p1b: Blueberry\n|move|p1b: Blueberry|Thunderbolt|p2a: Delphox\n|-damage|p2a: Delphox|0 fnt\n|faint|p2a: Delphox\n|\n|-weather|none\n|upkeep\n|\n|t:|1776308167\n|switch|p1a: Aerosmith|Aerodactyl, L50, M|50/100\n|-ability|p1a: Aerosmith|Unnerve\n|turn|8\n|\n|t:|1776308174\n|move|p2b: Kingambit|Sucker Punch|p1b: Blueberry\n|-damage|p1b: Blueberry|0 fnt\n|faint|p1b: Blueberry\n|move|p1a: Aerosmith|Rock Slide|p2b: Kingambit\n|-resisted|p2b: Kingambit|1\n|-damage|p2b: Kingambit|88/100\n|\n|upkeep\n|turn|9\n|\n|t:|1776308180\n|move|p1a: Aerosmith|Rock Slide|p2b: Kingambit\n|-resisted|p2b: Kingambit|1\n|-damage|p2b: Kingambit|75/100\n|cant|p2b: Kingambit|flinch\n|\n|upkeep\n|turn|10\n|\n|t:|1776308183\n|move|p1a: Aerosmith|Rock Slide|p2b: Kingambit\n|-resisted|p2b: Kingambit|1\n|-damage|p2b: Kingambit|64/100\n|move|p2b: Kingambit|Kowtow Cleave|p1a: Aerosmith\n|-damage|p1a: Aerosmith|0 fnt\n|faint|p1a: Aerosmith\n|\n|win|LovelyLizardLad\n|raw|Lizardons's rating: 1411 &rarr; <strong>1391</strong><br />(-20 for losing)\n|raw|LovelyLizardLad's rating: 1403 &rarr; <strong>1423</strong><br />(+20 for winning)\n",
  "uploadtime": 1776308184,
  "views": 42,
  "formatid": "gen9championsvgc2026regma",
  "rating": 1391,
  "private": 0,
  "password": null
}