{
  "id": "gen9championsvgc2026regma-2582751293",
  "format": "[Gen 9 Champions] VGC 2026 Reg M-A",
  "players": [
    "Divine kanto",
    "I Love Lenny"
  ],
  "log": "|j|\u2606Divine kanto\n|j|\u2606I Love Lenny\n|t:|1776111576\n|gametype|doubles\n|player|p1|Divine kanto|2|1112\n|player|p2|I Love Lenny|morty|1141\n|gen|9\n|tier|[Gen 9 Champions] VGC 2026 Reg M-A\n|rated|\n|rule|Species Clause: Limit one of each Pok\u00e9mon\n|rule|Item Clause: Limit 1 of each item\n|clearpoke\n|poke|p1|Gardevoir, L50, F|\n|poke|p1|Garchomp, L50, M|\n|poke|p1|Corviknight, L50, M|\n|poke|p1|Gyarados, L50, M|\n|poke|p1|Umbreon, L50, M|\n|poke|p1|Venusaur, L50, F|\n|poke|p2|Starmie, L50|\n|poke|p2|Kingambit, L50, M|\n|poke|p2|Incineroar, L50, M|\n|poke|p2|Sylveon, L50, F|\n|poke|p2|Sneasler, L50, F|\n|poke|p2|Sinistcha, L50|\n|teampreview|4\n|\n|t:|1776111656\n|teamsize|p1|4\n|teamsize|p2|4\n|start\n|switch|p1a: Corviknight|Corviknight, L50, M|100/100\n|switch|p1b: Gyarados|Gyarados, L50, M|100/100\n|switch|p2a: Starmie|Starmie, L50|100/100\n|switch|p2b: Sneasler|Sneasler, L50, F|100/100\n|-ability|p1b: Gyarados|Intimidate|boost\n|-unboost|p2a: Starmie|atk|1\n|-unboost|p2b: Sneasler|atk|1\n|turn|1\n|inactive|Battle timer is ON: inactive players will automatically lose when time's up. (requested by I Love Lenny)\n|\n|t:|1776111680\n|move|p2b: Sneasler|Coaching|p2a: Starmie\n|-boost|p2a: Starmie|atk|1\n|-boost|p2a: Starmie|def|1\n|move|p2a: Starmie|Substitute|p2a: Starmie\n|-start|p2a: Starmie|Substitute\n|-damage|p2a: Starmie|75/100\n|move|p1b: Gyarados|Dragon Dance|p1b: Gyarados\n|-boost|p1b: Gyarados|atk|1\n|-boost|p1b: Gyarados|spe|1\n|move|p1a: Corviknight|Tailwind|p1a: Corviknight\n|-sidestart|p1: Divine kanto|move: Tailwind\n|\n|upkeep\n|turn|2\n|\n|t:|1776111702\n|detailschange|p2a: Starmie|Starmie-Mega, L50\n|-mega|p2a: Starmie|Starmie|Starminite\n|move|p1b: Gyarados|Earthquake|p2b: Sneasler|[spread] p2a,p2b\n|-immune|p1a: Corviknight\n|-end|p2a: Starmie|Substitute\n|-supereffective|p2b: Sneasler|1\n|-enditem|p2b: Sneasler|Focus Sash\n|-damage|p2b: Sneasler|1/100\n|move|p2b: Sneasler|Coaching|p2a: Starmie\n|-boost|p2a: Starmie|atk|1\n|-boost|p2a: Starmie|def|1\n|move|p1a: Corviknight|Brave Bird|p2b: Sneasler\n|-supereffective|p2b: Sneasler|1\n|-damage|p2b: Sneasler|0 fnt\n|faint|p2b: Sneasler\n|-damage|p1a: Corviknight|99/100|[from] Recoil\n|move|p2a: Starmie|Zen Headbutt|p1b: Gyarados\n|-damage|p1b: Gyarados|0 fnt\n|faint|p1b: Gyarados\n|\n|upkeep\n|inactive|Divine kanto has 30 seconds left.\n|\n|t:|1776111728\n|switch|p2b: Sinistcha|Sinistcha, L50|100/100\n|switch|p1b: Venusaur|Venusaur, L50, F|100/100\n|-heal|p2a: Starmie|100/100|[from] ability: Hospitality|[of] p2b: Sinistcha\n|turn|3\n|inactive|I Love Lenny has 30 seconds left.\n|inactive|I Love Lenny has 20 seconds left.\n|\n|t:|1776111763\n|detailschange|p1b: Venusaur|Venusaur-Mega, L50, F\n|-mega|p1b: Venusaur|Venusaur|Venusaurite\n|move|p2a: Starmie|Protect|p2a: Starmie\n|-singleturn|p2a: Starmie|Protect\n|move|p1b: Venusaur|Giga Drain|p2a: Starmie\n|-activate|p2a: Starmie|move: Protect\n|move|p1a: Corviknight|Brave Bird|p2a: Starmie\n|-activate|p2a: Starmie|move: Protect\n|move|p2b: Sinistcha|Shadow Ball|p1b: Venusaur\n|-damage|p1b: Venusaur|73/100\n|\n|upkeep\n|turn|4\n|\n|t:|1776111780\n|switch|p2a: Sylveon|Sylveon, L50, F|100/100\n|move|p1b: Venusaur|Giga Drain|p2a: Sylveon\n|-damage|p2a: Sylveon|73/100\n|-heal|p1b: Venusaur|88/100|[from] drain|[of] p2a: Sylveon\n|move|p1a: Corviknight|Brave Bird|p2a: Sylveon\n|-crit|p2a: Sylveon\n|-damage|p2a: Sylveon|10/100\n|-damage|p1a: Corviknight|80/100|[from] Recoil\n|move|p2b: Sinistcha|Matcha Gotcha|p1b: Venusaur|[spread] p1a,p1b\n|-resisted|p1a: Corviknight|2\n|-resisted|p1b: Venusaur|2\n|-damage|p1a: Corviknight|74/100\n|-damage|p1b: Venusaur|83/100\n|\n|-sideend|p1: Divine kanto|move: Tailwind\n|upkeep\n|turn|5\n|inactive|I Love Lenny has 30 seconds left.\n|\n|t:|1776111811\n|move|p1b: Venusaur|Protect|p1b: Venusaur\n|-singleturn|p1b: Venusaur|Protect\n|move|p2a: Sylveon|Detect|p2a: Sylveon\n|-singleturn|p2a: Sylveon|Protect\n|move|p1a: Corviknight|Tailwind|p1a: Corviknight\n|-sidestart|p1: Divine kanto|move: Tailwind\n|move|p2b: Sinistcha|Trick Room|p2b: Sinistcha\n|-fieldstart|move: Trick Room|[of] p2b: Sinistcha\n|\n|upkeep\n|turn|6\n|\n|t:|1776111835\n|move|p2a: Sylveon|Hyper Beam|p1b: Venusaur\n|-resisted|p1b: Venusaur|1\n|-damage|p1b: Venusaur|42/100\n|-mustrecharge|p2a: Sylveon\n|move|p2b: Sinistcha|Shadow Ball|p1b: Venusaur\n|-damage|p1b: Venusaur|13/100\n|move|p1a: Corviknight|Brave Bird|p2b: Sinistcha\n|-supereffective|p2b: Sinistcha|1\n|-damage|p2b: Sinistcha|19/100\n|-damage|p1a: Corviknight|51/100|[from] Recoil\n|move|p1b: Venusaur|Sludge Bomb|p2b: Sinistcha\n|-damage|p2b: Sinistcha|0 fnt\n|faint|p2b: Sinistcha\n|\n|upkeep\n|\n|t:|1776111846\n|switch|p2b: Starmie|Starmie-Mega, L50|100/100\n|turn|7\n|inactive|Divine kanto has 30 seconds left.\n|\n|t:|1776111872\n|move|p2b: Starmie|Protect|p2b: Starmie\n|-singleturn|p2b: Starmie|Protect\n|cant|p2a: Sylveon|recharge\n|move|p1a: Corviknight|Iron Head|p2a: Sylveon\n|-supereffective|p2a: Sylveon|1\n|-damage|p2a: Sylveon|0 fnt\n|faint|p2a: Sylveon\n|move|p1b: Venusaur|Giga Drain|p2b: Starmie\n|-activate|p2b: Starmie|move: Protect\n|\n|upkeep\n|turn|8\n|inactive|I Love Lenny has 30 seconds left.\n|\n|t:|1776111901\n|move|p1b: Venusaur|Protect|p1b: Venusaur\n|-singleturn|p1b: Venusaur|Protect\n|move|p2b: Starmie|Liquidation|p1b: Venusaur\n|-activate|p1b: Venusaur|move: Protect\n|move|p1a: Corviknight|Roost|p1a: Corviknight\n|-heal|p1a: Corviknight|100/100\n|-singleturn|p1a: Corviknight|move: Roost\n|\n|-sideend|p1: Divine kanto|move: Tailwind\n|upkeep\n|turn|9\n|inactive|Divine kanto has 30 seconds left.\n|\n|t:|1776111929\n|move|p2b: Starmie|Protect|p2b: Starmie\n|-singleturn|p2b: Starmie|Protect\n|move|p1a: Corviknight|Brave Bird|p2b: Starmie\n|-activate|p2b: Starmie|move: Protect\n|move|p1b: Venusaur|Giga Drain|p2b: Starmie\n|-activate|p2b: Starmie|move: Protect\n|\n|-fieldend|move: Trick Room\n|upkeep\n|turn|10\n|\n|t:|1776111949\n|move|p1b: Venusaur|Protect|p1b: Venusaur\n|-singleturn|p1b: Venusaur|Protect\n|move|p2b: Starmie|Liquidation|p1a: Corviknight\n|-damage|p1a: Corviknight|54/100\n|move|p1a: Corviknight|Tailwind|p1a: Corviknight\n|-sidestart|p1: Divine kanto|move: Tailwind\n|\n|upkeep\n|turn|11\n|\n|t:|1776111964\n|move|p2b: Starmie|Protect|p2b: Starmie\n|-singleturn|p2b: Starmie|Protect\n|move|p1b: Venusaur|Giga Drain|p2b: Starmie\n|-activate|p2b: Starmie|move: Protect\n|move|p1a: Corviknight|Roost|p1a: Corviknight\n|-heal|p1a: Corviknight|100/100\n|-singleturn|p1a: Corviknight|move: Roost\n|\n|upkeep\n|turn|12\n|\n|t:|1776111973\n|move|p2b: Starmie|Protect|p2b: Starmie\n|-singleturn|p2b: Starmie|Protect\n|move|p1b: Venusaur|Giga Drain|p2b: Starmie\n|-activate|p2b: Starmie|move: Protect\n|move|p1a: Corviknight|Brave Bird|p2b: Starmie\n|-activate|p2b: Starmie|move: Protect\n|\n|upkeep\n|turn|13\n|\n|t:|1776111979\n|move|p2b: Starmie|Protect||[still]\n|-fail|p2b: Starmie\n|move|p1b: Venusaur|Giga Drain|p2b: Starmie\n|-supereffective|p2b: Starmie|1\n|-damage|p2b: Starmie|0 fnt\n|-heal|p1b: Venusaur|49/100|[from] drain|[of] p2b: Starmie\n|faint|p2b: Starmie\n|\n|win|Divine kanto\n|raw|Divine kanto's rating: 1112 &rarr; <strong>1139</strong><br />(+27 for winning)\n|raw|I Love Lenny's rating: 1141 &rarr; <strong>1114</strong><br />(-27 for losing)\n|l|\u2606I Love Lenny\n|player|p2|\n",
  "uploadtime": 1776111995,
  "views": 18,
  "formatid": "gen9championsvgc2026regma",
  "rating": 1114,
  "private": 0,
  "password": null
}