{
  "id": "gen9championsvgc2026regma-2588233072",
  "format": "[Gen 9 Champions] VGC 2026 Reg M-A",
  "players": [
    "Kojiiii",
    "MegaLucarioisgod"
  ],
  "log": "|j|\u2606Kojiiii\n|j|\u2606MegaLucarioisgod\n|t:|1776616618\n|gametype|doubles\n|player|p1|Kojiiii|2|1087\n|player|p2|MegaLucarioisgod|lucas|1084\n|gen|9\n|tier|[Gen 9 Champions] VGC 2026 Reg M-A\n|rated|\n|rule|Species Clause: Limit one of each Pok\u00e9mon\n|rule|Item Clause: Limit 1 of each item\n|clearpoke\n|poke|p1|Pelipper, L50, M|\n|poke|p1|Basculegion, L50, M|\n|poke|p1|Sinistcha, L50|\n|poke|p1|Kangaskhan, L50, F|\n|poke|p1|Sneasler, L50, M|\n|poke|p1|Aegislash, L50, M|\n|poke|p2|Milotic, L50, M, shiny|\n|poke|p2|Froslass, L50, F, shiny|\n|poke|p2|Aegislash, L50, M, shiny|\n|poke|p2|Incineroar, L50, M|\n|poke|p2|Kangaskhan, L50, F|\n|poke|p2|Sinistcha-Masterpiece, L50|\n|teampreview|4\n|inactive|Battle timer is ON: inactive players will automatically lose when time's up. (requested by MegaLucarioisgod)\n|\n|t:|1776616646\n|teamsize|p1|4\n|teamsize|p2|4\n|start\n|switch|p1a: Pelipper|Pelipper, L50, M|100/100\n|switch|p1b: Basculegion|Basculegion, L50, M|100/100\n|switch|p2a: Froslass|Froslass, L50, F, shiny|100/100\n|switch|p2b: Incineroar|Incineroar, L50, M|100/100\n|-weather|RainDance|[from] ability: Drizzle|[of] p1a: Pelipper\n|-ability|p2b: Incineroar|Intimidate|boost\n|-unboost|p1a: Pelipper|atk|1\n|-unboost|p1b: Basculegion|atk|1\n|turn|1\n|\n|t:|1776616666\n|switch|p1a: Aegislash|Aegislash, L50, M|100/100\n|detailschange|p2a: Froslass|Froslass-Mega, L50, F, shiny\n|-mega|p2a: Froslass|Froslass|Froslassite\n|-weather|Snowscape|[from] ability: Snow Warning|[of] p2a: Froslass\n|move|p2b: Incineroar|Fake Out|p1a: Aegislash\n|-immune|p1a: Aegislash\n|move|p1b: Basculegion|Flip Turn|p2b: Incineroar\n|-supereffective|p2b: Incineroar|1\n|-damage|p2b: Incineroar|42/100\n|-enditem|p2b: Incineroar|Sitrus Berry|[eat]\n|-heal|p2b: Incineroar|67/100|[from] item: Sitrus Berry\n|\n|t:|1776616679\n|switch|p1b: Pelipper|Pelipper, L50, M|100/100|[from] Flip Turn\n|-weather|RainDance|[from] ability: Drizzle|[of] p1b: Pelipper\n|move|p2a: Froslass|Blizzard|p1b: Pelipper|[spread] p1a,p1b\n|-resisted|p1a: Aegislash|1\n|-damage|p1a: Aegislash|84/100\n|-damage|p1b: Pelipper|31/100\n|\n|-weather|RainDance|[upkeep]\n|upkeep\n|turn|2\n|\n|t:|1776616693\n|switch|p2a: Sinistcha|Sinistcha-Masterpiece, L50|100/100\n|-heal|p2b: Incineroar|92/100|[from] ability: Hospitality|[of] p2a: Sinistcha\n|move|p1b: Pelipper|Weather Ball|p2b: Incineroar\n|-supereffective|p2b: Incineroar|1\n|-damage|p2b: Incineroar|0 fnt\n|faint|p2b: Incineroar\n|-formechange|p1a: Aegislash|Aegislash-Blade|\n|move|p1a: Aegislash|Iron Head|p2a: Sinistcha\n|-damage|p2a: Sinistcha|65/100\n|\n|-weather|RainDance|[upkeep]\n|upkeep\n|\n|t:|1776616704\n|switch|p2b: Froslass|Froslass-Mega, L50, F, shiny|100/100\n|-weather|Snowscape|[from] ability: Snow Warning|[of] p2b: Froslass\n|turn|3\n|\n|t:|1776616721\n|move|p1b: Pelipper|Wide Guard|p1b: Pelipper\n|-singleturn|p1b: Pelipper|Wide Guard\n|move|p1a: Aegislash|Shadow Sneak|p2b: Froslass\n|-supereffective|p2b: Froslass|1\n|-damage|p2b: Froslass|47/100\n|move|p2b: Froslass|Blizzard|p1b: Pelipper|[spread] \n|-activate|p1a: Aegislash|move: Wide Guard\n|-activate|p1b: Pelipper|move: Wide Guard\n|move|p2a: Sinistcha|Shadow Ball|p1a: Aegislash\n|-supereffective|p1a: Aegislash|1\n|-crit|p1a: Aegislash\n|-damage|p1a: Aegislash|0 fnt\n|faint|p1a: Aegislash\n|\n|-weather|Snowscape|[upkeep]\n|upkeep\n|\n|t:|1776616740\n|switch|p1a: Basculegion|Basculegion, L50, M|100/100\n|turn|4\n|\n|t:|1776616749\n|switch|p1b: Kangaskhan|Kangaskhan, L50, F|100/100\n|move|p2b: Froslass|Protect|p2b: Froslass\n|-singleturn|p2b: Froslass|Protect\n|move|p1a: Basculegion|Last Respects|p2a: Sinistcha\n|-supereffective|p2a: Sinistcha|1\n|-damage|p2a: Sinistcha|0 fnt\n|faint|p2a: Sinistcha\n|\n|-weather|Snowscape|[upkeep]\n|upkeep\n|\n|t:|1776616758\n|switch|p2a: Milotic|Milotic, L50, M, shiny|100/100\n|turn|5\n|\n|t:|1776616770\n|detailschange|p1b: Kangaskhan|Kangaskhan-Mega, L50, F\n|-mega|p1b: Kangaskhan|Kangaskhan|Kangaskhanite\n|move|p1b: Kangaskhan|Fake Out|p2a: Milotic\n|-damage|p2a: Milotic|73/100\n|-damage|p2a: Milotic|66/100\n|-hitcount|p2a: Milotic|2\n|move|p1a: Basculegion|Last Respects|p2b: Froslass\n|-supereffective|p2b: Froslass|1\n|-damage|p2b: Froslass|0 fnt\n|faint|p2b: Froslass\n|cant|p2a: Milotic|flinch\n|\n|-weather|Snowscape|[upkeep]\n|-heal|p2a: Milotic|72/100|[from] item: Leftovers\n|upkeep\n|turn|6\n|\n|t:|1776616787\n|move|p1a: Basculegion|Last Respects|p2a: Milotic\n|-damage|p2a: Milotic|0 fnt\n|faint|p2a: Milotic\n|\n|win|Kojiiii\n|raw|Kojiiii's rating: 1087 &rarr; <strong>1114</strong><br />(+27 for winning)\n|raw|MegaLucarioisgod's rating: 1084 &rarr; <strong>1062</strong><br />(-22 for losing)\n",
  "uploadtime": 1776616792,
  "views": 17,
  "formatid": "gen9championsvgc2026regma",
  "rating": 1062,
  "private": 0,
  "password": null
}