{
  "id": "gen9championsvgc2026regma-2580889033",
  "format": "[Gen 9 Champions] VGC 2026 Reg M-A",
  "players": [
    "Itotio",
    "brooklyn boy"
  ],
  "log": "|j|\u2606Itotio\n|j|\u2606brooklyn boy\n|t:|1775940781\n|gametype|doubles\n|player|p1|Itotio|lucas|\n|player|p2|brooklyn boy|youngster-gen4dp|\n|gen|9\n|tier|[Gen 9 Champions] VGC 2026 Reg M-A\n|rated|Tournament battle\n|rule|Species Clause: Limit one of each Pok\u00e9mon\n|rule|Item Clause: Limit 1 of each item\n|raw|<div class=\"infobox\"><details class=\"readmore\" open><summary><strong>1 custom rule:</strong></summary> Force Open Team Sheets</details></div>\n|clearpoke\n|poke|p1|Manectric, L50, F|\n|poke|p1|Kingambit, L50, M|\n|poke|p1|Incineroar, L50, F|\n|poke|p1|Sneasler, L50, F|\n|poke|p1|Corviknight, L50, F|\n|poke|p1|Meowscarada, L50, M|\n|poke|p2|Garchomp, L50, M|\n|poke|p2|Rotom-Wash, L50|\n|poke|p2|Gengar, L50, M|\n|poke|p2|Tauros-Paldea-Blaze, L50, M|\n|poke|p2|Aerodactyl, L50, F|\n|poke|p2|Meowscarada, L50, F|\n|teampreview|4\n|showteam|p1|Manectric||Manectite|LightningRod|VoltSwitch,Thunderbolt,Snarl,Protect|||F|||50|]Kingambit||BlackGlasses|Defiant|SuckerPunch,KowtowCleave,IronHead,Protect|||M|||50|]Incineroar||SitrusBerry|Intimidate|FakeOut,FlareBlitz,PartingShot,Snarl|||F|||50|]Sneasler||WhiteHerb|Unburden|CloseCombat,DireClaw,Protect,Acrobatics|||F|||50|]Corviknight||Leftovers|MirrorArmor|BulkUp,BraveBird,BodyPress,Roost|||F|||50|]Meowscarada||FocusSash|Overgrow|FlowerTrick,TripleAxel,Protect,KnockOff|||M|||50|\n|showteam|p2|Garchomp||ChoiceScarf|RoughSkin|Earthquake,StompingTantrum,RockSlide,Outrage|||M|||50|]Rotom-Wash||SitrusBerry|Levitate|Discharge,HydroPump,VoltSwitch,Protect||||||50|]Gengar||Gengarite|CursedBody|SludgeBomb,ShadowBall,PerishSong,Protect|||M|||50|]Tauros-Paldea-Blaze||PasshoBerry|Intimidate|FlareBlitz,CloseCombat,WillOWisp,Protect|||M|||50|]Aerodactyl||FocusSash|Unnerve|RockSlide,DualWingbeat,Tailwind,Protect|||F|||50|]Meowscarada||WhiteHerb|Protean|FlowerTrick,SuckerPunch,TripleAxel,Protect|||F|||50|\n|inactive|Battle timer is ON: inactive players will automatically lose when time's up. (requested by Itotio)\n|j| Snorlaxsmash\n|j| Awoken Hit\n|l| Snorlaxsmash\n|inactive|Itotio has 60 seconds left.\n|inactive|brooklyn boy has 60 seconds left.\n|inactive|Itotio has 30 seconds left.\n|inactive|Itotio has 20 seconds left.\n|inactive|Itotio has 15 seconds left.\n|inactive|Itotio has 10 seconds left.\n|\n|t:|1775940863\n|teamsize|p1|4\n|teamsize|p2|4\n|start\n|switch|p1a: Incineroar|Incineroar, L50, F|100/100\n|switch|p1b: Manectric|Manectric, L50, F|100/100\n|switch|p2a: Rotom|Rotom-Wash, L50|100/100\n|switch|p2b: Gengar|Gengar, L50, M|100/100\n|-ability|p1a: Incineroar|Intimidate|boost\n|-unboost|p2a: Rotom|atk|1\n|-unboost|p2b: Gengar|atk|1\n|turn|1\n|\n|t:|1775940876\n|switch|p2a: Garchomp|Garchomp, L50, M|100/100\n|detailschange|p1b: Manectric|Manectric-Mega, L50, F\n|-mega|p1b: Manectric|Manectric|Manectite\n|-ability|p1b: Manectric|Intimidate|boost\n|-unboost|p2a: Garchomp|atk|1\n|-unboost|p2b: Gengar|atk|1\n|detailschange|p2b: Gengar|Gengar-Mega, L50, M\n|-mega|p2b: Gengar|Gengar|Gengarite\n|move|p2b: Gengar|Protect|p2b: Gengar\n|-singleturn|p2b: Gengar|Protect\n|move|p1b: Manectric|Snarl|p2b: Gengar|[spread] p2a\n|-activate|p2b: Gengar|move: Protect\n|-damage|p2a: Garchomp|84/100\n|-unboost|p2a: Garchomp|spa|1\n|move|p1a: Incineroar|Snarl|p2b: Gengar|[spread] p2a\n|-activate|p2b: Gengar|move: Protect\n|-crit|p2a: Garchomp\n|-damage|p2a: Garchomp|66/100\n|-unboost|p2a: Garchomp|spa|1\n|\n|upkeep\n|turn|2\n|inactive|Itotio has 30 seconds left.\n|inactive|Itotio has 20 seconds left.\n|\n|t:|1775940913\n|switch|p2b: Rotom|Rotom-Wash, L50|100/100\n|move|p1b: Manectric|Protect|p1b: Manectric\n|-singleturn|p1b: Manectric|Protect\n|move|p2a: Garchomp|Earthquake|p1b: Manectric|[spread] p1a\n|-activate|p1b: Manectric|move: Protect\n|-immune|p2b: Rotom|[from] ability: Levitate\n|-supereffective|p1a: Incineroar|1\n|-damage|p1a: Incineroar|53/100\n|move|p1a: Incineroar|Parting Shot|p2a: Garchomp\n|-unboost|p2a: Garchomp|atk|1\n|-unboost|p2a: Garchomp|spa|1\n|\n|t:|1775940924\n|switch|p1a: Meowscarada|Meowscarada, L50, M|100/100|[from] Parting Shot\n|\n|upkeep\n|turn|3\n|\n|t:|1775940930\n|move|p2b: Rotom|Protect|p2b: Rotom\n|-singleturn|p2b: Rotom|Protect\n|move|p2a: Garchomp|Earthquake|p1b: Manectric|[spread] p1a,p1b\n|-activate|p2b: Rotom|move: Protect\n|-resisted|p1a: Meowscarada|1\n|-supereffective|p1b: Manectric|1\n|-damage|p1a: Meowscarada|86/100\n|-damage|p1b: Manectric|39/100\n|move|p1b: Manectric|Volt Switch|p2b: Rotom\n|-activate|p2b: Rotom|move: Protect\n|move|p1a: Meowscarada|Flower Trick|p2b: Rotom\n|-activate|p2b: Rotom|move: Protect\n|\n|upkeep\n|turn|4\n|\n|t:|1775940952\n|move|p2a: Garchomp|Earthquake|p1a: Meowscarada|[spread] p1a,p1b\n|-immune|p2b: Rotom|[from] ability: Levitate\n|-resisted|p1a: Meowscarada|1\n|-supereffective|p1b: Manectric|1\n|-damage|p1a: Meowscarada|71/100\n|-damage|p1b: Manectric|0 fnt\n|faint|p1b: Manectric\n|move|p1a: Meowscarada|Flower Trick|p2b: Rotom\n|-supereffective|p2b: Rotom|1\n|-crit|p2b: Rotom\n|-damage|p2b: Rotom|15/100\n|-enditem|p2b: Rotom|Sitrus Berry|[eat]\n|-heal|p2b: Rotom|40/100|[from] item: Sitrus Berry\n|move|p2b: Rotom|Volt Switch|p1a: Meowscarada\n|-resisted|p1a: Meowscarada|1\n|-damage|p1a: Meowscarada|51/100\n|\n|t:|1775940961\n|switch|p2b: Gengar|Gengar-Mega, L50, M|100/100|[from] Volt Switch\n|\n|upkeep\n|\n|t:|1775940963\n|switch|p1b: Incineroar|Incineroar, L50, F|53/100\n|-ability|p1b: Incineroar|Intimidate|boost\n|-unboost|p2a: Garchomp|atk|1\n|-unboost|p2b: Gengar|atk|1\n|turn|5\n|\n|t:|1775940970\n|switch|p2a: Tauros|Tauros-Paldea-Blaze, L50, M|100/100\n|-ability|p2a: Tauros|Intimidate|boost\n|-unboost|p1a: Meowscarada|atk|1\n|-unboost|p1b: Incineroar|atk|1\n|move|p1a: Meowscarada|Protect|p1a: Meowscarada\n|-singleturn|p1a: Meowscarada|Protect\n|move|p2b: Gengar|Protect|p2b: Gengar\n|-singleturn|p2b: Gengar|Protect\n|move|p1b: Incineroar|Snarl|p2b: Gengar|[spread] p2a\n|-activate|p2b: Gengar|move: Protect\n|-resisted|p2a: Tauros|1\n|-damage|p2a: Tauros|94/100\n|-unboost|p2a: Tauros|spa|1\n|\n|upkeep\n|turn|6\n|j| yuirs gsb\n|inactive|Itotio has 30 seconds left.\n|\n|t:|1775940999\n|move|p1a: Meowscarada|Knock Off|p2b: Gengar\n|-supereffective|p2b: Gengar|1\n|-damage|p2b: Gengar|44/100\n|move|p2b: Gengar|Sludge Bomb|p1a: Meowscarada\n|-supereffective|p1a: Meowscarada|1\n|-damage|p1a: Meowscarada|0 fnt\n|faint|p1a: Meowscarada\n|move|p2a: Tauros|Close Combat|p1b: Incineroar\n|-supereffective|p1b: Incineroar|1\n|-damage|p1b: Incineroar|0 fnt\n|-unboost|p2a: Tauros|def|1\n|-unboost|p2a: Tauros|spd|1\n|faint|p1b: Incineroar\n|\n|upkeep\n|\n|t:|1775941004\n|switch|p1b: Sneasler|Sneasler, L50, F|100/100\n|turn|7\n|\n|t:|1775941014\n|move|p1b: Sneasler|Acrobatics|p2a: Tauros\n|-supereffective|p2a: Tauros|1\n|-damage|p2a: Tauros|29/100\n|move|p2b: Gengar|Shadow Ball|p1b: Sneasler\n|-damage|p1b: Sneasler|37/100\n|move|p2a: Tauros|Flare Blitz|p1b: Sneasler\n|-damage|p1b: Sneasler|0 fnt\n|faint|p1b: Sneasler\n|-damage|p2a: Tauros|19/100|[from] Recoil\n|\n|win|brooklyn boy\n|n|\u2606Itotio|itotio\n|n|\u2606brooklyn boy|brooklynboy\n|n| Awoken Hit|awokenhit\n|n| yuirs gsb|yuirsgsb\n|l|\u2606Itotio\n|player|p1|\n",
  "uploadtime": 1775941022,
  "views": 14,
  "formatid": "gen9championsvgc2026regma",
  "rating": null,
  "private": 0,
  "password": null
}