{
  "id": "gen9championsvgc2026regma-2581422227",
  "format": "[Gen 9 Champions] VGC 2026 Reg M-A",
  "players": [
    "LouisTsang25",
    "Mask4M"
  ],
  "log": "|j|\u2606LouisTsang25\n|j|\u2606Mask4M\n|t:|1775998804\n|gametype|doubles\n|player|p1|LouisTsang25|169|1080\n|player|p2|Mask4M|102|1128\n|gen|9\n|tier|[Gen 9 Champions] VGC 2026 Reg M-A\n|rated|\n|rule|Species Clause: Limit one of each Pok\u00e9mon\n|rule|Item Clause: Limit 1 of each item\n|clearpoke\n|poke|p1|Feraligatr, L50, M|\n|poke|p1|Incineroar, L50, F|\n|poke|p1|Floette-Eternal, L50, F|\n|poke|p1|Sneasler, L50, F|\n|poke|p1|Whimsicott, L50, F|\n|poke|p1|Maushold-Four, L50|\n|poke|p2|Glimmora, L50, F|\n|poke|p2|Froslass, L50, F|\n|poke|p2|Sneasler, L50, M|\n|poke|p2|Incineroar, L50, F|\n|poke|p2|Whimsicott, L50, F|\n|poke|p2|Gyarados, L50, M|\n|teampreview|4\nMask4M has agreed to open team sheets.\nLouisTsang25 rejected open team sheets.\n|\n|t:|1775998853\n|teamsize|p1|4\n|teamsize|p2|4\n|start\n|switch|p1a: Floette|Floette-Eternal, L50, F|100/100\n|switch|p1b: Incineroar|Incineroar, L50, F|100/100\n|switch|p2a: Incineroar|Incineroar, L50, F|100/100\n|switch|p2b: Whimsicott|Whimsicott, L50, F|100/100\n|-ability|p2a: Incineroar|Intimidate|boost\n|-unboost|p1a: Floette|atk|1\n|-unboost|p1b: Incineroar|atk|1\n|-ability|p1b: Incineroar|Intimidate|boost\n|-unboost|p2a: Incineroar|atk|1\n|-unboost|p2b: Whimsicott|atk|1\n|turn|1\n|\n|t:|1775998896\n|detailschange|p1a: Floette|Floette-Mega, L50, F\n|-mega|p1a: Floette|Floette|Floettite\n|-ability|p1a: Floette|Fairy Aura\n|move|p2a: Incineroar|Fake Out|p1a: Floette\n|-damage|p1a: Floette|92/100\n|move|p2b: Whimsicott|Tailwind|p2b: Whimsicott\n|-sidestart|p2: Mask4M|move: Tailwind\n|cant|p1a: Floette|flinch\n|move|p1b: Incineroar|Flare Blitz|p2b: Whimsicott\n|-supereffective|p2b: Whimsicott|1\n|-damage|p2b: Whimsicott|27/100\n|-damage|p1b: Incineroar|81/100|[from] Recoil\n|\n|-heal|p1b: Incineroar|87/100|[from] item: Leftovers\n|upkeep\n|turn|2\n|\n|t:|1775998918\n|move|p2b: Whimsicott|Encore|p1b: Incineroar\n|-hint|Since gen 7, Dark is immune to Prankster moves.\n|-immune|p1b: Incineroar\n|move|p2a: Incineroar|Parting Shot|p1a: Floette\n|-unboost|p1a: Floette|atk|1\n|-unboost|p1a: Floette|spa|1\n|\n|t:|1775998927\n|switch|p2a: Sneasler|Sneasler, L50, M|100/100|[from] Parting Shot\n|move|p1a: Floette|Calm Mind|p1a: Floette\n|-boost|p1a: Floette|spa|1\n|-boost|p1a: Floette|spd|1\n|move|p1b: Incineroar|Parting Shot|p2a: Sneasler\n|-unboost|p2a: Sneasler|atk|1\n|-unboost|p2a: Sneasler|spa|1\n|\n|t:|1775998936\n|switch|p1b: Maushold|Maushold-Four, L50|100/100|[from] Parting Shot\n|-enditem|p2a: Sneasler|White Herb\n|-clearnegativeboost|p2a: Sneasler|[silent]\n|\n|upkeep\n|turn|3\n|\n|t:|1775998953\n|switch|p1b: Incineroar|Incineroar, L50, F|87/100\n|-ability|p1b: Incineroar|Intimidate|boost\n|-unboost|p2a: Sneasler|atk|1\n|-unboost|p2b: Whimsicott|atk|1\n|move|p1a: Floette|Protect|p1a: Floette\n|-singleturn|p1a: Floette|Protect\n|move|p2b: Whimsicott|Encore|p1a: Floette\n|-activate|p1a: Floette|move: Protect\n|move|p2a: Sneasler|Close Combat|p1b: Incineroar\n|-supereffective|p1b: Incineroar|1\n|-damage|p1b: Incineroar|5/100\n|-unboost|p2a: Sneasler|def|1\n|-unboost|p2a: Sneasler|spd|1\n|\n|-heal|p1b: Incineroar|11/100|[from] item: Leftovers\n|upkeep\n|turn|4\n|\n|t:|1775998979\n|switch|p2a: Incineroar|Incineroar, L50, F|100/100\n|-ability|p2a: Incineroar|Intimidate|boost\n|-unboost|p1a: Floette|atk|1\n|-unboost|p1b: Incineroar|atk|1\n|switch|p2b: Glimmora|Glimmora, L50, F|100/100\n|move|p1b: Incineroar|Fake Out|p2a: Incineroar\n|-damage|p2a: Incineroar|95/100\n|move|p1a: Floette|Calm Mind|p1a: Floette\n|-boost|p1a: Floette|spa|1\n|-boost|p1a: Floette|spd|1\n|\n|-heal|p1b: Incineroar|17/100|[from] item: Leftovers\n|-sideend|p2: Mask4M|move: Tailwind\n|upkeep\n|turn|5\n|\n|t:|1775999002\n|detailschange|p2b: Glimmora|Glimmora-Mega, L50, F\n|-mega|p2b: Glimmora|Glimmora|Glimmoranite\n|move|p1a: Floette|Protect|p1a: Floette\n|-singleturn|p1a: Floette|Protect\n|move|p2a: Incineroar|Fake Out|p1b: Incineroar\n|-damage|p1b: Incineroar|9/100\n|move|p2b: Glimmora|Sludge Bomb|p1a: Floette\n|-activate|p1a: Floette|move: Protect\n|cant|p1b: Incineroar|flinch\n|\n|-heal|p1b: Incineroar|15/100|[from] item: Leftovers\n|upkeep\n|turn|6\n|\n|t:|1775999027\n|move|p2b: Glimmora|Spiky Shield|p2b: Glimmora\n|-singleturn|p2b: Glimmora|move: Protect\n|move|p1a: Floette|Psychic|p2b: Glimmora\n|-activate|p2b: Glimmora|move: Protect\n|move|p1b: Incineroar|Parting Shot|p2b: Glimmora\n|-activate|p2b: Glimmora|move: Protect\n|move|p2a: Incineroar|Flare Blitz|p1a: Floette\n|-damage|p1a: Floette|42/100\n|-damage|p2a: Incineroar|80/100|[from] Recoil\n|\n|-heal|p1b: Incineroar|21/100|[from] item: Leftovers\n|upkeep\n|turn|7\n|\n|t:|1775999046\n|switch|p2b: Whimsicott|Whimsicott, L50, F|27/100\n|switch|p1b: Maushold|Maushold-Four, L50|100/100\n|move|p1a: Floette|Dazzling Gleam|p2b: Whimsicott|[spread] p2a,p2b\n|-damage|p2a: Incineroar|11/100\n|-damage|p2b: Whimsicott|0 fnt\n|-enditem|p2a: Incineroar|Sitrus Berry|[eat]\n|-heal|p2a: Incineroar|36/100|[from] item: Sitrus Berry\n|faint|p2b: Whimsicott\n|move|p2a: Incineroar|Flare Blitz|p1a: Floette\n|-damage|p1a: Floette|0 fnt\n|faint|p1a: Floette\n|-damage|p2a: Incineroar|24/100|[from] Recoil\n|\n|upkeep\n|\n|t:|1775999065\n|switch|p2b: Sneasler|Sneasler, L50, M|100/100\n|switch|p1a: Sneasler|Sneasler, L50, F|100/100\n|turn|8\n|\n|t:|1775999102\n|switch|p1b: Incineroar|Incineroar, L50, F|21/100\n|-ability|p1b: Incineroar|Intimidate|boost\n|-unboost|p2a: Incineroar|atk|1\n|-unboost|p2b: Sneasler|atk|1\n|move|p2b: Sneasler|Protect|p2b: Sneasler\n|-singleturn|p2b: Sneasler|Protect\n|move|p1a: Sneasler|Protect|p1a: Sneasler\n|-singleturn|p1a: Sneasler|Protect\n|move|p2a: Incineroar|Parting Shot|p1a: Sneasler\n|-activate|p1a: Sneasler|move: Protect\n|\n|-heal|p1b: Incineroar|27/100|[from] item: Leftovers\n|upkeep\n|turn|9\n|\n|t:|1775999127\n|switch|p2b: Glimmora|Glimmora-Mega, L50, F|100/100\n|move|p1b: Incineroar|Fake Out|p2b: Glimmora\n|-resisted|p2b: Glimmora|1\n|-damage|p2b: Glimmora|95/100\n|move|p1a: Sneasler|Close Combat|p2a: Incineroar\n|-supereffective|p2a: Incineroar|1\n|-crit|p2a: Incineroar\n|-damage|p2a: Incineroar|0 fnt\n|-unboost|p1a: Sneasler|def|1\n|-unboost|p1a: Sneasler|spd|1\n|faint|p2a: Incineroar\n|-enditem|p1a: Sneasler|White Herb\n|-clearnegativeboost|p1a: Sneasler|[silent]\n|\n|-heal|p1b: Incineroar|33/100|[from] item: Leftovers\n|upkeep\n|\n|t:|1775999134\n|switch|p2a: Sneasler|Sneasler, L50, M|100/100\n|turn|10\n|\n|t:|1775999150\n|switch|p1b: Maushold|Maushold-Four, L50|100/100\n|move|p2b: Glimmora|Spiky Shield|p2b: Glimmora\n|-singleturn|p2b: Glimmora|move: Protect\n|move|p1a: Sneasler|Close Combat|p2b: Glimmora\n|-activate|p2b: Glimmora|move: Protect\n|-damage|p1a: Sneasler|88/100|[from] Spiky Shield|[of] p2b: Glimmora\n|move|p2a: Sneasler|Close Combat|p1b: Maushold\n|-supereffective|p1b: Maushold|1\n|-damage|p1b: Maushold|0 fnt\n|-unboost|p2a: Sneasler|def|1\n|-unboost|p2a: Sneasler|spd|1\n|faint|p1b: Maushold\n|\n|upkeep\n|\n|t:|1775999161\n|switch|p1b: Incineroar|Incineroar, L50, F|33/100\n|-ability|p1b: Incineroar|Intimidate|boost\n|-unboost|p2a: Sneasler|atk|1\n|-unboost|p2b: Glimmora|atk|1\n|turn|11\n|\n|t:|1775999174\n|move|p1b: Incineroar|Fake Out|p2a: Sneasler\n|-damage|p2a: Sneasler|74/100\n|move|p1a: Sneasler|Close Combat|p2b: Glimmora\n|-damage|p2b: Glimmora|19/100\n|-unboost|p1a: Sneasler|def|1\n|-unboost|p1a: Sneasler|spd|1\n|cant|p2a: Sneasler|flinch\n|move|p2b: Glimmora|Earth Power|p1a: Sneasler\n|-supereffective|p1a: Sneasler|1\n|-damage|p1a: Sneasler|0 fnt\n|faint|p1a: Sneasler\n|\n|-heal|p1b: Incineroar|39/100|[from] item: Leftovers\n|upkeep\n|turn|12\n|c|\u2606LouisTsang25|gg\n|c|\u2606Mask4M|gg\n|c|\u2606LouisTsang25|glimmora so bulky\n|-message|LouisTsang25 forfeited.\n|\n|win|Mask4M\n|raw|LouisTsang25's rating: 1080 &rarr; <strong>1061</strong><br />(-19 for losing)\n|raw|Mask4M's rating: 1128 &rarr; <strong>1150</strong><br />(+22 for winning)\n|c|\u2606Mask4M|it is\n|l|\u2606LouisTsang25\n|player|p1|\n|c|\u2606Mask4M|no one expects it either\n",
  "uploadtime": 1775999220,
  "views": 21,
  "formatid": "gen9championsvgc2026regma",
  "rating": 1061,
  "private": 0,
  "password": null
}