{
  "id": "gen9championsvgc2026regma-2585779973",
  "format": "[Gen 9 Champions] VGC 2026 Reg M-A",
  "players": [
    "Mongoose556",
    "Endoll"
  ],
  "log": "|j|\u2606Mongoose556\n|j|\u2606Endoll\n|t:|1776370090\n|gametype|doubles\n|player|p1|Mongoose556|265|1042\n|player|p2|Endoll|169|1000\n|gen|9\n|tier|[Gen 9 Champions] VGC 2026 Reg M-A\n|rated|\n|rule|Species Clause: Limit one of each Pok\u00e9mon\n|rule|Item Clause: Limit 1 of each item\n|clearpoke\n|poke|p1|Slowking, L50, M|\n|poke|p1|Banette, L50, M|\n|poke|p1|Spiritomb, L50, M|\n|poke|p1|Crabominable, L50, M|\n|poke|p1|Snorlax, L50, M|\n|poke|p1|Conkeldurr, L50, M|\n|poke|p2|Archaludon, L50, F|\n|poke|p2|Pelipper, L50, M|\n|poke|p2|Basculegion, L50, M|\n|poke|p2|Aerodactyl, L50, M|\n|poke|p2|Incineroar, L50, M|\n|poke|p2|Kingambit, L50, F|\n|teampreview|4\n|\n|t:|1776370140\n|teamsize|p1|4\n|teamsize|p2|4\n|start\n|switch|p1a: Spiritomb|Spiritomb, L50, M, shiny|100/100\n|switch|p1b: Banette|Banette, L50, M, shiny|100/100\n|switch|p2a: Incineroar|Incineroar, L50, M|100/100\n|switch|p2b: Kingambit|Kingambit, L50, F|100/100\n|-item|p2a: Incineroar|Bright Powder|[from] ability: Frisk|[of] p1b: Banette\n|-item|p2b: Kingambit|Black Glasses|[from] ability: Frisk|[of] p1b: Banette\n|-ability|p2a: Incineroar|Intimidate|boost\n|-unboost|p1a: Spiritomb|atk|1\n|-unboost|p1b: Banette|atk|1\n|turn|1\n|\n|t:|1776370171\n|move|p2b: Kingambit|Protect|p2b: Kingambit\n|-singleturn|p2b: Kingambit|Protect\n|move|p1b: Banette|Will-O-Wisp|p2b: Kingambit\n|-activate|p2b: Kingambit|move: Protect\n|move|p2a: Incineroar|Throat Chop|p1b: Banette\n|-supereffective|p1b: Banette|1\n|-damage|p1b: Banette|10/100\n|-start|p1b: Banette|Throat Chop|[silent]\n|move|p1a: Spiritomb|Trick Room|p1a: Spiritomb\n|-fieldstart|move: Trick Room|[of] p1a: Spiritomb\n|\n|upkeep\n|turn|2\n|\n|t:|1776370193\n|switch|p1a: Conkeldurr|Conkeldurr, L50, M|100/100\n|switch|p2b: Pelipper|Pelipper, L50, M|100/100\n|-weather|RainDance|[from] ability: Drizzle|[of] p2b: Pelipper\n|move|p2a: Incineroar|Parting Shot|p1b: Banette\n|-unboost|p1b: Banette|atk|1\n|-unboost|p1b: Banette|spa|1\n|\n|t:|1776370207\n|switch|p2a: Archaludon|Archaludon, L50, F|100/100|[from] Parting Shot\n|move|p1b: Banette|Will-O-Wisp|p2b: Pelipper\n|-status|p2b: Pelipper|brn\n|\n|-weather|RainDance|[upkeep]\n|-damage|p2b: Pelipper|95/100 brn|[from] brn\n|-end|p1b: Banette|Throat Chop|[silent]\n|upkeep\n|turn|3\n|\n|t:|1776370230\n|move|p1a: Conkeldurr|Drain Punch|p2a: Archaludon\n|-supereffective|p2a: Archaludon|1\n|-damage|p2a: Archaludon|0 fnt\n|faint|p2a: Archaludon\n|move|p1b: Banette|Poltergeist|p2b: Pelipper\n|-activate|p2b: Pelipper|move: Poltergeist|Focus Sash\n|-damage|p2b: Pelipper|67/100 brn\n|move|p2b: Pelipper|Hurricane|p1a: Conkeldurr\n|-supereffective|p1a: Conkeldurr|1\n|-damage|p1a: Conkeldurr|20/100\n|\n|-weather|RainDance|[upkeep]\n|-damage|p2b: Pelipper|61/100 brn|[from] brn\n|upkeep\n|\n|t:|1776370247\n|switch|p2a: Incineroar|Incineroar, L50, M|100/100\n|-ability|p2a: Incineroar|Intimidate|boost\n|-unboost|p1a: Conkeldurr|atk|1\n|-unboost|p1b: Banette|atk|1\n|turn|4\n|\n|t:|1776370270\n|switch|p1a: Spiritomb|Spiritomb, L50, M, shiny|100/100\n|move|p2b: Pelipper|Protect|p2b: Pelipper\n|-singleturn|p2b: Pelipper|Protect\n|move|p2a: Incineroar|Throat Chop|p1b: Banette\n|-supereffective|p1b: Banette|1\n|-damage|p1b: Banette|0 fnt\n|faint|p1b: Banette\n|\n|-weather|RainDance|[upkeep]\n|-damage|p2b: Pelipper|55/100 brn|[from] brn\n|upkeep\n|inactive|Battle timer is ON: inactive players will automatically lose when time's up. (requested by Endoll)\n|\n|t:|1776370279\n|switch|p1b: Crabominable|Crabominable, L50, M, shiny|100/100\n|turn|5\n|\n|t:|1776370301\n|detailschange|p1b: Crabominable|Crabominable-Mega, L50, M, shiny\n|-mega|p1b: Crabominable|Crabominable|Crabominite\n|move|p1b: Crabominable|Crabhammer|p2a: Incineroar\n|-supereffective|p2a: Incineroar|1\n|-damage|p2a: Incineroar|9/100\n|move|p1a: Spiritomb|Dark Pulse|p2b: Pelipper\n|-damage|p2b: Pelipper|18/100 brn\n|move|p2a: Incineroar|Flare Blitz|p1b: Crabominable\n|-supereffective|p1b: Crabominable|1\n|-damage|p1b: Crabominable|63/100\n|-damage|p2a: Incineroar|0 fnt|[from] Recoil\n|faint|p2a: Incineroar\n|move|p2b: Pelipper|Hurricane|p1b: Crabominable\n|-supereffective|p1b: Crabominable|1\n|-damage|p1b: Crabominable|10/100\n|\n|-weather|RainDance|[upkeep]\n|-damage|p2b: Pelipper|12/100 brn|[from] brn\n|-fieldend|move: Trick Room\n|upkeep\n|\n|t:|1776370320\n|switch|p2a: Kingambit|Kingambit, L50, F|100/100\n|turn|6\n|inactive|Endoll has 30 seconds left.\n|\n|t:|1776370352\n|move|p2a: Kingambit|Sucker Punch|p1b: Crabominable\n|-resisted|p1b: Crabominable|1\n|-damage|p1b: Crabominable|0 fnt\n|faint|p1b: Crabominable\n|move|p2b: Pelipper|Hurricane|p1a: Spiritomb\n|-damage|p1a: Spiritomb|60/100\n|move|p1a: Spiritomb|Dark Pulse|p2b: Pelipper\n|-damage|p2b: Pelipper|0 fnt\n|faint|p2b: Pelipper\n|\n|-weather|none\n|upkeep\n|\n|t:|1776370355\n|switch|p1b: Conkeldurr|Conkeldurr, L50, M|20/100\n|turn|7\n|\n|t:|1776370374\n|move|p1b: Conkeldurr|Mach Punch|p2a: Kingambit\n|-supereffective|p2a: Kingambit|2\n|-damage|p2a: Kingambit|0 fnt\n|faint|p2a: Kingambit\n|\n|win|Mongoose556\n|raw|Mongoose556's rating: 1029 &rarr; <strong>1062</strong><br />(+33 for winning)\n|raw|Endoll's rating: 1000 &rarr; <strong>1000</strong><br />(+0 for losing)\n",
  "uploadtime": 1776370377,
  "views": 25,
  "formatid": "gen9championsvgc2026regma",
  "rating": 1000,
  "private": 0,
  "password": null
}