{
  "id": "gen9championsvgc2026regma-2583970271",
  "format": "[Gen 9 Champions] VGC 2026 Reg M-A",
  "players": [
    "sprushy",
    "Pastor/Sinner"
  ],
  "log": "|j|\u2606sprushy\n|j|\u2606Pastor/Sinner\n|t:|1776212894\n|gametype|doubles\n|player|p1|sprushy|102|1043\n|player|p2|Pastor/Sinner|102|1015\n|gen|9\n|tier|[Gen 9 Champions] VGC 2026 Reg M-A\n|rated|\n|rule|Species Clause: Limit one of each Pok\u00e9mon\n|rule|Item Clause: Limit 1 of each item\n|clearpoke\n|poke|p1|Dragapult, L50, F|\n|poke|p1|Toxapex, L50, M|\n|poke|p1|Tyranitar, L50, M|\n|poke|p1|Incineroar, L50, F|\n|poke|p1|Sinistcha, L50|\n|poke|p1|Aggron, L50, F|\n|poke|p2|Tyranitar, L50, M|\n|poke|p2|Aerodactyl, L50, M|\n|poke|p2|Froslass, L50, F|\n|poke|p2|Vanilluxe, L50, F|\n|poke|p2|Milotic, L50, F|\n|poke|p2|Arcanine-Hisui, L50, F|\n|teampreview|4\n|inactive|Battle timer is ON: inactive players will automatically lose when time's up. (requested by Pastor/Sinner)\n|inactive|sprushy has 60 seconds left.\n|\n|t:|1776212955\n|teamsize|p1|4\n|teamsize|p2|4\n|start\n|switch|p1a: Aggron|Aggron, L50, F|100/100\n|switch|p1b: Toxapex|Toxapex, L50, M|100/100\n|switch|p2a: Aerodactyl|Aerodactyl, L50, M|100/100\n|switch|p2b: Milotic|Milotic, L50, F, shiny|100/100\n|-ability|p2a: Aerodactyl|Unnerve\n|turn|1\n|inactive|sprushy has 30 seconds left.\n|\n|t:|1776212989\n|detailschange|p1a: Aggron|Aggron-Mega, L50, F\n|-mega|p1a: Aggron|Aggron|Aggronite\n|move|p2a: Aerodactyl|Rock Slide|p1a: Aggron|[spread] p1a,p1b\n|-resisted|p1a: Aggron|1\n|-damage|p1a: Aggron|96/100\n|-damage|p1b: Toxapex|79/100\n|move|p2b: Milotic|Muddy Water|p1b: Toxapex|[spread] p1a,p1b\n|-resisted|p1b: Toxapex|1\n|-damage|p1a: Aggron|65/100\n|-damage|p1b: Toxapex|70/100\n|-unboost|p1b: Toxapex|accuracy|1\n|move|p1a: Aggron|Whirlpool|p2a: Aerodactyl\n|-supereffective|p2a: Aerodactyl|1\n|-damage|p2a: Aerodactyl|85/100\n|-activate|p2a: Aerodactyl|move: Whirlpool|[of] p1a: Aggron\n|move|p1b: Toxapex|Infestation|p2b: Milotic\n|-damage|p2b: Milotic|98/100\n|-activate|p2b: Milotic|move: Infestation|[of] p1b: Toxapex\n|\n|-heal|p2b: Milotic|100/100|[from] item: Leftovers\n|-damage|p2a: Aerodactyl|73/100|[from] move: Whirlpool|[partiallytrapped]\n|-damage|p2b: Milotic|88/100|[from] move: Infestation|[partiallytrapped]\n|upkeep\n|turn|2\n|inactive|sprushy has 30 seconds left.\n|inactive|sprushy has 20 seconds left.\n|\n|t:|1776213028\n|move|p2a: Aerodactyl|Dual Wingbeat|p1b: Toxapex|[miss]\n|-miss|p2a: Aerodactyl|p1b: Toxapex\n|move|p2b: Milotic|Muddy Water|p1b: Toxapex|[spread] p1a,p1b\n|-crit|p1a: Aggron\n|-resisted|p1b: Toxapex|1\n|-damage|p1a: Aggron|17/100\n|-damage|p1b: Toxapex|61/100\n|-unboost|p1b: Toxapex|accuracy|1\n|move|p1a: Aggron|Whirlpool|p2b: Milotic\n|-resisted|p2b: Milotic|1\n|-damage|p2b: Milotic|86/100\n|move|p1b: Toxapex|Infestation|p2a: Aerodactyl\n|-resisted|p2a: Aerodactyl|1\n|-damage|p2a: Aerodactyl|71/100\n|\n|-heal|p2b: Milotic|92/100|[from] item: Leftovers\n|-damage|p2a: Aerodactyl|58/100|[from] move: Whirlpool|[partiallytrapped]\n|-damage|p2b: Milotic|79/100|[from] move: Infestation|[partiallytrapped]\n|upkeep\n|turn|3\n|\n|t:|1776213047\n|switch|p1b: Sinistcha|Sinistcha, L50|100/100\n|-heal|p1a: Aggron|42/100|[from] ability: Hospitality|[of] p1b: Sinistcha\n|move|p1a: Aggron|Protect|p1a: Aggron\n|-singleturn|p1a: Aggron|Protect\n|move|p2a: Aerodactyl|Dual Wingbeat|p1b: Sinistcha\n|-supereffective|p1b: Sinistcha|1\n|-damage|p1b: Sinistcha|72/100\n|-supereffective|p1b: Sinistcha|1\n|-damage|p1b: Sinistcha|44/100\n|-hitcount|p1b: Sinistcha|2\n|move|p2b: Milotic|Muddy Water|p1a: Aggron|[spread] p1b\n|-activate|p1a: Aggron|move: Protect\n|-resisted|p1b: Sinistcha|1\n|-damage|p1b: Sinistcha|27/100\n|\n|-heal|p2b: Milotic|86/100|[from] item: Leftovers\n|-damage|p2a: Aerodactyl|46/100|[from] move: Whirlpool|[partiallytrapped]\n|-end|p2b: Milotic|Infestation|[partiallytrapped]|[silent]\n|upkeep\n|turn|4\n|inactive|sprushy has 30 seconds left.\n|inactive|sprushy has 20 seconds left.\n|\n|t:|1776213082\n|switch|p1a: Incineroar|Incineroar, L50, F|100/100\n|-ability|p1a: Incineroar|Intimidate|boost\n|-unboost|p2a: Aerodactyl|atk|1\n|-unboost|p2b: Milotic|atk|1\n|-ability|p2b: Milotic|Competitive|boost\n|-boost|p2b: Milotic|spa|2\n|move|p2a: Aerodactyl|Rock Slide|p1b: Sinistcha|[spread] p1a,p1b\n|-supereffective|p1a: Incineroar|1\n|-damage|p1a: Incineroar|61/100\n|-damage|p1b: Sinistcha|13/100\n|move|p2b: Milotic|Muddy Water|p1a: Incineroar|[spread] p1a\n|-miss|p2b: Milotic|p1b: Sinistcha\n|-supereffective|p1a: Incineroar|1\n|-damage|p1a: Incineroar|0 fnt\n|faint|p1a: Incineroar\n|cant|p1b: Sinistcha|flinch\n|\n|-heal|p2b: Milotic|92/100|[from] item: Leftovers\n|-end|p2a: Aerodactyl|Whirlpool|[partiallytrapped]|[silent]\n|upkeep\n|\n|t:|1776213100\n|switch|p1a: Toxapex|Toxapex, L50, M|94/100\n|turn|5\n|-message|sprushy forfeited.\n|\n|win|Pastor/Sinner\n|raw|sprushy's rating: 1043 &rarr; <strong>1025</strong><br />(-18 for losing)\n|raw|Pastor&#x2f;Sinner's rating: 1015 &rarr; <strong>1056</strong><br />(+41 for winning)\n|l|\u2606sprushy\n|player|p1|\n",
  "uploadtime": 1776213108,
  "views": 34,
  "formatid": "gen9championsvgc2026regma",
  "rating": 1025,
  "private": 0,
  "password": null
}