{
  "id": "gen9championsvgc2026regma-2581401220",
  "format": "[Gen 9 Champions] VGC 2026 Reg M-A",
  "players": [
    "Fabiosa",
    "Quaza15"
  ],
  "log": "|j|\u2606Fabiosa\n|j|\u2606Quaza15\n|t:|1775996551\n|gametype|doubles\n|player|p1|Fabiosa|wallace|1102\n|player|p2|Quaza15|ruinmaniac|1142\n|gen|9\n|tier|[Gen 9 Champions] VGC 2026 Reg M-A\n|rated|\n|rule|Species Clause: Limit one of each Pok\u00e9mon\n|rule|Item Clause: Limit 1 of each item\n|clearpoke\n|poke|p1|Froslass, L50, F|\n|poke|p1|Orthworm, L50, F|\n|poke|p1|Garchomp, L50, M|\n|poke|p1|Rotom-Frost, L50|\n|poke|p1|Basculegion, L50, M|\n|poke|p1|Incineroar, L50, M|\n|poke|p2|Froslass, L50, F|\n|poke|p2|Meowscarada, L50, M|\n|poke|p2|Incineroar, L50, F|\n|poke|p2|Garchomp, L50, M|\n|poke|p2|Basculegion, L50, M|\n|poke|p2|Kingambit, L50, M|\n|teampreview|4\n|c|\u2606Quaza15|oh hey the wolfey team\n|\n|t:|1775996605\n|teamsize|p1|4\n|teamsize|p2|4\n|start\n|switch|p1a: Orthworm|Orthworm, L50, F|100/100\n|switch|p1b: Incineroar|Incineroar, L50, M|100/100\n|switch|p2a: Kingambit|Kingambit, L50, M|100/100\n|switch|p2b: Meowscarada|Meowscarada, L50, M|100/100\n|-ability|p1b: Incineroar|Intimidate|boost\n|-unboost|p2a: Kingambit|atk|1\n|-ability|p2a: Kingambit|Defiant|boost\n|-boost|p2a: Kingambit|atk|2\n|-unboost|p2b: Meowscarada|atk|1\n|turn|1\n|\n|t:|1775996631\n|move|p2b: Meowscarada|Brick Break|p1a: Orthworm\n|-start|p2b: Meowscarada|typechange|Fighting|[from] ability: Protean\n|-supereffective|p1a: Orthworm|1\n|-damage|p1a: Orthworm|69/100\n|move|p1b: Incineroar|Flare Blitz|p2a: Kingambit\n|-supereffective|p2a: Kingambit|1\n|-damage|p2a: Kingambit|7/100\n|-damage|p1b: Incineroar|69/100|[from] Recoil\n|move|p1a: Orthworm|Shed Tail|p1a: Orthworm\n|-start|p1a: Orthworm|Substitute|[from] move: Shed Tail\n|-damage|p1a: Orthworm|19/100\n|-enditem|p1a: Orthworm|Sitrus Berry|[eat]\n|-heal|p1a: Orthworm|43/100|[from] item: Sitrus Berry\n|\n|t:|1775996654\n|switch|p1a: Garchomp|Garchomp, L50, M|100/100|[from] Shed Tail\n|move|p2a: Kingambit|Kowtow Cleave|p1a: Garchomp\n|-end|p1a: Garchomp|Substitute\n|\n|upkeep\n|turn|2\n|\n|t:|1775996663\n|switch|p1b: Orthworm|Orthworm, L50, F|43/100\n|move|p2a: Kingambit|Sucker Punch||[still]\n|-fail|p2a: Kingambit\n|move|p2b: Meowscarada|Triple Axel|p1a: Garchomp\n|-supereffective|p1a: Garchomp|2\n|-damage|p1a: Garchomp|83/100\n|-damage|p2b: Meowscarada|88/100|[from] ability: Rough Skin|[of] p1a: Garchomp\n|-hitcount|p1a: Garchomp|1\n|move|p1a: Garchomp|Earthquake|p2b: Meowscarada|[spread] p2a,p2b\n|-heal|p1b: Orthworm|68/100|[from] ability: Earth Eater|[of] p1a: Garchomp\n|-supereffective|p2a: Kingambit|1\n|-damage|p2a: Kingambit|0 fnt\n|-damage|p2b: Meowscarada|27/100\n|faint|p2a: Kingambit\n|\n|upkeep\n|\n|t:|1775996675\n|switch|p2a: Basculegion|Basculegion, L50, M|100/100\n|turn|3\n|\n|t:|1775996714\n|switch|p1a: Incineroar|Incineroar, L50, M|69/100\n|-ability|p1a: Incineroar|Intimidate|boost\n|-unboost|p2a: Basculegion|atk|1\n|-unboost|p2b: Meowscarada|atk|1\n|move|p2a: Basculegion|Wave Crash|p1a: Incineroar\n|-supereffective|p1a: Incineroar|1\n|-damage|p1a: Incineroar|0 fnt\n|faint|p1a: Incineroar\n|-damage|p2a: Basculegion|77/100|[from] Recoil\n|move|p2b: Meowscarada|Triple Axel|p1b: Orthworm\n|-resisted|p1b: Orthworm|1\n|-damage|p1b: Orthworm|67/100\n|-resisted|p1b: Orthworm|1\n|-damage|p1b: Orthworm|65/100\n|-resisted|p1b: Orthworm|1\n|-damage|p1b: Orthworm|62/100\n|-hitcount|p1b: Orthworm|3\n|move|p1b: Orthworm|Heavy Slam|p2b: Meowscarada\n|-damage|p2b: Meowscarada|0 fnt\n|faint|p2b: Meowscarada\n|\n|upkeep\n|\n|t:|1775996738\n|switch|p2b: Incineroar|Incineroar, L50, F|100/100\n|switch|p1a: Garchomp|Garchomp, L50, M|83/100\n|-ability|p2b: Incineroar|Intimidate|boost\n|-unboost|p1a: Garchomp|atk|1\n|-unboost|p1b: Orthworm|atk|1\n|turn|4\n|\n|t:|1775996748\n|move|p2b: Incineroar|Fake Out|p1a: Garchomp\n|-damage|p1a: Garchomp|72/100\n|-damage|p2b: Incineroar|88/100|[from] ability: Rough Skin|[of] p1a: Garchomp\n|move|p2a: Basculegion|Wave Crash|p1b: Orthworm\n|-damage|p1b: Orthworm|34/100\n|-damage|p2a: Basculegion|69/100|[from] Recoil\n|cant|p1a: Garchomp|flinch\n|move|p1b: Orthworm|Shed Tail|p1b: Orthworm\n|-fail|p1b: Orthworm|move: Shed Tail|[weak]\n|\n|-heal|p2b: Incineroar|94/100|[from] item: Leftovers\n|upkeep\n|turn|5\n|\n|t:|1775996762\n|move|p2a: Basculegion|Wave Crash|p1a: Garchomp\n|-damage|p1a: Garchomp|33/100\n|-damage|p2a: Basculegion|56/100|[from] ability: Rough Skin|[of] p1a: Garchomp\n|-damage|p2a: Basculegion|44/100|[from] Recoil\n|move|p1a: Garchomp|Earthquake|p2a: Basculegion|[spread] p2a,p2b\n|-heal|p1b: Orthworm|59/100|[from] ability: Earth Eater|[of] p1a: Garchomp\n|-supereffective|p2b: Incineroar|1\n|-damage|p2a: Basculegion|13/100\n|-damage|p2b: Incineroar|52/100\n|move|p1b: Orthworm|Iron Defense|p1b: Orthworm\n|-boost|p1b: Orthworm|def|2\n|move|p2b: Incineroar|Flare Blitz|p1b: Orthworm\n|-supereffective|p1b: Orthworm|1\n|-damage|p1b: Orthworm|27/100\n|-damage|p2b: Incineroar|43/100|[from] Recoil\n|\n|-heal|p2b: Incineroar|49/100|[from] item: Leftovers\n|upkeep\n|turn|6\n|\n|t:|1775996788\n|move|p1a: Garchomp|Protect|p1a: Garchomp\n|-singleturn|p1a: Garchomp|Protect\n|move|p2a: Basculegion|Wave Crash|p1a: Garchomp\n|-activate|p1a: Garchomp|move: Protect\n|move|p1b: Orthworm|Body Press|p2b: Incineroar\n|-supereffective|p2b: Incineroar|1\n|-damage|p2b: Incineroar|0 fnt\n|faint|p2b: Incineroar\n|\n|upkeep\n|turn|7\n|-message|Quaza15 forfeited.\n|\n|win|Fabiosa\n|raw|Fabiosa's rating: 1102 &rarr; <strong>1130</strong><br />(+28 for winning)\n|raw|Quaza15's rating: 1142 &rarr; <strong>1114</strong><br />(-28 for losing)\n",
  "uploadtime": 1775996798,
  "views": 20,
  "formatid": "gen9championsvgc2026regma",
  "rating": 1114,
  "private": 0,
  "password": null
}