{
  "id": "gen9championsvgc2026regma-2585959404",
  "format": "[Gen 9 Champions] VGC 2026 Reg M-A",
  "players": [
    "Shiftuy",
    "O Pausanias"
  ],
  "log": "|j|\u2606Shiftuy\n|j|\u2606O Pausanias\n|t:|1776385201\n|gametype|doubles\n|player|p1|Shiftuy|pokemaniac|1127\n|player|p2|O Pausanias|az|1201\n|gen|9\n|tier|[Gen 9 Champions] VGC 2026 Reg M-A\n|rated|\n|rule|Species Clause: Limit one of each Pok\u00e9mon\n|rule|Item Clause: Limit 1 of each item\n|clearpoke\n|poke|p1|Farigiraf, L50, F|\n|poke|p1|Clefable, L50, M|\n|poke|p1|Hatterene, L50, F|\n|poke|p1|Kingambit, L50, F|\n|poke|p1|Crabominable, L50, F|\n|poke|p1|Sinistcha, L50|\n|poke|p2|Gardevoir, L50, F|\n|poke|p2|Charizard, L50, M|\n|poke|p2|Venusaur, L50, M|\n|poke|p2|Milotic, L50, F|\n|poke|p2|Garchomp, L50, F|\n|poke|p2|Incineroar, L50, M|\n|teampreview|4\n|inactive|Battle timer is ON: inactive players will automatically lose when time's up. (requested by Shiftuy)\n|inactive|O Pausanias has 60 seconds left.\n|\n|t:|1776385233\n|teamsize|p1|4\n|teamsize|p2|4\n|start\n|switch|p1a: Farigiraf|Farigiraf, L50, F|100/100\n|switch|p1b: Hatterene|Hatterene, L50, F|100/100\n|switch|p2a: Charizard|Charizard, L50, M|100/100\n|switch|p2b: Incineroar|Incineroar, L50, M|100/100\n|-ability|p2b: Incineroar|Intimidate|boost\n|-unboost|p1a: Farigiraf|atk|1\n|-unboost|p1b: Hatterene|atk|1\n|turn|1\n|\n|t:|1776385258\n|detailschange|p2a: Charizard|Charizard-Mega-Y, L50, M\n|-mega|p2a: Charizard|Charizard|Charizardite Y\n|-weather|SunnyDay|[from] ability: Drought|[of] p2a: Charizard\n|move|p2a: Charizard|Weather Ball|p1a: Farigiraf\n|-damage|p1a: Farigiraf|19/100\n|move|p2b: Incineroar|Throat Chop|p1a: Farigiraf\n|-supereffective|p1a: Farigiraf|1\n|-damage|p1a: Farigiraf|0 fnt\n|faint|p1a: Farigiraf\n|move|p1b: Hatterene|Mystical Fire|p2a: Charizard\n|-resisted|p2a: Charizard|1\n|-damage|p2a: Charizard|81/100\n|-unboost|p2a: Charizard|spa|1\n|\n|-weather|SunnyDay|[upkeep]\n|upkeep\n|\n|t:|1776385270\n|switch|p1a: Sinistcha|Sinistcha, L50|100/100\n|turn|2\n|\n|t:|1776385286\n|move|p1a: Sinistcha|Rage Powder|p1a: Sinistcha\n|-singleturn|p1a: Sinistcha|move: Rage Powder\n|move|p2a: Charizard|Weather Ball|p1a: Sinistcha\n|-supereffective|p1a: Sinistcha|1\n|-crit|p1a: Sinistcha\n|-damage|p1a: Sinistcha|0 fnt\n|faint|p1a: Sinistcha\n|move|p2b: Incineroar|Flare Blitz|p1b: Hatterene\n|-damage|p1b: Hatterene|13/100\n|-damage|p2b: Incineroar|82/100|[from] Recoil\n|move|p1b: Hatterene|Trick Room|p1b: Hatterene\n|-fieldstart|move: Trick Room|[of] p1b: Hatterene\n|\n|-weather|SunnyDay|[upkeep]\n|upkeep\n|\n|t:|1776385296\n|switch|p1a: Crabominable|Crabominable, L50, F|100/100\n|turn|3\n|\n|t:|1776385306\n|detailschange|p1a: Crabominable|Crabominable-Mega, L50, F\n|-mega|p1a: Crabominable|Crabominable|Crabominite\n|move|p2a: Charizard|Protect|p2a: Charizard\n|-singleturn|p2a: Charizard|Protect\n|move|p1b: Hatterene|Psychic|p2a: Charizard\n|-activate|p2a: Charizard|move: Protect\n|move|p1a: Crabominable|Close Combat|p2b: Incineroar\n|-supereffective|p2b: Incineroar|1\n|-damage|p2b: Incineroar|0 fnt\n|-unboost|p1a: Crabominable|def|1\n|-unboost|p1a: Crabominable|spd|1\n|faint|p2b: Incineroar\n|\n|-weather|SunnyDay|[upkeep]\n|upkeep\n|\n|t:|1776385322\n|switch|p2b: Milotic|Milotic, L50, F|100/100\n|turn|4\n|\n|t:|1776385337\n|move|p1b: Hatterene|Psychic|p2b: Milotic\n|-damage|p2b: Milotic|61/100\n|move|p1a: Crabominable|Ice Hammer|p2a: Charizard\n|-damage|p2a: Charizard|0 fnt\n|-unboost|p1a: Crabominable|spe|1\n|faint|p2a: Charizard\n|move|p2b: Milotic|Scald|p1a: Crabominable\n|-damage|p1a: Crabominable|78/100\n|-status|p1a: Crabominable|brn\n|\n|-weather|SunnyDay|[upkeep]\n|-heal|p2b: Milotic|67/100|[from] item: Leftovers\n|-damage|p1a: Crabominable|72/100 brn|[from] brn\n|upkeep\n|\n|t:|1776385353\n|switch|p2a: Venusaur|Venusaur, L50, M|100/100\n|turn|5\n|inactive|Shiftuy has 30 seconds left.\n|\n|t:|1776385380\n|move|p2a: Venusaur|Protect|p2a: Venusaur\n|-singleturn|p2a: Venusaur|Protect\n|move|p1a: Crabominable|Ice Hammer|p2a: Venusaur\n|-activate|p2a: Venusaur|move: Protect\n|move|p1b: Hatterene|Dazzling Gleam|p2a: Venusaur|[spread] p2b\n|-activate|p2a: Venusaur|move: Protect\n|-damage|p2b: Milotic|39/100\n|move|p2b: Milotic|Ice Beam|p1b: Hatterene\n|-damage|p1b: Hatterene|0 fnt\n|faint|p1b: Hatterene\n|\n|-weather|none\n|-heal|p2b: Milotic|45/100|[from] item: Leftovers\n|-damage|p1a: Crabominable|66/100 brn|[from] brn\n|upkeep\n|turn|6\n|inactive|O Pausanias has 30 seconds left.\n|\n|t:|1776385405\n|move|p1a: Crabominable|Ice Hammer|p2a: Venusaur\n|-supereffective|p2a: Venusaur|1\n|-enditem|p2a: Venusaur|Focus Sash\n|-damage|p2a: Venusaur|1/100\n|-unboost|p1a: Crabominable|spe|1\n|move|p2b: Milotic|Scald|p1a: Crabominable\n|-damage|p1a: Crabominable|17/100 brn\n|move|p2a: Venusaur|Sludge Bomb|p1a: Crabominable\n|-damage|p1a: Crabominable|0 fnt\n|faint|p1a: Crabominable\n|\n|win|O Pausanias\n|raw|Shiftuy's rating: 1127 &rarr; <strong>1107</strong><br />(-20 for losing)\n|raw|O Pausanias's rating: 1201 &rarr; <strong>1221</strong><br />(+20 for winning)\n|l|\u2606Shiftuy\n|player|p1|\n",
  "uploadtime": 1776385426,
  "views": 19,
  "formatid": "gen9championsvgc2026regma",
  "rating": 1107,
  "private": 0,
  "password": null
}