{
  "id": "gen9championsvgc2026regma-2583918609",
  "format": "[Gen 9 Champions] VGC 2026 Reg M-A",
  "players": [
    "HyugaAnbu",
    "pauuuuu"
  ],
  "log": "|j|\u2606HyugaAnbu\n|j|\u2606pauuuuu\n|t:|1776208246\n|gametype|doubles\n|player|p1|HyugaAnbu|169|1028\n|player|p2|pauuuuu|whitney|1000\n|gen|9\n|tier|[Gen 9 Champions] VGC 2026 Reg M-A\n|rated|\n|rule|Species Clause: Limit one of each Pok\u00e9mon\n|rule|Item Clause: Limit 1 of each item\n|clearpoke\n|poke|p1|Lopunny, L50, F|\n|poke|p1|Ditto, L50|\n|poke|p1|Maushold-Four, L50|\n|poke|p1|Aerodactyl, L50, F|\n|poke|p1|Sinistcha, L50|\n|poke|p1|Typhlosion-Hisui, L50, F|\n|poke|p2|Tyranitar, L50, M|\n|poke|p2|Excadrill, L50, M|\n|poke|p2|Delphox, L50, F|\n|poke|p2|Clefable, L50, M|\n|poke|p2|Ninetales, L50, F|\n|poke|p2|Leafeon, L50, M|\n|teampreview|4\n|inactive|Battle timer is ON: inactive players will automatically lose when time's up. (requested by pauuuuu)\n|\n|t:|1776208260\n|teamsize|p1|4\n|teamsize|p2|4\n|start\n|switch|p1a: Lopunny|Lopunny, L50, F|100/100\n|switch|p1b: Maushold|Maushold-Four, L50|100/100\n|switch|p2a: Tyranitar|Tyranitar, L50, M|100/100\n|switch|p2b: Clefable|Clefable, L50, M|100/100\n|-weather|Sandstorm|[from] ability: Sand Stream|[of] p2a: Tyranitar\n|turn|1\n|\n|t:|1776208270\n|detailschange|p1a: Lopunny|Lopunny-Mega, L50, F\n|-mega|p1a: Lopunny|Lopunny|Lopunnite\n|move|p2b: Clefable|Protect|p2b: Clefable\n|-singleturn|p2b: Clefable|Protect\n|move|p1b: Maushold|Follow Me|p1b: Maushold\n|-singleturn|p1b: Maushold|move: Follow Me\n|move|p1a: Lopunny|Swords Dance|p1a: Lopunny\n|-boost|p1a: Lopunny|atk|2\n|move|p2a: Tyranitar|Rock Slide|p1b: Maushold|[spread] p1a,p1b\n|-resisted|p1a: Lopunny|1\n|-damage|p1a: Lopunny|79/100\n|-damage|p1b: Maushold|52/100\n|\n|-weather|Sandstorm|[upkeep]\n|-damage|p1a: Lopunny|73/100|[from] Sandstorm\n|-damage|p1b: Maushold|45/100|[from] Sandstorm\n|upkeep\n|turn|2\n|\n|t:|1776208291\n|switch|p2a: Excadrill|Excadrill, L50, M|100/100\n|move|p1b: Maushold|Helping Hand|p1a: Lopunny\n|-singleturn|p1a: Lopunny|Helping Hand|[of] p1b: Maushold\n|move|p2b: Clefable|Follow Me|p2b: Clefable\n|-singleturn|p2b: Clefable|move: Follow Me\n|move|p1a: Lopunny|High Jump Kick|p2b: Clefable\n|-resisted|p2b: Clefable|1\n|-damage|p2b: Clefable|20/100\n|\n|-weather|Sandstorm|[upkeep]\n|-damage|p1a: Lopunny|68/100|[from] Sandstorm\n|-damage|p1b: Maushold|39/100|[from] Sandstorm\n|-heal|p2b: Clefable|26/100|[from] item: Leftovers\n|upkeep\n|turn|3\n|\n|t:|1776208314\n|move|p2b: Clefable|Protect|p2b: Clefable\n|-singleturn|p2b: Clefable|Protect\n|move|p1b: Maushold|Follow Me|p1b: Maushold\n|-singleturn|p1b: Maushold|move: Follow Me\n|move|p2a: Excadrill|Rock Slide|p1b: Maushold|[spread] p1a\n|-miss|p2a: Excadrill|p1b: Maushold\n|-resisted|p1a: Lopunny|1\n|-damage|p1a: Lopunny|58/100\n|move|p1a: Lopunny|High Jump Kick|p2a: Excadrill\n|-supereffective|p2a: Excadrill|1\n|-damage|p2a: Excadrill|0 fnt\n|faint|p2a: Excadrill\n|\n|-weather|Sandstorm|[upkeep]\n|-damage|p1a: Lopunny|52/100|[from] Sandstorm\n|-damage|p1b: Maushold|33/100|[from] Sandstorm\n|-heal|p2b: Clefable|32/100|[from] item: Leftovers\n|upkeep\n|\n|t:|1776208330\n|switch|p2a: Delphox|Delphox, L50, F|100/100\n|turn|4\n|\n|t:|1776208339\n|detailschange|p2a: Delphox|Delphox-Mega, L50, F\n|-mega|p2a: Delphox|Delphox|Delphoxite\n|move|p1a: Lopunny|Triple Axel|p2b: Clefable\n|-damage|p2b: Clefable|20/100\n|-damage|p2b: Clefable|0 fnt\n|faint|p2b: Clefable\n|-hitcount|p2: Clefable|2\n|move|p2a: Delphox|Psychic|p1a: Lopunny\n|-supereffective|p1a: Lopunny|1\n|-damage|p1a: Lopunny|0 fnt\n|faint|p1a: Lopunny\n|move|p1b: Maushold|Super Fang|p2a: Delphox\n|-damage|p2a: Delphox|50/100\n|\n|-weather|Sandstorm|[upkeep]\n|-damage|p2a: Delphox|44/100|[from] Sandstorm\n|-damage|p1b: Maushold|27/100|[from] Sandstorm\n|upkeep\n|\n|t:|1776208350\n|switch|p1a: Aerodactyl|Aerodactyl, L50, F|100/100\n|switch|p2b: Tyranitar|Tyranitar, L50, M|100/100\n|-ability|p1a: Aerodactyl|Unnerve\n|turn|5\n|\n|t:|1776208359\n|move|p1b: Maushold|Helping Hand|p1a: Aerodactyl\n|-singleturn|p1a: Aerodactyl|Helping Hand|[of] p1b: Maushold\n|move|p1a: Aerodactyl|Rock Slide|p2a: Delphox|[spread] p2a,p2b\n|-supereffective|p2a: Delphox|1\n|-damage|p2a: Delphox|0 fnt\n|-damage|p2b: Tyranitar|67/100\n|faint|p2a: Delphox\n|move|p2b: Tyranitar|Rock Slide|p1b: Maushold|[spread] p1a\n|-miss|p2b: Tyranitar|p1b: Maushold\n|-supereffective|p1a: Aerodactyl|1\n|-damage|p1a: Aerodactyl|7/100\n|\n|-weather|none\n|upkeep\n|turn|6\n|\n|t:|1776208372\n|move|p1a: Aerodactyl|Protect|p1a: Aerodactyl\n|-singleturn|p1a: Aerodactyl|Protect\n|move|p1b: Maushold|Super Fang|p2b: Tyranitar\n|-damage|p2b: Tyranitar|34/100\n|move|p2b: Tyranitar|Rock Slide|p1a: Aerodactyl|[spread] p1b\n|-activate|p1a: Aerodactyl|move: Protect\n|-damage|p1b: Maushold|0 fnt\n|faint|p1b: Maushold\n|\n|upkeep\n|\n|t:|1776208381\n|switch|p1b: Sinistcha|Sinistcha, L50|100/100\n|-heal|p1a: Aerodactyl|31/100|[from] ability: Hospitality|[of] p1b: Sinistcha\n|turn|7\n|\n|t:|1776208387\n|move|p1a: Aerodactyl|Dual Wingbeat|p2b: Tyranitar\n|-resisted|p2b: Tyranitar|1\n|-damage|p2b: Tyranitar|26/100\n|-resisted|p2b: Tyranitar|1\n|-damage|p2b: Tyranitar|19/100\n|-hitcount|p2b: Tyranitar|2\n|move|p1b: Sinistcha|Matcha Gotcha|p2b: Tyranitar\n|-supereffective|p2b: Tyranitar|1\n|-damage|p2b: Tyranitar|0 fnt\n|faint|p2b: Tyranitar\n|\n|win|HyugaAnbu\n|raw|HyugaAnbu's rating: 1028 &rarr; <strong>1061</strong><br />(+33 for winning)\n|raw|pauuuuu's rating: 1000 &rarr; <strong>1000</strong><br />(+0 for losing)\n|l|\u2606pauuuuu\n|player|p2|\n",
  "uploadtime": 1776208401,
  "views": 21,
  "formatid": "gen9championsvgc2026regma",
  "rating": 1000,
  "private": 0,
  "password": null
}