{
  "id": "gen9championsvgc2026regma-2588552449",
  "format": "[Gen 9 Champions] VGC 2026 Reg M-A",
  "players": [
    "Jirowoo",
    "SakikoPlushie"
  ],
  "log": "|j|\u2606Jirowoo\n|j|\u2606SakikoPlushie\n|t:|1776644254\n|gametype|doubles\n|player|p1|Jirowoo|benga|\n|player|p2|SakikoPlushie|miku-ghost|\n|gen|9\n|tier|[Gen 9 Champions] VGC 2026 Reg M-A\n|rule|Species Clause: Limit one of each Pok\u00e9mon\n|rule|Item Clause: Limit 1 of each item\n|clearpoke\n|poke|p1|Meganium, L50, M|\n|poke|p1|Politoed, L50, M|\n|poke|p1|Basculegion-F, L50, F, shiny|\n|poke|p1|Toxicroak, L50, F|\n|poke|p1|Archaludon, L50, F|\n|poke|p1|Maushold, L50|\n|poke|p2|Archaludon, L50, M|\n|poke|p2|Politoed, L50, M|\n|poke|p2|Toxicroak, L50, M|\n|poke|p2|Corviknight, L50, F|\n|poke|p2|Chimecho, L50, F|\n|poke|p2|Basculegion-F, L50, F|\n|teampreview|4\n|c|\u2606Jirowoo|glhf\nJirowoo has agreed to open team sheets.\n|j| TheBoyPanda\nSakikoPlushie has agreed to open team sheets.\n|showteam|p1|Meganium||Meganiumite|Overgrow|WeatherBall,Protect,SolarBeam,Synthesis|||M|||50|]Politoed||SitrusBerry|Drizzle|Protect,WeatherBall,Hypnosis,Encore|||M|||50|]Basculegion-F||MysticWater|Adaptability|IcyWind,ShadowBall,Surf,Protect|||F|||50|]Toxicroak||PoisonBarb|DrySkin|FakeOut,CloseCombat,Coaching,GunkShot|||F|||50|]Archaludon||DragonFang|Stamina|DracoMeteor,ElectroShot,FlashCannon,Protect|||F|||50|]Maushold||ChopleBerry|FriendGuard|FollowMe,PopulationBomb,SuperFang,HelpingHand||||||50|\n|showteam|p2|Archaludon||DragonFang|Stamina|DracoMeteor,ElectroShot,FlashCannon,Protect|||M|||50|]Politoed||SitrusBerry|Drizzle|Protect,WeatherBall,Hypnosis,Encore|||M|||50|]Toxicroak||PoisonBarb|DrySkin|FakeOut,CloseCombat,Coaching,GunkShot|||M|||50|]Corviknight||Leftovers|MirrorArmor|Tailwind,BraveBird,Roost,Taunt|||F|||50|]Chimecho||Chimechite|Levitate|Psychic,CosmicPower,Recover,BatonPass|||F|||50|]Basculegion-F||MysticWater|Adaptability|IcyWind,ShadowBall,Surf,Protect|||F|||50|\n|j| zCamii\n|c|\u2606SakikoPlushie|Hf\n|j| Vikin\n|\n|t:|1776644296\n|teamsize|p1|4\n|teamsize|p2|4\n|start\n|switch|p1a: Meganium|Meganium, L50, M|100/100\n|switch|p1b: Toxicroak|Toxicroak, L50, F|100/100\n|switch|p2a: Toxicroak|Toxicroak, L50, M|100/100\n|switch|p2b: Archaludon|Archaludon, L50, M|100/100\n|turn|1\n|\n|t:|1776644322\n|detailschange|p1a: Meganium|Meganium-Mega, L50, M\n|-mega|p1a: Meganium|Meganium|Meganiumite\n|move|p1a: Meganium|Protect|p1a: Meganium\n|-singleturn|p1a: Meganium|Protect\n|move|p1b: Toxicroak|Fake Out|p2b: Archaludon\n|-resisted|p2b: Archaludon|1\n|-damage|p2b: Archaludon|96/100\n|-ability|p2b: Archaludon|Stamina|boost\n|-boost|p2b: Archaludon|def|1\n|move|p2a: Toxicroak|Fake Out|p1b: Toxicroak\n|-damage|p1b: Toxicroak|80/100\n|cant|p2b: Archaludon|flinch\n|\n|upkeep\n|turn|2\n|\n|t:|1776644373\n|move|p1b: Toxicroak|Close Combat|p2b: Archaludon\n|-supereffective|p2b: Archaludon|1\n|-damage|p2b: Archaludon|45/100\n|-unboost|p1b: Toxicroak|def|1\n|-unboost|p1b: Toxicroak|spd|1\n|-ability|p2b: Archaludon|Stamina|boost\n|-boost|p2b: Archaludon|def|1\n|move|p2a: Toxicroak|Close Combat|p1a: Meganium\n|-resisted|p1a: Meganium|1\n|-damage|p1a: Meganium|78/100\n|-unboost|p2a: Toxicroak|def|1\n|-unboost|p2a: Toxicroak|spd|1\n|move|p2b: Archaludon|Draco Meteor|p1b: Toxicroak\n|-damage|p1b: Toxicroak|0 fnt\n|-unboost|p2b: Archaludon|spa|2\n|faint|p1b: Toxicroak\n|move|p1a: Meganium|Weather Ball|p2b: Archaludon\n|-damage|p2b: Archaludon|0 fnt\n|faint|p2b: Archaludon\n|\n|upkeep\n|\n|t:|1776644392\n|switch|p1b: Basculegion|Basculegion-F, L50, F, shiny|100/100\n|switch|p2b: Chimecho|Chimecho, L50, F|100/100\n|turn|3\n|\n|t:|1776644403\n|detailschange|p2b: Chimecho|Chimecho-Mega, L50, F\n|-mega|p2b: Chimecho|Chimecho|Chimechite\n|move|p1a: Meganium|Protect|p1a: Meganium\n|-singleturn|p1a: Meganium|Protect\n|move|p2a: Toxicroak|Gunk Shot|p1a: Meganium\n|-activate|p1a: Meganium|move: Protect\n|move|p1b: Basculegion|Icy Wind|p2a: Toxicroak|[spread] p2a,p2b\n|-resisted|p2b: Chimecho|1\n|-damage|p2a: Toxicroak|69/100\n|-damage|p2b: Chimecho|96/100\n|-unboost|p2a: Toxicroak|spe|1\n|-unboost|p2b: Chimecho|spe|1\n|move|p2b: Chimecho|Cosmic Power|p2b: Chimecho\n|-boost|p2b: Chimecho|def|1\n|-boost|p2b: Chimecho|spd|1\n|\n|upkeep\n|turn|4\n|\n|t:|1776644444\n|move|p1b: Basculegion|Shadow Ball|p2b: Chimecho\n|-supereffective|p2b: Chimecho|1\n|-damage|p2b: Chimecho|47/100\n|-unboost|p2b: Chimecho|spd|1\n|move|p2a: Toxicroak|Gunk Shot|p1a: Meganium\n|-supereffective|p1a: Meganium|2\n|-damage|p1a: Meganium|0 fnt\n|faint|p1a: Meganium\n|move|p2b: Chimecho|Psychic|p1b: Basculegion\n|-damage|p1b: Basculegion|57/100\n|\n|upkeep\n|\n|t:|1776644451\n|switch|p1a: Archaludon|Archaludon, L50, F|100/100\n|turn|5\n|\n|t:|1776644488\n|switch|p2a: Corviknight|Corviknight, L50, F|100/100\n|move|p1b: Basculegion|Shadow Ball|p2a: Corviknight\n|-damage|p2a: Corviknight|55/100\n|move|p1a: Archaludon|Electro Shot||[still]\n|-prepare|p1a: Archaludon|Electro Shot\n|-boost|p1a: Archaludon|spa|1\n|move|p2b: Chimecho|Recover|p2b: Chimecho\n|-heal|p2b: Chimecho|97/100\n|\n|-heal|p2a: Corviknight|60/100|[from] item: Leftovers\n|upkeep\n|turn|6\n|\n|t:|1776644507\n|move|p1b: Basculegion|Shadow Ball|p2b: Chimecho\n|-supereffective|p2b: Chimecho|1\n|-damage|p2b: Chimecho|20/100\n|move|p1a: Archaludon|Electro Shot|p2a: Corviknight|[from] lockedmove\n|-supereffective|p2a: Corviknight|1\n|-damage|p2a: Corviknight|0 fnt\n|faint|p2a: Corviknight\n|move|p2b: Chimecho|Cosmic Power|p2b: Chimecho\n|-boost|p2b: Chimecho|def|1\n|-boost|p2b: Chimecho|spd|1\n|\n|upkeep\n|\n|t:|1776644515\n|switch|p2a: Toxicroak|Toxicroak, L50, M|69/100\n|turn|7\n|\n|t:|1776644526\n|move|p1a: Archaludon|Protect|p1a: Archaludon\n|-singleturn|p1a: Archaludon|Protect\n|move|p2a: Toxicroak|Gunk Shot|p1b: Basculegion|[miss]\n|-miss|p2a: Toxicroak|p1b: Basculegion\n|move|p1b: Basculegion|Icy Wind|p2a: Toxicroak|[spread] p2a,p2b\n|-resisted|p2b: Chimecho|1\n|-damage|p2a: Toxicroak|49/100\n|-damage|p2b: Chimecho|18/100\n|-unboost|p2a: Toxicroak|spe|1\n|-unboost|p2b: Chimecho|spe|1\n|move|p2b: Chimecho|Recover|p2b: Chimecho\n|-heal|p2b: Chimecho|68/100\n|\n|upkeep\n|turn|8\n|\n|t:|1776644543\n|move|p1b: Basculegion|Shadow Ball|p2a: Toxicroak\n|-damage|p2a: Toxicroak|0 fnt\n|faint|p2a: Toxicroak\n|move|p1a: Archaludon|Draco Meteor|p2b: Chimecho\n|-resisted|p2b: Chimecho|1\n|-damage|p2b: Chimecho|41/100\n|-unboost|p1a: Archaludon|spa|2\n|move|p2b: Chimecho|Psychic|p1b: Basculegion\n|-damage|p1b: Basculegion|9/100\n|\n|upkeep\n|turn|9\n|\n|t:|1776644555\n|move|p1b: Basculegion|Shadow Ball|p2b: Chimecho\n|-supereffective|p2b: Chimecho|1\n|-damage|p2b: Chimecho|0 fnt\n|faint|p2b: Chimecho\n|\n|win|Jirowoo\n|c|\u2606Jirowoo|gg\n",
  "uploadtime": 1776644258,
  "views": 12,
  "formatid": "gen9championsvgc2026regma",
  "rating": null,
  "private": 0,
  "password": null
}