{
  "id": "gen9championsvgc2026regma-2589474086",
  "format": "[Gen 9 Champions] VGC 2026 Reg M-A",
  "players": [
    "Tiltatron",
    "gorbyjorby"
  ],
  "log": "|j|\u2606Tiltatron\n|j|\u2606gorbyjorby\n|t:|1776726188\n|gametype|doubles\n|player|p1|Tiltatron|2|1208\n|player|p2|gorbyjorby|265|1220\n|gen|9\n|tier|[Gen 9 Champions] VGC 2026 Reg M-A\n|rated|\n|rule|Species Clause: Limit one of each Pok\u00e9mon\n|rule|Item Clause: Limit 1 of each item\n|clearpoke\n|poke|p1|Charizard, L50, M, shiny|\n|poke|p1|Sneasler, L50, M, shiny|\n|poke|p1|Venusaur, L50, M, shiny|\n|poke|p1|Garchomp, L50, F|\n|poke|p1|Incineroar, L50, M|\n|poke|p1|Milotic, L50, F|\n|poke|p2|Aggron, L50, M|\n|poke|p2|Farigiraf, L50, F|\n|poke|p2|Pelipper, L50, F|\n|poke|p2|Camerupt, L50, M|\n|poke|p2|Araquanid, L50, F|\n|poke|p2|Starmie, L50|\n|teampreview|4\n|\n|t:|1776726221\n|teamsize|p1|4\n|teamsize|p2|4\n|start\n|switch|p1a: Garchomp|Garchomp, L50, F|100/100\n|switch|p1b: Charizard|Charizard, L50, M, shiny|100/100\n|switch|p2a: Araquanid|Araquanid, L50, F|100/100\n|switch|p2b: Farigiraf|Farigiraf, L50, F|100/100\n|turn|1\n|\n|t:|1776726247\n|detailschange|p1b: Charizard|Charizard-Mega-Y, L50, M, shiny\n|-mega|p1b: Charizard|Charizard|Charizardite Y\n|-weather|SunnyDay|[from] ability: Drought|[of] p1b: Charizard\n|move|p2a: Araquanid|Wide Guard|p2a: Araquanid\n|-singleturn|p2a: Araquanid|Wide Guard\n|move|p1a: Garchomp|Earthquake|p2b: Farigiraf|[spread] \n|-activate|p2a: Araquanid|move: Wide Guard\n|-activate|p2b: Farigiraf|move: Wide Guard\n|-immune|p1b: Charizard\n|move|p1b: Charizard|Heat Wave|p2a: Araquanid|[spread] \n|-activate|p2a: Araquanid|move: Wide Guard\n|-activate|p2b: Farigiraf|move: Wide Guard\n|move|p2b: Farigiraf|Trick Room|p2b: Farigiraf\n|-fieldstart|move: Trick Room|[of] p2b: Farigiraf\n|\n|-weather|SunnyDay|[upkeep]\n|upkeep\n|turn|2\n|\n|t:|1776726271\n|move|p2b: Farigiraf|Helping Hand|p2a: Araquanid\n|-singleturn|p2a: Araquanid|Helping Hand|[of] p2b: Farigiraf\n|move|p2a: Araquanid|Liquidation|p1b: Charizard\n|-supereffective|p1b: Charizard|1\n|-damage|p1b: Charizard|0 fnt\n|faint|p1b: Charizard\n|move|p1a: Garchomp|Rock Slide|p2b: Farigiraf|[spread] p2b\n|-miss|p1a: Garchomp|p2a: Araquanid\n|-damage|p2b: Farigiraf|82/100\n|\n|-weather|SunnyDay|[upkeep]\n|upkeep\n|\n|t:|1776726282\n|switch|p1b: Milotic|Milotic, L50, F|100/100\n|turn|3\n|\n|t:|1776726292\n|move|p2b: Farigiraf|Helping Hand|p2a: Araquanid\n|-singleturn|p2a: Araquanid|Helping Hand|[of] p2b: Farigiraf\n|move|p2a: Araquanid|Liquidation|p1a: Garchomp\n|-damage|p1a: Garchomp|52/100\n|-damage|p2a: Araquanid|88/100|[from] ability: Rough Skin|[of] p1a: Garchomp\n|move|p1b: Milotic|Coil|p1b: Milotic\n|-boost|p1b: Milotic|atk|1\n|-boost|p1b: Milotic|def|1\n|-boost|p1b: Milotic|accuracy|1\n|move|p1a: Garchomp|Rock Slide|p2a: Araquanid|[spread] p2b\n|-miss|p1a: Garchomp|p2a: Araquanid\n|-damage|p2b: Farigiraf|63/100\n|\n|-weather|SunnyDay|[upkeep]\n|upkeep\n|turn|4\n|c|\u2606Tiltatron|FUCK OFFFFF\n|c|\u2606Tiltatron|FKN ROCK SLIDE\n|c|\u2606gorbyjorby|YAAAGHGGAA\n|c|\u2606gorbyjorby|SHIT YEAAA JACK\n|\n|t:|1776726318\n|move|p2a: Araquanid|Liquidation|p1a: Garchomp\n|-damage|p1a: Garchomp|15/100\n|-damage|p2a: Araquanid|76/100|[from] ability: Rough Skin|[of] p1a: Garchomp\n|-enditem|p1a: Garchomp|Sitrus Berry|[eat]\n|-heal|p1a: Garchomp|40/100|[from] item: Sitrus Berry\n|move|p2b: Farigiraf|Hyper Voice|p1b: Milotic|[spread] p1a,p1b\n|-damage|p1a: Garchomp|12/100\n|-damage|p1b: Milotic|81/100\n|move|p1b: Milotic|Coil|p1b: Milotic\n|-boost|p1b: Milotic|atk|1\n|-boost|p1b: Milotic|def|1\n|-boost|p1b: Milotic|accuracy|1\n|move|p1a: Garchomp|Rock Slide|p2b: Farigiraf|[spread] p2a,p2b\n|-supereffective|p2a: Araquanid|1\n|-crit|p2a: Araquanid\n|-damage|p2a: Araquanid|15/100\n|-damage|p2b: Farigiraf|47/100\n|\n|-weather|SunnyDay|[upkeep]\n|-heal|p1b: Milotic|87/100|[from] item: Leftovers\n|upkeep\n|turn|5\n|\n|t:|1776726348\n|move|p1a: Garchomp|Protect|p1a: Garchomp\n|-singleturn|p1a: Garchomp|Protect\n|move|p2a: Araquanid|Wide Guard|p2a: Araquanid\n|-singleturn|p2a: Araquanid|Wide Guard\n|move|p2b: Farigiraf|Hyper Voice|p1b: Milotic|[spread] p1b\n|-activate|p1a: Garchomp|move: Protect\n|-damage|p1b: Milotic|67/100\n|move|p1b: Milotic|Hypnosis|p2b: Farigiraf\n|-status|p2b: Farigiraf|slp|[from] move: Hypnosis\n|\n|-weather|none\n|-heal|p1b: Milotic|73/100|[from] item: Leftovers\n|-fieldend|move: Trick Room\n|upkeep\n|turn|6\n|\n|t:|1776726368\n|move|p2a: Araquanid|Wide Guard|p2a: Araquanid\n|-singleturn|p2a: Araquanid|Wide Guard\n|move|p1a: Garchomp|Rock Slide|p2a: Araquanid|[spread] \n|-activate|p2a: Araquanid|move: Wide Guard\n|-activate|p2b: Farigiraf|move: Wide Guard\n|move|p1b: Milotic|Scald|p2b: Farigiraf\n|-damage|p2b: Farigiraf|20/100 slp\n|cant|p2b: Farigiraf|slp\n|\n|-heal|p1b: Milotic|79/100|[from] item: Leftovers\n|upkeep\n|turn|7\n|\n|t:|1776726380\n|move|p2a: Araquanid|Wide Guard|p2a: Araquanid\n|-singleturn|p2a: Araquanid|Wide Guard\n|move|p1a: Garchomp|Dragon Claw|p2a: Araquanid\n|-damage|p2a: Araquanid|0 fnt\n|faint|p2a: Araquanid\n|move|p1b: Milotic|Scald|p2b: Farigiraf\n|-damage|p2b: Farigiraf|0 fnt\n|faint|p2b: Farigiraf\n|\n|-heal|p1b: Milotic|85/100|[from] item: Leftovers\n|upkeep\n|\n|t:|1776726383\n|switch|p2b: Camerupt|Camerupt, L50, M|100/100\n|switch|p2a: Aggron|Aggron, L50, M|100/100\n|turn|8\n|\n|t:|1776726393\n|detailschange|p2a: Aggron|Aggron-Mega, L50, M\n|-mega|p2a: Aggron|Aggron|Aggronite\n|move|p1a: Garchomp|Earthquake|p2a: Aggron|[spread] p1b,p2a,p2b\n|-supereffective|p2a: Aggron|1\n|-supereffective|p2b: Camerupt|1\n|-damage|p1b: Milotic|70/100\n|-damage|p2a: Aggron|75/100\n|-damage|p2b: Camerupt|14/100\n|move|p1b: Milotic|Scald|p2b: Camerupt\n|-supereffective|p2b: Camerupt|2\n|-damage|p2b: Camerupt|0 fnt\n|faint|p2b: Camerupt\n|move|p2a: Aggron|Iron Defense|p2a: Aggron\n|-boost|p2a: Aggron|def|2\n|\n|-heal|p1b: Milotic|76/100|[from] item: Leftovers\n|upkeep\n|turn|9\n|\n|t:|1776726404\n|move|p1a: Garchomp|Earthquake|p2a: Aggron|[spread] p1b,p2a\n|-supereffective|p2a: Aggron|1\n|-damage|p1b: Milotic|59/100\n|-damage|p2a: Aggron|64/100\n|move|p1b: Milotic|Scald|p2a: Aggron\n|-damage|p2a: Aggron|30/100\n|move|p2a: Aggron|Body Press|p1a: Garchomp\n|-damage|p1a: Garchomp|0 fnt\n|-damage|p2a: Aggron|17/100|[from] ability: Rough Skin|[of] p1a: Garchomp\n|faint|p1a: Garchomp\n|\n|-heal|p1b: Milotic|65/100|[from] item: Leftovers\n|upkeep\n|\n|t:|1776726408\n|switch|p1a: Venusaur|Venusaur, L50, M, shiny|100/100\n|turn|10\n|\n|t:|1776726416\n|move|p1a: Venusaur|Energy Ball|p2a: Aggron\n|-resisted|p2a: Aggron|1\n|-damage|p2a: Aggron|0 fnt\n|faint|p2a: Aggron\n|\n|win|Tiltatron\n",
  "uploadtime": 1776726306,
  "views": 3,
  "formatid": "gen9championsvgc2026regma",
  "rating": null,
  "private": 0,
  "password": null
}