{
  "id": "gen9championsvgc2026regma-2583984821",
  "format": "[Gen 9 Champions] VGC 2026 Reg M-A",
  "players": [
    "Witlix",
    "shay710102"
  ],
  "log": "|j|\u2606Witlix\n|j|\u2606shay710102\n|t:|1776214201\n|gametype|doubles\n|player|p1|Witlix|benga|1104\n|player|p2|shay710102|265|1045\n|gen|9\n|tier|[Gen 9 Champions] VGC 2026 Reg M-A\n|rated|\n|rule|Species Clause: Limit one of each Pok\u00e9mon\n|rule|Item Clause: Limit 1 of each item\n|clearpoke\n|poke|p1|Incineroar, L50, M|\n|poke|p1|Sneasler, L50, F|\n|poke|p1|Kommo-o, L50, M|\n|poke|p1|Basculegion, L50, M|\n|poke|p1|Ninetales-Alola, L50, F|\n|poke|p1|Scizor, L50, M|\n|poke|p2|Arcanine, L50, M|\n|poke|p2|Rotom-Wash, L50|\n|poke|p2|Garchomp, L50, M|\n|poke|p2|Gardevoir, L50, F|\n|poke|p2|Sinistcha, L50|\n|poke|p2|Tyranitar, L50, M|\n|teampreview|4\n|inactive|Battle timer is ON: inactive players will automatically lose when time's up. (requested by Witlix)\n|\n|t:|1776214231\n|teamsize|p1|4\n|teamsize|p2|4\n|start\n|switch|p1a: Basculegion|Basculegion, L50, M, shiny|100/100\n|switch|p1b: Scizor|Scizor, L50, M, shiny|100/100\n|switch|p2a: Tyranitar|Tyranitar, L50, M|100/100\n|switch|p2b: Gardevoir|Gardevoir, L50, F|100/100\n|-weather|Sandstorm|[from] ability: Sand Stream|[of] p2a: Tyranitar\n|turn|1\n|\n|t:|1776214248\n|switch|p2b: Arcanine|Arcanine, L50, M|100/100\n|-ability|p2b: Arcanine|Intimidate|boost\n|-unboost|p1a: Basculegion|atk|1\n|-unboost|p1b: Scizor|atk|1\n|detailschange|p1b: Scizor|Scizor-Mega, L50, M, shiny\n|-mega|p1b: Scizor|Scizor|Scizorite\n|move|p1b: Scizor|Bullet Punch|p2b: Arcanine\n|-resisted|p2b: Arcanine|1\n|-damage|p2b: Arcanine|87/100\n|move|p1a: Basculegion|Wave Crash|p2a: Tyranitar\n|-supereffective|p2a: Tyranitar|1\n|-damage|p2a: Tyranitar|31/100\n|-damage|p1a: Basculegion|78/100|[from] Recoil\n|move|p2a: Tyranitar|Knock Off|p1a: Basculegion\n|-supereffective|p1a: Basculegion|1\n|-damage|p1a: Basculegion|0 fnt\n|-enditem|p1a: Basculegion|Choice Scarf|[from] move: Knock Off|[of] p2a: Tyranitar\n|faint|p1a: Basculegion\n|\n|-weather|Sandstorm|[upkeep]\n|-damage|p2b: Arcanine|80/100|[from] Sandstorm\n|upkeep\n|\n|t:|1776214268\n|switch|p1a: Ninetales|Ninetales-Alola, L50, F, shiny|100/100\n|-weather|Snowscape|[from] ability: Snow Warning|[of] p1a: Ninetales\n|turn|2\n|\n|t:|1776214283\n|switch|p2a: Sinistcha|Sinistcha, L50|100/100\n|-heal|p2b: Arcanine|100/100|[from] ability: Hospitality|[of] p2a: Sinistcha\n|move|p1b: Scizor|Bullet Punch|p2a: Sinistcha\n|-damage|p2a: Sinistcha|80/100\n|move|p1a: Ninetales|Blizzard|p2a: Sinistcha|[spread] p2a,p2b\n|-supereffective|p2a: Sinistcha|1\n|-resisted|p2b: Arcanine|1\n|-damage|p2a: Sinistcha|9/100\n|-damage|p2b: Arcanine|85/100\n|-status|p2a: Sinistcha|frz\n|move|p2b: Arcanine|Flare Blitz|p1b: Scizor\n|-supereffective|p1b: Scizor|2\n|-damage|p1b: Scizor|0 fnt\n|faint|p1b: Scizor\n|-damage|p2b: Arcanine|56/100|[from] Recoil\n|\n|-weather|Snowscape|[upkeep]\n|upkeep\n|\n|t:|1776214297\n|switch|p1b: Sneasler|Sneasler, L50, F, shiny|100/100\n|turn|3\n|\n|t:|1776214310\n|switch|p2a: Tyranitar|Tyranitar, L50, M|31/100\n|-weather|Sandstorm|[from] ability: Sand Stream|[of] p2a: Tyranitar\n|move|p1b: Sneasler|Dire Claw|p2b: Arcanine\n|-damage|p2b: Arcanine|15/100\n|-status|p2b: Arcanine|slp\n|-enditem|p2b: Arcanine|Sitrus Berry|[eat]\n|-heal|p2b: Arcanine|39/100 slp|[from] item: Sitrus Berry\n|move|p1a: Ninetales|Blizzard|p2b: Arcanine|[spread] p2a\n|-miss|p1a: Ninetales|p2b: Arcanine\n|-damage|p2a: Tyranitar|11/100\n|cant|p2b: Arcanine|slp\n|\n|-weather|Sandstorm|[upkeep]\n|-damage|p1b: Sneasler|95/100|[from] Sandstorm\n|-damage|p1a: Ninetales|94/100|[from] Sandstorm\n|-damage|p2b: Arcanine|33/100 slp|[from] Sandstorm\n|upkeep\n|turn|4\n|inactive|shay710102 has 30 seconds left.\n|inactive|Witlix has 30 seconds left.\n|inactive|shay710102 has 20 seconds left.\n|\n|t:|1776214348\n|move|p1b: Sneasler|Dire Claw|p2b: Arcanine\n|-damage|p2b: Arcanine|0 fnt\n|faint|p2b: Arcanine\n|move|p1a: Ninetales|Freeze-Dry|p2a: Tyranitar\n|-damage|p2a: Tyranitar|0 fnt\n|faint|p2a: Tyranitar\n|\n|-weather|Sandstorm|[upkeep]\n|-damage|p1b: Sneasler|89/100|[from] Sandstorm\n|-damage|p1a: Ninetales|88/100|[from] Sandstorm\n|upkeep\n|\n|t:|1776214355\n|switch|p2b: Sinistcha|Sinistcha, L50|9/100 frz\n|switch|p2a: Gardevoir|Gardevoir, L50, F|100/100\n|turn|5\n|\n|t:|1776214363\n|detailschange|p2a: Gardevoir|Gardevoir-Mega, L50, F\n|-mega|p2a: Gardevoir|Gardevoir|Gardevoirite\n|move|p1b: Sneasler|Dire Claw|p2a: Gardevoir\n|-supereffective|p2a: Gardevoir|1\n|-damage|p2a: Gardevoir|0 fnt\n|faint|p2a: Gardevoir\n|move|p1a: Ninetales|Freeze-Dry|p2b: Sinistcha\n|-supereffective|p2b: Sinistcha|1\n|-damage|p2b: Sinistcha|0 fnt\n|faint|p2b: Sinistcha\n|\n|win|Witlix\n|raw|Witlix's rating: 1104 &rarr; <strong>1125</strong><br />(+21 for winning)\n|raw|shay710102's rating: 1045 &rarr; <strong>1031</strong><br />(-14 for losing)\n|l|\u2606shay710102\n|player|p2|\n",
  "uploadtime": 1776214372,
  "views": 20,
  "formatid": "gen9championsvgc2026regma",
  "rating": 1031,
  "private": 0,
  "password": null
}