{
  "id": "gen9championsvgc2026regma-2586952340",
  "format": "[Gen 9 Champions] VGC 2026 Reg M-A",
  "players": [
    "i hate you delta",
    "noRNGplz"
  ],
  "log": "|j|\u2606i hate you delta\n|j|\u2606noRNGplz\n|t:|1776475038\n|gametype|doubles\n|player|p1|i hate you delta|102|1435\n|player|p2|noRNGplz|2|1469\n|gen|9\n|tier|[Gen 9 Champions] VGC 2026 Reg M-A\n|rated|\n|rule|Species Clause: Limit one of each Pok\u00e9mon\n|rule|Item Clause: Limit 1 of each item\n|clearpoke\n|poke|p1|Sinistcha, L50|\n|poke|p1|Aerodactyl, L50, M|\n|poke|p1|Sneasler, L50, M|\n|poke|p1|Basculegion, L50, M|\n|poke|p1|Floette-Eternal, L50, F|\n|poke|p1|Incineroar, L50, F|\n|poke|p2|Pidgeot, L50, F|\n|poke|p2|Goodra-Hisui, L50, M|\n|poke|p2|Sneasler, L50, F|\n|poke|p2|Basculegion, L50, M|\n|poke|p2|Sinistcha-Masterpiece, L50|\n|poke|p2|Rotom-Heat, L50|\n|teampreview|4\n|\n|t:|1776475057\n|teamsize|p1|4\n|teamsize|p2|4\n|start\n|switch|p1a: Sneasler|Sneasler, L50, M|100/100\n|switch|p1b: Basculegion|Basculegion, L50, M|100/100\n|switch|p2a: Basculegion|Basculegion, L50, M|100/100\n|switch|p2b: Goodra|Goodra-Hisui, L50, M|100/100\n|turn|1\n|\n|t:|1776475071\n|move|p2b: Goodra|Protect|p2b: Goodra\n|-singleturn|p2b: Goodra|Protect\n|move|p2a: Basculegion|Flip Turn|p1a: Sneasler\n|-damage|p1a: Sneasler|38/100\n|\n|t:|1776475077\n|switch|p2a: Sneasler|Sneasler, L50, F|100/100|[from] Flip Turn\n|move|p1b: Basculegion|Flip Turn|p2a: Sneasler\n|-damage|p2a: Sneasler|37/100\n|\n|t:|1776475082\n|switch|p1b: Floette|Floette-Eternal, L50, F|100/100|[from] Flip Turn\n|move|p1a: Sneasler|Close Combat|p2b: Goodra\n|-activate|p2b: Goodra|move: Protect\n|\n|upkeep\n|turn|2\n|\n|t:|1776475096\n|detailschange|p1b: Floette|Floette-Mega, L50, F\n|-mega|p1b: Floette|Floette|Floettite\n|-ability|p1b: Floette|Fairy Aura\n|move|p1b: Floette|Protect|p1b: Floette\n|-singleturn|p1b: Floette|Protect\n|move|p2a: Sneasler|Fake Out|p1a: Sneasler\n|-damage|p1a: Sneasler|15/100\n|cant|p1a: Sneasler|flinch\n|move|p2b: Goodra|Shelter|p2b: Goodra\n|-boost|p2b: Goodra|def|2\n|\n|upkeep\n|turn|3\n|\n|t:|1776475116\n|move|p2a: Sneasler|Protect|p2a: Sneasler\n|-singleturn|p2a: Sneasler|Protect\n|move|p1a: Sneasler|Close Combat|p2a: Sneasler\n|-activate|p2a: Sneasler|move: Protect\n|move|p1b: Floette|Calm Mind|p1b: Floette\n|-boost|p1b: Floette|spa|1\n|-boost|p1b: Floette|spd|1\n|move|p2b: Goodra|Body Press|p1a: Sneasler\n|-resisted|p1a: Sneasler|1\n|-damage|p1a: Sneasler|0 fnt\n|faint|p1a: Sneasler\n|\n|upkeep\n|\n|t:|1776475119\n|switch|p1a: Basculegion|Basculegion, L50, M|100/100\n|turn|4\n|\n|t:|1776475132\n|switch|p2a: Basculegion|Basculegion, L50, M|100/100\n|move|p1a: Basculegion|Flip Turn|p2a: Basculegion\n|-resisted|p2a: Basculegion|1\n|-crit|p2a: Basculegion\n|-damage|p2a: Basculegion|66/100\n|\n|t:|1776475137\n|switch|p1a: Sinistcha|Sinistcha, L50|100/100|[from] Flip Turn\n|move|p1b: Floette|Calm Mind|p1b: Floette\n|-boost|p1b: Floette|spa|1\n|-boost|p1b: Floette|spd|1\n|move|p2b: Goodra|Heavy Slam|p1b: Floette\n|-supereffective|p1b: Floette|1\n|-damage|p1b: Floette|42/100\n|\n|upkeep\n|turn|5\n|\n|t:|1776475151\n|move|p1a: Sinistcha|Rage Powder|p1a: Sinistcha\n|-singleturn|p1a: Sinistcha|move: Rage Powder\n|move|p2a: Basculegion|Flip Turn|p1a: Sinistcha\n|-resisted|p1a: Sinistcha|1\n|-damage|p1a: Sinistcha|84/100\n|\n|t:|1776475161\n|switch|p2a: Rotom|Rotom-Heat, L50|100/100|[from] Flip Turn\n|move|p1b: Floette|Dazzling Gleam|p2b: Goodra|[spread] p2a,p2b\n|-resisted|p2a: Rotom|1\n|-damage|p2a: Rotom|52/100\n|-damage|p2b: Goodra|36/100\n|move|p2b: Goodra|Heavy Slam|p1a: Sinistcha\n|-damage|p1a: Sinistcha|49/100\n|\n|-heal|p2b: Goodra|42/100|[from] item: Leftovers\n|upkeep\n|turn|6\n|\n|t:|1776475179\n|move|p2b: Goodra|Protect|p2b: Goodra\n|-singleturn|p2b: Goodra|Protect\n|move|p1a: Sinistcha|Rage Powder|p1a: Sinistcha\n|-singleturn|p1a: Sinistcha|move: Rage Powder\n|move|p1b: Floette|Moonblast|p2a: Rotom\n|-resisted|p2a: Rotom|1\n|-damage|p2a: Rotom|0 fnt\n|faint|p2a: Rotom\n|\n|-heal|p2b: Goodra|48/100|[from] item: Leftovers\n|upkeep\n|\n|t:|1776475191\n|switch|p2a: Sneasler|Sneasler, L50, F|37/100\n|turn|7\n|\n|t:|1776475197\n|move|p1b: Floette|Protect|p1b: Floette\n|-singleturn|p1b: Floette|Protect\n|move|p1a: Sinistcha|Protect|p1a: Sinistcha\n|-singleturn|p1a: Sinistcha|Protect\n|move|p2a: Sneasler|Fake Out|p1b: Floette\n|-activate|p1b: Floette|move: Protect\n|move|p2b: Goodra|Heavy Slam|p1a: Sinistcha\n|-activate|p1a: Sinistcha|move: Protect\n|\n|-heal|p2b: Goodra|54/100|[from] item: Leftovers\n|upkeep\n|turn|8\n|\n|t:|1776475205\n|move|p2a: Sneasler|Protect|p2a: Sneasler\n|-singleturn|p2a: Sneasler|Protect\n|move|p1a: Sinistcha|Rage Powder|p1a: Sinistcha\n|-singleturn|p1a: Sinistcha|move: Rage Powder\n|move|p1b: Floette|Dazzling Gleam|p2a: Sneasler|[spread] p2b\n|-activate|p2a: Sneasler|move: Protect\n|-damage|p2b: Goodra|0 fnt\n|faint|p2b: Goodra\n|\n|upkeep\n|-message|noRNGplz forfeited.\n|\n|win|i hate you delta\n|raw|i hate you delta's rating: 1435 &rarr; <strong>1457</strong><br />(+22 for winning)\n|raw|noRNGplz's rating: 1469 &rarr; <strong>1447</strong><br />(-22 for losing)\n|l|\u2606noRNGplz\n|player|p2|\n",
  "uploadtime": 1776475221,
  "views": 69,
  "formatid": "gen9championsvgc2026regma",
  "rating": 1447,
  "private": 0,
  "password": null
}