{
  "id": "gen9championsvgc2026regma-2588488245",
  "format": "[Gen 9 Champions] VGC 2026 Reg M-A",
  "players": [
    "sdlt 2krl coolguy",
    "Kibuj"
  ],
  "log": "|raw|<div class=\"broadcast-blue\"><strong>This battle is required to be public due to a player having a name starting with 'sdlt'.</div>\n|j|\u2606sdlt 2krl coolguy\n|j|\u2606Kibuj\n|t:|1776638045\n|gametype|doubles\n|player|p1|sdlt 2krl coolguy|leon-masters2|1271\n|player|p2|Kibuj|266|1191\n|gen|9\n|tier|[Gen 9 Champions] VGC 2026 Reg M-A\n|rated|\n|rule|Species Clause: Limit one of each Pok\u00e9mon\n|rule|Item Clause: Limit 1 of each item\n|clearpoke\n|poke|p1|Incineroar, L50, M|\n|poke|p1|Hatterene, L50, F, shiny|\n|poke|p1|Farigiraf, L50, F|\n|poke|p1|Torkoal, L50, F, shiny|\n|poke|p1|Kingambit, L50, M|\n|poke|p1|Charizard, L50, M|\n|poke|p2|Sinistcha, L50|\n|poke|p2|Charizard, L50, F|\n|poke|p2|Corviknight, L50, M|\n|poke|p2|Sneasler, L50, F|\n|poke|p2|Basculegion, L50, M|\n|poke|p2|Garchomp, L50, M|\n|teampreview|4\n|inactive|Battle timer is ON: inactive players will automatically lose when time's up. (requested by Kibuj)\n|inactive|sdlt 2krl coolguy also wants the timer to be on.\n|inactive|sdlt 2krl coolguy has 60 seconds left.\n|\n|t:|1776638078\n|teamsize|p1|4\n|teamsize|p2|4\n|start\n|switch|p1a: Incineroar|Incineroar, L50, M|100/100\n|switch|p1b: Farigiraf|Farigiraf, L50, F|100/100\n|switch|p2a: Charizard|Charizard, L50, F|100/100\n|switch|p2b: Garchomp|Garchomp, L50, M|100/100\n|-ability|p1a: Incineroar|Intimidate|boost\n|-unboost|p2a: Charizard|atk|1\n|-unboost|p2b: Garchomp|atk|1\n|turn|1\n|\n|t:|1776638091\n|detailschange|p2a: Charizard|Charizard-Mega-Y, L50, F\n|-mega|p2a: Charizard|Charizard|Charizardite Y\n|-weather|SunnyDay|[from] ability: Drought|[of] p2a: Charizard\n|move|p1a: Incineroar|Fake Out|p2a: Charizard\n|-damage|p2a: Charizard|85/100\n|cant|p2a: Charizard|flinch\n|move|p2b: Garchomp|Rock Slide|p1a: Incineroar|[spread] p1a,p1b\n|-supereffective|p1a: Incineroar|1\n|-damage|p1a: Incineroar|74/100\n|-damage|p1b: Farigiraf|87/100\n|move|p1b: Farigiraf|Trick Room|p1b: Farigiraf\n|-fieldstart|move: Trick Room|[of] p1b: Farigiraf\n|\n|-weather|SunnyDay|[upkeep]\n|upkeep\n|turn|2\n|\n|t:|1776638113\n|switch|p1a: Hatterene|Hatterene, L50, F, shiny|100/100\n|move|p2a: Charizard|Protect|p2a: Charizard\n|-singleturn|p2a: Charizard|Protect\n|move|p1b: Farigiraf|Imprison|p1b: Farigiraf\n|-start|p1b: Farigiraf|move: Imprison\n|move|p2b: Garchomp|Earthquake|p1a: Hatterene|[spread] p1a,p1b\n|-activate|p2a: Charizard|move: Protect\n|-damage|p1a: Hatterene|74/100\n|-damage|p1b: Farigiraf|63/100\n|\n|-weather|SunnyDay|[upkeep]\n|upkeep\n|turn|3\n|\n|t:|1776638130\n|move|p1a: Hatterene|Psychic|p2a: Charizard\n|-damage|p2a: Charizard|38/100\n|move|p1b: Farigiraf|Hyper Voice|p2a: Charizard|[spread] p2a,p2b\n|-damage|p2a: Charizard|12/100\n|-damage|p2b: Garchomp|77/100\n|move|p2b: Garchomp|Earthquake|p1a: Hatterene|[spread] p1a,p1b\n|-immune|p2a: Charizard\n|-damage|p1a: Hatterene|43/100\n|-damage|p1b: Farigiraf|38/100\n|-enditem|p1b: Farigiraf|Sitrus Berry|[eat]\n|-heal|p1b: Farigiraf|63/100|[from] item: Sitrus Berry\n|move|p2a: Charizard|Heat Wave|p1a: Hatterene|[spread] p1a\n|-miss|p2a: Charizard|p1b: Farigiraf\n|-damage|p1a: Hatterene|0 fnt\n|faint|p1a: Hatterene\n|\n|-weather|SunnyDay|[upkeep]\n|upkeep\n|\n|t:|1776638137\n|switch|p1a: Incineroar|Incineroar, L50, M|74/100\n|-ability|p1a: Incineroar|Intimidate|boost\n|-unboost|p2a: Charizard|atk|1\n|-unboost|p2b: Garchomp|atk|1\n|turn|4\n|inactive|Kibuj has 30 seconds left.\n|\n|t:|1776638165\n|switch|p2b: Basculegion|Basculegion, L50, M|100/100\n|switch|p2a: Sneasler|Sneasler, L50, F|100/100\n|move|p1a: Incineroar|Fake Out|p2b: Basculegion\n|-immune|p2b: Basculegion\n|move|p1b: Farigiraf|Hyper Voice|p2a: Sneasler|[spread] p2a\n|-immune|p2b: Basculegion\n|-damage|p2a: Sneasler|56/100\n|\n|-weather|SunnyDay|[upkeep]\n|upkeep\n|turn|5\n|inactive|Kibuj has 30 seconds left.\n|\n|t:|1776638199\n|switch|p2a: Charizard|Charizard-Mega-Y, L50, F|12/100\n|move|p1a: Incineroar|Darkest Lariat|p2b: Basculegion\n|-supereffective|p2b: Basculegion|1\n|-damage|p2b: Basculegion|0 fnt\n|faint|p2b: Basculegion\n|move|p1b: Farigiraf|Hyper Voice|p2a: Charizard\n|-damage|p2a: Charizard|0 fnt\n|faint|p2a: Charizard\n|\n|-weather|none\n|-fieldend|move: Trick Room\n|upkeep\n|\n|t:|1776638209\n|switch|p2b: Sneasler|Sneasler, L50, F|56/100\n|switch|p2a: Garchomp|Garchomp, L50, M|77/100\n|turn|6\n|\n|t:|1776638216\n|switch|p1a: Torkoal|Torkoal, L50, F, shiny|100/100\n|-weather|SunnyDay|[from] ability: Drought|[of] p1a: Torkoal\n|move|p1b: Farigiraf|Protect|p1b: Farigiraf\n|-singleturn|p1b: Farigiraf|Protect\n|move|p2b: Sneasler|Close Combat|p1b: Farigiraf\n|-activate|p1b: Farigiraf|move: Protect\n|move|p2a: Garchomp|Rock Slide|p1a: Torkoal|[spread] p1a\n|-activate|p1b: Farigiraf|move: Protect\n|-supereffective|p1a: Torkoal|1\n|-damage|p1a: Torkoal|72/100\n|\n|-weather|SunnyDay|[upkeep]\n|upkeep\n|turn|7\n|inactive|sdlt 2krl coolguy has 30 seconds left.\n|inactive|Kibuj has 30 seconds left.\n|\n|t:|1776638250\n|switch|p1a: Incineroar|Incineroar, L50, M|74/100\n|-ability|p1a: Incineroar|Intimidate|boost\n|-unboost|p2a: Garchomp|atk|1\n|-unboost|p2b: Sneasler|atk|1\n|-enditem|p2b: Sneasler|White Herb\n|-clearnegativeboost|p2b: Sneasler|[silent]\n|move|p2b: Sneasler|Close Combat|p1b: Farigiraf\n|-damage|p1b: Farigiraf|0 fnt\n|-unboost|p2b: Sneasler|def|1\n|-unboost|p2b: Sneasler|spd|1\n|faint|p1b: Farigiraf\n|move|p2a: Garchomp|Earthquake|p1a: Incineroar|[spread] p2b,p1a\n|-supereffective|p2b: Sneasler|1\n|-supereffective|p1a: Incineroar|1\n|-enditem|p1a: Incineroar|Shuca Berry|[eat]\n|-enditem|p1a: Incineroar|Shuca Berry|[weaken]\n|-damage|p2b: Sneasler|0 fnt\n|-damage|p1a: Incineroar|46/100\n|faint|p2b: Sneasler\n|\n|-weather|SunnyDay|[upkeep]\n|upkeep\n|\n|t:|1776638259\n|switch|p1b: Torkoal|Torkoal, L50, F, shiny|72/100\n|turn|8\n|\n|t:|1776638270\n|move|p2a: Garchomp|Protect|p2a: Garchomp\n|-singleturn|p2a: Garchomp|Protect\n|move|p1a: Incineroar|Fake Out|p2a: Garchomp\n|-activate|p2a: Garchomp|move: Protect\n|move|p1b: Torkoal|Eruption|p2a: Garchomp\n|-activate|p2a: Garchomp|move: Protect\n|\n|-weather|SunnyDay|[upkeep]\n|upkeep\n|turn|9\n|\n|t:|1776638276\n|move|p2a: Garchomp|Earthquake|p1a: Incineroar|[spread] p1a,p1b\n|-supereffective|p1a: Incineroar|1\n|-supereffective|p1b: Torkoal|1\n|-damage|p1a: Incineroar|0 fnt\n|-damage|p1b: Torkoal|35/100\n|faint|p1a: Incineroar\n|move|p1b: Torkoal|Weather Ball|p2a: Garchomp\n|-resisted|p2a: Garchomp|1\n|-damage|p2a: Garchomp|42/100\n|\n|-weather|SunnyDay|[upkeep]\n|upkeep\n|turn|10\n|\n|t:|1776638282\n|move|p2a: Garchomp|Earthquake|p1b: Torkoal\n|-supereffective|p1b: Torkoal|1\n|-damage|p1b: Torkoal|0 fnt\n|faint|p1b: Torkoal\n|\n|win|Kibuj\n|raw|sdlt 2krl coolguy's rating: 1271 &rarr; <strong>1240</strong><br />(-31 for losing)\n|raw|Kibuj's rating: 1191 &rarr; <strong>1222</strong><br />(+31 for winning)\n",
  "uploadtime": 1776638283,
  "views": 10,
  "formatid": "gen9championsvgc2026regma",
  "rating": 1222,
  "private": 0,
  "password": null
}