{
  "id": "gen9championsvgc2026regma-2583629378",
  "format": "[Gen 9 Champions] VGC 2026 Reg M-A",
  "players": [
    "Bman311",
    "Emirnent"
  ],
  "log": "|j|\u2606Bman311\n|j|\u2606Emirnent\n|t:|1776187524\n|gametype|doubles\n|player|p1|Bman311|1|1397\n|player|p2|Emirnent|170|1477\n|gen|9\n|tier|[Gen 9 Champions] VGC 2026 Reg M-A\n|rated|\n|rule|Species Clause: Limit one of each Pok\u00e9mon\n|rule|Item Clause: Limit 1 of each item\n|clearpoke\n|poke|p1|Aegislash, L50, F|\n|poke|p1|Garchomp, L50, F|\n|poke|p1|Delphox, L50, F|\n|poke|p1|Floette-Eternal, L50, F|\n|poke|p1|Maushold-Four, L50|\n|poke|p1|Talonflame, L50, F|\n|poke|p2|Scovillain, L50, M|\n|poke|p2|Klefki, L50, F|\n|poke|p2|Tyranitar, L50, F|\n|poke|p2|Garchomp, L50, M|\n|poke|p2|Gyarados, L50, M|\n|poke|p2|Corviknight, L50, M|\n|teampreview|4\n|inactive|Battle timer is ON: inactive players will automatically lose when time's up. (requested by Bman311)\n|inactive|Emirnent has 60 seconds left.\nBman311 has agreed to open team sheets.\n|l|\u2606Bman311\n|inactive|Bman311 disconnected and has a minute to reconnect!\n|player|p1|\n|j|\u2606Bman311\n|inactive|Bman311 reconnected.\n|player|p1|Bman311|1|\n|inactive|Emirnent has 30 seconds left.\n|\n|t:|1776187587\n|teamsize|p1|4\n|teamsize|p2|4\n|start\n|switch|p1a: Delphox|Delphox, L50, F|100/100\n|switch|p1b: Maushold|Maushold-Four, L50|100/100\n|switch|p2a: Tyranitar|Tyranitar, L50, F|100/100\n|switch|p2b: Gyarados|Gyarados, L50, M|100/100\n|-weather|Sandstorm|[from] ability: Sand Stream|[of] p2a: Tyranitar\n|-ability|p2b: Gyarados|Intimidate|boost\n|-unboost|p1a: Delphox|atk|1\n|-unboost|p1b: Maushold|atk|1\n|turn|1\n|\n|t:|1776187612\n|switch|p1a: Garchomp|Garchomp, L50, F|100/100\n|switch|p2b: Garchomp|Garchomp, L50, M|100/100\n|move|p1b: Maushold|Super Fang|p2a: Tyranitar\n|-damage|p2a: Tyranitar|50/100\n|move|p2a: Tyranitar|Dragon Dance|p2a: Tyranitar\n|-boost|p2a: Tyranitar|atk|1\n|-boost|p2a: Tyranitar|spe|1\n|\n|-weather|Sandstorm|[upkeep]\n|-damage|p1b: Maushold|94/100|[from] Sandstorm\n|upkeep\n|turn|2\n|\n|t:|1776187635\n|switch|p2b: Gyarados|Gyarados, L50, M|100/100\n|-ability|p2b: Gyarados|Intimidate|boost\n|-unboost|p1a: Garchomp|atk|1\n|-unboost|p1b: Maushold|atk|1\n|detailschange|p2a: Tyranitar|Tyranitar-Mega, L50, F\n|-mega|p2a: Tyranitar|Tyranitar|Tyranitarite\n|move|p1a: Garchomp|Protect|p1a: Garchomp\n|-singleturn|p1a: Garchomp|Protect\n|move|p1b: Maushold|Super Fang|p2b: Gyarados\n|-damage|p2b: Gyarados|50/100\n|-enditem|p2b: Gyarados|Sitrus Berry|[eat]\n|-heal|p2b: Gyarados|75/100|[from] item: Sitrus Berry\n|move|p2a: Tyranitar|Knock Off|p1a: Garchomp\n|-activate|p1a: Garchomp|move: Protect\n|\n|-weather|Sandstorm|[upkeep]\n|-damage|p1b: Maushold|88/100|[from] Sandstorm\n|-damage|p2b: Gyarados|69/100|[from] Sandstorm\n|upkeep\n|turn|3\n|inactive|Bman311 has 30 seconds left.\n|\n|t:|1776187664\n|switch|p2b: Garchomp|Garchomp, L50, M|100/100\n|move|p1b: Maushold|Follow Me|p1b: Maushold\n|-singleturn|p1b: Maushold|move: Follow Me\n|move|p2a: Tyranitar|Knock Off|p1b: Maushold\n|-damage|p1b: Maushold|0 fnt\n|-enditem|p1b: Maushold|Focus Sash|[from] move: Knock Off|[of] p2a: Tyranitar\n|faint|p1b: Maushold\n|move|p1a: Garchomp|Earthquake|p2b: Garchomp|[spread] p2a,p2b\n|-supereffective|p2a: Tyranitar|1\n|-damage|p2a: Tyranitar|17/100\n|-damage|p2b: Garchomp|73/100\n|\n|-weather|Sandstorm|[upkeep]\n|upkeep\n|\n|t:|1776187683\n|switch|p1b: Delphox|Delphox, L50, F|100/100\n|turn|4\n|\n|t:|1776187690\n|detailschange|p1b: Delphox|Delphox-Mega, L50, F\n|-mega|p1b: Delphox|Delphox|Delphoxite\n|move|p2b: Garchomp|Dragon Claw|p1a: Garchomp\n|-supereffective|p1a: Garchomp|1\n|-damage|p1a: Garchomp|24/100\n|-damage|p2b: Garchomp|60/100|[from] ability: Rough Skin|[of] p1a: Garchomp\n|-enditem|p1a: Garchomp|Sitrus Berry|[eat]\n|-heal|p1a: Garchomp|49/100|[from] item: Sitrus Berry\n|move|p1b: Delphox|Heat Wave|p2a: Tyranitar|[spread] p2a,p2b\n|-resisted|p2a: Tyranitar|1\n|-resisted|p2b: Garchomp|1\n|-damage|p2a: Tyranitar|7/100\n|-damage|p2b: Garchomp|38/100\n|-status|p2b: Garchomp|brn\n|move|p2a: Tyranitar|Rock Slide|p1a: Garchomp|[spread] p1a,p1b\n|-resisted|p1a: Garchomp|1\n|-supereffective|p1b: Delphox|1\n|-damage|p1a: Garchomp|24/100\n|-damage|p1b: Delphox|0 fnt\n|faint|p1b: Delphox\n|move|p1a: Garchomp|Earthquake|p2b: Garchomp|[spread] p2a,p2b\n|-supereffective|p2a: Tyranitar|1\n|-damage|p2a: Tyranitar|0 fnt\n|-damage|p2b: Garchomp|10/100 brn\n|faint|p2a: Tyranitar\n|\n|-weather|Sandstorm|[upkeep]\n|-damage|p2b: Garchomp|4/100 brn|[from] brn\n|upkeep\n|\n|t:|1776187710\n|switch|p1b: Aegislash|Aegislash, L50, F|100/100\n|switch|p2a: Corviknight|Corviknight, L50, M|100/100\n|turn|5\n|\n|t:|1776187720\n|switch|p2b: Gyarados|Gyarados, L50, M|69/100\n|-ability|p2b: Gyarados|Intimidate|boost\n|-unboost|p1a: Garchomp|atk|1\n|-unboost|p1b: Aegislash|atk|1\n|move|p1a: Garchomp|Protect|p1a: Garchomp\n|-singleturn|p1a: Garchomp|Protect\n|move|p2a: Corviknight|Iron Head|p1a: Garchomp\n|-activate|p1a: Garchomp|move: Protect\n|-formechange|p1b: Aegislash|Aegislash-Blade|\n|move|p1b: Aegislash|Shadow Ball|p2a: Corviknight\n|-crit|p2a: Corviknight\n|-damage|p2a: Corviknight|34/100\n|\n|-weather|none\n|-heal|p2a: Corviknight|40/100|[from] item: Leftovers\n|upkeep\n|turn|6\n|\n|t:|1776187735\n|switch|p2a: Garchomp|Garchomp, L50, M|4/100 brn\n|-formechange|p1b: Aegislash|Aegislash|\n|move|p1b: Aegislash|King's Shield|p1b: Aegislash\n|-singleturn|p1b: Aegislash|Protect\n|move|p1a: Garchomp|Rock Slide|p2a: Garchomp|[spread] p2a,p2b\n|-resisted|p2a: Garchomp|1\n|-supereffective|p2b: Gyarados|1\n|-damage|p2a: Garchomp|0 fnt\n|-damage|p2b: Gyarados|51/100\n|faint|p2a: Garchomp\n|cant|p2b: Gyarados|flinch\n|\n|upkeep\n|\n|t:|1776187742\n|switch|p2a: Corviknight|Corviknight, L50, M|40/100\n|turn|7\n|\n|t:|1776187750\n|move|p1a: Garchomp|Rock Slide|p2b: Gyarados|[spread] p2a,p2b\n|-supereffective|p2b: Gyarados|1\n|-crit|p2b: Gyarados\n|-damage|p2a: Corviknight|32/100\n|-damage|p2b: Gyarados|4/100\n|move|p2b: Gyarados|Waterfall|p1a: Garchomp\n|-damage|p1a: Garchomp|0 fnt\n|-damage|p2b: Gyarados|0 fnt|[from] ability: Rough Skin|[of] p1a: Garchomp\n|faint|p1a: Garchomp\n|faint|p2b: Gyarados\n|move|p2a: Corviknight|Roost|p2a: Corviknight\n|-heal|p2a: Corviknight|82/100\n|-singleturn|p2a: Corviknight|move: Roost\n|-formechange|p1b: Aegislash|Aegislash-Blade|\n|move|p1b: Aegislash|Shadow Ball|p2a: Corviknight\n|-damage|p2a: Corviknight|40/100\n|\n|-heal|p2a: Corviknight|45/100|[from] item: Leftovers\n|upkeep\n|turn|8\n|\n|t:|1776187767\n|move|p2a: Corviknight|Roost|p2a: Corviknight\n|-heal|p2a: Corviknight|96/100\n|-singleturn|p2a: Corviknight|move: Roost\n|move|p1b: Aegislash|Shadow Ball|p2a: Corviknight\n|-damage|p2a: Corviknight|52/100\n|\n|-heal|p2a: Corviknight|58/100|[from] item: Leftovers\n|upkeep\n|turn|9\n|\n|t:|1776187777\n|move|p2a: Corviknight|Iron Head|p1b: Aegislash\n|-resisted|p1b: Aegislash|1\n|-damage|p1b: Aegislash|71/100\n|move|p1b: Aegislash|Shadow Ball|p2a: Corviknight\n|-damage|p2a: Corviknight|18/100\n|-ability|p2a: Corviknight|Mirror Armor\n|-unboost|p1b: Aegislash|spd|1\n|\n|-heal|p2a: Corviknight|24/100|[from] item: Leftovers\n|-heal|p1b: Aegislash|77/100|[from] item: Leftovers\n|upkeep\n|turn|10\n|\n|t:|1776187787\n|move|p2a: Corviknight|Roost|p2a: Corviknight\n|-heal|p2a: Corviknight|74/100\n|-singleturn|p2a: Corviknight|move: Roost\n|move|p1b: Aegislash|Shadow Ball|p2a: Corviknight\n|-damage|p2a: Corviknight|32/100\n|-ability|p2a: Corviknight|Mirror Armor\n|-unboost|p1b: Aegislash|spd|1\n|\n|-heal|p2a: Corviknight|38/100|[from] item: Leftovers\n|-heal|p1b: Aegislash|84/100|[from] item: Leftovers\n|upkeep\n|turn|11\n|\n|t:|1776187793\n|move|p2a: Corviknight|Roost|p2a: Corviknight\n|-heal|p2a: Corviknight|88/100\n|-singleturn|p2a: Corviknight|move: Roost\n|move|p1b: Aegislash|Shadow Ball|p2a: Corviknight\n|-damage|p2a: Corviknight|45/100\n|\n|-heal|p2a: Corviknight|51/100|[from] item: Leftovers\n|-heal|p1b: Aegislash|90/100|[from] item: Leftovers\n|upkeep\n|turn|12\n|\n|t:|1776187802\n|move|p2a: Corviknight|Iron Head|p1b: Aegislash\n|-resisted|p1b: Aegislash|1\n|-damage|p1b: Aegislash|61/100\n|cant|p1b: Aegislash|flinch\n|\n|-heal|p2a: Corviknight|57/100|[from] item: Leftovers\n|-heal|p1b: Aegislash|67/100|[from] item: Leftovers\n|upkeep\n|turn|13\n|\n|t:|1776187809\n|-formechange|p1b: Aegislash|Aegislash|\n|move|p1b: Aegislash|King's Shield|p1b: Aegislash\n|-singleturn|p1b: Aegislash|Protect\n|move|p2a: Corviknight|Brave Bird|p1b: Aegislash\n|-activate|p1b: Aegislash|move: Protect\n|-ability|p2a: Corviknight|Mirror Armor\n|-unboost|p1b: Aegislash|atk|1\n|\n|-heal|p2a: Corviknight|63/100|[from] item: Leftovers\n|-heal|p1b: Aegislash|74/100|[from] item: Leftovers\n|upkeep\n|turn|14\n|\n|t:|1776187817\n|move|p2a: Corviknight|Iron Head|p1b: Aegislash\n|-resisted|p1b: Aegislash|1\n|-damage|p1b: Aegislash|60/100\n|-formechange|p1b: Aegislash|Aegislash-Blade|\n|move|p1b: Aegislash|Shadow Ball|p2a: Corviknight\n|-damage|p2a: Corviknight|22/100\n|\n|-heal|p2a: Corviknight|28/100|[from] item: Leftovers\n|-heal|p1b: Aegislash|67/100|[from] item: Leftovers\n|upkeep\n|turn|15\n|\n|t:|1776187825\n|move|p2a: Corviknight|Roost|p2a: Corviknight\n|-heal|p2a: Corviknight|78/100\n|-singleturn|p2a: Corviknight|move: Roost\n|move|p1b: Aegislash|Shadow Ball|p2a: Corviknight\n|-damage|p2a: Corviknight|36/100\n|\n|-heal|p2a: Corviknight|41/100|[from] item: Leftovers\n|-heal|p1b: Aegislash|73/100|[from] item: Leftovers\n|upkeep\n|turn|16\n|\n|t:|1776187830\n|move|p2a: Corviknight|Roost|p2a: Corviknight\n|-heal|p2a: Corviknight|92/100\n|-singleturn|p2a: Corviknight|move: Roost\n|move|p1b: Aegislash|Shadow Ball|p2a: Corviknight\n|-damage|p2a: Corviknight|52/100\n|-ability|p2a: Corviknight|Mirror Armor\n|-unboost|p1b: Aegislash|spd|1\n|\n|-heal|p2a: Corviknight|58/100|[from] item: Leftovers\n|-heal|p1b: Aegislash|79/100|[from] item: Leftovers\n|upkeep\n|turn|17\n|\n|t:|1776187838\n|move|p2a: Corviknight|Brave Bird|p1b: Aegislash\n|-resisted|p1b: Aegislash|1\n|-damage|p1b: Aegislash|34/100\n|-damage|p2a: Corviknight|46/100|[from] Recoil\n|move|p1b: Aegislash|Shadow Ball|p2a: Corviknight\n|-damage|p2a: Corviknight|3/100\n|\n|-heal|p2a: Corviknight|9/100|[from] item: Leftovers\n|-heal|p1b: Aegislash|40/100|[from] item: Leftovers\n|upkeep\n|turn|18\n|\n|t:|1776187847\n|move|p2a: Corviknight|Roost|p2a: Corviknight\n|-heal|p2a: Corviknight|59/100\n|-singleturn|p2a: Corviknight|move: Roost\n|move|p1b: Aegislash|Shadow Ball|p2a: Corviknight\n|-damage|p2a: Corviknight|20/100\n|\n|-heal|p2a: Corviknight|25/100|[from] item: Leftovers\n|-heal|p1b: Aegislash|47/100|[from] item: Leftovers\n|upkeep\n|turn|19\n|\n|t:|1776187853\n|-formechange|p1b: Aegislash|Aegislash|\n|move|p1b: Aegislash|King's Shield|p1b: Aegislash\n|-singleturn|p1b: Aegislash|Protect\n|move|p2a: Corviknight|Roost|p2a: Corviknight\n|-heal|p2a: Corviknight|76/100\n|-singleturn|p2a: Corviknight|move: Roost\n|\n|-heal|p2a: Corviknight|81/100|[from] item: Leftovers\n|-heal|p1b: Aegislash|53/100|[from] item: Leftovers\n|upkeep\n|turn|20\n|\n|t:|1776187858\n|move|p2a: Corviknight|Brave Bird|p1b: Aegislash\n|-resisted|p1b: Aegislash|1\n|-damage|p1b: Aegislash|33/100\n|-damage|p2a: Corviknight|76/100|[from] Recoil\n|-formechange|p1b: Aegislash|Aegislash-Blade|\n|move|p1b: Aegislash|Shadow Ball|p2a: Corviknight\n|-damage|p2a: Corviknight|32/100\n|\n|-heal|p2a: Corviknight|38/100|[from] item: Leftovers\n|-heal|p1b: Aegislash|39/100|[from] item: Leftovers\n|upkeep\n|turn|21\n|\n|t:|1776187868\n|-formechange|p1b: Aegislash|Aegislash|\n|move|p1b: Aegislash|King's Shield|p1b: Aegislash\n|-singleturn|p1b: Aegislash|Protect\n|move|p2a: Corviknight|Brave Bird|p1b: Aegislash\n|-activate|p1b: Aegislash|move: Protect\n|-ability|p2a: Corviknight|Mirror Armor\n|-unboost|p1b: Aegislash|atk|1\n|\n|-heal|p2a: Corviknight|44/100|[from] item: Leftovers\n|-heal|p1b: Aegislash|45/100|[from] item: Leftovers\n|upkeep\n|turn|22\n|\n|t:|1776187872\n|move|p2a: Corviknight|Iron Head|p1b: Aegislash\n|-resisted|p1b: Aegislash|1\n|-damage|p1b: Aegislash|31/100\n|-formechange|p1b: Aegislash|Aegislash-Blade|\n|move|p1b: Aegislash|Shadow Ball|p2a: Corviknight\n|-damage|p2a: Corviknight|3/100\n|\n|-heal|p2a: Corviknight|9/100|[from] item: Leftovers\n|-heal|p1b: Aegislash|37/100|[from] item: Leftovers\n|upkeep\n|turn|23\n|\n|t:|1776187884\n|-formechange|p1b: Aegislash|Aegislash|\n|move|p1b: Aegislash|King's Shield|p1b: Aegislash\n|-singleturn|p1b: Aegislash|Protect\n|move|p2a: Corviknight|Brave Bird|p1b: Aegislash\n|-activate|p1b: Aegislash|move: Protect\n|-ability|p2a: Corviknight|Mirror Armor\n|-unboost|p1b: Aegislash|atk|1\n|\n|-heal|p2a: Corviknight|15/100|[from] item: Leftovers\n|-heal|p1b: Aegislash|44/100|[from] item: Leftovers\n|upkeep\n|turn|24\n|\n|t:|1776187890\n|move|p2a: Corviknight|Iron Head|p1b: Aegislash\n|-resisted|p1b: Aegislash|1\n|-damage|p1b: Aegislash|29/100\n|cant|p1b: Aegislash|flinch\n|\n|-heal|p2a: Corviknight|20/100|[from] item: Leftovers\n|-heal|p1b: Aegislash|35/100|[from] item: Leftovers\n|upkeep\n|turn|25\n|\n|t:|1776187899\n|move|p2a: Corviknight|Iron Head|p1b: Aegislash\n|-resisted|p1b: Aegislash|1\n|-damage|p1b: Aegislash|22/100\n|-formechange|p1b: Aegislash|Aegislash-Blade|\n|move|p1b: Aegislash|Shadow Ball|p2a: Corviknight\n|-damage|p2a: Corviknight|0 fnt\n|faint|p2a: Corviknight\n|\n|win|Bman311\n|raw|Bman311's rating: 1397 &rarr; <strong>1422</strong><br />(+25 for winning)\n|raw|Emirnent's rating: 1477 &rarr; <strong>1452</strong><br />(-25 for losing)\n|l|\u2606Emirnent\n|player|p2|\n",
  "uploadtime": 1776187909,
  "views": 39,
  "formatid": "gen9championsvgc2026regma",
  "rating": 1422,
  "private": 0,
  "password": null
}