{
  "id": "gen9championsvgc2026regma-2582296076",
  "format": "[Gen 9 Champions] VGC 2026 Reg M-A",
  "players": [
    "netyhry",
    "XploraVGC"
  ],
  "log": "|j|\u2606netyhry\n|j|\u2606XploraVGC\n|t:|1776080821\n|gametype|doubles\n|player|p1|netyhry|169|1040\n|player|p2|XploraVGC|102|1000\n|gen|9\n|tier|[Gen 9 Champions] VGC 2026 Reg M-A\n|rated|\n|rule|Species Clause: Limit one of each Pok\u00e9mon\n|rule|Item Clause: Limit 1 of each item\n|clearpoke\n|poke|p1|Krookodile, L50, F|\n|poke|p1|Abomasnow, L50, F|\n|poke|p1|Hawlucha, L50, M|\n|poke|p1|Whimsicott, L50, M|\n|poke|p1|Typhlosion-Hisui, L50, F|\n|poke|p1|Orthworm, L50, M|\n|poke|p2|Charizard, L50, M|\n|poke|p2|Incineroar, L50, M|\n|poke|p2|Garchomp, L50, F|\n|poke|p2|Venusaur, L50, F|\n|poke|p2|Basculegion, L50, M|\n|poke|p2|Sneasler, L50, F|\n|teampreview|4\nXploraVGC rejected open team sheets.\n|\n|t:|1776080879\n|teamsize|p1|4\n|teamsize|p2|4\n|start\n|switch|p1a: Whimsicott|Whimsicott, L50, M|100/100\n|switch|p1b: Typhlosion|Typhlosion-Hisui, L50, F|100/100\n|switch|p2a: Charizard|Charizard, L50, M|100/100\n|switch|p2b: Venusaur|Venusaur, L50, F|100/100\n|-item|p2a: Charizard|Charizardite Y|[from] ability: Frisk|[of] p1b: Typhlosion\n|-item|p2b: Venusaur|Focus Sash|[from] ability: Frisk|[of] p1b: Typhlosion\n|turn|1\n|inactive|Battle timer is ON: inactive players will automatically lose when time's up. (requested by netyhry)\n|inactive|netyhry has 60 seconds left.\n|\n|t:|1776080919\n|detailschange|p2a: Charizard|Charizard-Mega-Y, L50, M\n|-mega|p2a: Charizard|Charizard|Charizardite Y\n|-weather|SunnyDay|[from] ability: Drought|[of] p2a: Charizard\n|move|p1a: Whimsicott|Tailwind|p1a: Whimsicott\n|-sidestart|p1: netyhry|move: Tailwind\n|move|p1b: Typhlosion|Eruption|p2a: Charizard|[spread] p2a,p2b\n|-resisted|p2a: Charizard|1\n|-supereffective|p2b: Venusaur|1\n|-damage|p2a: Charizard|58/100\n|-enditem|p2b: Venusaur|Focus Sash\n|-damage|p2b: Venusaur|1/100\n|move|p2a: Charizard|Heat Wave|p1b: Typhlosion|[spread] p1a,p1b\n|-supereffective|p1a: Whimsicott|1\n|-resisted|p1b: Typhlosion|1\n|-enditem|p1a: Whimsicott|Focus Sash\n|-damage|p1a: Whimsicott|1/100\n|-damage|p1b: Typhlosion|52/100\n|move|p2b: Venusaur|Sleep Powder|p1b: Typhlosion|[miss]\n|-miss|p2b: Venusaur|p1b: Typhlosion\n|\n|-weather|SunnyDay|[upkeep]\n|upkeep\n|turn|2\n|inactive|netyhry has 30 seconds left.\n|inactive|netyhry has 20 seconds left.\n|\n|t:|1776080957\n|switch|p2b: Incineroar|Incineroar, L50, M|100/100\n|-ability|p2b: Incineroar|Intimidate|boost\n|-unboost|p1a: Whimsicott|atk|1\n|-unboost|p1b: Typhlosion|atk|1\n|move|p1a: Whimsicott|Fake Tears|p2a: Charizard\n|-unboost|p2a: Charizard|spd|2\n|move|p1b: Typhlosion|Eruption|p2b: Incineroar|[spread] p2a,p2b\n|-resisted|p2a: Charizard|1\n|-resisted|p2b: Incineroar|1\n|-damage|p2a: Charizard|11/100\n|-damage|p2b: Incineroar|80/100\n|move|p2a: Charizard|Heat Wave|p1a: Whimsicott|[spread] p1a,p1b\n|-supereffective|p1a: Whimsicott|1\n|-resisted|p1b: Typhlosion|1\n|-damage|p1a: Whimsicott|0 fnt\n|-damage|p1b: Typhlosion|1/100\n|faint|p1a: Whimsicott\n|\n|-weather|SunnyDay|[upkeep]\n|upkeep\n|inactive|netyhry has 30 seconds left.\n|\n|t:|1776080984\n|switch|p1a: Krookodile|Krookodile, L50, F|100/100\n|-ability|p1a: Krookodile|Intimidate|boost\n|-unboost|p2a: Charizard|atk|1\n|-unboost|p2b: Incineroar|atk|1\n|turn|3\n|inactive|netyhry has 30 seconds left.\n|\n|t:|1776081010\n|switch|p1b: Hawlucha|Hawlucha, L50, M|100/100\n|move|p2b: Incineroar|Fake Out|p1a: Krookodile\n|-damage|p1a: Krookodile|92/100\n|cant|p1a: Krookodile|flinch\n|move|p2a: Charizard|Heat Wave|p1b: Hawlucha|[spread] p1a\n|-miss|p2a: Charizard|p1b: Hawlucha\n|-damage|p1a: Krookodile|17/100\n|-enditem|p1a: Krookodile|Sitrus Berry|[eat]\n|-heal|p1a: Krookodile|42/100|[from] item: Sitrus Berry\n|\n|-weather|SunnyDay|[upkeep]\n|upkeep\n|turn|4\n|inactive|netyhry has 30 seconds left.\n|inactive|netyhry has 20 seconds left.\n|\n|t:|1776081049\n|detailschange|p1b: Hawlucha|Hawlucha-Mega, L50, M\n|-mega|p1b: Hawlucha|Hawlucha|Hawluchanite\n|move|p2a: Charizard|Protect|p2a: Charizard\n|-singleturn|p2a: Charizard|Protect\n|move|p1b: Hawlucha|Cross Chop|p2b: Incineroar\n|-supereffective|p2b: Incineroar|1\n|-damage|p2b: Incineroar|0 fnt\n|faint|p2b: Incineroar\n|move|p1a: Krookodile|Crunch|p2a: Charizard\n|-activate|p2a: Charizard|move: Protect\n|\n|-weather|SunnyDay|[upkeep]\n|-sideend|p1: netyhry|move: Tailwind\n|upkeep\n|\n|t:|1776081060\n|switch|p2b: Venusaur|Venusaur, L50, F|1/100\n|turn|5\n|\n|t:|1776081070\n|switch|p2a: Sneasler|Sneasler, L50, F|100/100\n|move|p1a: Krookodile|Protect|p1a: Krookodile\n|-singleturn|p1a: Krookodile|Protect\n|move|p1b: Hawlucha|Rock Tomb|p2a: Sneasler\n|-resisted|p2a: Sneasler|1\n|-crit|p2a: Sneasler\n|-damage|p2a: Sneasler|75/100\n|-unboost|p2a: Sneasler|spe|1\n|-enditem|p2a: Sneasler|White Herb\n|-clearnegativeboost|p2a: Sneasler|[silent]\n|move|p2b: Venusaur|Energy Ball|p1a: Krookodile\n|-activate|p1a: Krookodile|move: Protect\n|\n|-weather|none\n|upkeep\n|turn|6\n|inactive|netyhry has 30 seconds left.\n|inactive|XploraVGC has 30 seconds left.\n|\n|t:|1776081096\n|switch|p1a: Typhlosion|Typhlosion-Hisui, L50, F|1/100\n|move|p2a: Sneasler|Fake Out|p1b: Hawlucha\n|-damage|p1b: Hawlucha|85/100\n|cant|p1b: Hawlucha|flinch\n|move|p2b: Venusaur|Energy Ball|p1a: Typhlosion\n|-resisted|p1a: Typhlosion|1\n|-crit|p1a: Typhlosion\n|-damage|p1a: Typhlosion|0 fnt\n|faint|p1a: Typhlosion\n|\n|upkeep\n|\n|t:|1776081104\n|switch|p1a: Krookodile|Krookodile, L50, F|42/100\n|-ability|p1a: Krookodile|Intimidate|boost\n|-unboost|p2a: Sneasler|atk|1\n|-unboost|p2b: Venusaur|atk|1\n|turn|7\n|\n|t:|1776081127\n|switch|p2a: Charizard|Charizard-Mega-Y, L50, M|11/100\n|-weather|SunnyDay|[from] ability: Drought|[of] p2a: Charizard\n|move|p1b: Hawlucha|Rock Tomb|p2a: Charizard\n|-supereffective|p2a: Charizard|2\n|-damage|p2a: Charizard|0 fnt\n|faint|p2a: Charizard\n|move|p1a: Krookodile|Earthquake|p2b: Venusaur|[spread] p2b\n|-immune|p1b: Hawlucha\n|-damage|p2b: Venusaur|0 fnt\n|faint|p2b: Venusaur\n|\n|-weather|SunnyDay|[upkeep]\n|upkeep\n|-message|XploraVGC forfeited.\n|\n|win|netyhry\n|raw|netyhry's rating: 1040 &rarr; <strong>1070</strong><br />(+30 for winning)\n|raw|XploraVGC's rating: 1000 &rarr; <strong>1000</strong><br />(+0 for losing)\n",
  "uploadtime": 1776081142,
  "views": 17,
  "formatid": "gen9championsvgc2026regma",
  "rating": 1000,
  "private": 0,
  "password": null
}