{
  "id": "gen9championsvgc2026regma-2586819972",
  "format": "[Gen 9 Champions] VGC 2026 Reg M-A",
  "players": [
    "BeTransThrowHands",
    "ALBUGBETO"
  ],
  "log": "|j|\u2606BeTransThrowHands\n|j|\u2606ALBUGBETO\n|t:|1776462573\n|gametype|doubles\n|player|p1|BeTransThrowHands|may-masters|1021\n|player|p2|ALBUGBETO|hiker|1073\n|gen|9\n|tier|[Gen 9 Champions] VGC 2026 Reg M-A\n|rated|\n|rule|Species Clause: Limit one of each Pok\u00e9mon\n|rule|Item Clause: Limit 1 of each item\n|clearpoke\n|poke|p1|Delphox, L50, F|\n|poke|p1|Froslass, L50, F|\n|poke|p1|Clefable, L50, M|\n|poke|p1|Aerodactyl, L50, M|\n|poke|p1|Glaceon, L50, F|\n|poke|p1|Sneasler, L50, F|\n|poke|p2|Charizard, L50, F|\n|poke|p2|Milotic, L50, M|\n|poke|p2|Whimsicott, L50, M|\n|poke|p2|Heliolisk, L50, M|\n|poke|p2|Sneasler, L50, F|\n|poke|p2|Krookodile, L50, M|\n|teampreview|4\n|inactive|Battle timer is ON: inactive players will automatically lose when time's up. (requested by ALBUGBETO)\n|inactive|BeTransThrowHands has 60 seconds left.\n|inactive|ALBUGBETO has 60 seconds left.\n|inactive|ALBUGBETO has 30 seconds left.\n|inactive|ALBUGBETO has 20 seconds left.\n|\n|t:|1776462649\n|teamsize|p1|4\n|teamsize|p2|4\n|start\n|switch|p1a: Delphox|Delphox, L50, F, shiny|100/100\n|switch|p1b: Aerodactyl|Aerodactyl, L50, M|100/100\n|switch|p2a: Krookodile|Krookodile, L50, M|100/100\n|switch|p2b: Sneasler|Sneasler, L50, F|100/100\n|-ability|p1b: Aerodactyl|Unnerve\n|-ability|p2a: Krookodile|Intimidate|boost\n|-unboost|p1a: Delphox|atk|1\n|-unboost|p1b: Aerodactyl|atk|1\n|turn|1\n|inactive|BeTransThrowHands has 30 seconds left.\n|inactive|ALBUGBETO has 30 seconds left.\n|\n|t:|1776462678\n|detailschange|p1a: Delphox|Delphox-Mega, L50, F, shiny\n|-mega|p1a: Delphox|Delphox|Delphoxite\n|move|p1a: Delphox|Protect|p1a: Delphox\n|-singleturn|p1a: Delphox|Protect\n|move|p2b: Sneasler|Fake Out|p1b: Aerodactyl\n|-resisted|p1b: Aerodactyl|1\n|-damage|p1b: Aerodactyl|90/100\n|cant|p1b: Aerodactyl|flinch\n|move|p2a: Krookodile|Crunch|p1a: Delphox\n|-activate|p1a: Delphox|move: Protect\n|\n|upkeep\n|turn|2\n|inactive|ALBUGBETO has 30 seconds left.\n|inactive|BeTransThrowHands has 30 seconds left.\n|inactive|ALBUGBETO has 20 seconds left.\n|\n|t:|1776462718\n|move|p1a: Delphox|Psychic|p2b: Sneasler\n|-supereffective|p2b: Sneasler|2\n|-enditem|p2b: Sneasler|Focus Sash\n|-damage|p2b: Sneasler|1/100\n|move|p1b: Aerodactyl|Rock Slide|p2b: Sneasler|[spread] p2a,p2b\n|-resisted|p2a: Krookodile|1\n|-resisted|p2b: Sneasler|1\n|-damage|p2a: Krookodile|90/100\n|-damage|p2b: Sneasler|0 fnt\n|faint|p2b: Sneasler\n|cant|p2a: Krookodile|flinch\n|\n|upkeep\n|\n|t:|1776462728\n|switch|p2b: Whimsicott|Whimsicott, L50, M|100/100\n|turn|3\n|\n|t:|1776462738\n|switch|p1a: Clefable|Clefable, L50, M, shiny|100/100\n|switch|p1b: Sneasler|Sneasler, L50, F|100/100\n|move|p2b: Whimsicott|Tailwind|p2b: Whimsicott\n|-sidestart|p2: ALBUGBETO|move: Tailwind\n|move|p2a: Krookodile|Rock Slide|p1a: Clefable|[spread] p1a,p1b\n|-resisted|p1b: Sneasler|1\n|-damage|p1a: Clefable|81/100\n|-damage|p1b: Sneasler|85/100\n|\n|upkeep\n|turn|4\n|\n|t:|1776462760\n|move|p1b: Sneasler|Fake Out|p2a: Krookodile\n|-damage|p2a: Krookodile|74/100\n|move|p2b: Whimsicott|Sunny Day|p2b: Whimsicott\n|-weather|SunnyDay\n|cant|p2a: Krookodile|flinch\n|move|p1a: Clefable|Moonblast|p2a: Krookodile\n|-supereffective|p2a: Krookodile|1\n|-damage|p2a: Krookodile|0 fnt\n|faint|p2a: Krookodile\n|\n|-weather|SunnyDay|[upkeep]\n|upkeep\n|\n|t:|1776462767\n|switch|p2a: Charizard|Charizard, L50, F|100/100\n|turn|5\n|\n|t:|1776462791\n|detailschange|p2a: Charizard|Charizard-Mega-X, L50, F\n|-mega|p2a: Charizard|Charizard|Charizardite X\n|move|p1b: Sneasler|Protect|p1b: Sneasler\n|-singleturn|p1b: Sneasler|Protect\n|move|p2b: Whimsicott|Encore|p1b: Sneasler\n|-activate|p1b: Sneasler|move: Protect\n|move|p2a: Charizard|Dragon Dance|p2a: Charizard\n|-boost|p2a: Charizard|atk|1\n|-boost|p2a: Charizard|spe|1\n|move|p1a: Clefable|Life Dew|p1a: Clefable|[spread] p1a,p1b\n|-heal|p1a: Clefable|100/100\n|-heal|p1b: Sneasler|100/100\n|\n|-weather|SunnyDay|[upkeep]\n|upkeep\n|turn|6\n|\n|t:|1776462815\n|move|p2a: Charizard|Dragon Claw|p1b: Sneasler\n|-damage|p1b: Sneasler|0 fnt\n|faint|p1b: Sneasler\n|move|p2b: Whimsicott|Energy Ball|p1a: Clefable\n|-damage|p1a: Clefable|72/100\n|-unboost|p1a: Clefable|spd|1\n|move|p1a: Clefable|Moonblast|p2a: Charizard\n|-damage|p2a: Charizard|63/100\n|\n|-weather|SunnyDay|[upkeep]\n|-sideend|p2: ALBUGBETO|move: Tailwind\n|upkeep\n|\n|t:|1776462825\n|switch|p1b: Aerodactyl|Aerodactyl, L50, M|90/100\n|-ability|p1b: Aerodactyl|Unnerve\n|turn|7\n|\n|t:|1776462846\n|move|p2a: Charizard|Protect|p2a: Charizard\n|-singleturn|p2a: Charizard|Protect\n|move|p1a: Clefable|Follow Me|p1a: Clefable\n|-singleturn|p1a: Clefable|move: Follow Me\n|move|p1b: Aerodactyl|Rock Slide|p2b: Whimsicott|[spread] p2b\n|-activate|p2a: Charizard|move: Protect\n|-damage|p2b: Whimsicott|68/100\n|move|p2b: Whimsicott|Energy Ball|p1a: Clefable\n|-damage|p1a: Clefable|33/100\n|-enditem|p1a: Clefable|Sitrus Berry|[eat]\n|-heal|p1a: Clefable|57/100|[from] item: Sitrus Berry\n|\n|-weather|SunnyDay|[upkeep]\n|upkeep\n|turn|8\n|inactive|ALBUGBETO has 30 seconds left.\n|\n|t:|1776462874\n|move|p1a: Clefable|Follow Me|p1a: Clefable\n|-singleturn|p1a: Clefable|move: Follow Me\n|move|p2b: Whimsicott|Encore|p1a: Clefable\n|-start|p1a: Clefable|Encore\n|move|p2a: Charizard|Flare Blitz|p1a: Clefable\n|-damage|p1a: Clefable|0 fnt\n|faint|p1a: Clefable\n|-damage|p2a: Charizard|39/100|[from] Recoil\n|move|p1b: Aerodactyl|Rock Slide|p2b: Whimsicott|[spread] p2a,p2b\n|-supereffective|p2a: Charizard|1\n|-damage|p2a: Charizard|0 fnt\n|-damage|p2b: Whimsicott|39/100\n|faint|p2a: Charizard\n|\n|-weather|none\n|upkeep\n|-message|ALBUGBETO forfeited.\n|\n|win|BeTransThrowHands\n|raw|BeTransThrowHands's rating: 1021 &rarr; <strong>1063</strong><br />(+42 for winning)\n|raw|ALBUGBETO's rating: 1073 &rarr; <strong>1049</strong><br />(-24 for losing)\n|l|\u2606ALBUGBETO\n|player|p2|\n",
  "uploadtime": 1776462881,
  "views": 21,
  "formatid": "gen9championsvgc2026regma",
  "rating": 1049,
  "private": 0,
  "password": null
}