{
  "id": "gen9championsvgc2026regma-2583026132",
  "format": "[Gen 9 Champions] VGC 2026 Reg M-A",
  "players": [
    "noah100800",
    "cutecharmexploit"
  ],
  "log": "|j|\u2606noah100800\n|j|\u2606cutecharmexploit\n|t:|1776134501\n|gametype|doubles\n|player|p1|noah100800|170|1129\n|player|p2|cutecharmexploit|scientistf|1220\n|gen|9\n|tier|[Gen 9 Champions] VGC 2026 Reg M-A\n|rated|\n|rule|Species Clause: Limit one of each Pok\u00e9mon\n|rule|Item Clause: Limit 1 of each item\n|clearpoke\n|poke|p1|Ninetales-Alola, L50, F|\n|poke|p1|Arcanine-Hisui, L50, M|\n|poke|p1|Gyarados, L50, F|\n|poke|p1|Maushold-Four, L50|\n|poke|p1|Sinistcha, L50|\n|poke|p1|Garchomp, L50, M|\n|poke|p2|Aerodactyl, L50, F|\n|poke|p2|Floette-Eternal, L50, F|\n|poke|p2|Sneasler, L50, M|\n|poke|p2|Incineroar, L50, F|\n|poke|p2|Maushold-Four, L50|\n|poke|p2|Sinistcha, L50|\n|teampreview|4\ncutecharmexploit rejected open team sheets.\n|\n|t:|1776134548\n|teamsize|p1|4\n|teamsize|p2|4\n|start\n|switch|p1a: Maushold|Maushold-Four, L50|100/100\n|switch|p1b: Ninetales|Ninetales-Alola, L50, F|100/100\n|switch|p2a: Dr Epicsauce|Aerodactyl, L50, F|100/100\n|switch|p2b: Le Epic Bacon|Sneasler, L50, M|100/100\n|-ability|p2a: Dr Epicsauce|Unnerve\n|-weather|Snowscape|[from] ability: Snow Warning|[of] p1b: Ninetales\n|turn|1\n|\n|t:|1776134578\n|switch|p1b: Gyarados|Gyarados, L50, F|100/100\n|-ability|p1b: Gyarados|Intimidate|boost\n|-unboost|p2a: Dr Epicsauce|atk|1\n|-unboost|p2b: Le Epic Bacon|atk|1\n|-enditem|p2b: Le Epic Bacon|White Herb\n|-clearnegativeboost|p2b: Le Epic Bacon|[silent]\n|move|p2b: Le Epic Bacon|Fake Out|p1b: Gyarados\n|-damage|p1b: Gyarados|84/100\n|move|p2a: Dr Epicsauce|Rock Slide|p1b: Gyarados|[spread] p1a,p1b\n|-supereffective|p1b: Gyarados|1\n|-damage|p1a: Maushold|79/100\n|-damage|p1b: Gyarados|45/100\n|move|p1a: Maushold|Population Bomb|p2b: Le Epic Bacon\n|-damage|p2b: Le Epic Bacon|83/100\n|-damage|p2b: Le Epic Bacon|66/100\n|-damage|p2b: Le Epic Bacon|48/100\n|-damage|p2b: Le Epic Bacon|30/100\n|-damage|p2b: Le Epic Bacon|11/100\n|-damage|p2b: Le Epic Bacon|0 fnt\n|faint|p2b: Le Epic Bacon\n|-hitcount|p2: Le Epic Bacon|6\n|\n|-weather|Snowscape|[upkeep]\n|upkeep\n|\n|t:|1776134604\n|switch|p2b: Epic (2013)|Incineroar, L50, F|100/100\n|-ability|p2b: Epic (2013)|Intimidate|boost\n|-unboost|p1a: Maushold|atk|1\n|-unboost|p1b: Gyarados|atk|1\n|-enditem|p1a: Maushold|White Herb\n|-clearnegativeboost|p1a: Maushold|[silent]\n|turn|2\n|\n|t:|1776134626\n|move|p1a: Maushold|Protect|p1a: Maushold\n|-singleturn|p1a: Maushold|Protect\n|move|p1b: Gyarados|Protect|p1b: Gyarados\n|-singleturn|p1b: Gyarados|Protect\n|move|p2b: Epic (2013)|Fake Out|p1a: Maushold\n|-activate|p1a: Maushold|move: Protect\n|move|p2a: Dr Epicsauce|Rock Slide|p1a: Maushold|[spread] \n|-activate|p1a: Maushold|move: Protect\n|-activate|p1b: Gyarados|move: Protect\n|\n|-weather|Snowscape|[upkeep]\n|upkeep\n|turn|3\n|\n|t:|1776134649\n|detailschange|p1b: Gyarados|Gyarados-Mega, L50, F\n|-mega|p1b: Gyarados|Gyarados|Gyaradosite\n|-ability|p1b: Gyarados|Mold Breaker\n|move|p1a: Maushold|Follow Me|p1a: Maushold\n|-singleturn|p1a: Maushold|move: Follow Me\n|move|p2a: Dr Epicsauce|Rock Slide|p1a: Maushold|[spread] p1a,p1b\n|-damage|p1a: Maushold|58/100\n|-damage|p1b: Gyarados|32/100\n|move|p1b: Gyarados|Dragon Dance|p1b: Gyarados\n|-boost|p1b: Gyarados|atk|1\n|-boost|p1b: Gyarados|spe|1\n|move|p2b: Epic (2013)|Flare Blitz|p1a: Maushold\n|-damage|p1a: Maushold|0 fnt\n|faint|p1a: Maushold\n|-damage|p2b: Epic (2013)|84/100|[from] Recoil\n|\n|-weather|Snowscape|[upkeep]\n|upkeep\n|\n|t:|1776134668\n|switch|p1a: Arcanine|Arcanine-Hisui, L50, M|100/100\n|-ability|p1a: Arcanine|Intimidate|boost\n|-unboost|p2a: Dr Epicsauce|atk|1\n|-unboost|p2b: Epic (2013)|atk|1\n|turn|4\n|\n|t:|1776134678\n|move|p2a: Dr Epicsauce|Protect|p2a: Dr Epicsauce\n|-singleturn|p2a: Dr Epicsauce|Protect\n|move|p1b: Gyarados|Waterfall|p2b: Epic (2013)\n|-supereffective|p2b: Epic (2013)|1\n|-damage|p2b: Epic (2013)|14/100\n|-enditem|p2b: Epic (2013)|Sitrus Berry|[eat]\n|-heal|p2b: Epic (2013)|39/100|[from] item: Sitrus Berry\n|move|p1a: Arcanine|Rock Slide|p2a: Dr Epicsauce|[spread] p2b\n|-activate|p2a: Dr Epicsauce|move: Protect\n|-supereffective|p2b: Epic (2013)|1\n|-crit|p2b: Epic (2013)\n|-damage|p2b: Epic (2013)|0 fnt\n|faint|p2b: Epic (2013)\n|\n|-weather|Snowscape|[upkeep]\n|upkeep\n|\n|t:|1776134691\n|switch|p2b: Freaking Epic|Floette-Eternal, L50, F|100/100\n|turn|5\n|\n|t:|1776134710\n|detailschange|p2b: Freaking Epic|Floette-Mega, L50, F\n|-mega|p2b: Freaking Epic|Floette|Floettite\n|-ability|p2b: Freaking Epic|Fairy Aura\n|move|p2b: Freaking Epic|Protect|p2b: Freaking Epic\n|-singleturn|p2b: Freaking Epic|Protect\n|move|p1a: Arcanine|Extreme Speed|p2b: Freaking Epic\n|-activate|p2b: Freaking Epic|move: Protect\n|move|p2a: Dr Epicsauce|Tailwind|p2a: Dr Epicsauce\n|-sidestart|p2: cutecharmexploit|move: Tailwind\n|move|p1b: Gyarados|Waterfall|p2a: Dr Epicsauce\n|-supereffective|p2a: Dr Epicsauce|1\n|-enditem|p2a: Dr Epicsauce|Focus Sash\n|-damage|p2a: Dr Epicsauce|1/100\n|\n|-weather|none\n|upkeep\n|turn|6\n|\n|t:|1776134750\n|move|p1b: Gyarados|Protect|p1b: Gyarados\n|-singleturn|p1b: Gyarados|Protect\n|move|p1a: Arcanine|Protect|p1a: Arcanine\n|-singleturn|p1a: Arcanine|Protect\n|move|p2a: Dr Epicsauce|Rock Slide|p1a: Arcanine|[spread] \n|-activate|p1a: Arcanine|move: Protect\n|-activate|p1b: Gyarados|move: Protect\n|move|p2b: Freaking Epic|Draining Kiss|p1b: Gyarados\n|-activate|p1b: Gyarados|move: Protect\n|\n|upkeep\n|turn|7\n|\n|t:|1776134769\n|switch|p1b: Ninetales|Ninetales-Alola, L50, F|100/100\n|-weather|Snowscape|[from] ability: Snow Warning|[of] p1b: Ninetales\n|move|p1a: Arcanine|Extreme Speed|p2a: Dr Epicsauce\n|-resisted|p2a: Dr Epicsauce|1\n|-damage|p2a: Dr Epicsauce|0 fnt\n|faint|p2a: Dr Epicsauce\n|move|p2b: Freaking Epic|Draining Kiss|p1b: Ninetales\n|-damage|p1b: Ninetales|50/100\n|\n|-weather|Snowscape|[upkeep]\n|upkeep\n|turn|8\n|\n|t:|1776134784\n|move|p2b: Freaking Epic|Calm Mind|p2b: Freaking Epic\n|-boost|p2b: Freaking Epic|spa|1\n|-boost|p2b: Freaking Epic|spd|1\n|move|p1b: Ninetales|Freeze-Dry|p2b: Freaking Epic\n|-damage|p2b: Freaking Epic|83/100\n|move|p1a: Arcanine|Flare Blitz|p2b: Freaking Epic\n|-damage|p2b: Freaking Epic|5/100\n|-damage|p1a: Arcanine|78/100|[from] Recoil\n|\n|-weather|Snowscape|[upkeep]\n|-sideend|p2: cutecharmexploit|move: Tailwind\n|upkeep\n|turn|9\n|\n|t:|1776134805\n|move|p1a: Arcanine|Extreme Speed|p2b: Freaking Epic\n|-damage|p2b: Freaking Epic|0 fnt\n|faint|p2b: Freaking Epic\n|\n|win|noah100800\n|raw|noah100800's rating: 1129 &rarr; <strong>1160</strong><br />(+31 for winning)\n|raw|cutecharmexploit's rating: 1220 &rarr; <strong>1189</strong><br />(-31 for losing)\n|l|\u2606cutecharmexploit\n|player|p2|\n",
  "uploadtime": 1776134811,
  "views": 20,
  "formatid": "gen9championsvgc2026regma",
  "rating": 1160,
  "private": 0,
  "password": null
}