{
  "id": "gen9championsvgc2026regma-2585413279",
  "format": "[Gen 9 Champions] VGC 2026 Reg M-A",
  "players": [
    "Duckity_Duck_06",
    "the boy savior"
  ],
  "log": "|j|\u2606Duckity_Duck_06\n|j|\u2606the boy savior\n|t:|1776345534\n|gametype|doubles\n|player|p1|Duckity_Duck_06|pokemaniac|1475\n|player|p2|the boy savior|2|1498\n|gen|9\n|tier|[Gen 9 Champions] VGC 2026 Reg M-A\n|rated|\n|rule|Species Clause: Limit one of each Pok\u00e9mon\n|rule|Item Clause: Limit 1 of each item\n|clearpoke\n|poke|p1|Pelipper, L50, F|\n|poke|p1|Basculegion, L50, M|\n|poke|p1|Archaludon, L50, M|\n|poke|p1|Dragonite, L50, M|\n|poke|p1|Incineroar, L50, F|\n|poke|p1|Sneasler, L50, F|\n|poke|p2|Aggron, L50, F|\n|poke|p2|Sinistcha-Masterpiece, L50|\n|poke|p2|Pelipper, L50, M|\n|poke|p2|Incineroar, L50, F|\n|poke|p2|Basculegion, L50, M|\n|poke|p2|Sneasler, L50, M|\n|teampreview|4\n|inactive|Battle timer is ON: inactive players will automatically lose when time's up. (requested by Duckity_Duck_06)\nDuckity_Duck_06 has agreed to open team sheets.\n|j| Jackie67890\n|inactive|Duckity_Duck_06 has 60 seconds left.\n|inactive|the boy savior has 60 seconds left.\n|\n|t:|1776345584\n|teamsize|p1|4\n|teamsize|p2|4\n|start\n|switch|p1a: Sneasler|Sneasler, L50, F|100/100\n|switch|p1b: Archaludon|Archaludon, L50, M|100/100\n|switch|p2a: Sneasler|Sneasler, L50, M|100/100\n|switch|p2b: Incineroar|Incineroar, L50, F|100/100\n|-ability|p2b: Incineroar|Intimidate|boost\n|-unboost|p1a: Sneasler|atk|1\n|-unboost|p1b: Archaludon|atk|1\n|-enditem|p1a: Sneasler|White Herb\n|-clearnegativeboost|p1a: Sneasler|[silent]\n|turn|1\n|j| GoodraSweetheart76\n|j| yeaicheated\n|inactive|Duckity_Duck_06 has 30 seconds left.\n|inactive|the boy savior has 30 seconds left.\n|inactive|Duckity_Duck_06 has 20 seconds left.\n|inactive|Duckity_Duck_06 has 15 seconds left.\n|\n|t:|1776345628\n|move|p2a: Sneasler|Protect|p2a: Sneasler\n|-singleturn|p2a: Sneasler|Protect\n|move|p1a: Sneasler|Upper Hand||[still]\n|-fail|p1a: Sneasler\n|move|p1b: Archaludon|Aura Sphere|p2b: Incineroar\n|-supereffective|p2b: Incineroar|1\n|-enditem|p2b: Incineroar|Chople Berry|[eat]\n|-enditem|p2b: Incineroar|Chople Berry|[weaken]\n|-damage|p2b: Incineroar|75/100\n|move|p2b: Incineroar|Parting Shot|p1a: Sneasler\n|-unboost|p1a: Sneasler|atk|1\n|-unboost|p1a: Sneasler|spa|1\n|\n|t:|1776345640\n|switch|p2b: Sinistcha|Sinistcha-Masterpiece, L50|100/100|[from] Parting Shot\n|\n|upkeep\n|turn|2\n|\n|t:|1776345650\n|switch|p1b: Pelipper|Pelipper, L50, F|100/100\n|-weather|RainDance|[from] ability: Drizzle|[of] p1b: Pelipper\n|move|p2b: Sinistcha|Rage Powder|p2b: Sinistcha\n|-singleturn|p2b: Sinistcha|move: Rage Powder\n|move|p1a: Sneasler|Dire Claw|p2b: Sinistcha\n|-damage|p2b: Sinistcha|75/100\n|move|p2a: Sneasler|Close Combat|p1b: Pelipper\n|-resisted|p1b: Pelipper|1\n|-damage|p1b: Pelipper|55/100\n|-unboost|p2a: Sneasler|def|1\n|-unboost|p2a: Sneasler|spd|1\n|-enditem|p2a: Sneasler|White Herb\n|-clearnegativeboost|p2a: Sneasler|[silent]\n|\n|-weather|RainDance|[upkeep]\n|upkeep\n|turn|3\n|\n|t:|1776345675\n|move|p1a: Sneasler|Dire Claw|p2b: Sinistcha\n|-damage|p2b: Sinistcha|48/100\n|-enditem|p2b: Sinistcha|Sitrus Berry|[eat]\n|-heal|p2b: Sinistcha|73/100|[from] item: Sitrus Berry\n|move|p2a: Sneasler|Dire Claw|p1b: Pelipper\n|-damage|p1b: Pelipper|0 fnt\n|faint|p1b: Pelipper\n|move|p2b: Sinistcha|Trick Room|p2b: Sinistcha\n|-fieldstart|move: Trick Room|[of] p2b: Sinistcha\n|\n|-weather|RainDance|[upkeep]\n|upkeep\n|\n|t:|1776345688\n|switch|p1b: Dragonite|Dragonite, L50, M|100/100\n|turn|4\n|inactive|the boy savior has 30 seconds left.\n|\n|t:|1776345718\n|switch|p2a: Aggron|Aggron, L50, F|100/100\n|switch|p1a: Archaludon|Archaludon, L50, M|100/100\n|detailschange|p1b: Dragonite|Dragonite-Mega, L50, M\n|-mega|p1b: Dragonite|Dragonite|Dragoninite\n|move|p2b: Sinistcha|Matcha Gotcha|p1b: Dragonite|[spread] p1a,p1b\n|-resisted|p1a: Archaludon|2\n|-resisted|p1b: Dragonite|2\n|-damage|p1a: Archaludon|93/100\n|-heal|p2b: Sinistcha|77/100|[from] drain|[of] p1a: Archaludon\n|-damage|p1b: Dragonite|98/100\n|-heal|p2b: Sinistcha|79/100|[from] drain|[of] p1b: Dragonite\n|move|p1b: Dragonite|Hurricane|p2a: Aggron\n|-resisted|p2a: Aggron|2\n|-damage|p2a: Aggron|81/100\n|-start|p2a: Aggron|confusion\n|\n|-weather|RainDance|[upkeep]\n|upkeep\n|turn|5\n|inactive|Duckity_Duck_06 has 30 seconds left.\n|inactive|the boy savior has 30 seconds left.\n|\n|t:|1776345747\n|detailschange|p2a: Aggron|Aggron-Mega, L50, F\n|-mega|p2a: Aggron|Aggron|Aggronite\n|move|p2b: Sinistcha|Rage Powder|p2b: Sinistcha\n|-singleturn|p2b: Sinistcha|move: Rage Powder\n|-activate|p2a: Aggron|confusion\n|-damage|p2a: Aggron|75/100|[from] confusion\n|move|p1b: Dragonite|Hurricane|p2b: Sinistcha\n|-supereffective|p2b: Sinistcha|1\n|-damage|p2b: Sinistcha|0 fnt\n|faint|p2b: Sinistcha\n|move|p1a: Archaludon|Aura Sphere|p2a: Aggron\n|-supereffective|p2a: Aggron|1\n|-damage|p2a: Aggron|34/100\n|\n|-weather|RainDance|[upkeep]\n|upkeep\n|\n|t:|1776345755\n|switch|p2b: Incineroar|Incineroar, L50, F|75/100\n|-ability|p2b: Incineroar|Intimidate|boost\n|-unboost|p1a: Archaludon|atk|1\n|-unboost|p1b: Dragonite|atk|1\n|turn|6\n|\n|t:|1776345772\n|move|p2b: Incineroar|Fake Out|p1a: Archaludon\n|-resisted|p1a: Archaludon|1\n|-damage|p1a: Archaludon|87/100\n|-activate|p2a: Aggron|confusion\n|move|p2a: Aggron|Rock Slide|p1a: Archaludon|[spread] p1a,p1b\n|-resisted|p1a: Archaludon|1\n|-supereffective|p1b: Dragonite|1\n|-damage|p1a: Archaludon|79/100\n|-damage|p1b: Dragonite|63/100\n|move|p1b: Dragonite|Thunderbolt|p2b: Incineroar\n|-damage|p2b: Incineroar|41/100\n|cant|p1a: Archaludon|flinch\n|\n|-weather|none\n|upkeep\n|turn|7\n|inactive|the boy savior has 30 seconds left.\n|\n|t:|1776345797\n|-end|p2a: Aggron|confusion\n|move|p2a: Aggron|Body Press|p1a: Archaludon\n|-supereffective|p1a: Archaludon|1\n|-damage|p1a: Archaludon|11/100\n|move|p2b: Incineroar|Low Kick|p1a: Archaludon\n|-supereffective|p1a: Archaludon|1\n|-damage|p1a: Archaludon|0 fnt\n|faint|p1a: Archaludon\n|move|p1b: Dragonite|Thunderbolt|p2a: Aggron\n|-damage|p2a: Aggron|2/100\n|\n|-fieldend|move: Trick Room\n|upkeep\n|\n|t:|1776345800\n|switch|p1a: Sneasler|Sneasler, L50, F|100/100\n|turn|8\n|\n|t:|1776345809\n|move|p1a: Sneasler|Fake Out|p2a: Aggron\n|-resisted|p2a: Aggron|1\n|-damage|p2a: Aggron|0 fnt\n|faint|p2a: Aggron\n|move|p1b: Dragonite|Thunderbolt|p2b: Incineroar\n|-damage|p2b: Incineroar|8/100\n|move|p2b: Incineroar|Parting Shot|p1a: Sneasler\n|-unboost|p1a: Sneasler|atk|1\n|-unboost|p1a: Sneasler|spa|1\n|\n|t:|1776345811\n|switch|p2b: Sneasler|Sneasler, L50, M|100/100|[from] Parting Shot\n|\n|upkeep\n|\n|t:|1776345813\n|switch|p2a: Incineroar|Incineroar, L50, F|8/100\n|-ability|p2a: Incineroar|Intimidate|boost\n|-unboost|p1a: Sneasler|atk|1\n|-unboost|p1b: Dragonite|atk|1\n|turn|9\n|\n|t:|1776345833\n|move|p2b: Sneasler|Fake Out|p1a: Sneasler\n|-damage|p1a: Sneasler|75/100\n|move|p2a: Incineroar|Fake Out|p1b: Dragonite\n|-damage|p1b: Dragonite|50/100\n|cant|p1a: Sneasler|flinch\n|cant|p1b: Dragonite|flinch\n|\n|upkeep\n|turn|10\n|\n|t:|1776345850\n|move|p1a: Sneasler|Close Combat|p2a: Incineroar\n|-supereffective|p2a: Incineroar|1\n|-damage|p2a: Incineroar|0 fnt\n|-unboost|p1a: Sneasler|def|1\n|-unboost|p1a: Sneasler|spd|1\n|faint|p2a: Incineroar\n|move|p2b: Sneasler|Dire Claw|p1b: Dragonite\n|-damage|p1b: Dragonite|8/100\n|move|p1b: Dragonite|Draco Meteor|p2b: Sneasler\n|-damage|p2b: Sneasler|0 fnt\n|-unboost|p1b: Dragonite|spa|2\n|faint|p2b: Sneasler\n|\n|win|Duckity_Duck_06\n|raw|Duckity_Duck_06's rating: 1475 &rarr; <strong>1496</strong><br />(+21 for winning)\n|raw|the boy savior's rating: 1498 &rarr; <strong>1477</strong><br />(-21 for losing)\n|l|\u2606the boy savior\n|player|p2|\n|l|\u2606Duckity_Duck_06\n|player|p1|\n",
  "uploadtime": 1776345865,
  "views": 43,
  "formatid": "gen9championsvgc2026regma",
  "rating": 1477,
  "private": 0,
  "password": null
}