{
  "id": "gen9championsvgc2026regma-2585235904",
  "format": "[Gen 9 Champions] VGC 2026 Reg M-A",
  "players": [
    "masto10",
    "arisluca"
  ],
  "log": "|j|\u2606masto10\n|j|\u2606arisluca\n|t:|1776328347\n|gametype|doubles\n|player|p1|masto10|170|1049\n|player|p2|arisluca|colress|1000\n|gen|9\n|tier|[Gen 9 Champions] VGC 2026 Reg M-A\n|rated|\n|rule|Species Clause: Limit one of each Pok\u00e9mon\n|rule|Item Clause: Limit 1 of each item\n|clearpoke\n|poke|p1|Arcanine, L50, F|\n|poke|p1|Rotom-Wash, L50|\n|poke|p1|Garchomp, L50, M|\n|poke|p1|Venusaur, L50, F|\n|poke|p1|Corviknight, L50, M|\n|poke|p1|Sneasler, L50, M|\n|poke|p2|Pelipper, L50, M|\n|poke|p2|Basculegion, L50, M|\n|poke|p2|Garchomp, L50, M|\n|poke|p2|Incineroar, L50, F|\n|poke|p2|Scizor, L50, M|\n|poke|p2|Sinistcha, L50|\n|teampreview|4\narisluca has agreed to open team sheets.\n|inactive|Battle timer is ON: inactive players will automatically lose when time's up. (requested by arisluca)\n|\n|t:|1776328396\n|teamsize|p1|4\n|teamsize|p2|4\n|start\n|switch|p1a: Corviknight|Corviknight, L50, M|100/100\n|switch|p1b: Rotom|Rotom-Wash, L50|100/100\n|switch|p2a: Incineroar|Incineroar, L50, F|100/100\n|switch|p2b: Garchomp|Garchomp, L50, M|100/100\n|-ability|p2a: Incineroar|Intimidate|boost\n|-ability|p1a: Corviknight|Mirror Armor\n|-unboost|p2a: Incineroar|atk|1\n|-unboost|p1b: Rotom|atk|1\n|turn|1\n|inactive|masto10 has 30 seconds left.\n|inactive|arisluca has 30 seconds left.\n|inactive|arisluca has 20 seconds left.\n|inactive|arisluca has 15 seconds left.\n|inactive|masto10 has 20 seconds left.\n|inactive|arisluca has 10 seconds left.\n|\n|t:|1776328443\n|move|p2a: Incineroar|Fake Out|p1b: Rotom\n|-damage|p1b: Rotom|89/100\n|move|p2b: Garchomp|Rock Slide|p1b: Rotom|[spread] p1a,p1b\n|-damage|p1a: Corviknight|82/100\n|-damage|p1b: Rotom|63/100\n|cant|p1b: Rotom|flinch\n|move|p1a: Corviknight|Tailwind|p1a: Corviknight\n|-sidestart|p1: masto10|move: Tailwind\n|\n|-heal|p1a: Corviknight|88/100|[from] item: Leftovers\n|upkeep\n|turn|2\n|\n|t:|1776328468\n|move|p1b: Rotom|Volt Switch|p2a: Incineroar\n|-damage|p2a: Incineroar|72/100\n|\n|t:|1776328472\n|switch|p1b: Arcanine|Arcanine, L50, F|100/100|[from] Volt Switch\n|-ability|p1b: Arcanine|Intimidate|boost\n|-unboost|p2a: Incineroar|atk|1\n|-unboost|p2b: Garchomp|atk|1\n|move|p2b: Garchomp|Rock Slide|p1b: Arcanine|[spread] p1a,p1b\n|-supereffective|p1b: Arcanine|1\n|-damage|p1a: Corviknight|77/100\n|-damage|p1b: Arcanine|69/100\n|move|p1a: Corviknight|Brave Bird|p2a: Incineroar\n|-crit|p2a: Incineroar\n|-damage|p2a: Incineroar|14/100\n|-damage|p1a: Corviknight|58/100|[from] Recoil\n|move|p2a: Incineroar|Flare Blitz|p1a: Corviknight\n|-supereffective|p1a: Corviknight|1\n|-damage|p1a: Corviknight|16/100\n|-damage|p2a: Incineroar|0 fnt|[from] Recoil\n|faint|p2a: Incineroar\n|\n|-heal|p1a: Corviknight|22/100|[from] item: Leftovers\n|upkeep\n|\n|t:|1776328490\n|switch|p2a: Scizor|Scizor, L50, M|100/100\n|turn|3\n|\n|t:|1776328502\n|switch|p2b: Sinistcha|Sinistcha, L50|100/100\n|detailschange|p2a: Scizor|Scizor-Mega, L50, M\n|-mega|p2a: Scizor|Scizor|Scizorite\n|move|p2a: Scizor|Protect|p2a: Scizor\n|-singleturn|p2a: Scizor|Protect\n|move|p1b: Arcanine|Will-O-Wisp|p2a: Scizor\n|-activate|p2a: Scizor|move: Protect\n|move|p1a: Corviknight|Brave Bird|p2b: Sinistcha\n|-supereffective|p2b: Sinistcha|1\n|-damage|p2b: Sinistcha|33/100\n|-enditem|p2b: Sinistcha|Sitrus Berry|[eat]\n|-heal|p2b: Sinistcha|58/100|[from] item: Sitrus Berry\n|-damage|p1a: Corviknight|2/100|[from] Recoil\n|\n|-heal|p1a: Corviknight|8/100|[from] item: Leftovers\n|upkeep\n|turn|4\n|\n|t:|1776328524\n|move|p2b: Sinistcha|Rage Powder|p2b: Sinistcha\n|-singleturn|p2b: Sinistcha|move: Rage Powder\n|move|p1b: Arcanine|Flare Blitz|p2b: Sinistcha\n|-supereffective|p2b: Sinistcha|1\n|-damage|p2b: Sinistcha|0 fnt\n|faint|p2b: Sinistcha\n|-damage|p1b: Arcanine|52/100|[from] Recoil\n|move|p1a: Corviknight|Brave Bird|p2a: Scizor\n|-damage|p2a: Scizor|70/100\n|-damage|p1a: Corviknight|0 fnt|[from] Recoil\n|faint|p1a: Corviknight\n|move|p2a: Scizor|Swords Dance|p2a: Scizor\n|-boost|p2a: Scizor|atk|2\n|\n|-sideend|p1: masto10|move: Tailwind\n|upkeep\n|\n|t:|1776328538\n|switch|p1a: Venusaur|Venusaur, L50, F|100/100\n|switch|p2b: Garchomp|Garchomp, L50, M|100/100\n|turn|5\n|\n|t:|1776328555\n|detailschange|p1a: Venusaur|Venusaur-Mega, L50, F\n|-mega|p1a: Venusaur|Venusaur|Venusaurite\n|move|p2b: Garchomp|Stomping Tantrum|p1b: Arcanine\n|-supereffective|p1b: Arcanine|1\n|-damage|p1b: Arcanine|0 fnt\n|faint|p1b: Arcanine\n|move|p1a: Venusaur|Leech Seed|p2a: Scizor\n|-start|p2a: Scizor|move: Leech Seed\n|move|p2a: Scizor|Bug Bite|p1a: Venusaur\n|-damage|p1a: Venusaur|21/100\n|\n|-damage|p2a: Scizor|58/100|[from] Leech Seed|[of] p1a: Venusaur\n|-heal|p1a: Venusaur|33/100|[silent]\n|upkeep\n|\n|t:|1776328566\n|switch|p1b: Rotom|Rotom-Wash, L50|63/100\n|turn|6\n|\n|t:|1776328577\n|move|p1a: Venusaur|Protect|p1a: Venusaur\n|-singleturn|p1a: Venusaur|Protect\n|move|p2b: Garchomp|Stomping Tantrum|p1a: Venusaur\n|-activate|p1a: Venusaur|move: Protect\n|move|p1b: Rotom|Discharge|p2a: Scizor|[spread] p2a\n|-activate|p1a: Venusaur|move: Protect\n|-immune|p2b: Garchomp\n|-damage|p2a: Scizor|32/100\n|move|p2a: Scizor|Bug Bite|p1b: Rotom\n|-damage|p1b: Rotom|0 fnt\n|faint|p1b: Rotom\n|\n|-damage|p2a: Scizor|20/100|[from] Leech Seed|[of] p1a: Venusaur\n|-heal|p1a: Venusaur|45/100|[silent]\n|upkeep\n|turn|7\n|\n|t:|1776328596\n|move|p2b: Garchomp|Stomping Tantrum|p1a: Venusaur\n|-damage|p1a: Venusaur|10/100\n|move|p1a: Venusaur|Giga Drain|p2b: Garchomp\n|-damage|p2b: Garchomp|59/100\n|-heal|p1a: Venusaur|30/100|[from] drain|[of] p2b: Garchomp\n|move|p2a: Scizor|Bug Bite|p1a: Venusaur\n|-damage|p1a: Venusaur|0 fnt\n|faint|p1a: Venusaur\n|\n|win|arisluca\n|raw|masto10's rating: 1049 &rarr; <strong>1029</strong><br />(-20 for losing)\n|raw|arisluca's rating: 1000 &rarr; <strong>1046</strong><br />(+46 for winning)\n|l|\u2606masto10\n|player|p1|\n",
  "uploadtime": 1776328634,
  "views": 17,
  "formatid": "gen9championsvgc2026regma",
  "rating": 1029,
  "private": 0,
  "password": null
}