{
  "id": "gen9championsvgc2026regma-2585137265",
  "format": "[Gen 9 Champions] VGC 2026 Reg M-A",
  "players": [
    "joshferd",
    "Politurd"
  ],
  "log": "|j|\u2606joshferd\n|j|\u2606Politurd\n|t:|1776316256\n|gametype|doubles\n|player|p1|joshferd|265|1159\n|player|p2|Politurd|cyrus|1156\n|gen|9\n|tier|[Gen 9 Champions] VGC 2026 Reg M-A\n|rated|\n|rule|Species Clause: Limit one of each Pok\u00e9mon\n|rule|Item Clause: Limit 1 of each item\n|clearpoke\n|poke|p1|Ditto, L50|\n|poke|p1|Aegislash, L50, M|\n|poke|p1|Lopunny, L50, F|\n|poke|p1|Ninetales-Alola, L50, F|\n|poke|p1|Rotom-Wash, L50|\n|poke|p1|Hydreigon, L50, M|\n|poke|p2|Glimmora, L50, M|\n|poke|p2|Corviknight, L50, F|\n|poke|p2|Tyranitar, L50, F|\n|poke|p2|Ceruledge, L50, F|\n|poke|p2|Rotom-Wash, L50|\n|poke|p2|Gardevoir, L50, M|\n|teampreview|4\n|inactive|Battle timer is ON: inactive players will automatically lose when time's up. (requested by Politurd)\n|inactive|joshferd has 60 seconds left.\nPoliturd rejected open team sheets.\n|\n|t:|1776316335\n|teamsize|p1|4\n|teamsize|p2|4\n|start\n|switch|p1a: Aegislash|Aegislash, L50, M|100/100\n|switch|p1b: Lopunny|Lopunny, L50, F, shiny|100/100\n|switch|p2a: Glimmora|Glimmora, L50, M|100/100\n|switch|p2b: Gardevoir|Gardevoir, L50, M|100/100\n|turn|1\n|inactive|Politurd has 30 seconds left.\n|\n|t:|1776316361\n|detailschange|p1b: Lopunny|Lopunny-Mega, L50, F, shiny\n|-mega|p1b: Lopunny|Lopunny|Lopunnite\n|detailschange|p2a: Glimmora|Glimmora-Mega, L50, M\n|-mega|p2a: Glimmora|Glimmora|Glimmoranite\n|move|p2a: Glimmora|Spiky Shield|p2a: Glimmora\n|-singleturn|p2a: Glimmora|move: Protect\n|move|p2b: Gardevoir|Protect|p2b: Gardevoir\n|-singleturn|p2b: Gardevoir|Protect\n|move|p1b: Lopunny|Fake Out|p2b: Gardevoir\n|-activate|p2b: Gardevoir|move: Protect\n|-formechange|p1a: Aegislash|Aegislash-Blade|\n|move|p1a: Aegislash|Flash Cannon|p2a: Glimmora\n|-activate|p2a: Glimmora|move: Protect\n|\n|upkeep\n|turn|2\n|inactive|joshferd has 30 seconds left.\n|inactive|Politurd has 30 seconds left.\n|inactive|Politurd has 20 seconds left.\n|inactive|Politurd has 15 seconds left.\n|inactive|Politurd has 10 seconds left.\n|inactive|Politurd has 5 seconds left.\n|\n|t:|1776316417\n|move|p1a: Aegislash|Wide Guard|p1a: Aegislash\n|-singleturn|p1a: Aegislash|Wide Guard\n|move|p1b: Lopunny|Encore|p2b: Gardevoir\n|-start|p2b: Gardevoir|Encore\n|move|p2b: Gardevoir|Protect||[still]\n|-fail|p2b: Gardevoir\n|move|p2a: Glimmora|Power Gem|p1a: Aegislash\n|-resisted|p1a: Aegislash|1\n|-damage|p1a: Aegislash|43/100\n|\n|upkeep\n|turn|3\n|\n|t:|1776316438\n|switch|p1b: Ditto|Ditto, L50|100/100\n|-transform|p1b: Ditto|p2a: Glimmora|[from] ability: Imposter\n|switch|p2b: Corviknight|Corviknight, L50, F|100/100\n|-formechange|p1a: Aegislash|Aegislash|\n|move|p1a: Aegislash|King's Shield||[still]\n|-fail|p1a: Aegislash\n|move|p2a: Glimmora|Sludge Wave|p1a: Aegislash|[spread] p1b\n|-immune|p2b: Corviknight\n|-immune|p1a: Aegislash\n|-resisted|p1b: Ditto|2\n|-damage|p1b: Ditto|86/100\n|\n|upkeep\n|turn|4\n|inactive|joshferd has 30 seconds left.\n|\n|t:|1776316472\n|switch|p2a: Tyranitar|Tyranitar, L50, F|100/100\n|-weather|Sandstorm|[from] ability: Sand Stream|[of] p2a: Tyranitar\n|move|p1b: Ditto|Power Gem|p2b: Corviknight\n|-damage|p2b: Corviknight|33/100\n|move|p2b: Corviknight|Tailwind|p2b: Corviknight\n|-sidestart|p2: Politurd|move: Tailwind\n|-formechange|p1a: Aegislash|Aegislash-Blade|\n|move|p1a: Aegislash|Shadow Ball|p2b: Corviknight\n|-damage|p2b: Corviknight|0 fnt\n|faint|p2b: Corviknight\n|\n|-weather|Sandstorm|[upkeep]\n|upkeep\n|inactive|Politurd has 30 seconds left.\n|inactive|Politurd has 20 seconds left.\n|\n|t:|1776316507\n|switch|p2b: Glimmora|Glimmora-Mega, L50, M|100/100\n|turn|5\n|\n|t:|1776316525\n|move|p1b: Ditto|Spiky Shield|p1b: Ditto\n|-singleturn|p1b: Ditto|move: Protect\n|move|p2a: Tyranitar|Crunch|p1a: Aegislash\n|-supereffective|p1a: Aegislash|1\n|-damage|p1a: Aegislash|0 fnt\n|faint|p1a: Aegislash\n|move|p2b: Glimmora|Earth Power|p1b: Ditto\n|-activate|p1b: Ditto|move: Protect\n|\n|-weather|Sandstorm|[upkeep]\n|upkeep\n|\n|t:|1776316536\n|switch|p1a: Lopunny|Lopunny-Mega, L50, F, shiny|100/100\n|turn|6\n|\n|t:|1776316545\n|switch|p2a: Gardevoir|Gardevoir, L50, M|100/100\n|switch|p1b: Rotom|Rotom-Wash, L50|100/100\n|move|p1a: Lopunny|Fake Out|p2a: Gardevoir\n|-damage|p2a: Gardevoir|62/100\n|move|p2b: Glimmora|Earth Power|p1b: Rotom\n|-immune|p1b: Rotom|[from] ability: Levitate\n|\n|-weather|Sandstorm|[upkeep]\n|-damage|p2a: Gardevoir|56/100|[from] Sandstorm\n|-damage|p1a: Lopunny|95/100|[from] Sandstorm\n|-damage|p1b: Rotom|95/100|[from] Sandstorm\n|upkeep\n|turn|7\n|inactive|joshferd has 30 seconds left.\n|\n|t:|1776316574\n|move|p1a: Lopunny|Protect|p1a: Lopunny\n|-singleturn|p1a: Lopunny|Protect\n|move|p2b: Glimmora|Sludge Wave|p1a: Lopunny|[spread] p1b\n|-activate|p1a: Lopunny|move: Protect\n|-activate|p2a: Gardevoir|ability: Telepathy\n|-damage|p1b: Rotom|36/100\n|-enditem|p1b: Rotom|Sitrus Berry|[eat]\n|-heal|p1b: Rotom|61/100|[from] item: Sitrus Berry\n|move|p2a: Gardevoir|Dazzling Gleam|p1b: Rotom|[spread] p1b\n|-activate|p1a: Lopunny|move: Protect\n|-damage|p1b: Rotom|28/100\n|move|p1b: Rotom|Hydro Pump|p2b: Glimmora\n|-supereffective|p2b: Glimmora|1\n|-damage|p2b: Glimmora|25/100\n|\n|-weather|Sandstorm|[upkeep]\n|-damage|p2a: Gardevoir|51/100|[from] Sandstorm\n|-damage|p1a: Lopunny|89/100|[from] Sandstorm\n|-damage|p1b: Rotom|22/100|[from] Sandstorm\n|-sideend|p2: Politurd|move: Tailwind\n|upkeep\n|turn|8\n|inactive|joshferd has 30 seconds left.\n|inactive|Politurd has 30 seconds left.\n|inactive|joshferd has 20 seconds left.\n|\n|t:|1776316610\n|switch|p1a: Ditto|Ditto, L50|86/100\n|-transform|p1a: Ditto|p2b: Glimmora|[from] ability: Imposter\n|move|p2b: Glimmora|Spiky Shield|p2b: Glimmora\n|-singleturn|p2b: Glimmora|move: Protect\n|move|p2a: Gardevoir|Dazzling Gleam|p1b: Rotom|[spread] p1a,p1b\n|-resisted|p1a: Ditto|1\n|-damage|p1a: Ditto|74/100\n|-damage|p1b: Rotom|0 fnt\n|faint|p1b: Rotom\n|\n|-weather|none\n|upkeep\n|\n|t:|1776316623\n|switch|p1b: Lopunny|Lopunny-Mega, L50, F, shiny|89/100\n|turn|9\n|\n|t:|1776316642\n|switch|p2b: Tyranitar|Tyranitar, L50, F|100/100\n|-weather|Sandstorm|[from] ability: Sand Stream|[of] p2b: Tyranitar\n|move|p2a: Gardevoir|Protect|p2a: Gardevoir\n|-singleturn|p2a: Gardevoir|Protect\n|move|p1b: Lopunny|Close Combat|p2b: Tyranitar\n|-supereffective|p2b: Tyranitar|2\n|-crit|p2b: Tyranitar\n|-damage|p2b: Tyranitar|0 fnt\n|-unboost|p1b: Lopunny|def|1\n|-unboost|p1b: Lopunny|spd|1\n|faint|p2b: Tyranitar\n|move|p1a: Ditto|Power Gem|p2a: Gardevoir\n|-activate|p2a: Gardevoir|move: Protect\n|\n|-weather|Sandstorm|[upkeep]\n|-damage|p1b: Lopunny|84/100|[from] Sandstorm\n|-damage|p2a: Gardevoir|45/100|[from] Sandstorm\n|upkeep\n|\n|t:|1776316650\n|switch|p2b: Glimmora|Glimmora-Mega, L50, M|25/100\n|turn|10\n|\n|t:|1776316665\n|move|p1b: Lopunny|Close Combat|p2b: Glimmora\n|-damage|p2b: Glimmora|0 fnt\n|-unboost|p1b: Lopunny|def|1\n|-unboost|p1b: Lopunny|spd|1\n|faint|p2b: Glimmora\n|move|p1a: Ditto|Power Gem|p2a: Gardevoir\n|-damage|p2a: Gardevoir|0 fnt\n|faint|p2a: Gardevoir\n|\n|win|joshferd\n|raw|joshferd's rating: 1159 &rarr; <strong>1184</strong><br />(+25 for winning)\n|raw|Politurd's rating: 1156 &rarr; <strong>1131</strong><br />(-25 for losing)\n|l|\u2606Politurd\n|player|p2|\n",
  "uploadtime": 1776316715,
  "views": 30,
  "formatid": "gen9championsvgc2026regma",
  "rating": 1131,
  "private": 0,
  "password": null
}