{
  "id": "gen9championsvgc2026regma-2586881093",
  "format": "[Gen 9 Champions] VGC 2026 Reg M-A",
  "players": [
    "Blaidan",
    "mkugmrs_guest"
  ],
  "log": "|j|\u2606Blaidan\n|j|\u2606mkugmrs_guest\n|t:|1776468075\n|gametype|doubles\n|player|p1|Blaidan|shadowtriad|1189\n|player|p2|mkugmrs_guest|102|1098\n|gen|9\n|tier|[Gen 9 Champions] VGC 2026 Reg M-A\n|rated|\n|rule|Species Clause: Limit one of each Pok\u00e9mon\n|rule|Item Clause: Limit 1 of each item\n|clearpoke\n|poke|p1|Aggron, L50, M|\n|poke|p1|Sinistcha, L50|\n|poke|p1|Farigiraf, L50, F|\n|poke|p1|Clefable, L50, F|\n|poke|p1|Tyranitar, L50, M|\n|poke|p1|Garchomp, L50, F|\n|poke|p2|Floette-Eternal, L50, F|\n|poke|p2|Torkoal, L50, F|\n|poke|p2|Farigiraf, L50, F|\n|poke|p2|Aerodactyl, L50, M|\n|poke|p2|Chimecho, L50, F|\n|poke|p2|Gallade, L50, M|\n|teampreview|4\n|\n|t:|1776468126\n|teamsize|p1|4\n|teamsize|p2|4\n|start\n|switch|p1a: Garchomp|Garchomp, L50, F|100/100\n|switch|p1b: Clefable|Clefable, L50, F|100/100\n|switch|p2a: Aerodactyl|Aerodactyl, L50, M|100/100\n|switch|p2b: Torkoal|Torkoal, L50, F|100/100\n|-ability|p2a: Aerodactyl|Unnerve\n|-weather|SunnyDay|[from] ability: Drought|[of] p2b: Torkoal\n|turn|1\n|\n|t:|1776468146\n|move|p2a: Aerodactyl|Tailwind|p2a: Aerodactyl\n|-sidestart|p2: mkugmrs_guest|move: Tailwind\n|move|p1a: Garchomp|Dragon Claw|p2b: Torkoal\n|-damage|p2b: Torkoal|70/100\n|move|p1b: Clefable|Cosmic Power|p1b: Clefable\n|-boost|p1b: Clefable|def|1\n|-boost|p1b: Clefable|spd|1\n|move|p2b: Torkoal|Yawn|p1a: Garchomp\n|-start|p1a: Garchomp|move: Yawn|[of] p2b: Torkoal\n|\n|-weather|SunnyDay|[upkeep]\n|-heal|p2b: Torkoal|76/100|[from] item: Leftovers\n|upkeep\n|turn|2\n|\n|t:|1776468164\n|switch|p1a: Farigiraf|Farigiraf, L50, F|100/100\n|move|p2a: Aerodactyl|Rock Slide|p1a: Farigiraf|[spread] p1a,p1b\n|-damage|p1a: Farigiraf|69/100\n|-damage|p1b: Clefable|86/100\n|cant|p1b: Clefable|flinch\n|move|p2b: Torkoal|Yawn|p1b: Clefable\n|-start|p1b: Clefable|move: Yawn|[of] p2b: Torkoal\n|\n|-weather|SunnyDay|[upkeep]\n|-heal|p1b: Clefable|92/100|[from] item: Leftovers\n|-heal|p2b: Torkoal|82/100|[from] item: Leftovers\n|upkeep\n|turn|3\n|\n|t:|1776468181\n|switch|p2a: Chimecho|Chimecho, L50, F|100/100\n|move|p1b: Clefable|Baton Pass|p1b: Clefable\n|\n|t:|1776468186\n|switch|p1b: Garchomp|Garchomp, L50, F|100/100|[from] Baton Pass\n|move|p2b: Torkoal|Heat Wave|p1b: Garchomp|[spread] p1a,p1b\n|-crit|p1a: Farigiraf\n|-resisted|p1b: Garchomp|1\n|-damage|p1a: Farigiraf|26/100\n|-damage|p1b: Garchomp|88/100\n|move|p1a: Farigiraf|Psychic|p2b: Torkoal\n|-damage|p2b: Torkoal|38/100\n|\n|-weather|SunnyDay|[upkeep]\n|-heal|p2b: Torkoal|44/100|[from] item: Leftovers\n|upkeep\n|turn|4\n|\n|t:|1776468210\n|detailschange|p2a: Chimecho|Chimecho-Mega, L50, F\n|-mega|p2a: Chimecho|Chimecho|Chimechite\n|move|p2a: Chimecho|Calm Mind|p2a: Chimecho\n|-boost|p2a: Chimecho|spa|1\n|-boost|p2a: Chimecho|spd|1\n|move|p1b: Garchomp|Dragon Claw|p2b: Torkoal\n|-crit|p2b: Torkoal\n|-damage|p2b: Torkoal|0 fnt\n|faint|p2b: Torkoal\n|move|p1a: Farigiraf|Trick Room|p1a: Farigiraf\n|-fieldstart|move: Trick Room|[of] p1a: Farigiraf\n|\n|-weather|SunnyDay|[upkeep]\n|-sideend|p2: mkugmrs_guest|move: Tailwind\n|upkeep\n|\n|t:|1776468224\n|switch|p2b: Gallade|Gallade, L50, M|100/100\n|turn|5\n|\n|t:|1776468234\n|move|p1a: Farigiraf|Psychic|p2b: Gallade\n|-damage|p2b: Gallade|61/100\n|move|p2a: Chimecho|Psychic|p1b: Garchomp\n|-damage|p1b: Garchomp|38/100\n|move|p2b: Gallade|Night Slash|p1a: Farigiraf\n|-supereffective|p1a: Farigiraf|1\n|-damage|p1a: Farigiraf|0 fnt\n|faint|p1a: Farigiraf\n|move|p1b: Garchomp|Dragon Claw|p2b: Gallade\n|-damage|p2b: Gallade|0 fnt\n|faint|p2b: Gallade\n|\n|-weather|none\n|upkeep\n|\n|t:|1776468249\n|switch|p1a: Clefable|Clefable, L50, F|92/100\n|switch|p2b: Aerodactyl|Aerodactyl, L50, M|100/100\n|-ability|p2b: Aerodactyl|Unnerve\n|turn|6\n|\n|t:|1776468265\n|move|p1a: Clefable|Cosmic Power|p1a: Clefable\n|-boost|p1a: Clefable|def|1\n|-boost|p1a: Clefable|spd|1\n|move|p2a: Chimecho|Calm Mind|p2a: Chimecho\n|-boost|p2a: Chimecho|spa|1\n|-boost|p2a: Chimecho|spd|1\n|move|p1b: Garchomp|Iron Head|p2b: Aerodactyl\n|-supereffective|p2b: Aerodactyl|1\n|-damage|p2b: Aerodactyl|11/100\n|move|p2b: Aerodactyl|Dual Wingbeat|p1b: Garchomp\n|-damage|p1b: Garchomp|26/100\n|-damage|p1b: Garchomp|13/100\n|-hitcount|p1b: Garchomp|2\n|\n|-heal|p1a: Clefable|98/100|[from] item: Leftovers\n|upkeep\n|turn|7\n|\n|t:|1776468285\n|move|p2b: Aerodactyl|Protect|p2b: Aerodactyl\n|-singleturn|p2b: Aerodactyl|Protect\n|move|p1a: Clefable|Cosmic Power|p1a: Clefable\n|-boost|p1a: Clefable|def|1\n|-boost|p1a: Clefable|spd|1\n|move|p2a: Chimecho|Psychic|p1b: Garchomp\n|-damage|p1b: Garchomp|0 fnt\n|faint|p1b: Garchomp\n|\n|-heal|p1a: Clefable|100/100|[from] item: Leftovers\n|upkeep\n|\n|t:|1776468297\n|switch|p1b: Aggron|Aggron, L50, M|100/100\n|turn|8\n|\n|t:|1776468309\n|detailschange|p1b: Aggron|Aggron-Mega, L50, M\n|-mega|p1b: Aggron|Aggron|Aggronite\n|move|p1a: Clefable|Follow Me|p1a: Clefable\n|-singleturn|p1a: Clefable|move: Follow Me\n|move|p1b: Aggron|Iron Defense|p1b: Aggron\n|-boost|p1b: Aggron|def|2\n|move|p2a: Chimecho|Flash Cannon|p1a: Clefable\n|-supereffective|p1a: Clefable|1\n|-damage|p1a: Clefable|65/100\n|move|p2b: Aerodactyl|Tailwind|p2b: Aerodactyl\n|-sidestart|p2: mkugmrs_guest|move: Tailwind\n|\n|-heal|p1a: Clefable|71/100|[from] item: Leftovers\n|-fieldend|move: Trick Room\n|upkeep\n|turn|9\n|\n|t:|1776468356\n|move|p1a: Clefable|Follow Me|p1a: Clefable\n|-singleturn|p1a: Clefable|move: Follow Me\n|move|p2b: Aerodactyl|Rock Slide|p1b: Aggron|[spread] p1a,p1b\n|-resisted|p1b: Aggron|1\n|-damage|p1a: Clefable|59/100\n|-damage|p1b: Aggron|97/100\n|move|p2a: Chimecho|Psychic|p1a: Clefable\n|-damage|p1a: Clefable|37/100\n|move|p1b: Aggron|Iron Defense|p1b: Aggron\n|-boost|p1b: Aggron|def|2\n|\n|-heal|p1a: Clefable|43/100|[from] item: Leftovers\n|upkeep\n|turn|10\n|\n|t:|1776468373\n|move|p1a: Clefable|Follow Me|p1a: Clefable\n|-singleturn|p1a: Clefable|move: Follow Me\n|move|p2b: Aerodactyl|Rock Slide|p1a: Clefable|[spread] p1a,p1b\n|-resisted|p1b: Aggron|1\n|-damage|p1a: Clefable|33/100\n|-damage|p1b: Aggron|95/100\n|move|p2a: Chimecho|Flash Cannon|p1a: Clefable\n|-supereffective|p1a: Clefable|1\n|-damage|p1a: Clefable|0 fnt\n|faint|p1a: Clefable\n|cant|p1b: Aggron|flinch\n|\n|upkeep\n|turn|11\n|\n|t:|1776468387\n|move|p2b: Aerodactyl|Rock Slide|p1b: Aggron\n|-resisted|p1b: Aggron|1\n|-damage|p1b: Aggron|93/100\n|move|p2a: Chimecho|Psychic|p1b: Aggron\n|-resisted|p1b: Aggron|1\n|-damage|p1b: Aggron|51/100\n|cant|p1b: Aggron|flinch\n|\n|-sideend|p2: mkugmrs_guest|move: Tailwind\n|upkeep\n|turn|12\n|\n|t:|1776468399\n|move|p2b: Aerodactyl|Rock Slide|p1b: Aggron\n|-resisted|p1b: Aggron|1\n|-damage|p1b: Aggron|49/100\n|move|p2a: Chimecho|Psychic|p1b: Aggron\n|-resisted|p1b: Aggron|1\n|-damage|p1b: Aggron|10/100\n|move|p1b: Aggron|Body Press|p2a: Chimecho\n|-damage|p2a: Chimecho|10/100\n|\n|upkeep\n|turn|13\n|\n|t:|1776468412\n|move|p2b: Aerodactyl|Dual Wingbeat|p1b: Aggron\n|-resisted|p1b: Aggron|1\n|-damage|p1b: Aggron|8/100\n|-resisted|p1b: Aggron|1\n|-damage|p1b: Aggron|7/100\n|-hitcount|p1b: Aggron|2\n|move|p2a: Chimecho|Psychic|p1b: Aggron\n|-resisted|p1b: Aggron|1\n|-damage|p1b: Aggron|0 fnt\n|faint|p1b: Aggron\n|\n|win|mkugmrs_guest\n|raw|Blaidan's rating: 1189 &rarr; <strong>1158</strong><br />(-31 for losing)\n|raw|mkugmrs_guest's rating: 1098 &rarr; <strong>1130</strong><br />(+32 for winning)\n",
  "uploadtime": 1776468418,
  "views": 24,
  "formatid": "gen9championsvgc2026regma",
  "rating": 1130,
  "private": 0,
  "password": null
}