{
  "id": "gen9championsvgc2026regma-2584987159",
  "format": "[Gen 9 Champions] VGC 2026 Reg M-A",
  "players": [
    "tzarii",
    "series team"
  ],
  "log": "|j|\u2606tzarii\n|j|\u2606series team\n|t:|1776300870\n|gametype|doubles\n|player|p1|tzarii|lady-gen4|1448\n|player|p2|series team|266|1590\n|gen|9\n|tier|[Gen 9 Champions] VGC 2026 Reg M-A\n|rated|\n|rule|Species Clause: Limit one of each Pok\u00e9mon\n|rule|Item Clause: Limit 1 of each item\n|clearpoke\n|poke|p1|Scovillain, L50, F|\n|poke|p1|Aegislash, L50, F|\n|poke|p1|Primarina, L50, F|\n|poke|p1|Sneasler, L50, F|\n|poke|p1|Kommo-o, L50, M|\n|poke|p1|Farigiraf, L50, M|\n|poke|p2|Clefable, L50, M|\n|poke|p2|Garchomp, L50, F|\n|poke|p2|Incineroar, L50, F|\n|poke|p2|Rotom-Wash, L50|\n|poke|p2|Basculegion-F, L50, F|\n|poke|p2|Ninetales-Alola, L50, F|\n|teampreview|4\n|\n|t:|1776300915\n|teamsize|p1|4\n|teamsize|p2|4\n|start\n|switch|p1a: Scovillain|Scovillain, L50, F|100/100\n|switch|p1b: Primarina|Primarina, L50, F|100/100\n|switch|p2a: Garchomp|Garchomp, L50, F|100/100\n|switch|p2b: Incineroar|Incineroar, L50, F|100/100\n|-ability|p2b: Incineroar|Intimidate|boost\n|-unboost|p1a: Scovillain|atk|1\n|-unboost|p1b: Primarina|atk|1\n|turn|1\n|\n|t:|1776300933\n|detailschange|p1a: Scovillain|Scovillain-Mega, L50, F\n|-mega|p1a: Scovillain|Scovillain|Scovillainite\n|move|p1b: Primarina|Protect|p1b: Primarina\n|-singleturn|p1b: Primarina|Protect\n|move|p2b: Incineroar|Fake Out|p1b: Primarina\n|-activate|p1b: Primarina|move: Protect\n|move|p2a: Garchomp|Swords Dance|p2a: Garchomp\n|-boost|p2a: Garchomp|atk|2\n|move|p1a: Scovillain|Leech Seed|p2a: Garchomp\n|-start|p2a: Garchomp|move: Leech Seed\n|\n|-damage|p2a: Garchomp|88/100|[from] Leech Seed|[of] p1a: Scovillain\n|upkeep\n|turn|2\n|\n|t:|1776300957\n|move|p2b: Incineroar|Protect|p2b: Incineroar\n|-singleturn|p2b: Incineroar|Protect\n|move|p1a: Scovillain|Rage Powder|p1a: Scovillain\n|-singleturn|p1a: Scovillain|move: Rage Powder\n|move|p2a: Garchomp|Earthquake|p1b: Primarina|[spread] p1a,p1b\n|-activate|p2b: Incineroar|move: Protect\n|-damage|p1a: Scovillain|20/100\n|-damage|p1b: Primarina|0 fnt\n|-status|p2a: Garchomp|brn|[from] ability: Spicy Spray|[of] p1a: Scovillain\n|faint|p1b: Primarina\n|\n|-damage|p2a: Garchomp|76/100 brn|[from] Leech Seed|[of] p1a: Scovillain\n|-heal|p1a: Scovillain|34/100|[silent]\n|-damage|p2a: Garchomp|70/100 brn|[from] brn\n|upkeep\n|\n|t:|1776300968\n|switch|p1b: Sneasler|Sneasler, L50, F|100/100\n|turn|3\n|\n|t:|1776301002\n|switch|p2b: Basculegion|Basculegion-F, L50, F|100/100\n|move|p1a: Scovillain|Protect|p1a: Scovillain\n|-singleturn|p1a: Scovillain|Protect\n|move|p1b: Sneasler|Close Combat|p2a: Garchomp\n|-damage|p2a: Garchomp|5/100 brn\n|-unboost|p1b: Sneasler|def|1\n|-unboost|p1b: Sneasler|spd|1\n|-damage|p1b: Sneasler|88/100|[from] ability: Rough Skin|[of] p2a: Garchomp\n|-enditem|p1b: Sneasler|White Herb\n|-clearnegativeboost|p1b: Sneasler|[silent]\n|move|p2a: Garchomp|Rock Slide|p1b: Sneasler|[spread] p1b\n|-activate|p1a: Scovillain|move: Protect\n|-resisted|p1b: Sneasler|1\n|-damage|p1b: Sneasler|72/100\n|\n|-damage|p2a: Garchomp|0 fnt|[from] Leech Seed|[of] p1a: Scovillain\n|-heal|p1a: Scovillain|38/100|[silent]\n|faint|p2a: Garchomp\n|upkeep\n|\n|t:|1776301010\n|switch|p2a: Incineroar|Incineroar, L50, F|100/100\n|-ability|p2a: Incineroar|Intimidate|boost\n|-unboost|p1a: Scovillain|atk|1\n|-unboost|p1b: Sneasler|atk|1\n|turn|4\n|j| nsip\n|\n|t:|1776301024\n|switch|p1a: Aegislash|Aegislash, L50, F|100/100\n|move|p2a: Incineroar|Fake Out|p1b: Sneasler\n|-crit|p1b: Sneasler\n|-damage|p1b: Sneasler|44/100\n|cant|p1b: Sneasler|flinch\n|move|p2b: Basculegion|Shadow Ball|p1a: Aegislash\n|-supereffective|p1a: Aegislash|1\n|-damage|p1a: Aegislash|5/100\n|\n|upkeep\n|turn|5\n|\n|t:|1776301046\n|-formechange|p1a: Aegislash|Aegislash-Blade|\n|move|p1a: Aegislash|Shadow Sneak|p2b: Basculegion\n|-supereffective|p2b: Basculegion|1\n|-damage|p2b: Basculegion|32/100\n|move|p1b: Sneasler|Close Combat|p2a: Incineroar\n|-supereffective|p2a: Incineroar|1\n|-enditem|p2a: Incineroar|Chople Berry|[eat]\n|-enditem|p2a: Incineroar|Chople Berry|[weaken]\n|-damage|p2a: Incineroar|62/100\n|-unboost|p1b: Sneasler|def|1\n|-unboost|p1b: Sneasler|spd|1\n|move|p2b: Basculegion|Shadow Ball|p1b: Sneasler\n|-damage|p1b: Sneasler|0 fnt\n|faint|p1b: Sneasler\n|move|p2a: Incineroar|Flare Blitz|p1a: Aegislash\n|-supereffective|p1a: Aegislash|1\n|-damage|p1a: Aegislash|0 fnt\n|faint|p1a: Aegislash\n|-damage|p2a: Incineroar|61/100|[from] Recoil\n|\n|upkeep\n|j| Choklit Milk\n|\n|t:|1776301055\n|switch|p1b: Scovillain|Scovillain-Mega, L50, F|38/100\n|turn|6\n|l| Choklit Milk\n|-message|tzarii forfeited.\n|\n|win|series team\n|raw|tzarii's rating: 1448 &rarr; <strong>1436</strong><br />(-12 for losing)\n|raw|series team's rating: 1590 &rarr; <strong>1602</strong><br />(+12 for winning)\n|l|\u2606series team\n|player|p2|\n",
  "uploadtime": 1776301093,
  "views": 46,
  "formatid": "gen9championsvgc2026regma",
  "rating": 1436,
  "private": 0,
  "password": null
}