{
  "id": "gen9championsvgc2026regma-2582890061",
  "format": "[Gen 9 Champions] VGC 2026 Reg M-A",
  "players": [
    "hassanj",
    "MilkTeaWayGalaxy"
  ],
  "log": "|j|\u2606hassanj\n|j|\u2606MilkTeaWayGalaxy\n|t:|1776122404\n|gametype|doubles\n|player|p1|hassanj|101|1105\n|player|p2|MilkTeaWayGalaxy|rosa-pokestar3|1152\n|gen|9\n|tier|[Gen 9 Champions] VGC 2026 Reg M-A\n|rated|\n|rule|Species Clause: Limit one of each Pok\u00e9mon\n|rule|Item Clause: Limit 1 of each item\n|clearpoke\n|poke|p1|Golurk, L50|\n|poke|p1|Farigiraf, L50, F|\n|poke|p1|Incineroar, L50, F|\n|poke|p1|Sneasler, L50, M|\n|poke|p1|Rotom-Mow, L50|\n|poke|p1|Torkoal, L50, F|\n|poke|p2|Froslass, L50, F|\n|poke|p2|Sinistcha, L50|\n|poke|p2|Kingambit, L50, M|\n|poke|p2|Sneasler, L50, F|\n|poke|p2|Incineroar, L50, F|\n|poke|p2|Basculegion, L50, M|\n|teampreview|4\n|inactive|Battle timer is ON: inactive players will automatically lose when time's up. (requested by hassanj)\nhassanj rejected open team sheets.\n|inactive|MilkTeaWayGalaxy has 60 seconds left.\n|\n|t:|1776122457\n|teamsize|p1|4\n|teamsize|p2|4\n|start\n|switch|p1a: Farigiraf|Farigiraf, L50, F|100/100\n|switch|p1b: Incineroar|Incineroar, L50, F|100/100\n|switch|p2a: Froslass|Froslass, L50, F|100/100\n|switch|p2b: Incineroar|Incineroar, L50, F|100/100\n|-ability|p2b: Incineroar|Intimidate|boost\n|-unboost|p1a: Farigiraf|atk|1\n|-unboost|p1b: Incineroar|atk|1\n|-ability|p1b: Incineroar|Intimidate|boost\n|-unboost|p2a: Froslass|atk|1\n|-unboost|p2b: Incineroar|atk|1\n|turn|1\n|inactive|MilkTeaWayGalaxy has 30 seconds left.\n|\n|t:|1776122482\n|detailschange|p2a: Froslass|Froslass-Mega, L50, F\n|-mega|p2a: Froslass|Froslass|Froslassite\n|-weather|Snowscape|[from] ability: Snow Warning|[of] p2a: Froslass\n|move|p2a: Froslass|Aurora Veil|p2a: Froslass\n|-sidestart|p2: MilkTeaWayGalaxy|move: Aurora Veil\n|move|p2b: Incineroar|Parting Shot|p1a: Farigiraf\n|-unboost|p1a: Farigiraf|atk|1\n|-unboost|p1a: Farigiraf|spa|1\n|\n|t:|1776122495\n|switch|p2b: Sneasler|Sneasler, L50, F|100/100|[from] Parting Shot\n|move|p1b: Incineroar|Flare Blitz|p2a: Froslass\n|-supereffective|p2a: Froslass|1\n|-damage|p2a: Froslass|60/100\n|-damage|p1b: Incineroar|91/100|[from] Recoil\n|move|p1a: Farigiraf|Trick Room|p1a: Farigiraf\n|-fieldstart|move: Trick Room|[of] p1a: Farigiraf\n|\n|-weather|Snowscape|[upkeep]\n|upkeep\n|turn|2\n|\n|t:|1776122510\n|switch|p2b: Incineroar|Incineroar, L50, F|100/100\n|-ability|p2b: Incineroar|Intimidate|boost\n|-unboost|p1a: Farigiraf|atk|1\n|-unboost|p1b: Incineroar|atk|1\n|move|p1a: Farigiraf|Twin Beam|p2b: Incineroar\n|-immune|p2b: Incineroar\n|move|p1b: Incineroar|Parting Shot|p2a: Froslass\n|-unboost|p2a: Froslass|atk|1\n|-unboost|p2a: Froslass|spa|1\n|\n|t:|1776122519\n|switch|p1b: Torkoal|Torkoal, L50, F|100/100|[from] Parting Shot\n|-weather|SunnyDay|[from] ability: Drought|[of] p1b: Torkoal\n|move|p2a: Froslass|Blizzard|p1a: Farigiraf|[spread] p1a,p1b\n|-resisted|p1b: Torkoal|1\n|-damage|p1a: Farigiraf|82/100\n|-damage|p1b: Torkoal|83/100\n|\n|-weather|SunnyDay|[upkeep]\n|upkeep\n|turn|3\n|\n|t:|1776122533\n|switch|p2a: Basculegion|Basculegion, L50, M|100/100\n|move|p1a: Farigiraf|Ally Switch|p1a: Farigiraf\n|swap|p1a: Farigiraf|1|[from] move: Ally Switch\n|move|p1a: Torkoal|Eruption|p2b: Incineroar|[spread] p2a,p2b\n|-resisted|p2a: Basculegion|1\n|-resisted|p2b: Incineroar|1\n|-damage|p2a: Basculegion|79/100\n|-damage|p2b: Incineroar|83/100\n|move|p2b: Incineroar|Parting Shot|p1b: Farigiraf\n|-unboost|p1b: Farigiraf|atk|1\n|-unboost|p1b: Farigiraf|spa|1\n|\n|t:|1776122543\n|switch|p2b: Froslass|Froslass-Mega, L50, F|60/100|[from] Parting Shot\n|-weather|Snowscape|[from] ability: Snow Warning|[of] p2b: Froslass\n|\n|-weather|Snowscape|[upkeep]\n|upkeep\n|turn|4\n|\n|t:|1776122563\n|switch|p2b: Incineroar|Incineroar, L50, F|83/100\n|-ability|p2b: Incineroar|Intimidate|boost\n|-unboost|p1a: Torkoal|atk|1\n|-unboost|p1b: Farigiraf|atk|1\n|move|p1a: Torkoal|Protect|p1a: Torkoal\n|-singleturn|p1a: Torkoal|Protect\n|move|p1b: Farigiraf|Twin Beam|p2a: Basculegion\n|-damage|p2a: Basculegion|74/100\n|-damage|p2a: Basculegion|69/100\n|-hitcount|p2a: Basculegion|2\n|move|p2a: Basculegion|Wave Crash|p1a: Torkoal\n|-activate|p1a: Torkoal|move: Protect\n|\n|-weather|Snowscape|[upkeep]\n|-heal|p2b: Incineroar|88/100|[from] item: Leftovers\n|upkeep\n|turn|5\n|inactive|hassanj has 30 seconds left.\n|\n|t:|1776122591\n|switch|p1a: Incineroar|Incineroar, L50, F|91/100\n|-ability|p1a: Incineroar|Intimidate|boost\n|-unboost|p2a: Basculegion|atk|1\n|-unboost|p2b: Incineroar|atk|1\n|move|p2a: Basculegion|Protect|p2a: Basculegion\n|-singleturn|p2a: Basculegion|Protect\n|move|p1b: Farigiraf|Ally Switch|p1b: Farigiraf\n|swap|p1b: Farigiraf|0|[from] move: Ally Switch\n|move|p2b: Incineroar|Parting Shot|p1a: Farigiraf\n|-unboost|p1a: Farigiraf|atk|1\n|-unboost|p1a: Farigiraf|spa|1\n|\n|t:|1776122605\n|switch|p2b: Sneasler|Sneasler, L50, F|100/100|[from] Parting Shot\n|\n|-weather|Snowscape|[upkeep]\n|-sideend|p2: MilkTeaWayGalaxy|move: Aurora Veil\n|-fieldend|move: Trick Room\n|upkeep\n|turn|6\n|inactive|hassanj has 30 seconds left.\n|inactive|MilkTeaWayGalaxy has 30 seconds left.\n|\n|t:|1776122642\n|move|p2b: Sneasler|Dire Claw|p1a: Farigiraf\n|-damage|p1a: Farigiraf|43/100\n|move|p2a: Basculegion|Wave Crash|p1b: Incineroar\n|-supereffective|p1b: Incineroar|1\n|-damage|p1b: Incineroar|0 fnt\n|faint|p1b: Incineroar\n|-damage|p2a: Basculegion|41/100|[from] Recoil\n|move|p1a: Farigiraf|Trick Room|p1a: Farigiraf\n|-fieldstart|move: Trick Room|[of] p1a: Farigiraf\n|\n|-weather|Snowscape|[upkeep]\n|upkeep\n|\n|t:|1776122650\n|switch|p1b: Torkoal|Torkoal, L50, F|83/100\n|-weather|SunnyDay|[from] ability: Drought|[of] p1b: Torkoal\n|turn|7\n|\n|t:|1776122672\n|switch|p2a: Incineroar|Incineroar, L50, F|88/100\n|-ability|p2a: Incineroar|Intimidate|boost\n|-unboost|p1a: Farigiraf|atk|0\n|-unboost|p1b: Torkoal|atk|1\n|move|p1a: Farigiraf|Helping Hand|p1b: Torkoal\n|-singleturn|p1b: Torkoal|Helping Hand|[of] p1a: Farigiraf\n|move|p1b: Torkoal|Eruption|p2b: Sneasler|[spread] p2a,p2b\n|-resisted|p2a: Incineroar|1\n|-damage|p2a: Incineroar|48/100\n|-damage|p2b: Sneasler|0 fnt\n|faint|p2b: Sneasler\n|\n|-weather|SunnyDay|[upkeep]\n|-heal|p2a: Incineroar|54/100|[from] item: Leftovers\n|upkeep\n|\n|t:|1776122683\n|switch|p2b: Froslass|Froslass-Mega, L50, F|60/100\n|-weather|Snowscape|[from] ability: Snow Warning|[of] p2b: Froslass\n|turn|8\n|\n|t:|1776122704\n|switch|p1b: Sneasler|Sneasler, L50, M|100/100\n|move|p2b: Froslass|Protect|p2b: Froslass\n|-singleturn|p2b: Froslass|Protect\n|move|p1a: Farigiraf|Twin Beam|p2b: Froslass\n|-activate|p2b: Froslass|move: Protect\n|move|p2a: Incineroar|Parting Shot|p1a: Farigiraf\n|-unboost|p1a: Farigiraf|atk|0\n|-unboost|p1a: Farigiraf|spa|1\n|\n|t:|1776122714\n|switch|p2a: Basculegion|Basculegion, L50, M|41/100|[from] Parting Shot\n|\n|-weather|Snowscape|[upkeep]\n|upkeep\n|turn|9\n|inactive|hassanj has 30 seconds left.\n|\n|t:|1776122744\n|switch|p1b: Torkoal|Torkoal, L50, F|83/100\n|-weather|SunnyDay|[from] ability: Drought|[of] p1b: Torkoal\n|switch|p2b: Incineroar|Incineroar, L50, F|54/100\n|-ability|p2b: Incineroar|Intimidate|boost\n|-unboost|p1a: Farigiraf|atk|0\n|-unboost|p1b: Torkoal|atk|1\n|move|p1a: Farigiraf|Ally Switch|p1a: Farigiraf\n|swap|p1a: Farigiraf|1|[from] move: Ally Switch\n|move|p2a: Basculegion|Last Respects|p1b: Farigiraf\n|-immune|p1b: Farigiraf\n|\n|-weather|SunnyDay|[upkeep]\n|-heal|p2b: Incineroar|59/100|[from] item: Leftovers\n|upkeep\n|turn|10\n|\n|t:|1776122764\n|move|p1b: Farigiraf|Helping Hand|p1a: Torkoal\n|-singleturn|p1a: Torkoal|Helping Hand|[of] p1b: Farigiraf\n|move|p2a: Basculegion|Protect|p2a: Basculegion\n|-singleturn|p2a: Basculegion|Protect\n|move|p1a: Torkoal|Heat Wave|p2a: Basculegion|[spread] \n|-activate|p2a: Basculegion|move: Protect\n|-miss|p1a: Torkoal|p2b: Incineroar\n|move|p2b: Incineroar|Parting Shot|p1a: Torkoal\n|-unboost|p1a: Torkoal|atk|1\n|-unboost|p1a: Torkoal|spa|1\n|\n|t:|1776122775\n|switch|p2b: Froslass|Froslass-Mega, L50, F|60/100|[from] Parting Shot\n|-weather|Snowscape|[from] ability: Snow Warning|[of] p2b: Froslass\n|\n|-weather|Snowscape|[upkeep]\n|-fieldend|move: Trick Room\n|upkeep\n|turn|11\n|\n|t:|1776122797\n|move|p1b: Farigiraf|Ally Switch|p1b: Farigiraf\n|swap|p1b: Farigiraf|0|[from] move: Ally Switch\n|move|p2b: Froslass|Shadow Ball|p1a: Farigiraf\n|-immune|p1a: Farigiraf\n|move|p2a: Basculegion|Wave Crash|p1b: Torkoal\n|-supereffective|p1b: Torkoal|1\n|-damage|p1b: Torkoal|0 fnt\n|faint|p1b: Torkoal\n|-damage|p2a: Basculegion|19/100|[from] Recoil\n|\n|-weather|Snowscape|[upkeep]\n|upkeep\n|\n|t:|1776122803\n|switch|p1b: Sneasler|Sneasler, L50, M|100/100\n|turn|12\n|l|\u2606hassanj\n|inactive|hassanj disconnected and has a minute to reconnect!\n|player|p1|\n|inactive|hassanj has 30 seconds left.\n|inactive|hassanj has 20 seconds left.\n|inactive|hassanj has 15 seconds left.\n|inactive|hassanj has 10 seconds left.\n|inactive|hassanj has 5 seconds left.\n|-message|hassanj lost due to inactivity.\n|\n|win|MilkTeaWayGalaxy\n|raw|hassanj's rating: 1105 &rarr; <strong>1083</strong><br />(-22 for losing)\n|raw|MilkTeaWayGalaxy's rating: 1152 &rarr; <strong>1174</strong><br />(+22 for winning)\n",
  "uploadtime": 1776122875,
  "views": 10,
  "formatid": "gen9championsvgc2026regma",
  "rating": 1083,
  "private": 0,
  "password": null
}