{
  "id": "gen9championsvgc2026regma-2580397014",
  "format": "[Gen 9 Champions] VGC 2026 Reg M-A",
  "players": [
    "zolex volkro",
    "lakeandbake"
  ],
  "log": "|j|\u2606zolex volkro\n|j|\u203dlakeandbake\n|t:|1775890317\n|gametype|doubles\n|player|p1|zolex volkro|sabrina|1000\n|player|p2|lakeandbake|iono-masters|1078\n|gen|9\n|tier|[Gen 9 Champions] VGC 2026 Reg M-A\n|rated|\n|rule|Species Clause: Limit one of each Pok\u00e9mon\n|rule|Item Clause: Limit 1 of each item\n|clearpoke\n|poke|p1|Golurk, L50|\n|poke|p1|Farigiraf, L50, M|\n|poke|p1|Incineroar, L50, F|\n|poke|p1|Maushold, L50|\n|poke|p1|Milotic, L50, M|\n|poke|p1|Goodra-Hisui, L50, F|\n|poke|p2|Dragonite, L50, F|\n|poke|p2|Sneasler, L50, M|\n|poke|p2|Clefable, L50, F|\n|poke|p2|Basculegion, L50, M|\n|poke|p2|Kingambit, L50, F|\n|poke|p2|Delphox, L50, F|\n|teampreview|4\n|inactive|Battle timer is ON: inactive players will automatically lose when time's up. (requested by lakeandbake)\nlakeandbake rejected open team sheets.\n|\n|t:|1775890354\n|teamsize|p1|4\n|teamsize|p2|4\n|start\n|switch|p1a: Farigiraf|Farigiraf, L50, M, shiny|100/100\n|switch|p1b: Golurk|Golurk, L50, shiny|100/100\n|switch|p2a: Kingambit|Kingambit, L50, F|100/100\n|switch|p2b: Basculegion|Basculegion, L50, M|100/100\n|turn|1\n|\n|t:|1775890369\n|move|p1b: Golurk|Protect|p1b: Golurk\n|-singleturn|p1b: Golurk|Protect\n|move|p2b: Basculegion|Wave Crash|p1b: Golurk\n|-activate|p1b: Golurk|move: Protect\n|move|p2a: Kingambit|Kowtow Cleave|p1a: Farigiraf\n|-supereffective|p1a: Farigiraf|1\n|-damage|p1a: Farigiraf|0 fnt\n|faint|p1a: Farigiraf\n|\n|upkeep\n|\n|t:|1775890378\n|switch|p1a: Maushold|Maushold, L50, shiny|100/100\n|turn|2\n|\n|t:|1775890390\n|detailschange|p1b: Golurk|Golurk-Mega, L50, shiny\n|-mega|p1b: Golurk|Golurk|Golurkite\n|move|p1a: Maushold|Follow Me|p1a: Maushold\n|-singleturn|p1a: Maushold|move: Follow Me\n|move|p2b: Basculegion|Wave Crash|p1a: Maushold\n|-damage|p1a: Maushold|1/100\n|-enditem|p1a: Maushold|Sitrus Berry|[eat]\n|-heal|p1a: Maushold|26/100|[from] item: Sitrus Berry\n|-damage|p2b: Basculegion|70/100|[from] Recoil\n|move|p2a: Kingambit|Swords Dance|p2a: Kingambit\n|-boost|p2a: Kingambit|atk|2\n|move|p1b: Golurk|Drain Punch|p2a: Kingambit\n|-supereffective|p2a: Kingambit|2\n|-damage|p2a: Kingambit|6/100\n|\n|upkeep\n|turn|3\n|\n|t:|1775890410\n|move|p2a: Kingambit|Protect|p2a: Kingambit\n|-singleturn|p2a: Kingambit|Protect\n|move|p1a: Maushold|Follow Me|p1a: Maushold\n|-singleturn|p1a: Maushold|move: Follow Me\n|move|p2b: Basculegion|Wave Crash|p1a: Maushold\n|-damage|p1a: Maushold|0 fnt\n|faint|p1a: Maushold\n|-damage|p2b: Basculegion|63/100|[from] Recoil\n|move|p1b: Golurk|Drain Punch|p2a: Kingambit\n|-supereffective|p2a: Kingambit|2\n|-damage|p2a: Kingambit|0 fnt\n|faint|p2a: Kingambit\n|\n|upkeep\n|inactive|lakeandbake has 30 seconds left.\n|\n|t:|1775890439\n|switch|p1a: Goodra|Goodra-Hisui, L50, F|100/100\n|switch|p2a: Delphox|Delphox, L50, F|100/100\n|turn|4\n|\n|t:|1775890452\n|detailschange|p2a: Delphox|Delphox-Mega, L50, F\n|-mega|p2a: Delphox|Delphox|Delphoxite\n|move|p1b: Golurk|Protect|p1b: Golurk\n|-singleturn|p1b: Golurk|Protect\n|move|p2a: Delphox|Substitute|p2a: Delphox\n|-start|p2a: Delphox|Substitute\n|-damage|p2a: Delphox|76/100\n|move|p2b: Basculegion|Wave Crash|p1b: Golurk\n|-activate|p1b: Golurk|move: Protect\n|move|p1a: Goodra|Thunderbolt|p2b: Basculegion\n|-supereffective|p2b: Basculegion|1\n|-damage|p2b: Basculegion|0 fnt\n|faint|p2b: Basculegion\n|\n|upkeep\n|\n|t:|1775890464\n|switch|p2b: Clefable|Clefable, L50, F|100/100\n|turn|5\n|\n|t:|1775890487\n|move|p2b: Clefable|Helping Hand|p2a: Delphox\n|-singleturn|p2a: Delphox|Helping Hand|[of] p2b: Clefable\n|move|p2a: Delphox|Heat Wave|p1a: Goodra|[spread] \n|-miss|p2a: Delphox|p1a: Goodra\n|-miss|p2a: Delphox|p1b: Golurk\n|move|p1a: Goodra|Sludge Wave|p2a: Delphox|[spread] p1b,p2a,p2b\n|-activate|p2a: Delphox|move: Substitute|[damage]\n|-resisted|p1b: Golurk|2\n|-supereffective|p2b: Clefable|1\n|-damage|p1b: Golurk|96/100\n|-damage|p2b: Clefable|52/100\n|move|p1b: Golurk|Poltergeist|p2a: Delphox\n|-activate|p2a: Delphox|move: Poltergeist|Delphoxite\n|-supereffective|p2a: Delphox|1\n|-end|p2a: Delphox|Substitute\n|\n|upkeep\n|turn|6\n|-message|lakeandbake forfeited.\n|\n|win|zolex volkro\n|raw|zolex volkro's rating: 1000 &rarr; <strong>1049</strong><br />(+49 for winning)\n|raw|lakeandbake's rating: 1078 &rarr; <strong>1052</strong><br />(-26 for losing)\n",
  "uploadtime": 1775890506,
  "views": 14,
  "formatid": "gen9championsvgc2026regma",
  "rating": 1049,
  "private": 0,
  "password": null
}