{
  "id": "gen9championsvgc2026regma-2588486348",
  "format": "[Gen 9 Champions] VGC 2026 Reg M-A",
  "players": [
    "acarrion810",
    "Xerokzi"
  ],
  "log": "|j|\u2606acarrion810\n|j|\u2606Xerokzi\n|t:|1776637866\n|gametype|doubles\n|player|p1|acarrion810|1|1079\n|player|p2|Xerokzi|unknown|1042\n|gen|9\n|tier|[Gen 9 Champions] VGC 2026 Reg M-A\n|rated|\n|rule|Species Clause: Limit one of each Pok\u00e9mon\n|rule|Item Clause: Limit 1 of each item\n|clearpoke\n|poke|p1|Sylveon, L50, M|\n|poke|p1|Farigiraf, L50, M|\n|poke|p1|Aegislash, L50, M|\n|poke|p1|Palafin, L50, F|\n|poke|p1|Politoed, L50, F|\n|poke|p1|Dragonite, L50, F|\n|poke|p2|Gengar, L50, F, shiny|\n|poke|p2|Whimsicott, L50, M, shiny|\n|poke|p2|Floette-Eternal, L50, F, shiny|\n|poke|p2|Aegislash, L50, M, shiny|\n|poke|p2|Incineroar, L50, F, shiny|\n|poke|p2|Gyarados, L50, M, shiny|\n|teampreview|4\n|inactive|Battle timer is ON: inactive players will automatically lose when time's up. (requested by Xerokzi)\n|inactive|Xerokzi has 60 seconds left.\n|\n|t:|1776637899\n|teamsize|p1|4\n|teamsize|p2|4\n|start\n|switch|p1a: Aegislash|Aegislash, L50, M|100/100\n|switch|p1b: Politoed|Politoed, L50, F|100/100\n|switch|p2a: y this even exist|Floette-Eternal, L50, F, shiny|100/100\n|switch|p2b: bulk city|Aegislash, L50, M, shiny|100/100\n|-weather|RainDance|[from] ability: Drizzle|[of] p1b: Politoed\n|turn|1\n|inactive|Xerokzi has 30 seconds left.\n|inactive|Xerokzi has 20 seconds left.\n|\n|t:|1776637939\n|move|p2a: y this even exist|Protect|p2a: y this even exist\n|-singleturn|p2a: y this even exist|Protect\n|move|p2b: bulk city|King's Shield|p2b: bulk city\n|-singleturn|p2b: bulk city|Protect\n|-formechange|p1a: Aegislash|Aegislash-Blade|\n|move|p1a: Aegislash|Iron Head|p2a: y this even exist\n|-activate|p2a: y this even exist|move: Protect\n|move|p1b: Politoed|Weather Ball|p2b: bulk city\n|-activate|p2b: bulk city|move: Protect\n|\n|-weather|RainDance|[upkeep]\n|upkeep\n|turn|2\n|inactive|Xerokzi has 30 seconds left.\n|\n|t:|1776637973\n|detailschange|p2a: y this even exist|Floette-Mega, L50, F, shiny\n|-mega|p2a: y this even exist|Floette|Floettite\n|-ability|p2a: y this even exist|Fairy Aura\n|move|p1a: Aegislash|Wide Guard|p1a: Aegislash\n|-singleturn|p1a: Aegislash|Wide Guard\n|move|p2a: y this even exist|Light of Ruin|p1b: Politoed\n|-damage|p1b: Politoed|10/100\n|-damage|p2a: y this even exist|41/100|[from] Recoil\n|move|p1b: Politoed|Weather Ball|p2a: y this even exist\n|-damage|p2a: y this even exist|5/100\n|-formechange|p2b: bulk city|Aegislash-Blade|\n|move|p2b: bulk city|Poltergeist|p1a: Aegislash|[miss]\n|-miss|p2b: bulk city|p1a: Aegislash\n|\n|-weather|RainDance|[upkeep]\n|-heal|p1b: Politoed|16/100|[from] item: Leftovers\n|upkeep\n|turn|3\n|inactive|acarrion810 has 30 seconds left.\n|inactive|Xerokzi has 30 seconds left.\n|\n|t:|1776638005\n|move|p2a: y this even exist|Protect|p2a: y this even exist\n|-singleturn|p2a: y this even exist|Protect\n|move|p1b: Politoed|Protect|p1b: Politoed\n|-singleturn|p1b: Politoed|Protect\n|move|p1a: Aegislash|Shadow Sneak|p2a: y this even exist\n|-activate|p2a: y this even exist|move: Protect\n|move|p2b: bulk city|Sacred Sword|p1b: Politoed\n|-activate|p1b: Politoed|move: Protect\n|\n|-weather|RainDance|[upkeep]\n|-heal|p1b: Politoed|23/100|[from] item: Leftovers\n|upkeep\n|turn|4\n|\n|t:|1776638027\n|switch|p2a: Wolfe's Incineroar|Incineroar, L50, F, shiny|100/100\n|-ability|p2a: Wolfe's Incineroar|Intimidate|boost\n|-unboost|p1a: Aegislash|atk|1\n|-unboost|p1b: Politoed|atk|1\n|switch|p1b: Farigiraf|Farigiraf, L50, M|100/100\n|move|p1a: Aegislash|Shadow Sneak|p2a: Wolfe's Incineroar\n|-resisted|p2a: Wolfe's Incineroar|1\n|-damage|p2a: Wolfe's Incineroar|95/100\n|move|p2b: bulk city|Sacred Sword|p1b: Farigiraf\n|-damage|p1b: Farigiraf|75/100\n|\n|-weather|RainDance|[upkeep]\n|upkeep\n|turn|5\n|inactive|Xerokzi has 30 seconds left.\n|\n|t:|1776638059\n|-formechange|p2b: bulk city|Aegislash|\n|move|p2b: bulk city|King's Shield|p2b: bulk city\n|-singleturn|p2b: bulk city|Protect\n|move|p1a: Aegislash|Poltergeist|p2b: bulk city\n|-activate|p2b: bulk city|move: Protect\n|move|p2a: Wolfe's Incineroar|Darkest Lariat|p1b: Farigiraf\n|-supereffective|p1b: Farigiraf|1\n|-damage|p1b: Farigiraf|24/100\n|-enditem|p1b: Farigiraf|Sitrus Berry|[eat]\n|-heal|p1b: Farigiraf|49/100|[from] item: Sitrus Berry\n|move|p1b: Farigiraf|Trick Room|p1b: Farigiraf\n|-fieldstart|move: Trick Room|[of] p1b: Farigiraf\n|\n|-weather|none\n|upkeep\n|turn|6\n|\n|t:|1776638082\n|switch|p1b: Politoed|Politoed, L50, F|23/100\n|-weather|RainDance|[from] ability: Drizzle|[of] p1b: Politoed\n|move|p1a: Aegislash|Shadow Sneak|p2b: bulk city\n|-supereffective|p2b: bulk city|1\n|-damage|p2b: bulk city|74/100\n|-formechange|p2b: bulk city|Aegislash-Blade|\n|move|p2b: bulk city|Poltergeist|p1a: Aegislash\n|-activate|p1a: Aegislash|move: Poltergeist|Focus Sash\n|-supereffective|p1a: Aegislash|1\n|-enditem|p1a: Aegislash|Focus Sash\n|-damage|p1a: Aegislash|1/100\n|move|p2a: Wolfe's Incineroar|Darkest Lariat|p1b: Politoed\n|-damage|p1b: Politoed|0 fnt\n|faint|p1b: Politoed\n|\n|-weather|RainDance|[upkeep]\n|-heal|p2b: bulk city|80/100|[from] item: Leftovers\n|upkeep\n|\n|t:|1776638097\n|switch|p1b: Dragonite|Dragonite, L50, F|100/100\n|turn|7\n|inactive|Xerokzi has 30 seconds left.\n|\n|t:|1776638126\n|detailschange|p1b: Dragonite|Dragonite-Mega, L50, F\n|-mega|p1b: Dragonite|Dragonite|Dragoninite\n|-formechange|p2b: bulk city|Aegislash|\n|move|p2b: bulk city|King's Shield|p2b: bulk city\n|-singleturn|p2b: bulk city|Protect\n|move|p1a: Aegislash|Shadow Sneak|p2b: bulk city\n|-activate|p2b: bulk city|move: Protect\n|-unboost|p1a: Aegislash|atk|1\n|move|p2a: Wolfe's Incineroar|Darkest Lariat|p1a: Aegislash\n|-supereffective|p1a: Aegislash|1\n|-damage|p1a: Aegislash|0 fnt\n|faint|p1a: Aegislash\n|move|p1b: Dragonite|Dragon Pulse|p2a: Wolfe's Incineroar\n|-damage|p2a: Wolfe's Incineroar|60/100\n|\n|-weather|RainDance|[upkeep]\n|-heal|p2b: bulk city|86/100|[from] item: Leftovers\n|upkeep\n|\n|t:|1776638136\n|switch|p1a: Farigiraf|Farigiraf, L50, M|49/100\n|turn|8\n|\n|t:|1776638149\n|move|p2a: Wolfe's Incineroar|Darkest Lariat|p1a: Farigiraf\n|-supereffective|p1a: Farigiraf|1\n|-damage|p1a: Farigiraf|0 fnt\n|faint|p1a: Farigiraf\n|-formechange|p2b: bulk city|Aegislash-Blade|\n|move|p2b: bulk city|Poltergeist|p1b: Dragonite|[miss]\n|-miss|p2b: bulk city|p1b: Dragonite\n|move|p1b: Dragonite|Dragon Pulse|p2b: bulk city\n|-resisted|p2b: bulk city|1\n|-damage|p2b: bulk city|46/100\n|\n|-weather|RainDance|[upkeep]\n|-heal|p2b: bulk city|52/100|[from] item: Leftovers\n|upkeep\n|turn|9\n|-message|acarrion810 forfeited.\n|\n|win|Xerokzi\n|raw|acarrion810's rating: 1079 &rarr; <strong>1055</strong><br />(-24 for losing)\n|raw|Xerokzi's rating: 1042 &rarr; <strong>1079</strong><br />(+37 for winning)\n|l|\u2606acarrion810\n|player|p1|\n",
  "uploadtime": 1776638167,
  "views": 8,
  "formatid": "gen9championsvgc2026regma",
  "rating": 1055,
  "private": 0,
  "password": null
}