{
  "id": "gen9championsvgc2026regma-2583587562",
  "format": "[Gen 9 Champions] VGC 2026 Reg M-A",
  "players": [
    "chantoo",
    "Seasidee578"
  ],
  "log": "|j|\u2606chantoo\n|j|\u2606Seasidee578\n|t:|1776185017\n|gametype|doubles\n|player|p1|chantoo|harlequin|1020\n|player|p2|Seasidee578|hilbert|1002\n|gen|9\n|tier|[Gen 9 Champions] VGC 2026 Reg M-A\n|rated|\n|rule|Species Clause: Limit one of each Pok\u00e9mon\n|rule|Item Clause: Limit 1 of each item\n|clearpoke\n|poke|p1|Aerodactyl, L50, F|\n|poke|p1|Floette-Eternal, L50, F|\n|poke|p1|Garchomp, L50, M|\n|poke|p1|Incineroar, L50, F|\n|poke|p1|Sneasler, L50, M|\n|poke|p1|Basculegion, L50, M|\n|poke|p2|Froslass, L50, F|\n|poke|p2|Slowking, L50, M|\n|poke|p2|Abomasnow, L50, M|\n|poke|p2|Greninja-*, L50, M|\n|poke|p2|Sneasler, L50, M|\n|poke|p2|Zoroark-Hisui, L50, M|\n|teampreview|4\nSeasidee578 has agreed to open team sheets.\n|\n|t:|1776185090\n|teamsize|p1|4\n|teamsize|p2|4\n|start\n|switch|p1a: Incineroar|Incineroar, L50, F|100/100\n|switch|p1b: Floette|Floette-Eternal, L50, F|100/100\n|switch|p2a: Froslass|Froslass, L50, F|100/100\n|switch|p2b: Sneasler|Sneasler, L50, M|100/100\n|-ability|p1a: Incineroar|Intimidate|boost\n|-unboost|p2a: Froslass|atk|1\n|-unboost|p2b: Sneasler|atk|1\n|-enditem|p2b: Sneasler|White Herb\n|-clearnegativeboost|p2b: Sneasler|[silent]\n|turn|1\n|inactive|Battle timer is ON: inactive players will automatically lose when time's up. (requested by chantoo)\n|inactive|chantoo has 60 seconds left.\n|\n|t:|1776185129\n|detailschange|p1b: Floette|Floette-Mega, L50, F\n|-mega|p1b: Floette|Floette|Floettite\n|-ability|p1b: Floette|Fairy Aura\n|move|p2a: Froslass|Protect|p2a: Froslass\n|-singleturn|p2a: Froslass|Protect\n|move|p2b: Sneasler|Fake Out|p1a: Incineroar\n|-damage|p1a: Incineroar|89/100\n|cant|p1a: Incineroar|flinch\n|move|p1b: Floette|Moonblast|p2a: Froslass\n|-activate|p2a: Froslass|move: Protect\n|\n|upkeep\n|turn|2\n|\n|t:|1776185152\n|detailschange|p2a: Froslass|Froslass-Mega, L50, F\n|-mega|p2a: Froslass|Froslass|Froslassite\n|-weather|Snowscape|[from] ability: Snow Warning|[of] p2a: Froslass\n|move|p1b: Floette|Protect|p1b: Floette\n|-singleturn|p1b: Floette|Protect\n|move|p2b: Sneasler|Close Combat|p1a: Incineroar\n|-supereffective|p1a: Incineroar|1\n|-damage|p1a: Incineroar|0 fnt\n|-unboost|p2b: Sneasler|def|1\n|-unboost|p2b: Sneasler|spd|1\n|faint|p1a: Incineroar\n|move|p2a: Froslass|Aurora Veil|p2a: Froslass\n|-sidestart|p2: Seasidee578|move: Aurora Veil\n|\n|-weather|Snowscape|[upkeep]\n|upkeep\n|\n|t:|1776185171\n|switch|p1a: Aerodactyl|Aerodactyl, L50, F|100/100\n|-ability|p1a: Aerodactyl|Unnerve\n|turn|3\n|\n|t:|1776185183\n|move|p2b: Sneasler|Taunt|p1a: Aerodactyl\n|-start|p1a: Aerodactyl|move: Taunt\n|cant|p1a: Aerodactyl|move: Taunt|Tailwind\n|move|p2a: Froslass|Blizzard|p1b: Floette|[spread] p1a,p1b\n|-supereffective|p1a: Aerodactyl|1\n|-enditem|p1a: Aerodactyl|Focus Sash\n|-damage|p1a: Aerodactyl|1/100\n|-damage|p1b: Floette|70/100\n|move|p1b: Floette|Dazzling Gleam|p2b: Sneasler|[spread] p2a,p2b\n|-damage|p2a: Froslass|65/100\n|-damage|p2b: Sneasler|20/100\n|\n|-weather|Snowscape|[upkeep]\n|upkeep\n|turn|4\n|\n|t:|1776185200\n|move|p2b: Sneasler|U-turn|p1a: Aerodactyl\n|-resisted|p1a: Aerodactyl|1\n|-damage|p1a: Aerodactyl|0 fnt\n|faint|p1a: Aerodactyl\n|\n|t:|1776185205\n|switch|p2b: Slowking|Slowking, L50, M|100/100|[from] U-turn\n|move|p2a: Froslass|Blizzard|p1b: Floette\n|-damage|p1b: Floette|31/100\n|-status|p1b: Floette|frz\n|cant|p1b: Floette|frz\n|\n|-weather|Snowscape|[upkeep]\n|upkeep\n|\n|t:|1776185216\n|switch|p1a: Basculegion|Basculegion, L50, M|100/100\n|turn|5\n|\n|t:|1776185226\n|move|p2a: Froslass|Protect|p2a: Froslass\n|-singleturn|p2a: Froslass|Protect\n|cant|p1b: Floette|frz\n|move|p1a: Basculegion|Last Respects|p2a: Froslass\n|-activate|p2a: Froslass|move: Protect\n|move|p2b: Slowking|Icy Wind|p1b: Floette|[spread] p1a,p1b\n|-resisted|p1a: Basculegion|1\n|-damage|p1a: Basculegion|95/100\n|-damage|p1b: Floette|23/100 frz\n|-unboost|p1a: Basculegion|spe|1\n|-unboost|p1b: Floette|spe|1\n|\n|-weather|Snowscape|[upkeep]\n|upkeep\n|turn|6\n|c|\u2606Seasidee578|scarf bascu?\n|\n|t:|1776185246\n|switch|p2a: Greninja|Greninja, L50, M|100/100\n|move|p1a: Basculegion|Last Respects|p2a: Greninja\n|-resisted|p2a: Greninja|1\n|-damage|p2a: Greninja|56/100\n|-curestatus|p1b: Floette|frz|[msg]\n|move|p1b: Floette|Moonblast|p2b: Slowking\n|-damage|p2b: Slowking|61/100\n|-prepare|p2b: Slowking|Chilly Reception|[premajor]\n|move|p2b: Slowking|Chilly Reception|p2b: Slowking\n|\n|t:|1776185258\n|switch|p2b: Froslass|Froslass-Mega, L50, F|65/100|[from] Chilly Reception\n|\n|-weather|none\n|-sideend|p2: Seasidee578|move: Aurora Veil\n|upkeep\n|turn|7\n|inactive|chantoo has 30 seconds left.\n|\n|t:|1776185289\n|move|p2b: Froslass|Protect|p2b: Froslass\n|-singleturn|p2b: Froslass|Protect\n|move|p2a: Greninja|Dark Pulse|p1a: Basculegion\n|-start|p2a: Greninja|typechange|Dark|[from] ability: Protean\n|-supereffective|p1a: Basculegion|1\n|-damage|p1a: Basculegion|24/100\n|move|p1a: Basculegion|Last Respects|p2a: Greninja\n|-resisted|p2a: Greninja|1\n|-damage|p2a: Greninja|0 fnt\n|faint|p2a: Greninja\n|move|p1b: Floette|Dazzling Gleam|p2b: Froslass\n|-activate|p2b: Froslass|move: Protect\n|\n|upkeep\n|\n|t:|1776185306\n|switch|p2a: Sneasler|Sneasler, L50, M|20/100\n|turn|8\n|\n|t:|1776185320\n|switch|p2b: Slowking|Slowking, L50, M|94/100\n|move|p2a: Sneasler|U-turn|p1a: Basculegion\n|-resisted|p1a: Basculegion|1\n|-damage|p1a: Basculegion|7/100\n|\n|t:|1776185326\n|switch|p2a: Froslass|Froslass-Mega, L50, F|65/100|[from] U-turn\n|-weather|Snowscape|[from] ability: Snow Warning|[of] p2a: Froslass\n|move|p1a: Basculegion|Last Respects|p2a: Froslass\n|-supereffective|p2a: Froslass|1\n|-damage|p2a: Froslass|0 fnt\n|faint|p2a: Froslass\n|move|p1b: Floette|Dazzling Gleam|p2b: Slowking\n|-damage|p2b: Slowking|45/100\n|-enditem|p2b: Slowking|Sitrus Berry|[eat]\n|-heal|p2b: Slowking|69/100|[from] item: Sitrus Berry\n|\n|-weather|Snowscape|[upkeep]\n|upkeep\n|c|\u2606Seasidee578|good read\n|\n|t:|1776185338\n|switch|p2a: Sneasler|Sneasler, L50, M|20/100\n|turn|9\n|\n|t:|1776185348\n|move|p2a: Sneasler|Close Combat|p1b: Floette\n|-resisted|p1b: Floette|1\n|-damage|p1b: Floette|0 fnt\n|-unboost|p2a: Sneasler|def|1\n|-unboost|p2a: Sneasler|spd|1\n|faint|p1b: Floette\n|move|p1a: Basculegion|Last Respects|p2b: Slowking\n|-supereffective|p2b: Slowking|1\n|-damage|p2b: Slowking|0 fnt\n|faint|p2b: Slowking\n|\n|-weather|Snowscape|[upkeep]\n|upkeep\n|turn|10\n|\n|t:|1776185364\n|move|p2a: Sneasler|U-turn|p1a: Basculegion\n|-resisted|p1a: Basculegion|1\n|-damage|p1a: Basculegion|0 fnt\n|faint|p1a: Basculegion\n|\n|win|Seasidee578\n|raw|chantoo's rating: 1020 &rarr; <strong>1006</strong><br />(-14 for losing)\n|raw|Seasidee578's rating: 1002 &rarr; <strong>1044</strong><br />(+42 for winning)\n|c|\u2606Seasidee578|ggs\n|l|\u2606chantoo\n|player|p1|\n",
  "uploadtime": 1776185372,
  "views": 13,
  "formatid": "gen9championsvgc2026regma",
  "rating": 1006,
  "private": 0,
  "password": null
}