{
  "id": "gen9championsvgc2026regma-2588759526",
  "format": "[Gen 9 Champions] VGC 2026 Reg M-A",
  "players": [
    "Kokashuu",
    "hollospollosbro38"
  ],
  "log": "|j|\u2606Kokashuu\n|j|\u2606hollospollosbro38\n|t:|1776667123\n|gametype|doubles\n|player|p1|Kokashuu|burglar|\n|player|p2|hollospollosbro38|hilbert|\n|gen|9\n|tier|[Gen 9 Champions] VGC 2026 Reg M-A\n|rule|Species Clause: Limit one of each Pok\u00e9mon\n|rule|Item Clause: Limit 1 of each item\n|clearpoke\n|poke|p1|Froslass, L50, F|\n|poke|p1|Incineroar, L50, M|\n|poke|p1|Orthworm, L50, F|\n|poke|p1|Rotom-Frost, L50|\n|poke|p1|Garchomp, L50, F|\n|poke|p1|Meowscarada, L50, M|\n|poke|p2|Tyrantrum, L50, M|\n|poke|p2|Arcanine, L50, F|\n|poke|p2|Rotom-Wash, L50|\n|poke|p2|Whimsicott, L50, M|\n|poke|p2|Dragonite, L50, M|\n|poke|p2|Tyranitar, L50, M|\n|teampreview|4\n|\n|t:|1776667181\n|teamsize|p1|4\n|teamsize|p2|4\n|start\n|switch|p1a: Garchomp|Garchomp, L50, F|100/100\n|switch|p1b: Incineroar|Incineroar, L50, M|100/100\n|switch|p2a: Arcanine|Arcanine, L50, F|100/100\n|switch|p2b: Whimsicott|Whimsicott, L50, M|100/100\n|-ability|p2a: Arcanine|Intimidate|boost\n|-unboost|p1a: Garchomp|atk|1\n|-unboost|p1b: Incineroar|atk|1\n|-ability|p1b: Incineroar|Intimidate|boost\n|-unboost|p2a: Arcanine|atk|1\n|-unboost|p2b: Whimsicott|atk|1\n|turn|1\n|\n|t:|1776667207\n|switch|p2a: Rotom|Rotom-Wash, L50|100/100\n|move|p2b: Whimsicott|Protect|p2b: Whimsicott\n|-singleturn|p2b: Whimsicott|Protect\n|move|p1b: Incineroar|Fake Out|p2b: Whimsicott\n|-activate|p2b: Whimsicott|move: Protect\n|move|p1a: Garchomp|Earthquake|p2a: Rotom|[spread] p1b\n|-activate|p2b: Whimsicott|move: Protect\n|-immune|p2a: Rotom|[from] ability: Levitate\n|-supereffective|p1b: Incineroar|1\n|-damage|p1b: Incineroar|56/100\n|\n|-heal|p1b: Incineroar|62/100|[from] item: Leftovers\n|upkeep\n|turn|2\n|\n|t:|1776667232\n|move|p1a: Garchomp|Protect|p1a: Garchomp\n|-singleturn|p1a: Garchomp|Protect\n|move|p2b: Whimsicott|Tailwind|p2b: Whimsicott\n|-sidestart|p2: hollospollosbro38|move: Tailwind\n|move|p2a: Rotom|Hydro Pump|p1a: Garchomp\n|-activate|p1a: Garchomp|move: Protect\n|move|p1b: Incineroar|Flare Blitz|p2b: Whimsicott\n|-supereffective|p2b: Whimsicott|1\n|-enditem|p2b: Whimsicott|Focus Sash\n|-damage|p2b: Whimsicott|1/100\n|-status|p2b: Whimsicott|brn\n|-damage|p1b: Incineroar|40/100|[from] Recoil\n|\n|-heal|p1b: Incineroar|46/100|[from] item: Leftovers\n|-damage|p2b: Whimsicott|0 fnt|[from] brn\n|faint|p2b: Whimsicott\n|upkeep\n|\n|t:|1776667257\n|switch|p2b: Tyrantrum|Tyrantrum, L50, M|100/100\n|turn|3\n|\n|t:|1776667267\n|move|p2b: Tyrantrum|Earthquake|p1b: Incineroar|[spread] p1a,p1b\n|-immune|p2a: Rotom|[from] ability: Levitate\n|-supereffective|p1b: Incineroar|1\n|-damage|p1a: Garchomp|76/100\n|-damage|p1b: Incineroar|2/100\n|move|p2a: Rotom|Hydro Pump|p1a: Garchomp|[miss]\n|-miss|p2a: Rotom|p1a: Garchomp\n|move|p1a: Garchomp|Earthquake|p2a: Rotom|[spread] p1b,p2b\n|-immune|p2a: Rotom|[from] ability: Levitate\n|-supereffective|p1b: Incineroar|1\n|-supereffective|p2b: Tyrantrum|1\n|-damage|p1b: Incineroar|0 fnt\n|-damage|p2b: Tyrantrum|54/100\n|faint|p1b: Incineroar\n|\n|upkeep\n|\n|t:|1776667281\n|switch|p1b: Orthworm|Orthworm, L50, F|100/100\n|turn|4\n|\n|t:|1776667289\n|move|p2b: Tyrantrum|Earthquake|p1a: Garchomp|[spread] p1a\n|-immune|p1b: Orthworm|[from] ability: Earth Eater\n|-immune|p2a: Rotom|[from] ability: Levitate\n|-damage|p1a: Garchomp|49/100\n|move|p2a: Rotom|Thunderbolt|p1b: Orthworm\n|-crit|p1b: Orthworm\n|-damage|p1b: Orthworm|27/100\n|-enditem|p1b: Orthworm|Sitrus Berry|[eat]\n|-heal|p1b: Orthworm|52/100|[from] item: Sitrus Berry\n|move|p1a: Garchomp|Earthquake|p2b: Tyrantrum|[spread] p2b\n|-heal|p1b: Orthworm|77/100|[from] ability: Earth Eater|[of] p1a: Garchomp\n|-immune|p2a: Rotom|[from] ability: Levitate\n|-supereffective|p2b: Tyrantrum|1\n|-damage|p2b: Tyrantrum|4/100\n|move|p1b: Orthworm|Shed Tail|p1b: Orthworm\n|-start|p1b: Orthworm|Substitute|[from] move: Shed Tail\n|-damage|p1b: Orthworm|26/100\n|\n|t:|1776667306\n|switch|p1b: Froslass|Froslass, L50, F|100/100|[from] Shed Tail\n|\n|upkeep\n|turn|5\n|\n|t:|1776667322\n|switch|p2b: Arcanine|Arcanine, L50, F|100/100\n|-ability|p2b: Arcanine|Intimidate|boost\n|-unboost|p1a: Garchomp|atk|1\n|-immune|p1b: Froslass\n|detailschange|p1b: Froslass|Froslass-Mega, L50, F\n|-mega|p1b: Froslass|Froslass|Froslassite\n|-weather|Snowscape|[from] ability: Snow Warning|[of] p1b: Froslass\n|move|p1a: Garchomp|Protect|p1a: Garchomp\n|-singleturn|p1a: Garchomp|Protect\n|move|p2a: Rotom|Will-O-Wisp|p1a: Garchomp\n|-activate|p1a: Garchomp|move: Protect\n|move|p1b: Froslass|Blizzard|p2a: Rotom|[spread] p2a,p2b\n|-resisted|p2a: Rotom|1\n|-resisted|p2b: Arcanine|1\n|-damage|p2a: Rotom|69/100\n|-damage|p2b: Arcanine|70/100\n|-status|p2b: Arcanine|frz\n|\n|-weather|Snowscape|[upkeep]\n|-heal|p2a: Rotom|75/100|[from] item: Leftovers\n|-sideend|p2: hollospollosbro38|move: Tailwind\n|upkeep\n|turn|6\n|\n|t:|1776667353\n|cant|p2b: Arcanine|frz\n|move|p1a: Garchomp|Earthquake|p2a: Rotom|[spread] p1b,p2b\n|-immune|p2a: Rotom|[from] ability: Levitate\n|-activate|p1b: Froslass|move: Substitute|[damage]\n|-supereffective|p2b: Arcanine|1\n|-damage|p2b: Arcanine|24/100 frz\n|-enditem|p2b: Arcanine|Sitrus Berry|[eat]\n|-heal|p2b: Arcanine|49/100 frz|[from] item: Sitrus Berry\n|move|p1b: Froslass|Shadow Ball|p2a: Rotom\n|-damage|p2a: Rotom|15/100\n|move|p2a: Rotom|Hydro Pump|p1a: Garchomp\n|-damage|p1a: Garchomp|0 fnt\n|faint|p1a: Garchomp\n|\n|-weather|Snowscape|[upkeep]\n|-heal|p2a: Rotom|20/100|[from] item: Leftovers\n|upkeep\n|\n|t:|1776667370\n|switch|p1a: Orthworm|Orthworm, L50, F|26/100\n|turn|7\n|\n|t:|1776667378\n|move|p2a: Rotom|Protect|p2a: Rotom\n|-singleturn|p2a: Rotom|Protect\n|move|p1b: Froslass|Blizzard|p2a: Rotom|[spread] p2b\n|-activate|p2a: Rotom|move: Protect\n|-resisted|p2b: Arcanine|1\n|-damage|p2b: Arcanine|18/100 frz\n|cant|p2b: Arcanine|frz\n|move|p1a: Orthworm|Body Press|p2b: Arcanine\n|-damage|p2b: Arcanine|0 fnt\n|faint|p2b: Arcanine\n|\n|-weather|Snowscape|[upkeep]\n|-heal|p2a: Rotom|26/100|[from] item: Leftovers\n|upkeep\n|\n|t:|1776667391\n|switch|p2b: Tyrantrum|Tyrantrum, L50, M|4/100\n|turn|8\n|\n|t:|1776667415\n|move|p2b: Tyrantrum|Head Smash|p1a: Orthworm|[miss]\n|-miss|p2b: Tyrantrum|p1a: Orthworm\n|move|p1b: Froslass|Blizzard|p2a: Rotom|[spread] p2a,p2b\n|-resisted|p2a: Rotom|1\n|-supereffective|p2b: Tyrantrum|1\n|-damage|p2a: Rotom|0 fnt\n|-damage|p2b: Tyrantrum|0 fnt\n|faint|p2a: Rotom\n|faint|p2b: Tyrantrum\n|\n|win|Kokashuu\n",
  "uploadtime": 1776667424,
  "views": 17,
  "formatid": "gen9championsvgc2026regma",
  "rating": null,
  "private": 0,
  "password": null
}