{
  "id": "gen9championsvgc2026regma-2585713690",
  "format": "[Gen 9 Champions] VGC 2026 Reg M-A",
  "players": [
    "vuyiknjh",
    "VGM89"
  ],
  "log": "|j|\u203dvuyiknjh\n|j|\u2606VGM89\n|t:|1776365504\n|gametype|doubles\n|player|p1|vuyiknjh|170|1000\n|player|p2|VGM89|169|1000\n|gen|9\n|tier|[Gen 9 Champions] VGC 2026 Reg M-A\n|rated|\n|rule|Species Clause: Limit one of each Pok\u00e9mon\n|rule|Item Clause: Limit 1 of each item\n|clearpoke\n|poke|p1|Floette-Eternal, L50, F|\n|poke|p1|Farigiraf, L50, F|\n|poke|p1|Aerodactyl, L50, M|\n|poke|p1|Whimsicott, L50, F|\n|poke|p1|Chandelure, L50, M|\n|poke|p1|Kingambit, L50, M|\n|poke|p2|Tyranitar, L50, M|\n|poke|p2|Garchomp, L50, M|\n|poke|p2|Incineroar, L50, M|\n|poke|p2|Rotom-Wash, L50|\n|poke|p2|Sneasler, L50, F|\n|poke|p2|Sinistcha, L50|\n|teampreview|4\nVGM89 has agreed to open team sheets.\nvuyiknjh has agreed to open team sheets.\n|showteam|p1|Floette-Eternal||Floettite|FlowerVeil|Moonblast,DazzlingGleam,Synthesis,Protect|||F|||50|]Farigiraf||BrightPowder|ArmorTail|SunnyDay,HyperVoice,TwinBeam,Wish|||F|||50|]Aerodactyl||MentalHerb|Unnerve|WideGuard,RockSlide,Tailwind,IronHead|||M|||50|]Whimsicott||SitrusBerry|Prankster|Moonblast,SunnyDay,Taunt,Encore|||F|||50|]Chandelure||Chandelurite|FlashFire|HeatWave,ShadowBall,Protect,EnergyBall|||M|||50|]Kingambit||Leftovers|Defiant|KowtowCleave,SuckerPunch,IronHead,Protect|||M|||50|\n|showteam|p2|Tyranitar||Tyranitarite|SandStream|RockSlide,DragonDance,Protect,Crunch|||M|||50|]Garchomp||ChoiceScarf|RoughSkin|RockSlide,Earthquake,DragonClaw,PoisonJab|||M|||50|]Incineroar||ChopleBerry|Intimidate|ThroatChop,FakeOut,PartingShot,FlareBlitz|||M|||50|]Rotom-Wash||SitrusBerry|Levitate|Thunderbolt,WillOWisp,VoltSwitch,LightScreen||||||50|]Sneasler||WhiteHerb|Unburden|DireClaw,CloseCombat,FakeOut,Protect|||F|||50|]Sinistcha||MentalHerb|Hospitality|RagePowder,Imprison,TrickRoom,MatchaGotcha||||||50|\n|inactive|Battle timer is ON: inactive players will automatically lose when time's up. (requested by VGM89)\n|inactiveoff|Battle timer is now OFF.\n|inactive|Battle timer is ON: inactive players will automatically lose when time's up. (requested by VGM89)\n|\n|t:|1776365619\n|teamsize|p1|4\n|teamsize|p2|4\n|start\n|switch|p1a: Whimsicott|Whimsicott, L50, F|100/100\n|switch|p1b: Kingambit|Kingambit, L50, M|100/100\n|switch|p2a: Sneasler|Sneasler, L50, F|100/100\n|switch|p2b: Rotom|Rotom-Wash, L50|100/100\n|turn|1\n|inactive|vuyiknjh has 30 seconds left.\n|inactive|VGM89 has 30 seconds left.\n|\n|t:|1776365652\n|switch|p1a: Aerodactyl|Aerodactyl, L50, M|100/100\n|-ability|p1a: Aerodactyl|Unnerve\n|move|p2a: Sneasler|Dire Claw|p1a: Aerodactyl\n|-resisted|p1a: Aerodactyl|1\n|-damage|p1a: Aerodactyl|68/100\n|-status|p1a: Aerodactyl|psn\n|move|p2b: Rotom|Will-O-Wisp|p1b: Kingambit\n|-status|p1b: Kingambit|brn\n|move|p1b: Kingambit|Kowtow Cleave|p2b: Rotom\n|-damage|p2b: Rotom|77/100\n|\n|-damage|p1a: Aerodactyl|55/100 psn|[from] psn\n|-damage|p1b: Kingambit|95/100 brn|[from] brn\n|upkeep\n|turn|2\n|inactive|vuyiknjh has 30 seconds left.\n|inactive|VGM89 has 30 seconds left.\n|inactive|VGM89 has 20 seconds left.\n|inactive|VGM89 has 15 seconds left.\n|\n|t:|1776365694\n|move|p1a: Aerodactyl|Rock Slide|p2a: Sneasler|[spread] p2a,p2b\n|-resisted|p2a: Sneasler|1\n|-damage|p2a: Sneasler|81/100\n|-damage|p2b: Rotom|54/100\n|move|p2a: Sneasler|Close Combat|p1b: Kingambit\n|-supereffective|p1b: Kingambit|2\n|-damage|p1b: Kingambit|0 fnt\n|-unboost|p2a: Sneasler|def|1\n|-unboost|p2a: Sneasler|spd|1\n|faint|p1b: Kingambit\n|-enditem|p2a: Sneasler|White Herb\n|-clearnegativeboost|p2a: Sneasler|[silent]\n|cant|p2b: Rotom|flinch\n|\n|-damage|p1a: Aerodactyl|43/100 psn|[from] psn\n|upkeep\n|\n|t:|1776365706\n|switch|p1b: Floette|Floette-Eternal, L50, F|100/100\n|turn|3\n|inactive|VGM89 has 30 seconds left.\n|inactive|VGM89 has 20 seconds left.\n|inactive|VGM89 has 15 seconds left.\n|inactive|VGM89 has 10 seconds left.\n|inactive|VGM89 has 5 seconds left.\n|\n|t:|1776365758\n|detailschange|p1b: Floette|Floette-Mega, L50, F\n|-mega|p1b: Floette|Floette|Floettite\n|-ability|p1b: Floette|Fairy Aura\n|move|p1b: Floette|Protect|p1b: Floette\n|-singleturn|p1b: Floette|Protect\n|move|p2a: Sneasler|Dire Claw|p1b: Floette\n|-activate|p1b: Floette|move: Protect\n|move|p1a: Aerodactyl|Tailwind|p1a: Aerodactyl\n|-sidestart|p1: vuyiknjh|move: Tailwind\n|move|p2b: Rotom|Light Screen|p2b: Rotom\n|-sidestart|p2: VGM89|move: Light Screen\n|\n|-damage|p1a: Aerodactyl|31/100 psn|[from] psn\n|upkeep\n|turn|4\n|inactive|VGM89 has 30 seconds left.\n|inactive|VGM89 has 20 seconds left.\n|inactive|VGM89 has 15 seconds left.\n|inactive|VGM89 has 10 seconds left.\n|inactive|VGM89 has 5 seconds left.\n|\n|t:|1776365809\n|move|p1a: Aerodactyl|Iron Head|p2a: Sneasler\n|-damage|p2a: Sneasler|42/100\n|move|p1b: Floette|Moonblast|p2a: Sneasler\n|-damage|p2a: Sneasler|0 fnt\n|faint|p2a: Sneasler\n|move|p2b: Rotom|Thunderbolt|p1b: Floette\n|-damage|p1b: Floette|68/100\n|\n|-damage|p1a: Aerodactyl|19/100 psn|[from] psn\n|upkeep\n|\n|t:|1776365825\n|switch|p2a: Tyranitar|Tyranitar, L50, M|100/100\n|-weather|Sandstorm|[from] ability: Sand Stream|[of] p2a: Tyranitar\n|turn|5\n|inactive|VGM89 has 30 seconds left.\n|inactive|VGM89 has 20 seconds left.\n|\n|t:|1776365866\n|detailschange|p2a: Tyranitar|Tyranitar-Mega, L50, M\n|-mega|p2a: Tyranitar|Tyranitar|Tyranitarite\n|move|p1a: Aerodactyl|Wide Guard|p1a: Aerodactyl\n|-singleturn|p1a: Aerodactyl|Wide Guard\n|move|p1b: Floette|Dazzling Gleam|p2a: Tyranitar|[spread] p2a,p2b\n|-supereffective|p2a: Tyranitar|1\n|-damage|p2a: Tyranitar|70/100\n|-damage|p2b: Rotom|21/100\n|move|p2a: Tyranitar|Dragon Dance|p2a: Tyranitar\n|-boost|p2a: Tyranitar|atk|1\n|-boost|p2a: Tyranitar|spe|1\n|move|p2b: Rotom|Volt Switch|p1a: Aerodactyl\n|-supereffective|p1a: Aerodactyl|1\n|-damage|p1a: Aerodactyl|0 fnt\n|-enditem|p2b: Rotom|Sitrus Berry|[eat]\n|-heal|p2b: Rotom|46/100|[from] item: Sitrus Berry\n|faint|p1a: Aerodactyl\n|\n|t:|1776365881\n|switch|p2b: Sinistcha|Sinistcha, L50|100/100|[from] Volt Switch\n|-heal|p2a: Tyranitar|95/100|[from] ability: Hospitality|[of] p2b: Sinistcha\n|\n|-weather|Sandstorm|[upkeep]\n|-damage|p1b: Floette|62/100|[from] Sandstorm\n|-damage|p2b: Sinistcha|94/100|[from] Sandstorm\n|upkeep\n|\n|t:|1776365886\n|switch|p1a: Whimsicott|Whimsicott, L50, F|100/100\n|turn|6\n|inactive|VGM89 has 30 seconds left.\n|inactive|VGM89 has 20 seconds left.\n|inactive|VGM89 has 15 seconds left.\n|inactive|VGM89 has 10 seconds left.\n|inactive|VGM89 has 5 seconds left.\n|\n|t:|1776365940\n|move|p2b: Sinistcha|Rage Powder|p2b: Sinistcha\n|-singleturn|p2b: Sinistcha|move: Rage Powder\n|move|p1a: Whimsicott|Sunny Day|p1a: Whimsicott\n|-weather|SunnyDay\n|move|p1b: Floette|Synthesis|p1b: Floette\n|-heal|p1b: Floette|100/100\n|move|p2a: Tyranitar|Rock Slide|p1b: Floette|[spread] p1a,p1b\n|-damage|p1a: Whimsicott|59/100\n|-damage|p1b: Floette|33/100\n|\n|-weather|SunnyDay|[upkeep]\n|-sideend|p1: vuyiknjh|move: Tailwind\n|upkeep\n|turn|7\n|\n|t:|1776365961\n|move|p2a: Tyranitar|Dragon Dance|p2a: Tyranitar\n|-boost|p2a: Tyranitar|atk|1\n|-boost|p2a: Tyranitar|spe|1\n|move|p1b: Floette|Synthesis|p1b: Floette\n|-heal|p1b: Floette|99/100\n|move|p1a: Whimsicott|Moonblast|p2a: Tyranitar\n|-supereffective|p2a: Tyranitar|1\n|-damage|p2a: Tyranitar|61/100\n|move|p2b: Sinistcha|Matcha Gotcha|p1b: Floette|[spread] p1a,p1b\n|-resisted|p1a: Whimsicott|1\n|-damage|p1a: Whimsicott|42/100\n|-heal|p2b: Sinistcha|100/100|[from] drain|[of] p1a: Whimsicott\n|-damage|p1b: Floette|78/100\n|-enditem|p1a: Whimsicott|Sitrus Berry|[eat]\n|-heal|p1a: Whimsicott|67/100|[from] item: Sitrus Berry\n|\n|-weather|SunnyDay|[upkeep]\n|-sideend|p2: VGM89|move: Light Screen\n|upkeep\n|turn|8\n|inactive|VGM89 has 30 seconds left.\n|inactive|VGM89 has 20 seconds left.\n|l|\u203dvuyiknjh\n|inactive|vuyiknjh disconnected and has a minute to reconnect!\n|player|p1|\n|inactive|VGM89 has 15 seconds left.\n|\n|t:|1776366004\n|move|p2b: Sinistcha|Rage Powder|p2b: Sinistcha\n|-singleturn|p2b: Sinistcha|move: Rage Powder\n|move|p1a: Whimsicott|Encore|p2a: Tyranitar\n|-hint|Since gen 7, Dark is immune to Prankster moves.\n|-immune|p2a: Tyranitar\n|move|p2a: Tyranitar|Dragon Dance|p2a: Tyranitar\n|-boost|p2a: Tyranitar|atk|1\n|-boost|p2a: Tyranitar|spe|1\n|move|p1b: Floette|Dazzling Gleam|p2a: Tyranitar|[spread] p2a,p2b\n|-supereffective|p2a: Tyranitar|1\n|-damage|p2a: Tyranitar|0 fnt\n|-damage|p2b: Sinistcha|60/100\n|faint|p2a: Tyranitar\n|\n|-weather|SunnyDay|[upkeep]\n|upkeep\n|j|\u203dvuyiknjh\n|inactive|vuyiknjh reconnected.\n|player|p1|vuyiknjh|170|\n|n|\u203dvuyiknjh|vuyiknjh\n|\n|t:|1776366016\n|switch|p2a: Rotom|Rotom-Wash, L50|46/100\n|turn|9\n|\n|t:|1776366039\n|move|p1a: Whimsicott|Taunt|p2b: Sinistcha\n|-start|p2b: Sinistcha|move: Taunt\n|-enditem|p2b: Sinistcha|Mental Herb\n|-end|p2b: Sinistcha|move: Taunt\n|move|p1b: Floette|Moonblast|p2a: Rotom\n|-damage|p2a: Rotom|0 fnt\n|faint|p2a: Rotom\n|move|p2b: Sinistcha|Matcha Gotcha|p1a: Whimsicott|[spread] p1a,p1b\n|-resisted|p1a: Whimsicott|1\n|-damage|p1a: Whimsicott|51/100\n|-heal|p2b: Sinistcha|68/100|[from] drain|[of] p1a: Whimsicott\n|-damage|p1b: Floette|55/100\n|-heal|p2b: Sinistcha|79/100|[from] drain|[of] p1b: Floette\n|\n|-weather|SunnyDay|[upkeep]\n|upkeep\n|turn|10\n|inactiveoff|Battle timer is now OFF.\n|inactive|Battle timer is ON: inactive players will automatically lose when time's up. (requested by vuyiknjh)\n|-message|VGM89 forfeited.\n|\n|win|vuyiknjh\n|raw|vuyiknjh's rating: 1000 &rarr; <strong>1040</strong><br />(+40 for winning)\n|raw|VGM89's rating: 1000 &rarr; <strong>1000</strong><br />(+0 for losing)\n|l|\u2606VGM89\n|player|p2|\n|l|\u203dvuyiknjh\n|player|p1|\n",
  "uploadtime": 1776366069,
  "views": 17,
  "formatid": "gen9championsvgc2026regma",
  "rating": 1000,
  "private": 0,
  "password": null
}