{
  "id": "gen9championsvgc2026regma-2583542780",
  "format": "[Gen 9 Champions] VGC 2026 Reg M-A",
  "players": [
    "mofriu4334",
    "zCesarsub"
  ],
  "log": "|j|\u2606mofriu4334\n|j|\u2606zCesarsub\n|t:|1776182251\n|gametype|doubles\n|player|p1|mofriu4334|bianca|\n|player|p2|zCesarsub|iris-gen5bw2|\n|gen|9\n|tier|[Gen 9 Champions] VGC 2026 Reg M-A\n|rule|Species Clause: Limit one of each Pok\u00e9mon\n|rule|Item Clause: Limit 1 of each item\n|clearpoke\n|poke|p1|Scizor, L50, M|\n|poke|p1|Rotom-Wash, L50|\n|poke|p1|Sylveon, L50, M|\n|poke|p1|Incineroar, L50, F|\n|poke|p1|Garchomp, L50, M|\n|poke|p1|Dragonite, L50, F|\n|poke|p2|Politoed, L50, M|\n|poke|p2|Basculegion, L50, M|\n|poke|p2|Sinistcha, L50|\n|poke|p2|Incineroar, L50, M|\n|poke|p2|Jolteon, L50, F|\n|poke|p2|Scizor, L50, M|\n|teampreview|4\n|\n|t:|1776182284\n|teamsize|p1|4\n|teamsize|p2|4\n|start\n|switch|p1a: Dragonite|Dragonite, L50, F, shiny|100/100\n|switch|p1b: Sylveon|Sylveon, L50, M, shiny|100/100\n|switch|p2a: Politoed|Politoed, L50, M|100/100\n|switch|p2b: Basculegion|Basculegion, L50, M, shiny|100/100\n|-weather|RainDance|[from] ability: Drizzle|[of] p2a: Politoed\n|turn|1\n|\n|t:|1776182301\n|detailschange|p1a: Dragonite|Dragonite-Mega, L50, F, shiny\n|-mega|p1a: Dragonite|Dragonite|Dragoninite\n|move|p2a: Politoed|Helping Hand|p2b: Basculegion\n|-singleturn|p2b: Basculegion|Helping Hand|[of] p2a: Politoed\n|move|p1a: Dragonite|Protect|p1a: Dragonite\n|-singleturn|p1a: Dragonite|Protect\n|move|p2b: Basculegion|Wave Crash|p1b: Sylveon\n|-damage|p1b: Sylveon|0 fnt\n|faint|p1b: Sylveon\n|-damage|p2b: Basculegion|69/100|[from] Recoil\n|\n|-weather|RainDance|[upkeep]\n|upkeep\n|\n|t:|1776182320\n|switch|p1b: Garchomp|Garchomp, L50, M|100/100\n|turn|2\n|\n|t:|1776182337\n|move|p2b: Basculegion|Ice Fang|p1a: Dragonite\n|-supereffective|p1a: Dragonite|2\n|-damage|p1a: Dragonite|57/100\n|move|p1b: Garchomp|Dragon Claw|p2b: Basculegion\n|-damage|p2b: Basculegion|16/100\n|move|p1a: Dragonite|Dragon Dance|p1a: Dragonite\n|-boost|p1a: Dragonite|atk|1\n|-boost|p1a: Dragonite|spe|1\n|move|p2a: Politoed|Icy Wind|p1a: Dragonite|[spread] p1a,p1b\n|-supereffective|p1a: Dragonite|2\n|-supereffective|p1b: Garchomp|2\n|-crit|p1b: Garchomp\n|-enditem|p1b: Garchomp|Yache Berry|[eat]\n|-enditem|p1b: Garchomp|Yache Berry|[weaken]\n|-damage|p1a: Dragonite|25/100\n|-damage|p1b: Garchomp|71/100\n|-unboost|p1a: Dragonite|spe|1\n|-unboost|p1b: Garchomp|spe|1\n|\n|-weather|RainDance|[upkeep]\n|upkeep\n|turn|3\n|j| felipe_officiale\n|\n|t:|1776182359\n|move|p2a: Politoed|Helping Hand|p2b: Basculegion\n|-singleturn|p2b: Basculegion|Helping Hand|[of] p2a: Politoed\n|move|p1a: Dragonite|Extreme Speed|p2b: Basculegion\n|-immune|p2b: Basculegion\n|move|p2b: Basculegion|Ice Fang|p1a: Dragonite\n|-supereffective|p1a: Dragonite|2\n|-damage|p1a: Dragonite|0 fnt\n|faint|p1a: Dragonite\n|move|p1b: Garchomp|Dragon Claw|p2a: Politoed\n|-damage|p2a: Politoed|61/100\n|\n|-weather|RainDance|[upkeep]\n|upkeep\n|\n|t:|1776182375\n|switch|p1a: Incineroar|Incineroar, L50, F|100/100\n|-ability|p1a: Incineroar|Intimidate|boost\n|-unboost|p2a: Politoed|atk|1\n|-unboost|p2b: Basculegion|atk|1\n|turn|4\n|\n|t:|1776182397\n|move|p2a: Politoed|Helping Hand|p2b: Basculegion\n|-singleturn|p2b: Basculegion|Helping Hand|[of] p2a: Politoed\n|move|p1a: Incineroar|Fake Out|p2b: Basculegion\n|-immune|p2b: Basculegion\n|move|p2b: Basculegion|Ice Fang|p1b: Garchomp\n|-supereffective|p1b: Garchomp|2\n|-damage|p1b: Garchomp|0 fnt\n|-damage|p2b: Basculegion|4/100|[from] ability: Rough Skin|[of] p1b: Garchomp\n|faint|p1b: Garchomp\n|\n|-weather|RainDance|[upkeep]\n|upkeep\n|turn|5\n|\n|t:|1776182412\n|move|p2b: Basculegion|Wave Crash|p1a: Incineroar\n|-supereffective|p1a: Incineroar|1\n|-damage|p1a: Incineroar|0 fnt\n|faint|p1a: Incineroar\n|-damage|p2b: Basculegion|0 fnt|[from] Recoil\n|faint|p2b: Basculegion\n|\n|win|zCesarsub\n|l|\u2606mofriu4334\n|player|p1|\n",
  "uploadtime": 1776182434,
  "views": 13,
  "formatid": "gen9championsvgc2026regma",
  "rating": null,
  "private": 0,
  "password": null
}