{
  "id": "gen9championsvgc2026regma-2584409325",
  "format": "[Gen 9 Champions] VGC 2026 Reg M-A",
  "players": [
    "KogaAF1219",
    "stbaiX"
  ],
  "log": "|j|\u2606KogaAF1219\n|j|\u2606stbaiX\n|t:|1776258805\n|gametype|doubles\n|player|p1|KogaAF1219|koga|1340\n|player|p2|stbaiX|janitor|1361\n|gen|9\n|tier|[Gen 9 Champions] VGC 2026 Reg M-A\n|rated|\n|rule|Species Clause: Limit one of each Pok\u00e9mon\n|rule|Item Clause: Limit 1 of each item\n|clearpoke\n|poke|p1|Torkoal, L50, M|\n|poke|p1|Venusaur, L50, M|\n|poke|p1|Incineroar, L50, M|\n|poke|p1|Farigiraf, L50, M|\n|poke|p1|Rotom-Fan, L50|\n|poke|p1|Excadrill, L50, M|\n|poke|p2|Tyranitar, L50, M|\n|poke|p2|Excadrill, L50, F|\n|poke|p2|Aerodactyl, L50, F|\n|poke|p2|Rotom-Wash, L50|\n|poke|p2|Milotic, L50, M|\n|poke|p2|Meganium, L50, M|\n|teampreview|4\n|inactive|Battle timer is ON: inactive players will automatically lose when time's up. (requested by stbaiX)\n|\n|t:|1776258814\n|teamsize|p1|4\n|teamsize|p2|4\n|start\n|switch|p1a: Rotom|Rotom-Fan, L50|100/100\n|switch|p1b: Excadrill|Excadrill, L50, M|100/100\n|switch|p2a: Aerodactyl|Aerodactyl, L50, F|100/100\n|switch|p2b: Rotom|Rotom-Wash, L50|100/100\n|-ability|p2a: Aerodactyl|Unnerve\n|-ability|p1b: Excadrill|Mold Breaker\n|turn|1\n|\n|t:|1776258822\n|move|p1a: Rotom|Discharge|p2b: Rotom|[spread] p2a,p2b\n|-immune|p1b: Excadrill\n|-supereffective|p2a: Aerodactyl|1\n|-damage|p2a: Aerodactyl|39/100\n|-damage|p2b: Rotom|76/100\n|-status|p2a: Aerodactyl|par\n|move|p1b: Excadrill|Earthquake|p2b: Rotom|[spread] p2b\n|-immune|p1a: Rotom\n|-immune|p2a: Aerodactyl\n|-supereffective|p2b: Rotom|1\n|-damage|p2b: Rotom|0 fnt\n|faint|p2b: Rotom\n|move|p2a: Aerodactyl|Tailwind|p2a: Aerodactyl\n|-sidestart|p2: stbaiX|move: Tailwind\n|\n|upkeep\n|\n|t:|1776258833\n|switch|p2b: Excadrill|Excadrill, L50, F|100/100\n|turn|2\n|\n|t:|1776258842\n|detailschange|p2b: Excadrill|Excadrill-Mega, L50, F\n|-mega|p2b: Excadrill|Excadrill|Excadrite\n|move|p2b: Excadrill|High Horsepower|p1b: Excadrill\n|-supereffective|p1b: Excadrill|1\n|-enditem|p1b: Excadrill|Focus Sash\n|-damage|p1b: Excadrill|1/100\n|move|p1a: Rotom|Discharge|p2b: Excadrill|[spread] p2a\n|-immune|p1b: Excadrill\n|-immune|p2b: Excadrill\n|-supereffective|p2a: Aerodactyl|1\n|-damage|p2a: Aerodactyl|0 fnt\n|faint|p2a: Aerodactyl\n|move|p1b: Excadrill|Earthquake|p2b: Excadrill|[spread] p2b\n|-immune|p1a: Rotom\n|-supereffective|p2b: Excadrill|1\n|-damage|p2b: Excadrill|32/100\n|\n|upkeep\n|\n|t:|1776258847\n|switch|p2a: Tyranitar|Tyranitar, L50, M|100/100\n|-weather|Sandstorm|[from] ability: Sand Stream|[of] p2a: Tyranitar\n|turn|3\n|\n|t:|1776258860\n|move|p1b: Excadrill|Protect|p1b: Excadrill\n|-singleturn|p1b: Excadrill|Protect\n|move|p2b: Excadrill|Rock Slide|p1b: Excadrill|[spread] p1a\n|-activate|p1b: Excadrill|move: Protect\n|-supereffective|p1a: Rotom|1\n|-damage|p1a: Rotom|51/100\n|cant|p1a: Rotom|flinch\n|move|p2a: Tyranitar|Rock Slide|p1b: Excadrill|[spread] \n|-activate|p1b: Excadrill|move: Protect\n|-miss|p2a: Tyranitar|p1a: Rotom\n|\n|-weather|Sandstorm|[upkeep]\n|-damage|p1a: Rotom|45/100|[from] Sandstorm\n|upkeep\n|turn|4\n|\n|t:|1776258872\n|move|p2b: Excadrill|Rock Slide|p1b: Excadrill|[spread] p1b\n|-miss|p2b: Excadrill|p1a: Rotom\n|-resisted|p1b: Excadrill|2\n|-damage|p1b: Excadrill|0 fnt\n|faint|p1b: Excadrill\n|move|p1a: Rotom|Discharge|p2b: Excadrill|[spread] p2a\n|-immune|p2b: Excadrill\n|-damage|p2a: Tyranitar|86/100\n|move|p2a: Tyranitar|Rock Slide|p1a: Rotom\n|-supereffective|p1a: Rotom|1\n|-damage|p1a: Rotom|0 fnt\n|faint|p1a: Rotom\n|\n|-weather|Sandstorm|[upkeep]\n|-sideend|p2: stbaiX|move: Tailwind\n|upkeep\n|\n|t:|1776258882\n|switch|p1b: Torkoal|Torkoal, L50, M|100/100\n|switch|p1a: Venusaur|Venusaur, L50, M|100/100\n|-weather|SunnyDay|[from] ability: Drought|[of] p1b: Torkoal\n|turn|5\n|\n|t:|1776258899\n|move|p1a: Venusaur|Sleep Powder|p2b: Excadrill|[miss]\n|-miss|p1a: Venusaur|p2b: Excadrill\n|move|p2b: Excadrill|High Horsepower|p1b: Torkoal\n|-supereffective|p1b: Torkoal|1\n|-damage|p1b: Torkoal|4/100\n|move|p2a: Tyranitar|Rock Slide|p1a: Venusaur|[spread] p1a\n|-miss|p2a: Tyranitar|p1b: Torkoal\n|-damage|p1a: Venusaur|52/100\n|move|p1b: Torkoal|Heat Wave|p2a: Tyranitar|[spread] p2a,p2b\n|-resisted|p2a: Tyranitar|1\n|-supereffective|p2b: Excadrill|1\n|-damage|p2a: Tyranitar|60/100\n|-damage|p2b: Excadrill|0 fnt\n|faint|p2b: Excadrill\n|\n|-weather|SunnyDay|[upkeep]\n|upkeep\n|turn|6\n|\n|t:|1776258911\n|move|p1a: Venusaur|Sleep Powder|p2a: Tyranitar|[miss]\n|-miss|p1a: Venusaur|p2a: Tyranitar\n|move|p2a: Tyranitar|Rock Slide|p1a: Venusaur|[spread] p1a,p1b\n|-supereffective|p1b: Torkoal|1\n|-damage|p1a: Venusaur|7/100\n|-damage|p1b: Torkoal|0 fnt\n|faint|p1b: Torkoal\n|\n|-weather|SunnyDay|[upkeep]\n|upkeep\n|turn|7\n|\n|t:|1776258916\n|detailschange|p1a: Venusaur|Venusaur-Mega, L50, M\n|-mega|p1a: Venusaur|Venusaur|Venusaurite\n|move|p2a: Tyranitar|Protect|p2a: Tyranitar\n|-singleturn|p2a: Tyranitar|Protect\n|move|p1a: Venusaur|Energy Ball|p2a: Tyranitar\n|-activate|p2a: Tyranitar|move: Protect\n|\n|-weather|SunnyDay|[upkeep]\n|upkeep\n|turn|8\n|\n|t:|1776258921\n|move|p1a: Venusaur|Energy Ball|p2a: Tyranitar\n|-supereffective|p2a: Tyranitar|1\n|-damage|p2a: Tyranitar|0 fnt\n|faint|p2a: Tyranitar\n|\n|win|KogaAF1219\n|raw|KogaAF1219's rating: 1340 &rarr; <strong>1361</strong><br />(+21 for winning)\n|raw|stbaiX's rating: 1361 &rarr; <strong>1340</strong><br />(-21 for losing)\n|l|\u2606stbaiX\n|player|p2|\n",
  "uploadtime": 1776258924,
  "views": 31,
  "formatid": "gen9championsvgc2026regma",
  "rating": 1340,
  "private": 0,
  "password": null
}