{
  "id": "gen9championsvgc2026regma-2586157281",
  "format": "[Gen 9 Champions] VGC 2026 Reg M-A",
  "players": [
    "Bertorium7",
    "UnImpeded"
  ],
  "log": "|j|\u2606Bertorium7\n|j|\u2606UnImpeded\n|t:|1776406280\n|gametype|doubles\n|player|p1|Bertorium7|265|1172\n|player|p2|UnImpeded|101|1247\n|gen|9\n|tier|[Gen 9 Champions] VGC 2026 Reg M-A\n|rated|\n|rule|Species Clause: Limit one of each Pok\u00e9mon\n|rule|Item Clause: Limit 1 of each item\n|clearpoke\n|poke|p1|Feraligatr, L50, M|\n|poke|p1|Pelipper, L50, M|\n|poke|p1|Rotom-Frost, L50|\n|poke|p1|Golurk, L50|\n|poke|p1|Incineroar, L50, F|\n|poke|p1|Farigiraf, L50, M|\n|poke|p2|Excadrill, L50, M|\n|poke|p2|Tyranitar, L50, M|\n|poke|p2|Delphox, L50, M|\n|poke|p2|Sinistcha, L50|\n|poke|p2|Gyarados, L50, M|\n|poke|p2|Kommo-o, L50, F|\n|teampreview|4\n|inactive|Battle timer is ON: inactive players will automatically lose when time's up. (requested by Bertorium7)\n|\n|t:|1776406318\n|teamsize|p1|4\n|teamsize|p2|4\n|start\n|switch|p1a: Farigiraf|Farigiraf, L50, M|100/100\n|switch|p1b: Incineroar|Incineroar, L50, F|100/100\n|switch|p2a: Gyarados|Gyarados, L50, M|100/100\n|switch|p2b: Sinistcha|Sinistcha, L50|100/100\n|-ability|p2a: Gyarados|Intimidate|boost\n|-unboost|p1a: Farigiraf|atk|1\n|-unboost|p1b: Incineroar|atk|1\n|-ability|p1b: Incineroar|Intimidate|boost\n|-unboost|p2a: Gyarados|atk|1\n|-unboost|p2b: Sinistcha|atk|1\n|turn|1\n|\n|t:|1776406334\n|switch|p2b: Tyranitar|Tyranitar, L50, M|100/100\n|-weather|Sandstorm|[from] ability: Sand Stream|[of] p2b: Tyranitar\n|move|p1b: Incineroar|Fake Out|p2a: Gyarados\n|-damage|p2a: Gyarados|95/100\n|cant|p2a: Gyarados|flinch\n|move|p1a: Farigiraf|Trick Room|p1a: Farigiraf\n|-fieldstart|move: Trick Room|[of] p1a: Farigiraf\n|\n|-weather|Sandstorm|[upkeep]\n|-damage|p1a: Farigiraf|94/100|[from] Sandstorm\n|-damage|p1b: Incineroar|94/100|[from] Sandstorm\n|-damage|p2a: Gyarados|89/100|[from] Sandstorm\n|upkeep\n|turn|2\n|\n|t:|1776406358\n|move|p1a: Farigiraf|Psychic|p2a: Gyarados\n|-damage|p2a: Gyarados|63/100\n|move|p1b: Incineroar|Parting Shot|p2b: Tyranitar\n|-unboost|p2b: Tyranitar|atk|1\n|-unboost|p2b: Tyranitar|spa|1\n|\n|t:|1776406365\n|switch|p1b: Golurk|Golurk, L50|100/100|[from] Parting Shot\n|move|p2b: Tyranitar|Rock Slide|p1b: Golurk|[spread] p1b\n|-miss|p2b: Tyranitar|p1a: Farigiraf\n|-resisted|p1b: Golurk|1\n|-damage|p1b: Golurk|89/100\n|move|p2a: Gyarados|Waterfall|p1b: Golurk\n|-supereffective|p1b: Golurk|1\n|-damage|p1b: Golurk|43/100\n|\n|-weather|Sandstorm|[upkeep]\n|-damage|p1a: Farigiraf|88/100|[from] Sandstorm\n|-damage|p2a: Gyarados|57/100|[from] Sandstorm\n|upkeep\n|turn|3\n|\n|t:|1776406380\n|switch|p2b: Sinistcha|Sinistcha, L50|100/100\n|-heal|p2a: Gyarados|82/100|[from] ability: Hospitality|[of] p2b: Sinistcha\n|detailschange|p1b: Golurk|Golurk-Mega, L50\n|-mega|p1b: Golurk|Golurk|Golurkite\n|move|p1b: Golurk|Drain Punch|p2b: Sinistcha\n|-immune|p2b: Sinistcha\n|move|p1a: Farigiraf|Psychic|p2a: Gyarados\n|-damage|p2a: Gyarados|56/100\n|move|p2a: Gyarados|Waterfall|p1b: Golurk\n|-supereffective|p1b: Golurk|1\n|-damage|p1b: Golurk|7/100\n|\n|-weather|Sandstorm|[upkeep]\n|-damage|p1a: Farigiraf|82/100|[from] Sandstorm\n|-damage|p2b: Sinistcha|94/100|[from] Sandstorm\n|-damage|p2a: Gyarados|50/100|[from] Sandstorm\n|upkeep\n|turn|4\n|inactive|UnImpeded has 30 seconds left.\n|\n|t:|1776406406\n|switch|p2b: Tyranitar|Tyranitar, L50, M|100/100\n|move|p1b: Golurk|Poltergeist|p2a: Gyarados\n|-activate|p2a: Gyarados|move: Poltergeist|Lum Berry\n|-damage|p2a: Gyarados|0 fnt\n|faint|p2a: Gyarados\n|move|p1a: Farigiraf|Psychic|p2b: Tyranitar\n|-immune|p2b: Tyranitar\n|\n|-weather|Sandstorm|[upkeep]\n|-damage|p1a: Farigiraf|76/100|[from] Sandstorm\n|upkeep\n|\n|t:|1776406413\n|switch|p2a: Excadrill|Excadrill, L50, M|100/100\n|turn|5\n|\n|t:|1776406434\n|switch|p2a: Sinistcha|Sinistcha, L50|94/100\n|move|p2b: Tyranitar|Protect|p2b: Tyranitar\n|-singleturn|p2b: Tyranitar|Protect\n|move|p1b: Golurk|Drain Punch|p2b: Tyranitar\n|-supereffective|p2b: Tyranitar|2\n|-enditem|p2b: Tyranitar|Chople Berry|[eat]\n|-enditem|p2b: Tyranitar|Chople Berry|[weaken]\n|-ability|p1b: Golurk|Unseen Fist\n|-zbroken|p2b: Tyranitar\n|-damage|p2b: Tyranitar|88/100\n|-heal|p1b: Golurk|13/100|[from] drain|[of] p2b: Tyranitar\n|move|p1a: Farigiraf|Hyper Voice|p2b: Tyranitar|[spread] \n|-activate|p2b: Tyranitar|move: Protect\n|-immune|p2a: Sinistcha\n|\n|-weather|none\n|-fieldend|move: Trick Room\n|upkeep\n|turn|6\n|\n|t:|1776406450\n|switch|p1b: Incineroar|Incineroar, L50, F|94/100\n|-ability|p1b: Incineroar|Intimidate|boost\n|-unboost|p2a: Sinistcha|atk|1\n|-unboost|p2b: Tyranitar|atk|1\n|move|p2a: Sinistcha|Matcha Gotcha|p1a: Farigiraf|[spread] p1a,p1b\n|-resisted|p1b: Incineroar|1\n|-damage|p1a: Farigiraf|57/100\n|-heal|p2a: Sinistcha|100/100|[from] drain|[of] p1a: Farigiraf\n|-damage|p1b: Incineroar|84/100\n|move|p2b: Tyranitar|Crunch|p1a: Farigiraf\n|-supereffective|p1a: Farigiraf|1\n|-enditem|p1a: Farigiraf|Colbur Berry|[eat]\n|-enditem|p1a: Farigiraf|Colbur Berry|[weaken]\n|-damage|p1a: Farigiraf|34/100\n|move|p1a: Farigiraf|Trick Room|p1a: Farigiraf\n|-fieldstart|move: Trick Room|[of] p1a: Farigiraf\n|\n|upkeep\n|turn|7\n|\n|t:|1776406471\n|move|p1a: Farigiraf|Psychic|p2a: Sinistcha\n|-damage|p2a: Sinistcha|70/100\n|move|p1b: Incineroar|Flare Blitz|p2a: Sinistcha\n|-supereffective|p2a: Sinistcha|1\n|-damage|p2a: Sinistcha|0 fnt\n|faint|p2a: Sinistcha\n|-damage|p1b: Incineroar|64/100|[from] Recoil\n|move|p2b: Tyranitar|Rock Slide|p1a: Farigiraf|[spread] p1a,p1b\n|-supereffective|p1b: Incineroar|1\n|-damage|p1a: Farigiraf|18/100\n|-damage|p1b: Incineroar|29/100\n|\n|upkeep\n|\n|t:|1776406477\n|switch|p2a: Excadrill|Excadrill, L50, M|100/100\n|turn|8\n|\n|t:|1776406495\n|move|p2a: Excadrill|Protect|p2a: Excadrill\n|-singleturn|p2a: Excadrill|Protect\n|move|p1a: Farigiraf|Psychic|p2a: Excadrill\n|-activate|p2a: Excadrill|move: Protect\n|move|p1b: Incineroar|Parting Shot|p2b: Tyranitar\n|-unboost|p2b: Tyranitar|atk|1\n|-unboost|p2b: Tyranitar|spa|1\n|\n|t:|1776406502\n|switch|p1b: Rotom|Rotom-Frost, L50|100/100|[from] Parting Shot\n|move|p2b: Tyranitar|Crunch|p1a: Farigiraf\n|-supereffective|p1a: Farigiraf|1\n|-damage|p1a: Farigiraf|0 fnt\n|faint|p1a: Farigiraf\n|\n|upkeep\n|\n|t:|1776406505\n|switch|p1a: Golurk|Golurk-Mega, L50|13/100\n|turn|9\n|\n|t:|1776406518\n|move|p1a: Golurk|Earthquake|p2a: Excadrill|[spread] p2a,p2b\n|-immune|p1b: Rotom|[from] ability: Levitate\n|-supereffective|p2a: Excadrill|1\n|-supereffective|p2b: Tyranitar|1\n|-enditem|p2a: Excadrill|Focus Sash\n|-damage|p2a: Excadrill|1/100\n|-damage|p2b: Tyranitar|12/100\n|move|p2b: Tyranitar|Rock Slide|p1a: Golurk|[spread] p1a,p1b\n|-resisted|p1a: Golurk|1\n|-crit|p1a: Golurk\n|-supereffective|p1b: Rotom|1\n|-damage|p1a: Golurk|0 fnt\n|-damage|p1b: Rotom|65/100\n|faint|p1a: Golurk\n|move|p1b: Rotom|Blizzard|p2a: Excadrill|[spread] p2a,p2b\n|-damage|p2a: Excadrill|0 fnt\n|-damage|p2b: Tyranitar|0 fnt\n|faint|p2a: Excadrill\n|faint|p2b: Tyranitar\n|\n|win|Bertorium7\n|raw|Bertorium7's rating: 1172 &rarr; <strong>1202</strong><br />(+30 for winning)\n|raw|UnImpeded's rating: 1247 &rarr; <strong>1217</strong><br />(-30 for losing)\n|l|\u2606UnImpeded\n|player|p2|\n",
  "uploadtime": 1776406546,
  "views": 38,
  "formatid": "gen9championsvgc2026regma",
  "rating": 1202,
  "private": 0,
  "password": null
}