{
  "id": "gen9championsvgc2026regma-2584637840",
  "format": "[Gen 9 Champions] VGC 2026 Reg M-A",
  "players": [
    "iLiseq",
    "KogaAF1219"
  ],
  "log": "|j|\u2606iLiseq\n|j|\u2606KogaAF1219\n|t:|1776273686\n|gametype|doubles\n|player|p1|iLiseq|guzma|1204\n|player|p2|KogaAF1219|koga|1281\n|gen|9\n|tier|[Gen 9 Champions] VGC 2026 Reg M-A\n|rated|\n|rule|Species Clause: Limit one of each Pok\u00e9mon\n|rule|Item Clause: Limit 1 of each item\n|clearpoke\n|poke|p1|Drampa, L50, M|\n|poke|p1|Alakazam, L50, M|\n|poke|p1|Sinistcha, L50|\n|poke|p1|Basculegion, L50, M|\n|poke|p1|Scizor, L50, F|\n|poke|p1|Pelipper, L50, M|\n|poke|p2|Torkoal, L50, F|\n|poke|p2|Venusaur, L50, M|\n|poke|p2|Incineroar, L50, M|\n|poke|p2|Farigiraf, L50, M|\n|poke|p2|Rotom-Fan, L50|\n|poke|p2|Excadrill, L50, F|\n|teampreview|4\nKogaAF1219 has agreed to open team sheets.\n|inactive|Battle timer is ON: inactive players will automatically lose when time's up. (requested by iLiseq)\n|\n|t:|1776273724\n|teamsize|p1|4\n|teamsize|p2|4\n|start\n|switch|p1a: Drampa|Drampa, L50, M|100/100\n|switch|p1b: Alakazam|Alakazam, L50, M|100/100\n|switch|p2a: Incineroar|Incineroar, L50, M|100/100\n|switch|p2b: Venusaur|Venusaur, L50, M|100/100\n|-ability|p2a: Incineroar|Intimidate|boost\n|-unboost|p1a: Drampa|atk|1\n|-fail|p1b: Alakazam|unboost|Attack|[from] ability: Inner Focus|[of] p1b: Alakazam\n|-ability|p1a: Drampa|Cloud Nine\n|turn|1\n|\n|t:|1776273745\n|detailschange|p1a: Drampa|Drampa-Mega, L50, M\n|-mega|p1a: Drampa|Drampa|Drampanite\n|move|p1a: Drampa|Protect|p1a: Drampa\n|-singleturn|p1a: Drampa|Protect\n|move|p2a: Incineroar|Fake Out|p1b: Alakazam\n|-damage|p1b: Alakazam|75/100\n|move|p1b: Alakazam|Light Screen|p1b: Alakazam\n|-sidestart|p1: iLiseq|move: Light Screen\n|move|p2b: Venusaur|Sleep Powder|p1b: Alakazam\n|-status|p1b: Alakazam|slp|[from] move: Sleep Powder\n|\n|upkeep\n|turn|2\n|\n|t:|1776273769\n|switch|p2a: Rotom|Rotom-Fan, L50|100/100\n|cant|p1b: Alakazam|slp\n|move|p2b: Venusaur|Giga Drain|p1b: Alakazam\n|-damage|p1b: Alakazam|50/100 slp\n|move|p1a: Drampa|Hyper Voice|p2a: Rotom|[spread] p2a,p2b\n|-damage|p2a: Rotom|55/100\n|-damage|p2b: Venusaur|52/100\n|\n|upkeep\n|turn|3\n|\n|t:|1776273784\n|move|p2a: Rotom|Volt Switch|p1b: Alakazam\n|-damage|p1b: Alakazam|30/100 slp\n|\n|t:|1776273786\n|switch|p2a: Torkoal|Torkoal, L50, F|100/100|[from] Volt Switch\n|-weather|SunnyDay|[from] ability: Drought|[of] p2a: Torkoal\n|move|p2b: Venusaur|Giga Drain|p1b: Alakazam\n|-damage|p1b: Alakazam|5/100 slp\n|-heal|p2b: Venusaur|65/100|[from] drain|[of] p1b: Alakazam\n|-curestatus|p1b: Alakazam|slp|[msg]\n|move|p1b: Alakazam|Speed Swap|p1a: Drampa\n|-activate|p1b: Alakazam|move: Speed Swap|[of] p1a: Drampa\n|move|p1a: Drampa|Hyper Voice|p2b: Venusaur|[spread] p2a,p2b\n|-damage|p2a: Torkoal|45/100\n|-damage|p2b: Venusaur|15/100\n|\n|-weather|SunnyDay|[upkeep]\n|upkeep\n|turn|4\n|\n|t:|1776273798\n|switch|p2b: Rotom|Rotom-Fan, L50|55/100\n|switch|p1b: Pelipper|Pelipper, L50, M|100/100\n|-weather|RainDance|[from] ability: Drizzle|[of] p1b: Pelipper\n|move|p1a: Drampa|Hyper Voice|p2b: Rotom|[spread] p2a,p2b\n|-damage|p2a: Torkoal|0 fnt\n|-damage|p2b: Rotom|5/100\n|faint|p2a: Torkoal\n|\n|-weather|RainDance|[upkeep]\n|upkeep\n|\n|t:|1776273803\n|switch|p2a: Incineroar|Incineroar, L50, M|100/100\n|-ability|p2a: Incineroar|Intimidate|boost\n|-unboost|p1a: Drampa|atk|1\n|-unboost|p1b: Pelipper|atk|1\n|turn|5\n|\n|t:|1776273813\n|move|p1a: Drampa|Protect|p1a: Drampa\n|-singleturn|p1a: Drampa|Protect\n|move|p1b: Pelipper|Protect|p1b: Pelipper\n|-singleturn|p1b: Pelipper|Protect\n|move|p2a: Incineroar|Fake Out|p1b: Pelipper\n|-activate|p1b: Pelipper|move: Protect\n|move|p2b: Rotom|Volt Switch|p1a: Drampa\n|-activate|p1a: Drampa|move: Protect\n|\n|-weather|RainDance|[upkeep]\n|-sideend|p1: iLiseq|move: Light Screen\n|upkeep\n|turn|6\n|\n|t:|1776273829\n|switch|p1b: Alakazam|Alakazam, L50, M|5/100\n|move|p2b: Rotom|Volt Switch|p1b: Alakazam\n|-damage|p1b: Alakazam|0 fnt\n|faint|p1b: Alakazam\n|\n|t:|1776273834\n|switch|p2b: Venusaur|Venusaur, L50, M|15/100|[from] Volt Switch\n|move|p1a: Drampa|Hyper Voice|p2b: Venusaur|[spread] p2a,p2b\n|-damage|p2a: Incineroar|59/100\n|-damage|p2b: Venusaur|0 fnt\n|faint|p2b: Venusaur\n|move|p2a: Incineroar|Parting Shot|p1a: Drampa\n|-unboost|p1a: Drampa|atk|1\n|-unboost|p1a: Drampa|spa|1\n|\n|t:|1776273835\n|switch|p2a: Rotom|Rotom-Fan, L50|5/100|[from] Parting Shot\n|\n|-weather|RainDance|[upkeep]\n|upkeep\n|\n|t:|1776273841\n|switch|p1b: Sinistcha|Sinistcha, L50|100/100\n|switch|p2b: Incineroar|Incineroar, L50, M|59/100\n|-ability|p2b: Incineroar|Intimidate|boost\n|-unboost|p1a: Drampa|atk|1\n|-unboost|p1b: Sinistcha|atk|1\n|turn|7\n|\n|t:|1776273850\n|move|p1b: Sinistcha|Rage Powder|p1b: Sinistcha\n|-singleturn|p1b: Sinistcha|move: Rage Powder\n|move|p2a: Rotom|Air Slash|p1b: Sinistcha\n|-supereffective|p1b: Sinistcha|1\n|-damage|p1b: Sinistcha|40/100\n|-enditem|p1b: Sinistcha|Sitrus Berry|[eat]\n|-heal|p1b: Sinistcha|65/100|[from] item: Sitrus Berry\n|move|p1a: Drampa|Hyper Voice|p2b: Incineroar|[spread] p2a,p2b\n|-crit|p2b: Incineroar\n|-damage|p2a: Rotom|0 fnt\n|-damage|p2b: Incineroar|0 fnt\n|faint|p2a: Rotom\n|faint|p2b: Incineroar\n|\n|win|iLiseq\n|raw|iLiseq's rating: 1204 &rarr; <strong>1234</strong><br />(+30 for winning)\n|raw|KogaAF1219's rating: 1281 &rarr; <strong>1251</strong><br />(-30 for losing)\n|l|\u2606KogaAF1219\n|player|p2|\n",
  "uploadtime": 1776273866,
  "views": 45,
  "formatid": "gen9championsvgc2026regma",
  "rating": 1234,
  "private": 0,
  "password": null
}