{
  "id": "gen9championsvgc2026regma-2582434667",
  "format": "[Gen 9 Champions] VGC 2026 Reg M-A",
  "players": [
    "Azure Resolution",
    "Feligamer829"
  ],
  "log": "|j|\u2606Azure Resolution\n|j|\u2606Feligamer829\n|t:|1776091460\n|gametype|doubles\n|player|p1|Azure Resolution|gentleman-gen4dp|1133\n|player|p2|Feligamer829|169|1165\n|gen|9\n|tier|[Gen 9 Champions] VGC 2026 Reg M-A\n|rated|\n|rule|Species Clause: Limit one of each Pok\u00e9mon\n|rule|Item Clause: Limit 1 of each item\n|clearpoke\n|poke|p1|Altaria, L50, F|\n|poke|p1|Whimsicott, L50, F|\n|poke|p1|Gardevoir, L50, F|\n|poke|p1|Kingambit, L50, M|\n|poke|p1|Basculegion, L50, M|\n|poke|p1|Rotom-Heat, L50|\n|poke|p2|Dragonite, L50, F|\n|poke|p2|Pelipper, L50, F|\n|poke|p2|Archaludon, L50, F|\n|poke|p2|Basculegion, L50, M|\n|poke|p2|Sneasler, L50, M|\n|poke|p2|Rotom-Heat, L50|\n|teampreview|4\n|inactive|Battle timer is ON: inactive players will automatically lose when time's up. (requested by Feligamer829)\nFeligamer829 has agreed to open team sheets.\nAzure Resolution has agreed to open team sheets.\n|showteam|p1|Altaria||Leftovers|CloudNine|BreakingSwipe,Tailwind,Protect,Defog|||F|||50|]Whimsicott||FocusSash|Prankster|HelpingHand,Tailwind,EnergyBall,Taunt|||F|||50|]Gardevoir||Gardevoirite|Trace|Protect,HyperVoice,Psyshock,Moonblast|||F|||50|]Kingambit||SitrusBerry|Defiant|KowtowCleave,SuckerPunch,SwordsDance,IronHead|||M|||50|]Basculegion||ChoiceScarf|Adaptability|LastRespects,FlipTurn,PsychicFangs,WaveCrash|||M|||50|]Rotom-Heat||WhiteHerb|Levitate|Overheat,Thunderbolt,NastyPlot,Protect||||||50|\n|showteam|p2|Dragonite||Dragoninite|Multiscale|DragonPulse,Hurricane,Thunder,Protect|||F|||50|]Pelipper||FocusSash|Drizzle|Hurricane,WeatherBall,WideGuard,Tailwind|||F|||50|]Archaludon||Leftovers|Stamina|DracoMeteor,FlashCannon,ElectroShot,Protect|||F|||50|]Basculegion||MysticWater|SwiftSwim|WaveCrash,LastRespects,FlipTurn,AquaJet|||M|||50|]Sneasler||WhiteHerb|Unburden|CloseCombat,DireClaw,FakeOut,Protect|||M|||50|]Rotom-Heat||ChoiceScarf|Levitate|Thunderbolt,Overheat,VoltSwitch,Trick||||||50|\n|inactive|Azure Resolution has 60 seconds left.\n|inactive|Feligamer829 has 60 seconds left.\n|\n|t:|1776091510\n|teamsize|p1|4\n|teamsize|p2|4\n|start\n|switch|p1a: Silly Goose|Altaria, L50, F|100/100\n|switch|p1b: Kingambit|Kingambit, L50, M|100/100\n|switch|p2a: Pelipper|Pelipper, L50, F, shiny|100/100\n|switch|p2b: Archaludon|Archaludon, L50, F, shiny|100/100\n|-weather|RainDance|[from] ability: Drizzle|[of] p2a: Pelipper\n|-ability|p1a: Silly Goose|Cloud Nine\n|turn|1\n|inactive|Azure Resolution has 30 seconds left.\n|inactive|Azure Resolution has 20 seconds left.\n|\n|t:|1776091547\n|move|p2a: Pelipper|Tailwind|p2a: Pelipper\n|-sidestart|p2: Feligamer829|move: Tailwind\n|move|p2b: Archaludon|Draco Meteor|p1a: Silly Goose\n|-supereffective|p1a: Silly Goose|1\n|-damage|p1a: Silly Goose|15/100\n|-unboost|p2b: Archaludon|spa|2\n|move|p1a: Silly Goose|Tailwind|p1a: Silly Goose\n|-sidestart|p1: Azure Resolution|move: Tailwind\n|move|p1b: Kingambit|Swords Dance|p1b: Kingambit\n|-boost|p1b: Kingambit|atk|2\n|\n|-weather|RainDance|[upkeep]\n|-heal|p1a: Silly Goose|21/100|[from] item: Leftovers\n|upkeep\n|turn|2\n|inactive|Azure Resolution has 30 seconds left.\n|\n|t:|1776091575\n|move|p1a: Silly Goose|Protect|p1a: Silly Goose\n|-singleturn|p1a: Silly Goose|Protect\n|move|p2a: Pelipper|Weather Ball|p2b: Archaludon\n|-resisted|p2b: Archaludon|1\n|-damage|p2b: Archaludon|93/100\n|-ability|p2b: Archaludon|Stamina|boost\n|-boost|p2b: Archaludon|def|1\n|move|p2b: Archaludon|Electro Shot||[still]\n|-prepare|p2b: Archaludon|Electro Shot\n|-boost|p2b: Archaludon|spa|1\n|move|p1b: Kingambit|Kowtow Cleave|p2a: Pelipper\n|-enditem|p2a: Pelipper|Focus Sash\n|-damage|p2a: Pelipper|1/100\n|\n|-weather|RainDance|[upkeep]\n|-heal|p1a: Silly Goose|27/100|[from] item: Leftovers\n|-heal|p2b: Archaludon|99/100|[from] item: Leftovers\n|upkeep\n|turn|3\n|inactive|Azure Resolution has 30 seconds left.\n|inactive|Azure Resolution has 20 seconds left.\n|inactive|Azure Resolution has 15 seconds left.\n|inactive|Azure Resolution has 10 seconds left.\n|inactive|Azure Resolution has 5 seconds left.\n|\n|t:|1776091626\n|move|p2a: Pelipper|Weather Ball|p2b: Archaludon\n|-resisted|p2b: Archaludon|1\n|-damage|p2b: Archaludon|93/100\n|-ability|p2b: Archaludon|Stamina|boost\n|-boost|p2b: Archaludon|def|1\n|move|p1a: Silly Goose|Breaking Swipe|p2a: Pelipper|[spread] p2a,p2b\n|-damage|p2a: Pelipper|0 fnt\n|-damage|p2b: Archaludon|89/100\n|-unboost|p2b: Archaludon|atk|1\n|-ability|p2b: Archaludon|Stamina|boost\n|-boost|p2b: Archaludon|def|1\n|faint|p2a: Pelipper\n|move|p2b: Archaludon|Electro Shot|p1b: Kingambit|[from] lockedmove\n|-damage|p1b: Kingambit|75/100\n|move|p1b: Kingambit|Kowtow Cleave|p2b: Archaludon\n|-damage|p2b: Archaludon|58/100\n|-ability|p2b: Archaludon|Stamina|boost\n|-boost|p2b: Archaludon|def|1\n|\n|-weather|RainDance|[upkeep]\n|-heal|p1a: Silly Goose|33/100|[from] item: Leftovers\n|-heal|p2b: Archaludon|64/100|[from] item: Leftovers\n|upkeep\n|\n|t:|1776091647\n|switch|p2a: Sneasler|Sneasler, L50, M, shiny|100/100\n|turn|4\n|inactive|Azure Resolution has 30 seconds left.\n|inactive|Azure Resolution has 20 seconds left.\n|inactive|Azure Resolution has 15 seconds left.\n|\n|t:|1776091691\n|move|p1b: Kingambit|Sucker Punch|p2a: Sneasler\n|-resisted|p2a: Sneasler|1\n|-damage|p2a: Sneasler|34/100\n|move|p2a: Sneasler|Close Combat|p1b: Kingambit\n|-supereffective|p1b: Kingambit|2\n|-crit|p1b: Kingambit\n|-damage|p1b: Kingambit|0 fnt\n|-unboost|p2a: Sneasler|def|1\n|-unboost|p2a: Sneasler|spd|1\n|faint|p1b: Kingambit\n|-enditem|p2a: Sneasler|White Herb\n|-clearnegativeboost|p2a: Sneasler|[silent]\n|move|p1a: Silly Goose|Breaking Swipe|p2a: Sneasler|[spread] p2a,p2b\n|-damage|p2a: Sneasler|13/100\n|-damage|p2b: Archaludon|61/100\n|-unboost|p2a: Sneasler|atk|1\n|-unboost|p2b: Archaludon|atk|1\n|-ability|p2b: Archaludon|Stamina|boost\n|-boost|p2b: Archaludon|def|1\n|move|p2b: Archaludon|Flash Cannon|p1a: Silly Goose\n|-damage|p1a: Silly Goose|16/100\n|\n|-weather|RainDance|[upkeep]\n|-heal|p1a: Silly Goose|22/100|[from] item: Leftovers\n|-heal|p2b: Archaludon|67/100|[from] item: Leftovers\n|-sideend|p2: Feligamer829|move: Tailwind\n|-sideend|p1: Azure Resolution|move: Tailwind\n|upkeep\n|\n|t:|1776091712\n|switch|p1b: Rotom|Rotom-Heat, L50|100/100\n|turn|5\n|\n|t:|1776091736\n|move|p2a: Sneasler|Protect|p2a: Sneasler\n|-singleturn|p2a: Sneasler|Protect\n|move|p1a: Silly Goose|Protect|p1a: Silly Goose\n|-singleturn|p1a: Silly Goose|Protect\n|move|p1b: Rotom|Thunderbolt|p2a: Sneasler\n|-activate|p2a: Sneasler|move: Protect\n|move|p2b: Archaludon|Electro Shot||[still]\n|-prepare|p2b: Archaludon|Electro Shot\n|-boost|p2b: Archaludon|spa|1\n|\n|-weather|none\n|-heal|p1a: Silly Goose|29/100|[from] item: Leftovers\n|-heal|p2b: Archaludon|73/100|[from] item: Leftovers\n|upkeep\n|turn|6\n|inactive|Feligamer829 has 30 seconds left.\n|\n|t:|1776091761\n|switch|p2a: Dragonite|Dragonite, L50, F, shiny|100/100\n|move|p1a: Silly Goose|Tailwind|p1a: Silly Goose\n|-sidestart|p1: Azure Resolution|move: Tailwind\n|move|p1b: Rotom|Thunderbolt|p2a: Dragonite\n|-damage|p2a: Dragonite|79/100\n|move|p2b: Archaludon|Electro Shot|p1a: Silly Goose|[from] lockedmove\n|-damage|p1a: Silly Goose|1/100\n|\n|-heal|p1a: Silly Goose|7/100|[from] item: Leftovers\n|-heal|p2b: Archaludon|79/100|[from] item: Leftovers\n|upkeep\n|turn|7\n|inactive|Azure Resolution has 30 seconds left.\n|inactive|Azure Resolution has 20 seconds left.\n|inactive|Azure Resolution has 15 seconds left.\n|\n|t:|1776091806\n|move|p2a: Dragonite|Protect|p2a: Dragonite\n|-singleturn|p2a: Dragonite|Protect\n|move|p1a: Silly Goose|Breaking Swipe|p2a: Dragonite|[spread] p2b\n|-activate|p2a: Dragonite|move: Protect\n|-damage|p2b: Archaludon|77/100\n|-unboost|p2b: Archaludon|atk|1\n|-ability|p2b: Archaludon|Stamina|boost\n|-boost|p2b: Archaludon|def|1\n|move|p1b: Rotom|Nasty Plot|p1b: Rotom\n|-boost|p1b: Rotom|spa|2\n|move|p2b: Archaludon|Flash Cannon|p1a: Silly Goose\n|-damage|p1a: Silly Goose|0 fnt\n|faint|p1a: Silly Goose\n|\n|-heal|p2b: Archaludon|83/100|[from] item: Leftovers\n|upkeep\n|\n|t:|1776091819\n|switch|p1a: Gardevoir|Gardevoir, L50, F, shiny|100/100\n|-ability|p1a: Gardevoir|Multiscale|Trace|[from] ability: Trace|[of] p2a: Dragonite\n|turn|8\n|\n|t:|1776091839\n|detailschange|p1a: Gardevoir|Gardevoir-Mega, L50, F, shiny\n|-mega|p1a: Gardevoir|Gardevoir|Gardevoirite\n|detailschange|p2a: Dragonite|Dragonite-Mega, L50, F, shiny\n|-mega|p2a: Dragonite|Dragonite|Dragoninite\n|move|p1a: Gardevoir|Hyper Voice|p2b: Archaludon|[spread] p2a,p2b\n|-supereffective|p2a: Dragonite|1\n|-damage|p2a: Dragonite|0 fnt\n|-damage|p2b: Archaludon|36/100\n|faint|p2a: Dragonite\n|move|p1b: Rotom|Overheat|p2b: Archaludon\n|-damage|p2b: Archaludon|0 fnt\n|-unboost|p1b: Rotom|spa|2\n|faint|p2b: Archaludon\n|\n|upkeep\n|\n|t:|1776091851\n|switch|p2a: Sneasler|Sneasler, L50, M, shiny|13/100\n|turn|9\n|\n|t:|1776091868\n|move|p2a: Sneasler|Protect|p2a: Sneasler\n|-singleturn|p2a: Sneasler|Protect\n|move|p1a: Gardevoir|Psyshock|p2a: Sneasler\n|-activate|p2a: Sneasler|move: Protect\n|move|p1b: Rotom|Thunderbolt|p2a: Sneasler\n|-activate|p2a: Sneasler|move: Protect\n|\n|-sideend|p1: Azure Resolution|move: Tailwind\n|upkeep\n|turn|10\n|c|\u2606Azure Resolution|wpgg\n|c|\u2606Feligamer829|that altaria set was crazy hahaha\n|\n|t:|1776091888\n|move|p2a: Sneasler|Close Combat|p1b: Rotom\n|-damage|p1b: Rotom|29/100\n|-unboost|p2a: Sneasler|def|1\n|-unboost|p2a: Sneasler|spd|1\n|move|p1a: Gardevoir|Hyper Voice|p2a: Sneasler\n|-damage|p2a: Sneasler|0 fnt\n|faint|p2a: Sneasler\n|\n|win|Azure Resolution\n|raw|Azure Resolution's rating: 1133 &rarr; <strong>1160</strong><br />(+27 for winning)\n|raw|Feligamer829's rating: 1165 &rarr; <strong>1138</strong><br />(-27 for losing)\n|c|\u2606Azure Resolution|thanks!!\n|c|\u2606Azure Resolution|its my idea\n|c|\u2606Feligamer829|ggs\n|c|\u2606Azure Resolution|the team needs some\n|c|\u2606Azure Resolution|adjustments\n|c|\u2606Azure Resolution|still\n|c|\u2606Feligamer829|its very clever\n|c|\u2606Azure Resolution|but I'm proud of it\n|c|\u2606Azure Resolution|well played\n|c|\u2606Azure Resolution|!!\n|c|\u2606Feligamer829|yeah was a very good match\n|l|\u2606Feligamer829\n|player|p2|\n|c|\u2606Azure Resolution|ggs man, good lucky\n|c|\u2606Azure Resolution|!\n",
  "uploadtime": 1776091934,
  "views": 27,
  "formatid": "gen9championsvgc2026regma",
  "rating": 1138,
  "private": 0,
  "password": null
}