{
  "id": "gen9championsvgc2026regma-2589484476",
  "format": "[Gen 9 Champions] VGC 2026 Reg M-A",
  "players": [
    "Pepepta24",
    "CreamyWeem"
  ],
  "log": "|j|\u2606Pepepta24\n|j|\u203dCreamyWeem\n|t:|1776727154\n|gametype|doubles\n|player|p1|Pepepta24|drayden|1221\n|player|p2|CreamyWeem|cyrus|1123\n|gen|9\n|tier|[Gen 9 Champions] VGC 2026 Reg M-A\n|rated|\n|rule|Species Clause: Limit one of each Pok\u00e9mon\n|rule|Item Clause: Limit 1 of each item\n|clearpoke\n|poke|p1|Floette-Eternal, L50, F|\n|poke|p1|Snorlax, L50, F|\n|poke|p1|Incineroar, L50, M|\n|poke|p1|Kommo-o, L50, F|\n|poke|p1|Ariados, L50, F|\n|poke|p1|Basculegion, L50, M|\n|poke|p2|Milotic, L50, M|\n|poke|p2|Rotom-Mow, L50|\n|poke|p2|Incineroar, L50, F|\n|poke|p2|Aerodactyl, L50, M|\n|poke|p2|Whimsicott, L50, M|\n|poke|p2|Lucario, L50, F|\n|teampreview|4\n|inactive|Battle timer is ON: inactive players will automatically lose when time's up. (requested by CreamyWeem)\n|inactive|Pepepta24 has 60 seconds left.\n|inactive|Pepepta24 has 30 seconds left.\n|\n|t:|1776727219\n|teamsize|p1|4\n|teamsize|p2|4\n|start\n|switch|p1a: Ariados|Ariados, L50, F|100/100\n|switch|p1b: Floette|Floette-Eternal, L50, F|100/100\n|switch|p2a: Lucario|Lucario, L50, F|100/100\n|switch|p2b: Incineroar|Incineroar, L50, F|100/100\n|-ability|p2b: Incineroar|Intimidate|boost\n|-unboost|p1a: Ariados|atk|1\n|-unboost|p1b: Floette|atk|1\n|turn|1\n|\n|t:|1776727242\n|detailschange|p2a: Lucario|Lucario-Mega, L50, F\n|-mega|p2a: Lucario|Lucario|Lucarionite\n|move|p1b: Floette|Protect|p1b: Floette\n|-singleturn|p1b: Floette|Protect\n|move|p2b: Incineroar|Fake Out|p1a: Ariados\n|-damage|p1a: Ariados|86/100\n|move|p2a: Lucario|Meteor Mash|p1b: Floette\n|-activate|p1b: Floette|move: Protect\n|cant|p1a: Ariados|flinch\n|\n|upkeep\n|turn|2\n|inactive|CreamyWeem has 30 seconds left.\n|\n|t:|1776727267\n|detailschange|p1b: Floette|Floette-Mega, L50, F\n|-mega|p1b: Floette|Floette|Floettite\n|-ability|p1b: Floette|Fairy Aura\n|move|p1a: Ariados|Rage Powder|p1a: Ariados\n|-singleturn|p1a: Ariados|move: Rage Powder\n|move|p2a: Lucario|Meteor Mash|p1a: Ariados\n|-damage|p1a: Ariados|24/100\n|move|p1b: Floette|Moonblast|p2a: Lucario\n|-damage|p2a: Lucario|0 fnt\n|faint|p2a: Lucario\n|move|p2b: Incineroar|Flare Blitz|p1a: Ariados\n|-supereffective|p1a: Ariados|1\n|-damage|p1a: Ariados|0 fnt\n|faint|p1a: Ariados\n|-damage|p2b: Incineroar|94/100|[from] Recoil\n|\n|upkeep\n|\n|t:|1776727287\n|switch|p2a: Whimsicott|Whimsicott, L50, M|100/100\n|switch|p1a: Incineroar|Incineroar, L50, M|100/100\n|-ability|p1a: Incineroar|Intimidate|boost\n|-unboost|p2a: Whimsicott|atk|1\n|-unboost|p2b: Incineroar|atk|1\n|turn|3\n|\n|t:|1776727309\n|move|p1a: Incineroar|Fake Out|p2a: Whimsicott\n|-damage|p2a: Whimsicott|77/100\n|cant|p2a: Whimsicott|flinch\n|move|p1b: Floette|Moonblast|p2b: Incineroar\n|-damage|p2b: Incineroar|12/100\n|-unboost|p2b: Incineroar|spa|1\n|-enditem|p2b: Incineroar|Sitrus Berry|[eat]\n|-heal|p2b: Incineroar|37/100|[from] item: Sitrus Berry\n|move|p2b: Incineroar|Throat Chop|p1a: Incineroar\n|-resisted|p1a: Incineroar|1\n|-damage|p1a: Incineroar|88/100\n|-start|p1a: Incineroar|Throat Chop|[silent]\n|\n|upkeep\n|turn|4\n|\n|t:|1776727332\n|move|p2a: Whimsicott|Tailwind|p2a: Whimsicott\n|-sidestart|p2: CreamyWeem|move: Tailwind\n|move|p2b: Incineroar|Parting Shot|p1b: Floette\n|-unboost|p1b: Floette|atk|1\n|-unboost|p1b: Floette|spa|1\n|\n|t:|1776727338\n|switch|p2b: Milotic|Milotic, L50, M|100/100|[from] Parting Shot\n|move|p1b: Floette|Moonblast|p2b: Milotic\n|-damage|p2b: Milotic|59/100\n|move|p1a: Incineroar|Flare Blitz|p2a: Whimsicott\n|-supereffective|p2a: Whimsicott|1\n|-damage|p2a: Whimsicott|0 fnt\n|faint|p2a: Whimsicott\n|-damage|p1a: Incineroar|71/100|[from] Recoil\n|\n|-heal|p2b: Milotic|65/100|[from] item: Leftovers\n|-end|p1a: Incineroar|Throat Chop|[silent]\n|upkeep\n|\n|t:|1776727349\n|switch|p2a: Incineroar|Incineroar, L50, F|37/100\n|-ability|p2a: Incineroar|Intimidate|boost\n|-unboost|p1a: Incineroar|atk|1\n|-unboost|p1b: Floette|atk|1\n|turn|5\n|\n|t:|1776727370\n|switch|p1b: Basculegion|Basculegion, L50, M|100/100\n|move|p2a: Incineroar|Fake Out|p1b: Basculegion\n|-immune|p1b: Basculegion\n|move|p2b: Milotic|Coil|p2b: Milotic\n|-boost|p2b: Milotic|atk|1\n|-boost|p2b: Milotic|def|1\n|-boost|p2b: Milotic|accuracy|1\n|move|p1a: Incineroar|Parting Shot|p2b: Milotic\n|-unboost|p2b: Milotic|atk|1\n|-ability|p2b: Milotic|Competitive|boost\n|-boost|p2b: Milotic|spa|2\n|-unboost|p2b: Milotic|spa|1\n|-ability|p2b: Milotic|Competitive|boost\n|-boost|p2b: Milotic|spa|2\n|\n|t:|1776727386\n|switch|p1a: Floette|Floette-Mega, L50, F|100/100|[from] Parting Shot\n|-ability|p1a: Floette|Fairy Aura\n|\n|-heal|p2b: Milotic|71/100|[from] item: Leftovers\n|upkeep\n|turn|6\n|inactive|Pepepta24 has 30 seconds left.\n|\n|t:|1776727418\n|move|p2b: Milotic|Muddy Water|p1b: Basculegion|[spread] p1a,p1b\n|-resisted|p1b: Basculegion|1\n|-damage|p1a: Floette|40/100\n|-damage|p1b: Basculegion|58/100\n|-unboost|p1a: Floette|accuracy|1\n|move|p2a: Incineroar|Throat Chop|p1b: Basculegion\n|-supereffective|p1b: Basculegion|1\n|-damage|p1b: Basculegion|0 fnt\n|faint|p1b: Basculegion\n|move|p1a: Floette|Moonblast|p2b: Milotic\n|-damage|p2b: Milotic|12/100\n|\n|-heal|p2b: Milotic|18/100|[from] item: Leftovers\n|upkeep\n|\n|t:|1776727432\n|switch|p1b: Incineroar|Incineroar, L50, M|71/100\n|-ability|p1b: Incineroar|Intimidate|boost\n|-unboost|p2a: Incineroar|atk|1\n|-unboost|p2b: Milotic|atk|1\n|-ability|p2b: Milotic|Competitive|boost\n|-boost|p2b: Milotic|spa|2\n|turn|7\n|\n|t:|1776727446\n|move|p1b: Incineroar|Fake Out|p2b: Milotic\n|-damage|p2b: Milotic|7/100\n|cant|p2b: Milotic|flinch\n|move|p2a: Incineroar|Throat Chop|p1a: Floette\n|-resisted|p1a: Floette|1\n|-damage|p1a: Floette|22/100\n|-start|p1a: Floette|Throat Chop|[silent]\n|move|p1a: Floette|Dazzling Gleam|p2b: Milotic|[spread] p2a\n|-miss|p1a: Floette|p2b: Milotic\n|-damage|p2a: Incineroar|0 fnt\n|faint|p2a: Incineroar\n|\n|-heal|p2b: Milotic|13/100|[from] item: Leftovers\n|-sideend|p2: CreamyWeem|move: Tailwind\n|upkeep\n|turn|8\n|\n|t:|1776727468\n|move|p1a: Floette|Protect|p1a: Floette\n|-singleturn|p1a: Floette|Protect\n|move|p2b: Milotic|Muddy Water|p1a: Floette|[spread] p1b\n|-activate|p1a: Floette|move: Protect\n|-supereffective|p1b: Incineroar|1\n|-damage|p1b: Incineroar|0 fnt\n|faint|p1b: Incineroar\n|\n|-heal|p2b: Milotic|19/100|[from] item: Leftovers\n|-end|p1a: Floette|Throat Chop|[silent]\n|upkeep\n|turn|9\n|n|\u2606CreamyWeem|creamyweem\n|c|\u2606CreamyWeem|gg man, well played\n|\n|t:|1776727484\n|move|p1a: Floette|Moonblast|p2b: Milotic\n|-damage|p2b: Milotic|0 fnt\n|faint|p2b: Milotic\n|\n|win|Pepepta24\n|raw|Pepepta24's rating: 1221 &rarr; <strong>1239</strong><br />(+18 for winning)\n|raw|CreamyWeem's rating: 1123 &rarr; <strong>1105</strong><br />(-18 for losing)\n|c|\u2606Pepepta24|Gg you played very well too\n|l|\u2606Pepepta24\n|player|p1|\n",
  "uploadtime": 1776727511,
  "views": 11,
  "formatid": "gen9championsvgc2026regma",
  "rating": 1105,
  "private": 0,
  "password": null
}