{
  "id": "gen9championsvgc2026regma-2581277594",
  "format": "[Gen 9 Champions] VGC 2026 Reg M-A",
  "players": [
    "SleepyPiess",
    "DavidTIS"
  ],
  "log": "|j|\u2606SleepyPiess\n|j|\u2606DavidTIS\n|t:|1775980248\n|gametype|doubles\n|player|p1|SleepyPiess|mars|1056\n|player|p2|DavidTIS|volkner|1024\n|gen|9\n|tier|[Gen 9 Champions] VGC 2026 Reg M-A\n|rated|\n|rule|Species Clause: Limit one of each Pok\u00e9mon\n|rule|Item Clause: Limit 1 of each item\n|clearpoke\n|poke|p1|Charizard, L50, F|\n|poke|p1|Venusaur, L50, F|\n|poke|p1|Garchomp, L50, F|\n|poke|p1|Gardevoir, L50, F|\n|poke|p1|Milotic, L50, M|\n|poke|p1|Incineroar, L50, F|\n|poke|p2|Charizard, L50, M|\n|poke|p2|Venusaur, L50, M|\n|poke|p2|Excadrill, L50, M|\n|poke|p2|Tyranitar, L50, F|\n|poke|p2|Sneasler, L50, F|\n|poke|p2|Corviknight, L50, F|\n|teampreview|4\n|inactive|Battle timer is ON: inactive players will automatically lose when time's up. (requested by DavidTIS)\nDavidTIS has agreed to open team sheets.\n|\n|t:|1775980273\n|teamsize|p1|4\n|teamsize|p2|4\n|start\n|switch|p1a: Charizard|Charizard, L50, F, shiny|100/100\n|switch|p1b: Incineroar|Incineroar, L50, F, shiny|100/100\n|switch|p2a: Tyranitar|Tyranitar, L50, F|100/100\n|switch|p2b: Excadrill|Excadrill, L50, M|100/100\n|-ability|p1b: Incineroar|Intimidate|boost\n|-unboost|p2a: Tyranitar|atk|1\n|-unboost|p2b: Excadrill|atk|1\n|-weather|Sandstorm|[from] ability: Sand Stream|[of] p2a: Tyranitar\n|turn|1\n|\n|t:|1775980297\n|detailschange|p1a: Charizard|Charizard-Mega-Y, L50, F, shiny\n|-mega|p1a: Charizard|Charizard|Charizardite Y\n|-weather|SunnyDay|[from] ability: Drought|[of] p1a: Charizard\n|move|p1b: Incineroar|Fake Out|p2a: Tyranitar\n|-resisted|p2a: Tyranitar|1\n|-damage|p2a: Tyranitar|95/100\n|move|p1a: Charizard|Heat Wave|p2a: Tyranitar|[spread] p2a,p2b\n|-resisted|p2a: Tyranitar|1\n|-supereffective|p2b: Excadrill|1\n|-damage|p2a: Tyranitar|69/100\n|-damage|p2b: Excadrill|0 fnt\n|faint|p2b: Excadrill\n|cant|p2a: Tyranitar|flinch\n|\n|-weather|SunnyDay|[upkeep]\n|upkeep\n|\n|t:|1775980311\n|switch|p2b: Sneasler|Sneasler, L50, F|100/100\n|turn|2\n|\n|t:|1775980330\n|move|p1a: Charizard|Protect|p1a: Charizard\n|-singleturn|p1a: Charizard|Protect\n|move|p2b: Sneasler|Fake Out|p1a: Charizard\n|-activate|p1a: Charizard|move: Protect\n|move|p1b: Incineroar|Parting Shot|p2b: Sneasler\n|-unboost|p2b: Sneasler|atk|1\n|-unboost|p2b: Sneasler|spa|1\n|\n|t:|1775980339\n|switch|p1b: Venusaur|Venusaur, L50, F, shiny|100/100|[from] Parting Shot\n|-enditem|p2b: Sneasler|White Herb\n|-clearnegativeboost|p2b: Sneasler|[silent]\n|move|p2a: Tyranitar|Rock Slide|p1a: Charizard|[spread] p1b\n|-activate|p1a: Charizard|move: Protect\n|-damage|p1b: Venusaur|71/100\n|\n|-weather|SunnyDay|[upkeep]\n|upkeep\n|turn|3\n|inactive|SleepyPiess has 30 seconds left.\n|\n|t:|1775980370\n|switch|p2a: ADICH|Charizard, L50, M|100/100\n|move|p2b: Sneasler|Dire Claw|p1a: Charizard\n|-damage|p1a: Charizard|32/100\n|-status|p1a: Charizard|slp\n|move|p1b: Venusaur|Sleep Powder|p2a: ADICH\n|-status|p2a: ADICH|slp|[from] move: Sleep Powder\n|cant|p1a: Charizard|slp\n|\n|-weather|SunnyDay|[upkeep]\n|upkeep\n|turn|4\n|inactive|SleepyPiess has 30 seconds left.\n|inactive|SleepyPiess has 20 seconds left.\n|\n|t:|1775980406\n|switch|p1a: Incineroar|Incineroar, L50, F, shiny|100/100\n|-ability|p1a: Incineroar|Intimidate|boost\n|-unboost|p2a: ADICH|atk|1\n|-unboost|p2b: Sneasler|atk|1\n|move|p2b: Sneasler|Dire Claw|p1b: Venusaur\n|-damage|p1b: Venusaur|31/100\n|move|p1b: Venusaur|Sleep Powder|p2b: Sneasler|[miss]\n|-miss|p1b: Venusaur|p2b: Sneasler\n|cant|p2a: ADICH|slp\n|\n|-weather|SunnyDay|[upkeep]\n|upkeep\n|turn|5\n|inactive|DavidTIS has 30 seconds left.\n|\n|t:|1775980432\n|move|p1a: Incineroar|Fake Out|p2a: ADICH\n|-damage|p2a: ADICH|84/100 slp\n|move|p2b: Sneasler|U-turn|p1b: Venusaur\n|-damage|p1b: Venusaur|6/100\n|\n|t:|1775980437\n|switch|p2b: Tyranitar|Tyranitar, L50, F|69/100|[from] U-turn\n|-weather|Sandstorm|[from] ability: Sand Stream|[of] p2b: Tyranitar\n|cant|p2a: ADICH|slp\n|move|p1b: Venusaur|Sludge Bomb|p2a: ADICH\n|-damage|p2a: ADICH|30/100 slp\n|\n|-weather|Sandstorm|[upkeep]\n|-damage|p2a: ADICH|24/100 slp|[from] Sandstorm\n|-damage|p1b: Venusaur|0 fnt|[from] Sandstorm\n|-damage|p1a: Incineroar|95/100|[from] Sandstorm\n|faint|p1b: Venusaur\n|upkeep\n|\n|t:|1775980451\n|switch|p1b: Charizard|Charizard-Mega-Y, L50, F, shiny|32/100 slp\n|-weather|SunnyDay|[from] ability: Drought|[of] p1b: Charizard\n|turn|6\n|\n|t:|1775980467\n|detailschange|p2b: Tyranitar|Tyranitar-Mega, L50, F\n|-mega|p2b: Tyranitar|Tyranitar|Tyranitarite\n|-weather|Sandstorm|[from] ability: Sand Stream|[of] p2b: Tyranitar\n|cant|p1b: Charizard|slp\n|-curestatus|p2a: ADICH|slp|[msg]\n|move|p2a: ADICH|Scorching Sands|p1a: Incineroar\n|-supereffective|p1a: Incineroar|1\n|-damage|p1a: Incineroar|49/100\n|-enditem|p1a: Incineroar|Sitrus Berry|[eat]\n|-heal|p1a: Incineroar|74/100|[from] item: Sitrus Berry\n|move|p1a: Incineroar|Parting Shot|p2b: Tyranitar\n|-unboost|p2b: Tyranitar|atk|1\n|-unboost|p2b: Tyranitar|spa|1\n|\n|t:|1775980485\n|switch|p1a: Garchomp|Garchomp, L50, F, shiny|100/100|[from] Parting Shot\n|move|p2b: Tyranitar|Rock Slide|p1b: Charizard|[spread] p1a,p1b\n|-resisted|p1a: Garchomp|1\n|-supereffective|p1b: Charizard|2\n|-damage|p1a: Garchomp|89/100\n|-damage|p1b: Charizard|0 fnt\n|faint|p1b: Charizard\n|\n|-weather|Sandstorm|[upkeep]\n|-damage|p2a: ADICH|18/100|[from] Sandstorm\n|upkeep\n|\n|t:|1775980498\n|switch|p1b: Incineroar|Incineroar, L50, F, shiny|74/100\n|-ability|p1b: Incineroar|Intimidate|boost\n|-unboost|p2a: ADICH|atk|1\n|-unboost|p2b: Tyranitar|atk|1\n|turn|7\n|\n|t:|1775980522\n|move|p1b: Incineroar|Fake Out|p2b: Tyranitar\n|-resisted|p2b: Tyranitar|1\n|-damage|p2b: Tyranitar|64/100\n|move|p1a: Garchomp|Stomping Tantrum|p2b: Tyranitar\n|-supereffective|p2b: Tyranitar|1\n|-damage|p2b: Tyranitar|15/100\n|move|p2a: ADICH|Scorching Sands|p1b: Incineroar\n|-supereffective|p1b: Incineroar|1\n|-damage|p1b: Incineroar|26/100\n|cant|p2b: Tyranitar|flinch\n|\n|-weather|Sandstorm|[upkeep]\n|-damage|p2a: ADICH|12/100|[from] Sandstorm\n|-damage|p1b: Incineroar|20/100|[from] Sandstorm\n|upkeep\n|turn|8\n|\n|t:|1775980547\n|move|p1a: Garchomp|Dragon Claw|p2a: ADICH\n|-damage|p2a: ADICH|0 fnt\n|faint|p2a: ADICH\n|move|p1b: Incineroar|Flare Blitz|p2b: Tyranitar\n|-resisted|p2b: Tyranitar|1\n|-damage|p2b: Tyranitar|0 fnt\n|faint|p2b: Tyranitar\n|-damage|p1b: Incineroar|16/100|[from] Recoil\n|\n|-weather|Sandstorm|[upkeep]\n|-damage|p1b: Incineroar|10/100|[from] Sandstorm\n|upkeep\n|\n|t:|1775980556\n|switch|p2a: Sneasler|Sneasler, L50, F|100/100\n|turn|9\n|\n|t:|1775980574\n|move|p2a: Sneasler|Fake Out|p1b: Incineroar\n|-damage|p1b: Incineroar|0 fnt\n|faint|p1b: Incineroar\n|move|p1a: Garchomp|Earthquake|p2a: Sneasler\n|-supereffective|p2a: Sneasler|1\n|-damage|p2a: Sneasler|0 fnt\n|faint|p2a: Sneasler\n|\n|win|SleepyPiess\n|raw|SleepyPiess's rating: 1056 &rarr; <strong>1085</strong><br />(+29 for winning)\n|raw|DavidTIS's rating: 1024 &rarr; <strong>1012</strong><br />(-12 for losing)\n",
  "uploadtime": 1775980578,
  "views": 26,
  "formatid": "gen9championsvgc2026regma",
  "rating": 1012,
  "private": 0,
  "password": null
}