{
  "id": "gen9championsvgc2026regma-2584588857",
  "format": "[Gen 9 Champions] VGC 2026 Reg M-A",
  "players": [
    "BaddGyal",
    "KUTF1"
  ],
  "log": "|j|\u2606BaddGyal\n|j|\u2606KUTF1\n|t:|1776270609\n|gametype|doubles\n|player|p1|BaddGyal|169|1135\n|player|p2|KUTF1|firebreather|1151\n|gen|9\n|tier|[Gen 9 Champions] VGC 2026 Reg M-A\n|rated|\n|rule|Species Clause: Limit one of each Pok\u00e9mon\n|rule|Item Clause: Limit 1 of each item\n|clearpoke\n|poke|p1|Floette-Eternal, L50, F|\n|poke|p1|Rotom-Wash, L50|\n|poke|p1|Aerodactyl, L50, M|\n|poke|p1|Kingambit, L50, F|\n|poke|p1|Garchomp, L50, F|\n|poke|p1|Sneasler, L50, F|\n|poke|p2|Lucario, L50, M|\n|poke|p2|Medicham, L50, F|\n|poke|p2|Ninetales-Alola, L50, M|\n|poke|p2|Whimsicott, L50, F|\n|poke|p2|Hydreigon, L50, F|\n|poke|p2|Incineroar, L50, M|\n|teampreview|4\n|inactive|Battle timer is ON: inactive players will automatically lose when time's up. (requested by KUTF1)\n|inactive|BaddGyal has 60 seconds left.\n|\n|t:|1776270650\n|teamsize|p1|4\n|teamsize|p2|4\n|start\n|switch|p1a: Floette|Floette-Eternal, L50, F|100/100\n|switch|p1b: Aerodactyl|Aerodactyl, L50, M|100/100\n|switch|p2a: Ninetales|Ninetales-Alola, L50, M, shiny|100/100\n|switch|p2b: Whimsicott|Whimsicott, L50, F|100/100\n|-ability|p1b: Aerodactyl|Unnerve\n|-weather|Snowscape|[from] ability: Snow Warning|[of] p2a: Ninetales\n|turn|1\n|\n|t:|1776270676\n|detailschange|p1a: Floette|Floette-Mega, L50, F\n|-mega|p1a: Floette|Floette|Floettite\n|-ability|p1a: Floette|Fairy Aura\n|move|p2b: Whimsicott|Taunt|p1b: Aerodactyl\n|-start|p1b: Aerodactyl|move: Taunt\n|cant|p1b: Aerodactyl|move: Taunt|Tailwind\n|move|p2a: Ninetales|Aurora Veil|p2a: Ninetales\n|-sidestart|p2: KUTF1|move: Aurora Veil\n|move|p1a: Floette|Calm Mind|p1a: Floette\n|-boost|p1a: Floette|spa|1\n|-boost|p1a: Floette|spd|1\n|\n|-weather|Snowscape|[upkeep]\n|upkeep\n|turn|2\n|inactive|BaddGyal has 30 seconds left.\n|\n|t:|1776270709\n|move|p2b: Whimsicott|Tailwind|p2b: Whimsicott\n|-sidestart|p2: KUTF1|move: Tailwind\n|move|p2a: Ninetales|Blizzard|p1b: Aerodactyl|[spread] p1a,p1b\n|-supereffective|p1b: Aerodactyl|1\n|-damage|p1a: Floette|85/100\n|-damage|p1b: Aerodactyl|2/100\n|move|p1b: Aerodactyl|Rock Slide|p2b: Whimsicott|[spread] p2a,p2b\n|-supereffective|p2a: Ninetales|1\n|-damage|p2a: Ninetales|68/100\n|-damage|p2b: Whimsicott|79/100\n|move|p1a: Floette|Dazzling Gleam|p2b: Whimsicott|[spread] p2a,p2b\n|-damage|p2a: Ninetales|5/100\n|-damage|p2b: Whimsicott|11/100\n|\n|-weather|Snowscape|[upkeep]\n|upkeep\n|turn|3\n|inactive|BaddGyal has 30 seconds left.\n|\n|t:|1776270737\n|switch|p1b: Rotom|Rotom-Wash, L50|100/100\n|move|p2b: Whimsicott|Moonblast|p1a: Floette\n|-damage|p1a: Floette|67/100\n|move|p2a: Ninetales|Aurora Veil||[still]\n|-fail|p2a: Ninetales\n|move|p1a: Floette|Dazzling Gleam|p2a: Ninetales|[spread] p2a,p2b\n|-damage|p2a: Ninetales|0 fnt\n|-damage|p2b: Whimsicott|0 fnt\n|faint|p2a: Ninetales\n|faint|p2b: Whimsicott\n|\n|-weather|Snowscape|[upkeep]\n|upkeep\n|inactive|KUTF1 has 30 seconds left.\n|\n|t:|1776270767\n|switch|p2b: Lucario|Lucario, L50, M|100/100\n|switch|p2a: Hydreigon|Hydreigon, L50, F|100/100\n|turn|4\n|inactive|KUTF1 has 30 seconds left.\n|inactive|KUTF1 has 20 seconds left.\n|inactive|KUTF1 has 15 seconds left.\n|\n|t:|1776270810\n|detailschange|p2b: Lucario|Lucario-Mega, L50, M\n|-mega|p2b: Lucario|Lucario|Lucarionite\n|move|p1a: Floette|Protect|p1a: Floette\n|-singleturn|p1a: Floette|Protect\n|move|p2a: Hydreigon|Draco Meteor|p1b: Rotom\n|-damage|p1b: Rotom|36/100\n|-unboost|p2a: Hydreigon|spa|2\n|-enditem|p1b: Rotom|Sitrus Berry|[eat]\n|-heal|p1b: Rotom|60/100|[from] item: Sitrus Berry\n|move|p2b: Lucario|Meteor Mash|p1a: Floette\n|-activate|p1a: Floette|move: Protect\n|move|p1b: Rotom|Electroweb|p2a: Hydreigon|[spread] p2a\n|-miss|p1b: Rotom|p2b: Lucario\n|-resisted|p2a: Hydreigon|1\n|-damage|p2a: Hydreigon|93/100\n|-unboost|p2a: Hydreigon|spe|1\n|\n|-weather|Snowscape|[upkeep]\n|upkeep\n|turn|5\n|inactive|BaddGyal has 30 seconds left.\n|\n|t:|1776270840\n|switch|p1a: Aerodactyl|Aerodactyl, L50, M|2/100\n|-ability|p1a: Aerodactyl|Unnerve\n|move|p2b: Lucario|Meteor Mash|p1a: Aerodactyl\n|-supereffective|p1a: Aerodactyl|1\n|-damage|p1a: Aerodactyl|0 fnt\n|-boost|p2b: Lucario|atk|1\n|faint|p1a: Aerodactyl\n|move|p2a: Hydreigon|Draco Meteor|p1b: Rotom\n|-damage|p1b: Rotom|22/100\n|-unboost|p2a: Hydreigon|spa|2\n|move|p1b: Rotom|Electroweb|p2a: Hydreigon|[spread] p2a,p2b\n|-resisted|p2a: Hydreigon|1\n|-damage|p2a: Hydreigon|86/100\n|-damage|p2b: Lucario|81/100\n|-unboost|p2a: Hydreigon|spe|1\n|-unboost|p2b: Lucario|spe|1\n|\n|-weather|none\n|-sideend|p2: KUTF1|move: Tailwind\n|-sideend|p2: KUTF1|move: Aurora Veil\n|upkeep\n|\n|t:|1776270859\n|switch|p1a: Floette|Floette-Mega, L50, F|67/100\n|-ability|p1a: Floette|Fairy Aura\n|turn|6\n|\n|t:|1776270881\n|move|p2b: Lucario|Bullet Punch|p1a: Floette\n|-supereffective|p1a: Floette|1\n|-damage|p1a: Floette|0 fnt\n|faint|p1a: Floette\n|move|p2a: Hydreigon|Draco Meteor|p1b: Rotom\n|-damage|p1b: Rotom|0 fnt\n|-unboost|p2a: Hydreigon|spa|2\n|faint|p1b: Rotom\n|\n|upkeep\n|-message|BaddGyal forfeited.\n|\n|win|KUTF1\n|raw|BaddGyal's rating: 1135 &rarr; <strong>1111</strong><br />(-24 for losing)\n|raw|KUTF1's rating: 1151 &rarr; <strong>1175</strong><br />(+24 for winning)\n|l|\u2606BaddGyal\n|player|p1|\n",
  "uploadtime": 1776270921,
  "views": 18,
  "formatid": "gen9championsvgc2026regma",
  "rating": 1111,
  "private": 0,
  "password": null
}