{
  "id": "gen9championsvgc2026regma-2585872499",
  "format": "[Gen 9 Champions] VGC 2026 Reg M-A",
  "players": [
    "unoiuku",
    "test123vgc456"
  ],
  "log": "|j|\u2606unoiuku\n|j|\u2606test123vgc456\n|t:|1776377267\n|gametype|doubles\n|player|p1|unoiuku|burglar|1205\n|player|p2|test123vgc456|1|1228\n|gen|9\n|tier|[Gen 9 Champions] VGC 2026 Reg M-A\n|rated|\n|rule|Species Clause: Limit one of each Pok\u00e9mon\n|rule|Item Clause: Limit 1 of each item\n|clearpoke\n|poke|p1|Basculegion, L50, M|\n|poke|p1|Sinistcha-Masterpiece, L50|\n|poke|p1|Incineroar, L50, F|\n|poke|p1|Dragapult, L50, F|\n|poke|p1|Gardevoir, L50, M|\n|poke|p1|Aggron, L50, F|\n|poke|p2|Gengar, L50, F|\n|poke|p2|Floette-Eternal, L50, F|\n|poke|p2|Kangaskhan, L50, F|\n|poke|p2|Aegislash, L50, M|\n|poke|p2|Tauros-Paldea-Aqua, L50, M|\n|poke|p2|Aerodactyl, L50, M|\n|teampreview|4\n|inactive|Battle timer is ON: inactive players will automatically lose when time's up. (requested by test123vgc456)\n|\n|t:|1776377319\n|teamsize|p1|4\n|teamsize|p2|4\n|start\n|switch|p1a: Incineroar|Incineroar, L50, F|100/100\n|switch|p1b: Dragapult|Dragapult, L50, F|100/100\n|switch|p2a: Floette|Floette-Eternal, L50, F|100/100\n|switch|p2b: Gengar|Gengar, L50, F|100/100\n|-ability|p1a: Incineroar|Intimidate|boost\n|-unboost|p2a: Floette|atk|1\n|-unboost|p2b: Gengar|atk|1\n|turn|1\n|inactive|unoiuku has 30 seconds left.\n|\n|t:|1776377345\n|detailschange|p2a: Floette|Floette-Mega, L50, F\n|-mega|p2a: Floette|Floette|Floettite\n|-ability|p2a: Floette|Fairy Aura\n|move|p2a: Floette|Protect|p2a: Floette\n|-singleturn|p2a: Floette|Protect\n|move|p1a: Incineroar|Fake Out|p2a: Floette\n|-activate|p2a: Floette|move: Protect\n|move|p2b: Gengar|Shadow Ball|p1b: Dragapult\n|-supereffective|p1b: Dragapult|1\n|-enditem|p1b: Dragapult|Focus Sash\n|-damage|p1b: Dragapult|1/100\n|move|p1b: Dragapult|Light Screen|p1b: Dragapult\n|-sidestart|p1: unoiuku|move: Light Screen\n|\n|upkeep\n|turn|2\n|\n|t:|1776377370\n|switch|p2a: Tauros|Tauros-Paldea-Aqua, L50, M|100/100\n|-ability|p2a: Tauros|Intimidate|boost\n|-unboost|p1a: Incineroar|atk|1\n|-fail|p1b: Dragapult|unboost|[from] ability: Clear Body|[of] p1b: Dragapult\n|move|p2b: Gengar|Shadow Ball|p1b: Dragapult\n|-supereffective|p1b: Dragapult|1\n|-damage|p1b: Dragapult|0 fnt\n|faint|p1b: Dragapult\n|move|p1a: Incineroar|Darkest Lariat|p2b: Gengar\n|-supereffective|p2b: Gengar|1\n|-damage|p2b: Gengar|0 fnt\n|faint|p2b: Gengar\n|\n|upkeep\n|\n|t:|1776377385\n|switch|p1b: Basculegion|Basculegion, L50, M|100/100\n|switch|p2b: Floette|Floette-Mega, L50, F|100/100\n|-ability|p2b: Floette|Fairy Aura\n|turn|3\n|\n|t:|1776377409\n|move|p2b: Floette|Protect|p2b: Floette\n|-singleturn|p2b: Floette|Protect\n|move|p1b: Basculegion|Last Respects|p2b: Floette\n|-activate|p2b: Floette|move: Protect\n|move|p2a: Tauros|Close Combat|p1a: Incineroar\n|-supereffective|p1a: Incineroar|1\n|-enditem|p1a: Incineroar|Chople Berry|[eat]\n|-enditem|p1a: Incineroar|Chople Berry|[weaken]\n|-damage|p1a: Incineroar|50/100\n|-unboost|p2a: Tauros|def|1\n|-unboost|p2a: Tauros|spd|1\n|-enditem|p2a: Tauros|White Herb\n|-clearnegativeboost|p2a: Tauros|[silent]\n|move|p1a: Incineroar|Parting Shot|p2a: Tauros\n|-unboost|p2a: Tauros|atk|1\n|-unboost|p2a: Tauros|spa|1\n|\n|t:|1776377422\n|switch|p1a: Aggron|Aggron, L50, F|100/100|[from] Parting Shot\n|\n|upkeep\n|turn|4\n|\n|t:|1776377439\n|switch|p1a: Incineroar|Incineroar, L50, F|50/100\n|-ability|p1a: Incineroar|Intimidate|boost\n|-unboost|p2a: Tauros|atk|1\n|-unboost|p2b: Floette|atk|1\n|move|p2a: Tauros|Aqua Jet|p1b: Basculegion\n|-resisted|p1b: Basculegion|1\n|-damage|p1b: Basculegion|95/100\n|move|p1b: Basculegion|Last Respects|p2b: Floette\n|-damage|p2b: Floette|18/100\n|move|p2b: Floette|Light of Ruin|p1b: Basculegion\n|-damage|p1b: Basculegion|13/100\n|-damage|p2b: Floette|0 fnt|[from] Recoil\n|faint|p2b: Floette\n|\n|upkeep\n|\n|t:|1776377456\n|switch|p2b: Aegislash|Aegislash, L50, M|100/100\n|turn|5\n|inactive|test123vgc456 has 30 seconds left.\n|inactive|unoiuku has 30 seconds left.\n|\n|t:|1776377493\n|move|p1a: Incineroar|Fake Out|p2a: Tauros\n|-damage|p2a: Tauros|84/100\n|-formechange|p2b: Aegislash|Aegislash-Blade|\n|move|p2b: Aegislash|Shadow Sneak|p1b: Basculegion\n|-supereffective|p1b: Basculegion|1\n|-damage|p1b: Basculegion|0 fnt\n|faint|p1b: Basculegion\n|cant|p2a: Tauros|flinch\n|\n|-sideend|p1: unoiuku|move: Light Screen\n|upkeep\n|\n|t:|1776377497\n|switch|p1b: Aggron|Aggron, L50, F|100/100\n|turn|6\n|\n|t:|1776377513\n|detailschange|p1b: Aggron|Aggron-Mega, L50, F\n|-mega|p1b: Aggron|Aggron|Aggronite\n|move|p2a: Tauros|Protect|p2a: Tauros\n|-singleturn|p2a: Tauros|Protect\n|-formechange|p2b: Aegislash|Aegislash|\n|move|p2b: Aegislash|King's Shield|p2b: Aegislash\n|-singleturn|p2b: Aegislash|Protect\n|move|p1a: Incineroar|Parting Shot|p2a: Tauros\n|-activate|p2a: Tauros|move: Protect\n|move|p1b: Aggron|Iron Defense|p1b: Aggron\n|-boost|p1b: Aggron|def|2\n|\n|upkeep\n|turn|7\n|\n|t:|1776377534\n|move|p2a: Tauros|Close Combat|p1a: Incineroar\n|-supereffective|p1a: Incineroar|1\n|-damage|p1a: Incineroar|0 fnt\n|-unboost|p2a: Tauros|def|1\n|-unboost|p2a: Tauros|spd|1\n|faint|p1a: Incineroar\n|-formechange|p2b: Aegislash|Aegislash-Blade|\n|move|p2b: Aegislash|Sacred Sword|p1b: Aggron\n|-supereffective|p1b: Aggron|1\n|-crit|p1b: Aggron\n|-damage|p1b: Aggron|60/100\n|move|p1b: Aggron|Body Press|p2a: Tauros\n|-damage|p2a: Tauros|0 fnt\n|faint|p2a: Tauros\n|\n|upkeep\n|turn|8\n|\n|t:|1776377549\n|-formechange|p2b: Aegislash|Aegislash|\n|move|p2b: Aegislash|King's Shield|p2b: Aegislash\n|-singleturn|p2b: Aegislash|Protect\n|move|p1b: Aggron|Iron Defense|p1b: Aggron\n|-boost|p1b: Aggron|def|2\n|\n|upkeep\n|turn|9\n|\n|t:|1776377557\n|move|p1b: Aggron|Protect|p1b: Aggron\n|-singleturn|p1b: Aggron|Protect\n|-formechange|p2b: Aegislash|Aegislash-Blade|\n|move|p2b: Aegislash|Sacred Sword|p1b: Aggron\n|-activate|p1b: Aggron|move: Protect\n|\n|upkeep\n|turn|10\n|\n|t:|1776377567\n|move|p2b: Aegislash|Sacred Sword|p1b: Aggron\n|-supereffective|p1b: Aggron|1\n|-damage|p1b: Aggron|34/100\n|move|p1b: Aggron|Iron Defense|p1b: Aggron\n|-boost|p1b: Aggron|def|2\n|\n|upkeep\n|turn|11\n|\n|t:|1776377578\n|-formechange|p2b: Aegislash|Aegislash|\n|move|p2b: Aegislash|King's Shield|p2b: Aegislash\n|-singleturn|p2b: Aegislash|Protect\n|move|p1b: Aggron|Protect||[still]\n|-fail|p1b: Aggron\n|\n|upkeep\n|turn|12\n|\n|t:|1776377590\n|move|p1b: Aggron|Protect|p1b: Aggron\n|-singleturn|p1b: Aggron|Protect\n|-formechange|p2b: Aegislash|Aegislash-Blade|\n|move|p2b: Aegislash|Poltergeist|p1b: Aggron\n|-activate|p1b: Aggron|move: Protect\n|\n|upkeep\n|turn|13\n|\n|t:|1776377598\n|move|p2b: Aegislash|Sacred Sword|p1b: Aggron\n|-supereffective|p1b: Aggron|1\n|-damage|p1b: Aggron|8/100\n|move|p1b: Aggron|Iron Defense|p1b: Aggron\n|-boost|p1b: Aggron|def|0\n|\n|upkeep\n|turn|14\n|-message|unoiuku forfeited.\n|\n|win|test123vgc456\n|raw|unoiuku's rating: 1205 &rarr; <strong>1182</strong><br />(-23 for losing)\n|raw|test123vgc456's rating: 1228 &rarr; <strong>1251</strong><br />(+23 for winning)\n|l|\u2606unoiuku\n|player|p1|\n|c|\u2606test123vgc456|GG\n",
  "uploadtime": 1776377635,
  "views": 17,
  "formatid": "gen9championsvgc2026regma",
  "rating": 1182,
  "private": 0,
  "password": null
}