{
  "id": "gen9championsvgc2026regma-2589522944",
  "format": "[Gen 9 Champions] VGC 2026 Reg M-A",
  "players": [
    "poltato2",
    "fuukiuwu"
  ],
  "log": "|j|\u2606poltato2\n|j|\u2606fuukiuwu\n|t:|1776730703\n|gametype|doubles\n|player|p1|poltato2|101|1141\n|player|p2|fuukiuwu|caitlin|1097\n|gen|9\n|tier|[Gen 9 Champions] VGC 2026 Reg M-A\n|rated|\n|rule|Species Clause: Limit one of each Pok\u00e9mon\n|rule|Item Clause: Limit 1 of each item\n|clearpoke\n|poke|p1|Meganium, L50, F|\n|poke|p1|Pelipper, L50, F|\n|poke|p1|Farigiraf, L50, F|\n|poke|p1|Basculegion, L50, M|\n|poke|p1|Bellibolt, L50, F|\n|poke|p1|Archaludon, L50, F|\n|poke|p2|Floette-Eternal, L50, F|\n|poke|p2|Sinistcha, L50|\n|poke|p2|Milotic, L50, F, shiny|\n|poke|p2|Garchomp, L50, F|\n|poke|p2|Kingambit, L50, F|\n|poke|p2|Sneasler, L50, M|\n|teampreview|4\n|inactive|Battle timer is ON: inactive players will automatically lose when time's up. (requested by poltato2)\n|inactive|poltato2 has 60 seconds left.\n|inactive|fuukiuwu has 60 seconds left.\n|inactive|poltato2 has 30 seconds left.\n|inactive|fuukiuwu has 30 seconds left.\n|inactive|poltato2 has 20 seconds left.\n|inactive|poltato2 has 15 seconds left.\n|\n|t:|1776730783\n|teamsize|p1|4\n|teamsize|p2|4\n|start\n|switch|p1a: Pelipper|Pelipper, L50, F|100/100\n|switch|p1b: Archaludon|Archaludon, L50, F|100/100\n|switch|p2a: Milotic|Milotic, L50, F, shiny|100/100\n|switch|p2b: Sinistcha|Sinistcha, L50|100/100\n|-weather|RainDance|[from] ability: Drizzle|[of] p1a: Pelipper\n|turn|1\n|\n|t:|1776730805\n|move|p2b: Sinistcha|Rage Powder|p2b: Sinistcha\n|-singleturn|p2b: Sinistcha|move: Rage Powder\n|move|p2a: Milotic|Coil|p2a: Milotic\n|-boost|p2a: Milotic|atk|1\n|-boost|p2a: Milotic|def|1\n|-boost|p2a: Milotic|accuracy|1\n|move|p1b: Archaludon|Electro Shot||[still]\n|-prepare|p1b: Archaludon|Electro Shot\n|-boost|p1b: Archaludon|spa|1\n|-anim|p1b: Archaludon|Electro Shot|p2a: Milotic\n|-supereffective|p2a: Milotic|1\n|-damage|p2a: Milotic|0 fnt\n|faint|p2a: Milotic\n|move|p1a: Pelipper|Hurricane|p2b: Sinistcha\n|-supereffective|p2b: Sinistcha|1\n|-damage|p2b: Sinistcha|29/100\n|-enditem|p2b: Sinistcha|Sitrus Berry|[eat]\n|-heal|p2b: Sinistcha|53/100|[from] item: Sitrus Berry\n|\n|-weather|RainDance|[upkeep]\n|upkeep\n|c|\u2606fuukiuwu|and the rage powder??? what??\n|inactive|fuukiuwu has 30 seconds left.\n|c|\u2606poltato2|Stalwart\n|\n|t:|1776730834\n|switch|p2a: Sneasler|Sneasler, L50, M|100/100\n|turn|2\n|c|\u2606fuukiuwu|what is stalwart?\n|inactive|fuukiuwu has 30 seconds left.\n|c|\u2606poltato2|Prevents move redirection\n|\n|t:|1776730863\n|move|p1b: Archaludon|Protect|p1b: Archaludon\n|-singleturn|p1b: Archaludon|Protect\n|move|p2a: Sneasler|Close Combat|p1b: Archaludon\n|-activate|p1b: Archaludon|move: Protect\n|move|p2b: Sinistcha|Matcha Gotcha|p1a: Pelipper|[spread] p1a\n|-activate|p1b: Archaludon|move: Protect\n|-damage|p1a: Pelipper|64/100\n|-heal|p2b: Sinistcha|71/100|[from] drain|[of] p1a: Pelipper\n|move|p1a: Pelipper|Hurricane|p2b: Sinistcha\n|-supereffective|p2b: Sinistcha|1\n|-damage|p2b: Sinistcha|0 fnt\n|faint|p2b: Sinistcha\n|\n|-weather|RainDance|[upkeep]\n|upkeep\n|c|\u2606poltato2|One of archaludons abilities\n|c|\u2606fuukiuwu|lol, i have not idea of that hability xd\n|\n|t:|1776730878\n|switch|p2b: Floette|Floette-Eternal, L50, F|100/100\n|turn|3\n|inactive|poltato2 has 30 seconds left.\n|\n|t:|1776730908\n|detailschange|p2b: Floette|Floette-Mega, L50, F\n|-mega|p2b: Floette|Floette|Floettite\n|-ability|p2b: Floette|Fairy Aura\n|move|p2a: Sneasler|Close Combat|p1b: Archaludon\n|-supereffective|p1b: Archaludon|1\n|-enditem|p1b: Archaludon|Chople Berry|[eat]\n|-enditem|p1b: Archaludon|Chople Berry|[weaken]\n|-damage|p1b: Archaludon|54/100\n|-unboost|p2a: Sneasler|def|1\n|-unboost|p2a: Sneasler|spd|1\n|move|p2b: Floette|Dazzling Gleam|p1a: Pelipper|[spread] p1a,p1b\n|-damage|p1a: Pelipper|0 fnt\n|-damage|p1b: Archaludon|0 fnt\n|faint|p1a: Pelipper\n|faint|p1b: Archaludon\n|\n|-weather|RainDance|[upkeep]\n|upkeep\n|\n|t:|1776730921\n|switch|p1b: Meganium|Meganium, L50, F|100/100\n|switch|p1a: Bellibolt|Bellibolt, L50, F|100/100\n|turn|4\n|\n|t:|1776730935\n|detailschange|p1b: Meganium|Meganium-Mega, L50, F\n|-mega|p1b: Meganium|Meganium|Meganiumite\n|move|p1b: Meganium|Protect|p1b: Meganium\n|-singleturn|p1b: Meganium|Protect\n|move|p2a: Sneasler|Dire Claw|p1b: Meganium\n|-activate|p1b: Meganium|move: Protect\n|move|p2b: Floette|Dazzling Gleam|p1b: Meganium|[spread] p1a\n|-activate|p1b: Meganium|move: Protect\n|-damage|p1a: Bellibolt|51/100\n|-start|p1a: Bellibolt|Charge|Dazzling Gleam|[from] ability: Electromorphosis\n|move|p1a: Bellibolt|Electroweb|p2a: Sneasler|[spread] p2a,p2b\n|-damage|p2a: Sneasler|36/100\n|-damage|p2b: Floette|78/100\n|-unboost|p2a: Sneasler|spe|1\n|-unboost|p2b: Floette|spe|1\n|-end|p1a: Bellibolt|Charge|[silent]\n|\n|-weather|RainDance|[upkeep]\n|-heal|p1a: Bellibolt|57/100|[from] item: Leftovers\n|upkeep\n|turn|5\n|inactive|poltato2 has 30 seconds left.\n|inactive|poltato2 has 20 seconds left.\n|\n|t:|1776730971\n|move|p2a: Sneasler|Protect|p2a: Sneasler\n|-singleturn|p2a: Sneasler|Protect\n|move|p2b: Floette|Dazzling Gleam|p1b: Meganium|[spread] p1a,p1b\n|-damage|p1a: Bellibolt|13/100\n|-damage|p1b: Meganium|56/100\n|-start|p1a: Bellibolt|Charge|Dazzling Gleam|[from] ability: Electromorphosis\n|move|p1b: Meganium|Dazzling Gleam|p2a: Sneasler|[spread] p2b\n|-activate|p2a: Sneasler|move: Protect\n|-damage|p2b: Floette|36/100\n|move|p1a: Bellibolt|Electroweb|p2a: Sneasler|[spread] p2b\n|-activate|p2a: Sneasler|move: Protect\n|-damage|p2b: Floette|12/100\n|-unboost|p2b: Floette|spe|1\n|-end|p1a: Bellibolt|Charge|[silent]\n|\n|-weather|none\n|-heal|p1a: Bellibolt|19/100|[from] item: Leftovers\n|upkeep\n|turn|6\n|\n|t:|1776730995\n|move|p2a: Sneasler|Dire Claw|p1b: Meganium\n|-supereffective|p1b: Meganium|2\n|-damage|p1b: Meganium|0 fnt\n|faint|p1b: Meganium\n|move|p2b: Floette|Dazzling Gleam|p1a: Bellibolt\n|-damage|p1a: Bellibolt|0 fnt\n|faint|p1a: Bellibolt\n|\n|win|fuukiuwu\n|raw|poltato2's rating: 1141 &rarr; <strong>1113</strong><br />(-28 for losing)\n|raw|fuukiuwu's rating: 1097 &rarr; <strong>1126</strong><br />(+29 for winning)\n|c|\u2606fuukiuwu|gg!\n|c|\u2606poltato2|Gg\n",
  "uploadtime": 1776731017,
  "views": 17,
  "formatid": "gen9championsvgc2026regma",
  "rating": 1113,
  "private": 0,
  "password": null
}