{
  "id": "gen9championsvgc2026regma-2583739431",
  "format": "[Gen 9 Champions] VGC 2026 Reg M-A",
  "players": [
    "zaneami",
    "mathus19"
  ],
  "log": "|j|\u2606zaneami\n|j|\u2606mathus19\n|t:|1776194418\n|gametype|doubles\n|player|p1|zaneami|101|1067\n|player|p2|mathus19|101|1141\n|gen|9\n|tier|[Gen 9 Champions] VGC 2026 Reg M-A\n|rated|\n|rule|Species Clause: Limit one of each Pok\u00e9mon\n|rule|Item Clause: Limit 1 of each item\n|clearpoke\n|poke|p1|Archaludon, L50, F|\n|poke|p1|Crabominable, L50, F|\n|poke|p1|Dragonite, L50, M|\n|poke|p1|Politoed, L50, F|\n|poke|p1|Basculegion, L50, M|\n|poke|p1|Sinistcha, L50|\n|poke|p2|Politoed, L50, M|\n|poke|p2|Basculegion, L50, M|\n|poke|p2|Sneasler, L50, M|\n|poke|p2|Dragonite, L50, M|\n|poke|p2|Archaludon, L50, F|\n|poke|p2|Sinistcha, L50|\n|teampreview|4\n|c|\u2606zaneami|nice team\n|inactive|Battle timer is ON: inactive players will automatically lose when time's up. (requested by mathus19)\n|\n|t:|1776194456\n|teamsize|p1|4\n|teamsize|p2|4\n|start\n|switch|p1a: Dragonite|Dragonite, L50, M|100/100\n|switch|p1b: Politoed|Politoed, L50, F|100/100\n|switch|p2a: Sinistcha|Sinistcha, L50|100/100\n|switch|p2b: Archaludon|Archaludon, L50, F|100/100\n|-weather|RainDance|[from] ability: Drizzle|[of] p1b: Politoed\n|turn|1\n|inactive|zaneami has 30 seconds left.\n|inactive|mathus19 has 30 seconds left.\n|inactive|mathus19 has 20 seconds left.\n|\n|t:|1776194495\n|detailschange|p1a: Dragonite|Dragonite-Mega, L50, M\n|-mega|p1a: Dragonite|Dragonite|Dragoninite\n|move|p2a: Sinistcha|Rage Powder|p2a: Sinistcha\n|-singleturn|p2a: Sinistcha|move: Rage Powder\n|move|p1a: Dragonite|Draco Meteor|p2a: Sinistcha\n|-damage|p2a: Sinistcha|9/100\n|-unboost|p1a: Dragonite|spa|2\n|-enditem|p2a: Sinistcha|Sitrus Berry|[eat]\n|-heal|p2a: Sinistcha|33/100|[from] item: Sitrus Berry\n|move|p2b: Archaludon|Electro Shot||[still]\n|-prepare|p2b: Archaludon|Electro Shot\n|-boost|p2b: Archaludon|spa|1\n|-anim|p2b: Archaludon|Electro Shot|p1b: Politoed\n|-supereffective|p1b: Politoed|1\n|-damage|p1b: Politoed|21/100\n|move|p1b: Politoed|Encore|p2a: Sinistcha\n|-start|p2a: Sinistcha|Encore\n|\n|-weather|RainDance|[upkeep]\n|-heal|p1b: Politoed|27/100|[from] item: Leftovers\n|upkeep\n|turn|2\n|inactive|zaneami has 30 seconds left.\n|\n|t:|1776194525\n|move|p2a: Sinistcha|Rage Powder|p2a: Sinistcha\n|-singleturn|p2a: Sinistcha|move: Rage Powder\n|move|p1a: Dragonite|Draco Meteor|p2a: Sinistcha\n|-damage|p2a: Sinistcha|0 fnt\n|-unboost|p1a: Dragonite|spa|2\n|faint|p2a: Sinistcha\n|move|p2b: Archaludon|Draco Meteor|p1a: Dragonite\n|-supereffective|p1a: Dragonite|1\n|-damage|p1a: Dragonite|19/100\n|-unboost|p2b: Archaludon|spa|2\n|move|p1b: Politoed|Weather Ball|p2b: Archaludon\n|-resisted|p2b: Archaludon|1\n|-damage|p2b: Archaludon|64/100\n|-ability|p2b: Archaludon|Stamina|boost\n|-boost|p2b: Archaludon|def|1\n|\n|-weather|RainDance|[upkeep]\n|-heal|p1b: Politoed|33/100|[from] item: Leftovers\n|upkeep\n|\n|t:|1776194546\n|switch|p2a: Basculegion|Basculegion, L50, M|100/100\n|turn|3\n|inactive|zaneami has 30 seconds left.\n|inactive|zaneami has 20 seconds left.\n|inactive|zaneami has 15 seconds left.\n|inactive|zaneami has 10 seconds left.\n|\n|t:|1776194594\n|move|p2a: Basculegion|Last Respects|p1a: Dragonite\n|-damage|p1a: Dragonite|0 fnt\n|faint|p1a: Dragonite\n|move|p2b: Archaludon|Electro Shot||[still]\n|-prepare|p2b: Archaludon|Electro Shot\n|-boost|p2b: Archaludon|spa|1\n|-anim|p2b: Archaludon|Electro Shot|p1b: Politoed\n|-supereffective|p1b: Politoed|1\n|-damage|p1b: Politoed|0 fnt\n|faint|p1b: Politoed\n|\n|-weather|RainDance|[upkeep]\n|upkeep\n|\n|t:|1776194598\n|switch|p1a: Archaludon|Archaludon, L50, F|100/100\n|switch|p1b: Basculegion|Basculegion, L50, M|100/100\n|turn|4\n|\n|t:|1776194612\n|move|p1b: Basculegion|Protect|p1b: Basculegion\n|-singleturn|p1b: Basculegion|Protect\n|move|p2a: Basculegion|Last Respects|p1b: Basculegion\n|-activate|p1b: Basculegion|move: Protect\n|move|p2b: Archaludon|Electro Shot||[still]\n|-prepare|p2b: Archaludon|Electro Shot\n|-boost|p2b: Archaludon|spa|1\n|-anim|p2b: Archaludon|Electro Shot|p1b: Basculegion\n|-activate|p1b: Basculegion|move: Protect\n|move|p1a: Archaludon|Electro Shot||[still]\n|-prepare|p1a: Archaludon|Electro Shot\n|-boost|p1a: Archaludon|spa|1\n|-anim|p1a: Archaludon|Electro Shot|p2a: Basculegion\n|-supereffective|p2a: Basculegion|1\n|-damage|p2a: Basculegion|0 fnt\n|faint|p2a: Basculegion\n|\n|-weather|RainDance|[upkeep]\n|upkeep\n|\n|t:|1776194630\n|switch|p2a: Dragonite|Dragonite, L50, M|100/100\n|turn|5\n|\n|t:|1776194643\n|detailschange|p2a: Dragonite|Dragonite-Mega, L50, M\n|-mega|p2a: Dragonite|Dragonite|Dragoninite\n|move|p1b: Basculegion|Last Respects|p2a: Dragonite\n|-damage|p2a: Dragonite|62/100\n|move|p2a: Dragonite|Draco Meteor|p1a: Archaludon\n|-damage|p1a: Archaludon|0 fnt\n|-unboost|p2a: Dragonite|spa|2\n|faint|p1a: Archaludon\n|move|p2b: Archaludon|Draco Meteor|p1b: Basculegion\n|-damage|p1b: Basculegion|0 fnt\n|-unboost|p2b: Archaludon|spa|2\n|faint|p1b: Basculegion\n|\n|win|mathus19\n|raw|zaneami's rating: 1067 &rarr; <strong>1051</strong><br />(-16 for losing)\n|raw|mathus19's rating: 1141 &rarr; <strong>1161</strong><br />(+20 for winning)\n",
  "uploadtime": 1776194651,
  "views": 28,
  "formatid": "gen9championsvgc2026regma",
  "rating": 1051,
  "private": 0,
  "password": null
}