{
  "id": "gen9championsvgc2026regma-2582788985",
  "format": "[Gen 9 Champions] VGC 2026 Reg M-A",
  "players": [
    "CindyMart",
    "iccr"
  ],
  "log": "|j|\u2606CindyMart\n|j|\u2606iccr\n|t:|1776114237\n|gametype|doubles\n|player|p1|CindyMart|boarder|1131\n|player|p2|iccr|265|1090\n|gen|9\n|tier|[Gen 9 Champions] VGC 2026 Reg M-A\n|rated|\n|rule|Species Clause: Limit one of each Pok\u00e9mon\n|rule|Item Clause: Limit 1 of each item\n|clearpoke\n|poke|p1|Floette-Eternal, L50, F|\n|poke|p1|Incineroar, L50, M|\n|poke|p1|Garchomp, L50, M|\n|poke|p1|Kleavor, L50, F|\n|poke|p1|Tyranitar, L50, M|\n|poke|p1|Sneasler, L50, F|\n|poke|p2|Pelipper, L50, M|\n|poke|p2|Basculegion-F, L50, F|\n|poke|p2|Starmie, L50|\n|poke|p2|Sneasler, L50, M|\n|poke|p2|Sableye, L50, M|\n|poke|p2|Archaludon, L50, M|\n|teampreview|4\n|inactive|Battle timer is ON: inactive players will automatically lose when time's up. (requested by CindyMart)\n|inactive|CindyMart has 60 seconds left.\n|\n|t:|1776114269\n|teamsize|p1|4\n|teamsize|p2|4\n|start\n|switch|p1a: Incineroar|Incineroar, L50, M|100/100\n|switch|p1b: Kleavor|Kleavor, L50, F|100/100\n|switch|p2a: Sableye|Sableye, L50, M, shiny|100/100\n|switch|p2b: Basculegion|Basculegion-F, L50, F, shiny|100/100\n|-ability|p1a: Incineroar|Intimidate|boost\n|-unboost|p2a: Sableye|atk|1\n|-unboost|p2b: Basculegion|atk|1\n|turn|1\n|inactive|CindyMart has 30 seconds left.\n|inactive|iccr has 30 seconds left.\n|inactive|iccr has 20 seconds left.\n|\n|t:|1776114313\n|move|p2a: Sableye|Fake Out|p1a: Incineroar\n|-damage|p1a: Incineroar|96/100\n|move|p1b: Kleavor|Stone Axe|p2b: Basculegion\n|-damage|p2b: Basculegion|31/100\n|-sidestart|p2: iccr|move: Stealth Rock\n|move|p2b: Basculegion|Chilling Water|p1b: Kleavor\n|-supereffective|p1b: Kleavor|1\n|-damage|p1b: Kleavor|22/100\n|-unboost|p1b: Kleavor|atk|1\n|cant|p1a: Incineroar|flinch\n|\n|upkeep\n|turn|2\n|inactive|CindyMart has 30 seconds left.\n|inactive|CindyMart has 20 seconds left.\n|\n|t:|1776114349\n|switch|p1b: Garchomp|Garchomp, L50, M|100/100\n|move|p2a: Sableye|Rain Dance|p2a: Sableye\n|-weather|RainDance\n|move|p2b: Basculegion|Muddy Water|p1a: Incineroar|[spread] p1b\n|-miss|p2b: Basculegion|p1a: Incineroar\n|-crit|p1b: Garchomp\n|-damage|p1b: Garchomp|18/100\n|move|p1a: Incineroar|Darkest Lariat|p2b: Basculegion\n|-supereffective|p2b: Basculegion|1\n|-crit|p2b: Basculegion\n|-damage|p2b: Basculegion|0 fnt\n|faint|p2b: Basculegion\n|\n|-weather|RainDance|[upkeep]\n|-heal|p1b: Garchomp|24/100|[from] item: Leftovers\n|upkeep\n|\n|t:|1776114358\n|switch|p2b: Starmie|Starmie, L50, shiny|100/100\n|-damage|p2b: Starmie|89/100|[from] Stealth Rock\n|turn|3\n|inactive|CindyMart has 30 seconds left.\n|\n|t:|1776114388\n|switch|p1a: Tyranitar|Tyranitar, L50, M|100/100\n|-weather|Sandstorm|[from] ability: Sand Stream|[of] p1a: Tyranitar\n|detailschange|p2b: Starmie|Starmie-Mega, L50, shiny\n|-mega|p2b: Starmie|Starmie|Starminite\n|move|p1b: Garchomp|Protect|p1b: Garchomp\n|-singleturn|p1b: Garchomp|Protect\n|move|p2b: Starmie|Liquidation|p1a: Tyranitar\n|-supereffective|p1a: Tyranitar|1\n|-damage|p1a: Tyranitar|0 fnt\n|faint|p1a: Tyranitar\n|move|p2a: Sableye|Night Shade|p1b: Garchomp\n|-activate|p1b: Garchomp|move: Protect\n|\n|-weather|Sandstorm|[upkeep]\n|-damage|p2b: Starmie|83/100|[from] Sandstorm\n|-damage|p2a: Sableye|95/100|[from] Sandstorm\n|-heal|p1b: Garchomp|30/100|[from] item: Leftovers\n|upkeep\n|\n|t:|1776114406\n|switch|p1a: Incineroar|Incineroar, L50, M|96/100\n|-ability|p1a: Incineroar|Intimidate|boost\n|-unboost|p2a: Sableye|atk|1\n|-unboost|p2b: Starmie|atk|1\n|turn|4\n|\n|t:|1776114426\n|move|p2b: Starmie|Protect|p2b: Starmie\n|-singleturn|p2b: Starmie|Protect\n|move|p1a: Incineroar|Fake Out|p2b: Starmie\n|-activate|p2b: Starmie|move: Protect\n|move|p2a: Sableye|Rain Dance|p2a: Sableye\n|-weather|RainDance\n|move|p1b: Garchomp|Dragon Claw|p2b: Starmie\n|-activate|p2b: Starmie|move: Protect\n|\n|-weather|RainDance|[upkeep]\n|-heal|p1b: Garchomp|36/100|[from] item: Leftovers\n|upkeep\n|turn|5\n|inactive|CindyMart has 30 seconds left.\n|\n|t:|1776114456\n|move|p1b: Garchomp|Dragon Claw|p2b: Starmie\n|-damage|p2b: Starmie|41/100\n|move|p2b: Starmie|Ice Spinner|p1b: Garchomp\n|-supereffective|p1b: Garchomp|2\n|-damage|p1b: Garchomp|0 fnt\n|faint|p1b: Garchomp\n|move|p1a: Incineroar|Darkest Lariat|p2b: Starmie\n|-supereffective|p2b: Starmie|1\n|-damage|p2b: Starmie|0 fnt\n|faint|p2b: Starmie\n|move|p2a: Sableye|Night Shade|p1a: Incineroar\n|-damage|p1a: Incineroar|71/100\n|\n|-weather|RainDance|[upkeep]\n|upkeep\n|\n|t:|1776114468\n|switch|p1b: Kleavor|Kleavor, L50, F|22/100\n|switch|p2b: Sneasler|Sneasler, L50, M|100/100\n|-damage|p2b: Sneasler|95/100|[from] Stealth Rock\n|turn|6\n|inactive|CindyMart has 30 seconds left.\n|\n|t:|1776114503\n|move|p2b: Sneasler|Fake Out|p1b: Kleavor\n|-resisted|p1b: Kleavor|1\n|-damage|p1b: Kleavor|14/100\n|cant|p1b: Kleavor|flinch\n|move|p1a: Incineroar|Flare Blitz|p2b: Sneasler\n|-damage|p2b: Sneasler|58/100\n|-status|p2b: Sneasler|brn\n|-damage|p1a: Incineroar|62/100|[from] Recoil\n|move|p2a: Sableye|Night Shade|p1b: Kleavor\n|-damage|p1b: Kleavor|0 fnt\n|faint|p1b: Kleavor\n|\n|-weather|RainDance|[upkeep]\n|-damage|p2b: Sneasler|52/100 brn|[from] brn\n|upkeep\n|turn|7\n|inactive|CindyMart has 30 seconds left.\n|\n|t:|1776114530\n|move|p2b: Sneasler|Dire Claw|p1a: Incineroar\n|-damage|p1a: Incineroar|44/100\n|-enditem|p1a: Incineroar|Sitrus Berry|[eat]\n|-heal|p1a: Incineroar|69/100|[from] item: Sitrus Berry\n|move|p1a: Incineroar|Flare Blitz|p2b: Sneasler\n|-damage|p2b: Sneasler|15/100 brn\n|-damage|p1a: Incineroar|59/100|[from] Recoil\n|move|p2a: Sableye|Night Shade|p1a: Incineroar\n|-damage|p1a: Incineroar|34/100\n|\n|-weather|RainDance|[upkeep]\n|-damage|p2b: Sneasler|9/100 brn|[from] brn\n|upkeep\n|turn|8\n|\n|t:|1776114543\n|move|p2b: Sneasler|Close Combat|p1a: Incineroar\n|-supereffective|p1a: Incineroar|1\n|-damage|p1a: Incineroar|0 fnt\n|-unboost|p2b: Sneasler|def|1\n|-unboost|p2b: Sneasler|spd|1\n|faint|p1a: Incineroar\n|\n|win|iccr\n|raw|CindyMart's rating: 1131 &rarr; <strong>1103</strong><br />(-28 for losing)\n|raw|iccr's rating: 1090 &rarr; <strong>1120</strong><br />(+30 for winning)\n|l|\u2606CindyMart\n|player|p1|\n",
  "uploadtime": 1776114549,
  "views": 28,
  "formatid": "gen9championsvgc2026regma",
  "rating": 1103,
  "private": 0,
  "password": null
}