{
  "id": "gen9championsvgc2026regma-2588304906",
  "format": "[Gen 9 Champions] VGC 2026 Reg M-A",
  "players": [
    "pepoelpupas",
    "DavidTIS"
  ],
  "log": "|j|\u2606pepoelpupas\n|j|\u2606DavidTIS\n|t:|1776622580\n|gametype|doubles\n|player|p1|pepoelpupas|benga|1174\n|player|p2|DavidTIS|1|1139\n|gen|9\n|tier|[Gen 9 Champions] VGC 2026 Reg M-A\n|rated|\n|rule|Species Clause: Limit one of each Pok\u00e9mon\n|rule|Item Clause: Limit 1 of each item\n|clearpoke\n|poke|p1|Floette-Eternal, L50, F|\n|poke|p1|Aegislash, L50, F|\n|poke|p1|Incineroar, L50, M|\n|poke|p1|Kommo-o, L50, M|\n|poke|p1|Rotom-Wash, L50|\n|poke|p1|Sneasler, L50, M|\n|poke|p2|Starmie, L50|\n|poke|p2|Lucario, L50, F|\n|poke|p2|Zoroark-Hisui, L50, F|\n|poke|p2|Lycanroc-Dusk, L50, M|\n|poke|p2|Skarmory, L50, F|\n|poke|p2|Hydreigon, L50, F|\n|teampreview|4\n|inactive|Battle timer is ON: inactive players will automatically lose when time's up. (requested by DavidTIS)\n|inactive|pepoelpupas has 60 seconds left.\n|inactive|DavidTIS has 60 seconds left.\n|\n|t:|1776622622\n|teamsize|p1|4\n|teamsize|p2|4\n|start\n|switch|p1a: Incineroar|Incineroar, L50, M|100/100\n|switch|p1b: Floette|Floette-Eternal, L50, F|100/100\n|switch|p2a: Starmie|Starmie, L50|100/100\n|switch|p2b: Lucario|Lucario, L50, F|100/100\n|-ability|p1a: Incineroar|Intimidate|boost\n|-unboost|p2a: Starmie|atk|1\n|-fail|p2b: Lucario|unboost|Attack|[from] ability: Inner Focus|[of] p2b: Lucario\n|turn|1\n|\n|t:|1776622641\n|detailschange|p2a: Starmie|Starmie-Mega, L50\n|-mega|p2a: Starmie|Starmie|Starminite\n|detailschange|p1b: Floette|Floette-Mega, L50, F\n|-mega|p1b: Floette|Floette|Floettite\n|-ability|p1b: Floette|Fairy Aura\n|move|p2a: Starmie|Protect|p2a: Starmie\n|-singleturn|p2a: Starmie|Protect\n|move|p1a: Incineroar|Fake Out|p2b: Lucario\n|-resisted|p2b: Lucario|1\n|-damage|p2b: Lucario|93/100\n|move|p1b: Floette|Dazzling Gleam|p2b: Lucario|[spread] p2b\n|-activate|p2a: Starmie|move: Protect\n|-damage|p2b: Lucario|25/100\n|move|p2b: Lucario|Aura Sphere|p1a: Incineroar\n|-supereffective|p1a: Incineroar|1\n|-damage|p1a: Incineroar|20/100\n|-enditem|p1a: Incineroar|Sitrus Berry|[eat]\n|-heal|p1a: Incineroar|45/100|[from] item: Sitrus Berry\n|\n|upkeep\n|turn|2\n|inactive|DavidTIS has 30 seconds left.\n|inactive|DavidTIS has 20 seconds left.\n|inactive|DavidTIS has 15 seconds left.\n|inactive|DavidTIS has 10 seconds left.\n|\n|t:|1776622690\n|switch|p2b: Lycanroc|Lycanroc-Dusk, L50, M|100/100\n|move|p1a: Incineroar|Helping Hand|p1b: Floette\n|-singleturn|p1b: Floette|Helping Hand|[of] p1a: Incineroar\n|move|p2a: Starmie|Liquidation|p1a: Incineroar\n|-supereffective|p1a: Incineroar|1\n|-damage|p1a: Incineroar|0 fnt\n|faint|p1a: Incineroar\n|move|p1b: Floette|Dazzling Gleam|p2a: Starmie|[spread] p2a,p2b\n|-damage|p2a: Starmie|16/100\n|-enditem|p2b: Lycanroc|Focus Sash\n|-damage|p2b: Lycanroc|1/100\n|\n|upkeep\n|\n|t:|1776622704\n|switch|p1a: Aegislash|Aegislash, L50, F|100/100\n|turn|3\n|\n|t:|1776622717\n|-formechange|p1a: Aegislash|Aegislash-Blade|\n|move|p1a: Aegislash|Shadow Sneak|p2a: Starmie\n|-supereffective|p2a: Starmie|1\n|-damage|p2a: Starmie|0 fnt\n|faint|p2a: Starmie\n|move|p2b: Lycanroc|Rock Slide|p1b: Floette|[spread] p1a,p1b\n|-resisted|p1a: Aegislash|1\n|-damage|p1a: Aegislash|73/100\n|-damage|p1b: Floette|69/100\n|move|p1b: Floette|Dazzling Gleam|p2b: Lycanroc\n|-damage|p2b: Lycanroc|0 fnt\n|faint|p2b: Lycanroc\n|\n|upkeep\n|\n|t:|1776622728\n|switch|p2a: Lucario|Lucario, L50, F|25/100\n|switch|p2b: Hydreigon|Hydreigon, L50, F|100/100\n|turn|4\n|\n|t:|1776622750\n|move|p1b: Floette|Protect|p1b: Floette\n|-singleturn|p1b: Floette|Protect\n|move|p1a: Aegislash|Shadow Sneak|p2a: Lucario\n|-damage|p2a: Lucario|0 fnt\n|faint|p2a: Lucario\n|move|p2b: Hydreigon|Dark Pulse|p1a: Aegislash\n|-supereffective|p1a: Aegislash|1\n|-damage|p1a: Aegislash|0 fnt\n|faint|p1a: Aegislash\n|\n|upkeep\n|\n|t:|1776622758\n|switch|p1a: Kommo-o|Kommo-o, L50, M|100/100\n|turn|5\n|\n|t:|1776622770\n|move|p2b: Hydreigon|Draco Meteor|p1a: Kommo-o\n|-supereffective|p1a: Kommo-o|1\n|-damage|p1a: Kommo-o|0 fnt\n|-unboost|p2b: Hydreigon|spa|2\n|faint|p1a: Kommo-o\n|-enditem|p2b: Hydreigon|White Herb\n|-clearnegativeboost|p2b: Hydreigon|[silent]\n|move|p1b: Floette|Moonblast|p2b: Hydreigon\n|-supereffective|p2b: Hydreigon|2\n|-damage|p2b: Hydreigon|0 fnt\n|faint|p2b: Hydreigon\n|\n|win|pepoelpupas\n|raw|pepoelpupas's rating: 1174 &rarr; <strong>1196</strong><br />(+22 for winning)\n|raw|DavidTIS's rating: 1139 &rarr; <strong>1117</strong><br />(-22 for losing)\n",
  "uploadtime": 1776622776,
  "views": 9,
  "formatid": "gen9championsvgc2026regma",
  "rating": 1117,
  "private": 0,
  "password": null
}