{
  "id": "gen9championsvgc2026regma-2585369102",
  "format": "[Gen 9 Champions] VGC 2026 Reg M-A",
  "players": [
    "1Neku",
    "gokudan23"
  ],
  "log": "|j|\u26061Neku\n|j|\u2606gokudan23\n|t:|1776341993\n|gametype|doubles\n|player|p1|1Neku|265|1087\n|player|p2|gokudan23|1|1085\n|gen|9\n|tier|[Gen 9 Champions] VGC 2026 Reg M-A\n|rated|\n|rule|Species Clause: Limit one of each Pok\u00e9mon\n|rule|Item Clause: Limit 1 of each item\n|clearpoke\n|poke|p1|Pelipper, L50, F|\n|poke|p1|Basculegion, L50, M|\n|poke|p1|Sinistcha, L50|\n|poke|p1|Archaludon, L50, M|\n|poke|p1|Sneasler, L50, M|\n|poke|p1|Dragonite, L50, F|\n|poke|p2|Sinistcha-Masterpiece, L50|\n|poke|p2|Dragonite, L50, F|\n|poke|p2|Pelipper, L50, F|\n|poke|p2|Sneasler, L50, M|\n|poke|p2|Kingambit, L50, M|\n|poke|p2|Basculegion, L50, M|\n|teampreview|4\n|inactive|Battle timer is ON: inactive players will automatically lose when time's up. (requested by gokudan23)\n|\n|t:|1776342040\n|teamsize|p1|4\n|teamsize|p2|4\n|start\n|switch|p1a: Basculegion|Basculegion, L50, M|100/100\n|switch|p1b: Sneasler|Sneasler, L50, M|100/100\n|switch|p2a: Basculegion|Basculegion, L50, M|100/100\n|switch|p2b: Sneasler|Sneasler, L50, M|100/100\n|turn|1\n|inactive|gokudan23 has 30 seconds left.\n|inactive|gokudan23 has 20 seconds left.\n|\n|t:|1776342075\n|move|p1b: Sneasler|Protect|p1b: Sneasler\n|-singleturn|p1b: Sneasler|Protect\n|move|p2b: Sneasler|Fake Out|p1b: Sneasler\n|-activate|p1b: Sneasler|move: Protect\n|move|p2a: Basculegion|Wave Crash|p1b: Sneasler\n|-activate|p1b: Sneasler|move: Protect\n|move|p1a: Basculegion|Flip Turn|p2b: Sneasler\n|-damage|p2b: Sneasler|58/100\n|\n|t:|1776342091\n|switch|p1a: Archaludon|Archaludon, L50, M|100/100|[from] Flip Turn\n|\n|upkeep\n|turn|2\n|\n|t:|1776342114\n|switch|p2a: Sinistcha|Sinistcha-Masterpiece, L50|100/100\n|-heal|p2b: Sneasler|83/100|[from] ability: Hospitality|[of] p2a: Sinistcha\n|move|p1a: Archaludon|Protect|p1a: Archaludon\n|-singleturn|p1a: Archaludon|Protect\n|move|p2b: Sneasler|Close Combat|p1a: Archaludon\n|-activate|p1a: Archaludon|move: Protect\n|move|p1b: Sneasler|Close Combat|p2b: Sneasler\n|-resisted|p2b: Sneasler|1\n|-damage|p2b: Sneasler|36/100\n|-unboost|p1b: Sneasler|def|1\n|-unboost|p1b: Sneasler|spd|1\n|-enditem|p1b: Sneasler|White Herb\n|-clearnegativeboost|p1b: Sneasler|[silent]\n|\n|upkeep\n|turn|3\n|inactive|1Neku has 30 seconds left.\n|inactive|gokudan23 has 30 seconds left.\n|inactive|gokudan23 has 20 seconds left.\n|inactive|gokudan23 has 15 seconds left.\n|inactive|1Neku has 20 seconds left.\n|\n|t:|1776342164\n|move|p2b: Sneasler|Protect|p2b: Sneasler\n|-singleturn|p2b: Sneasler|Protect\n|move|p1a: Archaludon|Protect|p1a: Archaludon\n|-singleturn|p1a: Archaludon|Protect\n|move|p1b: Sneasler|Dire Claw|p2a: Sinistcha\n|-damage|p2a: Sinistcha|58/100\n|move|p2a: Sinistcha|Matcha Gotcha|p1b: Sneasler|[spread] p1b\n|-activate|p1a: Archaludon|move: Protect\n|-resisted|p1b: Sneasler|1\n|-damage|p1b: Sneasler|84/100\n|-heal|p2a: Sinistcha|65/100|[from] drain|[of] p1b: Sneasler\n|\n|upkeep\n|turn|4\n|inactive|1Neku has 30 seconds left.\n|inactive|gokudan23 has 30 seconds left.\n|inactive|1Neku has 20 seconds left.\n|\n|t:|1776342204\n|switch|p2b: Basculegion|Basculegion, L50, M|100/100\n|switch|p1a: Basculegion|Basculegion, L50, M|100/100\n|move|p1b: Sneasler|Close Combat|p2b: Basculegion\n|-immune|p2b: Basculegion\n|move|p2a: Sinistcha|Matcha Gotcha|p1a: Basculegion|[spread] p1a\n|-miss|p2a: Sinistcha|p1b: Sneasler\n|-supereffective|p1a: Basculegion|1\n|-damage|p1a: Basculegion|45/100\n|-heal|p2a: Sinistcha|95/100|[from] drain|[of] p1a: Basculegion\n|\n|upkeep\n|turn|5\n|inactive|1Neku has 30 seconds left.\n|inactive|gokudan23 has 30 seconds left.\n|inactive|1Neku has 20 seconds left.\n|inactive|gokudan23 has 20 seconds left.\n|\n|t:|1776342244\n|switch|p1b: Pelipper|Pelipper, L50, F, shiny|100/100\n|-weather|RainDance|[from] ability: Drizzle|[of] p1b: Pelipper\n|switch|p2a: Kingambit|Kingambit, L50, M, shiny|100/100\n|move|p1a: Basculegion|Last Respects|p2b: Basculegion\n|-supereffective|p2b: Basculegion|1\n|-damage|p2b: Basculegion|39/100\n|move|p2b: Basculegion|Wave Crash|p1b: Pelipper\n|-resisted|p1b: Pelipper|1\n|-damage|p1b: Pelipper|15/100\n|-damage|p2b: Basculegion|19/100|[from] Recoil\n|\n|-weather|RainDance|[upkeep]\n|upkeep\n|turn|6\n|inactive|gokudan23 has 30 seconds left.\n|\n|t:|1776342274\n|switch|p1a: Archaludon|Archaludon, L50, M|100/100\n|move|p1b: Pelipper|Protect|p1b: Pelipper\n|-singleturn|p1b: Pelipper|Protect\n|move|p2a: Kingambit|Sucker Punch||[still]\n|-fail|p2a: Kingambit\n|move|p2b: Basculegion|Wave Crash|p1b: Pelipper\n|-activate|p1b: Pelipper|move: Protect\n|\n|-weather|RainDance|[upkeep]\n|upkeep\n|turn|7\n|inactive|1Neku has 30 seconds left.\n|inactive|1Neku has 20 seconds left.\n|inactive|1Neku has 15 seconds left.\n|inactive|1Neku has 10 seconds left.\n|\n|t:|1776342321\n|switch|p1b: Basculegion|Basculegion, L50, M|45/100\n|switch|p2a: Sinistcha|Sinistcha-Masterpiece, L50|95/100\n|-heal|p2b: Basculegion|44/100|[from] ability: Hospitality|[of] p2a: Sinistcha\n|move|p2b: Basculegion|Wave Crash|p1b: Basculegion\n|-resisted|p1b: Basculegion|1\n|-crit|p1b: Basculegion\n|-damage|p1b: Basculegion|0 fnt\n|faint|p1b: Basculegion\n|-damage|p2b: Basculegion|29/100|[from] Recoil\n|move|p1a: Archaludon|Electro Shot||[still]\n|-prepare|p1a: Archaludon|Electro Shot\n|-boost|p1a: Archaludon|spa|1\n|-anim|p1a: Archaludon|Electro Shot|p2b: Basculegion\n|-supereffective|p2b: Basculegion|1\n|-damage|p2b: Basculegion|0 fnt\n|faint|p2b: Basculegion\n|\n|-weather|RainDance|[upkeep]\n|upkeep\n|l|\u26061Neku\n|inactive|1Neku disconnected and has a minute to reconnect!\n|player|p1|\n|inactive|1Neku has 30 seconds left.\n|inactive|gokudan23 has 30 seconds left.\n|j|\u26061Neku\n|inactive|1Neku reconnected and has 25 seconds left.\n|player|p1|1Neku|265|\n|inactive|1Neku has 20 seconds left.\n|inactive|gokudan23 has 20 seconds left.\n|\n|t:|1776342358\n|switch|p1b: Sneasler|Sneasler, L50, M|84/100\n|switch|p2b: Sneasler|Sneasler, L50, M|36/100\n|turn|8\n|inactive|gokudan23 has 30 seconds left.\n|inactive|gokudan23 has 20 seconds left.\n|\n|t:|1776342395\n|move|p2b: Sneasler|Protect|p2b: Sneasler\n|-singleturn|p2b: Sneasler|Protect\n|move|p1b: Sneasler|Fake Out|p2b: Sneasler\n|-activate|p2b: Sneasler|move: Protect\n|move|p1a: Archaludon|Electro Shot||[still]\n|-prepare|p1a: Archaludon|Electro Shot\n|-boost|p1a: Archaludon|spa|1\n|-anim|p1a: Archaludon|Electro Shot|p2b: Sneasler\n|-activate|p2b: Sneasler|move: Protect\n|move|p2a: Sinistcha|Strength Sap|p1b: Sneasler\n|-unboost|p1b: Sneasler|atk|1\n|-heal|p2a: Sinistcha|100/100\n|\n|-weather|RainDance|[upkeep]\n|upkeep\n|turn|9\n|inactive|1Neku has 30 seconds left.\n|inactive|gokudan23 has 30 seconds left.\n|\n|t:|1776342428\n|move|p1a: Archaludon|Protect|p1a: Archaludon\n|-singleturn|p1a: Archaludon|Protect\n|move|p2a: Sinistcha|Rage Powder|p2a: Sinistcha\n|-singleturn|p2a: Sinistcha|move: Rage Powder\n|move|p2b: Sneasler|Close Combat|p1a: Archaludon\n|-activate|p1a: Archaludon|move: Protect\n|move|p1b: Sneasler|Dire Claw|p2a: Sinistcha\n|-damage|p2a: Sinistcha|76/100\n|-status|p2a: Sinistcha|slp\n|\n|-weather|none\n|upkeep\n|turn|10\n|inactive|gokudan23 has 30 seconds left.\n|inactive|gokudan23 has 20 seconds left.\n|inactive|gokudan23 has 15 seconds left.\n|\n|t:|1776342468\n|switch|p1a: Pelipper|Pelipper, L50, F, shiny|15/100\n|-weather|RainDance|[from] ability: Drizzle|[of] p1a: Pelipper\n|move|p2b: Sneasler|Protect|p2b: Sneasler\n|-singleturn|p2b: Sneasler|Protect\n|move|p1b: Sneasler|Close Combat|p2b: Sneasler\n|-activate|p2b: Sneasler|move: Protect\n|cant|p2a: Sinistcha|slp\n|\n|-weather|RainDance|[upkeep]\n|upkeep\n|turn|11\n|inactive|1Neku has 30 seconds left.\n|inactive|gokudan23 has 30 seconds left.\n|inactive|1Neku has 20 seconds left.\n|inactive|gokudan23 has 20 seconds left.\n|\n|t:|1776342505\n|switch|p1b: Archaludon|Archaludon, L50, M|100/100\n|move|p1a: Pelipper|Protect|p1a: Pelipper\n|-singleturn|p1a: Pelipper|Protect\n|-curestatus|p2a: Sinistcha|slp|[msg]\n|move|p2a: Sinistcha|Rage Powder|p2a: Sinistcha\n|-singleturn|p2a: Sinistcha|move: Rage Powder\n|move|p2b: Sneasler|Close Combat|p1a: Pelipper\n|-activate|p1a: Pelipper|move: Protect\n|\n|-weather|RainDance|[upkeep]\n|upkeep\n|turn|12\n|inactive|gokudan23 has 30 seconds left.\n|inactive|1Neku has 30 seconds left.\n|inactive|gokudan23 has 20 seconds left.\n|inactive|gokudan23 has 15 seconds left.\n|\n|t:|1776342539\n|move|p2a: Sinistcha|Rage Powder|p2a: Sinistcha\n|-singleturn|p2a: Sinistcha|move: Rage Powder\n|move|p2b: Sneasler|Close Combat|p1a: Pelipper\n|-resisted|p1a: Pelipper|1\n|-damage|p1a: Pelipper|0 fnt\n|-unboost|p2b: Sneasler|def|1\n|-unboost|p2b: Sneasler|spd|1\n|faint|p1a: Pelipper\n|-enditem|p2b: Sneasler|White Herb\n|-clearnegativeboost|p2b: Sneasler|[silent]\n|move|p1b: Archaludon|Electro Shot||[still]\n|-prepare|p1b: Archaludon|Electro Shot\n|-boost|p1b: Archaludon|spa|1\n|-anim|p1b: Archaludon|Electro Shot|p2a: Sinistcha\n|-resisted|p2a: Sinistcha|1\n|-damage|p2a: Sinistcha|45/100\n|-enditem|p2a: Sinistcha|Sitrus Berry|[eat]\n|-heal|p2a: Sinistcha|70/100|[from] item: Sitrus Berry\n|\n|-weather|RainDance|[upkeep]\n|upkeep\n|\n|t:|1776342558\n|switch|p1a: Sneasler|Sneasler, L50, M|84/100\n|turn|13\n|inactive|gokudan23 has 15 seconds left this turn.\n|inactive|1Neku has 30 seconds left.\n|inactive|gokudan23 has 10 seconds left.\n|inactive|1Neku has 20 seconds left.\n|inactive|1Neku has 15 seconds left.\n|\n|t:|1776342580\n|move|p2b: Sneasler|Protect|p2b: Sneasler\n|-singleturn|p2b: Sneasler|Protect\n|move|p1a: Sneasler|Fake Out|p2b: Sneasler\n|-activate|p2b: Sneasler|move: Protect\n|move|p1b: Archaludon|Draco Meteor|p2a: Sinistcha\n|-damage|p2a: Sinistcha|0 fnt\n|-unboost|p1b: Archaludon|spa|2\n|faint|p2a: Sinistcha\n|\n|-weather|RainDance|[upkeep]\n|upkeep\n|inactive|gokudan23 has 10 seconds left this turn.\n|inactive|gokudan23 has 5 seconds left.\n|-message|gokudan23 lost due to inactivity.\n|\n|win|1Neku\n|raw|1Neku's rating: 1087 &rarr; <strong>1114</strong><br />(+27 for winning)\n|raw|gokudan23's rating: 1085 &rarr; <strong>1062</strong><br />(-23 for losing)\n|l|\u2606gokudan23\n|player|p2|\n",
  "uploadtime": 1776342773,
  "views": 23,
  "formatid": "gen9championsvgc2026regma",
  "rating": 1062,
  "private": 0,
  "password": null
}