{
  "id": "gen9championsvgc2026regma-2586545534",
  "format": "[Gen 9 Champions] VGC 2026 Reg M-A",
  "players": [
    "AskerosoMilwoky",
    "EkCantDrawLol"
  ],
  "log": "|j|\u2606AskerosoMilwoky\n|j|\u203dEkCantDrawLol\n|t:|1776442054\n|gametype|doubles\n|player|p1|AskerosoMilwoky|lance|1109\n|player|p2|EkCantDrawLol|skierf|1147\n|gen|9\n|tier|[Gen 9 Champions] VGC 2026 Reg M-A\n|rated|\n|rule|Species Clause: Limit one of each Pok\u00e9mon\n|rule|Item Clause: Limit 1 of each item\n|clearpoke\n|poke|p1|Gardevoir, L50, M|\n|poke|p1|Talonflame, L50, M|\n|poke|p1|Gengar, L50, M|\n|poke|p1|Dragonite, L50, F|\n|poke|p1|Venusaur, L50, F|\n|poke|p1|Charizard, L50, F|\n|poke|p2|Delphox, L50, M|\n|poke|p2|Corviknight, L50, F|\n|poke|p2|Garchomp, L50, M|\n|poke|p2|Floette-Eternal, L50, F|\n|poke|p2|Sneasler, L50, F|\n|poke|p2|Basculegion, L50, M|\n|teampreview|4\n|\n|t:|1776442076\n|teamsize|p1|4\n|teamsize|p2|4\n|start\n|switch|p1a: Gengar|Gengar, L50, M|100/100\n|switch|p1b: Talonflame|Talonflame, L50, M|100/100\n|switch|p2a: Corviknight|Corviknight, L50, F|100/100\n|switch|p2b: Garchomp|Garchomp, L50, M|100/100\n|turn|1\n|\n|t:|1776442097\n|move|p1b: Talonflame|Tailwind|p1b: Talonflame\n|-sidestart|p1: AskerosoMilwoky|move: Tailwind\n|move|p1a: Gengar|Will-O-Wisp|p2b: Garchomp\n|-status|p2b: Garchomp|brn\n|move|p2b: Garchomp|Rock Slide|p1a: Gengar|[spread] p1a,p1b\n|-supereffective|p1b: Talonflame|2\n|-damage|p1a: Gengar|80/100\n|-damage|p1b: Talonflame|41/100\n|move|p2a: Corviknight|Tailwind|p2a: Corviknight\n|-sidestart|p2: EkCantDrawLol|move: Tailwind\n|\n|-damage|p2b: Garchomp|94/100 brn|[from] brn\n|upkeep\n|turn|2\n|\n|t:|1776442124\n|move|p2a: Corviknight|Protect|p2a: Corviknight\n|-singleturn|p2a: Corviknight|Protect\n|move|p1b: Talonflame|Will-O-Wisp|p2a: Corviknight\n|-activate|p2a: Corviknight|move: Protect\n|move|p1a: Gengar|Shadow Ball|p2b: Garchomp\n|-damage|p2b: Garchomp|47/100 brn\n|move|p2b: Garchomp|Earthquake|p1b: Talonflame|[spread] p1a\n|-activate|p2a: Corviknight|move: Protect\n|-immune|p1b: Talonflame\n|-supereffective|p1a: Gengar|1\n|-damage|p1a: Gengar|8/100\n|-start|p2b: Garchomp|Disable|Earthquake|[from] ability: Cursed Body|[of] p1a: Gengar\n|\n|-damage|p2b: Garchomp|41/100 brn|[from] brn\n|upkeep\n|turn|3\n|\n|t:|1776442152\n|switch|p1b: Gardevoir|Gardevoir, L50, M|100/100\n|switch|p2a: Delphox|Delphox, L50, M|100/100\n|move|p1a: Gengar|Will-O-Wisp|p2a: Delphox|[miss]\n|-miss|p1a: Gengar|p2a: Delphox\n|move|p2b: Garchomp|Rock Slide|p1a: Gengar|[spread] p1a,p1b\n|-damage|p1a: Gengar|0 fnt\n|-damage|p1b: Gardevoir|88/100\n|faint|p1a: Gengar\n|\n|-damage|p2b: Garchomp|35/100 brn|[from] brn\n|upkeep\n|\n|t:|1776442170\n|switch|p1a: Dragonite|Dragonite, L50, F|100/100\n|turn|4\n|\n|t:|1776442191\n|detailschange|p2a: Delphox|Delphox-Mega, L50, M\n|-mega|p2a: Delphox|Delphox|Delphoxite\n|detailschange|p1b: Gardevoir|Gardevoir-Mega, L50, M\n|-mega|p1b: Gardevoir|Gardevoir|Gardevoirite\n|move|p2a: Delphox|Heat Wave|p1b: Gardevoir|[spread] p1a,p1b\n|-resisted|p1a: Dragonite|1\n|-damage|p1a: Dragonite|77/100\n|-damage|p1b: Gardevoir|58/100\n|move|p2b: Garchomp|Rock Slide|p1b: Gardevoir|[spread] p1b\n|-miss|p2b: Garchomp|p1a: Dragonite\n|-damage|p1b: Gardevoir|47/100\n|move|p1a: Dragonite|Aqua Tail|p2a: Delphox\n|-supereffective|p2a: Delphox|1\n|-damage|p2a: Delphox|0 fnt\n|faint|p2a: Delphox\n|move|p1b: Gardevoir|Hyper Voice|p2b: Garchomp\n|-supereffective|p2b: Garchomp|1\n|-damage|p2b: Garchomp|0 fnt\n|faint|p2b: Garchomp\n|\n|-sideend|p1: AskerosoMilwoky|move: Tailwind\n|-sideend|p2: EkCantDrawLol|move: Tailwind\n|upkeep\n|l|\u203dEkCantDrawLol\n|player|p2|\n|j|\u203dEkCantDrawLol\n|player|p2|EkCantDrawLol|skierf|\n|n|\u203dEkCantDrawLol|ekcantdrawlol\n|\n|t:|1776442214\n|switch|p2a: Corviknight|Corviknight, L50, F|100/100\n|switch|p2b: Floette|Floette-Eternal, L50, F|100/100\n|turn|5\n|\n|t:|1776442231\n|move|p2b: Floette|Calm Mind|p2b: Floette\n|-boost|p2b: Floette|spa|1\n|-boost|p2b: Floette|spd|1\n|move|p1a: Dragonite|Dragon Dance|p1a: Dragonite\n|-boost|p1a: Dragonite|atk|1\n|-boost|p1a: Dragonite|spe|1\n|move|p1b: Gardevoir|Calm Mind|p1b: Gardevoir\n|-boost|p1b: Gardevoir|spa|1\n|-boost|p1b: Gardevoir|spd|1\n|move|p2a: Corviknight|Tailwind|p2a: Corviknight\n|-sidestart|p2: EkCantDrawLol|move: Tailwind\n|\n|upkeep\n|turn|6\n|\n|t:|1776442251\n|move|p2b: Floette|Dazzling Gleam|p1b: Gardevoir|[spread] p1a,p1b\n|-supereffective|p1a: Dragonite|1\n|-damage|p1a: Dragonite|0 fnt\n|-damage|p1b: Gardevoir|24/100\n|faint|p1a: Dragonite\n|move|p2a: Corviknight|Body Press|p1b: Gardevoir\n|-resisted|p1b: Gardevoir|2\n|-damage|p1b: Gardevoir|17/100\n|move|p1b: Gardevoir|Hyper Voice|p2a: Corviknight|[spread] p2a,p2b\n|-resisted|p2a: Corviknight|1\n|-damage|p2a: Corviknight|67/100\n|-damage|p2b: Floette|56/100\n|\n|upkeep\n|\n|t:|1776442264\n|switch|p1a: Talonflame|Talonflame, L50, M|41/100\n|turn|7\n|\n|t:|1776442270\n|move|p2b: Floette|Dazzling Gleam|p1b: Gardevoir|[spread] p1a,p1b\n|-resisted|p1a: Talonflame|1\n|-damage|p1a: Talonflame|7/100\n|-damage|p1b: Gardevoir|0 fnt\n|faint|p1b: Gardevoir\n|move|p1a: Talonflame|Acrobatics|p2b: Floette\n|-damage|p2b: Floette|0 fnt\n|faint|p2b: Floette\n|move|p2a: Corviknight|Body Press|p1a: Talonflame\n|-resisted|p1a: Talonflame|1\n|-damage|p1a: Talonflame|0 fnt\n|-status|p2a: Corviknight|brn|[from] ability: Flame Body|[of] p1a: Talonflame\n|faint|p1a: Talonflame\n|\n|win|EkCantDrawLol\n|raw|AskerosoMilwoky's rating: 1109 &rarr; <strong>1087</strong><br />(-22 for losing)\n|raw|EkCantDrawLol's rating: 1147 &rarr; <strong>1169</strong><br />(+22 for winning)\n|l|\u2606AskerosoMilwoky\n|player|p1|\n",
  "uploadtime": 1776442279,
  "views": 17,
  "formatid": "gen9championsvgc2026regma",
  "rating": 1087,
  "private": 0,
  "password": null
}