{
  "id": "gen9championsvgc2026regma-2587576338",
  "format": "[Gen 9 Champions] VGC 2026 Reg M-A",
  "players": [
    "akumanoshiro",
    "Pevar_8"
  ],
  "log": "|j|\u2606akumanoshiro\n|j|\u2606Pevar_8\n|t:|1776543712\n|gametype|doubles\n|player|p1|akumanoshiro|102|1058\n|player|p2|Pevar_8|101|1000\n|gen|9\n|tier|[Gen 9 Champions] VGC 2026 Reg M-A\n|rated|\n|rule|Species Clause: Limit one of each Pok\u00e9mon\n|rule|Item Clause: Limit 1 of each item\n|clearpoke\n|poke|p1|Hawlucha, L50, M|\n|poke|p1|Glalie, L50, M, shiny|\n|poke|p1|Sinistcha, L50|\n|poke|p1|Garganacl, L50, F|\n|poke|p1|Toxicroak, L50, F, shiny|\n|poke|p1|Chandelure, L50, F|\n|poke|p2|Incineroar, L50, M|\n|poke|p2|Gengar, L50, M, shiny|\n|poke|p2|Kingambit, L50, F|\n|poke|p2|Corviknight, L50, M|\n|poke|p2|Maushold, L50|\n|poke|p2|Ninetales-Alola, L50, M|\n|teampreview|4\n|\n|t:|1776543741\n|teamsize|p1|4\n|teamsize|p2|4\n|start\n|switch|p1a: Chandelure|Chandelure, L50, F|100/100\n|switch|p1b: Garganacl|Garganacl, L50, F|100/100\n|switch|p2a: Gengar|Gengar, L50, M, shiny|100/100\n|switch|p2b: Kingambit|Kingambit, L50, F|100/100\n|turn|1\n|\n|t:|1776543761\n|detailschange|p2a: Gengar|Gengar-Mega, L50, M, shiny\n|-mega|p2a: Gengar|Gengar|Gengarite\n|move|p2b: Kingambit|Sucker Punch|p1a: Chandelure\n|-supereffective|p1a: Chandelure|1\n|-damage|p1a: Chandelure|0 fnt\n|faint|p1a: Chandelure\n|move|p2a: Gengar|Perish Song|p2a: Gengar\n|-start|p1b: Garganacl|perish3|[silent]\n|-start|p2a: Gengar|perish3|[silent]\n|-start|p2b: Kingambit|perish3|[silent]\n|-fieldactivate|move: Perish Song\n|move|p1b: Garganacl|Body Press|p2b: Kingambit\n|-supereffective|p2b: Kingambit|2\n|-damage|p2b: Kingambit|15/100\n|\n|-start|p2a: Gengar|perish3\n|-start|p2b: Kingambit|perish3\n|-start|p1b: Garganacl|perish3\n|upkeep\n|\n|t:|1776543776\n|switch|p1a: Glalie|Glalie, L50, M, shiny|100/100\n|turn|2\n|\n|t:|1776543794\n|move|p1a: Glalie|Protect|p1a: Glalie\n|-singleturn|p1a: Glalie|Protect\n|move|p2b: Kingambit|Protect|p2b: Kingambit\n|-singleturn|p2b: Kingambit|Protect\n|move|p2a: Gengar|Substitute|p2a: Gengar\n|-start|p2a: Gengar|Substitute\n|-damage|p2a: Gengar|76/100\n|move|p1b: Garganacl|Salt Cure|p2a: Gengar\n|-activate|p2a: Gengar|move: Substitute|[damage]\n|\n|-start|p2a: Gengar|perish2\n|-start|p2b: Kingambit|perish2\n|-start|p1b: Garganacl|perish2\n|upkeep\n|turn|3\n|\n|t:|1776543817\n|switch|p2b: Incineroar|Incineroar, L50, M|100/100\n|-ability|p2b: Incineroar|Intimidate|boost\n|-fail|p1a: Glalie|unboost|Attack|[from] ability: Inner Focus|[of] p1a: Glalie\n|-unboost|p1b: Garganacl|atk|1\n|move|p2a: Gengar|Protect|p2a: Gengar\n|-singleturn|p2a: Gengar|Protect\n|move|p1a: Glalie|Icy Wind|p2a: Gengar|[spread] p2b\n|-activate|p2a: Gengar|move: Protect\n|-resisted|p2b: Incineroar|1\n|-damage|p2b: Incineroar|96/100\n|-unboost|p2b: Incineroar|spe|1\n|move|p1b: Garganacl|Body Press|p2b: Incineroar\n|-supereffective|p2b: Incineroar|1\n|-enditem|p2b: Incineroar|Chople Berry|[eat]\n|-enditem|p2b: Incineroar|Chople Berry|[weaken]\n|-damage|p2b: Incineroar|66/100\n|\n|-start|p2a: Gengar|perish1\n|-start|p1b: Garganacl|perish1\n|upkeep\n|turn|4\n|\n|t:|1776543853\n|switch|p2a: Ninetales|Ninetales-Alola, L50, M|100/100\n|-weather|Snowscape|[from] ability: Snow Warning|[of] p2a: Ninetales\n|move|p2b: Incineroar|Protect|p2b: Incineroar\n|-singleturn|p2b: Incineroar|Protect\n|move|p1a: Glalie|Shadow Ball|p2a: Ninetales\n|-damage|p2a: Ninetales|81/100\n|move|p1b: Garganacl|Body Press|p2b: Incineroar\n|-activate|p2b: Incineroar|move: Protect\n|\n|-weather|Snowscape|[upkeep]\n|-start|p1b: Garganacl|perish0\n|faint|p1b: Garganacl\n|upkeep\n|\n|t:|1776543868\n|switch|p1b: Hawlucha|Hawlucha, L50, M|100/100\n|turn|5\n|\n|t:|1776543888\n|detailschange|p1b: Hawlucha|Hawlucha-Mega, L50, M\n|-mega|p1b: Hawlucha|Hawlucha|Hawluchanite\n|move|p1b: Hawlucha|Entrainment|p1a: Glalie\n|-ability|p1a: Glalie|No Guard|Inner Focus|[from] move: Entrainment|[of] p1b: Hawlucha\n|move|p2a: Ninetales|Aurora Veil|p2a: Ninetales\n|-sidestart|p2: Pevar_8|move: Aurora Veil\n|move|p1a: Glalie|Sheer Cold|p2b: Incineroar\n|-damage|p2b: Incineroar|0 fnt\n|faint|p2b: Incineroar\n|-ohko\n|\n|-weather|Snowscape|[upkeep]\n|upkeep\n|\n|t:|1776543908\n|switch|p2b: Gengar|Gengar-Mega, L50, M, shiny|76/100\n|turn|6\n|c|\u2606akumanoshiro|This battle is amazing\n|\n|t:|1776543937\n|move|p2b: Gengar|Perish Song|p2b: Gengar\n|-start|p1a: Glalie|perish3|[silent]\n|-start|p1b: Hawlucha|perish3|[silent]\n|-start|p2a: Ninetales|perish3|[silent]\n|-start|p2b: Gengar|perish3|[silent]\n|-fieldactivate|move: Perish Song\n|move|p1b: Hawlucha|High Jump Kick|p2a: Ninetales\n|-damage|p2a: Ninetales|39/100\n|move|p2a: Ninetales|Encore|p1b: Hawlucha\n|-start|p1b: Hawlucha|Encore\n|move|p1a: Glalie|Sheer Cold|p2b: Gengar\n|-damage|p2b: Gengar|0 fnt\n|faint|p2b: Gengar\n|-ohko\n|\n|-weather|Snowscape|[upkeep]\n|-start|p1b: Hawlucha|perish3\n|-start|p2a: Ninetales|perish3\n|-start|p1a: Glalie|perish3\n|upkeep\n|\n|t:|1776543951\n|switch|p2b: Kingambit|Kingambit, L50, F|15/100\n|turn|7\n|\n|t:|1776543968\n|move|p2b: Kingambit|Protect|p2b: Kingambit\n|-singleturn|p2b: Kingambit|Protect\n|move|p1b: Hawlucha|High Jump Kick|p2a: Ninetales\n|-damage|p2a: Ninetales|0 fnt\n|faint|p2a: Ninetales\n|move|p1a: Glalie|Sheer Cold|p2b: Kingambit\n|-activate|p2b: Kingambit|move: Protect\n|\n|-weather|Snowscape|[upkeep]\n|-start|p1b: Hawlucha|perish2\n|-start|p1a: Glalie|perish2\n|upkeep\n|turn|8\n|\n|t:|1776543984\n|move|p2b: Kingambit|Protect||[still]\n|-fail|p2b: Kingambit\n|move|p1b: Hawlucha|High Jump Kick|p2b: Kingambit\n|-supereffective|p2b: Kingambit|2\n|-damage|p2b: Kingambit|0 fnt\n|faint|p2b: Kingambit\n|\n|win|akumanoshiro\n|raw|akumanoshiro's rating: 1058 &rarr; <strong>1084</strong><br />(+26 for winning)\n|raw|Pevar_8's rating: 1000 &rarr; <strong>1000</strong><br />(+0 for losing)\n|c|\u2606akumanoshiro|Gg\n|l|\u2606Pevar_8\n|player|p2|\n",
  "uploadtime": 1776544004,
  "views": 20,
  "formatid": "gen9championsvgc2026regma",
  "rating": 1000,
  "private": 0,
  "password": null
}