{
  "id": "gen9championsvgc2026regma-2587888637",
  "format": "[Gen 9 Champions] VGC 2026 Reg M-A",
  "players": [
    "Sores",
    "zhz2021"
  ],
  "log": "|j|\u2606Sores\n|j|\u2606zhz2021\n|t:|1776574978\n|gametype|doubles\n|player|p1|Sores|veteran|1427\n|player|p2|zhz2021|marley|1534\n|gen|9\n|tier|[Gen 9 Champions] VGC 2026 Reg M-A\n|rated|\n|rule|Species Clause: Limit one of each Pok\u00e9mon\n|rule|Item Clause: Limit 1 of each item\n|clearpoke\n|poke|p1|Delphox, L50, F|\n|poke|p1|Garchomp, L50, M|\n|poke|p1|Milotic, L50, M, shiny|\n|poke|p1|Sinistcha-Masterpiece, L50|\n|poke|p1|Orthworm, L50, M|\n|poke|p1|Liepard, L50, M|\n|poke|p2|Sableye, L50, F|\n|poke|p2|Archaludon, L50, F|\n|poke|p2|Scovillain, L50, F, shiny|\n|poke|p2|Basculegion-F, L50, F, shiny|\n|poke|p2|Pelipper, L50, M|\n|poke|p2|Mamoswine, L50, M|\n|teampreview|4\n|\n|t:|1776575011\n|teamsize|p1|4\n|teamsize|p2|4\n|start\n|switch|p1a: Delphox|Delphox, L50, F|100/100\n|switch|p1b: Liepard|Liepard, L50, M|100/100\n|switch|p2a: Scovillain|Scovillain, L50, F, shiny|100/100\n|switch|p2b: Pelipper|Pelipper, L50, M|100/100\n|-weather|RainDance|[from] ability: Drizzle|[of] p2b: Pelipper\n|turn|1\n|\n|t:|1776575017\n|detailschange|p1a: Delphox|Delphox-Mega, L50, F\n|-mega|p1a: Delphox|Delphox|Delphoxite\n|detailschange|p2a: Scovillain|Scovillain-Mega, L50, F, shiny\n|-mega|p2a: Scovillain|Scovillain|Scovillainite\n|move|p1b: Liepard|Fake Out|p2b: Pelipper\n|-damage|p2b: Pelipper|87/100\n|move|p1a: Delphox|Nasty Plot|p1a: Delphox\n|-boost|p1a: Delphox|spa|2\n|cant|p2b: Pelipper|flinch\n|move|p2a: Scovillain|Giga Drain|p1a: Delphox\n|-resisted|p1a: Delphox|1\n|-damage|p1a: Delphox|82/100\n|\n|-weather|RainDance|[upkeep]\n|upkeep\n|turn|2\n|\n|t:|1776575035\n|move|p1b: Liepard|Encore|p2a: Scovillain\n|-start|p2a: Scovillain|Encore\n|move|p1a: Delphox|Psyshock|p2b: Pelipper\n|-damage|p2b: Pelipper|0 fnt\n|faint|p2b: Pelipper\n|move|p2a: Scovillain|Giga Drain|p1a: Delphox\n|-resisted|p1a: Delphox|1\n|-crit|p1a: Delphox\n|-damage|p1a: Delphox|55/100\n|\n|-weather|RainDance|[upkeep]\n|upkeep\n|\n|t:|1776575041\n|switch|p2b: Basculegion|Basculegion-F, L50, F, shiny|100/100\n|turn|3\n|\n|t:|1776575048\n|move|p1a: Delphox|Protect|p1a: Delphox\n|-singleturn|p1a: Delphox|Protect\n|move|p2b: Basculegion|Muddy Water|p1a: Delphox|[spread] p1b\n|-activate|p1a: Delphox|move: Protect\n|-damage|p1b: Liepard|1/100\n|move|p1b: Liepard|Knock Off|p2b: Basculegion\n|-supereffective|p2b: Basculegion|1\n|-enditem|p2b: Basculegion|Colbur Berry|[eat]\n|-enditem|p2b: Basculegion|Colbur Berry|[weaken]\n|-damage|p2b: Basculegion|57/100\n|move|p2a: Scovillain|Giga Drain|p1b: Liepard\n|-damage|p1b: Liepard|0 fnt\n|faint|p1b: Liepard\n|\n|-weather|RainDance|[upkeep]\n|upkeep\n|j| newmegasbad\n|\n|t:|1776575062\n|switch|p1b: Sinistcha|Sinistcha-Masterpiece, L50|100/100\n|-heal|p1a: Delphox|80/100|[from] ability: Hospitality|[of] p1b: Sinistcha\n|turn|4\n|\n|t:|1776575076\n|switch|p1a: Milotic|Milotic, L50, M, shiny|100/100\n|move|p2b: Basculegion|Protect|p2b: Basculegion\n|-singleturn|p2b: Basculegion|Protect\n|move|p2a: Scovillain|Giga Drain|p1a: Milotic\n|-supereffective|p1a: Milotic|1\n|-damage|p1a: Milotic|52/100\n|move|p1b: Sinistcha|Matcha Gotcha|p2a: Scovillain|[spread] p2a\n|-activate|p2b: Basculegion|move: Protect\n|-resisted|p2a: Scovillain|2\n|-damage|p2a: Scovillain|93/100\n|-status|p1b: Sinistcha|brn|[from] ability: Spicy Spray|[of] p2a: Scovillain\n|\n|-weather|RainDance|[upkeep]\n|-heal|p1a: Milotic|58/100|[from] item: Leftovers\n|-damage|p1b: Sinistcha|94/100 brn|[from] brn\n|-end|p2a: Scovillain|Encore\n|upkeep\n|turn|5\n|\n|t:|1776575091\n|move|p1a: Milotic|Protect|p1a: Milotic\n|-singleturn|p1a: Milotic|Protect\n|move|p2b: Basculegion|Hex|p1b: Sinistcha\n|-supereffective|p1b: Sinistcha|1\n|-damage|p1b: Sinistcha|0 fnt\n|faint|p1b: Sinistcha\n|move|p2a: Scovillain|Overheat|p1a: Milotic\n|-activate|p1a: Milotic|move: Protect\n|\n|-weather|none\n|-heal|p1a: Milotic|64/100|[from] item: Leftovers\n|upkeep\n|\n|t:|1776575100\n|switch|p1b: Delphox|Delphox-Mega, L50, F|80/100\n|turn|6\n|\n|t:|1776575123\n|move|p1b: Delphox|Psyshock|p2b: Basculegion\n|-damage|p2b: Basculegion|8/100\n|move|p2b: Basculegion|Hex|p1b: Delphox\n|-supereffective|p1b: Delphox|1\n|-damage|p1b: Delphox|23/100\n|move|p1a: Milotic|Hypnosis|p2a: Scovillain|[miss]\n|-miss|p1a: Milotic|p2a: Scovillain\n|move|p2a: Scovillain|Giga Drain|p1a: Milotic\n|-supereffective|p1a: Milotic|1\n|-damage|p1a: Milotic|15/100\n|-heal|p2a: Scovillain|100/100|[from] drain|[of] p1a: Milotic\n|\n|-heal|p1a: Milotic|21/100|[from] item: Leftovers\n|upkeep\n|turn|7\n|\n|t:|1776575137\n|move|p2a: Scovillain|Rage Powder|p2a: Scovillain\n|-singleturn|p2a: Scovillain|move: Rage Powder\n|move|p1b: Delphox|Heat Wave|p2b: Basculegion|[spread] p2b\n|-miss|p1b: Delphox|p2a: Scovillain\n|-resisted|p2b: Basculegion|1\n|-damage|p2b: Basculegion|0 fnt\n|faint|p2b: Basculegion\n|move|p1a: Milotic|Hypnosis|p2a: Scovillain\n|-status|p2a: Scovillain|slp|[from] move: Hypnosis\n|\n|-heal|p1a: Milotic|27/100|[from] item: Leftovers\n|upkeep\n|\n|t:|1776575141\n|switch|p2b: Archaludon|Archaludon, L50, F|100/100\n|turn|8\n|\n|t:|1776575154\n|move|p1b: Delphox|Nasty Plot|p1b: Delphox\n|-boost|p1b: Delphox|spa|2\n|move|p2b: Archaludon|Flash Cannon|p1b: Delphox\n|-resisted|p1b: Delphox|1\n|-damage|p1b: Delphox|4/100\n|move|p1a: Milotic|Hypnosis|p2b: Archaludon\n|-status|p2b: Archaludon|slp|[from] move: Hypnosis\n|cant|p2a: Scovillain|slp\n|\n|-heal|p1a: Milotic|33/100|[from] item: Leftovers\n|upkeep\n|turn|9\n|j| HiroGimmick\n|\n|t:|1776575177\n|cant|p2b: Archaludon|slp\n|move|p1b: Delphox|Heat Wave|p2b: Archaludon|[spread] p2a,p2b\n|-damage|p2a: Scovillain|11/100 slp\n|-damage|p2b: Archaludon|7/100 slp\n|-immune|p1b: Delphox\n|-ability|p2b: Archaludon|Stamina|boost\n|-boost|p2b: Archaludon|def|1\n|move|p1a: Milotic|Muddy Water|p2b: Archaludon|[spread] p2a,p2b\n|-resisted|p2b: Archaludon|1\n|-damage|p2a: Scovillain|0 fnt\n|-damage|p2b: Archaludon|0 fnt\n|-status|p1a: Milotic|brn|[from] ability: Spicy Spray|[of] p2a: Scovillain\n|faint|p2a: Scovillain\n|faint|p2b: Archaludon\n|\n|win|Sores\n|raw|Sores's rating: 1427 &rarr; <strong>1453</strong><br />(+26 for winning)\n|raw|zhz2021's rating: 1534 &rarr; <strong>1508</strong><br />(-26 for losing)\n|l|\u2606zhz2021\n|player|p2|\n",
  "uploadtime": 1776575219,
  "views": 19,
  "formatid": "gen9championsvgc2026regma",
  "rating": 1453,
  "private": 0,
  "password": null
}