{
  "id": "gen9championsvgc2026regma-2587989833",
  "format": "[Gen 9 Champions] VGC 2026 Reg M-A",
  "players": [
    "AriaDiMezzo",
    "Idkanygoodteams1"
  ],
  "log": "|j|\u2606AriaDiMezzo\n|j|\u2606Idkanygoodteams1\n|t:|1776589528\n|gametype|doubles\n|player|p1|AriaDiMezzo|skyla|1000\n|player|p2|Idkanygoodteams1|unknown|1086\n|gen|9\n|tier|[Gen 9 Champions] VGC 2026 Reg M-A\n|rated|\n|rule|Species Clause: Limit one of each Pok\u00e9mon\n|rule|Item Clause: Limit 1 of each item\n|clearpoke\n|poke|p1|Floette-Eternal, L50, F|\n|poke|p1|Noivern, L50, M|\n|poke|p1|Incineroar, L50, F|\n|poke|p1|Toxapex, L50, M|\n|poke|p1|Slowbro, L50, M|\n|poke|p1|Abomasnow, L50, F|\n|poke|p2|Tyranitar, L50, F|\n|poke|p2|Excadrill, L50, F|\n|poke|p2|Meganium, L50, F|\n|poke|p2|Arcanine, L50, M|\n|poke|p2|Gengar, L50, M|\n|poke|p2|Whimsicott, L50, M|\n|teampreview|4\n|inactive|Battle timer is ON: inactive players will automatically lose when time's up. (requested by AriaDiMezzo)\n|\n|t:|1776589555\n|teamsize|p1|4\n|teamsize|p2|4\n|start\n|switch|p1a: Slowbro|Slowbro, L50, M|100/100\n|switch|p1b: Incineroar|Incineroar, L50, F|100/100\n|switch|p2a: Whimsicott|Whimsicott, L50, M|100/100\n|switch|p2b: Tyranitar|Tyranitar, L50, F|100/100\n|-weather|Sandstorm|[from] ability: Sand Stream|[of] p2b: Tyranitar\n|turn|1\n|\n|t:|1776589575\n|move|p1b: Incineroar|Fake Out|p2b: Tyranitar\n|-resisted|p2b: Tyranitar|1\n|-damage|p2b: Tyranitar|96/100\n|move|p2a: Whimsicott|Tailwind|p2a: Whimsicott\n|-sidestart|p2: Idkanygoodteams1|move: Tailwind\n|cant|p2b: Tyranitar|flinch\n|move|p1a: Slowbro|Trick Room|p1a: Slowbro\n|-fieldstart|move: Trick Room|[of] p1a: Slowbro\n|\n|-weather|Sandstorm|[upkeep]\n|-damage|p1a: Slowbro|95/100|[from] Sandstorm\n|-damage|p1b: Incineroar|95/100|[from] Sandstorm\n|-damage|p2a: Whimsicott|95/100|[from] Sandstorm\n|-heal|p2b: Tyranitar|100/100|[from] item: Leftovers\n|upkeep\n|turn|2\n|inactive|AriaDiMezzo has 30 seconds left.\n|\n|t:|1776589602\n|move|p2a: Whimsicott|Encore|p1a: Slowbro\n|-start|p1a: Slowbro|Encore\n|-enditem|p1a: Slowbro|Mental Herb\n|-end|p1a: Slowbro|Encore\n|move|p1a: Slowbro|Yawn|p2b: Tyranitar\n|-start|p2b: Tyranitar|move: Yawn|[of] p1a: Slowbro\n|move|p1b: Incineroar|Parting Shot|p2b: Tyranitar\n|-unboost|p2b: Tyranitar|atk|1\n|-unboost|p2b: Tyranitar|spa|1\n|\n|t:|1776589611\n|switch|p1b: Toxapex|Toxapex, L50, M|100/100|[from] Parting Shot\n|move|p2b: Tyranitar|Knock Off|p1a: Slowbro\n|-supereffective|p1a: Slowbro|1\n|-damage|p1a: Slowbro|68/100\n|\n|-weather|Sandstorm|[upkeep]\n|-damage|p1a: Slowbro|62/100|[from] Sandstorm\n|-damage|p1b: Toxapex|95/100|[from] Sandstorm\n|-damage|p2a: Whimsicott|89/100|[from] Sandstorm\n|-heal|p1b: Toxapex|100/100|[from] item: Leftovers\n|upkeep\n|turn|3\n|\n|t:|1776589627\n|switch|p2b: Gengar|Gengar, L50, M|100/100\n|move|p1a: Slowbro|Yawn|p2a: Whimsicott\n|-start|p2a: Whimsicott|move: Yawn|[of] p1a: Slowbro\n|move|p1b: Toxapex|Toxic|p2b: Gengar\n|-immune|p2b: Gengar\n|move|p2a: Whimsicott|Energy Ball|p1a: Slowbro\n|-supereffective|p1a: Slowbro|1\n|-damage|p1a: Slowbro|0 fnt\n|faint|p1a: Slowbro\n|\n|-weather|Sandstorm|[upkeep]\n|-damage|p1b: Toxapex|95/100|[from] Sandstorm\n|-damage|p2a: Whimsicott|83/100|[from] Sandstorm\n|-damage|p2b: Gengar|95/100|[from] Sandstorm\n|-heal|p1b: Toxapex|100/100|[from] item: Leftovers\n|upkeep\n|\n|t:|1776589646\n|switch|p1a: Abomasnow|Abomasnow, L50, F|100/100\n|-weather|Snowscape|[from] ability: Snow Warning|[of] p1a: Abomasnow\n|turn|4\n|\n|t:|1776589656\n|switch|p2a: Tyranitar|Tyranitar, L50, F|100/100\n|-weather|Sandstorm|[from] ability: Sand Stream|[of] p2a: Tyranitar\n|detailschange|p1a: Abomasnow|Abomasnow-Mega, L50, F\n|-mega|p1a: Abomasnow|Abomasnow|Abomasite\n|-weather|Snowscape|[from] ability: Snow Warning|[of] p1a: Abomasnow\n|detailschange|p2b: Gengar|Gengar-Mega, L50, M\n|-mega|p2b: Gengar|Gengar|Gengarite\n|move|p2b: Gengar|Protect|p2b: Gengar\n|-singleturn|p2b: Gengar|Protect\n|move|p1a: Abomasnow|Blizzard|p2b: Gengar|[spread] p2a\n|-activate|p2b: Gengar|move: Protect\n|-damage|p2a: Tyranitar|64/100\n|move|p1b: Toxapex|Poison Jab|p2a: Tyranitar\n|-resisted|p2a: Tyranitar|1\n|-damage|p2a: Tyranitar|55/100\n|\n|-weather|Snowscape|[upkeep]\n|-heal|p2a: Tyranitar|61/100|[from] item: Leftovers\n|-sideend|p2: Idkanygoodteams1|move: Tailwind\n|upkeep\n|turn|5\n|inactive|AriaDiMezzo has 30 seconds left.\n|inactive|Idkanygoodteams1 has 30 seconds left.\n|\n|t:|1776589691\n|switch|p2a: Whimsicott|Whimsicott, L50, M|83/100\n|move|p1a: Abomasnow|Blizzard|p2b: Gengar|[spread] p2a,p2b\n|-supereffective|p2a: Whimsicott|1\n|-damage|p2a: Whimsicott|0 fnt\n|-damage|p2b: Gengar|46/100\n|faint|p2a: Whimsicott\n|move|p1b: Toxapex|Toxic|p2b: Gengar\n|-immune|p2b: Gengar\n|move|p2b: Gengar|Shadow Ball|p1a: Abomasnow\n|-damage|p1a: Abomasnow|64/100\n|\n|-weather|Snowscape|[upkeep]\n|-fieldend|move: Trick Room\n|upkeep\n|\n|t:|1776589703\n|switch|p2a: Tyranitar|Tyranitar, L50, F|61/100\n|-weather|Sandstorm|[from] ability: Sand Stream|[of] p2a: Tyranitar\n|turn|6\n|\n|t:|1776589716\n|move|p2b: Gengar|Shadow Ball|p1b: Toxapex\n|-damage|p1b: Toxapex|62/100\n|move|p2a: Tyranitar|Stone Edge|p1a: Abomasnow\n|-supereffective|p1a: Abomasnow|1\n|-damage|p1a: Abomasnow|0 fnt\n|faint|p1a: Abomasnow\n|move|p1b: Toxapex|Toxic|p2a: Tyranitar\n|-status|p2a: Tyranitar|tox\n|\n|-weather|Sandstorm|[upkeep]\n|-damage|p2b: Gengar|40/100|[from] Sandstorm\n|-damage|p1b: Toxapex|56/100|[from] Sandstorm\n|-heal|p2a: Tyranitar|67/100 tox|[from] item: Leftovers\n|-heal|p1b: Toxapex|62/100|[from] item: Leftovers\n|-damage|p2a: Tyranitar|61/100 tox|[from] psn\n|upkeep\n|\n|t:|1776589731\n|switch|p1a: Incineroar|Incineroar, L50, F|95/100\n|turn|7\n|\n|t:|1776589741\n|switch|p2a: Excadrill|Excadrill, L50, F|100/100\n|move|p1b: Toxapex|Baneful Bunker|p1b: Toxapex\n|-singleturn|p1b: Toxapex|move: Protect\n|move|p2b: Gengar|Shadow Ball|p1b: Toxapex\n|-activate|p1b: Toxapex|move: Protect\n|move|p1a: Incineroar|Snarl|p2b: Gengar|[spread] p2a,p2b\n|-supereffective|p2b: Gengar|1\n|-damage|p2a: Excadrill|84/100\n|-damage|p2b: Gengar|9/100\n|-unboost|p2a: Excadrill|spa|1\n|-unboost|p2b: Gengar|spa|1\n|\n|-weather|Sandstorm|[upkeep]\n|-damage|p2b: Gengar|3/100|[from] Sandstorm\n|-damage|p1a: Incineroar|89/100|[from] Sandstorm\n|-damage|p1b: Toxapex|56/100|[from] Sandstorm\n|-heal|p1b: Toxapex|62/100|[from] item: Leftovers\n|upkeep\n|turn|8\n|\n|t:|1776589763\n|move|p2b: Gengar|Protect|p2b: Gengar\n|-singleturn|p2b: Gengar|Protect\n|move|p2a: Excadrill|Earthquake|p1a: Incineroar|[spread] p1a,p1b\n|-activate|p2b: Gengar|move: Protect\n|-supereffective|p1a: Incineroar|1\n|-supereffective|p1b: Toxapex|1\n|-damage|p1a: Incineroar|14/100\n|-damage|p1b: Toxapex|0 fnt\n|-enditem|p1a: Incineroar|Sitrus Berry|[eat]\n|-heal|p1a: Incineroar|39/100|[from] item: Sitrus Berry\n|faint|p1b: Toxapex\n|-heal|p2a: Excadrill|99/100|[from] item: Shell Bell|[of] p1: Toxapex\n|move|p1a: Incineroar|Snarl|p2a: Excadrill|[spread] p2a\n|-activate|p2b: Gengar|move: Protect\n|-damage|p2a: Excadrill|83/100\n|-unboost|p2a: Excadrill|spa|1\n|\n|-weather|Sandstorm|[upkeep]\n|-damage|p2b: Gengar|0 fnt|[from] Sandstorm\n|-damage|p1a: Incineroar|33/100|[from] Sandstorm\n|faint|p2b: Gengar\n|upkeep\n|\n|t:|1776589778\n|switch|p2b: Tyranitar|Tyranitar, L50, F|61/100 tox\n|turn|9\n|\n|t:|1776589788\n|move|p2b: Tyranitar|Protect|p2b: Tyranitar\n|-singleturn|p2b: Tyranitar|Protect\n|move|p2a: Excadrill|Earthquake|p1a: Incineroar|[spread] p1a\n|-activate|p2b: Tyranitar|move: Protect\n|-supereffective|p1a: Incineroar|1\n|-damage|p1a: Incineroar|0 fnt\n|faint|p1a: Incineroar\n|-heal|p2a: Excadrill|88/100|[from] item: Shell Bell|[of] p1: Incineroar\n|\n|win|Idkanygoodteams1\n|raw|AriaDiMezzo's rating: 1000 &rarr; <strong>1000</strong><br />(+0 for losing)\n|raw|Idkanygoodteams1's rating: 1086 &rarr; <strong>1107</strong><br />(+21 for winning)\n",
  "uploadtime": 1776589799,
  "views": 8,
  "formatid": "gen9championsvgc2026regma",
  "rating": 1000,
  "private": 0,
  "password": null
}