{
  "id": "gen9championsvgc2026regma-2586381898",
  "format": "[Gen 9 Champions] VGC 2026 Reg M-A",
  "players": [
    "Canthony13",
    "Pazou<3"
  ],
  "log": "|j|\u2606Canthony13\n|j|\u2606Pazou<3\n|t:|1776430530\n|gametype|doubles\n|player|p1|Canthony13|102|1109\n|player|p2|Pazou<3|ninjaboy|1176\n|gen|9\n|tier|[Gen 9 Champions] VGC 2026 Reg M-A\n|rated|\n|rule|Species Clause: Limit one of each Pok\u00e9mon\n|rule|Item Clause: Limit 1 of each item\n|clearpoke\n|poke|p1|Meganium, L50, F|\n|poke|p1|Pelipper, L50, F|\n|poke|p1|Archaludon, L50, M|\n|poke|p1|Kleavor, L50, F|\n|poke|p1|Sneasler, L50, F|\n|poke|p1|Primarina, L50, M|\n|poke|p2|Hatterene, L50, F|\n|poke|p2|Camerupt, L50, M|\n|poke|p2|Trevenant, L50, F|\n|poke|p2|Crabominable, L50, M|\n|poke|p2|Excadrill, L50, M|\n|poke|p2|Sableye, L50, M|\n|teampreview|4\n|c|\u2606Pazou<3|hf\n|\n|t:|1776430579\n|teamsize|p1|4\n|teamsize|p2|4\n|start\n|switch|p1a: Kleavor|Kleavor, L50, F|100/100\n|switch|p1b: Sneasler|Sneasler, L50, F|100/100\n|switch|p2a: Sylvain Granier|Trevenant, L50, F|100/100\n|switch|p2b: AAAAAAAAAAAAAAAAAA|Camerupt, L50, M|100/100\n|turn|1\n|inactive|Battle timer is ON: inactive players will automatically lose when time's up. (requested by Pazou<3)\n|\n|t:|1776430590\n|move|p2b: AAAAAAAAAAAAAAAAAA|Protect|p2b: AAAAAAAAAAAAAAAAAA\n|-singleturn|p2b: AAAAAAAAAAAAAAAAAA|Protect\n|move|p1b: Sneasler|Fake Out|p2b: AAAAAAAAAAAAAAAAAA\n|-activate|p2b: AAAAAAAAAAAAAAAAAA|move: Protect\n|move|p1a: Kleavor|U-turn|p2a: Sylvain Granier\n|-damage|p2a: Sylvain Granier|51/100\n|\n|t:|1776430599\n|switch|p1a: Primarina|Primarina, L50, M|100/100|[from] U-turn\n|move|p2a: Sylvain Granier|Trick Room|p2a: Sylvain Granier\n|-fieldstart|move: Trick Room|[of] p2a: Sylvain Granier\n|\n|upkeep\n|turn|2\n|\n|t:|1776430612\n|detailschange|p2b: AAAAAAAAAAAAAAAAAA|Camerupt-Mega, L50, M\n|-mega|p2b: AAAAAAAAAAAAAAAAAA|Camerupt|Cameruptite\n|move|p2a: Sylvain Granier|Forest's Curse|p1a: Primarina\n|-start|p1a: Primarina|typeadd|Grass|[from] move: Forest's Curse\n|move|p2b: AAAAAAAAAAAAAAAAAA|Eruption|p1b: Sneasler|[spread] p1a,p1b\n|-crit|p1b: Sneasler\n|-damage|p1a: Primarina|47/100\n|-damage|p1b: Sneasler|0 fnt\n|faint|p1b: Sneasler\n|move|p1a: Primarina|Hyper Voice|p2b: AAAAAAAAAAAAAAAAAA|[spread] p2a,p2b\n|-resisted|p2a: Sylvain Granier|1\n|-supereffective|p2b: AAAAAAAAAAAAAAAAAA|2\n|-damage|p2a: Sylvain Granier|37/100\n|-damage|p2b: AAAAAAAAAAAAAAAAAA|0 fnt\n|-enditem|p2a: Sylvain Granier|Sitrus Berry|[eat]\n|-heal|p2a: Sylvain Granier|62/100|[from] item: Sitrus Berry\n|faint|p2b: AAAAAAAAAAAAAAAAAA\n|\n|-item|p2a: Sylvain Granier|Sitrus Berry|[from] ability: Harvest\n|upkeep\n|\n|t:|1776430637\n|switch|p2b: Jane Trick Room|Hatterene, L50, F|100/100\n|switch|p1b: Meganium|Meganium, L50, F|100/100\n|turn|3\n|inactive|Canthony13 has 30 seconds left.\n|inactive|Canthony13 has 20 seconds left.\n|\n|t:|1776430673\n|detailschange|p1b: Meganium|Meganium-Mega, L50, F\n|-mega|p1b: Meganium|Meganium|Meganiumite\n|move|p2b: Jane Trick Room|Dazzling Gleam|p1b: Meganium|[spread] p1a,p1b\n|-damage|p1a: Primarina|18/100\n|-damage|p1b: Meganium|72/100\n|move|p2a: Sylvain Granier|Poltergeist|p1a: Primarina|[miss]\n|-miss|p2a: Sylvain Granier|p1a: Primarina\n|move|p1a: Primarina|Moonblast|p2b: Jane Trick Room\n|-damage|p2b: Jane Trick Room|50/100\n|move|p1b: Meganium|Dazzling Gleam|p2b: Jane Trick Room|[spread] p2a,p2b\n|-damage|p2a: Sylvain Granier|33/100\n|-damage|p2b: Jane Trick Room|9/100\n|-enditem|p2a: Sylvain Granier|Sitrus Berry|[eat]\n|-heal|p2a: Sylvain Granier|58/100|[from] item: Sitrus Berry\n|\n|-heal|p2b: Jane Trick Room|15/100|[from] item: Leftovers\n|upkeep\n|turn|4\n|inactive|Canthony13 has 30 seconds left.\n|\n|t:|1776430704\n|switch|p1a: Kleavor|Kleavor, L50, F|100/100\n|move|p2b: Jane Trick Room|Dazzling Gleam|p1b: Meganium|[spread] p1a,p1b\n|-damage|p1a: Kleavor|49/100\n|-damage|p1b: Meganium|41/100\n|move|p2a: Sylvain Granier|Poltergeist|p1b: Meganium\n|-activate|p1b: Meganium|move: Poltergeist|Meganiumite\n|-damage|p1b: Meganium|8/100\n|move|p1b: Meganium|Weather Ball|p2a: Sylvain Granier\n|-supereffective|p2a: Sylvain Granier|1\n|-damage|p2a: Sylvain Granier|0 fnt\n|faint|p2a: Sylvain Granier\n|\n|-heal|p2b: Jane Trick Room|21/100|[from] item: Leftovers\n|upkeep\n|\n|t:|1776430715\n|switch|p2a: GetMogged|Sableye, L50, M|100/100\n|turn|5\n|\n|t:|1776430736\n|move|p1b: Meganium|Protect|p1b: Meganium\n|-singleturn|p1b: Meganium|Protect\n|move|p2a: GetMogged|Quash|p1a: Kleavor\n|-activate|p1a: Kleavor|move: Quash\n|move|p2b: Jane Trick Room|Dazzling Gleam|p1a: Kleavor|[spread] p1a\n|-activate|p1b: Meganium|move: Protect\n|-damage|p1a: Kleavor|0 fnt\n|faint|p1a: Kleavor\n|\n|-heal|p2b: Jane Trick Room|27/100|[from] item: Leftovers\n|-fieldend|move: Trick Room\n|upkeep\n|\n|t:|1776430745\n|switch|p1a: Primarina|Primarina, L50, M|18/100\n|turn|6\n|inactive|Pazou<3 has 30 seconds left.\n|\n|t:|1776430778\n|move|p2b: Jane Trick Room|Protect|p2b: Jane Trick Room\n|-singleturn|p2b: Jane Trick Room|Protect\n|move|p2a: GetMogged|Encore|p1b: Meganium\n|-start|p1b: Meganium|Encore\n|move|p1b: Meganium|Protect||[still]\n|-fail|p1b: Meganium\n|move|p1a: Primarina|Hyper Voice|p2b: Jane Trick Room|[spread] p2a\n|-activate|p2b: Jane Trick Room|move: Protect\n|-damage|p2a: GetMogged|33/100\n|\n|-heal|p2b: Jane Trick Room|34/100|[from] item: Leftovers\n|upkeep\n|turn|7\n|\n|t:|1776430790\n|move|p1b: Meganium|Protect|p1b: Meganium\n|-singleturn|p1b: Meganium|Protect\n|move|p2a: GetMogged|Quash|p1a: Primarina\n|-activate|p1a: Primarina|move: Quash\n|move|p2b: Jane Trick Room|Dazzling Gleam|p1b: Meganium|[spread] p1a\n|-activate|p1b: Meganium|move: Protect\n|-damage|p1a: Primarina|0 fnt\n|faint|p1a: Primarina\n|\n|-heal|p2b: Jane Trick Room|40/100|[from] item: Leftovers\n|upkeep\n|turn|8\n|\n|t:|1776430800\n|move|p1b: Meganium|Protect||[still]\n|-fail|p1b: Meganium\n|move|p2a: GetMogged|Quash||[still]\n|-fail|p2a: GetMogged\n|move|p2b: Jane Trick Room|Dazzling Gleam|p1b: Meganium\n|-crit|p1b: Meganium\n|-damage|p1b: Meganium|0 fnt\n|faint|p1b: Meganium\n|\n|win|Pazou<3\n|raw|Canthony13's rating: 1109 &rarr; <strong>1089</strong><br />(-20 for losing)\n|raw|Pazou&lt;3's rating: 1176 &rarr; <strong>1196</strong><br />(+20 for winning)\n|c|\u2606Pazou<3|gg\n|l|\u2606Canthony13\n|player|p1|\n",
  "uploadtime": 1776430812,
  "views": 27,
  "formatid": "gen9championsvgc2026regma",
  "rating": 1089,
  "private": 0,
  "password": null
}