{
  "id": "gen9championsvgc2026regma-2589460468",
  "format": "[Gen 9 Champions] VGC 2026 Reg M-A",
  "players": [
    "Carniva1",
    "benjiapollo"
  ],
  "log": "|j|\u2606Carniva1\n|j|\u2606benjiapollo\n|t:|1776724942\n|gametype|doubles\n|player|p1|Carniva1|veteran|1257\n|player|p2|benjiapollo|giovanni|1360\n|gen|9\n|tier|[Gen 9 Champions] VGC 2026 Reg M-A\n|rated|\n|rule|Species Clause: Limit one of each Pok\u00e9mon\n|rule|Item Clause: Limit 1 of each item\n|clearpoke\n|poke|p1|Froslass, L50, F|\n|poke|p1|Typhlosion-Hisui, L50, M|\n|poke|p1|Whimsicott, L50, M|\n|poke|p1|Tsareena, L50, F|\n|poke|p1|Garchomp, L50, M|\n|poke|p1|Kingambit, L50, M|\n|poke|p2|Basculegion, L50, M|\n|poke|p2|Charizard, L50, M|\n|poke|p2|Kingambit, L50, M|\n|poke|p2|Sneasler, L50, F|\n|poke|p2|Venusaur, L50, F|\n|poke|p2|Talonflame, L50, F|\n|teampreview|4\n|inactive|Battle timer is ON: inactive players will automatically lose when time's up. (requested by benjiapollo)\n|inactive|Carniva1 has 60 seconds left.\n|\n|t:|1776725008\n|teamsize|p1|4\n|teamsize|p2|4\n|start\n|switch|p1a: Whimsicott|Whimsicott, L50, M|100/100\n|switch|p1b: Typhlosion|Typhlosion-Hisui, L50, M|100/100\n|switch|p2a: Talonflame|Talonflame, L50, F|100/100\n|switch|p2b: Charizard|Charizard, L50, M|100/100\n|-item|p2a: Talonflame|Focus Sash|[from] ability: Frisk|[of] p1b: Typhlosion\n|-item|p2b: Charizard|Charizardite X|[from] ability: Frisk|[of] p1b: Typhlosion\n|turn|1\n|\n|t:|1776725027\n|detailschange|p2b: Charizard|Charizard-Mega-X, L50, M\n|-mega|p2b: Charizard|Charizard|Charizardite X\n|move|p2a: Talonflame|Tailwind|p2a: Talonflame\n|-sidestart|p2: benjiapollo|move: Tailwind\n|move|p1a: Whimsicott|Tailwind|p1a: Whimsicott\n|-sidestart|p1: Carniva1|move: Tailwind\n|move|p1b: Typhlosion|Eruption|p2a: Talonflame|[spread] p2a,p2b\n|-resisted|p2a: Talonflame|1\n|-resisted|p2b: Charizard|2\n|-damage|p2a: Talonflame|58/100\n|-damage|p2b: Charizard|84/100\n|move|p2b: Charizard|Dragon Claw|p1b: Typhlosion\n|-damage|p1b: Typhlosion|14/100\n|\n|upkeep\n|turn|2\n|\n|t:|1776725045\n|switch|p1b: Garchomp|Garchomp, L50, M|100/100\n|move|p2b: Charizard|Protect|p2b: Charizard\n|-singleturn|p2b: Charizard|Protect\n|move|p1a: Whimsicott|Encore|p2a: Talonflame\n|-start|p2a: Talonflame|Encore\n|move|p2a: Talonflame|Tailwind||[still]\n|-fail|p2a: Talonflame\n|\n|upkeep\n|turn|3\n|\n|t:|1776725062\n|switch|p2b: Kingambit|Kingambit, L50, M|100/100\n|detailschange|p1b: Garchomp|Garchomp-Mega, L50, M\n|-mega|p1b: Garchomp|Garchomp|Garchompite\n|move|p1a: Whimsicott|Encore|p2b: Kingambit\n|-hint|Since gen 7, Dark is immune to Prankster moves.\n|-immune|p2b: Kingambit\n|move|p2a: Talonflame|Tailwind||[still]\n|-fail|p2a: Talonflame\n|move|p1b: Garchomp|Rock Slide|p2b: Kingambit|[spread] p2a,p2b\n|-supereffective|p2a: Talonflame|2\n|-resisted|p2b: Kingambit|1\n|-damage|p2a: Talonflame|0 fnt\n|-damage|p2b: Kingambit|92/100\n|faint|p2a: Talonflame\n|\n|upkeep\n|\n|t:|1776725075\n|switch|p2a: Charizard|Charizard-Mega-X, L50, M|84/100\n|turn|4\n|inactive|Carniva1 has 30 seconds left.\n|inactive|Carniva1 has 20 seconds left.\n|\n|t:|1776725113\n|switch|p1a: Typhlosion|Typhlosion-Hisui, L50, M|14/100\n|-item|p2a: Charizard|Charizardite X|[from] ability: Frisk|[of] p1a: Typhlosion\n|-item|p2b: Kingambit|Black Glasses|[from] ability: Frisk|[of] p1a: Typhlosion\n|move|p1b: Garchomp|Protect|p1b: Garchomp\n|-singleturn|p1b: Garchomp|Protect\n|move|p2a: Charizard|Dragon Claw|p1b: Garchomp\n|-activate|p1b: Garchomp|move: Protect\n|move|p2b: Kingambit|Iron Head|p1a: Typhlosion\n|-resisted|p1a: Typhlosion|1\n|-damage|p1a: Typhlosion|0 fnt\n|faint|p1a: Typhlosion\n|\n|-sideend|p1: Carniva1|move: Tailwind\n|-sideend|p2: benjiapollo|move: Tailwind\n|upkeep\n|\n|t:|1776725127\n|switch|p1a: Whimsicott|Whimsicott, L50, M|100/100\n|turn|5\n|\n|t:|1776725144\n|move|p2a: Charizard|Protect|p2a: Charizard\n|-singleturn|p2a: Charizard|Protect\n|move|p1a: Whimsicott|Tailwind|p1a: Whimsicott\n|-sidestart|p1: Carniva1|move: Tailwind\n|move|p1b: Garchomp|Stomping Tantrum|p2a: Charizard\n|-activate|p2a: Charizard|move: Protect\n|move|p2b: Kingambit|Iron Head|p1a: Whimsicott\n|-supereffective|p1a: Whimsicott|1\n|-damage|p1a: Whimsicott|25/100\n|\n|upkeep\n|turn|6\n|\n|t:|1776725158\n|switch|p2a: Sneasler|Sneasler, L50, F|100/100\n|move|p1a: Whimsicott|Encore||[still]\n|-fail|p1a: Whimsicott\n|move|p1b: Garchomp|Stomping Tantrum|p2b: Kingambit\n|-supereffective|p2b: Kingambit|1\n|-damage|p2b: Kingambit|22/100\n|move|p2b: Kingambit|Iron Head|p1a: Whimsicott\n|-supereffective|p1a: Whimsicott|1\n|-damage|p1a: Whimsicott|0 fnt\n|faint|p1a: Whimsicott\n|\n|upkeep\n|\n|t:|1776725167\n|switch|p1a: Tsareena|Tsareena, L50, F|100/100\n|turn|7\n|\n|t:|1776725183\n|move|p2a: Sneasler|Protect|p2a: Sneasler\n|-singleturn|p2a: Sneasler|Protect\n|move|p2b: Kingambit|Protect|p2b: Kingambit\n|-singleturn|p2b: Kingambit|Protect\n|move|p1b: Garchomp|Stomping Tantrum|p2a: Sneasler\n|-activate|p2a: Sneasler|move: Protect\n|move|p1a: Tsareena|High Jump Kick|p2b: Kingambit\n|-activate|p2b: Kingambit|move: Protect\n|-damage|p1a: Tsareena|51/100|[from] highjumpkick\n|\n|upkeep\n|turn|8\n|inactive|benjiapollo has 30 seconds left.\n|\n|t:|1776725208\n|move|p2b: Kingambit|Protect||[still]\n|-fail|p2b: Kingambit\n|move|p1b: Garchomp|Rock Slide|p2a: Sneasler|[spread] p2a,p2b\n|-resisted|p2a: Sneasler|1\n|-resisted|p2b: Kingambit|1\n|-damage|p2a: Sneasler|79/100\n|-damage|p2b: Kingambit|14/100\n|move|p2a: Sneasler|Close Combat|p1b: Garchomp\n|-damage|p1b: Garchomp|50/100\n|-unboost|p2a: Sneasler|def|1\n|-unboost|p2a: Sneasler|spd|1\n|-enditem|p2a: Sneasler|White Herb\n|-clearnegativeboost|p2a: Sneasler|[silent]\n|move|p1a: Tsareena|Zen Headbutt|p2a: Sneasler\n|-supereffective|p2a: Sneasler|2\n|-damage|p2a: Sneasler|0 fnt\n|faint|p2a: Sneasler\n|\n|-sideend|p1: Carniva1|move: Tailwind\n|upkeep\n|\n|t:|1776725223\n|switch|p2a: Charizard|Charizard-Mega-X, L50, M|84/100\n|turn|9\n|\n|t:|1776725231\n|move|p1b: Garchomp|Protect|p1b: Garchomp\n|-singleturn|p1b: Garchomp|Protect\n|move|p2b: Kingambit|Sucker Punch||[still]\n|cant|p1a: Tsareena|ability: Queenly Majesty|Sucker Punch|[of] p2b: Kingambit\n|move|p2a: Charizard|Flare Blitz|p1a: Tsareena\n|-supereffective|p1a: Tsareena|1\n|-damage|p1a: Tsareena|0 fnt\n|faint|p1a: Tsareena\n|-damage|p2a: Charizard|64/100|[from] Recoil\n|\n|upkeep\n|turn|10\n|\n|t:|1776725243\n|move|p2b: Kingambit|Sucker Punch|p1b: Garchomp\n|-damage|p1b: Garchomp|8/100\n|move|p2a: Charizard|Dragon Claw|p1b: Garchomp\n|-supereffective|p1b: Garchomp|1\n|-damage|p1b: Garchomp|0 fnt\n|faint|p1b: Garchomp\n|\n|win|benjiapollo\n|raw|Carniva1's rating: 1257 &rarr; <strong>1239</strong><br />(-18 for losing)\n|raw|benjiapollo's rating: 1360 &rarr; <strong>1374</strong><br />(+14 for winning)\n|l|\u2606Carniva1\n|player|p1|\n",
  "uploadtime": 1776725251,
  "views": 7,
  "formatid": "gen9championsvgc2026regma",
  "rating": 1239,
  "private": 0,
  "password": null
}