{
  "id": "gen9championsvgc2026regma-2582681473",
  "format": "[Gen 9 Champions] VGC 2026 Reg M-A",
  "players": [
    "KilamanolaVGC",
    "ericlove17"
  ],
  "log": "|j|\u203dKilamanolaVGC\n|j|\u2606ericlove17\n|t:|1776106937\n|gametype|doubles\n|player|p1|KilamanolaVGC|benga|1174\n|player|p2|ericlove17|skierf|1198\n|gen|9\n|tier|[Gen 9 Champions] VGC 2026 Reg M-A\n|rated|\n|rule|Species Clause: Limit one of each Pok\u00e9mon\n|rule|Item Clause: Limit 1 of each item\n|clearpoke\n|poke|p1|Floette-Eternal, L50, F|\n|poke|p1|Garchomp, L50, M|\n|poke|p1|Aerodactyl, L50, M|\n|poke|p1|Kingambit, L50, F|\n|poke|p1|Basculegion, L50, M|\n|poke|p1|Sneasler, L50, M|\n|poke|p2|Oranguru, L50, M|\n|poke|p2|Torkoal, L50, F|\n|poke|p2|Sylveon, L50, M|\n|poke|p2|Incineroar, L50, F|\n|poke|p2|Crabominable, L50, F|\n|poke|p2|Kingambit, L50, F|\n|teampreview|4\n|inactive|Battle timer is ON: inactive players will automatically lose when time's up. (requested by ericlove17)\n|inactive|KilamanolaVGC also wants the timer to be on.\nericlove17 has agreed to open team sheets.\n|\n|t:|1776106954\n|teamsize|p1|4\n|teamsize|p2|4\n|start\n|switch|p1a: Kingambit|Kingambit, L50, F, shiny|100/100\n|switch|p1b: Sneasler|Sneasler, L50, M, shiny|100/100\n|switch|p2a: Khi?|Oranguru, L50, M, shiny|100/100\n|switch|p2b: Be Yeu|Sylveon, L50, M, shiny|100/100\n|turn|1\n|\n|t:|1776106973\n|move|p2b: Be Yeu|Protect|p2b: Be Yeu\n|-singleturn|p2b: Be Yeu|Protect\n|move|p1b: Sneasler|Dire Claw|p2b: Be Yeu\n|-activate|p2b: Be Yeu|move: Protect\n|move|p1a: Kingambit|Kowtow Cleave|p2a: Khi?\n|-supereffective|p2a: Khi?|1\n|-damage|p2a: Khi?|6/100\n|move|p2a: Khi?|Trick Room|p2a: Khi?\n|-fieldstart|move: Trick Room|[of] p2a: Khi?\n|\n|upkeep\n|turn|2\n|\n|t:|1776106995\n|move|p1a: Kingambit|Iron Head|p2b: Be Yeu\n|-supereffective|p2b: Be Yeu|1\n|-damage|p2b: Be Yeu|0 fnt\n|faint|p2b: Be Yeu\n|move|p2a: Khi?|Psychic|p1b: Sneasler\n|-supereffective|p1b: Sneasler|2\n|-damage|p1b: Sneasler|0 fnt\n|faint|p1b: Sneasler\n|\n|upkeep\n|\n|t:|1776107002\n|switch|p2b: Cua|Crabominable, L50, F|100/100\n|switch|p1b: Floette|Floette-Eternal, L50, F|100/100\n|turn|3\n|\n|t:|1776107009\n|detailschange|p2b: Cua|Crabominable-Mega, L50, F\n|-mega|p2b: Cua|Crabominable|Crabominite\n|detailschange|p1b: Floette|Floette-Mega, L50, F\n|-mega|p1b: Floette|Floette|Floettite\n|-ability|p1b: Floette|Fairy Aura\n|move|p1a: Kingambit|Protect|p1a: Kingambit\n|-singleturn|p1a: Kingambit|Protect\n|move|p2b: Cua|Close Combat|p1a: Kingambit\n|-activate|p1a: Kingambit|move: Protect\n|move|p2a: Khi?|Instruct|p2b: Cua\n|-singleturn|p2b: Cua|move: Instruct|[of] p2a: Khi?\n|move|p2b: Cua|Close Combat|p1a: Kingambit\n|-activate|p1a: Kingambit|move: Protect\n|move|p1b: Floette|Dazzling Gleam|p2b: Cua|[spread] p2a,p2b\n|-supereffective|p2b: Cua|1\n|-damage|p2a: Khi?|0 fnt\n|-damage|p2b: Cua|15/100\n|faint|p2a: Khi?\n|\n|upkeep\n|\n|t:|1776107019\n|switch|p2a: VuaBongToi|Kingambit, L50, F|100/100\n|turn|4\n|\n|t:|1776107032\n|switch|p1b: Garchomp|Garchomp, L50, M, shiny|100/100\n|move|p1a: Kingambit|Sucker Punch|p2b: Cua\n|-resisted|p2b: Cua|1\n|-damage|p2b: Cua|0 fnt\n|faint|p2b: Cua\n|move|p2a: VuaBongToi|Low Kick|p1a: Kingambit\n|-supereffective|p1a: Kingambit|2\n|-damage|p1a: Kingambit|0 fnt\n|faint|p1a: Kingambit\n|\n|upkeep\n|\n|t:|1776107040\n|switch|p1a: Floette|Floette-Mega, L50, F|100/100\n|-ability|p1a: Floette|Fairy Aura\n|turn|5\n|\n|t:|1776107046\n|move|p1a: Floette|Protect|p1a: Floette\n|-singleturn|p1a: Floette|Protect\n|move|p2a: VuaBongToi|Sucker Punch|p1b: Garchomp\n|-damage|p1b: Garchomp|55/100\n|-damage|p2a: VuaBongToi|88/100|[from] ability: Rough Skin|[of] p1b: Garchomp\n|move|p1b: Garchomp|Earthquake|p2a: VuaBongToi|[spread] p2a\n|-activate|p1a: Floette|move: Protect\n|-supereffective|p2a: VuaBongToi|1\n|-damage|p2a: VuaBongToi|29/100\n|\n|-fieldend|move: Trick Room\n|upkeep\n|turn|6\n|-message|ericlove17 forfeited.\n|\n|win|KilamanolaVGC\n|raw|KilamanolaVGC's rating: 1174 &rarr; <strong>1199</strong><br />(+25 for winning)\n|raw|ericlove17's rating: 1178 &rarr; <strong>1153</strong><br />(-25 for losing)\n|l|\u2606ericlove17\n|player|p2|\n",
  "uploadtime": 1776107064,
  "views": 31,
  "formatid": "gen9championsvgc2026regma",
  "rating": 1153,
  "private": 0,
  "password": null
}