{
  "id": "gen9championsvgc2026regma-2584205753",
  "format": "[Gen 9 Champions] VGC 2026 Reg M-A",
  "players": [
    "trollerprus",
    "Rk pokemons"
  ],
  "log": "|j|\u2606trollerprus\n|j|\u2606Rk pokemons\n|t:|1776238065\n|gametype|doubles\n|player|p1|trollerprus|169|1122\n|player|p2|Rk pokemons|169|1166\n|gen|9\n|tier|[Gen 9 Champions] VGC 2026 Reg M-A\n|rated|\n|rule|Species Clause: Limit one of each Pok\u00e9mon\n|rule|Item Clause: Limit 1 of each item\n|clearpoke\n|poke|p1|Espathra, L50, F|\n|poke|p1|Vivillon, L50, F|\n|poke|p1|Maushold-Four, L50|\n|poke|p1|Floette-Eternal, L50, F|\n|poke|p1|Clefable, L50, F|\n|poke|p1|Incineroar, L50, M|\n|poke|p2|Charizard, L50, F|\n|poke|p2|Venusaur, L50, F|\n|poke|p2|Meowstic, L50, M|\n|poke|p2|Whimsicott, L50, F|\n|poke|p2|Sneasler, L50, M|\n|poke|p2|Typhlosion-Hisui, L50, F|\n|teampreview|4\n|inactive|Battle timer is ON: inactive players will automatically lose when time's up. (requested by Rk pokemons)\n|inactive|trollerprus also wants the timer to be on.\n|\n|t:|1776238088\n|teamsize|p1|4\n|teamsize|p2|4\n|start\n|switch|p1a: Espathra|Espathra, L50, F|100/100\n|switch|p1b: Maushold|Maushold-Four, L50|100/100\n|switch|p2a: Charizard|Charizard, L50, F|100/100\n|switch|p2b: Typhlosion|Typhlosion-Hisui, L50, F|100/100\n|-item|p1a: Espathra|Sitrus Berry|[from] ability: Frisk|[of] p2b: Typhlosion\n|-item|p1b: Maushold|Chople Berry|[from] ability: Frisk|[of] p2b: Typhlosion\n|turn|1\n|\n|t:|1776238106\n|detailschange|p2a: Charizard|Charizard-Mega-Y, L50, F\n|-mega|p2a: Charizard|Charizard|Charizardite Y\n|-weather|SunnyDay|[from] ability: Drought|[of] p2a: Charizard\n|move|p1b: Maushold|Protect|p1b: Maushold\n|-singleturn|p1b: Maushold|Protect\n|move|p1a: Espathra|Protect|p1a: Espathra\n|-singleturn|p1a: Espathra|Protect\n|move|p2b: Typhlosion|Eruption|p1a: Espathra|[spread] \n|-activate|p1a: Espathra|move: Protect\n|-activate|p1b: Maushold|move: Protect\n|move|p2a: Charizard|Heat Wave|p1a: Espathra|[spread] \n|-activate|p1a: Espathra|move: Protect\n|-activate|p1b: Maushold|move: Protect\n|\n|-weather|SunnyDay|[upkeep]\n|-ability|p1a: Espathra|Speed Boost|boost\n|-boost|p1a: Espathra|spe|1\n|upkeep\n|turn|2\n|inactive|trollerprus has 30 seconds left.\n|\n|t:|1776238134\n|move|p1b: Maushold|Protect||[still]\n|-fail|p1b: Maushold\n|move|p2b: Typhlosion|Eruption|p1a: Espathra|[spread] p1a,p1b\n|-damage|p1a: Espathra|28/100\n|-damage|p1b: Maushold|9/100\n|-enditem|p1a: Espathra|Sitrus Berry|[eat]\n|-heal|p1a: Espathra|53/100|[from] item: Sitrus Berry\n|move|p1a: Espathra|Calm Mind|p1a: Espathra\n|-boost|p1a: Espathra|spa|1\n|-boost|p1a: Espathra|spd|1\n|move|p2a: Charizard|Heat Wave|p1a: Espathra|[spread] p1b\n|-miss|p2a: Charizard|p1a: Espathra\n|-damage|p1b: Maushold|0 fnt\n|faint|p1b: Maushold\n|\n|-weather|SunnyDay|[upkeep]\n|-ability|p1a: Espathra|Speed Boost|boost\n|-boost|p1a: Espathra|spe|1\n|upkeep\n|\n|t:|1776238147\n|switch|p1b: Clefable|Clefable, L50, F|100/100\n|turn|3\n|\n|t:|1776238162\n|switch|p2b: Sneasler|Sneasler, L50, M|100/100\n|move|p1a: Espathra|Baton Pass|p1a: Espathra\n|\n|t:|1776238165\n|switch|p1a: Floette|Floette-Eternal, L50, F|100/100|[from] Baton Pass\n|move|p2a: Charizard|Heat Wave|p1b: Clefable|[spread] p1a,p1b\n|-damage|p1a: Floette|66/100\n|-damage|p1b: Clefable|42/100\n|move|p1b: Clefable|Heal Pulse|p1a: Floette\n|-heal|p1a: Floette|100/100\n|\n|-weather|SunnyDay|[upkeep]\n|-heal|p1b: Clefable|48/100|[from] item: Leftovers\n|upkeep\n|turn|4\n|\n|t:|1776238185\n|switch|p1b: Espathra|Espathra, L50, F|53/100\n|detailschange|p1a: Floette|Floette-Mega, L50, F\n|-mega|p1a: Floette|Floette|Floettite\n|-ability|p1a: Floette|Fairy Aura\n|move|p1a: Floette|Protect|p1a: Floette\n|-singleturn|p1a: Floette|Protect\n|move|p2b: Sneasler|Dire Claw|p1a: Floette\n|-activate|p1a: Floette|move: Protect\n|move|p2a: Charizard|Heat Wave|p1b: Espathra|[spread] p1b\n|-activate|p1a: Floette|move: Protect\n|-damage|p1b: Espathra|0 fnt\n|faint|p1b: Espathra\n|\n|-weather|SunnyDay|[upkeep]\n|upkeep\n|\n|t:|1776238197\n|switch|p1b: Clefable|Clefable, L50, F|48/100\n|turn|5\n|\n|t:|1776238213\n|move|p1b: Clefable|Helping Hand|p1a: Floette\n|-singleturn|p1a: Floette|Helping Hand|[of] p1b: Clefable\n|move|p2b: Sneasler|Protect|p2b: Sneasler\n|-singleturn|p2b: Sneasler|Protect\n|move|p1a: Floette|Dazzling Gleam|p2b: Sneasler|[spread] p2a\n|-activate|p2b: Sneasler|move: Protect\n|-resisted|p2a: Charizard|1\n|-damage|p2a: Charizard|39/100\n|move|p2a: Charizard|Heat Wave|p1a: Floette|[spread] p1a,p1b\n|-damage|p1a: Floette|69/100\n|-damage|p1b: Clefable|0 fnt\n|faint|p1b: Clefable\n|\n|-weather|none\n|upkeep\n|turn|6\n|\n|t:|1776238232\n|switch|p2a: Typhlosion|Typhlosion-Hisui, L50, F|100/100\n|-item|p1a: Floette|Floettite|[from] ability: Frisk|[of] p2a: Typhlosion\n|move|p1a: Floette|Dazzling Gleam|p2a: Typhlosion|[spread] p2a,p2b\n|-resisted|p2a: Typhlosion|1\n|-damage|p2a: Typhlosion|48/100\n|-damage|p2b: Sneasler|0 fnt\n|faint|p2b: Sneasler\n|\n|upkeep\n|\n|t:|1776238241\n|switch|p2b: Charizard|Charizard-Mega-Y, L50, F|39/100\n|-weather|SunnyDay|[from] ability: Drought|[of] p2b: Charizard\n|turn|7\n|\n|t:|1776238253\n|move|p1a: Floette|Dazzling Gleam|p2b: Charizard|[spread] p2a,p2b\n|-resisted|p2a: Typhlosion|1\n|-resisted|p2b: Charizard|1\n|-damage|p2a: Typhlosion|0 fnt\n|-damage|p2b: Charizard|0 fnt\n|faint|p2a: Typhlosion\n|faint|p2b: Charizard\n|\n|-weather|SunnyDay|[upkeep]\n|upkeep\n|\n|t:|1776238256\n|switch|p2b: Venusaur|Venusaur, L50, F|100/100\n|turn|8\n|\n|t:|1776238266\n|move|p2b: Venusaur|Sludge Bomb|p1a: Floette\n|-supereffective|p1a: Floette|1\n|-damage|p1a: Floette|33/100\n|-status|p1a: Floette|psn\n|move|p1a: Floette|Light of Ruin|p2b: Venusaur\n|-resisted|p2b: Venusaur|1\n|-damage|p2b: Venusaur|1/100\n|-damage|p1a: Floette|0 fnt|[from] Recoil\n|faint|p1a: Floette\n|\n|win|Rk pokemons\n|raw|trollerprus's rating: 1122 &rarr; <strong>1100</strong><br />(-22 for losing)\n|raw|Rk pokemons's rating: 1166 &rarr; <strong>1188</strong><br />(+22 for winning)\n|c|\u2606Rk pokemons|O\n|l|\u2606trollerprus\n|player|p1|\n",
  "uploadtime": 1776238299,
  "views": 16,
  "formatid": "gen9championsvgc2026regma",
  "rating": 1100,
  "private": 0,
  "password": null
}