{
  "id": "gen9championsvgc2026regma-2586181692",
  "format": "[Gen 9 Champions] VGC 2026 Reg M-A",
  "players": [
    "Prtbl_Trash",
    "olecram2102"
  ],
  "log": "|j|\u2606Prtbl_Trash\n|j|\u2606olecram2102\n|t:|1776409358\n|gametype|doubles\n|player|p1|Prtbl_Trash|2|1134\n|player|p2|olecram2102|silver|1160\n|gen|9\n|tier|[Gen 9 Champions] VGC 2026 Reg M-A\n|rated|\n|rule|Species Clause: Limit one of each Pok\u00e9mon\n|rule|Item Clause: Limit 1 of each item\n|clearpoke\n|poke|p1|Chimecho, L50, M|\n|poke|p1|Incineroar, L50, M|\n|poke|p1|Garchomp, L50, F|\n|poke|p1|Sinistcha, L50|\n|poke|p1|Rotom-Wash, L50|\n|poke|p1|Liepard, L50, F|\n|poke|p2|Goodra-Hisui, L50, M|\n|poke|p2|Farigiraf, L50, M|\n|poke|p2|Conkeldurr, L50, F|\n|poke|p2|Sableye, L50, F|\n|poke|p2|Torkoal, L50, M|\n|poke|p2|Azumarill, L50, F|\n|teampreview|4\n|inactive|Battle timer is ON: inactive players will automatically lose when time's up. (requested by Prtbl_Trash)\n|\n|t:|1776409382\n|teamsize|p1|4\n|teamsize|p2|4\n|start\n|switch|p1a: Chimecho|Chimecho, L50, M|100/100\n|switch|p1b: Incineroar|Incineroar, L50, M|100/100\n|switch|p2a: Farigiraf|Farigiraf, L50, M|100/100\n|switch|p2b: Azumarill|Azumarill, L50, F|100/100\n|-ability|p1b: Incineroar|Intimidate|boost\n|-unboost|p2a: Farigiraf|atk|1\n|-unboost|p2b: Azumarill|atk|1\n|turn|1\n|\n|t:|1776409393\n|detailschange|p1a: Chimecho|Chimecho-Mega, L50, M\n|-mega|p1a: Chimecho|Chimecho|Chimechite\n|move|p2a: Farigiraf|Protect|p2a: Farigiraf\n|-singleturn|p2a: Farigiraf|Protect\n|move|p1a: Chimecho|Calm Mind|p1a: Chimecho\n|-boost|p1a: Chimecho|spa|1\n|-boost|p1a: Chimecho|spd|1\n|move|p1b: Incineroar|Parting Shot|p2b: Azumarill\n|-unboost|p2b: Azumarill|atk|1\n|-unboost|p2b: Azumarill|spa|1\n|\n|t:|1776409403\n|switch|p1b: Rotom|Rotom-Wash, L50|100/100|[from] Parting Shot\n|move|p2b: Azumarill|Liquidation|p1b: Rotom\n|-resisted|p1b: Rotom|1\n|-damage|p1b: Rotom|82/100\n|\n|upkeep\n|turn|2\n|\n|t:|1776409412\n|switch|p2b: Conkeldurr|Conkeldurr, L50, F|100/100\n|move|p1b: Rotom|Trick|p2a: Farigiraf\n|-activate|p1b: Rotom|move: Trick|[of] p2a: Farigiraf\n|-item|p2a: Farigiraf|Choice Scarf|[from] move: Trick\n|-item|p1b: Rotom|Mental Herb|[from] move: Trick\n|move|p1a: Chimecho|Calm Mind|p1a: Chimecho\n|-boost|p1a: Chimecho|spa|1\n|-boost|p1a: Chimecho|spd|1\n|move|p2a: Farigiraf|Trick Room|p2a: Farigiraf\n|-fieldstart|move: Trick Room|[of] p2a: Farigiraf\n|\n|upkeep\n|turn|3\n|\n|t:|1776409426\n|switch|p2a: Azumarill|Azumarill, L50, F|100/100\n|move|p2b: Conkeldurr|Rock Slide|p1a: Chimecho|[spread] p1a,p1b\n|-resisted|p1a: Chimecho|1\n|-damage|p1a: Chimecho|91/100\n|-damage|p1b: Rotom|52/100\n|cant|p1a: Chimecho|flinch\n|move|p1b: Rotom|Volt Switch|p2a: Azumarill\n|-supereffective|p2a: Azumarill|1\n|-damage|p2a: Azumarill|40/100\n|\n|t:|1776409438\n|switch|p1b: Incineroar|Incineroar, L50, M|100/100|[from] Volt Switch\n|-ability|p1b: Incineroar|Intimidate|boost\n|-unboost|p2a: Azumarill|atk|1\n|-unboost|p2b: Conkeldurr|atk|1\n|\n|upkeep\n|turn|4\n|\n|t:|1776409453\n|switch|p2b: Farigiraf|Farigiraf, L50, M|100/100\n|move|p1b: Incineroar|Fake Out||[still]\n|cant|p2b: Farigiraf|ability: Armor Tail|Fake Out|[of] p1b: Incineroar\n|move|p2a: Azumarill|Liquidation|p1b: Incineroar\n|-supereffective|p1b: Incineroar|1\n|-damage|p1b: Incineroar|49/100\n|-enditem|p1b: Incineroar|Sitrus Berry|[eat]\n|-heal|p1b: Incineroar|74/100|[from] item: Sitrus Berry\n|move|p1a: Chimecho|Stored Power|p2a: Azumarill\n|-damage|p2a: Azumarill|0 fnt\n|faint|p2a: Azumarill\n|\n|upkeep\n|\n|t:|1776409463\n|switch|p2a: Torkoal|Torkoal, L50, M|100/100\n|-weather|SunnyDay|[from] ability: Drought|[of] p2a: Torkoal\n|turn|5\n|\n|t:|1776409470\n|move|p2b: Farigiraf|Helping Hand|p2a: Torkoal\n|-singleturn|p2a: Torkoal|Helping Hand|[of] p2b: Farigiraf\n|move|p1a: Chimecho|Protect|p1a: Chimecho\n|-singleturn|p1a: Chimecho|Protect\n|move|p2a: Torkoal|Eruption|p1a: Chimecho|[spread] p1b\n|-activate|p1a: Chimecho|move: Protect\n|-resisted|p1b: Incineroar|1\n|-damage|p1b: Incineroar|12/100\n|move|p1b: Incineroar|Snarl|p2b: Farigiraf|[spread] p2a,p2b\n|-supereffective|p2b: Farigiraf|1\n|-damage|p2a: Torkoal|86/100\n|-damage|p2b: Farigiraf|81/100\n|-unboost|p2a: Torkoal|spa|1\n|-unboost|p2b: Farigiraf|spa|1\n|\n|-weather|SunnyDay|[upkeep]\n|upkeep\n|turn|6\n|\n|t:|1776409495\n|move|p2b: Farigiraf|Helping Hand|p2a: Torkoal\n|-singleturn|p2a: Torkoal|Helping Hand|[of] p2b: Farigiraf\n|move|p2a: Torkoal|Eruption|p1b: Incineroar|[spread] p1a,p1b\n|-supereffective|p1a: Chimecho|1\n|-resisted|p1b: Incineroar|1\n|-damage|p1a: Chimecho|38/100\n|-damage|p1b: Incineroar|0 fnt\n|faint|p1b: Incineroar\n|move|p1a: Chimecho|Draining Kiss|p2b: Farigiraf\n|-damage|p2b: Farigiraf|58/100\n|-heal|p1a: Chimecho|59/100|[from] drain|[of] p2b: Farigiraf\n|\n|-weather|SunnyDay|[upkeep]\n|-fieldend|move: Trick Room\n|upkeep\n|\n|t:|1776409506\n|switch|p1b: Sinistcha|Sinistcha, L50|100/100\n|-heal|p1a: Chimecho|84/100|[from] ability: Hospitality|[of] p1b: Sinistcha\n|turn|7\n|\n|t:|1776409513\n|switch|p1b: Rotom|Rotom-Wash, L50|52/100\n|move|p2b: Farigiraf|Helping Hand|p2a: Torkoal\n|-singleturn|p2a: Torkoal|Helping Hand|[of] p2b: Farigiraf\n|move|p1a: Chimecho|Stored Power|p2a: Torkoal\n|-damage|p2a: Torkoal|0 fnt\n|faint|p2a: Torkoal\n|\n|-weather|SunnyDay|[upkeep]\n|upkeep\n|\n|t:|1776409521\n|switch|p2a: Conkeldurr|Conkeldurr, L50, F|100/100\n|turn|8\n|-message|olecram2102 forfeited.\n|\n|win|Prtbl_Trash\n|raw|Prtbl_Trash's rating: 1134 &rarr; <strong>1161</strong><br />(+27 for winning)\n|raw|olecram2102's rating: 1160 &rarr; <strong>1133</strong><br />(-27 for losing)\n|l|\u2606olecram2102\n|player|p2|\n",
  "uploadtime": 1776409527,
  "views": 25,
  "formatid": "gen9championsvgc2026regma",
  "rating": 1133,
  "private": 0,
  "password": null
}