{
  "id": "gen9championsvgc2026regma-2587737861",
  "format": "[Gen 9 Champions] VGC 2026 Reg M-A",
  "players": [
    "Busigoat1887*",
    "Yamh"
  ],
  "log": "|j|\u2606Busigoat1887*\n|j|\u2606Yamh\n|t:|1776558988\n|gametype|doubles\n|player|p1|Busigoat1887*|2|1323\n|player|p2|Yamh|darach-caitlin|1289\n|gen|9\n|tier|[Gen 9 Champions] VGC 2026 Reg M-A\n|rated|\n|rule|Species Clause: Limit one of each Pok\u00e9mon\n|rule|Item Clause: Limit 1 of each item\n|clearpoke\n|poke|p1|Rotom-Heat, L50|\n|poke|p1|Dragonite, L50, F|\n|poke|p1|Archaludon, L50, F|\n|poke|p1|Sneasler, L50, F|\n|poke|p1|Pelipper, L50, M|\n|poke|p1|Basculegion, L50, M|\n|poke|p2|Sneasler, L50, M|\n|poke|p2|Kingambit, L50, F|\n|poke|p2|Whimsicott, L50, F|\n|poke|p2|Milotic, L50, M|\n|poke|p2|Gardevoir, L50, F|\n|poke|p2|Basculegion, L50, M|\n|teampreview|4\n|inactive|Battle timer is ON: inactive players will automatically lose when time's up. (requested by Busigoat1887*)\n|\n|t:|1776559023\n|teamsize|p1|4\n|teamsize|p2|4\n|start\n|switch|p1a: Ninja Turtle|Rotom-Heat, L50|100/100\n|switch|p1b: Jane Juliet|Archaludon, L50, F|100/100\n|switch|p2a: Whimsicott|Whimsicott, L50, F|100/100\n|switch|p2b: Gardevoir|Gardevoir, L50, F|100/100\n|turn|1\n|\n|t:|1776559033\n|detailschange|p2b: Gardevoir|Gardevoir-Mega, L50, F\n|-mega|p2b: Gardevoir|Gardevoir|Gardevoirite\n|move|p2a: Whimsicott|Protect|p2a: Whimsicott\n|-singleturn|p2a: Whimsicott|Protect\n|move|p2b: Gardevoir|Protect|p2b: Gardevoir\n|-singleturn|p2b: Gardevoir|Protect\n|move|p1a: Ninja Turtle|Overheat|p2a: Whimsicott\n|-activate|p2a: Whimsicott|move: Protect\n|move|p1b: Jane Juliet|Flash Cannon|p2b: Gardevoir\n|-activate|p2b: Gardevoir|move: Protect\n|\n|upkeep\n|turn|2\n|\n|t:|1776559050\n|move|p2a: Whimsicott|Tailwind|p2a: Whimsicott\n|-sidestart|p2: Yamh|move: Tailwind\n|move|p2b: Gardevoir|Aura Sphere|p1b: Jane Juliet\n|-supereffective|p1b: Jane Juliet|1\n|-damage|p1b: Jane Juliet|44/100\n|-ability|p1b: Jane Juliet|Stamina|boost\n|-boost|p1b: Jane Juliet|def|1\n|move|p1a: Ninja Turtle|Overheat|p2a: Whimsicott\n|-supereffective|p2a: Whimsicott|1\n|-enditem|p2a: Whimsicott|Focus Sash\n|-damage|p2a: Whimsicott|1/100\n|-unboost|p1a: Ninja Turtle|spa|2\n|move|p1b: Jane Juliet|Flash Cannon|p2b: Gardevoir\n|-supereffective|p2b: Gardevoir|1\n|-damage|p2b: Gardevoir|29/100\n|\n|-heal|p1b: Jane Juliet|50/100|[from] item: Leftovers\n|upkeep\n|turn|3\n|\n|t:|1776559066\n|switch|p1a: L|Sneasler, L50, F|100/100\n|move|p2a: Whimsicott|Protect|p2a: Whimsicott\n|-singleturn|p2a: Whimsicott|Protect\n|move|p1b: Jane Juliet|Protect|p1b: Jane Juliet\n|-singleturn|p1b: Jane Juliet|Protect\n|move|p2b: Gardevoir|Hyper Voice|p1b: Jane Juliet|[spread] p1a\n|-activate|p1b: Jane Juliet|move: Protect\n|-damage|p1a: L|25/100\n|\n|-heal|p1b: Jane Juliet|56/100|[from] item: Leftovers\n|upkeep\n|turn|4\n|inactive|Busigoat1887* has 30 seconds left.\n|\n|t:|1776559095\n|move|p2a: Whimsicott|Protect||[still]\n|-fail|p2a: Whimsicott\n|move|p2b: Gardevoir|Protect|p2b: Gardevoir\n|-singleturn|p2b: Gardevoir|Protect\n|move|p1a: L|Fake Out|p2b: Gardevoir\n|-activate|p2b: Gardevoir|move: Protect\n|move|p1b: Jane Juliet|Flash Cannon|p2b: Gardevoir\n|-activate|p2b: Gardevoir|move: Protect\n|\n|-heal|p1b: Jane Juliet|62/100|[from] item: Leftovers\n|upkeep\n|turn|5\n|\n|t:|1776559108\n|switch|p1a: Toilet Seat|Pelipper, L50, M|100/100\n|-weather|RainDance|[from] ability: Drizzle|[of] p1a: Toilet Seat\n|move|p2a: Whimsicott|Moonblast|p1b: Jane Juliet\n|-damage|p1b: Jane Juliet|28/100\n|-ability|p1b: Jane Juliet|Stamina|boost\n|-boost|p1b: Jane Juliet|def|1\n|move|p2b: Gardevoir|Hyper Voice|p1b: Jane Juliet|[spread] p1a,p1b\n|-damage|p1a: Toilet Seat|26/100\n|-damage|p1b: Jane Juliet|0 fnt\n|faint|p1b: Jane Juliet\n|\n|-weather|RainDance|[upkeep]\n|-sideend|p2: Yamh|move: Tailwind\n|upkeep\n|\n|t:|1776559111\n|switch|p1b: L|Sneasler, L50, F|25/100\n|turn|6\n|\n|t:|1776559123\n|move|p2a: Whimsicott|Protect|p2a: Whimsicott\n|-singleturn|p2a: Whimsicott|Protect\n|move|p2b: Gardevoir|Protect|p2b: Gardevoir\n|-singleturn|p2b: Gardevoir|Protect\n|move|p1b: L|Fake Out|p2b: Gardevoir\n|-activate|p2b: Gardevoir|move: Protect\n|move|p1a: Toilet Seat|Weather Ball|p2b: Gardevoir\n|-activate|p2b: Gardevoir|move: Protect\n|\n|-weather|RainDance|[upkeep]\n|upkeep\n|turn|7\n|\n|t:|1776559131\n|move|p2a: Whimsicott|Tailwind|p2a: Whimsicott\n|-sidestart|p2: Yamh|move: Tailwind\n|move|p2b: Gardevoir|Hyper Voice|p1b: L|[spread] p1a,p1b\n|-damage|p1a: Toilet Seat|0 fnt\n|-damage|p1b: L|0 fnt\n|faint|p1a: Toilet Seat\n|faint|p1b: L\n|\n|-weather|RainDance|[upkeep]\n|upkeep\n|-message|Busigoat1887* forfeited.\n|\n|win|Yamh\n|raw|Busigoat1887*'s rating: 1323 &rarr; <strong>1301</strong><br />(-22 for losing)\n|raw|Yamh's rating: 1289 &rarr; <strong>1316</strong><br />(+27 for winning)\n|l|\u2606Busigoat1887*\n|player|p1|\n",
  "uploadtime": 1776559139,
  "views": 27,
  "formatid": "gen9championsvgc2026regma",
  "rating": 1301,
  "private": 0,
  "password": null
}