{
  "id": "gen9championsvgc2026regma-2582286878",
  "format": "[Gen 9 Champions] VGC 2026 Reg M-A",
  "players": [
    "Ozempic Glorp",
    "Cereales_Hacendado"
  ],
  "log": "|j|\u2606Ozempic Glorp\n|j|\u2606Cereales_Hacendado\n|t:|1776079949\n|gametype|doubles\n|player|p1|Ozempic Glorp|hilda-wonderlauncher|1399\n|player|p2|Cereales_Hacendado|265|1343\n|gen|9\n|tier|[Gen 9 Champions] VGC 2026 Reg M-A\n|rated|\n|rule|Species Clause: Limit one of each Pok\u00e9mon\n|rule|Item Clause: Limit 1 of each item\n|clearpoke\n|poke|p1|Venusaur, L50, F|\n|poke|p1|Incineroar, L50, M|\n|poke|p1|Garchomp, L50, M|\n|poke|p1|Charizard, L50, M|\n|poke|p1|Sneasler, L50, F|\n|poke|p1|Rotom-Wash, L50|\n|poke|p2|Pinsir, L50, F|\n|poke|p2|Milotic, L50, M|\n|poke|p2|Corviknight, L50, M|\n|poke|p2|Rotom-Heat, L50|\n|poke|p2|Glimmora, L50, F|\n|poke|p2|Scovillain, L50, M|\n|teampreview|4\n|inactive|Battle timer is ON: inactive players will automatically lose when time's up. (requested by Ozempic Glorp)\n|inactive|Ozempic Glorp has 60 seconds left.\n|inactive|Cereales_Hacendado has 60 seconds left.\nCereales_Hacendado rejected open team sheets.\n|\n|t:|1776079994\n|teamsize|p1|4\n|teamsize|p2|4\n|start\n|switch|p1a: Toad|Venusaur, L50, F, shiny|100/100\n|switch|p1b: Wolfey|Incineroar, L50, M|100/100\n|switch|p2a: La Exploradora|Glimmora, L50, F, shiny|100/100\n|switch|p2b: Bipolar disorder|Scovillain, L50, M, shiny|100/100\n|-ability|p1b: Wolfey|Intimidate|boost\n|-unboost|p2a: La Exploradora|atk|1\n|-unboost|p2b: Bipolar disorder|atk|1\n|turn|1\n|\n|t:|1776080015\n|detailschange|p2b: Bipolar disorder|Scovillain-Mega, L50, M, shiny\n|-mega|p2b: Bipolar disorder|Scovillain|Scovillainite\n|move|p2a: La Exploradora|Spiky Shield|p2a: La Exploradora\n|-singleturn|p2a: La Exploradora|move: Protect\n|move|p2b: Bipolar disorder|Protect|p2b: Bipolar disorder\n|-singleturn|p2b: Bipolar disorder|Protect\n|move|p1b: Wolfey|Fake Out|p2b: Bipolar disorder\n|-activate|p2b: Bipolar disorder|move: Protect\n|move|p1a: Toad|Sleep Powder|p2a: La Exploradora\n|-activate|p2a: La Exploradora|move: Protect\n|\n|upkeep\n|turn|2\n|\n|t:|1776080040\n|move|p2a: La Exploradora|Power Gem|p1b: Wolfey\n|-supereffective|p1b: Wolfey|1\n|-damage|p1b: Wolfey|16/100\n|-enditem|p1b: Wolfey|Sitrus Berry|[eat]\n|-heal|p1b: Wolfey|41/100|[from] item: Sitrus Berry\n|move|p1a: Toad|Sleep Powder|p2a: La Exploradora\n|-status|p2a: La Exploradora|slp|[from] move: Sleep Powder\n|move|p2b: Bipolar disorder|Flamethrower|p1a: Toad\n|-supereffective|p1a: Toad|1\n|-damage|p1a: Toad|3/100\n|move|p1b: Wolfey|Parting Shot|p2b: Bipolar disorder\n|-unboost|p2b: Bipolar disorder|atk|1\n|-unboost|p2b: Bipolar disorder|spa|1\n|\n|t:|1776080063\n|switch|p1b: Peak|Garchomp, L50, M, shiny|100/100|[from] Parting Shot\n|\n|upkeep\n|turn|3\n|\n|t:|1776080075\n|cant|p2a: La Exploradora|slp\n|move|p1a: Toad|Protect|p1a: Toad\n|-singleturn|p1a: Toad|Protect\n|move|p2b: Bipolar disorder|Rage Powder|p2b: Bipolar disorder\n|-singleturn|p2b: Bipolar disorder|move: Rage Powder\n|move|p1b: Peak|Earthquake|p2b: Bipolar disorder|[spread] p2a,p2b\n|-activate|p1a: Toad|move: Protect\n|-supereffective|p2a: La Exploradora|2\n|-enditem|p2a: La Exploradora|Focus Sash\n|-damage|p2a: La Exploradora|1/100 slp\n|-damage|p2b: Bipolar disorder|54/100\n|-activate|p2a: La Exploradora|ability: Toxic Debris\n|-sidestart|p1: Ozempic Glorp|move: Toxic Spikes\n|-status|p1b: Peak|brn|[from] ability: Spicy Spray|[of] p2b: Bipolar disorder\n|\n|-damage|p1b: Peak|95/100 brn|[from] brn\n|upkeep\n|turn|4\n|\n|t:|1776080099\n|cant|p2a: La Exploradora|slp\n|move|p1b: Peak|Earthquake|p2a: La Exploradora|[spread] p1a,p2a,p2b\n|-supereffective|p2a: La Exploradora|2\n|-damage|p1a: Toad|0 fnt\n|-damage|p2a: La Exploradora|0 fnt\n|-damage|p2b: Bipolar disorder|33/100\n|-activate|p2a: La Exploradora|ability: Toxic Debris\n|-sidestart|p1: Ozempic Glorp|move: Toxic Spikes\n|faint|p1a: Toad\n|faint|p2a: La Exploradora\n|move|p2b: Bipolar disorder|Flamethrower|p1b: Peak\n|-resisted|p1b: Peak|1\n|-damage|p1b: Peak|80/100 brn\n|\n|-damage|p1b: Peak|74/100 brn|[from] brn\n|upkeep\n|\n|t:|1776080115\n|switch|p2a: Edgar Allan Poe|Corviknight, L50, M, shiny|100/100\n|switch|p1a: Wolfey|Incineroar, L50, M|41/100\n|-status|p1a: Wolfey|tox\n|-ability|p1a: Wolfey|Intimidate|boost\n|-ability|p2a: Edgar Allan Poe|Mirror Armor\n|-unboost|p1a: Wolfey|atk|1\n|-unboost|p2b: Bipolar disorder|atk|1\n|turn|5\n|\n|t:|1776080135\n|move|p2b: Bipolar disorder|Protect|p2b: Bipolar disorder\n|-singleturn|p2b: Bipolar disorder|Protect\n|move|p1a: Wolfey|Fake Out|p2a: Edgar Allan Poe\n|-resisted|p2a: Edgar Allan Poe|1\n|-damage|p2a: Edgar Allan Poe|97/100\n|move|p1b: Peak|Earthquake|p2b: Bipolar disorder|[spread] p1a\n|-activate|p2b: Bipolar disorder|move: Protect\n|-immune|p2a: Edgar Allan Poe\n|-supereffective|p1a: Wolfey|1\n|-damage|p1a: Wolfey|2/100 tox\n|cant|p2a: Edgar Allan Poe|flinch\n|\n|-damage|p1a: Wolfey|0 fnt|[from] psn\n|faint|p1a: Wolfey\n|-damage|p1b: Peak|68/100 brn|[from] brn\n|upkeep\n|\n|t:|1776080149\n|switch|p1a: John Pokemon|Charizard, L50, M|100/100\n|turn|6\n|\n|t:|1776080161\n|detailschange|p1a: John Pokemon|Charizard-Mega-Y, L50, M\n|-mega|p1a: John Pokemon|Charizard|Charizardite Y\n|-weather|SunnyDay|[from] ability: Drought|[of] p1a: John Pokemon\n|move|p2b: Bipolar disorder|Rage Powder|p2b: Bipolar disorder\n|-singleturn|p2b: Bipolar disorder|move: Rage Powder\n|move|p1b: Peak|Earthquake|p2b: Bipolar disorder|[spread] p2b\n|-immune|p1a: John Pokemon\n|-immune|p2a: Edgar Allan Poe\n|-damage|p2b: Bipolar disorder|11/100\n|move|p1a: John Pokemon|Heat Wave|p2b: Bipolar disorder|[spread] p2a,p2b\n|-supereffective|p2a: Edgar Allan Poe|1\n|-crit|p2b: Bipolar disorder\n|-damage|p2a: Edgar Allan Poe|9/100\n|-damage|p2b: Bipolar disorder|0 fnt\n|-immune|p1a: John Pokemon\n|-enditem|p2a: Edgar Allan Poe|Sitrus Berry|[eat]\n|-heal|p2a: Edgar Allan Poe|34/100|[from] item: Sitrus Berry\n|faint|p2b: Bipolar disorder\n|move|p2a: Edgar Allan Poe|Brave Bird|p1a: John Pokemon\n|-damage|p1a: John Pokemon|45/100\n|-damage|p2a: Edgar Allan Poe|20/100|[from] Recoil\n|\n|-weather|SunnyDay|[upkeep]\n|-damage|p1b: Peak|62/100 brn|[from] brn\n|upkeep\n|\n|t:|1776080182\n|switch|p2b: Gender Bender|Pinsir, L50, F, shiny|100/100\n|turn|7\n|\n|t:|1776080192\n|move|p1b: Peak|Earthquake|p2a: Edgar Allan Poe|[spread] p2b\n|-immune|p1a: John Pokemon\n|-immune|p2a: Edgar Allan Poe\n|-resisted|p2b: Gender Bender|1\n|-damage|p2b: Gender Bender|88/100\n|move|p1a: John Pokemon|Heat Wave|p2a: Edgar Allan Poe|[spread] p2a,p2b\n|-supereffective|p2a: Edgar Allan Poe|1\n|-supereffective|p2b: Gender Bender|1\n|-damage|p2a: Edgar Allan Poe|0 fnt\n|-damage|p2b: Gender Bender|0 fnt\n|faint|p2a: Edgar Allan Poe\n|faint|p2b: Gender Bender\n|\n|win|Ozempic Glorp\n|raw|Ozempic Glorp's rating: 1399 &rarr; <strong>1416</strong><br />(+17 for winning)\n|raw|Cereales_Hacendado's rating: 1343 &rarr; <strong>1326</strong><br />(-17 for losing)\n|l|\u2606Cereales_Hacendado\n|player|p2|\n",
  "uploadtime": 1776080207,
  "views": 26,
  "formatid": "gen9championsvgc2026regma",
  "rating": 1326,
  "private": 0,
  "password": null
}