{
  "id": "gen9championsvgc2026regma-2588742427",
  "format": "[Gen 9 Champions] VGC 2026 Reg M-A",
  "players": [
    "TalesOfXanthar",
    "nittsu"
  ],
  "log": "|j|\u203dTalesOfXanthar\n|j|\u2606nittsu\n|t:|1776664755\n|gametype|doubles\n|player|p1|TalesOfXanthar|101|1073\n|player|p2|nittsu|firebreather|1000\n|gen|9\n|tier|[Gen 9 Champions] VGC 2026 Reg M-A\n|rated|\n|rule|Species Clause: Limit one of each Pok\u00e9mon\n|rule|Item Clause: Limit 1 of each item\n|clearpoke\n|poke|p1|Meganium, L50, F|\n|poke|p1|Slowbro-Galar, L50, M|\n|poke|p1|Sneasler, L50, M|\n|poke|p1|Talonflame, L50, F|\n|poke|p1|Avalugg-Hisui, L50, F, shiny|\n|poke|p1|Snorlax, L50, F|\n|poke|p2|Feraligatr, L50, M|\n|poke|p2|Sneasler, L50, F|\n|poke|p2|Kingambit, L50, F|\n|poke|p2|Talonflame, L50, F|\n|poke|p2|Gardevoir, L50, M|\n|poke|p2|Sinistcha-Masterpiece, L50|\n|teampreview|4\n|inactive|Battle timer is ON: inactive players will automatically lose when time's up. (requested by nittsu)\n|inactive|nittsu has 60 seconds left.\n|\n|t:|1776664797\n|teamsize|p1|4\n|teamsize|p2|4\n|start\n|switch|p1a: Avalugg|Avalugg-Hisui, L50, F, shiny|100/100\n|switch|p1b: Slowbro|Slowbro-Galar, L50, M|100/100\n|switch|p2a: Sneasler|Sneasler, L50, F|100/100\n|switch|p2b: Talonflame|Talonflame, L50, F|100/100\n|turn|1\n|\n|t:|1776664813\n|switch|p2b: Feraligatr|Feraligatr, L50, M|100/100\n|move|p2a: Sneasler|Coaching|p2b: Feraligatr\n|-boost|p2b: Feraligatr|atk|1\n|-boost|p2b: Feraligatr|def|1\n|move|p1a: Avalugg|Rock Slide|p2b: Feraligatr|[spread] p2a,p2b\n|-resisted|p2a: Sneasler|1\n|-damage|p2a: Sneasler|78/100\n|-damage|p2b: Feraligatr|83/100\n|move|p1b: Slowbro|Trick Room|p1b: Slowbro\n|-fieldstart|move: Trick Room|[of] p1b: Slowbro\n|\n|upkeep\n|turn|2\n|\n|t:|1776664833\n|switch|p2a: Sinistcha|Sinistcha-Masterpiece, L50|100/100\n|-heal|p2b: Feraligatr|100/100|[from] ability: Hospitality|[of] p2a: Sinistcha\n|detailschange|p2b: Feraligatr|Feraligatr-Mega, L50, M\n|-mega|p2b: Feraligatr|Feraligatr|Feraligite\n|move|p1b: Slowbro|Psyshock|p2a: Sinistcha\n|-damage|p2a: Sinistcha|70/100\n|move|p1a: Avalugg|Body Press|p2b: Feraligatr\n|-damage|p2b: Feraligatr|80/100\n|move|p2b: Feraligatr|Double-Edge|p1b: Slowbro\n|-damage|p1b: Slowbro|0 fnt\n|faint|p1b: Slowbro\n|-damage|p2b: Feraligatr|50/100|[from] Recoil\n|\n|-heal|p2a: Sinistcha|76/100|[from] item: Leftovers\n|upkeep\n|\n|t:|1776664853\n|switch|p1b: Snorlax|Snorlax, L50, F|100/100\n|turn|3\n|\n|t:|1776664860\n|move|p2b: Feraligatr|Protect|p2b: Feraligatr\n|-singleturn|p2b: Feraligatr|Protect\n|move|p1b: Snorlax|Supercell Slam|p2b: Feraligatr\n|-activate|p2b: Feraligatr|move: Protect\n|-damage|p1b: Snorlax|51/100|[from] supercellslam\n|move|p1a: Avalugg|Crunch|p2a: Sinistcha\n|-supereffective|p2a: Sinistcha|1\n|-damage|p2a: Sinistcha|4/100\n|move|p2a: Sinistcha|Trick Room|p2a: Sinistcha\n|-fieldend|move: Trick Room\n|\n|-heal|p2a: Sinistcha|11/100|[from] item: Leftovers\n|upkeep\n|turn|4\n|inactive|nittsu has 30 seconds left.\n|\n|t:|1776664888\n|switch|p2a: Sneasler|Sneasler, L50, F|78/100\n|move|p2b: Feraligatr|Double-Edge|p1b: Snorlax\n|-crit|p1b: Snorlax\n|-damage|p1b: Snorlax|0 fnt\n|faint|p1b: Snorlax\n|-damage|p2b: Feraligatr|30/100|[from] Recoil\n|move|p1a: Avalugg|Rock Slide|p2a: Sneasler|[spread] p2a,p2b\n|-resisted|p2a: Sneasler|1\n|-damage|p2a: Sneasler|53/100\n|-damage|p2b: Feraligatr|16/100\n|\n|upkeep\n|\n|t:|1776664898\n|switch|p1b: Meganium|Meganium, L50, F|100/100\n|turn|5\n|\n|t:|1776664917\n|move|p1b: Meganium|Protect|p1b: Meganium\n|-singleturn|p1b: Meganium|Protect\n|move|p2a: Sneasler|Dire Claw|p1b: Meganium\n|-activate|p1b: Meganium|move: Protect\n|move|p2b: Feraligatr|Liquidation|p1a: Avalugg\n|-supereffective|p1a: Avalugg|1\n|-damage|p1a: Avalugg|20/100\n|-unboost|p1a: Avalugg|def|1\n|move|p1a: Avalugg|Body Press|p2b: Feraligatr\n|-damage|p2b: Feraligatr|4/100\n|\n|upkeep\n|turn|6\n|\n|t:|1776664937\n|move|p2a: Sneasler|Dire Claw|p1b: Meganium\n|-supereffective|p1b: Meganium|1\n|-damage|p1b: Meganium|26/100\n|-status|p1b: Meganium|slp\n|cant|p1b: Meganium|slp\n|move|p2b: Feraligatr|Liquidation|p1a: Avalugg\n|-supereffective|p1a: Avalugg|1\n|-damage|p1a: Avalugg|0 fnt\n|faint|p1a: Avalugg\n|\n|upkeep\n|turn|7\n|\n|t:|1776664948\n|-curestatus|p1b: Meganium|slp|[msg]\n|move|p1b: Meganium|Protect|p1b: Meganium\n|-singleturn|p1b: Meganium|Protect\n|move|p2b: Feraligatr|Aqua Jet|p2a: Sneasler\n|-damage|p2a: Sneasler|0 fnt\n|faint|p2a: Sneasler\n|\n|upkeep\n|\n|t:|1776664956\n|switch|p2a: Talonflame|Talonflame, L50, F|100/100\n|turn|8\n|c|\u2606nittsu|Hehehe\n|\n|t:|1776664968\n|switch|p2b: Sinistcha|Sinistcha-Masterpiece, L50|11/100\n|move|p2a: Talonflame|Flare Blitz|p1b: Meganium\n|-supereffective|p1b: Meganium|1\n|-damage|p1b: Meganium|0 fnt\n|faint|p1b: Meganium\n|-damage|p2a: Talonflame|93/100|[from] Recoil\n|\n|win|nittsu\n|raw|TalesOfXanthar's rating: 1073 &rarr; <strong>1048</strong><br />(-25 for losing)\n|raw|nittsu's rating: 1000 &rarr; <strong>1048</strong><br />(+48 for winning)\n|l|\u203dTalesOfXanthar\n|player|p1|\n",
  "uploadtime": 1776664976,
  "views": 17,
  "formatid": "gen9championsvgc2026regma",
  "rating": 1048,
  "private": 0,
  "password": null
}