{
  "id": "gen9championsvgc2026regma-2581623194",
  "format": "[Gen 9 Champions] VGC 2026 Reg M-A",
  "players": [
    "DavidTIS",
    "Manaaim"
  ],
  "log": "|j|\u2606DavidTIS\n|j|\u2606Manaaim\n|t:|1776015917\n|gametype|doubles\n|player|p1|DavidTIS|volkner|1140\n|player|p2|Manaaim|102|1148\n|gen|9\n|tier|[Gen 9 Champions] VGC 2026 Reg M-A\n|rated|\n|rule|Species Clause: Limit one of each Pok\u00e9mon\n|rule|Item Clause: Limit 1 of each item\n|clearpoke\n|poke|p1|Garganacl, L50, M|\n|poke|p1|Mimikyu, L50, F|\n|poke|p1|Chimecho, L50, F|\n|poke|p1|Slowbro, L50, M|\n|poke|p1|Lucario, L50, F|\n|poke|p1|Drampa, L50, F|\n|poke|p2|Maushold, L50|\n|poke|p2|Archaludon, L50, M|\n|poke|p2|Pelipper, L50, M|\n|poke|p2|Blastoise, L50, M|\n|poke|p2|Garchomp, L50, M|\n|poke|p2|Sinistcha, L50|\n|teampreview|4\n|inactive|Battle timer is ON: inactive players will automatically lose when time's up. (requested by DavidTIS)\n|inactive|DavidTIS has 60 seconds left.\n|\n|t:|1776015953\n|teamsize|p1|4\n|teamsize|p2|4\n|start\n|switch|p1a: Mimikyu|Mimikyu, L50, F|100/100\n|switch|p1b: Lucario|Lucario, L50, F|100/100\n|switch|p2a: Blastoise|Blastoise, L50, M|100/100\n|switch|p2b: Sinistcha|Sinistcha, L50|100/100\n|turn|1\n|\n|t:|1776015971\n|detailschange|p2a: Blastoise|Blastoise-Mega, L50, M\n|-mega|p2a: Blastoise|Blastoise|Blastoisinite\n|move|p1b: Lucario|Dragon Pulse|p2b: Sinistcha\n|-damage|p2b: Sinistcha|62/100\n|move|p2a: Blastoise|Water Spout|p1a: Mimikyu|[spread] p1a,p1b\n|-activate|p1a: Mimikyu|ability: Disguise\n|-damage|p1a: Mimikyu|100/100\n|-enditem|p1b: Lucario|Focus Sash\n|-damage|p1b: Lucario|1/100\n|detailschange|p1a: Mimikyu|Mimikyu-Busted, L50, F\n|-damage|p1a: Mimikyu|88/100|[from] pokemon: Mimikyu-Busted\n|move|p1a: Mimikyu|Shadow Claw|p2b: Sinistcha\n|-supereffective|p2b: Sinistcha|1\n|-enditem|p2b: Sinistcha|Kasib Berry|[eat]\n|-enditem|p2b: Sinistcha|Kasib Berry|[weaken]\n|-damage|p2b: Sinistcha|33/100\n|move|p2b: Sinistcha|Trick Room|p2b: Sinistcha\n|-fieldstart|move: Trick Room|[of] p2b: Sinistcha\n|\n|upkeep\n|turn|2\n|inactive|DavidTIS has 30 seconds left.\n|\n|t:|1776016003\n|switch|p1b: Drampa|Drampa, L50, F|100/100\n|-ability|p1b: Drampa|Cloud Nine\n|move|p2b: Sinistcha|Matcha Gotcha|p1b: Drampa|[spread] p1a,p1b\n|-resisted|p1b: Drampa|1\n|-damage|p1a: Mimikyu|52/100\n|-heal|p2b: Sinistcha|46/100|[from] drain|[of] p1a: Mimikyu\n|-damage|p1b: Drampa|84/100\n|-heal|p2b: Sinistcha|55/100|[from] drain|[of] p1b: Drampa\n|-status|p1a: Mimikyu|brn\n|-status|p1b: Drampa|brn\n|move|p1a: Mimikyu|Shadow Claw|p2b: Sinistcha\n|-supereffective|p2b: Sinistcha|1\n|-damage|p2b: Sinistcha|25/100\n|move|p2a: Blastoise|Water Spout|p1a: Mimikyu|[spread] p1a,p1b\n|-crit|p1a: Mimikyu\n|-resisted|p1b: Drampa|1\n|-damage|p1a: Mimikyu|0 fnt\n|-damage|p1b: Drampa|51/100 brn\n|faint|p1a: Mimikyu\n|\n|-damage|p1b: Drampa|45/100 brn|[from] brn\n|upkeep\n|\n|t:|1776016024\n|switch|p1a: Chimecho|Chimecho, L50, F|100/100\n|turn|3\n|\n|t:|1776016035\n|detailschange|p1a: Chimecho|Chimecho-Mega, L50, F\n|-mega|p1a: Chimecho|Chimecho|Chimechite\n|move|p2a: Blastoise|Protect|p2a: Blastoise\n|-singleturn|p2a: Blastoise|Protect\n|move|p1b: Drampa|Draco Meteor|p2a: Blastoise\n|-activate|p2a: Blastoise|move: Protect\n|move|p1a: Chimecho|Psychic|p2b: Sinistcha\n|-damage|p2b: Sinistcha|0 fnt\n|faint|p2b: Sinistcha\n|\n|-damage|p1b: Drampa|39/100 brn|[from] brn\n|upkeep\n|\n|t:|1776016048\n|switch|p2b: Archaludon|Archaludon, L50, M|100/100\n|turn|4\n|\n|t:|1776016060\n|move|p1b: Drampa|Draco Meteor|p2b: Archaludon|[miss]\n|-miss|p1b: Drampa|p2b: Archaludon\n|move|p1a: Chimecho|Psychic|p2b: Archaludon\n|-resisted|p2b: Archaludon|1\n|-damage|p2b: Archaludon|71/100\n|-unboost|p2b: Archaludon|spd|1\n|-ability|p2b: Archaludon|Stamina|boost\n|-boost|p2b: Archaludon|def|1\n|move|p2b: Archaludon|Thunder Wave|p1a: Chimecho\n|-status|p1a: Chimecho|par\n|move|p2a: Blastoise|Water Spout|p1a: Chimecho|[spread] p1a,p1b\n|-resisted|p1b: Drampa|1\n|-damage|p1a: Chimecho|38/100 par\n|-damage|p1b: Drampa|6/100 brn\n|\n|-heal|p2b: Archaludon|77/100|[from] item: Leftovers\n|-damage|p1b: Drampa|0 fnt|[from] brn\n|faint|p1b: Drampa\n|upkeep\n|\n|t:|1776016065\n|switch|p1b: Lucario|Lucario, L50, F|1/100\n|turn|5\n|\n|t:|1776016076\n|cant|p1a: Chimecho|par\n|move|p2b: Archaludon|Electro Shot||[still]\n|-prepare|p2b: Archaludon|Electro Shot\n|-boost|p2b: Archaludon|spa|1\n|move|p2a: Blastoise|Water Spout|p1b: Lucario|[spread] p1a,p1b\n|-damage|p1a: Chimecho|0 fnt\n|-damage|p1b: Lucario|0 fnt\n|faint|p1a: Chimecho\n|faint|p1b: Lucario\n|\n|win|Manaaim\n|raw|DavidTIS's rating: 1140 &rarr; <strong>1116</strong><br />(-24 for losing)\n|raw|Manaaim's rating: 1148 &rarr; <strong>1172</strong><br />(+24 for winning)\n",
  "uploadtime": 1776016082,
  "views": 21,
  "formatid": "gen9championsvgc2026regma",
  "rating": 1116,
  "private": 0,
  "password": null
}