{
  "id": "gen9championsvgc2026regma-2585112733",
  "format": "[Gen 9 Champions] VGC 2026 Reg M-A",
  "players": [
    "bigruckus#1",
    "25th_mang"
  ],
  "log": "|j|\u2606bigruckus#1\n|j|\u260625th_mang\n|t:|1776313202\n|gametype|doubles\n|player|p1|bigruckus#1|266|1174\n|player|p2|25th_mang|ballguy|1233\n|gen|9\n|tier|[Gen 9 Champions] VGC 2026 Reg M-A\n|rated|\n|rule|Species Clause: Limit one of each Pok\u00e9mon\n|rule|Item Clause: Limit 1 of each item\n|clearpoke\n|poke|p1|Aggron, L50, M|\n|poke|p1|Incineroar, L50, M|\n|poke|p1|Pelipper, L50, F|\n|poke|p1|Basculegion, L50, M|\n|poke|p1|Sinistcha, L50|\n|poke|p1|Aerodactyl, L50, F|\n|poke|p2|Drampa, L50, M|\n|poke|p2|Farigiraf, L50, F|\n|poke|p2|Incineroar, L50, M|\n|poke|p2|Sneasler, L50, M|\n|poke|p2|Pelipper, L50, F|\n|poke|p2|Sinistcha, L50|\n|teampreview|4\n|inactive|Battle timer is ON: inactive players will automatically lose when time's up. (requested by 25th_mang)\n|inactive|25th_mang has 60 seconds left.\nbigruckus#1 rejected open team sheets.\n|\n|t:|1776313249\n|teamsize|p1|4\n|teamsize|p2|4\n|start\n|switch|p1a: Sinistcha|Sinistcha, L50, shiny|100/100\n|switch|p1b: Aggron|Aggron, L50, M, shiny|100/100\n|switch|p2a: Farigiraf|Farigiraf, L50, F|100/100\n|switch|p2b: Sneasler|Sneasler, L50, M|100/100\n|turn|1\n|\n|t:|1776313271\n|detailschange|p1b: Aggron|Aggron-Mega, L50, M, shiny\n|-mega|p1b: Aggron|Aggron|Aggronite\n|move|p1a: Sinistcha|Rage Powder|p1a: Sinistcha\n|-singleturn|p1a: Sinistcha|move: Rage Powder\n|move|p2b: Sneasler|Throat Chop|p1a: Sinistcha\n|-supereffective|p1a: Sinistcha|1\n|-damage|p1a: Sinistcha|58/100\n|-start|p1a: Sinistcha|Throat Chop|[silent]\n|move|p2a: Farigiraf|Psychic|p1a: Sinistcha\n|-damage|p1a: Sinistcha|25/100\n|move|p1b: Aggron|Iron Defense|p1b: Aggron\n|-boost|p1b: Aggron|def|2\n|\n|-heal|p1a: Sinistcha|31/100|[from] item: Leftovers\n|upkeep\n|turn|2\n|inactive|25th_mang has 30 seconds left.\n|\n|t:|1776313297\n|move|p2a: Farigiraf|Helping Hand|p2b: Sneasler\n|-singleturn|p2b: Sneasler|Helping Hand|[of] p2a: Farigiraf\n|move|p2b: Sneasler|Throat Chop|p1a: Sinistcha\n|-supereffective|p1a: Sinistcha|1\n|-damage|p1a: Sinistcha|0 fnt\n|faint|p1a: Sinistcha\n|move|p1b: Aggron|Body Press|p2a: Farigiraf\n|-damage|p2a: Farigiraf|18/100\n|\n|upkeep\n|\n|t:|1776313307\n|switch|p1a: Pelipper|Pelipper, L50, F|100/100\n|-weather|RainDance|[from] ability: Drizzle|[of] p1a: Pelipper\n|turn|3\n|\n|t:|1776313319\n|move|p2a: Farigiraf|Helping Hand|p2b: Sneasler\n|-singleturn|p2b: Sneasler|Helping Hand|[of] p2a: Farigiraf\n|move|p2b: Sneasler|Dire Claw|p1a: Pelipper\n|-damage|p1a: Pelipper|12/100\n|move|p1a: Pelipper|Hurricane|p2b: Sneasler\n|-supereffective|p2b: Sneasler|1\n|-damage|p2b: Sneasler|0 fnt\n|faint|p2b: Sneasler\n|move|p1b: Aggron|Body Press|p2a: Farigiraf\n|-damage|p2a: Farigiraf|0 fnt\n|faint|p2a: Farigiraf\n|\n|-weather|RainDance|[upkeep]\n|upkeep\n|\n|t:|1776313329\n|switch|p2b: Incineroar|Incineroar, L50, M|100/100\n|switch|p2a: Drampa|Drampa, L50, M|100/100\n|-ability|p2b: Incineroar|Intimidate|boost\n|-unboost|p1a: Pelipper|atk|1\n|-unboost|p1b: Aggron|atk|1\n|turn|4\n|\n|t:|1776313349\n|detailschange|p2a: Drampa|Drampa-Mega, L50, M\n|-mega|p2a: Drampa|Drampa|Drampanite\n|move|p2b: Incineroar|Fake Out|p1a: Pelipper\n|-damage|p1a: Pelipper|0 fnt\n|faint|p1a: Pelipper\n|move|p1b: Aggron|Body Press|p2a: Drampa\n|-supereffective|p2a: Drampa|1\n|-damage|p2a: Drampa|0 fnt\n|faint|p2a: Drampa\n|\n|-weather|RainDance|[upkeep]\n|upkeep\n|\n|t:|1776313358\n|switch|p1a: Basculegion|Basculegion, L50, M|100/100\n|turn|5\n|-message|25th_mang forfeited.\n|\n|win|bigruckus#1\n|raw|bigruckus#1's rating: 1174 &rarr; <strong>1203</strong><br />(+29 for winning)\n|raw|25th_mang's rating: 1233 &rarr; <strong>1204</strong><br />(-29 for losing)\n|l|\u260625th_mang\n|player|p2|\n",
  "uploadtime": 1776313395,
  "views": 32,
  "formatid": "gen9championsvgc2026regma",
  "rating": 1203,
  "private": 0,
  "password": null
}