{
  "id": "gen9championsvgc2026regma-2585371321",
  "format": "[Gen 9 Champions] VGC 2026 Reg M-A",
  "players": [
    "kylelfw",
    "AWilsonAap"
  ],
  "log": "|j|\u2606kylelfw\n|j|\u2606AWilsonAap\n|t:|1776342183\n|gametype|doubles\n|player|p1|kylelfw|hiker-gen4|\n|player|p2|AWilsonAap|170|\n|gen|9\n|tier|[Gen 9 Champions] VGC 2026 Reg M-A\n|rule|Species Clause: Limit one of each Pok\u00e9mon\n|rule|Item Clause: Limit 1 of each item\n|clearpoke\n|poke|p1|Sinistcha-Masterpiece, L50|\n|poke|p1|Bellibolt, L50, M|\n|poke|p1|Snorlax, L50, F|\n|poke|p1|Maushold, L50|\n|poke|p1|Whimsicott, L50, F|\n|poke|p1|Crabominable, L50, F|\n|poke|p2|Floette-Eternal, L50, F|\n|poke|p2|Alcremie-Rainbow-Swirl, L50, F|\n|poke|p2|Sneasler, L50, F|\n|poke|p2|Garchomp, L50, F|\n|poke|p2|Talonflame, L50, F|\n|poke|p2|Whimsicott, L50, F|\n|teampreview|4\n|\n|t:|1776342220\n|teamsize|p1|4\n|teamsize|p2|4\n|start\n|switch|p1a: Whimsicott|Whimsicott, L50, F|100/100\n|switch|p1b: Maushold|Maushold, L50|100/100\n|switch|p2a: Floette|Floette-Eternal, L50, F, shiny|100/100\n|switch|p2b: Alcremie|Alcremie-Rainbow-Swirl, L50, F|100/100\n|turn|1\n|\n|t:|1776342245\n|detailschange|p2a: Floette|Floette-Mega, L50, F, shiny\n|-mega|p2a: Floette|Floette|Floettite\n|-ability|p2a: Floette|Fairy Aura\n|move|p1b: Maushold|Follow Me|p1b: Maushold\n|-singleturn|p1b: Maushold|move: Follow Me\n|move|p1a: Whimsicott|Leech Seed|p2b: Alcremie\n|-start|p2b: Alcremie|move: Leech Seed\n|move|p2a: Floette|Dazzling Gleam|p1b: Maushold|[spread] p1a,p1b\n|-damage|p1a: Whimsicott|60/100\n|-damage|p1b: Maushold|41/100\n|move|p2b: Alcremie|Decorate|p1b: Maushold\n|-boost|p1b: Maushold|atk|2\n|-boost|p1b: Maushold|spa|2\n|\n|-damage|p2b: Alcremie|88/100|[from] Leech Seed|[of] p1a: Whimsicott\n|-heal|p1a: Whimsicott|74/100|[silent]\n|upkeep\n|turn|2\n|\n|t:|1776342273\n|move|p1a: Whimsicott|Leech Seed|p2a: Floette\n|-start|p2a: Floette|move: Leech Seed\n|move|p2a: Floette|Dazzling Gleam|p1a: Whimsicott|[spread] p1a,p1b\n|-damage|p1a: Whimsicott|34/100\n|-damage|p1b: Maushold|0 fnt\n|faint|p1b: Maushold\n|move|p2b: Alcremie|Decorate|p2a: Floette\n|-boost|p2a: Floette|atk|2\n|-boost|p2a: Floette|spa|2\n|\n|-damage|p2a: Floette|89/100|[from] Leech Seed|[of] p1a: Whimsicott\n|-heal|p1a: Whimsicott|47/100|[silent]\n|-damage|p2b: Alcremie|75/100|[from] Leech Seed|[of] p1a: Whimsicott\n|-heal|p1a: Whimsicott|62/100|[silent]\n|upkeep\n|\n|t:|1776342293\n|switch|p1b: Crabominable|Crabominable, L50, F, shiny|100/100\n|turn|3\n|\n|t:|1776342311\n|move|p2b: Alcremie|Helping Hand|p2a: Floette\n|-singleturn|p2a: Floette|Helping Hand|[of] p2b: Alcremie\n|move|p1b: Crabominable|Wide Guard|p1b: Crabominable\n|-singleturn|p1b: Crabominable|Wide Guard\n|move|p1a: Whimsicott|Substitute|p1a: Whimsicott\n|-start|p1a: Whimsicott|Substitute\n|-damage|p1a: Whimsicott|37/100\n|move|p2a: Floette|Dazzling Gleam|p1a: Whimsicott|[spread] \n|-activate|p1a: Whimsicott|move: Wide Guard\n|-activate|p1b: Crabominable|move: Wide Guard\n|\n|-damage|p2a: Floette|77/100|[from] Leech Seed|[of] p1a: Whimsicott\n|-heal|p1a: Whimsicott|50/100|[silent]\n|-damage|p2b: Alcremie|63/100|[from] Leech Seed|[of] p1a: Whimsicott\n|-heal|p1a: Whimsicott|65/100|[silent]\n|upkeep\n|turn|4\n|\n|t:|1776342354\n|move|p1b: Crabominable|Wide Guard|p1b: Crabominable\n|-singleturn|p1b: Crabominable|Wide Guard\n|move|p2a: Floette|Draining Kiss|p1b: Crabominable\n|-supereffective|p1b: Crabominable|1\n|-damage|p1b: Crabominable|0 fnt\n|-heal|p2a: Floette|100/100|[from] drain|[of] p1b: Crabominable\n|faint|p1b: Crabominable\n|move|p2b: Alcremie|Decorate|p2a: Floette\n|-boost|p2a: Floette|atk|2\n|-boost|p2a: Floette|spa|2\n|move|p1a: Whimsicott|Trick Room|p1a: Whimsicott\n|-fieldstart|move: Trick Room|[of] p1a: Whimsicott\n|\n|-damage|p2b: Alcremie|50/100|[from] Leech Seed|[of] p1a: Whimsicott\n|-heal|p1a: Whimsicott|79/100|[silent]\n|-damage|p2a: Floette|89/100|[from] Leech Seed|[of] p1a: Whimsicott\n|-heal|p1a: Whimsicott|92/100|[silent]\n|upkeep\n|\n|t:|1776342372\n|switch|p1b: Sinistcha|Sinistcha-Masterpiece, L50, shiny|100/100\n|-heal|p1a: Whimsicott|100/100|[from] ability: Hospitality|[of] p1b: Sinistcha\n|turn|5\n|\n|t:|1776342396\n|move|p1a: Whimsicott|Leech Seed||[still]\n|-fail|p1a: Whimsicott\n|move|p1b: Sinistcha|Shadow Ball|p2b: Alcremie\n|-damage|p2b: Alcremie|24/100\n|move|p2b: Alcremie|Decorate|p2a: Floette\n|-boost|p2a: Floette|atk|2\n|-boost|p2a: Floette|spa|2\n|move|p2a: Floette|Dazzling Gleam|p1b: Sinistcha|[spread] p1a,p1b\n|-end|p1a: Whimsicott|Substitute\n|-damage|p1b: Sinistcha|0 fnt\n|faint|p1b: Sinistcha\n|\n|-damage|p2b: Alcremie|11/100|[from] Leech Seed|[of] p1a: Whimsicott\n|-damage|p2a: Floette|77/100|[from] Leech Seed|[of] p1a: Whimsicott\n|upkeep\n|turn|6\n|\n|t:|1776342427\n|move|p1a: Whimsicott|Substitute|p1a: Whimsicott\n|-start|p1a: Whimsicott|Substitute\n|-damage|p1a: Whimsicott|76/100\n|move|p2b: Alcremie|Recover|p2b: Alcremie\n|-heal|p2b: Alcremie|61/100\n|move|p2a: Floette|Draining Kiss|p1a: Whimsicott\n|-end|p1a: Whimsicott|Substitute\n|-heal|p2a: Floette|94/100|[from] drain|[of] p1a: Whimsicott\n|\n|-damage|p2b: Alcremie|49/100|[from] Leech Seed|[of] p1a: Whimsicott\n|-heal|p1a: Whimsicott|90/100|[silent]\n|-damage|p2a: Floette|82/100|[from] Leech Seed|[of] p1a: Whimsicott\n|-heal|p1a: Whimsicott|100/100|[silent]\n|upkeep\n|turn|7\n|\n|t:|1776342445\n|move|p1a: Whimsicott|Substitute|p1a: Whimsicott\n|-start|p1a: Whimsicott|Substitute\n|-damage|p1a: Whimsicott|76/100\n|move|p2b: Alcremie|Recover|p2b: Alcremie\n|-heal|p2b: Alcremie|99/100\n|move|p2a: Floette|Draining Kiss|p1a: Whimsicott\n|-end|p1a: Whimsicott|Substitute\n|-heal|p2a: Floette|99/100|[from] drain|[of] p1a: Whimsicott\n|\n|-damage|p2b: Alcremie|86/100|[from] Leech Seed|[of] p1a: Whimsicott\n|-heal|p1a: Whimsicott|90/100|[silent]\n|-damage|p2a: Floette|87/100|[from] Leech Seed|[of] p1a: Whimsicott\n|-heal|p1a: Whimsicott|100/100|[silent]\n|upkeep\n|turn|8\n|\n|t:|1776342474\n|move|p2b: Alcremie|Helping Hand|p2a: Floette\n|-singleturn|p2a: Floette|Helping Hand|[of] p2b: Alcremie\n|move|p1a: Whimsicott|Substitute|p1a: Whimsicott\n|-start|p1a: Whimsicott|Substitute\n|-damage|p1a: Whimsicott|76/100\n|move|p2a: Floette|Draining Kiss|p1a: Whimsicott\n|-end|p1a: Whimsicott|Substitute\n|-heal|p2a: Floette|100/100|[from] drain|[of] p1a: Whimsicott\n|\n|-damage|p2b: Alcremie|74/100|[from] Leech Seed|[of] p1a: Whimsicott\n|-heal|p1a: Whimsicott|90/100|[silent]\n|-damage|p2a: Floette|89/100|[from] Leech Seed|[of] p1a: Whimsicott\n|-heal|p1a: Whimsicott|100/100|[silent]\n|-fieldend|move: Trick Room\n|upkeep\n|turn|9\n|\n|t:|1776342494\n|move|p2b: Alcremie|Helping Hand|p2a: Floette\n|-singleturn|p2a: Floette|Helping Hand|[of] p2b: Alcremie\n|move|p1a: Whimsicott|Substitute|p1a: Whimsicott\n|-start|p1a: Whimsicott|Substitute\n|-damage|p1a: Whimsicott|76/100\n|move|p2a: Floette|Draining Kiss|p1a: Whimsicott\n|-end|p1a: Whimsicott|Substitute\n|-heal|p2a: Floette|100/100|[from] drain|[of] p1a: Whimsicott\n|\n|-damage|p2a: Floette|89/100|[from] Leech Seed|[of] p1a: Whimsicott\n|-heal|p1a: Whimsicott|89/100|[silent]\n|-damage|p2b: Alcremie|61/100|[from] Leech Seed|[of] p1a: Whimsicott\n|-heal|p1a: Whimsicott|100/100|[silent]\n|upkeep\n|turn|10\n|\n|t:|1776342528\n|move|p2b: Alcremie|Helping Hand|p2a: Floette\n|-singleturn|p2a: Floette|Helping Hand|[of] p2b: Alcremie\n|move|p1a: Whimsicott|Substitute|p1a: Whimsicott\n|-start|p1a: Whimsicott|Substitute\n|-damage|p1a: Whimsicott|76/100\n|move|p2a: Floette|Giga Drain|p1a: Whimsicott\n|-resisted|p1a: Whimsicott|1\n|-end|p1a: Whimsicott|Substitute\n|-heal|p2a: Floette|99/100|[from] drain|[of] p1a: Whimsicott\n|\n|-damage|p2a: Floette|88/100|[from] Leech Seed|[of] p1a: Whimsicott\n|-heal|p1a: Whimsicott|89/100|[silent]\n|-damage|p2b: Alcremie|49/100|[from] Leech Seed|[of] p1a: Whimsicott\n|-heal|p1a: Whimsicott|100/100|[silent]\n|upkeep\n|turn|11\n|\n|t:|1776342548\n|move|p1a: Whimsicott|Substitute|p1a: Whimsicott\n|-start|p1a: Whimsicott|Substitute\n|-damage|p1a: Whimsicott|76/100\n|move|p2a: Floette|Giga Drain|p1a: Whimsicott\n|-resisted|p1a: Whimsicott|1\n|-end|p1a: Whimsicott|Substitute\n|-heal|p2a: Floette|99/100|[from] drain|[of] p1a: Whimsicott\n|move|p2b: Alcremie|Recover|p2b: Alcremie\n|-heal|p2b: Alcremie|99/100\n|\n|-damage|p2a: Floette|87/100|[from] Leech Seed|[of] p1a: Whimsicott\n|-heal|p1a: Whimsicott|89/100|[silent]\n|-damage|p2b: Alcremie|86/100|[from] Leech Seed|[of] p1a: Whimsicott\n|-heal|p1a: Whimsicott|100/100|[silent]\n|upkeep\n|turn|12\n|\n|t:|1776342568\n|move|p2b: Alcremie|Helping Hand|p2a: Floette\n|-singleturn|p2a: Floette|Helping Hand|[of] p2b: Alcremie\n|move|p1a: Whimsicott|Substitute|p1a: Whimsicott\n|-start|p1a: Whimsicott|Substitute\n|-damage|p1a: Whimsicott|76/100\n|move|p2a: Floette|Giga Drain|p1a: Whimsicott\n|-resisted|p1a: Whimsicott|1\n|-end|p1a: Whimsicott|Substitute\n|-heal|p2a: Floette|99/100|[from] drain|[of] p1a: Whimsicott\n|\n|-damage|p2a: Floette|87/100|[from] Leech Seed|[of] p1a: Whimsicott\n|-heal|p1a: Whimsicott|89/100|[silent]\n|-damage|p2b: Alcremie|74/100|[from] Leech Seed|[of] p1a: Whimsicott\n|-heal|p1a: Whimsicott|100/100|[silent]\n|upkeep\n|turn|13\n|\n|t:|1776342588\n|move|p2b: Alcremie|Helping Hand|p2a: Floette\n|-singleturn|p2a: Floette|Helping Hand|[of] p2b: Alcremie\n|move|p1a: Whimsicott|Substitute|p1a: Whimsicott\n|-start|p1a: Whimsicott|Substitute\n|-damage|p1a: Whimsicott|76/100\n|move|p2a: Floette|Draining Kiss|p1a: Whimsicott\n|-end|p1a: Whimsicott|Substitute\n|-heal|p2a: Floette|100/100|[from] drain|[of] p1a: Whimsicott\n|\n|-damage|p2a: Floette|89/100|[from] Leech Seed|[of] p1a: Whimsicott\n|-heal|p1a: Whimsicott|89/100|[silent]\n|-damage|p2b: Alcremie|61/100|[from] Leech Seed|[of] p1a: Whimsicott\n|-heal|p1a: Whimsicott|100/100|[silent]\n|upkeep\n|turn|14\n|\n|t:|1776342606\n|move|p2b: Alcremie|Helping Hand|p2a: Floette\n|-singleturn|p2a: Floette|Helping Hand|[of] p2b: Alcremie\n|move|p1a: Whimsicott|Substitute|p1a: Whimsicott\n|-start|p1a: Whimsicott|Substitute\n|-damage|p1a: Whimsicott|76/100\n|move|p2a: Floette|Draining Kiss|p1a: Whimsicott\n|-end|p1a: Whimsicott|Substitute\n|-heal|p2a: Floette|100/100|[from] drain|[of] p1a: Whimsicott\n|\n|-damage|p2a: Floette|89/100|[from] Leech Seed|[of] p1a: Whimsicott\n|-heal|p1a: Whimsicott|89/100|[silent]\n|-damage|p2b: Alcremie|49/100|[from] Leech Seed|[of] p1a: Whimsicott\n|-heal|p1a: Whimsicott|100/100|[silent]\n|upkeep\n|turn|15\n|\n|t:|1776342624\n|move|p1a: Whimsicott|Substitute|p1a: Whimsicott\n|-start|p1a: Whimsicott|Substitute\n|-damage|p1a: Whimsicott|76/100\n|move|p2a: Floette|Draining Kiss|p1a: Whimsicott\n|-end|p1a: Whimsicott|Substitute\n|-heal|p2a: Floette|100/100|[from] drain|[of] p1a: Whimsicott\n|move|p2b: Alcremie|Recover|p2b: Alcremie\n|-heal|p2b: Alcremie|99/100\n|\n|-damage|p2a: Floette|89/100|[from] Leech Seed|[of] p1a: Whimsicott\n|-heal|p1a: Whimsicott|89/100|[silent]\n|-damage|p2b: Alcremie|86/100|[from] Leech Seed|[of] p1a: Whimsicott\n|-heal|p1a: Whimsicott|100/100|[silent]\n|upkeep\n|turn|16\n|\n|t:|1776342657\n|move|p2b: Alcremie|Helping Hand|p2a: Floette\n|-singleturn|p2a: Floette|Helping Hand|[of] p2b: Alcremie\n|move|p1a: Whimsicott|Substitute|p1a: Whimsicott\n|-start|p1a: Whimsicott|Substitute\n|-damage|p1a: Whimsicott|76/100\n|move|p2a: Floette|Draining Kiss|p1a: Whimsicott\n|-end|p1a: Whimsicott|Substitute\n|-heal|p2a: Floette|100/100|[from] drain|[of] p1a: Whimsicott\n|\n|-damage|p2a: Floette|89/100|[from] Leech Seed|[of] p1a: Whimsicott\n|-heal|p1a: Whimsicott|89/100|[silent]\n|-damage|p2b: Alcremie|74/100|[from] Leech Seed|[of] p1a: Whimsicott\n|-heal|p1a: Whimsicott|100/100|[silent]\n|upkeep\n|turn|17\n|\n|t:|1776342680\n|move|p2b: Alcremie|Helping Hand|p2a: Floette\n|-singleturn|p2a: Floette|Helping Hand|[of] p2b: Alcremie\n|move|p1a: Whimsicott|Rest|p1a: Whimsicott\n|-fail|p1a: Whimsicott|heal\n|move|p2a: Floette|Draining Kiss|p1a: Whimsicott\n|-damage|p1a: Whimsicott|0 fnt\n|-heal|p2a: Floette|100/100|[from] drain|[of] p1a: Whimsicott\n|faint|p1a: Whimsicott\n|\n|win|AWilsonAap\n|l|\u2606kylelfw\n|player|p1|\n|l|\u2606AWilsonAap\n|player|p2|\n|j|\u2606AWilsonAap\n|player|p2|AWilsonAap|170|\n",
  "uploadtime": 1776343149,
  "views": 21,
  "formatid": "gen9championsvgc2026regma",
  "rating": null,
  "private": 0,
  "password": null
}