{
  "id": "gen9championsvgc2026regma-2582460372",
  "format": "[Gen 9 Champions] VGC 2026 Reg M-A",
  "players": [
    "noir0083",
    "faric"
  ],
  "log": "|j|\u2606noir0083\n|j|\u2606faric\n|t:|1776093136\n|gametype|doubles\n|player|p1|noir0083|misty|1240\n|player|p2|faric|266|1188\n|gen|9\n|tier|[Gen 9 Champions] VGC 2026 Reg M-A\n|rated|\n|rule|Species Clause: Limit one of each Pok\u00e9mon\n|rule|Item Clause: Limit 1 of each item\n|clearpoke\n|poke|p1|Corviknight, L50, F|\n|poke|p1|Starmie, L50|\n|poke|p1|Tyranitar, L50, M|\n|poke|p1|Kingambit, L50, M|\n|poke|p1|Bellibolt, L50, M|\n|poke|p1|Rotom-Heat, L50|\n|poke|p2|Charizard, L50, F|\n|poke|p2|Venusaur, L50, F|\n|poke|p2|Garchomp, L50, M|\n|poke|p2|Rotom-Wash, L50|\n|poke|p2|Incineroar, L50, F|\n|poke|p2|Sneasler, L50, F|\n|teampreview|4\n|\n|t:|1776093169\n|teamsize|p1|4\n|teamsize|p2|4\n|start\n|switch|p1a: Corviknight|Corviknight, L50, F|100/100\n|switch|p1b: Bellibolt|Bellibolt, L50, M|100/100\n|switch|p2a: Charizard|Charizard, L50, F|100/100\n|switch|p2b: Venusaur|Venusaur, L50, F|100/100\n|turn|1\n|inactive|Battle timer is ON: inactive players will automatically lose when time's up. (requested by faric)\n|\n|t:|1776093194\n|move|p2a: Charizard|Protect|p2a: Charizard\n|-singleturn|p2a: Charizard|Protect\n|move|p2b: Venusaur|Protect|p2b: Venusaur\n|-singleturn|p2b: Venusaur|Protect\n|move|p1a: Corviknight|Protect|p1a: Corviknight\n|-singleturn|p1a: Corviknight|Protect\n|move|p1b: Bellibolt|Thunderbolt|p2a: Charizard\n|-activate|p2a: Charizard|move: Protect\n|\n|upkeep\n|turn|2\n|\n|t:|1776093216\n|detailschange|p2a: Charizard|Charizard-Mega-Y, L50, F\n|-mega|p2a: Charizard|Charizard|Charizardite Y\n|-weather|SunnyDay|[from] ability: Drought|[of] p2a: Charizard\n|move|p2b: Venusaur|Sleep Powder|p1b: Bellibolt|[miss]\n|-miss|p2b: Venusaur|p1b: Bellibolt\n|move|p2a: Charizard|Heat Wave|p1a: Corviknight|[spread] p1a,p1b\n|-supereffective|p1a: Corviknight|1\n|-damage|p1a: Corviknight|0 fnt\n|-damage|p1b: Bellibolt|44/100\n|-start|p1b: Bellibolt|Charge|Heat Wave|[from] ability: Electromorphosis\n|faint|p1a: Corviknight\n|move|p1b: Bellibolt|Thunderbolt|p2a: Charizard\n|-supereffective|p2a: Charizard|1\n|-damage|p2a: Charizard|0 fnt\n|faint|p2a: Charizard\n|-end|p1b: Bellibolt|Charge|[silent]\n|\n|-weather|SunnyDay|[upkeep]\n|upkeep\n|\n|t:|1776093239\n|switch|p2a: Incineroar|Incineroar, L50, F|100/100\n|switch|p1a: Tyranitar|Tyranitar, L50, M|100/100\n|-weather|Sandstorm|[from] ability: Sand Stream|[of] p1a: Tyranitar\n|-ability|p2a: Incineroar|Intimidate|boost\n|-unboost|p1a: Tyranitar|atk|1\n|-unboost|p1b: Bellibolt|atk|1\n|turn|3\n|inactive|noir0083 has 30 seconds left.\n|\n|t:|1776093268\n|move|p1b: Bellibolt|Protect|p1b: Bellibolt\n|-singleturn|p1b: Bellibolt|Protect\n|move|p1a: Tyranitar|Ice Punch|p2b: Venusaur\n|-supereffective|p2b: Venusaur|1\n|-damage|p2b: Venusaur|53/100\n|move|p2b: Venusaur|Leaf Storm|p1a: Tyranitar\n|-supereffective|p1a: Tyranitar|1\n|-damage|p1a: Tyranitar|19/100\n|-unboost|p2b: Venusaur|spa|2\n|move|p2a: Incineroar|Flare Blitz|p1b: Bellibolt\n|-activate|p1b: Bellibolt|move: Protect\n|\n|-weather|Sandstorm|[upkeep]\n|-damage|p2b: Venusaur|47/100|[from] Sandstorm\n|-damage|p2a: Incineroar|95/100|[from] Sandstorm\n|-damage|p1b: Bellibolt|38/100|[from] Sandstorm\n|upkeep\n|turn|4\n|\n|t:|1776093286\n|move|p2b: Venusaur|Protect|p2b: Venusaur\n|-singleturn|p2b: Venusaur|Protect\n|move|p1a: Tyranitar|Ice Punch|p2b: Venusaur\n|-activate|p2b: Venusaur|move: Protect\n|move|p2a: Incineroar|Parting Shot|p1a: Tyranitar\n|-unboost|p1a: Tyranitar|atk|1\n|-unboost|p1a: Tyranitar|spa|1\n|\n|t:|1776093293\n|switch|p2a: Rotom|Rotom-Wash, L50|100/100|[from] Parting Shot\n|move|p1b: Bellibolt|Muddy Water|p2b: Venusaur|[spread] p2a\n|-activate|p2b: Venusaur|move: Protect\n|-resisted|p2a: Rotom|1\n|-damage|p2a: Rotom|89/100\n|\n|-weather|Sandstorm|[upkeep]\n|-damage|p2b: Venusaur|41/100|[from] Sandstorm\n|-damage|p2a: Rotom|83/100|[from] Sandstorm\n|-damage|p1b: Bellibolt|32/100|[from] Sandstorm\n|-heal|p2a: Rotom|89/100|[from] item: Leftovers\n|upkeep\n|turn|5\n|\n|t:|1776093320\n|switch|p2b: Incineroar|Incineroar, L50, F|95/100\n|-ability|p2b: Incineroar|Intimidate|boost\n|-unboost|p1a: Tyranitar|atk|1\n|-unboost|p1b: Bellibolt|atk|1\n|move|p1a: Tyranitar|Ice Punch|p2b: Incineroar\n|-resisted|p2b: Incineroar|1\n|-damage|p2b: Incineroar|90/100\n|move|p2a: Rotom|Hydro Pump|p1b: Bellibolt\n|-damage|p1b: Bellibolt|0 fnt\n|faint|p1b: Bellibolt\n|\n|-weather|Sandstorm|[upkeep]\n|-damage|p2a: Rotom|83/100|[from] Sandstorm\n|-damage|p2b: Incineroar|84/100|[from] Sandstorm\n|-heal|p2a: Rotom|89/100|[from] item: Leftovers\n|upkeep\n|\n|t:|1776093322\n|switch|p1b: Starmie|Starmie, L50|100/100\n|turn|6\n|\n|t:|1776093347\n|detailschange|p1b: Starmie|Starmie-Mega, L50\n|-mega|p1b: Starmie|Starmie|Starminite\n|move|p2b: Incineroar|Fake Out|p1b: Starmie\n|-damage|p1b: Starmie|82/100\n|cant|p1b: Starmie|flinch\n|move|p1a: Tyranitar|Ice Punch|p2a: Rotom\n|-resisted|p2a: Rotom|1\n|-damage|p2a: Rotom|83/100\n|move|p2a: Rotom|Thunderbolt|p1b: Starmie\n|-supereffective|p1b: Starmie|1\n|-damage|p1b: Starmie|0 fnt\n|faint|p1b: Starmie\n|\n|-weather|Sandstorm|[upkeep]\n|-damage|p2a: Rotom|78/100|[from] Sandstorm\n|-damage|p2b: Incineroar|78/100|[from] Sandstorm\n|-heal|p2a: Rotom|83/100|[from] item: Leftovers\n|upkeep\n|turn|7\n|-message|noir0083 forfeited.\n|\n|win|faric\n|raw|noir0083's rating: 1240 &rarr; <strong>1211</strong><br />(-29 for losing)\n|raw|faric's rating: 1188 &rarr; <strong>1217</strong><br />(+29 for winning)\n|l|\u2606noir0083\n|player|p1|\n",
  "uploadtime": 1776093371,
  "views": 24,
  "formatid": "gen9championsvgc2026regma",
  "rating": 1211,
  "private": 0,
  "password": null
}