{
  "id": "gen9championsvgc2026regma-2581063619",
  "format": "[Gen 9 Champions] VGC 2026 Reg M-A",
  "players": [
    "DeepestButton",
    "hozesama"
  ],
  "log": "|j|\u2606DeepestButton\n|j|\u2606hozesama\n|t:|1775956409\n|gametype|doubles\n|player|p1|DeepestButton|hiker-gen4|1283\n|player|p2|hozesama|cynthia-masters4|1283\n|gen|9\n|tier|[Gen 9 Champions] VGC 2026 Reg M-A\n|rated|\n|rule|Species Clause: Limit one of each Pok\u00e9mon\n|rule|Item Clause: Limit 1 of each item\n|clearpoke\n|poke|p1|Floette-Eternal, L50, F|\n|poke|p1|Hatterene, L50, F|\n|poke|p1|Aerodactyl, L50, F|\n|poke|p1|Incineroar, L50, F|\n|poke|p1|Azumarill, L50, F|\n|poke|p1|Garchomp, L50, M|\n|poke|p2|Gyarados, L50, F|\n|poke|p2|Venusaur, L50, F|\n|poke|p2|Sneasler, L50, M|\n|poke|p2|Kingambit, L50, F|\n|poke|p2|Basculegion, L50, M|\n|poke|p2|Mamoswine, L50, M|\n|teampreview|4\nhozesama rejected open team sheets.\n|inactive|Battle timer is ON: inactive players will automatically lose when time's up. (requested by hozesama)\n|\n|t:|1775956433\n|teamsize|p1|4\n|teamsize|p2|4\n|start\n|switch|p1a: Floette|Floette-Eternal, L50, F|100/100\n|switch|p1b: Aerodactyl|Aerodactyl, L50, F|100/100\n|switch|p2a: Basculegion|Basculegion, L50, M|100/100\n|switch|p2b: Mamoswine|Mamoswine, L50, M|100/100\n|-ability|p1b: Aerodactyl|Unnerve\n|turn|1\n|\n|t:|1775956446\n|detailschange|p1a: Floette|Floette-Mega, L50, F\n|-mega|p1a: Floette|Floette|Floettite\n|-ability|p1a: Floette|Fairy Aura\n|move|p1b: Aerodactyl|Protect|p1b: Aerodactyl\n|-singleturn|p1b: Aerodactyl|Protect\n|move|p2a: Basculegion|Flip Turn|p1b: Aerodactyl\n|-activate|p1b: Aerodactyl|move: Protect\n|move|p1a: Floette|Dazzling Gleam|p2a: Basculegion|[spread] p2a,p2b\n|-damage|p2a: Basculegion|50/100\n|-damage|p2b: Mamoswine|41/100\n|move|p2b: Mamoswine|Rock Slide|p1a: Floette|[spread] p1a\n|-activate|p1b: Aerodactyl|move: Protect\n|-damage|p1a: Floette|74/100\n|\n|upkeep\n|turn|2\n|\n|t:|1775956462\n|move|p2a: Basculegion|Flip Turn|p1b: Aerodactyl\n|-supereffective|p1b: Aerodactyl|1\n|-enditem|p1b: Aerodactyl|Focus Sash\n|-damage|p1b: Aerodactyl|1/100\n|\n|t:|1775956466\n|switch|p2a: Kingambit|Kingambit, L50, F|100/100|[from] Flip Turn\n|move|p1b: Aerodactyl|Tailwind|p1b: Aerodactyl\n|-sidestart|p1: DeepestButton|move: Tailwind\n|move|p1a: Floette|Dazzling Gleam|p2a: Kingambit|[spread] p2a,p2b\n|-damage|p2a: Kingambit|58/100\n|-damage|p2b: Mamoswine|0 fnt\n|faint|p2b: Mamoswine\n|\n|upkeep\n|j| gE1xjZRtuhW2DdT0AK\n|\n|t:|1775956477\n|switch|p2b: Venusaur|Venusaur, L50, F|100/100\n|turn|3\n|\n|t:|1775956500\n|detailschange|p2b: Venusaur|Venusaur-Mega, L50, F\n|-mega|p2b: Venusaur|Venusaur|Venusaurite\n|move|p1b: Aerodactyl|Protect|p1b: Aerodactyl\n|-singleturn|p1b: Aerodactyl|Protect\n|move|p2a: Kingambit|Sucker Punch||[still]\n|-fail|p2a: Kingambit\n|move|p1a: Floette|Light of Ruin|p2a: Kingambit\n|-damage|p2a: Kingambit|0 fnt\n|faint|p2a: Kingambit\n|-damage|p1a: Floette|34/100|[from] Recoil\n|move|p2b: Venusaur|Sludge Bomb|p1a: Floette\n|-supereffective|p1a: Floette|1\n|-damage|p1a: Floette|0 fnt\n|faint|p1a: Floette\n|\n|upkeep\n|l| gE1xjZRtuhW2DdT0AK\n|\n|t:|1775956515\n|switch|p1a: Azumarill|Azumarill, L50, F|100/100\n|switch|p2a: Basculegion|Basculegion, L50, M|50/100\n|turn|4\n|\n|t:|1775956532\n|move|p2a: Basculegion|Aqua Jet|p1b: Aerodactyl\n|-supereffective|p1b: Aerodactyl|1\n|-damage|p1b: Aerodactyl|0 fnt\n|faint|p1b: Aerodactyl\n|move|p1a: Azumarill|Play Rough|p2a: Basculegion\n|-damage|p2a: Basculegion|0 fnt\n|faint|p2a: Basculegion\n|move|p2b: Venusaur|Sludge Bomb|p1a: Azumarill\n|-supereffective|p1a: Azumarill|1\n|-damage|p1a: Azumarill|8/100\n|\n|upkeep\n|\n|t:|1775956540\n|switch|p1b: Hatterene|Hatterene, L50, F|100/100\n|turn|5\n|\n|t:|1775956546\n|move|p1a: Azumarill|Play Rough|p2b: Venusaur\n|-resisted|p2b: Venusaur|1\n|-damage|p2b: Venusaur|73/100\n|move|p2b: Venusaur|Sludge Bomb|p1a: Azumarill\n|-supereffective|p1a: Azumarill|1\n|-damage|p1a: Azumarill|0 fnt\n|faint|p1a: Azumarill\n|move|p1b: Hatterene|Psychic|p2b: Venusaur\n|-supereffective|p2b: Venusaur|1\n|-damage|p2b: Venusaur|1/100\n|\n|-sideend|p1: DeepestButton|move: Tailwind\n|upkeep\n|turn|6\n|\n|t:|1775956556\n|move|p2b: Venusaur|Sludge Bomb|p1b: Hatterene\n|-supereffective|p1b: Hatterene|1\n|-enditem|p1b: Hatterene|Kebia Berry|[eat]\n|-enditem|p1b: Hatterene|Kebia Berry|[weaken]\n|-damage|p1b: Hatterene|53/100\n|-status|p1b: Hatterene|psn\n|move|p1b: Hatterene|Psychic|p2b: Venusaur\n|-supereffective|p2b: Venusaur|1\n|-damage|p2b: Venusaur|0 fnt\n|faint|p2b: Venusaur\n|\n|win|DeepestButton\n|raw|DeepestButton's rating: 1283 &rarr; <strong>1308</strong><br />(+25 for winning)\n|raw|hozesama's rating: 1283 &rarr; <strong>1258</strong><br />(-25 for losing)\n",
  "uploadtime": 1775956565,
  "views": 20,
  "formatid": "gen9championsvgc2026regma",
  "rating": 1258,
  "private": 0,
  "password": null
}