{
  "id": "gen9championsvgc2026regma-2586969115",
  "format": "[Gen 9 Champions] VGC 2026 Reg M-A",
  "players": [
    "mrdragon20008",
    "sleeping777"
  ],
  "log": "|j|\u2606mrdragon20008\n|j|\u2606sleeping777\n|t:|1776476715\n|gametype|doubles\n|player|p1|mrdragon20008|101|1129\n|player|p2|sleeping777|1|1194\n|gen|9\n|tier|[Gen 9 Champions] VGC 2026 Reg M-A\n|rated|\n|rule|Species Clause: Limit one of each Pok\u00e9mon\n|rule|Item Clause: Limit 1 of each item\n|clearpoke\n|poke|p1|Rotom-Heat, L50|\n|poke|p1|Garchomp, L50, M|\n|poke|p1|Milotic, L50, F|\n|poke|p1|Skarmory, L50, M|\n|poke|p1|Heliolisk, L50, M|\n|poke|p1|Whimsicott, L50, F|\n|poke|p2|Whimsicott, L50, M|\n|poke|p2|Kangaskhan, L50, F|\n|poke|p2|Incineroar, L50, F|\n|poke|p2|Goodra-Hisui, L50, M|\n|poke|p2|Mr. Rime, L50, M|\n|poke|p2|Krookodile, L50, M|\n|teampreview|4\n|\n|t:|1776476775\n|teamsize|p1|4\n|teamsize|p2|4\n|start\n|switch|p1a: Milotic|Milotic, L50, F|100/100\n|switch|p1b: Rotom|Rotom-Heat, L50|100/100\n|switch|p2a: Kangaskhan|Kangaskhan, L50, F|100/100\n|switch|p2b: Goodra|Goodra-Hisui, L50, M|100/100\n|turn|1\n|\n|t:|1776476790\n|detailschange|p2a: Kangaskhan|Kangaskhan-Mega, L50, F\n|-mega|p2a: Kangaskhan|Kangaskhan|Kangaskhanite\n|move|p2a: Kangaskhan|Fake Out|p1b: Rotom\n|-damage|p1b: Rotom|80/100\n|-damage|p1b: Rotom|75/100\n|-hitcount|p1b: Rotom|2\n|cant|p1b: Rotom|flinch\n|move|p1a: Milotic|Coil|p1a: Milotic\n|-boost|p1a: Milotic|atk|1\n|-boost|p1a: Milotic|def|1\n|-boost|p1a: Milotic|accuracy|1\n|move|p2b: Goodra|Shelter|p2b: Goodra\n|-boost|p2b: Goodra|def|2\n|\n|upkeep\n|turn|2\n|\n|t:|1776476818\n|move|p2a: Kangaskhan|Bite|p1a: Milotic\n|-damage|p1a: Milotic|87/100\n|-damage|p1a: Milotic|84/100\n|-hitcount|p1a: Milotic|2\n|move|p1b: Rotom|Will-O-Wisp|p2b: Goodra\n|-status|p2b: Goodra|brn\n|cant|p1a: Milotic|flinch\n|move|p2b: Goodra|Draco Meteor|p1b: Rotom\n|-damage|p1b: Rotom|17/100\n|-unboost|p2b: Goodra|spa|2\n|\n|-heal|p1a: Milotic|91/100|[from] item: Leftovers\n|-damage|p2b: Goodra|95/100 brn|[from] brn\n|upkeep\n|turn|3\n|\n|t:|1776476844\n|move|p2a: Kangaskhan|Protect|p2a: Kangaskhan\n|-singleturn|p2a: Kangaskhan|Protect\n|move|p1b: Rotom|Volt Switch|p2a: Kangaskhan\n|-activate|p2a: Kangaskhan|move: Protect\n|move|p1a: Milotic|Hydro Pump|p2a: Kangaskhan\n|-activate|p2a: Kangaskhan|move: Protect\n|move|p2b: Goodra|Shelter|p2b: Goodra\n|-boost|p2b: Goodra|def|2\n|\n|-heal|p1a: Milotic|97/100|[from] item: Leftovers\n|-heal|p2b: Goodra|100/100 brn|[from] item: Leftovers\n|-damage|p2b: Goodra|95/100 brn|[from] brn\n|upkeep\n|turn|4\n|\n|t:|1776476869\n|switch|p2a: Mr. Rime|Mr. Rime, L50, M|100/100\n|move|p1b: Rotom|Volt Switch|p2a: Mr. Rime\n|-damage|p2a: Mr. Rime|68/100\n|\n|t:|1776476875\n|switch|p1b: Skarmory|Skarmory, L50, M|100/100|[from] Volt Switch\n|move|p1a: Milotic|Hydro Pump|p2a: Mr. Rime\n|-damage|p2a: Mr. Rime|21/100\n|move|p2b: Goodra|Body Press|p1b: Skarmory\n|-damage|p1b: Skarmory|67/100\n|\n|-heal|p1a: Milotic|100/100|[from] item: Leftovers\n|-heal|p2b: Goodra|100/100 brn|[from] item: Leftovers\n|-damage|p2b: Goodra|95/100 brn|[from] brn\n|upkeep\n|turn|5\n|\n|t:|1776476901\n|detailschange|p1b: Skarmory|Skarmory-Mega, L50, M\n|-mega|p1b: Skarmory|Skarmory|Skarmorite\n|move|p2a: Mr. Rime|Fake Out|p1a: Milotic\n|-damage|p1a: Milotic|95/100\n|move|p1b: Skarmory|Iron Head|p2a: Mr. Rime\n|-supereffective|p2a: Mr. Rime|1\n|-damage|p2a: Mr. Rime|0 fnt\n|faint|p2a: Mr. Rime\n|cant|p1a: Milotic|flinch\n|move|p2b: Goodra|Shelter|p2b: Goodra\n|-boost|p2b: Goodra|def|2\n|\n|-heal|p1a: Milotic|100/100|[from] item: Leftovers\n|-heal|p2b: Goodra|100/100 brn|[from] item: Leftovers\n|-damage|p2b: Goodra|95/100 brn|[from] brn\n|upkeep\n|\n|t:|1776476912\n|switch|p2a: Kangaskhan|Kangaskhan-Mega, L50, F|100/100\n|turn|6\n|\n|t:|1776476926\n|move|p2a: Kangaskhan|Fake Out|p1b: Skarmory\n|-resisted|p1b: Skarmory|1\n|-damage|p1b: Skarmory|58/100\n|-resisted|p1b: Skarmory|1\n|-damage|p1b: Skarmory|55/100\n|-hitcount|p1b: Skarmory|2\n|cant|p1b: Skarmory|flinch\n|move|p1a: Milotic|Coil|p1a: Milotic\n|-boost|p1a: Milotic|atk|1\n|-boost|p1a: Milotic|def|1\n|-boost|p1a: Milotic|accuracy|1\n|move|p2b: Goodra|Body Press|p1b: Skarmory\n|-damage|p1b: Skarmory|0 fnt\n|faint|p1b: Skarmory\n|\n|-heal|p2b: Goodra|100/100 brn|[from] item: Leftovers\n|-damage|p2b: Goodra|95/100 brn|[from] brn\n|upkeep\n|\n|t:|1776476943\n|switch|p1b: Rotom|Rotom-Heat, L50|17/100\n|turn|7\n|\n|t:|1776476988\n|move|p2a: Kangaskhan|Protect|p2a: Kangaskhan\n|-singleturn|p2a: Kangaskhan|Protect\n|move|p1b: Rotom|Will-O-Wisp|p2a: Kangaskhan\n|-activate|p2a: Kangaskhan|move: Protect\n|move|p1a: Milotic|Ice Beam|p2b: Goodra\n|-damage|p2b: Goodra|76/100 brn\n|move|p2b: Goodra|Body Press|p1b: Rotom\n|-damage|p1b: Rotom|0 fnt\n|faint|p1b: Rotom\n|\n|-heal|p2b: Goodra|82/100 brn|[from] item: Leftovers\n|-damage|p2b: Goodra|76/100 brn|[from] brn\n|upkeep\n|\n|t:|1776477001\n|switch|p1b: Garchomp|Garchomp, L50, M|100/100\n|turn|8\n|\n|t:|1776477016\n|move|p1b: Garchomp|Dragon Claw|p2a: Kangaskhan\n|-damage|p2a: Kangaskhan|64/100\n|move|p2a: Kangaskhan|Bite|p1a: Milotic\n|-damage|p1a: Milotic|90/100\n|-damage|p1a: Milotic|88/100\n|-hitcount|p1a: Milotic|2\n|cant|p1a: Milotic|flinch\n|move|p2b: Goodra|Body Press|p1b: Garchomp\n|-damage|p1b: Garchomp|50/100\n|-damage|p2b: Goodra|64/100 brn|[from] ability: Rough Skin|[of] p1b: Garchomp\n|\n|-heal|p1a: Milotic|94/100|[from] item: Leftovers\n|-heal|p2b: Goodra|69/100 brn|[from] item: Leftovers\n|-damage|p2b: Goodra|64/100 brn|[from] brn\n|upkeep\n|turn|9\n|\n|t:|1776477053\n|move|p2a: Kangaskhan|Protect|p2a: Kangaskhan\n|-singleturn|p2a: Kangaskhan|Protect\n|move|p1b: Garchomp|Dragon Claw|p2a: Kangaskhan\n|-activate|p2a: Kangaskhan|move: Protect\n|move|p1a: Milotic|Hydro Pump|p2a: Kangaskhan\n|-activate|p2a: Kangaskhan|move: Protect\n|move|p2b: Goodra|Body Press|p1a: Milotic\n|-damage|p1a: Milotic|71/100\n|\n|-heal|p1a: Milotic|78/100|[from] item: Leftovers\n|-heal|p2b: Goodra|69/100 brn|[from] item: Leftovers\n|-damage|p2b: Goodra|64/100 brn|[from] brn\n|upkeep\n|turn|10\n|\n|t:|1776477067\n|move|p1b: Garchomp|Dragon Claw|p2a: Kangaskhan\n|-damage|p2a: Kangaskhan|25/100\n|move|p2a: Kangaskhan|Bite|p1a: Milotic\n|-damage|p1a: Milotic|68/100\n|-damage|p1a: Milotic|66/100\n|-hitcount|p1a: Milotic|2\n|cant|p1a: Milotic|flinch\n|move|p2b: Goodra|Body Press|p1b: Garchomp\n|-damage|p1b: Garchomp|7/100\n|-damage|p2b: Goodra|51/100 brn|[from] ability: Rough Skin|[of] p1b: Garchomp\n|\n|-heal|p1a: Milotic|72/100|[from] item: Leftovers\n|-heal|p2b: Goodra|57/100 brn|[from] item: Leftovers\n|-damage|p2b: Goodra|51/100 brn|[from] brn\n|upkeep\n|turn|11\n|\n|t:|1776477095\n|move|p1b: Garchomp|Dragon Claw|p2a: Kangaskhan\n|-damage|p2a: Kangaskhan|0 fnt\n|faint|p2a: Kangaskhan\n|move|p1a: Milotic|Coil|p1a: Milotic\n|-boost|p1a: Milotic|atk|1\n|-boost|p1a: Milotic|def|1\n|-boost|p1a: Milotic|accuracy|1\n|move|p2b: Goodra|Body Press|p1b: Garchomp\n|-damage|p1b: Garchomp|0 fnt\n|-damage|p2b: Goodra|39/100 brn|[from] ability: Rough Skin|[of] p1b: Garchomp\n|faint|p1b: Garchomp\n|\n|-heal|p1a: Milotic|79/100|[from] item: Leftovers\n|-heal|p2b: Goodra|45/100 brn|[from] item: Leftovers\n|-damage|p2b: Goodra|39/100 brn|[from] brn\n|upkeep\n|\n|t:|1776477100\n|switch|p2a: Incineroar|Incineroar, L50, F|100/100\n|-ability|p2a: Incineroar|Intimidate|boost\n|-unboost|p1a: Milotic|atk|1\n|-ability|p1a: Milotic|Competitive|boost\n|-boost|p1a: Milotic|spa|2\n|turn|12\n|\n|t:|1776477122\n|move|p2a: Incineroar|Fake Out|p1a: Milotic\n|-damage|p1a: Milotic|73/100\n|cant|p1a: Milotic|flinch\n|move|p2b: Goodra|Body Press|p1a: Milotic\n|-damage|p1a: Milotic|55/100\n|\n|-heal|p1a: Milotic|61/100|[from] item: Leftovers\n|-heal|p2b: Goodra|45/100 brn|[from] item: Leftovers\n|-damage|p2b: Goodra|39/100 brn|[from] brn\n|upkeep\n|turn|13\n|\n|t:|1776477154\n|move|p2a: Incineroar|Will-O-Wisp|p1a: Milotic|[miss]\n|-miss|p2a: Incineroar|p1a: Milotic\n|move|p1a: Milotic|Hydro Pump|p2a: Incineroar\n|-supereffective|p2a: Incineroar|1\n|-damage|p2a: Incineroar|0 fnt\n|faint|p2a: Incineroar\n|move|p2b: Goodra|Body Press|p2: Incineroar|[notarget]\n|-fail|p2b: Goodra\n|\n|-heal|p1a: Milotic|68/100|[from] item: Leftovers\n|-heal|p2b: Goodra|45/100 brn|[from] item: Leftovers\n|-damage|p2b: Goodra|39/100 brn|[from] brn\n|upkeep\n|turn|14\n|-message|sleeping777 forfeited.\n|\n|win|mrdragon20008\n|raw|mrdragon20008's rating: 1129 &rarr; <strong>1159</strong><br />(+30 for winning)\n|raw|sleeping777's rating: 1194 &rarr; <strong>1164</strong><br />(-30 for losing)\n|l|\u2606sleeping777\n|player|p2|\n",
  "uploadtime": 1776477168,
  "views": 22,
  "formatid": "gen9championsvgc2026regma",
  "rating": 1159,
  "private": 0,
  "password": null
}