{
  "id": "gen9championsvgc2026regma-2581743534",
  "format": "[Gen 9 Champions] VGC 2026 Reg M-A",
  "players": [
    "BlackRhino825",
    "mister meanor"
  ],
  "log": "|j|\u2606BlackRhino825\n|j|\u2606mister meanor\n|t:|1776025012\n|gametype|doubles\n|player|p1|BlackRhino825|102|1070\n|player|p2|mister meanor|266|1131\n|gen|9\n|tier|[Gen 9 Champions] VGC 2026 Reg M-A\n|rated|\n|rule|Species Clause: Limit one of each Pok\u00e9mon\n|rule|Item Clause: Limit 1 of each item\n|clearpoke\n|poke|p1|Drampa, L50, F|\n|poke|p1|Incineroar, L50, F|\n|poke|p1|Mimikyu, L50, M|\n|poke|p1|Basculegion, L50, M|\n|poke|p1|Clefable, L50, M|\n|poke|p1|Aerodactyl, L50, F|\n|poke|p2|Ninetales-Alola, L50, M|\n|poke|p2|Incineroar, L50, F|\n|poke|p2|Primarina, L50, M|\n|poke|p2|Sinistcha-Masterpiece, L50|\n|poke|p2|Lopunny, L50, F|\n|poke|p2|Glimmora, L50, F|\n|teampreview|4\n|inactive|Battle timer is ON: inactive players will automatically lose when time's up. (requested by BlackRhino825)\n|inactive|BlackRhino825 has 60 seconds left.\n|inactive|mister meanor has 60 seconds left.\n|inactive|mister meanor has 30 seconds left.\n|inactive|mister meanor has 20 seconds left.\nBlackRhino825 rejected open team sheets.\n|inactive|mister meanor has 15 seconds left.\n|\n|t:|1776025092\n|teamsize|p1|4\n|teamsize|p2|4\n|start\n|switch|p1a: Mimikyu|Mimikyu, L50, M|100/100\n|switch|p1b: Drampa|Drampa, L50, F|100/100\n|switch|p2a: Ninetales|Ninetales-Alola, L50, M|100/100\n|switch|p2b: Incineroar|Incineroar, L50, F|100/100\n|-weather|Snowscape|[from] ability: Snow Warning|[of] p2a: Ninetales\n|-ability|p2b: Incineroar|Intimidate|boost\n|-unboost|p1a: Mimikyu|atk|1\n|-unboost|p1b: Drampa|atk|1\n|turn|1\n|inactive|BlackRhino825 has 30 seconds left.\n|\n|t:|1776025123\n|detailschange|p1b: Drampa|Drampa-Mega, L50, F\n|-mega|p1b: Drampa|Drampa|Drampanite\n|move|p1b: Drampa|Protect|p1b: Drampa\n|-singleturn|p1b: Drampa|Protect\n|move|p2b: Incineroar|Fake Out|p1b: Drampa\n|-activate|p1b: Drampa|move: Protect\n|move|p2a: Ninetales|Aurora Veil|p2a: Ninetales\n|-sidestart|p2: mister meanor|move: Aurora Veil\n|move|p1a: Mimikyu|Trick Room|p1a: Mimikyu\n|-fieldstart|move: Trick Room|[of] p1a: Mimikyu\n|\n|-weather|Snowscape|[upkeep]\n|upkeep\n|turn|2\n|inactive|BlackRhino825 has 30 seconds left.\n|\n|t:|1776025149\n|switch|p1a: Incineroar|Incineroar, L50, F|100/100\n|-ability|p1a: Incineroar|Intimidate|boost\n|-unboost|p2a: Ninetales|atk|1\n|-unboost|p2b: Incineroar|atk|1\n|move|p1b: Drampa|Calm Mind|p1b: Drampa\n|-boost|p1b: Drampa|spa|1\n|-boost|p1b: Drampa|spd|1\n|move|p2b: Incineroar|Parting Shot|p1b: Drampa\n|-unboost|p1b: Drampa|atk|1\n|-unboost|p1b: Drampa|spa|1\n|\n|t:|1776025162\n|switch|p2b: Primarina|Primarina, L50, M|100/100|[from] Parting Shot\n|move|p2a: Ninetales|Blizzard|p1b: Drampa|[spread] p1a,p1b\n|-resisted|p1a: Incineroar|1\n|-supereffective|p1b: Drampa|1\n|-damage|p1a: Incineroar|86/100\n|-damage|p1b: Drampa|62/100\n|\n|-weather|Snowscape|[upkeep]\n|upkeep\n|turn|3\n|\n|t:|1776025180\n|switch|p2a: Incineroar|Incineroar, L50, F|100/100\n|-ability|p2a: Incineroar|Intimidate|boost\n|-unboost|p1a: Incineroar|atk|1\n|-unboost|p1b: Drampa|atk|1\n|move|p1a: Incineroar|Fake Out|p2b: Primarina\n|-damage|p2b: Primarina|95/100\n|move|p1b: Drampa|Hyper Voice|p2b: Primarina|[spread] p2a,p2b\n|-damage|p2a: Incineroar|75/100\n|-damage|p2b: Primarina|65/100\n|cant|p2b: Primarina|flinch\n|\n|-weather|Snowscape|[upkeep]\n|upkeep\n|turn|4\n|inactive|BlackRhino825 has 30 seconds left.\n|\n|t:|1776025209\n|switch|p1b: Mimikyu|Mimikyu, L50, M|100/100\n|move|p2a: Incineroar|Fake Out|p1b: Mimikyu\n|-immune|p1b: Mimikyu\n|move|p2b: Primarina|Moonblast|p1b: Mimikyu\n|-activate|p1b: Mimikyu|ability: Disguise\n|-damage|p1b: Mimikyu|100/100\n|detailschange|p1b: Mimikyu|Mimikyu-Busted, L50, M\n|-damage|p1b: Mimikyu|88/100|[from] pokemon: Mimikyu-Busted\n|move|p1a: Incineroar|Taunt|p2a: Incineroar\n|-start|p2a: Incineroar|move: Taunt\n|\n|-weather|Snowscape|[upkeep]\n|upkeep\n|turn|5\n|\n|t:|1776025228\n|switch|p2a: Glimmora|Glimmora, L50, F|100/100\n|move|p1b: Mimikyu|Protect|p1b: Mimikyu\n|-singleturn|p1b: Mimikyu|Protect\n|move|p2b: Primarina|Hyper Voice|p1b: Mimikyu|[spread] p1a\n|-activate|p1b: Mimikyu|move: Protect\n|-supereffective|p1a: Incineroar|1\n|-damage|p1a: Incineroar|14/100\n|-enditem|p1a: Incineroar|Sitrus Berry|[eat]\n|-heal|p1a: Incineroar|39/100|[from] item: Sitrus Berry\n|move|p1a: Incineroar|Parting Shot|p2b: Primarina\n|-unboost|p2b: Primarina|atk|1\n|-unboost|p2b: Primarina|spa|1\n|\n|t:|1776025242\n|switch|p1a: Clefable|Clefable, L50, M|100/100|[from] Parting Shot\n|\n|-weather|none\n|-sideend|p2: mister meanor|move: Aurora Veil\n|-fieldend|move: Trick Room\n|upkeep\n|turn|6\n|inactive|mister meanor has 30 seconds left.\n|\n|t:|1776025268\n|switch|p2b: Ninetales|Ninetales-Alola, L50, M|100/100\n|-weather|Snowscape|[from] ability: Snow Warning|[of] p2b: Ninetales\n|detailschange|p2a: Glimmora|Glimmora-Mega, L50, F\n|-mega|p2a: Glimmora|Glimmora|Glimmoranite\n|move|p1a: Clefable|Follow Me|p1a: Clefable\n|-singleturn|p1a: Clefable|move: Follow Me\n|move|p2a: Glimmora|Flash Cannon|p1a: Clefable\n|-supereffective|p1a: Clefable|1\n|-damage|p1a: Clefable|36/100\n|move|p1b: Mimikyu|Trick Room|p1b: Mimikyu\n|-fieldstart|move: Trick Room|[of] p1b: Mimikyu\n|\n|-weather|Snowscape|[upkeep]\n|-heal|p1a: Clefable|42/100|[from] item: Leftovers\n|upkeep\n|turn|7\n|inactive|BlackRhino825 has 30 seconds left.\n|\n|t:|1776025294\n|switch|p1b: Incineroar|Incineroar, L50, F|39/100\n|-ability|p1b: Incineroar|Intimidate|boost\n|-unboost|p2a: Glimmora|atk|1\n|-unboost|p2b: Ninetales|atk|1\n|move|p1a: Clefable|Life Dew|p1a: Clefable|[spread] p1a,p1b\n|-heal|p1a: Clefable|67/100\n|-heal|p1b: Incineroar|64/100\n|move|p2a: Glimmora|Flash Cannon|p1b: Incineroar\n|-resisted|p1b: Incineroar|1\n|-damage|p1b: Incineroar|50/100\n|move|p2b: Ninetales|Aurora Veil|p2b: Ninetales\n|-sidestart|p2: mister meanor|move: Aurora Veil\n|\n|-weather|Snowscape|[upkeep]\n|-heal|p1a: Clefable|73/100|[from] item: Leftovers\n|upkeep\n|turn|8\n|inactive|BlackRhino825 has 30 seconds left.\n|\n|t:|1776025323\n|switch|p2b: Incineroar|Incineroar, L50, F|75/100\n|-ability|p2b: Incineroar|Intimidate|boost\n|-unboost|p1a: Clefable|atk|1\n|-unboost|p1b: Incineroar|atk|1\n|move|p2a: Glimmora|Spiky Shield|p2a: Glimmora\n|-singleturn|p2a: Glimmora|move: Protect\n|move|p1a: Clefable|Life Dew|p1a: Clefable|[spread] p1a,p1b\n|-heal|p1a: Clefable|99/100\n|-heal|p1b: Incineroar|76/100\n|move|p1b: Incineroar|Parting Shot|p2a: Glimmora\n|-activate|p2a: Glimmora|move: Protect\n|\n|-weather|Snowscape|[upkeep]\n|-heal|p1a: Clefable|100/100|[from] item: Leftovers\n|upkeep\n|turn|9\n|inactive|mister meanor has 30 seconds left.\n|inactive|mister meanor has 20 seconds left.\n|inactive|mister meanor has 15 seconds left.\n|inactive|mister meanor has 10 seconds left.\n|\n|t:|1776025369\n|move|p2b: Incineroar|Fake Out|p1b: Incineroar\n|-damage|p1b: Incineroar|66/100\n|move|p1a: Clefable|Follow Me|p1a: Clefable\n|-singleturn|p1a: Clefable|move: Follow Me\n|cant|p1b: Incineroar|flinch\n|move|p2a: Glimmora|Flash Cannon|p1a: Clefable\n|-supereffective|p1a: Clefable|1\n|-damage|p1a: Clefable|43/100\n|\n|-weather|Snowscape|[upkeep]\n|-heal|p1a: Clefable|49/100|[from] item: Leftovers\n|upkeep\n|turn|10\n|\n|t:|1776025388\n|switch|p2b: Primarina|Primarina, L50, M|65/100\n|move|p2a: Glimmora|Spiky Shield|p2a: Glimmora\n|-singleturn|p2a: Glimmora|move: Protect\n|move|p1a: Clefable|Life Dew|p1a: Clefable|[spread] p1a,p1b\n|-heal|p1a: Clefable|74/100\n|-heal|p1b: Incineroar|91/100\n|move|p1b: Incineroar|Parting Shot|p2a: Glimmora\n|-activate|p2a: Glimmora|move: Protect\n|\n|-weather|none\n|-heal|p1a: Clefable|80/100|[from] item: Leftovers\n|-fieldend|move: Trick Room\n|upkeep\n|turn|11\n|\n|t:|1776025403\n|move|p1a: Clefable|Follow Me|p1a: Clefable\n|-singleturn|p1a: Clefable|move: Follow Me\n|move|p2a: Glimmora|Flash Cannon|p1a: Clefable\n|-supereffective|p1a: Clefable|1\n|-damage|p1a: Clefable|26/100\n|move|p1b: Incineroar|Parting Shot|p2b: Primarina\n|-unboost|p2b: Primarina|atk|1\n|-unboost|p2b: Primarina|spa|1\n|\n|t:|1776025411\n|switch|p1b: Mimikyu|Mimikyu-Busted, L50, M|88/100|[from] Parting Shot\n|move|p2b: Primarina|Hyper Voice|p1a: Clefable|[spread] p1a,p1b\n|-damage|p1a: Clefable|1/100\n|-damage|p1b: Mimikyu|68/100\n|\n|-heal|p1a: Clefable|7/100|[from] item: Leftovers\n|-sideend|p2: mister meanor|move: Aurora Veil\n|upkeep\n|turn|12\n|inactive|mister meanor has 30 seconds left.\n|\n|t:|1776025439\n|switch|p1a: Incineroar|Incineroar, L50, F|91/100\n|-ability|p1a: Incineroar|Intimidate|boost\n|-unboost|p2a: Glimmora|atk|1\n|-unboost|p2b: Primarina|atk|1\n|move|p1b: Mimikyu|Protect|p1b: Mimikyu\n|-singleturn|p1b: Mimikyu|Protect\n|move|p2a: Glimmora|Flash Cannon|p1a: Incineroar\n|-resisted|p1a: Incineroar|1\n|-damage|p1a: Incineroar|77/100\n|move|p2b: Primarina|Encore|p1b: Mimikyu\n|-activate|p1b: Mimikyu|move: Protect\n|\n|upkeep\n|turn|13\n|inactive|BlackRhino825 has 30 seconds left.\n|inactive|mister meanor has 30 seconds left.\n|\n|t:|1776025470\n|move|p2a: Glimmora|Spiky Shield|p2a: Glimmora\n|-singleturn|p2a: Glimmora|move: Protect\n|move|p1a: Incineroar|Fake Out|p2a: Glimmora\n|-activate|p2a: Glimmora|move: Protect\n|-damage|p1a: Incineroar|65/100|[from] Spiky Shield|[of] p2a: Glimmora\n|move|p2b: Primarina|Encore|p1a: Incineroar\n|-start|p1a: Incineroar|Encore\n|move|p1b: Mimikyu|Trick Room|p1b: Mimikyu\n|-fieldstart|move: Trick Room|[of] p1b: Mimikyu\n|\n|upkeep\n|turn|14\n|inactive|BlackRhino825 has 30 seconds left.\n|inactive|mister meanor has 30 seconds left.\n|inactive|mister meanor has 20 seconds left.\n|\n|t:|1776025507\n|switch|p1a: Clefable|Clefable, L50, M|7/100\n|move|p2b: Primarina|Hyper Voice|p1a: Clefable|[spread] p1a,p1b\n|-damage|p1a: Clefable|0 fnt\n|-damage|p1b: Mimikyu|49/100\n|faint|p1a: Clefable\n|move|p1b: Mimikyu|Play Rough|p2b: Primarina\n|-damage|p2b: Primarina|26/100\n|move|p2a: Glimmora|Flash Cannon|p1b: Mimikyu\n|-supereffective|p1b: Mimikyu|1\n|-damage|p1b: Mimikyu|4/100\n|-unboost|p1b: Mimikyu|spd|1\n|\n|upkeep\n|\n|t:|1776025521\n|switch|p1a: Drampa|Drampa-Mega, L50, F|62/100\n|turn|15\n|\n|t:|1776025546\n|switch|p2a: Incineroar|Incineroar, L50, F|75/100\n|-ability|p2a: Incineroar|Intimidate|boost\n|-unboost|p1a: Drampa|atk|1\n|-unboost|p1b: Mimikyu|atk|1\n|move|p1a: Drampa|Protect|p1a: Drampa\n|-singleturn|p1a: Drampa|Protect\n|move|p2b: Primarina|Hyper Voice|p1a: Drampa|[spread] p1b\n|-activate|p1a: Drampa|move: Protect\n|-damage|p1b: Mimikyu|0 fnt\n|faint|p1b: Mimikyu\n|\n|upkeep\n|\n|t:|1776025557\n|switch|p1b: Incineroar|Incineroar, L50, F|65/100\n|-ability|p1b: Incineroar|Intimidate|boost\n|-unboost|p2a: Incineroar|atk|1\n|-unboost|p2b: Primarina|atk|1\n|turn|16\n|\n|t:|1776025569\n|move|p2b: Primarina|Protect|p2b: Primarina\n|-singleturn|p2b: Primarina|Protect\n|move|p2a: Incineroar|Fake Out|p1b: Incineroar\n|-damage|p1b: Incineroar|57/100\n|cant|p1b: Incineroar|flinch\n|move|p1a: Drampa|Calm Mind|p1a: Drampa\n|-boost|p1a: Drampa|spa|1\n|-boost|p1a: Drampa|spd|1\n|\n|upkeep\n|turn|17\n|inactive|BlackRhino825 has 30 seconds left.\n|\n|t:|1776025600\n|move|p1a: Drampa|Hyper Voice|p2b: Primarina|[spread] p2a,p2b\n|-damage|p2a: Incineroar|15/100\n|-damage|p2b: Primarina|0 fnt\n|-enditem|p2a: Incineroar|Sitrus Berry|[eat]\n|-heal|p2a: Incineroar|40/100|[from] item: Sitrus Berry\n|faint|p2b: Primarina\n|move|p2a: Incineroar|Parting Shot|p1a: Drampa\n|-unboost|p1a: Drampa|atk|1\n|-unboost|p1a: Drampa|spa|1\n|\n|t:|1776025615\n|switch|p2a: Glimmora|Glimmora-Mega, L50, F|100/100|[from] Parting Shot\n|move|p1b: Incineroar|Taunt|p2a: Glimmora\n|-start|p2a: Glimmora|move: Taunt\n|\n|-fieldend|move: Trick Room\n|upkeep\n|\n|t:|1776025625\n|switch|p2b: Incineroar|Incineroar, L50, F|40/100\n|-ability|p2b: Incineroar|Intimidate|boost\n|-unboost|p1a: Drampa|atk|1\n|-unboost|p1b: Incineroar|atk|1\n|turn|18\n|\n|t:|1776025640\n|move|p1a: Drampa|Protect|p1a: Drampa\n|-singleturn|p1a: Drampa|Protect\n|move|p2b: Incineroar|Fake Out|p1a: Drampa\n|-activate|p1a: Drampa|move: Protect\n|move|p2a: Glimmora|Power Gem|p1b: Incineroar\n|-supereffective|p1b: Incineroar|1\n|-crit|p1b: Incineroar\n|-damage|p1b: Incineroar|0 fnt\n|faint|p1b: Incineroar\n|\n|upkeep\n|turn|19\n|inactive|BlackRhino825 has 30 seconds left.\n|\n|t:|1776025657\n|move|p2a: Glimmora|Power Gem|p1a: Drampa\n|-damage|p1a: Drampa|29/100\n|-ability|p1a: Drampa|Berserk|boost\n|-boost|p1a: Drampa|spa|1\n|move|p2b: Incineroar|Parting Shot|p1a: Drampa\n|-unboost|p1a: Drampa|atk|1\n|-unboost|p1a: Drampa|spa|1\n|\n|t:|1776025663\n|switch|p2b: Ninetales|Ninetales-Alola, L50, M|100/100|[from] Parting Shot\n|-weather|Snowscape|[from] ability: Snow Warning|[of] p2b: Ninetales\n|move|p1a: Drampa|Earth Power|p2a: Glimmora\n|-supereffective|p2a: Glimmora|2\n|-damage|p2a: Glimmora|0 fnt\n|faint|p2a: Glimmora\n|\n|-weather|Snowscape|[upkeep]\n|upkeep\n|inactive|mister meanor has 30 seconds left.\n|\n|t:|1776025672\n|switch|p2a: Incineroar|Incineroar, L50, F|40/100\n|-ability|p2a: Incineroar|Intimidate|boost\n|-unboost|p1a: Drampa|atk|1\n|turn|20\n|inactive|BlackRhino825 has 30 seconds left this turn.\n|inactive|mister meanor has 30 seconds left this turn.\n|-message|BlackRhino825 forfeited.\n|\n|win|mister meanor\n|raw|BlackRhino825's rating: 1070 &rarr; <strong>1053</strong><br />(-17 for losing)\n|raw|mister meanor's rating: 1131 &rarr; <strong>1152</strong><br />(+21 for winning)\n|l|\u2606BlackRhino825\n|player|p1|\n",
  "uploadtime": 1776025682,
  "views": 14,
  "formatid": "gen9championsvgc2026regma",
  "rating": 1053,
  "private": 0,
  "password": null
}