{
  "id": "gen9championsvgc2026regma-2582290327",
  "format": "[Gen 9 Champions] VGC 2026 Reg M-A",
  "players": [
    "I am a guineapig",
    "LIcker1234"
  ],
  "log": "|j|\u2606I am a guineapig\n|j|\u2606LIcker1234\n|t:|1776080280\n|gametype|doubles\n|player|p1|I am a guineapig|fisherman-gen4|1095\n|player|p2|LIcker1234|2|1000\n|gen|9\n|tier|[Gen 9 Champions] VGC 2026 Reg M-A\n|rated|\n|rule|Species Clause: Limit one of each Pok\u00e9mon\n|rule|Item Clause: Limit 1 of each item\n|clearpoke\n|poke|p1|Charizard, L50, M|\n|poke|p1|Venusaur, L50, M|\n|poke|p1|Garchomp, L50, M|\n|poke|p1|Rotom-Wash, L50|\n|poke|p1|Sneasler, L50, F|\n|poke|p1|Incineroar, L50, M|\n|poke|p2|Golurk, L50|\n|poke|p2|Venusaur, L50, M|\n|poke|p2|Torkoal, L50, F|\n|poke|p2|Incineroar, L50, M|\n|poke|p2|Farigiraf, L50, F|\n|poke|p2|Sneasler, L50, F|\n|teampreview|4\n|inactive|Battle timer is ON: inactive players will automatically lose when time's up. (requested by I am a guineapig)\n|inactive|I am a guineapig has 60 seconds left.\n|inactive|LIcker1234 has 60 seconds left.\n|\n|t:|1776080324\n|teamsize|p1|4\n|teamsize|p2|4\n|start\n|switch|p1a: Venusaur|Venusaur, L50, M|100/100\n|switch|p1b: Incineroar|Incineroar, L50, M|100/100\n|switch|p2a: Venusaur|Venusaur, L50, M|100/100\n|switch|p2b: Incineroar|Incineroar, L50, M|100/100\n|-ability|p1b: Incineroar|Intimidate|boost\n|-unboost|p2a: Venusaur|atk|1\n|-unboost|p2b: Incineroar|atk|1\n|-ability|p2b: Incineroar|Intimidate|boost\n|-unboost|p1a: Venusaur|atk|1\n|-unboost|p1b: Incineroar|atk|1\n|turn|1\n|\n|t:|1776080343\n|move|p2a: Venusaur|Protect|p2a: Venusaur\n|-singleturn|p2a: Venusaur|Protect\n|move|p1b: Incineroar|Fake Out|p2b: Incineroar\n|-damage|p2b: Incineroar|94/100\n|cant|p2b: Incineroar|flinch\n|move|p1a: Venusaur|Sleep Powder|p2b: Incineroar|[miss]\n|-miss|p1a: Venusaur|p2b: Incineroar\n|\n|upkeep\n|turn|2\n|\n|t:|1776080367\n|move|p1a: Venusaur|Sleep Powder|p2b: Incineroar\n|-status|p2b: Incineroar|slp|[from] move: Sleep Powder\n|move|p2a: Venusaur|Sludge Bomb|p1b: Incineroar\n|-damage|p1b: Incineroar|60/100\n|-status|p1b: Incineroar|psn\n|cant|p2b: Incineroar|slp\n|move|p1b: Incineroar|Flare Blitz|p2a: Venusaur\n|-supereffective|p2a: Venusaur|1\n|-enditem|p2a: Venusaur|Focus Sash\n|-damage|p2a: Venusaur|1/100\n|-damage|p1b: Incineroar|35/100 psn|[from] Recoil\n|-enditem|p1b: Incineroar|Sitrus Berry|[eat]\n|-heal|p1b: Incineroar|59/100 psn|[from] item: Sitrus Berry\n|\n|-damage|p1b: Incineroar|47/100 psn|[from] psn\n|upkeep\n|turn|3\n|inactive|LIcker1234 has 30 seconds left.\n|\n|t:|1776080395\n|move|p2a: Venusaur|Sludge Bomb|p1b: Incineroar\n|-damage|p1b: Incineroar|11/100 psn\n|move|p1a: Venusaur|Sludge Bomb|p2b: Incineroar\n|-damage|p2b: Incineroar|54/100 slp\n|-curestatus|p2b: Incineroar|slp|[msg]\n|move|p2b: Incineroar|Parting Shot|p1a: Venusaur\n|-unboost|p1a: Venusaur|atk|1\n|-unboost|p1a: Venusaur|spa|1\n|\n|t:|1776080406\n|switch|p2b: Sneasler|Sneasler, L50, F|100/100|[from] Parting Shot\n|move|p1b: Incineroar|Parting Shot|p2b: Sneasler\n|-unboost|p2b: Sneasler|atk|1\n|-unboost|p2b: Sneasler|spa|1\n|\n|t:|1776080415\n|switch|p1b: Rotom|Rotom-Wash, L50|100/100|[from] Parting Shot\n|-enditem|p2b: Sneasler|White Herb\n|-clearnegativeboost|p2b: Sneasler|[silent]\n|\n|upkeep\n|turn|4\n|inactive|LIcker1234 has 30 seconds left.\n|inactive|LIcker1234 has 20 seconds left.\n|\n|t:|1776080451\n|switch|p1b: Incineroar|Incineroar, L50, M|11/100 psn\n|-ability|p1b: Incineroar|Intimidate|boost\n|-unboost|p2a: Venusaur|atk|1\n|-unboost|p2b: Sneasler|atk|1\n|move|p1a: Venusaur|Protect|p1a: Venusaur\n|-singleturn|p1a: Venusaur|Protect\n|move|p2b: Sneasler|Close Combat|p1a: Venusaur\n|-activate|p1a: Venusaur|move: Protect\n|move|p2a: Venusaur|Sleep Powder||[still]\n|-fail|p2a: Venusaur\n|\n|-damage|p1b: Incineroar|0 fnt|[from] psn\n|faint|p1b: Incineroar\n|upkeep\n|\n|t:|1776080470\n|switch|p1b: Charizard|Charizard, L50, M|100/100\n|turn|5\n|\n|t:|1776080484\n|move|p2b: Sneasler|Dire Claw|p1b: Charizard\n|-damage|p1b: Charizard|63/100\n|move|p1b: Charizard|Heat Wave|p2b: Sneasler|[spread] p2a,p2b\n|-supereffective|p2a: Venusaur|1\n|-damage|p2a: Venusaur|0 fnt\n|-damage|p2b: Sneasler|58/100\n|-status|p2b: Sneasler|brn\n|faint|p2a: Venusaur\n|move|p1a: Venusaur|Sleep Powder|p2b: Sneasler|[miss]\n|-miss|p1a: Venusaur|p2b: Sneasler\n|\n|-damage|p2b: Sneasler|52/100 brn|[from] brn\n|upkeep\n|\n|t:|1776080496\n|switch|p2a: Farigiraf|Farigiraf, L50, F|100/100\n|turn|6\n|\n|t:|1776080503\n|detailschange|p1b: Charizard|Charizard-Mega-Y, L50, M\n|-mega|p1b: Charizard|Charizard|Charizardite Y\n|-weather|SunnyDay|[from] ability: Drought|[of] p1b: Charizard\n|move|p2a: Farigiraf|Helping Hand|p2b: Sneasler\n|-singleturn|p2b: Sneasler|Helping Hand|[of] p2a: Farigiraf\n|move|p2b: Sneasler|Dire Claw|p1b: Charizard\n|-damage|p1b: Charizard|38/100\n|move|p1a: Venusaur|Leaf Storm|p2a: Farigiraf\n|-damage|p2a: Farigiraf|67/100\n|-unboost|p1a: Venusaur|spa|2\n|move|p1b: Charizard|Heat Wave|p2a: Farigiraf|[spread] p2a,p2b\n|-damage|p2a: Farigiraf|8/100\n|-damage|p2b: Sneasler|0 fnt\n|-enditem|p2a: Farigiraf|Sitrus Berry|[eat]\n|-heal|p2a: Farigiraf|32/100|[from] item: Sitrus Berry\n|faint|p2b: Sneasler\n|\n|-weather|SunnyDay|[upkeep]\n|upkeep\n|\n|t:|1776080515\n|switch|p2b: Incineroar|Incineroar, L50, M|54/100\n|-ability|p2b: Incineroar|Intimidate|boost\n|-unboost|p1a: Venusaur|atk|1\n|-unboost|p1b: Charizard|atk|1\n|turn|7\n|\n|t:|1776080531\n|move|p2b: Incineroar|Fake Out|p1b: Charizard\n|-damage|p1b: Charizard|23/100\n|move|p1a: Venusaur|Sleep Powder|p2a: Farigiraf|[miss]\n|-miss|p1a: Venusaur|p2a: Farigiraf\n|cant|p1b: Charizard|flinch\n|move|p2a: Farigiraf|Psychic|p1a: Venusaur\n|-supereffective|p1a: Venusaur|1\n|-damage|p1a: Venusaur|15/100\n|\n|-weather|SunnyDay|[upkeep]\n|upkeep\n|turn|8\n|inactive|LIcker1234 has 30 seconds left.\n|\n|t:|1776080563\n|move|p1a: Venusaur|Sludge Bomb|p2b: Incineroar\n|-damage|p2b: Incineroar|37/100\n|move|p1b: Charizard|Weather Ball|p2a: Farigiraf\n|-damage|p2a: Farigiraf|0 fnt\n|faint|p2a: Farigiraf\n|move|p2b: Incineroar|Throat Chop|p1b: Charizard\n|-damage|p1b: Charizard|0 fnt\n|faint|p1b: Charizard\n|\n|-weather|SunnyDay|[upkeep]\n|upkeep\n|\n|t:|1776080573\n|switch|p1b: Rotom|Rotom-Wash, L50|100/100\n|turn|9\n|\n|t:|1776080582\n|move|p1a: Venusaur|Sludge Bomb|p2b: Incineroar\n|-damage|p2b: Incineroar|22/100\n|move|p1b: Rotom|Thunderbolt|p2b: Incineroar\n|-damage|p2b: Incineroar|0 fnt\n|faint|p2b: Incineroar\n|\n|win|I am a guineapig\n|raw|I am a guineapig's rating: 1095 &rarr; <strong>1114</strong><br />(+19 for winning)\n|raw|LIcker1234's rating: 1000 &rarr; <strong>1000</strong><br />(+0 for losing)\n",
  "uploadtime": 1776080589,
  "views": 35,
  "formatid": "gen9championsvgc2026regma",
  "rating": 1000,
  "private": 0,
  "password": null
}