{
  "id": "gen9championsvgc2026regma-2582080607",
  "format": "[Gen 9 Champions] VGC 2026 Reg M-A",
  "players": [
    "Anne_ChovyVGC",
    "knuckels55"
  ],
  "log": "|j|\u2606Anne_ChovyVGC\n|j|\u2606knuckels55\n|t:|1776055420\n|gametype|doubles\n|player|p1|Anne_ChovyVGC|skierf-gen4dp|1115\n|player|p2|knuckels55|biker-gen4|1042\n|gen|9\n|tier|[Gen 9 Champions] VGC 2026 Reg M-A\n|rated|\n|rule|Species Clause: Limit one of each Pok\u00e9mon\n|rule|Item Clause: Limit 1 of each item\n|clearpoke\n|poke|p1|Lucario, L50, F|\n|poke|p1|Incineroar, L50, M|\n|poke|p1|Hawlucha, L50, M|\n|poke|p1|Sinistcha, L50|\n|poke|p1|Kingambit, L50, F|\n|poke|p1|Aerodactyl, L50, F|\n|poke|p2|Appletun, L50, M|\n|poke|p2|Machamp, L50, M|\n|poke|p2|Crabominable, L50, F|\n|poke|p2|Drampa, L50, F|\n|poke|p2|Oranguru, L50, M|\n|poke|p2|Lycanroc-Midnight, L50, M|\n|teampreview|4\n|inactive|Battle timer is ON: inactive players will automatically lose when time's up. (requested by knuckels55)\nknuckels55 rejected open team sheets.\n|inactive|Anne_ChovyVGC has 60 seconds left.\n|\n|t:|1776055477\n|teamsize|p1|4\n|teamsize|p2|4\n|start\n|switch|p1a: Incineroar|Incineroar, L50, M|100/100\n|switch|p1b: Kingambit|Kingambit, L50, F|100/100\n|switch|p2a: Oranguru|Oranguru, L50, M|100/100\n|switch|p2b: Crabominable|Crabominable, L50, F|100/100\n|-ability|p1a: Incineroar|Intimidate|boost\n|-fail|p2a: Oranguru|unboost|Attack|[from] ability: Inner Focus|[of] p2a: Oranguru\n|-fail|p2b: Crabominable|unboost|Attack|[from] ability: Hyper Cutter|[of] p2b: Crabominable\n|turn|1\n|\n|t:|1776055502\n|switch|p1b: Hawlucha|Hawlucha, L50, M|100/100\n|move|p1a: Incineroar|Fake Out|p2a: Oranguru\n|-damage|p2a: Oranguru|90/100\n|move|p2b: Crabominable|Bulk Up|p2b: Crabominable\n|-boost|p2b: Crabominable|atk|1\n|-boost|p2b: Crabominable|def|1\n|move|p2a: Oranguru|Trick Room|p2a: Oranguru\n|-fieldstart|move: Trick Room|[of] p2a: Oranguru\n|\n|upkeep\n|turn|2\n|\n|t:|1776055523\n|detailschange|p2b: Crabominable|Crabominable-Mega, L50, F\n|-mega|p2b: Crabominable|Crabominable|Crabominite\n|move|p1b: Hawlucha|Protect|p1b: Hawlucha\n|-singleturn|p1b: Hawlucha|Protect\n|move|p2b: Crabominable|Ice Hammer|p1b: Hawlucha\n|-activate|p1b: Hawlucha|move: Protect\n|move|p1a: Incineroar|Flare Blitz|p2b: Crabominable\n|-supereffective|p2b: Crabominable|1\n|-damage|p2b: Crabominable|50/100\n|-damage|p1a: Incineroar|81/100|[from] Recoil\n|move|p2a: Oranguru|Yawn|p1b: Hawlucha\n|-activate|p1b: Hawlucha|move: Protect\n|\n|upkeep\n|turn|3\n|\n|t:|1776055544\n|switch|p1b: Sinistcha|Sinistcha, L50|100/100\n|-heal|p1a: Incineroar|100/100|[from] ability: Hospitality|[of] p1b: Sinistcha\n|move|p2b: Crabominable|Drain Punch|p1a: Incineroar\n|-supereffective|p1a: Incineroar|1\n|-damage|p1a: Incineroar|0 fnt\n|-heal|p2b: Crabominable|93/100|[from] drain|[of] p1a: Incineroar\n|faint|p1a: Incineroar\n|move|p2a: Oranguru|Foul Play|p1b: Sinistcha\n|-supereffective|p1b: Sinistcha|1\n|-damage|p1b: Sinistcha|75/100\n|\n|upkeep\n|inactive|Anne_ChovyVGC has 30 seconds left.\n|\n|t:|1776055577\n|switch|p1a: Kingambit|Kingambit, L50, F|100/100\n|turn|4\n|inactive|knuckels55 has 30 seconds left.\n|\n|t:|1776055603\n|move|p1a: Kingambit|Protect|p1a: Kingambit\n|-singleturn|p1a: Kingambit|Protect\n|move|p1b: Sinistcha|Protect|p1b: Sinistcha\n|-singleturn|p1b: Sinistcha|Protect\n|move|p2b: Crabominable|Bulk Up|p2b: Crabominable\n|-boost|p2b: Crabominable|atk|1\n|-boost|p2b: Crabominable|def|1\n|move|p2a: Oranguru|Yawn|p1a: Kingambit\n|-activate|p1a: Kingambit|move: Protect\n|\n|upkeep\n|turn|5\n|\n|t:|1776055625\n|move|p1b: Sinistcha|Rage Powder|p1b: Sinistcha\n|-singleturn|p1b: Sinistcha|move: Rage Powder\n|move|p2b: Crabominable|Drain Punch|p1b: Sinistcha\n|-immune|p1b: Sinistcha\n|move|p1a: Kingambit|Guillotine|p2b: Crabominable|[miss]\n|-miss|p1a: Kingambit|p2b: Crabominable\n|move|p2a: Oranguru|Yawn|p1b: Sinistcha\n|-start|p1b: Sinistcha|move: Yawn|[of] p2a: Oranguru\n|\n|-fieldend|move: Trick Room\n|upkeep\n|turn|6\n|\n|t:|1776055647\n|move|p1a: Kingambit|Protect|p1a: Kingambit\n|-singleturn|p1a: Kingambit|Protect\n|move|p2b: Crabominable|Ice Hammer|p1b: Sinistcha\n|-supereffective|p1b: Sinistcha|1\n|-damage|p1b: Sinistcha|0 fnt\n|-unboost|p2b: Crabominable|spe|1\n|faint|p1b: Sinistcha\n|move|p2a: Oranguru|Trick Room|p2a: Oranguru\n|-fieldstart|move: Trick Room|[of] p2a: Oranguru\n|\n|upkeep\n|\n|t:|1776055655\n|switch|p1b: Hawlucha|Hawlucha, L50, M|100/100\n|turn|7\n|\n|t:|1776055676\n|detailschange|p1b: Hawlucha|Hawlucha-Mega, L50, M\n|-mega|p1b: Hawlucha|Hawlucha|Hawluchanite\n|move|p2b: Crabominable|Drain Punch|p1a: Kingambit\n|-supereffective|p1a: Kingambit|2\n|-damage|p1a: Kingambit|0 fnt\n|-heal|p2b: Crabominable|100/100|[from] drain|[of] p1a: Kingambit\n|faint|p1a: Kingambit\n|move|p2a: Oranguru|Foul Play|p1b: Hawlucha\n|-resisted|p1b: Hawlucha|1\n|-damage|p1b: Hawlucha|86/100\n|move|p1b: Hawlucha|Entrainment|p1: Kingambit|[notarget]\n|-fail|p1b: Hawlucha\n|\n|upkeep\n|turn|8\n|-message|Anne_ChovyVGC forfeited.\n|\n|win|knuckels55\n|raw|Anne_ChovyVGC's rating: 1134 &rarr; <strong>1103</strong><br />(-31 for losing)\n|raw|knuckels55's rating: 1042 &rarr; <strong>1084</strong><br />(+42 for winning)\n|l|\u2606Anne_ChovyVGC\n|player|p1|\n",
  "uploadtime": 1776055734,
  "views": 10,
  "formatid": "gen9championsvgc2026regma",
  "rating": 1084,
  "private": 0,
  "password": null
}