{
  "id": "gen9championsvgc2026regma-2588541020",
  "format": "[Gen 9 Champions] VGC 2026 Reg M-A",
  "players": [
    "disciple of blahaj",
    "nschmidt3"
  ],
  "log": "|j|\u2606disciple of blahaj\n|j|\u2606nschmidt3\n|t:|1776643125\n|gametype|doubles\n|player|p1|disciple of blahaj|iris|1281\n|player|p2|nschmidt3|1|1216\n|gen|9\n|tier|[Gen 9 Champions] VGC 2026 Reg M-A\n|rated|\n|rule|Species Clause: Limit one of each Pok\u00e9mon\n|rule|Item Clause: Limit 1 of each item\n|clearpoke\n|poke|p1|Sharpedo, L50, M|\n|poke|p1|Rotom-Wash, L50|\n|poke|p1|Pelipper, L50, M|\n|poke|p1|Aegislash, L50, M|\n|poke|p1|Talonflame, L50, M|\n|poke|p1|Garchomp, L50, M|\n|poke|p2|Scovillain, L50, F|\n|poke|p2|Torkoal, L50, M|\n|poke|p2|Goodra, L50, M|\n|poke|p2|Hatterene, L50, F|\n|poke|p2|Incineroar, L50, M|\n|poke|p2|Slowbro, L50, F|\n|teampreview|4\n|inactive|Battle timer is ON: inactive players will automatically lose when time's up. (requested by nschmidt3)\n|\n|t:|1776643161\n|teamsize|p1|4\n|teamsize|p2|4\n|start\n|switch|p1a: Rotom|Rotom-Wash, L50|100/100\n|switch|p1b: Talonflame|Talonflame, L50, M|100/100\n|switch|p2a: Hatterene|Hatterene, L50, F|100/100\n|switch|p2b: Goodra|Goodra, L50, M|100/100\n|turn|1\n|\n|t:|1776643179\n|move|p2b: Goodra|Protect|p2b: Goodra\n|-singleturn|p2b: Goodra|Protect\n|move|p1b: Talonflame|Dual Wingbeat|p2a: Hatterene\n|-damage|p2a: Hatterene|79/100\n|-damage|p2a: Hatterene|58/100\n|-hitcount|p2a: Hatterene|2\n|move|p1a: Rotom|Volt Switch|p2a: Hatterene\n|-damage|p2a: Hatterene|21/100\n|\n|t:|1776643189\n|switch|p1a: Sharpedo|Sharpedo, L50, M|100/100|[from] Volt Switch\n|move|p2a: Hatterene|Trick Room|p2a: Hatterene\n|-fieldstart|move: Trick Room|[of] p2a: Hatterene\n|\n|upkeep\n|turn|2\n|\n|t:|1776643212\n|detailschange|p1a: Sharpedo|Sharpedo-Mega, L50, M\n|-mega|p1a: Sharpedo|Sharpedo|Sharpedonite\n|move|p1b: Talonflame|Dual Wingbeat|p2a: Hatterene\n|-damage|p2a: Hatterene|0 fnt\n|faint|p2a: Hatterene\n|-hitcount|p2: Hatterene|1\n|move|p2b: Goodra|Draco Meteor|p1b: Talonflame|[miss]\n|-miss|p2b: Goodra|p1b: Talonflame\n|move|p1a: Sharpedo|Crunch|p2b: Goodra\n|-damage|p2b: Goodra|41/100\n|\n|upkeep\n|\n|t:|1776643222\n|switch|p2a: Slowbro|Slowbro, L50, F|100/100\n|turn|3\n|\n|t:|1776643231\n|detailschange|p2a: Slowbro|Slowbro-Mega, L50, F\n|-mega|p2a: Slowbro|Slowbro|Slowbronite\n|move|p2b: Goodra|Protect|p2b: Goodra\n|-singleturn|p2b: Goodra|Protect\n|move|p1b: Talonflame|Dual Wingbeat|p2b: Goodra\n|-activate|p2b: Goodra|move: Protect\n|move|p2a: Slowbro|Muddy Water|p1a: Sharpedo|[spread] p1a,p1b\n|-resisted|p1a: Sharpedo|1\n|-supereffective|p1b: Talonflame|1\n|-damage|p1a: Sharpedo|64/100\n|-damage|p1b: Talonflame|0 fnt\n|-unboost|p1a: Sharpedo|accuracy|1\n|faint|p1b: Talonflame\n|move|p1a: Sharpedo|Crunch|p2a: Slowbro|[miss]\n|-miss|p1a: Sharpedo|p2a: Slowbro\n|\n|upkeep\n|\n|t:|1776643246\n|switch|p1b: Rotom|Rotom-Wash, L50|100/100\n|turn|4\n|\n|t:|1776643259\n|switch|p1a: Pelipper|Pelipper, L50, M|100/100\n|-weather|RainDance|[from] ability: Drizzle|[of] p1a: Pelipper\n|move|p2a: Slowbro|Psychic|p1b: Rotom\n|-damage|p1b: Rotom|30/100\n|move|p2b: Goodra|Giga Drain|p1a: Pelipper\n|-damage|p1a: Pelipper|66/100\n|-heal|p2b: Goodra|53/100|[from] drain|[of] p1a: Pelipper\n|move|p1b: Rotom|Volt Switch|p2a: Slowbro\n|-supereffective|p2a: Slowbro|1\n|-damage|p2a: Slowbro|37/100\n|\n|t:|1776643272\n|switch|p1b: Sharpedo|Sharpedo-Mega, L50, M|64/100|[from] Volt Switch\n|\n|-weather|RainDance|[upkeep]\n|upkeep\n|turn|5\n|\n|t:|1776643284\n|move|p1a: Pelipper|Protect|p1a: Pelipper\n|-singleturn|p1a: Pelipper|Protect\n|move|p1b: Sharpedo|Protect|p1b: Sharpedo\n|-singleturn|p1b: Sharpedo|Protect\n|move|p2a: Slowbro|Muddy Water|p1a: Pelipper|[spread] \n|-activate|p1a: Pelipper|move: Protect\n|-activate|p1b: Sharpedo|move: Protect\n|move|p2b: Goodra|Draco Meteor|p1b: Sharpedo\n|-activate|p1b: Sharpedo|move: Protect\n|\n|-weather|RainDance|[upkeep]\n|-fieldend|move: Trick Room\n|upkeep\n|turn|6\n|\n|t:|1776643301\n|move|p2b: Goodra|Protect|p2b: Goodra\n|-singleturn|p2b: Goodra|Protect\n|move|p1b: Sharpedo|Crunch|p2b: Goodra\n|-activate|p2b: Goodra|move: Protect\n|move|p1a: Pelipper|Hurricane|p2a: Slowbro\n|-damage|p2a: Slowbro|0 fnt\n|faint|p2a: Slowbro\n|\n|-weather|RainDance|[upkeep]\n|upkeep\n|\n|t:|1776643309\n|switch|p2a: Torkoal|Torkoal, L50, M|100/100\n|-weather|SunnyDay|[from] ability: Drought|[of] p2a: Torkoal\n|turn|7\n|\n|t:|1776643317\n|switch|p1a: Rotom|Rotom-Wash, L50|30/100\n|move|p1b: Sharpedo|Flip Turn|p2b: Goodra\n|-resisted|p2b: Goodra|1\n|-damage|p2b: Goodra|45/100\n|\n|t:|1776643323\n|switch|p1b: Pelipper|Pelipper, L50, M|66/100|[from] Flip Turn\n|-weather|RainDance|[from] ability: Drizzle|[of] p1b: Pelipper\n|move|p2b: Goodra|Giga Drain|p1b: Pelipper\n|-damage|p1b: Pelipper|34/100\n|-heal|p2b: Goodra|56/100|[from] drain|[of] p1b: Pelipper\n|move|p2a: Torkoal|Eruption|p1a: Rotom|[spread] p1a,p1b\n|-resisted|p1a: Rotom|1\n|-resisted|p1b: Pelipper|1\n|-damage|p1a: Rotom|10/100\n|-damage|p1b: Pelipper|10/100\n|\n|-weather|RainDance|[upkeep]\n|upkeep\n|turn|8\n|inactive|disciple of blahaj has 30 seconds left.\n|\n|t:|1776643350\n|move|p1a: Rotom|Hydro Pump|p2b: Goodra\n|-resisted|p2b: Goodra|1\n|-damage|p2b: Goodra|37/100\n|move|p1b: Pelipper|Hydro Pump|p2a: Torkoal\n|-supereffective|p2a: Torkoal|1\n|-damage|p2a: Torkoal|0 fnt\n|faint|p2a: Torkoal\n|move|p2b: Goodra|Giga Drain|p1a: Rotom\n|-supereffective|p1a: Rotom|1\n|-damage|p1a: Rotom|0 fnt\n|-heal|p2b: Goodra|40/100|[from] drain|[of] p1a: Rotom\n|faint|p1a: Rotom\n|\n|-weather|RainDance|[upkeep]\n|upkeep\n|\n|t:|1776643356\n|switch|p1a: Sharpedo|Sharpedo-Mega, L50, M|64/100\n|turn|9\n|\n|t:|1776643360\n|move|p1a: Sharpedo|Crunch|p2b: Goodra\n|-damage|p2b: Goodra|0 fnt\n|faint|p2b: Goodra\n|\n|win|disciple of blahaj\n|raw|disciple of blahaj's rating: 1281 &rarr; <strong>1301</strong><br />(+20 for winning)\n|raw|nschmidt3's rating: 1216 &rarr; <strong>1196</strong><br />(-20 for losing)\n|l|\u2606nschmidt3\n|player|p2|\n",
  "uploadtime": 1776643366,
  "views": 5,
  "formatid": "gen9championsvgc2026regma",
  "rating": 1196,
  "private": 0,
  "password": null
}