{
  "id": "gen9championsvgc2026regma-2583088648",
  "format": "[Gen 9 Champions] VGC 2026 Reg M-A",
  "players": [
    "An rua",
    "guhixica"
  ],
  "log": "|j|\u2606An rua\n|j|\u2606guhixica\n|t:|1776140668\n|gametype|doubles\n|player|p1|An rua|bugcatcher-gen4dp|1242\n|player|p2|guhixica|aaron|1334\n|gen|9\n|tier|[Gen 9 Champions] VGC 2026 Reg M-A\n|rated|\n|rule|Species Clause: Limit one of each Pok\u00e9mon\n|rule|Item Clause: Limit 1 of each item\n|clearpoke\n|poke|p1|Incineroar, L50, M|\n|poke|p1|Sinistcha, L50|\n|poke|p1|Sneasler, L50, M|\n|poke|p1|Garchomp, L50, F|\n|poke|p1|Basculegion, L50, M|\n|poke|p1|Kingambit, L50, M|\n|poke|p2|Zoroark-Hisui, L50, M|\n|poke|p2|Sneasler, L50, M|\n|poke|p2|Kingambit, L50, M|\n|poke|p2|Dragonite, L50, M|\n|poke|p2|Delphox, L50, M|\n|poke|p2|Rotom-Wash, L50|\n|teampreview|4\n|inactive|Battle timer is ON: inactive players will automatically lose when time's up. (requested by An rua)\n|c|\u2606guhixica|glhf\n|inactive|guhixica has 60 seconds left.\n|\n|t:|1776140713\n|teamsize|p1|4\n|teamsize|p2|4\n|start\n|switch|p1a: Kingambit|Kingambit, L50, M|100/100\n|switch|p1b: Incineroar|Incineroar, L50, M|100/100\n|switch|p2a: Delphox|Delphox, L50, M|100/100\n|switch|p2b: Kingambit|Kingambit, L50, M|100/100\n|-ability|p1b: Incineroar|Intimidate|boost\n|-unboost|p2a: Delphox|atk|1\n|-unboost|p2b: Kingambit|atk|1\n|-ability|p2b: Kingambit|Defiant|boost\n|-boost|p2b: Kingambit|atk|2\n|turn|1\n|\n|t:|1776140733\n|switch|p2a: Rotom|Rotom-Wash, L50|100/100\n|move|p2b: Kingambit|Protect|p2b: Kingambit\n|-singleturn|p2b: Kingambit|Protect\n|move|p1a: Kingambit|Sucker Punch||[still]\n|-fail|p1a: Kingambit\n|move|p1b: Incineroar|Flare Blitz|p2b: Kingambit\n|-activate|p2b: Kingambit|move: Protect\n|\n|upkeep\n|turn|2\n|inactive|guhixica has 30 seconds left.\n|\n|t:|1776140765\n|move|p2a: Rotom|Will-O-Wisp|p1a: Kingambit\n|-status|p1a: Kingambit|brn\n|move|p1b: Incineroar|Flare Blitz|p2b: Kingambit\n|-supereffective|p2b: Kingambit|1\n|-damage|p2b: Kingambit|33/100\n|-damage|p1b: Incineroar|78/100|[from] Recoil\n|move|p1a: Kingambit|Kowtow Cleave|p2a: Rotom\n|-damage|p2a: Rotom|74/100\n|move|p2b: Kingambit|Kowtow Cleave|p1b: Incineroar\n|-resisted|p1b: Incineroar|1\n|-damage|p1b: Incineroar|36/100\n|-enditem|p1b: Incineroar|Sitrus Berry|[eat]\n|-heal|p1b: Incineroar|61/100|[from] item: Sitrus Berry\n|\n|-damage|p1a: Kingambit|95/100 brn|[from] brn\n|upkeep\n|turn|3\n|\n|t:|1776140791\n|move|p2b: Kingambit|Protect|p2b: Kingambit\n|-singleturn|p2b: Kingambit|Protect\n|move|p2a: Rotom|Hydro Pump|p1b: Incineroar\n|-supereffective|p1b: Incineroar|1\n|-damage|p1b: Incineroar|1/100\n|move|p1b: Incineroar|Parting Shot|p2a: Rotom\n|-unboost|p2a: Rotom|atk|1\n|-unboost|p2a: Rotom|spa|1\n|\n|t:|1776140796\n|switch|p1b: Sneasler|Sneasler, L50, M|100/100|[from] Parting Shot\n|move|p1a: Kingambit|Kowtow Cleave|p2b: Kingambit\n|-activate|p2b: Kingambit|move: Protect\n|\n|-damage|p1a: Kingambit|89/100 brn|[from] brn\n|upkeep\n|turn|4\n|\n|t:|1776140820\n|move|p2b: Kingambit|Sucker Punch|p1b: Sneasler\n|-resisted|p1b: Sneasler|1\n|-crit|p1b: Sneasler\n|-damage|p1b: Sneasler|11/100\n|move|p1b: Sneasler|Close Combat|p2a: Rotom\n|-damage|p2a: Rotom|21/100\n|-unboost|p1b: Sneasler|def|1\n|-unboost|p1b: Sneasler|spd|1\n|-enditem|p2a: Rotom|Sitrus Berry|[eat]\n|-heal|p2a: Rotom|46/100|[from] item: Sitrus Berry\n|-enditem|p1b: Sneasler|White Herb\n|-clearnegativeboost|p1b: Sneasler|[silent]\n|move|p2a: Rotom|Will-O-Wisp|p1b: Sneasler\n|-status|p1b: Sneasler|brn\n|move|p1a: Kingambit|Kowtow Cleave|p2a: Rotom\n|-crit|p2a: Rotom\n|-damage|p2a: Rotom|9/100\n|\n|-damage|p1b: Sneasler|5/100 brn|[from] brn\n|-damage|p1a: Kingambit|83/100 brn|[from] brn\n|upkeep\n|turn|5\n|inactive|guhixica has 30 seconds left.\n|\n|t:|1776140849\n|move|p1a: Kingambit|Sucker Punch|p2a: Rotom\n|-damage|p2a: Rotom|0 fnt\n|faint|p2a: Rotom\n|move|p2b: Kingambit|Sucker Punch|p1b: Sneasler\n|-resisted|p1b: Sneasler|1\n|-damage|p1b: Sneasler|0 fnt\n|faint|p1b: Sneasler\n|\n|-damage|p1a: Kingambit|77/100 brn|[from] brn\n|upkeep\n|\n|t:|1776140864\n|switch|p1b: Basculegion|Basculegion, L50, M|100/100\n|switch|p2a: Delphox|Delphox, L50, M|100/100\n|turn|6\n|\n|t:|1776140875\n|detailschange|p2a: Delphox|Delphox-Mega, L50, M\n|-mega|p2a: Delphox|Delphox|Delphoxite\n|move|p1b: Basculegion|Aqua Jet|p2a: Delphox\n|-supereffective|p2a: Delphox|1\n|-damage|p2a: Delphox|22/100\n|move|p1a: Kingambit|Sucker Punch||[still]\n|-fail|p1a: Kingambit\n|move|p2b: Kingambit|Sucker Punch||[still]\n|-fail|p2b: Kingambit\n|move|p2a: Delphox|Nasty Plot|p2a: Delphox\n|-boost|p2a: Delphox|spa|2\n|\n|-damage|p1a: Kingambit|72/100 brn|[from] brn\n|upkeep\n|turn|7\n|\n|t:|1776140890\n|move|p2a: Delphox|Protect|p2a: Delphox\n|-singleturn|p2a: Delphox|Protect\n|move|p1b: Basculegion|Aqua Jet|p2b: Kingambit\n|-damage|p2b: Kingambit|13/100\n|move|p1a: Kingambit|Sucker Punch||[still]\n|-fail|p1a: Kingambit\n|move|p2b: Kingambit|Kowtow Cleave|p1b: Basculegion\n|-supereffective|p1b: Basculegion|1\n|-damage|p1b: Basculegion|0 fnt\n|faint|p1b: Basculegion\n|\n|-damage|p1a: Kingambit|66/100 brn|[from] brn\n|upkeep\n|\n|t:|1776140894\n|switch|p1b: Incineroar|Incineroar, L50, M|1/100\n|-ability|p1b: Incineroar|Intimidate|boost\n|-unboost|p2a: Delphox|atk|1\n|-unboost|p2b: Kingambit|atk|1\n|-ability|p2b: Kingambit|Defiant|boost\n|-boost|p2b: Kingambit|atk|2\n|turn|8\n|\n|t:|1776140916\n|move|p2a: Delphox|Protect|p2a: Delphox\n|-singleturn|p2a: Delphox|Protect\n|move|p1b: Incineroar|Fake Out|p2a: Delphox\n|-activate|p2a: Delphox|move: Protect\n|move|p1a: Kingambit|Sucker Punch|p2b: Kingambit\n|-resisted|p2b: Kingambit|1\n|-damage|p2b: Kingambit|3/100\n|move|p2b: Kingambit|Kowtow Cleave|p1a: Kingambit\n|-resisted|p1a: Kingambit|1\n|-damage|p1a: Kingambit|19/100 brn\n|\n|-damage|p1a: Kingambit|14/100 brn|[from] brn\n|upkeep\n|turn|9\n|\n|t:|1776140936\n|move|p1a: Kingambit|Sucker Punch|p2a: Delphox\n|-supereffective|p2a: Delphox|1\n|-damage|p2a: Delphox|0 fnt\n|faint|p2a: Delphox\n|move|p1b: Incineroar|Darkest Lariat|p2b: Kingambit\n|-resisted|p2b: Kingambit|1\n|-damage|p2b: Kingambit|0 fnt\n|faint|p2b: Kingambit\n|\n|-damage|p1a: Kingambit|8/100 brn|[from] brn\n|upkeep\n|\n|t:|1776140947\n|switch|p2b: Zoroark|Zoroark-Hisui, L50, M|100/100\n|turn|10\n|c|\u2606guhixica|gg\n|\n|t:|1776140960\n|move|p1a: Kingambit|Sucker Punch|p2b: Zoroark\n|-supereffective|p2b: Zoroark|1\n|-damage|p2b: Zoroark|0 fnt\n|faint|p2b: Zoroark\n|\n|win|An rua\n|raw|An rua's rating: 1242 &rarr; <strong>1273</strong><br />(+31 for winning)\n|raw|guhixica's rating: 1334 &rarr; <strong>1309</strong><br />(-25 for losing)\n|c|\u2606An rua|gg\n|c|\u2606An rua|That was close\n",
  "uploadtime": 1776140976,
  "views": 38,
  "formatid": "gen9championsvgc2026regma",
  "rating": 1273,
  "private": 0,
  "password": null
}