{
  "id": "gen9championsvgc2026regma-2586092266",
  "format": "[Gen 9 Champions] VGC 2026 Reg M-A",
  "players": [
    "Phillip Blevin",
    "massivity"
  ],
  "log": "|j|\u2606Phillip Blevin\n|j|\u2606massivity\n|t:|1776398112\n|gametype|doubles\n|player|p1|Phillip Blevin|cynthia-masters4|1325\n|player|p2|massivity|biker-gen4|1328\n|gen|9\n|tier|[Gen 9 Champions] VGC 2026 Reg M-A\n|rated|\n|rule|Species Clause: Limit one of each Pok\u00e9mon\n|rule|Item Clause: Limit 1 of each item\n|clearpoke\n|poke|p1|Froslass, L50, F|\n|poke|p1|Corviknight, L50, F|\n|poke|p1|Meowscarada, L50, M|\n|poke|p1|Manectric, L50, F|\n|poke|p1|Incineroar, L50, M|\n|poke|p1|Sneasler, L50, F|\n|poke|p2|Meowscarada, L50, M|\n|poke|p2|Dragapult, L50, F|\n|poke|p2|Incineroar, L50, M|\n|poke|p2|Kangaskhan, L50, F|\n|poke|p2|Goodra-Hisui, L50, F|\n|poke|p2|Dragonite, L50, M|\n|teampreview|4\n|inactive|Battle timer is ON: inactive players will automatically lose when time's up. (requested by Phillip Blevin)\nPhillip Blevin has agreed to open team sheets.\n|\n|t:|1776398139\n|teamsize|p1|4\n|teamsize|p2|4\n|start\n|switch|p1a: Froslass|Froslass, L50, F|100/100\n|switch|p1b: Corviknight|Corviknight, L50, F|100/100\n|switch|p2a: Dragapult|Dragapult, L50, F|100/100\n|switch|p2b: Goodra|Goodra-Hisui, L50, F|100/100\n|turn|1\n|\n|t:|1776398152\n|move|p1a: Froslass|Protect|p1a: Froslass\n|-singleturn|p1a: Froslass|Protect\n|move|p2a: Dragapult|Light Screen|p2a: Dragapult\n|-sidestart|p2: massivity|move: Light Screen\n|move|p1b: Corviknight|Bulk Up|p1b: Corviknight\n|-boost|p1b: Corviknight|atk|1\n|-boost|p1b: Corviknight|def|1\n|move|p2b: Goodra|Shelter|p2b: Goodra\n|-boost|p2b: Goodra|def|2\n|\n|upkeep\n|turn|2\n|\n|t:|1776398165\n|detailschange|p1a: Froslass|Froslass-Mega, L50, F\n|-mega|p1a: Froslass|Froslass|Froslassite\n|-weather|Snowscape|[from] ability: Snow Warning|[of] p1a: Froslass\n|move|p2a: Dragapult|Will-O-Wisp|p1b: Corviknight\n|-status|p1b: Corviknight|brn\n|move|p1a: Froslass|Blizzard|p2a: Dragapult|[spread] p2a,p2b\n|-supereffective|p2a: Dragapult|1\n|-damage|p2a: Dragapult|35/100\n|-damage|p2b: Goodra|82/100\n|move|p1b: Corviknight|Bulk Up|p1b: Corviknight\n|-boost|p1b: Corviknight|atk|1\n|-boost|p1b: Corviknight|def|1\n|move|p2b: Goodra|Heavy Slam|p1a: Froslass\n|-supereffective|p1a: Froslass|1\n|-damage|p1a: Froslass|7/100\n|\n|-weather|Snowscape|[upkeep]\n|-heal|p2b: Goodra|88/100|[from] item: Leftovers\n|-damage|p1b: Corviknight|95/100 brn|[from] brn\n|upkeep\n|turn|3\n|\n|t:|1776398182\n|switch|p1a: Incineroar|Incineroar, L50, M|100/100\n|-ability|p1a: Incineroar|Intimidate|boost\n|-fail|p2a: Dragapult|unboost|[from] ability: Clear Body|[of] p2a: Dragapult\n|-unboost|p2b: Goodra|atk|1\n|move|p2a: Dragapult|Breaking Swipe|p1b: Corviknight|[spread] p1a,p1b\n|-resisted|p1b: Corviknight|1\n|-damage|p1a: Incineroar|85/100\n|-damage|p1b: Corviknight|92/100 brn\n|-unboost|p1a: Incineroar|atk|1\n|-ability|p1b: Corviknight|Mirror Armor\n|-fail|p2a: Dragapult|unboost|[from] ability: Clear Body|[of] p2a: Dragapult\n|move|p1b: Corviknight|Bulk Up|p1b: Corviknight\n|-boost|p1b: Corviknight|atk|1\n|-boost|p1b: Corviknight|def|1\n|move|p2b: Goodra|Shelter|p2b: Goodra\n|-boost|p2b: Goodra|def|2\n|\n|-weather|Snowscape|[upkeep]\n|-heal|p1b: Corviknight|98/100 brn|[from] item: Leftovers\n|-heal|p2b: Goodra|94/100|[from] item: Leftovers\n|-damage|p1b: Corviknight|92/100 brn|[from] brn\n|upkeep\n|turn|4\n|\n|t:|1776398201\n|move|p2a: Dragapult|Reflect|p2a: Dragapult\n|-sidestart|p2: massivity|Reflect\n|move|p1b: Corviknight|Body Press|p2b: Goodra\n|-supereffective|p2b: Goodra|1\n|-damage|p2b: Goodra|83/100\n|move|p2b: Goodra|Shelter|p2b: Goodra\n|-boost|p2b: Goodra|def|2\n|move|p1a: Incineroar|Darkest Lariat|p2a: Dragapult\n|-supereffective|p2a: Dragapult|1\n|-damage|p2a: Dragapult|3/100\n|\n|-weather|Snowscape|[upkeep]\n|-heal|p1b: Corviknight|98/100 brn|[from] item: Leftovers\n|-heal|p2b: Goodra|89/100|[from] item: Leftovers\n|-damage|p1b: Corviknight|92/100 brn|[from] brn\n|upkeep\n|turn|5\n|\n|t:|1776398218\n|switch|p1a: Froslass|Froslass-Mega, L50, F|7/100\n|move|p2a: Dragapult|Breaking Swipe|p1b: Corviknight|[spread] p1a,p1b\n|-resisted|p1b: Corviknight|1\n|-damage|p1a: Froslass|0 fnt\n|-damage|p1b: Corviknight|90/100 brn\n|-ability|p1b: Corviknight|Mirror Armor\n|-fail|p2a: Dragapult|unboost|[from] ability: Clear Body|[of] p2a: Dragapult\n|faint|p1a: Froslass\n|move|p1b: Corviknight|Brave Bird|p2a: Dragapult\n|-damage|p2a: Dragapult|0 fnt\n|faint|p2a: Dragapult\n|-damage|p1b: Corviknight|89/100 brn|[from] Recoil\n|move|p2b: Goodra|Body Press|p1b: Corviknight\n|-damage|p1b: Corviknight|61/100 brn\n|\n|-weather|Snowscape|[upkeep]\n|-heal|p1b: Corviknight|67/100 brn|[from] item: Leftovers\n|-heal|p2b: Goodra|95/100|[from] item: Leftovers\n|-damage|p1b: Corviknight|61/100 brn|[from] brn\n|-sideend|p2: massivity|move: Light Screen\n|upkeep\n|\n|t:|1776398231\n|switch|p2a: Kangaskhan|Kangaskhan, L50, F|100/100\n|switch|p1a: Meowscarada|Meowscarada, L50, M|100/100\n|turn|6\n|\n|t:|1776398239\n|switch|p1a: Incineroar|Incineroar, L50, M|85/100\n|-ability|p1a: Incineroar|Intimidate|boost\n|-fail|p2a: Kangaskhan|unboost|Attack|[from] ability: Inner Focus|[of] p2a: Kangaskhan\n|-unboost|p2b: Goodra|atk|1\n|detailschange|p2a: Kangaskhan|Kangaskhan-Mega, L50, F\n|-mega|p2a: Kangaskhan|Kangaskhan|Kangaskhanite\n|move|p2a: Kangaskhan|Fake Out|p1a: Incineroar\n|-damage|p1a: Incineroar|67/100\n|-damage|p1a: Incineroar|62/100\n|-hitcount|p1a: Incineroar|2\n|move|p1b: Corviknight|Roost|p1b: Corviknight\n|-heal|p1b: Corviknight|100/100 brn\n|-singleturn|p1b: Corviknight|move: Roost\n|move|p2b: Goodra|Body Press|p1b: Corviknight\n|-supereffective|p1b: Corviknight|1\n|-damage|p1b: Corviknight|50/100 brn\n|\n|-weather|none\n|-heal|p1b: Corviknight|56/100 brn|[from] item: Leftovers\n|-heal|p2b: Goodra|100/100|[from] item: Leftovers\n|-damage|p1b: Corviknight|50/100 brn|[from] brn\n|upkeep\n|turn|7\n|\n|t:|1776398262\n|switch|p2a: Incineroar|Incineroar, L50, M|100/100\n|-ability|p2a: Incineroar|Intimidate|boost\n|-unboost|p1a: Incineroar|atk|1\n|-ability|p1b: Corviknight|Mirror Armor\n|-unboost|p2a: Incineroar|atk|1\n|move|p1b: Corviknight|Bulk Up|p1b: Corviknight\n|-boost|p1b: Corviknight|atk|1\n|-boost|p1b: Corviknight|def|1\n|move|p2b: Goodra|Body Press|p1a: Incineroar\n|-supereffective|p1a: Incineroar|1\n|-damage|p1a: Incineroar|0 fnt\n|faint|p1a: Incineroar\n|\n|-heal|p1b: Corviknight|56/100 brn|[from] item: Leftovers\n|-damage|p1b: Corviknight|50/100 brn|[from] brn\n|upkeep\n|\n|t:|1776398270\n|switch|p1a: Meowscarada|Meowscarada, L50, M|100/100\n|turn|8\n|\n|t:|1776398284\n|move|p2a: Incineroar|Fake Out|p1b: Corviknight\n|-resisted|p1b: Corviknight|1\n|-damage|p1b: Corviknight|49/100 brn\n|move|p1a: Meowscarada|Trick|p2b: Goodra\n|-start|p1a: Meowscarada|typechange|Psychic|[from] ability: Protean\n|-activate|p1a: Meowscarada|move: Trick|[of] p2b: Goodra\n|-item|p2b: Goodra|Choice Scarf|[from] move: Trick\n|-item|p1a: Meowscarada|Leftovers|[from] move: Trick\n|move|p2b: Goodra|Body Press|p1a: Meowscarada\n|-resisted|p1a: Meowscarada|1\n|-damage|p1a: Meowscarada|19/100\n|cant|p1b: Corviknight|flinch\n|\n|-heal|p1a: Meowscarada|25/100|[from] item: Leftovers\n|-heal|p1b: Corviknight|55/100 brn|[from] item: Leftovers\n|-damage|p1b: Corviknight|49/100 brn|[from] brn\n|-sideend|p2: massivity|Reflect\n|upkeep\n|turn|9\n|\n|t:|1776398300\n|move|p1a: Meowscarada|Flower Trick|p2b: Goodra\n|-resisted|p2b: Goodra|2\n|-damage|p2b: Goodra|99/100\n|move|p2b: Goodra|Body Press|p1b: Corviknight\n|-damage|p1b: Corviknight|30/100 brn\n|move|p1b: Corviknight|Roost|p1b: Corviknight\n|-heal|p1b: Corviknight|80/100 brn\n|-singleturn|p1b: Corviknight|move: Roost\n|move|p2a: Incineroar|Darkest Lariat|p1a: Meowscarada\n|-supereffective|p1a: Meowscarada|1\n|-damage|p1a: Meowscarada|0 fnt\n|faint|p1a: Meowscarada\n|\n|-heal|p1b: Corviknight|86/100 brn|[from] item: Leftovers\n|-damage|p1b: Corviknight|80/100 brn|[from] brn\n|upkeep\n|turn|10\n|\n|t:|1776398310\n|move|p2b: Goodra|Body Press|p1b: Corviknight\n|-damage|p1b: Corviknight|59/100 brn\n|move|p1b: Corviknight|Body Press|p2a: Incineroar\n|-supereffective|p2a: Incineroar|1\n|-damage|p2a: Incineroar|39/100\n|-enditem|p2a: Incineroar|Sitrus Berry|[eat]\n|-heal|p2a: Incineroar|64/100|[from] item: Sitrus Berry\n|move|p2a: Incineroar|Flare Blitz|p1b: Corviknight\n|-supereffective|p1b: Corviknight|1\n|-damage|p1b: Corviknight|44/100 brn\n|-damage|p2a: Incineroar|59/100|[from] Recoil\n|\n|-heal|p1b: Corviknight|50/100 brn|[from] item: Leftovers\n|-damage|p1b: Corviknight|44/100 brn|[from] brn\n|upkeep\n|turn|11\n|-message|Phillip Blevin forfeited.\n|\n|win|massivity\n|raw|Phillip Blevin's rating: 1325 &rarr; <strong>1305</strong><br />(-20 for losing)\n|raw|massivity's rating: 1328 &rarr; <strong>1348</strong><br />(+20 for winning)\n",
  "uploadtime": 1776398317,
  "views": 33,
  "formatid": "gen9championsvgc2026regma",
  "rating": 1305,
  "private": 0,
  "password": null
}