{
  "id": "gen9championsvgc2026regma-2587447527",
  "format": "[Gen 9 Champions] VGC 2026 Reg M-A",
  "players": [
    "Alicane",
    "Moxiemencefan21"
  ],
  "log": "|j|\u2606Alicane\n|j|\u2606Moxiemencefan21\n|t:|1776532604\n|gametype|doubles\n|player|p1|Alicane|n-masters|1043\n|player|p2|Moxiemencefan21|102|1108\n|gen|9\n|tier|[Gen 9 Champions] VGC 2026 Reg M-A\n|rated|\n|rule|Species Clause: Limit one of each Pok\u00e9mon\n|rule|Item Clause: Limit 1 of each item\n|clearpoke\n|poke|p1|Dragonite, L50, F|\n|poke|p1|Garchomp, L50, M|\n|poke|p1|Incineroar, L50, M|\n|poke|p1|Whimsicott, L50, M|\n|poke|p1|Sylveon, L50, F|\n|poke|p1|Steelix, L50, F|\n|poke|p2|Kangaskhan, L50, F|\n|poke|p2|Volcarona, L50, F|\n|poke|p2|Tauros-Paldea-Aqua, L50, M|\n|poke|p2|Sinistcha, L50|\n|poke|p2|Aerodactyl, L50, F|\n|poke|p2|Garchomp, L50, M|\n|teampreview|4\n|inactive|Battle timer is ON: inactive players will automatically lose when time's up. (requested by Alicane)\n|inactive|Moxiemencefan21 has 60 seconds left.\n|\n|t:|1776532647\n|teamsize|p1|4\n|teamsize|p2|4\n|start\n|switch|p1a: Dragonite|Dragonite, L50, F|100/100\n|switch|p1b: Whimsicott|Whimsicott, L50, M|100/100\n|switch|p2a: Volcarona|Volcarona, L50, F|100/100\n|switch|p2b: Kangaskhan|Kangaskhan, L50, F|100/100\n|turn|1\n|inactive|Alicane has 30 seconds left.\n|inactive|Moxiemencefan21 has 30 seconds left.\n|\n|t:|1776532679\n|detailschange|p1a: Dragonite|Dragonite-Mega, L50, F\n|-mega|p1a: Dragonite|Dragonite|Dragoninite\n|detailschange|p2b: Kangaskhan|Kangaskhan-Mega, L50, F\n|-mega|p2b: Kangaskhan|Kangaskhan|Kangaskhanite\n|move|p2b: Kangaskhan|Fake Out|p1b: Whimsicott\n|-damage|p1b: Whimsicott|65/100\n|-damage|p1b: Whimsicott|58/100\n|-hitcount|p1b: Whimsicott|2\n|cant|p1b: Whimsicott|flinch\n|move|p1a: Dragonite|Draco Meteor|p2a: Volcarona\n|-damage|p2a: Volcarona|25/100\n|-unboost|p1a: Dragonite|spa|2\n|move|p2a: Volcarona|Heat Wave|p1a: Dragonite|[spread] p1a,p1b\n|-resisted|p1a: Dragonite|1\n|-supereffective|p1b: Whimsicott|1\n|-damage|p1a: Dragonite|93/100\n|-damage|p1b: Whimsicott|0 fnt\n|faint|p1b: Whimsicott\n|\n|-heal|p2a: Volcarona|32/100|[from] item: Leftovers\n|upkeep\n|\n|t:|1776532693\n|switch|p1b: Sylveon|Sylveon, L50, F|100/100\n|turn|2\n|\n|t:|1776532710\n|move|p2a: Volcarona|Protect|p2a: Volcarona\n|-singleturn|p2a: Volcarona|Protect\n|move|p1a: Dragonite|Extreme Speed|p2a: Volcarona\n|-activate|p2a: Volcarona|move: Protect\n|move|p2b: Kangaskhan|Double-Edge|p1a: Dragonite\n|-damage|p1a: Dragonite|31/100\n|-damage|p1a: Dragonite|17/100\n|-hitcount|p1a: Dragonite|2\n|-damage|p2b: Kangaskhan|80/100|[from] Recoil\n|move|p1b: Sylveon|Yawn|p2b: Kangaskhan\n|-start|p2b: Kangaskhan|move: Yawn|[of] p1b: Sylveon\n|\n|-heal|p2a: Volcarona|38/100|[from] item: Leftovers\n|upkeep\n|turn|3\n|inactive|Moxiemencefan21 has 30 seconds left.\n|\n|t:|1776532736\n|switch|p2b: Sinistcha|Sinistcha, L50|100/100\n|-heal|p2a: Volcarona|63/100|[from] ability: Hospitality|[of] p2b: Sinistcha\n|move|p1a: Dragonite|Extreme Speed|p2a: Volcarona\n|-damage|p2a: Volcarona|42/100\n|move|p2a: Volcarona|Quiver Dance|p2a: Volcarona\n|-boost|p2a: Volcarona|spa|1\n|-boost|p2a: Volcarona|spd|1\n|-boost|p2a: Volcarona|spe|1\n|move|p1b: Sylveon|Hyper Voice|p2a: Volcarona|[spread] p2a,p2b\n|-resisted|p2a: Volcarona|1\n|-damage|p2a: Volcarona|31/100\n|-damage|p2b: Sinistcha|59/100\n|\n|-heal|p2a: Volcarona|37/100|[from] item: Leftovers\n|upkeep\n|turn|4\n|inactive|Moxiemencefan21 has 30 seconds left.\n|-activate|p1b: Sylveon|item: Quick Claw\n|\n|t:|1776532768\n|switch|p1a: Incineroar|Incineroar, L50, M|100/100\n|-ability|p1a: Incineroar|Intimidate|boost\n|-unboost|p2a: Volcarona|atk|1\n|-unboost|p2b: Sinistcha|atk|1\n|move|p2b: Sinistcha|Rage Powder|p2b: Sinistcha\n|-singleturn|p2b: Sinistcha|move: Rage Powder\n|move|p1b: Sylveon|Yawn|p2b: Sinistcha\n|-start|p2b: Sinistcha|move: Yawn|[of] p1b: Sylveon\n|move|p2a: Volcarona|Heat Wave|p1b: Sylveon|[spread] p1b\n|-miss|p2a: Volcarona|p1a: Incineroar\n|-crit|p1b: Sylveon\n|-damage|p1b: Sylveon|42/100\n|\n|-heal|p2a: Volcarona|44/100|[from] item: Leftovers\n|upkeep\n|turn|5\n|\n|t:|1776532792\n|switch|p2b: Tauros|Tauros-Paldea-Aqua, L50, M|100/100\n|-ability|p2b: Tauros|Intimidate|boost\n|-unboost|p1a: Incineroar|atk|1\n|-unboost|p1b: Sylveon|atk|1\n|move|p2a: Volcarona|Protect|p2a: Volcarona\n|-singleturn|p2a: Volcarona|Protect\n|move|p1b: Sylveon|Hyper Voice|p2a: Volcarona|[spread] p2b\n|-activate|p2a: Volcarona|move: Protect\n|-supereffective|p2b: Tauros|1\n|-damage|p2b: Tauros|0 fnt\n|faint|p2b: Tauros\n|move|p1a: Incineroar|Darkest Lariat|p2a: Volcarona\n|-activate|p2a: Volcarona|move: Protect\n|\n|-heal|p2a: Volcarona|50/100|[from] item: Leftovers\n|upkeep\n|\n|t:|1776532810\n|switch|p2b: Kangaskhan|Kangaskhan-Mega, L50, F|80/100\n|turn|6\n|\n|t:|1776532819\n|switch|p1a: Dragonite|Dragonite-Mega, L50, F|17/100\n|move|p2b: Kangaskhan|Fake Out|p1a: Dragonite\n|-damage|p1a: Dragonite|0 fnt\n|faint|p1a: Dragonite\n|-hitcount|p1: Dragonite|1\n|move|p2a: Volcarona|Quiver Dance|p2a: Volcarona\n|-boost|p2a: Volcarona|spa|1\n|-boost|p2a: Volcarona|spd|1\n|-boost|p2a: Volcarona|spe|1\n|move|p1b: Sylveon|Yawn|p2a: Volcarona\n|-start|p2a: Volcarona|move: Yawn|[of] p1b: Sylveon\n|\n|-heal|p2a: Volcarona|56/100|[from] item: Leftovers\n|upkeep\n|\n|t:|1776532822\n|switch|p1a: Incineroar|Incineroar, L50, M|100/100\n|-ability|p1a: Incineroar|Intimidate|boost\n|-unboost|p2a: Volcarona|atk|1\n|-unboost|p2b: Kangaskhan|atk|1\n|turn|7\n|inactive|Moxiemencefan21 has 30 seconds left.\n|-activate|p1b: Sylveon|item: Quick Claw\n|\n|t:|1776532848\n|move|p1a: Incineroar|Fake Out|p2b: Kangaskhan\n|-damage|p2b: Kangaskhan|71/100\n|move|p1b: Sylveon|Hyper Voice|p2b: Kangaskhan|[spread] p2a,p2b\n|-resisted|p2a: Volcarona|1\n|-damage|p2a: Volcarona|48/100\n|-damage|p2b: Kangaskhan|36/100\n|move|p2a: Volcarona|Heat Wave|p1a: Incineroar|[spread] p1a,p1b\n|-resisted|p1a: Incineroar|1\n|-damage|p1a: Incineroar|72/100\n|-damage|p1b: Sylveon|0 fnt\n|faint|p1b: Sylveon\n|cant|p2b: Kangaskhan|flinch\n|\n|-heal|p2a: Volcarona|54/100|[from] item: Leftovers\n|-end|p2a: Volcarona|move: Yawn|[silent]\n|-status|p2a: Volcarona|slp\n|upkeep\n|turn|8\n|-message|Alicane forfeited.\n|\n|win|Moxiemencefan21\n|raw|Alicane's rating: 1043 &rarr; <strong>1030</strong><br />(-13 for losing)\n|raw|Moxiemencefan21's rating: 1108 &rarr; <strong>1128</strong><br />(+20 for winning)\n|l|\u2606Alicane\n|player|p1|\n",
  "uploadtime": 1776532863,
  "views": 23,
  "formatid": "gen9championsvgc2026regma",
  "rating": 1030,
  "private": 0,
  "password": null
}