{
  "id": "gen9championsvgc2026regma-2588228963",
  "format": "[Gen 9 Champions] VGC 2026 Reg M-A",
  "players": [
    "AngzVGC",
    "sdlt 2krl coolguy"
  ],
  "log": "|raw|<div class=\"broadcast-blue\"><strong>This battle is required to be public due to a player having a name starting with 'sdlt'.</div>\n|j|\u2606AngzVGC\n|j|\u2606sdlt 2krl coolguy\n|t:|1776616277\n|gametype|doubles\n|player|p1|AngzVGC|gentleman-gen4dp|1241\n|player|p2|sdlt 2krl coolguy|leon-masters2|1297\n|gen|9\n|tier|[Gen 9 Champions] VGC 2026 Reg M-A\n|rated|\n|rule|Species Clause: Limit one of each Pok\u00e9mon\n|rule|Item Clause: Limit 1 of each item\n|clearpoke\n|poke|p1|Kommo-o, L50, F|\n|poke|p1|Gengar, L50, M|\n|poke|p1|Rotom-Wash, L50|\n|poke|p1|Sinistcha, L50|\n|poke|p1|Tyranitar, L50, F|\n|poke|p1|Excadrill, L50, F|\n|poke|p2|Floette-Eternal, L50, F|\n|poke|p2|Incineroar, L50, M|\n|poke|p2|Sinistcha, L50|\n|poke|p2|Garchomp, L50, F|\n|poke|p2|Sneasler, L50, F|\n|poke|p2|Kingambit, L50, F|\n|teampreview|4\n|inactive|Battle timer is ON: inactive players will automatically lose when time's up. (requested by sdlt 2krl coolguy)\n|inactive|AngzVGC has 60 seconds left.\n|inactive|AngzVGC has 30 seconds left.\n|inactive|AngzVGC has 20 seconds left.\n|inactive|AngzVGC has 15 seconds left.\n|inactive|AngzVGC has 10 seconds left.\n|inactive|AngzVGC has 5 seconds left.\n|\n|t:|1776616367\n|teamsize|p1|4\n|teamsize|p2|4\n|start\n|switch|p1a: Kommo-o|Kommo-o, L50, F|100/100\n|switch|p1b: Gengar|Gengar, L50, M|100/100\n|switch|p2a: Incineroar|Incineroar, L50, M|100/100\n|switch|p2b: Sinistcha|Sinistcha, L50|100/100\n|-ability|p2a: Incineroar|Intimidate|boost\n|-unboost|p1a: Kommo-o|atk|1\n|-unboost|p1b: Gengar|atk|1\n|-enditem|p1a: Kommo-o|White Herb\n|-clearnegativeboost|p1a: Kommo-o|[silent]\n|turn|1\n|inactive|AngzVGC has 30 seconds left.\n|\n|t:|1776616397\n|detailschange|p1b: Gengar|Gengar-Mega, L50, M\n|-mega|p1b: Gengar|Gengar|Gengarite\n|move|p2a: Incineroar|Fake Out|p1a: Kommo-o\n|-damage|p1a: Kommo-o|90/100\n|move|p1b: Gengar|Icy Wind|p2b: Sinistcha|[spread] p2a,p2b\n|-resisted|p2a: Incineroar|1\n|-supereffective|p2b: Sinistcha|1\n|-damage|p2a: Incineroar|92/100\n|-damage|p2b: Sinistcha|67/100\n|-unboost|p2a: Incineroar|spe|1\n|-unboost|p2b: Sinistcha|spe|1\n|cant|p1a: Kommo-o|flinch\n|move|p2b: Sinistcha|Trick Room|p2b: Sinistcha\n|-fieldstart|move: Trick Room|[of] p2b: Sinistcha\n|\n|upkeep\n|turn|2\n|\n|t:|1776616414\n|move|p1b: Gengar|Protect|p1b: Gengar\n|-singleturn|p1b: Gengar|Protect\n|move|p2b: Sinistcha|Matcha Gotcha|p1a: Kommo-o|[spread] p1a\n|-activate|p1b: Gengar|move: Protect\n|-resisted|p1a: Kommo-o|1\n|-damage|p1a: Kommo-o|75/100\n|-heal|p2b: Sinistcha|73/100|[from] drain|[of] p1a: Kommo-o\n|move|p2a: Incineroar|Darkest Lariat|p1b: Gengar\n|-activate|p1b: Gengar|move: Protect\n|move|p1a: Kommo-o|Clangorous Soul|p1a: Kommo-o\n|-boost|p1a: Kommo-o|atk|1\n|-boost|p1a: Kommo-o|def|1\n|-boost|p1a: Kommo-o|spa|1\n|-boost|p1a: Kommo-o|spd|1\n|-boost|p1a: Kommo-o|spe|1\n|-damage|p1a: Kommo-o|42/100\n|\n|upkeep\n|turn|3\n|\n|t:|1776616430\n|switch|p1b: Rotom|Rotom-Wash, L50|100/100\n|move|p1a: Kommo-o|Protect|p1a: Kommo-o\n|-singleturn|p1a: Kommo-o|Protect\n|move|p2a: Incineroar|Darkest Lariat|p1b: Rotom\n|-damage|p1b: Rotom|74/100\n|move|p2b: Sinistcha|Matcha Gotcha|p1b: Rotom|[spread] p1b\n|-activate|p1a: Kommo-o|move: Protect\n|-supereffective|p1b: Rotom|1\n|-damage|p1b: Rotom|30/100\n|-heal|p2b: Sinistcha|92/100|[from] drain|[of] p1b: Rotom\n|\n|-heal|p1b: Rotom|36/100|[from] item: Leftovers\n|upkeep\n|turn|4\n|\n|t:|1776616443\n|move|p1b: Rotom|Protect|p1b: Rotom\n|-singleturn|p1b: Rotom|Protect\n|move|p2b: Sinistcha|Matcha Gotcha|p1b: Rotom|[spread] p1a\n|-activate|p1b: Rotom|move: Protect\n|-resisted|p1a: Kommo-o|1\n|-damage|p1a: Kommo-o|34/100\n|-heal|p2b: Sinistcha|96/100|[from] drain|[of] p1a: Kommo-o\n|move|p2a: Incineroar|Flare Blitz|p1a: Kommo-o\n|-resisted|p1a: Kommo-o|1\n|-damage|p1a: Kommo-o|17/100\n|-damage|p2a: Incineroar|88/100|[from] Recoil\n|move|p1a: Kommo-o|Clanging Scales|p2a: Incineroar|[spread] p2a,p2b\n|-damage|p2a: Incineroar|34/100\n|-damage|p2b: Sinistcha|45/100\n|-enditem|p2b: Sinistcha|Sitrus Berry|[eat]\n|-heal|p2b: Sinistcha|70/100|[from] item: Sitrus Berry\n|-unboost|p1a: Kommo-o|def|1\n|\n|-heal|p1b: Rotom|42/100|[from] item: Leftovers\n|upkeep\n|turn|5\n|\n|t:|1776616463\n|move|p1a: Kommo-o|Protect|p1a: Kommo-o\n|-singleturn|p1a: Kommo-o|Protect\n|move|p2b: Sinistcha|Life Dew|p2b: Sinistcha|[spread] p2a,p2b\n|-heal|p2a: Incineroar|59/100\n|-heal|p2b: Sinistcha|95/100\n|move|p2a: Incineroar|Parting Shot|p1b: Rotom\n|-unboost|p1b: Rotom|atk|1\n|-unboost|p1b: Rotom|spa|1\n|\n|t:|1776616467\n|switch|p2a: Floette|Floette-Eternal, L50, F|100/100|[from] Parting Shot\n|move|p1b: Rotom|Hydro Pump|p2a: Floette\n|-damage|p2a: Floette|82/100\n|\n|-heal|p1b: Rotom|48/100|[from] item: Leftovers\n|-fieldend|move: Trick Room\n|upkeep\n|turn|6\n|\n|t:|1776616481\n|switch|p1b: Sinistcha|Sinistcha, L50|100/100\n|detailschange|p2a: Floette|Floette-Mega, L50, F\n|-mega|p2a: Floette|Floette|Floettite\n|-ability|p2a: Floette|Fairy Aura\n|move|p1a: Kommo-o|Clanging Scales|p2a: Floette|[spread] p2b\n|-immune|p2a: Floette\n|-damage|p2b: Sinistcha|39/100\n|-unboost|p1a: Kommo-o|def|1\n|move|p2a: Floette|Dazzling Gleam|p1b: Sinistcha|[spread] p1a,p1b\n|-supereffective|p1a: Kommo-o|2\n|-damage|p1a: Kommo-o|0 fnt\n|-damage|p1b: Sinistcha|38/100\n|-enditem|p1b: Sinistcha|Sitrus Berry|[eat]\n|-heal|p1b: Sinistcha|63/100|[from] item: Sitrus Berry\n|faint|p1a: Kommo-o\n|move|p2b: Sinistcha|Trick Room|p2b: Sinistcha\n|-fieldstart|move: Trick Room|[of] p2b: Sinistcha\n|\n|upkeep\n|\n|t:|1776616484\n|switch|p1a: Gengar|Gengar-Mega, L50, M|100/100\n|turn|7\n|\n|t:|1776616494\n|switch|p2b: Incineroar|Incineroar, L50, M|59/100\n|-ability|p2b: Incineroar|Intimidate|boost\n|-unboost|p1a: Gengar|atk|1\n|-unboost|p1b: Sinistcha|atk|1\n|move|p1b: Sinistcha|Rage Powder|p1b: Sinistcha\n|-singleturn|p1b: Sinistcha|move: Rage Powder\n|move|p2a: Floette|Moonblast|p1b: Sinistcha\n|-damage|p1b: Sinistcha|0 fnt\n|faint|p1b: Sinistcha\n|move|p1a: Gengar|Dazzling Gleam|p2a: Floette|[spread] p2a,p2b\n|-damage|p2a: Floette|56/100\n|-damage|p2b: Incineroar|22/100\n|\n|upkeep\n|\n|t:|1776616497\n|switch|p1b: Rotom|Rotom-Wash, L50|48/100\n|turn|8\n|\n|t:|1776616502\n|move|p1b: Rotom|Protect|p1b: Rotom\n|-singleturn|p1b: Rotom|Protect\n|move|p2b: Incineroar|Darkest Lariat|p1a: Gengar\n|-supereffective|p1a: Gengar|1\n|-damage|p1a: Gengar|17/100\n|move|p2a: Floette|Moonblast|p1b: Rotom\n|-activate|p1b: Rotom|move: Protect\n|move|p1a: Gengar|Dazzling Gleam|p2b: Incineroar|[spread] p2a,p2b\n|-damage|p2a: Floette|30/100\n|-damage|p2b: Incineroar|0 fnt\n|faint|p2b: Incineroar\n|\n|-heal|p1b: Rotom|53/100|[from] item: Leftovers\n|upkeep\n|\n|t:|1776616507\n|switch|p2b: Sinistcha|Sinistcha, L50|39/100\n|-heal|p2a: Floette|55/100|[from] ability: Hospitality|[of] p2b: Sinistcha\n|turn|9\n|\n|t:|1776616519\n|move|p1a: Gengar|Protect|p1a: Gengar\n|-singleturn|p1a: Gengar|Protect\n|move|p2b: Sinistcha|Matcha Gotcha|p1a: Gengar|[spread] p1b\n|-activate|p1a: Gengar|move: Protect\n|-supereffective|p1b: Rotom|1\n|-damage|p1b: Rotom|10/100\n|-heal|p2b: Sinistcha|58/100|[from] drain|[of] p1b: Rotom\n|move|p1b: Rotom|Hydro Pump|p2a: Floette\n|-damage|p2a: Floette|28/100\n|move|p2a: Floette|Moonblast|p1a: Gengar\n|-activate|p1a: Gengar|move: Protect\n|\n|-heal|p1b: Rotom|16/100|[from] item: Leftovers\n|upkeep\n|turn|10\n|\n|t:|1776616533\n|move|p1b: Rotom|Protect|p1b: Rotom\n|-singleturn|p1b: Rotom|Protect\n|move|p1a: Gengar|Protect|p1a: Gengar\n|-singleturn|p1a: Gengar|Protect\n|move|p2b: Sinistcha|Matcha Gotcha|p1a: Gengar|[spread] \n|-activate|p1a: Gengar|move: Protect\n|-activate|p1b: Rotom|move: Protect\n|move|p2a: Floette|Moonblast|p1a: Gengar\n|-activate|p1a: Gengar|move: Protect\n|\n|-heal|p1b: Rotom|22/100|[from] item: Leftovers\n|-fieldend|move: Trick Room\n|upkeep\n|turn|11\n|\n|t:|1776616551\n|move|p2b: Sinistcha|Rage Powder|p2b: Sinistcha\n|-singleturn|p2b: Sinistcha|move: Rage Powder\n|move|p1a: Gengar|Icy Wind|p2b: Sinistcha|[spread] p2a,p2b\n|-crit|p2a: Floette\n|-supereffective|p2b: Sinistcha|1\n|-damage|p2a: Floette|8/100\n|-damage|p2b: Sinistcha|23/100\n|-unboost|p2a: Floette|spe|1\n|-unboost|p2b: Sinistcha|spe|1\n|move|p1b: Rotom|Electroweb|p2b: Sinistcha|[spread] p2a\n|-miss|p1b: Rotom|p2b: Sinistcha\n|-damage|p2a: Floette|0 fnt\n|faint|p2a: Floette\n|\n|-heal|p1b: Rotom|27/100|[from] item: Leftovers\n|upkeep\n|\n|t:|1776616556\n|switch|p2a: Garchomp|Garchomp, L50, F|100/100\n|turn|12\n|inactive|sdlt 2krl coolguy has 30 seconds left.\n|\n|t:|1776616583\n|move|p2b: Sinistcha|Rage Powder|p2b: Sinistcha\n|-singleturn|p2b: Sinistcha|move: Rage Powder\n|move|p2a: Garchomp|Stomping Tantrum|p1a: Gengar\n|-supereffective|p1a: Gengar|1\n|-damage|p1a: Gengar|0 fnt\n|faint|p1a: Gengar\n|move|p1b: Rotom|Hydro Pump|p2b: Sinistcha|[miss]\n|-miss|p1b: Rotom|p2b: Sinistcha\n|\n|-heal|p1b: Rotom|33/100|[from] item: Leftovers\n|upkeep\n|turn|13\n|-message|AngzVGC forfeited.\n|\n|win|sdlt 2krl coolguy\n|raw|AngzVGC's rating: 1241 &rarr; <strong>1220</strong><br />(-21 for losing)\n|raw|sdlt 2krl coolguy's rating: 1297 &rarr; <strong>1318</strong><br />(+21 for winning)\n",
  "uploadtime": 1776616592,
  "views": 13,
  "formatid": "gen9championsvgc2026regma",
  "rating": 1220,
  "private": 0,
  "password": null
}