{
  "id": "gen9championsvgc2026regma-2585771809",
  "format": "[Gen 9 Champions] VGC 2026 Reg M-A",
  "players": [
    "JulianSST",
    "Marcio Lira"
  ],
  "log": "|j|\u2606JulianSST\n|j|\u2606Marcio Lira\n|t:|1776369504\n|gametype|doubles\n|player|p1|JulianSST|169|1258\n|player|p2|Marcio Lira|bugcatcher-gen4dp|1242\n|gen|9\n|tier|[Gen 9 Champions] VGC 2026 Reg M-A\n|rated|\n|rule|Species Clause: Limit one of each Pok\u00e9mon\n|rule|Item Clause: Limit 1 of each item\n|clearpoke\n|poke|p1|Drampa, L50, F|\n|poke|p1|Oranguru, L50, M|\n|poke|p1|Torkoal, L50, F|\n|poke|p1|Sneasler, L50, F|\n|poke|p1|Incineroar, L50, M|\n|poke|p1|Sinistcha, L50|\n|poke|p2|Dragonite, L50, M|\n|poke|p2|Pelipper, L50, M|\n|poke|p2|Tinkaton, L50, F|\n|poke|p2|Archaludon, L50, M|\n|poke|p2|Basculegion, L50, M|\n|poke|p2|Gliscor, L50, M|\n|teampreview|4\n|\n|t:|1776369537\n|teamsize|p1|4\n|teamsize|p2|4\n|start\n|switch|p1a: Oranguru|Oranguru, L50, M|100/100\n|switch|p1b: Drampa|Drampa, L50, F|100/100\n|switch|p2a: Tinkaton|Tinkaton, L50, F|100/100\n|switch|p2b: Basculegion|Basculegion, L50, M|100/100\n|-ability|p1b: Drampa|Cloud Nine\n|turn|1\n|\n|t:|1776369552\n|detailschange|p1b: Drampa|Drampa-Mega, L50, F\n|-mega|p1b: Drampa|Drampa|Drampanite\n|move|p1b: Drampa|Protect|p1b: Drampa\n|-singleturn|p1b: Drampa|Protect\n|move|p2a: Tinkaton|Fake Out|p1a: Oranguru\n|-damage|p1a: Oranguru|89/100\n|move|p2b: Basculegion|Wave Crash|p1a: Oranguru\n|-damage|p1a: Oranguru|8/100\n|-damage|p2b: Basculegion|74/100|[from] Recoil\n|move|p1a: Oranguru|Trick Room|p1a: Oranguru\n|-fieldstart|move: Trick Room|[of] p1a: Oranguru\n|\n|upkeep\n|turn|2\n|\n|t:|1776369578\n|switch|p1a: Incineroar|Incineroar, L50, M|100/100\n|-ability|p1a: Incineroar|Intimidate|boost\n|-fail|p2a: Tinkaton|unboost|Attack|[from] ability: Own Tempo|[of] p2a: Tinkaton\n|-unboost|p2b: Basculegion|atk|1\n|switch|p2b: Pelipper|Pelipper, L50, M|100/100\n|-weather|RainDance|[from] ability: Drizzle|[of] p2b: Pelipper\n|move|p1b: Drampa|Draco Meteor|p2b: Pelipper|[miss]\n|-miss|p1b: Drampa|p2b: Pelipper\n|move|p2a: Tinkaton|Gigaton Hammer|p1b: Drampa\n|-damage|p1b: Drampa|38/100\n|-ability|p1b: Drampa|Berserk|boost\n|-boost|p1b: Drampa|spa|1\n|\n|-weather|RainDance|[upkeep]\n|upkeep\n|turn|3\n|\n|t:|1776369600\n|move|p2b: Pelipper|Protect|p2b: Pelipper\n|-singleturn|p2b: Pelipper|Protect\n|move|p2a: Tinkaton|Protect|p2a: Tinkaton\n|-singleturn|p2a: Tinkaton|Protect\n|move|p1a: Incineroar|Fake Out|p2a: Tinkaton\n|-activate|p2a: Tinkaton|move: Protect\n|move|p1b: Drampa|Hyper Voice|p2a: Tinkaton|[spread] \n|-activate|p2a: Tinkaton|move: Protect\n|-activate|p2b: Pelipper|move: Protect\n|\n|-weather|RainDance|[upkeep]\n|upkeep\n|turn|4\n|\n|t:|1776369634\n|move|p1b: Drampa|Hyper Voice|p2b: Pelipper|[spread] p2a,p2b\n|-resisted|p2a: Tinkaton|1\n|-damage|p2a: Tinkaton|72/100\n|-damage|p2b: Pelipper|11/100\n|move|p1a: Incineroar|Throat Chop|p2b: Pelipper\n|-damage|p2b: Pelipper|0 fnt\n|faint|p2b: Pelipper\n|move|p2a: Tinkaton|Gigaton Hammer|p1b: Drampa\n|-damage|p1b: Drampa|0 fnt\n|faint|p1b: Drampa\n|\n|-weather|RainDance|[upkeep]\n|upkeep\n|\n|t:|1776369646\n|switch|p1b: Torkoal|Torkoal, L50, F|100/100\n|switch|p2b: Archaludon|Archaludon, L50, M|100/100\n|-weather|SunnyDay|[from] ability: Drought|[of] p1b: Torkoal\n|turn|5\n|\n|t:|1776369660\n|switch|p1a: Oranguru|Oranguru, L50, M|8/100\n|move|p2b: Archaludon|Protect|p2b: Archaludon\n|-singleturn|p2b: Archaludon|Protect\n|move|p2a: Tinkaton|Protect|p2a: Tinkaton\n|-singleturn|p2a: Tinkaton|Protect\n|move|p1b: Torkoal|Eruption|p2b: Archaludon|[spread] \n|-activate|p2a: Tinkaton|move: Protect\n|-activate|p2b: Archaludon|move: Protect\n|\n|-weather|SunnyDay|[upkeep]\n|-fieldend|move: Trick Room\n|upkeep\n|turn|6\n|\n|t:|1776369684\n|move|p1a: Oranguru|Protect|p1a: Oranguru\n|-singleturn|p1a: Oranguru|Protect\n|move|p2a: Tinkaton|Gigaton Hammer|p1a: Oranguru\n|-activate|p1a: Oranguru|move: Protect\n|move|p2b: Archaludon|Draco Meteor|p1b: Torkoal\n|-damage|p1b: Torkoal|0 fnt\n|-unboost|p2b: Archaludon|spa|2\n|faint|p1b: Torkoal\n|-enditem|p2b: Archaludon|White Herb\n|-clearnegativeboost|p2b: Archaludon|[silent]\n|\n|-weather|SunnyDay|[upkeep]\n|upkeep\n|-message|JulianSST forfeited.\n|\n|win|Marcio Lira\n|raw|JulianSST's rating: 1258 &rarr; <strong>1232</strong><br />(-26 for losing)\n|raw|Marcio Lira's rating: 1242 &rarr; <strong>1268</strong><br />(+26 for winning)\n|l|\u2606JulianSST\n|player|p1|\n|l|\u2606Marcio Lira\n|player|p2|\n|j|\u2606Marcio Lira\n|player|p2|Marcio Lira|bugcatcher-gen4dp|\n",
  "uploadtime": 1776369704,
  "views": 39,
  "formatid": "gen9championsvgc2026regma",
  "rating": 1232,
  "private": 0,
  "password": null
}