{
  "id": "gen9championsvgc2026regma-2582233746",
  "format": "[Gen 9 Champions] VGC 2026 Reg M-A",
  "players": [
    "aggsapphire",
    "jamesey95"
  ],
  "log": "|j|\u2606aggsapphire\n|j|\u2606jamesey95\n|t:|1776074314\n|gametype|doubles\n|player|p1|aggsapphire|266|1180\n|player|p2|jamesey95|rancher|1103\n|gen|9\n|tier|[Gen 9 Champions] VGC 2026 Reg M-A\n|rated|\n|rule|Species Clause: Limit one of each Pok\u00e9mon\n|rule|Item Clause: Limit 1 of each item\n|clearpoke\n|poke|p1|Charizard, L50, F|\n|poke|p1|Venusaur, L50, M|\n|poke|p1|Incineroar, L50, M|\n|poke|p1|Basculegion, L50, M|\n|poke|p1|Garchomp, L50, M|\n|poke|p1|Sneasler, L50, M|\n|poke|p2|Manectric, L50, F|\n|poke|p2|Farigiraf, L50, F|\n|poke|p2|Conkeldurr, L50, F|\n|poke|p2|Scizor, L50, M|\n|poke|p2|Garganacl, L50, F|\n|poke|p2|Zoroark, L50, M|\n|teampreview|4\n|inactive|Battle timer is ON: inactive players will automatically lose when time's up. (requested by jamesey95)\n|inactive|aggsapphire has 60 seconds left.\n|\n|t:|1776074382\n|teamsize|p1|4\n|teamsize|p2|4\n|start\n|switch|p1a: Charizard|Charizard, L50, F|100/100\n|switch|p1b: Garchomp|Garchomp, L50, M|100/100\n|switch|p2a: Manectric|Manectric, L50, F|100/100\n|switch|p2b: Farigiraf|Farigiraf, L50, F|100/100\n|turn|1\n|\n|t:|1776074401\n|detailschange|p2a: Manectric|Manectric-Mega, L50, F\n|-mega|p2a: Manectric|Manectric|Manectite\n|-ability|p2a: Manectric|Intimidate|boost\n|-unboost|p1a: Charizard|atk|1\n|-unboost|p1b: Garchomp|atk|1\n|detailschange|p1a: Charizard|Charizard-Mega-Y, L50, F\n|-mega|p1a: Charizard|Charizard|Charizardite Y\n|-weather|SunnyDay|[from] ability: Drought|[of] p1a: Charizard\n|move|p2a: Manectric|Volt Switch|p1a: Charizard\n|-supereffective|p1a: Charizard|1\n|-damage|p1a: Charizard|17/100\n|\n|t:|1776074412\n|switch|p2a: Conkeldurr|Conkeldurr, L50, F|100/100|[from] Volt Switch\n|move|p1b: Garchomp|Earthquake|p2a: Conkeldurr|[spread] p2a,p2b\n|-immune|p1a: Charizard\n|-damage|p2a: Conkeldurr|72/100\n|-damage|p2b: Farigiraf|78/100\n|move|p1a: Charizard|Weather Ball|p2b: Farigiraf\n|-damage|p2b: Farigiraf|0 fnt\n|faint|p2b: Farigiraf\n|\n|-weather|SunnyDay|[upkeep]\n|upkeep\n|\n|t:|1776074419\n|switch|p2b: Garganacl|Garganacl, L50, F|100/100\n|turn|2\n|\n|t:|1776074437\n|switch|p1b: Incineroar|Incineroar, L50, M|100/100\n|-ability|p1b: Incineroar|Intimidate|boost\n|-unboost|p2a: Conkeldurr|atk|1\n|-fail|p2b: Garganacl|unboost|[from] ability: Clear Body|[of] p2b: Garganacl\n|-enditem|p2a: Conkeldurr|White Herb\n|-clearnegativeboost|p2a: Conkeldurr|[silent]\n|move|p1a: Charizard|Air Slash|p2a: Conkeldurr\n|-supereffective|p2a: Conkeldurr|1\n|-damage|p2a: Conkeldurr|0 fnt\n|faint|p2a: Conkeldurr\n|move|p2b: Garganacl|Rock Slide|p1b: Incineroar|[spread] p1a,p1b\n|-supereffective|p1a: Charizard|2\n|-supereffective|p1b: Incineroar|1\n|-crit|p1b: Incineroar\n|-damage|p1a: Charizard|0 fnt\n|-damage|p1b: Incineroar|31/100\n|-enditem|p1b: Incineroar|Sitrus Berry|[eat]\n|-heal|p1b: Incineroar|56/100|[from] item: Sitrus Berry\n|faint|p1a: Charizard\n|\n|-weather|SunnyDay|[upkeep]\n|upkeep\n|\n|t:|1776074457\n|switch|p1a: Venusaur|Venusaur, L50, M|100/100\n|switch|p2a: Manectric|Manectric-Mega, L50, F|100/100\n|-ability|p2a: Manectric|Intimidate|boost\n|-unboost|p1a: Venusaur|atk|1\n|-unboost|p1b: Incineroar|atk|1\n|turn|3\n|\n|t:|1776074468\n|move|p2b: Garganacl|Protect|p2b: Garganacl\n|-singleturn|p2b: Garganacl|Protect\n|move|p1b: Incineroar|Fake Out|p2b: Garganacl\n|-activate|p2b: Garganacl|move: Protect\n|move|p1a: Venusaur|Sleep Powder|p2a: Manectric\n|-status|p2a: Manectric|slp|[from] move: Sleep Powder\n|cant|p2a: Manectric|slp\n|\n|-weather|SunnyDay|[upkeep]\n|upkeep\n|turn|4\n|\n|t:|1776074480\n|move|p1a: Venusaur|Energy Ball|p2b: Garganacl\n|-supereffective|p2b: Garganacl|1\n|-damage|p2b: Garganacl|19/100\n|cant|p2a: Manectric|slp\n|move|p1b: Incineroar|Flare Blitz|p2b: Garganacl\n|-resisted|p2b: Garganacl|1\n|-damage|p2b: Garganacl|0 fnt\n|faint|p2b: Garganacl\n|-damage|p1b: Incineroar|50/100|[from] Recoil\n|\n|-weather|SunnyDay|[upkeep]\n|upkeep\n|turn|5\n|-message|jamesey95 forfeited.\n|\n|win|aggsapphire\n|raw|aggsapphire's rating: 1180 &rarr; <strong>1200</strong><br />(+20 for winning)\n|raw|jamesey95's rating: 1103 &rarr; <strong>1083</strong><br />(-20 for losing)\n|l|\u2606jamesey95\n|player|p2|\n",
  "uploadtime": 1776074512,
  "views": 15,
  "formatid": "gen9championsvgc2026regma",
  "rating": 1083,
  "private": 0,
  "password": null
}