{
  "id": "gen9championsvgc2026regma-2586015015",
  "format": "[Gen 9 Champions] VGC 2026 Reg M-A",
  "players": [
    "yollm",
    "lucasforce"
  ],
  "log": "|j|\u2606yollm\n|j|\u2606lucasforce\n|t:|1776390418\n|gametype|doubles\n|player|p1|yollm|169|1000\n|player|p2|lucasforce|102|1075\n|gen|9\n|tier|[Gen 9 Champions] VGC 2026 Reg M-A\n|rated|\n|rule|Species Clause: Limit one of each Pok\u00e9mon\n|rule|Item Clause: Limit 1 of each item\n|clearpoke\n|poke|p1|Farigiraf, L50, F|\n|poke|p1|Mimikyu, L50, F|\n|poke|p1|Incineroar, L50, F|\n|poke|p1|Rhyperior, L50, M|\n|poke|p1|Sinistcha, L50|\n|poke|p1|Camerupt, L50, F|\n|poke|p2|Floette-Eternal, L50, F|\n|poke|p2|Aerodactyl, L50, F|\n|poke|p2|Tauros-Paldea-Aqua, L50, M|\n|poke|p2|Politoed, L50, F|\n|poke|p2|Sylveon, L50, F|\n|poke|p2|Aegislash, L50, F|\n|teampreview|4\n|inactive|Battle timer is ON: inactive players will automatically lose when time's up. (requested by lucasforce)\n|\n|t:|1776390448\n|teamsize|p1|4\n|teamsize|p2|4\n|start\n|switch|p1a: Incineroar|Incineroar, L50, F|100/100\n|switch|p1b: Farigiraf|Farigiraf, L50, F|100/100\n|switch|p2a: Floette|Floette-Eternal, L50, F|100/100\n|switch|p2b: Sylveon|Sylveon, L50, F|100/100\n|-ability|p1a: Incineroar|Intimidate|boost\n|-unboost|p2a: Floette|atk|1\n|-unboost|p2b: Sylveon|atk|1\n|turn|1\n|\n|t:|1776390470\n|detailschange|p2a: Floette|Floette-Mega, L50, F\n|-mega|p2a: Floette|Floette|Floettite\n|-ability|p2a: Floette|Fairy Aura\n|move|p2a: Floette|Protect|p2a: Floette\n|-singleturn|p2a: Floette|Protect\n|move|p1a: Incineroar|Fake Out|p2a: Floette\n|-activate|p2a: Floette|move: Protect\n|move|p2b: Sylveon|Hyper Voice|p1a: Incineroar|[spread] p1a,p1b\n|-damage|p1a: Incineroar|64/100\n|-damage|p1b: Farigiraf|47/100\n|move|p1b: Farigiraf|Imprison|p1b: Farigiraf\n|-start|p1b: Farigiraf|move: Imprison\n|\n|upkeep\n|turn|2\n|inactive|lucasforce has 30 seconds left.\n|\n|t:|1776390500\n|move|p2b: Sylveon|Hyper Voice|p1b: Farigiraf|[spread] p1a,p1b\n|-damage|p1a: Incineroar|26/100\n|-damage|p1b: Farigiraf|0 fnt\n|-enditem|p1a: Incineroar|Sitrus Berry|[eat]\n|-heal|p1a: Incineroar|50/100|[from] item: Sitrus Berry\n|faint|p1b: Farigiraf\n|move|p2a: Floette|Dazzling Gleam|p1a: Incineroar\n|-damage|p1a: Incineroar|4/100\n|move|p1a: Incineroar|Flare Blitz|p2b: Sylveon\n|-damage|p2b: Sylveon|32/100\n|-damage|p1a: Incineroar|0 fnt|[from] Recoil\n|faint|p1a: Incineroar\n|\n|upkeep\n|\n|t:|1776390515\n|switch|p1a: Rhyperior|Rhyperior, L50, M|100/100\n|switch|p1b: Sinistcha|Sinistcha, L50|100/100\n|turn|3\n|\n|t:|1776390523\n|move|p1b: Sinistcha|Rage Powder|p1b: Sinistcha\n|-singleturn|p1b: Sinistcha|move: Rage Powder\n|move|p2b: Sylveon|Hyper Voice|p1b: Sinistcha|[spread] p1a,p1b\n|-crit|p1b: Sinistcha\n|-damage|p1a: Rhyperior|39/100\n|-damage|p1b: Sinistcha|28/100\n|move|p2a: Floette|Moonblast|p1b: Sinistcha\n|-damage|p1b: Sinistcha|0 fnt\n|faint|p1b: Sinistcha\n|move|p1a: Rhyperior|Rock Slide|p2b: Sylveon|[spread] p2a,p2b\n|-damage|p2a: Floette|53/100\n|-damage|p2b: Sylveon|0 fnt\n|faint|p2b: Sylveon\n|\n|-heal|p1a: Rhyperior|45/100|[from] item: Leftovers\n|upkeep\n|\n|t:|1776390530\n|switch|p2b: Tauros|Tauros-Paldea-Aqua, L50, M|100/100\n|-ability|p2b: Tauros|Intimidate|boost\n|-unboost|p1a: Rhyperior|atk|1\n|turn|4\n|\n|t:|1776390537\n|move|p1a: Rhyperior|Protect|p1a: Rhyperior\n|-singleturn|p1a: Rhyperior|Protect\n|move|p2a: Floette|Moonblast|p1a: Rhyperior\n|-activate|p1a: Rhyperior|move: Protect\n|move|p2b: Tauros|Wave Crash|p1a: Rhyperior\n|-activate|p1a: Rhyperior|move: Protect\n|\n|-heal|p1a: Rhyperior|51/100|[from] item: Leftovers\n|upkeep\n|turn|5\n|\n|t:|1776390544\n|move|p2a: Floette|Moonblast|p1a: Rhyperior\n|-damage|p1a: Rhyperior|0 fnt\n|faint|p1a: Rhyperior\n|\n|win|lucasforce\n|raw|yollm's rating: 1000 &rarr; <strong>1000</strong><br />(+0 for losing)\n|raw|lucasforce's rating: 1075 &rarr; <strong>1098</strong><br />(+23 for winning)\n|l|\u2606yollm\n|player|p1|\n",
  "uploadtime": 1776390550,
  "views": 17,
  "formatid": "gen9championsvgc2026regma",
  "rating": 1000,
  "private": 0,
  "password": null
}