{
  "id": "gen9championsvgc2026regma-2582645769",
  "format": "[Gen 9 Champions] VGC 2026 Reg M-A",
  "players": [
    "shin-tv07",
    "eu to trist"
  ],
  "log": "|j|\u2606shin-tv07\n|j|\u2606eu to trist\n|t:|1776104671\n|gametype|doubles\n|player|p1|shin-tv07|twins-gen4dp|1162\n|player|p2|eu to trist|clown|1078\n|gen|9\n|tier|[Gen 9 Champions] VGC 2026 Reg M-A\n|rated|\n|rule|Species Clause: Limit one of each Pok\u00e9mon\n|rule|Item Clause: Limit 1 of each item\n|clearpoke\n|poke|p1|Tauros-Paldea-Aqua, L50, M|\n|poke|p1|Froslass, L50, F|\n|poke|p1|Whimsicott, L50, F|\n|poke|p1|Incineroar, L50, M|\n|poke|p1|Palafin, L50, F|\n|poke|p1|Floette-Eternal, L50, F|\n|poke|p2|Archaludon, L50, F|\n|poke|p2|Pelipper, L50, M|\n|poke|p2|Glimmora, L50, F|\n|poke|p2|Basculegion, L50, M|\n|poke|p2|Incineroar, L50, M|\n|poke|p2|Whimsicott, L50, M|\n|teampreview|4\n|\n|t:|1776104697\n|teamsize|p1|4\n|teamsize|p2|4\n|start\n|switch|p1a: Tauros|Tauros-Paldea-Aqua, L50, M|100/100\n|switch|p1b: Froslass|Froslass, L50, F|100/100\n|switch|p2a: Incineroar|Incineroar, L50, M|100/100\n|switch|p2b: Whimsicott|Whimsicott, L50, M|100/100\n|-ability|p2a: Incineroar|Intimidate|boost\n|-unboost|p1a: Tauros|atk|1\n|-unboost|p1b: Froslass|atk|1\n|turn|1\n|\n|t:|1776104717\n|move|p2a: Incineroar|Fake Out|p1a: Tauros\n|-damage|p1a: Tauros|87/100\n|move|p2b: Whimsicott|Tailwind|p2b: Whimsicott\n|-sidestart|p2: eu to trist|move: Tailwind\n|move|p1b: Froslass|Frost Breath|p1a: Tauros\n|-resisted|p1a: Tauros|1\n|-crit|p1a: Tauros\n|-damage|p1a: Tauros|72/100\n|-setboost|p1a: Tauros|atk|6|[from] ability: Anger Point\n|cant|p1a: Tauros|flinch\n|\n|upkeep\n|turn|2\n|\n|t:|1776104734\n|detailschange|p1b: Froslass|Froslass-Mega, L50, F\n|-mega|p1b: Froslass|Froslass|Froslassite\n|-weather|Snowscape|[from] ability: Snow Warning|[of] p1b: Froslass\n|move|p1a: Tauros|Protect|p1a: Tauros\n|-singleturn|p1a: Tauros|Protect\n|move|p2b: Whimsicott|Moonblast|p1a: Tauros\n|-activate|p1a: Tauros|move: Protect\n|move|p1b: Froslass|Aurora Veil|p1b: Froslass\n|-sidestart|p1: shin-tv07|move: Aurora Veil\n|move|p2a: Incineroar|Darkest Lariat|p1b: Froslass\n|-supereffective|p1b: Froslass|1\n|-damage|p1b: Froslass|56/100\n|\n|-weather|Snowscape|[upkeep]\n|upkeep\n|turn|3\n|\n|t:|1776104782\n|move|p2b: Whimsicott|Fake Tears|p1a: Tauros\n|-unboost|p1a: Tauros|spd|2\n|move|p1b: Froslass|Blizzard|p2b: Whimsicott|[spread] p2a,p2b\n|-resisted|p2a: Incineroar|1\n|-supereffective|p2b: Whimsicott|1\n|-damage|p2a: Incineroar|87/100\n|-damage|p2b: Whimsicott|11/100\n|move|p2a: Incineroar|Parting Shot|p1b: Froslass\n|-unboost|p1b: Froslass|atk|1\n|-unboost|p1b: Froslass|spa|1\n|\n|t:|1776104798\n|switch|p2a: Glimmora|Glimmora, L50, F|100/100|[from] Parting Shot\n|move|p1a: Tauros|Rock Slide|p2b: Whimsicott|[spread] p2a,p2b\n|-damage|p2a: Glimmora|37/100\n|-damage|p2b: Whimsicott|0 fnt\n|-activate|p2a: Glimmora|ability: Toxic Debris\n|-sidestart|p1: shin-tv07|move: Toxic Spikes\n|faint|p2b: Whimsicott\n|\n|-weather|Snowscape|[upkeep]\n|upkeep\n|\n|t:|1776104804\n|switch|p2b: Basculegion|Basculegion, L50, M|100/100\n|turn|4\n|\n|t:|1776104837\n|detailschange|p2a: Glimmora|Glimmora-Mega, L50, F\n|-mega|p2a: Glimmora|Glimmora|Glimmoranite\n|move|p1a: Tauros|Aqua Jet|p2a: Glimmora\n|-supereffective|p2a: Glimmora|1\n|-damage|p2a: Glimmora|0 fnt\n|faint|p2a: Glimmora\n|move|p2b: Basculegion|Last Respects|p1b: Froslass\n|-supereffective|p1b: Froslass|1\n|-damage|p1b: Froslass|0 fnt\n|faint|p1b: Froslass\n|\n|-weather|Snowscape|[upkeep]\n|-sideend|p2: eu to trist|move: Tailwind\n|upkeep\n|\n|t:|1776104849\n|switch|p1b: Whimsicott|Whimsicott, L50, F|100/100\n|switch|p2a: Incineroar|Incineroar, L50, M|87/100\n|-status|p1b: Whimsicott|psn\n|-ability|p2a: Incineroar|Intimidate|boost\n|-unboost|p1a: Tauros|atk|1\n|-unboost|p1b: Whimsicott|atk|1\n|turn|5\n|\n|t:|1776104858\n|move|p1b: Whimsicott|Protect|p1b: Whimsicott\n|-singleturn|p1b: Whimsicott|Protect\n|move|p1a: Tauros|Protect|p1a: Tauros\n|-singleturn|p1a: Tauros|Protect\n|move|p2a: Incineroar|Fake Out|p1a: Tauros\n|-activate|p1a: Tauros|move: Protect\n|move|p2b: Basculegion|Last Respects|p1b: Whimsicott\n|-activate|p1b: Whimsicott|move: Protect\n|\n|-weather|Snowscape|[upkeep]\n|-damage|p1b: Whimsicott|88/100 psn|[from] psn\n|upkeep\n|turn|6\n|\n|t:|1776104874\n|move|p2b: Basculegion|Protect|p2b: Basculegion\n|-singleturn|p2b: Basculegion|Protect\n|move|p1b: Whimsicott|Tailwind|p1b: Whimsicott\n|-sidestart|p1: shin-tv07|move: Tailwind\n|move|p1a: Tauros|Rock Slide|p2a: Incineroar|[spread] p2a\n|-activate|p2b: Basculegion|move: Protect\n|-supereffective|p2a: Incineroar|1\n|-damage|p2a: Incineroar|0 fnt\n|faint|p2a: Incineroar\n|\n|-weather|none\n|-damage|p1b: Whimsicott|76/100 psn|[from] psn\n|-sideend|p1: shin-tv07|move: Aurora Veil\n|upkeep\n|turn|7\n|\n|t:|1776104901\n|move|p1b: Whimsicott|Moonblast|p2b: Basculegion\n|-damage|p2b: Basculegion|62/100\n|move|p1a: Tauros|Rock Slide|p2b: Basculegion\n|-damage|p2b: Basculegion|0 fnt\n|faint|p2b: Basculegion\n|\n|win|shin-tv07\n|raw|shin-tv07's rating: 1162 &rarr; <strong>1181</strong><br />(+19 for winning)\n|raw|eu to trist's rating: 1078 &rarr; <strong>1061</strong><br />(-17 for losing)\n|l|\u2606eu to trist\n|player|p2|\n|c|\u2606shin-tv07|gg\n|c|\u2606shin-tv07|you tried\n",
  "uploadtime": 1776104910,
  "views": 12,
  "formatid": "gen9championsvgc2026regma",
  "rating": 1061,
  "private": 0,
  "password": null
}