{
  "id": "gen9championsvgc2026regma-2588237821",
  "format": "[Gen 9 Champions] VGC 2026 Reg M-A",
  "players": [
    "Mbozzo11",
    "RolandGT"
  ],
  "log": "|j|\u2606Mbozzo11\n|j|\u2606RolandGT\n|t:|1776617025\n|gametype|doubles\n|player|p1|Mbozzo11|gentleman-gen4|1034\n|player|p2|RolandGT|veteran|1097\n|gen|9\n|tier|[Gen 9 Champions] VGC 2026 Reg M-A\n|rated|\n|rule|Species Clause: Limit one of each Pok\u00e9mon\n|rule|Item Clause: Limit 1 of each item\n|clearpoke\n|poke|p1|Venusaur, L50, F|\n|poke|p1|Espathra, L50, M|\n|poke|p1|Maushold, L50|\n|poke|p1|Lucario, L50, M|\n|poke|p1|Sylveon, L50, F|\n|poke|p1|Incineroar, L50, M|\n|poke|p2|Toucannon, L50, M|\n|poke|p2|Polteageist, L50|\n|poke|p2|Lopunny, L50, F|\n|poke|p2|Rotom-Wash, L50|\n|poke|p2|Sableye, L50, F|\n|poke|p2|Orthworm, L50, F|\n|teampreview|4\n|inactive|Battle timer is ON: inactive players will automatically lose when time's up. (requested by RolandGT)\n|inactive|Mbozzo11 also wants the timer to be on.\n|inactive|RolandGT has 60 seconds left.\n|\n|t:|1776617080\n|teamsize|p1|4\n|teamsize|p2|4\n|start\n|switch|p1a: Espathra|Espathra, L50, M|100/100\n|switch|p1b: Lucario|Lucario, L50, M|100/100\n|switch|p2a: Lopunny|Lopunny, L50, F|100/100\n|switch|p2b: Orthworm|Orthworm, L50, F|100/100\n|turn|1\n|\n|t:|1776617095\n|detailschange|p2a: Lopunny|Lopunny-Mega, L50, F\n|-mega|p2a: Lopunny|Lopunny|Lopunnite\n|move|p2a: Lopunny|Close Combat|p1b: Lucario\n|-supereffective|p1b: Lucario|1\n|-damage|p1b: Lucario|0 fnt\n|-unboost|p2a: Lopunny|def|1\n|-unboost|p2a: Lopunny|spd|1\n|faint|p1b: Lucario\n|move|p1a: Espathra|Calm Mind|p1a: Espathra\n|-boost|p1a: Espathra|spa|1\n|-boost|p1a: Espathra|spd|1\n|move|p2b: Orthworm|Shed Tail|p2b: Orthworm\n|-start|p2b: Orthworm|Substitute|[from] move: Shed Tail\n|-damage|p2b: Orthworm|50/100\n|\n|t:|1776617107\n|switch|p2b: Polteageist|Polteageist, L50|100/100|[from] Shed Tail\n|\n|-ability|p1a: Espathra|Speed Boost|boost\n|-boost|p1a: Espathra|spe|1\n|upkeep\n|\n|t:|1776617113\n|switch|p1b: Incineroar|Incineroar, L50, M|100/100\n|-ability|p1b: Incineroar|Intimidate|boost\n|-fail|p2a: Lopunny|unboost|Attack|[from] ability: Scrappy|[of] p2a: Lopunny\n|-immune|p2b: Polteageist\n|turn|2\n|\n|t:|1776617137\n|move|p2a: Lopunny|Protect|p2a: Lopunny\n|-singleturn|p2a: Lopunny|Protect\n|move|p1a: Espathra|Calm Mind|p1a: Espathra\n|-boost|p1a: Espathra|spa|1\n|-boost|p1a: Espathra|spd|1\n|move|p2b: Polteageist|Shell Smash|p2b: Polteageist\n|-unboost|p2b: Polteageist|def|1\n|-unboost|p2b: Polteageist|spd|1\n|-boost|p2b: Polteageist|atk|2\n|-boost|p2b: Polteageist|spa|2\n|-boost|p2b: Polteageist|spe|2\n|move|p1b: Incineroar|Will-O-Wisp|p2a: Lopunny\n|-activate|p2a: Lopunny|move: Protect\n|\n|-ability|p1a: Espathra|Speed Boost|boost\n|-boost|p1a: Espathra|spe|1\n|upkeep\n|turn|3\n|\n|t:|1776617158\n|move|p1a: Espathra|Baton Pass|p1a: Espathra\n|\n|t:|1776617160\n|switch|p1a: Venusaur|Venusaur, L50, F|100/100|[from] Baton Pass\n|move|p2b: Polteageist|Shell Smash|p2b: Polteageist\n|-unboost|p2b: Polteageist|def|1\n|-unboost|p2b: Polteageist|spd|1\n|-boost|p2b: Polteageist|atk|2\n|-boost|p2b: Polteageist|spa|2\n|-boost|p2b: Polteageist|spe|2\n|move|p2a: Lopunny|Close Combat|p1b: Incineroar\n|-supereffective|p1b: Incineroar|1\n|-damage|p1b: Incineroar|0 fnt\n|-unboost|p2a: Lopunny|def|1\n|-unboost|p2a: Lopunny|spd|1\n|faint|p1b: Incineroar\n|\n|upkeep\n|\n|t:|1776617171\n|switch|p1b: Espathra|Espathra, L50, M|100/100\n|turn|4\n|\n|t:|1776617188\n|switch|p2a: Orthworm|Orthworm, L50, F|50/100\n|detailschange|p1a: Venusaur|Venusaur-Mega, L50, F\n|-mega|p1a: Venusaur|Venusaur|Venusaurite\n|move|p2b: Polteageist|Stored Power|p1a: Venusaur\n|-supereffective|p1a: Venusaur|1\n|-damage|p1a: Venusaur|0 fnt\n|faint|p1a: Venusaur\n|move|p1b: Espathra|Calm Mind|p1b: Espathra\n|-boost|p1b: Espathra|spa|1\n|-boost|p1b: Espathra|spd|1\n|\n|-ability|p1b: Espathra|Speed Boost|boost\n|-boost|p1b: Espathra|spe|1\n|upkeep\n|turn|5\n|-message|Mbozzo11 forfeited.\n|\n|win|RolandGT\n|raw|Mbozzo11's rating: 1034 &rarr; <strong>1022</strong><br />(-12 for losing)\n|raw|RolandGT's rating: 1097 &rarr; <strong>1118</strong><br />(+21 for winning)\n|l|\u2606Mbozzo11\n|player|p1|\n",
  "uploadtime": 1776617313,
  "views": 17,
  "formatid": "gen9championsvgc2026regma",
  "rating": 1022,
  "private": 0,
  "password": null
}