{
  "id": "gen9championsvgc2026regma-2587114428",
  "format": "[Gen 9 Champions] VGC 2026 Reg M-A",
  "players": [
    "carlosdnutz",
    "Captain Clean 13"
  ],
  "log": "|j|\u2606carlosdnutz\n|j|\u2606Captain Clean 13\n|t:|1776495416\n|gametype|doubles\n|player|p1|carlosdnutz|266|1047\n|player|p2|Captain Clean 13|steven|1122\n|gen|9\n|tier|[Gen 9 Champions] VGC 2026 Reg M-A\n|rated|\n|rule|Species Clause: Limit one of each Pok\u00e9mon\n|rule|Item Clause: Limit 1 of each item\n|clearpoke\n|poke|p1|Charizard, L50, F|\n|poke|p1|Garchomp, L50, F|\n|poke|p1|Aegislash, L50, M|\n|poke|p1|Milotic, L50, M|\n|poke|p1|Kingambit, L50, M|\n|poke|p1|Basculegion, L50, M|\n|poke|p2|Drampa, L50, M|\n|poke|p2|Farigiraf, L50, F|\n|poke|p2|Volcarona, L50, M|\n|poke|p2|Torkoal, L50, F|\n|poke|p2|Sylveon, L50, M|\n|poke|p2|Aegislash, L50, M|\n|teampreview|4\n|inactive|Battle timer is ON: inactive players will automatically lose when time's up. (requested by Captain Clean 13)\n|c|\u2606Captain Clean 13|I like most of those Pokemon, aside from the cringe fish\n|c|\u2606Captain Clean 13|glhf!\n|inactive|Captain Clean 13 has 60 seconds left.\n|c|\u2606carlosdnutz|Glhf\n|inactive|Captain Clean 13 has 30 seconds left.\n|\n|t:|1776495478\n|teamsize|p1|4\n|teamsize|p2|4\n|start\n|switch|p1a: Garchomp|Garchomp, L50, F|100/100\n|switch|p1b: Basculegion|Basculegion, L50, M|100/100\n|switch|p2a: Farigiraf|Farigiraf, L50, F|100/100\n|switch|p2b: Rohnta|Volcarona, L50, M|100/100\n|turn|1\n|inactive|carlosdnutz has 30 seconds left.\n|\n|t:|1776495511\n|move|p2b: Rohnta|Rage Powder|p2b: Rohnta\n|-singleturn|p2b: Rohnta|move: Rage Powder\n|move|p1b: Basculegion|Wave Crash|p2b: Rohnta\n|-supereffective|p2b: Rohnta|1\n|-enditem|p2b: Rohnta|Focus Sash\n|-damage|p2b: Rohnta|1/100\n|-damage|p1b: Basculegion|70/100|[from] Recoil\n|move|p1a: Garchomp|Rock Slide|p2a: Farigiraf|[spread] p2a,p2b\n|-supereffective|p2b: Rohnta|2\n|-damage|p2a: Farigiraf|86/100\n|-damage|p2b: Rohnta|0 fnt\n|faint|p2b: Rohnta\n|move|p2a: Farigiraf|Trick Room|p2a: Farigiraf\n|-fieldstart|move: Trick Room|[of] p2a: Farigiraf\n|\n|upkeep\n|\n|t:|1776495525\n|switch|p2b: Drampa|Drampa, L50, M|100/100\n|turn|2\n|\n|t:|1776495542\n|detailschange|p2b: Drampa|Drampa-Mega, L50, M\n|-mega|p2b: Drampa|Drampa|Drampanite\n|move|p2b: Drampa|Thunderbolt|p1b: Basculegion\n|-supereffective|p1b: Basculegion|1\n|-damage|p1b: Basculegion|0 fnt\n|faint|p1b: Basculegion\n|move|p2a: Farigiraf|Wish|p2a: Farigiraf\n|move|p1a: Garchomp|Dragon Claw|p2b: Drampa\n|-supereffective|p2b: Drampa|1\n|-damage|p2b: Drampa|32/100\n|-ability|p2b: Drampa|Berserk|boost\n|-boost|p2b: Drampa|spa|1\n|\n|upkeep\n|\n|t:|1776495555\n|switch|p1b: Kingambit|Kingambit, L50, M|100/100\n|turn|3\n|\n|t:|1776495566\n|move|p2a: Farigiraf|Ally Switch|p2a: Farigiraf\n|swap|p2a: Farigiraf|1|[from] move: Ally Switch\n|move|p2a: Drampa|Dragon Pulse|p1a: Garchomp\n|-supereffective|p1a: Garchomp|1\n|-damage|p1a: Garchomp|0 fnt\n|faint|p1a: Garchomp\n|move|p1b: Kingambit|Low Kick|p2a: Drampa\n|-supereffective|p2a: Drampa|1\n|-crit|p2a: Drampa\n|-damage|p2a: Drampa|0 fnt\n|faint|p2a: Drampa\n|\n|upkeep\n|\n|t:|1776495577\n|switch|p2a: Torkoal|Torkoal, L50, F|100/100\n|switch|p1a: Charizard|Charizard, L50, F|100/100\n|-weather|SunnyDay|[from] ability: Drought|[of] p2a: Torkoal\n|turn|4\n|\n|t:|1776495600\n|detailschange|p1a: Charizard|Charizard-Mega-Y, L50, F\n|-mega|p1a: Charizard|Charizard|Charizardite Y\n|move|p2a: Torkoal|Eruption|p1a: Charizard|[spread] p1a,p1b\n|-resisted|p1a: Charizard|1\n|-supereffective|p1b: Kingambit|1\n|-damage|p1a: Charizard|62/100\n|-damage|p1b: Kingambit|0 fnt\n|faint|p1b: Kingambit\n|move|p2b: Farigiraf|Psychic|p1a: Charizard\n|-damage|p1a: Charizard|31/100\n|move|p1a: Charizard|Weather Ball|p2b: Farigiraf\n|-damage|p2b: Farigiraf|6/100\n|-enditem|p2b: Farigiraf|Sitrus Berry|[eat]\n|-heal|p2b: Farigiraf|30/100|[from] item: Sitrus Berry\n|\n|-weather|SunnyDay|[upkeep]\n|upkeep\n|turn|5\n|\n|t:|1776495617\n|move|p2a: Torkoal|Eruption|p1a: Charizard\n|-resisted|p1a: Charizard|1\n|-damage|p1a: Charizard|0 fnt\n|faint|p1a: Charizard\n|\n|win|Captain Clean 13\n|raw|carlosdnutz's rating: 1047 &rarr; <strong>1034</strong><br />(-13 for losing)\n|raw|Captain Clean 13's rating: 1122 &rarr; <strong>1142</strong><br />(+20 for winning)\n|c|\u2606carlosdnutz|Gg\n|c|\u2606Captain Clean 13|GG\n",
  "uploadtime": 1776495627,
  "views": 15,
  "formatid": "gen9championsvgc2026regma",
  "rating": 1034,
  "private": 0,
  "password": null
}