{
  "id": "gen9championsvgc2026regma-2585497444",
  "format": "[Gen 9 Champions] VGC 2026 Reg M-A",
  "players": [
    "slyvesterccd",
    "Hudson128"
  ],
  "log": "|j|\u2606slyvesterccd\n|j|\u2606Hudson128\n|t:|1776351531\n|gametype|doubles\n|player|p1|slyvesterccd|265|1075\n|player|p2|Hudson128|2|1015\n|gen|9\n|tier|[Gen 9 Champions] VGC 2026 Reg M-A\n|rated|\n|rule|Species Clause: Limit one of each Pok\u00e9mon\n|rule|Item Clause: Limit 1 of each item\n|clearpoke\n|poke|p1|Gardevoir, L50, F|\n|poke|p1|Sinistcha, L50|\n|poke|p1|Slowking-Galar, L50, M|\n|poke|p1|Conkeldurr, L50, M|\n|poke|p1|Farigiraf, L50, M|\n|poke|p1|Heracross, L50, M|\n|poke|p2|Whimsicott, L50, F|\n|poke|p2|Clefable, L50, F|\n|poke|p2|Charizard, L50, F|\n|poke|p2|Sinistcha, L50|\n|poke|p2|Scovillain, L50, F|\n|poke|p2|Sneasler, L50, M|\n|teampreview|4\n|\n|t:|1776351561\n|teamsize|p1|4\n|teamsize|p2|4\n|start\n|switch|p1a: Farigiraf|Farigiraf, L50, M|100/100\n|switch|p1b: Gardevoir|Gardevoir, L50, F, shiny|100/100\n|switch|p2a: Whimsicott|Whimsicott, L50, F|100/100\n|switch|p2b: Sneasler|Sneasler, L50, M|100/100\n|turn|1\n|\n|t:|1776351587\n|move|p1b: Gardevoir|Protect|p1b: Gardevoir\n|-singleturn|p1b: Gardevoir|Protect\n|move|p2b: Sneasler|Fake Out||[still]\n|cant|p1a: Farigiraf|ability: Armor Tail|Fake Out|[of] p2b: Sneasler\n|move|p2a: Whimsicott|Tailwind|p2a: Whimsicott\n|-sidestart|p2: Hudson128|move: Tailwind\n|move|p1a: Farigiraf|Psychic Noise|p2b: Sneasler\n|-supereffective|p2b: Sneasler|2\n|-damage|p2b: Sneasler|0 fnt\n|faint|p2b: Sneasler\n|\n|upkeep\n|\n|t:|1776351600\n|switch|p2b: Charizard|Charizard, L50, F|100/100\n|turn|2\n|\n|t:|1776351636\n|detailschange|p2b: Charizard|Charizard-Mega-Y, L50, F\n|-mega|p2b: Charizard|Charizard|Charizardite Y\n|-weather|SunnyDay|[from] ability: Drought|[of] p2b: Charizard\n|detailschange|p1b: Gardevoir|Gardevoir-Mega, L50, F, shiny\n|-mega|p1b: Gardevoir|Gardevoir|Gardevoirite\n|move|p2a: Whimsicott|Encore||[still]\n|cant|p1a: Farigiraf|ability: Armor Tail|Encore|[of] p2a: Whimsicott\n|move|p2b: Charizard|Heat Wave|p1a: Farigiraf|[spread] p1a,p1b\n|-damage|p1a: Farigiraf|58/100\n|-damage|p1b: Gardevoir|54/100\n|move|p1b: Gardevoir|Shadow Ball|p2a: Whimsicott\n|-damage|p2a: Whimsicott|48/100\n|move|p1a: Farigiraf|Trick Room|p1a: Farigiraf\n|-fieldstart|move: Trick Room|[of] p1a: Farigiraf\n|\n|-weather|SunnyDay|[upkeep]\n|upkeep\n|turn|3\n|\n|t:|1776351665\n|move|p1a: Farigiraf|Psychic Noise|p2b: Charizard\n|-damage|p2b: Charizard|72/100\n|-start|p2b: Charizard|move: Heal Block\n|move|p1b: Gardevoir|Shadow Ball|p2b: Charizard\n|-damage|p2b: Charizard|33/100\n|move|p2b: Charizard|Hurricane|p1b: Gardevoir|[miss]\n|-miss|p2b: Charizard|p1b: Gardevoir\n|move|p2a: Whimsicott|Moonblast|p1b: Gardevoir\n|-damage|p1b: Gardevoir|33/100\n|\n|-weather|SunnyDay|[upkeep]\n|upkeep\n|turn|4\n|\n|t:|1776351688\n|switch|p1a: Sinistcha|Sinistcha, L50|100/100\n|-heal|p1b: Gardevoir|58/100|[from] ability: Hospitality|[of] p1a: Sinistcha\n|move|p2a: Whimsicott|Protect|p2a: Whimsicott\n|-singleturn|p2a: Whimsicott|Protect\n|move|p1b: Gardevoir|Shadow Ball|p2b: Charizard\n|-damage|p2b: Charizard|0 fnt\n|faint|p2b: Charizard\n|\n|-weather|SunnyDay|[upkeep]\n|-sideend|p2: Hudson128|move: Tailwind\n|upkeep\n|\n|t:|1776351701\n|switch|p2b: Scovillain|Scovillain, L50, F|100/100\n|turn|5\n|\n|t:|1776351720\n|switch|p1a: Farigiraf|Farigiraf, L50, M|58/100\n|move|p1b: Gardevoir|Hyper Voice|p2b: Scovillain|[spread] p2a,p2b\n|-resisted|p2b: Scovillain|1\n|-damage|p2a: Whimsicott|0 fnt\n|-damage|p2b: Scovillain|52/100\n|faint|p2a: Whimsicott\n|move|p2b: Scovillain|Solar Beam||[still]\n|-prepare|p2b: Scovillain|Solar Beam\n|-anim|p2b: Scovillain|Solar Beam|p1b: Gardevoir\n|-damage|p1b: Gardevoir|18/100\n|\n|-weather|SunnyDay|[upkeep]\n|upkeep\n|turn|6\n|\n|t:|1776351738\n|switch|p1a: Sinistcha|Sinistcha, L50|100/100\n|-heal|p1b: Gardevoir|42/100|[from] ability: Hospitality|[of] p1a: Sinistcha\n|move|p1b: Gardevoir|Shadow Ball|p2b: Scovillain\n|-damage|p2b: Scovillain|0 fnt\n|faint|p2b: Scovillain\n|\n|win|slyvesterccd\n|raw|slyvesterccd's rating: 1075 &rarr; <strong>1099</strong><br />(+24 for winning)\n|raw|Hudson128's rating: 1015 &rarr; <strong>1005</strong><br />(-10 for losing)\n",
  "uploadtime": 1776351745,
  "views": 27,
  "formatid": "gen9championsvgc2026regma",
  "rating": 1005,
  "private": 0,
  "password": null
}