{
  "id": "gen9championsvgc2026regma-2581139952",
  "format": "[Gen 9 Champions] VGC 2026 Reg M-A",
  "players": [
    "Merharsinho",
    "RanRaneatswhat"
  ],
  "log": "|j|\u2606Merharsinho\n|j|\u2606RanRaneatswhat\n|t:|1775963724\n|gametype|doubles\n|player|p1|Merharsinho|265|1165\n|player|p2|RanRaneatswhat|yancy|1183\n|gen|9\n|tier|[Gen 9 Champions] VGC 2026 Reg M-A\n|rated|\n|rule|Species Clause: Limit one of each Pok\u00e9mon\n|rule|Item Clause: Limit 1 of each item\n|clearpoke\n|poke|p1|Incineroar, L50, F|\n|poke|p1|Gengar, L50, M|\n|poke|p1|Sinistcha, L50|\n|poke|p1|Kingambit, L50, M|\n|poke|p1|Tyranitar, L50, M|\n|poke|p1|Kommo-o, L50, F|\n|poke|p2|Gengar, L50, F|\n|poke|p2|Incineroar, L50, M|\n|poke|p2|Kingambit, L50, M|\n|poke|p2|Kommo-o, L50, F|\n|poke|p2|Sinistcha, L50|\n|poke|p2|Tyranitar, L50, M|\n|teampreview|4\n|\n|t:|1775963772\n|teamsize|p1|4\n|teamsize|p2|4\n|start\n|switch|p1a: Gengar|Gengar, L50, M|100/100\n|switch|p1b: Sinistcha|Sinistcha, L50|100/100\n|switch|p2a: Kingambit|Kingambit, L50, M|100/100\n|switch|p2b: Sinistcha|Sinistcha, L50|100/100\n|turn|1\n|\n|t:|1775963791\n|switch|p2b: Tyranitar|Tyranitar, L50, M|100/100\n|-weather|Sandstorm|[from] ability: Sand Stream|[of] p2b: Tyranitar\n|detailschange|p1a: Gengar|Gengar-Mega, L50, M\n|-mega|p1a: Gengar|Gengar|Gengarite\n|move|p1b: Sinistcha|Rage Powder|p1b: Sinistcha\n|-singleturn|p1b: Sinistcha|move: Rage Powder\n|move|p2a: Kingambit|Sucker Punch||[still]\n|-fail|p2a: Kingambit\n|move|p1a: Gengar|Shadow Ball|p2b: Tyranitar\n|-resisted|p2b: Tyranitar|1\n|-damage|p2b: Tyranitar|84/100\n|\n|-weather|Sandstorm|[upkeep]\n|-damage|p1a: Gengar|95/100|[from] Sandstorm\n|-damage|p1b: Sinistcha|94/100|[from] Sandstorm\n|upkeep\n|turn|2\n|\n|t:|1775963833\n|move|p1b: Sinistcha|Rage Powder|p1b: Sinistcha\n|-singleturn|p1b: Sinistcha|move: Rage Powder\n|move|p1a: Gengar|Perish Song|p1a: Gengar\n|-start|p1a: Gengar|perish3|[silent]\n|-start|p1b: Sinistcha|perish3|[silent]\n|-start|p2a: Kingambit|perish3|[silent]\n|-start|p2b: Tyranitar|perish3|[silent]\n|-fieldactivate|move: Perish Song\n|move|p2b: Tyranitar|Stone Edge|p1b: Sinistcha\n|-damage|p1b: Sinistcha|50/100\n|-enditem|p1b: Sinistcha|Sitrus Berry|[eat]\n|-heal|p1b: Sinistcha|75/100|[from] item: Sitrus Berry\n|move|p2a: Kingambit|Iron Head|p1b: Sinistcha\n|-damage|p1b: Sinistcha|34/100\n|\n|-weather|Sandstorm|[upkeep]\n|-damage|p1a: Gengar|89/100|[from] Sandstorm\n|-damage|p1b: Sinistcha|28/100|[from] Sandstorm\n|-start|p1a: Gengar|perish3\n|-start|p2b: Tyranitar|perish3\n|-start|p1b: Sinistcha|perish3\n|-start|p2a: Kingambit|perish3\n|upkeep\n|turn|3\n|\n|t:|1775963864\n|move|p1a: Gengar|Protect|p1a: Gengar\n|-singleturn|p1a: Gengar|Protect\n|move|p1b: Sinistcha|Protect|p1b: Sinistcha\n|-singleturn|p1b: Sinistcha|Protect\n|move|p2b: Tyranitar|Stone Edge|p1b: Sinistcha\n|-activate|p1b: Sinistcha|move: Protect\n|move|p2a: Kingambit|Iron Head|p1b: Sinistcha\n|-activate|p1b: Sinistcha|move: Protect\n|\n|-weather|Sandstorm|[upkeep]\n|-damage|p1a: Gengar|83/100|[from] Sandstorm\n|-damage|p1b: Sinistcha|21/100|[from] Sandstorm\n|-start|p1a: Gengar|perish2\n|-start|p2b: Tyranitar|perish2\n|-start|p1b: Sinistcha|perish2\n|-start|p2a: Kingambit|perish2\n|upkeep\n|turn|4\n|\n|t:|1775963890\n|move|p1b: Sinistcha|Rage Powder|p1b: Sinistcha\n|-singleturn|p1b: Sinistcha|move: Rage Powder\n|move|p1a: Gengar|Shadow Ball|p2b: Tyranitar\n|-resisted|p2b: Tyranitar|1\n|-damage|p2b: Tyranitar|69/100\n|move|p2b: Tyranitar|Stone Edge|p1b: Sinistcha|[miss]\n|-miss|p2b: Tyranitar|p1b: Sinistcha\n|move|p2a: Kingambit|Iron Head|p1b: Sinistcha\n|-damage|p1b: Sinistcha|0 fnt\n|faint|p1b: Sinistcha\n|\n|-weather|Sandstorm|[upkeep]\n|-damage|p1a: Gengar|77/100|[from] Sandstorm\n|-start|p1a: Gengar|perish1\n|-start|p2b: Tyranitar|perish1\n|-start|p2a: Kingambit|perish1\n|upkeep\n|\n|t:|1775963919\n|switch|p1b: Kingambit|Kingambit, L50, M|100/100\n|turn|5\n|\n|t:|1775963931\n|switch|p1a: Incineroar|Incineroar, L50, F|100/100\n|-ability|p1a: Incineroar|Intimidate|boost\n|-unboost|p2a: Kingambit|atk|1\n|-ability|p2a: Kingambit|Defiant|boost\n|-boost|p2a: Kingambit|atk|2\n|-unboost|p2b: Tyranitar|atk|1\n|move|p1b: Kingambit|Protect|p1b: Kingambit\n|-singleturn|p1b: Kingambit|Protect\n|move|p2b: Tyranitar|Stone Edge|p1a: Incineroar\n|-supereffective|p1a: Incineroar|1\n|-damage|p1a: Incineroar|35/100\n|move|p2a: Kingambit|Low Kick|p1b: Kingambit\n|-activate|p1b: Kingambit|move: Protect\n|\n|-weather|none\n|-start|p2b: Tyranitar|perish0\n|-start|p2a: Kingambit|perish0\n|faint|p2b: Tyranitar\n|faint|p2a: Kingambit\n|upkeep\n|\n|t:|1775963944\n|switch|p2b: Sinistcha|Sinistcha, L50|100/100\n|switch|p2a: Kommo-o|Kommo-o, L50, F|100/100\n|turn|6\n|\n|t:|1775963958\n|move|p2b: Sinistcha|Protect|p2b: Sinistcha\n|-singleturn|p2b: Sinistcha|Protect\n|move|p1a: Incineroar|Fake Out|p2a: Kommo-o\n|-damage|p2a: Kommo-o|89/100\n|cant|p2a: Kommo-o|flinch\n|move|p1b: Kingambit|Iron Head|p2b: Sinistcha\n|-activate|p2b: Sinistcha|move: Protect\n|\n|-heal|p2a: Kommo-o|95/100|[from] item: Leftovers\n|upkeep\n|turn|7\n|\n|t:|1775963974\n|move|p2a: Kommo-o|Clangorous Soul|p2a: Kommo-o\n|-boost|p2a: Kommo-o|atk|1\n|-boost|p2a: Kommo-o|def|1\n|-boost|p2a: Kommo-o|spa|1\n|-boost|p2a: Kommo-o|spd|1\n|-boost|p2a: Kommo-o|spe|1\n|-damage|p2a: Kommo-o|62/100\n|move|p2b: Sinistcha|Life Dew||[still]|[spread] p2a,p2b\n|-heal|p2a: Kommo-o|87/100\n|-fail|p2b: Sinistcha|heal\n|move|p1a: Incineroar|Flare Blitz|p2b: Sinistcha\n|-supereffective|p2b: Sinistcha|1\n|-damage|p2b: Sinistcha|11/100\n|-enditem|p2b: Sinistcha|Sitrus Berry|[eat]\n|-heal|p2b: Sinistcha|36/100|[from] item: Sitrus Berry\n|-damage|p1a: Incineroar|9/100|[from] Recoil\n|move|p1b: Kingambit|Iron Head|p2b: Sinistcha\n|-damage|p2b: Sinistcha|0 fnt\n|faint|p2b: Sinistcha\n|\n|-heal|p2a: Kommo-o|93/100|[from] item: Leftovers\n|upkeep\n|turn|8\n|\n|t:|1775964021\n|move|p1a: Incineroar|Protect|p1a: Incineroar\n|-singleturn|p1a: Incineroar|Protect\n|move|p1b: Kingambit|Protect|p1b: Kingambit\n|-singleturn|p1b: Kingambit|Protect\n|move|p2a: Kommo-o|Aura Sphere|p1b: Kingambit\n|-activate|p1b: Kingambit|move: Protect\n|\n|-heal|p2a: Kommo-o|99/100|[from] item: Leftovers\n|upkeep\n|turn|9\n|\n|t:|1775964036\n|switch|p1b: Gengar|Gengar-Mega, L50, M|77/100\n|move|p2a: Kommo-o|Aura Sphere|p1b: Gengar\n|-immune|p1b: Gengar\n|move|p1a: Incineroar|Parting Shot|p2a: Kommo-o\n|-immune|p2a: Kommo-o|[from] ability: Soundproof\n|\n|-heal|p2a: Kommo-o|100/100|[from] item: Leftovers\n|upkeep\n|turn|10\n|\n|t:|1775964057\n|move|p1a: Incineroar|Protect|p1a: Incineroar\n|-singleturn|p1a: Incineroar|Protect\n|move|p2a: Kommo-o|Clanging Scales|p1a: Incineroar|[spread] p1b\n|-activate|p1a: Incineroar|move: Protect\n|-damage|p1b: Gengar|14/100\n|-unboost|p2a: Kommo-o|def|1\n|move|p1b: Gengar|Shadow Ball|p2a: Kommo-o\n|-damage|p2a: Kommo-o|68/100\n|\n|-heal|p2a: Kommo-o|74/100|[from] item: Leftovers\n|upkeep\n|turn|11\n|\n|t:|1775964076\n|move|p1b: Gengar|Protect|p1b: Gengar\n|-singleturn|p1b: Gengar|Protect\n|move|p2a: Kommo-o|Aura Sphere|p1a: Incineroar\n|-supereffective|p1a: Incineroar|1\n|-damage|p1a: Incineroar|0 fnt\n|faint|p1a: Incineroar\n|\n|-heal|p2a: Kommo-o|80/100|[from] item: Leftovers\n|upkeep\n|\n|t:|1775964084\n|switch|p1a: Kingambit|Kingambit, L50, M|100/100\n|turn|12\n|\n|t:|1775964098\n|move|p1a: Kingambit|Protect|p1a: Kingambit\n|-singleturn|p1a: Kingambit|Protect\n|move|p2a: Kommo-o|Aura Sphere|p1a: Kingambit\n|-activate|p1a: Kingambit|move: Protect\n|move|p1b: Gengar|Shadow Ball|p2a: Kommo-o\n|-damage|p2a: Kommo-o|49/100\n|\n|-heal|p2a: Kommo-o|54/100|[from] item: Leftovers\n|upkeep\n|turn|13\n|\n|t:|1775964127\n|move|p1a: Kingambit|Sucker Punch|p2a: Kommo-o\n|-resisted|p2a: Kommo-o|1\n|-crit|p2a: Kommo-o\n|-damage|p2a: Kommo-o|26/100\n|move|p2a: Kommo-o|Aura Sphere|p1a: Kingambit\n|-supereffective|p1a: Kingambit|2\n|-enditem|p1a: Kingambit|Chople Berry|[eat]\n|-enditem|p1a: Kingambit|Chople Berry|[weaken]\n|-damage|p1a: Kingambit|0 fnt\n|faint|p1a: Kingambit\n|move|p1b: Gengar|Shadow Ball|p2a: Kommo-o\n|-damage|p2a: Kommo-o|0 fnt\n|faint|p2a: Kommo-o\n|\n|win|Merharsinho\n|raw|Merharsinho's rating: 1165 &rarr; <strong>1191</strong><br />(+26 for winning)\n|raw|RanRaneatswhat's rating: 1183 &rarr; <strong>1157</strong><br />(-26 for losing)\n|l|\u2606Merharsinho\n|player|p1|\n",
  "uploadtime": 1775964141,
  "views": 12,
  "formatid": "gen9championsvgc2026regma",
  "rating": 1157,
  "private": 0,
  "password": null
}