{
  "id": "gen9championsvgc2026regma-2587447624",
  "format": "[Gen 9 Champions] VGC 2026 Reg M-A",
  "players": [
    "reggiehedge",
    "lacrimaaaa"
  ],
  "log": "|j|\u2606reggiehedge\n|j|\u2606lacrimaaaa\n|t:|1776532611\n|gametype|doubles\n|player|p1|reggiehedge|medium|1100\n|player|p2|lacrimaaaa|265|1175\n|gen|9\n|tier|[Gen 9 Champions] VGC 2026 Reg M-A\n|rated|\n|rule|Species Clause: Limit one of each Pok\u00e9mon\n|rule|Item Clause: Limit 1 of each item\n|clearpoke\n|poke|p1|Golurk, L50|\n|poke|p1|Farigiraf, L50, F|\n|poke|p1|Sinistcha, L50|\n|poke|p1|Torkoal, L50, F|\n|poke|p1|Incineroar, L50, F|\n|poke|p1|Sneasler, L50, M|\n|poke|p2|Incineroar, L50, M|\n|poke|p2|Garchomp, L50, F|\n|poke|p2|Sinistcha, L50|\n|poke|p2|Froslass, L50, F|\n|poke|p2|Talonflame, L50, M|\n|poke|p2|Milotic, L50, M|\n|teampreview|4\n|\n|t:|1776532680\n|teamsize|p1|4\n|teamsize|p2|4\n|start\n|switch|p1a: Sneasler|Sneasler, L50, M|100/100\n|switch|p1b: Incineroar|Incineroar, L50, F|100/100\n|switch|p2a: Milotic|Milotic, L50, M|100/100\n|switch|p2b: Sinistcha|Sinistcha, L50|100/100\n|-ability|p1b: Incineroar|Intimidate|boost\n|-unboost|p2a: Milotic|atk|1\n|-ability|p2a: Milotic|Competitive|boost\n|-boost|p2a: Milotic|spa|2\n|-unboost|p2b: Sinistcha|atk|1\n|turn|1\n|\n|t:|1776532718\n|switch|p2b: Garchomp|Garchomp, L50, F|100/100\n|move|p2a: Milotic|Protect|p2a: Milotic\n|-singleturn|p2a: Milotic|Protect\n|move|p1a: Sneasler|Dire Claw|p2b: Garchomp\n|-resisted|p2b: Garchomp|1\n|-crit|p2b: Garchomp\n|-damage|p2b: Garchomp|66/100\n|-damage|p1a: Sneasler|88/100|[from] ability: Rough Skin|[of] p2b: Garchomp\n|move|p1b: Incineroar|Parting Shot|p2b: Garchomp\n|-unboost|p2b: Garchomp|atk|1\n|-unboost|p2b: Garchomp|spa|1\n|\n|t:|1776532730\n|switch|p1b: Farigiraf|Farigiraf, L50, F|100/100|[from] Parting Shot\n|\n|upkeep\n|turn|2\n|\n|t:|1776532751\n|move|p2b: Garchomp|Earthquake|p1a: Sneasler|[spread] p2a,p1a,p1b\n|-supereffective|p1a: Sneasler|1\n|-damage|p2a: Milotic|79/100\n|-damage|p1a: Sneasler|2/100\n|-damage|p1b: Farigiraf|78/100\n|move|p1a: Sneasler|Dire Claw|p2a: Milotic\n|-damage|p2a: Milotic|39/100\n|-status|p2a: Milotic|slp\n|cant|p2a: Milotic|slp\n|move|p1b: Farigiraf|Trick Room|p1b: Farigiraf\n|-fieldstart|move: Trick Room|[of] p1b: Farigiraf\n|\n|-heal|p2a: Milotic|45/100 slp|[from] item: Leftovers\n|upkeep\n|turn|3\n|\n|t:|1776532774\n|cant|p2a: Milotic|slp\n|move|p1b: Farigiraf|Twin Beam|p2a: Milotic\n|-damage|p2a: Milotic|34/100 slp\n|-damage|p2a: Milotic|22/100 slp\n|-hitcount|p2a: Milotic|2\n|move|p1a: Sneasler|Coaching|p1b: Farigiraf\n|-boost|p1b: Farigiraf|atk|1\n|-boost|p1b: Farigiraf|def|1\n|move|p2b: Garchomp|Earthquake|p1b: Farigiraf|[spread] p2a,p1a,p1b\n|-supereffective|p1a: Sneasler|1\n|-damage|p2a: Milotic|3/100 slp\n|-damage|p1a: Sneasler|0 fnt\n|-damage|p1b: Farigiraf|63/100\n|faint|p1a: Sneasler\n|\n|-heal|p2a: Milotic|9/100 slp|[from] item: Leftovers\n|upkeep\n|\n|t:|1776532790\n|switch|p1a: Golurk|Golurk, L50|100/100\n|turn|4\n|\n|t:|1776532829\n|detailschange|p1a: Golurk|Golurk-Mega, L50\n|-mega|p1a: Golurk|Golurk|Golurkite\n|-curestatus|p2a: Milotic|slp|[msg]\n|move|p2a: Milotic|Protect|p2a: Milotic\n|-singleturn|p2a: Milotic|Protect\n|move|p1a: Golurk|Headlong Rush|p2a: Milotic\n|-ability|p1a: Golurk|Unseen Fist\n|-zbroken|p2a: Milotic\n|-damage|p2a: Milotic|0 fnt\n|-unboost|p1a: Golurk|def|1\n|-unboost|p1a: Golurk|spd|1\n|faint|p2a: Milotic\n|move|p1b: Farigiraf|Twin Beam|p2b: Garchomp\n|-damage|p2b: Garchomp|50/100\n|-damage|p2b: Garchomp|33/100\n|-hitcount|p2b: Garchomp|2\n|move|p2b: Garchomp|Earthquake|p1b: Farigiraf|[spread] p1a,p1b\n|-damage|p1a: Golurk|64/100\n|-damage|p1b: Farigiraf|51/100\n|\n|upkeep\n|\n|t:|1776532849\n|switch|p2a: Sinistcha|Sinistcha, L50|100/100\n|turn|5\n|\n|t:|1776532876\n|switch|p1b: Incineroar|Incineroar, L50, F|100/100\n|-ability|p1b: Incineroar|Intimidate|boost\n|-unboost|p2a: Sinistcha|atk|1\n|-unboost|p2b: Garchomp|atk|1\n|switch|p2b: Froslass|Froslass, L50, F|100/100\n|move|p1a: Golurk|Poltergeist|p2a: Sinistcha\n|-activate|p2a: Sinistcha|move: Poltergeist|Miracle Seed\n|-supereffective|p2a: Sinistcha|1\n|-damage|p2a: Sinistcha|0 fnt\n|faint|p2a: Sinistcha\n|\n|upkeep\n|\n|t:|1776532888\n|switch|p2a: Garchomp|Garchomp, L50, F|33/100\n|turn|6\n|\n|t:|1776532903\n|switch|p1b: Farigiraf|Farigiraf, L50, F|51/100\n|detailschange|p2b: Froslass|Froslass-Mega, L50, F\n|-mega|p2b: Froslass|Froslass|Froslassite\n|-weather|Snowscape|[from] ability: Snow Warning|[of] p2b: Froslass\n|move|p2b: Froslass|Protect|p2b: Froslass\n|-singleturn|p2b: Froslass|Protect\n|move|p1a: Golurk|Ice Punch|p2a: Garchomp\n|-supereffective|p2a: Garchomp|2\n|-damage|p2a: Garchomp|0 fnt\n|-damage|p1a: Golurk|52/100|[from] ability: Rough Skin|[of] p2a: Garchomp\n|faint|p2a: Garchomp\n|\n|-weather|Snowscape|[upkeep]\n|-fieldend|move: Trick Room\n|upkeep\n|turn|7\n|\n|t:|1776532932\n|switch|p1a: Incineroar|Incineroar, L50, F|100/100\n|-ability|p1a: Incineroar|Intimidate|boost\n|-unboost|p2b: Froslass|atk|1\n|move|p1b: Farigiraf|Protect|p1b: Farigiraf\n|-singleturn|p1b: Farigiraf|Protect\n|move|p2b: Froslass|Blizzard|p1a: Incineroar|[spread] p1a\n|-activate|p1b: Farigiraf|move: Protect\n|-resisted|p1a: Incineroar|1\n|-damage|p1a: Incineroar|77/100\n|\n|-weather|Snowscape|[upkeep]\n|upkeep\n|turn|8\n|\n|t:|1776532951\n|move|p2b: Froslass|Protect|p2b: Froslass\n|-singleturn|p2b: Froslass|Protect\n|move|p1a: Incineroar|Darkest Lariat|p2b: Froslass\n|-activate|p2b: Froslass|move: Protect\n|move|p1b: Farigiraf|Trick Room|p1b: Farigiraf\n|-fieldstart|move: Trick Room|[of] p1b: Farigiraf\n|\n|-weather|Snowscape|[upkeep]\n|upkeep\n|turn|9\n|inactive|Battle timer is ON: inactive players will automatically lose when time's up. (requested by reggiehedge)\n|inactive|lacrimaaaa has 60 seconds left.\n|inactive|lacrimaaaa has 30 seconds left.\n|inactive|lacrimaaaa has 20 seconds left.\n|inactive|lacrimaaaa has 15 seconds left.\n|inactive|lacrimaaaa has 10 seconds left.\n|inactive|lacrimaaaa has 5 seconds left.\n|\n|t:|1776533073\n|move|p1b: Farigiraf|Helping Hand|p1a: Incineroar\n|-singleturn|p1a: Incineroar|Helping Hand|[of] p1b: Farigiraf\n|move|p1a: Incineroar|Flare Blitz|p2b: Froslass\n|-supereffective|p2b: Froslass|1\n|-damage|p2b: Froslass|0 fnt\n|faint|p2b: Froslass\n|-damage|p1a: Incineroar|52/100|[from] Recoil\n|\n|win|reggiehedge\n|raw|reggiehedge's rating: 1100 &rarr; <strong>1130</strong><br />(+30 for winning)\n|raw|lacrimaaaa's rating: 1175 &rarr; <strong>1145</strong><br />(-30 for losing)\n",
  "uploadtime": 1776533073,
  "views": 12,
  "formatid": "gen9championsvgc2026regma",
  "rating": 1130,
  "private": 0,
  "password": null
}