{
  "id": "gen9championsvgc2026regma-2580522425",
  "format": "[Gen 9 Champions] VGC 2026 Reg M-A",
  "players": [
    "Travency",
    "calacadura"
  ],
  "log": "|j|\u2606Travency\n|j|\u2606calacadura\n|t:|1775908400\n|gametype|doubles\n|player|p1|Travency|ingo|1084\n|player|p2|calacadura|170|1188\n|gen|9\n|tier|[Gen 9 Champions] VGC 2026 Reg M-A\n|rated|\n|rule|Species Clause: Limit one of each Pok\u00e9mon\n|rule|Item Clause: Limit 1 of each item\n|clearpoke\n|poke|p1|Charizard, L50, M|\n|poke|p1|Torkoal, L50, M|\n|poke|p1|Meganium, L50, F|\n|poke|p1|Hatterene, L50, F|\n|poke|p1|Incineroar, L50, M|\n|poke|p1|Garchomp, L50, F|\n|poke|p2|Garchomp, L50, F|\n|poke|p2|Sinistcha, L50|\n|poke|p2|Tyranitar, L50, M|\n|poke|p2|Incineroar, L50, M|\n|poke|p2|Basculegion, L50, M|\n|poke|p2|Farigiraf, L50, M|\n|teampreview|4\n|inactive|Battle timer is ON: inactive players will automatically lose when time's up. (requested by Travency)\n|inactive|calacadura has 60 seconds left.\n|\n|t:|1775908440\n|teamsize|p1|4\n|teamsize|p2|4\n|start\n|switch|p1a: Hatterene|Hatterene, L50, F|100/100\n|switch|p1b: Incineroar|Incineroar, L50, M|100/100\n|switch|p2a: Kitten|Incineroar, L50, M, shiny|100/100\n|switch|p2b: Basculegion|Basculegion, L50, M|100/100\n|-ability|p1b: Incineroar|Intimidate|boost\n|-unboost|p2a: Kitten|atk|1\n|-unboost|p2b: Basculegion|atk|1\n|-ability|p2a: Kitten|Intimidate|boost\n|-unboost|p1a: Hatterene|atk|1\n|-unboost|p1b: Incineroar|atk|1\n|turn|1\n|inactive|Travency has 30 seconds left.\n|\n|t:|1775908468\n|switch|p2a: Farigiraf|Farigiraf, L50, M|100/100\n|move|p1b: Incineroar|Fake Out||[still]\n|cant|p2a: Farigiraf|ability: Armor Tail|Fake Out|[of] p1b: Incineroar\n|move|p2b: Basculegion|Flip Turn|p1a: Hatterene\n|-damage|p1a: Hatterene|60/100\n|\n|t:|1775908472\n|switch|p2b: Kitten|Incineroar, L50, M, shiny|100/100|[from] Flip Turn\n|-ability|p2b: Kitten|Intimidate|boost\n|-unboost|p1a: Hatterene|atk|1\n|-unboost|p1b: Incineroar|atk|1\n|move|p1a: Hatterene|Trick Room|p1a: Hatterene\n|-fieldstart|move: Trick Room|[of] p1a: Hatterene\n|\n|upkeep\n|turn|2\n|\n|t:|1775908494\n|move|p1a: Hatterene|Dazzling Gleam|p2a: Farigiraf|[spread] p2a,p2b\n|-damage|p2a: Farigiraf|78/100\n|-damage|p2b: Kitten|73/100\n|move|p2a: Farigiraf|Thunder Wave|p1b: Incineroar\n|-status|p1b: Incineroar|par\n|move|p1b: Incineroar|Parting Shot|p2a: Farigiraf\n|-unboost|p2a: Farigiraf|atk|1\n|-unboost|p2a: Farigiraf|spa|1\n|\n|t:|1775908503\n|switch|p1b: Meganium|Meganium, L50, F|100/100|[from] Parting Shot\n|move|p2b: Kitten|Parting Shot|p1b: Meganium\n|-unboost|p1b: Meganium|atk|1\n|-unboost|p1b: Meganium|spa|1\n|\n|t:|1775908511\n|switch|p2b: Tiny|Sinistcha, L50, shiny|100/100|[from] Parting Shot\n|-heal|p2a: Farigiraf|100/100|[from] ability: Hospitality|[of] p2b: Tiny\n|\n|upkeep\n|turn|3\n|\n|t:|1775908527\n|switch|p2b: Kitten|Incineroar, L50, M, shiny|73/100\n|-ability|p2b: Kitten|Intimidate|boost\n|-unboost|p1a: Hatterene|atk|1\n|-unboost|p1b: Meganium|atk|1\n|switch|p1b: Torkoal|Torkoal, L50, M|100/100\n|-weather|SunnyDay|[from] ability: Drought|[of] p1b: Torkoal\n|move|p1a: Hatterene|Dazzling Gleam|p2b: Kitten|[spread] p2a,p2b\n|-damage|p2a: Farigiraf|75/100\n|-damage|p2b: Kitten|49/100\n|move|p2a: Farigiraf|Trick Room|p2a: Farigiraf\n|-fieldend|move: Trick Room\n|\n|-weather|SunnyDay|[upkeep]\n|-heal|p2a: Farigiraf|81/100|[from] item: Leftovers\n|upkeep\n|turn|4\n|\n|t:|1775908549\n|move|p1b: Torkoal|Protect|p1b: Torkoal\n|-singleturn|p1b: Torkoal|Protect\n|move|p2a: Farigiraf|Expanding Force|p1b: Torkoal\n|-activate|p1b: Torkoal|move: Protect\n|move|p2b: Kitten|Flare Blitz|p1a: Hatterene\n|-damage|p1a: Hatterene|0 fnt\n|faint|p1a: Hatterene\n|-damage|p2b: Kitten|36/100|[from] Recoil\n|\n|-weather|SunnyDay|[upkeep]\n|-heal|p2a: Farigiraf|87/100|[from] item: Leftovers\n|upkeep\n|\n|t:|1775908568\n|switch|p1a: Meganium|Meganium, L50, F|100/100\n|turn|5\n|\n|t:|1775908577\n|move|p1a: Meganium|Protect|p1a: Meganium\n|-singleturn|p1a: Meganium|Protect\n|move|p2a: Farigiraf|Expanding Force|p1b: Torkoal\n|-damage|p1b: Torkoal|76/100\n|move|p2b: Kitten|Flare Blitz|p1a: Meganium\n|-activate|p1a: Meganium|move: Protect\n|move|p1b: Torkoal|Heat Wave|p2b: Kitten|[spread] p2b\n|-miss|p1b: Torkoal|p2a: Farigiraf\n|-resisted|p2b: Kitten|1\n|-damage|p2b: Kitten|17/100\n|\n|-weather|SunnyDay|[upkeep]\n|-heal|p2a: Farigiraf|93/100|[from] item: Leftovers\n|upkeep\n|turn|6\n|\n|t:|1775908591\n|detailschange|p1a: Meganium|Meganium-Mega, L50, F\n|-mega|p1a: Meganium|Meganium|Meganiumite\n|move|p1a: Meganium|Dazzling Gleam|p2a: Farigiraf|[spread] p2a,p2b\n|-damage|p2a: Farigiraf|68/100\n|-damage|p2b: Kitten|0 fnt\n|faint|p2b: Kitten\n|move|p2a: Farigiraf|Thunder Wave|p1a: Meganium\n|-status|p1a: Meganium|par\n|move|p1b: Torkoal|Heat Wave|p2a: Farigiraf\n|-damage|p2a: Farigiraf|18/100\n|\n|-weather|SunnyDay|[upkeep]\n|-heal|p2a: Farigiraf|24/100|[from] item: Leftovers\n|upkeep\n|\n|t:|1775908597\n|switch|p2b: Tiny|Sinistcha, L50, shiny|100/100\n|-heal|p2a: Farigiraf|49/100|[from] ability: Hospitality|[of] p2b: Tiny\n|turn|7\n|\n|t:|1775908617\n|move|p2b: Tiny|Calm Mind|p2b: Tiny\n|-boost|p2b: Tiny|spa|1\n|-boost|p2b: Tiny|spd|1\n|move|p2a: Farigiraf|Expanding Force|p1b: Torkoal\n|-damage|p1b: Torkoal|51/100\n|move|p1a: Meganium|Weather Ball|p2b: Tiny|[miss]\n|-miss|p1a: Meganium|p2b: Tiny\n|move|p1b: Torkoal|Heat Wave|p2a: Farigiraf|[spread] p2a\n|-miss|p1b: Torkoal|p2b: Tiny\n|-damage|p2a: Farigiraf|12/100\n|\n|-weather|none\n|-heal|p2a: Farigiraf|19/100|[from] item: Leftovers\n|upkeep\n|turn|8\n|\n|t:|1775908636\n|move|p2a: Farigiraf|Ally Switch|p2a: Farigiraf\n|swap|p2a: Farigiraf|1|[from] move: Ally Switch\n|move|p2a: Tiny|Calm Mind|p2a: Tiny\n|-boost|p2a: Tiny|spa|1\n|-boost|p2a: Tiny|spd|1\n|move|p1a: Meganium|Weather Ball|p2b: Farigiraf\n|-damage|p2b: Farigiraf|0 fnt\n|faint|p2b: Farigiraf\n|move|p1b: Torkoal|Heat Wave|p2a: Tiny\n|-supereffective|p2a: Tiny|1\n|-damage|p2a: Tiny|43/100\n|\n|upkeep\n|\n|t:|1775908637\n|switch|p2b: Basculegion|Basculegion, L50, M|100/100\n|turn|9\n|\n|t:|1775908654\n|switch|p1a: Incineroar|Incineroar, L50, M|100/100 par\n|-ability|p1a: Incineroar|Intimidate|boost\n|-unboost|p2a: Tiny|atk|1\n|-unboost|p2b: Basculegion|atk|1\n|move|p2b: Basculegion|Last Respects|p1b: Torkoal\n|-damage|p1b: Torkoal|4/100\n|move|p2a: Tiny|Strength Sap|p1a: Incineroar\n|-unboost|p1a: Incineroar|atk|1\n|-heal|p2a: Tiny|100/100\n|move|p1b: Torkoal|Heat Wave|p2b: Basculegion|[spread] p2b\n|-miss|p1b: Torkoal|p2a: Tiny\n|-resisted|p2b: Basculegion|1\n|-damage|p2b: Basculegion|79/100\n|\n|upkeep\n|turn|10\n|\n|t:|1775908673\n|move|p2b: Basculegion|Last Respects|p1a: Incineroar\n|-resisted|p1a: Incineroar|1\n|-damage|p1a: Incineroar|74/100 par\n|move|p2a: Tiny|Matcha Gotcha|p1b: Torkoal|[spread] p1a,p1b\n|-resisted|p1a: Incineroar|1\n|-resisted|p1b: Torkoal|1\n|-damage|p1a: Incineroar|55/100 par\n|-damage|p1b: Torkoal|0 fnt\n|faint|p1b: Torkoal\n|move|p1a: Incineroar|Parting Shot|p2b: Basculegion\n|-unboost|p2b: Basculegion|atk|1\n|-unboost|p2b: Basculegion|spa|1\n|\n|t:|1775908684\n|switch|p1a: Meganium|Meganium-Mega, L50, F|100/100 par|[from] Parting Shot\n|\n|upkeep\n|\n|t:|1775908686\n|switch|p1b: Incineroar|Incineroar, L50, M|55/100 par\n|-ability|p1b: Incineroar|Intimidate|boost\n|-unboost|p2a: Tiny|atk|1\n|-unboost|p2b: Basculegion|atk|1\n|turn|11\n|\n|t:|1775908700\n|move|p2b: Basculegion|Last Respects|p1a: Meganium\n|-damage|p1a: Meganium|66/100 par\n|move|p2a: Tiny|Calm Mind|p2a: Tiny\n|-boost|p2a: Tiny|spa|1\n|-boost|p2a: Tiny|spd|1\n|move|p1a: Meganium|Weather Ball|p2a: Tiny\n|-supereffective|p2a: Tiny|1\n|-damage|p2a: Tiny|63/100\n|move|p1b: Incineroar|Flare Blitz|p2a: Tiny\n|-supereffective|p2a: Tiny|1\n|-damage|p2a: Tiny|0 fnt\n|faint|p2a: Tiny\n|-damage|p1b: Incineroar|36/100 par|[from] Recoil\n|-enditem|p1b: Incineroar|Sitrus Berry|[eat]\n|-heal|p1b: Incineroar|61/100 par|[from] item: Sitrus Berry\n|\n|upkeep\n|turn|12\n|\n|t:|1775908714\n|move|p2b: Basculegion|Last Respects|p1b: Incineroar\n|-resisted|p1b: Incineroar|1\n|-damage|p1b: Incineroar|39/100 par\n|move|p1a: Meganium|Solar Beam||[still]\n|-prepare|p1a: Meganium|Solar Beam\n|-activate|p1a: Meganium|ability: Mega Sol\n|-anim|p1a: Meganium|Solar Beam|p2b: Basculegion\n|-supereffective|p2b: Basculegion|1\n|-damage|p2b: Basculegion|0 fnt\n|faint|p2b: Basculegion\n|\n|win|Travency\n|raw|Travency's rating: 1084 &rarr; <strong>1119</strong><br />(+35 for winning)\n|raw|calacadura's rating: 1188 &rarr; <strong>1156</strong><br />(-32 for losing)\n",
  "uploadtime": 1775908717,
  "views": 18,
  "formatid": "gen9championsvgc2026regma",
  "rating": 1119,
  "private": 0,
  "password": null
}