{
  "id": "gen9championsvgc2026regma-2586806316",
  "format": "[Gen 9 Champions] VGC 2026 Reg M-A",
  "players": [
    "BeTransThrowHands",
    "GhostVessel"
  ],
  "log": "|j|\u2606BeTransThrowHands\n|j|\u2606GhostVessel\n|t:|1776461423\n|gametype|doubles\n|player|p1|BeTransThrowHands|may-masters|1000\n|player|p2|GhostVessel|n|1059\n|gen|9\n|tier|[Gen 9 Champions] VGC 2026 Reg M-A\n|rated|\n|rule|Species Clause: Limit one of each Pok\u00e9mon\n|rule|Item Clause: Limit 1 of each item\n|clearpoke\n|poke|p1|Delphox, L50, F|\n|poke|p1|Froslass, L50, F|\n|poke|p1|Clefable, L50, M|\n|poke|p1|Aerodactyl, L50, M|\n|poke|p1|Glaceon, L50, F|\n|poke|p1|Sneasler, L50, F|\n|poke|p2|Scizor, L50, F|\n|poke|p2|Whimsicott, L50, M|\n|poke|p2|Palafin, L50, M|\n|poke|p2|Corviknight, L50, F|\n|poke|p2|Incineroar, L50, M|\n|poke|p2|Garchomp, L50, M|\n|teampreview|4\n|\n|t:|1776461454\n|teamsize|p1|4\n|teamsize|p2|4\n|start\n|switch|p1a: Delphox|Delphox, L50, F, shiny|100/100\n|switch|p1b: Aerodactyl|Aerodactyl, L50, M|100/100\n|switch|p2a: Whimsicott|Whimsicott, L50, M|100/100\n|switch|p2b: Garchomp|Garchomp, L50, M|100/100\n|-ability|p1b: Aerodactyl|Unnerve\n|turn|1\n|\n|t:|1776461482\n|detailschange|p1a: Delphox|Delphox-Mega, L50, F, shiny\n|-mega|p1a: Delphox|Delphox|Delphoxite\n|move|p1b: Aerodactyl|Wide Guard|p1b: Aerodactyl\n|-singleturn|p1b: Aerodactyl|Wide Guard\n|move|p2a: Whimsicott|Tailwind|p2a: Whimsicott\n|-sidestart|p2: GhostVessel|move: Tailwind\n|move|p2b: Garchomp|Rock Slide|p1b: Aerodactyl|[spread] \n|-activate|p1a: Delphox|move: Wide Guard\n|-activate|p1b: Aerodactyl|move: Wide Guard\n|move|p1a: Delphox|Psychic|p2b: Garchomp\n|-damage|p2b: Garchomp|45/100\n|\n|upkeep\n|turn|2\n|\n|t:|1776461505\n|switch|p2b: Incineroar|Incineroar, L50, M|100/100\n|-ability|p2b: Incineroar|Intimidate|boost\n|-unboost|p1a: Delphox|atk|1\n|-unboost|p1b: Aerodactyl|atk|1\n|move|p2a: Whimsicott|Encore|p1b: Aerodactyl\n|-start|p1b: Aerodactyl|Encore\n|move|p1b: Aerodactyl|Wide Guard|p1b: Aerodactyl\n|-singleturn|p1b: Aerodactyl|Wide Guard\n|move|p1a: Delphox|Heat Wave|p2b: Incineroar|[spread] p2a,p2b\n|-supereffective|p2a: Whimsicott|1\n|-resisted|p2b: Incineroar|1\n|-enditem|p2a: Whimsicott|Focus Sash\n|-damage|p2a: Whimsicott|1/100\n|-damage|p2b: Incineroar|84/100\n|\n|upkeep\n|turn|3\n|\n|t:|1776461529\n|switch|p1b: Clefable|Clefable, L50, M, shiny|100/100\n|move|p1a: Delphox|Protect|p1a: Delphox\n|-singleturn|p1a: Delphox|Protect\n|move|p2b: Incineroar|Fake Out|p1a: Delphox\n|-activate|p1a: Delphox|move: Protect\n|move|p2a: Whimsicott|Moonblast|p1b: Clefable\n|-damage|p1b: Clefable|77/100\n|-unboost|p1b: Clefable|spa|1\n|\n|upkeep\n|turn|4\n|\n|t:|1776461551\n|switch|p1a: Sneasler|Sneasler, L50, F|100/100\n|move|p2a: Whimsicott|Protect|p2a: Whimsicott\n|-singleturn|p2a: Whimsicott|Protect\n|move|p2b: Incineroar|Taunt|p1b: Clefable\n|-start|p1b: Clefable|move: Taunt\n|cant|p1b: Clefable|move: Taunt|Life Dew\n|\n|-sideend|p2: GhostVessel|move: Tailwind\n|upkeep\n|turn|5\n|\n|t:|1776461603\n|switch|p2a: Garchomp|Garchomp, L50, M|45/100\n|switch|p2b: Scizor|Scizor, L50, F|100/100\n|move|p1a: Sneasler|Fake Out|p2a: Garchomp\n|-damage|p2a: Garchomp|31/100\n|-damage|p1a: Sneasler|88/100|[from] ability: Rough Skin|[of] p2a: Garchomp\n|move|p1b: Clefable|Moonblast|p2b: Scizor\n|-resisted|p2b: Scizor|1\n|-damage|p2b: Scizor|86/100\n|\n|upkeep\n|turn|6\n|\n|t:|1776461629\n|switch|p1b: Aerodactyl|Aerodactyl, L50, M|100/100\n|-ability|p1b: Aerodactyl|Unnerve\n|detailschange|p2b: Scizor|Scizor-Mega, L50, F\n|-mega|p2b: Scizor|Scizor|Scizorite\n|move|p2b: Scizor|Bullet Punch|p1b: Aerodactyl\n|-supereffective|p1b: Aerodactyl|1\n|-enditem|p1b: Aerodactyl|Focus Sash\n|-damage|p1b: Aerodactyl|1/100\n|move|p2a: Garchomp|Dragon Claw|p1a: Sneasler\n|-damage|p1a: Sneasler|9/100\n|move|p1a: Sneasler|Close Combat|p2b: Scizor\n|-damage|p2b: Scizor|26/100\n|-unboost|p1a: Sneasler|def|1\n|-unboost|p1a: Sneasler|spd|1\n|-enditem|p1a: Sneasler|White Herb\n|-clearnegativeboost|p1a: Sneasler|[silent]\n|\n|upkeep\n|turn|7\n|\n|t:|1776461675\n|switch|p1a: Clefable|Clefable, L50, M, shiny|77/100\n|move|p1b: Aerodactyl|Protect|p1b: Aerodactyl\n|-singleturn|p1b: Aerodactyl|Protect\n|move|p2b: Scizor|Bullet Punch|p1a: Clefable\n|-supereffective|p1a: Clefable|1\n|-damage|p1a: Clefable|8/100\n|-start|p2b: Scizor|Attract|[from] ability: Cute Charm|[of] p1a: Clefable\n|-enditem|p1a: Clefable|Sitrus Berry|[eat]\n|-heal|p1a: Clefable|33/100|[from] item: Sitrus Berry\n|move|p2a: Garchomp|Dragon Claw|p1b: Aerodactyl\n|-activate|p1b: Aerodactyl|move: Protect\n|\n|upkeep\n|turn|8\n|\n|t:|1776461752\n|switch|p2b: Whimsicott|Whimsicott, L50, M|1/100\n|move|p1a: Clefable|Follow Me|p1a: Clefable\n|-singleturn|p1a: Clefable|move: Follow Me\n|move|p2a: Garchomp|Dragon Claw|p1a: Clefable\n|-immune|p1a: Clefable\n|move|p1b: Aerodactyl|Rock Slide|p2a: Garchomp|[spread] p2a,p2b\n|-resisted|p2a: Garchomp|1\n|-damage|p2a: Garchomp|19/100\n|-damage|p2b: Whimsicott|0 fnt\n|faint|p2b: Whimsicott\n|\n|upkeep\n|\n|t:|1776461772\n|switch|p2b: Scizor|Scizor-Mega, L50, F|26/100\n|turn|9\n|\n|t:|1776461795\n|move|p1a: Clefable|Protect|p1a: Clefable\n|-singleturn|p1a: Clefable|Protect\n|move|p2b: Scizor|Bullet Punch|p1a: Clefable\n|-activate|p1a: Clefable|move: Protect\n|move|p2a: Garchomp|Dragon Claw|p1b: Aerodactyl\n|-damage|p1b: Aerodactyl|0 fnt\n|faint|p1b: Aerodactyl\n|\n|upkeep\n|\n|t:|1776461819\n|switch|p1b: Delphox|Delphox-Mega, L50, F, shiny|100/100\n|turn|10\n|\n|t:|1776461842\n|move|p2b: Scizor|Bullet Punch|p1a: Clefable\n|-supereffective|p1a: Clefable|1\n|-damage|p1a: Clefable|0 fnt\n|faint|p1a: Clefable\n|move|p2a: Garchomp|Dragon Claw|p1b: Delphox\n|-damage|p1b: Delphox|33/100\n|move|p1b: Delphox|Heat Wave|p2b: Scizor|[spread] p2a,p2b\n|-resisted|p2a: Garchomp|1\n|-supereffective|p2b: Scizor|2\n|-damage|p2a: Garchomp|0 fnt\n|-damage|p2b: Scizor|0 fnt\n|faint|p2a: Garchomp\n|faint|p2b: Scizor\n|\n|upkeep\n|\n|t:|1776461857\n|switch|p2a: Incineroar|Incineroar, L50, M|84/100\n|switch|p1a: Sneasler|Sneasler, L50, F|9/100\n|-ability|p2a: Incineroar|Intimidate|boost\n|-unboost|p1a: Sneasler|atk|1\n|-unboost|p1b: Delphox|atk|1\n|turn|11\n|\n|t:|1776461865\n|move|p1a: Sneasler|Fake Out|p2a: Incineroar\n|-damage|p2a: Incineroar|77/100\n|cant|p2a: Incineroar|flinch\n|move|p1b: Delphox|Overheat|p2a: Incineroar\n|-resisted|p2a: Incineroar|1\n|-damage|p2a: Incineroar|46/100\n|-unboost|p1b: Delphox|spa|2\n|-enditem|p2a: Incineroar|Sitrus Berry|[eat]\n|-heal|p2a: Incineroar|70/100|[from] item: Sitrus Berry\n|\n|upkeep\n|turn|12\n|\n|t:|1776461880\n|move|p1b: Delphox|Overheat|p2a: Incineroar\n|-resisted|p2a: Incineroar|1\n|-damage|p2a: Incineroar|54/100\n|-unboost|p1b: Delphox|spa|2\n|move|p1a: Sneasler|Close Combat|p2a: Incineroar\n|-supereffective|p2a: Incineroar|1\n|-damage|p2a: Incineroar|0 fnt\n|-unboost|p1a: Sneasler|def|1\n|-unboost|p1a: Sneasler|spd|1\n|faint|p2a: Incineroar\n|\n|win|BeTransThrowHands\n|raw|BeTransThrowHands's rating: 1000 &rarr; <strong>1047</strong><br />(+47 for winning)\n|raw|GhostVessel's rating: 1059 &rarr; <strong>1037</strong><br />(-22 for losing)\n",
  "uploadtime": 1776461891,
  "views": 26,
  "formatid": "gen9championsvgc2026regma",
  "rating": 1037,
  "private": 0,
  "password": null
}