{
  "id": "gen9championsvgc2026regma-2586263557",
  "format": "[Gen 9 Champions] VGC 2026 Reg M-A",
  "players": [
    "BiggMay",
    "binspndnmostalfe"
  ],
  "log": "|j|\u2606BiggMay\n|j|\u2606binspndnmostalfe\n|t:|1776418901\n|gametype|doubles\n|player|p1|BiggMay|parasollady-gen4|1189\n|player|p2|binspndnmostalfe|2|1121\n|gen|9\n|tier|[Gen 9 Champions] VGC 2026 Reg M-A\n|rated|\n|rule|Species Clause: Limit one of each Pok\u00e9mon\n|rule|Item Clause: Limit 1 of each item\n|clearpoke\n|poke|p1|Charizard, L50, M|\n|poke|p1|Kingambit, L50, F|\n|poke|p1|Incineroar, L50, M|\n|poke|p1|Floette-Eternal, L50, F|\n|poke|p1|Aerodactyl, L50, M|\n|poke|p1|Sneasler, L50, F|\n|poke|p2|Crabominable, L50, F|\n|poke|p2|Slowking-Galar, L50, M|\n|poke|p2|Incineroar, L50, F|\n|poke|p2|Azumarill, L50, M|\n|poke|p2|Sinistcha-Masterpiece, L50|\n|poke|p2|Aggron, L50, F|\n|teampreview|4\n|inactive|Battle timer is ON: inactive players will automatically lose when time's up. (requested by BiggMay)\nBiggMay rejected open team sheets.\n|\n|t:|1776418938\n|teamsize|p1|4\n|teamsize|p2|4\n|start\n|switch|p1a: Kingambit|Kingambit, L50, F, shiny|100/100\n|switch|p1b: Aerodactyl|Aerodactyl, L50, M, shiny|100/100\n|switch|p2a: Slowking|Slowking-Galar, L50, M, shiny|100/100\n|switch|p2b: Aggron|Aggron, L50, F|100/100\n|-ability|p1b: Aerodactyl|Unnerve\n|turn|1\n|inactive|binspndnmostalfe has 30 seconds left.\n|\n|t:|1776418969\n|move|p1b: Aerodactyl|Dual Wingbeat|p2a: Slowking\n|-damage|p2a: Slowking|81/100\n|-damage|p2a: Slowking|62/100\n|-hitcount|p2a: Slowking|2\n|move|p1a: Kingambit|Kowtow Cleave|p2a: Slowking\n|-supereffective|p2a: Slowking|1\n|-damage|p2a: Slowking|0 fnt\n|faint|p2a: Slowking\n|move|p2b: Aggron|Iron Defense|p2b: Aggron\n|-boost|p2b: Aggron|def|2\n|\n|upkeep\n|\n|t:|1776418977\n|switch|p2a: Azumarill|Azumarill, L50, M|100/100\n|turn|2\n|\n|t:|1776419003\n|detailschange|p2b: Aggron|Aggron-Mega, L50, F\n|-mega|p2b: Aggron|Aggron|Aggronite\n|move|p1b: Aerodactyl|Rock Slide|p2a: Azumarill|[spread] p2a,p2b\n|-resisted|p2b: Aggron|1\n|-damage|p2a: Azumarill|76/100\n|-damage|p2b: Aggron|98/100\n|move|p1a: Kingambit|Iron Head|p2a: Azumarill\n|-damage|p2a: Azumarill|25/100\n|move|p2a: Azumarill|Liquidation|p1b: Aerodactyl\n|-supereffective|p1b: Aerodactyl|1\n|-damage|p1b: Aerodactyl|0 fnt\n|faint|p1b: Aerodactyl\n|cant|p2b: Aggron|flinch\n|\n|upkeep\n|\n|t:|1776419017\n|switch|p1b: Sneasler|Sneasler, L50, F, shiny|100/100\n|turn|3\n|\n|t:|1776419035\n|switch|p2a: Crabominable|Crabominable, L50, F, shiny|100/100\n|move|p1b: Sneasler|Fake Out|p2b: Aggron\n|-resisted|p2b: Aggron|1\n|-damage|p2b: Aggron|96/100\n|move|p1a: Kingambit|Iron Head|p2a: Crabominable\n|-supereffective|p2a: Crabominable|1\n|-damage|p2a: Crabominable|5/100\n|cant|p2b: Aggron|flinch\n|\n|upkeep\n|turn|4\n|\n|t:|1776419049\n|move|p1a: Kingambit|Sucker Punch|p2a: Crabominable\n|-resisted|p2a: Crabominable|1\n|-damage|p2a: Crabominable|0 fnt\n|faint|p2a: Crabominable\n|move|p1b: Sneasler|Close Combat|p2b: Aggron\n|-supereffective|p2b: Aggron|1\n|-damage|p2b: Aggron|75/100\n|-unboost|p1b: Sneasler|def|1\n|-unboost|p1b: Sneasler|spd|1\n|-immune|p2b: Aggron\n|move|p2b: Aggron|Body Press|p1b: Sneasler\n|-resisted|p1b: Sneasler|1\n|-enditem|p1b: Sneasler|Focus Sash\n|-damage|p1b: Sneasler|1/100\n|\n|upkeep\n|\n|t:|1776419057\n|switch|p2a: Azumarill|Azumarill, L50, M|25/100\n|turn|5\n|\n|t:|1776419065\n|move|p2a: Azumarill|Protect|p2a: Azumarill\n|-singleturn|p2a: Azumarill|Protect\n|move|p1a: Kingambit|Sucker Punch||[still]\n|-fail|p1a: Kingambit\n|move|p1b: Sneasler|Close Combat|p2b: Aggron\n|-supereffective|p2b: Aggron|1\n|-damage|p2b: Aggron|56/100\n|-unboost|p1b: Sneasler|def|1\n|-unboost|p1b: Sneasler|spd|1\n|move|p2b: Aggron|Body Press|p1a: Kingambit\n|-supereffective|p1a: Kingambit|2\n|-damage|p1a: Kingambit|0 fnt\n|faint|p1a: Kingambit\n|\n|upkeep\n|\n|t:|1776419077\n|switch|p1a: Floette|Floette-Eternal, L50, F, shiny|100/100\n|turn|6\n|\n|t:|1776419090\n|detailschange|p1a: Floette|Floette-Mega, L50, F, shiny\n|-mega|p1a: Floette|Floette|Floettite\n|-ability|p1a: Floette|Fairy Aura\n|move|p2b: Aggron|Protect|p2b: Aggron\n|-singleturn|p2b: Aggron|Protect\n|move|p2a: Azumarill|Aqua Jet|p1b: Sneasler\n|-damage|p1b: Sneasler|0 fnt\n|faint|p1b: Sneasler\n|move|p1a: Floette|Light of Ruin|p2b: Aggron\n|-activate|p2b: Aggron|move: Protect\n|\n|upkeep\n|turn|7\n|\n|t:|1776419104\n|move|p1a: Floette|Light of Ruin|p2b: Aggron\n|-resisted|p2b: Aggron|1\n|-damage|p2b: Aggron|0 fnt\n|faint|p2b: Aggron\n|-damage|p1a: Floette|70/100|[from] Recoil\n|move|p2a: Azumarill|Liquidation|p1a: Floette\n|-damage|p1a: Floette|0 fnt\n|faint|p1a: Floette\n|\n|win|binspndnmostalfe\n|raw|BiggMay's rating: 1189 &rarr; <strong>1159</strong><br />(-30 for losing)\n|raw|binspndnmostalfe's rating: 1121 &rarr; <strong>1151</strong><br />(+30 for winning)\n|l|\u2606BiggMay\n|player|p1|\n",
  "uploadtime": 1776419117,
  "views": 21,
  "formatid": "gen9championsvgc2026regma",
  "rating": 1151,
  "private": 0,
  "password": null
}