{
  "id": "gen9championsvgc2026regma-2586230384",
  "format": "[Gen 9 Champions] VGC 2026 Reg M-A",
  "players": [
    "zgvuo",
    "zwcrazy"
  ],
  "log": "|j|\u2606zgvuo\n|j|\u2606zwcrazy\n|t:|1776415103\n|gametype|doubles\n|player|p1|zgvuo|clerk|1077\n|player|p2|zwcrazy|beauty-gen4dp|1140\n|gen|9\n|tier|[Gen 9 Champions] VGC 2026 Reg M-A\n|rated|\n|rule|Species Clause: Limit one of each Pok\u00e9mon\n|rule|Item Clause: Limit 1 of each item\n|clearpoke\n|poke|p1|Meganium, L50, M|\n|poke|p1|Aerodactyl, L50, F|\n|poke|p1|Archaludon, L50, F|\n|poke|p1|Kingambit, L50, M|\n|poke|p1|Slowking-Galar, L50, F|\n|poke|p1|Crabominable, L50, M|\n|poke|p2|Kingambit, L50, F|\n|poke|p2|Sneasler, L50, M|\n|poke|p2|Talonflame, L50, M|\n|poke|p2|Garchomp, L50, M|\n|poke|p2|Froslass, L50, F|\n|poke|p2|Milotic, L50, M|\n|teampreview|4\n|c|\u2606zwcrazy|gl\n|c|\u2606zgvuo|glhf\nzgvuo has agreed to open team sheets.\nzwcrazy has agreed to open team sheets.\n|showteam|p1|Meganium||Meganiumite|LeafGuard|WeatherBall,DazzlingGleam,SolarBeam,Protect|||M|||50|]Aerodactyl||FocusSash|Unnerve|Tailwind,DualWingbeat,RockSlide,Protect|||F|||50|]Archaludon||SitrusBerry|Stalwart|SteelBeam,DragonPulse,Thunderbolt,Protect|||F|||50|]Kingambit||ChopleBerry|Defiant|KowtowCleave,SuckerPunch,IronHead,Protect|||M|||50|]Slowking-Galar||Leftovers|Regenerator|ChillyReception,TrickRoom,Psychic,Protect|||F|||50|]Crabominable||Crabominite|HyperCutter|DrainPunch,IceHammer,Protect,MachPunch|||M|||50|\n|showteam|p2|Kingambit||BlackGlasses|Defiant|Protect,SwordsDance,KowtowCleave,SuckerPunch|||F|||50|]Sneasler||FocusSash|Unburden|FakeOut,CloseCombat,DireClaw,Protect|||M|||50|]Talonflame||SharpBeak|GaleWings|Tailwind,WillOWisp,BraveBird,Protect|||M|||50|]Garchomp||SoftSand|RoughSkin|Protect,Earthquake,RockSlide,StompingTantrum|||M|||50|]Froslass||Froslassite|SnowCloak|Blizzard,ShadowBall,Taunt,Protect|||F|||50|]Milotic||Leftovers|Competitive|Protect,IcyWind,Scald,MuddyWater|||M|||50|\n|\n|t:|1776415226\n|teamsize|p1|4\n|teamsize|p2|4\n|start\n|switch|p1a: Aerodactyl|Aerodactyl, L50, F|100/100\n|switch|p1b: Slowking|Slowking-Galar, L50, F, shiny|100/100\n|switch|p2a: Kingambit|Kingambit, L50, F|100/100\n|switch|p2b: Talonflame|Talonflame, L50, M|100/100\n|-ability|p1a: Aerodactyl|Unnerve\n|turn|1\n|\n|t:|1776415258\n|move|p2b: Talonflame|Protect|p2b: Talonflame\n|-singleturn|p2b: Talonflame|Protect\n|move|p1a: Aerodactyl|Rock Slide|p2a: Kingambit|[spread] p2a\n|-activate|p2b: Talonflame|move: Protect\n|-resisted|p2a: Kingambit|1\n|-damage|p2a: Kingambit|90/100\n|cant|p2a: Kingambit|flinch\n|move|p1b: Slowking|Trick Room|p1b: Slowking\n|-fieldstart|move: Trick Room|[of] p1b: Slowking\n|\n|upkeep\n|turn|2\n|\n|t:|1776415285\n|move|p2b: Talonflame|Brave Bird|p1b: Slowking\n|-damage|p1b: Slowking|58/100\n|-damage|p2b: Talonflame|82/100|[from] Recoil\n|-prepare|p1b: Slowking|Chilly Reception|[premajor]\n|move|p1b: Slowking|Chilly Reception|p1b: Slowking\n|-weather|Snowscape\n|\n|t:|1776415293\n|switch|p1b: Meganium|Meganium, L50, M|100/100|[from] Chilly Reception\n|move|p2a: Kingambit|Kowtow Cleave|p1b: Meganium\n|-damage|p1b: Meganium|37/100\n|move|p1a: Aerodactyl|Rock Slide|p2a: Kingambit|[spread] p2a\n|-miss|p1a: Aerodactyl|p2b: Talonflame\n|-resisted|p2a: Kingambit|1\n|-damage|p2a: Kingambit|79/100\n|\n|-weather|Snowscape|[upkeep]\n|upkeep\n|turn|3\n|\n|t:|1776415315\n|detailschange|p1b: Meganium|Meganium-Mega, L50, M\n|-mega|p1b: Meganium|Meganium|Meganiumite\n|move|p2a: Kingambit|Kowtow Cleave|p1a: Aerodactyl\n|-damage|p1a: Aerodactyl|1/100\n|move|p1b: Meganium|Weather Ball|p2a: Kingambit\n|-supereffective|p2a: Kingambit|1\n|-damage|p2a: Kingambit|0 fnt\n|faint|p2a: Kingambit\n|move|p1a: Aerodactyl|Rock Slide|p2b: Talonflame\n|-supereffective|p2b: Talonflame|2\n|-damage|p2b: Talonflame|0 fnt\n|faint|p2b: Talonflame\n|\n|-weather|Snowscape|[upkeep]\n|upkeep\n|\n|t:|1776415324\n|switch|p2a: Sneasler|Sneasler, L50, M|100/100\n|switch|p2b: Froslass|Froslass, L50, F|100/100\n|turn|4\n|\n|t:|1776415357\n|detailschange|p2b: Froslass|Froslass-Mega, L50, F\n|-mega|p2b: Froslass|Froslass|Froslassite\n|move|p1a: Aerodactyl|Protect|p1a: Aerodactyl\n|-singleturn|p1a: Aerodactyl|Protect\n|move|p2a: Sneasler|Fake Out|p1a: Aerodactyl\n|-activate|p1a: Aerodactyl|move: Protect\n|move|p1b: Meganium|Weather Ball|p2b: Froslass\n|-supereffective|p2b: Froslass|1\n|-damage|p2b: Froslass|0 fnt\n|faint|p2b: Froslass\n|\n|-weather|Snowscape|[upkeep]\n|upkeep\n|turn|5\n|c|\u2606zwcrazy|gg\n|\n|t:|1776415373\n|move|p1b: Meganium|Weather Ball|p2a: Sneasler\n|-damage|p2a: Sneasler|17/100\n|move|p1a: Aerodactyl|Dual Wingbeat|p2a: Sneasler\n|-supereffective|p2a: Sneasler|1\n|-crit|p2a: Sneasler\n|-damage|p2a: Sneasler|0 fnt\n|faint|p2a: Sneasler\n|-hitcount|p2: Sneasler|1\n|\n|win|zgvuo\n|raw|zgvuo's rating: 1077 &rarr; <strong>1111</strong><br />(+34 for winning)\n|raw|zwcrazy's rating: 1140 &rarr; <strong>1111</strong><br />(-29 for losing)\n|c|\u2606zgvuo|gg\n",
  "uploadtime": 1776415381,
  "views": 20,
  "formatid": "gen9championsvgc2026regma",
  "rating": 1111,
  "private": 0,
  "password": null
}