{
  "id": "gen9championsvgc2026regma-2583377604",
  "format": "[Gen 9 Champions] VGC 2026 Reg M-A",
  "players": [
    "tshss",
    "eDuMvP"
  ],
  "log": "|j|\u2606tshss\n|j|\u2606eDuMvP\n|t:|1776171396\n|gametype|doubles\n|player|p1|tshss|benga|1051\n|player|p2|eDuMvP|101|1018\n|gen|9\n|tier|[Gen 9 Champions] VGC 2026 Reg M-A\n|rated|\n|rule|Species Clause: Limit one of each Pok\u00e9mon\n|rule|Item Clause: Limit 1 of each item\n|clearpoke\n|poke|p1|Altaria, L50, M|\n|poke|p1|Aerodactyl, L50, M|\n|poke|p1|Incineroar, L50, F|\n|poke|p1|Excadrill, L50, M|\n|poke|p1|Tyranitar, L50, M|\n|poke|p1|Sinistcha, L50|\n|poke|p2|Froslass, L50, F|\n|poke|p2|Tinkaton, L50, F|\n|poke|p2|Meowscarada, L50, F|\n|poke|p2|Milotic, L50, F|\n|poke|p2|Gengar, L50, F|\n|poke|p2|Incineroar, L50, M|\n|teampreview|4\n|\n|t:|1776171442\n|teamsize|p1|4\n|teamsize|p2|4\n|start\n|switch|p1a: Aerodactyl|Aerodactyl, L50, M|100/100\n|switch|p1b: Excadrill|Excadrill, L50, M, shiny|100/100\n|switch|p2a: Froslass|Froslass, L50, F|100/100\n|switch|p2b: Tinkaton|Tinkaton, L50, F|100/100\n|-ability|p1a: Aerodactyl|Unnerve\n|-ability|p2b: Tinkaton|Mold Breaker\n|turn|1\n|\n|t:|1776171476\n|detailschange|p2a: Froslass|Froslass-Mega, L50, F\n|-mega|p2a: Froslass|Froslass|Froslassite\n|-weather|Snowscape|[from] ability: Snow Warning|[of] p2a: Froslass\n|move|p2b: Tinkaton|Fake Out|p1b: Excadrill\n|-resisted|p1b: Excadrill|1\n|-damage|p1b: Excadrill|94/100\n|move|p1a: Aerodactyl|Taunt|p2a: Froslass\n|-start|p2a: Froslass|move: Taunt\n|move|p2a: Froslass|Blizzard|p1a: Aerodactyl|[spread] p1a,p1b\n|-supereffective|p1a: Aerodactyl|1\n|-enditem|p1a: Aerodactyl|Focus Sash\n|-damage|p1a: Aerodactyl|1/100\n|-damage|p1b: Excadrill|28/100\n|cant|p1b: Excadrill|flinch\n|\n|-weather|Snowscape|[upkeep]\n|upkeep\n|turn|2\n|\n|t:|1776171513\n|switch|p2a: Milotic|Milotic, L50, F|100/100\n|move|p1a: Aerodactyl|Tailwind|p1a: Aerodactyl\n|-sidestart|p1: tshss|move: Tailwind\n|move|p1b: Excadrill|Earthquake|p2b: Tinkaton|[spread] p2a,p2b\n|-immune|p1a: Aerodactyl\n|-supereffective|p2b: Tinkaton|1\n|-damage|p2a: Milotic|60/100\n|-damage|p2b: Tinkaton|0 fnt\n|faint|p2b: Tinkaton\n|\n|-weather|Snowscape|[upkeep]\n|-heal|p2a: Milotic|66/100|[from] item: Leftovers\n|upkeep\n|\n|t:|1776171524\n|switch|p2b: Froslass|Froslass-Mega, L50, F|100/100\n|turn|3\n|\n|t:|1776171532\n|move|p1a: Aerodactyl|Rock Slide|p2b: Froslass|[spread] p2b\n|-miss|p1a: Aerodactyl|p2a: Milotic\n|-supereffective|p2b: Froslass|1\n|-damage|p2b: Froslass|52/100\n|move|p1b: Excadrill|Earthquake|p2b: Froslass|[spread] p2a,p2b\n|-immune|p1a: Aerodactyl\n|-crit|p2a: Milotic\n|-damage|p2a: Milotic|6/100\n|-damage|p2b: Froslass|0 fnt\n|faint|p2b: Froslass\n|move|p2a: Milotic|Scald|p1b: Excadrill\n|-supereffective|p1b: Excadrill|1\n|-damage|p1b: Excadrill|0 fnt\n|faint|p1b: Excadrill\n|\n|-weather|Snowscape|[upkeep]\n|-heal|p2a: Milotic|12/100|[from] item: Leftovers\n|upkeep\n|\n|t:|1776171548\n|switch|p2b: Meowscarada|Meowscarada, L50, F|100/100\n|switch|p1b: Tyranitar|Tyranitar, L50, M, shiny|100/100\n|-weather|Sandstorm|[from] ability: Sand Stream|[of] p1b: Tyranitar\n|turn|4\n|\n|t:|1776171560\n|move|p1a: Aerodactyl|Protect|p1a: Aerodactyl\n|-singleturn|p1a: Aerodactyl|Protect\n|move|p2a: Milotic|Protect|p2a: Milotic\n|-singleturn|p2a: Milotic|Protect\n|move|p1b: Tyranitar|Superpower|p2b: Meowscarada\n|-supereffective|p2b: Meowscarada|1\n|-crit|p2b: Meowscarada\n|-enditem|p2b: Meowscarada|Focus Sash\n|-damage|p2b: Meowscarada|1/100\n|-unboost|p1b: Tyranitar|atk|1\n|-unboost|p1b: Tyranitar|def|1\n|move|p2b: Meowscarada|Flower Trick|p1b: Tyranitar\n|-start|p2b: Meowscarada|typechange|Grass|[from] ability: Protean\n|-supereffective|p1b: Tyranitar|1\n|-crit|p1b: Tyranitar\n|-damage|p1b: Tyranitar|0 fnt\n|faint|p1b: Tyranitar\n|\n|-weather|Sandstorm|[upkeep]\n|-damage|p2b: Meowscarada|0 fnt|[from] Sandstorm\n|-damage|p2a: Milotic|6/100|[from] Sandstorm\n|faint|p2b: Meowscarada\n|-heal|p2a: Milotic|12/100|[from] item: Leftovers\n|upkeep\n|\n|t:|1776171570\n|switch|p1b: Altaria|Altaria, L50, M|100/100\n|turn|5\n|\n|t:|1776171582\n|detailschange|p1b: Altaria|Altaria-Mega, L50, M\n|-mega|p1b: Altaria|Altaria|Altarianite\n|move|p1a: Aerodactyl|Taunt|p2a: Milotic\n|-start|p2a: Milotic|move: Taunt\n|move|p1b: Altaria|Hyper Voice|p2a: Milotic\n|-damage|p2a: Milotic|0 fnt\n|faint|p2a: Milotic\n|\n|win|tshss\n|raw|tshss's rating: 1051 &rarr; <strong>1080</strong><br />(+29 for winning)\n|raw|eDuMvP's rating: 1018 &rarr; <strong>1007</strong><br />(-11 for losing)\n|c|\u2606eDuMvP|hdp\n|l|\u2606eDuMvP\n|player|p2|\n|c|\u2606tshss|whats hdp mean\n",
  "uploadtime": 1776171670,
  "views": 13,
  "formatid": "gen9championsvgc2026regma",
  "rating": 1007,
  "private": 0,
  "password": null
}