{
  "id": "gen9championsvgc2026regma-2589574165",
  "format": "[Gen 9 Champions] VGC 2026 Reg M-A",
  "players": [
    "matuzo",
    "argamax89"
  ],
  "log": "|j|\u2606matuzo\n|j|\u2606argamax89\n|t:|1776735467\n|gametype|doubles\n|player|p1|matuzo|265|1117\n|player|p2|argamax89|265|1154\n|gen|9\n|tier|[Gen 9 Champions] VGC 2026 Reg M-A\n|rated|\n|rule|Species Clause: Limit one of each Pok\u00e9mon\n|rule|Item Clause: Limit 1 of each item\n|clearpoke\n|poke|p1|Politoed, L50, M, shiny|\n|poke|p1|Gengar, L50, F|\n|poke|p1|Incineroar, L50, M|\n|poke|p1|Sinistcha, L50|\n|poke|p1|Kingambit, L50, F, shiny|\n|poke|p1|Azumarill, L50, M, shiny|\n|poke|p2|Gardevoir, L50, M|\n|poke|p2|Maushold, L50|\n|poke|p2|Basculegion, L50, M|\n|poke|p2|Garchomp, L50, F|\n|poke|p2|Kingambit, L50, M|\n|poke|p2|Talonflame, L50, F|\n|teampreview|4\nmatuzo rejected open team sheets.\n|inactive|Battle timer is ON: inactive players will automatically lose when time's up. (requested by matuzo)\n|\n|t:|1776735512\n|teamsize|p1|4\n|teamsize|p2|4\n|start\n|switch|p1a: Catel|Gengar, L50, F|100/100\n|switch|p1b: M4dxrx|Incineroar, L50, M|100/100\n|switch|p2a: Kingambit|Kingambit, L50, M|100/100\n|switch|p2b: Gardevoir|Gardevoir, L50, M|100/100\n|-ability|p1b: M4dxrx|Intimidate|boost\n|-unboost|p2a: Kingambit|atk|1\n|-ability|p2a: Kingambit|Defiant|boost\n|-boost|p2a: Kingambit|atk|2\n|-unboost|p2b: Gardevoir|atk|1\n|turn|1\n|inactiveoff|Battle timer is now OFF.\n|inactive|Battle timer is ON: inactive players will automatically lose when time's up. (requested by argamax89)\n|\n|t:|1776735562\n|detailschange|p1a: Catel|Gengar-Mega, L50, F\n|-mega|p1a: Catel|Gengar|Gengarite\n|move|p1a: Catel|Protect|p1a: Catel\n|-singleturn|p1a: Catel|Protect\n|move|p2b: Gardevoir|Protect|p2b: Gardevoir\n|-singleturn|p2b: Gardevoir|Protect\n|move|p2a: Kingambit|Protect|p2a: Kingambit\n|-singleturn|p2a: Kingambit|Protect\n|move|p1b: M4dxrx|Parting Shot|p2b: Gardevoir\n|-activate|p2b: Gardevoir|move: Protect\n|\n|upkeep\n|turn|2\n|inactive|matuzo has 30 seconds left.\n|inactive|argamax89 has 30 seconds left.\n|\n|t:|1776735593\n|detailschange|p2b: Gardevoir|Gardevoir-Mega, L50, M\n|-mega|p2b: Gardevoir|Gardevoir|Gardevoirite\n|move|p1a: Catel|Shadow Ball|p2b: Gardevoir\n|-supereffective|p2b: Gardevoir|1\n|-damage|p2b: Gardevoir|28/100\n|move|p2b: Gardevoir|Hyper Voice|p1a: Catel|[spread] p1a,p1b\n|-resisted|p1a: Catel|1\n|-damage|p1a: Catel|71/100\n|-damage|p1b: M4dxrx|47/100\n|move|p1b: M4dxrx|Throat Chop|p2b: Gardevoir\n|-damage|p2b: Gardevoir|0 fnt\n|faint|p2b: Gardevoir\n|move|p2a: Kingambit|Kowtow Cleave|p1a: Catel\n|-supereffective|p1a: Catel|1\n|-damage|p1a: Catel|0 fnt\n|faint|p1a: Catel\n|\n|upkeep\n|\n|t:|1776735614\n|switch|p1a: K3ngo|Politoed, L50, M, shiny|100/100\n|switch|p2b: Maushold|Maushold, L50|100/100\n|-weather|RainDance|[from] ability: Drizzle|[of] p1a: K3ngo\n|turn|3\n|inactive|matuzo has 30 seconds left.\n|inactive|argamax89 has 30 seconds left.\n|\n|t:|1776735654\n|switch|p1b: Caju|Sinistcha, L50|100/100\n|move|p1a: K3ngo|Protect|p1a: K3ngo\n|-singleturn|p1a: K3ngo|Protect\n|move|p2a: Kingambit|Protect|p2a: Kingambit\n|-singleturn|p2a: Kingambit|Protect\n|move|p2b: Maushold|Super Fang|p1a: K3ngo\n|-activate|p1a: K3ngo|move: Protect\n|\n|-weather|RainDance|[upkeep]\n|upkeep\n|turn|4\n|\n|t:|1776735675\n|move|p1b: Caju|Rage Powder|p1b: Caju\n|-singleturn|p1b: Caju|move: Rage Powder\n|move|p2b: Maushold|Encore|p1b: Caju\n|-start|p1b: Caju|Encore\n|move|p1a: K3ngo|Weather Ball|p2a: Kingambit\n|-damage|p2a: Kingambit|63/100\n|move|p2a: Kingambit|Kowtow Cleave|p1b: Caju\n|-supereffective|p1b: Caju|1\n|-damage|p1b: Caju|6/100\n|\n|-weather|RainDance|[upkeep]\n|upkeep\n|turn|5\n|inactive|matuzo has 30 seconds left.\n|inactive|matuzo has 20 seconds left.\n|inactive|matuzo has 15 seconds left.\n|inactive|matuzo has 10 seconds left.\n|inactive|matuzo has 5 seconds left.\n|\n|t:|1776735730\n|move|p1a: K3ngo|Protect|p1a: K3ngo\n|-singleturn|p1a: K3ngo|Protect\n|move|p2b: Maushold|Follow Me|p2b: Maushold\n|-singleturn|p2b: Maushold|move: Follow Me\n|move|p1b: Caju|Rage Powder|p1b: Caju\n|-singleturn|p1b: Caju|move: Rage Powder\n|move|p2a: Kingambit|Kowtow Cleave|p1b: Caju\n|-supereffective|p1b: Caju|1\n|-damage|p1b: Caju|0 fnt\n|faint|p1b: Caju\n|\n|-weather|RainDance|[upkeep]\n|upkeep\n|\n|t:|1776735732\n|switch|p1b: M4dxrx|Incineroar, L50, M|47/100\n|-ability|p1b: M4dxrx|Intimidate|boost\n|-unboost|p2a: Kingambit|atk|1\n|-ability|p2a: Kingambit|Defiant|boost\n|-boost|p2a: Kingambit|atk|2\n|-unboost|p2b: Maushold|atk|1\n|turn|6\n|-message|matuzo forfeited.\n|\n|win|argamax89\n|raw|matuzo's rating: 1162 &rarr; <strong>1136</strong><br />(-26 for losing)\n|raw|argamax89's rating: 1154 &rarr; <strong>1180</strong><br />(+26 for winning)\n|l|\u2606matuzo\n|player|p1|\n",
  "uploadtime": 1776735740,
  "views": 9,
  "formatid": "gen9championsvgc2026regma",
  "rating": 1136,
  "private": 0,
  "password": null
}