{
  "id": "gen9championsvgc2026regma-2585849253",
  "format": "[Gen 9 Champions] VGC 2026 Reg M-A",
  "players": [
    "campeondelfitness",
    "Marspiter"
  ],
  "log": "|j|\u2606campeondelfitness\n|j|\u2606Marspiter\n|t:|1776375334\n|gametype|doubles\n|player|p1|campeondelfitness|swimmer|1251\n|player|p2|Marspiter|steven|1291\n|gen|9\n|tier|[Gen 9 Champions] VGC 2026 Reg M-A\n|rated|\n|rule|Species Clause: Limit one of each Pok\u00e9mon\n|rule|Item Clause: Limit 1 of each item\n|clearpoke\n|poke|p1|Tyranitar, L50, F|\n|poke|p1|Garchomp, L50, F|\n|poke|p1|Heliolisk, L50, M|\n|poke|p1|Rotom-Heat, L50|\n|poke|p1|Orthworm, L50, F|\n|poke|p1|Aerodactyl, L50, M|\n|poke|p2|Scizor, L50, F|\n|poke|p2|Basculegion, L50, M|\n|poke|p2|Pelipper, L50, M|\n|poke|p2|Sneasler, L50, F|\n|poke|p2|Dragonite, L50, F|\n|poke|p2|Archaludon, L50, F|\n|teampreview|4\n|inactive|Battle timer is ON: inactive players will automatically lose when time's up. (requested by campeondelfitness)\n|\n|t:|1776375364\n|teamsize|p1|4\n|teamsize|p2|4\n|start\n|switch|p1a: Orthworm|Orthworm, L50, F|100/100\n|switch|p1b: Rotom|Rotom-Heat, L50|100/100\n|switch|p2a: Dragonite|Dragonite, L50, F|100/100\n|switch|p2b: Pelipper|Pelipper, L50, M|100/100\n|-weather|RainDance|[from] ability: Drizzle|[of] p2b: Pelipper\n|turn|1\n|inactive|campeondelfitness has 30 seconds left.\n|inactive|Marspiter has 30 seconds left.\n|\n|t:|1776375395\n|detailschange|p2a: Dragonite|Dragonite-Mega, L50, F\n|-mega|p2a: Dragonite|Dragonite|Dragoninite\n|move|p2a: Dragonite|Weather Ball|p1a: Orthworm\n|-damage|p1a: Orthworm|3/100\n|move|p1b: Rotom|Volt Switch|p2b: Pelipper\n|-supereffective|p2b: Pelipper|2\n|-enditem|p2b: Pelipper|Focus Sash\n|-damage|p2b: Pelipper|1/100\n|\n|t:|1776375410\n|switch|p1b: Tyranitar|Tyranitar, L50, F|100/100|[from] Volt Switch\n|-weather|Sandstorm|[from] ability: Sand Stream|[of] p1b: Tyranitar\n|move|p2b: Pelipper|Weather Ball|p1a: Orthworm\n|-resisted|p1a: Orthworm|1\n|-damage|p1a: Orthworm|0 fnt\n|faint|p1a: Orthworm\n|\n|-weather|Sandstorm|[upkeep]\n|-damage|p2a: Dragonite|95/100|[from] Sandstorm\n|-damage|p2b: Pelipper|0 fnt|[from] Sandstorm\n|faint|p2b: Pelipper\n|upkeep\n|\n|t:|1776375425\n|switch|p2b: Sneasler|Sneasler, L50, F|100/100\n|switch|p1a: Garchomp|Garchomp, L50, F|100/100\n|turn|2\n|\n|t:|1776375443\n|detailschange|p1a: Garchomp|Garchomp-Mega, L50, F\n|-mega|p1a: Garchomp|Garchomp|Garchompite\n|move|p1a: Garchomp|Protect|p1a: Garchomp\n|-singleturn|p1a: Garchomp|Protect\n|move|p2b: Sneasler|Close Combat|p1b: Tyranitar\n|-supereffective|p1b: Tyranitar|2\n|-enditem|p1b: Tyranitar|Focus Sash\n|-damage|p1b: Tyranitar|1/100\n|-unboost|p2b: Sneasler|def|1\n|-unboost|p2b: Sneasler|spd|1\n|-enditem|p2b: Sneasler|White Herb\n|-clearnegativeboost|p2b: Sneasler|[silent]\n|move|p2a: Dragonite|Dragon Pulse|p1a: Garchomp\n|-activate|p1a: Garchomp|move: Protect\n|move|p1b: Tyranitar|Icy Wind|p2b: Sneasler|[spread] p2a,p2b\n|-supereffective|p2a: Dragonite|2\n|-crit|p2b: Sneasler\n|-damage|p2a: Dragonite|61/100\n|-damage|p2b: Sneasler|80/100\n|-unboost|p2a: Dragonite|spe|1\n|-unboost|p2b: Sneasler|spe|1\n|\n|-weather|Sandstorm|[upkeep]\n|-damage|p2b: Sneasler|74/100|[from] Sandstorm\n|-damage|p2a: Dragonite|55/100|[from] Sandstorm\n|upkeep\n|turn|3\n|inactive|campeondelfitness has 30 seconds left.\n|inactive|Marspiter has 30 seconds left.\n|inactive|campeondelfitness has 20 seconds left.\n|\n|t:|1776375483\n|switch|p1b: Rotom|Rotom-Heat, L50|100/100\n|move|p2a: Dragonite|Protect|p2a: Dragonite\n|-singleturn|p2a: Dragonite|Protect\n|move|p2b: Sneasler|Dire Claw|p1b: Rotom\n|-damage|p1b: Rotom|60/100\n|move|p1a: Garchomp|Dragon Claw|p2a: Dragonite\n|-activate|p2a: Dragonite|move: Protect\n|\n|-weather|Sandstorm|[upkeep]\n|-damage|p2b: Sneasler|69/100|[from] Sandstorm\n|-damage|p1b: Rotom|54/100|[from] Sandstorm\n|-damage|p2a: Dragonite|49/100|[from] Sandstorm\n|upkeep\n|turn|4\n|inactive|campeondelfitness has 30 seconds left.\n|\n|t:|1776375512\n|move|p2b: Sneasler|Close Combat|p1b: Rotom\n|-damage|p1b: Rotom|0 fnt\n|-unboost|p2b: Sneasler|def|1\n|-unboost|p2b: Sneasler|spd|1\n|faint|p1b: Rotom\n|move|p1a: Garchomp|Earthquake|p2a: Dragonite|[spread] p2b\n|-immune|p2a: Dragonite\n|-supereffective|p2b: Sneasler|1\n|-damage|p2b: Sneasler|0 fnt\n|faint|p2b: Sneasler\n|move|p2a: Dragonite|Weather Ball|p1a: Garchomp\n|-resisted|p1a: Garchomp|1\n|-damage|p1a: Garchomp|79/100\n|\n|-weather|Sandstorm|[upkeep]\n|-damage|p2a: Dragonite|43/100|[from] Sandstorm\n|upkeep\n|\n|t:|1776375526\n|switch|p2b: Archaludon|Archaludon, L50, F|100/100\n|switch|p1b: Tyranitar|Tyranitar, L50, F|1/100\n|turn|5\n|inactive|campeondelfitness has 30 seconds left.\n|inactive|campeondelfitness has 20 seconds left.\n|inactive|campeondelfitness has 15 seconds left.\n|inactive|Marspiter has 30 seconds left.\n|inactive|Marspiter has 20 seconds left.\n|\n|t:|1776375578\n|move|p1a: Garchomp|Dragon Claw|p2a: Dragonite\n|-supereffective|p2a: Dragonite|1\n|-damage|p2a: Dragonite|0 fnt\n|faint|p2a: Dragonite\n|move|p2b: Archaludon|Dragon Pulse|p1a: Garchomp\n|-supereffective|p1a: Garchomp|1\n|-damage|p1a: Garchomp|7/100\n|move|p1b: Tyranitar|Knock Off|p2b: Archaludon\n|-damage|p2b: Archaludon|67/100\n|-ability|p2b: Archaludon|Stamina|boost\n|-boost|p2b: Archaludon|def|1\n|-enditem|p2b: Archaludon|Leftovers|[from] move: Knock Off|[of] p1b: Tyranitar\n|\n|-weather|none\n|upkeep\n|turn|6\n|inactive|campeondelfitness has 30 seconds left.\n|inactive|Marspiter has 30 seconds left.\n|inactive|campeondelfitness has 20 seconds left.\n|\n|t:|1776375618\n|move|p1b: Tyranitar|Helping Hand|p1a: Garchomp\n|-singleturn|p1a: Garchomp|Helping Hand|[of] p1b: Tyranitar\n|move|p1a: Garchomp|Earthquake|p2b: Archaludon|[spread] p1b,p2b\n|-supereffective|p1b: Tyranitar|1\n|-supereffective|p2b: Archaludon|1\n|-damage|p1b: Tyranitar|0 fnt\n|-damage|p2b: Archaludon|0 fnt\n|faint|p1b: Tyranitar\n|faint|p2b: Archaludon\n|\n|win|campeondelfitness\n|raw|campeondelfitness's rating: 1251 &rarr; <strong>1279</strong><br />(+28 for winning)\n|raw|Marspiter's rating: 1291 &rarr; <strong>1263</strong><br />(-28 for losing)\n|l|\u2606Marspiter\n|player|p2|\n",
  "uploadtime": 1776375638,
  "views": 39,
  "formatid": "gen9championsvgc2026regma",
  "rating": 1263,
  "private": 0,
  "password": null
}