{
  "id": "gen9championsvgc2026regma-2583617204",
  "format": "[Gen 9 Champions] VGC 2026 Reg M-A",
  "players": [
    "ivygyrados",
    "AidzPlayz"
  ],
  "log": "|j|\u2606ivygyrados\n|j|\u2606AidzPlayz\n|t:|1776186802\n|gametype|doubles\n|player|p1|ivygyrados|169|1184\n|player|p2|AidzPlayz|ghetsis-gen5bw|1196\n|gen|9\n|tier|[Gen 9 Champions] VGC 2026 Reg M-A\n|rated|\n|rule|Species Clause: Limit one of each Pok\u00e9mon\n|rule|Item Clause: Limit 1 of each item\n|clearpoke\n|poke|p1|Floette-Eternal, L50, F|\n|poke|p1|Incineroar, L50, M|\n|poke|p1|Aerodactyl, L50, M|\n|poke|p1|Basculegion, L50, M|\n|poke|p1|Garchomp, L50, F|\n|poke|p1|Sneasler, L50, F|\n|poke|p2|Aerodactyl, L50, F|\n|poke|p2|Incineroar, L50, M|\n|poke|p2|Floette-Eternal, L50, F|\n|poke|p2|Basculegion, L50, M|\n|poke|p2|Garchomp, L50, F|\n|poke|p2|Sneasler, L50, F|\n|teampreview|4\n|c|\u2606ivygyrados|Nice team\n|\n|t:|1776186840\n|teamsize|p1|4\n|teamsize|p2|4\n|start\n|switch|p1a: Basculegion|Basculegion, L50, M, shiny|100/100\n|switch|p1b: Aerodactyl|Aerodactyl, L50, M|100/100\n|switch|p2a: Basculegion|Basculegion, L50, M|100/100\n|switch|p2b: Incineroar|Incineroar, L50, M|100/100\n|-ability|p1b: Aerodactyl|Unnerve\n|-ability|p2b: Incineroar|Intimidate|boost\n|-unboost|p1a: Basculegion|atk|1\n|-unboost|p1b: Aerodactyl|atk|1\n|turn|1\n|inactive|Battle timer is ON: inactive players will automatically lose when time's up. (requested by AidzPlayz)\n|c|\u2606AidzPlayz|thanks\n|inactive|AidzPlayz has 60 seconds left.\n|\n|t:|1776186880\n|switch|p1a: Incineroar|Incineroar, L50, M, shiny|100/100\n|-ability|p1a: Incineroar|Intimidate|boost\n|-unboost|p2a: Basculegion|atk|1\n|-unboost|p2b: Incineroar|atk|1\n|move|p2a: Basculegion|Liquidation|p1b: Aerodactyl\n|-supereffective|p1b: Aerodactyl|1\n|-enditem|p1b: Aerodactyl|Focus Sash\n|-damage|p1b: Aerodactyl|1/100\n|move|p1b: Aerodactyl|Tailwind|p1b: Aerodactyl\n|-sidestart|p1: ivygyrados|move: Tailwind\n|move|p2b: Incineroar|Parting Shot|p1a: Incineroar\n|-unboost|p1a: Incineroar|atk|1\n|-unboost|p1a: Incineroar|spa|1\n|\n|t:|1776186893\n|switch|p2b: Aerodactyl|Aerodactyl, L50, F|100/100|[from] Parting Shot\n|-ability|p2b: Aerodactyl|Unnerve\n|\n|upkeep\n|turn|2\n|\n|t:|1776186909\n|move|p2b: Aerodactyl|Protect|p2b: Aerodactyl\n|-singleturn|p2b: Aerodactyl|Protect\n|move|p1a: Incineroar|Fake Out|p2b: Aerodactyl\n|-activate|p2b: Aerodactyl|move: Protect\n|move|p1b: Aerodactyl|Rock Slide|p2a: Basculegion|[spread] p2a\n|-activate|p2b: Aerodactyl|move: Protect\n|-damage|p2a: Basculegion|78/100\n|move|p2a: Basculegion|Liquidation|p1a: Incineroar\n|-supereffective|p1a: Incineroar|1\n|-damage|p1a: Incineroar|29/100\n|\n|upkeep\n|turn|3\n|\n|t:|1776186925\n|move|p1b: Aerodactyl|Rock Slide|p2b: Aerodactyl|[spread] p2a,p2b\n|-supereffective|p2b: Aerodactyl|1\n|-damage|p2a: Basculegion|58/100\n|-damage|p2b: Aerodactyl|42/100\n|move|p2a: Basculegion|Liquidation|p1a: Incineroar\n|-supereffective|p1a: Incineroar|1\n|-damage|p1a: Incineroar|0 fnt\n|faint|p1a: Incineroar\n|move|p2b: Aerodactyl|Tailwind|p2b: Aerodactyl\n|-sidestart|p2: AidzPlayz|move: Tailwind\n|\n|upkeep\n|\n|t:|1776186941\n|switch|p1a: Basculegion|Basculegion, L50, M, shiny|100/100\n|turn|4\n|\n|t:|1776186961\n|switch|p2a: Incineroar|Incineroar, L50, M|100/100\n|-ability|p2a: Incineroar|Intimidate|boost\n|-unboost|p1a: Basculegion|atk|1\n|-unboost|p1b: Aerodactyl|atk|1\n|switch|p1b: Floette|Floette-Eternal, L50, F|100/100\n|move|p1a: Basculegion|Flip Turn|p2b: Aerodactyl\n|-supereffective|p2b: Aerodactyl|1\n|-damage|p2b: Aerodactyl|0 fnt\n|faint|p2b: Aerodactyl\n|\n|t:|1776186969\n|switch|p1a: Aerodactyl|Aerodactyl, L50, M|1/100|[from] Flip Turn\n|-ability|p1a: Aerodactyl|Unnerve\n|\n|-sideend|p1: ivygyrados|move: Tailwind\n|upkeep\n|\n|t:|1776186980\n|switch|p2b: Floette|Floette-Eternal, L50, F|100/100\n|turn|5\n|inactive|ivygyrados has 30 seconds left.\n|inactive|ivygyrados has 20 seconds left.\n|\n|t:|1776187016\n|switch|p1a: Basculegion|Basculegion, L50, M, shiny|100/100\n|detailschange|p2b: Floette|Floette-Mega, L50, F\n|-mega|p2b: Floette|Floette|Floettite\n|-ability|p2b: Floette|Fairy Aura\n|detailschange|p1b: Floette|Floette-Mega, L50, F\n|-mega|p1b: Floette|Floette|Floettite\n|-ability|p1b: Floette|Fairy Aura\n|move|p2a: Incineroar|Helping Hand|p2b: Floette\n|-singleturn|p2b: Floette|Helping Hand|[of] p2a: Incineroar\n|move|p2b: Floette|Light of Ruin|p1b: Floette\n|-damage|p1b: Floette|0 fnt\n|faint|p1b: Floette\n|-damage|p2b: Floette|50/100|[from] Recoil\n|\n|upkeep\n|\n|t:|1776187018\n|switch|p1b: Aerodactyl|Aerodactyl, L50, M|1/100\n|-ability|p1b: Aerodactyl|Unnerve\n|turn|6\n|inactive|ivygyrados has 30 seconds left.\n|inactive|AidzPlayz has 30 seconds left.\n|\n|t:|1776187052\n|switch|p2a: Basculegion|Basculegion, L50, M|58/100\n|move|p1b: Aerodactyl|Protect|p1b: Aerodactyl\n|-singleturn|p1b: Aerodactyl|Protect\n|move|p2b: Floette|Dazzling Gleam|p1b: Aerodactyl|[spread] p1a\n|-activate|p1b: Aerodactyl|move: Protect\n|-damage|p1a: Basculegion|39/100\n|move|p1a: Basculegion|Last Respects|p2b: Floette\n|-damage|p2b: Floette|0 fnt\n|faint|p2b: Floette\n|\n|-sideend|p2: AidzPlayz|move: Tailwind\n|upkeep\n|\n|t:|1776187063\n|switch|p2b: Incineroar|Incineroar, L50, M|100/100\n|-ability|p2b: Incineroar|Intimidate|boost\n|-unboost|p1a: Basculegion|atk|1\n|-unboost|p1b: Aerodactyl|atk|1\n|turn|7\n|\n|t:|1776187074\n|move|p2b: Incineroar|Fake Out|p1b: Aerodactyl\n|-resisted|p1b: Aerodactyl|1\n|-damage|p1b: Aerodactyl|0 fnt\n|faint|p1b: Aerodactyl\n|move|p2a: Basculegion|Last Respects|p1a: Basculegion\n|-supereffective|p1a: Basculegion|1\n|-damage|p1a: Basculegion|0 fnt\n|faint|p1a: Basculegion\n|\n|win|AidzPlayz\n|raw|ivygyrados's rating: 1184 &rarr; <strong>1160</strong><br />(-24 for losing)\n|raw|AidzPlayz's rating: 1196 &rarr; <strong>1220</strong><br />(+24 for winning)\n|c|\u2606AidzPlayz|gg\n|l|\u2606ivygyrados\n|player|p1|\n",
  "uploadtime": 1776187074,
  "views": 27,
  "formatid": "gen9championsvgc2026regma",
  "rating": 1160,
  "private": 0,
  "password": null
}