{
  "id": "gen9championsvgc2026regma-2585272361",
  "format": "[Gen 9 Champions] VGC 2026 Reg M-A",
  "players": [
    "Alejop88",
    "gooseyj"
  ],
  "log": "|j|\u2606Alejop88\n|j|\u2606gooseyj\n|t:|1776332414\n|gametype|doubles\n|player|p1|Alejop88|102|1304\n|player|p2|gooseyj|iris-gen5bw2|1343\n|gen|9\n|tier|[Gen 9 Champions] VGC 2026 Reg M-A\n|rated|\n|rule|Species Clause: Limit one of each Pok\u00e9mon\n|rule|Item Clause: Limit 1 of each item\n|clearpoke\n|poke|p1|Aegislash, L50, F|\n|poke|p1|Floette-Eternal, L50, F|\n|poke|p1|Kommo-o, L50, F|\n|poke|p1|Rotom-Wash, L50|\n|poke|p1|Incineroar, L50, M|\n|poke|p1|Tyranitar, L50, F|\n|poke|p2|Scizor, L50, F|\n|poke|p2|Milotic, L50, M|\n|poke|p2|Sinistcha, L50|\n|poke|p2|Incineroar, L50, F|\n|poke|p2|Arcanine-Hisui, L50, M|\n|poke|p2|Gengar, L50, F|\n|teampreview|4\n|inactive|Battle timer is ON: inactive players will automatically lose when time's up. (requested by gooseyj)\n|inactive|Alejop88 has 60 seconds left.\n|inactive|gooseyj has 60 seconds left.\n|inactive|Alejop88 has 30 seconds left.\n|inactive|gooseyj has 30 seconds left.\n|inactive|gooseyj has 20 seconds left.\n|inactive|gooseyj has 15 seconds left.\n|inactive|gooseyj has 10 seconds left.\n|inactive|gooseyj has 5 seconds left.\n|\n|t:|1776332502\n|teamsize|p1|4\n|teamsize|p2|4\n|start\n|switch|p1a: Rotom|Rotom-Wash, L50, shiny|100/100\n|switch|p1b: Kommo-o|Kommo-o, L50, F, shiny|100/100\n|switch|p2a: Milotic|Milotic, L50, M|100/100\n|switch|p2b: Gengar|Gengar, L50, F|100/100\n|turn|1\n|inactive|Alejop88 has 30 seconds left.\n|inactive|gooseyj has 30 seconds left.\n|\n|t:|1776332533\n|switch|p2a: Sinistcha|Sinistcha, L50|100/100\n|detailschange|p2b: Gengar|Gengar-Mega, L50, F\n|-mega|p2b: Gengar|Gengar|Gengarite\n|move|p1b: Kommo-o|Protect|p1b: Kommo-o\n|-singleturn|p1b: Kommo-o|Protect\n|move|p1a: Rotom|Electroweb|p2b: Gengar|[spread] p2a,p2b\n|-resisted|p2a: Sinistcha|1\n|-damage|p2a: Sinistcha|90/100\n|-damage|p2b: Gengar|80/100\n|-unboost|p2a: Sinistcha|spe|1\n|-unboost|p2b: Gengar|spe|1\n|move|p2b: Gengar|Sludge Bomb|p1b: Kommo-o\n|-activate|p1b: Kommo-o|move: Protect\n|\n|upkeep\n|turn|2\n|\n|t:|1776332557\n|move|p1a: Rotom|Electroweb|p2b: Gengar|[spread] p2a,p2b\n|-resisted|p2a: Sinistcha|1\n|-damage|p2a: Sinistcha|78/100\n|-damage|p2b: Gengar|60/100\n|-unboost|p2a: Sinistcha|spe|1\n|-unboost|p2b: Gengar|spe|1\n|move|p1b: Kommo-o|Clanging Scales|p2a: Sinistcha|[spread] p2a,p2b\n|-damage|p2a: Sinistcha|31/100\n|-damage|p2b: Gengar|18/100\n|-unboost|p1b: Kommo-o|def|1\n|move|p2b: Gengar|Sludge Bomb|p1b: Kommo-o\n|-damage|p1b: Kommo-o|41/100\n|-status|p1b: Kommo-o|psn\n|move|p2a: Sinistcha|Matcha Gotcha|p1b: Kommo-o|[spread] p1a,p1b\n|-supereffective|p1a: Rotom|1\n|-resisted|p1b: Kommo-o|1\n|-damage|p1a: Rotom|23/100\n|-heal|p2a: Sinistcha|60/100|[from] drain|[of] p1a: Rotom\n|-damage|p1b: Kommo-o|25/100 psn\n|-heal|p2a: Sinistcha|67/100|[from] drain|[of] p1b: Kommo-o\n|\n|-heal|p1b: Kommo-o|31/100 psn|[from] item: Leftovers\n|-damage|p1b: Kommo-o|19/100 psn|[from] psn\n|upkeep\n|turn|3\n|inactive|gooseyj has 30 seconds left.\n|inactive|gooseyj has 20 seconds left.\n|inactive|gooseyj has 15 seconds left.\n|\n|t:|1776332600\n|switch|p2b: Arcanine|Arcanine-Hisui, L50, M|100/100\n|-ability|p2b: Arcanine|Intimidate|boost\n|-unboost|p1a: Rotom|atk|1\n|-unboost|p1b: Kommo-o|atk|1\n|move|p1a: Rotom|Electroweb|p2a: Sinistcha|[spread] p2a,p2b\n|-resisted|p2a: Sinistcha|1\n|-damage|p2a: Sinistcha|57/100\n|-damage|p2b: Arcanine|80/100\n|-unboost|p2a: Sinistcha|spe|1\n|-unboost|p2b: Arcanine|spe|1\n|move|p1b: Kommo-o|Clanging Scales|p2a: Sinistcha|[spread] p2a,p2b\n|-damage|p2a: Sinistcha|12/100\n|-damage|p2b: Arcanine|35/100\n|-unboost|p1b: Kommo-o|def|1\n|move|p2a: Sinistcha|Matcha Gotcha|p1a: Rotom|[spread] p1b\n|-miss|p2a: Sinistcha|p1a: Rotom\n|-resisted|p1b: Kommo-o|1\n|-damage|p1b: Kommo-o|2/100 psn\n|-heal|p2a: Sinistcha|20/100|[from] drain|[of] p1b: Kommo-o\n|\n|-heal|p1b: Kommo-o|8/100 psn|[from] item: Leftovers\n|-damage|p1b: Kommo-o|0 fnt|[from] psn\n|faint|p1b: Kommo-o\n|upkeep\n|\n|t:|1776332618\n|switch|p1b: Incineroar|Incineroar, L50, M, shiny|100/100\n|-ability|p1b: Incineroar|Intimidate|boost\n|-unboost|p2a: Sinistcha|atk|1\n|-unboost|p2b: Arcanine|atk|1\n|turn|4\n|\n|t:|1776332642\n|switch|p2a: Milotic|Milotic, L50, M|100/100\n|move|p2b: Arcanine|Protect|p2b: Arcanine\n|-singleturn|p2b: Arcanine|Protect\n|move|p1b: Incineroar|Fake Out|p2b: Arcanine\n|-activate|p2b: Arcanine|move: Protect\n|move|p1a: Rotom|Electroweb|p2b: Arcanine|[spread] p2a\n|-activate|p2b: Arcanine|move: Protect\n|-supereffective|p2a: Milotic|1\n|-damage|p2a: Milotic|71/100\n|-unboost|p2a: Milotic|spe|1\n|-ability|p2a: Milotic|Competitive|boost\n|-boost|p2a: Milotic|spa|2\n|\n|-heal|p2a: Milotic|77/100|[from] item: Leftovers\n|upkeep\n|turn|5\n|\n|t:|1776332661\n|switch|p2b: Sinistcha|Sinistcha, L50|20/100\n|-heal|p2a: Milotic|100/100|[from] ability: Hospitality|[of] p2b: Sinistcha\n|move|p1b: Incineroar|Helping Hand|p1a: Rotom\n|-singleturn|p1a: Rotom|Helping Hand|[of] p1b: Incineroar\n|move|p2a: Milotic|Protect|p2a: Milotic\n|-singleturn|p2a: Milotic|Protect\n|move|p1a: Rotom|Electroweb|p2b: Sinistcha|[spread] p2b\n|-activate|p2a: Milotic|move: Protect\n|-resisted|p2b: Sinistcha|1\n|-damage|p2b: Sinistcha|2/100\n|-unboost|p2b: Sinistcha|spe|1\n|\n|upkeep\n|turn|6\n|inactive|gooseyj has 30 seconds left.\n|\n|t:|1776332689\n|move|p1b: Incineroar|Helping Hand|p1a: Rotom\n|-singleturn|p1a: Rotom|Helping Hand|[of] p1b: Incineroar\n|move|p1a: Rotom|Electroweb|p2a: Milotic|[spread] p2a,p2b\n|-supereffective|p2a: Milotic|1\n|-resisted|p2b: Sinistcha|1\n|-damage|p2a: Milotic|56/100\n|-damage|p2b: Sinistcha|0 fnt\n|-unboost|p2a: Milotic|spe|1\n|-ability|p2a: Milotic|Competitive|boost\n|-boost|p2a: Milotic|spa|2\n|faint|p2b: Sinistcha\n|move|p2a: Milotic|Recover|p2a: Milotic\n|-heal|p2a: Milotic|100/100\n|\n|upkeep\n|\n|t:|1776332701\n|switch|p2b: Gengar|Gengar-Mega, L50, F|18/100\n|turn|7\n|\n|t:|1776332722\n|move|p1a: Rotom|Electroweb|p2a: Milotic|[spread] p2a,p2b\n|-supereffective|p2a: Milotic|1\n|-damage|p2a: Milotic|74/100\n|-damage|p2b: Gengar|0 fnt\n|-unboost|p2a: Milotic|spe|1\n|-ability|p2a: Milotic|Competitive|boost\n|-boost|p2a: Milotic|spa|2\n|faint|p2b: Gengar\n|move|p1b: Incineroar|Flare Blitz|p2a: Milotic\n|-resisted|p2a: Milotic|1\n|-damage|p2a: Milotic|50/100\n|-damage|p1b: Incineroar|93/100|[from] Recoil\n|move|p2a: Milotic|Muddy Water|p1a: Rotom|[spread] p1b\n|-miss|p2a: Milotic|p1a: Rotom\n|-supereffective|p1b: Incineroar|1\n|-damage|p1b: Incineroar|0 fnt\n|faint|p1b: Incineroar\n|\n|-heal|p2a: Milotic|56/100|[from] item: Leftovers\n|upkeep\n|\n|t:|1776332738\n|switch|p2b: Arcanine|Arcanine-Hisui, L50, M|35/100\n|switch|p1b: Floette|Floette-Eternal, L50, F|100/100\n|-ability|p2b: Arcanine|Intimidate|boost\n|-unboost|p1a: Rotom|atk|1\n|-unboost|p1b: Floette|atk|1\n|turn|8\n|c|\u2606gooseyj|wow\n|inactive|gooseyj has 30 seconds left.\n|c|\u2606gooseyj|not one miss btw\n|inactive|gooseyj has 20 seconds left.\n|inactive|gooseyj has 15 seconds left.\n|inactive|gooseyj has 10 seconds left.\n|\n|t:|1776332783\n|detailschange|p1b: Floette|Floette-Mega, L50, F\n|-mega|p1b: Floette|Floette|Floettite\n|-ability|p1b: Floette|Fairy Aura\n|move|p2a: Milotic|Protect|p2a: Milotic\n|-singleturn|p2a: Milotic|Protect\n|move|p1a: Rotom|Electroweb|p2a: Milotic|[spread] p2b\n|-activate|p2a: Milotic|move: Protect\n|-damage|p2b: Arcanine|12/100\n|-unboost|p2b: Arcanine|spe|1\n|move|p1b: Floette|Dazzling Gleam|p2b: Arcanine|[spread] p2b\n|-activate|p2a: Milotic|move: Protect\n|-resisted|p2b: Arcanine|1\n|-damage|p2b: Arcanine|0 fnt\n|faint|p2b: Arcanine\n|\n|-heal|p2a: Milotic|62/100|[from] item: Leftovers\n|upkeep\n|turn|9\n|\n|t:|1776332802\n|move|p1a: Rotom|Electroweb|p2a: Milotic\n|-supereffective|p2a: Milotic|1\n|-damage|p2a: Milotic|24/100\n|-unboost|p2a: Milotic|spe|1\n|-boost|p2a: Milotic|spa|0\n|move|p1b: Floette|Moonblast|p2a: Milotic\n|-damage|p2a: Milotic|0 fnt\n|faint|p2a: Milotic\n|\n|win|Alejop88\n|raw|Alejop88's rating: 1304 &rarr; <strong>1326</strong><br />(+22 for winning)\n|raw|gooseyj's rating: 1343 &rarr; <strong>1321</strong><br />(-22 for losing)\n",
  "uploadtime": 1776332816,
  "views": 26,
  "formatid": "gen9championsvgc2026regma",
  "rating": 1321,
  "private": 0,
  "password": null
}