{
  "id": "gen9championsvgc2026regma-2587944278",
  "format": "[Gen 9 Champions] VGC 2026 Reg M-A",
  "players": [
    "Pochikoto",
    "sumperkenny"
  ],
  "log": "|j|\u2606Pochikoto\n|j|\u2606sumperkenny\n|t:|1776582698\n|gametype|doubles\n|player|p1|Pochikoto|1|1181\n|player|p2|sumperkenny|2|1187\n|gen|9\n|tier|[Gen 9 Champions] VGC 2026 Reg M-A\n|rated|\n|rule|Species Clause: Limit one of each Pok\u00e9mon\n|rule|Item Clause: Limit 1 of each item\n|clearpoke\n|poke|p1|Kangaskhan, L50, F|\n|poke|p1|Delphox, L50, F|\n|poke|p1|Whimsicott, L50, F|\n|poke|p1|Excadrill, L50, M|\n|poke|p1|Farigiraf, L50, F|\n|poke|p1|Dragonite, L50, M|\n|poke|p2|Golurk, L50|\n|poke|p2|Farigiraf, L50, F|\n|poke|p2|Incineroar, L50, F|\n|poke|p2|Torkoal, L50, M|\n|poke|p2|Sneasler, L50, M|\n|poke|p2|Venusaur, L50, M|\n|teampreview|4\n|inactive|Battle timer is ON: inactive players will automatically lose when time's up. (requested by sumperkenny)\nsumperkenny has agreed to open team sheets.\nPochikoto has agreed to open team sheets.\n|showteam|p1|Kangaskhan||Kangaskhanite|Scrappy|DoubleEdge,RockSlide,FakeOut,DrainPunch|||F|||50|]Delphox||Delphoxite|Blaze|Flamethrower,Psychic,WillOWisp,Protect|||F|||50|]Whimsicott||FocusSash|Prankster|Moonblast,Encore,Tailwind,Protect|||F|||50|]Excadrill||ChoiceScarf|MoldBreaker|HighHorsepower,RockSlide,XScissor,IronHead|||M|||50|]Farigiraf||Leftovers|ArmorTail|HyperVoice,TwinBeam,HelpingHand,TrickRoom|||F|||50|]Dragonite||SitrusBerry|InnerFocus|ExtremeSpeed,DragonClaw,DragonDance,Protect|||M|||50|\n|showteam|p2|Golurk||Golurkite|IronFist|Poltergeist,IcePunch,HeadlongRush,Protect||||||50|]Farigiraf||SitrusBerry|ArmorTail|HyperVoice,Psychic,TrickRoom,HelpingHand|||F|||50|]Incineroar||ShucaBerry|Intimidate|FakeOut,FlareBlitz,ThroatChop,PartingShot|||F|||50|]Torkoal||Charcoal|Drought|Eruption,HeatWave,WeatherBall,Protect|||M|||50|]Sneasler||WhiteHerb|Unburden|FakeOut,CloseCombat,DireClaw,Coaching|||M|||50|]Venusaur||FocusSash|Chlorophyll|Protect,LeafStorm,SleepPowder,SludgeBomb|||M|||50|\n|inactive|Pochikoto has 60 seconds left.\n|\n|t:|1776582741\n|teamsize|p1|4\n|teamsize|p2|4\n|start\n|switch|p1a: Farigiraf|Farigiraf, L50, F|100/100\n|switch|p1b: Delphox|Delphox, L50, F|100/100\n|switch|p2a: Farigiraf|Farigiraf, L50, F|100/100\n|switch|p2b: Incineroar|Incineroar, L50, F|100/100\n|-ability|p2b: Incineroar|Intimidate|boost\n|-unboost|p1a: Farigiraf|atk|1\n|-unboost|p1b: Delphox|atk|1\n|turn|1\n|inactive|Pochikoto has 30 seconds left.\n|inactive|sumperkenny has 30 seconds left.\n|\n|t:|1776582774\n|move|p1b: Delphox|Protect|p1b: Delphox\n|-singleturn|p1b: Delphox|Protect\n|move|p2b: Incineroar|Parting Shot|p1b: Delphox\n|-activate|p1b: Delphox|move: Protect\n|move|p1a: Farigiraf|Hyper Voice|p2a: Farigiraf|[spread] p2a,p2b\n|-damage|p2a: Farigiraf|77/100\n|-damage|p2b: Incineroar|77/100\n|move|p2a: Farigiraf|Trick Room|p2a: Farigiraf\n|-fieldstart|move: Trick Room|[of] p2a: Farigiraf\n|\n|upkeep\n|turn|2\n|inactive|Pochikoto has 30 seconds left.\n|\n|t:|1776582802\n|switch|p1b: Excadrill|Excadrill, L50, M|100/100\n|-ability|p1b: Excadrill|Mold Breaker\n|move|p2b: Incineroar|Throat Chop|p1b: Excadrill\n|-crit|p1b: Excadrill\n|-damage|p1b: Excadrill|36/100\n|-start|p1b: Excadrill|Throat Chop|[silent]\n|move|p2a: Farigiraf|Trick Room|p2a: Farigiraf\n|-fieldend|move: Trick Room\n|move|p1a: Farigiraf|Trick Room|p1a: Farigiraf\n|-fieldstart|move: Trick Room|[of] p1a: Farigiraf\n|\n|upkeep\n|turn|3\n|inactive|Pochikoto has 30 seconds left.\n|\n|t:|1776582828\n|switch|p2a: Golurk|Golurk, L50|100/100\n|switch|p1b: Dragonite|Dragonite, L50, M|100/100\n|move|p1a: Farigiraf|Hyper Voice|p2b: Incineroar|[spread] p2b\n|-immune|p2a: Golurk\n|-damage|p2b: Incineroar|54/100\n|move|p2b: Incineroar|Throat Chop|p1b: Dragonite\n|-damage|p1b: Dragonite|71/100\n|-start|p1b: Dragonite|Throat Chop|[silent]\n|\n|upkeep\n|turn|4\n|\n|t:|1776582847\n|detailschange|p2a: Golurk|Golurk-Mega, L50\n|-mega|p2a: Golurk|Golurk|Golurkite\n|move|p2a: Golurk|Ice Punch|p1b: Dragonite\n|-supereffective|p1b: Dragonite|2\n|-damage|p1b: Dragonite|0 fnt\n|faint|p1b: Dragonite\n|move|p2b: Incineroar|Throat Chop|p1a: Farigiraf\n|-supereffective|p1a: Farigiraf|1\n|-damage|p1a: Farigiraf|45/100\n|-start|p1a: Farigiraf|Throat Chop|[silent]\n|move|p1a: Farigiraf|Trick Room|p1a: Farigiraf\n|-fieldend|move: Trick Room\n|\n|-heal|p1a: Farigiraf|51/100|[from] item: Leftovers\n|upkeep\n|\n|t:|1776582864\n|switch|p1b: Excadrill|Excadrill, L50, M|36/100\n|-ability|p1b: Excadrill|Mold Breaker\n|turn|5\n|\n|t:|1776582885\n|move|p2a: Golurk|Protect|p2a: Golurk\n|-singleturn|p2a: Golurk|Protect\n|move|p1b: Excadrill|High Horsepower|p2b: Incineroar\n|-supereffective|p2b: Incineroar|1\n|-enditem|p2b: Incineroar|Shuca Berry|[eat]\n|-enditem|p2b: Incineroar|Shuca Berry|[weaken]\n|-damage|p2b: Incineroar|12/100\n|move|p2b: Incineroar|Flare Blitz|p1b: Excadrill\n|-supereffective|p1b: Excadrill|1\n|-damage|p1b: Excadrill|0 fnt\n|faint|p1b: Excadrill\n|-damage|p2b: Incineroar|1/100|[from] Recoil\n|move|p1a: Farigiraf|Twin Beam|p2a: Golurk\n|-activate|p2a: Golurk|move: Protect\n|\n|-heal|p1a: Farigiraf|57/100|[from] item: Leftovers\n|-end|p1a: Farigiraf|Throat Chop|[silent]\n|upkeep\n|\n|t:|1776582904\n|switch|p1b: Delphox|Delphox, L50, F|100/100\n|turn|6\n|inactive|Pochikoto has 30 seconds left.\n|\n|t:|1776582934\n|switch|p2a: Farigiraf|Farigiraf, L50, F|77/100\n|detailschange|p1b: Delphox|Delphox-Mega, L50, F\n|-mega|p1b: Delphox|Delphox|Delphoxite\n|move|p1b: Delphox|Will-O-Wisp|p2a: Farigiraf\n|-status|p2a: Farigiraf|brn\n|move|p2b: Incineroar|Throat Chop|p1b: Delphox\n|-supereffective|p1b: Delphox|1\n|-damage|p1b: Delphox|26/100\n|-start|p1b: Delphox|Throat Chop|[silent]\n|move|p1a: Farigiraf|Hyper Voice|p2a: Farigiraf|[spread] p2a,p2b\n|-crit|p2b: Incineroar\n|-damage|p2a: Farigiraf|54/100 brn\n|-damage|p2b: Incineroar|0 fnt\n|faint|p2b: Incineroar\n|\n|-heal|p1a: Farigiraf|63/100|[from] item: Leftovers\n|-damage|p2a: Farigiraf|47/100 brn|[from] brn\n|upkeep\n|-enditem|p2a: Farigiraf|Sitrus Berry|[eat]\n|-heal|p2a: Farigiraf|72/100 brn|[from] item: Sitrus Berry\n|\n|t:|1776582946\n|switch|p2b: Golurk|Golurk-Mega, L50|100/100\n|turn|7\n|\n|t:|1776582966\n|move|p1a: Farigiraf|Helping Hand|p1b: Delphox\n|-singleturn|p1b: Delphox|Helping Hand|[of] p1a: Farigiraf\n|move|p1b: Delphox|Flamethrower|p2a: Farigiraf\n|-damage|p2a: Farigiraf|0 fnt\n|faint|p2a: Farigiraf\n|move|p2b: Golurk|Poltergeist|p1b: Delphox\n|-activate|p1b: Delphox|move: Poltergeist|Delphoxite\n|-supereffective|p1b: Delphox|1\n|-damage|p1b: Delphox|0 fnt\n|faint|p1b: Delphox\n|\n|-heal|p1a: Farigiraf|69/100|[from] item: Leftovers\n|upkeep\n|\n|t:|1776582972\n|switch|p2a: Torkoal|Torkoal, L50, M|100/100\n|-weather|SunnyDay|[from] ability: Drought|[of] p2a: Torkoal\n|turn|8\n|-message|Pochikoto forfeited.\n|\n|win|sumperkenny\n|raw|Pochikoto's rating: 1181 &rarr; <strong>1156</strong><br />(-25 for losing)\n|raw|sumperkenny's rating: 1187 &rarr; <strong>1212</strong><br />(+25 for winning)\n|l|\u2606Pochikoto\n|player|p1|\n",
  "uploadtime": 1776582986,
  "views": 10,
  "formatid": "gen9championsvgc2026regma",
  "rating": 1156,
  "private": 0,
  "password": null
}