{
  "id": "gen9championsvgc2026regma-2584632096",
  "format": "[Gen 9 Champions] VGC 2026 Reg M-A",
  "players": [
    "naidoq",
    "Hadalbas"
  ],
  "log": "|j|\u2606naidoq\n|j|\u2606Hadalbas\n|t:|1776273327\n|gametype|doubles\n|player|p1|naidoq|barry|1257\n|player|p2|Hadalbas|iris-gen5bw2|1219\n|gen|9\n|tier|[Gen 9 Champions] VGC 2026 Reg M-A\n|rated|\n|rule|Species Clause: Limit one of each Pok\u00e9mon\n|rule|Item Clause: Limit 1 of each item\n|clearpoke\n|poke|p1|Kangaskhan, L50, F|\n|poke|p1|Gardevoir, L50, F|\n|poke|p1|Aegislash, L50, F|\n|poke|p1|Tauros-Paldea-Aqua, L50, M|\n|poke|p1|Aerodactyl, L50, M|\n|poke|p1|Archaludon, L50, M|\n|poke|p2|Pelipper, L50, F|\n|poke|p2|Archaludon, L50, F|\n|poke|p2|Floette-Eternal, L50, F|\n|poke|p2|Sinistcha, L50|\n|poke|p2|Incineroar, L50, F|\n|poke|p2|Meganium, L50, F|\n|teampreview|4\n|inactive|Battle timer is ON: inactive players will automatically lose when time's up. (requested by Hadalbas)\n|inactive|naidoq also wants the timer to be on.\n|inactive|naidoq has 60 seconds left.\n|inactive|naidoq has 30 seconds left.\n|inactive|naidoq has 20 seconds left.\n|inactive|naidoq has 15 seconds left.\n|inactive|naidoq has 10 seconds left.\n|inactive|naidoq has 5 seconds left.\n|\n|t:|1776273417\n|teamsize|p1|4\n|teamsize|p2|4\n|start\n|switch|p1a: Kangaskhan|Kangaskhan, L50, F|100/100\n|switch|p1b: Aerodactyl|Aerodactyl, L50, M|100/100\n|switch|p2a: Pelipper|Pelipper, L50, F|100/100\n|switch|p2b: Archaludon|Archaludon, L50, F|100/100\n|-ability|p1b: Aerodactyl|Unnerve\n|-weather|RainDance|[from] ability: Drizzle|[of] p2a: Pelipper\n|turn|1\n|inactive|naidoq has 30 seconds left.\n|inactive|Hadalbas has 30 seconds left.\n|\n|t:|1776273442\n|detailschange|p1a: Kangaskhan|Kangaskhan-Mega, L50, F\n|-mega|p1a: Kangaskhan|Kangaskhan|Kangaskhanite\n|move|p1a: Kangaskhan|Fake Out|p2a: Pelipper\n|-damage|p2a: Pelipper|73/100\n|-damage|p2a: Pelipper|66/100\n|-hitcount|p2a: Pelipper|2\n|move|p1b: Aerodactyl|Rock Slide|p2a: Pelipper|[spread] p2a,p2b\n|-supereffective|p2a: Pelipper|1\n|-resisted|p2b: Archaludon|1\n|-damage|p2a: Pelipper|0 fnt\n|-damage|p2b: Archaludon|90/100\n|faint|p2a: Pelipper\n|move|p2b: Archaludon|Electro Shot||[still]\n|-prepare|p2b: Archaludon|Electro Shot\n|-boost|p2b: Archaludon|spa|1\n|-anim|p2b: Archaludon|Electro Shot|p1b: Aerodactyl\n|-supereffective|p1b: Aerodactyl|1\n|-enditem|p1b: Aerodactyl|Focus Sash\n|-damage|p1b: Aerodactyl|1/100\n|\n|-weather|RainDance|[upkeep]\n|upkeep\n|\n|t:|1776273461\n|switch|p2a: Floette|Floette-Eternal, L50, F|100/100\n|turn|2\n|\n|t:|1776273469\n|move|p2a: Floette|Protect|p2a: Floette\n|-singleturn|p2a: Floette|Protect\n|move|p1b: Aerodactyl|Tailwind|p1b: Aerodactyl\n|-sidestart|p1: naidoq|move: Tailwind\n|move|p1a: Kangaskhan|Double-Edge|p2a: Floette\n|-activate|p2a: Floette|move: Protect\n|move|p2b: Archaludon|Aura Sphere|p1a: Kangaskhan\n|-supereffective|p1a: Kangaskhan|1\n|-damage|p1a: Kangaskhan|19/100\n|\n|-weather|RainDance|[upkeep]\n|upkeep\n|turn|3\n|inactive|naidoq has 30 seconds left.\n|\n|t:|1776273500\n|switch|p1b: Archaludon|Archaludon, L50, M|100/100\n|switch|p1a: Gardevoir|Gardevoir, L50, F|100/100\n|-ability|p1a: Gardevoir|Stalwart|Trace|[from] ability: Trace|[of] p2b: Archaludon\n|switch|p2a: Sinistcha|Sinistcha, L50|100/100\n|-heal|p2b: Archaludon|100/100|[from] ability: Hospitality|[of] p2a: Sinistcha\n|move|p2b: Archaludon|Flash Cannon|p1b: Archaludon\n|-resisted|p1b: Archaludon|1\n|-damage|p1b: Archaludon|53/100\n|-ability|p1b: Archaludon|Stamina|boost\n|-boost|p1b: Archaludon|def|1\n|\n|-weather|RainDance|[upkeep]\n|-heal|p1b: Archaludon|59/100|[from] item: Leftovers\n|upkeep\n|turn|4\n|inactive|naidoq has 30 seconds left.\n|\n|t:|1776273527\n|move|p1a: Gardevoir|Moonblast|p2b: Archaludon\n|-damage|p2b: Archaludon|31/100\n|move|p1b: Archaludon|Dragon Pulse|p2b: Archaludon\n|-damage|p2b: Archaludon|0 fnt\n|faint|p2b: Archaludon\n|move|p2a: Sinistcha|Trick Room|p2a: Sinistcha\n|-fieldstart|move: Trick Room|[of] p2a: Sinistcha\n|\n|-weather|RainDance|[upkeep]\n|-heal|p1b: Archaludon|65/100|[from] item: Leftovers\n|upkeep\n|\n|t:|1776273534\n|switch|p2b: Floette|Floette-Eternal, L50, F|100/100\n|turn|5\n|inactive|naidoq has 30 seconds left.\n|inactive|naidoq has 20 seconds left.\n|\n|t:|1776273570\n|switch|p1a: Aerodactyl|Aerodactyl, L50, M|1/100\n|-ability|p1a: Aerodactyl|Unnerve\n|detailschange|p2b: Floette|Floette-Mega, L50, F\n|-mega|p2b: Floette|Floette|Floettite\n|-ability|p2b: Floette|Fairy Aura\n|move|p2a: Sinistcha|Rage Powder|p2a: Sinistcha\n|-singleturn|p2a: Sinistcha|move: Rage Powder\n|move|p2b: Floette|Dazzling Gleam|p1b: Archaludon|[spread] p1a,p1b\n|-damage|p1a: Aerodactyl|0 fnt\n|-damage|p1b: Archaludon|0 fnt\n|faint|p1a: Aerodactyl\n|faint|p1b: Archaludon\n|\n|-weather|none\n|-sideend|p1: naidoq|move: Tailwind\n|upkeep\n|\n|t:|1776273582\n|switch|p1b: Gardevoir|Gardevoir, L50, F|100/100\n|switch|p1a: Kangaskhan|Kangaskhan-Mega, L50, F|19/100\n|-ability|p1b: Gardevoir|Hospitality|Trace|[from] ability: Trace|[of] p2a: Sinistcha\n|-heal|p1a: Kangaskhan|44/100|[from] ability: Hospitality|[of] p1b: Gardevoir\n|turn|6\n|\n|t:|1776273603\n|move|p2a: Sinistcha|Rage Powder|p2a: Sinistcha\n|-singleturn|p2a: Sinistcha|move: Rage Powder\n|move|p1a: Kangaskhan|Sucker Punch||[still]\n|-fail|p1a: Kangaskhan\n|move|p2b: Floette|Dazzling Gleam|p1a: Kangaskhan|[spread] p1a,p1b\n|-damage|p1a: Kangaskhan|0 fnt\n|-damage|p1b: Gardevoir|42/100\n|faint|p1a: Kangaskhan\n|move|p1b: Gardevoir|Moonblast|p2a: Sinistcha\n|-damage|p2a: Sinistcha|38/100\n|\n|upkeep\n|turn|7\n|\n|t:|1776273622\n|move|p2a: Sinistcha|Rage Powder|p2a: Sinistcha\n|-singleturn|p2a: Sinistcha|move: Rage Powder\n|move|p2b: Floette|Moonblast|p1b: Gardevoir\n|-damage|p1b: Gardevoir|0 fnt\n|faint|p1b: Gardevoir\n|\n|win|Hadalbas\n|raw|naidoq's rating: 1257 &rarr; <strong>1229</strong><br />(-28 for losing)\n|raw|Hadalbas's rating: 1219 &rarr; <strong>1247</strong><br />(+28 for winning)\n",
  "uploadtime": 1776273630,
  "views": 24,
  "formatid": "gen9championsvgc2026regma",
  "rating": 1229,
  "private": 0,
  "password": null
}