{
  "id": "gen9championsvgc2026regma-2580988552",
  "format": "[Gen 9 Champions] VGC 2026 Reg M-A",
  "players": [
    "Mace0",
    "redistr"
  ],
  "log": "|j|\u2606Mace0\n|j|\u2606redistr\n|t:|1775949412\n|gametype|doubles\n|player|p1|Mace0|red-masters3|1295\n|player|p2|redistr|chili|1390\n|gen|9\n|tier|[Gen 9 Champions] VGC 2026 Reg M-A\n|rated|\n|rule|Species Clause: Limit one of each Pok\u00e9mon\n|rule|Item Clause: Limit 1 of each item\n|clearpoke\n|poke|p1|Aerodactyl, L50, F|\n|poke|p1|Sneasler, L50, M|\n|poke|p1|Sinistcha, L50|\n|poke|p1|Tyranitar, L50, F|\n|poke|p1|Gyarados, L50, F|\n|poke|p1|Rotom-Heat, L50|\n|poke|p2|Delphox, L50, F|\n|poke|p2|Garchomp, L50, F|\n|poke|p2|Incineroar, L50, F|\n|poke|p2|Sneasler, L50, F|\n|poke|p2|Kingambit, L50, M|\n|poke|p2|Floette-Eternal, L50, F|\n|teampreview|4\n|inactive|Battle timer is ON: inactive players will automatically lose when time's up. (requested by redistr)\n|j| gE1xjZRtuhW2DdT0AK\n|inactive|redistr has 60 seconds left.\n|\n|t:|1775949447\n|teamsize|p1|4\n|teamsize|p2|4\n|start\n|switch|p1a: Aerodactyl|Aerodactyl, L50, F|100/100\n|switch|p1b: Sneasler|Sneasler, L50, M|100/100\n|switch|p2a: Mother|Sneasler, L50, F|100/100\n|switch|p2b: Very Demure|Floette-Eternal, L50, F|100/100\n|-ability|p1a: Aerodactyl|Unnerve\n|turn|1\n|\n|t:|1775949460\n|detailschange|p2b: Very Demure|Floette-Mega, L50, F\n|-mega|p2b: Very Demure|Floette|Floettite\n|-ability|p2b: Very Demure|Fairy Aura\n|move|p1a: Aerodactyl|Protect|p1a: Aerodactyl\n|-singleturn|p1a: Aerodactyl|Protect\n|move|p1b: Sneasler|Protect|p1b: Sneasler\n|-singleturn|p1b: Sneasler|Protect\n|move|p2a: Mother|Fake Out|p1b: Sneasler\n|-activate|p1b: Sneasler|move: Protect\n|move|p2b: Very Demure|Dazzling Gleam|p1b: Sneasler|[spread] \n|-activate|p1a: Aerodactyl|move: Protect\n|-activate|p1b: Sneasler|move: Protect\n|\n|upkeep\n|turn|2\n|\n|t:|1775949474\n|switch|p2b: Butch Queen|Kingambit, L50, M|100/100\n|detailschange|p1a: Aerodactyl|Aerodactyl-Mega, L50, F\n|-mega|p1a: Aerodactyl|Aerodactyl|Aerodactylite\n|move|p1a: Aerodactyl|Dual Wingbeat|p2a: Mother\n|-supereffective|p2a: Mother|1\n|-damage|p2a: Mother|0 fnt\n|faint|p2a: Mother\n|-hitcount|p2: Mother|1\n|move|p1b: Sneasler|Dire Claw|p2b: Butch Queen\n|-immune|p2b: Butch Queen\n|\n|upkeep\n|\n|t:|1775949486\n|switch|p2a: A Diva|Garchomp, L50, F|100/100\n|turn|3\n|\n|t:|1775949494\n|move|p1b: Sneasler|Protect|p1b: Sneasler\n|-singleturn|p1b: Sneasler|Protect\n|move|p2b: Butch Queen|Protect|p2b: Butch Queen\n|-singleturn|p2b: Butch Queen|Protect\n|move|p1a: Aerodactyl|Tailwind|p1a: Aerodactyl\n|-sidestart|p1: Mace0|move: Tailwind\n|move|p2a: A Diva|Rock Slide|p1a: Aerodactyl|[spread] p1a\n|-activate|p1b: Sneasler|move: Protect\n|-supereffective|p1a: Aerodactyl|1\n|-damage|p1a: Aerodactyl|54/100\n|\n|upkeep\n|turn|4\n|\n|t:|1775949518\n|move|p2b: Butch Queen|Sucker Punch|p1b: Sneasler\n|-resisted|p1b: Sneasler|1\n|-damage|p1b: Sneasler|71/100\n|move|p1a: Aerodactyl|Dual Wingbeat|p2a: A Diva|[miss]\n|-miss|p1a: Aerodactyl|p2a: A Diva\n|move|p1b: Sneasler|Close Combat|p2b: Butch Queen\n|-supereffective|p2b: Butch Queen|2\n|-enditem|p2b: Butch Queen|Chople Berry|[eat]\n|-enditem|p2b: Butch Queen|Chople Berry|[weaken]\n|-damage|p2b: Butch Queen|11/100\n|-unboost|p1b: Sneasler|def|1\n|-unboost|p1b: Sneasler|spd|1\n|-enditem|p1b: Sneasler|White Herb\n|-clearnegativeboost|p1b: Sneasler|[silent]\n|move|p2a: A Diva|Earthquake|p1a: Aerodactyl|[spread] p2b,p1b\n|-immune|p1a: Aerodactyl\n|-supereffective|p2b: Butch Queen|1\n|-supereffective|p1b: Sneasler|1\n|-damage|p2b: Butch Queen|0 fnt\n|-damage|p1b: Sneasler|0 fnt\n|faint|p2b: Butch Queen\n|faint|p1b: Sneasler\n|\n|upkeep\n|\n|t:|1775949534\n|switch|p1b: Tyranitar|Tyranitar, L50, F|100/100\n|switch|p2b: Very Demure|Floette-Mega, L50, F|100/100\n|-weather|Sandstorm|[from] ability: Sand Stream|[of] p1b: Tyranitar\n|-ability|p2b: Very Demure|Fairy Aura\n|turn|5\n|\n|t:|1775949549\n|move|p1a: Aerodactyl|Rock Slide|p2b: Very Demure|[spread] p2a,p2b\n|-resisted|p2a: A Diva|1\n|-damage|p2a: A Diva|88/100\n|-damage|p2b: Very Demure|72/100\n|move|p1b: Tyranitar|Ice Punch|p2a: A Diva\n|-supereffective|p2a: A Diva|2\n|-damage|p2a: A Diva|0 fnt\n|-damage|p1b: Tyranitar|88/100|[from] ability: Rough Skin|[of] p2a: A Diva\n|faint|p2a: A Diva\n|move|p2b: Very Demure|Draining Kiss|p1a: Aerodactyl\n|-damage|p1a: Aerodactyl|26/100\n|-heal|p2b: Very Demure|89/100|[from] drain|[of] p1a: Aerodactyl\n|\n|-weather|Sandstorm|[upkeep]\n|-damage|p2b: Very Demure|83/100|[from] Sandstorm\n|upkeep\n|turn|6\n|\n|t:|1775949564\n|switch|p1b: Rotom|Rotom-Heat, L50|100/100\n|move|p2b: Very Demure|Protect|p2b: Very Demure\n|-singleturn|p2b: Very Demure|Protect\n|move|p1a: Aerodactyl|Dual Wingbeat|p2b: Very Demure\n|-activate|p2b: Very Demure|move: Protect\n|\n|-weather|Sandstorm|[upkeep]\n|-damage|p1b: Rotom|95/100|[from] Sandstorm\n|-damage|p2b: Very Demure|77/100|[from] Sandstorm\n|-sideend|p1: Mace0|move: Tailwind\n|upkeep\n|turn|7\n|\n|t:|1775949570\n|move|p1a: Aerodactyl|Dual Wingbeat|p2b: Very Demure\n|-damage|p2b: Very Demure|49/100\n|-damage|p2b: Very Demure|19/100\n|-hitcount|p2b: Very Demure|2\n|move|p2b: Very Demure|Calm Mind|p2b: Very Demure\n|-boost|p2b: Very Demure|spa|1\n|-boost|p2b: Very Demure|spd|1\n|move|p1b: Rotom|Thunderbolt|p2b: Very Demure\n|-damage|p2b: Very Demure|0 fnt\n|faint|p2b: Very Demure\n|\n|win|Mace0\n|raw|Mace0's rating: 1295 &rarr; <strong>1327</strong><br />(+32 for winning)\n|raw|redistr's rating: 1390 &rarr; <strong>1365</strong><br />(-25 for losing)\n|c|\u2606redistr|gg\n",
  "uploadtime": 1775949579,
  "views": 25,
  "formatid": "gen9championsvgc2026regma",
  "rating": 1327,
  "private": 0,
  "password": null
}