{
  "id": "gen9championsvgc2026regma-2583369215",
  "format": "[Gen 9 Champions] VGC 2026 Reg M-A",
  "players": [
    "finallyst",
    "KinimaP"
  ],
  "log": "|j|\u2606finallyst\n|j|\u2606KinimaP\n|t:|1776170751\n|gametype|doubles\n|player|p1|finallyst|1|1204\n|player|p2|KinimaP|266|1290\n|gen|9\n|tier|[Gen 9 Champions] VGC 2026 Reg M-A\n|rated|\n|rule|Species Clause: Limit one of each Pok\u00e9mon\n|rule|Item Clause: Limit 1 of each item\n|clearpoke\n|poke|p1|Charizard, L50, F|\n|poke|p1|Garchomp, L50, F|\n|poke|p1|Rotom-Wash, L50|\n|poke|p1|Sneasler, L50, M|\n|poke|p1|Kingambit, L50, F|\n|poke|p1|Aerodactyl, L50, F|\n|poke|p2|Floette-Eternal, L50, F|\n|poke|p2|Talonflame, L50, M|\n|poke|p2|Basculegion, L50, M|\n|poke|p2|Garchomp, L50, M|\n|poke|p2|Maushold-Four, L50|\n|poke|p2|Kingambit, L50, F|\n|teampreview|4\n|l|\u2606KinimaP\n|player|p2|\n|inactive|Battle timer is ON: inactive players will automatically lose when time's up. (requested by finallyst)\n|j|\u2606KinimaP\n|inactive|KinimaP reconnected and has 90 seconds left.\n|player|p2|KinimaP|266|\n|l|\u2606KinimaP\n|inactive|KinimaP disconnected and has a minute to reconnect!\n|player|p2|\n|j|\u2606KinimaP\n|inactive|KinimaP reconnected and has 65 seconds left.\n|player|p2|KinimaP|266|\n|inactive|KinimaP has 60 seconds left.\n|\n|t:|1776170849\n|teamsize|p1|4\n|teamsize|p2|4\n|start\n|switch|p1a: Rotom|Rotom-Wash, L50|100/100\n|switch|p1b: Aerodactyl|Aerodactyl, L50, F|100/100\n|switch|p2a: Floette|Floette-Eternal, L50, F|100/100\n|switch|p2b: Garchomp|Garchomp, L50, M|100/100\n|-ability|p1b: Aerodactyl|Unnerve\n|turn|1\n|inactive|finallyst has 30 seconds left.\n|\n|t:|1776170875\n|detailschange|p2a: Floette|Floette-Mega, L50, F\n|-mega|p2a: Floette|Floette|Floettite\n|-ability|p2a: Floette|Fairy Aura\n|move|p1b: Aerodactyl|Protect|p1b: Aerodactyl\n|-singleturn|p1b: Aerodactyl|Protect\n|move|p1a: Rotom|Volt Switch|p2a: Floette\n|-damage|p2a: Floette|74/100\n|\n|t:|1776170884\n|switch|p1a: Sneasler|Sneasler, L50, M|100/100|[from] Volt Switch\n|move|p2a: Floette|Dazzling Gleam|p1b: Aerodactyl|[spread] p1a\n|-activate|p1b: Aerodactyl|move: Protect\n|-damage|p1a: Sneasler|28/100\n|move|p2b: Garchomp|Rock Slide|p1b: Aerodactyl|[spread] p1a\n|-activate|p1b: Aerodactyl|move: Protect\n|-resisted|p1a: Sneasler|1\n|-damage|p1a: Sneasler|11/100\n|\n|upkeep\n|turn|2\n|\n|t:|1776170905\n|move|p2a: Floette|Protect|p2a: Floette\n|-singleturn|p2a: Floette|Protect\n|move|p1b: Aerodactyl|Rock Slide|p2a: Floette|[spread] p2b\n|-activate|p2a: Floette|move: Protect\n|-resisted|p2b: Garchomp|1\n|-damage|p2b: Garchomp|90/100\n|move|p1a: Sneasler|Dire Claw|p2a: Floette\n|-activate|p2a: Floette|move: Protect\n|move|p2b: Garchomp|Rock Slide|p1b: Aerodactyl|[spread] p1a,p1b\n|-resisted|p1a: Sneasler|1\n|-supereffective|p1b: Aerodactyl|1\n|-damage|p1a: Sneasler|0 fnt\n|-damage|p1b: Aerodactyl|38/100\n|faint|p1a: Sneasler\n|\n|upkeep\n|\n|t:|1776170922\n|switch|p1a: Rotom|Rotom-Wash, L50|100/100\n|turn|3\n|\n|t:|1776170938\n|switch|p2b: Kingambit|Kingambit, L50, F|100/100\n|move|p1a: Rotom|Hydro Pump|p2b: Kingambit\n|-crit|p2b: Kingambit\n|-damage|p2b: Kingambit|30/100\n|move|p1b: Aerodactyl|Rock Slide|p2a: Floette|[spread] p2a,p2b\n|-resisted|p2b: Kingambit|1\n|-damage|p2a: Floette|37/100\n|-damage|p2b: Kingambit|22/100\n|move|p2a: Floette|Dazzling Gleam|p1a: Rotom|[spread] p1a,p1b\n|-damage|p1a: Rotom|32/100\n|-damage|p1b: Aerodactyl|0 fnt\n|faint|p1b: Aerodactyl\n|\n|upkeep\n|\n|t:|1776170950\n|switch|p1b: Charizard|Charizard, L50, F|100/100\n|turn|4\n|inactive|finallyst has 30 seconds left.\n|\n|t:|1776170978\n|detailschange|p1b: Charizard|Charizard-Mega-Y, L50, F\n|-mega|p1b: Charizard|Charizard|Charizardite Y\n|-weather|SunnyDay|[from] ability: Drought|[of] p1b: Charizard\n|move|p2b: Kingambit|Sucker Punch|p1a: Rotom\n|-damage|p1a: Rotom|0 fnt\n|faint|p1a: Rotom\n|move|p1b: Charizard|Heat Wave|p2b: Kingambit|[spread] p2a,p2b\n|-supereffective|p2b: Kingambit|1\n|-damage|p2a: Floette|0 fnt\n|-damage|p2b: Kingambit|0 fnt\n|faint|p2a: Floette\n|faint|p2b: Kingambit\n|\n|-weather|SunnyDay|[upkeep]\n|upkeep\n|\n|t:|1776170992\n|switch|p2a: Basculegion|Basculegion, L50, M|100/100\n|switch|p2b: Garchomp|Garchomp, L50, M|90/100\n|turn|5\n|\n|t:|1776171004\n|move|p2a: Basculegion|Last Respects|p1b: Charizard\n|-damage|p1b: Charizard|0 fnt\n|faint|p1b: Charizard\n|\n|win|KinimaP\n|raw|finallyst's rating: 1204 &rarr; <strong>1185</strong><br />(-19 for losing)\n|raw|KinimaP's rating: 1290 &rarr; <strong>1309</strong><br />(+19 for winning)\n|l|\u2606finallyst\n|player|p1|\n",
  "uploadtime": 1776171013,
  "views": 22,
  "formatid": "gen9championsvgc2026regma",
  "rating": 1185,
  "private": 0,
  "password": null
}