{
  "id": "gen9championsvgc2026regma-2582868895",
  "format": "[Gen 9 Champions] VGC 2026 Reg M-A",
  "players": [
    "CementTheBlock",
    "Eat uranium"
  ],
  "log": "|j|\u2606CementTheBlock\n|j|\u2606Eat uranium\n|t:|1776120576\n|gametype|doubles\n|player|p1|CementTheBlock|pokefanf|1167\n|player|p2|Eat uranium|265|1179\n|gen|9\n|tier|[Gen 9 Champions] VGC 2026 Reg M-A\n|rated|\n|rule|Species Clause: Limit one of each Pok\u00e9mon\n|rule|Item Clause: Limit 1 of each item\n|clearpoke\n|poke|p1|Lopunny, L50, F|\n|poke|p1|Archaludon, L50, F|\n|poke|p1|Pelipper, L50, F|\n|poke|p1|Sneasler, L50, F|\n|poke|p1|Aegislash, L50, M|\n|poke|p1|Primarina, L50, M|\n|poke|p2|Floette-Eternal, L50, F|\n|poke|p2|Garchomp, L50, M|\n|poke|p2|Sinistcha-Masterpiece, L50|\n|poke|p2|Maushold-Four, L50|\n|poke|p2|Aerodactyl, L50, F|\n|poke|p2|Incineroar, L50, F|\n|teampreview|4\n|inactive|Battle timer is ON: inactive players will automatically lose when time's up. (requested by Eat uranium)\n|\n|t:|1776120598\n|teamsize|p1|4\n|teamsize|p2|4\n|start\n|switch|p1a: Pelipper|Pelipper, L50, F|100/100\n|switch|p1b: Aegislash|Aegislash, L50, M|100/100\n|switch|p2a: Garchomp|Garchomp, L50, M|100/100\n|switch|p2b: Aerodactyl|Aerodactyl, L50, F|100/100\n|-weather|RainDance|[from] ability: Drizzle|[of] p1a: Pelipper\n|turn|1\n|inactive|CementTheBlock has 30 seconds left.\n|inactive|Eat uranium has 30 seconds left.\n|\n|t:|1776120632\n|move|p1b: Aegislash|King's Shield|p1b: Aegislash\n|-singleturn|p1b: Aegislash|Protect\n|move|p2a: Garchomp|Earthquake|p1b: Aegislash|[spread] \n|-activate|p1b: Aegislash|move: Protect\n|-immune|p2b: Aerodactyl\n|-immune|p1a: Pelipper\n|move|p2b: Aerodactyl|Rock Slide|p1a: Pelipper|[spread] p1a\n|-activate|p1b: Aegislash|move: Protect\n|-supereffective|p1a: Pelipper|1\n|-damage|p1a: Pelipper|47/100\n|cant|p1a: Pelipper|flinch\n|\n|-weather|RainDance|[upkeep]\n|upkeep\n|turn|2\n|\n|t:|1776120657\n|move|p1a: Pelipper|Wide Guard|p1a: Pelipper\n|-singleturn|p1a: Pelipper|Wide Guard\n|move|p2a: Garchomp|Earthquake|p1b: Aegislash|[spread] \n|-activate|p1a: Pelipper|move: Wide Guard\n|-activate|p1b: Aegislash|move: Wide Guard\n|-immune|p2b: Aerodactyl\n|move|p2b: Aerodactyl|Rock Slide|p1a: Pelipper|[spread] \n|-activate|p1a: Pelipper|move: Wide Guard\n|-activate|p1b: Aegislash|move: Wide Guard\n|-formechange|p1b: Aegislash|Aegislash-Blade|\n|move|p1b: Aegislash|Iron Head|p2b: Aerodactyl\n|-supereffective|p2b: Aerodactyl|1\n|-damage|p2b: Aerodactyl|0 fnt\n|faint|p2b: Aerodactyl\n|\n|-weather|RainDance|[upkeep]\n|upkeep\n|\n|t:|1776120663\n|switch|p2b: Floette|Floette-Eternal, L50, F|100/100\n|turn|3\n|\n|t:|1776120685\n|switch|p2a: Sinistcha|Sinistcha-Masterpiece, L50|100/100\n|detailschange|p2b: Floette|Floette-Mega, L50, F\n|-mega|p2b: Floette|Floette|Floettite\n|-ability|p2b: Floette|Fairy Aura\n|move|p2b: Floette|Protect|p2b: Floette\n|-singleturn|p2b: Floette|Protect\n|move|p1a: Pelipper|Wide Guard|p1a: Pelipper\n|-singleturn|p1a: Pelipper|Wide Guard\n|move|p1b: Aegislash|Iron Head|p2b: Floette\n|-activate|p2b: Floette|move: Protect\n|\n|-weather|RainDance|[upkeep]\n|upkeep\n|turn|4\n|inactive|Eat uranium has 30 seconds left.\n|\n|t:|1776120717\n|move|p2b: Floette|Calm Mind|p2b: Floette\n|-boost|p2b: Floette|spa|1\n|-boost|p2b: Floette|spd|1\n|move|p1b: Aegislash|Shadow Claw|p2a: Sinistcha\n|-supereffective|p2a: Sinistcha|1\n|-damage|p2a: Sinistcha|42/100\n|-enditem|p2a: Sinistcha|Sitrus Berry|[eat]\n|-heal|p2a: Sinistcha|67/100|[from] item: Sitrus Berry\n|move|p1a: Pelipper|Tailwind|p1a: Pelipper\n|-sidestart|p1: CementTheBlock|move: Tailwind\n|move|p2a: Sinistcha|Matcha Gotcha|p1b: Aegislash|[spread] p1b\n|-miss|p2a: Sinistcha|p1a: Pelipper\n|-resisted|p1b: Aegislash|1\n|-damage|p1b: Aegislash|72/100\n|-heal|p2a: Sinistcha|78/100|[from] drain|[of] p1b: Aegislash\n|\n|-weather|RainDance|[upkeep]\n|upkeep\n|turn|5\n|inactive|CementTheBlock has 30 seconds left.\n|inactive|Eat uranium has 30 seconds left.\n|inactive|Eat uranium has 20 seconds left.\n|inactive|Eat uranium has 15 seconds left.\n|inactive|Eat uranium has 10 seconds left.\n|\n|t:|1776120766\n|move|p2a: Sinistcha|Rage Powder|p2a: Sinistcha\n|-singleturn|p2a: Sinistcha|move: Rage Powder\n|move|p1b: Aegislash|Shadow Claw|p2a: Sinistcha\n|-supereffective|p2a: Sinistcha|1\n|-damage|p2a: Sinistcha|23/100\n|move|p1a: Pelipper|Hurricane|p2a: Sinistcha\n|-supereffective|p2a: Sinistcha|1\n|-damage|p2a: Sinistcha|0 fnt\n|faint|p2a: Sinistcha\n|move|p2b: Floette|Draining Kiss|p1a: Pelipper\n|-damage|p1a: Pelipper|0 fnt\n|faint|p1a: Pelipper\n|\n|-weather|none\n|upkeep\n|\n|t:|1776120782\n|switch|p1a: Lopunny|Lopunny, L50, F|100/100\n|switch|p2a: Garchomp|Garchomp, L50, M|100/100\n|turn|6\n|\n|t:|1776120798\n|detailschange|p1a: Lopunny|Lopunny-Mega, L50, F\n|-mega|p1a: Lopunny|Lopunny|Lopunnite\n|move|p2b: Floette|Protect|p2b: Floette\n|-singleturn|p2b: Floette|Protect\n|move|p1a: Lopunny|Fake Out|p2a: Garchomp\n|-damage|p2a: Garchomp|80/100\n|-damage|p1a: Lopunny|89/100|[from] ability: Rough Skin|[of] p2a: Garchomp\n|move|p1b: Aegislash|Iron Head|p2b: Floette\n|-activate|p2b: Floette|move: Protect\n|cant|p2a: Garchomp|flinch\n|\n|upkeep\n|turn|7\n|inactive|Eat uranium has 30 seconds left.\n|\n|t:|1776120830\n|move|p1a: Lopunny|Encore|p2b: Floette\n|-start|p2b: Floette|Encore\n|move|p2b: Floette|Protect||[still]\n|-fail|p2b: Floette\n|move|p1b: Aegislash|Iron Head|p2b: Floette\n|-supereffective|p2b: Floette|1\n|-damage|p2b: Floette|0 fnt\n|faint|p2b: Floette\n|move|p2a: Garchomp|Stomping Tantrum|p1b: Aegislash\n|-supereffective|p1b: Aegislash|1\n|-damage|p1b: Aegislash|0 fnt\n|faint|p1b: Aegislash\n|\n|-sideend|p1: CementTheBlock|move: Tailwind\n|upkeep\n|\n|t:|1776120845\n|switch|p1b: Archaludon|Archaludon, L50, F|100/100\n|turn|8\n|\n|t:|1776120855\n|move|p2a: Garchomp|Stomping Tantrum|p1b: Archaludon\n|-supereffective|p1b: Archaludon|1\n|-damage|p1b: Archaludon|29/100\n|move|p1a: Lopunny|Close Combat|p2a: Garchomp\n|-damage|p2a: Garchomp|9/100\n|-unboost|p1a: Lopunny|def|1\n|-unboost|p1a: Lopunny|spd|1\n|-damage|p1a: Lopunny|77/100|[from] ability: Rough Skin|[of] p2a: Garchomp\n|move|p1b: Archaludon|Dragon Pulse|p2a: Garchomp\n|-supereffective|p2a: Garchomp|1\n|-damage|p2a: Garchomp|0 fnt\n|faint|p2a: Garchomp\n|\n|win|CementTheBlock\n|raw|CementTheBlock's rating: 1167 &rarr; <strong>1193</strong><br />(+26 for winning)\n|raw|Eat uranium's rating: 1179 &rarr; <strong>1153</strong><br />(-26 for losing)\n|l|\u2606Eat uranium\n|player|p2|\n",
  "uploadtime": 1776120887,
  "views": 16,
  "formatid": "gen9championsvgc2026regma",
  "rating": 1153,
  "private": 0,
  "password": null
}