{
  "id": "gen9championsvgc2026regma-2581084325",
  "format": "[Gen 9 Champions] VGC 2026 Reg M-A",
  "players": [
    "zbaka",
    "regufe"
  ],
  "log": "|j|\u2606zbaka\n|j|\u2606regufe\n|t:|1775958348\n|gametype|doubles\n|player|p1|zbaka|1|1057\n|player|p2|regufe|pokemonbreeder|1043\n|gen|9\n|tier|[Gen 9 Champions] VGC 2026 Reg M-A\n|rated|\n|rule|Species Clause: Limit one of each Pok\u00e9mon\n|rule|Item Clause: Limit 1 of each item\n|clearpoke\n|poke|p1|Beedrill, L50, F|\n|poke|p1|Milotic, L50, F|\n|poke|p1|Talonflame, L50, M|\n|poke|p1|Krookodile, L50, F|\n|poke|p1|Raichu-Alola, L50, F|\n|poke|p1|Dragonite, L50, M|\n|poke|p2|Lopunny, L50, F|\n|poke|p2|Incineroar, L50, F|\n|poke|p2|Whimsicott, L50, F|\n|poke|p2|Gardevoir, L50, F|\n|poke|p2|Garchomp, L50, F|\n|poke|p2|Delphox, L50, F|\n|teampreview|4\n|inactive|Battle timer is ON: inactive players will automatically lose when time's up. (requested by zbaka)\n|\n|t:|1775958425\n|teamsize|p1|4\n|teamsize|p2|4\n|start\n|switch|p1a: Milotic|Milotic, L50, F|100/100\n|switch|p1b: Talonflame|Talonflame, L50, M|100/100\n|switch|p2a: Whimsicott|Whimsicott, L50, F|100/100\n|switch|p2b: Incineroar|Incineroar, L50, F|100/100\n|-ability|p2b: Incineroar|Intimidate|boost\n|-unboost|p1a: Milotic|atk|1\n|-ability|p1a: Milotic|Competitive|boost\n|-boost|p1a: Milotic|spa|2\n|-unboost|p1b: Talonflame|atk|1\n|turn|1\n|inactive|regufe has 30 seconds left.\n|inactive|regufe has 20 seconds left.\n|inactive|regufe has 15 seconds left.\n|inactive|regufe has 10 seconds left.\n|inactive|regufe has 5 seconds left.\n|\n|t:|1775958480\n|move|p2b: Incineroar|Fake Out|p1b: Talonflame\n|-damage|p1b: Talonflame|83/100\n|move|p2a: Whimsicott|Tailwind|p2a: Whimsicott\n|-sidestart|p2: regufe|move: Tailwind\n|cant|p1b: Talonflame|flinch\n|move|p1a: Milotic|Scald|p2b: Incineroar\n|-supereffective|p2b: Incineroar|1\n|-damage|p2b: Incineroar|11/100\n|-enditem|p2b: Incineroar|Sitrus Berry|[eat]\n|-heal|p2b: Incineroar|36/100|[from] item: Sitrus Berry\n|\n|upkeep\n|turn|2\n|inactive|regufe has 30 seconds left.\n|inactive|regufe has 20 seconds left.\n|\n|t:|1775958517\n|move|p2a: Whimsicott|Taunt|p1b: Talonflame\n|-start|p1b: Talonflame|move: Taunt\n|cant|p1b: Talonflame|move: Taunt|Tailwind\n|move|p2b: Incineroar|Parting Shot|p1b: Talonflame\n|-unboost|p1b: Talonflame|atk|1\n|-unboost|p1b: Talonflame|spa|1\n|\n|t:|1775958530\n|switch|p2b: Gardevoir|Gardevoir, L50, F|100/100|[from] Parting Shot\n|-ability|p2b: Gardevoir|Gale Wings|Trace|[from] ability: Trace|[of] p1b: Talonflame\n|move|p1a: Milotic|Scald|p2b: Gardevoir\n|-damage|p2b: Gardevoir|46/100\n|-status|p2b: Gardevoir|brn\n|\n|-damage|p2b: Gardevoir|40/100 brn|[from] brn\n|upkeep\n|turn|3\n|inactive|zbaka has 30 seconds left.\n|inactive|regufe has 30 seconds left.\n|inactive|zbaka has 20 seconds left.\n|inactive|regufe has 20 seconds left.\n|inactive|zbaka has 15 seconds left.\n|\n|t:|1775958572\n|move|p2a: Whimsicott|Encore||[still]\n|-fail|p2a: Whimsicott\n|move|p2b: Gardevoir|Moonblast|p1a: Milotic\n|-damage|p1a: Milotic|68/100\n|move|p1b: Talonflame|Flare Blitz|p2a: Whimsicott\n|-supereffective|p2a: Whimsicott|1\n|-damage|p2a: Whimsicott|37/100\n|-damage|p1b: Talonflame|64/100|[from] Recoil\n|move|p1a: Milotic|Icy Wind|p2a: Whimsicott|[spread] p2a,p2b\n|-supereffective|p2a: Whimsicott|1\n|-damage|p2a: Whimsicott|0 fnt\n|-damage|p2b: Gardevoir|23/100 brn\n|-unboost|p2b: Gardevoir|spe|1\n|faint|p2a: Whimsicott\n|\n|-heal|p1a: Milotic|74/100|[from] item: Leftovers\n|-damage|p2b: Gardevoir|18/100 brn|[from] brn\n|upkeep\n|inactive|regufe has 30 seconds left.\n|\n|t:|1775958603\n|switch|p2a: Lopunny|Lopunny, L50, F|100/100\n|turn|4\n|\n|t:|1775958628\n|detailschange|p2a: Lopunny|Lopunny-Mega, L50, F\n|-mega|p2a: Lopunny|Lopunny|Lopunnite\n|move|p2a: Lopunny|Fake Out|p1a: Milotic\n|-damage|p1a: Milotic|54/100\n|move|p1b: Talonflame|Flare Blitz|p2a: Lopunny\n|-damage|p2a: Lopunny|68/100\n|-damage|p1b: Talonflame|54/100|[from] Recoil\n|move|p2b: Gardevoir|Hyper Voice|p1b: Talonflame|[spread] p1a,p1b\n|-damage|p1a: Milotic|37/100\n|-damage|p1b: Talonflame|14/100\n|cant|p1a: Milotic|flinch\n|\n|-heal|p1a: Milotic|43/100|[from] item: Leftovers\n|-damage|p2b: Gardevoir|12/100 brn|[from] brn\n|-end|p1b: Talonflame|move: Taunt\n|-sideend|p2: regufe|move: Tailwind\n|upkeep\n|turn|5\n|inactive|zbaka has 30 seconds left.\n|inactive|regufe has 30 seconds left.\n|inactive|regufe has 20 seconds left.\n|\n|t:|1775958666\n|switch|p2b: Incineroar|Incineroar, L50, F|36/100\n|-ability|p2b: Incineroar|Intimidate|boost\n|-unboost|p1a: Milotic|atk|1\n|-ability|p1a: Milotic|Competitive|boost\n|-boost|p1a: Milotic|spa|2\n|-unboost|p1b: Talonflame|atk|1\n|move|p2a: Lopunny|Protect|p2a: Lopunny\n|-singleturn|p2a: Lopunny|Protect\n|move|p1a: Milotic|Protect|p1a: Milotic\n|-singleturn|p1a: Milotic|Protect\n|move|p1b: Talonflame|Tailwind|p1b: Talonflame\n|-sidestart|p1: zbaka|move: Tailwind\n|\n|-heal|p1a: Milotic|49/100|[from] item: Leftovers\n|upkeep\n|turn|6\n|inactive|regufe has 30 seconds left.\n|inactive|regufe has 20 seconds left.\n|inactive|regufe has 15 seconds left.\n|\n|t:|1775958708\n|switch|p1b: Krookodile|Krookodile, L50, F|100/100\n|-ability|p1b: Krookodile|Intimidate|boost\n|-fail|p2a: Lopunny|unboost|Attack|[from] ability: Scrappy|[of] p2a: Lopunny\n|-unboost|p2b: Incineroar|atk|1\n|move|p2b: Incineroar|Fake Out|p1a: Milotic\n|-damage|p1a: Milotic|42/100\n|move|p2a: Lopunny|Close Combat|p1a: Milotic\n|-damage|p1a: Milotic|0 fnt\n|-unboost|p2a: Lopunny|def|1\n|-unboost|p2a: Lopunny|spd|1\n|faint|p1a: Milotic\n|\n|upkeep\n|\n|t:|1775958722\n|switch|p1a: Beedrill|Beedrill, L50, F|100/100\n|turn|7\n|\n|t:|1775958746\n|switch|p2a: Gardevoir|Gardevoir, L50, F|12/100 brn\n|-ability|p2a: Gardevoir|Intimidate|Trace|[from] ability: Trace|[of] p1b: Krookodile\n|-ability|p2a: Gardevoir|Intimidate|boost\n|-unboost|p1a: Beedrill|atk|1\n|-unboost|p1b: Krookodile|atk|1\n|detailschange|p1a: Beedrill|Beedrill-Mega, L50, F\n|-mega|p1a: Beedrill|Beedrill|Beedrillite\n|move|p1a: Beedrill|Protect|p1a: Beedrill\n|-singleturn|p1a: Beedrill|Protect\n|move|p1b: Krookodile|Earthquake|p2a: Gardevoir|[spread] p2a,p2b\n|-activate|p1a: Beedrill|move: Protect\n|-supereffective|p2b: Incineroar|1\n|-damage|p2a: Gardevoir|0 fnt\n|-damage|p2b: Incineroar|0 fnt\n|faint|p2a: Gardevoir\n|faint|p2b: Incineroar\n|\n|upkeep\n|\n|t:|1775958761\n|switch|p2b: Lopunny|Lopunny-Mega, L50, F|68/100\n|turn|8\n|inactive|regufe has 30 seconds left.\n|inactive|regufe has 20 seconds left.\n|\n|t:|1775958798\n|move|p2b: Lopunny|Protect|p2b: Lopunny\n|-singleturn|p2b: Lopunny|Protect\n|move|p1a: Beedrill|Lunge|p2b: Lopunny\n|-activate|p2b: Lopunny|move: Protect\n|move|p1b: Krookodile|Rock Slide|p2b: Lopunny\n|-activate|p2b: Lopunny|move: Protect\n|\n|-sideend|p1: zbaka|move: Tailwind\n|upkeep\n|turn|9\n|inactive|zbaka has 30 seconds left.\n|inactive|regufe has 30 seconds left.\n|inactive|zbaka has 20 seconds left.\n|inactive|zbaka has 15 seconds left.\n|\n|t:|1775958839\n|switch|p1b: Talonflame|Talonflame, L50, M|14/100\n|move|p1a: Beedrill|Protect|p1a: Beedrill\n|-singleturn|p1a: Beedrill|Protect\n|move|p2b: Lopunny|Triple Axel|p1b: Talonflame\n|-damage|p1b: Talonflame|3/100\n|-damage|p1b: Talonflame|0 fnt\n|faint|p1b: Talonflame\n|-hitcount|p1: Talonflame|2\n|\n|upkeep\n|\n|t:|1775958848\n|switch|p1b: Krookodile|Krookodile, L50, F|100/100\n|-ability|p1b: Krookodile|Intimidate|boost\n|-fail|p2b: Lopunny|unboost|Attack|[from] ability: Scrappy|[of] p2b: Lopunny\n|turn|10\n|inactive|regufe has 30 seconds left.\n|inactive|regufe has 20 seconds left.\n|\n|t:|1775958885\n|move|p2b: Lopunny|Triple Axel|p1a: Beedrill\n|-damage|p1a: Beedrill|80/100\n|-damage|p1a: Beedrill|42/100\n|-damage|p1a: Beedrill|0 fnt\n|faint|p1a: Beedrill\n|-hitcount|p1: Beedrill|3\n|move|p1b: Krookodile|Rock Slide|p2b: Lopunny|[miss]\n|-miss|p1b: Krookodile|p2b: Lopunny\n|\n|upkeep\n|turn|11\n|inactive|regufe has 30 seconds left.\n|\n|t:|1775958896\n|move|p2b: Lopunny|Close Combat|p1b: Krookodile\n|-supereffective|p1b: Krookodile|1\n|-damage|p1b: Krookodile|0 fnt\n|-unboost|p2b: Lopunny|def|1\n|-unboost|p2b: Lopunny|spd|1\n|faint|p1b: Krookodile\n|\n|win|regufe\n|raw|zbaka's rating: 1057 &rarr; <strong>1038</strong><br />(-19 for losing)\n|raw|regufe's rating: 1043 &rarr; <strong>1078</strong><br />(+35 for winning)\n",
  "uploadtime": 1775958909,
  "views": 9,
  "formatid": "gen9championsvgc2026regma",
  "rating": 1038,
  "private": 0,
  "password": null
}