{
  "id": "gen9championsvgc2026regma-2584980616",
  "format": "[Gen 9 Champions] VGC 2026 Reg M-A",
  "players": [
    "Dalucks90",
    "tastytjuice"
  ],
  "log": "|j|\u2606Dalucks90\n|j|\u2606tastytjuice\n|t:|1776300260\n|gametype|doubles\n|player|p1|Dalucks90|266|1241\n|player|p2|tastytjuice|1|1289\n|gen|9\n|tier|[Gen 9 Champions] VGC 2026 Reg M-A\n|rated|\n|rule|Species Clause: Limit one of each Pok\u00e9mon\n|rule|Item Clause: Limit 1 of each item\n|clearpoke\n|poke|p1|Gengar, L50, F|\n|poke|p1|Incineroar, L50, M|\n|poke|p1|Pelipper, L50, F|\n|poke|p1|Archaludon, L50, F|\n|poke|p1|Basculegion, L50, M|\n|poke|p1|Sinistcha, L50|\n|poke|p2|Tyranitar, L50, F|\n|poke|p2|Excadrill, L50, M|\n|poke|p2|Incineroar, L50, M|\n|poke|p2|Rotom-Wash, L50|\n|poke|p2|Basculegion, L50, M|\n|poke|p2|Milotic, L50, F|\n|teampreview|4\n|inactive|Battle timer is ON: inactive players will automatically lose when time's up. (requested by Dalucks90)\nDalucks90 rejected open team sheets.\n|\n|t:|1776300364\n|teamsize|p1|4\n|teamsize|p2|4\n|start\n|switch|p1a: Gengar|Gengar, L50, F|100/100\n|switch|p1b: Incineroar|Incineroar, L50, M|100/100\n|switch|p2a: Tyranitar|Tyranitar, L50, F, shiny|100/100\n|switch|p2b: Incineroar|Incineroar, L50, M|100/100\n|-weather|Sandstorm|[from] ability: Sand Stream|[of] p2a: Tyranitar\n|-ability|p2b: Incineroar|Intimidate|boost\n|-unboost|p1a: Gengar|atk|1\n|-unboost|p1b: Incineroar|atk|1\n|-ability|p1b: Incineroar|Intimidate|boost\n|-unboost|p2a: Tyranitar|atk|1\n|-unboost|p2b: Incineroar|atk|1\n|turn|1\n|inactive|Dalucks90 has 30 seconds left.\n|inactive|Dalucks90 has 20 seconds left.\n|\n|t:|1776300400\n|switch|p1b: Pelipper|Pelipper, L50, F|100/100\n|-weather|RainDance|[from] ability: Drizzle|[of] p1b: Pelipper\n|detailschange|p1a: Gengar|Gengar-Mega, L50, F\n|-mega|p1a: Gengar|Gengar|Gengarite\n|move|p1a: Gengar|Protect|p1a: Gengar\n|-singleturn|p1a: Gengar|Protect\n|move|p2a: Tyranitar|Protect|p2a: Tyranitar\n|-singleturn|p2a: Tyranitar|Protect\n|move|p2b: Incineroar|Fake Out|p1b: Pelipper\n|-damage|p1b: Pelipper|91/100\n|\n|-weather|RainDance|[upkeep]\n|upkeep\n|turn|2\n|inactive|Dalucks90 has 30 seconds left.\n|inactive|Dalucks90 has 20 seconds left.\n|\n|t:|1776300435\n|switch|p1b: Incineroar|Incineroar, L50, M|100/100\n|-ability|p1b: Incineroar|Intimidate|boost\n|-unboost|p2a: Tyranitar|atk|1\n|-unboost|p2b: Incineroar|atk|1\n|detailschange|p2a: Tyranitar|Tyranitar-Mega, L50, F, shiny\n|-mega|p2a: Tyranitar|Tyranitar|Tyranitarite\n|-weather|Sandstorm|[from] ability: Sand Stream|[of] p2a: Tyranitar\n|move|p1a: Gengar|Perish Song|p1a: Gengar\n|-start|p1a: Gengar|perish3|[silent]\n|-start|p1b: Incineroar|perish3|[silent]\n|-start|p2a: Tyranitar|perish3|[silent]\n|-start|p2b: Incineroar|perish3|[silent]\n|-fieldactivate|move: Perish Song\n|move|p2a: Tyranitar|Knock Off|p1a: Gengar\n|-supereffective|p1a: Gengar|1\n|-damage|p1a: Gengar|48/100\n|move|p2b: Incineroar|Throat Chop|p1a: Gengar\n|-supereffective|p1a: Gengar|1\n|-damage|p1a: Gengar|8/100\n|-start|p1a: Gengar|Throat Chop|[silent]\n|\n|-weather|Sandstorm|[upkeep]\n|-damage|p1a: Gengar|2/100|[from] Sandstorm\n|-damage|p2b: Incineroar|95/100|[from] Sandstorm\n|-damage|p1b: Incineroar|95/100|[from] Sandstorm\n|-heal|p1b: Incineroar|100/100|[from] item: Leftovers\n|-start|p1a: Gengar|perish3\n|-start|p2a: Tyranitar|perish3\n|-start|p2b: Incineroar|perish3\n|-start|p1b: Incineroar|perish3\n|upkeep\n|turn|3\n|inactive|Dalucks90 has 30 seconds left.\n|inactive|tastytjuice has 30 seconds left.\n|inactive|Dalucks90 has 20 seconds left.\n|inactive|tastytjuice has 20 seconds left.\n|\n|t:|1776300474\n|switch|p1a: Pelipper|Pelipper, L50, F|91/100\n|-weather|RainDance|[from] ability: Drizzle|[of] p1a: Pelipper\n|move|p2a: Tyranitar|Rock Slide|p1a: Pelipper|[spread] p1a\n|-miss|p2a: Tyranitar|p1b: Incineroar\n|-supereffective|p1a: Pelipper|1\n|-damage|p1a: Pelipper|46/100\n|move|p2b: Incineroar|Parting Shot|p1b: Incineroar\n|-unboost|p1b: Incineroar|atk|1\n|-unboost|p1b: Incineroar|spa|1\n|\n|t:|1776300488\n|switch|p2b: Milotic|Milotic, L50, F, shiny|100/100|[from] Parting Shot\n|move|p1b: Incineroar|Parting Shot|p2b: Milotic\n|-unboost|p2b: Milotic|atk|1\n|-ability|p2b: Milotic|Competitive|boost\n|-boost|p2b: Milotic|spa|2\n|-unboost|p2b: Milotic|spa|1\n|-ability|p2b: Milotic|Competitive|boost\n|-boost|p2b: Milotic|spa|2\n|\n|t:|1776300498\n|switch|p1b: Gengar|Gengar-Mega, L50, F|2/100|[from] Parting Shot\n|\n|-weather|RainDance|[upkeep]\n|-start|p2a: Tyranitar|perish2\n|upkeep\n|turn|4\n|inactive|tastytjuice has 30 seconds left.\n|inactive|tastytjuice has 20 seconds left.\n|\n|t:|1776300535\n|move|p1b: Gengar|Protect|p1b: Gengar\n|-singleturn|p1b: Gengar|Protect\n|move|p1a: Pelipper|Protect|p1a: Pelipper\n|-singleturn|p1a: Pelipper|Protect\n|move|p2a: Tyranitar|Rock Slide|p1b: Gengar|[spread] \n|-activate|p1a: Pelipper|move: Protect\n|-activate|p1b: Gengar|move: Protect\n|move|p2b: Milotic|Icy Wind|p1b: Gengar|[spread] \n|-activate|p1a: Pelipper|move: Protect\n|-activate|p1b: Gengar|move: Protect\n|\n|-weather|RainDance|[upkeep]\n|-start|p2a: Tyranitar|perish1\n|upkeep\n|turn|5\n|inactive|Dalucks90 has 30 seconds left.\n|\n|t:|1776300567\n|move|p1b: Gengar|Shadow Ball|p2b: Milotic\n|-damage|p2b: Milotic|78/100\n|move|p1a: Pelipper|Hurricane|p2b: Milotic\n|-damage|p2b: Milotic|53/100\n|move|p2a: Tyranitar|Rock Slide|p1b: Gengar|[spread] p1a,p1b\n|-supereffective|p1a: Pelipper|1\n|-damage|p1a: Pelipper|0 fnt\n|-damage|p1b: Gengar|0 fnt\n|faint|p1a: Pelipper\n|faint|p1b: Gengar\n|move|p2b: Milotic|Icy Wind|p1: Pelipper|[notarget]\n|-fail|p2b: Milotic\n|\n|-weather|RainDance|[upkeep]\n|-heal|p2b: Milotic|59/100|[from] item: Leftovers\n|-start|p2a: Tyranitar|perish0\n|upkeep\n|faint|p2a: Tyranitar\n|inactive|tastytjuice has 30 seconds left.\n|\n|t:|1776300595\n|switch|p1b: Basculegion|Basculegion, L50, M|100/100\n|switch|p1a: Incineroar|Incineroar, L50, M|100/100\n|switch|p2a: Incineroar|Incineroar, L50, M|95/100\n|-ability|p2a: Incineroar|Intimidate|boost\n|-unboost|p1a: Incineroar|atk|1\n|-unboost|p1b: Basculegion|atk|1\n|-ability|p1a: Incineroar|Intimidate|boost\n|-unboost|p2a: Incineroar|atk|1\n|-unboost|p2b: Milotic|atk|1\n|-ability|p2b: Milotic|Competitive|boost\n|-boost|p2b: Milotic|spa|2\n|turn|6\n|inactive|tastytjuice has 30 seconds left.\n|\n|t:|1776300621\n|move|p2a: Incineroar|Fake Out|p1a: Incineroar\n|-damage|p1a: Incineroar|94/100\n|cant|p1a: Incineroar|flinch\n|move|p1b: Basculegion|Last Respects|p2b: Milotic\n|-damage|p2b: Milotic|0 fnt\n|faint|p2b: Milotic\n|\n|-weather|RainDance|[upkeep]\n|-heal|p1a: Incineroar|99/100|[from] item: Leftovers\n|upkeep\n|\n|t:|1776300638\n|switch|p2b: Excadrill|Excadrill, L50, M|100/100\n|turn|7\n|\n|t:|1776300663\n|move|p2b: Excadrill|Protect|p2b: Excadrill\n|-singleturn|p2b: Excadrill|Protect\n|move|p1b: Basculegion|Last Respects|p2b: Excadrill\n|-activate|p2b: Excadrill|move: Protect\n|move|p2a: Incineroar|Throat Chop|p1b: Basculegion\n|-supereffective|p1b: Basculegion|1\n|-damage|p1b: Basculegion|45/100\n|-start|p1b: Basculegion|Throat Chop|[silent]\n|move|p1a: Incineroar|Flare Blitz|p2b: Excadrill\n|-activate|p2b: Excadrill|move: Protect\n|\n|-weather|none\n|-heal|p1a: Incineroar|100/100|[from] item: Leftovers\n|upkeep\n|turn|8\n|inactive|tastytjuice has 30 seconds left.\n|\n|t:|1776300698\n|move|p1b: Basculegion|Last Respects|p2b: Excadrill\n|-damage|p2b: Excadrill|11/100\n|move|p2b: Excadrill|Rock Slide|p1b: Basculegion|[spread] p1a,p1b\n|-supereffective|p1a: Incineroar|1\n|-crit|p1a: Incineroar\n|-damage|p1a: Incineroar|49/100\n|-damage|p1b: Basculegion|19/100\n|move|p2a: Incineroar|Throat Chop|p1b: Basculegion\n|-supereffective|p1b: Basculegion|1\n|-damage|p1b: Basculegion|0 fnt\n|faint|p1b: Basculegion\n|move|p1a: Incineroar|Flare Blitz|p2b: Excadrill\n|-supereffective|p2b: Excadrill|1\n|-damage|p2b: Excadrill|0 fnt\n|faint|p2b: Excadrill\n|-damage|p1a: Incineroar|46/100|[from] Recoil\n|\n|-heal|p1a: Incineroar|52/100|[from] item: Leftovers\n|upkeep\n|turn|9\n|\n|t:|1776300721\n|move|p1a: Incineroar|Protect|p1a: Incineroar\n|-singleturn|p1a: Incineroar|Protect\n|move|p2a: Incineroar|Flare Blitz|p1a: Incineroar\n|-activate|p1a: Incineroar|move: Protect\n|\n|-heal|p1a: Incineroar|58/100|[from] item: Leftovers\n|upkeep\n|turn|10\n|\n|t:|1776300737\n|move|p2a: Incineroar|Flare Blitz|p1a: Incineroar\n|-resisted|p1a: Incineroar|1\n|-damage|p1a: Incineroar|42/100\n|-damage|p2a: Incineroar|89/100|[from] Recoil\n|move|p1a: Incineroar|Parting Shot|p2a: Incineroar\n|-unboost|p2a: Incineroar|atk|1\n|-unboost|p2a: Incineroar|spa|1\n|\n|-heal|p1a: Incineroar|48/100|[from] item: Leftovers\n|upkeep\n|turn|11\n|\n|t:|1776300753\n|move|p1a: Incineroar|Protect|p1a: Incineroar\n|-singleturn|p1a: Incineroar|Protect\n|move|p2a: Incineroar|Flare Blitz|p1a: Incineroar\n|-activate|p1a: Incineroar|move: Protect\n|\n|-heal|p1a: Incineroar|54/100|[from] item: Leftovers\n|upkeep\n|turn|12\n|\n|t:|1776300770\n|move|p2a: Incineroar|Parting Shot|p1a: Incineroar\n|-unboost|p1a: Incineroar|atk|1\n|-unboost|p1a: Incineroar|spa|1\n|move|p1a: Incineroar|Parting Shot|p2a: Incineroar\n|-unboost|p2a: Incineroar|atk|1\n|-unboost|p2a: Incineroar|spa|1\n|\n|-heal|p1a: Incineroar|60/100|[from] item: Leftovers\n|upkeep\n|turn|13\n|\n|t:|1776300791\n|move|p2a: Incineroar|Parting Shot|p1a: Incineroar\n|-unboost|p1a: Incineroar|atk|1\n|-unboost|p1a: Incineroar|spa|1\n|move|p1a: Incineroar|Parting Shot|p2a: Incineroar\n|-unboost|p2a: Incineroar|atk|1\n|-unboost|p2a: Incineroar|spa|1\n|\n|-heal|p1a: Incineroar|66/100|[from] item: Leftovers\n|upkeep\n|turn|14\n|\n|t:|1776300801\n|move|p2a: Incineroar|Parting Shot|p1a: Incineroar\n|-unboost|p1a: Incineroar|atk|1\n|-unboost|p1a: Incineroar|spa|1\n|move|p1a: Incineroar|Parting Shot|p2a: Incineroar\n|-unboost|p2a: Incineroar|atk|1\n|-unboost|p2a: Incineroar|spa|1\n|\n|-heal|p1a: Incineroar|72/100|[from] item: Leftovers\n|upkeep\n|turn|15\n|\n|t:|1776300814\n|move|p2a: Incineroar|Parting Shot|p1a: Incineroar\n|-unboost|p1a: Incineroar|atk|1\n|-unboost|p1a: Incineroar|spa|1\n|move|p1a: Incineroar|Parting Shot|p2a: Incineroar\n|-unboost|p2a: Incineroar|atk|1\n|-unboost|p2a: Incineroar|spa|1\n|\n|-heal|p1a: Incineroar|78/100|[from] item: Leftovers\n|upkeep\n|turn|16\n|\n|t:|1776300827\n|move|p2a: Incineroar|Parting Shot|p1a: Incineroar\n|-unboost|p1a: Incineroar|atk|1\n|-unboost|p1a: Incineroar|spa|1\n|move|p1a: Incineroar|Flare Blitz|p2a: Incineroar\n|-resisted|p2a: Incineroar|1\n|-crit|p2a: Incineroar\n|-damage|p2a: Incineroar|60/100\n|-damage|p1a: Incineroar|68/100|[from] Recoil\n|\n|-heal|p1a: Incineroar|74/100|[from] item: Leftovers\n|upkeep\n|turn|17\n|\n|t:|1776300841\n|move|p2a: Incineroar|Parting Shot|p1a: Incineroar\n|-unboost|p1a: Incineroar|atk|0\n|-unboost|p1a: Incineroar|spa|1\n|move|p1a: Incineroar|Flare Blitz|p2a: Incineroar\n|-resisted|p2a: Incineroar|1\n|-damage|p2a: Incineroar|56/100\n|-damage|p1a: Incineroar|73/100|[from] Recoil\n|\n|-heal|p1a: Incineroar|79/100|[from] item: Leftovers\n|upkeep\n|turn|18\n|\n|t:|1776300855\n|move|p2a: Incineroar|Flare Blitz|p1a: Incineroar\n|-resisted|p1a: Incineroar|1\n|-damage|p1a: Incineroar|73/100\n|-damage|p2a: Incineroar|54/100|[from] Recoil\n|move|p1a: Incineroar|Flare Blitz|p2a: Incineroar\n|-resisted|p2a: Incineroar|1\n|-damage|p2a: Incineroar|49/100\n|-enditem|p2a: Incineroar|Sitrus Berry|[eat]\n|-heal|p2a: Incineroar|73/100|[from] item: Sitrus Berry\n|-damage|p1a: Incineroar|71/100|[from] Recoil\n|\n|-heal|p1a: Incineroar|77/100|[from] item: Leftovers\n|upkeep\n|turn|19\n|\n|t:|1776300870\n|move|p2a: Incineroar|Flare Blitz|p1a: Incineroar\n|-resisted|p1a: Incineroar|1\n|-damage|p1a: Incineroar|71/100\n|-damage|p2a: Incineroar|71/100|[from] Recoil\n|move|p1a: Incineroar|Flare Blitz|p2a: Incineroar\n|-resisted|p2a: Incineroar|1\n|-damage|p2a: Incineroar|66/100\n|-damage|p1a: Incineroar|70/100|[from] Recoil\n|\n|-heal|p1a: Incineroar|76/100|[from] item: Leftovers\n|upkeep\n|turn|20\n|\n|t:|1776300884\n|move|p2a: Incineroar|Flare Blitz|p1a: Incineroar\n|-resisted|p1a: Incineroar|1\n|-damage|p1a: Incineroar|70/100\n|-damage|p2a: Incineroar|64/100|[from] Recoil\n|move|p1a: Incineroar|Flare Blitz|p2a: Incineroar\n|-resisted|p2a: Incineroar|1\n|-crit|p2a: Incineroar\n|-damage|p2a: Incineroar|32/100\n|-damage|p1a: Incineroar|59/100|[from] Recoil\n|\n|-heal|p1a: Incineroar|65/100|[from] item: Leftovers\n|upkeep\n|turn|21\n|inactive|tastytjuice has 30 seconds left.\n|\n|t:|1776300899\n|move|p2a: Incineroar|Flare Blitz|p1a: Incineroar\n|-resisted|p1a: Incineroar|1\n|-damage|p1a: Incineroar|60/100\n|-damage|p2a: Incineroar|30/100|[from] Recoil\n|move|p1a: Incineroar|Flare Blitz|p2a: Incineroar\n|-resisted|p2a: Incineroar|1\n|-damage|p2a: Incineroar|25/100\n|-damage|p1a: Incineroar|58/100|[from] Recoil\n|\n|-heal|p1a: Incineroar|64/100|[from] item: Leftovers\n|upkeep\n|turn|22\n|inactive|tastytjuice has 25 seconds left this turn.\n|inactive|tastytjuice has 20 seconds left.\n|inactive|tastytjuice has 15 seconds left.\n|inactive|tastytjuice has 10 seconds left.\n|\n|t:|1776300917\n|move|p2a: Incineroar|Flare Blitz|p1a: Incineroar\n|-resisted|p1a: Incineroar|1\n|-damage|p1a: Incineroar|59/100\n|-damage|p2a: Incineroar|23/100|[from] Recoil\n|move|p1a: Incineroar|Flare Blitz|p2a: Incineroar\n|-resisted|p2a: Incineroar|1\n|-damage|p2a: Incineroar|18/100\n|-damage|p1a: Incineroar|57/100|[from] Recoil\n|\n|-heal|p1a: Incineroar|63/100|[from] item: Leftovers\n|upkeep\n|turn|23\n|inactive|tastytjuice has 10 seconds left this turn.\n|inactive|tastytjuice has 5 seconds left.\n|-message|tastytjuice lost due to inactivity.\n|\n|win|Dalucks90\n|raw|Dalucks90's rating: 1241 &rarr; <strong>1269</strong><br />(+28 for winning)\n|raw|tastytjuice's rating: 1289 &rarr; <strong>1261</strong><br />(-28 for losing)\n",
  "uploadtime": 1776300961,
  "views": 37,
  "formatid": "gen9championsvgc2026regma",
  "rating": 1261,
  "private": 0,
  "password": null
}