{
  "id": "gen9championsvgc2026regma-2584396404",
  "format": "[Gen 9 Champions] VGC 2026 Reg M-A",
  "players": [
    "smp on whimsicott",
    "azumarillsky"
  ],
  "log": "|j|\u2606smp on whimsicott\n|j|\u2606azumarillsky\n|t:|1776257812\n|gametype|doubles\n|player|p1|smp on whimsicott|artist-gen4|1377\n|player|p2|azumarillsky|2|1426\n|gen|9\n|tier|[Gen 9 Champions] VGC 2026 Reg M-A\n|rated|\n|rule|Species Clause: Limit one of each Pok\u00e9mon\n|rule|Item Clause: Limit 1 of each item\n|clearpoke\n|poke|p1|Arcanine, L50, F|\n|poke|p1|Venusaur, L50, F|\n|poke|p1|Sneasler, L50, F|\n|poke|p1|Rotom-Wash, L50|\n|poke|p1|Garchomp, L50, F|\n|poke|p1|Corviknight, L50, M|\n|poke|p2|Whimsicott, L50, F|\n|poke|p2|Sylveon, L50, M|\n|poke|p2|Scizor, L50, F|\n|poke|p2|Glimmora, L50, F|\n|poke|p2|Sneasler, L50, F|\n|poke|p2|Pelipper, L50, F|\n|teampreview|4\n|\n|t:|1776257859\n|teamsize|p1|4\n|teamsize|p2|4\n|start\n|switch|p1a: Rotom|Rotom-Wash, L50|100/100\n|switch|p1b: Venusaur|Venusaur, L50, F|100/100\n|switch|p2a: Sylveon|Sylveon, L50, M|100/100\n|switch|p2b: Sneasler|Sneasler, L50, F|100/100\n|turn|1\n|inactive|Battle timer is ON: inactive players will automatically lose when time's up. (requested by smp on whimsicott)\n|\n|t:|1776257877\n|switch|p1a: Corviknight|Corviknight, L50, M|100/100\n|detailschange|p1b: Venusaur|Venusaur-Mega, L50, F\n|-mega|p1b: Venusaur|Venusaur|Venusaurite\n|move|p2b: Sneasler|Close Combat|p1a: Corviknight\n|-damage|p1a: Corviknight|47/100\n|-unboost|p2b: Sneasler|def|1\n|-unboost|p2b: Sneasler|spd|1\n|-enditem|p2b: Sneasler|White Herb\n|-clearnegativeboost|p2b: Sneasler|[silent]\n|move|p1b: Venusaur|Leech Seed|p2a: Sylveon\n|-start|p2a: Sylveon|move: Leech Seed\n|move|p2a: Sylveon|Hyper Voice|p1b: Venusaur|[spread] p1a,p1b\n|-resisted|p1a: Corviknight|1\n|-resisted|p1b: Venusaur|1\n|-damage|p1a: Corviknight|28/100\n|-damage|p1b: Venusaur|80/100\n|\n|-heal|p1a: Corviknight|34/100|[from] item: Leftovers\n|-damage|p2a: Sylveon|88/100|[from] Leech Seed|[of] p1b: Venusaur\n|-heal|p1b: Venusaur|91/100|[silent]\n|upkeep\n|turn|2\n|inactive|smp on whimsicott has 30 seconds left.\n|\n|t:|1776257906\n|switch|p2a: Glimmora|Glimmora, L50, F|100/100\n|move|p2b: Sneasler|Protect|p2b: Sneasler\n|-singleturn|p2b: Sneasler|Protect\n|move|p1b: Venusaur|Earth Power|p2b: Sneasler\n|-activate|p2b: Sneasler|move: Protect\n|move|p1a: Corviknight|Brave Bird|p2a: Glimmora\n|-resisted|p2a: Glimmora|1\n|-damage|p2a: Glimmora|71/100\n|-activate|p2a: Glimmora|ability: Toxic Debris\n|-sidestart|p1: smp on whimsicott|move: Toxic Spikes\n|-damage|p1a: Corviknight|25/100|[from] Recoil\n|\n|-heal|p1a: Corviknight|32/100|[from] item: Leftovers\n|upkeep\n|turn|3\n|\n|t:|1776257931\n|detailschange|p2a: Glimmora|Glimmora-Mega, L50, F\n|-mega|p2a: Glimmora|Glimmora|Glimmoranite\n|move|p2b: Sneasler|Dire Claw|p1b: Venusaur\n|-damage|p1b: Venusaur|59/100\n|move|p2a: Glimmora|Sludge Bomb|p1b: Venusaur\n|-damage|p1b: Venusaur|9/100\n|move|p1b: Venusaur|Earth Power|p2a: Glimmora\n|-supereffective|p2a: Glimmora|2\n|-damage|p2a: Glimmora|0 fnt\n|faint|p2a: Glimmora\n|move|p1a: Corviknight|Tailwind|p1a: Corviknight\n|-sidestart|p1: smp on whimsicott|move: Tailwind\n|\n|-heal|p1a: Corviknight|38/100|[from] item: Leftovers\n|upkeep\n|\n|t:|1776257952\n|switch|p2a: Whimsicott|Whimsicott, L50, F|100/100\n|turn|4\n|inactive|smp on whimsicott has 30 seconds left.\n|\n|t:|1776257983\n|move|p2b: Sneasler|Protect|p2b: Sneasler\n|-singleturn|p2b: Sneasler|Protect\n|move|p2a: Whimsicott|Tailwind|p2a: Whimsicott\n|-sidestart|p2: azumarillsky|move: Tailwind\n|move|p1b: Venusaur|Earth Power|p2b: Sneasler\n|-activate|p2b: Sneasler|move: Protect\n|move|p1a: Corviknight|Brave Bird|p2a: Whimsicott\n|-supereffective|p2a: Whimsicott|1\n|-enditem|p2a: Whimsicott|Focus Sash\n|-damage|p2a: Whimsicott|1/100\n|-damage|p1a: Corviknight|15/100|[from] Recoil\n|\n|-heal|p1a: Corviknight|21/100|[from] item: Leftovers\n|upkeep\n|turn|5\n|\n|t:|1776258001\n|move|p2b: Sneasler|Close Combat|p1a: Corviknight\n|-damage|p1a: Corviknight|0 fnt\n|-unboost|p2b: Sneasler|def|1\n|-unboost|p2b: Sneasler|spd|1\n|faint|p1a: Corviknight\n|move|p2a: Whimsicott|Moonblast|p1b: Venusaur\n|-resisted|p1b: Venusaur|1\n|-damage|p1b: Venusaur|0 fnt\n|faint|p1b: Venusaur\n|\n|upkeep\n|\n|t:|1776258005\n|switch|p1b: Rotom|Rotom-Wash, L50|100/100\n|switch|p1a: Garchomp|Garchomp, L50, F|100/100\n|-status|p1a: Garchomp|psn\n|turn|6\n|\n|t:|1776258021\n|move|p2b: Sneasler|Close Combat|p1b: Rotom\n|-damage|p1b: Rotom|25/100\n|-unboost|p2b: Sneasler|def|1\n|-unboost|p2b: Sneasler|spd|1\n|move|p1b: Rotom|Electroweb|p2b: Sneasler|[spread] p2a,p2b\n|-resisted|p2a: Whimsicott|1\n|-damage|p2a: Whimsicott|0 fnt\n|-damage|p2b: Sneasler|53/100\n|-unboost|p2b: Sneasler|spe|1\n|faint|p2a: Whimsicott\n|move|p1a: Garchomp|Earthquake|p2b: Sneasler|[spread] p2b\n|-immune|p1b: Rotom|[from] ability: Levitate\n|-supereffective|p2b: Sneasler|1\n|-damage|p2b: Sneasler|0 fnt\n|faint|p2b: Sneasler\n|\n|-damage|p1a: Garchomp|88/100 psn|[from] psn\n|-sideend|p1: smp on whimsicott|move: Tailwind\n|upkeep\n|\n|t:|1776258041\n|switch|p2a: Sylveon|Sylveon, L50, M|88/100\n|turn|7\n|\n|t:|1776258048\n|move|p1a: Garchomp|Protect|p1a: Garchomp\n|-singleturn|p1a: Garchomp|Protect\n|move|p1b: Rotom|Electroweb|p2a: Sylveon|[miss]\n|-miss|p1b: Rotom|p2a: Sylveon\n|move|p2a: Sylveon|Hyper Voice|p1b: Rotom|[spread] p1b\n|-activate|p1a: Garchomp|move: Protect\n|-damage|p1b: Rotom|0 fnt\n|faint|p1b: Rotom\n|\n|-damage|p1a: Garchomp|76/100 psn|[from] psn\n|-sideend|p2: azumarillsky|move: Tailwind\n|upkeep\n|turn|8\n|\n|t:|1776258064\n|move|p2a: Sylveon|Protect|p2a: Sylveon\n|-singleturn|p2a: Sylveon|Protect\n|move|p1a: Garchomp|Earthquake|p2a: Sylveon\n|-activate|p2a: Sylveon|move: Protect\n|\n|-damage|p1a: Garchomp|64/100 psn|[from] psn\n|upkeep\n|turn|9\n|\n|t:|1776258072\n|move|p1a: Garchomp|Earthquake|p2a: Sylveon\n|-damage|p2a: Sylveon|30/100\n|move|p2a: Sylveon|Hyper Voice|p1a: Garchomp\n|-supereffective|p1a: Garchomp|1\n|-damage|p1a: Garchomp|0 fnt\n|faint|p1a: Garchomp\n|\n|win|azumarillsky\n|raw|smp on whimsicott's rating: 1377 &rarr; <strong>1360</strong><br />(-17 for losing)\n|raw|azumarillsky's rating: 1426 &rarr; <strong>1443</strong><br />(+17 for winning)\n",
  "uploadtime": 1776258072,
  "views": 34,
  "formatid": "gen9championsvgc2026regma",
  "rating": 1360,
  "private": 0,
  "password": null
}