{
  "id": "gen9championsvgc2026regma-2581526109",
  "format": "[Gen 9 Champions] VGC 2026 Reg M-A",
  "players": [
    "peppernose",
    "McGigglie"
  ],
  "log": "|j|\u2606peppernose\n|j|\u2606McGigglie\n|html|<table width=\"100%\"><tr><td align=\"left\">peppernose</td><td align=\"right\">McGigglie</tr><tr><td align=\"left\"><i class=\"fa fa-circle-o\"></i> <i class=\"fa fa-circle-o\"></i> </td><td align=\"right\"><i class=\"fa fa-circle-o\"></i> <i class=\"fa fa-circle-o\"></i> </tr></table>\n|uhtml|bestof|<h2><strong>Game 1</strong> of <a href=\"/game-bestof3-gen9championsvgc2026regma-2581526108\">a best-of-3</a></h2>\n|t:|1776008250\n|gametype|doubles\n|player|p1|peppernose|alder|\n|player|p2|McGigglie|cheryl|\n|gen|9\n|tier|[Gen 9 Champions] VGC 2026 Reg M-A\n|rule|Species Clause: Limit one of each Pok\u00e9mon\n|rule|Item Clause: Limit 1 of each item\n|raw|<div class=\"infobox\"><details class=\"readmore\" open><summary><strong>1 custom rule:</strong></summary> Best of = 3</details></div>\n|clearpoke\n|poke|p1|Liepard, L50, M|\n|poke|p1|Incineroar, L50, F|\n|poke|p1|Sinistcha, L50|\n|poke|p1|Lycanroc-Dusk, L50, F|\n|poke|p1|Alakazam, L50, F|\n|poke|p1|Noivern, L50, M|\n|poke|p2|Tsareena, L50, F|\n|poke|p2|Raichu, L50, M|\n|poke|p2|Ninetales-Alola, L50, F|\n|poke|p2|Incineroar, L50, M|\n|poke|p2|Glimmora, L50, F|\n|poke|p2|Basculegion, L50, M|\n|teampreview|4\npeppernose rejected open team sheets.\n|\n|t:|1776008319\n|teamsize|p1|4\n|teamsize|p2|4\n|start\n|switch|p1a: Liepard|Liepard, L50, M|100/100\n|switch|p1b: Incineroar|Incineroar, L50, F|100/100\n|switch|p2a: Cath|Raichu, L50, M|100/100\n|switch|p2b: Incineroar|Incineroar, L50, M|100/100\n|-ability|p1b: Incineroar|Intimidate|boost\n|-unboost|p2a: Cath|atk|1\n|-unboost|p2b: Incineroar|atk|1\n|-ability|p2b: Incineroar|Intimidate|boost\n|-unboost|p1a: Liepard|atk|1\n|-unboost|p1b: Incineroar|atk|1\n|turn|1\n|\n|t:|1776008396\n|move|p1a: Liepard|Fake Out|p2b: Incineroar\n|-damage|p2b: Incineroar|96/100\n|cant|p2b: Incineroar|flinch\n|move|p2a: Cath|Encore||[still]\n|-fail|p2a: Cath\n|move|p1b: Incineroar|Parting Shot|p2b: Incineroar\n|-unboost|p2b: Incineroar|atk|1\n|-unboost|p2b: Incineroar|spa|1\n|\n|t:|1776008408\n|switch|p1b: Noivern|Noivern, L50, M|100/100|[from] Parting Shot\n|-item|p2a: Cath|Focus Sash|[from] ability: Frisk|[of] p1b: Noivern\n|-item|p2b: Incineroar|Sitrus Berry|[from] ability: Frisk|[of] p1b: Noivern\n|\n|upkeep\n|turn|2\n|\n|t:|1776008437\n|switch|p1a: Incineroar|Incineroar, L50, F|100/100\n|-ability|p1a: Incineroar|Intimidate|boost\n|-unboost|p2a: Cath|atk|1\n|-unboost|p2b: Incineroar|atk|1\n|move|p1b: Noivern|Protect|p1b: Noivern\n|-singleturn|p1b: Noivern|Protect\n|move|p2a: Cath|Electroweb|p1a: Incineroar|[spread] p1a\n|-activate|p1b: Noivern|move: Protect\n|-damage|p1a: Incineroar|90/100\n|-unboost|p1a: Incineroar|spe|1\n|move|p2b: Incineroar|Parting Shot|p1b: Noivern\n|-activate|p1b: Noivern|move: Protect\n|\n|upkeep\n|turn|3\n|\n|t:|1776008471\n|switch|p1b: Liepard|Liepard, L50, M|100/100\n|move|p2a: Cath|Eerie Impulse|p1b: Liepard\n|-unboost|p1b: Liepard|spa|2\n|move|p2b: Incineroar|Parting Shot|p1b: Liepard\n|-unboost|p1b: Liepard|atk|1\n|-unboost|p1b: Liepard|spa|1\n|\n|t:|1776008483\n|switch|p2b: Aurora|Glimmora, L50, F, shiny|100/100|[from] Parting Shot\n|move|p1a: Incineroar|Flare Blitz|p2a: Cath\n|-damage|p2a: Cath|1/100\n|-damage|p1a: Incineroar|67/100|[from] Recoil\n|\n|upkeep\n|turn|4\n|\n|t:|1776008514\n|switch|p2a: Legion|Basculegion, L50, M|100/100\n|move|p2b: Aurora|Spiky Shield|p2b: Aurora\n|-singleturn|p2b: Aurora|move: Protect\n|move|p1a: Incineroar|Protect|p1a: Incineroar\n|-singleturn|p1a: Incineroar|Protect\n|move|p1b: Liepard|Fake Out|p2a: Legion\n|-immune|p2a: Legion\n|\n|upkeep\n|turn|5\n|\n|t:|1776008548\n|switch|p1a: Noivern|Noivern, L50, M|100/100\n|-item|p2a: Legion|Choice Scarf|[from] ability: Frisk|[of] p1a: Noivern\n|-item|p2b: Aurora|Glimmoranite|[from] ability: Frisk|[of] p1a: Noivern\n|detailschange|p2b: Aurora|Glimmora-Mega, L50, F, shiny\n|-mega|p2b: Aurora|Glimmora|Glimmoranite\n|move|p1b: Liepard|Thunder Wave|p2b: Aurora\n|-status|p2b: Aurora|par\n|move|p2a: Legion|Wave Crash|p1b: Liepard\n|-damage|p1b: Liepard|0 fnt\n|faint|p1b: Liepard\n|-damage|p2a: Legion|73/100|[from] Recoil\n|move|p2b: Aurora|Power Gem|p1a: Noivern\n|-supereffective|p1a: Noivern|1\n|-damage|p1a: Noivern|0 fnt\n|faint|p1a: Noivern\n|\n|upkeep\n|\n|t:|1776008568\n|switch|p1a: Alakazam|Alakazam, L50, F|100/100\n|switch|p1b: Incineroar|Incineroar, L50, F|67/100\n|-ability|p1b: Incineroar|Intimidate|boost\n|-unboost|p2a: Legion|atk|1\n|-unboost|p2b: Aurora|atk|1\n|turn|6\n|\n|t:|1776008630\n|detailschange|p1a: Alakazam|Alakazam-Mega, L50, F\n|-mega|p1a: Alakazam|Alakazam|Alakazite\n|-ability|p1a: Alakazam|Adaptability|Trace|[from] ability: Trace|[of] p2a: Legion\n|move|p2b: Aurora|Spiky Shield|p2b: Aurora\n|-singleturn|p2b: Aurora|move: Protect\n|move|p2a: Legion|Wave Crash|p1b: Incineroar\n|-supereffective|p1b: Incineroar|1\n|-damage|p1b: Incineroar|0 fnt\n|faint|p1b: Incineroar\n|-damage|p2a: Legion|51/100|[from] Recoil\n|move|p1a: Alakazam|Shadow Ball|p2a: Legion\n|-supereffective|p2a: Legion|1\n|-damage|p2a: Legion|0 fnt\n|faint|p2a: Legion\n|\n|upkeep\n|\n|t:|1776008645\n|switch|p2a: Incineroar|Incineroar, L50, M|96/100\n|-ability|p2a: Incineroar|Intimidate|boost\n|-unboost|p1a: Alakazam|atk|1\n|turn|7\n|\n|t:|1776008657\n|switch|p2b: Cath|Raichu, L50, M|1/100\n|move|p1a: Alakazam|Protect|p1a: Alakazam\n|-singleturn|p1a: Alakazam|Protect\n|move|p2a: Incineroar|Fake Out|p1a: Alakazam\n|-activate|p1a: Alakazam|move: Protect\n|\n|upkeep\n|turn|8\n|\n|t:|1776008691\n|move|p2b: Cath|Fake Out|p1a: Alakazam\n|-damage|p1a: Alakazam|85/100\n|cant|p1a: Alakazam|flinch\n|move|p2a: Incineroar|Parting Shot|p1a: Alakazam\n|-unboost|p1a: Alakazam|atk|1\n|-unboost|p1a: Alakazam|spa|1\n|\n|t:|1776008698\n|switch|p2a: Aurora|Glimmora-Mega, L50, F, shiny|100/100 par|[from] Parting Shot\n|\n|upkeep\n|turn|9\n|\n|t:|1776008714\n|move|p2a: Aurora|Spiky Shield|p2a: Aurora\n|-singleturn|p2a: Aurora|move: Protect\n|move|p1a: Alakazam|Psychic|p2a: Aurora\n|-activate|p2a: Aurora|move: Protect\n|move|p2b: Cath|Electroweb|p1a: Alakazam\n|-damage|p1a: Alakazam|54/100\n|-unboost|p1a: Alakazam|spe|1\n|\n|upkeep\n|turn|10\n|\n|t:|1776008732\n|switch|p2a: Incineroar|Incineroar, L50, M|96/100\n|-ability|p2a: Incineroar|Intimidate|boost\n|-unboost|p1a: Alakazam|atk|1\n|move|p2b: Cath|Eerie Impulse|p1a: Alakazam\n|-unboost|p1a: Alakazam|spa|2\n|move|p1a: Alakazam|Psychic|p2a: Incineroar\n|-immune|p2a: Incineroar\n|\n|upkeep\n|turn|11\n|\n|t:|1776008747\n|move|p2a: Incineroar|Fake Out|p1a: Alakazam\n|-damage|p1a: Alakazam|35/100\n|move|p2b: Cath|Electroweb|p1a: Alakazam\n|-damage|p1a: Alakazam|4/100\n|-unboost|p1a: Alakazam|spe|1\n|cant|p1a: Alakazam|flinch\n|\n|upkeep\n|turn|12\n|\n|t:|1776008759\n|move|p2b: Cath|Electroweb|p1a: Alakazam\n|-damage|p1a: Alakazam|0 fnt\n|faint|p1a: Alakazam\n|\n|win|McGigglie\n||peppernose is ready for game 2.\n",
  "uploadtime": 1776008764,
  "views": 29,
  "formatid": "gen9championsvgc2026regma",
  "rating": null,
  "private": 0,
  "password": null
}