{
  "id": "gen9championsvgc2026regma-2587977494",
  "format": "[Gen 9 Champions] VGC 2026 Reg M-A",
  "players": [
    "EXSA",
    "sahil ansari"
  ],
  "log": "|j|\u2606EXSA\n|j|\u2606sahil ansari\n|t:|1776587694\n|gametype|doubles\n|player|p1|EXSA|101|1160\n|player|p2|sahil ansari|steven|1218\n|gen|9\n|tier|[Gen 9 Champions] VGC 2026 Reg M-A\n|rated|\n|rule|Species Clause: Limit one of each Pok\u00e9mon\n|rule|Item Clause: Limit 1 of each item\n|clearpoke\n|poke|p1|Oranguru, L50, F|\n|poke|p1|Incineroar, L50, M|\n|poke|p1|Maushold-Four, L50|\n|poke|p1|Torkoal, L50, F|\n|poke|p1|Venusaur, L50, F|\n|poke|p1|Aerodactyl, L50, F|\n|poke|p2|Floette-Eternal, L50, F|\n|poke|p2|Garchomp, L50, F|\n|poke|p2|Kingambit, L50, M|\n|poke|p2|Basculegion, L50, M|\n|poke|p2|Sneasler, L50, M|\n|poke|p2|Froslass, L50, F|\n|teampreview|4\n|inactive|Battle timer is ON: inactive players will automatically lose when time's up. (requested by sahil ansari)\n|\n|t:|1776587724\n|teamsize|p1|4\n|teamsize|p2|4\n|start\n|switch|p1a: Oranguru|Oranguru, L50, F|100/100\n|switch|p1b: Incineroar|Incineroar, L50, M|100/100\n|switch|p2a: Floette|Floette-Eternal, L50, F|100/100\n|switch|p2b: Kingambit|Kingambit, L50, M|100/100\n|-ability|p1b: Incineroar|Intimidate|boost\n|-unboost|p2a: Floette|atk|1\n|-unboost|p2b: Kingambit|atk|1\n|-ability|p2b: Kingambit|Defiant|boost\n|-boost|p2b: Kingambit|atk|2\n|turn|1\n|\n|t:|1776587746\n|detailschange|p2a: Floette|Floette-Mega, L50, F\n|-mega|p2a: Floette|Floette|Floettite\n|-ability|p2a: Floette|Fairy Aura\n|move|p1b: Incineroar|Fake Out|p2b: Kingambit\n|-resisted|p2b: Kingambit|1\n|-crit|p2b: Kingambit\n|-damage|p2b: Kingambit|93/100\n|move|p2a: Floette|Light of Ruin|p1b: Incineroar\n|-damage|p1b: Incineroar|5/100\n|-enditem|p1b: Incineroar|Sitrus Berry|[eat]\n|-heal|p1b: Incineroar|29/100|[from] item: Sitrus Berry\n|-damage|p2a: Floette|44/100|[from] Recoil\n|cant|p2b: Kingambit|flinch\n|move|p1a: Oranguru|Trick Room|p1a: Oranguru\n|-fieldstart|move: Trick Room|[of] p1a: Oranguru\n|\n|upkeep\n|turn|2\n|\n|t:|1776587768\n|move|p1b: Incineroar|Flare Blitz|p2b: Kingambit\n|-supereffective|p2b: Kingambit|1\n|-damage|p2b: Kingambit|8/100\n|-damage|p1b: Incineroar|0 fnt|[from] Recoil\n|faint|p1b: Incineroar\n|move|p1a: Oranguru|Encore|p2a: Floette\n|-start|p2a: Floette|Encore\n|move|p2b: Kingambit|Kowtow Cleave|p1a: Oranguru\n|-supereffective|p1a: Oranguru|1\n|-damage|p1a: Oranguru|0 fnt\n|faint|p1a: Oranguru\n|move|p2a: Floette|Light of Ruin|p1: Oranguru|[notarget]\n|-fail|p2a: Floette\n|\n|upkeep\n|\n|t:|1776587778\n|switch|p1b: Venusaur|Venusaur, L50, F|100/100\n|switch|p1a: Torkoal|Torkoal, L50, F|100/100\n|-weather|SunnyDay|[from] ability: Drought|[of] p1a: Torkoal\n|turn|3\n|\n|t:|1776587792\n|move|p2b: Kingambit|Protect|p2b: Kingambit\n|-singleturn|p2b: Kingambit|Protect\n|move|p1a: Torkoal|Eruption|p2a: Floette|[spread] p2a\n|-activate|p2b: Kingambit|move: Protect\n|-damage|p2a: Floette|0 fnt\n|faint|p2a: Floette\n|move|p1b: Venusaur|Leech Seed|p2b: Kingambit\n|-activate|p2b: Kingambit|move: Protect\n|\n|-weather|SunnyDay|[upkeep]\n|upkeep\n|\n|t:|1776587804\n|switch|p2a: Basculegion|Basculegion, L50, M|100/100\n|turn|4\n|\n|t:|1776587816\n|detailschange|p1b: Venusaur|Venusaur-Mega, L50, F\n|-mega|p1b: Venusaur|Venusaur|Venusaurite\n|move|p2b: Kingambit|Sucker Punch|p1a: Torkoal\n|-damage|p1a: Torkoal|52/100\n|move|p2a: Basculegion|Aqua Jet|p1a: Torkoal\n|-supereffective|p1a: Torkoal|1\n|-damage|p1a: Torkoal|31/100\n|move|p1a: Torkoal|Eruption|p2a: Basculegion|[spread] p2a,p2b\n|-resisted|p2a: Basculegion|1\n|-supereffective|p2b: Kingambit|1\n|-damage|p2a: Basculegion|88/100\n|-damage|p2b: Kingambit|0 fnt\n|faint|p2b: Kingambit\n|move|p1b: Venusaur|Giga Drain|p2a: Basculegion\n|-supereffective|p2a: Basculegion|1\n|-crit|p2a: Basculegion\n|-damage|p2a: Basculegion|0 fnt\n|faint|p2a: Basculegion\n|\n|-weather|SunnyDay|[upkeep]\n|upkeep\n|\n|t:|1776587822\n|switch|p2a: Garchomp|Garchomp, L50, F|100/100\n|turn|5\n|\n|t:|1776587830\n|move|p2a: Garchomp|Protect|p2a: Garchomp\n|-singleturn|p2a: Garchomp|Protect\n|move|p1a: Torkoal|Weather Ball|p2a: Garchomp\n|-activate|p2a: Garchomp|move: Protect\n|move|p1b: Venusaur|Leech Seed|p2a: Garchomp\n|-activate|p2a: Garchomp|move: Protect\n|\n|-weather|SunnyDay|[upkeep]\n|-fieldend|move: Trick Room\n|upkeep\n|turn|6\n|\n|t:|1776587839\n|move|p1a: Torkoal|Protect|p1a: Torkoal\n|-singleturn|p1a: Torkoal|Protect\n|move|p2a: Garchomp|Earthquake|p1a: Torkoal|[spread] p1b\n|-activate|p1a: Torkoal|move: Protect\n|-damage|p1b: Venusaur|72/100\n|move|p1b: Venusaur|Leech Seed|p2a: Garchomp\n|-start|p2a: Garchomp|move: Leech Seed\n|\n|-weather|SunnyDay|[upkeep]\n|-damage|p2a: Garchomp|88/100|[from] Leech Seed|[of] p1b: Venusaur\n|-heal|p1b: Venusaur|86/100|[silent]\n|upkeep\n|turn|7\n|\n|t:|1776587851\n|move|p1b: Venusaur|Protect|p1b: Venusaur\n|-singleturn|p1b: Venusaur|Protect\n|move|p2a: Garchomp|Earthquake|p1a: Torkoal|[spread] p1a\n|-activate|p1b: Venusaur|move: Protect\n|-supereffective|p1a: Torkoal|1\n|-damage|p1a: Torkoal|0 fnt\n|faint|p1a: Torkoal\n|\n|-weather|none\n|-damage|p2a: Garchomp|76/100|[from] Leech Seed|[of] p1b: Venusaur\n|-heal|p1b: Venusaur|99/100|[silent]\n|upkeep\n|turn|8\n|\n|t:|1776587855\n|move|p2a: Garchomp|Dragon Claw|p1b: Venusaur\n|-crit|p1b: Venusaur\n|-damage|p1b: Venusaur|59/100\n|move|p1b: Venusaur|Toxic|p2a: Garchomp\n|-status|p2a: Garchomp|tox\n|\n|-damage|p2a: Garchomp|64/100 tox|[from] Leech Seed|[of] p1b: Venusaur\n|-heal|p1b: Venusaur|73/100|[silent]\n|-damage|p2a: Garchomp|58/100 tox|[from] psn\n|upkeep\n|turn|9\n|\n|t:|1776587859\n|move|p1b: Venusaur|Protect|p1b: Venusaur\n|-singleturn|p1b: Venusaur|Protect\n|move|p2a: Garchomp|Dragon Claw|p1b: Venusaur\n|-activate|p1b: Venusaur|move: Protect\n|\n|-damage|p2a: Garchomp|46/100 tox|[from] Leech Seed|[of] p1b: Venusaur\n|-heal|p1b: Venusaur|87/100|[silent]\n|-damage|p2a: Garchomp|34/100 tox|[from] psn\n|upkeep\n|turn|10\n|\n|t:|1776587864\n|move|p2a: Garchomp|Dragon Claw|p1b: Venusaur\n|-damage|p1b: Venusaur|59/100\n|move|p1b: Venusaur|Giga Drain|p2a: Garchomp\n|-damage|p2a: Garchomp|6/100 tox\n|-heal|p1b: Venusaur|75/100|[from] drain|[of] p2a: Garchomp\n|\n|-damage|p2a: Garchomp|0 fnt|[from] Leech Seed|[of] p1b: Venusaur\n|-heal|p1b: Venusaur|82/100|[silent]\n|faint|p2a: Garchomp\n|\n|win|EXSA\n|raw|EXSA's rating: 1160 &rarr; <strong>1189</strong><br />(+29 for winning)\n|raw|sahil ansari's rating: 1218 &rarr; <strong>1189</strong><br />(-29 for losing)\n",
  "uploadtime": 1776587867,
  "views": 7,
  "formatid": "gen9championsvgc2026regma",
  "rating": 1189,
  "private": 0,
  "password": null
}