{
  "id": "gen9championsvgc2026regma-2585552634",
  "format": "[Gen 9 Champions] VGC 2026 Reg M-A",
  "players": [
    "CLA76",
    "Elite Four Gerald"
  ],
  "log": "|j|\u2606CLA76\n|j|\u2606Elite Four Gerald\n|t:|1776355062\n|gametype|doubles\n|player|p1|CLA76|1|1082\n|player|p2|Elite Four Gerald|101|1114\n|gen|9\n|tier|[Gen 9 Champions] VGC 2026 Reg M-A\n|rated|\n|rule|Species Clause: Limit one of each Pok\u00e9mon\n|rule|Item Clause: Limit 1 of each item\n|clearpoke\n|poke|p1|Floette-Eternal, L50, F|\n|poke|p1|Dragapult, L50, M|\n|poke|p1|Rotom-Wash, L50|\n|poke|p1|Arcanine-Hisui, L50, M|\n|poke|p1|Sneasler, L50, F|\n|poke|p1|Kingambit, L50, M|\n|poke|p2|Clefable, L50, M|\n|poke|p2|Sneasler, L50, F|\n|poke|p2|Corviknight, L50, M|\n|poke|p2|Tyranitar, L50, M|\n|poke|p2|Garchomp, L50, M|\n|poke|p2|Araquanid, L50, F|\n|teampreview|4\n|inactive|Battle timer is ON: inactive players will automatically lose when time's up. (requested by Elite Four Gerald)\n|\n|t:|1776355150\n|teamsize|p1|4\n|teamsize|p2|4\n|start\n|switch|p1a: Dragapult|Dragapult, L50, M|100/100\n|switch|p1b: Arcanine|Arcanine-Hisui, L50, M|100/100\n|switch|p2a: Sneasler|Sneasler, L50, F|100/100\n|switch|p2b: Corviknight|Corviknight, L50, M|100/100\n|turn|1\n|\n|t:|1776355164\n|move|p2a: Sneasler|Fake Out|p1b: Arcanine\n|-resisted|p1b: Arcanine|1\n|-crit|p1b: Arcanine\n|-damage|p1b: Arcanine|85/100\n|move|p1a: Dragapult|Thunder Wave|p2a: Sneasler\n|-status|p2a: Sneasler|par\n|cant|p1b: Arcanine|flinch\n|move|p2b: Corviknight|Tailwind|p2b: Corviknight\n|-sidestart|p2: Elite Four Gerald|move: Tailwind\n|\n|upkeep\n|turn|2\n|inactive|CLA76 has 30 seconds left.\n|inactive|CLA76 has 20 seconds left.\n|inactive|CLA76 has 15 seconds left.\n|\n|t:|1776355206\n|switch|p2a: Tyranitar|Tyranitar, L50, M|100/100\n|-weather|Sandstorm|[from] ability: Sand Stream|[of] p2a: Tyranitar\n|move|p1a: Dragapult|Dragon Pulse|p2b: Corviknight\n|-resisted|p2b: Corviknight|1\n|-damage|p2b: Corviknight|83/100\n|move|p1b: Arcanine|Flare Blitz|p2b: Corviknight\n|-supereffective|p2b: Corviknight|1\n|-damage|p2b: Corviknight|0 fnt\n|faint|p2b: Corviknight\n|\n|-weather|Sandstorm|[upkeep]\n|-damage|p1a: Dragapult|94/100|[from] Sandstorm\n|upkeep\n|\n|t:|1776355227\n|switch|p2b: Garchomp|Garchomp, L50, M|100/100\n|turn|3\n|\n|t:|1776355250\n|detailschange|p2b: Garchomp|Garchomp-Mega, L50, M\n|-mega|p2b: Garchomp|Garchomp|Garchompite\n|move|p2a: Tyranitar|Protect|p2a: Tyranitar\n|-singleturn|p2a: Tyranitar|Protect\n|move|p2b: Garchomp|Earthquake|p1a: Dragapult|[spread] p1a,p1b\n|-activate|p2a: Tyranitar|move: Protect\n|-crit|p1a: Dragapult\n|-supereffective|p1b: Arcanine|2\n|-damage|p1a: Dragapult|0 fnt\n|-damage|p1b: Arcanine|0 fnt\n|-start|p2b: Garchomp|Disable|Earthquake|[from] ability: Cursed Body|[of] p1a: Dragapult\n|faint|p1a: Dragapult\n|faint|p1b: Arcanine\n|\n|-weather|Sandstorm|[upkeep]\n|upkeep\n|\n|t:|1776355258\n|switch|p1a: Floette|Floette-Eternal, L50, F|100/100\n|switch|p1b: Sneasler|Sneasler, L50, F|100/100\n|turn|4\n|inactive|CLA76 has 30 seconds left.\n|inactive|Elite Four Gerald has 30 seconds left.\n|inactive|Elite Four Gerald has 20 seconds left.\n|inactive|Elite Four Gerald has 15 seconds left.\n|\n|t:|1776355301\n|detailschange|p1a: Floette|Floette-Mega, L50, F\n|-mega|p1a: Floette|Floette|Floettite\n|-ability|p1a: Floette|Fairy Aura\n|move|p2b: Garchomp|Dragon Claw|p1b: Sneasler\n|-damage|p1b: Sneasler|8/100\n|move|p1b: Sneasler|Close Combat|p2a: Tyranitar\n|-supereffective|p2a: Tyranitar|2\n|-damage|p2a: Tyranitar|0 fnt\n|-unboost|p1b: Sneasler|def|1\n|-unboost|p1b: Sneasler|spd|1\n|faint|p2a: Tyranitar\n|-enditem|p1b: Sneasler|White Herb\n|-clearnegativeboost|p1b: Sneasler|[silent]\n|move|p1a: Floette|Dazzling Gleam|p2b: Garchomp\n|-supereffective|p2b: Garchomp|1\n|-damage|p2b: Garchomp|0 fnt\n|faint|p2b: Garchomp\n|\n|-weather|Sandstorm|[upkeep]\n|-damage|p1b: Sneasler|2/100|[from] Sandstorm\n|-damage|p1a: Floette|94/100|[from] Sandstorm\n|-sideend|p2: Elite Four Gerald|move: Tailwind\n|upkeep\n|\n|t:|1776355310\n|switch|p2b: Sneasler|Sneasler, L50, F|100/100 par\n|turn|5\n|\n|t:|1776355324\n|move|p1b: Sneasler|Protect|p1b: Sneasler\n|-singleturn|p1b: Sneasler|Protect\n|move|p1a: Floette|Moonblast|p2b: Sneasler\n|-damage|p2b: Sneasler|2/100 par\n|move|p2b: Sneasler|Dire Claw|p1a: Floette\n|-supereffective|p1a: Floette|1\n|-damage|p1a: Floette|0 fnt\n|faint|p1a: Floette\n|\n|-weather|Sandstorm|[upkeep]\n|-damage|p1b: Sneasler|0 fnt|[from] Sandstorm\n|-damage|p2b: Sneasler|0 fnt|[from] Sandstorm\n|faint|p1b: Sneasler\n|faint|p2b: Sneasler\n|\n|win|Elite Four Gerald\n|raw|CLA76's rating: 1082 &rarr; <strong>1062</strong><br />(-20 for losing)\n|raw|Elite Four Gerald's rating: 1114 &rarr; <strong>1137</strong><br />(+23 for winning)\n|l|\u2606Elite Four Gerald\n|player|p2|\n|c|\u2606CLA76|WTF\n|c|\u2606CLA76|no wait\n",
  "uploadtime": 1776355348,
  "views": 25,
  "formatid": "gen9championsvgc2026regma",
  "rating": 1062,
  "private": 0,
  "password": null
}