{
  "id": "gen9championsvgc2026regma-2584799990",
  "format": "[Gen 9 Champions] VGC 2026 Reg M-A",
  "players": [
    "amarillaria",
    "ibenja2"
  ],
  "log": "|j|\u2606amarillaria\n|j|\u2606ibenja2\n|t:|1776284567\n|gametype|doubles\n|player|p1|amarillaria|unknown|1152\n|player|p2|ibenja2|nate|1120\n|gen|9\n|tier|[Gen 9 Champions] VGC 2026 Reg M-A\n|rated|\n|rule|Species Clause: Limit one of each Pok\u00e9mon\n|rule|Item Clause: Limit 1 of each item\n|clearpoke\n|poke|p1|Tyranitar, L50, M|\n|poke|p1|Aerodactyl, L50, M|\n|poke|p1|Garchomp, L50, F|\n|poke|p1|Glimmora, L50, F|\n|poke|p1|Incineroar, L50, F|\n|poke|p1|Basculegion, L50, M|\n|poke|p2|Tyranitar, L50, M|\n|poke|p2|Incineroar, L50, F|\n|poke|p2|Aerodactyl, L50, M|\n|poke|p2|Sinistcha, L50|\n|poke|p2|Sneasler, L50, F|\n|poke|p2|Rotom-Wash, L50|\n|teampreview|4\n|inactive|Battle timer is ON: inactive players will automatically lose when time's up. (requested by amarillaria)\n|\n|t:|1776284673\n|teamsize|p1|4\n|teamsize|p2|4\n|start\n|switch|p1a: Incineroar|Incineroar, L50, F|100/100\n|switch|p1b: Basculegion|Basculegion, L50, M|100/100\n|switch|p2a: Sneasler|Sneasler, L50, F|100/100\n|switch|p2b: Rotom|Rotom-Wash, L50|100/100\n|-ability|p1a: Incineroar|Intimidate|boost\n|-unboost|p2a: Sneasler|atk|1\n|-unboost|p2b: Rotom|atk|1\n|-enditem|p2a: Sneasler|White Herb\n|-clearnegativeboost|p2a: Sneasler|[silent]\n|turn|1\n|inactive|amarillaria has 30 seconds left.\n|inactive|ibenja2 has 30 seconds left.\n|inactive|amarillaria has 20 seconds left.\n|\n|t:|1776284711\n|move|p2a: Sneasler|Protect|p2a: Sneasler\n|-singleturn|p2a: Sneasler|Protect\n|move|p1a: Incineroar|Fake Out|p2b: Rotom\n|-damage|p2b: Rotom|89/100\n|move|p1b: Basculegion|Flip Turn|p2a: Sneasler\n|-activate|p2a: Sneasler|move: Protect\n|cant|p2b: Rotom|flinch\n|\n|upkeep\n|turn|2\n|inactive|amarillaria has 30 seconds left.\n|inactive|ibenja2 has 30 seconds left.\n|inactive|ibenja2 has 20 seconds left.\n|inactive|ibenja2 has 15 seconds left.\n|inactive|ibenja2 has 10 seconds left.\n|\n|t:|1776284758\n|move|p2a: Sneasler|Dire Claw|p1b: Basculegion\n|-resisted|p1b: Basculegion|1\n|-damage|p1b: Basculegion|73/100\n|move|p1b: Basculegion|Flip Turn|p2a: Sneasler\n|-damage|p2a: Sneasler|32/100\n|\n|t:|1776284765\n|switch|p1b: Glimmora|Glimmora, L50, F|100/100|[from] Flip Turn\n|move|p2b: Rotom|Hydro Pump|p1a: Incineroar\n|-supereffective|p1a: Incineroar|1\n|-damage|p1a: Incineroar|20/100\n|move|p1a: Incineroar|Parting Shot|p2b: Rotom\n|-unboost|p2b: Rotom|atk|1\n|-unboost|p2b: Rotom|spa|1\n|\n|t:|1776284774\n|switch|p1a: Aerodactyl|Aerodactyl, L50, M|100/100|[from] Parting Shot\n|-ability|p1a: Aerodactyl|Unnerve\n|\n|upkeep\n|turn|3\n|inactive|ibenja2 has 30 seconds left.\n|inactive|ibenja2 has 20 seconds left.\n|\n|t:|1776284813\n|detailschange|p1b: Glimmora|Glimmora-Mega, L50, F\n|-mega|p1b: Glimmora|Glimmora|Glimmoranite\n|move|p2a: Sneasler|Close Combat|p1b: Glimmora\n|-damage|p1b: Glimmora|37/100\n|-unboost|p2a: Sneasler|def|1\n|-unboost|p2a: Sneasler|spd|1\n|move|p1a: Aerodactyl|Tailwind|p1a: Aerodactyl\n|-sidestart|p1: amarillaria|move: Tailwind\n|move|p1b: Glimmora|Sludge Bomb|p2b: Rotom\n|-damage|p2b: Rotom|20/100\n|-status|p2b: Rotom|psn\n|move|p2b: Rotom|Hydro Pump|p1b: Glimmora\n|-supereffective|p1b: Glimmora|1\n|-damage|p1b: Glimmora|0 fnt\n|faint|p1b: Glimmora\n|\n|-damage|p2b: Rotom|8/100 psn|[from] psn\n|upkeep\n|\n|t:|1776284829\n|switch|p1b: Basculegion|Basculegion, L50, M|73/100\n|turn|4\n|\n|t:|1776284842\n|move|p2a: Sneasler|Protect|p2a: Sneasler\n|-singleturn|p2a: Sneasler|Protect\n|move|p1a: Aerodactyl|Rock Slide|p2b: Rotom|[spread] \n|-activate|p2a: Sneasler|move: Protect\n|-miss|p1a: Aerodactyl|p2b: Rotom\n|move|p1b: Basculegion|Flip Turn|p2a: Sneasler\n|-activate|p2a: Sneasler|move: Protect\n|move|p2b: Rotom|Hydro Pump|p1a: Aerodactyl\n|-supereffective|p1a: Aerodactyl|1\n|-damage|p1a: Aerodactyl|8/100\n|\n|-damage|p2b: Rotom|0 fnt|[from] psn\n|faint|p2b: Rotom\n|upkeep\n|\n|t:|1776284862\n|switch|p2b: Tyranitar|Tyranitar, L50, M|100/100\n|-weather|Sandstorm|[from] ability: Sand Stream|[of] p2b: Tyranitar\n|turn|5\n|inactive|ibenja2 has 30 seconds left.\n|\n|t:|1776284890\n|switch|p2a: Incineroar|Incineroar, L50, F|100/100\n|-ability|p2a: Incineroar|Intimidate|boost\n|-unboost|p1a: Aerodactyl|atk|1\n|-unboost|p1b: Basculegion|atk|1\n|move|p1a: Aerodactyl|Dual Wingbeat|p2a: Incineroar\n|-damage|p2a: Incineroar|90/100\n|-damage|p2a: Incineroar|78/100\n|-hitcount|p2a: Incineroar|2\n|move|p1b: Basculegion|Flip Turn|p2b: Tyranitar\n|-supereffective|p2b: Tyranitar|1\n|-damage|p2b: Tyranitar|47/100\n|\n|t:|1776284901\n|switch|p1b: Incineroar|Incineroar, L50, F|20/100|[from] Flip Turn\n|-ability|p1b: Incineroar|Intimidate|boost\n|-unboost|p2a: Incineroar|atk|1\n|-unboost|p2b: Tyranitar|atk|1\n|move|p2b: Tyranitar|Rock Slide|p1b: Incineroar|[spread] p1b\n|-miss|p2b: Tyranitar|p1a: Aerodactyl\n|-supereffective|p1b: Incineroar|1\n|-damage|p1b: Incineroar|0 fnt\n|faint|p1b: Incineroar\n|\n|-weather|Sandstorm|[upkeep]\n|-damage|p2a: Incineroar|72/100|[from] Sandstorm\n|upkeep\n|\n|t:|1776284908\n|switch|p1b: Basculegion|Basculegion, L50, M|73/100\n|turn|6\n|inactive|amarillaria has 30 seconds left.\n|inactive|ibenja2 has 30 seconds left.\n|\n|t:|1776284940\n|move|p1a: Aerodactyl|Protect|p1a: Aerodactyl\n|-singleturn|p1a: Aerodactyl|Protect\n|move|p2b: Tyranitar|Protect|p2b: Tyranitar\n|-singleturn|p2b: Tyranitar|Protect\n|move|p1b: Basculegion|Liquidation|p2a: Incineroar\n|-supereffective|p2a: Incineroar|1\n|-damage|p2a: Incineroar|0 fnt\n|faint|p2a: Incineroar\n|\n|-weather|Sandstorm|[upkeep]\n|-damage|p1b: Basculegion|67/100|[from] Sandstorm\n|-sideend|p1: amarillaria|move: Tailwind\n|upkeep\n|\n|t:|1776284951\n|switch|p2a: Sneasler|Sneasler, L50, F|32/100\n|turn|7\n|inactive|ibenja2 has 30 seconds left.\n|\n|t:|1776284978\n|move|p2a: Sneasler|Fake Out|p1a: Aerodactyl\n|-resisted|p1a: Aerodactyl|1\n|-damage|p1a: Aerodactyl|0 fnt\n|faint|p1a: Aerodactyl\n|move|p1b: Basculegion|Liquidation|p2b: Tyranitar\n|-supereffective|p2b: Tyranitar|1\n|-crit|p2b: Tyranitar\n|-damage|p2b: Tyranitar|0 fnt\n|faint|p2b: Tyranitar\n|\n|-weather|Sandstorm|[upkeep]\n|-damage|p1b: Basculegion|61/100|[from] Sandstorm\n|-damage|p2a: Sneasler|26/100|[from] Sandstorm\n|upkeep\n|turn|8\n|\n|t:|1776284990\n|move|p1b: Basculegion|Liquidation|p2a: Sneasler\n|-damage|p2a: Sneasler|0 fnt\n|faint|p2a: Sneasler\n|\n|win|amarillaria\n|raw|amarillaria's rating: 1152 &rarr; <strong>1175</strong><br />(+23 for winning)\n|raw|ibenja2's rating: 1120 &rarr; <strong>1097</strong><br />(-23 for losing)\n",
  "uploadtime": 1776284996,
  "views": 18,
  "formatid": "gen9championsvgc2026regma",
  "rating": 1097,
  "private": 0,
  "password": null
}