{
  "id": "gen9championsvgc2026regma-2581459662",
  "format": "[Gen 9 Champions] VGC 2026 Reg M-A",
  "players": [
    "mezooki",
    "vinvgc"
  ],
  "log": "|j|\u2606mezooki\n|j|\u2606vinvgc\n|t:|1776002514\n|gametype|doubles\n|player|p1|mezooki|lady|\n|player|p2|vinvgc|hugh|\n|gen|9\n|tier|[Gen 9 Champions] VGC 2026 Reg M-A\n|rule|Species Clause: Limit one of each Pok\u00e9mon\n|rule|Item Clause: Limit 1 of each item\n|clearpoke\n|poke|p1|Gardevoir, L50, F|\n|poke|p1|Klefki, L50, F|\n|poke|p1|Dragonite, L50, M|\n|poke|p1|Incineroar, L50, F|\n|poke|p1|Dragapult, L50, M|\n|poke|p1|Hydreigon, L50, F|\n|poke|p2|Trevenant, L50, M|\n|poke|p2|Corviknight, L50, F|\n|poke|p2|Volcarona, L50, F|\n|poke|p2|Excadrill, L50, M|\n|poke|p2|Gardevoir, L50, F|\n|poke|p2|Slowbro, L50, M|\n|teampreview|4\n|inactive|Battle timer is ON: inactive players will automatically lose when time's up. (requested by mezooki)\n|inactive|vinvgc also wants the timer to be on.\nvinvgc rejected open team sheets.\n|inactive|mezooki has 60 seconds left.\n|inactive|vinvgc has 60 seconds left.\n|inactive|vinvgc has 30 seconds left.\n|\n|t:|1776002581\n|teamsize|p1|4\n|teamsize|p2|4\n|start\n|switch|p1a: Hydreigon|Hydreigon, L50, F|100/100\n|switch|p1b: Dragapult|Dragapult, L50, M|100/100\n|switch|p2a: Slowbro|Slowbro, L50, M|100/100\n|switch|p2b: Corviknight|Corviknight, L50, F|100/100\n|turn|1\n|\n|t:|1776002606\n|move|p1a: Hydreigon|Draco Meteor|p2a: Slowbro\n|-damage|p2a: Slowbro|17/100\n|-unboost|p1a: Hydreigon|spa|2\n|move|p1b: Dragapult|Bite|p2a: Slowbro\n|-supereffective|p2a: Slowbro|1\n|-damage|p2a: Slowbro|0 fnt\n|faint|p2a: Slowbro\n|move|p2b: Corviknight|Iron Defense|p2b: Corviknight\n|-boost|p2b: Corviknight|def|2\n|\n|upkeep\n|\n|t:|1776002618\n|switch|p2a: Gardevoir|Gardevoir, L50, F|100/100\n|-ability|p2a: Gardevoir|Infiltrator|Trace|[from] ability: Trace|[of] p1b: Dragapult\n|turn|2\n|j| Shulkmania\n|j| Faker Pants\n|inactive|vinvgc has 30 seconds left.\n|\n|t:|1776002651\n|switch|p1a: Dragonite|Dragonite, L50, M|100/100\n|detailschange|p2a: Gardevoir|Gardevoir-Mega, L50, F\n|-mega|p2a: Gardevoir|Gardevoir|Gardevoirite\n|move|p2a: Gardevoir|Dazzling Gleam|p1a: Dragonite|[spread] p1a,p1b\n|-supereffective|p1a: Dragonite|1\n|-supereffective|p1b: Dragapult|1\n|-damage|p1a: Dragonite|24/100\n|-damage|p1b: Dragapult|20/100\n|move|p1b: Dragapult|Phantom Force||[still]\n|-prepare|p1b: Dragapult|Phantom Force\n|move|p2b: Corviknight|Iron Head|p1b: Dragapult|[miss]\n|-miss|p2b: Corviknight|p1b: Dragapult\n|\n|upkeep\n|turn|3\n|\n|t:|1776002668\n|switch|p2a: Volcarona|Volcarona, L50, F|100/100\n|move|p1a: Dragonite|Extreme Speed|p2a: Volcarona\n|-damage|p2a: Volcarona|46/100\n|move|p1b: Dragapult|Phantom Force|p2a: Volcarona|[from] lockedmove\n|-damage|p2a: Volcarona|0 fnt\n|faint|p2a: Volcarona\n|move|p2b: Corviknight|Iron Head|p1b: Dragapult\n|-damage|p1b: Dragapult|0 fnt\n|faint|p1b: Dragapult\n|\n|upkeep\n|\n|t:|1776002681\n|switch|p1b: Hydreigon|Hydreigon, L50, F|100/100\n|switch|p2a: Gardevoir|Gardevoir-Mega, L50, F|100/100\n|turn|4\n|\n|t:|1776002687\n|move|p2a: Gardevoir|Protect|p2a: Gardevoir\n|-singleturn|p2a: Gardevoir|Protect\n|move|p1a: Dragonite|Extreme Speed|p2a: Gardevoir\n|-activate|p2a: Gardevoir|move: Protect\n|move|p1b: Hydreigon|Flash Cannon|p2a: Gardevoir\n|-activate|p2a: Gardevoir|move: Protect\n|move|p2b: Corviknight|Body Press|p1b: Hydreigon\n|-supereffective|p1b: Hydreigon|1\n|-damage|p1b: Hydreigon|0 fnt\n|faint|p1b: Hydreigon\n|\n|upkeep\n|\n|t:|1776002690\n|switch|p1b: Gardevoir|Gardevoir, L50, F|100/100\n|-ability|p1b: Gardevoir|Pixilate|Trace|[from] ability: Trace|[of] p2a: Gardevoir\n|turn|5\n|inactive|vinvgc has 30 seconds left.\n|\n|t:|1776002720\n|detailschange|p1b: Gardevoir|Gardevoir-Mega, L50, F\n|-mega|p1b: Gardevoir|Gardevoir|Gardevoirite\n|move|p1a: Dragonite|Extreme Speed|p2a: Gardevoir\n|-damage|p2a: Gardevoir|46/100\n|move|p1b: Gardevoir|Psyshock|p2a: Gardevoir\n|-resisted|p2a: Gardevoir|1\n|-damage|p2a: Gardevoir|9/100\n|move|p2a: Gardevoir|Dazzling Gleam|p1a: Dragonite|[spread] p1a,p1b\n|-supereffective|p1a: Dragonite|1\n|-damage|p1a: Dragonite|0 fnt\n|-damage|p1b: Gardevoir|65/100\n|faint|p1a: Dragonite\n|move|p2b: Corviknight|Iron Head|p1b: Gardevoir\n|-supereffective|p1b: Gardevoir|1\n|-damage|p1b: Gardevoir|0 fnt\n|faint|p1b: Gardevoir\n|\n|win|vinvgc\n|l|\u2606mezooki\n|player|p1|\n",
  "uploadtime": 1776002800,
  "views": 15,
  "formatid": "gen9championsvgc2026regma",
  "rating": null,
  "private": 0,
  "password": null
}