{
  "id": "gen9championsvgc2026regma-2581214484",
  "format": "[Gen 9 Champions] VGC 2026 Reg M-A",
  "players": [
    "alvin776",
    "sonic1"
  ],
  "log": "|j|\u2606alvin776\n|j|\u2606sonic1\n|t:|1775971686\n|gametype|doubles\n|player|p1|alvin776|2|1362\n|player|p2|sonic1|169|1380\n|gen|9\n|tier|[Gen 9 Champions] VGC 2026 Reg M-A\n|rated|\n|rule|Species Clause: Limit one of each Pok\u00e9mon\n|rule|Item Clause: Limit 1 of each item\n|clearpoke\n|poke|p1|Farigiraf, L50, F|\n|poke|p1|Lopunny, L50, F|\n|poke|p1|Rotom-Wash, L50|\n|poke|p1|Garchomp, L50, M|\n|poke|p1|Arcanine, L50, F|\n|poke|p1|Gengar, L50, F|\n|poke|p2|Whimsicott, L50, M|\n|poke|p2|Charizard, L50, F|\n|poke|p2|Sneasler, L50, F|\n|poke|p2|Garchomp, L50, F|\n|poke|p2|Kingambit, L50, M|\n|poke|p2|Farigiraf, L50, M|\n|teampreview|4\n|inactive|Battle timer is ON: inactive players will automatically lose when time's up. (requested by sonic1)\n|inactive|alvin776 has 60 seconds left.\n|inactive|sonic1 has 60 seconds left.\n|\n|t:|1775971734\n|teamsize|p1|4\n|teamsize|p2|4\n|start\n|switch|p1a: Gengar|Gengar, L50, F|100/100\n|switch|p1b: Garchomp|Garchomp, L50, M|100/100\n|switch|p2a: Kingambit|Kingambit, L50, M|100/100\n|switch|p2b: Sneasler|Sneasler, L50, F|100/100\n|turn|1\n|inactive|alvin776 has 30 seconds left.\n|\n|t:|1775971762\n|switch|p1a: Rotom|Rotom-Wash, L50|100/100\n|switch|p2b: Whimsicott|Whimsicott, L50, M|100/100\n|switch|p2a: Charizard|Charizard, L50, F|100/100\n|move|p1b: Garchomp|Earthquake|p2a: Charizard|[spread] p2b\n|-immune|p1a: Rotom|[from] ability: Levitate\n|-immune|p2a: Charizard\n|-resisted|p2b: Whimsicott|1\n|-damage|p2b: Whimsicott|69/100\n|\n|upkeep\n|turn|2\n|j| Glaceon0404\n|\n|t:|1775971784\n|detailschange|p2a: Charizard|Charizard-Mega-Y, L50, F\n|-mega|p2a: Charizard|Charizard|Charizardite Y\n|-weather|SunnyDay|[from] ability: Drought|[of] p2a: Charizard\n|move|p1b: Garchomp|Protect|p1b: Garchomp\n|-singleturn|p1b: Garchomp|Protect\n|move|p2b: Whimsicott|Encore|p1b: Garchomp\n|-activate|p1b: Garchomp|move: Protect\n|move|p2a: Charizard|Solar Beam||[still]\n|-prepare|p2a: Charizard|Solar Beam\n|-anim|p2a: Charizard|Solar Beam|p1a: Rotom\n|-supereffective|p1a: Rotom|1\n|-damage|p1a: Rotom|0 fnt\n|faint|p1a: Rotom\n|\n|-weather|SunnyDay|[upkeep]\n|upkeep\n|\n|t:|1775971801\n|switch|p1a: Arcanine|Arcanine, L50, F|100/100\n|-ability|p1a: Arcanine|Intimidate|boost\n|-unboost|p2a: Charizard|atk|1\n|-unboost|p2b: Whimsicott|atk|1\n|turn|3\n|\n|t:|1775971819\n|switch|p2a: Sneasler|Sneasler, L50, F|100/100\n|move|p2b: Whimsicott|Encore|p1b: Garchomp\n|-start|p1b: Garchomp|Encore\n|move|p1b: Garchomp|Protect||[still]\n|-fail|p1b: Garchomp\n|move|p1a: Arcanine|Heat Wave|p2b: Whimsicott|[spread] p2a,p2b\n|-supereffective|p2b: Whimsicott|1\n|-damage|p2a: Sneasler|50/100\n|-damage|p2b: Whimsicott|0 fnt\n|-status|p2a: Sneasler|brn\n|faint|p2b: Whimsicott\n|\n|-weather|SunnyDay|[upkeep]\n|-damage|p2a: Sneasler|44/100 brn|[from] brn\n|upkeep\n|\n|t:|1775971832\n|switch|p2b: Charizard|Charizard-Mega-Y, L50, F|100/100\n|turn|4\n|\n|t:|1775971842\n|move|p1b: Garchomp|Protect|p1b: Garchomp\n|-singleturn|p1b: Garchomp|Protect\n|move|p2a: Sneasler|Fake Out|p1a: Arcanine\n|-damage|p1a: Arcanine|93/100\n|move|p2b: Charizard|Heat Wave|p1a: Arcanine|[spread] p1a\n|-activate|p1b: Garchomp|move: Protect\n|-resisted|p1a: Arcanine|1\n|-damage|p1a: Arcanine|66/100\n|cant|p1a: Arcanine|flinch\n|\n|-weather|SunnyDay|[upkeep]\n|-damage|p2a: Sneasler|39/100 brn|[from] brn\n|upkeep\n|turn|5\n|\n|t:|1775971864\n|move|p1b: Garchomp|Protect|p1b: Garchomp\n|-singleturn|p1b: Garchomp|Protect\n|move|p2a: Sneasler|Close Combat|p1b: Garchomp\n|-activate|p1b: Garchomp|move: Protect\n|move|p2b: Charizard|Solar Beam||[still]\n|-prepare|p2b: Charizard|Solar Beam\n|-anim|p2b: Charizard|Solar Beam|p1b: Garchomp\n|-activate|p1b: Garchomp|move: Protect\n|move|p1a: Arcanine|Snarl|p2b: Charizard|[spread] p2a,p2b\n|-resisted|p2a: Sneasler|1\n|-damage|p2a: Sneasler|32/100 brn\n|-damage|p2b: Charizard|91/100\n|-unboost|p2a: Sneasler|spa|1\n|-unboost|p2b: Charizard|spa|1\n|-enditem|p2a: Sneasler|White Herb\n|-clearnegativeboost|p2a: Sneasler|[silent]\n|\n|-weather|SunnyDay|[upkeep]\n|-damage|p2a: Sneasler|26/100 brn|[from] brn\n|-end|p1b: Garchomp|Encore\n|upkeep\n|turn|6\n|inactive|alvin776 has 30 seconds left.\n|\n|t:|1775971896\n|move|p2a: Sneasler|Dire Claw|p1b: Garchomp\n|-resisted|p1b: Garchomp|1\n|-damage|p1b: Garchomp|88/100\n|-status|p1b: Garchomp|slp\n|-damage|p2a: Sneasler|14/100 brn|[from] ability: Rough Skin|[of] p1b: Garchomp\n|cant|p1b: Garchomp|slp\n|move|p2b: Charizard|Solar Beam||[still]\n|-prepare|p2b: Charizard|Solar Beam\n|-anim|p2b: Charizard|Solar Beam|p1b: Garchomp\n|-damage|p1b: Garchomp|54/100 slp\n|move|p1a: Arcanine|Snarl|p2a: Sneasler|[spread] p2a,p2b\n|-resisted|p2a: Sneasler|1\n|-damage|p2a: Sneasler|8/100 brn\n|-damage|p2b: Charizard|83/100\n|-unboost|p2a: Sneasler|spa|1\n|-unboost|p2b: Charizard|spa|1\n|\n|-weather|none\n|-damage|p2a: Sneasler|2/100 brn|[from] brn\n|upkeep\n|turn|7\n|inactive|alvin776 has 30 seconds left.\n|inactive|sonic1 has 30 seconds left.\n|\n|t:|1775971930\n|switch|p2b: Kingambit|Kingambit, L50, M|100/100\n|move|p1a: Arcanine|Protect|p1a: Arcanine\n|-singleturn|p1a: Arcanine|Protect\n|move|p2a: Sneasler|Close Combat|p1b: Garchomp\n|-damage|p1b: Garchomp|20/100 slp\n|-unboost|p2a: Sneasler|def|1\n|-unboost|p2a: Sneasler|spd|1\n|-damage|p2a: Sneasler|0 fnt|[from] ability: Rough Skin|[of] p1b: Garchomp\n|faint|p2a: Sneasler\n|-curestatus|p1b: Garchomp|slp|[msg]\n|move|p1b: Garchomp|Rock Slide|p2b: Kingambit\n|-resisted|p2b: Kingambit|1\n|-damage|p2b: Kingambit|91/100\n|\n|upkeep\n|\n|t:|1775971937\n|switch|p2a: Charizard|Charizard-Mega-Y, L50, F|83/100\n|-weather|SunnyDay|[from] ability: Drought|[of] p2a: Charizard\n|turn|8\n|\n|t:|1775971953\n|switch|p1b: Gengar|Gengar, L50, F|100/100\n|move|p2a: Charizard|Protect|p2a: Charizard\n|-singleturn|p2a: Charizard|Protect\n|move|p2b: Kingambit|Sucker Punch||[still]\n|-fail|p2b: Kingambit\n|move|p1a: Arcanine|Snarl|p2b: Kingambit|[spread] p2b\n|-activate|p2a: Charizard|move: Protect\n|-resisted|p2b: Kingambit|1\n|-damage|p2b: Kingambit|86/100\n|-unboost|p2b: Kingambit|spa|1\n|-ability|p2b: Kingambit|Defiant|boost\n|-boost|p2b: Kingambit|atk|2\n|\n|-weather|SunnyDay|[upkeep]\n|upkeep\n|turn|9\n|inactive|alvin776 has 30 seconds left.\n|\n|t:|1775971982\n|detailschange|p1b: Gengar|Gengar-Mega, L50, F\n|-mega|p1b: Gengar|Gengar|Gengarite\n|move|p1a: Arcanine|Protect|p1a: Arcanine\n|-singleturn|p1a: Arcanine|Protect\n|move|p2b: Kingambit|Sucker Punch||[still]\n|-fail|p2b: Kingambit\n|move|p1b: Gengar|Disable|p2b: Kingambit\n|-start|p2b: Kingambit|Disable|Sucker Punch\n|move|p2a: Charizard|Heat Wave|p1b: Gengar|[spread] p1b\n|-activate|p1a: Arcanine|move: Protect\n|-damage|p1b: Gengar|3/100\n|\n|-weather|SunnyDay|[upkeep]\n|upkeep\n|turn|10\n|\n|t:|1775972003\n|move|p1b: Gengar|Protect|p1b: Gengar\n|-singleturn|p1b: Gengar|Protect\n|move|p2a: Charizard|Protect|p2a: Charizard\n|-singleturn|p2a: Charizard|Protect\n|move|p1a: Arcanine|Heat Wave|p2b: Kingambit|[spread] p2b\n|-activate|p2a: Charizard|move: Protect\n|-supereffective|p2b: Kingambit|1\n|-damage|p2b: Kingambit|13/100\n|move|p2b: Kingambit|Kowtow Cleave|p1a: Arcanine\n|-damage|p1a: Arcanine|0 fnt\n|faint|p1a: Arcanine\n|\n|-weather|SunnyDay|[upkeep]\n|upkeep\n|\n|t:|1775972017\n|switch|p1a: Garchomp|Garchomp, L50, M|20/100\n|turn|11\n|\n|t:|1775972027\n|move|p2a: Charizard|Protect||[still]\n|-fail|p2a: Charizard\n|move|p2b: Kingambit|Protect|p2b: Kingambit\n|-singleturn|p2b: Kingambit|Protect\n|move|p1b: Gengar|Shadow Ball|p2b: Kingambit\n|-activate|p2b: Kingambit|move: Protect\n|move|p1a: Garchomp|Rock Slide|p2b: Kingambit|[spread] p2a\n|-activate|p2b: Kingambit|move: Protect\n|-supereffective|p2a: Charizard|2\n|-damage|p2a: Charizard|0 fnt\n|faint|p2a: Charizard\n|\n|-weather|SunnyDay|[upkeep]\n|upkeep\n|turn|12\n|-message|sonic1 forfeited.\n|\n|win|alvin776\n|raw|alvin776's rating: 1362 &rarr; <strong>1383</strong><br />(+21 for winning)\n|raw|sonic1's rating: 1380 &rarr; <strong>1359</strong><br />(-21 for losing)\n|l|\u2606sonic1\n|player|p2|\n",
  "uploadtime": 1775972113,
  "views": 27,
  "formatid": "gen9championsvgc2026regma",
  "rating": 1359,
  "private": 0,
  "password": null
}