{
  "id": "gen9championsvgc2026regma-2584258463",
  "format": "[Gen 9 Champions] VGC 2026 Reg M-A",
  "players": [
    "noahguyvgc",
    "smp on whimsicott"
  ],
  "log": "|j|\u2606noahguyvgc\n|j|\u2606smp on whimsicott\n|t:|1776244148\n|gametype|doubles\n|player|p1|noahguyvgc|roxie|1066\n|player|p2|smp on whimsicott|artist-gen4|1165\n|gen|9\n|tier|[Gen 9 Champions] VGC 2026 Reg M-A\n|rated|\n|rule|Species Clause: Limit one of each Pok\u00e9mon\n|rule|Item Clause: Limit 1 of each item\n|clearpoke\n|poke|p1|Gengar, L50, M|\n|poke|p1|Whimsicott, L50, M|\n|poke|p1|Incineroar, L50, F|\n|poke|p1|Basculegion, L50, M|\n|poke|p1|Politoed, L50, M|\n|poke|p1|Dragonite, L50, F|\n|poke|p2|Incineroar, L50, M|\n|poke|p2|Politoed, L50, F|\n|poke|p2|Gengar, L50, M|\n|poke|p2|Palafin, L50, F|\n|poke|p2|Volcarona, L50, F|\n|poke|p2|Ninetales-Alola, L50, F|\n|teampreview|4\n|inactive|Battle timer is ON: inactive players will automatically lose when time's up. (requested by noahguyvgc)\n|\n|t:|1776244174\n|teamsize|p1|4\n|teamsize|p2|4\n|start\n|switch|p1a: Gengar|Gengar, L50, M|100/100\n|switch|p1b: Whimsicott|Whimsicott, L50, M|100/100\n|switch|p2a: Gengar|Gengar, L50, M|100/100\n|switch|p2b: Ninetales|Ninetales-Alola, L50, F|100/100\n|-weather|Snowscape|[from] ability: Snow Warning|[of] p2b: Ninetales\n|turn|1\n|\n|t:|1776244190\n|switch|p2b: Incineroar|Incineroar, L50, M|100/100\n|-ability|p2b: Incineroar|Intimidate|boost\n|-unboost|p1a: Gengar|atk|1\n|-unboost|p1b: Whimsicott|atk|1\n|detailschange|p1a: Gengar|Gengar-Mega, L50, M\n|-mega|p1a: Gengar|Gengar|Gengarite\n|detailschange|p2a: Gengar|Gengar-Mega, L50, M\n|-mega|p2a: Gengar|Gengar|Gengarite\n|move|p1a: Gengar|Protect|p1a: Gengar\n|-singleturn|p1a: Gengar|Protect\n|move|p2a: Gengar|Protect|p2a: Gengar\n|-singleturn|p2a: Gengar|Protect\n|move|p1b: Whimsicott|Tailwind|p1b: Whimsicott\n|-sidestart|p1: noahguyvgc|move: Tailwind\n|\n|-weather|Snowscape|[upkeep]\n|upkeep\n|turn|2\n|\n|t:|1776244213\n|switch|p1a: Incineroar|Incineroar, L50, F|100/100\n|-ability|p1a: Incineroar|Intimidate|boost\n|-unboost|p2a: Gengar|atk|1\n|-unboost|p2b: Incineroar|atk|1\n|switch|p2a: Ninetales|Ninetales-Alola, L50, F|100/100\n|move|p1b: Whimsicott|Encore||[still]\n|-fail|p1b: Whimsicott\n|move|p2b: Incineroar|Darkest Lariat|p1a: Incineroar\n|-resisted|p1a: Incineroar|1\n|-damage|p1a: Incineroar|89/100\n|\n|-weather|Snowscape|[upkeep]\n|upkeep\n|turn|3\n|\n|t:|1776244234\n|switch|p1b: Gengar|Gengar-Mega, L50, M|100/100\n|switch|p2a: Gengar|Gengar-Mega, L50, M|100/100\n|move|p1a: Incineroar|Fake Out|p2b: Incineroar\n|-damage|p2b: Incineroar|89/100\n|cant|p2b: Incineroar|flinch\n|\n|-weather|Snowscape|[upkeep]\n|upkeep\n|turn|4\n|inactive|smp on whimsicott has 30 seconds left.\n|\n|t:|1776244259\n|move|p1b: Gengar|Protect|p1b: Gengar\n|-singleturn|p1b: Gengar|Protect\n|move|p2a: Gengar|Protect|p2a: Gengar\n|-singleturn|p2a: Gengar|Protect\n|move|p1a: Incineroar|Throat Chop|p2a: Gengar\n|-activate|p2a: Gengar|move: Protect\n|move|p2b: Incineroar|Parting Shot|p1a: Incineroar\n|-unboost|p1a: Incineroar|atk|1\n|-unboost|p1a: Incineroar|spa|1\n|\n|t:|1776244268\n|switch|p2b: Palafin|Palafin, L50, F|100/100|[from] Parting Shot\n|\n|-weather|Snowscape|[upkeep]\n|-sideend|p1: noahguyvgc|move: Tailwind\n|upkeep\n|turn|5\n|\n|t:|1776244281\n|switch|p2a: Incineroar|Incineroar, L50, M|89/100\n|-ability|p2a: Incineroar|Intimidate|boost\n|-unboost|p1a: Incineroar|atk|1\n|-unboost|p1b: Gengar|atk|1\n|move|p1a: Incineroar|Protect|p1a: Incineroar\n|-singleturn|p1a: Incineroar|Protect\n|move|p2b: Palafin|Flip Turn|p1b: Gengar\n|-damage|p1b: Gengar|70/100\n|\n|t:|1776244290\n|detailschange|p2b: Palafin|Palafin-Hero, L50, F\n|switch|p2b: Ninetales|Ninetales-Alola, L50, F|100/100|[from] Flip Turn\n|move|p1b: Gengar|Shadow Ball|p2a: Incineroar\n|-resisted|p2a: Incineroar|1\n|-damage|p2a: Incineroar|70/100\n|\n|-weather|none\n|upkeep\n|turn|6\n|\n|t:|1776244317\n|move|p1b: Gengar|Protect|p1b: Gengar\n|-singleturn|p1b: Gengar|Protect\n|move|p2b: Ninetales|Blizzard|p1a: Incineroar|[spread] p1a\n|-activate|p1b: Gengar|move: Protect\n|-resisted|p1a: Incineroar|1\n|-damage|p1a: Incineroar|73/100\n|move|p1a: Incineroar|Throat Chop|p2a: Incineroar\n|-resisted|p2a: Incineroar|1\n|-crit|p2a: Incineroar\n|-damage|p2a: Incineroar|45/100\n|-start|p2a: Incineroar|Throat Chop|[silent]\n|-enditem|p2a: Incineroar|Sitrus Berry|[eat]\n|-heal|p2a: Incineroar|69/100|[from] item: Sitrus Berry\n|move|p2a: Incineroar|Darkest Lariat|p1b: Gengar\n|-activate|p1b: Gengar|move: Protect\n|\n|upkeep\n|turn|7\n|\n|t:|1776244338\n|move|p1b: Gengar|Disable|p2a: Incineroar\n|-start|p2a: Incineroar|Disable|Darkest Lariat\n|move|p2b: Ninetales|Encore|p1a: Incineroar\n|-start|p1a: Incineroar|Encore\n|move|p1a: Incineroar|Throat Chop|p2b: Ninetales\n|-resisted|p2b: Ninetales|1\n|-damage|p2b: Ninetales|84/100\n|-start|p2b: Ninetales|Throat Chop|[silent]\n|cant|p2a: Incineroar|Disable|Darkest Lariat\n|\n|-end|p2a: Incineroar|Throat Chop|[silent]\n|upkeep\n|turn|8\n|\n|t:|1776244362\n|move|p1b: Gengar|Perish Song|p1b: Gengar\n|-start|p1a: Incineroar|perish3|[silent]\n|-start|p1b: Gengar|perish3|[silent]\n|-start|p2a: Incineroar|perish3|[silent]\n|-start|p2b: Ninetales|perish3|[silent]\n|-fieldactivate|move: Perish Song\n|move|p2b: Ninetales|Encore|p1b: Gengar\n|-start|p1b: Gengar|Encore\n|move|p1a: Incineroar|Throat Chop|p2b: Ninetales\n|-resisted|p2b: Ninetales|1\n|-damage|p2b: Ninetales|68/100\n|move|p2a: Incineroar|Parting Shot|p1b: Gengar\n|-unboost|p1b: Gengar|atk|1\n|-unboost|p1b: Gengar|spa|1\n|\n|t:|1776244372\n|switch|p2a: Palafin|Palafin-Hero, L50, F|100/100|[from] Parting Shot\n|-activate|p2a: Palafin|ability: Zero to Hero\n|\n|-end|p2b: Ninetales|Throat Chop|[silent]\n|-start|p1b: Gengar|perish3\n|-start|p2b: Ninetales|perish3\n|-start|p1a: Incineroar|perish3\n|upkeep\n|turn|9\n|inactive|noahguyvgc has 30 seconds left.\n|\n|t:|1776244397\n|switch|p1a: Whimsicott|Whimsicott, L50, M|100/100\n|move|p2a: Palafin|Wave Crash|p1a: Whimsicott\n|-resisted|p1a: Whimsicott|1\n|-damage|p1a: Whimsicott|60/100\n|-damage|p2a: Palafin|88/100|[from] Recoil\n|move|p1b: Gengar|Perish Song|p1b: Gengar\n|-start|p1a: Whimsicott|perish3|[silent]\n|-start|p2a: Palafin|perish3|[silent]\n|-fieldactivate|move: Perish Song\n|move|p2b: Ninetales|Blizzard|p1a: Whimsicott|[spread] p1a\n|-miss|p2b: Ninetales|p1b: Gengar\n|-supereffective|p1a: Whimsicott|1\n|-damage|p1a: Whimsicott|0 fnt\n|faint|p1a: Whimsicott\n|\n|-start|p2a: Palafin|perish3\n|-start|p1b: Gengar|perish2\n|-start|p2b: Ninetales|perish2\n|upkeep\n|\n|t:|1776244405\n|switch|p1a: Incineroar|Incineroar, L50, F|73/100\n|-ability|p1a: Incineroar|Intimidate|boost\n|-unboost|p2a: Palafin|atk|1\n|-unboost|p2b: Ninetales|atk|1\n|turn|10\n|\n|t:|1776244425\n|move|p1a: Incineroar|Fake Out|p2a: Palafin\n|-damage|p2a: Palafin|73/100\n|cant|p2a: Palafin|flinch\n|move|p1b: Gengar|Perish Song|p1b: Gengar\n|-start|p1a: Incineroar|perish3|[silent]\n|-fieldactivate|move: Perish Song\n|move|p2b: Ninetales|Disable|p1b: Gengar\n|-start|p1b: Gengar|Disable|Perish Song\n|\n|-start|p2a: Palafin|perish2\n|-start|p1b: Gengar|perish1\n|-start|p2b: Ninetales|perish1\n|-start|p1a: Incineroar|perish3\n|upkeep\n|turn|11\n|inactive|noahguyvgc has 30 seconds left.\n|inactive|noahguyvgc has 20 seconds left.\n|inactive|noahguyvgc has 15 seconds left.\n|\n|t:|1776244465\n|switch|p1b: Basculegion|Basculegion, L50, M|100/100\n|move|p1a: Incineroar|Protect|p1a: Incineroar\n|-singleturn|p1a: Incineroar|Protect\n|move|p2a: Palafin|Wave Crash|p1b: Basculegion\n|-resisted|p1b: Basculegion|1\n|-damage|p1b: Basculegion|67/100\n|-damage|p2a: Palafin|60/100|[from] Recoil\n|move|p2b: Ninetales|Encore|p1a: Incineroar\n|-activate|p1a: Incineroar|move: Protect\n|\n|-start|p2a: Palafin|perish1\n|-start|p2b: Ninetales|perish0\n|-start|p1a: Incineroar|perish2\n|faint|p2b: Ninetales\n|upkeep\n|\n|t:|1776244481\n|switch|p2b: Incineroar|Incineroar, L50, M|69/100\n|-ability|p2b: Incineroar|Intimidate|boost\n|-unboost|p1a: Incineroar|atk|1\n|-unboost|p1b: Basculegion|atk|1\n|turn|12\n|inactive|noahguyvgc has 30 seconds left.\n|inactive|smp on whimsicott has 30 seconds left.\n|\n|t:|1776244512\n|switch|p2a: Gengar|Gengar-Mega, L50, M|100/100\n|move|p2b: Incineroar|Protect|p2b: Incineroar\n|-singleturn|p2b: Incineroar|Protect\n|move|p1b: Basculegion|Wave Crash|p2b: Incineroar\n|-activate|p2b: Incineroar|move: Protect\n|move|p1a: Incineroar|Parting Shot|p2b: Incineroar\n|-activate|p2b: Incineroar|move: Protect\n|\n|-start|p1a: Incineroar|perish1\n|upkeep\n|turn|13\n|inactive|smp on whimsicott has 30 seconds left.\n|\n|t:|1776244539\n|move|p2a: Gengar|Protect|p2a: Gengar\n|-singleturn|p2a: Gengar|Protect\n|move|p1b: Basculegion|Wave Crash|p2b: Incineroar\n|-supereffective|p2b: Incineroar|1\n|-damage|p2b: Incineroar|0 fnt\n|faint|p2b: Incineroar\n|-damage|p1b: Basculegion|44/100|[from] Recoil\n|move|p1a: Incineroar|Parting Shot|p2a: Gengar\n|-activate|p2a: Gengar|move: Protect\n|\n|-start|p1a: Incineroar|perish0\n|faint|p1a: Incineroar\n|upkeep\n|\n|t:|1776244547\n|switch|p1a: Gengar|Gengar-Mega, L50, M|70/100\n|switch|p2b: Palafin|Palafin-Hero, L50, F|60/100\n|turn|14\n|\n|t:|1776244561\n|move|p2b: Palafin|Wave Crash|p1b: Basculegion\n|-resisted|p1b: Basculegion|1\n|-damage|p1b: Basculegion|0 fnt\n|faint|p1b: Basculegion\n|-damage|p2b: Palafin|45/100|[from] Recoil\n|move|p1a: Gengar|Shadow Ball|p2a: Gengar\n|-supereffective|p2a: Gengar|1\n|-damage|p2a: Gengar|0 fnt\n|faint|p2a: Gengar\n|\n|upkeep\n|turn|15\n|\n|t:|1776244569\n|move|p1a: Gengar|Protect|p1a: Gengar\n|-singleturn|p1a: Gengar|Protect\n|move|p2b: Palafin|Wave Crash|p1a: Gengar\n|-activate|p1a: Gengar|move: Protect\n|\n|upkeep\n|turn|16\n|\n|t:|1776244575\n|move|p2b: Palafin|Wave Crash|p1a: Gengar\n|-damage|p1a: Gengar|0 fnt\n|faint|p1a: Gengar\n|-damage|p2b: Palafin|23/100|[from] Recoil\n|\n|win|smp on whimsicott\n|raw|noahguyvgc's rating: 1066 &rarr; <strong>1052</strong><br />(-14 for losing)\n|raw|smp on whimsicott's rating: 1165 &rarr; <strong>1183</strong><br />(+18 for winning)\n",
  "uploadtime": 1776244575,
  "views": 19,
  "formatid": "gen9championsvgc2026regma",
  "rating": 1052,
  "private": 0,
  "password": null
}