{
  "id": "gen9championsvgc2026regma-2584594359",
  "format": "[Gen 9 Champions] VGC 2026 Reg M-A",
  "players": [
    "turn9Protect",
    "mjpaol"
  ],
  "log": "|j|\u2606turn9Protect\n|j|\u2606mjpaol\n|t:|1776270955\n|gametype|doubles\n|player|p1|turn9Protect|iris|1000\n|player|p2|mjpaol|2|1091\n|gen|9\n|tier|[Gen 9 Champions] VGC 2026 Reg M-A\n|rated|\n|rule|Species Clause: Limit one of each Pok\u00e9mon\n|rule|Item Clause: Limit 1 of each item\n|clearpoke\n|poke|p1|Dedenne, L50, F|\n|poke|p1|Manectric, L50, F|\n|poke|p1|Pelipper, L50, F|\n|poke|p1|Meganium, L50, F|\n|poke|p1|Incineroar, L50, F|\n|poke|p1|Lucario, L50, F|\n|poke|p2|Golurk, L50|\n|poke|p2|Farigiraf, L50, M|\n|poke|p2|Incineroar, L50, M|\n|poke|p2|Torkoal, L50, F|\n|poke|p2|Sneasler, L50, F|\n|poke|p2|Venusaur, L50, M|\n|teampreview|4\n|inactive|Battle timer is ON: inactive players will automatically lose when time's up. (requested by turn9Protect)\nturn9Protect has agreed to open team sheets.\n|inactive|turn9Protect has 60 seconds left.\n|\n|t:|1776270989\n|teamsize|p1|4\n|teamsize|p2|4\n|start\n|switch|p1a: Pelipper|Pelipper, L50, F|100/100\n|switch|p1b: Meganium|Meganium, L50, F|100/100\n|switch|p2a: Golurk|Golurk, L50|100/100\n|switch|p2b: Farigiraf|Farigiraf, L50, M|100/100\n|-weather|RainDance|[from] ability: Drizzle|[of] p1a: Pelipper\n|turn|1\n|inactive|mjpaol has 30 seconds left.\n|inactive|mjpaol has 20 seconds left.\n|inactive|mjpaol has 15 seconds left.\n|\n|t:|1776271033\n|switch|p2a: Torkoal|Torkoal, L50, F|100/100\n|-weather|SunnyDay|[from] ability: Drought|[of] p2a: Torkoal\n|detailschange|p1b: Meganium|Meganium-Mega, L50, F\n|-mega|p1b: Meganium|Meganium|Meganiumite\n|move|p1b: Meganium|Solar Beam||[still]\n|-prepare|p1b: Meganium|Solar Beam\n|-anim|p1b: Meganium|Solar Beam|p2a: Torkoal\n|-resisted|p2a: Torkoal|1\n|-damage|p2a: Torkoal|55/100\n|move|p1a: Pelipper|Hurricane|p2b: Farigiraf\n|-damage|p2b: Farigiraf|55/100\n|move|p2b: Farigiraf|Trick Room|p2b: Farigiraf\n|-fieldstart|move: Trick Room|[of] p2b: Farigiraf\n|\n|-weather|SunnyDay|[upkeep]\n|upkeep\n|turn|2\n|inactive|turn9Protect has 30 seconds left.\n|inactive|turn9Protect has 20 seconds left.\n|\n|t:|1776271068\n|switch|p1a: Incineroar|Incineroar, L50, F|100/100\n|-ability|p1a: Incineroar|Intimidate|boost\n|-unboost|p2a: Torkoal|atk|1\n|-unboost|p2b: Farigiraf|atk|1\n|move|p1b: Meganium|Protect|p1b: Meganium\n|-singleturn|p1b: Meganium|Protect\n|move|p2a: Torkoal|Weather Ball|p1b: Meganium\n|-activate|p1b: Meganium|move: Protect\n|move|p2b: Farigiraf|Hyper Voice|p1b: Meganium|[spread] p1a\n|-activate|p1b: Meganium|move: Protect\n|-damage|p1a: Incineroar|72/100\n|\n|-weather|SunnyDay|[upkeep]\n|upkeep\n|turn|3\n|inactive|mjpaol has 30 seconds left.\n|\n|t:|1776271098\n|switch|p2a: Golurk|Golurk, L50|100/100\n|switch|p1b: Pelipper|Pelipper, L50, F|100/100\n|-weather|RainDance|[from] ability: Drizzle|[of] p1b: Pelipper\n|move|p2b: Farigiraf|Hyper Voice|p1a: Incineroar|[spread] p1a,p1b\n|-damage|p1a: Incineroar|45/100\n|-damage|p1b: Pelipper|64/100\n|move|p1a: Incineroar|Parting Shot|p2b: Farigiraf\n|-unboost|p2b: Farigiraf|atk|1\n|-unboost|p2b: Farigiraf|spa|1\n|\n|t:|1776271113\n|switch|p1a: Meganium|Meganium-Mega, L50, F|100/100|[from] Parting Shot\n|\n|-weather|RainDance|[upkeep]\n|upkeep\n|turn|4\n|\n|t:|1776271128\n|detailschange|p2a: Golurk|Golurk-Mega, L50\n|-mega|p2a: Golurk|Golurk|Golurkite\n|move|p2b: Farigiraf|Hyper Voice|p1a: Meganium|[spread] p1a,p1b\n|-damage|p1a: Meganium|81/100\n|-damage|p1b: Pelipper|37/100\n|-enditem|p1b: Pelipper|Sitrus Berry|[eat]\n|-heal|p1b: Pelipper|62/100|[from] item: Sitrus Berry\n|move|p1b: Pelipper|Weather Ball|p2a: Golurk\n|-supereffective|p2a: Golurk|1\n|-damage|p2a: Golurk|0 fnt\n|faint|p2a: Golurk\n|move|p1a: Meganium|Solar Beam||[still]\n|-prepare|p1a: Meganium|Solar Beam\n|-activate|p1a: Meganium|ability: Mega Sol\n|-anim|p1a: Meganium|Solar Beam|p2b: Farigiraf\n|-damage|p2b: Farigiraf|0 fnt\n|faint|p2b: Farigiraf\n|\n|-weather|RainDance|[upkeep]\n|upkeep\n|\n|t:|1776271149\n|switch|p2b: Sneasler|Sneasler, L50, F|100/100\n|switch|p2a: Torkoal|Torkoal, L50, F|55/100\n|-weather|SunnyDay|[from] ability: Drought|[of] p2a: Torkoal\n|turn|5\n|\n|t:|1776271167\n|switch|p1b: Incineroar|Incineroar, L50, F|45/100\n|-ability|p1b: Incineroar|Intimidate|boost\n|-unboost|p2a: Torkoal|atk|1\n|-unboost|p2b: Sneasler|atk|1\n|-enditem|p2b: Sneasler|White Herb\n|-clearnegativeboost|p2b: Sneasler|[silent]\n|move|p1a: Meganium|Protect|p1a: Meganium\n|-singleturn|p1a: Meganium|Protect\n|move|p2a: Torkoal|Eruption|p1a: Meganium|[spread] p1b\n|-activate|p1a: Meganium|move: Protect\n|-resisted|p1b: Incineroar|1\n|-damage|p1b: Incineroar|24/100\n|move|p2b: Sneasler|Dire Claw|p1a: Meganium\n|-activate|p1a: Meganium|move: Protect\n|\n|-weather|SunnyDay|[upkeep]\n|-fieldend|move: Trick Room\n|upkeep\n|turn|6\n|inactive|mjpaol has 30 seconds left.\n|\n|t:|1776271193\n|switch|p1a: Pelipper|Pelipper, L50, F|62/100\n|-weather|RainDance|[from] ability: Drizzle|[of] p1a: Pelipper\n|move|p2b: Sneasler|Dire Claw|p1a: Pelipper\n|-damage|p1a: Pelipper|16/100\n|move|p1b: Incineroar|Parting Shot|p2b: Sneasler\n|-unboost|p2b: Sneasler|atk|1\n|-unboost|p2b: Sneasler|spa|1\n|\n|t:|1776271209\n|switch|p1b: Meganium|Meganium-Mega, L50, F|81/100|[from] Parting Shot\n|move|p2a: Torkoal|Heat Wave|p1b: Meganium|[spread] p1a,p1b\n|-resisted|p1a: Pelipper|1\n|-supereffective|p1b: Meganium|1\n|-damage|p1a: Pelipper|4/100\n|-damage|p1b: Meganium|45/100\n|\n|-weather|RainDance|[upkeep]\n|upkeep\n|turn|7\n|\n|t:|1776271234\n|switch|p1a: Incineroar|Incineroar, L50, F|24/100\n|-ability|p1a: Incineroar|Intimidate|boost\n|-unboost|p2a: Torkoal|atk|1\n|-unboost|p2b: Sneasler|atk|1\n|move|p1b: Meganium|Protect|p1b: Meganium\n|-singleturn|p1b: Meganium|Protect\n|move|p2b: Sneasler|Dire Claw|p1b: Meganium\n|-activate|p1b: Meganium|move: Protect\n|move|p2a: Torkoal|Heat Wave|p1b: Meganium|[spread] \n|-activate|p1b: Meganium|move: Protect\n|-miss|p2a: Torkoal|p1a: Incineroar\n|\n|-weather|RainDance|[upkeep]\n|upkeep\n|turn|8\n|\n|t:|1776271250\n|switch|p1b: Lucario|Lucario, L50, F|100/100\n|move|p1a: Incineroar|Fake Out|p2a: Torkoal\n|-crit|p2a: Torkoal\n|-damage|p2a: Torkoal|37/100\n|move|p2b: Sneasler|Dire Claw|p1b: Lucario\n|-immune|p1b: Lucario\n|cant|p2a: Torkoal|flinch\n|\n|-weather|RainDance|[upkeep]\n|upkeep\n|turn|9\n|inactive|turn9Protect has 30 seconds left.\n|\n|t:|1776271277\n|move|p2b: Sneasler|Close Combat|p1b: Lucario\n|-supereffective|p1b: Lucario|1\n|-damage|p1b: Lucario|3/100\n|-unboost|p2b: Sneasler|def|1\n|-unboost|p2b: Sneasler|spd|1\n|move|p1b: Lucario|Earthquake|p2b: Sneasler|[spread] p1a,p2a,p2b\n|-supereffective|p1a: Incineroar|1\n|-supereffective|p2a: Torkoal|1\n|-supereffective|p2b: Sneasler|1\n|-damage|p1a: Incineroar|0 fnt\n|-damage|p2a: Torkoal|0 fnt\n|-damage|p2b: Sneasler|0 fnt\n|faint|p1a: Incineroar\n|faint|p2a: Torkoal\n|faint|p2b: Sneasler\n|\n|win|turn9Protect\n|raw|turn9Protect's rating: 1000 &rarr; <strong>1050</strong><br />(+50 for winning)\n|raw|mjpaol's rating: 1091 &rarr; <strong>1061</strong><br />(-30 for losing)\n|l|\u2606mjpaol\n|player|p2|\n|c|\u2606turn9Protect|TURN 9 BTW\n",
  "uploadtime": 1776271310,
  "views": 15,
  "formatid": "gen9championsvgc2026regma",
  "rating": 1050,
  "private": 0,
  "password": null
}