{
  "id": "gen9championsvgc2026regma-2580527743",
  "format": "[Gen 9 Champions] VGC 2026 Reg M-A",
  "players": [
    "vnunesp12",
    "myphoneisagreatday"
  ],
  "log": "|j|\u2606vnunesp12\n|j|\u2606myphoneisagreatday\n|t:|1775909071\n|gametype|doubles\n|player|p1|vnunesp12|red|1051\n|player|p2|myphoneisagreatday|265|1000\n|gen|9\n|tier|[Gen 9 Champions] VGC 2026 Reg M-A\n|rated|\n|rule|Species Clause: Limit one of each Pok\u00e9mon\n|rule|Item Clause: Limit 1 of each item\n|clearpoke\n|poke|p1|Manectric, L50, M|\n|poke|p1|Pelipper, L50, M|\n|poke|p1|Sinistcha, L50|\n|poke|p1|Incineroar, L50, F|\n|poke|p1|Dragonite, L50, M|\n|poke|p1|Basculegion, L50, M|\n|poke|p2|Gengar, L50, F|\n|poke|p2|Incineroar, L50, M|\n|poke|p2|Kingambit, L50, M|\n|poke|p2|Sinistcha-Masterpiece, L50|\n|poke|p2|Tyranitar, L50, M|\n|poke|p2|Maushold-Four, L50|\n|teampreview|4\n|inactive|Battle timer is ON: inactive players will automatically lose when time's up. (requested by vnunesp12)\n|inactive|vnunesp12 has 60 seconds left.\n|\n|t:|1775909114\n|teamsize|p1|4\n|teamsize|p2|4\n|start\n|switch|p1a: Dragonite|Dragonite, L50, M|100/100\n|switch|p1b: Sinistcha|Sinistcha, L50|100/100\n|switch|p2a: Gengar|Gengar, L50, F|100/100\n|switch|p2b: Maushold|Maushold-Four, L50|100/100\n|turn|1\n|inactive|vnunesp12 has 30 seconds left.\n|\n|t:|1775909141\n|detailschange|p1a: Dragonite|Dragonite-Mega, L50, M\n|-mega|p1a: Dragonite|Dragonite|Dragoninite\n|move|p2b: Maushold|Follow Me|p2b: Maushold\n|-singleturn|p2b: Maushold|move: Follow Me\n|move|p2a: Gengar|Shadow Ball|p1b: Sinistcha\n|-supereffective|p1b: Sinistcha|1\n|-damage|p1b: Sinistcha|1/100\n|move|p1a: Dragonite|Ice Beam|p2b: Maushold\n|-damage|p2b: Maushold|63/100\n|move|p1b: Sinistcha|Giga Drain|p2b: Maushold\n|-crit|p2b: Maushold\n|-damage|p2b: Maushold|5/100\n|-heal|p1b: Sinistcha|37/100|[from] drain|[of] p2b: Maushold\n|\n|-heal|p2b: Maushold|11/100|[from] item: Leftovers\n|upkeep\n|turn|2\n|inactive|vnunesp12 has 30 seconds left.\n|inactive|myphoneisagreatday has 30 seconds left.\n|\n|t:|1775909172\n|move|p1b: Sinistcha|Protect|p1b: Sinistcha\n|-singleturn|p1b: Sinistcha|Protect\n|move|p2b: Maushold|Follow Me|p2b: Maushold\n|-singleturn|p2b: Maushold|move: Follow Me\n|move|p2a: Gengar|Substitute|p2a: Gengar\n|-start|p2a: Gengar|Substitute\n|-damage|p2a: Gengar|76/100\n|move|p1a: Dragonite|Ice Beam|p2b: Maushold\n|-damage|p2b: Maushold|0 fnt\n|faint|p2b: Maushold\n|\n|upkeep\n|\n|t:|1775909184\n|switch|p2b: Sinistcha|Sinistcha-Masterpiece, L50|100/100\n|-heal|p2a: Gengar|100/100|[from] ability: Hospitality|[of] p2b: Sinistcha\n|turn|3\n|\n|t:|1775909205\n|switch|p1b: Pelipper|Pelipper, L50, M|100/100\n|-weather|RainDance|[from] ability: Drizzle|[of] p1b: Pelipper\n|detailschange|p2a: Gengar|Gengar-Mega, L50, F\n|-mega|p2a: Gengar|Gengar|Gengarite\n|move|p2a: Gengar|Perish Song|p2a: Gengar\n|-start|p1a: Dragonite|perish3|[silent]\n|-start|p1b: Pelipper|perish3|[silent]\n|-start|p2a: Gengar|perish3|[silent]\n|-start|p2b: Sinistcha|perish3|[silent]\n|-fieldactivate|move: Perish Song\n|move|p1a: Dragonite|Ice Beam|p2b: Sinistcha\n|-supereffective|p2b: Sinistcha|1\n|-damage|p2b: Sinistcha|43/100\n|-enditem|p2b: Sinistcha|Sitrus Berry|[eat]\n|-heal|p2b: Sinistcha|68/100|[from] item: Sitrus Berry\n|move|p2b: Sinistcha|Matcha Gotcha|p1b: Pelipper|[spread] p1a,p1b\n|-resisted|p1a: Dragonite|2\n|-damage|p1a: Dragonite|99/100\n|-heal|p2b: Sinistcha|69/100|[from] drain|[of] p1a: Dragonite\n|-damage|p1b: Pelipper|70/100\n|-heal|p2b: Sinistcha|82/100|[from] drain|[of] p1b: Pelipper\n|-status|p1a: Dragonite|brn\n|\n|-weather|RainDance|[upkeep]\n|-damage|p1a: Dragonite|93/100 brn|[from] brn\n|-start|p2a: Gengar|perish3\n|-start|p1a: Dragonite|perish3\n|-start|p1b: Pelipper|perish3\n|-start|p2b: Sinistcha|perish3\n|upkeep\n|turn|4\n|inactive|vnunesp12 has 30 seconds left.\n|inactive|myphoneisagreatday has 30 seconds left.\n|inactive|vnunesp12 has 20 seconds left.\n|inactive|vnunesp12 has 15 seconds left.\n|\n|t:|1775909247\n|switch|p2b: Tyranitar|Tyranitar, L50, M|100/100\n|-weather|Sandstorm|[from] ability: Sand Stream|[of] p2b: Tyranitar\n|move|p2a: Gengar|Protect|p2a: Gengar\n|-singleturn|p2a: Gengar|Protect\n|move|p1a: Dragonite|Hurricane|p2b: Tyranitar\n|-resisted|p2b: Tyranitar|1\n|-damage|p2b: Tyranitar|81/100\n|move|p1b: Pelipper|Hurricane|p2a: Gengar\n|-activate|p2a: Gengar|move: Protect\n|\n|-weather|Sandstorm|[upkeep]\n|-damage|p2a: Gengar|94/100|[from] Sandstorm\n|-damage|p1a: Dragonite|87/100 brn|[from] Sandstorm\n|-damage|p1b: Pelipper|64/100|[from] Sandstorm\n|-damage|p1a: Dragonite|81/100 brn|[from] brn\n|-start|p2a: Gengar|perish2\n|-start|p1a: Dragonite|perish2\n|-start|p1b: Pelipper|perish2\n|upkeep\n|turn|5\n|inactive|vnunesp12 has 30 seconds left.\n|inactive|myphoneisagreatday has 30 seconds left.\n|inactive|myphoneisagreatday has 20 seconds left.\n|inactive|myphoneisagreatday has 15 seconds left.\n|\n|t:|1775909289\n|switch|p2b: Sinistcha|Sinistcha-Masterpiece, L50|82/100\n|-heal|p2a: Gengar|100/100|[from] ability: Hospitality|[of] p2b: Sinistcha\n|move|p2a: Gengar|Shadow Ball|p1a: Dragonite\n|-damage|p1a: Dragonite|37/100 brn\n|move|p1a: Dragonite|Draco Meteor|p2b: Sinistcha\n|-damage|p2b: Sinistcha|10/100\n|-unboost|p1a: Dragonite|spa|2\n|move|p1b: Pelipper|Tailwind|p1b: Pelipper\n|-sidestart|p1: vnunesp12|move: Tailwind\n|\n|-weather|Sandstorm|[upkeep]\n|-damage|p1a: Dragonite|31/100 brn|[from] Sandstorm\n|-damage|p1b: Pelipper|58/100|[from] Sandstorm\n|-damage|p2a: Gengar|94/100|[from] Sandstorm\n|-damage|p2b: Sinistcha|4/100|[from] Sandstorm\n|-damage|p1a: Dragonite|25/100 brn|[from] brn\n|-start|p1a: Dragonite|perish1\n|-start|p1b: Pelipper|perish1\n|-start|p2a: Gengar|perish1\n|upkeep\n|turn|6\n|inactive|vnunesp12 has 30 seconds left.\n|inactive|myphoneisagreatday has 30 seconds left.\n|\n|t:|1775909321\n|switch|p2a: Tyranitar|Tyranitar, L50, M|81/100\n|move|p1a: Dragonite|Ice Beam|p2b: Sinistcha\n|-supereffective|p2b: Sinistcha|1\n|-damage|p2b: Sinistcha|0 fnt\n|faint|p2b: Sinistcha\n|move|p1b: Pelipper|Weather Ball|p2a: Tyranitar\n|-damage|p2a: Tyranitar|65/100\n|\n|-weather|Sandstorm|[upkeep]\n|-damage|p1a: Dragonite|19/100 brn|[from] Sandstorm\n|-damage|p1b: Pelipper|52/100|[from] Sandstorm\n|-damage|p1a: Dragonite|13/100 brn|[from] brn\n|-start|p1a: Dragonite|perish0\n|-start|p1b: Pelipper|perish0\n|faint|p1a: Dragonite\n|faint|p1b: Pelipper\n|upkeep\n|\n|t:|1775909340\n|switch|p1a: Sinistcha|Sinistcha, L50|37/100\n|switch|p1b: Basculegion|Basculegion, L50, M|100/100\n|switch|p2b: Gengar|Gengar-Mega, L50, F|94/100\n|turn|7\n|\n|t:|1775909354\n|move|p2b: Gengar|Protect|p2b: Gengar\n|-singleturn|p2b: Gengar|Protect\n|move|p1b: Basculegion|Last Respects|p2b: Gengar\n|-activate|p2b: Gengar|move: Protect\n|move|p1a: Sinistcha|Shadow Ball|p2b: Gengar\n|-activate|p2b: Gengar|move: Protect\n|move|p2a: Tyranitar|Rock Slide|p1b: Basculegion|[spread] p1a,p1b\n|-damage|p1a: Sinistcha|10/100\n|-damage|p1b: Basculegion|60/100\n|\n|-weather|Sandstorm|[upkeep]\n|-damage|p1b: Basculegion|54/100|[from] Sandstorm\n|-damage|p1a: Sinistcha|4/100|[from] Sandstorm\n|-damage|p2b: Gengar|88/100|[from] Sandstorm\n|upkeep\n|turn|8\n|inactive|myphoneisagreatday has 30 seconds left.\n|\n|t:|1775909383\n|move|p2b: Gengar|Protect|p2b: Gengar\n|-singleturn|p2b: Gengar|Protect\n|move|p1b: Basculegion|Last Respects|p2b: Gengar\n|-activate|p2b: Gengar|move: Protect\n|move|p1a: Sinistcha|Matcha Gotcha|p2b: Gengar|[spread] p2a\n|-activate|p2b: Gengar|move: Protect\n|-supereffective|p2a: Tyranitar|1\n|-damage|p2a: Tyranitar|30/100\n|-heal|p1a: Sinistcha|25/100|[from] drain|[of] p2a: Tyranitar\n|move|p2a: Tyranitar|Rock Slide|p1b: Basculegion|[spread] p1a,p1b\n|-damage|p1a: Sinistcha|0 fnt\n|-damage|p1b: Basculegion|16/100\n|faint|p1a: Sinistcha\n|\n|-weather|none\n|-sideend|p1: vnunesp12|move: Tailwind\n|upkeep\n|turn|9\n|\n|t:|1775909402\n|move|p1b: Basculegion|Last Respects|p2b: Gengar\n|-supereffective|p2b: Gengar|1\n|-damage|p2b: Gengar|0 fnt\n|faint|p2b: Gengar\n|move|p2a: Tyranitar|Rock Slide|p1b: Basculegion|[miss]\n|-miss|p2a: Tyranitar|p1b: Basculegion\n|\n|upkeep\n|turn|10\n|\n|t:|1775909412\n|move|p1b: Basculegion|Last Respects|p2a: Tyranitar\n|-resisted|p2a: Tyranitar|1\n|-crit|p2a: Tyranitar\n|-damage|p2a: Tyranitar|0 fnt\n|faint|p2a: Tyranitar\n|\n|win|vnunesp12\n|raw|vnunesp12's rating: 1051 &rarr; <strong>1079</strong><br />(+28 for winning)\n|raw|myphoneisagreatday's rating: 1000 &rarr; <strong>1000</strong><br />(+0 for losing)\n|l|\u2606myphoneisagreatday\n|player|p2|\n",
  "uploadtime": 1775909420,
  "views": 38,
  "formatid": "gen9championsvgc2026regma",
  "rating": 1000,
  "private": 0,
  "password": null
}