{
  "id": "gen9championsvgc2026regma-2581118915",
  "format": "[Gen 9 Champions] VGC 2026 Reg M-A",
  "players": [
    "Dddewwrh",
    "8CanOfSoup"
  ],
  "log": "|j|\u2606Dddewwrh\n|j|\u26068CanOfSoup\n|t:|1775961676\n|gametype|doubles\n|player|p1|Dddewwrh|170|1000\n|player|p2|8CanOfSoup|169|1063\n|gen|9\n|tier|[Gen 9 Champions] VGC 2026 Reg M-A\n|rated|\n|rule|Species Clause: Limit one of each Pok\u00e9mon\n|rule|Item Clause: Limit 1 of each item\n|clearpoke\n|poke|p1|Scizor, L50, M|\n|poke|p1|Gengar, L50, M|\n|poke|p1|Aerodactyl, L50, M|\n|poke|p1|Incineroar, L50, M|\n|poke|p1|Primarina, L50, M|\n|poke|p1|Maushold, L50|\n|poke|p2|Sinistcha, L50|\n|poke|p2|Pelipper, L50, F|\n|poke|p2|Archaludon, L50, F|\n|poke|p2|Basculegion, L50, M|\n|poke|p2|Incineroar, L50, F|\n|poke|p2|Floette-Eternal, L50, F|\n|teampreview|4\n|j| acyanmage\n|\n|t:|1775961700\n|teamsize|p1|4\n|teamsize|p2|4\n|start\n|switch|p1a: Scizor|Scizor, L50, M|100/100\n|switch|p1b: Aerodactyl|Aerodactyl, L50, M|100/100\n|switch|p2a: Pelipper|Pelipper, L50, F|100/100\n|switch|p2b: Archaludon|Archaludon, L50, F|100/100\n|-ability|p1b: Aerodactyl|Unnerve\n|-weather|RainDance|[from] ability: Drizzle|[of] p2a: Pelipper\n|turn|1\n|inactive|Battle timer is ON: inactive players will automatically lose when time's up. (requested by 8CanOfSoup)\n|\n|t:|1775961748\n|detailschange|p1a: Scizor|Scizor-Mega, L50, M\n|-mega|p1a: Scizor|Scizor|Scizorite\n|move|p1b: Aerodactyl|Rock Slide|p2b: Archaludon|[spread] p2a,p2b\n|-supereffective|p2a: Pelipper|1\n|-resisted|p2b: Archaludon|1\n|-damage|p2a: Pelipper|39/100\n|-damage|p2b: Archaludon|90/100\n|cant|p2b: Archaludon|flinch\n|move|p2a: Pelipper|Tailwind|p2a: Pelipper\n|-sidestart|p2: 8CanOfSoup|move: Tailwind\n|move|p1a: Scizor|Bug Bite|p2b: Archaludon\n|-resisted|p2b: Archaludon|1\n|-damage|p2b: Archaludon|63/100\n|\n|-weather|RainDance|[upkeep]\n|upkeep\n|turn|2\n|inactive|Dddewwrh has 30 seconds left.\n|\n|t:|1775961780\n|move|p1a: Scizor|Protect|p1a: Scizor\n|-singleturn|p1a: Scizor|Protect\n|move|p2b: Archaludon|Electro Shot||[still]\n|-prepare|p2b: Archaludon|Electro Shot\n|-boost|p2b: Archaludon|spa|1\n|-anim|p2b: Archaludon|Electro Shot|p1a: Scizor\n|-activate|p1a: Scizor|move: Protect\n|move|p2a: Pelipper|Hurricane|p1a: Scizor\n|-activate|p1a: Scizor|move: Protect\n|move|p1b: Aerodactyl|Tailwind|p1b: Aerodactyl\n|-sidestart|p1: Dddewwrh|move: Tailwind\n|\n|-weather|RainDance|[upkeep]\n|upkeep\n|turn|3\n|\n|t:|1775961800\n|switch|p2a: Sinistcha|Sinistcha, L50|100/100\n|-heal|p2b: Archaludon|88/100|[from] ability: Hospitality|[of] p2a: Sinistcha\n|switch|p1a: Maushold|Maushold, L50|100/100\n|move|p1b: Aerodactyl|Rock Slide|p2a: Sinistcha|[spread] p2a,p2b\n|-resisted|p2b: Archaludon|1\n|-damage|p2a: Sinistcha|75/100\n|-damage|p2b: Archaludon|77/100\n|move|p2b: Archaludon|Electro Shot||[still]\n|-prepare|p2b: Archaludon|Electro Shot\n|-boost|p2b: Archaludon|spa|1\n|-anim|p2b: Archaludon|Electro Shot|p1a: Maushold\n|-damage|p1a: Maushold|0 fnt\n|faint|p1a: Maushold\n|\n|-weather|RainDance|[upkeep]\n|-heal|p2a: Sinistcha|81/100|[from] item: Leftovers\n|upkeep\n|\n|t:|1775961815\n|switch|p1a: Incineroar|Incineroar, L50, M|100/100\n|-ability|p1a: Incineroar|Intimidate|boost\n|-unboost|p2a: Sinistcha|atk|1\n|-unboost|p2b: Archaludon|atk|1\n|turn|4\n|\n|t:|1775961839\n|move|p2b: Archaludon|Protect|p2b: Archaludon\n|-singleturn|p2b: Archaludon|Protect\n|move|p1a: Incineroar|Fake Out|p2b: Archaludon\n|-activate|p2b: Archaludon|move: Protect\n|move|p1b: Aerodactyl|Dual Wingbeat|p2a: Sinistcha|[miss]\n|-miss|p1b: Aerodactyl|p2a: Sinistcha\n|move|p2a: Sinistcha|Life Dew|p2a: Sinistcha|[spread] p2a,p2b\n|-heal|p2a: Sinistcha|100/100\n|-heal|p2b: Archaludon|100/100\n|\n|-weather|RainDance|[upkeep]\n|-sideend|p2: 8CanOfSoup|move: Tailwind\n|upkeep\n|turn|5\n|\n|t:|1775961862\n|move|p2a: Sinistcha|Protect|p2a: Sinistcha\n|-singleturn|p2a: Sinistcha|Protect\n|move|p1b: Aerodactyl|Dual Wingbeat|p2a: Sinistcha\n|-activate|p2a: Sinistcha|move: Protect\n|move|p1a: Incineroar|Flare Blitz|p2b: Archaludon\n|-damage|p2b: Archaludon|78/100\n|-status|p2b: Archaludon|brn\n|-damage|p1a: Incineroar|94/100|[from] Recoil\n|move|p2b: Archaludon|Electro Shot||[still]\n|-prepare|p2b: Archaludon|Electro Shot\n|-boost|p2b: Archaludon|spa|1\n|-anim|p2b: Archaludon|Electro Shot|p1b: Aerodactyl\n|-supereffective|p1b: Aerodactyl|1\n|-enditem|p1b: Aerodactyl|Focus Sash\n|-damage|p1b: Aerodactyl|1/100\n|\n|-weather|none\n|-damage|p2b: Archaludon|72/100 brn|[from] brn\n|-sideend|p1: Dddewwrh|move: Tailwind\n|upkeep\n|turn|6\n|inactive|8CanOfSoup has 30 seconds left.\n|\n|t:|1775961895\n|move|p1b: Aerodactyl|Tailwind|p1b: Aerodactyl\n|-sidestart|p1: Dddewwrh|move: Tailwind\n|move|p1a: Incineroar|Flare Blitz|p2a: Sinistcha\n|-supereffective|p2a: Sinistcha|1\n|-damage|p2a: Sinistcha|0 fnt\n|faint|p2a: Sinistcha\n|-damage|p1a: Incineroar|64/100|[from] Recoil\n|move|p2b: Archaludon|Dragon Pulse|p1a: Incineroar\n|-damage|p1a: Incineroar|0 fnt\n|faint|p1a: Incineroar\n|\n|-damage|p2b: Archaludon|66/100 brn|[from] brn\n|upkeep\n|\n|t:|1775961908\n|switch|p2a: Pelipper|Pelipper, L50, F|39/100\n|switch|p1a: Scizor|Scizor-Mega, L50, M|100/100\n|-weather|RainDance|[from] ability: Drizzle|[of] p2a: Pelipper\n|turn|7\n|\n|t:|1775961931\n|move|p1a: Scizor|Protect|p1a: Scizor\n|-singleturn|p1a: Scizor|Protect\n|move|p2a: Pelipper|Protect|p2a: Pelipper\n|-singleturn|p2a: Pelipper|Protect\n|move|p1b: Aerodactyl|Rock Slide|p2a: Pelipper|[spread] p2b\n|-activate|p2a: Pelipper|move: Protect\n|-resisted|p2b: Archaludon|1\n|-damage|p2b: Archaludon|56/100 brn\n|move|p2b: Archaludon|Electro Shot||[still]\n|-prepare|p2b: Archaludon|Electro Shot\n|-boost|p2b: Archaludon|spa|1\n|-anim|p2b: Archaludon|Electro Shot|p1a: Scizor\n|-activate|p1a: Scizor|move: Protect\n|\n|-weather|RainDance|[upkeep]\n|-damage|p2b: Archaludon|50/100 brn|[from] brn\n|upkeep\n|turn|8\n|inactive|Dddewwrh has 30 seconds left.\n|\n|t:|1775961958\n|move|p1b: Aerodactyl|Rock Slide|p2a: Pelipper|[spread] p2a,p2b\n|-supereffective|p2a: Pelipper|1\n|-resisted|p2b: Archaludon|1\n|-damage|p2a: Pelipper|0 fnt\n|-damage|p2b: Archaludon|38/100 brn\n|faint|p2a: Pelipper\n|move|p1a: Scizor|Dual Wingbeat|p2b: Archaludon\n|-resisted|p2b: Archaludon|1\n|-damage|p2b: Archaludon|28/100 brn\n|-resisted|p2b: Archaludon|1\n|-damage|p2b: Archaludon|17/100 brn\n|-hitcount|p2b: Archaludon|2\n|cant|p2b: Archaludon|flinch\n|\n|-weather|RainDance|[upkeep]\n|-damage|p2b: Archaludon|11/100 brn|[from] brn\n|upkeep\n|\n|t:|1775961972\n|switch|p2a: Floette|Floette-Eternal, L50, F|100/100\n|turn|9\n|\n|t:|1775961986\n|move|p1a: Scizor|Protect|p1a: Scizor\n|-singleturn|p1a: Scizor|Protect\n|move|p2a: Floette|Protect|p2a: Floette\n|-singleturn|p2a: Floette|Protect\n|move|p2b: Archaludon|Protect|p2b: Archaludon\n|-singleturn|p2b: Archaludon|Protect\n|move|p1b: Aerodactyl|Rock Slide|p2b: Archaludon|[spread] \n|-activate|p2a: Floette|move: Protect\n|-activate|p2b: Archaludon|move: Protect\n|\n|-weather|RainDance|[upkeep]\n|-damage|p2b: Archaludon|5/100 brn|[from] brn\n|-sideend|p1: Dddewwrh|move: Tailwind\n|upkeep\n|turn|10\n|\n|t:|1775962004\n|move|p1a: Scizor|Bullet Punch|p2a: Floette\n|-supereffective|p2a: Floette|1\n|-damage|p2a: Floette|0 fnt\n|faint|p2a: Floette\n|move|p1b: Aerodactyl|Rock Slide|p2b: Archaludon\n|-resisted|p2b: Archaludon|1\n|-damage|p2b: Archaludon|0 fnt\n|faint|p2b: Archaludon\n|\n|win|Dddewwrh\n|raw|Dddewwrh's rating: 1000 &rarr; <strong>1047</strong><br />(+47 for winning)\n|raw|8CanOfSoup's rating: 1063 &rarr; <strong>1040</strong><br />(-23 for losing)\n|l|\u26068CanOfSoup\n|player|p2|\n",
  "uploadtime": 1775962028,
  "views": 30,
  "formatid": "gen9championsvgc2026regma",
  "rating": 1040,
  "private": 0,
  "password": null
}