{
  "id": "gen9championsvgc2026regma-2588266082",
  "format": "[Gen 9 Champions] VGC 2026 Reg M-A",
  "players": [
    "ppyyy-inertia",
    "runningdustfc"
  ],
  "log": "|j|\u2606ppyyy-inertia\n|j|\u2606runningdustfc\n|html|<table width=\"100%\"><tr><td align=\"left\">ppyyy-inertia</td><td align=\"right\">runningdustfc</tr><tr><td align=\"left\"><i class=\"fa fa-circle\"></i> <i class=\"fa fa-circle-o\"></i> </td><td align=\"right\"><i class=\"fa fa-circle-o\"></i> <i class=\"fa fa-circle-o\"></i> </tr></table>\n|uhtml|bestof|<h2><strong>Game 2</strong> of <a href=\"/game-bestof3-gen9championsvgc2026regma-2588263496\">a best-of-3</a></h2>\n|t:|1776619385\n|gametype|doubles\n|player|p1|ppyyy-inertia|elesa-gen5bw2|\n|player|p2|runningdustfc|mela|\n|gen|9\n|tier|[Gen 9 Champions] VGC 2026 Reg M-A\n|rated|Tournament battle\n|rule|Species Clause: Limit one of each Pok\u00e9mon\n|rule|Item Clause: Limit 1 of each item\n|raw|<div class=\"infobox\"><details class=\"readmore\" open><summary><strong>1 custom rule:</strong></summary> Best of = 3</details></div>\n|clearpoke\n|poke|p1|Incineroar, L50, M|\n|poke|p1|Floette-Eternal, L50, F, shiny|\n|poke|p1|Zoroark-Hisui, L50, M, shiny|\n|poke|p1|Tinkaton, L50, F, shiny|\n|poke|p1|Dragonite, L50, M, shiny|\n|poke|p1|Garchomp, L50, F|\n|poke|p2|Quaquaval, L50, F|\n|poke|p2|Politoed, L50, M|\n|poke|p2|Archaludon, L50, F|\n|poke|p2|Incineroar, L50, M|\n|poke|p2|Whimsicott, L50, F|\n|poke|p2|Floette-Eternal, L50, F|\n|teampreview|4\n|\n|t:|1776619417\n|teamsize|p1|4\n|teamsize|p2|4\n|start\n|switch|p1a: Floette|Floette-Eternal, L50, F, shiny|100/100\n|switch|p1b: Tinkaton|Tinkaton, L50, F, shiny|100/100\n|switch|p2a: Politoed|Politoed, L50, M|100/100\n|switch|p2b: Whimsicott|Whimsicott, L50, F|100/100\n|-weather|RainDance|[from] ability: Drizzle|[of] p2a: Politoed\n|turn|1\n|\n|t:|1776619443\n|detailschange|p1a: Floette|Floette-Mega, L50, F, shiny\n|-mega|p1a: Floette|Floette|Floettite\n|-ability|p1a: Floette|Fairy Aura\n|move|p1b: Tinkaton|Feint|p2a: Politoed\n|-damage|p2a: Politoed|92/100\n|move|p2b: Whimsicott|Tailwind|p2b: Whimsicott\n|-sidestart|p2: runningdustfc|move: Tailwind\n|move|p2a: Politoed|Weather Ball|p1a: Floette\n|-damage|p1a: Floette|50/100\n|move|p1a: Floette|Moonblast|p2a: Politoed\n|-damage|p2a: Politoed|31/100\n|\n|-weather|RainDance|[upkeep]\n|upkeep\n|turn|2\n|\n|t:|1776619467\n|move|p1a: Floette|Protect|p1a: Floette\n|-singleturn|p1a: Floette|Protect\n|move|p2b: Whimsicott|Light Screen|p2b: Whimsicott\n|-sidestart|p2: runningdustfc|move: Light Screen\n|move|p2a: Politoed|Weather Ball|p1a: Floette\n|-activate|p1a: Floette|move: Protect\n|move|p1b: Tinkaton|Gigaton Hammer|p2b: Whimsicott\n|-supereffective|p2b: Whimsicott|1\n|-enditem|p2b: Whimsicott|Focus Sash\n|-damage|p2b: Whimsicott|1/100\n|\n|-weather|RainDance|[upkeep]\n|upkeep\n|turn|3\n|j| toadsamongmen\n|\n|t:|1776619488\n|move|p1b: Tinkaton|Feint|p2b: Whimsicott\n|-damage|p2b: Whimsicott|0 fnt\n|faint|p2b: Whimsicott\n|move|p2a: Politoed|Weather Ball|p1a: Floette\n|-damage|p1a: Floette|2/100\n|move|p1a: Floette|Moonblast|p2a: Politoed\n|-damage|p2a: Politoed|0 fnt\n|faint|p2a: Politoed\n|\n|-weather|RainDance|[upkeep]\n|upkeep\n|\n|t:|1776619493\n|switch|p2b: Incineroar|Incineroar, L50, M|100/100\n|switch|p2a: Floette|Floette-Eternal, L50, F|100/100\n|-ability|p2b: Incineroar|Intimidate|boost\n|-unboost|p1a: Floette|atk|1\n|-fail|p1b: Tinkaton|unboost|Attack|[from] ability: Own Tempo|[of] p1b: Tinkaton\n|turn|4\n|\n|t:|1776619505\n|detailschange|p2a: Floette|Floette-Mega, L50, F\n|-mega|p2a: Floette|Floette|Floettite\n|-ability|p2a: Floette|Fairy Aura\n|move|p2b: Incineroar|Fake Out|p1a: Floette\n|-damage|p1a: Floette|0 fnt\n|faint|p1a: Floette\n|move|p2a: Floette|Calm Mind|p2a: Floette\n|-boost|p2a: Floette|spa|1\n|-boost|p2a: Floette|spd|1\n|move|p1b: Tinkaton|Gigaton Hammer|p2a: Floette\n|-supereffective|p2a: Floette|1\n|-damage|p2a: Floette|0 fnt\n|faint|p2a: Floette\n|\n|-weather|RainDance|[upkeep]\n|-sideend|p2: runningdustfc|move: Tailwind\n|upkeep\n|\n|t:|1776619508\n|switch|p1a: Dragonite|Dragonite, L50, M, shiny|100/100\n|turn|5\n|c|\u2606runningdustfc|ggwp\n|-message|runningdustfc forfeited.\n|\n|win|ppyyy-inertia\n|l|\u2606runningdustfc\n|player|p2|\n|c|\u2606ppyyy-inertia|Gg\n",
  "uploadtime": 1776619517,
  "views": 6,
  "formatid": "gen9championsvgc2026regma",
  "rating": null,
  "private": 0,
  "password": null
}