{
  "id": "gen9championsvgc2026regma-2585685362",
  "format": "[Gen 9 Champions] VGC 2026 Reg M-A",
  "players": [
    "grimI0I",
    "WinterDr7"
  ],
  "log": "|j|\u2606grimI0I\n|j|\u2606WinterDr7\n|t:|1776363647\n|gametype|doubles\n|player|p1|grimI0I|steven|1039\n|player|p2|WinterDr7|colress|1102\n|gen|9\n|tier|[Gen 9 Champions] VGC 2026 Reg M-A\n|rated|\n|rule|Species Clause: Limit one of each Pok\u00e9mon\n|rule|Item Clause: Limit 1 of each item\n|clearpoke\n|poke|p1|Gengar, L50, F|\n|poke|p1|Clefable, L50, M|\n|poke|p1|Dragonite, L50, F|\n|poke|p1|Incineroar, L50, F|\n|poke|p1|Palafin, L50, F|\n|poke|p1|Kingambit, L50, M|\n|poke|p2|Chimecho, L50, F|\n|poke|p2|Cofagrigus, L50, M|\n|poke|p2|Gourgeist-*, L50, M|\n|poke|p2|Aerodactyl, L50, M|\n|poke|p2|Beedrill, L50, M|\n|poke|p2|Azumarill, L50, M|\n|teampreview|4\n|inactive|Battle timer is ON: inactive players will automatically lose when time's up. (requested by grimI0I)\ngrimI0I has agreed to open team sheets.\n|inactive|grimI0I has 60 seconds left.\n|inactive|WinterDr7 has 60 seconds left.\n|\n|t:|1776363684\n|teamsize|p1|4\n|teamsize|p2|4\n|start\n|switch|p1a: Palafin|Palafin, L50, F|100/100\n|switch|p1b: Clefable|Clefable, L50, M|100/100\n|switch|p2a: Aerodactyl|Aerodactyl, L50, M|100/100\n|switch|p2b: Gourgeist|Gourgeist-Super, L50, M|100/100\n|-ability|p2a: Aerodactyl|Unnerve\n|turn|1\n|inactive|WinterDr7 has 30 seconds left.\n|inactive|WinterDr7 has 20 seconds left.\n|inactive|WinterDr7 has 15 seconds left.\n|\n|t:|1776363728\n|move|p1b: Clefable|Follow Me|p1b: Clefable\n|-singleturn|p1b: Clefable|move: Follow Me\n|move|p1a: Palafin|Flip Turn|p2a: Aerodactyl\n|-supereffective|p2a: Aerodactyl|1\n|-damage|p2a: Aerodactyl|33/100\n|\n|t:|1776363745\n|detailschange|p1a: Palafin|Palafin-Hero, L50, F\n|switch|p1a: Gengar|Gengar, L50, F|100/100|[from] Flip Turn\n|move|p2a: Aerodactyl|Tailwind|p2a: Aerodactyl\n|-sidestart|p2: WinterDr7|move: Tailwind\n|move|p2b: Gourgeist|Will-O-Wisp|p1b: Clefable\n|-status|p1b: Clefable|brn\n|\n|-damage|p1b: Clefable|95/100 brn|[from] brn\n|upkeep\n|turn|2\n|\n|t:|1776363765\n|detailschange|p1a: Gengar|Gengar-Mega, L50, F\n|-mega|p1a: Gengar|Gengar|Gengarite\n|move|p2b: Gourgeist|Protect|p2b: Gourgeist\n|-singleturn|p2b: Gourgeist|Protect\n|move|p1b: Clefable|Follow Me|p1b: Clefable\n|-singleturn|p1b: Clefable|move: Follow Me\n|move|p2a: Aerodactyl|Rock Slide|p1b: Clefable|[spread] p1a,p1b\n|-damage|p1a: Gengar|63/100\n|-damage|p1b: Clefable|70/100 brn\n|move|p1a: Gengar|Shadow Ball|p2b: Gourgeist\n|-activate|p2b: Gourgeist|move: Protect\n|\n|-damage|p1b: Clefable|64/100 brn|[from] brn\n|upkeep\n|turn|3\n|inactive|WinterDr7 has 30 seconds left.\n|\n|t:|1776363792\n|move|p2a: Aerodactyl|Rock Slide|p1b: Clefable|[spread] p1a,p1b\n|-damage|p1a: Gengar|26/100\n|-damage|p1b: Clefable|37/100 brn\n|move|p1a: Gengar|Shadow Ball|p2b: Gourgeist\n|-supereffective|p2b: Gourgeist|1\n|-damage|p2b: Gourgeist|0 fnt\n|faint|p2b: Gourgeist\n|move|p1b: Clefable|Night Shade|p2a: Aerodactyl\n|-damage|p2a: Aerodactyl|1/100\n|\n|-damage|p1b: Clefable|31/100 brn|[from] brn\n|upkeep\n|\n|t:|1776363804\n|switch|p2b: Beedrill|Beedrill, L50, M|100/100\n|turn|4\n|\n|t:|1776363820\n|detailschange|p2b: Beedrill|Beedrill-Mega, L50, M\n|-mega|p2b: Beedrill|Beedrill|Beedrillite\n|move|p1a: Gengar|Protect|p1a: Gengar\n|-singleturn|p1a: Gengar|Protect\n|move|p2a: Aerodactyl|Rock Slide|p1b: Clefable|[spread] p1b\n|-activate|p1a: Gengar|move: Protect\n|-damage|p1b: Clefable|6/100 brn\n|move|p2b: Beedrill|Fell Stinger|p1b: Clefable\n|-resisted|p1b: Clefable|1\n|-damage|p1b: Clefable|0 fnt\n|faint|p1b: Clefable\n|-boost|p2b: Beedrill|atk|3\n|\n|-sideend|p2: WinterDr7|move: Tailwind\n|upkeep\n|\n|t:|1776363837\n|switch|p1b: Palafin|Palafin-Hero, L50, F|100/100\n|-activate|p1b: Palafin|ability: Zero to Hero\n|turn|5\n|\n|t:|1776363862\n|move|p1b: Palafin|Wave Crash|p2a: Aerodactyl\n|-supereffective|p2a: Aerodactyl|1\n|-damage|p2a: Aerodactyl|0 fnt\n|faint|p2a: Aerodactyl\n|-damage|p1b: Palafin|99/100|[from] Recoil\n|move|p1a: Gengar|Shadow Ball|p2b: Beedrill\n|-crit|p2b: Beedrill\n|-damage|p2b: Beedrill|0 fnt\n|faint|p2b: Beedrill\n|\n|upkeep\n|\n|t:|1776363876\n|switch|p2a: Cofagrigus|Cofagrigus, L50, M|100/100\n|turn|6\n|\n|t:|1776363884\n|move|p1b: Palafin|Wave Crash|p2a: Cofagrigus\n|-damage|p2a: Cofagrigus|44/100\n|-damage|p1b: Palafin|82/100|[from] Recoil\n|move|p1a: Gengar|Shadow Ball|p2a: Cofagrigus\n|-supereffective|p2a: Cofagrigus|1\n|-damage|p2a: Cofagrigus|0 fnt\n|faint|p2a: Cofagrigus\n|\n|win|grimI0I\n|raw|grimI0I's rating: 1039 &rarr; <strong>1079</strong><br />(+40 for winning)\n|raw|WinterDr7's rating: 1102 &rarr; <strong>1073</strong><br />(-29 for losing)\n",
  "uploadtime": 1776363886,
  "views": 14,
  "formatid": "gen9championsvgc2026regma",
  "rating": 1073,
  "private": 0,
  "password": null
}