{
  "id": "gen9championsvgc2026regma-2584763040",
  "format": "[Gen 9 Champions] VGC 2026 Reg M-A",
  "players": [
    "x cs SSDV",
    "twentynine29"
  ],
  "log": "|j|\u2606x cs SSDV\n|j|\u2606twentynine29\n|t:|1776281917\n|gametype|doubles\n|player|p1|x cs SSDV|backersf|1073\n|player|p2|twentynine29|2|1119\n|gen|9\n|tier|[Gen 9 Champions] VGC 2026 Reg M-A\n|rated|\n|rule|Species Clause: Limit one of each Pok\u00e9mon\n|rule|Item Clause: Limit 1 of each item\n|clearpoke\n|poke|p1|Victreebel, L50, F|\n|poke|p1|Mamoswine, L50, F|\n|poke|p1|Aerodactyl, L50, F|\n|poke|p1|Gyarados, L50, M|\n|poke|p1|Pelipper, L50, F|\n|poke|p1|Sneasler, L50, F|\n|poke|p2|Charizard, L50, M|\n|poke|p2|Basculegion, L50, M|\n|poke|p2|Incineroar, L50, F|\n|poke|p2|Venusaur, L50, M|\n|poke|p2|Garchomp, L50, M|\n|poke|p2|Sneasler, L50, F|\n|teampreview|4\n|inactive|Battle timer is ON: inactive players will automatically lose when time's up. (requested by twentynine29)\ntwentynine29 has agreed to open team sheets.\n|\n|t:|1776281945\n|teamsize|p1|4\n|teamsize|p2|4\n|start\n|switch|p1a: Aerodactyl|Aerodactyl, L50, F|100/100\n|switch|p1b: Victreebel|Victreebel, L50, F|100/100\n|switch|p2a: Basculegion|Basculegion, L50, M|100/100\n|switch|p2b: Sneasler|Sneasler, L50, F|100/100\n|-ability|p1a: Aerodactyl|Unnerve\n|turn|1\n|\n|t:|1776281966\n|detailschange|p1b: Victreebel|Victreebel-Mega, L50, F\n|-mega|p1b: Victreebel|Victreebel|Victreebelite\n|move|p1a: Aerodactyl|Protect|p1a: Aerodactyl\n|-singleturn|p1a: Aerodactyl|Protect\n|move|p2b: Sneasler|Fake Out|p1b: Victreebel\n|-damage|p1b: Victreebel|87/100\n|-immune|p1b: Victreebel\n|move|p2a: Basculegion|Liquidation|p1a: Aerodactyl\n|-activate|p1a: Aerodactyl|move: Protect\n|cant|p1b: Victreebel|flinch\n|\n|upkeep\n|turn|2\n|inactive|x cs SSDV has 30 seconds left.\n|\n|t:|1776281995\n|move|p1a: Aerodactyl|Dual Wingbeat|p2b: Sneasler\n|-supereffective|p2b: Sneasler|1\n|-damage|p2b: Sneasler|34/100\n|-supereffective|p2b: Sneasler|1\n|-damage|p2b: Sneasler|0 fnt\n|faint|p2b: Sneasler\n|-hitcount|p2: Sneasler|2\n|move|p2a: Basculegion|Liquidation|p1a: Aerodactyl\n|-supereffective|p1a: Aerodactyl|1\n|-enditem|p1a: Aerodactyl|Focus Sash\n|-damage|p1a: Aerodactyl|1/100\n|move|p1b: Victreebel|Wrap|p2a: Basculegion\n|-immune|p2a: Basculegion\n|\n|upkeep\n|\n|t:|1776282017\n|switch|p2b: Venusaur|Venusaur, L50, M|100/100\n|turn|3\n|\n|t:|1776282032\n|move|p1a: Aerodactyl|Dual Wingbeat|p2b: Venusaur\n|-supereffective|p2b: Venusaur|1\n|-damage|p2b: Venusaur|46/100\n|-supereffective|p2b: Venusaur|1\n|-damage|p2b: Venusaur|0 fnt\n|faint|p2b: Venusaur\n|-hitcount|p2: Venusaur|2\n|move|p2a: Basculegion|Liquidation|p1a: Aerodactyl\n|-supereffective|p1a: Aerodactyl|1\n|-damage|p1a: Aerodactyl|0 fnt\n|faint|p1a: Aerodactyl\n|move|p1b: Victreebel|Wrap|p2a: Basculegion\n|-immune|p2a: Basculegion\n|\n|upkeep\n|\n|t:|1776282039\n|switch|p1a: Gyarados|Gyarados, L50, M|100/100\n|switch|p2b: Charizard|Charizard, L50, M|100/100\n|-ability|p1a: Gyarados|Intimidate|boost\n|-unboost|p2a: Basculegion|atk|1\n|-unboost|p2b: Charizard|atk|1\n|turn|4\n|\n|t:|1776282046\n|detailschange|p2b: Charizard|Charizard-Mega-Y, L50, M\n|-mega|p2b: Charizard|Charizard|Charizardite Y\n|-weather|SunnyDay|[from] ability: Drought|[of] p2b: Charizard\n|move|p1a: Gyarados|Protect|p1a: Gyarados\n|-singleturn|p1a: Gyarados|Protect\n|move|p1b: Victreebel|Protect|p1b: Victreebel\n|-singleturn|p1b: Victreebel|Protect\n|move|p2a: Basculegion|Liquidation|p1a: Gyarados\n|-activate|p1a: Gyarados|move: Protect\n|move|p2b: Charizard|Weather Ball|p1b: Victreebel\n|-activate|p1b: Victreebel|move: Protect\n|\n|-weather|SunnyDay|[upkeep]\n|upkeep\n|turn|5\n|\n|t:|1776282063\n|switch|p1a: Pelipper|Pelipper, L50, F|100/100\n|-weather|RainDance|[from] ability: Drizzle|[of] p1a: Pelipper\n|move|p2a: Basculegion|Liquidation|p1a: Pelipper\n|-resisted|p1a: Pelipper|1\n|-damage|p1a: Pelipper|77/100\n|move|p2b: Charizard|Heat Wave|p1b: Victreebel|[spread] p1a,p1b\n|-resisted|p1a: Pelipper|1\n|-supereffective|p1b: Victreebel|1\n|-damage|p1a: Pelipper|64/100\n|-damage|p1b: Victreebel|54/100\n|-status|p1a: Pelipper|brn\n|move|p1b: Victreebel|Strength Sap|p2a: Basculegion\n|-unboost|p2a: Basculegion|atk|1\n|-heal|p1b: Victreebel|100/100\n|\n|-weather|RainDance|[upkeep]\n|-damage|p1a: Pelipper|58/100 brn|[from] brn\n|upkeep\n|turn|6\n|\n|t:|1776282084\n|move|p1a: Pelipper|Wide Guard|p1a: Pelipper\n|-singleturn|p1a: Pelipper|Wide Guard\n|move|p2a: Basculegion|Liquidation|p1a: Pelipper\n|-resisted|p1a: Pelipper|1\n|-damage|p1a: Pelipper|41/100 brn\n|-unboost|p1a: Pelipper|def|1\n|-enditem|p1a: Pelipper|Sitrus Berry|[eat]\n|-heal|p1a: Pelipper|65/100 brn|[from] item: Sitrus Berry\n|move|p2b: Charizard|Weather Ball|p1a: Pelipper\n|-resisted|p1a: Pelipper|1\n|-damage|p1a: Pelipper|23/100 brn\n|move|p1b: Victreebel|Wrap|p2b: Charizard\n|-damage|p2b: Charizard|95/100\n|-activate|p2b: Charizard|move: Wrap|[of] p1b: Victreebel\n|\n|-weather|RainDance|[upkeep]\n|-damage|p1a: Pelipper|17/100 brn|[from] brn\n|-damage|p2b: Charizard|82/100|[from] move: Wrap|[partiallytrapped]\n|upkeep\n|turn|7\n|\n|t:|1776282106\n|switch|p1a: Gyarados|Gyarados, L50, M|100/100\n|-ability|p1a: Gyarados|Intimidate|boost\n|-unboost|p2a: Basculegion|atk|1\n|-unboost|p2b: Charizard|atk|1\n|move|p2a: Basculegion|Liquidation|p1a: Gyarados\n|-resisted|p1a: Gyarados|1\n|-damage|p1a: Gyarados|83/100\n|-unboost|p1a: Gyarados|def|1\n|move|p2b: Charizard|Air Slash|p1b: Victreebel\n|-supereffective|p1b: Victreebel|1\n|-crit|p1b: Victreebel\n|-damage|p1b: Victreebel|0 fnt\n|-damage|p2b: Charizard|0 fnt|[from] ability: Innards Out|[of] p1b: Victreebel\n|faint|p1b: Victreebel\n|faint|p2b: Charizard\n|\n|-weather|RainDance|[upkeep]\n|upkeep\n|-message|twentynine29 forfeited.\n|\n|win|x cs SSDV\n|raw|x cs SSDV's rating: 1073 &rarr; <strong>1106</strong><br />(+33 for winning)\n|raw|twentynine29's rating: 1119 &rarr; <strong>1091</strong><br />(-28 for losing)\n|l|\u2606twentynine29\n|player|p2|\n",
  "uploadtime": 1776282123,
  "views": 17,
  "formatid": "gen9championsvgc2026regma",
  "rating": 1091,
  "private": 0,
  "password": null
}