{
  "id": "gen9championsvgc2026regma-2582294062",
  "format": "[Gen 9 Champions] VGC 2026 Reg M-A",
  "players": [
    "m00ney",
    "LIcker1234"
  ],
  "log": "|j|\u2606m00ney\n|j|\u2606LIcker1234\n|t:|1776080634\n|gametype|doubles\n|player|p1|m00ney|265|1000\n|player|p2|LIcker1234|2|1000\n|gen|9\n|tier|[Gen 9 Champions] VGC 2026 Reg M-A\n|rated|\n|rule|Species Clause: Limit one of each Pok\u00e9mon\n|rule|Item Clause: Limit 1 of each item\n|clearpoke\n|poke|p1|Feraligatr, L50, M|\n|poke|p1|Pelipper, L50, F|\n|poke|p1|Ditto, L50|\n|poke|p1|Incineroar, L50, F|\n|poke|p1|Archaludon, L50, M|\n|poke|p1|Sinistcha, L50|\n|poke|p2|Golurk, L50|\n|poke|p2|Venusaur, L50, F|\n|poke|p2|Torkoal, L50, M|\n|poke|p2|Incineroar, L50, M|\n|poke|p2|Farigiraf, L50, M|\n|poke|p2|Sneasler, L50, M|\n|teampreview|4\n|\n|t:|1776080668\n|teamsize|p1|4\n|teamsize|p2|4\n|start\n|switch|p1a: Feraligatr|Feraligatr, L50, M|100/100\n|switch|p1b: Pelipper|Pelipper, L50, F|100/100\n|switch|p2a: Golurk|Golurk, L50|100/100\n|switch|p2b: Farigiraf|Farigiraf, L50, M|100/100\n|-weather|RainDance|[from] ability: Drizzle|[of] p1b: Pelipper\n|turn|1\n|\n|t:|1776080702\n|switch|p2a: Torkoal|Torkoal, L50, M|100/100\n|-weather|SunnyDay|[from] ability: Drought|[of] p2a: Torkoal\n|detailschange|p1a: Feraligatr|Feraligatr-Mega, L50, M\n|-mega|p1a: Feraligatr|Feraligatr|Feraligite\n|move|p1a: Feraligatr|Liquidation|p2b: Farigiraf\n|-damage|p2b: Farigiraf|75/100\n|move|p1b: Pelipper|Weather Ball|p2b: Farigiraf\n|-damage|p2b: Farigiraf|43/100\n|-enditem|p2b: Farigiraf|Sitrus Berry|[eat]\n|-heal|p2b: Farigiraf|68/100|[from] item: Sitrus Berry\n|move|p2b: Farigiraf|Trick Room|p2b: Farigiraf\n|-fieldstart|move: Trick Room|[of] p2b: Farigiraf\n|\n|-weather|SunnyDay|[upkeep]\n|upkeep\n|turn|2\n|\n|t:|1776080724\n|move|p1b: Pelipper|Protect|p1b: Pelipper\n|-singleturn|p1b: Pelipper|Protect\n|move|p2a: Torkoal|Eruption|p1b: Pelipper|[spread] p1a\n|-activate|p1b: Pelipper|move: Protect\n|-resisted|p1a: Feraligatr|2\n|-damage|p1a: Feraligatr|74/100\n|move|p2b: Farigiraf|Hyper Voice|p1a: Feraligatr|[spread] p1a\n|-activate|p1b: Pelipper|move: Protect\n|-damage|p1a: Feraligatr|40/100\n|move|p1a: Feraligatr|Earthquake|p2a: Torkoal|[spread] p2a,p2b\n|-activate|p1b: Pelipper|move: Protect\n|-supereffective|p2a: Torkoal|1\n|-crit|p2b: Farigiraf\n|-damage|p2a: Torkoal|50/100\n|-damage|p2b: Farigiraf|21/100\n|\n|-weather|SunnyDay|[upkeep]\n|upkeep\n|turn|3\n|\n|t:|1776080748\n|switch|p1b: Incineroar|Incineroar, L50, F|100/100\n|-ability|p1b: Incineroar|Intimidate|boost\n|-unboost|p2a: Torkoal|atk|1\n|-unboost|p2b: Farigiraf|atk|1\n|move|p2a: Torkoal|Heat Wave|p1a: Feraligatr|[spread] p1a\n|-miss|p2a: Torkoal|p1b: Incineroar\n|-resisted|p1a: Feraligatr|2\n|-damage|p1a: Feraligatr|24/100\n|move|p2b: Farigiraf|Hyper Voice|p1b: Incineroar|[spread] p1a,p1b\n|-damage|p1a: Feraligatr|0 fnt\n|-damage|p1b: Incineroar|74/100\n|faint|p1a: Feraligatr\n|\n|-weather|SunnyDay|[upkeep]\n|upkeep\n|\n|t:|1776080762\n|switch|p1a: Pelipper|Pelipper, L50, F|100/100\n|-weather|RainDance|[from] ability: Drizzle|[of] p1a: Pelipper\n|turn|4\n|\n|t:|1776080785\n|move|p2a: Torkoal|Weather Ball|p1b: Incineroar\n|-supereffective|p1b: Incineroar|1\n|-damage|p1b: Incineroar|0 fnt\n|faint|p1b: Incineroar\n|move|p2b: Farigiraf|Hyper Voice|p1a: Pelipper\n|-damage|p1a: Pelipper|38/100\n|move|p1a: Pelipper|Weather Ball|p2a: Torkoal\n|-supereffective|p2a: Torkoal|1\n|-damage|p2a: Torkoal|0 fnt\n|faint|p2a: Torkoal\n|\n|-weather|RainDance|[upkeep]\n|upkeep\n|\n|t:|1776080806\n|switch|p2a: Incineroar|Incineroar, L50, M|100/100\n|switch|p1b: Ditto|Ditto, L50|100/100\n|-ability|p2a: Incineroar|Intimidate|boost\n|-unboost|p1a: Pelipper|atk|1\n|-unboost|p1b: Ditto|atk|1\n|-transform|p1b: Ditto|p2a: Incineroar|[from] ability: Imposter\n|-ability|p1b: Ditto|Intimidate|boost\n|-unboost|p2a: Incineroar|atk|1\n|-unboost|p2b: Farigiraf|atk|1\n|turn|5\n|\n|t:|1776080822\n|move|p1a: Pelipper|Protect|p1a: Pelipper\n|-singleturn|p1a: Pelipper|Protect\n|move|p2a: Incineroar|Fake Out|p1a: Pelipper\n|-activate|p1a: Pelipper|move: Protect\n|move|p1b: Ditto|Fake Out||[still]\n|cant|p2b: Farigiraf|ability: Armor Tail|Fake Out|[of] p1b: Ditto\n|move|p2b: Farigiraf|Hyper Voice|p1b: Ditto|[spread] p1b\n|-activate|p1a: Pelipper|move: Protect\n|-damage|p1b: Ditto|55/100\n|\n|-weather|RainDance|[upkeep]\n|-fieldend|move: Trick Room\n|upkeep\n|turn|6\n|\n|t:|1776080841\n|-activate|p1b: Ditto|move: Struggle\n|move|p1b: Ditto|Struggle|p2a: Incineroar\n|-damage|p2a: Incineroar|91/100\n|-damage|p1b: Ditto|30/100|[from] recoil\n|move|p1a: Pelipper|Weather Ball|p2a: Incineroar\n|-supereffective|p2a: Incineroar|1\n|-damage|p2a: Incineroar|0 fnt\n|faint|p2a: Incineroar\n|move|p2b: Farigiraf|Trick Room|p2b: Farigiraf\n|-fieldstart|move: Trick Room|[of] p2b: Farigiraf\n|\n|-weather|RainDance|[upkeep]\n|upkeep\n|\n|t:|1776080852\n|switch|p2a: Golurk|Golurk, L50|100/100\n|turn|7\n|-message|m00ney forfeited.\n|\n|win|LIcker1234\n|raw|m00ney's rating: 1000 &rarr; <strong>1000</strong><br />(+0 for losing)\n|raw|LIcker1234's rating: 1000 &rarr; <strong>1040</strong><br />(+40 for winning)\n|l|\u2606m00ney\n|player|p1|\n",
  "uploadtime": 1776080864,
  "views": 14,
  "formatid": "gen9championsvgc2026regma",
  "rating": 1000,
  "private": 0,
  "password": null
}