{
  "id": "gen9championsvgc2026regma-2580314206",
  "format": "[Gen 9 Champions] VGC 2026 Reg M-A",
  "players": [
    "svdmch",
    "Brakmeritus"
  ],
  "log": "|j|\u2606svdmch\n|j|\u2606Brakmeritus\n|t:|1775879335\n|gametype|doubles\n|player|p1|svdmch|twins-gen4dp|1000\n|player|p2|Brakmeritus|lady|1022\n|gen|9\n|tier|[Gen 9 Champions] VGC 2026 Reg M-A\n|rated|\n|rule|Species Clause: Limit one of each Pok\u00e9mon\n|rule|Item Clause: Limit 1 of each item\n|clearpoke\n|poke|p1|Froslass, L50, F|\n|poke|p1|Primarina, L50, F|\n|poke|p1|Kingambit, L50, M|\n|poke|p1|Arcanine-Hisui, L50, M|\n|poke|p1|Sinistcha, L50|\n|poke|p1|Sneasler, L50, F|\n|poke|p2|Charizard, L50, F|\n|poke|p2|Venusaur, L50, F|\n|poke|p2|Garchomp, L50, M|\n|poke|p2|Rotom-Wash, L50|\n|poke|p2|Sneasler, L50, M|\n|poke|p2|Incineroar, L50, F|\n|teampreview|4\n|\n|t:|1775879421\n|teamsize|p1|4\n|teamsize|p2|4\n|start\n|switch|p1a: Arcanine|Arcanine-Hisui, L50, M|100/100\n|switch|p1b: Sneasler|Sneasler, L50, F, shiny|100/100\n|switch|p2a: Charizard|Charizard, L50, F|100/100\n|switch|p2b: Sneasler|Sneasler, L50, M|100/100\n|-ability|p1a: Arcanine|Intimidate|boost\n|-unboost|p2a: Charizard|atk|1\n|-unboost|p2b: Sneasler|atk|1\n|-enditem|p2b: Sneasler|White Herb\n|-clearnegativeboost|p2b: Sneasler|[silent]\n|turn|1\n|\n|t:|1775879482\n|switch|p2a: Garchomp|Garchomp, L50, M|100/100\n|move|p2b: Sneasler|Fake Out|p1b: Sneasler\n|-damage|p1b: Sneasler|77/100\n|cant|p1b: Sneasler|flinch\n|move|p1a: Arcanine|Rock Slide|p2b: Sneasler|[spread] p2a,p2b\n|-resisted|p2a: Garchomp|1\n|-resisted|p2b: Sneasler|1\n|-damage|p2a: Garchomp|86/100\n|-damage|p2b: Sneasler|78/100\n|\n|upkeep\n|turn|2\n|\n|t:|1775879555\n|switch|p1b: Primarina|Primarina, L50, F|100/100\n|move|p1a: Arcanine|Extreme Speed|p2b: Sneasler\n|-damage|p2b: Sneasler|34/100\n|move|p2b: Sneasler|Close Combat|p1a: Arcanine\n|-supereffective|p1a: Arcanine|1\n|-enditem|p1a: Arcanine|Focus Sash\n|-damage|p1a: Arcanine|1/100\n|-unboost|p2b: Sneasler|def|1\n|-unboost|p2b: Sneasler|spd|1\n|move|p2a: Garchomp|Dragon Claw|p1b: Primarina\n|-immune|p1b: Primarina\n|\n|upkeep\n|turn|3\n|\n|t:|1775879591\n|move|p1a: Arcanine|Protect|p1a: Arcanine\n|-singleturn|p1a: Arcanine|Protect\n|move|p2b: Sneasler|Dire Claw|p1b: Primarina\n|-supereffective|p1b: Primarina|1\n|-damage|p1b: Primarina|11/100\n|-status|p1b: Primarina|slp\n|move|p2a: Garchomp|Dragon Claw|p1a: Arcanine\n|-activate|p1a: Arcanine|move: Protect\n|cant|p1b: Primarina|slp\n|\n|-heal|p1b: Primarina|17/100 slp|[from] item: Leftovers\n|upkeep\n|turn|4\n|\n|t:|1775879631\n|switch|p2b: Venusaur|Venusaur, L50, F|100/100\n|switch|p1b: Sneasler|Sneasler, L50, F, shiny|77/100\n|move|p1a: Arcanine|Extreme Speed|p2b: Venusaur\n|-damage|p2b: Venusaur|68/100\n|move|p2a: Garchomp|Dragon Claw|p1a: Arcanine\n|-damage|p1a: Arcanine|0 fnt\n|faint|p1a: Arcanine\n|\n|upkeep\n|\n|t:|1775879647\n|switch|p1a: Froslass|Froslass, L50, F, shiny|100/100\n|turn|5\n|inactive|Battle timer is ON: inactive players will automatically lose when time's up. (requested by svdmch)\n|\n|t:|1775879695\n|switch|p2a: Charizard|Charizard, L50, F|100/100\n|detailschange|p1a: Froslass|Froslass-Mega, L50, F, shiny\n|-mega|p1a: Froslass|Froslass|Froslassite\n|-weather|Snowscape|[from] ability: Snow Warning|[of] p1a: Froslass\n|move|p1b: Sneasler|Fake Out|p2a: Charizard\n|-damage|p2a: Charizard|81/100\n|move|p1a: Froslass|Blizzard|p2b: Venusaur|[spread] p2a,p2b\n|-supereffective|p2b: Venusaur|1\n|-damage|p2a: Charizard|19/100\n|-damage|p2b: Venusaur|0 fnt\n|faint|p2b: Venusaur\n|\n|-weather|Snowscape|[upkeep]\n|upkeep\n|\n|t:|1775879709\n|switch|p2b: Garchomp|Garchomp, L50, M|86/100\n|turn|6\n|\n|t:|1775879727\n|detailschange|p2a: Charizard|Charizard-Mega-Y, L50, F\n|-mega|p2a: Charizard|Charizard|Charizardite Y\n|-weather|SunnyDay|[from] ability: Drought|[of] p2a: Charizard\n|move|p2a: Charizard|Protect|p2a: Charizard\n|-singleturn|p2a: Charizard|Protect\n|move|p2b: Garchomp|Bulldoze|p1a: Froslass|[spread] p1a,p1b\n|-activate|p2a: Charizard|move: Protect\n|-supereffective|p1b: Sneasler|1\n|-damage|p1a: Froslass|60/100\n|-damage|p1b: Sneasler|0 fnt\n|-unboost|p1a: Froslass|spe|1\n|faint|p1b: Sneasler\n|move|p1a: Froslass|Blizzard|p2b: Garchomp|[spread] p2b\n|-activate|p2a: Charizard|move: Protect\n|-supereffective|p2b: Garchomp|2\n|-damage|p2b: Garchomp|0 fnt\n|faint|p2b: Garchomp\n|\n|-weather|SunnyDay|[upkeep]\n|upkeep\n|\n|t:|1775879747\n|switch|p1b: Primarina|Primarina, L50, F|17/100 slp\n|switch|p2b: Sneasler|Sneasler, L50, M|34/100\n|turn|7\n|\n|t:|1775879764\n|move|p1a: Froslass|Protect|p1a: Froslass\n|-singleturn|p1a: Froslass|Protect\n|move|p2b: Sneasler|Fake Out|p1a: Froslass\n|-activate|p1a: Froslass|move: Protect\n|move|p2a: Charizard|Heat Wave|p1b: Primarina|[spread] p1b\n|-activate|p1a: Froslass|move: Protect\n|-resisted|p1b: Primarina|1\n|-damage|p1b: Primarina|0 fnt\n|faint|p1b: Primarina\n|\n|-weather|SunnyDay|[upkeep]\n|upkeep\n|turn|8\n|inactive|Brakmeritus has 30 seconds left.\n|\n|t:|1775879790\n|move|p2b: Sneasler|Rock Tomb|p1a: Froslass\n|-supereffective|p1a: Froslass|1\n|-damage|p1a: Froslass|0 fnt\n|faint|p1a: Froslass\n|\n|win|Brakmeritus\n|raw|svdmch's rating: 1000 &rarr; <strong>1000</strong><br />(+0 for losing)\n|raw|Brakmeritus's rating: 1022 &rarr; <strong>1056</strong><br />(+34 for winning)\n",
  "uploadtime": 1775879791,
  "views": 13,
  "formatid": "gen9championsvgc2026regma",
  "rating": 1000,
  "private": 0,
  "password": null
}