{
  "id": "gen9championsvgc2026regma-2580852049",
  "format": "[Gen 9 Champions] VGC 2026 Reg M-A",
  "players": [
    "PPYYY",
    "salt_water123"
  ],
  "log": "|j|\u2606PPYYY\n|j|\u2606salt_water123\n|t:|1775937746\n|gametype|doubles\n|player|p1|PPYYY|miku-water|\n|player|p2|salt_water123|harmony|\n|gen|9\n|tier|[Gen 9 Champions] VGC 2026 Reg M-A\n|rated|Tournament battle\n|rule|Species Clause: Limit one of each Pok\u00e9mon\n|rule|Item Clause: Limit 1 of each item\n|clearpoke\n|poke|p1|Gengar, L50, F|\n|poke|p1|Hydreigon, L50, F|\n|poke|p1|Corviknight, L50, F|\n|poke|p1|Incineroar, L50, M|\n|poke|p1|Typhlosion-Hisui, L50, M|\n|poke|p1|Milotic, L50, F|\n|poke|p2|Milotic, L50, F|\n|poke|p2|Chandelure, L50, F|\n|poke|p2|Sneasler, L50, F|\n|poke|p2|Talonflame, L50, F|\n|teampreview|4\n|inactive|Battle timer is ON: inactive players will automatically lose when time's up. (requested by salt_water123)\n|inactive|PPYYY has 60 seconds left.\n|\n|t:|1775937788\n|teamsize|p1|4\n|teamsize|p2|4\n|start\n|switch|p1a: ll|Milotic, L50, F|100/100\n|switch|p1b: lll|Typhlosion-Hisui, L50, M|100/100\n|switch|p2a: Milotic|Milotic, L50, F|100/100\n|switch|p2b: Sneasler|Sneasler, L50, F|100/100\n|-item|p2a: Milotic|Leftovers|[from] ability: Frisk|[of] p1b: lll\n|-item|p2b: Sneasler|White Herb|[from] ability: Frisk|[of] p1b: lll\n|turn|1\n|\n|t:|1775937798\n|switch|p2b: Chandelure|Chandelure, L50, F|100/100\n|move|p1b: lll|Eruption|p2a: Milotic|[spread] p2a\n|-start|p2b: Chandelure|ability: Flash Fire\n|-resisted|p2a: Milotic|1\n|-damage|p2a: Milotic|84/100\n|move|p2a: Milotic|Coil|p2a: Milotic\n|-boost|p2a: Milotic|atk|1\n|-boost|p2a: Milotic|def|1\n|-boost|p2a: Milotic|accuracy|1\n|move|p1a: ll|Coil|p1a: ll\n|-boost|p1a: ll|atk|1\n|-boost|p1a: ll|def|1\n|-boost|p1a: ll|accuracy|1\n|\n|-heal|p2a: Milotic|90/100|[from] item: Leftovers\n|upkeep\n|turn|2\n|\n|t:|1775937810\n|switch|p1b: lal|Hydreigon, L50, F|100/100\n|move|p1a: ll|Protect|p1a: ll\n|-singleturn|p1a: ll|Protect\n|move|p2b: Chandelure|Protect|p2b: Chandelure\n|-singleturn|p2b: Chandelure|Protect\n|move|p2a: Milotic|Hypnosis|p1a: ll\n|-activate|p1a: ll|move: Protect\n|\n|-heal|p2a: Milotic|96/100|[from] item: Leftovers\n|upkeep\n|turn|3\n|j| VGCGoomey\n|\n|t:|1775937827\n|-end|p2b: Chandelure|ability: Flash Fire|[silent]\n|switch|p2b: Talonflame|Talonflame, L50, F|100/100\n|move|p1b: lal|Tailwind|p1b: lal\n|-sidestart|p1: PPYYY|move: Tailwind\n|move|p1a: ll|Hypnosis|p2a: Milotic|[miss]\n|-miss|p1a: ll|p2a: Milotic\n|move|p2a: Milotic|Hypnosis|p1b: lal\n|-status|p1b: lal|slp|[from] move: Hypnosis\n|\n|-heal|p2a: Milotic|100/100|[from] item: Leftovers\n|upkeep\n|turn|4\n|j| schmeddi14\n|l| VGCGoomey\n|\n|t:|1775937837\n|move|p2b: Talonflame|Tailwind|p2b: Talonflame\n|-sidestart|p2: salt_water123|move: Tailwind\n|cant|p1b: lal|slp\n|move|p2a: Milotic|Hypnosis|p1a: ll\n|-status|p1a: ll|slp|[from] move: Hypnosis\n|cant|p1a: ll|slp\n|\n|upkeep\n|turn|5\n|l| schmeddi14\n|\n|t:|1775937848\n|move|p2b: Talonflame|Acrobatics|p1b: lal\n|-damage|p1b: lal|55/100 slp\n|cant|p1b: lal|slp\n|move|p2a: Milotic|Coil|p2a: Milotic\n|-boost|p2a: Milotic|atk|1\n|-boost|p2a: Milotic|def|1\n|-boost|p2a: Milotic|accuracy|1\n|cant|p1a: ll|slp\n|\n|upkeep\n|turn|6\n|\n|t:|1775937875\n|-curestatus|p1b: lal|slp|[msg]\n|move|p1b: lal|Protect|p1b: lal\n|-singleturn|p1b: lal|Protect\n|move|p2b: Talonflame|Acrobatics|p1b: lal\n|-activate|p1b: lal|move: Protect\n|move|p2a: Milotic|Hypnosis|p1a: ll\n|-fail|p1a: ll|slp\n|-curestatus|p1a: ll|slp|[msg]\n|move|p1a: ll|Hypnosis|p2a: Milotic|[miss]\n|-miss|p1a: ll|p2a: Milotic\n|\n|-sideend|p1: PPYYY|move: Tailwind\n|upkeep\n|turn|7\n|c|\u2606PPYYY|that is such garbage\n|c|\u2606salt_water123|your Milo needs to lock tf in\n|c|\u2606PPYYY|fr\n|inactive|PPYYY has 30 seconds left.\n|inactive|PPYYY has 20 seconds left.\n|inactive|PPYYY has 15 seconds left.\n|inactive|PPYYY has 10 seconds left.\n|\n|t:|1775937923\n|move|p2b: Talonflame|Acrobatics|p1b: lal\n|-damage|p1b: lal|1/100\n|move|p2a: Milotic|Hypnosis|p1b: lal\n|-status|p1b: lal|slp|[from] move: Hypnosis\n|cant|p1b: lal|slp\n|move|p1a: ll|Hypnosis|p2a: Milotic|[miss]\n|-miss|p1a: ll|p2a: Milotic\n|\n|-sideend|p2: salt_water123|move: Tailwind\n|upkeep\n|turn|8\n|c|\u2606salt_water123|bruh\n|c|\u2606PPYYY|bruh\n|inactive|PPYYY has 30 seconds left.\n|\n|t:|1775937948\n|switch|p1b: al|Gengar, L50, F|100/100\n|move|p1a: ll|Protect|p1a: ll\n|-singleturn|p1a: ll|Protect\n|move|p2b: Talonflame|Tailwind|p2b: Talonflame\n|-sidestart|p2: salt_water123|move: Tailwind\n|move|p2a: Milotic|Muddy Water|p1a: ll|[spread] p1b\n|-activate|p1a: ll|move: Protect\n|-crit|p1b: al\n|-damage|p1b: al|39/100\n|\n|upkeep\n|turn|9\n|-message|PPYYY forfeited.\n|\n|win|salt_water123\n|n|\u2606PPYYY|ppyyy\n|n|\u2606salt_water123|saltwater123\n|c|\u2606salt_water123|Understandable\ud83d\ude2d\n",
  "uploadtime": 1775937964,
  "views": 13,
  "formatid": "gen9championsvgc2026regma",
  "rating": null,
  "private": 0,
  "password": null
}