{
  "id": "gen9championsvgc2026regma-2582420608",
  "format": "[Gen 9 Champions] VGC 2026 Reg M-A",
  "players": [
    "PenGuonMobile",
    "NotAnOmen"
  ],
  "log": "|j|\u2606PenGuonMobile\n|j|\u2606NotAnOmen\n|t:|1776090545\n|gametype|doubles\n|player|p1|PenGuonMobile|101|1107\n|player|p2|NotAnOmen|169|1085\n|gen|9\n|tier|[Gen 9 Champions] VGC 2026 Reg M-A\n|rated|\n|rule|Species Clause: Limit one of each Pok\u00e9mon\n|rule|Item Clause: Limit 1 of each item\n|clearpoke\n|poke|p1|Incineroar, L50, M|\n|poke|p1|Gengar, L50, M|\n|poke|p1|Sinistcha, L50|\n|poke|p1|Kingambit, L50, F|\n|poke|p1|Tyranitar, L50, M|\n|poke|p1|Kommo-o, L50, F|\n|poke|p2|Drampa, L50, F|\n|poke|p2|Mimikyu, L50, F|\n|poke|p2|Corviknight, L50, M|\n|poke|p2|Torkoal, L50, M|\n|poke|p2|Incineroar, L50, F|\n|poke|p2|Primarina, L50, M|\n|teampreview|4\n|inactive|Battle timer is ON: inactive players will automatically lose when time's up. (requested by PenGuonMobile)\nNotAnOmen rejected open team sheets.\n|inactive|PenGuonMobile has 60 seconds left.\n|\n|t:|1776090604\n|teamsize|p1|4\n|teamsize|p2|4\n|start\n|switch|p1a: Kingambit|Kingambit, L50, F|100/100\n|switch|p1b: Sinistcha|Sinistcha, L50|100/100\n|switch|p2a: Drampa|Drampa, L50, F|100/100\n|switch|p2b: Mimikyu|Mimikyu, L50, F|100/100\n|-ability|p2a: Drampa|Cloud Nine\n|turn|1\n|\n|t:|1776090629\n|move|p1b: Sinistcha|Matcha Gotcha|p2b: Mimikyu|[spread] p2a,p2b\n|-resisted|p2a: Drampa|1\n|-damage|p2a: Drampa|87/100\n|-activate|p2b: Mimikyu|ability: Disguise\n|-damage|p2b: Mimikyu|100/100\n|detailschange|p2b: Mimikyu|Mimikyu-Busted, L50, F\n|-damage|p2b: Mimikyu|88/100|[from] pokemon: Mimikyu-Busted\n|move|p1a: Kingambit|Iron Head|p2b: Mimikyu\n|-supereffective|p2b: Mimikyu|1\n|-damage|p2b: Mimikyu|0 fnt\n|faint|p2b: Mimikyu\n|move|p2a: Drampa|Calm Mind|p2a: Drampa\n|-boost|p2a: Drampa|spa|1\n|-boost|p2a: Drampa|spd|1\n|\n|upkeep\n|inactive|NotAnOmen has 30 seconds left.\n|\n|t:|1776090658\n|switch|p2b: Torkoal|Torkoal, L50, M|100/100\n|-weather|SunnyDay|[from] ability: Drought|[of] p2b: Torkoal\n|turn|2\n|\n|t:|1776090678\n|detailschange|p2a: Drampa|Drampa-Mega, L50, F\n|-mega|p2a: Drampa|Drampa|Drampanite\n|move|p1b: Sinistcha|Matcha Gotcha|p2a: Drampa|[spread] p2a\n|-miss|p1b: Sinistcha|p2b: Torkoal\n|-resisted|p2a: Drampa|1\n|-damage|p2a: Drampa|79/100\n|-status|p2a: Drampa|brn\n|move|p1a: Kingambit|Low Kick|p2a: Drampa\n|-supereffective|p2a: Drampa|1\n|-damage|p2a: Drampa|0 fnt\n|faint|p2a: Drampa\n|move|p2b: Torkoal|Overheat|p1a: Kingambit\n|-supereffective|p1a: Kingambit|1\n|-damage|p1a: Kingambit|0 fnt\n|-unboost|p2b: Torkoal|spa|2\n|faint|p1a: Kingambit\n|\n|-weather|SunnyDay|[upkeep]\n|upkeep\n|\n|t:|1776090695\n|switch|p1a: Gengar|Gengar, L50, M|100/100\n|switch|p2a: Corviknight|Corviknight, L50, M|100/100\n|turn|3\n|inactive|PenGuonMobile has 30 seconds left.\n|\n|t:|1776090729\n|detailschange|p1a: Gengar|Gengar-Mega, L50, M\n|-mega|p1a: Gengar|Gengar|Gengarite\n|move|p1b: Sinistcha|Protect|p1b: Sinistcha\n|-singleturn|p1b: Sinistcha|Protect\n|move|p1a: Gengar|Perish Song|p1a: Gengar\n|-start|p1a: Gengar|perish3|[silent]\n|-start|p1b: Sinistcha|perish3|[silent]\n|-start|p2a: Corviknight|perish3|[silent]\n|-start|p2b: Torkoal|perish3|[silent]\n|-fieldactivate|move: Perish Song\n|move|p2a: Corviknight|Brave Bird|p1b: Sinistcha\n|-activate|p1b: Sinistcha|move: Protect\n|move|p2b: Torkoal|Earth Power|p1a: Gengar\n|-supereffective|p1a: Gengar|1\n|-crit|p1a: Gengar\n|-damage|p1a: Gengar|15/100\n|\n|-weather|SunnyDay|[upkeep]\n|-start|p1a: Gengar|perish3\n|-start|p1b: Sinistcha|perish3\n|-start|p2a: Corviknight|perish3\n|-start|p2b: Torkoal|perish3\n|upkeep\n|turn|4\n|inactive|NotAnOmen has 30 seconds left.\n|\n|t:|1776090760\n|move|p1a: Gengar|Protect|p1a: Gengar\n|-singleturn|p1a: Gengar|Protect\n|move|p1b: Sinistcha|Life Dew||[still]|[spread] p1a,p1b\n|-heal|p1a: Gengar|41/100\n|-fail|p1b: Sinistcha|heal\n|move|p2a: Corviknight|Brave Bird|p1b: Sinistcha\n|-supereffective|p1b: Sinistcha|1\n|-damage|p1b: Sinistcha|0 fnt\n|faint|p1b: Sinistcha\n|-damage|p2a: Corviknight|66/100|[from] Recoil\n|move|p2b: Torkoal|Earth Power|p1a: Gengar\n|-activate|p1a: Gengar|move: Protect\n|\n|-weather|SunnyDay|[upkeep]\n|-heal|p2a: Corviknight|72/100|[from] item: Leftovers\n|-start|p1a: Gengar|perish2\n|-start|p2a: Corviknight|perish2\n|-start|p2b: Torkoal|perish2\n|upkeep\n|\n|t:|1776090781\n|switch|p1b: Kommo-o|Kommo-o, L50, F|100/100\n|turn|5\n|\n|t:|1776090795\n|move|p1b: Kommo-o|Protect|p1b: Kommo-o\n|-singleturn|p1b: Kommo-o|Protect\n|move|p1a: Gengar|Substitute|p1a: Gengar\n|-start|p1a: Gengar|Substitute\n|-damage|p1a: Gengar|16/100\n|move|p2a: Corviknight|Brave Bird|p1b: Kommo-o\n|-activate|p1b: Kommo-o|move: Protect\n|move|p2b: Torkoal|Earth Power|p1a: Gengar\n|-supereffective|p1a: Gengar|1\n|-end|p1a: Gengar|Substitute\n|\n|-weather|SunnyDay|[upkeep]\n|-heal|p2a: Corviknight|78/100|[from] item: Leftovers\n|-start|p1a: Gengar|perish1\n|-start|p2a: Corviknight|perish1\n|-start|p2b: Torkoal|perish1\n|upkeep\n|turn|6\n|\n|t:|1776090818\n|move|p1a: Gengar|Protect|p1a: Gengar\n|-singleturn|p1a: Gengar|Protect\n|move|p2a: Corviknight|Protect|p2a: Corviknight\n|-singleturn|p2a: Corviknight|Protect\n|move|p1b: Kommo-o|Clangorous Soul|p1b: Kommo-o\n|-boost|p1b: Kommo-o|atk|1\n|-boost|p1b: Kommo-o|def|1\n|-boost|p1b: Kommo-o|spa|1\n|-boost|p1b: Kommo-o|spd|1\n|-boost|p1b: Kommo-o|spe|1\n|-damage|p1b: Kommo-o|68/100\n|move|p2b: Torkoal|Eruption|p1b: Kommo-o|[spread] p1b\n|-activate|p1a: Gengar|move: Protect\n|-resisted|p1b: Kommo-o|1\n|-damage|p1b: Kommo-o|51/100\n|\n|-weather|none\n|-heal|p1b: Kommo-o|57/100|[from] item: Leftovers\n|-heal|p2a: Corviknight|84/100|[from] item: Leftovers\n|-start|p1a: Gengar|perish0\n|-start|p2a: Corviknight|perish0\n|-start|p2b: Torkoal|perish0\n|faint|p1a: Gengar\n|faint|p2a: Corviknight\n|faint|p2b: Torkoal\n|\n|win|PenGuonMobile\n|raw|PenGuonMobile's rating: 1107 &rarr; <strong>1130</strong><br />(+23 for winning)\n|raw|NotAnOmen's rating: 1085 &rarr; <strong>1064</strong><br />(-21 for losing)\n|l|\u2606NotAnOmen\n|player|p2|\n",
  "uploadtime": 1776090842,
  "views": 14,
  "formatid": "gen9championsvgc2026regma",
  "rating": 1064,
  "private": 0,
  "password": null
}