{
  "id": "gen9championsvgc2026regma-2582843986",
  "format": "[Gen 9 Champions] VGC 2026 Reg M-A",
  "players": [
    "Bluemxst22",
    "fastspecialshuckle"
  ],
  "log": "|j|\u2606Bluemxst22\n|j|\u2606fastspecialshuckle\n|t:|1776118491\n|gametype|doubles\n|player|p1|Bluemxst22|lance-gen1rb|1100\n|player|p2|fastspecialshuckle|101|1084\n|gen|9\n|tier|[Gen 9 Champions] VGC 2026 Reg M-A\n|rated|\n|rule|Species Clause: Limit one of each Pok\u00e9mon\n|rule|Item Clause: Limit 1 of each item\n|clearpoke\n|poke|p1|Charizard, L50, M|\n|poke|p1|Venusaur, L50, M|\n|poke|p1|Garchomp, L50, M|\n|poke|p1|Basculegion, L50, M|\n|poke|p1|Incineroar, L50, M|\n|poke|p1|Umbreon, L50, M|\n|poke|p2|Kingambit, L50, F|\n|poke|p2|Slowking, L50, M|\n|poke|p2|Crabominable, L50, M|\n|poke|p2|Sinistcha, L50|\n|poke|p2|Mr. Rime, L50, M|\n|poke|p2|Drampa, L50, F|\n|teampreview|4\n|inactive|Battle timer is ON: inactive players will automatically lose when time's up. (requested by fastspecialshuckle)\n|inactive|Bluemxst22 has 60 seconds left.\n|\n|t:|1776118547\n|teamsize|p1|4\n|teamsize|p2|4\n|start\n|switch|p1a: Umbreon|Umbreon, L50, M, shiny|100/100\n|switch|p1b: Charizard|Charizard, L50, M, shiny|100/100\n|switch|p2a: Slowking|Slowking, L50, M|100/100\n|switch|p2b: Mr. Rime|Mr. Rime, L50, M|100/100\n|turn|1\n|inactive|fastspecialshuckle has 30 seconds left.\n|\n|t:|1776118575\n|detailschange|p1b: Charizard|Charizard-Mega-Y, L50, M, shiny\n|-mega|p1b: Charizard|Charizard|Charizardite Y\n|-weather|SunnyDay|[from] ability: Drought|[of] p1b: Charizard\n|move|p2b: Mr. Rime|Fake Out|p1b: Charizard\n|-damage|p1b: Charizard|88/100\n|cant|p1b: Charizard|flinch\n|move|p1a: Umbreon|Snarl|p2b: Mr. Rime|[spread] p2a,p2b\n|-supereffective|p2a: Slowking|1\n|-supereffective|p2b: Mr. Rime|1\n|-damage|p2a: Slowking|86/100\n|-damage|p2b: Mr. Rime|84/100\n|-unboost|p2a: Slowking|spa|1\n|-unboost|p2b: Mr. Rime|spa|1\n|move|p2a: Slowking|Trick Room|p2a: Slowking\n|-fieldstart|move: Trick Room|[of] p2a: Slowking\n|\n|-weather|SunnyDay|[upkeep]\n|upkeep\n|turn|2\n|\n|t:|1776118593\n|-prepare|p2a: Slowking|Chilly Reception|[premajor]\n|move|p2a: Slowking|Chilly Reception|p2a: Slowking\n|-weather|Snowscape\n|\n|t:|1776118598\n|switch|p2a: Drampa|Drampa, L50, F|100/100|[from] Chilly Reception\n|-ability|p2a: Drampa|Cloud Nine\n|move|p1a: Umbreon|Yawn|p2a: Drampa\n|-start|p2a: Drampa|move: Yawn|[of] p1a: Umbreon\n|move|p2b: Mr. Rime|Thunderbolt|p1b: Charizard\n|-supereffective|p1b: Charizard|1\n|-damage|p1b: Charizard|57/100\n|move|p1b: Charizard|Heat Wave|p2b: Mr. Rime|[spread] p2a,p2b\n|-resisted|p2a: Drampa|1\n|-supereffective|p2b: Mr. Rime|1\n|-damage|p2a: Drampa|77/100\n|-damage|p2b: Mr. Rime|18/100\n|\n|-weather|Snowscape|[upkeep]\n|upkeep\n|turn|3\n|-activate|p2b: Mr. Rime|item: Quick Claw\n|\n|t:|1776118621\n|switch|p2a: Slowking|Slowking, L50, M|100/100\n|move|p1b: Charizard|Protect|p1b: Charizard\n|-singleturn|p1b: Charizard|Protect\n|move|p2b: Mr. Rime|Blizzard|p1b: Charizard|[spread] p1a\n|-activate|p1b: Charizard|move: Protect\n|-crit|p1a: Umbreon\n|-damage|p1a: Umbreon|71/100\n|move|p1a: Umbreon|Snarl|p2a: Slowking|[spread] p2a,p2b\n|-supereffective|p2a: Slowking|1\n|-supereffective|p2b: Mr. Rime|1\n|-damage|p2a: Slowking|89/100\n|-damage|p2b: Mr. Rime|1/100\n|-unboost|p2a: Slowking|spa|1\n|-unboost|p2b: Mr. Rime|spa|1\n|\n|-weather|Snowscape|[upkeep]\n|-heal|p1a: Umbreon|77/100|[from] item: Leftovers\n|upkeep\n|turn|4\n|\n|t:|1776118641\n|switch|p1b: Incineroar|Incineroar, L50, M, shiny|100/100\n|-ability|p1b: Incineroar|Intimidate|boost\n|-unboost|p2a: Slowking|atk|1\n|-unboost|p2b: Mr. Rime|atk|1\n|move|p2a: Slowking|Scald|p1b: Incineroar\n|-supereffective|p1b: Incineroar|1\n|-damage|p1b: Incineroar|65/100\n|move|p1a: Umbreon|Yawn|p2a: Slowking\n|-start|p2a: Slowking|move: Yawn|[of] p1a: Umbreon\n|move|p2b: Mr. Rime|Blizzard|p1b: Incineroar|[spread] p1a,p1b\n|-resisted|p1b: Incineroar|1\n|-damage|p1a: Umbreon|67/100\n|-damage|p1b: Incineroar|58/100\n|\n|-weather|Snowscape|[upkeep]\n|-heal|p1a: Umbreon|73/100|[from] item: Leftovers\n|upkeep\n|turn|5\n|\n|t:|1776118666\n|move|p2a: Slowking|Bulldoze|p1a: Umbreon|[spread] p2b,p1a,p1b\n|-supereffective|p1b: Incineroar|1\n|-damage|p2b: Mr. Rime|0 fnt\n|-damage|p1a: Umbreon|70/100\n|-damage|p1b: Incineroar|46/100\n|-unboost|p1a: Umbreon|spe|1\n|-unboost|p1b: Incineroar|spe|1\n|-enditem|p1b: Incineroar|Sitrus Berry|[eat]\n|-heal|p1b: Incineroar|71/100|[from] item: Sitrus Berry\n|faint|p2b: Mr. Rime\n|move|p1a: Umbreon|Snarl|p2a: Slowking\n|-supereffective|p2a: Slowking|1\n|-damage|p2a: Slowking|70/100\n|-unboost|p2a: Slowking|spa|1\n|move|p1b: Incineroar|Parting Shot|p2a: Slowking\n|-unboost|p2a: Slowking|atk|1\n|-unboost|p2a: Slowking|spa|1\n|\n|t:|1776118678\n|switch|p1b: Charizard|Charizard-Mega-Y, L50, M, shiny|57/100|[from] Parting Shot\n|-weather|SunnyDay|[from] ability: Drought|[of] p1b: Charizard\n|\n|-weather|SunnyDay|[upkeep]\n|-heal|p1a: Umbreon|76/100|[from] item: Leftovers\n|-end|p2a: Slowking|move: Yawn|[silent]\n|-status|p2a: Slowking|slp\n|-fieldend|move: Trick Room\n|upkeep\n|\n|t:|1776118682\n|switch|p2b: Drampa|Drampa, L50, F|77/100\n|-ability|p2b: Drampa|Cloud Nine\n|turn|6\n|\n|t:|1776118696\n|detailschange|p2b: Drampa|Drampa-Mega, L50, F\n|-mega|p2b: Drampa|Drampa|Drampanite\n|move|p1b: Charizard|Protect|p1b: Charizard\n|-singleturn|p1b: Charizard|Protect\n|move|p1a: Umbreon|Snarl|p2a: Slowking|[spread] p2a\n|-miss|p1a: Umbreon|p2b: Drampa\n|-supereffective|p2a: Slowking|1\n|-damage|p2a: Slowking|56/100 slp\n|-unboost|p2a: Slowking|spa|1\n|move|p2b: Drampa|Hyper Voice|p1b: Charizard|[spread] p1a\n|-activate|p1b: Charizard|move: Protect\n|-damage|p1a: Umbreon|47/100\n|-prepare|p2a: Slowking|Chilly Reception|[premajor]\n|cant|p2a: Slowking|slp\n|\n|-weather|SunnyDay|[upkeep]\n|-heal|p1a: Umbreon|53/100|[from] item: Leftovers\n|upkeep\n|turn|7\n|\n|t:|1776118707\n|switch|p1b: Incineroar|Incineroar, L50, M, shiny|71/100\n|-ability|p1b: Incineroar|Intimidate|boost\n|-unboost|p2a: Slowking|atk|1\n|-unboost|p2b: Drampa|atk|1\n|move|p1a: Umbreon|Moonlight|p1a: Umbreon\n|-heal|p1a: Umbreon|100/100\n|move|p2b: Drampa|Hyper Voice|p1b: Incineroar|[spread] p1a,p1b\n|-damage|p1a: Umbreon|74/100\n|-damage|p1b: Incineroar|28/100\n|-prepare|p2a: Slowking|Chilly Reception|[premajor]\n|cant|p2a: Slowking|slp\n|\n|-weather|SunnyDay|[upkeep]\n|-heal|p1a: Umbreon|80/100|[from] item: Leftovers\n|upkeep\n|turn|8\n|\n|t:|1776118724\n|move|p2b: Drampa|Protect|p2b: Drampa\n|-singleturn|p2b: Drampa|Protect\n|move|p1b: Incineroar|Fake Out|p2b: Drampa\n|-activate|p2b: Drampa|move: Protect\n|move|p1a: Umbreon|Snarl|p2b: Drampa|[spread] p2a\n|-activate|p2b: Drampa|move: Protect\n|-supereffective|p2a: Slowking|1\n|-damage|p2a: Slowking|42/100 slp\n|-unboost|p2a: Slowking|spa|1\n|-enditem|p2a: Slowking|Sitrus Berry|[eat]\n|-heal|p2a: Slowking|66/100 slp|[from] item: Sitrus Berry\n|-prepare|p2a: Slowking|Chilly Reception|[premajor]\n|-curestatus|p2a: Slowking|slp|[msg]\n|move|p2a: Slowking|Chilly Reception|p2a: Slowking\n|-weather|Snowscape\n|\n|t:|1776118732\n|switch|p2a: Kingambit|Kingambit, L50, F|100/100|[from] Chilly Reception\n|\n|-weather|Snowscape|[upkeep]\n|-heal|p1a: Umbreon|86/100|[from] item: Leftovers\n|upkeep\n|turn|9\n|\n|t:|1776118752\n|move|p1b: Incineroar|Throat Chop|p2b: Drampa\n|-damage|p2b: Drampa|45/100\n|-start|p2b: Drampa|Throat Chop|[silent]\n|-ability|p2b: Drampa|Berserk|boost\n|-boost|p2b: Drampa|spa|1\n|move|p2a: Kingambit|Iron Head|p1a: Umbreon\n|-damage|p1a: Umbreon|55/100\n|cant|p2b: Drampa|move: Throat Chop\n|move|p1a: Umbreon|Yawn|p2a: Kingambit\n|-start|p2a: Kingambit|move: Yawn|[of] p1a: Umbreon\n|\n|-weather|Snowscape|[upkeep]\n|-heal|p1a: Umbreon|61/100|[from] item: Leftovers\n|upkeep\n|turn|10\n|\n|t:|1776118766\n|switch|p2a: Slowking|Slowking, L50, M|99/100\n|move|p1b: Incineroar|Flare Blitz|p2a: Slowking\n|-resisted|p2a: Slowking|1\n|-damage|p2a: Slowking|73/100\n|-damage|p1b: Incineroar|21/100|[from] Recoil\n|move|p1a: Umbreon|Yawn|p2b: Drampa\n|-start|p2b: Drampa|move: Yawn|[of] p1a: Umbreon\n|move|p2b: Drampa|Heat Wave|p1a: Umbreon|[spread] p1a,p1b\n|-resisted|p1b: Incineroar|1\n|-damage|p1a: Umbreon|34/100\n|-damage|p1b: Incineroar|0 fnt\n|faint|p1b: Incineroar\n|\n|-weather|Snowscape|[upkeep]\n|-heal|p1a: Umbreon|40/100|[from] item: Leftovers\n|-end|p2b: Drampa|Throat Chop|[silent]\n|upkeep\n|\n|t:|1776118777\n|switch|p1b: Charizard|Charizard-Mega-Y, L50, M, shiny|57/100\n|-weather|SunnyDay|[from] ability: Drought|[of] p1b: Charizard\n|turn|11\n|\n|t:|1776118787\n|switch|p2b: Kingambit|Kingambit, L50, F|100/100\n|move|p1b: Charizard|Solar Beam||[still]\n|-prepare|p1b: Charizard|Solar Beam\n|-anim|p1b: Charizard|Solar Beam|p2a: Slowking\n|-supereffective|p2a: Slowking|1\n|-damage|p2a: Slowking|10/100\n|move|p1a: Umbreon|Moonlight|p1a: Umbreon\n|-heal|p1a: Umbreon|100/100\n|move|p2a: Slowking|Trick Room|p2a: Slowking\n|-fieldstart|move: Trick Room|[of] p2a: Slowking\n|\n|-weather|SunnyDay|[upkeep]\n|upkeep\n|turn|12\n|\n|t:|1776118804\n|move|p1b: Charizard|Protect|p1b: Charizard\n|-singleturn|p1b: Charizard|Protect\n|-prepare|p2a: Slowking|Chilly Reception|[premajor]\n|move|p2a: Slowking|Chilly Reception|p2a: Slowking\n|-weather|Snowscape\n|\n|t:|1776118809\n|switch|p2a: Drampa|Drampa-Mega, L50, F|45/100|[from] Chilly Reception\n|move|p1a: Umbreon|Yawn|p2b: Kingambit\n|-start|p2b: Kingambit|move: Yawn|[of] p1a: Umbreon\n|move|p2b: Kingambit|Lash Out|p1b: Charizard\n|-activate|p1b: Charizard|move: Protect\n|\n|-weather|Snowscape|[upkeep]\n|upkeep\n|turn|13\n|\n|t:|1776118823\n|switch|p1b: Garchomp|Garchomp, L50, M, shiny|100/100\n|move|p1a: Umbreon|Yawn|p2a: Drampa\n|-start|p2a: Drampa|move: Yawn|[of] p1a: Umbreon\n|move|p2a: Drampa|Hydro Pump|p1b: Garchomp|[miss]\n|-miss|p2a: Drampa|p1b: Garchomp\n|move|p2b: Kingambit|Iron Head|p1a: Umbreon\n|-crit|p1a: Umbreon\n|-damage|p1a: Umbreon|51/100\n|\n|-weather|Snowscape|[upkeep]\n|-heal|p1a: Umbreon|57/100|[from] item: Leftovers\n|-end|p2b: Kingambit|move: Yawn|[silent]\n|-status|p2b: Kingambit|slp\n|upkeep\n|turn|14\n|-message|fastspecialshuckle forfeited.\n|\n|win|Bluemxst22\n|raw|Bluemxst22's rating: 1100 &rarr; <strong>1124</strong><br />(+24 for winning)\n|raw|fastspecialshuckle's rating: 1084 &rarr; <strong>1062</strong><br />(-22 for losing)\n|l|\u2606fastspecialshuckle\n|player|p2|\n|l|\u2606Bluemxst22\n|player|p1|\n|j|\u2606Bluemxst22\n|player|p1|Bluemxst22|lance-gen1rb|\n",
  "uploadtime": 1776118851,
  "views": 18,
  "formatid": "gen9championsvgc2026regma",
  "rating": 1062,
  "private": 0,
  "password": null
}