{
  "id": "gen9championsvgc2026regma-2585044297",
  "format": "[Gen 9 Champions] VGC 2026 Reg M-A",
  "players": [
    "mohamed_asfar",
    "Spud136"
  ],
  "log": "|j|\u2606mohamed_asfar\n|j|\u2606Spud136\n|t:|1776306228\n|gametype|doubles\n|player|p1|mohamed_asfar|steven|1246\n|player|p2|Spud136|psychic-gen4|1215\n|gen|9\n|tier|[Gen 9 Champions] VGC 2026 Reg M-A\n|rated|\n|rule|Species Clause: Limit one of each Pok\u00e9mon\n|rule|Item Clause: Limit 1 of each item\n|clearpoke\n|poke|p1|Glimmora, L50, F|\n|poke|p1|Sinistcha, L50|\n|poke|p1|Aerodactyl, L50, M|\n|poke|p1|Incineroar, L50, M|\n|poke|p1|Basculegion, L50, M|\n|poke|p1|Aggron, L50, F|\n|poke|p2|Floette-Eternal, L50, F|\n|poke|p2|Garchomp, L50, M|\n|poke|p2|Incineroar, L50, M|\n|poke|p2|Basculegion, L50, M|\n|poke|p2|Sneasler, L50, M|\n|poke|p2|Corviknight, L50, M|\n|teampreview|4\n|inactive|Battle timer is ON: inactive players will automatically lose when time's up. (requested by mohamed_asfar)\n|inactive|Spud136 has 60 seconds left.\n|inactive|Spud136 has 30 seconds left.\n|inactive|Spud136 has 20 seconds left.\n|\n|t:|1776306299\n|teamsize|p1|4\n|teamsize|p2|4\n|start\n|switch|p1a: Aggron|Aggron, L50, F|100/100\n|switch|p1b: Incineroar|Incineroar, L50, M|100/100\n|switch|p2a: Corviknight|Corviknight, L50, M, shiny|100/100\n|switch|p2b: Garchomp|Garchomp, L50, M, shiny|100/100\n|-ability|p1b: Incineroar|Intimidate|boost\n|-ability|p2a: Corviknight|Mirror Armor\n|-unboost|p1b: Incineroar|atk|1\n|-unboost|p2b: Garchomp|atk|1\n|-enditem|p2b: Garchomp|White Herb\n|-clearnegativeboost|p2b: Garchomp|[silent]\n|turn|1\n|inactive|mohamed_asfar has 30 seconds left.\n|inactive|Spud136 has 30 seconds left.\n|\n|t:|1776306326\n|detailschange|p1a: Aggron|Aggron-Mega, L50, F\n|-mega|p1a: Aggron|Aggron|Aggronite\n|move|p1b: Incineroar|Fake Out|p2b: Garchomp\n|-damage|p2b: Garchomp|93/100\n|-damage|p1b: Incineroar|88/100|[from] ability: Rough Skin|[of] p2b: Garchomp\n|cant|p2b: Garchomp|flinch\n|move|p2a: Corviknight|Body Press|p1a: Aggron\n|-supereffective|p1a: Aggron|1\n|-damage|p1a: Aggron|82/100\n|move|p1a: Aggron|Iron Defense|p1a: Aggron\n|-boost|p1a: Aggron|def|2\n|\n|upkeep\n|turn|2\n|inactive|Spud136 has 30 seconds left.\n|\n|t:|1776306354\n|move|p2b: Garchomp|Earthquake|p1b: Incineroar|[spread] p1a,p1b\n|-immune|p2a: Corviknight\n|-supereffective|p1a: Aggron|1\n|-supereffective|p1b: Incineroar|1\n|-damage|p1a: Aggron|68/100\n|-damage|p1b: Incineroar|34/100\n|-enditem|p1b: Incineroar|Sitrus Berry|[eat]\n|-heal|p1b: Incineroar|58/100|[from] item: Sitrus Berry\n|move|p2a: Corviknight|Body Press|p1a: Aggron\n|-supereffective|p1a: Aggron|1\n|-damage|p1a: Aggron|58/100\n|move|p1b: Incineroar|Parting Shot|p2b: Garchomp\n|-unboost|p2b: Garchomp|atk|1\n|-unboost|p2b: Garchomp|spa|1\n|\n|t:|1776306365\n|switch|p1b: Sinistcha|Sinistcha, L50|100/100|[from] Parting Shot\n|-heal|p1a: Aggron|82/100|[from] ability: Hospitality|[of] p1b: Sinistcha\n|move|p1a: Aggron|Iron Defense|p1a: Aggron\n|-boost|p1a: Aggron|def|2\n|\n|upkeep\n|turn|3\n|\n|t:|1776306387\n|switch|p2b: Sneasler|Sneasler, L50, M, shiny|100/100\n|switch|p1b: Incineroar|Incineroar, L50, M|58/100\n|-ability|p1b: Incineroar|Intimidate|boost\n|-ability|p2a: Corviknight|Mirror Armor\n|-unboost|p1b: Incineroar|atk|1\n|-unboost|p2b: Sneasler|atk|1\n|move|p2a: Corviknight|Dual Wingbeat|p1b: Incineroar\n|-damage|p1b: Incineroar|50/100\n|-damage|p1b: Incineroar|40/100\n|-hitcount|p1b: Incineroar|2\n|move|p1a: Aggron|Iron Defense|p1a: Aggron\n|-boost|p1a: Aggron|def|2\n|\n|upkeep\n|turn|4\n|inactive|Spud136 has 30 seconds left.\n|\n|t:|1776306412\n|move|p1b: Incineroar|Fake Out|p2a: Corviknight\n|-resisted|p2a: Corviknight|1\n|-damage|p2a: Corviknight|99/100\n|move|p2b: Sneasler|Close Combat|p1a: Aggron\n|-supereffective|p1a: Aggron|1\n|-damage|p1a: Aggron|74/100\n|-unboost|p2b: Sneasler|def|1\n|-unboost|p2b: Sneasler|spd|1\n|cant|p2a: Corviknight|flinch\n|move|p1a: Aggron|Body Press|p2a: Corviknight\n|-damage|p2a: Corviknight|8/100\n|\n|-heal|p2a: Corviknight|14/100|[from] item: Leftovers\n|upkeep\n|turn|5\n|\n|t:|1776306436\n|switch|p1b: Sinistcha|Sinistcha, L50|100/100\n|-heal|p1a: Aggron|99/100|[from] ability: Hospitality|[of] p1b: Sinistcha\n|move|p2b: Sneasler|Protect|p2b: Sneasler\n|-singleturn|p2b: Sneasler|Protect\n|move|p2a: Corviknight|Body Press|p1b: Sinistcha\n|-immune|p1b: Sinistcha\n|move|p1a: Aggron|Body Press|p2a: Corviknight\n|-damage|p2a: Corviknight|0 fnt\n|faint|p2a: Corviknight\n|\n|upkeep\n|inactive|Spud136 has 30 seconds left.\n|\n|t:|1776306462\n|switch|p2a: Floette|Floette-Eternal, L50, F, shiny|100/100\n|turn|6\n|\n|t:|1776306475\n|switch|p1b: Incineroar|Incineroar, L50, M|40/100\n|-ability|p1b: Incineroar|Intimidate|boost\n|-unboost|p2a: Floette|atk|1\n|-unboost|p2b: Sneasler|atk|1\n|detailschange|p2a: Floette|Floette-Mega, L50, F, shiny\n|-mega|p2a: Floette|Floette|Floettite\n|-ability|p2a: Floette|Fairy Aura\n|move|p2b: Sneasler|Dire Claw|p1b: Incineroar\n|-crit|p1b: Incineroar\n|-damage|p1b: Incineroar|0 fnt\n|faint|p1b: Incineroar\n|move|p2a: Floette|Calm Mind|p2a: Floette\n|-boost|p2a: Floette|spa|1\n|-boost|p2a: Floette|spd|1\n|move|p1a: Aggron|Heavy Slam|p2a: Floette\n|-supereffective|p2a: Floette|1\n|-damage|p2a: Floette|0 fnt\n|faint|p2a: Floette\n|\n|upkeep\n|\n|t:|1776306494\n|switch|p2a: Garchomp|Garchomp, L50, M, shiny|93/100\n|switch|p1b: Basculegion|Basculegion, L50, M|100/100\n|turn|7\n|\n|t:|1776306506\n|move|p1b: Basculegion|Flip Turn|p2b: Sneasler\n|-damage|p2b: Sneasler|6/100\n|\n|t:|1776306509\n|switch|p1b: Sinistcha|Sinistcha, L50|100/100|[from] Flip Turn\n|-heal|p1a: Aggron|100/100|[from] ability: Hospitality|[of] p1b: Sinistcha\n|move|p2b: Sneasler|Close Combat|p1a: Aggron\n|-supereffective|p1a: Aggron|1\n|-damage|p1a: Aggron|95/100\n|-unboost|p2b: Sneasler|def|1\n|-unboost|p2b: Sneasler|spd|1\n|move|p2a: Garchomp|Earthquake|p1a: Aggron|[spread] p2b,p1a,p1b\n|-supereffective|p2b: Sneasler|1\n|-supereffective|p1a: Aggron|1\n|-resisted|p1b: Sinistcha|1\n|-damage|p2b: Sneasler|0 fnt\n|-damage|p1a: Aggron|88/100\n|-damage|p1b: Sinistcha|86/100\n|faint|p2b: Sneasler\n|move|p1a: Aggron|Body Press|p2a: Garchomp\n|-damage|p2a: Garchomp|0 fnt\n|-damage|p1a: Aggron|75/100|[from] ability: Rough Skin|[of] p2a: Garchomp\n|faint|p2a: Garchomp\n|\n|win|mohamed_asfar\n|raw|mohamed_asfar's rating: 1246 &rarr; <strong>1269</strong><br />(+23 for winning)\n|raw|Spud136's rating: 1215 &rarr; <strong>1192</strong><br />(-23 for losing)\n|l|\u2606Spud136\n|player|p2|\n",
  "uploadtime": 1776306530,
  "views": 26,
  "formatid": "gen9championsvgc2026regma",
  "rating": 1192,
  "private": 0,
  "password": null
}