{
  "id": "gen9championsvgc2026regma-2580812433",
  "format": "[Gen 9 Champions] VGC 2026 Reg M-A",
  "players": [
    "siriaco el sabroso",
    "javier 554"
  ],
  "log": "|j|\u2606siriaco el sabroso\n|j|\u2606javier 554\n|t:|1775934496\n|gametype|doubles\n|player|p1|siriaco el sabroso|blue-lgpe|1162\n|player|p2|javier 554|baker|1106\n|gen|9\n|tier|[Gen 9 Champions] VGC 2026 Reg M-A\n|rated|\n|rule|Species Clause: Limit one of each Pok\u00e9mon\n|rule|Item Clause: Limit 1 of each item\n|clearpoke\n|poke|p1|Klefki, L50, F|\n|poke|p1|Incineroar, L50, M|\n|poke|p1|Charizard, L50, M|\n|poke|p1|Heliolisk, L50, F|\n|poke|p1|Archaludon, L50, M|\n|poke|p1|Arcanine-Hisui, L50, M|\n|poke|p2|Gengar, L50, M|\n|poke|p2|Incineroar, L50, F|\n|poke|p2|Sneasler, L50, F|\n|poke|p2|Politoed, L50, M|\n|poke|p2|Dragonite, L50, M|\n|poke|p2|Whimsicott, L50, M|\n|teampreview|4\n|\n|t:|1775934541\n|teamsize|p1|4\n|teamsize|p2|4\n|start\n|switch|p1a: Klefki|Klefki, L50, F|100/100\n|switch|p1b: Incineroar|Incineroar, L50, M|100/100\n|switch|p2a: manolo lama|Gengar, L50, M|100/100\n|switch|p2b: Whimsicott|Whimsicott, L50, M|100/100\n|-ability|p1b: Incineroar|Intimidate|boost\n|-unboost|p2a: manolo lama|atk|1\n|-unboost|p2b: Whimsicott|atk|1\n|turn|1\n|inactive|Battle timer is ON: inactive players will automatically lose when time's up. (requested by siriaco el sabroso)\n|\n|t:|1775934582\n|move|p2a: manolo lama|Protect|p2a: manolo lama\n|-singleturn|p2a: manolo lama|Protect\n|move|p2b: Whimsicott|Tailwind|p2b: Whimsicott\n|-sidestart|p2: javier 554|move: Tailwind\n|move|p1a: Klefki|Light Screen|p1a: Klefki\n|-sidestart|p1: siriaco el sabroso|move: Light Screen\n|move|p1b: Incineroar|Darkest Lariat|p2a: manolo lama\n|-activate|p2a: manolo lama|move: Protect\n|\n|upkeep\n|turn|2\n|\n|t:|1775934602\n|detailschange|p2a: manolo lama|Gengar-Mega, L50, M\n|-mega|p2a: manolo lama|Gengar|Gengarite\n|move|p2b: Whimsicott|Taunt|p1a: Klefki\n|-start|p1a: Klefki|move: Taunt\n|-enditem|p1a: Klefki|Mental Herb\n|-end|p1a: Klefki|move: Taunt\n|move|p1a: Klefki|Thunder Wave|p2b: Whimsicott\n|-status|p2b: Whimsicott|par\n|move|p2a: manolo lama|Disable|p1b: Incineroar\n|-start|p1b: Incineroar|Disable|Darkest Lariat\n|move|p1b: Incineroar|Parting Shot|p2a: manolo lama\n|-unboost|p2a: manolo lama|atk|1\n|-unboost|p2a: manolo lama|spa|1\n|\n|t:|1775934619\n|switch|p1b: Arcanine|Arcanine-Hisui, L50, M|100/100|[from] Parting Shot\n|\n|upkeep\n|turn|3\n|\n|t:|1775934632\n|switch|p2b: Politoed|Politoed, L50, M|100/100\n|-weather|RainDance|[from] ability: Drizzle|[of] p2b: Politoed\n|move|p2a: manolo lama|Protect|p2a: manolo lama\n|-singleturn|p2a: manolo lama|Protect\n|move|p1b: Arcanine|Flare Blitz|p2b: Politoed\n|-resisted|p2b: Politoed|1\n|-damage|p2b: Politoed|84/100\n|move|p1a: Klefki|Dazzling Gleam|p2b: Politoed|[spread] p2b\n|-activate|p2a: manolo lama|move: Protect\n|-damage|p2b: Politoed|73/100\n|\n|-weather|RainDance|[upkeep]\n|-heal|p2b: Politoed|79/100|[from] item: Leftovers\n|upkeep\n|turn|4\n|\n|t:|1775934648\n|move|p1a: Klefki|Thunder Wave|p2a: manolo lama\n|-status|p2a: manolo lama|par\n|move|p1b: Arcanine|Flare Blitz|p2a: manolo lama\n|-damage|p2a: manolo lama|60/100 par\n|move|p2a: manolo lama|Perish Song|p2a: manolo lama\n|-start|p1a: Klefki|perish3|[silent]\n|-start|p1b: Arcanine|perish3|[silent]\n|-start|p2a: manolo lama|perish3|[silent]\n|-start|p2b: Politoed|perish3|[silent]\n|-fieldactivate|move: Perish Song\n|move|p2b: Politoed|Weather Ball|p1b: Arcanine\n|-supereffective|p1b: Arcanine|2\n|-damage|p1b: Arcanine|0 fnt\n|faint|p1b: Arcanine\n|\n|-weather|RainDance|[upkeep]\n|-heal|p2b: Politoed|85/100|[from] item: Leftovers\n|-start|p2a: manolo lama|perish3\n|-start|p2b: Politoed|perish3\n|-start|p1a: Klefki|perish3\n|-sideend|p2: javier 554|move: Tailwind\n|upkeep\n|\n|t:|1775934661\n|switch|p1b: Archaludon|Archaludon, L50, M|100/100\n|turn|5\n|\n|t:|1775934669\n|move|p2a: manolo lama|Protect|p2a: manolo lama\n|-singleturn|p2a: manolo lama|Protect\n|move|p2b: Politoed|Protect|p2b: Politoed\n|-singleturn|p2b: Politoed|Protect\n|move|p1a: Klefki|Thunder Wave|p2b: Politoed\n|-activate|p2b: Politoed|move: Protect\n|move|p1b: Archaludon|Electro Shot||[still]\n|-prepare|p1b: Archaludon|Electro Shot\n|-boost|p1b: Archaludon|spa|1\n|-anim|p1b: Archaludon|Electro Shot|p2b: Politoed\n|-activate|p2b: Politoed|move: Protect\n|\n|-weather|RainDance|[upkeep]\n|-heal|p2b: Politoed|91/100|[from] item: Leftovers\n|-start|p2a: manolo lama|perish2\n|-start|p1a: Klefki|perish2\n|-start|p2b: Politoed|perish2\n|-sideend|p1: siriaco el sabroso|move: Light Screen\n|upkeep\n|turn|6\n|\n|t:|1775934693\n|switch|p2b: Incineroar|Incineroar, L50, F|100/100\n|-ability|p2b: Incineroar|Intimidate|boost\n|-unboost|p1a: Klefki|atk|1\n|-unboost|p1b: Archaludon|atk|1\n|move|p1a: Klefki|Thunder Wave|p2b: Incineroar\n|-hint|Since gen 7, Dark is immune to Prankster moves.\n|-immune|p2b: Incineroar\n|move|p1b: Archaludon|Electro Shot||[still]\n|-prepare|p1b: Archaludon|Electro Shot\n|-boost|p1b: Archaludon|spa|1\n|-anim|p1b: Archaludon|Electro Shot|p2a: manolo lama\n|-damage|p2a: manolo lama|0 fnt\n|faint|p2a: manolo lama\n|\n|-weather|RainDance|[upkeep]\n|-start|p1a: Klefki|perish1\n|upkeep\n|\n|t:|1775934716\n|switch|p2a: Politoed|Politoed, L50, M|91/100\n|turn|7\n|\n|t:|1775934729\n|switch|p1a: Incineroar|Incineroar, L50, M|100/100\n|-ability|p1a: Incineroar|Intimidate|boost\n|-unboost|p2a: Politoed|atk|1\n|-unboost|p2b: Incineroar|atk|1\n|move|p2b: Incineroar|Fake Out|p1b: Archaludon\n|-resisted|p1b: Archaludon|1\n|-damage|p1b: Archaludon|97/100\n|-ability|p1b: Archaludon|Stamina|boost\n|-boost|p1b: Archaludon|def|1\n|cant|p1b: Archaludon|flinch\n|move|p2a: Politoed|Weather Ball|p1a: Incineroar\n|-supereffective|p1a: Incineroar|1\n|-damage|p1a: Incineroar|8/100\n|-enditem|p1a: Incineroar|Sitrus Berry|[eat]\n|-heal|p1a: Incineroar|32/100|[from] item: Sitrus Berry\n|\n|-weather|none\n|-heal|p1b: Archaludon|100/100|[from] item: Leftovers\n|-heal|p2a: Politoed|97/100|[from] item: Leftovers\n|upkeep\n|turn|8\n|\n|t:|1775934753\n|move|p1a: Incineroar|Fake Out|p2a: Politoed\n|-damage|p2a: Politoed|81/100\n|move|p1b: Archaludon|Draco Meteor|p2b: Incineroar\n|-damage|p2b: Incineroar|5/100\n|-unboost|p1b: Archaludon|spa|2\n|-enditem|p2b: Incineroar|Sitrus Berry|[eat]\n|-heal|p2b: Incineroar|30/100|[from] item: Sitrus Berry\n|cant|p2a: Politoed|flinch\n|move|p2b: Incineroar|Snarl|p1a: Incineroar|[spread] p1a,p1b\n|-resisted|p1a: Incineroar|1\n|-damage|p1a: Incineroar|28/100\n|-damage|p1b: Archaludon|86/100\n|-unboost|p1a: Incineroar|spa|1\n|-unboost|p1b: Archaludon|spa|1\n|-ability|p1b: Archaludon|Stamina|boost\n|-boost|p1b: Archaludon|def|1\n|\n|-heal|p1b: Archaludon|92/100|[from] item: Leftovers\n|-heal|p2a: Politoed|87/100|[from] item: Leftovers\n|upkeep\n|turn|9\n|\n|t:|1775934773\n|switch|p2a: Whimsicott|Whimsicott, L50, M|100/100 par\n|switch|p1a: Klefki|Klefki, L50, F|100/100\n|move|p1b: Archaludon|Protect|p1b: Archaludon\n|-singleturn|p1b: Archaludon|Protect\n|move|p2b: Incineroar|Protect||[still]\n|-fail|p2b: Incineroar\n|\n|-heal|p1b: Archaludon|98/100|[from] item: Leftovers\n|upkeep\n|turn|10\n|\n|t:|1775934794\n|switch|p1a: Incineroar|Incineroar, L50, M|28/100\n|-ability|p1a: Incineroar|Intimidate|boost\n|-unboost|p2a: Whimsicott|atk|1\n|-unboost|p2b: Incineroar|atk|1\n|switch|p2b: Politoed|Politoed, L50, M|87/100\n|-weather|RainDance|[from] ability: Drizzle|[of] p2b: Politoed\n|move|p2a: Whimsicott|Encore|p1b: Archaludon\n|-start|p1b: Archaludon|Encore\n|move|p1b: Archaludon|Protect||[still]\n|-fail|p1b: Archaludon\n|\n|-weather|RainDance|[upkeep]\n|-heal|p1b: Archaludon|100/100|[from] item: Leftovers\n|-heal|p2b: Politoed|93/100|[from] item: Leftovers\n|upkeep\n|turn|11\n|\n|t:|1775934809\n|switch|p1b: Klefki|Klefki, L50, F|100/100\n|move|p1a: Incineroar|Fake Out|p2b: Politoed\n|-damage|p2b: Politoed|79/100\n|move|p2a: Whimsicott|Tailwind|p2a: Whimsicott\n|-sidestart|p2: javier 554|move: Tailwind\n|cant|p2b: Politoed|flinch\n|\n|-weather|RainDance|[upkeep]\n|-heal|p2b: Politoed|85/100|[from] item: Leftovers\n|upkeep\n|turn|12\n|\n|t:|1775934831\n|switch|p2a: Incineroar|Incineroar, L50, F|30/100\n|-ability|p2a: Incineroar|Intimidate|boost\n|-unboost|p1a: Incineroar|atk|1\n|-unboost|p1b: Klefki|atk|1\n|switch|p1a: Archaludon|Archaludon, L50, M|100/100\n|move|p2b: Politoed|Perish Song|p2b: Politoed\n|-start|p1a: Archaludon|perish3|[silent]\n|-start|p1b: Klefki|perish3|[silent]\n|-start|p2a: Incineroar|perish3|[silent]\n|-start|p2b: Politoed|perish3|[silent]\n|-fieldactivate|move: Perish Song\n|move|p1b: Klefki|Dazzling Gleam|p2b: Politoed|[spread] p2a,p2b\n|-damage|p2a: Incineroar|16/100\n|-damage|p2b: Politoed|74/100\n|\n|-weather|RainDance|[upkeep]\n|-heal|p2b: Politoed|80/100|[from] item: Leftovers\n|-start|p2b: Politoed|perish3\n|-start|p2a: Incineroar|perish3\n|-start|p1a: Archaludon|perish3\n|-start|p1b: Klefki|perish3\n|upkeep\n|turn|13\n|\n|t:|1775934847\n|move|p2b: Politoed|Protect|p2b: Politoed\n|-singleturn|p2b: Politoed|Protect\n|move|p2a: Incineroar|Fake Out|p1a: Archaludon\n|-resisted|p1a: Archaludon|1\n|-damage|p1a: Archaludon|97/100\n|-ability|p1a: Archaludon|Stamina|boost\n|-boost|p1a: Archaludon|def|1\n|cant|p1a: Archaludon|flinch\n|move|p1b: Klefki|Dazzling Gleam|p2b: Politoed|[spread] p2a\n|-activate|p2b: Politoed|move: Protect\n|-damage|p2a: Incineroar|4/100\n|\n|-weather|RainDance|[upkeep]\n|-heal|p2b: Politoed|86/100|[from] item: Leftovers\n|-heal|p1a: Archaludon|100/100|[from] item: Leftovers\n|-start|p2b: Politoed|perish2\n|-start|p2a: Incineroar|perish2\n|-start|p1a: Archaludon|perish2\n|-start|p1b: Klefki|perish2\n|upkeep\n|turn|14\n|\n|t:|1775934867\n|switch|p2b: Whimsicott|Whimsicott, L50, M|100/100 par\n|switch|p1a: Incineroar|Incineroar, L50, M|28/100\n|-ability|p1a: Incineroar|Intimidate|boost\n|-unboost|p2a: Incineroar|atk|1\n|-unboost|p2b: Whimsicott|atk|1\n|move|p2a: Incineroar|Protect|p2a: Incineroar\n|-singleturn|p2a: Incineroar|Protect\n|move|p1b: Klefki|Dazzling Gleam|p2a: Incineroar|[spread] p2b\n|-activate|p2a: Incineroar|move: Protect\n|-damage|p2b: Whimsicott|75/100 par\n|\n|-weather|none\n|-start|p2a: Incineroar|perish1\n|-start|p1b: Klefki|perish1\n|-sideend|p2: javier 554|move: Tailwind\n|upkeep\n|turn|15\n|\n|t:|1775934881\n|switch|p1b: Archaludon|Archaludon, L50, M|100/100\n|switch|p2a: Politoed|Politoed, L50, M|86/100\n|-weather|RainDance|[from] ability: Drizzle|[of] p2a: Politoed\n|move|p1a: Incineroar|Fake Out|p2a: Politoed\n|-damage|p2a: Politoed|70/100\n|cant|p2b: Whimsicott|par\n|\n|-weather|RainDance|[upkeep]\n|-heal|p2a: Politoed|76/100|[from] item: Leftovers\n|upkeep\n|turn|16\n|\n|t:|1775934901\n|switch|p1a: Klefki|Klefki, L50, F|100/100\n|move|p2b: Whimsicott|Tailwind|p2b: Whimsicott\n|-sidestart|p2: javier 554|move: Tailwind\n|move|p2a: Politoed|Weather Ball|p1a: Klefki\n|-damage|p1a: Klefki|51/100\n|move|p1b: Archaludon|Flash Cannon|p2b: Whimsicott\n|-supereffective|p2b: Whimsicott|1\n|-damage|p2b: Whimsicott|0 fnt\n|faint|p2b: Whimsicott\n|\n|-weather|RainDance|[upkeep]\n|-heal|p2a: Politoed|82/100|[from] item: Leftovers\n|upkeep\n|\n|t:|1775934903\n|switch|p2b: Incineroar|Incineroar, L50, F|4/100\n|-ability|p2b: Incineroar|Intimidate|boost\n|-unboost|p1a: Klefki|atk|1\n|-unboost|p1b: Archaludon|atk|1\n|turn|17\n|\n|t:|1775934923\n|move|p1b: Archaludon|Protect|p1b: Archaludon\n|-singleturn|p1b: Archaludon|Protect\n|move|p2a: Politoed|Weather Ball|p1a: Klefki\n|-damage|p1a: Klefki|0 fnt\n|faint|p1a: Klefki\n|move|p2b: Incineroar|Snarl|p1b: Archaludon\n|-activate|p1b: Archaludon|move: Protect\n|\n|-weather|RainDance|[upkeep]\n|-heal|p2a: Politoed|88/100|[from] item: Leftovers\n|upkeep\n|\n|t:|1775934930\n|switch|p1a: Incineroar|Incineroar, L50, M|28/100\n|-ability|p1a: Incineroar|Intimidate|boost\n|-unboost|p2a: Politoed|atk|1\n|-unboost|p2b: Incineroar|atk|1\n|turn|18\n|\n|t:|1775934936\n|move|p1a: Incineroar|Fake Out|p2b: Incineroar\n|-damage|p2b: Incineroar|0 fnt\n|faint|p2b: Incineroar\n|move|p2a: Politoed|Weather Ball|p1a: Incineroar\n|-supereffective|p1a: Incineroar|1\n|-damage|p1a: Incineroar|0 fnt\n|faint|p1a: Incineroar\n|move|p1b: Archaludon|Electro Shot||[still]\n|-prepare|p1b: Archaludon|Electro Shot\n|-boost|p1b: Archaludon|spa|1\n|-anim|p1b: Archaludon|Electro Shot|p2a: Politoed\n|-supereffective|p2a: Politoed|1\n|-damage|p2a: Politoed|0 fnt\n|faint|p2a: Politoed\n|\n|win|siriaco el sabroso\n|raw|siriaco el sabroso's rating: 1162 &rarr; <strong>1183</strong><br />(+21 for winning)\n|raw|javier 554's rating: 1106 &rarr; <strong>1085</strong><br />(-21 for losing)\n|l|\u2606javier 554\n|player|p2|\n",
  "uploadtime": 1775934951,
  "views": 12,
  "formatid": "gen9championsvgc2026regma",
  "rating": 1085,
  "private": 0,
  "password": null
}