{
  "id": "gen9championsvgc2026regma-2583773256",
  "format": "[Gen 9 Champions] VGC 2026 Reg M-A",
  "players": [
    "rocci",
    "porpal_goji"
  ],
  "log": "|j|\u2606rocci\n|j|\u2606porpal_goji\n|t:|1776196723\n|gametype|doubles\n|player|p1|rocci|beauty-gen4dp|1170\n|player|p2|porpal_goji|clair|1142\n|gen|9\n|tier|[Gen 9 Champions] VGC 2026 Reg M-A\n|rated|\n|rule|Species Clause: Limit one of each Pok\u00e9mon\n|rule|Item Clause: Limit 1 of each item\n|clearpoke\n|poke|p1|Sylveon, L50, M|\n|poke|p1|Slowbro, L50, F|\n|poke|p1|Tyranitar, L50, F|\n|poke|p1|Farigiraf, L50, M|\n|poke|p1|Clefable, L50, M|\n|poke|p1|Conkeldurr, L50, M|\n|poke|p2|Whimsicott, L50, M|\n|poke|p2|Orthworm, L50, F|\n|poke|p2|Charizard, L50, M|\n|poke|p2|Sneasler, L50, F|\n|poke|p2|Vaporeon, L50, M|\n|poke|p2|Venusaur, L50, M|\n|teampreview|4\n|l|\u2606porpal_goji\n|player|p2|\n|j|\u2606porpal_goji\n|player|p2|porpal_goji|clair|\n|\n|t:|1776196753\n|teamsize|p1|4\n|teamsize|p2|4\n|start\n|switch|p1a: Conkeldurr|Conkeldurr, L50, M|100/100\n|switch|p1b: Tyranitar|Tyranitar, L50, F|100/100\n|switch|p2a: Whimsicott|Whimsicott, L50, M|100/100\n|switch|p2b: Orthworm|Orthworm, L50, F|100/100\n|-weather|Sandstorm|[from] ability: Sand Stream|[of] p1b: Tyranitar\n|turn|1\n|\n|t:|1776196778\n|switch|p1b: Slowbro|Slowbro, L50, F|100/100\n|move|p2a: Whimsicott|Tailwind|p2a: Whimsicott\n|-sidestart|p2: porpal_goji|move: Tailwind\n|move|p2b: Orthworm|Shed Tail|p2b: Orthworm\n|-start|p2b: Orthworm|Substitute|[from] move: Shed Tail\n|-damage|p2b: Orthworm|50/100\n|-enditem|p2b: Orthworm|Sitrus Berry|[eat]\n|-heal|p2b: Orthworm|75/100|[from] item: Sitrus Berry\n|\n|t:|1776196792\n|switch|p2b: Venusaur|Venusaur, L50, M|100/100|[from] Shed Tail\n|move|p1a: Conkeldurr|Poison Jab|p2a: Whimsicott\n|-supereffective|p2a: Whimsicott|2\n|-enditem|p2a: Whimsicott|Focus Sash\n|-damage|p2a: Whimsicott|1/100\n|-status|p2a: Whimsicott|psn\n|\n|-weather|Sandstorm|[upkeep]\n|-damage|p2a: Whimsicott|0 fnt|[from] Sandstorm\n|-damage|p2b: Venusaur|95/100|[from] Sandstorm\n|-damage|p1a: Conkeldurr|95/100|[from] Sandstorm\n|-damage|p1b: Slowbro|95/100|[from] Sandstorm\n|faint|p2a: Whimsicott\n|upkeep\n|\n|t:|1776196801\n|switch|p2a: Orthworm|Orthworm, L50, F|75/100\n|turn|2\n|\n|t:|1776196831\n|detailschange|p2b: Venusaur|Venusaur-Mega, L50, M\n|-mega|p2b: Venusaur|Venusaur|Venusaurite\n|move|p2b: Venusaur|Growth|p2b: Venusaur\n|-boost|p2b: Venusaur|atk|1\n|-boost|p2b: Venusaur|spa|1\n|move|p2a: Orthworm|Shed Tail|p2a: Orthworm\n|-start|p2a: Orthworm|Substitute|[from] move: Shed Tail\n|-damage|p2a: Orthworm|25/100\n|\n|t:|1776196839\n|switch|p2a: Vaporeon|Vaporeon, L50, M|100/100|[from] Shed Tail\n|move|p1a: Conkeldurr|Drain Punch|p2a: Vaporeon\n|-end|p2a: Vaporeon|Substitute\n|-heal|p1a: Conkeldurr|100/100|[from] drain|[of] p2a: Vaporeon\n|move|p1b: Slowbro|Trick Room|p1b: Slowbro\n|-fieldstart|move: Trick Room|[of] p1b: Slowbro\n|\n|-weather|Sandstorm|[upkeep]\n|-damage|p1b: Slowbro|89/100|[from] Sandstorm\n|-damage|p1a: Conkeldurr|95/100|[from] Sandstorm\n|-damage|p2a: Vaporeon|95/100|[from] Sandstorm\n|-damage|p2b: Venusaur|89/100|[from] Sandstorm\n|-heal|p2a: Vaporeon|100/100|[from] item: Leftovers\n|upkeep\n|turn|3\n|\n|t:|1776196877\n|move|p1b: Slowbro|Psychic|p2a: Vaporeon\n|-damage|p2a: Vaporeon|75/100\n|move|p1a: Conkeldurr|Poison Jab|p2b: Venusaur\n|-end|p2b: Venusaur|Substitute\n|move|p2a: Vaporeon|Calm Mind|p2a: Vaporeon\n|-boost|p2a: Vaporeon|spa|1\n|-boost|p2a: Vaporeon|spd|1\n|move|p2b: Venusaur|Giga Drain|p1b: Slowbro\n|-supereffective|p1b: Slowbro|1\n|-damage|p1b: Slowbro|0 fnt\n|-heal|p2b: Venusaur|100/100|[from] drain|[of] p1b: Slowbro\n|faint|p1b: Slowbro\n|\n|-weather|Sandstorm|[upkeep]\n|-damage|p1a: Conkeldurr|89/100|[from] Sandstorm\n|-damage|p2a: Vaporeon|69/100|[from] Sandstorm\n|-damage|p2b: Venusaur|95/100|[from] Sandstorm\n|-heal|p2a: Vaporeon|75/100|[from] item: Leftovers\n|upkeep\n|\n|t:|1776196884\n|switch|p1b: Sylveon|Sylveon, L50, M|100/100\n|turn|4\n|\n|t:|1776196905\n|move|p2a: Vaporeon|Protect|p2a: Vaporeon\n|-singleturn|p2a: Vaporeon|Protect\n|move|p1a: Conkeldurr|Drain Punch|p2a: Vaporeon\n|-activate|p2a: Vaporeon|move: Protect\n|move|p1b: Sylveon|Hyper Voice|p2a: Vaporeon|[spread] p2b\n|-activate|p2a: Vaporeon|move: Protect\n|-resisted|p2b: Venusaur|1\n|-damage|p2b: Venusaur|75/100\n|move|p2b: Venusaur|Sludge Wave|p1b: Sylveon|[spread] p1a,p1b\n|-activate|p2a: Vaporeon|move: Protect\n|-supereffective|p1b: Sylveon|1\n|-damage|p1a: Conkeldurr|38/100\n|-damage|p1b: Sylveon|29/100\n|-status|p1b: Sylveon|psn\n|\n|-weather|Sandstorm|[upkeep]\n|-damage|p1a: Conkeldurr|32/100|[from] Sandstorm\n|-damage|p1b: Sylveon|23/100 psn|[from] Sandstorm\n|-damage|p2a: Vaporeon|69/100|[from] Sandstorm\n|-damage|p2b: Venusaur|69/100|[from] Sandstorm\n|-heal|p2a: Vaporeon|75/100|[from] item: Leftovers\n|-damage|p1b: Sylveon|11/100 psn|[from] psn\n|-sideend|p2: porpal_goji|move: Tailwind\n|upkeep\n|turn|5\n|\n|t:|1776196933\n|move|p1a: Conkeldurr|Drain Punch|p2a: Vaporeon\n|-damage|p2a: Vaporeon|38/100\n|-heal|p1a: Conkeldurr|56/100|[from] drain|[of] p2a: Vaporeon\n|move|p1b: Sylveon|Hyper Voice|p2b: Venusaur|[spread] p2a,p2b\n|-resisted|p2b: Venusaur|1\n|-damage|p2a: Vaporeon|10/100\n|-damage|p2b: Venusaur|50/100\n|move|p2a: Vaporeon|Ice Beam|p1b: Sylveon\n|-damage|p1b: Sylveon|0 fnt\n|faint|p1b: Sylveon\n|move|p2b: Venusaur|Giga Drain|p1a: Conkeldurr\n|-damage|p1a: Conkeldurr|8/100\n|-heal|p2b: Venusaur|73/100|[from] drain|[of] p1a: Conkeldurr\n|\n|-weather|none\n|-heal|p2a: Vaporeon|16/100|[from] item: Leftovers\n|upkeep\n|\n|t:|1776196938\n|switch|p1b: Tyranitar|Tyranitar, L50, F|100/100\n|-weather|Sandstorm|[from] ability: Sand Stream|[of] p1b: Tyranitar\n|turn|6\n|\n|t:|1776196953\n|detailschange|p1b: Tyranitar|Tyranitar-Mega, L50, F\n|-mega|p1b: Tyranitar|Tyranitar|Tyranitarite\n|move|p2a: Vaporeon|Protect|p2a: Vaporeon\n|-singleturn|p2a: Vaporeon|Protect\n|move|p1a: Conkeldurr|Wide Guard|p1a: Conkeldurr\n|-singleturn|p1a: Conkeldurr|Wide Guard\n|move|p1b: Tyranitar|Rock Slide|p2a: Vaporeon|[spread] p2b\n|-activate|p2a: Vaporeon|move: Protect\n|-damage|p2b: Venusaur|43/100\n|move|p2b: Venusaur|Giga Drain|p1b: Tyranitar\n|-supereffective|p1b: Tyranitar|1\n|-damage|p1b: Tyranitar|51/100\n|-heal|p2b: Venusaur|70/100|[from] drain|[of] p1b: Tyranitar\n|\n|-weather|Sandstorm|[upkeep]\n|-damage|p1a: Conkeldurr|2/100|[from] Sandstorm\n|-damage|p2a: Vaporeon|10/100|[from] Sandstorm\n|-damage|p2b: Venusaur|64/100|[from] Sandstorm\n|-heal|p2a: Vaporeon|16/100|[from] item: Leftovers\n|-fieldend|move: Trick Room\n|upkeep\n|turn|7\n|-message|rocci forfeited.\n|\n|win|porpal_goji\n|raw|rocci's rating: 1170 &rarr; <strong>1143</strong><br />(-27 for losing)\n|raw|porpal_goji's rating: 1142 &rarr; <strong>1169</strong><br />(+27 for winning)\n",
  "uploadtime": 1776196971,
  "views": 34,
  "formatid": "gen9championsvgc2026regma",
  "rating": 1143,
  "private": 0,
  "password": null
}