{
  "id": "gen9championsvgc2026regma-2585602405",
  "format": "[Gen 9 Champions] VGC 2026 Reg M-A",
  "players": [
    "blog2",
    "baxfloyd"
  ],
  "log": "|j|\u2606blog2\n|j|\u2606baxfloyd\n|t:|1776358227\n|gametype|doubles\n|player|p1|blog2|170|1098\n|player|p2|baxfloyd|harlequin|1049\n|gen|9\n|tier|[Gen 9 Champions] VGC 2026 Reg M-A\n|rated|\n|rule|Species Clause: Limit one of each Pok\u00e9mon\n|rule|Item Clause: Limit 1 of each item\n|clearpoke\n|poke|p1|Dragonite, L50, M|\n|poke|p1|Sneasler, L50, M|\n|poke|p1|Sinistcha, L50|\n|poke|p1|Tinkaton, L50, F|\n|poke|p1|Krookodile, L50, M|\n|poke|p1|Greninja-*, L50, M|\n|poke|p2|Mr. Rime, L50, F|\n|poke|p2|Garchomp, L50, M|\n|poke|p2|Aerodactyl, L50, F|\n|poke|p2|Meowstic-F, L50, F|\n|poke|p2|Scizor, L50, F|\n|poke|p2|Politoed, L50, F|\n|teampreview|4\n|\n|t:|1776358253\n|teamsize|p1|4\n|teamsize|p2|4\n|start\n|switch|p1a: Greninja|Greninja, L50, M, shiny|100/100\n|switch|p1b: Dragonite|Dragonite, L50, M|100/100\n|switch|p2a: Mr. Rime|Mr. Rime, L50, F, shiny|100/100\n|switch|p2b: Meowstic|Meowstic-F, L50, F|100/100\n|turn|1\n|\n|t:|1776358309\n|detailschange|p1b: Dragonite|Dragonite-Mega, L50, M\n|-mega|p1b: Dragonite|Dragonite|Dragoninite\n|move|p2b: Meowstic|Protect|p2b: Meowstic\n|-singleturn|p2b: Meowstic|Protect\n|move|p1a: Greninja|Dark Pulse|p2a: Mr. Rime\n|-start|p1a: Greninja|typechange|Dark|[from] ability: Protean\n|-supereffective|p2a: Mr. Rime|1\n|-damage|p2a: Mr. Rime|55/100\n|move|p1b: Dragonite|Flamethrower|p2a: Mr. Rime\n|-supereffective|p2a: Mr. Rime|1\n|-damage|p2a: Mr. Rime|4/100\n|-enditem|p2a: Mr. Rime|Sitrus Berry|[eat]\n|-heal|p2a: Mr. Rime|29/100|[from] item: Sitrus Berry\n|move|p2a: Mr. Rime|Psychic Terrain|p2a: Mr. Rime\n|-fieldstart|move: Psychic Terrain\n|\n|upkeep\n|turn|2\n|\n|t:|1776358375\n|detailschange|p2b: Meowstic|Meowstic-F-Mega, L50, F\n|-mega|p2b: Meowstic|Meowstic|Meowsticite\n|-ability|p2b: Meowstic|Protean|Trace|[from] ability: Trace|[of] p1a: Greninja\n|move|p2a: Mr. Rime|Protect|p2a: Mr. Rime\n|-singleturn|p2a: Mr. Rime|Protect\n|move|p2b: Meowstic|Expanding Force|p1b: Dragonite|[spread] p1b\n|-immune|p1a: Greninja\n|-damage|p1b: Dragonite|76/100\n|move|p1a: Greninja|Dark Pulse|p2b: Meowstic\n|-supereffective|p2b: Meowstic|1\n|-damage|p2b: Meowstic|20/100\n|move|p1b: Dragonite|Flamethrower|p2a: Mr. Rime\n|-activate|p2a: Mr. Rime|move: Protect\n|\n|upkeep\n|turn|3\n|\n|t:|1776358395\n|move|p2a: Mr. Rime|Helping Hand|p2b: Meowstic\n|-singleturn|p2b: Meowstic|Helping Hand|[of] p2a: Mr. Rime\n|move|p2b: Meowstic|Expanding Force|p1b: Dragonite|[spread] p1b\n|-immune|p1a: Greninja\n|-damage|p1b: Dragonite|5/100\n|move|p1a: Greninja|Dark Pulse|p2b: Meowstic\n|-supereffective|p2b: Meowstic|1\n|-damage|p2b: Meowstic|0 fnt\n|faint|p2b: Meowstic\n|move|p1b: Dragonite|Flamethrower|p2a: Mr. Rime\n|-supereffective|p2a: Mr. Rime|1\n|-damage|p2a: Mr. Rime|0 fnt\n|faint|p2a: Mr. Rime\n|\n|upkeep\n|\n|t:|1776358404\n|switch|p2b: Garchomp|Garchomp, L50, M|100/100\n|switch|p2a: Scizor|Scizor, L50, F|100/100\n|turn|4\n|\n|t:|1776358451\n|move|p1b: Dragonite|Protect|p1b: Dragonite\n|-singleturn|p1b: Dragonite|Protect\n|move|p2b: Garchomp|Rock Slide|p1a: Greninja|[spread] p1a\n|-activate|p1b: Dragonite|move: Protect\n|-damage|p1a: Greninja|68/100\n|move|p1a: Greninja|Icy Wind|p2a: Scizor|[spread] p2a,p2b\n|-resisted|p2a: Scizor|1\n|-supereffective|p2b: Garchomp|2\n|-damage|p2a: Scizor|92/100\n|-damage|p2b: Garchomp|44/100\n|-unboost|p2a: Scizor|spe|1\n|-unboost|p2b: Garchomp|spe|1\n|move|p2a: Scizor|Close Combat|p1a: Greninja\n|-supereffective|p1a: Greninja|1\n|-damage|p1a: Greninja|0 fnt\n|-unboost|p2a: Scizor|def|1\n|-unboost|p2a: Scizor|spd|1\n|faint|p1a: Greninja\n|\n|upkeep\n|\n|t:|1776358456\n|switch|p1a: Sinistcha|Sinistcha, L50|100/100\n|-heal|p1b: Dragonite|30/100|[from] ability: Hospitality|[of] p1a: Sinistcha\n|turn|5\n|\n|t:|1776358471\n|switch|p1b: Sneasler|Sneasler, L50, M|100/100\n|move|p2b: Garchomp|Rock Slide|p1a: Sinistcha|[spread] p1a,p1b\n|-resisted|p1b: Sneasler|1\n|-damage|p1a: Sinistcha|85/100\n|-damage|p1b: Sneasler|83/100\n|cant|p1a: Sinistcha|flinch\n|move|p2a: Scizor|Bug Bite|p1a: Sinistcha\n|-damage|p1a: Sinistcha|42/100\n|\n|-heal|p1a: Sinistcha|48/100|[from] item: Leftovers\n|-fieldend|move: Psychic Terrain\n|upkeep\n|turn|6\n|\n|t:|1776358487\n|move|p1b: Sneasler|Rock Slide|p2b: Garchomp|[spread] p2a,p2b\n|-resisted|p2b: Garchomp|1\n|-damage|p2a: Scizor|61/100\n|-damage|p2b: Garchomp|34/100\n|move|p2b: Garchomp|Rock Slide|p1a: Sinistcha|[spread] p1a,p1b\n|-resisted|p1b: Sneasler|1\n|-damage|p1a: Sinistcha|32/100\n|-damage|p1b: Sneasler|67/100\n|move|p1a: Sinistcha|Matcha Gotcha|p2b: Garchomp|[spread] p2a,p2b\n|-resisted|p2a: Scizor|2\n|-damage|p2a: Scizor|48/100\n|-heal|p1a: Sinistcha|38/100|[from] drain|[of] p2a: Scizor\n|-damage|p2b: Garchomp|5/100\n|-heal|p1a: Sinistcha|52/100|[from] drain|[of] p2b: Garchomp\n|move|p2a: Scizor|Bug Bite|p1a: Sinistcha\n|-damage|p1a: Sinistcha|5/100\n|\n|-heal|p1a: Sinistcha|11/100|[from] item: Leftovers\n|upkeep\n|turn|7\n|\n|t:|1776358511\n|move|p2a: Scizor|Bullet Punch|p1b: Sneasler\n|-damage|p1b: Sneasler|9/100\n|move|p1b: Sneasler|Rock Slide|p2b: Garchomp|[spread] p2a,p2b\n|-resisted|p2b: Garchomp|1\n|-damage|p2a: Scizor|18/100\n|-damage|p2b: Garchomp|0 fnt\n|faint|p2b: Garchomp\n|move|p1a: Sinistcha|Matcha Gotcha|p2a: Scizor|[miss]\n|-miss|p1a: Sinistcha|p2a: Scizor\n|\n|-heal|p1a: Sinistcha|17/100|[from] item: Leftovers\n|upkeep\n|turn|8\n|\n|t:|1776358533\n|move|p1a: Sinistcha|Protect|p1a: Sinistcha\n|-singleturn|p1a: Sinistcha|Protect\n|move|p2a: Scizor|Bullet Punch|p1b: Sneasler\n|-damage|p1b: Sneasler|0 fnt\n|faint|p1b: Sneasler\n|\n|-heal|p1a: Sinistcha|24/100|[from] item: Leftovers\n|upkeep\n|\n|t:|1776358535\n|switch|p1b: Dragonite|Dragonite-Mega, L50, M|30/100\n|turn|9\n|\n|t:|1776358547\n|move|p1a: Sinistcha|Rage Powder|p1a: Sinistcha\n|-singleturn|p1a: Sinistcha|move: Rage Powder\n|move|p2a: Scizor|Bullet Punch|p1a: Sinistcha\n|-damage|p1a: Sinistcha|0 fnt\n|faint|p1a: Sinistcha\n|move|p1b: Dragonite|Flamethrower|p2a: Scizor\n|-supereffective|p2a: Scizor|2\n|-damage|p2a: Scizor|0 fnt\n|faint|p2a: Scizor\n|\n|win|blog2\n|raw|blog2's rating: 1098 &rarr; <strong>1120</strong><br />(+22 for winning)\n|raw|baxfloyd's rating: 1049 &rarr; <strong>1034</strong><br />(-15 for losing)\n|l|\u2606baxfloyd\n|player|p2|\n",
  "uploadtime": 1776358552,
  "views": 25,
  "formatid": "gen9championsvgc2026regma",
  "rating": 1034,
  "private": 0,
  "password": null
}