{
  "id": "gen9championsvgc2026regma-2588494977",
  "format": "[Gen 9 Champions] VGC 2026 Reg M-A",
  "players": [
    "098u78uj",
    "R AND SHOUSE"
  ],
  "log": "|j|\u2606098u78uj\n|j|\u2606R AND SHOUSE\n|t:|1776638675\n|gametype|doubles\n|player|p1|098u78uj|170|1000\n|player|p2|R AND SHOUSE|101|1043\n|gen|9\n|tier|[Gen 9 Champions] VGC 2026 Reg M-A\n|rated|\n|rule|Species Clause: Limit one of each Pok\u00e9mon\n|rule|Item Clause: Limit 1 of each item\n|clearpoke\n|poke|p1|Drampa, L50, F, shiny|\n|poke|p1|Spiritomb, L50, M|\n|poke|p1|Torkoal, L50, F|\n|poke|p1|Kingambit, L50, M|\n|poke|p1|Clawitzer, L50, F|\n|poke|p1|Dragapult, L50, F|\n|poke|p2|Charizard, L50, M|\n|poke|p2|Garchomp, L50, M|\n|poke|p2|Whimsicott, L50, F|\n|poke|p2|Incineroar, L50, F|\n|poke|p2|Venusaur, L50, F|\n|poke|p2|Sneasler, L50, F|\n|teampreview|4\n|\n|t:|1776638699\n|teamsize|p1|4\n|teamsize|p2|4\n|start\n|switch|p1a: Drampa|Drampa, L50, F, shiny|100/100\n|switch|p1b: Spiritomb|Spiritomb, L50, M|100/100\n|switch|p2a: Venusaur|Venusaur, L50, F|100/100\n|switch|p2b: Charizard|Charizard, L50, M|100/100\n|-ability|p1a: Drampa|Cloud Nine\n|turn|1\n|\n|t:|1776638719\n|detailschange|p2b: Charizard|Charizard-Mega-Y, L50, M\n|-mega|p2b: Charizard|Charizard|Charizardite Y\n|-weather|SunnyDay|[from] ability: Drought|[of] p2b: Charizard\n|move|p1a: Drampa|Protect|p1a: Drampa\n|-singleturn|p1a: Drampa|Protect\n|move|p2b: Charizard|Heat Wave|p1a: Drampa|[spread] p1b\n|-activate|p1a: Drampa|move: Protect\n|-damage|p1b: Spiritomb|60/100\n|move|p2a: Venusaur|Sleep Powder|p1b: Spiritomb\n|-status|p1b: Spiritomb|slp|[from] move: Sleep Powder\n|cant|p1b: Spiritomb|slp\n|\n|-weather|SunnyDay|[upkeep]\n|upkeep\n|turn|2\n|\n|t:|1776638744\n|move|p2b: Charizard|Solar Beam||[still]\n|-prepare|p2b: Charizard|Solar Beam\n|move|p2a: Venusaur|Energy Ball|p1b: Spiritomb\n|-damage|p1b: Spiritomb|18/100 slp\n|move|p1a: Drampa|Heat Wave|p2a: Venusaur|[spread] p2a,p2b\n|-supereffective|p2a: Venusaur|1\n|-enditem|p2a: Venusaur|Occa Berry|[eat]\n|-enditem|p2a: Venusaur|Occa Berry|[weaken]\n|-resisted|p2b: Charizard|1\n|-damage|p2a: Venusaur|75/100\n|-damage|p2b: Charizard|88/100\n|cant|p1b: Spiritomb|slp\n|\n|-weather|SunnyDay|[upkeep]\n|upkeep\n|turn|3\n|\n|t:|1776638770\n|move|p2b: Charizard|Solar Beam|p1a: Drampa|[from] lockedmove\n|-resisted|p1a: Drampa|1\n|-damage|p1a: Drampa|74/100\n|move|p2a: Venusaur|Sludge Bomb|p1a: Drampa\n|-damage|p1a: Drampa|26/100\n|move|p1a: Drampa|Heat Wave|p2a: Venusaur|[spread] p2a,p2b\n|-supereffective|p2a: Venusaur|1\n|-resisted|p2b: Charizard|1\n|-damage|p2a: Venusaur|18/100\n|-damage|p2b: Charizard|72/100\n|-curestatus|p1b: Spiritomb|slp|[msg]\n|move|p1b: Spiritomb|Destiny Bond|p1b: Spiritomb\n|-singlemove|p1b: Spiritomb|Destiny Bond\n|\n|-weather|SunnyDay|[upkeep]\n|upkeep\n|turn|4\n|\n|t:|1776638792\n|move|p2b: Charizard|Protect|p2b: Charizard\n|-singleturn|p2b: Charizard|Protect\n|move|p2a: Venusaur|Protect|p2a: Venusaur\n|-singleturn|p2a: Venusaur|Protect\n|move|p1a: Drampa|Protect|p1a: Drampa\n|-singleturn|p1a: Drampa|Protect\n|move|p1b: Spiritomb|Trick Room|p1b: Spiritomb\n|-fieldstart|move: Trick Room|[of] p1b: Spiritomb\n|\n|-weather|SunnyDay|[upkeep]\n|upkeep\n|turn|5\n|\n|t:|1776638821\n|detailschange|p1a: Drampa|Drampa-Mega, L50, F, shiny\n|-mega|p1a: Drampa|Drampa|Drampanite\n|move|p1b: Spiritomb|Foul Play|p2a: Venusaur\n|-damage|p2a: Venusaur|0 fnt\n|faint|p2a: Venusaur\n|move|p1a: Drampa|Hyper Voice|p2b: Charizard\n|-damage|p2b: Charizard|11/100\n|move|p2b: Charizard|Heat Wave|p1b: Spiritomb|[spread] p1a,p1b\n|-resisted|p1a: Drampa|1\n|-damage|p1a: Drampa|0 fnt\n|-damage|p1b: Spiritomb|0 fnt\n|faint|p1a: Drampa\n|faint|p1b: Spiritomb\n|\n|-weather|none\n|upkeep\n|inactive|Battle timer is ON: inactive players will automatically lose when time's up. (requested by 098u78uj)\n|\n|t:|1776638835\n|switch|p1b: Kingambit|Kingambit, L50, M|100/100\n|switch|p1a: Torkoal|Torkoal, L50, F|100/100\n|switch|p2a: Garchomp|Garchomp, L50, M|100/100\n|-weather|SunnyDay|[from] ability: Drought|[of] p1a: Torkoal\n|turn|6\n|\n|t:|1776638846\n|move|p1a: Torkoal|Eruption|p2b: Charizard|[spread] p2a,p2b\n|-resisted|p2a: Garchomp|1\n|-crit|p2a: Garchomp\n|-resisted|p2b: Charizard|1\n|-damage|p2a: Garchomp|50/100\n|-damage|p2b: Charizard|0 fnt\n|faint|p2b: Charizard\n|move|p1b: Kingambit|Kowtow Cleave|p2a: Garchomp\n|-damage|p2a: Garchomp|0 fnt\n|faint|p2a: Garchomp\n|\n|-weather|SunnyDay|[upkeep]\n|upkeep\n|\n|t:|1776638867\n|switch|p2b: Incineroar|Incineroar, L50, F|100/100\n|-ability|p2b: Incineroar|Intimidate|boost\n|-unboost|p1a: Torkoal|atk|1\n|-unboost|p1b: Kingambit|atk|1\n|-ability|p1b: Kingambit|Defiant|boost\n|-boost|p1b: Kingambit|atk|2\n|turn|7\n|\n|t:|1776638883\n|move|p1a: Torkoal|Earth Power|p2b: Incineroar\n|-supereffective|p2b: Incineroar|1\n|-damage|p2b: Incineroar|55/100\n|move|p1b: Kingambit|Kowtow Cleave|p2b: Incineroar\n|-resisted|p2b: Incineroar|1\n|-damage|p2b: Incineroar|3/100\n|move|p2b: Incineroar|Flare Blitz|p1b: Kingambit\n|-supereffective|p1b: Kingambit|1\n|-damage|p1b: Kingambit|0 fnt\n|faint|p1b: Kingambit\n|-damage|p2b: Incineroar|0 fnt|[from] Recoil\n|faint|p2b: Incineroar\n|\n|win|098u78uj\n|raw|098u78uj's rating: 1000 &rarr; <strong>1045</strong><br />(+45 for winning)\n|raw|R AND SHOUSE's rating: 1043 &rarr; <strong>1025</strong><br />(-18 for losing)\n",
  "uploadtime": 1776638895,
  "views": 17,
  "formatid": "gen9championsvgc2026regma",
  "rating": 1025,
  "private": 0,
  "password": null
}