{
  "id": "gen9championsvgc2026regma-2585041728",
  "format": "[Gen 9 Champions] VGC 2026 Reg M-A",
  "players": [
    "blindjonn",
    "AWilsonAap"
  ],
  "log": "|j|\u2606blindjonn\n|j|\u203dAWilsonAap\n|t:|1776305984\n|gametype|doubles\n|player|p1|blindjonn|hilda-wonderlauncher|1071\n|player|p2|AWilsonAap|170|1024\n|gen|9\n|tier|[Gen 9 Champions] VGC 2026 Reg M-A\n|rated|\n|rule|Species Clause: Limit one of each Pok\u00e9mon\n|rule|Item Clause: Limit 1 of each item\n|clearpoke\n|poke|p1|Ninetales, L50, F|\n|poke|p1|Clefable, L50, F|\n|poke|p1|Charizard, L50, M|\n|poke|p1|Aerodactyl, L50, M|\n|poke|p1|Venusaur, L50, F|\n|poke|p1|Kangaskhan, L50, F|\n|poke|p2|Floette-Eternal, L50, F|\n|poke|p2|Alcremie-Rainbow-Swirl, L50, F|\n|poke|p2|Sneasler, L50, F|\n|poke|p2|Garchomp, L50, F|\n|poke|p2|Talonflame, L50, F|\n|poke|p2|Whimsicott, L50, F|\n|teampreview|4\n|inactive|Battle timer is ON: inactive players will automatically lose when time's up. (requested by blindjonn)\n|inactive|AWilsonAap has 60 seconds left.\n|\n|t:|1776306047\n|teamsize|p1|4\n|teamsize|p2|4\n|start\n|switch|p1a: Ninetales|Ninetales, L50, F|100/100\n|switch|p1b: Aerodactyl|Aerodactyl, L50, M|100/100\n|switch|p2a: Whimsicott|Whimsicott, L50, F, shiny|100/100\n|switch|p2b: Floette|Floette-Eternal, L50, F, shiny|100/100\n|-ability|p1b: Aerodactyl|Unnerve\n|-weather|SunnyDay|[from] ability: Drought|[of] p1a: Ninetales\n|turn|1\n|inactive|AWilsonAap has 30 seconds left.\n|inactive|AWilsonAap has 20 seconds left.\n|inactive|AWilsonAap has 15 seconds left.\n|\n|t:|1776306092\n|detailschange|p2b: Floette|Floette-Mega, L50, F, shiny\n|-mega|p2b: Floette|Floette|Floettite\n|-ability|p2b: Floette|Fairy Aura\n|move|p2a: Whimsicott|Tailwind|p2a: Whimsicott\n|-sidestart|p2: AWilsonAap|move: Tailwind\n|move|p2b: Floette|Calm Mind|p2b: Floette\n|-boost|p2b: Floette|spa|1\n|-boost|p2b: Floette|spd|1\n|move|p1b: Aerodactyl|Tailwind|p1b: Aerodactyl\n|-sidestart|p1: blindjonn|move: Tailwind\n|move|p1a: Ninetales|Fire Blast|p2a: Whimsicott\n|-supereffective|p2a: Whimsicott|1\n|-enditem|p2a: Whimsicott|Focus Sash\n|-damage|p2a: Whimsicott|1/100\n|\n|-weather|SunnyDay|[upkeep]\n|upkeep\n|turn|2\n|inactive|blindjonn has 30 seconds left.\n|inactive|AWilsonAap has 30 seconds left.\n|\n|t:|1776306126\n|move|p2a: Whimsicott|Fake Tears|p1a: Ninetales\n|-unboost|p1a: Ninetales|spd|2\n|move|p1b: Aerodactyl|Rock Slide|p2a: Whimsicott|[spread] p2a,p2b\n|-damage|p2a: Whimsicott|0 fnt\n|-damage|p2b: Floette|66/100\n|faint|p2a: Whimsicott\n|move|p2b: Floette|Calm Mind|p2b: Floette\n|-boost|p2b: Floette|spa|1\n|-boost|p2b: Floette|spd|1\n|move|p1a: Ninetales|Fire Blast|p2b: Floette|[miss]\n|-miss|p1a: Ninetales|p2b: Floette\n|\n|-weather|SunnyDay|[upkeep]\n|upkeep\n|\n|t:|1776306143\n|switch|p2a: Alcremie|Alcremie-Rainbow-Swirl, L50, F|100/100\n|turn|3\n|\n|t:|1776306163\n|switch|p1b: Venusaur|Venusaur, L50, F|100/100\n|move|p1a: Ninetales|Protect|p1a: Ninetales\n|-singleturn|p1a: Ninetales|Protect\n|move|p2b: Floette|Giga Drain|p1b: Venusaur\n|-resisted|p1b: Venusaur|2\n|-damage|p1b: Venusaur|84/100\n|-heal|p2b: Floette|75/100|[from] drain|[of] p1b: Venusaur\n|move|p2a: Alcremie|Decorate|p2b: Floette\n|-boost|p2b: Floette|atk|2\n|-boost|p2b: Floette|spa|2\n|\n|-weather|SunnyDay|[upkeep]\n|upkeep\n|turn|4\n|inactive|blindjonn has 30 seconds left.\n|\n|t:|1776306188\n|move|p2a: Alcremie|Helping Hand|p2b: Floette\n|-singleturn|p2b: Floette|Helping Hand|[of] p2a: Alcremie\n|move|p1b: Venusaur|Sleep Powder|p2b: Floette\n|-block|p2b: Floette|ability: Sweet Veil|[of] p2a: Alcremie\n|move|p2b: Floette|Draining Kiss|p1a: Ninetales\n|-resisted|p1a: Ninetales|1\n|-damage|p1a: Ninetales|0 fnt\n|-heal|p2b: Floette|100/100|[from] drain|[of] p1a: Ninetales\n|faint|p1a: Ninetales\n|\n|-weather|SunnyDay|[upkeep]\n|-sideend|p2: AWilsonAap|move: Tailwind\n|-sideend|p1: blindjonn|move: Tailwind\n|upkeep\n|\n|t:|1776306203\n|switch|p1a: Aerodactyl|Aerodactyl, L50, M|100/100\n|-ability|p1a: Aerodactyl|Unnerve\n|turn|5\n|inactive|AWilsonAap has 30 seconds left.\n|\n|t:|1776306233\n|move|p2a: Alcremie|Helping Hand|p2b: Floette\n|-singleturn|p2b: Floette|Helping Hand|[of] p2a: Alcremie\n|move|p1b: Venusaur|Sludge Bomb|p2a: Alcremie\n|-supereffective|p2a: Alcremie|1\n|-damage|p2a: Alcremie|28/100\n|-status|p2a: Alcremie|psn\n|move|p1a: Aerodactyl|Rock Slide|p2b: Floette|[spread] p2a,p2b\n|-damage|p2a: Alcremie|0 fnt\n|-damage|p2b: Floette|67/100\n|faint|p2a: Alcremie\n|move|p2b: Floette|Draining Kiss|p1b: Venusaur\n|-resisted|p1b: Venusaur|1\n|-damage|p1b: Venusaur|0 fnt\n|-heal|p2b: Floette|100/100|[from] drain|[of] p1b: Venusaur\n|faint|p1b: Venusaur\n|\n|-weather|none\n|upkeep\n|\n|t:|1776306251\n|switch|p1b: Charizard|Charizard, L50, M|100/100\n|switch|p2a: Sneasler|Sneasler, L50, F, shiny|100/100\n|turn|6\n|\n|t:|1776306273\n|detailschange|p1b: Charizard|Charizard-Mega-Y, L50, M\n|-mega|p1b: Charizard|Charizard|Charizardite Y\n|-weather|SunnyDay|[from] ability: Drought|[of] p1b: Charizard\n|move|p2a: Sneasler|Fake Out|p1b: Charizard\n|-crit|p1b: Charizard\n|-damage|p1b: Charizard|68/100\n|-status|p1b: Charizard|psn|[from] ability: Poison Touch|[of] p2a: Sneasler\n|move|p1a: Aerodactyl|Tailwind|p1a: Aerodactyl\n|-sidestart|p1: blindjonn|move: Tailwind\n|cant|p1b: Charizard|flinch\n|move|p2b: Floette|Draining Kiss|p1b: Charizard\n|-resisted|p1b: Charizard|1\n|-damage|p1b: Charizard|2/100 psn\n|\n|-weather|SunnyDay|[upkeep]\n|-damage|p1b: Charizard|0 fnt|[from] psn\n|faint|p1b: Charizard\n|upkeep\n|turn|7\n|inactive|AWilsonAap has 30 seconds left.\n|\n|t:|1776306300\n|move|p1a: Aerodactyl|Dual Wingbeat|p2a: Sneasler\n|-supereffective|p2a: Sneasler|1\n|-damage|p2a: Sneasler|34/100\n|-supereffective|p2a: Sneasler|1\n|-damage|p2a: Sneasler|0 fnt\n|faint|p2a: Sneasler\n|-hitcount|p2: Sneasler|2\n|move|p2b: Floette|Draining Kiss|p1a: Aerodactyl\n|-damage|p1a: Aerodactyl|0 fnt\n|faint|p1a: Aerodactyl\n|\n|win|AWilsonAap\n|raw|blindjonn's rating: 1071 &rarr; <strong>1048</strong><br />(-23 for losing)\n|raw|AWilsonAap's rating: 1024 &rarr; <strong>1065</strong><br />(+41 for winning)\n",
  "uploadtime": 1776306502,
  "views": 24,
  "formatid": "gen9championsvgc2026regma",
  "rating": 1048,
  "private": 0,
  "password": null
}