{
  "id": "gen9championsvgc2026regma-2582913165",
  "format": "[Gen 9 Champions] VGC 2026 Reg M-A",
  "players": [
    "eloydlca",
    "eggnoggue"
  ],
  "log": "|j|\u2606eloydlca\n|j|\u2606eggnoggue\n|t:|1776124441\n|gametype|doubles\n|player|p1|eloydlca|169|1189\n|player|p2|eggnoggue|wicke|1126\n|gen|9\n|tier|[Gen 9 Champions] VGC 2026 Reg M-A\n|rated|\n|rule|Species Clause: Limit one of each Pok\u00e9mon\n|rule|Item Clause: Limit 1 of each item\n|clearpoke\n|poke|p1|Floette-Eternal, L50, F|\n|poke|p1|Orthworm, L50, M|\n|poke|p1|Oranguru, L50, F|\n|poke|p1|Incineroar, L50, F|\n|poke|p1|Garchomp, L50, F|\n|poke|p1|Sinistcha, L50|\n|poke|p2|Araquanid, L50, F|\n|poke|p2|Vivillon, L50, M|\n|poke|p2|Volcarona, L50, F|\n|poke|p2|Scizor, L50, F|\n|poke|p2|Heracross, L50, M|\n|poke|p2|Pinsir, L50, M|\n|teampreview|4\n|\n|t:|1776124470\n|teamsize|p1|4\n|teamsize|p2|4\n|start\n|switch|p1a: Orthworm|Orthworm, L50, M|100/100\n|switch|p1b: Incineroar|Incineroar, L50, F|100/100\n|switch|p2a: Vivillon|Vivillon, L50, M|100/100\n|switch|p2b: Pinsir|Pinsir, L50, M|100/100\n|-ability|p1b: Incineroar|Intimidate|boost\n|-unboost|p2a: Vivillon|atk|1\n|-fail|p2b: Pinsir|unboost|Attack|[from] ability: Hyper Cutter|[of] p2b: Pinsir\n|turn|1\n|\n|t:|1776124492\n|move|p2a: Vivillon|Sleep Powder|p1a: Orthworm\n|-status|p1a: Orthworm|slp|[from] move: Sleep Powder\n|move|p2b: Pinsir|Lunge|p1b: Incineroar\n|-damage|p1b: Incineroar|63/100\n|-unboost|p1b: Incineroar|atk|1\n|cant|p1a: Orthworm|slp\n|move|p1b: Incineroar|Parting Shot|p2a: Vivillon\n|-unboost|p2a: Vivillon|atk|1\n|-unboost|p2a: Vivillon|spa|1\n|\n|t:|1776124506\n|switch|p1b: Oranguru|Oranguru, L50, F|100/100|[from] Parting Shot\n|\n|upkeep\n|turn|2\n|\n|t:|1776124516\n|move|p1b: Oranguru|Protect|p1b: Oranguru\n|-singleturn|p1b: Oranguru|Protect\n|move|p2a: Vivillon|Sleep Powder|p1b: Oranguru\n|-activate|p1b: Oranguru|move: Protect\n|move|p2b: Pinsir|Close Combat|p1a: Orthworm\n|-supereffective|p1a: Orthworm|1\n|-damage|p1a: Orthworm|36/100 slp\n|-unboost|p2b: Pinsir|def|1\n|-unboost|p2b: Pinsir|spd|1\n|-enditem|p1a: Orthworm|Sitrus Berry|[eat]\n|-heal|p1a: Orthworm|61/100 slp|[from] item: Sitrus Berry\n|cant|p1a: Orthworm|slp\n|\n|upkeep\n|turn|3\n|\n|t:|1776124544\n|move|p2a: Vivillon|Pollen Puff|p1b: Oranguru\n|-supereffective|p1b: Oranguru|1\n|-damage|p1b: Oranguru|72/100\n|move|p2b: Pinsir|Lunge|p1b: Oranguru\n|-supereffective|p1b: Oranguru|1\n|-damage|p1b: Oranguru|0 fnt\n|faint|p1b: Oranguru\n|-curestatus|p1a: Orthworm|slp|[msg]\n|move|p1a: Orthworm|Shed Tail|p1a: Orthworm\n|-start|p1a: Orthworm|Substitute|[from] move: Shed Tail\n|-damage|p1a: Orthworm|11/100\n|\n|t:|1776124554\n|switch|p1a: Floette|Floette-Eternal, L50, F|100/100|[from] Shed Tail\n|\n|upkeep\n|\n|t:|1776124558\n|switch|p1b: Incineroar|Incineroar, L50, F|63/100\n|-ability|p1b: Incineroar|Intimidate|boost\n|-unboost|p2a: Vivillon|atk|1\n|-fail|p2b: Pinsir|unboost|Attack|[from] ability: Hyper Cutter|[of] p2b: Pinsir\n|turn|4\n|\n|t:|1776124583\n|detailschange|p1a: Floette|Floette-Mega, L50, F\n|-mega|p1a: Floette|Floette|Floettite\n|-ability|p1a: Floette|Fairy Aura\n|move|p1b: Incineroar|Fake Out|p2a: Vivillon\n|-damage|p2a: Vivillon|79/100\n|move|p1a: Floette|Calm Mind|p1a: Floette\n|-boost|p1a: Floette|spa|1\n|-boost|p1a: Floette|spd|1\n|move|p2a: Vivillon|Tailwind|p2a: Vivillon\n|-sidestart|p2: eggnoggue|move: Tailwind\n|move|p2b: Pinsir|Close Combat|p1b: Incineroar\n|-supereffective|p1b: Incineroar|1\n|-enditem|p1b: Incineroar|Chople Berry|[eat]\n|-enditem|p1b: Incineroar|Chople Berry|[weaken]\n|-damage|p1b: Incineroar|25/100\n|-unboost|p2b: Pinsir|def|1\n|-unboost|p2b: Pinsir|spd|1\n|\n|upkeep\n|turn|5\n|\n|t:|1776124621\n|move|p2a: Vivillon|Pollen Puff|p1a: Floette\n|-resisted|p1a: Floette|1\n|-activate|p1a: Floette|move: Substitute|[damage]\n|move|p2b: Pinsir|Rock Slide|p1b: Incineroar|[spread] p1a\n|-miss|p2b: Pinsir|p1b: Incineroar\n|-end|p1a: Floette|Substitute\n|move|p1a: Floette|Calm Mind|p1a: Floette\n|-boost|p1a: Floette|spa|1\n|-boost|p1a: Floette|spd|1\n|move|p1b: Incineroar|Will-O-Wisp|p2b: Pinsir\n|-status|p2b: Pinsir|brn\n|\n|-damage|p2b: Pinsir|95/100 brn|[from] brn\n|upkeep\n|turn|6\n|\n|t:|1776124649\n|move|p2a: Vivillon|Sleep Powder|p1a: Floette\n|-status|p1a: Floette|slp|[from] move: Sleep Powder\n|move|p2b: Pinsir|Close Combat|p1b: Incineroar\n|-supereffective|p1b: Incineroar|1\n|-damage|p1b: Incineroar|0 fnt\n|-unboost|p2b: Pinsir|def|1\n|-unboost|p2b: Pinsir|spd|1\n|faint|p1b: Incineroar\n|cant|p1a: Floette|slp\n|\n|-damage|p2b: Pinsir|89/100 brn|[from] brn\n|upkeep\n|\n|t:|1776124660\n|switch|p1b: Orthworm|Orthworm, L50, M|11/100\n|turn|7\n|\n|t:|1776124677\n|switch|p2a: Scizor|Scizor, L50, F|100/100\n|move|p2b: Pinsir|Close Combat|p1b: Orthworm\n|-supereffective|p1b: Orthworm|1\n|-damage|p1b: Orthworm|0 fnt\n|-unboost|p2b: Pinsir|def|1\n|-unboost|p2b: Pinsir|spd|1\n|faint|p1b: Orthworm\n|cant|p1a: Floette|slp\n|\n|-damage|p2b: Pinsir|83/100 brn|[from] brn\n|-sideend|p2: eggnoggue|move: Tailwind\n|upkeep\n|turn|8\n|\n|t:|1776124691\n|move|p2b: Pinsir|Helping Hand|p2a: Scizor\n|-singleturn|p2a: Scizor|Helping Hand|[of] p2b: Pinsir\n|move|p2a: Scizor|Bullet Punch|p1a: Floette\n|-supereffective|p1a: Floette|1\n|-damage|p1a: Floette|0 fnt\n|faint|p1a: Floette\n|\n|win|eggnoggue\n|raw|eloydlca's rating: 1189 &rarr; <strong>1160</strong><br />(-29 for losing)\n|raw|eggnoggue's rating: 1126 &rarr; <strong>1155</strong><br />(+29 for winning)\n|l|\u2606eloydlca\n|player|p1|\n|c|\u2606eggnoggue|Gg\n",
  "uploadtime": 1776124702,
  "views": 41,
  "formatid": "gen9championsvgc2026regma",
  "rating": 1155,
  "private": 0,
  "password": null
}