{
  "id": "gen9championsvgc2026regma-2587799848",
  "format": "[Gen 9 Champions] VGC 2026 Reg M-A",
  "players": [
    "BillySupremeVGC",
    "Ryderrrrr"
  ],
  "log": "|j|\u203dBillySupremeVGC\n|j|\u2606Ryderrrrr\n|t:|1776565238\n|gametype|doubles\n|player|p1|BillySupremeVGC|101|1382\n|player|p2|Ryderrrrr|wallace|1403\n|gen|9\n|tier|[Gen 9 Champions] VGC 2026 Reg M-A\n|rated|\n|rule|Species Clause: Limit one of each Pok\u00e9mon\n|rule|Item Clause: Limit 1 of each item\n|clearpoke\n|poke|p1|Floette-Eternal, L50, F|\n|poke|p1|Garchomp, L50, M|\n|poke|p1|Kingambit, L50, F|\n|poke|p1|Basculegion, L50, M|\n|poke|p1|Sneasler, L50, F|\n|poke|p1|Froslass, L50, F|\n|poke|p2|Floette-Eternal, L50, F|\n|poke|p2|Blastoise, L50, F|\n|poke|p2|Talonflame, L50, F|\n|poke|p2|Incineroar, L50, M|\n|poke|p2|Sinistcha, L50|\n|poke|p2|Kingambit, L50, F|\n|teampreview|4\n|inactive|Battle timer is ON: inactive players will automatically lose when time's up. (requested by Ryderrrrr)\n|inactive|Ryderrrrr has 60 seconds left.\n|\n|t:|1776565283\n|teamsize|p1|4\n|teamsize|p2|4\n|start\n|switch|p1a: Sneasler|Sneasler, L50, F|100/100\n|switch|p1b: Garchomp|Garchomp, L50, M|100/100\n|switch|p2a: Talonflame|Talonflame, L50, F|100/100\n|switch|p2b: Floette|Floette-Eternal, L50, F|100/100\n|turn|1\n|\n|t:|1776565294\n|detailschange|p2b: Floette|Floette-Mega, L50, F\n|-mega|p2b: Floette|Floette|Floettite\n|-ability|p2b: Floette|Fairy Aura\n|move|p2a: Talonflame|Protect|p2a: Talonflame\n|-singleturn|p2a: Talonflame|Protect\n|move|p2b: Floette|Protect|p2b: Floette\n|-singleturn|p2b: Floette|Protect\n|move|p1a: Sneasler|Fake Out|p2a: Talonflame\n|-activate|p2a: Talonflame|move: Protect\n|move|p1b: Garchomp|Rock Slide|p2a: Talonflame|[spread] \n|-activate|p2a: Talonflame|move: Protect\n|-activate|p2b: Floette|move: Protect\n|\n|upkeep\n|turn|2\n|\n|t:|1776565311\n|move|p2a: Talonflame|Tailwind|p2a: Talonflame\n|-sidestart|p2: Ryderrrrr|move: Tailwind\n|move|p2b: Floette|Moonblast|p1b: Garchomp\n|-supereffective|p1b: Garchomp|1\n|-damage|p1b: Garchomp|0 fnt\n|faint|p1b: Garchomp\n|move|p1a: Sneasler|Dire Claw|p2b: Floette\n|-supereffective|p2b: Floette|1\n|-damage|p2b: Floette|16/100\n|\n|upkeep\n|\n|t:|1776565322\n|switch|p1b: Basculegion|Basculegion, L50, M|100/100\n|turn|3\n|\n|t:|1776565338\n|move|p2a: Talonflame|Protect|p2a: Talonflame\n|-singleturn|p2a: Talonflame|Protect\n|move|p1b: Basculegion|Aqua Jet|p2b: Floette\n|-damage|p2b: Floette|0 fnt\n|faint|p2b: Floette\n|move|p1a: Sneasler|Dire Claw|p2a: Talonflame\n|-activate|p2a: Talonflame|move: Protect\n|\n|upkeep\n|\n|t:|1776565344\n|switch|p2b: Sinistcha|Sinistcha, L50|100/100\n|turn|4\n|\n|t:|1776565356\n|move|p2b: Sinistcha|Rage Powder|p2b: Sinistcha\n|-singleturn|p2b: Sinistcha|move: Rage Powder\n|move|p2a: Talonflame|Acrobatics|p1a: Sneasler\n|-supereffective|p1a: Sneasler|1\n|-enditem|p1a: Sneasler|Focus Sash\n|-damage|p1a: Sneasler|1/100\n|move|p1b: Basculegion|Aqua Jet|p2b: Sinistcha\n|-resisted|p2b: Sinistcha|1\n|-damage|p2b: Sinistcha|90/100\n|move|p1a: Sneasler|Dire Claw|p2b: Sinistcha\n|-damage|p2b: Sinistcha|57/100\n|\n|upkeep\n|turn|5\n|\n|t:|1776565376\n|move|p1a: Sneasler|Protect|p1a: Sneasler\n|-singleturn|p1a: Sneasler|Protect\n|move|p2a: Talonflame|Acrobatics|p1a: Sneasler\n|-activate|p1a: Sneasler|move: Protect\n|move|p2b: Sinistcha|Matcha Gotcha|p1a: Sneasler|[spread] p1b\n|-activate|p1a: Sneasler|move: Protect\n|-supereffective|p1b: Basculegion|1\n|-damage|p1b: Basculegion|47/100\n|-heal|p2b: Sinistcha|89/100|[from] drain|[of] p1b: Basculegion\n|-status|p1b: Basculegion|brn\n|-enditem|p1b: Basculegion|Sitrus Berry|[eat]\n|-heal|p1b: Basculegion|71/100 brn|[from] item: Sitrus Berry\n|move|p1b: Basculegion|Last Respects|p2b: Sinistcha\n|-supereffective|p2b: Sinistcha|1\n|-enditem|p2b: Sinistcha|Kasib Berry|[eat]\n|-enditem|p2b: Sinistcha|Kasib Berry|[weaken]\n|-damage|p2b: Sinistcha|65/100\n|\n|-damage|p1b: Basculegion|65/100 brn|[from] brn\n|-sideend|p2: Ryderrrrr|move: Tailwind\n|upkeep\n|turn|6\n|\n|t:|1776565400\n|move|p2a: Talonflame|Tailwind|p2a: Talonflame\n|-sidestart|p2: Ryderrrrr|move: Tailwind\n|move|p1b: Basculegion|Aqua Jet|p2a: Talonflame\n|-supereffective|p2a: Talonflame|1\n|-damage|p2a: Talonflame|54/100\n|move|p1a: Sneasler|Dire Claw|p2b: Sinistcha\n|-damage|p2b: Sinistcha|27/100\n|-status|p2b: Sinistcha|psn|[from] ability: Poison Touch|[of] p1a: Sneasler\n|move|p2b: Sinistcha|Matcha Gotcha|p1b: Basculegion|[spread] p1a,p1b\n|-resisted|p1a: Sneasler|1\n|-supereffective|p1b: Basculegion|1\n|-damage|p1a: Sneasler|0 fnt\n|-heal|p2b: Sinistcha|27/100 psn|[from] drain|[of] p1a: Sneasler\n|-damage|p1b: Basculegion|15/100 brn\n|-heal|p2b: Sinistcha|58/100 psn|[from] drain|[of] p1b: Basculegion\n|faint|p1a: Sneasler\n|\n|-damage|p2b: Sinistcha|45/100 psn|[from] psn\n|-damage|p1b: Basculegion|9/100 brn|[from] brn\n|upkeep\n|\n|t:|1776565421\n|switch|p1a: Floette|Floette-Eternal, L50, F|100/100\n|turn|7\n|\n|t:|1776565431\n|detailschange|p1a: Floette|Floette-Mega, L50, F\n|-mega|p1a: Floette|Floette|Floettite\n|-ability|p1a: Floette|Fairy Aura\n|move|p1b: Basculegion|Aqua Jet|p2a: Talonflame\n|-supereffective|p2a: Talonflame|1\n|-crit|p2a: Talonflame\n|-damage|p2a: Talonflame|0 fnt\n|faint|p2a: Talonflame\n|move|p2b: Sinistcha|Matcha Gotcha|p1a: Floette|[spread] p1a,p1b\n|-supereffective|p1b: Basculegion|1\n|-damage|p1a: Floette|80/100\n|-heal|p2b: Sinistcha|55/100 psn|[from] drain|[of] p1a: Floette\n|-damage|p1b: Basculegion|0 fnt\n|-heal|p2b: Sinistcha|60/100 psn|[from] drain|[of] p1b: Basculegion\n|faint|p1b: Basculegion\n|move|p1a: Floette|Moonblast|p2b: Sinistcha\n|-damage|p2b: Sinistcha|0 fnt\n|faint|p2b: Sinistcha\n|\n|upkeep\n|\n|t:|1776565445\n|switch|p2a: Kingambit|Kingambit, L50, F|100/100\n|turn|8\n|\n|t:|1776565456\n|move|p1a: Floette|Light of Ruin|p2a: Kingambit\n|-damage|p2a: Kingambit|2/100\n|-damage|p1a: Floette|20/100|[from] Recoil\n|move|p2a: Kingambit|Iron Head|p1a: Floette\n|-supereffective|p1a: Floette|1\n|-damage|p1a: Floette|0 fnt\n|faint|p1a: Floette\n|\n|win|Ryderrrrr\n|raw|BillySupremeVGC's rating: 1382 &rarr; <strong>1363</strong><br />(-19 for losing)\n|raw|Ryderrrrr's rating: 1403 &rarr; <strong>1422</strong><br />(+19 for winning)\n",
  "uploadtime": 1776565459,
  "views": 15,
  "formatid": "gen9championsvgc2026regma",
  "rating": 1363,
  "private": 0,
  "password": null
}