{
  "id": "gen9championsvgc2026regma-2588626784",
  "format": "[Gen 9 Champions] VGC 2026 Reg M-A",
  "players": [
    "dkapflzksh",
    "gwonyul"
  ],
  "log": "|j|\u2606dkapflzksh\n|j|\u2606gwonyul\n|t:|1776651473\n|gametype|doubles\n|player|p1|dkapflzksh|scientist-gen4dp|\n|player|p2|gwonyul|1|\n|gen|9\n|tier|[Gen 9 Champions] VGC 2026 Reg M-A\n|rule|Species Clause: Limit one of each Pok\u00e9mon\n|rule|Item Clause: Limit 1 of each item\n|clearpoke\n|poke|p1|Floette-Eternal, L50, F|\n|poke|p1|Whimsicott, L50, M, shiny|\n|poke|p1|Sinistcha-Masterpiece, L50|\n|poke|p1|Sneasler, L50, F, shiny|\n|poke|p1|Kingambit, L50, F, shiny|\n|poke|p1|Sableye, L50, M|\n|poke|p2|Snorlax, L50, M|\n|poke|p2|Maushold-Four, L50|\n|poke|p2|Glalie, L50, M|\n|poke|p2|Farigiraf, L50, F|\n|poke|p2|Beartic, L50, F|\n|poke|p2|Ninetales-Alola, L50, M|\n|teampreview|4\n|\n|t:|1776651485\n|teamsize|p1|4\n|teamsize|p2|4\n|start\n|switch|p1a: Floette|Floette-Eternal, L50, F|100/100\n|switch|p1b: Sableye|Sableye, L50, M|100/100\n|switch|p2a: Ninetales|Ninetales-Alola, L50, M|100/100\n|switch|p2b: Farigiraf|Farigiraf, L50, F|100/100\n|-weather|Snowscape|[from] ability: Snow Warning|[of] p2a: Ninetales\n|turn|1\n|\n|t:|1776651502\n|detailschange|p1a: Floette|Floette-Mega, L50, F\n|-mega|p1a: Floette|Floette|Floettite\n|-ability|p1a: Floette|Fairy Aura\n|move|p1b: Sableye|Rain Dance|p1b: Sableye\n|-weather|RainDance\n|move|p2a: Ninetales|Aurora Veil||[still]\n|-fail|p2a: Ninetales\n|move|p1a: Floette|Calm Mind|p1a: Floette\n|-boost|p1a: Floette|spa|1\n|-boost|p1a: Floette|spd|1\n|move|p2b: Farigiraf|Mirror Coat||[still]\n|-fail|p2b: Farigiraf\n|\n|-weather|RainDance|[upkeep]\n|upkeep\n|turn|2\n|\n|t:|1776651515\n|switch|p1b: Kingambit|Kingambit, L50, F, shiny|100/100\n|move|p2a: Ninetales|Aurora Veil||[still]\n|-fail|p2a: Ninetales\n|move|p1a: Floette|Calm Mind|p1a: Floette\n|-boost|p1a: Floette|spa|1\n|-boost|p1a: Floette|spd|1\n|move|p2b: Farigiraf|Mirror Coat||[still]\n|-fail|p2b: Farigiraf\n|\n|-weather|RainDance|[upkeep]\n|upkeep\n|turn|3\n|\n|t:|1776651529\n|switch|p2b: Beartic|Beartic, L50, F|100/100\n|move|p2a: Ninetales|Aurora Veil||[still]\n|-fail|p2a: Ninetales\n|move|p1a: Floette|Calm Mind|p1a: Floette\n|-boost|p1a: Floette|spa|1\n|-boost|p1a: Floette|spd|1\n|move|p1b: Kingambit|Iron Head|p2a: Ninetales\n|-supereffective|p2a: Ninetales|2\n|-damage|p2a: Ninetales|0 fnt\n|faint|p2a: Ninetales\n|\n|-weather|RainDance|[upkeep]\n|upkeep\n|\n|t:|1776651538\n|switch|p2a: Glalie|Glalie, L50, M|100/100\n|turn|4\n|\n|t:|1776651546\n|move|p2a: Glalie|Protect|p2a: Glalie\n|-singleturn|p2a: Glalie|Protect\n|move|p1a: Floette|Dazzling Gleam|p2b: Beartic|[spread] p2b\n|-activate|p2a: Glalie|move: Protect\n|-damage|p2b: Beartic|0 fnt\n|faint|p2b: Beartic\n|move|p1b: Kingambit|Iron Head|p2a: Glalie\n|-activate|p2a: Glalie|move: Protect\n|\n|-weather|RainDance|[upkeep]\n|-ability|p2a: Glalie|Moody|boost\n|-boost|p2a: Glalie|spa|2\n|-unboost|p2a: Glalie|def|1\n|upkeep\n|\n|t:|1776651558\n|switch|p2b: Farigiraf|Farigiraf, L50, F|100/100\n|turn|5\n|\n|t:|1776651565\n|move|p1a: Floette|Moonblast|p2a: Glalie\n|-damage|p2a: Glalie|0 fnt\n|faint|p2a: Glalie\n|move|p1b: Kingambit|Kowtow Cleave|p2b: Farigiraf\n|-supereffective|p2b: Farigiraf|1\n|-enditem|p2b: Farigiraf|Colbur Berry|[eat]\n|-enditem|p2b: Farigiraf|Colbur Berry|[weaken]\n|-damage|p2b: Farigiraf|66/100\n|move|p2b: Farigiraf|Trick Room|p2b: Farigiraf\n|-fieldstart|move: Trick Room|[of] p2b: Farigiraf\n|\n|-weather|none\n|upkeep\n|turn|6\n|\n|t:|1776651575\n|move|p1b: Kingambit|Sucker Punch||[still]\n|cant|p2b: Farigiraf|ability: Armor Tail|Sucker Punch|[of] p1b: Kingambit\n|move|p1a: Floette|Moonblast|p2b: Farigiraf\n|-damage|p2b: Farigiraf|0 fnt\n|faint|p2b: Farigiraf\n|\n|win|dkapflzksh\n",
  "uploadtime": 1776651576,
  "views": 1,
  "formatid": "gen9championsvgc2026regma",
  "rating": null,
  "private": 0,
  "password": null
}