{
  "id": "gen9championsvgc2026regma-2585562512",
  "format": "[Gen 9 Champions] VGC 2026 Reg M-A",
  "players": [
    "tempamental",
    "5wamp"
  ],
  "log": "|j|\u2606tempamental\n|j|\u26065wamp\n|t:|1776355705\n|gametype|doubles\n|player|p1|tempamental|2|1283\n|player|p2|5wamp|carmine-festival|1280\n|gen|9\n|tier|[Gen 9 Champions] VGC 2026 Reg M-A\n|rated|\n|rule|Species Clause: Limit one of each Pok\u00e9mon\n|rule|Item Clause: Limit 1 of each item\n|clearpoke\n|poke|p1|Delphox, L50, F|\n|poke|p1|Basculegion, L50, M|\n|poke|p1|Clefable, L50, M|\n|poke|p1|Kingambit, L50, F|\n|poke|p1|Dragonite, L50, M|\n|poke|p1|Sneasler, L50, F|\n|poke|p2|Floette-Eternal, L50, F|\n|poke|p2|Sneasler, L50, F|\n|poke|p2|Basculegion, L50, M|\n|poke|p2|Aerodactyl, L50, M|\n|poke|p2|Kingambit, L50, F|\n|poke|p2|Incineroar, L50, M|\n|teampreview|4\n|inactive|Battle timer is ON: inactive players will automatically lose when time's up. (requested by 5wamp)\n|inactive|tempamental has 60 seconds left.\n|inactive|5wamp has 60 seconds left.\n|\n|t:|1776355748\n|teamsize|p1|4\n|teamsize|p2|4\n|start\n|switch|p1a: Sneasler|Sneasler, L50, F|100/100\n|switch|p1b: Basculegion|Basculegion, L50, M|100/100\n|switch|p2a: Sneasler|Sneasler, L50, F|100/100\n|switch|p2b: Floette|Floette-Eternal, L50, F|100/100\n|turn|1\n|inactive|tempamental has 30 seconds left.\n|\n|t:|1776355779\n|switch|p2a: Basculegion|Basculegion, L50, M|100/100\n|move|p2b: Floette|Protect|p2b: Floette\n|-singleturn|p2b: Floette|Protect\n|move|p1a: Sneasler|Fake Out|p2a: Basculegion\n|-immune|p2a: Basculegion\n|move|p1b: Basculegion|Wave Crash|p2a: Basculegion\n|-resisted|p2a: Basculegion|1\n|-damage|p2a: Basculegion|54/100\n|-damage|p1b: Basculegion|85/100|[from] Recoil\n|\n|upkeep\n|turn|2\n|inactive|5wamp has 30 seconds left.\n|\n|t:|1776355805\n|switch|p2b: Kingambit|Kingambit, L50, F|100/100\n|move|p2a: Basculegion|Last Respects|p1b: Basculegion\n|-supereffective|p1b: Basculegion|1\n|-damage|p1b: Basculegion|8/100\n|move|p1b: Basculegion|Wave Crash|p2a: Basculegion\n|-resisted|p2a: Basculegion|1\n|-damage|p2a: Basculegion|11/100\n|-damage|p1b: Basculegion|0 fnt|[from] Recoil\n|faint|p1b: Basculegion\n|move|p1a: Sneasler|Dire Claw|p2a: Basculegion\n|-resisted|p2a: Basculegion|1\n|-damage|p2a: Basculegion|0 fnt\n|faint|p2a: Basculegion\n|\n|upkeep\n|\n|t:|1776355819\n|switch|p2a: Sneasler|Sneasler, L50, F|100/100\n|switch|p1b: Clefable|Clefable, L50, M|100/100\n|turn|3\n|\n|t:|1776355832\n|move|p1a: Sneasler|Protect|p1a: Sneasler\n|-singleturn|p1a: Sneasler|Protect\n|move|p2a: Sneasler|Fake Out|p1a: Sneasler\n|-activate|p1a: Sneasler|move: Protect\n|move|p1b: Clefable|Moonblast|p2a: Sneasler\n|-damage|p2a: Sneasler|57/100\n|move|p2b: Kingambit|Kowtow Cleave|p1a: Sneasler\n|-activate|p1a: Sneasler|move: Protect\n|\n|upkeep\n|turn|4\n|inactive|tempamental has 30 seconds left.\n|inactive|tempamental has 20 seconds left.\n|inactive|tempamental has 15 seconds left.\n|inactive|tempamental has 10 seconds left.\n|\n|t:|1776355880\n|switch|p1b: Kingambit|Kingambit, L50, F|100/100\n|move|p1a: Sneasler|Close Combat|p2a: Sneasler\n|-resisted|p2a: Sneasler|1\n|-damage|p2a: Sneasler|6/100\n|-unboost|p1a: Sneasler|def|1\n|-unboost|p1a: Sneasler|spd|1\n|move|p2a: Sneasler|Dire Claw|p1b: Kingambit\n|-immune|p1b: Kingambit\n|move|p2b: Kingambit|Kowtow Cleave|p1b: Kingambit\n|-resisted|p1b: Kingambit|1\n|-damage|p1b: Kingambit|84/100\n|\n|upkeep\n|turn|5\n|\n|t:|1776355903\n|move|p2a: Sneasler|Protect|p2a: Sneasler\n|-singleturn|p2a: Sneasler|Protect\n|move|p1b: Kingambit|Sucker Punch||[still]\n|-fail|p1b: Kingambit\n|move|p1a: Sneasler|Close Combat|p2b: Kingambit\n|-supereffective|p2b: Kingambit|2\n|-enditem|p2b: Kingambit|Chople Berry|[eat]\n|-enditem|p2b: Kingambit|Chople Berry|[weaken]\n|-damage|p2b: Kingambit|12/100\n|-unboost|p1a: Sneasler|def|1\n|-unboost|p1a: Sneasler|spd|1\n|move|p2b: Kingambit|Kowtow Cleave|p1a: Sneasler\n|-resisted|p1a: Sneasler|1\n|-damage|p1a: Sneasler|19/100\n|\n|upkeep\n|turn|6\n|inactive|tempamental has 30 seconds left.\n|\n|t:|1776355934\n|switch|p2a: Floette|Floette-Eternal, L50, F|100/100\n|move|p1a: Sneasler|Protect|p1a: Sneasler\n|-singleturn|p1a: Sneasler|Protect\n|move|p2b: Kingambit|Sucker Punch||[still]\n|-fail|p2b: Kingambit\n|move|p1b: Kingambit|Sucker Punch||[still]\n|-fail|p1b: Kingambit\n|\n|upkeep\n|turn|7\n|\n|t:|1776355950\n|switch|p1a: Clefable|Clefable, L50, M|100/100\n|detailschange|p2a: Floette|Floette-Mega, L50, F\n|-mega|p2a: Floette|Floette|Floettite\n|-ability|p2a: Floette|Fairy Aura\n|move|p2b: Kingambit|Sucker Punch|p1b: Kingambit\n|-resisted|p1b: Kingambit|1\n|-damage|p1b: Kingambit|70/100\n|move|p2a: Floette|Moonblast|p1b: Kingambit\n|-damage|p1b: Kingambit|3/100\n|move|p1b: Kingambit|Kowtow Cleave|p2b: Kingambit\n|-resisted|p2b: Kingambit|1\n|-damage|p2b: Kingambit|0 fnt\n|faint|p2b: Kingambit\n|\n|upkeep\n|\n|t:|1776355960\n|switch|p2b: Sneasler|Sneasler, L50, F|6/100\n|turn|8\n|\n|t:|1776355973\n|move|p1a: Clefable|Protect|p1a: Clefable\n|-singleturn|p1a: Clefable|Protect\n|move|p1b: Kingambit|Protect|p1b: Kingambit\n|-singleturn|p1b: Kingambit|Protect\n|move|p2b: Sneasler|Fake Out|p1a: Clefable\n|-activate|p1a: Clefable|move: Protect\n|move|p2a: Floette|Dazzling Gleam|p1a: Clefable|[spread] \n|-activate|p1a: Clefable|move: Protect\n|-activate|p1b: Kingambit|move: Protect\n|\n|upkeep\n|turn|9\n|inactive|tempamental has 30 seconds left.\n|\n|t:|1776356008\n|move|p2b: Sneasler|Protect|p2b: Sneasler\n|-singleturn|p2b: Sneasler|Protect\n|move|p1b: Kingambit|Sucker Punch|p2a: Floette\n|-resisted|p2a: Floette|1\n|-damage|p2a: Floette|79/100\n|move|p2a: Floette|Dazzling Gleam|p1a: Clefable|[spread] p1a,p1b\n|-damage|p1a: Clefable|60/100\n|-damage|p1b: Kingambit|0 fnt\n|faint|p1b: Kingambit\n|move|p1a: Clefable|Moonblast|p2b: Sneasler\n|-activate|p2b: Sneasler|move: Protect\n|\n|upkeep\n|\n|t:|1776356015\n|switch|p1b: Sneasler|Sneasler, L50, F|19/100\n|turn|10\n|\n|t:|1776356027\n|move|p1b: Sneasler|Fake Out|p2a: Floette\n|-damage|p2a: Floette|67/100\n|move|p2b: Sneasler|Dire Claw|p1b: Sneasler\n|-resisted|p1b: Sneasler|1\n|-damage|p1b: Sneasler|0 fnt\n|faint|p1b: Sneasler\n|cant|p2a: Floette|flinch\n|move|p1a: Clefable|Moonblast|p2b: Sneasler\n|-damage|p2b: Sneasler|0 fnt\n|faint|p2b: Sneasler\n|\n|upkeep\n|turn|11\n|\n|t:|1776356038\n|move|p2a: Floette|Draining Kiss|p1a: Clefable\n|-damage|p1a: Clefable|20/100\n|-heal|p2a: Floette|100/100|[from] drain|[of] p1a: Clefable\n|-enditem|p1a: Clefable|Sitrus Berry|[eat]\n|-heal|p1a: Clefable|45/100|[from] item: Sitrus Berry\n|move|p1a: Clefable|Moonblast|p2a: Floette\n|-damage|p2a: Floette|67/100\n|\n|upkeep\n|turn|12\n|-message|tempamental forfeited.\n|\n|win|5wamp\n|raw|tempamental's rating: 1283 &rarr; <strong>1258</strong><br />(-25 for losing)\n|raw|5wamp's rating: 1280 &rarr; <strong>1305</strong><br />(+25 for winning)\n|l|\u2606tempamental\n|player|p1|\n",
  "uploadtime": 1776356045,
  "views": 37,
  "formatid": "gen9championsvgc2026regma",
  "rating": 1258,
  "private": 0,
  "password": null
}