{
  "id": "gen9championsvgc2026regma-2580990462",
  "format": "[Gen 9 Champions] VGC 2026 Reg M-A",
  "players": [
    "520zhb",
    "RealCynthia"
  ],
  "log": "|j|\u2606520zhb\n|j|\u2606RealCynthia\n|t:|1775949585\n|gametype|doubles\n|player|p1|520zhb|169|1334\n|player|p2|RealCynthia|cynthia-gen4|1333\n|gen|9\n|tier|[Gen 9 Champions] VGC 2026 Reg M-A\n|rated|\n|rule|Species Clause: Limit one of each Pok\u00e9mon\n|rule|Item Clause: Limit 1 of each item\n|clearpoke\n|poke|p1|Floette-Eternal, L50, F|\n|poke|p1|Gengar, L50, M|\n|poke|p1|Maushold, L50|\n|poke|p1|Archaludon, L50, F|\n|poke|p1|Politoed, L50, M|\n|poke|p1|Incineroar, L50, F|\n|poke|p2|Gardevoir, L50, M|\n|poke|p2|Garchomp, L50, M|\n|poke|p2|Glimmora, L50, M|\n|poke|p2|Weavile, L50, F|\n|poke|p2|Talonflame, L50, F|\n|poke|p2|Heliolisk, L50, F|\n|teampreview|4\n|inactive|Battle timer is ON: inactive players will automatically lose when time's up. (requested by 520zhb)\n|j| gE1xjZRtuhW2DdT0AK\n|inactive|520zhb has 60 seconds left.\n|inactive|RealCynthia has 60 seconds left.\n|inactive|RealCynthia has 30 seconds left.\n|\n|t:|1775949655\n|teamsize|p1|4\n|teamsize|p2|4\n|start\n|switch|p1a: Gengar|Gengar, L50, M|100/100\n|switch|p1b: Incineroar|Incineroar, L50, F|100/100\n|switch|p2a: Garchomp|Garchomp, L50, M|100/100\n|switch|p2b: Talonflame|Talonflame, L50, F|100/100\n|-ability|p1b: Incineroar|Intimidate|boost\n|-unboost|p2a: Garchomp|atk|1\n|-unboost|p2b: Talonflame|atk|1\n|-enditem|p2a: Garchomp|White Herb\n|-clearnegativeboost|p2a: Garchomp|[silent]\n|turn|1\n|\n|t:|1775949678\n|detailschange|p1a: Gengar|Gengar-Mega, L50, M\n|-mega|p1a: Gengar|Gengar|Gengarite\n|move|p2b: Talonflame|Protect|p2b: Talonflame\n|-singleturn|p2b: Talonflame|Protect\n|move|p1b: Incineroar|Fake Out|p2a: Garchomp\n|-damage|p2a: Garchomp|90/100\n|-damage|p1b: Incineroar|88/100|[from] ability: Rough Skin|[of] p2a: Garchomp\n|move|p1a: Gengar|Perish Song|p1a: Gengar\n|-start|p1a: Gengar|perish3|[silent]\n|-start|p1b: Incineroar|perish3|[silent]\n|-start|p2a: Garchomp|perish3|[silent]\n|-start|p2b: Talonflame|perish3|[silent]\n|-fieldactivate|move: Perish Song\n|cant|p2a: Garchomp|flinch\n|\n|-start|p1a: Gengar|perish3\n|-start|p2b: Talonflame|perish3\n|-start|p2a: Garchomp|perish3\n|-start|p1b: Incineroar|perish3\n|upkeep\n|turn|2\n|\n|t:|1775949696\n|move|p1a: Gengar|Protect|p1a: Gengar\n|-singleturn|p1a: Gengar|Protect\n|move|p1b: Incineroar|Protect|p1b: Incineroar\n|-singleturn|p1b: Incineroar|Protect\n|move|p2b: Talonflame|Tailwind|p2b: Talonflame\n|-sidestart|p2: RealCynthia|move: Tailwind\n|move|p2a: Garchomp|Earthquake|p1a: Gengar|[spread] \n|-activate|p1a: Gengar|move: Protect\n|-activate|p1b: Incineroar|move: Protect\n|-immune|p2b: Talonflame\n|\n|-start|p2b: Talonflame|perish2\n|-start|p2a: Garchomp|perish2\n|-start|p1a: Gengar|perish2\n|-start|p1b: Incineroar|perish2\n|upkeep\n|turn|3\n|\n|t:|1775949720\n|switch|p1a: Politoed|Politoed, L50, M|100/100\n|-weather|RainDance|[from] ability: Drizzle|[of] p1a: Politoed\n|move|p2a: Garchomp|Protect|p2a: Garchomp\n|-singleturn|p2a: Garchomp|Protect\n|move|p2b: Talonflame|Dual Wingbeat|p1a: Politoed\n|-damage|p1a: Politoed|88/100\n|-damage|p1a: Politoed|75/100\n|-hitcount|p1a: Politoed|2\n|move|p1b: Incineroar|Parting Shot|p2a: Garchomp\n|-activate|p2a: Garchomp|move: Protect\n|\n|-weather|RainDance|[upkeep]\n|-start|p2b: Talonflame|perish1\n|-start|p2a: Garchomp|perish1\n|-start|p1b: Incineroar|perish1\n|upkeep\n|turn|4\n|inactive|520zhb has 30 seconds left.\n|\n|t:|1775949748\n|switch|p2b: Gardevoir|Gardevoir, L50, M|100/100\n|switch|p2a: Glimmora|Glimmora, L50, M|100/100\n|move|p1a: Politoed|Weather Ball|p2b: Gardevoir\n|-damage|p2b: Gardevoir|40/100\n|move|p1b: Incineroar|Parting Shot|p2a: Glimmora\n|-unboost|p2a: Glimmora|atk|1\n|-unboost|p2a: Glimmora|spa|1\n|\n|t:|1775949764\n|switch|p1b: Gengar|Gengar-Mega, L50, M|100/100|[from] Parting Shot\n|\n|-weather|RainDance|[upkeep]\n|upkeep\n|turn|5\n|inactive|RealCynthia has 30 seconds left.\n|\n|t:|1775949793\n|detailschange|p2a: Glimmora|Glimmora-Mega, L50, M\n|-mega|p2a: Glimmora|Glimmora|Glimmoranite\n|move|p1b: Gengar|Protect|p1b: Gengar\n|-singleturn|p1b: Gengar|Protect\n|move|p1a: Politoed|Protect|p1a: Politoed\n|-singleturn|p1a: Politoed|Protect\n|move|p2a: Glimmora|Sludge Bomb|p1a: Politoed\n|-activate|p1a: Politoed|move: Protect\n|move|p2b: Gardevoir|Psyshock|p1a: Politoed\n|-activate|p1a: Politoed|move: Protect\n|\n|-weather|RainDance|[upkeep]\n|-sideend|p2: RealCynthia|move: Tailwind\n|upkeep\n|turn|6\n|inactive|RealCynthia has 30 seconds left.\n|\n|t:|1775949833\n|move|p1b: Gengar|Shadow Ball|p2b: Gardevoir\n|-supereffective|p2b: Gardevoir|1\n|-damage|p2b: Gardevoir|0 fnt\n|faint|p2b: Gardevoir\n|move|p2a: Glimmora|Earth Power|p1b: Gengar\n|-supereffective|p1b: Gengar|1\n|-damage|p1b: Gengar|47/100\n|move|p1a: Politoed|Weather Ball|p2a: Glimmora\n|-supereffective|p2a: Glimmora|1\n|-damage|p2a: Glimmora|0 fnt\n|faint|p2a: Glimmora\n|\n|-weather|RainDance|[upkeep]\n|upkeep\n|\n|t:|1775949835\n|switch|p2a: Talonflame|Talonflame, L50, F|100/100\n|switch|p2b: Garchomp|Garchomp, L50, M|90/100\n|turn|7\n|\n|t:|1775949854\n|switch|p1a: Incineroar|Incineroar, L50, F|88/100\n|-ability|p1a: Incineroar|Intimidate|boost\n|-unboost|p2a: Talonflame|atk|1\n|-unboost|p2b: Garchomp|atk|1\n|move|p1b: Gengar|Protect|p1b: Gengar\n|-singleturn|p1b: Gengar|Protect\n|move|p2a: Talonflame|Dual Wingbeat|p1a: Incineroar\n|-damage|p1a: Incineroar|79/100\n|-damage|p1a: Incineroar|68/100\n|-hitcount|p1a: Incineroar|2\n|move|p2b: Garchomp|Earthquake|p1a: Incineroar|[spread] p1a\n|-activate|p1b: Gengar|move: Protect\n|-immune|p2a: Talonflame\n|-supereffective|p1a: Incineroar|1\n|-enditem|p1a: Incineroar|Shuca Berry|[eat]\n|-enditem|p1a: Incineroar|Shuca Berry|[weaken]\n|-damage|p1a: Incineroar|49/100\n|\n|-weather|none\n|upkeep\n|turn|8\n|\n|t:|1775949875\n|move|p1a: Incineroar|Fake Out|p2b: Garchomp\n|-damage|p2b: Garchomp|79/100\n|-damage|p1a: Incineroar|37/100|[from] ability: Rough Skin|[of] p2b: Garchomp\n|move|p2a: Talonflame|Tailwind|p2a: Talonflame\n|-sidestart|p2: RealCynthia|move: Tailwind\n|cant|p2b: Garchomp|flinch\n|move|p1b: Gengar|Perish Song|p1b: Gengar\n|-start|p1a: Incineroar|perish3|[silent]\n|-start|p1b: Gengar|perish3|[silent]\n|-start|p2a: Talonflame|perish3|[silent]\n|-start|p2b: Garchomp|perish3|[silent]\n|-fieldactivate|move: Perish Song\n|\n|-start|p2a: Talonflame|perish3\n|-start|p2b: Garchomp|perish3\n|-start|p1b: Gengar|perish3\n|-start|p1a: Incineroar|perish3\n|upkeep\n|turn|9\n|\n|t:|1775949891\n|move|p1b: Gengar|Protect|p1b: Gengar\n|-singleturn|p1b: Gengar|Protect\n|move|p1a: Incineroar|Protect|p1a: Incineroar\n|-singleturn|p1a: Incineroar|Protect\n|move|p2a: Talonflame|Dual Wingbeat|p1b: Gengar\n|-activate|p1b: Gengar|move: Protect\n|move|p2b: Garchomp|Earthquake|p1a: Incineroar|[spread] \n|-activate|p1a: Incineroar|move: Protect\n|-activate|p1b: Gengar|move: Protect\n|-immune|p2a: Talonflame\n|\n|-start|p2a: Talonflame|perish2\n|-start|p2b: Garchomp|perish2\n|-start|p1b: Gengar|perish2\n|-start|p1a: Incineroar|perish2\n|upkeep\n|turn|10\n|-message|RealCynthia forfeited.\n|\n|win|520zhb\n|raw|520zhb's rating: 1334 &rarr; <strong>1354</strong><br />(+20 for winning)\n|raw|RealCynthia's rating: 1333 &rarr; <strong>1313</strong><br />(-20 for losing)\n|l|\u2606RealCynthia\n|player|p2|\n|l|\u2606520zhb\n|player|p1|\n",
  "uploadtime": 1775949917,
  "views": 30,
  "formatid": "gen9championsvgc2026regma",
  "rating": 1313,
  "private": 0,
  "password": null
}