{
  "id": "gen9championsvgc2026regma-2581647596",
  "format": "[Gen 9 Champions] VGC 2026 Reg M-A",
  "players": [
    "SOM1991",
    "HappyW"
  ],
  "log": "|j|\u2606SOM1991\n|j|\u2606HappyW\n|t:|1776017750\n|gametype|doubles\n|player|p1|SOM1991|265|1000\n|player|p2|HappyW|akari|1069\n|gen|9\n|tier|[Gen 9 Champions] VGC 2026 Reg M-A\n|rated|\n|rule|Species Clause: Limit one of each Pok\u00e9mon\n|rule|Item Clause: Limit 1 of each item\n|clearpoke\n|poke|p1|Golurk, L50|\n|poke|p1|Tyranitar, L50, M|\n|poke|p1|Sneasler, L50, M|\n|poke|p1|Sinistcha, L50|\n|poke|p1|Primarina, L50, F|\n|poke|p1|Kingambit, L50, M|\n|poke|p2|Altaria, L50, F|\n|poke|p2|Sneasler, L50, M|\n|poke|p2|Delphox, L50, F|\n|poke|p2|Whimsicott, L50, M|\n|poke|p2|Rotom-Wash, L50|\n|poke|p2|Kingambit, L50, F|\n|teampreview|4\n|inactive|Battle timer is ON: inactive players will automatically lose when time's up. (requested by HappyW)\n|inactive|SOM1991 also wants the timer to be on.\n|inactive|SOM1991 has 60 seconds left.\n|inactive|HappyW has 60 seconds left.\n|\n|t:|1776017799\n|teamsize|p1|4\n|teamsize|p2|4\n|start\n|switch|p1a: Golurk|Golurk, L50, shiny|100/100\n|switch|p1b: Primarina|Primarina, L50, F|100/100\n|switch|p2a: Delphox|Delphox, L50, F|100/100\n|switch|p2b: Rotom|Rotom-Wash, L50|100/100\n|turn|1\n|\n|t:|1776017817\n|switch|p2a: Kingambit|Kingambit, L50, F|100/100\n|detailschange|p1a: Golurk|Golurk-Mega, L50, shiny\n|-mega|p1a: Golurk|Golurk|Golurkite\n|move|p1a: Golurk|Protect|p1a: Golurk\n|-singleturn|p1a: Golurk|Protect\n|move|p2b: Rotom|Will-O-Wisp|p1a: Golurk\n|-activate|p1a: Golurk|move: Protect\n|move|p1b: Primarina|Hyper Voice|p2b: Rotom|[spread] p2a,p2b\n|-resisted|p2b: Rotom|1\n|-damage|p2a: Kingambit|60/100\n|-damage|p2b: Rotom|76/100\n|\n|-heal|p2b: Rotom|82/100|[from] item: Leftovers\n|upkeep\n|turn|2\n|\n|t:|1776017839\n|switch|p1a: Kingambit|Kingambit, L50, M|100/100\n|move|p2a: Kingambit|Sucker Punch||[still]\n|-fail|p2a: Kingambit\n|move|p2b: Rotom|Thunderbolt|p1b: Primarina\n|-supereffective|p1b: Primarina|1\n|-damage|p1b: Primarina|29/100\n|-status|p1b: Primarina|par\n|move|p1b: Primarina|Hyper Voice|p2a: Kingambit|[spread] p2a,p2b\n|-resisted|p2b: Rotom|1\n|-damage|p2a: Kingambit|22/100\n|-damage|p2b: Rotom|57/100\n|\n|-heal|p2b: Rotom|63/100|[from] item: Leftovers\n|upkeep\n|turn|3\n|\n|t:|1776017861\n|switch|p2a: Sneasler|Sneasler, L50, M|100/100\n|move|p2b: Rotom|Will-O-Wisp|p1a: Kingambit\n|-status|p1a: Kingambit|brn\n|move|p1a: Kingambit|Kowtow Cleave|p2b: Rotom\n|-damage|p2b: Rotom|36/100\n|move|p1b: Primarina|Hyper Voice|p2b: Rotom|[spread] p2a,p2b\n|-resisted|p2b: Rotom|1\n|-damage|p2a: Sneasler|41/100\n|-damage|p2b: Rotom|14/100\n|\n|-heal|p2b: Rotom|20/100|[from] item: Leftovers\n|-damage|p1a: Kingambit|95/100 brn|[from] brn\n|upkeep\n|turn|4\n|\n|t:|1776017881\n|move|p2a: Sneasler|Fake Out|p1a: Kingambit\n|-resisted|p1a: Kingambit|1\n|-damage|p1a: Kingambit|89/100 brn\n|move|p2b: Rotom|Thunderbolt|p1b: Primarina\n|-supereffective|p1b: Primarina|1\n|-damage|p1b: Primarina|0 fnt\n|faint|p1b: Primarina\n|cant|p1a: Kingambit|flinch\n|\n|-heal|p2b: Rotom|26/100|[from] item: Leftovers\n|-damage|p1a: Kingambit|84/100 brn|[from] brn\n|upkeep\n|\n|t:|1776017887\n|switch|p1b: Golurk|Golurk-Mega, L50, shiny|100/100\n|turn|5\n|\n|t:|1776017897\n|move|p1b: Golurk|Protect|p1b: Golurk\n|-singleturn|p1b: Golurk|Protect\n|move|p2a: Sneasler|Close Combat|p1a: Kingambit\n|-supereffective|p1a: Kingambit|2\n|-damage|p1a: Kingambit|0 fnt\n|-unboost|p2a: Sneasler|def|1\n|-unboost|p2a: Sneasler|spd|1\n|faint|p1a: Kingambit\n|-enditem|p2a: Sneasler|White Herb\n|-clearnegativeboost|p2a: Sneasler|[silent]\n|move|p2b: Rotom|Will-O-Wisp|p1b: Golurk\n|-activate|p1b: Golurk|move: Protect\n|\n|-heal|p2b: Rotom|32/100|[from] item: Leftovers\n|upkeep\n|\n|t:|1776017902\n|switch|p1a: Sinistcha|Sinistcha, L50|100/100\n|turn|6\n|\n|t:|1776017913\n|move|p2a: Sneasler|Dire Claw|p1a: Sinistcha\n|-damage|p1a: Sinistcha|67/100\n|move|p2b: Rotom|Will-O-Wisp|p1b: Golurk\n|-status|p1b: Golurk|brn\n|move|p1a: Sinistcha|Matcha Gotcha|p2a: Sneasler|[spread] p2a,p2b\n|-resisted|p2a: Sneasler|1\n|-supereffective|p2b: Rotom|1\n|-damage|p2a: Sneasler|23/100\n|-heal|p1a: Sinistcha|75/100|[from] drain|[of] p2a: Sneasler\n|-damage|p2b: Rotom|0 fnt\n|-heal|p1a: Sinistcha|88/100|[from] drain|[of] p2b: Rotom\n|faint|p2b: Rotom\n|move|p1b: Golurk|Rock Slide|p2a: Sneasler\n|-resisted|p2a: Sneasler|1\n|-damage|p2a: Sneasler|11/100\n|\n|-damage|p1b: Golurk|94/100 brn|[from] brn\n|upkeep\n|\n|t:|1776017931\n|switch|p2b: Kingambit|Kingambit, L50, F|22/100\n|turn|7\n|\n|t:|1776017941\n|move|p1b: Golurk|Protect|p1b: Golurk\n|-singleturn|p1b: Golurk|Protect\n|move|p2b: Kingambit|Sucker Punch||[still]\n|-fail|p2b: Kingambit\n|move|p2a: Sneasler|Dire Claw|p1a: Sinistcha\n|-damage|p1a: Sinistcha|52/100\n|move|p1a: Sinistcha|Matcha Gotcha|p2a: Sneasler|[spread] p2a,p2b\n|-resisted|p2a: Sneasler|1\n|-resisted|p2b: Kingambit|1\n|-damage|p2a: Sneasler|0 fnt\n|-heal|p1a: Sinistcha|57/100|[from] drain|[of] p2a: Sneasler\n|-damage|p2b: Kingambit|12/100\n|-heal|p1a: Sinistcha|63/100|[from] drain|[of] p2b: Kingambit\n|faint|p2a: Sneasler\n|\n|-damage|p1b: Golurk|88/100 brn|[from] brn\n|upkeep\n|\n|t:|1776017944\n|switch|p2a: Delphox|Delphox, L50, F|100/100\n|turn|8\n|\n|t:|1776017958\n|detailschange|p2a: Delphox|Delphox-Mega, L50, F\n|-mega|p2a: Delphox|Delphox|Delphoxite\n|move|p2a: Delphox|Encore|p1b: Golurk\n|-start|p1b: Golurk|Encore\n|move|p1b: Golurk|Protect|p1b: Golurk\n|-singleturn|p1b: Golurk|Protect\n|move|p1a: Sinistcha|Scald|p2b: Kingambit\n|-damage|p2b: Kingambit|0 fnt\n|faint|p2b: Kingambit\n|\n|-damage|p1b: Golurk|82/100 brn|[from] brn\n|upkeep\n|turn|9\n|\n|t:|1776017971\n|move|p1a: Sinistcha|Protect|p1a: Sinistcha\n|-singleturn|p1a: Sinistcha|Protect\n|move|p1b: Golurk|Protect||[still]\n|-fail|p1b: Golurk\n|move|p2a: Delphox|Mystical Fire|p1a: Sinistcha\n|-activate|p1a: Sinistcha|move: Protect\n|\n|-damage|p1b: Golurk|76/100 brn|[from] brn\n|upkeep\n|turn|10\n|\n|t:|1776017981\n|move|p1b: Golurk|Protect|p1b: Golurk\n|-singleturn|p1b: Golurk|Protect\n|move|p2a: Delphox|Encore|p1a: Sinistcha\n|-start|p1a: Sinistcha|Encore\n|move|p1a: Sinistcha|Protect||[still]\n|-fail|p1a: Sinistcha\n|\n|-damage|p1b: Golurk|70/100 brn|[from] brn\n|-end|p1b: Golurk|Encore\n|upkeep\n|turn|11\n|\n|t:|1776017987\n|move|p1a: Sinistcha|Protect|p1a: Sinistcha\n|-singleturn|p1a: Sinistcha|Protect\n|move|p2a: Delphox|Encore|p1b: Golurk\n|-start|p1b: Golurk|Encore\n|move|p1b: Golurk|Protect||[still]\n|-fail|p1b: Golurk\n|\n|-damage|p1b: Golurk|64/100 brn|[from] brn\n|upkeep\n|turn|12\n|\n|t:|1776017991\n|move|p1a: Sinistcha|Protect||[still]\n|-fail|p1a: Sinistcha\n|move|p1b: Golurk|Protect|p1b: Golurk\n|-singleturn|p1b: Golurk|Protect\n|move|p2a: Delphox|Mystical Fire|p1a: Sinistcha\n|-supereffective|p1a: Sinistcha|1\n|-damage|p1a: Sinistcha|0 fnt\n|faint|p1a: Sinistcha\n|\n|-damage|p1b: Golurk|58/100 brn|[from] brn\n|-end|p1b: Golurk|Encore\n|upkeep\n|turn|13\n|\n|t:|1776017999\n|move|p2a: Delphox|Encore||[still]\n|-fail|p2a: Delphox\n|move|p1b: Golurk|Headlong Rush|p2a: Delphox\n|-immune|p2a: Delphox|[from] ability: Levitate\n|\n|-damage|p1b: Golurk|52/100 brn|[from] brn\n|upkeep\n|turn|14\n|\n|t:|1776018009\n|move|p2a: Delphox|Encore|p1b: Golurk\n|-start|p1b: Golurk|Encore\n|move|p1b: Golurk|Headlong Rush|p2a: Delphox\n|-immune|p2a: Delphox|[from] ability: Levitate\n|\n|-damage|p1b: Golurk|45/100 brn|[from] brn\n|upkeep\n|turn|15\n|-message|SOM1991 forfeited.\n|\n|win|HappyW\n|raw|SOM1991's rating: 1000 &rarr; <strong>1000</strong><br />(+0 for losing)\n|raw|HappyW's rating: 1069 &rarr; <strong>1093</strong><br />(+24 for winning)\n|l|\u2606SOM1991\n|player|p1|\n",
  "uploadtime": 1776018015,
  "views": 28,
  "formatid": "gen9championsvgc2026regma",
  "rating": 1000,
  "private": 0,
  "password": null
}