{
  "id": "gen9championsvgc2026regma-2580982182",
  "format": "[Gen 9 Champions] VGC 2026 Reg M-A",
  "players": [
    "RenatoSB",
    "amigomalamar"
  ],
  "log": "|j|\u2606RenatoSB\n|j|\u2606amigomalamar\n|t:|1775948832\n|gametype|doubles\n|player|p1|RenatoSB|2|1100\n|player|p2|amigomalamar|schoolkid|1146\n|gen|9\n|tier|[Gen 9 Champions] VGC 2026 Reg M-A\n|rated|\n|rule|Species Clause: Limit one of each Pok\u00e9mon\n|rule|Item Clause: Limit 1 of each item\n|clearpoke\n|poke|p1|Tyranitar, L50, F|\n|poke|p1|Arcanine, L50, M|\n|poke|p1|Whimsicott, L50, M|\n|poke|p1|Dragonite, L50, F|\n|poke|p1|Aggron, L50, F|\n|poke|p1|Machamp, L50, F|\n|poke|p2|Gengar, L50, F|\n|poke|p2|Incineroar, L50, M|\n|poke|p2|Sinistcha, L50|\n|poke|p2|Milotic, L50, M|\n|poke|p2|Raichu, L50, M|\n|poke|p2|Kommo-o, L50, M|\n|teampreview|4\n|\n|t:|1775948858\n|teamsize|p1|4\n|teamsize|p2|4\n|start\n|switch|p1a: Arcanine|Arcanine, L50, M|100/100\n|switch|p1b: Tyranitar|Tyranitar, L50, F|100/100\n|switch|p2a: Gengar|Gengar, L50, F|100/100\n|switch|p2b: Incineroar|Incineroar, L50, M|100/100\n|-weather|Sandstorm|[from] ability: Sand Stream|[of] p1b: Tyranitar\n|-ability|p1a: Arcanine|Intimidate|boost\n|-unboost|p2a: Gengar|atk|1\n|-unboost|p2b: Incineroar|atk|1\n|-ability|p2b: Incineroar|Intimidate|boost\n|-unboost|p1a: Arcanine|atk|1\n|-unboost|p1b: Tyranitar|atk|1\n|turn|1\n|\n|t:|1775948870\n|detailschange|p2a: Gengar|Gengar-Mega, L50, F\n|-mega|p2a: Gengar|Gengar|Gengarite\n|move|p2b: Incineroar|Fake Out|p1b: Tyranitar\n|-resisted|p1b: Tyranitar|1\n|-damage|p1b: Tyranitar|97/100\n|move|p2a: Gengar|Perish Song|p2a: Gengar\n|-start|p1a: Arcanine|perish3|[silent]\n|-start|p1b: Tyranitar|perish3|[silent]\n|-start|p2a: Gengar|perish3|[silent]\n|-start|p2b: Incineroar|perish3|[silent]\n|-fieldactivate|move: Perish Song\n|cant|p1b: Tyranitar|flinch\n|move|p1a: Arcanine|Snarl|p2a: Gengar|[spread] p2a,p2b\n|-supereffective|p2a: Gengar|1\n|-resisted|p2b: Incineroar|1\n|-damage|p2a: Gengar|80/100\n|-damage|p2b: Incineroar|98/100\n|-unboost|p2a: Gengar|spa|1\n|-unboost|p2b: Incineroar|spa|1\n|\n|-weather|Sandstorm|[upkeep]\n|-damage|p2a: Gengar|74/100|[from] Sandstorm\n|-damage|p1a: Arcanine|95/100|[from] Sandstorm\n|-damage|p2b: Incineroar|92/100|[from] Sandstorm\n|-start|p2a: Gengar|perish3\n|-start|p1b: Tyranitar|perish3\n|-start|p1a: Arcanine|perish3\n|-start|p2b: Incineroar|perish3\n|upkeep\n|turn|2\n|\n|t:|1775948893\n|move|p2a: Gengar|Protect|p2a: Gengar\n|-singleturn|p2a: Gengar|Protect\n|move|p2b: Incineroar|Protect|p2b: Incineroar\n|-singleturn|p2b: Incineroar|Protect\n|move|p1b: Tyranitar|Rock Slide|p2a: Gengar|[spread] \n|-activate|p2a: Gengar|move: Protect\n|-activate|p2b: Incineroar|move: Protect\n|move|p1a: Arcanine|Snarl|p2a: Gengar|[spread] \n|-activate|p2a: Gengar|move: Protect\n|-activate|p2b: Incineroar|move: Protect\n|\n|-weather|Sandstorm|[upkeep]\n|-damage|p2a: Gengar|68/100|[from] Sandstorm\n|-damage|p1a: Arcanine|89/100|[from] Sandstorm\n|-damage|p2b: Incineroar|86/100|[from] Sandstorm\n|-start|p2a: Gengar|perish2\n|-start|p1b: Tyranitar|perish2\n|-start|p1a: Arcanine|perish2\n|-start|p2b: Incineroar|perish2\n|upkeep\n|turn|3\n|\n|t:|1775948915\n|move|p2a: Gengar|Disable|p1a: Arcanine\n|-start|p1a: Arcanine|Disable|Snarl\n|move|p1b: Tyranitar|Rock Slide|p2b: Incineroar|[spread] p2a,p2b\n|-supereffective|p2b: Incineroar|1\n|-damage|p2a: Gengar|41/100\n|-damage|p2b: Incineroar|47/100\n|cant|p1a: Arcanine|Disable|Snarl\n|move|p2b: Incineroar|Parting Shot|p1b: Tyranitar\n|-unboost|p1b: Tyranitar|atk|1\n|-unboost|p1b: Tyranitar|spa|1\n|\n|t:|1775948926\n|switch|p2b: Sinistcha|Sinistcha, L50|100/100|[from] Parting Shot\n|-heal|p2a: Gengar|66/100|[from] ability: Hospitality|[of] p2b: Sinistcha\n|\n|-weather|Sandstorm|[upkeep]\n|-damage|p2a: Gengar|60/100|[from] Sandstorm\n|-damage|p1a: Arcanine|83/100|[from] Sandstorm\n|-damage|p2b: Sinistcha|94/100|[from] Sandstorm\n|-start|p2a: Gengar|perish1\n|-start|p1b: Tyranitar|perish1\n|-start|p1a: Arcanine|perish1\n|upkeep\n|turn|4\n|\n|t:|1775948951\n|switch|p2a: Incineroar|Incineroar, L50, M|47/100\n|-ability|p2a: Incineroar|Intimidate|boost\n|-unboost|p1a: Arcanine|atk|1\n|-unboost|p1b: Tyranitar|atk|1\n|move|p2b: Sinistcha|Protect|p2b: Sinistcha\n|-singleturn|p2b: Sinistcha|Protect\n|move|p1b: Tyranitar|Rock Slide|p2a: Incineroar|[spread] p2a\n|-activate|p2b: Sinistcha|move: Protect\n|-supereffective|p2a: Incineroar|1\n|-damage|p2a: Incineroar|23/100\n|move|p1a: Arcanine|Flare Blitz|p2b: Sinistcha\n|-activate|p2b: Sinistcha|move: Protect\n|\n|-weather|Sandstorm|[upkeep]\n|-damage|p1a: Arcanine|77/100|[from] Sandstorm\n|-damage|p2b: Sinistcha|88/100|[from] Sandstorm\n|-damage|p2a: Incineroar|17/100|[from] Sandstorm\n|-start|p1b: Tyranitar|perish0\n|-start|p1a: Arcanine|perish0\n|faint|p1b: Tyranitar\n|faint|p1a: Arcanine\n|upkeep\n|\n|t:|1775948971\n|switch|p1a: Dragonite|Dragonite, L50, F|100/100\n|switch|p1b: Whimsicott|Whimsicott, L50, M|100/100\n|turn|5\n|\n|t:|1775948986\n|move|p1b: Whimsicott|Tailwind|p1b: Whimsicott\n|-sidestart|p1: RenatoSB|move: Tailwind\n|move|p1a: Dragonite|Air Slash|p2a: Incineroar\n|-damage|p2a: Incineroar|0 fnt\n|faint|p2a: Incineroar\n|move|p2b: Sinistcha|Matcha Gotcha|p1b: Whimsicott|[spread] \n|-miss|p2b: Sinistcha|p1a: Dragonite\n|-miss|p2b: Sinistcha|p1b: Whimsicott\n|\n|-weather|none\n|upkeep\n|\n|t:|1775948996\n|switch|p2a: Gengar|Gengar-Mega, L50, F|60/100\n|turn|6\n|\n|t:|1775949034\n|move|p2b: Sinistcha|Rage Powder|p2b: Sinistcha\n|-singleturn|p2b: Sinistcha|move: Rage Powder\n|move|p1b: Whimsicott|Encore||[still]\n|-fail|p1b: Whimsicott\n|move|p1a: Dragonite|Air Slash|p2b: Sinistcha\n|-supereffective|p2b: Sinistcha|1\n|-damage|p2b: Sinistcha|24/100\n|move|p2a: Gengar|Perish Song|p2a: Gengar\n|-start|p1a: Dragonite|perish3|[silent]\n|-start|p1b: Whimsicott|perish3|[silent]\n|-start|p2a: Gengar|perish3|[silent]\n|-start|p2b: Sinistcha|perish3|[silent]\n|-fieldactivate|move: Perish Song\n|\n|-start|p1b: Whimsicott|perish3\n|-start|p1a: Dragonite|perish3\n|-start|p2a: Gengar|perish3\n|-start|p2b: Sinistcha|perish3\n|upkeep\n|turn|7\n|\n|t:|1775949056\n|move|p2a: Gengar|Protect|p2a: Gengar\n|-singleturn|p2a: Gengar|Protect\n|move|p2b: Sinistcha|Protect|p2b: Sinistcha\n|-singleturn|p2b: Sinistcha|Protect\n|move|p1b: Whimsicott|Encore|p2a: Gengar\n|-activate|p2a: Gengar|move: Protect\n|move|p1a: Dragonite|Air Slash|p2a: Gengar\n|-activate|p2a: Gengar|move: Protect\n|\n|-start|p1b: Whimsicott|perish2\n|-start|p1a: Dragonite|perish2\n|-start|p2a: Gengar|perish2\n|-start|p2b: Sinistcha|perish2\n|upkeep\n|turn|8\n|\n|t:|1775949084\n|switch|p2a: Kommo-o|Kommo-o, L50, M|100/100\n|move|p1b: Whimsicott|Encore||[still]\n|-fail|p1b: Whimsicott\n|move|p1a: Dragonite|Air Slash|p2b: Sinistcha\n|-supereffective|p2b: Sinistcha|1\n|-damage|p2b: Sinistcha|0 fnt\n|faint|p2b: Sinistcha\n|\n|-start|p1b: Whimsicott|perish1\n|-start|p1a: Dragonite|perish1\n|-sideend|p1: RenatoSB|move: Tailwind\n|upkeep\n|\n|t:|1775949092\n|switch|p2b: Gengar|Gengar-Mega, L50, F|60/100\n|turn|9\n|\n|t:|1775949103\n|move|p2b: Gengar|Protect|p2b: Gengar\n|-singleturn|p2b: Gengar|Protect\n|move|p2a: Kommo-o|Protect|p2a: Kommo-o\n|-singleturn|p2a: Kommo-o|Protect\n|move|p1b: Whimsicott|Tailwind|p1b: Whimsicott\n|-sidestart|p1: RenatoSB|move: Tailwind\n|move|p1a: Dragonite|Fire Blast|p2a: Kommo-o\n|-activate|p2a: Kommo-o|move: Protect\n|\n|-start|p1b: Whimsicott|perish0\n|-start|p1a: Dragonite|perish0\n|faint|p1b: Whimsicott\n|faint|p1a: Dragonite\n|\n|win|amigomalamar\n|raw|RenatoSB's rating: 1100 &rarr; <strong>1078</strong><br />(-22 for losing)\n|raw|amigomalamar's rating: 1146 &rarr; <strong>1168</strong><br />(+22 for winning)\n|l|\u2606RenatoSB\n|player|p1|\n",
  "uploadtime": 1775949123,
  "views": 18,
  "formatid": "gen9championsvgc2026regma",
  "rating": 1078,
  "private": 0,
  "password": null
}