{
  "id": "gen9championsvgc2026regma-2589548563",
  "format": "[Gen 9 Champions] VGC 2026 Reg M-A",
  "players": [
    "benjiapollo",
    "Yamh"
  ],
  "log": "|j|\u2606benjiapollo\n|j|\u2606Yamh\n|t:|1776733102\n|gametype|doubles\n|player|p1|benjiapollo|giovanni|1417\n|player|p2|Yamh|darach-caitlin|1346\n|gen|9\n|tier|[Gen 9 Champions] VGC 2026 Reg M-A\n|rated|\n|rule|Species Clause: Limit one of each Pok\u00e9mon\n|rule|Item Clause: Limit 1 of each item\n|clearpoke\n|poke|p1|Basculegion, L50, M|\n|poke|p1|Charizard, L50, M|\n|poke|p1|Kingambit, L50, M|\n|poke|p1|Sneasler, L50, M|\n|poke|p1|Venusaur, L50, F|\n|poke|p1|Talonflame, L50, F|\n|poke|p2|Sneasler, L50, F|\n|poke|p2|Kingambit, L50, F|\n|poke|p2|Milotic, L50, F|\n|poke|p2|Basculegion, L50, M|\n|poke|p2|Aerodactyl, L50, F|\n|poke|p2|Floette-Eternal, L50, F|\n|teampreview|4\n|inactive|Battle timer is ON: inactive players will automatically lose when time's up. (requested by benjiapollo)\n|\n|t:|1776733145\n|teamsize|p1|4\n|teamsize|p2|4\n|start\n|switch|p1a: Talonflame|Talonflame, L50, F|100/100\n|switch|p1b: Venusaur|Venusaur, L50, F|100/100\n|switch|p2a: Reptilia|Aerodactyl, L50, F|100/100\n|switch|p2b: Greta|Basculegion, L50, M|100/100\n|-ability|p2a: Reptilia|Unnerve\n|turn|1\n|inactive|benjiapollo has 30 seconds left.\n|\n|t:|1776733171\n|detailschange|p1b: Venusaur|Venusaur-Mega, L50, F\n|-mega|p1b: Venusaur|Venusaur|Venusaurite\n|move|p2b: Greta|Aqua Jet|p1a: Talonflame\n|-supereffective|p1a: Talonflame|1\n|-damage|p1a: Talonflame|15/100\n|move|p2a: Reptilia|Rock Slide|p1a: Talonflame|[spread] \n|-miss|p2a: Reptilia|p1a: Talonflame\n|-miss|p2a: Reptilia|p1b: Venusaur\n|move|p1a: Talonflame|Tailwind|p1a: Talonflame\n|-sidestart|p1: benjiapollo|move: Tailwind\n|move|p1b: Venusaur|Energy Ball|p2a: Reptilia\n|-damage|p2a: Reptilia|28/100\n|\n|upkeep\n|turn|2\n|\n|t:|1776733193\n|move|p2a: Reptilia|Protect|p2a: Reptilia\n|-singleturn|p2a: Reptilia|Protect\n|move|p1a: Talonflame|Quick Guard|p1a: Talonflame\n|-singleturn|p1a: Talonflame|Quick Guard\n|move|p2b: Greta|Aqua Jet|p1a: Talonflame\n|-activate|p1a: Talonflame|move: Quick Guard\n|move|p1b: Venusaur|Energy Ball|p2a: Reptilia\n|-activate|p2a: Reptilia|move: Protect\n|\n|upkeep\n|turn|3\n|\n|t:|1776733207\n|move|p1a: Talonflame|Quick Guard|p1a: Talonflame\n|-singleturn|p1a: Talonflame|Quick Guard\n|move|p2b: Greta|Aqua Jet|p1a: Talonflame\n|-activate|p1a: Talonflame|move: Quick Guard\n|move|p1b: Venusaur|Energy Ball|p2a: Reptilia\n|-damage|p2a: Reptilia|0 fnt\n|faint|p2a: Reptilia\n|\n|upkeep\n|\n|t:|1776733211\n|switch|p2a: Snivel|Sneasler, L50, F|100/100\n|turn|4\n|\n|t:|1776733221\n|move|p1a: Talonflame|Quick Guard|p1a: Talonflame\n|-singleturn|p1a: Talonflame|Quick Guard\n|move|p2a: Snivel|Fake Out|p1b: Venusaur\n|-activate|p1b: Venusaur|move: Quick Guard\n|move|p2b: Greta|Aqua Jet|p1a: Talonflame\n|-activate|p1a: Talonflame|move: Quick Guard\n|move|p1b: Venusaur|Energy Ball|p2b: Greta\n|-supereffective|p2b: Greta|1\n|-damage|p2b: Greta|0 fnt\n|faint|p2b: Greta\n|\n|-sideend|p1: benjiapollo|move: Tailwind\n|upkeep\n|\n|t:|1776733227\n|switch|p2b: Solid Snake|Milotic, L50, F|100/100\n|turn|5\n|\n|t:|1776733237\n|move|p1a: Talonflame|Tailwind|p1a: Talonflame\n|-sidestart|p1: benjiapollo|move: Tailwind\n|move|p1b: Venusaur|Energy Ball|p2b: Solid Snake\n|-supereffective|p2b: Solid Snake|1\n|-damage|p2b: Solid Snake|49/100\n|move|p2a: Snivel|Close Combat|p1a: Talonflame\n|-resisted|p1a: Talonflame|1\n|-damage|p1a: Talonflame|0 fnt\n|-unboost|p2a: Snivel|def|1\n|-unboost|p2a: Snivel|spd|1\n|faint|p1a: Talonflame\n|-enditem|p2a: Snivel|White Herb\n|-clearnegativeboost|p2a: Snivel|[silent]\n|move|p2b: Solid Snake|Hypnosis|p1b: Venusaur\n|-status|p1b: Venusaur|slp|[from] move: Hypnosis\n|\n|-heal|p2b: Solid Snake|55/100|[from] item: Leftovers\n|upkeep\n|\n|t:|1776733252\n|switch|p1a: Sneasler|Sneasler, L50, M|100/100\n|turn|6\n|\n|t:|1776733264\n|move|p2b: Solid Snake|Protect|p2b: Solid Snake\n|-singleturn|p2b: Solid Snake|Protect\n|move|p1a: Sneasler|Fake Out|p2a: Snivel\n|-damage|p2a: Snivel|76/100\n|cant|p2a: Snivel|flinch\n|cant|p1b: Venusaur|slp\n|\n|-heal|p2b: Solid Snake|61/100|[from] item: Leftovers\n|upkeep\n|turn|7\n|\n|t:|1776733278\n|move|p1a: Sneasler|Close Combat|p2a: Snivel\n|-resisted|p2a: Snivel|1\n|-damage|p2a: Snivel|20/100\n|-unboost|p1a: Sneasler|def|1\n|-unboost|p1a: Sneasler|spd|1\n|-enditem|p1a: Sneasler|White Herb\n|-clearnegativeboost|p1a: Sneasler|[silent]\n|move|p2a: Snivel|Dire Claw|p1b: Venusaur\n|-damage|p1b: Venusaur|55/100 slp\n|cant|p1b: Venusaur|slp\n|move|p2b: Solid Snake|Coil|p2b: Solid Snake\n|-boost|p2b: Solid Snake|atk|1\n|-boost|p2b: Solid Snake|def|1\n|-boost|p2b: Solid Snake|accuracy|1\n|\n|-heal|p2b: Solid Snake|67/100|[from] item: Leftovers\n|upkeep\n|turn|8\n|\n|t:|1776733297\n|move|p2a: Snivel|Protect|p2a: Snivel\n|-singleturn|p2a: Snivel|Protect\n|move|p1a: Sneasler|Dire Claw|p2a: Snivel\n|-activate|p2a: Snivel|move: Protect\n|-curestatus|p1b: Venusaur|slp|[msg]\n|move|p1b: Venusaur|Energy Ball|p2b: Solid Snake\n|-supereffective|p2b: Solid Snake|1\n|-damage|p2b: Solid Snake|10/100\n|move|p2b: Solid Snake|Hypnosis|p1a: Sneasler\n|-status|p1a: Sneasler|slp|[from] move: Hypnosis\n|\n|-heal|p2b: Solid Snake|16/100|[from] item: Leftovers\n|-sideend|p1: benjiapollo|move: Tailwind\n|upkeep\n|turn|9\n|\n|t:|1776733317\n|move|p2b: Solid Snake|Protect|p2b: Solid Snake\n|-singleturn|p2b: Solid Snake|Protect\n|cant|p1a: Sneasler|slp\n|move|p2a: Snivel|Dire Claw|p1b: Venusaur\n|-damage|p1b: Venusaur|10/100\n|move|p1b: Venusaur|Energy Ball|p2a: Snivel\n|-resisted|p2a: Snivel|1\n|-damage|p2a: Snivel|0 fnt\n|faint|p2a: Snivel\n|\n|-heal|p2b: Solid Snake|22/100|[from] item: Leftovers\n|upkeep\n|turn|10\n|\n|t:|1776733330\n|cant|p1a: Sneasler|slp\n|move|p1b: Venusaur|Energy Ball|p2b: Solid Snake\n|-supereffective|p2b: Solid Snake|1\n|-damage|p2b: Solid Snake|0 fnt\n|faint|p2b: Solid Snake\n|\n|win|benjiapollo\n|raw|benjiapollo's rating: 1417 &rarr; <strong>1433</strong><br />(+16 for winning)\n|raw|Yamh's rating: 1346 &rarr; <strong>1330</strong><br />(-16 for losing)\n|l|\u2606Yamh\n|player|p2|\n|j|\u2606Yamh\n|player|p2|Yamh|darach-caitlin|\n|l|\u2606Yamh\n|player|p2|\n",
  "uploadtime": 1776733337,
  "views": 4,
  "formatid": "gen9championsvgc2026regma",
  "rating": 1330,
  "private": 0,
  "password": null
}