{
  "id": "gen9championsvgc2026regma-2586610001",
  "format": "[Gen 9 Champions] VGC 2026 Reg M-A",
  "players": [
    "michaelvick69",
    "SwolmanVGC"
  ],
  "log": "|j|\u2606michaelvick69\n|j|\u2606SwolmanVGC\n|t:|1776446584\n|gametype|doubles\n|player|p1|michaelvick69|hoopster|1320\n|player|p2|SwolmanVGC|2|1241\n|gen|9\n|tier|[Gen 9 Champions] VGC 2026 Reg M-A\n|rated|\n|rule|Species Clause: Limit one of each Pok\u00e9mon\n|rule|Item Clause: Limit 1 of each item\n|clearpoke\n|poke|p1|Sharpedo, L50, M|\n|poke|p1|Sneasler, L50, M|\n|poke|p1|Incineroar, L50, M|\n|poke|p1|Whimsicott, L50, F|\n|poke|p1|Garchomp, L50, M|\n|poke|p1|Dragonite, L50, M|\n|poke|p2|Tyranitar, L50, M|\n|poke|p2|Meganium, L50, F|\n|poke|p2|Basculegion, L50, M|\n|poke|p2|Garchomp, L50, M|\n|poke|p2|Sneasler, L50, F|\n|poke|p2|Aerodactyl, L50, M|\n|teampreview|4\n|inactive|Battle timer is ON: inactive players will automatically lose when time's up. (requested by michaelvick69)\nmichaelvick69 rejected open team sheets.\n|inactive|SwolmanVGC has 60 seconds left.\n|\n|t:|1776446635\n|teamsize|p1|4\n|teamsize|p2|4\n|start\n|switch|p1a: Sally|Sneasler, L50, M|100/100\n|switch|p1b: Whinny|Whimsicott, L50, F|100/100\n|switch|p2a: Sneasler|Sneasler, L50, F, shiny|100/100\n|switch|p2b: Aerodactyl|Aerodactyl, L50, M, shiny|100/100\n|-ability|p2b: Aerodactyl|Unnerve\n|turn|1\n|inactive|SwolmanVGC has 30 seconds left.\n|\n|t:|1776446662\n|move|p1b: Whinny|Protect|p1b: Whinny\n|-singleturn|p1b: Whinny|Protect\n|move|p2a: Sneasler|Fake Out|p1b: Whinny\n|-activate|p1b: Whinny|move: Protect\n|move|p1a: Sally|Fake Out|p2b: Aerodactyl\n|-resisted|p2b: Aerodactyl|1\n|-damage|p2b: Aerodactyl|88/100\n|cant|p2b: Aerodactyl|flinch\n|\n|upkeep\n|turn|2\n|\n|t:|1776446677\n|move|p1a: Sally|Protect|p1a: Sally\n|-singleturn|p1a: Sally|Protect\n|move|p1b: Whinny|Encore|p2a: Sneasler\n|-start|p2a: Sneasler|Encore\n|move|p2a: Sneasler|Fake Out||[still]\n|-hint|Fake Out only works on your first turn out.\n|-fail|p2a: Sneasler\n|move|p2b: Aerodactyl|Rock Slide|p1b: Whinny|[spread] \n|-activate|p1a: Sally|move: Protect\n|-miss|p2b: Aerodactyl|p1b: Whinny\n|\n|upkeep\n|turn|3\n|\n|t:|1776446697\n|switch|p2a: Meganium|Meganium, L50, F, shiny|100/100\n|move|p2b: Aerodactyl|Dual Wingbeat|p1a: Sally\n|-supereffective|p1a: Sally|1\n|-damage|p1a: Sally|34/100\n|-supereffective|p1a: Sally|1\n|-damage|p1a: Sally|0 fnt\n|faint|p1a: Sally\n|-hitcount|p1: Sally|2\n|move|p1b: Whinny|Moonblast|p2b: Aerodactyl\n|-damage|p2b: Aerodactyl|49/100\n|\n|upkeep\n|\n|t:|1776446710\n|switch|p1a: Brody|Sharpedo, L50, M|100/100\n|turn|4\n|\n|t:|1776446719\n|detailschange|p2a: Meganium|Meganium-Mega, L50, F, shiny\n|-mega|p2a: Meganium|Meganium|Meganiumite\n|move|p1a: Brody|Protect|p1a: Brody\n|-singleturn|p1a: Brody|Protect\n|move|p1b: Whinny|Tailwind|p1b: Whinny\n|-sidestart|p1: michaelvick69|move: Tailwind\n|move|p2b: Aerodactyl|Tailwind|p2b: Aerodactyl\n|-sidestart|p2: SwolmanVGC|move: Tailwind\n|move|p2a: Meganium|Solar Beam||[still]\n|-prepare|p2a: Meganium|Solar Beam\n|-activate|p2a: Meganium|ability: Mega Sol\n|-anim|p2a: Meganium|Solar Beam|p1a: Brody\n|-activate|p1a: Brody|move: Protect\n|\n|-ability|p1a: Brody|Speed Boost|boost\n|-boost|p1a: Brody|spe|1\n|upkeep\n|turn|5\n|\n|t:|1776446742\n|switch|p2b: Sneasler|Sneasler, L50, F, shiny|100/100\n|detailschange|p1a: Brody|Sharpedo-Mega, L50, M\n|-mega|p1a: Brody|Sharpedo|Sharpedonite\n|move|p1a: Brody|Ice Fang|p2a: Meganium\n|-supereffective|p2a: Meganium|1\n|-damage|p2a: Meganium|32/100\n|-status|p2a: Meganium|frz\n|move|p1b: Whinny|Moonblast|p2a: Meganium\n|-damage|p2a: Meganium|11/100 frz\n|-unboost|p2a: Meganium|spa|1\n|cant|p2a: Meganium|frz\n|\n|upkeep\n|turn|6\n|\n|t:|1776446757\n|move|p1b: Whinny|Protect|p1b: Whinny\n|-singleturn|p1b: Whinny|Protect\n|move|p1a: Brody|Protect|p1a: Brody\n|-singleturn|p1a: Brody|Protect\n|move|p2b: Sneasler|Fake Out|p1a: Brody\n|-activate|p1a: Brody|move: Protect\n|cant|p2a: Meganium|frz\n|\n|upkeep\n|turn|7\n|\n|t:|1776446773\n|-curestatus|p2a: Meganium|frz|[msg]\n|move|p2a: Meganium|Protect|p2a: Meganium\n|-singleturn|p2a: Meganium|Protect\n|move|p1b: Whinny|Encore|p2b: Sneasler\n|-start|p2b: Sneasler|Encore\n|move|p2b: Sneasler|Fake Out||[still]\n|-hint|Fake Out only works on your first turn out.\n|-fail|p2b: Sneasler\n|move|p1a: Brody|Crunch|p2a: Meganium\n|-activate|p2a: Meganium|move: Protect\n|\n|-sideend|p2: SwolmanVGC|move: Tailwind\n|-sideend|p1: michaelvick69|move: Tailwind\n|upkeep\n|turn|8\n|\n|t:|1776446788\n|switch|p2b: Aerodactyl|Aerodactyl, L50, M, shiny|49/100\n|-ability|p2b: Aerodactyl|Unnerve\n|switch|p2a: Basculegion|Basculegion, L50, M, shiny|100/100\n|move|p1b: Whinny|Tailwind|p1b: Whinny\n|-sidestart|p1: michaelvick69|move: Tailwind\n|move|p1a: Brody|Crunch|p2a: Basculegion\n|-supereffective|p2a: Basculegion|1\n|-damage|p2a: Basculegion|0 fnt\n|faint|p2a: Basculegion\n|\n|upkeep\n|\n|t:|1776446809\n|switch|p2a: Sneasler|Sneasler, L50, F, shiny|100/100\n|turn|9\n|\n|t:|1776446815\n|move|p1b: Whinny|Protect|p1b: Whinny\n|-singleturn|p1b: Whinny|Protect\n|move|p1a: Brody|Protect|p1a: Brody\n|-singleturn|p1a: Brody|Protect\n|move|p2b: Aerodactyl|Tailwind|p2b: Aerodactyl\n|-sidestart|p2: SwolmanVGC|move: Tailwind\n|move|p2a: Sneasler|Dire Claw|p1b: Whinny\n|-activate|p1b: Whinny|move: Protect\n|\n|upkeep\n|turn|10\n|inactive|michaelvick69 has 30 seconds left.\n|\n|t:|1776446843\n|move|p1b: Whinny|Encore|p2b: Aerodactyl\n|-start|p2b: Aerodactyl|Encore\n|move|p2b: Aerodactyl|Tailwind||[still]\n|-fail|p2b: Aerodactyl\n|move|p1a: Brody|Liquidation|p2a: Sneasler\n|-damage|p2a: Sneasler|14/100\n|move|p2a: Sneasler|Dire Claw|p1b: Whinny\n|-supereffective|p1b: Whinny|2\n|-enditem|p1b: Whinny|Focus Sash\n|-damage|p1b: Whinny|1/100\n|-status|p1b: Whinny|psn\n|\n|-damage|p1b: Whinny|0 fnt|[from] psn\n|faint|p1b: Whinny\n|upkeep\n|\n|t:|1776446857\n|switch|p1b: Garchomp|Garchomp, L50, M|100/100\n|turn|11\n|\n|t:|1776446873\n|move|p2a: Sneasler|Protect|p2a: Sneasler\n|-singleturn|p2a: Sneasler|Protect\n|move|p2b: Aerodactyl|Tailwind||[still]\n|-fail|p2b: Aerodactyl\n|move|p1a: Brody|Crunch|p2b: Aerodactyl\n|-damage|p2b: Aerodactyl|0 fnt\n|faint|p2b: Aerodactyl\n|move|p1b: Garchomp|Rock Slide|p2a: Sneasler\n|-activate|p2a: Sneasler|move: Protect\n|\n|-sideend|p1: michaelvick69|move: Tailwind\n|upkeep\n|\n|t:|1776446883\n|switch|p2b: Meganium|Meganium-Mega, L50, F, shiny|11/100\n|turn|12\n|\n|t:|1776446888\n|move|p1a: Brody|Protect|p1a: Brody\n|-singleturn|p1a: Brody|Protect\n|move|p1b: Garchomp|Protect|p1b: Garchomp\n|-singleturn|p1b: Garchomp|Protect\n|move|p2a: Sneasler|Close Combat|p1a: Brody\n|-activate|p1a: Brody|move: Protect\n|move|p2b: Meganium|Dazzling Gleam|p1b: Garchomp|[spread] \n|-activate|p1a: Brody|move: Protect\n|-activate|p1b: Garchomp|move: Protect\n|\n|-sideend|p2: SwolmanVGC|move: Tailwind\n|upkeep\n|turn|13\n|n|!SwolmanVGC|swolmanvgc\n|\n|t:|1776446912\n|move|p1a: Brody|Liquidation|p2a: Sneasler\n|-damage|p2a: Sneasler|0 fnt\n|faint|p2a: Sneasler\n|move|p1b: Garchomp|Rock Slide|p2b: Meganium\n|-damage|p2b: Meganium|0 fnt\n|faint|p2b: Meganium\n|\n|win|michaelvick69\n",
  "uploadtime": 1776446900,
  "views": 22,
  "formatid": "gen9championsvgc2026regma",
  "rating": null,
  "private": 0,
  "password": null
}