{
  "id": "gen9championsvgc2026regma-2588358786",
  "format": "[Gen 9 Champions] VGC 2026 Reg M-A",
  "players": [
    "Googsward",
    "MaitreCongo"
  ],
  "log": "|j|\u203dGoogsward\n|j|\u2606MaitreCongo\n|t:|1776626952\n|gametype|doubles\n|player|p1|Googsward|2|1153\n|player|p2|MaitreCongo|hoopster|1078\n|gen|9\n|tier|[Gen 9 Champions] VGC 2026 Reg M-A\n|rated|\n|rule|Species Clause: Limit one of each Pok\u00e9mon\n|rule|Item Clause: Limit 1 of each item\n|clearpoke\n|poke|p1|Hydreigon, L50, M|\n|poke|p1|Victreebel, L50, F|\n|poke|p1|Incineroar, L50, F|\n|poke|p1|Machamp, L50, F|\n|poke|p1|Milotic, L50, F|\n|poke|p1|Scizor, L50, F|\n|poke|p2|Archaludon, L50, F|\n|poke|p2|Dragonite, L50, M, shiny|\n|poke|p2|Incineroar, L50, M|\n|poke|p2|Pelipper, L50, F|\n|poke|p2|Sinistcha, L50|\n|poke|p2|Excadrill, L50, M|\n|teampreview|4\n|inactive|Battle timer is ON: inactive players will automatically lose when time's up. (requested by Googsward)\n|\n|t:|1776626997\n|teamsize|p1|4\n|teamsize|p2|4\n|start\n|switch|p1a: Machamp|Machamp, L50, F|100/100\n|switch|p1b: Milotic|Milotic, L50, F|100/100\n|switch|p2a: Philibert|Pelipper, L50, F|100/100\n|switch|p2b: Jane Juliet|Archaludon, L50, F|100/100\n|-weather|RainDance|[from] ability: Drizzle|[of] p2a: Philibert\n|turn|1\n|inactive|Googsward has 30 seconds left.\n|\n|t:|1776627023\n|move|p2a: Philibert|Hurricane|p1a: Machamp\n|-supereffective|p1a: Machamp|1\n|-damage|p1a: Machamp|8/100\n|-start|p1a: Machamp|confusion\n|move|p1b: Milotic|Icy Wind|p2b: Jane Juliet|[spread] p2a,p2b\n|-damage|p2a: Philibert|85/100\n|-damage|p2b: Jane Juliet|88/100\n|-unboost|p2a: Philibert|spe|1\n|-unboost|p2b: Jane Juliet|spe|1\n|-ability|p2b: Jane Juliet|Stamina|boost\n|-boost|p2b: Jane Juliet|def|1\n|-activate|p1a: Machamp|confusion\n|move|p1a: Machamp|Dynamic Punch|p2b: Jane Juliet\n|-supereffective|p2b: Jane Juliet|1\n|-damage|p2b: Jane Juliet|37/100\n|-start|p2b: Jane Juliet|confusion\n|-ability|p2b: Jane Juliet|Stamina|boost\n|-boost|p2b: Jane Juliet|def|1\n|-activate|p2b: Jane Juliet|confusion\n|move|p2b: Jane Juliet|Electro Shot||[still]\n|-prepare|p2b: Jane Juliet|Electro Shot\n|-boost|p2b: Jane Juliet|spa|1\n|-anim|p2b: Jane Juliet|Electro Shot|p1b: Milotic\n|-supereffective|p1b: Milotic|1\n|-damage|p1b: Milotic|0 fnt\n|faint|p1b: Milotic\n|\n|-weather|RainDance|[upkeep]\n|-heal|p2b: Jane Juliet|43/100|[from] item: Leftovers\n|upkeep\n|inactive|Googsward has 30 seconds left.\n|\n|t:|1776627052\n|switch|p1b: Victreebel|Victreebel, L50, F|100/100\n|turn|2\n|\n|t:|1776627066\n|switch|p2b: MecAKhalamite|Sinistcha, L50|100/100\n|-heal|p2a: Philibert|100/100|[from] ability: Hospitality|[of] p2b: MecAKhalamite\n|detailschange|p1b: Victreebel|Victreebel-Mega, L50, F\n|-mega|p1b: Victreebel|Victreebel|Victreebelite\n|-activate|p1a: Machamp|confusion\n|move|p1a: Machamp|Dynamic Punch|p2b: MecAKhalamite\n|-immune|p2b: MecAKhalamite\n|move|p1b: Victreebel|Acid Spray|p2a: Philibert\n|-damage|p2a: Philibert|74/100\n|-unboost|p2a: Philibert|spd|2\n|move|p2a: Philibert|Weather Ball|p1a: Machamp\n|-damage|p1a: Machamp|0 fnt\n|faint|p1a: Machamp\n|\n|-weather|RainDance|[upkeep]\n|upkeep\n|\n|t:|1776627079\n|switch|p1a: Hydreigon|Hydreigon, L50, M|100/100\n|turn|3\n|\n|t:|1776627103\n|move|p2b: MecAKhalamite|Rage Powder|p2b: MecAKhalamite\n|-singleturn|p2b: MecAKhalamite|move: Rage Powder\n|move|p1a: Hydreigon|Focus Energy|p1a: Hydreigon\n|-start|p1a: Hydreigon|move: Focus Energy\n|move|p1b: Victreebel|Acid Spray|p2a: Philibert\n|-damage|p2a: Philibert|14/100\n|-unboost|p2a: Philibert|spd|2\n|move|p2a: Philibert|Hurricane|p1b: Victreebel\n|-supereffective|p1b: Victreebel|1\n|-damage|p1b: Victreebel|36/100\n|\n|-weather|RainDance|[upkeep]\n|upkeep\n|turn|4\n|inactive|Googsward has 30 seconds left.\n|\n|t:|1776627130\n|switch|p2a: Martin Libertin|Dragonite, L50, M, shiny|100/100\n|move|p2b: MecAKhalamite|Protect|p2b: MecAKhalamite\n|-singleturn|p2b: MecAKhalamite|Protect\n|move|p1a: Hydreigon|Draco Meteor|p2a: Martin Libertin\n|-supereffective|p2a: Martin Libertin|1\n|-crit|p2a: Martin Libertin\n|-damage|p2a: Martin Libertin|1/100\n|-unboost|p1a: Hydreigon|spa|2\n|move|p1b: Victreebel|Strength Sap|p2b: MecAKhalamite\n|-activate|p2b: MecAKhalamite|move: Protect\n|\n|-weather|RainDance|[upkeep]\n|upkeep\n|turn|5\n|inactive|MaitreCongo has 30 seconds left.\n|inactive|MaitreCongo has 20 seconds left.\n|inactive|MaitreCongo has 15 seconds left.\n|inactive|MaitreCongo has 10 seconds left.\n|\n|t:|1776627179\n|switch|p2b: Jane Juliet|Archaludon, L50, F|43/100\n|detailschange|p2a: Martin Libertin|Dragonite-Mega, L50, M, shiny\n|-mega|p2a: Martin Libertin|Dragonite|Dragoninite\n|move|p1a: Hydreigon|Heat Wave|p2a: Martin Libertin|[spread] p2a,p2b\n|-resisted|p2a: Martin Libertin|1\n|-crit|p2a: Martin Libertin\n|-crit|p2b: Jane Juliet\n|-damage|p2a: Martin Libertin|0 fnt\n|-damage|p2b: Jane Juliet|18/100\n|-ability|p2b: Jane Juliet|Stamina|boost\n|-boost|p2b: Jane Juliet|def|1\n|faint|p2a: Martin Libertin\n|move|p1b: Victreebel|Strength Sap|p2b: Jane Juliet\n|-unboost|p2b: Jane Juliet|atk|1\n|-heal|p1b: Victreebel|96/100\n|\n|-weather|none\n|-heal|p2b: Jane Juliet|24/100|[from] item: Leftovers\n|upkeep\n|\n|t:|1776627190\n|switch|p2a: MecAKhalamite|Sinistcha, L50|100/100\n|-heal|p2b: Jane Juliet|49/100|[from] ability: Hospitality|[of] p2a: MecAKhalamite\n|turn|6\n|\n|t:|1776627205\n|move|p2a: MecAKhalamite|Rage Powder|p2a: MecAKhalamite\n|-singleturn|p2a: MecAKhalamite|move: Rage Powder\n|move|p1a: Hydreigon|Draco Meteor|p2a: MecAKhalamite\n|-crit|p2a: MecAKhalamite\n|-damage|p2a: MecAKhalamite|4/100\n|-unboost|p1a: Hydreigon|spa|2\n|-enditem|p2a: MecAKhalamite|Sitrus Berry|[eat]\n|-heal|p2a: MecAKhalamite|28/100|[from] item: Sitrus Berry\n|move|p2b: Jane Juliet|Draco Meteor|p1a: Hydreigon\n|-supereffective|p1a: Hydreigon|1\n|-damage|p1a: Hydreigon|0 fnt\n|-unboost|p2b: Jane Juliet|spa|2\n|faint|p1a: Hydreigon\n|move|p1b: Victreebel|Acid Spray|p2a: MecAKhalamite\n|-damage|p2a: MecAKhalamite|10/100\n|-unboost|p2a: MecAKhalamite|spd|2\n|\n|-heal|p2b: Jane Juliet|55/100|[from] item: Leftovers\n|upkeep\n|turn|7\n|\n|t:|1776627228\n|move|p2a: MecAKhalamite|Protect|p2a: MecAKhalamite\n|-singleturn|p2a: MecAKhalamite|Protect\n|move|p2b: Jane Juliet|Draco Meteor|p1b: Victreebel\n|-damage|p1b: Victreebel|70/100\n|-unboost|p2b: Jane Juliet|spa|2\n|move|p1b: Victreebel|Wrap|p2b: Jane Juliet\n|-resisted|p2b: Jane Juliet|1\n|-damage|p2b: Jane Juliet|54/100\n|-activate|p2b: Jane Juliet|move: Wrap|[of] p1b: Victreebel\n|-ability|p2b: Jane Juliet|Stamina|boost\n|-boost|p2b: Jane Juliet|def|1\n|\n|-heal|p2b: Jane Juliet|60/100|[from] item: Leftovers\n|-damage|p2b: Jane Juliet|48/100|[from] move: Wrap|[partiallytrapped]\n|upkeep\n|turn|8\n|inactive|MaitreCongo has 30 seconds left.\n|\n|t:|1776627260\n|move|p2b: Jane Juliet|Flash Cannon|p1b: Victreebel\n|-damage|p1b: Victreebel|57/100\n|move|p1b: Victreebel|Strength Sap|p2a: MecAKhalamite\n|-unboost|p2a: MecAKhalamite|atk|1\n|-heal|p1b: Victreebel|95/100\n|move|p2a: MecAKhalamite|Strength Sap|p1b: Victreebel\n|-unboost|p1b: Victreebel|atk|1\n|-heal|p2a: MecAKhalamite|90/100\n|\n|-heal|p2b: Jane Juliet|54/100|[from] item: Leftovers\n|-damage|p2b: Jane Juliet|42/100|[from] move: Wrap|[partiallytrapped]\n|upkeep\n|turn|9\n|inactive|MaitreCongo has 30 seconds left.\n|\n|t:|1776627291\n|move|p2b: Jane Juliet|Draco Meteor|p1b: Victreebel\n|-damage|p1b: Victreebel|75/100\n|-unboost|p2b: Jane Juliet|spa|2\n|move|p1b: Victreebel|Acid Spray|p2a: MecAKhalamite\n|-damage|p2a: MecAKhalamite|55/100\n|-unboost|p2a: MecAKhalamite|spd|2\n|move|p2a: MecAKhalamite|Matcha Gotcha|p1b: Victreebel\n|-resisted|p1b: Victreebel|2\n|-damage|p1b: Victreebel|69/100\n|-heal|p2a: MecAKhalamite|59/100|[from] drain|[of] p1b: Victreebel\n|\n|-heal|p2b: Jane Juliet|48/100|[from] item: Leftovers\n|-damage|p2b: Jane Juliet|36/100|[from] move: Wrap|[partiallytrapped]\n|upkeep\n|turn|10\n|\n|t:|1776627311\n|move|p2a: MecAKhalamite|Protect|p2a: MecAKhalamite\n|-singleturn|p2a: MecAKhalamite|Protect\n|move|p2b: Jane Juliet|Electro Shot||[still]\n|-prepare|p2b: Jane Juliet|Electro Shot\n|-boost|p2b: Jane Juliet|spa|1\n|move|p1b: Victreebel|Strength Sap|p2b: Jane Juliet\n|-unboost|p2b: Jane Juliet|atk|1\n|-heal|p1b: Victreebel|100/100\n|\n|-heal|p2b: Jane Juliet|42/100|[from] item: Leftovers\n|-damage|p2b: Jane Juliet|30/100|[from] move: Wrap|[partiallytrapped]\n|upkeep\n|turn|11\n|\n|t:|1776627330\n|move|p2b: Jane Juliet|Electro Shot|p1b: Victreebel|[from] lockedmove\n|-resisted|p1b: Victreebel|1\n|-damage|p1b: Victreebel|95/100\n|move|p1b: Victreebel|Acid Spray|p2a: MecAKhalamite\n|-damage|p2a: MecAKhalamite|0 fnt\n|faint|p2a: MecAKhalamite\n|\n|-heal|p2b: Jane Juliet|36/100|[from] item: Leftovers\n|-damage|p2b: Jane Juliet|24/100|[from] move: Wrap|[partiallytrapped]\n|upkeep\n|\n|t:|1776627343\n|switch|p2a: Philibert|Pelipper, L50, F|14/100\n|-weather|RainDance|[from] ability: Drizzle|[of] p2a: Philibert\n|turn|12\n|\n|t:|1776627353\n|move|p2a: Philibert|Hurricane|p1b: Victreebel\n|-supereffective|p1b: Victreebel|1\n|-damage|p1b: Victreebel|31/100\n|-start|p1b: Victreebel|confusion\n|move|p2b: Jane Juliet|Flash Cannon|p1b: Victreebel\n|-damage|p1b: Victreebel|21/100\n|-activate|p1b: Victreebel|confusion\n|move|p1b: Victreebel|Acid Spray|p2a: Philibert\n|-damage|p2a: Philibert|0 fnt\n|faint|p2a: Philibert\n|\n|-weather|RainDance|[upkeep]\n|-heal|p2b: Jane Juliet|30/100|[from] item: Leftovers\n|-end|p2b: Jane Juliet|Wrap|[partiallytrapped]\n|upkeep\n|turn|13\n|\n|t:|1776627370\n|move|p2b: Jane Juliet|Flash Cannon|p1b: Victreebel\n|-damage|p1b: Victreebel|13/100\n|-activate|p1b: Victreebel|confusion\n|move|p1b: Victreebel|Strength Sap|p2b: Jane Juliet\n|-unboost|p2b: Jane Juliet|atk|1\n|-heal|p1b: Victreebel|43/100\n|\n|-weather|RainDance|[upkeep]\n|-heal|p2b: Jane Juliet|36/100|[from] item: Leftovers\n|upkeep\n|turn|14\n|\n|t:|1776627379\n|move|p2b: Jane Juliet|Flash Cannon|p1b: Victreebel\n|-damage|p1b: Victreebel|33/100\n|-activate|p1b: Victreebel|confusion\n|-damage|p1b: Victreebel|27/100|[from] confusion\n|\n|-weather|RainDance|[upkeep]\n|-heal|p2b: Jane Juliet|42/100|[from] item: Leftovers\n|upkeep\n|turn|15\n|c|\u2606MaitreCongo|Bro\n|\n|t:|1776627393\n|move|p2b: Jane Juliet|Flash Cannon|p1b: Victreebel\n|-damage|p1b: Victreebel|17/100\n|-end|p1b: Victreebel|confusion\n|move|p1b: Victreebel|Wrap|p2b: Jane Juliet\n|-resisted|p2b: Jane Juliet|1\n|-damage|p2b: Jane Juliet|42/100\n|-activate|p2b: Jane Juliet|move: Wrap|[of] p1b: Victreebel\n|-ability|p2b: Jane Juliet|Stamina|boost\n|-boost|p2b: Jane Juliet|def|1\n|\n|-weather|RainDance|[upkeep]\n|-heal|p2b: Jane Juliet|48/100|[from] item: Leftovers\n|-damage|p2b: Jane Juliet|36/100|[from] move: Wrap|[partiallytrapped]\n|upkeep\n|turn|16\n|\n|t:|1776627404\n|move|p2b: Jane Juliet|Flash Cannon|p1b: Victreebel\n|-damage|p1b: Victreebel|7/100\n|move|p1b: Victreebel|Strength Sap|p2b: Jane Juliet\n|-unboost|p2b: Jane Juliet|atk|1\n|-heal|p1b: Victreebel|30/100\n|\n|-weather|none\n|-heal|p2b: Jane Juliet|42/100|[from] item: Leftovers\n|-damage|p2b: Jane Juliet|29/100|[from] move: Wrap|[partiallytrapped]\n|upkeep\n|turn|17\n|\n|t:|1776627417\n|move|p2b: Jane Juliet|Flash Cannon|p1b: Victreebel\n|-damage|p1b: Victreebel|21/100\n|move|p1b: Victreebel|Strength Sap|p2b: Jane Juliet\n|-unboost|p2b: Jane Juliet|atk|1\n|-heal|p1b: Victreebel|41/100\n|\n|-heal|p2b: Jane Juliet|36/100|[from] item: Leftovers\n|-damage|p2b: Jane Juliet|23/100|[from] move: Wrap|[partiallytrapped]\n|upkeep\n|turn|18\n|\n|t:|1776627431\n|move|p1b: Victreebel|Protect|p1b: Victreebel\n|-singleturn|p1b: Victreebel|Protect\n|move|p2b: Jane Juliet|Flash Cannon|p1b: Victreebel\n|-activate|p1b: Victreebel|move: Protect\n|\n|-heal|p2b: Jane Juliet|29/100|[from] item: Leftovers\n|-damage|p2b: Jane Juliet|17/100|[from] move: Wrap|[partiallytrapped]\n|upkeep\n|turn|19\n|\n|t:|1776627442\n|move|p2b: Jane Juliet|Flash Cannon|p1b: Victreebel\n|-damage|p1b: Victreebel|30/100\n|move|p1b: Victreebel|Strength Sap|p2b: Jane Juliet\n|-unboost|p2b: Jane Juliet|atk|1\n|-heal|p1b: Victreebel|48/100\n|\n|-heal|p2b: Jane Juliet|23/100|[from] item: Leftovers\n|-end|p2b: Jane Juliet|Wrap|[partiallytrapped]\n|upkeep\n|turn|20\n|\n|t:|1776627454\n|move|p2b: Jane Juliet|Draco Meteor|p1b: Victreebel\n|-damage|p1b: Victreebel|33/100\n|-unboost|p2b: Jane Juliet|spa|1\n|move|p1b: Victreebel|Wrap|p2b: Jane Juliet\n|-resisted|p2b: Jane Juliet|1\n|-damage|p2b: Jane Juliet|23/100\n|-activate|p2b: Jane Juliet|move: Wrap|[of] p1b: Victreebel\n|-ability|p2b: Jane Juliet|Stamina|boost\n|-boost|p2b: Jane Juliet|def|1\n|\n|-heal|p2b: Jane Juliet|29/100|[from] item: Leftovers\n|-damage|p2b: Jane Juliet|17/100|[from] move: Wrap|[partiallytrapped]\n|upkeep\n|turn|21\n|\n|t:|1776627467\n|move|p1b: Victreebel|Protect|p1b: Victreebel\n|-singleturn|p1b: Victreebel|Protect\n|move|p2b: Jane Juliet|Draco Meteor|p1b: Victreebel\n|-activate|p1b: Victreebel|move: Protect\n|\n|-heal|p2b: Jane Juliet|23/100|[from] item: Leftovers\n|-damage|p2b: Jane Juliet|11/100|[from] move: Wrap|[partiallytrapped]\n|upkeep\n|turn|22\n|\n|t:|1776627477\n|move|p2b: Jane Juliet|Draco Meteor|p1b: Victreebel|[miss]\n|-miss|p2b: Jane Juliet|p1b: Victreebel\n|move|p1b: Victreebel|Wrap|p2b: Jane Juliet\n|-resisted|p2b: Jane Juliet|1\n|-damage|p2b: Jane Juliet|10/100\n|-ability|p2b: Jane Juliet|Stamina|boost\n|-boost|p2b: Jane Juliet|def|1\n|\n|-heal|p2b: Jane Juliet|16/100|[from] item: Leftovers\n|-damage|p2b: Jane Juliet|4/100|[from] move: Wrap|[partiallytrapped]\n|upkeep\n|turn|23\n|c|\u2606MaitreCongo|Haxe\n|\n|t:|1776627487\n|move|p1b: Victreebel|Protect|p1b: Victreebel\n|-singleturn|p1b: Victreebel|Protect\n|move|p2b: Jane Juliet|Draco Meteor|p1b: Victreebel\n|-activate|p1b: Victreebel|move: Protect\n|\n|-heal|p2b: Jane Juliet|10/100|[from] item: Leftovers\n|-damage|p2b: Jane Juliet|0 fnt|[from] move: Wrap|[partiallytrapped]\n|faint|p2b: Jane Juliet\n|\n|win|Googsward\n|raw|Googsward's rating: 1153 &rarr; <strong>1173</strong><br />(+20 for winning)\n|raw|MaitreCongo's rating: 1078 &rarr; <strong>1061</strong><br />(-17 for losing)\n|l|\u2606MaitreCongo\n|player|p2|\n",
  "uploadtime": 1776627520,
  "views": 18,
  "formatid": "gen9championsvgc2026regma",
  "rating": 1061,
  "private": 0,
  "password": null
}