{
  "id": "gen9championsvgc2026regma-2584444182",
  "format": "[Gen 9 Champions] VGC 2026 Reg M-A",
  "players": [
    "O0ArcaneO0",
    "Sharkhy_"
  ],
  "log": "|j|\u2606O0ArcaneO0\n|j|\u2606Sharkhy_\n|t:|1776261295\n|gametype|doubles\n|player|p1|O0ArcaneO0|1|1048\n|player|p2|Sharkhy_|2|1108\n|gen|9\n|tier|[Gen 9 Champions] VGC 2026 Reg M-A\n|rated|\n|rule|Species Clause: Limit one of each Pok\u00e9mon\n|rule|Item Clause: Limit 1 of each item\n|clearpoke\n|poke|p1|Corviknight, L50, F|\n|poke|p1|Garchomp, L50, F|\n|poke|p1|Tyranitar, L50, M|\n|poke|p1|Sneasler, L50, M|\n|poke|p1|Sinistcha, L50|\n|poke|p1|Rotom-Wash, L50|\n|poke|p2|Charizard, L50, F|\n|poke|p2|Maushold-Four, L50|\n|poke|p2|Sneasler, L50, M|\n|poke|p2|Dragapult, L50, F|\n|poke|p2|Kingambit, L50, M|\n|poke|p2|Garchomp, L50, M|\n|teampreview|4\n|inactive|Battle timer is ON: inactive players will automatically lose when time's up. (requested by Sharkhy_)\n|\n|t:|1776261335\n|teamsize|p1|4\n|teamsize|p2|4\n|start\n|switch|p1a: Sneasler|Sneasler, L50, M|100/100\n|switch|p1b: Garchomp|Garchomp, L50, F|100/100\n|switch|p2a: Sneasler|Sneasler, L50, M|100/100\n|switch|p2b: Garchomp|Garchomp, L50, M|100/100\n|turn|1\n|inactive|Sharkhy_ has 30 seconds left.\n|\n|t:|1776261361\n|switch|p2b: Maushold|Maushold-Four, L50|100/100\n|move|p1a: Sneasler|Protect|p1a: Sneasler\n|-singleturn|p1a: Sneasler|Protect\n|move|p2a: Sneasler|Fake Out|p1b: Garchomp\n|-damage|p1b: Garchomp|88/100\n|-damage|p2a: Sneasler|88/100|[from] ability: Rough Skin|[of] p1b: Garchomp\n|cant|p1b: Garchomp|flinch\n|\n|upkeep\n|turn|2\n|inactive|Sharkhy_ has 30 seconds left.\n|\n|t:|1776261388\n|switch|p1b: Tyranitar|Tyranitar, L50, M|100/100\n|-weather|Sandstorm|[from] ability: Sand Stream|[of] p1b: Tyranitar\n|switch|p2a: Garchomp|Garchomp, L50, M|100/100\n|move|p2b: Maushold|Follow Me|p2b: Maushold\n|-singleturn|p2b: Maushold|move: Follow Me\n|move|p1a: Sneasler|Close Combat|p2b: Maushold\n|-supereffective|p2b: Maushold|1\n|-enditem|p2b: Maushold|Chople Berry|[eat]\n|-enditem|p2b: Maushold|Chople Berry|[weaken]\n|-damage|p2b: Maushold|33/100\n|-unboost|p1a: Sneasler|def|1\n|-unboost|p1a: Sneasler|spd|1\n|-enditem|p1a: Sneasler|White Herb\n|-clearnegativeboost|p1a: Sneasler|[silent]\n|\n|-weather|Sandstorm|[upkeep]\n|-damage|p1a: Sneasler|95/100|[from] Sandstorm\n|-damage|p2b: Maushold|27/100|[from] Sandstorm\n|upkeep\n|turn|3\n|inactive|Sharkhy_ has 30 seconds left.\n|inactive|Sharkhy_ has 20 seconds left.\n|inactive|Sharkhy_ has 15 seconds left.\n|\n|t:|1776261430\n|detailschange|p1b: Tyranitar|Tyranitar-Mega, L50, M\n|-mega|p1b: Tyranitar|Tyranitar|Tyranitarite\n|move|p1a: Sneasler|Protect|p1a: Sneasler\n|-singleturn|p1a: Sneasler|Protect\n|move|p2b: Maushold|Protect|p2b: Maushold\n|-singleturn|p2b: Maushold|Protect\n|move|p2a: Garchomp|Stomping Tantrum|p1b: Tyranitar\n|-supereffective|p1b: Tyranitar|1\n|-damage|p1b: Tyranitar|46/100\n|move|p1b: Tyranitar|Dragon Dance|p1b: Tyranitar\n|-boost|p1b: Tyranitar|atk|1\n|-boost|p1b: Tyranitar|spe|1\n|\n|-weather|Sandstorm|[upkeep]\n|-damage|p1a: Sneasler|89/100|[from] Sandstorm\n|-damage|p2b: Maushold|21/100|[from] Sandstorm\n|upkeep\n|turn|4\n|\n|t:|1776261447\n|move|p2b: Maushold|Follow Me|p2b: Maushold\n|-singleturn|p2b: Maushold|move: Follow Me\n|move|p1a: Sneasler|Close Combat|p2b: Maushold\n|-supereffective|p2b: Maushold|1\n|-damage|p2b: Maushold|0 fnt\n|-unboost|p1a: Sneasler|def|1\n|-unboost|p1a: Sneasler|spd|1\n|faint|p2b: Maushold\n|move|p2a: Garchomp|Stomping Tantrum|p1b: Tyranitar\n|-supereffective|p1b: Tyranitar|1\n|-damage|p1b: Tyranitar|0 fnt\n|faint|p1b: Tyranitar\n|\n|-weather|Sandstorm|[upkeep]\n|-damage|p1a: Sneasler|83/100|[from] Sandstorm\n|upkeep\n|\n|t:|1776261463\n|switch|p2b: Sneasler|Sneasler, L50, M|88/100\n|switch|p1b: Garchomp|Garchomp, L50, F|88/100\n|turn|5\n|\n|t:|1776261474\n|move|p1a: Sneasler|Protect|p1a: Sneasler\n|-singleturn|p1a: Sneasler|Protect\n|move|p2b: Sneasler|Fake Out|p1b: Garchomp\n|-damage|p1b: Garchomp|75/100\n|-damage|p2b: Sneasler|76/100|[from] ability: Rough Skin|[of] p1b: Garchomp\n|move|p2a: Garchomp|Stomping Tantrum|p1a: Sneasler\n|-activate|p1a: Sneasler|move: Protect\n|cant|p1b: Garchomp|flinch\n|\n|-weather|Sandstorm|[upkeep]\n|-damage|p1a: Sneasler|77/100|[from] Sandstorm\n|-damage|p2b: Sneasler|71/100|[from] Sandstorm\n|upkeep\n|turn|6\n|\n|t:|1776261493\n|switch|p2b: Charizard|Charizard, L50, F|100/100\n|move|p1a: Sneasler|Dire Claw|p2b: Charizard\n|-damage|p2b: Charizard|57/100\n|-status|p2b: Charizard|psn\n|move|p2a: Garchomp|Stomping Tantrum|p1a: Sneasler\n|-supereffective|p1a: Sneasler|1\n|-damage|p1a: Sneasler|0 fnt\n|faint|p1a: Sneasler\n|move|p1b: Garchomp|Dragon Claw|p2a: Garchomp\n|-supereffective|p2a: Garchomp|1\n|-damage|p2a: Garchomp|20/100\n|-damage|p1b: Garchomp|63/100|[from] ability: Rough Skin|[of] p2a: Garchomp\n|\n|-weather|none\n|-damage|p2b: Charizard|45/100 psn|[from] psn\n|upkeep\n|\n|t:|1776261499\n|switch|p1a: Sinistcha|Sinistcha, L50|100/100\n|-heal|p1b: Garchomp|88/100|[from] ability: Hospitality|[of] p1a: Sinistcha\n|turn|7\n|inactive|Sharkhy_ has 30 seconds left.\n|\n|t:|1776261524\n|switch|p2a: Sneasler|Sneasler, L50, M|71/100\n|detailschange|p2b: Charizard|Charizard-Mega-Y, L50, F\n|-mega|p2b: Charizard|Charizard|Charizardite Y\n|-weather|SunnyDay|[from] ability: Drought|[of] p2b: Charizard\n|move|p1a: Sinistcha|Protect|p1a: Sinistcha\n|-singleturn|p1a: Sinistcha|Protect\n|move|p1b: Garchomp|Dragon Claw|p2b: Charizard\n|-damage|p2b: Charizard|0 fnt\n|faint|p2b: Charizard\n|\n|-weather|SunnyDay|[upkeep]\n|upkeep\n|\n|t:|1776261535\n|switch|p2b: Garchomp|Garchomp, L50, M|20/100\n|turn|8\n|\n|t:|1776261551\n|move|p2a: Sneasler|Fake Out|p1b: Garchomp\n|-damage|p1b: Garchomp|75/100\n|-damage|p2a: Sneasler|58/100|[from] ability: Rough Skin|[of] p1b: Garchomp\n|move|p2b: Garchomp|Dragon Claw|p1b: Garchomp\n|-supereffective|p1b: Garchomp|1\n|-damage|p1b: Garchomp|0 fnt\n|-damage|p2b: Garchomp|8/100|[from] ability: Rough Skin|[of] p1b: Garchomp\n|faint|p1b: Garchomp\n|move|p1a: Sinistcha|Matcha Gotcha|p2b: Garchomp|[spread] p2a,p2b\n|-resisted|p2a: Sneasler|1\n|-damage|p2a: Sneasler|42/100\n|-damage|p2b: Garchomp|0 fnt\n|faint|p2b: Garchomp\n|\n|-weather|SunnyDay|[upkeep]\n|upkeep\n|turn|9\n|\n|t:|1776261567\n|move|p2a: Sneasler|Dire Claw|p1a: Sinistcha\n|-damage|p1a: Sinistcha|65/100\n|-status|p1a: Sinistcha|psn\n|move|p1a: Sinistcha|Matcha Gotcha|p2a: Sneasler\n|-resisted|p2a: Sneasler|1\n|-damage|p2a: Sneasler|19/100\n|-heal|p1a: Sinistcha|75/100 psn|[from] drain|[of] p2a: Sneasler\n|\n|-weather|SunnyDay|[upkeep]\n|-damage|p1a: Sinistcha|62/100 psn|[from] psn\n|upkeep\n|turn|10\n|\n|t:|1776261581\n|move|p2a: Sneasler|Dire Claw|p1a: Sinistcha\n|-damage|p1a: Sinistcha|27/100 psn\n|-enditem|p1a: Sinistcha|Sitrus Berry|[eat]\n|-heal|p1a: Sinistcha|52/100 psn|[from] item: Sitrus Berry\n|move|p1a: Sinistcha|Matcha Gotcha|p2a: Sneasler\n|-resisted|p2a: Sneasler|1\n|-damage|p2a: Sneasler|0 fnt\n|-heal|p1a: Sinistcha|60/100 psn|[from] drain|[of] p2a: Sneasler\n|faint|p2a: Sneasler\n|\n|win|O0ArcaneO0\n|raw|O0ArcaneO0's rating: 1048 &rarr; <strong>1086</strong><br />(+38 for winning)\n|raw|Sharkhy_'s rating: 1108 &rarr; <strong>1079</strong><br />(-29 for losing)\n|l|\u2606O0ArcaneO0\n|player|p1|\n",
  "uploadtime": 1776261592,
  "views": 41,
  "formatid": "gen9championsvgc2026regma",
  "rating": 1079,
  "private": 0,
  "password": null
}