{
  "id": "gen9championsvgc2026regma-2587794757",
  "format": "[Gen 9 Champions] VGC 2026 Reg M-A",
  "players": [
    "zhz2021",
    "flurrage"
  ],
  "log": "|j|\u2606zhz2021\n|j|\u2606flurrage\n|t:|1776564728\n|gametype|doubles\n|player|p1|zhz2021|marley|1490\n|player|p2|flurrage|caitlin|1500\n|gen|9\n|tier|[Gen 9 Champions] VGC 2026 Reg M-A\n|rated|\n|rule|Species Clause: Limit one of each Pok\u00e9mon\n|rule|Item Clause: Limit 1 of each item\n|clearpoke\n|poke|p1|Sableye, L50, M|\n|poke|p1|Archaludon, L50, F|\n|poke|p1|Scovillain, L50, M, shiny|\n|poke|p1|Basculegion-F, L50, F, shiny|\n|poke|p1|Pelipper, L50, M|\n|poke|p1|Mamoswine, L50, F|\n|poke|p2|Tyranitar, L50, F|\n|poke|p2|Rotom-Wash, L50|\n|poke|p2|Venusaur, L50, F|\n|poke|p2|Garchomp, L50, M|\n|poke|p2|Corviknight, L50, F|\n|poke|p2|Farigiraf, L50, F|\n|teampreview|4\n|inactive|Battle timer is ON: inactive players will automatically lose when time's up. (requested by zhz2021)\n|\n|t:|1776564786\n|teamsize|p1|4\n|teamsize|p2|4\n|start\n|switch|p1a: Pelipper|Pelipper, L50, M|100/100\n|switch|p1b: Scovillain|Scovillain, L50, M, shiny|100/100\n|switch|p2a: Rotom|Rotom-Wash, L50|100/100\n|switch|p2b: Garchomp|Garchomp, L50, M|100/100\n|-weather|RainDance|[from] ability: Drizzle|[of] p1a: Pelipper\n|turn|1\n|inactive|flurrage has 30 seconds left.\n|\n|t:|1776564819\n|switch|p1a: Archaludon|Archaludon, L50, F|100/100\n|detailschange|p1b: Scovillain|Scovillain-Mega, L50, M, shiny\n|-mega|p1b: Scovillain|Scovillain|Scovillainite\n|move|p2b: Garchomp|Protect|p2b: Garchomp\n|-singleturn|p2b: Garchomp|Protect\n|move|p2a: Rotom|Discharge|p1a: Archaludon|[spread] p1a,p1b\n|-activate|p2b: Garchomp|move: Protect\n|-resisted|p1a: Archaludon|1\n|-resisted|p1b: Scovillain|1\n|-damage|p1a: Archaludon|86/100\n|-damage|p1b: Scovillain|86/100\n|-ability|p1a: Archaludon|Stamina|boost\n|-boost|p1a: Archaludon|def|1\n|-status|p2a: Rotom|brn|[from] ability: Spicy Spray|[of] p1b: Scovillain\n|move|p1b: Scovillain|Giga Drain|p2a: Rotom\n|-supereffective|p2a: Rotom|1\n|-damage|p2a: Rotom|24/100 brn\n|-heal|p1b: Scovillain|100/100|[from] drain|[of] p2a: Rotom\n|\n|-weather|RainDance|[upkeep]\n|-heal|p1a: Archaludon|93/100|[from] item: Leftovers\n|-damage|p2a: Rotom|18/100 brn|[from] brn\n|upkeep\n|turn|2\n|inactive|flurrage has 30 seconds left.\n|\n|t:|1776564844\n|switch|p2b: Tyranitar|Tyranitar, L50, F|100/100\n|-weather|Sandstorm|[from] ability: Sand Stream|[of] p2b: Tyranitar\n|switch|p2a: Venusaur|Venusaur, L50, F|100/100\n|move|p1a: Archaludon|Electro Shot||[still]\n|-prepare|p1a: Archaludon|Electro Shot\n|-boost|p1a: Archaludon|spa|1\n|move|p1b: Scovillain|Giga Drain|p2b: Tyranitar\n|-supereffective|p2b: Tyranitar|1\n|-damage|p2b: Tyranitar|54/100\n|\n|-weather|Sandstorm|[upkeep]\n|-damage|p2a: Venusaur|95/100|[from] Sandstorm\n|-damage|p1b: Scovillain|95/100|[from] Sandstorm\n|-heal|p1a: Archaludon|99/100|[from] item: Leftovers\n|upkeep\n|turn|3\n|\n|t:|1776564869\n|detailschange|p2a: Venusaur|Venusaur-Mega, L50, F\n|-mega|p2a: Venusaur|Venusaur|Venusaurite\n|move|p1a: Archaludon|Electro Shot|p2a: Venusaur|[from] lockedmove\n|-resisted|p2a: Venusaur|1\n|-damage|p2a: Venusaur|73/100\n|move|p2a: Venusaur|Sludge Bomb|p1b: Scovillain\n|-supereffective|p1b: Scovillain|1\n|-damage|p1b: Scovillain|10/100\n|-status|p2a: Venusaur|brn|[from] ability: Spicy Spray|[of] p1b: Scovillain\n|move|p1b: Scovillain|Giga Drain|p2b: Tyranitar\n|-supereffective|p2b: Tyranitar|1\n|-damage|p2b: Tyranitar|11/100\n|-heal|p1b: Scovillain|36/100|[from] drain|[of] p2b: Tyranitar\n|move|p2b: Tyranitar|Knock Off|p1a: Archaludon\n|-damage|p1a: Archaludon|72/100\n|-ability|p1a: Archaludon|Stamina|boost\n|-boost|p1a: Archaludon|def|1\n|-enditem|p1a: Archaludon|Leftovers|[from] move: Knock Off|[of] p2b: Tyranitar\n|\n|-weather|Sandstorm|[upkeep]\n|-damage|p2a: Venusaur|67/100 brn|[from] Sandstorm\n|-damage|p1b: Scovillain|30/100|[from] Sandstorm\n|-damage|p2a: Venusaur|61/100 brn|[from] brn\n|upkeep\n|turn|4\n|inactive|zhz2021 has 30 seconds left.\n|inactive|flurrage has 30 seconds left.\n|\n|t:|1776564896\n|switch|p1b: Mamoswine|Mamoswine, L50, F|100/100\n|move|p2b: Tyranitar|Protect|p2b: Tyranitar\n|-singleturn|p2b: Tyranitar|Protect\n|move|p1a: Archaludon|Flash Cannon|p2b: Tyranitar\n|-activate|p2b: Tyranitar|move: Protect\n|move|p2a: Venusaur|Sludge Bomb|p1b: Mamoswine\n|-resisted|p1b: Mamoswine|1\n|-damage|p1b: Mamoswine|75/100\n|-status|p1b: Mamoswine|psn\n|\n|-weather|Sandstorm|[upkeep]\n|-damage|p2a: Venusaur|55/100 brn|[from] Sandstorm\n|-damage|p1b: Mamoswine|62/100 psn|[from] psn\n|-damage|p2a: Venusaur|49/100 brn|[from] brn\n|upkeep\n|turn|5\n|\n|t:|1776564913\n|switch|p2b: Rotom|Rotom-Wash, L50|18/100 brn\n|move|p2a: Venusaur|Protect|p2a: Venusaur\n|-singleturn|p2a: Venusaur|Protect\n|move|p1b: Mamoswine|Icicle Crash|p2a: Venusaur\n|-activate|p2a: Venusaur|move: Protect\n|move|p1a: Archaludon|Flash Cannon|p2b: Rotom\n|-resisted|p2b: Rotom|2\n|-damage|p2b: Rotom|6/100 brn\n|\n|-weather|Sandstorm|[upkeep]\n|-damage|p2b: Rotom|0 fnt|[from] Sandstorm\n|-damage|p2a: Venusaur|43/100 brn|[from] Sandstorm\n|faint|p2b: Rotom\n|-damage|p1b: Mamoswine|50/100 psn|[from] psn\n|-damage|p2a: Venusaur|37/100 brn|[from] brn\n|upkeep\n|\n|t:|1776564924\n|switch|p2b: Garchomp|Garchomp, L50, M|100/100\n|turn|6\n|\n|t:|1776564943\n|move|p1b: Mamoswine|Icicle Crash|p2b: Garchomp\n|-supereffective|p2b: Garchomp|2\n|-damage|p2b: Garchomp|0 fnt\n|faint|p2b: Garchomp\n|move|p1a: Archaludon|Flash Cannon|p2a: Venusaur\n|-damage|p2a: Venusaur|0 fnt\n|faint|p2a: Venusaur\n|\n|-weather|none\n|-damage|p1b: Mamoswine|37/100 psn|[from] psn\n|upkeep\n|-message|flurrage forfeited.\n|\n|win|zhz2021\n|raw|zhz2021's rating: 1505 &rarr; <strong>1525</strong><br />(+20 for winning)\n|raw|flurrage's rating: 1500 &rarr; <strong>1480</strong><br />(-20 for losing)\n|l|\u2606flurrage\n|player|p2|\n",
  "uploadtime": 1776565029,
  "views": 19,
  "formatid": "gen9championsvgc2026regma",
  "rating": 1480,
  "private": 0,
  "password": null
}