{
  "id": "gen9championsvgc2026regma-2587785862",
  "format": "[Gen 9 Champions] VGC 2026 Reg M-A",
  "players": [
    "AidzPlayz",
    "chky nuggies"
  ],
  "log": "|j|\u2606AidzPlayz\n|j|\u2606chky nuggies\n|t:|1776563832\n|gametype|doubles\n|player|p1|AidzPlayz|ghetsis-gen5bw|1318\n|player|p2|chky nuggies|hugh|1255\n|gen|9\n|tier|[Gen 9 Champions] VGC 2026 Reg M-A\n|rated|\n|rule|Species Clause: Limit one of each Pok\u00e9mon\n|rule|Item Clause: Limit 1 of each item\n|clearpoke\n|poke|p1|Aerodactyl, L50, M|\n|poke|p1|Incineroar, L50, F|\n|poke|p1|Floette-Eternal, L50, F|\n|poke|p1|Basculegion, L50, M|\n|poke|p1|Garchomp, L50, M|\n|poke|p1|Sneasler, L50, F|\n|poke|p2|Farigiraf, L50, F|\n|poke|p2|Kangaskhan, L50, F|\n|poke|p2|Torkoal, L50, M|\n|poke|p2|Venusaur, L50, F|\n|poke|p2|Conkeldurr, L50, F|\n|poke|p2|Sneasler, L50, M|\n|teampreview|4\n|inactive|Battle timer is ON: inactive players will automatically lose when time's up. (requested by chky nuggies)\n|inactive|chky nuggies has 60 seconds left.\n|\n|t:|1776563863\n|teamsize|p1|4\n|teamsize|p2|4\n|start\n|switch|p1a: Incineroar|Incineroar, L50, F|100/100\n|switch|p1b: Floette|Floette-Eternal, L50, F|100/100\n|switch|p2a: Venusaur|Venusaur, L50, F|100/100\n|switch|p2b: Torkoal|Torkoal, L50, M|100/100\n|-ability|p1a: Incineroar|Intimidate|boost\n|-unboost|p2a: Venusaur|atk|1\n|-unboost|p2b: Torkoal|atk|1\n|-weather|SunnyDay|[from] ability: Drought|[of] p2b: Torkoal\n|turn|1\n|\n|t:|1776563890\n|detailschange|p1b: Floette|Floette-Mega, L50, F\n|-mega|p1b: Floette|Floette|Floettite\n|-ability|p1b: Floette|Fairy Aura\n|move|p2a: Venusaur|Protect|p2a: Venusaur\n|-singleturn|p2a: Venusaur|Protect\n|move|p1b: Floette|Dazzling Gleam|p2a: Venusaur|[spread] p2b\n|-activate|p2a: Venusaur|move: Protect\n|-resisted|p2b: Torkoal|1\n|-damage|p2b: Torkoal|69/100\n|move|p1a: Incineroar|Flare Blitz|p2a: Venusaur\n|-activate|p2a: Venusaur|move: Protect\n|move|p2b: Torkoal|Weather Ball|p1b: Floette\n|-damage|p1b: Floette|33/100\n|\n|-weather|SunnyDay|[upkeep]\n|upkeep\n|turn|2\n|\n|t:|1776563912\n|move|p2a: Venusaur|Sleep Powder|p1a: Incineroar\n|-status|p1a: Incineroar|slp|[from] move: Sleep Powder\n|move|p1b: Floette|Dazzling Gleam|p2a: Venusaur|[spread] p2a,p2b\n|-resisted|p2a: Venusaur|1\n|-resisted|p2b: Torkoal|1\n|-damage|p2a: Venusaur|72/100\n|-damage|p2b: Torkoal|36/100\n|cant|p1a: Incineroar|slp\n|move|p2b: Torkoal|Weather Ball|p1b: Floette\n|-damage|p1b: Floette|0 fnt\n|faint|p1b: Floette\n|\n|-weather|SunnyDay|[upkeep]\n|upkeep\n|\n|t:|1776563931\n|switch|p1b: Basculegion|Basculegion, L50, M|100/100\n|turn|3\n|\n|t:|1776563942\n|switch|p2b: Farigiraf|Farigiraf, L50, F|100/100\n|move|p2a: Venusaur|Energy Ball|p1b: Basculegion\n|-supereffective|p1b: Basculegion|1\n|-damage|p1b: Basculegion|4/100\n|move|p1b: Basculegion|Last Respects|p2b: Farigiraf\n|-immune|p2b: Farigiraf\n|cant|p1a: Incineroar|slp\n|\n|-weather|SunnyDay|[upkeep]\n|upkeep\n|turn|4\n|\n|t:|1776563963\n|move|p2a: Venusaur|Energy Ball|p1b: Basculegion\n|-supereffective|p1b: Basculegion|1\n|-damage|p1b: Basculegion|0 fnt\n|faint|p1b: Basculegion\n|-curestatus|p1a: Incineroar|slp|[msg]\n|move|p1a: Incineroar|Flare Blitz|p2b: Farigiraf\n|-damage|p2b: Farigiraf|45/100\n|-damage|p1a: Incineroar|80/100|[from] Recoil\n|move|p2b: Farigiraf|Hyper Voice|p1a: Incineroar\n|-damage|p1a: Incineroar|58/100\n|\n|-weather|SunnyDay|[upkeep]\n|upkeep\n|\n|t:|1776563975\n|switch|p1b: Garchomp|Garchomp, L50, M|100/100\n|turn|5\n|inactive|chky nuggies has 30 seconds left.\n|\n|t:|1776564003\n|move|p1a: Incineroar|Helping Hand|p1b: Garchomp\n|-singleturn|p1b: Garchomp|Helping Hand|[of] p1a: Incineroar\n|move|p2a: Venusaur|Protect|p2a: Venusaur\n|-singleturn|p2a: Venusaur|Protect\n|move|p1b: Garchomp|Earthquake|p2b: Farigiraf|[spread] p1a,p2b\n|-activate|p2a: Venusaur|move: Protect\n|-supereffective|p1a: Incineroar|1\n|-crit|p1a: Incineroar\n|-damage|p1a: Incineroar|0 fnt\n|-damage|p2b: Farigiraf|0 fnt\n|faint|p1a: Incineroar\n|faint|p2b: Farigiraf\n|\n|-weather|none\n|upkeep\n|\n|t:|1776564014\n|switch|p2b: Kangaskhan|Kangaskhan, L50, F|100/100\n|turn|6\n|\n|t:|1776564020\n|switch|p2a: Torkoal|Torkoal, L50, M|36/100\n|-weather|SunnyDay|[from] ability: Drought|[of] p2a: Torkoal\n|detailschange|p2b: Kangaskhan|Kangaskhan-Mega, L50, F\n|-mega|p2b: Kangaskhan|Kangaskhan|Kangaskhanite\n|move|p2b: Kangaskhan|Fake Out|p1b: Garchomp\n|-damage|p1b: Garchomp|78/100\n|-damage|p2b: Kangaskhan|88/100|[from] ability: Rough Skin|[of] p1b: Garchomp\n|-damage|p1b: Garchomp|72/100\n|-damage|p2b: Kangaskhan|76/100|[from] ability: Rough Skin|[of] p1b: Garchomp\n|-hitcount|p1b: Garchomp|2\n|cant|p1b: Garchomp|flinch\n|\n|-weather|SunnyDay|[upkeep]\n|upkeep\n|turn|7\n|\n|t:|1776564037\n|move|p2a: Torkoal|Protect|p2a: Torkoal\n|-singleturn|p2a: Torkoal|Protect\n|move|p1b: Garchomp|Earthquake|p2a: Torkoal|[spread] p2b\n|-activate|p2a: Torkoal|move: Protect\n|-damage|p2b: Kangaskhan|31/100\n|move|p2b: Kangaskhan|Double-Edge|p1b: Garchomp\n|-damage|p1b: Garchomp|4/100\n|-damage|p2b: Kangaskhan|19/100|[from] ability: Rough Skin|[of] p1b: Garchomp\n|-damage|p1b: Garchomp|0 fnt\n|-damage|p2b: Kangaskhan|7/100|[from] ability: Rough Skin|[of] p1b: Garchomp\n|faint|p1b: Garchomp\n|-hitcount|p1: Garchomp|2\n|-damage|p2b: Kangaskhan|0 fnt|[from] Recoil\n|faint|p2b: Kangaskhan\n|\n|win|chky nuggies\n|raw|AidzPlayz's rating: 1318 &rarr; <strong>1294</strong><br />(-24 for losing)\n|raw|chky nuggies's rating: 1255 &rarr; <strong>1284</strong><br />(+29 for winning)\n",
  "uploadtime": 1776564037,
  "views": 14,
  "formatid": "gen9championsvgc2026regma",
  "rating": 1284,
  "private": 0,
  "password": null
}