{
  "id": "gen9championsvgc2026regma-2581304450",
  "format": "[Gen 9 Champions] VGC 2026 Reg M-A",
  "players": [
    "JadenJubel",
    "uta4424"
  ],
  "log": "|j|\u2606JadenJubel\n|j|\u2606uta4424\n|t:|1775984010\n|gametype|doubles\n|player|p1|JadenJubel|emmet|1047\n|player|p2|uta4424|hilda|1031\n|gen|9\n|tier|[Gen 9 Champions] VGC 2026 Reg M-A\n|rated|\n|rule|Species Clause: Limit one of each Pok\u00e9mon\n|rule|Item Clause: Limit 1 of each item\n|clearpoke\n|poke|p1|Tyranitar, L50, F|\n|poke|p1|Garchomp, L50, F|\n|poke|p1|Armarouge, L50, F|\n|poke|p1|Sinistcha, L50|\n|poke|p1|Rotom-Wash, L50|\n|poke|p1|Incineroar, L50, M|\n|poke|p2|Aggron, L50, M|\n|poke|p2|Garchomp, L50, M|\n|poke|p2|Skarmory, L50, F|\n|poke|p2|Jolteon, L50, F|\n|poke|p2|Altaria, L50, F|\n|poke|p2|Beartic, L50, M|\n|teampreview|4\n|\n|t:|1775984038\n|teamsize|p1|4\n|teamsize|p2|4\n|start\n|switch|p1a: Tyranitar|Tyranitar, L50, F|100/100\n|switch|p1b: Rotom|Rotom-Wash, L50|100/100\n|switch|p2a: Altaria|Altaria, L50, F|100/100\n|switch|p2b: Beartic|Beartic, L50, M|100/100\n|-ability|p2a: Altaria|Cloud Nine\n|-weather|Sandstorm|[from] ability: Sand Stream|[of] p1a: Tyranitar\n|turn|1\n|\n|t:|1775984068\n|move|p1b: Rotom|Thunderbolt|p2a: Altaria\n|-damage|p2a: Altaria|49/100\n|move|p2a: Altaria|Dragon Dance|p2a: Altaria\n|-boost|p2a: Altaria|atk|1\n|-boost|p2a: Altaria|spe|1\n|move|p2b: Beartic|Low Kick|p1a: Tyranitar\n|-supereffective|p1a: Tyranitar|2\n|-damage|p1a: Tyranitar|0 fnt\n|faint|p1a: Tyranitar\n|\n|-weather|Sandstorm|[upkeep]\n|upkeep\n|\n|t:|1775984079\n|switch|p1a: Garchomp|Garchomp, L50, F|100/100\n|turn|2\n|\n|t:|1775984089\n|move|p2a: Altaria|Protect|p2a: Altaria\n|-singleturn|p2a: Altaria|Protect\n|move|p1a: Garchomp|Earthquake|p2a: Altaria|[spread] p2b\n|-activate|p2a: Altaria|move: Protect\n|-immune|p1b: Rotom|[from] ability: Levitate\n|-damage|p2b: Beartic|48/100\n|move|p1b: Rotom|Thunderbolt|p2b: Beartic\n|-damage|p2b: Beartic|0 fnt\n|faint|p2b: Beartic\n|\n|-weather|Sandstorm|[upkeep]\n|upkeep\n|\n|t:|1775984110\n|switch|p2b: Garchomp|Garchomp, L50, M|100/100\n|turn|3\n|\n|t:|1775984129\n|detailschange|p2b: Garchomp|Garchomp-Mega, L50, M\n|-mega|p2b: Garchomp|Garchomp|Garchompite\n|move|p2a: Altaria|Dragon Claw|p1a: Garchomp\n|-supereffective|p1a: Garchomp|1\n|-damage|p1a: Garchomp|28/100\n|move|p1a: Garchomp|Dragon Claw|p2a: Altaria\n|-supereffective|p2a: Altaria|1\n|-damage|p2a: Altaria|0 fnt\n|faint|p2a: Altaria\n|move|p1b: Rotom|Hydro Pump|p2b: Garchomp\n|-damage|p2b: Garchomp|45/100\n|move|p2b: Garchomp|Substitute|p2b: Garchomp\n|-start|p2b: Garchomp|Substitute\n|-damage|p2b: Garchomp|20/100\n|\n|-weather|Sandstorm|[upkeep]\n|-damage|p1b: Rotom|95/100|[from] Sandstorm\n|-heal|p1b: Rotom|100/100|[from] item: Leftovers\n|upkeep\n|\n|t:|1775984148\n|switch|p2a: Aggron|Aggron, L50, M|100/100\n|turn|4\n|\n|t:|1775984170\n|move|p2b: Garchomp|Protect|p2b: Garchomp\n|-singleturn|p2b: Garchomp|Protect\n|move|p1a: Garchomp|Earthquake|p2b: Garchomp|[spread] p2a\n|-activate|p2b: Garchomp|move: Protect\n|-immune|p1b: Rotom|[from] ability: Levitate\n|-supereffective|p2a: Aggron|2\n|-damage|p2a: Aggron|3/100\n|move|p1b: Rotom|Thunderbolt|p2a: Aggron\n|-damage|p2a: Aggron|0 fnt\n|faint|p2a: Aggron\n|\n|-weather|Sandstorm|[upkeep]\n|-damage|p1b: Rotom|95/100|[from] Sandstorm\n|-heal|p1b: Rotom|100/100|[from] item: Leftovers\n|upkeep\n|turn|5\n|-message|uta4424 forfeited.\n|\n|win|JadenJubel\n|raw|JadenJubel's rating: 1047 &rarr; <strong>1078</strong><br />(+31 for winning)\n|raw|uta4424's rating: 1031 &rarr; <strong>1017</strong><br />(-14 for losing)\n|l|\u2606uta4424\n|player|p2|\n",
  "uploadtime": 1775984191,
  "views": 15,
  "formatid": "gen9championsvgc2026regma",
  "rating": 1017,
  "private": 0,
  "password": null
}