{
  "id": "gen9championsvgc2026regma-2588335652",
  "format": "[Gen 9 Champions] VGC 2026 Reg M-A",
  "players": [
    "yyssummer",
    "benny bagatelli"
  ],
  "log": "|j|\u2606yyssummer\n|j|\u2606benny bagatelli\n|t:|1776625088\n|gametype|doubles\n|player|p1|yyssummer|101|1463\n|player|p2|benny bagatelli|skier|1413\n|gen|9\n|tier|[Gen 9 Champions] VGC 2026 Reg M-A\n|rated|\n|rule|Species Clause: Limit one of each Pok\u00e9mon\n|rule|Item Clause: Limit 1 of each item\n|clearpoke\n|poke|p1|Aerodactyl, L50, F, shiny|\n|poke|p1|Farigiraf, L50, F, shiny|\n|poke|p1|Sneasler, L50, M|\n|poke|p1|Meowscarada, L50, M|\n|poke|p1|Primarina, L50, M, shiny|\n|poke|p1|Camerupt, L50, F, shiny|\n|poke|p2|Floette-Eternal, L50, F|\n|poke|p2|Whimsicott, L50, F|\n|poke|p2|Sneasler, L50, F|\n|poke|p2|Incineroar, L50, F|\n|poke|p2|Basculegion, L50, M|\n|poke|p2|Kingambit, L50, M|\n|teampreview|4\n|inactive|Battle timer is ON: inactive players will automatically lose when time's up. (requested by benny bagatelli)\nbenny bagatelli rejected open team sheets.\n|inactive|benny bagatelli has 60 seconds left.\n|\n|t:|1776625148\n|teamsize|p1|4\n|teamsize|p2|4\n|start\n|switch|p1a: Sneasler|Sneasler, L50, M|100/100\n|switch|p1b: Meowscarada|Meowscarada, L50, M|100/100\n|switch|p2a: Incineroar|Incineroar, L50, F|100/100\n|switch|p2b: Kingambit|Kingambit, L50, M|100/100\n|-ability|p2a: Incineroar|Intimidate|boost\n|-unboost|p1a: Sneasler|atk|1\n|-unboost|p1b: Meowscarada|atk|1\n|-enditem|p1a: Sneasler|White Herb\n|-clearnegativeboost|p1a: Sneasler|[silent]\n|turn|1\n|\n|t:|1776625173\n|switch|p1b: Farigiraf|Farigiraf, L50, F, shiny|100/100\n|move|p2a: Incineroar|Fake Out||[still]\n|cant|p1b: Farigiraf|ability: Armor Tail|Fake Out|[of] p2a: Incineroar\n|move|p1a: Sneasler|Close Combat|p2a: Incineroar\n|-supereffective|p2a: Incineroar|1\n|-damage|p2a: Incineroar|6/100\n|-unboost|p1a: Sneasler|def|1\n|-unboost|p1a: Sneasler|spd|1\n|-enditem|p2a: Incineroar|Sitrus Berry|[eat]\n|-heal|p2a: Incineroar|31/100|[from] item: Sitrus Berry\n|move|p2b: Kingambit|Swords Dance|p2b: Kingambit\n|-boost|p2b: Kingambit|atk|2\n|\n|upkeep\n|turn|2\n|inactive|yyssummer has 30 seconds left.\n|\n|t:|1776625204\n|move|p2b: Kingambit|Protect|p2b: Kingambit\n|-singleturn|p2b: Kingambit|Protect\n|move|p1b: Farigiraf|Protect|p1b: Farigiraf\n|-singleturn|p1b: Farigiraf|Protect\n|move|p1a: Sneasler|Close Combat|p2b: Kingambit\n|-activate|p2b: Kingambit|move: Protect\n|move|p2a: Incineroar|Flare Blitz|p1a: Sneasler\n|-damage|p1a: Sneasler|0 fnt\n|faint|p1a: Sneasler\n|-damage|p2a: Incineroar|5/100|[from] Recoil\n|\n|upkeep\n|\n|t:|1776625229\n|switch|p1a: Camerupt|Camerupt, L50, F, shiny|100/100\n|turn|3\n|inactive|benny bagatelli has 30 seconds left.\n|\n|t:|1776625256\n|detailschange|p1a: Camerupt|Camerupt-Mega, L50, F, shiny\n|-mega|p1a: Camerupt|Camerupt|Cameruptite\n|move|p2b: Kingambit|Kowtow Cleave|p1b: Farigiraf\n|-supereffective|p1b: Farigiraf|1\n|-damage|p1b: Farigiraf|0 fnt\n|faint|p1b: Farigiraf\n|move|p2a: Incineroar|Throat Chop|p1a: Camerupt\n|-damage|p1a: Camerupt|69/100\n|-start|p1a: Camerupt|Throat Chop|[silent]\n|move|p1a: Camerupt|Heat Wave|p2b: Kingambit|[spread] p2a,p2b\n|-resisted|p2a: Incineroar|1\n|-supereffective|p2b: Kingambit|1\n|-damage|p2a: Incineroar|0 fnt\n|-damage|p2b: Kingambit|0 fnt\n|faint|p2a: Incineroar\n|faint|p2b: Kingambit\n|\n|upkeep\n|\n|t:|1776625271\n|switch|p2b: Floette|Floette-Eternal, L50, F|100/100\n|switch|p2a: Basculegion|Basculegion, L50, M|100/100\n|switch|p1b: Meowscarada|Meowscarada, L50, M|100/100\n|turn|4\n|inactive|benny bagatelli has 30 seconds left.\n|\n|t:|1776625303\n|detailschange|p2b: Floette|Floette-Mega, L50, F\n|-mega|p2b: Floette|Floette|Floettite\n|-ability|p2b: Floette|Fairy Aura\n|move|p1a: Camerupt|Protect|p1a: Camerupt\n|-singleturn|p1a: Camerupt|Protect\n|move|p2a: Basculegion|Aqua Jet|p1b: Meowscarada\n|-resisted|p1b: Meowscarada|1\n|-damage|p1b: Meowscarada|82/100\n|move|p1b: Meowscarada|Flower Trick|p2a: Basculegion\n|-start|p1b: Meowscarada|typechange|Grass|[from] ability: Protean\n|-supereffective|p2a: Basculegion|1\n|-crit|p2a: Basculegion\n|-damage|p2a: Basculegion|0 fnt\n|faint|p2a: Basculegion\n|move|p2b: Floette|Moonblast|p1b: Meowscarada\n|-damage|p1b: Meowscarada|0 fnt\n|faint|p1b: Meowscarada\n|\n|-end|p1a: Camerupt|Throat Chop|[silent]\n|upkeep\n|turn|5\n|inactive|yyssummer has 30 seconds left.\n|\n|t:|1776625328\n|move|p2b: Floette|Calm Mind|p2b: Floette\n|-boost|p2b: Floette|spa|1\n|-boost|p2b: Floette|spd|1\n|move|p1a: Camerupt|Earth Power|p2b: Floette\n|-damage|p2b: Floette|62/100\n|\n|upkeep\n|turn|6\n|\n|t:|1776625337\n|move|p2b: Floette|Moonblast|p1a: Camerupt\n|-resisted|p1a: Camerupt|1\n|-crit|p1a: Camerupt\n|-damage|p1a: Camerupt|0 fnt\n|faint|p1a: Camerupt\n|\n|win|benny bagatelli\n|raw|yyssummer's rating: 1463 &rarr; <strong>1440</strong><br />(-23 for losing)\n|raw|benny bagatelli's rating: 1413 &rarr; <strong>1436</strong><br />(+23 for winning)\n|l|\u2606benny bagatelli\n|player|p2|\n",
  "uploadtime": 1776625345,
  "views": 11,
  "formatid": "gen9championsvgc2026regma",
  "rating": 1436,
  "private": 0,
  "password": null
}