{
  "id": "gen9championsvgc2026regma-2587477968",
  "format": "[Gen 9 Champions] VGC 2026 Reg M-A",
  "players": [
    "fellaclot",
    "wingedkuribohlvl9"
  ],
  "log": "|j|\u2606fellaclot\n|j|\u2606wingedkuribohlvl9\n|t:|1776535181\n|gametype|doubles\n|player|p1|fellaclot|265|1133\n|player|p2|wingedkuribohlvl9|101|1202\n|gen|9\n|tier|[Gen 9 Champions] VGC 2026 Reg M-A\n|rated|\n|rule|Species Clause: Limit one of each Pok\u00e9mon\n|rule|Item Clause: Limit 1 of each item\n|clearpoke\n|poke|p1|Delphox, L50, M|\n|poke|p1|Floette-Eternal, L50, F|\n|poke|p1|Sneasler, L50, F|\n|poke|p1|Kingambit, L50, F|\n|poke|p1|Incineroar, L50, M|\n|poke|p1|Garchomp, L50, F|\n|poke|p2|Decidueye-Hisui, L50, M, shiny|\n|poke|p2|Talonflame, L50, F|\n|poke|p2|Farigiraf, L50, M|\n|poke|p2|Arcanine-Hisui, L50, M|\n|poke|p2|Milotic, L50, F|\n|poke|p2|Kangaskhan, L50, F|\n|teampreview|4\n|\n|t:|1776535211\n|teamsize|p1|4\n|teamsize|p2|4\n|start\n|switch|p1a: Delphox|Delphox, L50, M|100/100\n|switch|p1b: Garchomp|Garchomp, L50, F|100/100\n|switch|p2a: Kangaskhan|Kangaskhan, L50, F|100/100\n|switch|p2b: Talonflame|Talonflame, L50, F|100/100\n|turn|1\n|\n|t:|1776535225\n|detailschange|p1a: Delphox|Delphox-Mega, L50, M\n|-mega|p1a: Delphox|Delphox|Delphoxite\n|detailschange|p2a: Kangaskhan|Kangaskhan-Mega, L50, F\n|-mega|p2a: Kangaskhan|Kangaskhan|Kangaskhanite\n|move|p1a: Delphox|Protect|p1a: Delphox\n|-singleturn|p1a: Delphox|Protect\n|move|p2a: Kangaskhan|Fake Out|p1a: Delphox\n|-activate|p1a: Delphox|move: Protect\n|move|p1b: Garchomp|Rock Slide|p2b: Talonflame|[spread] p2a\n|-miss|p1b: Garchomp|p2b: Talonflame\n|-damage|p2a: Kangaskhan|84/100\n|move|p2b: Talonflame|Will-O-Wisp|p1b: Garchomp\n|-status|p1b: Garchomp|brn\n|\n|-damage|p1b: Garchomp|95/100 brn|[from] brn\n|upkeep\n|turn|2\n|\n|t:|1776535245\n|move|p2b: Talonflame|Tailwind|p2b: Talonflame\n|-sidestart|p2: wingedkuribohlvl9|move: Tailwind\n|move|p2a: Kangaskhan|Body Slam|p1a: Delphox\n|-damage|p1a: Delphox|42/100\n|-damage|p1a: Delphox|28/100\n|-hitcount|p1a: Delphox|2\n|move|p1b: Garchomp|Rock Slide|p2b: Talonflame|[spread] p2a,p2b\n|-supereffective|p2b: Talonflame|2\n|-damage|p2a: Kangaskhan|76/100\n|-damage|p2b: Talonflame|53/100\n|move|p1a: Delphox|Encore|p2b: Talonflame\n|-start|p2b: Talonflame|Encore\n|\n|-damage|p1b: Garchomp|89/100 brn|[from] brn\n|upkeep\n|turn|3\n|\n|t:|1776535269\n|switch|p2b: Arcanine|Arcanine-Hisui, L50, M|100/100\n|-ability|p2b: Arcanine|Intimidate|boost\n|-unboost|p1a: Delphox|atk|1\n|-unboost|p1b: Garchomp|atk|1\n|switch|p1a: Incineroar|Incineroar, L50, M|100/100\n|-ability|p1a: Incineroar|Intimidate|boost\n|-unboost|p2a: Kangaskhan|atk|1\n|-unboost|p2b: Arcanine|atk|1\n|move|p2a: Kangaskhan|Body Slam|p1b: Garchomp\n|-damage|p1b: Garchomp|60/100 brn\n|-damage|p2a: Kangaskhan|64/100|[from] ability: Rough Skin|[of] p1b: Garchomp\n|-damage|p1b: Garchomp|54/100 brn\n|-damage|p2a: Kangaskhan|51/100|[from] ability: Rough Skin|[of] p1b: Garchomp\n|-hitcount|p1b: Garchomp|2\n|move|p1b: Garchomp|Rock Slide|p2b: Arcanine|[spread] p2a,p2b\n|-supereffective|p2b: Arcanine|1\n|-damage|p2a: Kangaskhan|46/100\n|-damage|p2b: Arcanine|84/100\n|\n|-damage|p1b: Garchomp|48/100 brn|[from] brn\n|upkeep\n|turn|4\n|\n|t:|1776535291\n|switch|p2a: Talonflame|Talonflame, L50, F|53/100\n|move|p1a: Incineroar|Fake Out|p2b: Arcanine\n|-resisted|p2b: Arcanine|1\n|-damage|p2b: Arcanine|77/100\n|cant|p2b: Arcanine|flinch\n|move|p1b: Garchomp|Rock Slide|p2a: Talonflame|[spread] p2a,p2b\n|-supereffective|p2a: Talonflame|2\n|-supereffective|p2b: Arcanine|1\n|-damage|p2a: Talonflame|19/100\n|-damage|p2b: Arcanine|60/100\n|\n|-damage|p1b: Garchomp|42/100 brn|[from] brn\n|upkeep\n|turn|5\n|\n|t:|1776535316\n|switch|p2b: Kangaskhan|Kangaskhan-Mega, L50, F|46/100\n|move|p2a: Talonflame|Acrobatics|p1a: Incineroar\n|-damage|p1a: Incineroar|86/100\n|move|p1b: Garchomp|Rock Slide|p2a: Talonflame|[spread] p2a,p2b\n|-supereffective|p2a: Talonflame|2\n|-damage|p2a: Talonflame|0 fnt\n|-damage|p2b: Kangaskhan|41/100\n|faint|p2a: Talonflame\n|move|p1a: Incineroar|Parting Shot|p2b: Kangaskhan\n|-unboost|p2b: Kangaskhan|atk|1\n|-unboost|p2b: Kangaskhan|spa|1\n|\n|t:|1776535326\n|switch|p1a: Sneasler|Sneasler, L50, F|100/100|[from] Parting Shot\n|\n|-damage|p1b: Garchomp|36/100 brn|[from] brn\n|-sideend|p2: wingedkuribohlvl9|move: Tailwind\n|upkeep\n|\n|t:|1776535332\n|switch|p2a: Milotic|Milotic, L50, F|100/100\n|turn|6\n|\n|t:|1776535365\n|move|p1a: Sneasler|Protect|p1a: Sneasler\n|-singleturn|p1a: Sneasler|Protect\n|move|p2b: Kangaskhan|Fake Out|p1a: Sneasler\n|-activate|p1a: Sneasler|move: Protect\n|move|p1b: Garchomp|Rock Slide|p2b: Kangaskhan|[spread] p2a,p2b\n|-damage|p2a: Milotic|96/100\n|-damage|p2b: Kangaskhan|35/100\n|cant|p2a: Milotic|flinch\n|\n|-heal|p2a: Milotic|100/100|[from] item: Leftovers\n|-damage|p1b: Garchomp|30/100 brn|[from] brn\n|upkeep\n|turn|7\n|\n|t:|1776535376\n|move|p1b: Garchomp|Rock Slide|p2a: Milotic|[spread] p2a,p2b\n|-damage|p2a: Milotic|96/100\n|-damage|p2b: Kangaskhan|29/100\n|move|p1a: Sneasler|Close Combat|p2b: Kangaskhan\n|-supereffective|p2b: Kangaskhan|1\n|-damage|p2b: Kangaskhan|0 fnt\n|-unboost|p1a: Sneasler|def|1\n|-unboost|p1a: Sneasler|spd|1\n|faint|p2b: Kangaskhan\n|-enditem|p1a: Sneasler|White Herb\n|-clearnegativeboost|p1a: Sneasler|[silent]\n|move|p2a: Milotic|Scald|p1a: Sneasler\n|-damage|p1a: Sneasler|58/100\n|\n|-heal|p2a: Milotic|100/100|[from] item: Leftovers\n|-damage|p1b: Garchomp|24/100 brn|[from] brn\n|upkeep\n|\n|t:|1776535392\n|switch|p2b: Arcanine|Arcanine-Hisui, L50, M|60/100\n|-ability|p2b: Arcanine|Intimidate|boost\n|-unboost|p1a: Sneasler|atk|1\n|-unboost|p1b: Garchomp|atk|1\n|turn|8\n|\n|t:|1776535409\n|move|p1a: Sneasler|Protect|p1a: Sneasler\n|-singleturn|p1a: Sneasler|Protect\n|move|p2b: Arcanine|Extreme Speed|p1a: Sneasler\n|-activate|p1a: Sneasler|move: Protect\n|move|p1b: Garchomp|Rock Slide|p2a: Milotic|[spread] p2a,p2b\n|-supereffective|p2b: Arcanine|1\n|-damage|p2a: Milotic|97/100\n|-damage|p2b: Arcanine|49/100\n|move|p2a: Milotic|Scald|p1a: Sneasler\n|-activate|p1a: Sneasler|move: Protect\n|\n|-heal|p2a: Milotic|100/100|[from] item: Leftovers\n|-damage|p1b: Garchomp|18/100 brn|[from] brn\n|upkeep\n|turn|9\n|\n|t:|1776535427\n|switch|p1b: Incineroar|Incineroar, L50, M|86/100\n|-ability|p1b: Incineroar|Intimidate|boost\n|-unboost|p2a: Milotic|atk|1\n|-ability|p2a: Milotic|Competitive|boost\n|-boost|p2a: Milotic|spa|2\n|-unboost|p2b: Arcanine|atk|1\n|move|p2b: Arcanine|Extreme Speed|p1a: Sneasler\n|-damage|p1a: Sneasler|30/100\n|move|p1a: Sneasler|Close Combat|p2b: Arcanine\n|-supereffective|p2b: Arcanine|1\n|-damage|p2b: Arcanine|0 fnt\n|-unboost|p1a: Sneasler|def|1\n|-unboost|p1a: Sneasler|spd|1\n|faint|p2b: Arcanine\n|move|p2a: Milotic|Scald|p1a: Sneasler\n|-damage|p1a: Sneasler|0 fnt\n|faint|p1a: Sneasler\n|\n|upkeep\n|\n|t:|1776535441\n|switch|p1a: Delphox|Delphox-Mega, L50, M|28/100\n|turn|10\n|\n|t:|1776535448\n|move|p2a: Milotic|Protect|p2a: Milotic\n|-singleturn|p2a: Milotic|Protect\n|move|p1b: Incineroar|Fake Out|p2a: Milotic\n|-activate|p2a: Milotic|move: Protect\n|move|p1a: Delphox|Psychic|p2a: Milotic\n|-activate|p2a: Milotic|move: Protect\n|\n|upkeep\n|turn|11\n|\n|t:|1776535456\n|move|p1a: Delphox|Encore|p2a: Milotic\n|-start|p2a: Milotic|Encore\n|move|p2a: Milotic|Protect||[still]\n|-fail|p2a: Milotic\n|move|p1b: Incineroar|Throat Chop|p2a: Milotic\n|-damage|p2a: Milotic|78/100\n|-start|p2a: Milotic|Throat Chop|[silent]\n|\n|-heal|p2a: Milotic|84/100|[from] item: Leftovers\n|upkeep\n|turn|12\n|-message|wingedkuribohlvl9 forfeited.\n|\n|win|fellaclot\n|raw|fellaclot's rating: 1133 &rarr; <strong>1163</strong><br />(+30 for winning)\n|raw|wingedkuribohlvl9's rating: 1202 &rarr; <strong>1172</strong><br />(-30 for losing)\n|l|\u2606wingedkuribohlvl9\n|player|p2|\n",
  "uploadtime": 1776535465,
  "views": 18,
  "formatid": "gen9championsvgc2026regma",
  "rating": 1163,
  "private": 0,
  "password": null
}