{
  "id": "gen9championsvgc2026regma-2583033583",
  "format": "[Gen 9 Champions] VGC 2026 Reg M-A",
  "players": [
    "he0",
    "prawnwizard"
  ],
  "log": "|j|\u2606he0\n|j|\u2606prawnwizard\n|t:|1776135181\n|gametype|doubles\n|player|p1|he0|sabrina-masters|1311\n|player|p2|prawnwizard|harlequin|1277\n|gen|9\n|tier|[Gen 9 Champions] VGC 2026 Reg M-A\n|rated|\n|rule|Species Clause: Limit one of each Pok\u00e9mon\n|rule|Item Clause: Limit 1 of each item\n|clearpoke\n|poke|p1|Basculegion, L50, M|\n|poke|p1|Garchomp, L50, F|\n|poke|p1|Sinistcha, L50|\n|poke|p1|Floette-Eternal, L50, F|\n|poke|p1|Camerupt, L50, F|\n|poke|p1|Sneasler, L50, F|\n|poke|p2|Flapple, L50, F|\n|poke|p2|Sableye, L50, M|\n|poke|p2|Gengar, L50, F|\n|poke|p2|Whimsicott, L50, F|\n|poke|p2|Sneasler, L50, F|\n|poke|p2|Politoed, L50, F|\n|teampreview|4\n|inactive|Battle timer is ON: inactive players will automatically lose when time's up. (requested by prawnwizard)\n|inactive|he0 has 60 seconds left.\n|\n|t:|1776135217\n|teamsize|p1|4\n|teamsize|p2|4\n|start\n|switch|p1a: Basculegion|Basculegion, L50, M|100/100\n|switch|p1b: Garchomp|Garchomp, L50, F|100/100\n|switch|p2a: Flapple|Flapple, L50, F|100/100\n|switch|p2b: Sableye|Sableye, L50, M|100/100\n|turn|1\n|\n|t:|1776135240\n|move|p1b: Garchomp|Protect|p1b: Garchomp\n|-singleturn|p1b: Garchomp|Protect\n|move|p2a: Flapple|Protect|p2a: Flapple\n|-singleturn|p2a: Flapple|Protect\n|move|p2b: Sableye|Gravity|p2b: Sableye\n|-fieldstart|move: Gravity\n|move|p1a: Basculegion|Flip Turn|p2b: Sableye\n|-damage|p2b: Sableye|65/100\n|\n|t:|1776135252\n|switch|p1a: Sinistcha|Sinistcha, L50|100/100|[from] Flip Turn\n|\n|upkeep\n|turn|2\n|\n|t:|1776135261\n|move|p1b: Garchomp|Dragon Claw|p2a: Flapple\n|-supereffective|p2a: Flapple|1\n|-enditem|p2a: Flapple|Focus Sash\n|-damage|p2a: Flapple|1/100\n|move|p2a: Flapple|Grav Apple|p1b: Garchomp\n|-damage|p1b: Garchomp|5/100\n|-unboost|p1b: Garchomp|def|1\n|move|p2b: Sableye|Foul Play|p1a: Sinistcha\n|-supereffective|p1a: Sinistcha|1\n|-damage|p1a: Sinistcha|63/100\n|move|p1a: Sinistcha|Trick Room|p1a: Sinistcha\n|-fieldstart|move: Trick Room|[of] p1a: Sinistcha\n|\n|upkeep\n|turn|3\n|\n|t:|1776135276\n|switch|p1b: Camerupt|Camerupt, L50, F|100/100\n|move|p2a: Flapple|Sucker Punch|p1a: Sinistcha\n|-supereffective|p1a: Sinistcha|1\n|-damage|p1a: Sinistcha|2/100\n|-enditem|p1a: Sinistcha|Sitrus Berry|[eat]\n|-heal|p1a: Sinistcha|26/100|[from] item: Sitrus Berry\n|move|p2b: Sableye|Foul Play|p1b: Camerupt\n|-damage|p1b: Camerupt|58/100\n|move|p1a: Sinistcha|Matcha Gotcha|p2a: Flapple|[spread] p2a,p2b\n|-resisted|p2a: Flapple|2\n|-damage|p2a: Flapple|0 fnt\n|-heal|p1a: Sinistcha|27/100|[from] drain|[of] p2a: Flapple\n|-damage|p2b: Sableye|24/100\n|-heal|p1a: Sinistcha|45/100|[from] drain|[of] p2b: Sableye\n|faint|p2a: Flapple\n|\n|upkeep\n|\n|t:|1776135291\n|switch|p2a: Gengar|Gengar, L50, F|100/100\n|turn|4\n|\n|t:|1776135306\n|detailschange|p1b: Camerupt|Camerupt-Mega, L50, F\n|-mega|p1b: Camerupt|Camerupt|Cameruptite\n|detailschange|p2a: Gengar|Gengar-Mega, L50, F\n|-mega|p2a: Gengar|Gengar|Gengarite\n|move|p2a: Gengar|Protect|p2a: Gengar\n|-singleturn|p2a: Gengar|Protect\n|move|p2b: Sableye|Disable|p1a: Sinistcha\n|-start|p1a: Sinistcha|Disable|Matcha Gotcha\n|move|p1b: Camerupt|Heat Wave|p2b: Sableye|[spread] p2b\n|-activate|p2a: Gengar|move: Protect\n|-damage|p2b: Sableye|0 fnt\n|faint|p2b: Sableye\n|move|p1a: Sinistcha|Life Dew|p1a: Sinistcha|[spread] p1a,p1b\n|-heal|p1a: Sinistcha|70/100\n|-heal|p1b: Camerupt|82/100\n|\n|upkeep\n|\n|t:|1776135314\n|switch|p2b: Whimsicott|Whimsicott, L50, F|100/100\n|turn|5\n|\n|t:|1776135331\n|move|p2b: Whimsicott|Taunt|p1a: Sinistcha\n|-start|p1a: Sinistcha|move: Taunt\n|move|p1b: Camerupt|Earth Power|p2a: Gengar\n|-supereffective|p2a: Gengar|1\n|-damage|p2a: Gengar|0 fnt\n|faint|p2a: Gengar\n|cant|p1a: Sinistcha|move: Taunt|Life Dew\n|\n|-fieldend|move: Gravity\n|upkeep\n|turn|6\n|-message|prawnwizard forfeited.\n|\n|win|he0\n|raw|he0's rating: 1311 &rarr; <strong>1329</strong><br />(+18 for winning)\n|raw|prawnwizard's rating: 1277 &rarr; <strong>1254</strong><br />(-23 for losing)\n|l|\u2606prawnwizard\n|player|p2|\n|l|\u2606he0\n|player|p1|\n|j|\u2606he0\n|player|p1|he0|sabrina-masters|\n",
  "uploadtime": 1776135478,
  "views": 23,
  "formatid": "gen9championsvgc2026regma",
  "rating": 1254,
  "private": 0,
  "password": null
}