{
  "id": "gen9championsvgc2026regma-2588003958",
  "format": "[Gen 9 Champions] VGC 2026 Reg M-A",
  "players": [
    "MarillRag1",
    "crazyshit14"
  ],
  "log": "|j|\u2606MarillRag1\n|j|\u2606crazyshit14\n|t:|1776591588\n|gametype|doubles\n|player|p1|MarillRag1|266|1352\n|player|p2|crazyshit14|266|1382\n|gen|9\n|tier|[Gen 9 Champions] VGC 2026 Reg M-A\n|rated|\n|rule|Species Clause: Limit one of each Pok\u00e9mon\n|rule|Item Clause: Limit 1 of each item\n|clearpoke\n|poke|p1|Sneasler, L50, F|\n|poke|p1|Aegislash, L50, F|\n|poke|p1|Charizard, L50, F|\n|poke|p1|Rotom-Wash, L50|\n|poke|p1|Whimsicott, L50, M|\n|poke|p1|Hydreigon, L50, M|\n|poke|p2|Manectric, L50, F|\n|poke|p2|Incineroar, L50, F|\n|poke|p2|Lopunny, L50, M|\n|poke|p2|Snorlax, L50, F|\n|poke|p2|Sinistcha, L50|\n|poke|p2|Torkoal, L50, F|\n|teampreview|4\n|\n|t:|1776591637\n|teamsize|p1|4\n|teamsize|p2|4\n|start\n|switch|p1a: Rotom|Rotom-Wash, L50|100/100\n|switch|p1b: Sneasler|Sneasler, L50, F|100/100\n|switch|p2a: Manectric|Manectric, L50, F|100/100\n|switch|p2b: Incineroar|Incineroar, L50, F|100/100\n|-ability|p2b: Incineroar|Intimidate|boost\n|-unboost|p1a: Rotom|atk|1\n|-unboost|p1b: Sneasler|atk|1\n|-enditem|p1b: Sneasler|White Herb\n|-clearnegativeboost|p1b: Sneasler|[silent]\n|turn|1\n|\n|t:|1776591664\n|detailschange|p2a: Manectric|Manectric-Mega, L50, F\n|-mega|p2a: Manectric|Manectric|Manectite\n|-ability|p2a: Manectric|Intimidate|boost\n|-unboost|p1a: Rotom|atk|1\n|-unboost|p1b: Sneasler|atk|1\n|move|p1b: Sneasler|Dire Claw|p2a: Manectric\n|-damage|p2a: Manectric|64/100\n|-status|p2a: Manectric|psn\n|move|p1a: Rotom|Hydro Pump|p2b: Incineroar\n|-supereffective|p2b: Incineroar|1\n|-damage|p2b: Incineroar|42/100\n|move|p2a: Manectric|Snarl|p1a: Rotom|[spread] p1a,p1b\n|-resisted|p1b: Sneasler|1\n|-damage|p1a: Rotom|86/100\n|-damage|p1b: Sneasler|92/100\n|-unboost|p1a: Rotom|spa|1\n|-unboost|p1b: Sneasler|spa|1\n|move|p2b: Incineroar|Parting Shot|p1b: Sneasler\n|-unboost|p1b: Sneasler|atk|1\n|-unboost|p1b: Sneasler|spa|1\n|\n|t:|1776591683\n|switch|p2b: Snorlax|Snorlax, L50, F|100/100|[from] Parting Shot\n|\n|-damage|p2a: Manectric|52/100 psn|[from] psn\n|upkeep\n|turn|2\n|\n|t:|1776591717\n|switch|p1a: Charizard|Charizard, L50, F|100/100\n|switch|p2a: Incineroar|Incineroar, L50, F|42/100\n|-ability|p2a: Incineroar|Intimidate|boost\n|-unboost|p1a: Charizard|atk|1\n|-unboost|p1b: Sneasler|atk|1\n|move|p1b: Sneasler|Close Combat|p2b: Snorlax\n|-supereffective|p2b: Snorlax|1\n|-damage|p2b: Snorlax|62/100\n|-unboost|p1b: Sneasler|def|1\n|-unboost|p1b: Sneasler|spd|1\n|move|p2b: Snorlax|Belly Drum|p2b: Snorlax\n|-damage|p2b: Snorlax|12/100\n|-setboost|p2b: Snorlax|atk|6|[from] move: Belly Drum\n|-enditem|p2b: Snorlax|Sitrus Berry|[eat]\n|-heal|p2b: Snorlax|37/100|[from] item: Sitrus Berry\n|\n|upkeep\n|turn|3\n|\n|t:|1776591743\n|switch|p2a: Sinistcha|Sinistcha, L50|100/100\n|-heal|p2b: Snorlax|62/100|[from] ability: Hospitality|[of] p2a: Sinistcha\n|detailschange|p1a: Charizard|Charizard-Mega-X, L50, F\n|-mega|p1a: Charizard|Charizard|Charizardite X\n|move|p2b: Snorlax|Protect|p2b: Snorlax\n|-singleturn|p2b: Snorlax|Protect\n|move|p1b: Sneasler|Close Combat|p2b: Snorlax\n|-activate|p2b: Snorlax|move: Protect\n|move|p1a: Charizard|Flare Blitz|p2b: Snorlax\n|-activate|p2b: Snorlax|move: Protect\n|\n|upkeep\n|turn|4\n|\n|t:|1776591766\n|move|p2a: Sinistcha|Rage Powder|p2a: Sinistcha\n|-singleturn|p2a: Sinistcha|move: Rage Powder\n|move|p1b: Sneasler|Coaching|p1a: Charizard\n|-boost|p1a: Charizard|atk|1\n|-boost|p1a: Charizard|def|1\n|move|p1a: Charizard|Breaking Swipe|p2b: Snorlax|[spread] p2a,p2b\n|-damage|p2a: Sinistcha|79/100\n|-damage|p2b: Snorlax|39/100\n|-unboost|p2a: Sinistcha|atk|1\n|-unboost|p2b: Snorlax|atk|1\n|move|p2b: Snorlax|Earthquake|p1a: Charizard|[spread] p2a,p1a,p1b\n|-resisted|p2a: Sinistcha|1\n|-supereffective|p1a: Charizard|1\n|-supereffective|p1b: Sneasler|1\n|-damage|p2a: Sinistcha|49/100\n|-damage|p1a: Charizard|14/100\n|-damage|p1b: Sneasler|0 fnt\n|faint|p1b: Sneasler\n|\n|upkeep\n|\n|t:|1776591785\n|switch|p1b: Hydreigon|Hydreigon, L50, M|100/100\n|turn|5\n|\n|t:|1776591823\n|move|p2b: Snorlax|Protect|p2b: Snorlax\n|-singleturn|p2b: Snorlax|Protect\n|move|p1b: Hydreigon|Draco Meteor|p2a: Sinistcha\n|-damage|p2a: Sinistcha|0 fnt\n|-unboost|p1b: Hydreigon|spa|2\n|faint|p2a: Sinistcha\n|move|p1a: Charizard|Flare Blitz|p2b: Snorlax\n|-activate|p2b: Snorlax|move: Protect\n|\n|upkeep\n|\n|t:|1776591836\n|switch|p2a: Manectric|Manectric-Mega, L50, F|52/100 psn\n|-ability|p2a: Manectric|Intimidate|boost\n|-unboost|p1a: Charizard|atk|1\n|-unboost|p1b: Hydreigon|atk|1\n|turn|6\n|\n|t:|1776591860\n|switch|p1b: Rotom|Rotom-Wash, L50|86/100\n|move|p2a: Manectric|Snarl|p1a: Charizard|[spread] p1a,p1b\n|-damage|p1a: Charizard|0 fnt\n|-damage|p1b: Rotom|71/100\n|-unboost|p1b: Rotom|spa|1\n|faint|p1a: Charizard\n|move|p2b: Snorlax|Body Slam|p1b: Rotom\n|-damage|p1b: Rotom|0 fnt\n|faint|p1b: Rotom\n|\n|-damage|p2a: Manectric|39/100 psn|[from] psn\n|upkeep\n|-message|MarillRag1 forfeited.\n|\n|win|crazyshit14\n|raw|MarillRag1's rating: 1352 &rarr; <strong>1334</strong><br />(-18 for losing)\n|raw|crazyshit14's rating: 1382 &rarr; <strong>1400</strong><br />(+18 for winning)\n|l|\u2606MarillRag1\n|player|p1|\n",
  "uploadtime": 1776591885,
  "views": 16,
  "formatid": "gen9championsvgc2026regma",
  "rating": 1334,
  "private": 0,
  "password": null
}