{
  "id": "gen9championsvgc2026regma-2587511545",
  "format": "[Gen 9 Champions] VGC 2026 Reg M-A",
  "players": [
    "Demoledorsus",
    "campeondelfitness"
  ],
  "log": "|j|\u2606Demoledorsus\n|j|\u2606campeondelfitness\n|t:|1776538078\n|gametype|doubles\n|player|p1|Demoledorsus|1|1277\n|player|p2|campeondelfitness|swimmer|1224\n|gen|9\n|tier|[Gen 9 Champions] VGC 2026 Reg M-A\n|rated|\n|rule|Species Clause: Limit one of each Pok\u00e9mon\n|rule|Item Clause: Limit 1 of each item\n|clearpoke\n|poke|p1|Aggron, L50, F|\n|poke|p1|Azumarill, L50, F, shiny|\n|poke|p1|Sinistcha, L50, shiny|\n|poke|p1|Torkoal, L50, M|\n|poke|p1|Farigiraf, L50, F|\n|poke|p1|Sneasler, L50, M|\n|poke|p2|Tyranitar, L50, M|\n|poke|p2|Garchomp, L50, F|\n|poke|p2|Heliolisk, L50, F|\n|poke|p2|Rotom-Heat, L50|\n|poke|p2|Orthworm, L50, F|\n|poke|p2|Aerodactyl, L50, M|\n|teampreview|4\n|inactive|Battle timer is ON: inactive players will automatically lose when time's up. (requested by campeondelfitness)\nDemoledorsus has agreed to open team sheets.\n|inactive|campeondelfitness has 60 seconds left.\n|\n|t:|1776538118\n|teamsize|p1|4\n|teamsize|p2|4\n|start\n|switch|p1a: THE WALL|Aggron, L50, F|100/100\n|switch|p1b: Farigiraf|Farigiraf, L50, F|100/100\n|switch|p2a: Heliolisk|Heliolisk, L50, F|100/100\n|switch|p2b: Rotom|Rotom-Heat, L50|100/100\n|turn|1\n|\n|t:|1776538139\n|detailschange|p1a: THE WALL|Aggron-Mega, L50, F\n|-mega|p1a: THE WALL|Aggron|Aggronite\n|move|p2a: Heliolisk|Shed Tail|p2a: Heliolisk\n|-start|p2a: Heliolisk|Substitute|[from] move: Shed Tail\n|-damage|p2a: Heliolisk|50/100\n|\n|t:|1776538143\n|switch|p2a: Garchomp|Garchomp, L50, F|100/100|[from] Shed Tail\n|move|p2b: Rotom|Will-O-Wisp|p1a: THE WALL\n|-status|p1a: THE WALL|brn\n|move|p1a: THE WALL|Body Press|p2a: Garchomp\n|-end|p2a: Garchomp|Substitute\n|move|p1b: Farigiraf|Trick Room|p1b: Farigiraf\n|-fieldstart|move: Trick Room|[of] p1b: Farigiraf\n|\n|-damage|p1a: THE WALL|94/100 brn|[from] brn\n|upkeep\n|turn|2\n|inactive|Demoledorsus has 30 seconds left.\n|inactive|campeondelfitness has 30 seconds left.\n|\n|t:|1776538176\n|switch|p1a: Azumarill|Azumarill, L50, F, shiny|100/100\n|detailschange|p2a: Garchomp|Garchomp-Mega, L50, F\n|-mega|p2a: Garchomp|Garchomp|Garchompite\n|move|p1b: Farigiraf|Psychic|p2b: Rotom\n|-damage|p2b: Rotom|49/100\n|move|p2b: Rotom|Discharge|p1a: Azumarill|[spread] p1a,p1b\n|-immune|p2a: Garchomp\n|-supereffective|p1a: Azumarill|1\n|-damage|p1a: Azumarill|46/100\n|-damage|p1b: Farigiraf|78/100\n|-status|p1b: Farigiraf|par\n|-enditem|p1a: Azumarill|Sitrus Berry|[eat]\n|-heal|p1a: Azumarill|71/100|[from] item: Sitrus Berry\n|move|p2a: Garchomp|Earthquake|p1a: Azumarill|[spread] p1a,p1b\n|-immune|p2b: Rotom|[from] ability: Levitate\n|-damage|p1a: Azumarill|16/100\n|-damage|p1b: Farigiraf|30/100 par\n|\n|upkeep\n|turn|3\n|inactive|campeondelfitness has 30 seconds left.\n|\n|t:|1776538202\n|switch|p2b: Tyranitar|Tyranitar, L50, M|100/100\n|-weather|Sandstorm|[from] ability: Sand Stream|[of] p2b: Tyranitar\n|move|p1b: Farigiraf|Psychic|p2b: Tyranitar\n|-immune|p2b: Tyranitar\n|move|p1a: Azumarill|Play Rough|p2a: Garchomp\n|-supereffective|p2a: Garchomp|1\n|-damage|p2a: Garchomp|2/100\n|move|p2a: Garchomp|Earthquake|p1b: Farigiraf|[spread] p2b,p1a,p1b\n|-supereffective|p2b: Tyranitar|1\n|-damage|p2b: Tyranitar|15/100\n|-damage|p1a: Azumarill|0 fnt\n|-damage|p1b: Farigiraf|0 fnt\n|faint|p1a: Azumarill\n|faint|p1b: Farigiraf\n|\n|-weather|Sandstorm|[upkeep]\n|upkeep\n|\n|t:|1776538208\n|switch|p1b: Sinistcha|Sinistcha, L50, shiny|100/100\n|switch|p1a: THE WALL|Aggron-Mega, L50, F|94/100 brn\n|-heal|p1a: THE WALL|100/100 brn|[from] ability: Hospitality|[of] p1b: Sinistcha\n|turn|4\n|inactive|campeondelfitness has 30 seconds left.\n|\n|t:|1776538244\n|move|p1a: THE WALL|Iron Defense|p1a: THE WALL\n|-boost|p1a: THE WALL|def|2\n|move|p2b: Tyranitar|Knock Off|p1b: Sinistcha\n|-supereffective|p1b: Sinistcha|1\n|-damage|p1b: Sinistcha|16/100\n|-enditem|p1b: Sinistcha|Leftovers|[from] move: Knock Off|[of] p2b: Tyranitar\n|move|p1b: Sinistcha|Matcha Gotcha|p2b: Tyranitar|[spread] p2a,p2b\n|-supereffective|p2b: Tyranitar|1\n|-damage|p2a: Garchomp|0 fnt\n|-heal|p1b: Sinistcha|17/100|[from] drain|[of] p2a: Garchomp\n|-damage|p2b: Tyranitar|0 fnt\n|-heal|p1b: Sinistcha|25/100|[from] drain|[of] p2b: Tyranitar\n|faint|p2a: Garchomp\n|faint|p2b: Tyranitar\n|\n|-weather|Sandstorm|[upkeep]\n|-damage|p1b: Sinistcha|18/100|[from] Sandstorm\n|-damage|p1a: THE WALL|94/100 brn|[from] brn\n|upkeep\n|\n|t:|1776538263\n|switch|p2b: Heliolisk|Heliolisk, L50, F|50/100\n|switch|p2a: Rotom|Rotom-Heat, L50|49/100\n|turn|5\n|inactive|Demoledorsus has 30 seconds left.\n|inactive|campeondelfitness has 30 seconds left.\n|inactive|campeondelfitness has 20 seconds left.\n|inactive|campeondelfitness has 15 seconds left.\n|\n|t:|1776538306\n|move|p1a: THE WALL|Body Press|p2b: Heliolisk\n|-supereffective|p2b: Heliolisk|1\n|-damage|p2b: Heliolisk|0 fnt\n|faint|p2b: Heliolisk\n|move|p1b: Sinistcha|Shadow Ball|p2a: Rotom\n|-damage|p2a: Rotom|13/100\n|move|p2a: Rotom|Overheat|p1a: THE WALL\n|-supereffective|p1a: THE WALL|1\n|-damage|p1a: THE WALL|11/100 brn\n|-unboost|p2a: Rotom|spa|2\n|\n|-weather|Sandstorm|[upkeep]\n|-damage|p1b: Sinistcha|12/100|[from] Sandstorm\n|-damage|p2a: Rotom|7/100|[from] Sandstorm\n|-damage|p1a: THE WALL|4/100 brn|[from] brn\n|-fieldend|move: Trick Room\n|upkeep\n|turn|6\n|c|\u2606campeondelfitness|double crit\n|inactive|Demoledorsus has 30 seconds left.\n|\n|t:|1776538340\n|move|p2a: Rotom|Discharge|p1a: THE WALL|[spread] p1a,p1b\n|-resisted|p1b: Sinistcha|1\n|-damage|p1a: THE WALL|0 fnt\n|-damage|p1b: Sinistcha|7/100\n|-status|p1b: Sinistcha|par\n|faint|p1a: THE WALL\n|move|p1b: Sinistcha|Shadow Ball|p2a: Rotom\n|-crit|p2a: Rotom\n|-damage|p2a: Rotom|0 fnt\n|faint|p2a: Rotom\n|\n|win|Demoledorsus\n|raw|Demoledorsus's rating: 1277 &rarr; <strong>1298</strong><br />(+21 for winning)\n|raw|campeondelfitness's rating: 1224 &rarr; <strong>1203</strong><br />(-21 for losing)\n",
  "uploadtime": 1776538351,
  "views": 23,
  "formatid": "gen9championsvgc2026regma",
  "rating": 1203,
  "private": 0,
  "password": null
}