{
  "id": "gen9championsvgc2026regma-2589566892",
  "format": "[Gen 9 Champions] VGC 2026 Reg M-A",
  "players": [
    "100%realado",
    "ogrelord20"
  ],
  "log": "|j|\u2606100%realado\n|j|\u2606ogrelord20\n|t:|1776734800\n|gametype|doubles\n|player|p1|100%realado|wallace|1144\n|player|p2|ogrelord20|wattson|1085\n|gen|9\n|tier|[Gen 9 Champions] VGC 2026 Reg M-A\n|rated|\n|rule|Species Clause: Limit one of each Pok\u00e9mon\n|rule|Item Clause: Limit 1 of each item\n|clearpoke\n|poke|p1|Glalie, L50, F|\n|poke|p1|Oranguru, L50, F|\n|poke|p1|Kingambit, L50, M|\n|poke|p1|Sinistcha, L50|\n|poke|p1|Torkoal, L50, M|\n|poke|p1|Araquanid, L50, F|\n|poke|p2|Scovillain, L50, M, shiny|\n|poke|p2|Corviknight, L50, M|\n|poke|p2|Primarina, L50, F, shiny|\n|poke|p2|Garchomp, L50, M|\n|poke|p2|Sinistcha-Masterpiece, L50|\n|poke|p2|Incineroar, L50, F|\n|teampreview|4\n|inactive|Battle timer is ON: inactive players will automatically lose when time's up. (requested by 100%realado)\n|\n|t:|1776734859\n|teamsize|p1|4\n|teamsize|p2|4\n|start\n|switch|p1a: Sinistcha|Sinistcha, L50|100/100\n|switch|p1b: Torkoal|Torkoal, L50, M|100/100\n|switch|p2a: Corviknight|Corviknight, L50, M|100/100\n|switch|p2b: Garchomp|Garchomp, L50, M|100/100\n|-weather|SunnyDay|[from] ability: Drought|[of] p1b: Torkoal\n|turn|1\n|inactive|ogrelord20 has 30 seconds left.\n|\n|t:|1776734891\n|move|p1b: Torkoal|Protect|p1b: Torkoal\n|-singleturn|p1b: Torkoal|Protect\n|move|p2b: Garchomp|Earthquake|p1a: Sinistcha|[spread] p1a\n|-activate|p1b: Torkoal|move: Protect\n|-immune|p2a: Corviknight\n|-resisted|p1a: Sinistcha|1\n|-damage|p1a: Sinistcha|84/100\n|move|p2a: Corviknight|Brave Bird|p1a: Sinistcha\n|-supereffective|p1a: Sinistcha|1\n|-damage|p1a: Sinistcha|13/100\n|-enditem|p1a: Sinistcha|Sitrus Berry|[eat]\n|-heal|p1a: Sinistcha|38/100|[from] item: Sitrus Berry\n|-damage|p2a: Corviknight|76/100|[from] Recoil\n|move|p1a: Sinistcha|Trick Room|p1a: Sinistcha\n|-fieldstart|move: Trick Room|[of] p1a: Sinistcha\n|\n|-weather|SunnyDay|[upkeep]\n|-heal|p2a: Corviknight|82/100|[from] item: Leftovers\n|upkeep\n|turn|2\n|inactive|ogrelord20 has 30 seconds left.\n|\n|t:|1776734933\n|move|p1b: Torkoal|Eruption|p2a: Corviknight|[spread] p2a,p2b\n|-supereffective|p2a: Corviknight|1\n|-resisted|p2b: Garchomp|1\n|-damage|p2a: Corviknight|0 fnt\n|-damage|p2b: Garchomp|50/100\n|faint|p2a: Corviknight\n|move|p1a: Sinistcha|Matcha Gotcha|p2b: Garchomp\n|-damage|p2b: Garchomp|12/100\n|-heal|p1a: Sinistcha|58/100|[from] drain|[of] p2b: Garchomp\n|move|p2b: Garchomp|Earthquake|p1a: Sinistcha|[spread] p1a,p1b\n|-resisted|p1a: Sinistcha|1\n|-supereffective|p1b: Torkoal|1\n|-damage|p1a: Sinistcha|42/100\n|-damage|p1b: Torkoal|43/100\n|\n|-weather|SunnyDay|[upkeep]\n|upkeep\n|\n|t:|1776734938\n|switch|p2a: Primarina|Primarina, L50, F, shiny|100/100\n|turn|3\n|\n|t:|1776734960\n|switch|p2b: Scovillain|Scovillain, L50, M, shiny|100/100\n|move|p1b: Torkoal|Weather Ball|p2a: Primarina\n|-resisted|p2a: Primarina|1\n|-damage|p2a: Primarina|68/100\n|move|p2a: Primarina|Hyper Voice|p1b: Torkoal|[spread] p1a,p1b\n|-resisted|p1a: Sinistcha|1\n|-supereffective|p1b: Torkoal|1\n|-damage|p1a: Sinistcha|32/100\n|-damage|p1b: Torkoal|0 fnt\n|faint|p1b: Torkoal\n|move|p1a: Sinistcha|Matcha Gotcha|p2b: Scovillain|[spread] p2a,p2b\n|-supereffective|p2a: Primarina|1\n|-resisted|p2b: Scovillain|2\n|-damage|p2a: Primarina|29/100\n|-heal|p1a: Sinistcha|53/100|[from] drain|[of] p2a: Primarina\n|-damage|p2b: Scovillain|93/100\n|-heal|p1a: Sinistcha|57/100|[from] drain|[of] p2b: Scovillain\n|\n|-weather|SunnyDay|[upkeep]\n|-ability|p2b: Scovillain|Moody|boost\n|-boost|p2b: Scovillain|def|2\n|-unboost|p2b: Scovillain|spe|1\n|upkeep\n|inactive|100%realado has 30 seconds left.\n|\n|t:|1776734986\n|switch|p1b: Glalie|Glalie, L50, F|100/100\n|turn|4\n|inactive|ogrelord20 has 30 seconds left.\n|inactive|100%realado has 30 seconds left.\n|inactive|ogrelord20 has 20 seconds left.\n|inactive|100%realado has 20 seconds left.\n|\n|t:|1776735027\n|detailschange|p2b: Scovillain|Scovillain-Mega, L50, M, shiny\n|-mega|p2b: Scovillain|Scovillain|Scovillainite\n|move|p1b: Glalie|Protect|p1b: Glalie\n|-singleturn|p1b: Glalie|Protect\n|move|p2b: Scovillain|Overheat|p1b: Glalie\n|-activate|p1b: Glalie|move: Protect\n|move|p2a: Primarina|Moonblast|p1a: Sinistcha\n|-damage|p1a: Sinistcha|11/100\n|move|p1a: Sinistcha|Matcha Gotcha|p2b: Scovillain|[spread] p2b\n|-miss|p1a: Sinistcha|p2a: Primarina\n|-resisted|p2b: Scovillain|2\n|-damage|p2b: Scovillain|88/100\n|-heal|p1a: Sinistcha|14/100|[from] drain|[of] p2b: Scovillain\n|-status|p1a: Sinistcha|brn|[from] ability: Spicy Spray|[of] p2b: Scovillain\n|\n|-weather|SunnyDay|[upkeep]\n|-damage|p1a: Sinistcha|8/100 brn|[from] brn\n|upkeep\n|turn|5\n|inactive|100%realado has 30 seconds left.\n|inactive|100%realado has 20 seconds left.\n|inactive|ogrelord20 has 30 seconds left.\n|inactive|100%realado has 15 seconds left.\n|inactive|100%realado has 10 seconds left.\n|inactive|ogrelord20 has 20 seconds left.\n|inactive|ogrelord20 has 15 seconds left.\n|\n|t:|1776735078\n|switch|p1b: Oranguru|Oranguru, L50, F|100/100\n|move|p2b: Scovillain|Leech Seed|p1b: Oranguru|[miss]\n|-miss|p2b: Scovillain|p1b: Oranguru\n|move|p2a: Primarina|Moonblast|p1b: Oranguru\n|-damage|p1b: Oranguru|67/100\n|move|p1a: Sinistcha|Matcha Gotcha|p2b: Scovillain|[spread] p2a,p2b\n|-supereffective|p2a: Primarina|1\n|-resisted|p2b: Scovillain|2\n|-damage|p2a: Primarina|0 fnt\n|-heal|p1a: Sinistcha|23/100 brn|[from] drain|[of] p2a: Primarina\n|-damage|p2b: Scovillain|82/100\n|-heal|p1a: Sinistcha|26/100 brn|[from] drain|[of] p2b: Scovillain\n|faint|p2a: Primarina\n|\n|-weather|none\n|-damage|p1a: Sinistcha|20/100 brn|[from] brn\n|-fieldend|move: Trick Room\n|upkeep\n|\n|t:|1776735086\n|switch|p2a: Garchomp|Garchomp, L50, M|12/100\n|turn|6\n|inactive|100%realado has 30 seconds left.\n|inactive|ogrelord20 has 30 seconds left.\n|\n|t:|1776735118\n|move|p1a: Sinistcha|Rage Powder|p1a: Sinistcha\n|-singleturn|p1a: Sinistcha|move: Rage Powder\n|move|p2a: Garchomp|Rock Slide|p1a: Sinistcha|[spread] p1a,p1b\n|-damage|p1a: Sinistcha|0 fnt\n|-damage|p1b: Oranguru|48/100\n|faint|p1a: Sinistcha\n|move|p2b: Scovillain|Giga Drain|p1b: Oranguru\n|-damage|p1b: Oranguru|25/100\n|-heal|p2b: Scovillain|95/100|[from] drain|[of] p1b: Oranguru\n|move|p1b: Oranguru|Trick Room|p1b: Oranguru\n|-fieldstart|move: Trick Room|[of] p1b: Oranguru\n|\n|upkeep\n|\n|t:|1776735130\n|switch|p1a: Glalie|Glalie, L50, F|100/100\n|turn|7\n|\n|t:|1776735153\n|detailschange|p1a: Glalie|Glalie-Mega, L50, F\n|-mega|p1a: Glalie|Glalie|Glalitite\n|move|p2b: Scovillain|Overheat|p1a: Glalie\n|-supereffective|p1a: Glalie|1\n|-damage|p1a: Glalie|0 fnt\n|-unboost|p2b: Scovillain|spa|2\n|faint|p1a: Glalie\n|move|p1b: Oranguru|After You|p1: Glalie|[notarget]\n|-fail|p1b: Oranguru\n|move|p2a: Garchomp|Rock Slide|p1b: Oranguru\n|-damage|p1b: Oranguru|1/100\n|\n|upkeep\n|turn|8\n|\n|t:|1776735168\n|move|p2b: Scovillain|Giga Drain|p1b: Oranguru\n|-damage|p1b: Oranguru|0 fnt\n|-heal|p2b: Scovillain|96/100|[from] drain|[of] p1b: Oranguru\n|faint|p1b: Oranguru\n|\n|win|ogrelord20\n|raw|100%realado's rating: 1144 &rarr; <strong>1115</strong><br />(-29 for losing)\n|raw|ogrelord20's rating: 1085 &rarr; <strong>1117</strong><br />(+32 for winning)\n",
  "uploadtime": 1776735168,
  "views": 8,
  "formatid": "gen9championsvgc2026regma",
  "rating": 1115,
  "private": 0,
  "password": null
}