{
  "id": "gen9championsvgc2026regma-2585139778",
  "format": "[Gen 9 Champions] VGC 2026 Reg M-A",
  "players": [
    "Khuu Gia Hung",
    "orionsayshi"
  ],
  "log": "|j|\u2606Khuu Gia Hung\n|j|\u2606orionsayshi\n|t:|1776316579\n|gametype|doubles\n|player|p1|Khuu Gia Hung|dawn|1098\n|player|p2|orionsayshi|elesa|1095\n|gen|9\n|tier|[Gen 9 Champions] VGC 2026 Reg M-A\n|rated|\n|rule|Species Clause: Limit one of each Pok\u00e9mon\n|rule|Item Clause: Limit 1 of each item\n|clearpoke\n|poke|p1|Pelipper, L50, F|\n|poke|p1|Garchomp, L50, F|\n|poke|p1|Archaludon, L50, F|\n|poke|p1|Sneasler, L50, M|\n|poke|p1|Meganium, L50, F|\n|poke|p1|Kingambit, L50, M|\n|poke|p2|Incineroar, L50, F|\n|poke|p2|Gengar, L50, M|\n|poke|p2|Sableye, L50, M|\n|poke|p2|Arcanine-Hisui, L50, M|\n|poke|p2|Bellibolt, L50, F|\n|poke|p2|Sinistcha, L50|\n|teampreview|4\n|\n|t:|1776316623\n|teamsize|p1|4\n|teamsize|p2|4\n|start\n|switch|p1a: Pelipper|Pelipper, L50, F|100/100\n|switch|p1b: Garchomp|Garchomp, L50, F|100/100\n|switch|p2a: Gengar|Gengar, L50, M|100/100\n|switch|p2b: Sableye|Sableye, L50, M|100/100\n|-weather|RainDance|[from] ability: Drizzle|[of] p1a: Pelipper\n|turn|1\n|inactive|Battle timer is ON: inactive players will automatically lose when time's up. (requested by orionsayshi)\n|\n|t:|1776316640\n|detailschange|p2a: Gengar|Gengar-Mega, L50, M\n|-mega|p2a: Gengar|Gengar|Gengarite\n|move|p2b: Sableye|Protect|p2b: Sableye\n|-singleturn|p2b: Sableye|Protect\n|move|p2a: Gengar|Protect|p2a: Gengar\n|-singleturn|p2a: Gengar|Protect\n|move|p1b: Garchomp|Earthquake|p2b: Sableye|[spread] \n|-activate|p2a: Gengar|move: Protect\n|-activate|p2b: Sableye|move: Protect\n|-immune|p1a: Pelipper\n|move|p1a: Pelipper|Tailwind|p1a: Pelipper\n|-sidestart|p1: Khuu Gia Hung|move: Tailwind\n|\n|-weather|RainDance|[upkeep]\n|upkeep\n|turn|2\n|\n|t:|1776316661\n|move|p1a: Pelipper|Wide Guard|p1a: Pelipper\n|-singleturn|p1a: Pelipper|Wide Guard\n|move|p2b: Sableye|Disable|p1b: Garchomp\n|-start|p1b: Garchomp|Disable|Earthquake\n|cant|p1b: Garchomp|Disable|Earthquake\n|move|p2a: Gengar|Perish Song|p2a: Gengar\n|-start|p1a: Pelipper|perish3|[silent]\n|-start|p1b: Garchomp|perish3|[silent]\n|-start|p2a: Gengar|perish3|[silent]\n|-start|p2b: Sableye|perish3|[silent]\n|-fieldactivate|move: Perish Song\n|\n|-weather|RainDance|[upkeep]\n|-start|p1b: Garchomp|perish3\n|-start|p1a: Pelipper|perish3\n|-start|p2a: Gengar|perish3\n|-start|p2b: Sableye|perish3\n|upkeep\n|turn|3\n|\n|t:|1776316682\n|move|p2a: Gengar|Protect|p2a: Gengar\n|-singleturn|p2a: Gengar|Protect\n|move|p2b: Sableye|Encore|p1b: Garchomp\n|-start|p1b: Garchomp|Encore\n|cant|p1b: Garchomp|Disable|Earthquake\n|move|p1a: Pelipper|Hurricane|p2a: Gengar\n|-activate|p2a: Gengar|move: Protect\n|\n|-weather|RainDance|[upkeep]\n|-start|p1b: Garchomp|perish2\n|-start|p1a: Pelipper|perish2\n|-start|p2a: Gengar|perish2\n|-start|p2b: Sableye|perish2\n|upkeep\n|turn|4\n|\n|t:|1776316701\n|switch|p2b: Incineroar|Incineroar, L50, F|100/100\n|-ability|p2b: Incineroar|Intimidate|boost\n|-unboost|p1a: Pelipper|atk|1\n|-unboost|p1b: Garchomp|atk|1\n|-activate|p1b: Garchomp|move: Struggle\n|move|p1b: Garchomp|Struggle|p2b: Incineroar\n|-damage|p2b: Incineroar|90/100\n|-damage|p1b: Garchomp|76/100|[from] recoil\n|move|p1a: Pelipper|Hurricane|p2a: Gengar\n|-crit|p2a: Gengar\n|-damage|p2a: Gengar|16/100\n|move|p2a: Gengar|Substitute|p2a: Gengar\n|-fail|p2a: Gengar|move: Substitute|[weak]\n|\n|-weather|RainDance|[upkeep]\n|-start|p1b: Garchomp|perish1\n|-start|p1a: Pelipper|perish1\n|-start|p2a: Gengar|perish1\n|-sideend|p1: Khuu Gia Hung|move: Tailwind\n|upkeep\n|turn|5\n|inactive|orionsayshi has 30 seconds left.\n|\n|t:|1776316730\n|switch|p2a: Sinistcha|Sinistcha, L50|100/100\n|-heal|p2b: Incineroar|100/100|[from] ability: Hospitality|[of] p2a: Sinistcha\n|move|p2b: Incineroar|Fake Out|p1a: Pelipper\n|-damage|p1a: Pelipper|81/100\n|-activate|p1b: Garchomp|move: Struggle\n|move|p1b: Garchomp|Struggle|p2a: Sinistcha\n|-damage|p2a: Sinistcha|90/100\n|-damage|p1b: Garchomp|51/100|[from] recoil\n|cant|p1a: Pelipper|flinch\n|\n|-weather|none\n|-end|p1b: Garchomp|Encore\n|-end|p1b: Garchomp|Disable\n|-start|p1b: Garchomp|perish0\n|-start|p1a: Pelipper|perish0\n|upkeep\n|faint|p1b: Garchomp\n|faint|p1a: Pelipper\n|\n|t:|1776316746\n|switch|p1b: Archaludon|Archaludon, L50, F|100/100\n|switch|p1a: Sneasler|Sneasler, L50, M|100/100\n|turn|6\n|-message|Khuu Gia Hung forfeited.\n|\n|win|orionsayshi\n|raw|Khuu Gia Hung's rating: 1098 &rarr; <strong>1073</strong><br />(-25 for losing)\n|raw|orionsayshi's rating: 1095 &rarr; <strong>1121</strong><br />(+26 for winning)\n|l|\u2606Khuu Gia Hung\n|player|p1|\n",
  "uploadtime": 1776316754,
  "views": 18,
  "formatid": "gen9championsvgc2026regma",
  "rating": 1073,
  "private": 0,
  "password": null
}