{
  "id": "gen9championsvgc2026regma-2589511692",
  "format": "[Gen 9 Champions] VGC 2026 Reg M-A",
  "players": [
    "dizzypants",
    "MauriceSmithMD"
  ],
  "log": "|j|\u2606dizzypants\n|j|\u203dMauriceSmithMD\n|t:|1776729654\n|gametype|doubles\n|player|p1|dizzypants|lance-lgpe|1112\n|player|p2|MauriceSmithMD|1|1186\n|gen|9\n|tier|[Gen 9 Champions] VGC 2026 Reg M-A\n|rated|\n|rule|Species Clause: Limit one of each Pok\u00e9mon\n|rule|Item Clause: Limit 1 of each item\n|clearpoke\n|poke|p1|Toxicroak, L50, M|\n|poke|p1|Pelipper, L50, F|\n|poke|p1|Archaludon, L50, M|\n|poke|p1|Maushold, L50|\n|poke|p1|Basculegion, L50, M|\n|poke|p1|Meganium, L50, F|\n|poke|p2|Cofagrigus, L50, M|\n|poke|p2|Aggron, L50, M|\n|poke|p2|Wyrdeer, L50, F|\n|poke|p2|Sinistcha-Masterpiece, L50|\n|poke|p2|Camerupt, L50, F|\n|poke|p2|Bellibolt, L50, F|\n|teampreview|4\n|j| g70\nMauriceSmithMD rejected open team sheets.\n|l| g70\n|inactive|Battle timer is ON: inactive players will automatically lose when time's up. (requested by MauriceSmithMD)\n|\n|t:|1776729701\n|teamsize|p1|4\n|teamsize|p2|4\n|start\n|switch|p1a: Toxicroak|Toxicroak, L50, M|100/100\n|switch|p1b: Pelipper|Pelipper, L50, F|100/100\n|switch|p2a: Bellibolt|Bellibolt, L50, F|100/100\n|switch|p2b: Wyrdeer|Wyrdeer, L50, F|100/100\n|-weather|RainDance|[from] ability: Drizzle|[of] p1b: Pelipper\n|-ability|p2b: Wyrdeer|Intimidate|boost\n|-unboost|p1a: Toxicroak|atk|1\n|-unboost|p1b: Pelipper|atk|1\n|turn|1\n|inactive|dizzypants has 30 seconds left.\n|\n|t:|1776729727\n|switch|p1b: Meganium|Meganium, L50, F|100/100\n|move|p1a: Toxicroak|Fake Out|p2b: Wyrdeer\n|-damage|p2b: Wyrdeer|90/100\n|move|p2a: Bellibolt|Thunderbolt|p1b: Meganium\n|-resisted|p1b: Meganium|1\n|-damage|p1b: Meganium|80/100\n|cant|p2b: Wyrdeer|flinch\n|\n|-weather|RainDance|[upkeep]\n|upkeep\n|turn|2\n|\n|t:|1776729741\n|detailschange|p1b: Meganium|Meganium-Mega, L50, F\n|-mega|p1b: Meganium|Meganium|Meganiumite\n|move|p1a: Toxicroak|Knock Off|p2b: Wyrdeer\n|-supereffective|p2b: Wyrdeer|1\n|-damage|p2b: Wyrdeer|40/100\n|-enditem|p2b: Wyrdeer|Sitrus Berry|[from] move: Knock Off|[of] p1a: Toxicroak\n|move|p1b: Meganium|Solar Beam||[still]\n|-prepare|p1b: Meganium|Solar Beam\n|-activate|p1b: Meganium|ability: Mega Sol\n|-anim|p1b: Meganium|Solar Beam|p2b: Wyrdeer\n|-damage|p2b: Wyrdeer|0 fnt\n|faint|p2b: Wyrdeer\n|move|p2a: Bellibolt|Volt Switch|p1a: Toxicroak\n|-damage|p1a: Toxicroak|47/100\n|\n|t:|1776729757\n|switch|p2a: Aggron|Aggron, L50, M|100/100|[from] Volt Switch\n|\n|-weather|RainDance|[upkeep]\n|-heal|p1a: Toxicroak|60/100|[from] ability: Dry Skin\n|upkeep\n|\n|t:|1776729760\n|switch|p2b: Bellibolt|Bellibolt, L50, F|100/100\n|turn|3\n|\n|t:|1776729780\n|detailschange|p2a: Aggron|Aggron-Mega, L50, M\n|-mega|p2a: Aggron|Aggron|Aggronite\n|move|p1a: Toxicroak|Knock Off|p2b: Bellibolt\n|-damage|p2b: Bellibolt|84/100\n|-start|p2b: Bellibolt|Charge|Knock Off|[from] ability: Electromorphosis\n|-enditem|p2b: Bellibolt|Shuca Berry|[from] move: Knock Off|[of] p1a: Toxicroak\n|move|p1b: Meganium|Weather Ball|p2a: Aggron\n|-supereffective|p2a: Aggron|1\n|-damage|p2a: Aggron|29/100\n|move|p2b: Bellibolt|Slack Off|p2b: Bellibolt\n|-heal|p2b: Bellibolt|100/100\n|move|p2a: Aggron|Heavy Slam|p1b: Meganium\n|-supereffective|p1b: Meganium|1\n|-damage|p1b: Meganium|48/100\n|\n|-weather|RainDance|[upkeep]\n|-heal|p1a: Toxicroak|72/100|[from] ability: Dry Skin\n|upkeep\n|turn|4\n|\n|t:|1776729803\n|move|p1a: Toxicroak|Close Combat|p2a: Aggron\n|-supereffective|p2a: Aggron|1\n|-damage|p2a: Aggron|1/100\n|-unboost|p1a: Toxicroak|def|1\n|-unboost|p1a: Toxicroak|spd|1\n|move|p1b: Meganium|Solar Beam||[still]\n|-prepare|p1b: Meganium|Solar Beam\n|-activate|p1b: Meganium|ability: Mega Sol\n|-anim|p1b: Meganium|Solar Beam|p2b: Bellibolt\n|-damage|p2b: Bellibolt|30/100\n|-start|p2b: Bellibolt|Charge|Solar Beam|[from] ability: Electromorphosis\n|move|p2b: Bellibolt|Thunderbolt|p1a: Toxicroak\n|-damage|p1a: Toxicroak|0 fnt\n|faint|p1a: Toxicroak\n|-end|p2b: Bellibolt|Charge|[silent]\n|move|p2a: Aggron|Rest|p2a: Aggron\n|-status|p2a: Aggron|slp|[from] move: Rest\n|-heal|p2a: Aggron|100/100 slp|[silent]\n|\n|-weather|RainDance|[upkeep]\n|upkeep\n|\n|t:|1776729823\n|switch|p1a: Basculegion|Basculegion, L50, M|100/100\n|turn|5\n|\n|t:|1776729836\n|move|p1a: Basculegion|Wave Crash|p2b: Bellibolt\n|-damage|p2b: Bellibolt|0 fnt\n|faint|p2b: Bellibolt\n|-damage|p1a: Basculegion|90/100|[from] Recoil\n|move|p1b: Meganium|Weather Ball|p2a: Aggron\n|-supereffective|p2a: Aggron|1\n|-damage|p2a: Aggron|21/100 slp\n|cant|p2a: Aggron|slp\n|move|p2a: Aggron|Sleep Talk|p2a: Aggron\n|move|p2a: Aggron|Heavy Slam|p1b: Meganium|[from] move: Sleep Talk\n|-supereffective|p1b: Meganium|1\n|-damage|p1b: Meganium|14/100\n|\n|-weather|none\n|upkeep\n|\n|t:|1776729849\n|switch|p2b: Sinistcha|Sinistcha-Masterpiece, L50|100/100\n|-heal|p2a: Aggron|46/100 slp|[from] ability: Hospitality|[of] p2b: Sinistcha\n|turn|6\n|\n|t:|1776729862\n|switch|p1a: Pelipper|Pelipper, L50, F|100/100\n|-weather|RainDance|[from] ability: Drizzle|[of] p1a: Pelipper\n|move|p1b: Meganium|Weather Ball|p2a: Aggron\n|-supereffective|p2a: Aggron|1\n|-damage|p2a: Aggron|0 fnt\n|faint|p2a: Aggron\n|move|p2b: Sinistcha|Matcha Gotcha|p1b: Meganium|[spread] p1a,p1b\n|-resisted|p1b: Meganium|1\n|-damage|p1a: Pelipper|56/100\n|-damage|p1b: Meganium|5/100\n|\n|-weather|RainDance|[upkeep]\n|upkeep\n|turn|7\n|\n|t:|1776729881\n|move|p1a: Pelipper|Hurricane|p2b: Sinistcha\n|-supereffective|p2b: Sinistcha|1\n|-damage|p2b: Sinistcha|18/100\n|move|p1b: Meganium|Weather Ball|p2b: Sinistcha\n|-supereffective|p2b: Sinistcha|1\n|-damage|p2b: Sinistcha|0 fnt\n|faint|p2b: Sinistcha\n|\n|win|dizzypants\n|raw|dizzypants's rating: 1112 &rarr; <strong>1142</strong><br />(+30 for winning)\n|raw|MauriceSmithMD's rating: 1186 &rarr; <strong>1156</strong><br />(-30 for losing)\n|l|\u203dMauriceSmithMD\n|player|p2|\n",
  "uploadtime": 1776729891,
  "views": 3,
  "formatid": "gen9championsvgc2026regma",
  "rating": 1142,
  "private": 0,
  "password": null
}