{
  "id": "gen9championsvgc2026regma-2587200298",
  "format": "[Gen 9 Champions] VGC 2026 Reg M-A",
  "players": [
    "HelloThere72",
    "hide on whimscott"
  ],
  "log": "|j|\u2606HelloThere72\n|j|\u2606hide on whimscott\n|t:|1776508000\n|gametype|doubles\n|player|p1|HelloThere72|rood|1231\n|player|p2|hide on whimscott|artist-gen4|1313\n|gen|9\n|tier|[Gen 9 Champions] VGC 2026 Reg M-A\n|rated|\n|rule|Species Clause: Limit one of each Pok\u00e9mon\n|rule|Item Clause: Limit 1 of each item\n|clearpoke\n|poke|p1|Meganium, L50, F, shiny|\n|poke|p1|Pelipper, L50, M|\n|poke|p1|Basculegion, L50, M, shiny|\n|poke|p1|Primarina, L50, F|\n|poke|p1|Aegislash, L50, M, shiny|\n|poke|p1|Weavile, L50, F|\n|poke|p2|Kingambit, L50, F|\n|poke|p2|Kangaskhan, L50, F|\n|poke|p2|Blastoise, L50, F|\n|poke|p2|Sinistcha, L50|\n|poke|p2|Aerodactyl, L50, F|\n|poke|p2|Farigiraf, L50, F|\n|teampreview|4\n|inactive|Battle timer is ON: inactive players will automatically lose when time's up. (requested by HelloThere72)\n|inactive|HelloThere72 has 60 seconds left.\n|inactive|hide on whimscott has 60 seconds left.\n|\n|t:|1776508044\n|teamsize|p1|4\n|teamsize|p2|4\n|start\n|switch|p1a: Weavile|Weavile, L50, F|100/100\n|switch|p1b: Meganium|Meganium, L50, F, shiny|100/100\n|switch|p2a: Farigiraf|Farigiraf, L50, F|100/100\n|switch|p2b: Blastoise|Blastoise, L50, F|100/100\n|-ability|p1a: Weavile|Pressure\n|turn|1\n|\n|t:|1776508060\n|detailschange|p1b: Meganium|Meganium-Mega, L50, F, shiny\n|-mega|p1b: Meganium|Meganium|Meganiumite\n|detailschange|p2b: Blastoise|Blastoise-Mega, L50, F\n|-mega|p2b: Blastoise|Blastoise|Blastoisinite\n|move|p2b: Blastoise|Fake Out|p1b: Meganium\n|-damage|p1b: Meganium|93/100\n|move|p1a: Weavile|Knock Off|p2a: Farigiraf\n|-supereffective|p2a: Farigiraf|1\n|-damage|p2a: Farigiraf|30/100\n|-enditem|p2a: Farigiraf|Sitrus Berry|[from] move: Knock Off|[of] p1a: Weavile\n|cant|p1b: Meganium|flinch\n|move|p2a: Farigiraf|Trick Room|p2a: Farigiraf\n|-fieldstart|move: Trick Room|[of] p2a: Farigiraf\n|\n|upkeep\n|turn|2\n|inactive|hide on whimscott has 30 seconds left.\n|\n|t:|1776508087\n|switch|p2b: Sinistcha|Sinistcha, L50|100/100\n|-heal|p2a: Farigiraf|55/100|[from] ability: Hospitality|[of] p2b: Sinistcha\n|switch|p1a: Pelipper|Pelipper, L50, M|100/100\n|-weather|RainDance|[from] ability: Drizzle|[of] p1a: Pelipper\n|move|p2a: Farigiraf|Hyper Voice|p1b: Meganium|[spread] p1a,p1b\n|-damage|p1a: Pelipper|62/100\n|-damage|p1b: Meganium|71/100\n|move|p1b: Meganium|Dazzling Gleam|p2b: Sinistcha|[spread] p2a,p2b\n|-damage|p2a: Farigiraf|21/100\n|-damage|p2b: Sinistcha|67/100\n|\n|-weather|RainDance|[upkeep]\n|upkeep\n|turn|3\n|inactive|HelloThere72 has 30 seconds left.\n|inactive|hide on whimscott has 30 seconds left.\n|inactive|HelloThere72 has 20 seconds left.\n|inactive|hide on whimscott has 20 seconds left.\n|\n|t:|1776508127\n|switch|p2a: Kingambit|Kingambit, L50, F|100/100\n|move|p2b: Sinistcha|Matcha Gotcha|p1b: Meganium|[spread] p1a,p1b\n|-resisted|p1b: Meganium|1\n|-damage|p1a: Pelipper|25/100\n|-heal|p2b: Sinistcha|83/100|[from] drain|[of] p1a: Pelipper\n|-damage|p1b: Meganium|61/100\n|-heal|p2b: Sinistcha|88/100|[from] drain|[of] p1b: Meganium\n|move|p1b: Meganium|Dazzling Gleam|p2b: Sinistcha|[spread] p2a,p2b\n|-damage|p2a: Kingambit|63/100\n|-damage|p2b: Sinistcha|52/100\n|move|p1a: Pelipper|Hurricane|p2b: Sinistcha\n|-supereffective|p2b: Sinistcha|1\n|-crit|p2b: Sinistcha\n|-damage|p2b: Sinistcha|0 fnt\n|faint|p2b: Sinistcha\n|\n|-weather|RainDance|[upkeep]\n|upkeep\n|\n|t:|1776508137\n|switch|p2b: Blastoise|Blastoise-Mega, L50, F|100/100\n|turn|4\n|\n|t:|1776508155\n|move|p1b: Meganium|Protect|p1b: Meganium\n|-singleturn|p1b: Meganium|Protect\n|move|p2a: Kingambit|Iron Head|p1b: Meganium\n|-activate|p1b: Meganium|move: Protect\n|move|p2b: Blastoise|Water Spout|p1b: Meganium|[spread] p1a\n|-activate|p1b: Meganium|move: Protect\n|-resisted|p1a: Pelipper|1\n|-damage|p1a: Pelipper|0 fnt\n|faint|p1a: Pelipper\n|\n|-weather|RainDance|[upkeep]\n|upkeep\n|\n|t:|1776508168\n|switch|p1a: Weavile|Weavile, L50, F|100/100\n|-ability|p1a: Weavile|Pressure\n|turn|5\n|inactive|HelloThere72 has 30 seconds left.\n|\n|t:|1776508200\n|switch|p2b: Farigiraf|Farigiraf, L50, F|21/100\n|move|p1a: Weavile|Fake Out||[still]\n|cant|p2b: Farigiraf|ability: Armor Tail|Fake Out|[of] p1a: Weavile\n|move|p2a: Kingambit|Iron Head|p1b: Meganium\n|-supereffective|p1b: Meganium|1\n|-damage|p1b: Meganium|0 fnt\n|faint|p1b: Meganium\n|\n|-weather|RainDance|[upkeep]\n|-fieldend|move: Trick Room\n|upkeep\n|\n|t:|1776508208\n|switch|p1b: Basculegion|Basculegion, L50, M, shiny|100/100\n|turn|6\n|\n|t:|1776508233\n|move|p2a: Kingambit|Sucker Punch|p1b: Basculegion\n|-supereffective|p1b: Basculegion|1\n|-crit|p1b: Basculegion\n|-damage|p1b: Basculegion|0 fnt\n|faint|p1b: Basculegion\n|move|p1a: Weavile|Knock Off|p2b: Farigiraf\n|-supereffective|p2b: Farigiraf|1\n|-damage|p2b: Farigiraf|0 fnt\n|faint|p2b: Farigiraf\n|\n|-weather|none\n|upkeep\n|\n|t:|1776508238\n|switch|p2b: Blastoise|Blastoise-Mega, L50, F|100/100\n|turn|7\n|\n|t:|1776508245\n|move|p1a: Weavile|Protect|p1a: Weavile\n|-singleturn|p1a: Weavile|Protect\n|move|p2a: Kingambit|Sucker Punch||[still]\n|-fail|p2a: Kingambit\n|move|p2b: Blastoise|Water Pulse|p1a: Weavile\n|-activate|p1a: Weavile|move: Protect\n|\n|upkeep\n|turn|8\n|\n|t:|1776508256\n|move|p2a: Kingambit|Sucker Punch|p1a: Weavile\n|-resisted|p1a: Weavile|1\n|-damage|p1a: Weavile|59/100\n|move|p1a: Weavile|Knock Off|p2b: Blastoise\n|-damage|p2b: Blastoise|69/100\n|move|p2b: Blastoise|Water Pulse|p1a: Weavile\n|-damage|p1a: Weavile|0 fnt\n|faint|p1a: Weavile\n|\n|win|hide on whimscott\n|raw|HelloThere72's rating: 1231 &rarr; <strong>1212</strong><br />(-19 for losing)\n|raw|hide on whimscott's rating: 1313 &rarr; <strong>1328</strong><br />(+15 for winning)\n",
  "uploadtime": 1776508256,
  "views": 17,
  "formatid": "gen9championsvgc2026regma",
  "rating": 1212,
  "private": 0,
  "password": null
}