{
  "id": "gen9championsvgc2026regma-2586297428",
  "format": "[Gen 9 Champions] VGC 2026 Reg M-A",
  "players": [
    "pertipo",
    "shnowyy"
  ],
  "log": "|j|\u2606pertipo\n|j|\u2606shnowyy\n|t:|1776422608\n|gametype|doubles\n|player|p1|pertipo|265|1262\n|player|p2|shnowyy|clerkf|1234\n|gen|9\n|tier|[Gen 9 Champions] VGC 2026 Reg M-A\n|rated|\n|rule|Species Clause: Limit one of each Pok\u00e9mon\n|rule|Item Clause: Limit 1 of each item\n|clearpoke\n|poke|p1|Pelipper, L50, F|\n|poke|p1|Basculegion, L50, M|\n|poke|p1|Archaludon, L50, F|\n|poke|p1|Incineroar, L50, F|\n|poke|p1|Corviknight, L50, F|\n|poke|p1|Meganium, L50, M|\n|poke|p2|Garchomp, L50, M|\n|poke|p2|Ninetales-Alola, L50, M|\n|poke|p2|Ceruledge, L50, F|\n|poke|p2|Emolga, L50, F|\n|poke|p2|Corviknight, L50, M|\n|poke|p2|Gardevoir, L50, F|\n|teampreview|4\n|inactive|Battle timer is ON: inactive players will automatically lose when time's up. (requested by shnowyy)\n|inactive|pertipo has 60 seconds left.\n|inactive|shnowyy has 60 seconds left.\n|\n|t:|1776422646\n|teamsize|p1|4\n|teamsize|p2|4\n|start\n|switch|p1a: Corviknight|Corviknight, L50, F|100/100\n|switch|p1b: Archaludon|Archaludon, L50, F|100/100\n|switch|p2a: Ceruledge|Ceruledge, L50, F|100/100\n|switch|p2b: Corviknight|Corviknight, L50, M|100/100\n|turn|1\n|inactive|shnowyy has 30 seconds left.\n|\n|t:|1776422680\n|switch|p1b: Basculegion|Basculegion, L50, M|100/100\n|switch|p2b: Emolga|Emolga, L50, F|100/100\n|move|p2a: Ceruledge|Close Combat|p1b: Basculegion\n|-immune|p1b: Basculegion\n|move|p1a: Corviknight|Tailwind|p1a: Corviknight\n|-sidestart|p1: pertipo|move: Tailwind\n|\n|upkeep\n|turn|2\n|inactive|pertipo has 30 seconds left.\n|inactive|shnowyy has 30 seconds left.\n|inactive|pertipo has 20 seconds left.\n|inactive|shnowyy has 20 seconds left.\n|inactive|shnowyy has 15 seconds left.\n|\n|t:|1776422743\n|move|p2a: Ceruledge|Protect|p2a: Ceruledge\n|-singleturn|p2a: Ceruledge|Protect\n|move|p1b: Basculegion|Flip Turn|p2a: Ceruledge\n|-activate|p2a: Ceruledge|move: Protect\n|move|p1a: Corviknight|Brave Bird|p2b: Emolga\n|-resisted|p2b: Emolga|1\n|-damage|p2b: Emolga|66/100\n|-damage|p1a: Corviknight|93/100|[from] Recoil\n|move|p2b: Emolga|Volt Switch|p1b: Basculegion\n|-supereffective|p1b: Basculegion|1\n|-damage|p1b: Basculegion|41/100\n|\n|t:|1776422755\n|switch|p2b: Corviknight|Corviknight, L50, M|100/100|[from] Volt Switch\n|\n|upkeep\n|turn|3\n|\n|t:|1776422772\n|move|p2a: Ceruledge|Shadow Sneak|p1b: Basculegion\n|-supereffective|p1b: Basculegion|1\n|-damage|p1b: Basculegion|0 fnt\n|faint|p1b: Basculegion\n|move|p1a: Corviknight|Body Press|p2b: Corviknight\n|-damage|p2b: Corviknight|85/100\n|move|p2b: Corviknight|Tailwind|p2b: Corviknight\n|-sidestart|p2: shnowyy|move: Tailwind\n|\n|upkeep\n|\n|t:|1776422783\n|switch|p1b: Pelipper|Pelipper, L50, F|100/100\n|-weather|RainDance|[from] ability: Drizzle|[of] p1b: Pelipper\n|turn|4\n|\n|t:|1776422805\n|switch|p2a: Gardevoir|Gardevoir, L50, F|100/100\n|-ability|p2a: Gardevoir|Mirror Armor|Trace|[from] ability: Trace|[of] p1a: Corviknight\n|move|p1b: Pelipper|Weather Ball|p2b: Corviknight\n|-damage|p2b: Corviknight|18/100\n|-enditem|p2b: Corviknight|Sitrus Berry|[eat]\n|-heal|p2b: Corviknight|43/100|[from] item: Sitrus Berry\n|move|p2b: Corviknight|Brave Bird|p1b: Pelipper\n|-damage|p1b: Pelipper|47/100\n|-damage|p2b: Corviknight|31/100|[from] Recoil\n|move|p1a: Corviknight|Brave Bird|p2a: Gardevoir\n|-damage|p2a: Gardevoir|48/100\n|-damage|p1a: Corviknight|79/100|[from] Recoil\n|\n|-weather|RainDance|[upkeep]\n|-sideend|p1: pertipo|move: Tailwind\n|upkeep\n|turn|5\n|inactive|shnowyy has 30 seconds left.\n|\n|t:|1776422832\n|detailschange|p2a: Gardevoir|Gardevoir-Mega, L50, F\n|-mega|p2a: Gardevoir|Gardevoir|Gardevoirite\n|move|p1b: Pelipper|Protect|p1b: Pelipper\n|-singleturn|p1b: Pelipper|Protect\n|move|p2a: Gardevoir|Hyper Voice|p1b: Pelipper|[spread] p1a\n|-activate|p1b: Pelipper|move: Protect\n|-resisted|p1a: Corviknight|1\n|-damage|p1a: Corviknight|53/100\n|move|p2b: Corviknight|Iron Defense|p2b: Corviknight\n|-boost|p2b: Corviknight|def|2\n|move|p1a: Corviknight|Tailwind|p1a: Corviknight\n|-sidestart|p1: pertipo|move: Tailwind\n|\n|-weather|RainDance|[upkeep]\n|upkeep\n|turn|6\n|inactive|shnowyy has 30 seconds left.\n|\n|t:|1776422858\n|move|p2a: Gardevoir|Protect|p2a: Gardevoir\n|-singleturn|p2a: Gardevoir|Protect\n|move|p1b: Pelipper|Weather Ball|p2b: Corviknight\n|-damage|p2b: Corviknight|0 fnt\n|faint|p2b: Corviknight\n|move|p1a: Corviknight|Brave Bird|p2a: Gardevoir\n|-activate|p2a: Gardevoir|move: Protect\n|\n|-weather|RainDance|[upkeep]\n|-sideend|p2: shnowyy|move: Tailwind\n|upkeep\n|\n|t:|1776422870\n|switch|p2b: Ceruledge|Ceruledge, L50, F|100/100\n|turn|7\n|\n|t:|1776422888\n|switch|p1b: Archaludon|Archaludon, L50, F|100/100\n|switch|p2a: Emolga|Emolga, L50, F|66/100\n|move|p2b: Ceruledge|Protect|p2b: Ceruledge\n|-singleturn|p2b: Ceruledge|Protect\n|move|p1a: Corviknight|Brave Bird|p2a: Emolga\n|-resisted|p2a: Emolga|1\n|-damage|p2a: Emolga|32/100\n|-damage|p1a: Corviknight|46/100|[from] Recoil\n|-enditem|p1a: Corviknight|Sitrus Berry|[eat]\n|-heal|p1a: Corviknight|71/100|[from] item: Sitrus Berry\n|\n|-weather|RainDance|[upkeep]\n|upkeep\n|turn|8\n|inactive|pertipo has 30 seconds left.\n|\n|t:|1776422917\n|move|p1b: Archaludon|Electro Shot||[still]\n|-prepare|p1b: Archaludon|Electro Shot\n|-boost|p1b: Archaludon|spa|1\n|-anim|p1b: Archaludon|Electro Shot|p2b: Ceruledge\n|-damage|p2b: Ceruledge|36/100\n|move|p1a: Corviknight|Brave Bird|p2b: Ceruledge\n|-damage|p2b: Ceruledge|0 fnt\n|faint|p2b: Ceruledge\n|-damage|p1a: Corviknight|60/100|[from] Recoil\n|move|p2a: Emolga|Volt Switch|p1a: Corviknight\n|-supereffective|p1a: Corviknight|1\n|-damage|p1a: Corviknight|7/100\n|\n|t:|1776422930\n|switch|p2a: Gardevoir|Gardevoir-Mega, L50, F|48/100|[from] Volt Switch\n|\n|-weather|none\n|-sideend|p1: pertipo|move: Tailwind\n|upkeep\n|\n|t:|1776422932\n|switch|p2b: Emolga|Emolga, L50, F|32/100\n|turn|9\n|\n|t:|1776422945\n|move|p1a: Corviknight|Protect|p1a: Corviknight\n|-singleturn|p1a: Corviknight|Protect\n|move|p2b: Emolga|Volt Switch|p1a: Corviknight\n|-activate|p1a: Corviknight|move: Protect\n|move|p2a: Gardevoir|Aura Sphere|p1b: Archaludon\n|-supereffective|p1b: Archaludon|1\n|-damage|p1b: Archaludon|4/100\n|-ability|p1b: Archaludon|Stamina|boost\n|-boost|p1b: Archaludon|def|1\n|move|p1b: Archaludon|Flash Cannon|p2a: Gardevoir\n|-supereffective|p2a: Gardevoir|1\n|-damage|p2a: Gardevoir|0 fnt\n|faint|p2a: Gardevoir\n|\n|-heal|p1b: Archaludon|10/100|[from] item: Leftovers\n|upkeep\n|turn|10\n|\n|t:|1776422966\n|move|p2b: Emolga|Discharge|p1a: Corviknight|[spread] p1a,p1b\n|-supereffective|p1a: Corviknight|1\n|-resisted|p1b: Archaludon|1\n|-damage|p1a: Corviknight|0 fnt\n|-damage|p1b: Archaludon|0 fnt\n|faint|p1a: Corviknight\n|faint|p1b: Archaludon\n|\n|upkeep\n|\n|t:|1776422978\n|switch|p1a: Pelipper|Pelipper, L50, F|47/100\n|-weather|RainDance|[from] ability: Drizzle|[of] p1a: Pelipper\n|turn|11\n|\n|t:|1776422986\n|move|p2b: Emolga|Discharge|p1a: Pelipper\n|-supereffective|p1a: Pelipper|2\n|-damage|p1a: Pelipper|0 fnt\n|faint|p1a: Pelipper\n|\n|win|shnowyy\n|raw|pertipo's rating: 1262 &rarr; <strong>1235</strong><br />(-27 for losing)\n|raw|shnowyy's rating: 1234 &rarr; <strong>1261</strong><br />(+27 for winning)\n|l|\u2606pertipo\n|player|p1|\n",
  "uploadtime": 1776422993,
  "views": 64,
  "formatid": "gen9championsvgc2026regma",
  "rating": 1235,
  "private": 0,
  "password": null
}