{
  "id": "gen9championsvgc2026regma-2582466509",
  "format": "[Gen 9 Champions] VGC 2026 Reg M-A",
  "players": [
    "pikachu10001",
    "slyvesterccd"
  ],
  "log": "|j|\u2606pikachu10001\n|j|\u2606slyvesterccd\n|t:|1776093529\n|gametype|doubles\n|player|p1|pikachu10001|102|\n|player|p2|slyvesterccd|1|\n|gen|9\n|tier|[Gen 9 Champions] VGC 2026 Reg M-A\n|rule|Species Clause: Limit one of each Pok\u00e9mon\n|rule|Item Clause: Limit 1 of each item\n|clearpoke\n|poke|p1|Camerupt, L50, F|\n|poke|p1|Hatterene, L50, F|\n|poke|p1|Appletun, L50, F|\n|poke|p1|Slowbro-Galar, L50, F|\n|poke|p1|Torkoal, L50, F|\n|poke|p2|Gengar, L50, M|\n|poke|p2|Incineroar, L50, M|\n|poke|p2|Kingambit, L50, M|\n|poke|p2|Kommo-o, L50, M|\n|poke|p2|Sinistcha-Masterpiece, L50|\n|poke|p2|Tyranitar, L50, M|\n|teampreview|4\n|\n|t:|1776093546\n|teamsize|p1|4\n|teamsize|p2|4\n|start\n|switch|p1a: Hatterene|Hatterene, L50, F|100/100\n|switch|p1b: Slowbro|Slowbro-Galar, L50, F|100/100\n|switch|p2a: Kommo-o|Kommo-o, L50, M|100/100\n|switch|p2b: Tyranitar|Tyranitar, L50, M|100/100\n|-weather|Sandstorm|[from] ability: Sand Stream|[of] p2b: Tyranitar\n|turn|1\n|\n|t:|1776093578\n|move|p2b: Tyranitar|Earthquake|p1a: Hatterene|[spread] p2a,p1a,p1b\n|-supereffective|p1b: Slowbro|1\n|-damage|p2a: Kommo-o|73/100\n|-damage|p1a: Hatterene|72/100\n|-damage|p1b: Slowbro|54/100\n|move|p2a: Kommo-o|Aura Sphere|p1a: Hatterene\n|-resisted|p1a: Hatterene|2\n|-damage|p1a: Hatterene|63/100\n|move|p1a: Hatterene|Psychic Noise|p2a: Kommo-o\n|-supereffective|p2a: Kommo-o|1\n|-damage|p2a: Kommo-o|0 fnt\n|faint|p2a: Kommo-o\n|move|p1b: Slowbro|Trick Room|p1b: Slowbro\n|-fieldstart|move: Trick Room|[of] p1b: Slowbro\n|\n|-weather|Sandstorm|[upkeep]\n|-damage|p1b: Slowbro|48/100|[from] Sandstorm\n|-damage|p1a: Hatterene|57/100|[from] Sandstorm\n|-heal|p1b: Slowbro|54/100|[from] item: Leftovers\n|upkeep\n|\n|t:|1776093585\n|switch|p2a: Kingambit|Kingambit, L50, M, shiny|100/100\n|turn|2\n|\n|t:|1776093602\n|move|p1b: Slowbro|Foul Play|p2a: Kingambit\n|-resisted|p2a: Kingambit|1\n|-damage|p2a: Kingambit|87/100\n|move|p1a: Hatterene|Mystical Fire|p2a: Kingambit\n|-supereffective|p2a: Kingambit|1\n|-damage|p2a: Kingambit|31/100\n|-unboost|p2a: Kingambit|spa|1\n|-ability|p2a: Kingambit|Defiant|boost\n|-boost|p2a: Kingambit|atk|2\n|move|p2a: Kingambit|Iron Head|p1a: Hatterene\n|-supereffective|p1a: Hatterene|1\n|-crit|p1a: Hatterene\n|-damage|p1a: Hatterene|0 fnt\n|faint|p1a: Hatterene\n|move|p2b: Tyranitar|Earthquake|p1b: Slowbro|[spread] p2a,p1b\n|-supereffective|p2a: Kingambit|1\n|-supereffective|p1b: Slowbro|1\n|-damage|p2a: Kingambit|0 fnt\n|-damage|p1b: Slowbro|2/100\n|faint|p2a: Kingambit\n|\n|-weather|Sandstorm|[upkeep]\n|-damage|p1b: Slowbro|0 fnt|[from] Sandstorm\n|faint|p1b: Slowbro\n|upkeep\n|c|\u2606slyvesterccd|i threw\n|\n|t:|1776093618\n|switch|p1b: Torkoal|Torkoal, L50, F|100/100\n|switch|p1a: Camerupt|Camerupt, L50, F|100/100\n|switch|p2a: Gengar|Gengar, L50, M, shiny|100/100\n|-weather|SunnyDay|[from] ability: Drought|[of] p1b: Torkoal\n|turn|3\n|\n|t:|1776093633\n|detailschange|p1a: Camerupt|Camerupt-Mega, L50, F\n|-mega|p1a: Camerupt|Camerupt|Cameruptite\n|detailschange|p2a: Gengar|Gengar-Mega, L50, M, shiny\n|-mega|p2a: Gengar|Gengar|Gengarite\n|move|p2a: Gengar|Protect|p2a: Gengar\n|-singleturn|p2a: Gengar|Protect\n|move|p1a: Camerupt|Eruption|p2a: Gengar|[spread] p2b\n|-activate|p2a: Gengar|move: Protect\n|-resisted|p2b: Tyranitar|1\n|-damage|p2b: Tyranitar|51/100\n|move|p1b: Torkoal|Eruption|p2b: Tyranitar|[spread] p2b\n|-activate|p2a: Gengar|move: Protect\n|-resisted|p2b: Tyranitar|1\n|-damage|p2b: Tyranitar|3/100\n|move|p2b: Tyranitar|Earthquake|p1b: Torkoal|[spread] p1a,p1b\n|-activate|p2a: Gengar|move: Protect\n|-supereffective|p1a: Camerupt|1\n|-supereffective|p1b: Torkoal|1\n|-damage|p1a: Camerupt|43/100\n|-damage|p1b: Torkoal|61/100\n|\n|-weather|SunnyDay|[upkeep]\n|upkeep\n|turn|4\n|\n|t:|1776093654\n|move|p1a: Camerupt|Scorching Sands|p2a: Gengar\n|-supereffective|p2a: Gengar|1\n|-crit|p2a: Gengar\n|-damage|p2a: Gengar|0 fnt\n|faint|p2a: Gengar\n|move|p1b: Torkoal|Heat Wave|p2b: Tyranitar|[miss]\n|-miss|p1b: Torkoal|p2b: Tyranitar\n|move|p2b: Tyranitar|Earthquake|p1b: Torkoal|[spread] p1a,p1b\n|-supereffective|p1a: Camerupt|1\n|-supereffective|p1b: Torkoal|1\n|-damage|p1a: Camerupt|0 fnt\n|-damage|p1b: Torkoal|18/100\n|faint|p1a: Camerupt\n|\n|-weather|SunnyDay|[upkeep]\n|upkeep\n|turn|5\n|\n|t:|1776093663\n|move|p1b: Torkoal|Eruption|p2b: Tyranitar\n|-resisted|p2b: Tyranitar|1\n|-damage|p2b: Tyranitar|0 fnt\n|faint|p2b: Tyranitar\n|\n|win|pikachu10001\n|c|\u2606slyvesterccd|ahh close\n|c|\u2606pikachu10001|Lol\n|l|\u2606slyvesterccd\n|player|p2|\n",
  "uploadtime": 1776093686,
  "views": 10,
  "formatid": "gen9championsvgc2026regma",
  "rating": null,
  "private": 0,
  "password": null
}