{
  "id": "gen9championsvgc2026regma-2582183511",
  "format": "[Gen 9 Champions] VGC 2026 Reg M-A",
  "players": [
    "nirbnut",
    "Niko highway"
  ],
  "log": "|j|\u2606nirbnut\n|j|\u2606Niko highway\n|t:|1776068530\n|gametype|doubles\n|player|p1|nirbnut|clair|1258\n|player|p2|Niko highway|266|1353\n|gen|9\n|tier|[Gen 9 Champions] VGC 2026 Reg M-A\n|rated|\n|rule|Species Clause: Limit one of each Pok\u00e9mon\n|rule|Item Clause: Limit 1 of each item\n|clearpoke\n|poke|p1|Floette-Eternal, L50, F|\n|poke|p1|Incineroar, L50, F|\n|poke|p1|Garchomp, L50, F|\n|poke|p1|Aerodactyl, L50, F|\n|poke|p1|Tyranitar, L50, M|\n|poke|p1|Rotom-Wash, L50|\n|poke|p2|Incineroar, L50, F|\n|poke|p2|Conkeldurr, L50, M|\n|poke|p2|Sinistcha, L50|\n|poke|p2|Cofagrigus, L50, F|\n|poke|p2|Drampa, L50, F|\n|poke|p2|Aggron, L50, F|\n|teampreview|4\n|inactive|Battle timer is ON: inactive players will automatically lose when time's up. (requested by nirbnut)\n|inactive|nirbnut has 60 seconds left.\n|inactive|nirbnut has 30 seconds left.\n|\n|t:|1776068593\n|teamsize|p1|4\n|teamsize|p2|4\n|start\n|switch|p1a: Aerodactyl|Aerodactyl, L50, F|100/100\n|switch|p1b: Floette|Floette-Eternal, L50, F|100/100\n|switch|p2a: Cofagrigus|Cofagrigus, L50, F|100/100\n|switch|p2b: Incineroar|Incineroar, L50, F|100/100\n|-ability|p1a: Aerodactyl|Unnerve\n|-ability|p2b: Incineroar|Intimidate|boost\n|-unboost|p1a: Aerodactyl|atk|1\n|-unboost|p1b: Floette|atk|1\n|turn|1\n|\n|t:|1776068615\n|move|p1b: Floette|Protect|p1b: Floette\n|-singleturn|p1b: Floette|Protect\n|move|p2b: Incineroar|Fake Out|p1a: Aerodactyl\n|-resisted|p1a: Aerodactyl|1\n|-damage|p1a: Aerodactyl|90/100\n|cant|p1a: Aerodactyl|flinch\n|move|p2a: Cofagrigus|Trick Room|p2a: Cofagrigus\n|-fieldstart|move: Trick Room|[of] p2a: Cofagrigus\n|\n|upkeep\n|turn|2\n|inactive|nirbnut has 30 seconds left.\n|\n|t:|1776068645\n|switch|p1b: Rotom|Rotom-Wash, L50|100/100\n|switch|p1a: Garchomp|Garchomp, L50, F|100/100\n|move|p2a: Cofagrigus|Shadow Ball|p1b: Rotom\n|-damage|p1b: Rotom|70/100\n|move|p2b: Incineroar|Flare Blitz|p1b: Rotom\n|-resisted|p1b: Rotom|1\n|-damage|p1b: Rotom|41/100\n|-damage|p2b: Incineroar|93/100|[from] Recoil\n|\n|upkeep\n|turn|3\n|\n|t:|1776068667\n|move|p1b: Rotom|Protect|p1b: Rotom\n|-singleturn|p1b: Rotom|Protect\n|move|p2a: Cofagrigus|Will-O-Wisp|p1a: Garchomp\n|-status|p1a: Garchomp|brn\n|move|p2b: Incineroar|Parting Shot|p1b: Rotom\n|-activate|p1b: Rotom|move: Protect\n|move|p1a: Garchomp|Stomping Tantrum|p2b: Incineroar\n|-supereffective|p2b: Incineroar|1\n|-damage|p2b: Incineroar|53/100\n|\n|-damage|p1a: Garchomp|95/100 brn|[from] brn\n|upkeep\n|turn|4\n|inactive|Niko highway has 30 seconds left.\n|inactive|Niko highway has 20 seconds left.\n|\n|t:|1776068706\n|move|p2a: Cofagrigus|Shadow Ball|p1b: Rotom\n|-damage|p1b: Rotom|15/100\n|move|p2b: Incineroar|Throat Chop|p1b: Rotom\n|-damage|p1b: Rotom|0 fnt\n|faint|p1b: Rotom\n|move|p1a: Garchomp|Stomping Tantrum|p2b: Incineroar\n|-supereffective|p2b: Incineroar|1\n|-damage|p2b: Incineroar|17/100\n|-enditem|p2b: Incineroar|Sitrus Berry|[eat]\n|-heal|p2b: Incineroar|42/100|[from] item: Sitrus Berry\n|\n|-damage|p1a: Garchomp|89/100 brn|[from] brn\n|upkeep\n|inactive|nirbnut has 30 seconds left.\n|\n|t:|1776068740\n|switch|p1b: Floette|Floette-Eternal, L50, F|100/100\n|turn|5\n|inactive|Niko highway has 30 seconds left.\n|\n|t:|1776068775\n|move|p1b: Floette|Protect|p1b: Floette\n|-singleturn|p1b: Floette|Protect\n|move|p2a: Cofagrigus|Shadow Ball|p1b: Floette\n|-activate|p1b: Floette|move: Protect\n|move|p2b: Incineroar|Parting Shot|p1a: Garchomp\n|-unboost|p1a: Garchomp|atk|1\n|-unboost|p1a: Garchomp|spa|1\n|\n|t:|1776068784\n|switch|p2b: Sinistcha|Sinistcha, L50|100/100|[from] Parting Shot\n|move|p1a: Garchomp|Scale Shot|p2a: Cofagrigus\n|-damage|p2a: Cofagrigus|97/100\n|-damage|p2a: Cofagrigus|94/100\n|-damage|p2a: Cofagrigus|90/100\n|-damage|p2a: Cofagrigus|87/100\n|-damage|p2a: Cofagrigus|83/100\n|-hitcount|p2a: Cofagrigus|5\n|-unboost|p1a: Garchomp|def|1\n|-boost|p1a: Garchomp|spe|1\n|\n|-heal|p2a: Cofagrigus|89/100|[from] item: Leftovers\n|-damage|p1a: Garchomp|83/100 brn|[from] brn\n|-fieldend|move: Trick Room\n|upkeep\n|turn|6\n|\n|t:|1776068799\n|switch|p1a: Aerodactyl|Aerodactyl, L50, F|90/100\n|-ability|p1a: Aerodactyl|Unnerve\n|detailschange|p1b: Floette|Floette-Mega, L50, F\n|-mega|p1b: Floette|Floette|Floettite\n|-ability|p1b: Floette|Fairy Aura\n|move|p2b: Sinistcha|Rage Powder|p2b: Sinistcha\n|-singleturn|p2b: Sinistcha|move: Rage Powder\n|move|p1b: Floette|Moonblast|p2b: Sinistcha\n|-damage|p2b: Sinistcha|2/100\n|move|p2a: Cofagrigus|Trick Room|p2a: Cofagrigus\n|-fieldstart|move: Trick Room|[of] p2a: Cofagrigus\n|\n|-heal|p2a: Cofagrigus|95/100|[from] item: Leftovers\n|upkeep\n|turn|7\n|inactive|nirbnut has 30 seconds left.\n|inactive|nirbnut has 20 seconds left.\n|inactive|nirbnut has 15 seconds left.\n|inactive|nirbnut has 10 seconds left.\n|inactive|nirbnut has 5 seconds left.\n|\n|t:|1776068853\n|move|p1a: Aerodactyl|Protect|p1a: Aerodactyl\n|-singleturn|p1a: Aerodactyl|Protect\n|move|p2a: Cofagrigus|Shadow Ball|p1a: Aerodactyl\n|-activate|p1a: Aerodactyl|move: Protect\n|move|p2b: Sinistcha|Matcha Gotcha|p1a: Aerodactyl|[spread] p1b\n|-activate|p1a: Aerodactyl|move: Protect\n|-damage|p1b: Floette|74/100\n|-heal|p2b: Sinistcha|13/100|[from] drain|[of] p1b: Floette\n|move|p1b: Floette|Dazzling Gleam|p2b: Sinistcha|[spread] p2a,p2b\n|-damage|p2a: Cofagrigus|47/100\n|-damage|p2b: Sinistcha|0 fnt\n|faint|p2b: Sinistcha\n|\n|-heal|p2a: Cofagrigus|53/100|[from] item: Leftovers\n|upkeep\n|\n|t:|1776068859\n|switch|p2b: Aggron|Aggron, L50, F|100/100\n|turn|8\n|-message|nirbnut forfeited.\n|\n|win|Niko highway\n|raw|nirbnut's rating: 1258 &rarr; <strong>1240</strong><br />(-18 for losing)\n|raw|Niko highway's rating: 1353 &rarr; <strong>1368</strong><br />(+15 for winning)\n|l|\u2606nirbnut\n|player|p1|\n",
  "uploadtime": 1776068866,
  "views": 62,
  "formatid": "gen9championsvgc2026regma",
  "rating": 1240,
  "private": 0,
  "password": null
}