{
  "id": "gen9championsvgc2026regma-2588593127",
  "format": "[Gen 9 Champions] VGC 2026 Reg M-A",
  "players": [
    "dashdash2018",
    "Mascabar999"
  ],
  "log": "|j|\u2606dashdash2018\n|j|\u2606Mascabar999\n|t:|1776648231\n|gametype|doubles\n|player|p1|dashdash2018|265|1107\n|player|p2|Mascabar999|cynthia-masters|1116\n|gen|9\n|tier|[Gen 9 Champions] VGC 2026 Reg M-A\n|rated|\n|rule|Species Clause: Limit one of each Pok\u00e9mon\n|rule|Item Clause: Limit 1 of each item\n|clearpoke\n|poke|p1|Excadrill, L50, M|\n|poke|p1|Tyranitar, L50, F|\n|poke|p1|Sinistcha, L50|\n|poke|p1|Primarina, L50, F|\n|poke|p1|Talonflame, L50, F|\n|poke|p1|Sneasler, L50, M|\n|poke|p2|Gengar, L50, F|\n|poke|p2|Sinistcha, L50|\n|poke|p2|Incineroar, L50, F|\n|poke|p2|Milotic, L50, M, shiny|\n|poke|p2|Gallade, L50, M, shiny|\n|poke|p2|Kingambit, L50, F|\n|teampreview|4\n|inactive|Battle timer is ON: inactive players will automatically lose when time's up. (requested by Mascabar999)\nMascabar999 rejected open team sheets.\n|inactive|dashdash2018 has 60 seconds left.\n|inactive|Mascabar999 has 60 seconds left.\n|\n|t:|1776648269\n|teamsize|p1|4\n|teamsize|p2|4\n|start\n|switch|p1a: Talonflame|Talonflame, L50, F|100/100\n|switch|p1b: Tyranitar|Tyranitar, L50, F|100/100\n|switch|p2a: Gengar|Gengar, L50, F|100/100\n|switch|p2b: Gallade|Gallade, L50, M, shiny|100/100\n|-weather|Sandstorm|[from] ability: Sand Stream|[of] p1b: Tyranitar\n|turn|1\n|\n|t:|1776648290\n|detailschange|p2a: Gengar|Gengar-Mega, L50, F\n|-mega|p2a: Gengar|Gengar|Gengarite\n|move|p1b: Tyranitar|Protect|p1b: Tyranitar\n|-singleturn|p1b: Tyranitar|Protect\n|move|p1a: Talonflame|Tailwind|p1a: Talonflame\n|-sidestart|p1: dashdash2018|move: Tailwind\n|move|p2a: Gengar|Perish Song|p2a: Gengar\n|-start|p1a: Talonflame|perish3|[silent]\n|-start|p1b: Tyranitar|perish3|[silent]\n|-start|p2a: Gengar|perish3|[silent]\n|-start|p2b: Gallade|perish3|[silent]\n|-fieldactivate|move: Perish Song\n|move|p2b: Gallade|Sacred Sword|p1b: Tyranitar\n|-activate|p1b: Tyranitar|move: Protect\n|\n|-weather|Sandstorm|[upkeep]\n|-damage|p1a: Talonflame|94/100|[from] Sandstorm\n|-damage|p2a: Gengar|95/100|[from] Sandstorm\n|-damage|p2b: Gallade|94/100|[from] Sandstorm\n|-start|p1a: Talonflame|perish3\n|-start|p2a: Gengar|perish3\n|-start|p1b: Tyranitar|perish3\n|-start|p2b: Gallade|perish3\n|upkeep\n|turn|2\n|\n|t:|1776648310\n|move|p2b: Gallade|Protect|p2b: Gallade\n|-singleturn|p2b: Gallade|Protect\n|move|p1a: Talonflame|Acrobatics|p2b: Gallade\n|-activate|p2b: Gallade|move: Protect\n|move|p2a: Gengar|Substitute|p2a: Gengar\n|-start|p2a: Gengar|Substitute\n|-damage|p2a: Gengar|70/100\n|move|p1b: Tyranitar|Crunch|p2a: Gengar\n|-supereffective|p2a: Gengar|1\n|-end|p2a: Gengar|Substitute\n|\n|-weather|Sandstorm|[upkeep]\n|-damage|p1a: Talonflame|88/100|[from] Sandstorm\n|-damage|p2a: Gengar|64/100|[from] Sandstorm\n|-damage|p2b: Gallade|88/100|[from] Sandstorm\n|-start|p1a: Talonflame|perish2\n|-start|p2a: Gengar|perish2\n|-start|p1b: Tyranitar|perish2\n|-start|p2b: Gallade|perish2\n|upkeep\n|turn|3\n|inactive|dashdash2018 has 30 seconds left.\n|inactive|dashdash2018 has 20 seconds left.\n|inactive|dashdash2018 has 15 seconds left.\n|inactive|dashdash2018 has 10 seconds left.\n|\n|t:|1776648359\n|switch|p2b: Incineroar|Incineroar, L50, F|100/100\n|-ability|p2b: Incineroar|Intimidate|boost\n|-unboost|p1a: Talonflame|atk|1\n|-unboost|p1b: Tyranitar|atk|1\n|detailschange|p1b: Tyranitar|Tyranitar-Mega, L50, F\n|-mega|p1b: Tyranitar|Tyranitar|Tyranitarite\n|move|p2a: Gengar|Protect|p2a: Gengar\n|-singleturn|p2a: Gengar|Protect\n|move|p1a: Talonflame|Acrobatics|p2b: Incineroar\n|-damage|p2b: Incineroar|71/100\n|move|p1b: Tyranitar|Crunch|p2a: Gengar\n|-activate|p2a: Gengar|move: Protect\n|\n|-weather|Sandstorm|[upkeep]\n|-damage|p1a: Talonflame|82/100|[from] Sandstorm\n|-damage|p2a: Gengar|58/100|[from] Sandstorm\n|-damage|p2b: Incineroar|65/100|[from] Sandstorm\n|-start|p1a: Talonflame|perish1\n|-start|p1b: Tyranitar|perish1\n|-start|p2a: Gengar|perish1\n|upkeep\n|turn|4\n|inactive|dashdash2018 has 30 seconds left.\n|inactive|dashdash2018 has 20 seconds left.\n|inactive|dashdash2018 has 15 seconds left.\n|inactive|dashdash2018 has 10 seconds left.\n|inactive|dashdash2018 has 5 seconds left.\n|\n|t:|1776648414\n|switch|p2a: Sinistcha|Sinistcha, L50|100/100\n|-heal|p2b: Incineroar|90/100|[from] ability: Hospitality|[of] p2a: Sinistcha\n|move|p2b: Incineroar|Fake Out|p1b: Tyranitar\n|-resisted|p1b: Tyranitar|1\n|-damage|p1b: Tyranitar|96/100\n|move|p1a: Talonflame|Tailwind||[still]\n|-fail|p1a: Talonflame\n|cant|p1b: Tyranitar|flinch\n|\n|-weather|Sandstorm|[upkeep]\n|-damage|p1a: Talonflame|76/100|[from] Sandstorm\n|-damage|p2a: Sinistcha|94/100|[from] Sandstorm\n|-damage|p2b: Incineroar|84/100|[from] Sandstorm\n|-heal|p2a: Sinistcha|100/100|[from] item: Leftovers\n|-start|p1a: Talonflame|perish0\n|-start|p1b: Tyranitar|perish0\n|-sideend|p1: dashdash2018|move: Tailwind\n|upkeep\n|faint|p1a: Talonflame\n|faint|p1b: Tyranitar\n|\n|t:|1776648430\n|switch|p1a: Sneasler|Sneasler, L50, M|100/100\n|switch|p1b: Primarina|Primarina, L50, F|100/100\n|turn|5\n|\n|t:|1776648445\n|move|p1a: Sneasler|Fake Out|p2b: Incineroar\n|-damage|p2b: Incineroar|70/100\n|move|p1b: Primarina|Hyper Voice|p2a: Sinistcha|[spread] p2a,p2b\n|-resisted|p2a: Sinistcha|1\n|-supereffective|p2b: Incineroar|1\n|-crit|p2b: Incineroar\n|-damage|p2a: Sinistcha|84/100\n|-damage|p2b: Incineroar|0 fnt\n|faint|p2b: Incineroar\n|move|p2a: Sinistcha|Matcha Gotcha|p1b: Primarina|[spread] p1b\n|-miss|p2a: Sinistcha|p1a: Sneasler\n|-supereffective|p1b: Primarina|1\n|-damage|p1b: Primarina|57/100\n|-heal|p2a: Sinistcha|100/100|[from] drain|[of] p1b: Primarina\n|\n|-weather|none\n|upkeep\n|\n|t:|1776648456\n|switch|p2b: Gengar|Gengar-Mega, L50, F|58/100\n|turn|6\n|\n|t:|1776648469\n|move|p2b: Gengar|Perish Song|p2b: Gengar\n|-start|p1a: Sneasler|perish3|[silent]\n|-start|p1b: Primarina|perish3|[silent]\n|-start|p2a: Sinistcha|perish3|[silent]\n|-start|p2b: Gengar|perish3|[silent]\n|-fieldactivate|move: Perish Song\n|move|p1a: Sneasler|Dire Claw|p2a: Sinistcha\n|-damage|p2a: Sinistcha|63/100\n|move|p1b: Primarina|Hyper Voice|p2b: Gengar|[spread] p2a,p2b\n|-resisted|p2a: Sinistcha|1\n|-damage|p2a: Sinistcha|45/100\n|-damage|p2b: Gengar|18/100\n|move|p2a: Sinistcha|Life Dew|p2a: Sinistcha|[spread] p2a,p2b\n|-heal|p2a: Sinistcha|70/100\n|-heal|p2b: Gengar|43/100\n|\n|-heal|p2a: Sinistcha|76/100|[from] item: Leftovers\n|-start|p2b: Gengar|perish3\n|-start|p1a: Sneasler|perish3\n|-start|p1b: Primarina|perish3\n|-start|p2a: Sinistcha|perish3\n|upkeep\n|turn|7\n|\n|t:|1776648491\n|move|p2b: Gengar|Protect|p2b: Gengar\n|-singleturn|p2b: Gengar|Protect\n|move|p1a: Sneasler|Dire Claw|p2a: Sinistcha\n|-damage|p2a: Sinistcha|38/100\n|-status|p2a: Sinistcha|par\n|move|p1b: Primarina|Moonblast|p2a: Sinistcha\n|-damage|p2a: Sinistcha|0 fnt\n|faint|p2a: Sinistcha\n|\n|-start|p2b: Gengar|perish2\n|-start|p1a: Sneasler|perish2\n|-start|p1b: Primarina|perish2\n|upkeep\n|\n|t:|1776648497\n|switch|p2a: Gallade|Gallade, L50, M, shiny|88/100\n|turn|8\n|\n|t:|1776648519\n|move|p2a: Gallade|Wide Guard|p2a: Gallade\n|-singleturn|p2a: Gallade|Wide Guard\n|move|p2b: Gengar|Shadow Ball|p1a: Sneasler\n|-crit|p1a: Sneasler\n|-damage|p1a: Sneasler|28/100\n|move|p1a: Sneasler|Dire Claw|p2a: Gallade\n|-damage|p2a: Gallade|21/100\n|-status|p2a: Gallade|slp\n|move|p1b: Primarina|Hyper Voice|p2b: Gengar|[spread] \n|-activate|p2a: Gallade|move: Wide Guard\n|-activate|p2b: Gengar|move: Wide Guard\n|\n|-start|p2b: Gengar|perish1\n|-start|p1a: Sneasler|perish1\n|-start|p1b: Primarina|perish1\n|upkeep\n|turn|9\n|\n|t:|1776648539\n|move|p2b: Gengar|Protect|p2b: Gengar\n|-singleturn|p2b: Gengar|Protect\n|cant|p2a: Gallade|slp\n|move|p1a: Sneasler|Dire Claw|p2a: Gallade\n|-crit|p2a: Gallade\n|-damage|p2a: Gallade|0 fnt\n|faint|p2a: Gallade\n|move|p1b: Primarina|Moonblast|p2b: Gengar\n|-activate|p2b: Gengar|move: Protect\n|\n|-start|p2b: Gengar|perish0\n|-start|p1a: Sneasler|perish0\n|-start|p1b: Primarina|perish0\n|faint|p2b: Gengar\n|faint|p1a: Sneasler\n|faint|p1b: Primarina\n|\n|win|dashdash2018\n|raw|dashdash2018's rating: 1107 &rarr; <strong>1133</strong><br />(+26 for winning)\n|raw|Mascabar999's rating: 1116 &rarr; <strong>1090</strong><br />(-26 for losing)\n|l|\u2606Mascabar999\n|player|p2|\n|c|\u2606dashdash2018|holy\n",
  "uploadtime": 1776648563,
  "views": 9,
  "formatid": "gen9championsvgc2026regma",
  "rating": 1090,
  "private": 0,
  "password": null
}