{
  "id": "gen9championsvgc2026regma-2586669464",
  "format": "[Gen 9 Champions] VGC 2026 Reg M-A",
  "players": [
    "PokeGlezpez",
    "EkCantDrawLol"
  ],
  "log": "|j|\u2606PokeGlezpez\n|j|\u203dEkCantDrawLol\n|t:|1776450755\n|gametype|doubles\n|player|p1|PokeGlezpez|harlequin|1234\n|player|p2|EkCantDrawLol|skierf|1298\n|gen|9\n|tier|[Gen 9 Champions] VGC 2026 Reg M-A\n|rated|\n|rule|Species Clause: Limit one of each Pok\u00e9mon\n|rule|Item Clause: Limit 1 of each item\n|clearpoke\n|poke|p1|Tyranitar, L50, F|\n|poke|p1|Excadrill, L50, F|\n|poke|p1|Milotic, L50, M|\n|poke|p1|Aegislash, L50, F|\n|poke|p1|Rotom-Mow, L50|\n|poke|p1|Talonflame, L50, M|\n|poke|p2|Delphox, L50, F|\n|poke|p2|Corviknight, L50, F|\n|poke|p2|Garchomp, L50, M|\n|poke|p2|Floette-Eternal, L50, F|\n|poke|p2|Sneasler, L50, F|\n|poke|p2|Basculegion, L50, M|\n|teampreview|4\n|inactive|Battle timer is ON: inactive players will automatically lose when time's up. (requested by PokeGlezpez)\n|\n|t:|1776450780\n|teamsize|p1|4\n|teamsize|p2|4\n|start\n|switch|p1a: Tyranitar|Tyranitar, L50, F|100/100\n|switch|p1b: Talonflame|Talonflame, L50, M|100/100\n|switch|p2a: Garchomp|Garchomp, L50, M|100/100\n|switch|p2b: Sneasler|Sneasler, L50, F|100/100\n|-weather|Sandstorm|[from] ability: Sand Stream|[of] p1a: Tyranitar\n|turn|1\n|\n|t:|1776450800\n|move|p1b: Talonflame|Protect|p1b: Talonflame\n|-singleturn|p1b: Talonflame|Protect\n|move|p1a: Tyranitar|Protect|p1a: Tyranitar\n|-singleturn|p1a: Tyranitar|Protect\n|move|p2b: Sneasler|Fake Out|p1b: Talonflame\n|-activate|p1b: Talonflame|move: Protect\n|move|p2a: Garchomp|Rock Slide|p1a: Tyranitar|[spread] \n|-activate|p1a: Tyranitar|move: Protect\n|-activate|p1b: Talonflame|move: Protect\n|\n|-weather|Sandstorm|[upkeep]\n|-damage|p1b: Talonflame|95/100|[from] Sandstorm\n|-damage|p2b: Sneasler|95/100|[from] Sandstorm\n|upkeep\n|turn|2\n|inactive|PokeGlezpez has 30 seconds left.\n|\n|t:|1776450827\n|detailschange|p1a: Tyranitar|Tyranitar-Mega, L50, F\n|-mega|p1a: Tyranitar|Tyranitar|Tyranitarite\n|move|p1b: Talonflame|Brave Bird|p2b: Sneasler\n|-supereffective|p2b: Sneasler|1\n|-damage|p2b: Sneasler|0 fnt\n|faint|p2b: Sneasler\n|-damage|p1b: Talonflame|69/100|[from] Recoil\n|move|p2a: Garchomp|Rock Slide|p1b: Talonflame|[spread] p1a,p1b\n|-supereffective|p1b: Talonflame|2\n|-damage|p1a: Tyranitar|88/100\n|-damage|p1b: Talonflame|0 fnt\n|faint|p1b: Talonflame\n|move|p1a: Tyranitar|Knock Off|p2a: Garchomp\n|-damage|p2a: Garchomp|36/100\n|-damage|p1a: Tyranitar|76/100|[from] ability: Rough Skin|[of] p2a: Garchomp\n|-enditem|p2a: Garchomp|White Herb|[from] move: Knock Off|[of] p1a: Tyranitar\n|\n|-weather|Sandstorm|[upkeep]\n|upkeep\n|\n|t:|1776450843\n|switch|p1b: Milotic|Milotic, L50, M|100/100\n|switch|p2b: Basculegion|Basculegion, L50, M|100/100\n|turn|3\n|inactive|PokeGlezpez has 30 seconds left.\n|\n|t:|1776450870\n|move|p2b: Basculegion|Wave Crash|p1a: Tyranitar\n|-supereffective|p1a: Tyranitar|1\n|-damage|p1a: Tyranitar|0 fnt\n|faint|p1a: Tyranitar\n|-damage|p2b: Basculegion|75/100|[from] Recoil\n|move|p2a: Garchomp|Dragon Claw|p1b: Milotic\n|-damage|p1b: Milotic|68/100\n|move|p1b: Milotic|Ice Beam|p2a: Garchomp\n|-supereffective|p2a: Garchomp|2\n|-damage|p2a: Garchomp|0 fnt\n|faint|p2a: Garchomp\n|\n|-weather|Sandstorm|[upkeep]\n|-damage|p2b: Basculegion|69/100|[from] Sandstorm\n|-damage|p1b: Milotic|62/100|[from] Sandstorm\n|-heal|p1b: Milotic|68/100|[from] item: Leftovers\n|upkeep\n|\n|t:|1776450880\n|switch|p2a: Floette|Floette-Eternal, L50, F|100/100\n|switch|p1a: Excadrill|Excadrill, L50, F|100/100\n|turn|4\n|\n|t:|1776450904\n|detailschange|p2a: Floette|Floette-Mega, L50, F\n|-mega|p2a: Floette|Floette|Floettite\n|-ability|p2a: Floette|Fairy Aura\n|move|p1a: Excadrill|Protect|p1a: Excadrill\n|-singleturn|p1a: Excadrill|Protect\n|move|p2b: Basculegion|Wave Crash|p1b: Milotic\n|-resisted|p1b: Milotic|1\n|-damage|p1b: Milotic|39/100\n|-damage|p2b: Basculegion|59/100|[from] Recoil\n|move|p2a: Floette|Light of Ruin|p1b: Milotic\n|-damage|p1b: Milotic|0 fnt\n|faint|p1b: Milotic\n|-damage|p2a: Floette|74/100|[from] Recoil\n|\n|-weather|Sandstorm|[upkeep]\n|-damage|p2b: Basculegion|53/100|[from] Sandstorm\n|-damage|p2a: Floette|68/100|[from] Sandstorm\n|upkeep\n|turn|5\n|\n|t:|1776450919\n|move|p2a: Floette|Protect|p2a: Floette\n|-singleturn|p2a: Floette|Protect\n|move|p1a: Excadrill|Iron Head|p2a: Floette\n|-activate|p2a: Floette|move: Protect\n|move|p2b: Basculegion|Wave Crash|p1a: Excadrill\n|-supereffective|p1a: Excadrill|1\n|-enditem|p1a: Excadrill|Focus Sash\n|-damage|p1a: Excadrill|1/100\n|-damage|p2b: Basculegion|22/100|[from] Recoil\n|\n|-weather|none\n|upkeep\n|turn|6\n|\n|t:|1776450930\n|move|p2b: Basculegion|Wave Crash|p1a: Excadrill\n|-supereffective|p1a: Excadrill|1\n|-damage|p1a: Excadrill|0 fnt\n|faint|p1a: Excadrill\n|-damage|p2b: Basculegion|21/100|[from] Recoil\n|\n|win|EkCantDrawLol\n|raw|PokeGlezpez's rating: 1234 &rarr; <strong>1214</strong><br />(-20 for losing)\n|raw|EkCantDrawLol's rating: 1298 &rarr; <strong>1318</strong><br />(+20 for winning)\n",
  "uploadtime": 1776450932,
  "views": 52,
  "formatid": "gen9championsvgc2026regma",
  "rating": 1214,
  "private": 0,
  "password": null
}