{
  "id": "gen9championsvgc2026regma-2584916804",
  "format": "[Gen 9 Champions] VGC 2026 Reg M-A",
  "players": [
    "Hellothisisatest",
    "kennfire"
  ],
  "log": "|j|\u2606Hellothisisatest\n|j|\u2606kennfire\n|t:|1776294287\n|gametype|doubles\n|player|p1|Hellothisisatest|lucas|1024\n|player|p2|kennfire|2|1054\n|gen|9\n|tier|[Gen 9 Champions] VGC 2026 Reg M-A\n|rated|\n|rule|Species Clause: Limit one of each Pok\u00e9mon\n|rule|Item Clause: Limit 1 of each item\n|clearpoke\n|poke|p1|Meganium, L50, F|\n|poke|p1|Archaludon, L50, M|\n|poke|p1|Politoed, L50, F|\n|poke|p1|Aerodactyl, L50, M|\n|poke|p1|Tinkaton, L50, F|\n|poke|p1|Basculegion, L50, M|\n|poke|p2|Kommo-o, L50, M|\n|poke|p2|Sinistcha, L50|\n|poke|p2|Whimsicott, L50, M|\n|poke|p2|Floette-Eternal, L50, F|\n|poke|p2|Corviknight, L50, M|\n|poke|p2|Basculegion, L50, M|\n|teampreview|4\n|inactive|Battle timer is ON: inactive players will automatically lose when time's up. (requested by kennfire)\n|inactive|Hellothisisatest also wants the timer to be on.\n|\n|t:|1776294313\n|teamsize|p1|4\n|teamsize|p2|4\n|start\n|switch|p1a: Stapler|Archaludon, L50, M|100/100\n|switch|p1b: TheGoober|Meganium, L50, F, shiny|100/100\n|switch|p2a: Floette|Floette-Eternal, L50, F|100/100\n|switch|p2b: Whimsicott|Whimsicott, L50, M, shiny|100/100\n|turn|1\n|\n|t:|1776294328\n|detailschange|p1b: TheGoober|Meganium-Mega, L50, F, shiny\n|-mega|p1b: TheGoober|Meganium|Meganiumite\n|move|p2a: Floette|Protect|p2a: Floette\n|-singleturn|p2a: Floette|Protect\n|move|p2b: Whimsicott|Tailwind|p2b: Whimsicott\n|-sidestart|p2: kennfire|move: Tailwind\n|move|p1a: Stapler|Flash Cannon|p2a: Floette\n|-activate|p2a: Floette|move: Protect\n|move|p1b: TheGoober|Dazzling Gleam|p2a: Floette|[spread] p2b\n|-activate|p2a: Floette|move: Protect\n|-damage|p2b: Whimsicott|65/100\n|\n|upkeep\n|turn|2\n|inactive|kennfire has 30 seconds left.\n|inactive|kennfire has 20 seconds left.\n|\n|t:|1776294365\n|switch|p1b: Tinkerbell|Tinkaton, L50, F|100/100\n|-ability|p1b: Tinkerbell|Mold Breaker\n|move|p2b: Whimsicott|Helping Hand|p2a: Floette\n|-singleturn|p2a: Floette|Helping Hand|[of] p2b: Whimsicott\n|move|p2a: Floette|Light of Ruin|p1a: Stapler\n|-ability|p1a: Stapler|Sturdy\n|-damage|p1a: Stapler|1/100\n|-enditem|p1a: Stapler|Sitrus Berry|[eat]\n|-heal|p1a: Stapler|26/100|[from] item: Sitrus Berry\n|-damage|p2a: Floette|36/100|[from] Recoil\n|move|p1a: Stapler|Flash Cannon|p2a: Floette\n|-supereffective|p2a: Floette|1\n|-damage|p2a: Floette|0 fnt\n|faint|p2a: Floette\n|\n|upkeep\n|\n|t:|1776294380\n|switch|p2a: Basculegion|Basculegion, L50, M|100/100\n|turn|3\n|\n|t:|1776294399\n|move|p2b: Whimsicott|Stun Spore|p1b: Tinkerbell\n|-status|p1b: Tinkerbell|par\n|move|p2a: Basculegion|Wave Crash|p1b: Tinkerbell\n|-damage|p1b: Tinkerbell|8/100 par\n|-damage|p2a: Basculegion|72/100|[from] Recoil\n|move|p1a: Stapler|Flash Cannon|p2b: Whimsicott\n|-supereffective|p2b: Whimsicott|1\n|-damage|p2b: Whimsicott|0 fnt\n|faint|p2b: Whimsicott\n|move|p1b: Tinkerbell|Gigaton Hammer|p2a: Basculegion\n|-resisted|p2a: Basculegion|1\n|-damage|p2a: Basculegion|28/100\n|\n|upkeep\n|\n|t:|1776294410\n|switch|p2b: Sinistcha|Sinistcha, L50, shiny|100/100\n|-heal|p2a: Basculegion|53/100|[from] ability: Hospitality|[of] p2b: Sinistcha\n|turn|4\n|\n|t:|1776294420\n|switch|p1b: LaGrenouille|Politoed, L50, F, shiny|100/100\n|-weather|RainDance|[from] ability: Drizzle|[of] p1b: LaGrenouille\n|move|p2a: Basculegion|Wave Crash|p1b: LaGrenouille\n|-resisted|p1b: LaGrenouille|1\n|-damage|p1b: LaGrenouille|56/100\n|-damage|p2a: Basculegion|38/100|[from] Recoil\n|move|p2b: Sinistcha|Matcha Gotcha|p1b: LaGrenouille|[spread] p1b\n|-miss|p2b: Sinistcha|p1a: Stapler\n|-supereffective|p1b: LaGrenouille|1\n|-damage|p1b: LaGrenouille|10/100\n|move|p1a: Stapler|Electro Shot||[still]\n|-prepare|p1a: Stapler|Electro Shot\n|-boost|p1a: Stapler|spa|1\n|-anim|p1a: Stapler|Electro Shot|p2a: Basculegion\n|-supereffective|p2a: Basculegion|1\n|-crit|p2a: Basculegion\n|-damage|p2a: Basculegion|0 fnt\n|faint|p2a: Basculegion\n|\n|-weather|RainDance|[upkeep]\n|-heal|p1b: LaGrenouille|16/100|[from] item: Leftovers\n|-sideend|p2: kennfire|move: Tailwind\n|upkeep\n|turn|5\n|\n|t:|1776294435\n|move|p1a: Stapler|Electro Shot||[still]\n|-prepare|p1a: Stapler|Electro Shot\n|-boost|p1a: Stapler|spa|1\n|-anim|p1a: Stapler|Electro Shot|p2b: Sinistcha\n|-resisted|p2b: Sinistcha|1\n|-damage|p2b: Sinistcha|53/100\n|move|p2b: Sinistcha|Matcha Gotcha|p1a: Stapler|[spread] p1a\n|-miss|p2b: Sinistcha|p1b: LaGrenouille\n|-resisted|p1a: Stapler|2\n|-damage|p1a: Stapler|18/100\n|-heal|p2b: Sinistcha|57/100|[from] drain|[of] p1a: Stapler\n|move|p1b: LaGrenouille|Perish Song|p1b: LaGrenouille\n|-start|p1a: Stapler|perish3|[silent]\n|-start|p1b: LaGrenouille|perish3|[silent]\n|-start|p2b: Sinistcha|perish3|[silent]\n|-fieldactivate|move: Perish Song\n|\n|-weather|RainDance|[upkeep]\n|-heal|p1b: LaGrenouille|22/100|[from] item: Leftovers\n|-start|p1a: Stapler|perish3\n|-start|p1b: LaGrenouille|perish3\n|-start|p2b: Sinistcha|perish3\n|upkeep\n|turn|6\n|\n|t:|1776294451\n|switch|p1a: TheGoober|Meganium-Mega, L50, F, shiny|100/100\n|move|p2b: Sinistcha|Matcha Gotcha|p1a: TheGoober|[spread] p1a,p1b\n|-resisted|p1a: TheGoober|1\n|-supereffective|p1b: LaGrenouille|1\n|-damage|p1a: TheGoober|91/100\n|-heal|p2b: Sinistcha|61/100|[from] drain|[of] p1a: TheGoober\n|-damage|p1b: LaGrenouille|0 fnt\n|-heal|p2b: Sinistcha|74/100|[from] drain|[of] p1b: LaGrenouille\n|faint|p1b: LaGrenouille\n|\n|-weather|RainDance|[upkeep]\n|-start|p2b: Sinistcha|perish2\n|upkeep\n|-message|kennfire forfeited.\n|\n|win|Hellothisisatest\n|raw|Hellothisisatest's rating: 1024 &rarr; <strong>1064</strong><br />(+40 for winning)\n|raw|kennfire's rating: 1054 &rarr; <strong>1034</strong><br />(-20 for losing)\n|l|\u2606kennfire\n|player|p2|\n|l|\u2606Hellothisisatest\n|player|p1|\n|j|\u2606Hellothisisatest\n|player|p1|Hellothisisatest|lucas|\n",
  "uploadtime": 1776294563,
  "views": 19,
  "formatid": "gen9championsvgc2026regma",
  "rating": 1034,
  "private": 0,
  "password": null
}