{
  "id": "gen9championsvgc2026regma-2586949548",
  "format": "[Gen 9 Champions] VGC 2026 Reg M-A",
  "players": [
    "uhhncertain",
    "EDJPP"
  ],
  "log": "|j|\u2606uhhncertain\n|j|\u2606EDJPP\n|html|<table width=\"100%\"><tr><td align=\"left\">uhhncertain</td><td align=\"right\">EDJPP</tr><tr><td align=\"left\"><i class=\"fa fa-circle\"></i> <i class=\"fa fa-circle-o\"></i> </td><td align=\"right\"><i class=\"fa fa-circle-o\"></i> <i class=\"fa fa-circle-o\"></i> </tr></table>\n|uhtml|bestof|<h2><strong>Game 2</strong> of <a href=\"/game-bestof3-gen9championsvgc2026regma-2586946615\">a best-of-3</a></h2>\n|t:|1776474759\n|gametype|doubles\n|player|p1|uhhncertain|plasmagrunt|\n|player|p2|EDJPP|volkner|\n|gen|9\n|tier|[Gen 9 Champions] VGC 2026 Reg M-A\n|rated|Tournament battle\n|rule|Species Clause: Limit one of each Pok\u00e9mon\n|rule|Item Clause: Limit 1 of each item\n|raw|<div class=\"infobox\"><details class=\"readmore\" open><summary><strong>2 custom rules:</strong></summary> Force Open Team Sheets, Best of = 3</details></div>\n|clearpoke\n|poke|p1|Kingambit, L50, M|\n|poke|p1|Kangaskhan, L50, F|\n|poke|p1|Blastoise, L50, M|\n|poke|p1|Sinistcha, L50|\n|poke|p1|Aerodactyl, L50, F|\n|poke|p1|Farigiraf, L50, M|\n|poke|p2|Froslass, L50, F|\n|poke|p2|Ninetales-Alola, L50, F|\n|poke|p2|Incineroar, L50, F|\n|poke|p2|Tauros-Paldea-Aqua, L50, M|\n|poke|p2|Glimmora, L50, M|\n|poke|p2|Sinistcha, L50|\n|teampreview|4\n|showteam|p1|Kingambit||BlackGlasses|Defiant|KowtowCleave,IronHead,SuckerPunch,LowKick|||M|||50|]Kangaskhan||SilkScarf|InnerFocus|FakeOut,LastResort|||F|||50|]Blastoise||Blastoisinite|RainDish|WaterSpout,WaterPulse,DarkPulse,FakeOut|||M|||50|]Sinistcha||ColburBerry|Hospitality|MatchaGotcha,RagePowder,LifeDew,TrickRoom||||||50|]Aerodactyl||Aerodactylite|Unnerve|RockSlide,DualWingbeat,Tailwind,Protect|||F|||50|]Farigiraf||SitrusBerry|ArmorTail|Psychic,RainDance,TrickRoom,HelpingHand|||M|||50|\n|showteam|p2|Froslass||Froslassite|SnowCloak|Protect,Blizzard,ShadowBall,NastyPlot|||F|||50|]Ninetales-Alola||FocusSash|SnowWarning|AuroraVeil,Blizzard,IcyWind,Moonblast|||F|||50|]Incineroar||Leftovers|Intimidate|FakeOut,FlareBlitz,PartingShot,DarkestLariat|||F|||50|]Tauros-Paldea-Aqua||MysticWater|Intimidate|AquaJet,CloseCombat,WaveCrash,Protect|||M|||50|]Glimmora||Glimmoranite|ToxicDebris|SludgeBomb,PowerGem,Substitute,SpikyShield|||M|||50|]Sinistcha||SitrusBerry|Hospitality|LifeDew,MatchaGotcha,Scald,RagePowder||||||50|\n|inactive|Battle timer is ON: inactive players will automatically lose when time's up. (requested by EDJPP)\nuhhncertain rejected open team sheets.\n|inactive|uhhncertain has 60 seconds left.\n|inactive|EDJPP has 60 seconds left.\n|inactive|EDJPP has 30 seconds left.\n|\n|t:|1776474831\n|teamsize|p1|4\n|teamsize|p2|4\n|start\n|switch|p1a: Blastoise|Blastoise, L50, M|100/100\n|switch|p1b: Aerodactyl|Aerodactyl, L50, F|100/100\n|switch|p2a: Tauros|Tauros-Paldea-Aqua, L50, M|100/100\n|switch|p2b: Incineroar|Incineroar, L50, F|100/100\n|-ability|p1b: Aerodactyl|Unnerve\n|-ability|p2a: Tauros|Intimidate|boost\n|-unboost|p1a: Blastoise|atk|1\n|-unboost|p1b: Aerodactyl|atk|1\n|-ability|p2b: Incineroar|Intimidate|boost\n|-unboost|p1a: Blastoise|atk|1\n|-unboost|p1b: Aerodactyl|atk|1\n|turn|1\n|inactive|uhhncertain has 30 seconds left.\n|inactive|uhhncertain has 20 seconds left.\n|\n|t:|1776474870\n|move|p1b: Aerodactyl|Protect|p1b: Aerodactyl\n|-singleturn|p1b: Aerodactyl|Protect\n|move|p1a: Blastoise|Fake Out|p2a: Tauros\n|-damage|p2a: Tauros|96/100\n|move|p2b: Incineroar|Fake Out|p1a: Blastoise\n|-damage|p1a: Blastoise|89/100\n|cant|p2a: Tauros|flinch\n|\n|upkeep\n|turn|2\n|\n|t:|1776474885\n|detailschange|p1a: Blastoise|Blastoise-Mega, L50, M\n|-mega|p1a: Blastoise|Blastoise|Blastoisinite\n|move|p1b: Aerodactyl|Tailwind|p1b: Aerodactyl\n|-sidestart|p1: uhhncertain|move: Tailwind\n|move|p1a: Blastoise|Water Pulse|p2b: Incineroar\n|-supereffective|p2b: Incineroar|1\n|-crit|p2b: Incineroar\n|-damage|p2b: Incineroar|0 fnt\n|faint|p2b: Incineroar\n|move|p2a: Tauros|Wave Crash|p1b: Aerodactyl\n|-supereffective|p1b: Aerodactyl|1\n|-damage|p1b: Aerodactyl|0 fnt\n|faint|p1b: Aerodactyl\n|-damage|p2a: Tauros|59/100|[from] Recoil\n|\n|upkeep\n|\n|t:|1776474899\n|switch|p1b: Kingambit|Kingambit, L50, M, shiny|100/100\n|switch|p2b: Froslass|Froslass, L50, F|100/100\n|turn|3\n|\n|t:|1776474919\n|switch|p1b: Sinistcha|Sinistcha, L50|100/100\n|-heal|p1a: Blastoise|100/100|[from] ability: Hospitality|[of] p1b: Sinistcha\n|move|p2b: Froslass|Protect|p2b: Froslass\n|-singleturn|p2b: Froslass|Protect\n|move|p1a: Blastoise|Water Spout|p2a: Tauros|[spread] p2a\n|-activate|p2b: Froslass|move: Protect\n|-resisted|p2a: Tauros|1\n|-damage|p2a: Tauros|6/100\n|move|p2a: Tauros|Close Combat|p1b: Sinistcha\n|-immune|p1b: Sinistcha\n|\n|upkeep\n|turn|4\n|inactive|uhhncertain has 30 seconds left.\n|inactive|uhhncertain has 20 seconds left.\n|\n|t:|1776474957\n|detailschange|p2b: Froslass|Froslass-Mega, L50, F\n|-mega|p2b: Froslass|Froslass|Froslassite\n|-weather|Snowscape|[from] ability: Snow Warning|[of] p2b: Froslass\n|move|p2a: Tauros|Protect|p2a: Tauros\n|-singleturn|p2a: Tauros|Protect\n|move|p1a: Blastoise|Water Spout|p2a: Tauros|[spread] p2b\n|-activate|p2a: Tauros|move: Protect\n|-damage|p2b: Froslass|19/100\n|move|p2b: Froslass|Blizzard|p1b: Sinistcha|[spread] p1a,p1b\n|-resisted|p1a: Blastoise|1\n|-supereffective|p1b: Sinistcha|1\n|-damage|p1a: Blastoise|81/100\n|-damage|p1b: Sinistcha|23/100\n|-status|p1b: Sinistcha|frz\n|-curestatus|p1b: Sinistcha|frz|[msg]\n|move|p1b: Sinistcha|Trick Room|p1b: Sinistcha\n|-fieldstart|move: Trick Room|[of] p1b: Sinistcha\n|\n|-weather|Snowscape|[upkeep]\n|upkeep\n|turn|5\n|inactive|uhhncertain has 30 seconds left.\n|inactive|EDJPP has 30 seconds left.\n|\n|t:|1776474990\n|move|p1b: Sinistcha|Rage Powder|p1b: Sinistcha\n|-singleturn|p1b: Sinistcha|move: Rage Powder\n|move|p2a: Tauros|Aqua Jet|p1b: Sinistcha\n|-resisted|p1b: Sinistcha|1\n|-damage|p1b: Sinistcha|13/100\n|move|p2b: Froslass|Shadow Ball|p1b: Sinistcha\n|-supereffective|p1b: Sinistcha|1\n|-damage|p1b: Sinistcha|0 fnt\n|faint|p1b: Sinistcha\n|move|p1a: Blastoise|Water Spout|p2b: Froslass|[spread] p2a,p2b\n|-resisted|p2a: Tauros|1\n|-damage|p2a: Tauros|0 fnt\n|-damage|p2b: Froslass|0 fnt\n|faint|p2a: Tauros\n|faint|p2b: Froslass\n|\n|-weather|Snowscape|[upkeep]\n|-sideend|p1: uhhncertain|move: Tailwind\n|upkeep\n|\n|t:|1776474999\n|switch|p1b: Kingambit|Kingambit, L50, M, shiny|100/100\n|switch|p2b: Ninetales|Ninetales-Alola, L50, F|100/100\n|turn|6\n|\n|t:|1776475008\n|move|p1b: Kingambit|Iron Head|p2b: Ninetales\n|-supereffective|p2b: Ninetales|2\n|-crit|p2b: Ninetales\n|-enditem|p2b: Ninetales|Focus Sash\n|-damage|p2b: Ninetales|1/100\n|move|p1a: Blastoise|Water Spout|p2b: Ninetales\n|-damage|p2b: Ninetales|0 fnt\n|faint|p2b: Ninetales\n|\n|win|uhhncertain\n",
  "uploadtime": 1776475017,
  "views": 16,
  "formatid": "gen9championsvgc2026regma",
  "rating": null,
  "private": 0,
  "password": null
}