{
  "id": "gen9championsvgc2026regma-2588068577",
  "format": "[Gen 9 Champions] VGC 2026 Reg M-A",
  "players": [
    "Lopvd",
    "Ruperoni"
  ],
  "log": "|j|\u2606Lopvd\n|j|\u2606Ruperoni\n|t:|1776600523\n|gametype|doubles\n|player|p1|Lopvd|lucas-gen4pt|1146\n|player|p2|Ruperoni|cynthia|1083\n|gen|9\n|tier|[Gen 9 Champions] VGC 2026 Reg M-A\n|rated|\n|rule|Species Clause: Limit one of each Pok\u00e9mon\n|rule|Item Clause: Limit 1 of each item\n|clearpoke\n|poke|p1|Milotic, L50, M|\n|poke|p1|Sneasler, L50, M|\n|poke|p1|Kingambit, L50, M|\n|poke|p1|Alakazam, L50, F|\n|poke|p1|Whimsicott, L50, F|\n|poke|p1|Incineroar, L50, M|\n|poke|p2|Excadrill, L50, M, shiny|\n|poke|p2|Talonflame, L50, M|\n|poke|p2|Greninja, L50, M, shiny|\n|poke|p2|Sinistcha, L50|\n|poke|p2|Dragonite, L50, F|\n|poke|p2|Incineroar, L50, M|\n|teampreview|4\n|inactive|Battle timer is ON: inactive players will automatically lose when time's up. (requested by Lopvd)\n|inactive|Lopvd has 60 seconds left.\n|inactive|Ruperoni has 60 seconds left.\n|inactive|Ruperoni has 30 seconds left.\n|inactive|Ruperoni has 20 seconds left.\n|inactive|Ruperoni has 15 seconds left.\n|inactive|Ruperoni has 10 seconds left.\n|\n|t:|1776600604\n|teamsize|p1|4\n|teamsize|p2|4\n|start\n|switch|p1a: Milotic|Milotic, L50, M|100/100\n|switch|p1b: Alakazam|Alakazam, L50, F|100/100\n|switch|p2a: Incineroar|Incineroar, L50, M|100/100\n|switch|p2b: Sinistcha|Sinistcha, L50|100/100\n|turn|1\n|\n|t:|1776600629\n|switch|p1b: Kingambit|Kingambit, L50, M|100/100\n|move|p1a: Milotic|Protect|p1a: Milotic\n|-singleturn|p1a: Milotic|Protect\n|move|p2a: Incineroar|Fake Out|p1a: Milotic\n|-activate|p1a: Milotic|move: Protect\n|move|p2b: Sinistcha|Matcha Gotcha|p1b: Kingambit|[spread] p1b\n|-activate|p1a: Milotic|move: Protect\n|-resisted|p1b: Kingambit|1\n|-damage|p1b: Kingambit|89/100\n|\n|upkeep\n|turn|2\n|inactive|Ruperoni has 30 seconds left.\n|inactive|Ruperoni has 20 seconds left.\n|inactive|Ruperoni has 15 seconds left.\n|inactive|Ruperoni has 10 seconds left.\n|inactive|Ruperoni has 5 seconds left.\n|\n|t:|1776600681\n|switch|p2a: Excadrill|Excadrill, L50, M, shiny|100/100\n|-ability|p2a: Excadrill|Mold Breaker\n|move|p2b: Sinistcha|Protect|p2b: Sinistcha\n|-singleturn|p2b: Sinistcha|Protect\n|move|p1b: Kingambit|Sucker Punch||[still]\n|-fail|p1b: Kingambit\n|move|p1a: Milotic|Scald|p2a: Excadrill\n|-supereffective|p2a: Excadrill|1\n|-damage|p2a: Excadrill|14/100\n|-status|p2a: Excadrill|brn\n|\n|-damage|p2a: Excadrill|8/100 brn|[from] brn\n|upkeep\n|turn|3\n|inactive|Ruperoni has 30 seconds left.\n|\n|t:|1776600711\n|switch|p2a: Incineroar|Incineroar, L50, M|100/100\n|switch|p1b: Whimsicott|Whimsicott, L50, F|100/100\n|move|p1a: Milotic|Ice Beam|p2b: Sinistcha\n|-supereffective|p2b: Sinistcha|1\n|-damage|p2b: Sinistcha|50/100\n|move|p2b: Sinistcha|Matcha Gotcha|p1b: Whimsicott|[spread] p1a,p1b\n|-supereffective|p1a: Milotic|1\n|-resisted|p1b: Whimsicott|1\n|-damage|p1a: Milotic|64/100\n|-heal|p2b: Sinistcha|71/100|[from] drain|[of] p1a: Milotic\n|-damage|p1b: Whimsicott|84/100\n|-heal|p2b: Sinistcha|79/100|[from] drain|[of] p1b: Whimsicott\n|\n|-heal|p1a: Milotic|70/100|[from] item: Leftovers\n|-heal|p2b: Sinistcha|85/100|[from] item: Leftovers\n|upkeep\n|turn|4\n|inactive|Ruperoni has 30 seconds left.\n|\n|t:|1776600737\n|move|p1a: Milotic|Protect|p1a: Milotic\n|-singleturn|p1a: Milotic|Protect\n|move|p1b: Whimsicott|Tailwind|p1b: Whimsicott\n|-sidestart|p1: Lopvd|move: Tailwind\n|move|p2b: Sinistcha|Matcha Gotcha|p1b: Whimsicott|[spread] \n|-activate|p1a: Milotic|move: Protect\n|-miss|p2b: Sinistcha|p1b: Whimsicott\n|move|p2a: Incineroar|Flare Blitz|p1b: Whimsicott\n|-supereffective|p1b: Whimsicott|1\n|-damage|p1b: Whimsicott|0 fnt\n|faint|p1b: Whimsicott\n|-damage|p2a: Incineroar|78/100|[from] Recoil\n|\n|-heal|p1a: Milotic|76/100|[from] item: Leftovers\n|-heal|p2b: Sinistcha|91/100|[from] item: Leftovers\n|upkeep\n|\n|t:|1776600752\n|switch|p1b: Kingambit|Kingambit, L50, M|89/100\n|turn|5\n|inactive|Ruperoni has 30 seconds left.\n|\n|t:|1776600786\n|switch|p2a: Dragonite|Dragonite, L50, F|100/100\n|move|p2b: Sinistcha|Protect|p2b: Sinistcha\n|-singleturn|p2b: Sinistcha|Protect\n|move|p1a: Milotic|Scald|p2a: Dragonite\n|-resisted|p2a: Dragonite|1\n|-damage|p2a: Dragonite|93/100\n|-status|p2a: Dragonite|brn\n|move|p1b: Kingambit|Kowtow Cleave|p2b: Sinistcha\n|-activate|p2b: Sinistcha|move: Protect\n|\n|-heal|p1a: Milotic|82/100|[from] item: Leftovers\n|-heal|p2b: Sinistcha|97/100|[from] item: Leftovers\n|-damage|p2a: Dragonite|87/100 brn|[from] brn\n|upkeep\n|turn|6\n|inactive|Lopvd has 30 seconds left.\n|inactive|Ruperoni has 30 seconds left.\n|\n|t:|1776600814\n|move|p1b: Kingambit|Sucker Punch||[still]\n|-fail|p1b: Kingambit\n|move|p1a: Milotic|Ice Beam|p2b: Sinistcha\n|-supereffective|p2b: Sinistcha|1\n|-damage|p2b: Sinistcha|53/100\n|move|p2a: Dragonite|Tailwind|p2a: Dragonite\n|-sidestart|p2: Ruperoni|move: Tailwind\n|move|p2b: Sinistcha|Life Dew|p2b: Sinistcha|[spread] p2a,p2b\n|-heal|p2a: Dragonite|100/100 brn\n|-heal|p2b: Sinistcha|79/100\n|\n|-heal|p1a: Milotic|88/100|[from] item: Leftovers\n|-heal|p2b: Sinistcha|85/100|[from] item: Leftovers\n|-damage|p2a: Dragonite|94/100 brn|[from] brn\n|upkeep\n|turn|7\n|inactive|Ruperoni has 30 seconds left.\n|\n|t:|1776600842\n|move|p2b: Sinistcha|Protect|p2b: Sinistcha\n|-singleturn|p2b: Sinistcha|Protect\n|move|p1a: Milotic|Ice Beam|p2b: Sinistcha\n|-activate|p2b: Sinistcha|move: Protect\n|move|p2a: Dragonite|Scale Shot|p1a: Milotic\n|-damage|p1a: Milotic|82/100\n|-damage|p1a: Milotic|76/100\n|-damage|p1a: Milotic|69/100\n|-damage|p1a: Milotic|62/100\n|-crit|p1a: Milotic\n|-damage|p1a: Milotic|53/100\n|-hitcount|p1a: Milotic|5\n|-unboost|p2a: Dragonite|def|1\n|-boost|p2a: Dragonite|spe|1\n|-enditem|p2a: Dragonite|White Herb\n|-clearnegativeboost|p2a: Dragonite|[silent]\n|move|p1b: Kingambit|Kowtow Cleave|p2b: Sinistcha\n|-activate|p2b: Sinistcha|move: Protect\n|\n|-heal|p1a: Milotic|59/100|[from] item: Leftovers\n|-heal|p2b: Sinistcha|91/100|[from] item: Leftovers\n|-damage|p2a: Dragonite|88/100 brn|[from] brn\n|-sideend|p1: Lopvd|move: Tailwind\n|upkeep\n|turn|8\n|inactive|Ruperoni has 30 seconds left.\n|\n|t:|1776600872\n|switch|p2b: Incineroar|Incineroar, L50, M|78/100\n|move|p2a: Dragonite|Scale Shot|p1a: Milotic\n|-damage|p1a: Milotic|53/100\n|-damage|p1a: Milotic|48/100\n|-crit|p1a: Milotic\n|-damage|p1a: Milotic|39/100\n|-hitcount|p1a: Milotic|3\n|-unboost|p2a: Dragonite|def|1\n|-boost|p2a: Dragonite|spe|1\n|move|p1a: Milotic|Ice Beam|p2b: Incineroar\n|-resisted|p2b: Incineroar|1\n|-damage|p2b: Incineroar|69/100\n|move|p1b: Kingambit|Kowtow Cleave|p2b: Incineroar\n|-resisted|p2b: Incineroar|1\n|-damage|p2b: Incineroar|43/100\n|-enditem|p2b: Incineroar|Sitrus Berry|[eat]\n|-heal|p2b: Incineroar|67/100|[from] item: Sitrus Berry\n|\n|-heal|p1a: Milotic|45/100|[from] item: Leftovers\n|-damage|p2a: Dragonite|82/100 brn|[from] brn\n|upkeep\n|turn|9\n|inactive|Ruperoni has 30 seconds left.\n|\n|t:|1776600904\n|move|p2b: Incineroar|Fake Out|p1a: Milotic\n|-crit|p1a: Milotic\n|-damage|p1a: Milotic|28/100\n|move|p1b: Kingambit|Sucker Punch|p2a: Dragonite\n|-damage|p2a: Dragonite|12/100 brn\n|move|p2a: Dragonite|Scale Shot|p1a: Milotic\n|-damage|p1a: Milotic|22/100\n|-damage|p1a: Milotic|16/100\n|-hitcount|p1a: Milotic|2\n|-unboost|p2a: Dragonite|def|1\n|-boost|p2a: Dragonite|spe|1\n|cant|p1a: Milotic|flinch\n|\n|-heal|p1a: Milotic|22/100|[from] item: Leftovers\n|-damage|p2a: Dragonite|6/100 brn|[from] brn\n|-sideend|p2: Ruperoni|move: Tailwind\n|upkeep\n|turn|10\n|\n|t:|1776600929\n|move|p2a: Dragonite|Protect|p2a: Dragonite\n|-singleturn|p2a: Dragonite|Protect\n|move|p1a: Milotic|Protect|p1a: Milotic\n|-singleturn|p1a: Milotic|Protect\n|move|p2b: Incineroar|Flare Blitz|p1b: Kingambit\n|-supereffective|p1b: Kingambit|1\n|-damage|p1b: Kingambit|13/100\n|-damage|p2b: Incineroar|42/100|[from] Recoil\n|move|p1b: Kingambit|Iron Head|p2b: Incineroar\n|-resisted|p2b: Incineroar|1\n|-damage|p2b: Incineroar|21/100\n|\n|-heal|p1a: Milotic|28/100|[from] item: Leftovers\n|-damage|p2a: Dragonite|0 fnt|[from] brn\n|faint|p2a: Dragonite\n|upkeep\n|\n|t:|1776600941\n|switch|p2a: Excadrill|Excadrill, L50, M, shiny|8/100 brn\n|-ability|p2a: Excadrill|Mold Breaker\n|turn|11\n|inactive|Ruperoni has 30 seconds left.\n|inactive|Lopvd has 30 seconds left.\n|inactive|Ruperoni has 20 seconds left.\n|inactive|Ruperoni has 15 seconds left.\n|inactive|Ruperoni has 10 seconds left.\n|inactive|Ruperoni has 5 seconds left.\n|\n|t:|1776600994\n|switch|p2a: Sinistcha|Sinistcha, L50|91/100\n|-heal|p2b: Incineroar|46/100|[from] ability: Hospitality|[of] p2a: Sinistcha\n|move|p1b: Kingambit|Sucker Punch||[still]\n|-fail|p1b: Kingambit\n|move|p1a: Milotic|Scald|p2b: Incineroar\n|-supereffective|p2b: Incineroar|1\n|-damage|p2b: Incineroar|0 fnt\n|faint|p2b: Incineroar\n|\n|-heal|p1a: Milotic|34/100|[from] item: Leftovers\n|-heal|p2a: Sinistcha|97/100|[from] item: Leftovers\n|upkeep\n|\n|t:|1776601002\n|switch|p2b: Excadrill|Excadrill, L50, M, shiny|8/100 brn\n|-ability|p2b: Excadrill|Mold Breaker\n|turn|12\n|inactive|Ruperoni has 30 seconds left.\n|\n|t:|1776601035\n|detailschange|p2b: Excadrill|Excadrill-Mega, L50, M, shiny\n|-mega|p2b: Excadrill|Excadrill|Excadrite\n|move|p1b: Kingambit|Sucker Punch|p2a: Sinistcha\n|-supereffective|p2a: Sinistcha|1\n|-damage|p2a: Sinistcha|18/100\n|move|p2b: Excadrill|Iron Head|p1a: Milotic\n|-resisted|p1a: Milotic|1\n|-damage|p1a: Milotic|21/100\n|cant|p1a: Milotic|flinch\n|move|p2a: Sinistcha|Matcha Gotcha|p1b: Kingambit|[spread] p1a,p1b\n|-supereffective|p1a: Milotic|1\n|-resisted|p1b: Kingambit|1\n|-damage|p1a: Milotic|0 fnt\n|-heal|p2a: Sinistcha|30/100|[from] drain|[of] p1a: Milotic\n|-damage|p1b: Kingambit|0 fnt\n|-heal|p2a: Sinistcha|38/100|[from] drain|[of] p1b: Kingambit\n|faint|p1a: Milotic\n|faint|p1b: Kingambit\n|\n|-heal|p2a: Sinistcha|44/100|[from] item: Leftovers\n|-damage|p2b: Excadrill|2/100 brn|[from] brn\n|upkeep\n|\n|t:|1776601054\n|switch|p1a: Alakazam|Alakazam, L50, F|100/100\n|turn|13\n|\n|t:|1776601064\n|detailschange|p1a: Alakazam|Alakazam-Mega, L50, F\n|-mega|p1a: Alakazam|Alakazam|Alakazite\n|-ability|p1a: Alakazam|Hospitality|Trace|[from] ability: Trace|[of] p2a: Sinistcha\n|move|p2b: Excadrill|Protect|p2b: Excadrill\n|-singleturn|p2b: Excadrill|Protect\n|move|p1a: Alakazam|Dazzling Gleam|p2a: Sinistcha|[spread] p2a\n|-activate|p2b: Excadrill|move: Protect\n|-damage|p2a: Sinistcha|20/100\n|move|p2a: Sinistcha|Life Dew|p2a: Sinistcha|[spread] p2a,p2b\n|-heal|p2a: Sinistcha|45/100\n|-heal|p2b: Excadrill|27/100 brn\n|\n|-heal|p2a: Sinistcha|52/100|[from] item: Leftovers\n|-damage|p2b: Excadrill|21/100 brn|[from] brn\n|upkeep\n|turn|14\n|inactive|Ruperoni has 30 seconds left.\n|inactive|Ruperoni has 20 seconds left.\n|inactive|Ruperoni has 15 seconds left.\n|inactive|Ruperoni has 10 seconds left.\n|\n|t:|1776601098\n|move|p1a: Alakazam|Shadow Ball|p2b: Excadrill\n|-damage|p2b: Excadrill|0 fnt\n|faint|p2b: Excadrill\n|move|p2a: Sinistcha|Life Dew|p2a: Sinistcha\n|-heal|p2a: Sinistcha|77/100\n|\n|-heal|p2a: Sinistcha|83/100|[from] item: Leftovers\n|upkeep\n|turn|15\n|inactive|Ruperoni has 10 seconds left this turn.\n|\n|t:|1776601105\n|move|p1a: Alakazam|Shadow Ball|p2a: Sinistcha\n|-supereffective|p2a: Sinistcha|1\n|-damage|p2a: Sinistcha|15/100\n|move|p2a: Sinistcha|Matcha Gotcha|p1a: Alakazam\n|-damage|p1a: Alakazam|59/100\n|-heal|p2a: Sinistcha|31/100|[from] drain|[of] p1a: Alakazam\n|\n|-heal|p2a: Sinistcha|38/100|[from] item: Leftovers\n|upkeep\n|turn|16\n|inactive|Ruperoni has 10 seconds left this turn.\n|\n|t:|1776601113\n|move|p1a: Alakazam|Shadow Ball|p2a: Sinistcha\n|-supereffective|p2a: Sinistcha|1\n|-damage|p2a: Sinistcha|0 fnt\n|faint|p2a: Sinistcha\n|\n|win|Lopvd\n|raw|Lopvd's rating: 1146 &rarr; <strong>1167</strong><br />(+21 for winning)\n|raw|Ruperoni's rating: 1083 &rarr; <strong>1065</strong><br />(-18 for losing)\n|c|\u2606Ruperoni|double burn\n|c|\u2606Ruperoni|lucky but gg\n|c|\u2606Lopvd|gg\n|l|\u2606Ruperoni\n|player|p2|\n",
  "uploadtime": 1776601139,
  "views": 13,
  "formatid": "gen9championsvgc2026regma",
  "rating": 1065,
  "private": 0,
  "password": null
}