{
  "id": "gen9championsvgc2026regma-2586130216",
  "format": "[Gen 9 Champions] VGC 2026 Reg M-A",
  "players": [
    "icecreamtail",
    "roherto"
  ],
  "log": "|j|\u2606icecreamtail\n|j|\u2606roherto\n|t:|1776402698\n|gametype|doubles\n|player|p1|icecreamtail|169|1206\n|player|p2|roherto|hilbert|1228\n|gen|9\n|tier|[Gen 9 Champions] VGC 2026 Reg M-A\n|rated|\n|rule|Species Clause: Limit one of each Pok\u00e9mon\n|rule|Item Clause: Limit 1 of each item\n|clearpoke\n|poke|p1|Glimmora, L50, M|\n|poke|p1|Sneasler, L50, F|\n|poke|p1|Delphox, L50, F|\n|poke|p1|Kingambit, L50, F|\n|poke|p1|Garchomp, L50, F|\n|poke|p1|Espathra, L50, M|\n|poke|p2|Venusaur, L50, M|\n|poke|p2|Floette-Eternal, L50, F|\n|poke|p2|Dragonite, L50, M|\n|poke|p2|Incineroar, L50, F|\n|poke|p2|Aegislash, L50, F|\n|poke|p2|Rotom-Wash, L50|\n|teampreview|4\n|inactive|Battle timer is ON: inactive players will automatically lose when time's up. (requested by roherto)\n|inactive|icecreamtail has 60 seconds left.\n|inactive|roherto has 60 seconds left.\n|inactive|icecreamtail has 30 seconds left.\n|inactive|roherto has 30 seconds left.\n|inactive|roherto has 20 seconds left.\n|inactive|roherto has 15 seconds left.\n|\n|t:|1776402778\n|teamsize|p1|4\n|teamsize|p2|4\n|start\n|switch|p1a: Espathra|Espathra, L50, M, shiny|100/100\n|switch|p1b: Sneasler|Sneasler, L50, F|100/100\n|switch|p2a: Dragonite|Dragonite, L50, M|100/100\n|switch|p2b: Rotom|Rotom-Wash, L50|100/100\n|turn|1\n|inactive|roherto has 30 seconds left.\n|\n|t:|1776402804\n|move|p1b: Sneasler|Fake Out|p2b: Rotom\n|-damage|p2b: Rotom|85/100\n|move|p1a: Espathra|Calm Mind|p1a: Espathra\n|-boost|p1a: Espathra|spa|1\n|-boost|p1a: Espathra|spd|1\n|move|p2a: Dragonite|Tailwind|p2a: Dragonite\n|-sidestart|p2: roherto|move: Tailwind\n|cant|p2b: Rotom|flinch\n|\n|-heal|p2b: Rotom|90/100|[from] item: Leftovers\n|-ability|p1a: Espathra|Speed Boost|boost\n|-boost|p1a: Espathra|spe|1\n|upkeep\n|turn|2\n|inactive|roherto has 30 seconds left.\n|inactive|roherto has 20 seconds left.\n|inactive|roherto has 15 seconds left.\n|inactive|roherto has 10 seconds left.\n|inactive|roherto has 5 seconds left.\n|\n|t:|1776402859\n|move|p2a: Dragonite|Rock Slide|p1a: Espathra|[spread] p1a,p1b\n|-resisted|p1b: Sneasler|1\n|-damage|p1a: Espathra|67/100\n|-damage|p1b: Sneasler|82/100\n|move|p1a: Espathra|Calm Mind|p1a: Espathra\n|-boost|p1a: Espathra|spa|1\n|-boost|p1a: Espathra|spd|1\n|move|p2b: Rotom|Electroweb|p1b: Sneasler|[spread] p1a,p1b\n|-damage|p1a: Espathra|51/100\n|-damage|p1b: Sneasler|53/100\n|-unboost|p1a: Espathra|spe|1\n|-unboost|p1b: Sneasler|spe|1\n|-enditem|p1b: Sneasler|White Herb\n|-clearnegativeboost|p1b: Sneasler|[silent]\n|move|p1b: Sneasler|Close Combat|p2b: Rotom\n|-damage|p2b: Rotom|17/100\n|-unboost|p1b: Sneasler|def|1\n|-unboost|p1b: Sneasler|spd|1\n|\n|-heal|p2b: Rotom|23/100|[from] item: Leftovers\n|-ability|p1a: Espathra|Speed Boost|boost\n|-boost|p1a: Espathra|spe|1\n|upkeep\n|turn|3\n|inactive|icecreamtail has 30 seconds left.\n|inactive|roherto has 30 seconds left.\n|inactive|roherto has 20 seconds left.\n|inactive|icecreamtail has 20 seconds left.\n|inactive|roherto has 15 seconds left.\n|\n|t:|1776402902\n|move|p1a: Espathra|Protect|p1a: Espathra\n|-singleturn|p1a: Espathra|Protect\n|move|p1b: Sneasler|Dire Claw|p2a: Dragonite\n|-damage|p2a: Dragonite|56/100\n|move|p2a: Dragonite|Rock Slide|p1b: Sneasler|[spread] p1b\n|-activate|p1a: Espathra|move: Protect\n|-resisted|p1b: Sneasler|1\n|-damage|p1b: Sneasler|26/100\n|move|p2b: Rotom|Electroweb|p1a: Espathra|[spread] p1b\n|-activate|p1a: Espathra|move: Protect\n|-damage|p1b: Sneasler|0 fnt\n|faint|p1b: Sneasler\n|\n|-heal|p2b: Rotom|29/100|[from] item: Leftovers\n|-ability|p1a: Espathra|Speed Boost|boost\n|-boost|p1a: Espathra|spe|1\n|upkeep\n|\n|t:|1776402925\n|switch|p1b: Kingambit|Kingambit, L50, F|100/100\n|turn|4\n|\n|t:|1776402953\n|move|p1a: Espathra|Lumina Crash|p2b: Rotom\n|-damage|p2b: Rotom|0 fnt\n|faint|p2b: Rotom\n|move|p2a: Dragonite|Stomping Tantrum|p1b: Kingambit\n|-supereffective|p1b: Kingambit|1\n|-damage|p1b: Kingambit|54/100\n|move|p1b: Kingambit|Swords Dance|p1b: Kingambit\n|-boost|p1b: Kingambit|atk|2\n|\n|-sideend|p2: roherto|move: Tailwind\n|-ability|p1a: Espathra|Speed Boost|boost\n|-boost|p1a: Espathra|spe|1\n|upkeep\n|\n|t:|1776402966\n|switch|p2b: Incineroar|Incineroar, L50, F|100/100\n|-ability|p2b: Incineroar|Intimidate|boost\n|-unboost|p1a: Espathra|atk|1\n|-unboost|p1b: Kingambit|atk|1\n|-ability|p1b: Kingambit|Defiant|boost\n|-boost|p1b: Kingambit|atk|2\n|turn|5\n|inactive|icecreamtail has 30 seconds left.\n|inactive|roherto has 30 seconds left.\n|inactive|icecreamtail has 20 seconds left.\n|inactive|roherto has 20 seconds left.\n|inactive|icecreamtail has 15 seconds left.\n|inactive|roherto has 15 seconds left.\n|\n|t:|1776403009\n|move|p2b: Incineroar|Fake Out|p1b: Kingambit\n|-resisted|p1b: Kingambit|1\n|-damage|p1b: Kingambit|50/100\n|move|p1a: Espathra|Lumina Crash|p2a: Dragonite\n|-damage|p2a: Dragonite|0 fnt\n|faint|p2a: Dragonite\n|cant|p1b: Kingambit|flinch\n|\n|-ability|p1a: Espathra|Speed Boost|boost\n|-boost|p1a: Espathra|spe|1\n|upkeep\n|\n|t:|1776403016\n|switch|p2a: Venusaur|Venusaur, L50, M|100/100\n|turn|6\n|\n|t:|1776403039\n|detailschange|p2a: Venusaur|Venusaur-Mega, L50, M\n|-mega|p2a: Venusaur|Venusaur|Venusaurite\n|move|p1a: Espathra|Protect|p1a: Espathra\n|-singleturn|p1a: Espathra|Protect\n|move|p2a: Venusaur|Earth Power|p1b: Kingambit\n|-supereffective|p1b: Kingambit|1\n|-damage|p1b: Kingambit|0 fnt\n|faint|p1b: Kingambit\n|move|p2b: Incineroar|Darkest Lariat|p1a: Espathra\n|-activate|p1a: Espathra|move: Protect\n|\n|-ability|p1a: Espathra|Speed Boost|boost\n|-boost|p1a: Espathra|spe|1\n|upkeep\n|\n|t:|1776403047\n|switch|p1b: Glimmora|Glimmora, L50, M|100/100\n|turn|7\n|\n|t:|1776403055\n|detailschange|p1b: Glimmora|Glimmora-Mega, L50, M\n|-mega|p1b: Glimmora|Glimmora|Glimmoranite\n|move|p1a: Espathra|Lumina Crash|p2a: Venusaur\n|-supereffective|p2a: Venusaur|1\n|-damage|p2a: Venusaur|0 fnt\n|faint|p2a: Venusaur\n|move|p1b: Glimmora|Power Gem|p2b: Incineroar\n|-supereffective|p2b: Incineroar|1\n|-damage|p2b: Incineroar|0 fnt\n|faint|p2b: Incineroar\n|\n|win|icecreamtail\n|raw|icecreamtail's rating: 1206 &rarr; <strong>1233</strong><br />(+27 for winning)\n|raw|roherto's rating: 1228 &rarr; <strong>1201</strong><br />(-27 for losing)\n|l|\u2606roherto\n|player|p2|\n",
  "uploadtime": 1776403069,
  "views": 51,
  "formatid": "gen9championsvgc2026regma",
  "rating": 1201,
  "private": 0,
  "password": null
}