{
  "id": "gen9championsvgc2026regma-2584972140",
  "format": "[Gen 9 Champions] VGC 2026 Reg M-A",
  "players": [
    "Modchess",
    "Arkedge"
  ],
  "log": "|j|\u2606Modchess\n|j|\u2606Arkedge\n|t:|1776299466\n|gametype|doubles\n|player|p1|Modchess|266|1161\n|player|p2|Arkedge|101|1084\n|gen|9\n|tier|[Gen 9 Champions] VGC 2026 Reg M-A\n|rated|\n|rule|Species Clause: Limit one of each Pok\u00e9mon\n|rule|Item Clause: Limit 1 of each item\n|clearpoke\n|poke|p1|Meganium, L50, M|\n|poke|p1|Excadrill, L50, M|\n|poke|p1|Rotom-Wash, L50|\n|poke|p1|Tyranitar, L50, F|\n|poke|p1|Sneasler, L50, M|\n|poke|p1|Dragapult, L50, F|\n|poke|p2|Altaria, L50, M|\n|poke|p2|Dragonite, L50, M|\n|poke|p2|Sinistcha-Masterpiece, L50|\n|poke|p2|Espathra, L50, M|\n|poke|p2|Milotic, L50, M|\n|poke|p2|Floette-Eternal, L50, F|\n|teampreview|4\n|\n|t:|1776299489\n|teamsize|p1|4\n|teamsize|p2|4\n|start\n|switch|p1a: Excadrill|Excadrill, L50, M|100/100\n|switch|p1b: Meganium|Meganium, L50, M|100/100\n|switch|p2a: Espathra|Espathra, L50, M|100/100\n|switch|p2b: Altaria|Altaria, L50, M, shiny|100/100\n|turn|1\n|\n|t:|1776299504\n|switch|p1b: Tyranitar|Tyranitar, L50, F|100/100\n|-weather|Sandstorm|[from] ability: Sand Stream|[of] p1b: Tyranitar\n|move|p1a: Excadrill|Protect|p1a: Excadrill\n|-singleturn|p1a: Excadrill|Protect\n|move|p2a: Espathra|Calm Mind|p2a: Espathra\n|-boost|p2a: Espathra|spa|1\n|-boost|p2a: Espathra|spd|1\n|move|p2b: Altaria|Dragon Cheer|p2a: Espathra\n|-start|p2a: Espathra|move: Dragon Cheer\n|\n|-weather|Sandstorm|[upkeep]\n|-damage|p2a: Espathra|95/100|[from] Sandstorm\n|-damage|p2b: Altaria|95/100|[from] Sandstorm\n|-ability|p2a: Espathra|Speed Boost|boost\n|-boost|p2a: Espathra|spe|1\n|upkeep\n|turn|2\n|\n|t:|1776299535\n|move|p2a: Espathra|Protect|p2a: Espathra\n|-singleturn|p2a: Espathra|Protect\n|move|p1a: Excadrill|High Horsepower|p2a: Espathra\n|-activate|p2a: Espathra|move: Protect\n|move|p2b: Altaria|Rain Dance|p2b: Altaria\n|-weather|RainDance\n|move|p1b: Tyranitar|Ice Punch|p2b: Altaria\n|-supereffective|p2b: Altaria|2\n|-damage|p2b: Altaria|0 fnt\n|faint|p2b: Altaria\n|\n|-weather|RainDance|[upkeep]\n|-ability|p2a: Espathra|Speed Boost|boost\n|-boost|p2a: Espathra|spe|1\n|upkeep\n|\n|t:|1776299550\n|switch|p2b: Milotic|Milotic, L50, M|100/100\n|turn|3\n|\n|t:|1776299574\n|switch|p1b: Meganium|Meganium, L50, M|100/100\n|move|p1a: Excadrill|Protect|p1a: Excadrill\n|-singleturn|p1a: Excadrill|Protect\n|move|p2a: Espathra|Baton Pass|p2a: Espathra\n|\n|t:|1776299581\n|switch|p2a: Floette|Floette-Eternal, L50, F|100/100|[from] Baton Pass\n|move|p2b: Milotic|Psych Up|p2a: Floette\n|-start|p2b: Milotic|move: Dragon Cheer|[silent]\n|-copyboost|p2b: Milotic|p2a: Floette|[from] move: Psych Up\n|\n|-weather|RainDance|[upkeep]\n|upkeep\n|turn|4\n|\n|t:|1776299608\n|switch|p1a: Tyranitar|Tyranitar, L50, F|100/100\n|-weather|Sandstorm|[from] ability: Sand Stream|[of] p1a: Tyranitar\n|detailschange|p2a: Floette|Floette-Mega, L50, F\n|-mega|p2a: Floette|Floette|Floettite\n|-ability|p2a: Floette|Fairy Aura\n|detailschange|p1b: Meganium|Meganium-Mega, L50, M\n|-mega|p1b: Meganium|Meganium|Meganiumite\n|move|p2a: Floette|Protect|p2a: Floette\n|-singleturn|p2a: Floette|Protect\n|move|p2b: Milotic|Icy Wind|p1a: Tyranitar|[spread] p1a,p1b\n|-supereffective|p1b: Meganium|1\n|-crit|p1b: Meganium\n|-damage|p1a: Tyranitar|91/100\n|-damage|p1b: Meganium|67/100\n|-unboost|p1a: Tyranitar|spe|1\n|-unboost|p1b: Meganium|spe|1\n|move|p1b: Meganium|Solar Beam||[still]\n|-prepare|p1b: Meganium|Solar Beam\n|-activate|p1b: Meganium|ability: Mega Sol\n|-anim|p1b: Meganium|Solar Beam|p2a: Floette\n|-activate|p2a: Floette|move: Protect\n|\n|-weather|Sandstorm|[upkeep]\n|-damage|p2a: Floette|94/100|[from] Sandstorm\n|-damage|p2b: Milotic|95/100|[from] Sandstorm\n|-damage|p1b: Meganium|61/100|[from] Sandstorm\n|-heal|p2b: Milotic|100/100|[from] item: Leftovers\n|upkeep\n|turn|5\n|\n|t:|1776299643\n|move|p2a: Floette|Giga Drain|p1a: Tyranitar\n|-supereffective|p1a: Tyranitar|1\n|-damage|p1a: Tyranitar|33/100\n|-heal|p2a: Floette|100/100|[from] drain|[of] p1a: Tyranitar\n|move|p2b: Milotic|Icy Wind|p1b: Meganium|[spread] p1a,p1b\n|-supereffective|p1b: Meganium|1\n|-damage|p1a: Tyranitar|24/100\n|-damage|p1b: Meganium|38/100\n|-unboost|p1a: Tyranitar|spe|1\n|-unboost|p1b: Meganium|spe|1\n|move|p1b: Meganium|Solar Beam||[still]\n|-prepare|p1b: Meganium|Solar Beam\n|-activate|p1b: Meganium|ability: Mega Sol\n|-anim|p1b: Meganium|Solar Beam|p2a: Floette\n|-damage|p2a: Floette|63/100\n|move|p1a: Tyranitar|Rock Slide|p2a: Floette|[spread] p2a,p2b\n|-damage|p2a: Floette|30/100\n|-damage|p2b: Milotic|75/100\n|\n|-weather|Sandstorm|[upkeep]\n|-damage|p2a: Floette|24/100|[from] Sandstorm\n|-damage|p2b: Milotic|69/100|[from] Sandstorm\n|-damage|p1b: Meganium|32/100|[from] Sandstorm\n|-heal|p2b: Milotic|75/100|[from] item: Leftovers\n|upkeep\n|turn|6\n|\n|t:|1776299678\n|move|p2a: Floette|Pollen Puff|p1b: Meganium\n|-damage|p1b: Meganium|0 fnt\n|faint|p1b: Meganium\n|move|p2b: Milotic|Life Dew|p2b: Milotic|[spread] p2a,p2b\n|-heal|p2a: Floette|49/100\n|-heal|p2b: Milotic|99/100\n|move|p1a: Tyranitar|Rock Slide|p2a: Floette|[spread] p2a\n|-miss|p1a: Tyranitar|p2b: Milotic\n|-damage|p2a: Floette|10/100\n|\n|-weather|Sandstorm|[upkeep]\n|-damage|p2a: Floette|4/100|[from] Sandstorm\n|-damage|p2b: Milotic|94/100|[from] Sandstorm\n|-heal|p2b: Milotic|99/100|[from] item: Leftovers\n|upkeep\n|\n|t:|1776299700\n|switch|p1b: Excadrill|Excadrill, L50, M|100/100\n|turn|7\n|\n|t:|1776299707\n|move|p2a: Floette|Protect|p2a: Floette\n|-singleturn|p2a: Floette|Protect\n|move|p1a: Tyranitar|Protect|p1a: Tyranitar\n|-singleturn|p1a: Tyranitar|Protect\n|move|p1b: Excadrill|Earthquake|p2a: Floette|[spread] p2b\n|-activate|p1a: Tyranitar|move: Protect\n|-activate|p2a: Floette|move: Protect\n|-damage|p2b: Milotic|64/100\n|move|p2b: Milotic|Life Dew|p2b: Milotic|[spread] p2a,p2b\n|-heal|p2a: Floette|29/100\n|-heal|p2b: Milotic|89/100\n|\n|-weather|Sandstorm|[upkeep]\n|-damage|p2a: Floette|23/100|[from] Sandstorm\n|-damage|p2b: Milotic|83/100|[from] Sandstorm\n|-heal|p2b: Milotic|89/100|[from] item: Leftovers\n|upkeep\n|turn|8\n|\n|t:|1776299732\n|move|p1b: Excadrill|Earthquake|p2a: Floette|[spread] p1a,p2a,p2b\n|-supereffective|p1a: Tyranitar|1\n|-damage|p1a: Tyranitar|0 fnt\n|-damage|p2a: Floette|0 fnt\n|-damage|p2b: Milotic|50/100\n|faint|p1a: Tyranitar\n|faint|p2a: Floette\n|move|p2b: Milotic|Life Dew|p2b: Milotic\n|-heal|p2b: Milotic|76/100\n|\n|-weather|none\n|-heal|p2b: Milotic|82/100|[from] item: Leftovers\n|upkeep\n|\n|t:|1776299744\n|switch|p2a: Espathra|Espathra, L50, M|95/100\n|switch|p1a: Sneasler|Sneasler, L50, M|100/100\n|turn|9\n|\n|t:|1776299760\n|move|p2a: Espathra|Protect|p2a: Espathra\n|-singleturn|p2a: Espathra|Protect\n|move|p1a: Sneasler|Fake Out|p2a: Espathra\n|-activate|p2a: Espathra|move: Protect\n|move|p2b: Milotic|Life Dew|p2b: Milotic|[spread] p2a,p2b\n|-heal|p2a: Espathra|100/100\n|-heal|p2b: Milotic|100/100\n|move|p1b: Excadrill|High Horsepower|p2a: Espathra\n|-activate|p2a: Espathra|move: Protect\n|\n|-ability|p2a: Espathra|Speed Boost|boost\n|-boost|p2a: Espathra|spe|1\n|upkeep\n|turn|10\n|\n|t:|1776299781\n|move|p2a: Espathra|Lumina Crash|p1a: Sneasler\n|-supereffective|p1a: Sneasler|2\n|-damage|p1a: Sneasler|0 fnt\n|faint|p1a: Sneasler\n|move|p2b: Milotic|Scald|p1b: Excadrill\n|-supereffective|p1b: Excadrill|1\n|-enditem|p1b: Excadrill|Focus Sash\n|-damage|p1b: Excadrill|1/100\n|-status|p1b: Excadrill|brn\n|move|p1b: Excadrill|High Horsepower|p2b: Milotic\n|-damage|p2b: Milotic|75/100\n|\n|-heal|p2b: Milotic|81/100|[from] item: Leftovers\n|-damage|p1b: Excadrill|0 fnt|[from] brn\n|faint|p1b: Excadrill\n|\n|win|Arkedge\n|raw|Modchess's rating: 1161 &rarr; <strong>1131</strong><br />(-30 for losing)\n|raw|Arkedge's rating: 1084 &rarr; <strong>1117</strong><br />(+33 for winning)\n|l|\u2606Arkedge\n|player|p2|\n",
  "uploadtime": 1776299817,
  "views": 28,
  "formatid": "gen9championsvgc2026regma",
  "rating": 1117,
  "private": 0,
  "password": null
}