{
  "id": "gen9championsvgc2026regma-2580744102",
  "format": "[Gen 9 Champions] VGC 2026 Reg M-A",
  "players": [
    "yagostik",
    "A5h3r"
  ],
  "log": "|j|\u2606yagostik\n|j|\u2606A5h3r\n|t:|1775928915\n|gametype|doubles\n|player|p1|yagostik|bruno|1111\n|player|p2|A5h3r|alder|1115\n|gen|9\n|tier|[Gen 9 Champions] VGC 2026 Reg M-A\n|rated|\n|rule|Species Clause: Limit one of each Pok\u00e9mon\n|rule|Item Clause: Limit 1 of each item\n|clearpoke\n|poke|p1|Froslass, L50, F|\n|poke|p1|Incineroar, L50, M|\n|poke|p1|Sneasler, L50, F|\n|poke|p1|Rotom-Frost, L50|\n|poke|p1|Ceruledge, L50, F|\n|poke|p1|Whimsicott, L50, M|\n|poke|p2|Pelipper, L50, F|\n|poke|p2|Starmie, L50|\n|poke|p2|Archaludon, L50, M|\n|poke|p2|Incineroar, L50, M|\n|poke|p2|Chesnaught, L50, M|\n|poke|p2|Maushold, L50|\n|teampreview|4\n|inactive|Battle timer is ON: inactive players will automatically lose when time's up. (requested by yagostik)\n|c|\u2606A5h3r|glhf\n|c|\u2606yagostik|u2\n|\n|t:|1775928944\n|teamsize|p1|4\n|teamsize|p2|4\n|start\n|switch|p1a: Froslass|Froslass, L50, F|100/100\n|switch|p1b: Incineroar|Incineroar, L50, M|100/100\n|switch|p2a: wc diff|Incineroar, L50, M|100/100\n|switch|p2b: BIG ARCH|Archaludon, L50, M|100/100\n|-ability|p2a: wc diff|Intimidate|boost\n|-unboost|p1a: Froslass|atk|1\n|-unboost|p1b: Incineroar|atk|1\n|-ability|p1b: Incineroar|Intimidate|boost\n|-unboost|p2a: wc diff|atk|1\n|-unboost|p2b: BIG ARCH|atk|1\n|turn|1\n|\n|t:|1775928967\n|move|p1a: Froslass|Protect|p1a: Froslass\n|-singleturn|p1a: Froslass|Protect\n|move|p2a: wc diff|Fake Out|p1b: Incineroar\n|-damage|p1b: Incineroar|93/100\n|move|p2b: BIG ARCH|Flash Cannon|p1a: Froslass\n|-activate|p1a: Froslass|move: Protect\n|cant|p1b: Incineroar|flinch\n|\n|upkeep\n|turn|2\n|\n|t:|1775928987\n|switch|p2b: og toiletbowl|Pelipper, L50, F|100/100\n|-weather|RainDance|[from] ability: Drizzle|[of] p2b: og toiletbowl\n|switch|p1a: Sneasler|Sneasler, L50, F|100/100\n|move|p2a: wc diff|Throat Chop|p1a: Sneasler\n|-resisted|p1a: Sneasler|1\n|-damage|p1a: Sneasler|83/100\n|-start|p1a: Sneasler|Throat Chop|[silent]\n|move|p1b: Incineroar|Parting Shot|p2a: wc diff\n|-unboost|p2a: wc diff|atk|1\n|-unboost|p2a: wc diff|spa|1\n|\n|t:|1775928995\n|switch|p1b: Froslass|Froslass, L50, F|100/100|[from] Parting Shot\n|\n|-weather|RainDance|[upkeep]\n|upkeep\n|turn|3\n|inactive|A5h3r has 30 seconds left.\n|inactive|A5h3r has 20 seconds left.\n|inactive|A5h3r has 15 seconds left.\n|inactive|A5h3r has 10 seconds left.\n|\n|t:|1775929040\n|detailschange|p1b: Froslass|Froslass-Mega, L50, F\n|-mega|p1b: Froslass|Froslass|Froslassite\n|-weather|Snowscape|[from] ability: Snow Warning|[of] p1b: Froslass\n|move|p2b: og toiletbowl|Protect|p2b: og toiletbowl\n|-singleturn|p2b: og toiletbowl|Protect\n|move|p1b: Froslass|Blizzard|p2a: wc diff|[spread] p2a\n|-activate|p2b: og toiletbowl|move: Protect\n|-resisted|p2a: wc diff|1\n|-damage|p2a: wc diff|82/100\n|move|p1a: Sneasler|Close Combat|p2a: wc diff\n|-supereffective|p2a: wc diff|1\n|-damage|p2a: wc diff|0 fnt\n|-unboost|p1a: Sneasler|def|1\n|-unboost|p1a: Sneasler|spd|1\n|faint|p2a: wc diff\n|-enditem|p1a: Sneasler|White Herb\n|-clearnegativeboost|p1a: Sneasler|[silent]\n|\n|-weather|Snowscape|[upkeep]\n|-end|p1a: Sneasler|Throat Chop|[silent]\n|upkeep\n|\n|t:|1775929062\n|switch|p2a: patrick???|Starmie, L50|100/100\n|turn|4\n|inactive|yagostik has 30 seconds left.\n|\n|t:|1775929093\n|switch|p2b: BIG ARCH|Archaludon, L50, M|100/100\n|detailschange|p2a: patrick???|Starmie-Mega, L50\n|-mega|p2a: patrick???|Starmie|Starminite\n|move|p1a: Sneasler|Dire Claw|p2b: BIG ARCH\n|-immune|p2b: BIG ARCH\n|move|p1b: Froslass|Thunderbolt|p2a: patrick???\n|-supereffective|p2a: patrick???|1\n|-damage|p2a: patrick???|22/100\n|-status|p2a: patrick???|par\n|move|p2a: patrick???|Psychic|p1a: Sneasler\n|-supereffective|p1a: Sneasler|2\n|-damage|p1a: Sneasler|0 fnt\n|faint|p1a: Sneasler\n|\n|-weather|Snowscape|[upkeep]\n|upkeep\n|\n|t:|1775929106\n|switch|p1a: Ceruledge|Ceruledge, L50, F|100/100\n|turn|5\n|\n|t:|1775929115\n|switch|p2b: og toiletbowl|Pelipper, L50, F|100/100\n|-weather|RainDance|[from] ability: Drizzle|[of] p2b: og toiletbowl\n|move|p2a: patrick???|Aqua Jet|p1a: Ceruledge\n|-supereffective|p1a: Ceruledge|1\n|-damage|p1a: Ceruledge|0 fnt\n|faint|p1a: Ceruledge\n|move|p1b: Froslass|Blizzard|p2b: og toiletbowl|[spread] p2a,p2b\n|-resisted|p2a: patrick???|1\n|-damage|p2a: patrick???|0 fnt\n|-damage|p2b: og toiletbowl|20/100\n|faint|p2a: patrick???\n|\n|-weather|RainDance|[upkeep]\n|upkeep\n|inactive|yagostik has 30 seconds left.\n|inactive|yagostik has 20 seconds left.\n|inactive|yagostik has 15 seconds left.\n|inactive|yagostik has 10 seconds left.\n|inactive|yagostik has 5 seconds left.\n|\n|t:|1775929170\n|switch|p2a: BIG ARCH|Archaludon, L50, M|100/100\n|switch|p1a: Incineroar|Incineroar, L50, M|93/100\n|-ability|p1a: Incineroar|Intimidate|boost\n|-unboost|p2a: BIG ARCH|atk|1\n|-unboost|p2b: og toiletbowl|atk|1\n|turn|6\n|\n|t:|1775929189\n|move|p1a: Incineroar|Fake Out|p2a: BIG ARCH\n|-resisted|p2a: BIG ARCH|1\n|-damage|p2a: BIG ARCH|96/100\n|cant|p2a: BIG ARCH|flinch\n|move|p1b: Froslass|Shadow Ball|p2a: BIG ARCH\n|-damage|p2a: BIG ARCH|30/100\n|move|p2b: og toiletbowl|Weather Ball|p1a: Incineroar\n|-supereffective|p1a: Incineroar|1\n|-damage|p1a: Incineroar|0 fnt\n|faint|p1a: Incineroar\n|\n|-weather|RainDance|[upkeep]\n|upkeep\n|turn|7\n|\n|t:|1775929205\n|move|p2a: BIG ARCH|Flash Cannon|p1b: Froslass\n|-supereffective|p1b: Froslass|1\n|-damage|p1b: Froslass|1/100\n|move|p1b: Froslass|Shadow Ball|p2b: og toiletbowl\n|-damage|p2b: og toiletbowl|0 fnt\n|faint|p2b: og toiletbowl\n|\n|-weather|RainDance|[upkeep]\n|upkeep\n|turn|8\n|\n|t:|1775929215\n|move|p1b: Froslass|Protect|p1b: Froslass\n|-singleturn|p1b: Froslass|Protect\n|move|p2a: BIG ARCH|Flash Cannon|p1b: Froslass\n|-activate|p1b: Froslass|move: Protect\n|\n|-weather|RainDance|[upkeep]\n|upkeep\n|turn|9\n|\n|t:|1775929222\n|move|p2a: BIG ARCH|Flash Cannon|p1b: Froslass\n|-supereffective|p1b: Froslass|1\n|-damage|p1b: Froslass|0 fnt\n|faint|p1b: Froslass\n|\n|win|A5h3r\n|raw|yagostik's rating: 1111 &rarr; <strong>1086</strong><br />(-25 for losing)\n|raw|A5h3r's rating: 1115 &rarr; <strong>1140</strong><br />(+25 for winning)\n|l|\u2606yagostik\n|player|p1|\n",
  "uploadtime": 1775929241,
  "views": 25,
  "formatid": "gen9championsvgc2026regma",
  "rating": 1086,
  "private": 0,
  "password": null
}