{
  "id": "gen9championsvgc2026regma-2582208603",
  "format": "[Gen 9 Champions] VGC 2026 Reg M-A",
  "players": [
    "porygon-epilepz",
    "Jjhghjjg"
  ],
  "log": "|j|\u2606porygon-epilepz\n|j|\u2606Jjhghjjg\n|t:|1776071479\n|gametype|doubles\n|player|p1|porygon-epilepz|hiker-gen4|1032\n|player|p2|Jjhghjjg|102|1049\n|gen|9\n|tier|[Gen 9 Champions] VGC 2026 Reg M-A\n|rated|\n|rule|Species Clause: Limit one of each Pok\u00e9mon\n|rule|Item Clause: Limit 1 of each item\n|clearpoke\n|poke|p1|Kommo-o, L50, F|\n|poke|p1|Incineroar, L50, M|\n|poke|p1|Glimmora, L50, F|\n|poke|p1|Sinistcha, L50|\n|poke|p1|Corviknight, L50, F|\n|poke|p1|Palafin, L50, M|\n|poke|p2|Farigiraf, L50, F|\n|poke|p2|Torkoal, L50, M|\n|poke|p2|Golurk, L50|\n|poke|p2|Hatterene, L50, F|\n|poke|p2|Arcanine-Hisui, L50, F|\n|poke|p2|Sinistcha, L50|\n|teampreview|4\n|\n|t:|1776071549\n|teamsize|p1|4\n|teamsize|p2|4\n|start\n|switch|p1a: Kommo-o|Kommo-o, L50, F|100/100\n|switch|p1b: Sinistcha|Sinistcha, L50|100/100\n|switch|p2a: Hatterene|Hatterene, L50, F|100/100\n|switch|p2b: Sinistcha|Sinistcha, L50|100/100\n|turn|1\n|\n|t:|1776071567\n|move|p1a: Kommo-o|Protect|p1a: Kommo-o\n|-singleturn|p1a: Kommo-o|Protect\n|move|p1b: Sinistcha|Matcha Gotcha|p2b: Sinistcha|[spread] p2a,p2b\n|-resisted|p2b: Sinistcha|1\n|-damage|p2a: Hatterene|72/100\n|-damage|p2b: Sinistcha|86/100\n|move|p2b: Sinistcha|Stun Spore|p1a: Kommo-o\n|-activate|p1a: Kommo-o|move: Protect\n|move|p2a: Hatterene|Trick Room|p2a: Hatterene\n|-fieldstart|move: Trick Room|[of] p2a: Hatterene\n|\n|upkeep\n|turn|2\n|\n|t:|1776071606\n|switch|p1a: Incineroar|Incineroar, L50, M|100/100\n|-ability|p1a: Incineroar|Intimidate|boost\n|-unboost|p2a: Hatterene|atk|1\n|-unboost|p2b: Sinistcha|atk|1\n|move|p2a: Hatterene|Dazzling Gleam|p1b: Sinistcha|[spread] p1a,p1b\n|-crit|p1a: Incineroar\n|-damage|p1a: Incineroar|46/100\n|-damage|p1b: Sinistcha|58/100\n|move|p2b: Sinistcha|Matcha Gotcha|p1a: Incineroar|[spread] p1a,p1b\n|-resisted|p1a: Incineroar|1\n|-resisted|p1b: Sinistcha|1\n|-damage|p1a: Incineroar|34/100\n|-heal|p2b: Sinistcha|93/100|[from] drain|[of] p1a: Incineroar\n|-damage|p1b: Sinistcha|44/100\n|-heal|p2b: Sinistcha|99/100|[from] drain|[of] p1b: Sinistcha\n|-status|p1b: Sinistcha|brn\n|-enditem|p1b: Sinistcha|Sitrus Berry|[eat]\n|-heal|p1b: Sinistcha|69/100 brn|[from] item: Sitrus Berry\n|move|p1b: Sinistcha|Matcha Gotcha|p2b: Sinistcha|[spread] p2a,p2b\n|-resisted|p2b: Sinistcha|1\n|-damage|p2a: Hatterene|45/100\n|-heal|p1b: Sinistcha|79/100 brn|[from] drain|[of] p2a: Hatterene\n|-damage|p2b: Sinistcha|86/100\n|-heal|p1b: Sinistcha|86/100 brn|[from] drain|[of] p2b: Sinistcha\n|\n|-damage|p1b: Sinistcha|80/100 brn|[from] brn\n|upkeep\n|turn|3\n|\n|t:|1776071643\n|switch|p2a: Torkoal|Torkoal, L50, M|100/100\n|-weather|SunnyDay|[from] ability: Drought|[of] p2a: Torkoal\n|switch|p2b: Arcanine|Arcanine-Hisui, L50, F|100/100\n|-ability|p2b: Arcanine|Intimidate|boost\n|-unboost|p1a: Incineroar|atk|1\n|-unboost|p1b: Sinistcha|atk|1\n|move|p1a: Incineroar|Flare Blitz|p2a: Torkoal\n|-resisted|p2a: Torkoal|1\n|-damage|p2a: Torkoal|81/100\n|-damage|p1a: Incineroar|30/100|[from] Recoil\n|move|p1b: Sinistcha|Matcha Gotcha|p2b: Arcanine|[spread] p2a,p2b\n|-resisted|p2a: Torkoal|1\n|-damage|p2a: Torkoal|64/100\n|-heal|p1b: Sinistcha|88/100 brn|[from] drain|[of] p2a: Torkoal\n|-damage|p2b: Arcanine|76/100\n|-heal|p1b: Sinistcha|100/100 brn|[from] drain|[of] p2b: Arcanine\n|\n|-weather|SunnyDay|[upkeep]\n|-heal|p2b: Arcanine|82/100|[from] item: Leftovers\n|-damage|p1b: Sinistcha|94/100 brn|[from] brn\n|upkeep\n|turn|4\n|\n|t:|1776071684\n|switch|p1b: Kommo-o|Kommo-o, L50, F|100/100\n|move|p2a: Torkoal|Eruption|p1a: Incineroar|[spread] p1a,p1b\n|-resisted|p1a: Incineroar|1\n|-resisted|p1b: Kommo-o|1\n|-damage|p1a: Incineroar|5/100\n|-damage|p1b: Kommo-o|74/100\n|move|p1a: Incineroar|Parting Shot|p2a: Torkoal\n|-unboost|p2a: Torkoal|atk|1\n|-unboost|p2a: Torkoal|spa|1\n|\n|t:|1776071692\n|switch|p1a: Sinistcha|Sinistcha, L50|94/100 brn|[from] Parting Shot\n|-heal|p1b: Kommo-o|99/100|[from] ability: Hospitality|[of] p1a: Sinistcha\n|move|p2b: Arcanine|Head Smash|p1a: Sinistcha\n|-damage|p1a: Sinistcha|28/100 brn\n|-damage|p2b: Arcanine|53/100|[from] Recoil\n|\n|-weather|SunnyDay|[upkeep]\n|-heal|p2b: Arcanine|59/100|[from] item: Leftovers\n|-heal|p1b: Kommo-o|100/100|[from] item: Leftovers\n|-damage|p1a: Sinistcha|22/100 brn|[from] brn\n|upkeep\n|turn|5\n|\n|t:|1776071746\n|switch|p2a: Sinistcha|Sinistcha, L50|86/100\n|-heal|p2b: Arcanine|84/100|[from] ability: Hospitality|[of] p2a: Sinistcha\n|switch|p1a: Incineroar|Incineroar, L50, M|5/100\n|-ability|p1a: Incineroar|Intimidate|boost\n|-unboost|p2a: Sinistcha|atk|1\n|-unboost|p2b: Arcanine|atk|1\n|move|p1b: Kommo-o|Protect|p1b: Kommo-o\n|-singleturn|p1b: Kommo-o|Protect\n|move|p2b: Arcanine|Head Smash|p1a: Incineroar\n|-supereffective|p1a: Incineroar|1\n|-damage|p1a: Incineroar|0 fnt\n|faint|p1a: Incineroar\n|-damage|p2b: Arcanine|81/100|[from] Recoil\n|\n|-weather|SunnyDay|[upkeep]\n|-heal|p2b: Arcanine|87/100|[from] item: Leftovers\n|-fieldend|move: Trick Room\n|upkeep\n|\n|t:|1776071753\n|switch|p1a: Sinistcha|Sinistcha, L50|22/100 brn\n|turn|6\n|\n|t:|1776071828\n|move|p2b: Arcanine|Extreme Speed|p1b: Kommo-o\n|-damage|p1b: Kommo-o|83/100\n|move|p1b: Kommo-o|Clangorous Soul|p1b: Kommo-o\n|-boost|p1b: Kommo-o|atk|1\n|-boost|p1b: Kommo-o|def|1\n|-boost|p1b: Kommo-o|spa|1\n|-boost|p1b: Kommo-o|spd|1\n|-boost|p1b: Kommo-o|spe|1\n|-damage|p1b: Kommo-o|50/100\n|move|p2a: Sinistcha|Hex|p1a: Sinistcha\n|-supereffective|p1a: Sinistcha|1\n|-damage|p1a: Sinistcha|0 fnt\n|faint|p1a: Sinistcha\n|\n|-weather|SunnyDay|[upkeep]\n|-heal|p1b: Kommo-o|57/100|[from] item: Leftovers\n|-heal|p2b: Arcanine|93/100|[from] item: Leftovers\n|upkeep\n|\n|t:|1776071840\n|switch|p1a: Palafin|Palafin, L50, M|100/100\n|turn|7\n|\n|t:|1776071861\n|move|p1b: Kommo-o|Clanging Scales|p2a: Sinistcha|[spread] p2a,p2b\n|-damage|p2a: Sinistcha|27/100\n|-damage|p2b: Arcanine|40/100\n|-unboost|p1b: Kommo-o|def|1\n|move|p1a: Palafin|Flip Turn|p2b: Arcanine\n|-supereffective|p2b: Arcanine|2\n|-damage|p2b: Arcanine|0 fnt\n|faint|p2b: Arcanine\n|move|p2a: Sinistcha|Stun Spore|p1b: Kommo-o\n|-status|p1b: Kommo-o|par\n|\n|-weather|none\n|-heal|p1b: Kommo-o|63/100 par|[from] item: Leftovers\n|upkeep\n|\n|t:|1776071873\n|switch|p2b: Hatterene|Hatterene, L50, F|45/100\n|turn|8\n|\n|t:|1776071882\n|move|p1a: Palafin|Wave Crash|p2b: Hatterene\n|-damage|p2b: Hatterene|0 fnt\n|faint|p2b: Hatterene\n|-damage|p1a: Palafin|90/100|[from] Recoil\n|move|p1b: Kommo-o|Clanging Scales|p2a: Sinistcha\n|-damage|p2a: Sinistcha|0 fnt\n|faint|p2a: Sinistcha\n|-unboost|p1b: Kommo-o|def|1\n|\n|-heal|p1b: Kommo-o|69/100 par|[from] item: Leftovers\n|upkeep\n|inactive|Battle timer is ON: inactive players will automatically lose when time's up. (requested by Jjhghjjg)\n|-message|Jjhghjjg forfeited.\n|\n|win|porygon-epilepz\n|raw|porygon-epilepz's rating: 1032 &rarr; <strong>1069</strong><br />(+37 for winning)\n|raw|Jjhghjjg's rating: 1049 &rarr; <strong>1031</strong><br />(-18 for losing)\n",
  "uploadtime": 1776071482,
  "views": 14,
  "formatid": "gen9championsvgc2026regma",
  "rating": 1031,
  "private": 0,
  "password": null
}