{
  "id": "gen9championsvgc2026regma-2581053078",
  "format": "[Gen 9 Champions] VGC 2026 Reg M-A",
  "players": [
    "vnunesp12",
    "909PandaGod"
  ],
  "log": "|j|\u2606vnunesp12\n|j|\u2606909PandaGod\n|t:|1775955431\n|gametype|doubles\n|player|p1|vnunesp12|red|1068\n|player|p2|909PandaGod|1|1080\n|gen|9\n|tier|[Gen 9 Champions] VGC 2026 Reg M-A\n|rated|\n|rule|Species Clause: Limit one of each Pok\u00e9mon\n|rule|Item Clause: Limit 1 of each item\n|clearpoke\n|poke|p1|Manectric, L50, M|\n|poke|p1|Pelipper, L50, F|\n|poke|p1|Sinistcha, L50|\n|poke|p1|Dragonite, L50, F|\n|poke|p1|Basculegion, L50, M|\n|poke|p1|Sneasler, L50, F|\n|poke|p2|Talonflame, L50, M|\n|poke|p2|Incineroar, L50, F|\n|poke|p2|Orthworm, L50, F|\n|poke|p2|Excadrill, L50, F|\n|poke|p2|Tyranitar, L50, F|\n|poke|p2|Meowscarada, L50, M|\n|teampreview|4\n|inactive|Battle timer is ON: inactive players will automatically lose when time's up. (requested by 909PandaGod)\n|inactive|vnunesp12 has 60 seconds left.\n|\n|t:|1775955469\n|teamsize|p1|4\n|teamsize|p2|4\n|start\n|switch|p1a: Manectric|Manectric, L50, M|100/100\n|switch|p1b: Sneasler|Sneasler, L50, F|100/100\n|switch|p2a: Orthworm|Orthworm, L50, F|100/100\n|switch|p2b: Tyranitar|Tyranitar, L50, F|100/100\n|-weather|Sandstorm|[from] ability: Sand Stream|[of] p2b: Tyranitar\n|turn|1\n|inactive|vnunesp12 has 30 seconds left.\n|inactive|vnunesp12 has 20 seconds left.\n|inactive|vnunesp12 has 15 seconds left.\n|\n|t:|1775955509\n|detailschange|p1a: Manectric|Manectric-Mega, L50, M\n|-mega|p1a: Manectric|Manectric|Manectite\n|-ability|p1a: Manectric|Intimidate|boost\n|-unboost|p2a: Orthworm|atk|1\n|-unboost|p2b: Tyranitar|atk|1\n|move|p1a: Manectric|Flamethrower|p2a: Orthworm\n|-supereffective|p2a: Orthworm|1\n|-damage|p2a: Orthworm|32/100\n|move|p1b: Sneasler|Close Combat|p2a: Orthworm\n|-supereffective|p2a: Orthworm|1\n|-damage|p2a: Orthworm|0 fnt\n|-unboost|p1b: Sneasler|def|1\n|-unboost|p1b: Sneasler|spd|1\n|faint|p2a: Orthworm\n|-enditem|p1b: Sneasler|White Herb\n|-clearnegativeboost|p1b: Sneasler|[silent]\n|move|p2b: Tyranitar|Earthquake|p1b: Sneasler|[spread] p1a,p1b\n|-supereffective|p1a: Manectric|1\n|-supereffective|p1b: Sneasler|1\n|-damage|p1a: Manectric|40/100\n|-damage|p1b: Sneasler|35/100\n|\n|-weather|Sandstorm|[upkeep]\n|-damage|p1b: Sneasler|29/100|[from] Sandstorm\n|-damage|p1a: Manectric|34/100|[from] Sandstorm\n|upkeep\n|\n|t:|1775955524\n|switch|p2a: Excadrill|Excadrill, L50, F|100/100\n|turn|2\n|inactive|vnunesp12 has 30 seconds left.\n|\n|t:|1775955553\n|switch|p1b: Pelipper|Pelipper, L50, F|100/100\n|-weather|RainDance|[from] ability: Drizzle|[of] p1b: Pelipper\n|detailschange|p2a: Excadrill|Excadrill-Mega, L50, F\n|-mega|p2a: Excadrill|Excadrill|Excadrite\n|move|p2b: Tyranitar|Protect|p2b: Tyranitar\n|-singleturn|p2b: Tyranitar|Protect\n|move|p1a: Manectric|Volt Switch|p2b: Tyranitar\n|-activate|p2b: Tyranitar|move: Protect\n|move|p2a: Excadrill|Earthquake|p1b: Pelipper|[spread] p1a\n|-activate|p2b: Tyranitar|move: Protect\n|-immune|p1b: Pelipper\n|-supereffective|p1a: Manectric|1\n|-damage|p1a: Manectric|0 fnt\n|faint|p1a: Manectric\n|\n|-weather|RainDance|[upkeep]\n|upkeep\n|inactive|vnunesp12 has 30 seconds left.\n|\n|t:|1775955578\n|switch|p1a: Sneasler|Sneasler, L50, F|29/100\n|turn|3\n|\n|t:|1775955599\n|move|p1a: Sneasler|Fake Out|p2a: Excadrill\n|-resisted|p2a: Excadrill|1\n|-damage|p2a: Excadrill|95/100\n|cant|p2a: Excadrill|flinch\n|move|p1b: Pelipper|Weather Ball|p2a: Excadrill\n|-supereffective|p2a: Excadrill|1\n|-damage|p2a: Excadrill|0 fnt\n|faint|p2a: Excadrill\n|move|p2b: Tyranitar|Rock Slide|p1b: Pelipper|[spread] p1a,p1b\n|-resisted|p1a: Sneasler|1\n|-supereffective|p1b: Pelipper|1\n|-damage|p1a: Sneasler|11/100\n|-damage|p1b: Pelipper|56/100\n|\n|-weather|RainDance|[upkeep]\n|upkeep\n|\n|t:|1775955611\n|switch|p2a: Incineroar|Incineroar, L50, F|100/100\n|-ability|p2a: Incineroar|Intimidate|boost\n|-unboost|p1a: Sneasler|atk|1\n|-unboost|p1b: Pelipper|atk|1\n|turn|4\n|\n|t:|1775955625\n|switch|p1a: Basculegion|Basculegion, L50, M|100/100\n|move|p1b: Pelipper|Protect|p1b: Pelipper\n|-singleturn|p1b: Pelipper|Protect\n|move|p2a: Incineroar|Fake Out|p1b: Pelipper\n|-activate|p1b: Pelipper|move: Protect\n|move|p2b: Tyranitar|Rock Slide|p1a: Basculegion|[spread] p1a\n|-activate|p1b: Pelipper|move: Protect\n|-crit|p1a: Basculegion\n|-damage|p1a: Basculegion|31/100\n|\n|-weather|RainDance|[upkeep]\n|upkeep\n|turn|5\n|inactive|vnunesp12 has 30 seconds left.\n|-message|909PandaGod forfeited.\n|\n|win|vnunesp12\n|raw|vnunesp12's rating: 1068 &rarr; <strong>1099</strong><br />(+31 for winning)\n|raw|909PandaGod's rating: 1080 &rarr; <strong>1057</strong><br />(-23 for losing)\n|l|\u2606909PandaGod\n|player|p2|\n",
  "uploadtime": 1775955663,
  "views": 21,
  "formatid": "gen9championsvgc2026regma",
  "rating": 1057,
  "private": 0,
  "password": null
}