{
  "id": "gen9championsvgc2026regma-2586755633",
  "format": "[Gen 9 Champions] VGC 2026 Reg M-A",
  "players": [
    "Arcato",
    "Lebbs"
  ],
  "log": "|j|\u2606Arcato\n|j|\u2606Lebbs\n|t:|1776457376\n|gametype|doubles\n|player|p1|Arcato|102|1196\n|player|p2|Lebbs|fisherman-gen4|1108\n|gen|9\n|tier|[Gen 9 Champions] VGC 2026 Reg M-A\n|rated|\n|rule|Species Clause: Limit one of each Pok\u00e9mon\n|rule|Item Clause: Limit 1 of each item\n|clearpoke\n|poke|p1|Clawitzer, L50, M|\n|poke|p1|Farigiraf, L50, M|\n|poke|p1|Drampa, L50, M|\n|poke|p1|Incineroar, L50, M|\n|poke|p1|Aegislash, L50, F|\n|poke|p1|Lopunny, L50, F|\n|poke|p2|Aerodactyl, L50, F|\n|poke|p2|Kangaskhan, L50, F|\n|poke|p2|Floette-Eternal, L50, F|\n|poke|p2|Archaludon, L50, F|\n|poke|p2|Rotom-Wash, L50|\n|poke|p2|Incineroar, L50, M|\n|teampreview|4\n|c|\u2606Arcato|GLHF\n|\n|t:|1776457405\n|teamsize|p1|4\n|teamsize|p2|4\n|start\n|switch|p1a: Incineroar|Incineroar, L50, M|100/100\n|switch|p1b: Farigiraf|Farigiraf, L50, M|100/100\n|switch|p2a: Floette|Floette-Eternal, L50, F|100/100\n|switch|p2b: Incineroar|Incineroar, L50, M|100/100\n|-ability|p1a: Incineroar|Intimidate|boost\n|-unboost|p2a: Floette|atk|1\n|-unboost|p2b: Incineroar|atk|1\n|-ability|p2b: Incineroar|Intimidate|boost\n|-unboost|p1a: Incineroar|atk|1\n|-unboost|p1b: Farigiraf|atk|1\n|turn|1\n|c|\u2606Lebbs|glhf\n|c|\u2606Lebbs|!data armor tail\n|c|\u2606Lebbs|/raw <ul class=\"utilichart\"><li class=\"result\"><span class=\"col namecol\"><a href=\"https://dex.pokemonshowdown.com/abilities/armortail\">Armor Tail</a></span> <span class=\"col abilitydesccol\">This Pokemon and its allies are protected from opposing priority moves.</span> </li><li style=\"clear:both\"></li></ul>\n\n|\n|t:|1776457437\n|switch|p1a: Aegislash|Aegislash, L50, F|100/100\n|detailschange|p2a: Floette|Floette-Mega, L50, F\n|-mega|p2a: Floette|Floette|Floettite\n|-ability|p2a: Floette|Fairy Aura\n|move|p2a: Floette|Calm Mind|p2a: Floette\n|-boost|p2a: Floette|spa|1\n|-boost|p2a: Floette|spd|1\n|move|p2b: Incineroar|Darkest Lariat|p1b: Farigiraf\n|-supereffective|p1b: Farigiraf|1\n|-damage|p1b: Farigiraf|61/100\n|move|p1b: Farigiraf|Trick Room|p1b: Farigiraf\n|-fieldstart|move: Trick Room|[of] p1b: Farigiraf\n|\n|upkeep\n|turn|2\n|\n|t:|1776457457\n|switch|p1b: Incineroar|Incineroar, L50, M|100/100\n|-ability|p1b: Incineroar|Intimidate|boost\n|-unboost|p2a: Floette|atk|1\n|-unboost|p2b: Incineroar|atk|1\n|move|p2a: Floette|Protect|p2a: Floette\n|-singleturn|p2a: Floette|Protect\n|-formechange|p1a: Aegislash|Aegislash-Blade|\n|move|p1a: Aegislash|Iron Head|p2a: Floette\n|-activate|p2a: Floette|move: Protect\n|move|p2b: Incineroar|Parting Shot|p1a: Aegislash\n|-unboost|p1a: Aegislash|atk|1\n|-unboost|p1a: Aegislash|spa|1\n|\n|t:|1776457473\n|switch|p2b: Rotom|Rotom-Wash, L50|100/100|[from] Parting Shot\n|\n|upkeep\n|turn|3\n|\n|t:|1776457486\n|switch|p2b: Incineroar|Incineroar, L50, M|100/100\n|-ability|p2b: Incineroar|Intimidate|boost\n|-unboost|p1a: Aegislash|atk|1\n|-unboost|p1b: Incineroar|atk|1\n|move|p1a: Aegislash|Iron Head|p2a: Floette\n|-supereffective|p2a: Floette|1\n|-damage|p2a: Floette|36/100\n|move|p1b: Incineroar|Flare Blitz|p2a: Floette\n|-damage|p2a: Floette|0 fnt\n|faint|p2a: Floette\n|-damage|p1b: Incineroar|92/100|[from] Recoil\n|\n|upkeep\n|\n|t:|1776457496\n|switch|p2a: Rotom|Rotom-Wash, L50|100/100\n|turn|4\n|\n|t:|1776457508\n|switch|p1b: Drampa|Drampa, L50, M|100/100\n|-formechange|p1a: Aegislash|Aegislash|\n|move|p1a: Aegislash|King's Shield|p1a: Aegislash\n|-singleturn|p1a: Aegislash|Protect\n|move|p2b: Incineroar|Flare Blitz|p1a: Aegislash\n|-activate|p1a: Aegislash|move: Protect\n|-unboost|p2b: Incineroar|atk|1\n|move|p2a: Rotom|Hydro Pump|p1b: Drampa\n|-resisted|p1b: Drampa|1\n|-damage|p1b: Drampa|70/100\n|\n|upkeep\n|turn|5\n|\n|t:|1776457525\n|switch|p1a: Incineroar|Incineroar, L50, M|92/100\n|-ability|p1a: Incineroar|Intimidate|boost\n|-unboost|p2a: Rotom|atk|1\n|-unboost|p2b: Incineroar|atk|1\n|switch|p2b: Archaludon|Archaludon, L50, F|100/100\n|detailschange|p1b: Drampa|Drampa-Mega, L50, M\n|-mega|p1b: Drampa|Drampa|Drampanite\n|move|p1b: Drampa|Calm Mind|p1b: Drampa\n|-boost|p1b: Drampa|spa|1\n|-boost|p1b: Drampa|spd|1\n|move|p2a: Rotom|Hydro Pump|p1a: Incineroar|[miss]\n|-miss|p2a: Rotom|p1a: Incineroar\n|\n|-fieldend|move: Trick Room\n|upkeep\n|turn|6\n|\n|t:|1776457548\n|move|p1a: Incineroar|Fake Out|p2b: Archaludon\n|-resisted|p2b: Archaludon|1\n|-damage|p2b: Archaludon|95/100\n|cant|p2b: Archaludon|flinch\n|move|p2a: Rotom|Hydro Pump|p1a: Incineroar|[miss]\n|-miss|p2a: Rotom|p1a: Incineroar\n|move|p1b: Drampa|Draco Meteor|p2b: Archaludon\n|-damage|p2b: Archaludon|0 fnt\n|-unboost|p1b: Drampa|spa|2\n|faint|p2b: Archaludon\n|\n|upkeep\n|c|\u2606Lebbs|fkn shit\n|\n|t:|1776457559\n|switch|p2b: Incineroar|Incineroar, L50, M|100/100\n|-ability|p2b: Incineroar|Intimidate|boost\n|-unboost|p1a: Incineroar|atk|1\n|-unboost|p1b: Drampa|atk|1\n|turn|7\n|\n|t:|1776457568\n|switch|p1a: Farigiraf|Farigiraf, L50, M|61/100\n|move|p2a: Rotom|Hydro Pump|p1a: Farigiraf|[miss]\n|-miss|p2a: Rotom|p1a: Farigiraf\n|move|p2b: Incineroar|Darkest Lariat|p1b: Drampa\n|-damage|p1b: Drampa|37/100\n|-ability|p1b: Drampa|Berserk|boost\n|-boost|p1b: Drampa|spa|1\n|move|p1b: Drampa|Calm Mind|p1b: Drampa\n|-boost|p1b: Drampa|spa|1\n|-boost|p1b: Drampa|spd|1\n|\n|upkeep\n|turn|8\n|-message|Lebbs forfeited.\n|\n|win|Arcato\n|raw|Arcato's rating: 1196 &rarr; <strong>1215</strong><br />(+19 for winning)\n|raw|Lebbs's rating: 1108 &rarr; <strong>1089</strong><br />(-19 for losing)\n|l|\u2606Lebbs\n|player|p2|\n",
  "uploadtime": 1776457587,
  "views": 26,
  "formatid": "gen9championsvgc2026regma",
  "rating": 1089,
  "private": 0,
  "password": null
}