{
  "id": "gen9championsvgc2026regma-2585938252",
  "format": "[Gen 9 Champions] VGC 2026 Reg M-A",
  "players": [
    "TroolyGhoulie",
    "Proandxd"
  ],
  "log": "|j|\u2606TroolyGhoulie\n|j|\u2606Proandxd\n|t:|1776383199\n|gametype|doubles\n|player|p1|TroolyGhoulie|mina|1084\n|player|p2|Proandxd|170|1042\n|gen|9\n|tier|[Gen 9 Champions] VGC 2026 Reg M-A\n|rated|\n|rule|Species Clause: Limit one of each Pok\u00e9mon\n|rule|Item Clause: Limit 1 of each item\n|clearpoke\n|poke|p1|Aggron, L50, M|\n|poke|p1|Sinistcha, L50|\n|poke|p1|Pelipper, L50, M|\n|poke|p1|Basculegion, L50, M|\n|poke|p1|Dragonite, L50, F|\n|poke|p1|Garchomp, L50, F|\n|poke|p2|Archaludon, L50, F|\n|poke|p2|Aggron, L50, F|\n|poke|p2|Snorlax, L50, F|\n|poke|p2|Sinistcha, L50|\n|poke|p2|Rhyperior, L50, M|\n|poke|p2|Mamoswine, L50, F|\n|teampreview|4\n|\n|t:|1776383217\n|teamsize|p1|4\n|teamsize|p2|4\n|start\n|switch|p1a: Aggron|Aggron, L50, M|100/100\n|switch|p1b: Pelipper|Pelipper, L50, M|100/100\n|switch|p2a: Aggron|Aggron, L50, F|100/100\n|switch|p2b: Sinistcha|Sinistcha, L50|100/100\n|-weather|RainDance|[from] ability: Drizzle|[of] p1b: Pelipper\n|turn|1\n|\n|t:|1776383226\n|detailschange|p2a: Aggron|Aggron-Mega, L50, F\n|-mega|p2a: Aggron|Aggron|Aggronite\n|detailschange|p1a: Aggron|Aggron-Mega, L50, M\n|-mega|p1a: Aggron|Aggron|Aggronite\n|move|p1b: Pelipper|Hurricane|p2b: Sinistcha\n|-supereffective|p2b: Sinistcha|1\n|-damage|p2b: Sinistcha|0 fnt\n|faint|p2b: Sinistcha\n|move|p1a: Aggron|Iron Defense|p1a: Aggron\n|-boost|p1a: Aggron|def|2\n|move|p2a: Aggron|Iron Defense|p2a: Aggron\n|-boost|p2a: Aggron|def|2\n|\n|-weather|RainDance|[upkeep]\n|upkeep\n|inactive|Battle timer is ON: inactive players will automatically lose when time's up. (requested by TroolyGhoulie)\n|\n|t:|1776383239\n|switch|p2b: Rhyperior|Rhyperior, L50, M|100/100\n|turn|2\n|\n|t:|1776383253\n|move|p1b: Pelipper|Weather Ball|p2b: Rhyperior\n|-supereffective|p2b: Rhyperior|2\n|-damage|p2b: Rhyperior|0 fnt\n|faint|p2b: Rhyperior\n|move|p1a: Aggron|Iron Defense|p1a: Aggron\n|-boost|p1a: Aggron|def|2\n|move|p2a: Aggron|Iron Defense|p2a: Aggron\n|-boost|p2a: Aggron|def|2\n|\n|-weather|RainDance|[upkeep]\n|upkeep\n|\n|t:|1776383262\n|switch|p2b: Archaludon|Archaludon, L50, F|100/100\n|turn|3\n|\n|t:|1776383277\n|move|p2b: Archaludon|Swords Dance|p2b: Archaludon\n|-boost|p2b: Archaludon|atk|2\n|move|p1b: Pelipper|Weather Ball|p2a: Aggron\n|-damage|p2a: Aggron|29/100\n|move|p2a: Aggron|Body Press|p1b: Pelipper\n|-resisted|p1b: Pelipper|1\n|-damage|p1b: Pelipper|36/100\n|move|p1a: Aggron|Body Press|p2b: Archaludon\n|-supereffective|p2b: Archaludon|1\n|-enditem|p2b: Archaludon|Focus Sash\n|-damage|p2b: Archaludon|1/100\n|-ability|p2b: Archaludon|Stamina|boost\n|-boost|p2b: Archaludon|def|1\n|\n|-weather|RainDance|[upkeep]\n|upkeep\n|turn|4\n|\n|t:|1776383300\n|move|p2b: Archaludon|Iron Head|p1b: Pelipper\n|-resisted|p1b: Pelipper|1\n|-damage|p1b: Pelipper|2/100\n|cant|p1b: Pelipper|flinch\n|move|p2a: Aggron|Rest|p2a: Aggron\n|-status|p2a: Aggron|slp|[from] move: Rest\n|-heal|p2a: Aggron|100/100 slp|[silent]\n|move|p1a: Aggron|Body Press|p2a: Aggron\n|-supereffective|p2a: Aggron|1\n|-damage|p2a: Aggron|72/100 slp\n|\n|-weather|RainDance|[upkeep]\n|upkeep\n|turn|5\n|\n|t:|1776383317\n|switch|p1b: Garchomp|Garchomp, L50, F|100/100\n|move|p2b: Archaludon|Iron Head|p1b: Garchomp\n|-damage|p1b: Garchomp|34/100\n|-damage|p2b: Archaludon|0 fnt|[from] ability: Rough Skin|[of] p1b: Garchomp\n|faint|p2b: Archaludon\n|move|p1a: Aggron|Iron Defense|p1a: Aggron\n|-boost|p1a: Aggron|def|2\n|cant|p2a: Aggron|slp\n|\n|-weather|none\n|upkeep\n|turn|6\n|c|\u2606TroolyGhoulie|gg wp\n|\n|t:|1776383329\n|move|p1b: Garchomp|Earthquake|p2a: Aggron|[spread] p1a,p2a\n|-supereffective|p1a: Aggron|1\n|-supereffective|p2a: Aggron|1\n|-damage|p1a: Aggron|95/100\n|-damage|p2a: Aggron|63/100 slp\n|cant|p2a: Aggron|slp\n|move|p1a: Aggron|Body Press|p2a: Aggron\n|-supereffective|p2a: Aggron|1\n|-damage|p2a: Aggron|26/100 slp\n|\n|upkeep\n|turn|7\n|\n|t:|1776383339\n|move|p1b: Garchomp|Swords Dance|p1b: Garchomp\n|-boost|p1b: Garchomp|atk|2\n|-curestatus|p2a: Aggron|slp|[msg]\n|move|p2a: Aggron|Iron Defense|p2a: Aggron\n|-boost|p2a: Aggron|def|2\n|move|p1a: Aggron|Body Press|p2a: Aggron\n|-supereffective|p2a: Aggron|1\n|-damage|p2a: Aggron|0 fnt\n|faint|p2a: Aggron\n|\n|win|TroolyGhoulie\n|raw|TroolyGhoulie's rating: 1084 &rarr; <strong>1108</strong><br />(+24 for winning)\n|raw|Proandxd's rating: 1042 &rarr; <strong>1028</strong><br />(-14 for losing)\n|l|\u2606Proandxd\n|player|p2|\n",
  "uploadtime": 1776383353,
  "views": 20,
  "formatid": "gen9championsvgc2026regma",
  "rating": 1028,
  "private": 0,
  "password": null
}