{
  "id": "gen9championsvgc2026regma-2581950314",
  "format": "[Gen 9 Champions] VGC 2026 Reg M-A",
  "players": [
    "CallMeLexi",
    "lufox2.0"
  ],
  "log": "|j|\u2606CallMeLexi\n|j|\u2606lufox2.0\n|t:|1776042538\n|gametype|doubles\n|player|p1|CallMeLexi|rosa|1067\n|player|p2|lufox2.0|n|1086\n|gen|9\n|tier|[Gen 9 Champions] VGC 2026 Reg M-A\n|rated|\n|rule|Species Clause: Limit one of each Pok\u00e9mon\n|rule|Item Clause: Limit 1 of each item\n|clearpoke\n|poke|p1|Excadrill, L50, F|\n|poke|p1|Tyranitar, L50, M|\n|poke|p1|Clefable, L50, M|\n|poke|p1|Milotic, L50, M|\n|poke|p1|Sinistcha, L50|\n|poke|p1|Talonflame, L50, M|\n|poke|p2|Glimmora, L50, M|\n|poke|p2|Whimsicott, L50, M|\n|poke|p2|Incineroar, L50, M|\n|poke|p2|Tinkaton, L50, F|\n|poke|p2|Rotom-Wash, L50|\n|poke|p2|Krookodile, L50, M|\n|teampreview|4\n|inactive|Battle timer is ON: inactive players will automatically lose when time's up. (requested by CallMeLexi)\n|inactive|CallMeLexi has 60 seconds left.\n|inactive|lufox2.0 has 60 seconds left.\n|\n|t:|1776042588\n|teamsize|p1|4\n|teamsize|p2|4\n|start\n|switch|p1a: Clefable|Clefable, L50, M|100/100\n|switch|p1b: Milotic|Milotic, L50, M|100/100\n|switch|p2a: Glimmora|Glimmora, L50, M, shiny|100/100\n|switch|p2b: Rotom|Rotom-Wash, L50|100/100\n|turn|1\n|inactive|lufox2.0 has 30 seconds left.\n|\n|t:|1776042615\n|switch|p1a: Excadrill|Excadrill, L50, F|100/100\n|detailschange|p2a: Glimmora|Glimmora-Mega, L50, M, shiny\n|-mega|p2a: Glimmora|Glimmora|Glimmoranite\n|move|p2a: Glimmora|Energy Ball|p1b: Milotic\n|-supereffective|p1b: Milotic|1\n|-damage|p1b: Milotic|47/100\n|move|p2b: Rotom|Electroweb|p1b: Milotic|[spread] p1b\n|-immune|p1a: Excadrill\n|-supereffective|p1b: Milotic|1\n|-damage|p1b: Milotic|23/100\n|-unboost|p1b: Milotic|spe|1\n|-ability|p1b: Milotic|Competitive|boost\n|-boost|p1b: Milotic|spa|2\n|move|p1b: Milotic|Scald|p2a: Glimmora\n|-supereffective|p2a: Glimmora|1\n|-damage|p2a: Glimmora|0 fnt\n|faint|p2a: Glimmora\n|\n|-heal|p1b: Milotic|29/100|[from] item: Leftovers\n|upkeep\n|inactive|lufox2.0 has 30 seconds left.\n|\n|t:|1776042646\n|switch|p2a: Whimsicott|Whimsicott, L50, M, shiny|100/100\n|turn|2\n|\n|t:|1776042667\n|move|p2a: Whimsicott|Tailwind|p2a: Whimsicott\n|-sidestart|p2: lufox2.0|move: Tailwind\n|move|p2b: Rotom|Hydro Pump|p1a: Excadrill\n|-supereffective|p1a: Excadrill|1\n|-damage|p1a: Excadrill|0 fnt\n|faint|p1a: Excadrill\n|move|p1b: Milotic|Ice Beam|p2a: Whimsicott\n|-supereffective|p2a: Whimsicott|1\n|-damage|p2a: Whimsicott|0 fnt\n|faint|p2a: Whimsicott\n|\n|-heal|p1b: Milotic|35/100|[from] item: Leftovers\n|upkeep\n|\n|t:|1776042684\n|switch|p1a: Talonflame|Talonflame, L50, M|100/100\n|switch|p2a: Tinkaton|Tinkaton, L50, F, shiny|100/100\n|-ability|p2a: Tinkaton|Mold Breaker\n|turn|3\n|\n|t:|1776042705\n|move|p2a: Tinkaton|Fake Out|p1a: Talonflame\n|-damage|p1a: Talonflame|85/100\n|cant|p1a: Talonflame|flinch\n|move|p2b: Rotom|Electroweb|p1b: Milotic|[spread] p1a,p1b\n|-supereffective|p1a: Talonflame|1\n|-supereffective|p1b: Milotic|1\n|-damage|p1a: Talonflame|34/100\n|-damage|p1b: Milotic|10/100\n|-unboost|p1a: Talonflame|spe|1\n|-unboost|p1b: Milotic|spe|1\n|-ability|p1b: Milotic|Competitive|boost\n|-boost|p1b: Milotic|spa|2\n|move|p1b: Milotic|Scald|p2a: Tinkaton\n|-damage|p2a: Tinkaton|14/100\n|\n|-heal|p2a: Tinkaton|20/100|[from] item: Leftovers\n|-heal|p1b: Milotic|16/100|[from] item: Leftovers\n|upkeep\n|turn|4\n|inactive|CallMeLexi has 30 seconds left.\n|inactive|CallMeLexi has 20 seconds left.\n|\n|t:|1776042742\n|switch|p1a: Clefable|Clefable, L50, M|100/100\n|move|p1b: Milotic|Protect|p1b: Milotic\n|-singleturn|p1b: Milotic|Protect\n|move|p2a: Tinkaton|Knock Off|p1a: Clefable\n|-resisted|p1a: Clefable|1\n|-damage|p1a: Clefable|93/100\n|move|p2b: Rotom|Electroweb|p1a: Clefable|[spread] p1a\n|-activate|p1b: Milotic|move: Protect\n|-damage|p1a: Clefable|75/100\n|-unboost|p1a: Clefable|spe|1\n|\n|-heal|p2a: Tinkaton|26/100|[from] item: Leftovers\n|-heal|p1b: Milotic|22/100|[from] item: Leftovers\n|upkeep\n|turn|5\n|inactive|CallMeLexi has 30 seconds left.\n|inactive|lufox2.0 has 30 seconds left.\n|inactive|CallMeLexi has 20 seconds left.\n|\n|t:|1776042780\n|move|p1a: Clefable|Protect|p1a: Clefable\n|-singleturn|p1a: Clefable|Protect\n|move|p2a: Tinkaton|Gigaton Hammer|p1a: Clefable\n|-activate|p1a: Clefable|move: Protect\n|move|p2b: Rotom|Electroweb|p1a: Clefable|[spread] p1b\n|-activate|p1a: Clefable|move: Protect\n|-supereffective|p1b: Milotic|1\n|-damage|p1b: Milotic|0 fnt\n|faint|p1b: Milotic\n|\n|-heal|p2a: Tinkaton|31/100|[from] item: Leftovers\n|-sideend|p2: lufox2.0|move: Tailwind\n|upkeep\n|\n|t:|1776042789\n|switch|p1b: Talonflame|Talonflame, L50, M|34/100\n|turn|6\n|\n|t:|1776042814\n|move|p1b: Talonflame|Dual Wingbeat|p2a: Tinkaton\n|-resisted|p2a: Tinkaton|1\n|-damage|p2a: Tinkaton|23/100\n|-resisted|p2a: Tinkaton|1\n|-damage|p2a: Tinkaton|16/100\n|-hitcount|p2a: Tinkaton|2\n|move|p2a: Tinkaton|Knock Off|p1b: Talonflame\n|-damage|p1b: Talonflame|0 fnt\n|-enditem|p1b: Talonflame|Focus Sash|[from] move: Knock Off|[of] p2a: Tinkaton\n|faint|p1b: Talonflame\n|move|p2b: Rotom|Electroweb|p1a: Clefable\n|-damage|p1a: Clefable|53/100\n|-unboost|p1a: Clefable|spe|1\n|move|p1a: Clefable|Moonblast|p2a: Tinkaton\n|-resisted|p2a: Tinkaton|1\n|-damage|p2a: Tinkaton|0 fnt\n|faint|p2a: Tinkaton\n|\n|upkeep\n|turn|7\n|\n|t:|1776042835\n|move|p2b: Rotom|Will-O-Wisp|p1a: Clefable\n|-status|p1a: Clefable|brn\n|move|p1a: Clefable|Moonblast|p2b: Rotom\n|-damage|p2b: Rotom|43/100\n|\n|-damage|p1a: Clefable|48/100 brn|[from] brn\n|upkeep\n|turn|8\n|\n|t:|1776042847\n|move|p2b: Rotom|Hydro Pump|p1a: Clefable\n|-damage|p1a: Clefable|2/100 brn\n|move|p1a: Clefable|Moonblast|p2b: Rotom\n|-damage|p2b: Rotom|0 fnt\n|faint|p2b: Rotom\n|\n|win|CallMeLexi\n|raw|CallMeLexi's rating: 1067 &rarr; <strong>1099</strong><br />(+32 for winning)\n|raw|lufox2.0's rating: 1086 &rarr; <strong>1062</strong><br />(-24 for losing)\n|l|\u2606CallMeLexi\n|player|p1|\n",
  "uploadtime": 1776042900,
  "views": 10,
  "formatid": "gen9championsvgc2026regma",
  "rating": 1062,
  "private": 0,
  "password": null
}