{
  "id": "gen9championsvgc2026regma-2586118577",
  "format": "[Gen 9 Champions] VGC 2026 Reg M-A",
  "players": [
    "adagious",
    "123heyhey123"
  ],
  "log": "|j|\u2606adagious\n|j|\u2606123heyhey123\n|t:|1776401206\n|gametype|doubles\n|player|p1|adagious|102|1040\n|player|p2|123heyhey123|2|1031\n|gen|9\n|tier|[Gen 9 Champions] VGC 2026 Reg M-A\n|rated|\n|rule|Species Clause: Limit one of each Pok\u00e9mon\n|rule|Item Clause: Limit 1 of each item\n|clearpoke\n|poke|p1|Milotic, L50, F|\n|poke|p1|Sinistcha, L50|\n|poke|p1|Rotom-Heat, L50|\n|poke|p1|Aerodactyl, L50, M|\n|poke|p1|Skarmory, L50, M|\n|poke|p1|Aegislash, L50, F|\n|poke|p2|Gengar, L50, F|\n|poke|p2|Archaludon, L50, F|\n|poke|p2|Primarina, L50, F|\n|poke|p2|Ceruledge, L50, M|\n|poke|p2|Dragonite, L50, M|\n|poke|p2|Meowscarada, L50, F|\n|teampreview|4\n|\n|t:|1776401251\n|teamsize|p1|4\n|teamsize|p2|4\n|start\n|switch|p1a: Rotom|Rotom-Heat, L50|100/100\n|switch|p1b: Aegislash|Aegislash, L50, F|100/100\n|switch|p2a: Gengar|Gengar, L50, F|100/100\n|switch|p2b: Dragonite|Dragonite, L50, M|100/100\n|turn|1\n|inactive|Battle timer is ON: inactive players will automatically lose when time's up. (requested by adagious)\n|\n|t:|1776401271\n|detailschange|p2a: Gengar|Gengar-Mega, L50, F\n|-mega|p2a: Gengar|Gengar|Gengarite\n|move|p1a: Rotom|Will-O-Wisp|p2b: Dragonite\n|-status|p2b: Dragonite|brn\n|move|p2a: Gengar|Shadow Ball|p1b: Aegislash\n|-supereffective|p1b: Aegislash|1\n|-damage|p1b: Aegislash|12/100\n|move|p2b: Dragonite|Rock Slide|p1b: Aegislash|[spread] p1a,p1b\n|-supereffective|p1a: Rotom|1\n|-resisted|p1b: Aegislash|1\n|-damage|p1a: Rotom|70/100\n|-damage|p1b: Aegislash|6/100\n|cant|p1b: Aegislash|flinch\n|\n|-damage|p2b: Dragonite|95/100 brn|[from] brn\n|upkeep\n|turn|2\n|inactive|123heyhey123 has 30 seconds left.\n|\n|t:|1776401305\n|move|p2b: Dragonite|Extreme Speed|p1b: Aegislash\n|-immune|p1b: Aegislash\n|move|p1a: Rotom|Will-O-Wisp|p2a: Gengar\n|-status|p2a: Gengar|brn\n|move|p2a: Gengar|Dazzling Gleam|p1a: Rotom|[spread] p1a,p1b\n|-resisted|p1a: Rotom|1\n|-resisted|p1b: Aegislash|1\n|-crit|p1b: Aegislash\n|-damage|p1a: Rotom|54/100\n|-damage|p1b: Aegislash|0 fnt\n|faint|p1b: Aegislash\n|\n|-damage|p2a: Gengar|95/100 brn|[from] brn\n|-damage|p2b: Dragonite|89/100 brn|[from] brn\n|upkeep\n|\n|t:|1776401321\n|switch|p1b: Aerodactyl|Aerodactyl, L50, M|100/100\n|turn|3\n|\n|t:|1776401337\n|detailschange|p1b: Aerodactyl|Aerodactyl-Mega, L50, M\n|-mega|p1b: Aerodactyl|Aerodactyl|Aerodactylite\n|move|p1a: Rotom|Will-O-Wisp|p2b: Dragonite\n|-fail|p2b: Dragonite|brn\n|move|p1b: Aerodactyl|Rock Slide|p2b: Dragonite|[spread] p2a\n|-miss|p1b: Aerodactyl|p2b: Dragonite\n|-damage|p2a: Gengar|52/100 brn\n|move|p2a: Gengar|Shadow Ball|p1b: Aerodactyl\n|-damage|p1b: Aerodactyl|38/100\n|move|p2b: Dragonite|Rock Slide|p1b: Aerodactyl|[spread] p1a,p1b\n|-supereffective|p1a: Rotom|1\n|-supereffective|p1b: Aerodactyl|1\n|-damage|p1a: Rotom|26/100\n|-damage|p1b: Aerodactyl|11/100\n|\n|-damage|p2a: Gengar|46/100 brn|[from] brn\n|-damage|p2b: Dragonite|83/100 brn|[from] brn\n|upkeep\n|turn|4\n|\n|t:|1776401362\n|move|p2b: Dragonite|Extreme Speed|p1b: Aerodactyl\n|-resisted|p1b: Aerodactyl|1\n|-damage|p1b: Aerodactyl|1/100\n|move|p1a: Rotom|Will-O-Wisp|p2b: Dragonite\n|-fail|p2b: Dragonite|brn\n|move|p1b: Aerodactyl|Rock Slide|p2a: Gengar|[spread] p2a,p2b\n|-supereffective|p2b: Dragonite|1\n|-damage|p2a: Gengar|0 fnt\n|-damage|p2b: Dragonite|18/100 brn\n|faint|p2a: Gengar\n|\n|-damage|p2b: Dragonite|12/100 brn|[from] brn\n|upkeep\n|\n|t:|1776401385\n|switch|p2a: Ceruledge|Ceruledge, L50, M|100/100\n|turn|5\n|\n|t:|1776401396\n|switch|p1a: Sinistcha|Sinistcha, L50|100/100\n|-heal|p1b: Aerodactyl|26/100|[from] ability: Hospitality|[of] p1a: Sinistcha\n|move|p2b: Dragonite|Extreme Speed|p1a: Sinistcha\n|-immune|p1a: Sinistcha\n|move|p2a: Ceruledge|Shadow Sneak|p1b: Aerodactyl\n|-damage|p1b: Aerodactyl|0 fnt\n|faint|p1b: Aerodactyl\n|\n|-damage|p2b: Dragonite|6/100 brn|[from] brn\n|upkeep\n|\n|t:|1776401409\n|switch|p1b: Rotom|Rotom-Heat, L50|26/100\n|turn|6\n|\n|t:|1776401416\n|move|p1a: Sinistcha|Rage Powder|p1a: Sinistcha\n|-singleturn|p1a: Sinistcha|move: Rage Powder\n|move|p2a: Ceruledge|Shadow Sneak|p1a: Sinistcha\n|-supereffective|p1a: Sinistcha|1\n|-damage|p1a: Sinistcha|63/100\n|move|p1b: Rotom|Volt Switch|p2a: Ceruledge\n|-damage|p2a: Ceruledge|59/100\n|move|p2b: Dragonite|Ice Spinner|p1a: Sinistcha\n|-supereffective|p1a: Sinistcha|1\n|-damage|p1a: Sinistcha|35/100\n|-enditem|p1a: Sinistcha|Sitrus Berry|[eat]\n|-heal|p1a: Sinistcha|59/100|[from] item: Sitrus Berry\n|\n|-damage|p2b: Dragonite|0 fnt|[from] brn\n|faint|p2b: Dragonite\n|upkeep\n|\n|t:|1776401432\n|switch|p2b: Meowscarada|Meowscarada, L50, F|100/100\n|turn|7\n|\n|t:|1776401446\n|move|p2a: Ceruledge|Shadow Sneak|p1a: Sinistcha\n|-supereffective|p1a: Sinistcha|1\n|-damage|p1a: Sinistcha|16/100\n|move|p1b: Rotom|Volt Switch|p2b: Meowscarada\n|-resisted|p2b: Meowscarada|1\n|-damage|p2b: Meowscarada|75/100\n|move|p2b: Meowscarada|Triple Axel|p1a: Sinistcha\n|-supereffective|p1a: Sinistcha|1\n|-damage|p1a: Sinistcha|2/100\n|-supereffective|p1a: Sinistcha|1\n|-damage|p1a: Sinistcha|0 fnt\n|faint|p1a: Sinistcha\n|-hitcount|p1: Sinistcha|2\n|\n|upkeep\n|turn|8\n|\n|t:|1776401467\n|move|p2a: Ceruledge|Shadow Sneak|p1b: Rotom\n|-damage|p1b: Rotom|0 fnt\n|faint|p1b: Rotom\n|\n|win|123heyhey123\n|raw|adagious's rating: 1040 &rarr; <strong>1024</strong><br />(-16 for losing)\n|raw|123heyhey123's rating: 1031 &rarr; <strong>1067</strong><br />(+36 for winning)\n|l|\u2606adagious\n|player|p1|\n|c|\u2606123heyhey123|Gg\n",
  "uploadtime": 1776401485,
  "views": 15,
  "formatid": "gen9championsvgc2026regma",
  "rating": 1024,
  "private": 0,
  "password": null
}