{
  "id": "gen9championsvgc2026regma-2588861703",
  "format": "[Gen 9 Champions] VGC 2026 Reg M-A",
  "players": [
    "soulo333",
    "thedwarfintheflask"
  ],
  "log": "|j|\u2606soulo333\n|j|\u2606thedwarfintheflask\n|t:|1776679725\n|gametype|doubles\n|player|p1|soulo333|102|1241\n|player|p2|thedwarfintheflask|1|1178\n|gen|9\n|tier|[Gen 9 Champions] VGC 2026 Reg M-A\n|rated|\n|rule|Species Clause: Limit one of each Pok\u00e9mon\n|rule|Item Clause: Limit 1 of each item\n|clearpoke\n|poke|p1|Charizard, L50, M|\n|poke|p1|Sneasler, L50, F|\n|poke|p1|Sinistcha, L50|\n|poke|p1|Incineroar, L50, F|\n|poke|p1|Milotic, L50, F|\n|poke|p1|Tyranitar, L50, F|\n|poke|p2|Aggron, L50, F|\n|poke|p2|Sinistcha, L50|\n|poke|p2|Incineroar, L50, M|\n|poke|p2|Pelipper, L50, M|\n|poke|p2|Basculegion, L50, M|\n|poke|p2|Dragonite, L50, M|\n|teampreview|4\n|inactive|Battle timer is ON: inactive players will automatically lose when time's up. (requested by thedwarfintheflask)\n|\n|t:|1776679766\n|teamsize|p1|4\n|teamsize|p2|4\n|start\n|switch|p1a: Incineroar|Incineroar, L50, F|100/100\n|switch|p1b: Milotic|Milotic, L50, F|100/100\n|switch|p2a: Basculegion|Basculegion, L50, M|100/100\n|switch|p2b: Dragonite|Dragonite, L50, M|100/100\n|-ability|p1a: Incineroar|Intimidate|boost\n|-unboost|p2a: Basculegion|atk|1\n|-unboost|p2b: Dragonite|atk|1\n|turn|1\n|\n|t:|1776679786\n|detailschange|p2b: Dragonite|Dragonite-Mega, L50, M\n|-mega|p2b: Dragonite|Dragonite|Dragoninite\n|move|p2b: Dragonite|Protect|p2b: Dragonite\n|-singleturn|p2b: Dragonite|Protect\n|move|p1a: Incineroar|Fake Out|p2b: Dragonite\n|-activate|p2b: Dragonite|move: Protect\n|move|p2a: Basculegion|Flip Turn|p1a: Incineroar\n|-supereffective|p1a: Incineroar|1\n|-damage|p1a: Incineroar|64/100\n|\n|t:|1776679790\n|switch|p2a: Pelipper|Pelipper, L50, M|100/100|[from] Flip Turn\n|-weather|RainDance|[from] ability: Drizzle|[of] p2a: Pelipper\n|move|p1b: Milotic|Icy Wind|p2a: Pelipper|[spread] p2a\n|-activate|p2b: Dragonite|move: Protect\n|-damage|p2a: Pelipper|84/100\n|-unboost|p2a: Pelipper|spe|1\n|\n|-weather|RainDance|[upkeep]\n|upkeep\n|turn|2\n|\n|t:|1776679799\n|move|p2b: Dragonite|Thunder|p1b: Milotic\n|-supereffective|p1b: Milotic|1\n|-damage|p1b: Milotic|38/100\n|move|p1b: Milotic|Icy Wind|p2a: Pelipper|[spread] p2a,p2b\n|-supereffective|p2b: Dragonite|2\n|-crit|p2b: Dragonite\n|-damage|p2a: Pelipper|67/100\n|-damage|p2b: Dragonite|73/100\n|-unboost|p2a: Pelipper|spe|1\n|-unboost|p2b: Dragonite|spe|1\n|move|p1a: Incineroar|Parting Shot|p2b: Dragonite\n|-unboost|p2b: Dragonite|atk|1\n|-unboost|p2b: Dragonite|spa|1\n|\n|t:|1776679809\n|switch|p1a: Sinistcha|Sinistcha, L50|100/100|[from] Parting Shot\n|-heal|p1b: Milotic|63/100|[from] ability: Hospitality|[of] p1a: Sinistcha\n|move|p2a: Pelipper|Weather Ball|p1a: Sinistcha\n|-resisted|p1a: Sinistcha|1\n|-damage|p1a: Sinistcha|68/100\n|\n|-weather|RainDance|[upkeep]\n|-heal|p1b: Milotic|69/100|[from] item: Leftovers\n|upkeep\n|turn|3\n|\n|t:|1776679818\n|switch|p2b: Basculegion|Basculegion, L50, M|100/100\n|move|p1b: Milotic|Icy Wind|p2b: Basculegion|[spread] p2b\n|-miss|p1b: Milotic|p2a: Pelipper\n|-resisted|p2b: Basculegion|1\n|-damage|p2b: Basculegion|95/100\n|-unboost|p2b: Basculegion|spe|1\n|move|p1a: Sinistcha|Matcha Gotcha|p2a: Pelipper|[spread] p2a,p2b\n|-supereffective|p2b: Basculegion|1\n|-damage|p2a: Pelipper|25/100\n|-heal|p1a: Sinistcha|85/100|[from] drain|[of] p2a: Pelipper\n|-damage|p2b: Basculegion|43/100\n|-heal|p1a: Sinistcha|100/100|[from] drain|[of] p2b: Basculegion\n|-status|p2b: Basculegion|brn\n|move|p2a: Pelipper|Hurricane|p1a: Sinistcha\n|-supereffective|p1a: Sinistcha|1\n|-enditem|p1a: Sinistcha|Coba Berry|[eat]\n|-enditem|p1a: Sinistcha|Coba Berry|[weaken]\n|-damage|p1a: Sinistcha|51/100\n|\n|-weather|RainDance|[upkeep]\n|-heal|p1b: Milotic|75/100|[from] item: Leftovers\n|-damage|p2b: Basculegion|37/100 brn|[from] brn\n|upkeep\n|turn|4\n|\n|t:|1776679839\n|move|p2b: Basculegion|Last Respects|p1a: Sinistcha\n|-supereffective|p1a: Sinistcha|1\n|-damage|p1a: Sinistcha|30/100\n|move|p1b: Milotic|Icy Wind|p2a: Pelipper|[spread] p2a,p2b\n|-resisted|p2b: Basculegion|1\n|-damage|p2a: Pelipper|8/100\n|-damage|p2b: Basculegion|31/100 brn\n|-unboost|p2a: Pelipper|spe|1\n|-unboost|p2b: Basculegion|spe|1\n|move|p1a: Sinistcha|Matcha Gotcha|p2b: Basculegion|[spread] p2a,p2b\n|-supereffective|p2b: Basculegion|1\n|-damage|p2a: Pelipper|0 fnt\n|-heal|p1a: Sinistcha|33/100|[from] drain|[of] p2a: Pelipper\n|-damage|p2b: Basculegion|0 fnt\n|-heal|p1a: Sinistcha|50/100|[from] drain|[of] p2b: Basculegion\n|faint|p2a: Pelipper\n|faint|p2b: Basculegion\n|\n|-weather|RainDance|[upkeep]\n|-heal|p1b: Milotic|81/100|[from] item: Leftovers\n|upkeep\n|\n|t:|1776679843\n|switch|p2b: gocha boy|Sinistcha, L50|100/100\n|switch|p2a: Dragonite|Dragonite-Mega, L50, M|73/100\n|-heal|p2a: Dragonite|98/100|[from] ability: Hospitality|[of] p2b: gocha boy\n|turn|5\n|\n|t:|1776679864\n|switch|p1a: Incineroar|Incineroar, L50, F|64/100\n|-ability|p1a: Incineroar|Intimidate|boost\n|-unboost|p2a: Dragonite|atk|1\n|-unboost|p2b: gocha boy|atk|1\n|move|p2a: Dragonite|Hurricane|p1a: Incineroar\n|-damage|p1a: Incineroar|0 fnt\n|faint|p1a: Incineroar\n|move|p1b: Milotic|Icy Wind|p2b: gocha boy|[spread] p2a,p2b\n|-supereffective|p2a: Dragonite|2\n|-supereffective|p2b: gocha boy|1\n|-damage|p2a: Dragonite|62/100\n|-damage|p2b: gocha boy|79/100\n|-unboost|p2a: Dragonite|spe|1\n|-unboost|p2b: gocha boy|spe|1\n|move|p2b: gocha boy|Life Dew|p2b: gocha boy|[spread] p2a,p2b\n|-heal|p2a: Dragonite|87/100\n|-heal|p2b: gocha boy|100/100\n|\n|-weather|none\n|-heal|p1b: Milotic|87/100|[from] item: Leftovers\n|upkeep\n|\n|t:|1776679877\n|switch|p1a: Sneasler|Sneasler, L50, F|100/100\n|turn|6\n|\n|t:|1776679883\n|move|p2a: Dragonite|Protect|p2a: Dragonite\n|-singleturn|p2a: Dragonite|Protect\n|move|p1a: Sneasler|Dire Claw|p2b: gocha boy\n|-damage|p2b: gocha boy|70/100\n|-status|p2b: gocha boy|slp\n|move|p1b: Milotic|Icy Wind|p2b: gocha boy|[spread] p2b\n|-activate|p2a: Dragonite|move: Protect\n|-supereffective|p2b: gocha boy|1\n|-damage|p2b: gocha boy|46/100 slp\n|-unboost|p2b: gocha boy|spe|1\n|cant|p2b: gocha boy|slp\n|\n|-heal|p1b: Milotic|93/100|[from] item: Leftovers\n|upkeep\n|turn|7\n|c|\u2606thedwarfintheflask|thank god they nerfed the move ig\n|inactive|thedwarfintheflask has 30 seconds left.\n|-message|thedwarfintheflask forfeited.\n|\n|win|soulo333\n|raw|soulo333's rating: 1241 &rarr; <strong>1262</strong><br />(+21 for winning)\n|raw|thedwarfintheflask's rating: 1178 &rarr; <strong>1157</strong><br />(-21 for losing)\n",
  "uploadtime": 1776679912,
  "views": 11,
  "formatid": "gen9championsvgc2026regma",
  "rating": 1157,
  "private": 0,
  "password": null
}