{
  "id": "gen9championsvgc2026regma-2583462618",
  "format": "[Gen 9 Champions] VGC 2026 Reg M-A",
  "players": [
    "Dualforce",
    "ferenainexi"
  ],
  "log": "|j|\u2606Dualforce\n|j|\u2606ferenainexi\n|t:|1776177229\n|gametype|doubles\n|player|p1|Dualforce|acetrainerf|1106\n|player|p2|ferenainexi|scientistf|1104\n|gen|9\n|tier|[Gen 9 Champions] VGC 2026 Reg M-A\n|rated|\n|rule|Species Clause: Limit one of each Pok\u00e9mon\n|rule|Item Clause: Limit 1 of each item\n|clearpoke\n|poke|p1|Alakazam, L50, F|\n|poke|p1|Drampa, L50, M|\n|poke|p1|Pelipper, L50, M|\n|poke|p1|Basculegion, L50, M|\n|poke|p1|Golurk, L50|\n|poke|p1|Sinistcha, L50|\n|poke|p2|Heracross, L50, F|\n|poke|p2|Vivillon, L50, F|\n|poke|p2|Kleavor, L50, F|\n|poke|p2|Clawitzer, L50, F|\n|poke|p2|Scizor, L50, M|\n|poke|p2|Ariados, L50, F|\n|teampreview|4\n|\n|t:|1776177263\n|teamsize|p1|4\n|teamsize|p2|4\n|start\n|switch|p1a: Alakazam|Alakazam, L50, F|100/100\n|switch|p1b: Drampa|Drampa, L50, M|100/100\n|switch|p2a: Vivillon|Vivillon, L50, F|100/100\n|switch|p2b: Kleavor|Kleavor, L50, F|100/100\n|turn|1\n|\n|t:|1776177281\n|detailschange|p1b: Drampa|Drampa-Mega, L50, M\n|-mega|p1b: Drampa|Drampa|Drampanite\n|move|p1a: Alakazam|Speed Swap|p1b: Drampa\n|-activate|p1a: Alakazam|move: Speed Swap|[of] p1b: Drampa\n|move|p1b: Drampa|Calm Mind|p1b: Drampa\n|-boost|p1b: Drampa|spa|1\n|-boost|p1b: Drampa|spd|1\n|move|p2a: Vivillon|Sleep Powder|p1b: Drampa\n|-status|p1b: Drampa|slp|[from] move: Sleep Powder\n|move|p2b: Kleavor|Stone Axe|p1a: Alakazam\n|-enditem|p1a: Alakazam|Focus Sash\n|-damage|p1a: Alakazam|1/100\n|-sidestart|p1: Dualforce|move: Stealth Rock\n|\n|upkeep\n|turn|2\n|\n|t:|1776177310\n|switch|p1a: Pelipper|Pelipper, L50, M|100/100\n|-damage|p1a: Pelipper|76/100|[from] Stealth Rock\n|-weather|RainDance|[from] ability: Drizzle|[of] p1a: Pelipper\n|cant|p1b: Drampa|slp\n|move|p2a: Vivillon|Hurricane|p1a: Pelipper\n|-damage|p1a: Pelipper|9/100\n|-start|p1a: Pelipper|confusion\n|-enditem|p1a: Pelipper|Sitrus Berry|[eat]\n|-heal|p1a: Pelipper|34/100|[from] item: Sitrus Berry\n|move|p2b: Kleavor|Rock Slide|p1a: Pelipper|[spread] p1a,p1b\n|-supereffective|p1a: Pelipper|1\n|-damage|p1a: Pelipper|0 fnt\n|-damage|p1b: Drampa|70/100 slp\n|faint|p1a: Pelipper\n|\n|-weather|RainDance|[upkeep]\n|upkeep\n|\n|t:|1776177327\n|switch|p1a: Sinistcha|Sinistcha, L50|100/100\n|-damage|p1a: Sinistcha|88/100|[from] Stealth Rock\n|-heal|p1b: Drampa|95/100 slp|[from] ability: Hospitality|[of] p1a: Sinistcha\n|turn|3\n|\n|t:|1776177356\n|cant|p1b: Drampa|slp\n|move|p2a: Vivillon|Hurricane|p1a: Sinistcha\n|-supereffective|p1a: Sinistcha|1\n|-damage|p1a: Sinistcha|0 fnt\n|faint|p1a: Sinistcha\n|move|p2b: Kleavor|Dual Wingbeat|p1b: Drampa\n|-damage|p1b: Drampa|83/100 slp\n|-damage|p1b: Drampa|72/100 slp\n|-hitcount|p1b: Drampa|2\n|\n|-weather|RainDance|[upkeep]\n|upkeep\n|\n|t:|1776177380\n|switch|p1a: Alakazam|Alakazam, L50, F|1/100\n|-damage|p1a: Alakazam|0 fnt|[from] Stealth Rock\n|faint|p1a: Alakazam\n|turn|4\n|\n|t:|1776177394\n|switch|p2b: Clawitzer|Clawitzer, L50, F|100/100\n|-curestatus|p1b: Drampa|slp|[msg]\n|move|p1b: Drampa|Hyper Voice|p2b: Clawitzer|[spread] p2a,p2b\n|-enditem|p2a: Vivillon|Focus Sash\n|-damage|p2a: Vivillon|1/100\n|-damage|p2b: Clawitzer|44/100\n|move|p2a: Vivillon|Tailwind|p2a: Vivillon\n|-sidestart|p2: ferenainexi|move: Tailwind\n|\n|-weather|RainDance|[upkeep]\n|upkeep\n|turn|5\n|-activate|p2b: Clawitzer|item: Quick Claw\n|\n|t:|1776177406\n|move|p1b: Drampa|Protect|p1b: Drampa\n|-singleturn|p1b: Drampa|Protect\n|move|p2b: Clawitzer|Aura Sphere|p1b: Drampa\n|-activate|p1b: Drampa|move: Protect\n|move|p2a: Vivillon|Sleep Powder|p1b: Drampa\n|-activate|p1b: Drampa|move: Protect\n|\n|-weather|RainDance|[upkeep]\n|upkeep\n|turn|6\n|-activate|p2b: Clawitzer|item: Quick Claw\n|\n|t:|1776177417\n|move|p2b: Clawitzer|Aura Sphere|p1b: Drampa\n|-supereffective|p1b: Drampa|1\n|-crit|p1b: Drampa\n|-damage|p1b: Drampa|0 fnt\n|faint|p1b: Drampa\n|\n|win|ferenainexi\n|raw|Dualforce's rating: 1106 &rarr; <strong>1081</strong><br />(-25 for losing)\n|raw|ferenainexi's rating: 1104 &rarr; <strong>1129</strong><br />(+25 for winning)\n",
  "uploadtime": 1776177421,
  "views": 15,
  "formatid": "gen9championsvgc2026regma",
  "rating": 1081,
  "private": 0,
  "password": null
}