{
  "id": "gen9championsvgc2026regma-2587479699",
  "format": "[Gen 9 Champions] VGC 2026 Reg M-A",
  "players": [
    "onixandcloyster2",
    "Eevi0n"
  ],
  "log": "|j|\u2606onixandcloyster2\n|j|\u2606Eevi0n\n|t:|1776535329\n|gametype|doubles\n|player|p1|onixandcloyster2|1|1048\n|player|p2|Eevi0n|2|1037\n|gen|9\n|tier|[Gen 9 Champions] VGC 2026 Reg M-A\n|rated|\n|rule|Species Clause: Limit one of each Pok\u00e9mon\n|rule|Item Clause: Limit 1 of each item\n|clearpoke\n|poke|p1|Scovillain, L50, M|\n|poke|p1|Ninetales-Alola, L50, M|\n|poke|p1|Arcanine-Hisui, L50, F|\n|poke|p1|Crabominable, L50, M|\n|poke|p1|Zoroark-Hisui, L50, F|\n|poke|p1|Farigiraf, L50, F|\n|poke|p2|Blastoise, L50, M|\n|poke|p2|Garchomp, L50, M|\n|poke|p2|Sneasler, L50, M|\n|poke|p2|Aerodactyl, L50, F|\n|poke|p2|Sylveon, L50, M|\n|poke|p2|Sinistcha, L50|\n|teampreview|4\n|\n|t:|1776535372\n|teamsize|p1|4\n|teamsize|p2|4\n|start\n|switch|p1a: Ninetales|Ninetales-Alola, L50, M|100/100\n|switch|p1b: Arcanine|Arcanine-Hisui, L50, F|100/100\n|switch|p2a: Blastoise|Blastoise, L50, M|100/100\n|switch|p2b: Sneasler|Sneasler, L50, M|100/100\n|-weather|Snowscape|[from] ability: Snow Warning|[of] p1a: Ninetales\n|turn|1\n|\n|t:|1776535406\n|detailschange|p2a: Blastoise|Blastoise-Mega, L50, M\n|-mega|p2a: Blastoise|Blastoise|Blastoisinite\n|move|p2b: Sneasler|Fake Out|p1b: Arcanine\n|-immune|p1b: Arcanine\n|move|p1b: Arcanine|Sludge Bomb|p2a: Blastoise\n|-damage|p2a: Blastoise|70/100\n|-status|p2a: Blastoise|psn\n|move|p1a: Ninetales|Aurora Veil|p1a: Ninetales\n|-sidestart|p1: onixandcloyster2|move: Aurora Veil\n|move|p2a: Blastoise|Shell Smash|p2a: Blastoise\n|-unboost|p2a: Blastoise|def|1\n|-unboost|p2a: Blastoise|spd|1\n|-boost|p2a: Blastoise|atk|2\n|-boost|p2a: Blastoise|spa|2\n|-boost|p2a: Blastoise|spe|2\n|\n|-weather|Snowscape|[upkeep]\n|-damage|p2a: Blastoise|58/100 psn|[from] psn\n|upkeep\n|turn|2\n|\n|t:|1776535463\n|switch|p1a: Arcanine|Arcanine-Hisui, L50, F|100/100\n|-ability|p1a: Arcanine|Intimidate|boost\n|-unboost|p2a: Blastoise|atk|1\n|-unboost|p2b: Sneasler|atk|1\n|-enditem|p2b: Sneasler|White Herb\n|-clearnegativeboost|p2b: Sneasler|[silent]\n|move|p2b: Sneasler|Dire Claw|p1a: Arcanine\n|-resisted|p1a: Arcanine|1\n|-damage|p1a: Arcanine|85/100\n|move|p2a: Blastoise|Dark Pulse|p1b: Arcanine\n|-supereffective|p1b: Arcanine|1\n|-enditem|p1b: Arcanine|Focus Sash\n|-damage|p1b: Arcanine|1/100\n|replace|p1b: Zoroark|Zoroark-Hisui, L50, F\n|-end|p1b: Zoroark|Illusion\n|move|p1b: Zoroark|Bitter Malice|p2a: Blastoise\n|-damage|p2a: Blastoise|0 fnt\n|faint|p2a: Blastoise\n|\n|-weather|Snowscape|[upkeep]\n|upkeep\n|\n|t:|1776535484\n|switch|p2a: Garchomp|Garchomp, L50, M|100/100\n|turn|3\n|\n|t:|1776535501\n|move|p2b: Sneasler|Dire Claw|p1b: Zoroark\n|-resisted|p1b: Zoroark|1\n|-damage|p1b: Zoroark|0 fnt\n|faint|p1b: Zoroark\n|move|p2a: Garchomp|Stomping Tantrum|p1a: Arcanine\n|-supereffective|p1a: Arcanine|2\n|-enditem|p1a: Arcanine|Shuca Berry|[eat]\n|-enditem|p1a: Arcanine|Shuca Berry|[weaken]\n|-damage|p1a: Arcanine|13/100\n|move|p1a: Arcanine|Flare Blitz|p2b: Sneasler\n|-damage|p2b: Sneasler|31/100\n|-damage|p1a: Arcanine|0 fnt|[from] Recoil\n|faint|p1a: Arcanine\n|\n|-weather|Snowscape|[upkeep]\n|upkeep\n|\n|t:|1776535517\n|switch|p1b: Ninetales|Ninetales-Alola, L50, M|100/100\n|switch|p1a: Scovillain|Scovillain, L50, M|100/100\n|turn|4\n|\n|t:|1776535533\n|move|p1a: Scovillain|Protect|p1a: Scovillain\n|-singleturn|p1a: Scovillain|Protect\n|move|p2b: Sneasler|Dire Claw|p1b: Ninetales\n|-supereffective|p1b: Ninetales|1\n|-damage|p1b: Ninetales|70/100\n|-status|p1b: Ninetales|slp\n|move|p2a: Garchomp|Stomping Tantrum|p1a: Scovillain\n|-activate|p1a: Scovillain|move: Protect\n|cant|p1b: Ninetales|slp\n|\n|-weather|Snowscape|[upkeep]\n|-ability|p1a: Scovillain|Moody|boost\n|-boost|p1a: Scovillain|spe|2\n|-unboost|p1a: Scovillain|spd|1\n|upkeep\n|turn|5\n|\n|t:|1776535563\n|switch|p2a: Sinistcha|Sinistcha, L50|100/100\n|-heal|p2b: Sneasler|56/100|[from] ability: Hospitality|[of] p2a: Sinistcha\n|detailschange|p1a: Scovillain|Scovillain-Mega, L50, M\n|-mega|p1a: Scovillain|Scovillain|Scovillainite\n|move|p2b: Sneasler|Dire Claw|p1b: Ninetales\n|-supereffective|p1b: Ninetales|1\n|-damage|p1b: Ninetales|39/100 slp\n|move|p1a: Scovillain|Flare Blitz|p2b: Sneasler\n|-damage|p2b: Sneasler|4/100\n|-damage|p1a: Scovillain|83/100|[from] Recoil\n|cant|p1b: Ninetales|slp\n|\n|-weather|none\n|-sideend|p1: onixandcloyster2|move: Aurora Veil\n|upkeep\n|turn|6\n|\n|t:|1776535592\n|move|p2b: Sneasler|Dire Claw|p1b: Ninetales\n|-supereffective|p1b: Ninetales|1\n|-damage|p1b: Ninetales|0 fnt\n|faint|p1b: Ninetales\n|move|p1a: Scovillain|Flare Blitz|p2a: Sinistcha\n|-supereffective|p2a: Sinistcha|1\n|-damage|p2a: Sinistcha|16/100\n|-status|p2a: Sinistcha|brn\n|-enditem|p2a: Sinistcha|Sitrus Berry|[eat]\n|-heal|p2a: Sinistcha|41/100 brn|[from] item: Sitrus Berry\n|-damage|p1a: Scovillain|54/100|[from] Recoil\n|move|p2a: Sinistcha|Life Dew|p2a: Sinistcha|[spread] p2a,p2b\n|-heal|p2a: Sinistcha|66/100 brn\n|-heal|p2b: Sneasler|30/100\n|\n|-damage|p2a: Sinistcha|60/100 brn|[from] brn\n|upkeep\n|turn|7\n|\n|t:|1776535613\n|move|p2b: Sneasler|Dire Claw|p1a: Scovillain\n|-supereffective|p1a: Scovillain|1\n|-damage|p1a: Scovillain|0 fnt\n|-status|p2b: Sneasler|brn|[from] ability: Spicy Spray|[of] p1a: Scovillain\n|faint|p1a: Scovillain\n|\n|win|Eevi0n\n|raw|onixandcloyster2's rating: 1048 &rarr; <strong>1030</strong><br />(-18 for losing)\n|raw|Eevi0n's rating: 1037 &rarr; <strong>1073</strong><br />(+36 for winning)\n",
  "uploadtime": 1776535620,
  "views": 20,
  "formatid": "gen9championsvgc2026regma",
  "rating": 1030,
  "private": 0,
  "password": null
}