{
  "id": "gen9championsvgc2026regma-2580935644",
  "format": "[Gen 9 Champions] VGC 2026 Reg M-A",
  "players": [
    "hallieberdly",
    "PK-Kirby"
  ],
  "log": "|j|\u2606hallieberdly\n|j|\u2606PK-Kirby\n|t:|1775944731\n|gametype|doubles\n|player|p1|hallieberdly|266|1027\n|player|p2|PK-Kirby|ethan|1051\n|gen|9\n|tier|[Gen 9 Champions] VGC 2026 Reg M-A\n|rated|\n|rule|Species Clause: Limit one of each Pok\u00e9mon\n|rule|Item Clause: Limit 1 of each item\n|clearpoke\n|poke|p1|Charizard, L50, M|\n|poke|p1|Typhlosion-Hisui, L50, M|\n|poke|p1|Arcanine-Hisui, L50, M|\n|poke|p1|Hydrapple, L50, F|\n|poke|p1|Whimsicott, L50, M|\n|poke|p1|Kingambit, L50, M|\n|poke|p2|Froslass, L50, F|\n|poke|p2|Rotom-Frost, L50|\n|poke|p2|Incineroar, L50, F|\n|poke|p2|Primarina, L50, F|\n|poke|p2|Sinistcha, L50|\n|poke|p2|Gallade, L50, M|\n|teampreview|4\n|inactive|Battle timer is ON: inactive players will automatically lose when time's up. (requested by hallieberdly)\n|\n|t:|1775944834\n|teamsize|p1|4\n|teamsize|p2|4\n|start\n|switch|p1a: Kingambit|Kingambit, L50, M|100/100\n|switch|p1b: Charizard|Charizard, L50, M|100/100\n|switch|p2a: Hellebore|Froslass, L50, F, shiny|100/100\n|switch|p2b: Amethyst|Incineroar, L50, F|100/100\n|-ability|p2b: Amethyst|Intimidate|boost\n|-unboost|p1a: Kingambit|atk|1\n|-ability|p1a: Kingambit|Defiant|boost\n|-boost|p1a: Kingambit|atk|2\n|-unboost|p1b: Charizard|atk|1\n|turn|1\n|inactive|PK-Kirby has 30 seconds left.\n|\n|t:|1775944860\n|detailschange|p1b: Charizard|Charizard-Mega-Y, L50, M\n|-mega|p1b: Charizard|Charizard|Charizardite Y\n|-weather|SunnyDay|[from] ability: Drought|[of] p1b: Charizard\n|move|p2a: Hellebore|Protect|p2a: Hellebore\n|-singleturn|p2a: Hellebore|Protect\n|move|p2b: Amethyst|Fake Out|p1a: Kingambit\n|-resisted|p1a: Kingambit|1\n|-damage|p1a: Kingambit|96/100\n|cant|p1a: Kingambit|flinch\n|move|p1b: Charizard|Heat Wave|p2b: Amethyst|[spread] p2b\n|-activate|p2a: Hellebore|move: Protect\n|-resisted|p2b: Amethyst|1\n|-damage|p2b: Amethyst|76/100\n|\n|-weather|SunnyDay|[upkeep]\n|upkeep\n|turn|2\n|inactive|PK-Kirby has 30 seconds left.\n|inactive|PK-Kirby has 20 seconds left.\n|inactive|PK-Kirby has 15 seconds left.\n|inactive|PK-Kirby has 10 seconds left.\n|\n|t:|1775944905\n|switch|p1b: Hydrapple|Hydrapple, L50, F|100/100\n|detailschange|p2a: Hellebore|Froslass-Mega, L50, F, shiny\n|-mega|p2a: Hellebore|Froslass|Froslassite\n|-weather|Snowscape|[from] ability: Snow Warning|[of] p2a: Hellebore\n|move|p1a: Kingambit|Sucker Punch|p2a: Hellebore\n|-supereffective|p2a: Hellebore|1\n|-crit|p2a: Hellebore\n|-damage|p2a: Hellebore|0 fnt\n|faint|p2a: Hellebore\n|move|p2b: Amethyst|Flare Blitz|p1a: Kingambit\n|-supereffective|p1a: Kingambit|1\n|-damage|p1a: Kingambit|28/100\n|-damage|p2b: Amethyst|56/100|[from] Recoil\n|\n|-weather|Snowscape|[upkeep]\n|upkeep\n|\n|t:|1775944929\n|switch|p2a: Aria|Primarina, L50, F|100/100\n|turn|3\n|inactive|hallieberdly has 30 seconds left.\n|inactive|PK-Kirby has 30 seconds left.\n|\n|t:|1775944960\n|move|p1a: Kingambit|Protect|p1a: Kingambit\n|-singleturn|p1a: Kingambit|Protect\n|move|p2b: Amethyst|Flare Blitz|p1a: Kingambit\n|-activate|p1a: Kingambit|move: Protect\n|move|p2a: Aria|Calm Mind|p2a: Aria\n|-boost|p2a: Aria|spa|1\n|-boost|p2a: Aria|spd|1\n|move|p1b: Hydrapple|Giga Drain|p2a: Aria\n|-supereffective|p2a: Aria|1\n|-damage|p2a: Aria|61/100\n|\n|-weather|Snowscape|[upkeep]\n|-heal|p2a: Aria|67/100|[from] item: Leftovers\n|upkeep\n|turn|4\n|inactive|PK-Kirby has 30 seconds left.\n|\n|t:|1775944986\n|move|p1a: Kingambit|Sucker Punch||[still]\n|-fail|p1a: Kingambit\n|move|p2a: Aria|Calm Mind|p2a: Aria\n|-boost|p2a: Aria|spa|1\n|-boost|p2a: Aria|spd|1\n|move|p2b: Amethyst|Flare Blitz|p1a: Kingambit\n|-supereffective|p1a: Kingambit|1\n|-damage|p1a: Kingambit|0 fnt\n|faint|p1a: Kingambit\n|-damage|p2b: Amethyst|48/100|[from] Recoil\n|move|p1b: Hydrapple|Giga Drain|p2a: Aria\n|-supereffective|p2a: Aria|1\n|-damage|p2a: Aria|38/100\n|\n|-weather|Snowscape|[upkeep]\n|-heal|p2a: Aria|44/100|[from] item: Leftovers\n|upkeep\n|\n|t:|1775944999\n|switch|p1a: Charizard|Charizard-Mega-Y, L50, M|100/100\n|-weather|SunnyDay|[from] ability: Drought|[of] p1a: Charizard\n|turn|5\n|inactive|PK-Kirby has 30 seconds left.\n|\n|t:|1775945033\n|move|p2a: Aria|Protect|p2a: Aria\n|-singleturn|p2a: Aria|Protect\n|move|p1a: Charizard|Solar Beam||[still]\n|-prepare|p1a: Charizard|Solar Beam\n|-anim|p1a: Charizard|Solar Beam|p2a: Aria\n|-activate|p2a: Aria|move: Protect\n|move|p2b: Amethyst|Parting Shot|p1a: Charizard\n|-unboost|p1a: Charizard|atk|1\n|-unboost|p1a: Charizard|spa|1\n|\n|t:|1775945043\n|switch|p2b: Spade|Gallade, L50, M, shiny|100/100|[from] Parting Shot\n|move|p1b: Hydrapple|Giga Drain|p2a: Aria\n|-activate|p2a: Aria|move: Protect\n|\n|-weather|SunnyDay|[upkeep]\n|-heal|p2a: Aria|50/100|[from] item: Leftovers\n|upkeep\n|turn|6\n|inactive|PK-Kirby has 30 seconds left.\n|inactive|PK-Kirby has 20 seconds left.\n|inactive|PK-Kirby has 15 seconds left.\n|inactive|PK-Kirby has 10 seconds left.\n|\n|t:|1775945093\n|switch|p2b: Amethyst|Incineroar, L50, F|48/100\n|-ability|p2b: Amethyst|Intimidate|boost\n|-unboost|p1a: Charizard|atk|1\n|-unboost|p1b: Hydrapple|atk|1\n|move|p1a: Charizard|Solar Beam||[still]\n|-prepare|p1a: Charizard|Solar Beam\n|-anim|p1a: Charizard|Solar Beam|p2a: Aria\n|-supereffective|p2a: Aria|1\n|-damage|p2a: Aria|24/100\n|move|p2a: Aria|Moonblast|p1b: Hydrapple\n|-supereffective|p1b: Hydrapple|1\n|-damage|p1b: Hydrapple|0 fnt\n|faint|p1b: Hydrapple\n|\n|-weather|SunnyDay|[upkeep]\n|-heal|p2a: Aria|30/100|[from] item: Leftovers\n|upkeep\n|\n|t:|1775945108\n|switch|p1b: Typhlosion|Typhlosion-Hisui, L50, M|100/100\n|-item|p2a: Aria|Leftovers|[from] ability: Frisk|[of] p1b: Typhlosion\n|-item|p2b: Amethyst|Chople Berry|[from] ability: Frisk|[of] p1b: Typhlosion\n|turn|7\n|inactive|PK-Kirby has 30 seconds left.\n|inactive|PK-Kirby has 20 seconds left.\n|inactive|PK-Kirby has 15 seconds left.\n|\n|t:|1775945149\n|move|p1a: Charizard|Protect|p1a: Charizard\n|-singleturn|p1a: Charizard|Protect\n|move|p2b: Amethyst|Fake Out|p1a: Charizard\n|-activate|p1a: Charizard|move: Protect\n|move|p1b: Typhlosion|Eruption|p2a: Aria|[spread] p2a,p2b\n|-resisted|p2a: Aria|1\n|-resisted|p2b: Amethyst|1\n|-damage|p2a: Aria|14/100\n|-damage|p2b: Amethyst|20/100\n|move|p2a: Aria|Hyper Voice|p1a: Charizard|[spread] p1b\n|-activate|p1a: Charizard|move: Protect\n|-supereffective|p1b: Typhlosion|1\n|-damage|p1b: Typhlosion|0 fnt\n|faint|p1b: Typhlosion\n|\n|-weather|SunnyDay|[upkeep]\n|-heal|p2a: Aria|20/100|[from] item: Leftovers\n|upkeep\n|turn|8\n|inactive|PK-Kirby has 30 seconds left.\n|\n|t:|1775945176\n|move|p2a: Aria|Protect|p2a: Aria\n|-singleturn|p2a: Aria|Protect\n|move|p1a: Charizard|Solar Beam||[still]\n|-prepare|p1a: Charizard|Solar Beam\n|-anim|p1a: Charizard|Solar Beam|p2a: Aria\n|-activate|p2a: Aria|move: Protect\n|move|p2b: Amethyst|Parting Shot|p1a: Charizard\n|-unboost|p1a: Charizard|atk|1\n|-unboost|p1a: Charizard|spa|1\n|\n|t:|1775945188\n|switch|p2b: Spade|Gallade, L50, M, shiny|100/100|[from] Parting Shot\n|\n|-weather|SunnyDay|[upkeep]\n|-heal|p2a: Aria|26/100|[from] item: Leftovers\n|upkeep\n|turn|9\n|-message|hallieberdly forfeited.\n|\n|win|PK-Kirby\n|raw|hallieberdly's rating: 1027 &rarr; <strong>1014</strong><br />(-13 for losing)\n|raw|PK-Kirby's rating: 1051 &rarr; <strong>1081</strong><br />(+30 for winning)\n|l|\u2606hallieberdly\n|player|p1|\n",
  "uploadtime": 1775945225,
  "views": 30,
  "formatid": "gen9championsvgc2026regma",
  "rating": 1014,
  "private": 0,
  "password": null
}