{
  "id": "gen9championsvgc2026regma-2585380455",
  "format": "[Gen 9 Champions] VGC 2026 Reg M-A",
  "players": [
    "evokenz",
    "Espitava"
  ],
  "log": "|j|\u2606evokenz\n|j|\u2606Espitava\n|t:|1776342945\n|gametype|doubles\n|player|p1|evokenz|101|1157\n|player|p2|Espitava|265|1136\n|gen|9\n|tier|[Gen 9 Champions] VGC 2026 Reg M-A\n|rated|\n|rule|Species Clause: Limit one of each Pok\u00e9mon\n|rule|Item Clause: Limit 1 of each item\n|clearpoke\n|poke|p1|Scizor, L50, F|\n|poke|p1|Basculegion, L50, M|\n|poke|p1|Aegislash, L50, F|\n|poke|p1|Kommo-o, L50, F|\n|poke|p1|Garchomp, L50, F|\n|poke|p1|Rotom-Wash, L50|\n|poke|p2|Pinsir, L50, M|\n|poke|p2|Sylveon, L50, F|\n|poke|p2|Garchomp, L50, M|\n|poke|p2|Skeledirge, L50, F|\n|poke|p2|Dragapult, L50, F|\n|poke|p2|Rotom-Wash, L50|\n|teampreview|4\nevokenz has agreed to open team sheets.\n|\n|t:|1776342984\n|teamsize|p1|4\n|teamsize|p2|4\n|start\n|switch|p1a: Kommo-o|Kommo-o, L50, F|100/100\n|switch|p1b: Basculegion|Basculegion, L50, M|100/100\n|switch|p2a: Skeledirge|Skeledirge, L50, F, shiny|100/100\n|switch|p2b: Sylveon|Sylveon, L50, F, shiny|100/100\n|turn|1\n|\n|t:|1776343003\n|move|p1b: Basculegion|Liquidation|p2a: Skeledirge\n|-supereffective|p2a: Skeledirge|1\n|-damage|p2a: Skeledirge|4/100\n|move|p1a: Kommo-o|Clangorous Soul|p1a: Kommo-o\n|-boost|p1a: Kommo-o|atk|1\n|-boost|p1a: Kommo-o|def|1\n|-boost|p1a: Kommo-o|spa|1\n|-boost|p1a: Kommo-o|spd|1\n|-boost|p1a: Kommo-o|spe|1\n|-damage|p1a: Kommo-o|68/100\n|move|p2a: Skeledirge|Shadow Ball|p1b: Basculegion\n|-supereffective|p1b: Basculegion|1\n|-damage|p1b: Basculegion|8/100\n|move|p2b: Sylveon|Hyper Voice|p1a: Kommo-o|[spread] p1b\n|-immune|p1a: Kommo-o|[from] ability: Soundproof\n|-damage|p1b: Basculegion|0 fnt\n|faint|p1b: Basculegion\n|\n|-heal|p1a: Kommo-o|74/100|[from] item: Leftovers\n|upkeep\n|\n|t:|1776343024\n|switch|p1b: Aegislash|Aegislash, L50, F|100/100\n|turn|2\n|\n|t:|1776343040\n|-formechange|p1b: Aegislash|Aegislash-Blade|\n|move|p1b: Aegislash|Shadow Sneak|p2a: Skeledirge\n|-supereffective|p2a: Skeledirge|1\n|-damage|p2a: Skeledirge|0 fnt\n|faint|p2a: Skeledirge\n|move|p1a: Kommo-o|Clangorous Soul|p1a: Kommo-o\n|-boost|p1a: Kommo-o|atk|1\n|-boost|p1a: Kommo-o|def|1\n|-boost|p1a: Kommo-o|spa|1\n|-boost|p1a: Kommo-o|spd|1\n|-boost|p1a: Kommo-o|spe|1\n|-damage|p1a: Kommo-o|41/100\n|move|p2b: Sylveon|Trailblaze|p1a: Kommo-o\n|-resisted|p1a: Kommo-o|1\n|-damage|p1a: Kommo-o|39/100\n|-boost|p2b: Sylveon|spe|1\n|\n|-heal|p1a: Kommo-o|45/100|[from] item: Leftovers\n|upkeep\n|\n|t:|1776343058\n|switch|p2a: Pinsir|Pinsir, L50, M, shiny|100/100\n|turn|3\n|\n|t:|1776343070\n|detailschange|p2a: Pinsir|Pinsir-Mega, L50, M, shiny\n|-mega|p2a: Pinsir|Pinsir|Pinsirite\n|move|p1a: Kommo-o|Protect|p1a: Kommo-o\n|-singleturn|p1a: Kommo-o|Protect\n|-formechange|p1b: Aegislash|Aegislash|\n|move|p1b: Aegislash|King's Shield|p1b: Aegislash\n|-singleturn|p1b: Aegislash|Protect\n|move|p2a: Pinsir|Quick Attack|p1a: Kommo-o\n|-activate|p1a: Kommo-o|move: Protect\n|move|p2b: Sylveon|Hyper Voice|p1a: Kommo-o|[spread] \n|-activate|p1a: Kommo-o|move: Protect\n|-activate|p1b: Aegislash|move: Protect\n|\n|-heal|p1a: Kommo-o|51/100|[from] item: Leftovers\n|upkeep\n|turn|4\n|\n|t:|1776343104\n|move|p2a: Pinsir|Quick Attack|p1a: Kommo-o\n|-supereffective|p1a: Kommo-o|1\n|-damage|p1a: Kommo-o|28/100\n|-formechange|p1b: Aegislash|Aegislash-Blade|\n|move|p1b: Aegislash|Shadow Sneak|p2a: Pinsir\n|-damage|p2a: Pinsir|70/100\n|move|p1a: Kommo-o|Clanging Scales|p2a: Pinsir|[spread] p2a\n|-immune|p2b: Sylveon\n|-damage|p2a: Pinsir|0 fnt\n|faint|p2a: Pinsir\n|-unboost|p1a: Kommo-o|def|1\n|move|p2b: Sylveon|Calm Mind|p2b: Sylveon\n|-boost|p2b: Sylveon|spa|1\n|-boost|p2b: Sylveon|spd|1\n|\n|-heal|p1a: Kommo-o|34/100|[from] item: Leftovers\n|upkeep\n|\n|t:|1776343121\n|switch|p2a: Dragapult|Dragapult, L50, F, shiny|100/100\n|turn|5\n|\n|t:|1776343138\n|-formechange|p1b: Aegislash|Aegislash|\n|move|p1b: Aegislash|King's Shield|p1b: Aegislash\n|-singleturn|p1b: Aegislash|Protect\n|move|p2a: Dragapult|Draco Meteor|p1a: Kommo-o\n|-supereffective|p1a: Kommo-o|1\n|-damage|p1a: Kommo-o|0 fnt\n|-unboost|p2a: Dragapult|spa|2\n|faint|p1a: Kommo-o\n|move|p2b: Sylveon|Hyper Voice|p1b: Aegislash\n|-activate|p1b: Aegislash|move: Protect\n|\n|upkeep\n|\n|t:|1776343152\n|switch|p1a: Scizor|Scizor, L50, F|100/100\n|turn|6\n|\n|t:|1776343163\n|detailschange|p1a: Scizor|Scizor-Mega, L50, F\n|-mega|p1a: Scizor|Scizor|Scizorite\n|move|p1a: Scizor|Bullet Punch|p2b: Sylveon\n|-supereffective|p2b: Sylveon|1\n|-damage|p2b: Sylveon|0 fnt\n|faint|p2b: Sylveon\n|move|p2a: Dragapult|Flamethrower|p1a: Scizor\n|-supereffective|p1a: Scizor|2\n|-damage|p1a: Scizor|44/100\n|-formechange|p1b: Aegislash|Aegislash-Blade|\n|move|p1b: Aegislash|Poltergeist|p2a: Dragapult\n|-activate|p2a: Dragapult|move: Poltergeist|Leftovers\n|-supereffective|p2a: Dragapult|1\n|-damage|p2a: Dragapult|0 fnt\n|faint|p2a: Dragapult\n|\n|win|evokenz\n|raw|evokenz's rating: 1157 &rarr; <strong>1180</strong><br />(+23 for winning)\n|raw|Espitava's rating: 1136 &rarr; <strong>1113</strong><br />(-23 for losing)\n",
  "uploadtime": 1776343164,
  "views": 17,
  "formatid": "gen9championsvgc2026regma",
  "rating": 1113,
  "private": 0,
  "password": null
}