{
  "id": "gen9championsvgc2026regma-2587552945",
  "format": "[Gen 9 Champions] VGC 2026 Reg M-A",
  "players": [
    "lordofthebagels89",
    "fetzmeruns"
  ],
  "log": "|j|\u2606lordofthebagels89\n|j|\u2606fetzmeruns\n|t:|1776541695\n|gametype|doubles\n|player|p1|lordofthebagels89|lucian|1210\n|player|p2|fetzmeruns|101|1239\n|gen|9\n|tier|[Gen 9 Champions] VGC 2026 Reg M-A\n|rated|\n|rule|Species Clause: Limit one of each Pok\u00e9mon\n|rule|Item Clause: Limit 1 of each item\n|clearpoke\n|poke|p1|Gardevoir, L50, M|\n|poke|p1|Aggron, L50, M|\n|poke|p1|Incineroar, L50, M|\n|poke|p1|Sinistcha, L50|\n|poke|p1|Torkoal, L50, M|\n|poke|p1|Farigiraf, L50, F|\n|poke|p2|Crabominable, L50, F|\n|poke|p2|Farigiraf, L50, M|\n|poke|p2|Incineroar, L50, F|\n|poke|p2|Kingambit, L50, M|\n|poke|p2|Sinistcha, L50|\n|poke|p2|Politoed, L50, M|\n|teampreview|4\n|inactive|Battle timer is ON: inactive players will automatically lose when time's up. (requested by lordofthebagels89)\n|\n|t:|1776541740\n|teamsize|p1|4\n|teamsize|p2|4\n|start\n|switch|p1a: Aggron|Aggron, L50, M|100/100\n|switch|p1b: Farigiraf|Farigiraf, L50, F|100/100\n|switch|p2a: Farigiraf|Farigiraf, L50, M|100/100\n|switch|p2b: Crabominable|Crabominable, L50, F|100/100\n|turn|1\n|\n|t:|1776541759\n|detailschange|p1a: Aggron|Aggron-Mega, L50, M\n|-mega|p1a: Aggron|Aggron|Aggronite\n|detailschange|p2b: Crabominable|Crabominable-Mega, L50, F\n|-mega|p2b: Crabominable|Crabominable|Crabominite\n|move|p1b: Farigiraf|Helping Hand|p1a: Aggron\n|-singleturn|p1a: Aggron|Helping Hand|[of] p1b: Farigiraf\n|move|p2a: Farigiraf|Psychic|p1a: Aggron\n|-resisted|p1a: Aggron|1\n|-damage|p1a: Aggron|80/100\n|move|p1a: Aggron|Body Press|p2b: Crabominable\n|-supereffective|p2b: Crabominable|1\n|-crit|p2b: Crabominable\n|-damage|p2b: Crabominable|0 fnt\n|faint|p2b: Crabominable\n|\n|upkeep\n|c|\u2606fetzmeruns|Tje crit mattered :(\n|inactive|fetzmeruns has 30 seconds left.\n|\n|t:|1776541787\n|switch|p2b: Politoed|Politoed, L50, M|100/100\n|-weather|RainDance|[from] ability: Drizzle|[of] p2b: Politoed\n|turn|2\n|c|\u2606lordofthebagels89|Im sorry my friend\n|\n|t:|1776541803\n|move|p1b: Farigiraf|Helping Hand|p1a: Aggron\n|-singleturn|p1a: Aggron|Helping Hand|[of] p1b: Farigiraf\n|move|p2b: Politoed|Muddy Water|p1b: Farigiraf|[spread] p1a,p1b\n|-damage|p1a: Aggron|46/100\n|-damage|p1b: Farigiraf|57/100\n|-unboost|p1a: Aggron|accuracy|1\n|-unboost|p1b: Farigiraf|accuracy|1\n|move|p2a: Farigiraf|Psychic|p1a: Aggron\n|-resisted|p1a: Aggron|1\n|-damage|p1a: Aggron|25/100\n|move|p1a: Aggron|Body Press|p2b: Politoed\n|-damage|p2b: Politoed|32/100\n|\n|-weather|RainDance|[upkeep]\n|upkeep\n|turn|3\n|inactive|fetzmeruns has 30 seconds left.\n|\n|t:|1776541831\n|switch|p1a: Torkoal|Torkoal, L50, M|100/100\n|-weather|SunnyDay|[from] ability: Drought|[of] p1a: Torkoal\n|move|p2b: Politoed|Muddy Water|p1a: Torkoal|[spread] p1a\n|-miss|p2b: Politoed|p1b: Farigiraf\n|-supereffective|p1a: Torkoal|1\n|-damage|p1a: Torkoal|67/100\n|move|p2a: Farigiraf|Hyper Voice|p1b: Farigiraf|[spread] p1a,p1b\n|-damage|p1a: Torkoal|23/100\n|-damage|p1b: Farigiraf|20/100\n|move|p1b: Farigiraf|Trick Room|p1b: Farigiraf\n|-fieldstart|move: Trick Room|[of] p1b: Farigiraf\n|\n|-weather|SunnyDay|[upkeep]\n|upkeep\n|turn|4\n|\n|t:|1776541847\n|move|p1b: Farigiraf|Helping Hand|p1a: Torkoal\n|-singleturn|p1a: Torkoal|Helping Hand|[of] p1b: Farigiraf\n|move|p2b: Politoed|Protect|p2b: Politoed\n|-singleturn|p2b: Politoed|Protect\n|move|p1a: Torkoal|Weather Ball|p2a: Farigiraf\n|-damage|p2a: Farigiraf|0 fnt\n|faint|p2a: Farigiraf\n|\n|-weather|SunnyDay|[upkeep]\n|upkeep\n|\n|t:|1776541855\n|switch|p2a: Sinistcha|Sinistcha, L50|100/100\n|-heal|p2b: Politoed|57/100|[from] ability: Hospitality|[of] p2a: Sinistcha\n|turn|5\n|\n|t:|1776541864\n|move|p1a: Torkoal|Weather Ball|p2a: Sinistcha\n|-supereffective|p2a: Sinistcha|1\n|-damage|p2a: Sinistcha|0 fnt\n|faint|p2a: Sinistcha\n|move|p1b: Farigiraf|Hyper Voice|p2b: Politoed|[miss]\n|-miss|p1b: Farigiraf|p2b: Politoed\n|move|p2b: Politoed|Muddy Water|p1b: Farigiraf|[spread] p1a,p1b\n|-supereffective|p1a: Torkoal|1\n|-damage|p1a: Torkoal|0 fnt\n|-damage|p1b: Farigiraf|7/100\n|faint|p1a: Torkoal\n|\n|-weather|SunnyDay|[upkeep]\n|upkeep\n|\n|t:|1776541875\n|switch|p1a: Incineroar|Incineroar, L50, M|100/100\n|-ability|p1a: Incineroar|Intimidate|boost\n|-unboost|p2b: Politoed|atk|1\n|turn|6\n|\n|t:|1776541881\n|move|p1a: Incineroar|Fake Out|p2b: Politoed\n|-damage|p2b: Politoed|44/100\n|move|p1b: Farigiraf|Hyper Voice|p2b: Politoed\n|-damage|p2b: Politoed|10/100\n|cant|p2b: Politoed|flinch\n|\n|-weather|SunnyDay|[upkeep]\n|upkeep\n|turn|7\n|-message|fetzmeruns forfeited.\n|\n|win|lordofthebagels89\n|raw|lordofthebagels89's rating: 1210 &rarr; <strong>1237</strong><br />(+27 for winning)\n|raw|fetzmeruns's rating: 1239 &rarr; <strong>1212</strong><br />(-27 for losing)\n|l|\u2606fetzmeruns\n|player|p2|\n",
  "uploadtime": 1776541892,
  "views": 20,
  "formatid": "gen9championsvgc2026regma",
  "rating": 1212,
  "private": 0,
  "password": null
}