{
  "id": "gen9championsvgc2026regma-2584829051",
  "format": "[Gen 9 Champions] VGC 2026 Reg M-A",
  "players": [
    "Felicina1234",
    "ScepTorBird"
  ],
  "log": "|j|\u2606Felicina1234\n|j|\u2606ScepTorBird\n|t:|1776286835\n|gametype|doubles\n|player|p1|Felicina1234|1|1138\n|player|p2|ScepTorBird|265|1131\n|gen|9\n|tier|[Gen 9 Champions] VGC 2026 Reg M-A\n|rated|\n|rule|Species Clause: Limit one of each Pok\u00e9mon\n|rule|Item Clause: Limit 1 of each item\n|clearpoke\n|poke|p1|Gyarados, L50, F|\n|poke|p1|Venusaur, L50, M|\n|poke|p1|Torkoal, L50, M|\n|poke|p1|Farigiraf, L50, F|\n|poke|p1|Kingambit, L50, M|\n|poke|p1|Sneasler, L50, M|\n|poke|p2|Lucario, L50, M|\n|poke|p2|Garchomp, L50, M|\n|poke|p2|Rotom-Wash, L50|\n|poke|p2|Hydreigon, L50, F|\n|poke|p2|Sinistcha, L50|\n|poke|p2|Gengar, L50, M|\n|teampreview|4\n|inactive|Battle timer is ON: inactive players will automatically lose when time's up. (requested by ScepTorBird)\n|\n|t:|1776286858\n|teamsize|p1|4\n|teamsize|p2|4\n|start\n|switch|p1a: Venusaur|Venusaur, L50, M|100/100\n|switch|p1b: Torkoal|Torkoal, L50, M|100/100\n|switch|p2a: Garchomp|Garchomp, L50, M|100/100\n|switch|p2b: Hydreigon|Hydreigon, L50, F|100/100\n|-weather|SunnyDay|[from] ability: Drought|[of] p1b: Torkoal\n|turn|1\n|\n|t:|1776286877\n|switch|p1b: Gyarados|Gyarados, L50, F|100/100\n|-ability|p1b: Gyarados|Intimidate|boost\n|-unboost|p2a: Garchomp|atk|1\n|-unboost|p2b: Hydreigon|atk|1\n|move|p2b: Hydreigon|Flamethrower|p1a: Venusaur\n|-supereffective|p1a: Venusaur|1\n|-damage|p1a: Venusaur|31/100\n|move|p1a: Venusaur|Solar Beam||[still]\n|-prepare|p1a: Venusaur|Solar Beam\n|-anim|p1a: Venusaur|Solar Beam|p2a: Garchomp\n|-damage|p2a: Garchomp|53/100\n|move|p2a: Garchomp|Earthquake|p1b: Gyarados|[spread] p1a\n|-immune|p2b: Hydreigon|[from] ability: Levitate\n|-immune|p1b: Gyarados\n|-damage|p1a: Venusaur|5/100\n|\n|-weather|SunnyDay|[upkeep]\n|upkeep\n|turn|2\n|\n|t:|1776286902\n|switch|p2a: Rotom|Rotom-Wash, L50|100/100\n|move|p1a: Venusaur|Protect|p1a: Venusaur\n|-singleturn|p1a: Venusaur|Protect\n|move|p2b: Hydreigon|Flamethrower|p1a: Venusaur\n|-activate|p1a: Venusaur|move: Protect\n|move|p1b: Gyarados|Icy Wind|p2a: Rotom|[spread] p2a,p2b\n|-resisted|p2a: Rotom|1\n|-supereffective|p2b: Hydreigon|1\n|-damage|p2a: Rotom|97/100\n|-damage|p2b: Hydreigon|86/100\n|-unboost|p2a: Rotom|spe|1\n|-unboost|p2b: Hydreigon|spe|1\n|\n|-weather|SunnyDay|[upkeep]\n|upkeep\n|turn|3\n|inactive|Felicina1234 has 30 seconds left.\n|\n|t:|1776286936\n|switch|p1a: Torkoal|Torkoal, L50, M|100/100\n|move|p2a: Rotom|Protect|p2a: Rotom\n|-singleturn|p2a: Rotom|Protect\n|move|p2b: Hydreigon|Flamethrower|p1a: Torkoal\n|-resisted|p1a: Torkoal|1\n|-damage|p1a: Torkoal|71/100\n|move|p1b: Gyarados|Icy Wind|p2b: Hydreigon|[spread] p2b\n|-activate|p2a: Rotom|move: Protect\n|-supereffective|p2b: Hydreigon|1\n|-damage|p2b: Hydreigon|72/100\n|-unboost|p2b: Hydreigon|spe|1\n|\n|-weather|SunnyDay|[upkeep]\n|upkeep\n|turn|4\n|inactive|Felicina1234 has 30 seconds left.\n|inactive|Felicina1234 has 20 seconds left.\n|inactive|Felicina1234 has 15 seconds left.\n|inactive|Felicina1234 has 10 seconds left.\n|inactive|Felicina1234 has 5 seconds left.\n|\n|t:|1776286989\n|switch|p2b: Garchomp|Garchomp, L50, M|53/100\n|switch|p1b: Kingambit|Kingambit, L50, M|100/100\n|move|p2a: Rotom|Volt Switch|p1b: Kingambit\n|-damage|p1b: Kingambit|64/100\n|\n|t:|1776286996\n|switch|p2a: Hydreigon|Hydreigon, L50, F|72/100|[from] Volt Switch\n|move|p1a: Torkoal|Heat Wave|p2b: Garchomp|[spread] p2a,p2b\n|-resisted|p2a: Hydreigon|1\n|-resisted|p2b: Garchomp|1\n|-damage|p2a: Hydreigon|39/100\n|-damage|p2b: Garchomp|22/100\n|\n|-weather|SunnyDay|[upkeep]\n|upkeep\n|turn|5\n|\n|t:|1776287009\n|switch|p1a: Gyarados|Gyarados, L50, F|100/100\n|-ability|p1a: Gyarados|Intimidate|boost\n|-unboost|p2a: Hydreigon|atk|1\n|-unboost|p2b: Garchomp|atk|1\n|move|p1b: Kingambit|Protect|p1b: Kingambit\n|-singleturn|p1b: Kingambit|Protect\n|move|p2a: Hydreigon|Dark Pulse|p1a: Gyarados\n|-damage|p1a: Gyarados|63/100\n|move|p2b: Garchomp|Earthquake|p1a: Gyarados|[spread] \n|-activate|p1b: Kingambit|move: Protect\n|-immune|p2a: Hydreigon|[from] ability: Levitate\n|-immune|p1a: Gyarados\n|\n|-weather|none\n|-heal|p1a: Gyarados|69/100|[from] item: Leftovers\n|upkeep\n|turn|6\n|\n|t:|1776287029\n|move|p1b: Kingambit|Sucker Punch|p2b: Garchomp\n|-crit|p2b: Garchomp\n|-damage|p2b: Garchomp|0 fnt\n|-damage|p1b: Kingambit|52/100|[from] ability: Rough Skin|[of] p2b: Garchomp\n|faint|p2b: Garchomp\n|move|p2a: Hydreigon|Dark Pulse|p1a: Gyarados\n|-damage|p1a: Gyarados|32/100\n|cant|p1a: Gyarados|flinch\n|\n|-heal|p1a: Gyarados|38/100|[from] item: Leftovers\n|upkeep\n|\n|t:|1776287032\n|switch|p2b: Rotom|Rotom-Wash, L50|97/100\n|turn|7\n|inactive|Felicina1234 has 30 seconds left.\n|\n|t:|1776287060\n|move|p2a: Hydreigon|Dark Pulse|p1a: Gyarados\n|-damage|p1a: Gyarados|3/100\n|move|p2b: Rotom|Will-O-Wisp|p1b: Kingambit\n|-status|p1b: Kingambit|brn\n|move|p1a: Gyarados|Icy Wind|p2a: Hydreigon|[spread] p2a,p2b\n|-supereffective|p2a: Hydreigon|1\n|-resisted|p2b: Rotom|1\n|-damage|p2a: Hydreigon|25/100\n|-damage|p2b: Rotom|93/100\n|-unboost|p2a: Hydreigon|spe|1\n|-unboost|p2b: Rotom|spe|1\n|move|p1b: Kingambit|Kowtow Cleave|p2b: Rotom\n|-damage|p2b: Rotom|64/100\n|\n|-heal|p1a: Gyarados|9/100|[from] item: Leftovers\n|-damage|p1b: Kingambit|46/100 brn|[from] brn\n|upkeep\n|turn|8\n|inactive|ScepTorBird has 30 seconds left.\n|\n|t:|1776287088\n|move|p2b: Rotom|Protect|p2b: Rotom\n|-singleturn|p2b: Rotom|Protect\n|move|p2a: Hydreigon|Dark Pulse|p1a: Gyarados\n|-damage|p1a: Gyarados|0 fnt\n|faint|p1a: Gyarados\n|move|p1b: Kingambit|Kowtow Cleave|p2a: Hydreigon\n|-resisted|p2a: Hydreigon|1\n|-damage|p2a: Hydreigon|9/100\n|\n|-damage|p1b: Kingambit|41/100 brn|[from] brn\n|upkeep\n|\n|t:|1776287103\n|switch|p1a: Torkoal|Torkoal, L50, M|71/100\n|-weather|SunnyDay|[from] ability: Drought|[of] p1a: Torkoal\n|turn|9\n|\n|t:|1776287113\n|switch|p2a: Gengar|Gengar, L50, M|100/100\n|move|p1b: Kingambit|Sucker Punch|p2b: Rotom\n|-damage|p2b: Rotom|37/100\n|-enditem|p2b: Rotom|Sitrus Berry|[eat]\n|-heal|p2b: Rotom|62/100|[from] item: Sitrus Berry\n|move|p2b: Rotom|Volt Switch|p1a: Torkoal\n|-damage|p1a: Torkoal|28/100\n|\n|t:|1776287117\n|switch|p2b: Hydreigon|Hydreigon, L50, F|9/100|[from] Volt Switch\n|move|p1a: Torkoal|Heat Wave|p2a: Gengar|[spread] p2a,p2b\n|-resisted|p2b: Hydreigon|1\n|-damage|p2a: Gengar|6/100\n|-damage|p2b: Hydreigon|0 fnt\n|-start|p1a: Torkoal|Disable|Heat Wave|[from] ability: Cursed Body|[of] p2a: Gengar\n|faint|p2b: Hydreigon\n|\n|-weather|SunnyDay|[upkeep]\n|-damage|p1b: Kingambit|35/100 brn|[from] brn\n|upkeep\n|\n|t:|1776287119\n|switch|p2b: Rotom|Rotom-Wash, L50|62/100\n|turn|10\n|\n|t:|1776287144\n|detailschange|p2a: Gengar|Gengar-Mega, L50, M\n|-mega|p2a: Gengar|Gengar|Gengarite\n|move|p2a: Gengar|Protect|p2a: Gengar\n|-singleturn|p2a: Gengar|Protect\n|move|p1b: Kingambit|Sucker Punch||[still]\n|-fail|p1b: Kingambit\n|move|p2b: Rotom|Volt Switch|p1b: Kingambit\n|-damage|p1b: Kingambit|0 fnt\n|faint|p1b: Kingambit\n|move|p1a: Torkoal|Eruption|p2a: Gengar|[spread] p2b\n|-activate|p2a: Gengar|move: Protect\n|-resisted|p2b: Rotom|1\n|-damage|p2b: Rotom|50/100\n|\n|-weather|SunnyDay|[upkeep]\n|upkeep\n|\n|t:|1776287161\n|switch|p1b: Venusaur|Venusaur, L50, M|5/100\n|turn|11\n|\n|t:|1776287181\n|move|p2a: Gengar|Shadow Ball|p1b: Venusaur\n|-damage|p1b: Venusaur|0 fnt\n|faint|p1b: Venusaur\n|move|p2b: Rotom|Volt Switch|p1a: Torkoal\n|-damage|p1a: Torkoal|0 fnt\n|faint|p1a: Torkoal\n|\n|win|ScepTorBird\n|raw|Felicina1234's rating: 1138 &rarr; <strong>1112</strong><br />(-26 for losing)\n|raw|ScepTorBird's rating: 1131 &rarr; <strong>1157</strong><br />(+26 for winning)\n|l|\u2606Felicina1234\n|player|p1|\n",
  "uploadtime": 1776287215,
  "views": 28,
  "formatid": "gen9championsvgc2026regma",
  "rating": 1112,
  "private": 0,
  "password": null
}