{
  "id": "gen9championsvgc2026regma-2581296359",
  "format": "[Gen 9 Champions] VGC 2026 Reg M-A",
  "players": [
    "Flipsicle",
    "radoovak"
  ],
  "log": "|j|\u2606Flipsicle\n|j|\u2606radoovak\n|t:|1775982881\n|gametype|doubles\n|player|p1|Flipsicle|elesa-masters|1407\n|player|p2|radoovak|steven|1321\n|gen|9\n|tier|[Gen 9 Champions] VGC 2026 Reg M-A\n|rated|\n|rule|Species Clause: Limit one of each Pok\u00e9mon\n|rule|Item Clause: Limit 1 of each item\n|clearpoke\n|poke|p1|Garchomp, L50, F|\n|poke|p1|Kingambit, L50, M|\n|poke|p1|Primarina, L50, F|\n|poke|p1|Sneasler, L50, F|\n|poke|p1|Dragonite, L50, M|\n|poke|p1|Scovillain, L50, F|\n|poke|p2|Gengar, L50, M|\n|poke|p2|Sneasler, L50, M|\n|poke|p2|Incineroar, L50, F|\n|poke|p2|Whimsicott, L50, M|\n|poke|p2|Hydreigon, L50, M|\n|poke|p2|Palafin, L50, F|\n|teampreview|4\nFlipsicle rejected open team sheets.\n|inactive|Battle timer is ON: inactive players will automatically lose when time's up. (requested by Flipsicle)\n|inactive|Flipsicle has 60 seconds left.\n|\n|t:|1775982936\n|teamsize|p1|4\n|teamsize|p2|4\n|start\n|switch|p1a: Kingambit|Kingambit, L50, M|100/100\n|switch|p1b: Scovillain|Scovillain, L50, F|100/100\n|switch|p2a: Gengar|Gengar, L50, M|100/100\n|switch|p2b: Hydreigon|Hydreigon, L50, M|100/100\n|turn|1\n|\n|t:|1775982957\n|switch|p2a: Sneasler|Sneasler, L50, M|100/100\n|move|p1b: Scovillain|Protect|p1b: Scovillain\n|-singleturn|p1b: Scovillain|Protect\n|move|p2b: Hydreigon|Heat Wave|p1a: Kingambit|[spread] p1a\n|-activate|p1b: Scovillain|move: Protect\n|-supereffective|p1a: Kingambit|1\n|-damage|p1a: Kingambit|53/100\n|move|p1a: Kingambit|Swords Dance|p1a: Kingambit\n|-boost|p1a: Kingambit|atk|2\n|\n|-ability|p1b: Scovillain|Moody|boost\n|-boost|p1b: Scovillain|spe|2\n|-unboost|p1b: Scovillain|atk|1\n|upkeep\n|turn|2\n|j| gE1xjZRtuhW2DdT0AK\n|inactive|Flipsicle has 30 seconds left.\n|inactive|Flipsicle has 20 seconds left.\n|\n|t:|1775982993\n|detailschange|p1b: Scovillain|Scovillain-Mega, L50, F\n|-mega|p1b: Scovillain|Scovillain|Scovillainite\n|move|p2b: Hydreigon|Heat Wave|p1b: Scovillain|[spread] p1b\n|-miss|p2b: Hydreigon|p1a: Kingambit\n|-damage|p1b: Scovillain|77/100\n|-status|p2b: Hydreigon|brn|[from] ability: Spicy Spray|[of] p1b: Scovillain\n|move|p1b: Scovillain|Flamethrower|p2a: Sneasler\n|-damage|p2a: Sneasler|44/100\n|move|p2a: Sneasler|Close Combat|p1b: Scovillain\n|-damage|p1b: Scovillain|9/100\n|-unboost|p2a: Sneasler|def|1\n|-unboost|p2a: Sneasler|spd|1\n|-status|p2a: Sneasler|brn|[from] ability: Spicy Spray|[of] p1b: Scovillain\n|-enditem|p2a: Sneasler|White Herb\n|-clearnegativeboost|p2a: Sneasler|[silent]\n|move|p1a: Kingambit|Iron Head|p2b: Hydreigon\n|-damage|p2b: Hydreigon|0 fnt\n|faint|p2b: Hydreigon\n|\n|-damage|p2a: Sneasler|39/100 brn|[from] brn\n|upkeep\n|\n|t:|1775983014\n|switch|p2b: Gengar|Gengar, L50, M|100/100\n|turn|3\n|\n|t:|1775983032\n|detailschange|p2b: Gengar|Gengar-Mega, L50, M\n|-mega|p2b: Gengar|Gengar|Gengarite\n|move|p1a: Kingambit|Sucker Punch||[still]\n|-fail|p1a: Kingambit\n|move|p2a: Sneasler|Dire Claw|p1b: Scovillain\n|-supereffective|p1b: Scovillain|1\n|-damage|p1b: Scovillain|0 fnt\n|faint|p1b: Scovillain\n|move|p2b: Gengar|Will-O-Wisp|p1a: Kingambit\n|-status|p1a: Kingambit|brn\n|\n|-damage|p2a: Sneasler|33/100 brn|[from] brn\n|-damage|p1a: Kingambit|47/100 brn|[from] brn\n|upkeep\n|\n|t:|1775983042\n|switch|p1b: Garchomp|Garchomp, L50, F|100/100\n|turn|4\n|\n|t:|1775983067\n|switch|p2b: Whimsicott|Whimsicott, L50, M|100/100\n|move|p2a: Sneasler|Protect|p2a: Sneasler\n|-singleturn|p2a: Sneasler|Protect\n|move|p1a: Kingambit|Sucker Punch||[still]\n|-fail|p1a: Kingambit\n|move|p1b: Garchomp|Stomping Tantrum|p2b: Whimsicott\n|-resisted|p2b: Whimsicott|1\n|-damage|p2b: Whimsicott|77/100\n|\n|-damage|p2a: Sneasler|27/100 brn|[from] brn\n|-damage|p1a: Kingambit|41/100 brn|[from] brn\n|upkeep\n|turn|5\n|inactive|radoovak has 30 seconds left.\n|\n|t:|1775983094\n|move|p1a: Kingambit|Sucker Punch|p2a: Sneasler\n|-resisted|p2a: Sneasler|1\n|-damage|p2a: Sneasler|0 fnt\n|faint|p2a: Sneasler\n|move|p2b: Whimsicott|Moonblast|p1a: Kingambit\n|-damage|p1a: Kingambit|16/100 brn\n|move|p1b: Garchomp|Stomping Tantrum|p2b: Whimsicott\n|-resisted|p2b: Whimsicott|1\n|-damage|p2b: Whimsicott|54/100\n|\n|-damage|p1a: Kingambit|10/100 brn|[from] brn\n|upkeep\n|\n|t:|1775983104\n|switch|p2a: Gengar|Gengar-Mega, L50, M|100/100\n|turn|6\n|\n|t:|1775983124\n|move|p1a: Kingambit|Sucker Punch|p2b: Whimsicott\n|-resisted|p2b: Whimsicott|1\n|-damage|p2b: Whimsicott|26/100\n|move|p2a: Gengar|Will-O-Wisp|p1b: Garchomp\n|-status|p1b: Garchomp|brn\n|-enditem|p1b: Garchomp|Lum Berry|[eat]\n|-curestatus|p1b: Garchomp|brn|[msg]\n|move|p2b: Whimsicott|Moonblast|p1a: Kingambit\n|-damage|p1a: Kingambit|0 fnt\n|faint|p1a: Kingambit\n|move|p1b: Garchomp|Stomping Tantrum|p2b: Whimsicott\n|-resisted|p2b: Whimsicott|1\n|-damage|p2b: Whimsicott|3/100\n|\n|upkeep\n|\n|t:|1775983133\n|switch|p1a: Primarina|Primarina, L50, F|100/100\n|turn|7\n|\n|t:|1775983158\n|move|p2b: Whimsicott|Fake Tears|p1b: Garchomp\n|-unboost|p1b: Garchomp|spd|2\n|move|p2a: Gengar|Shadow Ball|p1b: Garchomp\n|-damage|p1b: Garchomp|0 fnt\n|faint|p1b: Garchomp\n|move|p1a: Primarina|Hyper Voice|p2a: Gengar|[spread] p2a,p2b\n|-resisted|p2b: Whimsicott|1\n|-damage|p2a: Gengar|57/100\n|-damage|p2b: Whimsicott|0 fnt\n|faint|p2b: Whimsicott\n|\n|upkeep\n|turn|8\n|\n|t:|1775983166\n|move|p2a: Gengar|Sludge Bomb|p1a: Primarina\n|-supereffective|p1a: Primarina|1\n|-damage|p1a: Primarina|10/100\n|move|p1a: Primarina|Hyper Voice|p2a: Gengar\n|-damage|p2a: Gengar|4/100\n|\n|-heal|p1a: Primarina|15/100|[from] item: Leftovers\n|upkeep\n|turn|9\n|\n|t:|1775983173\n|move|p1a: Primarina|Protect|p1a: Primarina\n|-singleturn|p1a: Primarina|Protect\n|move|p2a: Gengar|Sludge Bomb|p1a: Primarina\n|-activate|p1a: Primarina|move: Protect\n|\n|-heal|p1a: Primarina|21/100|[from] item: Leftovers\n|upkeep\n|turn|10\n|\n|t:|1775983175\n|move|p2a: Gengar|Sludge Bomb|p1a: Primarina\n|-supereffective|p1a: Primarina|1\n|-damage|p1a: Primarina|0 fnt\n|faint|p1a: Primarina\n|\n|win|radoovak\n|raw|Flipsicle's rating: 1407 &rarr; <strong>1382</strong><br />(-25 for losing)\n|raw|radoovak's rating: 1321 &rarr; <strong>1346</strong><br />(+25 for winning)\n|c|\u2606radoovak|gg\n|c|\u2606Flipsicle|gg\n|l|\u2606Flipsicle\n|player|p1|\n|l|\u2606radoovak\n|player|p2|\n",
  "uploadtime": 1775983189,
  "views": 27,
  "formatid": "gen9championsvgc2026regma",
  "rating": 1346,
  "private": 0,
  "password": null
}