{
  "id": "gen9championsvgc2026regma-2588445576",
  "format": "[Gen 9 Champions] VGC 2026 Reg M-A",
  "players": [
    "Vengeance0",
    "MaxwellhehexD"
  ],
  "log": "|j|\u2606Vengeance0\n|j|\u2606MaxwellhehexD\n|t:|1776634185\n|gametype|doubles\n|player|p1|Vengeance0|rosa|1270\n|player|p2|MaxwellhehexD|gambler|1209\n|gen|9\n|tier|[Gen 9 Champions] VGC 2026 Reg M-A\n|rated|\n|rule|Species Clause: Limit one of each Pok\u00e9mon\n|rule|Item Clause: Limit 1 of each item\n|clearpoke\n|poke|p1|Victreebel, L50, F|\n|poke|p1|Garchomp, L50, F|\n|poke|p1|Aerodactyl, L50, F|\n|poke|p1|Kingambit, L50, F|\n|poke|p1|Pelipper, L50, F|\n|poke|p1|Sneasler, L50, M|\n|poke|p2|Gardevoir, L50, M|\n|poke|p2|Blastoise, L50, M|\n|poke|p2|Pelipper, L50, M|\n|poke|p2|Kingambit, L50, F|\n|poke|p2|Sneasler, L50, F|\n|poke|p2|Sinistcha, L50|\n|teampreview|4\n|inactive|Battle timer is ON: inactive players will automatically lose when time's up. (requested by MaxwellhehexD)\nVengeance0 rejected open team sheets.\n|inactive|Vengeance0 has 60 seconds left.\n|\n|t:|1776634223\n|teamsize|p1|4\n|teamsize|p2|4\n|start\n|switch|p1a: Victreebel|Victreebel, L50, F|100/100\n|switch|p1b: Aerodactyl|Aerodactyl, L50, F|100/100\n|switch|p2a: Blastoise|Blastoise, L50, M|100/100\n|switch|p2b: Pelipper|Pelipper, L50, M|100/100\n|-ability|p1b: Aerodactyl|Unnerve\n|-weather|RainDance|[from] ability: Drizzle|[of] p2b: Pelipper\n|turn|1\n|inactive|MaxwellhehexD has 30 seconds left.\n|\n|t:|1776634255\n|detailschange|p2a: Blastoise|Blastoise-Mega, L50, M\n|-mega|p2a: Blastoise|Blastoise|Blastoisinite\n|detailschange|p1a: Victreebel|Victreebel-Mega, L50, F\n|-mega|p1a: Victreebel|Victreebel|Victreebelite\n|move|p2a: Blastoise|Fake Out|p1b: Aerodactyl\n|-resisted|p1b: Aerodactyl|1\n|-damage|p1b: Aerodactyl|93/100\n|cant|p1b: Aerodactyl|flinch\n|move|p2b: Pelipper|Tailwind|p2b: Pelipper\n|-sidestart|p2: MaxwellhehexD|move: Tailwind\n|move|p1a: Victreebel|Energy Ball|p2a: Blastoise\n|-supereffective|p2a: Blastoise|1\n|-damage|p2a: Blastoise|5/100\n|\n|-weather|RainDance|[upkeep]\n|upkeep\n|turn|2\n|inactive|MaxwellhehexD has 30 seconds left.\n|\n|t:|1776634286\n|switch|p2a: Sneasler|Sneasler, L50, F|100/100\n|move|p1a: Victreebel|Protect|p1a: Victreebel\n|-singleturn|p1a: Victreebel|Protect\n|move|p2b: Pelipper|Hurricane|p1a: Victreebel\n|-activate|p1a: Victreebel|move: Protect\n|move|p1b: Aerodactyl|Tailwind|p1b: Aerodactyl\n|-sidestart|p1: Vengeance0|move: Tailwind\n|\n|-weather|RainDance|[upkeep]\n|upkeep\n|turn|3\n|\n|t:|1776634304\n|switch|p1a: Kingambit|Kingambit, L50, F|100/100\n|move|p1b: Aerodactyl|Protect|p1b: Aerodactyl\n|-singleturn|p1b: Aerodactyl|Protect\n|move|p2a: Sneasler|Fake Out|p1b: Aerodactyl\n|-activate|p1b: Aerodactyl|move: Protect\n|move|p2b: Pelipper|Hurricane|p1a: Kingambit\n|-resisted|p1a: Kingambit|1\n|-damage|p1a: Kingambit|77/100\n|\n|-weather|RainDance|[upkeep]\n|upkeep\n|turn|4\n|\n|t:|1776634323\n|move|p1a: Kingambit|Protect|p1a: Kingambit\n|-singleturn|p1a: Kingambit|Protect\n|move|p1b: Aerodactyl|Dual Wingbeat|p2a: Sneasler\n|-supereffective|p2a: Sneasler|1\n|-damage|p2a: Sneasler|42/100\n|-supereffective|p2a: Sneasler|1\n|-damage|p2a: Sneasler|0 fnt\n|faint|p2a: Sneasler\n|-hitcount|p2: Sneasler|2\n|move|p2b: Pelipper|Muddy Water|p1b: Aerodactyl|[spread] p1b\n|-activate|p1a: Kingambit|move: Protect\n|-supereffective|p1b: Aerodactyl|1\n|-damage|p1b: Aerodactyl|0 fnt\n|faint|p1b: Aerodactyl\n|\n|-weather|RainDance|[upkeep]\n|-sideend|p2: MaxwellhehexD|move: Tailwind\n|upkeep\n|\n|t:|1776634338\n|switch|p1b: Victreebel|Victreebel-Mega, L50, F|100/100\n|switch|p2a: Sinistcha|Sinistcha, L50|100/100\n|turn|5\n|\n|t:|1776634355\n|move|p1b: Victreebel|Protect|p1b: Victreebel\n|-singleturn|p1b: Victreebel|Protect\n|move|p1a: Kingambit|Kowtow Cleave|p2a: Sinistcha\n|-supereffective|p2a: Sinistcha|1\n|-damage|p2a: Sinistcha|0 fnt\n|faint|p2a: Sinistcha\n|move|p2b: Pelipper|Hurricane|p1b: Victreebel\n|-activate|p1b: Victreebel|move: Protect\n|\n|-weather|none\n|-sideend|p1: Vengeance0|move: Tailwind\n|upkeep\n|\n|t:|1776634358\n|switch|p2a: Blastoise|Blastoise-Mega, L50, M|5/100\n|turn|6\n|\n|t:|1776634372\n|move|p1a: Kingambit|Sucker Punch|p2a: Blastoise\n|-damage|p2a: Blastoise|0 fnt\n|faint|p2a: Blastoise\n|move|p2b: Pelipper|Hurricane|p1b: Victreebel\n|-supereffective|p1b: Victreebel|1\n|-damage|p1b: Victreebel|0 fnt\n|-damage|p2b: Pelipper|0 fnt|[from] ability: Innards Out|[of] p1b: Victreebel\n|faint|p1b: Victreebel\n|faint|p2b: Pelipper\n|\n|win|Vengeance0\n|raw|Vengeance0's rating: 1270 &rarr; <strong>1291</strong><br />(+21 for winning)\n|raw|MaxwellhehexD's rating: 1209 &rarr; <strong>1188</strong><br />(-21 for losing)\n|l|\u2606MaxwellhehexD\n|player|p2|\n",
  "uploadtime": 1776634380,
  "views": 11,
  "formatid": "gen9championsvgc2026regma",
  "rating": 1188,
  "private": 0,
  "password": null
}