{
  "id": "gen9championsvgc2026regma-2585859603",
  "format": "[Gen 9 Champions] VGC 2026 Reg M-A",
  "players": [
    "d280706",
    "test123vgc456"
  ],
  "log": "|j|\u2606d280706\n|j|\u2606test123vgc456\n|t:|1776376178\n|gametype|doubles\n|player|p1|d280706|169|1155\n|player|p2|test123vgc456|1|1207\n|gen|9\n|tier|[Gen 9 Champions] VGC 2026 Reg M-A\n|rated|\n|rule|Species Clause: Limit one of each Pok\u00e9mon\n|rule|Item Clause: Limit 1 of each item\n|clearpoke\n|poke|p1|Charizard, L50, M|\n|poke|p1|Whimsicott, L50, M|\n|poke|p1|Venusaur, L50, M|\n|poke|p1|Garchomp, L50, M|\n|poke|p1|Typhlosion-Hisui, L50, M|\n|poke|p1|Corviknight, L50, F|\n|poke|p2|Gengar, L50, F|\n|poke|p2|Floette-Eternal, L50, F|\n|poke|p2|Kangaskhan, L50, F|\n|poke|p2|Aegislash, L50, F|\n|poke|p2|Tauros-Paldea-Aqua, L50, M|\n|poke|p2|Aerodactyl, L50, M|\n|teampreview|4\n|\n|t:|1776376221\n|teamsize|p1|4\n|teamsize|p2|4\n|start\n|switch|p1a: Whimsicott|Whimsicott, L50, M, shiny|100/100\n|switch|p1b: Typhlosion|Typhlosion-Hisui, L50, M, shiny|100/100\n|switch|p2a: Kangaskhan|Kangaskhan, L50, F|100/100\n|switch|p2b: Gengar|Gengar, L50, F|100/100\n|-item|p2a: Kangaskhan|Kangaskhanite|[from] ability: Frisk|[of] p1b: Typhlosion\n|-item|p2b: Gengar|Choice Scarf|[from] ability: Frisk|[of] p1b: Typhlosion\n|turn|1\n|inactive|Battle timer is ON: inactive players will automatically lose when time's up. (requested by test123vgc456)\n|inactive|d280706 has 60 seconds left.\n|\n|t:|1776376258\n|switch|p1b: Venusaur|Venusaur, L50, M|100/100\n|move|p2a: Kangaskhan|Fake Out|p1b: Venusaur\n|-damage|p1b: Venusaur|75/100\n|move|p1a: Whimsicott|Tailwind|p1a: Whimsicott\n|-sidestart|p1: d280706|move: Tailwind\n|move|p2b: Gengar|Icy Wind|p1a: Whimsicott|[spread] p1a,p1b\n|-supereffective|p1a: Whimsicott|1\n|-supereffective|p1b: Venusaur|1\n|-damage|p1a: Whimsicott|66/100\n|-damage|p1b: Venusaur|44/100\n|-unboost|p1a: Whimsicott|spe|1\n|-unboost|p1b: Venusaur|spe|1\n|\n|upkeep\n|turn|2\n|inactive|test123vgc456 has 30 seconds left.\n|\n|t:|1776376284\n|switch|p1b: Typhlosion|Typhlosion-Hisui, L50, M, shiny|100/100\n|-item|p2a: Kangaskhan|Kangaskhanite|[from] ability: Frisk|[of] p1b: Typhlosion\n|-item|p2b: Gengar|Choice Scarf|[from] ability: Frisk|[of] p1b: Typhlosion\n|detailschange|p2a: Kangaskhan|Kangaskhan-Mega, L50, F\n|-mega|p2a: Kangaskhan|Kangaskhan|Kangaskhanite\n|move|p1a: Whimsicott|Encore|p2a: Kangaskhan\n|-start|p2a: Kangaskhan|Encore\n|move|p2a: Kangaskhan|Fake Out||[still]\n|-hint|Fake Out only works on your first turn out.\n|-fail|p2a: Kangaskhan\n|move|p2b: Gengar|Icy Wind|p1b: Typhlosion|[spread] p1a,p1b\n|-supereffective|p1a: Whimsicott|1\n|-resisted|p1b: Typhlosion|1\n|-damage|p1a: Whimsicott|26/100\n|-damage|p1b: Typhlosion|93/100\n|-unboost|p1a: Whimsicott|spe|1\n|-unboost|p1b: Typhlosion|spe|1\n|\n|upkeep\n|turn|3\n|\n|t:|1776376305\n|switch|p2a: Tauros|Tauros-Paldea-Aqua, L50, M|100/100\n|-ability|p2a: Tauros|Intimidate|boost\n|-unboost|p1a: Whimsicott|atk|1\n|-unboost|p1b: Typhlosion|atk|1\n|move|p1a: Whimsicott|Sunny Day|p1a: Whimsicott\n|-weather|SunnyDay\n|move|p1b: Typhlosion|Eruption|p2a: Tauros|[spread] p2a,p2b\n|-resisted|p2a: Tauros|1\n|-damage|p2a: Tauros|43/100\n|-damage|p2b: Gengar|0 fnt\n|faint|p2b: Gengar\n|\n|-weather|SunnyDay|[upkeep]\n|upkeep\n|\n|t:|1776376321\n|switch|p2b: Aerodactyl|Aerodactyl, L50, M|100/100\n|-ability|p2b: Aerodactyl|Unnerve\n|turn|4\n|inactive|d280706 has 30 seconds left.\n|\n|t:|1776376350\n|move|p2a: Tauros|Protect|p2a: Tauros\n|-singleturn|p2a: Tauros|Protect\n|move|p1b: Typhlosion|Eruption|p2b: Aerodactyl|[spread] p2b\n|-activate|p2a: Tauros|move: Protect\n|-resisted|p2b: Aerodactyl|1\n|-damage|p2b: Aerodactyl|48/100\n|move|p2b: Aerodactyl|Rock Slide|p1a: Whimsicott|[spread] p1a,p1b\n|-supereffective|p1b: Typhlosion|1\n|-damage|p1a: Whimsicott|0 fnt\n|-damage|p1b: Typhlosion|32/100\n|faint|p1a: Whimsicott\n|\n|-weather|SunnyDay|[upkeep]\n|-sideend|p1: d280706|move: Tailwind\n|upkeep\n|\n|t:|1776376364\n|switch|p1a: Venusaur|Venusaur, L50, M|44/100\n|turn|5\n|\n|t:|1776376373\n|move|p2a: Tauros|Aqua Jet|p1b: Typhlosion\n|-supereffective|p1b: Typhlosion|1\n|-damage|p1b: Typhlosion|11/100\n|move|p1a: Venusaur|Energy Ball|p2a: Tauros\n|-supereffective|p2a: Tauros|1\n|-damage|p2a: Tauros|0 fnt\n|faint|p2a: Tauros\n|move|p2b: Aerodactyl|Tailwind|p2b: Aerodactyl\n|-sidestart|p2: test123vgc456|move: Tailwind\n|move|p1b: Typhlosion|Eruption|p2b: Aerodactyl\n|-resisted|p2b: Aerodactyl|1\n|-damage|p2b: Aerodactyl|39/100\n|\n|-weather|SunnyDay|[upkeep]\n|upkeep\n|\n|t:|1776376383\n|switch|p2a: Kangaskhan|Kangaskhan-Mega, L50, F|100/100\n|turn|6\n|\n|t:|1776376391\n|move|p1a: Venusaur|Protect|p1a: Venusaur\n|-singleturn|p1a: Venusaur|Protect\n|move|p2b: Aerodactyl|Rock Slide|p1b: Typhlosion|[spread] p1b\n|-activate|p1a: Venusaur|move: Protect\n|-supereffective|p1b: Typhlosion|1\n|-damage|p1b: Typhlosion|0 fnt\n|faint|p1b: Typhlosion\n|move|p2a: Kangaskhan|Double-Edge|p1a: Venusaur\n|-activate|p1a: Venusaur|move: Protect\n|\n|-weather|SunnyDay|[upkeep]\n|upkeep\n|\n|t:|1776376399\n|switch|p1b: Charizard|Charizard, L50, M, shiny|100/100\n|turn|7\n|\n|t:|1776376414\n|move|p1b: Charizard|Protect|p1b: Charizard\n|-singleturn|p1b: Charizard|Protect\n|move|p2b: Aerodactyl|Rock Slide|p1a: Venusaur|[spread] p1a\n|-activate|p1b: Charizard|move: Protect\n|-damage|p1a: Venusaur|12/100\n|move|p1a: Venusaur|Sleep Powder|p2a: Kangaskhan\n|-status|p2a: Kangaskhan|slp|[from] move: Sleep Powder\n|cant|p2a: Kangaskhan|slp\n|\n|-weather|none\n|upkeep\n|turn|8\n|inactive|d280706 has 30 seconds left.\n|inactive|d280706 has 20 seconds left.\n|\n|t:|1776376453\n|detailschange|p1b: Charizard|Charizard-Mega-Y, L50, M, shiny\n|-mega|p1b: Charizard|Charizard|Charizardite Y\n|-weather|SunnyDay|[from] ability: Drought|[of] p1b: Charizard\n|cant|p2a: Kangaskhan|slp\n|move|p2b: Aerodactyl|Rock Slide|p1b: Charizard|[spread] p1a,p1b\n|-supereffective|p1b: Charizard|2\n|-damage|p1a: Venusaur|0 fnt\n|-damage|p1b: Charizard|0 fnt\n|faint|p1a: Venusaur\n|faint|p1b: Charizard\n|\n|win|test123vgc456\n|raw|d280706's rating: 1155 &rarr; <strong>1134</strong><br />(-21 for losing)\n|raw|test123vgc456's rating: 1207 &rarr; <strong>1228</strong><br />(+21 for winning)\n|l|\u2606d280706\n|player|p1|\n",
  "uploadtime": 1776376486,
  "views": 18,
  "formatid": "gen9championsvgc2026regma",
  "rating": 1134,
  "private": 0,
  "password": null
}