{
  "id": "gen9championsvgc2026regma-2584136431",
  "format": "[Gen 9 Champions] VGC 2026 Reg M-A",
  "players": [
    "retrojp",
    "jnastythefirst"
  ],
  "log": "|j|\u2606retrojp\n|j|\u2606jnastythefirst\n|t:|1776229272\n|gametype|doubles\n|player|p1|retrojp|101|1152\n|player|p2|jnastythefirst|2|1122\n|gen|9\n|tier|[Gen 9 Champions] VGC 2026 Reg M-A\n|rated|\n|rule|Species Clause: Limit one of each Pok\u00e9mon\n|rule|Item Clause: Limit 1 of each item\n|clearpoke\n|poke|p1|Aggron, L50, M|\n|poke|p1|Aerodactyl, L50, M|\n|poke|p1|Hydreigon, L50, M|\n|poke|p1|Tyranitar, L50, M|\n|poke|p1|Sneasler, L50, M|\n|poke|p1|Sinistcha, L50|\n|poke|p2|Meganium, L50, M|\n|poke|p2|Aerodactyl, L50, F|\n|poke|p2|Archaludon, L50, M|\n|poke|p2|Typhlosion-Hisui, L50, F|\n|poke|p2|Tauros-Paldea-Aqua, L50, M|\n|poke|p2|Kangaskhan, L50, F|\n|teampreview|4\n|inactive|Battle timer is ON: inactive players will automatically lose when time's up. (requested by retrojp)\n|\n|t:|1776229307\n|teamsize|p1|4\n|teamsize|p2|4\n|start\n|switch|p1a: Aggron|Aggron, L50, M|100/100\n|switch|p1b: Sneasler|Sneasler, L50, M|100/100\n|switch|p2a: Kangaskhan|Kangaskhan, L50, F|100/100\n|switch|p2b: Aerodactyl|Aerodactyl, L50, F|100/100\n|-ability|p2b: Aerodactyl|Unnerve\n|-ability|p1b: Sneasler|Pressure\n|turn|1\n|inactive|jnastythefirst has 30 seconds left.\n|\n|t:|1776229335\n|move|p1b: Sneasler|Fake Out|p2a: Kangaskhan\n|-damage|p2a: Kangaskhan|85/100\n|move|p2a: Kangaskhan|Fake Out|p1a: Aggron\n|-resisted|p1a: Aggron|2\n|-damage|p1a: Aggron|99/100\n|move|p2b: Aerodactyl|Dual Wingbeat|p1b: Sneasler|[miss]\n|-miss|p2b: Aerodactyl|p1b: Sneasler\n|cant|p1a: Aggron|flinch\n|\n|upkeep\n|turn|2\n|inactive|jnastythefirst has 30 seconds left.\n|\n|t:|1776229363\n|switch|p2a: Archaludon|Archaludon, L50, M|100/100\n|move|p2b: Aerodactyl|Dual Wingbeat|p1b: Sneasler\n|-supereffective|p1b: Sneasler|1\n|-damage|p1b: Sneasler|49/100\n|-supereffective|p1b: Sneasler|1\n|-damage|p1b: Sneasler|0 fnt\n|faint|p1b: Sneasler\n|-hitcount|p1: Sneasler|2\n|move|p1a: Aggron|Iron Defense|p1a: Aggron\n|-boost|p1a: Aggron|def|2\n|\n|upkeep\n|\n|t:|1776229379\n|switch|p1b: Aerodactyl|Aerodactyl, L50, M|100/100\n|-ability|p1b: Aerodactyl|Unnerve\n|turn|3\n|\n|t:|1776229390\n|detailschange|p1a: Aggron|Aggron-Mega, L50, M\n|-mega|p1a: Aggron|Aggron|Aggronite\n|move|p2a: Archaludon|Protect|p2a: Archaludon\n|-singleturn|p2a: Archaludon|Protect\n|move|p2b: Aerodactyl|Tailwind|p2b: Aerodactyl\n|-sidestart|p2: jnastythefirst|move: Tailwind\n|move|p1b: Aerodactyl|Rock Slide|p2a: Archaludon|[spread] p2b\n|-activate|p2a: Archaludon|move: Protect\n|-supereffective|p2b: Aerodactyl|1\n|-damage|p2b: Aerodactyl|24/100\n|move|p1a: Aggron|Body Press|p2a: Archaludon\n|-activate|p2a: Archaludon|move: Protect\n|\n|upkeep\n|turn|4\n|\n|t:|1776229405\n|move|p2b: Aerodactyl|Rock Slide|p1a: Aggron|[spread] p1a,p1b\n|-resisted|p1a: Aggron|1\n|-supereffective|p1b: Aerodactyl|1\n|-damage|p1a: Aggron|96/100\n|-damage|p1b: Aerodactyl|24/100\n|move|p2a: Archaludon|Thunderbolt|p1b: Aerodactyl\n|-supereffective|p1b: Aerodactyl|1\n|-damage|p1b: Aerodactyl|0 fnt\n|faint|p1b: Aerodactyl\n|cant|p1a: Aggron|flinch\n|\n|upkeep\n|\n|t:|1776229415\n|switch|p1b: Sinistcha|Sinistcha, L50|100/100\n|-heal|p1a: Aggron|100/100|[from] ability: Hospitality|[of] p1b: Sinistcha\n|turn|5\n|\n|t:|1776229425\n|move|p2a: Archaludon|Protect|p2a: Archaludon\n|-singleturn|p2a: Archaludon|Protect\n|move|p2b: Aerodactyl|Dual Wingbeat|p1b: Sinistcha\n|-supereffective|p1b: Sinistcha|1\n|-damage|p1b: Sinistcha|75/100\n|-supereffective|p1b: Sinistcha|1\n|-damage|p1b: Sinistcha|52/100\n|-hitcount|p1b: Sinistcha|2\n|move|p1b: Sinistcha|Life Dew||[still]|[spread] p1a,p1b\n|-fail|p1a: Aggron|heal\n|-heal|p1b: Sinistcha|77/100\n|move|p1a: Aggron|Body Press|p2a: Archaludon\n|-activate|p2a: Archaludon|move: Protect\n|\n|upkeep\n|turn|6\n|inactive|jnastythefirst has 30 seconds left.\n|\n|t:|1776229452\n|switch|p2a: Typhlosion|Typhlosion-Hisui, L50, F|100/100\n|-item|p1a: Aggron|Aggronite|[from] ability: Frisk|[of] p2a: Typhlosion\n|-item|p1b: Sinistcha|Occa Berry|[from] ability: Frisk|[of] p2a: Typhlosion\n|move|p2b: Aerodactyl|Dual Wingbeat|p1b: Sinistcha\n|-supereffective|p1b: Sinistcha|1\n|-damage|p1b: Sinistcha|49/100\n|-supereffective|p1b: Sinistcha|1\n|-damage|p1b: Sinistcha|25/100\n|-hitcount|p1b: Sinistcha|2\n|move|p1b: Sinistcha|Life Dew||[still]|[spread] p1a,p1b\n|-fail|p1a: Aggron|heal\n|-heal|p1b: Sinistcha|50/100\n|move|p1a: Aggron|Body Press|p2b: Aerodactyl\n|-damage|p2b: Aerodactyl|0 fnt\n|faint|p2b: Aerodactyl\n|\n|-sideend|p2: jnastythefirst|move: Tailwind\n|upkeep\n|\n|t:|1776229467\n|switch|p2b: Kangaskhan|Kangaskhan, L50, F|85/100\n|turn|7\n|\n|t:|1776229480\n|detailschange|p2b: Kangaskhan|Kangaskhan-Mega, L50, F\n|-mega|p2b: Kangaskhan|Kangaskhan|Kangaskhanite\n|move|p1a: Aggron|Protect|p1a: Aggron\n|-singleturn|p1a: Aggron|Protect\n|move|p2b: Kangaskhan|Sucker Punch||[still]\n|-fail|p2b: Kangaskhan\n|move|p2a: Typhlosion|Eruption|p1a: Aggron|[spread] p1b\n|-activate|p1a: Aggron|move: Protect\n|-supereffective|p1b: Sinistcha|1\n|-enditem|p1b: Sinistcha|Occa Berry|[eat]\n|-enditem|p1b: Sinistcha|Occa Berry|[weaken]\n|-damage|p1b: Sinistcha|0 fnt\n|faint|p1b: Sinistcha\n|\n|upkeep\n|turn|8\n|\n|t:|1776229499\n|move|p2a: Typhlosion|Eruption|p1a: Aggron\n|-supereffective|p1a: Aggron|1\n|-damage|p1a: Aggron|0 fnt\n|faint|p1a: Aggron\n|\n|win|jnastythefirst\n|raw|retrojp's rating: 1152 &rarr; <strong>1125</strong><br />(-27 for losing)\n|raw|jnastythefirst's rating: 1122 &rarr; <strong>1149</strong><br />(+27 for winning)\n|c|\u2606retrojp|Gg\n|c|\u2606jnastythefirst|Ggs\n",
  "uploadtime": 1776229517,
  "views": 17,
  "formatid": "gen9championsvgc2026regma",
  "rating": 1125,
  "private": 0,
  "password": null
}