{
  "id": "gen9championsvgc2026regma-2584231639",
  "format": "[Gen 9 Champions] VGC 2026 Reg M-A",
  "players": [
    "Elias Evernhart",
    "RandomGuyInSchool"
  ],
  "log": "|j|\u2606Elias Evernhart\n|j|\u2606RandomGuyInSchool\n|t:|1776241094\n|gametype|doubles\n|player|p1|Elias Evernhart|266|1055\n|player|p2|RandomGuyInSchool|schoolkid-gen4|1069\n|gen|9\n|tier|[Gen 9 Champions] VGC 2026 Reg M-A\n|rated|\n|rule|Species Clause: Limit one of each Pok\u00e9mon\n|rule|Item Clause: Limit 1 of each item\n|clearpoke\n|poke|p1|Drampa, L50, M|\n|poke|p1|Sinistcha, L50|\n|poke|p1|Alakazam, L50, F|\n|poke|p1|Whimsicott, L50, F|\n|poke|p1|Gengar, L50, F|\n|poke|p1|Primarina, L50, F|\n|poke|p2|Incineroar, L50, F|\n|poke|p2|Farigiraf, L50, M|\n|poke|p2|Whimsicott, L50, F|\n|poke|p2|Gengar, L50, M|\n|poke|p2|Rotom-Wash, L50|\n|poke|p2|Decidueye-Hisui, L50, F|\n|teampreview|4\n|inactive|Battle timer is ON: inactive players will automatically lose when time's up. (requested by RandomGuyInSchool)\nRandomGuyInSchool rejected open team sheets.\n|inactive|Elias Evernhart has 60 seconds left.\n|inactive|RandomGuyInSchool has 60 seconds left.\n|\n|t:|1776241134\n|teamsize|p1|4\n|teamsize|p2|4\n|start\n|switch|p1a: Drampa|Drampa, L50, M|100/100\n|switch|p1b: Primarina|Primarina, L50, F|100/100\n|switch|p2a: Gengar|Gengar, L50, M|100/100\n|switch|p2b: Whimsicott|Whimsicott, L50, F|100/100\n|turn|1\n|\n|t:|1776241155\n|detailschange|p2a: Gengar|Gengar-Mega, L50, M\n|-mega|p2a: Gengar|Gengar|Gengarite\n|detailschange|p1a: Drampa|Drampa-Mega, L50, M\n|-mega|p1a: Drampa|Drampa|Drampanite\n|move|p2a: Gengar|Nasty Plot|p2a: Gengar\n|-boost|p2a: Gengar|spa|2\n|move|p2b: Whimsicott|Moonblast|p1a: Drampa\n|-supereffective|p1a: Drampa|1\n|-damage|p1a: Drampa|18/100\n|-ability|p1a: Drampa|Berserk|boost\n|-boost|p1a: Drampa|spa|1\n|move|p1a: Drampa|Earth Power|p2a: Gengar\n|-supereffective|p2a: Gengar|1\n|-damage|p2a: Gengar|0 fnt\n|faint|p2a: Gengar\n|move|p1b: Primarina|Calm Mind|p1b: Primarina\n|-boost|p1b: Primarina|spa|1\n|-boost|p1b: Primarina|spd|1\n|\n|upkeep\n|\n|t:|1776241172\n|switch|p2a: Decidueye|Decidueye-Hisui, L50, F|100/100\n|turn|2\n|\n|t:|1776241181\n|switch|p1b: Sinistcha|Sinistcha, L50|100/100\n|-heal|p1a: Drampa|43/100|[from] ability: Hospitality|[of] p1b: Sinistcha\n|move|p1a: Drampa|Protect|p1a: Drampa\n|-singleturn|p1a: Drampa|Protect\n|move|p2b: Whimsicott|Encore||[still]\n|-fail|p2b: Whimsicott\n|move|p2a: Decidueye|Triple Arrows|p1a: Drampa\n|-activate|p1a: Drampa|move: Protect\n|\n|upkeep\n|turn|3\n|inactive|Elias Evernhart has 30 seconds left.\n|inactive|RandomGuyInSchool has 30 seconds left.\n|inactive|Elias Evernhart has 20 seconds left.\n|\n|t:|1776241218\n|switch|p1a: Alakazam|Alakazam, L50, F|100/100\n|move|p2b: Whimsicott|Moonblast|p1a: Alakazam\n|-damage|p1a: Alakazam|47/100\n|-enditem|p1a: Alakazam|Sitrus Berry|[eat]\n|-heal|p1a: Alakazam|72/100|[from] item: Sitrus Berry\n|move|p2a: Decidueye|Triple Arrows|p1b: Sinistcha\n|-crit|p1b: Sinistcha\n|-damage|p1b: Sinistcha|48/100\n|-unboost|p1b: Sinistcha|def|1\n|move|p1b: Sinistcha|Shadow Ball|p2a: Decidueye\n|-crit|p2a: Decidueye\n|-damage|p2a: Decidueye|32/100\n|\n|upkeep\n|turn|4\n|inactive|Elias Evernhart has 30 seconds left.\n|\n|t:|1776241252\n|move|p2b: Whimsicott|Tailwind|p2b: Whimsicott\n|-sidestart|p2: RandomGuyInSchool|move: Tailwind\n|move|p2a: Decidueye|Triple Arrows|p1b: Sinistcha\n|-damage|p1b: Sinistcha|0 fnt\n|faint|p1b: Sinistcha\n|move|p1a: Alakazam|Psychic|p2a: Decidueye\n|-supereffective|p2a: Decidueye|1\n|-damage|p2a: Decidueye|0 fnt\n|faint|p2a: Decidueye\n|\n|upkeep\n|\n|t:|1776241265\n|switch|p2a: Incineroar|Incineroar, L50, F|100/100\n|switch|p1b: Primarina|Primarina, L50, F|100/100\n|-ability|p2a: Incineroar|Intimidate|boost\n|-fail|p1a: Alakazam|unboost|Attack|[from] ability: Inner Focus|[of] p1a: Alakazam\n|-unboost|p1b: Primarina|atk|1\n|turn|5\n|\n|t:|1776241289\n|move|p2a: Incineroar|Fake Out|p1b: Primarina\n|-damage|p1b: Primarina|88/100\n|move|p2b: Whimsicott|Moonblast|p1a: Alakazam\n|-damage|p1a: Alakazam|19/100\n|move|p1a: Alakazam|Speed Swap|p1b: Primarina\n|-activate|p1a: Alakazam|move: Speed Swap|[of] p1b: Primarina\n|cant|p1b: Primarina|flinch\n|\n|-heal|p1b: Primarina|94/100|[from] item: Leftovers\n|upkeep\n|turn|6\n|inactive|RandomGuyInSchool has 30 seconds left.\n|inactive|RandomGuyInSchool has 20 seconds left.\n|inactive|RandomGuyInSchool has 15 seconds left.\n|\n|t:|1776241331\n|move|p2b: Whimsicott|Moonblast|p1a: Alakazam\n|-damage|p1a: Alakazam|0 fnt\n|faint|p1a: Alakazam\n|move|p1b: Primarina|Hyper Voice|p2b: Whimsicott|[spread] p2a,p2b\n|-supereffective|p2a: Incineroar|1\n|-resisted|p2b: Whimsicott|1\n|-damage|p2a: Incineroar|49/100\n|-damage|p2b: Whimsicott|68/100\n|-enditem|p2a: Incineroar|Sitrus Berry|[eat]\n|-heal|p2a: Incineroar|74/100|[from] item: Sitrus Berry\n|move|p2a: Incineroar|Parting Shot|p1b: Primarina\n|-unboost|p1b: Primarina|atk|1\n|-unboost|p1b: Primarina|spa|1\n|\n|-heal|p1b: Primarina|99/100|[from] item: Leftovers\n|upkeep\n|\n|t:|1776241338\n|switch|p1a: Drampa|Drampa-Mega, L50, M|43/100\n|turn|7\n|\n|t:|1776241352\n|move|p1a: Drampa|Protect|p1a: Drampa\n|-singleturn|p1a: Drampa|Protect\n|move|p2b: Whimsicott|Moonblast|p1a: Drampa\n|-activate|p1a: Drampa|move: Protect\n|move|p1b: Primarina|Ice Beam|p2b: Whimsicott\n|-supereffective|p2b: Whimsicott|1\n|-damage|p2b: Whimsicott|0 fnt\n|faint|p2b: Whimsicott\n|move|p2a: Incineroar|Parting Shot|p1b: Primarina\n|-unboost|p1b: Primarina|atk|1\n|-unboost|p1b: Primarina|spa|1\n|\n|-heal|p1b: Primarina|100/100|[from] item: Leftovers\n|-sideend|p2: RandomGuyInSchool|move: Tailwind\n|upkeep\n|turn|8\n|-message|RandomGuyInSchool forfeited.\n|\n|win|Elias Evernhart\n|raw|Elias Evernhart's rating: 1055 &rarr; <strong>1088</strong><br />(+33 for winning)\n|raw|RandomGuyInSchool's rating: 1069 &rarr; <strong>1048</strong><br />(-21 for losing)\n",
  "uploadtime": 1776241374,
  "views": 17,
  "formatid": "gen9championsvgc2026regma",
  "rating": 1048,
  "private": 0,
  "password": null
}