{
  "id": "gen9championsvgc2026regma-2583684590",
  "format": "[Gen 9 Champions] VGC 2026 Reg M-A",
  "players": [
    "All-StarVGC",
    "captainbader224"
  ],
  "log": "|j|\u2606All-StarVGC\n|j|\u2606captainbader224\n|t:|1776190891\n|gametype|doubles\n|player|p1|All-StarVGC|red|1056\n|player|p2|captainbader224|266|1082\n|gen|9\n|tier|[Gen 9 Champions] VGC 2026 Reg M-A\n|rated|\n|rule|Species Clause: Limit one of each Pok\u00e9mon\n|rule|Item Clause: Limit 1 of each item\n|clearpoke\n|poke|p1|Incineroar, L50, M|\n|poke|p1|Archaludon, L50, M|\n|poke|p1|Pelipper, L50, M|\n|poke|p1|Floette-Eternal, L50, F|\n|poke|p1|Meganium, L50, M|\n|poke|p1|Sinistcha, L50|\n|poke|p2|Hawlucha, L50, M|\n|poke|p2|Krookodile, L50, M|\n|poke|p2|Whimsicott, L50, F|\n|poke|p2|Charizard, L50, M|\n|poke|p2|Typhlosion-Hisui, L50, F|\n|poke|p2|Weavile, L50, F|\n|teampreview|4\ncaptainbader224 rejected open team sheets.\n|\n|t:|1776190914\n|teamsize|p1|4\n|teamsize|p2|4\n|start\n|switch|p1a: Incineroar|Incineroar, L50, M|100/100\n|switch|p1b: Floette|Floette-Eternal, L50, F|100/100\n|switch|p2a: Whimsicott|Whimsicott, L50, F|100/100\n|switch|p2b: Typhlosion|Typhlosion-Hisui, L50, F|100/100\n|-item|p1a: Incineroar|Sitrus Berry|[from] ability: Frisk|[of] p2b: Typhlosion\n|-item|p1b: Floette|Floettite|[from] ability: Frisk|[of] p2b: Typhlosion\n|-ability|p1a: Incineroar|Intimidate|boost\n|-unboost|p2a: Whimsicott|atk|1\n|-unboost|p2b: Typhlosion|atk|1\n|turn|1\n|\n|t:|1776190932\n|detailschange|p1b: Floette|Floette-Mega, L50, F\n|-mega|p1b: Floette|Floette|Floettite\n|-ability|p1b: Floette|Fairy Aura\n|move|p2a: Whimsicott|Sunny Day|p2a: Whimsicott\n|-weather|SunnyDay\n|move|p2b: Typhlosion|Eruption|p1a: Incineroar|[spread] p1a,p1b\n|-resisted|p1a: Incineroar|1\n|-damage|p1a: Incineroar|59/100\n|-damage|p1b: Floette|21/100\n|move|p1b: Floette|Dazzling Gleam|p2b: Typhlosion|[spread] p2a,p2b\n|-resisted|p2b: Typhlosion|1\n|-damage|p2a: Whimsicott|28/100\n|-damage|p2b: Typhlosion|64/100\n|move|p1a: Incineroar|Flare Blitz|p2a: Whimsicott\n|-supereffective|p2a: Whimsicott|1\n|-damage|p2a: Whimsicott|0 fnt\n|faint|p2a: Whimsicott\n|-damage|p1a: Incineroar|51/100|[from] Recoil\n|\n|-weather|SunnyDay|[upkeep]\n|upkeep\n|\n|t:|1776190954\n|switch|p2a: Hawlucha|Hawlucha, L50, M|100/100\n|turn|2\n|\n|t:|1776190964\n|detailschange|p2a: Hawlucha|Hawlucha-Mega, L50, M\n|-mega|p2a: Hawlucha|Hawlucha|Hawluchanite\n|move|p2b: Typhlosion|Eruption|p1b: Floette|[spread] p1a,p1b\n|-resisted|p1a: Incineroar|1\n|-damage|p1a: Incineroar|26/100\n|-damage|p1b: Floette|0 fnt\n|-enditem|p1a: Incineroar|Sitrus Berry|[eat]\n|-heal|p1a: Incineroar|50/100|[from] item: Sitrus Berry\n|faint|p1b: Floette\n|move|p2a: Hawlucha|Cross Chop|p1a: Incineroar\n|-supereffective|p1a: Incineroar|1\n|-damage|p1a: Incineroar|0 fnt\n|faint|p1a: Incineroar\n|\n|-weather|SunnyDay|[upkeep]\n|upkeep\n|\n|t:|1776190977\n|switch|p1b: Archaludon|Archaludon, L50, M|100/100\n|switch|p1a: Pelipper|Pelipper, L50, M|100/100\n|-weather|RainDance|[from] ability: Drizzle|[of] p1a: Pelipper\n|turn|3\n|\n|t:|1776190996\n|move|p2a: Hawlucha|Detect|p2a: Hawlucha\n|-singleturn|p2a: Hawlucha|Protect\n|move|p2b: Typhlosion|Eruption|p1b: Archaludon|[spread] p1a,p1b\n|-resisted|p1a: Pelipper|1\n|-damage|p1a: Pelipper|85/100\n|-damage|p1b: Archaludon|71/100\n|-ability|p1b: Archaludon|Stamina|boost\n|-boost|p1b: Archaludon|def|1\n|move|p1b: Archaludon|Electro Shot||[still]\n|-prepare|p1b: Archaludon|Electro Shot\n|-boost|p1b: Archaludon|spa|1\n|-anim|p1b: Archaludon|Electro Shot|p2b: Typhlosion\n|-damage|p2b: Typhlosion|0 fnt\n|faint|p2b: Typhlosion\n|move|p1a: Pelipper|Hurricane|p2a: Hawlucha\n|-activate|p2a: Hawlucha|move: Protect\n|\n|-weather|RainDance|[upkeep]\n|upkeep\n|\n|t:|1776191011\n|switch|p2b: Krookodile|Krookodile, L50, M|100/100\n|-ability|p2b: Krookodile|Intimidate|boost\n|-unboost|p1a: Pelipper|atk|1\n|-unboost|p1b: Archaludon|atk|1\n|-enditem|p1b: Archaludon|White Herb\n|-clearnegativeboost|p1b: Archaludon|[silent]\n|turn|4\n|\n|t:|1776191030\n|move|p2a: Hawlucha|Entrainment|p2b: Krookodile\n|-ability|p2b: Krookodile|No Guard|Intimidate|[from] move: Entrainment|[of] p2a: Hawlucha\n|move|p2b: Krookodile|Fissure|p1b: Archaludon\n|-damage|p1b: Archaludon|0 fnt\n|faint|p1b: Archaludon\n|-ohko\n|move|p1a: Pelipper|Hurricane|p2a: Hawlucha\n|-supereffective|p2a: Hawlucha|1\n|-damage|p2a: Hawlucha|5/100\n|\n|-weather|RainDance|[upkeep]\n|upkeep\n|turn|5\n|c|\u2606All-StarVGC|You are so lucky.\n|c|\u2606captainbader224|:3\n|\n|t:|1776191059\n|move|p1a: Pelipper|Protect|p1a: Pelipper\n|-singleturn|p1a: Pelipper|Protect\n|move|p2a: Hawlucha|Cross Chop|p1a: Pelipper\n|-activate|p1a: Pelipper|move: Protect\n|move|p2b: Krookodile|Smack Down|p1a: Pelipper\n|-activate|p1a: Pelipper|move: Protect\n|\n|-weather|RainDance|[upkeep]\n|upkeep\n|turn|6\n|\n|t:|1776191072\n|move|p2a: Hawlucha|Cross Chop|p1a: Pelipper\n|-resisted|p1a: Pelipper|1\n|-damage|p1a: Pelipper|55/100\n|move|p2b: Krookodile|Smack Down|p1a: Pelipper\n|-supereffective|p1a: Pelipper|1\n|-damage|p1a: Pelipper|17/100\n|-start|p1a: Pelipper|Smack Down\n|move|p1a: Pelipper|Hurricane|p2b: Krookodile\n|-damage|p2b: Krookodile|40/100\n|\n|-weather|RainDance|[upkeep]\n|-heal|p2b: Krookodile|46/100|[from] item: Leftovers\n|upkeep\n|turn|7\n|\n|t:|1776191085\n|move|p2a: Hawlucha|Detect|p2a: Hawlucha\n|-singleturn|p2a: Hawlucha|Protect\n|move|p1a: Pelipper|Protect|p1a: Pelipper\n|-singleturn|p1a: Pelipper|Protect\n|move|p2b: Krookodile|Fissure|p1a: Pelipper\n|-activate|p1a: Pelipper|move: Protect\n|\n|-weather|none\n|-heal|p2b: Krookodile|52/100|[from] item: Leftovers\n|upkeep\n|turn|8\n|\n|t:|1776191096\n|move|p2a: Hawlucha|Detect||[still]\n|-fail|p2a: Hawlucha\n|move|p2b: Krookodile|Fissure|p1a: Pelipper\n|-damage|p1a: Pelipper|0 fnt\n|faint|p1a: Pelipper\n|-ohko\n|\n|win|captainbader224\n|raw|All-StarVGC's rating: 1056 &rarr; <strong>1039</strong><br />(-17 for losing)\n|raw|captainbader224's rating: 1082 &rarr; <strong>1108</strong><br />(+26 for winning)\n|c|\u2606captainbader224|:3\n",
  "uploadtime": 1776191113,
  "views": 19,
  "formatid": "gen9championsvgc2026regma",
  "rating": 1039,
  "private": 0,
  "password": null
}