{
  "id": "gen9championsvgc2026regma-2584566180",
  "format": "[Gen 9 Champions] VGC 2026 Reg M-A",
  "players": [
    "apower07",
    "DamaniWarrior"
  ],
  "log": "|j|\u2606apower07\n|j|\u2606DamaniWarrior\n|t:|1776269171\n|gametype|doubles\n|player|p1|apower07|pokemaniac|1124\n|player|p2|DamaniWarrior|pokemaniac|1048\n|gen|9\n|tier|[Gen 9 Champions] VGC 2026 Reg M-A\n|rated|\n|rule|Species Clause: Limit one of each Pok\u00e9mon\n|rule|Item Clause: Limit 1 of each item\n|clearpoke\n|poke|p1|Pelipper, L50, F|\n|poke|p1|Archaludon, L50, M|\n|poke|p1|Basculegion, L50, M|\n|poke|p1|Rotom-Wash, L50|\n|poke|p1|Dragonite, L50, F|\n|poke|p1|Sableye, L50, M|\n|poke|p2|Charizard, L50, M|\n|poke|p2|Venusaur, L50, F|\n|poke|p2|Garchomp, L50, M|\n|poke|p2|Whimsicott, L50, F|\n|poke|p2|Milotic, L50, F|\n|poke|p2|Kingambit, L50, M|\n|teampreview|4\n|inactive|Battle timer is ON: inactive players will automatically lose when time's up. (requested by apower07)\nDamaniWarrior rejected open team sheets.\n|\n|t:|1776269190\n|teamsize|p1|4\n|teamsize|p2|4\n|start\n|switch|p1a: Pelipper|Pelipper, L50, F|100/100\n|switch|p1b: Basculegion|Basculegion, L50, M|100/100\n|switch|p2a: W Chud|Charizard, L50, M, shiny|100/100\n|switch|p2b: bounty|Whimsicott, L50, F, shiny|100/100\n|-weather|RainDance|[from] ability: Drizzle|[of] p1a: Pelipper\n|turn|1\n|\n|t:|1776269212\n|detailschange|p2a: W Chud|Charizard-Mega-Y, L50, M, shiny\n|-mega|p2a: W Chud|Charizard|Charizardite Y\n|-weather|SunnyDay|[from] ability: Drought|[of] p2a: W Chud\n|move|p2b: bounty|Tailwind|p2b: bounty\n|-sidestart|p2: DamaniWarrior|move: Tailwind\n|move|p2a: W Chud|Solar Beam||[still]\n|-prepare|p2a: W Chud|Solar Beam\n|-anim|p2a: W Chud|Solar Beam|p1b: Basculegion\n|-supereffective|p1b: Basculegion|1\n|-damage|p1b: Basculegion|0 fnt\n|faint|p1b: Basculegion\n|move|p1a: Pelipper|Tailwind|p1a: Pelipper\n|-sidestart|p1: apower07|move: Tailwind\n|\n|-weather|SunnyDay|[upkeep]\n|upkeep\n|\n|t:|1776269223\n|switch|p1b: Sableye|Sableye, L50, M|100/100\n|turn|2\n|\n|t:|1776269235\n|move|p1b: Sableye|Rain Dance|p1b: Sableye\n|-weather|RainDance\n|move|p2b: bounty|Moonblast|p1b: Sableye\n|-supereffective|p1b: Sableye|1\n|-damage|p1b: Sableye|9/100\n|move|p2a: W Chud|Solar Beam||[still]\n|-prepare|p2a: W Chud|Solar Beam\n|move|p1a: Pelipper|Hurricane|p2b: bounty\n|-supereffective|p2b: bounty|1\n|-damage|p2b: bounty|0 fnt\n|faint|p2b: bounty\n|\n|-weather|RainDance|[upkeep]\n|upkeep\n|inactive|DamaniWarrior has 30 seconds left.\n|inactive|DamaniWarrior has 20 seconds left.\n|\n|t:|1776269274\n|switch|p2b: Toadette|Venusaur, L50, F|100/100\n|turn|3\n|\n|t:|1776269290\n|move|p2b: Toadette|Protect|p2b: Toadette\n|-singleturn|p2b: Toadette|Protect\n|move|p1b: Sableye|Thunder Wave|p2a: W Chud\n|-status|p2a: W Chud|par\n|move|p1a: Pelipper|Weather Ball|p2a: W Chud\n|-supereffective|p2a: W Chud|1\n|-damage|p2a: W Chud|0 fnt\n|faint|p2a: W Chud\n|\n|-weather|RainDance|[upkeep]\n|upkeep\n|\n|t:|1776269298\n|switch|p2a: Jeff|Garchomp, L50, M|100/100\n|turn|4\n|\n|t:|1776269307\n|move|p1b: Sableye|Will-O-Wisp|p2a: Jeff\n|-status|p2a: Jeff|brn\n|move|p2a: Jeff|Rock Slide|p1b: Sableye|[spread] p1a\n|-miss|p2a: Jeff|p1b: Sableye\n|-supereffective|p1a: Pelipper|1\n|-damage|p1a: Pelipper|71/100\n|move|p2b: Toadette|Solar Beam||[still]\n|-prepare|p2b: Toadette|Solar Beam\n|move|p1a: Pelipper|Hurricane|p2b: Toadette\n|-supereffective|p2b: Toadette|1\n|-enditem|p2b: Toadette|Focus Sash\n|-damage|p2b: Toadette|1/100\n|\n|-weather|RainDance|[upkeep]\n|-damage|p2a: Jeff|95/100 brn|[from] brn\n|-sideend|p2: DamaniWarrior|move: Tailwind\n|-sideend|p1: apower07|move: Tailwind\n|upkeep\n|turn|5\n|-message|DamaniWarrior forfeited.\n|\n|win|apower07\n|raw|apower07's rating: 1124 &rarr; <strong>1144</strong><br />(+20 for winning)\n|raw|DamaniWarrior's rating: 1048 &rarr; <strong>1035</strong><br />(-13 for losing)\n",
  "uploadtime": 1776269322,
  "views": 33,
  "formatid": "gen9championsvgc2026regma",
  "rating": 1035,
  "private": 0,
  "password": null
}