{
  "id": "gen9championsvgc2026regma-2588039349",
  "format": "[Gen 9 Champions] VGC 2026 Reg M-A",
  "players": [
    "Mameon",
    "Irbis111"
  ],
  "log": "|j|\u2606Mameon\n|j|\u2606Irbis111\n|t:|1776596631\n|gametype|doubles\n|player|p1|Mameon|red|1370\n|player|p2|Irbis111|alder|1389\n|gen|9\n|tier|[Gen 9 Champions] VGC 2026 Reg M-A\n|rated|\n|rule|Species Clause: Limit one of each Pok\u00e9mon\n|rule|Item Clause: Limit 1 of each item\n|clearpoke\n|poke|p1|Charizard, L50, F|\n|poke|p1|Kingambit, L50, F|\n|poke|p1|Incineroar, L50, M|\n|poke|p1|Aerodactyl, L50, F|\n|poke|p1|Floette-Eternal, L50, F|\n|poke|p1|Sneasler, L50, F|\n|poke|p2|Incineroar, L50, M|\n|poke|p2|Garchomp, L50, M|\n|poke|p2|Rotom-Wash, L50|\n|poke|p2|Floette-Eternal, L50, F|\n|poke|p2|Aegislash, L50, F|\n|poke|p2|Talonflame, L50, M|\n|teampreview|4\n|\n|t:|1776596681\n|teamsize|p1|4\n|teamsize|p2|4\n|start\n|switch|p1a: Charizard|Charizard, L50, F|100/100\n|switch|p1b: Incineroar|Incineroar, L50, M|100/100\n|switch|p2a: Floette|Floette-Eternal, L50, F|100/100\n|switch|p2b: Garchomp|Garchomp, L50, M|100/100\n|-ability|p1b: Incineroar|Intimidate|boost\n|-unboost|p2a: Floette|atk|1\n|-unboost|p2b: Garchomp|atk|1\n|-enditem|p2b: Garchomp|White Herb\n|-clearnegativeboost|p2b: Garchomp|[silent]\n|turn|1\n|inactive|Battle timer is ON: inactive players will automatically lose when time's up. (requested by Mameon)\n|\n|t:|1776596713\n|detailschange|p1a: Charizard|Charizard-Mega-Y, L50, F\n|-mega|p1a: Charizard|Charizard|Charizardite Y\n|-weather|SunnyDay|[from] ability: Drought|[of] p1a: Charizard\n|detailschange|p2a: Floette|Floette-Mega, L50, F\n|-mega|p2a: Floette|Floette|Floettite\n|-ability|p2a: Floette|Fairy Aura\n|move|p1b: Incineroar|Fake Out|p2b: Garchomp\n|-damage|p2b: Garchomp|90/100\n|-damage|p1b: Incineroar|88/100|[from] ability: Rough Skin|[of] p2b: Garchomp\n|cant|p2b: Garchomp|flinch\n|move|p1a: Charizard|Weather Ball|p2a: Floette\n|-damage|p2a: Floette|28/100\n|move|p2a: Floette|Dazzling Gleam|p1a: Charizard|[spread] p1a,p1b\n|-resisted|p1a: Charizard|1\n|-damage|p1a: Charizard|77/100\n|-damage|p1b: Incineroar|52/100\n|\n|-weather|SunnyDay|[upkeep]\n|upkeep\n|turn|2\n|\n|t:|1776596738\n|switch|p2a: Rotom|Rotom-Wash, L50|100/100\n|move|p1a: Charizard|Protect|p1a: Charizard\n|-singleturn|p1a: Charizard|Protect\n|move|p2b: Garchomp|Rock Slide|p1b: Incineroar|[spread] p1b\n|-activate|p1a: Charizard|move: Protect\n|-supereffective|p1b: Incineroar|1\n|-damage|p1b: Incineroar|19/100\n|move|p1b: Incineroar|Parting Shot|p2b: Garchomp\n|-unboost|p2b: Garchomp|atk|1\n|-unboost|p2b: Garchomp|spa|1\n|\n|t:|1776596752\n|switch|p1b: Aerodactyl|Aerodactyl, L50, F|100/100|[from] Parting Shot\n|-ability|p1b: Aerodactyl|Unnerve\n|\n|-weather|SunnyDay|[upkeep]\n|upkeep\n|turn|3\n|inactive|Irbis111 has 30 seconds left.\n|inactive|Irbis111 has 20 seconds left.\n|\n|t:|1776596787\n|move|p1b: Aerodactyl|Tailwind|p1b: Aerodactyl\n|-sidestart|p1: Mameon|move: Tailwind\n|move|p1a: Charizard|Solar Beam||[still]\n|-prepare|p1a: Charizard|Solar Beam\n|-anim|p1a: Charizard|Solar Beam|p2a: Rotom\n|-supereffective|p2a: Rotom|1\n|-damage|p2a: Rotom|0 fnt\n|faint|p2a: Rotom\n|move|p2b: Garchomp|Rock Slide|p1b: Aerodactyl|[spread] p1a,p1b\n|-supereffective|p1a: Charizard|2\n|-supereffective|p1b: Aerodactyl|1\n|-damage|p1a: Charizard|12/100\n|-damage|p1b: Aerodactyl|53/100\n|\n|-weather|SunnyDay|[upkeep]\n|upkeep\n|\n|t:|1776596802\n|switch|p2a: Talonflame|Talonflame, L50, M|100/100\n|turn|4\n|\n|t:|1776596823\n|move|p2a: Talonflame|Tailwind|p2a: Talonflame\n|-sidestart|p2: Irbis111|move: Tailwind\n|move|p1b: Aerodactyl|Rock Slide|p2a: Talonflame|[spread] p2a,p2b\n|-supereffective|p2a: Talonflame|2\n|-resisted|p2b: Garchomp|1\n|-damage|p2a: Talonflame|0 fnt\n|-damage|p2b: Garchomp|79/100\n|faint|p2a: Talonflame\n|cant|p2b: Garchomp|flinch\n|move|p1a: Charizard|Weather Ball|p2b: Garchomp\n|-resisted|p2b: Garchomp|1\n|-damage|p2b: Garchomp|23/100\n|\n|-weather|SunnyDay|[upkeep]\n|upkeep\n|\n|t:|1776596837\n|switch|p2a: Floette|Floette-Mega, L50, F|28/100\n|-ability|p2a: Floette|Fairy Aura\n|turn|5\n|-message|Irbis111 forfeited.\n|\n|win|Mameon\n|raw|Mameon's rating: 1370 &rarr; <strong>1391</strong><br />(+21 for winning)\n|raw|Irbis111's rating: 1389 &rarr; <strong>1368</strong><br />(-21 for losing)\n|l|\u2606Irbis111\n|player|p2|\n",
  "uploadtime": 1776596862,
  "views": 14,
  "formatid": "gen9championsvgc2026regma",
  "rating": 1368,
  "private": 0,
  "password": null
}