{
  "id": "gen9championsvgc2026regma-2580652225",
  "format": "[Gen 9 Champions] VGC 2026 Reg M-A",
  "players": [
    "cyclohexanon",
    "minebloxgeust"
  ],
  "log": "|j|\u2606cyclohexanon\n|j|\u2606minebloxgeust\n|t:|1775921476\n|gametype|doubles\n|player|p1|cyclohexanon|rocketgrunt|1040\n|player|p2|minebloxgeust|emmet|1000\n|gen|9\n|tier|[Gen 9 Champions] VGC 2026 Reg M-A\n|rated|\n|rule|Species Clause: Limit one of each Pok\u00e9mon\n|rule|Item Clause: Limit 1 of each item\n|clearpoke\n|poke|p1|Steelix, L50, F|\n|poke|p1|Tyranitar, L50, M|\n|poke|p1|Banette, L50, F|\n|poke|p1|Camerupt, L50, F|\n|poke|p1|Scovillain, L50, M|\n|poke|p1|Excadrill, L50, M|\n|poke|p2|Torkoal, L50, M|\n|poke|p2|Farigiraf, L50, F|\n|poke|p2|Crabominable, L50, M|\n|poke|p2|Kingambit, L50, F|\n|poke|p2|Incineroar, L50, F|\n|poke|p2|Venusaur, L50, F|\n|teampreview|4\ncyclohexanon rejected open team sheets.\n|\n|t:|1775921531\n|teamsize|p1|4\n|teamsize|p2|4\n|start\n|switch|p1a: Tyranitar|Tyranitar, L50, M|100/100\n|switch|p1b: Excadrill|Excadrill, L50, M|100/100\n|switch|p2a: Farigiraf|Farigiraf, L50, F|100/100\n|switch|p2b: Incineroar|Incineroar, L50, F|100/100\n|-ability|p2b: Incineroar|Intimidate|boost\n|-unboost|p1a: Tyranitar|atk|1\n|-unboost|p1b: Excadrill|atk|1\n|-weather|Sandstorm|[from] ability: Sand Stream|[of] p1a: Tyranitar\n|turn|1\n|-activate|p1a: Tyranitar|item: Quick Claw\n|\n|t:|1775921552\n|detailschange|p1b: Excadrill|Excadrill-Mega, L50, M\n|-mega|p1b: Excadrill|Excadrill|Excadrite\n|move|p1a: Tyranitar|Snarl|p2a: Farigiraf|[spread] p2b\n|-miss|p1a: Tyranitar|p2a: Farigiraf\n|-resisted|p2b: Incineroar|1\n|-damage|p2b: Incineroar|92/100\n|-unboost|p2b: Incineroar|spa|1\n|move|p1b: Excadrill|Rapid Spin|p2a: Farigiraf\n|-damage|p2a: Farigiraf|89/100\n|-boost|p1b: Excadrill|spe|1\n|move|p2b: Incineroar|Parting Shot|p1b: Excadrill\n|-unboost|p1b: Excadrill|atk|1\n|-unboost|p1b: Excadrill|spa|1\n|\n|t:|1775921567\n|switch|p2b: Crabominable|Crabominable, L50, M|100/100|[from] Parting Shot\n|move|p2a: Farigiraf|Trick Room|p2a: Farigiraf\n|-fieldstart|move: Trick Room|[of] p2a: Farigiraf\n|\n|-weather|Sandstorm|[upkeep]\n|-damage|p2b: Crabominable|95/100|[from] Sandstorm\n|-damage|p2a: Farigiraf|83/100|[from] Sandstorm\n|upkeep\n|turn|2\n|\n|t:|1775921585\n|switch|p2a: Incineroar|Incineroar, L50, F|92/100\n|-ability|p2a: Incineroar|Intimidate|boost\n|-unboost|p1a: Tyranitar|atk|1\n|-unboost|p1b: Excadrill|atk|1\n|switch|p1a: Banette|Banette, L50, F|100/100\n|switch|p1b: Steelix|Steelix, L50, F|100/100\n|detailschange|p2b: Crabominable|Crabominable-Mega, L50, M\n|-mega|p2b: Crabominable|Crabominable|Crabominite\n|move|p2b: Crabominable|Ice Hammer|p1b: Steelix\n|-damage|p1b: Steelix|57/100\n|-unboost|p2b: Crabominable|spe|1\n|\n|-weather|Sandstorm|[upkeep]\n|-damage|p2b: Crabominable|89/100|[from] Sandstorm\n|-damage|p1a: Banette|95/100|[from] Sandstorm\n|-damage|p2a: Incineroar|86/100|[from] Sandstorm\n|-heal|p1b: Steelix|63/100|[from] item: Leftovers\n|upkeep\n|turn|3\n|\n|t:|1775921612\n|move|p2a: Incineroar|Fake Out|p1b: Steelix\n|-resisted|p1b: Steelix|1\n|-damage|p1b: Steelix|60/100\n|move|p1a: Banette|Shadow Sneak|p2b: Crabominable\n|-damage|p2b: Crabominable|68/100\n|move|p2b: Crabominable|Ice Hammer|p1a: Banette\n|-damage|p1a: Banette|0 fnt\n|-unboost|p2b: Crabominable|spe|1\n|faint|p1a: Banette\n|cant|p1b: Steelix|flinch\n|\n|-weather|Sandstorm|[upkeep]\n|-damage|p2b: Crabominable|62/100|[from] Sandstorm\n|-damage|p2a: Incineroar|80/100|[from] Sandstorm\n|-heal|p1b: Steelix|66/100|[from] item: Leftovers\n|upkeep\n|\n|t:|1775921624\n|switch|p1a: Tyranitar|Tyranitar, L50, M|100/100\n|turn|4\n|\n|t:|1775921637\n|move|p2b: Crabominable|Substitute|p2b: Crabominable\n|-start|p2b: Crabominable|Substitute\n|-damage|p2b: Crabominable|37/100\n|move|p1b: Steelix|Curse|p1b: Steelix\n|-unboost|p1b: Steelix|spe|1\n|-boost|p1b: Steelix|atk|1\n|-boost|p1b: Steelix|def|1\n|move|p1a: Tyranitar|Power Gem|p2b: Crabominable\n|-end|p2b: Crabominable|Substitute\n|move|p2a: Incineroar|Parting Shot|p1b: Steelix\n|-unboost|p1b: Steelix|atk|1\n|-unboost|p1b: Steelix|spa|1\n|\n|t:|1775921643\n|switch|p2a: Torkoal|Torkoal, L50, M|100/100|[from] Parting Shot\n|-weather|SunnyDay|[from] ability: Drought|[of] p2a: Torkoal\n|\n|-weather|SunnyDay|[upkeep]\n|-heal|p1b: Steelix|72/100|[from] item: Leftovers\n|upkeep\n|turn|5\n|\n|t:|1775921659\n|-singleturn|p2b: Crabominable|move: Focus Punch\n|move|p1b: Steelix|Curse|p1b: Steelix\n|-unboost|p1b: Steelix|spe|1\n|-boost|p1b: Steelix|atk|1\n|-boost|p1b: Steelix|def|1\n|move|p2a: Torkoal|Eruption|p1a: Tyranitar|[spread] p1a,p1b\n|-resisted|p1a: Tyranitar|1\n|-supereffective|p1b: Steelix|1\n|-damage|p1a: Tyranitar|60/100\n|-damage|p1b: Steelix|0 fnt\n|faint|p1b: Steelix\n|move|p1a: Tyranitar|Power Gem|p2a: Torkoal\n|-supereffective|p2a: Torkoal|1\n|-damage|p2a: Torkoal|0 fnt\n|faint|p2a: Torkoal\n|move|p2b: Crabominable|Focus Punch|p1a: Tyranitar\n|-supereffective|p1a: Tyranitar|2\n|-damage|p1a: Tyranitar|0 fnt\n|faint|p1a: Tyranitar\n|\n|-weather|SunnyDay|[upkeep]\n|-fieldend|move: Trick Room\n|upkeep\n|\n|t:|1775921675\n|switch|p1b: Excadrill|Excadrill-Mega, L50, M|100/100\n|switch|p2a: Incineroar|Incineroar, L50, F|80/100\n|-ability|p2a: Incineroar|Intimidate|boost\n|-unboost|p1b: Excadrill|atk|1\n|turn|6\n|\n|t:|1775921684\n|move|p2a: Incineroar|Fake Out|p1b: Excadrill\n|-resisted|p1b: Excadrill|1\n|-damage|p1b: Excadrill|96/100\n|cant|p1b: Excadrill|flinch\n|move|p2b: Crabominable|Substitute|p2b: Crabominable\n|-start|p2b: Crabominable|Substitute\n|-damage|p2b: Crabominable|12/100\n|\n|-weather|SunnyDay|[upkeep]\n|upkeep\n|turn|7\n|\n|t:|1775921689\n|-singleturn|p2b: Crabominable|move: Focus Punch\n|move|p1b: Excadrill|Rock Slide|p2b: Crabominable|[spread] p2a,p2b\n|-activate|p2b: Crabominable|move: Substitute|[damage]\n|-supereffective|p2a: Incineroar|1\n|-damage|p2a: Incineroar|56/100\n|move|p2a: Incineroar|Flare Blitz|p1b: Excadrill\n|-supereffective|p1b: Excadrill|1\n|-damage|p1b: Excadrill|0 fnt\n|faint|p1b: Excadrill\n|-damage|p2a: Incineroar|27/100|[from] Recoil\n|-enditem|p2a: Incineroar|Sitrus Berry|[eat]\n|-heal|p2a: Incineroar|52/100|[from] item: Sitrus Berry\n|\n|win|minebloxgeust\n|raw|cyclohexanon's rating: 1040 &rarr; <strong>1022</strong><br />(-18 for losing)\n|raw|minebloxgeust's rating: 1000 &rarr; <strong>1045</strong><br />(+45 for winning)\n|l|\u2606minebloxgeust\n|player|p2|\n|l|\u2606cyclohexanon\n|player|p1|\n|j|\u2606minebloxgeust\n|player|p2|minebloxgeust|emmet|\n",
  "uploadtime": 1775921786,
  "views": 17,
  "formatid": "gen9championsvgc2026regma",
  "rating": 1022,
  "private": 0,
  "password": null
}