{
  "id": "gen9championsvgc2026regma-2587876985",
  "format": "[Gen 9 Champions] VGC 2026 Reg M-A",
  "players": [
    "mattun",
    "yamede\u86c7\u5982"
  ],
  "log": "|j|\u2606mattun\n|j|\u2606yamede\u86c7\u5982\n|t:|1776573562\n|gametype|doubles\n|player|p1|mattun|1|1605\n|player|p2|yamede\u86c7\u5982|2|1616\n|gen|9\n|tier|[Gen 9 Champions] VGC 2026 Reg M-A\n|rated|\n|rule|Species Clause: Limit one of each Pok\u00e9mon\n|rule|Item Clause: Limit 1 of each item\n|clearpoke\n|poke|p1|Floette-Eternal, L50, F|\n|poke|p1|Whimsicott, L50, F|\n|poke|p1|Sinistcha, L50|\n|poke|p1|Excadrill, L50, F|\n|poke|p1|Dragonite, L50, F|\n|poke|p1|Kingambit, L50, M|\n|poke|p2|Tyranitar, L50, F|\n|poke|p2|Milotic, L50, F, shiny|\n|poke|p2|Excadrill, L50, M|\n|poke|p2|Meganium, L50, F, shiny|\n|poke|p2|Incineroar, L50, M|\n|poke|p2|Sinistcha, L50|\n|teampreview|4\n|\n|t:|1776573655\n|teamsize|p1|4\n|teamsize|p2|4\n|start\n|switch|p1a: Whimsicott|Whimsicott, L50, F|100/100\n|switch|p1b: Kingambit|Kingambit, L50, M|100/100\n|switch|p2a: Milotic|Milotic, L50, F, shiny|100/100\n|switch|p2b: Meganium|Meganium, L50, F, shiny|100/100\n|turn|1\n|inactive|Battle timer is ON: inactive players will automatically lose when time's up. (requested by yamede\u86c7\u5982)\n|inactive|yamede\u86c7\u5982 has 60 seconds left.\n|inactive|yamede\u86c7\u5982 has 30 seconds left.\n|inactive|yamede\u86c7\u5982 has 20 seconds left.\n|inactive|yamede\u86c7\u5982 has 15 seconds left.\n|\n|t:|1776573734\n|detailschange|p2b: Meganium|Meganium-Mega, L50, F, shiny\n|-mega|p2b: Meganium|Meganium|Meganiumite\n|move|p1a: Whimsicott|Tailwind|p1a: Whimsicott\n|-sidestart|p1: mattun|move: Tailwind\n|move|p1b: Kingambit|Iron Head|p2b: Meganium\n|-supereffective|p2b: Meganium|1\n|-damage|p2b: Meganium|10/100\n|move|p2b: Meganium|Weather Ball|p1b: Kingambit\n|-supereffective|p1b: Kingambit|1\n|-damage|p1b: Kingambit|0 fnt\n|faint|p1b: Kingambit\n|move|p2a: Milotic|Coil|p2a: Milotic\n|-boost|p2a: Milotic|atk|1\n|-boost|p2a: Milotic|def|1\n|-boost|p2a: Milotic|accuracy|1\n|\n|upkeep\n|\n|t:|1776573746\n|switch|p1b: Dragonite|Dragonite, L50, F|100/100\n|turn|2\n|inactive|yamede\u86c7\u5982 has 30 seconds left.\n|inactive|yamede\u86c7\u5982 has 20 seconds left.\n|inactive|yamede\u86c7\u5982 has 15 seconds left.\n|inactive|yamede\u86c7\u5982 has 10 seconds left.\n|inactive|yamede\u86c7\u5982 has 5 seconds left.\n|\n|t:|1776573796\n|detailschange|p1b: Dragonite|Dragonite-Mega, L50, F\n|-mega|p1b: Dragonite|Dragonite|Dragoninite\n|move|p2b: Meganium|Protect|p2b: Meganium\n|-singleturn|p2b: Meganium|Protect\n|move|p1a: Whimsicott|Encore|p2a: Milotic\n|-start|p2a: Milotic|Encore\n|move|p1b: Dragonite|Ice Beam|p2b: Meganium\n|-activate|p2b: Meganium|move: Protect\n|move|p2a: Milotic|Coil|p2a: Milotic\n|-boost|p2a: Milotic|atk|1\n|-boost|p2a: Milotic|def|1\n|-boost|p2a: Milotic|accuracy|1\n|\n|upkeep\n|turn|3\n|\n|t:|1776573816\n|switch|p2b: Incineroar|Incineroar, L50, M|100/100\n|-ability|p2b: Incineroar|Intimidate|boost\n|-unboost|p1a: Whimsicott|atk|1\n|-unboost|p1b: Dragonite|atk|1\n|move|p1a: Whimsicott|Moonblast|p2b: Incineroar\n|-crit|p2b: Incineroar\n|-damage|p2b: Incineroar|57/100\n|move|p1b: Dragonite|Air Slash|p2a: Milotic\n|-damage|p2a: Milotic|70/100\n|move|p2a: Milotic|Coil|p2a: Milotic\n|-boost|p2a: Milotic|atk|1\n|-boost|p2a: Milotic|def|1\n|-boost|p2a: Milotic|accuracy|1\n|\n|-heal|p2a: Milotic|76/100|[from] item: Leftovers\n|upkeep\n|turn|4\n|inactive|yamede\u86c7\u5982 has 30 seconds left.\n|\n|t:|1776573847\n|move|p1a: Whimsicott|Moonblast|p2a: Milotic\n|-damage|p2a: Milotic|49/100\n|move|p1b: Dragonite|Draco Meteor|p2a: Milotic|[miss]\n|-miss|p1b: Dragonite|p2a: Milotic\n|move|p2a: Milotic|Coil|p2a: Milotic\n|-boost|p2a: Milotic|atk|1\n|-boost|p2a: Milotic|def|1\n|-boost|p2a: Milotic|accuracy|1\n|move|p2b: Incineroar|Flare Blitz|p1a: Whimsicott\n|-supereffective|p1a: Whimsicott|1\n|-crit|p1a: Whimsicott\n|-enditem|p1a: Whimsicott|Focus Sash\n|-damage|p1a: Whimsicott|1/100\n|-damage|p2b: Incineroar|35/100|[from] Recoil\n|\n|-heal|p2a: Milotic|55/100|[from] item: Leftovers\n|-end|p2a: Milotic|Encore\n|-sideend|p1: mattun|move: Tailwind\n|upkeep\n|turn|5\n|inactive|yamede\u86c7\u5982 has 30 seconds left.\n|inactive|yamede\u86c7\u5982 has 20 seconds left.\n|inactive|yamede\u86c7\u5982 has 15 seconds left.\n|inactive|yamede\u86c7\u5982 has 10 seconds left.\n|inactive|yamede\u86c7\u5982 has 5 seconds left.\n|\n|t:|1776573898\n|switch|p2a: Meganium|Meganium-Mega, L50, F, shiny|10/100\n|move|p1a: Whimsicott|Tailwind|p1a: Whimsicott\n|-sidestart|p1: mattun|move: Tailwind\n|move|p1b: Dragonite|Air Slash|p2b: Incineroar\n|-damage|p2b: Incineroar|0 fnt\n|faint|p2b: Incineroar\n|\n|upkeep\n|\n|t:|1776573909\n|switch|p2b: Milotic|Milotic, L50, F, shiny|55/100\n|turn|6\n|-message|yamede\u86c7\u5982 forfeited.\n|\n|win|mattun\n|raw|mattun's rating: 1605 &rarr; <strong>1626</strong><br />(+21 for winning)\n|raw|yamede\u86c7\u5982's rating: 1616 &rarr; <strong>1595</strong><br />(-21 for losing)\n|l|\u2606yamede\u86c7\u5982\n|player|p2|\n|l|\u2606mattun\n|player|p1|\n",
  "uploadtime": 1776573945,
  "views": 30,
  "formatid": "gen9championsvgc2026regma",
  "rating": 1595,
  "private": 0,
  "password": null
}