{
  "id": "gen9championsvgc2026regma-2581230578",
  "format": "[Gen 9 Champions] VGC 2026 Reg M-A",
  "players": [
    "alobathan",
    "Binky03"
  ],
  "log": "|j|\u2606alobathan\n|j|\u2606Binky03\n|t:|1775973690\n|gametype|doubles\n|player|p1|alobathan|266|1235\n|player|p2|Binky03|102|1175\n|gen|9\n|tier|[Gen 9 Champions] VGC 2026 Reg M-A\n|rated|\n|rule|Species Clause: Limit one of each Pok\u00e9mon\n|rule|Item Clause: Limit 1 of each item\n|clearpoke\n|poke|p1|Floette-Eternal, L50, F|\n|poke|p1|Garchomp, L50, M|\n|poke|p1|Talonflame, L50, M|\n|poke|p1|Rotom-Wash, L50|\n|poke|p1|Sneasler, L50, F|\n|poke|p1|Maushold-Four, L50|\n|poke|p2|Tyranitar, L50, F|\n|poke|p2|Aggron, L50, F|\n|poke|p2|Garchomp, L50, F|\n|poke|p2|Rotom-Wash, L50|\n|poke|p2|Incineroar, L50, F|\n|poke|p2|Sinistcha, L50|\n|teampreview|4\n|inactive|Battle timer is ON: inactive players will automatically lose when time's up. (requested by Binky03)\n|inactive|alobathan has 60 seconds left.\n|inactive|Binky03 has 60 seconds left.\n|inactive|Binky03 has 30 seconds left.\n|\n|t:|1775973757\n|teamsize|p1|4\n|teamsize|p2|4\n|start\n|switch|p1a: Talonflame|Talonflame, L50, M|100/100\n|switch|p1b: Sneasler|Sneasler, L50, F|100/100\n|switch|p2a: Sinistcha|Sinistcha, L50|100/100\n|switch|p2b: Aggron|Aggron, L50, F, shiny|100/100\n|turn|1\n|\n|t:|1775973780\n|switch|p2a: Incineroar|Incineroar, L50, F|100/100\n|-ability|p2a: Incineroar|Intimidate|boost\n|-unboost|p1a: Talonflame|atk|1\n|-unboost|p1b: Sneasler|atk|1\n|-enditem|p1b: Sneasler|White Herb\n|-clearnegativeboost|p1b: Sneasler|[silent]\n|detailschange|p2b: Aggron|Aggron-Mega, L50, F, shiny\n|-mega|p2b: Aggron|Aggron|Aggronite\n|move|p1a: Talonflame|Tailwind|p1a: Talonflame\n|-sidestart|p1: alobathan|move: Tailwind\n|move|p1b: Sneasler|Close Combat|p2b: Aggron\n|-supereffective|p2b: Aggron|1\n|-damage|p2b: Aggron|58/100\n|-unboost|p1b: Sneasler|def|1\n|-unboost|p1b: Sneasler|spd|1\n|move|p2b: Aggron|Iron Defense|p2b: Aggron\n|-boost|p2b: Aggron|def|2\n|\n|upkeep\n|turn|2\n|\n|t:|1775973803\n|switch|p1b: Rotom|Rotom-Wash, L50|100/100\n|switch|p1a: Garchomp|Garchomp, L50, M|100/100\n|switch|p2a: Sinistcha|Sinistcha, L50|100/100\n|-heal|p2b: Aggron|82/100|[from] ability: Hospitality|[of] p2a: Sinistcha\n|move|p2b: Aggron|Iron Defense|p2b: Aggron\n|-boost|p2b: Aggron|def|2\n|\n|upkeep\n|turn|3\n|\n|t:|1775973825\n|move|p2b: Aggron|Protect|p2b: Aggron\n|-singleturn|p2b: Aggron|Protect\n|move|p1a: Garchomp|Stomping Tantrum|p2b: Aggron\n|-activate|p2b: Aggron|move: Protect\n|move|p1b: Rotom|Will-O-Wisp|p2b: Aggron\n|-activate|p2b: Aggron|move: Protect\n|move|p2a: Sinistcha|Trick Room|p2a: Sinistcha\n|-fieldstart|move: Trick Room|[of] p2a: Sinistcha\n|\n|upkeep\n|turn|4\n|\n|t:|1775973834\n|move|p2b: Aggron|Body Press|p1b: Rotom\n|-damage|p1b: Rotom|0 fnt\n|faint|p1b: Rotom\n|move|p2a: Sinistcha|Matcha Gotcha|p1a: Garchomp\n|-damage|p1a: Garchomp|68/100\n|move|p1a: Garchomp|Stomping Tantrum|p2b: Aggron\n|-supereffective|p2b: Aggron|1\n|-damage|p2b: Aggron|72/100\n|\n|-sideend|p1: alobathan|move: Tailwind\n|upkeep\n|\n|t:|1775973853\n|switch|p1b: Sneasler|Sneasler, L50, F|100/100\n|turn|5\n|\n|t:|1775973862\n|switch|p2a: Tyranitar|Tyranitar, L50, F, shiny|100/100\n|-weather|Sandstorm|[from] ability: Sand Stream|[of] p2a: Tyranitar\n|move|p1b: Sneasler|Fake Out|p2b: Aggron\n|-resisted|p2b: Aggron|1\n|-crit|p2b: Aggron\n|-damage|p2b: Aggron|67/100\n|cant|p2b: Aggron|flinch\n|move|p1a: Garchomp|Stomping Tantrum|p2b: Aggron\n|-supereffective|p2b: Aggron|1\n|-damage|p2b: Aggron|56/100\n|\n|-weather|Sandstorm|[upkeep]\n|-damage|p1b: Sneasler|95/100|[from] Sandstorm\n|upkeep\n|turn|6\n|\n|t:|1775973873\n|switch|p2a: Incineroar|Incineroar, L50, F|100/100\n|-ability|p2a: Incineroar|Intimidate|boost\n|-unboost|p1a: Garchomp|atk|1\n|-unboost|p1b: Sneasler|atk|1\n|move|p2b: Aggron|Body Press|p1b: Sneasler\n|-resisted|p1b: Sneasler|1\n|-damage|p1b: Sneasler|0 fnt\n|faint|p1b: Sneasler\n|move|p1a: Garchomp|Stomping Tantrum|p2b: Aggron\n|-supereffective|p2b: Aggron|1\n|-damage|p2b: Aggron|49/100\n|\n|-weather|Sandstorm|[upkeep]\n|-damage|p2a: Incineroar|95/100|[from] Sandstorm\n|upkeep\n|-message|alobathan forfeited.\n|\n|win|Binky03\n|raw|alobathan's rating: 1235 &rarr; <strong>1206</strong><br />(-29 for losing)\n|raw|Binky03's rating: 1175 &rarr; <strong>1204</strong><br />(+29 for winning)\n|l|\u2606alobathan\n|player|p1|\n",
  "uploadtime": 1775973939,
  "views": 20,
  "formatid": "gen9championsvgc2026regma",
  "rating": 1204,
  "private": 0,
  "password": null
}