{
  "id": "gen9championsvgc2026regma-2583007677",
  "format": "[Gen 9 Champions] VGC 2026 Reg M-A",
  "players": [
    "CementTheBlock",
    "dkjsalkjsldasjklda"
  ],
  "log": "|j|\u2606CementTheBlock\n|j|\u2606dkjsalkjsldasjklda\n|t:|1776132837\n|gametype|doubles\n|player|p1|CementTheBlock|pokefanf|1144\n|player|p2|dkjsalkjsldasjklda|266|1107\n|gen|9\n|tier|[Gen 9 Champions] VGC 2026 Reg M-A\n|rated|\n|rule|Species Clause: Limit one of each Pok\u00e9mon\n|rule|Item Clause: Limit 1 of each item\n|clearpoke\n|poke|p1|Lopunny, L50, F|\n|poke|p1|Archaludon, L50, M|\n|poke|p1|Pelipper, L50, F|\n|poke|p1|Sneasler, L50, M|\n|poke|p1|Aegislash, L50, M|\n|poke|p1|Milotic, L50, F|\n|poke|p2|Archaludon, L50, M|\n|poke|p2|Meganium, L50, F|\n|poke|p2|Basculegion, L50, M|\n|poke|p2|Politoed, L50, M|\n|poke|p2|Talonflame, L50, F|\n|poke|p2|Maushold, L50|\n|teampreview|4\n|\n|t:|1776132861\n|teamsize|p1|4\n|teamsize|p2|4\n|start\n|switch|p1a: Lopunny|Lopunny, L50, F|100/100\n|switch|p1b: Sneasler|Sneasler, L50, M|100/100\n|switch|p2a: Talonflame|Talonflame, L50, F|100/100\n|switch|p2b: Maushold|Maushold, L50|100/100\n|turn|1\n|inactive|Battle timer is ON: inactive players will automatically lose when time's up. (requested by dkjsalkjsldasjklda)\n|\n|t:|1776132891\n|detailschange|p1a: Lopunny|Lopunny-Mega, L50, F\n|-mega|p1a: Lopunny|Lopunny|Lopunnite\n|move|p1a: Lopunny|Fake Out|p2a: Talonflame\n|-crit|p2a: Talonflame\n|-damage|p2a: Talonflame|51/100\n|cant|p2a: Talonflame|flinch\n|move|p1b: Sneasler|Close Combat|p2b: Maushold\n|-supereffective|p2b: Maushold|1\n|-enditem|p2b: Maushold|Focus Sash\n|-damage|p2b: Maushold|1/100\n|-unboost|p1b: Sneasler|def|1\n|-unboost|p1b: Sneasler|spd|1\n|-enditem|p1b: Sneasler|White Herb\n|-clearnegativeboost|p1b: Sneasler|[silent]\n|move|p2b: Maushold|Population Bomb|p1b: Sneasler\n|-damage|p1b: Sneasler|81/100\n|-damage|p1b: Sneasler|60/100\n|-damage|p1b: Sneasler|41/100\n|-damage|p1b: Sneasler|21/100\n|-damage|p1b: Sneasler|1/100\n|-damage|p1b: Sneasler|0 fnt\n|faint|p1b: Sneasler\n|-hitcount|p1: Sneasler|6\n|\n|upkeep\n|inactive|CementTheBlock has 30 seconds left.\n|\n|t:|1776132919\n|switch|p1b: Pelipper|Pelipper, L50, F|100/100\n|-weather|RainDance|[from] ability: Drizzle|[of] p1b: Pelipper\n|turn|2\n|-activate|p1b: Pelipper|item: Quick Claw\n|\n|t:|1776132933\n|move|p1b: Pelipper|Weather Ball|p2a: Talonflame\n|-supereffective|p2a: Talonflame|1\n|-damage|p2a: Talonflame|0 fnt\n|faint|p2a: Talonflame\n|move|p1a: Lopunny|Close Combat|p2b: Maushold\n|-supereffective|p2b: Maushold|1\n|-damage|p2b: Maushold|0 fnt\n|-unboost|p1a: Lopunny|def|1\n|-unboost|p1a: Lopunny|spd|1\n|faint|p2b: Maushold\n|\n|-weather|RainDance|[upkeep]\n|upkeep\n|\n|t:|1776132941\n|switch|p2a: Basculegion|Basculegion, L50, M|100/100\n|switch|p2b: Meganium|Meganium, L50, F|100/100\n|turn|3\n|-activate|p1b: Pelipper|item: Quick Claw\n|\n|t:|1776132959\n|detailschange|p2b: Meganium|Meganium-Mega, L50, F\n|-mega|p2b: Meganium|Meganium|Meganiumite\n|move|p1a: Lopunny|Protect|p1a: Lopunny\n|-singleturn|p1a: Lopunny|Protect\n|move|p1b: Pelipper|Tailwind|p1b: Pelipper\n|-sidestart|p1: CementTheBlock|move: Tailwind\n|move|p2a: Basculegion|Wave Crash|p1a: Lopunny\n|-activate|p1a: Lopunny|move: Protect\n|move|p2b: Meganium|Solar Beam||[still]\n|-prepare|p2b: Meganium|Solar Beam\n|-activate|p2b: Meganium|ability: Mega Sol\n|-anim|p2b: Meganium|Solar Beam|p1b: Pelipper\n|-damage|p1b: Pelipper|0 fnt\n|faint|p1b: Pelipper\n|\n|-weather|RainDance|[upkeep]\n|upkeep\n|\n|t:|1776132977\n|switch|p1b: Archaludon|Archaludon, L50, M|100/100\n|turn|4\n|\n|t:|1776132992\n|move|p1a: Lopunny|Close Combat|p2a: Basculegion\n|-damage|p2a: Basculegion|13/100\n|-unboost|p1a: Lopunny|def|1\n|-unboost|p1a: Lopunny|spd|1\n|move|p1b: Archaludon|Electro Shot||[still]\n|-prepare|p1b: Archaludon|Electro Shot\n|-boost|p1b: Archaludon|spa|1\n|-anim|p1b: Archaludon|Electro Shot|p2a: Basculegion\n|-supereffective|p2a: Basculegion|1\n|-damage|p2a: Basculegion|0 fnt\n|faint|p2a: Basculegion\n|move|p2b: Meganium|Dazzling Gleam|p1a: Lopunny|[spread] p1a,p1b\n|-supereffective|p1a: Lopunny|1\n|-damage|p1a: Lopunny|0 fnt\n|-damage|p1b: Archaludon|47/100\n|faint|p1a: Lopunny\n|\n|-weather|RainDance|[upkeep]\n|-heal|p1b: Archaludon|53/100|[from] item: Leftovers\n|upkeep\n|turn|5\n|\n|t:|1776133015\n|move|p1b: Archaludon|Steel Beam|p2b: Meganium\n|-supereffective|p2b: Meganium|1\n|-damage|p2b: Meganium|0 fnt\n|-damage|p1b: Archaludon|2/100|[from] steelbeam\n|faint|p2b: Meganium\n|\n|win|CementTheBlock\n|raw|CementTheBlock's rating: 1144 &rarr; <strong>1166</strong><br />(+22 for winning)\n|raw|dkjsalkjsldasjklda's rating: 1107 &rarr; <strong>1085</strong><br />(-22 for losing)\n|l|\u2606dkjsalkjsldasjklda\n|player|p2|\n",
  "uploadtime": 1776133041,
  "views": 9,
  "formatid": "gen9championsvgc2026regma",
  "rating": 1085,
  "private": 0,
  "password": null
}