{
  "id": "gen9championsvgc2026regma-2584877339",
  "format": "[Gen 9 Champions] VGC 2026 Reg M-A",
  "players": [
    "thealex610",
    "316x"
  ],
  "log": "|j|\u2606thealex610\n|j|\u2606316x\n|t:|1776290807\n|gametype|doubles\n|player|p1|thealex610|101|1138\n|player|p2|316x|1|1042\n|gen|9\n|tier|[Gen 9 Champions] VGC 2026 Reg M-A\n|rated|\n|rule|Species Clause: Limit one of each Pok\u00e9mon\n|rule|Item Clause: Limit 1 of each item\n|clearpoke\n|poke|p1|Sneasler, L50, M|\n|poke|p1|Talonflame, L50, F|\n|poke|p1|Milotic, L50, F|\n|poke|p1|Aegislash, L50, F|\n|poke|p1|Scizor, L50, F|\n|poke|p1|Tyranitar, L50, F|\n|poke|p2|Toxapex, L50, F|\n|poke|p2|Sableye, L50, M|\n|poke|p2|Forretress, L50, M|\n|poke|p2|Aggron, L50, M|\n|poke|p2|Mimikyu, L50, F|\n|poke|p2|Ditto, L50|\n|teampreview|4\n|inactive|Battle timer is ON: inactive players will automatically lose when time's up. (requested by thealex610)\n|inactive|thealex610 has 60 seconds left.\n|\n|t:|1776290840\n|teamsize|p1|4\n|teamsize|p2|4\n|start\n|switch|p1a: Talonflame|Talonflame, L50, F|100/100\n|switch|p1b: Tyranitar|Tyranitar, L50, F|100/100\n|switch|p2a: Forretress|Forretress, L50, M|100/100\n|switch|p2b: Mimikyu|Mimikyu, L50, F|100/100\n|-weather|Sandstorm|[from] ability: Sand Stream|[of] p1b: Tyranitar\n|turn|1\n|inactive|thealex610 has 30 seconds left.\n|\n|t:|1776290866\n|detailschange|p1b: Tyranitar|Tyranitar-Mega, L50, F\n|-mega|p1b: Tyranitar|Tyranitar|Tyranitarite\n|move|p1a: Talonflame|Tailwind|p1a: Talonflame\n|-sidestart|p1: thealex610|move: Tailwind\n|move|p1b: Tyranitar|Dragon Dance|p1b: Tyranitar\n|-boost|p1b: Tyranitar|atk|1\n|-boost|p1b: Tyranitar|spe|1\n|move|p2b: Mimikyu|Swords Dance|p2b: Mimikyu\n|-boost|p2b: Mimikyu|atk|2\n|move|p2a: Forretress|Stealth Rock|p1b: Tyranitar\n|-sidestart|p1: thealex610|move: Stealth Rock\n|\n|-weather|Sandstorm|[upkeep]\n|-damage|p1a: Talonflame|95/100|[from] Sandstorm\n|-damage|p2b: Mimikyu|94/100|[from] Sandstorm\n|upkeep\n|turn|2\n|inactive|thealex610 has 30 seconds left.\n|\n|t:|1776290901\n|move|p2b: Mimikyu|Shadow Sneak|p1a: Talonflame\n|-damage|p1a: Talonflame|38/100\n|move|p1a: Talonflame|Flare Blitz|p2a: Forretress\n|-supereffective|p2a: Forretress|2\n|-enditem|p2a: Forretress|Occa Berry|[eat]\n|-enditem|p2a: Forretress|Occa Berry|[weaken]\n|-damage|p2a: Forretress|29/100\n|-status|p2a: Forretress|brn\n|-damage|p1a: Talonflame|10/100|[from] Recoil\n|move|p1b: Tyranitar|Rock Slide|p2b: Mimikyu|[spread] p2a,p2b\n|-damage|p2a: Forretress|0 fnt\n|-activate|p2b: Mimikyu|ability: Disguise\n|-damage|p2b: Mimikyu|94/100\n|detailschange|p2b: Mimikyu|Mimikyu-Busted, L50, F\n|-damage|p2b: Mimikyu|82/100|[from] pokemon: Mimikyu-Busted\n|faint|p2a: Forretress\n|\n|-weather|Sandstorm|[upkeep]\n|-damage|p1a: Talonflame|4/100|[from] Sandstorm\n|-damage|p2b: Mimikyu|76/100|[from] Sandstorm\n|upkeep\n|\n|t:|1776290924\n|switch|p2a: Aggron|Aggron, L50, M|100/100\n|turn|3\n|\n|t:|1776290939\n|detailschange|p2a: Aggron|Aggron-Mega, L50, M\n|-mega|p2a: Aggron|Aggron|Aggronite\n|move|p1a: Talonflame|Flare Blitz|p2a: Aggron\n|-supereffective|p2a: Aggron|1\n|-damage|p2a: Aggron|67/100\n|-damage|p1a: Talonflame|0 fnt|[from] Recoil\n|faint|p1a: Talonflame\n|move|p1b: Tyranitar|Knock Off|p2b: Mimikyu\n|-crit|p2b: Mimikyu\n|-damage|p2b: Mimikyu|0 fnt\n|-enditem|p2b: Mimikyu|Mental Herb|[from] move: Knock Off|[of] p1b: Tyranitar\n|faint|p2b: Mimikyu\n|move|p2a: Aggron|Body Press|p1b: Tyranitar\n|-supereffective|p1b: Tyranitar|2\n|-damage|p1b: Tyranitar|0 fnt\n|faint|p1b: Tyranitar\n|\n|-weather|Sandstorm|[upkeep]\n|upkeep\n|\n|t:|1776290957\n|switch|p1a: Sneasler|Sneasler, L50, M|100/100\n|switch|p1b: Aegislash|Aegislash, L50, F|100/100\n|switch|p2b: Greedy Goblin|Sableye, L50, M|100/100\n|-damage|p1a: Sneasler|95/100|[from] Stealth Rock\n|-damage|p1b: Aegislash|95/100|[from] Stealth Rock\n|turn|4\n|\n|t:|1776290978\n|move|p1a: Sneasler|Close Combat|p2a: Aggron\n|-supereffective|p2a: Aggron|1\n|-damage|p2a: Aggron|20/100\n|-unboost|p1a: Sneasler|def|1\n|-unboost|p1a: Sneasler|spd|1\n|-enditem|p1a: Sneasler|White Herb\n|-clearnegativeboost|p1a: Sneasler|[silent]\n|-formechange|p1b: Aegislash|Aegislash-Blade|\n|move|p1b: Aegislash|Sacred Sword|p2a: Aggron\n|-supereffective|p2a: Aggron|1\n|-damage|p2a: Aggron|0 fnt\n|faint|p2a: Aggron\n|move|p2b: Greedy Goblin|Foul Play|p1b: Aegislash\n|-supereffective|p1b: Aegislash|1\n|-damage|p1b: Aegislash|0 fnt\n|faint|p1b: Aegislash\n|\n|-weather|Sandstorm|[upkeep]\n|-damage|p1a: Sneasler|89/100|[from] Sandstorm\n|-damage|p2b: Greedy Goblin|95/100|[from] Sandstorm\n|-sideend|p1: thealex610|move: Tailwind\n|upkeep\n|turn|5\n|inactive|316x has 30 seconds left.\n|inactive|316x has 20 seconds left.\n|inactive|316x has 15 seconds left.\n|inactive|316x has 10 seconds left.\n|inactive|316x has 5 seconds left.\n|\n|t:|1776291033\n|move|p2b: Greedy Goblin|Skill Swap|p1a: Sneasler\n|-activate|p2b: Greedy Goblin|Skill Swap|Unburden|Prankster|[of] p1a: Sneasler\n|move|p1a: Sneasler|Dire Claw|p2b: Greedy Goblin\n|-resisted|p2b: Greedy Goblin|1\n|-damage|p2b: Greedy Goblin|65/100\n|\n|-weather|none\n|upkeep\n|turn|6\n|inactive|316x has 30 seconds left.\n|inactive|316x has 20 seconds left.\n|inactive|316x has 15 seconds left.\n|inactive|316x has 10 seconds left.\n|inactive|316x has 5 seconds left.\n|\n|t:|1776291088\n|move|p1a: Sneasler|Dire Claw|p2b: Greedy Goblin\n|-resisted|p2b: Greedy Goblin|1\n|-damage|p2b: Greedy Goblin|33/100\n|-status|p2b: Greedy Goblin|slp\n|cant|p2b: Greedy Goblin|slp\n|\n|upkeep\n|turn|7\n|inactive|316x has 30 seconds left.\n|inactive|316x has 20 seconds left.\n|inactive|316x has 15 seconds left.\n|inactive|316x has 10 seconds left.\n|inactive|316x has 5 seconds left.\n|\n|t:|1776291143\n|move|p1a: Sneasler|Dire Claw|p2b: Greedy Goblin\n|-resisted|p2b: Greedy Goblin|1\n|-damage|p2b: Greedy Goblin|0 fnt\n|faint|p2b: Greedy Goblin\n|\n|win|thealex610\n|raw|thealex610's rating: 1138 &rarr; <strong>1155</strong><br />(+17 for winning)\n|raw|316x's rating: 1026 &rarr; <strong>1016</strong><br />(-10 for losing)\n",
  "uploadtime": 1776291184,
  "views": 48,
  "formatid": "gen9championsvgc2026regma",
  "rating": 1016,
  "private": 0,
  "password": null
}