{
  "id": "gen9championsvgc2026regma-2582467054",
  "format": "[Gen 9 Champions] VGC 2026 Reg M-A",
  "players": [
    "rellx",
    "rajyesh1"
  ],
  "log": "|j|\u2606rellx\n|j|\u2606rajyesh1\n|t:|1776093565\n|gametype|doubles\n|player|p1|rellx|pokemonrangerf-gen4|1057\n|player|p2|rajyesh1|lucas|1050\n|gen|9\n|tier|[Gen 9 Champions] VGC 2026 Reg M-A\n|rated|\n|rule|Species Clause: Limit one of each Pok\u00e9mon\n|rule|Item Clause: Limit 1 of each item\n|clearpoke\n|poke|p1|Meganium, L50, F|\n|poke|p1|Farigiraf, L50, F|\n|poke|p1|Pelipper, L50, M|\n|poke|p1|Starmie, L50|\n|poke|p1|Archaludon, L50, M|\n|poke|p1|Kingambit, L50, M|\n|poke|p2|Charizard, L50, M|\n|poke|p2|Venusaur, L50, F|\n|poke|p2|Garchomp, L50, M|\n|poke|p2|Rotom-Wash, L50|\n|poke|p2|Sneasler, L50, M|\n|poke|p2|Incineroar, L50, M|\n|teampreview|4\n|inactive|Battle timer is ON: inactive players will automatically lose when time's up. (requested by rellx)\n|inactive|rajyesh1 also wants the timer to be on.\nrellx has agreed to open team sheets.\n|inactive|rajyesh1 has 60 seconds left.\n|\n|t:|1776093615\n|teamsize|p1|4\n|teamsize|p2|4\n|start\n|switch|p1a: Pelipper|Pelipper, L50, M|100/100\n|switch|p1b: Archaludon|Archaludon, L50, M|100/100\n|switch|p2a: Rotom|Rotom-Wash, L50|100/100\n|switch|p2b: Garchomp|Garchomp, L50, M|100/100\n|-weather|RainDance|[from] ability: Drizzle|[of] p1a: Pelipper\n|turn|1\n|inactive|rajyesh1 has 30 seconds left.\n|\n|t:|1776093640\n|move|p2b: Garchomp|Earthquake|p1b: Archaludon|[spread] p1b\n|-immune|p2a: Rotom|[from] ability: Levitate\n|-immune|p1a: Pelipper\n|-supereffective|p1b: Archaludon|1\n|-damage|p1b: Archaludon|36/100\n|-ability|p1b: Archaludon|Stamina|boost\n|-boost|p1b: Archaludon|def|1\n|move|p2a: Rotom|Thunderbolt|p1a: Pelipper\n|-supereffective|p1a: Pelipper|2\n|-enditem|p1a: Pelipper|Focus Sash\n|-damage|p1a: Pelipper|1/100\n|move|p1b: Archaludon|Electro Shot||[still]\n|-prepare|p1b: Archaludon|Electro Shot\n|-boost|p1b: Archaludon|spa|1\n|-anim|p1b: Archaludon|Electro Shot|p2a: Rotom\n|-damage|p2a: Rotom|33/100\n|move|p1a: Pelipper|Tailwind|p1a: Pelipper\n|-sidestart|p1: rellx|move: Tailwind\n|\n|-weather|RainDance|[upkeep]\n|-heal|p1b: Archaludon|42/100|[from] item: Leftovers\n|-heal|p2a: Rotom|39/100|[from] item: Leftovers\n|upkeep\n|turn|2\n|inactive|rellx has 30 seconds left.\n|inactive|rajyesh1 has 30 seconds left.\n|inactive|rellx has 20 seconds left.\n|inactive|rajyesh1 has 20 seconds left.\n|inactive|rajyesh1 has 15 seconds left.\n|inactive|rajyesh1 has 10 seconds left.\n|inactive|rellx has 15 seconds left.\n|\n|t:|1776093692\n|move|p1a: Pelipper|Protect|p1a: Pelipper\n|-singleturn|p1a: Pelipper|Protect\n|move|p2b: Garchomp|Earthquake|p1b: Archaludon|[spread] p1b\n|-activate|p1a: Pelipper|move: Protect\n|-immune|p2a: Rotom|[from] ability: Levitate\n|-supereffective|p1b: Archaludon|1\n|-damage|p1b: Archaludon|2/100\n|-ability|p1b: Archaludon|Stamina|boost\n|-boost|p1b: Archaludon|def|1\n|move|p1b: Archaludon|Electro Shot||[still]\n|-prepare|p1b: Archaludon|Electro Shot\n|-boost|p1b: Archaludon|spa|1\n|-anim|p1b: Archaludon|Electro Shot|p2a: Rotom\n|-damage|p2a: Rotom|0 fnt\n|faint|p2a: Rotom\n|\n|-weather|RainDance|[upkeep]\n|-heal|p1b: Archaludon|8/100|[from] item: Leftovers\n|upkeep\n|\n|t:|1776093713\n|switch|p2a: Charizard|Charizard, L50, M|100/100\n|turn|3\n|\n|t:|1776093724\n|move|p2a: Charizard|Protect|p2a: Charizard\n|-singleturn|p2a: Charizard|Protect\n|move|p2b: Garchomp|Earthquake|p1b: Archaludon|[spread] p1b\n|-activate|p2a: Charizard|move: Protect\n|-immune|p1a: Pelipper\n|-supereffective|p1b: Archaludon|1\n|-damage|p1b: Archaludon|0 fnt\n|faint|p1b: Archaludon\n|move|p1a: Pelipper|Weather Ball|p2a: Charizard\n|-activate|p2a: Charizard|move: Protect\n|\n|-weather|RainDance|[upkeep]\n|upkeep\n|\n|t:|1776093732\n|switch|p1b: Starmie|Starmie, L50|100/100\n|turn|4\n|\n|t:|1776093750\n|switch|p2b: Venusaur|Venusaur, L50, F|100/100\n|detailschange|p1b: Starmie|Starmie-Mega, L50\n|-mega|p1b: Starmie|Starmie|Starminite\n|detailschange|p2a: Charizard|Charizard-Mega-Y, L50, M\n|-mega|p2a: Charizard|Charizard|Charizardite Y\n|-weather|SunnyDay|[from] ability: Drought|[of] p2a: Charizard\n|move|p1b: Starmie|Liquidation|p2a: Charizard\n|-supereffective|p2a: Charizard|1\n|-damage|p2a: Charizard|0 fnt\n|faint|p2a: Charizard\n|move|p1a: Pelipper|Weather Ball|p2b: Venusaur\n|-supereffective|p2b: Venusaur|1\n|-damage|p2b: Venusaur|18/100\n|\n|-weather|SunnyDay|[upkeep]\n|-sideend|p1: rellx|move: Tailwind\n|upkeep\n|\n|t:|1776093769\n|switch|p2a: Garchomp|Garchomp, L50, M|100/100\n|turn|5\n|c|\u2606rellx|Holy predict\n|\n|t:|1776093790\n|switch|p1a: Farigiraf|Farigiraf, L50, F|100/100\n|move|p2b: Venusaur|Leaf Storm|p1b: Starmie\n|-supereffective|p1b: Starmie|1\n|-damage|p1b: Starmie|0 fnt\n|-unboost|p2b: Venusaur|spa|2\n|faint|p1b: Starmie\n|move|p2a: Garchomp|Rock Slide|p1a: Farigiraf\n|-damage|p1a: Farigiraf|70/100\n|\n|-weather|SunnyDay|[upkeep]\n|upkeep\n|\n|t:|1776093800\n|switch|p1b: Pelipper|Pelipper, L50, M|1/100\n|-weather|RainDance|[from] ability: Drizzle|[of] p1b: Pelipper\n|turn|6\n|\n|t:|1776093807\n|move|p1b: Pelipper|Protect|p1b: Pelipper\n|-singleturn|p1b: Pelipper|Protect\n|move|p2a: Garchomp|Rock Slide|p1a: Farigiraf|[spread] p1a\n|-activate|p1b: Pelipper|move: Protect\n|-damage|p1a: Farigiraf|48/100\n|move|p2b: Venusaur|Sleep Powder|p1a: Farigiraf\n|-status|p1a: Farigiraf|slp|[from] move: Sleep Powder\n|cant|p1a: Farigiraf|slp\n|\n|-weather|RainDance|[upkeep]\n|upkeep\n|turn|7\n|\n|t:|1776093828\n|move|p2a: Garchomp|Rock Slide|p1b: Pelipper|[spread] p1a,p1b\n|-supereffective|p1b: Pelipper|1\n|-damage|p1a: Farigiraf|27/100 slp\n|-damage|p1b: Pelipper|0 fnt\n|faint|p1b: Pelipper\n|move|p2b: Venusaur|Sludge Bomb|p1a: Farigiraf\n|-damage|p1a: Farigiraf|4/100 slp\n|cant|p1a: Farigiraf|slp\n|\n|-weather|RainDance|[upkeep]\n|upkeep\n|turn|8\n|\n|t:|1776093841\n|-curestatus|p1a: Farigiraf|slp|[msg]\n|move|p1a: Farigiraf|Protect|p1a: Farigiraf\n|-singleturn|p1a: Farigiraf|Protect\n|move|p2a: Garchomp|Rock Slide|p1a: Farigiraf\n|-activate|p1a: Farigiraf|move: Protect\n|move|p2b: Venusaur|Sludge Bomb|p1a: Farigiraf\n|-activate|p1a: Farigiraf|move: Protect\n|\n|-weather|RainDance|[upkeep]\n|upkeep\n|turn|9\n|\n|t:|1776093848\n|move|p2a: Garchomp|Rock Slide|p1a: Farigiraf\n|-damage|p1a: Farigiraf|0 fnt\n|faint|p1a: Farigiraf\n|\n|win|rajyesh1\n|raw|rellx's rating: 1057 &rarr; <strong>1038</strong><br />(-19 for losing)\n|raw|rajyesh1's rating: 1050 &rarr; <strong>1083</strong><br />(+33 for winning)\n|l|\u2606rellx\n|player|p1|\n",
  "uploadtime": 1776093854,
  "views": 10,
  "formatid": "gen9championsvgc2026regma",
  "rating": 1038,
  "private": 0,
  "password": null
}