{
  "id": "gen9championsvgc2026regma-2587749536",
  "format": "[Gen 9 Champions] VGC 2026 Reg M-A",
  "players": [
    "treeshhhh",
    "baronmigu"
  ],
  "log": "|j|\u2606treeshhhh\n|j|\u2606baronmigu\n|t:|1776560167\n|gametype|doubles\n|player|p1|treeshhhh|169|1206\n|player|p2|baronmigu|rocketgrunt|1296\n|gen|9\n|tier|[Gen 9 Champions] VGC 2026 Reg M-A\n|rated|\n|rule|Species Clause: Limit one of each Pok\u00e9mon\n|rule|Item Clause: Limit 1 of each item\n|clearpoke\n|poke|p1|Lucario, L50, M|\n|poke|p1|Dragonite, L50, M|\n|poke|p1|Archaludon, L50, M|\n|poke|p1|Kingambit, L50, F|\n|poke|p1|Basculegion, L50, M|\n|poke|p1|Pelipper, L50, F|\n|poke|p2|Lucario, L50, M|\n|poke|p2|Whimsicott, L50, F|\n|poke|p2|Garchomp, L50, M|\n|poke|p2|Gengar, L50, M|\n|poke|p2|Incineroar, L50, F|\n|poke|p2|Milotic, L50, F|\n|teampreview|4\n|inactive|Battle timer is ON: inactive players will automatically lose when time's up. (requested by treeshhhh)\n|\n|t:|1776560228\n|teamsize|p1|4\n|teamsize|p2|4\n|start\n|switch|p1a: Basculegion|Basculegion, L50, M|100/100\n|switch|p1b: Archaludon|Archaludon, L50, M|100/100\n|switch|p2a: Gengar|Gengar, L50, M|100/100\n|switch|p2b: Whimsicott|Whimsicott, L50, F|100/100\n|turn|1\n|\n|t:|1776560244\n|detailschange|p2a: Gengar|Gengar-Mega, L50, M\n|-mega|p2a: Gengar|Gengar|Gengarite\n|move|p1b: Archaludon|Protect|p1b: Archaludon\n|-singleturn|p1b: Archaludon|Protect\n|move|p1a: Basculegion|Flip Turn|p2b: Whimsicott\n|-resisted|p2b: Whimsicott|1\n|-damage|p2b: Whimsicott|75/100\n|\n|t:|1776560251\n|switch|p1a: Pelipper|Pelipper, L50, F|100/100|[from] Flip Turn\n|-weather|RainDance|[from] ability: Drizzle|[of] p1a: Pelipper\n|move|p2a: Gengar|Shadow Ball|p1b: Archaludon\n|-activate|p1b: Archaludon|move: Protect\n|move|p2b: Whimsicott|Moonblast|p1b: Archaludon\n|-activate|p1b: Archaludon|move: Protect\n|\n|-weather|RainDance|[upkeep]\n|upkeep\n|turn|2\n|\n|t:|1776560268\n|move|p2b: Whimsicott|Encore|p1b: Archaludon\n|-start|p1b: Archaludon|Encore\n|move|p1b: Archaludon|Protect|p1b: Archaludon\n|-singleturn|p1b: Archaludon|Protect\n|move|p2a: Gengar|Thunderbolt|p1a: Pelipper\n|-supereffective|p1a: Pelipper|2\n|-enditem|p1a: Pelipper|Focus Sash\n|-damage|p1a: Pelipper|1/100\n|move|p1a: Pelipper|Hurricane|p2b: Whimsicott\n|-supereffective|p2b: Whimsicott|1\n|-damage|p2b: Whimsicott|0 fnt\n|faint|p2b: Whimsicott\n|\n|-weather|RainDance|[upkeep]\n|upkeep\n|\n|t:|1776560287\n|switch|p2b: Garchomp|Garchomp, L50, M|100/100\n|turn|3\n|\n|t:|1776560311\n|move|p1b: Archaludon|Protect||[still]\n|-fail|p1b: Archaludon\n|move|p2a: Gengar|Shadow Ball|p1b: Archaludon\n|-damage|p1b: Archaludon|53/100\n|-ability|p1b: Archaludon|Stamina|boost\n|-boost|p1b: Archaludon|def|1\n|move|p2b: Garchomp|Swords Dance|p2b: Garchomp\n|-boost|p2b: Garchomp|atk|2\n|move|p1a: Pelipper|Weather Ball|p2b: Garchomp\n|-damage|p2b: Garchomp|20/100\n|\n|-weather|RainDance|[upkeep]\n|-heal|p1b: Archaludon|59/100|[from] item: Leftovers\n|upkeep\n|turn|4\n|inactive|baronmigu has 30 seconds left.\n|inactive|baronmigu has 20 seconds left.\n|inactive|baronmigu has 15 seconds left.\n|inactive|baronmigu has 10 seconds left.\n|\n|t:|1776560356\n|move|p1b: Archaludon|Protect|p1b: Archaludon\n|-singleturn|p1b: Archaludon|Protect\n|move|p2a: Gengar|Shadow Ball|p1b: Archaludon\n|-activate|p1b: Archaludon|move: Protect\n|move|p2b: Garchomp|Dragon Claw|p1a: Pelipper\n|-damage|p1a: Pelipper|0 fnt\n|faint|p1a: Pelipper\n|\n|-weather|RainDance|[upkeep]\n|-heal|p1b: Archaludon|65/100|[from] item: Leftovers\n|-end|p1b: Archaludon|Encore\n|upkeep\n|\n|t:|1776560372\n|switch|p1a: Basculegion|Basculegion, L50, M|100/100\n|turn|5\n|\n|t:|1776560379\n|move|p1a: Basculegion|Flip Turn|p2b: Garchomp\n|-damage|p2b: Garchomp|0 fnt\n|-damage|p1a: Basculegion|88/100|[from] ability: Rough Skin|[of] p2b: Garchomp\n|faint|p2b: Garchomp\n|\n|t:|1776560384\n|switch|p1a: Kingambit|Kingambit, L50, F|100/100|[from] Flip Turn\n|move|p2a: Gengar|Shadow Ball|p1a: Kingambit\n|-resisted|p1a: Kingambit|1\n|-damage|p1a: Kingambit|74/100\n|move|p1b: Archaludon|Electro Shot||[still]\n|-prepare|p1b: Archaludon|Electro Shot\n|-boost|p1b: Archaludon|spa|1\n|-anim|p1b: Archaludon|Electro Shot|p2a: Gengar\n|-damage|p2a: Gengar|20/100\n|\n|-weather|none\n|-heal|p1b: Archaludon|72/100|[from] item: Leftovers\n|upkeep\n|\n|t:|1776560387\n|switch|p2b: Lucario|Lucario, L50, M|100/100\n|turn|6\n|\n|t:|1776560401\n|move|p1a: Kingambit|Sucker Punch|p2a: Gengar\n|-supereffective|p2a: Gengar|1\n|-damage|p2a: Gengar|0 fnt\n|faint|p2a: Gengar\n|move|p2b: Lucario|Close Combat|p1a: Kingambit\n|-supereffective|p1a: Kingambit|2\n|-crit|p1a: Kingambit\n|-enditem|p1a: Kingambit|Chople Berry|[eat]\n|-enditem|p1a: Kingambit|Chople Berry|[weaken]\n|-damage|p1a: Kingambit|0 fnt\n|-unboost|p2b: Lucario|def|1\n|-unboost|p2b: Lucario|spd|1\n|faint|p1a: Kingambit\n|move|p1b: Archaludon|Draco Meteor|p2b: Lucario\n|-resisted|p2b: Lucario|1\n|-damage|p2b: Lucario|0 fnt\n|-unboost|p1b: Archaludon|spa|2\n|faint|p2b: Lucario\n|\n|win|treeshhhh\n|raw|treeshhhh's rating: 1206 &rarr; <strong>1237</strong><br />(+31 for winning)\n|raw|baronmigu's rating: 1296 &rarr; <strong>1265</strong><br />(-31 for losing)\n",
  "uploadtime": 1776560418,
  "views": 19,
  "formatid": "gen9championsvgc2026regma",
  "rating": 1237,
  "private": 0,
  "password": null
}