{
  "id": "gen9championsvgc2026regma-2585136161",
  "format": "[Gen 9 Champions] VGC 2026 Reg M-A",
  "players": [
    "polkatimes",
    "cjcj yo"
  ],
  "log": "|j|\u2606polkatimes\n|j|\u2606cjcj yo\n|t:|1776316121\n|gametype|doubles\n|player|p1|polkatimes|maylene|1150\n|player|p2|cjcj yo|266|1229\n|gen|9\n|tier|[Gen 9 Champions] VGC 2026 Reg M-A\n|rated|\n|rule|Species Clause: Limit one of each Pok\u00e9mon\n|rule|Item Clause: Limit 1 of each item\n|clearpoke\n|poke|p1|Froslass, L50, F|\n|poke|p1|Mamoswine, L50, F|\n|poke|p1|Ninetales-Alola, L50, M|\n|poke|p1|Floette-Eternal, L50, F|\n|poke|p1|Milotic, L50, M|\n|poke|p1|Ditto, L50|\n|poke|p2|Lopunny, L50, M|\n|poke|p2|Sneasler, L50, F|\n|poke|p2|Kingambit, L50, M|\n|poke|p2|Volcarona, L50, M|\n|poke|p2|Whimsicott, L50, M|\n|poke|p2|Farigiraf, L50, F|\n|teampreview|4\n|\n|t:|1776316145\n|teamsize|p1|4\n|teamsize|p2|4\n|start\n|switch|p1a: Froslass|Froslass, L50, F|100/100\n|switch|p1b: Mamoswine|Mamoswine, L50, F|100/100\n|switch|p2a: Lopunny|Lopunny, L50, M|100/100\n|switch|p2b: Sneasler|Sneasler, L50, F|100/100\n|turn|1\n|\n|t:|1776316176\n|detailschange|p2a: Lopunny|Lopunny-Mega, L50, M\n|-mega|p2a: Lopunny|Lopunny|Lopunnite\n|detailschange|p1a: Froslass|Froslass-Mega, L50, F\n|-mega|p1a: Froslass|Froslass|Froslassite\n|-weather|Snowscape|[from] ability: Snow Warning|[of] p1a: Froslass\n|move|p1a: Froslass|Protect|p1a: Froslass\n|-singleturn|p1a: Froslass|Protect\n|move|p2a: Lopunny|Fake Out|p1a: Froslass\n|-activate|p1a: Froslass|move: Protect\n|move|p2b: Sneasler|Close Combat|p1b: Mamoswine|[miss]\n|-miss|p2b: Sneasler|p1b: Mamoswine\n|move|p1b: Mamoswine|Curse|p1b: Mamoswine\n|-unboost|p1b: Mamoswine|spe|1\n|-boost|p1b: Mamoswine|atk|1\n|-boost|p1b: Mamoswine|def|1\n|\n|-weather|Snowscape|[upkeep]\n|upkeep\n|turn|2\n|\n|t:|1776316201\n|switch|p1a: Milotic|Milotic, L50, M|100/100\n|move|p2a: Lopunny|Close Combat|p1a: Milotic\n|-damage|p1a: Milotic|35/100\n|-unboost|p2a: Lopunny|def|1\n|-unboost|p2a: Lopunny|spd|1\n|move|p2b: Sneasler|Close Combat|p1b: Mamoswine|[miss]\n|-miss|p2b: Sneasler|p1b: Mamoswine\n|move|p1b: Mamoswine|Earthquake|p2b: Sneasler|[spread] p1a,p2a,p2b\n|-supereffective|p2b: Sneasler|1\n|-damage|p1a: Milotic|0 fnt\n|-damage|p2a: Lopunny|5/100\n|-damage|p2b: Sneasler|0 fnt\n|faint|p1a: Milotic\n|faint|p2b: Sneasler\n|\n|-weather|Snowscape|[upkeep]\n|upkeep\n|\n|t:|1776316218\n|switch|p2b: Volcarona|Volcarona, L50, M|100/100\n|switch|p1a: Ditto|Ditto, L50|100/100\n|-transform|p1a: Ditto|p2b: Volcarona|[from] ability: Imposter\n|turn|3\n|\n|t:|1776316229\n|move|p2a: Lopunny|Protect|p2a: Lopunny\n|-singleturn|p2a: Lopunny|Protect\n|move|p1b: Mamoswine|Protect|p1b: Mamoswine\n|-singleturn|p1b: Mamoswine|Protect\n|move|p1a: Ditto|Heat Wave|p2a: Lopunny|[spread] p2b\n|-activate|p2a: Lopunny|move: Protect\n|-damage|p2b: Volcarona|67/100\n|move|p2b: Volcarona|Heat Wave|p1a: Ditto|[spread] p1a\n|-activate|p1b: Mamoswine|move: Protect\n|-damage|p1a: Ditto|53/100\n|\n|-weather|Snowscape|[upkeep]\n|upkeep\n|turn|4\n|\n|t:|1776316250\n|switch|p2a: Kingambit|Kingambit, L50, M|100/100\n|move|p1a: Ditto|Heat Wave|p2a: Kingambit|[spread] p2a,p2b\n|-supereffective|p2a: Kingambit|1\n|-damage|p2a: Kingambit|31/100\n|-damage|p2b: Volcarona|35/100\n|-status|p2a: Kingambit|brn\n|-enditem|p2b: Volcarona|Sitrus Berry|[eat]\n|-heal|p2b: Volcarona|60/100|[from] item: Sitrus Berry\n|move|p2b: Volcarona|Quiver Dance|p2b: Volcarona\n|-boost|p2b: Volcarona|spa|1\n|-boost|p2b: Volcarona|spd|1\n|-boost|p2b: Volcarona|spe|1\n|move|p1b: Mamoswine|Icicle Crash|p2b: Volcarona\n|-resisted|p2b: Volcarona|1\n|-damage|p2b: Volcarona|25/100\n|\n|-weather|Snowscape|[upkeep]\n|-damage|p2a: Kingambit|25/100 brn|[from] brn\n|upkeep\n|turn|5\n|\n|t:|1776316273\n|move|p2a: Kingambit|Sucker Punch|p1a: Ditto\n|-damage|p1a: Ditto|14/100\n|move|p2b: Volcarona|Heat Wave|p1a: Ditto|[spread] p1a,p1b\n|-supereffective|p1b: Mamoswine|1\n|-damage|p1a: Ditto|0 fnt\n|-damage|p1b: Mamoswine|12/100\n|-status|p1b: Mamoswine|brn\n|faint|p1a: Ditto\n|move|p1b: Mamoswine|Earthquake|p2a: Kingambit|[spread] p2a,p2b\n|-supereffective|p2a: Kingambit|1\n|-crit|p2a: Kingambit\n|-damage|p2a: Kingambit|0 fnt\n|-damage|p2b: Volcarona|0 fnt\n|faint|p2a: Kingambit\n|faint|p2b: Volcarona\n|\n|-weather|none\n|-damage|p1b: Mamoswine|6/100 brn|[from] brn\n|upkeep\n|\n|t:|1776316284\n|switch|p2b: Lopunny|Lopunny-Mega, L50, M|5/100\n|switch|p1a: Froslass|Froslass-Mega, L50, F|100/100\n|-weather|Snowscape|[from] ability: Snow Warning|[of] p1a: Froslass\n|turn|6\n|\n|t:|1776316292\n|move|p2b: Lopunny|Protect|p2b: Lopunny\n|-singleturn|p2b: Lopunny|Protect\n|move|p1a: Froslass|Blizzard|p2b: Lopunny\n|-activate|p2b: Lopunny|move: Protect\n|move|p1b: Mamoswine|Earthquake|p2b: Lopunny|[spread] p1a\n|-activate|p2b: Lopunny|move: Protect\n|-damage|p1a: Froslass|72/100\n|\n|-weather|Snowscape|[upkeep]\n|-damage|p1b: Mamoswine|0 fnt|[from] brn\n|faint|p1b: Mamoswine\n|upkeep\n|turn|7\n|\n|t:|1776316306\n|move|p2b: Lopunny|Close Combat|p1a: Froslass\n|-supereffective|p1a: Froslass|1\n|-crit|p1a: Froslass\n|-damage|p1a: Froslass|0 fnt\n|-unboost|p2b: Lopunny|def|1\n|-unboost|p2b: Lopunny|spd|1\n|faint|p1a: Froslass\n|\n|win|cjcj yo\n|raw|polkatimes's rating: 1150 &rarr; <strong>1131</strong><br />(-19 for losing)\n|raw|cjcj yo's rating: 1229 &rarr; <strong>1248</strong><br />(+19 for winning)\n|l|\u2606polkatimes\n|player|p1|\n",
  "uploadtime": 1776316314,
  "views": 19,
  "formatid": "gen9championsvgc2026regma",
  "rating": 1131,
  "private": 0,
  "password": null
}