{
  "id": "gen9championsvgc2026regma-2584976577",
  "format": "[Gen 9 Champions] VGC 2026 Reg M-A",
  "players": [
    "buffawing",
    "lulodircreoskixd"
  ],
  "log": "|j|\u2606buffawing\n|j|\u2606lulodircreoskixd\n|t:|1776299881\n|gametype|doubles\n|player|p1|buffawing|101|1035\n|player|p2|lulodircreoskixd|drayden|1045\n|gen|9\n|tier|[Gen 9 Champions] VGC 2026 Reg M-A\n|rated|\n|rule|Species Clause: Limit one of each Pok\u00e9mon\n|rule|Item Clause: Limit 1 of each item\n|clearpoke\n|poke|p1|Glimmora, L50, F|\n|poke|p1|Sinistcha, L50|\n|poke|p1|Tyranitar, L50, M|\n|poke|p1|Sableye, L50, M|\n|poke|p1|Aerodactyl, L50, F|\n|poke|p1|Meganium, L50, M|\n|poke|p2|Sinistcha-Masterpiece, L50|\n|poke|p2|Crabominable, L50, M|\n|poke|p2|Avalugg, L50, F|\n|poke|p2|Sneasler, L50, F|\n|poke|p2|Farigiraf, L50, M|\n|poke|p2|Incineroar, L50, F|\n|teampreview|4\n|\n|t:|1776299901\n|teamsize|p1|4\n|teamsize|p2|4\n|start\n|switch|p1a: Tyranitar|Tyranitar, L50, M|100/100\n|switch|p1b: Aerodactyl|Aerodactyl, L50, F|100/100\n|switch|p2a: Farigiraf|Farigiraf, L50, M|100/100\n|switch|p2b: Avalugg|Avalugg, L50, F|100/100\n|-ability|p1b: Aerodactyl|Unnerve\n|-weather|Sandstorm|[from] ability: Sand Stream|[of] p1a: Tyranitar\n|turn|1\n|\n|t:|1776299919\n|move|p1b: Aerodactyl|Stealth Rock|p2a: Farigiraf\n|-sidestart|p2: lulodircreoskixd|move: Stealth Rock\n|move|p1a: Tyranitar|Knock Off|p2a: Farigiraf\n|-supereffective|p2a: Farigiraf|1\n|-damage|p2a: Farigiraf|10/100\n|-enditem|p2a: Farigiraf|Mental Herb|[from] move: Knock Off|[of] p1a: Tyranitar\n|move|p2b: Avalugg|Body Press|p1a: Tyranitar\n|-supereffective|p1a: Tyranitar|2\n|-damage|p1a: Tyranitar|11/100\n|move|p2a: Farigiraf|Trick Room|p2a: Farigiraf\n|-fieldstart|move: Trick Room|[of] p2a: Farigiraf\n|\n|-weather|Sandstorm|[upkeep]\n|-damage|p2b: Avalugg|95/100|[from] Sandstorm\n|-damage|p2a: Farigiraf|4/100|[from] Sandstorm\n|upkeep\n|turn|2\n|\n|t:|1776299937\n|switch|p1b: Sinistcha|Sinistcha, L50|100/100\n|-heal|p1a: Tyranitar|36/100|[from] ability: Hospitality|[of] p1b: Sinistcha\n|move|p1a: Tyranitar|Protect|p1a: Tyranitar\n|-singleturn|p1a: Tyranitar|Protect\n|move|p2b: Avalugg|Gyro Ball|p1b: Sinistcha\n|-damage|p1b: Sinistcha|86/100\n|move|p2a: Farigiraf|Dazzling Gleam|p1b: Sinistcha|[spread] p1b\n|-activate|p1a: Tyranitar|move: Protect\n|-damage|p1b: Sinistcha|63/100\n|\n|-weather|Sandstorm|[upkeep]\n|-damage|p2b: Avalugg|89/100|[from] Sandstorm\n|-damage|p2a: Farigiraf|0 fnt|[from] Sandstorm\n|-damage|p1b: Sinistcha|57/100|[from] Sandstorm\n|faint|p2a: Farigiraf\n|upkeep\n|\n|t:|1776299941\n|switch|p2a: Crabominable|Crabominable, L50, M|100/100\n|-damage|p2a: Crabominable|88/100|[from] Stealth Rock\n|turn|3\n|\n|t:|1776299964\n|switch|p1a: Meganium|Meganium, L50, M|100/100\n|move|p2b: Avalugg|Frost Breath|p2a: Crabominable\n|-resisted|p2a: Crabominable|1\n|-crit|p2a: Crabominable\n|-damage|p2a: Crabominable|75/100\n|-setboost|p2a: Crabominable|atk|6|[from] ability: Anger Point\n|move|p2a: Crabominable|Drain Punch|p1a: Meganium\n|-crit|p1a: Meganium\n|-damage|p1a: Meganium|0 fnt\n|-heal|p2a: Crabominable|100/100|[from] drain|[of] p1a: Meganium\n|faint|p1a: Meganium\n|move|p1b: Sinistcha|Matcha Gotcha|p2a: Crabominable|[spread] p2a,p2b\n|-damage|p2a: Crabominable|69/100\n|-heal|p1b: Sinistcha|79/100|[from] drain|[of] p2a: Crabominable\n|-damage|p2b: Avalugg|57/100\n|-heal|p1b: Sinistcha|100/100|[from] drain|[of] p2b: Avalugg\n|\n|-weather|Sandstorm|[upkeep]\n|-damage|p2b: Avalugg|51/100|[from] Sandstorm\n|-damage|p2a: Crabominable|63/100|[from] Sandstorm\n|-damage|p1b: Sinistcha|94/100|[from] Sandstorm\n|upkeep\n|c|\u2606lulodircreoskixd|yare yare daze\n|\n|t:|1776299988\n|switch|p1a: Tyranitar|Tyranitar, L50, M|36/100\n|turn|4\n|\n|t:|1776300007\n|detailschange|p2a: Crabominable|Crabominable-Mega, L50, M\n|-mega|p2a: Crabominable|Crabominable|Crabominite\n|detailschange|p1a: Tyranitar|Tyranitar-Mega, L50, M\n|-mega|p1a: Tyranitar|Tyranitar|Tyranitarite\n|move|p1a: Tyranitar|Protect|p1a: Tyranitar\n|-singleturn|p1a: Tyranitar|Protect\n|move|p2b: Avalugg|Body Press|p1a: Tyranitar\n|-activate|p1a: Tyranitar|move: Protect\n|move|p2a: Crabominable|Ice Punch|p1b: Sinistcha\n|-supereffective|p1b: Sinistcha|1\n|-damage|p1b: Sinistcha|0 fnt\n|faint|p1b: Sinistcha\n|\n|-weather|Sandstorm|[upkeep]\n|-damage|p2b: Avalugg|46/100|[from] Sandstorm\n|-damage|p2a: Crabominable|57/100|[from] Sandstorm\n|upkeep\n|\n|t:|1776300019\n|switch|p1b: Aerodactyl|Aerodactyl, L50, F|100/100\n|-ability|p1b: Aerodactyl|Unnerve\n|turn|5\n|\n|t:|1776300054\n|move|p2b: Avalugg|Body Press|p1a: Tyranitar\n|-supereffective|p1a: Tyranitar|2\n|-damage|p1a: Tyranitar|0 fnt\n|faint|p1a: Tyranitar\n|move|p2a: Crabominable|Ice Punch|p1b: Aerodactyl\n|-supereffective|p1b: Aerodactyl|1\n|-damage|p1b: Aerodactyl|0 fnt\n|faint|p1b: Aerodactyl\n|\n|win|lulodircreoskixd\n|raw|buffawing's rating: 1035 &rarr; <strong>1020</strong><br />(-15 for losing)\n|raw|lulodircreoskixd's rating: 1045 &rarr; <strong>1077</strong><br />(+32 for winning)\n",
  "uploadtime": 1776300063,
  "views": 36,
  "formatid": "gen9championsvgc2026regma",
  "rating": 1020,
  "private": 0,
  "password": null
}