{
  "id": "gen9championsvgc2026regma-2587642003",
  "format": "[Gen 9 Champions] VGC 2026 Reg M-A",
  "players": [
    "TTT x",
    "flamingfearow2"
  ],
  "log": "|j|\u2606TTT x\n|j|\u2606flamingfearow2\n|html|<table width=\"100%\"><tr><td align=\"left\">TTT x</td><td align=\"right\">flamingfearow2</tr><tr><td align=\"left\"><i class=\"fa fa-circle\"></i> <i class=\"fa fa-circle-o\"></i> </td><td align=\"right\"><i class=\"fa fa-circle-o\"></i> <i class=\"fa fa-circle\"></i> </tr></table>\n|uhtml|bestof|<h2><strong>Game 3</strong> of <a href=\"/game-bestof3-gen9championsvgc2026regma-2587637624\">a best-of-3</a></h2>\n|t:|1776549642\n|gametype|doubles\n|player|p1|TTT x|#smogonxnpa2025draftee|\n|player|p2|flamingfearow2|266|\n|gen|9\n|tier|[Gen 9 Champions] VGC 2026 Reg M-A\n|rated|Tournament battle\n|rule|Species Clause: Limit one of each Pok\u00e9mon\n|rule|Item Clause: Limit 1 of each item\n|raw|<div class=\"infobox\"><details class=\"readmore\" open><summary><strong>2 custom rules:</strong></summary> Force Open Team Sheets, Best of = 3</details></div>\n|clearpoke\n|poke|p1|Archaludon, L50, F|\n|poke|p1|Scovillain, L50, F|\n|poke|p1|Sinistcha, L50|\n|poke|p1|Pelipper, L50, F|\n|poke|p1|Scizor, L50, F|\n|poke|p1|Incineroar, L50, F|\n|poke|p2|Scovillain, L50, F|\n|poke|p2|Garganacl, L50, M|\n|poke|p2|Kommo-o, L50, M|\n|poke|p2|Palafin, L50, F|\n|poke|p2|Scizor, L50, F|\n|poke|p2|Incineroar, L50, F|\n|teampreview|4\n|showteam|p1|Archaludon||Leftovers|Stamina|ElectroShot,DragonPulse,Snarl,Protect|||F|||50|]Scovillain||Scovillainite|Moody|Overheat,LeechSeed,RagePowder,Protect|||F|||50|]Sinistcha||KasibBerry|Hospitality|ShadowBall,LifeDew,RagePowder,Protect||||||50|]Pelipper||SitrusBerry|Drizzle|WeatherBall,Tailwind,RainDance,Protect|||F|||50|]Scizor||Scizorite|Technician|BulletPunch,BugBite,SwordsDance,Protect|||F|||50|]Incineroar||ChopleBerry|Intimidate|FakeOut,FlareBlitz,WillOWisp,PartingShot|||F|||50|\n|showteam|p2|Scovillain||Scovillainite|Chlorophyll|Protect,RagePowder,Overheat,LeechSeed|||F|||50|]Garganacl||Leftovers|PurifyingSalt|Protect,Recover,SaltCure,StealthRock|||M|||50|]Kommo-o||DragonFang|Overcoat|Protect,ClangingScales,ClangorousSoul,AuraSphere|||M|||50|]Palafin||MysticWater|ZerotoHero|Protect,JetPunch,FlipTurn,WaveCrash|||F|||50|]Scizor||MetalCoat|Technician|Protect,SwordsDance,BulletPunch,BugBite|||F|||50|]Incineroar||ShucaBerry|Intimidate|FakeOut,PartingShot,ThroatChop,FlareBlitz|||F|||50|\n|inactive|Battle timer is ON: inactive players will automatically lose when time's up. (requested by flamingfearow2)\n|j|@Radio Free C-Side\n|j|@Therazer456\n|j| howdy12345\n|j| 23456ujhgrew\n|inactive|flamingfearow2 has 60 seconds left.\n|inactive|flamingfearow2 has 30 seconds left.\n|\n|t:|1776549703\n|teamsize|p1|4\n|teamsize|p2|4\n|start\n|switch|p1a: Scovillain|Scovillain, L50, F|100/100\n|switch|p1b: Incineroar|Incineroar, L50, F|100/100\n|switch|p2a: Garganacl|Garganacl, L50, M|100/100\n|switch|p2b: Incineroar|Incineroar, L50, F|100/100\n|-ability|p2b: Incineroar|Intimidate|boost\n|-unboost|p1a: Scovillain|atk|1\n|-unboost|p1b: Incineroar|atk|1\n|-ability|p1b: Incineroar|Intimidate|boost\n|-unboost|p2a: Garganacl|atk|1\n|-unboost|p2b: Incineroar|atk|1\n|turn|1\n|\n|t:|1776549714\n|detailschange|p1a: Scovillain|Scovillain-Mega, L50, F\n|-mega|p1a: Scovillain|Scovillain|Scovillainite\n|move|p2b: Incineroar|Fake Out|p1b: Incineroar\n|-damage|p1b: Incineroar|93/100\n|cant|p1b: Incineroar|flinch\n|move|p1a: Scovillain|Leech Seed|p2a: Garganacl\n|-start|p2a: Garganacl|move: Leech Seed\n|move|p2a: Garganacl|Stealth Rock|p1a: Scovillain\n|-sidestart|p1: TTT x|move: Stealth Rock\n|\n|-damage|p2a: Garganacl|88/100|[from] Leech Seed|[of] p1a: Scovillain\n|upkeep\n|turn|2\n|inactive|flamingfearow2 has 30 seconds left.\n|\n|t:|1776549749\n|switch|p1b: Archaludon|Archaludon, L50, F|100/100\n|-damage|p1b: Archaludon|94/100|[from] Stealth Rock\n|move|p1a: Scovillain|Protect|p1a: Scovillain\n|-singleturn|p1a: Scovillain|Protect\n|move|p2b: Incineroar|Parting Shot|p1b: Archaludon\n|-unboost|p1b: Archaludon|atk|1\n|-unboost|p1b: Archaludon|spa|1\n|j|+holdingb\n|\n|t:|1776549759\n|switch|p2b: Scovillain|Scovillain, L50, F|100/100|[from] Parting Shot\n|move|p2a: Garganacl|Salt Cure|p1b: Archaludon\n|-resisted|p1b: Archaludon|1\n|-damage|p1b: Archaludon|91/100\n|-start|p1b: Archaludon|Salt Cure\n|-ability|p1b: Archaludon|Stamina|boost\n|-boost|p1b: Archaludon|def|1\n|\n|-heal|p1b: Archaludon|97/100|[from] item: Leftovers\n|-heal|p2a: Garganacl|94/100|[from] item: Leftovers\n|-damage|p2a: Garganacl|82/100|[from] Leech Seed|[of] p1a: Scovillain\n|-damage|p1b: Archaludon|85/100|[from] Salt Cure\n|upkeep\n|turn|3\n|\n|t:|1776549773\n|switch|p2a: Incineroar|Incineroar, L50, F|100/100\n|-ability|p2a: Incineroar|Intimidate|boost\n|-unboost|p1a: Scovillain|atk|1\n|-unboost|p1b: Archaludon|atk|1\n|detailschange|p2b: Scovillain|Scovillain-Mega, L50, F\n|-mega|p2b: Scovillain|Scovillain|Scovillainite\n|move|p1b: Archaludon|Dragon Pulse|p2b: Scovillain\n|-damage|p2b: Scovillain|73/100\n|-status|p1b: Archaludon|brn|[from] ability: Spicy Spray|[of] p2b: Scovillain\n|move|p1a: Scovillain|Overheat|p2b: Scovillain\n|-damage|p2b: Scovillain|5/100\n|-unboost|p1a: Scovillain|spa|2\n|-immune|p1a: Scovillain\n|move|p2b: Scovillain|Leech Seed|p1b: Archaludon\n|-start|p1b: Archaludon|move: Leech Seed\n|\n|-heal|p1b: Archaludon|91/100 brn|[from] item: Leftovers\n|-damage|p1b: Archaludon|79/100 brn|[from] Leech Seed|[of] p2b: Scovillain\n|-heal|p2b: Scovillain|19/100|[silent]\n|-damage|p1b: Archaludon|72/100 brn|[from] brn\n|-damage|p1b: Archaludon|60/100 brn|[from] Salt Cure\n|upkeep\n|turn|4\n|\n|t:|1776549796\n|switch|p1b: Sinistcha|Sinistcha, L50|100/100\n|-damage|p1b: Sinistcha|88/100|[from] Stealth Rock\n|switch|p1a: Incineroar|Incineroar, L50, F|93/100\n|-damage|p1a: Incineroar|68/100|[from] Stealth Rock\n|-ability|p1a: Incineroar|Intimidate|boost\n|-unboost|p2a: Incineroar|atk|1\n|-unboost|p2b: Scovillain|atk|1\n|move|p2b: Scovillain|Protect|p2b: Scovillain\n|-singleturn|p2b: Scovillain|Protect\n|move|p2a: Incineroar|Parting Shot|p1a: Incineroar\n|-unboost|p1a: Incineroar|atk|1\n|-unboost|p1a: Incineroar|spa|1\n|\n|t:|1776549815\n|switch|p2a: Garganacl|Garganacl, L50, M|82/100|[from] Parting Shot\n|\n|-heal|p2a: Garganacl|88/100|[from] item: Leftovers\n|upkeep\n|turn|5\n|\n|t:|1776549826\n|switch|p2b: Incineroar|Incineroar, L50, F|100/100\n|-ability|p2b: Incineroar|Intimidate|boost\n|-unboost|p1a: Incineroar|atk|1\n|-unboost|p1b: Sinistcha|atk|1\n|move|p1a: Incineroar|Fake Out|p2b: Incineroar\n|-damage|p2b: Incineroar|96/100\n|move|p1b: Sinistcha|Shadow Ball|p2b: Incineroar\n|-resisted|p2b: Incineroar|1\n|-damage|p2b: Incineroar|83/100\n|move|p2a: Garganacl|Salt Cure|p1b: Sinistcha\n|-damage|p1b: Sinistcha|77/100\n|-start|p1b: Sinistcha|Salt Cure\n|\n|-heal|p2a: Garganacl|94/100|[from] item: Leftovers\n|-damage|p1b: Sinistcha|71/100|[from] Salt Cure\n|upkeep\n|turn|6\n|inactive|TTT x has 30 seconds left.\n|\n|t:|1776549851\n|switch|p1a: Scovillain|Scovillain-Mega, L50, F|100/100\n|-damage|p1a: Scovillain|76/100|[from] Stealth Rock\n|move|p1b: Sinistcha|Life Dew|p1b: Sinistcha|[spread] p1a,p1b\n|-heal|p1a: Scovillain|100/100\n|-heal|p1b: Sinistcha|96/100\n|move|p2b: Incineroar|Flare Blitz|p1b: Sinistcha\n|-supereffective|p1b: Sinistcha|1\n|-damage|p1b: Sinistcha|28/100\n|-damage|p2b: Incineroar|63/100|[from] Recoil\n|move|p2a: Garganacl|Salt Cure|p1b: Sinistcha\n|-damage|p1b: Sinistcha|16/100\n|\n|-heal|p2a: Garganacl|99/100|[from] item: Leftovers\n|-damage|p1b: Sinistcha|10/100|[from] Salt Cure\n|upkeep\n|turn|7\n|\n|t:|1776549874\n|switch|p1b: Archaludon|Archaludon, L50, F|60/100 brn\n|-damage|p1b: Archaludon|54/100 brn|[from] Stealth Rock\n|move|p1a: Scovillain|Leech Seed|p2b: Incineroar\n|-start|p2b: Incineroar|move: Leech Seed\n|move|p2b: Incineroar|Parting Shot|p1b: Archaludon\n|-unboost|p1b: Archaludon|atk|1\n|-unboost|p1b: Archaludon|spa|1\n|c|@Radio Free C-Side|rocks garg is fun as hell\n|inactive|flamingfearow2 has 30 seconds left.\n|inactive|flamingfearow2 has 20 seconds left.\n|c|\u2606TTT x|Not for me\n|inactive|flamingfearow2 has 15 seconds left.\n|inactive|flamingfearow2 has 10 seconds left.\n|\n|t:|1776549920\n|switch|p2b: Kommo-o|Kommo-o, L50, M|100/100|[from] Parting Shot\n|move|p2a: Garganacl|Salt Cure|p1a: Scovillain\n|-supereffective|p1a: Scovillain|1\n|-damage|p1a: Scovillain|71/100\n|-start|p1a: Scovillain|Salt Cure\n|\n|-heal|p1b: Archaludon|60/100 brn|[from] item: Leftovers\n|-heal|p2a: Garganacl|100/100|[from] item: Leftovers\n|-damage|p1b: Archaludon|54/100 brn|[from] brn\n|-damage|p1a: Scovillain|65/100|[from] Salt Cure\n|upkeep\n|turn|8\n|c|@Radio Free C-Side|shouldve run defog scizor\n|c|@Radio Free C-Side|gotta prepare for the rocks garg mu obv\n|\n|t:|1776549941\n|move|p2b: Kommo-o|Protect|p2b: Kommo-o\n|-singleturn|p2b: Kommo-o|Protect\n|move|p1b: Archaludon|Dragon Pulse|p2b: Kommo-o\n|-activate|p2b: Kommo-o|move: Protect\n|move|p1a: Scovillain|Leech Seed|p2a: Garganacl|[miss]\n|-miss|p1a: Scovillain|p2a: Garganacl\n|move|p2a: Garganacl|Salt Cure|p1b: Archaludon\n|-resisted|p1b: Archaludon|1\n|-damage|p1b: Archaludon|48/100 brn\n|-start|p1b: Archaludon|Salt Cure\n|-ability|p1b: Archaludon|Stamina|boost\n|-boost|p1b: Archaludon|def|1\n|\n|-heal|p1b: Archaludon|54/100 brn|[from] item: Leftovers\n|-damage|p1b: Archaludon|48/100 brn|[from] brn\n|-damage|p1b: Archaludon|35/100 brn|[from] Salt Cure\n|-damage|p1a: Scovillain|59/100|[from] Salt Cure\n|upkeep\n|turn|9\n|inactive|flamingfearow2 has 30 seconds left.\n|\n|t:|1776549968\n|switch|p2a: Scovillain|Scovillain-Mega, L50, F|19/100\n|move|p2b: Kommo-o|Clanging Scales|p1b: Archaludon|[spread] p1a,p1b\n|-damage|p1a: Scovillain|8/100\n|-damage|p1b: Archaludon|0 fnt\n|-status|p2b: Kommo-o|brn|[from] ability: Spicy Spray|[of] p1a: Scovillain\n|faint|p1b: Archaludon\n|-unboost|p2b: Kommo-o|def|1\n|move|p1a: Scovillain|Leech Seed|p2b: Kommo-o\n|-start|p2b: Kommo-o|move: Leech Seed\n|\n|-damage|p2b: Kommo-o|88/100 brn|[from] Leech Seed|[of] p1a: Scovillain\n|-heal|p1a: Scovillain|19/100|[silent]\n|-damage|p2b: Kommo-o|82/100 brn|[from] brn\n|-damage|p1a: Scovillain|13/100|[from] Salt Cure\n|upkeep\n|\n|t:|1776549974\n|switch|p1b: Sinistcha|Sinistcha, L50|10/100\n|-damage|p1b: Sinistcha|0 fnt|[from] Stealth Rock\n|faint|p1b: Sinistcha\n|c|\u2606TTT x|Ggs\n|j| TaxiCAB2\n|-message|TTT x forfeited.\n|\n|win|flamingfearow2\n|l|\u2606TTT x\n|player|p1|\n|l| TaxiCAB2\n",
  "uploadtime": 1776549991,
  "views": 47,
  "formatid": "gen9championsvgc2026regma",
  "rating": null,
  "private": 0,
  "password": null
}