{
  "id": "gen9championsvgc2026regma-2587626644",
  "format": "[Gen 9 Champions] VGC 2026 Reg M-A",
  "players": [
    "johnpork3000",
    "Warehouse User"
  ],
  "log": "|j|\u2606johnpork3000\n|j|\u2606Warehouse User\n|t:|1776548202\n|gametype|doubles\n|player|p1|johnpork3000|sage|1000\n|player|p2|Warehouse User|169|1026\n|gen|9\n|tier|[Gen 9 Champions] VGC 2026 Reg M-A\n|rated|\n|rule|Species Clause: Limit one of each Pok\u00e9mon\n|rule|Item Clause: Limit 1 of each item\n|clearpoke\n|poke|p1|Espathra, L50, M|\n|poke|p1|Dragonite, L50, F|\n|poke|p1|Incineroar, L50, M|\n|poke|p1|Milotic, L50, F|\n|poke|p1|Sneasler, L50, F|\n|poke|p1|Venusaur, L50, M|\n|poke|p2|Aegislash, L50, F|\n|poke|p2|Maushold-Four, L50|\n|poke|p2|Azumarill, L50, F|\n|poke|p2|Whimsicott, L50, F|\n|poke|p2|Beedrill, L50, F|\n|poke|p2|Castform, L50, M|\n|teampreview|4\n|\n|t:|1776548222\n|teamsize|p1|4\n|teamsize|p2|4\n|start\n|switch|p1a: Espathra|Espathra, L50, M|100/100\n|switch|p1b: Incineroar|Incineroar, L50, M|100/100\n|switch|p2a: Aegislash|Aegislash, L50, F|100/100\n|switch|p2b: Maushold|Maushold-Four, L50|100/100\n|-ability|p1b: Incineroar|Intimidate|boost\n|-unboost|p2a: Aegislash|atk|1\n|-unboost|p2b: Maushold|atk|1\n|turn|1\n|\n|t:|1776548238\n|move|p2b: Maushold|Protect|p2b: Maushold\n|-singleturn|p2b: Maushold|Protect\n|move|p1a: Espathra|Protect|p1a: Espathra\n|-singleturn|p1a: Espathra|Protect\n|move|p1b: Incineroar|Fake Out|p2b: Maushold\n|-activate|p2b: Maushold|move: Protect\n|move|p2a: Aegislash|Swords Dance|p2a: Aegislash\n|-boost|p2a: Aegislash|atk|2\n|\n|-ability|p1a: Espathra|Speed Boost|boost\n|-boost|p1a: Espathra|spe|1\n|upkeep\n|turn|2\n|\n|t:|1776548264\n|move|p2b: Maushold|Follow Me|p2b: Maushold\n|-singleturn|p2b: Maushold|move: Follow Me\n|move|p1a: Espathra|Calm Mind|p1a: Espathra\n|-boost|p1a: Espathra|spa|1\n|-boost|p1a: Espathra|spd|1\n|move|p2a: Aegislash|Swords Dance|p2a: Aegislash\n|-boost|p2a: Aegislash|atk|2\n|move|p1b: Incineroar|Flare Blitz|p2b: Maushold\n|-damage|p2b: Maushold|38/100\n|-damage|p1b: Incineroar|84/100|[from] Recoil\n|\n|-ability|p1a: Espathra|Speed Boost|boost\n|-boost|p1a: Espathra|spe|1\n|upkeep\n|turn|3\n|\n|t:|1776548304\n|move|p2b: Maushold|Follow Me|p2b: Maushold\n|-singleturn|p2b: Maushold|move: Follow Me\n|move|p1a: Espathra|Baton Pass|p1a: Espathra\n|\n|t:|1776548308\n|switch|p1a: Milotic|Milotic, L50, F|100/100|[from] Baton Pass\n|move|p1b: Incineroar|Parting Shot|p2b: Maushold\n|-unboost|p2b: Maushold|atk|1\n|-unboost|p2b: Maushold|spa|1\n|\n|t:|1776548322\n|switch|p1b: Espathra|Espathra, L50, M|100/100|[from] Parting Shot\n|-formechange|p2a: Aegislash|Aegislash-Blade|\n|move|p2a: Aegislash|Sacred Sword|p1b: Espathra\n|-resisted|p1b: Espathra|1\n|-damage|p1b: Espathra|46/100\n|\n|upkeep\n|turn|4\n|\n|t:|1776548351\n|move|p2b: Maushold|Protect|p2b: Maushold\n|-singleturn|p2b: Maushold|Protect\n|move|p1b: Espathra|Protect|p1b: Espathra\n|-singleturn|p1b: Espathra|Protect\n|move|p2a: Aegislash|Shadow Sneak|p1a: Milotic\n|-damage|p1a: Milotic|38/100\n|move|p1a: Milotic|Scald|p2a: Aegislash\n|-damage|p2a: Aegislash|47/100\n|-status|p2a: Aegislash|brn\n|\n|-heal|p1a: Milotic|44/100|[from] item: Leftovers\n|-damage|p2a: Aegislash|41/100 brn|[from] brn\n|-ability|p1b: Espathra|Speed Boost|boost\n|-boost|p1b: Espathra|spe|1\n|upkeep\n|turn|5\n|\n|t:|1776548379\n|move|p2b: Maushold|Follow Me|p2b: Maushold\n|-singleturn|p2b: Maushold|move: Follow Me\n|move|p2a: Aegislash|Shadow Sneak|p1b: Espathra\n|-supereffective|p1b: Espathra|1\n|-damage|p1b: Espathra|0 fnt\n|faint|p1b: Espathra\n|move|p1a: Milotic|Recover|p1a: Milotic\n|-heal|p1a: Milotic|94/100\n|\n|-heal|p1a: Milotic|99/100|[from] item: Leftovers\n|-damage|p2a: Aegislash|35/100 brn|[from] brn\n|upkeep\n|\n|t:|1776548390\n|switch|p1b: Incineroar|Incineroar, L50, M|84/100\n|-ability|p1b: Incineroar|Intimidate|boost\n|-unboost|p2a: Aegislash|atk|1\n|-unboost|p2b: Maushold|atk|1\n|turn|6\n|\n|t:|1776548413\n|move|p2b: Maushold|Protect|p2b: Maushold\n|-singleturn|p2b: Maushold|Protect\n|move|p2a: Aegislash|Shadow Sneak|p1a: Milotic\n|-damage|p1a: Milotic|75/100\n|move|p1a: Milotic|Scald|p2a: Aegislash\n|-damage|p2a: Aegislash|0 fnt\n|faint|p2a: Aegislash\n|move|p1b: Incineroar|Throat Chop|p2b: Maushold\n|-activate|p2b: Maushold|move: Protect\n|\n|-heal|p1a: Milotic|81/100|[from] item: Leftovers\n|upkeep\n|\n|t:|1776548432\n|switch|p2a: Azumarill|Azumarill, L50, F|100/100\n|turn|7\n|\n|t:|1776548469\n|move|p2b: Maushold|Follow Me|p2b: Maushold\n|-singleturn|p2b: Maushold|move: Follow Me\n|move|p1a: Milotic|Icy Wind|p2b: Maushold|[spread] p2a,p2b\n|-resisted|p2a: Azumarill|1\n|-damage|p2a: Azumarill|95/100\n|-damage|p2b: Maushold|20/100\n|-unboost|p2a: Azumarill|spe|1\n|-unboost|p2b: Maushold|spe|1\n|move|p1b: Incineroar|Parting Shot|p2b: Maushold\n|-unboost|p2b: Maushold|atk|1\n|-unboost|p2b: Maushold|spa|1\n|\n|t:|1776548478\n|switch|p1b: Dragonite|Dragonite, L50, F|100/100|[from] Parting Shot\n|move|p2a: Azumarill|Belly Drum|p2a: Azumarill\n|-damage|p2a: Azumarill|45/100\n|-setboost|p2a: Azumarill|atk|6|[from] move: Belly Drum\n|-enditem|p2a: Azumarill|Sitrus Berry|[eat]\n|-heal|p2a: Azumarill|70/100|[from] item: Sitrus Berry\n|\n|-heal|p1a: Milotic|87/100|[from] item: Leftovers\n|upkeep\n|turn|8\n|\n|t:|1776548525\n|detailschange|p1b: Dragonite|Dragonite-Mega, L50, F\n|-mega|p1b: Dragonite|Dragonite|Dragoninite\n|move|p1b: Dragonite|Protect|p1b: Dragonite\n|-singleturn|p1b: Dragonite|Protect\n|move|p2a: Azumarill|Protect|p2a: Azumarill\n|-singleturn|p2a: Azumarill|Protect\n|move|p1a: Milotic|Scald|p2a: Azumarill\n|-activate|p2a: Azumarill|move: Protect\n|move|p2b: Maushold|Super Fang|p1b: Dragonite\n|-activate|p1b: Dragonite|move: Protect\n|\n|-heal|p1a: Milotic|93/100|[from] item: Leftovers\n|upkeep\n|turn|9\n|\n|t:|1776548569\n|move|p2b: Maushold|Follow Me|p2b: Maushold\n|-singleturn|p2b: Maushold|move: Follow Me\n|move|p1a: Milotic|Scald|p2b: Maushold\n|-damage|p2b: Maushold|0 fnt\n|faint|p2b: Maushold\n|move|p1b: Dragonite|Dragon Pulse|p2a: Azumarill\n|-immune|p2a: Azumarill\n|move|p2a: Azumarill|Play Rough|p1b: Dragonite\n|-supereffective|p1b: Dragonite|1\n|-damage|p1b: Dragonite|0 fnt\n|faint|p1b: Dragonite\n|\n|-heal|p1a: Milotic|99/100|[from] item: Leftovers\n|upkeep\n|\n|t:|1776548585\n|switch|p2b: Whimsicott|Whimsicott, L50, F|100/100\n|switch|p1b: Incineroar|Incineroar, L50, M|84/100\n|-ability|p1b: Incineroar|Intimidate|boost\n|-unboost|p2a: Azumarill|atk|1\n|-unboost|p2b: Whimsicott|atk|1\n|turn|10\n|\n|t:|1776548606\n|move|p1b: Incineroar|Fake Out|p2a: Azumarill\n|-damage|p2a: Azumarill|59/100\n|cant|p2a: Azumarill|flinch\n|move|p1a: Milotic|Icy Wind|p2a: Azumarill|[spread] p2a,p2b\n|-resisted|p2a: Azumarill|1\n|-supereffective|p2b: Whimsicott|1\n|-damage|p2a: Azumarill|51/100\n|-damage|p2b: Whimsicott|58/100\n|-unboost|p2a: Azumarill|spe|1\n|-unboost|p2b: Whimsicott|spe|1\n|move|p2b: Whimsicott|Energy Ball|p1a: Milotic\n|-supereffective|p1a: Milotic|1\n|-damage|p1a: Milotic|66/100\n|\n|-heal|p1a: Milotic|72/100|[from] item: Leftovers\n|upkeep\n|turn|11\n|\n|t:|1776548644\n|move|p2a: Azumarill|Aqua Jet|p1b: Incineroar\n|-supereffective|p1b: Incineroar|1\n|-damage|p1b: Incineroar|0 fnt\n|faint|p1b: Incineroar\n|move|p1a: Milotic|Scald|p2a: Azumarill\n|-resisted|p2a: Azumarill|1\n|-damage|p2a: Azumarill|29/100\n|-status|p2a: Azumarill|brn\n|move|p2b: Whimsicott|Energy Ball|p1a: Milotic\n|-supereffective|p1a: Milotic|1\n|-damage|p1a: Milotic|41/100\n|\n|-heal|p1a: Milotic|47/100|[from] item: Leftovers\n|-damage|p2a: Azumarill|23/100 brn|[from] brn\n|upkeep\n|turn|12\n|\n|t:|1776548668\n|move|p2a: Azumarill|Protect|p2a: Azumarill\n|-singleturn|p2a: Azumarill|Protect\n|move|p1a: Milotic|Recover|p1a: Milotic\n|-heal|p1a: Milotic|97/100\n|move|p2b: Whimsicott|Energy Ball|p1a: Milotic\n|-supereffective|p1a: Milotic|1\n|-crit|p1a: Milotic\n|-damage|p1a: Milotic|29/100\n|\n|-heal|p1a: Milotic|35/100|[from] item: Leftovers\n|-damage|p2a: Azumarill|17/100 brn|[from] brn\n|upkeep\n|turn|13\n|\n|t:|1776548702\n|move|p2b: Whimsicott|Encore|p1a: Milotic\n|-start|p1a: Milotic|Encore\n|move|p2a: Azumarill|Aqua Jet|p1a: Milotic\n|-resisted|p1a: Milotic|1\n|-damage|p1a: Milotic|18/100\n|move|p1a: Milotic|Recover|p1a: Milotic\n|-heal|p1a: Milotic|68/100\n|\n|-heal|p1a: Milotic|74/100|[from] item: Leftovers\n|-damage|p2a: Azumarill|11/100 brn|[from] brn\n|upkeep\n|turn|14\n|\n|t:|1776548716\n|move|p1a: Milotic|Recover|p1a: Milotic\n|-heal|p1a: Milotic|100/100\n|move|p2b: Whimsicott|Energy Ball|p1a: Milotic\n|-supereffective|p1a: Milotic|1\n|-damage|p1a: Milotic|71/100\n|move|p2a: Azumarill|Play Rough|p1a: Milotic\n|-damage|p1a: Milotic|0 fnt\n|faint|p1a: Milotic\n|\n|win|Warehouse User\n|raw|johnpork3000's rating: 1000 &rarr; <strong>1000</strong><br />(+0 for losing)\n|raw|Warehouse User's rating: 1026 &rarr; <strong>1059</strong><br />(+33 for winning)\n|l|\u2606johnpork3000\n|player|p1|\n",
  "uploadtime": 1776548731,
  "views": 11,
  "formatid": "gen9championsvgc2026regma",
  "rating": 1000,
  "private": 0,
  "password": null
}