{
  "id": "gen9championsvgc2026regma-2581470611",
  "format": "[Gen 9 Champions] VGC 2026 Reg M-A",
  "players": [
    "Flipsicle",
    "Givemetheghoul"
  ],
  "log": "|j|\u2606Flipsicle\n|j|\u203dGivemetheghoul\n|t:|1776003526\n|gametype|doubles\n|player|p1|Flipsicle|elesa-masters|\n|player|p2|Givemetheghoul|miku-water|\n|gen|9\n|tier|[Gen 9 Champions] VGC 2026 Reg M-A\n|rated|Tournament battle\n|rule|Species Clause: Limit one of each Pok\u00e9mon\n|rule|Item Clause: Limit 1 of each item\n|raw|<div class=\"infobox\"><details class=\"readmore\" open><summary><strong>1 custom rule:</strong></summary> Force Open Team Sheets</details></div>\n|clearpoke\n|poke|p1|Garchomp, L50, F|\n|poke|p1|Kingambit, L50, F|\n|poke|p1|Primarina, L50, F|\n|poke|p1|Sneasler, L50, M|\n|poke|p1|Dragonite, L50, M|\n|poke|p1|Scovillain, L50, F|\n|poke|p2|Palafin, L50, M|\n|poke|p2|Rotom-Heat, L50|\n|poke|p2|Tsareena, L50, F|\n|poke|p2|Garchomp, L50, F|\n|poke|p2|Gengar, L50, M|\n|poke|p2|Tauros-Paldea-Blaze, L50, M|\n|teampreview|4\n|showteam|p1|Garchomp||LumBerry|RoughSkin|Protect,StompingTantrum,RockSlide,DragonClaw|||F|||50|]Kingambit||BlackGlasses|Defiant|Protect,IronHead,SuckerPunch,SwordsDance|||F|||50|]Primarina||Leftovers|LiquidVoice|Protect,HyperVoice,Moonblast,CalmMind|||F|||50|]Sneasler||FocusSash|Unburden|FakeOut,CloseCombat,DireClaw,Coaching|||M|||50|]Dragonite||WhiteHerb|Multiscale|ScaleShot,ExtremeSpeed,Protect,StompingTantrum|||M|||50|]Scovillain||Scovillainite|Moody|Protect,EnergyBall,Flamethrower,RagePowder|||F|||50|\n|showteam|p2|Palafin||MysticWater|ZerotoHero|JetPunch,WaveCrash,CloseCombat,Protect|||M|||50|]Rotom-Heat||ChoiceScarf|Levitate|Overheat,Thunderbolt,VoltSwitch,Trick||||||50|]Tsareena||SitrusBerry|QueenlyMajesty|TripleAxel,TropKick,Taunt,Protect|||F|||50|]Garchomp||RoseliBerry|RoughSkin|DragonClaw,StompingTantrum,RockSlide,Protect|||F|||50|]Gengar||Gengarite|CursedBody|ShadowBall,SludgeBomb,Substitute,Protect|||M|||50|]Tauros-Paldea-Blaze||FocusSash|Intimidate|RagingBull,CloseCombat,WillOWisp,Protect|||M|||50|\n|j| khungcanh\nFlipsicle rejected open team sheets.\n|c|\u2606Flipsicle|glhf\n|j| tastyfloop\n|j| felipesol2\n|j| reisquaza1\n|\n|t:|1776003583\n|teamsize|p1|4\n|teamsize|p2|4\n|start\n|switch|p1a: Scovillain|Scovillain, L50, F|100/100\n|switch|p1b: Dragonite|Dragonite, L50, M|100/100\n|switch|p2a: Gengar|Gengar, L50, M|100/100\n|switch|p2b: Rotom|Rotom-Heat, L50|100/100\n|turn|1\n|\n|t:|1776003605\n|detailschange|p2a: Gengar|Gengar-Mega, L50, M\n|-mega|p2a: Gengar|Gengar|Gengarite\n|move|p1a: Scovillain|Protect|p1a: Scovillain\n|-singleturn|p1a: Scovillain|Protect\n|move|p2b: Rotom|Volt Switch|p1b: Dragonite\n|-crit|p1b: Dragonite\n|-damage|p1b: Dragonite|72/100\n|j| RelicanthPrimal\u2714\ufe0f\u2714\n|\n|t:|1776003613\n|switch|p2b: Tauros|Tauros-Paldea-Blaze, L50, M|100/100|[from] Volt Switch\n|-ability|p2b: Tauros|Intimidate|boost\n|-unboost|p1a: Scovillain|atk|1\n|-unboost|p1b: Dragonite|atk|1\n|-enditem|p1b: Dragonite|White Herb\n|-clearnegativeboost|p1b: Dragonite|[silent]\n|move|p2a: Gengar|Sludge Bomb|p1a: Scovillain\n|-activate|p1a: Scovillain|move: Protect\n|move|p1b: Dragonite|Scale Shot|p2a: Gengar\n|-damage|p2a: Gengar|82/100\n|-damage|p2a: Gengar|65/100\n|-hitcount|p2a: Gengar|2\n|-unboost|p1b: Dragonite|def|1\n|-boost|p1b: Dragonite|spe|1\n|\n|-ability|p1a: Scovillain|Moody|boost\n|-boost|p1a: Scovillain|spd|2\n|-unboost|p1a: Scovillain|def|1\n|upkeep\n|turn|2\n|\n|t:|1776003647\n|switch|p2a: Rotom|Rotom-Heat, L50|100/100\n|detailschange|p1a: Scovillain|Scovillain-Mega, L50, F\n|-mega|p1a: Scovillain|Scovillain|Scovillainite\n|move|p1a: Scovillain|Rage Powder|p1a: Scovillain\n|-singleturn|p1a: Scovillain|move: Rage Powder\n|move|p1b: Dragonite|Stomping Tantrum|p2b: Tauros\n|-supereffective|p2b: Tauros|1\n|-crit|p2b: Tauros\n|-damage|p2b: Tauros|8/100\n|move|p2b: Tauros|Close Combat|p1a: Scovillain\n|-damage|p1a: Scovillain|12/100\n|-unboost|p2b: Tauros|def|1\n|-unboost|p2b: Tauros|spd|1\n|-immune|p2b: Tauros\n|\n|upkeep\n|turn|3\n|j| Sun and Moon Rock\n|\n|t:|1776003697\n|move|p1b: Dragonite|Protect|p1b: Dragonite\n|-singleturn|p1b: Dragonite|Protect\n|move|p2a: Rotom|Volt Switch|p1a: Scovillain\n|-resisted|p1a: Scovillain|1\n|-damage|p1a: Scovillain|5/100\n|-immune|p2a: Rotom\n|j| AlbannachVGC\n|\n|t:|1776003704\n|switch|p2a: Garchomp|Garchomp, L50, F|100/100|[from] Volt Switch\n|move|p2b: Tauros|Will-O-Wisp|p1b: Dragonite\n|-activate|p1b: Dragonite|move: Protect\n|move|p1a: Scovillain|Flamethrower|p2b: Tauros\n|-resisted|p2b: Tauros|1\n|-damage|p2b: Tauros|0 fnt\n|faint|p2b: Tauros\n|\n|upkeep\n|\n|t:|1776003706\n|switch|p2b: Rotom|Rotom-Heat, L50|100/100\n|turn|4\n|j| GaserTheEgyptain\n|j| terapagosb\n|\n|t:|1776003726\n|move|p1a: Scovillain|Rage Powder|p1a: Scovillain\n|-singleturn|p1a: Scovillain|move: Rage Powder\n|move|p2b: Rotom|Thunderbolt|p1a: Scovillain\n|-resisted|p1a: Scovillain|1\n|-damage|p1a: Scovillain|0 fnt\n|-immune|p2b: Rotom\n|faint|p1a: Scovillain\n|move|p1b: Dragonite|Scale Shot|p2a: Garchomp\n|-supereffective|p2a: Garchomp|1\n|-damage|p2a: Garchomp|68/100\n|-supereffective|p2a: Garchomp|1\n|-damage|p2a: Garchomp|39/100\n|-supereffective|p2a: Garchomp|1\n|-damage|p2a: Garchomp|9/100\n|-supereffective|p2a: Garchomp|1\n|-damage|p2a: Garchomp|0 fnt\n|faint|p2a: Garchomp\n|-hitcount|p2: Garchomp|4\n|-unboost|p1b: Dragonite|def|1\n|-boost|p1b: Dragonite|spe|1\n|\n|upkeep\n|c| terapagosb|odds\n|\n|t:|1776003750\n|switch|p2a: Gengar|Gengar-Mega, L50, M|65/100\n|switch|p1a: Sneasler|Sneasler, L50, M|100/100\n|turn|5\n|\n|t:|1776003767\n|move|p1a: Sneasler|Fake Out|p2b: Rotom\n|-damage|p2b: Rotom|84/100\n|move|p1b: Dragonite|Stomping Tantrum|p2a: Gengar\n|-supereffective|p2a: Gengar|1\n|-damage|p2a: Gengar|0 fnt\n|faint|p2a: Gengar\n|cant|p2b: Rotom|flinch\n|\n|upkeep\n|turn|6\n|\n|t:|1776003775\n|move|p1b: Dragonite|Extreme Speed|p2b: Rotom\n|-damage|p2b: Rotom|44/100\n|move|p2b: Rotom|Thunderbolt|p1b: Dragonite\n|-damage|p1b: Dragonite|23/100\n|move|p1a: Sneasler|Close Combat|p2b: Rotom\n|-damage|p2b: Rotom|0 fnt\n|-unboost|p1a: Sneasler|def|1\n|-unboost|p1a: Sneasler|spd|1\n|faint|p2b: Rotom\n|\n|win|Flipsicle\n|n|\u2606Flipsicle|flipsicle\n|n|\u203dGivemetheghoul|givemetheghoul\n|n| khungcanh|khungcanh\n|n| tastyfloop|tastyfloop\n|n| felipesol2|felipesol2\n|n| reisquaza1|reisquaza1\n|n| RelicanthPrimal\u2714\ufe0f\u2714|relicanthprimal\n|n| Sun and Moon Rock|sunandmoonrock\n|n| AlbannachVGC|albannachvgc\n|n| GaserTheEgyptain|gasertheegyptain\n|n| terapagosb|terapagosb\n",
  "uploadtime": 1776003775,
  "views": 14,
  "formatid": "gen9championsvgc2026regma",
  "rating": null,
  "private": 0,
  "password": null
}