{
  "id": "gen9championsvgc2026regma-2588317127",
  "format": "[Gen 9 Champions] VGC 2026 Reg M-A",
  "players": [
    "omegaruby35",
    "Hitmonjon"
  ],
  "log": "|j|\u2606omegaruby35\n|j|\u2606Hitmonjon\n|html|<table width=\"100%\"><tr><td align=\"left\">omegaruby35</td><td align=\"right\">Hitmonjon</tr><tr><td align=\"left\"><i class=\"fa fa-circle-o\"></i> <i class=\"fa fa-circle-o\"></i> </td><td align=\"right\"><i class=\"fa fa-circle-o\"></i> <i class=\"fa fa-circle-o\"></i> </tr></table>\n|uhtml|bestof|<h2><strong>Game 1</strong> of <a href=\"/game-bestof3-gen9championsvgc2026regma-2588317126\">a best-of-3</a></h2>\n|t:|1776623575\n|gametype|doubles\n|player|p1|omegaruby35|ltsurge|\n|player|p2|Hitmonjon|170|\n|gen|9\n|tier|[Gen 9 Champions] VGC 2026 Reg M-A\n|rated|Tournament battle\n|rule|Species Clause: Limit one of each Pok\u00e9mon\n|rule|Item Clause: Limit 1 of each item\n|raw|<div class=\"infobox\"><details class=\"readmore\" open><summary><strong>1 custom rule:</strong></summary> Best of = 3</details></div>\n|clearpoke\n|poke|p1|Garchomp, L50, M, shiny|\n|poke|p1|Tyranitar, L50, M|\n|poke|p1|Rotom-Heat, L50|\n|poke|p1|Skarmory, L50, F, shiny|\n|poke|p1|Reuniclus, L50, M|\n|poke|p1|Milotic, L50, F, shiny|\n|poke|p2|Scovillain, L50, F|\n|poke|p2|Palafin, L50, F|\n|poke|p2|Rotom-Heat, L50|\n|poke|p2|Garchomp, L50, M|\n|poke|p2|Gardevoir, L50, M|\n|poke|p2|Kingambit, L50, M|\n|teampreview|4\n|j| stinkyton\n|c|\u2606Hitmonjon|We meet again!\n|j| BaelorStark\n|j|+Gross Sweep \u2603\n|c|\u2606Hitmonjon|gl hf\n|c|\u2606Hitmonjon|Low key I love your team\n|j| 23456ujhgrew\n|j| f2bior7\n|c|\u2606omegaruby35|glhf\n|c|\u2606omegaruby35|I like yours too\n|j| sylveon fan 97\n|j| Jamstiffer\n|c| sylveon fan 97|no sylveon :(\n|j| clutcheye_.\n|c| sylveon fan 97|unfortunate\n|j| mysticmarshtomp\n|\n|t:|1776623681\n|teamsize|p1|4\n|teamsize|p2|4\n|start\n|switch|p1a: Rotom|Rotom-Heat, L50|100/100\n|switch|p1b: Garchomp|Garchomp, L50, M, shiny|100/100\n|switch|p2a: Garchomp|Garchomp, L50, M|100/100\n|switch|p2b: Palafin|Palafin, L50, F|100/100\n|turn|1\n|\n|t:|1776623701\n|switch|p1b: Skarmory|Skarmory, L50, F, shiny|100/100\n|detailschange|p2b: Palafin|Palafin-Hero, L50, F\n|switch|p2b: Gardevoir|Gardevoir, L50, M|100/100\n|move|p1a: Rotom|Volt Switch|p2b: Gardevoir\n|-damage|p2b: Gardevoir|67/100\n|l| sylveon fan 97\n|\n|t:|1776623713\n|switch|p1a: Garchomp|Garchomp, L50, M, shiny|100/100|[from] Volt Switch\n|move|p2a: Garchomp|Dragon Claw|p1b: Skarmory\n|-resisted|p1b: Skarmory|1\n|-damage|p1b: Skarmory|82/100\n|\n|upkeep\n|turn|2\n|\n|t:|1776623745\n|switch|p2b: Palafin|Palafin-Hero, L50, F|100/100\n|-activate|p2b: Palafin|ability: Zero to Hero\n|switch|p2a: Kingambit|Kingambit, L50, M|100/100\n|move|p1a: Garchomp|Protect|p1a: Garchomp\n|-singleturn|p1a: Garchomp|Protect\n|move|p1b: Skarmory|Tailwind|p1b: Skarmory\n|-sidestart|p1: omegaruby35|move: Tailwind\n|\n|upkeep\n|turn|3\n|j|+holdingb\n|j| tatsugirl i~\n|\n|t:|1776623784\n|detailschange|p1a: Garchomp|Garchomp-Mega, L50, M, shiny\n|-mega|p1a: Garchomp|Garchomp|Garchompite\n|move|p2a: Kingambit|Protect|p2a: Kingambit\n|-singleturn|p2a: Kingambit|Protect\n|move|p1a: Garchomp|Earthquake|p2a: Kingambit|[spread] p2b\n|-activate|p2a: Kingambit|move: Protect\n|-immune|p1b: Skarmory\n|-damage|p2b: Palafin|58/100\n|move|p1b: Skarmory|Drill Run|p2a: Kingambit\n|-activate|p2a: Kingambit|move: Protect\n|move|p2b: Palafin|Wave Crash|p1b: Skarmory\n|-damage|p1b: Skarmory|18/100\n|-damage|p2b: Palafin|40/100|[from] Recoil\n|\n|upkeep\n|turn|4\n|j| porygon-epilepz\n|\n|t:|1776623803\n|switch|p1b: Rotom|Rotom-Heat, L50|100/100\n|move|p2b: Palafin|Jet Punch|p1a: Garchomp\n|-damage|p1a: Garchomp|64/100\n|move|p2a: Kingambit|Sucker Punch|p1a: Garchomp\n|-damage|p1a: Garchomp|23/100\n|move|p1a: Garchomp|Earthquake|p2b: Palafin|[spread] p2a,p2b\n|-immune|p1b: Rotom|[from] ability: Levitate\n|-supereffective|p2a: Kingambit|1\n|-damage|p2a: Kingambit|30/100\n|-damage|p2b: Palafin|0 fnt\n|faint|p2b: Palafin\n|\n|upkeep\n|\n|t:|1776623823\n|switch|p2b: Garchomp|Garchomp, L50, M|100/100\n|turn|5\n|\n|t:|1776623833\n|switch|p1a: Milotic|Milotic, L50, F, shiny|100/100\n|move|p2b: Garchomp|Protect|p2b: Garchomp\n|-singleturn|p2b: Garchomp|Protect\n|move|p2a: Kingambit|Protect|p2a: Kingambit\n|-singleturn|p2a: Kingambit|Protect\n|move|p1b: Rotom|Volt Switch|p2a: Kingambit\n|-activate|p2a: Kingambit|move: Protect\n|\n|-sideend|p1: omegaruby35|move: Tailwind\n|upkeep\n|turn|6\n|j| Alejop88\n|\n|t:|1776623889\n|move|p2a: Kingambit|Sucker Punch|p1b: Rotom\n|-damage|p1b: Rotom|36/100\n|move|p1b: Rotom|Volt Switch|p2a: Kingambit\n|-damage|p2a: Kingambit|0 fnt\n|faint|p2a: Kingambit\n|\n|t:|1776623900\n|switch|p1b: Skarmory|Skarmory, L50, F, shiny|18/100|[from] Volt Switch\n|move|p2b: Garchomp|Rock Slide|p1b: Skarmory|[spread] p1a,p1b\n|-damage|p1a: Milotic|83/100\n|-damage|p1b: Skarmory|3/100\n|move|p1a: Milotic|Ice Beam|p2b: Garchomp\n|-supereffective|p2b: Garchomp|2\n|-damage|p2b: Garchomp|0 fnt\n|faint|p2b: Garchomp\n|\n|upkeep\n|\n|t:|1776623904\n|switch|p2b: Gardevoir|Gardevoir, L50, M|67/100\n|turn|7\n|\n|t:|1776623909\n|move|p2b: Gardevoir|Dazzling Gleam|p1a: Milotic|[spread] p1a,p1b\n|-resisted|p1b: Skarmory|1\n|-damage|p1a: Milotic|60/100\n|-damage|p1b: Skarmory|0 fnt\n|faint|p1b: Skarmory\n|move|p1a: Milotic|Icy Wind|p2b: Gardevoir\n|-damage|p2b: Gardevoir|52/100\n|-unboost|p2b: Gardevoir|spe|1\n|\n|upkeep\n|l| tatsugirl i~\n|\n|t:|1776623912\n|switch|p1b: Rotom|Rotom-Heat, L50|36/100\n|turn|8\n|j| Rolling Stonedge\n|c|\u2606Hitmonjon|gg wp\n|\n|t:|1776623920\n|move|p1b: Rotom|Overheat|p2b: Gardevoir\n|-damage|p2b: Gardevoir|0 fnt\n|-unboost|p1b: Rotom|spa|2\n|faint|p2b: Gardevoir\n|\n|win|omegaruby35\n|c|\u2606omegaruby35|gg\n||Hitmonjon is ready for game 2.\n||omegaruby35 is ready for game 2.\n|uhtml|next|Next: <a href=\"/battle-gen9championsvgc2026regma-2588321406\"><strong>Game 2 of 3</strong></a>\n|l|+holdingb\n|l| Rolling Stonedge\n|l| mysticmarshtomp\n|l| clutcheye_.\n|l| Jamstiffer\n|l| 23456ujhgrew\n|l| Alejop88\n",
  "uploadtime": 1776623803,
  "views": 10,
  "formatid": "gen9championsvgc2026regma",
  "rating": null,
  "private": 0,
  "password": null
}