{
  "id": "gen9championsvgc2026regma-2587696307",
  "format": "[Gen 9 Champions] VGC 2026 Reg M-A",
  "players": [
    "AskerosoMilwoky",
    "ikthoizzykil"
  ],
  "log": "|j|\u2606AskerosoMilwoky\n|j|\u2606ikthoizzykil\n|t:|1776554841\n|gametype|doubles\n|player|p1|AskerosoMilwoky|2|1000\n|player|p2|ikthoizzykil|pokemaniac-gen3rs|1042\n|gen|9\n|tier|[Gen 9 Champions] VGC 2026 Reg M-A\n|rated|\n|rule|Species Clause: Limit one of each Pok\u00e9mon\n|rule|Item Clause: Limit 1 of each item\n|clearpoke\n|poke|p1|Aggron, L50, M|\n|poke|p1|Basculegion, L50, M|\n|poke|p1|Sinistcha, L50|\n|poke|p1|Milotic, L50, F|\n|poke|p1|Alakazam, L50, M|\n|poke|p1|Incineroar, L50, M|\n|poke|p2|Typhlosion-Hisui, L50, F, shiny|\n|poke|p2|Meganium, L50, M, shiny|\n|poke|p2|Aerodactyl, L50, M, shiny|\n|poke|p2|Kangaskhan, L50, F, shiny|\n|poke|p2|Tauros-Paldea-Aqua, L50, M, shiny|\n|poke|p2|Archaludon, L50, F, shiny|\n|teampreview|4\n|inactive|Battle timer is ON: inactive players will automatically lose when time's up. (requested by ikthoizzykil)\n|inactive|ikthoizzykil has 60 seconds left.\n|inactive|ikthoizzykil has 30 seconds left.\n|\n|t:|1776554906\n|teamsize|p1|4\n|teamsize|p2|4\n|start\n|switch|p1a: Aggron|Aggron, L50, M|100/100\n|switch|p1b: Incineroar|Incineroar, L50, M|100/100\n|switch|p2a: Aerodactyl|Aerodactyl, L50, M, shiny|100/100\n|switch|p2b: Kangaskhan|Kangaskhan, L50, F, shiny|100/100\n|-ability|p2a: Aerodactyl|Unnerve\n|-ability|p1b: Incineroar|Intimidate|boost\n|-unboost|p2a: Aerodactyl|atk|1\n|-fail|p2b: Kangaskhan|unboost|Attack|[from] ability: Scrappy|[of] p2b: Kangaskhan\n|turn|1\n|inactive|AskerosoMilwoky has 30 seconds left.\n|inactive|ikthoizzykil has 30 seconds left.\n|inactive|ikthoizzykil has 20 seconds left.\n|inactive|ikthoizzykil has 15 seconds left.\n|inactive|ikthoizzykil has 10 seconds left.\n|\n|t:|1776554952\n|switch|p2a: Typhlosion|Typhlosion-Hisui, L50, F, shiny|100/100\n|detailschange|p2b: Kangaskhan|Kangaskhan-Mega, L50, F, shiny\n|-mega|p2b: Kangaskhan|Kangaskhan|Kangaskhanite\n|move|p1a: Aggron|Protect|p1a: Aggron\n|-singleturn|p1a: Aggron|Protect\n|move|p2b: Kangaskhan|Fake Out|p1a: Aggron\n|-activate|p1a: Aggron|move: Protect\n|move|p1b: Incineroar|Fake Out|p2a: Typhlosion\n|-immune|p2a: Typhlosion\n|\n|upkeep\n|turn|2\n|inactive|AskerosoMilwoky has 30 seconds left.\n|inactive|AskerosoMilwoky has 20 seconds left.\n|inactive|AskerosoMilwoky has 15 seconds left.\n|inactive|AskerosoMilwoky has 10 seconds left.\n|inactive|AskerosoMilwoky has 5 seconds left.\n|\n|t:|1776555004\n|move|p2a: Typhlosion|Eruption|p1b: Incineroar|[spread] p1a,p1b\n|-resisted|p1b: Incineroar|1\n|-damage|p1a: Aggron|39/100\n|-damage|p1b: Incineroar|76/100\n|move|p2b: Kangaskhan|Double-Edge|p1b: Incineroar\n|-damage|p1b: Incineroar|27/100\n|-damage|p1b: Incineroar|15/100\n|-hitcount|p1b: Incineroar|2\n|-damage|p2b: Kangaskhan|78/100|[from] Recoil\n|move|p1b: Incineroar|Parting Shot|p2a: Typhlosion\n|-unboost|p2a: Typhlosion|atk|1\n|-unboost|p2a: Typhlosion|spa|1\n|\n|t:|1776555022\n|switch|p1b: Sinistcha|Sinistcha, L50|100/100|[from] Parting Shot\n|-heal|p1a: Aggron|64/100|[from] ability: Hospitality|[of] p1b: Sinistcha\n|move|p1a: Aggron|Iron Defense|p1a: Aggron\n|-boost|p1a: Aggron|def|2\n|\n|upkeep\n|turn|3\n|inactive|ikthoizzykil has 30 seconds left.\n|inactive|ikthoizzykil has 20 seconds left.\n|\n|t:|1776555061\n|switch|p2b: Archaludon|Archaludon, L50, F, shiny|100/100\n|switch|p1b: Basculegion|Basculegion, L50, M|100/100\n|move|p1a: Aggron|Protect|p1a: Aggron\n|-singleturn|p1a: Aggron|Protect\n|move|p2a: Typhlosion|Eruption|p1a: Aggron|[spread] p1b\n|-activate|p1a: Aggron|move: Protect\n|-resisted|p1b: Basculegion|1\n|-damage|p1b: Basculegion|81/100\n|\n|upkeep\n|turn|4\n|inactive|AskerosoMilwoky has 30 seconds left.\n|inactive|ikthoizzykil has 30 seconds left.\n|inactive|AskerosoMilwoky has 20 seconds left.\n|inactive|AskerosoMilwoky has 15 seconds left.\n|\n|t:|1776555103\n|switch|p2a: Aerodactyl|Aerodactyl, L50, M, shiny|100/100\n|-ability|p2a: Aerodactyl|Unnerve\n|detailschange|p1a: Aggron|Aggron-Mega, L50, M\n|-mega|p1a: Aggron|Aggron|Aggronite\n|move|p2b: Archaludon|Thunderbolt|p1b: Basculegion\n|-supereffective|p1b: Basculegion|1\n|-damage|p1b: Basculegion|12/100\n|move|p1b: Basculegion|Flip Turn|p2a: Aerodactyl\n|-supereffective|p2a: Aerodactyl|1\n|-enditem|p2a: Aerodactyl|Focus Sash\n|-damage|p2a: Aerodactyl|1/100\n|\n|t:|1776555116\n|switch|p1b: Sinistcha|Sinistcha, L50|100/100|[from] Flip Turn\n|-heal|p1a: Aggron|89/100|[from] ability: Hospitality|[of] p1b: Sinistcha\n|move|p1a: Aggron|Iron Defense|p1a: Aggron\n|-boost|p1a: Aggron|def|2\n|\n|upkeep\n|turn|5\n|inactive|AskerosoMilwoky has 30 seconds left.\n|inactive|ikthoizzykil has 30 seconds left.\n|\n|t:|1776555143\n|switch|p2b: Typhlosion|Typhlosion-Hisui, L50, F, shiny|100/100\n|move|p2a: Aerodactyl|Dual Wingbeat|p1b: Sinistcha\n|-supereffective|p1b: Sinistcha|1\n|-damage|p1b: Sinistcha|70/100\n|-supereffective|p1b: Sinistcha|1\n|-damage|p1b: Sinistcha|39/100\n|-hitcount|p1b: Sinistcha|2\n|move|p1a: Aggron|Iron Defense|p1a: Aggron\n|-boost|p1a: Aggron|def|2\n|move|p1b: Sinistcha|Trick Room|p1b: Sinistcha\n|-fieldstart|move: Trick Room|[of] p1b: Sinistcha\n|\n|-heal|p1b: Sinistcha|45/100|[from] item: Leftovers\n|upkeep\n|turn|6\n|inactive|AskerosoMilwoky has 30 seconds left.\n|inactive|AskerosoMilwoky has 20 seconds left.\n|inactive|AskerosoMilwoky has 15 seconds left.\n|\n|t:|1776555185\n|switch|p1b: Incineroar|Incineroar, L50, M|15/100\n|-ability|p1b: Incineroar|Intimidate|boost\n|-unboost|p2a: Aerodactyl|atk|1\n|-unboost|p2b: Typhlosion|atk|1\n|move|p2a: Aerodactyl|Protect|p2a: Aerodactyl\n|-singleturn|p2a: Aerodactyl|Protect\n|move|p1a: Aggron|Body Press|p2a: Aerodactyl\n|-activate|p2a: Aerodactyl|move: Protect\n|move|p2b: Typhlosion|Heat Wave|p1a: Aggron|[spread] p1a,p1b\n|-supereffective|p1a: Aggron|1\n|-resisted|p1b: Incineroar|1\n|-damage|p1a: Aggron|40/100\n|-damage|p1b: Incineroar|0 fnt\n|faint|p1b: Incineroar\n|\n|upkeep\n|\n|t:|1776555201\n|switch|p1b: Sinistcha|Sinistcha, L50|45/100\n|-heal|p1a: Aggron|65/100|[from] ability: Hospitality|[of] p1b: Sinistcha\n|turn|7\n|\n|t:|1776555213\n|move|p1a: Aggron|Protect|p1a: Aggron\n|-singleturn|p1a: Aggron|Protect\n|move|p1b: Sinistcha|Matcha Gotcha|p2b: Typhlosion|[spread] p2a,p2b\n|-resisted|p2b: Typhlosion|1\n|-damage|p2a: Aerodactyl|0 fnt\n|-heal|p1b: Sinistcha|45/100|[from] drain|[of] p2a: Aerodactyl\n|-damage|p2b: Typhlosion|84/100\n|-heal|p1b: Sinistcha|53/100|[from] drain|[of] p2b: Typhlosion\n|faint|p2a: Aerodactyl\n|move|p2b: Typhlosion|Heat Wave|p1b: Sinistcha|[spread] \n|-activate|p1a: Aggron|move: Protect\n|-miss|p2b: Typhlosion|p1b: Sinistcha\n|\n|-heal|p1b: Sinistcha|59/100|[from] item: Leftovers\n|upkeep\n|\n|t:|1776555234\n|switch|p2a: Kangaskhan|Kangaskhan-Mega, L50, F, shiny|78/100\n|turn|8\n|\n|t:|1776555242\n|move|p2a: Kangaskhan|Protect|p2a: Kangaskhan\n|-singleturn|p2a: Kangaskhan|Protect\n|move|p1b: Sinistcha|Rage Powder|p1b: Sinistcha\n|-singleturn|p1b: Sinistcha|move: Rage Powder\n|move|p1a: Aggron|Body Press|p2a: Kangaskhan\n|-activate|p2a: Kangaskhan|move: Protect\n|move|p2b: Typhlosion|Heat Wave|p1a: Aggron|[spread] p1a,p1b\n|-supereffective|p1a: Aggron|1\n|-supereffective|p1b: Sinistcha|1\n|-damage|p1a: Aggron|17/100\n|-damage|p1b: Sinistcha|0 fnt\n|faint|p1b: Sinistcha\n|\n|upkeep\n|\n|t:|1776555258\n|switch|p1b: Basculegion|Basculegion, L50, M|12/100\n|turn|9\n|inactive|ikthoizzykil has 30 seconds left.\n|\n|t:|1776555287\n|switch|p2b: Archaludon|Archaludon, L50, F, shiny|100/100\n|move|p2a: Kangaskhan|Sucker Punch|p1b: Basculegion\n|-supereffective|p1b: Basculegion|1\n|-damage|p1b: Basculegion|0 fnt\n|faint|p1b: Basculegion\n|-hitcount|p1: Basculegion|1\n|move|p1a: Aggron|Body Press|p2a: Kangaskhan\n|-supereffective|p2a: Kangaskhan|1\n|-damage|p2a: Kangaskhan|0 fnt\n|faint|p2a: Kangaskhan\n|\n|-fieldend|move: Trick Room\n|upkeep\n|\n|t:|1776555298\n|switch|p2a: Typhlosion|Typhlosion-Hisui, L50, F, shiny|84/100\n|turn|10\n|\n|t:|1776555312\n|move|p2a: Typhlosion|Eruption|p1a: Aggron\n|-supereffective|p1a: Aggron|1\n|-damage|p1a: Aggron|0 fnt\n|faint|p1a: Aggron\n|\n|win|ikthoizzykil\n|raw|AskerosoMilwoky's rating: 1000 &rarr; <strong>1000</strong><br />(+0 for losing)\n|raw|ikthoizzykil's rating: 1042 &rarr; <strong>1072</strong><br />(+30 for winning)\n|l|\u2606AskerosoMilwoky\n|player|p1|\n",
  "uploadtime": 1776555322,
  "views": 11,
  "formatid": "gen9championsvgc2026regma",
  "rating": 1000,
  "private": 0,
  "password": null
}