{
  "id": "gen9championsvgc2026regma-2582001513",
  "format": "[Gen 9 Champions] VGC 2026 Reg M-A",
  "players": [
    "lilyflows",
    "Mark Smith"
  ],
  "log": "|j|\u2606lilyflows\n|j|\u2606Mark Smith\n|t:|1776047227\n|gametype|doubles\n|player|p1|lilyflows|n|1068\n|player|p2|Mark Smith|2|1152\n|gen|9\n|tier|[Gen 9 Champions] VGC 2026 Reg M-A\n|rated|\n|rule|Species Clause: Limit one of each Pok\u00e9mon\n|rule|Item Clause: Limit 1 of each item\n|clearpoke\n|poke|p1|Charizard, L50, F|\n|poke|p1|Torkoal, L50, F|\n|poke|p1|Sneasler, L50, M|\n|poke|p1|Aerodactyl, L50, M|\n|poke|p1|Gallade, L50, M|\n|poke|p1|Absol, L50, F|\n|poke|p2|Politoed, L50, M|\n|poke|p2|Dragonite, L50, M|\n|poke|p2|Talonflame, L50, M|\n|poke|p2|Meganium, L50, F|\n|poke|p2|Heliolisk, L50, F|\n|poke|p2|Primarina, L50, M|\n|teampreview|4\n|inactive|Battle timer is ON: inactive players will automatically lose when time's up. (requested by lilyflows)\n|\n|t:|1776047256\n|teamsize|p1|4\n|teamsize|p2|4\n|start\n|switch|p1a: Torkoal|Torkoal, L50, F|100/100\n|switch|p1b: Sneasler|Sneasler, L50, M|100/100\n|switch|p2a: Meganium|Meganium, L50, F|100/100\n|switch|p2b: Primarina|Primarina, L50, M|100/100\n|-weather|SunnyDay|[from] ability: Drought|[of] p1a: Torkoal\n|turn|1\n|\n|t:|1776047275\n|switch|p2a: Politoed|Politoed, L50, M|100/100\n|-weather|RainDance|[from] ability: Drizzle|[of] p2a: Politoed\n|move|p1b: Sneasler|Fake Out|p2b: Primarina\n|-damage|p2b: Primarina|82/100\n|cant|p2b: Primarina|flinch\n|move|p1a: Torkoal|Eruption|p2b: Primarina|[spread] p2a,p2b\n|-resisted|p2a: Politoed|1\n|-resisted|p2b: Primarina|1\n|-damage|p2a: Politoed|91/100\n|-damage|p2b: Primarina|72/100\n|\n|-weather|RainDance|[upkeep]\n|-heal|p2a: Politoed|97/100|[from] item: Leftovers\n|upkeep\n|turn|2\n|inactive|lilyflows has 30 seconds left.\n|\n|t:|1776047304\n|switch|p1a: Gallade|Gallade, L50, M|100/100\n|move|p1b: Sneasler|Coaching|p1a: Gallade\n|-boost|p1a: Gallade|atk|1\n|-boost|p1a: Gallade|def|1\n|move|p2a: Politoed|Icy Wind|p1a: Gallade|[spread] p1a,p1b\n|-damage|p1a: Gallade|91/100\n|-damage|p1b: Sneasler|88/100\n|-unboost|p1a: Gallade|spe|1\n|-unboost|p1b: Sneasler|spe|1\n|-enditem|p1b: Sneasler|White Herb\n|-clearnegativeboost|p1b: Sneasler|[silent]\n|move|p2b: Primarina|Surf|p1b: Sneasler|[spread] p2a,p1a,p1b\n|-resisted|p2a: Politoed|1\n|-damage|p2a: Politoed|70/100\n|-damage|p1a: Gallade|18/100\n|-damage|p1b: Sneasler|2/100\n|\n|-weather|RainDance|[upkeep]\n|-heal|p2a: Politoed|76/100|[from] item: Leftovers\n|upkeep\n|turn|3\n|inactive|lilyflows has 30 seconds left.\n|inactive|Mark Smith has 30 seconds left.\n|\n|t:|1776047337\n|switch|p1b: Torkoal|Torkoal, L50, F|100/100\n|-weather|SunnyDay|[from] ability: Drought|[of] p1b: Torkoal\n|move|p1a: Gallade|Leaf Blade|p2b: Primarina\n|-supereffective|p2b: Primarina|1\n|-damage|p2b: Primarina|0 fnt\n|faint|p2b: Primarina\n|move|p2a: Politoed|Icy Wind|p1b: Torkoal|[spread] p1a,p1b\n|-resisted|p1b: Torkoal|1\n|-damage|p1a: Gallade|9/100\n|-damage|p1b: Torkoal|94/100\n|-unboost|p1a: Gallade|spe|1\n|-unboost|p1b: Torkoal|spe|1\n|\n|-weather|SunnyDay|[upkeep]\n|-heal|p2a: Politoed|82/100|[from] item: Leftovers\n|upkeep\n|\n|t:|1776047357\n|switch|p2b: Talonflame|Talonflame, L50, M|100/100\n|turn|4\n|\n|t:|1776047378\n|switch|p1b: Sneasler|Sneasler, L50, M|2/100\n|move|p2b: Talonflame|Rain Dance|p2b: Talonflame\n|-weather|RainDance\n|move|p2a: Politoed|Weather Ball|p1b: Sneasler\n|-damage|p1b: Sneasler|0 fnt\n|faint|p1b: Sneasler\n|move|p1a: Gallade|Solar Blade||[still]\n|-prepare|p1a: Gallade|Solar Blade\n|\n|-weather|RainDance|[upkeep]\n|-heal|p2a: Politoed|88/100|[from] item: Leftovers\n|upkeep\n|\n|t:|1776047390\n|switch|p1b: Charizard|Charizard, L50, F|100/100\n|turn|5\n|\n|t:|1776047407\n|move|p2b: Talonflame|Rain Dance||[still]\n|-fail|p2b: Talonflame\n|move|p1b: Charizard|Weather Ball|p2b: Talonflame\n|-supereffective|p2b: Talonflame|1\n|-enditem|p2b: Talonflame|Focus Sash\n|-damage|p2b: Talonflame|1/100\n|move|p2a: Politoed|Weather Ball|p1a: Gallade\n|-damage|p1a: Gallade|0 fnt\n|faint|p1a: Gallade\n|\n|-weather|RainDance|[upkeep]\n|-heal|p2a: Politoed|94/100|[from] item: Leftovers\n|upkeep\n|\n|t:|1776047419\n|switch|p1a: Torkoal|Torkoal, L50, F|94/100\n|-weather|SunnyDay|[from] ability: Drought|[of] p1a: Torkoal\n|turn|6\n|\n|t:|1776047430\n|detailschange|p1b: Charizard|Charizard-Mega-Y, L50, F\n|-mega|p1b: Charizard|Charizard|Charizardite Y\n|move|p2b: Talonflame|Rain Dance|p2b: Talonflame\n|-weather|RainDance\n|move|p1b: Charizard|Air Slash|p2a: Politoed\n|-damage|p2a: Politoed|55/100\n|cant|p2a: Politoed|flinch\n|move|p1a: Torkoal|Eruption|p2a: Politoed|[spread] p2a,p2b\n|-resisted|p2a: Politoed|1\n|-resisted|p2b: Talonflame|1\n|-damage|p2a: Politoed|46/100\n|-damage|p2b: Talonflame|0 fnt\n|faint|p2b: Talonflame\n|\n|-weather|RainDance|[upkeep]\n|-heal|p2a: Politoed|52/100|[from] item: Leftovers\n|upkeep\n|\n|t:|1776047443\n|switch|p2b: Meganium|Meganium, L50, F|100/100\n|turn|7\n|\n|t:|1776047466\n|move|p2b: Meganium|Protect|p2b: Meganium\n|-singleturn|p2b: Meganium|Protect\n|move|p1b: Charizard|Heat Wave|p2b: Meganium|[spread] p2a\n|-activate|p2b: Meganium|move: Protect\n|-resisted|p2a: Politoed|1\n|-damage|p2a: Politoed|44/100\n|move|p2a: Politoed|Weather Ball|p1b: Charizard\n|-supereffective|p1b: Charizard|1\n|-damage|p1b: Charizard|11/100\n|move|p1a: Torkoal|Eruption|p2b: Meganium|[spread] p2a\n|-activate|p2b: Meganium|move: Protect\n|-resisted|p2a: Politoed|1\n|-damage|p2a: Politoed|35/100\n|\n|-weather|RainDance|[upkeep]\n|-heal|p2a: Politoed|41/100|[from] item: Leftovers\n|upkeep\n|turn|8\n|inactive|Mark Smith has 30 seconds left.\n|\n|t:|1776047491\n|move|p1b: Charizard|Heat Wave|p2a: Politoed|[spread] p2a,p2b\n|-resisted|p2a: Politoed|1\n|-supereffective|p2b: Meganium|1\n|-damage|p2a: Politoed|32/100\n|-damage|p2b: Meganium|58/100\n|-status|p2b: Meganium|brn\n|move|p2b: Meganium|Weather Ball|p1b: Charizard\n|-supereffective|p1b: Charizard|1\n|-damage|p1b: Charizard|0 fnt\n|faint|p1b: Charizard\n|move|p2a: Politoed|Weather Ball|p1a: Torkoal\n|-supereffective|p1a: Torkoal|1\n|-damage|p1a: Torkoal|0 fnt\n|faint|p1a: Torkoal\n|\n|win|Mark Smith\n|raw|lilyflows's rating: 1068 &rarr; <strong>1053</strong><br />(-15 for losing)\n|raw|Mark Smith's rating: 1152 &rarr; <strong>1171</strong><br />(+19 for winning)\n|l|\u2606lilyflows\n|player|p1|\n",
  "uploadtime": 1776047837,
  "views": 44,
  "formatid": "gen9championsvgc2026regma",
  "rating": 1053,
  "private": 0,
  "password": null
}