{
  "id": "gen9championsvgc2026regma-2586882432",
  "format": "[Gen 9 Champions] VGC 2026 Reg M-A",
  "players": [
    "clpb",
    "6898w_alt"
  ],
  "log": "|j|\u2606clpb\n|j|\u26066898w_alt\n|t:|1776468204\n|gametype|doubles\n|player|p1|clpb|acetrainerf-gen4|1092\n|player|p2|6898w_alt|flannery|1153\n|gen|9\n|tier|[Gen 9 Champions] VGC 2026 Reg M-A\n|rated|\n|rule|Species Clause: Limit one of each Pok\u00e9mon\n|rule|Item Clause: Limit 1 of each item\n|clearpoke\n|poke|p1|Tinkaton, L50, F|\n|poke|p1|Altaria, L50, F|\n|poke|p1|Excadrill, L50, M|\n|poke|p1|Rotom-Wash, L50|\n|poke|p1|Primarina, L50, M|\n|poke|p1|Scizor, L50, M|\n|poke|p2|Heracross, L50, M|\n|poke|p2|Aerodactyl, L50, F|\n|poke|p2|Kingambit, L50, F|\n|poke|p2|Sinistcha, L50|\n|poke|p2|Maushold-Four, L50|\n|poke|p2|Ceruledge, L50, F|\n|teampreview|4\n|inactive|Battle timer is ON: inactive players will automatically lose when time's up. (requested by clpb)\n|\n|t:|1776468224\n|teamsize|p1|4\n|teamsize|p2|4\n|start\n|switch|p1a: Altaria|Altaria, L50, F|100/100\n|switch|p1b: Tinkaton|Tinkaton, L50, F|100/100\n|switch|p2a: Kingambit|Kingambit, L50, F|100/100\n|switch|p2b: Aerodactyl|Aerodactyl, L50, F|100/100\n|-ability|p2b: Aerodactyl|Unnerve\n|-ability|p1a: Altaria|Cloud Nine\n|turn|1\n|\n|t:|1776468245\n|move|p1b: Tinkaton|Fake Out|p2b: Aerodactyl\n|-resisted|p2b: Aerodactyl|1\n|-damage|p2b: Aerodactyl|95/100\n|cant|p2b: Aerodactyl|flinch\n|move|p1a: Altaria|Tailwind|p1a: Altaria\n|-sidestart|p1: clpb|move: Tailwind\n|move|p2a: Kingambit|Iron Head|p1b: Tinkaton\n|-damage|p1b: Tinkaton|44/100\n|\n|upkeep\n|turn|2\n|inactive|clpb has 30 seconds left.\n|\n|t:|1776468274\n|switch|p1a: Excadrill|Excadrill, L50, M|100/100\n|move|p1b: Tinkaton|Gigaton Hammer|p2b: Aerodactyl\n|-supereffective|p2b: Aerodactyl|1\n|-damage|p2b: Aerodactyl|0 fnt\n|faint|p2b: Aerodactyl\n|move|p2a: Kingambit|Iron Head|p1b: Tinkaton\n|-damage|p1b: Tinkaton|0 fnt\n|faint|p1b: Tinkaton\n|\n|upkeep\n|\n|t:|1776468288\n|switch|p2b: Sinistcha|Sinistcha, L50|100/100\n|switch|p1b: Rotom|Rotom-Wash, L50|100/100\n|turn|3\n|\n|t:|1776468308\n|detailschange|p1a: Excadrill|Excadrill-Mega, L50, M\n|-mega|p1a: Excadrill|Excadrill|Excadrite\n|move|p1a: Excadrill|Iron Head|p2b: Sinistcha\n|-damage|p2b: Sinistcha|42/100\n|-enditem|p2b: Sinistcha|Sitrus Berry|[eat]\n|-heal|p2b: Sinistcha|67/100|[from] item: Sitrus Berry\n|move|p1b: Rotom|Thunderbolt|p2a: Kingambit\n|-damage|p2a: Kingambit|64/100\n|move|p2b: Sinistcha|Nasty Plot|p2b: Sinistcha\n|-boost|p2b: Sinistcha|spa|2\n|move|p2a: Kingambit|Kowtow Cleave|p1a: Excadrill\n|-damage|p1a: Excadrill|56/100\n|\n|upkeep\n|turn|4\n|inactive|clpb has 30 seconds left.\n|\n|t:|1776468336\n|move|p1a: Excadrill|Iron Head|p2b: Sinistcha\n|-damage|p2b: Sinistcha|13/100\n|move|p1b: Rotom|Volt Switch|p2b: Sinistcha\n|-resisted|p2b: Sinistcha|1\n|-damage|p2b: Sinistcha|0 fnt\n|faint|p2b: Sinistcha\n|\n|t:|1776468343\n|switch|p1b: Altaria|Altaria, L50, F|100/100|[from] Volt Switch\n|-ability|p1b: Altaria|Cloud Nine\n|move|p2a: Kingambit|Kowtow Cleave|p1a: Excadrill\n|-damage|p1a: Excadrill|8/100\n|\n|-sideend|p1: clpb|move: Tailwind\n|upkeep\n|\n|t:|1776468351\n|switch|p2b: Heracross|Heracross, L50, M|100/100\n|turn|5\n|\n|t:|1776468374\n|switch|p1a: Rotom|Rotom-Wash, L50|100/100\n|detailschange|p2b: Heracross|Heracross-Mega, L50, M\n|-mega|p2b: Heracross|Heracross|Heracronite\n|move|p2a: Kingambit|Sucker Punch||[still]\n|-fail|p2a: Kingambit\n|move|p1b: Altaria|Tailwind|p1b: Altaria\n|-sidestart|p1: clpb|move: Tailwind\n|move|p2b: Heracross|Pin Missile|p1b: Altaria\n|-resisted|p1b: Altaria|1\n|-damage|p1b: Altaria|90/100\n|-resisted|p1b: Altaria|1\n|-damage|p1b: Altaria|79/100\n|-resisted|p1b: Altaria|1\n|-damage|p1b: Altaria|68/100\n|-resisted|p1b: Altaria|1\n|-damage|p1b: Altaria|58/100\n|-resisted|p1b: Altaria|1\n|-damage|p1b: Altaria|46/100\n|-hitcount|p1b: Altaria|5\n|\n|upkeep\n|turn|6\n|\n|t:|1776468399\n|move|p1a: Rotom|Thunderbolt|p2b: Heracross\n|-damage|p2b: Heracross|64/100\n|move|p1b: Altaria|Draco Meteor|p2b: Heracross\n|-damage|p2b: Heracross|25/100\n|-unboost|p1b: Altaria|spa|2\n|move|p2a: Kingambit|Kowtow Cleave|p1a: Rotom\n|-damage|p1a: Rotom|37/100\n|-enditem|p1a: Rotom|Sitrus Berry|[eat]\n|-heal|p1a: Rotom|61/100|[from] item: Sitrus Berry\n|move|p2b: Heracross|Pin Missile|p1b: Altaria\n|-resisted|p1b: Altaria|1\n|-crit|p1b: Altaria\n|-damage|p1b: Altaria|31/100\n|-resisted|p1b: Altaria|1\n|-damage|p1b: Altaria|19/100\n|-resisted|p1b: Altaria|1\n|-damage|p1b: Altaria|8/100\n|-resisted|p1b: Altaria|1\n|-damage|p1b: Altaria|0 fnt\n|faint|p1b: Altaria\n|-hitcount|p1: Altaria|4\n|\n|upkeep\n|\n|t:|1776468412\n|switch|p1b: Excadrill|Excadrill-Mega, L50, M|8/100\n|turn|7\n|\n|t:|1776468431\n|move|p2a: Kingambit|Sucker Punch|p1b: Excadrill\n|-damage|p1b: Excadrill|0 fnt\n|faint|p1b: Excadrill\n|move|p1a: Rotom|Thunderbolt|p2b: Heracross\n|-damage|p2b: Heracross|0 fnt\n|faint|p2b: Heracross\n|\n|upkeep\n|turn|8\n|\n|t:|1776468439\n|move|p1a: Rotom|Hydro Pump|p2a: Kingambit|[miss]\n|-miss|p1a: Rotom|p2a: Kingambit\n|move|p2a: Kingambit|Kowtow Cleave|p1a: Rotom\n|-crit|p1a: Rotom\n|-damage|p1a: Rotom|0 fnt\n|faint|p1a: Rotom\n|\n|win|6898w_alt\n|raw|clpb's rating: 1092 &rarr; <strong>1072</strong><br />(-20 for losing)\n|raw|6898w_alt's rating: 1153 &rarr; <strong>1174</strong><br />(+21 for winning)\n|l|\u26066898w_alt\n|player|p2|\n",
  "uploadtime": 1776468545,
  "views": 22,
  "formatid": "gen9championsvgc2026regma",
  "rating": 1072,
  "private": 0,
  "password": null
}