{
  "id": "gen9championsvgc2026regma-2586163831",
  "format": "[Gen 9 Champions] VGC 2026 Reg M-A",
  "players": [
    "orionsayshi",
    "MIlzy-777"
  ],
  "log": "|j|\u2606orionsayshi\n|j|\u2606MIlzy-777\n|t:|1776407116\n|gametype|doubles\n|player|p1|orionsayshi|elesa|1061\n|player|p2|MIlzy-777|170|1075\n|gen|9\n|tier|[Gen 9 Champions] VGC 2026 Reg M-A\n|rated|\n|rule|Species Clause: Limit one of each Pok\u00e9mon\n|rule|Item Clause: Limit 1 of each item\n|clearpoke\n|poke|p1|Incineroar, L50, F|\n|poke|p1|Gengar, L50, F|\n|poke|p1|Sableye, L50, F|\n|poke|p1|Arcanine-Hisui, L50, F|\n|poke|p1|Bellibolt, L50, M|\n|poke|p1|Sinistcha, L50|\n|poke|p2|Milotic, L50, M|\n|poke|p2|Ceruledge, L50, F|\n|poke|p2|Sneasler, L50, F|\n|poke|p2|Sableye, L50, F|\n|poke|p2|Scizor, L50, F|\n|poke|p2|Venusaur, L50, F|\n|teampreview|4\n|\n|t:|1776407137\n|teamsize|p1|4\n|teamsize|p2|4\n|start\n|switch|p1a: Sableye|Sableye, L50, F|100/100\n|switch|p1b: Bellibolt|Bellibolt, L50, M|100/100\n|switch|p2a: Milotic|Milotic, L50, M|100/100\n|switch|p2b: Sableye|Sableye, L50, F|100/100\n|turn|1\n|\n|t:|1776407151\n|move|p2b: Sableye|Fake Out|p1b: Bellibolt\n|-damage|p1b: Bellibolt|94/100\n|-start|p1b: Bellibolt|Charge|Fake Out|[from] ability: Electromorphosis\n|move|p1a: Sableye|Gravity|p1a: Sableye\n|-fieldstart|move: Gravity\n|move|p2a: Milotic|Icy Wind|p1a: Sableye|[spread] p1a,p1b\n|-damage|p1a: Sableye|81/100\n|-damage|p1b: Bellibolt|83/100\n|-unboost|p1a: Sableye|spe|1\n|-unboost|p1b: Bellibolt|spe|1\n|-start|p1b: Bellibolt|Charge|Icy Wind|[from] ability: Electromorphosis\n|cant|p1b: Bellibolt|flinch\n|-end|p1b: Bellibolt|Charge|[silent]\n|\n|upkeep\n|turn|2\n|\n|t:|1776407180\n|switch|p2a: Ceruledge|Ceruledge, L50, F|100/100\n|switch|p1a: Sinistcha|Sinistcha, L50|100/100\n|-heal|p1b: Bellibolt|100/100|[from] ability: Hospitality|[of] p1a: Sinistcha\n|move|p2b: Sableye|Encore||[still]\n|-fail|p2b: Sableye\n|move|p1b: Bellibolt|Zap Cannon|p2a: Ceruledge\n|-damage|p2a: Ceruledge|33/100\n|-status|p2a: Ceruledge|par\n|\n|upkeep\n|turn|3\n|\n|t:|1776407204\n|move|p1a: Sinistcha|Protect|p1a: Sinistcha\n|-singleturn|p1a: Sinistcha|Protect\n|move|p2b: Sableye|Will-O-Wisp|p1b: Bellibolt\n|-status|p1b: Bellibolt|brn\n|-enditem|p1b: Bellibolt|Lum Berry|[eat]\n|-curestatus|p1b: Bellibolt|brn|[msg]\n|move|p2a: Ceruledge|Bitter Blade|p1a: Sinistcha\n|-activate|p1a: Sinistcha|move: Protect\n|move|p1b: Bellibolt|Parabolic Charge|p2b: Sableye|[spread] p2a,p2b\n|-activate|p1a: Sinistcha|move: Protect\n|-damage|p2a: Ceruledge|7/100 par\n|-damage|p2b: Sableye|68/100\n|\n|upkeep\n|turn|4\n|\n|t:|1776407223\n|switch|p1a: Incineroar|Incineroar, L50, F|100/100\n|-ability|p1a: Incineroar|Intimidate|boost\n|-unboost|p2a: Ceruledge|atk|1\n|-unboost|p2b: Sableye|atk|1\n|move|p2b: Sableye|Will-O-Wisp|p1b: Bellibolt\n|-status|p1b: Bellibolt|brn\n|move|p2a: Ceruledge|Bitter Blade|p1a: Incineroar\n|-resisted|p1a: Incineroar|1\n|-damage|p1a: Incineroar|86/100\n|-heal|p2a: Ceruledge|17/100 par|[from] drain|[of] p1a: Incineroar\n|move|p1b: Bellibolt|Parabolic Charge|p2b: Sableye|[spread] p1a,p2a,p2b\n|-damage|p1a: Incineroar|60/100\n|-damage|p2a: Ceruledge|0 fnt\n|-damage|p2b: Sableye|39/100\n|faint|p2a: Ceruledge\n|\n|-damage|p1b: Bellibolt|94/100 brn|[from] brn\n|upkeep\n|\n|t:|1776407243\n|switch|p2a: Scizor|Scizor, L50, F|100/100\n|turn|5\n|\n|t:|1776407260\n|switch|p2b: Milotic|Milotic, L50, M|100/100\n|detailschange|p2a: Scizor|Scizor-Mega, L50, F\n|-mega|p2a: Scizor|Scizor|Scizorite\n|move|p2a: Scizor|Bug Bite|p1b: Bellibolt\n|-damage|p1b: Bellibolt|44/100 brn\n|-start|p1b: Bellibolt|Charge|Bug Bite|[from] ability: Electromorphosis\n|move|p1a: Incineroar|Parting Shot|p2b: Milotic\n|-unboost|p2b: Milotic|atk|1\n|-ability|p2b: Milotic|Competitive|boost\n|-boost|p2b: Milotic|spa|2\n|-unboost|p2b: Milotic|spa|1\n|-ability|p2b: Milotic|Competitive|boost\n|-boost|p2b: Milotic|spa|2\n|\n|t:|1776407275\n|switch|p1a: Sinistcha|Sinistcha, L50|100/100|[from] Parting Shot\n|-heal|p1b: Bellibolt|69/100 brn|[from] ability: Hospitality|[of] p1a: Sinistcha\n|move|p1b: Bellibolt|Zap Cannon|p2a: Scizor\n|-damage|p2a: Scizor|0 fnt\n|faint|p2a: Scizor\n|-end|p1b: Bellibolt|Charge|[silent]\n|\n|-damage|p1b: Bellibolt|63/100 brn|[from] brn\n|-fieldend|move: Gravity\n|upkeep\n|\n|t:|1776407287\n|switch|p2a: Sableye|Sableye, L50, F|39/100\n|turn|6\n|\n|t:|1776407294\n|move|p2a: Sableye|Fake Out|p1b: Bellibolt\n|-damage|p1b: Bellibolt|57/100 brn\n|-start|p1b: Bellibolt|Charge|Fake Out|[from] ability: Electromorphosis\n|move|p1a: Sinistcha|Rage Powder|p1a: Sinistcha\n|-singleturn|p1a: Sinistcha|move: Rage Powder\n|move|p2b: Milotic|Icy Wind|p1b: Bellibolt|[spread] p1a,p1b\n|-supereffective|p1a: Sinistcha|1\n|-damage|p1a: Sinistcha|24/100\n|-damage|p1b: Bellibolt|30/100 brn\n|-unboost|p1a: Sinistcha|spe|1\n|-unboost|p1b: Bellibolt|spe|1\n|-start|p1b: Bellibolt|Charge|Icy Wind|[from] ability: Electromorphosis\n|cant|p1b: Bellibolt|flinch\n|-end|p1b: Bellibolt|Charge|[silent]\n|\n|-damage|p1b: Bellibolt|24/100 brn|[from] brn\n|upkeep\n|turn|7\n|\n|t:|1776407317\n|switch|p1a: Incineroar|Incineroar, L50, F|60/100\n|-ability|p1a: Incineroar|Intimidate|boost\n|-unboost|p2a: Sableye|atk|1\n|-unboost|p2b: Milotic|atk|1\n|-ability|p2b: Milotic|Competitive|boost\n|-boost|p2b: Milotic|spa|2\n|move|p1b: Bellibolt|Protect|p1b: Bellibolt\n|-singleturn|p1b: Bellibolt|Protect\n|move|p2a: Sableye|Thunder Wave|p1a: Incineroar\n|-hint|Since gen 7, Dark is immune to Prankster moves.\n|-immune|p1a: Incineroar\n|move|p2b: Milotic|Icy Wind|p1b: Bellibolt|[spread] p1a\n|-activate|p1b: Bellibolt|move: Protect\n|-resisted|p1a: Incineroar|1\n|-damage|p1a: Incineroar|42/100\n|-unboost|p1a: Incineroar|spe|1\n|\n|-damage|p1b: Bellibolt|18/100 brn|[from] brn\n|upkeep\n|turn|8\n|\n|t:|1776407346\n|move|p1a: Incineroar|Fake Out|p2b: Milotic\n|-damage|p2b: Milotic|88/100\n|move|p2a: Sableye|Thunder Wave|p1a: Incineroar\n|-hint|Since gen 7, Dark is immune to Prankster moves.\n|-immune|p1a: Incineroar\n|cant|p2b: Milotic|flinch\n|move|p1b: Bellibolt|Parabolic Charge|p2a: Sableye|[spread] p1a,p2a,p2b\n|-supereffective|p2b: Milotic|1\n|-damage|p1a: Incineroar|20/100\n|-heal|p1b: Bellibolt|28/100 brn|[from] drain|[of] p1a: Incineroar\n|-damage|p2a: Sableye|12/100\n|-heal|p1b: Bellibolt|38/100 brn|[from] drain|[of] p2a: Sableye\n|-damage|p2b: Milotic|51/100\n|-heal|p1b: Bellibolt|55/100 brn|[from] drain|[of] p2b: Milotic\n|\n|-heal|p2b: Milotic|57/100|[from] item: Leftovers\n|-damage|p1b: Bellibolt|49/100 brn|[from] brn\n|upkeep\n|turn|9\n|\n|t:|1776407376\n|move|p1b: Bellibolt|Protect|p1b: Bellibolt\n|-singleturn|p1b: Bellibolt|Protect\n|move|p2a: Sableye|Thunder Wave|p1a: Incineroar\n|-hint|Since gen 7, Dark is immune to Prankster moves.\n|-immune|p1a: Incineroar\n|move|p2b: Milotic|Scald|p1b: Bellibolt\n|-activate|p1b: Bellibolt|move: Protect\n|move|p1a: Incineroar|Parting Shot|p2a: Sableye\n|-unboost|p2a: Sableye|atk|1\n|-unboost|p2a: Sableye|spa|1\n|\n|t:|1776407387\n|switch|p1a: Sableye|Sableye, L50, F|81/100|[from] Parting Shot\n|\n|-heal|p2b: Milotic|63/100|[from] item: Leftovers\n|-damage|p1b: Bellibolt|43/100 brn|[from] brn\n|upkeep\n|turn|10\n|\n|t:|1776407406\n|move|p2b: Milotic|Protect|p2b: Milotic\n|-singleturn|p2b: Milotic|Protect\n|move|p2a: Sableye|Will-O-Wisp|p1a: Sableye\n|-hint|Since gen 7, Dark is immune to Prankster moves.\n|-immune|p1a: Sableye\n|move|p1a: Sableye|Disable|p2b: Milotic\n|-activate|p2b: Milotic|move: Protect\n|move|p1b: Bellibolt|Zap Cannon|p2b: Milotic\n|-activate|p2b: Milotic|move: Protect\n|\n|-heal|p2b: Milotic|69/100|[from] item: Leftovers\n|-damage|p1b: Bellibolt|37/100 brn|[from] brn\n|upkeep\n|turn|11\n|\n|t:|1776407424\n|move|p1a: Sableye|Encore|p2b: Milotic\n|-start|p2b: Milotic|Encore\n|move|p2b: Milotic|Protect||[still]\n|-fail|p2b: Milotic\n|move|p2a: Sableye|Thunder Wave|p1a: Sableye\n|-hint|Since gen 7, Dark is immune to Prankster moves.\n|-immune|p1a: Sableye\n|move|p1b: Bellibolt|Zap Cannon|p2b: Milotic\n|-supereffective|p2b: Milotic|1\n|-damage|p2b: Milotic|0 fnt\n|faint|p2b: Milotic\n|\n|-damage|p1b: Bellibolt|31/100 brn|[from] brn\n|upkeep\n|turn|12\n|-message|MIlzy-777 forfeited.\n|\n|win|orionsayshi\n|raw|orionsayshi's rating: 1061 &rarr; <strong>1093</strong><br />(+32 for winning)\n|raw|MIlzy-777's rating: 1075 &rarr; <strong>1053</strong><br />(-22 for losing)\n|l|\u2606MIlzy-777\n|player|p2|\n",
  "uploadtime": 1776407434,
  "views": 35,
  "formatid": "gen9championsvgc2026regma",
  "rating": 1053,
  "private": 0,
  "password": null
}