{
  "id": "gen9championsvgc2026regma-2587742789",
  "format": "[Gen 9 Champions] VGC 2026 Reg M-A",
  "players": [
    "Gameplaya",
    "E5061"
  ],
  "log": "|j|\u2606Gameplaya\n|j|\u2606E5061\n|t:|1776559488\n|gametype|doubles\n|player|p1|Gameplaya|teamrocket|1172\n|player|p2|E5061|baker|1254\n|gen|9\n|tier|[Gen 9 Champions] VGC 2026 Reg M-A\n|rated|\n|rule|Species Clause: Limit one of each Pok\u00e9mon\n|rule|Item Clause: Limit 1 of each item\n|clearpoke\n|poke|p1|Camerupt, L50, F, shiny|\n|poke|p1|Farigiraf, L50, F|\n|poke|p1|Whimsicott, L50, F|\n|poke|p1|Venusaur, L50, M|\n|poke|p1|Volcarona, L50, F|\n|poke|p1|Maushold-Four, L50|\n|poke|p2|Excadrill, L50, F|\n|poke|p2|Tyranitar, L50, M|\n|poke|p2|Whimsicott, L50, F|\n|poke|p2|Sinistcha, L50|\n|poke|p2|Chandelure, L50, F|\n|poke|p2|Sneasler, L50, M|\n|teampreview|4\n|inactive|Battle timer is ON: inactive players will automatically lose when time's up. (requested by Gameplaya)\n|\n|t:|1776559512\n|teamsize|p1|4\n|teamsize|p2|4\n|start\n|switch|p1a: Maushold|Maushold-Four, L50|100/100\n|switch|p1b: Farigiraf|Farigiraf, L50, F|100/100\n|switch|p2a: Whimsicott|Whimsicott, L50, F|100/100\n|switch|p2b: Chandelure|Chandelure, L50, F|100/100\n|turn|1\n|\n|t:|1776559537\n|switch|p2a: Sinistcha|Sinistcha, L50|100/100\n|detailschange|p2b: Chandelure|Chandelure-Mega, L50, F\n|-mega|p2b: Chandelure|Chandelure|Chandelurite\n|move|p1a: Maushold|U-turn|p2a: Sinistcha\n|-damage|p2a: Sinistcha|91/100\n|\n|t:|1776559544\n|switch|p1a: Camerupt|Camerupt, L50, F, shiny|100/100|[from] U-turn\n|move|p2b: Chandelure|Heat Wave|p1b: Farigiraf|[spread] p1a,p1b\n|-resisted|p1a: Camerupt|1\n|-crit|p1b: Farigiraf\n|-damage|p1a: Camerupt|70/100\n|-damage|p1b: Farigiraf|43/100\n|-enditem|p1b: Farigiraf|Sitrus Berry|[eat]\n|-heal|p1b: Farigiraf|68/100|[from] item: Sitrus Berry\n|move|p1b: Farigiraf|Trick Room|p1b: Farigiraf\n|-fieldstart|move: Trick Room|[of] p1b: Farigiraf\n|\n|upkeep\n|turn|2\n|\n|t:|1776559567\n|detailschange|p1a: Camerupt|Camerupt-Mega, L50, F, shiny\n|-mega|p1a: Camerupt|Camerupt|Cameruptite\n|move|p2a: Sinistcha|Protect|p2a: Sinistcha\n|-singleturn|p2a: Sinistcha|Protect\n|move|p1a: Camerupt|Eruption|p2a: Sinistcha|[spread] p2b\n|-activate|p2a: Sinistcha|move: Protect\n|-resisted|p2b: Chandelure|1\n|-damage|p2b: Chandelure|69/100\n|move|p1b: Farigiraf|Foul Play|p2b: Chandelure\n|-supereffective|p2b: Chandelure|1\n|-damage|p2b: Chandelure|28/100\n|move|p2b: Chandelure|Shadow Ball|p1a: Camerupt\n|-damage|p1a: Camerupt|21/100\n|\n|upkeep\n|turn|3\n|inactive|E5061 has 30 seconds left.\n|\n|t:|1776559594\n|switch|p2b: Whimsicott|Whimsicott, L50, F|100/100\n|move|p1a: Camerupt|Flamethrower|p2a: Sinistcha\n|-supereffective|p2a: Sinistcha|1\n|-damage|p2a: Sinistcha|0 fnt\n|faint|p2a: Sinistcha\n|move|p1b: Farigiraf|Foul Play|p2b: Whimsicott\n|-resisted|p2b: Whimsicott|1\n|-damage|p2b: Whimsicott|93/100\n|\n|upkeep\n|\n|t:|1776559601\n|switch|p2a: Sneasler|Sneasler, L50, M|100/100\n|turn|4\n|\n|t:|1776559612\n|move|p2b: Whimsicott|Protect|p2b: Whimsicott\n|-singleturn|p2b: Whimsicott|Protect\n|move|p2a: Sneasler|Protect|p2a: Sneasler\n|-singleturn|p2a: Sneasler|Protect\n|move|p1a: Camerupt|Earth Power|p2a: Sneasler\n|-activate|p2a: Sneasler|move: Protect\n|move|p1b: Farigiraf|Psychic|p2a: Sneasler\n|-activate|p2a: Sneasler|move: Protect\n|\n|upkeep\n|turn|5\n|\n|t:|1776559621\n|move|p2b: Whimsicott|Protect|p2b: Whimsicott\n|-singleturn|p2b: Whimsicott|Protect\n|move|p2a: Sneasler|Protect|p2a: Sneasler\n|-singleturn|p2a: Sneasler|Protect\n|move|p1a: Camerupt|Earth Power|p2a: Sneasler\n|-activate|p2a: Sneasler|move: Protect\n|move|p1b: Farigiraf|Psychic|p2a: Sneasler\n|-activate|p2a: Sneasler|move: Protect\n|\n|-fieldend|move: Trick Room\n|upkeep\n|turn|6\n|c|\u2606E5061|Mb\n|\n|t:|1776559639\n|switch|p1a: Maushold|Maushold-Four, L50|100/100\n|move|p2a: Sneasler|Close Combat|p1b: Farigiraf\n|-damage|p1b: Farigiraf|25/100\n|-unboost|p2a: Sneasler|def|1\n|-unboost|p2a: Sneasler|spd|1\n|-enditem|p2a: Sneasler|White Herb\n|-clearnegativeboost|p2a: Sneasler|[silent]\n|move|p2b: Whimsicott|Moonblast|p1b: Farigiraf\n|-damage|p1b: Farigiraf|8/100\n|move|p1b: Farigiraf|Trick Room|p1b: Farigiraf\n|-fieldstart|move: Trick Room|[of] p1b: Farigiraf\n|\n|upkeep\n|turn|7\n|\n|t:|1776559660\n|move|p2a: Sneasler|Protect|p2a: Sneasler\n|-singleturn|p2a: Sneasler|Protect\n|move|p1a: Maushold|Follow Me|p1a: Maushold\n|-singleturn|p1a: Maushold|move: Follow Me\n|move|p1b: Farigiraf|Psychic|p2a: Sneasler\n|-activate|p2a: Sneasler|move: Protect\n|move|p2b: Whimsicott|Moonblast|p1a: Maushold\n|-damage|p1a: Maushold|66/100\n|\n|upkeep\n|turn|8\n|\n|t:|1776559675\n|move|p2a: Sneasler|Protect||[still]\n|-fail|p2a: Sneasler\n|move|p1b: Farigiraf|Psychic|p2a: Sneasler\n|-supereffective|p2a: Sneasler|2\n|-damage|p2a: Sneasler|0 fnt\n|faint|p2a: Sneasler\n|move|p2b: Whimsicott|Moonblast|p1b: Farigiraf\n|-damage|p1b: Farigiraf|0 fnt\n|faint|p1b: Farigiraf\n|move|p1a: Maushold|U-turn|p2b: Whimsicott\n|-damage|p2b: Whimsicott|79/100\n|\n|t:|1776559685\n|switch|p1a: Camerupt|Camerupt-Mega, L50, F, shiny|21/100|[from] U-turn\n|\n|upkeep\n|\n|t:|1776559690\n|switch|p1b: Whimsicott|Whimsicott, L50, F|100/100\n|switch|p2a: Chandelure|Chandelure-Mega, L50, F|28/100\n|turn|9\n|\n|t:|1776559710\n|move|p1a: Camerupt|Flamethrower|p2b: Whimsicott\n|-supereffective|p2b: Whimsicott|1\n|-damage|p2b: Whimsicott|0 fnt\n|faint|p2b: Whimsicott\n|move|p2a: Chandelure|Heat Wave|p1b: Whimsicott|[spread] p1a,p1b\n|-resisted|p1a: Camerupt|1\n|-supereffective|p1b: Whimsicott|1\n|-damage|p1a: Camerupt|0 fnt\n|-enditem|p1b: Whimsicott|Focus Sash\n|-damage|p1b: Whimsicott|1/100\n|-status|p1b: Whimsicott|brn\n|faint|p1a: Camerupt\n|move|p1b: Whimsicott|Moonblast|p2a: Chandelure\n|-resisted|p2a: Chandelure|1\n|-damage|p2a: Chandelure|5/100\n|\n|-damage|p1b: Whimsicott|0 fnt|[from] brn\n|faint|p1b: Whimsicott\n|upkeep\n|\n|t:|1776559724\n|switch|p1a: Maushold|Maushold-Four, L50|66/100\n|turn|10\n|\n|t:|1776559732\n|move|p1a: Maushold|Protect|p1a: Maushold\n|-singleturn|p1a: Maushold|Protect\n|move|p2a: Chandelure|Heat Wave|p1a: Maushold\n|-activate|p1a: Maushold|move: Protect\n|\n|-fieldend|move: Trick Room\n|upkeep\n|turn|11\n|\n|t:|1776559737\n|move|p1a: Maushold|U-turn|p2a: Chandelure\n|-resisted|p2a: Chandelure|2\n|-damage|p2a: Chandelure|1/100\n|move|p2a: Chandelure|Heat Wave|p1a: Maushold\n|-damage|p1a: Maushold|0 fnt\n|faint|p1a: Maushold\n|\n|win|E5061\n|raw|Gameplaya's rating: 1172 &rarr; <strong>1153</strong><br />(-19 for losing)\n|raw|E5061's rating: 1254 &rarr; <strong>1273</strong><br />(+19 for winning)\n|l|\u2606Gameplaya\n|player|p1|\n|c|\u2606E5061|Gg\n",
  "uploadtime": 1776559750,
  "views": 17,
  "formatid": "gen9championsvgc2026regma",
  "rating": 1153,
  "private": 0,
  "password": null
}