{
  "id": "gen9championsvgc2026regma-2587687068",
  "format": "[Gen 9 Champions] VGC 2026 Reg M-A",
  "players": [
    "Magolor16",
    "MistysBikiniB0tt0m"
  ],
  "log": "|j|\u2606Magolor16\n|j|\u2606MistysBikiniB0tt0m\n|t:|1776553924\n|gametype|doubles\n|player|p1|Magolor16|102|1155\n|player|p2|MistysBikiniB0tt0m|265|1096\n|gen|9\n|tier|[Gen 9 Champions] VGC 2026 Reg M-A\n|rated|\n|rule|Species Clause: Limit one of each Pok\u00e9mon\n|rule|Item Clause: Limit 1 of each item\n|clearpoke\n|poke|p1|Pelipper, L50, F|\n|poke|p1|Weavile, L50, M|\n|poke|p1|Kingambit, L50, F|\n|poke|p1|Incineroar, L50, M|\n|poke|p1|Blastoise, L50, M|\n|poke|p1|Archaludon, L50, F|\n|poke|p2|Delphox, L50, M|\n|poke|p2|Garchomp, L50, F|\n|poke|p2|Gengar, L50, M|\n|poke|p2|Clefable, L50, F|\n|poke|p2|Corviknight, L50, M|\n|poke|p2|Rotom-Wash, L50|\n|teampreview|4\n|inactive|Battle timer is ON: inactive players will automatically lose when time's up. (requested by Magolor16)\n|inactive|MistysBikiniB0tt0m has 60 seconds left.\n|\n|t:|1776553973\n|teamsize|p1|4\n|teamsize|p2|4\n|start\n|switch|p1a: Archaludon|Archaludon, L50, F|100/100\n|switch|p1b: Pelipper|Pelipper, L50, F|100/100\n|switch|p2a: Rotom|Rotom-Wash, L50|100/100\n|switch|p2b: Gengar|Gengar, L50, M|100/100\n|-weather|RainDance|[from] ability: Drizzle|[of] p1b: Pelipper\n|turn|1\n|inactive|Magolor16 has 30 seconds left.\n|\n|t:|1776554000\n|switch|p1b: Kingambit|Kingambit, L50, F|100/100\n|move|p2a: Rotom|Volt Switch|p1b: Kingambit\n|-damage|p1b: Kingambit|75/100\n|\n|t:|1776554007\n|switch|p2a: Garchomp|Garchomp, L50, F|100/100|[from] Volt Switch\n|move|p2b: Gengar|Shadow Ball|p1a: Archaludon\n|-damage|p1a: Archaludon|50/100\n|move|p1a: Archaludon|Electro Shot||[still]\n|-prepare|p1a: Archaludon|Electro Shot\n|-boost|p1a: Archaludon|spa|1\n|-anim|p1a: Archaludon|Electro Shot|p2a: Garchomp\n|-immune|p2a: Garchomp\n|\n|-weather|RainDance|[upkeep]\n|upkeep\n|turn|2\n|\n|t:|1776554031\n|-end|p1b: Kingambit|fallenundefined|[silent]\n|switch|p1b: Pelipper|Pelipper, L50, F|100/100\n|move|p2b: Gengar|Will-O-Wisp|p1b: Pelipper\n|-status|p1b: Pelipper|brn\n|move|p2a: Garchomp|Earthquake|p1b: Pelipper|[spread] p2b,p1a\n|-immune|p1b: Pelipper\n|-supereffective|p2b: Gengar|1\n|-supereffective|p1a: Archaludon|1\n|-enditem|p1a: Archaludon|Shuca Berry|[eat]\n|-enditem|p1a: Archaludon|Shuca Berry|[weaken]\n|-enditem|p2b: Gengar|Focus Sash\n|-damage|p2b: Gengar|1/100\n|-damage|p1a: Archaludon|14/100\n|-start|p2a: Garchomp|Disable|Earthquake|[from] ability: Cursed Body|[of] p2b: Gengar\n|move|p1a: Archaludon|Draco Meteor|p2a: Garchomp\n|-supereffective|p2a: Garchomp|1\n|-damage|p2a: Garchomp|0 fnt\n|-unboost|p1a: Archaludon|spa|2\n|faint|p2a: Garchomp\n|\n|-weather|RainDance|[upkeep]\n|-damage|p1b: Pelipper|95/100 brn|[from] brn\n|upkeep\n|\n|t:|1776554051\n|switch|p2a: Rotom|Rotom-Wash, L50|100/100\n|turn|3\n|\n|t:|1776554060\n|move|p2a: Rotom|Volt Switch|p1b: Pelipper\n|-supereffective|p1b: Pelipper|2\n|-damage|p1b: Pelipper|0 fnt\n|faint|p1b: Pelipper\n|\n|t:|1776554065\n|switch|p2a: Corviknight|Corviknight, L50, M|100/100|[from] Volt Switch\n|move|p2b: Gengar|Shadow Ball|p1a: Archaludon\n|-damage|p1a: Archaludon|0 fnt\n|faint|p1a: Archaludon\n|\n|-weather|RainDance|[upkeep]\n|upkeep\n|\n|t:|1776554071\n|switch|p1a: Blastoise|Blastoise, L50, M|100/100\n|switch|p1b: Kingambit|Kingambit, L50, F|75/100\n|-activate|p1b: Kingambit|ability: Supreme Overlord\n|-start|p1b: Kingambit|fallen2|[silent]\n|turn|4\n|\n|t:|1776554081\n|detailschange|p1a: Blastoise|Blastoise-Mega, L50, M\n|-mega|p1a: Blastoise|Blastoise|Blastoisinite\n|move|p2b: Gengar|Protect|p2b: Gengar\n|-singleturn|p2b: Gengar|Protect\n|move|p1a: Blastoise|Water Spout|p2a: Corviknight|[spread] p2a\n|-activate|p2b: Gengar|move: Protect\n|-damage|p2a: Corviknight|14/100\n|-enditem|p2a: Corviknight|Sitrus Berry|[eat]\n|-heal|p2a: Corviknight|39/100|[from] item: Sitrus Berry\n|move|p2a: Corviknight|Body Press|p1b: Kingambit\n|-supereffective|p1b: Kingambit|2\n|-enditem|p1b: Kingambit|Chople Berry|[eat]\n|-enditem|p1b: Kingambit|Chople Berry|[weaken]\n|-damage|p1b: Kingambit|40/100\n|move|p1b: Kingambit|Kowtow Cleave|p2b: Gengar\n|-activate|p2b: Gengar|move: Protect\n|\n|-weather|RainDance|[upkeep]\n|upkeep\n|turn|5\n|inactive|MistysBikiniB0tt0m has 30 seconds left.\n|inactive|MistysBikiniB0tt0m has 20 seconds left.\n|inactive|MistysBikiniB0tt0m has 15 seconds left.\n|inactive|MistysBikiniB0tt0m has 10 seconds left.\n|\n|t:|1776554128\n|move|p1b: Kingambit|Sucker Punch|p2a: Corviknight\n|-damage|p2a: Corviknight|6/100\n|move|p2b: Gengar|Will-O-Wisp|p1b: Kingambit\n|-status|p1b: Kingambit|brn\n|move|p1a: Blastoise|Water Spout|p2b: Gengar|[spread] p2a,p2b\n|-damage|p2a: Corviknight|0 fnt\n|-damage|p2b: Gengar|0 fnt\n|-start|p1a: Blastoise|Disable|Water Spout|[from] ability: Cursed Body|[of] p2b: Gengar\n|faint|p2a: Corviknight\n|faint|p2b: Gengar\n|\n|-weather|none\n|-damage|p1b: Kingambit|34/100 brn|[from] brn\n|upkeep\n|\n|t:|1776554144\n|switch|p2b: Rotom|Rotom-Wash, L50|100/100\n|turn|6\n|\n|t:|1776554151\n|move|p2b: Rotom|Discharge|p1a: Blastoise|[spread] p1a,p1b\n|-supereffective|p1a: Blastoise|1\n|-damage|p1a: Blastoise|53/100\n|-damage|p1b: Kingambit|14/100 brn\n|-status|p1a: Blastoise|par\n|move|p1b: Kingambit|Kowtow Cleave|p2b: Rotom\n|-damage|p2b: Rotom|71/100\n|move|p1a: Blastoise|Terrain Pulse|p2b: Rotom\n|-damage|p2b: Rotom|39/100\n|\n|-damage|p1b: Kingambit|8/100 brn|[from] brn\n|upkeep\n|turn|7\n|\n|t:|1776554165\n|move|p1b: Kingambit|Sucker Punch|p2b: Rotom\n|-damage|p2b: Rotom|11/100\n|move|p2b: Rotom|Discharge|p1a: Blastoise|[spread] p1a,p1b\n|-supereffective|p1a: Blastoise|1\n|-damage|p1a: Blastoise|11/100 par\n|-damage|p1b: Kingambit|0 fnt\n|faint|p1b: Kingambit\n|-end|p1b: Kingambit|fallen2|[silent]\n|move|p1a: Blastoise|Terrain Pulse|p2b: Rotom\n|-damage|p2b: Rotom|0 fnt\n|faint|p2b: Rotom\n|\n|win|Magolor16\n|raw|Magolor16's rating: 1155 &rarr; <strong>1176</strong><br />(+21 for winning)\n|raw|MistysBikiniB0tt0m's rating: 1096 &rarr; <strong>1076</strong><br />(-20 for losing)\n|c|\u2606Magolor16|gg\n|l|\u2606Magolor16\n|player|p1|\n|c|\u2606MistysBikiniB0tt0m|Gg\n",
  "uploadtime": 1776554181,
  "views": 11,
  "formatid": "gen9championsvgc2026regma",
  "rating": 1076,
  "private": 0,
  "password": null
}