{
  "id": "gen9championsvgc2026regma-2587958465",
  "format": "[Gen 9 Champions] VGC 2026 Reg M-A",
  "players": [
    "Virone",
    "demeszurgedamdebi"
  ],
  "log": "|j|\u2606Virone\n|j|\u2606demeszurgedamdebi\n|t:|1776584831\n|gametype|doubles\n|player|p1|Virone|veteranf|1270\n|player|p2|demeszurgedamdebi|101|1278\n|gen|9\n|tier|[Gen 9 Champions] VGC 2026 Reg M-A\n|rated|\n|rule|Species Clause: Limit one of each Pok\u00e9mon\n|rule|Item Clause: Limit 1 of each item\n|clearpoke\n|poke|p1|Scovillain, L50, M|\n|poke|p1|Dragapult, L50, F|\n|poke|p1|Sneasler, L50, M|\n|poke|p1|Rotom-Wash, L50, shiny|\n|poke|p1|Incineroar, L50, F|\n|poke|p1|Alakazam, L50, M|\n|poke|p2|Chandelure, L50, M|\n|poke|p2|Farigiraf, L50, F|\n|poke|p2|Torkoal, L50, F|\n|poke|p2|Sneasler, L50, M|\n|poke|p2|Aerodactyl, L50, M|\n|poke|p2|Sinistcha, L50|\n|teampreview|4\n|\n|t:|1776584866\n|teamsize|p1|4\n|teamsize|p2|4\n|start\n|switch|p1a: Dragapult|Dragapult, L50, F|100/100\n|switch|p1b: Incineroar|Incineroar, L50, F|100/100\n|switch|p2a: Farigiraf|Farigiraf, L50, F|100/100\n|switch|p2b: Chandelure|Chandelure, L50, M|100/100\n|-ability|p1b: Incineroar|Intimidate|boost\n|-unboost|p2a: Farigiraf|atk|1\n|-unboost|p2b: Chandelure|atk|1\n|turn|1\n|\n|t:|1776584885\n|detailschange|p2b: Chandelure|Chandelure-Mega, L50, M\n|-mega|p2b: Chandelure|Chandelure|Chandelurite\n|move|p2b: Chandelure|Protect|p2b: Chandelure\n|-singleturn|p2b: Chandelure|Protect\n|move|p1a: Dragapult|Light Screen|p1a: Dragapult\n|-sidestart|p1: Virone|move: Light Screen\n|move|p1b: Incineroar|Darkest Lariat|p2a: Farigiraf\n|-supereffective|p2a: Farigiraf|1\n|-damage|p2a: Farigiraf|55/100\n|move|p2a: Farigiraf|Trick Room|p2a: Farigiraf\n|-fieldstart|move: Trick Room|[of] p2a: Farigiraf\n|\n|upkeep\n|turn|2\n|\n|t:|1776584911\n|move|p2a: Farigiraf|Helping Hand|p2b: Chandelure\n|-singleturn|p2b: Chandelure|Helping Hand|[of] p2a: Farigiraf\n|move|p1b: Incineroar|Darkest Lariat|p2b: Chandelure\n|-supereffective|p2b: Chandelure|1\n|-damage|p2b: Chandelure|35/100\n|move|p2b: Chandelure|Hex|p1a: Dragapult\n|-supereffective|p1a: Dragapult|1\n|-damage|p1a: Dragapult|0 fnt\n|faint|p1a: Dragapult\n|\n|upkeep\n|\n|t:|1776584924\n|switch|p1a: Rotom|Rotom-Wash, L50, shiny|100/100\n|turn|3\n|\n|t:|1776584944\n|move|p2a: Farigiraf|Helping Hand|p2b: Chandelure\n|-singleturn|p2b: Chandelure|Helping Hand|[of] p2a: Farigiraf\n|move|p2b: Chandelure|Protect|p2b: Chandelure\n|-singleturn|p2b: Chandelure|Protect\n|move|p1b: Incineroar|Darkest Lariat|p2a: Farigiraf\n|-supereffective|p2a: Farigiraf|1\n|-damage|p2a: Farigiraf|6/100\n|-enditem|p2a: Farigiraf|Sitrus Berry|[eat]\n|-heal|p2a: Farigiraf|31/100|[from] item: Sitrus Berry\n|move|p1a: Rotom|Thunderbolt|p2b: Chandelure\n|-activate|p2b: Chandelure|move: Protect\n|\n|upkeep\n|turn|4\n|\n|t:|1776584967\n|switch|p2b: Aerodactyl|Aerodactyl, L50, M|100/100\n|-ability|p2b: Aerodactyl|Unnerve\n|move|p2a: Farigiraf|Hyper Voice|p1a: Rotom|[spread] p1a,p1b\n|-damage|p1a: Rotom|84/100\n|-damage|p1b: Incineroar|87/100\n|move|p1b: Incineroar|Darkest Lariat|p2a: Farigiraf\n|-supereffective|p2a: Farigiraf|1\n|-damage|p2a: Farigiraf|0 fnt\n|faint|p2a: Farigiraf\n|move|p1a: Rotom|Thunderbolt|p2b: Aerodactyl\n|-supereffective|p2b: Aerodactyl|1\n|-enditem|p2b: Aerodactyl|Focus Sash\n|-damage|p2b: Aerodactyl|1/100\n|\n|-heal|p1a: Rotom|90/100|[from] item: Leftovers\n|upkeep\n|\n|t:|1776584982\n|switch|p2a: Sneasler|Sneasler, L50, M|100/100\n|turn|5\n|\n|t:|1776584995\n|move|p2a: Sneasler|Fake Out|p1a: Rotom\n|-damage|p1a: Rotom|72/100\n|move|p1b: Incineroar|Parting Shot|p1a: Rotom\n|-unboost|p1a: Rotom|atk|1\n|-unboost|p1a: Rotom|spa|1\n|\n|t:|1776585001\n|switch|p1b: Scovillain|Scovillain, L50, M|100/100|[from] Parting Shot\n|cant|p1a: Rotom|flinch\n|move|p2b: Aerodactyl|Tailwind|p2b: Aerodactyl\n|-sidestart|p2: demeszurgedamdebi|move: Tailwind\n|\n|-heal|p1a: Rotom|78/100|[from] item: Leftovers\n|-sideend|p1: Virone|move: Light Screen\n|-fieldend|move: Trick Room\n|-ability|p1b: Scovillain|Moody|boost\n|-boost|p1b: Scovillain|atk|2\n|-unboost|p1b: Scovillain|spa|1\n|upkeep\n|turn|6\n|\n|t:|1776585025\n|switch|p1b: Incineroar|Incineroar, L50, F|87/100\n|-ability|p1b: Incineroar|Intimidate|boost\n|-unboost|p2a: Sneasler|atk|1\n|-unboost|p2b: Aerodactyl|atk|1\n|-enditem|p2a: Sneasler|White Herb\n|-clearnegativeboost|p2a: Sneasler|[silent]\n|move|p2a: Sneasler|Dire Claw|p1b: Incineroar\n|-damage|p1b: Incineroar|52/100\n|move|p2b: Aerodactyl|Rock Slide|p1a: Rotom|[spread] p1a,p1b\n|-supereffective|p1b: Incineroar|1\n|-damage|p1a: Rotom|58/100\n|-damage|p1b: Incineroar|23/100\n|move|p1a: Rotom|Electroweb|p2b: Aerodactyl|[spread] p2a,p2b\n|-supereffective|p2b: Aerodactyl|1\n|-damage|p2a: Sneasler|84/100\n|-damage|p2b: Aerodactyl|0 fnt\n|-unboost|p2a: Sneasler|spe|1\n|-enditem|p1b: Incineroar|Sitrus Berry|[eat]\n|-heal|p1b: Incineroar|48/100|[from] item: Sitrus Berry\n|faint|p2b: Aerodactyl\n|\n|-heal|p1a: Rotom|64/100|[from] item: Leftovers\n|upkeep\n|\n|t:|1776585045\n|switch|p2b: Chandelure|Chandelure-Mega, L50, M|35/100\n|turn|7\n|\n|t:|1776585067\n|move|p1b: Incineroar|Fake Out|p2a: Sneasler\n|-damage|p2a: Sneasler|69/100\n|cant|p2a: Sneasler|flinch\n|move|p2b: Chandelure|Hex|p1a: Rotom\n|-damage|p1a: Rotom|16/100\n|move|p1a: Rotom|Electroweb|p2b: Chandelure|[spread] p2a,p2b\n|-damage|p2a: Sneasler|53/100\n|-damage|p2b: Chandelure|21/100\n|-unboost|p2a: Sneasler|spe|1\n|-unboost|p2b: Chandelure|spe|1\n|\n|-heal|p1a: Rotom|22/100|[from] item: Leftovers\n|upkeep\n|turn|8\n|\n|t:|1776585087\n|move|p2b: Chandelure|Protect|p2b: Chandelure\n|-singleturn|p2b: Chandelure|Protect\n|move|p2a: Sneasler|Close Combat|p1b: Incineroar\n|-supereffective|p1b: Incineroar|1\n|-damage|p1b: Incineroar|0 fnt\n|-unboost|p2a: Sneasler|def|1\n|-unboost|p2a: Sneasler|spd|1\n|faint|p1b: Incineroar\n|move|p1a: Rotom|Thunderbolt|p2a: Sneasler\n|-damage|p2a: Sneasler|5/100\n|\n|-heal|p1a: Rotom|27/100|[from] item: Leftovers\n|-sideend|p2: demeszurgedamdebi|move: Tailwind\n|upkeep\n|\n|t:|1776585090\n|switch|p1b: Scovillain|Scovillain, L50, M|100/100\n|turn|9\n|\n|t:|1776585126\n|detailschange|p1b: Scovillain|Scovillain-Mega, L50, M\n|-mega|p1b: Scovillain|Scovillain|Scovillainite\n|move|p2a: Sneasler|Protect|p2a: Sneasler\n|-singleturn|p2a: Sneasler|Protect\n|move|p1a: Rotom|Thunderbolt|p2a: Sneasler\n|-activate|p2a: Sneasler|move: Protect\n|move|p1b: Scovillain|Overheat|p2b: Chandelure\n|-resisted|p2b: Chandelure|1\n|-damage|p2b: Chandelure|0 fnt\n|-unboost|p1b: Scovillain|spa|2\n|faint|p2b: Chandelure\n|\n|-heal|p1a: Rotom|33/100|[from] item: Leftovers\n|upkeep\n|turn|10\n|\n|t:|1776585141\n|move|p1b: Scovillain|Rage Powder|p1b: Scovillain\n|-singleturn|p1b: Scovillain|move: Rage Powder\n|move|p2a: Sneasler|Dire Claw|p1b: Scovillain\n|-supereffective|p1b: Scovillain|1\n|-damage|p1b: Scovillain|0 fnt\n|-status|p2a: Sneasler|brn|[from] ability: Spicy Spray|[of] p1b: Scovillain\n|faint|p1b: Scovillain\n|move|p1a: Rotom|Thunderbolt|p2a: Sneasler\n|-damage|p2a: Sneasler|0 fnt\n|faint|p2a: Sneasler\n|\n|win|Virone\n|raw|Virone's rating: 1270 &rarr; <strong>1296</strong><br />(+26 for winning)\n|raw|demeszurgedamdebi's rating: 1278 &rarr; <strong>1252</strong><br />(-26 for losing)\n|c|\u2606Virone|gg\n|l|\u2606demeszurgedamdebi\n|player|p2|\n",
  "uploadtime": 1776585154,
  "views": 14,
  "formatid": "gen9championsvgc2026regma",
  "rating": 1252,
  "private": 0,
  "password": null
}