{
  "id": "gen9championsvgc2026regma-2585321161",
  "format": "[Gen 9 Champions] VGC 2026 Reg M-A",
  "players": [
    "Kaazuma",
    "EnbyFlavoredSparky"
  ],
  "log": "|j|\u2606Kaazuma\n|j|\u2606EnbyFlavoredSparky\n|t:|1776337544\n|gametype|doubles\n|player|p1|Kaazuma|ethan|1297\n|player|p2|EnbyFlavoredSparky|lillie-masters2|1303\n|gen|9\n|tier|[Gen 9 Champions] VGC 2026 Reg M-A\n|rated|\n|rule|Species Clause: Limit one of each Pok\u00e9mon\n|rule|Item Clause: Limit 1 of each item\n|clearpoke\n|poke|p1|Sneasler, L50, M|\n|poke|p1|Incineroar, L50, F|\n|poke|p1|Aerodactyl, L50, M|\n|poke|p1|Floette-Eternal, L50, F|\n|poke|p1|Sinistcha, L50|\n|poke|p1|Garchomp, L50, M|\n|poke|p2|Delphox, L50, F|\n|poke|p2|Whimsicott, L50, F|\n|poke|p2|Incineroar, L50, M|\n|poke|p2|Ninetales, L50, F|\n|poke|p2|Sneasler, L50, F|\n|poke|p2|Orthworm, L50, F|\n|teampreview|4\n|inactive|Battle timer is ON: inactive players will automatically lose when time's up. (requested by EnbyFlavoredSparky)\n|inactive|Kaazuma also wants the timer to be on.\n|\n|t:|1776337567\n|teamsize|p1|4\n|teamsize|p2|4\n|start\n|switch|p1a: Sneasler|Sneasler, L50, M|100/100\n|switch|p1b: Garchomp|Garchomp, L50, M|100/100\n|switch|p2a: Sneasler|Sneasler, L50, F|100/100\n|switch|p2b: Orthworm|Orthworm, L50, F|100/100\n|turn|1\n|\n|t:|1776337578\n|move|p2a: Sneasler|Fake Out|p1a: Sneasler\n|-crit|p1a: Sneasler\n|-damage|p1a: Sneasler|63/100\n|cant|p1a: Sneasler|flinch\n|move|p1b: Garchomp|Earthquake|p2b: Orthworm|[spread] p1a,p2a\n|-immune|p2b: Orthworm|[from] ability: Earth Eater\n|-supereffective|p1a: Sneasler|1\n|-supereffective|p2a: Sneasler|1\n|-damage|p1a: Sneasler|0 fnt\n|-damage|p2a: Sneasler|0 fnt\n|faint|p1a: Sneasler\n|faint|p2a: Sneasler\n|move|p2b: Orthworm|Shed Tail|p2b: Orthworm\n|-start|p2b: Orthworm|Substitute|[from] move: Shed Tail\n|-damage|p2b: Orthworm|50/100\n|-enditem|p2b: Orthworm|Sitrus Berry|[eat]\n|-heal|p2b: Orthworm|75/100|[from] item: Sitrus Berry\n|\n|t:|1776337589\n|switch|p2b: Delphox|Delphox, L50, F|100/100|[from] Shed Tail\n|\n|upkeep\n|\n|t:|1776337595\n|switch|p2a: Ninetales|Ninetales, L50, F|100/100\n|switch|p1a: Incineroar|Incineroar, L50, F|100/100\n|-weather|SunnyDay|[from] ability: Drought|[of] p2a: Ninetales\n|-ability|p1a: Incineroar|Intimidate|boost\n|-unboost|p2a: Ninetales|atk|1\n|-immune|p2b: Delphox\n|turn|2\n|\n|t:|1776337604\n|switch|p1a: Aerodactyl|Aerodactyl, L50, M|100/100\n|detailschange|p2b: Delphox|Delphox-Mega, L50, F\n|-mega|p2b: Delphox|Delphox|Delphoxite\n|move|p2a: Ninetales|Protect|p2a: Ninetales\n|-singleturn|p2a: Ninetales|Protect\n|move|p1b: Garchomp|Earthquake|p2b: Delphox|[spread] \n|-activate|p2a: Ninetales|move: Protect\n|-immune|p1a: Aerodactyl\n|-immune|p2b: Delphox|[from] ability: Levitate\n|move|p2b: Delphox|Nasty Plot|p2b: Delphox\n|-boost|p2b: Delphox|spa|2\n|\n|-weather|SunnyDay|[upkeep]\n|upkeep\n|turn|3\n|\n|t:|1776337621\n|switch|p1b: Incineroar|Incineroar, L50, F|100/100\n|-ability|p1b: Incineroar|Intimidate|boost\n|-unboost|p2a: Ninetales|atk|1\n|-immune|p2b: Delphox\n|move|p2a: Ninetales|Helping Hand|p2b: Delphox\n|-singleturn|p2b: Delphox|Helping Hand|[of] p2a: Ninetales\n|move|p2b: Delphox|Heat Wave|p1a: Aerodactyl|[spread] p1a,p1b\n|-resisted|p1a: Aerodactyl|1\n|-resisted|p1b: Incineroar|1\n|-enditem|p1a: Aerodactyl|Focus Sash\n|-damage|p1a: Aerodactyl|1/100\n|-damage|p1b: Incineroar|14/100\n|move|p1a: Aerodactyl|Rock Slide|p2a: Ninetales|[spread] p2a,p2b\n|-supereffective|p2b: Delphox|1\n|-end|p2b: Delphox|Substitute\n|-supereffective|p2a: Ninetales|1\n|-damage|p2a: Ninetales|43/100\n|\n|-weather|SunnyDay|[upkeep]\n|upkeep\n|turn|4\n|\n|t:|1776337638\n|move|p2b: Delphox|Protect|p2b: Delphox\n|-singleturn|p2b: Delphox|Protect\n|move|p2a: Ninetales|Protect|p2a: Ninetales\n|-singleturn|p2a: Ninetales|Protect\n|move|p1b: Incineroar|Fake Out|p2b: Delphox\n|-activate|p2b: Delphox|move: Protect\n|move|p1a: Aerodactyl|Tailwind|p1a: Aerodactyl\n|-sidestart|p1: Kaazuma|move: Tailwind\n|\n|-weather|SunnyDay|[upkeep]\n|upkeep\n|turn|5\n|\n|t:|1776337651\n|move|p2a: Ninetales|Helping Hand|p2b: Delphox\n|-singleturn|p2b: Delphox|Helping Hand|[of] p2a: Ninetales\n|move|p1a: Aerodactyl|Rock Slide|p2b: Delphox|[spread] p2a\n|-miss|p1a: Aerodactyl|p2b: Delphox\n|-supereffective|p2a: Ninetales|1\n|-damage|p2a: Ninetales|0 fnt\n|faint|p2a: Ninetales\n|move|p2b: Delphox|Heat Wave|p1a: Aerodactyl|[spread] p1a,p1b\n|-resisted|p1a: Aerodactyl|1\n|-resisted|p1b: Incineroar|1\n|-damage|p1a: Aerodactyl|0 fnt\n|-damage|p1b: Incineroar|0 fnt\n|faint|p1a: Aerodactyl\n|faint|p1b: Incineroar\n|\n|-weather|SunnyDay|[upkeep]\n|upkeep\n|\n|t:|1776337658\n|switch|p2a: Orthworm|Orthworm, L50, F|75/100\n|switch|p1b: Garchomp|Garchomp, L50, M|100/100\n|turn|6\n|\n|t:|1776337663\n|move|p2b: Delphox|Protect|p2b: Delphox\n|-singleturn|p2b: Delphox|Protect\n|move|p2a: Orthworm|Protect|p2a: Orthworm\n|-singleturn|p2a: Orthworm|Protect\n|move|p1b: Garchomp|Rock Slide|p2b: Delphox|[spread] \n|-activate|p2a: Orthworm|move: Protect\n|-activate|p2b: Delphox|move: Protect\n|\n|-weather|none\n|upkeep\n|turn|7\n|\n|t:|1776337669\n|move|p1b: Garchomp|Rock Slide|p2a: Orthworm|[spread] p2a,p2b\n|-resisted|p2a: Orthworm|1\n|-supereffective|p2b: Delphox|1\n|-damage|p2a: Orthworm|69/100\n|-damage|p2b: Delphox|32/100\n|move|p2b: Delphox|Psychic|p1b: Garchomp\n|-damage|p1b: Garchomp|0 fnt\n|faint|p1b: Garchomp\n|\n|win|EnbyFlavoredSparky\n|raw|Kaazuma's rating: 1297 &rarr; <strong>1272</strong><br />(-25 for losing)\n|raw|EnbyFlavoredSparky's rating: 1303 &rarr; <strong>1323</strong><br />(+20 for winning)\n|l|\u2606Kaazuma\n|player|p1|\n",
  "uploadtime": 1776337725,
  "views": 49,
  "formatid": "gen9championsvgc2026regma",
  "rating": 1272,
  "private": 0,
  "password": null
}