{
  "id": "gen9championsvgc2026regma-2586060131",
  "format": "[Gen 9 Champions] VGC 2026 Reg M-A",
  "players": [
    "Chef204",
    "gods ark"
  ],
  "log": "|j|\u2606Chef204\n|j|\u2606gods ark\n|t:|1776394778\n|gametype|doubles\n|player|p1|Chef204|cynthia-gen4|1249\n|player|p2|gods ark|cynthia-gen4|1156\n|gen|9\n|tier|[Gen 9 Champions] VGC 2026 Reg M-A\n|rated|\n|rule|Species Clause: Limit one of each Pok\u00e9mon\n|rule|Item Clause: Limit 1 of each item\n|clearpoke\n|poke|p1|Delphox, L50, F|\n|poke|p1|Aerodactyl, L50, F|\n|poke|p1|Milotic, L50, F|\n|poke|p1|Garchomp, L50, M|\n|poke|p1|Archaludon, L50, M|\n|poke|p1|Tyranitar, L50, F|\n|poke|p2|Whimsicott, L50, F|\n|poke|p2|Gardevoir, L50, M|\n|poke|p2|Garchomp, L50, F|\n|poke|p2|Incineroar, L50, F|\n|poke|p2|Sneasler, L50, F|\n|poke|p2|Farigiraf, L50, F|\n|teampreview|4\n|inactive|Battle timer is ON: inactive players will automatically lose when time's up. (requested by Chef204)\n|inactive|Chef204 has 60 seconds left.\n|\n|t:|1776394819\n|teamsize|p1|4\n|teamsize|p2|4\n|start\n|switch|p1a: Milotic|Milotic, L50, F|100/100\n|switch|p1b: Delphox|Delphox, L50, F|100/100\n|switch|p2a: Farigiraf|Farigiraf, L50, F|100/100\n|switch|p2b: Incineroar|Incineroar, L50, F|100/100\n|-ability|p2b: Incineroar|Intimidate|boost\n|-unboost|p1a: Milotic|atk|1\n|-ability|p1a: Milotic|Competitive|boost\n|-boost|p1a: Milotic|spa|2\n|-unboost|p1b: Delphox|atk|1\n|turn|1\n|inactive|gods ark has 30 seconds left.\n|inactive|gods ark has 20 seconds left.\n|inactive|gods ark has 15 seconds left.\n|inactive|gods ark has 10 seconds left.\n|\n|t:|1776394865\n|move|p1b: Delphox|Protect|p1b: Delphox\n|-singleturn|p1b: Delphox|Protect\n|move|p1a: Milotic|Protect|p1a: Milotic\n|-singleturn|p1a: Milotic|Protect\n|move|p2b: Incineroar|Fake Out|p1a: Milotic\n|-activate|p1a: Milotic|move: Protect\n|move|p2a: Farigiraf|Trick Room|p2a: Farigiraf\n|-fieldstart|move: Trick Room|[of] p2a: Farigiraf\n|\n|upkeep\n|turn|2\n|\n|t:|1776394890\n|detailschange|p1b: Delphox|Delphox-Mega, L50, F\n|-mega|p1b: Delphox|Delphox|Delphoxite\n|move|p2a: Farigiraf|Psychic Terrain|p2a: Farigiraf\n|-fieldstart|move: Psychic Terrain\n|move|p2b: Incineroar|Parting Shot|p1b: Delphox\n|-unboost|p1b: Delphox|atk|1\n|-unboost|p1b: Delphox|spa|1\n|\n|t:|1776394898\n|switch|p2b: Gardevoir|Gardevoir, L50, M|100/100|[from] Parting Shot\n|-ability|p2b: Gardevoir|Levitate|Trace|[from] ability: Trace|[of] p1b: Delphox\n|move|p1a: Milotic|Muddy Water|p2b: Gardevoir|[spread] p2a\n|-miss|p1a: Milotic|p2b: Gardevoir\n|-damage|p2a: Farigiraf|56/100\n|move|p1b: Delphox|Role Play|p1a: Milotic\n|-ability|p1b: Delphox|Competitive|Levitate|[from] move: Role Play|[of] p1a: Milotic\n|\n|upkeep\n|turn|3\n|inactive|gods ark has 30 seconds left.\n|inactive|gods ark has 20 seconds left.\n|\n|t:|1776394937\n|detailschange|p2b: Gardevoir|Gardevoir-Mega, L50, M\n|-mega|p2b: Gardevoir|Gardevoir|Gardevoirite\n|move|p1a: Milotic|Protect|p1a: Milotic\n|-singleturn|p1a: Milotic|Protect\n|move|p1b: Delphox|Protect|p1b: Delphox\n|-singleturn|p1b: Delphox|Protect\n|move|p2a: Farigiraf|Hyper Voice|p1b: Delphox|[spread] \n|-activate|p1a: Milotic|move: Protect\n|-activate|p1b: Delphox|move: Protect\n|move|p2b: Gardevoir|Calm Mind|p2b: Gardevoir\n|-boost|p2b: Gardevoir|spa|1\n|-boost|p2b: Gardevoir|spd|1\n|\n|upkeep\n|turn|4\n|\n|t:|1776394956\n|move|p2a: Farigiraf|Hyper Voice|p1b: Delphox|[spread] p1a,p1b\n|-damage|p1a: Milotic|80/100\n|-damage|p1b: Delphox|73/100\n|move|p1a: Milotic|Muddy Water|p2b: Gardevoir|[spread] p2a,p2b\n|-damage|p2a: Farigiraf|6/100\n|-damage|p2b: Gardevoir|71/100\n|-enditem|p2a: Farigiraf|Sitrus Berry|[eat]\n|-heal|p2a: Farigiraf|31/100|[from] item: Sitrus Berry\n|move|p2b: Gardevoir|Expanding Force|p1a: Milotic|[spread] p1a,p1b\n|-resisted|p1b: Delphox|1\n|-damage|p1a: Milotic|0 fnt\n|-damage|p1b: Delphox|18/100\n|faint|p1a: Milotic\n|move|p1b: Delphox|Heat Wave|p2b: Gardevoir|[spread] p2a,p2b\n|-damage|p2a: Farigiraf|8/100\n|-damage|p2b: Gardevoir|57/100\n|\n|upkeep\n|\n|t:|1776394970\n|switch|p1a: Tyranitar|Tyranitar, L50, F|100/100\n|-weather|Sandstorm|[from] ability: Sand Stream|[of] p1a: Tyranitar\n|turn|5\n|\n|t:|1776394981\n|switch|p2a: Incineroar|Incineroar, L50, F|100/100\n|-ability|p2a: Incineroar|Intimidate|boost\n|-unboost|p1a: Tyranitar|atk|1\n|-unboost|p1b: Delphox|atk|1\n|-ability|p1b: Delphox|Competitive|boost\n|-boost|p1b: Delphox|spa|2\n|move|p1a: Tyranitar|Rock Slide|p2a: Incineroar|[spread] p2a,p2b\n|-supereffective|p2a: Incineroar|1\n|-damage|p2a: Incineroar|68/100\n|-damage|p2b: Gardevoir|30/100\n|move|p2b: Gardevoir|Hyper Voice|p1a: Tyranitar|[spread] p1a,p1b\n|-supereffective|p1a: Tyranitar|1\n|-resisted|p1b: Delphox|1\n|-damage|p1a: Tyranitar|6/100\n|-damage|p1b: Delphox|0 fnt\n|faint|p1b: Delphox\n|\n|-weather|Sandstorm|[upkeep]\n|-damage|p2a: Incineroar|62/100|[from] Sandstorm\n|-damage|p2b: Gardevoir|24/100|[from] Sandstorm\n|-heal|p2a: Incineroar|68/100|[from] item: Leftovers\n|-fieldend|move: Trick Room\n|upkeep\n|\n|t:|1776394994\n|switch|p1b: Garchomp|Garchomp, L50, M|100/100\n|turn|6\n|\n|t:|1776395011\n|move|p1a: Tyranitar|Protect|p1a: Tyranitar\n|-singleturn|p1a: Tyranitar|Protect\n|move|p2a: Incineroar|Fake Out|p1b: Garchomp\n|-activate|p1b: Garchomp|move: Psychic Terrain\n|move|p1b: Garchomp|Earthquake|p2b: Gardevoir|[spread] p2a,p2b\n|-activate|p1a: Tyranitar|move: Protect\n|-supereffective|p2a: Incineroar|1\n|-damage|p2a: Incineroar|0 fnt\n|-damage|p2b: Gardevoir|0 fnt\n|faint|p2a: Incineroar\n|faint|p2b: Gardevoir\n|\n|-weather|Sandstorm|[upkeep]\n|-fieldend|move: Psychic Terrain\n|upkeep\n|\n|t:|1776395021\n|switch|p2b: Farigiraf|Farigiraf, L50, F|8/100\n|switch|p2a: Garchomp|Garchomp, L50, F|100/100\n|turn|7\n|\n|t:|1776395045\n|move|p1b: Garchomp|Earthquake|p2b: Farigiraf|[spread] p1a,p2a,p2b\n|-supereffective|p1a: Tyranitar|1\n|-crit|p2b: Farigiraf\n|-damage|p1a: Tyranitar|0 fnt\n|-damage|p2a: Garchomp|61/100\n|-damage|p2b: Farigiraf|0 fnt\n|faint|p1a: Tyranitar\n|faint|p2b: Farigiraf\n|move|p2a: Garchomp|Dragon Claw|p1b: Garchomp\n|-supereffective|p1b: Garchomp|1\n|-damage|p1b: Garchomp|9/100\n|\n|-weather|Sandstorm|[upkeep]\n|upkeep\n|turn|8\n|\n|t:|1776395063\n|move|p1b: Garchomp|Earthquake|p2a: Garchomp\n|-damage|p2a: Garchomp|0 fnt\n|faint|p2a: Garchomp\n|\n|win|Chef204\n|raw|Chef204's rating: 1249 &rarr; <strong>1267</strong><br />(+18 for winning)\n|raw|gods ark's rating: 1156 &rarr; <strong>1138</strong><br />(-18 for losing)\n",
  "uploadtime": 1776395066,
  "views": 54,
  "formatid": "gen9championsvgc2026regma",
  "rating": 1138,
  "private": 0,
  "password": null
}