{
  "id": "gen9championsvgc2026regma-2585391559",
  "format": "[Gen 9 Champions] VGC 2026 Reg M-A",
  "players": [
    "lu3307",
    "takethephilpill"
  ],
  "log": "|j|\u2606lu3307\n|j|\u2606takethephilpill\n|t:|1776343834\n|gametype|doubles\n|player|p1|lu3307|101|1075\n|player|p2|takethephilpill|#ptplviistarmies|1094\n|gen|9\n|tier|[Gen 9 Champions] VGC 2026 Reg M-A\n|rated|\n|rule|Species Clause: Limit one of each Pok\u00e9mon\n|rule|Item Clause: Limit 1 of each item\n|clearpoke\n|poke|p1|Liepard, L50, M|\n|poke|p1|Kingambit, L50, M|\n|poke|p1|Beedrill, L50, F|\n|poke|p1|Clefable, L50, M|\n|poke|p1|Farigiraf, L50, M|\n|poke|p1|Typhlosion-Hisui, L50, M|\n|poke|p2|Pelipper, L50, F|\n|poke|p2|Dragonite, L50, M|\n|poke|p2|Kangaskhan, L50, F|\n|poke|p2|Simipour, L50, M|\n|poke|p2|Garchomp, L50, M|\n|poke|p2|Klefki, L50, M|\n|teampreview|4\n|inactive|Battle timer is ON: inactive players will automatically lose when time's up. (requested by takethephilpill)\ntakethephilpill rejected open team sheets.\n|inactive|lu3307 has 60 seconds left.\n|\n|t:|1776343883\n|teamsize|p1|4\n|teamsize|p2|4\n|start\n|switch|p1a: Liepard|Liepard, L50, M|100/100\n|switch|p1b: Kingambit|Kingambit, L50, M|100/100\n|switch|p2a: Pelipper|Pelipper, L50, F|100/100\n|switch|p2b: Simipour|Simipour, L50, M|100/100\n|-weather|RainDance|[from] ability: Drizzle|[of] p2a: Pelipper\n|turn|1\n|\n|t:|1776343906\n|move|p1a: Liepard|Fake Out|p2b: Simipour\n|-damage|p2b: Simipour|87/100\n|cant|p2b: Simipour|flinch\n|move|p2a: Pelipper|Muddy Water|p1b: Kingambit|[spread] p1a,p1b\n|-damage|p1a: Liepard|35/100\n|-damage|p1b: Kingambit|64/100\n|-unboost|p1b: Kingambit|accuracy|1\n|-ability|p1b: Kingambit|Defiant|boost\n|-boost|p1b: Kingambit|atk|2\n|move|p1b: Kingambit|Kowtow Cleave|p2b: Simipour\n|-damage|p2b: Simipour|0 fnt\n|faint|p2b: Simipour\n|\n|-weather|RainDance|[upkeep]\n|upkeep\n|\n|t:|1776343924\n|switch|p2b: Dragonite|Dragonite, L50, M|100/100\n|turn|2\n|\n|t:|1776343941\n|detailschange|p2b: Dragonite|Dragonite-Mega, L50, M\n|-mega|p2b: Dragonite|Dragonite|Dragoninite\n|move|p1b: Kingambit|Protect|p1b: Kingambit\n|-singleturn|p1b: Kingambit|Protect\n|move|p1a: Liepard|Screech|p2b: Dragonite\n|-unboost|p2b: Dragonite|def|2\n|move|p2b: Dragonite|Thunder|p1b: Kingambit\n|-activate|p1b: Kingambit|move: Protect\n|move|p2a: Pelipper|Muddy Water|p1b: Kingambit|[spread] p1a\n|-activate|p1b: Kingambit|move: Protect\n|-damage|p1a: Liepard|0 fnt\n|faint|p1a: Liepard\n|\n|-weather|RainDance|[upkeep]\n|upkeep\n|\n|t:|1776343963\n|switch|p1a: Clefable|Clefable, L50, M|100/100\n|turn|3\n|\n|t:|1776343976\n|move|p1a: Clefable|Follow Me|p1a: Clefable\n|-singleturn|p1a: Clefable|move: Follow Me\n|move|p2b: Dragonite|Thunder|p1a: Clefable\n|-damage|p1a: Clefable|63/100\n|move|p2a: Pelipper|Muddy Water|p1a: Clefable|[spread] p1a,p1b\n|-damage|p1a: Clefable|38/100\n|-damage|p1b: Kingambit|32/100\n|move|p1b: Kingambit|Kowtow Cleave|p2b: Dragonite\n|-damage|p2b: Dragonite|10/100\n|\n|-weather|RainDance|[upkeep]\n|-heal|p1a: Clefable|44/100|[from] item: Leftovers\n|upkeep\n|turn|4\n|inactive|lu3307 has 30 seconds left.\n|\n|t:|1776344006\n|switch|p2b: Klefki|Klefki, L50, M|100/100\n|move|p2a: Pelipper|Hurricane|p1a: Clefable\n|-damage|p1a: Clefable|14/100\n|move|p1a: Clefable|Moonblast|p2b: Klefki\n|-resisted|p2b: Klefki|1\n|-damage|p2b: Klefki|82/100\n|move|p1b: Kingambit|Kowtow Cleave|p2b: Klefki\n|-resisted|p2b: Klefki|1\n|-damage|p2b: Klefki|33/100\n|\n|-weather|RainDance|[upkeep]\n|-heal|p1a: Clefable|20/100|[from] item: Leftovers\n|upkeep\n|turn|5\n|\n|t:|1776344020\n|move|p1a: Clefable|Protect|p1a: Clefable\n|-singleturn|p1a: Clefable|Protect\n|move|p1b: Kingambit|Protect|p1b: Kingambit\n|-singleturn|p1b: Kingambit|Protect\n|move|p2b: Klefki|Thunder Wave|p1b: Kingambit\n|-activate|p1b: Kingambit|move: Protect\n|move|p2a: Pelipper|Muddy Water|p1a: Clefable|[spread] \n|-activate|p1a: Clefable|move: Protect\n|-activate|p1b: Kingambit|move: Protect\n|\n|-weather|none\n|-heal|p1a: Clefable|26/100|[from] item: Leftovers\n|upkeep\n|turn|6\n|\n|t:|1776344046\n|switch|p1b: Beedrill|Beedrill, L50, F|100/100\n|move|p2b: Klefki|Rain Dance|p2b: Klefki\n|-weather|RainDance\n|move|p2a: Pelipper|Muddy Water|p1a: Clefable|[spread] p1a,p1b\n|-damage|p1a: Clefable|0 fnt\n|-damage|p1b: Beedrill|45/100\n|-unboost|p1b: Beedrill|accuracy|1\n|faint|p1a: Clefable\n|\n|-weather|RainDance|[upkeep]\n|upkeep\n|\n|t:|1776344056\n|switch|p1a: Kingambit|Kingambit, L50, M|32/100\n|turn|7\n|\n|t:|1776344072\n|detailschange|p1b: Beedrill|Beedrill-Mega, L50, F\n|-mega|p1b: Beedrill|Beedrill|Beedrillite\n|move|p2b: Klefki|Thunder Wave|p1b: Beedrill\n|-status|p1b: Beedrill|par\n|move|p2a: Pelipper|Muddy Water|p1b: Beedrill|[spread] p1a,p1b\n|-damage|p1a: Kingambit|0 fnt\n|-damage|p1b: Beedrill|0 fnt\n|faint|p1a: Kingambit\n|faint|p1b: Beedrill\n|\n|win|takethephilpill\n|raw|lu3307's rating: 1075 &rarr; <strong>1055</strong><br />(-20 for losing)\n|raw|takethephilpill's rating: 1094 &rarr; <strong>1118</strong><br />(+24 for winning)\n",
  "uploadtime": 1776344082,
  "views": 27,
  "formatid": "gen9championsvgc2026regma",
  "rating": 1055,
  "private": 0,
  "password": null
}