{
  "id": "gen9championsvgc2026regma-2585685060",
  "format": "[Gen 9 Champions] VGC 2026 Reg M-A",
  "players": [
    "BRich24rulz",
    "excalibaaaar"
  ],
  "log": "|j|\u2606BRich24rulz\n|j|\u2606excalibaaaar\n|t:|1776363627\n|gametype|doubles\n|player|p1|BRich24rulz|266|1197\n|player|p2|excalibaaaar|riley|1236\n|gen|9\n|tier|[Gen 9 Champions] VGC 2026 Reg M-A\n|rated|\n|rule|Species Clause: Limit one of each Pok\u00e9mon\n|rule|Item Clause: Limit 1 of each item\n|clearpoke\n|poke|p1|Floette-Eternal, L50, F|\n|poke|p1|Goodra-Hisui, L50, F|\n|poke|p1|Aerodactyl, L50, M|\n|poke|p1|Sneasler, L50, F|\n|poke|p1|Incineroar, L50, M|\n|poke|p1|Basculegion, L50, M|\n|poke|p2|Aerodactyl, L50, M|\n|poke|p2|Charizard, L50, M|\n|poke|p2|Sneasler, L50, M|\n|poke|p2|Garchomp, L50, F|\n|poke|p2|Venusaur, L50, M|\n|poke|p2|Tyranitar, L50, M|\n|teampreview|4\n|inactive|Battle timer is ON: inactive players will automatically lose when time's up. (requested by BRich24rulz)\nBRich24rulz rejected open team sheets.\n|\n|t:|1776363663\n|teamsize|p1|4\n|teamsize|p2|4\n|start\n|switch|p1a: Aerodactyl|Aerodactyl, L50, M|100/100\n|switch|p1b: Sneasler|Sneasler, L50, F|100/100\n|switch|p2a: Charizard|Charizard, L50, M|100/100\n|switch|p2b: Sneasler|Sneasler, L50, M|100/100\n|-ability|p1a: Aerodactyl|Unnerve\n|turn|1\n|inactive|excalibaaaar has 30 seconds left.\n|\n|t:|1776363697\n|switch|p2b: Venusaur|Venusaur, L50, M|100/100\n|detailschange|p2a: Charizard|Charizard-Mega-Y, L50, M\n|-mega|p2a: Charizard|Charizard|Charizardite Y\n|-weather|SunnyDay|[from] ability: Drought|[of] p2a: Charizard\n|move|p2a: Charizard|Protect|p2a: Charizard\n|-singleturn|p2a: Charizard|Protect\n|move|p1b: Sneasler|Upper Hand||[still]\n|-fail|p1b: Sneasler\n|move|p1a: Aerodactyl|Dual Wingbeat|p2b: Venusaur|[miss]\n|-miss|p1a: Aerodactyl|p2b: Venusaur\n|\n|-weather|SunnyDay|[upkeep]\n|upkeep\n|turn|2\n|inactive|BRich24rulz has 30 seconds left.\n|inactive|excalibaaaar has 30 seconds left.\n|\n|t:|1776363725\n|move|p1a: Aerodactyl|Protect|p1a: Aerodactyl\n|-singleturn|p1a: Aerodactyl|Protect\n|move|p2b: Venusaur|Sleep Powder|p1a: Aerodactyl\n|-activate|p1a: Aerodactyl|move: Protect\n|move|p1b: Sneasler|Dire Claw|p2a: Charizard\n|-damage|p2a: Charizard|46/100\n|move|p2a: Charizard|Weather Ball|p1b: Sneasler\n|-damage|p1b: Sneasler|0 fnt\n|faint|p1b: Sneasler\n|\n|-weather|SunnyDay|[upkeep]\n|upkeep\n|\n|t:|1776363743\n|switch|p1b: Floette|Floette-Eternal, L50, F|100/100\n|turn|3\n|inactive|excalibaaaar has 30 seconds left.\n|inactive|excalibaaaar has 20 seconds left.\n|\n|t:|1776363780\n|detailschange|p1b: Floette|Floette-Mega, L50, F\n|-mega|p1b: Floette|Floette|Floettite\n|-ability|p1b: Floette|Fairy Aura\n|move|p2b: Venusaur|Sleep Powder|p1a: Aerodactyl\n|-status|p1a: Aerodactyl|slp|[from] move: Sleep Powder\n|cant|p1a: Aerodactyl|slp\n|move|p1b: Floette|Moonblast|p2a: Charizard\n|-resisted|p2a: Charizard|1\n|-damage|p2a: Charizard|8/100\n|move|p2a: Charizard|Weather Ball|p1b: Floette\n|-damage|p1b: Floette|24/100\n|\n|-weather|SunnyDay|[upkeep]\n|upkeep\n|turn|4\n|\n|t:|1776363800\n|switch|p2a: Sneasler|Sneasler, L50, M|100/100\n|move|p1b: Floette|Protect|p1b: Floette\n|-singleturn|p1b: Floette|Protect\n|move|p2b: Venusaur|Sludge Bomb|p1b: Floette\n|-activate|p1b: Floette|move: Protect\n|-curestatus|p1a: Aerodactyl|slp|[msg]\n|move|p1a: Aerodactyl|Rock Slide|p2a: Sneasler|[spread] p2a,p2b\n|-resisted|p2a: Sneasler|1\n|-damage|p2a: Sneasler|81/100\n|-damage|p2b: Venusaur|64/100\n|\n|-weather|SunnyDay|[upkeep]\n|upkeep\n|turn|5\n|\n|t:|1776363819\n|switch|p1b: Goodra|Goodra-Hisui, L50, F|100/100\n|move|p1a: Aerodactyl|Protect|p1a: Aerodactyl\n|-singleturn|p1a: Aerodactyl|Protect\n|move|p2a: Sneasler|Fake Out|p1a: Aerodactyl\n|-activate|p1a: Aerodactyl|move: Protect\n|move|p2b: Venusaur|Sludge Bomb|p1b: Goodra\n|-immune|p1b: Goodra\n|\n|-weather|none\n|upkeep\n|turn|6\n|inactive|excalibaaaar has 30 seconds left.\n|inactive|excalibaaaar has 20 seconds left.\n|\n|t:|1776363858\n|switch|p2a: Charizard|Charizard-Mega-Y, L50, M|8/100\n|-weather|SunnyDay|[from] ability: Drought|[of] p2a: Charizard\n|move|p2b: Venusaur|Sleep Powder|p1a: Aerodactyl\n|-status|p1a: Aerodactyl|slp|[from] move: Sleep Powder\n|cant|p1a: Aerodactyl|slp\n|move|p1b: Goodra|Shelter|p1b: Goodra\n|-boost|p1b: Goodra|def|2\n|\n|-weather|SunnyDay|[upkeep]\n|upkeep\n|turn|7\n|inactive|excalibaaaar has 30 seconds left.\n|\n|t:|1776363892\n|move|p2b: Venusaur|Sleep Powder|p1b: Goodra\n|-status|p1b: Goodra|slp|[from] move: Sleep Powder\n|cant|p1a: Aerodactyl|slp\n|move|p2a: Charizard|Weather Ball|p1b: Goodra\n|-damage|p1b: Goodra|29/100 slp\n|cant|p1b: Goodra|slp\n|\n|-weather|SunnyDay|[upkeep]\n|upkeep\n|turn|8\n|\n|t:|1776363915\n|switch|p2b: Sneasler|Sneasler, L50, M|81/100\n|-curestatus|p1a: Aerodactyl|slp|[msg]\n|move|p1a: Aerodactyl|Rock Slide|p2b: Sneasler|[spread] p2a,p2b\n|-supereffective|p2a: Charizard|2\n|-resisted|p2b: Sneasler|1\n|-damage|p2a: Charizard|0 fnt\n|-damage|p2b: Sneasler|58/100\n|faint|p2a: Charizard\n|cant|p1b: Goodra|slp\n|\n|-weather|SunnyDay|[upkeep]\n|upkeep\n|\n|t:|1776363935\n|switch|p2a: Venusaur|Venusaur, L50, M|64/100\n|turn|9\n|\n|t:|1776363953\n|move|p1a: Aerodactyl|Protect|p1a: Aerodactyl\n|-singleturn|p1a: Aerodactyl|Protect\n|move|p2a: Venusaur|Sleep Powder|p1a: Aerodactyl\n|-activate|p1a: Aerodactyl|move: Protect\n|move|p2b: Sneasler|Close Combat|p1b: Goodra\n|-supereffective|p1b: Goodra|1\n|-enditem|p1b: Goodra|Chople Berry|[eat]\n|-enditem|p1b: Goodra|Chople Berry|[weaken]\n|-damage|p1b: Goodra|5/100 slp\n|-unboost|p2b: Sneasler|def|1\n|-unboost|p2b: Sneasler|spd|1\n|-enditem|p2b: Sneasler|White Herb\n|-clearnegativeboost|p2b: Sneasler|[silent]\n|-curestatus|p1b: Goodra|slp|[msg]\n|move|p1b: Goodra|Heavy Slam|p2b: Sneasler\n|-damage|p2b: Sneasler|0 fnt\n|faint|p2b: Sneasler\n|\n|-weather|SunnyDay|[upkeep]\n|upkeep\n|\n|t:|1776363972\n|switch|p2b: Garchomp|Garchomp, L50, F|100/100\n|turn|10\n|\n|t:|1776363992\n|move|p2a: Venusaur|Giga Drain|p1b: Goodra\n|-resisted|p1b: Goodra|2\n|-damage|p1b: Goodra|0 fnt\n|-heal|p2a: Venusaur|67/100|[from] drain|[of] p1b: Goodra\n|faint|p1b: Goodra\n|move|p2b: Garchomp|Rock Slide|p1a: Aerodactyl\n|-supereffective|p1a: Aerodactyl|1\n|-damage|p1a: Aerodactyl|11/100\n|cant|p1a: Aerodactyl|flinch\n|\n|-weather|none\n|upkeep\n|\n|t:|1776364003\n|switch|p1b: Floette|Floette-Mega, L50, F|24/100\n|-ability|p1b: Floette|Fairy Aura\n|turn|11\n|\n|t:|1776364025\n|move|p2b: Garchomp|Rock Slide|p1a: Aerodactyl|[spread] p1a,p1b\n|-supereffective|p1a: Aerodactyl|1\n|-crit|p1b: Floette\n|-damage|p1a: Aerodactyl|0 fnt\n|-damage|p1b: Floette|0 fnt\n|faint|p1a: Aerodactyl\n|faint|p1b: Floette\n|\n|win|excalibaaaar\n|raw|BRich24rulz's rating: 1197 &rarr; <strong>1175</strong><br />(-22 for losing)\n|raw|excalibaaaar's rating: 1236 &rarr; <strong>1258</strong><br />(+22 for winning)\n|l|\u2606BRich24rulz\n|player|p1|\n",
  "uploadtime": 1776364048,
  "views": 24,
  "formatid": "gen9championsvgc2026regma",
  "rating": 1175,
  "private": 0,
  "password": null
}