{
  "id": "gen9championsvgc2026regma-2588270492",
  "format": "[Gen 9 Champions] VGC 2026 Reg M-A",
  "players": [
    "Gidjdjs",
    "Caligo33"
  ],
  "log": "|j|\u2606Gidjdjs\n|j|\u2606Caligo33\n|t:|1776619756\n|gametype|doubles\n|player|p1|Gidjdjs|2|1139\n|player|p2|Caligo33|170|1096\n|gen|9\n|tier|[Gen 9 Champions] VGC 2026 Reg M-A\n|rated|\n|rule|Species Clause: Limit one of each Pok\u00e9mon\n|rule|Item Clause: Limit 1 of each item\n|clearpoke\n|poke|p1|Froslass, L50, F|\n|poke|p1|Incineroar, L50, M, shiny|\n|poke|p1|Sneasler, L50, M|\n|poke|p1|Mamoswine, L50, M|\n|poke|p1|Aerodactyl, L50, M|\n|poke|p1|Empoleon, L50, M|\n|poke|p2|Gengar, L50, M, shiny|\n|poke|p2|Incineroar, L50, M|\n|poke|p2|Gallade, L50, M|\n|poke|p2|Araquanid, L50, M|\n|poke|p2|Dragonite, L50, F|\n|poke|p2|Corviknight, L50, M|\n|teampreview|4\nCaligo33 has agreed to open team sheets.\n|inactive|Battle timer is ON: inactive players will automatically lose when time's up. (requested by Gidjdjs)\n|inactive|Caligo33 has 60 seconds left.\n|\n|t:|1776619801\n|teamsize|p1|4\n|teamsize|p2|4\n|start\n|switch|p1a: Empoleon|Empoleon, L50, M|100/100\n|switch|p1b: Sneasler|Sneasler, L50, M|100/100\n|switch|p2a: Araquanid|Araquanid, L50, M|100/100\n|switch|p2b: Gengar|Gengar, L50, M, shiny|100/100\n|turn|1\n|\n|t:|1776619825\n|detailschange|p2b: Gengar|Gengar-Mega, L50, M, shiny\n|-mega|p2b: Gengar|Gengar|Gengarite\n|move|p2a: Araquanid|Wide Guard|p2a: Araquanid\n|-singleturn|p2a: Araquanid|Wide Guard\n|move|p2b: Gengar|Thunder Wave|p1b: Sneasler\n|-status|p1b: Sneasler|par\n|move|p1b: Sneasler|Dire Claw|p2a: Araquanid\n|-damage|p2a: Araquanid|50/100\n|move|p1a: Empoleon|Icy Wind|p2b: Gengar|[spread] \n|-activate|p2a: Araquanid|move: Wide Guard\n|-activate|p2b: Gengar|move: Wide Guard\n|\n|upkeep\n|turn|2\n|inactive|Caligo33 has 30 seconds left.\n|\n|t:|1776619855\n|move|p2b: Gengar|Shadow Ball|p1a: Empoleon\n|-crit|p1a: Empoleon\n|-damage|p1a: Empoleon|11/100\n|move|p1b: Sneasler|Close Combat|p2a: Araquanid\n|-resisted|p2a: Araquanid|1\n|-damage|p2a: Araquanid|16/100\n|-unboost|p1b: Sneasler|def|1\n|-unboost|p1b: Sneasler|spd|1\n|-enditem|p1b: Sneasler|White Herb\n|-clearnegativeboost|p1b: Sneasler|[silent]\n|move|p1a: Empoleon|Steel Beam|p2b: Gengar\n|-damage|p2b: Gengar|12/100\n|-damage|p1a: Empoleon|0 fnt|[from] steelbeam\n|faint|p1a: Empoleon\n|move|p2a: Araquanid|Liquidation|p1b: Sneasler\n|-damage|p1b: Sneasler|0 fnt\n|faint|p1b: Sneasler\n|\n|upkeep\n|\n|t:|1776619874\n|switch|p1b: Aerodactyl|Aerodactyl, L50, M|100/100\n|switch|p1a: Froslass|Froslass, L50, F|100/100\n|-ability|p1b: Aerodactyl|Unnerve\n|turn|3\n|inactive|Caligo33 has 30 seconds left.\n|\n|t:|1776619902\n|detailschange|p1a: Froslass|Froslass-Mega, L50, F\n|-mega|p1a: Froslass|Froslass|Froslassite\n|-weather|Snowscape|[from] ability: Snow Warning|[of] p1a: Froslass\n|move|p1a: Froslass|Protect|p1a: Froslass\n|-singleturn|p1a: Froslass|Protect\n|move|p2b: Gengar|Shadow Ball|p1a: Froslass\n|-activate|p1a: Froslass|move: Protect\n|move|p1b: Aerodactyl|Dual Wingbeat|p2a: Araquanid\n|-supereffective|p2a: Araquanid|1\n|-damage|p2a: Araquanid|0 fnt\n|faint|p2a: Araquanid\n|-hitcount|p2: Araquanid|1\n|\n|-weather|Snowscape|[upkeep]\n|upkeep\n|\n|t:|1776619916\n|switch|p2a: Incineroar|Incineroar, L50, M|100/100\n|-ability|p2a: Incineroar|Intimidate|boost\n|-unboost|p1a: Froslass|atk|1\n|-unboost|p1b: Aerodactyl|atk|1\n|turn|4\n|\n|t:|1776619930\n|move|p2a: Incineroar|Fake Out|p1b: Aerodactyl\n|-resisted|p1b: Aerodactyl|1\n|-damage|p1b: Aerodactyl|92/100\n|cant|p1b: Aerodactyl|flinch\n|move|p2b: Gengar|Shadow Ball|p1a: Froslass\n|-supereffective|p1a: Froslass|1\n|-damage|p1a: Froslass|0 fnt\n|faint|p1a: Froslass\n|\n|-weather|Snowscape|[upkeep]\n|upkeep\n|turn|5\n|\n|t:|1776619950\n|move|p1b: Aerodactyl|Rock Slide|p2b: Gengar|[spread] p2a\n|-miss|p1b: Aerodactyl|p2b: Gengar\n|-supereffective|p2a: Incineroar|1\n|-damage|p2a: Incineroar|73/100\n|move|p2b: Gengar|Sludge Bomb|p1b: Aerodactyl\n|-resisted|p1b: Aerodactyl|1\n|-damage|p1b: Aerodactyl|50/100\n|cant|p2a: Incineroar|flinch\n|\n|-weather|Snowscape|[upkeep]\n|upkeep\n|turn|6\n|\n|t:|1776619967\n|move|p1b: Aerodactyl|Rock Slide|p2a: Incineroar|[spread] p2a,p2b\n|-supereffective|p2a: Incineroar|1\n|-damage|p2a: Incineroar|43/100\n|-damage|p2b: Gengar|0 fnt\n|faint|p2b: Gengar\n|cant|p2a: Incineroar|flinch\n|\n|-weather|Snowscape|[upkeep]\n|upkeep\n|\n|t:|1776619973\n|switch|p2b: Corviknight|Corviknight, L50, M|100/100\n|turn|7\n|\n|t:|1776619985\n|move|p1b: Aerodactyl|Rock Slide|p2a: Incineroar|[spread] p2a,p2b\n|-supereffective|p2a: Incineroar|1\n|-damage|p2a: Incineroar|13/100\n|-damage|p2b: Corviknight|88/100\n|move|p2b: Corviknight|Body Press|p1b: Aerodactyl\n|-damage|p1b: Aerodactyl|10/100\n|move|p2a: Incineroar|Darkest Lariat|p1b: Aerodactyl\n|-damage|p1b: Aerodactyl|0 fnt\n|-enditem|p2a: Incineroar|Sitrus Berry|[eat]\n|-heal|p2a: Incineroar|38/100|[from] item: Sitrus Berry\n|faint|p1b: Aerodactyl\n|\n|win|Caligo33\n|raw|Gidjdjs's rating: 1139 &rarr; <strong>1111</strong><br />(-28 for losing)\n|raw|Caligo33's rating: 1096 &rarr; <strong>1125</strong><br />(+29 for winning)\n",
  "uploadtime": 1776620204,
  "views": 12,
  "formatid": "gen9championsvgc2026regma",
  "rating": 1111,
  "private": 0,
  "password": null
}