{
  "id": "gen9championsvgc2026regma-2586932660",
  "format": "[Gen 9 Champions] VGC 2026 Reg M-A",
  "players": [
    "SuguruKarma",
    "IncineroarH8ter"
  ],
  "log": "|j|\u2606SuguruKarma\n|j|\u2606IncineroarH8ter\n|t:|1776473104\n|gametype|doubles\n|player|p1|SuguruKarma|n|1151\n|player|p2|IncineroarH8ter|170|1157\n|gen|9\n|tier|[Gen 9 Champions] VGC 2026 Reg M-A\n|rated|\n|rule|Species Clause: Limit one of each Pok\u00e9mon\n|rule|Item Clause: Limit 1 of each item\n|clearpoke\n|poke|p1|Froslass, L50, F|\n|poke|p1|Rotom-Frost, L50|\n|poke|p1|Garchomp, L50, M|\n|poke|p1|Empoleon, L50, F|\n|poke|p1|Incineroar, L50, F|\n|poke|p1|Kingambit, L50, F|\n|poke|p2|Umbreon, L50, F|\n|poke|p2|Basculegion, L50, M|\n|poke|p2|Chandelure, L50, M|\n|poke|p2|Sinistcha, L50|\n|poke|p2|Corviknight, L50, M|\n|poke|p2|Garchomp, L50, F|\n|teampreview|4\n|\n|t:|1776473128\n|teamsize|p1|4\n|teamsize|p2|4\n|start\n|switch|p1a: Rotom|Rotom-Frost, L50, shiny|100/100\n|switch|p1b: Garchomp|Garchomp, L50, M|100/100\n|switch|p2a: Umbreon|Umbreon, L50, F|100/100\n|switch|p2b: Basculegion|Basculegion, L50, M|100/100\n|turn|1\n|\n|t:|1776473160\n|move|p1a: Rotom|Discharge|p2a: Umbreon|[spread] p2a,p2b\n|-immune|p1b: Garchomp\n|-supereffective|p2b: Basculegion|1\n|-damage|p2a: Umbreon|86/100\n|-damage|p2b: Basculegion|39/100\n|-status|p2b: Basculegion|par\n|move|p1b: Garchomp|Rock Slide|p2b: Basculegion|[spread] p2a,p2b\n|-damage|p2a: Umbreon|70/100\n|-damage|p2b: Basculegion|13/100 par\n|cant|p2b: Basculegion|flinch\n|move|p2a: Umbreon|Light Screen|p2a: Umbreon\n|-sidestart|p2: IncineroarH8ter|move: Light Screen\n|\n|upkeep\n|turn|2\n|\n|t:|1776473186\n|switch|p2b: Garchomp|Garchomp, L50, F|100/100\n|move|p1a: Rotom|Discharge|p2a: Umbreon|[spread] p2a\n|-immune|p1b: Garchomp\n|-immune|p2b: Garchomp\n|-damage|p2a: Umbreon|60/100\n|move|p1b: Garchomp|Earthquake|p2b: Garchomp|[spread] p2a,p2b\n|-immune|p1a: Rotom|[from] ability: Levitate\n|-damage|p2a: Umbreon|30/100\n|-damage|p2b: Garchomp|66/100\n|move|p2a: Umbreon|Reflect|p2a: Umbreon\n|-sidestart|p2: IncineroarH8ter|Reflect\n|\n|-heal|p2b: Garchomp|72/100|[from] item: Leftovers\n|upkeep\n|turn|3\n|\n|t:|1776473210\n|switch|p1a: Froslass|Froslass, L50, F|100/100\n|switch|p2b: Sinistcha|Sinistcha, L50|100/100\n|-heal|p2a: Umbreon|54/100|[from] ability: Hospitality|[of] p2b: Sinistcha\n|move|p1b: Garchomp|Protect|p1b: Garchomp\n|-singleturn|p1b: Garchomp|Protect\n|move|p2a: Umbreon|Wish|p2a: Umbreon\n|\n|upkeep\n|turn|4\n|\n|t:|1776473246\n|switch|p1b: Rotom|Rotom-Frost, L50, shiny|100/100\n|switch|p2b: Basculegion|Basculegion, L50, M|13/100 par\n|detailschange|p1a: Froslass|Froslass-Mega, L50, F\n|-mega|p1a: Froslass|Froslass|Froslassite\n|-weather|Snowscape|[from] ability: Snow Warning|[of] p1a: Froslass\n|move|p1a: Froslass|Aurora Veil|p1a: Froslass\n|-sidestart|p1: SuguruKarma|move: Aurora Veil\n|move|p2a: Umbreon|Foul Play|p1b: Rotom\n|-damage|p1b: Rotom|84/100\n|\n|-weather|Snowscape|[upkeep]\n|-heal|p2a: Umbreon|100/100|[from] move: Wish|[wisher] Umbreon\n|upkeep\n|turn|5\n|\n|t:|1776473275\n|move|p1a: Froslass|Protect|p1a: Froslass\n|-singleturn|p1a: Froslass|Protect\n|move|p2b: Basculegion|Protect|p2b: Basculegion\n|-singleturn|p2b: Basculegion|Protect\n|move|p1b: Rotom|Blizzard|p2b: Basculegion|[spread] p2a\n|-activate|p2b: Basculegion|move: Protect\n|-damage|p2a: Umbreon|87/100\n|move|p2a: Umbreon|Foul Play|p1a: Froslass\n|-activate|p1a: Froslass|move: Protect\n|\n|-weather|Snowscape|[upkeep]\n|-sideend|p2: IncineroarH8ter|move: Light Screen\n|upkeep\n|turn|6\n|\n|t:|1776473297\n|move|p2b: Basculegion|Protect|p2b: Basculegion\n|-singleturn|p2b: Basculegion|Protect\n|move|p1b: Rotom|Blizzard|p2a: Umbreon|[spread] p2a\n|-activate|p2b: Basculegion|move: Protect\n|-damage|p2a: Umbreon|67/100\n|move|p1a: Froslass|Blizzard|p2a: Umbreon|[spread] p2a\n|-activate|p2b: Basculegion|move: Protect\n|-damage|p2a: Umbreon|42/100\n|move|p2a: Umbreon|Light Screen|p2a: Umbreon\n|-sidestart|p2: IncineroarH8ter|move: Light Screen\n|\n|-weather|Snowscape|[upkeep]\n|-sideend|p2: IncineroarH8ter|Reflect\n|upkeep\n|turn|7\n|\n|t:|1776473311\n|switch|p2b: Sinistcha|Sinistcha, L50|100/100\n|-heal|p2a: Umbreon|67/100|[from] ability: Hospitality|[of] p2b: Sinistcha\n|move|p1b: Rotom|Blizzard|p2b: Sinistcha|[spread] p2a,p2b\n|-supereffective|p2b: Sinistcha|1\n|-damage|p2a: Umbreon|53/100\n|-damage|p2b: Sinistcha|49/100\n|-enditem|p2b: Sinistcha|Sitrus Berry|[eat]\n|-heal|p2b: Sinistcha|74/100|[from] item: Sitrus Berry\n|move|p1a: Froslass|Blizzard|p2a: Umbreon|[spread] p2a,p2b\n|-supereffective|p2b: Sinistcha|1\n|-damage|p2a: Umbreon|35/100\n|-damage|p2b: Sinistcha|2/100\n|-status|p2b: Sinistcha|frz\n|move|p2a: Umbreon|Wish|p2a: Umbreon\n|\n|-weather|Snowscape|[upkeep]\n|upkeep\n|turn|8\n|\n|t:|1776473339\n|switch|p2b: Basculegion|Basculegion, L50, M|13/100 par\n|move|p1b: Rotom|Blizzard|p2b: Basculegion|[spread] p2a,p2b\n|-resisted|p2b: Basculegion|1\n|-damage|p2a: Umbreon|21/100\n|-damage|p2b: Basculegion|0 fnt\n|faint|p2b: Basculegion\n|move|p1a: Froslass|Blizzard|p2a: Umbreon\n|-damage|p2a: Umbreon|0 fnt\n|faint|p2a: Umbreon\n|\n|-weather|none\n|-sideend|p1: SuguruKarma|move: Aurora Veil\n|upkeep\n|-message|IncineroarH8ter forfeited.\n|\n|win|SuguruKarma\n|raw|SuguruKarma's rating: 1151 &rarr; <strong>1176</strong><br />(+25 for winning)\n|raw|IncineroarH8ter's rating: 1157 &rarr; <strong>1132</strong><br />(-25 for losing)\n|l|\u2606IncineroarH8ter\n|player|p2|\n",
  "uploadtime": 1776473564,
  "views": 19,
  "formatid": "gen9championsvgc2026regma",
  "rating": 1132,
  "private": 0,
  "password": null
}