{
  "id": "gen9championsvgc2026regma-2583875921",
  "format": "[Gen 9 Champions] VGC 2026 Reg M-A",
  "players": [
    "Houseplantish",
    "aggron zheng"
  ],
  "log": "|j|\u2606Houseplantish\n|j|\u2606aggron zheng\n|t:|1776204639\n|gametype|doubles\n|player|p1|Houseplantish|rocketgruntf|1246\n|player|p2|aggron zheng|1|1245\n|gen|9\n|tier|[Gen 9 Champions] VGC 2026 Reg M-A\n|rated|\n|rule|Species Clause: Limit one of each Pok\u00e9mon\n|rule|Item Clause: Limit 1 of each item\n|clearpoke\n|poke|p1|Floette-Eternal, L50, F|\n|poke|p1|Sylveon, L50, F|\n|poke|p1|Whimsicott, L50, F|\n|poke|p1|Araquanid, L50, F|\n|poke|p1|Forretress, L50, F|\n|poke|p1|Meowstic, L50, M|\n|poke|p2|Skarmory, L50, F|\n|poke|p2|Incineroar, L50, F|\n|poke|p2|Basculegion, L50, M|\n|poke|p2|Pelipper, L50, M|\n|poke|p2|Sinistcha, L50|\n|poke|p2|Garchomp, L50, M|\n|teampreview|4\n|inactive|Battle timer is ON: inactive players will automatically lose when time's up. (requested by Houseplantish)\naggron zheng has agreed to open team sheets.\n|c|\u2606aggron zheng|glhf\n|inactive|aggron zheng has 60 seconds left.\n|c|\u2606Houseplantish|glhf!\nHouseplantish rejected open team sheets.\n|\n|t:|1776204697\n|teamsize|p1|4\n|teamsize|p2|4\n|start\n|switch|p1a: Whimsicott|Whimsicott, L50, F|100/100\n|switch|p1b: Meowstic|Meowstic, L50, M|100/100\n|switch|p2a: Skarmory|Skarmory, L50, F|100/100\n|switch|p2b: Basculegion|Basculegion, L50, M|100/100\n|turn|1\n|inactive|aggron zheng has 30 seconds left.\n|inactive|aggron zheng has 20 seconds left.\n|inactive|aggron zheng has 15 seconds left.\n|inactive|aggron zheng has 10 seconds left.\n|\n|t:|1776204743\n|switch|p2b: Incineroar|Incineroar, L50, F|100/100\n|-ability|p2b: Incineroar|Intimidate|boost\n|-unboost|p1a: Whimsicott|atk|1\n|-unboost|p1b: Meowstic|atk|1\n|detailschange|p2a: Skarmory|Skarmory-Mega, L50, F\n|-mega|p2a: Skarmory|Skarmory|Skarmorite\n|move|p2a: Skarmory|Protect|p2a: Skarmory\n|-singleturn|p2a: Skarmory|Protect\n|move|p1a: Whimsicott|Taunt|p2a: Skarmory\n|-activate|p2a: Skarmory|move: Protect\n|move|p1b: Meowstic|Thunder Wave|p2b: Incineroar\n|-hint|Since gen 7, Dark is immune to Prankster moves.\n|-immune|p2b: Incineroar\n|\n|upkeep\n|turn|2\n|inactive|aggron zheng has 30 seconds left.\n|inactive|aggron zheng has 20 seconds left.\n|\n|t:|1776204779\n|move|p2b: Incineroar|Fake Out|p1b: Meowstic\n|-damage|p1b: Meowstic|88/100\n|move|p1a: Whimsicott|Taunt|p2a: Skarmory\n|-start|p2a: Skarmory|move: Taunt\n|cant|p1b: Meowstic|flinch\n|move|p2a: Skarmory|Brave Bird|p1b: Meowstic\n|-damage|p1b: Meowstic|4/100\n|-enditem|p1b: Meowstic|Sitrus Berry|[eat]\n|-heal|p1b: Meowstic|29/100|[from] item: Sitrus Berry\n|-damage|p2a: Skarmory|67/100|[from] Recoil\n|\n|upkeep\n|turn|3\n|\n|t:|1776204796\n|switch|p2a: Sinistcha|Sinistcha, L50|100/100\n|move|p1b: Meowstic|Thunder Wave|p2a: Sinistcha|[miss]\n|-miss|p1b: Meowstic|p2a: Sinistcha\n|move|p1a: Whimsicott|Moonblast|p2b: Incineroar\n|-damage|p2b: Incineroar|78/100\n|move|p2b: Incineroar|Throat Chop|p1b: Meowstic\n|-supereffective|p1b: Meowstic|1\n|-damage|p1b: Meowstic|0 fnt\n|faint|p1b: Meowstic\n|\n|upkeep\n|\n|t:|1776204814\n|switch|p1b: Sylveon|Sylveon, L50, F, shiny|100/100\n|turn|4\n|\n|t:|1776204826\n|move|p1a: Whimsicott|Tailwind|p1a: Whimsicott\n|-sidestart|p1: Houseplantish|move: Tailwind\n|move|p1b: Sylveon|Hyper Voice|p2b: Incineroar|[spread] p2a,p2b\n|-damage|p2a: Sinistcha|45/100\n|-damage|p2b: Incineroar|39/100\n|-enditem|p2b: Incineroar|Sitrus Berry|[eat]\n|-heal|p2b: Incineroar|63/100|[from] item: Sitrus Berry\n|move|p2b: Incineroar|Parting Shot|p1b: Sylveon\n|-unboost|p1b: Sylveon|atk|1\n|-unboost|p1b: Sylveon|spa|1\n|\n|t:|1776204839\n|switch|p2b: Skarmory|Skarmory-Mega, L50, F|67/100|[from] Parting Shot\n|move|p2a: Sinistcha|Matcha Gotcha|p1a: Whimsicott|[spread] p1a,p1b\n|-resisted|p1a: Whimsicott|1\n|-damage|p1a: Whimsicott|85/100\n|-heal|p2a: Sinistcha|52/100|[from] drain|[of] p1a: Whimsicott\n|-damage|p1b: Sylveon|84/100\n|-heal|p2a: Sinistcha|61/100|[from] drain|[of] p1b: Sylveon\n|\n|-heal|p2a: Sinistcha|67/100|[from] item: Leftovers\n|upkeep\n|turn|5\n|\n|t:|1776204849\n|switch|p1a: Floette|Floette-Eternal, L50, F|100/100\n|switch|p2a: Incineroar|Incineroar, L50, F|63/100\n|-ability|p2a: Incineroar|Intimidate|boost\n|-unboost|p1a: Floette|atk|1\n|-unboost|p1b: Sylveon|atk|1\n|move|p1b: Sylveon|Protect|p1b: Sylveon\n|-singleturn|p1b: Sylveon|Protect\n|move|p2b: Skarmory|Protect||[still]\n|-fail|p2b: Skarmory\n|\n|upkeep\n|turn|6\n|\n|t:|1776204865\n|detailschange|p1a: Floette|Floette-Mega, L50, F\n|-mega|p1a: Floette|Floette|Floettite\n|-ability|p1a: Floette|Fairy Aura\n|move|p1a: Floette|Protect|p1a: Floette\n|-singleturn|p1a: Floette|Protect\n|move|p2a: Incineroar|Fake Out|p1a: Floette\n|-activate|p1a: Floette|move: Protect\n|move|p1b: Sylveon|Hyper Voice|p2a: Incineroar|[spread] p2a,p2b\n|-resisted|p2b: Skarmory|1\n|-damage|p2a: Incineroar|29/100\n|-damage|p2b: Skarmory|42/100\n|move|p2b: Skarmory|Iron Head|p1b: Sylveon\n|-supereffective|p1b: Sylveon|1\n|-damage|p1b: Sylveon|0 fnt\n|faint|p1b: Sylveon\n|\n|upkeep\n|\n|t:|1776204876\n|switch|p1b: Whimsicott|Whimsicott, L50, F|85/100\n|turn|7\n|\n|t:|1776204889\n|switch|p2a: Sinistcha|Sinistcha, L50|67/100\n|-heal|p2b: Skarmory|67/100|[from] ability: Hospitality|[of] p2a: Sinistcha\n|move|p1a: Floette|Light of Ruin|p2b: Skarmory\n|-resisted|p2b: Skarmory|1\n|-damage|p2b: Skarmory|6/100\n|-damage|p1a: Floette|70/100|[from] Recoil\n|move|p1b: Whimsicott|Moonblast|p2a: Sinistcha\n|-damage|p2a: Sinistcha|33/100\n|move|p2b: Skarmory|Iron Head|p1a: Floette\n|-supereffective|p1a: Floette|1\n|-damage|p1a: Floette|0 fnt\n|faint|p1a: Floette\n|\n|-heal|p2a: Sinistcha|39/100|[from] item: Leftovers\n|-sideend|p1: Houseplantish|move: Tailwind\n|upkeep\n|turn|8\n|-message|Houseplantish forfeited.\n|\n|win|aggron zheng\n|raw|Houseplantish's rating: 1246 &rarr; <strong>1221</strong><br />(-25 for losing)\n|raw|aggron zheng's rating: 1245 &rarr; <strong>1270</strong><br />(+25 for winning)\n|l|\u2606Houseplantish\n|player|p1|\n",
  "uploadtime": 1776204910,
  "views": 33,
  "formatid": "gen9championsvgc2026regma",
  "rating": 1221,
  "private": 0,
  "password": null
}