{
  "id": "gen9championsvgc2026regma-2582054296",
  "format": "[Gen 9 Champions] VGC 2026 Reg M-A",
  "players": [
    "SCPRafael",
    "evancindy3935"
  ],
  "log": "|j|\u2606SCPRafael\n|j|\u2606evancindy3935\n|t:|1776052427\n|gametype|doubles\n|player|p1|SCPRafael|265|1138\n|player|p2|evancindy3935|101|1233\n|gen|9\n|tier|[Gen 9 Champions] VGC 2026 Reg M-A\n|rated|\n|rule|Species Clause: Limit one of each Pok\u00e9mon\n|rule|Item Clause: Limit 1 of each item\n|clearpoke\n|poke|p1|Aegislash, L50, F|\n|poke|p1|Sneasler, L50, M|\n|poke|p1|Froslass, L50, F|\n|poke|p1|Volcarona, L50, M|\n|poke|p1|Araquanid, L50, M|\n|poke|p1|Garchomp, L50, M|\n|poke|p2|Charizard, L50, M|\n|poke|p2|Sneasler, L50, F|\n|poke|p2|Zoroark-Hisui, L50, M|\n|poke|p2|Venusaur, L50, M|\n|poke|p2|Incineroar, L50, M|\n|poke|p2|Garchomp, L50, F|\n|teampreview|4\n|inactive|Battle timer is ON: inactive players will automatically lose when time's up. (requested by SCPRafael)\n|\n|t:|1776052489\n|teamsize|p1|4\n|teamsize|p2|4\n|start\n|switch|p1a: Sneasler|Sneasler, L50, M, shiny|100/100\n|switch|p1b: Froslass|Froslass, L50, F, shiny|100/100\n|switch|p2a: Incineroar|Incineroar, L50, M, shiny|100/100\n|switch|p2b: Venusaur|Venusaur, L50, M, shiny|100/100\n|-ability|p2a: Incineroar|Intimidate|boost\n|-unboost|p1a: Sneasler|atk|1\n|-unboost|p1b: Froslass|atk|1\n|turn|1\n|inactive|evancindy3935 has 30 seconds left.\n|\n|t:|1776052519\n|switch|p2a: Charizard|Charizard, L50, M, shiny|100/100\n|move|p1a: Sneasler|Protect|p1a: Sneasler\n|-singleturn|p1a: Sneasler|Protect\n|move|p1b: Froslass|Protect|p1b: Froslass\n|-singleturn|p1b: Froslass|Protect\n|move|p2b: Venusaur|Shadow Ball|p1b: Froslass\n|-activate|p1b: Froslass|move: Protect\n|\n|upkeep\n|turn|2\n|inactive|SCPRafael has 30 seconds left.\n|inactive|SCPRafael has 20 seconds left.\n|inactive|SCPRafael has 15 seconds left.\n|\n|t:|1776052560\n|switch|p1b: Araquanid|Araquanid, L50, M, shiny|100/100\n|detailschange|p2a: Charizard|Charizard-Mega-Y, L50, M, shiny\n|-mega|p2a: Charizard|Charizard|Charizardite Y\n|-weather|SunnyDay|[from] ability: Drought|[of] p2a: Charizard\n|move|p2b: Venusaur|Shadow Ball|p1b: Araquanid\n|-crit|p1b: Araquanid\n|-damage|p1b: Araquanid|47/100\n|move|p1a: Sneasler|Dire Claw|p2a: Charizard\n|-damage|p2a: Charizard|69/100\n|-status|p2a: Charizard|slp\n|cant|p2a: Charizard|slp\n|\n|-weather|SunnyDay|[upkeep]\n|upkeep\n|turn|3\n|inactive|evancindy3935 has 30 seconds left.\n|\n|t:|1776052593\n|switch|p1a: Garchomp|Garchomp, L50, M, shiny|100/100\n|switch|p2a: Venusaur|Venusaur, L50, M, shiny|100/100\n|move|p1b: Araquanid|Protect|p1b: Araquanid\n|-singleturn|p1b: Araquanid|Protect\n|move|p2b: Venusaur|Shadow Ball|p1b: Araquanid\n|-activate|p1b: Araquanid|move: Protect\n|\n|-weather|SunnyDay|[upkeep]\n|upkeep\n|turn|4\n|inactive|SCPRafael has 30 seconds left.\n|inactive|evancindy3935 has 30 seconds left.\n|inactive|SCPRafael has 20 seconds left.\n|inactive|SCPRafael has 15 seconds left.\n|inactive|SCPRafael has 10 seconds left.\n|\n|t:|1776052639\n|move|p1b: Araquanid|Protect||[still]\n|-fail|p1b: Araquanid\n|move|p2a: Venusaur|Leaf Storm|p1b: Araquanid\n|-damage|p1b: Araquanid|0 fnt\n|-unboost|p2a: Venusaur|spa|2\n|faint|p1b: Araquanid\n|move|p1a: Garchomp|Rock Slide|p2b: Venusaur|[spread] p2a,p2b\n|-damage|p2a: Venusaur|69/100\n|-damage|p2b: Venusaur|60/100\n|replace|p2b: Zoroark|Zoroark-Hisui, L50, M, shiny\n|-end|p2b: Zoroark|Illusion\n|move|p2b: Zoroark|Shadow Ball|p1a: Garchomp\n|-damage|p1a: Garchomp|48/100\n|\n|-weather|SunnyDay|[upkeep]\n|upkeep\n|\n|t:|1776052647\n|switch|p1b: Sneasler|Sneasler, L50, M, shiny|100/100\n|turn|5\n|\n|t:|1776052667\n|switch|p2a: Charizard|Charizard-Mega-Y, L50, M, shiny|69/100 slp\n|move|p1b: Sneasler|Fake Out|p2a: Charizard\n|-damage|p2a: Charizard|53/100 slp\n|move|p1a: Garchomp|Rock Slide|p2a: Charizard|[spread] p2a,p2b\n|-supereffective|p2a: Charizard|2\n|-damage|p2a: Charizard|0 fnt\n|-damage|p2b: Zoroark|22/100\n|faint|p2a: Charizard\n|cant|p2b: Zoroark|flinch\n|\n|-weather|SunnyDay|[upkeep]\n|upkeep\n|\n|t:|1776052683\n|switch|p2a: Venusaur|Venusaur, L50, M, shiny|69/100\n|turn|6\n|\n|t:|1776052694\n|move|p2a: Venusaur|Earth Power|p1a: Garchomp\n|-damage|p1a: Garchomp|17/100\n|-unboost|p1a: Garchomp|spd|1\n|move|p1a: Garchomp|Rock Slide|p2b: Zoroark|[spread] p2a,p2b\n|-damage|p2a: Venusaur|43/100\n|-damage|p2b: Zoroark|0 fnt\n|faint|p2b: Zoroark\n|move|p1b: Sneasler|Dire Claw|p2a: Venusaur\n|-damage|p2a: Venusaur|0 fnt\n|faint|p2a: Venusaur\n|\n|-weather|none\n|upkeep\n|-message|evancindy3935 forfeited.\n|\n|win|SCPRafael\n|raw|SCPRafael's rating: 1138 &rarr; <strong>1170</strong><br />(+32 for winning)\n|raw|evancindy3935's rating: 1233 &rarr; <strong>1201</strong><br />(-32 for losing)\n|l|\u2606evancindy3935\n|player|p2|\n",
  "uploadtime": 1776052711,
  "views": 29,
  "formatid": "gen9championsvgc2026regma",
  "rating": 1170,
  "private": 0,
  "password": null
}