{
  "id": "gen9championsvgc2026regma-2584559867",
  "format": "[Gen 9 Champions] VGC 2026 Reg M-A",
  "players": [
    "Shadowflamepkm",
    "fk_VG"
  ],
  "log": "|j|\u2606Shadowflamepkm\n|j|\u2606fk_VG\n|t:|1776268761\n|gametype|doubles\n|player|p1|Shadowflamepkm|red|1152\n|player|p2|fk_VG|kimonogirl|1171\n|gen|9\n|tier|[Gen 9 Champions] VGC 2026 Reg M-A\n|rated|\n|rule|Species Clause: Limit one of each Pok\u00e9mon\n|rule|Item Clause: Limit 1 of each item\n|clearpoke\n|poke|p1|Charizard, L50, M|\n|poke|p1|Venusaur, L50, F|\n|poke|p1|Sneasler, L50, F|\n|poke|p1|Incineroar, L50, M|\n|poke|p1|Farigiraf, L50, F|\n|poke|p1|Torkoal, L50, F|\n|poke|p2|Victreebel, L50, F|\n|poke|p2|Incineroar, L50, F|\n|poke|p2|Pelipper, L50, F|\n|poke|p2|Archaludon, L50, F|\n|poke|p2|Runerigus, L50, F|\n|poke|p2|Toxicroak, L50, F|\n|teampreview|4\n|c|\u2606Shadowflamepkm|Glhf\n|\n|t:|1776268796\n|teamsize|p1|4\n|teamsize|p2|4\n|start\n|switch|p1a: Charizard|Charizard, L50, M|100/100\n|switch|p1b: Venusaur|Venusaur, L50, F|100/100\n|switch|p2a: Incineroar|Incineroar, L50, F|100/100\n|switch|p2b: Pelipper|Pelipper, L50, F|100/100\n|-weather|RainDance|[from] ability: Drizzle|[of] p2b: Pelipper\n|-ability|p2a: Incineroar|Intimidate|boost\n|-unboost|p1a: Charizard|atk|1\n|-unboost|p1b: Venusaur|atk|1\n|turn|1\n|\n|t:|1776268827\n|detailschange|p1a: Charizard|Charizard-Mega-Y, L50, M\n|-mega|p1a: Charizard|Charizard|Charizardite Y\n|-weather|SunnyDay|[from] ability: Drought|[of] p1a: Charizard\n|move|p1a: Charizard|Protect|p1a: Charizard\n|-singleturn|p1a: Charizard|Protect\n|move|p2a: Incineroar|Fake Out|p1a: Charizard\n|-activate|p1a: Charizard|move: Protect\n|move|p1b: Venusaur|Sleep Powder|p2a: Incineroar\n|-status|p2a: Incineroar|slp|[from] move: Sleep Powder\n|move|p2b: Pelipper|U-turn|p1b: Venusaur\n|-damage|p1b: Venusaur|91/100\n|\n|t:|1776268842\n|switch|p2b: Archaludon|Archaludon, L50, F|100/100|[from] U-turn\n|\n|-weather|SunnyDay|[upkeep]\n|upkeep\n|turn|2\n|\n|t:|1776268853\n|switch|p2a: Pelipper|Pelipper, L50, F|100/100\n|-weather|RainDance|[from] ability: Drizzle|[of] p2a: Pelipper\n|move|p1a: Charizard|Heat Wave|p2a: Pelipper|[spread] p2a,p2b\n|-resisted|p2a: Pelipper|1\n|-damage|p2a: Pelipper|78/100\n|-damage|p2b: Archaludon|75/100\n|-ability|p2b: Archaludon|Stamina|boost\n|-boost|p2b: Archaludon|def|1\n|move|p2b: Archaludon|Electro Shot||[still]\n|-prepare|p2b: Archaludon|Electro Shot\n|-boost|p2b: Archaludon|spa|1\n|-anim|p2b: Archaludon|Electro Shot|p1a: Charizard\n|-supereffective|p1a: Charizard|1\n|-damage|p1a: Charizard|0 fnt\n|faint|p1a: Charizard\n|move|p1b: Venusaur|Sleep Powder|p2b: Archaludon\n|-status|p2b: Archaludon|slp|[from] move: Sleep Powder\n|\n|-weather|RainDance|[upkeep]\n|upkeep\n|\n|t:|1776268876\n|switch|p1a: Sneasler|Sneasler, L50, F|100/100\n|turn|3\n|\n|t:|1776268888\n|switch|p2b: Incineroar|Incineroar, L50, F|100/100 slp\n|-ability|p2b: Incineroar|Intimidate|boost\n|-unboost|p1a: Sneasler|atk|1\n|-unboost|p1b: Venusaur|atk|1\n|move|p1a: Sneasler|Dire Claw|p2a: Pelipper\n|-crit|p2a: Pelipper\n|-damage|p2a: Pelipper|0 fnt\n|faint|p2a: Pelipper\n|move|p1b: Venusaur|Sludge Bomb|p2b: Incineroar\n|-damage|p2b: Incineroar|63/100 slp\n|\n|-weather|RainDance|[upkeep]\n|upkeep\n|\n|t:|1776268899\n|switch|p2a: Toxicroak|Toxicroak, L50, F|100/100\n|turn|4\n|\n|t:|1776268920\n|switch|p1b: Incineroar|Incineroar, L50, M|100/100\n|-ability|p1b: Incineroar|Intimidate|boost\n|-unboost|p2a: Toxicroak|atk|1\n|-unboost|p2b: Incineroar|atk|1\n|switch|p2b: Archaludon|Archaludon, L50, F|75/100 slp\n|move|p1a: Sneasler|Protect|p1a: Sneasler\n|-singleturn|p1a: Sneasler|Protect\n|move|p2a: Toxicroak|Gunk Shot|p1b: Incineroar|[miss]\n|-miss|p2a: Toxicroak|p1b: Incineroar\n|\n|-weather|RainDance|[upkeep]\n|upkeep\n|turn|5\n|\n|t:|1776268942\n|switch|p2a: Incineroar|Incineroar, L50, F|63/100 slp\n|-ability|p2a: Incineroar|Intimidate|boost\n|-unboost|p1a: Sneasler|atk|1\n|-unboost|p1b: Incineroar|atk|1\n|switch|p1a: Venusaur|Venusaur, L50, F|91/100\n|cant|p2b: Archaludon|slp\n|move|p1b: Incineroar|Fake Out|p2a: Incineroar\n|-damage|p2a: Incineroar|55/100 slp\n|\n|-weather|RainDance|[upkeep]\n|upkeep\n|turn|6\n|\n|t:|1776268967\n|cant|p2b: Archaludon|slp\n|move|p1a: Venusaur|Sludge Bomb|p2a: Incineroar\n|-damage|p2a: Incineroar|13/100 slp\n|cant|p2a: Incineroar|slp\n|move|p1b: Incineroar|Low Kick|p2a: Incineroar\n|-supereffective|p2a: Incineroar|1\n|-damage|p2a: Incineroar|0 fnt\n|faint|p2a: Incineroar\n|\n|-weather|none\n|upkeep\n|\n|t:|1776268977\n|switch|p2a: Toxicroak|Toxicroak, L50, F|100/100\n|turn|7\n|\n|t:|1776268991\n|-curestatus|p2b: Archaludon|slp|[msg]\n|move|p2b: Archaludon|Protect|p2b: Archaludon\n|-singleturn|p2b: Archaludon|Protect\n|move|p2a: Toxicroak|Close Combat|p1b: Incineroar\n|-supereffective|p1b: Incineroar|1\n|-damage|p1b: Incineroar|0 fnt\n|-unboost|p2a: Toxicroak|def|1\n|-unboost|p2a: Toxicroak|spd|1\n|faint|p1b: Incineroar\n|move|p1a: Venusaur|Sleep Powder|p2a: Toxicroak\n|-status|p2a: Toxicroak|slp|[from] move: Sleep Powder\n|\n|upkeep\n|\n|t:|1776268999\n|switch|p1b: Sneasler|Sneasler, L50, F|100/100\n|turn|8\n|\n|t:|1776269010\n|cant|p2a: Toxicroak|slp\n|move|p1b: Sneasler|Close Combat|p2b: Archaludon\n|-supereffective|p2b: Archaludon|1\n|-damage|p2b: Archaludon|0 fnt\n|-unboost|p1b: Sneasler|def|1\n|-unboost|p1b: Sneasler|spd|1\n|faint|p2b: Archaludon\n|move|p1a: Venusaur|Sludge Bomb|p2a: Toxicroak\n|-resisted|p2a: Toxicroak|1\n|-damage|p2a: Toxicroak|55/100 slp\n|\n|upkeep\n|turn|9\n|-message|fk_VG forfeited.\n|\n|win|Shadowflamepkm\n|raw|Shadowflamepkm's rating: 1152 &rarr; <strong>1178</strong><br />(+26 for winning)\n|raw|fk_VG's rating: 1171 &rarr; <strong>1145</strong><br />(-26 for losing)\n|l|\u2606fk_VG\n|player|p2|\n",
  "uploadtime": 1776269030,
  "views": 19,
  "formatid": "gen9championsvgc2026regma",
  "rating": 1145,
  "private": 0,
  "password": null
}