{
  "id": "gen9championsvgc2026regma-2581977982",
  "format": "[Gen 9 Champions] VGC 2026 Reg M-A",
  "players": [
    "baronmigu",
    "Golurk365"
  ],
  "log": "|j|\u2606baronmigu\n|j|\u2606Golurk365\n|t:|1776045039\n|gametype|doubles\n|player|p1|baronmigu|266|1105\n|player|p2|Golurk365|hugh|1076\n|gen|9\n|tier|[Gen 9 Champions] VGC 2026 Reg M-A\n|rated|\n|rule|Species Clause: Limit one of each Pok\u00e9mon\n|rule|Item Clause: Limit 1 of each item\n|clearpoke\n|poke|p1|Basculegion, L50, M|\n|poke|p1|Corviknight, L50, F|\n|poke|p1|Sableye, L50, M|\n|poke|p1|Dragonite, L50, F|\n|poke|p1|Excadrill, L50, M|\n|poke|p1|Whimsicott, L50, F|\n|poke|p2|Golurk, L50|\n|poke|p2|Whimsicott, L50, F|\n|poke|p2|Basculegion, L50, M|\n|poke|p2|Milotic, L50, M|\n|poke|p2|Incineroar, L50, M|\n|poke|p2|Tyranitar, L50, F|\n|teampreview|4\n|inactive|Battle timer is ON: inactive players will automatically lose when time's up. (requested by Golurk365)\n|inactive|Golurk365 has 60 seconds left.\n|\n|t:|1776045079\n|teamsize|p1|4\n|teamsize|p2|4\n|start\n|switch|p1a: Sableye|Sableye, L50, M|100/100\n|switch|p1b: Basculegion|Basculegion, L50, M|100/100\n|switch|p2a: Whimsicott|Whimsicott, L50, F|100/100\n|switch|p2b: Milotic|Milotic, L50, M|100/100\n|turn|1\n|\n|t:|1776045099\n|move|p1a: Sableye|Fake Out|p2b: Milotic\n|-damage|p2b: Milotic|89/100\n|move|p2a: Whimsicott|Stun Spore|p1b: Basculegion\n|-status|p1b: Basculegion|par\n|cant|p2b: Milotic|flinch\n|cant|p1b: Basculegion|par\n|\n|upkeep\n|turn|2\n|\n|t:|1776045115\n|move|p2a: Whimsicott|Tailwind|p2a: Whimsicott\n|-sidestart|p2: Golurk365|move: Tailwind\n|move|p1a: Sableye|Encore|p2a: Whimsicott\n|-start|p2a: Whimsicott|Encore\n|move|p2b: Milotic|Alluring Voice|p1a: Sableye\n|-supereffective|p1a: Sableye|1\n|-damage|p1a: Sableye|20/100\n|move|p1b: Basculegion|Flip Turn|p2a: Whimsicott\n|-resisted|p2a: Whimsicott|1\n|-damage|p2a: Whimsicott|83/100\n|\n|t:|1776045126\n|switch|p1b: Excadrill|Excadrill, L50, M|100/100|[from] Flip Turn\n|-ability|p1b: Excadrill|Mold Breaker\n|\n|upkeep\n|turn|3\n|\n|t:|1776045140\n|switch|p2a: Incineroar|Incineroar, L50, M|100/100\n|-ability|p2a: Incineroar|Intimidate|boost\n|-unboost|p1a: Sableye|atk|1\n|-unboost|p1b: Excadrill|atk|1\n|move|p1a: Sableye|Thunder Wave|p2b: Milotic\n|-status|p2b: Milotic|par\n|move|p1b: Excadrill|Iron Head|p2a: Incineroar\n|-resisted|p2a: Incineroar|1\n|-crit|p2a: Incineroar\n|-damage|p2a: Incineroar|69/100\n|move|p2b: Milotic|Scald|p1b: Excadrill\n|-supereffective|p1b: Excadrill|1\n|-damage|p1b: Excadrill|5/100\n|-status|p1b: Excadrill|brn\n|\n|-heal|p2a: Incineroar|75/100|[from] item: Leftovers\n|-damage|p1b: Excadrill|0 fnt|[from] brn\n|faint|p1b: Excadrill\n|upkeep\n|\n|t:|1776045154\n|switch|p1b: Corviknight|Corviknight, L50, F|100/100\n|turn|4\n|\n|t:|1776045166\n|switch|p1a: Basculegion|Basculegion, L50, M|100/100 par\n|move|p2a: Incineroar|Will-O-Wisp|p1b: Corviknight\n|-status|p1b: Corviknight|brn\n|move|p2b: Milotic|Alluring Voice|p1a: Basculegion\n|-damage|p1a: Basculegion|70/100 par\n|move|p1b: Corviknight|Iron Defense|p1b: Corviknight\n|-boost|p1b: Corviknight|def|2\n|\n|-heal|p2a: Incineroar|81/100|[from] item: Leftovers\n|-damage|p1b: Corviknight|95/100 brn|[from] brn\n|upkeep\n|turn|5\n|inactive|Golurk365 has 30 seconds left.\n|\n|t:|1776045198\n|move|p2a: Incineroar|Darkest Lariat|p1a: Basculegion\n|-supereffective|p1a: Basculegion|1\n|-damage|p1a: Basculegion|0 fnt\n|faint|p1a: Basculegion\n|move|p2b: Milotic|Scald|p1b: Corviknight\n|-damage|p1b: Corviknight|50/100 brn\n|move|p1b: Corviknight|Body Press|p2a: Incineroar\n|-supereffective|p2a: Incineroar|1\n|-damage|p2a: Incineroar|40/100\n|\n|-heal|p2a: Incineroar|47/100|[from] item: Leftovers\n|-heal|p1b: Corviknight|55/100 brn|[from] item: Leftovers\n|-damage|p1b: Corviknight|50/100 brn|[from] brn\n|-sideend|p2: Golurk365|move: Tailwind\n|upkeep\n|\n|t:|1776045202\n|switch|p1a: Sableye|Sableye, L50, M|20/100\n|turn|6\n|inactive|Golurk365 has 30 seconds left.\n|\n|t:|1776045227\n|move|p1a: Sableye|Fake Out|p2b: Milotic\n|-damage|p2b: Milotic|78/100 par\n|move|p1b: Corviknight|Body Press|p2a: Incineroar\n|-supereffective|p2a: Incineroar|1\n|-damage|p2a: Incineroar|3/100\n|move|p2a: Incineroar|Darkest Lariat|p1a: Sableye|[miss]\n|-miss|p2a: Incineroar|p1a: Sableye\n|cant|p2b: Milotic|flinch\n|\n|-heal|p1b: Corviknight|55/100 brn|[from] item: Leftovers\n|-heal|p2a: Incineroar|9/100|[from] item: Leftovers\n|-damage|p1b: Corviknight|50/100 brn|[from] brn\n|upkeep\n|turn|7\n|-message|baronmigu forfeited.\n|\n|win|Golurk365\n|raw|baronmigu's rating: 1086 &rarr; <strong>1062</strong><br />(-24 for losing)\n|raw|Golurk365's rating: 1076 &rarr; <strong>1105</strong><br />(+29 for winning)\n|l|\u2606baronmigu\n|player|p1|\n",
  "uploadtime": 1776045240,
  "views": 21,
  "formatid": "gen9championsvgc2026regma",
  "rating": 1062,
  "private": 0,
  "password": null
}