{
  "id": "gen9championsvgc2026regma-2587885854",
  "format": "[Gen 9 Champions] VGC 2026 Reg M-A",
  "players": [
    "Clueless845",
    "henitusec"
  ],
  "log": "|j|\u2606Clueless845\n|j|\u2606henitusec\n|t:|1776574635\n|gametype|doubles\n|player|p1|Clueless845|101|1096\n|player|p2|henitusec|steven-masters|1174\n|gen|9\n|tier|[Gen 9 Champions] VGC 2026 Reg M-A\n|rated|\n|rule|Species Clause: Limit one of each Pok\u00e9mon\n|rule|Item Clause: Limit 1 of each item\n|clearpoke\n|poke|p1|Meganium, L50, F|\n|poke|p1|Aerodactyl, L50, M|\n|poke|p1|Kangaskhan, L50, F|\n|poke|p1|Typhlosion-Hisui, L50, M|\n|poke|p1|Tauros-Paldea-Aqua, L50, M|\n|poke|p1|Archaludon, L50, F|\n|poke|p2|Froslass, L50, F|\n|poke|p2|Garchomp, L50, M|\n|poke|p2|Rotom-Frost, L50|\n|poke|p2|Empoleon, L50, M|\n|poke|p2|Incineroar, L50, M|\n|poke|p2|Kingambit, L50, M|\n|teampreview|4\n|inactive|Battle timer is ON: inactive players will automatically lose when time's up. (requested by henitusec)\n|\n|t:|1776574654\n|teamsize|p1|4\n|teamsize|p2|4\n|start\n|switch|p1a: Archaludon|Archaludon, L50, F|100/100\n|switch|p1b: Aerodactyl|Aerodactyl, L50, M|100/100\n|switch|p2a: Froslass|Froslass, L50, F|100/100\n|switch|p2b: Incineroar|Incineroar, L50, M|100/100\n|-ability|p1b: Aerodactyl|Unnerve\n|-ability|p2b: Incineroar|Intimidate|boost\n|-unboost|p1a: Archaludon|atk|1\n|-unboost|p1b: Aerodactyl|atk|1\n|turn|1\n|inactive|Clueless845 has 30 seconds left.\n|\n|t:|1776574682\n|detailschange|p2a: Froslass|Froslass-Mega, L50, F\n|-mega|p2a: Froslass|Froslass|Froslassite\n|-weather|Snowscape|[from] ability: Snow Warning|[of] p2a: Froslass\n|move|p2b: Incineroar|Fake Out|p1a: Archaludon\n|-resisted|p1a: Archaludon|1\n|-damage|p1a: Archaludon|95/100\n|move|p1b: Aerodactyl|Tailwind|p1b: Aerodactyl\n|-sidestart|p1: Clueless845|move: Tailwind\n|cant|p1a: Archaludon|flinch\n|move|p2a: Froslass|Blizzard|p1b: Aerodactyl|[spread] p1a,p1b\n|-supereffective|p1b: Aerodactyl|1\n|-damage|p1a: Archaludon|30/100\n|-enditem|p1b: Aerodactyl|Focus Sash\n|-damage|p1b: Aerodactyl|1/100\n|\n|-weather|Snowscape|[upkeep]\n|upkeep\n|turn|2\n|\n|t:|1776574703\n|move|p1a: Archaludon|Protect|p1a: Archaludon\n|-singleturn|p1a: Archaludon|Protect\n|move|p1b: Aerodactyl|Rock Slide|p2a: Froslass|[spread] p2a,p2b\n|-supereffective|p2a: Froslass|1\n|-supereffective|p2b: Incineroar|1\n|-damage|p2a: Froslass|62/100\n|-damage|p2b: Incineroar|68/100\n|cant|p2a: Froslass|flinch\n|move|p2b: Incineroar|Flare Blitz|p1a: Archaludon\n|-activate|p1a: Archaludon|move: Protect\n|\n|-weather|Snowscape|[upkeep]\n|upkeep\n|turn|3\n|\n|t:|1776574724\n|switch|p1a: Typhlosion|Typhlosion-Hisui, L50, M|100/100\n|-item|p2a: Froslass|Froslassite|[from] ability: Frisk|[of] p1a: Typhlosion\n|-item|p2b: Incineroar|Sitrus Berry|[from] ability: Frisk|[of] p1a: Typhlosion\n|move|p2a: Froslass|Protect|p2a: Froslass\n|-singleturn|p2a: Froslass|Protect\n|move|p1b: Aerodactyl|Rock Slide|p2b: Incineroar|[spread] p2b\n|-activate|p2a: Froslass|move: Protect\n|-supereffective|p2b: Incineroar|1\n|-damage|p2b: Incineroar|35/100\n|move|p2b: Incineroar|Flare Blitz|p1a: Typhlosion\n|-resisted|p1a: Typhlosion|1\n|-damage|p1a: Typhlosion|56/100\n|-damage|p2b: Incineroar|24/100|[from] Recoil\n|\n|-weather|Snowscape|[upkeep]\n|upkeep\n|turn|4\n|inactive|Clueless845 has 30 seconds left.\n|\n|t:|1776574753\n|move|p1a: Typhlosion|Heat Wave|p2b: Incineroar|[spread] p2a,p2b\n|-supereffective|p2a: Froslass|1\n|-resisted|p2b: Incineroar|1\n|-damage|p2a: Froslass|0 fnt\n|-damage|p2b: Incineroar|8/100\n|faint|p2a: Froslass\n|move|p1b: Aerodactyl|Dual Wingbeat|p2b: Incineroar\n|-damage|p2b: Incineroar|0 fnt\n|faint|p2b: Incineroar\n|-hitcount|p2: Incineroar|1\n|\n|-weather|Snowscape|[upkeep]\n|-sideend|p1: Clueless845|move: Tailwind\n|upkeep\n|\n|t:|1776574757\n|switch|p2a: Kingambit|Kingambit, L50, M|100/100\n|switch|p2b: Rotom|Rotom-Frost, L50|100/100\n|-activate|p2a: Kingambit|ability: Supreme Overlord\n|-start|p2a: Kingambit|fallen2|[silent]\n|turn|5\n|\n|t:|1776574769\n|move|p2a: Kingambit|Sucker Punch|p1a: Typhlosion\n|-supereffective|p1a: Typhlosion|1\n|-damage|p1a: Typhlosion|0 fnt\n|faint|p1a: Typhlosion\n|move|p2b: Rotom|Blizzard|p1b: Aerodactyl\n|-supereffective|p1b: Aerodactyl|1\n|-damage|p1b: Aerodactyl|0 fnt\n|faint|p1b: Aerodactyl\n|\n|-weather|none\n|upkeep\n|\n|t:|1776574775\n|switch|p1b: Meganium|Meganium, L50, F|100/100\n|switch|p1a: Archaludon|Archaludon, L50, F|30/100\n|turn|6\n|\n|t:|1776574795\n|detailschange|p1b: Meganium|Meganium-Mega, L50, F\n|-mega|p1b: Meganium|Meganium|Meganiumite\n|move|p2b: Rotom|Blizzard|p1a: Archaludon|[spread] p1b\n|-miss|p2b: Rotom|p1a: Archaludon\n|-supereffective|p1b: Meganium|1\n|-damage|p1b: Meganium|38/100\n|move|p1a: Archaludon|Draco Meteor|p2b: Rotom\n|-damage|p2b: Rotom|0 fnt\n|-unboost|p1a: Archaludon|spa|2\n|faint|p2b: Rotom\n|move|p2a: Kingambit|Iron Head|p1b: Meganium\n|-supereffective|p1b: Meganium|1\n|-damage|p1b: Meganium|0 fnt\n|faint|p1b: Meganium\n|\n|upkeep\n|turn|7\n|\n|t:|1776574814\n|move|p1a: Archaludon|Steel Beam|p2a: Kingambit\n|-resisted|p2a: Kingambit|1\n|-damage|p2a: Kingambit|80/100\n|-damage|p1a: Archaludon|0 fnt|[from] steelbeam\n|faint|p1a: Archaludon\n|\n|win|henitusec\n|raw|Clueless845's rating: 1096 &rarr; <strong>1077</strong><br />(-19 for losing)\n|raw|henitusec's rating: 1174 &rarr; <strong>1193</strong><br />(+19 for winning)\n",
  "uploadtime": 1776574818,
  "views": 16,
  "formatid": "gen9championsvgc2026regma",
  "rating": 1077,
  "private": 0,
  "password": null
}