{
  "id": "gen9championsvgc2026regma-2585147994",
  "format": "[Gen 9 Champions] VGC 2026 Reg M-A",
  "players": [
    "adam2300",
    "Phillip Blevin"
  ],
  "log": "|j|\u2606adam2300\n|j|\u2606Phillip Blevin\n|t:|1776317653\n|gametype|doubles\n|player|p1|adam2300|266|1000\n|player|p2|Phillip Blevin|cynthia-masters4|1064\n|gen|9\n|tier|[Gen 9 Champions] VGC 2026 Reg M-A\n|rated|\n|rule|Species Clause: Limit one of each Pok\u00e9mon\n|rule|Item Clause: Limit 1 of each item\n|clearpoke\n|poke|p1|Scovillain, L50, F|\n|poke|p1|Glimmora, L50, F|\n|poke|p1|Hatterene, L50, F|\n|poke|p1|Garchomp, L50, M|\n|poke|p1|Sinistcha, L50|\n|poke|p1|Tauros-Paldea-Aqua, L50, M|\n|poke|p2|Ceruledge, L50, M|\n|poke|p2|Corviknight, L50, M|\n|poke|p2|Garchomp, L50, M|\n|poke|p2|Arcanine-Hisui, L50, M|\n|poke|p2|Froslass, L50, F|\n|poke|p2|Rotom-Wash, L50|\n|teampreview|4\n|inactive|Battle timer is ON: inactive players will automatically lose when time's up. (requested by Phillip Blevin)\n|inactive|adam2300 also wants the timer to be on.\nPhillip Blevin has agreed to open team sheets.\n|\n|t:|1776317677\n|teamsize|p1|4\n|teamsize|p2|4\n|start\n|switch|p1a: Scovillain|Scovillain, L50, F|100/100\n|switch|p1b: Glimmora|Glimmora, L50, F|100/100\n|switch|p2a: Arcanine|Arcanine-Hisui, L50, M|100/100\n|switch|p2b: Rotom|Rotom-Wash, L50|100/100\n|-ability|p2a: Arcanine|Intimidate|boost\n|-unboost|p1a: Scovillain|atk|1\n|-unboost|p1b: Glimmora|atk|1\n|turn|1\n|inactive|Phillip Blevin has 30 seconds left.\n|\n|t:|1776317705\n|move|p2a: Arcanine|Protect|p2a: Arcanine\n|-singleturn|p2a: Arcanine|Protect\n|move|p1a: Scovillain|Protect|p1a: Scovillain\n|-singleturn|p1a: Scovillain|Protect\n|move|p2b: Rotom|Hydro Pump|p1a: Scovillain\n|-activate|p1a: Scovillain|move: Protect\n|move|p1b: Glimmora|Mortal Spin|p2b: Rotom|[spread] p2b\n|-activate|p2a: Arcanine|move: Protect\n|-damage|p2b: Rotom|98/100\n|-status|p2b: Rotom|psn\n|\n|-damage|p2b: Rotom|86/100 psn|[from] psn\n|-ability|p1a: Scovillain|Moody|boost\n|-boost|p1a: Scovillain|atk|2\n|-unboost|p1a: Scovillain|spa|1\n|upkeep\n|turn|2\n|\n|t:|1776317725\n|move|p2b: Rotom|Hydro Pump|p1a: Scovillain|[miss]\n|-miss|p2b: Rotom|p1a: Scovillain\n|move|p2a: Arcanine|Flare Blitz|p1a: Scovillain\n|-crit|p1a: Scovillain\n|-damage|p1a: Scovillain|0 fnt\n|faint|p1a: Scovillain\n|-damage|p2a: Arcanine|73/100|[from] Recoil\n|move|p1b: Glimmora|Earth Power|p2a: Arcanine\n|-supereffective|p2a: Arcanine|2\n|-damage|p2a: Arcanine|0 fnt\n|faint|p2a: Arcanine\n|\n|-damage|p2b: Rotom|74/100 psn|[from] psn\n|upkeep\n|\n|t:|1776317739\n|switch|p2a: Corviknight|Corviknight, L50, M|100/100\n|switch|p1a: Tauros|Tauros-Paldea-Aqua, L50, M|100/100\n|-ability|p1a: Tauros|Intimidate|boost\n|-ability|p2a: Corviknight|Mirror Armor\n|-unboost|p1a: Tauros|atk|1\n|-unboost|p2b: Rotom|atk|1\n|turn|3\n|\n|t:|1776317755\n|move|p2b: Rotom|Hydro Pump|p1b: Glimmora\n|-supereffective|p1b: Glimmora|1\n|-enditem|p1b: Glimmora|Focus Sash\n|-damage|p1b: Glimmora|1/100\n|move|p1a: Tauros|Bulk Up|p1a: Tauros\n|-boost|p1a: Tauros|atk|1\n|-boost|p1a: Tauros|def|1\n|move|p1b: Glimmora|Sludge Bomb|p2b: Rotom\n|-damage|p2b: Rotom|22/100 psn\n|move|p2a: Corviknight|Body Press|p1b: Glimmora\n|-damage|p1b: Glimmora|0 fnt\n|-activate|p1b: Glimmora|ability: Toxic Debris\n|-sidestart|p2: Phillip Blevin|move: Toxic Spikes\n|faint|p1b: Glimmora\n|\n|-damage|p2b: Rotom|9/100 psn|[from] psn\n|upkeep\n|\n|t:|1776317774\n|switch|p1b: Hatterene|Hatterene, L50, F|100/100\n|turn|4\n|\n|t:|1776317784\n|switch|p2b: Froslass|Froslass, L50, F|100/100\n|-status|p2b: Froslass|psn\n|move|p1a: Tauros|Aqua Jet|p2b: Froslass\n|-damage|p2b: Froslass|69/100 psn\n|-start|p1a: Tauros|Disable|Aqua Jet|[from] ability: Cursed Body|[of] p2b: Froslass\n|move|p2a: Corviknight|Brave Bird|p1a: Tauros\n|-supereffective|p1a: Tauros|1\n|-damage|p1a: Tauros|40/100\n|-enditem|p1a: Tauros|Sitrus Berry|[eat]\n|-heal|p1a: Tauros|65/100|[from] item: Sitrus Berry\n|-damage|p2a: Corviknight|86/100|[from] Recoil\n|move|p1b: Hatterene|Nuzzle|p2a: Corviknight\n|-supereffective|p2a: Corviknight|1\n|-damage|p2a: Corviknight|80/100\n|-status|p2a: Corviknight|par\n|\n|-damage|p2b: Froslass|57/100 psn|[from] psn\n|upkeep\n|turn|5\n|inactive|Phillip Blevin has 30 seconds left.\n|\n|t:|1776317812\n|move|p2b: Froslass|Protect|p2b: Froslass\n|-singleturn|p2b: Froslass|Protect\n|move|p1a: Tauros|Raging Bull|p2b: Froslass\n|-activate|p2b: Froslass|move: Protect\n|move|p1b: Hatterene|Dazzling Gleam|p2b: Froslass|[spread] p2a\n|-activate|p2b: Froslass|move: Protect\n|-resisted|p2a: Corviknight|1\n|-damage|p2a: Corviknight|61/100 par\n|move|p2a: Corviknight|Brave Bird|p1a: Tauros\n|-supereffective|p1a: Tauros|1\n|-damage|p1a: Tauros|2/100\n|-damage|p2a: Corviknight|46/100 par|[from] Recoil\n|-enditem|p2a: Corviknight|Sitrus Berry|[eat]\n|-heal|p2a: Corviknight|71/100 par|[from] item: Sitrus Berry\n|\n|-damage|p2b: Froslass|45/100 psn|[from] psn\n|upkeep\n|turn|6\n|\n|t:|1776317831\n|detailschange|p2b: Froslass|Froslass-Mega, L50, F\n|-mega|p2b: Froslass|Froslass|Froslassite\n|-weather|Snowscape|[from] ability: Snow Warning|[of] p2b: Froslass\n|move|p2b: Froslass|Blizzard|p1a: Tauros|[spread] p1a,p1b\n|-resisted|p1a: Tauros|1\n|-damage|p1a: Tauros|0 fnt\n|-damage|p1b: Hatterene|46/100\n|faint|p1a: Tauros\n|move|p1b: Hatterene|Dazzling Gleam|p2b: Froslass|[spread] p2a,p2b\n|-resisted|p2a: Corviknight|1\n|-damage|p2a: Corviknight|55/100 par\n|-damage|p2b: Froslass|0 fnt\n|faint|p2b: Froslass\n|move|p2a: Corviknight|Brave Bird|p1b: Hatterene\n|-damage|p1b: Hatterene|0 fnt\n|faint|p1b: Hatterene\n|-damage|p2a: Corviknight|45/100 par|[from] Recoil\n|\n|win|Phillip Blevin\n|raw|adam2300's rating: 1000 &rarr; <strong>1000</strong><br />(+0 for losing)\n|raw|Phillip Blevin's rating: 1064 &rarr; <strong>1089</strong><br />(+25 for winning)\n",
  "uploadtime": 1776317831,
  "views": 16,
  "formatid": "gen9championsvgc2026regma",
  "rating": 1000,
  "private": 0,
  "password": null
}