{
  "id": "gen9championsvgc2026regma-2581626962",
  "format": "[Gen 9 Champions] VGC 2026 Reg M-A",
  "players": [
    "Missed Ledgedash",
    "AArmyYY"
  ],
  "log": "|j|\u2606Missed Ledgedash\n|j|\u2606AArmyYY\n|t:|1776016206\n|gametype|doubles\n|player|p1|Missed Ledgedash|juan-gen3|1101\n|player|p2|AArmyYY|skyla|1139\n|gen|9\n|tier|[Gen 9 Champions] VGC 2026 Reg M-A\n|rated|\n|rule|Species Clause: Limit one of each Pok\u00e9mon\n|rule|Item Clause: Limit 1 of each item\n|clearpoke\n|poke|p1|Incineroar, L50, M|\n|poke|p1|Gengar, L50, M|\n|poke|p1|Gyarados, L50, F|\n|poke|p1|Tyranitar, L50, F|\n|poke|p1|Sneasler, L50, M|\n|poke|p1|Excadrill, L50, F|\n|poke|p2|Garchomp, L50, F|\n|poke|p2|Gardevoir, L50, F|\n|poke|p2|Delphox, L50, M|\n|poke|p2|Meowstic, L50, M|\n|poke|p2|Gallade, L50, M|\n|poke|p2|Primarina, L50, M|\n|teampreview|4\n|inactive|Battle timer is ON: inactive players will automatically lose when time's up. (requested by AArmyYY)\n|\n|t:|1776016307\n|teamsize|p1|4\n|teamsize|p2|4\n|start\n|switch|p1a: Gengar|Gengar, L50, M|100/100\n|switch|p1b: Incineroar|Incineroar, L50, M|100/100\n|switch|p2a: Primarina|Primarina, L50, M|100/100\n|switch|p2b: Meowstic|Meowstic, L50, M|100/100\n|-ability|p1b: Incineroar|Intimidate|boost\n|-unboost|p2a: Primarina|atk|1\n|-unboost|p2b: Meowstic|atk|1\n|turn|1\n|\n|t:|1776016328\n|detailschange|p1a: Gengar|Gengar-Mega, L50, M\n|-mega|p1a: Gengar|Gengar|Gengarite\n|move|p2b: Meowstic|Fake Out|p1b: Incineroar\n|-damage|p1b: Incineroar|97/100\n|cant|p1b: Incineroar|flinch\n|move|p1a: Gengar|Perish Song|p1a: Gengar\n|-start|p1a: Gengar|perish3|[silent]\n|-start|p1b: Incineroar|perish3|[silent]\n|-start|p2a: Primarina|perish3|[silent]\n|-start|p2b: Meowstic|perish3|[silent]\n|-fieldactivate|move: Perish Song\n|move|p2a: Primarina|Sparkling Aria|p1b: Incineroar|[spread] p2b,p1a,p1b\n|-crit|p2b: Meowstic\n|-supereffective|p1b: Incineroar|1\n|-damage|p2b: Meowstic|44/100\n|-damage|p1a: Gengar|58/100\n|-damage|p1b: Incineroar|42/100\n|-enditem|p1b: Incineroar|Sitrus Berry|[eat]\n|-heal|p1b: Incineroar|67/100|[from] item: Sitrus Berry\n|\n|-start|p1a: Gengar|perish3\n|-start|p2b: Meowstic|perish3\n|-start|p1b: Incineroar|perish3\n|-start|p2a: Primarina|perish3\n|upkeep\n|turn|2\n|inactive|AArmyYY has 30 seconds left.\n|\n|t:|1776016355\n|move|p1a: Gengar|Protect|p1a: Gengar\n|-singleturn|p1a: Gengar|Protect\n|move|p1b: Incineroar|Protect|p1b: Incineroar\n|-singleturn|p1b: Incineroar|Protect\n|move|p2b: Meowstic|Thunder Wave|p1a: Gengar\n|-activate|p1a: Gengar|move: Protect\n|move|p2a: Primarina|Ice Beam|p1a: Gengar\n|-activate|p1a: Gengar|move: Protect\n|\n|-start|p1a: Gengar|perish2\n|-start|p2b: Meowstic|perish2\n|-start|p1b: Incineroar|perish2\n|-start|p2a: Primarina|perish2\n|upkeep\n|turn|3\n|\n|t:|1776016380\n|switch|p1a: Gyarados|Gyarados, L50, F|100/100\n|-ability|p1a: Gyarados|Intimidate|boost\n|-unboost|p2a: Primarina|atk|1\n|-unboost|p2b: Meowstic|atk|1\n|move|p2b: Meowstic|Thunder Wave|p1a: Gyarados\n|-status|p1a: Gyarados|par\n|-enditem|p1a: Gyarados|Lum Berry|[eat]\n|-curestatus|p1a: Gyarados|par|[msg]\n|move|p1b: Incineroar|Parting Shot|p2a: Primarina\n|-unboost|p2a: Primarina|atk|1\n|-unboost|p2a: Primarina|spa|1\n|\n|t:|1776016394\n|switch|p1b: Gengar|Gengar-Mega, L50, M|58/100|[from] Parting Shot\n|move|p2a: Primarina|Ice Beam|p1a: Gyarados\n|-damage|p1a: Gyarados|82/100\n|\n|-start|p2b: Meowstic|perish1\n|-start|p2a: Primarina|perish1\n|upkeep\n|turn|4\n|\n|t:|1776016411\n|move|p1b: Gengar|Protect|p1b: Gengar\n|-singleturn|p1b: Gengar|Protect\n|move|p1a: Gyarados|Protect|p1a: Gyarados\n|-singleturn|p1a: Gyarados|Protect\n|move|p2b: Meowstic|Psychic Terrain|p2b: Meowstic\n|-fieldstart|move: Psychic Terrain\n|move|p2a: Primarina|Moonblast|p1a: Gyarados\n|-activate|p1a: Gyarados|move: Protect\n|\n|-start|p2b: Meowstic|perish0\n|-start|p2a: Primarina|perish0\n|faint|p2b: Meowstic\n|faint|p2a: Primarina\n|upkeep\n|\n|t:|1776016422\n|switch|p2b: Gardevoir|Gardevoir, L50, F|100/100\n|switch|p2a: Gallade|Gallade, L50, M|100/100\n|turn|5\n|\n|t:|1776016437\n|switch|p1a: Incineroar|Incineroar, L50, M|67/100\n|-ability|p1a: Incineroar|Intimidate|boost\n|-unboost|p2a: Gallade|atk|1\n|-unboost|p2b: Gardevoir|atk|1\n|detailschange|p2b: Gardevoir|Gardevoir-Mega, L50, F\n|-mega|p2b: Gardevoir|Gardevoir|Gardevoirite\n|move|p1b: Gengar|Shadow Ball|p2a: Gallade\n|-supereffective|p2a: Gallade|1\n|-damage|p2a: Gallade|3/100\n|-unboost|p2a: Gallade|spd|1\n|move|p2b: Gardevoir|Hyper Voice|p1b: Gengar|[spread] p1a,p1b\n|-crit|p1a: Incineroar\n|-resisted|p1b: Gengar|1\n|-damage|p1a: Incineroar|3/100\n|-damage|p1b: Gengar|29/100\n|move|p2a: Gallade|Sacred Sword|p1b: Gengar\n|-immune|p1b: Gengar\n|\n|upkeep\n|turn|6\n|inactive|Missed Ledgedash has 30 seconds left.\n|\n|t:|1776016467\n|move|p2a: Gallade|Protect|p2a: Gallade\n|-singleturn|p2a: Gallade|Protect\n|move|p1b: Gengar|Shadow Ball|p2b: Gardevoir\n|-supereffective|p2b: Gardevoir|1\n|-damage|p2b: Gardevoir|25/100\n|-unboost|p2b: Gardevoir|spd|1\n|move|p2b: Gardevoir|Expanding Force|p1a: Incineroar|[spread] p1b\n|-immune|p1a: Incineroar\n|-supereffective|p1b: Gengar|1\n|-damage|p1b: Gengar|0 fnt\n|faint|p1b: Gengar\n|move|p1a: Incineroar|Throat Chop|p2a: Gallade\n|-activate|p2a: Gallade|move: Protect\n|\n|upkeep\n|\n|t:|1776016479\n|switch|p1b: Gyarados|Gyarados, L50, F|82/100\n|-ability|p1b: Gyarados|Intimidate|boost\n|-unboost|p2a: Gallade|atk|1\n|-unboost|p2b: Gardevoir|atk|1\n|turn|7\n|inactive|AArmyYY has 30 seconds left.\n|\n|t:|1776016508\n|move|p2a: Gallade|Wide Guard|p2a: Gallade\n|-singleturn|p2a: Gallade|Wide Guard\n|move|p1b: Gyarados|Waterfall|p2b: Gardevoir\n|-damage|p2b: Gardevoir|0 fnt\n|faint|p2b: Gardevoir\n|move|p1a: Incineroar|Throat Chop|p2a: Gallade\n|-damage|p2a: Gallade|0 fnt\n|faint|p2a: Gallade\n|\n|win|Missed Ledgedash\n|raw|Missed Ledgedash's rating: 1101 &rarr; <strong>1129</strong><br />(+28 for winning)\n|raw|AArmyYY's rating: 1139 &rarr; <strong>1111</strong><br />(-28 for losing)\n",
  "uploadtime": 1776016508,
  "views": 12,
  "formatid": "gen9championsvgc2026regma",
  "rating": 1111,
  "private": 0,
  "password": null
}