{
  "id": "gen9championsvgc2026regma-2584858145",
  "format": "[Gen 9 Champions] VGC 2026 Reg M-A",
  "players": [
    "NobaraLover",
    "giiirldinner"
  ],
  "log": "|j|\u2606NobaraLover\n|j|\u2606giiirldinner\n|t:|1776289202\n|gametype|doubles\n|player|p1|NobaraLover|veteranf|1392\n|player|p2|giiirldinner|schoolkidf-gen4|1388\n|gen|9\n|tier|[Gen 9 Champions] VGC 2026 Reg M-A\n|rated|\n|rule|Species Clause: Limit one of each Pok\u00e9mon\n|rule|Item Clause: Limit 1 of each item\n|clearpoke\n|poke|p1|Gardevoir, L50, F|\n|poke|p1|Talonflame, L50, M|\n|poke|p1|Basculegion, L50, M|\n|poke|p1|Kingambit, L50, M|\n|poke|p1|Aggron, L50, M|\n|poke|p1|Farigiraf, L50, M|\n|poke|p2|Delphox, L50, M|\n|poke|p2|Whimsicott, L50, M|\n|poke|p2|Incineroar, L50, M|\n|poke|p2|Garchomp, L50, M|\n|poke|p2|Sneasler, L50, F|\n|poke|p2|Kingambit, L50, F|\n|teampreview|4\n|inactive|Battle timer is ON: inactive players will automatically lose when time's up. (requested by NobaraLover)\n|\n|t:|1776289244\n|teamsize|p1|4\n|teamsize|p2|4\n|start\n|switch|p1a: Gardevoir|Gardevoir, L50, F, shiny|100/100\n|switch|p1b: Talonflame|Talonflame, L50, M|100/100\n|switch|p2a: Garchomp|Garchomp, L50, M|100/100\n|switch|p2b: Sneasler|Sneasler, L50, F|100/100\n|-ability|p1a: Gardevoir|Rough Skin|Trace|[from] ability: Trace|[of] p2a: Garchomp\n|turn|1\n|inactive|giiirldinner has 30 seconds left.\n|\n|t:|1776289274\n|switch|p1b: Farigiraf|Farigiraf, L50, M|100/100\n|detailschange|p1a: Gardevoir|Gardevoir-Mega, L50, F, shiny\n|-mega|p1a: Gardevoir|Gardevoir|Gardevoirite\n|move|p2b: Sneasler|Fake Out||[still]\n|cant|p1b: Farigiraf|ability: Armor Tail|Fake Out|[of] p2b: Sneasler\n|move|p2a: Garchomp|Rock Slide|p1a: Gardevoir|[spread] p1b\n|-miss|p2a: Garchomp|p1a: Gardevoir\n|-damage|p1b: Farigiraf|79/100\n|move|p1a: Gardevoir|Hyper Voice|p2a: Garchomp|[spread] p2a,p2b\n|-supereffective|p2a: Garchomp|1\n|-damage|p2a: Garchomp|3/100\n|-damage|p2b: Sneasler|37/100\n|\n|upkeep\n|turn|2\n|\n|t:|1776289289\n|move|p1a: Gardevoir|Protect|p1a: Gardevoir\n|-singleturn|p1a: Gardevoir|Protect\n|move|p2a: Garchomp|Rock Slide|p1a: Gardevoir|[spread] \n|-activate|p1a: Gardevoir|move: Protect\n|-miss|p2a: Garchomp|p1b: Farigiraf\n|move|p2b: Sneasler|Dire Claw|p1a: Gardevoir\n|-activate|p1a: Gardevoir|move: Protect\n|move|p1b: Farigiraf|Hyper Voice|p2b: Sneasler|[spread] p2a,p2b\n|-damage|p2a: Garchomp|0 fnt\n|-damage|p2b: Sneasler|0 fnt\n|faint|p2a: Garchomp\n|faint|p2b: Sneasler\n|\n|upkeep\n|\n|t:|1776289292\n|switch|p2b: Delphox|Delphox, L50, M|100/100\n|switch|p2a: Kingambit|Kingambit, L50, F|100/100\n|turn|3\n|\n|t:|1776289309\n|detailschange|p2b: Delphox|Delphox-Mega, L50, M\n|-mega|p2b: Delphox|Delphox|Delphoxite\n|move|p1b: Farigiraf|Helping Hand|p1a: Gardevoir\n|-singleturn|p1a: Gardevoir|Helping Hand|[of] p1b: Farigiraf\n|move|p2b: Delphox|Calm Mind|p2b: Delphox\n|-boost|p2b: Delphox|spa|1\n|-boost|p2b: Delphox|spd|1\n|move|p1a: Gardevoir|Hyper Voice|p2a: Kingambit|[spread] p2a,p2b\n|-resisted|p2b: Delphox|1\n|-damage|p2a: Kingambit|30/100\n|-damage|p2b: Delphox|77/100\n|move|p2a: Kingambit|Kowtow Cleave|p1b: Farigiraf\n|-supereffective|p1b: Farigiraf|1\n|-damage|p1b: Farigiraf|0 fnt\n|faint|p1b: Farigiraf\n|\n|upkeep\n|\n|t:|1776289319\n|switch|p1b: Talonflame|Talonflame, L50, M|100/100\n|turn|4\n|\n|t:|1776289330\n|move|p1b: Talonflame|Tailwind|p1b: Talonflame\n|-sidestart|p1: NobaraLover|move: Tailwind\n|move|p2a: Kingambit|Sucker Punch|p1a: Gardevoir\n|-damage|p1a: Gardevoir|33/100\n|move|p1a: Gardevoir|Hyper Voice|p2b: Delphox|[spread] p2a,p2b\n|-resisted|p2b: Delphox|1\n|-damage|p2a: Kingambit|0 fnt\n|-damage|p2b: Delphox|61/100\n|faint|p2a: Kingambit\n|move|p2b: Delphox|Heat Wave|p1a: Gardevoir|[spread] p1a,p1b\n|-resisted|p1b: Talonflame|1\n|-crit|p1b: Talonflame\n|-damage|p1a: Gardevoir|0 fnt\n|-damage|p1b: Talonflame|26/100\n|faint|p1a: Gardevoir\n|\n|upkeep\n|\n|t:|1776289337\n|switch|p1a: Basculegion|Basculegion, L50, M|100/100\n|turn|5\n|-message|giiirldinner forfeited.\n|\n|win|NobaraLover\n|raw|NobaraLover's rating: 1392 &rarr; <strong>1412</strong><br />(+20 for winning)\n|raw|giiirldinner's rating: 1388 &rarr; <strong>1368</strong><br />(-20 for losing)\n|l|\u2606giiirldinner\n|player|p2|\n|l|\u2606NobaraLover\n|player|p1|\n",
  "uploadtime": 1776289423,
  "views": 33,
  "formatid": "gen9championsvgc2026regma",
  "rating": 1368,
  "private": 0,
  "password": null
}