{
  "id": "gen9championsvgc2026regma-2584670494",
  "format": "[Gen 9 Champions] VGC 2026 Reg M-A",
  "players": [
    "gjdhe",
    "tonybravais"
  ],
  "log": "|j|\u2606gjdhe\n|j|\u2606tonybravais\n|t:|1776275729\n|gametype|doubles\n|player|p1|gjdhe|1|1125\n|player|p2|tonybravais|170|1075\n|gen|9\n|tier|[Gen 9 Champions] VGC 2026 Reg M-A\n|rated|\n|rule|Species Clause: Limit one of each Pok\u00e9mon\n|rule|Item Clause: Limit 1 of each item\n|clearpoke\n|poke|p1|Scizor, L50, F|\n|poke|p1|Meganium, L50, F|\n|poke|p1|Rotom-Heat, L50|\n|poke|p1|Aerodactyl, L50, F|\n|poke|p1|Milotic, L50, M|\n|poke|p1|Salazzle, L50, F|\n|poke|p2|Farigiraf, L50, M|\n|poke|p2|Slowking-Galar, L50, M|\n|poke|p2|Glaceon, L50, M|\n|poke|p2|Empoleon, L50, M|\n|poke|p2|Golurk, L50|\n|poke|p2|Arcanine-Hisui, L50, F|\n|teampreview|4\n|\n|t:|1776275767\n|teamsize|p1|4\n|teamsize|p2|4\n|start\n|switch|p1a: Meganium|Meganium, L50, F|100/100\n|switch|p1b: Salazzle|Salazzle, L50, F|100/100\n|switch|p2a: Farigiraf|Farigiraf, L50, M|100/100\n|switch|p2b: Slowking|Slowking-Galar, L50, M|100/100\n|turn|1\n|\n|t:|1776275789\n|detailschange|p1a: Meganium|Meganium-Mega, L50, F\n|-mega|p1a: Meganium|Meganium|Meganiumite\n|move|p1b: Salazzle|Flamethrower|p2b: Slowking\n|-damage|p2b: Slowking|76/100\n|move|p1a: Meganium|Weather Ball|p2b: Slowking\n|-damage|p2b: Slowking|38/100\n|-prepare|p2b: Slowking|Chilly Reception|[premajor]\n|move|p2b: Slowking|Chilly Reception|p2b: Slowking\n|-weather|Snowscape\n|\n|t:|1776275798\n|switch|p2b: Glaceon|Glaceon, L50, M|100/100|[from] Chilly Reception\n|move|p2a: Farigiraf|Trick Room|p2a: Farigiraf\n|-fieldstart|move: Trick Room|[of] p2a: Farigiraf\n|\n|-weather|Snowscape|[upkeep]\n|upkeep\n|turn|2\n|\n|t:|1776275812\n|switch|p1a: Milotic|Milotic, L50, M|100/100\n|move|p1b: Salazzle|Protect|p1b: Salazzle\n|-singleturn|p1b: Salazzle|Protect\n|move|p2a: Farigiraf|Psychic|p1b: Salazzle\n|-activate|p1b: Salazzle|move: Protect\n|move|p2b: Glaceon|Blizzard|p1a: Milotic|[spread] p1a\n|-activate|p1b: Salazzle|move: Protect\n|-resisted|p1a: Milotic|1\n|-damage|p1a: Milotic|80/100\n|\n|-weather|Snowscape|[upkeep]\n|upkeep\n|turn|3\n|\n|t:|1776275835\n|switch|p1b: Rotom|Rotom-Heat, L50|100/100\n|move|p2a: Farigiraf|Psychic|p1b: Rotom\n|-damage|p1b: Rotom|61/100\n|move|p2b: Glaceon|Blizzard|p1b: Rotom|[spread] p1a,p1b\n|-resisted|p1a: Milotic|1\n|-resisted|p1b: Rotom|1\n|-damage|p1a: Milotic|62/100\n|-damage|p1b: Rotom|35/100\n|move|p1a: Milotic|Flip Turn|p2a: Farigiraf\n|-damage|p2a: Farigiraf|90/100\n|\n|t:|1776275853\n|switch|p1a: Salazzle|Salazzle, L50, F|100/100|[from] Flip Turn\n|\n|-weather|Snowscape|[upkeep]\n|-heal|p2a: Farigiraf|96/100|[from] item: Leftovers\n|-heal|p1b: Rotom|40/100|[from] item: Leftovers\n|upkeep\n|turn|4\n|\n|t:|1776275869\n|switch|p1b: Milotic|Milotic, L50, M|62/100\n|move|p1a: Salazzle|Protect|p1a: Salazzle\n|-singleturn|p1a: Salazzle|Protect\n|move|p2a: Farigiraf|Imprison|p2a: Farigiraf\n|-start|p2a: Farigiraf|move: Imprison\n|move|p2b: Glaceon|Blizzard|p1b: Milotic|[spread] p1b\n|-activate|p1a: Salazzle|move: Protect\n|-resisted|p1b: Milotic|1\n|-damage|p1b: Milotic|45/100\n|\n|-weather|Snowscape|[upkeep]\n|-heal|p2a: Farigiraf|100/100|[from] item: Leftovers\n|upkeep\n|turn|5\n|\n|t:|1776275894\n|move|p2a: Farigiraf|Psychic|p1a: Salazzle\n|-supereffective|p1a: Salazzle|1\n|-damage|p1a: Salazzle|0 fnt\n|faint|p1a: Salazzle\n|move|p2b: Glaceon|Blizzard|p1b: Milotic\n|-resisted|p1b: Milotic|1\n|-damage|p1b: Milotic|20/100\n|move|p1b: Milotic|Flip Turn|p2b: Glaceon|[miss]\n|-miss|p1b: Milotic|p2b: Glaceon\n|\n|-weather|none\n|-fieldend|move: Trick Room\n|upkeep\n|\n|t:|1776275908\n|switch|p1a: Meganium|Meganium-Mega, L50, F|100/100\n|turn|6\n|\n|t:|1776275919\n|move|p2b: Glaceon|Protect|p2b: Glaceon\n|-singleturn|p2b: Glaceon|Protect\n|move|p1b: Milotic|Flip Turn|p2a: Farigiraf\n|-damage|p2a: Farigiraf|91/100\n|\n|t:|1776275925\n|switch|p1b: Rotom|Rotom-Heat, L50|40/100|[from] Flip Turn\n|move|p1a: Meganium|Solar Beam||[still]\n|-prepare|p1a: Meganium|Solar Beam\n|-activate|p1a: Meganium|ability: Mega Sol\n|-anim|p1a: Meganium|Solar Beam|p2a: Farigiraf\n|-damage|p2a: Farigiraf|18/100\n|move|p2a: Farigiraf|Trick Room|p2a: Farigiraf\n|-fieldstart|move: Trick Room|[of] p2a: Farigiraf\n|\n|-heal|p2a: Farigiraf|24/100|[from] item: Leftovers\n|-heal|p1b: Rotom|46/100|[from] item: Leftovers\n|upkeep\n|turn|7\n|-message|gjdhe forfeited.\n|\n|win|tonybravais\n|raw|gjdhe's rating: 1125 &rarr; <strong>1096</strong><br />(-29 for losing)\n|raw|tonybravais's rating: 1075 &rarr; <strong>1108</strong><br />(+33 for winning)\n|l|\u2606gjdhe\n|player|p1|\n",
  "uploadtime": 1776275940,
  "views": 18,
  "formatid": "gen9championsvgc2026regma",
  "rating": 1096,
  "private": 0,
  "password": null
}