{
  "id": "gen9championsvgc2026regma-2585564918",
  "format": "[Gen 9 Champions] VGC 2026 Reg M-A",
  "players": [
    "anskj",
    "MegaPoblano"
  ],
  "log": "|j|\u2606anskj\n|j|\u203dMegaPoblano\n|t:|1776355858\n|gametype|doubles\n|player|p1|anskj|1|1089\n|player|p2|MegaPoblano|red|1150\n|gen|9\n|tier|[Gen 9 Champions] VGC 2026 Reg M-A\n|rated|\n|rule|Species Clause: Limit one of each Pok\u00e9mon\n|rule|Item Clause: Limit 1 of each item\n|clearpoke\n|poke|p1|Slowbro, L50, M|\n|poke|p1|Alcremie, L50, F|\n|poke|p1|Oranguru, L50, M|\n|poke|p1|Sinistcha-Masterpiece, L50|\n|poke|p1|Crabominable, L50, M|\n|poke|p1|Aerodactyl, L50, F|\n|poke|p2|Scovillain, L50, M|\n|poke|p2|Aerodactyl, L50, F|\n|poke|p2|Garchomp, L50, M|\n|poke|p2|Sneasler, L50, M|\n|poke|p2|Sinistcha, L50|\n|poke|p2|Primarina, L50, F|\n|teampreview|4\n|\n|t:|1776355891\n|teamsize|p1|4\n|teamsize|p2|4\n|start\n|switch|p1a: RAID BOSS|Slowbro, L50, M, shiny|100/100\n|switch|p1b: Oranguru|Oranguru, L50, M|100/100\n|switch|p2a: Scovillain|Scovillain, L50, M|100/100\n|switch|p2b: Primarina|Primarina, L50, F|100/100\n|turn|1\n|\n|t:|1776355899\n|detailschange|p2a: Scovillain|Scovillain-Mega, L50, M\n|-mega|p2a: Scovillain|Scovillain|Scovillainite\n|detailschange|p1a: RAID BOSS|Slowbro-Mega, L50, M, shiny\n|-mega|p1a: RAID BOSS|Slowbro|Slowbronite\n|move|p2b: Primarina|Calm Mind|p2b: Primarina\n|-boost|p2b: Primarina|spa|1\n|-boost|p2b: Primarina|spd|1\n|move|p2a: Scovillain|Leech Seed|p1a: RAID BOSS\n|-start|p1a: RAID BOSS|move: Leech Seed\n|move|p1b: Oranguru|Instruct||[still]\n|-fail|p1b: Oranguru\n|move|p1a: RAID BOSS|Amnesia|p1a: RAID BOSS\n|-boost|p1a: RAID BOSS|spd|2\n|\n|-damage|p1a: RAID BOSS|88/100|[from] Leech Seed|[of] p2a: Scovillain\n|upkeep\n|turn|2\n|\n|t:|1776355918\n|move|p2b: Primarina|Calm Mind|p2b: Primarina\n|-boost|p2b: Primarina|spa|1\n|-boost|p2b: Primarina|spd|1\n|move|p2a: Scovillain|Leech Seed|p1b: Oranguru\n|-start|p1b: Oranguru|move: Leech Seed\n|move|p1b: Oranguru|Instruct|p1a: RAID BOSS\n|-singleturn|p1a: RAID BOSS|move: Instruct|[of] p1b: Oranguru\n|move|p1a: RAID BOSS|Amnesia|p1a: RAID BOSS\n|-boost|p1a: RAID BOSS|spd|2\n|move|p1a: RAID BOSS|Iron Defense|p1a: RAID BOSS\n|-boost|p1a: RAID BOSS|def|2\n|\n|-damage|p1b: Oranguru|88/100|[from] Leech Seed|[of] p2a: Scovillain\n|-damage|p1a: RAID BOSS|76/100|[from] Leech Seed|[of] p2a: Scovillain\n|upkeep\n|turn|3\n|\n|t:|1776355937\n|move|p2a: Scovillain|Flamethrower|p1b: Oranguru\n|-damage|p1b: Oranguru|54/100\n|move|p2b: Primarina|Hyper Voice|p1b: Oranguru|[spread] p1a,p1b\n|-resisted|p1a: RAID BOSS|1\n|-damage|p1a: RAID BOSS|66/100\n|-damage|p1b: Oranguru|0 fnt\n|faint|p1b: Oranguru\n|move|p1a: RAID BOSS|Amnesia|p1a: RAID BOSS\n|-boost|p1a: RAID BOSS|spd|2\n|\n|-damage|p1a: RAID BOSS|54/100|[from] Leech Seed|[of] p2a: Scovillain\n|upkeep\n|\n|t:|1776355945\n|switch|p1b: Sinistcha|Sinistcha-Masterpiece, L50|100/100\n|-heal|p1a: RAID BOSS|79/100|[from] ability: Hospitality|[of] p1b: Sinistcha\n|turn|4\n|\n|t:|1776355956\n|move|p2a: Scovillain|Flamethrower|p1b: Sinistcha\n|-supereffective|p1b: Sinistcha|1\n|-damage|p1b: Sinistcha|20/100\n|-enditem|p1b: Sinistcha|Sitrus Berry|[eat]\n|-heal|p1b: Sinistcha|44/100|[from] item: Sitrus Berry\n|move|p2b: Primarina|Moonblast|p1b: Sinistcha\n|-damage|p1b: Sinistcha|0 fnt\n|faint|p1b: Sinistcha\n|move|p1a: RAID BOSS|Stored Power|p2b: Primarina\n|-damage|p2b: Primarina|68/100\n|\n|-heal|p2b: Primarina|74/100|[from] item: Leftovers\n|-damage|p1a: RAID BOSS|66/100|[from] Leech Seed|[of] p2a: Scovillain\n|upkeep\n|\n|t:|1776355964\n|switch|p1b: Alcremie|Alcremie, L50, F|100/100\n|turn|5\n|\n|t:|1776355972\n|move|p2a: Scovillain|Rage Powder|p2a: Scovillain\n|-singleturn|p2a: Scovillain|move: Rage Powder\n|move|p2b: Primarina|Hyper Voice|p1b: Alcremie|[spread] p1a,p1b\n|-resisted|p1a: RAID BOSS|1\n|-damage|p1a: RAID BOSS|59/100\n|-damage|p1b: Alcremie|32/100\n|move|p1b: Alcremie|Decorate|p2a: Scovillain\n|-boost|p2a: Scovillain|atk|2\n|-boost|p2a: Scovillain|spa|2\n|move|p1a: RAID BOSS|Stored Power|p2a: Scovillain\n|-damage|p2a: Scovillain|8/100\n|-status|p1a: RAID BOSS|brn|[from] ability: Spicy Spray|[of] p2a: Scovillain\n|\n|-heal|p2b: Primarina|80/100|[from] item: Leftovers\n|-heal|p1b: Alcremie|38/100|[from] item: Leftovers\n|-damage|p1a: RAID BOSS|47/100 brn|[from] Leech Seed|[of] p2a: Scovillain\n|-heal|p2a: Scovillain|23/100|[silent]\n|-damage|p1a: RAID BOSS|41/100 brn|[from] brn\n|upkeep\n|turn|6\n|-message|anskj forfeited.\n|\n|win|MegaPoblano\n|raw|anskj's rating: 1089 &rarr; <strong>1070</strong><br />(-19 for losing)\n|raw|MegaPoblano's rating: 1150 &rarr; <strong>1171</strong><br />(+21 for winning)\n|l|\u2606anskj\n|player|p1|\n",
  "uploadtime": 1776355984,
  "views": 23,
  "formatid": "gen9championsvgc2026regma",
  "rating": 1070,
  "private": 0,
  "password": null
}