{
  "id": "gen9championsvgc2026regma-2584924591",
  "format": "[Gen 9 Champions] VGC 2026 Reg M-A",
  "players": [
    "mmmjam",
    "Saco04"
  ],
  "log": "|j|\u2606mmmjam\n|j|\u2606Saco04\n|t:|1776295016\n|gametype|doubles\n|player|p1|mmmjam|102|1154\n|player|p2|Saco04|wallace|1140\n|gen|9\n|tier|[Gen 9 Champions] VGC 2026 Reg M-A\n|rated|\n|rule|Species Clause: Limit one of each Pok\u00e9mon\n|rule|Item Clause: Limit 1 of each item\n|clearpoke\n|poke|p1|Meganium, L50, F|\n|poke|p1|Politoed, L50, M|\n|poke|p1|Basculegion, L50, M|\n|poke|p1|Scizor, L50, M|\n|poke|p1|Talonflame, L50, F|\n|poke|p1|Sneasler, L50, F|\n|poke|p2|Pelipper, L50, M|\n|poke|p2|Milotic, L50, F|\n|poke|p2|Basculegion, L50, M|\n|poke|p2|Sinistcha, L50|\n|poke|p2|Manectric, L50, F|\n|poke|p2|Starmie, L50|\n|teampreview|4\n|inactive|Battle timer is ON: inactive players will automatically lose when time's up. (requested by Saco04)\n|\n|t:|1776295051\n|teamsize|p1|4\n|teamsize|p2|4\n|start\n|switch|p1a: Meganium|Meganium, L50, F|100/100\n|switch|p1b: Talonflame|Talonflame, L50, F, shiny|100/100\n|switch|p2a: Peecko|Pelipper, L50, M|100/100\n|switch|p2b: Starmie|Starmie, L50|100/100\n|-weather|RainDance|[from] ability: Drizzle|[of] p2a: Peecko\n|turn|1\n|\n|t:|1776295072\n|switch|p2b: Sinistcha|Sinistcha, L50|100/100\n|detailschange|p1a: Meganium|Meganium-Mega, L50, F\n|-mega|p1a: Meganium|Meganium|Meganiumite\n|move|p1b: Talonflame|Tailwind|p1b: Talonflame\n|-sidestart|p1: mmmjam|move: Tailwind\n|move|p1a: Meganium|Solar Beam||[still]\n|-prepare|p1a: Meganium|Solar Beam\n|-activate|p1a: Meganium|ability: Mega Sol\n|-anim|p1a: Meganium|Solar Beam|p2b: Sinistcha\n|-resisted|p2b: Sinistcha|1\n|-damage|p2b: Sinistcha|55/100\n|move|p2a: Peecko|Hurricane|p1a: Meganium\n|-supereffective|p1a: Meganium|1\n|-damage|p1a: Meganium|12/100\n|\n|-weather|RainDance|[upkeep]\n|upkeep\n|turn|2\n|\n|t:|1776295095\n|switch|p1a: Scizor|Scizor, L50, M|100/100\n|move|p2a: Peecko|Helping Hand|p2b: Sinistcha\n|-singleturn|p2b: Sinistcha|Helping Hand|[of] p2a: Peecko\n|move|p1b: Talonflame|Brave Bird|p2b: Sinistcha\n|-supereffective|p2b: Sinistcha|1\n|-damage|p2b: Sinistcha|0 fnt\n|faint|p2b: Sinistcha\n|-damage|p1b: Talonflame|83/100|[from] Recoil\n|\n|-weather|RainDance|[upkeep]\n|upkeep\n|\n|t:|1776295107\n|switch|p2b: Starmie|Starmie, L50|100/100\n|turn|3\n|\n|t:|1776295118\n|detailschange|p2b: Starmie|Starmie-Mega, L50\n|-mega|p2b: Starmie|Starmie|Starminite\n|move|p2a: Peecko|Helping Hand|p2b: Starmie\n|-singleturn|p2b: Starmie|Helping Hand|[of] p2a: Peecko\n|move|p1b: Talonflame|Brave Bird|p2a: Peecko\n|-damage|p2a: Peecko|55/100\n|-damage|p1b: Talonflame|67/100|[from] Recoil\n|move|p2b: Starmie|Liquidation|p1a: Scizor\n|-damage|p1a: Scizor|0 fnt\n|faint|p1a: Scizor\n|\n|-weather|RainDance|[upkeep]\n|upkeep\n|\n|t:|1776295130\n|switch|p1a: Meganium|Meganium-Mega, L50, F|12/100\n|turn|4\n|\n|t:|1776295149\n|move|p2b: Starmie|Aqua Jet|p1a: Meganium\n|-resisted|p1a: Meganium|1\n|-damage|p1a: Meganium|0 fnt\n|faint|p1a: Meganium\n|move|p1b: Talonflame|Brave Bird|p2b: Starmie\n|-damage|p2b: Starmie|47/100\n|-damage|p1b: Talonflame|51/100|[from] Recoil\n|move|p2a: Peecko|Weather Ball|p1b: Talonflame\n|-supereffective|p1b: Talonflame|1\n|-damage|p1b: Talonflame|0 fnt\n|faint|p1b: Talonflame\n|\n|-weather|RainDance|[upkeep]\n|-sideend|p1: mmmjam|move: Tailwind\n|upkeep\n|\n|t:|1776295159\n|switch|p1b: Sneasler|Sneasler, L50, F|100/100\n|turn|5\n|\n|t:|1776295165\n|move|p1b: Sneasler|Fake Out|p2b: Starmie\n|-damage|p2b: Starmie|28/100\n|cant|p2b: Starmie|flinch\n|move|p2a: Peecko|Weather Ball|p1b: Sneasler\n|-damage|p1b: Sneasler|18/100\n|\n|-weather|none\n|upkeep\n|turn|6\n|\n|t:|1776295178\n|move|p2a: Peecko|Helping Hand|p2b: Starmie\n|-singleturn|p2b: Starmie|Helping Hand|[of] p2a: Peecko\n|move|p2b: Starmie|Aqua Jet|p1b: Sneasler\n|-damage|p1b: Sneasler|0 fnt\n|faint|p1b: Sneasler\n|\n|win|Saco04\n|raw|mmmjam's rating: 1154 &rarr; <strong>1128</strong><br />(-26 for losing)\n|raw|Saco04's rating: 1140 &rarr; <strong>1166</strong><br />(+26 for winning)\n|l|\u2606Saco04\n|player|p2|\n",
  "uploadtime": 1776295186,
  "views": 23,
  "formatid": "gen9championsvgc2026regma",
  "rating": 1128,
  "private": 0,
  "password": null
}