{
  "id": "gen9championsvgc2026regma-2584975849",
  "format": "[Gen 9 Champions] VGC 2026 Reg M-A",
  "players": [
    "trevoryu",
    "artturzini"
  ],
  "log": "|j|\u2606trevoryu\n|j|\u2606artturzini\n|t:|1776299814\n|gametype|doubles\n|player|p1|trevoryu|1|1104\n|player|p2|artturzini|n|1081\n|gen|9\n|tier|[Gen 9 Champions] VGC 2026 Reg M-A\n|rated|\n|rule|Species Clause: Limit one of each Pok\u00e9mon\n|rule|Item Clause: Limit 1 of each item\n|clearpoke\n|poke|p1|Meganium, L50, F|\n|poke|p1|Pelipper, L50, M|\n|poke|p1|Dragonite, L50, F|\n|poke|p1|Archaludon, L50, M|\n|poke|p1|Politoed, L50, F|\n|poke|p1|Azumarill, L50, M|\n|poke|p2|Froslass, L50, F|\n|poke|p2|Glaceon, L50, F|\n|poke|p2|Rotom-Frost, L50|\n|poke|p2|Aerodactyl, L50, M|\n|poke|p2|Milotic, L50, F|\n|poke|p2|Garchomp, L50, M|\n|teampreview|4\n|inactive|Battle timer is ON: inactive players will automatically lose when time's up. (requested by trevoryu)\n|\n|t:|1776299850\n|teamsize|p1|4\n|teamsize|p2|4\n|start\n|switch|p1a: Archaludon|Archaludon, L50, M, shiny|100/100\n|switch|p1b: Politoed|Politoed, L50, F, shiny|100/100\n|switch|p2a: Froslass|Froslass, L50, F|100/100\n|switch|p2b: Rotom|Rotom-Frost, L50|100/100\n|-weather|RainDance|[from] ability: Drizzle|[of] p1b: Politoed\n|turn|1\n|inactive|artturzini has 30 seconds left.\n|\n|t:|1776299876\n|switch|p2a: Milotic|Milotic, L50, F|100/100\n|move|p1b: Politoed|Helping Hand|p1a: Archaludon\n|-singleturn|p1a: Archaludon|Helping Hand|[of] p1b: Politoed\n|move|p2b: Rotom|Volt Switch|p1b: Politoed\n|-supereffective|p1b: Politoed|1\n|-enditem|p1b: Politoed|Wacan Berry|[eat]\n|-enditem|p1b: Politoed|Wacan Berry|[weaken]\n|-damage|p1b: Politoed|79/100\n|\n|t:|1776299889\n|switch|p2b: Aerodactyl|Aerodactyl, L50, M|100/100|[from] Volt Switch\n|-ability|p2b: Aerodactyl|Pressure\n|move|p1a: Archaludon|Electro Shot||[still]\n|-prepare|p1a: Archaludon|Electro Shot\n|-boost|p1a: Archaludon|spa|1\n|-anim|p1a: Archaludon|Electro Shot|p2a: Milotic\n|-supereffective|p2a: Milotic|1\n|-damage|p2a: Milotic|0 fnt\n|faint|p2a: Milotic\n|\n|-weather|RainDance|[upkeep]\n|upkeep\n|\n|t:|1776299904\n|switch|p2a: Froslass|Froslass, L50, F|100/100\n|turn|2\n|\n|t:|1776299916\n|detailschange|p2a: Froslass|Froslass-Mega, L50, F\n|-mega|p2a: Froslass|Froslass|Froslassite\n|-weather|Snowscape|[from] ability: Snow Warning|[of] p2a: Froslass\n|move|p1b: Politoed|Helping Hand|p1a: Archaludon\n|-singleturn|p1a: Archaludon|Helping Hand|[of] p1b: Politoed\n|move|p2b: Aerodactyl|Tailwind|p2b: Aerodactyl\n|-sidestart|p2: artturzini|move: Tailwind\n|move|p2a: Froslass|Shadow Ball|p1a: Archaludon\n|-damage|p1a: Archaludon|43/100\n|move|p1a: Archaludon|Electro Shot||[still]\n|-prepare|p1a: Archaludon|Electro Shot\n|-boost|p1a: Archaludon|spa|1\n|\n|-weather|Snowscape|[upkeep]\n|-heal|p1a: Archaludon|49/100|[from] item: Leftovers\n|upkeep\n|turn|3\n|inactive|artturzini has 30 seconds left.\n|\n|t:|1776299942\n|switch|p2b: Rotom|Rotom-Frost, L50|100/100\n|switch|p1b: Pelipper|Pelipper, L50, M, shiny|100/100\n|-weather|RainDance|[from] ability: Drizzle|[of] p1b: Pelipper\n|move|p2a: Froslass|Shadow Ball|p1a: Archaludon\n|-damage|p1a: Archaludon|0 fnt\n|faint|p1a: Archaludon\n|\n|-weather|RainDance|[upkeep]\n|upkeep\n|\n|t:|1776299953\n|switch|p1a: Dragonite|Dragonite, L50, F, shiny|100/100\n|turn|4\n|\n|t:|1776299965\n|detailschange|p1a: Dragonite|Dragonite-Mega, L50, F, shiny\n|-mega|p1a: Dragonite|Dragonite|Dragoninite\n|move|p2b: Rotom|Blizzard|p1b: Pelipper|[spread] p1a,p1b\n|-supereffective|p1a: Dragonite|2\n|-damage|p1a: Dragonite|39/100\n|-damage|p1b: Pelipper|58/100\n|-status|p1a: Dragonite|frz\n|move|p2a: Froslass|Blizzard|p1a: Dragonite|[spread] p1a\n|-miss|p2a: Froslass|p1b: Pelipper\n|-supereffective|p1a: Dragonite|2\n|-damage|p1a: Dragonite|0 fnt\n|faint|p1a: Dragonite\n|move|p1b: Pelipper|Tailwind|p1b: Pelipper\n|-sidestart|p1: trevoryu|move: Tailwind\n|\n|-weather|RainDance|[upkeep]\n|upkeep\n|\n|t:|1776299974\n|switch|p1a: Politoed|Politoed, L50, F, shiny|79/100\n|turn|5\n|-message|trevoryu forfeited.\n|\n|win|artturzini\n|raw|trevoryu's rating: 1104 &rarr; <strong>1077</strong><br />(-27 for losing)\n|raw|artturzini's rating: 1081 &rarr; <strong>1111</strong><br />(+30 for winning)\n|l|\u2606trevoryu\n|player|p1|\n",
  "uploadtime": 1776299995,
  "views": 19,
  "formatid": "gen9championsvgc2026regma",
  "rating": 1077,
  "private": 0,
  "password": null
}