{
  "id": "gen9championsvgc2026regma-2586608919",
  "format": "[Gen 9 Champions] VGC 2026 Reg M-A",
  "players": [
    "Mence",
    "LancelotFaberge"
  ],
  "log": "|j|\u2606Mence\n|j|\u2606LancelotFaberge\n|t:|1776446513\n|gametype|doubles\n|player|p1|Mence|169|\n|player|p2|LancelotFaberge|101|\n|gen|9\n|tier|[Gen 9 Champions] VGC 2026 Reg M-A\n|rule|Species Clause: Limit one of each Pok\u00e9mon\n|rule|Item Clause: Limit 1 of each item\n|clearpoke\n|poke|p1|Tyranitar, L50, F|\n|poke|p1|Meganium, L50, F|\n|poke|p1|Incineroar, L50, M|\n|poke|p1|Aerodactyl, L50, M|\n|poke|p1|Milotic, L50, F|\n|poke|p1|Aegislash, L50, M|\n|poke|p2|Tyranitar, L50, M|\n|poke|p2|Sneasler, L50, F|\n|poke|p2|Gyarados, L50, M|\n|poke|p2|Garchomp, L50, M|\n|poke|p2|Maushold-Four, L50|\n|poke|p2|Rotom-Heat, L50|\n|teampreview|4\n|\n|t:|1776446534\n|teamsize|p1|4\n|teamsize|p2|4\n|start\n|switch|p1a: Aerodactyl|Aerodactyl, L50, M|100/100\n|switch|p1b: Tyranitar|Tyranitar, L50, F|100/100\n|switch|p2a: Garchomp|Garchomp, L50, M|100/100\n|switch|p2b: Rotom|Rotom-Heat, L50|100/100\n|-ability|p1a: Aerodactyl|Unnerve\n|-weather|Sandstorm|[from] ability: Sand Stream|[of] p1b: Tyranitar\n|turn|1\n|\n|t:|1776446558\n|detailschange|p2a: Garchomp|Garchomp-Mega, L50, M\n|-mega|p2a: Garchomp|Garchomp|Garchompite\n|move|p1a: Aerodactyl|Tailwind|p1a: Aerodactyl\n|-sidestart|p1: Mence|move: Tailwind\n|move|p1b: Tyranitar|Rock Slide|p2b: Rotom|[spread] p2a,p2b\n|-resisted|p2a: Garchomp|1\n|-supereffective|p2b: Rotom|1\n|-damage|p2a: Garchomp|89/100\n|-damage|p2b: Rotom|19/100\n|cant|p2b: Rotom|flinch\n|move|p2a: Garchomp|Earthquake|p1b: Tyranitar|[spread] p1b\n|-immune|p2b: Rotom|[from] ability: Levitate\n|-immune|p1a: Aerodactyl\n|-supereffective|p1b: Tyranitar|1\n|-damage|p1b: Tyranitar|0 fnt\n|faint|p1b: Tyranitar\n|\n|-weather|Sandstorm|[upkeep]\n|-damage|p2b: Rotom|13/100|[from] Sandstorm\n|upkeep\n|\n|t:|1776446575\n|switch|p1b: Incineroar|Incineroar, L50, M|100/100\n|-ability|p1b: Incineroar|Intimidate|boost\n|-unboost|p2a: Garchomp|atk|1\n|-unboost|p2b: Rotom|atk|1\n|turn|2\n|\n|t:|1776446590\n|move|p2a: Garchomp|Protect|p2a: Garchomp\n|-singleturn|p2a: Garchomp|Protect\n|move|p1b: Incineroar|Fake Out|p2a: Garchomp\n|-activate|p2a: Garchomp|move: Protect\n|move|p1a: Aerodactyl|Rock Slide|p2a: Garchomp|[spread] p2b\n|-activate|p2a: Garchomp|move: Protect\n|-supereffective|p2b: Rotom|1\n|-damage|p2b: Rotom|0 fnt\n|faint|p2b: Rotom\n|\n|-weather|Sandstorm|[upkeep]\n|-damage|p1b: Incineroar|95/100|[from] Sandstorm\n|upkeep\n|\n|t:|1776446609\n|switch|p2b: Tyranitar|Tyranitar, L50, M|100/100\n|turn|3\n|\n|t:|1776446651\n|move|p1a: Aerodactyl|Dual Wingbeat|p2a: Garchomp\n|-damage|p2a: Garchomp|73/100\n|-damage|p2a: Garchomp|58/100\n|-hitcount|p2a: Garchomp|2\n|move|p1b: Incineroar|Parting Shot|p2a: Garchomp\n|-unboost|p2a: Garchomp|atk|1\n|-unboost|p2a: Garchomp|spa|1\n|\n|t:|1776446657\n|switch|p1b: Meganium|Meganium, L50, F|100/100|[from] Parting Shot\n|move|p2a: Garchomp|Earthquake|p1b: Meganium|[spread] p2b,p1b\n|-immune|p1a: Aerodactyl\n|-supereffective|p2b: Tyranitar|1\n|-crit|p2b: Tyranitar\n|-resisted|p1b: Meganium|1\n|-enditem|p2b: Tyranitar|Focus Sash\n|-damage|p2b: Tyranitar|1/100\n|-damage|p1b: Meganium|86/100\n|move|p2b: Tyranitar|Knock Off|p1a: Aerodactyl\n|-damage|p1a: Aerodactyl|18/100\n|-enditem|p1a: Aerodactyl|Focus Sash|[from] move: Knock Off|[of] p2b: Tyranitar\n|\n|-weather|Sandstorm|[upkeep]\n|-damage|p1b: Meganium|80/100|[from] Sandstorm\n|upkeep\n|turn|4\n|\n|t:|1776446692\n|detailschange|p1b: Meganium|Meganium-Mega, L50, F\n|-mega|p1b: Meganium|Meganium|Meganiumite\n|move|p2a: Garchomp|Protect|p2a: Garchomp\n|-singleturn|p2a: Garchomp|Protect\n|move|p2b: Tyranitar|Protect|p2b: Tyranitar\n|-singleturn|p2b: Tyranitar|Protect\n|move|p1a: Aerodactyl|Rock Slide|p2a: Garchomp|[spread] \n|-activate|p2a: Garchomp|move: Protect\n|-activate|p2b: Tyranitar|move: Protect\n|move|p1b: Meganium|Dazzling Gleam|p2a: Garchomp|[spread] \n|-activate|p2a: Garchomp|move: Protect\n|-activate|p2b: Tyranitar|move: Protect\n|\n|-weather|Sandstorm|[upkeep]\n|-damage|p1b: Meganium|74/100|[from] Sandstorm\n|-sideend|p1: Mence|move: Tailwind\n|upkeep\n|turn|5\n|\n|t:|1776446717\n|move|p1a: Aerodactyl|Tailwind|p1a: Aerodactyl\n|-sidestart|p1: Mence|move: Tailwind\n|move|p1b: Meganium|Dazzling Gleam|p2a: Garchomp|[spread] p2a,p2b\n|-supereffective|p2a: Garchomp|1\n|-supereffective|p2b: Tyranitar|1\n|-damage|p2a: Garchomp|0 fnt\n|-damage|p2b: Tyranitar|0 fnt\n|faint|p2a: Garchomp\n|faint|p2b: Tyranitar\n|\n|-weather|none\n|upkeep\n|\n|t:|1776446726\n|switch|p2b: Sneasler|Sneasler, L50, F|100/100\n|turn|6\n|\n|t:|1776446743\n|move|p1a: Aerodactyl|Dual Wingbeat|p2b: Sneasler\n|-supereffective|p2b: Sneasler|1\n|-damage|p2b: Sneasler|39/100\n|-supereffective|p2b: Sneasler|1\n|-damage|p2b: Sneasler|0 fnt\n|faint|p2b: Sneasler\n|-hitcount|p2: Sneasler|2\n|\n|win|Mence\n",
  "uploadtime": 1776446750,
  "views": 15,
  "formatid": "gen9championsvgc2026regma",
  "rating": null,
  "private": 0,
  "password": null
}