{
  "id": "gen9championsvgc2026regma-2581360223",
  "format": "[Gen 9 Champions] VGC 2026 Reg M-A",
  "players": [
    "wawrwa",
    "kk114"
  ],
  "log": "|j|\u203dwawrwa\n|j|\u2606kk114\n|t:|1775991543\n|gametype|doubles\n|player|p1|wawrwa|2|1093\n|player|p2|kk114|unknownf|1000\n|gen|9\n|tier|[Gen 9 Champions] VGC 2026 Reg M-A\n|rated|\n|rule|Species Clause: Limit one of each Pok\u00e9mon\n|rule|Item Clause: Limit 1 of each item\n|clearpoke\n|poke|p1|Floette-Eternal, L50, F|\n|poke|p1|Maushold-Four, L50|\n|poke|p1|Garchomp, L50, M|\n|poke|p1|Talonflame, L50, F|\n|poke|p1|Rotom-Wash, L50|\n|poke|p1|Aegislash, L50, F|\n|poke|p2|Charizard, L50, F|\n|poke|p2|Incineroar, L50, F|\n|poke|p2|Whimsicott, L50, M|\n|poke|p2|Garchomp, L50, F|\n|poke|p2|Rotom-Wash, L50|\n|poke|p2|Sneasler, L50, F|\n|teampreview|4\n|inactive|Battle timer is ON: inactive players will automatically lose when time's up. (requested by kk114)\n|inactive|wawrwa has 60 seconds left.\n|inactive|kk114 has 60 seconds left.\n|\n|t:|1775991595\n|teamsize|p1|4\n|teamsize|p2|4\n|start\n|switch|p1a: Floette|Floette-Eternal, L50, F, shiny|100/100\n|switch|p1b: Talonflame|Talonflame, L50, F|100/100\n|switch|p2a: \u5a01\u5413\u5f00\u5f00|Incineroar, L50, F, shiny|100/100\n|switch|p2b: \u6c34\u8863\u673a\u5f00\u5f00|Rotom-Wash, L50, shiny|100/100\n|-ability|p2a: \u5a01\u5413\u5f00\u5f00|Intimidate|boost\n|-unboost|p1a: Floette|atk|1\n|-unboost|p1b: Talonflame|atk|1\n|turn|1\n|\n|t:|1775991617\n|move|p1b: Talonflame|Protect|p1b: Talonflame\n|-singleturn|p1b: Talonflame|Protect\n|move|p1a: Floette|Protect|p1a: Floette\n|-singleturn|p1a: Floette|Protect\n|move|p2a: \u5a01\u5413\u5f00\u5f00|Fake Out|p1b: Talonflame\n|-activate|p1b: Talonflame|move: Protect\n|move|p2b: \u6c34\u8863\u673a\u5f00\u5f00|Hydro Pump|p1a: Floette\n|-activate|p1a: Floette|move: Protect\n|\n|upkeep\n|turn|2\n|inactive|wawrwa has 30 seconds left.\n|inactive|wawrwa has 20 seconds left.\n|inactive|wawrwa has 15 seconds left.\n|\n|t:|1775991660\n|detailschange|p1a: Floette|Floette-Mega, L50, F, shiny\n|-mega|p1a: Floette|Floette|Floettite\n|-ability|p1a: Floette|Fairy Aura\n|move|p1b: Talonflame|Acrobatics|p2b: \u6c34\u8863\u673a\u5f00\u5f00\n|-resisted|p2b: \u6c34\u8863\u673a\u5f00\u5f00|1\n|-damage|p2b: \u6c34\u8863\u673a\u5f00\u5f00|85/100\n|move|p1a: Floette|Dazzling Gleam|p2b: \u6c34\u8863\u673a\u5f00\u5f00|[spread] p2a,p2b\n|-damage|p2a: \u5a01\u5413\u5f00\u5f00|63/100\n|-damage|p2b: \u6c34\u8863\u673a\u5f00\u5f00|37/100\n|move|p2b: \u6c34\u8863\u673a\u5f00\u5f00|Volt Switch|p1b: Talonflame\n|-supereffective|p1b: Talonflame|1\n|-damage|p1b: Talonflame|11/100\n|\n|t:|1775991683\n|switch|p2b: \u6674\u5929\u5f00\u5f00|Charizard, L50, F, shiny|100/100|[from] Volt Switch\n|move|p2a: \u5a01\u5413\u5f00\u5f00|Parting Shot|p1a: Floette\n|-unboost|p1a: Floette|atk|1\n|-unboost|p1a: Floette|spa|1\n|\n|t:|1775991694\n|switch|p2a: \u8f7b\u88c5\u5f00\u5f00|Sneasler, L50, F, shiny|100/100|[from] Parting Shot\n|\n|upkeep\n|turn|3\n|\n|t:|1775991714\n|switch|p1a: Garchomp|Garchomp, L50, M|100/100\n|detailschange|p2b: \u6674\u5929\u5f00\u5f00|Charizard-Mega-Y, L50, F, shiny\n|-mega|p2b: \u6674\u5929\u5f00\u5f00|Charizard|Charizardite Y\n|-weather|SunnyDay|[from] ability: Drought|[of] p2b: \u6674\u5929\u5f00\u5f00\n|move|p2a: \u8f7b\u88c5\u5f00\u5f00|Fake Out|p1a: Garchomp\n|-damage|p1a: Garchomp|85/100\n|-damage|p2a: \u8f7b\u88c5\u5f00\u5f00|88/100|[from] ability: Rough Skin|[of] p1a: Garchomp\n|move|p1b: Talonflame|Tailwind|p1b: Talonflame\n|-sidestart|p1: wawrwa|move: Tailwind\n|move|p2b: \u6674\u5929\u5f00\u5f00|Heat Wave|p1a: Garchomp|[spread] p1a,p1b\n|-resisted|p1a: Garchomp|1\n|-resisted|p1b: Talonflame|1\n|-damage|p1a: Garchomp|47/100\n|-damage|p1b: Talonflame|0 fnt\n|faint|p1b: Talonflame\n|\n|-weather|SunnyDay|[upkeep]\n|upkeep\n|\n|t:|1775991730\n|switch|p1b: Rotom|Rotom-Wash, L50|100/100\n|turn|4\n|inactive|wawrwa has 30 seconds left.\n|\n|t:|1775991762\n|move|p2a: \u8f7b\u88c5\u5f00\u5f00|Protect|p2a: \u8f7b\u88c5\u5f00\u5f00\n|-singleturn|p2a: \u8f7b\u88c5\u5f00\u5f00|Protect\n|move|p2b: \u6674\u5929\u5f00\u5f00|Protect|p2b: \u6674\u5929\u5f00\u5f00\n|-singleturn|p2b: \u6674\u5929\u5f00\u5f00|Protect\n|move|p1a: Garchomp|Stone Edge|p2b: \u6674\u5929\u5f00\u5f00\n|-activate|p2b: \u6674\u5929\u5f00\u5f00|move: Protect\n|move|p1b: Rotom|Hydro Pump|p2a: \u8f7b\u88c5\u5f00\u5f00\n|-activate|p2a: \u8f7b\u88c5\u5f00\u5f00|move: Protect\n|\n|-weather|SunnyDay|[upkeep]\n|upkeep\n|turn|5\n|\n|t:|1775991787\n|switch|p2b: \u5a01\u5413\u5f00\u5f00|Incineroar, L50, F, shiny|63/100\n|-ability|p2b: \u5a01\u5413\u5f00\u5f00|Intimidate|boost\n|-unboost|p1a: Garchomp|atk|1\n|-unboost|p1b: Rotom|atk|1\n|move|p1a: Garchomp|Stone Edge|p2b: \u5a01\u5413\u5f00\u5f00\n|-supereffective|p2b: \u5a01\u5413\u5f00\u5f00|1\n|-damage|p2b: \u5a01\u5413\u5f00\u5f00|25/100\n|-enditem|p2b: \u5a01\u5413\u5f00\u5f00|Sitrus Berry|[eat]\n|-heal|p2b: \u5a01\u5413\u5f00\u5f00|50/100|[from] item: Sitrus Berry\n|move|p1b: Rotom|Hydro Pump|p2b: \u5a01\u5413\u5f00\u5f00\n|-supereffective|p2b: \u5a01\u5413\u5f00\u5f00|1\n|-damage|p2b: \u5a01\u5413\u5f00\u5f00|7/100\n|move|p2a: \u8f7b\u88c5\u5f00\u5f00|Close Combat|p1a: Garchomp\n|-damage|p1a: Garchomp|0 fnt\n|-unboost|p2a: \u8f7b\u88c5\u5f00\u5f00|def|1\n|-unboost|p2a: \u8f7b\u88c5\u5f00\u5f00|spd|1\n|-damage|p2a: \u8f7b\u88c5\u5f00\u5f00|76/100|[from] ability: Rough Skin|[of] p1a: Garchomp\n|faint|p1a: Garchomp\n|\n|-weather|SunnyDay|[upkeep]\n|upkeep\n|\n|t:|1775991800\n|switch|p1a: Floette|Floette-Mega, L50, F, shiny|100/100\n|-ability|p1a: Floette|Fairy Aura\n|turn|6\n|\n|t:|1775991822\n|move|p1a: Floette|Protect|p1a: Floette\n|-singleturn|p1a: Floette|Protect\n|move|p2a: \u8f7b\u88c5\u5f00\u5f00|Protect|p2a: \u8f7b\u88c5\u5f00\u5f00\n|-singleturn|p2a: \u8f7b\u88c5\u5f00\u5f00|Protect\n|move|p2b: \u5a01\u5413\u5f00\u5f00|Fake Out|p1a: Floette\n|-activate|p1a: Floette|move: Protect\n|move|p1b: Rotom|Hydro Pump|p2a: \u8f7b\u88c5\u5f00\u5f00\n|-activate|p2a: \u8f7b\u88c5\u5f00\u5f00|move: Protect\n|\n|-weather|SunnyDay|[upkeep]\n|-sideend|p1: wawrwa|move: Tailwind\n|upkeep\n|turn|7\n|\n|t:|1775991846\n|move|p1b: Rotom|Helping Hand|p1a: Floette\n|-singleturn|p1a: Floette|Helping Hand|[of] p1b: Rotom\n|move|p2a: \u8f7b\u88c5\u5f00\u5f00|Dire Claw|p1a: Floette\n|-supereffective|p1a: Floette|1\n|-damage|p1a: Floette|13/100\n|-status|p1a: Floette|par\n|move|p2b: \u5a01\u5413\u5f00\u5f00|Parting Shot|p1b: Rotom\n|-unboost|p1b: Rotom|atk|1\n|-unboost|p1b: Rotom|spa|1\n|\n|t:|1775991856\n|switch|p2b: \u6c34\u8863\u673a\u5f00\u5f00|Rotom-Wash, L50, shiny|37/100|[from] Parting Shot\n|move|p1a: Floette|Dazzling Gleam|p2a: \u8f7b\u88c5\u5f00\u5f00|[spread] p2a,p2b\n|-damage|p2a: \u8f7b\u88c5\u5f00\u5f00|0 fnt\n|-damage|p2b: \u6c34\u8863\u673a\u5f00\u5f00|0 fnt\n|faint|p2a: \u8f7b\u88c5\u5f00\u5f00\n|faint|p2b: \u6c34\u8863\u673a\u5f00\u5f00\n|\n|-weather|none\n|upkeep\n|\n|t:|1775991863\n|switch|p2a: \u6674\u5929\u5f00\u5f00|Charizard-Mega-Y, L50, F, shiny|100/100\n|switch|p2b: \u5a01\u5413\u5f00\u5f00|Incineroar, L50, F, shiny|7/100\n|-weather|SunnyDay|[from] ability: Drought|[of] p2a: \u6674\u5929\u5f00\u5f00\n|-ability|p2b: \u5a01\u5413\u5f00\u5f00|Intimidate|boost\n|-unboost|p1a: Floette|atk|1\n|-unboost|p1b: Rotom|atk|1\n|turn|8\n|\n|t:|1775991872\n|move|p1a: Floette|Protect|p1a: Floette\n|-singleturn|p1a: Floette|Protect\n|move|p2b: \u5a01\u5413\u5f00\u5f00|Fake Out|p1a: Floette\n|-activate|p1a: Floette|move: Protect\n|move|p2a: \u6674\u5929\u5f00\u5f00|Solar Beam||[still]\n|-prepare|p2a: \u6674\u5929\u5f00\u5f00|Solar Beam\n|-anim|p2a: \u6674\u5929\u5f00\u5f00|Solar Beam|p1b: Rotom\n|-supereffective|p1b: Rotom|1\n|-crit|p1b: Rotom\n|-damage|p1b: Rotom|0 fnt\n|faint|p1b: Rotom\n|\n|-weather|SunnyDay|[upkeep]\n|upkeep\n|turn|9\n|\n|t:|1775991887\n|move|p2a: \u6674\u5929\u5f00\u5f00|Weather Ball|p1a: Floette\n|-damage|p1a: Floette|0 fnt\n|faint|p1a: Floette\n|\n|win|kk114\n|raw|wawrwa's rating: 1093 &rarr; <strong>1063</strong><br />(-30 for losing)\n|raw|kk114's rating: 1000 &rarr; <strong>1050</strong><br />(+50 for winning)\n",
  "uploadtime": 1775991896,
  "views": 28,
  "formatid": "gen9championsvgc2026regma",
  "rating": 1050,
  "private": 0,
  "password": null
}