{
  "id": "gen9championsvgc2026regma-2584119075",
  "format": "[Gen 9 Champions] VGC 2026 Reg M-A",
  "players": [
    "colfox",
    "Wadoooskyy"
  ],
  "log": "|j|\u203dcolfox\n|j|\u2606Wadoooskyy\n|t:|1776227219\n|gametype|doubles\n|player|p1|colfox|169|1066\n|player|p2|Wadoooskyy|2|1121\n|gen|9\n|tier|[Gen 9 Champions] VGC 2026 Reg M-A\n|rated|\n|rule|Species Clause: Limit one of each Pok\u00e9mon\n|rule|Item Clause: Limit 1 of each item\n|clearpoke\n|poke|p1|Sylveon, L50, M|\n|poke|p1|Garchomp, L50, F|\n|poke|p1|Milotic, L50, F|\n|poke|p1|Ninetales, L50, F|\n|poke|p1|Raichu, L50, F|\n|poke|p1|Scizor, L50, M|\n|poke|p2|Charizard, L50, M|\n|poke|p2|Krookodile, L50, M|\n|poke|p2|Venusaur, L50, M|\n|poke|p2|Sylveon, L50, M|\n|poke|p2|Sneasler, L50, F|\n|poke|p2|Raichu, L50, F|\n|teampreview|4\n|\n|t:|1776227271\n|teamsize|p1|4\n|teamsize|p2|4\n|start\n|switch|p1a: Garchomp|Garchomp, L50, F|100/100\n|switch|p1b: Raichu|Raichu, L50, F|100/100\n|switch|p2a: Venusaur|Venusaur, L50, M|100/100\n|switch|p2b: Sneasler|Sneasler, L50, F|100/100\n|turn|1\n|\n|t:|1776227300\n|move|p1a: Garchomp|Protect|p1a: Garchomp\n|-singleturn|p1a: Garchomp|Protect\n|move|p2b: Sneasler|Dire Claw|p1b: Raichu\n|-damage|p1b: Raichu|11/100\n|-status|p1b: Raichu|psn|[from] ability: Poison Touch|[of] p2b: Sneasler\n|move|p1b: Raichu|Volt Switch|p2b: Sneasler\n|-damage|p2b: Sneasler|55/100\n|\n|t:|1776227312\n|switch|p1b: Milotic|Milotic, L50, F|100/100|[from] Volt Switch\n|move|p2a: Venusaur|Energy Ball|p1a: Garchomp\n|-activate|p1a: Garchomp|move: Protect\n|\n|upkeep\n|turn|2\n|\n|t:|1776227326\n|switch|p2b: Sylveon|Sylveon, L50, M|100/100\n|move|p1b: Milotic|Protect|p1b: Milotic\n|-singleturn|p1b: Milotic|Protect\n|move|p1a: Garchomp|Earthquake|p2a: Venusaur|[spread] p2a,p2b\n|-activate|p1b: Milotic|move: Protect\n|-damage|p2a: Venusaur|64/100\n|-damage|p2b: Sylveon|50/100\n|move|p2a: Venusaur|Energy Ball|p1b: Milotic\n|-activate|p1b: Milotic|move: Protect\n|\n|upkeep\n|turn|3\n|\n|t:|1776227354\n|move|p1a: Garchomp|Earthquake|p2a: Venusaur|[spread] p1b,p2a,p2b\n|-damage|p1b: Milotic|63/100\n|-damage|p2a: Venusaur|28/100\n|-damage|p2b: Sylveon|0 fnt\n|faint|p2b: Sylveon\n|move|p2a: Venusaur|Energy Ball|p1b: Milotic\n|-supereffective|p1b: Milotic|1\n|-damage|p1b: Milotic|3/100\n|move|p1b: Milotic|Icy Wind|p2a: Venusaur\n|-supereffective|p2a: Venusaur|1\n|-damage|p2a: Venusaur|0 fnt\n|faint|p2a: Venusaur\n|\n|upkeep\n|\n|t:|1776227364\n|switch|p2a: Charizard|Charizard, L50, M, shiny|100/100\n|switch|p2b: Sneasler|Sneasler, L50, F|55/100\n|turn|4\n|\n|t:|1776227377\n|detailschange|p2a: Charizard|Charizard-Mega-Y, L50, M, shiny\n|-mega|p2a: Charizard|Charizard|Charizardite Y\n|-weather|SunnyDay|[from] ability: Drought|[of] p2a: Charizard\n|move|p1b: Milotic|Protect|p1b: Milotic\n|-singleturn|p1b: Milotic|Protect\n|move|p2b: Sneasler|Fake Out|p1b: Milotic\n|-activate|p1b: Milotic|move: Protect\n|move|p1a: Garchomp|Rock Slide|p2b: Sneasler|[spread] p2a,p2b\n|-supereffective|p2a: Charizard|2\n|-resisted|p2b: Sneasler|1\n|-damage|p2a: Charizard|0 fnt\n|-damage|p2b: Sneasler|36/100\n|faint|p2a: Charizard\n|\n|-weather|SunnyDay|[upkeep]\n|upkeep\n|turn|5\n|-message|Wadoooskyy forfeited.\n|\n|win|colfox\n|raw|colfox's rating: 1066 &rarr; <strong>1101</strong><br />(+35 for winning)\n|raw|Wadoooskyy's rating: 1121 &rarr; <strong>1092</strong><br />(-29 for losing)\n|l|\u2606Wadoooskyy\n|player|p2|\n",
  "uploadtime": 1776227393,
  "views": 39,
  "formatid": "gen9championsvgc2026regma",
  "rating": 1092,
  "private": 0,
  "password": null
}