{
  "id": "gen9championsvgc2026regma-2583940869",
  "format": "[Gen 9 Champions] VGC 2026 Reg M-A",
  "players": [
    "aigissimp",
    "Braychase197"
  ],
  "log": "|j|\u2606aigissimp\n|j|\u2606Braychase197\n|t:|1776210214\n|gametype|doubles\n|player|p1|aigissimp|dawn|1003\n|player|p2|Braychase197|265|1025\n|gen|9\n|tier|[Gen 9 Champions] VGC 2026 Reg M-A\n|rated|\n|rule|Species Clause: Limit one of each Pok\u00e9mon\n|rule|Item Clause: Limit 1 of each item\n|clearpoke\n|poke|p1|Tyranitar, L50, M|\n|poke|p1|Excadrill, L50, F|\n|poke|p1|Meganium, L50, F|\n|poke|p1|Incineroar, L50, M|\n|poke|p1|Aegislash, L50, M|\n|poke|p1|Whimsicott, L50, F|\n|poke|p2|Dragonite, L50, F|\n|poke|p2|Arcanine-Hisui, L50, F|\n|poke|p2|Sinistcha, L50|\n|poke|p2|Basculegion, L50, M|\n|poke|p2|Pelipper, L50, F|\n|poke|p2|Scizor, L50, F|\n|teampreview|4\n|\n|t:|1776210281\n|teamsize|p1|4\n|teamsize|p2|4\n|start\n|switch|p1a: Incineroar|Incineroar, L50, M|100/100\n|switch|p1b: Whimsicott|Whimsicott, L50, F|100/100\n|switch|p2a: Scizor|Scizor, L50, F|100/100\n|switch|p2b: Arcanine|Arcanine-Hisui, L50, F|100/100\n|-ability|p2b: Arcanine|Intimidate|boost\n|-unboost|p1a: Incineroar|atk|1\n|-unboost|p1b: Whimsicott|atk|1\n|-ability|p1a: Incineroar|Intimidate|boost\n|-unboost|p2a: Scizor|atk|1\n|-unboost|p2b: Arcanine|atk|1\n|turn|1\n|\n|t:|1776210310\n|detailschange|p2a: Scizor|Scizor-Mega, L50, F\n|-mega|p2a: Scizor|Scizor|Scizorite\n|move|p1a: Incineroar|Fake Out|p2b: Arcanine\n|-resisted|p2b: Arcanine|1\n|-crit|p2b: Arcanine\n|-damage|p2b: Arcanine|91/100\n|move|p1b: Whimsicott|Tailwind|p1b: Whimsicott\n|-sidestart|p1: aigissimp|move: Tailwind\n|cant|p2b: Arcanine|flinch\n|move|p2a: Scizor|U-turn|p1b: Whimsicott\n|-damage|p1b: Whimsicott|66/100\n|\n|t:|1776210325\n|switch|p2a: Pelipper|Pelipper, L50, F|100/100|[from] U-turn\n|-weather|RainDance|[from] ability: Drizzle|[of] p2a: Pelipper\n|\n|-weather|RainDance|[upkeep]\n|upkeep\n|turn|2\n|\n|t:|1776210357\n|switch|p2a: Scizor|Scizor-Mega, L50, F|100/100\n|move|p1b: Whimsicott|Protect|p1b: Whimsicott\n|-singleturn|p1b: Whimsicott|Protect\n|move|p2b: Arcanine|Rock Slide|p1b: Whimsicott|[spread] p1a\n|-activate|p1b: Whimsicott|move: Protect\n|-supereffective|p1a: Incineroar|1\n|-damage|p1a: Incineroar|64/100\n|move|p1a: Incineroar|Parting Shot|p2a: Scizor\n|-unboost|p2a: Scizor|atk|1\n|-unboost|p2a: Scizor|spa|1\n|\n|t:|1776210367\n|switch|p1a: Meganium|Meganium, L50, F|100/100|[from] Parting Shot\n|\n|-weather|RainDance|[upkeep]\n|upkeep\n|turn|3\n|inactive|Battle timer is ON: inactive players will automatically lose when time's up. (requested by aigissimp)\n|\n|t:|1776210423\n|detailschange|p1a: Meganium|Meganium-Mega, L50, F\n|-mega|p1a: Meganium|Meganium|Meganiumite\n|move|p1b: Whimsicott|Encore|p2b: Arcanine\n|-start|p2b: Arcanine|Encore\n|move|p1a: Meganium|Weather Ball|p2a: Scizor\n|-supereffective|p2a: Scizor|2\n|-damage|p2a: Scizor|0 fnt\n|faint|p2a: Scizor\n|move|p2b: Arcanine|Rock Slide|p1b: Whimsicott|[spread] p1a,p1b\n|-damage|p1a: Meganium|83/100\n|-damage|p1b: Whimsicott|40/100\n|\n|-weather|RainDance|[upkeep]\n|upkeep\n|\n|t:|1776210441\n|switch|p2a: Pelipper|Pelipper, L50, F|100/100\n|turn|4\n|\n|t:|1776210452\n|move|p1b: Whimsicott|Protect|p1b: Whimsicott\n|-singleturn|p1b: Whimsicott|Protect\n|move|p1a: Meganium|Protect|p1a: Meganium\n|-singleturn|p1a: Meganium|Protect\n|move|p2b: Arcanine|Rock Slide|p1b: Whimsicott|[spread] \n|-activate|p1a: Meganium|move: Protect\n|-activate|p1b: Whimsicott|move: Protect\n|move|p2a: Pelipper|Hurricane|p1a: Meganium\n|-activate|p1a: Meganium|move: Protect\n|\n|-weather|RainDance|[upkeep]\n|-sideend|p1: aigissimp|move: Tailwind\n|upkeep\n|turn|5\n|\n|t:|1776210470\n|switch|p1a: Tyranitar|Tyranitar, L50, M|100/100\n|-weather|Sandstorm|[from] ability: Sand Stream|[of] p1a: Tyranitar\n|move|p1b: Whimsicott|Tailwind|p1b: Whimsicott\n|-sidestart|p1: aigissimp|move: Tailwind\n|move|p2b: Arcanine|Rock Slide|p1b: Whimsicott|[spread] p1b\n|-miss|p2b: Arcanine|p1a: Tyranitar\n|-damage|p1b: Whimsicott|16/100\n|move|p2a: Pelipper|Hurricane|p1a: Tyranitar|[miss]\n|-miss|p2a: Pelipper|p1a: Tyranitar\n|\n|-weather|Sandstorm|[upkeep]\n|-damage|p1b: Whimsicott|10/100|[from] Sandstorm\n|-damage|p2a: Pelipper|95/100|[from] Sandstorm\n|-end|p2b: Arcanine|Encore\n|upkeep\n|turn|6\n|inactive|aigissimp has 30 seconds left.\n|inactive|Braychase197 has 30 seconds left.\n|\n|t:|1776210500\n|switch|p1b: Incineroar|Incineroar, L50, M|64/100\n|-ability|p1b: Incineroar|Intimidate|boost\n|-unboost|p2a: Pelipper|atk|1\n|-unboost|p2b: Arcanine|atk|1\n|move|p2b: Arcanine|Rock Slide|p1b: Incineroar|[spread] p1a,p1b\n|-supereffective|p1b: Incineroar|1\n|-damage|p1a: Tyranitar|87/100\n|-damage|p1b: Incineroar|34/100\n|-enditem|p1b: Incineroar|Sitrus Berry|[eat]\n|-heal|p1b: Incineroar|59/100|[from] item: Sitrus Berry\n|cant|p1a: Tyranitar|flinch\n|move|p2a: Pelipper|Rain Dance|p2a: Pelipper\n|-weather|RainDance\n|\n|-weather|RainDance|[upkeep]\n|upkeep\n|turn|7\n|\n|t:|1776210524\n|switch|p2b: Basculegion|Basculegion, L50, M|100/100\n|move|p1b: Incineroar|Fake Out|p2a: Pelipper\n|-damage|p2a: Pelipper|86/100\n|move|p1a: Tyranitar|Rock Slide|p2a: Pelipper|[spread] p2a,p2b\n|-supereffective|p2a: Pelipper|1\n|-crit|p2b: Basculegion\n|-damage|p2a: Pelipper|42/100\n|-damage|p2b: Basculegion|42/100\n|-enditem|p2a: Pelipper|Sitrus Berry|[eat]\n|-heal|p2a: Pelipper|66/100|[from] item: Sitrus Berry\n|cant|p2a: Pelipper|flinch\n|\n|-weather|RainDance|[upkeep]\n|upkeep\n|turn|8\n|inactive|aigissimp has 30 seconds left.\n|\n|t:|1776210551\n|switch|p1a: Meganium|Meganium-Mega, L50, F|83/100\n|move|p2b: Basculegion|Wave Crash|p1a: Meganium\n|-resisted|p1a: Meganium|1\n|-damage|p1a: Meganium|37/100\n|-damage|p2b: Basculegion|28/100|[from] Recoil\n|move|p1b: Incineroar|Parting Shot|p2b: Basculegion\n|-unboost|p2b: Basculegion|atk|1\n|-unboost|p2b: Basculegion|spa|1\n|\n|t:|1776210561\n|switch|p1b: Tyranitar|Tyranitar, L50, M|87/100|[from] Parting Shot\n|-weather|Sandstorm|[from] ability: Sand Stream|[of] p1b: Tyranitar\n|move|p2a: Pelipper|Weather Ball|p1b: Tyranitar\n|-damage|p1b: Tyranitar|75/100\n|\n|-weather|Sandstorm|[upkeep]\n|-damage|p1a: Meganium|31/100|[from] Sandstorm\n|-damage|p2b: Basculegion|22/100|[from] Sandstorm\n|-damage|p2a: Pelipper|60/100|[from] Sandstorm\n|-sideend|p1: aigissimp|move: Tailwind\n|upkeep\n|turn|9\n|inactive|aigissimp has 30 seconds left.\n|inactive|Braychase197 has 30 seconds left.\n|inactive|Braychase197 has 20 seconds left.\n|inactive|Braychase197 has 15 seconds left.\n|inactive|Braychase197 has 10 seconds left.\n|inactive|Braychase197 has 5 seconds left.\n|\n|t:|1776210616\n|move|p2b: Basculegion|Wave Crash|p1b: Tyranitar\n|-supereffective|p1b: Tyranitar|1\n|-damage|p1b: Tyranitar|2/100\n|-damage|p2b: Basculegion|0 fnt|[from] Recoil\n|faint|p2b: Basculegion\n|move|p1a: Meganium|Solar Beam||[still]\n|-prepare|p1a: Meganium|Solar Beam\n|-activate|p1a: Meganium|ability: Mega Sol\n|-anim|p1a: Meganium|Solar Beam|p2a: Pelipper\n|-damage|p2a: Pelipper|0 fnt\n|faint|p2a: Pelipper\n|move|p1b: Tyranitar|Rock Slide|p2: Pelipper|[notarget]\n|-fail|p1b: Tyranitar\n|\n|-weather|Sandstorm|[upkeep]\n|-damage|p1a: Meganium|25/100|[from] Sandstorm\n|upkeep\n|\n|t:|1776210633\n|switch|p2b: Arcanine|Arcanine-Hisui, L50, F|91/100\n|-ability|p2b: Arcanine|Intimidate|boost\n|-unboost|p1a: Meganium|atk|1\n|-unboost|p1b: Tyranitar|atk|1\n|turn|10\n|\n|t:|1776210639\n|move|p1a: Meganium|Protect|p1a: Meganium\n|-singleturn|p1a: Meganium|Protect\n|move|p2b: Arcanine|Rock Slide|p1b: Tyranitar|[spread] p1b\n|-activate|p1a: Meganium|move: Protect\n|-damage|p1b: Tyranitar|0 fnt\n|faint|p1b: Tyranitar\n|\n|-weather|Sandstorm|[upkeep]\n|-damage|p1a: Meganium|19/100|[from] Sandstorm\n|upkeep\n|\n|t:|1776210646\n|switch|p1b: Whimsicott|Whimsicott, L50, F|10/100\n|turn|11\n|\n|t:|1776210651\n|move|p1b: Whimsicott|Tailwind|p1b: Whimsicott\n|-sidestart|p1: aigissimp|move: Tailwind\n|move|p1a: Meganium|Solar Beam||[still]\n|-prepare|p1a: Meganium|Solar Beam\n|-activate|p1a: Meganium|ability: Mega Sol\n|-anim|p1a: Meganium|Solar Beam|p2b: Arcanine\n|-damage|p2b: Arcanine|0 fnt\n|faint|p2b: Arcanine\n|\n|win|aigissimp\n|raw|aigissimp's rating: 1003 &rarr; <strong>1045</strong><br />(+42 for winning)\n|raw|Braychase197's rating: 1025 &rarr; <strong>1010</strong><br />(-15 for losing)\n|l|\u2606Braychase197\n|player|p2|\n",
  "uploadtime": 1776210668,
  "views": 13,
  "formatid": "gen9championsvgc2026regma",
  "rating": 1010,
  "private": 0,
  "password": null
}