{
  "id": "gen9championsvgc2026regma-2586806873",
  "format": "[Gen 9 Champions] VGC 2026 Reg M-A",
  "players": [
    "Miles_ath",
    "Adiposse"
  ],
  "log": "|j|\u2606Miles_ath\n|j|\u2606Adiposse\n|t:|1776461471\n|gametype|doubles\n|player|p1|Miles_ath|169|1127\n|player|p2|Adiposse|101|1054\n|gen|9\n|tier|[Gen 9 Champions] VGC 2026 Reg M-A\n|rated|\n|rule|Species Clause: Limit one of each Pok\u00e9mon\n|rule|Item Clause: Limit 1 of each item\n|clearpoke\n|poke|p1|Scizor, L50, F|\n|poke|p1|Crabominable, L50, M|\n|poke|p1|Pelipper, L50, M|\n|poke|p1|Archaludon, L50, F|\n|poke|p1|Basculegion, L50, M|\n|poke|p1|Sinistcha-Masterpiece, L50|\n|poke|p2|Maushold, L50|\n|poke|p2|Golurk, L50|\n|poke|p2|Farigiraf, L50, F|\n|poke|p2|Torkoal, L50, F|\n|poke|p2|Venusaur, L50, M|\n|poke|p2|Incineroar, L50, M|\n|teampreview|4\n|\n|t:|1776461497\n|teamsize|p1|4\n|teamsize|p2|4\n|start\n|switch|p1a: Archaludon|Archaludon, L50, F|100/100\n|switch|p1b: Basculegion|Basculegion, L50, M|100/100\n|switch|p2a: Maushold|Maushold, L50|100/100\n|switch|p2b: Farigiraf|Farigiraf, L50, F|100/100\n|turn|1\n|\n|t:|1776461520\n|switch|p1b: Pelipper|Pelipper, L50, M|100/100\n|-weather|RainDance|[from] ability: Drizzle|[of] p1b: Pelipper\n|move|p2a: Maushold|Follow Me|p2a: Maushold\n|-singleturn|p2a: Maushold|move: Follow Me\n|move|p1a: Archaludon|Electro Shot||[still]\n|-prepare|p1a: Archaludon|Electro Shot\n|-boost|p1a: Archaludon|spa|1\n|-anim|p1a: Archaludon|Electro Shot|p2a: Maushold\n|-damage|p2a: Maushold|4/100\n|move|p2b: Farigiraf|Trick Room|p2b: Farigiraf\n|-fieldstart|move: Trick Room|[of] p2b: Farigiraf\n|\n|-weather|RainDance|[upkeep]\n|upkeep\n|turn|2\n|\n|t:|1776461539\n|move|p1a: Archaludon|Protect|p1a: Archaludon\n|-singleturn|p1a: Archaludon|Protect\n|move|p2b: Farigiraf|Hyper Voice|p1b: Pelipper|[spread] p1b\n|-activate|p1a: Archaludon|move: Protect\n|-damage|p1b: Pelipper|58/100\n|move|p1b: Pelipper|Weather Ball|p2a: Maushold\n|-damage|p2a: Maushold|0 fnt\n|faint|p2a: Maushold\n|\n|-weather|RainDance|[upkeep]\n|upkeep\n|\n|t:|1776461553\n|switch|p2a: Torkoal|Torkoal, L50, F|100/100\n|-weather|SunnyDay|[from] ability: Drought|[of] p2a: Torkoal\n|turn|3\n|\n|t:|1776461567\n|switch|p1b: Basculegion|Basculegion, L50, M|100/100\n|move|p1a: Archaludon|Protect|p1a: Archaludon\n|-singleturn|p1a: Archaludon|Protect\n|move|p2a: Torkoal|Eruption|p1a: Archaludon|[spread] p1b\n|-activate|p1a: Archaludon|move: Protect\n|-resisted|p1b: Basculegion|1\n|-damage|p1b: Basculegion|57/100\n|move|p2b: Farigiraf|Psychic|p1b: Basculegion\n|-damage|p1b: Basculegion|12/100\n|\n|-weather|SunnyDay|[upkeep]\n|upkeep\n|turn|4\n|\n|t:|1776461593\n|switch|p2a: Golurk|Golurk, L50|100/100\n|switch|p1b: Pelipper|Pelipper, L50, M|58/100\n|-weather|RainDance|[from] ability: Drizzle|[of] p1b: Pelipper\n|move|p2b: Farigiraf|Hyper Voice|p1a: Archaludon|[spread] p1a,p1b\n|-resisted|p1a: Archaludon|1\n|-damage|p1a: Archaludon|86/100\n|-damage|p1b: Pelipper|9/100\n|-ability|p1a: Archaludon|Stamina|boost\n|-boost|p1a: Archaludon|def|1\n|move|p1a: Archaludon|Electro Shot||[still]\n|-prepare|p1a: Archaludon|Electro Shot\n|-boost|p1a: Archaludon|spa|1\n|-anim|p1a: Archaludon|Electro Shot|p2a: Golurk\n|-immune|p2a: Golurk\n|\n|-weather|RainDance|[upkeep]\n|-heal|p1a: Archaludon|93/100|[from] item: Leftovers\n|upkeep\n|turn|5\n|\n|t:|1776461631\n|switch|p1b: Sinistcha|Sinistcha-Masterpiece, L50|100/100\n|-heal|p1a: Archaludon|100/100|[from] ability: Hospitality|[of] p1b: Sinistcha\n|move|p1a: Archaludon|Protect|p1a: Archaludon\n|-singleturn|p1a: Archaludon|Protect\n|move|p2b: Farigiraf|Hyper Voice|p1a: Archaludon|[spread] \n|-activate|p1a: Archaludon|move: Protect\n|-immune|p1b: Sinistcha\n|move|p2a: Golurk|Ice Punch|p1b: Sinistcha\n|-supereffective|p1b: Sinistcha|1\n|-damage|p1b: Sinistcha|38/100\n|\n|-weather|RainDance|[upkeep]\n|-fieldend|move: Trick Room\n|upkeep\n|turn|6\n|\n|t:|1776461663\n|switch|p2a: Torkoal|Torkoal, L50, F|100/100\n|-weather|SunnyDay|[from] ability: Drought|[of] p2a: Torkoal\n|move|p1a: Archaludon|Draco Meteor|p2a: Torkoal\n|-damage|p2a: Torkoal|0 fnt\n|-unboost|p1a: Archaludon|spa|2\n|faint|p2a: Torkoal\n|move|p1b: Sinistcha|Matcha Gotcha|p2b: Farigiraf\n|-damage|p2b: Farigiraf|60/100\n|-heal|p1b: Sinistcha|65/100|[from] drain|[of] p2b: Farigiraf\n|move|p2b: Farigiraf|Trick Room|p2b: Farigiraf\n|-fieldstart|move: Trick Room|[of] p2b: Farigiraf\n|\n|-weather|SunnyDay|[upkeep]\n|upkeep\n|\n|t:|1776461678\n|switch|p2a: Golurk|Golurk, L50|100/100\n|turn|7\n|\n|t:|1776461701\n|switch|p1b: Pelipper|Pelipper, L50, M|9/100\n|-weather|RainDance|[from] ability: Drizzle|[of] p1b: Pelipper\n|detailschange|p2a: Golurk|Golurk-Mega, L50\n|-mega|p2a: Golurk|Golurk|Golurkite\n|move|p2b: Farigiraf|Helping Hand|p2a: Golurk\n|-singleturn|p2a: Golurk|Helping Hand|[of] p2b: Farigiraf\n|move|p1a: Archaludon|Protect|p1a: Archaludon\n|-singleturn|p1a: Archaludon|Protect\n|move|p2a: Golurk|Headlong Rush|p1a: Archaludon\n|-supereffective|p1a: Archaludon|1\n|-ability|p2a: Golurk|Unseen Fist\n|-zbroken|p1a: Archaludon\n|-damage|p1a: Archaludon|73/100\n|-unboost|p2a: Golurk|def|1\n|-unboost|p2a: Golurk|spd|1\n|-ability|p1a: Archaludon|Stamina|boost\n|-boost|p1a: Archaludon|def|1\n|\n|-weather|RainDance|[upkeep]\n|-heal|p1a: Archaludon|79/100|[from] item: Leftovers\n|upkeep\n|turn|8\n|\n|t:|1776461727\n|switch|p1b: Sinistcha|Sinistcha-Masterpiece, L50|65/100\n|-heal|p1a: Archaludon|100/100|[from] ability: Hospitality|[of] p1b: Sinistcha\n|move|p2b: Farigiraf|Hyper Voice|p1a: Archaludon|[spread] p1a\n|-immune|p1b: Sinistcha\n|-resisted|p1a: Archaludon|1\n|-damage|p1a: Archaludon|86/100\n|-ability|p1a: Archaludon|Stamina|boost\n|-boost|p1a: Archaludon|def|1\n|move|p2a: Golurk|Headlong Rush|p1a: Archaludon\n|-supereffective|p1a: Archaludon|1\n|-damage|p1a: Archaludon|43/100\n|-unboost|p2a: Golurk|def|1\n|-unboost|p2a: Golurk|spd|1\n|-ability|p1a: Archaludon|Stamina|boost\n|-boost|p1a: Archaludon|def|1\n|move|p1a: Archaludon|Draco Meteor|p2a: Golurk\n|-damage|p2a: Golurk|0 fnt\n|-unboost|p1a: Archaludon|spa|2\n|faint|p2a: Golurk\n|\n|-weather|RainDance|[upkeep]\n|-heal|p1a: Archaludon|49/100|[from] item: Leftovers\n|upkeep\n|turn|9\n|-message|Adiposse forfeited.\n|\n|win|Miles_ath\n|raw|Miles_ath's rating: 1127 &rarr; <strong>1147</strong><br />(+20 for winning)\n|raw|Adiposse's rating: 1054 &rarr; <strong>1040</strong><br />(-14 for losing)\n|l|\u2606Adiposse\n|player|p2|\n",
  "uploadtime": 1776461752,
  "views": 31,
  "formatid": "gen9championsvgc2026regma",
  "rating": 1040,
  "private": 0,
  "password": null
}