{
  "id": "gen9championsvgc2026regma-2584183247",
  "format": "[Gen 9 Champions] VGC 2026 Reg M-A",
  "players": [
    "WojtusG",
    "fimmm"
  ],
  "log": "|j|\u2606WojtusG\n|j|\u2606fimmm\n|t:|1776235366\n|gametype|doubles\n|player|p1|WojtusG|steven|1102\n|player|p2|fimmm|whitney|1153\n|gen|9\n|tier|[Gen 9 Champions] VGC 2026 Reg M-A\n|rated|\n|rule|Species Clause: Limit one of each Pok\u00e9mon\n|rule|Item Clause: Limit 1 of each item\n|clearpoke\n|poke|p1|Zoroark-Hisui, L50, M|\n|poke|p1|Meganium, L50, M|\n|poke|p1|Pelipper, L50, F|\n|poke|p1|Archaludon, L50, F|\n|poke|p1|Sneasler, L50, F|\n|poke|p1|Incineroar, L50, F|\n|poke|p2|Aurorus, L50, F|\n|poke|p2|Aerodactyl, L50, M|\n|poke|p2|Tyranitar, L50, F|\n|poke|p2|Aegislash, L50, M|\n|poke|p2|Excadrill, L50, M|\n|poke|p2|Rotom-Mow, L50|\n|teampreview|4\n|inactive|Battle timer is ON: inactive players will automatically lose when time's up. (requested by fimmm)\n|inactive|WojtusG has 60 seconds left.\n|inactive|fimmm has 60 seconds left.\n|inactive|fimmm has 30 seconds left.\n|inactive|fimmm has 20 seconds left.\n|inactive|fimmm has 15 seconds left.\n|inactive|fimmm has 10 seconds left.\n|\n|t:|1776235448\n|teamsize|p1|4\n|teamsize|p2|4\n|start\n|switch|p1a: Incineroar|Incineroar, L50, F|100/100\n|switch|p1b: Meganium|Meganium, L50, M|100/100\n|switch|p2a: Rotom|Rotom-Mow, L50|100/100\n|switch|p2b: Excadrill|Excadrill, L50, M|100/100\n|-ability|p1a: Incineroar|Intimidate|boost\n|-unboost|p2a: Rotom|atk|1\n|-unboost|p2b: Excadrill|atk|1\n|turn|1\n|\n|t:|1776235466\n|detailschange|p1b: Meganium|Meganium-Mega, L50, M\n|-mega|p1b: Meganium|Meganium|Meganiumite\n|move|p2b: Excadrill|Protect|p2b: Excadrill\n|-singleturn|p2b: Excadrill|Protect\n|move|p1a: Incineroar|Fake Out|p2b: Excadrill\n|-activate|p2b: Excadrill|move: Protect\n|move|p2a: Rotom|Volt Switch|p1a: Incineroar\n|-damage|p1a: Incineroar|69/100\n|\n|t:|1776235472\n|switch|p2a: Tyranitar|Tyranitar, L50, F|100/100|[from] Volt Switch\n|-weather|Sandstorm|[from] ability: Sand Stream|[of] p2a: Tyranitar\n|move|p1b: Meganium|Solar Beam||[still]\n|-prepare|p1b: Meganium|Solar Beam\n|-activate|p1b: Meganium|ability: Mega Sol\n|-anim|p1b: Meganium|Solar Beam|p2b: Excadrill\n|-activate|p2b: Excadrill|move: Protect\n|\n|-weather|Sandstorm|[upkeep]\n|-damage|p1b: Meganium|95/100|[from] Sandstorm\n|-damage|p1a: Incineroar|63/100|[from] Sandstorm\n|upkeep\n|turn|2\n|\n|t:|1776235496\n|switch|p1a: Pelipper|Pelipper, L50, F|100/100\n|-weather|RainDance|[from] ability: Drizzle|[of] p1a: Pelipper\n|detailschange|p2a: Tyranitar|Tyranitar-Mega, L50, F\n|-mega|p2a: Tyranitar|Tyranitar|Tyranitarite\n|-weather|Sandstorm|[from] ability: Sand Stream|[of] p2a: Tyranitar\n|move|p2b: Excadrill|Iron Head|p1b: Meganium\n|-supereffective|p1b: Meganium|1\n|-damage|p1b: Meganium|40/100\n|move|p2a: Tyranitar|Dragon Dance|p2a: Tyranitar\n|-boost|p2a: Tyranitar|atk|1\n|-boost|p2a: Tyranitar|spe|1\n|move|p1b: Meganium|Solar Beam||[still]\n|-prepare|p1b: Meganium|Solar Beam\n|-activate|p1b: Meganium|ability: Mega Sol\n|-anim|p1b: Meganium|Solar Beam|p2a: Tyranitar\n|-supereffective|p2a: Tyranitar|1\n|-damage|p2a: Tyranitar|0 fnt\n|faint|p2a: Tyranitar\n|\n|-weather|Sandstorm|[upkeep]\n|-damage|p1b: Meganium|34/100|[from] Sandstorm\n|-damage|p1a: Pelipper|95/100|[from] Sandstorm\n|upkeep\n|\n|t:|1776235505\n|switch|p2a: Rotom|Rotom-Mow, L50|100/100\n|turn|3\n|\n|t:|1776235524\n|move|p2b: Excadrill|Iron Head|p1b: Meganium\n|-supereffective|p1b: Meganium|1\n|-damage|p1b: Meganium|0 fnt\n|faint|p1b: Meganium\n|move|p2a: Rotom|Volt Switch|p1a: Pelipper\n|-supereffective|p1a: Pelipper|2\n|-damage|p1a: Pelipper|0 fnt\n|faint|p1a: Pelipper\n|\n|t:|1776235527\n|switch|p2a: Aerodactyl|Aerodactyl, L50, M|100/100|[from] Volt Switch\n|-ability|p2a: Aerodactyl|Unnerve\n|\n|-weather|Sandstorm|[upkeep]\n|upkeep\n|\n|t:|1776235531\n|switch|p1b: Incineroar|Incineroar, L50, F|63/100\n|switch|p1a: Archaludon|Archaludon, L50, F|100/100\n|-ability|p1b: Incineroar|Intimidate|boost\n|-unboost|p2a: Aerodactyl|atk|1\n|-unboost|p2b: Excadrill|atk|1\n|turn|4\n|\n|t:|1776235545\n|switch|p2b: Rotom|Rotom-Mow, L50|100/100\n|move|p2a: Aerodactyl|Rock Slide|p1b: Incineroar|[spread] p1a\n|-miss|p2a: Aerodactyl|p1b: Incineroar\n|-resisted|p1a: Archaludon|1\n|-damage|p1a: Archaludon|93/100\n|-ability|p1a: Archaludon|Stamina|boost\n|-boost|p1a: Archaludon|def|1\n|move|p1a: Archaludon|Electro Shot||[still]\n|-prepare|p1a: Archaludon|Electro Shot\n|-boost|p1a: Archaludon|spa|1\n|move|p1b: Incineroar|Flare Blitz|p2b: Rotom\n|-supereffective|p2b: Rotom|1\n|-damage|p2b: Rotom|0 fnt\n|faint|p2b: Rotom\n|-damage|p1b: Incineroar|42/100|[from] Recoil\n|\n|-weather|Sandstorm|[upkeep]\n|-damage|p1b: Incineroar|36/100|[from] Sandstorm\n|-heal|p1a: Archaludon|99/100|[from] item: Leftovers\n|upkeep\n|\n|t:|1776235552\n|switch|p2b: Excadrill|Excadrill, L50, M|100/100\n|turn|5\n|\n|t:|1776235572\n|move|p2b: Excadrill|High Horsepower|p1a: Archaludon\n|-supereffective|p1a: Archaludon|1\n|-damage|p1a: Archaludon|31/100\n|-ability|p1a: Archaludon|Stamina|boost\n|-boost|p1a: Archaludon|def|1\n|move|p2a: Aerodactyl|Rock Slide|p1b: Incineroar|[spread] p1a,p1b\n|-resisted|p1a: Archaludon|1\n|-supereffective|p1b: Incineroar|1\n|-damage|p1a: Archaludon|27/100\n|-damage|p1b: Incineroar|3/100\n|-ability|p1a: Archaludon|Stamina|boost\n|-boost|p1a: Archaludon|def|1\n|move|p1a: Archaludon|Electro Shot|p2a: Aerodactyl|[from] lockedmove\n|-supereffective|p2a: Aerodactyl|1\n|-damage|p2a: Aerodactyl|0 fnt\n|faint|p2a: Aerodactyl\n|cant|p1b: Incineroar|flinch\n|\n|-weather|Sandstorm|[upkeep]\n|-damage|p1b: Incineroar|0 fnt|[from] Sandstorm\n|faint|p1b: Incineroar\n|-heal|p1a: Archaludon|33/100|[from] item: Leftovers\n|upkeep\n|turn|6\n|\n|t:|1776235591\n|move|p1a: Archaludon|Protect|p1a: Archaludon\n|-singleturn|p1a: Archaludon|Protect\n|move|p2b: Excadrill|High Horsepower|p1a: Archaludon\n|-activate|p1a: Archaludon|move: Protect\n|\n|-weather|none\n|-heal|p1a: Archaludon|39/100|[from] item: Leftovers\n|upkeep\n|turn|7\n|\n|t:|1776235601\n|move|p1a: Archaludon|Draco Meteor|p2b: Excadrill\n|-resisted|p2b: Excadrill|1\n|-damage|p2b: Excadrill|30/100\n|-unboost|p1a: Archaludon|spa|2\n|move|p2b: Excadrill|High Horsepower|p1a: Archaludon\n|-supereffective|p1a: Archaludon|1\n|-damage|p1a: Archaludon|2/100\n|-ability|p1a: Archaludon|Stamina|boost\n|-boost|p1a: Archaludon|def|1\n|\n|-heal|p1a: Archaludon|8/100|[from] item: Leftovers\n|upkeep\n|turn|8\n|\n|t:|1776235610\n|move|p1a: Archaludon|Draco Meteor|p2b: Excadrill\n|-resisted|p2b: Excadrill|1\n|-damage|p2b: Excadrill|2/100\n|-unboost|p1a: Archaludon|spa|2\n|move|p2b: Excadrill|High Horsepower|p1a: Archaludon\n|-supereffective|p1a: Archaludon|1\n|-damage|p1a: Archaludon|0 fnt\n|faint|p1a: Archaludon\n|\n|win|fimmm\n|raw|WojtusG's rating: 1102 &rarr; <strong>1081</strong><br />(-21 for losing)\n|raw|fimmm's rating: 1153 &rarr; <strong>1174</strong><br />(+21 for winning)\n|l|\u2606fimmm\n|player|p2|\n",
  "uploadtime": 1776235632,
  "views": 23,
  "formatid": "gen9championsvgc2026regma",
  "rating": 1081,
  "private": 0,
  "password": null
}