{
  "id": "gen9championsvgc2026regma-2587854562",
  "format": "[Gen 9 Champions] VGC 2026 Reg M-A",
  "players": [
    "DracoShower94",
    "vanthoci"
  ],
  "log": "|j|\u2606DracoShower94\n|j|\u2606vanthoci\n|t:|1776570967\n|gametype|doubles\n|player|p1|DracoShower94|iris-gen5bw2|1551\n|player|p2|vanthoci|liko|1509\n|gen|9\n|tier|[Gen 9 Champions] VGC 2026 Reg M-A\n|rated|\n|rule|Species Clause: Limit one of each Pok\u00e9mon\n|rule|Item Clause: Limit 1 of each item\n|clearpoke\n|poke|p1|Tyranitar, L50, F|\n|poke|p1|Excadrill, L50, F|\n|poke|p1|Gallade, L50, M|\n|poke|p1|Volcarona, L50, M|\n|poke|p1|Milotic, L50, M|\n|poke|p1|Weavile, L50, F|\n|poke|p2|Scizor, L50, F|\n|poke|p2|Dragonite, L50, M|\n|poke|p2|Archaludon, L50, F|\n|poke|p2|Sneasler, L50, M|\n|poke|p2|Basculegion, L50, M|\n|poke|p2|Pelipper, L50, F|\n|teampreview|4\n|inactive|Battle timer is ON: inactive players will automatically lose when time's up. (requested by DracoShower94)\n|inactive|vanthoci has 60 seconds left.\n|\n|t:|1776571001\n|teamsize|p1|4\n|teamsize|p2|4\n|start\n|switch|p1a: Weavile|Weavile, L50, F|100/100\n|switch|p1b: Gallade|Gallade, L50, M|100/100\n|switch|p2a: Scizor|Scizor, L50, F|100/100\n|switch|p2b: Sneasler|Sneasler, L50, M|100/100\n|-ability|p1a: Weavile|Pressure\n|turn|1\n|\n|t:|1776571020\n|detailschange|p2a: Scizor|Scizor-Mega, L50, F\n|-mega|p2a: Scizor|Scizor|Scizorite\n|move|p1a: Weavile|Fake Out|p2a: Scizor\n|-resisted|p2a: Scizor|1\n|-damage|p2a: Scizor|95/100\n|move|p1b: Gallade|Psycho Cut|p2b: Sneasler\n|-supereffective|p2b: Sneasler|2\n|-crit|p2b: Sneasler\n|-damage|p2b: Sneasler|0 fnt\n|faint|p2b: Sneasler\n|cant|p2a: Scizor|flinch\n|\n|upkeep\n|\n|t:|1776571036\n|switch|p2b: Archaludon|Archaludon, L50, F|100/100\n|turn|2\n|\n|t:|1776571041\n|switch|p1b: Tyranitar|Tyranitar, L50, F|100/100\n|-weather|Sandstorm|[from] ability: Sand Stream|[of] p1b: Tyranitar\n|switch|p1a: Volcarona|Volcarona, L50, M|100/100\n|move|p2b: Archaludon|Flash Cannon|p1a: Volcarona\n|-resisted|p1a: Volcarona|1\n|-damage|p1a: Volcarona|85/100\n|move|p2a: Scizor|Swords Dance|p2a: Scizor\n|-boost|p2a: Scizor|atk|2\n|\n|-weather|Sandstorm|[upkeep]\n|-damage|p1a: Volcarona|79/100|[from] Sandstorm\n|upkeep\n|turn|3\n|\n|t:|1776571060\n|move|p1b: Tyranitar|Protect|p1b: Tyranitar\n|-singleturn|p1b: Tyranitar|Protect\n|move|p1a: Volcarona|Heat Wave|p2b: Archaludon|[spread] p2a,p2b\n|-supereffective|p2a: Scizor|2\n|-crit|p2b: Archaludon\n|-damage|p2a: Scizor|0 fnt\n|-damage|p2b: Archaludon|50/100\n|-status|p2b: Archaludon|brn\n|-ability|p2b: Archaludon|Stamina|boost\n|-boost|p2b: Archaludon|def|1\n|faint|p2a: Scizor\n|move|p2b: Archaludon|Flash Cannon|p1b: Tyranitar\n|-activate|p1b: Tyranitar|move: Protect\n|\n|-weather|Sandstorm|[upkeep]\n|-damage|p1a: Volcarona|73/100|[from] Sandstorm\n|-heal|p2b: Archaludon|56/100 brn|[from] item: Leftovers\n|-damage|p2b: Archaludon|50/100 brn|[from] brn\n|upkeep\n|\n|t:|1776571072\n|switch|p2a: Pelipper|Pelipper, L50, F|100/100\n|-weather|RainDance|[from] ability: Drizzle|[of] p2a: Pelipper\n|turn|4\n|\n|t:|1776571087\n|detailschange|p1b: Tyranitar|Tyranitar-Mega, L50, F\n|-mega|p1b: Tyranitar|Tyranitar|Tyranitarite\n|-weather|Sandstorm|[from] ability: Sand Stream|[of] p1b: Tyranitar\n|move|p1a: Volcarona|Tailwind|p1a: Volcarona\n|-sidestart|p1: DracoShower94|move: Tailwind\n|move|p1b: Tyranitar|Rock Slide|p2a: Pelipper|[spread] p2a,p2b\n|-supereffective|p2a: Pelipper|1\n|-resisted|p2b: Archaludon|1\n|-damage|p2a: Pelipper|9/100\n|-damage|p2b: Archaludon|42/100 brn\n|-ability|p2b: Archaludon|Stamina|boost\n|-boost|p2b: Archaludon|def|1\n|cant|p2a: Pelipper|flinch\n|move|p2b: Archaludon|Electro Shot||[still]\n|-prepare|p2b: Archaludon|Electro Shot\n|-boost|p2b: Archaludon|spa|1\n|\n|-weather|Sandstorm|[upkeep]\n|-damage|p1a: Volcarona|67/100|[from] Sandstorm\n|-damage|p2a: Pelipper|3/100|[from] Sandstorm\n|-heal|p2b: Archaludon|48/100 brn|[from] item: Leftovers\n|-damage|p2b: Archaludon|42/100 brn|[from] brn\n|upkeep\n|turn|5\n|-message|vanthoci forfeited.\n|\n|win|DracoShower94\n|raw|DracoShower94's rating: 1551 &rarr; <strong>1569</strong><br />(+18 for winning)\n|raw|vanthoci's rating: 1509 &rarr; <strong>1491</strong><br />(-18 for losing)\n|l|\u2606vanthoci\n|player|p2|\n|l|\u2606DracoShower94\n|player|p1|\n",
  "uploadtime": 1776571184,
  "views": 18,
  "formatid": "gen9championsvgc2026regma",
  "rating": 1491,
  "private": 0,
  "password": null
}