{
  "id": "gen9championsvgc2026regma-2583663975",
  "format": "[Gen 9 Champions] VGC 2026 Reg M-A",
  "players": [
    "Jennifernand",
    "Syke11"
  ],
  "log": "|j|\u2606Jennifernand\n|j|\u2606Syke11\n|t:|1776189618\n|gametype|doubles\n|player|p1|Jennifernand|tarragon|1236\n|player|p2|Syke11|jacinthe|1139\n|gen|9\n|tier|[Gen 9 Champions] VGC 2026 Reg M-A\n|rated|\n|rule|Species Clause: Limit one of each Pok\u00e9mon\n|rule|Item Clause: Limit 1 of each item\n|clearpoke\n|poke|p1|Floette-Eternal, L50, F|\n|poke|p1|Incineroar, L50, M|\n|poke|p1|Sneasler, L50, F|\n|poke|p1|Sinistcha, L50|\n|poke|p1|Aerodactyl, L50, F|\n|poke|p1|Dragapult, L50, F|\n|poke|p2|Drampa, L50, M|\n|poke|p2|Oranguru, L50, F|\n|poke|p2|Aggron, L50, M|\n|poke|p2|Hatterene, L50, F|\n|poke|p2|Sinistcha, L50|\n|poke|p2|Armarouge, L50, F|\n|teampreview|4\n|inactive|Battle timer is ON: inactive players will automatically lose when time's up. (requested by Jennifernand)\n|\n|t:|1776189647\n|teamsize|p1|4\n|teamsize|p2|4\n|start\n|switch|p1a: Dragapult|Dragapult, L50, F|100/100\n|switch|p1b: Floette|Floette-Eternal, L50, F|100/100\n|switch|p2a: Aggron|Aggron, L50, M|100/100\n|switch|p2b: Oranguru|Oranguru, L50, F|100/100\n|turn|1\n|inactive|Jennifernand has 30 seconds left.\n|\n|t:|1776189674\n|detailschange|p1b: Floette|Floette-Mega, L50, F\n|-mega|p1b: Floette|Floette|Floettite\n|-ability|p1b: Floette|Fairy Aura\n|detailschange|p2a: Aggron|Aggron-Mega, L50, M\n|-mega|p2a: Aggron|Aggron|Aggronite\n|move|p1a: Dragapult|Reflect|p1a: Dragapult\n|-sidestart|p1: Jennifernand|Reflect\n|move|p1b: Floette|Calm Mind|p1b: Floette\n|-boost|p1b: Floette|spa|1\n|-boost|p1b: Floette|spd|1\n|move|p2a: Aggron|Iron Head|p1b: Floette\n|-supereffective|p1b: Floette|1\n|-damage|p1b: Floette|32/100\n|move|p2b: Oranguru|Trick Room|p2b: Oranguru\n|-fieldstart|move: Trick Room|[of] p2b: Oranguru\n|\n|upkeep\n|turn|2\n|\n|t:|1776189692\n|move|p1b: Floette|Protect|p1b: Floette\n|-singleturn|p1b: Floette|Protect\n|move|p2a: Aggron|Iron Head|p1b: Floette\n|-activate|p1b: Floette|move: Protect\n|move|p2b: Oranguru|Reflect|p2b: Oranguru\n|-sidestart|p2: Syke11|Reflect\n|move|p1a: Dragapult|Breaking Swipe|p2b: Oranguru|[spread] p2a,p2b\n|-resisted|p2a: Aggron|1\n|-damage|p2a: Aggron|98/100\n|-damage|p2b: Oranguru|91/100\n|-unboost|p2a: Aggron|atk|1\n|-unboost|p2b: Oranguru|atk|1\n|\n|upkeep\n|turn|3\n|inactive|Syke11 has 30 seconds left.\n|\n|t:|1776189719\n|switch|p2b: Hatterene|Hatterene, L50, F|100/100\n|switch|p1b: Incineroar|Incineroar, L50, M|100/100\n|-ability|p1b: Incineroar|Intimidate|boost\n|-unboost|p2a: Aggron|atk|1\n|-unboost|p2b: Hatterene|atk|1\n|move|p2a: Aggron|Iron Head|p1b: Incineroar\n|-resisted|p1b: Incineroar|1\n|-damage|p1b: Incineroar|95/100\n|move|p1a: Dragapult|Breaking Swipe|p2b: Hatterene|[spread] p2a\n|-immune|p2b: Hatterene\n|-resisted|p2a: Aggron|1\n|-damage|p2a: Aggron|96/100\n|-unboost|p2a: Aggron|atk|1\n|\n|upkeep\n|turn|4\n|inactive|Jennifernand has 30 seconds left.\n|inactive|Syke11 has 30 seconds left.\n|\n|t:|1776189746\n|move|p1b: Incineroar|Fake Out|p2b: Hatterene\n|-damage|p2b: Hatterene|92/100\n|cant|p2b: Hatterene|flinch\n|move|p2a: Aggron|Body Press|p1b: Incineroar\n|-supereffective|p1b: Incineroar|1\n|-enditem|p1b: Incineroar|Chople Berry|[eat]\n|-enditem|p1b: Incineroar|Chople Berry|[weaken]\n|-damage|p1b: Incineroar|75/100\n|move|p1a: Dragapult|Light Screen|p1a: Dragapult\n|-sidestart|p1: Jennifernand|move: Light Screen\n|\n|upkeep\n|turn|5\n|\n|t:|1776189767\n|switch|p2a: Oranguru|Oranguru, L50, F|91/100\n|move|p2b: Hatterene|Psychic Terrain|p2b: Hatterene\n|-fieldstart|move: Psychic Terrain\n|move|p1b: Incineroar|Parting Shot|p2a: Oranguru\n|-unboost|p2a: Oranguru|atk|1\n|-unboost|p2a: Oranguru|spa|1\n|\n|t:|1776189774\n|switch|p1b: Floette|Floette-Mega, L50, F|32/100|[from] Parting Shot\n|-ability|p1b: Floette|Fairy Aura\n|move|p1a: Dragapult|Breaking Swipe|p2a: Oranguru|[spread] p2a\n|-immune|p2b: Hatterene\n|-damage|p2a: Oranguru|83/100\n|-unboost|p2a: Oranguru|atk|1\n|\n|-sideend|p1: Jennifernand|Reflect\n|-fieldend|move: Trick Room\n|upkeep\n|turn|6\n|inactive|Jennifernand has 30 seconds left.\n|inactive|Syke11 has 30 seconds left.\n|inactive|Jennifernand has 20 seconds left.\n|inactive|Syke11 has 20 seconds left.\n|\n|t:|1776189811\n|switch|p2b: Armarouge|Armarouge, L50, F|100/100\n|move|p1a: Dragapult|Helping Hand|p1b: Floette\n|-singleturn|p1b: Floette|Helping Hand|[of] p1a: Dragapult\n|move|p1b: Floette|Dazzling Gleam|p2a: Oranguru|[spread] p2a,p2b\n|-resisted|p2b: Armarouge|1\n|-damage|p2a: Oranguru|22/100\n|-damage|p2b: Armarouge|58/100\n|move|p2a: Oranguru|Trick Room|p2a: Oranguru\n|-fieldstart|move: Trick Room|[of] p2a: Oranguru\n|\n|-sideend|p2: Syke11|Reflect\n|upkeep\n|turn|7\n|inactive|Jennifernand has 30 seconds left.\n|inactive|Syke11 has 30 seconds left.\n|\n|t:|1776189844\n|switch|p2a: Aggron|Aggron-Mega, L50, M|96/100\n|switch|p1a: Sinistcha|Sinistcha, L50|100/100\n|-heal|p1b: Floette|57/100|[from] ability: Hospitality|[of] p1a: Sinistcha\n|move|p2b: Armarouge|Expanding Force|p1a: Sinistcha|[spread] p1a,p1b\n|-damage|p1a: Sinistcha|53/100\n|-damage|p1b: Floette|20/100\n|move|p1b: Floette|Dazzling Gleam|p2b: Armarouge|[spread] p2a,p2b\n|-resisted|p2a: Aggron|1\n|-resisted|p2b: Armarouge|1\n|-damage|p2a: Aggron|67/100\n|-damage|p2b: Armarouge|31/100\n|\n|upkeep\n|turn|8\n|\n|t:|1776189863\n|switch|p1b: Incineroar|Incineroar, L50, M|75/100\n|-ability|p1b: Incineroar|Intimidate|boost\n|-unboost|p2a: Aggron|atk|1\n|-unboost|p2b: Armarouge|atk|1\n|move|p2a: Aggron|Rock Slide|p1a: Sinistcha|[spread] p1a,p1b\n|-supereffective|p1b: Incineroar|1\n|-damage|p1a: Sinistcha|40/100\n|-damage|p1b: Incineroar|52/100\n|-enditem|p1a: Sinistcha|Sitrus Berry|[eat]\n|-heal|p1a: Sinistcha|65/100|[from] item: Sitrus Berry\n|move|p2b: Armarouge|Expanding Force|p1a: Sinistcha|[spread] p1a\n|-immune|p1b: Incineroar\n|-damage|p1a: Sinistcha|21/100\n|move|p1a: Sinistcha|Matcha Gotcha|p2b: Armarouge|[spread] p2a,p2b\n|-resisted|p2a: Aggron|1\n|-resisted|p2b: Armarouge|1\n|-damage|p2a: Aggron|52/100\n|-heal|p1a: Sinistcha|29/100|[from] drain|[of] p2a: Aggron\n|-damage|p2b: Armarouge|18/100\n|-heal|p1a: Sinistcha|36/100|[from] drain|[of] p2b: Armarouge\n|\n|-sideend|p1: Jennifernand|move: Light Screen\n|upkeep\n|turn|9\n|inactive|Jennifernand has 30 seconds left.\n|inactive|Jennifernand has 20 seconds left.\n|inactive|Jennifernand has 15 seconds left.\n|inactive|Jennifernand has 10 seconds left.\n|\n|t:|1776189912\n|switch|p1a: Dragapult|Dragapult, L50, F|100/100\n|move|p2a: Aggron|Body Press|p1b: Incineroar\n|-supereffective|p1b: Incineroar|1\n|-damage|p1b: Incineroar|0 fnt\n|faint|p1b: Incineroar\n|move|p2b: Armarouge|Expanding Force|p1a: Dragapult\n|-damage|p1a: Dragapult|0 fnt\n|faint|p1a: Dragapult\n|\n|-fieldend|move: Psychic Terrain\n|upkeep\n|\n|t:|1776189920\n|switch|p1b: Sinistcha|Sinistcha, L50|36/100\n|switch|p1a: Floette|Floette-Mega, L50, F|20/100\n|-ability|p1a: Floette|Fairy Aura\n|-heal|p1a: Floette|45/100|[from] ability: Hospitality|[of] p1b: Sinistcha\n|turn|10\n|\n|t:|1776189930\n|move|p1b: Sinistcha|Rage Powder|p1b: Sinistcha\n|-singleturn|p1b: Sinistcha|move: Rage Powder\n|move|p2a: Aggron|Iron Head|p1b: Sinistcha\n|-damage|p1b: Sinistcha|8/100\n|move|p2b: Armarouge|Expanding Force|p1b: Sinistcha\n|-damage|p1b: Sinistcha|0 fnt\n|faint|p1b: Sinistcha\n|move|p1a: Floette|Dazzling Gleam|p2b: Armarouge|[spread] p2a,p2b\n|-resisted|p2a: Aggron|1\n|-resisted|p2b: Armarouge|1\n|-damage|p2a: Aggron|23/100\n|-damage|p2b: Armarouge|0 fnt\n|faint|p2b: Armarouge\n|\n|-fieldend|move: Trick Room\n|upkeep\n|\n|t:|1776189944\n|switch|p2b: Hatterene|Hatterene, L50, F|92/100\n|turn|11\n|\n|t:|1776189967\n|move|p2a: Aggron|Protect|p2a: Aggron\n|-singleturn|p2a: Aggron|Protect\n|move|p1a: Floette|Moonblast|p2b: Hatterene\n|-damage|p2b: Hatterene|24/100\n|move|p2b: Hatterene|Trick Room|p2b: Hatterene\n|-fieldstart|move: Trick Room|[of] p2b: Hatterene\n|\n|upkeep\n|turn|12\n|\n|t:|1776189976\n|move|p2b: Hatterene|Dazzling Gleam|p1a: Floette\n|-damage|p1a: Floette|9/100\n|move|p2a: Aggron|Iron Head|p1a: Floette\n|-supereffective|p1a: Floette|1\n|-damage|p1a: Floette|0 fnt\n|faint|p1a: Floette\n|\n|win|Syke11\n|raw|Jennifernand's rating: 1236 &rarr; <strong>1204</strong><br />(-32 for losing)\n|raw|Syke11's rating: 1139 &rarr; <strong>1171</strong><br />(+32 for winning)\n|l|\u2606Jennifernand\n|player|p1|\n",
  "uploadtime": 1776189982,
  "views": 14,
  "formatid": "gen9championsvgc2026regma",
  "rating": 1171,
  "private": 0,
  "password": null
}