{
  "id": "gen9championsvgc2026regma-2580442314",
  "format": "[Gen 9 Champions] VGC 2026 Reg M-A",
  "players": [
    "K1tfox",
    "sbbo3"
  ],
  "log": "|j|\u2606K1tfox\n|j|\u2606sbbo3\n|t:|1775897190\n|gametype|doubles\n|player|p1|K1tfox|harlequin|1049\n|player|p2|sbbo3|101|1106\n|gen|9\n|tier|[Gen 9 Champions] VGC 2026 Reg M-A\n|rated|\n|rule|Species Clause: Limit one of each Pok\u00e9mon\n|rule|Item Clause: Limit 1 of each item\n|clearpoke\n|poke|p1|Garchomp, L50, F|\n|poke|p1|Aerodactyl, L50, F|\n|poke|p1|Aegislash, L50, M|\n|poke|p1|Gengar, L50, F|\n|poke|p1|Arcanine-Hisui, L50, M|\n|poke|p1|Sinistcha, L50|\n|poke|p2|Charizard, L50, F|\n|poke|p2|Venusaur, L50, M|\n|poke|p2|Incineroar, L50, M|\n|poke|p2|Garchomp, L50, M|\n|poke|p2|Torkoal, L50, M|\n|poke|p2|Typhlosion-Hisui, L50, M|\n|teampreview|4\n|\n|t:|1775897209\n|teamsize|p1|4\n|teamsize|p2|4\n|start\n|switch|p1a: Avalanche|Garchomp, L50, F|100/100\n|switch|p1b: Secondavalamche|Aerodactyl, L50, F|100/100\n|switch|p2a: t-warp (seths)|Charizard, L50, F|100/100\n|switch|p2b: katie|Venusaur, L50, M|100/100\n|turn|1\n|\n|t:|1775897245\n|detailschange|p1b: Secondavalamche|Aerodactyl-Mega, L50, F\n|-mega|p1b: Secondavalamche|Aerodactyl|Aerodactylite\n|detailschange|p2a: t-warp (seths)|Charizard-Mega-Y, L50, F\n|-mega|p2a: t-warp (seths)|Charizard|Charizardite Y\n|-weather|SunnyDay|[from] ability: Drought|[of] p2a: t-warp (seths)\n|move|p1b: Secondavalamche|Dual Wingbeat|p2b: katie|[miss]\n|-miss|p1b: Secondavalamche|p2b: katie\n|move|p2b: katie|Sleep Powder|p1a: Avalanche\n|-status|p1a: Avalanche|slp|[from] move: Sleep Powder\n|cant|p1a: Avalanche|slp\n|move|p2a: t-warp (seths)|Solar Beam||[still]\n|-prepare|p2a: t-warp (seths)|Solar Beam\n|-anim|p2a: t-warp (seths)|Solar Beam|p1b: Secondavalamche\n|-damage|p1b: Secondavalamche|40/100\n|\n|-weather|SunnyDay|[upkeep]\n|upkeep\n|turn|2\n|c|\u2606K1tfox|Woooow\n|\n|t:|1775897273\n|switch|p2b: dom|Garchomp, L50, M|100/100\n|move|p1b: Secondavalamche|Rock Slide|p2b: dom|[spread] p2a,p2b\n|-supereffective|p2a: t-warp (seths)|2\n|-resisted|p2b: dom|1\n|-damage|p2a: t-warp (seths)|0 fnt\n|-damage|p2b: dom|86/100\n|faint|p2a: t-warp (seths)\n|cant|p1a: Avalanche|slp\n|\n|-weather|SunnyDay|[upkeep]\n|upkeep\n|\n|t:|1775897283\n|switch|p2a: matt|Incineroar, L50, M|100/100\n|-ability|p2a: matt|Intimidate|boost\n|-unboost|p1a: Avalanche|atk|1\n|-unboost|p1b: Secondavalamche|atk|1\n|turn|3\n|\n|t:|1775897292\n|move|p2a: matt|Fake Out|p1b: Secondavalamche\n|-resisted|p1b: Secondavalamche|1\n|-crit|p1b: Secondavalamche\n|-damage|p1b: Secondavalamche|30/100\n|move|p2b: dom|Outrage|p1b: Secondavalamche\n|-damage|p1b: Secondavalamche|0 fnt\n|faint|p1b: Secondavalamche\n|-curestatus|p1a: Avalanche|slp|[msg]\n|move|p1a: Avalanche|Rock Slide|p2a: matt|[spread] p2a,p2b\n|-supereffective|p2a: matt|1\n|-resisted|p2b: dom|1\n|-damage|p2a: matt|74/100\n|-damage|p2b: dom|78/100\n|\n|-weather|SunnyDay|[upkeep]\n|upkeep\n|\n|t:|1775897299\n|switch|p1b: Block|Aegislash, L50, M|100/100\n|turn|4\n|\n|t:|1775897313\n|move|p1b: Block|King's Shield|p1b: Block\n|-singleturn|p1b: Block|Protect\n|move|p2b: dom|Outrage|p1b: Block|[from] lockedmove\n|-activate|p1b: Block|move: Protect\n|-unboost|p2b: dom|atk|1\n|-start|p2b: dom|confusion|[fatigue]\n|move|p1a: Avalanche|Breaking Swipe|p2b: dom|[spread] p2a,p2b\n|-supereffective|p2b: dom|1\n|-damage|p2a: matt|59/100\n|-damage|p2b: dom|51/100\n|-unboost|p2a: matt|atk|1\n|-unboost|p2b: dom|atk|1\n|-damage|p1a: Avalanche|88/100|[from] ability: Rough Skin|[of] p2b: dom\n|move|p2a: matt|Flare Blitz|p1b: Block\n|-activate|p1b: Block|move: Protect\n|-unboost|p2a: matt|atk|1\n|\n|-weather|SunnyDay|[upkeep]\n|upkeep\n|turn|5\n|\n|t:|1775897337\n|switch|p2b: katie|Venusaur, L50, M|100/100\n|move|p1a: Avalanche|Breaking Swipe|p2a: matt|[spread] p2a,p2b\n|-damage|p2a: matt|45/100\n|-damage|p2b: katie|86/100\n|-unboost|p2a: matt|atk|1\n|-unboost|p2b: katie|atk|1\n|-formechange|p1b: Block|Aegislash-Blade|\n|move|p1b: Block|Brick Break|p2a: matt\n|-supereffective|p2a: matt|1\n|-damage|p2a: matt|0 fnt\n|faint|p2a: matt\n|\n|-weather|none\n|upkeep\n|\n|t:|1775897349\n|switch|p2a: dom|Garchomp, L50, M|51/100\n|turn|6\n|\n|t:|1775897387\n|-formechange|p1b: Block|Aegislash|\n|move|p1b: Block|King's Shield|p1b: Block\n|-singleturn|p1b: Block|Protect\n|move|p2a: dom|Outrage|p1a: Avalanche\n|-supereffective|p1a: Avalanche|1\n|-damage|p1a: Avalanche|0 fnt\n|faint|p1a: Avalanche\n|move|p2b: katie|Sleep Powder|p1b: Block\n|-status|p1b: Block|slp|[from] move: Sleep Powder\n|\n|upkeep\n|\n|t:|1775897394\n|switch|p1a: Headempty|Arcanine-Hisui, L50, M|100/100\n|turn|7\n|\n|t:|1775897413\n|move|p2b: katie|Protect|p2b: katie\n|-singleturn|p2b: katie|Protect\n|move|p2a: dom|Outrage|p1a: Headempty|[from] lockedmove\n|-damage|p1a: Headempty|41/100\n|-start|p2a: dom|confusion|[fatigue]\n|move|p1a: Headempty|Flare Blitz|p2b: katie\n|-activate|p2b: katie|move: Protect\n|cant|p1b: Block|slp\n|\n|upkeep\n|turn|8\n|\n|t:|1775897438\n|-activate|p2a: dom|confusion\n|move|p2a: dom|Outrage|p1b: Block\n|-resisted|p1b: Block|1\n|-damage|p1b: Block|77/100 slp\n|move|p1a: Headempty|Flare Blitz|p2b: katie\n|-supereffective|p2b: katie|1\n|-damage|p2b: katie|0 fnt\n|faint|p2b: katie\n|-curestatus|p1b: Block|slp|[msg]\n|-formechange|p1b: Block|Aegislash-Blade|\n|move|p1b: Block|Iron Head|p2a: dom\n|-damage|p2a: dom|6/100\n|-damage|p1b: Block|65/100|[from] ability: Rough Skin|[of] p2a: dom\n|\n|-heal|p1b: Block|71/100|[from] item: Leftovers\n|upkeep\n|turn|9\n|\n|t:|1775897455\n|move|p1a: Headempty|Protect|p1a: Headempty\n|-singleturn|p1a: Headempty|Protect\n|move|p1b: Block|Shadow Sneak|p2a: dom\n|-damage|p2a: dom|0 fnt\n|-damage|p1b: Block|59/100|[from] ability: Rough Skin|[of] p2a: dom\n|faint|p2a: dom\n|\n|win|K1tfox\n|raw|K1tfox's rating: 1049 &rarr; <strong>1087</strong><br />(+38 for winning)\n|raw|sbbo3's rating: 1106 &rarr; <strong>1077</strong><br />(-29 for losing)\n|c|\u2606K1tfox|Woooow\n|c|\u2606K1tfox|Good team. Tho\n|l|\u2606sbbo3\n|player|p2|\n",
  "uploadtime": 1775897489,
  "views": 17,
  "formatid": "gen9championsvgc2026regma",
  "rating": 1077,
  "private": 0,
  "password": null
}