{
  "id": "gen9championsvgc2026regma-2581799639",
  "format": "[Gen 9 Champions] VGC 2026 Reg M-A",
  "players": [
    "riptidereflex",
    "TLP27"
  ],
  "log": "|j|\u2606riptidereflex\n|j|\u2606TLP27\n|t:|1776029375\n|gametype|doubles\n|player|p1|riptidereflex|265|1015\n|player|p2|TLP27|lady|1000\n|gen|9\n|tier|[Gen 9 Champions] VGC 2026 Reg M-A\n|rated|\n|rule|Species Clause: Limit one of each Pok\u00e9mon\n|rule|Item Clause: Limit 1 of each item\n|clearpoke\n|poke|p1|Charizard, L50, M|\n|poke|p1|Venusaur, L50, F|\n|poke|p1|Garchomp, L50, F|\n|poke|p1|Typhlosion-Hisui, L50, M|\n|poke|p1|Primarina, L50, F|\n|poke|p1|Talonflame, L50, M|\n|poke|p2|Kangaskhan, L50, F|\n|poke|p2|Tinkaton, L50, F|\n|poke|p2|Incineroar, L50, M|\n|poke|p2|Pelipper, L50, M|\n|poke|p2|Archaludon, L50, F|\n|poke|p2|Basculegion, L50, M|\n|teampreview|4\nriptidereflex has agreed to open team sheets.\n|\n|t:|1776029422\n|teamsize|p1|4\n|teamsize|p2|4\n|start\n|switch|p1a: Talonflame|Talonflame, L50, M, shiny|100/100\n|switch|p1b: Garchomp|Garchomp, L50, F|100/100\n|switch|p2a: Incineroar|Incineroar, L50, M|100/100\n|switch|p2b: Kangaskhan|Kangaskhan, L50, F|100/100\n|-ability|p2a: Incineroar|Intimidate|boost\n|-unboost|p1a: Talonflame|atk|1\n|-unboost|p1b: Garchomp|atk|1\n|-enditem|p1b: Garchomp|White Herb\n|-clearnegativeboost|p1b: Garchomp|[silent]\n|turn|1\n|\n|t:|1776029450\n|move|p1b: Garchomp|Protect|p1b: Garchomp\n|-singleturn|p1b: Garchomp|Protect\n|move|p2b: Kangaskhan|Fake Out|p1b: Garchomp\n|-activate|p1b: Garchomp|move: Protect\n|move|p2a: Incineroar|Fake Out|p1a: Talonflame\n|-damage|p1a: Talonflame|84/100\n|cant|p1a: Talonflame|flinch\n|\n|upkeep\n|turn|2\n|\n|t:|1776029483\n|move|p1a: Talonflame|Tailwind|p1a: Talonflame\n|-sidestart|p1: riptidereflex|move: Tailwind\n|move|p1b: Garchomp|Earthquake|p2b: Kangaskhan|[spread] p2a,p2b\n|-immune|p1a: Talonflame\n|-supereffective|p2a: Incineroar|1\n|-damage|p2a: Incineroar|40/100\n|-damage|p2b: Kangaskhan|57/100\n|move|p2b: Kangaskhan|Low Kick|p1b: Garchomp\n|-damage|p1b: Garchomp|79/100\n|-damage|p2b: Kangaskhan|45/100|[from] ability: Rough Skin|[of] p1b: Garchomp\n|move|p2a: Incineroar|Parting Shot|p1b: Garchomp\n|-unboost|p1b: Garchomp|atk|1\n|-unboost|p1b: Garchomp|spa|1\n|\n|t:|1776029496\n|switch|p2a: Pelipper|Pelipper, L50, M|100/100|[from] Parting Shot\n|-weather|RainDance|[from] ability: Drizzle|[of] p2a: Pelipper\n|\n|-weather|RainDance|[upkeep]\n|upkeep\n|turn|3\n|\n|t:|1776029533\n|switch|p1a: vhaegar|Charizard, L50, M, shiny|100/100\n|switch|p1b: Primarina|Primarina, L50, F|100/100\n|switch|p2b: Basculegion|Basculegion, L50, M|100/100\n|move|p2a: Pelipper|Weather Ball|p1a: vhaegar\n|-supereffective|p1a: vhaegar|1\n|-damage|p1a: vhaegar|0 fnt\n|faint|p1a: vhaegar\n|\n|-weather|RainDance|[upkeep]\n|upkeep\n|inactive|Battle timer is ON: inactive players will automatically lose when time's up. (requested by TLP27)\n|inactiveoff|Battle timer is now OFF.\n|\n|t:|1776029646\n|switch|p1a: Garchomp|Garchomp, L50, F|79/100\n|turn|4\n|\n|t:|1776029661\n|move|p1a: Garchomp|Outrage|p2b: Basculegion\n|-damage|p2b: Basculegion|19/100\n|move|p2b: Basculegion|Wave Crash|p1a: Garchomp\n|-damage|p1a: Garchomp|0 fnt\n|-damage|p2b: Basculegion|7/100|[from] ability: Rough Skin|[of] p1a: Garchomp\n|faint|p1a: Garchomp\n|-damage|p2b: Basculegion|0 fnt|[from] Recoil\n|faint|p2b: Basculegion\n|move|p1b: Primarina|Moonblast|p2a: Pelipper\n|-damage|p2a: Pelipper|30/100\n|move|p2a: Pelipper|Tailwind|p2a: Pelipper\n|-sidestart|p2: TLP27|move: Tailwind\n|\n|-weather|RainDance|[upkeep]\n|upkeep\n|\n|t:|1776029681\n|switch|p1a: Talonflame|Talonflame, L50, M, shiny|84/100\n|switch|p2b: Incineroar|Incineroar, L50, M|40/100\n|-ability|p2b: Incineroar|Intimidate|boost\n|-unboost|p1a: Talonflame|atk|1\n|-unboost|p1b: Primarina|atk|1\n|turn|5\n|\n|t:|1776029694\n|move|p2b: Incineroar|Fake Out|p1b: Primarina\n|-damage|p1b: Primarina|88/100\n|move|p1a: Talonflame|Brave Bird|p2a: Pelipper\n|-damage|p2a: Pelipper|0 fnt\n|faint|p2a: Pelipper\n|-damage|p1a: Talonflame|74/100|[from] Recoil\n|cant|p1b: Primarina|flinch\n|\n|-weather|RainDance|[upkeep]\n|-sideend|p1: riptidereflex|move: Tailwind\n|upkeep\n|\n|t:|1776029704\n|switch|p2a: Kangaskhan|Kangaskhan, L50, F|45/100\n|turn|6\n|\n|t:|1776029721\n|detailschange|p2a: Kangaskhan|Kangaskhan-Mega, L50, F\n|-mega|p2a: Kangaskhan|Kangaskhan|Kangaskhanite\n|move|p2a: Kangaskhan|Fake Out|p1b: Primarina\n|-damage|p1b: Primarina|65/100\n|-damage|p1b: Primarina|61/100\n|-hitcount|p1b: Primarina|2\n|move|p1a: Talonflame|Brave Bird|p2a: Kangaskhan\n|-damage|p2a: Kangaskhan|17/100\n|-damage|p1a: Talonflame|63/100|[from] Recoil\n|move|p2b: Incineroar|Darkest Lariat|p1a: Talonflame\n|-damage|p1a: Talonflame|16/100\n|cant|p1b: Primarina|flinch\n|\n|-weather|none\n|upkeep\n|turn|7\n|\n|t:|1776029748\n|move|p2a: Kangaskhan|Low Kick|p1b: Primarina\n|-resisted|p1b: Primarina|1\n|-damage|p1b: Primarina|50/100\n|-resisted|p1b: Primarina|1\n|-damage|p1b: Primarina|48/100\n|-hitcount|p1b: Primarina|2\n|move|p1a: Talonflame|Brave Bird|p2a: Kangaskhan\n|-damage|p2a: Kangaskhan|0 fnt\n|faint|p2a: Kangaskhan\n|-damage|p1a: Talonflame|9/100|[from] Recoil\n|move|p2b: Incineroar|Darkest Lariat|p1a: Talonflame\n|-damage|p1a: Talonflame|0 fnt\n|faint|p1a: Talonflame\n|move|p1b: Primarina|Hyper Voice|p2b: Incineroar\n|-supereffective|p2b: Incineroar|1\n|-damage|p2b: Incineroar|0 fnt\n|faint|p2b: Incineroar\n|\n|win|riptidereflex\n|raw|riptidereflex's rating: 1015 &rarr; <strong>1051</strong><br />(+36 for winning)\n|raw|TLP27's rating: 1000 &rarr; <strong>1000</strong><br />(+0 for losing)\n|c|\u2606riptidereflex|ggwp\n",
  "uploadtime": 1776029767,
  "views": 32,
  "formatid": "gen9championsvgc2026regma",
  "rating": 1000,
  "private": 0,
  "password": null
}