{
  "id": "gen9championsvgc2026regma-2583715643",
  "format": "[Gen 9 Champions] VGC 2026 Reg M-A",
  "players": [
    "HL SIGNAL",
    "MingulinSelmo"
  ],
  "log": "|j|\u2606HL SIGNAL\n|j|\u2606MingulinSelmo\n|t:|1776192825\n|gametype|doubles\n|player|p1|HL SIGNAL|drayden|1383\n|player|p2|MingulinSelmo|shauntal|1350\n|gen|9\n|tier|[Gen 9 Champions] VGC 2026 Reg M-A\n|rated|\n|rule|Species Clause: Limit one of each Pok\u00e9mon\n|rule|Item Clause: Limit 1 of each item\n|clearpoke\n|poke|p1|Pelipper, L50, F|\n|poke|p1|Basculegion, L50, M|\n|poke|p1|Archaludon, L50, M|\n|poke|p1|Floette-Eternal, L50, F|\n|poke|p1|Sinistcha, L50|\n|poke|p1|Incineroar, L50, F|\n|poke|p2|Aerodactyl, L50, M|\n|poke|p2|Whimsicott, L50, M|\n|poke|p2|Sneasler, L50, M|\n|poke|p2|Garchomp, L50, F|\n|poke|p2|Corviknight, L50, M|\n|poke|p2|Ditto, L50|\n|teampreview|4\n|inactive|Battle timer is ON: inactive players will automatically lose when time's up. (requested by MingulinSelmo)\n|inactive|MingulinSelmo has 60 seconds left.\n|\n|t:|1776192865\n|teamsize|p1|4\n|teamsize|p2|4\n|start\n|switch|p1a: Pelipper|Pelipper, L50, F|100/100\n|switch|p1b: Archaludon|Archaludon, L50, M|100/100\n|switch|p2a: Garchomp|Garchomp, L50, F|100/100\n|switch|p2b: Sneasler|Sneasler, L50, M|100/100\n|-weather|RainDance|[from] ability: Drizzle|[of] p1a: Pelipper\n|turn|1\n|\n|t:|1776192888\n|move|p1b: Archaludon|Protect|p1b: Archaludon\n|-singleturn|p1b: Archaludon|Protect\n|move|p1a: Pelipper|Protect|p1a: Pelipper\n|-singleturn|p1a: Pelipper|Protect\n|move|p2b: Sneasler|Fake Out|p1a: Pelipper\n|-activate|p1a: Pelipper|move: Protect\n|move|p2a: Garchomp|Stomping Tantrum|p1b: Archaludon\n|-activate|p1b: Archaludon|move: Protect\n|\n|-weather|RainDance|[upkeep]\n|upkeep\n|turn|2\n|inactive|HL SIGNAL has 30 seconds left.\n|\n|t:|1776192916\n|switch|p2a: Corviknight|Corviknight, L50, M|100/100\n|move|p2b: Sneasler|Close Combat|p1b: Archaludon\n|-supereffective|p1b: Archaludon|1\n|-damage|p1b: Archaludon|0 fnt\n|-unboost|p2b: Sneasler|def|1\n|-unboost|p2b: Sneasler|spd|1\n|faint|p1b: Archaludon\n|-enditem|p2b: Sneasler|White Herb\n|-clearnegativeboost|p2b: Sneasler|[silent]\n|move|p1a: Pelipper|Tailwind|p1a: Pelipper\n|-sidestart|p1: HL SIGNAL|move: Tailwind\n|\n|-weather|RainDance|[upkeep]\n|upkeep\n|\n|t:|1776192924\n|switch|p1b: Basculegion|Basculegion, L50, M|100/100\n|turn|3\n|\n|t:|1776192937\n|move|p2b: Sneasler|Protect|p2b: Sneasler\n|-singleturn|p2b: Sneasler|Protect\n|move|p1b: Basculegion|Flip Turn|p2b: Sneasler\n|-activate|p2b: Sneasler|move: Protect\n|move|p1a: Pelipper|Hurricane|p2b: Sneasler\n|-activate|p2b: Sneasler|move: Protect\n|move|p2a: Corviknight|Iron Defense|p2a: Corviknight\n|-boost|p2a: Corviknight|def|2\n|\n|-weather|RainDance|[upkeep]\n|upkeep\n|turn|4\n|\n|t:|1776192958\n|move|p1b: Basculegion|Wave Crash|p2a: Corviknight\n|-damage|p2a: Corviknight|59/100\n|-damage|p1b: Basculegion|87/100|[from] Recoil\n|move|p2b: Sneasler|Dire Claw|p1a: Pelipper\n|-damage|p1a: Pelipper|41/100\n|move|p1a: Pelipper|Hurricane|p2b: Sneasler\n|-supereffective|p2b: Sneasler|1\n|-damage|p2b: Sneasler|0 fnt\n|faint|p2b: Sneasler\n|move|p2a: Corviknight|Iron Defense|p2a: Corviknight\n|-boost|p2a: Corviknight|def|2\n|\n|-weather|RainDance|[upkeep]\n|-heal|p2a: Corviknight|65/100|[from] item: Leftovers\n|upkeep\n|\n|t:|1776192971\n|switch|p2b: Aerodactyl|Aerodactyl, L50, M|100/100\n|-ability|p2b: Aerodactyl|Unnerve\n|turn|5\n|\n|t:|1776192989\n|move|p2b: Aerodactyl|Protect|p2b: Aerodactyl\n|-singleturn|p2b: Aerodactyl|Protect\n|move|p2a: Corviknight|Protect|p2a: Corviknight\n|-singleturn|p2a: Corviknight|Protect\n|move|p1b: Basculegion|Wave Crash|p2a: Corviknight\n|-activate|p2a: Corviknight|move: Protect\n|move|p1a: Pelipper|Weather Ball|p2a: Corviknight\n|-activate|p2a: Corviknight|move: Protect\n|\n|-weather|none\n|-heal|p2a: Corviknight|71/100|[from] item: Leftovers\n|-sideend|p1: HL SIGNAL|move: Tailwind\n|upkeep\n|turn|6\n|inactive|HL SIGNAL has 30 seconds left.\n|inactive|MingulinSelmo has 30 seconds left.\n|\n|t:|1776193021\n|detailschange|p2b: Aerodactyl|Aerodactyl-Mega, L50, M\n|-mega|p2b: Aerodactyl|Aerodactyl|Aerodactylite\n|move|p1b: Basculegion|Aqua Jet|p2b: Aerodactyl\n|-supereffective|p2b: Aerodactyl|1\n|-damage|p2b: Aerodactyl|38/100\n|move|p2b: Aerodactyl|Dual Wingbeat|p1b: Basculegion\n|-damage|p1b: Basculegion|62/100\n|-damage|p1b: Basculegion|33/100\n|-hitcount|p1b: Basculegion|2\n|move|p1a: Pelipper|Tailwind|p1a: Pelipper\n|-sidestart|p1: HL SIGNAL|move: Tailwind\n|move|p2a: Corviknight|Body Press|p1a: Pelipper\n|-resisted|p1a: Pelipper|1\n|-damage|p1a: Pelipper|0 fnt\n|faint|p1a: Pelipper\n|\n|-heal|p2a: Corviknight|77/100|[from] item: Leftovers\n|upkeep\n|\n|t:|1776193033\n|switch|p1a: Floette|Floette-Eternal, L50, F|100/100\n|turn|7\n|\n|t:|1776193054\n|detailschange|p1a: Floette|Floette-Mega, L50, F\n|-mega|p1a: Floette|Floette|Floettite\n|-ability|p1a: Floette|Fairy Aura\n|move|p1a: Floette|Dazzling Gleam|p2a: Corviknight|[spread] p2a,p2b\n|-resisted|p2a: Corviknight|1\n|-damage|p2a: Corviknight|58/100\n|-damage|p2b: Aerodactyl|0 fnt\n|faint|p2b: Aerodactyl\n|move|p1b: Basculegion|Last Respects|p2a: Corviknight\n|-damage|p2a: Corviknight|37/100\n|move|p2a: Corviknight|Iron Head|p1a: Floette\n|-supereffective|p1a: Floette|1\n|-damage|p1a: Floette|40/100\n|\n|-heal|p2a: Corviknight|43/100|[from] item: Leftovers\n|upkeep\n|\n|t:|1776193062\n|switch|p2b: Garchomp|Garchomp, L50, F|100/100\n|turn|8\n|inactive|HL SIGNAL has 30 seconds left.\n|inactive|HL SIGNAL has 20 seconds left.\n|inactive|HL SIGNAL has 15 seconds left.\n|\n|t:|1776193105\n|move|p1b: Basculegion|Aqua Jet|p2b: Garchomp\n|-damage|p2b: Garchomp|76/100\n|-damage|p1b: Basculegion|21/100|[from] ability: Rough Skin|[of] p2b: Garchomp\n|move|p1a: Floette|Dazzling Gleam|p2b: Garchomp|[spread] p2a,p2b\n|-resisted|p2a: Corviknight|1\n|-supereffective|p2b: Garchomp|1\n|-damage|p2a: Corviknight|26/100\n|-damage|p2b: Garchomp|0 fnt\n|faint|p2b: Garchomp\n|move|p2a: Corviknight|Iron Head|p1a: Floette\n|-supereffective|p1a: Floette|1\n|-damage|p1a: Floette|0 fnt\n|faint|p1a: Floette\n|\n|-heal|p2a: Corviknight|32/100|[from] item: Leftovers\n|upkeep\n|turn|9\n|\n|t:|1776193121\n|move|p2a: Corviknight|Protect|p2a: Corviknight\n|-singleturn|p2a: Corviknight|Protect\n|move|p1b: Basculegion|Last Respects|p2a: Corviknight\n|-activate|p2a: Corviknight|move: Protect\n|\n|-heal|p2a: Corviknight|38/100|[from] item: Leftovers\n|-sideend|p1: HL SIGNAL|move: Tailwind\n|upkeep\n|turn|10\n|\n|t:|1776193129\n|move|p1b: Basculegion|Last Respects|p2a: Corviknight\n|-damage|p2a: Corviknight|13/100\n|move|p2a: Corviknight|Iron Head|p1b: Basculegion\n|-resisted|p1b: Basculegion|1\n|-damage|p1b: Basculegion|10/100\n|\n|-heal|p2a: Corviknight|19/100|[from] item: Leftovers\n|upkeep\n|turn|11\n|\n|t:|1776193139\n|move|p2a: Corviknight|Protect|p2a: Corviknight\n|-singleturn|p2a: Corviknight|Protect\n|move|p1b: Basculegion|Last Respects|p2a: Corviknight\n|-activate|p2a: Corviknight|move: Protect\n|\n|-heal|p2a: Corviknight|25/100|[from] item: Leftovers\n|upkeep\n|turn|12\n|\n|t:|1776193145\n|move|p1b: Basculegion|Last Respects|p2a: Corviknight\n|-damage|p2a: Corviknight|0 fnt\n|faint|p2a: Corviknight\n|\n|win|HL SIGNAL\n|raw|HL SIGNAL's rating: 1383 &rarr; <strong>1401</strong><br />(+18 for winning)\n|raw|MingulinSelmo's rating: 1350 &rarr; <strong>1332</strong><br />(-18 for losing)\n|l|\u2606MingulinSelmo\n|player|p2|\n",
  "uploadtime": 1776193159,
  "views": 30,
  "formatid": "gen9championsvgc2026regma",
  "rating": 1332,
  "private": 0,
  "password": null
}