{
  "id": "gen9championsvgc2026regma-2586796593",
  "format": "[Gen 9 Champions] VGC 2026 Reg M-A",
  "players": [
    "Realphoenixking",
    "qxqx48"
  ],
  "log": "|j|\u2606Realphoenixking\n|j|\u2606qxqx48\n|t:|1776460622\n|gametype|doubles\n|player|p1|Realphoenixking|ghetsis-gen5bw|1315\n|player|p2|qxqx48|101|1230\n|gen|9\n|tier|[Gen 9 Champions] VGC 2026 Reg M-A\n|rated|\n|rule|Species Clause: Limit one of each Pok\u00e9mon\n|rule|Item Clause: Limit 1 of each item\n|clearpoke\n|poke|p1|Drampa, L50, M|\n|poke|p1|Sneasler, L50, M|\n|poke|p1|Sinistcha, L50|\n|poke|p1|Kingambit, L50, M|\n|poke|p1|Floette-Eternal, L50, F|\n|poke|p1|Incineroar, L50, F|\n|poke|p2|Crabominable, L50, M|\n|poke|p2|Aggron, L50, F|\n|poke|p2|Sinistcha-Masterpiece, L50|\n|poke|p2|Farigiraf, L50, F|\n|poke|p2|Primarina, L50, M|\n|poke|p2|Conkeldurr, L50, F|\n|teampreview|4\n|\n|t:|1776460670\n|teamsize|p1|4\n|teamsize|p2|4\n|start\n|switch|p1a: Kingambit|Kingambit, L50, M|100/100\n|switch|p1b: Incineroar|Incineroar, L50, F|100/100\n|switch|p2a: Conkeldurr|Conkeldurr, L50, F|100/100\n|switch|p2b: Sinistcha|Sinistcha-Masterpiece, L50|100/100\n|-ability|p1b: Incineroar|Intimidate|boost\n|-unboost|p2a: Conkeldurr|atk|1\n|-unboost|p2b: Sinistcha|atk|1\n|turn|1\n|\n|t:|1776460688\n|move|p2b: Sinistcha|Protect|p2b: Sinistcha\n|-singleturn|p2b: Sinistcha|Protect\n|move|p2a: Conkeldurr|Protect|p2a: Conkeldurr\n|-singleturn|p2a: Conkeldurr|Protect\n|move|p1b: Incineroar|Throat Chop|p2b: Sinistcha\n|-activate|p2b: Sinistcha|move: Protect\n|move|p1a: Kingambit|Kowtow Cleave|p2b: Sinistcha\n|-activate|p2b: Sinistcha|move: Protect\n|\n|upkeep\n|turn|2\n|\n|t:|1776460704\n|switch|p2b: Primarina|Primarina, L50, M|100/100\n|switch|p1b: Floette|Floette-Eternal, L50, F|100/100\n|move|p1a: Kingambit|Kowtow Cleave|p2b: Primarina\n|-resisted|p2b: Primarina|1\n|-damage|p2b: Primarina|64/100\n|move|p2a: Conkeldurr|Drain Punch|p1a: Kingambit\n|-supereffective|p1a: Kingambit|2\n|-enditem|p1a: Kingambit|Chople Berry|[eat]\n|-enditem|p1a: Kingambit|Chople Berry|[weaken]\n|-damage|p1a: Kingambit|37/100\n|\n|-heal|p2b: Primarina|70/100|[from] item: Leftovers\n|upkeep\n|turn|3\n|\n|t:|1776460731\n|detailschange|p1b: Floette|Floette-Mega, L50, F\n|-mega|p1b: Floette|Floette|Floettite\n|-ability|p1b: Floette|Fairy Aura\n|move|p2a: Conkeldurr|Mach Punch|p1a: Kingambit\n|-supereffective|p1a: Kingambit|2\n|-damage|p1a: Kingambit|0 fnt\n|faint|p1a: Kingambit\n|move|p1b: Floette|Calm Mind|p1b: Floette\n|-boost|p1b: Floette|spa|1\n|-boost|p1b: Floette|spd|1\n|move|p2b: Primarina|Calm Mind|p2b: Primarina\n|-boost|p2b: Primarina|spa|1\n|-boost|p2b: Primarina|spd|1\n|\n|-heal|p2b: Primarina|75/100|[from] item: Leftovers\n|upkeep\n|\n|t:|1776460743\n|switch|p1a: Sinistcha|Sinistcha, L50|100/100\n|turn|4\n|inactive|Battle timer is ON: inactive players will automatically lose when time's up. (requested by qxqx48)\n|\n|t:|1776460760\n|move|p1b: Floette|Dazzling Gleam|p2b: Primarina|[spread] p2a,p2b\n|-supereffective|p2a: Conkeldurr|1\n|-damage|p2a: Conkeldurr|0 fnt\n|-damage|p2b: Primarina|37/100\n|faint|p2a: Conkeldurr\n|move|p1a: Sinistcha|Matcha Gotcha|p2b: Primarina\n|-supereffective|p2b: Primarina|1\n|-damage|p2b: Primarina|0 fnt\n|faint|p2b: Primarina\n|\n|upkeep\n|\n|t:|1776460766\n|switch|p2b: Crabominable|Crabominable, L50, M|100/100\n|switch|p2a: Sinistcha|Sinistcha-Masterpiece, L50|100/100\n|turn|5\n|inactive|Realphoenixking has 30 seconds left.\n|\n|t:|1776460792\n|move|p2b: Crabominable|Protect|p2b: Crabominable\n|-singleturn|p2b: Crabominable|Protect\n|move|p1b: Floette|Dazzling Gleam|p2b: Crabominable|[spread] p2a\n|-activate|p2b: Crabominable|move: Protect\n|-damage|p2a: Sinistcha|22/100\n|move|p1a: Sinistcha|Matcha Gotcha|p2b: Crabominable|[spread] p2a\n|-activate|p2b: Crabominable|move: Protect\n|-resisted|p2a: Sinistcha|1\n|-damage|p2a: Sinistcha|9/100\n|-status|p2a: Sinistcha|brn\n|move|p2a: Sinistcha|Trick Room|p2a: Sinistcha\n|-fieldstart|move: Trick Room|[of] p2a: Sinistcha\n|\n|-damage|p2a: Sinistcha|3/100 brn|[from] brn\n|upkeep\n|turn|6\n|\n|t:|1776460812\n|detailschange|p2b: Crabominable|Crabominable-Mega, L50, M\n|-mega|p2b: Crabominable|Crabominable|Crabominite\n|move|p1b: Floette|Protect|p1b: Floette\n|-singleturn|p1b: Floette|Protect\n|move|p2b: Crabominable|Ice Hammer|p1b: Floette\n|-activate|p1b: Floette|move: Protect\n|move|p2a: Sinistcha|Matcha Gotcha|p1a: Sinistcha|[spread] p1a\n|-activate|p1b: Floette|move: Protect\n|-resisted|p1a: Sinistcha|1\n|-damage|p1a: Sinistcha|85/100\n|-heal|p2a: Sinistcha|13/100 brn|[from] drain|[of] p1a: Sinistcha\n|move|p1a: Sinistcha|Trick Room|p1a: Sinistcha\n|-fieldend|move: Trick Room\n|\n|-damage|p2a: Sinistcha|7/100 brn|[from] brn\n|upkeep\n|turn|7\n|inactive|Realphoenixking has 30 seconds left.\n|inactive|qxqx48 has 30 seconds left.\n|\n|t:|1776460842\n|move|p2b: Crabominable|Protect|p2b: Crabominable\n|-singleturn|p2b: Crabominable|Protect\n|move|p1b: Floette|Dazzling Gleam|p2b: Crabominable|[spread] p2a\n|-activate|p2b: Crabominable|move: Protect\n|-damage|p2a: Sinistcha|0 fnt\n|faint|p2a: Sinistcha\n|move|p1a: Sinistcha|Matcha Gotcha|p2b: Crabominable\n|-activate|p2b: Crabominable|move: Protect\n|\n|upkeep\n|turn|8\n|-message|qxqx48 forfeited.\n|l|\u2606qxqx48\n|inactive|qxqx48 disconnected and has a minute to reconnect!\n|player|p2|\n|\n|win|Realphoenixking\n|raw|Realphoenixking's rating: 1315 &rarr; <strong>1330</strong><br />(+15 for winning)\n|raw|qxqx48's rating: 1230 &rarr; <strong>1211</strong><br />(-19 for losing)\n",
  "uploadtime": 1776460854,
  "views": 52,
  "formatid": "gen9championsvgc2026regma",
  "rating": 1211,
  "private": 0,
  "password": null
}