{
  "id": "gen9championsvgc2026regma-2586352865",
  "format": "[Gen 9 Champions] VGC 2026 Reg M-A",
  "players": [
    "Orizor",
    "DerpCoach"
  ],
  "log": "|j|\u2606Orizor\n|j|\u2606DerpCoach\n|t:|1776428035\n|gametype|doubles\n|player|p1|Orizor|hilbert-wonderlauncher|1125\n|player|p2|DerpCoach|2|1189\n|gen|9\n|tier|[Gen 9 Champions] VGC 2026 Reg M-A\n|rated|\n|rule|Species Clause: Limit one of each Pok\u00e9mon\n|rule|Item Clause: Limit 1 of each item\n|clearpoke\n|poke|p1|Garchomp, L50, M|\n|poke|p1|Gengar, L50, M|\n|poke|p1|Incineroar, L50, M|\n|poke|p1|Basculegion, L50, M|\n|poke|p1|Talonflame, L50, F|\n|poke|p1|Lucario, L50, M|\n|poke|p2|Gardevoir, L50, M|\n|poke|p2|Farigiraf, L50, M|\n|poke|p2|Sneasler, L50, F|\n|poke|p2|Garchomp, L50, F|\n|poke|p2|Kingambit, L50, F|\n|poke|p2|Arcanine-Hisui, L50, F|\n|teampreview|4\n|inactive|Battle timer is ON: inactive players will automatically lose when time's up. (requested by Orizor)\n|\n|t:|1776428064\n|teamsize|p1|4\n|teamsize|p2|4\n|start\n|switch|p1a: Lucario|Lucario, L50, M|100/100\n|switch|p1b: Talonflame|Talonflame, L50, F|100/100\n|switch|p2a: Gardevoir|Gardevoir, L50, M|100/100\n|switch|p2b: Farigiraf|Farigiraf, L50, M|100/100\n|-ability|p2a: Gardevoir|Gale Wings|Trace|[from] ability: Trace|[of] p1b: Talonflame\n|turn|1\n|inactive|DerpCoach has 30 seconds left.\n|\n|t:|1776428089\n|switch|p1b: Incineroar|Incineroar, L50, M|100/100\n|-ability|p1b: Incineroar|Intimidate|boost\n|-unboost|p2a: Gardevoir|atk|1\n|-unboost|p2b: Farigiraf|atk|1\n|detailschange|p1a: Lucario|Lucario-Mega, L50, M\n|-mega|p1a: Lucario|Lucario|Lucarionite\n|move|p2a: Gardevoir|Protect|p2a: Gardevoir\n|-singleturn|p2a: Gardevoir|Protect\n|move|p1a: Lucario|Flash Cannon|p2a: Gardevoir\n|-activate|p2a: Gardevoir|move: Protect\n|move|p2b: Farigiraf|Trick Room|p2b: Farigiraf\n|-fieldstart|move: Trick Room|[of] p2b: Farigiraf\n|\n|upkeep\n|turn|2\n|\n|t:|1776428112\n|detailschange|p2a: Gardevoir|Gardevoir-Mega, L50, M\n|-mega|p2a: Gardevoir|Gardevoir|Gardevoirite\n|move|p1a: Lucario|Protect|p1a: Lucario\n|-singleturn|p1a: Lucario|Protect\n|move|p2b: Farigiraf|Hyper Voice|p1a: Lucario|[spread] p1b\n|-activate|p1a: Lucario|move: Protect\n|-damage|p1b: Incineroar|84/100\n|move|p1b: Incineroar|Flare Blitz|p2a: Gardevoir\n|-damage|p2a: Gardevoir|32/100\n|-damage|p1b: Incineroar|64/100|[from] Recoil\n|move|p2a: Gardevoir|Hyper Voice|p1b: Incineroar|[spread] p1b\n|-activate|p1a: Lucario|move: Protect\n|-damage|p1b: Incineroar|23/100\n|-enditem|p1b: Incineroar|Sitrus Berry|[eat]\n|-heal|p1b: Incineroar|48/100|[from] item: Sitrus Berry\n|\n|upkeep\n|turn|3\n|\n|t:|1776428133\n|move|p2b: Farigiraf|Hyper Voice|p1b: Incineroar|[spread] p1a,p1b\n|-resisted|p1a: Lucario|1\n|-damage|p1a: Lucario|83/100\n|-damage|p1b: Incineroar|31/100\n|move|p1b: Incineroar|Throat Chop|p2a: Gardevoir\n|-crit|p2a: Gardevoir\n|-damage|p2a: Gardevoir|0 fnt\n|faint|p2a: Gardevoir\n|move|p1a: Lucario|Substitute|p1a: Lucario\n|-start|p1a: Lucario|Substitute\n|-damage|p1a: Lucario|59/100\n|\n|upkeep\n|\n|t:|1776428150\n|switch|p2a: Sneasler|Sneasler, L50, F|100/100\n|turn|4\n|\n|t:|1776428162\n|move|p2b: Farigiraf|Psychic|p1a: Lucario\n|-end|p1a: Lucario|Substitute\n|move|p1b: Incineroar|Throat Chop|p2b: Farigiraf\n|-supereffective|p2b: Farigiraf|1\n|-damage|p2b: Farigiraf|58/100\n|-start|p2b: Farigiraf|Throat Chop|[silent]\n|move|p1a: Lucario|Flash Cannon|p2a: Sneasler\n|-damage|p2a: Sneasler|23/100\n|move|p2a: Sneasler|Close Combat|p1b: Incineroar\n|-supereffective|p1b: Incineroar|1\n|-damage|p1b: Incineroar|0 fnt\n|-unboost|p2a: Sneasler|def|1\n|-unboost|p2a: Sneasler|spd|1\n|faint|p1b: Incineroar\n|\n|upkeep\n|\n|t:|1776428176\n|switch|p1b: Basculegion|Basculegion, L50, M|100/100\n|turn|5\n|\n|t:|1776428192\n|move|p2a: Sneasler|Protect|p2a: Sneasler\n|-singleturn|p2a: Sneasler|Protect\n|move|p2b: Farigiraf|Psychic|p1a: Lucario\n|-damage|p1a: Lucario|10/100\n|move|p1a: Lucario|Aura Sphere|p2a: Sneasler\n|-activate|p2a: Sneasler|move: Protect\n|move|p1b: Basculegion|Wave Crash|p2b: Farigiraf\n|-damage|p2b: Farigiraf|3/100\n|-damage|p1b: Basculegion|79/100|[from] Recoil\n|\n|-end|p2b: Farigiraf|Throat Chop|[silent]\n|-fieldend|move: Trick Room\n|upkeep\n|turn|6\n|\n|t:|1776428198\n|move|p1b: Basculegion|Wave Crash|p2a: Sneasler\n|-damage|p2a: Sneasler|0 fnt\n|faint|p2a: Sneasler\n|-damage|p1b: Basculegion|73/100|[from] Recoil\n|move|p1a: Lucario|Aura Sphere|p2b: Farigiraf\n|-damage|p2b: Farigiraf|0 fnt\n|faint|p2b: Farigiraf\n|\n|upkeep\n|c|\u2606Orizor|Ggwp\n|inactive|DerpCoach has 30 seconds left.\n|c|\u2606DerpCoach|why was bascu faster\n|\n|t:|1776428229\n|switch|p2b: Arcanine|Arcanine-Hisui, L50, F|100/100\n|-ability|p2b: Arcanine|Intimidate|boost\n|-unboost|p1a: Lucario|atk|1\n|-unboost|p1b: Basculegion|atk|1\n|turn|7\n|c|\u2606Orizor|Scarff\n|\n|t:|1776428238\n|move|p2b: Arcanine|Extreme Speed|p1a: Lucario\n|-resisted|p1a: Lucario|1\n|-damage|p1a: Lucario|0 fnt\n|faint|p1a: Lucario\n|move|p1b: Basculegion|Wave Crash|p2b: Arcanine\n|-supereffective|p2b: Arcanine|2\n|-damage|p2b: Arcanine|0 fnt\n|faint|p2b: Arcanine\n|-damage|p1b: Basculegion|39/100|[from] Recoil\n|\n|win|Orizor\n|raw|Orizor's rating: 1125 &rarr; <strong>1155</strong><br />(+30 for winning)\n|raw|DerpCoach's rating: 1189 &rarr; <strong>1159</strong><br />(-30 for losing)\n",
  "uploadtime": 1776428251,
  "views": 27,
  "formatid": "gen9championsvgc2026regma",
  "rating": 1155,
  "private": 0,
  "password": null
}