{
  "id": "gen9championsvgc2026regma-2582009010",
  "format": "[Gen 9 Champions] VGC 2026 Reg M-A",
  "players": [
    "Bigmanbattle",
    "TheMaquaGuy"
  ],
  "log": "|j|\u2606Bigmanbattle\n|j|\u2606TheMaquaGuy\n|t:|1776047939\n|gametype|doubles\n|player|p1|Bigmanbattle|crasherwake|\n|player|p2|TheMaquaGuy|cheryl|\n|gen|9\n|tier|[Gen 9 Champions] VGC 2026 Reg M-A\n|rule|Species Clause: Limit one of each Pok\u00e9mon\n|rule|Item Clause: Limit 1 of each item\n|clearpoke\n|poke|p1|Greninja-*, L50, M|\n|poke|p1|Aegislash, L50, M|\n|poke|p1|Sneasler, L50, F|\n|poke|p1|Garchomp, L50, M|\n|poke|p1|Talonflame, L50, M|\n|poke|p1|Ninetales-Alola, L50, F|\n|poke|p2|Aerodactyl, L50, M|\n|poke|p2|Tyranitar, L50, F|\n|poke|p2|Excadrill, L50, F|\n|poke|p2|Arcanine-Hisui, L50, F|\n|poke|p2|Meganium, L50, F|\n|poke|p2|Garchomp, L50, M|\n|teampreview|4\n|l|\u2606TheMaquaGuy\n|player|p2|\n|j|\u2606TheMaquaGuy\n|player|p2|TheMaquaGuy|cheryl|\n|inactive|Battle timer is ON: inactive players will automatically lose when time's up. (requested by Bigmanbattle)\n|\n|t:|1776048004\n|teamsize|p1|4\n|teamsize|p2|4\n|start\n|switch|p1a: Talonflame|Talonflame, L50, M|100/100\n|switch|p1b: Aegislash|Aegislash, L50, M|100/100\n|switch|p2a: Zilla|Tyranitar, L50, F|100/100\n|switch|p2b: Mole|Excadrill, L50, F|100/100\n|-weather|Sandstorm|[from] ability: Sand Stream|[of] p2a: Zilla\n|turn|1\n|inactive|Bigmanbattle has 30 seconds left.\n|\n|t:|1776048035\n|move|p2a: Zilla|Protect|p2a: Zilla\n|-singleturn|p2a: Zilla|Protect\n|move|p1a: Talonflame|Upper Hand||[still]\n|-fail|p1a: Talonflame\n|move|p2b: Mole|Earthquake|p1b: Aegislash|[spread] p1b\n|-activate|p2a: Zilla|move: Protect\n|-immune|p1a: Talonflame\n|-supereffective|p1b: Aegislash|1\n|-damage|p1b: Aegislash|42/100\n|move|p1b: Aegislash|Swords Dance|p1b: Aegislash\n|-boost|p1b: Aegislash|atk|2\n|\n|-weather|Sandstorm|[upkeep]\n|-damage|p1a: Talonflame|95/100|[from] Sandstorm\n|upkeep\n|turn|2\n|inactive|TheMaquaGuy has 30 seconds left.\n|inactive|TheMaquaGuy has 20 seconds left.\n|\n|t:|1776048077\n|switch|p1a: Ninetales|Ninetales-Alola, L50, F|100/100\n|-weather|Snowscape|[from] ability: Snow Warning|[of] p1a: Ninetales\n|move|p2b: Mole|Protect|p2b: Mole\n|-singleturn|p2b: Mole|Protect\n|move|p1b: Aegislash|King's Shield|p1b: Aegislash\n|-singleturn|p1b: Aegislash|Protect\n|move|p2a: Zilla|Rock Slide|p1b: Aegislash|[spread] p1a\n|-activate|p1b: Aegislash|move: Protect\n|-supereffective|p1a: Ninetales|1\n|-damage|p1a: Ninetales|40/100\n|\n|-weather|Snowscape|[upkeep]\n|-heal|p1a: Ninetales|46/100|[from] item: Leftovers\n|upkeep\n|turn|3\n|inactive|TheMaquaGuy has 30 seconds left.\n|\n|t:|1776048109\n|switch|p2a: Rockanine|Arcanine-Hisui, L50, F|100/100\n|-ability|p2a: Rockanine|Intimidate|boost\n|-unboost|p1a: Ninetales|atk|1\n|-unboost|p1b: Aegislash|atk|1\n|move|p1a: Ninetales|Aurora Veil|p1a: Ninetales\n|-sidestart|p1: Bigmanbattle|move: Aurora Veil\n|move|p2b: Mole|Earthquake|p1a: Ninetales|[spread] p2a,p1a,p1b\n|-supereffective|p2a: Rockanine|2\n|-supereffective|p1b: Aegislash|1\n|-enditem|p2a: Rockanine|Focus Sash\n|-damage|p2a: Rockanine|1/100\n|-damage|p1a: Ninetales|19/100\n|-damage|p1b: Aegislash|3/100\n|-formechange|p1b: Aegislash|Aegislash-Blade|\n|move|p1b: Aegislash|Sacred Sword|p2a: Rockanine\n|-supereffective|p2a: Rockanine|1\n|-damage|p2a: Rockanine|0 fnt\n|faint|p2a: Rockanine\n|\n|-weather|Snowscape|[upkeep]\n|-heal|p1a: Ninetales|25/100|[from] item: Leftovers\n|upkeep\n|\n|t:|1776048119\n|switch|p2a: Zilla|Tyranitar, L50, F|100/100\n|-weather|Sandstorm|[from] ability: Sand Stream|[of] p2a: Zilla\n|turn|4\n|\n|t:|1776048137\n|switch|p1a: Greninja|Greninja, L50, M, shiny|100/100\n|-formechange|p1b: Aegislash|Aegislash|\n|move|p1b: Aegislash|King's Shield|p1b: Aegislash\n|-singleturn|p1b: Aegislash|Protect\n|move|p2b: Mole|Iron Head|p1a: Greninja\n|-resisted|p1a: Greninja|1\n|-damage|p1a: Greninja|81/100\n|move|p2a: Zilla|Rock Slide|p1a: Greninja|[spread] p1a\n|-activate|p1b: Aegislash|move: Protect\n|-damage|p1a: Greninja|46/100\n|\n|-weather|Sandstorm|[upkeep]\n|-damage|p1a: Greninja|40/100|[from] Sandstorm\n|upkeep\n|turn|5\n|inactive|Bigmanbattle has 30 seconds left.\n|inactive|TheMaquaGuy has 30 seconds left.\n|inactive|TheMaquaGuy has 20 seconds left.\n|\n|t:|1776048176\n|switch|p2a: Lumi|Meganium, L50, F, shiny|100/100\n|detailschange|p1a: Greninja|Greninja-Mega, L50, M, shiny\n|-mega|p1a: Greninja|Greninja|Greninjite\n|move|p1a: Greninja|Water Shuriken|p2b: Mole\n|-start|p1a: Greninja|typechange|Water|[from] ability: Protean\n|-supereffective|p2b: Mole|1\n|-crit|p2b: Mole\n|-damage|p2b: Mole|68/100\n|-supereffective|p2b: Mole|1\n|-damage|p2b: Mole|49/100\n|-hitcount|p2b: Mole|2\n|move|p2b: Mole|Earthquake|p1b: Aegislash|[spread] p2a,p1a,p1b\n|-resisted|p2a: Lumi|1\n|-supereffective|p1b: Aegislash|1\n|-damage|p2a: Lumi|84/100\n|-damage|p1a: Greninja|4/100\n|-damage|p1b: Aegislash|0 fnt\n|faint|p1b: Aegislash\n|\n|-weather|Sandstorm|[upkeep]\n|-damage|p1a: Greninja|0 fnt|[from] Sandstorm\n|-damage|p2a: Lumi|78/100|[from] Sandstorm\n|faint|p1a: Greninja\n|upkeep\n|\n|t:|1776048195\n|switch|p1a: Ninetales|Ninetales-Alola, L50, F|25/100\n|switch|p1b: Talonflame|Talonflame, L50, M|95/100\n|-weather|Snowscape|[from] ability: Snow Warning|[of] p1a: Ninetales\n|turn|6\n|\n|t:|1776048219\n|switch|p2b: Zilla|Tyranitar, L50, F|100/100\n|-weather|Sandstorm|[from] ability: Sand Stream|[of] p2b: Zilla\n|detailschange|p2a: Lumi|Meganium-Mega, L50, F, shiny\n|-mega|p2a: Lumi|Meganium|Meganiumite\n|move|p1b: Talonflame|Tailwind|p1b: Talonflame\n|-sidestart|p1: Bigmanbattle|move: Tailwind\n|move|p1a: Ninetales|Blizzard|p2b: Zilla|[spread] p2a,p2b\n|-supereffective|p2a: Lumi|1\n|-damage|p2a: Lumi|23/100\n|-damage|p2b: Zilla|84/100\n|-status|p2b: Zilla|frz\n|move|p2a: Lumi|Solar Beam||[still]\n|-prepare|p2a: Lumi|Solar Beam\n|-activate|p2a: Lumi|ability: Mega Sol\n|-anim|p2a: Lumi|Solar Beam|p1a: Ninetales\n|-damage|p1a: Ninetales|0 fnt\n|faint|p1a: Ninetales\n|\n|-weather|Sandstorm|[upkeep]\n|-damage|p1b: Talonflame|89/100|[from] Sandstorm\n|-damage|p2a: Lumi|18/100|[from] Sandstorm\n|-heal|p2b: Zilla|90/100 frz|[from] item: Leftovers\n|upkeep\n|turn|7\n|inactive|Bigmanbattle has 30 seconds left.\n|inactive|TheMaquaGuy has 30 seconds left.\n|inactive|Bigmanbattle has 20 seconds left.\n|\n|t:|1776048256\n|switch|p2b: Mole|Excadrill, L50, F|49/100\n|move|p1b: Talonflame|Upper Hand||[still]\n|-fail|p1b: Talonflame\n|move|p2a: Lumi|Synthesis|p2a: Lumi\n|-heal|p2a: Lumi|84/100\n|\n|-weather|Sandstorm|[upkeep]\n|-damage|p1b: Talonflame|83/100|[from] Sandstorm\n|-damage|p2a: Lumi|79/100|[from] Sandstorm\n|-sideend|p1: Bigmanbattle|move: Aurora Veil\n|upkeep\n|turn|8\n|\n|t:|1776048269\n|move|p1b: Talonflame|Brave Bird|p2a: Lumi\n|-supereffective|p2a: Lumi|1\n|-damage|p2a: Lumi|0 fnt\n|faint|p2a: Lumi\n|-damage|p1b: Talonflame|51/100|[from] Recoil\n|move|p2b: Mole|Rock Slide|p1b: Talonflame\n|-supereffective|p1b: Talonflame|2\n|-damage|p1b: Talonflame|0 fnt\n|faint|p1b: Talonflame\n|\n|win|TheMaquaGuy\n",
  "uploadtime": 1776048295,
  "views": 10,
  "formatid": "gen9championsvgc2026regma",
  "rating": null,
  "private": 0,
  "password": null
}