{
  "id": "gen9championsvgc2026regma-2584952061",
  "format": "[Gen 9 Champions] VGC 2026 Reg M-A",
  "players": [
    "BigWeenLad",
    "Boneyard00"
  ],
  "log": "|j|\u2606BigWeenLad\n|j|\u2606Boneyard00\n|t:|1776297570\n|gametype|doubles\n|player|p1|BigWeenLad|169|1071\n|player|p2|Boneyard00|acetrainer-gen4dp|1118\n|gen|9\n|tier|[Gen 9 Champions] VGC 2026 Reg M-A\n|rated|\n|rule|Species Clause: Limit one of each Pok\u00e9mon\n|rule|Item Clause: Limit 1 of each item\n|clearpoke\n|poke|p1|Crabominable, L50, F|\n|poke|p1|Whimsicott, L50, F|\n|poke|p1|Sneasler, L50, M|\n|poke|p1|Torkoal, L50, M|\n|poke|p1|Venusaur, L50, M|\n|poke|p1|Slowking-Galar, L50, F|\n|poke|p2|Froslass, L50, F|\n|poke|p2|Talonflame, L50, M|\n|poke|p2|Avalugg, L50, F|\n|poke|p2|Basculegion, L50, M|\n|poke|p2|Vanilluxe, L50, M|\n|poke|p2|Emboar, L50, M|\n|teampreview|4\n|\n|t:|1776297591\n|teamsize|p1|4\n|teamsize|p2|4\n|start\n|switch|p1a: Crabominable|Crabominable, L50, F|100/100\n|switch|p1b: Slowking|Slowking-Galar, L50, F|100/100\n|switch|p2a: Winnebago|Basculegion, L50, M|100/100\n|switch|p2b: Caribbean|Talonflame, L50, M|100/100\n|-clearboost|p1a: Crabominable|[from] ability: Curious Medicine|[of] p1b: Slowking\n|turn|1\n|\n|t:|1776297620\n|detailschange|p1a: Crabominable|Crabominable-Mega, L50, F\n|-mega|p1a: Crabominable|Crabominable|Crabominite\n|move|p2a: Winnebago|Flip Turn|p1b: Slowking\n|-damage|p1b: Slowking|67/100\n|\n|t:|1776297642\n|switch|p2a: LUGGNUT|Avalugg, L50, F|100/100|[from] Flip Turn\n|move|p2b: Caribbean|Taunt|p1b: Slowking\n|-start|p1b: Slowking|move: Taunt\n|move|p1a: Crabominable|Crabhammer|p2b: Caribbean\n|-supereffective|p2b: Caribbean|1\n|-damage|p2b: Caribbean|0 fnt\n|faint|p2b: Caribbean\n|cant|p1b: Slowking|move: Taunt|Trick Room\n|\n|upkeep\n|\n|t:|1776297651\n|switch|p2b: Froslass|Froslass, L50, F|100/100\n|turn|2\n|inactive|Battle timer is ON: inactive players will automatically lose when time's up. (requested by Boneyard00)\n|\n|t:|1776297667\n|switch|p1b: Whimsicott|Whimsicott, L50, F|100/100\n|detailschange|p2b: Froslass|Froslass-Mega, L50, F\n|-mega|p2b: Froslass|Froslass|Froslassite\n|-weather|Snowscape|[from] ability: Snow Warning|[of] p2b: Froslass\n|move|p2b: Froslass|Aurora Veil|p2b: Froslass\n|-sidestart|p2: Boneyard00|move: Aurora Veil\n|move|p1a: Crabominable|Close Combat|p2b: Froslass\n|-immune|p2b: Froslass\n|move|p2a: LUGGNUT|Icicle Crash|p1b: Whimsicott\n|-supereffective|p1b: Whimsicott|1\n|-damage|p1b: Whimsicott|23/100\n|\n|-weather|Snowscape|[upkeep]\n|upkeep\n|turn|3\n|inactive|BigWeenLad has 30 seconds left.\n|\n|t:|1776297694\n|move|p1b: Whimsicott|Tailwind|p1b: Whimsicott\n|-sidestart|p1: BigWeenLad|move: Tailwind\n|move|p2b: Froslass|Blizzard|p1a: Crabominable|[spread] p1a,p1b\n|-resisted|p1a: Crabominable|1\n|-supereffective|p1b: Whimsicott|1\n|-damage|p1a: Crabominable|85/100\n|-damage|p1b: Whimsicott|0 fnt\n|faint|p1b: Whimsicott\n|move|p1a: Crabominable|Close Combat|p2a: LUGGNUT\n|-supereffective|p2a: LUGGNUT|1\n|-damage|p2a: LUGGNUT|60/100\n|-unboost|p1a: Crabominable|def|1\n|-unboost|p1a: Crabominable|spd|1\n|move|p2a: LUGGNUT|Body Press|p1a: Crabominable\n|-supereffective|p1a: Crabominable|1\n|-damage|p1a: Crabominable|39/100\n|\n|-weather|Snowscape|[upkeep]\n|-heal|p2a: LUGGNUT|65/100|[from] ability: Ice Body\n|-heal|p2a: LUGGNUT|71/100|[from] item: Leftovers\n|upkeep\n|\n|t:|1776297713\n|switch|p1b: Torkoal|Torkoal, L50, M|100/100\n|-weather|SunnyDay|[from] ability: Drought|[of] p1b: Torkoal\n|turn|4\n|\n|t:|1776297721\n|switch|p2b: Winnebago|Basculegion, L50, M|100/100\n|move|p2a: LUGGNUT|Wide Guard|p2a: LUGGNUT\n|-singleturn|p2a: LUGGNUT|Wide Guard\n|move|p1a: Crabominable|Crabhammer|p2b: Winnebago\n|-resisted|p2b: Winnebago|1\n|-damage|p2b: Winnebago|92/100\n|move|p1b: Torkoal|Eruption|p2b: Winnebago|[spread] \n|-activate|p2a: LUGGNUT|move: Wide Guard\n|-activate|p2b: Winnebago|move: Wide Guard\n|\n|-weather|SunnyDay|[upkeep]\n|-heal|p2a: LUGGNUT|77/100|[from] item: Leftovers\n|upkeep\n|turn|5\n|\n|t:|1776297741\n|switch|p2a: Froslass|Froslass-Mega, L50, F|100/100\n|-weather|Snowscape|[from] ability: Snow Warning|[of] p2a: Froslass\n|move|p2b: Winnebago|Wave Crash|p1b: Torkoal\n|-supereffective|p1b: Torkoal|1\n|-damage|p1b: Torkoal|0 fnt\n|faint|p1b: Torkoal\n|-damage|p2b: Winnebago|62/100|[from] Recoil\n|move|p1a: Crabominable|Close Combat|p2a: Froslass\n|-immune|p2a: Froslass\n|\n|-weather|Snowscape|[upkeep]\n|upkeep\n|\n|t:|1776297755\n|switch|p1b: Slowking|Slowking-Galar, L50, F|67/100\n|-clearboost|p1a: Crabominable|[from] ability: Curious Medicine|[of] p1b: Slowking\n|turn|6\n|\n|t:|1776297762\n|move|p1a: Crabominable|Protect|p1a: Crabominable\n|-singleturn|p1a: Crabominable|Protect\n|move|p2b: Winnebago|Wave Crash|p1b: Slowking\n|-damage|p1b: Slowking|8/100\n|-damage|p2b: Winnebago|43/100|[from] Recoil\n|move|p2a: Froslass|Blizzard|p1b: Slowking|[spread] p1b\n|-activate|p1a: Crabominable|move: Protect\n|-damage|p1b: Slowking|0 fnt\n|faint|p1b: Slowking\n|\n|-weather|Snowscape|[upkeep]\n|-sideend|p1: BigWeenLad|move: Tailwind\n|-sideend|p2: Boneyard00|move: Aurora Veil\n|upkeep\n|turn|7\n|inactive|Boneyard00 has 30 seconds left.\n|\n|t:|1776297794\n|move|p2b: Winnebago|Wave Crash|p1a: Crabominable\n|-damage|p1a: Crabominable|0 fnt\n|faint|p1a: Crabominable\n|-damage|p2b: Winnebago|29/100|[from] Recoil\n|\n|win|Boneyard00\n|raw|BigWeenLad's rating: 1071 &rarr; <strong>1053</strong><br />(-18 for losing)\n|raw|Boneyard00's rating: 1118 &rarr; <strong>1140</strong><br />(+22 for winning)\n",
  "uploadtime": 1776297798,
  "views": 17,
  "formatid": "gen9championsvgc2026regma",
  "rating": 1053,
  "private": 0,
  "password": null
}