{
  "id": "gen9championsvgc2026regma-2584374192",
  "format": "[Gen 9 Champions] VGC 2026 Reg M-A",
  "players": [
    "salamiforcats",
    "valer23"
  ],
  "log": "|j|\u2606salamiforcats\n|j|\u2606valer23\n|t:|1776255987\n|gametype|doubles\n|player|p1|salamiforcats|hilda|1046\n|player|p2|valer23|red|1048\n|gen|9\n|tier|[Gen 9 Champions] VGC 2026 Reg M-A\n|rated|\n|rule|Species Clause: Limit one of each Pok\u00e9mon\n|rule|Item Clause: Limit 1 of each item\n|clearpoke\n|poke|p1|Zoroark-Hisui, L50, F|\n|poke|p1|Whimsicott, L50, M|\n|poke|p1|Altaria, L50, F|\n|poke|p1|Incineroar, L50, M|\n|poke|p1|Sneasler, L50, F|\n|poke|p1|Corviknight, L50, M|\n|poke|p2|Hawlucha, L50, M|\n|poke|p2|Kingambit, L50, F|\n|poke|p2|Gengar, L50, M|\n|poke|p2|Pelipper, L50, M|\n|poke|p2|Archaludon, L50, M|\n|poke|p2|Incineroar, L50, F|\n|teampreview|4\n|\n|t:|1776256025\n|teamsize|p1|4\n|teamsize|p2|4\n|start\n|switch|p1a: Stalwart|Corviknight, L50, M|100/100\n|switch|p1b: Eggtart|Altaria, L50, F, shiny|100/100\n|switch|p2a: Hawlucha|Hawlucha, L50, M|100/100\n|switch|p2b: Kingambit|Kingambit, L50, F|100/100\n|-ability|p1b: Eggtart|Cloud Nine\n|turn|1\n|\n|t:|1776256063\n|detailschange|p2a: Hawlucha|Hawlucha-Mega, L50, M\n|-mega|p2a: Hawlucha|Hawlucha|Hawluchanite\n|detailschange|p1b: Eggtart|Altaria-Mega, L50, F, shiny\n|-mega|p1b: Eggtart|Altaria|Altarianite\n|move|p1a: Stalwart|Low Kick|p2b: Kingambit\n|-supereffective|p2b: Kingambit|2\n|-crit|p2b: Kingambit\n|-damage|p2b: Kingambit|0 fnt\n|faint|p2b: Kingambit\n|move|p2a: Hawlucha|Entrainment|p2: Kingambit|[notarget]\n|-fail|p2a: Hawlucha\n|move|p1b: Eggtart|Hyper Voice|p2a: Hawlucha\n|-supereffective|p2a: Hawlucha|1\n|-damage|p2a: Hawlucha|0 fnt\n|faint|p2a: Hawlucha\n|\n|upkeep\n|\n|t:|1776256075\n|switch|p2a: Pelipper|Pelipper, L50, M|100/100\n|switch|p2b: Archaludon|Archaludon, L50, M|100/100\n|-weather|RainDance|[from] ability: Drizzle|[of] p2a: Pelipper\n|turn|2\n|\n|t:|1776256101\n|move|p1a: Stalwart|Low Kick|p2b: Archaludon\n|-supereffective|p2b: Archaludon|1\n|-enditem|p2b: Archaludon|Chople Berry|[eat]\n|-enditem|p2b: Archaludon|Chople Berry|[weaken]\n|-damage|p2b: Archaludon|85/100\n|-ability|p2b: Archaludon|Stamina|boost\n|-boost|p2b: Archaludon|def|1\n|move|p2a: Pelipper|Tailwind|p2a: Pelipper\n|-sidestart|p2: valer23|move: Tailwind\n|move|p2b: Archaludon|Electro Shot||[still]\n|-prepare|p2b: Archaludon|Electro Shot\n|-boost|p2b: Archaludon|spa|1\n|-anim|p2b: Archaludon|Electro Shot|p1a: Stalwart\n|-enditem|p1a: Stalwart|Focus Sash\n|-damage|p1a: Stalwart|1/100\n|replace|p1a: Rowan|Zoroark-Hisui, L50, F, shiny\n|-end|p1a: Rowan|Illusion\n|move|p1b: Eggtart|Draco Meteor|p2b: Archaludon\n|-damage|p2b: Archaludon|16/100\n|-unboost|p1b: Eggtart|spa|2\n|-ability|p2b: Archaludon|Stamina|boost\n|-boost|p2b: Archaludon|def|1\n|\n|-weather|RainDance|[upkeep]\n|upkeep\n|turn|3\n|\n|t:|1776256133\n|switch|p1b: darling|Whimsicott, L50, M|100/100\n|move|p2a: Pelipper|Hurricane|p1a: Rowan\n|-damage|p1a: Rowan|0 fnt\n|faint|p1a: Rowan\n|move|p2b: Archaludon|Flash Cannon|p1b: darling\n|-supereffective|p1b: darling|1\n|-damage|p1b: darling|0 fnt\n|faint|p1b: darling\n|\n|-weather|RainDance|[upkeep]\n|upkeep\n|\n|t:|1776256145\n|switch|p1a: Stalwart|Corviknight, L50, M|100/100\n|switch|p1b: Eggtart|Altaria-Mega, L50, F, shiny|100/100\n|turn|4\n|\n|t:|1776256172\n|move|p2a: Pelipper|Hurricane|p1b: Eggtart\n|-damage|p1b: Eggtart|59/100\n|move|p2b: Archaludon|Electro Shot||[still]\n|-prepare|p2b: Archaludon|Electro Shot\n|-boost|p2b: Archaludon|spa|1\n|-anim|p2b: Archaludon|Electro Shot|p1a: Stalwart\n|-supereffective|p1a: Stalwart|1\n|-damage|p1a: Stalwart|0 fnt\n|faint|p1a: Stalwart\n|move|p1b: Eggtart|Draco Meteor|p2b: Archaludon\n|-damage|p2b: Archaludon|0 fnt\n|-unboost|p1b: Eggtart|spa|2\n|faint|p2b: Archaludon\n|\n|-weather|RainDance|[upkeep]\n|upkeep\n|turn|5\n|\n|t:|1776256193\n|move|p2a: Pelipper|Hurricane|p1b: Eggtart\n|-damage|p1b: Eggtart|21/100\n|move|p1b: Eggtart|Roost|p1b: Eggtart\n|-heal|p1b: Eggtart|71/100\n|-singleturn|p1b: Eggtart|move: Roost\n|\n|-weather|RainDance|[upkeep]\n|-sideend|p2: valer23|move: Tailwind\n|upkeep\n|turn|6\n|\n|t:|1776256205\n|move|p2a: Pelipper|Tailwind|p2a: Pelipper\n|-sidestart|p2: valer23|move: Tailwind\n|move|p1b: Eggtart|Hyper Voice|p2a: Pelipper\n|-damage|p2a: Pelipper|56/100\n|\n|-weather|none\n|upkeep\n|turn|7\n|\n|t:|1776256213\n|move|p2a: Pelipper|Hurricane|p1b: Eggtart|[miss]\n|-miss|p2a: Pelipper|p1b: Eggtart\n|move|p1b: Eggtart|Roost|p1b: Eggtart\n|-heal|p1b: Eggtart|100/100\n|-singleturn|p1b: Eggtart|move: Roost\n|\n|upkeep\n|turn|8\n|\n|t:|1776256220\n|move|p2a: Pelipper|Hurricane|p1b: Eggtart\n|-damage|p1b: Eggtart|59/100\n|-start|p1b: Eggtart|confusion\n|-activate|p1b: Eggtart|confusion\n|move|p1b: Eggtart|Hyper Voice|p2a: Pelipper\n|-damage|p2a: Pelipper|11/100\n|\n|upkeep\n|turn|9\n|\n|t:|1776256229\n|move|p2a: Pelipper|Hurricane|p1b: Eggtart\n|-damage|p1b: Eggtart|19/100\n|-activate|p1b: Eggtart|confusion\n|move|p1b: Eggtart|Roost|p1b: Eggtart\n|-heal|p1b: Eggtart|69/100\n|-singleturn|p1b: Eggtart|move: Roost\n|\n|-sideend|p2: valer23|move: Tailwind\n|upkeep\n|turn|10\n|\n|t:|1776256240\n|move|p2a: Pelipper|Hurricane|p1b: Eggtart\n|-damage|p1b: Eggtart|31/100\n|-end|p1b: Eggtart|confusion\n|move|p1b: Eggtart|Hyper Voice|p2a: Pelipper\n|-damage|p2a: Pelipper|0 fnt\n|faint|p2a: Pelipper\n|\n|win|salamiforcats\n|raw|salamiforcats's rating: 1046 &rarr; <strong>1079</strong><br />(+33 for winning)\n|raw|valer23's rating: 1048 &rarr; <strong>1031</strong><br />(-17 for losing)\n|l|\u2606valer23\n|player|p2|\n",
  "uploadtime": 1776256257,
  "views": 23,
  "formatid": "gen9championsvgc2026regma",
  "rating": 1031,
  "private": 0,
  "password": null
}