{
  "id": "gen9championsvgc2026regma-2584214871",
  "format": "[Gen 9 Champions] VGC 2026 Reg M-A",
  "players": [
    "SleepyBadBoy",
    "space9982"
  ],
  "log": "|j|\u2606SleepyBadBoy\n|j|\u2606space9982\n|t:|1776239139\n|gametype|doubles\n|player|p1|SleepyBadBoy|102|1354\n|player|p2|space9982|170|1446\n|gen|9\n|tier|[Gen 9 Champions] VGC 2026 Reg M-A\n|rated|\n|rule|Species Clause: Limit one of each Pok\u00e9mon\n|rule|Item Clause: Limit 1 of each item\n|clearpoke\n|poke|p1|Gengar, L50, M|\n|poke|p1|Incineroar, L50, F|\n|poke|p1|Kommo-o, L50, M|\n|poke|p1|Sinistcha, L50|\n|poke|p1|Kingambit, L50, F|\n|poke|p1|Sneasler, L50, F|\n|poke|p2|Charizard, L50, M|\n|poke|p2|Whimsicott, L50, F|\n|poke|p2|Garchomp, L50, M|\n|poke|p2|Weavile, L50, M|\n|poke|p2|Incineroar, L50, M|\n|poke|p2|Rotom-Wash, L50|\n|teampreview|4\n|inactive|Battle timer is ON: inactive players will automatically lose when time's up. (requested by SleepyBadBoy)\n|inactive|space9982 also wants the timer to be on.\n|j| cryev\n|inactive|SleepyBadBoy has 60 seconds left.\n|l| cryev\n|inactive|SleepyBadBoy has 30 seconds left.\n|\n|t:|1776239209\n|teamsize|p1|4\n|teamsize|p2|4\n|start\n|switch|p1a: Incineroar|Incineroar, L50, F|100/100\n|switch|p1b: Gengar|Gengar, L50, M|100/100\n|switch|p2a: Weavile|Weavile, L50, M, shiny|100/100\n|switch|p2b: Garchomp|Garchomp, L50, M, shiny|100/100\n|-ability|p1a: Incineroar|Intimidate|boost\n|-unboost|p2a: Weavile|atk|1\n|-unboost|p2b: Garchomp|atk|1\n|-enditem|p2a: Weavile|White Herb\n|-clearnegativeboost|p2a: Weavile|[silent]\n|turn|1\n|\n|t:|1776239228\n|detailschange|p1b: Gengar|Gengar-Mega, L50, M\n|-mega|p1b: Gengar|Gengar|Gengarite\n|move|p2a: Weavile|Upper Hand|p1a: Incineroar\n|-supereffective|p1a: Incineroar|1\n|-damage|p1a: Incineroar|64/100\n|cant|p1a: Incineroar|flinch\n|move|p2b: Garchomp|Earthquake|p1a: Incineroar|[spread] p2a,p1a,p1b\n|-supereffective|p1a: Incineroar|1\n|-enditem|p1a: Incineroar|Shuca Berry|[eat]\n|-enditem|p1a: Incineroar|Shuca Berry|[weaken]\n|-supereffective|p1b: Gengar|1\n|-damage|p2a: Weavile|49/100\n|-damage|p1a: Incineroar|43/100\n|-damage|p1b: Gengar|29/100\n|move|p1b: Gengar|Perish Song|p1b: Gengar\n|-start|p1a: Incineroar|perish3|[silent]\n|-start|p1b: Gengar|perish3|[silent]\n|-start|p2a: Weavile|perish3|[silent]\n|-start|p2b: Garchomp|perish3|[silent]\n|-fieldactivate|move: Perish Song\n|\n|-start|p2b: Garchomp|perish3\n|-start|p1b: Gengar|perish3\n|-start|p2a: Weavile|perish3\n|-start|p1a: Incineroar|perish3\n|upkeep\n|turn|2\n|\n|t:|1776239241\n|move|p1b: Gengar|Protect|p1b: Gengar\n|-singleturn|p1b: Gengar|Protect\n|move|p1a: Incineroar|Protect|p1a: Incineroar\n|-singleturn|p1a: Incineroar|Protect\n|move|p2b: Garchomp|Earthquake|p1b: Gengar|[spread] p2a\n|-activate|p1a: Incineroar|move: Protect\n|-activate|p1b: Gengar|move: Protect\n|-damage|p2a: Weavile|3/100\n|move|p2a: Weavile|Knock Off|p1a: Incineroar\n|-activate|p1a: Incineroar|move: Protect\n|\n|-start|p2b: Garchomp|perish2\n|-start|p1b: Gengar|perish2\n|-start|p2a: Weavile|perish2\n|-start|p1a: Incineroar|perish2\n|upkeep\n|turn|3\n|\n|t:|1776239255\n|switch|p1b: Kommo-o|Kommo-o, L50, M|100/100\n|move|p2a: Weavile|Protect|p2a: Weavile\n|-singleturn|p2a: Weavile|Protect\n|move|p2b: Garchomp|Earthquake|p1b: Kommo-o|[spread] p1a,p1b\n|-activate|p2a: Weavile|move: Protect\n|-supereffective|p1a: Incineroar|1\n|-damage|p1a: Incineroar|0 fnt\n|-damage|p1b: Kommo-o|73/100\n|faint|p1a: Incineroar\n|\n|-heal|p1b: Kommo-o|79/100|[from] item: Leftovers\n|-start|p2b: Garchomp|perish1\n|-start|p2a: Weavile|perish1\n|upkeep\n|\n|t:|1776239263\n|switch|p1a: Gengar|Gengar-Mega, L50, M|29/100\n|turn|4\n|\n|t:|1776239266\n|move|p1a: Gengar|Protect|p1a: Gengar\n|-singleturn|p1a: Gengar|Protect\n|move|p1b: Kommo-o|Protect|p1b: Kommo-o\n|-singleturn|p1b: Kommo-o|Protect\n|move|p2b: Garchomp|Earthquake|p1b: Kommo-o|[spread] p2a\n|-activate|p1a: Gengar|move: Protect\n|-activate|p1b: Kommo-o|move: Protect\n|-damage|p2a: Weavile|0 fnt\n|faint|p2a: Weavile\n|\n|-heal|p1b: Kommo-o|85/100|[from] item: Leftovers\n|-start|p2b: Garchomp|perish0\n|faint|p2b: Garchomp\n|upkeep\n|\n|t:|1776239269\n|switch|p2a: Charizard|Charizard, L50, M, shiny|100/100\n|switch|p2b: Whimsicott|Whimsicott, L50, F, shiny|100/100\n|turn|5\n|\n|t:|1776239286\n|detailschange|p2a: Charizard|Charizard-Mega-Y, L50, M, shiny\n|-mega|p2a: Charizard|Charizard|Charizardite Y\n|-weather|SunnyDay|[from] ability: Drought|[of] p2a: Charizard\n|move|p2b: Whimsicott|Encore|p1a: Gengar\n|-start|p1a: Gengar|Encore\n|move|p1a: Gengar|Protect||[still]\n|-fail|p1a: Gengar\n|move|p1b: Kommo-o|Clanging Scales|p2b: Whimsicott|[spread] p2a\n|-immune|p2b: Whimsicott\n|-damage|p2a: Charizard|68/100\n|-unboost|p1b: Kommo-o|def|1\n|move|p2a: Charizard|Heat Wave|p1b: Kommo-o|[spread] p1a,p1b\n|-resisted|p1b: Kommo-o|1\n|-damage|p1a: Gengar|0 fnt\n|-damage|p1b: Kommo-o|43/100\n|faint|p1a: Gengar\n|\n|-weather|SunnyDay|[upkeep]\n|-heal|p1b: Kommo-o|49/100|[from] item: Leftovers\n|upkeep\n|\n|t:|1776239297\n|switch|p1a: Kingambit|Kingambit, L50, F|100/100\n|turn|6\n|\n|t:|1776239310\n|move|p2a: Charizard|Protect|p2a: Charizard\n|-singleturn|p2a: Charizard|Protect\n|move|p2b: Whimsicott|Tailwind|p2b: Whimsicott\n|-sidestart|p2: space9982|move: Tailwind\n|move|p1a: Kingambit|Sucker Punch||[still]\n|-fail|p1a: Kingambit\n|move|p1b: Kommo-o|Clanging Scales|p2a: Charizard|[spread] \n|-activate|p2a: Charizard|move: Protect\n|-immune|p2b: Whimsicott\n|\n|-weather|SunnyDay|[upkeep]\n|-heal|p1b: Kommo-o|55/100|[from] item: Leftovers\n|upkeep\n|turn|7\n|\n|t:|1776239326\n|move|p2b: Whimsicott|Encore|p1b: Kommo-o\n|-start|p1b: Kommo-o|Encore\n|move|p1a: Kingambit|Sucker Punch|p2a: Charizard\n|-damage|p2a: Charizard|17/100\n|move|p2a: Charizard|Heat Wave|p1b: Kommo-o|[spread] p1a,p1b\n|-supereffective|p1a: Kingambit|1\n|-resisted|p1b: Kommo-o|1\n|-damage|p1a: Kingambit|0 fnt\n|-damage|p1b: Kommo-o|18/100\n|faint|p1a: Kingambit\n|move|p1b: Kommo-o|Clanging Scales|p2a: Charizard|[spread] p2a\n|-immune|p2b: Whimsicott\n|-damage|p2a: Charizard|0 fnt\n|faint|p2a: Charizard\n|-unboost|p1b: Kommo-o|def|1\n|\n|-weather|SunnyDay|[upkeep]\n|-heal|p1b: Kommo-o|24/100|[from] item: Leftovers\n|upkeep\n|turn|8\n|-message|SleepyBadBoy forfeited.\n|\n|win|space9982\n|raw|SleepyBadBoy's rating: 1354 &rarr; <strong>1339</strong><br />(-15 for losing)\n|raw|space9982's rating: 1446 &rarr; <strong>1461</strong><br />(+15 for winning)\n|l|\u2606SleepyBadBoy\n|player|p1|\n|l|\u2606space9982\n|player|p2|\n|j|\u2606space9982\n|player|p2|space9982|170|\n",
  "uploadtime": 1776239379,
  "views": 37,
  "formatid": "gen9championsvgc2026regma",
  "rating": 1339,
  "private": 0,
  "password": null
}