{
  "id": "gen9championsvgc2026regma-2581169557",
  "format": "[Gen 9 Champions] VGC 2026 Reg M-A",
  "players": [
    "miguelangelrm",
    "littlemxgicbee"
  ],
  "log": "|j|\u2606miguelangelrm\n|j|\u2606littlemxgicbee\n|t:|1775966679\n|gametype|doubles\n|player|p1|miguelangelrm|veteran|1000\n|player|p2|littlemxgicbee|iris-gen5bw2|1031\n|gen|9\n|tier|[Gen 9 Champions] VGC 2026 Reg M-A\n|rated|\n|rule|Species Clause: Limit one of each Pok\u00e9mon\n|rule|Item Clause: Limit 1 of each item\n|clearpoke\n|poke|p1|Chesnaught, L50, F|\n|poke|p1|Whimsicott, L50, M|\n|poke|p1|Empoleon, L50, M|\n|poke|p1|Armarouge, L50, F|\n|poke|p1|Farigiraf, L50, F|\n|poke|p1|Incineroar, L50, M|\n|poke|p2|Dragonite, L50, F|\n|poke|p2|Pelipper, L50, F|\n|poke|p2|Sneasler, L50, M|\n|poke|p2|Archaludon, L50, F|\n|poke|p2|Basculegion, L50, M|\n|poke|p2|Sinistcha, L50|\n|teampreview|4\n|inactive|Battle timer is ON: inactive players will automatically lose when time's up. (requested by miguelangelrm)\n|inactive|littlemxgicbee also wants the timer to be on.\n|inactive|littlemxgicbee has 60 seconds left.\n|\n|t:|1775966719\n|teamsize|p1|4\n|teamsize|p2|4\n|start\n|switch|p1a: Chesnaught|Chesnaught, L50, F|100/100\n|switch|p1b: Farigiraf|Farigiraf, L50, F|100/100\n|switch|p2a: Sneasler|Sneasler, L50, M|100/100\n|switch|p2b: Basculegion|Basculegion, L50, M|100/100\n|turn|1\n|inactive|littlemxgicbee has 30 seconds left.\n|inactive|littlemxgicbee has 20 seconds left.\n|inactive|littlemxgicbee has 15 seconds left.\n|\n|t:|1775966759\n|detailschange|p1a: Chesnaught|Chesnaught-Mega, L50, F\n|-mega|p1a: Chesnaught|Chesnaught|Chesnaughtite\n|move|p1a: Chesnaught|Spiky Shield|p1a: Chesnaught\n|-singleturn|p1a: Chesnaught|move: Protect\n|move|p2b: Basculegion|Last Respects|p1a: Chesnaught\n|-activate|p1a: Chesnaught|move: Protect\n|move|p2a: Sneasler|Dire Claw|p1a: Chesnaught\n|-activate|p1a: Chesnaught|move: Protect\n|-damage|p2a: Sneasler|88/100|[from] Spiky Shield|[of] p1a: Chesnaught\n|move|p1b: Farigiraf|Trick Room|p1b: Farigiraf\n|-fieldstart|move: Trick Room|[of] p1b: Farigiraf\n|\n|upkeep\n|turn|2\n|inactive|miguelangelrm has 30 seconds left.\n|inactive|miguelangelrm has 20 seconds left.\n|\n|t:|1775966797\n|switch|p2a: Pelipper|Pelipper, L50, F|100/100\n|-weather|RainDance|[from] ability: Drizzle|[of] p2a: Pelipper\n|move|p1a: Chesnaught|Close Combat|p2b: Basculegion\n|-immune|p2b: Basculegion\n|move|p1b: Farigiraf|Hyper Voice|p2b: Basculegion|[spread] p2a\n|-immune|p2b: Basculegion\n|-damage|p2a: Pelipper|59/100\n|move|p2b: Basculegion|Last Respects|p1a: Chesnaught\n|-damage|p1a: Chesnaught|78/100\n|\n|-weather|RainDance|[upkeep]\n|upkeep\n|turn|3\n|inactive|littlemxgicbee has 30 seconds left.\n|\n|t:|1775966824\n|switch|p2b: Sneasler|Sneasler, L50, M|88/100\n|move|p1a: Chesnaught|Seed Bomb|p2b: Sneasler\n|-resisted|p2b: Sneasler|1\n|-damage|p2b: Sneasler|49/100\n|move|p1b: Farigiraf|Hyper Voice|p2a: Pelipper|[spread] p2a,p2b\n|-damage|p2a: Pelipper|18/100\n|-damage|p2b: Sneasler|0 fnt\n|faint|p2b: Sneasler\n|move|p2a: Pelipper|Weather Ball|p1b: Farigiraf\n|-damage|p1b: Farigiraf|38/100\n|\n|-weather|RainDance|[upkeep]\n|upkeep\n|\n|t:|1775966832\n|switch|p2b: Dragonite|Dragonite, L50, F|100/100\n|turn|4\n|\n|t:|1775966843\n|switch|p2a: Basculegion|Basculegion, L50, M|100/100\n|detailschange|p2b: Dragonite|Dragonite-Mega, L50, F\n|-mega|p2b: Dragonite|Dragonite|Dragoninite\n|move|p1a: Chesnaught|Rock Slide|p2a: Basculegion|[spread] p2a,p2b\n|-crit|p2a: Basculegion\n|-supereffective|p2b: Dragonite|1\n|-damage|p2a: Basculegion|61/100\n|-damage|p2b: Dragonite|84/100\n|move|p1b: Farigiraf|Hyper Voice|p2b: Dragonite|[spread] p2b\n|-immune|p2a: Basculegion\n|-damage|p2b: Dragonite|58/100\n|cant|p2b: Dragonite|flinch\n|\n|-weather|RainDance|[upkeep]\n|upkeep\n|turn|5\n|inactive|littlemxgicbee has 30 seconds left.\n|\n|t:|1775966869\n|move|p2b: Dragonite|Protect|p2b: Dragonite\n|-singleturn|p2b: Dragonite|Protect\n|move|p1a: Chesnaught|Seed Bomb|p2a: Basculegion\n|-supereffective|p2a: Basculegion|1\n|-damage|p2a: Basculegion|0 fnt\n|faint|p2a: Basculegion\n|move|p1b: Farigiraf|Shadow Ball|p2b: Dragonite\n|-activate|p2b: Dragonite|move: Protect\n|\n|-weather|RainDance|[upkeep]\n|-fieldend|move: Trick Room\n|upkeep\n|\n|t:|1775966874\n|switch|p2a: Pelipper|Pelipper, L50, F|18/100\n|turn|6\n|\n|t:|1775966887\n|move|p1a: Chesnaught|Spiky Shield|p1a: Chesnaught\n|-singleturn|p1a: Chesnaught|move: Protect\n|move|p2b: Dragonite|Hurricane|p1a: Chesnaught\n|-activate|p1a: Chesnaught|move: Protect\n|move|p2a: Pelipper|Hurricane|p1b: Farigiraf\n|-damage|p1b: Farigiraf|1/100\n|move|p1b: Farigiraf|Trick Room|p1b: Farigiraf\n|-fieldstart|move: Trick Room|[of] p1b: Farigiraf\n|\n|-weather|none\n|upkeep\n|turn|7\n|-message|littlemxgicbee forfeited.\n|\n|win|miguelangelrm\n|raw|miguelangelrm's rating: 1000 &rarr; <strong>1044</strong><br />(+44 for winning)\n|raw|littlemxgicbee's rating: 1031 &rarr; <strong>1015</strong><br />(-16 for losing)\n|l|\u2606littlemxgicbee\n|player|p2|\n",
  "uploadtime": 1775966903,
  "views": 13,
  "formatid": "gen9championsvgc2026regma",
  "rating": 1015,
  "private": 0,
  "password": null
}