{
  "id": "gen9championsvgc2026regma-2589389894",
  "format": "[Gen 9 Champions] VGC 2026 Reg M-A",
  "players": [
    "otshibe",
    "TMA3_PKM"
  ],
  "log": "|j|\u2606otshibe\n|j|\u2606TMA3_PKM\n|t:|1776719088\n|gametype|doubles\n|player|p1|otshibe|1|1150\n|player|p2|TMA3_PKM|170|1219\n|gen|9\n|tier|[Gen 9 Champions] VGC 2026 Reg M-A\n|rated|\n|rule|Species Clause: Limit one of each Pok\u00e9mon\n|rule|Item Clause: Limit 1 of each item\n|clearpoke\n|poke|p1|Pelipper, L50, F|\n|poke|p1|Gyarados, L50, M|\n|poke|p1|Hydrapple, L50, M|\n|poke|p1|Basculegion, L50, M|\n|poke|p1|Raichu, L50, M|\n|poke|p1|Primarina, L50, F|\n|poke|p2|Oranguru, L50, M|\n|poke|p2|Houndoom, L50, F|\n|poke|p2|Milotic, L50, M|\n|poke|p2|Drampa, L50, F|\n|poke|p2|Ariados, L50, F|\n|poke|p2|Skarmory, L50, F|\n|teampreview|4\n|inactive|Battle timer is ON: inactive players will automatically lose when time's up. (requested by TMA3_PKM)\n|inactive|otshibe has 60 seconds left.\n|inactive|otshibe has 30 seconds left.\n|inactive|otshibe has 20 seconds left.\n|inactive|otshibe has 15 seconds left.\n|inactive|otshibe has 10 seconds left.\n|inactive|otshibe has 5 seconds left.\n|\n|t:|1776719200\n|teamsize|p1|4\n|teamsize|p2|4\n|start\n|switch|p1a: Raichu|Raichu, L50, M|100/100\n|switch|p1b: Gyarados|Gyarados, L50, M|100/100\n|switch|p2a: Oranguru|Oranguru, L50, M|100/100\n|switch|p2b: Drampa|Drampa, L50, F|100/100\n|-ability|p1b: Gyarados|Intimidate|boost\n|-fail|p2a: Oranguru|unboost|Attack|[from] ability: Inner Focus|[of] p2a: Oranguru\n|-unboost|p2b: Drampa|atk|1\n|turn|1\n|inactive|otshibe has 30 seconds left.\n|inactive|otshibe has 20 seconds left.\n|inactive|otshibe has 15 seconds left.\n|\n|t:|1776719245\n|detailschange|p1b: Gyarados|Gyarados-Mega, L50, M\n|-mega|p1b: Gyarados|Gyarados|Gyaradosite\n|-ability|p1b: Gyarados|Mold Breaker\n|detailschange|p2b: Drampa|Drampa-Mega, L50, F\n|-mega|p2b: Drampa|Drampa|Drampanite\n|move|p1a: Raichu|Nuzzle|p2a: Oranguru\n|-damage|p2a: Oranguru|94/100\n|-status|p2a: Oranguru|par\n|move|p1b: Gyarados|Crunch|p2a: Oranguru\n|-supereffective|p2a: Oranguru|1\n|-damage|p2a: Oranguru|15/100 par\n|move|p2b: Drampa|Hyper Voice|p1a: Raichu|[spread] p1a,p1b\n|-damage|p1a: Raichu|35/100\n|-damage|p1b: Gyarados|67/100\n|move|p2a: Oranguru|Trick Room|p2a: Oranguru\n|-fieldstart|move: Trick Room|[of] p2a: Oranguru\n|\n|upkeep\n|turn|2\n|inactive|otshibe has 30 seconds left.\n|inactive|TMA3_PKM has 30 seconds left.\n|inactive|otshibe has 20 seconds left.\n|inactive|otshibe has 15 seconds left.\n|inactive|otshibe has 10 seconds left.\n|inactive|otshibe has 5 seconds left.\n|\n|t:|1776719299\n|move|p1b: Gyarados|Protect|p1b: Gyarados\n|-singleturn|p1b: Gyarados|Protect\n|move|p2a: Oranguru|Psyshock|p1a: Raichu\n|-damage|p1a: Raichu|0 fnt\n|faint|p1a: Raichu\n|move|p2b: Drampa|Dragon Pulse|p1b: Gyarados\n|-activate|p1b: Gyarados|move: Protect\n|\n|upkeep\n|\n|t:|1776719312\n|switch|p1a: Hydrapple|Hydrapple, L50, M|100/100\n|turn|3\n|\n|t:|1776719336\n|move|p2a: Oranguru|Psyshock|p1a: Hydrapple\n|-damage|p1a: Hydrapple|82/100\n|move|p2b: Drampa|Dragon Pulse|p1b: Gyarados\n|-damage|p1b: Gyarados|24/100\n|move|p1a: Hydrapple|Draco Meteor|p2b: Drampa\n|-supereffective|p2b: Drampa|1\n|-damage|p2b: Drampa|15/100\n|-unboost|p1a: Hydrapple|spa|2\n|-ability|p2b: Drampa|Berserk|boost\n|-boost|p2b: Drampa|spa|1\n|move|p1b: Gyarados|Crunch|p2a: Oranguru\n|-supereffective|p2a: Oranguru|1\n|-damage|p2a: Oranguru|0 fnt\n|faint|p2a: Oranguru\n|\n|-heal|p1a: Hydrapple|88/100|[from] item: Leftovers\n|upkeep\n|\n|t:|1776719353\n|switch|p2a: Ariados|Ariados, L50, F|100/100\n|turn|4\n|\n|t:|1776719359\n|switch|p1a: Basculegion|Basculegion, L50, M|100/100\n|move|p1b: Gyarados|Protect|p1b: Gyarados\n|-singleturn|p1b: Gyarados|Protect\n|move|p2b: Drampa|Dragon Pulse|p1a: Basculegion\n|-damage|p1a: Basculegion|8/100\n|move|p2a: Ariados|Poison Jab|p1b: Gyarados\n|-activate|p1b: Gyarados|move: Protect\n|\n|upkeep\n|turn|5\n|inactive|otshibe has 30 seconds left.\n|\n|t:|1776719393\n|switch|p1a: Hydrapple|Hydrapple, L50, M|100/100\n|move|p1b: Gyarados|Protect|p1b: Gyarados\n|-singleturn|p1b: Gyarados|Protect\n|move|p2a: Ariados|Rage Powder|p2a: Ariados\n|-singleturn|p2a: Ariados|move: Rage Powder\n|move|p2b: Drampa|Heat Wave|p1a: Hydrapple|[spread] p1a\n|-activate|p1b: Gyarados|move: Protect\n|-damage|p1a: Hydrapple|52/100\n|\n|-heal|p1a: Hydrapple|58/100|[from] item: Leftovers\n|-fieldend|move: Trick Room\n|upkeep\n|turn|6\n|inactive|otshibe has 30 seconds left.\n|\n|t:|1776719424\n|move|p1b: Gyarados|Crunch|p2b: Drampa\n|-damage|p2b: Drampa|0 fnt\n|faint|p2b: Drampa\n|move|p1a: Hydrapple|Pollen Puff|p1b: Gyarados\n|-heal|p1b: Gyarados|74/100\n|move|p2a: Ariados|Poison Jab|p1a: Hydrapple\n|-supereffective|p1a: Hydrapple|1\n|-damage|p1a: Hydrapple|13/100\n|-status|p1a: Hydrapple|psn\n|\n|-heal|p1a: Hydrapple|19/100 psn|[from] item: Leftovers\n|-damage|p1a: Hydrapple|7/100 psn|[from] psn\n|upkeep\n|\n|t:|1776719438\n|switch|p2b: Milotic|Milotic, L50, M|100/100\n|turn|7\n|\n|t:|1776719458\n|move|p2a: Ariados|Rage Powder|p2a: Ariados\n|-singleturn|p2a: Ariados|move: Rage Powder\n|move|p1b: Gyarados|Waterfall|p2a: Ariados\n|-damage|p2a: Ariados|46/100\n|-enditem|p2a: Ariados|Sitrus Berry|[eat]\n|-heal|p2a: Ariados|71/100|[from] item: Sitrus Berry\n|move|p2b: Milotic|Muddy Water|p1a: Hydrapple|[spread] p1b\n|-miss|p2b: Milotic|p1a: Hydrapple\n|-resisted|p1b: Gyarados|1\n|-damage|p1b: Gyarados|62/100\n|move|p1a: Hydrapple|Leaf Storm|p2b: Milotic\n|-supereffective|p2b: Milotic|1\n|-damage|p2b: Milotic|28/100\n|-unboost|p1a: Hydrapple|spa|2\n|\n|-heal|p2b: Milotic|34/100|[from] item: Leftovers\n|-heal|p1a: Hydrapple|13/100 psn|[from] item: Leftovers\n|-damage|p1a: Hydrapple|0 fnt|[from] psn\n|faint|p1a: Hydrapple\n|upkeep\n|\n|t:|1776719475\n|switch|p1a: Basculegion|Basculegion, L50, M|8/100\n|turn|8\n|\n|t:|1776719497\n|move|p1a: Basculegion|Last Respects|p2a: Ariados\n|-damage|p2a: Ariados|0 fnt\n|faint|p2a: Ariados\n|move|p1b: Gyarados|Crunch|p2b: Milotic\n|-damage|p2b: Milotic|0 fnt\n|faint|p2b: Milotic\n|\n|win|otshibe\n|raw|otshibe's rating: 1150 &rarr; <strong>1180</strong><br />(+30 for winning)\n|raw|TMA3_PKM's rating: 1219 &rarr; <strong>1189</strong><br />(-30 for losing)\n|l|\u2606TMA3_PKM\n|player|p2|\n",
  "uploadtime": 1776719508,
  "views": 12,
  "formatid": "gen9championsvgc2026regma",
  "rating": 1180,
  "private": 0,
  "password": null
}