{
  "id": "gen9championsvgc2026regma-2582053245",
  "format": "[Gen 9 Champions] VGC 2026 Reg M-A",
  "players": [
    "12lego2",
    "MilkTeaWayGalaxy"
  ],
  "log": "|j|\u260612lego2\n|j|\u2606MilkTeaWayGalaxy\n|t:|1776052314\n|gametype|doubles\n|player|p1|12lego2|266|1047\n|player|p2|MilkTeaWayGalaxy|169|1000\n|gen|9\n|tier|[Gen 9 Champions] VGC 2026 Reg M-A\n|rated|\n|rule|Species Clause: Limit one of each Pok\u00e9mon\n|rule|Item Clause: Limit 1 of each item\n|clearpoke\n|poke|p1|Farigiraf, L50, M|\n|poke|p1|Ampharos, L50, M|\n|poke|p1|Tsareena, L50, F|\n|poke|p1|Gengar, L50, M|\n|poke|p1|Bastiodon, L50, F|\n|poke|p1|Emboar, L50, F|\n|poke|p2|Froslass, L50, F|\n|poke|p2|Sinistcha, L50|\n|poke|p2|Kingambit, L50, M|\n|poke|p2|Sneasler, L50, F|\n|poke|p2|Incineroar, L50, M|\n|poke|p2|Basculegion, L50, M|\n|teampreview|4\n|inactive|Battle timer is ON: inactive players will automatically lose when time's up. (requested by 12lego2)\n|\n|t:|1776052357\n|teamsize|p1|4\n|teamsize|p2|4\n|start\n|switch|p1a: Gengar|Gengar, L50, M|100/100\n|switch|p1b: Farigiraf|Farigiraf, L50, M|100/100\n|switch|p2a: Froslass|Froslass, L50, F|100/100\n|switch|p2b: Incineroar|Incineroar, L50, M|100/100\n|-ability|p2b: Incineroar|Intimidate|boost\n|-unboost|p1a: Gengar|atk|1\n|-unboost|p1b: Farigiraf|atk|1\n|turn|1\n|inactive|12lego2 has 30 seconds left.\n|inactive|12lego2 has 20 seconds left.\n|inactive|12lego2 has 15 seconds left.\n|\n|t:|1776052397\n|switch|p2a: Kingambit|Kingambit, L50, M|100/100\n|move|p1a: Gengar|Taunt|p2b: Incineroar\n|-start|p2b: Incineroar|move: Taunt\n|move|p2b: Incineroar|Darkest Lariat|p1a: Gengar\n|-supereffective|p1a: Gengar|1\n|-enditem|p1a: Gengar|Focus Sash\n|-damage|p1a: Gengar|1/100\n|move|p1b: Farigiraf|Trick Room|p1b: Farigiraf\n|-fieldstart|move: Trick Room|[of] p1b: Farigiraf\n|\n|upkeep\n|turn|2\n|\n|t:|1776052420\n|switch|p1a: Emboar|Emboar, L50, F|100/100\n|move|p1b: Farigiraf|Protect|p1b: Farigiraf\n|-singleturn|p1b: Farigiraf|Protect\n|move|p2a: Kingambit|Kowtow Cleave|p1b: Farigiraf\n|-activate|p1b: Farigiraf|move: Protect\n|move|p2b: Incineroar|Darkest Lariat|p1b: Farigiraf\n|-activate|p1b: Farigiraf|move: Protect\n|\n|upkeep\n|turn|3\n|inactive|MilkTeaWayGalaxy has 30 seconds left.\n|\n|t:|1776052449\n|switch|p2a: Basculegion|Basculegion, L50, M|100/100\n|switch|p2b: Froslass|Froslass, L50, F|100/100\n|move|p1b: Farigiraf|Hyper Voice|p2a: Basculegion|[spread] \n|-immune|p2a: Basculegion\n|-immune|p2b: Froslass\n|move|p1a: Emboar|Flare Blitz|p2a: Basculegion\n|-resisted|p2a: Basculegion|1\n|-damage|p2a: Basculegion|61/100\n|-damage|p1a: Emboar|87/100|[from] Recoil\n|\n|upkeep\n|turn|4\n|\n|t:|1776052471\n|switch|p2b: Incineroar|Incineroar, L50, M|100/100\n|-ability|p2b: Incineroar|Intimidate|boost\n|-unboost|p1a: Emboar|atk|1\n|-unboost|p1b: Farigiraf|atk|1\n|move|p1b: Farigiraf|Psychic Noise|p2a: Basculegion\n|-damage|p2a: Basculegion|26/100\n|-start|p2a: Basculegion|move: Heal Block\n|move|p1a: Emboar|Heat Crash|p2b: Incineroar\n|-resisted|p2b: Incineroar|1\n|-damage|p2b: Incineroar|93/100\n|move|p2a: Basculegion|Wave Crash|p1a: Emboar\n|-supereffective|p1a: Emboar|1\n|-damage|p1a: Emboar|0 fnt\n|faint|p1a: Emboar\n|-damage|p2a: Basculegion|0 fnt|[from] Recoil\n|faint|p2a: Basculegion\n|\n|-heal|p2b: Incineroar|99/100|[from] item: Leftovers\n|upkeep\n|\n|t:|1776052486\n|switch|p1a: Ampharos|Ampharos, L50, M|100/100\n|switch|p2a: Kingambit|Kingambit, L50, M|100/100\n|turn|5\n|\n|t:|1776052493\n|detailschange|p1a: Ampharos|Ampharos-Mega, L50, M\n|-mega|p1a: Ampharos|Ampharos|Ampharosite\n|-ability|p1a: Ampharos|Mold Breaker\n|move|p1b: Farigiraf|Protect|p1b: Farigiraf\n|-singleturn|p1b: Farigiraf|Protect\n|move|p2a: Kingambit|Kowtow Cleave|p1b: Farigiraf\n|-activate|p1b: Farigiraf|move: Protect\n|move|p1a: Ampharos|Discharge|p2b: Incineroar|[spread] p2a,p2b\n|-activate|p1b: Farigiraf|move: Protect\n|-damage|p2a: Kingambit|63/100\n|-damage|p2b: Incineroar|69/100\n|move|p2b: Incineroar|Parting Shot|p1a: Ampharos\n|-unboost|p1a: Ampharos|atk|1\n|-unboost|p1a: Ampharos|spa|1\n|\n|t:|1776052503\n|switch|p2b: Froslass|Froslass, L50, F|100/100|[from] Parting Shot\n|\n|-fieldend|move: Trick Room\n|upkeep\n|turn|6\n|\n|t:|1776052510\n|detailschange|p2b: Froslass|Froslass-Mega, L50, F\n|-mega|p2b: Froslass|Froslass|Froslassite\n|-weather|Snowscape|[from] ability: Snow Warning|[of] p2b: Froslass\n|move|p1a: Ampharos|Protect|p1a: Ampharos\n|-singleturn|p1a: Ampharos|Protect\n|move|p2b: Froslass|Blizzard|p1b: Farigiraf|[spread] p1b\n|-activate|p1a: Ampharos|move: Protect\n|-damage|p1b: Farigiraf|60/100\n|move|p2a: Kingambit|Kowtow Cleave|p1b: Farigiraf\n|-supereffective|p1b: Farigiraf|1\n|-damage|p1b: Farigiraf|0 fnt\n|faint|p1b: Farigiraf\n|\n|-weather|Snowscape|[upkeep]\n|upkeep\n|\n|t:|1776052520\n|switch|p1b: Gengar|Gengar, L50, M|1/100\n|turn|7\n|\n|t:|1776052529\n|move|p2a: Kingambit|Sucker Punch||[still]\n|-fail|p2a: Kingambit\n|move|p2b: Froslass|Blizzard|p1a: Ampharos|[spread] p1a,p1b\n|-supereffective|p1a: Ampharos|1\n|-damage|p1a: Ampharos|32/100\n|-damage|p1b: Gengar|0 fnt\n|faint|p1b: Gengar\n|move|p1a: Ampharos|Discharge|p2a: Kingambit|[spread] p2a,p2b\n|-damage|p2a: Kingambit|37/100\n|-damage|p2b: Froslass|70/100\n|-status|p2a: Kingambit|par\n|\n|-weather|Snowscape|[upkeep]\n|upkeep\n|turn|8\n|-message|12lego2 forfeited.\n|\n|win|MilkTeaWayGalaxy\n|raw|12lego2's rating: 1047 &rarr; <strong>1028</strong><br />(-19 for losing)\n|raw|MilkTeaWayGalaxy's rating: 1000 &rarr; <strong>1045</strong><br />(+45 for winning)\n|l|\u260612lego2\n|player|p1|\n",
  "uploadtime": 1776052541,
  "views": 15,
  "formatid": "gen9championsvgc2026regma",
  "rating": 1028,
  "private": 0,
  "password": null
}