{
  "id": "gen9championsvgc2026regma-2581463005",
  "format": "[Gen 9 Champions] VGC 2026 Reg M-A",
  "players": [
    "torebi",
    "Chikitriskis"
  ],
  "log": "|j|\u2606torebi\n|j|\u2606Chikitriskis\n|t:|1776002824\n|gametype|doubles\n|player|p1|torebi|1|1080\n|player|p2|Chikitriskis|canari|1000\n|gen|9\n|tier|[Gen 9 Champions] VGC 2026 Reg M-A\n|rated|\n|rule|Species Clause: Limit one of each Pok\u00e9mon\n|rule|Item Clause: Limit 1 of each item\n|clearpoke\n|poke|p1|Farigiraf, L50, F|\n|poke|p1|Garchomp, L50, M|\n|poke|p1|Tyranitar, L50, M|\n|poke|p1|Forretress, L50, F|\n|poke|p1|Drampa, L50, F|\n|poke|p1|Gardevoir, L50, M|\n|poke|p2|Venusaur, L50, F|\n|poke|p2|Toxapex, L50, M|\n|poke|p2|Farigiraf, L50, M|\n|poke|p2|Arcanine-Hisui, L50, M|\n|poke|p2|Ninetales-Alola, L50, M|\n|poke|p2|Basculegion, L50, M|\n|teampreview|4\n|inactive|Battle timer is ON: inactive players will automatically lose when time's up. (requested by Chikitriskis)\n|\n|t:|1776002842\n|teamsize|p1|4\n|teamsize|p2|4\n|start\n|switch|p1a: Gardevoir|Gardevoir, L50, M, shiny|100/100\n|switch|p1b: Garchomp|Garchomp, L50, M|100/100\n|switch|p2a: Toxapex|Toxapex, L50, M|100/100\n|switch|p2b: Arcanine|Arcanine-Hisui, L50, M|100/100\n|-ability|p2b: Arcanine|Intimidate|boost\n|-unboost|p1a: Gardevoir|atk|1\n|-unboost|p1b: Garchomp|atk|1\n|turn|1\n|inactive|Chikitriskis has 30 seconds left.\n|\n|t:|1776002877\n|switch|p1b: Drampa|Drampa, L50, F, shiny|100/100\n|move|p2a: Toxapex|Baneful Bunker|p2a: Toxapex\n|-singleturn|p2a: Toxapex|move: Protect\n|move|p2b: Arcanine|Stealth Rock|p1b: Drampa\n|-sidestart|p1: torebi|move: Stealth Rock\n|move|p1a: Gardevoir|Gravity|p1a: Gardevoir\n|-fieldstart|move: Gravity\n|\n|upkeep\n|turn|2\n|\n|t:|1776002892\n|move|p2b: Arcanine|Flare Blitz|p1a: Gardevoir\n|-damage|p1a: Gardevoir|18/100\n|-damage|p2b: Arcanine|73/100|[from] Recoil\n|move|p1b: Drampa|Thunder|p2a: Toxapex\n|-supereffective|p2a: Toxapex|1\n|-damage|p2a: Toxapex|42/100\n|move|p2a: Toxapex|Toxic Spikes|p1a: Gardevoir\n|-sidestart|p1: torebi|move: Toxic Spikes\n|move|p1a: Gardevoir|Trick Room|p1a: Gardevoir\n|-fieldstart|move: Trick Room|[of] p1a: Gardevoir\n|\n|-heal|p2a: Toxapex|48/100|[from] item: Leftovers\n|-heal|p1a: Gardevoir|24/100|[from] item: Leftovers\n|upkeep\n|turn|3\n|inactive|Chikitriskis has 30 seconds left.\n|inactive|Chikitriskis has 20 seconds left.\n|inactive|Chikitriskis has 15 seconds left.\n|\n|t:|1776002932\n|switch|p2a: Farigiraf|Farigiraf, L50, M|100/100\n|move|p1a: Gardevoir|Protect|p1a: Gardevoir\n|-singleturn|p1a: Gardevoir|Protect\n|move|p1b: Drampa|Hydro Pump|p2b: Arcanine\n|-supereffective|p2b: Arcanine|2\n|-damage|p2b: Arcanine|0 fnt\n|faint|p2b: Arcanine\n|\n|-heal|p1a: Gardevoir|30/100|[from] item: Leftovers\n|upkeep\n|\n|t:|1776002947\n|switch|p2b: Venusaur|Venusaur, L50, F, shiny|100/100\n|turn|4\n|\n|t:|1776002971\n|detailschange|p2b: Venusaur|Venusaur-Mega, L50, F, shiny\n|-mega|p2b: Venusaur|Venusaur|Venusaurite\n|move|p2a: Farigiraf|Ally Switch|p2a: Farigiraf\n|swap|p2a: Farigiraf|1|[from] move: Ally Switch\n|move|p1b: Drampa|Blizzard|p2a: Venusaur|[spread] p2a,p2b\n|-supereffective|p2a: Venusaur|1\n|-damage|p2a: Venusaur|77/100\n|-damage|p2b: Farigiraf|70/100\n|move|p2a: Venusaur|Leech Seed|p1b: Drampa\n|-start|p1b: Drampa|move: Leech Seed\n|move|p1a: Gardevoir|Gravity||[still]\n|-fail|p1a: Gardevoir\n|\n|-heal|p1a: Gardevoir|35/100|[from] item: Leftovers\n|-damage|p1b: Drampa|88/100|[from] Leech Seed|[of] p2a: Venusaur\n|-heal|p2a: Venusaur|88/100|[silent]\n|upkeep\n|turn|5\n|inactive|torebi has 30 seconds left.\n|inactive|Chikitriskis has 30 seconds left.\n|\n|t:|1776003002\n|move|p1a: Gardevoir|Protect|p1a: Gardevoir\n|-singleturn|p1a: Gardevoir|Protect\n|move|p1b: Drampa|Blizzard|p2a: Venusaur|[spread] p2a,p2b\n|-supereffective|p2a: Venusaur|1\n|-damage|p2a: Venusaur|62/100\n|-damage|p2b: Farigiraf|39/100\n|-enditem|p2b: Farigiraf|Sitrus Berry|[eat]\n|-heal|p2b: Farigiraf|64/100|[from] item: Sitrus Berry\n|move|p2b: Farigiraf|Hyper Voice|p1a: Gardevoir|[spread] p1b\n|-activate|p1a: Gardevoir|move: Protect\n|-damage|p1b: Drampa|60/100\n|move|p2a: Venusaur|Giga Drain|p1a: Gardevoir\n|-activate|p1a: Gardevoir|move: Protect\n|\n|-heal|p1a: Gardevoir|41/100|[from] item: Leftovers\n|-damage|p1b: Drampa|48/100|[from] Leech Seed|[of] p2a: Venusaur\n|-heal|p2a: Venusaur|73/100|[silent]\n|-fieldend|move: Gravity\n|upkeep\n|turn|6\n|inactive|Chikitriskis has 30 seconds left.\n|\n|t:|1776003033\n|move|p2b: Farigiraf|Protect|p2b: Farigiraf\n|-singleturn|p2b: Farigiraf|Protect\n|move|p1b: Drampa|Blizzard|p2b: Farigiraf|[spread] p2a\n|-activate|p2b: Farigiraf|move: Protect\n|-supereffective|p2a: Venusaur|1\n|-damage|p2a: Venusaur|49/100\n|move|p2a: Venusaur|Giga Drain|p1a: Gardevoir\n|-damage|p1a: Gardevoir|16/100\n|-heal|p2a: Venusaur|61/100|[from] drain|[of] p1a: Gardevoir\n|move|p1a: Gardevoir|Gravity|p1a: Gardevoir\n|-fieldstart|move: Gravity\n|\n|-heal|p1a: Gardevoir|22/100|[from] item: Leftovers\n|-damage|p1b: Drampa|36/100|[from] Leech Seed|[of] p2a: Venusaur\n|-heal|p2a: Venusaur|72/100|[silent]\n|-fieldend|move: Trick Room\n|upkeep\n|turn|7\n|\n|t:|1776003053\n|move|p2a: Venusaur|Protect|p2a: Venusaur\n|-singleturn|p2a: Venusaur|Protect\n|move|p1a: Gardevoir|Icy Wind|p2b: Farigiraf|[spread] p2b\n|-activate|p2a: Venusaur|move: Protect\n|-damage|p2b: Farigiraf|54/100\n|-unboost|p2b: Farigiraf|spe|1\n|move|p1b: Drampa|Blizzard|p2b: Farigiraf|[spread] p2b\n|-activate|p2a: Venusaur|move: Protect\n|-damage|p2b: Farigiraf|24/100\n|move|p2b: Farigiraf|Hyper Voice|p1a: Gardevoir|[spread] p1a,p1b\n|-damage|p1a: Gardevoir|0 fnt\n|-damage|p1b: Drampa|10/100\n|faint|p1a: Gardevoir\n|\n|-damage|p1b: Drampa|0 fnt|[from] Leech Seed|[of] p2a: Venusaur\n|-heal|p2a: Venusaur|80/100|[silent]\n|faint|p1b: Drampa\n|upkeep\n|\n|t:|1776003069\n|switch|p1a: Tyranitar|Tyranitar, L50, M, shiny|100/100\n|switch|p1b: Garchomp|Garchomp, L50, M|100/100\n|-damage|p1a: Tyranitar|88/100|[from] Stealth Rock\n|-status|p1a: Tyranitar|psn\n|-weather|Sandstorm|[from] ability: Sand Stream|[of] p1a: Tyranitar\n|-damage|p1b: Garchomp|95/100|[from] Stealth Rock\n|-status|p1b: Garchomp|psn\n|turn|8\n|\n|t:|1776003092\n|detailschange|p1b: Garchomp|Garchomp-Mega, L50, M\n|-mega|p1b: Garchomp|Garchomp|Garchompite\n|move|p2b: Farigiraf|Ally Switch|p2b: Farigiraf\n|swap|p2b: Farigiraf|0|[from] move: Ally Switch\n|move|p1a: Tyranitar|Rock Slide|p2a: Farigiraf|[spread] p2a,p2b\n|-damage|p2a: Farigiraf|3/100\n|-damage|p2b: Venusaur|62/100\n|move|p1b: Garchomp|Dragon Claw|p2a: Farigiraf\n|-damage|p2a: Farigiraf|0 fnt\n|faint|p2a: Farigiraf\n|move|p2b: Venusaur|Leech Seed|p1a: Tyranitar\n|-start|p1a: Tyranitar|move: Leech Seed\n|\n|-weather|Sandstorm|[upkeep]\n|-damage|p2b: Venusaur|56/100|[from] Sandstorm\n|-damage|p1a: Tyranitar|76/100 psn|[from] Leech Seed|[of] p2b: Venusaur\n|-heal|p2b: Venusaur|68/100|[silent]\n|-damage|p1a: Tyranitar|64/100 psn|[from] psn\n|-damage|p1b: Garchomp|83/100 psn|[from] psn\n|upkeep\n|\n|t:|1776003106\n|switch|p2a: Toxapex|Toxapex, L50, M|81/100\n|turn|9\n|\n|t:|1776003127\n|move|p2b: Venusaur|Protect|p2b: Venusaur\n|-singleturn|p2b: Venusaur|Protect\n|move|p1a: Tyranitar|Rock Slide|p2b: Venusaur|[spread] p2a\n|-activate|p2b: Venusaur|move: Protect\n|-damage|p2a: Toxapex|61/100\n|move|p1b: Garchomp|Dragon Claw|p2b: Venusaur\n|-activate|p2b: Venusaur|move: Protect\n|move|p2a: Toxapex|Infestation|p1a: Tyranitar\n|-supereffective|p1a: Tyranitar|1\n|-damage|p1a: Tyranitar|60/100 psn\n|-activate|p1a: Tyranitar|move: Infestation|[of] p2a: Toxapex\n|\n|-weather|Sandstorm|[upkeep]\n|-damage|p2b: Venusaur|63/100|[from] Sandstorm\n|-damage|p2a: Toxapex|55/100|[from] Sandstorm\n|-heal|p2a: Toxapex|61/100|[from] item: Leftovers\n|-damage|p1a: Tyranitar|48/100 psn|[from] Leech Seed|[of] p2b: Venusaur\n|-heal|p2b: Venusaur|75/100|[silent]\n|-damage|p1a: Tyranitar|36/100 psn|[from] psn\n|-damage|p1b: Garchomp|70/100 psn|[from] psn\n|-damage|p1a: Tyranitar|24/100 psn|[from] move: Infestation|[partiallytrapped]\n|upkeep\n|turn|10\n|\n|t:|1776003145\n|move|p1a: Tyranitar|Rock Slide|p2a: Toxapex|[spread] p2a,p2b\n|-damage|p2a: Toxapex|40/100\n|-damage|p2b: Venusaur|58/100\n|move|p1b: Garchomp|Dragon Claw|p2b: Venusaur\n|-damage|p2b: Venusaur|29/100\n|cant|p2b: Venusaur|flinch\n|move|p2a: Toxapex|Infestation|p1b: Garchomp\n|-crit|p1b: Garchomp\n|-damage|p1b: Garchomp|66/100 psn\n|-activate|p1b: Garchomp|move: Infestation|[of] p2a: Toxapex\n|\n|-weather|Sandstorm|[upkeep]\n|-damage|p2b: Venusaur|23/100|[from] Sandstorm\n|-damage|p2a: Toxapex|34/100|[from] Sandstorm\n|-heal|p2a: Toxapex|40/100|[from] item: Leftovers\n|-damage|p1a: Tyranitar|12/100 psn|[from] Leech Seed|[of] p2b: Venusaur\n|-heal|p2b: Venusaur|35/100|[silent]\n|-damage|p1a: Tyranitar|0 fnt|[from] psn\n|faint|p1a: Tyranitar\n|-damage|p1b: Garchomp|54/100 psn|[from] psn\n|-damage|p1b: Garchomp|42/100 psn|[from] move: Infestation|[partiallytrapped]\n|-fieldend|move: Gravity\n|upkeep\n|turn|11\n|inactive|Chikitriskis has 30 seconds left.\n|\n|t:|1776003172\n|move|p2a: Toxapex|Baneful Bunker|p2a: Toxapex\n|-singleturn|p2a: Toxapex|move: Protect\n|move|p1b: Garchomp|Earthquake|p2a: Toxapex|[spread] p2b\n|-activate|p2a: Toxapex|move: Protect\n|-damage|p2b: Venusaur|0 fnt\n|faint|p2b: Venusaur\n|\n|-weather|Sandstorm|[upkeep]\n|-damage|p2a: Toxapex|34/100|[from] Sandstorm\n|-heal|p2a: Toxapex|40/100|[from] item: Leftovers\n|-damage|p1b: Garchomp|29/100 psn|[from] psn\n|-damage|p1b: Garchomp|17/100 psn|[from] move: Infestation|[partiallytrapped]\n|upkeep\n|turn|12\n|\n|t:|1776003181\n|move|p2a: Toxapex|Baneful Bunker|p2a: Toxapex\n|-singleturn|p2a: Toxapex|move: Protect\n|move|p1b: Garchomp|Earthquake|p2a: Toxapex\n|-activate|p2a: Toxapex|move: Protect\n|\n|-weather|none\n|-heal|p2a: Toxapex|46/100|[from] item: Leftovers\n|-damage|p1b: Garchomp|5/100 psn|[from] psn\n|-damage|p1b: Garchomp|0 fnt|[from] move: Infestation|[partiallytrapped]\n|faint|p1b: Garchomp\n|\n|win|Chikitriskis\n|raw|torebi's rating: 1080 &rarr; <strong>1053</strong><br />(-27 for losing)\n|raw|Chikitriskis's rating: 1000 &rarr; <strong>1049</strong><br />(+49 for winning)\n|l|\u2606torebi\n|player|p1|\n",
  "uploadtime": 1776003186,
  "views": 15,
  "formatid": "gen9championsvgc2026regma",
  "rating": 1049,
  "private": 0,
  "password": null
}