{
  "id": "gen9championsvgc2026regma-2585583310",
  "format": "[Gen 9 Champions] VGC 2026 Reg M-A",
  "players": [
    "zipitron",
    "Future Alice haver"
  ],
  "log": "|j|\u2606zipitron\n|j|\u2606Future Alice haver\n|t:|1776357013\n|gametype|doubles\n|player|p1|zipitron|266|1123\n|player|p2|Future Alice haver|kimonogirl|1169\n|gen|9\n|tier|[Gen 9 Champions] VGC 2026 Reg M-A\n|rated|\n|rule|Species Clause: Limit one of each Pok\u00e9mon\n|rule|Item Clause: Limit 1 of each item\n|clearpoke\n|poke|p1|Archaludon, L50, M|\n|poke|p1|Pelipper, L50, M|\n|poke|p1|Sneasler, L50, M|\n|poke|p1|Incineroar, L50, F|\n|poke|p1|Blastoise, L50, M|\n|poke|p1|Dragonite, L50, M|\n|poke|p2|Charizard, L50, F|\n|poke|p2|Venusaur, L50, M|\n|poke|p2|Orthworm, L50, F|\n|poke|p2|Garchomp, L50, M|\n|poke|p2|Maushold, L50|\n|poke|p2|Milotic, L50, F|\n|teampreview|4\n|\n|t:|1776357062\n|teamsize|p1|4\n|teamsize|p2|4\n|start\n|switch|p1a: Dragonite|Dragonite, L50, M, shiny|100/100\n|switch|p1b: Sneasler|Sneasler, L50, M|100/100\n|switch|p2a: Charizard|Charizard, L50, F|100/100\n|switch|p2b: Garchomp|Garchomp, L50, M|100/100\n|turn|1\n|inactive|Battle timer is ON: inactive players will automatically lose when time's up. (requested by Future Alice haver)\n|inactive|zipitron has 60 seconds left.\n|\n|t:|1776357096\n|detailschange|p2a: Charizard|Charizard-Mega-Y, L50, F\n|-mega|p2a: Charizard|Charizard|Charizardite Y\n|-weather|SunnyDay|[from] ability: Drought|[of] p2a: Charizard\n|detailschange|p1a: Dragonite|Dragonite-Mega, L50, M, shiny\n|-mega|p1a: Dragonite|Dragonite|Dragoninite\n|move|p1b: Sneasler|Fake Out|p2b: Garchomp\n|-damage|p2b: Garchomp|86/100\n|-damage|p1b: Sneasler|88/100|[from] ability: Rough Skin|[of] p2b: Garchomp\n|cant|p2b: Garchomp|flinch\n|move|p1a: Dragonite|Thunder|p2a: Charizard\n|-supereffective|p2a: Charizard|1\n|-damage|p2a: Charizard|26/100\n|move|p2a: Charizard|Heat Wave|p1a: Dragonite|[spread] p1a,p1b\n|-resisted|p1a: Dragonite|1\n|-damage|p1a: Dragonite|89/100\n|-damage|p1b: Sneasler|13/100\n|\n|-weather|SunnyDay|[upkeep]\n|upkeep\n|turn|2\n|inactive|zipitron has 30 seconds left.\n|inactive|Future Alice haver has 30 seconds left.\n|inactive|Future Alice haver has 20 seconds left.\n|\n|t:|1776357132\n|move|p2b: Garchomp|Dragon Claw|p1a: Dragonite\n|-supereffective|p1a: Dragonite|1\n|-damage|p1a: Dragonite|0 fnt\n|faint|p1a: Dragonite\n|move|p1b: Sneasler|Close Combat|p2a: Charizard\n|-resisted|p2a: Charizard|1\n|-damage|p2a: Charizard|0 fnt\n|-unboost|p1b: Sneasler|def|1\n|-unboost|p1b: Sneasler|spd|1\n|faint|p2a: Charizard\n|-enditem|p1b: Sneasler|White Herb\n|-clearnegativeboost|p1b: Sneasler|[silent]\n|\n|-weather|SunnyDay|[upkeep]\n|upkeep\n|\n|t:|1776357141\n|switch|p1a: Pelipper|Pelipper, L50, M|100/100\n|switch|p2a: Milotic|Milotic, L50, F|100/100\n|-weather|RainDance|[from] ability: Drizzle|[of] p1a: Pelipper\n|turn|3\n|inactive|Future Alice haver has 30 seconds left.\n|\n|t:|1776357169\n|move|p1b: Sneasler|Close Combat|p2a: Milotic\n|-damage|p2a: Milotic|44/100\n|-unboost|p1b: Sneasler|def|1\n|-unboost|p1b: Sneasler|spd|1\n|move|p2b: Garchomp|Dragon Claw|p1a: Pelipper\n|-damage|p1a: Pelipper|37/100\n|move|p1a: Pelipper|Tailwind|p1a: Pelipper\n|-sidestart|p1: zipitron|move: Tailwind\n|move|p2a: Milotic|Icy Wind|p1b: Sneasler|[spread] p1a,p1b\n|-crit|p1a: Pelipper\n|-damage|p1a: Pelipper|7/100\n|-damage|p1b: Sneasler|0 fnt\n|-unboost|p1a: Pelipper|spe|1\n|faint|p1b: Sneasler\n|\n|-weather|RainDance|[upkeep]\n|upkeep\n|\n|t:|1776357182\n|switch|p1b: Archaludon|Archaludon, L50, M|100/100\n|turn|4\n|inactive|Future Alice haver has 30 seconds left.\n|inactive|Future Alice haver has 20 seconds left.\n|\n|t:|1776357219\n|move|p1b: Archaludon|Electro Shot||[still]\n|-prepare|p1b: Archaludon|Electro Shot\n|-boost|p1b: Archaludon|spa|1\n|-anim|p1b: Archaludon|Electro Shot|p2a: Milotic\n|-supereffective|p2a: Milotic|1\n|-enditem|p2a: Milotic|Wacan Berry|[eat]\n|-enditem|p2a: Milotic|Wacan Berry|[weaken]\n|-damage|p2a: Milotic|1/100\n|move|p2b: Garchomp|Dragon Claw|p1a: Pelipper\n|-damage|p1a: Pelipper|0 fnt\n|faint|p1a: Pelipper\n|move|p2a: Milotic|Ice Beam|p1b: Archaludon\n|-damage|p1b: Archaludon|76/100\n|-ability|p1b: Archaludon|Stamina|boost\n|-boost|p1b: Archaludon|def|1\n|\n|-weather|RainDance|[upkeep]\n|upkeep\n|turn|5\n|inactive|Future Alice haver has 30 seconds left.\n|\n|t:|1776357249\n|move|p1b: Archaludon|Draco Meteor|p2b: Garchomp\n|-supereffective|p2b: Garchomp|1\n|-damage|p2b: Garchomp|0 fnt\n|-unboost|p1b: Archaludon|spa|2\n|faint|p2b: Garchomp\n|move|p2a: Milotic|Icy Wind|p1b: Archaludon\n|-damage|p1b: Archaludon|58/100\n|-unboost|p1b: Archaludon|spe|1\n|-ability|p1b: Archaludon|Stamina|boost\n|-boost|p1b: Archaludon|def|1\n|\n|-weather|RainDance|[upkeep]\n|upkeep\n|\n|t:|1776357257\n|switch|p2b: Venusaur|Venusaur, L50, M|100/100\n|turn|6\n|\n|t:|1776357269\n|move|p2a: Milotic|Protect|p2a: Milotic\n|-singleturn|p2a: Milotic|Protect\n|move|p1b: Archaludon|Electro Shot||[still]\n|-prepare|p1b: Archaludon|Electro Shot\n|-boost|p1b: Archaludon|spa|1\n|-anim|p1b: Archaludon|Electro Shot|p2a: Milotic\n|-activate|p2a: Milotic|move: Protect\n|move|p2b: Venusaur|Sleep Powder|p1b: Archaludon\n|-status|p1b: Archaludon|slp|[from] move: Sleep Powder\n|\n|-weather|RainDance|[upkeep]\n|-sideend|p1: zipitron|move: Tailwind\n|upkeep\n|turn|7\n|\n|t:|1776357289\n|move|p2b: Venusaur|Solar Beam||[still]\n|-prepare|p2b: Venusaur|Solar Beam\n|move|p2a: Milotic|Ice Beam|p1b: Archaludon\n|-damage|p1b: Archaludon|30/100 slp\n|-ability|p1b: Archaludon|Stamina|boost\n|-boost|p1b: Archaludon|def|1\n|cant|p1b: Archaludon|slp\n|\n|-weather|none\n|upkeep\n|turn|8\n|inactive|zipitron has 30 seconds left.\n|\n|t:|1776357319\n|move|p2b: Venusaur|Solar Beam|p1b: Archaludon|[from] lockedmove\n|-resisted|p1b: Archaludon|2\n|-damage|p1b: Archaludon|16/100 slp\n|-ability|p1b: Archaludon|Stamina|boost\n|-boost|p1b: Archaludon|def|1\n|move|p2a: Milotic|Ice Beam|p1b: Archaludon\n|-damage|p1b: Archaludon|0 fnt\n|faint|p1b: Archaludon\n|\n|win|Future Alice haver\n|raw|zipitron's rating: 1123 &rarr; <strong>1101</strong><br />(-22 for losing)\n|raw|Future Alice haver's rating: 1169 &rarr; <strong>1191</strong><br />(+22 for winning)\n",
  "uploadtime": 1776357328,
  "views": 25,
  "formatid": "gen9championsvgc2026regma",
  "rating": 1101,
  "private": 0,
  "password": null
}