{
  "id": "gen9championsvgc2026regma-2586329639",
  "format": "[Gen 9 Champions] VGC 2026 Reg M-A",
  "players": [
    "dftx",
    "mqmqmqmqmqmqmq"
  ],
  "log": "|j|\u2606dftx\n|j|\u2606mqmqmqmqmqmqmq\n|t:|1776425866\n|gametype|doubles\n|player|p1|dftx|roxie|\n|player|p2|mqmqmqmqmqmqmq|266|\n|gen|9\n|tier|[Gen 9 Champions] VGC 2026 Reg M-A\n|rule|Species Clause: Limit one of each Pok\u00e9mon\n|rule|Item Clause: Limit 1 of each item\n|clearpoke\n|poke|p1|Meganium, L50, F|\n|poke|p1|Archaludon, L50, M|\n|poke|p1|Aerodactyl, L50, F|\n|poke|p1|Typhlosion-Hisui, L50, F|\n|poke|p1|Tauros-Paldea-Aqua, L50, M|\n|poke|p1|Kangaskhan, L50, F|\n|poke|p2|Charizard, L50, M|\n|poke|p2|Venusaur, L50, F|\n|poke|p2|Incineroar, L50, M|\n|poke|p2|Corviknight, L50, F|\n|poke|p2|Milotic, L50, F|\n|poke|p2|Passimian, L50, F|\n|teampreview|4\n|inactive|Battle timer is ON: inactive players will automatically lose when time's up. (requested by dftx)\n|inactive|mqmqmqmqmqmqmq has 60 seconds left.\n|\n|t:|1776425958\n|teamsize|p1|4\n|teamsize|p2|4\n|start\n|switch|p1a: Typhlosion|Typhlosion-Hisui, L50, F|100/100\n|switch|p1b: Aerodactyl|Aerodactyl, L50, F|100/100\n|switch|p2a: Milotic|Milotic, L50, F|100/100\n|switch|p2b: Corviknight|Corviknight, L50, F|100/100\n|-ability|p1b: Aerodactyl|Unnerve\n|-item|p2a: Milotic|Leftovers|[from] ability: Frisk|[of] p1a: Typhlosion\n|-item|p2b: Corviknight|Sitrus Berry|[from] ability: Frisk|[of] p1a: Typhlosion\n|turn|1\n|inactive|mqmqmqmqmqmqmq has 30 seconds left.\n|\n|t:|1776425984\n|switch|p2b: Charizard|Charizard, L50, M|100/100\n|move|p1a: Typhlosion|Eruption|p2a: Milotic|[spread] p2a,p2b\n|-resisted|p2a: Milotic|1\n|-resisted|p2b: Charizard|1\n|-damage|p2a: Milotic|82/100\n|-damage|p2b: Charizard|66/100\n|move|p1b: Aerodactyl|Tailwind|p1b: Aerodactyl\n|-sidestart|p1: dftx|move: Tailwind\n|move|p2a: Milotic|Scald|p1a: Typhlosion\n|-supereffective|p1a: Typhlosion|1\n|-damage|p1a: Typhlosion|7/100\n|\n|-heal|p2a: Milotic|88/100|[from] item: Leftovers\n|upkeep\n|turn|2\n|inactive|dftx has 30 seconds left.\n|inactive|mqmqmqmqmqmqmq has 30 seconds left.\n|\n|t:|1776426016\n|switch|p1a: Tauros|Tauros-Paldea-Aqua, L50, M|100/100\n|-ability|p1a: Tauros|Intimidate|boost\n|-unboost|p2a: Milotic|atk|1\n|-ability|p2a: Milotic|Competitive|boost\n|-boost|p2a: Milotic|spa|2\n|-unboost|p2b: Charizard|atk|1\n|move|p2b: Charizard|Protect|p2b: Charizard\n|-singleturn|p2b: Charizard|Protect\n|move|p1b: Aerodactyl|Rock Slide|p2a: Milotic|[spread] \n|-activate|p2b: Charizard|move: Protect\n|-miss|p1b: Aerodactyl|p2a: Milotic\n|move|p2a: Milotic|Icy Wind|p1a: Tauros|[spread] p1a,p1b\n|-resisted|p1a: Tauros|1\n|-supereffective|p1b: Aerodactyl|1\n|-damage|p1a: Tauros|83/100\n|-damage|p1b: Aerodactyl|43/100\n|-unboost|p1a: Tauros|spe|1\n|-unboost|p1b: Aerodactyl|spe|1\n|-enditem|p1a: Tauros|White Herb\n|-clearnegativeboost|p1a: Tauros|[silent]\n|\n|-heal|p2a: Milotic|94/100|[from] item: Leftovers\n|upkeep\n|turn|3\n|inactive|dftx has 30 seconds left.\n|inactive|mqmqmqmqmqmqmq has 30 seconds left.\n|\n|t:|1776426050\n|switch|p1b: Kangaskhan|Kangaskhan, L50, F|100/100\n|switch|p2b: Corviknight|Corviknight, L50, F|100/100\n|move|p1a: Tauros|Wave Crash|p2b: Corviknight\n|-damage|p2b: Corviknight|59/100\n|-damage|p1a: Tauros|65/100|[from] Recoil\n|move|p2a: Milotic|Icy Wind|p1b: Kangaskhan|[spread] p1a,p1b\n|-resisted|p1a: Tauros|1\n|-damage|p1a: Tauros|49/100\n|-damage|p1b: Kangaskhan|74/100\n|-unboost|p1a: Tauros|spe|1\n|-unboost|p1b: Kangaskhan|spe|1\n|\n|-heal|p2a: Milotic|100/100|[from] item: Leftovers\n|upkeep\n|turn|4\n|inactive|dftx has 30 seconds left.\n|inactive|dftx has 20 seconds left.\n|inactive|dftx has 15 seconds left.\n|\n|t:|1776426092\n|detailschange|p1b: Kangaskhan|Kangaskhan-Mega, L50, F\n|-mega|p1b: Kangaskhan|Kangaskhan|Kangaskhanite\n|move|p1a: Tauros|Close Combat|p2a: Milotic\n|-damage|p2a: Milotic|33/100\n|-unboost|p1a: Tauros|def|1\n|-unboost|p1a: Tauros|spd|1\n|move|p1b: Kangaskhan|Low Kick|p2a: Milotic\n|-damage|p2a: Milotic|0 fnt\n|faint|p2a: Milotic\n|-hitcount|p2: Milotic|1\n|move|p2b: Corviknight|Roost|p2b: Corviknight\n|-heal|p2b: Corviknight|100/100\n|-singleturn|p2b: Corviknight|move: Roost\n|\n|-sideend|p1: dftx|move: Tailwind\n|upkeep\n|\n|t:|1776426110\n|switch|p2a: Passimian|Passimian, L50, F|100/100\n|turn|5\n|inactive|dftx has 30 seconds left.\n|inactive|mqmqmqmqmqmqmq has 30 seconds left.\n|inactive|dftx has 20 seconds left.\n|\n|t:|1776426148\n|switch|p1a: Typhlosion|Typhlosion-Hisui, L50, F|7/100\n|-item|p2a: Passimian|Black Belt|[from] ability: Frisk|[of] p1a: Typhlosion\n|-item|p2b: Corviknight|Sitrus Berry|[from] ability: Frisk|[of] p1a: Typhlosion\n|move|p2a: Passimian|Close Combat|p1b: Kangaskhan\n|-supereffective|p1b: Kangaskhan|1\n|-damage|p1b: Kangaskhan|0 fnt\n|-unboost|p2a: Passimian|def|1\n|-unboost|p2a: Passimian|spd|1\n|faint|p1b: Kangaskhan\n|move|p2b: Corviknight|Brave Bird|p1a: Typhlosion\n|-damage|p1a: Typhlosion|0 fnt\n|faint|p1a: Typhlosion\n|-damage|p2b: Corviknight|99/100|[from] Recoil\n|\n|upkeep\n|\n|t:|1776426158\n|switch|p1b: Aerodactyl|Aerodactyl, L50, F|43/100\n|switch|p1a: Tauros|Tauros-Paldea-Aqua, L50, M|49/100\n|-ability|p1b: Aerodactyl|Unnerve\n|-ability|p1a: Tauros|Intimidate|boost\n|-unboost|p2a: Passimian|atk|1\n|-ability|p2a: Passimian|Defiant|boost\n|-boost|p2a: Passimian|atk|2\n|-ability|p2b: Corviknight|Mirror Armor\n|-unboost|p1a: Tauros|atk|1\n|turn|6\n|-message|dftx forfeited.\n|\n|win|mqmqmqmqmqmqmq\n|l|\u2606dftx\n|player|p1|\n",
  "uploadtime": 1776426194,
  "views": 29,
  "formatid": "gen9championsvgc2026regma",
  "rating": null,
  "private": 0,
  "password": null
}