{
  "id": "gen9championsvgc2026regma-2581525888",
  "format": "[Gen 9 Champions] VGC 2026 Reg M-A",
  "players": [
    "nonsequitorian",
    "Nerumy07"
  ],
  "log": "|j|\u2606nonsequitorian\n|j|\u2606Nerumy07\n|t:|1776008233\n|gametype|doubles\n|player|p1|nonsequitorian|roxie|1166\n|player|p2|Nerumy07|acetrainer|1238\n|gen|9\n|tier|[Gen 9 Champions] VGC 2026 Reg M-A\n|rated|\n|rule|Species Clause: Limit one of each Pok\u00e9mon\n|rule|Item Clause: Limit 1 of each item\n|clearpoke\n|poke|p1|Scovillain, L50, F|\n|poke|p1|Sinistcha, L50|\n|poke|p1|Maushold, L50|\n|poke|p1|Conkeldurr, L50, F|\n|poke|p1|Aegislash, L50, F|\n|poke|p1|Florges, L50, F|\n|poke|p2|Whimsicott, L50, F|\n|poke|p2|Floette-Eternal, L50, F|\n|poke|p2|Farigiraf, L50, F|\n|poke|p2|Incineroar, L50, M|\n|poke|p2|Garchomp, L50, M|\n|poke|p2|Kingambit, L50, M|\n|teampreview|4\n|\n|t:|1776008288\n|teamsize|p1|4\n|teamsize|p2|4\n|start\n|switch|p1a: Scovillain|Scovillain, L50, F|100/100\n|switch|p1b: Conkeldurr|Conkeldurr, L50, F|100/100\n|switch|p2a: Whimsicott|Whimsicott, L50, F|100/100\n|switch|p2b: Floette|Floette-Eternal, L50, F|100/100\n|turn|1\n|\n|t:|1776008309\n|detailschange|p2b: Floette|Floette-Mega, L50, F\n|-mega|p2b: Floette|Floette|Floettite\n|-ability|p2b: Floette|Fairy Aura\n|detailschange|p1a: Scovillain|Scovillain-Mega, L50, F\n|-mega|p1a: Scovillain|Scovillain|Scovillainite\n|move|p2a: Whimsicott|Tailwind|p2a: Whimsicott\n|-sidestart|p2: Nerumy07|move: Tailwind\n|move|p2b: Floette|Calm Mind|p2b: Floette\n|-boost|p2b: Floette|spa|1\n|-boost|p2b: Floette|spd|1\n|move|p1a: Scovillain|Overheat|p2a: Whimsicott\n|-supereffective|p2a: Whimsicott|1\n|-enditem|p2a: Whimsicott|Focus Sash\n|-damage|p2a: Whimsicott|1/100\n|-unboost|p1a: Scovillain|spa|2\n|move|p1b: Conkeldurr|Bulldoze|p2a: Whimsicott|[spread] p1a,p2a,p2b\n|-resisted|p2a: Whimsicott|1\n|-damage|p1a: Scovillain|86/100\n|-damage|p2a: Whimsicott|0 fnt\n|-damage|p2b: Floette|74/100\n|-unboost|p1a: Scovillain|spe|1\n|-unboost|p2b: Floette|spe|1\n|-status|p1b: Conkeldurr|brn|[from] ability: Spicy Spray|[of] p1a: Scovillain\n|faint|p2a: Whimsicott\n|\n|-damage|p1b: Conkeldurr|94/100 brn|[from] brn\n|upkeep\n|\n|t:|1776008329\n|switch|p2a: Farigiraf|Farigiraf, L50, F, shiny|100/100\n|turn|2\n|\n|t:|1776008339\n|move|p1a: Scovillain|Rage Powder|p1a: Scovillain\n|-singleturn|p1a: Scovillain|move: Rage Powder\n|move|p2b: Floette|Dazzling Gleam|p1b: Conkeldurr|[spread] p1a,p1b\n|-resisted|p1a: Scovillain|1\n|-supereffective|p1b: Conkeldurr|1\n|-damage|p1a: Scovillain|44/100\n|-damage|p1b: Conkeldurr|0 fnt\n|-status|p2b: Floette|brn|[from] ability: Spicy Spray|[of] p1a: Scovillain\n|faint|p1b: Conkeldurr\n|move|p2a: Farigiraf|Psychic Noise|p1a: Scovillain\n|-damage|p1a: Scovillain|8/100\n|-start|p1a: Scovillain|move: Heal Block\n|-status|p2a: Farigiraf|brn|[from] ability: Spicy Spray|[of] p1a: Scovillain\n|\n|-damage|p2b: Floette|68/100 brn|[from] brn\n|-damage|p2a: Farigiraf|94/100 brn|[from] brn\n|upkeep\n|\n|t:|1776008347\n|switch|p1b: Sinistcha|Sinistcha, L50|100/100\n|turn|3\n|\n|t:|1776008366\n|move|p1a: Scovillain|Endure|p1a: Scovillain\n|-singleturn|p1a: Scovillain|move: Endure\n|move|p2b: Floette|Dazzling Gleam|p1b: Sinistcha|[spread] p1a,p1b\n|-resisted|p1a: Scovillain|1\n|-activate|p1a: Scovillain|move: Endure\n|-damage|p1a: Scovillain|1/100\n|-damage|p1b: Sinistcha|19/100\n|-enditem|p1b: Sinistcha|Sitrus Berry|[eat]\n|-heal|p1b: Sinistcha|44/100|[from] item: Sitrus Berry\n|move|p2a: Farigiraf|Dazzling Gleam|p1b: Sinistcha|[spread] p1a,p1b\n|-resisted|p1a: Scovillain|1\n|-activate|p1a: Scovillain|move: Endure\n|-damage|p1a: Scovillain|1/100\n|-damage|p1b: Sinistcha|18/100\n|move|p1b: Sinistcha|Hex|p2b: Floette\n|-damage|p2b: Floette|35/100 brn\n|\n|-heal|p2a: Farigiraf|100/100 brn|[from] item: Leftovers\n|-damage|p2b: Floette|29/100 brn|[from] brn\n|-damage|p2a: Farigiraf|94/100 brn|[from] brn\n|-end|p1a: Scovillain|move: Heal Block\n|upkeep\n|turn|4\n|\n|t:|1776008391\n|switch|p1b: Maushold|Maushold, L50|100/100\n|move|p1a: Scovillain|Endure|p1a: Scovillain\n|-singleturn|p1a: Scovillain|move: Endure\n|move|p2b: Floette|Dazzling Gleam|p1a: Scovillain|[spread] p1a,p1b\n|-resisted|p1a: Scovillain|1\n|-activate|p1a: Scovillain|move: Endure\n|-damage|p1a: Scovillain|1/100\n|-damage|p1b: Maushold|17/100\n|move|p2a: Farigiraf|Dazzling Gleam|p1a: Scovillain|[spread] p1a,p1b\n|-resisted|p1a: Scovillain|1\n|-activate|p1a: Scovillain|move: Endure\n|-damage|p1a: Scovillain|1/100\n|-damage|p1b: Maushold|0 fnt\n|faint|p1b: Maushold\n|\n|-heal|p2a: Farigiraf|100/100 brn|[from] item: Leftovers\n|-damage|p2b: Floette|23/100 brn|[from] brn\n|-damage|p2a: Farigiraf|94/100 brn|[from] brn\n|-sideend|p2: Nerumy07|move: Tailwind\n|upkeep\n|\n|t:|1776008392\n|switch|p1b: Sinistcha|Sinistcha, L50|18/100\n|-heal|p1a: Scovillain|26/100|[from] ability: Hospitality|[of] p1b: Sinistcha\n|turn|5\n|\n|t:|1776008419\n|move|p2b: Floette|Dazzling Gleam|p1b: Sinistcha|[spread] p1a,p1b\n|-resisted|p1a: Scovillain|1\n|-damage|p1a: Scovillain|0 fnt\n|-damage|p1b: Sinistcha|0 fnt\n|faint|p1a: Scovillain\n|faint|p1b: Sinistcha\n|\n|win|Nerumy07\n|raw|nonsequitorian's rating: 1166 &rarr; <strong>1146</strong><br />(-20 for losing)\n|raw|Nerumy07's rating: 1238 &rarr; <strong>1258</strong><br />(+20 for winning)\n|l|\u2606nonsequitorian\n|player|p1|\n",
  "uploadtime": 1776008662,
  "views": 24,
  "formatid": "gen9championsvgc2026regma",
  "rating": 1146,
  "private": 0,
  "password": null
}