{
  "id": "gen9championsvgc2026regma-2584799305",
  "format": "[Gen 9 Champions] VGC 2026 Reg M-A",
  "players": [
    "cfabricio",
    "JarlomenVGC"
  ],
  "log": "|j|\u2606cfabricio\n|j|\u2606JarlomenVGC\n|t:|1776284515\n|gametype|doubles\n|player|p1|cfabricio|hiker-gen4|1055\n|player|p2|JarlomenVGC|hiker-gen4|1102\n|gen|9\n|tier|[Gen 9 Champions] VGC 2026 Reg M-A\n|rated|\n|rule|Species Clause: Limit one of each Pok\u00e9mon\n|rule|Item Clause: Limit 1 of each item\n|clearpoke\n|poke|p1|Basculegion, L50, M|\n|poke|p1|Oranguru, L50, M|\n|poke|p1|Primarina, L50, F|\n|poke|p1|Rotom-Wash, L50|\n|poke|p1|Golurk, L50|\n|poke|p1|Sinistcha-Masterpiece, L50|\n|poke|p2|Pinsir, L50, F|\n|poke|p2|Garchomp, L50, M|\n|poke|p2|Orthworm, L50, F|\n|poke|p2|Rotom-Wash, L50|\n|poke|p2|Clefable, L50, F|\n|poke|p2|Sneasler, L50, F|\n|teampreview|4\n|inactive|Battle timer is ON: inactive players will automatically lose when time's up. (requested by JarlomenVGC)\n|inactive|JarlomenVGC has 60 seconds left.\n|\n|t:|1776284550\n|teamsize|p1|4\n|teamsize|p2|4\n|start\n|switch|p1a: Oranguru|Oranguru, L50, M|100/100\n|switch|p1b: Primarina|Primarina, L50, F|100/100\n|switch|p2a: Garchomp|Garchomp, L50, M|100/100\n|switch|p2b: Orthworm|Orthworm, L50, F|100/100\n|turn|1\n|\n|t:|1776284574\n|switch|p2a: Clefable|Clefable, L50, F|100/100\n|move|p1b: Primarina|Protect|p1b: Primarina\n|-singleturn|p1b: Primarina|Protect\n|move|p2b: Orthworm|Shed Tail|p2b: Orthworm\n|-start|p2b: Orthworm|Substitute|[from] move: Shed Tail\n|-damage|p2b: Orthworm|50/100\n|-enditem|p2b: Orthworm|Sitrus Berry|[eat]\n|-heal|p2b: Orthworm|75/100|[from] item: Sitrus Berry\n|\n|t:|1776284584\n|switch|p2b: Pinsir|Pinsir, L50, F|100/100|[from] Shed Tail\n|move|p1a: Oranguru|Trick Room|p1a: Oranguru\n|-fieldstart|move: Trick Room|[of] p1a: Oranguru\n|\n|upkeep\n|turn|2\n|inactive|JarlomenVGC has 30 seconds left.\n|\n|t:|1776284617\n|move|p2b: Pinsir|Protect|p2b: Pinsir\n|-singleturn|p2b: Pinsir|Protect\n|move|p1b: Primarina|Dazzling Gleam|p2b: Pinsir|[spread] p2a\n|-activate|p2b: Pinsir|move: Protect\n|-damage|p2a: Clefable|69/100\n|move|p2a: Clefable|Moonblast|p1b: Primarina\n|-damage|p1b: Primarina|73/100\n|move|p1a: Oranguru|Psychic|p2b: Pinsir\n|-activate|p2b: Pinsir|move: Protect\n|\n|-heal|p2a: Clefable|75/100|[from] item: Leftovers\n|upkeep\n|turn|3\n|\n|t:|1776284637\n|detailschange|p2b: Pinsir|Pinsir-Mega, L50, F\n|-mega|p2b: Pinsir|Pinsir|Pinsirite\n|move|p2b: Pinsir|Feint|p1b: Primarina\n|-damage|p1b: Primarina|49/100\n|move|p2a: Clefable|Moonblast|p1b: Primarina\n|-damage|p1b: Primarina|20/100\n|move|p1b: Primarina|Dazzling Gleam|p2b: Pinsir|[spread] p2a,p2b\n|-end|p2b: Pinsir|Substitute\n|-damage|p2a: Clefable|44/100\n|move|p1a: Oranguru|Instruct|p1b: Primarina\n|-singleturn|p1b: Primarina|move: Instruct|[of] p1a: Oranguru\n|move|p1b: Primarina|Dazzling Gleam|p2a: Clefable|[spread] p2a,p2b\n|-damage|p2a: Clefable|14/100\n|-damage|p2b: Pinsir|47/100\n|\n|-heal|p2a: Clefable|20/100|[from] item: Leftovers\n|upkeep\n|turn|4\n|\n|t:|1776284661\n|move|p2b: Pinsir|Feint|p1b: Primarina\n|-damage|p1b: Primarina|0 fnt\n|faint|p1b: Primarina\n|move|p2a: Clefable|Life Dew|p2a: Clefable|[spread] p2a,p2b\n|-heal|p2a: Clefable|46/100\n|-heal|p2b: Pinsir|72/100\n|move|p1a: Oranguru|Instruct|p1: Primarina|[notarget]\n|-fail|p1a: Oranguru\n|\n|-heal|p2a: Clefable|51/100|[from] item: Leftovers\n|upkeep\n|\n|t:|1776284668\n|switch|p1b: Golurk|Golurk, L50|100/100\n|turn|5\n|\n|t:|1776284687\n|detailschange|p1b: Golurk|Golurk-Mega, L50\n|-mega|p1b: Golurk|Golurk|Golurkite\n|move|p2a: Clefable|Follow Me|p2a: Clefable\n|-singleturn|p2a: Clefable|move: Follow Me\n|move|p1b: Golurk|Ice Punch|p2a: Clefable\n|-damage|p2a: Clefable|21/100\n|-status|p2a: Clefable|frz\n|move|p1a: Oranguru|Psychic|p2a: Clefable\n|-damage|p2a: Clefable|0 fnt\n|faint|p2a: Clefable\n|move|p2b: Pinsir|Body Slam|p1b: Golurk\n|-damage|p1b: Golurk|46/100\n|-status|p1b: Golurk|par\n|\n|-fieldend|move: Trick Room\n|upkeep\n|\n|t:|1776284708\n|switch|p2a: Garchomp|Garchomp, L50, M|100/100\n|turn|6\n|\n|t:|1776284715\n|move|p1b: Golurk|Protect|p1b: Golurk\n|-singleturn|p1b: Golurk|Protect\n|move|p2b: Pinsir|Body Slam|p1a: Oranguru\n|-damage|p1a: Oranguru|44/100\n|-status|p1a: Oranguru|par\n|move|p2a: Garchomp|Earthquake|p1b: Golurk|[spread] p1a\n|-activate|p1b: Golurk|move: Protect\n|-immune|p2b: Pinsir\n|-damage|p1a: Oranguru|8/100 par\n|move|p1a: Oranguru|Trick Room|p1a: Oranguru\n|-fieldstart|move: Trick Room|[of] p1a: Oranguru\n|\n|upkeep\n|turn|7\n|inactive|cfabricio has 30 seconds left.\n|inactive|cfabricio has 20 seconds left.\n|inactive|cfabricio has 15 seconds left.\n|\n|t:|1776284756\n|switch|p1a: Sinistcha|Sinistcha-Masterpiece, L50|100/100\n|-heal|p1b: Golurk|70/100 par|[from] ability: Hospitality|[of] p1a: Sinistcha\n|switch|p2b: Orthworm|Orthworm, L50, F|75/100\n|move|p1b: Golurk|Ice Punch|p2b: Orthworm\n|-resisted|p2b: Orthworm|1\n|-damage|p2b: Orthworm|65/100\n|move|p2a: Garchomp|Earthquake|p1b: Golurk|[spread] p1a,p1b\n|-heal|p2b: Orthworm|90/100|[from] ability: Earth Eater|[of] p2a: Garchomp\n|-resisted|p1a: Sinistcha|1\n|-damage|p1a: Sinistcha|82/100\n|-damage|p1b: Golurk|31/100 par\n|\n|-heal|p1a: Sinistcha|88/100|[from] item: Leftovers\n|upkeep\n|turn|8\n|inactive|cfabricio has 30 seconds left.\n|inactive|cfabricio has 20 seconds left.\n|inactive|cfabricio has 15 seconds left.\n|\n|t:|1776284797\n|move|p1b: Golurk|Ice Punch|p2a: Garchomp\n|-supereffective|p2a: Garchomp|2\n|-crit|p2a: Garchomp\n|-enditem|p2a: Garchomp|Yache Berry|[eat]\n|-enditem|p2a: Garchomp|Yache Berry|[weaken]\n|-damage|p2a: Garchomp|0 fnt\n|-damage|p1b: Golurk|19/100 par|[from] ability: Rough Skin|[of] p2a: Garchomp\n|faint|p2a: Garchomp\n|move|p2b: Orthworm|Shed Tail|p2b: Orthworm\n|-start|p2b: Orthworm|Substitute|[from] move: Shed Tail\n|-damage|p2b: Orthworm|40/100\n|\n|t:|1776284805\n|switch|p2b: Pinsir|Pinsir-Mega, L50, F|72/100|[from] Shed Tail\n|move|p1a: Sinistcha|Life Dew|p1a: Sinistcha|[spread] p1a,p1b\n|-heal|p1a: Sinistcha|100/100\n|-heal|p1b: Golurk|44/100 par\n|\n|upkeep\n|\n|t:|1776284812\n|switch|p2a: Orthworm|Orthworm, L50, F|40/100\n|turn|9\n|inactive|cfabricio has 30 seconds left.\n|\n|t:|1776284841\n|move|p2a: Orthworm|Helping Hand|p2b: Pinsir\n|-singleturn|p2b: Pinsir|Helping Hand|[of] p2a: Orthworm\n|move|p2b: Pinsir|Feint|p1b: Golurk\n|-damage|p1b: Golurk|18/100 par\n|move|p1b: Golurk|Ice Punch|p2a: Orthworm\n|-resisted|p2a: Orthworm|1\n|-damage|p2a: Orthworm|29/100\n|move|p1a: Sinistcha|Life Dew||[still]|[spread] p1a,p1b\n|-fail|p1a: Sinistcha|heal\n|-heal|p1b: Golurk|43/100 par\n|\n|upkeep\n|turn|10\n|\n|t:|1776284864\n|move|p2a: Orthworm|Helping Hand|p2b: Pinsir\n|-singleturn|p2b: Pinsir|Helping Hand|[of] p2a: Orthworm\n|move|p1b: Golurk|Protect|p1b: Golurk\n|-singleturn|p1b: Golurk|Protect\n|move|p1a: Sinistcha|Matcha Gotcha|p2a: Orthworm|[spread] p2a,p2b\n|-resisted|p2b: Pinsir|2\n|-activate|p2b: Pinsir|move: Substitute|[damage]\n|-resisted|p2a: Orthworm|1\n|-damage|p2a: Orthworm|15/100\n|move|p2b: Pinsir|Body Slam|p1a: Sinistcha\n|-supereffective|p1a: Sinistcha|1\n|-damage|p1a: Sinistcha|0 fnt\n|faint|p1a: Sinistcha\n|\n|-fieldend|move: Trick Room\n|upkeep\n|\n|t:|1776284869\n|switch|p1a: Oranguru|Oranguru, L50, M|8/100 par\n|turn|11\n|\n|t:|1776284885\n|move|p1b: Golurk|Protect|p1b: Golurk\n|-singleturn|p1b: Golurk|Protect\n|move|p2b: Pinsir|Swords Dance|p2b: Pinsir\n|-boost|p2b: Pinsir|atk|2\n|move|p2a: Orthworm|Body Press|p1a: Oranguru\n|-damage|p1a: Oranguru|0 fnt\n|faint|p1a: Oranguru\n|\n|upkeep\n|turn|12\n|c|\u2606JarlomenVGC|gg\n|-message|cfabricio forfeited.\n|\n|win|JarlomenVGC\n|raw|cfabricio's rating: 1055 &rarr; <strong>1039</strong><br />(-16 for losing)\n|raw|JarlomenVGC's rating: 1102 &rarr; <strong>1124</strong><br />(+22 for winning)\n|l|\u2606cfabricio\n|player|p1|\n",
  "uploadtime": 1776284905,
  "views": 25,
  "formatid": "gen9championsvgc2026regma",
  "rating": 1039,
  "private": 0,
  "password": null
}