{
  "id": "gen9championsvgc2026regma-2585668345",
  "format": "[Gen 9 Champions] VGC 2026 Reg M-A",
  "players": [
    "blog2",
    "fresc0_fr"
  ],
  "log": "|j|\u2606blog2\n|j|\u203dfresc0_fr\n|t:|1776362429\n|gametype|doubles\n|player|p1|blog2|170|1120\n|player|p2|fresc0_fr|2|1030\n|gen|9\n|tier|[Gen 9 Champions] VGC 2026 Reg M-A\n|rated|\n|rule|Species Clause: Limit one of each Pok\u00e9mon\n|rule|Item Clause: Limit 1 of each item\n|clearpoke\n|poke|p1|Dragonite, L50, M|\n|poke|p1|Sneasler, L50, M|\n|poke|p1|Sinistcha, L50|\n|poke|p1|Tinkaton, L50, F|\n|poke|p1|Krookodile, L50, M|\n|poke|p1|Greninja-*, L50, M|\n|poke|p2|Hatterene, L50, F|\n|poke|p2|Reuniclus, L50, M|\n|poke|p2|Camerupt, L50, F|\n|poke|p2|Snorlax, L50, M|\n|poke|p2|Aegislash, L50, M|\n|poke|p2|Kingambit, L50, F|\n|teampreview|4\n|\n|t:|1776362446\n|teamsize|p1|4\n|teamsize|p2|4\n|start\n|switch|p1a: Greninja|Greninja, L50, M, shiny|100/100\n|switch|p1b: Tinkaton|Tinkaton, L50, F|100/100\n|switch|p2a: Reuniclus|Reuniclus, L50, M|100/100\n|switch|p2b: Camerupt|Camerupt, L50, F|100/100\n|turn|1\n|inactive|Battle timer is ON: inactive players will automatically lose when time's up. (requested by blog2)\n|\n|t:|1776362473\n|detailschange|p2b: Camerupt|Camerupt-Mega, L50, F\n|-mega|p2b: Camerupt|Camerupt|Cameruptite\n|move|p1b: Tinkaton|Fake Out|p2a: Reuniclus\n|-damage|p2a: Reuniclus|89/100\n|move|p1a: Greninja|Chilling Water|p2b: Camerupt\n|-start|p1a: Greninja|typechange|Water|[from] ability: Protean\n|-supereffective|p2b: Camerupt|2\n|-damage|p2b: Camerupt|17/100\n|-unboost|p2b: Camerupt|atk|1\n|move|p2b: Camerupt|Earth Power|p1a: Greninja\n|-damage|p1a: Greninja|0 fnt\n|faint|p1a: Greninja\n|cant|p2a: Reuniclus|flinch\n|\n|upkeep\n|\n|t:|1776362492\n|switch|p1a: Dragonite|Dragonite, L50, M|100/100\n|turn|2\n|\n|t:|1776362502\n|detailschange|p1a: Dragonite|Dragonite-Mega, L50, M\n|-mega|p1a: Dragonite|Dragonite|Dragoninite\n|move|p1a: Dragonite|Dragon Pulse|p2a: Reuniclus\n|-damage|p2a: Reuniclus|39/100\n|move|p1b: Tinkaton|Gigaton Hammer|p2a: Reuniclus\n|-damage|p2a: Reuniclus|0 fnt\n|faint|p2a: Reuniclus\n|move|p2b: Camerupt|Flamethrower|p1b: Tinkaton\n|-supereffective|p1b: Tinkaton|1\n|-enditem|p1b: Tinkaton|Occa Berry|[eat]\n|-enditem|p1b: Tinkaton|Occa Berry|[weaken]\n|-damage|p1b: Tinkaton|40/100\n|\n|upkeep\n|\n|t:|1776362514\n|switch|p2a: Snorlax|Snorlax, L50, M|100/100\n|turn|3\n|inactive|blog2 has 30 seconds left.\n|inactive|fresc0_fr has 30 seconds left.\n|\n|t:|1776362544\n|move|p1b: Tinkaton|Protect|p1b: Tinkaton\n|-singleturn|p1b: Tinkaton|Protect\n|move|p2b: Camerupt|Protect|p2b: Camerupt\n|-singleturn|p2b: Camerupt|Protect\n|move|p1a: Dragonite|Dragon Pulse|p2b: Camerupt\n|-activate|p2b: Camerupt|move: Protect\n|move|p2a: Snorlax|Body Slam|p1a: Dragonite\n|-damage|p1a: Dragonite|84/100\n|\n|upkeep\n|turn|4\n|\n|t:|1776362559\n|switch|p1b: Sinistcha|Sinistcha, L50|100/100\n|-heal|p1a: Dragonite|100/100|[from] ability: Hospitality|[of] p1b: Sinistcha\n|move|p1a: Dragonite|Dragon Pulse|p2b: Camerupt\n|-damage|p2b: Camerupt|0 fnt\n|faint|p2b: Camerupt\n|move|p2a: Snorlax|Belly Drum|p2a: Snorlax\n|-damage|p2a: Snorlax|51/100\n|-setboost|p2a: Snorlax|atk|6|[from] move: Belly Drum\n|\n|-heal|p2a: Snorlax|57/100|[from] item: Leftovers\n|upkeep\n|\n|t:|1776362571\n|switch|p2b: Kingambit|Kingambit, L50, F|100/100\n|-activate|p2b: Kingambit|ability: Supreme Overlord\n|-start|p2b: Kingambit|fallen2|[silent]\n|turn|5\n|\n|t:|1776362581\n|move|p1b: Sinistcha|Rage Powder|p1b: Sinistcha\n|-singleturn|p1b: Sinistcha|move: Rage Powder\n|move|p2b: Kingambit|Sucker Punch||[still]\n|-fail|p2b: Kingambit\n|move|p1a: Dragonite|Flamethrower|p2b: Kingambit\n|-supereffective|p2b: Kingambit|1\n|-crit|p2b: Kingambit\n|-damage|p2b: Kingambit|0 fnt\n|faint|p2b: Kingambit\n|-end|p2b: Kingambit|fallen2|[silent]\n|move|p2a: Snorlax|Rest|p2a: Snorlax\n|-status|p2a: Snorlax|slp|[from] move: Rest\n|-heal|p2a: Snorlax|100/100 slp|[silent]\n|\n|upkeep\n|turn|6\n|\n|t:|1776362601\n|move|p1b: Sinistcha|Rage Powder|p1b: Sinistcha\n|-singleturn|p1b: Sinistcha|move: Rage Powder\n|move|p1a: Dragonite|Dragon Pulse|p2a: Snorlax\n|-crit|p2a: Snorlax\n|-damage|p2a: Snorlax|56/100 slp\n|cant|p2a: Snorlax|slp\n|move|p2a: Snorlax|Sleep Talk|p2a: Snorlax\n|move|p2a: Snorlax|Rest||[from] move: Sleep Talk|[still]\n|-fail|p2a: Snorlax\n|\n|-heal|p2a: Snorlax|62/100 slp|[from] item: Leftovers\n|upkeep\n|turn|7\n|c|\u2606blog2|gg\n|\n|t:|1776362615\n|move|p1b: Sinistcha|Rage Powder|p1b: Sinistcha\n|-singleturn|p1b: Sinistcha|move: Rage Powder\n|move|p1a: Dragonite|Dragon Pulse|p2a: Snorlax\n|-damage|p2a: Snorlax|30/100 slp\n|cant|p2a: Snorlax|slp\n|move|p2a: Snorlax|Sleep Talk|p2a: Snorlax\n|move|p2a: Snorlax|Belly Drum||[from] move: Sleep Talk|[still]\n|-fail|p2a: Snorlax\n|\n|-heal|p2a: Snorlax|36/100 slp|[from] item: Leftovers\n|upkeep\n|turn|8\n|\n|t:|1776362629\n|move|p1b: Sinistcha|Rage Powder|p1b: Sinistcha\n|-singleturn|p1b: Sinistcha|move: Rage Powder\n|move|p1a: Dragonite|Dragon Pulse|p2a: Snorlax\n|-damage|p2a: Snorlax|2/100 slp\n|-curestatus|p2a: Snorlax|slp|[msg]\n|move|p2a: Snorlax|Sleep Talk||[still]\n|-fail|p2a: Snorlax\n|\n|-heal|p2a: Snorlax|8/100|[from] item: Leftovers\n|upkeep\n|turn|9\n|\n|t:|1776362640\n|move|p1b: Sinistcha|Rage Powder|p1b: Sinistcha\n|-singleturn|p1b: Sinistcha|move: Rage Powder\n|move|p1a: Dragonite|Dragon Pulse|p2a: Snorlax\n|-damage|p2a: Snorlax|0 fnt\n|faint|p2a: Snorlax\n|\n|win|blog2\n|raw|blog2's rating: 1120 &rarr; <strong>1139</strong><br />(+19 for winning)\n|raw|fresc0_fr's rating: 1030 &rarr; <strong>1019</strong><br />(-11 for losing)\n",
  "uploadtime": 1776362643,
  "views": 30,
  "formatid": "gen9championsvgc2026regma",
  "rating": 1019,
  "private": 0,
  "password": null
}