{
  "id": "gen9championsvgc2026regma-2581684243",
  "format": "[Gen 9 Champions] VGC 2026 Reg M-A",
  "players": [
    "TheDark69420",
    "Flower Monke 2"
  ],
  "log": "|j|\u2606TheDark69420\n|j|\u2606Flower Monke 2\n|t:|1776020505\n|gametype|doubles\n|player|p1|TheDark69420|ghetsis-gen5bw|1034\n|player|p2|Flower Monke 2|giacomo|1110\n|gen|9\n|tier|[Gen 9 Champions] VGC 2026 Reg M-A\n|rated|\n|rule|Species Clause: Limit one of each Pok\u00e9mon\n|rule|Item Clause: Limit 1 of each item\n|clearpoke\n|poke|p1|Froslass, L50, F|\n|poke|p1|Aegislash, L50, F|\n|poke|p1|Incineroar, L50, F|\n|poke|p1|Milotic, L50, M|\n|poke|p1|Garchomp, L50, M|\n|poke|p1|Sinistcha, L50|\n|poke|p2|Floette-Eternal, L50, F|\n|poke|p2|Rotom-Wash, L50|\n|poke|p2|Sneasler, L50, M|\n|poke|p2|Corviknight, L50, F|\n|poke|p2|Tyranitar, L50, F|\n|poke|p2|Sinistcha, L50|\n|teampreview|4\n|inactive|Battle timer is ON: inactive players will automatically lose when time's up. (requested by Flower Monke 2)\n|inactive|TheDark69420 also wants the timer to be on.\n|\n|t:|1776020535\n|teamsize|p1|4\n|teamsize|p2|4\n|start\n|switch|p1a: Snow White|Froslass, L50, F|100/100\n|switch|p1b: Beam|Garchomp, L50, M|100/100\n|switch|p2a: Floette|Floette-Eternal, L50, F|100/100\n|switch|p2b: Rotom|Rotom-Wash, L50|100/100\n|turn|1\n|\n|t:|1776020559\n|detailschange|p1a: Snow White|Froslass-Mega, L50, F\n|-mega|p1a: Snow White|Froslass|Froslassite\n|-weather|Snowscape|[from] ability: Snow Warning|[of] p1a: Snow White\n|detailschange|p2a: Floette|Floette-Mega, L50, F\n|-mega|p2a: Floette|Floette|Floettite\n|-ability|p2a: Floette|Fairy Aura\n|move|p1b: Beam|Rock Slide|p2a: Floette|[spread] p2a,p2b\n|-damage|p2a: Floette|81/100\n|-damage|p2b: Rotom|77/100\n|move|p2b: Rotom|Volt Switch|p1a: Snow White\n|-damage|p1a: Snow White|65/100\n|\n|t:|1776020571\n|switch|p2b: Tyranitar|Tyranitar, L50, F|100/100|[from] Volt Switch\n|-weather|Sandstorm|[from] ability: Sand Stream|[of] p2b: Tyranitar\n|move|p1a: Snow White|Aurora Veil||[still]\n|-fail|p1a: Snow White\n|move|p2a: Floette|Dazzling Gleam|p1b: Beam|[spread] p1a,p1b\n|-supereffective|p1b: Beam|1\n|-damage|p1a: Snow White|4/100\n|-damage|p1b: Beam|0 fnt\n|faint|p1b: Beam\n|\n|-weather|Sandstorm|[upkeep]\n|-damage|p1a: Snow White|0 fnt|[from] Sandstorm\n|-damage|p2a: Floette|75/100|[from] Sandstorm\n|faint|p1a: Snow White\n|upkeep\n|\n|t:|1776020582\n|switch|p1a: Caffiend|Sinistcha, L50|100/100\n|switch|p1b: Goat of VGC|Incineroar, L50, F|100/100\n|-ability|p1b: Goat of VGC|Intimidate|boost\n|-unboost|p2a: Floette|atk|1\n|-unboost|p2b: Tyranitar|atk|1\n|turn|2\n|\n|t:|1776020600\n|move|p1b: Goat of VGC|Fake Out|p2b: Tyranitar\n|-resisted|p2b: Tyranitar|1\n|-damage|p2b: Tyranitar|96/100\n|move|p2a: Floette|Dazzling Gleam|p1a: Caffiend|[spread] p1a,p1b\n|-damage|p1a: Caffiend|50/100\n|-damage|p1b: Goat of VGC|64/100\n|cant|p2b: Tyranitar|flinch\n|move|p1a: Caffiend|Trick Room|p1a: Caffiend\n|-fieldstart|move: Trick Room|[of] p1a: Caffiend\n|\n|-weather|Sandstorm|[upkeep]\n|-damage|p1b: Goat of VGC|58/100|[from] Sandstorm\n|-damage|p1a: Caffiend|44/100|[from] Sandstorm\n|-damage|p2a: Floette|69/100|[from] Sandstorm\n|upkeep\n|turn|3\n|c|\u2606TheDark69420|!dt floette-mega\n|c|\u2606TheDark69420|/raw <div class=\"message\"><ul class=\"utilichart\"><li class=\"result\"><span class=\"col numcol\">OU</span> <span class=\"col iconcol\"><psicon pokemon=\"floettemega\"/></span> <span class=\"col pokemonnamecol\" style=\"white-space:nowrap\"><a href=\"https://dex.pokemonshowdown.com/pokemon/floettemega\" target=\"_blank\">Floette-Mega</a></span> <span class=\"col typecol\"><img src=\"https://play.pokemonshowdown.com/sprites/types/Fairy.png\" alt=\"Fairy\" height=\"14\" width=\"32\"></span> <span style=\"float:left;min-height:26px\"><span class=\"col abilitycol\">Fairy Aura</span><span class=\"col abilitycol\"></span></span><span style=\"float:left;min-height:26px\"><span class=\"col statcol\"><em>HP</em><br />74</span> <span class=\"col statcol\"><em>Atk</em><br />85</span> <span class=\"col statcol\"><em>Def</em><br />87</span> <span class=\"col statcol\"><em>SpA</em><br />155</span> <span class=\"col statcol\"><em>SpD</em><br />148</span> <span class=\"col statcol\"><em>Spe</em><br />102</span> <span class=\"col bstcol\"><em>BST<br />651</em></span> </span></li><li style=\"clear:both\"></li></ul></div>\n|c|\u2606TheDark69420|/raw <font size=\"1\"><font color=\"#686868\">Dex#:</font> 670&nbsp;|&ThickSpace;<font color=\"#686868\">Gen:</font> 9&nbsp;|&ThickSpace;<font color=\"#686868\">Height:</font> 0.2 m&nbsp;|&ThickSpace;<font color=\"#686868\">Weight:</font> 100.8 kg <em>(100 BP)</em>&nbsp;|&ThickSpace;<font color=\"#686868\">Dex Colour:</font> White&nbsp;|&ThickSpace;<font color=\"#686868\">Egg Group(s):</font> Undiscovered&nbsp;|&ThickSpace;<font color=\"#686868\">Does Not Evolve</font></font>\n\n|\n|t:|1776020616\n|switch|p2b: Sinistcha|Sinistcha, L50|100/100\n|-heal|p2a: Floette|94/100|[from] ability: Hospitality|[of] p2b: Sinistcha\n|move|p1b: Goat of VGC|Flare Blitz|p2a: Floette\n|-damage|p2a: Floette|47/100\n|-damage|p1b: Goat of VGC|44/100|[from] Recoil\n|-enditem|p1b: Goat of VGC|Sitrus Berry|[eat]\n|-heal|p1b: Goat of VGC|69/100|[from] item: Sitrus Berry\n|move|p1a: Caffiend|Matcha Gotcha|p2a: Floette|[spread] p2a\n|-miss|p1a: Caffiend|p2b: Sinistcha\n|-damage|p2a: Floette|31/100\n|-heal|p1a: Caffiend|52/100|[from] drain|[of] p2a: Floette\n|move|p2a: Floette|Calm Mind|p2a: Floette\n|-boost|p2a: Floette|spa|1\n|-boost|p2a: Floette|spd|1\n|\n|-weather|Sandstorm|[upkeep]\n|-damage|p1b: Goat of VGC|63/100|[from] Sandstorm\n|-damage|p1a: Caffiend|46/100|[from] Sandstorm\n|-damage|p2b: Sinistcha|94/100|[from] Sandstorm\n|-damage|p2a: Floette|25/100|[from] Sandstorm\n|upkeep\n|turn|4\n|\n|t:|1776020635\n|move|p2b: Sinistcha|Rage Powder|p2b: Sinistcha\n|-singleturn|p2b: Sinistcha|move: Rage Powder\n|move|p1b: Goat of VGC|Flare Blitz|p2b: Sinistcha\n|-supereffective|p2b: Sinistcha|1\n|-enditem|p2b: Sinistcha|Occa Berry|[eat]\n|-enditem|p2b: Sinistcha|Occa Berry|[weaken]\n|-damage|p2b: Sinistcha|53/100\n|-status|p2b: Sinistcha|brn\n|-damage|p1b: Goat of VGC|51/100|[from] Recoil\n|move|p1a: Caffiend|Matcha Gotcha|p2a: Floette|[spread] p2a,p2b\n|-resisted|p2b: Sinistcha|1\n|-damage|p2a: Floette|13/100\n|-heal|p1a: Caffiend|52/100|[from] drain|[of] p2a: Floette\n|-damage|p2b: Sinistcha|42/100 brn\n|-heal|p1a: Caffiend|58/100|[from] drain|[of] p2b: Sinistcha\n|move|p2a: Floette|Moonblast|p1b: Goat of VGC\n|-damage|p1b: Goat of VGC|0 fnt\n|faint|p1b: Goat of VGC\n|\n|-weather|Sandstorm|[upkeep]\n|-damage|p1a: Caffiend|52/100|[from] Sandstorm\n|-damage|p2b: Sinistcha|36/100 brn|[from] Sandstorm\n|-damage|p2a: Floette|7/100|[from] Sandstorm\n|-damage|p2b: Sinistcha|30/100 brn|[from] brn\n|upkeep\n|turn|5\n|\n|t:|1776020652\n|move|p1a: Caffiend|Matcha Gotcha|p2a: Floette|[spread] p2a,p2b\n|-resisted|p2b: Sinistcha|1\n|-damage|p2a: Floette|0 fnt\n|-heal|p1a: Caffiend|55/100|[from] drain|[of] p2a: Floette\n|-damage|p2b: Sinistcha|20/100 brn\n|-heal|p1a: Caffiend|60/100|[from] drain|[of] p2b: Sinistcha\n|faint|p2a: Floette\n|move|p2b: Sinistcha|Trick Room|p2b: Sinistcha\n|-fieldend|move: Trick Room\n|\n|-weather|none\n|-damage|p2b: Sinistcha|13/100 brn|[from] brn\n|upkeep\n|\n|t:|1776020657\n|switch|p2a: Tyranitar|Tyranitar, L50, F|96/100\n|-weather|Sandstorm|[from] ability: Sand Stream|[of] p2a: Tyranitar\n|turn|6\n|\n|t:|1776020667\n|move|p1a: Caffiend|Matcha Gotcha|p2b: Sinistcha|[spread] p2a,p2b\n|-supereffective|p2a: Tyranitar|1\n|-resisted|p2b: Sinistcha|1\n|-damage|p2a: Tyranitar|67/100\n|-heal|p1a: Caffiend|77/100|[from] drain|[of] p2a: Tyranitar\n|-damage|p2b: Sinistcha|3/100 brn\n|-heal|p1a: Caffiend|82/100|[from] drain|[of] p2b: Sinistcha\n|move|p2b: Sinistcha|Matcha Gotcha|p1a: Caffiend\n|-resisted|p1a: Caffiend|1\n|-damage|p1a: Caffiend|66/100\n|-heal|p2b: Sinistcha|11/100 brn|[from] drain|[of] p1a: Caffiend\n|move|p2a: Tyranitar|Knock Off|p1a: Caffiend\n|-supereffective|p1a: Caffiend|1\n|-damage|p1a: Caffiend|0 fnt\n|-enditem|p1a: Caffiend|Mental Herb|[from] move: Knock Off|[of] p2a: Tyranitar\n|faint|p1a: Caffiend\n|\n|win|Flower Monke 2\n|raw|TheDark69420's rating: 1034 &rarr; <strong>1022</strong><br />(-12 for losing)\n|raw|Flower Monke 2's rating: 1110 &rarr; <strong>1130</strong><br />(+20 for winning)\n|l|\u2606TheDark69420\n|player|p1|\n",
  "uploadtime": 1776020737,
  "views": 22,
  "formatid": "gen9championsvgc2026regma",
  "rating": 1022,
  "private": 0,
  "password": null
}