{
  "id": "gen9championsvgc2026regma-2588469284",
  "format": "[Gen 9 Champions] VGC 2026 Reg M-A",
  "players": [
    "Sci4na",
    "Marcio Lira"
  ],
  "log": "|j|\u2606Sci4na\n|j|\u2606Marcio Lira\n|t:|1776636290\n|gametype|doubles\n|player|p1|Sci4na|steven|1087\n|player|p2|Marcio Lira|bugcatcher-gen4dp|1115\n|gen|9\n|tier|[Gen 9 Champions] VGC 2026 Reg M-A\n|rated|\n|rule|Species Clause: Limit one of each Pok\u00e9mon\n|rule|Item Clause: Limit 1 of each item\n|clearpoke\n|poke|p1|Aggron, L50, M|\n|poke|p1|Sylveon, L50, F|\n|poke|p1|Kingambit, L50, F|\n|poke|p1|Drampa, L50, F|\n|poke|p1|Reuniclus, L50, F|\n|poke|p1|Aromatisse, L50, F|\n|poke|p2|Tinkaton, L50, F|\n|poke|p2|Farigiraf, L50, F, shiny|\n|poke|p2|Chandelure, L50, M|\n|poke|p2|Milotic, L50, F|\n|poke|p2|Aerodactyl, L50, M|\n|poke|p2|Rotom-Wash, L50|\n|teampreview|4\n|inactive|Battle timer is ON: inactive players will automatically lose when time's up. (requested by Sci4na)\n|inactive|Sci4na has 60 seconds left.\n|inactive|Marcio Lira has 60 seconds left.\n|\n|t:|1776636343\n|teamsize|p1|4\n|teamsize|p2|4\n|start\n|switch|p1a: Drampa|Drampa, L50, F|100/100\n|switch|p1b: Aromatisse|Aromatisse, L50, F|100/100\n|switch|p2a: Farigiraf|Farigiraf, L50, F, shiny|100/100\n|switch|p2b: Chandelure|Chandelure, L50, M|100/100\n|-ability|p1a: Drampa|Cloud Nine\n|turn|1\n|\n|t:|1776636355\n|detailschange|p2b: Chandelure|Chandelure-Mega, L50, M\n|-mega|p2b: Chandelure|Chandelure|Chandelurite\n|detailschange|p1a: Drampa|Drampa-Mega, L50, F\n|-mega|p1a: Drampa|Drampa|Drampanite\n|move|p2b: Chandelure|Heat Wave|p1a: Drampa|[spread] p1a,p1b\n|-resisted|p1a: Drampa|1\n|-damage|p1a: Drampa|78/100\n|-damage|p1b: Aromatisse|63/100\n|-status|p1a: Drampa|brn\n|move|p2a: Farigiraf|Imprison|p2a: Farigiraf\n|-start|p2a: Farigiraf|move: Imprison\n|move|p1a: Drampa|Calm Mind|p1a: Drampa\n|-boost|p1a: Drampa|spa|1\n|-boost|p1a: Drampa|spd|1\n|cant|p1b: Aromatisse|move: Imprison|Trick Room\n|\n|-damage|p1a: Drampa|72/100 brn|[from] brn\n|upkeep\n|turn|2\n|inactive|Sci4na has 30 seconds left.\n|inactive|Marcio Lira has 30 seconds left.\n|\n|t:|1776636392\n|switch|p2b: Tinkaton|Tinkaton, L50, F|100/100\n|-ability|p2b: Tinkaton|Mold Breaker\n|move|p2a: Farigiraf|Protect|p2a: Farigiraf\n|-singleturn|p2a: Farigiraf|Protect\n|move|p1a: Drampa|Earth Power|p2b: Tinkaton\n|-supereffective|p2b: Tinkaton|1\n|-damage|p2b: Tinkaton|0 fnt\n|faint|p2b: Tinkaton\n|move|p1b: Aromatisse|Fake Tears|p2a: Farigiraf\n|-activate|p2a: Farigiraf|move: Protect\n|\n|-damage|p1a: Drampa|66/100 brn|[from] brn\n|upkeep\n|\n|t:|1776636397\n|switch|p2b: Milotic|Milotic, L50, F|100/100\n|turn|3\n|\n|t:|1776636410\n|move|p2b: Milotic|Haze|p2b: Milotic\n|-clearallboost\n|move|p2a: Farigiraf|Hyper Voice|p1a: Drampa|[spread] p1a,p1b\n|-damage|p1a: Drampa|44/100 brn\n|-damage|p1b: Aromatisse|42/100\n|-enditem|p1b: Aromatisse|Sitrus Berry|[eat]\n|-heal|p1b: Aromatisse|67/100|[from] item: Sitrus Berry\n|-ability|p1a: Drampa|Berserk|boost\n|-boost|p1a: Drampa|spa|1\n|move|p1a: Drampa|Calm Mind|p1a: Drampa\n|-boost|p1a: Drampa|spa|1\n|-boost|p1a: Drampa|spd|1\n|move|p1b: Aromatisse|Fake Tears|p2a: Farigiraf\n|-unboost|p2a: Farigiraf|spd|2\n|\n|-damage|p1a: Drampa|38/100 brn|[from] brn\n|upkeep\n|turn|4\n|\n|t:|1776636423\n|move|p1b: Aromatisse|Helping Hand|p1a: Drampa\n|-singleturn|p1a: Drampa|Helping Hand|[of] p1b: Aromatisse\n|move|p2b: Milotic|Haze|p2b: Milotic\n|-clearallboost\n|move|p2a: Farigiraf|Hyper Voice|p1a: Drampa|[spread] p1a,p1b\n|-damage|p1a: Drampa|19/100 brn\n|-damage|p1b: Aromatisse|47/100\n|move|p1a: Drampa|Earth Power|p2a: Farigiraf\n|-damage|p2a: Farigiraf|44/100\n|\n|-damage|p1a: Drampa|13/100 brn|[from] brn\n|upkeep\n|turn|5\n|\n|t:|1776636447\n|move|p2b: Milotic|Scald|p1b: Aromatisse\n|-damage|p1b: Aromatisse|19/100\n|-status|p1b: Aromatisse|brn\n|move|p2a: Farigiraf|Hyper Voice|p1b: Aromatisse|[spread] p1a,p1b\n|-damage|p1a: Drampa|0 fnt\n|-damage|p1b: Aromatisse|2/100 brn\n|faint|p1a: Drampa\n|move|p1b: Aromatisse|Moonblast|p2a: Farigiraf\n|-damage|p2a: Farigiraf|15/100\n|\n|-damage|p1b: Aromatisse|0 fnt|[from] brn\n|faint|p1b: Aromatisse\n|upkeep\n|\n|t:|1776636450\n|switch|p1a: Kingambit|Kingambit, L50, F|100/100\n|switch|p1b: Sylveon|Sylveon, L50, F|100/100\n|turn|6\n|\n|t:|1776636471\n|move|p2a: Farigiraf|Protect|p2a: Farigiraf\n|-singleturn|p2a: Farigiraf|Protect\n|move|p2b: Milotic|Scald|p1a: Kingambit\n|-damage|p1a: Kingambit|65/100\n|move|p1b: Sylveon|Hyper Beam|p2b: Milotic\n|-damage|p2b: Milotic|21/100\n|-mustrecharge|p1b: Sylveon\n|move|p1a: Kingambit|Kowtow Cleave|p2a: Farigiraf\n|-activate|p2a: Farigiraf|move: Protect\n|\n|-heal|p2b: Milotic|27/100|[from] item: Leftovers\n|upkeep\n|turn|7\n|inactive|Marcio Lira has 30 seconds left.\n|\n|t:|1776636499\n|move|p2b: Milotic|Scald|p1a: Kingambit\n|-damage|p1a: Kingambit|31/100\n|move|p2a: Farigiraf|Hyper Voice|p1b: Sylveon|[spread] p1a,p1b\n|-resisted|p1a: Kingambit|1\n|-damage|p1a: Kingambit|19/100\n|-damage|p1b: Sylveon|84/100\n|cant|p1b: Sylveon|recharge\n|move|p1a: Kingambit|Kowtow Cleave|p2b: Milotic\n|-damage|p2b: Milotic|0 fnt\n|faint|p2b: Milotic\n|\n|upkeep\n|\n|t:|1776636505\n|switch|p2b: Chandelure|Chandelure-Mega, L50, M|100/100\n|turn|8\n|\n|t:|1776636519\n|move|p2a: Farigiraf|Protect|p2a: Farigiraf\n|-singleturn|p2a: Farigiraf|Protect\n|move|p2b: Chandelure|Heat Wave|p1b: Sylveon|[spread] p1a,p1b\n|-supereffective|p1a: Kingambit|1\n|-damage|p1a: Kingambit|0 fnt\n|-damage|p1b: Sylveon|47/100\n|faint|p1a: Kingambit\n|move|p1b: Sylveon|Hyper Beam|p2b: Chandelure\n|-resisted|p2b: Chandelure|1\n|-damage|p2b: Chandelure|45/100\n|-mustrecharge|p1b: Sylveon\n|\n|upkeep\n|turn|9\n|-message|Sci4na forfeited.\n|\n|win|Marcio Lira\n|raw|Sci4na's rating: 1087 &rarr; <strong>1066</strong><br />(-21 for losing)\n|raw|Marcio Lira's rating: 1115 &rarr; <strong>1138</strong><br />(+23 for winning)\n|l|\u2606Sci4na\n|player|p1|\n",
  "uploadtime": 1776636532,
  "views": 10,
  "formatid": "gen9championsvgc2026regma",
  "rating": 1066,
  "private": 0,
  "password": null
}