{
  "id": "gen9championsvgc2026regma-2585337545",
  "format": "[Gen 9 Champions] VGC 2026 Reg M-A",
  "players": [
    "CerealesHacendado2",
    "pokegambit5"
  ],
  "log": "|j|\u2606CerealesHacendado2\n|j|\u2606pokegambit5\n|t:|1776339159\n|gametype|doubles\n|player|p1|CerealesHacendado2|169|1187\n|player|p2|pokegambit5|169|1101\n|gen|9\n|tier|[Gen 9 Champions] VGC 2026 Reg M-A\n|rated|\n|rule|Species Clause: Limit one of each Pok\u00e9mon\n|rule|Item Clause: Limit 1 of each item\n|clearpoke\n|poke|p1|Snorlax, L50, F|\n|poke|p1|Aegislash, L50, F|\n|poke|p1|Tauros-Paldea-Aqua, L50, M|\n|poke|p1|Ninetales-Alola, L50, F|\n|poke|p1|Scovillain, L50, M|\n|poke|p1|Rotom-Wash, L50|\n|poke|p2|Pikachu, L50, F|\n|poke|p2|Sinistcha, L50|\n|poke|p2|Clefable, L50, F|\n|poke|p2|Aegislash, L50, M|\n|poke|p2|Whimsicott, L50, F|\n|poke|p2|Kommo-o, L50, M|\n|teampreview|4\nCerealesHacendado2 rejected open team sheets.\n|\n|t:|1776339212\n|teamsize|p1|4\n|teamsize|p2|4\n|start\n|switch|p1a: Fidel Castro|Scovillain, L50, M|100/100\n|switch|p1b: Calg\u00f3n|Rotom-Wash, L50|100/100\n|switch|p2a: Kommo-o|Kommo-o, L50, M|100/100\n|switch|p2b: Clefable|Clefable, L50, F|100/100\n|turn|1\n|\n|t:|1776339241\n|detailschange|p1a: Fidel Castro|Scovillain-Mega, L50, M\n|-mega|p1a: Fidel Castro|Scovillain|Scovillainite\n|detailschange|p2b: Clefable|Clefable-Mega, L50, F\n|-mega|p2b: Clefable|Clefable|Clefablite\n|move|p1b: Calg\u00f3n|Trick|p2a: Kommo-o\n|-activate|p1b: Calg\u00f3n|move: Trick|[of] p2a: Kommo-o\n|-item|p2a: Kommo-o|Choice Scarf|[from] move: Trick\n|-item|p1b: Calg\u00f3n|Dragon Fang|[from] move: Trick\n|move|p2a: Kommo-o|Clangorous Soul|p2a: Kommo-o\n|-boost|p2a: Kommo-o|atk|1\n|-boost|p2a: Kommo-o|def|1\n|-boost|p2a: Kommo-o|spa|1\n|-boost|p2a: Kommo-o|spd|1\n|-boost|p2a: Kommo-o|spe|1\n|-damage|p2a: Kommo-o|68/100\n|move|p1a: Fidel Castro|Burning Jealousy|p2a: Kommo-o|[spread] p2a,p2b\n|-resisted|p2a: Kommo-o|1\n|-damage|p2a: Kommo-o|59/100\n|-damage|p2b: Clefable|81/100\n|-status|p2a: Kommo-o|brn\n|move|p2b: Clefable|Moonblast|p1b: Calg\u00f3n\n|-damage|p1b: Calg\u00f3n|40/100\n|\n|-damage|p2a: Kommo-o|53/100 brn|[from] brn\n|upkeep\n|turn|2\n|\n|t:|1776339275\n|switch|p2a: Sinistcha|Sinistcha, L50|100/100\n|-heal|p2b: Clefable|100/100|[from] ability: Hospitality|[of] p2a: Sinistcha\n|move|p1a: Fidel Castro|Rage Powder|p1a: Fidel Castro\n|-singleturn|p1a: Fidel Castro|move: Rage Powder\n|move|p1b: Calg\u00f3n|Thunderbolt|p2b: Clefable\n|-supereffective|p2b: Clefable|1\n|-damage|p2b: Clefable|35/100\n|-status|p2b: Clefable|par\n|move|p2b: Clefable|Moonblast|p1a: Fidel Castro\n|-resisted|p1a: Fidel Castro|1\n|-damage|p1a: Fidel Castro|77/100\n|\n|upkeep\n|turn|3\n|\n|t:|1776339312\n|switch|p2b: Pikachu|Pikachu, L50, F|100/100\n|move|p1b: Calg\u00f3n|Thunderbolt|p2b: Pikachu\n|-ability|p2b: Pikachu|Lightning Rod|boost\n|-boost|p2b: Pikachu|spa|1\n|move|p1a: Fidel Castro|Burning Jealousy|p2b: Pikachu|[spread] p2a,p2b\n|-supereffective|p2a: Sinistcha|1\n|-damage|p2a: Sinistcha|57/100\n|-damage|p2b: Pikachu|41/100\n|-status|p2b: Pikachu|brn\n|move|p2a: Sinistcha|Matcha Gotcha|p1a: Fidel Castro|[spread] p1a,p1b\n|-resisted|p1a: Fidel Castro|2\n|-supereffective|p1b: Calg\u00f3n|1\n|-damage|p1a: Fidel Castro|71/100\n|-heal|p2a: Sinistcha|59/100|[from] drain|[of] p1a: Fidel Castro\n|-damage|p1b: Calg\u00f3n|0 fnt\n|-heal|p2a: Sinistcha|74/100|[from] drain|[of] p1b: Calg\u00f3n\n|-status|p2a: Sinistcha|brn|[from] ability: Spicy Spray|[of] p1a: Fidel Castro\n|faint|p1b: Calg\u00f3n\n|\n|-damage|p2b: Pikachu|34/100 brn|[from] brn\n|-damage|p2a: Sinistcha|67/100 brn|[from] brn\n|upkeep\n|\n|t:|1776339332\n|switch|p1b: Slappy Hollow|Aegislash, L50, F|100/100\n|turn|4\n|\n|t:|1776339341\n|move|p1a: Fidel Castro|Protect|p1a: Fidel Castro\n|-singleturn|p1a: Fidel Castro|Protect\n|move|p1b: Slappy Hollow|King's Shield|p1b: Slappy Hollow\n|-singleturn|p1b: Slappy Hollow|Protect\n|move|p2b: Pikachu|Fake Out|p1a: Fidel Castro\n|-activate|p1a: Fidel Castro|move: Protect\n|move|p2a: Sinistcha|Shadow Ball|p1b: Slappy Hollow\n|-activate|p1b: Slappy Hollow|move: Protect\n|\n|-damage|p2b: Pikachu|28/100 brn|[from] brn\n|-damage|p2a: Sinistcha|61/100 brn|[from] brn\n|upkeep\n|turn|5\n|\n|t:|1776339371\n|-formechange|p1b: Slappy Hollow|Aegislash-Blade|\n|move|p1b: Slappy Hollow|Shadow Sneak|p2b: Pikachu\n|-damage|p2b: Pikachu|0 fnt\n|faint|p2b: Pikachu\n|move|p1a: Fidel Castro|Burning Jealousy|p2a: Sinistcha\n|-supereffective|p2a: Sinistcha|1\n|-damage|p2a: Sinistcha|0 fnt\n|faint|p2a: Sinistcha\n|\n|upkeep\n|inactive|Battle timer is ON: inactive players will automatically lose when time's up. (requested by pokegambit5)\n|\n|t:|1776339382\n|switch|p2b: Clefable|Clefable-Mega, L50, F|35/100 par\n|switch|p2a: Kommo-o|Kommo-o, L50, M|53/100 brn\n|turn|6\n|\n|t:|1776339395\n|-formechange|p1b: Slappy Hollow|Aegislash|\n|move|p1b: Slappy Hollow|King's Shield|p1b: Slappy Hollow\n|-singleturn|p1b: Slappy Hollow|Protect\n|move|p2a: Kommo-o|Clanging Scales|p1b: Slappy Hollow|[spread] p1a\n|-activate|p1b: Slappy Hollow|move: Protect\n|-damage|p1a: Fidel Castro|25/100\n|-unboost|p2a: Kommo-o|def|1\n|move|p1a: Fidel Castro|Burning Jealousy|p2b: Clefable|[spread] p2a,p2b\n|-resisted|p2a: Kommo-o|1\n|-damage|p2a: Kommo-o|41/100 brn\n|-damage|p2b: Clefable|17/100 par\n|move|p2b: Clefable|Moonblast|p1b: Slappy Hollow\n|-activate|p1b: Slappy Hollow|move: Protect\n|\n|-damage|p2a: Kommo-o|35/100 brn|[from] brn\n|upkeep\n|turn|7\n|inactive|CerealesHacendado2 has 30 seconds left.\n|\n|t:|1776339420\n|move|p1a: Fidel Castro|Protect|p1a: Fidel Castro\n|-singleturn|p1a: Fidel Castro|Protect\n|cant|p2b: Clefable|par\n|-formechange|p1b: Slappy Hollow|Aegislash-Blade|\n|move|p1b: Slappy Hollow|Shadow Sneak|p2b: Clefable\n|-damage|p2b: Clefable|0 fnt\n|faint|p2b: Clefable\n|move|p2a: Kommo-o|Clanging Scales|p1b: Slappy Hollow|[spread] p1b\n|-activate|p1a: Fidel Castro|move: Protect\n|-resisted|p1b: Slappy Hollow|1\n|-damage|p1b: Slappy Hollow|65/100\n|-unboost|p2a: Kommo-o|def|1\n|\n|-damage|p2a: Kommo-o|29/100 brn|[from] brn\n|upkeep\n|turn|8\n|\n|t:|1776339436\n|move|p1b: Slappy Hollow|Shadow Sneak|p2a: Kommo-o\n|-damage|p2a: Kommo-o|0 fnt\n|faint|p2a: Kommo-o\n|\n|win|CerealesHacendado2\n|raw|CerealesHacendado2's rating: 1187 &rarr; <strong>1206</strong><br />(+19 for winning)\n|raw|pokegambit5's rating: 1101 &rarr; <strong>1082</strong><br />(-19 for losing)\n",
  "uploadtime": 1776339443,
  "views": 19,
  "formatid": "gen9championsvgc2026regma",
  "rating": 1082,
  "private": 0,
  "password": null
}