{
  "id": "gen9championsvgc2026regma-2585889244",
  "format": "[Gen 9 Champions] VGC 2026 Reg M-A",
  "players": [
    "Shortslover69",
    "sql56"
  ],
  "log": "|j|\u2606Shortslover69\n|j|\u2606sql56\n|t:|1776378716\n|gametype|doubles\n|player|p1|Shortslover69|youngster-gen4dp|1103\n|player|p2|sql56|marley|1142\n|gen|9\n|tier|[Gen 9 Champions] VGC 2026 Reg M-A\n|rated|\n|rule|Species Clause: Limit one of each Pok\u00e9mon\n|rule|Item Clause: Limit 1 of each item\n|clearpoke\n|poke|p1|Floette-Eternal, L50, F|\n|poke|p1|Maushold, L50|\n|poke|p1|Vivillon, L50, F|\n|poke|p1|Excadrill, L50, F|\n|poke|p1|Luxray, L50, F|\n|poke|p1|Chandelure, L50, F|\n|poke|p2|Floette-Eternal, L50, F|\n|poke|p2|Garchomp, L50, F|\n|poke|p2|Froslass, L50, F|\n|poke|p2|Kingambit, L50, M|\n|poke|p2|Sneasler, L50, F|\n|poke|p2|Basculegion, L50, M|\n|teampreview|4\n|inactive|Battle timer is ON: inactive players will automatically lose when time's up. (requested by Shortslover69)\n|inactive|sql56 has 60 seconds left.\n|\n|t:|1776378751\n|teamsize|p1|4\n|teamsize|p2|4\n|start\n|switch|p1a: Chandelure|Chandelure, L50, F|100/100\n|switch|p1b: Excadrill|Excadrill, L50, F|100/100\n|switch|p2a: Floette|Floette-Eternal, L50, F|100/100\n|switch|p2b: Sneasler|Sneasler, L50, F|100/100\n|-ability|p1b: Excadrill|Mold Breaker\n|turn|1\n|\n|t:|1776378766\n|detailschange|p2a: Floette|Floette-Mega, L50, F\n|-mega|p2a: Floette|Floette|Floettite\n|-ability|p2a: Floette|Fairy Aura\n|detailschange|p1a: Chandelure|Chandelure-Mega, L50, F\n|-mega|p1a: Chandelure|Chandelure|Chandelurite\n|move|p2b: Sneasler|Fake Out|p1b: Excadrill\n|-resisted|p1b: Excadrill|1\n|-damage|p1b: Excadrill|90/100\n|cant|p1b: Excadrill|flinch\n|move|p2a: Floette|Dazzling Gleam|p1a: Chandelure|[spread] p1a,p1b\n|-resisted|p1a: Chandelure|1\n|-resisted|p1b: Excadrill|1\n|-damage|p1a: Chandelure|79/100\n|-damage|p1b: Excadrill|58/100\n|move|p1a: Chandelure|Heat Wave|p2a: Floette|[spread] p2a,p2b\n|-damage|p2a: Floette|58/100\n|-damage|p2b: Sneasler|31/100\n|\n|upkeep\n|turn|2\n|inactive|sql56 has 30 seconds left.\n|\n|t:|1776378793\n|move|p2a: Floette|Protect|p2a: Floette\n|-singleturn|p2a: Floette|Protect\n|move|p1a: Chandelure|Protect|p1a: Chandelure\n|-singleturn|p1a: Chandelure|Protect\n|move|p1b: Excadrill|Earthquake|p2a: Floette|[spread] p2b\n|-activate|p1a: Chandelure|move: Protect\n|-activate|p2a: Floette|move: Protect\n|-supereffective|p2b: Sneasler|1\n|-damage|p2b: Sneasler|0 fnt\n|faint|p2b: Sneasler\n|\n|upkeep\n|\n|t:|1776378800\n|switch|p2b: Basculegion|Basculegion, L50, M|100/100\n|turn|3\n|\n|t:|1776378806\n|switch|p2a: Garchomp|Garchomp, L50, F|100/100\n|switch|p1a: Vivillon|Vivillon, L50, F|100/100\n|move|p1b: Excadrill|Earthquake|p2b: Basculegion|[spread] p2a,p2b\n|-immune|p1a: Vivillon\n|-damage|p2a: Garchomp|67/100\n|-damage|p2b: Basculegion|62/100\n|move|p2b: Basculegion|Wave Crash|p1a: Vivillon\n|-enditem|p1a: Vivillon|Focus Sash\n|-damage|p1a: Vivillon|1/100\n|-damage|p2b: Basculegion|34/100|[from] Recoil\n|-enditem|p2b: Basculegion|Sitrus Berry|[eat]\n|-heal|p2b: Basculegion|59/100|[from] item: Sitrus Berry\n|\n|upkeep\n|turn|4\n|inactive|sql56 has 30 seconds left.\n|\n|t:|1776378835\n|move|p2b: Basculegion|Aqua Jet|p1a: Vivillon\n|-damage|p1a: Vivillon|0 fnt\n|faint|p1a: Vivillon\n|move|p1b: Excadrill|Earthquake|p2a: Garchomp|[spread] p2a,p2b\n|-damage|p2a: Garchomp|31/100\n|-damage|p2b: Basculegion|16/100\n|move|p2a: Garchomp|Rock Slide|p1b: Excadrill\n|-resisted|p1b: Excadrill|2\n|-damage|p1b: Excadrill|49/100\n|\n|upkeep\n|\n|t:|1776378848\n|switch|p1a: Chandelure|Chandelure-Mega, L50, F|79/100\n|turn|5\n|\n|t:|1776378856\n|move|p1a: Chandelure|Protect|p1a: Chandelure\n|-singleturn|p1a: Chandelure|Protect\n|move|p2b: Basculegion|Aqua Jet|p1a: Chandelure\n|-activate|p1a: Chandelure|move: Protect\n|move|p1b: Excadrill|Earthquake|p2b: Basculegion|[spread] p2a,p2b\n|-activate|p1a: Chandelure|move: Protect\n|-damage|p2a: Garchomp|0 fnt\n|-damage|p2b: Basculegion|0 fnt\n|faint|p2a: Garchomp\n|faint|p2b: Basculegion\n|\n|upkeep\n|\n|t:|1776378858\n|switch|p2b: Floette|Floette-Mega, L50, F|58/100\n|-ability|p2b: Floette|Fairy Aura\n|turn|6\n|\n|t:|1776378863\n|switch|p1a: Maushold|Maushold, L50|100/100\n|move|p1b: Excadrill|Earthquake|p2b: Floette|[spread] p1a,p2b\n|-damage|p1a: Maushold|49/100\n|-damage|p2b: Floette|13/100\n|move|p2b: Floette|Dazzling Gleam|p1b: Excadrill|[spread] p1a,p1b\n|-resisted|p1b: Excadrill|1\n|-damage|p1a: Maushold|0 fnt\n|-damage|p1b: Excadrill|26/100\n|faint|p1a: Maushold\n|\n|upkeep\n|\n|t:|1776378868\n|switch|p1a: Chandelure|Chandelure-Mega, L50, F|79/100\n|turn|7\n|\n|t:|1776378882\n|move|p1a: Chandelure|Protect|p1a: Chandelure\n|-singleturn|p1a: Chandelure|Protect\n|move|p1b: Excadrill|Earthquake|p2b: Floette|[spread] p2b\n|-activate|p1a: Chandelure|move: Protect\n|-damage|p2b: Floette|0 fnt\n|faint|p2b: Floette\n|\n|win|Shortslover69\n|raw|Shortslover69's rating: 1103 &rarr; <strong>1131</strong><br />(+28 for winning)\n|raw|sql56's rating: 1142 &rarr; <strong>1114</strong><br />(-28 for losing)\n|l|\u2606sql56\n|player|p2|\n",
  "uploadtime": 1776378895,
  "views": 20,
  "formatid": "gen9championsvgc2026regma",
  "rating": 1114,
  "private": 0,
  "password": null
}