{
  "id": "gen9championsvgc2026regma-2583302892",
  "format": "[Gen 9 Champions] VGC 2026 Reg M-A",
  "players": [
    "king of larp",
    "Losniffy"
  ],
  "log": "|j|\u2606king of larp\n|j|\u2606Losniffy\n|t:|1776164940\n|gametype|doubles\n|player|p1|king of larp|101|1050\n|player|p2|Losniffy|cilan|1039\n|gen|9\n|tier|[Gen 9 Champions] VGC 2026 Reg M-A\n|rated|\n|rule|Species Clause: Limit one of each Pok\u00e9mon\n|rule|Item Clause: Limit 1 of each item\n|clearpoke\n|poke|p1|Sinistcha-Masterpiece, L50|\n|poke|p1|Pelipper, L50, F|\n|poke|p1|Drampa, L50, F|\n|poke|p1|Alakazam, L50, M|\n|poke|p2|Charizard, L50, M|\n|poke|p2|Sinistcha, L50|\n|poke|p2|Venusaur, L50, F|\n|poke|p2|Rotom-Wash, L50|\n|poke|p2|Whimsicott, L50, M|\n|poke|p2|Sneasler, L50, M|\n|teampreview|4\nLosniffy has agreed to open team sheets.\n|c|\u2606king of larp|dude\n|c|\u2606king of larp|is that trickroom or something\n|\n|t:|1776164991\n|teamsize|p1|4\n|teamsize|p2|4\n|start\n|switch|p1a: Drampa|Drampa, L50, F|100/100\n|switch|p1b: Alakazam|Alakazam, L50, M, shiny|100/100\n|switch|p2a: Charizard|Charizard, L50, M|100/100\n|switch|p2b: Venusaur|Venusaur, L50, F|100/100\n|turn|1\n|c|\u2606king of larp|why arez you using fast mons\n|c|\u2606king of larp|im guessing fast florizard\n|c|\u2606king of larp|venusar mb\n|\n|t:|1776165031\n|detailschange|p2a: Charizard|Charizard-Mega-Y, L50, M\n|-mega|p2a: Charizard|Charizard|Charizardite Y\n|-weather|SunnyDay|[from] ability: Drought|[of] p2a: Charizard\n|detailschange|p1a: Drampa|Drampa-Mega, L50, F\n|-mega|p1a: Drampa|Drampa|Drampanite\n|move|p2b: Venusaur|Sleep Powder|p1a: Drampa|[miss]\n|-miss|p2b: Venusaur|p1a: Drampa\n|move|p1b: Alakazam|Light Screen|p1b: Alakazam\n|-sidestart|p1: king of larp|move: Light Screen\n|move|p2a: Charizard|Heat Wave|p1a: Drampa|[spread] p1a,p1b\n|-resisted|p1a: Drampa|1\n|-damage|p1a: Drampa|81/100\n|-damage|p1b: Alakazam|43/100\n|move|p1a: Drampa|Calm Mind|p1a: Drampa\n|-boost|p1a: Drampa|spa|1\n|-boost|p1a: Drampa|spd|1\n|\n|-weather|SunnyDay|[upkeep]\n|upkeep\n|turn|2\n|\n|t:|1776165078\n|move|p2b: Venusaur|Protect|p2b: Venusaur\n|-singleturn|p2b: Venusaur|Protect\n|move|p1b: Alakazam|Speed Swap|p1a: Drampa\n|-activate|p1b: Alakazam|move: Speed Swap|[of] p1a: Drampa\n|move|p1a: Drampa|Calm Mind|p1a: Drampa\n|-boost|p1a: Drampa|spa|1\n|-boost|p1a: Drampa|spd|1\n|move|p2a: Charizard|Heat Wave|p1b: Alakazam|[spread] p1a,p1b\n|-resisted|p1a: Drampa|1\n|-damage|p1a: Drampa|72/100\n|-damage|p1b: Alakazam|0 fnt\n|faint|p1b: Alakazam\n|\n|-weather|SunnyDay|[upkeep]\n|upkeep\n|\n|t:|1776165090\n|switch|p1b: Pelipper|Pelipper, L50, F|100/100\n|-weather|RainDance|[from] ability: Drizzle|[of] p1b: Pelipper\n|turn|3\n|c|\u2606king of larp|your dumb\n|c|\u2606king of larp|you saw i had pelliper\n|\n|t:|1776165121\n|move|p2a: Charizard|Protect|p2a: Charizard\n|-singleturn|p2a: Charizard|Protect\n|move|p1a: Drampa|Hyper Voice|p2b: Venusaur|[spread] p2b\n|-activate|p2a: Charizard|move: Protect\n|-damage|p2b: Venusaur|35/100\n|move|p1b: Pelipper|Hurricane|p2b: Venusaur\n|-supereffective|p2b: Venusaur|1\n|-damage|p2b: Venusaur|0 fnt\n|faint|p2b: Venusaur\n|\n|-weather|RainDance|[upkeep]\n|upkeep\n|c|\u2606Losniffy|ik\n|\n|t:|1776165132\n|switch|p2b: Whimsicott|Whimsicott, L50, M, shiny|100/100\n|turn|4\n|c|\u2606king of larp|then why\n|c|\u2606king of larp|weird\n|c|\u2606Losniffy|dumb\n|\n|t:|1776165152\n|move|p1a: Drampa|Protect|p1a: Drampa\n|-singleturn|p1a: Drampa|Protect\n|move|p2b: Whimsicott|Sunny Day|p2b: Whimsicott\n|-weather|SunnyDay\n|move|p2a: Charizard|Heat Wave|p1a: Drampa|[spread] p1b\n|-activate|p1a: Drampa|move: Protect\n|-resisted|p1b: Pelipper|1\n|-damage|p1b: Pelipper|60/100\n|move|p1b: Pelipper|Hurricane|p2b: Whimsicott|[miss]\n|-miss|p1b: Pelipper|p2b: Whimsicott\n|\n|-weather|SunnyDay|[upkeep]\n|upkeep\n|turn|5\n|c|\u2606king of larp|oh okay gjob\n|\n|t:|1776165183\n|move|p2b: Whimsicott|Encore|p1a: Drampa\n|-start|p1a: Drampa|Encore\n|move|p1a: Drampa|Protect||[still]\n|-fail|p1a: Drampa\n|move|p2a: Charizard|Heat Wave|p1b: Pelipper|[spread] p1a,p1b\n|-resisted|p1a: Drampa|1\n|-resisted|p1b: Pelipper|1\n|-damage|p1a: Drampa|62/100\n|-damage|p1b: Pelipper|20/100\n|move|p1b: Pelipper|Hurricane|p2b: Whimsicott\n|-supereffective|p2b: Whimsicott|1\n|-damage|p2b: Whimsicott|0 fnt\n|faint|p2b: Whimsicott\n|\n|-weather|SunnyDay|[upkeep]\n|-sideend|p1: king of larp|move: Light Screen\n|upkeep\n|\n|t:|1776165196\n|switch|p2b: Rotom|Rotom-Wash, L50|100/100\n|turn|6\n|\n|t:|1776165208\n|move|p1a: Drampa|Protect|p1a: Drampa\n|-singleturn|p1a: Drampa|Protect\n|move|p2b: Rotom|Trick|p1a: Drampa\n|-activate|p1a: Drampa|move: Protect\n|move|p2a: Charizard|Heat Wave|p1b: Pelipper|[spread] p1b\n|-activate|p1a: Drampa|move: Protect\n|-resisted|p1b: Pelipper|1\n|-damage|p1b: Pelipper|0 fnt\n|faint|p1b: Pelipper\n|\n|-weather|SunnyDay|[upkeep]\n|upkeep\n|\n|t:|1776165220\n|switch|p1b: Sinistcha|Sinistcha-Masterpiece, L50|100/100\n|-heal|p1a: Drampa|87/100|[from] ability: Hospitality|[of] p1b: Sinistcha\n|turn|7\n|\n|t:|1776165234\n|move|p1a: Drampa|Protect||[still]\n|-fail|p1a: Drampa\n|move|p2b: Rotom|Trick||[still]\n|-fail|p2b: Rotom\n|move|p2a: Charizard|Heat Wave|p1b: Sinistcha|[spread] p1a,p1b\n|-resisted|p1a: Drampa|1\n|-supereffective|p1b: Sinistcha|1\n|-damage|p1a: Drampa|74/100\n|-damage|p1b: Sinistcha|0 fnt\n|faint|p1b: Sinistcha\n|\n|-weather|SunnyDay|[upkeep]\n|-end|p1a: Drampa|Encore\n|upkeep\n|turn|8\n|\n|t:|1776165262\n|move|p1a: Drampa|Draco Meteor|p2a: Charizard|[miss]\n|-miss|p1a: Drampa|p2a: Charizard\n|move|p2b: Rotom|Trick||[still]\n|-fail|p2b: Rotom\n|move|p2a: Charizard|Weather Ball|p1a: Drampa\n|-resisted|p1a: Drampa|1\n|-damage|p1a: Drampa|55/100\n|\n|-weather|none\n|upkeep\n|turn|9\n|c|\u2606king of larp|no shot\n|c|\u2606Losniffy|i didnt know trick didnt work on megas\n|c|\u2606king of larp|you already used it\n|c|\u2606king of larp|pay attention\n|c|\u2606Losniffy|im scarfed bro\n|c|\u2606king of larp|ohh\n|c|\u2606Losniffy|obviously im scarfed\n|c|\u2606Losniffy|fuckin sassy jackass\n|c|\u2606Losniffy|be normal\n|c|\u2606king of larp|whut\n|\n|t:|1776165317\n|move|p1a: Drampa|Hyper Voice|p2a: Charizard|[spread] p2a,p2b\n|-damage|p2a: Charizard|37/100\n|-damage|p2b: Rotom|27/100\n|move|p2b: Rotom|Trick||[still]\n|-fail|p2b: Rotom\n|move|p2a: Charizard|Heat Wave|p1a: Drampa\n|-resisted|p1a: Drampa|1\n|-damage|p1a: Drampa|43/100\n|-ability|p1a: Drampa|Berserk|boost\n|-boost|p1a: Drampa|spa|1\n|\n|upkeep\n|turn|10\n|c|\u2606Losniffy|king of larp indeed\n|-message|Losniffy forfeited.\n|\n|win|king of larp\n",
  "uploadtime": 1776165305,
  "views": 15,
  "formatid": "gen9championsvgc2026regma",
  "rating": null,
  "private": 0,
  "password": null
}