{
  "id": "gen9championsvgc2026regma-2580928215",
  "format": "[Gen 9 Champions] VGC 2026 Reg M-A",
  "players": [
    "asanagiyuri",
    "DiYamat0"
  ],
  "log": "|j|\u2606asanagiyuri\n|j|\u2606DiYamat0\n|t:|1775944093\n|gametype|doubles\n|player|p1|asanagiyuri|miku-fairy|1000\n|player|p2|DiYamat0|workerice|1028\n|gen|9\n|tier|[Gen 9 Champions] VGC 2026 Reg M-A\n|rated|\n|rule|Species Clause: Limit one of each Pok\u00e9mon\n|rule|Item Clause: Limit 1 of each item\n|clearpoke\n|poke|p1|Gengar, L50, M|\n|poke|p1|Primarina, L50, M|\n|poke|p1|Incineroar, L50, M|\n|poke|p1|Sinistcha, L50|\n|poke|p1|Kommo-o, L50, M|\n|poke|p1|Clefable, L50, M|\n|poke|p2|Dragonite, L50, F|\n|poke|p2|Pelipper, L50, M|\n|poke|p2|Basculegion, L50, M|\n|poke|p2|Sneasler, L50, F|\n|poke|p2|Archaludon, L50, F|\n|poke|p2|Clefable, L50, M|\n|teampreview|4\n|\n|t:|1775944117\n|teamsize|p1|4\n|teamsize|p2|4\n|start\n|switch|p1a: Gengar|Gengar, L50, M|100/100\n|switch|p1b: Incineroar|Incineroar, L50, M|100/100\n|switch|p2a: Clefable|Clefable, L50, M|100/100\n|switch|p2b: Pelipper|Pelipper, L50, M|100/100\n|-weather|RainDance|[from] ability: Drizzle|[of] p2b: Pelipper\n|-ability|p1b: Incineroar|Intimidate|boost\n|-unboost|p2a: Clefable|atk|1\n|-unboost|p2b: Pelipper|atk|1\n|turn|1\n|\n|t:|1775944138\n|detailschange|p1a: Gengar|Gengar-Mega, L50, M\n|-mega|p1a: Gengar|Gengar|Gengarite\n|move|p1a: Gengar|Sludge Bomb|p2a: Clefable\n|-supereffective|p2a: Clefable|1\n|-damage|p2a: Clefable|8/100\n|move|p2b: Pelipper|Tailwind|p2b: Pelipper\n|-sidestart|p2: DiYamat0|move: Tailwind\n|move|p2a: Clefable|Encore||[still]\n|-fail|p2a: Clefable\n|move|p1b: Incineroar|Parting Shot|p2b: Pelipper\n|-unboost|p2b: Pelipper|atk|1\n|-unboost|p2b: Pelipper|spa|1\n|\n|t:|1775944152\n|switch|p1b: Sinistcha|Sinistcha, L50|100/100|[from] Parting Shot\n|\n|-weather|RainDance|[upkeep]\n|upkeep\n|turn|2\n|inactive|Battle timer is ON: inactive players will automatically lose when time's up. (requested by DiYamat0)\n|\n|t:|1775944197\n|move|p2b: Pelipper|Protect|p2b: Pelipper\n|-singleturn|p2b: Pelipper|Protect\n|move|p1a: Gengar|Sludge Bomb|p2a: Clefable\n|-supereffective|p2a: Clefable|1\n|-damage|p2a: Clefable|0 fnt\n|faint|p2a: Clefable\n|move|p1b: Sinistcha|Life Dew||[still]|[still]|[spread] \n|-fail|p1a: Gengar|heal\n|-fail|p1b: Sinistcha|heal\n|\n|-weather|RainDance|[upkeep]\n|upkeep\n|\n|t:|1775944208\n|switch|p2a: Dragonite|Dragonite, L50, F|100/100\n|turn|3\n|\n|t:|1775944223\n|detailschange|p2a: Dragonite|Dragonite-Mega, L50, F\n|-mega|p2a: Dragonite|Dragonite|Dragoninite\n|move|p2a: Dragonite|Thunder|p1a: Gengar\n|-damage|p1a: Gengar|50/100\n|move|p2b: Pelipper|Hurricane|p1b: Sinistcha\n|-supereffective|p1b: Sinistcha|1\n|-damage|p1b: Sinistcha|59/100\n|-start|p1b: Sinistcha|confusion\n|move|p1a: Gengar|Perish Song|p1a: Gengar\n|-start|p1a: Gengar|perish3|[silent]\n|-start|p1b: Sinistcha|perish3|[silent]\n|-start|p2a: Dragonite|perish3|[silent]\n|-start|p2b: Pelipper|perish3|[silent]\n|-fieldactivate|move: Perish Song\n|-activate|p1b: Sinistcha|confusion\n|move|p1b: Sinistcha|Strength Sap|p2a: Dragonite\n|-unboost|p2a: Dragonite|atk|1\n|-heal|p1b: Sinistcha|100/100\n|\n|-weather|RainDance|[upkeep]\n|-start|p2a: Dragonite|perish3\n|-start|p2b: Pelipper|perish3\n|-start|p1a: Gengar|perish3\n|-start|p1b: Sinistcha|perish3\n|upkeep\n|turn|4\n|inactive|DiYamat0 has 30 seconds left.\n|inactive|DiYamat0 has 20 seconds left.\n|\n|t:|1775944259\n|switch|p1b: Incineroar|Incineroar, L50, M|100/100\n|-ability|p1b: Incineroar|Intimidate|boost\n|-unboost|p2a: Dragonite|atk|1\n|-unboost|p2b: Pelipper|atk|1\n|move|p1a: Gengar|Protect|p1a: Gengar\n|-singleturn|p1a: Gengar|Protect\n|move|p2a: Dragonite|Hurricane|p1b: Incineroar\n|-damage|p1b: Incineroar|55/100\n|-start|p1b: Incineroar|confusion\n|move|p2b: Pelipper|Hurricane|p1b: Incineroar\n|-damage|p1b: Incineroar|37/100\n|\n|-weather|RainDance|[upkeep]\n|-start|p2a: Dragonite|perish2\n|-start|p2b: Pelipper|perish2\n|-start|p1a: Gengar|perish2\n|-sideend|p2: DiYamat0|move: Tailwind\n|upkeep\n|turn|5\n|\n|t:|1775944281\n|switch|p1a: Sinistcha|Sinistcha, L50|100/100\n|-heal|p1b: Incineroar|62/100|[from] ability: Hospitality|[of] p1a: Sinistcha\n|move|p2a: Dragonite|Draco Meteor|p1a: Sinistcha\n|-damage|p1a: Sinistcha|24/100\n|-unboost|p2a: Dragonite|spa|2\n|move|p2b: Pelipper|Weather Ball|p1b: Incineroar\n|-supereffective|p1b: Incineroar|1\n|-damage|p1b: Incineroar|16/100\n|-activate|p1b: Incineroar|confusion\n|move|p1b: Incineroar|Parting Shot|p2a: Dragonite\n|-unboost|p2a: Dragonite|atk|1\n|-unboost|p2a: Dragonite|spa|1\n|\n|t:|1775944293\n|switch|p1b: Gengar|Gengar-Mega, L50, M|50/100|[from] Parting Shot\n|\n|-weather|none\n|-start|p2a: Dragonite|perish1\n|-start|p2b: Pelipper|perish1\n|upkeep\n|turn|6\n|\n|t:|1775944314\n|move|p1b: Gengar|Protect|p1b: Gengar\n|-singleturn|p1b: Gengar|Protect\n|move|p1a: Sinistcha|Protect|p1a: Sinistcha\n|-singleturn|p1a: Sinistcha|Protect\n|move|p2a: Dragonite|Draco Meteor|p1b: Gengar\n|-activate|p1b: Gengar|move: Protect\n|move|p2b: Pelipper|Hurricane|p1a: Sinistcha\n|-activate|p1a: Sinistcha|move: Protect\n|\n|-start|p2a: Dragonite|perish0\n|-start|p2b: Pelipper|perish0\n|faint|p2a: Dragonite\n|faint|p2b: Pelipper\n|upkeep\n|inactive|DiYamat0 has 30 seconds left.\n|\n|t:|1775944343\n|switch|p2b: Basculegion|Basculegion, L50, M|100/100\n|turn|7\n|\n|t:|1775944352\n|switch|p1b: Kommo-o|Kommo-o, L50, M|100/100\n|switch|p1a: Incineroar|Incineroar, L50, M|16/100\n|-ability|p1a: Incineroar|Intimidate|boost\n|-unboost|p2b: Basculegion|atk|1\n|move|p2b: Basculegion|Last Respects|p1b: Kommo-o\n|-damage|p1b: Kommo-o|18/100\n|\n|upkeep\n|turn|8\n|\n|t:|1775944363\n|move|p2b: Basculegion|Aqua Jet|p1a: Incineroar\n|-supereffective|p1a: Incineroar|1\n|-damage|p1a: Incineroar|0 fnt\n|faint|p1a: Incineroar\n|move|p1b: Kommo-o|Clanging Scales|p2b: Basculegion\n|-damage|p2b: Basculegion|43/100\n|-unboost|p1b: Kommo-o|def|1\n|\n|upkeep\n|\n|t:|1775944369\n|switch|p1a: Gengar|Gengar-Mega, L50, M|50/100\n|turn|9\n|\n|t:|1775944373\n|move|p1a: Gengar|Shadow Ball|p2b: Basculegion\n|-supereffective|p2b: Basculegion|1\n|-damage|p2b: Basculegion|0 fnt\n|faint|p2b: Basculegion\n|\n|win|asanagiyuri\n|raw|asanagiyuri's rating: 1000 &rarr; <strong>1043</strong><br />(+43 for winning)\n|raw|DiYamat0's rating: 1028 &rarr; <strong>1013</strong><br />(-15 for losing)\n",
  "uploadtime": 1775944384,
  "views": 13,
  "formatid": "gen9championsvgc2026regma",
  "rating": 1013,
  "private": 0,
  "password": null
}