{
  "id": "gen9championsvgc2026regma-2588697679",
  "format": "[Gen 9 Champions] VGC 2026 Reg M-A",
  "players": [
    "raigonjoy",
    "SavvyP09"
  ],
  "log": "|j|\u2606raigonjoy\n|j|\u2606SavvyP09\n|t:|1776658984\n|gametype|doubles\n|player|p1|raigonjoy|1|1000\n|player|p2|SavvyP09|2|1048\n|gen|9\n|tier|[Gen 9 Champions] VGC 2026 Reg M-A\n|rated|\n|rule|Species Clause: Limit one of each Pok\u00e9mon\n|rule|Item Clause: Limit 1 of each item\n|clearpoke\n|poke|p1|Gengar, L50, F|\n|poke|p1|Zoroark-Hisui, L50, M|\n|poke|p1|Basculegion, L50, M|\n|poke|p1|Kingambit, L50, M|\n|poke|p1|Sneasler, L50, M|\n|poke|p1|Sableye, L50, F|\n|poke|p2|Gengar, L50, M|\n|poke|p2|Maushold, L50|\n|poke|p2|Incineroar, L50, M|\n|poke|p2|Chimecho, L50, F|\n|poke|p2|Garchomp, L50, M|\n|poke|p2|Sneasler, L50, F|\n|teampreview|4\n|inactive|Battle timer is ON: inactive players will automatically lose when time's up. (requested by raigonjoy)\n|\n|t:|1776659015\n|teamsize|p1|4\n|teamsize|p2|4\n|start\n|switch|p1a: Gengar|Gengar, L50, F|100/100\n|switch|p1b: Kingambit|Kingambit, L50, M|100/100\n|switch|p2a: Gengar|Gengar, L50, M|100/100\n|switch|p2b: Maushold|Maushold, L50|100/100\n|turn|1\n|inactive|raigonjoy has 30 seconds left.\n|\n|t:|1776659042\n|detailschange|p2a: Gengar|Gengar-Mega, L50, M\n|-mega|p2a: Gengar|Gengar|Gengarite\n|move|p1a: Gengar|Protect|p1a: Gengar\n|-singleturn|p1a: Gengar|Protect\n|move|p2b: Maushold|Follow Me|p2b: Maushold\n|-singleturn|p2b: Maushold|move: Follow Me\n|move|p2a: Gengar|Sludge Bomb|p1b: Kingambit\n|-resisted|p1b: Kingambit|1\n|-damage|p1b: Kingambit|44/100\n|-status|p1b: Kingambit|psn\n|replace|p1b: Zoroark|Zoroark-Hisui, L50, M\n|-end|p1b: Zoroark|Illusion\n|move|p1b: Zoroark|U-turn|p2b: Maushold\n|-damage|p2b: Maushold|82/100\n|inactive|raigonjoy has 30 seconds left.\n|\n|t:|1776659067\n|switch|p1b: Kingambit|Kingambit, L50, M|100/100|[from] U-turn\n|\n|upkeep\n|turn|2\n|\n|t:|1776659088\n|switch|p1a: Gengar|Gengar, L50, F|44/100 psn\n|move|p2a: Gengar|Protect|p2a: Gengar\n|-singleturn|p2a: Gengar|Protect\n|move|p2b: Maushold|Encore||[still]\n|-fail|p2b: Maushold\n|move|p1b: Kingambit|Kowtow Cleave|p2b: Maushold\n|-damage|p2b: Maushold|23/100\n|\n|-damage|p1a: Gengar|32/100 psn|[from] psn\n|upkeep\n|turn|3\n|inactive|raigonjoy has 30 seconds left.\n|inactive|SavvyP09 has 30 seconds left.\n|inactive|raigonjoy has 20 seconds left.\n|inactive|raigonjoy has 15 seconds left.\n|\n|t:|1776659130\n|move|p1a: Gengar|Protect|p1a: Gengar\n|-singleturn|p1a: Gengar|Protect\n|move|p2b: Maushold|Follow Me|p2b: Maushold\n|-singleturn|p2b: Maushold|move: Follow Me\n|move|p2a: Gengar|Sludge Bomb|p1a: Gengar\n|-activate|p1a: Gengar|move: Protect\n|move|p1b: Kingambit|Kowtow Cleave|p2b: Maushold\n|-damage|p2b: Maushold|0 fnt\n|faint|p2b: Maushold\n|\n|-damage|p1a: Gengar|20/100 psn|[from] psn\n|upkeep\n|\n|t:|1776659143\n|switch|p2b: Garchomp|Garchomp, L50, M|100/100\n|turn|4\n|\n|t:|1776659160\n|move|p2a: Gengar|Protect|p2a: Gengar\n|-singleturn|p2a: Gengar|Protect\n|move|p1b: Kingambit|Protect|p1b: Kingambit\n|-singleturn|p1b: Kingambit|Protect\n|move|p2b: Garchomp|Earthquake|p1a: Gengar|[spread] p1a\n|-activate|p2a: Gengar|move: Protect\n|-activate|p1b: Kingambit|move: Protect\n|-damage|p1a: Gengar|0 fnt\n|replace|p1a: Zoroark|Zoroark-Hisui, L50, M\n|-end|p1a: Zoroark|Illusion\n|faint|p1a: Zoroark\n|\n|upkeep\n|\n|t:|1776659177\n|switch|p1a: Basculegion|Basculegion, L50, M|100/100\n|turn|5\n|\n|t:|1776659189\n|switch|p2a: Sneasler|Sneasler, L50, F|100/100\n|move|p1b: Kingambit|Sucker Punch|p2b: Garchomp\n|-damage|p2b: Garchomp|62/100\n|-damage|p1b: Kingambit|88/100|[from] ability: Rough Skin|[of] p2b: Garchomp\n|move|p2b: Garchomp|Earthquake|p1a: Basculegion|[spread] p2a,p1a,p1b\n|-supereffective|p2a: Sneasler|1\n|-supereffective|p1b: Kingambit|1\n|-damage|p2a: Sneasler|0 fnt\n|-damage|p1a: Basculegion|51/100\n|-damage|p1b: Kingambit|30/100\n|faint|p2a: Sneasler\n|move|p1a: Basculegion|Last Respects|p2b: Garchomp\n|-damage|p2b: Garchomp|0 fnt\n|faint|p2b: Garchomp\n|\n|upkeep\n|-message|SavvyP09 forfeited.\n|\n|win|raigonjoy\n|raw|raigonjoy's rating: 1000 &rarr; <strong>1045</strong><br />(+45 for winning)\n|raw|SavvyP09's rating: 1048 &rarr; <strong>1028</strong><br />(-20 for losing)\n|l|\u2606SavvyP09\n|player|p2|\n",
  "uploadtime": 1776659208,
  "views": 13,
  "formatid": "gen9championsvgc2026regma",
  "rating": 1028,
  "private": 0,
  "password": null
}