{
  "id": "gen9championsvgc2026regma-2586170081",
  "format": "[Gen 9 Champions] VGC 2026 Reg M-A",
  "players": [
    "redborg",
    "Mask4M"
  ],
  "log": "|j|\u2606redborg\n|j|\u2606Mask4M\n|t:|1776407927\n|gametype|doubles\n|player|p1|redborg|266|1219\n|player|p2|Mask4M|102|1167\n|gen|9\n|tier|[Gen 9 Champions] VGC 2026 Reg M-A\n|rated|\n|rule|Species Clause: Limit one of each Pok\u00e9mon\n|rule|Item Clause: Limit 1 of each item\n|clearpoke\n|poke|p1|Floette-Eternal, L50, F|\n|poke|p1|Sneasler, L50, F|\n|poke|p1|Whimsicott, L50, F|\n|poke|p1|Incineroar, L50, F|\n|poke|p1|Basculegion, L50, M|\n|poke|p1|Sinistcha, L50|\n|poke|p2|Glimmora, L50, M|\n|poke|p2|Hydreigon, L50, M|\n|poke|p2|Sneasler, L50, M|\n|poke|p2|Incineroar, L50, M|\n|poke|p2|Whimsicott, L50, M|\n|poke|p2|Rotom-Wash, L50|\n|teampreview|4\n|inactive|Battle timer is ON: inactive players will automatically lose when time's up. (requested by Mask4M)\n|inactive|Mask4M has 60 seconds left.\n|\n|t:|1776407987\n|teamsize|p1|4\n|teamsize|p2|4\n|start\n|switch|p1a: Young Miko|Sneasler, L50, F|100/100\n|switch|p1b: Pelocho|Whimsicott, L50, F|100/100\n|switch|p2a: Sneasler|Sneasler, L50, M|100/100\n|switch|p2b: Incineroar|Incineroar, L50, M|100/100\n|-ability|p2b: Incineroar|Intimidate|boost\n|-unboost|p1a: Young Miko|atk|1\n|-unboost|p1b: Pelocho|atk|1\n|-enditem|p1a: Young Miko|White Herb\n|-clearnegativeboost|p1a: Young Miko|[silent]\n|turn|1\n|inactive|Mask4M has 30 seconds left.\n|\n|t:|1776408017\n|move|p1a: Young Miko|Protect|p1a: Young Miko\n|-singleturn|p1a: Young Miko|Protect\n|move|p2a: Sneasler|Fake Out|p1b: Pelocho\n|-damage|p1b: Pelocho|80/100\n|move|p2b: Incineroar|Fake Out|p1b: Pelocho\n|-damage|p1b: Pelocho|68/100\n|cant|p1b: Pelocho|flinch\n|\n|upkeep\n|turn|2\n|\n|t:|1776408037\n|switch|p2b: Glimmora|Glimmora, L50, M|100/100\n|move|p1b: Pelocho|Tailwind|p1b: Pelocho\n|-sidestart|p1: redborg|move: Tailwind\n|move|p1a: Young Miko|Rock Slide|p2a: Sneasler|[spread] p2a,p2b\n|-resisted|p2a: Sneasler|1\n|-damage|p2a: Sneasler|82/100\n|-damage|p2b: Glimmora|75/100\n|-activate|p2b: Glimmora|ability: Toxic Debris\n|-sidestart|p1: redborg|move: Toxic Spikes\n|move|p2a: Sneasler|Dire Claw|p1b: Pelocho\n|-supereffective|p1b: Pelocho|2\n|-damage|p1b: Pelocho|0 fnt\n|faint|p1b: Pelocho\n|\n|upkeep\n|\n|t:|1776408057\n|switch|p1b: To\u00f1o|Incineroar, L50, F|100/100\n|-status|p1b: To\u00f1o|psn\n|-enditem|p1b: To\u00f1o|Lum Berry|[eat]\n|-curestatus|p1b: To\u00f1o|psn|[msg]\n|-ability|p1b: To\u00f1o|Intimidate|boost\n|-unboost|p2a: Sneasler|atk|1\n|-unboost|p2b: Glimmora|atk|1\n|-enditem|p2a: Sneasler|White Herb\n|-clearnegativeboost|p2a: Sneasler|[silent]\n|turn|3\n|\n|t:|1776408076\n|detailschange|p2b: Glimmora|Glimmora-Mega, L50, M\n|-mega|p2b: Glimmora|Glimmora|Glimmoranite\n|move|p2a: Sneasler|Protect|p2a: Sneasler\n|-singleturn|p2a: Sneasler|Protect\n|move|p2b: Glimmora|Spiky Shield|p2b: Glimmora\n|-singleturn|p2b: Glimmora|move: Protect\n|move|p1a: Young Miko|Close Combat|p2a: Sneasler\n|-activate|p2a: Sneasler|move: Protect\n|move|p1b: To\u00f1o|Parting Shot|p2b: Glimmora\n|-activate|p2b: Glimmora|move: Protect\n|\n|upkeep\n|turn|4\n|inactive|Mask4M has 30 seconds left.\n|\n|t:|1776408109\n|move|p1a: Young Miko|Close Combat|p2b: Glimmora\n|-damage|p2b: Glimmora|0 fnt\n|-unboost|p1a: Young Miko|def|1\n|-unboost|p1a: Young Miko|spd|1\n|faint|p2b: Glimmora\n|move|p2a: Sneasler|Close Combat|p1b: To\u00f1o\n|-supereffective|p1b: To\u00f1o|1\n|-damage|p1b: To\u00f1o|0 fnt\n|-unboost|p2a: Sneasler|def|1\n|-unboost|p2a: Sneasler|spd|1\n|faint|p1b: To\u00f1o\n|\n|upkeep\n|\n|t:|1776408125\n|switch|p2b: Incineroar|Incineroar, L50, M|100/100\n|switch|p1b: Amatista|Floette-Eternal, L50, F|100/100\n|-status|p1b: Amatista|psn\n|-ability|p2b: Incineroar|Intimidate|boost\n|-unboost|p1a: Young Miko|atk|1\n|-unboost|p1b: Amatista|atk|1\n|turn|5\n|\n|t:|1776408146\n|detailschange|p1b: Amatista|Floette-Mega, L50, F\n|-mega|p1b: Amatista|Floette|Floettite\n|-ability|p1b: Amatista|Fairy Aura\n|move|p1a: Young Miko|Protect|p1a: Young Miko\n|-singleturn|p1a: Young Miko|Protect\n|move|p2a: Sneasler|Protect|p2a: Sneasler\n|-singleturn|p2a: Sneasler|Protect\n|move|p1b: Amatista|Protect|p1b: Amatista\n|-singleturn|p1b: Amatista|Protect\n|move|p2b: Incineroar|Fake Out|p1a: Young Miko\n|-activate|p1a: Young Miko|move: Protect\n|\n|-damage|p1b: Amatista|88/100 psn|[from] psn\n|-sideend|p1: redborg|move: Tailwind\n|upkeep\n|turn|6\n|inactive|Mask4M has 30 seconds left.\n|\n|t:|1776408174\n|move|p1a: Young Miko|Close Combat|p2b: Incineroar\n|-supereffective|p2b: Incineroar|1\n|-damage|p2b: Incineroar|34/100\n|-unboost|p1a: Young Miko|def|1\n|-unboost|p1a: Young Miko|spd|1\n|-enditem|p2b: Incineroar|Sitrus Berry|[eat]\n|-heal|p2b: Incineroar|59/100|[from] item: Sitrus Berry\n|move|p2a: Sneasler|Dire Claw|p1b: Amatista\n|-supereffective|p1b: Amatista|1\n|-damage|p1b: Amatista|0 fnt\n|faint|p1b: Amatista\n|move|p2b: Incineroar|Parting Shot|p1a: Young Miko\n|-unboost|p1a: Young Miko|atk|1\n|-unboost|p1a: Young Miko|spa|1\n|\n|t:|1776408187\n|switch|p2b: Rotom|Rotom-Wash, L50|100/100|[from] Parting Shot\n|\n|upkeep\n|turn|7\n|-message|redborg forfeited.\n|\n|win|Mask4M\n|raw|redborg's rating: 1219 &rarr; <strong>1190</strong><br />(-29 for losing)\n|raw|Mask4M's rating: 1167 &rarr; <strong>1196</strong><br />(+29 for winning)\n|l|\u2606redborg\n|player|p1|\n",
  "uploadtime": 1776408202,
  "views": 20,
  "formatid": "gen9championsvgc2026regma",
  "rating": 1190,
  "private": 0,
  "password": null
}