{
  "id": "gen9championsvgc2026regma-2583810533",
  "format": "[Gen 9 Champions] VGC 2026 Reg M-A",
  "players": [
    "Manup21prox",
    "maynnaise97"
  ],
  "log": "|j|\u2606Manup21prox\n|j|\u2606maynnaise97\n|t:|1776199426\n|gametype|doubles\n|player|p1|Manup21prox|swimmerf|1217\n|player|p2|maynnaise97|1|1169\n|gen|9\n|tier|[Gen 9 Champions] VGC 2026 Reg M-A\n|rated|\n|rule|Species Clause: Limit one of each Pok\u00e9mon\n|rule|Item Clause: Limit 1 of each item\n|clearpoke\n|poke|p1|Incineroar, L50, M|\n|poke|p1|Charizard, L50, M|\n|poke|p1|Whimsicott, L50, M|\n|poke|p1|Garchomp, L50, F|\n|poke|p1|Sneasler, L50, M|\n|poke|p1|Kingambit, L50, F|\n|poke|p2|Empoleon, L50, M|\n|poke|p2|Wyrdeer, L50, F|\n|poke|p2|Sinistcha, L50|\n|poke|p2|Araquanid, L50, M|\n|poke|p2|Crabominable, L50, F|\n|poke|p2|Toxicroak, L50, F|\n|teampreview|4\n|j| Epshuman\n|inactive|Battle timer is ON: inactive players will automatically lose when time's up. (requested by maynnaise97)\n|\n|t:|1776199475\n|teamsize|p1|4\n|teamsize|p2|4\n|start\n|switch|p1a: Whimsicott|Whimsicott, L50, M|100/100\n|switch|p1b: Garchomp|Garchomp, L50, F|100/100\n|switch|p2a: Empoleon|Empoleon, L50, M|100/100\n|switch|p2b: Wyrdeer|Wyrdeer, L50, F|100/100\n|-ability|p2b: Wyrdeer|Intimidate|boost\n|-unboost|p1a: Whimsicott|atk|1\n|-unboost|p1b: Garchomp|atk|1\n|turn|1\n|\n|t:|1776199495\n|switch|p1b: Incineroar|Incineroar, L50, M|100/100\n|-ability|p1b: Incineroar|Intimidate|boost\n|-unboost|p2a: Empoleon|atk|1\n|-ability|p2a: Empoleon|Competitive|boost\n|-boost|p2a: Empoleon|spa|2\n|-unboost|p2b: Wyrdeer|atk|1\n|move|p2a: Empoleon|Protect|p2a: Empoleon\n|-singleturn|p2a: Empoleon|Protect\n|move|p1a: Whimsicott|Tailwind|p1a: Whimsicott\n|-sidestart|p1: Manup21prox|move: Tailwind\n|move|p2b: Wyrdeer|Skill Swap|p1b: Incineroar\n|-activate|p2b: Wyrdeer|Skill Swap|Intimidate|Intimidate|[of] p1b: Incineroar\n|-ability|p1b: Incineroar|Intimidate|boost\n|-unboost|p2a: Empoleon|atk|1\n|-ability|p2a: Empoleon|Competitive|boost\n|-boost|p2a: Empoleon|spa|2\n|-unboost|p2b: Wyrdeer|atk|1\n|-ability|p2b: Wyrdeer|Intimidate|boost\n|-unboost|p1a: Whimsicott|atk|1\n|-unboost|p1b: Incineroar|atk|1\n|\n|upkeep\n|turn|2\n|inactive|Manup21prox has 30 seconds left.\n|inactive|maynnaise97 has 30 seconds left.\n|\n|t:|1776199528\n|move|p1a: Whimsicott|Encore|p2a: Empoleon\n|-start|p2a: Empoleon|Encore\n|move|p2a: Empoleon|Protect|p2a: Empoleon\n|-singleturn|p2a: Empoleon|Protect\n|move|p1b: Incineroar|Darkest Lariat|p2b: Wyrdeer\n|-supereffective|p2b: Wyrdeer|1\n|-damage|p2b: Wyrdeer|49/100\n|move|p2b: Wyrdeer|Trick Room|p2b: Wyrdeer\n|-fieldstart|move: Trick Room|[of] p2b: Wyrdeer\n|\n|upkeep\n|turn|3\n|inactive|Manup21prox has 30 seconds left.\n|\n|t:|1776199554\n|switch|p2b: Crabominable|Crabominable, L50, F|100/100\n|move|p2a: Empoleon|Protect||[still]\n|-fail|p2a: Empoleon\n|move|p1a: Whimsicott|Sunny Day|p1a: Whimsicott\n|-weather|SunnyDay\n|move|p1b: Incineroar|Flare Blitz|p2b: Crabominable\n|-supereffective|p2b: Crabominable|1\n|-crit|p2b: Crabominable\n|-damage|p2b: Crabominable|0 fnt\n|faint|p2b: Crabominable\n|-damage|p1b: Incineroar|67/100|[from] Recoil\n|\n|-weather|SunnyDay|[upkeep]\n|upkeep\n|\n|t:|1776199569\n|switch|p2b: Wyrdeer|Wyrdeer, L50, F|49/100\n|-ability|p2b: Wyrdeer|Intimidate|boost\n|-unboost|p1a: Whimsicott|atk|1\n|-unboost|p1b: Incineroar|atk|1\n|turn|4\n|\n|t:|1776199584\n|switch|p1b: Charizard|Charizard, L50, M|100/100\n|switch|p1a: Garchomp|Garchomp, L50, F|100/100\n|move|p2a: Empoleon|Protect|p2a: Empoleon\n|-singleturn|p2a: Empoleon|Protect\n|move|p2b: Wyrdeer|Skill Swap|p1a: Garchomp\n|-activate|p2b: Wyrdeer|Skill Swap|Rough Skin|Intimidate|[of] p1a: Garchomp\n|-ability|p1a: Garchomp|Intimidate|boost\n|-unboost|p2a: Empoleon|atk|1\n|-ability|p2a: Empoleon|Competitive|boost\n|-boost|p2a: Empoleon|spa|2\n|-unboost|p2b: Wyrdeer|atk|1\n|\n|-weather|SunnyDay|[upkeep]\n|-end|p2a: Empoleon|Encore\n|-sideend|p1: Manup21prox|move: Tailwind\n|upkeep\n|turn|5\n|inactive|maynnaise97 has 30 seconds left.\n|\n|t:|1776199610\n|move|p1b: Charizard|Protect|p1b: Charizard\n|-singleturn|p1b: Charizard|Protect\n|move|p1a: Garchomp|Protect|p1a: Garchomp\n|-singleturn|p1a: Garchomp|Protect\n|move|p2a: Empoleon|Surf|p1a: Garchomp|[spread] p2b\n|-activate|p1a: Garchomp|move: Protect\n|-activate|p1b: Charizard|move: Protect\n|-damage|p2b: Wyrdeer|0 fnt\n|faint|p2b: Wyrdeer\n|\n|-weather|SunnyDay|[upkeep]\n|upkeep\n|\n|t:|1776199614\n|switch|p2b: Sinistcha|Sinistcha, L50|100/100\n|turn|6\n|\n|t:|1776199628\n|switch|p1b: Whimsicott|Whimsicott, L50, M|100/100\n|move|p1a: Garchomp|Protect|p1a: Garchomp\n|-singleturn|p1a: Garchomp|Protect\n|move|p2a: Empoleon|Surf|p1a: Garchomp|[spread] p2b,p1b\n|-activate|p1a: Garchomp|move: Protect\n|-resisted|p2b: Sinistcha|1\n|-resisted|p1b: Whimsicott|1\n|-damage|p2b: Sinistcha|71/100\n|-damage|p1b: Whimsicott|46/100\n|move|p2b: Sinistcha|Matcha Gotcha|p1a: Garchomp|[spread] p1b\n|-activate|p1a: Garchomp|move: Protect\n|-resisted|p1b: Whimsicott|1\n|-damage|p1b: Whimsicott|28/100\n|-heal|p2b: Sinistcha|78/100|[from] drain|[of] p1b: Whimsicott\n|\n|-weather|SunnyDay|[upkeep]\n|-fieldend|move: Trick Room\n|upkeep\n|turn|7\n|inactive|maynnaise97 has 30 seconds left.\n|\n|t:|1776199655\n|move|p2b: Sinistcha|Rage Powder|p2b: Sinistcha\n|-singleturn|p2b: Sinistcha|move: Rage Powder\n|move|p1b: Whimsicott|Encore|p2b: Sinistcha\n|-start|p2b: Sinistcha|Encore\n|move|p1a: Garchomp|Earthquake|p2a: Empoleon|[spread] p1b,p2a,p2b\n|-resisted|p1b: Whimsicott|1\n|-supereffective|p2a: Empoleon|1\n|-enditem|p2a: Empoleon|Shuca Berry|[eat]\n|-enditem|p2a: Empoleon|Shuca Berry|[weaken]\n|-resisted|p2b: Sinistcha|1\n|-damage|p1b: Whimsicott|0 fnt\n|-damage|p2a: Empoleon|61/100\n|-damage|p2b: Sinistcha|61/100\n|faint|p1b: Whimsicott\n|move|p2a: Empoleon|Surf|p1a: Garchomp|[spread] p2b,p1a\n|-resisted|p2b: Sinistcha|1\n|-damage|p2b: Sinistcha|35/100\n|-damage|p1a: Garchomp|28/100\n|-enditem|p2b: Sinistcha|Sitrus Berry|[eat]\n|-heal|p2b: Sinistcha|59/100|[from] item: Sitrus Berry\n|\n|-weather|none\n|upkeep\n|\n|t:|1776199669\n|switch|p1b: Charizard|Charizard, L50, M|100/100\n|turn|8\n|\n|t:|1776199675\n|detailschange|p1b: Charizard|Charizard-Mega-Y, L50, M\n|-mega|p1b: Charizard|Charizard|Charizardite Y\n|-weather|SunnyDay|[from] ability: Drought|[of] p1b: Charizard\n|move|p2b: Sinistcha|Rage Powder|p2b: Sinistcha\n|-singleturn|p2b: Sinistcha|move: Rage Powder\n|move|p1a: Garchomp|Earthquake|p2b: Sinistcha|[spread] p2a,p2b\n|-immune|p1b: Charizard\n|-supereffective|p2a: Empoleon|1\n|-resisted|p2b: Sinistcha|1\n|-damage|p2a: Empoleon|0 fnt\n|-damage|p2b: Sinistcha|41/100\n|faint|p2a: Empoleon\n|move|p1b: Charizard|Heat Wave|p2b: Sinistcha\n|-supereffective|p2b: Sinistcha|1\n|-damage|p2b: Sinistcha|0 fnt\n|faint|p2b: Sinistcha\n|\n|win|Manup21prox\n|raw|Manup21prox's rating: 1190 &rarr; <strong>1213</strong><br />(+23 for winning)\n|raw|maynnaise97's rating: 1169 &rarr; <strong>1146</strong><br />(-23 for losing)\n",
  "uploadtime": 1776199697,
  "views": 37,
  "formatid": "gen9championsvgc2026regma",
  "rating": 1146,
  "private": 0,
  "password": null
}