{
  "id": "gen9championsvgc2026regma-2587360880",
  "format": "[Gen 9 Champions] VGC 2026 Reg M-A",
  "players": [
    "skarmoryplays",
    "Peorif"
  ],
  "log": "|j|\u2606skarmoryplays\n|j|\u203dPeorif\n|t:|1776525299\n|gametype|doubles\n|player|p1|skarmoryplays|1|1048\n|player|p2|Peorif|2|1040\n|gen|9\n|tier|[Gen 9 Champions] VGC 2026 Reg M-A\n|rated|\n|rule|Species Clause: Limit one of each Pok\u00e9mon\n|rule|Item Clause: Limit 1 of each item\n|clearpoke\n|poke|p1|Scovillain, L50, F|\n|poke|p1|Garchomp, L50, F|\n|poke|p1|Primarina, L50, M|\n|poke|p1|Kingambit, L50, F|\n|poke|p1|Dragonite, L50, F|\n|poke|p1|Sneasler, L50, M|\n|poke|p2|Lucario, L50, M|\n|poke|p2|Politoed, L50, F|\n|poke|p2|Dragapult, L50, M|\n|poke|p2|Skeledirge, L50, F|\n|poke|p2|Glimmora, L50, F|\n|poke|p2|Kangaskhan, L50, F|\n|teampreview|4\n|inactive|Battle timer is ON: inactive players will automatically lose when time's up. (requested by skarmoryplays)\n|inactive|skarmoryplays has 60 seconds left.\n|\n|t:|1776525359\n|teamsize|p1|4\n|teamsize|p2|4\n|start\n|switch|p1a: Scovillain|Scovillain, L50, F|100/100\n|switch|p1b: Primarina|Primarina, L50, M|100/100\n|switch|p2a: Lucario|Lucario, L50, M|100/100\n|switch|p2b: Politoed|Politoed, L50, F|100/100\n|-weather|RainDance|[from] ability: Drizzle|[of] p2b: Politoed\n|turn|1\n|inactive|skarmoryplays has 30 seconds left.\n|inactive|Peorif has 30 seconds left.\n|inactive|Peorif has 20 seconds left.\n|inactive|Peorif has 15 seconds left.\n|\n|t:|1776525399\n|detailschange|p2a: Lucario|Lucario-Mega, L50, M\n|-mega|p2a: Lucario|Lucario|Lucarionite\n|move|p1a: Scovillain|Protect|p1a: Scovillain\n|-singleturn|p1a: Scovillain|Protect\n|move|p2a: Lucario|Meteor Mash|p1b: Primarina|[miss]\n|-miss|p2a: Lucario|p1b: Primarina\n|move|p2b: Politoed|Weather Ball|p1a: Scovillain\n|-activate|p1a: Scovillain|move: Protect\n|move|p1b: Primarina|Calm Mind|p1b: Primarina\n|-boost|p1b: Primarina|spa|1\n|-boost|p1b: Primarina|spd|1\n|\n|-weather|RainDance|[upkeep]\n|-ability|p1a: Scovillain|Moody|boost\n|-boost|p1a: Scovillain|spa|2\n|-unboost|p1a: Scovillain|spe|1\n|upkeep\n|turn|2\n|inactive|Peorif has 30 seconds left.\n|inactive|Peorif has 20 seconds left.\n|\n|t:|1776525436\n|detailschange|p1a: Scovillain|Scovillain-Mega, L50, F\n|-mega|p1a: Scovillain|Scovillain|Scovillainite\n|move|p1a: Scovillain|Rage Powder|p1a: Scovillain\n|-singleturn|p1a: Scovillain|move: Rage Powder\n|move|p2a: Lucario|Meteor Mash|p1a: Scovillain\n|-resisted|p1a: Scovillain|1\n|-damage|p1a: Scovillain|68/100\n|-status|p2a: Lucario|brn|[from] ability: Spicy Spray|[of] p1a: Scovillain\n|move|p2b: Politoed|Weather Ball|p1a: Scovillain\n|-damage|p1a: Scovillain|15/100\n|-status|p2b: Politoed|brn|[from] ability: Spicy Spray|[of] p1a: Scovillain\n|move|p1b: Primarina|Moonblast|p2a: Lucario\n|-damage|p2a: Lucario|0 fnt\n|faint|p2a: Lucario\n|\n|-weather|RainDance|[upkeep]\n|-damage|p2b: Politoed|94/100 brn|[from] brn\n|upkeep\n|\n|t:|1776525455\n|switch|p2a: Dragapult|Dragapult, L50, M|100/100\n|turn|3\n|\n|t:|1776525464\n|move|p1a: Scovillain|Protect|p1a: Scovillain\n|-singleturn|p1a: Scovillain|Protect\n|move|p2a: Dragapult|U-turn|p1a: Scovillain\n|-activate|p1a: Scovillain|move: Protect\n|move|p2b: Politoed|Icy Wind|p1a: Scovillain|[spread] p1b\n|-activate|p1a: Scovillain|move: Protect\n|-resisted|p1b: Primarina|1\n|-crit|p1b: Primarina\n|-damage|p1b: Primarina|94/100\n|-unboost|p1b: Primarina|spe|1\n|move|p1b: Primarina|Moonblast|p2a: Dragapult\n|-supereffective|p2a: Dragapult|1\n|-damage|p2a: Dragapult|0 fnt\n|faint|p2a: Dragapult\n|\n|-weather|RainDance|[upkeep]\n|-heal|p1b: Primarina|99/100|[from] item: Leftovers\n|-damage|p2b: Politoed|88/100 brn|[from] brn\n|upkeep\n|\n|t:|1776525484\n|switch|p2a: Glimmora|Glimmora, L50, F|100/100\n|turn|4\n|\n|t:|1776525493\n|move|p1a: Scovillain|Rage Powder|p1a: Scovillain\n|-singleturn|p1a: Scovillain|move: Rage Powder\n|move|p2a: Glimmora|Sludge Bomb|p1a: Scovillain\n|-supereffective|p1a: Scovillain|1\n|-damage|p1a: Scovillain|0 fnt\n|-status|p2a: Glimmora|brn|[from] ability: Spicy Spray|[of] p1a: Scovillain\n|faint|p1a: Scovillain\n|move|p2b: Politoed|Icy Wind|p1b: Primarina\n|-resisted|p1b: Primarina|1\n|-damage|p1b: Primarina|96/100\n|-unboost|p1b: Primarina|spe|1\n|move|p1b: Primarina|Hyper Voice|p2a: Glimmora|[spread] p2a,p2b\n|-supereffective|p2a: Glimmora|1\n|-resisted|p2b: Politoed|1\n|-damage|p2a: Glimmora|0 fnt\n|-damage|p2b: Politoed|51/100 brn\n|faint|p2a: Glimmora\n|\n|-weather|RainDance|[upkeep]\n|-heal|p1b: Primarina|100/100|[from] item: Leftovers\n|-damage|p2b: Politoed|45/100 brn|[from] brn\n|upkeep\n|\n|t:|1776525500\n|switch|p1a: Sneasler|Sneasler, L50, M|100/100\n|turn|5\n|\n|t:|1776525503\n|move|p1a: Sneasler|Fake Out|p2b: Politoed\n|-damage|p2b: Politoed|31/100 brn\n|cant|p2b: Politoed|flinch\n|move|p1b: Primarina|Moonblast|p2b: Politoed\n|-damage|p2b: Politoed|0 fnt\n|faint|p2b: Politoed\n|\n|win|skarmoryplays\n|raw|skarmoryplays's rating: 1048 &rarr; <strong>1079</strong><br />(+31 for winning)\n|raw|Peorif's rating: 1027 &rarr; <strong>1014</strong><br />(-13 for losing)\n",
  "uploadtime": 1776525505,
  "views": 14,
  "formatid": "gen9championsvgc2026regma",
  "rating": 1014,
  "private": 0,
  "password": null
}