{
  "id": "gen9championsvgc2026regma-2581954179",
  "format": "[Gen 9 Champions] VGC 2026 Reg M-A",
  "players": [
    "Flix10YT",
    "rmpemeta"
  ],
  "log": "|j|\u2606Flix10YT\n|j|\u2606rmpemeta\n|t:|1776042884\n|gametype|doubles\n|player|p1|Flix10YT|marlon|\n|player|p2|rmpemeta|1|\n|gen|9\n|tier|[Gen 9 Champions] VGC 2026 Reg M-A\n|rule|Species Clause: Limit one of each Pok\u00e9mon\n|rule|Item Clause: Limit 1 of each item\n|clearpoke\n|poke|p1|Pelipper, L50, M|\n|poke|p1|Greninja-*, L50, M|\n|poke|p1|Ditto, L50|\n|poke|p1|Rotom-Wash, L50|\n|poke|p1|Umbreon, L50, F|\n|poke|p1|Garchomp, L50, M|\n|poke|p2|Charizard, L50, F|\n|poke|p2|Whimsicott, L50, M|\n|poke|p2|Basculegion, L50, M|\n|poke|p2|Farigiraf, L50, F|\n|poke|p2|Kangaskhan, L50, F|\n|poke|p2|Sneasler, L50, F|\n|teampreview|4\n|j| Reixo\u203d\u266a\n|\n|t:|1776042941\n|teamsize|p1|4\n|teamsize|p2|4\n|start\n|switch|p1a: Pelipper|Pelipper, L50, M|100/100\n|switch|p1b: Rotom|Rotom-Wash, L50|100/100\n|switch|p2a: Kangaskhan|Kangaskhan, L50, F|100/100\n|switch|p2b: Sneasler|Sneasler, L50, F|100/100\n|-weather|RainDance|[from] ability: Drizzle|[of] p1a: Pelipper\n|turn|1\n|\n|t:|1776042956\n|switch|p1b: Umbreon|Umbreon, L50, F|100/100\n|detailschange|p2a: Kangaskhan|Kangaskhan-Mega, L50, F\n|-mega|p2a: Kangaskhan|Kangaskhan|Kangaskhanite\n|move|p2a: Kangaskhan|Fake Out|p1a: Pelipper\n|-damage|p1a: Pelipper|84/100\n|-damage|p1a: Pelipper|80/100\n|-hitcount|p1a: Pelipper|2\n|move|p2b: Sneasler|Dire Claw|p1a: Pelipper\n|-damage|p1a: Pelipper|50/100\n|-status|p1a: Pelipper|psn\n|cant|p1a: Pelipper|flinch\n|\n|-weather|RainDance|[upkeep]\n|-heal|p1a: Pelipper|56/100 psn|[from] item: Leftovers\n|-damage|p1a: Pelipper|44/100 psn|[from] psn\n|upkeep\n|turn|2\n|\n|t:|1776043001\n|switch|p1a: Rotom|Rotom-Wash, L50|100/100\n|move|p2b: Sneasler|Close Combat|p1b: Umbreon\n|-supereffective|p1b: Umbreon|1\n|-damage|p1b: Umbreon|5/100\n|-unboost|p2b: Sneasler|def|1\n|-unboost|p2b: Sneasler|spd|1\n|-enditem|p1b: Umbreon|Sitrus Berry|[eat]\n|-heal|p1b: Umbreon|30/100|[from] item: Sitrus Berry\n|-enditem|p2b: Sneasler|White Herb\n|-clearnegativeboost|p2b: Sneasler|[silent]\n|move|p2a: Kangaskhan|Double-Edge|p1a: Rotom\n|-damage|p1a: Rotom|31/100\n|-damage|p1a: Rotom|15/100\n|-hitcount|p1a: Rotom|2\n|-damage|p2a: Kangaskhan|80/100|[from] Recoil\n|move|p1b: Umbreon|Weather Ball|p2b: Sneasler\n|-damage|p2b: Sneasler|70/100\n|\n|-weather|RainDance|[upkeep]\n|upkeep\n|turn|3\n|\n|t:|1776043051\n|move|p2b: Sneasler|Dire Claw|p1a: Rotom\n|-damage|p1a: Rotom|0 fnt\n|faint|p1a: Rotom\n|move|p2a: Kangaskhan|Drain Punch|p1b: Umbreon\n|-supereffective|p1b: Umbreon|1\n|-damage|p1b: Umbreon|0 fnt\n|-heal|p2a: Kangaskhan|94/100|[from] drain|[of] p1b: Umbreon\n|faint|p1b: Umbreon\n|-hitcount|p1: Umbreon|1\n|\n|-weather|RainDance|[upkeep]\n|upkeep\n|\n|t:|1776043064\n|switch|p1a: Greninja|Greninja, L50, M|100/100\n|switch|p1b: Pelipper|Pelipper, L50, M|44/100 psn\n|turn|4\n|\n|t:|1776043081\n|move|p2b: Sneasler|Close Combat|p1a: Greninja\n|-supereffective|p1a: Greninja|1\n|-enditem|p1a: Greninja|Focus Sash\n|-damage|p1a: Greninja|1/100\n|-unboost|p2b: Sneasler|def|1\n|-unboost|p2b: Sneasler|spd|1\n|move|p1a: Greninja|Weather Ball|p2b: Sneasler\n|-start|p1a: Greninja|typechange|Water|[from] ability: Protean\n|-crit|p2b: Sneasler\n|-damage|p2b: Sneasler|0 fnt\n|faint|p2b: Sneasler\n|move|p2a: Kangaskhan|Double-Edge|p1b: Pelipper\n|-damage|p1b: Pelipper|0 fnt\n|faint|p1b: Pelipper\n|-hitcount|p1: Pelipper|1\n|-damage|p2a: Kangaskhan|83/100|[from] Recoil\n|\n|-weather|RainDance|[upkeep]\n|upkeep\n|\n|t:|1776043098\n|switch|p2b: Whimsicott|Whimsicott, L50, M|100/100\n|turn|5\n|\n|t:|1776043107\n|move|p2b: Whimsicott|Encore|p1a: Greninja\n|-start|p1a: Greninja|Encore\n|move|p2a: Kangaskhan|Sucker Punch|p1a: Greninja\n|-damage|p1a: Greninja|0 fnt\n|faint|p1a: Greninja\n|-hitcount|p1: Greninja|1\n|\n|win|rmpemeta\n",
  "uploadtime": 1776043121,
  "views": 7,
  "formatid": "gen9championsvgc2026regma",
  "rating": null,
  "private": 0,
  "password": null
}