{
  "id": "gen9championsvgc2026regma-2581243744",
  "format": "[Gen 9 Champions] VGC 2026 Reg M-A",
  "players": [
    "NEONxTOKYO",
    "Valloo MLA"
  ],
  "log": "|j|\u2606NEONxTOKYO\n|j|\u2606Valloo MLA\n|t:|1775975428\n|gametype|doubles\n|player|p1|NEONxTOKYO|unknown|1123\n|player|p2|Valloo MLA|170|1101\n|gen|9\n|tier|[Gen 9 Champions] VGC 2026 Reg M-A\n|rated|\n|rule|Species Clause: Limit one of each Pok\u00e9mon\n|rule|Item Clause: Limit 1 of each item\n|clearpoke\n|poke|p1|Garchomp, L50, M|\n|poke|p1|Tyranitar, L50, F|\n|poke|p1|Excadrill, L50, M|\n|poke|p1|Corviknight, L50, F|\n|poke|p1|Rotom-Wash, L50|\n|poke|p1|Archaludon, L50, F|\n|poke|p2|Froslass, L50, F|\n|poke|p2|Volcarona, L50, M|\n|poke|p2|Palafin, L50, M|\n|poke|p2|Incineroar, L50, M|\n|poke|p2|Kingambit, L50, F|\n|poke|p2|Dragapult, L50, M|\n|teampreview|4\n|\n|t:|1775975464\n|teamsize|p1|4\n|teamsize|p2|4\n|start\n|switch|p1a: Tyranitar|Tyranitar, L50, F|100/100\n|switch|p1b: Excadrill|Excadrill, L50, M|100/100\n|switch|p2a: M\u00e9ta VGC|Incineroar, L50, M|100/100\n|switch|p2b: Je reviens|Palafin, L50, M|100/100\n|-weather|Sandstorm|[from] ability: Sand Stream|[of] p1a: Tyranitar\n|-ability|p2a: M\u00e9ta VGC|Intimidate|boost\n|-unboost|p1a: Tyranitar|atk|1\n|-unboost|p1b: Excadrill|atk|1\n|turn|1\n|\n|t:|1775975486\n|switch|p1b: Rotom|Rotom-Wash, L50|100/100\n|detailschange|p2b: Je reviens|Palafin-Hero, L50, M\n|switch|p2b: Yuki-onna|Froslass, L50, F|100/100\n|switch|p1a: Garchomp|Garchomp, L50, M|100/100\n|move|p2a: M\u00e9ta VGC|Fake Out|p1a: Garchomp\n|-damage|p1a: Garchomp|89/100\n|-damage|p2a: M\u00e9ta VGC|88/100|[from] ability: Rough Skin|[of] p1a: Garchomp\n|\n|-weather|Sandstorm|[upkeep]\n|-damage|p2b: Yuki-onna|94/100|[from] Sandstorm\n|-damage|p1b: Rotom|95/100|[from] Sandstorm\n|-damage|p2a: M\u00e9ta VGC|82/100|[from] Sandstorm\n|upkeep\n|turn|2\n|\n|t:|1775975509\n|switch|p1a: Tyranitar|Tyranitar, L50, F|100/100\n|switch|p1b: Excadrill|Excadrill, L50, M|100/100\n|detailschange|p2b: Yuki-onna|Froslass-Mega, L50, F\n|-mega|p2b: Yuki-onna|Froslass|Froslassite\n|-weather|Snowscape|[from] ability: Snow Warning|[of] p2b: Yuki-onna\n|move|p2b: Yuki-onna|Aurora Veil|p2b: Yuki-onna\n|-sidestart|p2: Valloo MLA|move: Aurora Veil\n|move|p2a: M\u00e9ta VGC|Parting Shot|p1b: Excadrill\n|-unboost|p1b: Excadrill|atk|1\n|-unboost|p1b: Excadrill|spa|1\n|\n|t:|1775975516\n|switch|p2a: Je reviens|Palafin-Hero, L50, M|100/100|[from] Parting Shot\n|-activate|p2a: Je reviens|ability: Zero to Hero\n|\n|-weather|Snowscape|[upkeep]\n|upkeep\n|turn|3\n|\n|t:|1775975530\n|switch|p2b: M\u00e9ta VGC|Incineroar, L50, M|82/100\n|-ability|p2b: M\u00e9ta VGC|Intimidate|boost\n|-unboost|p1a: Tyranitar|atk|1\n|-unboost|p1b: Excadrill|atk|1\n|detailschange|p1a: Tyranitar|Tyranitar-Mega, L50, F\n|-mega|p1a: Tyranitar|Tyranitar|Tyranitarite\n|-weather|Sandstorm|[from] ability: Sand Stream|[of] p1a: Tyranitar\n|move|p1b: Excadrill|Iron Head|p2b: M\u00e9ta VGC\n|-resisted|p2b: M\u00e9ta VGC|1\n|-damage|p2b: M\u00e9ta VGC|75/100\n|move|p2a: Je reviens|Drain Punch|p1a: Tyranitar\n|-supereffective|p1a: Tyranitar|2\n|-damage|p1a: Tyranitar|21/100\n|move|p1a: Tyranitar|Rock Slide|p2b: M\u00e9ta VGC|[spread] p2a,p2b\n|-supereffective|p2b: M\u00e9ta VGC|1\n|-crit|p2b: M\u00e9ta VGC\n|-damage|p2a: Je reviens|85/100\n|-damage|p2b: M\u00e9ta VGC|0 fnt\n|faint|p2b: M\u00e9ta VGC\n|\n|-weather|Sandstorm|[upkeep]\n|-damage|p2a: Je reviens|79/100|[from] Sandstorm\n|upkeep\n|\n|t:|1775975548\n|switch|p2b: Yuki-onna|Froslass-Mega, L50, F|94/100\n|-weather|Snowscape|[from] ability: Snow Warning|[of] p2b: Yuki-onna\n|turn|4\n|\n|t:|1775975554\n|move|p2b: Yuki-onna|Blizzard|p1a: Tyranitar|[spread] p1a,p1b\n|-damage|p1a: Tyranitar|0 fnt\n|-damage|p1b: Excadrill|38/100\n|-status|p1b: Excadrill|frz\n|faint|p1a: Tyranitar\n|-curestatus|p1b: Excadrill|frz|[msg]\n|move|p1b: Excadrill|Iron Head|p2b: Yuki-onna\n|-supereffective|p2b: Yuki-onna|1\n|-damage|p2b: Yuki-onna|61/100\n|move|p2a: Je reviens|Drain Punch|p1b: Excadrill\n|-supereffective|p1b: Excadrill|1\n|-damage|p1b: Excadrill|0 fnt\n|-heal|p2a: Je reviens|96/100|[from] drain|[of] p1b: Excadrill\n|faint|p1b: Excadrill\n|\n|-weather|Snowscape|[upkeep]\n|upkeep\n|\n|t:|1775975566\n|switch|p1b: Rotom|Rotom-Wash, L50|95/100\n|switch|p1a: Garchomp|Garchomp, L50, M|89/100\n|turn|5\n|\n|t:|1775975576\n|move|p2b: Yuki-onna|Blizzard|p1b: Rotom|[spread] p1a,p1b\n|-supereffective|p1a: Garchomp|2\n|-resisted|p1b: Rotom|1\n|-damage|p1a: Garchomp|0 fnt\n|-damage|p1b: Rotom|72/100\n|-status|p1b: Rotom|frz\n|faint|p1a: Garchomp\n|move|p2a: Je reviens|Drain Punch|p1b: Rotom\n|-damage|p1b: Rotom|36/100 frz\n|-heal|p2a: Je reviens|100/100|[from] drain|[of] p1b: Rotom\n|-enditem|p1b: Rotom|Sitrus Berry|[eat]\n|-heal|p1b: Rotom|61/100 frz|[from] item: Sitrus Berry\n|-curestatus|p1b: Rotom|frz|[msg]\n|move|p1b: Rotom|Will-O-Wisp|p2a: Je reviens\n|-status|p2a: Je reviens|brn\n|-enditem|p2a: Je reviens|Lum Berry|[eat]\n|-curestatus|p2a: Je reviens|brn|[msg]\n|\n|-weather|Snowscape|[upkeep]\n|upkeep\n|turn|6\n|\n|t:|1775975593\n|move|p2b: Yuki-onna|Blizzard|p1b: Rotom\n|-resisted|p1b: Rotom|1\n|-damage|p1b: Rotom|29/100\n|move|p2a: Je reviens|Drain Punch|p1b: Rotom\n|-damage|p1b: Rotom|0 fnt\n|faint|p1b: Rotom\n|\n|win|Valloo MLA\n|raw|NEONxTOKYO's rating: 1123 &rarr; <strong>1096</strong><br />(-27 for losing)\n|raw|Valloo MLA's rating: 1101 &rarr; <strong>1128</strong><br />(+27 for winning)\n",
  "uploadtime": 1775975593,
  "views": 10,
  "formatid": "gen9championsvgc2026regma",
  "rating": 1096,
  "private": 0,
  "password": null
}