{
  "id": "gen9championsvgc2026regma-2583747802",
  "format": "[Gen 9 Champions] VGC 2026 Reg M-A",
  "players": [
    "manuelitopajuelas",
    "TGinge"
  ],
  "log": "|j|\u2606manuelitopajuelas\n|j|\u2606TGinge\n|t:|1776194988\n|gametype|doubles\n|player|p1|manuelitopajuelas|101|1252\n|player|p2|TGinge|rocketgrunt|1251\n|gen|9\n|tier|[Gen 9 Champions] VGC 2026 Reg M-A\n|rated|\n|rule|Species Clause: Limit one of each Pok\u00e9mon\n|rule|Item Clause: Limit 1 of each item\n|clearpoke\n|poke|p1|Basculegion, L50, M|\n|poke|p1|Sneasler, L50, F|\n|poke|p1|Pelipper, L50, M|\n|poke|p1|Archaludon, L50, F|\n|poke|p1|Sableye, L50, M|\n|poke|p1|Gengar, L50, M|\n|poke|p2|Chandelure, L50, F|\n|poke|p2|Hydrapple, L50, F|\n|poke|p2|Whimsicott, L50, M|\n|poke|p2|Incineroar, L50, F|\n|poke|p2|Basculegion, L50, M|\n|poke|p2|Kingambit, L50, M|\n|teampreview|4\n|inactive|Battle timer is ON: inactive players will automatically lose when time's up. (requested by TGinge)\n|inactive|TGinge has 60 seconds left.\n|\n|t:|1776195023\n|teamsize|p1|4\n|teamsize|p2|4\n|start\n|switch|p1a: Sneasler|Sneasler, L50, F|100/100\n|switch|p1b: Gengar|Gengar, L50, M|100/100\n|switch|p2a: Whimsicott|Whimsicott, L50, M|100/100\n|switch|p2b: Basculegion|Basculegion, L50, M|100/100\n|turn|1\n|\n|t:|1776195041\n|switch|p2a: Kingambit|Kingambit, L50, M|100/100\n|detailschange|p1b: Gengar|Gengar-Mega, L50, M\n|-mega|p1b: Gengar|Gengar|Gengarite\n|move|p1a: Sneasler|Fake Out|p2a: Kingambit\n|-resisted|p2a: Kingambit|1\n|-damage|p2a: Kingambit|95/100\n|move|p2b: Basculegion|Flip Turn|p1a: Sneasler\n|-damage|p1a: Sneasler|37/100\n|\n|t:|1776195062\n|switch|p2b: Whimsicott|Whimsicott, L50, M|100/100|[from] Flip Turn\n|move|p1b: Gengar|Shadow Ball|p2b: Whimsicott\n|-damage|p2b: Whimsicott|17/100\n|\n|upkeep\n|turn|2\n|\n|t:|1776195079\n|switch|p1a: Archaludon|Archaludon, L50, F|100/100\n|move|p1b: Gengar|Protect|p1b: Gengar\n|-singleturn|p1b: Gengar|Protect\n|move|p2a: Kingambit|Kowtow Cleave|p1b: Gengar\n|-activate|p1b: Gengar|move: Protect\n|move|p2b: Whimsicott|Trick Room|p2b: Whimsicott\n|-fieldstart|move: Trick Room|[of] p2b: Whimsicott\n|\n|upkeep\n|turn|3\n|\n|t:|1776195094\n|switch|p1b: Sneasler|Sneasler, L50, F|37/100\n|move|p2a: Kingambit|Low Kick|p1a: Archaludon\n|-supereffective|p1a: Archaludon|1\n|-damage|p1a: Archaludon|47/100\n|-enditem|p1a: Archaludon|Sitrus Berry|[eat]\n|-heal|p1a: Archaludon|71/100|[from] item: Sitrus Berry\n|move|p1a: Archaludon|Aura Sphere|p2a: Kingambit\n|-supereffective|p2a: Kingambit|2\n|-enditem|p2a: Kingambit|Chople Berry|[eat]\n|-enditem|p2a: Kingambit|Chople Berry|[weaken]\n|-damage|p2a: Kingambit|45/100\n|move|p2b: Whimsicott|Moonblast|p1a: Archaludon\n|-damage|p1a: Archaludon|17/100\n|\n|upkeep\n|turn|4\n|\n|t:|1776195111\n|switch|p2a: Hydrapple|Hydrapple, L50, F|100/100\n|move|p1b: Sneasler|Fake Out|p2a: Hydrapple\n|-damage|p2a: Hydrapple|88/100\n|move|p1a: Archaludon|Aura Sphere|p2a: Hydrapple\n|-damage|p2a: Hydrapple|61/100\n|move|p2b: Whimsicott|Moonblast|p1a: Archaludon\n|-damage|p1a: Archaludon|0 fnt\n|faint|p1a: Archaludon\n|\n|-heal|p2a: Hydrapple|67/100|[from] item: Leftovers\n|upkeep\n|\n|t:|1776195114\n|switch|p1a: Gengar|Gengar-Mega, L50, M|100/100\n|turn|5\n|inactive|TGinge has 30 seconds left.\n|inactive|TGinge has 20 seconds left.\n|inactive|TGinge has 15 seconds left.\n|\n|t:|1776195159\n|move|p1a: Gengar|Protect|p1a: Gengar\n|-singleturn|p1a: Gengar|Protect\n|move|p2a: Hydrapple|Fickle Beam|p1a: Gengar\n|-activate|p1a: Gengar|move: Protect\n|move|p1b: Sneasler|Dire Claw|p2b: Whimsicott\n|-supereffective|p2b: Whimsicott|2\n|-damage|p2b: Whimsicott|0 fnt\n|faint|p2b: Whimsicott\n|\n|-heal|p2a: Hydrapple|73/100|[from] item: Leftovers\n|upkeep\n|\n|t:|1776195164\n|switch|p2b: Kingambit|Kingambit, L50, M|45/100\n|turn|6\n|\n|t:|1776195176\n|switch|p1b: Basculegion|Basculegion, L50, M|100/100\n|move|p2a: Hydrapple|Fickle Beam|p1b: Basculegion\n|-damage|p1b: Basculegion|54/100\n|move|p2b: Kingambit|Kowtow Cleave|p1a: Gengar\n|-supereffective|p1a: Gengar|1\n|-crit|p1a: Gengar\n|-damage|p1a: Gengar|0 fnt\n|faint|p1a: Gengar\n|\n|-heal|p2a: Hydrapple|79/100|[from] item: Leftovers\n|-fieldend|move: Trick Room\n|upkeep\n|\n|t:|1776195182\n|switch|p1a: Sneasler|Sneasler, L50, F|37/100\n|turn|7\n|inactive|TGinge has 30 seconds left.\n|\n|t:|1776195211\n|move|p2b: Kingambit|Protect|p2b: Kingambit\n|-singleturn|p2b: Kingambit|Protect\n|move|p2a: Hydrapple|Protect|p2a: Hydrapple\n|-singleturn|p2a: Hydrapple|Protect\n|move|p1a: Sneasler|Fake Out|p2b: Kingambit\n|-activate|p2b: Kingambit|move: Protect\n|move|p1b: Basculegion|Last Respects|p2a: Hydrapple\n|-activate|p2a: Hydrapple|move: Protect\n|\n|-heal|p2a: Hydrapple|86/100|[from] item: Leftovers\n|upkeep\n|turn|8\n|\n|t:|1776195218\n|move|p2b: Kingambit|Sucker Punch|p1b: Basculegion\n|-supereffective|p1b: Basculegion|1\n|-damage|p1b: Basculegion|0 fnt\n|faint|p1b: Basculegion\n|move|p1a: Sneasler|Dire Claw|p2a: Hydrapple\n|-supereffective|p2a: Hydrapple|1\n|-crit|p2a: Hydrapple\n|-damage|p2a: Hydrapple|0 fnt\n|faint|p2a: Hydrapple\n|\n|upkeep\n|c|\u2606manuelitopajuelas|Gg\n|\n|t:|1776195223\n|switch|p2a: Basculegion|Basculegion, L50, M|100/100\n|turn|9\n|c|\u2606manuelitopajuelas|That te\n|c|\u2606manuelitopajuelas|tR\n|\n|t:|1776195234\n|move|p2b: Kingambit|Sucker Punch|p1a: Sneasler\n|-resisted|p1a: Sneasler|1\n|-damage|p1a: Sneasler|0 fnt\n|faint|p1a: Sneasler\n|\n|win|TGinge\n|raw|manuelitopajuelas's rating: 1252 &rarr; <strong>1227</strong><br />(-25 for losing)\n|raw|TGinge's rating: 1251 &rarr; <strong>1276</strong><br />(+25 for winning)\n",
  "uploadtime": 1776195238,
  "views": 35,
  "formatid": "gen9championsvgc2026regma",
  "rating": 1227,
  "private": 0,
  "password": null
}