{
  "id": "gen9championsvgc2026regma-2586043038",
  "format": "[Gen 9 Champions] VGC 2026 Reg M-A",
  "players": [
    "mickey4321",
    "overlorddarx"
  ],
  "log": "|j|\u2606mickey4321\n|j|\u2606overlorddarx\n|t:|1776393125\n|gametype|doubles\n|player|p1|mickey4321|169|1080\n|player|p2|overlorddarx|scientistf|1174\n|gen|9\n|tier|[Gen 9 Champions] VGC 2026 Reg M-A\n|rated|\n|rule|Species Clause: Limit one of each Pok\u00e9mon\n|rule|Item Clause: Limit 1 of each item\n|clearpoke\n|poke|p1|Charizard, L50, M|\n|poke|p1|Whimsicott, L50, M|\n|poke|p1|Torkoal, L50, M|\n|poke|p1|Arcanine-Hisui, L50, F|\n|poke|p1|Kingambit, L50, M|\n|poke|p1|Venusaur, L50, F|\n|poke|p2|Sylveon, L50, F|\n|poke|p2|Aerodactyl, L50, M|\n|poke|p2|Garchomp, L50, F|\n|poke|p2|Basculegion, L50, M|\n|poke|p2|Floette-Eternal, L50, F|\n|poke|p2|Maushold, L50|\n|teampreview|4\n|inactive|Battle timer is ON: inactive players will automatically lose when time's up. (requested by overlorddarx)\n|inactive|mickey4321 also wants the timer to be on.\n|inactive|overlorddarx has 60 seconds left.\n|\n|t:|1776393155\n|teamsize|p1|4\n|teamsize|p2|4\n|start\n|switch|p1a: Charizard|Charizard, L50, M|100/100\n|switch|p1b: Whimsicott|Whimsicott, L50, M|100/100\n|switch|p2a: Aerodactyl|Aerodactyl, L50, M|100/100\n|switch|p2b: Maushold|Maushold, L50|100/100\n|-ability|p2a: Aerodactyl|Unnerve\n|turn|1\n|\n|t:|1776393169\n|detailschange|p1a: Charizard|Charizard-Mega-Y, L50, M\n|-mega|p1a: Charizard|Charizard|Charizardite Y\n|-weather|SunnyDay|[from] ability: Drought|[of] p1a: Charizard\n|move|p2b: Maushold|Feint|p1a: Charizard\n|-damage|p1a: Charizard|89/100\n|move|p1b: Whimsicott|Tailwind|p1b: Whimsicott\n|-sidestart|p1: mickey4321|move: Tailwind\n|move|p1a: Charizard|Heat Wave|p2b: Maushold|[spread] p2a,p2b\n|-resisted|p2a: Aerodactyl|1\n|-damage|p2a: Aerodactyl|64/100\n|-damage|p2b: Maushold|38/100\n|-enditem|p2b: Maushold|Sitrus Berry|[eat]\n|-heal|p2b: Maushold|62/100|[from] item: Sitrus Berry\n|move|p2a: Aerodactyl|Rock Slide|p1a: Charizard|[spread] p1a,p1b\n|-supereffective|p1a: Charizard|2\n|-damage|p1a: Charizard|0 fnt\n|-damage|p1b: Whimsicott|70/100\n|faint|p1a: Charizard\n|\n|-weather|SunnyDay|[upkeep]\n|upkeep\n|\n|t:|1776393187\n|switch|p1a: Venusaur|Venusaur, L50, F|100/100\n|turn|2\n|\n|t:|1776393195\n|move|p2b: Maushold|Follow Me|p2b: Maushold\n|-singleturn|p2b: Maushold|move: Follow Me\n|move|p1a: Venusaur|Solar Beam||[still]\n|-prepare|p1a: Venusaur|Solar Beam\n|-anim|p1a: Venusaur|Solar Beam|p2b: Maushold\n|-crit|p2b: Maushold\n|-damage|p2b: Maushold|0 fnt\n|faint|p2b: Maushold\n|move|p1b: Whimsicott|Moonblast|p2a: Aerodactyl\n|-damage|p2a: Aerodactyl|19/100\n|move|p2a: Aerodactyl|Tailwind|p2a: Aerodactyl\n|-sidestart|p2: overlorddarx|move: Tailwind\n|\n|-weather|SunnyDay|[upkeep]\n|upkeep\n|\n|t:|1776393209\n|switch|p2b: Garchomp|Garchomp, L50, F|100/100\n|turn|3\n|\n|t:|1776393227\n|move|p2a: Aerodactyl|Protect|p2a: Aerodactyl\n|-singleturn|p2a: Aerodactyl|Protect\n|move|p2b: Garchomp|Protect|p2b: Garchomp\n|-singleturn|p2b: Garchomp|Protect\n|move|p1b: Whimsicott|Fake Tears|p2b: Garchomp\n|-activate|p2b: Garchomp|move: Protect\n|move|p1a: Venusaur|Solar Beam||[still]\n|-prepare|p1a: Venusaur|Solar Beam\n|-anim|p1a: Venusaur|Solar Beam|p2b: Garchomp\n|-activate|p2b: Garchomp|move: Protect\n|\n|-weather|SunnyDay|[upkeep]\n|upkeep\n|turn|4\n|\n|t:|1776393242\n|move|p1b: Whimsicott|Fake Tears|p2b: Garchomp\n|-unboost|p2b: Garchomp|spd|2\n|-enditem|p2b: Garchomp|White Herb\n|-clearnegativeboost|p2b: Garchomp|[silent]\n|move|p1a: Venusaur|Solar Beam||[still]\n|-prepare|p1a: Venusaur|Solar Beam\n|-anim|p1a: Venusaur|Solar Beam|p2b: Garchomp\n|-damage|p2b: Garchomp|31/100\n|move|p2a: Aerodactyl|Dual Wingbeat|p1a: Venusaur\n|-supereffective|p1a: Venusaur|1\n|-damage|p1a: Venusaur|51/100\n|-supereffective|p1a: Venusaur|1\n|-damage|p1a: Venusaur|8/100\n|-hitcount|p1a: Venusaur|2\n|move|p2b: Garchomp|Dragon Claw|p1a: Venusaur\n|-crit|p1a: Venusaur\n|-damage|p1a: Venusaur|0 fnt\n|faint|p1a: Venusaur\n|\n|-weather|SunnyDay|[upkeep]\n|-sideend|p1: mickey4321|move: Tailwind\n|upkeep\n|\n|t:|1776393256\n|switch|p1a: Arcanine|Arcanine-Hisui, L50, F|100/100\n|-ability|p1a: Arcanine|Intimidate|boost\n|-unboost|p2a: Aerodactyl|atk|1\n|-unboost|p2b: Garchomp|atk|1\n|turn|5\n|\n|t:|1776393278\n|move|p2a: Aerodactyl|Protect|p2a: Aerodactyl\n|-singleturn|p2a: Aerodactyl|Protect\n|move|p1b: Whimsicott|Tailwind|p1b: Whimsicott\n|-sidestart|p1: mickey4321|move: Tailwind\n|move|p1a: Arcanine|Flare Blitz|p2b: Garchomp\n|-resisted|p2b: Garchomp|1\n|-damage|p2b: Garchomp|0 fnt\n|-damage|p1a: Arcanine|88/100|[from] ability: Rough Skin|[of] p2b: Garchomp\n|faint|p2b: Garchomp\n|-damage|p1a: Arcanine|78/100|[from] Recoil\n|\n|-weather|none\n|-sideend|p2: overlorddarx|move: Tailwind\n|upkeep\n|\n|t:|1776393286\n|switch|p2b: Basculegion|Basculegion, L50, M|100/100\n|turn|6\n|\n|t:|1776393304\n|move|p1a: Arcanine|Flare Blitz|p2a: Aerodactyl\n|-resisted|p2a: Aerodactyl|1\n|-damage|p2a: Aerodactyl|0 fnt\n|faint|p2a: Aerodactyl\n|-damage|p1a: Arcanine|72/100|[from] Recoil\n|move|p1b: Whimsicott|Moonblast|p2b: Basculegion\n|-damage|p2b: Basculegion|62/100\n|move|p2b: Basculegion|Last Respects|p1a: Arcanine\n|-damage|p1a: Arcanine|0 fnt\n|faint|p1a: Arcanine\n|\n|upkeep\n|turn|7\n|\n|t:|1776393315\n|move|p1b: Whimsicott|Moonblast|p2b: Basculegion\n|-crit|p2b: Basculegion\n|-damage|p2b: Basculegion|2/100\n|move|p2b: Basculegion|Last Respects|p1b: Whimsicott\n|-crit|p1b: Whimsicott\n|-damage|p1b: Whimsicott|0 fnt\n|faint|p1b: Whimsicott\n|\n|win|overlorddarx\n|raw|mickey4321's rating: 1080 &rarr; <strong>1064</strong><br />(-16 for losing)\n|raw|overlorddarx's rating: 1174 &rarr; <strong>1192</strong><br />(+18 for winning)\n",
  "uploadtime": 1776393329,
  "views": 15,
  "formatid": "gen9championsvgc2026regma",
  "rating": 1064,
  "private": 0,
  "password": null
}