{
  "id": "gen9championsvgc2026regma-2585928444",
  "format": "[Gen 9 Champions] VGC 2026 Reg M-A",
  "players": [
    "grimI0I",
    "CosmicMD"
  ],
  "log": "|j|\u2606grimI0I\n|j|\u2606CosmicMD\n|t:|1776382298\n|gametype|doubles\n|player|p1|grimI0I|steven|1129\n|player|p2|CosmicMD|colress|1143\n|gen|9\n|tier|[Gen 9 Champions] VGC 2026 Reg M-A\n|rated|\n|rule|Species Clause: Limit one of each Pok\u00e9mon\n|rule|Item Clause: Limit 1 of each item\n|clearpoke\n|poke|p1|Pelipper, L50, M|\n|poke|p1|Castform, L50, F|\n|poke|p1|Basculegion, L50, M|\n|poke|p1|Politoed, L50, M|\n|poke|p1|Gengar, L50, F|\n|poke|p1|Clefable, L50, M|\n|poke|p2|Farigiraf, L50, F|\n|poke|p2|Crabominable, L50, M|\n|poke|p2|Aegislash, L50, F|\n|poke|p2|Glimmora, L50, M|\n|poke|p2|Sneasler, L50, F|\n|poke|p2|Aerodactyl, L50, M|\n|teampreview|4\n|inactive|Battle timer is ON: inactive players will automatically lose when time's up. (requested by grimI0I)\ngrimI0I has agreed to open team sheets.\n|c|\u2606CosmicMD|glhf\n|\n|t:|1776382324\n|teamsize|p1|4\n|teamsize|p2|4\n|start\n|switch|p1a: Pelipper|Pelipper, L50, M|100/100\n|switch|p1b: Basculegion|Basculegion, L50, M|100/100\n|switch|p2a: Farigiraf|Farigiraf, L50, F|100/100\n|switch|p2b: Crabominable|Crabominable, L50, M|100/100\n|-weather|RainDance|[from] ability: Drizzle|[of] p1a: Pelipper\n|turn|1\n|\n|t:|1776382330\n|move|p2b: Crabominable|Protect|p2b: Crabominable\n|-singleturn|p2b: Crabominable|Protect\n|move|p1b: Basculegion|Wave Crash|p2a: Farigiraf\n|-damage|p2a: Farigiraf|8/100\n|-damage|p1b: Basculegion|65/100|[from] Recoil\n|move|p1a: Pelipper|Hurricane|p2b: Crabominable\n|-activate|p2b: Crabominable|move: Protect\n|move|p2a: Farigiraf|Trick Room|p2a: Farigiraf\n|-fieldstart|move: Trick Room|[of] p2a: Farigiraf\n|\n|-weather|RainDance|[upkeep]\n|upkeep\n|turn|2\n|\n|t:|1776382348\n|detailschange|p2b: Crabominable|Crabominable-Mega, L50, M\n|-mega|p2b: Crabominable|Crabominable|Crabominite\n|move|p1b: Basculegion|Protect|p1b: Basculegion\n|-singleturn|p1b: Basculegion|Protect\n|move|p2a: Farigiraf|Ally Switch|p2a: Farigiraf\n|swap|p2a: Farigiraf|1|[from] move: Ally Switch\n|move|p2a: Crabominable|Thunder Punch|p1b: Basculegion\n|-activate|p1b: Basculegion|move: Protect\n|move|p1a: Pelipper|Hurricane|p2b: Farigiraf\n|-damage|p2b: Farigiraf|0 fnt\n|faint|p2b: Farigiraf\n|\n|-weather|RainDance|[upkeep]\n|upkeep\n|\n|t:|1776382359\n|switch|p2b: Aegislash|Aegislash, L50, F|100/100\n|turn|3\n|\n|t:|1776382371\n|move|p1b: Basculegion|Aqua Jet|p2a: Crabominable\n|-damage|p2a: Crabominable|74/100\n|move|p2a: Crabominable|Thunder Punch|p1a: Pelipper\n|-supereffective|p1a: Pelipper|2\n|-enditem|p1a: Pelipper|Focus Sash\n|-damage|p1a: Pelipper|1/100\n|-formechange|p2b: Aegislash|Aegislash-Blade|\n|move|p2b: Aegislash|Poltergeist||[still]\n|-fail|p2b: Aegislash\n|move|p1a: Pelipper|Hurricane|p2a: Crabominable\n|-supereffective|p2a: Crabominable|1\n|-damage|p2a: Crabominable|0 fnt\n|faint|p2a: Crabominable\n|\n|-weather|RainDance|[upkeep]\n|upkeep\n|\n|t:|1776382384\n|switch|p2a: Sneasler|Sneasler, L50, F|100/100\n|turn|4\n|inactive|grimI0I has 30 seconds left.\n|\n|t:|1776382410\n|switch|p1a: Clefable|Clefable, L50, M|100/100\n|move|p1b: Basculegion|Protect|p1b: Basculegion\n|-singleturn|p1b: Basculegion|Protect\n|move|p2a: Sneasler|Fake Out|p1a: Clefable\n|-damage|p1a: Clefable|85/100\n|move|p2b: Aegislash|Poltergeist|p1b: Basculegion\n|-activate|p1b: Basculegion|move: Protect\n|\n|-weather|RainDance|[upkeep]\n|-heal|p1a: Clefable|91/100|[from] item: Leftovers\n|upkeep\n|turn|5\n|\n|t:|1776382423\n|move|p2a: Sneasler|Protect|p2a: Sneasler\n|-singleturn|p2a: Sneasler|Protect\n|move|p2b: Aegislash|Poltergeist|p1b: Basculegion\n|-activate|p1b: Basculegion|move: Poltergeist|Mystic Water\n|-supereffective|p1b: Basculegion|1\n|-damage|p1b: Basculegion|0 fnt\n|faint|p1b: Basculegion\n|move|p1a: Clefable|Wish|p1a: Clefable\n|\n|-weather|none\n|-heal|p1a: Clefable|97/100|[from] item: Leftovers\n|-fieldend|move: Trick Room\n|upkeep\n|\n|t:|1776382426\n|switch|p1b: Pelipper|Pelipper, L50, M|1/100\n|-weather|RainDance|[from] ability: Drizzle|[of] p1b: Pelipper\n|turn|6\n|\n|t:|1776382434\n|move|p2a: Sneasler|Dire Claw|p1b: Pelipper\n|-damage|p1b: Pelipper|0 fnt\n|faint|p1b: Pelipper\n|move|p2b: Aegislash|Iron Head|p1a: Clefable\n|-supereffective|p1a: Clefable|1\n|-damage|p1a: Clefable|2/100\n|move|p1a: Clefable|Knock Off|p2b: Aegislash\n|-supereffective|p2b: Aegislash|1\n|-damage|p2b: Aegislash|45/100\n|-enditem|p2b: Aegislash|Leftovers|[from] move: Knock Off|[of] p1a: Clefable\n|\n|-weather|RainDance|[upkeep]\n|-heal|p1a: Clefable|52/100|[from] move: Wish|[wisher] Clefable\n|-heal|p1a: Clefable|58/100|[from] item: Leftovers\n|upkeep\n|\n|t:|1776382436\n|switch|p1b: Castform|Castform, L50, F|100/100\n|-formechange|p1b: Castform|Castform-Rainy|[msg]|[from] ability: Forecast\n|turn|7\n|\n|t:|1776382456\n|-formechange|p2b: Aegislash|Aegislash|\n|move|p2b: Aegislash|King's Shield|p2b: Aegislash\n|-singleturn|p2b: Aegislash|Protect\n|move|p2a: Sneasler|Dire Claw|p1a: Clefable\n|-supereffective|p1a: Clefable|1\n|-damage|p1a: Clefable|0 fnt\n|faint|p1a: Clefable\n|move|p1b: Castform|Hurricane|p2a: Sneasler\n|-supereffective|p2a: Sneasler|1\n|-damage|p2a: Sneasler|27/100\n|\n|-weather|RainDance|[upkeep]\n|upkeep\n|turn|8\n|\n|t:|1776382467\n|move|p2a: Sneasler|Close Combat|p1b: Castform\n|-damage|p1b: Castform|4/100\n|-unboost|p2a: Sneasler|def|1\n|-unboost|p2a: Sneasler|spd|1\n|-enditem|p2a: Sneasler|White Herb\n|-clearnegativeboost|p2a: Sneasler|[silent]\n|move|p1b: Castform|Hurricane|p2a: Sneasler\n|-supereffective|p2a: Sneasler|1\n|-damage|p2a: Sneasler|0 fnt\n|faint|p2a: Sneasler\n|-formechange|p2b: Aegislash|Aegislash-Blade|\n|move|p2b: Aegislash|Poltergeist|p1b: Castform\n|-activate|p1b: Castform|move: Poltergeist|Bright Powder\n|-damage|p1b: Castform|0 fnt\n|faint|p1b: Castform\n|\n|win|CosmicMD\n|raw|grimI0I's rating: 1129 &rarr; <strong>1105</strong><br />(-24 for losing)\n|raw|CosmicMD's rating: 1143 &rarr; <strong>1167</strong><br />(+24 for winning)\n|l|\u2606CosmicMD\n|player|p2|\n",
  "uploadtime": 1776382474,
  "views": 17,
  "formatid": "gen9championsvgc2026regma",
  "rating": 1105,
  "private": 0,
  "password": null
}