{
  "id": "gen9championsvgc2026regma-2588607793",
  "format": "[Gen 9 Champions] VGC 2026 Reg M-A",
  "players": [
    "W0kMeDed",
    "KilamanolaVGC"
  ],
  "log": "|j|\u2606W0kMeDed\n|j|\u203dKilamanolaVGC\n|t:|1776649617\n|gametype|doubles\n|player|p1|W0kMeDed|palmer|1513\n|player|p2|KilamanolaVGC|benga|1496\n|gen|9\n|tier|[Gen 9 Champions] VGC 2026 Reg M-A\n|rated|\n|rule|Species Clause: Limit one of each Pok\u00e9mon\n|rule|Item Clause: Limit 1 of each item\n|clearpoke\n|poke|p1|Tyranitar, L50, F|\n|poke|p1|Excadrill, L50, F|\n|poke|p1|Dragapult, L50, M|\n|poke|p1|Sneasler, L50, M|\n|poke|p1|Rotom-Wash, L50|\n|poke|p1|Scovillain, L50, F|\n|poke|p2|Hawlucha, L50, F, shiny|\n|poke|p2|Garganacl, L50, F, shiny|\n|poke|p2|Gengar, L50, M, shiny|\n|poke|p2|Sableye, L50, F, shiny|\n|poke|p2|Maushold, L50|\n|poke|p2|Politoed, L50, M, shiny|\n|teampreview|4\n|inactive|Battle timer is ON: inactive players will automatically lose when time's up. (requested by KilamanolaVGC)\n|inactive|W0kMeDed has 60 seconds left.\n|inactive|KilamanolaVGC has 60 seconds left.\n|\n|t:|1776649652\n|teamsize|p1|4\n|teamsize|p2|4\n|start\n|switch|p1a: Ea|Excadrill, L50, F|100/100\n|switch|p1b: Zweilous-Fuego|Scovillain, L50, F|100/100\n|switch|p2a: Gengar|Gengar, L50, M, shiny|100/100\n|switch|p2b: Sableye|Sableye, L50, F, shiny|100/100\n|turn|1\n|\n|t:|1776649676\n|switch|p1b: Hakai|Tyranitar, L50, F|100/100\n|-weather|Sandstorm|[from] ability: Sand Stream|[of] p1b: Hakai\n|detailschange|p2a: Gengar|Gengar-Mega, L50, M, shiny\n|-mega|p2a: Gengar|Gengar|Gengarite\n|move|p2b: Sableye|Fake Out|p1a: Ea\n|-resisted|p1a: Ea|1\n|-damage|p1a: Ea|96/100\n|cant|p1a: Ea|flinch\n|move|p2a: Gengar|Perish Song|p2a: Gengar\n|-start|p1a: Ea|perish3|[silent]\n|-start|p1b: Hakai|perish3|[silent]\n|-start|p2a: Gengar|perish3|[silent]\n|-start|p2b: Sableye|perish3|[silent]\n|-fieldactivate|move: Perish Song\n|\n|-weather|Sandstorm|[upkeep]\n|-damage|p2a: Gengar|95/100|[from] Sandstorm\n|-damage|p2b: Sableye|95/100|[from] Sandstorm\n|-start|p1a: Ea|perish3\n|-start|p2a: Gengar|perish3\n|-start|p1b: Hakai|perish3\n|-start|p2b: Sableye|perish3\n|upkeep\n|turn|2\n|inactive|W0kMeDed has 30 seconds left.\n|\n|t:|1776649703\n|move|p2b: Sableye|Protect|p2b: Sableye\n|-singleturn|p2b: Sableye|Protect\n|move|p2a: Gengar|Protect|p2a: Gengar\n|-singleturn|p2a: Gengar|Protect\n|move|p1a: Ea|High Horsepower|p2a: Gengar\n|-activate|p2a: Gengar|move: Protect\n|move|p1b: Hakai|Knock Off|p2b: Sableye\n|-activate|p2b: Sableye|move: Protect\n|\n|-weather|Sandstorm|[upkeep]\n|-damage|p2a: Gengar|89/100|[from] Sandstorm\n|-damage|p2b: Sableye|89/100|[from] Sandstorm\n|-start|p1a: Ea|perish2\n|-start|p2a: Gengar|perish2\n|-start|p1b: Hakai|perish2\n|-start|p2b: Sableye|perish2\n|upkeep\n|turn|3\n|\n|t:|1776649724\n|move|p2b: Sableye|Disable|p1a: Ea\n|-start|p1a: Ea|Disable|High Horsepower\n|cant|p1a: Ea|Disable|High Horsepower\n|move|p2a: Gengar|Disable|p1b: Hakai\n|-start|p1b: Hakai|Disable|Knock Off\n|move|p1b: Hakai|Rock Slide|p2a: Gengar|[spread] p2a,p2b\n|-damage|p2a: Gengar|47/100\n|-damage|p2b: Sableye|44/100\n|\n|-weather|Sandstorm|[upkeep]\n|-damage|p2a: Gengar|41/100|[from] Sandstorm\n|-damage|p2b: Sableye|39/100|[from] Sandstorm\n|-start|p1a: Ea|perish1\n|-start|p2a: Gengar|perish1\n|-start|p1b: Hakai|perish1\n|-start|p2b: Sableye|perish1\n|upkeep\n|turn|4\n|\n|t:|1776649740\n|switch|p2a: Politoed|Politoed, L50, M, shiny|100/100\n|-weather|RainDance|[from] ability: Drizzle|[of] p2a: Politoed\n|switch|p2b: Maushold|Maushold, L50|100/100\n|move|p1a: Ea|Iron Head|p2b: Maushold\n|-damage|p2b: Maushold|46/100\n|move|p1b: Hakai|Rock Slide|p2a: Politoed|[spread] p2a,p2b\n|-damage|p2a: Politoed|80/100\n|-damage|p2b: Maushold|4/100\n|\n|-weather|RainDance|[upkeep]\n|-heal|p2a: Politoed|86/100|[from] item: Leftovers\n|-start|p1a: Ea|perish0\n|-start|p1b: Hakai|perish0\n|upkeep\n|faint|p1a: Ea\n|faint|p1b: Hakai\n|\n|t:|1776649753\n|switch|p1a: Zweilous-Fuego|Scovillain, L50, F|100/100\n|switch|p1b: Wise|Sneasler, L50, M|100/100\n|turn|5\n|\n|t:|1776649770\n|move|p2b: Maushold|Protect|p2b: Maushold\n|-singleturn|p2b: Maushold|Protect\n|move|p1a: Zweilous-Fuego|Protect|p1a: Zweilous-Fuego\n|-singleturn|p1a: Zweilous-Fuego|Protect\n|move|p2a: Politoed|Protect|p2a: Politoed\n|-singleturn|p2a: Politoed|Protect\n|move|p1b: Wise|Fake Out|p2a: Politoed\n|-activate|p2a: Politoed|move: Protect\n|\n|-weather|RainDance|[upkeep]\n|-heal|p2a: Politoed|92/100|[from] item: Leftovers\n|-ability|p1a: Zweilous-Fuego|Moody|boost\n|-boost|p1a: Zweilous-Fuego|atk|2\n|-unboost|p1a: Zweilous-Fuego|spe|1\n|upkeep\n|turn|6\n|\n|t:|1776649786\n|move|p2b: Maushold|Follow Me|p2b: Maushold\n|-singleturn|p2b: Maushold|move: Follow Me\n|move|p1b: Wise|Close Combat|p2b: Maushold\n|-supereffective|p2b: Maushold|1\n|-enditem|p2b: Maushold|Chople Berry|[eat]\n|-enditem|p2b: Maushold|Chople Berry|[weaken]\n|-damage|p2b: Maushold|0 fnt\n|-unboost|p1b: Wise|def|1\n|-unboost|p1b: Wise|spd|1\n|faint|p2b: Maushold\n|-enditem|p1b: Wise|White Herb\n|-clearnegativeboost|p1b: Wise|[silent]\n|move|p2a: Politoed|Perish Song|p2a: Politoed\n|-start|p1a: Zweilous-Fuego|perish3|[silent]\n|-start|p1b: Wise|perish3|[silent]\n|-start|p2a: Politoed|perish3|[silent]\n|-fieldactivate|move: Perish Song\n|move|p1a: Zweilous-Fuego|Leech Seed|p2a: Politoed\n|-start|p2a: Politoed|move: Leech Seed\n|\n|-weather|RainDance|[upkeep]\n|-heal|p2a: Politoed|98/100|[from] item: Leftovers\n|-damage|p2a: Politoed|86/100|[from] Leech Seed|[of] p1a: Zweilous-Fuego\n|-start|p1b: Wise|perish3\n|-start|p2a: Politoed|perish3\n|-start|p1a: Zweilous-Fuego|perish3\n|-ability|p1a: Zweilous-Fuego|Moody|boost\n|-boost|p1a: Zweilous-Fuego|spa|2\n|-unboost|p1a: Zweilous-Fuego|atk|1\n|upkeep\n|-message|W0kMeDed forfeited.\n|\n|win|KilamanolaVGC\n|raw|W0kMeDed's rating: 1513 &rarr; <strong>1492</strong><br />(-21 for losing)\n|raw|KilamanolaVGC's rating: 1496 &rarr; <strong>1517</strong><br />(+21 for winning)\n|l|\u2606W0kMeDed\n|player|p1|\n",
  "uploadtime": 1776649829,
  "views": 16,
  "formatid": "gen9championsvgc2026regma",
  "rating": 1492,
  "private": 0,
  "password": null
}