{
  "id": "gen9championsvgc2026regma-2587787956",
  "format": "[Gen 9 Champions] VGC 2026 Reg M-A",
  "players": [
    "funntymann",
    "ArKaneVGC"
  ],
  "log": "|j|\u2606funntymann\n|j|\u2606ArKaneVGC\n|t:|1776564042\n|gametype|doubles\n|player|p1|funntymann|102|\n|player|p2|ArKaneVGC|#smogonxnpa2025draftee|\n|gen|9\n|tier|[Gen 9 Champions] VGC 2026 Reg M-A\n|rated|Tournament battle\n|rule|Species Clause: Limit one of each Pok\u00e9mon\n|rule|Item Clause: Limit 1 of each item\n|raw|<div class=\"infobox\"><details class=\"readmore\" open><summary><strong>1 custom rule:</strong></summary> Force Open Team Sheets</details></div>\n|clearpoke\n|poke|p1|Pelipper, L50, M|\n|poke|p1|Maushold-Four, L50|\n|poke|p1|Incineroar, L50, F|\n|poke|p1|Gengar, L50, M|\n|poke|p1|Kommo-o, L50, F, shiny|\n|poke|p1|Sinistcha, L50|\n|poke|p2|Sneasler, L50, F|\n|poke|p2|Kingambit, L50, F|\n|poke|p2|Sinistcha, L50|\n|poke|p2|Incineroar, L50, F|\n|poke|p2|Floette-Eternal, L50, F|\n|poke|p2|Aerodactyl, L50, F|\n|teampreview|4\n|showteam|p1|Pelipper||FocusSash|Drizzle|WeatherBall,Tailwind,Hurricane,Protect|||M|||50|]Maushold-Four||ChopleBerry|FriendGuard|FollowMe,SuperFang,PopulationBomb,Protect||||||50|]Incineroar||PasshoBerry|Intimidate|DarkestLariat,HelpingHand,PartingShot,FakeOut|||F|||50|]Gengar||Gengarite|CursedBody|ShadowBall,SludgeBomb,PerishSong,Protect|||M|||50|]Kommo-o||Leftovers|Soundproof|ClangorousSoul,ClangingScales,AuraSphere,Protect|||F|||50|]Sinistcha||SitrusBerry|Hospitality|MatchaGotcha,LifeDew,RagePowder,TrickRoom||||||50|\n|showteam|p2|Sneasler||WhiteHerb|Unburden|DireClaw,CloseCombat,FakeOut,Protect|||F|||50|]Kingambit||BlackGlasses|Defiant|KowtowCleave,IronHead,SuckerPunch,Protect|||F|||50|]Sinistcha||SitrusBerry|Hospitality|MatchaGotcha,RagePowder,TrickRoom,LifeDew||||||50|]Incineroar||ChopleBerry|Intimidate|FlareBlitz,WillOWisp,FakeOut,PartingShot|||F|||50|]Floette-Eternal||Floettite|FlowerVeil|Moonblast,DazzlingGleam,CalmMind,Protect|||F|||50|]Aerodactyl||FocusSash|Unnerve|RockSlide,DualWingbeat,Tailwind,Protect|||F|||50|\n|inactive|Battle timer is ON: inactive players will automatically lose when time's up. (requested by ArKaneVGC)\n|c|\u2606funntymann|ggs\n|j| knoxxzeta\n|inactive|funntymann has 60 seconds left.\n|inactive|funntymann has 30 seconds left.\n|\n|t:|1776564111\n|teamsize|p1|4\n|teamsize|p2|4\n|start\n|switch|p1a: Gengar|Gengar, L50, M|100/100\n|switch|p1b: Incineroar|Incineroar, L50, F|100/100\n|switch|p2a: Sneasler|Sneasler, L50, F|100/100\n|switch|p2b: Kingambit|Kingambit, L50, F|100/100\n|-ability|p1b: Incineroar|Intimidate|boost\n|-unboost|p2a: Sneasler|atk|1\n|-unboost|p2b: Kingambit|atk|1\n|-ability|p2b: Kingambit|Defiant|boost\n|-boost|p2b: Kingambit|atk|2\n|-enditem|p2a: Sneasler|White Herb\n|-clearnegativeboost|p2a: Sneasler|[silent]\n|turn|1\n|j| kritath\n|l| kritath\n|\n|t:|1776564136\n|switch|p1a: Kommo-o|Kommo-o, L50, F, shiny|100/100\n|move|p2a: Sneasler|Fake Out|p1b: Incineroar\n|-damage|p1b: Incineroar|87/100\n|cant|p1b: Incineroar|flinch\n|move|p2b: Kingambit|Kowtow Cleave|p1a: Kommo-o\n|-resisted|p1a: Kommo-o|1\n|-damage|p1a: Kommo-o|61/100\n|\n|-heal|p1a: Kommo-o|67/100|[from] item: Leftovers\n|upkeep\n|turn|2\n|\n|t:|1776564151\n|switch|p1b: Sinistcha|Sinistcha, L50|100/100\n|-heal|p1a: Kommo-o|92/100|[from] ability: Hospitality|[of] p1b: Sinistcha\n|move|p2b: Kingambit|Sucker Punch||[still]\n|-fail|p2b: Kingambit\n|move|p2a: Sneasler|Close Combat|p1a: Kommo-o\n|-damage|p1a: Kommo-o|34/100\n|-unboost|p2a: Sneasler|def|1\n|-unboost|p2a: Sneasler|spd|1\n|move|p1a: Kommo-o|Clangorous Soul|p1a: Kommo-o\n|-boost|p1a: Kommo-o|atk|1\n|-boost|p1a: Kommo-o|def|1\n|-boost|p1a: Kommo-o|spa|1\n|-boost|p1a: Kommo-o|spd|1\n|-boost|p1a: Kommo-o|spe|1\n|-damage|p1a: Kommo-o|2/100\n|\n|-heal|p1a: Kommo-o|8/100|[from] item: Leftovers\n|upkeep\n|turn|3\n|\n|t:|1776564167\n|switch|p2a: Floette|Floette-Eternal, L50, F|100/100\n|move|p1a: Kommo-o|Protect|p1a: Kommo-o\n|-singleturn|p1a: Kommo-o|Protect\n|move|p2b: Kingambit|Protect|p2b: Kingambit\n|-singleturn|p2b: Kingambit|Protect\n|move|p1b: Sinistcha|Life Dew||[still]|[spread] p1a,p1b\n|-heal|p1a: Kommo-o|32/100\n|-fail|p1b: Sinistcha|heal\n|\n|-heal|p1a: Kommo-o|38/100|[from] item: Leftovers\n|upkeep\n|turn|4\n|inactive|funntymann has 30 seconds left.\n|j| stinkyton\n|j| predatorv\n|c|\u2606funntymann|d gleeaammm\n|inactive|funntymann has 20 seconds left.\n|j| H4irashi\n|inactive|funntymann has 15 seconds left.\n|inactive|funntymann has 10 seconds left.\n|inactive|funntymann has 5 seconds left.\n|j| SeulClef\n|\n|t:|1776564222\n|switch|p1a: Incineroar|Incineroar, L50, F|87/100\n|-ability|p1a: Incineroar|Intimidate|boost\n|-unboost|p2a: Floette|atk|1\n|-unboost|p2b: Kingambit|atk|1\n|-ability|p2b: Kingambit|Defiant|boost\n|-boost|p2b: Kingambit|atk|2\n|switch|p2b: Sinistcha|Sinistcha, L50|100/100\n|detailschange|p2a: Floette|Floette-Mega, L50, F\n|-mega|p2a: Floette|Floette|Floettite\n|-ability|p2a: Floette|Fairy Aura\n|move|p2a: Floette|Dazzling Gleam|p1b: Sinistcha|[spread] p1a,p1b\n|-damage|p1a: Incineroar|44/100\n|-damage|p1b: Sinistcha|55/100\n|move|p1b: Sinistcha|Life Dew|p1b: Sinistcha|[spread] p1a,p1b\n|-heal|p1a: Incineroar|69/100\n|-heal|p1b: Sinistcha|80/100\n|\n|upkeep\n|turn|5\n|l| H4irashi\n|c|\u2606funntymann|YESS finally i got a read for once\n|\n|t:|1776564247\n|switch|p2a: Kingambit|Kingambit, L50, F|100/100\n|switch|p1b: Gengar|Gengar, L50, M|100/100\n|move|p1a: Incineroar|Fake Out|p2a: Kingambit\n|-resisted|p2a: Kingambit|1\n|-damage|p2a: Kingambit|97/100\n|move|p2b: Sinistcha|Trick Room|p2b: Sinistcha\n|-fieldstart|move: Trick Room|[of] p2b: Sinistcha\n|\n|upkeep\n|turn|6\n|\n|t:|1776564265\n|switch|p2b: Floette|Floette-Mega, L50, F|100/100\n|-ability|p2b: Floette|Fairy Aura\n|detailschange|p1b: Gengar|Gengar-Mega, L50, M\n|-mega|p1b: Gengar|Gengar|Gengarite\n|move|p1b: Gengar|Protect|p1b: Gengar\n|-singleturn|p1b: Gengar|Protect\n|move|p2a: Kingambit|Kowtow Cleave|p1b: Gengar\n|-activate|p1b: Gengar|move: Protect\n|move|p1a: Incineroar|Parting Shot|p2b: Floette\n|-unboost|p2b: Floette|atk|1\n|-unboost|p2b: Floette|spa|1\n|\n|t:|1776564277\n|switch|p1a: Sinistcha|Sinistcha, L50|80/100|[from] Parting Shot\n|\n|upkeep\n|turn|7\n|\n|t:|1776564291\n|switch|p1b: Incineroar|Incineroar, L50, F|69/100\n|-ability|p1b: Incineroar|Intimidate|boost\n|-unboost|p2a: Kingambit|atk|1\n|-ability|p2a: Kingambit|Defiant|boost\n|-boost|p2a: Kingambit|atk|2\n|-unboost|p2b: Floette|atk|1\n|move|p2b: Floette|Protect|p2b: Floette\n|-singleturn|p2b: Floette|Protect\n|move|p2a: Kingambit|Kowtow Cleave|p1b: Incineroar\n|-resisted|p1b: Incineroar|1\n|-damage|p1b: Incineroar|34/100\n|move|p1a: Sinistcha|Trick Room|p1a: Sinistcha\n|-fieldend|move: Trick Room\n|\n|upkeep\n|turn|8\n|\n|t:|1776564304\n|move|p1b: Incineroar|Fake Out|p2b: Floette\n|-damage|p2b: Floette|90/100\n|cant|p2b: Floette|flinch\n|move|p1a: Sinistcha|Life Dew|p1a: Sinistcha|[spread] p1a,p1b\n|-heal|p1a: Sinistcha|100/100\n|-heal|p1b: Incineroar|59/100\n|move|p2a: Kingambit|Kowtow Cleave|p1a: Sinistcha\n|-supereffective|p1a: Sinistcha|1\n|-damage|p1a: Sinistcha|0 fnt\n|faint|p1a: Sinistcha\n|\n|upkeep\n|\n|t:|1776564315\n|switch|p1a: Gengar|Gengar-Mega, L50, M|100/100\n|turn|9\n|inactive|funntymann has 30 seconds left.\n|\n|t:|1776564345\n|move|p1a: Gengar|Protect|p1a: Gengar\n|-singleturn|p1a: Gengar|Protect\n|move|p2b: Floette|Protect|p2b: Floette\n|-singleturn|p2b: Floette|Protect\n|move|p1b: Incineroar|Darkest Lariat|p2b: Floette\n|-activate|p2b: Floette|move: Protect\n|move|p2a: Kingambit|Kowtow Cleave|p1b: Incineroar\n|-resisted|p1b: Incineroar|1\n|-damage|p1b: Incineroar|24/100\n|\n|upkeep\n|turn|10\n|c|\u2606funntymann|its kinga gg\n|j| seafgeneralbrasch\n|l| predatorv\n|inactive|funntymann has 30 seconds left.\n|\n|t:|1776564372\n|move|p1a: Gengar|Sludge Bomb|p2b: Floette\n|-supereffective|p2b: Floette|1\n|-damage|p2b: Floette|13/100\n|move|p2b: Floette|Moonblast|p1b: Incineroar\n|-damage|p1b: Incineroar|0 fnt\n|faint|p1b: Incineroar\n|move|p2a: Kingambit|Kowtow Cleave|p1a: Gengar\n|-supereffective|p1a: Gengar|1\n|-damage|p1a: Gengar|0 fnt\n|faint|p1a: Gengar\n|\n|upkeep\n|\n|t:|1776564377\n|switch|p1b: Kommo-o|Kommo-o, L50, F, shiny|38/100\n|turn|11\n|l| seafgeneralbrasch\n|c|\u2606funntymann|gg\n|c|\u2606ArKaneVGC|gg\n|c|\u2606funntymann|wait u beat a draft league player before\n|inactive|funntymann has 30 seconds left.\n|c|\u2606funntymann|and i got a READ\n|c|\u2606ArKaneVGC|wdym\n|inactive|funntymann has 20 seconds left.\n|c|\u2606funntymann|oml im so happy\n|\n|t:|1776564415\n|move|p2b: Floette|Moonblast|p1b: Kommo-o\n|-supereffective|p1b: Kommo-o|2\n|-damage|p1b: Kommo-o|0 fnt\n|faint|p1b: Kommo-o\n|\n|win|ArKaneVGC\n|n|\u2606funntymann|funntymann\n|n|\u2606ArKaneVGC|arkanevgc\n|n| knoxxzeta|knoxxzeta\n|n| stinkyton|stinkyton\n|n| SeulClef|seulclef\n",
  "uploadtime": 1776564415,
  "views": 10,
  "formatid": "gen9championsvgc2026regma",
  "rating": null,
  "private": 0,
  "password": null
}