{
  "id": "gen9championsvgc2026regma-2584802667",
  "format": "[Gen 9 Champions] VGC 2026 Reg M-A",
  "players": [
    "WaluigiVGC",
    "hiagop21"
  ],
  "log": "|j|\u2606WaluigiVGC\n|j|\u2606hiagop21\n|t:|1776284770\n|gametype|doubles\n|player|p1|WaluigiVGC|101|1194\n|player|p2|hiagop21|102|1141\n|gen|9\n|tier|[Gen 9 Champions] VGC 2026 Reg M-A\n|rated|\n|rule|Species Clause: Limit one of each Pok\u00e9mon\n|rule|Item Clause: Limit 1 of each item\n|clearpoke\n|poke|p1|Sneasler, L50, F|\n|poke|p1|Aerodactyl, L50, F|\n|poke|p1|Basculegion, L50, M|\n|poke|p1|Incineroar, L50, F|\n|poke|p1|Floette-Eternal, L50, F|\n|poke|p1|Sinistcha, L50|\n|poke|p2|Charizard, L50, M|\n|poke|p2|Sneasler, L50, M|\n|poke|p2|Basculegion, L50, M|\n|poke|p2|Garchomp, L50, M|\n|poke|p2|Incineroar, L50, M|\n|poke|p2|Venusaur, L50, M|\n|teampreview|4\n|\n|t:|1776284798\n|teamsize|p1|4\n|teamsize|p2|4\n|start\n|switch|p1a: Aerodactyl|Aerodactyl, L50, F|100/100\n|switch|p1b: Sneasler|Sneasler, L50, F|100/100\n|switch|p2a: Charizard|Charizard, L50, M|100/100\n|switch|p2b: Venusaur|Venusaur, L50, M|100/100\n|-ability|p1a: Aerodactyl|Unnerve\n|turn|1\n|\n|t:|1776284814\n|detailschange|p2a: Charizard|Charizard-Mega-Y, L50, M\n|-mega|p2a: Charizard|Charizard|Charizardite Y\n|-weather|SunnyDay|[from] ability: Drought|[of] p2a: Charizard\n|move|p2a: Charizard|Protect|p2a: Charizard\n|-singleturn|p2a: Charizard|Protect\n|move|p1b: Sneasler|Fake Out|p2b: Venusaur\n|-damage|p2b: Venusaur|82/100\n|cant|p2b: Venusaur|flinch\n|move|p1a: Aerodactyl|Rock Slide|p2b: Venusaur|[spread] p2b\n|-activate|p2a: Charizard|move: Protect\n|-damage|p2b: Venusaur|48/100\n|\n|-weather|SunnyDay|[upkeep]\n|-heal|p2b: Venusaur|53/100|[from] item: Leftovers\n|upkeep\n|turn|2\n|\n|t:|1776284846\n|switch|p2a: Garchomp|Garchomp, L50, M|100/100\n|move|p2b: Venusaur|Sleep Powder|p1a: Aerodactyl|[miss]\n|-miss|p2b: Venusaur|p1a: Aerodactyl\n|move|p1a: Aerodactyl|Rock Slide|p2b: Venusaur|[spread] p2b\n|-miss|p1a: Aerodactyl|p2a: Garchomp\n|-damage|p2b: Venusaur|18/100\n|move|p1b: Sneasler|Dire Claw|p2b: Venusaur\n|-damage|p2b: Venusaur|0 fnt\n|faint|p2b: Venusaur\n|\n|-weather|SunnyDay|[upkeep]\n|upkeep\n|\n|t:|1776284859\n|switch|p2b: Incineroar|Incineroar, L50, M|100/100\n|-ability|p2b: Incineroar|Intimidate|boost\n|-unboost|p1a: Aerodactyl|atk|1\n|-unboost|p1b: Sneasler|atk|1\n|-enditem|p1b: Sneasler|White Herb\n|-clearnegativeboost|p1b: Sneasler|[silent]\n|turn|3\n|\n|t:|1776284868\n|move|p1b: Sneasler|Protect|p1b: Sneasler\n|-singleturn|p1b: Sneasler|Protect\n|move|p1a: Aerodactyl|Protect|p1a: Aerodactyl\n|-singleturn|p1a: Aerodactyl|Protect\n|move|p2b: Incineroar|Fake Out|p1a: Aerodactyl\n|-activate|p1a: Aerodactyl|move: Protect\n|move|p2a: Garchomp|Rock Slide|p1b: Sneasler|[spread] \n|-activate|p1a: Aerodactyl|move: Protect\n|-activate|p1b: Sneasler|move: Protect\n|\n|-weather|SunnyDay|[upkeep]\n|upkeep\n|turn|4\n|\n|t:|1776284892\n|move|p1b: Sneasler|Close Combat|p2b: Incineroar\n|-supereffective|p2b: Incineroar|1\n|-damage|p2b: Incineroar|0 fnt\n|-unboost|p1b: Sneasler|def|1\n|-unboost|p1b: Sneasler|spd|1\n|faint|p2b: Incineroar\n|move|p1a: Aerodactyl|Tailwind|p1a: Aerodactyl\n|-sidestart|p1: WaluigiVGC|move: Tailwind\n|move|p2a: Garchomp|Rock Slide|p1b: Sneasler|[spread] p1a,p1b\n|-supereffective|p1a: Aerodactyl|1\n|-resisted|p1b: Sneasler|1\n|-damage|p1a: Aerodactyl|39/100\n|-damage|p1b: Sneasler|76/100\n|\n|-weather|SunnyDay|[upkeep]\n|upkeep\n|\n|t:|1776284903\n|switch|p2b: Charizard|Charizard-Mega-Y, L50, M|100/100\n|turn|5\n|\n|t:|1776284921\n|move|p2b: Charizard|Protect|p2b: Charizard\n|-singleturn|p2b: Charizard|Protect\n|move|p1b: Sneasler|Close Combat|p2a: Garchomp\n|-damage|p2a: Garchomp|40/100\n|-unboost|p1b: Sneasler|def|1\n|-unboost|p1b: Sneasler|spd|1\n|-damage|p1b: Sneasler|64/100|[from] ability: Rough Skin|[of] p2a: Garchomp\n|move|p1a: Aerodactyl|Rock Slide|p2a: Garchomp|[spread] \n|-activate|p2b: Charizard|move: Protect\n|-miss|p1a: Aerodactyl|p2a: Garchomp\n|move|p2a: Garchomp|Dragon Claw|p1b: Sneasler\n|-damage|p1b: Sneasler|0 fnt\n|faint|p1b: Sneasler\n|\n|-weather|none\n|upkeep\n|\n|t:|1776284940\n|switch|p1b: Floette|Floette-Eternal, L50, F|100/100\n|turn|6\n|\n|t:|1776284949\n|detailschange|p1b: Floette|Floette-Mega, L50, F\n|-mega|p1b: Floette|Floette|Floettite\n|-ability|p1b: Floette|Fairy Aura\n|move|p1a: Aerodactyl|Rock Slide|p2a: Garchomp|[spread] p2b\n|-miss|p1a: Aerodactyl|p2a: Garchomp\n|-supereffective|p2b: Charizard|2\n|-damage|p2b: Charizard|25/100\n|move|p1b: Floette|Dazzling Gleam|p2b: Charizard|[spread] p2a,p2b\n|-supereffective|p2a: Garchomp|1\n|-resisted|p2b: Charizard|1\n|-damage|p2a: Garchomp|0 fnt\n|-damage|p2b: Charizard|0 fnt\n|faint|p2a: Garchomp\n|faint|p2b: Charizard\n|\n|win|WaluigiVGC\n|raw|WaluigiVGC's rating: 1194 &rarr; <strong>1215</strong><br />(+21 for winning)\n|raw|hiagop21's rating: 1141 &rarr; <strong>1120</strong><br />(-21 for losing)\n",
  "uploadtime": 1776284964,
  "views": 21,
  "formatid": "gen9championsvgc2026regma",
  "rating": 1120,
  "private": 0,
  "password": null
}