{
  "id": "gen9championsvgc2026regma-2580305861",
  "format": "[Gen 9 Champions] VGC 2026 Reg M-A",
  "players": [
    "swampizzoCARTI",
    "axiom88"
  ],
  "log": "|j|\u2606swampizzoCARTI\n|j|\u2606axiom88\n|t:|1775878342\n|gametype|doubles\n|player|p1|swampizzoCARTI|leon-masters2|\n|player|p2|axiom88|lucas|\n|gen|9\n|tier|[Gen 9 Champions] VGC 2026 Reg M-A\n|rated|Tournament battle\n|rule|Species Clause: Limit one of each Pok\u00e9mon\n|rule|Item Clause: Limit 1 of each item\n|clearpoke\n|poke|p1|Kingambit, L50, F|\n|poke|p1|Sneasler, L50, M|\n|poke|p1|Primarina, L50, M|\n|poke|p1|Aerodactyl, L50, F|\n|poke|p1|Sinistcha-Masterpiece, L50|\n|poke|p1|Corviknight, L50, M|\n|poke|p2|Torkoal, L50, F|\n|poke|p2|Clefable, L50, M|\n|poke|p2|Hatterene, L50, F|\n|poke|p2|Sneasler, L50, M|\n|poke|p2|Starmie, L50|\n|poke|p2|Froslass, L50, F|\n|teampreview|4\n|inactive|Battle timer is ON: inactive players will automatically lose when time's up. (requested by swampizzoCARTI)\n|j| twiggystix4014\n|j| 21Kieran\n|l| twiggystix4014\n|inactive|axiom88 has 60 seconds left.\n|\n|t:|1775878376\n|teamsize|p1|4\n|teamsize|p2|4\n|start\n|switch|p1a: Aerodactyl|Aerodactyl, L50, F|100/100\n|switch|p1b: Kingambit|Kingambit, L50, F|100/100\n|switch|p2a: Clefable|Clefable, L50, M|100/100\n|switch|p2b: Hatterene|Hatterene, L50, F|100/100\n|-ability|p1a: Aerodactyl|Pressure\n|turn|1\n|\n|t:|1775878392\n|detailschange|p1a: Aerodactyl|Aerodactyl-Mega, L50, F\n|-mega|p1a: Aerodactyl|Aerodactyl|Aerodactylite\n|move|p2a: Clefable|Follow Me|p2a: Clefable\n|-singleturn|p2a: Clefable|move: Follow Me\n|move|p1a: Aerodactyl|Rock Slide|p2a: Clefable|[spread] p2a,p2b\n|-damage|p2a: Clefable|61/100\n|-damage|p2b: Hatterene|64/100\n|move|p1b: Kingambit|Kowtow Cleave|p2a: Clefable\n|-resisted|p2a: Clefable|1\n|-damage|p2a: Clefable|29/100\n|move|p2b: Hatterene|Trick Room|p2b: Hatterene\n|-fieldstart|move: Trick Room|[of] p2b: Hatterene\n|\n|upkeep\n|turn|2\n|inactive|axiom88 has 30 seconds left.\n|\n|t:|1775878425\n|move|p2b: Hatterene|Dazzling Gleam|p1a: Aerodactyl|[spread] p1a,p1b\n|-damage|p1a: Aerodactyl|52/100\n|-damage|p1b: Kingambit|55/100\n|move|p2a: Clefable|Moonblast|p1b: Kingambit\n|-damage|p1b: Kingambit|13/100\n|move|p1b: Kingambit|Kowtow Cleave|p2b: Hatterene\n|-crit|p2b: Hatterene\n|-damage|p2b: Hatterene|0 fnt\n|faint|p2b: Hatterene\n|move|p1a: Aerodactyl|Rock Slide|p2a: Clefable|[miss]\n|-miss|p1a: Aerodactyl|p2a: Clefable\n|\n|upkeep\n|\n|t:|1775878436\n|switch|p2b: Torkoal|Torkoal, L50, F|100/100\n|-weather|SunnyDay|[from] ability: Drought|[of] p2b: Torkoal\n|turn|3\n|\n|t:|1775878447\n|move|p1b: Kingambit|Sucker Punch|p2b: Torkoal\n|-damage|p2b: Torkoal|61/100\n|move|p2b: Torkoal|Eruption|p1b: Kingambit|[spread] p1a,p1b\n|-resisted|p1a: Aerodactyl|1\n|-supereffective|p1b: Kingambit|1\n|-damage|p1a: Aerodactyl|21/100\n|-damage|p1b: Kingambit|0 fnt\n|faint|p1b: Kingambit\n|move|p2a: Clefable|Moonblast|p1a: Aerodactyl\n|-damage|p1a: Aerodactyl|0 fnt\n|faint|p1a: Aerodactyl\n|\n|-weather|SunnyDay|[upkeep]\n|upkeep\n|\n|t:|1775878452\n|switch|p1b: Sneasler|Sneasler, L50, M|100/100\n|switch|p1a: Primarina|Primarina, L50, M|100/100\n|turn|4\n|inactive|axiom88 has 30 seconds left.\n|\n|t:|1775878483\n|move|p1b: Sneasler|Fake Out|p2b: Torkoal\n|-damage|p2b: Torkoal|50/100\n|cant|p2b: Torkoal|flinch\n|move|p2a: Clefable|Shadow Ball|p1a: Primarina\n|-damage|p1a: Primarina|77/100\n|move|p1a: Primarina|Hyper Voice|p2b: Torkoal|[spread] p2a,p2b\n|-supereffective|p2b: Torkoal|1\n|-damage|p2a: Clefable|8/100\n|-damage|p2b: Torkoal|0 fnt\n|faint|p2b: Torkoal\n|\n|-weather|SunnyDay|[upkeep]\n|upkeep\n|\n|t:|1775878485\n|switch|p2b: Starmie|Starmie, L50|100/100\n|turn|5\n|\n|t:|1775878499\n|move|p2b: Starmie|Protect|p2b: Starmie\n|-singleturn|p2b: Starmie|Protect\n|move|p2a: Clefable|Moonblast|p1b: Sneasler\n|-damage|p1b: Sneasler|43/100\n|move|p1a: Primarina|Moonblast|p2b: Starmie\n|-activate|p2b: Starmie|move: Protect\n|move|p1b: Sneasler|Dire Claw|p2a: Clefable\n|-supereffective|p2a: Clefable|1\n|-damage|p2a: Clefable|0 fnt\n|faint|p2a: Clefable\n|\n|-weather|SunnyDay|[upkeep]\n|-fieldend|move: Trick Room\n|upkeep\n|turn|6\n|\n|t:|1775878516\n|detailschange|p2b: Starmie|Starmie-Mega, L50\n|-mega|p2b: Starmie|Starmie|Starminite\n|move|p1b: Sneasler|Dire Claw|p2b: Starmie\n|-damage|p2b: Starmie|50/100\n|move|p2b: Starmie|Psycho Cut|p1b: Sneasler\n|-supereffective|p1b: Sneasler|2\n|-crit|p1b: Sneasler\n|-damage|p1b: Sneasler|0 fnt\n|faint|p1b: Sneasler\n|move|p1a: Primarina|Moonblast|p2b: Starmie\n|-damage|p2b: Starmie|0 fnt\n|faint|p2b: Starmie\n|\n|win|swampizzoCARTI\n|n|\u2606swampizzoCARTI|swampizzocarti\n|n|\u2606axiom88|axiom88\n|n| 21Kieran|21kieran\n",
  "uploadtime": 1775878516,
  "views": 11,
  "formatid": "gen9championsvgc2026regma",
  "rating": null,
  "private": 0,
  "password": null
}