{
  "id": "gen9championsvgc2026regma-2587403497",
  "format": "[Gen 9 Champions] VGC 2026 Reg M-A",
  "players": [
    "Warehouse User",
    "Serenity S9"
  ],
  "log": "|j|\u2606Warehouse User\n|j|\u2606Serenity S9\n|t:|1776528940\n|gametype|doubles\n|player|p1|Warehouse User|170|1125\n|player|p2|Serenity S9|lucas|1148\n|gen|9\n|tier|[Gen 9 Champions] VGC 2026 Reg M-A\n|rated|\n|rule|Species Clause: Limit one of each Pok\u00e9mon\n|rule|Item Clause: Limit 1 of each item\n|clearpoke\n|poke|p1|Aegislash, L50, M|\n|poke|p1|Maushold-Four, L50|\n|poke|p1|Azumarill, L50, M|\n|poke|p1|Whimsicott, L50, M|\n|poke|p1|Beedrill, L50, F|\n|poke|p1|Castform, L50, F|\n|poke|p2|Froslass, L50, F|\n|poke|p2|Garchomp, L50, F|\n|poke|p2|Rotom-Frost, L50|\n|poke|p2|Empoleon, L50, F|\n|poke|p2|Incineroar, L50, M|\n|poke|p2|Kingambit, L50, M|\n|teampreview|4\n|inactive|Battle timer is ON: inactive players will automatically lose when time's up. (requested by Warehouse User)\n|\n|t:|1776528992\n|teamsize|p1|4\n|teamsize|p2|4\n|start\n|switch|p1a: Azumarill|Azumarill, L50, M|100/100\n|switch|p1b: Maushold|Maushold-Four, L50|100/100\n|switch|p2a: Froslass|Froslass, L50, F|100/100\n|switch|p2b: Rotom|Rotom-Frost, L50|100/100\n|turn|1\n|inactive|Warehouse User has 30 seconds left.\n|\n|t:|1776529018\n|detailschange|p2a: Froslass|Froslass-Mega, L50, F\n|-mega|p2a: Froslass|Froslass|Froslassite\n|-weather|Snowscape|[from] ability: Snow Warning|[of] p2a: Froslass\n|move|p1b: Maushold|Helping Hand|p1a: Azumarill\n|-singleturn|p1a: Azumarill|Helping Hand|[of] p1b: Maushold\n|move|p1a: Azumarill|Aqua Jet|p2a: Froslass\n|-damage|p2a: Froslass|55/100\n|move|p2b: Rotom|Volt Switch|p1a: Azumarill\n|-supereffective|p1a: Azumarill|1\n|-damage|p1a: Azumarill|49/100\n|-enditem|p1a: Azumarill|Sitrus Berry|[eat]\n|-heal|p1a: Azumarill|74/100|[from] item: Sitrus Berry\n|\n|t:|1776529042\n|switch|p2b: Incineroar|Incineroar, L50, M|100/100|[from] Volt Switch\n|-ability|p2b: Incineroar|Intimidate|boost\n|-unboost|p1a: Azumarill|atk|1\n|-unboost|p1b: Maushold|atk|1\n|move|p2a: Froslass|Blizzard|p1a: Azumarill|[spread] p1a,p1b\n|-resisted|p1a: Azumarill|1\n|-damage|p1a: Azumarill|55/100\n|-damage|p1b: Maushold|39/100\n|-status|p1a: Azumarill|frz\n|\n|-weather|Snowscape|[upkeep]\n|upkeep\n|turn|2\n|\n|t:|1776529052\n|switch|p1a: Aegislash|Aegislash, L50, M|100/100\n|move|p1b: Maushold|Protect|p1b: Maushold\n|-singleturn|p1b: Maushold|Protect\n|move|p2b: Incineroar|Fake Out|p1a: Aegislash\n|-immune|p1a: Aegislash\n|move|p2a: Froslass|Aurora Veil|p2a: Froslass\n|-sidestart|p2: Serenity S9|move: Aurora Veil\n|\n|-weather|Snowscape|[upkeep]\n|upkeep\n|turn|3\n|\n|t:|1776529073\n|move|p1b: Maushold|Helping Hand|p1a: Aegislash\n|-singleturn|p1a: Aegislash|Helping Hand|[of] p1b: Maushold\n|-formechange|p1a: Aegislash|Aegislash-Blade|\n|move|p1a: Aegislash|Shadow Sneak|p2a: Froslass\n|-supereffective|p2a: Froslass|1\n|-damage|p2a: Froslass|0 fnt\n|faint|p2a: Froslass\n|move|p2b: Incineroar|Flare Blitz|p1a: Aegislash\n|-supereffective|p1a: Aegislash|1\n|-damage|p1a: Aegislash|0 fnt\n|faint|p1a: Aegislash\n|-damage|p2b: Incineroar|73/100|[from] Recoil\n|\n|-weather|Snowscape|[upkeep]\n|upkeep\n|\n|t:|1776529087\n|switch|p2a: Rotom|Rotom-Frost, L50|100/100\n|switch|p1a: Azumarill|Azumarill, L50, M|55/100 frz\n|turn|4\n|\n|t:|1776529103\n|move|p1b: Maushold|Helping Hand|p1a: Azumarill\n|-singleturn|p1a: Azumarill|Helping Hand|[of] p1b: Maushold\n|cant|p1a: Azumarill|frz\n|move|p2a: Rotom|Thunderbolt|p1a: Azumarill\n|-supereffective|p1a: Azumarill|1\n|-damage|p1a: Azumarill|0 fnt\n|faint|p1a: Azumarill\n|move|p2b: Incineroar|Flare Blitz|p1b: Maushold\n|-damage|p1b: Maushold|0 fnt\n|faint|p1b: Maushold\n|-damage|p2b: Incineroar|63/100|[from] Recoil\n|\n|-weather|Snowscape|[upkeep]\n|upkeep\n|\n|t:|1776529120\n|switch|p1b: Whimsicott|Whimsicott, L50, M|100/100\n|turn|5\n|\n|t:|1776529140\n|move|p2a: Rotom|Thunderbolt|p1b: Whimsicott\n|-resisted|p1b: Whimsicott|1\n|-damage|p1b: Whimsicott|69/100\n|move|p1b: Whimsicott|Moonblast|p2b: Incineroar\n|-damage|p2b: Incineroar|40/100\n|-enditem|p2b: Incineroar|Sitrus Berry|[eat]\n|-heal|p2b: Incineroar|64/100|[from] item: Sitrus Berry\n|move|p2b: Incineroar|Flare Blitz|p1b: Whimsicott\n|-supereffective|p1b: Whimsicott|1\n|-damage|p1b: Whimsicott|0 fnt\n|faint|p1b: Whimsicott\n|-damage|p2b: Incineroar|49/100|[from] Recoil\n|\n|win|Serenity S9\n|raw|Warehouse User's rating: 1125 &rarr; <strong>1102</strong><br />(-23 for losing)\n|raw|Serenity S9's rating: 1148 &rarr; <strong>1171</strong><br />(+23 for winning)\n",
  "uploadtime": 1776529154,
  "views": 15,
  "formatid": "gen9championsvgc2026regma",
  "rating": 1102,
  "private": 0,
  "password": null
}