{
  "id": "gen9championsvgc2026regma-2581358718",
  "format": "[Gen 9 Champions] VGC 2026 Reg M-A",
  "players": [
    "ADV169",
    "Hi I Am Red Dead 2"
  ],
  "log": "|j|\u2606ADV169\n|j|\u2606Hi I Am Red Dead 2\n|t:|1775991352\n|gametype|doubles\n|player|p1|ADV169|lass-gen4|1094\n|player|p2|Hi I Am Red Dead 2|red|1106\n|gen|9\n|tier|[Gen 9 Champions] VGC 2026 Reg M-A\n|rated|\n|rule|Species Clause: Limit one of each Pok\u00e9mon\n|rule|Item Clause: Limit 1 of each item\n|clearpoke\n|poke|p1|Gardevoir, L50, M|\n|poke|p1|Orthworm, L50, M|\n|poke|p1|Whimsicott, L50, M|\n|poke|p1|Incineroar, L50, F|\n|poke|p1|Froslass, L50, F|\n|poke|p1|Rotom-Wash, L50|\n|poke|p2|Garchomp, L50, F|\n|poke|p2|Talonflame, L50, F|\n|poke|p2|Tyranitar, L50, F|\n|poke|p2|Sneasler, L50, M|\n|poke|p2|Rotom-Wash, L50|\n|poke|p2|Whimsicott, L50, M|\n|teampreview|4\n|inactive|Battle timer is ON: inactive players will automatically lose when time's up. (requested by Hi I Am Red Dead 2)\n|\n|t:|1775991383\n|teamsize|p1|4\n|teamsize|p2|4\n|start\n|switch|p1a: Shooty Mc shooty|Orthworm, L50, M|100/100\n|switch|p1b: Frosty|Froslass, L50, F, shiny|100/100\n|switch|p2a: Talonflame|Talonflame, L50, F|100/100\n|switch|p2b: Sneasler|Sneasler, L50, M|100/100\n|turn|1\n|inactive|ADV169 has 30 seconds left.\n|\n|t:|1775991415\n|switch|p1b: El Macho \u2642\ufe0f|Incineroar, L50, F|100/100\n|-ability|p1b: El Macho \u2642\ufe0f|Intimidate|boost\n|-unboost|p2a: Talonflame|atk|1\n|-unboost|p2b: Sneasler|atk|1\n|-enditem|p2b: Sneasler|White Herb\n|-clearnegativeboost|p2b: Sneasler|[silent]\n|move|p2b: Sneasler|Close Combat|p1a: Shooty Mc shooty\n|-supereffective|p1a: Shooty Mc shooty|1\n|-damage|p1a: Shooty Mc shooty|21/100\n|-unboost|p2b: Sneasler|def|1\n|-unboost|p2b: Sneasler|spd|1\n|move|p2a: Talonflame|Heat Wave|p1a: Shooty Mc shooty|[spread] p1b\n|-miss|p2a: Talonflame|p1a: Shooty Mc shooty\n|-resisted|p1b: El Macho \u2642\ufe0f|1\n|-damage|p1b: El Macho \u2642\ufe0f|91/100\n|move|p1a: Shooty Mc shooty|Earthquake|p2a: Talonflame|[spread] p1b,p2b\n|-immune|p2a: Talonflame\n|-supereffective|p1b: El Macho \u2642\ufe0f|1\n|-supereffective|p2b: Sneasler|1\n|-damage|p1b: El Macho \u2642\ufe0f|62/100\n|-damage|p2b: Sneasler|18/100\n|\n|-heal|p1a: Shooty Mc shooty|28/100|[from] item: Leftovers\n|upkeep\n|turn|2\n|inactive|ADV169 has 30 seconds left.\n|inactive|Hi I Am Red Dead 2 has 30 seconds left.\n|inactive|ADV169 has 20 seconds left.\n|inactive|ADV169 has 15 seconds left.\n|\n|t:|1775991458\n|move|p2b: Sneasler|Protect|p2b: Sneasler\n|-singleturn|p2b: Sneasler|Protect\n|move|p1b: El Macho \u2642\ufe0f|Fake Out|p2b: Sneasler\n|-activate|p2b: Sneasler|move: Protect\n|move|p2a: Talonflame|Heat Wave|p1a: Shooty Mc shooty|[spread] p1a,p1b\n|-supereffective|p1a: Shooty Mc shooty|1\n|-resisted|p1b: El Macho \u2642\ufe0f|1\n|-damage|p1a: Shooty Mc shooty|0 fnt\n|-damage|p1b: El Macho \u2642\ufe0f|52/100\n|faint|p1a: Shooty Mc shooty\n|\n|upkeep\n|\n|t:|1775991467\n|switch|p1a: Dish|Rotom-Wash, L50|100/100\n|turn|3\n|\n|t:|1775991474\n|move|p1b: El Macho \u2642\ufe0f|Protect|p1b: El Macho \u2642\ufe0f\n|-singleturn|p1b: El Macho \u2642\ufe0f|Protect\n|move|p2a: Talonflame|Tailwind|p2a: Talonflame\n|-sidestart|p2: Hi I Am Red Dead 2|move: Tailwind\n|move|p2b: Sneasler|Close Combat|p1b: El Macho \u2642\ufe0f\n|-activate|p1b: El Macho \u2642\ufe0f|move: Protect\n|move|p1a: Dish|Discharge|p2a: Talonflame|[spread] p2a,p2b\n|-activate|p1b: El Macho \u2642\ufe0f|move: Protect\n|-supereffective|p2a: Talonflame|1\n|-damage|p2a: Talonflame|28/100\n|-damage|p2b: Sneasler|0 fnt\n|-status|p2a: Talonflame|par\n|faint|p2b: Sneasler\n|\n|-heal|p2a: Talonflame|34/100 par|[from] item: Leftovers\n|upkeep\n|\n|t:|1775991489\n|switch|p2b: Tyranitar|Tyranitar, L50, F|100/100\n|-weather|Sandstorm|[from] ability: Sand Stream|[of] p2b: Tyranitar\n|turn|4\n|\n|t:|1775991504\n|switch|p2a: Rotom|Rotom-Wash, L50|100/100\n|move|p2b: Tyranitar|Rock Slide|p1b: El Macho \u2642\ufe0f|[spread] p1a,p1b\n|-supereffective|p1b: El Macho \u2642\ufe0f|1\n|-damage|p1a: Dish|74/100\n|-damage|p1b: El Macho \u2642\ufe0f|6/100\n|move|p1a: Dish|Hydro Pump|p2b: Tyranitar\n|-supereffective|p2b: Tyranitar|1\n|-damage|p2b: Tyranitar|51/100\n|move|p1b: El Macho \u2642\ufe0f|Parting Shot|p2b: Tyranitar\n|-unboost|p2b: Tyranitar|atk|1\n|-unboost|p2b: Tyranitar|spa|1\n|\n|t:|1775991519\n|switch|p1b: Frosty|Froslass, L50, F, shiny|100/100|[from] Parting Shot\n|\n|-weather|Sandstorm|[upkeep]\n|-damage|p2a: Rotom|95/100|[from] Sandstorm\n|-damage|p1b: Frosty|95/100|[from] Sandstorm\n|-damage|p1a: Dish|68/100|[from] Sandstorm\n|upkeep\n|turn|5\n|\n|t:|1775991532\n|switch|p2b: Talonflame|Talonflame, L50, F|34/100 par\n|detailschange|p1b: Frosty|Froslass-Mega, L50, F, shiny\n|-mega|p1b: Frosty|Froslass|Froslassite\n|-weather|Snowscape|[from] ability: Snow Warning|[of] p1b: Frosty\n|move|p1a: Dish|Protect|p1a: Dish\n|-singleturn|p1a: Dish|Protect\n|move|p2a: Rotom|Volt Switch|p1b: Frosty\n|-damage|p1b: Frosty|65/100\n|\n|t:|1775991543\n|switch|p2a: Tyranitar|Tyranitar, L50, F|51/100|[from] Volt Switch\n|-weather|Sandstorm|[from] ability: Sand Stream|[of] p2a: Tyranitar\n|move|p1b: Frosty|Aurora Veil||[still]\n|-fail|p1b: Frosty\n|\n|-weather|Sandstorm|[upkeep]\n|-damage|p2b: Talonflame|28/100 par|[from] Sandstorm\n|-damage|p1b: Frosty|60/100|[from] Sandstorm\n|-damage|p1a: Dish|62/100|[from] Sandstorm\n|-heal|p2b: Talonflame|34/100 par|[from] item: Leftovers\n|upkeep\n|turn|6\n|\n|t:|1775991559\n|switch|p1b: El Macho \u2642\ufe0f|Incineroar, L50, F|6/100\n|-ability|p1b: El Macho \u2642\ufe0f|Intimidate|boost\n|-unboost|p2a: Tyranitar|atk|1\n|-unboost|p2b: Talonflame|atk|1\n|move|p2b: Talonflame|U-turn|p1b: El Macho \u2642\ufe0f\n|-damage|p1b: El Macho \u2642\ufe0f|0 fnt\n|faint|p1b: El Macho \u2642\ufe0f\n|\n|t:|1775991567\n|switch|p2b: Rotom|Rotom-Wash, L50|95/100|[from] U-turn\n|move|p2a: Tyranitar|Rock Slide|p1a: Dish\n|-damage|p1a: Dish|36/100\n|move|p1a: Dish|Hydro Pump|p2a: Tyranitar|[miss]\n|-miss|p1a: Dish|p2a: Tyranitar\n|\n|-weather|Sandstorm|[upkeep]\n|-damage|p2b: Rotom|89/100|[from] Sandstorm\n|-damage|p1a: Dish|30/100|[from] Sandstorm\n|-sideend|p2: Hi I Am Red Dead 2|move: Tailwind\n|upkeep\n|\n|t:|1775991572\n|switch|p1b: Frosty|Froslass-Mega, L50, F, shiny|60/100\n|-weather|Snowscape|[from] ability: Snow Warning|[of] p1b: Frosty\n|turn|7\n|\n|t:|1775991582\n|move|p1a: Dish|Protect|p1a: Dish\n|-singleturn|p1a: Dish|Protect\n|move|p1b: Frosty|Aurora Veil|p1b: Frosty\n|-sidestart|p1: ADV169|move: Aurora Veil\n|move|p2b: Rotom|Volt Switch|p1b: Frosty\n|-damage|p1b: Frosty|39/100\n|\n|t:|1775991589\n|switch|p2b: Talonflame|Talonflame, L50, F|34/100 par|[from] Volt Switch\n|move|p2a: Tyranitar|Knock Off|p1b: Frosty\n|-supereffective|p1b: Frosty|1\n|-damage|p1b: Frosty|8/100\n|\n|-weather|Snowscape|[upkeep]\n|-heal|p2b: Talonflame|40/100 par|[from] item: Leftovers\n|upkeep\n|turn|8\n|\n|t:|1775991606\n|switch|p2a: Rotom|Rotom-Wash, L50|89/100\n|move|p1b: Frosty|Destiny Bond|p1b: Frosty\n|-singlemove|p1b: Frosty|Destiny Bond\n|move|p1a: Dish|Hydro Pump|p2a: Rotom|[miss]\n|-miss|p1a: Dish|p2a: Rotom\n|move|p2b: Talonflame|Tailwind|p2b: Talonflame\n|-sidestart|p2: Hi I Am Red Dead 2|move: Tailwind\n|\n|-weather|Snowscape|[upkeep]\n|-heal|p2b: Talonflame|46/100 par|[from] item: Leftovers\n|upkeep\n|turn|9\n|inactive|ADV169 has 30 seconds left.\n|\n|t:|1775991631\n|move|p2a: Rotom|Volt Switch|p1a: Dish\n|-damage|p1a: Dish|11/100\n|\n|t:|1775991635\n|switch|p2a: Tyranitar|Tyranitar, L50, F|51/100|[from] Volt Switch\n|-weather|Sandstorm|[from] ability: Sand Stream|[of] p2a: Tyranitar\n|move|p2b: Talonflame|U-turn|p1a: Dish\n|-damage|p1a: Dish|2/100\n|\n|t:|1775991642\n|switch|p2b: Rotom|Rotom-Wash, L50|89/100|[from] U-turn\n|move|p1b: Frosty|Blizzard|p2a: Tyranitar|[spread] p2a,p2b\n|-resisted|p2b: Rotom|1\n|-damage|p2a: Tyranitar|32/100\n|-damage|p2b: Rotom|65/100\n|move|p1a: Dish|Volt Switch|p2a: Tyranitar\n|-damage|p2a: Tyranitar|18/100\n|\n|-weather|Sandstorm|[upkeep]\n|-damage|p2b: Rotom|59/100|[from] Sandstorm\n|-damage|p1b: Frosty|2/100|[from] Sandstorm\n|-damage|p1a: Dish|0 fnt|[from] Sandstorm\n|faint|p1a: Dish\n|upkeep\n|turn|10\n|\n|t:|1775991654\n|move|p2b: Rotom|Protect|p2b: Rotom\n|-singleturn|p2b: Rotom|Protect\n|move|p2a: Tyranitar|Protect|p2a: Tyranitar\n|-singleturn|p2a: Tyranitar|Protect\n|move|p1b: Frosty|Destiny Bond|p1b: Frosty\n|-singlemove|p1b: Frosty|Destiny Bond\n|\n|-weather|Sandstorm|[upkeep]\n|-damage|p2b: Rotom|53/100|[from] Sandstorm\n|-damage|p1b: Frosty|0 fnt|[from] Sandstorm\n|faint|p1b: Frosty\n|\n|win|Hi I Am Red Dead 2\n|raw|ADV169's rating: 1094 &rarr; <strong>1071</strong><br />(-23 for losing)\n|raw|Hi I Am Red Dead 2's rating: 1106 &rarr; <strong>1130</strong><br />(+24 for winning)\n|l|\u2606ADV169\n|player|p1|\n",
  "uploadtime": 1775991673,
  "views": 30,
  "formatid": "gen9championsvgc2026regma",
  "rating": 1071,
  "private": 0,
  "password": null
}