{
  "id": "gen9championsvgc2026regma-2583740325",
  "format": "[Gen 9 Champions] VGC 2026 Reg M-A",
  "players": [
    "kingcoleman",
    "TGinge"
  ],
  "log": "|j|\u2606kingcoleman\n|j|\u2606TGinge\n|t:|1776194480\n|gametype|doubles\n|player|p1|kingcoleman|miku-water|1239\n|player|p2|TGinge|rocketgrunt|1259\n|gen|9\n|tier|[Gen 9 Champions] VGC 2026 Reg M-A\n|rated|\n|rule|Species Clause: Limit one of each Pok\u00e9mon\n|rule|Item Clause: Limit 1 of each item\n|clearpoke\n|poke|p1|Scovillain, L50, F|\n|poke|p1|Primarina, L50, M|\n|poke|p1|Tyranitar, L50, F|\n|poke|p1|Farigiraf, L50, M|\n|poke|p1|Excadrill, L50, M|\n|poke|p1|Sneasler, L50, M|\n|poke|p2|Chandelure, L50, F|\n|poke|p2|Hydrapple, L50, F|\n|poke|p2|Whimsicott, L50, M|\n|poke|p2|Incineroar, L50, F|\n|poke|p2|Basculegion, L50, M|\n|poke|p2|Kingambit, L50, M|\n|teampreview|4\n|inactive|Battle timer is ON: inactive players will automatically lose when time's up. (requested by TGinge)\n|inactive|kingcoleman has 60 seconds left.\n|inactive|TGinge has 60 seconds left.\n|\n|t:|1776194529\n|teamsize|p1|4\n|teamsize|p2|4\n|start\n|switch|p1a: Scovillain|Scovillain, L50, F|100/100\n|switch|p1b: Sneasler|Sneasler, L50, M|100/100\n|switch|p2a: Whimsicott|Whimsicott, L50, M|100/100\n|switch|p2b: Basculegion|Basculegion, L50, M|100/100\n|turn|1\n|\n|t:|1776194543\n|switch|p2b: Chandelure|Chandelure, L50, F|100/100\n|detailschange|p1a: Scovillain|Scovillain-Mega, L50, F\n|-mega|p1a: Scovillain|Scovillain|Scovillainite\n|move|p1b: Sneasler|Dire Claw|p2a: Whimsicott\n|-supereffective|p2a: Whimsicott|2\n|-enditem|p2a: Whimsicott|Focus Sash\n|-damage|p2a: Whimsicott|1/100\n|move|p1a: Scovillain|Flamethrower|p2a: Whimsicott\n|-supereffective|p2a: Whimsicott|1\n|-damage|p2a: Whimsicott|0 fnt\n|faint|p2a: Whimsicott\n|\n|upkeep\n|\n|t:|1776194558\n|switch|p2a: Kingambit|Kingambit, L50, M|100/100\n|turn|2\n|\n|t:|1776194579\n|detailschange|p2b: Chandelure|Chandelure-Mega, L50, F\n|-mega|p2b: Chandelure|Chandelure|Chandelurite\n|move|p1b: Sneasler|Protect|p1b: Sneasler\n|-singleturn|p1b: Sneasler|Protect\n|move|p2a: Kingambit|Protect|p2a: Kingambit\n|-singleturn|p2a: Kingambit|Protect\n|move|p2b: Chandelure|Heat Wave|p1b: Sneasler|[spread] p1a\n|-activate|p1b: Sneasler|move: Protect\n|-damage|p1a: Scovillain|49/100\n|-immune|p2b: Chandelure\n|move|p1a: Scovillain|Spicy Extract|p2b: Chandelure\n|-boost|p2b: Chandelure|atk|2\n|-unboost|p2b: Chandelure|def|2\n|\n|upkeep\n|turn|3\n|inactive|kingcoleman has 30 seconds left.\n|\n|t:|1776194606\n|switch|p1b: Primarina|Primarina, L50, M|100/100\n|switch|p1a: Tyranitar|Tyranitar, L50, F|100/100\n|-weather|Sandstorm|[from] ability: Sand Stream|[of] p1a: Tyranitar\n|switch|p2a: Basculegion|Basculegion, L50, M|100/100\n|move|p2b: Chandelure|Heat Wave|p1a: Tyranitar|[spread] p1a,p1b\n|-resisted|p1a: Tyranitar|1\n|-resisted|p1b: Primarina|1\n|-damage|p1a: Tyranitar|86/100\n|-damage|p1b: Primarina|80/100\n|\n|-weather|Sandstorm|[upkeep]\n|-damage|p2a: Basculegion|94/100|[from] Sandstorm\n|-damage|p2b: Chandelure|94/100|[from] Sandstorm\n|-damage|p1b: Primarina|74/100|[from] Sandstorm\n|upkeep\n|turn|4\n|inactive|TGinge has 30 seconds left.\n|inactive|kingcoleman has 30 seconds left.\n|inactive|TGinge has 20 seconds left.\n|inactive|kingcoleman has 20 seconds left.\n|inactive|kingcoleman has 15 seconds left.\n|inactive|TGinge has 15 seconds left.\n|\n|t:|1776194661\n|move|p2b: Chandelure|Protect|p2b: Chandelure\n|-singleturn|p2b: Chandelure|Protect\n|move|p2a: Basculegion|Last Respects|p1b: Primarina\n|-damage|p1b: Primarina|0 fnt\n|faint|p1b: Primarina\n|move|p1a: Tyranitar|Rock Slide|p2a: Basculegion|[spread] p2a\n|-activate|p2b: Chandelure|move: Protect\n|-damage|p2a: Basculegion|56/100\n|\n|-weather|Sandstorm|[upkeep]\n|-damage|p2a: Basculegion|50/100|[from] Sandstorm\n|-damage|p2b: Chandelure|88/100|[from] Sandstorm\n|upkeep\n|\n|t:|1776194671\n|switch|p1b: Scovillain|Scovillain-Mega, L50, F|49/100\n|turn|5\n|\n|t:|1776194692\n|switch|p2a: Kingambit|Kingambit, L50, M|100/100\n|move|p2b: Chandelure|Flamethrower|p1b: Scovillain\n|-damage|p1b: Scovillain|0 fnt\n|-immune|p2b: Chandelure\n|faint|p1b: Scovillain\n|move|p1a: Tyranitar|Crunch|p2b: Chandelure\n|-supereffective|p2b: Chandelure|1\n|-crit|p2b: Chandelure\n|-damage|p2b: Chandelure|0 fnt\n|faint|p2b: Chandelure\n|\n|-weather|Sandstorm|[upkeep]\n|upkeep\n|\n|t:|1776194696\n|switch|p2b: Basculegion|Basculegion, L50, M|50/100\n|switch|p1b: Sneasler|Sneasler, L50, M|100/100\n|turn|6\n|\n|t:|1776194707\n|move|p1b: Sneasler|Protect|p1b: Sneasler\n|-singleturn|p1b: Sneasler|Protect\n|move|p2b: Basculegion|Last Respects|p1b: Sneasler\n|-activate|p1b: Sneasler|move: Protect\n|move|p1a: Tyranitar|Crunch|p2b: Basculegion\n|-supereffective|p2b: Basculegion|1\n|-damage|p2b: Basculegion|0 fnt\n|faint|p2b: Basculegion\n|move|p2a: Kingambit|Low Kick|p1a: Tyranitar\n|-supereffective|p1a: Tyranitar|2\n|-damage|p1a: Tyranitar|0 fnt\n|faint|p1a: Tyranitar\n|\n|-weather|Sandstorm|[upkeep]\n|-damage|p1b: Sneasler|95/100|[from] Sandstorm\n|upkeep\n|turn|7\n|\n|t:|1776194716\n|move|p1b: Sneasler|Close Combat|p2a: Kingambit\n|-supereffective|p2a: Kingambit|2\n|-enditem|p2a: Kingambit|Chople Berry|[eat]\n|-enditem|p2a: Kingambit|Chople Berry|[weaken]\n|-damage|p2a: Kingambit|1/100\n|-unboost|p1b: Sneasler|def|1\n|-unboost|p1b: Sneasler|spd|1\n|-enditem|p1b: Sneasler|White Herb\n|-clearnegativeboost|p1b: Sneasler|[silent]\n|move|p2a: Kingambit|Kowtow Cleave|p1b: Sneasler\n|-resisted|p1b: Sneasler|1\n|-damage|p1b: Sneasler|51/100\n|\n|-weather|none\n|upkeep\n|turn|8\n|\n|t:|1776194730\n|move|p2a: Kingambit|Protect|p2a: Kingambit\n|-singleturn|p2a: Kingambit|Protect\n|move|p1b: Sneasler|Close Combat|p2a: Kingambit\n|-activate|p2a: Kingambit|move: Protect\n|\n|upkeep\n|turn|9\n|\n|t:|1776194734\n|move|p2a: Kingambit|Sucker Punch|p1b: Sneasler\n|-resisted|p1b: Sneasler|1\n|-damage|p1b: Sneasler|17/100\n|move|p1b: Sneasler|Close Combat|p2a: Kingambit\n|-supereffective|p2a: Kingambit|2\n|-damage|p2a: Kingambit|0 fnt\n|-unboost|p1b: Sneasler|def|1\n|-unboost|p1b: Sneasler|spd|1\n|faint|p2a: Kingambit\n|\n|win|kingcoleman\n|raw|kingcoleman's rating: 1239 &rarr; <strong>1265</strong><br />(+26 for winning)\n|raw|TGinge's rating: 1259 &rarr; <strong>1233</strong><br />(-26 for losing)\n",
  "uploadtime": 1776194737,
  "views": 24,
  "formatid": "gen9championsvgc2026regma",
  "rating": 1233,
  "private": 0,
  "password": null
}