{
  "id": "gen9championsvgc2026regma-2586120651",
  "format": "[Gen 9 Champions] VGC 2026 Reg M-A",
  "players": [
    "Noirstar",
    "Regashi28"
  ],
  "log": "|j|\u2606Noirstar\n|j|\u2606Regashi28\n|t:|1776401463\n|gametype|doubles\n|player|p1|Noirstar|roxie|1000\n|player|p2|Regashi28|2|1045\n|gen|9\n|tier|[Gen 9 Champions] VGC 2026 Reg M-A\n|rated|\n|rule|Species Clause: Limit one of each Pok\u00e9mon\n|rule|Item Clause: Limit 1 of each item\n|clearpoke\n|poke|p1|Meowscarada, L50, F|\n|poke|p1|Sneasler, L50, F|\n|poke|p1|Sableye, L50, M|\n|poke|p1|Goodra-Hisui, L50, F|\n|poke|p1|Lopunny, L50, F|\n|poke|p1|Primarina, L50, F|\n|poke|p2|Pelipper, L50, F|\n|poke|p2|Dragonite, L50, M|\n|poke|p2|Archaludon, L50, M|\n|poke|p2|Basculegion, L50, M|\n|poke|p2|Sneasler, L50, M|\n|poke|p2|Rotom-Heat, L50|\n|teampreview|4\n|inactive|Battle timer is ON: inactive players will automatically lose when time's up. (requested by Regashi28)\n|\n|t:|1776401483\n|teamsize|p1|4\n|teamsize|p2|4\n|start\n|switch|p1a: Bronze Kneecap|Sableye, L50, M, shiny|100/100\n|switch|p1b: Elphelt|Lopunny, L50, F, shiny|100/100\n|switch|p2a: Pelipper|Pelipper, L50, F|100/100\n|switch|p2b: Archaludon|Archaludon, L50, M|100/100\n|-weather|RainDance|[from] ability: Drizzle|[of] p2a: Pelipper\n|turn|1\n|inactive|Noirstar has 30 seconds left.\n|\n|t:|1776401508\n|move|p1b: Elphelt|Fake Out|p2a: Pelipper\n|-damage|p2a: Pelipper|80/100\n|move|p1a: Bronze Kneecap|Thunder Wave|p2b: Archaludon\n|-status|p2b: Archaludon|par\n|cant|p2a: Pelipper|flinch\n|move|p2b: Archaludon|Electro Shot||[still]\n|-prepare|p2b: Archaludon|Electro Shot\n|-boost|p2b: Archaludon|spa|1\n|-anim|p2b: Archaludon|Electro Shot|p1a: Bronze Kneecap\n|-damage|p1a: Bronze Kneecap|21/100\n|\n|-weather|RainDance|[upkeep]\n|upkeep\n|turn|2\n|inactive|Noirstar has 30 seconds left.\n|inactive|Noirstar has 20 seconds left.\n|c|\u2606Regashi28|ngl i wouldve name these pokemon the same way\n|inactive|Noirstar has 15 seconds left.\n|c|\u2606Noirstar|Based\n|inactive|Noirstar has 10 seconds left.\n|\n|t:|1776401558\n|detailschange|p1b: Elphelt|Lopunny-Mega, L50, F, shiny\n|-mega|p1b: Elphelt|Lopunny|Lopunnite\n|move|p1a: Bronze Kneecap|Thunder Wave|p2a: Pelipper\n|-status|p2a: Pelipper|par\n|move|p1b: Elphelt|Close Combat|p2b: Archaludon\n|-supereffective|p2b: Archaludon|1\n|-damage|p2b: Archaludon|0 fnt\n|-unboost|p1b: Elphelt|def|1\n|-unboost|p1b: Elphelt|spd|1\n|faint|p2b: Archaludon\n|cant|p2a: Pelipper|par\n|\n|-weather|RainDance|[upkeep]\n|upkeep\n|\n|t:|1776401569\n|switch|p2b: Basculegion|Basculegion, L50, M|100/100\n|turn|3\n|\n|t:|1776401579\n|move|p2b: Basculegion|Aqua Jet|p1a: Bronze Kneecap|[miss]\n|-miss|p2b: Basculegion|p1a: Bronze Kneecap\n|move|p1a: Bronze Kneecap|Thunder Wave|p2b: Basculegion\n|-status|p2b: Basculegion|par\n|move|p1b: Elphelt|Close Combat|p2a: Pelipper\n|-resisted|p2a: Pelipper|1\n|-damage|p2a: Pelipper|36/100 par\n|-unboost|p1b: Elphelt|def|1\n|-unboost|p1b: Elphelt|spd|1\n|move|p2a: Pelipper|Hurricane|p1b: Elphelt\n|-supereffective|p1b: Elphelt|1\n|-damage|p1b: Elphelt|0 fnt\n|faint|p1b: Elphelt\n|\n|-weather|RainDance|[upkeep]\n|upkeep\n|\n|t:|1776401594\n|switch|p1b: Arcuied|Sneasler, L50, F, shiny|100/100\n|turn|4\n|\n|t:|1776401609\n|move|p2b: Basculegion|Aqua Jet|p1a: Bronze Kneecap\n|-damage|p1a: Bronze Kneecap|0 fnt\n|faint|p1a: Bronze Kneecap\n|move|p1b: Arcuied|Dire Claw|p2b: Basculegion\n|-resisted|p2b: Basculegion|1\n|-damage|p2b: Basculegion|76/100 par\n|move|p2a: Pelipper|Hurricane|p1b: Arcuied\n|-supereffective|p1b: Arcuied|1\n|-damage|p1b: Arcuied|0 fnt\n|faint|p1b: Arcuied\n|\n|-weather|RainDance|[upkeep]\n|upkeep\n|inactive|Noirstar has 30 seconds left.\n|\n|t:|1776401643\n|switch|p1b: Primarina|Primarina, L50, F, shiny|100/100\n|turn|5\n|\n|t:|1776401653\n|cant|p2b: Basculegion|par\n|move|p1b: Primarina|Calm Mind|p1b: Primarina\n|-boost|p1b: Primarina|spa|1\n|-boost|p1b: Primarina|spd|1\n|move|p2a: Pelipper|Hurricane|p1b: Primarina\n|-damage|p1b: Primarina|74/100\n|\n|-weather|none\n|upkeep\n|turn|6\n|\n|t:|1776401666\n|move|p2b: Basculegion|Aqua Jet|p1b: Primarina\n|-resisted|p1b: Primarina|1\n|-damage|p1b: Primarina|58/100\n|move|p1b: Primarina|Draining Kiss|p2b: Basculegion\n|-damage|p2b: Basculegion|22/100 par\n|-heal|p1b: Primarina|100/100|[from] drain|[of] p2b: Basculegion\n|move|p2a: Pelipper|Hurricane|p1b: Primarina\n|-damage|p1b: Primarina|72/100\n|\n|upkeep\n|turn|7\n|\n|t:|1776401682\n|move|p2b: Basculegion|Aqua Jet|p1b: Primarina\n|-resisted|p1b: Primarina|1\n|-damage|p1b: Primarina|57/100\n|move|p1b: Primarina|Draining Kiss|p2a: Pelipper\n|-damage|p2a: Pelipper|0 fnt\n|-heal|p1b: Primarina|80/100|[from] drain|[of] p2a: Pelipper\n|faint|p2a: Pelipper\n|\n|upkeep\n|\n|t:|1776401690\n|switch|p2a: Dragonite|Dragonite, L50, M, shiny|100/100\n|turn|8\n|\n|t:|1776401698\n|detailschange|p2a: Dragonite|Dragonite-Mega, L50, M, shiny\n|-mega|p2a: Dragonite|Dragonite|Dragoninite\n|move|p2b: Basculegion|Aqua Jet|p1b: Primarina\n|-resisted|p1b: Primarina|1\n|-damage|p1b: Primarina|65/100\n|move|p2a: Dragonite|Thunder|p1b: Primarina|[miss]\n|-miss|p2a: Dragonite|p1b: Primarina\n|move|p1b: Primarina|Draining Kiss|p2a: Dragonite\n|-supereffective|p2a: Dragonite|1\n|-damage|p2a: Dragonite|59/100\n|-heal|p1b: Primarina|99/100|[from] drain|[of] p2a: Dragonite\n|\n|upkeep\n|turn|9\n|\n|t:|1776401712\n|cant|p2b: Basculegion|par\n|move|p2a: Dragonite|Thunder|p1b: Primarina\n|-supereffective|p1b: Primarina|1\n|-damage|p1b: Primarina|48/100\n|move|p1b: Primarina|Draining Kiss|p2a: Dragonite\n|-supereffective|p2a: Dragonite|1\n|-damage|p2a: Dragonite|0 fnt\n|-heal|p1b: Primarina|95/100|[from] drain|[of] p2a: Dragonite\n|faint|p2a: Dragonite\n|\n|upkeep\n|turn|10\n|-message|Regashi28 forfeited.\n|\n|win|Noirstar\n|raw|Noirstar's rating: 1000 &rarr; <strong>1045</strong><br />(+45 for winning)\n|raw|Regashi28's rating: 1045 &rarr; <strong>1026</strong><br />(-19 for losing)\n|l|\u2606Regashi28\n|player|p2|\n",
  "uploadtime": 1776401724,
  "views": 19,
  "formatid": "gen9championsvgc2026regma",
  "rating": 1026,
  "private": 0,
  "password": null
}