{
  "id": "gen9championsvgc2026regma-2583547239",
  "format": "[Gen 9 Champions] VGC 2026 Reg M-A",
  "players": [
    "firebird97631",
    "silvrvolt"
  ],
  "log": "|j|\u2606firebird97631\n|j|\u2606silvrvolt\n|html|<table width=\"100%\"><tr><td align=\"left\">firebird97631</td><td align=\"right\">silvrvolt</tr><tr><td align=\"left\"><i class=\"fa fa-circle-o\"></i> <i class=\"fa fa-circle-o\"></i> </td><td align=\"right\"><i class=\"fa fa-circle-o\"></i> <i class=\"fa fa-circle-o\"></i> </tr></table>\n|uhtml|bestof|<h2><strong>Game 1</strong> of <a href=\"/game-bestof3-gen9championsvgc2026regma-2583547237\">a best-of-3</a></h2>\n|t:|1776182530\n|gametype|doubles\n|player|p1|firebird97631|169|\n|player|p2|silvrvolt|2|\n|gen|9\n|tier|[Gen 9 Champions] VGC 2026 Reg M-A\n|rule|Species Clause: Limit one of each Pok\u00e9mon\n|rule|Item Clause: Limit 1 of each item\n|raw|<div class=\"infobox\"><details class=\"readmore\" open><summary><strong>1 custom rule:</strong></summary> Best of = 3</details></div>\n|clearpoke\n|poke|p1|Delphox, L50, F|\n|poke|p1|Incineroar, L50, F|\n|poke|p1|Dragonite, L50, M|\n|poke|p1|Whimsicott, L50, M|\n|poke|p1|Flapple, L50, F|\n|poke|p1|Blastoise, L50, M|\n|poke|p2|Serperior, L50, F|\n|poke|p2|Gliscor, L50, F|\n|poke|p2|Charizard, L50, F|\n|poke|p2|Azumarill, L50, F|\n|poke|p2|Archaludon, L50, F|\n|poke|p2|Raichu, L50, F|\n|teampreview|4\n|\n|t:|1776182559\n|teamsize|p1|4\n|teamsize|p2|4\n|start\n|switch|p1a: Whimsicott|Whimsicott, L50, M, shiny|100/100\n|switch|p1b: Blastoise|Blastoise, L50, M|100/100\n|switch|p2a: Serperior|Serperior, L50, F|100/100\n|switch|p2b: Archaludon|Archaludon, L50, F, shiny|100/100\n|turn|1\n|\n|t:|1776182586\n|switch|p1a: Delphox|Delphox, L50, F, shiny|100/100\n|move|p2a: Serperior|Leech Seed|p1b: Blastoise\n|-start|p1b: Blastoise|move: Leech Seed\n|move|p2b: Archaludon|Iron Defense|p2b: Archaludon\n|-boost|p2b: Archaludon|def|2\n|move|p1b: Blastoise|Aura Sphere|p2b: Archaludon\n|-supereffective|p2b: Archaludon|1\n|-damage|p2b: Archaludon|57/100\n|-ability|p2b: Archaludon|Stamina|boost\n|-boost|p2b: Archaludon|def|1\n|\n|-damage|p1b: Blastoise|88/100|[from] Leech Seed|[of] p2a: Serperior\n|upkeep\n|turn|2\n|\n|t:|1776182608\n|switch|p1b: Whimsicott|Whimsicott, L50, M, shiny|100/100\n|detailschange|p1a: Delphox|Delphox-Mega, L50, F, shiny\n|-mega|p1a: Delphox|Delphox|Delphoxite\n|move|p1a: Delphox|Heat Wave|p2b: Archaludon|[spread] p2a,p2b\n|-supereffective|p2a: Serperior|1\n|-damage|p2a: Serperior|14/100\n|-damage|p2b: Archaludon|10/100\n|-status|p2a: Serperior|brn\n|-ability|p2b: Archaludon|Stamina|boost\n|-boost|p2b: Archaludon|def|1\n|move|p2a: Serperior|Leaf Storm|p1b: Whimsicott\n|-resisted|p1b: Whimsicott|1\n|-crit|p1b: Whimsicott\n|-damage|p1b: Whimsicott|52/100\n|-boost|p2a: Serperior|spa|2\n|move|p2b: Archaludon|Dragon Tail|p1a: Delphox\n|-damage|p1a: Delphox|70/100\n|drag|p1a: Flapple|Flapple, L50, F, shiny|100/100\n|\n|-heal|p2a: Serperior|20/100 brn|[from] item: Leftovers\n|-damage|p2a: Serperior|14/100 brn|[from] brn\n|upkeep\n|turn|3\n|\n|t:|1776182640\n|move|p1b: Whimsicott|Tailwind|p1b: Whimsicott\n|-sidestart|p1: firebird97631|move: Tailwind\n|move|p1a: Flapple|U-turn|p2a: Serperior\n|-supereffective|p2a: Serperior|1\n|-damage|p2a: Serperior|0 fnt\n|faint|p2a: Serperior\n|\n|t:|1776182649\n|switch|p1a: Blastoise|Blastoise, L50, M|88/100|[from] U-turn\n|move|p2b: Archaludon|Draco Meteor|p1a: Blastoise\n|-damage|p1a: Blastoise|28/100\n|-unboost|p2b: Archaludon|spa|2\n|\n|upkeep\n|\n|t:|1776182658\n|switch|p2a: Azumarill|Azumarill, L50, F, shiny|100/100\n|turn|4\n|\n|t:|1776182672\n|move|p1b: Whimsicott|Helping Hand|p1a: Blastoise\n|-singleturn|p1a: Blastoise|Helping Hand|[of] p1b: Whimsicott\n|move|p2a: Azumarill|Aqua Jet|p1a: Blastoise\n|-resisted|p1a: Blastoise|1\n|-damage|p1a: Blastoise|15/100\n|move|p1a: Blastoise|Surf|p2a: Azumarill|[spread] p1b,p2a,p2b\n|-resisted|p1b: Whimsicott|1\n|-resisted|p2a: Azumarill|1\n|-resisted|p2b: Archaludon|1\n|-damage|p1b: Whimsicott|11/100\n|-damage|p2a: Azumarill|63/100\n|-damage|p2b: Archaludon|0 fnt\n|faint|p2b: Archaludon\n|\n|upkeep\n|\n|t:|1776182683\n|switch|p2b: Charizard|Charizard, L50, F|100/100\n|turn|5\n|\n|t:|1776182699\n|detailschange|p2b: Charizard|Charizard-Mega-Y, L50, F\n|-mega|p2b: Charizard|Charizard|Charizardite Y\n|-weather|SunnyDay|[from] ability: Drought|[of] p2b: Charizard\n|move|p1b: Whimsicott|Protect|p1b: Whimsicott\n|-singleturn|p1b: Whimsicott|Protect\n|move|p1a: Blastoise|Surf|p2a: Azumarill|[spread] p2a,p2b\n|-activate|p1b: Whimsicott|move: Protect\n|-resisted|p2a: Azumarill|1\n|-supereffective|p2b: Charizard|1\n|-damage|p2a: Azumarill|51/100\n|-damage|p2b: Charizard|53/100\n|move|p2b: Charizard|Hurricane|p1b: Whimsicott\n|-activate|p1b: Whimsicott|move: Protect\n|move|p2a: Azumarill|Rain Dance|p2a: Azumarill\n|-weather|RainDance\n|\n|-weather|RainDance|[upkeep]\n|upkeep\n|turn|6\n|\n|t:|1776182729\n|move|p1b: Whimsicott|Encore|p2b: Charizard\n|-start|p2b: Charizard|Encore\n|move|p1a: Blastoise|Surf|p2a: Azumarill|[spread] p1b,p2a,p2b\n|-resisted|p1b: Whimsicott|1\n|-resisted|p2a: Azumarill|1\n|-supereffective|p2b: Charizard|1\n|-damage|p1b: Whimsicott|0 fnt\n|-damage|p2a: Azumarill|11/100\n|-damage|p2b: Charizard|0 fnt\n|-enditem|p2a: Azumarill|Sitrus Berry|[eat]\n|-heal|p2a: Azumarill|35/100|[from] item: Sitrus Berry\n|faint|p1b: Whimsicott\n|faint|p2b: Charizard\n|move|p2a: Azumarill|Belly Drum||[still]\n|-fail|p2a: Azumarill\n|\n|-weather|RainDance|[upkeep]\n|-sideend|p1: firebird97631|move: Tailwind\n|upkeep\n|\n|t:|1776182742\n|switch|p1b: Flapple|Flapple, L50, F, shiny|100/100\n|turn|7\n|\n|t:|1776182752\n|move|p1b: Flapple|Grav Apple|p2a: Azumarill\n|-supereffective|p2a: Azumarill|1\n|-damage|p2a: Azumarill|0 fnt\n|faint|p2a: Azumarill\n|\n|win|firebird97631\n||silvrvolt is ready for game 2.\n",
  "uploadtime": 1776182760,
  "views": 22,
  "formatid": "gen9championsvgc2026regma",
  "rating": null,
  "private": 0,
  "password": null
}