{
  "id": "gen9championsvgc2026regma-2586370387",
  "format": "[Gen 9 Champions] VGC 2026 Reg M-A",
  "players": [
    "enexis",
    "Chipz298"
  ],
  "log": "|j|\u2606enexis\n|j|\u2606Chipz298\n|t:|1776429572\n|gametype|doubles\n|player|p1|enexis|101|1463\n|player|p2|Chipz298|ltsurge|1458\n|gen|9\n|tier|[Gen 9 Champions] VGC 2026 Reg M-A\n|rated|\n|rule|Species Clause: Limit one of each Pok\u00e9mon\n|rule|Item Clause: Limit 1 of each item\n|clearpoke\n|poke|p1|Basculegion, L50, M|\n|poke|p1|Pelipper, L50, M|\n|poke|p1|Archaludon, L50, F|\n|poke|p1|Garchomp, L50, F|\n|poke|p1|Sneasler, L50, M|\n|poke|p1|Milotic, L50, M|\n|poke|p2|Dragonite, L50, M|\n|poke|p2|Pelipper, L50, F|\n|poke|p2|Sinistcha-Masterpiece, L50|\n|poke|p2|Basculegion, L50, M|\n|poke|p2|Kingambit, L50, M|\n|poke|p2|Sneasler, L50, M|\n|teampreview|4\n|inactive|Battle timer is ON: inactive players will automatically lose when time's up. (requested by Chipz298)\n|inactive|Chipz298 has 60 seconds left.\n|inactive|Chipz298 has 30 seconds left.\n|inactive|Chipz298 has 20 seconds left.\n|inactive|Chipz298 has 15 seconds left.\n|\n|t:|1776429654\n|teamsize|p1|4\n|teamsize|p2|4\n|start\n|switch|p1a: Archaludon|Archaludon, L50, F|100/100\n|switch|p1b: Pelipper|Pelipper, L50, M|100/100\n|switch|p2a: Dragonite|Dragonite, L50, M, shiny|100/100\n|switch|p2b: Pelipper|Pelipper, L50, F|100/100\n|-weather|RainDance|[from] ability: Drizzle|[of] p2b: Pelipper\n|turn|1\n|inactive|Chipz298 has 30 seconds left.\n|\n|t:|1776429682\n|detailschange|p2a: Dragonite|Dragonite-Mega, L50, M, shiny\n|-mega|p2a: Dragonite|Dragonite|Dragoninite\n|move|p2a: Dragonite|Draco Meteor|p1a: Archaludon\n|-damage|p1a: Archaludon|0 fnt\n|-unboost|p2a: Dragonite|spa|2\n|faint|p1a: Archaludon\n|move|p1b: Pelipper|Tailwind|p1b: Pelipper\n|-sidestart|p1: enexis|move: Tailwind\n|move|p2b: Pelipper|Weather Ball|p1b: Pelipper\n|-resisted|p1b: Pelipper|1\n|-damage|p1b: Pelipper|64/100\n|\n|-weather|RainDance|[upkeep]\n|upkeep\n|\n|t:|1776429694\n|switch|p1a: Sneasler|Sneasler, L50, M|100/100\n|turn|2\n|\n|t:|1776429706\n|move|p2a: Dragonite|Protect|p2a: Dragonite\n|-singleturn|p2a: Dragonite|Protect\n|move|p1a: Sneasler|Dire Claw|p2b: Pelipper\n|-damage|p2b: Pelipper|64/100\n|-status|p2b: Pelipper|par\n|move|p1b: Pelipper|Hurricane|p2b: Pelipper\n|-damage|p2b: Pelipper|0 fnt\n|faint|p2b: Pelipper\n|\n|-weather|RainDance|[upkeep]\n|upkeep\n|\n|t:|1776429727\n|switch|p2b: Sneasler|Sneasler, L50, M|100/100\n|turn|3\n|\n|t:|1776429745\n|move|p1a: Sneasler|Upper Hand|p2b: Sneasler\n|-resisted|p2b: Sneasler|1\n|-damage|p2b: Sneasler|71/100\n|cant|p2b: Sneasler|flinch\n|move|p1b: Pelipper|Hurricane|p2b: Sneasler\n|-supereffective|p2b: Sneasler|1\n|-damage|p2b: Sneasler|0 fnt\n|faint|p2b: Sneasler\n|move|p2a: Dragonite|Hurricane|p1a: Sneasler\n|-supereffective|p1a: Sneasler|1\n|-damage|p1a: Sneasler|11/100\n|\n|-weather|RainDance|[upkeep]\n|upkeep\n|\n|t:|1776429753\n|switch|p2b: Kingambit|Kingambit, L50, M, shiny|100/100\n|turn|4\n|\n|t:|1776429759\n|move|p1a: Sneasler|Upper Hand||[still]\n|-fail|p1a: Sneasler\n|move|p2a: Dragonite|Extreme Speed|p1a: Sneasler\n|-damage|p1a: Sneasler|0 fnt\n|faint|p1a: Sneasler\n|move|p1b: Pelipper|Hurricane|p2a: Dragonite\n|-damage|p2a: Dragonite|78/100\n|move|p2b: Kingambit|Kowtow Cleave|p1b: Pelipper\n|-damage|p1b: Pelipper|16/100\n|\n|-weather|RainDance|[upkeep]\n|-sideend|p1: enexis|move: Tailwind\n|upkeep\n|\n|t:|1776429761\n|switch|p1a: Basculegion|Basculegion, L50, M|100/100\n|turn|5\n|\n|t:|1776429781\n|move|p2a: Dragonite|Extreme Speed|p1b: Pelipper\n|-damage|p1b: Pelipper|0 fnt\n|faint|p1b: Pelipper\n|move|p2b: Kingambit|Sucker Punch|p1a: Basculegion\n|-supereffective|p1a: Basculegion|1\n|-damage|p1a: Basculegion|0 fnt\n|faint|p1a: Basculegion\n|\n|win|Chipz298\n|raw|enexis's rating: 1463 &rarr; <strong>1443</strong><br />(-20 for losing)\n|raw|Chipz298's rating: 1458 &rarr; <strong>1478</strong><br />(+20 for winning)\n|l|\u2606enexis\n|player|p1|\n|l|\u2606Chipz298\n|player|p2|\n|j|\u2606Chipz298\n|player|p2|Chipz298|ltsurge|\n|l|\u2606Chipz298\n|player|p2|\n|j|\u2606Chipz298\n|player|p2|Chipz298|ltsurge|\n",
  "uploadtime": 1776429983,
  "views": 59,
  "formatid": "gen9championsvgc2026regma",
  "rating": 1443,
  "private": 0,
  "password": null
}