{
  "id": "gen9championsvgc2026regma-2587774308",
  "format": "[Gen 9 Champions] VGC 2026 Reg M-A",
  "players": [
    "200liam",
    "riku797vgc5"
  ],
  "log": "|j|\u2606200liam\n|j|\u2606riku797vgc5\n|t:|1776562656\n|gametype|doubles\n|player|p1|200liam|lucas|1306\n|player|p2|riku797vgc5|2|1238\n|gen|9\n|tier|[Gen 9 Champions] VGC 2026 Reg M-A\n|rated|\n|rule|Species Clause: Limit one of each Pok\u00e9mon\n|rule|Item Clause: Limit 1 of each item\n|clearpoke\n|poke|p1|Kingambit, L50, F|\n|poke|p1|Pelipper, L50, M|\n|poke|p1|Farigiraf, L50, M|\n|poke|p1|Dragapult, L50, M|\n|poke|p1|Greninja, L50, M|\n|poke|p1|Whimsicott, L50, M|\n|poke|p2|Gengar, L50, M|\n|poke|p2|Sinistcha, L50|\n|poke|p2|Maushold, L50|\n|poke|p2|Incineroar, L50, F|\n|poke|p2|Rotom-Wash, L50|\n|poke|p2|Kommo-o, L50, F|\n|teampreview|4\n|\n|t:|1776562680\n|teamsize|p1|4\n|teamsize|p2|4\n|start\n|switch|p1a: Greninja|Greninja, L50, M|100/100\n|switch|p1b: Kingambit|Kingambit, L50, F|100/100\n|switch|p2a: Gengar|Gengar, L50, M|100/100\n|switch|p2b: Incineroar|Incineroar, L50, F|100/100\n|-ability|p2b: Incineroar|Intimidate|boost\n|-unboost|p1a: Greninja|atk|1\n|-unboost|p1b: Kingambit|atk|1\n|-ability|p1b: Kingambit|Defiant|boost\n|-boost|p1b: Kingambit|atk|2\n|turn|1\n|\n|t:|1776562706\n|move|p1a: Greninja|Protect|p1a: Greninja\n|-start|p1a: Greninja|typechange|Normal|[from] ability: Protean\n|-singleturn|p1a: Greninja|Protect\n|move|p2a: Gengar|Protect|p2a: Gengar\n|-singleturn|p2a: Gengar|Protect\n|move|p1b: Kingambit|Protect|p1b: Kingambit\n|-singleturn|p1b: Kingambit|Protect\n|move|p2b: Incineroar|Parting Shot|p1a: Greninja\n|-activate|p1a: Greninja|move: Protect\n|\n|upkeep\n|turn|2\n|\n|t:|1776562730\n|switch|p2a: Sinistcha|Sinistcha, L50|100/100\n|detailschange|p1a: Greninja|Greninja-Mega, L50, M\n|-mega|p1a: Greninja|Greninja|Greninjite\n|move|p1a: Greninja|Water Shuriken|p2b: Incineroar\n|-start|p1a: Greninja|typechange|Water|[from] ability: Protean\n|-supereffective|p2b: Incineroar|1\n|-damage|p2b: Incineroar|87/100\n|-supereffective|p2b: Incineroar|1\n|-crit|p2b: Incineroar\n|-damage|p2b: Incineroar|66/100\n|-supereffective|p2b: Incineroar|1\n|-damage|p2b: Incineroar|54/100\n|-hitcount|p2b: Incineroar|3\n|move|p2b: Incineroar|Parting Shot|p1a: Greninja\n|-unboost|p1a: Greninja|atk|1\n|-unboost|p1a: Greninja|spa|1\n|\n|t:|1776562737\n|switch|p2b: Gengar|Gengar, L50, M|100/100|[from] Parting Shot\n|move|p1b: Kingambit|Kowtow Cleave|p2a: Sinistcha\n|-supereffective|p2a: Sinistcha|1\n|-damage|p2a: Sinistcha|0 fnt\n|faint|p2a: Sinistcha\n|\n|upkeep\n|\n|t:|1776562738\n|switch|p2a: Maushold|Maushold, L50|100/100\n|turn|3\n|\n|t:|1776562771\n|detailschange|p2b: Gengar|Gengar-Mega, L50, M\n|-mega|p2b: Gengar|Gengar|Gengarite\n|move|p1a: Greninja|Protect|p1a: Greninja\n|-singleturn|p1a: Greninja|Protect\n|move|p2a: Maushold|Encore|p1b: Kingambit\n|-start|p1b: Kingambit|Encore\n|move|p2b: Gengar|Disable|p1b: Kingambit\n|-start|p1b: Kingambit|Disable|Kowtow Cleave\n|cant|p1b: Kingambit|Disable|Kowtow Cleave\n|\n|upkeep\n|turn|4\n|\n|t:|1776562821\n|move|p2a: Maushold|Follow Me|p2a: Maushold\n|-singleturn|p2a: Maushold|move: Follow Me\n|move|p1a: Greninja|Dark Pulse|p2a: Maushold\n|-damage|p2a: Maushold|76/100\n|move|p2b: Gengar|Substitute|p2b: Gengar\n|-start|p2b: Gengar|Substitute\n|-damage|p2b: Gengar|76/100\n|-activate|p1b: Kingambit|move: Struggle\n|move|p1b: Kingambit|Struggle|p2a: Maushold\n|-damage|p2a: Maushold|36/100\n|-damage|p1b: Kingambit|75/100|[from] recoil\n|\n|upkeep\n|turn|5\n|\n|t:|1776562840\n|move|p1a: Greninja|Water Shuriken|p2a: Maushold\n|-damage|p2a: Maushold|29/100\n|-damage|p2a: Maushold|22/100\n|-hitcount|p2a: Maushold|2\n|move|p2a: Maushold|Encore|p1a: Greninja\n|-start|p1a: Greninja|Encore\n|move|p2b: Gengar|Disable|p1a: Greninja\n|-start|p1a: Greninja|Disable|Water Shuriken\n|-activate|p1b: Kingambit|move: Struggle\n|move|p1b: Kingambit|Struggle|p2b: Gengar\n|-activate|p2b: Gengar|move: Substitute|[damage]\n|-damage|p1b: Kingambit|50/100|[from] recoil\n|\n|-end|p1b: Kingambit|Encore\n|upkeep\n|turn|6\n|\n|t:|1776562859\n|move|p1b: Kingambit|Sucker Punch|p2b: Gengar\n|-supereffective|p2b: Gengar|1\n|-end|p2b: Gengar|Substitute\n|-activate|p1a: Greninja|move: Struggle\n|move|p1a: Greninja|Struggle|p2a: Maushold\n|-damage|p2a: Maushold|14/100\n|-damage|p1a: Greninja|76/100|[from] recoil\n|move|p2a: Maushold|Super Fang|p1b: Kingambit\n|-damage|p1b: Kingambit|25/100\n|move|p2b: Gengar|Shadow Ball|p1b: Kingambit\n|-resisted|p1b: Kingambit|1\n|-crit|p1b: Kingambit\n|-damage|p1b: Kingambit|0 fnt\n|faint|p1b: Kingambit\n|\n|upkeep\n|c|\u2606riku797vgc5|this is so bad btw\n|c|\u2606riku797vgc5|i know\n|c|\u2606riku797vgc5|im just trying\n|\n|t:|1776562876\n|switch|p1b: Dragapult|Dragapult, L50, M|100/100\n|turn|7\n|\n|t:|1776562888\n|move|p2a: Maushold|Protect|p2a: Maushold\n|-singleturn|p2a: Maushold|Protect\n|-activate|p1a: Greninja|move: Struggle\n|move|p1a: Greninja|Struggle|p2b: Gengar\n|-damage|p2b: Gengar|70/100\n|-damage|p1a: Greninja|51/100|[from] recoil\n|move|p1b: Dragapult|Phantom Force||[still]\n|-prepare|p1b: Dragapult|Phantom Force\n|move|p2b: Gengar|Shadow Ball|p1b: Dragapult|[miss]\n|-miss|p2b: Gengar|p1b: Dragapult\n|\n|upkeep\n|turn|8\n|\n|t:|1776562902\n|move|p2a: Maushold|Follow Me|p2a: Maushold\n|-singleturn|p2a: Maushold|move: Follow Me\n|move|p1b: Dragapult|Phantom Force|p2a: Maushold|[from] lockedmove\n|-immune|p2a: Maushold\n|-activate|p1a: Greninja|move: Struggle\n|move|p1a: Greninja|Struggle|p2a: Maushold\n|-damage|p2a: Maushold|6/100\n|-damage|p1a: Greninja|26/100|[from] recoil\n|move|p2b: Gengar|Shadow Ball|p1b: Dragapult\n|-supereffective|p1b: Dragapult|1\n|-damage|p1b: Dragapult|0 fnt\n|faint|p1b: Dragapult\n|\n|-end|p1a: Greninja|Encore\n|upkeep\n|-message|200liam forfeited.\n|\n|win|riku797vgc5\n|raw|200liam's rating: 1306 &rarr; <strong>1282</strong><br />(-24 for losing)\n|raw|riku797vgc5's rating: 1238 &rarr; <strong>1268</strong><br />(+30 for winning)\n|l|\u2606200liam\n|player|p1|\n",
  "uploadtime": 1776562921,
  "views": 17,
  "formatid": "gen9championsvgc2026regma",
  "rating": 1268,
  "private": 0,
  "password": null
}