{
  "id": "gen9championsvgc2026regma-2583287705",
  "format": "[Gen 9 Champions] VGC 2026 Reg M-A",
  "players": [
    "Oscarerbest",
    "soulo333"
  ],
  "log": "|j|\u2606Oscarerbest\n|j|\u2606soulo333\n|t:|1776163419\n|gametype|doubles\n|player|p1|Oscarerbest|linebacker|1085\n|player|p2|soulo333|101|1147\n|gen|9\n|tier|[Gen 9 Champions] VGC 2026 Reg M-A\n|rated|\n|rule|Species Clause: Limit one of each Pok\u00e9mon\n|rule|Item Clause: Limit 1 of each item\n|clearpoke\n|poke|p1|Cofagrigus, L50, M|\n|poke|p1|Crabominable, L50, F|\n|poke|p1|Sinistcha, L50|\n|poke|p1|Ninetales-Alola, L50, M|\n|poke|p1|Incineroar, L50, M|\n|poke|p1|Tauros-Paldea-Aqua, L50, M|\n|poke|p2|Charizard, L50, M|\n|poke|p2|Sneasler, L50, F|\n|poke|p2|Sinistcha, L50|\n|poke|p2|Incineroar, L50, M|\n|poke|p2|Milotic, L50, M|\n|poke|p2|Tyranitar, L50, M|\n|teampreview|4\nOscarerbest has agreed to open team sheets.\n|\n|t:|1776163453\n|teamsize|p1|4\n|teamsize|p2|4\n|start\n|switch|p1a: Tauros|Tauros-Paldea-Aqua, L50, M|100/100\n|switch|p1b: Incineroar|Incineroar, L50, M|100/100\n|switch|p2a: Milotic|Milotic, L50, M|100/100\n|switch|p2b: Sneasler|Sneasler, L50, F|100/100\n|-ability|p1a: Tauros|Intimidate|boost\n|-unboost|p2a: Milotic|atk|1\n|-ability|p2a: Milotic|Competitive|boost\n|-boost|p2a: Milotic|spa|2\n|-unboost|p2b: Sneasler|atk|1\n|-ability|p1b: Incineroar|Intimidate|boost\n|-unboost|p2a: Milotic|atk|1\n|-ability|p2a: Milotic|Competitive|boost\n|-boost|p2a: Milotic|spa|2\n|-unboost|p2b: Sneasler|atk|1\n|turn|1\n|\n|t:|1776163471\n|move|p2a: Milotic|Protect|p2a: Milotic\n|-singleturn|p2a: Milotic|Protect\n|move|p1b: Incineroar|Fake Out|p2a: Milotic\n|-activate|p2a: Milotic|move: Protect\n|move|p1a: Tauros|Close Combat|p2a: Milotic\n|-activate|p2a: Milotic|move: Protect\n|move|p2b: Sneasler|Coaching|p2a: Milotic\n|-boost|p2a: Milotic|atk|1\n|-boost|p2a: Milotic|def|1\n|\n|upkeep\n|turn|2\n|\n|t:|1776163495\n|switch|p2b: Incineroar|Incineroar, L50, M|100/100\n|-ability|p2b: Incineroar|Intimidate|boost\n|-unboost|p1a: Tauros|atk|1\n|-unboost|p1b: Incineroar|atk|1\n|move|p1a: Tauros|Close Combat|p2a: Milotic\n|-damage|p2a: Milotic|78/100\n|-unboost|p1a: Tauros|def|1\n|-unboost|p1a: Tauros|spd|1\n|move|p2a: Milotic|Scald|p1b: Incineroar\n|-supereffective|p1b: Incineroar|1\n|-damage|p1b: Incineroar|0 fnt\n|faint|p1b: Incineroar\n|\n|-heal|p2a: Milotic|84/100|[from] item: Leftovers\n|upkeep\n|\n|t:|1776163509\n|switch|p1b: Ninetales|Ninetales-Alola, L50, M|100/100\n|-weather|Snowscape|[from] ability: Snow Warning|[of] p1b: Ninetales\n|turn|3\n|\n|t:|1776163516\n|switch|p1a: Crabominable|Crabominable, L50, F|100/100\n|move|p2b: Incineroar|Fake Out|p1b: Ninetales\n|-damage|p1b: Ninetales|89/100\n|cant|p1b: Ninetales|flinch\n|move|p2a: Milotic|Icy Wind|p1a: Crabominable|[spread] p1a,p1b\n|-resisted|p1a: Crabominable|1\n|-resisted|p1b: Ninetales|1\n|-damage|p1a: Crabominable|83/100\n|-damage|p1b: Ninetales|76/100\n|-unboost|p1a: Crabominable|spe|1\n|-unboost|p1b: Ninetales|spe|1\n|\n|-weather|Snowscape|[upkeep]\n|-heal|p2a: Milotic|90/100|[from] item: Leftovers\n|upkeep\n|turn|4\n|\n|t:|1776163531\n|detailschange|p1a: Crabominable|Crabominable-Mega, L50, F\n|-mega|p1a: Crabominable|Crabominable|Crabominite\n|move|p1b: Ninetales|Blizzard|p2a: Milotic|[spread] p2a,p2b\n|-resisted|p2a: Milotic|1\n|-resisted|p2b: Incineroar|1\n|-damage|p2a: Milotic|82/100\n|-damage|p2b: Incineroar|92/100\n|-status|p2b: Incineroar|frz\n|move|p2a: Milotic|Icy Wind|p1a: Crabominable|[spread] p1a,p1b\n|-resisted|p1a: Crabominable|1\n|-resisted|p1b: Ninetales|1\n|-damage|p1a: Crabominable|71/100\n|-damage|p1b: Ninetales|62/100\n|-unboost|p1a: Crabominable|spe|1\n|-unboost|p1b: Ninetales|spe|1\n|-curestatus|p2b: Incineroar|frz|[from] move: Flare Blitz\n|move|p2b: Incineroar|Flare Blitz|p1b: Ninetales\n|-supereffective|p1b: Ninetales|1\n|-damage|p1b: Ninetales|0 fnt\n|faint|p1b: Ninetales\n|-damage|p2b: Incineroar|76/100|[from] Recoil\n|move|p1a: Crabominable|Drain Punch|p2a: Milotic\n|-damage|p2a: Milotic|46/100\n|-heal|p1a: Crabominable|90/100|[from] drain|[of] p2a: Milotic\n|\n|-weather|Snowscape|[upkeep]\n|-heal|p2a: Milotic|52/100|[from] item: Leftovers\n|upkeep\n|\n|t:|1776163540\n|switch|p1b: Tauros|Tauros-Paldea-Aqua, L50, M|100/100\n|-ability|p1b: Tauros|Intimidate|boost\n|-unboost|p2a: Milotic|atk|1\n|-ability|p2a: Milotic|Competitive|boost\n|-boost|p2a: Milotic|spa|2\n|-unboost|p2b: Incineroar|atk|1\n|turn|5\n|\n|t:|1776163560\n|switch|p2b: Charizard|Charizard, L50, M|100/100\n|move|p2a: Milotic|Protect|p2a: Milotic\n|-singleturn|p2a: Milotic|Protect\n|move|p1b: Tauros|Close Combat|p2a: Milotic\n|-activate|p2a: Milotic|move: Protect\n|move|p1a: Crabominable|Drain Punch|p2a: Milotic\n|-activate|p2a: Milotic|move: Protect\n|\n|-weather|Snowscape|[upkeep]\n|-heal|p2a: Milotic|58/100|[from] item: Leftovers\n|upkeep\n|turn|6\n|-message|Oscarerbest forfeited.\n|\n|win|soulo333\n|raw|Oscarerbest's rating: 1085 &rarr; <strong>1066</strong><br />(-19 for losing)\n|raw|soulo333's rating: 1147 &rarr; <strong>1168</strong><br />(+21 for winning)\n",
  "uploadtime": 1776163570,
  "views": 29,
  "formatid": "gen9championsvgc2026regma",
  "rating": 1066,
  "private": 0,
  "password": null
}