{
  "id": "gen9championsvgc2026regma-2581107443",
  "format": "[Gen 9 Champions] VGC 2026 Reg M-A",
  "players": [
    "CostcoSHoppuhh",
    "throh it baxc"
  ],
  "log": "|j|\u2606CostcoSHoppuhh\n|j|\u2606throh it baxc\n|t:|1775960550\n|gametype|doubles\n|player|p1|CostcoSHoppuhh|265|1044\n|player|p2|throh it baxc|ltsurge|1066\n|gen|9\n|tier|[Gen 9 Champions] VGC 2026 Reg M-A\n|rated|\n|rule|Species Clause: Limit one of each Pok\u00e9mon\n|rule|Item Clause: Limit 1 of each item\n|clearpoke\n|poke|p1|Dragonite, L50, M|\n|poke|p1|Pelipper, L50, M|\n|poke|p1|Basculegion, L50, M|\n|poke|p1|Archaludon, L50, M|\n|poke|p1|Incineroar, L50, M|\n|poke|p1|Sneasler, L50, M|\n|poke|p2|Arcanine-Hisui, L50, F|\n|poke|p2|Tinkaton, L50, F|\n|poke|p2|Rotom-Wash, L50|\n|poke|p2|Sneasler, L50, F|\n|poke|p2|Gyarados, L50, M|\n|poke|p2|Whimsicott, L50, F|\n|teampreview|4\n|inactive|Battle timer is ON: inactive players will automatically lose when time's up. (requested by CostcoSHoppuhh)\nCostcoSHoppuhh rejected open team sheets.\n|\n|t:|1775960607\n|teamsize|p1|4\n|teamsize|p2|4\n|start\n|switch|p1a: Pelipper|Pelipper, L50, M|100/100\n|switch|p1b: Dragonite|Dragonite, L50, M|100/100\n|switch|p2a: Whimsicott|Whimsicott, L50, F|100/100\n|switch|p2b: Rotom|Rotom-Wash, L50|100/100\n|-weather|RainDance|[from] ability: Drizzle|[of] p1a: Pelipper\n|turn|1\n|\n|t:|1775960623\n|switch|p2a: Tinkaton|Tinkaton, L50, F|100/100\n|-ability|p2a: Tinkaton|Mold Breaker\n|detailschange|p1b: Dragonite|Dragonite-Mega, L50, M\n|-mega|p1b: Dragonite|Dragonite|Dragoninite\n|move|p1b: Dragonite|Hurricane|p2a: Tinkaton\n|-resisted|p2a: Tinkaton|1\n|-damage|p2a: Tinkaton|79/100\n|move|p1a: Pelipper|Tailwind|p1a: Pelipper\n|-sidestart|p1: CostcoSHoppuhh|move: Tailwind\n|move|p2b: Rotom|Eerie Impulse|p1b: Dragonite\n|-unboost|p1b: Dragonite|spa|2\n|\n|-weather|RainDance|[upkeep]\n|-heal|p2a: Tinkaton|85/100|[from] item: Leftovers\n|upkeep\n|turn|2\n|\n|t:|1775960644\n|switch|p1b: Archaludon|Archaludon, L50, M|100/100\n|move|p2a: Tinkaton|Helping Hand|p2b: Rotom\n|-singleturn|p2b: Rotom|Helping Hand|[of] p2a: Tinkaton\n|move|p1a: Pelipper|Weather Ball|p2a: Tinkaton\n|-damage|p2a: Tinkaton|36/100\n|move|p2b: Rotom|Hydro Pump|p1a: Pelipper|[miss]\n|-miss|p2b: Rotom|p1a: Pelipper\n|\n|-weather|RainDance|[upkeep]\n|-heal|p2a: Tinkaton|43/100|[from] item: Leftovers\n|upkeep\n|turn|3\n|\n|t:|1775960662\n|move|p2a: Tinkaton|Protect|p2a: Tinkaton\n|-singleturn|p2a: Tinkaton|Protect\n|move|p1b: Archaludon|Electro Shot||[still]\n|-prepare|p1b: Archaludon|Electro Shot\n|-boost|p1b: Archaludon|spa|1\n|-anim|p1b: Archaludon|Electro Shot|p2a: Tinkaton\n|-activate|p2a: Tinkaton|move: Protect\n|move|p1a: Pelipper|Weather Ball|p2a: Tinkaton\n|-activate|p2a: Tinkaton|move: Protect\n|move|p2b: Rotom|Eerie Impulse|p1b: Archaludon\n|-unboost|p1b: Archaludon|spa|2\n|\n|-weather|RainDance|[upkeep]\n|-heal|p2a: Tinkaton|49/100|[from] item: Leftovers\n|upkeep\n|turn|4\n|inactive|throh it baxc has 30 seconds left.\n|inactive|throh it baxc has 20 seconds left.\n|\n|t:|1775960701\n|switch|p2a: Whimsicott|Whimsicott, L50, F|100/100\n|move|p1b: Archaludon|Protect|p1b: Archaludon\n|-singleturn|p1b: Archaludon|Protect\n|move|p1a: Pelipper|Hurricane|p2b: Rotom\n|-resisted|p2b: Rotom|1\n|-damage|p2b: Rotom|80/100\n|move|p2b: Rotom|Volt Switch|p1a: Pelipper\n|-supereffective|p1a: Pelipper|2\n|-enditem|p1a: Pelipper|Focus Sash\n|-damage|p1a: Pelipper|1/100\n|\n|t:|1775960706\n|switch|p2b: Gyarados|Gyarados, L50, M|100/100|[from] Volt Switch\n|-ability|p2b: Gyarados|Intimidate|boost\n|-unboost|p1a: Pelipper|atk|1\n|-unboost|p1b: Archaludon|atk|1\n|\n|-weather|RainDance|[upkeep]\n|-sideend|p1: CostcoSHoppuhh|move: Tailwind\n|upkeep\n|turn|5\n|\n|t:|1775960716\n|detailschange|p2b: Gyarados|Gyarados-Mega, L50, M\n|-mega|p2b: Gyarados|Gyarados|Gyaradosite\n|-ability|p2b: Gyarados|Mold Breaker\n|move|p2a: Whimsicott|Encore|p1b: Archaludon\n|-start|p1b: Archaludon|Encore\n|move|p1b: Archaludon|Protect||[still]\n|-fail|p1b: Archaludon\n|move|p2b: Gyarados|Crunch|p1a: Pelipper\n|-damage|p1a: Pelipper|0 fnt\n|faint|p1a: Pelipper\n|\n|-weather|none\n|upkeep\n|\n|t:|1775960722\n|switch|p1a: Dragonite|Dragonite-Mega, L50, M|100/100\n|turn|6\n|\n|t:|1775960745\n|switch|p2a: Rotom|Rotom-Wash, L50|80/100\n|switch|p2b: Tinkaton|Tinkaton, L50, F|49/100\n|-ability|p2b: Tinkaton|Mold Breaker\n|switch|p1b: Incineroar|Incineroar, L50, M|100/100\n|-ability|p1b: Incineroar|Intimidate|boost\n|-unboost|p2a: Rotom|atk|1\n|-unboost|p2b: Tinkaton|atk|1\n|move|p1a: Dragonite|Draco Meteor|p2b: Tinkaton\n|-immune|p2b: Tinkaton\n|\n|-heal|p2b: Tinkaton|55/100|[from] item: Leftovers\n|upkeep\n|turn|7\n|\n|t:|1775960763\n|move|p2b: Tinkaton|Protect|p2b: Tinkaton\n|-singleturn|p2b: Tinkaton|Protect\n|move|p1b: Incineroar|Fake Out|p2b: Tinkaton\n|-activate|p2b: Tinkaton|move: Protect\n|move|p1a: Dragonite|Tailwind|p1a: Dragonite\n|-sidestart|p1: CostcoSHoppuhh|move: Tailwind\n|move|p2a: Rotom|Eerie Impulse|p1a: Dragonite\n|-unboost|p1a: Dragonite|spa|2\n|\n|-heal|p2b: Tinkaton|61/100|[from] item: Leftovers\n|upkeep\n|turn|8\n|inactive|throh it baxc has 30 seconds left.\n|\n|t:|1775960788\n|switch|p1a: Archaludon|Archaludon, L50, M|100/100\n|move|p2b: Tinkaton|Helping Hand|p2a: Rotom\n|-singleturn|p2a: Rotom|Helping Hand|[of] p2b: Tinkaton\n|move|p1b: Incineroar|Flare Blitz|p2b: Tinkaton\n|-supereffective|p2b: Tinkaton|1\n|-damage|p2b: Tinkaton|0 fnt\n|faint|p2b: Tinkaton\n|-damage|p1b: Incineroar|81/100|[from] Recoil\n|move|p2a: Rotom|Hydro Pump|p1b: Incineroar\n|-supereffective|p1b: Incineroar|1\n|-damage|p1b: Incineroar|0 fnt\n|faint|p1b: Incineroar\n|\n|upkeep\n|\n|t:|1775960805\n|switch|p2b: Gyarados|Gyarados-Mega, L50, M|100/100\n|switch|p1b: Dragonite|Dragonite-Mega, L50, M|100/100\n|-ability|p2b: Gyarados|Mold Breaker\n|turn|9\n|\n|t:|1775960820\n|move|p2b: Gyarados|Protect|p2b: Gyarados\n|-singleturn|p2b: Gyarados|Protect\n|move|p1b: Dragonite|Draco Meteor|p2b: Gyarados\n|-activate|p2b: Gyarados|move: Protect\n|move|p1a: Archaludon|Electro Shot||[still]\n|-prepare|p1a: Archaludon|Electro Shot\n|-boost|p1a: Archaludon|spa|1\n|move|p2a: Rotom|Eerie Impulse|p1b: Dragonite\n|-unboost|p1b: Dragonite|spa|2\n|\n|upkeep\n|turn|10\n|\n|t:|1775960828\n|switch|p2b: Whimsicott|Whimsicott, L50, F|100/100\n|move|p1b: Dragonite|Draco Meteor|p2a: Rotom\n|-damage|p2a: Rotom|47/100\n|-unboost|p1b: Dragonite|spa|2\n|-enditem|p2a: Rotom|Sitrus Berry|[eat]\n|-heal|p2a: Rotom|72/100|[from] item: Sitrus Berry\n|move|p1a: Archaludon|Electro Shot|p2b: Whimsicott|[from] lockedmove\n|-resisted|p2b: Whimsicott|1\n|-damage|p2b: Whimsicott|60/100\n|move|p2a: Rotom|Eerie Impulse|p1a: Archaludon\n|-unboost|p1a: Archaludon|spa|2\n|\n|-sideend|p1: CostcoSHoppuhh|move: Tailwind\n|upkeep\n|turn|11\n|\n|t:|1775960838\n|move|p2b: Whimsicott|Encore|p1a: Archaludon\n|-start|p1a: Archaludon|Encore\n|move|p1b: Dragonite|Tailwind|p1b: Dragonite\n|-sidestart|p1: CostcoSHoppuhh|move: Tailwind\n|move|p1a: Archaludon|Electro Shot||[still]\n|-prepare|p1a: Archaludon|Electro Shot\n|-boost|p1a: Archaludon|spa|1\n|move|p2a: Rotom|Eerie Impulse|p1a: Archaludon\n|-unboost|p1a: Archaludon|spa|2\n|\n|upkeep\n|turn|12\n|\n|t:|1775960848\n|move|p2b: Whimsicott|Tailwind|p2b: Whimsicott\n|-sidestart|p2: throh it baxc|move: Tailwind\n|move|p1b: Dragonite|Hurricane|p2b: Whimsicott\n|-supereffective|p2b: Whimsicott|1\n|-damage|p2b: Whimsicott|1/100\n|move|p1a: Archaludon|Electro Shot|p2b: Whimsicott|[from] lockedmove\n|-resisted|p2b: Whimsicott|1\n|-damage|p2b: Whimsicott|0 fnt\n|faint|p2b: Whimsicott\n|move|p2a: Rotom|Volt Switch|p1a: Archaludon\n|-resisted|p1a: Archaludon|1\n|-damage|p1a: Archaludon|85/100\n|-ability|p1a: Archaludon|Stamina|boost\n|-boost|p1a: Archaludon|def|1\n|\n|t:|1775960852\n|switch|p2a: Gyarados|Gyarados-Mega, L50, M|100/100|[from] Volt Switch\n|-ability|p2a: Gyarados|Mold Breaker\n|\n|-heal|p1a: Archaludon|91/100|[from] item: Leftovers\n|upkeep\n|\n|t:|1775960854\n|switch|p2b: Rotom|Rotom-Wash, L50|72/100\n|turn|13\n|\n|t:|1775960862\n|move|p1b: Dragonite|Protect|p1b: Dragonite\n|-singleturn|p1b: Dragonite|Protect\n|move|p2a: Gyarados|Dragon Dance|p2a: Gyarados\n|-boost|p2a: Gyarados|atk|1\n|-boost|p2a: Gyarados|spe|1\n|move|p1a: Archaludon|Electro Shot||[still]\n|-prepare|p1a: Archaludon|Electro Shot\n|-boost|p1a: Archaludon|spa|1\n|move|p2b: Rotom|Eerie Impulse|p1a: Archaludon\n|-unboost|p1a: Archaludon|spa|2\n|\n|-heal|p1a: Archaludon|97/100|[from] item: Leftovers\n|-end|p1a: Archaludon|Encore\n|upkeep\n|turn|14\n|\n|t:|1775960873\n|move|p2a: Gyarados|Dragon Dance|p2a: Gyarados\n|-boost|p2a: Gyarados|atk|1\n|-boost|p2a: Gyarados|spe|1\n|move|p1b: Dragonite|Draco Meteor|p2a: Gyarados\n|-damage|p2a: Gyarados|80/100\n|-unboost|p1b: Dragonite|spa|2\n|move|p1a: Archaludon|Electro Shot|p2a: Gyarados|[from] lockedmove\n|-supereffective|p2a: Gyarados|1\n|-damage|p2a: Gyarados|51/100\n|move|p2b: Rotom|Eerie Impulse|p1a: Archaludon\n|-unboost|p1a: Archaludon|spa|2\n|\n|-heal|p1a: Archaludon|100/100|[from] item: Leftovers\n|-sideend|p1: CostcoSHoppuhh|move: Tailwind\n|upkeep\n|turn|15\n|\n|t:|1775960879\n|move|p2a: Gyarados|Crunch|p1b: Dragonite\n|-damage|p1b: Dragonite|9/100\n|move|p2b: Rotom|Volt Switch|p1b: Dragonite\n|-damage|p1b: Dragonite|0 fnt\n|faint|p1b: Dragonite\n|move|p1a: Archaludon|Electro Shot||[still]\n|-prepare|p1a: Archaludon|Electro Shot\n|-boost|p1a: Archaludon|spa|1\n|\n|-sideend|p2: throh it baxc|move: Tailwind\n|upkeep\n|turn|16\n|\n|t:|1775960886\n|move|p2a: Gyarados|Crunch|p1a: Archaludon\n|-damage|p1a: Archaludon|45/100\n|-ability|p1a: Archaludon|Stamina|boost\n|-boost|p1a: Archaludon|def|1\n|move|p1a: Archaludon|Electro Shot|p2a: Gyarados|[from] lockedmove\n|-supereffective|p2a: Gyarados|1\n|-damage|p2a: Gyarados|30/100\n|move|p2b: Rotom|Eerie Impulse|p1a: Archaludon\n|-unboost|p1a: Archaludon|spa|2\n|\n|-heal|p1a: Archaludon|51/100|[from] item: Leftovers\n|upkeep\n|turn|17\n|\n|t:|1775960902\n|move|p2a: Gyarados|Crunch|p1a: Archaludon\n|-damage|p1a: Archaludon|11/100\n|-unboost|p1a: Archaludon|def|1\n|-ability|p1a: Archaludon|Stamina|boost\n|-boost|p1a: Archaludon|def|1\n|move|p1a: Archaludon|Electro Shot||[still]\n|-prepare|p1a: Archaludon|Electro Shot\n|-boost|p1a: Archaludon|spa|1\n|move|p2b: Rotom|Hydro Pump|p1a: Archaludon|[miss]\n|-miss|p2b: Rotom|p1a: Archaludon\n|\n|-heal|p1a: Archaludon|17/100|[from] item: Leftovers\n|upkeep\n|turn|18\n|\n|t:|1775960910\n|move|p2a: Gyarados|Crunch|p1a: Archaludon\n|-damage|p1a: Archaludon|0 fnt\n|faint|p1a: Archaludon\n|\n|win|throh it baxc\n|raw|CostcoSHoppuhh's rating: 1044 &rarr; <strong>1028</strong><br />(-16 for losing)\n|raw|throh it baxc's rating: 1066 &rarr; <strong>1094</strong><br />(+28 for winning)\n",
  "uploadtime": 1775960911,
  "views": 11,
  "formatid": "gen9championsvgc2026regma",
  "rating": 1028,
  "private": 0,
  "password": null
}