{
  "id": "gen9championsvgc2026regma-2587819318",
  "format": "[Gen 9 Champions] VGC 2026 Reg M-A",
  "players": [
    "prawnwizard",
    "Danievania"
  ],
  "log": "|j|\u2606prawnwizard\n|j|\u2606Danievania\n|t:|1776567238\n|gametype|doubles\n|player|p1|prawnwizard|harlequin|1397\n|player|p2|Danievania|byron|1474\n|gen|9\n|tier|[Gen 9 Champions] VGC 2026 Reg M-A\n|rated|\n|rule|Species Clause: Limit one of each Pok\u00e9mon\n|rule|Item Clause: Limit 1 of each item\n|clearpoke\n|poke|p1|Floette-Eternal, L50, F|\n|poke|p1|Dragapult, L50, M|\n|poke|p1|Rotom-Wash, L50|\n|poke|p1|Arcanine-Hisui, L50, F|\n|poke|p1|Sneasler, L50, F|\n|poke|p1|Kingambit, L50, F|\n|poke|p2|Delphox, L50, M, shiny|\n|poke|p2|Sneasler, L50, F, shiny|\n|poke|p2|Garchomp, L50, F, shiny|\n|poke|p2|Aerodactyl, L50, M|\n|poke|p2|Kingambit, L50, F|\n|poke|p2|Sinistcha, L50|\n|teampreview|4\n|inactive|Battle timer is ON: inactive players will automatically lose when time's up. (requested by prawnwizard)\nDanievania rejected open team sheets.\n|inactive|prawnwizard has 60 seconds left.\n|inactive|Danievania has 60 seconds left.\n|inactive|Danievania has 30 seconds left.\n|\n|t:|1776567302\n|teamsize|p1|4\n|teamsize|p2|4\n|start\n|switch|p1a: Rotom|Rotom-Wash, L50|100/100\n|switch|p1b: Dragapult|Dragapult, L50, M|100/100\n|switch|p2a: Delphox|Delphox, L50, M, shiny|100/100\n|switch|p2b: Sneasler|Sneasler, L50, F, shiny|100/100\n|turn|1\n|inactive|Danievania has 30 seconds left.\n|\n|t:|1776567332\n|detailschange|p2a: Delphox|Delphox-Mega, L50, M, shiny\n|-mega|p2a: Delphox|Delphox|Delphoxite\n|move|p1a: Rotom|Protect|p1a: Rotom\n|-singleturn|p1a: Rotom|Protect\n|move|p2b: Sneasler|Fake Out|p1a: Rotom\n|-activate|p1a: Rotom|move: Protect\n|move|p1b: Dragapult|Thunder Wave|p2a: Delphox\n|-status|p2a: Delphox|par\n|move|p2a: Delphox|Psyshock|p1b: Dragapult\n|-damage|p1b: Dragapult|34/100\n|\n|upkeep\n|turn|2\n|inactive|prawnwizard has 30 seconds left.\n|inactive|Danievania has 30 seconds left.\n|\n|t:|1776567362\n|switch|p2a: Sinistcha|Sinistcha, L50|100/100\n|move|p1b: Dragapult|Hex|p2a: Sinistcha\n|-supereffective|p2a: Sinistcha|1\n|-damage|p2a: Sinistcha|45/100\n|-enditem|p2a: Sinistcha|Sitrus Berry|[eat]\n|-heal|p2a: Sinistcha|70/100|[from] item: Sitrus Berry\n|move|p2b: Sneasler|Dire Claw|p1b: Dragapult\n|-resisted|p1b: Dragapult|1\n|-damage|p1b: Dragapult|8/100\n|-status|p1b: Dragapult|par\n|-start|p2b: Sneasler|Disable|Dire Claw|[from] ability: Cursed Body|[of] p1b: Dragapult\n|move|p1a: Rotom|Thunderbolt|p2b: Sneasler\n|-damage|p2b: Sneasler|45/100\n|\n|upkeep\n|turn|3\n|inactive|prawnwizard has 30 seconds left.\n|\n|t:|1776567388\n|move|p2a: Sinistcha|Rage Powder|p2a: Sinistcha\n|-singleturn|p2a: Sinistcha|move: Rage Powder\n|move|p2b: Sneasler|Close Combat|p1a: Rotom\n|-damage|p1a: Rotom|34/100\n|-unboost|p2b: Sneasler|def|1\n|-unboost|p2b: Sneasler|spd|1\n|move|p1a: Rotom|Hydro Pump|p2a: Sinistcha\n|-resisted|p2a: Sinistcha|1\n|-damage|p2a: Sinistcha|46/100\n|move|p1b: Dragapult|Hex|p2a: Sinistcha\n|-supereffective|p2a: Sinistcha|1\n|-damage|p2a: Sinistcha|0 fnt\n|faint|p2a: Sinistcha\n|\n|-heal|p1a: Rotom|39/100|[from] item: Leftovers\n|upkeep\n|\n|t:|1776567411\n|switch|p2a: Kingambit|Kingambit, L50, F|100/100\n|turn|4\n|\n|t:|1776567426\n|move|p2b: Sneasler|Close Combat|p1b: Dragapult\n|-immune|p1b: Dragapult\n|move|p1a: Rotom|Hydro Pump|p2b: Sneasler\n|-damage|p2b: Sneasler|0 fnt\n|faint|p2b: Sneasler\n|cant|p1b: Dragapult|par\n|move|p2a: Kingambit|Kowtow Cleave|p1a: Rotom\n|-damage|p1a: Rotom|0 fnt\n|faint|p1a: Rotom\n|\n|upkeep\n|\n|t:|1776567437\n|switch|p2b: Delphox|Delphox-Mega, L50, M, shiny|100/100 par\n|switch|p1a: Floette|Floette-Eternal, L50, F|100/100\n|turn|5\n|\n|t:|1776567449\n|detailschange|p1a: Floette|Floette-Mega, L50, F\n|-mega|p1a: Floette|Floette|Floettite\n|-ability|p1a: Floette|Fairy Aura\n|move|p2b: Delphox|Protect|p2b: Delphox\n|-singleturn|p2b: Delphox|Protect\n|move|p1a: Floette|Light of Ruin|p2a: Kingambit\n|-damage|p2a: Kingambit|0 fnt\n|faint|p2a: Kingambit\n|-damage|p1a: Floette|43/100|[from] Recoil\n|move|p1b: Dragapult|Hex|p2b: Delphox\n|-activate|p2b: Delphox|move: Protect\n|\n|upkeep\n|turn|6\n|\n|t:|1776567461\n|move|p1a: Floette|Light of Ruin|p2b: Delphox\n|-resisted|p2b: Delphox|1\n|-damage|p2b: Delphox|41/100 par\n|-damage|p1a: Floette|18/100|[from] Recoil\n|move|p1b: Dragapult|Hex|p2b: Delphox\n|-supereffective|p2b: Delphox|1\n|-damage|p2b: Delphox|0 fnt\n|faint|p2b: Delphox\n|\n|win|prawnwizard\n|raw|prawnwizard's rating: 1397 &rarr; <strong>1421</strong><br />(+24 for winning)\n|raw|Danievania's rating: 1474 &rarr; <strong>1450</strong><br />(-24 for losing)\n|l|\u2606Danievania\n|player|p2|\n|l|\u2606prawnwizard\n|player|p1|\n",
  "uploadtime": 1776567653,
  "views": 13,
  "formatid": "gen9championsvgc2026regma",
  "rating": 1421,
  "private": 0,
  "password": null
}