{
  "id": "gen9championsvgc2026regma-2581874035",
  "format": "[Gen 9 Champions] VGC 2026 Reg M-A",
  "players": [
    "phantom911",
    "Gordon Gambley"
  ],
  "log": "|j|\u2606phantom911\n|j|\u2606Gordon Gambley\n|t:|1776035673\n|gametype|doubles\n|player|p1|phantom911|102|\n|player|p2|Gordon Gambley|gambler|\n|gen|9\n|tier|[Gen 9 Champions] VGC 2026 Reg M-A\n|rated|Tournament battle\n|rule|Species Clause: Limit one of each Pok\u00e9mon\n|rule|Item Clause: Limit 1 of each item\n|clearpoke\n|poke|p1|Pelipper, L50, F|\n|poke|p1|Basculegion, L50, M|\n|poke|p1|Dragonite, L50, F|\n|poke|p1|Klefki, L50, F|\n|poke|p1|Raichu, L50, M|\n|poke|p1|Floette-Eternal, L50, F|\n|poke|p2|Scizor, L50, M|\n|poke|p2|Basculegion, L50, M|\n|poke|p2|Dragonite, L50, M|\n|poke|p2|Sneasler, L50, F|\n|poke|p2|Incineroar, L50, F|\n|poke|p2|Ninetales-Alola, L50, F|\n|teampreview|4\n|inactive|Battle timer is ON: inactive players will automatically lose when time's up. (requested by Gordon Gambley)\nphantom911 rejected open team sheets.\n|inactive|phantom911 has 60 seconds left.\n|\n|t:|1776035713\n|teamsize|p1|4\n|teamsize|p2|4\n|start\n|switch|p1a: Raichu|Raichu, L50, M|100/100\n|switch|p1b: Floette|Floette-Eternal, L50, F|100/100\n|switch|p2a: Scizor|Scizor, L50, M|100/100\n|switch|p2b: Basculegion|Basculegion, L50, M|100/100\n|turn|1\n|\n|t:|1776035732\n|detailschange|p1b: Floette|Floette-Mega, L50, F\n|-mega|p1b: Floette|Floette|Floettite\n|-ability|p1b: Floette|Fairy Aura\n|detailschange|p2a: Scizor|Scizor-Mega, L50, M\n|-mega|p2a: Scizor|Scizor|Scizorite\n|move|p1a: Raichu|Fake Out|p2a: Scizor\n|-resisted|p2a: Scizor|1\n|-damage|p2a: Scizor|98/100\n|move|p2b: Basculegion|Flip Turn|p1a: Raichu\n|-damage|p1a: Raichu|33/100\n|\n|t:|1776035736\n|switch|p2b: Incineroar|Incineroar, L50, F|100/100|[from] Flip Turn\n|-ability|p2b: Incineroar|Intimidate|boost\n|-unboost|p1a: Raichu|atk|1\n|-unboost|p1b: Floette|atk|1\n|move|p1b: Floette|Calm Mind|p1b: Floette\n|-boost|p1b: Floette|spa|1\n|-boost|p1b: Floette|spd|1\n|cant|p2a: Scizor|flinch\n|\n|upkeep\n|turn|2\n|\n|t:|1776035753\n|move|p1b: Floette|Protect|p1b: Floette\n|-singleturn|p1b: Floette|Protect\n|move|p2b: Incineroar|Fake Out|p1b: Floette\n|-activate|p1b: Floette|move: Protect\n|move|p1a: Raichu|Volt Switch|p2b: Incineroar\n|-damage|p2b: Incineroar|81/100\n|\n|t:|1776035761\n|switch|p1a: Pelipper|Pelipper, L50, F|100/100|[from] Volt Switch\n|-weather|RainDance|[from] ability: Drizzle|[of] p1a: Pelipper\n|move|p2a: Scizor|Swords Dance|p2a: Scizor\n|-boost|p2a: Scizor|atk|2\n|\n|-weather|RainDance|[upkeep]\n|upkeep\n|turn|3\n|\n|t:|1776035780\n|switch|p1b: Raichu|Raichu, L50, M|33/100\n|switch|p2b: Ninetales|Ninetales-Alola, L50, F|100/100\n|-weather|Snowscape|[from] ability: Snow Warning|[of] p2b: Ninetales\n|move|p2a: Scizor|Bullet Punch|p1b: Raichu\n|-resisted|p1b: Raichu|1\n|-damage|p1b: Raichu|0 fnt\n|faint|p1b: Raichu\n|move|p1a: Pelipper|Weather Ball|p2a: Scizor\n|-resisted|p2a: Scizor|1\n|-damage|p2a: Scizor|87/100\n|\n|-weather|Snowscape|[upkeep]\n|upkeep\n|\n|t:|1776035795\n|switch|p1b: Basculegion|Basculegion, L50, M|100/100\n|turn|4\n|\n|t:|1776035819\n|move|p1b: Basculegion|Protect|p1b: Basculegion\n|-singleturn|p1b: Basculegion|Protect\n|move|p2b: Ninetales|Freeze-Dry|p1b: Basculegion\n|-activate|p1b: Basculegion|move: Protect\n|move|p2a: Scizor|Bug Bite|p1a: Pelipper\n|-resisted|p1a: Pelipper|1\n|-damage|p1a: Pelipper|56/100\n|-enditem|p1a: Pelipper|Sitrus Berry|[from] stealeat|[move] Bug Bite|[of] p2a: Scizor\n|-heal|p2a: Scizor|100/100|[from] item: Sitrus Berry\n|move|p1a: Pelipper|Tailwind|p1a: Pelipper\n|-sidestart|p1: phantom911|move: Tailwind\n|\n|-weather|Snowscape|[upkeep]\n|upkeep\n|turn|5\n|\n|t:|1776035840\n|switch|p2b: Incineroar|Incineroar, L50, F|81/100\n|-ability|p2b: Incineroar|Intimidate|boost\n|-unboost|p1a: Pelipper|atk|1\n|-unboost|p1b: Basculegion|atk|1\n|switch|p1a: Floette|Floette-Mega, L50, F|100/100\n|-ability|p1a: Floette|Fairy Aura\n|move|p1b: Basculegion|Flip Turn|p2a: Scizor\n|-damage|p2a: Scizor|80/100\n|\n|t:|1776035851\n|switch|p1b: Pelipper|Pelipper, L50, F|56/100|[from] Flip Turn\n|-weather|RainDance|[from] ability: Drizzle|[of] p1b: Pelipper\n|move|p2a: Scizor|Bug Bite|p1b: Pelipper\n|-resisted|p1b: Pelipper|1\n|-damage|p1b: Pelipper|8/100\n|\n|-weather|RainDance|[upkeep]\n|upkeep\n|turn|6\n|\n|t:|1776035867\n|switch|p1b: Basculegion|Basculegion, L50, M|100/100\n|move|p1a: Floette|Protect|p1a: Floette\n|-singleturn|p1a: Floette|Protect\n|move|p2b: Incineroar|Fake Out|p1a: Floette\n|-activate|p1a: Floette|move: Protect\n|move|p2a: Scizor|Bullet Punch|p1b: Basculegion\n|-resisted|p1b: Basculegion|1\n|-damage|p1b: Basculegion|53/100\n|\n|-weather|RainDance|[upkeep]\n|upkeep\n|turn|7\n|inactive|phantom911 has 30 seconds left.\n|\n|t:|1776035894\n|move|p2a: Scizor|Bullet Punch|p1a: Floette\n|-supereffective|p1a: Floette|1\n|-damage|p1a: Floette|0 fnt\n|faint|p1a: Floette\n|move|p1b: Basculegion|Wave Crash|p2a: Scizor\n|-damage|p2a: Scizor|2/100\n|-damage|p1b: Basculegion|29/100|[from] Recoil\n|move|p2b: Incineroar|Darkest Lariat|p1b: Basculegion\n|-supereffective|p1b: Basculegion|1\n|-damage|p1b: Basculegion|0 fnt\n|faint|p1b: Basculegion\n|\n|-weather|RainDance|[upkeep]\n|-sideend|p1: phantom911|move: Tailwind\n|upkeep\n|c|\u2606Gordon Gambley|what item is your basc?\n|j| Nytter877\n|-message|phantom911 forfeited.\n|\n|win|Gordon Gambley\n|n|\u2606phantom911|phantom911\n|n|\u2606Gordon Gambley|gordongambley\n|n| Nytter877|nytter877\n|l|\u2606phantom911\n|player|p1|\n",
  "uploadtime": 1776035919,
  "views": 32,
  "formatid": "gen9championsvgc2026regma",
  "rating": null,
  "private": 0,
  "password": null
}