{
  "id": "gen9championsvgc2026regma-2582255362",
  "format": "[Gen 9 Champions] VGC 2026 Reg M-A",
  "players": [
    "thefloshingcat",
    "evokenz"
  ],
  "log": "|j|\u2606thefloshingcat\n|j|\u2606evokenz\n|t:|1776076688\n|gametype|doubles\n|player|p1|thefloshingcat|plasmagrunt-gen5bw|1073\n|player|p2|evokenz|265|1173\n|gen|9\n|tier|[Gen 9 Champions] VGC 2026 Reg M-A\n|rated|\n|rule|Species Clause: Limit one of each Pok\u00e9mon\n|rule|Item Clause: Limit 1 of each item\n|clearpoke\n|poke|p1|Floette-Eternal, L50, F|\n|poke|p1|Maushold-Four, L50|\n|poke|p1|Garchomp, L50, F|\n|poke|p1|Basculegion, L50, M|\n|poke|p1|Arcanine-Hisui, L50, F|\n|poke|p1|Decidueye-Hisui, L50, F|\n|poke|p2|Dragapult, L50, M|\n|poke|p2|Sneasler, L50, F|\n|poke|p2|Incineroar, L50, F|\n|poke|p2|Maushold, L50|\n|poke|p2|Floette-Eternal, L50, F|\n|poke|p2|Kingambit, L50, M|\n|teampreview|4\nevokenz has agreed to open team sheets.\nthefloshingcat rejected open team sheets.\n|\n|t:|1776076732\n|teamsize|p1|4\n|teamsize|p2|4\n|start\n|switch|p1a: Floette|Floette-Eternal, L50, F|100/100\n|switch|p1b: Maushold|Maushold-Four, L50|100/100\n|switch|p2a: Dragapult|Dragapult, L50, M|100/100\n|switch|p2b: Incineroar|Incineroar, L50, F|100/100\n|-ability|p2b: Incineroar|Intimidate|boost\n|-unboost|p1a: Floette|atk|1\n|-unboost|p1b: Maushold|atk|1\n|turn|1\n|\n|t:|1776076769\n|detailschange|p1a: Floette|Floette-Mega, L50, F\n|-mega|p1a: Floette|Floette|Floettite\n|-ability|p1a: Floette|Fairy Aura\n|move|p2b: Incineroar|Fake Out|p1a: Floette\n|-damage|p1a: Floette|88/100\n|move|p2a: Dragapult|Thunder Wave|p1a: Floette\n|-status|p1a: Floette|par\n|move|p1b: Maushold|Encore|p2b: Incineroar\n|-start|p2b: Incineroar|Encore\n|cant|p1a: Floette|flinch\n|\n|upkeep\n|turn|2\n|\n|t:|1776076798\n|switch|p2a: Sneasler|Sneasler, L50, F|100/100\n|switch|p2b: Floette|Floette-Eternal, L50, F|100/100\n|move|p1b: Maushold|U-turn|p2a: Sneasler\n|-resisted|p2a: Sneasler|2\n|-damage|p2a: Sneasler|97/100\n|\n|t:|1776076805\n|switch|p1b: Arcanine|Arcanine-Hisui, L50, F|100/100|[from] U-turn\n|-ability|p1b: Arcanine|Intimidate|boost\n|-unboost|p2a: Sneasler|atk|1\n|-unboost|p2b: Floette|atk|1\n|-enditem|p2a: Sneasler|White Herb\n|-clearnegativeboost|p2a: Sneasler|[silent]\n|move|p1a: Floette|Dazzling Gleam|p2a: Sneasler|[spread] p2a,p2b\n|-damage|p2a: Sneasler|29/100\n|-damage|p2b: Floette|60/100\n|\n|upkeep\n|turn|3\n|-activate|p1b: Arcanine|item: Quick Claw\n|\n|t:|1776076832\n|detailschange|p2b: Floette|Floette-Mega, L50, F\n|-mega|p2b: Floette|Floette|Floettite\n|-ability|p2b: Floette|Fairy Aura\n|move|p2a: Sneasler|Protect|p2a: Sneasler\n|-singleturn|p2a: Sneasler|Protect\n|move|p1b: Arcanine|Head Smash|p2b: Floette|[miss]\n|-miss|p1b: Arcanine|p2b: Floette\n|move|p2b: Floette|Moonblast|p1a: Floette\n|-damage|p1a: Floette|25/100 par\n|move|p1a: Floette|Dazzling Gleam|p2b: Floette|[spread] p2b\n|-activate|p2a: Sneasler|move: Protect\n|-damage|p2b: Floette|26/100\n|\n|upkeep\n|turn|4\n|\n|t:|1776076853\n|switch|p1a: Maushold|Maushold-Four, L50|100/100\n|move|p2a: Sneasler|Close Combat|p1b: Arcanine\n|-supereffective|p1b: Arcanine|1\n|-damage|p1b: Arcanine|0 fnt\n|-unboost|p2a: Sneasler|def|1\n|-unboost|p2a: Sneasler|spd|1\n|faint|p1b: Arcanine\n|move|p2b: Floette|Moonblast|p1a: Maushold\n|-damage|p1a: Maushold|2/100\n|\n|upkeep\n|\n|t:|1776076861\n|switch|p1b: Garchomp|Garchomp, L50, F|100/100\n|turn|5\n|\n|t:|1776076878\n|move|p2a: Sneasler|Close Combat|p1b: Garchomp\n|-damage|p1b: Garchomp|46/100\n|-unboost|p2a: Sneasler|def|1\n|-unboost|p2a: Sneasler|spd|1\n|-damage|p2a: Sneasler|17/100|[from] ability: Rough Skin|[of] p1b: Garchomp\n|move|p1a: Maushold|Thunder Wave|p2b: Floette|[miss]\n|-miss|p1a: Maushold|p2b: Floette\n|move|p1b: Garchomp|Earthquake|p2b: Floette|[spread] p1a,p2a,p2b\n|-supereffective|p2a: Sneasler|1\n|-damage|p1a: Maushold|0 fnt\n|-damage|p2a: Sneasler|0 fnt\n|-damage|p2b: Floette|0 fnt\n|faint|p1a: Maushold\n|faint|p2a: Sneasler\n|faint|p2b: Floette\n|\n|-heal|p1b: Garchomp|52/100|[from] item: Leftovers\n|upkeep\n|\n|t:|1776076894\n|switch|p1a: Floette|Floette-Mega, L50, F|25/100 par\n|switch|p2a: Dragapult|Dragapult, L50, M|100/100\n|switch|p2b: Incineroar|Incineroar, L50, F|100/100\n|-ability|p1a: Floette|Fairy Aura\n|-ability|p2b: Incineroar|Intimidate|boost\n|-unboost|p1a: Floette|atk|1\n|-unboost|p1b: Garchomp|atk|1\n|turn|6\n|\n|t:|1776076908\n|move|p2b: Incineroar|Fake Out|p1a: Floette\n|-damage|p1a: Floette|7/100 par\n|move|p2a: Dragapult|Draco Meteor|p1b: Garchomp\n|-supereffective|p1b: Garchomp|1\n|-damage|p1b: Garchomp|0 fnt\n|-unboost|p2a: Dragapult|spa|2\n|faint|p1b: Garchomp\n|cant|p1a: Floette|flinch\n|\n|upkeep\n|turn|7\n|\n|t:|1776076919\n|move|p2a: Dragapult|Shadow Ball|p1a: Floette\n|-damage|p1a: Floette|0 fnt\n|faint|p1a: Floette\n|\n|win|evokenz\n|raw|thefloshingcat's rating: 1073 &rarr; <strong>1058</strong><br />(-15 for losing)\n|raw|evokenz's rating: 1173 &rarr; <strong>1191</strong><br />(+18 for winning)\n",
  "uploadtime": 1776076920,
  "views": 8,
  "formatid": "gen9championsvgc2026regma",
  "rating": 1058,
  "private": 0,
  "password": null
}