{
  "id": "gen9championsvgc2026regma-2581519567",
  "format": "[Gen 9 Champions] VGC 2026 Reg M-A",
  "players": [
    "jvmummy",
    "kevincg130"
  ],
  "log": "|j|\u2606jvmummy\n|j|\u2606kevincg130\n|t:|1776007725\n|gametype|doubles\n|player|p1|jvmummy|169|1111\n|player|p2|kevincg130|266|1068\n|gen|9\n|tier|[Gen 9 Champions] VGC 2026 Reg M-A\n|rated|\n|rule|Species Clause: Limit one of each Pok\u00e9mon\n|rule|Item Clause: Limit 1 of each item\n|clearpoke\n|poke|p1|Crabominable, L50, M|\n|poke|p1|Incineroar, L50, F|\n|poke|p1|Farigiraf, L50, M|\n|poke|p1|Ninetales-Alola, L50, F|\n|poke|p1|Basculegion, L50, M|\n|poke|p1|Torkoal, L50, F|\n|poke|p2|Venusaur, L50, F|\n|poke|p2|Charizard, L50, F|\n|poke|p2|Scovillain, L50, M|\n|poke|p2|Whimsicott, L50, M|\n|poke|p2|Gengar, L50, M|\n|poke|p2|Incineroar, L50, M|\n|teampreview|4\nkevincg130 has agreed to open team sheets.\n|inactive|Battle timer is ON: inactive players will automatically lose when time's up. (requested by kevincg130)\n|inactive|jvmummy has 60 seconds left.\n|\n|t:|1776007778\n|teamsize|p1|4\n|teamsize|p2|4\n|start\n|switch|p1a: Ninetales|Ninetales-Alola, L50, F|100/100\n|switch|p1b: Crabominable|Crabominable, L50, M|100/100\n|switch|p2a: Scovillain|Scovillain, L50, M|100/100\n|switch|p2b: Whimsicott|Whimsicott, L50, M|100/100\n|-weather|Snowscape|[from] ability: Snow Warning|[of] p1a: Ninetales\n|turn|1\n|\n|t:|1776007802\n|detailschange|p1b: Crabominable|Crabominable-Mega, L50, M\n|-mega|p1b: Crabominable|Crabominable|Crabominite\n|move|p2b: Whimsicott|Sunny Day|p2b: Whimsicott\n|-weather|SunnyDay\n|move|p2a: Scovillain|Flamethrower|p1b: Crabominable\n|-supereffective|p1b: Crabominable|1\n|-damage|p1b: Crabominable|0 fnt\n|faint|p1b: Crabominable\n|move|p1a: Ninetales|Blizzard|p2b: Whimsicott|[spread] p2a,p2b\n|-supereffective|p2b: Whimsicott|1\n|-damage|p2a: Scovillain|63/100\n|-damage|p2b: Whimsicott|16/100\n|\n|-weather|SunnyDay|[upkeep]\n|upkeep\n|\n|t:|1776007811\n|switch|p1b: Incineroar|Incineroar, L50, F|100/100\n|-ability|p1b: Incineroar|Intimidate|boost\n|-unboost|p2a: Scovillain|atk|1\n|-unboost|p2b: Whimsicott|atk|1\n|turn|2\n|inactive|jvmummy has 30 seconds left.\n|\n|t:|1776007841\n|move|p1a: Ninetales|Protect|p1a: Ninetales\n|-singleturn|p1a: Ninetales|Protect\n|move|p1b: Incineroar|Fake Out|p2b: Whimsicott\n|-damage|p2b: Whimsicott|0 fnt\n|faint|p2b: Whimsicott\n|move|p2a: Scovillain|Flamethrower|p1a: Ninetales\n|-activate|p1a: Ninetales|move: Protect\n|\n|-weather|SunnyDay|[upkeep]\n|upkeep\n|\n|t:|1776007855\n|switch|p2b: Venusaur|Venusaur, L50, F|100/100\n|turn|3\n|inactive|jvmummy has 30 seconds left.\n|\n|t:|1776007890\n|switch|p1b: Basculegion|Basculegion, L50, M|100/100\n|move|p2b: Venusaur|Sleep Powder|p1b: Basculegion|[miss]\n|-miss|p2b: Venusaur|p1b: Basculegion\n|move|p2a: Scovillain|Flamethrower|p1a: Ninetales\n|-supereffective|p1a: Ninetales|1\n|-enditem|p1a: Ninetales|Focus Sash\n|-damage|p1a: Ninetales|1/100\n|move|p1a: Ninetales|Blizzard|p2b: Venusaur|[spread] p2a,p2b\n|-crit|p2a: Scovillain\n|-supereffective|p2b: Venusaur|1\n|-damage|p2a: Scovillain|6/100\n|-damage|p2b: Venusaur|52/100\n|\n|-weather|SunnyDay|[upkeep]\n|upkeep\n|turn|4\n|\n|t:|1776007910\n|switch|p2b: Charizard|Charizard, L50, F, shiny|100/100\n|switch|p1a: Incineroar|Incineroar, L50, F|100/100\n|-ability|p1a: Incineroar|Intimidate|boost\n|-unboost|p2a: Scovillain|atk|1\n|-unboost|p2b: Charizard|atk|1\n|move|p1b: Basculegion|Last Respects|p2b: Charizard\n|-damage|p2b: Charizard|22/100\n|move|p2a: Scovillain|Solar Beam||[still]\n|-prepare|p2a: Scovillain|Solar Beam\n|-anim|p2a: Scovillain|Solar Beam|p1b: Basculegion\n|-supereffective|p1b: Basculegion|1\n|-damage|p1b: Basculegion|0 fnt\n|faint|p1b: Basculegion\n|\n|-weather|SunnyDay|[upkeep]\n|-damage|p2b: Charizard|9/100|[from] ability: Solar Power|[of] p2b: Charizard\n|upkeep\n|\n|t:|1776007919\n|switch|p1b: Ninetales|Ninetales-Alola, L50, F|1/100\n|-weather|Snowscape|[from] ability: Snow Warning|[of] p1b: Ninetales\n|turn|5\n|\n|t:|1776007938\n|detailschange|p2b: Charizard|Charizard-Mega-Y, L50, F, shiny\n|-mega|p2b: Charizard|Charizard|Charizardite Y\n|-weather|SunnyDay|[from] ability: Drought|[of] p2b: Charizard\n|move|p1a: Incineroar|Fake Out|p2a: Scovillain\n|-damage|p2a: Scovillain|0 fnt\n|faint|p2a: Scovillain\n|move|p1b: Ninetales|Blizzard|p2b: Charizard\n|-damage|p2b: Charizard|0 fnt\n|faint|p2b: Charizard\n|\n|-weather|SunnyDay|[upkeep]\n|upkeep\n|\n|t:|1776007948\n|switch|p2b: Venusaur|Venusaur, L50, F|52/100\n|turn|6\n|\n|t:|1776007972\n|move|p2b: Venusaur|Sleep Powder|p1a: Incineroar|[miss]\n|-miss|p2b: Venusaur|p1a: Incineroar\n|move|p1b: Ninetales|Blizzard|p2b: Venusaur\n|-supereffective|p2b: Venusaur|1\n|-damage|p2b: Venusaur|0 fnt\n|faint|p2b: Venusaur\n|\n|win|jvmummy\n|raw|jvmummy's rating: 1111 &rarr; <strong>1133</strong><br />(+22 for winning)\n|raw|kevincg130's rating: 1068 &rarr; <strong>1050</strong><br />(-18 for losing)\n|l|\u2606kevincg130\n|player|p2|\n",
  "uploadtime": 1776007983,
  "views": 33,
  "formatid": "gen9championsvgc2026regma",
  "rating": 1050,
  "private": 0,
  "password": null
}