{
  "id": "gen9championsvgc2026regma-2585198935",
  "format": "[Gen 9 Champions] VGC 2026 Reg M-A",
  "players": [
    "youngmegagengar",
    "San gerger"
  ],
  "log": "|j|\u2606youngmegagengar\n|j|\u2606San gerger\n|t:|1776324028\n|gametype|doubles\n|player|p1|youngmegagengar|2|1454\n|player|p2|San gerger|1|1492\n|gen|9\n|tier|[Gen 9 Champions] VGC 2026 Reg M-A\n|rated|\n|rule|Species Clause: Limit one of each Pok\u00e9mon\n|rule|Item Clause: Limit 1 of each item\n|clearpoke\n|poke|p1|Gengar, L50, M|\n|poke|p1|Basculegion, L50, M|\n|poke|p1|Incineroar, L50, M|\n|poke|p1|Kingambit, L50, F|\n|poke|p1|Kommo-o, L50, F|\n|poke|p1|Rotom-Heat, L50|\n|poke|p2|Delphox, L50, F|\n|poke|p2|Floette-Eternal, L50, F|\n|poke|p2|Aerodactyl, L50, M|\n|poke|p2|Kingambit, L50, F|\n|poke|p2|Basculegion-F, L50, F|\n|poke|p2|Sneasler, L50, M|\n|teampreview|4\n|j| maliciousdeez\n|inactive|Battle timer is ON: inactive players will automatically lose when time's up. (requested by San gerger)\n|\n|t:|1776324061\n|teamsize|p1|4\n|teamsize|p2|4\n|start\n|switch|p1a: Gengar|Gengar, L50, M, shiny|100/100\n|switch|p1b: Rotom|Rotom-Heat, L50|100/100\n|switch|p2a: Kingambit|Kingambit, L50, F|100/100\n|switch|p2b: Basculegion|Basculegion-F, L50, F|100/100\n|turn|1\n|\n|t:|1776324083\n|detailschange|p1a: Gengar|Gengar-Mega, L50, M, shiny\n|-mega|p1a: Gengar|Gengar|Gengarite\n|move|p1a: Gengar|Protect|p1a: Gengar\n|-singleturn|p1a: Gengar|Protect\n|move|p2b: Basculegion|Muddy Water|p1a: Gengar|[spread] p1b\n|-activate|p1a: Gengar|move: Protect\n|-supereffective|p1b: Rotom|1\n|-enditem|p1b: Rotom|Passho Berry|[eat]\n|-enditem|p1b: Rotom|Passho Berry|[weaken]\n|-damage|p1b: Rotom|58/100\n|move|p1b: Rotom|Volt Switch|p2b: Basculegion\n|-supereffective|p2b: Basculegion|1\n|-damage|p2b: Basculegion|26/100\n|\n|t:|1776324096\n|switch|p1b: Kommo-o|Kommo-o, L50, F|100/100|[from] Volt Switch\n|move|p2a: Kingambit|Kowtow Cleave|p1b: Kommo-o\n|-resisted|p1b: Kommo-o|1\n|-damage|p1b: Kommo-o|81/100\n|\n|-heal|p1b: Kommo-o|87/100|[from] item: Leftovers\n|upkeep\n|turn|2\n|inactive|youngmegagengar has 30 seconds left.\n|\n|t:|1776324130\n|move|p2b: Basculegion|Muddy Water|p1a: Gengar|[spread] p1b\n|-miss|p2b: Basculegion|p1a: Gengar\n|-resisted|p1b: Kommo-o|1\n|-damage|p1b: Kommo-o|67/100\n|move|p1a: Gengar|Perish Song|p1a: Gengar\n|-start|p1a: Gengar|perish3|[silent]\n|-immune|p1b: Kommo-o|[from] ability: Soundproof\n|-start|p2a: Kingambit|perish3|[silent]\n|-start|p2b: Basculegion|perish3|[silent]\n|-fieldactivate|move: Perish Song\n|move|p1b: Kommo-o|Aura Sphere|p2a: Kingambit\n|-supereffective|p2a: Kingambit|2\n|-crit|p2a: Kingambit\n|-enditem|p2a: Kingambit|Chople Berry|[eat]\n|-enditem|p2a: Kingambit|Chople Berry|[weaken]\n|-damage|p2a: Kingambit|0 fnt\n|faint|p2a: Kingambit\n|\n|-heal|p1b: Kommo-o|73/100|[from] item: Leftovers\n|-start|p2b: Basculegion|perish3\n|-start|p1a: Gengar|perish3\n|upkeep\n|\n|t:|1776324151\n|switch|p2a: Aerodactyl|Aerodactyl, L50, M|100/100\n|-ability|p2a: Aerodactyl|Unnerve\n|turn|3\n|j| njxfnewnfw2\n|j| CrazyyBoi\n|inactive|youngmegagengar has 30 seconds left.\n|\n|t:|1776324181\n|switch|p2b: Floette|Floette-Eternal, L50, F|100/100\n|move|p1a: Gengar|Shadow Ball|p2a: Aerodactyl\n|-damage|p2a: Aerodactyl|37/100\n|move|p2a: Aerodactyl|Tailwind|p2a: Aerodactyl\n|-sidestart|p2: San gerger|move: Tailwind\n|move|p1b: Kommo-o|Aura Sphere|p2a: Aerodactyl\n|-damage|p2a: Aerodactyl|0 fnt\n|faint|p2a: Aerodactyl\n|\n|-heal|p1b: Kommo-o|79/100|[from] item: Leftovers\n|-start|p1a: Gengar|perish2\n|upkeep\n|\n|t:|1776324196\n|switch|p2a: Basculegion|Basculegion-F, L50, F|26/100\n|turn|4\n|inactive|youngmegagengar has 30 seconds left.\n|\n|t:|1776324222\n|switch|p1a: Rotom|Rotom-Heat, L50|58/100\n|detailschange|p2b: Floette|Floette-Mega, L50, F\n|-mega|p2b: Floette|Floette|Floettite\n|-ability|p2b: Floette|Fairy Aura\n|move|p2a: Basculegion|Shadow Ball|p1a: Rotom\n|-damage|p1a: Rotom|5/100\n|move|p2b: Floette|Dazzling Gleam|p1a: Rotom|[spread] p1a,p1b\n|-resisted|p1a: Rotom|1\n|-supereffective|p1b: Kommo-o|2\n|-damage|p1a: Rotom|0 fnt\n|-damage|p1b: Kommo-o|0 fnt\n|faint|p1a: Rotom\n|faint|p1b: Kommo-o\n|\n|upkeep\n|\n|t:|1776324238\n|switch|p1b: Basculegion|Basculegion, L50, M|100/100\n|switch|p1a: Gengar|Gengar-Mega, L50, M, shiny|100/100\n|turn|5\n|inactive|youngmegagengar has 30 seconds left.\n|inactive|San gerger has 30 seconds left.\n|\n|t:|1776324269\n|move|p2a: Basculegion|Shadow Ball|p1b: Basculegion\n|-supereffective|p1b: Basculegion|1\n|-damage|p1b: Basculegion|0 fnt\n|faint|p1b: Basculegion\n|move|p2b: Floette|Moonblast|p1a: Gengar\n|-resisted|p1a: Gengar|1\n|-damage|p1a: Gengar|57/100\n|move|p1a: Gengar|Shadow Ball|p2a: Basculegion\n|-supereffective|p2a: Basculegion|1\n|-damage|p2a: Basculegion|0 fnt\n|faint|p2a: Basculegion\n|\n|upkeep\n|turn|6\n|\n|t:|1776324282\n|move|p1a: Gengar|Protect|p1a: Gengar\n|-singleturn|p1a: Gengar|Protect\n|move|p2b: Floette|Light of Ruin|p1a: Gengar\n|-activate|p1a: Gengar|move: Protect\n|\n|-sideend|p2: San gerger|move: Tailwind\n|upkeep\n|turn|7\n|\n|t:|1776324291\n|move|p1a: Gengar|Sludge Bomb|p2b: Floette\n|-supereffective|p2b: Floette|1\n|-damage|p2b: Floette|26/100\n|move|p2b: Floette|Light of Ruin|p1a: Gengar\n|-resisted|p1a: Gengar|1\n|-damage|p1a: Gengar|0 fnt\n|faint|p1a: Gengar\n|-damage|p2b: Floette|0 fnt|[from] Recoil\n|faint|p2b: Floette\n|\n|win|San gerger\n|raw|youngmegagengar's rating: 1454 &rarr; <strong>1436</strong><br />(-18 for losing)\n|raw|San gerger's rating: 1492 &rarr; <strong>1510</strong><br />(+18 for winning)\n|l| CrazyyBoi\n",
  "uploadtime": 1776324301,
  "views": 29,
  "formatid": "gen9championsvgc2026regma",
  "rating": 1436,
  "private": 0,
  "password": null
}