{
  "id": "gen9championsvgc2026regma-2586793757",
  "format": "[Gen 9 Champions] VGC 2026 Reg M-A",
  "players": [
    "HonestTestingFan",
    "Ongalabong"
  ],
  "log": "|j|\u2606HonestTestingFan\n|j|\u2606Ongalabong\n|t:|1776460393\n|gametype|doubles\n|player|p1|HonestTestingFan|170|1233\n|player|p2|Ongalabong|benga|1257\n|gen|9\n|tier|[Gen 9 Champions] VGC 2026 Reg M-A\n|rated|\n|rule|Species Clause: Limit one of each Pok\u00e9mon\n|rule|Item Clause: Limit 1 of each item\n|clearpoke\n|poke|p1|Meganium, L50, F|\n|poke|p1|Tyranitar, L50, M|\n|poke|p1|Gyarados, L50, M|\n|poke|p1|Corviknight, L50, M|\n|poke|p1|Excadrill, L50, M|\n|poke|p1|Armarouge, L50, M|\n|poke|p2|Crabominable, L50, F|\n|poke|p2|Farigiraf, L50, F|\n|poke|p2|Incineroar, L50, F|\n|poke|p2|Venusaur, L50, M|\n|poke|p2|Basculegion, L50, M|\n|poke|p2|Ninetales-Alola, L50, F|\n|teampreview|4\n|inactive|Battle timer is ON: inactive players will automatically lose when time's up. (requested by HonestTestingFan)\n|inactive|HonestTestingFan has 60 seconds left.\n|inactive|Ongalabong has 60 seconds left.\n|\n|t:|1776460453\n|teamsize|p1|4\n|teamsize|p2|4\n|start\n|switch|p1a: Gyarados|Gyarados, L50, M, shiny|100/100\n|switch|p1b: Corviknight|Corviknight, L50, M, shiny|100/100\n|switch|p2a: Venusaur|Venusaur, L50, M|100/100\n|switch|p2b: Basculegion|Basculegion, L50, M|100/100\n|-ability|p1a: Gyarados|Intimidate|boost\n|-unboost|p2a: Venusaur|atk|1\n|-unboost|p2b: Basculegion|atk|1\n|turn|1\n|\n|t:|1776460469\n|detailschange|p2a: Venusaur|Venusaur-Mega, L50, M\n|-mega|p2a: Venusaur|Venusaur|Venusaurite\n|move|p2b: Basculegion|Flip Turn|p1b: Corviknight\n|-damage|p1b: Corviknight|77/100\n|\n|t:|1776460476\n|switch|p2b: Ninetales|Ninetales-Alola, L50, F|100/100|[from] Flip Turn\n|-weather|Snowscape|[from] ability: Snow Warning|[of] p2b: Ninetales\n|move|p1a: Gyarados|Thunder Wave|p2b: Ninetales\n|-status|p2b: Ninetales|par\n|move|p2a: Venusaur|Leech Seed|p1b: Corviknight\n|-start|p1b: Corviknight|move: Leech Seed\n|move|p1b: Corviknight|Dual Wingbeat|p2a: Venusaur\n|-supereffective|p2a: Venusaur|1\n|-damage|p2a: Venusaur|74/100\n|-supereffective|p2a: Venusaur|1\n|-damage|p2a: Venusaur|47/100\n|-hitcount|p2a: Venusaur|2\n|\n|-weather|Snowscape|[upkeep]\n|-heal|p1b: Corviknight|83/100|[from] item: Leftovers\n|-damage|p1b: Corviknight|70/100|[from] Leech Seed|[of] p2a: Venusaur\n|-heal|p2a: Venusaur|60/100|[silent]\n|upkeep\n|turn|2\n|\n|t:|1776460493\n|switch|p1b: Armarouge|Armarouge, L50, M|100/100\n|switch|p2b: Incineroar|Incineroar, L50, F|100/100\n|-ability|p2b: Incineroar|Intimidate|boost\n|-unboost|p1a: Gyarados|atk|1\n|-unboost|p1b: Armarouge|atk|1\n|move|p1a: Gyarados|Thunder Wave|p2a: Venusaur\n|-status|p2a: Venusaur|par\n|cant|p2a: Venusaur|par\n|\n|-weather|Snowscape|[upkeep]\n|upkeep\n|turn|3\n|inactive|HonestTestingFan has 30 seconds left.\n|\n|t:|1776460523\n|cant|p2a: Venusaur|par\n|move|p1b: Armarouge|Trick|p2b: Incineroar\n|-activate|p1b: Armarouge|move: Trick|[of] p2b: Incineroar\n|-item|p2b: Incineroar|Choice Scarf|[from] move: Trick\n|-item|p1b: Armarouge|Sitrus Berry|[from] move: Trick\n|move|p2b: Incineroar|Throat Chop|p1b: Armarouge\n|-supereffective|p1b: Armarouge|1\n|-damage|p1b: Armarouge|34/100\n|-start|p1b: Armarouge|Throat Chop|[silent]\n|-enditem|p1b: Armarouge|Sitrus Berry|[eat]\n|-heal|p1b: Armarouge|59/100|[from] item: Sitrus Berry\n|move|p1a: Gyarados|Waterfall|p2b: Incineroar\n|-supereffective|p2b: Incineroar|1\n|-damage|p2b: Incineroar|53/100\n|\n|-weather|Snowscape|[upkeep]\n|upkeep\n|turn|4\n|inactive|HonestTestingFan has 30 seconds left.\n|\n|t:|1776460550\n|switch|p1b: Corviknight|Corviknight, L50, M, shiny|70/100\n|move|p2b: Incineroar|Throat Chop|p1b: Corviknight\n|-crit|p1b: Corviknight\n|-damage|p1b: Corviknight|28/100\n|-start|p1b: Corviknight|Throat Chop|[silent]\n|move|p1a: Gyarados|Waterfall|p2b: Incineroar\n|-supereffective|p2b: Incineroar|1\n|-damage|p2b: Incineroar|2/100\n|move|p2a: Venusaur|Leech Seed|p1a: Gyarados\n|-start|p1a: Gyarados|move: Leech Seed\n|\n|-weather|Snowscape|[upkeep]\n|-heal|p1b: Corviknight|34/100|[from] item: Leftovers\n|-damage|p1a: Gyarados|88/100|[from] Leech Seed|[of] p2a: Venusaur\n|-heal|p2a: Venusaur|73/100 par|[silent]\n|upkeep\n|turn|5\n|inactive|Ongalabong has 30 seconds left.\n|\n|t:|1776460582\n|switch|p2b: Basculegion|Basculegion, L50, M|100/100\n|switch|p1a: Armarouge|Armarouge, L50, M|59/100\n|move|p1b: Corviknight|Roost|p1b: Corviknight\n|-heal|p1b: Corviknight|84/100\n|-singleturn|p1b: Corviknight|move: Roost\n|move|p2a: Venusaur|Sludge Bomb|p1a: Armarouge\n|-damage|p1a: Armarouge|7/100\n|-status|p1a: Armarouge|psn\n|\n|-weather|none\n|-heal|p1b: Corviknight|90/100|[from] item: Leftovers\n|-damage|p1a: Armarouge|0 fnt|[from] psn\n|faint|p1a: Armarouge\n|-end|p1b: Corviknight|Throat Chop|[silent]\n|upkeep\n|\n|t:|1776460597\n|switch|p1a: Gyarados|Gyarados, L50, M, shiny|88/100\n|-ability|p1a: Gyarados|Intimidate|boost\n|-unboost|p2a: Venusaur|atk|1\n|-unboost|p2b: Basculegion|atk|1\n|turn|6\n|inactive|Ongalabong has 30 seconds left.\n|\n|t:|1776460627\n|move|p2b: Basculegion|Flip Turn|p1b: Corviknight\n|-damage|p1b: Corviknight|67/100\n|\n|t:|1776460631\n|switch|p2b: Ninetales|Ninetales-Alola, L50, F|100/100 par|[from] Flip Turn\n|-weather|Snowscape|[from] ability: Snow Warning|[of] p2b: Ninetales\n|move|p1a: Gyarados|Thunder Wave|p2b: Ninetales|[miss]\n|-miss|p1a: Gyarados|p2b: Ninetales\n|move|p1b: Corviknight|Dual Wingbeat|p2a: Venusaur\n|-supereffective|p2a: Venusaur|1\n|-damage|p2a: Venusaur|48/100 par\n|-supereffective|p2a: Venusaur|1\n|-damage|p2a: Venusaur|21/100 par\n|-hitcount|p2a: Venusaur|2\n|cant|p2a: Venusaur|par\n|\n|-weather|Snowscape|[upkeep]\n|-heal|p1b: Corviknight|73/100|[from] item: Leftovers\n|upkeep\n|turn|7\n|\n|t:|1776460646\n|move|p1a: Gyarados|Taunt|p2b: Ninetales\n|-start|p2b: Ninetales|move: Taunt\n|move|p1b: Corviknight|Dual Wingbeat|p2a: Venusaur\n|-supereffective|p2a: Venusaur|1\n|-damage|p2a: Venusaur|0 fnt\n|faint|p2a: Venusaur\n|-hitcount|p2: Venusaur|1\n|move|p2b: Ninetales|Blizzard|p1a: Gyarados|[spread] p1a,p1b\n|-damage|p1a: Gyarados|59/100\n|-damage|p1b: Corviknight|45/100\n|\n|-weather|Snowscape|[upkeep]\n|-heal|p1b: Corviknight|51/100|[from] item: Leftovers\n|upkeep\n|inactive|Ongalabong has 30 seconds left.\n|\n|t:|1776460678\n|switch|p2a: Basculegion|Basculegion, L50, M|100/100\n|turn|8\n|\n|t:|1776460687\n|move|p2a: Basculegion|Wave Crash|p1b: Corviknight\n|-damage|p1b: Corviknight|0 fnt\n|faint|p1b: Corviknight\n|-damage|p2a: Basculegion|84/100|[from] Recoil\n|move|p1a: Gyarados|Thunder Wave|p2a: Basculegion\n|-status|p2a: Basculegion|par\n|move|p2b: Ninetales|Blizzard|p1a: Gyarados\n|-damage|p1a: Gyarados|21/100\n|-enditem|p1a: Gyarados|Sitrus Berry|[eat]\n|-heal|p1a: Gyarados|46/100|[from] item: Sitrus Berry\n|\n|-weather|Snowscape|[upkeep]\n|upkeep\n|\n|t:|1776460690\n|switch|p1b: Tyranitar|Tyranitar, L50, M|100/100\n|-weather|Sandstorm|[from] ability: Sand Stream|[of] p1b: Tyranitar\n|turn|9\n|\n|t:|1776460710\n|switch|p2b: Incineroar|Incineroar, L50, F|2/100\n|-ability|p2b: Incineroar|Intimidate|boost\n|-unboost|p1a: Gyarados|atk|1\n|-unboost|p1b: Tyranitar|atk|1\n|detailschange|p1b: Tyranitar|Tyranitar-Mega, L50, M\n|-mega|p1b: Tyranitar|Tyranitar|Tyranitarite\n|move|p1a: Gyarados|Waterfall|p2b: Incineroar\n|-supereffective|p2b: Incineroar|1\n|-damage|p2b: Incineroar|0 fnt\n|faint|p2b: Incineroar\n|move|p2a: Basculegion|Wave Crash|p1b: Tyranitar\n|-supereffective|p1b: Tyranitar|1\n|-damage|p1b: Tyranitar|11/100\n|-damage|p2a: Basculegion|54/100 par|[from] Recoil\n|move|p1b: Tyranitar|Knock Off|p2a: Basculegion\n|-supereffective|p2a: Basculegion|1\n|-damage|p2a: Basculegion|0 fnt\n|-enditem|p2a: Basculegion|Choice Scarf|[from] move: Knock Off|[of] p1b: Tyranitar\n|faint|p2a: Basculegion\n|\n|-weather|Sandstorm|[upkeep]\n|-damage|p1a: Gyarados|40/100|[from] Sandstorm\n|upkeep\n|\n|t:|1776460722\n|switch|p2b: Ninetales|Ninetales-Alola, L50, F|100/100 par\n|-weather|Snowscape|[from] ability: Snow Warning|[of] p2b: Ninetales\n|turn|10\n|\n|t:|1776460730\n|move|p1a: Gyarados|Waterfall|p2b: Ninetales\n|-damage|p2b: Ninetales|78/100 par\n|move|p1b: Tyranitar|Rock Slide|p2b: Ninetales\n|-supereffective|p2b: Ninetales|1\n|-damage|p2b: Ninetales|13/100 par\n|cant|p2b: Ninetales|flinch\n|\n|-weather|Snowscape|[upkeep]\n|upkeep\n|turn|11\n|inactive|Ongalabong has 30 seconds left.\n|\n|t:|1776460758\n|move|p1a: Gyarados|Waterfall|p2b: Ninetales\n|-damage|p2b: Ninetales|0 fnt\n|faint|p2b: Ninetales\n|\n|win|HonestTestingFan\n|raw|HonestTestingFan's rating: 1233 &rarr; <strong>1260</strong><br />(+27 for winning)\n|raw|Ongalabong's rating: 1257 &rarr; <strong>1230</strong><br />(-27 for losing)\n|l|\u2606HonestTestingFan\n|player|p1|\n",
  "uploadtime": 1776460789,
  "views": 34,
  "formatid": "gen9championsvgc2026regma",
  "rating": 1230,
  "private": 0,
  "password": null
}