{
  "id": "gen9championsvgc2026regma-2583404628",
  "format": "[Gen 9 Champions] VGC 2026 Reg M-A",
  "players": [
    "shadeakuma",
    "Cekongzi"
  ],
  "log": "|j|\u2606shadeakuma\n|j|\u2606Cekongzi\n|t:|1776173390\n|gametype|doubles\n|player|p1|shadeakuma|hilbert|1062\n|player|p2|Cekongzi|youngster-gen4dp|1067\n|gen|9\n|tier|[Gen 9 Champions] VGC 2026 Reg M-A\n|rated|\n|rule|Species Clause: Limit one of each Pok\u00e9mon\n|rule|Item Clause: Limit 1 of each item\n|clearpoke\n|poke|p1|Gengar, L50, F|\n|poke|p1|Whimsicott, L50, F|\n|poke|p1|Incineroar, L50, F|\n|poke|p1|Archaludon, L50, F|\n|poke|p1|Pelipper, L50, F|\n|poke|p1|Politoed, L50, M|\n|poke|p2|Delphox, L50, M|\n|poke|p2|Excadrill, L50, M|\n|poke|p2|Jolteon, L50, F|\n|poke|p2|Hawlucha, L50, M|\n|poke|p2|Basculegion, L50, M|\n|poke|p2|Goodra-Hisui, L50, F|\n|teampreview|4\n|c|\u2606shadeakuma|what does mega delphox do\n|c|\u2606shadeakuma|i forgot\nshadeakuma has agreed to open team sheets.\n|c|\u2606Cekongzi|Well\n|c|\u2606Cekongzi|Fast special attacker?\n|c|\u2606Cekongzi|Because it is fast\n|c|\u2606Cekongzi|Like really fast\n|\n|t:|1776173457\n|teamsize|p1|4\n|teamsize|p2|4\n|start\n|switch|p1a: Whimsicott|Whimsicott, L50, F|100/100\n|switch|p1b: Politoed|Politoed, L50, M|100/100\n|switch|p2a: Basculegion|Basculegion, L50, M|100/100\n|switch|p2b: Jolteon|Jolteon, L50, F|100/100\n|-weather|RainDance|[from] ability: Drizzle|[of] p1b: Politoed\n|turn|1\n|c|\u2606shadeakuma|i see i see\n|\n|t:|1776173476\n|move|p1a: Whimsicott|Tailwind|p1a: Whimsicott\n|-sidestart|p1: shadeakuma|move: Tailwind\n|move|p2a: Basculegion|Flip Turn|p1b: Politoed\n|-resisted|p1b: Politoed|1\n|-damage|p1b: Politoed|70/100\n|\n|t:|1776173483\n|switch|p2a: Goodra|Goodra-Hisui, L50, F|100/100|[from] Flip Turn\n|move|p2b: Jolteon|Thunderbolt|p1b: Politoed\n|-supereffective|p1b: Politoed|1\n|-damage|p1b: Politoed|0 fnt\n|faint|p1b: Politoed\n|\n|-weather|RainDance|[upkeep]\n|upkeep\n|\n|t:|1776173507\n|switch|p1b: Gengar|Gengar, L50, F, shiny|100/100\n|turn|2\n|\n|t:|1776173573\n|detailschange|p1b: Gengar|Gengar-Mega, L50, F, shiny\n|-mega|p1b: Gengar|Gengar|Gengarite\n|move|p1a: Whimsicott|Encore|p2b: Jolteon\n|-start|p2b: Jolteon|Encore\n|move|p1b: Gengar|Disable|p2b: Jolteon\n|-start|p2b: Jolteon|Disable|Thunderbolt\n|cant|p2b: Jolteon|Disable|Thunderbolt\n|move|p2a: Goodra|Ice Beam|p1a: Whimsicott\n|-supereffective|p1a: Whimsicott|1\n|-damage|p1a: Whimsicott|37/100\n|\n|-weather|RainDance|[upkeep]\n|upkeep\n|turn|3\n|c|\u2606shadeakuma|umm\n|c|\u2606shadeakuma|idk how to tell you this\n|c|\u2606Cekongzi|Yeah ik\n|c|\u2606Cekongzi|Shadow tag\n|\n|t:|1776173627\n|move|p1a: Whimsicott|Encore|p2a: Goodra\n|-start|p2a: Goodra|Encore\n|move|p1b: Gengar|Disable|p2a: Goodra\n|-start|p2a: Goodra|Disable|Ice Beam\n|-activate|p2b: Jolteon|move: Struggle\n|move|p2b: Jolteon|Struggle|p1a: Whimsicott\n|-damage|p1a: Whimsicott|29/100\n|-damage|p2b: Jolteon|75/100|[from] recoil\n|cant|p2a: Goodra|Disable|Ice Beam\n|\n|-weather|RainDance|[upkeep]\n|upkeep\n|turn|4\n|c|\u2606Cekongzi|Damn\n|c|\u2606shadeakuma|yea\n|c|\u2606shadeakuma|i was trying to tell you\n|\n|t:|1776173650\n|move|p1a: Whimsicott|Fake Tears|p2a: Goodra\n|-unboost|p2a: Goodra|spd|2\n|move|p1b: Gengar|Shadow Ball|p2a: Goodra\n|-damage|p2a: Goodra|32/100\n|-unboost|p2a: Goodra|spd|1\n|-activate|p2b: Jolteon|move: Struggle\n|move|p2b: Jolteon|Struggle|p1b: Gengar\n|-damage|p1b: Gengar|88/100\n|-damage|p2b: Jolteon|50/100|[from] recoil\n|-activate|p2a: Goodra|move: Struggle\n|move|p2a: Goodra|Struggle|p1b: Gengar\n|-damage|p1b: Gengar|71/100\n|-damage|p2a: Goodra|7/100|[from] recoil\n|\n|-weather|RainDance|[upkeep]\n|-heal|p2a: Goodra|13/100|[from] item: Leftovers\n|-end|p2b: Jolteon|Encore\n|-sideend|p1: shadeakuma|move: Tailwind\n|upkeep\n|turn|5\n|\n|t:|1776173676\n|move|p1a: Whimsicott|Tailwind|p1a: Whimsicott\n|-sidestart|p1: shadeakuma|move: Tailwind\n|move|p1b: Gengar|Shadow Ball|p2b: Jolteon\n|-damage|p2b: Jolteon|0 fnt\n|faint|p2b: Jolteon\n|-activate|p2a: Goodra|move: Struggle\n|move|p2a: Goodra|Struggle|p1b: Gengar\n|-damage|p1b: Gengar|54/100\n|-damage|p2a: Goodra|0 fnt|[from] recoil\n|faint|p2a: Goodra\n|\n|-weather|none\n|upkeep\n|\n|t:|1776173693\n|switch|p2b: Basculegion|Basculegion, L50, M|100/100\n|switch|p2a: Excadrill|Excadrill, L50, M|100/100\n|turn|6\n|c|\u2606Cekongzi|Hope this work\n|\n|t:|1776173743\n|detailschange|p2a: Excadrill|Excadrill-Mega, L50, M\n|-mega|p2a: Excadrill|Excadrill|Excadrite\n|move|p1b: Gengar|Protect|p1b: Gengar\n|-singleturn|p1b: Gengar|Protect\n|move|p1a: Whimsicott|Fake Tears|p2a: Excadrill\n|-unboost|p2a: Excadrill|spd|2\n|move|p2b: Basculegion|Last Respects|p1b: Gengar\n|-activate|p1b: Gengar|move: Protect\n|move|p2a: Excadrill|Iron Head|p1a: Whimsicott\n|-supereffective|p1a: Whimsicott|1\n|-damage|p1a: Whimsicott|0 fnt\n|faint|p1a: Whimsicott\n|\n|upkeep\n|c|\u2606shadeakuma|mega excadrill is crazy\n|\n|t:|1776173757\n|switch|p1a: Incineroar|Incineroar, L50, F|100/100\n|-ability|p1a: Incineroar|Intimidate|boost\n|-unboost|p2a: Excadrill|atk|1\n|-unboost|p2b: Basculegion|atk|1\n|turn|7\n|\n|t:|1776173765\n|move|p1a: Incineroar|Fake Out|p2a: Excadrill\n|-resisted|p2a: Excadrill|1\n|-damage|p2a: Excadrill|95/100\n|move|p1b: Gengar|Shadow Ball|p2b: Basculegion\n|-supereffective|p2b: Basculegion|1\n|-damage|p2b: Basculegion|0 fnt\n|faint|p2b: Basculegion\n|cant|p2a: Excadrill|flinch\n|\n|upkeep\n|turn|8\n|c|\u2606Cekongzi|Gg\n|\n|t:|1776173778\n|move|p1b: Gengar|Shadow Ball|p2a: Excadrill\n|-damage|p2a: Excadrill|0 fnt\n|faint|p2a: Excadrill\n|\n|win|shadeakuma\n|raw|shadeakuma's rating: 1062 &rarr; <strong>1093</strong><br />(+31 for winning)\n|raw|Cekongzi's rating: 1067 &rarr; <strong>1047</strong><br />(-20 for losing)\n|c|\u2606shadeakuma|my devilish strategy\n|c|\u2606shadeakuma|gg\n|l|\u2606Cekongzi\n|player|p2|\n",
  "uploadtime": 1776173801,
  "views": 15,
  "formatid": "gen9championsvgc2026regma",
  "rating": 1047,
  "private": 0,
  "password": null
}