{
  "id": "gen9championsvgc2026regma-2581883567",
  "format": "[Gen 9 Champions] VGC 2026 Reg M-A",
  "players": [
    "MigraineMan",
    "Marcplus"
  ],
  "log": "|j|\u2606MigraineMan\n|j|\u2606Marcplus\n|t:|1776036517\n|gametype|doubles\n|player|p1|MigraineMan|101|1104\n|player|p2|Marcplus|dragontamer|1022\n|gen|9\n|tier|[Gen 9 Champions] VGC 2026 Reg M-A\n|rated|\n|rule|Species Clause: Limit one of each Pok\u00e9mon\n|rule|Item Clause: Limit 1 of each item\n|clearpoke\n|poke|p1|Incineroar, L50, M|\n|poke|p1|Maushold-Four, L50|\n|poke|p1|Venusaur, L50, F|\n|poke|p1|Espathra, L50, M|\n|poke|p1|Farigiraf, L50, F|\n|poke|p1|Sneasler, L50, F|\n|poke|p2|Meganium, L50, F|\n|poke|p2|Politoed, L50, F|\n|poke|p2|Basculegion, L50, M|\n|poke|p2|Talonflame, L50, M|\n|poke|p2|Maushold, L50|\n|poke|p2|Archaludon, L50, M|\n|teampreview|4\n|inactive|Battle timer is ON: inactive players will automatically lose when time's up. (requested by MigraineMan)\n|\n|t:|1776036557\n|teamsize|p1|4\n|teamsize|p2|4\n|start\n|switch|p1a: Incineroar|Incineroar, L50, M|100/100\n|switch|p1b: Espathra|Espathra, L50, M, shiny|100/100\n|switch|p2a: Politoed|Politoed, L50, F|100/100\n|switch|p2b: Talonflame|Talonflame, L50, M|100/100\n|-weather|RainDance|[from] ability: Drizzle|[of] p2a: Politoed\n|-ability|p1a: Incineroar|Intimidate|boost\n|-unboost|p2a: Politoed|atk|1\n|-unboost|p2b: Talonflame|atk|1\n|turn|1\n|\n|t:|1776036573\n|move|p1a: Incineroar|Fake Out|p2a: Politoed\n|-damage|p2a: Politoed|85/100\n|move|p2b: Talonflame|Tailwind|p2b: Talonflame\n|-sidestart|p2: Marcplus|move: Tailwind\n|cant|p2a: Politoed|flinch\n|move|p1b: Espathra|Calm Mind|p1b: Espathra\n|-boost|p1b: Espathra|spa|1\n|-boost|p1b: Espathra|spd|1\n|\n|-weather|RainDance|[upkeep]\n|-ability|p1b: Espathra|Speed Boost|boost\n|-boost|p1b: Espathra|spe|1\n|upkeep\n|turn|2\n|\n|t:|1776036586\n|move|p1b: Espathra|Protect|p1b: Espathra\n|-singleturn|p1b: Espathra|Protect\n|move|p2b: Talonflame|U-turn|p1b: Espathra\n|-activate|p1b: Espathra|move: Protect\n|move|p2a: Politoed|Hydro Pump|p1a: Incineroar\n|-supereffective|p1a: Incineroar|1\n|-enditem|p1a: Incineroar|Passho Berry|[eat]\n|-enditem|p1a: Incineroar|Passho Berry|[weaken]\n|-damage|p1a: Incineroar|47/100\n|move|p1a: Incineroar|Parting Shot|p2b: Talonflame\n|-unboost|p2b: Talonflame|atk|1\n|-unboost|p2b: Talonflame|spa|1\n|\n|t:|1776036597\n|switch|p1a: Maushold|Maushold-Four, L50|100/100|[from] Parting Shot\n|\n|-weather|RainDance|[upkeep]\n|-ability|p1b: Espathra|Speed Boost|boost\n|-boost|p1b: Espathra|spe|1\n|upkeep\n|turn|3\n|\n|t:|1776036607\n|move|p1a: Maushold|Follow Me|p1a: Maushold\n|-singleturn|p1a: Maushold|move: Follow Me\n|move|p2b: Talonflame|Dual Wingbeat|p1a: Maushold\n|-damage|p1a: Maushold|91/100\n|-crit|p1a: Maushold\n|-damage|p1a: Maushold|60/100\n|-hitcount|p1a: Maushold|2\n|move|p1b: Espathra|Calm Mind|p1b: Espathra\n|-boost|p1b: Espathra|spa|1\n|-boost|p1b: Espathra|spd|1\n|move|p2a: Politoed|Ice Beam|p1a: Maushold\n|-damage|p1a: Maushold|30/100\n|-enditem|p1a: Maushold|Sitrus Berry|[eat]\n|-heal|p1a: Maushold|55/100|[from] item: Sitrus Berry\n|\n|-weather|RainDance|[upkeep]\n|-ability|p1b: Espathra|Speed Boost|boost\n|-boost|p1b: Espathra|spe|1\n|upkeep\n|turn|4\n|\n|t:|1776036631\n|move|p2b: Talonflame|Dual Wingbeat|p1a: Maushold\n|-damage|p1a: Maushold|45/100\n|-damage|p1a: Maushold|35/100\n|-hitcount|p1a: Maushold|2\n|move|p1b: Espathra|Baton Pass|p1b: Espathra\n|\n|t:|1776036637\n|switch|p1b: Venusaur|Venusaur, L50, F|100/100|[from] Baton Pass\n|move|p2a: Politoed|Ice Beam|p1b: Venusaur\n|-supereffective|p1b: Venusaur|1\n|-damage|p1b: Venusaur|82/100\n|move|p1a: Maushold|Taunt|p2a: Politoed\n|-start|p2a: Politoed|move: Taunt\n|\n|-weather|RainDance|[upkeep]\n|-sideend|p2: Marcplus|move: Tailwind\n|upkeep\n|turn|5\n|\n|t:|1776036650\n|detailschange|p1b: Venusaur|Venusaur-Mega, L50, F\n|-mega|p1b: Venusaur|Venusaur|Venusaurite\n|move|p2b: Talonflame|Dual Wingbeat|p1b: Venusaur\n|-supereffective|p1b: Venusaur|1\n|-damage|p1b: Venusaur|72/100\n|-supereffective|p1b: Venusaur|1\n|-damage|p1b: Venusaur|62/100\n|-hitcount|p1b: Venusaur|2\n|move|p1b: Venusaur|Giga Drain|p2a: Politoed\n|-supereffective|p2a: Politoed|1\n|-damage|p2a: Politoed|0 fnt\n|-heal|p1b: Venusaur|99/100|[from] drain|[of] p2a: Politoed\n|faint|p2a: Politoed\n|move|p1a: Maushold|Super Fang|p2b: Talonflame\n|-damage|p2b: Talonflame|51/100\n|\n|-weather|none\n|upkeep\n|\n|t:|1776036671\n|switch|p2a: Basculegion|Basculegion, L50, M|100/100\n|turn|6\n|\n|t:|1776036683\n|move|p1a: Maushold|Follow Me|p1a: Maushold\n|-singleturn|p1a: Maushold|move: Follow Me\n|move|p1b: Venusaur|Giga Drain|p2a: Basculegion\n|-supereffective|p2a: Basculegion|1\n|-damage|p2a: Basculegion|0 fnt\n|-heal|p1b: Venusaur|100/100|[from] drain|[of] p2a: Basculegion\n|faint|p2a: Basculegion\n|move|p2b: Talonflame|Flare Blitz|p1a: Maushold\n|-damage|p1a: Maushold|5/100\n|-damage|p2b: Talonflame|39/100|[from] Recoil\n|\n|upkeep\n|\n|t:|1776036687\n|switch|p2a: Meganium|Meganium, L50, F|100/100\n|turn|7\n|-message|Marcplus forfeited.\n|\n|win|MigraineMan\n|raw|MigraineMan's rating: 1104 &rarr; <strong>1122</strong><br />(+18 for winning)\n|raw|Marcplus's rating: 1008 &rarr; <strong>1000</strong><br />(-8 for losing)\n|l|\u2606Marcplus\n|player|p2|\n",
  "uploadtime": 1776036705,
  "views": 18,
  "formatid": "gen9championsvgc2026regma",
  "rating": 1000,
  "private": 0,
  "password": null
}