{
  "id": "gen9championsvgc2026regma-2582882473",
  "format": "[Gen 9 Champions] VGC 2026 Reg M-A",
  "players": [
    "Its andreas tbh",
    "StronkBocchi"
  ],
  "log": "|j|\u2606Its andreas tbh\n|j|\u2606StronkBocchi\n|t:|1776121747\n|gametype|doubles\n|player|p1|Its andreas tbh|102|1069\n|player|p2|StronkBocchi|dawn-gen4pt|1100\n|gen|9\n|tier|[Gen 9 Champions] VGC 2026 Reg M-A\n|rated|\n|rule|Species Clause: Limit one of each Pok\u00e9mon\n|rule|Item Clause: Limit 1 of each item\n|clearpoke\n|poke|p1|Farigiraf, L50, M|\n|poke|p1|Aggron, L50, M|\n|poke|p1|Sinistcha, L50|\n|poke|p1|Tyranitar, L50, F|\n|poke|p1|Dragonite, L50, M|\n|poke|p1|Incineroar, L50, F|\n|poke|p2|Charizard, L50, F|\n|poke|p2|Incineroar, L50, F|\n|poke|p2|Milotic, L50, F|\n|poke|p2|Hydreigon, L50, M|\n|poke|p2|Sneasler, L50, F|\n|poke|p2|Sinistcha, L50|\n|teampreview|4\n|inactive|Battle timer is ON: inactive players will automatically lose when time's up. (requested by StronkBocchi)\n|\n|t:|1776121777\n|teamsize|p1|4\n|teamsize|p2|4\n|start\n|switch|p1a: Tyranitar|Tyranitar, L50, F|100/100\n|switch|p1b: Incineroar|Incineroar, L50, F|100/100\n|switch|p2a: Milotic|Milotic, L50, F|100/100\n|switch|p2b: Incineroar|Incineroar, L50, F|100/100\n|-weather|Sandstorm|[from] ability: Sand Stream|[of] p1a: Tyranitar\n|-ability|p2b: Incineroar|Intimidate|boost\n|-unboost|p1a: Tyranitar|atk|1\n|-unboost|p1b: Incineroar|atk|1\n|-ability|p1b: Incineroar|Intimidate|boost\n|-unboost|p2a: Milotic|atk|1\n|-ability|p2a: Milotic|Competitive|boost\n|-boost|p2a: Milotic|spa|2\n|-unboost|p2b: Incineroar|atk|1\n|turn|1\n|inactive|StronkBocchi has 30 seconds left.\n|inactive|Its andreas tbh has 30 seconds left.\n|inactive|Its andreas tbh has 20 seconds left.\n|\n|t:|1776121830\n|detailschange|p1a: Tyranitar|Tyranitar-Mega, L50, F\n|-mega|p1a: Tyranitar|Tyranitar|Tyranitarite\n|move|p2b: Incineroar|Fake Out|p1a: Tyranitar\n|-resisted|p1a: Tyranitar|1\n|-damage|p1a: Tyranitar|98/100\n|move|p1b: Incineroar|Fake Out|p2a: Milotic\n|-damage|p2a: Milotic|93/100\n|cant|p2a: Milotic|flinch\n|cant|p1a: Tyranitar|flinch\n|\n|-weather|Sandstorm|[upkeep]\n|-damage|p2a: Milotic|87/100|[from] Sandstorm\n|-damage|p2b: Incineroar|95/100|[from] Sandstorm\n|-damage|p1b: Incineroar|95/100|[from] Sandstorm\n|-heal|p2a: Milotic|93/100|[from] item: Leftovers\n|upkeep\n|turn|2\n|inactive|StronkBocchi has 30 seconds left.\n|\n|t:|1776121861\n|switch|p1b: Farigiraf|Farigiraf, L50, M|100/100\n|move|p1a: Tyranitar|Protect|p1a: Tyranitar\n|-singleturn|p1a: Tyranitar|Protect\n|move|p2a: Milotic|Scald|p1a: Tyranitar\n|-activate|p1a: Tyranitar|move: Protect\n|move|p2b: Incineroar|Parting Shot|p1a: Tyranitar\n|-activate|p1a: Tyranitar|move: Protect\n|\n|-weather|Sandstorm|[upkeep]\n|-damage|p2a: Milotic|87/100|[from] Sandstorm\n|-damage|p1b: Farigiraf|94/100|[from] Sandstorm\n|-damage|p2b: Incineroar|89/100|[from] Sandstorm\n|-heal|p2a: Milotic|93/100|[from] item: Leftovers\n|upkeep\n|turn|3\n|\n|t:|1776121879\n|switch|p1a: Sinistcha|Sinistcha, L50|100/100\n|-heal|p1b: Farigiraf|100/100|[from] ability: Hospitality|[of] p1a: Sinistcha\n|move|p2a: Milotic|Scald|p1a: Sinistcha\n|-resisted|p1a: Sinistcha|1\n|-damage|p1a: Sinistcha|70/100\n|move|p2b: Incineroar|Parting Shot|p1a: Sinistcha\n|-unboost|p1a: Sinistcha|atk|1\n|-unboost|p1a: Sinistcha|spa|1\n|\n|t:|1776121890\n|switch|p2b: Sneasler|Sneasler, L50, F|100/100|[from] Parting Shot\n|move|p1b: Farigiraf|Trick Room|p1b: Farigiraf\n|-fieldstart|move: Trick Room|[of] p1b: Farigiraf\n|\n|-weather|Sandstorm|[upkeep]\n|-damage|p1b: Farigiraf|94/100|[from] Sandstorm\n|-damage|p1a: Sinistcha|64/100|[from] Sandstorm\n|-damage|p2a: Milotic|87/100|[from] Sandstorm\n|-damage|p2b: Sneasler|95/100|[from] Sandstorm\n|-heal|p2a: Milotic|93/100|[from] item: Leftovers\n|upkeep\n|turn|4\n|\n|t:|1776121914\n|switch|p2b: Incineroar|Incineroar, L50, F|89/100\n|-ability|p2b: Incineroar|Intimidate|boost\n|-unboost|p1a: Sinistcha|atk|1\n|-unboost|p1b: Farigiraf|atk|1\n|move|p1b: Farigiraf|Psychic|p2b: Incineroar\n|-immune|p2b: Incineroar\n|move|p1a: Sinistcha|Matcha Gotcha|p2a: Milotic|[spread] p2a,p2b\n|-supereffective|p2a: Milotic|1\n|-resisted|p2b: Incineroar|1\n|-damage|p2a: Milotic|72/100\n|-heal|p1a: Sinistcha|74/100|[from] drain|[of] p2a: Milotic\n|-damage|p2b: Incineroar|82/100\n|-heal|p1a: Sinistcha|77/100|[from] drain|[of] p2b: Incineroar\n|move|p2a: Milotic|Scald|p1a: Sinistcha\n|-resisted|p1a: Sinistcha|1\n|-damage|p1a: Sinistcha|44/100\n|\n|-weather|Sandstorm|[upkeep]\n|-damage|p2b: Incineroar|76/100|[from] Sandstorm\n|-damage|p1b: Farigiraf|88/100|[from] Sandstorm\n|-damage|p1a: Sinistcha|38/100|[from] Sandstorm\n|-damage|p2a: Milotic|66/100|[from] Sandstorm\n|-heal|p2a: Milotic|72/100|[from] item: Leftovers\n|upkeep\n|turn|5\n|inactive|Its andreas tbh has 30 seconds left.\n|inactive|StronkBocchi has 30 seconds left.\n|\n|t:|1776121940\n|move|p2b: Incineroar|Throat Chop|p1a: Sinistcha\n|-supereffective|p1a: Sinistcha|1\n|-damage|p1a: Sinistcha|0 fnt\n|faint|p1a: Sinistcha\n|move|p1b: Farigiraf|Hyper Voice|p2b: Incineroar|[spread] p2a,p2b\n|-damage|p2a: Milotic|46/100\n|-damage|p2b: Incineroar|48/100\n|-enditem|p2b: Incineroar|Sitrus Berry|[eat]\n|-heal|p2b: Incineroar|73/100|[from] item: Sitrus Berry\n|move|p2a: Milotic|Scald|p1b: Farigiraf\n|-damage|p1b: Farigiraf|26/100\n|\n|-weather|none\n|-heal|p2a: Milotic|52/100|[from] item: Leftovers\n|upkeep\n|\n|t:|1776121944\n|switch|p1a: Tyranitar|Tyranitar-Mega, L50, F|98/100\n|-weather|Sandstorm|[from] ability: Sand Stream|[of] p1a: Tyranitar\n|turn|6\n|inactive|StronkBocchi has 30 seconds left.\n|\n|t:|1776121977\n|switch|p2b: Sneasler|Sneasler, L50, F|95/100\n|move|p1b: Farigiraf|Psychic|p2a: Milotic\n|-damage|p2a: Milotic|16/100\n|move|p1a: Tyranitar|Rock Slide|p2a: Milotic|[spread] p2b\n|-miss|p1a: Tyranitar|p2a: Milotic\n|-resisted|p2b: Sneasler|1\n|-damage|p2b: Sneasler|68/100\n|move|p2a: Milotic|Recover|p2a: Milotic\n|-heal|p2a: Milotic|66/100\n|\n|-weather|Sandstorm|[upkeep]\n|-damage|p1b: Farigiraf|19/100|[from] Sandstorm\n|-damage|p2a: Milotic|60/100|[from] Sandstorm\n|-damage|p2b: Sneasler|62/100|[from] Sandstorm\n|-heal|p2a: Milotic|66/100|[from] item: Leftovers\n|upkeep\n|turn|7\n|inactive|StronkBocchi has 30 seconds left.\n|\n|t:|1776122005\n|switch|p2b: Incineroar|Incineroar, L50, F|73/100\n|-ability|p2b: Incineroar|Intimidate|boost\n|-unboost|p1a: Tyranitar|atk|1\n|-unboost|p1b: Farigiraf|atk|1\n|move|p2a: Milotic|Protect|p2a: Milotic\n|-singleturn|p2a: Milotic|Protect\n|move|p1b: Farigiraf|Psychic|p2a: Milotic\n|-activate|p2a: Milotic|move: Protect\n|move|p1a: Tyranitar|Earthquake|p2b: Incineroar|[spread] p1b,p2b\n|-activate|p2a: Milotic|move: Protect\n|-supereffective|p2b: Incineroar|1\n|-damage|p1b: Farigiraf|0 fnt\n|-damage|p2b: Incineroar|24/100\n|faint|p1b: Farigiraf\n|\n|-weather|Sandstorm|[upkeep]\n|-damage|p2b: Incineroar|18/100|[from] Sandstorm\n|-damage|p2a: Milotic|60/100|[from] Sandstorm\n|-heal|p2a: Milotic|66/100|[from] item: Leftovers\n|-fieldend|move: Trick Room\n|upkeep\n|\n|t:|1776122012\n|switch|p1b: Incineroar|Incineroar, L50, F|95/100\n|-ability|p1b: Incineroar|Intimidate|boost\n|-unboost|p2a: Milotic|atk|1\n|-ability|p2a: Milotic|Competitive|boost\n|-boost|p2a: Milotic|spa|2\n|-unboost|p2b: Incineroar|atk|1\n|turn|8\n|\n|t:|1776122032\n|move|p1b: Incineroar|Fake Out|p2a: Milotic\n|-damage|p2a: Milotic|53/100\n|move|p2b: Incineroar|Fake Out|p1b: Incineroar\n|-damage|p1b: Incineroar|86/100\n|cant|p2a: Milotic|flinch\n|move|p1a: Tyranitar|Knock Off|p2a: Milotic\n|-damage|p2a: Milotic|18/100\n|-enditem|p2a: Milotic|Leftovers|[from] move: Knock Off|[of] p1a: Tyranitar\n|\n|-weather|Sandstorm|[upkeep]\n|-damage|p2a: Milotic|12/100|[from] Sandstorm\n|-damage|p1b: Incineroar|80/100|[from] Sandstorm\n|-damage|p2b: Incineroar|12/100|[from] Sandstorm\n|upkeep\n|turn|9\n|\n|t:|1776122056\n|switch|p2b: Sneasler|Sneasler, L50, F|62/100\n|move|p1b: Incineroar|Protect|p1b: Incineroar\n|-singleturn|p1b: Incineroar|Protect\n|move|p2a: Milotic|Scald|p1b: Incineroar\n|-activate|p1b: Incineroar|move: Protect\n|move|p1a: Tyranitar|Rock Slide|p2b: Sneasler|[spread] p2a,p2b\n|-resisted|p2b: Sneasler|1\n|-damage|p2a: Milotic|0 fnt\n|-damage|p2b: Sneasler|45/100\n|faint|p2a: Milotic\n|\n|-weather|Sandstorm|[upkeep]\n|-damage|p2b: Sneasler|40/100|[from] Sandstorm\n|-damage|p1b: Incineroar|74/100|[from] Sandstorm\n|upkeep\n|\n|t:|1776122069\n|switch|p2a: Incineroar|Incineroar, L50, F|12/100\n|-ability|p2a: Incineroar|Intimidate|boost\n|-unboost|p1a: Tyranitar|atk|1\n|-unboost|p1b: Incineroar|atk|1\n|turn|10\n|inactive|StronkBocchi has 30 seconds left.\n|\n|t:|1776122105\n|move|p1a: Tyranitar|Protect|p1a: Tyranitar\n|-singleturn|p1a: Tyranitar|Protect\n|move|p2b: Sneasler|Fake Out|p1b: Incineroar\n|-damage|p1b: Incineroar|58/100\n|move|p2a: Incineroar|Parting Shot|p1a: Tyranitar\n|-activate|p1a: Tyranitar|move: Protect\n|cant|p1b: Incineroar|flinch\n|\n|-weather|none\n|upkeep\n|turn|11\n|\n|t:|1776122126\n|move|p1b: Incineroar|Protect|p1b: Incineroar\n|-singleturn|p1b: Incineroar|Protect\n|move|p2b: Sneasler|Close Combat|p1b: Incineroar\n|-activate|p1b: Incineroar|move: Protect\n|move|p1a: Tyranitar|Earthquake|p2a: Incineroar|[spread] p2a,p2b\n|-activate|p1b: Incineroar|move: Protect\n|-supereffective|p2a: Incineroar|1\n|-supereffective|p2b: Sneasler|1\n|-damage|p2a: Incineroar|0 fnt\n|-damage|p2b: Sneasler|0 fnt\n|faint|p2a: Incineroar\n|faint|p2b: Sneasler\n|\n|upkeep\n|-message|StronkBocchi forfeited.\n|\n|win|Its andreas tbh\n|raw|Its andreas tbh's rating: 1069 &rarr; <strong>1101</strong><br />(+32 for winning)\n|raw|StronkBocchi's rating: 1100 &rarr; <strong>1073</strong><br />(-27 for losing)\n|l|\u2606StronkBocchi\n|player|p2|\n",
  "uploadtime": 1776122147,
  "views": 20,
  "formatid": "gen9championsvgc2026regma",
  "rating": 1073,
  "private": 0,
  "password": null
}