{
  "id": "gen9championsvgc2026regma-2582144520",
  "format": "[Gen 9 Champions] VGC 2026 Reg M-A",
  "players": [
    "VTCLA",
    "OJ32"
  ],
  "log": "|j|\u2606VTCLA\n|j|\u2606OJ32\n|t:|1776063727\n|gametype|doubles\n|player|p1|VTCLA|169|1080\n|player|p2|OJ32|169|1024\n|gen|9\n|tier|[Gen 9 Champions] VGC 2026 Reg M-A\n|rated|\n|rule|Species Clause: Limit one of each Pok\u00e9mon\n|rule|Item Clause: Limit 1 of each item\n|clearpoke\n|poke|p1|Aerodactyl, L50, F|\n|poke|p1|Incineroar, L50, M|\n|poke|p1|Sneasler, L50, M|\n|poke|p1|Rotom-Wash, L50|\n|poke|p1|Maushold, L50|\n|poke|p1|Floette-Eternal, L50, F|\n|poke|p2|Raichu, L50, F|\n|poke|p2|Sneasler, L50, M|\n|poke|p2|Froslass, L50, F|\n|poke|p2|Incineroar, L50, F|\n|poke|p2|Garchomp, L50, F|\n|poke|p2|Sinistcha, L50|\n|teampreview|4\n|inactive|Battle timer is ON: inactive players will automatically lose when time's up. (requested by OJ32)\n|inactive|VTCLA has 60 seconds left.\n|inactive|OJ32 has 60 seconds left.\n|\n|t:|1776063774\n|teamsize|p1|4\n|teamsize|p2|4\n|start\n|switch|p1a: Aerodactyl|Aerodactyl, L50, F|100/100\n|switch|p1b: Incineroar|Incineroar, L50, M|100/100\n|switch|p2a: Sneasler|Sneasler, L50, M|100/100\n|switch|p2b: Froslass|Froslass, L50, F|100/100\n|-ability|p1a: Aerodactyl|Unnerve\n|-ability|p1b: Incineroar|Intimidate|boost\n|-unboost|p2a: Sneasler|atk|1\n|-unboost|p2b: Froslass|atk|1\n|-enditem|p2a: Sneasler|White Herb\n|-clearnegativeboost|p2a: Sneasler|[silent]\n|turn|1\n|inactive|VTCLA has 30 seconds left.\n|inactive|VTCLA has 20 seconds left.\n|inactive|VTCLA has 15 seconds left.\n|inactive|VTCLA has 10 seconds left.\n|\n|t:|1776063821\n|detailschange|p2b: Froslass|Froslass-Mega, L50, F\n|-mega|p2b: Froslass|Froslass|Froslassite\n|-weather|Snowscape|[from] ability: Snow Warning|[of] p2b: Froslass\n|move|p2a: Sneasler|Fake Out|p1a: Aerodactyl\n|-resisted|p1a: Aerodactyl|1\n|-damage|p1a: Aerodactyl|90/100\n|cant|p1a: Aerodactyl|flinch\n|move|p2b: Froslass|Blizzard|p1a: Aerodactyl|[spread] p1a,p1b\n|-supereffective|p1a: Aerodactyl|1\n|-resisted|p1b: Incineroar|1\n|-damage|p1a: Aerodactyl|0 fnt\n|-damage|p1b: Incineroar|82/100\n|faint|p1a: Aerodactyl\n|move|p1b: Incineroar|Flare Blitz|p2b: Froslass\n|-supereffective|p2b: Froslass|1\n|-damage|p2b: Froslass|0 fnt\n|faint|p2b: Froslass\n|-damage|p1b: Incineroar|58/100|[from] Recoil\n|\n|-weather|Snowscape|[upkeep]\n|upkeep\n|\n|t:|1776063842\n|switch|p1a: Floette|Floette-Eternal, L50, F|100/100\n|switch|p2b: Garchomp|Garchomp, L50, F|100/100\n|turn|2\n|\n|t:|1776063860\n|detailschange|p1a: Floette|Floette-Mega, L50, F\n|-mega|p1a: Floette|Floette|Floettite\n|-ability|p1a: Floette|Fairy Aura\n|move|p1a: Floette|Protect|p1a: Floette\n|-singleturn|p1a: Floette|Protect\n|move|p2a: Sneasler|Dire Claw|p1a: Floette\n|-activate|p1a: Floette|move: Protect\n|move|p2b: Garchomp|Stomping Tantrum|p1b: Incineroar\n|-supereffective|p1b: Incineroar|1\n|-damage|p1b: Incineroar|0 fnt\n|faint|p1b: Incineroar\n|\n|-weather|Snowscape|[upkeep]\n|upkeep\n|\n|t:|1776063872\n|switch|p1b: Maushold|Maushold, L50|100/100\n|turn|3\n|\n|t:|1776063881\n|move|p1b: Maushold|Follow Me|p1b: Maushold\n|-singleturn|p1b: Maushold|move: Follow Me\n|move|p2a: Sneasler|Dire Claw|p1b: Maushold\n|-damage|p1b: Maushold|41/100\n|move|p2b: Garchomp|Stomping Tantrum|p1b: Maushold\n|-damage|p1b: Maushold|0 fnt\n|faint|p1b: Maushold\n|move|p1a: Floette|Moonblast|p2a: Sneasler\n|-damage|p2a: Sneasler|0 fnt\n|faint|p2a: Sneasler\n|\n|-weather|Snowscape|[upkeep]\n|upkeep\n|\n|t:|1776063884\n|switch|p2a: Raichu|Raichu, L50, F|100/100\n|turn|4\n|\n|t:|1776063895\n|move|p1a: Floette|Protect|p1a: Floette\n|-singleturn|p1a: Floette|Protect\n|move|p2a: Raichu|Fake Out|p1a: Floette\n|-activate|p1a: Floette|move: Protect\n|move|p2b: Garchomp|Stomping Tantrum|p1a: Floette\n|-activate|p1a: Floette|move: Protect\n|\n|-weather|Snowscape|[upkeep]\n|upkeep\n|turn|5\n|\n|t:|1776063905\n|move|p2b: Garchomp|Stomping Tantrum|p1a: Floette\n|-damage|p1a: Floette|51/100\n|move|p2a: Raichu|Nuzzle|p1a: Floette\n|-damage|p1a: Floette|41/100\n|-status|p1a: Floette|par\n|move|p1a: Floette|Moonblast|p2b: Garchomp\n|-supereffective|p2b: Garchomp|1\n|-damage|p2b: Garchomp|0 fnt\n|faint|p2b: Garchomp\n|\n|-weather|none\n|upkeep\n|turn|6\n|\n|t:|1776063917\n|move|p2a: Raichu|Thunder|p1a: Floette\n|-damage|p1a: Floette|5/100 par\n|move|p1a: Floette|Light of Ruin|p2a: Raichu|[miss]\n|-miss|p1a: Floette|p2a: Raichu\n|\n|upkeep\n|turn|7\n|\n|t:|1776063932\n|move|p2a: Raichu|Nuzzle|p1a: Floette\n|-damage|p1a: Floette|0 fnt\n|faint|p1a: Floette\n|\n|win|OJ32\n|raw|VTCLA's rating: 1080 &rarr; <strong>1054</strong><br />(-26 for losing)\n|raw|OJ32's rating: 1024 &rarr; <strong>1066</strong><br />(+42 for winning)\n",
  "uploadtime": 1776063932,
  "views": 9,
  "formatid": "gen9championsvgc2026regma",
  "rating": 1054,
  "private": 0,
  "password": null
}