{
  "id": "gen9championsvgc2026regma-2585436760",
  "format": "[Gen 9 Champions] VGC 2026 Reg M-A",
  "players": [
    "AkioKira",
    "flapplesr4lovers"
  ],
  "log": "|j|\u2606AkioKira\n|j|\u2606flapplesr4lovers\n|t:|1776347207\n|gametype|doubles\n|player|p1|AkioKira|miku-ground|1083\n|player|p2|flapplesr4lovers|265|1092\n|gen|9\n|tier|[Gen 9 Champions] VGC 2026 Reg M-A\n|rated|\n|rule|Species Clause: Limit one of each Pok\u00e9mon\n|rule|Item Clause: Limit 1 of each item\n|clearpoke\n|poke|p1|Skarmory, L50, M|\n|poke|p1|Aerodactyl, L50, M|\n|poke|p1|Sneasler, L50, M|\n|poke|p1|Dragapult, L50, F|\n|poke|p1|Rotom-Wash, L50|\n|poke|p1|Meowscarada, L50, F|\n|poke|p2|Aerodactyl, L50, M|\n|poke|p2|Flapple, L50, M|\n|poke|p2|Sableye, L50, M|\n|poke|p2|Golurk, L50|\n|poke|p2|Milotic, L50, F|\n|poke|p2|Lucario, L50, M|\n|teampreview|4\n|\n|t:|1776347282\n|teamsize|p1|4\n|teamsize|p2|4\n|start\n|switch|p1a: Aerodactyl|Aerodactyl, L50, M|100/100\n|switch|p1b: Dragapult|Dragapult, L50, F|100/100\n|switch|p2a: Aerodactyl|Aerodactyl, L50, M|100/100\n|switch|p2b: Sableye|Sableye, L50, M|100/100\n|-ability|p1a: Aerodactyl|Unnerve\n|-ability|p2a: Aerodactyl|Unnerve\n|turn|1\n|\n|t:|1776347315\n|move|p2b: Sableye|Fake Out|p1a: Aerodactyl\n|-resisted|p1a: Aerodactyl|1\n|-damage|p1a: Aerodactyl|95/100\n|move|p1b: Dragapult|Reflect|p1b: Dragapult\n|-sidestart|p1: AkioKira|Reflect\n|cant|p1a: Aerodactyl|flinch\n|move|p2a: Aerodactyl|Tailwind|p2a: Aerodactyl\n|-sidestart|p2: flapplesr4lovers|move: Tailwind\n|\n|upkeep\n|turn|2\n|\n|t:|1776347336\n|switch|p2a: Flapple|Flapple, L50, M|100/100\n|move|p2b: Sableye|Gravity|p2b: Sableye\n|-fieldstart|move: Gravity\n|move|p1b: Dragapult|Will-O-Wisp|p2a: Flapple\n|-status|p2a: Flapple|brn\n|move|p1a: Aerodactyl|Tailwind|p1a: Aerodactyl\n|-sidestart|p1: AkioKira|move: Tailwind\n|\n|-damage|p2a: Flapple|94/100 brn|[from] brn\n|upkeep\n|turn|3\n|\n|t:|1776347364\n|move|p2b: Sableye|Will-O-Wisp|p1a: Aerodactyl\n|-status|p1a: Aerodactyl|brn\n|move|p1b: Dragapult|Reflect||[still]\n|-fail|p1b: Dragapult\n|move|p2a: Flapple|Grav Apple|p1a: Aerodactyl\n|-damage|p1a: Aerodactyl|47/100 brn\n|-unboost|p1a: Aerodactyl|def|1\n|move|p1a: Aerodactyl|Rock Slide|p2b: Sableye|[spread] p2a,p2b\n|-damage|p2a: Flapple|74/100 brn\n|-damage|p2b: Sableye|87/100\n|\n|-damage|p2a: Flapple|68/100 brn|[from] brn\n|-damage|p1a: Aerodactyl|41/100 brn|[from] brn\n|upkeep\n|turn|4\n|c|\u2606AkioKira|i just wanna say i love flapple a lot\n|c|\u2606AkioKira|so w\n|\n|t:|1776347386\n|move|p2b: Sableye|Will-O-Wisp|p1b: Dragapult\n|-status|p1b: Dragapult|brn\n|move|p1b: Dragapult|Dragon Darts|p2a: Flapple\n|-supereffective|p2a: Flapple|1\n|-damage|p2a: Flapple|39/100 brn\n|-anim|p1b: Dragapult|Dragon Darts|p2b: Sableye\n|-damage|p2b: Sableye|76/100\n|move|p2a: Flapple|Grav Apple|p1a: Aerodactyl\n|-damage|p1a: Aerodactyl|0 fnt\n|faint|p1a: Aerodactyl\n|\n|-damage|p1b: Dragapult|94/100 brn|[from] brn\n|-damage|p2a: Flapple|33/100 brn|[from] brn\n|-sideend|p2: flapplesr4lovers|move: Tailwind\n|upkeep\n|\n|t:|1776347394\n|switch|p1a: Rotom|Rotom-Wash, L50|100/100\n|turn|5\n|\n|t:|1776347410\n|move|p2b: Sableye|Quash|p1b: Dragapult\n|-activate|p1b: Dragapult|move: Quash\n|move|p1a: Rotom|Hydro Pump|p2b: Sableye\n|-damage|p2b: Sableye|15/100\n|move|p2a: Flapple|Grav Apple|p1a: Rotom\n|-supereffective|p1a: Rotom|1\n|-damage|p1a: Rotom|48/100\n|-unboost|p1a: Rotom|def|1\n|move|p1b: Dragapult|Dragon Darts|p2a: Flapple\n|-supereffective|p2a: Flapple|1\n|-damage|p2a: Flapple|5/100 brn\n|-anim|p1b: Dragapult|Dragon Darts|p2b: Sableye\n|-crit|p2b: Sableye\n|-damage|p2b: Sableye|0 fnt\n|faint|p2b: Sableye\n|\n|-heal|p1a: Rotom|54/100|[from] item: Leftovers\n|-damage|p1b: Dragapult|88/100 brn|[from] brn\n|-damage|p2a: Flapple|0 fnt|[from] brn\n|faint|p2a: Flapple\n|-sideend|p1: AkioKira|Reflect\n|-sideend|p1: AkioKira|move: Tailwind\n|upkeep\n|\n|t:|1776347432\n|switch|p2a: Aerodactyl|Aerodactyl, L50, M|100/100\n|switch|p2b: Lucario|Lucario, L50, M|100/100\n|-ability|p2a: Aerodactyl|Unnerve\n|turn|6\n|\n|t:|1776347462\n|detailschange|p2b: Lucario|Lucario-Mega, L50, M\n|-mega|p2b: Lucario|Lucario|Lucarionite\n|move|p1b: Dragapult|Will-O-Wisp|p2b: Lucario\n|-status|p2b: Lucario|brn\n|move|p2a: Aerodactyl|Dual Wingbeat|p1a: Rotom\n|-resisted|p1a: Rotom|1\n|-damage|p1a: Rotom|43/100\n|-resisted|p1a: Rotom|1\n|-damage|p1a: Rotom|30/100\n|-hitcount|p1a: Rotom|2\n|move|p2b: Lucario|Close Combat|p1a: Rotom\n|-damage|p1a: Rotom|0 fnt\n|-unboost|p2b: Lucario|def|1\n|-unboost|p2b: Lucario|spd|1\n|faint|p1a: Rotom\n|\n|-damage|p1b: Dragapult|82/100 brn|[from] brn\n|-damage|p2b: Lucario|94/100 brn|[from] brn\n|-fieldend|move: Gravity\n|upkeep\n|\n|t:|1776347473\n|switch|p1a: SKARM!!!!!!!!!!|Skarmory, L50, M|100/100\n|turn|7\n|\n|t:|1776347494\n|detailschange|p1a: SKARM!!!!!!!!!!|Skarmory-Mega, L50, M\n|-mega|p1a: SKARM!!!!!!!!!!|Skarmory|Skarmorite\n|move|p2b: Lucario|Protect|p2b: Lucario\n|-singleturn|p2b: Lucario|Protect\n|move|p1a: SKARM!!!!!!!!!!|Protect|p1a: SKARM!!!!!!!!!!\n|-singleturn|p1a: SKARM!!!!!!!!!!|Protect\n|move|p1b: Dragapult|Will-O-Wisp|p2a: Aerodactyl\n|-status|p2a: Aerodactyl|brn\n|move|p2a: Aerodactyl|Tailwind|p2a: Aerodactyl\n|-sidestart|p2: flapplesr4lovers|move: Tailwind\n|\n|-damage|p2a: Aerodactyl|95/100 brn|[from] brn\n|-damage|p2b: Lucario|88/100 brn|[from] brn\n|-damage|p1b: Dragapult|76/100 brn|[from] brn\n|upkeep\n|turn|8\n|\n|t:|1776347514\n|move|p2a: Aerodactyl|Rock Slide|p1b: Dragapult|[spread] p1a,p1b\n|-damage|p1a: SKARM!!!!!!!!!!|87/100\n|-damage|p1b: Dragapult|62/100 brn\n|move|p2b: Lucario|Flash Cannon|p1b: Dragapult\n|-damage|p1b: Dragapult|0 fnt\n|faint|p1b: Dragapult\n|move|p1a: SKARM!!!!!!!!!!|Iron Head|p2a: Aerodactyl\n|-supereffective|p2a: Aerodactyl|1\n|-damage|p2a: Aerodactyl|0 fnt\n|faint|p2a: Aerodactyl\n|\n|-damage|p2b: Lucario|82/100 brn|[from] brn\n|upkeep\n|turn|9\n|\n|t:|1776347533\n|move|p1a: SKARM!!!!!!!!!!|Protect|p1a: SKARM!!!!!!!!!!\n|-singleturn|p1a: SKARM!!!!!!!!!!|Protect\n|move|p2b: Lucario|Close Combat|p1a: SKARM!!!!!!!!!!\n|-activate|p1a: SKARM!!!!!!!!!!|move: Protect\n|\n|-damage|p2b: Lucario|76/100 brn|[from] brn\n|upkeep\n|turn|10\n|\n|t:|1776347546\n|move|p2b: Lucario|Close Combat|p1a: SKARM!!!!!!!!!!\n|-damage|p1a: SKARM!!!!!!!!!!|29/100\n|-unboost|p2b: Lucario|def|1\n|-unboost|p2b: Lucario|spd|1\n|move|p1a: SKARM!!!!!!!!!!|Dual Wingbeat|p2b: Lucario\n|-damage|p2b: Lucario|11/100 brn\n|-damage|p2b: Lucario|0 fnt\n|faint|p2b: Lucario\n|-hitcount|p2: Lucario|2\n|\n|win|AkioKira\n|raw|AkioKira's rating: 1083 &rarr; <strong>1111</strong><br />(+28 for winning)\n|raw|flapplesr4lovers's rating: 1092 &rarr; <strong>1068</strong><br />(-24 for losing)\n",
  "uploadtime": 1776347558,
  "views": 32,
  "formatid": "gen9championsvgc2026regma",
  "rating": 1068,
  "private": 0,
  "password": null
}