{
  "id": "gen9championsvgc2026regma-2583854696",
  "format": "[Gen 9 Champions] VGC 2026 Reg M-A",
  "players": [
    "Lesserangel",
    "redeye555"
  ],
  "log": "|j|\u2606Lesserangel\n|j|\u2606redeye555\n|t:|1776202938\n|gametype|doubles\n|player|p1|Lesserangel|waitress-gen4|1067\n|player|p2|redeye555|101|1024\n|gen|9\n|tier|[Gen 9 Champions] VGC 2026 Reg M-A\n|rated|\n|rule|Species Clause: Limit one of each Pok\u00e9mon\n|rule|Item Clause: Limit 1 of each item\n|clearpoke\n|poke|p1|Chimecho, L50, M|\n|poke|p1|Oranguru, L50, M|\n|poke|p1|Hydrapple, L50, M|\n|poke|p1|Liepard, L50, F|\n|poke|p1|Toucannon, L50, F|\n|poke|p1|Mimikyu, L50, F|\n|poke|p2|Floette-Eternal, L50, F|\n|poke|p2|Talonflame, L50, M|\n|poke|p2|Primarina, L50, F|\n|poke|p2|Maushold-Four, L50|\n|poke|p2|Pelipper, L50, M|\n|poke|p2|Sneasler, L50, F|\n|teampreview|4\n|\n|t:|1776202956\n|teamsize|p1|4\n|teamsize|p2|4\n|start\n|switch|p1a: Chimecho|Chimecho, L50, M|100/100\n|switch|p1b: Mimikyu|Mimikyu, L50, F|100/100\n|switch|p2a: Talonflame|Talonflame, L50, M|100/100\n|switch|p2b: Sneasler|Sneasler, L50, F|100/100\n|turn|1\n|\n|t:|1776202977\n|detailschange|p1a: Chimecho|Chimecho-Mega, L50, M\n|-mega|p1a: Chimecho|Chimecho|Chimechite\n|move|p1b: Mimikyu|Protect|p1b: Mimikyu\n|-singleturn|p1b: Mimikyu|Protect\n|move|p2b: Sneasler|Fake Out|p1b: Mimikyu\n|-activate|p1b: Mimikyu|move: Protect\n|move|p2a: Talonflame|Tailwind|p2a: Talonflame\n|-sidestart|p2: redeye555|move: Tailwind\n|move|p1a: Chimecho|Psychic|p2b: Sneasler\n|-supereffective|p2b: Sneasler|2\n|-damage|p2b: Sneasler|0 fnt\n|faint|p2b: Sneasler\n|\n|upkeep\n|\n|t:|1776202991\n|switch|p2b: Floette|Floette-Eternal, L50, F|100/100\n|turn|2\n|\n|t:|1776203010\n|detailschange|p2b: Floette|Floette-Mega, L50, F\n|-mega|p2b: Floette|Floette|Floettite\n|-ability|p2b: Floette|Fairy Aura\n|move|p1a: Chimecho|Protect|p1a: Chimecho\n|-singleturn|p1a: Chimecho|Protect\n|move|p2a: Talonflame|Flare Blitz|p1a: Chimecho\n|-activate|p1a: Chimecho|move: Protect\n|move|p2b: Floette|Moonblast|p1b: Mimikyu\n|-activate|p1b: Mimikyu|ability: Disguise\n|-damage|p1b: Mimikyu|100/100\n|detailschange|p1b: Mimikyu|Mimikyu-Busted, L50, F\n|-damage|p1b: Mimikyu|88/100|[from] pokemon: Mimikyu-Busted\n|move|p1b: Mimikyu|Trick Room|p1b: Mimikyu\n|-fieldstart|move: Trick Room|[of] p1b: Mimikyu\n|\n|upkeep\n|turn|3\n|\n|t:|1776203047\n|move|p1a: Chimecho|Flash Cannon|p2b: Floette\n|-supereffective|p2b: Floette|1\n|-damage|p2b: Floette|43/100\n|move|p1b: Mimikyu|Shadow Claw|p2a: Talonflame\n|-damage|p2a: Talonflame|53/100\n|move|p2b: Floette|Moonblast|p1b: Mimikyu\n|-damage|p1b: Mimikyu|0 fnt\n|faint|p1b: Mimikyu\n|move|p2a: Talonflame|Flare Blitz|p1a: Chimecho\n|-supereffective|p1a: Chimecho|1\n|-damage|p1a: Chimecho|24/100\n|-damage|p2a: Talonflame|23/100|[from] Recoil\n|\n|upkeep\n|\n|t:|1776203063\n|switch|p1b: Toucannon|Toucannon, L50, F|100/100\n|turn|4\n|\n|t:|1776203078\n|move|p1b: Toucannon|Rock Blast|p2a: Talonflame\n|-supereffective|p2a: Talonflame|2\n|-damage|p2a: Talonflame|0 fnt\n|faint|p2a: Talonflame\n|-hitcount|p2: Talonflame|1\n|move|p1a: Chimecho|Flash Cannon|p2b: Floette\n|-supereffective|p2b: Floette|1\n|-damage|p2b: Floette|0 fnt\n|faint|p2b: Floette\n|\n|-sideend|p2: redeye555|move: Tailwind\n|upkeep\n|\n|t:|1776203091\n|switch|p2b: Primarina|Primarina, L50, F|100/100\n|turn|5\n|\n|t:|1776203103\n|move|p1b: Toucannon|Bullet Seed|p2b: Primarina\n|-supereffective|p2b: Primarina|1\n|-damage|p2b: Primarina|76/100\n|-supereffective|p2b: Primarina|1\n|-damage|p2b: Primarina|52/100\n|-supereffective|p2b: Primarina|1\n|-crit|p2b: Primarina\n|-damage|p2b: Primarina|18/100\n|-supereffective|p2b: Primarina|1\n|-damage|p2b: Primarina|0 fnt\n|faint|p2b: Primarina\n|-hitcount|p2: Primarina|4\n|\n|win|Lesserangel\n|raw|Lesserangel's rating: 1067 &rarr; <strong>1093</strong><br />(+26 for winning)\n|raw|redeye555's rating: 1024 &rarr; <strong>1012</strong><br />(-12 for losing)\n",
  "uploadtime": 1776203113,
  "views": 18,
  "formatid": "gen9championsvgc2026regma",
  "rating": 1012,
  "private": 0,
  "password": null
}