{
  "id": "gen9championsvgc2026regma-2586227863",
  "format": "[Gen 9 Champions] VGC 2026 Reg M-A",
  "players": [
    "nd40",
    "lilzjamboz"
  ],
  "log": "|j|\u2606nd40\n|j|\u2606lilzjamboz\n|t:|1776414826\n|gametype|doubles\n|player|p1|nd40|gentleman-gen4|1002\n|player|p2|lilzjamboz|1|1100\n|gen|9\n|tier|[Gen 9 Champions] VGC 2026 Reg M-A\n|rated|\n|rule|Species Clause: Limit one of each Pok\u00e9mon\n|rule|Item Clause: Limit 1 of each item\n|clearpoke\n|poke|p1|Camerupt, L50, F|\n|poke|p1|Hatterene, L50, F|\n|poke|p1|Scizor, L50, F|\n|poke|p1|Venusaur, L50, M|\n|poke|p1|Avalugg, L50, F|\n|poke|p1|Clefable, L50, M|\n|poke|p2|Floette-Eternal, L50, F|\n|poke|p2|Espathra, L50, F|\n|poke|p2|Sinistcha, L50|\n|poke|p2|Basculegion, L50, M|\n|poke|p2|Delphox, L50, M|\n|poke|p2|Meowstic, L50, M|\n|teampreview|4\n|\n|t:|1776414873\n|teamsize|p1|4\n|teamsize|p2|4\n|start\n|switch|p1a: Hatterene|Hatterene, L50, F|100/100\n|switch|p1b: Clefable|Clefable, L50, M, shiny|100/100\n|switch|p2a: Espathra|Espathra, L50, F|100/100\n|switch|p2b: Meowstic|Meowstic, L50, M|100/100\n|turn|1\n|\n|t:|1776414890\n|move|p2b: Meowstic|Fake Out|p1a: Hatterene\n|-damage|p1a: Hatterene|96/100\n|move|p1b: Clefable|Follow Me|p1b: Clefable\n|-singleturn|p1b: Clefable|move: Follow Me\n|move|p2a: Espathra|Lumina Crash|p1b: Clefable\n|-damage|p1b: Clefable|75/100\n|-unboost|p1b: Clefable|spd|2\n|cant|p1a: Hatterene|flinch\n|\n|-ability|p2a: Espathra|Speed Boost|boost\n|-boost|p2a: Espathra|spe|1\n|upkeep\n|turn|2\n|\n|t:|1776414934\n|move|p1b: Clefable|Follow Me|p1b: Clefable\n|-singleturn|p1b: Clefable|move: Follow Me\n|move|p2a: Espathra|Lumina Crash|p1b: Clefable\n|-damage|p1b: Clefable|28/100\n|-unboost|p1b: Clefable|spd|2\n|move|p2b: Meowstic|Expanding Force|p1b: Clefable\n|-damage|p1b: Clefable|0 fnt\n|faint|p1b: Clefable\n|move|p1a: Hatterene|Trick Room|p1a: Hatterene\n|-fieldstart|move: Trick Room|[of] p1a: Hatterene\n|\n|-ability|p2a: Espathra|Speed Boost|boost\n|-boost|p2a: Espathra|spe|1\n|upkeep\n|\n|t:|1776414946\n|switch|p1b: Camerupt|Camerupt, L50, F|100/100\n|turn|3\n|\n|t:|1776414957\n|detailschange|p1b: Camerupt|Camerupt-Mega, L50, F\n|-mega|p1b: Camerupt|Camerupt|Cameruptite\n|move|p2a: Espathra|Protect|p2a: Espathra\n|-singleturn|p2a: Espathra|Protect\n|move|p2b: Meowstic|Psychic Terrain|p2b: Meowstic\n|-fieldstart|move: Psychic Terrain\n|move|p1b: Camerupt|Eruption|p2b: Meowstic|[spread] p2b\n|-activate|p2a: Espathra|move: Protect\n|-damage|p2b: Meowstic|36/100\n|move|p1a: Hatterene|Dark Pulse|p2a: Espathra\n|-activate|p2a: Espathra|move: Protect\n|\n|-ability|p2a: Espathra|Speed Boost|boost\n|-boost|p2a: Espathra|spe|1\n|upkeep\n|turn|4\n|\n|t:|1776414988\n|move|p1b: Camerupt|Eruption|p2b: Meowstic|[spread] p2a,p2b\n|-damage|p2a: Espathra|10/100\n|-damage|p2b: Meowstic|0 fnt\n|faint|p2b: Meowstic\n|move|p1a: Hatterene|Dark Pulse|p2a: Espathra\n|-supereffective|p2a: Espathra|1\n|-enditem|p2a: Espathra|Colbur Berry|[eat]\n|-enditem|p2a: Espathra|Colbur Berry|[weaken]\n|-damage|p2a: Espathra|0 fnt\n|faint|p2a: Espathra\n|\n|upkeep\n|\n|t:|1776414997\n|switch|p2b: Sinistcha|Sinistcha, L50|100/100\n|switch|p2a: Floette|Floette-Eternal, L50, F|100/100\n|turn|5\n|\n|t:|1776415018\n|move|p2a: Floette|Protect|p2a: Floette\n|-singleturn|p2a: Floette|Protect\n|move|p1b: Camerupt|Eruption|p2a: Floette|[spread] p2b\n|-activate|p2a: Floette|move: Protect\n|-supereffective|p2b: Sinistcha|1\n|-damage|p2b: Sinistcha|0 fnt\n|faint|p2b: Sinistcha\n|move|p1a: Hatterene|Dark Pulse|p2a: Floette\n|-activate|p2a: Floette|move: Protect\n|\n|upkeep\n|turn|6\n|\n|t:|1776415030\n|detailschange|p2a: Floette|Floette-Mega, L50, F\n|-mega|p2a: Floette|Floette|Floettite\n|-ability|p2a: Floette|Fairy Aura\n|move|p1b: Camerupt|Flash Cannon|p2a: Floette\n|-supereffective|p2a: Floette|1\n|-damage|p2a: Floette|41/100\n|move|p1a: Hatterene|Dazzling Gleam|p2a: Floette\n|-damage|p2a: Floette|7/100\n|move|p2a: Floette|Dazzling Gleam|p1b: Camerupt|[spread] p1a,p1b\n|-resisted|p1b: Camerupt|1\n|-damage|p1a: Hatterene|46/100\n|-damage|p1b: Camerupt|77/100\n|\n|-fieldend|move: Trick Room\n|upkeep\n|turn|7\n|\n|t:|1776415048\n|move|p2a: Floette|Light of Ruin|p1b: Camerupt\n|-resisted|p1b: Camerupt|1\n|-damage|p1b: Camerupt|24/100\n|-damage|p2a: Floette|0 fnt|[from] Recoil\n|faint|p2a: Floette\n|\n|win|nd40\n|raw|nd40's rating: 1002 &rarr; <strong>1053</strong><br />(+51 for winning)\n|raw|lilzjamboz's rating: 1100 &rarr; <strong>1068</strong><br />(-32 for losing)\n",
  "uploadtime": 1776415054,
  "views": 17,
  "formatid": "gen9championsvgc2026regma",
  "rating": 1053,
  "private": 0,
  "password": null
}