{
  "id": "gen9championsvgc2026regma-2583888547",
  "format": "[Gen 9 Champions] VGC 2026 Reg M-A",
  "players": [
    "lakeandbake",
    "ubiquitous_udon"
  ],
  "log": "|j|\u203dlakeandbake\n|j|\u2606ubiquitous_udon\n|t:|1776205687\n|gametype|doubles\n|player|p1|lakeandbake|iono-masters|1051\n|player|p2|ubiquitous_udon|266|1028\n|gen|9\n|tier|[Gen 9 Champions] VGC 2026 Reg M-A\n|rated|\n|rule|Species Clause: Limit one of each Pok\u00e9mon\n|rule|Item Clause: Limit 1 of each item\n|clearpoke\n|poke|p1|Sneasler, L50, F|\n|poke|p1|Meganium, L50, F|\n|poke|p1|Excadrill, L50, F|\n|poke|p1|Tyranitar, L50, M|\n|poke|p1|Dragapult, L50, F|\n|poke|p1|Rotom-Wash, L50|\n|poke|p2|Chandelure, L50, F|\n|poke|p2|Kingambit, L50, F|\n|poke|p2|Basculegion, L50, M|\n|poke|p2|Maushold, L50|\n|poke|p2|Whimsicott, L50, M|\n|poke|p2|Dragonite, L50, M|\n|teampreview|4\n|inactive|Battle timer is ON: inactive players will automatically lose when time's up. (requested by lakeandbake)\nlakeandbake has agreed to open team sheets.\n|inactive|ubiquitous_udon has 60 seconds left.\n|\n|t:|1776205739\n|teamsize|p1|4\n|teamsize|p2|4\n|start\n|switch|p1a: Meganium|Meganium, L50, F|100/100\n|switch|p1b: Tyranitar|Tyranitar, L50, M|100/100\n|switch|p2a: Basculegion|Basculegion, L50, M|100/100\n|switch|p2b: Maushold|Maushold, L50|100/100\n|-weather|Sandstorm|[from] ability: Sand Stream|[of] p1b: Tyranitar\n|turn|1\n|inactive|lakeandbake has 30 seconds left.\n|inactive|ubiquitous_udon has 30 seconds left.\n|inactive|lakeandbake has 20 seconds left.\n|inactive|lakeandbake has 15 seconds left.\n|inactive|lakeandbake has 10 seconds left.\n|\n|t:|1776205785\n|switch|p1b: Rotom|Rotom-Wash, L50|100/100\n|detailschange|p1a: Meganium|Meganium-Mega, L50, F\n|-mega|p1a: Meganium|Meganium|Meganiumite\n|move|p2a: Basculegion|Flip Turn|p1b: Rotom\n|-resisted|p1b: Rotom|1\n|-damage|p1b: Rotom|77/100\n|\n|t:|1776205793\n|switch|p2a: Whimsicott|Whimsicott, L50, M|100/100|[from] Flip Turn\n|move|p2b: Maushold|Super Fang|p1a: Meganium\n|-damage|p1a: Meganium|51/100\n|move|p1a: Meganium|Weather Ball|p2b: Maushold\n|-damage|p2b: Maushold|30/100\n|\n|-weather|Sandstorm|[upkeep]\n|-damage|p2a: Whimsicott|95/100|[from] Sandstorm\n|-damage|p2b: Maushold|24/100|[from] Sandstorm\n|-damage|p1b: Rotom|71/100|[from] Sandstorm\n|-damage|p1a: Meganium|45/100|[from] Sandstorm\n|upkeep\n|turn|2\n|\n|t:|1776205816\n|move|p1a: Meganium|Protect|p1a: Meganium\n|-singleturn|p1a: Meganium|Protect\n|move|p2a: Whimsicott|Tailwind|p2a: Whimsicott\n|-sidestart|p2: ubiquitous_udon|move: Tailwind\n|move|p2b: Maushold|Super Fang|p1b: Rotom|[miss]\n|-miss|p2b: Maushold|p1b: Rotom\n|move|p1b: Rotom|Volt Switch|p2b: Maushold\n|-damage|p2b: Maushold|0 fnt\n|faint|p2b: Maushold\n|\n|t:|1776205829\n|switch|p1b: Sneasler|Sneasler, L50, F|100/100|[from] Volt Switch\n|\n|-weather|Sandstorm|[upkeep]\n|-damage|p2a: Whimsicott|89/100|[from] Sandstorm\n|-damage|p1b: Sneasler|94/100|[from] Sandstorm\n|-damage|p1a: Meganium|39/100|[from] Sandstorm\n|upkeep\n|inactive|ubiquitous_udon has 30 seconds left.\n|\n|t:|1776205857\n|switch|p2b: Chandelure|Chandelure, L50, F|100/100\n|turn|3\n|\n|t:|1776205870\n|detailschange|p2b: Chandelure|Chandelure-Mega, L50, F\n|-mega|p2b: Chandelure|Chandelure|Chandelurite\n|move|p2a: Whimsicott|Protect|p2a: Whimsicott\n|-singleturn|p2a: Whimsicott|Protect\n|move|p2b: Chandelure|Calm Mind|p2b: Chandelure\n|-boost|p2b: Chandelure|spa|1\n|-boost|p2b: Chandelure|spd|1\n|move|p1b: Sneasler|Dire Claw|p2b: Chandelure\n|-resisted|p2b: Chandelure|1\n|-damage|p2b: Chandelure|83/100\n|-status|p2b: Chandelure|par\n|move|p1a: Meganium|Weather Ball|p2a: Whimsicott\n|-activate|p2a: Whimsicott|move: Protect\n|\n|-weather|Sandstorm|[upkeep]\n|-damage|p2a: Whimsicott|83/100|[from] Sandstorm\n|-damage|p1b: Sneasler|88/100|[from] Sandstorm\n|-damage|p2b: Chandelure|77/100 par|[from] Sandstorm\n|-damage|p1a: Meganium|33/100|[from] Sandstorm\n|upkeep\n|turn|4\n|inactive|lakeandbake has 30 seconds left.\n|inactive|ubiquitous_udon has 30 seconds left.\n|\n|t:|1776205895\n|move|p2a: Whimsicott|Moonblast|p1b: Sneasler\n|-damage|p1b: Sneasler|45/100\n|move|p1b: Sneasler|Dire Claw|p2a: Whimsicott\n|-supereffective|p2a: Whimsicott|2\n|-damage|p2a: Whimsicott|0 fnt\n|faint|p2a: Whimsicott\n|move|p2b: Chandelure|Heat Wave|p1a: Meganium|[spread] p1a,p1b\n|-supereffective|p1a: Meganium|1\n|-damage|p1a: Meganium|0 fnt\n|-damage|p1b: Sneasler|0 fnt\n|faint|p1a: Meganium\n|faint|p1b: Sneasler\n|\n|-weather|Sandstorm|[upkeep]\n|-damage|p2b: Chandelure|71/100 par|[from] Sandstorm\n|upkeep\n|\n|t:|1776205909\n|switch|p2a: Basculegion|Basculegion, L50, M|100/100\n|switch|p1b: Rotom|Rotom-Wash, L50|71/100\n|switch|p1a: Tyranitar|Tyranitar, L50, M|100/100\n|turn|5\n|inactive|ubiquitous_udon has 30 seconds left.\n|inactive|ubiquitous_udon has 20 seconds left.\n|\n|t:|1776205947\n|move|p1a: Tyranitar|Protect|p1a: Tyranitar\n|-singleturn|p1a: Tyranitar|Protect\n|move|p2a: Basculegion|Wave Crash|p1a: Tyranitar\n|-activate|p1a: Tyranitar|move: Protect\n|move|p2b: Chandelure|Shadow Ball|p1b: Rotom\n|-damage|p1b: Rotom|0 fnt\n|faint|p1b: Rotom\n|\n|-weather|none\n|-sideend|p2: ubiquitous_udon|move: Tailwind\n|upkeep\n|turn|6\n|\n|t:|1776205967\n|move|p2a: Basculegion|Wave Crash|p1a: Tyranitar\n|-supereffective|p1a: Tyranitar|1\n|-damage|p1a: Tyranitar|0 fnt\n|faint|p1a: Tyranitar\n|-damage|p2a: Basculegion|68/100|[from] Recoil\n|\n|win|ubiquitous_udon\n|raw|lakeandbake's rating: 1051 &rarr; <strong>1032</strong><br />(-19 for losing)\n|raw|ubiquitous_udon's rating: 1028 &rarr; <strong>1066</strong><br />(+38 for winning)\n",
  "uploadtime": 1776205968,
  "views": 16,
  "formatid": "gen9championsvgc2026regma",
  "rating": 1032,
  "private": 0,
  "password": null
}