{
  "id": "gen9championsvgc2026regma-2581390707",
  "format": "[Gen 9 Champions] VGC 2026 Reg M-A",
  "players": [
    "OscarGoro",
    "ruichook"
  ],
  "log": "|j|\u2606OscarGoro\n|j|\u2606ruichook\n|t:|1775995342\n|gametype|doubles\n|player|p1|OscarGoro|hilbert|1040\n|player|p2|ruichook|170|1076\n|gen|9\n|tier|[Gen 9 Champions] VGC 2026 Reg M-A\n|rated|\n|rule|Species Clause: Limit one of each Pok\u00e9mon\n|rule|Item Clause: Limit 1 of each item\n|clearpoke\n|poke|p1|Excadrill, L50, M|\n|poke|p1|Tyranitar, L50, M|\n|poke|p1|Floette-Eternal, L50, F|\n|poke|p1|Incineroar, L50, M|\n|poke|p1|Sinistcha, L50|\n|poke|p1|Rotom-Wash, L50|\n|poke|p2|Tyranitar, L50, F|\n|poke|p2|Orthworm, L50, M|\n|poke|p2|Garchomp, L50, M|\n|poke|p2|Starmie, L50|\n|poke|p2|Whimsicott, L50, M|\n|poke|p2|Volcarona, L50, F|\n|teampreview|4\n|\n|t:|1775995380\n|teamsize|p1|4\n|teamsize|p2|4\n|start\n|switch|p1a: Floette|Floette-Eternal, L50, F|100/100\n|switch|p1b: Incineroar|Incineroar, L50, M|100/100\n|switch|p2a: Starmie|Starmie, L50|100/100\n|switch|p2b: Whimsicott|Whimsicott, L50, M|100/100\n|-ability|p1b: Incineroar|Intimidate|boost\n|-unboost|p2a: Starmie|atk|1\n|-unboost|p2b: Whimsicott|atk|1\n|turn|1\n|\n|t:|1775995397\n|detailschange|p2a: Starmie|Starmie-Mega, L50\n|-mega|p2a: Starmie|Starmie|Starminite\n|detailschange|p1a: Floette|Floette-Mega, L50, F\n|-mega|p1a: Floette|Floette|Floettite\n|-ability|p1a: Floette|Fairy Aura\n|move|p2a: Starmie|Protect|p2a: Starmie\n|-singleturn|p2a: Starmie|Protect\n|move|p1b: Incineroar|Fake Out|p2a: Starmie\n|-activate|p2a: Starmie|move: Protect\n|move|p2b: Whimsicott|Tailwind|p2b: Whimsicott\n|-sidestart|p2: ruichook|move: Tailwind\n|move|p1a: Floette|Dazzling Gleam|p2a: Starmie|[spread] p2b\n|-activate|p2a: Starmie|move: Protect\n|-damage|p2b: Whimsicott|35/100\n|\n|upkeep\n|turn|2\n|\n|t:|1775995451\n|switch|p2b: Orthworm|Orthworm, L50, M|100/100\n|move|p2a: Starmie|Flip Turn|p1a: Floette\n|-crit|p1a: Floette\n|-damage|p1a: Floette|0 fnt\n|faint|p1a: Floette\n|\n|t:|1775995459\n|switch|p2a: Garchomp|Garchomp, L50, M|100/100|[from] Flip Turn\n|move|p1b: Incineroar|Throat Chop|p2a: Garchomp\n|-crit|p2a: Garchomp\n|-damage|p2a: Garchomp|39/100\n|-start|p2a: Garchomp|Throat Chop|[silent]\n|\n|upkeep\n|\n|t:|1775995479\n|switch|p1a: Sinistcha|Sinistcha, L50|100/100\n|turn|3\n|\n|t:|1775995494\n|switch|p1b: Rotom|Rotom-Wash, L50|100/100\n|move|p2a: Garchomp|Earthquake|p1b: Rotom|[spread] p1a\n|-immune|p2b: Orthworm|[from] ability: Earth Eater\n|-immune|p1b: Rotom|[from] ability: Levitate\n|-resisted|p1a: Sinistcha|1\n|-damage|p1a: Sinistcha|84/100\n|move|p2b: Orthworm|Shed Tail|p2b: Orthworm\n|-start|p2b: Orthworm|Substitute|[from] move: Shed Tail\n|-damage|p2b: Orthworm|50/100\n|-enditem|p2b: Orthworm|Sitrus Berry|[eat]\n|-heal|p2b: Orthworm|75/100|[from] item: Sitrus Berry\n|\n|t:|1775995507\n|switch|p2b: Starmie|Starmie-Mega, L50|100/100|[from] Shed Tail\n|move|p1a: Sinistcha|Trick Room|p1a: Sinistcha\n|-fieldstart|move: Trick Room|[of] p1a: Sinistcha\n|\n|-end|p2a: Garchomp|Throat Chop|[silent]\n|upkeep\n|turn|4\n|\n|t:|1775995574\n|move|p2a: Garchomp|Protect|p2a: Garchomp\n|-singleturn|p2a: Garchomp|Protect\n|move|p2b: Starmie|Protect|p2b: Starmie\n|-singleturn|p2b: Starmie|Protect\n|move|p1a: Sinistcha|Matcha Gotcha|p2b: Starmie|[spread] \n|-activate|p2a: Garchomp|move: Protect\n|-activate|p2b: Starmie|move: Protect\n|move|p1b: Rotom|Will-O-Wisp|p2a: Garchomp\n|-activate|p2a: Garchomp|move: Protect\n|\n|-sideend|p2: ruichook|move: Tailwind\n|upkeep\n|turn|5\n|inactive|Battle timer is ON: inactive players will automatically lose when time's up. (requested by OscarGoro)\n|\n|t:|1775995633\n|move|p1a: Sinistcha|Matcha Gotcha|p2b: Starmie|[spread] p2a,p2b\n|-supereffective|p2b: Starmie|1\n|-end|p2b: Starmie|Substitute\n|-heal|p1a: Sinistcha|96/100|[from] drain|[of] p2b: Starmie\n|-damage|p2a: Garchomp|14/100\n|-heal|p1a: Sinistcha|100/100|[from] drain|[of] p2a: Garchomp\n|move|p1b: Rotom|Will-O-Wisp|p2b: Starmie|[miss]\n|-miss|p1b: Rotom|p2b: Starmie\n|move|p2a: Garchomp|Dragon Claw|p1b: Rotom\n|-damage|p1b: Rotom|56/100\n|move|p2b: Starmie|Flip Turn|p1a: Sinistcha\n|-resisted|p1a: Sinistcha|1\n|-damage|p1a: Sinistcha|77/100\n|\n|t:|1775995653\n|switch|p2b: Whimsicott|Whimsicott, L50, M|35/100|[from] Flip Turn\n|\n|-heal|p1b: Rotom|62/100|[from] item: Leftovers\n|upkeep\n|turn|6\n|\n|t:|1775995670\n|switch|p1b: Incineroar|Incineroar, L50, M|100/100\n|-ability|p1b: Incineroar|Intimidate|boost\n|-unboost|p2a: Garchomp|atk|1\n|-unboost|p2b: Whimsicott|atk|1\n|move|p2b: Whimsicott|Tailwind|p2b: Whimsicott\n|-sidestart|p2: ruichook|move: Tailwind\n|move|p1a: Sinistcha|Matcha Gotcha|p2a: Garchomp|[spread] p2a,p2b\n|-resisted|p2b: Whimsicott|1\n|-damage|p2a: Garchomp|0 fnt\n|-heal|p1a: Sinistcha|84/100|[from] drain|[of] p2a: Garchomp\n|-damage|p2b: Whimsicott|17/100\n|-heal|p1a: Sinistcha|93/100|[from] drain|[of] p2b: Whimsicott\n|faint|p2a: Garchomp\n|\n|upkeep\n|\n|t:|1775995679\n|switch|p2a: Starmie|Starmie-Mega, L50|100/100\n|turn|7\n|inactive|OscarGoro has 30 seconds left.\n|inactive|OscarGoro has 20 seconds left.\n|inactive|OscarGoro has 15 seconds left.\n|\n|t:|1775995722\n|switch|p1b: Rotom|Rotom-Wash, L50|62/100\n|move|p2b: Whimsicott|Protect|p2b: Whimsicott\n|-singleturn|p2b: Whimsicott|Protect\n|move|p2a: Starmie|Protect|p2a: Starmie\n|-singleturn|p2a: Starmie|Protect\n|move|p1a: Sinistcha|Matcha Gotcha|p2a: Starmie|[spread] \n|-activate|p2a: Starmie|move: Protect\n|-activate|p2b: Whimsicott|move: Protect\n|\n|-heal|p1b: Rotom|67/100|[from] item: Leftovers\n|-fieldend|move: Trick Room\n|upkeep\n|turn|8\n|inactive|OscarGoro has 30 seconds left.\n|inactive|ruichook has 30 seconds left.\n|\n|t:|1775995754\n|move|p2a: Starmie|Zen Headbutt|p1a: Sinistcha\n|-damage|p1a: Sinistcha|28/100\n|-enditem|p1a: Sinistcha|Sitrus Berry|[eat]\n|-heal|p1a: Sinistcha|53/100|[from] item: Sitrus Berry\n|move|p2b: Whimsicott|Moonblast|p1a: Sinistcha\n|-damage|p1a: Sinistcha|27/100\n|move|p1b: Rotom|Thunderbolt|p2a: Starmie\n|-supereffective|p2a: Starmie|1\n|-damage|p2a: Starmie|3/100\n|move|p1a: Sinistcha|Trick Room|p1a: Sinistcha\n|-fieldstart|move: Trick Room|[of] p1a: Sinistcha\n|\n|-heal|p1b: Rotom|73/100|[from] item: Leftovers\n|upkeep\n|turn|9\n|-message|ruichook forfeited.\n|\n|win|OscarGoro\n|raw|OscarGoro's rating: 1040 &rarr; <strong>1078</strong><br />(+38 for winning)\n|raw|ruichook's rating: 1076 &rarr; <strong>1052</strong><br />(-24 for losing)\n|l|\u2606ruichook\n|player|p2|\n",
  "uploadtime": 1775995772,
  "views": 39,
  "formatid": "gen9championsvgc2026regma",
  "rating": 1052,
  "private": 0,
  "password": null
}