{
  "id": "gen9championsvgc2026regma-2586779366",
  "format": "[Gen 9 Champions] VGC 2026 Reg M-A",
  "players": [
    "LorallingLoralling",
    "Breadrick"
  ],
  "log": "|j|\u2606LorallingLoralling\n|j|\u2606Breadrick\n|t:|1776459252\n|gametype|doubles\n|player|p1|LorallingLoralling|169|1023\n|player|p2|Breadrick|hilda-wonderlauncher|1054\n|gen|9\n|tier|[Gen 9 Champions] VGC 2026 Reg M-A\n|rated|\n|rule|Species Clause: Limit one of each Pok\u00e9mon\n|rule|Item Clause: Limit 1 of each item\n|clearpoke\n|poke|p1|Starmie, L50|\n|poke|p1|Skarmory, L50, F|\n|poke|p1|Incineroar, L50, F|\n|poke|p1|Excadrill, L50, M|\n|poke|p1|Whimsicott, L50, F|\n|poke|p1|Sylveon, L50, M|\n|poke|p2|Crabominable, L50, F|\n|poke|p2|Slowking, L50, F|\n|poke|p2|Incineroar, L50, M|\n|poke|p2|Tsareena, L50, F|\n|poke|p2|Camerupt, L50, M|\n|poke|p2|Hatterene, L50, F|\n|teampreview|4\nBreadrick has agreed to open team sheets.\n|\n|t:|1776459286\n|teamsize|p1|4\n|teamsize|p2|4\n|start\n|switch|p1a: tom the jerry|Incineroar, L50, F|100/100\n|switch|p1b: gvmt drone|Skarmory, L50, F|100/100\n|switch|p2a: Incineroar|Incineroar, L50, M|100/100\n|switch|p2b: Hatterene|Hatterene, L50, F|100/100\n|-ability|p1a: tom the jerry|Intimidate|boost\n|-unboost|p2a: Incineroar|atk|1\n|-unboost|p2b: Hatterene|atk|1\n|-ability|p2a: Incineroar|Intimidate|boost\n|-unboost|p1a: tom the jerry|atk|1\n|-unboost|p1b: gvmt drone|atk|1\n|turn|1\n|\n|t:|1776459300\n|switch|p1b: lauren|Sylveon, L50, M|100/100\n|move|p1a: tom the jerry|Fake Out|p2b: Hatterene\n|-damage|p2b: Hatterene|93/100\n|move|p2a: Incineroar|Fake Out|p1a: tom the jerry\n|-damage|p1a: tom the jerry|92/100\n|cant|p2b: Hatterene|flinch\n|\n|upkeep\n|turn|2\n|\n|t:|1776459325\n|move|p1b: lauren|Hyper Voice|p2a: Incineroar|[spread] p2a,p2b\n|-damage|p2a: Incineroar|60/100\n|-damage|p2b: Hatterene|43/100\n|move|p1a: tom the jerry|Parting Shot|p2b: Hatterene\n|move|p2b: Hatterene|Parting Shot|p1a: tom the jerry|[from] ability: Magic Bounce\n|-unboost|p1a: tom the jerry|atk|1\n|-unboost|p1a: tom the jerry|spa|1\n|\n|t:|1776459335\n|switch|p2b: Crabominable|Crabominable, L50, F|100/100|[from] Parting Shot\n|move|p2a: Incineroar|Parting Shot|p1b: lauren\n|-unboost|p1b: lauren|atk|1\n|-unboost|p1b: lauren|spa|1\n|\n|t:|1776459342\n|switch|p2a: Hatterene|Hatterene, L50, F|43/100|[from] Parting Shot\n|\n|upkeep\n|turn|3\n|\n|t:|1776459349\n|move|p2b: Crabominable|Protect|p2b: Crabominable\n|-singleturn|p2b: Crabominable|Protect\n|move|p1b: lauren|Hyper Voice|p2a: Hatterene|[spread] p2a\n|-activate|p2b: Crabominable|move: Protect\n|-damage|p2a: Hatterene|10/100\n|move|p1a: tom the jerry|Parting Shot|p2a: Hatterene\n|move|p2a: Hatterene|Parting Shot|p1a: tom the jerry|[from] ability: Magic Bounce\n|-unboost|p1a: tom the jerry|atk|1\n|-unboost|p1a: tom the jerry|spa|1\n|\n|t:|1776459361\n|switch|p2a: Incineroar|Incineroar, L50, M|60/100|[from] Parting Shot\n|-ability|p2a: Incineroar|Intimidate|boost\n|-unboost|p1a: tom the jerry|atk|1\n|-unboost|p1b: lauren|atk|1\n|\n|upkeep\n|turn|4\n|\n|t:|1776459374\n|detailschange|p2b: Crabominable|Crabominable-Mega, L50, F\n|-mega|p2b: Crabominable|Crabominable|Crabominite\n|move|p1b: lauren|Protect|p1b: lauren\n|-singleturn|p1b: lauren|Protect\n|move|p2a: Incineroar|Fake Out|p1a: tom the jerry\n|-damage|p1a: tom the jerry|79/100\n|cant|p1a: tom the jerry|flinch\n|move|p2b: Crabominable|Close Combat|p1a: tom the jerry\n|-supereffective|p1a: tom the jerry|1\n|-enditem|p1a: tom the jerry|Chople Berry|[eat]\n|-enditem|p1a: tom the jerry|Chople Berry|[weaken]\n|-damage|p1a: tom the jerry|11/100\n|-unboost|p2b: Crabominable|def|1\n|-unboost|p2b: Crabominable|spd|1\n|\n|upkeep\n|turn|5\n|\n|t:|1776459396\n|switch|p1b: escaRRRREAL|Excadrill, L50, M|100/100\n|-ability|p1b: escaRRRREAL|Mold Breaker\n|move|p2b: Crabominable|Protect|p2b: Crabominable\n|-singleturn|p2b: Crabominable|Protect\n|move|p1a: tom the jerry|Will-O-Wisp|p2b: Crabominable\n|-activate|p2b: Crabominable|move: Protect\n|move|p2a: Incineroar|Parting Shot|p1b: escaRRRREAL\n|-unboost|p1b: escaRRRREAL|atk|1\n|-unboost|p1b: escaRRRREAL|spa|1\n|\n|t:|1776459407\n|switch|p2a: Hatterene|Hatterene, L50, F|10/100|[from] Parting Shot\n|\n|upkeep\n|turn|6\n|\n|t:|1776459420\n|switch|p2b: Incineroar|Incineroar, L50, M|60/100\n|-ability|p2b: Incineroar|Intimidate|boost\n|-unboost|p1a: tom the jerry|atk|1\n|-unboost|p1b: escaRRRREAL|atk|1\n|move|p1b: escaRRRREAL|Rock Slide|p2a: Hatterene|[spread] p2a,p2b\n|-supereffective|p2b: Incineroar|1\n|-damage|p2a: Hatterene|0 fnt\n|-damage|p2b: Incineroar|37/100\n|-enditem|p2b: Incineroar|Sitrus Berry|[eat]\n|-heal|p2b: Incineroar|62/100|[from] item: Sitrus Berry\n|faint|p2a: Hatterene\n|move|p1a: tom the jerry|Parting Shot|p2b: Incineroar\n|-unboost|p2b: Incineroar|atk|1\n|-unboost|p2b: Incineroar|spa|1\n|\n|t:|1776459438\n|switch|p1a: lauren|Sylveon, L50, M|100/100|[from] Parting Shot\n|\n|upkeep\n|\n|t:|1776459443\n|switch|p2a: Crabominable|Crabominable-Mega, L50, F|100/100\n|turn|7\n|\n|t:|1776459450\n|move|p1b: escaRRRREAL|Protect|p1b: escaRRRREAL\n|-singleturn|p1b: escaRRRREAL|Protect\n|move|p1a: lauren|Protect|p1a: lauren\n|-singleturn|p1a: lauren|Protect\n|move|p2b: Incineroar|Flare Blitz|p1a: lauren\n|-activate|p1a: lauren|move: Protect\n|move|p2a: Crabominable|Close Combat|p1b: escaRRRREAL\n|-activate|p1b: escaRRRREAL|move: Protect\n|\n|upkeep\n|turn|8\n|\n|t:|1776459462\n|move|p1b: escaRRRREAL|Rock Slide|p2a: Crabominable|[spread] p2a,p2b\n|-supereffective|p2b: Incineroar|1\n|-damage|p2a: Crabominable|92/100\n|-damage|p2b: Incineroar|39/100\n|move|p1a: lauren|Hyper Voice|p2b: Incineroar|[spread] p2a,p2b\n|-supereffective|p2a: Crabominable|1\n|-damage|p2a: Crabominable|15/100\n|-damage|p2b: Incineroar|0 fnt\n|faint|p2b: Incineroar\n|move|p2a: Crabominable|Ice Hammer|p1a: lauren\n|-damage|p1a: lauren|4/100\n|-unboost|p2a: Crabominable|spe|1\n|\n|upkeep\n|\n|t:|1776459469\n|switch|p2b: Camerupt|Camerupt, L50, M|100/100\n|turn|9\n|\n|t:|1776459491\n|switch|p1b: tom the jerry|Incineroar, L50, F|11/100\n|-ability|p1b: tom the jerry|Intimidate|boost\n|-unboost|p2a: Crabominable|atk|1\n|-unboost|p2b: Camerupt|atk|1\n|move|p1a: lauren|Yawn|p2b: Camerupt\n|-start|p2b: Camerupt|move: Yawn|[of] p1a: lauren\n|move|p2b: Camerupt|Heat Wave|p1b: tom the jerry|[spread] p1a,p1b\n|-resisted|p1b: tom the jerry|1\n|-damage|p1a: lauren|0 fnt\n|-damage|p1b: tom the jerry|0 fnt\n|faint|p1a: lauren\n|faint|p1b: tom the jerry\n|move|p2a: Crabominable|Close Combat|p1: lauren|[notarget]\n|-fail|p2a: Crabominable\n|\n|upkeep\n|\n|t:|1776459504\n|switch|p1a: gvmt drone|Skarmory, L50, F|100/100\n|switch|p1b: escaRRRREAL|Excadrill, L50, M|100/100\n|-ability|p1b: escaRRRREAL|Mold Breaker\n|turn|10\n|\n|t:|1776459537\n|detailschange|p1a: gvmt drone|Skarmory-Mega, L50, F\n|-mega|p1a: gvmt drone|Skarmory|Skarmorite\n|move|p1a: gvmt drone|Protect|p1a: gvmt drone\n|-singleturn|p1a: gvmt drone|Protect\n|move|p2a: Crabominable|Protect|p2a: Crabominable\n|-singleturn|p2a: Crabominable|Protect\n|move|p1b: escaRRRREAL|Earthquake|p2b: Camerupt|[spread] p2b\n|-activate|p1a: gvmt drone|move: Protect\n|-activate|p2a: Crabominable|move: Protect\n|-supereffective|p2b: Camerupt|1\n|-damage|p2b: Camerupt|0 fnt\n|faint|p2b: Camerupt\n|\n|upkeep\n|turn|11\n|\n|t:|1776459555\n|move|p1a: gvmt drone|Drill Run|p2a: Crabominable\n|-damage|p2a: Crabominable|0 fnt\n|faint|p2a: Crabominable\n|\n|win|LorallingLoralling\n|raw|LorallingLoralling's rating: 1023 &rarr; <strong>1063</strong><br />(+40 for winning)\n|raw|Breadrick's rating: 1054 &rarr; <strong>1034</strong><br />(-20 for losing)\n|l|\u2606Breadrick\n|player|p2|\n",
  "uploadtime": 1776459609,
  "views": 35,
  "formatid": "gen9championsvgc2026regma",
  "rating": 1034,
  "private": 0,
  "password": null
}