{
  "id": "gen9championsvgc2026regma-2588353184",
  "format": "[Gen 9 Champions] VGC 2026 Reg M-A",
  "players": [
    "Metroshock",
    "Annie4U"
  ],
  "log": "|j|\u2606Metroshock\n|j|\u2606Annie4U\n|t:|1776626503\n|gametype|doubles\n|player|p1|Metroshock|miku-fire|1492\n|player|p2|Annie4U|miku-water|1496\n|gen|9\n|tier|[Gen 9 Champions] VGC 2026 Reg M-A\n|rated|\n|rule|Species Clause: Limit one of each Pok\u00e9mon\n|rule|Item Clause: Limit 1 of each item\n|clearpoke\n|poke|p1|Crabominable, L50, M|\n|poke|p1|Basculegion, L50, M|\n|poke|p1|Sinistcha, L50|\n|poke|p1|Archaludon, L50, F|\n|poke|p1|Pelipper, L50, M|\n|poke|p1|Incineroar, L50, M|\n|poke|p2|Kangaskhan, L50, F, shiny|\n|poke|p2|Torkoal, L50, F, shiny|\n|poke|p2|Zoroark-Hisui, L50, M|\n|poke|p2|Farigiraf, L50, F, shiny|\n|poke|p2|Decidueye-Hisui, L50, F|\n|poke|p2|Kingambit, L50, F, shiny|\n|teampreview|4\n|inactive|Battle timer is ON: inactive players will automatically lose when time's up. (requested by Annie4U)\nMetroshock has agreed to open team sheets.\n|j| rxhdtcfjvhg\n|inactive|Metroshock has 60 seconds left.\n|\n|t:|1776626540\n|teamsize|p1|4\n|teamsize|p2|4\n|start\n|switch|p1a: The fish eater|Pelipper, L50, M|100/100\n|switch|p1b: Super Fly|Archaludon, L50, F|100/100\n|switch|p2a: Kangaskhan|Kangaskhan, L50, F, shiny|100/100\n|switch|p2b: Farigiraf|Farigiraf, L50, F, shiny|100/100\n|-weather|RainDance|[from] ability: Drizzle|[of] p1a: The fish eater\n|turn|1\n|\n|t:|1776626551\n|detailschange|p2a: Kangaskhan|Kangaskhan-Mega, L50, F, shiny\n|-mega|p2a: Kangaskhan|Kangaskhan|Kangaskhanite\n|move|p1a: The fish eater|Tailwind|p1a: The fish eater\n|-sidestart|p1: Metroshock|move: Tailwind\n|move|p1b: Super Fly|Electro Shot||[still]\n|-prepare|p1b: Super Fly|Electro Shot\n|-boost|p1b: Super Fly|spa|1\n|-anim|p1b: Super Fly|Electro Shot|p2b: Farigiraf\n|-damage|p2b: Farigiraf|43/100\n|move|p2a: Kangaskhan|Double-Edge|p1a: The fish eater\n|-damage|p1a: The fish eater|13/100\n|-damage|p1a: The fish eater|0 fnt\n|faint|p1a: The fish eater\n|-hitcount|p1: The fish eater|2\n|-damage|p2a: Kangaskhan|79/100|[from] Recoil\n|move|p2b: Farigiraf|Trick Room|p2b: Farigiraf\n|-fieldstart|move: Trick Room|[of] p2b: Farigiraf\n|\n|-weather|RainDance|[upkeep]\n|upkeep\n|\n|t:|1776626567\n|switch|p1a: BIG ROG|Crabominable, L50, M|100/100\n|turn|2\n|j| Rivelta Origin\n|\n|t:|1776626576\n|detailschange|p1a: BIG ROG|Crabominable-Mega, L50, M\n|-mega|p1a: BIG ROG|Crabominable|Crabominite\n|move|p2b: Farigiraf|Psychic|p1a: BIG ROG\n|-supereffective|p1a: BIG ROG|1\n|-damage|p1a: BIG ROG|39/100\n|move|p1a: BIG ROG|Drain Punch|p2a: Kangaskhan\n|-supereffective|p2a: Kangaskhan|1\n|-damage|p2a: Kangaskhan|0 fnt\n|-heal|p1a: BIG ROG|80/100|[from] drain|[of] p2a: Kangaskhan\n|faint|p2a: Kangaskhan\n|move|p1b: Super Fly|Electro Shot||[still]\n|-prepare|p1b: Super Fly|Electro Shot\n|-boost|p1b: Super Fly|spa|1\n|-anim|p1b: Super Fly|Electro Shot|p2b: Farigiraf\n|-damage|p2b: Farigiraf|0 fnt\n|faint|p2b: Farigiraf\n|\n|-weather|RainDance|[upkeep]\n|upkeep\n|\n|t:|1776626584\n|switch|p2b: Decidueye|Decidueye-Hisui, L50, F|100/100\n|switch|p2a: Torkoal|Torkoal, L50, F, shiny|100/100\n|-weather|SunnyDay|[from] ability: Drought|[of] p2a: Torkoal\n|turn|3\n|l| Rivelta Origin\n|inactive|Metroshock has 30 seconds left.\n|\n|t:|1776626617\n|move|p1a: BIG ROG|Protect|p1a: BIG ROG\n|-singleturn|p1a: BIG ROG|Protect\n|move|p1b: Super Fly|Protect|p1b: Super Fly\n|-singleturn|p1b: Super Fly|Protect\n|move|p2a: Torkoal|Eruption|p1a: BIG ROG|[spread] \n|-activate|p1a: BIG ROG|move: Protect\n|-activate|p1b: Super Fly|move: Protect\n|move|p2b: Decidueye|Triple Arrows|p1b: Super Fly\n|-activate|p1b: Super Fly|move: Protect\n|\n|-weather|SunnyDay|[upkeep]\n|upkeep\n|turn|4\n|\n|t:|1776626638\n|move|p1a: BIG ROG|Mach Punch|p2a: Torkoal\n|-damage|p2a: Torkoal|78/100\n|move|p2a: Torkoal|Eruption|p1b: Super Fly|[spread] p1a,p1b\n|-supereffective|p1a: BIG ROG|1\n|-damage|p1a: BIG ROG|0 fnt\n|-damage|p1b: Super Fly|41/100\n|-ability|p1b: Super Fly|Stamina|boost\n|-boost|p1b: Super Fly|def|1\n|faint|p1a: BIG ROG\n|move|p2b: Decidueye|Triple Arrows|p1b: Super Fly\n|-supereffective|p1b: Super Fly|1\n|-crit|p1b: Super Fly\n|-damage|p1b: Super Fly|0 fnt\n|faint|p1b: Super Fly\n|\n|-weather|SunnyDay|[upkeep]\n|-sideend|p1: Metroshock|move: Tailwind\n|upkeep\n|\n|t:|1776626649\n|switch|p1b: Tee time|Sinistcha, L50|100/100\n|turn|5\n|-message|Metroshock forfeited.\n|\n|win|Annie4U\n|raw|Metroshock's rating: 1492 &rarr; <strong>1472</strong><br />(-20 for losing)\n|raw|Annie4U's rating: 1496 &rarr; <strong>1516</strong><br />(+20 for winning)\n|l|\u2606Metroshock\n|player|p1|\n|l| rxhdtcfjvhg\n",
  "uploadtime": 1776626660,
  "views": 12,
  "formatid": "gen9championsvgc2026regma",
  "rating": 1472,
  "private": 0,
  "password": null
}