{
  "id": "gen9championsvgc2026regma-2584582224",
  "format": "[Gen 9 Champions] VGC 2026 Reg M-A",
  "players": [
    "dragonbokiabierto",
    "Mariscos"
  ],
  "log": "|j|\u2606dragonbokiabierto\n|j|\u2606Mariscos\n|t:|1776270189\n|gametype|doubles\n|player|p1|dragonbokiabierto|roxanne|\n|player|p2|Mariscos|265|\n|gen|9\n|tier|[Gen 9 Champions] VGC 2026 Reg M-A\n|rule|Species Clause: Limit one of each Pok\u00e9mon\n|rule|Item Clause: Limit 1 of each item\n|clearpoke\n|poke|p1|Milotic, L50, M|\n|poke|p1|Charizard, L50, F|\n|poke|p1|Aerodactyl, L50, F|\n|poke|p1|Corviknight, L50, M|\n|poke|p1|Venusaur, L50, M|\n|poke|p1|Incineroar, L50, M|\n|poke|p2|Charizard, L50, F|\n|poke|p2|Venusaur, L50, F|\n|poke|p2|Gardevoir, L50, M|\n|poke|p2|Garchomp, L50, F|\n|poke|p2|Incineroar, L50, F|\n|poke|p2|Milotic, L50, F|\n|teampreview|4\nMariscos has agreed to open team sheets.\ndragonbokiabierto has agreed to open team sheets.\n|showteam|p1|Milotic||MysticWater|Competitive|IcyWind,Recover,Haze,Scald|||M|||50|]Charizard||CharizarditeY|SolarPower|FocusBlast,Hurricane,Protect,HeatWave|||F|||50|]Aerodactyl||FocusSash|Unnerve|RockSlide,Tailwind,DualWingbeat,Protect|||F|||50|]Corviknight||Leftovers|MirrorArmor|BulkUp,Roost,IronHead,BraveBird|||M|||50|]Venusaur||BrightPowder|Chlorophyll|SolarBeam,SludgeBomb,SleepPowder,Synthesis|||M|||50|]Incineroar||SitrusBerry|Intimidate|FakeOut,PartingShot,FlareBlitz,ThroatChop|||M|||50|\n|showteam|p2|Charizard||CharizarditeY|Blaze|Protect,HeatWave,SolarBeam,WeatherBall|||F|||50|]Venusaur||FocusSash|Chlorophyll|Protect,SleepPowder,SludgeBomb,LeafStorm|||F|||50|]Gardevoir||ChoiceScarf|Trace|Moonblast,DazzlingGleam,Psyshock,IcyWind|||M|||50|]Garchomp||YacheBerry|RoughSkin|Protect,DragonClaw,RockSlide,Earthquake|||F|||50|]Incineroar||Leftovers|Intimidate|DarkestLariat,FlareBlitz,FakeOut,DrainPunch|||F|||50|]Milotic||SitrusBerry|Competitive|Protect,Scald,IceBeam,Recover|||F|||50|\n|\n|t:|1776270253\n|teamsize|p1|4\n|teamsize|p2|4\n|start\n|switch|p1a: Aerodactyl|Aerodactyl, L50, F|100/100\n|switch|p1b: Milotic|Milotic, L50, M|100/100\n|switch|p2a: Milotic|Milotic, L50, F, shiny|100/100\n|switch|p2b: Garchomp|Garchomp, L50, F, shiny|100/100\n|-ability|p1a: Aerodactyl|Unnerve\n|turn|1\n|\n|t:|1776270296\n|move|p2b: Garchomp|Protect|p2b: Garchomp\n|-singleturn|p2b: Garchomp|Protect\n|move|p1a: Aerodactyl|Rock Slide|p2b: Garchomp|[spread] p2a\n|-activate|p2b: Garchomp|move: Protect\n|-damage|p2a: Milotic|78/100\n|move|p2a: Milotic|Scald|p1b: Milotic\n|-resisted|p1b: Milotic|1\n|-damage|p1b: Milotic|87/100\n|-status|p1b: Milotic|brn\n|move|p1b: Milotic|Scald|p2b: Garchomp\n|-activate|p2b: Garchomp|move: Protect\n|\n|-damage|p1b: Milotic|81/100 brn|[from] brn\n|upkeep\n|turn|2\n|\n|t:|1776270321\n|move|p1a: Aerodactyl|Rock Slide|p2a: Milotic|[spread] p2a,p2b\n|-resisted|p2b: Garchomp|1\n|-damage|p2a: Milotic|55/100\n|-damage|p2b: Garchomp|89/100\n|move|p2b: Garchomp|Rock Slide|p1a: Aerodactyl|[spread] p1a,p1b\n|-supereffective|p1a: Aerodactyl|1\n|-damage|p1a: Aerodactyl|38/100\n|-damage|p1b: Milotic|61/100 brn\n|move|p2a: Milotic|Scald|p1a: Aerodactyl\n|-supereffective|p1a: Aerodactyl|1\n|-damage|p1a: Aerodactyl|0 fnt\n|faint|p1a: Aerodactyl\n|move|p1b: Milotic|Scald|p2b: Garchomp\n|-damage|p2b: Garchomp|45/100\n|-status|p2b: Garchomp|brn\n|\n|-damage|p2b: Garchomp|39/100 brn|[from] brn\n|-damage|p1b: Milotic|55/100 brn|[from] brn\n|upkeep\n|\n|t:|1776270342\n|switch|p1a: Venusaur|Venusaur, L50, M|100/100\n|turn|3\n|\n|t:|1776270356\n|move|p2b: Garchomp|Rock Slide|p1a: Venusaur|[spread] p1b\n|-miss|p2b: Garchomp|p1a: Venusaur\n|-damage|p1b: Milotic|46/100 brn\n|move|p1a: Venusaur|Sleep Powder|p2a: Milotic\n|-status|p2a: Milotic|slp|[from] move: Sleep Powder\n|cant|p2a: Milotic|slp\n|cant|p1b: Milotic|flinch\n|\n|-damage|p2b: Garchomp|33/100 brn|[from] brn\n|-damage|p1b: Milotic|40/100 brn|[from] brn\n|upkeep\n|turn|4\n|\n|t:|1776270385\n|move|p2b: Garchomp|Rock Slide|p1a: Venusaur|[spread] p1a,p1b\n|-damage|p1a: Venusaur|88/100\n|-damage|p1b: Milotic|31/100 brn\n|move|p1a: Venusaur|Sleep Powder||[still]\n|-fail|p1a: Venusaur\n|-curestatus|p2a: Milotic|slp|[msg]\n|move|p2a: Milotic|Recover|p2a: Milotic\n|-heal|p2a: Milotic|100/100\n|move|p1b: Milotic|Recover|p1b: Milotic\n|-heal|p1b: Milotic|81/100 brn\n|\n|-damage|p2b: Garchomp|27/100 brn|[from] brn\n|-damage|p1b: Milotic|75/100 brn|[from] brn\n|upkeep\n|turn|5\n|\n|t:|1776270408\n|move|p2b: Garchomp|Rock Slide|p1a: Venusaur|[spread] p1b\n|-miss|p2b: Garchomp|p1a: Venusaur\n|-damage|p1b: Milotic|66/100 brn\n|move|p1a: Venusaur|Sleep Powder|p2a: Milotic|[miss]\n|-miss|p1a: Venusaur|p2a: Milotic\n|move|p2a: Milotic|Ice Beam|p1a: Venusaur\n|-supereffective|p1a: Venusaur|1\n|-damage|p1a: Venusaur|47/100\n|move|p1b: Milotic|Scald|p2b: Garchomp\n|-damage|p2b: Garchomp|0 fnt\n|faint|p2b: Garchomp\n|\n|-damage|p1b: Milotic|61/100 brn|[from] brn\n|upkeep\n|\n|t:|1776270425\n|switch|p2b: Venusaur|Venusaur, L50, F, shiny|100/100\n|turn|6\n|\n|t:|1776270435\n|switch|p1b: Charizard|Charizard, L50, F|100/100\n|move|p2a: Milotic|Protect|p2a: Milotic\n|-singleturn|p2a: Milotic|Protect\n|move|p2b: Venusaur|Sludge Bomb|p1a: Venusaur|[miss]\n|-miss|p2b: Venusaur|p1a: Venusaur\n|move|p1a: Venusaur|Synthesis|p1a: Venusaur\n|-heal|p1a: Venusaur|96/100\n|\n|upkeep\n|turn|7\n|\n|t:|1776270470\n|detailschange|p1b: Charizard|Charizard-Mega-Y, L50, F\n|-mega|p1b: Charizard|Charizard|Charizardite Y\n|-weather|SunnyDay|[from] ability: Drought|[of] p1b: Charizard\n|move|p2b: Venusaur|Sleep Powder|p1b: Charizard\n|-status|p1b: Charizard|slp|[from] move: Sleep Powder\n|move|p1a: Venusaur|Solar Beam||[still]\n|-prepare|p1a: Venusaur|Solar Beam\n|-anim|p1a: Venusaur|Solar Beam|p2a: Milotic\n|-supereffective|p2a: Milotic|1\n|-damage|p2a: Milotic|26/100\n|-enditem|p2a: Milotic|Sitrus Berry|[eat]\n|-heal|p2a: Milotic|51/100|[from] item: Sitrus Berry\n|cant|p1b: Charizard|slp\n|move|p2a: Milotic|Ice Beam|p1a: Venusaur\n|-supereffective|p1a: Venusaur|1\n|-damage|p1a: Venusaur|53/100\n|\n|-weather|SunnyDay|[upkeep]\n|upkeep\n|turn|8\n|\n|t:|1776270492\n|move|p2b: Venusaur|Sludge Bomb|p1a: Venusaur\n|-damage|p1a: Venusaur|19/100\n|move|p1a: Venusaur|Synthesis|p1a: Venusaur\n|-heal|p1a: Venusaur|85/100\n|cant|p1b: Charizard|slp\n|move|p2a: Milotic|Ice Beam|p1a: Venusaur\n|-supereffective|p1a: Venusaur|1\n|-damage|p1a: Venusaur|38/100\n|\n|-weather|SunnyDay|[upkeep]\n|upkeep\n|turn|9\n|\n|t:|1776270511\n|move|p2b: Venusaur|Sludge Bomb|p1b: Charizard\n|-damage|p1b: Charizard|56/100 slp\n|move|p1a: Venusaur|Synthesis|p1a: Venusaur\n|-heal|p1a: Venusaur|100/100\n|-curestatus|p1b: Charizard|slp|[msg]\n|move|p1b: Charizard|Heat Wave|p2a: Milotic|[spread] p2b\n|-miss|p1b: Charizard|p2a: Milotic\n|-supereffective|p2b: Venusaur|1\n|-enditem|p2b: Venusaur|Focus Sash\n|-damage|p2b: Venusaur|1/100\n|-status|p2b: Venusaur|brn\n|move|p2a: Milotic|Ice Beam|p1b: Charizard\n|-damage|p1b: Charizard|28/100\n|\n|-weather|SunnyDay|[upkeep]\n|-damage|p2b: Venusaur|0 fnt|[from] brn\n|faint|p2b: Venusaur\n|upkeep\n|\n|t:|1776270527\n|switch|p2b: Charizard|Charizard, L50, F, shiny|100/100\n|turn|10\n|\n|t:|1776270551\n|detailschange|p2b: Charizard|Charizard-Mega-Y, L50, F, shiny\n|-mega|p2b: Charizard|Charizard|Charizardite Y\n|move|p1a: Venusaur|Sleep Powder|p2b: Charizard\n|-status|p2b: Charizard|slp|[from] move: Sleep Powder\n|cant|p2b: Charizard|slp\n|move|p1b: Charizard|Hurricane|p2a: Milotic\n|-damage|p2a: Milotic|0 fnt\n|faint|p2a: Milotic\n|\n|-weather|SunnyDay|[upkeep]\n|upkeep\n|turn|11\n|\n|t:|1776270589\n|-curestatus|p2b: Charizard|slp|[msg]\n|move|p2b: Charizard|Protect|p2b: Charizard\n|-singleturn|p2b: Charizard|Protect\n|move|p1a: Venusaur|Sludge Bomb|p2b: Charizard\n|-activate|p2b: Charizard|move: Protect\n|move|p1b: Charizard|Hurricane|p2b: Charizard\n|-activate|p2b: Charizard|move: Protect\n|\n|-weather|none\n|upkeep\n|turn|12\n|\n|t:|1776270599\n|switch|p1a: Milotic|Milotic, L50, M|61/100 brn\n|move|p1b: Charizard|Protect|p1b: Charizard\n|-singleturn|p1b: Charizard|Protect\n|move|p2b: Charizard|Heat Wave|p1b: Charizard|[spread] p1a\n|-activate|p1b: Charizard|move: Protect\n|-resisted|p1a: Milotic|1\n|-damage|p1a: Milotic|46/100 brn\n|\n|-damage|p1a: Milotic|40/100 brn|[from] brn\n|upkeep\n|turn|13\n|\n|t:|1776270617\n|move|p2b: Charizard|Weather Ball|p1b: Charizard\n|-damage|p1b: Charizard|9/100\n|move|p1b: Charizard|Hurricane|p2b: Charizard\n|-damage|p2b: Charizard|21/100\n|move|p1a: Milotic|Scald|p2b: Charizard\n|-supereffective|p2b: Charizard|1\n|-damage|p2b: Charizard|0 fnt\n|faint|p2b: Charizard\n|\n|win|dragonbokiabierto\n|l|\u2606Mariscos\n|player|p2|\n",
  "uploadtime": 1776270663,
  "views": 23,
  "formatid": "gen9championsvgc2026regma",
  "rating": null,
  "private": 0,
  "password": null
}