{
  "id": "gen9championsvgc2026regma-2583185132",
  "format": "[Gen 9 Champions] VGC 2026 Reg M-A",
  "players": [
    "MLLAB",
    "It'sJustKen VGC"
  ],
  "log": "|j|\u2606MLLAB\n|j|\u2606It'sJustKen VGC\n|t:|1776152275\n|gametype|doubles\n|player|p1|MLLAB|102|1041\n|player|p2|It'sJustKen VGC|266|1111\n|gen|9\n|tier|[Gen 9 Champions] VGC 2026 Reg M-A\n|rated|\n|rule|Species Clause: Limit one of each Pok\u00e9mon\n|rule|Item Clause: Limit 1 of each item\n|clearpoke\n|poke|p1|Tyranitar, L50, F|\n|poke|p1|Excadrill, L50, F|\n|poke|p1|Primarina, L50, M|\n|poke|p1|Oranguru, L50, F|\n|poke|p1|Crabominable, L50, M|\n|poke|p1|Delphox, L50, M|\n|poke|p2|Floette-Eternal, L50, F|\n|poke|p2|Espathra, L50, M|\n|poke|p2|Incineroar, L50, M|\n|poke|p2|Sneasler, L50, F|\n|poke|p2|Basculegion, L50, M|\n|poke|p2|Kingambit, L50, M|\n|teampreview|4\n|inactive|Battle timer is ON: inactive players will automatically lose when time's up. (requested by MLLAB)\n|inactive|It'sJustKen VGC also wants the timer to be on.\n|inactive|MLLAB has 60 seconds left.\n|inactive|It'sJustKen VGC has 60 seconds left.\n|\n|t:|1776152322\n|teamsize|p1|4\n|teamsize|p2|4\n|start\n|switch|p1a: Primarina|Primarina, L50, M|100/100\n|switch|p1b: Delphox|Delphox, L50, M|100/100\n|switch|p2a: Sneasler|Sneasler, L50, F|100/100\n|switch|p2b: Incineroar|Incineroar, L50, M|100/100\n|-ability|p2b: Incineroar|Intimidate|boost\n|-unboost|p1a: Primarina|atk|1\n|-unboost|p1b: Delphox|atk|1\n|turn|1\n|inactive|It'sJustKen VGC has 30 seconds left.\n|inactive|It'sJustKen VGC has 20 seconds left.\n|\n|t:|1776152357\n|switch|p2b: Espathra|Espathra, L50, M|100/100\n|move|p1b: Delphox|Protect|p1b: Delphox\n|-singleturn|p1b: Delphox|Protect\n|move|p1a: Primarina|Protect|p1a: Primarina\n|-singleturn|p1a: Primarina|Protect\n|move|p2a: Sneasler|Close Combat|p2b: Espathra\n|-resisted|p2b: Espathra|1\n|-damage|p2b: Espathra|52/100\n|-unboost|p2a: Sneasler|def|1\n|-unboost|p2a: Sneasler|spd|1\n|-enditem|p2a: Sneasler|White Herb\n|-clearnegativeboost|p2a: Sneasler|[silent]\n|\n|upkeep\n|turn|2\n|\n|t:|1776152375\n|detailschange|p1b: Delphox|Delphox-Mega, L50, M\n|-mega|p1b: Delphox|Delphox|Delphoxite\n|move|p2a: Sneasler|Protect|p2a: Sneasler\n|-singleturn|p2a: Sneasler|Protect\n|move|p1b: Delphox|Psychic|p2a: Sneasler\n|-activate|p2a: Sneasler|move: Protect\n|move|p2b: Espathra|Lumina Crash|p1b: Delphox\n|-resisted|p1b: Delphox|1\n|-damage|p1b: Delphox|84/100\n|-unboost|p1b: Delphox|spd|2\n|move|p1a: Primarina|Hyper Voice|p2b: Espathra|[spread] p2b\n|-activate|p2a: Sneasler|move: Protect\n|-damage|p2b: Espathra|0 fnt\n|faint|p2b: Espathra\n|\n|upkeep\n|\n|t:|1776152386\n|switch|p2b: Basculegion|Basculegion, L50, M|100/100\n|turn|3\n|\n|t:|1776152393\n|move|p2a: Sneasler|Dire Claw|p1a: Primarina\n|-supereffective|p1a: Primarina|1\n|-damage|p1a: Primarina|0 fnt\n|faint|p1a: Primarina\n|move|p1b: Delphox|Psychic|p2a: Sneasler\n|-supereffective|p2a: Sneasler|2\n|-damage|p2a: Sneasler|0 fnt\n|faint|p2a: Sneasler\n|move|p2b: Basculegion|Wave Crash|p1b: Delphox\n|-supereffective|p1b: Delphox|1\n|-damage|p1b: Delphox|0 fnt\n|faint|p1b: Delphox\n|-damage|p2b: Basculegion|79/100|[from] Recoil\n|\n|upkeep\n|\n|t:|1776152399\n|switch|p1b: Excadrill|Excadrill, L50, F|100/100\n|switch|p2a: Incineroar|Incineroar, L50, M|100/100\n|switch|p1a: Tyranitar|Tyranitar, L50, F|100/100\n|-ability|p2a: Incineroar|Intimidate|boost\n|-unboost|p1a: Tyranitar|atk|1\n|-unboost|p1b: Excadrill|atk|1\n|-weather|Sandstorm|[from] ability: Sand Stream|[of] p1a: Tyranitar\n|-enditem|p1b: Excadrill|White Herb\n|-clearnegativeboost|p1b: Excadrill|[silent]\n|turn|4\n|\n|t:|1776152410\n|move|p1b: Excadrill|Protect|p1b: Excadrill\n|-singleturn|p1b: Excadrill|Protect\n|move|p1a: Tyranitar|Protect|p1a: Tyranitar\n|-singleturn|p1a: Tyranitar|Protect\n|move|p2a: Incineroar|Fake Out|p1a: Tyranitar\n|-activate|p1a: Tyranitar|move: Protect\n|move|p2b: Basculegion|Wave Crash|p1b: Excadrill\n|-activate|p1b: Excadrill|move: Protect\n|\n|-weather|Sandstorm|[upkeep]\n|-damage|p2b: Basculegion|73/100|[from] Sandstorm\n|-damage|p2a: Incineroar|95/100|[from] Sandstorm\n|upkeep\n|turn|5\n|\n|t:|1776152431\n|move|p1b: Excadrill|Earthquake|p2a: Incineroar|[spread] p1a,p2a,p2b\n|-supereffective|p1a: Tyranitar|1\n|-supereffective|p2a: Incineroar|1\n|-damage|p1a: Tyranitar|36/100\n|-damage|p2a: Incineroar|28/100\n|-damage|p2b: Basculegion|26/100\n|-enditem|p2a: Incineroar|Sitrus Berry|[eat]\n|-heal|p2a: Incineroar|53/100|[from] item: Sitrus Berry\n|move|p2b: Basculegion|Wave Crash|p1a: Tyranitar\n|-supereffective|p1a: Tyranitar|1\n|-damage|p1a: Tyranitar|0 fnt\n|faint|p1a: Tyranitar\n|-damage|p2b: Basculegion|14/100|[from] Recoil\n|move|p2a: Incineroar|Flare Blitz|p1b: Excadrill\n|-supereffective|p1b: Excadrill|1\n|-damage|p1b: Excadrill|0 fnt\n|faint|p1b: Excadrill\n|-damage|p2a: Incineroar|21/100|[from] Recoil\n|\n|win|It'sJustKen VGC\n|raw|MLLAB's rating: 1041 &rarr; <strong>1028</strong><br />(-13 for losing)\n|raw|It&apos;sJustKen VGC's rating: 1111 &rarr; <strong>1131</strong><br />(+20 for winning)\n|l|\u2606MLLAB\n|player|p1|\n",
  "uploadtime": 1776152447,
  "views": 15,
  "formatid": "gen9championsvgc2026regma",
  "rating": 1028,
  "private": 0,
  "password": null
}