{
  "id": "gen9championsvgc2026regma-2585661780",
  "format": "[Gen 9 Champions] VGC 2026 Reg M-A",
  "players": [
    "Crash0utVGC",
    "kurama 10"
  ],
  "log": "|j|\u2606Crash0utVGC\n|j|\u2606kurama 10\n|t:|1776361999\n|gametype|doubles\n|player|p1|Crash0utVGC|colress|1157\n|player|p2|kurama 10|alder|1140\n|gen|9\n|tier|[Gen 9 Champions] VGC 2026 Reg M-A\n|rated|\n|rule|Species Clause: Limit one of each Pok\u00e9mon\n|rule|Item Clause: Limit 1 of each item\n|clearpoke\n|poke|p1|Aggron, L50, M|\n|poke|p1|Pelipper, L50, M|\n|poke|p1|Incineroar, L50, M|\n|poke|p1|Sinistcha, L50|\n|poke|p1|Basculegion, L50, M|\n|poke|p1|Dragonite, L50, F|\n|poke|p2|Golurk, L50|\n|poke|p2|Farigiraf, L50, M|\n|poke|p2|Incineroar, L50, F|\n|poke|p2|Whimsicott, L50, F|\n|poke|p2|Pelipper, L50, M|\n|poke|p2|Kingambit, L50, M|\n|teampreview|4\nkurama 10 has agreed to open team sheets.\nCrash0utVGC has agreed to open team sheets.\n|showteam|p1|Aggron||Aggronite|Sturdy|HeavySlam,IronDefense,BodyPress,Protect|||M|||50|]Pelipper||FocusSash|Drizzle|WeatherBall,Hurricane,Protect,WideGuard|||M|||50|]Incineroar||ChopleBerry|Intimidate|Taunt,PartingShot,FlareBlitz,FakeOut|||M|||50|]Sinistcha||SitrusBerry|Hospitality|MatchaGotcha,RagePowder,LifeDew,TrickRoom||||||50|]Basculegion||ChoiceScarf|Adaptability|WaveCrash,AquaJet,LastRespects,FlipTurn|||M|||50|]Dragonite||Dragoninite|InnerFocus|DracoMeteor,Hurricane,ExtremeSpeed,Protect|||F|||50|\n|showteam|p2|Golurk||Golurkite|IronFist|Earthquake,RockTomb,DrainPunch,Poltergeist||||||50|]Farigiraf||SitrusBerry|ArmorTail|HyperVoice,TrickRoom,Psychic,NastyPlot|||M|||50|]Incineroar||Charcoal|Intimidate|FakeOut,PartingShot,FlareBlitz,ThroatChop|||F|||50|]Whimsicott||FocusSash|Prankster|Moonblast,Encore,Taunt,EnergyBall|||F|||50|]Pelipper||MysticWater|Drizzle|WeatherBall,Hurricane,MuddyWater,WideGuard|||M|||50|]Kingambit||BlackGlasses|Defiant|KowtowCleave,SuckerPunch,IronHead,Protect|||M|||50|\n|inactive|Battle timer is ON: inactive players will automatically lose when time's up. (requested by kurama 10)\n|\n|t:|1776362034\n|teamsize|p1|4\n|teamsize|p2|4\n|start\n|switch|p1a: Aggron|Aggron, L50, M, shiny|100/100\n|switch|p1b: Incineroar|Incineroar, L50, M|100/100\n|switch|p2a: Incineroar|Incineroar, L50, F|100/100\n|switch|p2b: Farigiraf|Farigiraf, L50, M|100/100\n|-ability|p1b: Incineroar|Intimidate|boost\n|-unboost|p2a: Incineroar|atk|1\n|-unboost|p2b: Farigiraf|atk|1\n|-ability|p2a: Incineroar|Intimidate|boost\n|-unboost|p1a: Aggron|atk|1\n|-unboost|p1b: Incineroar|atk|1\n|turn|1\n|\n|t:|1776362059\n|detailschange|p1a: Aggron|Aggron-Mega, L50, M, shiny\n|-mega|p1a: Aggron|Aggron|Aggronite\n|move|p2a: Incineroar|Fake Out|p1a: Aggron\n|-resisted|p1a: Aggron|1\n|-damage|p1a: Aggron|98/100\n|move|p1b: Incineroar|Taunt|p2b: Farigiraf\n|-start|p2b: Farigiraf|move: Taunt\n|cant|p1a: Aggron|flinch\n|cant|p2b: Farigiraf|move: Taunt|Trick Room\n|\n|upkeep\n|turn|2\n|\n|t:|1776362076\n|switch|p2b: Pelipper|Pelipper, L50, M|100/100\n|-weather|RainDance|[from] ability: Drizzle|[of] p2b: Pelipper\n|move|p1b: Incineroar|Parting Shot|p2a: Incineroar\n|-unboost|p2a: Incineroar|atk|1\n|-unboost|p2a: Incineroar|spa|1\n|\n|t:|1776362082\n|switch|p1b: Basculegion|Basculegion, L50, M|100/100|[from] Parting Shot\n|move|p2a: Incineroar|Flare Blitz|p1a: Aggron\n|-supereffective|p1a: Aggron|1\n|-damage|p1a: Aggron|86/100\n|-damage|p2a: Incineroar|96/100|[from] Recoil\n|move|p1a: Aggron|Iron Defense|p1a: Aggron\n|-boost|p1a: Aggron|def|2\n|\n|-weather|RainDance|[upkeep]\n|upkeep\n|turn|3\n|\n|t:|1776362104\n|switch|p2a: Farigiraf|Farigiraf, L50, M|100/100\n|move|p1b: Basculegion|Wave Crash|p2b: Pelipper\n|-resisted|p2b: Pelipper|1\n|-damage|p2b: Pelipper|41/100\n|-damage|p1b: Basculegion|87/100|[from] Recoil\n|move|p2b: Pelipper|Muddy Water|p1a: Aggron|[spread] p1a,p1b\n|-resisted|p1b: Basculegion|1\n|-damage|p1a: Aggron|38/100\n|-damage|p1b: Basculegion|57/100\n|move|p1a: Aggron|Body Press|p2a: Farigiraf\n|-damage|p2a: Farigiraf|23/100\n|-enditem|p2a: Farigiraf|Sitrus Berry|[eat]\n|-heal|p2a: Farigiraf|48/100|[from] item: Sitrus Berry\n|\n|-weather|RainDance|[upkeep]\n|upkeep\n|turn|4\n|\n|t:|1776362128\n|move|p1b: Basculegion|Wave Crash|p2b: Pelipper\n|-resisted|p2b: Pelipper|1\n|-damage|p2b: Pelipper|0 fnt\n|faint|p2b: Pelipper\n|-damage|p1b: Basculegion|48/100|[from] Recoil\n|move|p2a: Farigiraf|Psychic|p1b: Basculegion\n|-damage|p1b: Basculegion|0 fnt\n|faint|p1b: Basculegion\n|move|p1a: Aggron|Body Press|p2a: Farigiraf\n|-damage|p2a: Farigiraf|0 fnt\n|faint|p2a: Farigiraf\n|\n|-weather|RainDance|[upkeep]\n|upkeep\n|\n|t:|1776362146\n|switch|p1b: Sinistcha|Sinistcha, L50|100/100\n|switch|p2b: Golurk|Golurk, L50|100/100\n|switch|p2a: Incineroar|Incineroar, L50, F|96/100\n|-ability|p2a: Incineroar|Intimidate|boost\n|-unboost|p1a: Aggron|atk|1\n|-unboost|p1b: Sinistcha|atk|1\n|-heal|p1a: Aggron|63/100|[from] ability: Hospitality|[of] p1b: Sinistcha\n|turn|5\n|\n|t:|1776362159\n|switch|p1b: Incineroar|Incineroar, L50, M|100/100\n|-ability|p1b: Incineroar|Intimidate|boost\n|-unboost|p2a: Incineroar|atk|1\n|-unboost|p2b: Golurk|atk|1\n|detailschange|p2b: Golurk|Golurk-Mega, L50\n|-mega|p2b: Golurk|Golurk|Golurkite\n|move|p2a: Incineroar|Fake Out|p1a: Aggron\n|-resisted|p1a: Aggron|1\n|-damage|p1a: Aggron|62/100\n|move|p2b: Golurk|Poltergeist|p1b: Incineroar\n|-activate|p1b: Incineroar|move: Poltergeist|Chople Berry\n|-resisted|p1b: Incineroar|1\n|-damage|p1b: Incineroar|80/100\n|cant|p1a: Aggron|flinch\n|\n|-weather|RainDance|[upkeep]\n|upkeep\n|turn|6\n|\n|t:|1776362172\n|move|p1b: Incineroar|Parting Shot|p2b: Golurk\n|-unboost|p2b: Golurk|atk|1\n|-unboost|p2b: Golurk|spa|1\n|\n|t:|1776362174\n|switch|p1b: Sinistcha|Sinistcha, L50|100/100|[from] Parting Shot\n|-heal|p1a: Aggron|87/100|[from] ability: Hospitality|[of] p1b: Sinistcha\n|move|p2a: Incineroar|Flare Blitz|p1a: Aggron\n|-supereffective|p1a: Aggron|1\n|-damage|p1a: Aggron|78/100\n|-damage|p2a: Incineroar|94/100|[from] Recoil\n|move|p2b: Golurk|Earthquake|p1a: Aggron|[spread] p2a,p1a,p1b\n|-supereffective|p2a: Incineroar|1\n|-supereffective|p1a: Aggron|1\n|-resisted|p1b: Sinistcha|1\n|-damage|p2a: Incineroar|40/100\n|-damage|p1a: Aggron|70/100\n|-damage|p1b: Sinistcha|90/100\n|move|p1a: Aggron|Body Press|p2a: Incineroar\n|-supereffective|p2a: Incineroar|1\n|-damage|p2a: Incineroar|0 fnt\n|faint|p2a: Incineroar\n|\n|-weather|none\n|upkeep\n|turn|7\n|-message|kurama 10 forfeited.\n|\n|win|Crash0utVGC\n|raw|Crash0utVGC's rating: 1157 &rarr; <strong>1181</strong><br />(+24 for winning)\n|raw|kurama 10's rating: 1140 &rarr; <strong>1116</strong><br />(-24 for losing)\n",
  "uploadtime": 1776362178,
  "views": 18,
  "formatid": "gen9championsvgc2026regma",
  "rating": 1116,
  "private": 0,
  "password": null
}