{
  "id": "gen9championsvgc2026regma-2585398103",
  "format": "[Gen 9 Champions] VGC 2026 Reg M-A",
  "players": [
    "Moretti789",
    "testdigi"
  ],
  "log": "|j|\u2606Moretti789\n|j|\u2606testdigi\n|t:|1776344363\n|gametype|doubles\n|player|p1|Moretti789|harlequin|1094\n|player|p2|testdigi|170|1000\n|gen|9\n|tier|[Gen 9 Champions] VGC 2026 Reg M-A\n|rated|\n|rule|Species Clause: Limit one of each Pok\u00e9mon\n|rule|Item Clause: Limit 1 of each item\n|clearpoke\n|poke|p1|Golurk, L50|\n|poke|p1|Heracross, L50, F|\n|poke|p1|Milotic, L50, M|\n|poke|p1|Farigiraf, L50, M|\n|poke|p1|Incineroar, L50, M|\n|poke|p1|Kingambit, L50, M|\n|poke|p2|Mimikyu, L50, M|\n|poke|p2|Floette-Eternal, L50, F|\n|poke|p2|Sneasler, L50, F|\n|poke|p2|Incineroar, L50, F|\n|poke|p2|Tyranitar, L50, F|\n|poke|p2|Corviknight, L50, F|\n|teampreview|4\n|inactive|Battle timer is ON: inactive players will automatically lose when time's up. (requested by Moretti789)\n|j| SireSatire\n|inactive|Moretti789 has 60 seconds left.\n|inactive|testdigi has 60 seconds left.\n|inactive|testdigi has 30 seconds left.\n|\n|t:|1776344428\n|teamsize|p1|4\n|teamsize|p2|4\n|start\n|switch|p1a: Farigiraf|Farigiraf, L50, M|100/100\n|switch|p1b: Kingambit|Kingambit, L50, M|100/100\n|switch|p2a: Corviknight|Corviknight, L50, F, shiny|100/100\n|switch|p2b: Tyranitar|Tyranitar, L50, F|100/100\n|-weather|Sandstorm|[from] ability: Sand Stream|[of] p2b: Tyranitar\n|turn|1\n|\n|t:|1776344453\n|detailschange|p2b: Tyranitar|Tyranitar-Mega, L50, F\n|-mega|p2b: Tyranitar|Tyranitar|Tyranitarite\n|move|p2a: Corviknight|Tailwind|p2a: Corviknight\n|-sidestart|p2: testdigi|move: Tailwind\n|move|p2b: Tyranitar|Knock Off|p1a: Farigiraf\n|-supereffective|p1a: Farigiraf|1\n|-damage|p1a: Farigiraf|0 fnt\n|-enditem|p1a: Farigiraf|Mental Herb|[from] move: Knock Off|[of] p2b: Tyranitar\n|faint|p1a: Farigiraf\n|move|p1b: Kingambit|Iron Head|p2b: Tyranitar\n|-supereffective|p2b: Tyranitar|1\n|-crit|p2b: Tyranitar\n|-damage|p2b: Tyranitar|15/100\n|\n|-weather|Sandstorm|[upkeep]\n|upkeep\n|\n|t:|1776344462\n|switch|p1a: Golurk|Golurk, L50|100/100\n|turn|2\n|inactive|testdigi has 30 seconds left.\n|\n|t:|1776344497\n|detailschange|p1a: Golurk|Golurk-Mega, L50\n|-mega|p1a: Golurk|Golurk|Golurkite\n|move|p2b: Tyranitar|Protect|p2b: Tyranitar\n|-singleturn|p2b: Tyranitar|Protect\n|move|p1b: Kingambit|Sucker Punch||[still]\n|-fail|p1b: Kingambit\n|move|p2a: Corviknight|Brave Bird|p1b: Kingambit\n|-resisted|p1b: Kingambit|1\n|-damage|p1b: Kingambit|86/100\n|-damage|p2a: Corviknight|95/100|[from] Recoil\n|move|p1a: Golurk|Smack Down|p2a: Corviknight\n|-damage|p2a: Corviknight|78/100\n|-start|p2a: Corviknight|Smack Down\n|\n|-weather|Sandstorm|[upkeep]\n|upkeep\n|turn|3\n|\n|t:|1776344515\n|switch|p2b: Sneasler|Sneasler, L50, F, shiny|100/100\n|move|p2a: Corviknight|Protect|p2a: Corviknight\n|-singleturn|p2a: Corviknight|Protect\n|move|p1b: Kingambit|Sucker Punch||[still]\n|-fail|p1b: Kingambit\n|move|p1a: Golurk|Headlong Rush|p2a: Corviknight\n|-supereffective|p2a: Corviknight|1\n|-ability|p1a: Golurk|Unseen Fist\n|-zbroken|p2a: Corviknight\n|-damage|p2a: Corviknight|49/100\n|-unboost|p1a: Golurk|def|1\n|-unboost|p1a: Golurk|spd|1\n|\n|-weather|Sandstorm|[upkeep]\n|-damage|p2b: Sneasler|95/100|[from] Sandstorm\n|upkeep\n|turn|4\n|inactive|testdigi has 30 seconds left.\n|\n|t:|1776344547\n|move|p2b: Sneasler|Close Combat|p1b: Kingambit\n|-supereffective|p1b: Kingambit|2\n|-enditem|p1b: Kingambit|Chople Berry|[eat]\n|-enditem|p1b: Kingambit|Chople Berry|[weaken]\n|-damage|p1b: Kingambit|0 fnt\n|-unboost|p2b: Sneasler|def|1\n|-unboost|p2b: Sneasler|spd|1\n|faint|p1b: Kingambit\n|move|p2a: Corviknight|Iron Head|p1a: Golurk\n|-damage|p1a: Golurk|69/100\n|move|p1a: Golurk|Headlong Rush|p2a: Corviknight\n|-supereffective|p2a: Corviknight|1\n|-damage|p2a: Corviknight|0 fnt\n|-unboost|p1a: Golurk|def|1\n|-unboost|p1a: Golurk|spd|1\n|faint|p2a: Corviknight\n|\n|-weather|Sandstorm|[upkeep]\n|-damage|p2b: Sneasler|89/100|[from] Sandstorm\n|-sideend|p2: testdigi|move: Tailwind\n|upkeep\n|\n|t:|1776344557\n|switch|p2a: Mimikyu|Mimikyu, L50, M|100/100\n|switch|p1b: Heracross|Heracross, L50, F, shiny|100/100\n|turn|5\n|inactive|testdigi has 30 seconds left.\n|\n|t:|1776344592\n|switch|p2b: Tyranitar|Tyranitar-Mega, L50, F|15/100\n|move|p1b: Heracross|Rock Blast|p2a: Mimikyu\n|-activate|p2a: Mimikyu|ability: Disguise\n|-damage|p2a: Mimikyu|100/100\n|detailschange|p2a: Mimikyu|Mimikyu-Busted, L50, M\n|-damage|p2a: Mimikyu|88/100|[from] pokemon: Mimikyu-Busted\n|-damage|p2a: Mimikyu|78/100\n|-crit|p2a: Mimikyu\n|-damage|p2a: Mimikyu|63/100\n|-hitcount|p2a: Mimikyu|3\n|move|p2a: Mimikyu|Shadow Claw|p1a: Golurk\n|-supereffective|p1a: Golurk|1\n|-damage|p1a: Golurk|0 fnt\n|faint|p1a: Golurk\n|\n|-weather|none\n|upkeep\n|turn|6\n|inactive|Moretti789 has 30 seconds left.\n|\n|t:|1776344619\n|move|p1b: Heracross|Rock Blast|p2a: Mimikyu\n|-damage|p2a: Mimikyu|54/100\n|-damage|p2a: Mimikyu|45/100\n|-damage|p2a: Mimikyu|36/100\n|-damage|p2a: Mimikyu|26/100\n|-damage|p2a: Mimikyu|18/100\n|-hitcount|p2a: Mimikyu|5\n|move|p2a: Mimikyu|Play Rough|p1b: Heracross\n|-supereffective|p1b: Heracross|1\n|-damage|p1b: Heracross|20/100\n|move|p2b: Tyranitar|Rock Slide|p1b: Heracross\n|-damage|p1b: Heracross|0 fnt\n|faint|p1b: Heracross\n|\n|win|testdigi\n",
  "uploadtime": 1776344365,
  "views": 19,
  "formatid": "gen9championsvgc2026regma",
  "rating": null,
  "private": 0,
  "password": null
}