{
  "id": "gen9championsvgc2026regma-2580826162",
  "format": "[Gen 9 Champions] VGC 2026 Reg M-A",
  "players": [
    "OrugaVeluga",
    "Pandamanofdoom"
  ],
  "log": "|j|\u2606OrugaVeluga\n|j|\u2606Pandamanofdoom\n|t:|1775935612\n|gametype|doubles\n|player|p1|OrugaVeluga|265|1098\n|player|p2|Pandamanofdoom|101|1024\n|gen|9\n|tier|[Gen 9 Champions] VGC 2026 Reg M-A\n|rated|\n|rule|Species Clause: Limit one of each Pok\u00e9mon\n|rule|Item Clause: Limit 1 of each item\n|clearpoke\n|poke|p1|Farigiraf, L50, F|\n|poke|p1|Hatterene, L50, F|\n|poke|p1|Kingambit, L50, F|\n|poke|p1|Chesnaught, L50, M|\n|poke|p1|Primarina, L50, M|\n|poke|p1|Torkoal, L50, M|\n|poke|p2|Ninetales-Alola, L50, F|\n|poke|p2|Kommo-o, L50, F|\n|poke|p2|Froslass, L50, F|\n|poke|p2|Incineroar, L50, F|\n|poke|p2|Basculegion, L50, M|\n|poke|p2|Sinistcha, L50|\n|teampreview|4\n|\n|t:|1775935638\n|teamsize|p1|4\n|teamsize|p2|4\n|start\n|switch|p1a: Farigiraf|Farigiraf, L50, F|100/100\n|switch|p1b: Chesnaught|Chesnaught, L50, M|100/100\n|switch|p2a: Kommo-o|Kommo-o, L50, F|100/100\n|switch|p2b: Sinistcha|Sinistcha, L50|100/100\n|turn|1\n|inactive|Battle timer is ON: inactive players will automatically lose when time's up. (requested by OrugaVeluga)\n|\n|t:|1775935656\n|detailschange|p1b: Chesnaught|Chesnaught-Mega, L50, M\n|-mega|p1b: Chesnaught|Chesnaught|Chesnaughtite\n|move|p2b: Sinistcha|Rage Powder|p2b: Sinistcha\n|-singleturn|p2b: Sinistcha|move: Rage Powder\n|move|p2a: Kommo-o|Clangorous Soul|p2a: Kommo-o\n|-boost|p2a: Kommo-o|atk|1\n|-boost|p2a: Kommo-o|def|1\n|-boost|p2a: Kommo-o|spa|1\n|-boost|p2a: Kommo-o|spd|1\n|-boost|p2a: Kommo-o|spe|1\n|-damage|p2a: Kommo-o|68/100\n|move|p1b: Chesnaught|Iron Defense|p1b: Chesnaught\n|-boost|p1b: Chesnaught|def|2\n|move|p1a: Farigiraf|Trick Room|p1a: Farigiraf\n|-fieldstart|move: Trick Room|[of] p1a: Farigiraf\n|\n|upkeep\n|turn|2\n|\n|t:|1775935676\n|move|p2b: Sinistcha|Rage Powder|p2b: Sinistcha\n|-singleturn|p2b: Sinistcha|move: Rage Powder\n|move|p1b: Chesnaught|Body Press|p2a: Kommo-o\n|-damage|p2a: Kommo-o|0 fnt\n|faint|p2a: Kommo-o\n|move|p1a: Farigiraf|Foul Play|p2b: Sinistcha\n|-supereffective|p2b: Sinistcha|1\n|-damage|p2b: Sinistcha|73/100\n|\n|upkeep\n|c|\u2606OrugaVeluga|rage powder doesnt affect grass types\n|\n|t:|1775935694\n|switch|p2a: Ninetales|Ninetales-Alola, L50, F|100/100\n|-weather|Snowscape|[from] ability: Snow Warning|[of] p2a: Ninetales\n|turn|3\n|\n|t:|1775935707\n|switch|p1a: Torkoal|Torkoal, L50, M|100/100\n|-weather|SunnyDay|[from] ability: Drought|[of] p1a: Torkoal\n|switch|p2b: Incineroar|Incineroar, L50, F|100/100\n|-ability|p2b: Incineroar|Intimidate|boost\n|-unboost|p1a: Torkoal|atk|1\n|-unboost|p1b: Chesnaught|atk|1\n|move|p1b: Chesnaught|Body Press|p2a: Ninetales\n|-enditem|p2a: Ninetales|Focus Sash\n|-damage|p2a: Ninetales|1/100\n|move|p2a: Ninetales|Blizzard|p1a: Torkoal|[spread] p1a,p1b\n|-resisted|p1a: Torkoal|1\n|-supereffective|p1b: Chesnaught|1\n|-damage|p1a: Torkoal|84/100\n|-damage|p1b: Chesnaught|57/100\n|\n|-weather|SunnyDay|[upkeep]\n|upkeep\n|turn|4\n|inactive|Pandamanofdoom has 30 seconds left.\n|inactive|Pandamanofdoom has 20 seconds left.\n|inactive|Pandamanofdoom has 15 seconds left.\n|inactive|Pandamanofdoom has 10 seconds left.\n|inactive|Pandamanofdoom has 5 seconds left.\n|\n|t:|1775935761\n|move|p2b: Incineroar|Fake Out|p1b: Chesnaught\n|-damage|p1b: Chesnaught|54/100\n|move|p1a: Torkoal|Eruption|p2a: Ninetales|[spread] p2a,p2b\n|-supereffective|p2a: Ninetales|1\n|-resisted|p2b: Incineroar|1\n|-crit|p2b: Incineroar\n|-damage|p2a: Ninetales|0 fnt\n|-damage|p2b: Incineroar|53/100\n|faint|p2a: Ninetales\n|cant|p1b: Chesnaught|flinch\n|\n|-weather|SunnyDay|[upkeep]\n|upkeep\n|\n|t:|1775935772\n|switch|p2a: Sinistcha|Sinistcha, L50|73/100\n|-heal|p2b: Incineroar|78/100|[from] ability: Hospitality|[of] p2a: Sinistcha\n|turn|5\n|c|\u2606OrugaVeluga|gg\n|inactive|Pandamanofdoom has 30 seconds left.\n|\n|t:|1775935800\n|move|p1a: Torkoal|Eruption|p2b: Incineroar|[spread] p2a,p2b\n|-supereffective|p2a: Sinistcha|1\n|-resisted|p2b: Incineroar|1\n|-damage|p2a: Sinistcha|0 fnt\n|-damage|p2b: Incineroar|47/100\n|-enditem|p2b: Incineroar|Sitrus Berry|[eat]\n|-heal|p2b: Incineroar|72/100|[from] item: Sitrus Berry\n|faint|p2a: Sinistcha\n|move|p1b: Chesnaught|Body Press|p2b: Incineroar\n|-supereffective|p2b: Incineroar|1\n|-damage|p2b: Incineroar|0 fnt\n|faint|p2b: Incineroar\n|\n|win|OrugaVeluga\n|raw|OrugaVeluga's rating: 1098 &rarr; <strong>1118</strong><br />(+20 for winning)\n|raw|Pandamanofdoom's rating: 1024 &rarr; <strong>1013</strong><br />(-11 for losing)\n",
  "uploadtime": 1775935800,
  "views": 12,
  "formatid": "gen9championsvgc2026regma",
  "rating": 1013,
  "private": 0,
  "password": null
}