{
  "id": "gen9championsvgc2026regma-2587745766",
  "format": "[Gen 9 Champions] VGC 2026 Reg M-A",
  "players": [
    "Uber Threat",
    "Jadenhess"
  ],
  "log": "|j|\u2606Uber Threat\n|j|\u2606Jadenhess\n|t:|1776559790\n|gametype|doubles\n|player|p1|Uber Threat|169|1433\n|player|p2|Jadenhess|101|1407\n|gen|9\n|tier|[Gen 9 Champions] VGC 2026 Reg M-A\n|rated|\n|rule|Species Clause: Limit one of each Pok\u00e9mon\n|rule|Item Clause: Limit 1 of each item\n|clearpoke\n|poke|p1|Emboar, L50, M|\n|poke|p1|Sneasler, L50, F|\n|poke|p1|Dragapult, L50, M|\n|poke|p1|Tsareena, L50, F|\n|poke|p1|Excadrill, L50, M|\n|poke|p1|Whimsicott, L50, F|\n|poke|p2|Abomasnow, L50, M|\n|poke|p2|Froslass, L50, F|\n|poke|p2|Glaceon, L50, F|\n|poke|p2|Armarouge, L50, M|\n|poke|p2|Ceruledge, L50, F|\n|poke|p2|Houndoom, L50, M|\n|teampreview|4\n|inactive|Battle timer is ON: inactive players will automatically lose when time's up. (requested by Jadenhess)\n|inactive|Uber Threat has 60 seconds left.\n|inactive|Jadenhess has 60 seconds left.\n|inactive|Jadenhess has 30 seconds left.\n|inactive|Jadenhess has 20 seconds left.\n|inactive|Jadenhess has 15 seconds left.\n|inactive|Jadenhess has 10 seconds left.\n|inactive|Jadenhess has 5 seconds left.\n|\n|t:|1776559880\n|teamsize|p1|4\n|teamsize|p2|4\n|start\n|switch|p1a: Emboar|Emboar, L50, M|100/100\n|switch|p1b: Sneasler|Sneasler, L50, F|100/100\n|switch|p2a: Abomasnow|Abomasnow, L50, M|100/100\n|switch|p2b: Glaceon|Glaceon, L50, F|100/100\n|-weather|Snowscape|[from] ability: Snow Warning|[of] p2a: Abomasnow\n|turn|1\n|\n|t:|1776559899\n|switch|p2a: Ceruledge|Ceruledge, L50, F|100/100\n|detailschange|p1a: Emboar|Emboar-Mega, L50, M\n|-mega|p1a: Emboar|Emboar|Emboarite\n|-ability|p1a: Emboar|Mold Breaker\n|move|p1b: Sneasler|Fake Out|p2b: Glaceon\n|-damage|p2b: Glaceon|89/100\n|move|p1a: Emboar|Bulk Up|p1a: Emboar\n|-boost|p1a: Emboar|atk|1\n|-boost|p1a: Emboar|def|1\n|cant|p2b: Glaceon|flinch\n|\n|-weather|Snowscape|[upkeep]\n|upkeep\n|turn|2\n|inactive|Uber Threat has 30 seconds left.\n|\n|t:|1776559932\n|move|p1b: Sneasler|Dire Claw|p2a: Ceruledge\n|-resisted|p2a: Ceruledge|1\n|-crit|p2a: Ceruledge\n|-damage|p2a: Ceruledge|62/100\n|move|p2a: Ceruledge|Bulk Up|p2a: Ceruledge\n|-boost|p2a: Ceruledge|atk|1\n|-boost|p2a: Ceruledge|def|1\n|move|p1a: Emboar|Storm Throw|p2b: Glaceon|[miss]\n|-miss|p1a: Emboar|p2b: Glaceon\n|move|p2b: Glaceon|Blizzard|p1b: Sneasler|[spread] p1a,p1b\n|-resisted|p1a: Emboar|1\n|-damage|p1a: Emboar|83/100\n|-damage|p1b: Sneasler|31/100\n|\n|-weather|Snowscape|[upkeep]\n|-heal|p2a: Ceruledge|68/100|[from] item: Leftovers\n|upkeep\n|turn|3\n|\n|t:|1776559953\n|move|p1b: Sneasler|Coaching|p1a: Emboar\n|-boost|p1a: Emboar|atk|1\n|-boost|p1a: Emboar|def|1\n|move|p2a: Ceruledge|Bitter Blade|p1a: Emboar\n|-resisted|p1a: Emboar|1\n|-damage|p1a: Emboar|64/100\n|-heal|p2a: Ceruledge|80/100|[from] drain|[of] p1a: Emboar\n|move|p1a: Emboar|Bulk Up|p1a: Emboar\n|-boost|p1a: Emboar|atk|1\n|-boost|p1a: Emboar|def|1\n|move|p2b: Glaceon|Blizzard|p1b: Sneasler|[spread] p1a,p1b\n|-resisted|p1a: Emboar|1\n|-damage|p1a: Emboar|46/100\n|-damage|p1b: Sneasler|0 fnt\n|faint|p1b: Sneasler\n|\n|-weather|Snowscape|[upkeep]\n|-heal|p2a: Ceruledge|86/100|[from] item: Leftovers\n|upkeep\n|\n|t:|1776559963\n|switch|p1b: Whimsicott|Whimsicott, L50, F|100/100\n|turn|4\n|\n|t:|1776559982\n|move|p1b: Whimsicott|Protect|p1b: Whimsicott\n|-singleturn|p1b: Whimsicott|Protect\n|move|p2a: Ceruledge|Bitter Blade|p1b: Whimsicott\n|-activate|p1b: Whimsicott|move: Protect\n|move|p1a: Emboar|Storm Throw|p2b: Glaceon\n|-supereffective|p2b: Glaceon|1\n|-crit|p2b: Glaceon\n|-damage|p2b: Glaceon|0 fnt\n|faint|p2b: Glaceon\n|\n|-weather|Snowscape|[upkeep]\n|-heal|p2a: Ceruledge|92/100|[from] item: Leftovers\n|upkeep\n|\n|t:|1776559987\n|switch|p2b: Armarouge|Armarouge, L50, M|100/100\n|turn|5\n|\n|t:|1776560008\n|move|p1b: Whimsicott|Helping Hand|p1a: Emboar\n|-singleturn|p1a: Emboar|Helping Hand|[of] p1b: Whimsicott\n|move|p1a: Emboar|Sucker Punch|p2a: Ceruledge\n|-supereffective|p2a: Ceruledge|1\n|-damage|p2a: Ceruledge|0 fnt\n|faint|p2a: Ceruledge\n|move|p2b: Armarouge|Psychic|p1a: Emboar\n|-supereffective|p1a: Emboar|1\n|-damage|p1a: Emboar|0 fnt\n|faint|p1a: Emboar\n|\n|-weather|none\n|upkeep\n|\n|t:|1776560016\n|switch|p2a: Abomasnow|Abomasnow, L50, M|100/100\n|switch|p1a: Dragapult|Dragapult, L50, M|100/100\n|-weather|Snowscape|[from] ability: Snow Warning|[of] p2a: Abomasnow\n|turn|6\n|\n|t:|1776560026\n|detailschange|p2a: Abomasnow|Abomasnow-Mega, L50, M\n|-mega|p2a: Abomasnow|Abomasnow|Abomasite\n|move|p2b: Armarouge|Ally Switch|p2b: Armarouge\n|swap|p2b: Armarouge|0|[from] move: Ally Switch\n|move|p1a: Dragapult|Phantom Force||[still]\n|-prepare|p1a: Dragapult|Phantom Force\n|move|p1b: Whimsicott|Moonblast|p2a: Armarouge\n|-resisted|p2a: Armarouge|1\n|-damage|p2a: Armarouge|84/100\n|move|p2b: Abomasnow|Blizzard|p1b: Whimsicott|[spread] p1b\n|-miss|p2b: Abomasnow|p1a: Dragapult\n|-supereffective|p1b: Whimsicott|1\n|-enditem|p1b: Whimsicott|Focus Sash\n|-damage|p1b: Whimsicott|1/100\n|\n|-weather|Snowscape|[upkeep]\n|upkeep\n|turn|7\n|\n|t:|1776560036\n|move|p1a: Dragapult|Phantom Force|p2b: Abomasnow|[from] lockedmove\n|-damage|p2b: Abomasnow|72/100\n|move|p1b: Whimsicott|Moonblast|p2b: Abomasnow\n|-damage|p2b: Abomasnow|44/100\n|move|p2a: Armarouge|Psychic|p1a: Dragapult\n|-damage|p1a: Dragapult|34/100\n|move|p2b: Abomasnow|Blizzard|p1b: Whimsicott|[spread] p1a,p1b\n|-supereffective|p1a: Dragapult|1\n|-supereffective|p1b: Whimsicott|1\n|-damage|p1a: Dragapult|0 fnt\n|-damage|p1b: Whimsicott|0 fnt\n|faint|p1a: Dragapult\n|faint|p1b: Whimsicott\n|\n|win|Jadenhess\n|raw|Uber Threat's rating: 1433 &rarr; <strong>1412</strong><br />(-21 for losing)\n|raw|Jadenhess's rating: 1407 &rarr; <strong>1428</strong><br />(+21 for winning)\n|l|\u2606Uber Threat\n|player|p1|\n|l|\u2606Jadenhess\n|player|p2|\n",
  "uploadtime": 1776560052,
  "views": 24,
  "formatid": "gen9championsvgc2026regma",
  "rating": 1412,
  "private": 0,
  "password": null
}