{
  "id": "gen9championsvgc2026regma-2584382355",
  "format": "[Gen 9 Champions] VGC 2026 Reg M-A",
  "players": [
    "Mastah VGC",
    "Jah_08"
  ],
  "log": "|j|\u2606Mastah VGC\n|j|\u2606Jah_08\n|t:|1776256666\n|gametype|doubles\n|player|p1|Mastah VGC|cynthia-gen4|1287\n|player|p2|Jah_08|alder|1307\n|gen|9\n|tier|[Gen 9 Champions] VGC 2026 Reg M-A\n|rated|\n|rule|Species Clause: Limit one of each Pok\u00e9mon\n|rule|Item Clause: Limit 1 of each item\n|clearpoke\n|poke|p1|Pelipper, L50, F|\n|poke|p1|Basculegion, L50, M|\n|poke|p1|Archaludon, L50, F|\n|poke|p1|Sneasler, L50, F|\n|poke|p1|Sinistcha, L50|\n|poke|p1|Dragonite, L50, F|\n|poke|p2|Excadrill, L50, M|\n|poke|p2|Whimsicott, L50, M|\n|poke|p2|Chandelure, L50, M|\n|poke|p2|Zoroark-Hisui, L50, M|\n|poke|p2|Basculegion, L50, M|\n|poke|p2|Hydreigon, L50, M|\n|teampreview|4\n|inactive|Battle timer is ON: inactive players will automatically lose when time's up. (requested by Mastah VGC)\n|inactive|Mastah VGC has 60 seconds left.\n|inactive|Jah_08 has 60 seconds left.\n|inactive|Mastah VGC has 30 seconds left.\n|inactive|Jah_08 has 30 seconds left.\n|inactive|Jah_08 has 20 seconds left.\n|\n|t:|1776256738\n|teamsize|p1|4\n|teamsize|p2|4\n|start\n|switch|p1a: Basculegion|Basculegion, L50, M|100/100\n|switch|p1b: Archaludon|Archaludon, L50, F|100/100\n|switch|p2a: Whimsicott|Whimsicott, L50, M, shiny|100/100\n|switch|p2b: Hydreigon|Hydreigon, L50, M|100/100\n|turn|1\n|inactive|Mastah VGC has 30 seconds left.\n|\n|t:|1776256763\n|switch|p1a: Pelipper|Pelipper, L50, F|100/100\n|-weather|RainDance|[from] ability: Drizzle|[of] p1a: Pelipper\n|move|p2b: Hydreigon|Protect|p2b: Hydreigon\n|-singleturn|p2b: Hydreigon|Protect\n|move|p2a: Whimsicott|Tailwind|p2a: Whimsicott\n|-sidestart|p2: Jah_08|move: Tailwind\n|move|p1b: Archaludon|Flash Cannon|p2a: Whimsicott\n|-supereffective|p2a: Whimsicott|1\n|-damage|p2a: Whimsicott|0 fnt\n|faint|p2a: Whimsicott\n|\n|-weather|RainDance|[upkeep]\n|upkeep\n|\n|t:|1776256784\n|switch|p2a: Excadrill|Excadrill, L50, M|100/100\n|-ability|p2a: Excadrill|Mold Breaker\n|turn|2\n|\n|t:|1776256806\n|move|p1b: Archaludon|Protect|p1b: Archaludon\n|-singleturn|p1b: Archaludon|Protect\n|move|p2b: Hydreigon|Earth Power|p1b: Archaludon\n|-activate|p1b: Archaludon|move: Protect\n|move|p2a: Excadrill|High Horsepower|p1b: Archaludon\n|-activate|p1b: Archaludon|move: Protect\n|move|p1a: Pelipper|Muddy Water|p2a: Excadrill|[spread] p2a,p2b\n|-supereffective|p2a: Excadrill|1\n|-resisted|p2b: Hydreigon|1\n|-enditem|p2a: Excadrill|Focus Sash\n|-damage|p2a: Excadrill|1/100\n|-damage|p2b: Hydreigon|78/100\n|-unboost|p2b: Hydreigon|accuracy|1\n|\n|-weather|RainDance|[upkeep]\n|upkeep\n|turn|3\n|\n|t:|1776256830\n|switch|p1b: Basculegion|Basculegion, L50, M|100/100\n|move|p2b: Hydreigon|Dark Pulse|p1a: Pelipper\n|-damage|p1a: Pelipper|34/100\n|move|p2a: Excadrill|Rock Slide|p1a: Pelipper|[spread] p1b\n|-miss|p2a: Excadrill|p1a: Pelipper\n|-damage|p1b: Basculegion|74/100\n|move|p1a: Pelipper|Muddy Water|p2b: Hydreigon|[spread] p2a,p2b\n|-supereffective|p2a: Excadrill|1\n|-resisted|p2b: Hydreigon|1\n|-damage|p2a: Excadrill|0 fnt\n|-damage|p2b: Hydreigon|53/100\n|faint|p2a: Excadrill\n|\n|-weather|RainDance|[upkeep]\n|upkeep\n|\n|t:|1776256846\n|switch|p2a: Basculegion|Basculegion, L50, M|100/100\n|turn|4\n|\n|t:|1776256857\n|switch|p1a: Archaludon|Archaludon, L50, F|100/100\n|move|p2a: Basculegion|Last Respects|p1b: Basculegion\n|-supereffective|p1b: Basculegion|1\n|-damage|p1b: Basculegion|0 fnt\n|faint|p1b: Basculegion\n|move|p2b: Hydreigon|Dark Pulse|p1a: Archaludon\n|-damage|p1a: Archaludon|57/100\n|-ability|p1a: Archaludon|Stamina|boost\n|-boost|p1a: Archaludon|def|1\n|\n|-weather|RainDance|[upkeep]\n|-heal|p1a: Archaludon|63/100|[from] item: Leftovers\n|-sideend|p2: Jah_08|move: Tailwind\n|upkeep\n|\n|t:|1776256865\n|switch|p1b: Sneasler|Sneasler, L50, F|100/100\n|turn|5\n|\n|t:|1776256885\n|move|p2b: Hydreigon|Protect|p2b: Hydreigon\n|-singleturn|p2b: Hydreigon|Protect\n|move|p1b: Sneasler|Fake Out|p2b: Hydreigon\n|-activate|p2b: Hydreigon|move: Protect\n|move|p2a: Basculegion|Last Respects|p1a: Archaludon\n|-damage|p1a: Archaludon|8/100\n|-ability|p1a: Archaludon|Stamina|boost\n|-boost|p1a: Archaludon|def|1\n|move|p1a: Archaludon|Electro Shot||[still]\n|-prepare|p1a: Archaludon|Electro Shot\n|-boost|p1a: Archaludon|spa|1\n|-anim|p1a: Archaludon|Electro Shot|p2a: Basculegion\n|-supereffective|p2a: Basculegion|1\n|-damage|p2a: Basculegion|0 fnt\n|faint|p2a: Basculegion\n|\n|-weather|none\n|-heal|p1a: Archaludon|14/100|[from] item: Leftovers\n|upkeep\n|turn|6\n|\n|t:|1776256910\n|move|p1b: Sneasler|Close Combat|p2b: Hydreigon\n|-supereffective|p2b: Hydreigon|1\n|-enditem|p2b: Hydreigon|Chople Berry|[eat]\n|-enditem|p2b: Hydreigon|Chople Berry|[weaken]\n|-damage|p2b: Hydreigon|0 fnt\n|-unboost|p1b: Sneasler|def|1\n|-unboost|p1b: Sneasler|spd|1\n|faint|p2b: Hydreigon\n|\n|win|Mastah VGC\n|raw|Mastah VGC's rating: 1261 &rarr; <strong>1289</strong><br />(+28 for winning)\n|raw|Jah_08's rating: 1307 &rarr; <strong>1284</strong><br />(-23 for losing)\n",
  "uploadtime": 1776256918,
  "views": 40,
  "formatid": "gen9championsvgc2026regma",
  "rating": 1284,
  "private": 0,
  "password": null
}