{
  "id": "gen9championsvgc2026regma-2585568690",
  "format": "[Gen 9 Champions] VGC 2026 Reg M-A",
  "players": [
    "Yunobo7",
    "MelodyChampionsVGC"
  ],
  "log": "|j|\u2606Yunobo7\n|j|\u2606MelodyChampionsVGC\n|t:|1776356092\n|gametype|doubles\n|player|p1|Yunobo7|miku-ghost|1312\n|player|p2|MelodyChampionsVGC|266|1251\n|gen|9\n|tier|[Gen 9 Champions] VGC 2026 Reg M-A\n|rated|\n|rule|Species Clause: Limit one of each Pok\u00e9mon\n|rule|Item Clause: Limit 1 of each item\n|clearpoke\n|poke|p1|Venusaur, L50, F|\n|poke|p1|Tyranitar, L50, F|\n|poke|p1|Milotic, L50, M|\n|poke|p1|Incineroar, L50, F|\n|poke|p1|Aerodactyl, L50, M|\n|poke|p1|Aegislash, L50, F|\n|poke|p2|Chimecho, L50, F|\n|poke|p2|Sneasler, L50, F|\n|poke|p2|Volcarona, L50, F|\n|poke|p2|Basculegion, L50, M|\n|poke|p2|Pelipper, L50, M|\n|poke|p2|Mamoswine, L50, M|\n|teampreview|4\n|inactive|Battle timer is ON: inactive players will automatically lose when time's up. (requested by Yunobo7)\n|inactive|Yunobo7 has 60 seconds left.\n|inactive|MelodyChampionsVGC has 60 seconds left.\n|\n|t:|1776356143\n|teamsize|p1|4\n|teamsize|p2|4\n|start\n|switch|p1a: Venusaur|Venusaur, L50, F|100/100\n|switch|p1b: Milotic|Milotic, L50, M|100/100\n|switch|p2a: Mamoswine|Mamoswine, L50, M|100/100\n|switch|p2b: Basculegion|Basculegion, L50, M|100/100\n|turn|1\n|inactive|MelodyChampionsVGC has 30 seconds left.\n|\n|t:|1776356175\n|detailschange|p1a: Venusaur|Venusaur-Mega, L50, F\n|-mega|p1a: Venusaur|Venusaur|Venusaurite\n|move|p2b: Basculegion|Flip Turn|p1a: Venusaur\n|-resisted|p1a: Venusaur|1\n|-damage|p1a: Venusaur|85/100\n|\n|t:|1776356181\n|switch|p2b: Chimecho|Chimecho, L50, F|100/100|[from] Flip Turn\n|move|p1a: Venusaur|Giga Drain|p2b: Chimecho\n|-damage|p2b: Chimecho|58/100\n|-heal|p1a: Venusaur|100/100|[from] drain|[of] p2b: Chimecho\n|move|p1b: Milotic|Icy Wind|p2b: Chimecho|[spread] p2a,p2b\n|-crit|p2a: Mamoswine\n|-damage|p2a: Mamoswine|84/100\n|-damage|p2b: Chimecho|47/100\n|-unboost|p2a: Mamoswine|spe|1\n|-unboost|p2b: Chimecho|spe|1\n|move|p2a: Mamoswine|High Horsepower|p1a: Venusaur\n|-damage|p1a: Venusaur|55/100\n|\n|upkeep\n|turn|2\n|\n|t:|1776356201\n|switch|p1a: Incineroar|Incineroar, L50, F|100/100\n|-ability|p1a: Incineroar|Intimidate|boost\n|-fail|p2a: Mamoswine|unboost|Attack|[from] ability: Oblivious|[of] p2a: Mamoswine\n|-unboost|p2b: Chimecho|atk|1\n|detailschange|p2b: Chimecho|Chimecho-Mega, L50, F\n|-mega|p2b: Chimecho|Chimecho|Chimechite\n|move|p2a: Mamoswine|Protect|p2a: Mamoswine\n|-singleturn|p2a: Mamoswine|Protect\n|move|p1b: Milotic|Scald|p2a: Mamoswine\n|-activate|p2a: Mamoswine|move: Protect\n|move|p2b: Chimecho|Recover|p2b: Chimecho\n|-heal|p2b: Chimecho|97/100\n|\n|upkeep\n|turn|3\n|inactive|MelodyChampionsVGC has 30 seconds left.\n|inactive|MelodyChampionsVGC has 20 seconds left.\n|\n|t:|1776356238\n|switch|p2a: Basculegion|Basculegion, L50, M|100/100\n|move|p2b: Chimecho|Protect|p2b: Chimecho\n|-singleturn|p2b: Chimecho|Protect\n|move|p1b: Milotic|Scald|p2a: Basculegion\n|-resisted|p2a: Basculegion|1\n|-damage|p2a: Basculegion|84/100\n|move|p1a: Incineroar|Darkest Lariat|p2a: Basculegion\n|-supereffective|p2a: Basculegion|1\n|-damage|p2a: Basculegion|0 fnt\n|faint|p2a: Basculegion\n|\n|upkeep\n|\n|t:|1776356245\n|switch|p2a: Sneasler|Sneasler, L50, F|100/100\n|turn|4\n|\n|t:|1776356252\n|switch|p1a: Venusaur|Venusaur-Mega, L50, F|55/100\n|move|p2a: Sneasler|Coaching|p2b: Chimecho\n|-boost|p2b: Chimecho|atk|1\n|-boost|p2b: Chimecho|def|1\n|move|p1b: Milotic|Scald|p2a: Sneasler\n|-damage|p2a: Sneasler|62/100\n|move|p2b: Chimecho|Calm Mind|p2b: Chimecho\n|-boost|p2b: Chimecho|spa|1\n|-boost|p2b: Chimecho|spd|1\n|\n|upkeep\n|turn|5\n|inactive|MelodyChampionsVGC has 30 seconds left.\n|inactive|MelodyChampionsVGC has 20 seconds left.\n|inactive|MelodyChampionsVGC has 15 seconds left.\n|inactive|MelodyChampionsVGC has 10 seconds left.\n|inactive|MelodyChampionsVGC has 5 seconds left.\n|\n|t:|1776356306\n|move|p2a: Sneasler|Dire Claw|p1a: Venusaur\n|-damage|p1a: Venusaur|21/100\n|-status|p1a: Venusaur|par\n|move|p1b: Milotic|Scald|p2a: Sneasler\n|-damage|p2a: Sneasler|25/100\n|move|p1a: Venusaur|Giga Drain|p2a: Sneasler\n|-resisted|p2a: Sneasler|1\n|-damage|p2a: Sneasler|0 fnt\n|-heal|p1a: Venusaur|31/100 par|[from] drain|[of] p2a: Sneasler\n|faint|p2a: Sneasler\n|move|p2b: Chimecho|Stored Power|p1b: Milotic\n|-crit|p1b: Milotic\n|-damage|p1b: Milotic|40/100\n|\n|-heal|p1b: Milotic|46/100|[from] item: Leftovers\n|upkeep\n|\n|t:|1776356315\n|switch|p2a: Mamoswine|Mamoswine, L50, M|84/100\n|turn|6\n|\n|t:|1776356324\n|move|p2a: Mamoswine|Ice Shard|p1a: Venusaur\n|-supereffective|p1a: Venusaur|1\n|-damage|p1a: Venusaur|12/100 par\n|move|p1b: Milotic|Scald|p2a: Mamoswine\n|-supereffective|p2a: Mamoswine|1\n|-damage|p2a: Mamoswine|14/100\n|move|p1a: Venusaur|Giga Drain|p2a: Mamoswine\n|-supereffective|p2a: Mamoswine|1\n|-damage|p2a: Mamoswine|0 fnt\n|-heal|p1a: Venusaur|20/100 par|[from] drain|[of] p2a: Mamoswine\n|faint|p2a: Mamoswine\n|move|p2b: Chimecho|Stored Power|p1b: Milotic\n|-damage|p1b: Milotic|7/100\n|\n|-heal|p1b: Milotic|13/100|[from] item: Leftovers\n|upkeep\n|turn|7\n|c|\u2606Yunobo7|Gg\n|-message|MelodyChampionsVGC forfeited.\n|\n|win|Yunobo7\n|raw|Yunobo7's rating: 1312 &rarr; <strong>1327</strong><br />(+15 for winning)\n|raw|MelodyChampionsVGC's rating: 1220 &rarr; <strong>1201</strong><br />(-19 for losing)\n|l|\u2606MelodyChampionsVGC\n|player|p2|\n",
  "uploadtime": 1776356349,
  "views": 41,
  "formatid": "gen9championsvgc2026regma",
  "rating": 1201,
  "private": 0,
  "password": null
}