{
  "id": "gen9championsvgc2026regma-2588815651",
  "format": "[Gen 9 Champions] VGC 2026 Reg M-A",
  "players": [
    "oberonvor",
    "problamatic"
  ],
  "log": "|j|\u2606oberonvor\n|j|\u2606problamatic\n|t:|1776674304\n|gametype|doubles\n|player|p1|oberonvor|266|1470\n|player|p2|problamatic|hugh|1511\n|gen|9\n|tier|[Gen 9 Champions] VGC 2026 Reg M-A\n|rated|\n|rule|Species Clause: Limit one of each Pok\u00e9mon\n|rule|Item Clause: Limit 1 of each item\n|clearpoke\n|poke|p1|Garchomp, L50, M|\n|poke|p1|Talonflame, L50, M|\n|poke|p1|Floette-Eternal, L50, F|\n|poke|p1|Sinistcha, L50|\n|poke|p1|Oranguru, L50, F|\n|poke|p1|Kingambit, L50, F|\n|poke|p2|Scizor, L50, M|\n|poke|p2|Dragonite, L50, M|\n|poke|p2|Pelipper, L50, M|\n|poke|p2|Basculegion, L50, M, shiny|\n|poke|p2|Archaludon, L50, M|\n|poke|p2|Sinistcha, L50|\n|teampreview|4\n|inactive|Battle timer is ON: inactive players will automatically lose when time's up. (requested by oberonvor)\n|j| pangpokemon666\n|inactive|oberonvor has 60 seconds left.\n|\n|t:|1776674340\n|teamsize|p1|4\n|teamsize|p2|4\n|start\n|switch|p1a: Kingambit|Kingambit, L50, F|100/100\n|switch|p1b: Oranguru|Oranguru, L50, F|100/100\n|switch|p2a: Basculegion|Basculegion, L50, M, shiny|100/100\n|switch|p2b: Scizor|Scizor, L50, M|100/100\n|turn|1\n|\n|t:|1776674364\n|switch|p2a: Archaludon|Archaludon, L50, M|100/100\n|detailschange|p2b: Scizor|Scizor-Mega, L50, M\n|-mega|p2b: Scizor|Scizor|Scizorite\n|move|p1b: Oranguru|Protect|p1b: Oranguru\n|-singleturn|p1b: Oranguru|Protect\n|move|p2b: Scizor|Bug Bite|p1a: Kingambit\n|-damage|p1a: Kingambit|60/100\n|-enditem|p1a: Kingambit|Chople Berry|[from] stealeat|[move] Bug Bite|[of] p2b: Scizor\n|move|p1a: Kingambit|Swords Dance|p1a: Kingambit\n|-boost|p1a: Kingambit|atk|2\n|\n|upkeep\n|turn|2\n|\n|t:|1776674379\n|move|p1a: Kingambit|Protect|p1a: Kingambit\n|-singleturn|p1a: Kingambit|Protect\n|move|p2a: Archaludon|Aura Sphere|p1a: Kingambit\n|-activate|p1a: Kingambit|move: Protect\n|move|p2b: Scizor|Bug Bite|p1a: Kingambit\n|-activate|p1a: Kingambit|move: Protect\n|move|p1b: Oranguru|Trick Room|p1b: Oranguru\n|-fieldstart|move: Trick Room|[of] p1b: Oranguru\n|\n|upkeep\n|turn|3\n|\n|t:|1776674401\n|move|p2b: Scizor|Protect|p2b: Scizor\n|-singleturn|p2b: Scizor|Protect\n|move|p1a: Kingambit|Kowtow Cleave|p2b: Scizor\n|-activate|p2b: Scizor|move: Protect\n|move|p1b: Oranguru|Instruct|p1a: Kingambit\n|-singleturn|p1a: Kingambit|move: Instruct|[of] p1b: Oranguru\n|move|p1a: Kingambit|Kowtow Cleave|p2b: Scizor\n|-activate|p2b: Scizor|move: Protect\n|move|p2a: Archaludon|Aura Sphere|p1a: Kingambit\n|-supereffective|p1a: Kingambit|2\n|-damage|p1a: Kingambit|0 fnt\n|faint|p1a: Kingambit\n|\n|upkeep\n|\n|t:|1776674406\n|switch|p1a: Floette|Floette-Eternal, L50, F|100/100\n|turn|4\n|inactive|problamatic has 30 seconds left.\n|\n|t:|1776674436\n|switch|p1b: Tr\u00e0 t\u1eeb tay|Sinistcha, L50|100/100\n|detailschange|p1a: Floette|Floette-Mega, L50, F\n|-mega|p1a: Floette|Floette|Floettite\n|-ability|p1a: Floette|Fairy Aura\n|move|p2a: Archaludon|Protect|p2a: Archaludon\n|-singleturn|p2a: Archaludon|Protect\n|move|p1a: Floette|Protect|p1a: Floette\n|-singleturn|p1a: Floette|Protect\n|move|p2b: Scizor|Bullet Punch|p1a: Floette\n|-activate|p1a: Floette|move: Protect\n|\n|upkeep\n|turn|5\n|\n|t:|1776674460\n|move|p1b: Tr\u00e0 t\u1eeb tay|Rage Powder|p1b: Tr\u00e0 t\u1eeb tay\n|-singleturn|p1b: Tr\u00e0 t\u1eeb tay|move: Rage Powder\n|move|p2b: Scizor|Bug Bite|p1b: Tr\u00e0 t\u1eeb tay\n|-damage|p1b: Tr\u00e0 t\u1eeb tay|54/100\n|-enditem|p1b: Tr\u00e0 t\u1eeb tay|Sitrus Berry|[from] stealeat|[move] Bug Bite|[of] p2b: Scizor\n|move|p2a: Archaludon|Draco Meteor|p1b: Tr\u00e0 t\u1eeb tay\n|-damage|p1b: Tr\u00e0 t\u1eeb tay|0 fnt\n|-unboost|p2a: Archaludon|spa|2\n|faint|p1b: Tr\u00e0 t\u1eeb tay\n|move|p1a: Floette|Light of Ruin|p2b: Scizor\n|-resisted|p2b: Scizor|1\n|-damage|p2b: Scizor|39/100\n|-damage|p1a: Floette|70/100|[from] Recoil\n|\n|upkeep\n|\n|t:|1776674469\n|switch|p1b: Oranguru|Oranguru, L50, F|100/100\n|turn|6\n|-message|oberonvor forfeited.\n|\n|win|problamatic\n|raw|oberonvor's rating: 1470 &rarr; <strong>1452</strong><br />(-18 for losing)\n|raw|problamatic's rating: 1511 &rarr; <strong>1529</strong><br />(+18 for winning)\n|l|\u2606oberonvor\n|player|p1|\n",
  "uploadtime": 1776674495,
  "views": 11,
  "formatid": "gen9championsvgc2026regma",
  "rating": 1452,
  "private": 0,
  "password": null
}