{
  "id": "gen9championsvgc2026regma-2585100926",
  "format": "[Gen 9 Champions] VGC 2026 Reg M-A",
  "players": [
    "askeru",
    "Greaver44"
  ],
  "log": "|j|\u2606askeru\n|j|\u2606Greaver44\n|t:|1776311851\n|gametype|doubles\n|player|p1|askeru|aromalady|1165\n|player|p2|Greaver44|2|1161\n|gen|9\n|tier|[Gen 9 Champions] VGC 2026 Reg M-A\n|rated|\n|rule|Species Clause: Limit one of each Pok\u00e9mon\n|rule|Item Clause: Limit 1 of each item\n|clearpoke\n|poke|p1|Gardevoir, L50, M|\n|poke|p1|Umbreon, L50, F|\n|poke|p1|Ninetales, L50, F|\n|poke|p1|Clefable, L50, M|\n|poke|p1|Sneasler, L50, M|\n|poke|p1|Corviknight, L50, M|\n|poke|p2|Dragonite, L50, M|\n|poke|p2|Basculegion-F, L50, F|\n|poke|p2|Pelipper, L50, F|\n|poke|p2|Meganium, L50, F|\n|poke|p2|Torkoal, L50, F|\n|poke|p2|Aegislash, L50, F|\n|teampreview|4\n|inactive|Battle timer is ON: inactive players will automatically lose when time's up. (requested by Greaver44)\nGreaver44 rejected open team sheets.\n|\n|t:|1776311882\n|teamsize|p1|4\n|teamsize|p2|4\n|start\n|switch|p1a: Gardevoir|Gardevoir, L50, M|100/100\n|switch|p1b: Clefable|Clefable, L50, M|100/100\n|switch|p2a: Dragonite|Dragonite, L50, M|100/100\n|switch|p2b: Basculegion|Basculegion-F, L50, F|100/100\n|-ability|p1a: Gardevoir|Inner Focus|Trace|[from] ability: Trace|[of] p2a: Dragonite\n|turn|1\n|inactive|Greaver44 has 30 seconds left.\n|\n|t:|1776311914\n|detailschange|p1a: Gardevoir|Gardevoir-Mega, L50, M\n|-mega|p1a: Gardevoir|Gardevoir|Gardevoirite\n|detailschange|p2a: Dragonite|Dragonite-Mega, L50, M\n|-mega|p2a: Dragonite|Dragonite|Dragoninite\n|move|p1b: Clefable|Follow Me|p1b: Clefable\n|-singleturn|p1b: Clefable|move: Follow Me\n|move|p2a: Dragonite|Thunderbolt|p1b: Clefable\n|-damage|p1b: Clefable|67/100\n|move|p2b: Basculegion|Shadow Ball|p1b: Clefable\n|-damage|p1b: Clefable|23/100\n|-enditem|p1b: Clefable|Sitrus Berry|[eat]\n|-heal|p1b: Clefable|48/100|[from] item: Sitrus Berry\n|move|p1a: Gardevoir|Trick Room|p1a: Gardevoir\n|-fieldstart|move: Trick Room|[of] p1a: Gardevoir\n|\n|upkeep\n|turn|2\n|\n|t:|1776311939\n|switch|p2b: Torkoal|Torkoal, L50, F|100/100\n|-weather|SunnyDay|[from] ability: Drought|[of] p2b: Torkoal\n|move|p1b: Clefable|Helping Hand|p1a: Gardevoir\n|-singleturn|p1a: Gardevoir|Helping Hand|[of] p1b: Clefable\n|move|p2a: Dragonite|Protect|p2a: Dragonite\n|-singleturn|p2a: Dragonite|Protect\n|move|p1a: Gardevoir|Hyper Voice|p2a: Dragonite|[spread] p2b\n|-activate|p2a: Dragonite|move: Protect\n|-resisted|p2b: Torkoal|1\n|-damage|p2b: Torkoal|51/100\n|\n|-weather|SunnyDay|[upkeep]\n|-heal|p2b: Torkoal|57/100|[from] item: Leftovers\n|upkeep\n|turn|3\n|\n|t:|1776311959\n|move|p1b: Clefable|Helping Hand|p1a: Gardevoir\n|-singleturn|p1a: Gardevoir|Helping Hand|[of] p1b: Clefable\n|move|p2b: Torkoal|Eruption|p1a: Gardevoir|[spread] p1a,p1b\n|-damage|p1a: Gardevoir|71/100\n|-damage|p1b: Clefable|8/100\n|move|p2a: Dragonite|Ice Beam|p1b: Clefable\n|-damage|p1b: Clefable|0 fnt\n|faint|p1b: Clefable\n|move|p1a: Gardevoir|Hyper Voice|p2b: Torkoal|[spread] p2a,p2b\n|-supereffective|p2a: Dragonite|1\n|-resisted|p2b: Torkoal|1\n|-crit|p2b: Torkoal\n|-damage|p2a: Dragonite|46/100\n|-damage|p2b: Torkoal|0 fnt\n|faint|p2b: Torkoal\n|\n|-weather|SunnyDay|[upkeep]\n|upkeep\n|\n|t:|1776311976\n|switch|p2b: Aegislash|Aegislash, L50, F|100/100\n|switch|p1b: Umbreon|Umbreon, L50, F|100/100\n|turn|4\n|\n|t:|1776311993\n|move|p2a: Dragonite|Protect|p2a: Dragonite\n|-singleturn|p2a: Dragonite|Protect\n|-formechange|p2b: Aegislash|Aegislash-Blade|\n|move|p2b: Aegislash|Shadow Sneak|p1a: Gardevoir\n|-supereffective|p1a: Gardevoir|1\n|-damage|p1a: Gardevoir|23/100\n|move|p1b: Umbreon|Foul Play|p2b: Aegislash\n|-supereffective|p2b: Aegislash|1\n|-damage|p2b: Aegislash|0 fnt\n|faint|p2b: Aegislash\n|move|p1a: Gardevoir|Hyper Voice|p2a: Dragonite\n|-activate|p2a: Dragonite|move: Protect\n|\n|-weather|SunnyDay|[upkeep]\n|upkeep\n|\n|t:|1776312004\n|switch|p2b: Basculegion|Basculegion-F, L50, F|100/100\n|turn|5\n|\n|t:|1776312015\n|move|p1b: Umbreon|Foul Play|p2b: Basculegion\n|-supereffective|p2b: Basculegion|1\n|-crit|p2b: Basculegion\n|-enditem|p2b: Basculegion|Focus Sash\n|-damage|p2b: Basculegion|1/100\n|move|p2b: Basculegion|Muddy Water|p1a: Gardevoir|[spread] p1a,p1b\n|-damage|p1a: Gardevoir|7/100\n|-damage|p1b: Umbreon|89/100\n|-unboost|p1a: Gardevoir|accuracy|1\n|move|p2a: Dragonite|Ice Beam|p1a: Gardevoir\n|-damage|p1a: Gardevoir|0 fnt\n|faint|p1a: Gardevoir\n|\n|-weather|SunnyDay|[upkeep]\n|-heal|p1b: Umbreon|95/100|[from] item: Leftovers\n|-fieldend|move: Trick Room\n|upkeep\n|\n|t:|1776312030\n|switch|p1a: Corviknight|Corviknight, L50, M|100/100\n|turn|6\n|\n|t:|1776312041\n|move|p2a: Dragonite|Thunderbolt|p1a: Corviknight\n|-supereffective|p1a: Corviknight|1\n|-damage|p1a: Corviknight|31/100\n|move|p2b: Basculegion|Muddy Water|p1a: Corviknight|[spread] p1a,p1b\n|-damage|p1a: Corviknight|12/100\n|-damage|p1b: Umbreon|83/100\n|-unboost|p1b: Umbreon|accuracy|1\n|move|p1a: Corviknight|Tailwind|p1a: Corviknight\n|-sidestart|p1: askeru|move: Tailwind\n|move|p1b: Umbreon|Snarl|p2a: Dragonite|[spread] p2a,p2b\n|-supereffective|p2b: Basculegion|1\n|-damage|p2a: Dragonite|37/100\n|-damage|p2b: Basculegion|0 fnt\n|-unboost|p2a: Dragonite|spa|1\n|faint|p2b: Basculegion\n|\n|-weather|none\n|-heal|p1b: Umbreon|89/100|[from] item: Leftovers\n|upkeep\n|turn|7\n|inactive|askeru has 30 seconds left.\n|inactive|askeru has 20 seconds left.\n|inactive|askeru has 15 seconds left.\n|\n|t:|1776312083\n|move|p1a: Corviknight|Brave Bird|p2a: Dragonite\n|-damage|p2a: Dragonite|5/100\n|-damage|p1a: Corviknight|1/100|[from] Recoil\n|move|p1b: Umbreon|Yawn|p2a: Dragonite\n|-start|p2a: Dragonite|move: Yawn|[of] p1b: Umbreon\n|move|p2a: Dragonite|Thunderbolt|p1a: Corviknight\n|-supereffective|p1a: Corviknight|1\n|-crit|p1a: Corviknight\n|-damage|p1a: Corviknight|0 fnt\n|faint|p1a: Corviknight\n|\n|-heal|p1b: Umbreon|95/100|[from] item: Leftovers\n|upkeep\n|turn|8\n|inactive|askeru has 30 seconds left.\n|inactive|Greaver44 has 30 seconds left.\n|\n|t:|1776312111\n|move|p1b: Umbreon|Moonlight|p1b: Umbreon\n|-heal|p1b: Umbreon|100/100\n|move|p2a: Dragonite|Ice Beam|p1b: Umbreon\n|-damage|p1b: Umbreon|86/100\n|\n|-heal|p1b: Umbreon|92/100|[from] item: Leftovers\n|-end|p2a: Dragonite|move: Yawn|[silent]\n|-status|p2a: Dragonite|slp\n|upkeep\n|turn|9\n|c|\u2606Greaver44|gg\n|\n|t:|1776312121\n|move|p1b: Umbreon|Foul Play|p2a: Dragonite\n|-damage|p2a: Dragonite|0 fnt\n|faint|p2a: Dragonite\n|\n|win|askeru\n|raw|askeru's rating: 1165 &rarr; <strong>1190</strong><br />(+25 for winning)\n|raw|Greaver44's rating: 1161 &rarr; <strong>1136</strong><br />(-25 for losing)\n|c|\u2606askeru|gg\n",
  "uploadtime": 1776312133,
  "views": 22,
  "formatid": "gen9championsvgc2026regma",
  "rating": 1136,
  "private": 0,
  "password": null
}