{
  "id": "gen9championsvgc2026regma-2580332506",
  "format": "[Gen 9 Champions] VGC 2026 Reg M-A",
  "players": [
    "Skrillfury21",
    "psych1corpsych0tic"
  ],
  "log": "|j|\u2606Skrillfury21\n|j|\u2606psych1corpsych0tic\n|t:|1775881559\n|gametype|doubles\n|player|p1|Skrillfury21|2|1044\n|player|p2|psych1corpsych0tic|169|1116\n|gen|9\n|tier|[Gen 9 Champions] VGC 2026 Reg M-A\n|rated|\n|rule|Species Clause: Limit one of each Pok\u00e9mon\n|rule|Item Clause: Limit 1 of each item\n|clearpoke\n|poke|p1|Aegislash, L50, F|\n|poke|p1|Hydreigon, L50, M|\n|poke|p1|Ninetales-Alola, L50, F|\n|poke|p1|Incineroar, L50, M|\n|poke|p1|Basculegion, L50, M|\n|poke|p1|Chesnaught, L50, F|\n|poke|p2|Golurk, L50|\n|poke|p2|Hatterene, L50, F|\n|poke|p2|Torkoal, L50, M|\n|poke|p2|Venusaur, L50, M|\n|poke|p2|Maushold, L50|\n|poke|p2|Hydreigon, L50, M|\n|teampreview|4\n|inactive|Battle timer is ON: inactive players will automatically lose when time's up. (requested by Skrillfury21)\nSkrillfury21 has agreed to open team sheets.\n|\n|t:|1775881597\n|teamsize|p1|4\n|teamsize|p2|4\n|start\n|switch|p1a: Fraldarius|Aegislash, L50, F|100/100\n|switch|p1b: Troutsky|Basculegion, L50, M|100/100\n|switch|p2a: Hatterene|Hatterene, L50, F|100/100\n|switch|p2b: Maushold|Maushold, L50|100/100\n|turn|1\n|\n|t:|1775881615\n|move|p2b: Maushold|Follow Me|p2b: Maushold\n|-singleturn|p2b: Maushold|move: Follow Me\n|move|p1b: Troutsky|Wave Crash|p2b: Maushold\n|-damage|p2b: Maushold|15/100\n|-damage|p1b: Troutsky|74/100|[from] Recoil\n|-formechange|p1a: Fraldarius|Aegislash-Blade|\n|move|p1a: Fraldarius|Poltergeist|p2b: Maushold\n|-immune|p2b: Maushold\n|move|p2a: Hatterene|Trick Room|p2a: Hatterene\n|-fieldstart|move: Trick Room|[of] p2a: Hatterene\n|\n|upkeep\n|turn|2\n|inactive|psych1corpsych0tic has 30 seconds left.\n|inactive|psych1corpsych0tic has 20 seconds left.\n|inactive|psych1corpsych0tic has 15 seconds left.\n|inactive|psych1corpsych0tic has 10 seconds left.\n|inactive|psych1corpsych0tic has 5 seconds left.\n|\n|t:|1775881670\n|switch|p1b: El Fray del Fuego|Incineroar, L50, M|100/100\n|-ability|p1b: El Fray del Fuego|Intimidate|boost\n|-unboost|p2a: Hatterene|atk|1\n|-unboost|p2b: Maushold|atk|1\n|move|p2a: Hatterene|Protect|p2a: Hatterene\n|-singleturn|p2a: Hatterene|Protect\n|-formechange|p1a: Fraldarius|Aegislash|\n|move|p1a: Fraldarius|King's Shield|p1a: Fraldarius\n|-singleturn|p1a: Fraldarius|Protect\n|move|p2b: Maushold|Follow Me|p2b: Maushold\n|-singleturn|p2b: Maushold|move: Follow Me\n|\n|upkeep\n|turn|3\n|\n|t:|1775881691\n|switch|p2a: Torkoal|Torkoal, L50, M|100/100\n|-weather|SunnyDay|[from] ability: Drought|[of] p2a: Torkoal\n|switch|p2b: Golurk|Golurk, L50|100/100\n|move|p1b: El Fray del Fuego|Fake Out|p2b: Golurk\n|-immune|p2b: Golurk\n|-formechange|p1a: Fraldarius|Aegislash-Blade|\n|move|p1a: Fraldarius|Iron Head|p2a: Torkoal\n|-resisted|p2a: Torkoal|1\n|-damage|p2a: Torkoal|85/100\n|\n|-weather|SunnyDay|[upkeep]\n|upkeep\n|turn|4\n|inactive|Skrillfury21 has 30 seconds left.\n|inactive|psych1corpsych0tic has 30 seconds left.\n|\n|t:|1775881722\n|switch|p1b: Yuki|Ninetales-Alola, L50, F|100/100\n|-weather|Snowscape|[from] ability: Snow Warning|[of] p1b: Yuki\n|detailschange|p2b: Golurk|Golurk-Mega, L50\n|-mega|p2b: Golurk|Golurk|Golurkite\n|-formechange|p1a: Fraldarius|Aegislash|\n|move|p1a: Fraldarius|King's Shield|p1a: Fraldarius\n|-singleturn|p1a: Fraldarius|Protect\n|move|p2a: Torkoal|Eruption|p1b: Yuki|[spread] p1b\n|-activate|p1a: Fraldarius|move: Protect\n|-supereffective|p1b: Yuki|1\n|-enditem|p1b: Yuki|Focus Sash\n|-damage|p1b: Yuki|1/100\n|move|p2b: Golurk|Headlong Rush|p1b: Yuki\n|-damage|p1b: Yuki|0 fnt\n|-unboost|p2b: Golurk|def|1\n|-unboost|p2b: Golurk|spd|1\n|faint|p1b: Yuki\n|\n|-weather|Snowscape|[upkeep]\n|upkeep\n|\n|t:|1775881741\n|switch|p1b: El Fray del Fuego|Incineroar, L50, M|100/100\n|-ability|p1b: El Fray del Fuego|Intimidate|boost\n|-unboost|p2a: Torkoal|atk|1\n|-unboost|p2b: Golurk|atk|1\n|turn|5\n|inactive|psych1corpsych0tic has 30 seconds left.\n|\n|t:|1775881774\n|switch|p2a: Hatterene|Hatterene, L50, F|100/100\n|switch|p2b: Maushold|Maushold, L50|15/100\n|move|p1b: El Fray del Fuego|Fake Out|p2a: Hatterene\n|-damage|p2a: Hatterene|90/100\n|-formechange|p1a: Fraldarius|Aegislash-Blade|\n|move|p1a: Fraldarius|Poltergeist|p2b: Maushold\n|-immune|p2b: Maushold\n|\n|-weather|Snowscape|[upkeep]\n|-fieldend|move: Trick Room\n|upkeep\n|turn|6\n|inactive|psych1corpsych0tic has 30 seconds left.\n|\n|t:|1775881804\n|move|p2b: Maushold|Follow Me|p2b: Maushold\n|-singleturn|p2b: Maushold|move: Follow Me\n|move|p1b: El Fray del Fuego|Throat Chop|p2b: Maushold\n|-damage|p2b: Maushold|0 fnt\n|faint|p2b: Maushold\n|move|p1a: Fraldarius|Iron Head|p2a: Hatterene\n|-supereffective|p2a: Hatterene|1\n|-damage|p2a: Hatterene|8/100\n|move|p2a: Hatterene|Trick Room|p2a: Hatterene\n|-fieldstart|move: Trick Room|[of] p2a: Hatterene\n|\n|-weather|Snowscape|[upkeep]\n|upkeep\n|\n|t:|1775881820\n|switch|p2b: Golurk|Golurk-Mega, L50|100/100\n|turn|7\n|\n|t:|1775881840\n|-formechange|p1a: Fraldarius|Aegislash|\n|move|p1a: Fraldarius|King's Shield|p1a: Fraldarius\n|-singleturn|p1a: Fraldarius|Protect\n|move|p2a: Hatterene|Dazzling Gleam|p1b: El Fray del Fuego|[spread] p1b\n|-activate|p1a: Fraldarius|move: Protect\n|-crit|p1b: El Fray del Fuego\n|-damage|p1b: El Fray del Fuego|47/100\n|move|p2b: Golurk|Earthquake|p1b: El Fray del Fuego|[spread] p2a,p1b\n|-activate|p1a: Fraldarius|move: Protect\n|-supereffective|p1b: El Fray del Fuego|1\n|-damage|p2a: Hatterene|0 fnt\n|-damage|p1b: El Fray del Fuego|0 fnt\n|faint|p2a: Hatterene\n|faint|p1b: El Fray del Fuego\n|\n|-weather|Snowscape|[upkeep]\n|upkeep\n|\n|t:|1775881858\n|switch|p2a: Torkoal|Torkoal, L50, M|85/100\n|switch|p1b: Troutsky|Basculegion, L50, M|74/100\n|-weather|SunnyDay|[from] ability: Drought|[of] p2a: Torkoal\n|turn|8\n|\n|t:|1775881877\n|move|p1b: Troutsky|Aqua Jet|p2a: Torkoal\n|-supereffective|p2a: Torkoal|1\n|-damage|p2a: Torkoal|62/100\n|move|p2a: Torkoal|Eruption|p1a: Fraldarius|[spread] p1a,p1b\n|-supereffective|p1a: Fraldarius|1\n|-enditem|p1a: Fraldarius|Occa Berry|[eat]\n|-enditem|p1a: Fraldarius|Occa Berry|[weaken]\n|-resisted|p1b: Troutsky|1\n|-damage|p1a: Fraldarius|62/100\n|-damage|p1b: Troutsky|43/100\n|move|p2b: Golurk|Poltergeist|p1b: Troutsky\n|-activate|p1b: Troutsky|move: Poltergeist|Choice Scarf\n|-supereffective|p1b: Troutsky|1\n|-damage|p1b: Troutsky|0 fnt\n|faint|p1b: Troutsky\n|-formechange|p1a: Fraldarius|Aegislash-Blade|\n|move|p1a: Fraldarius|Poltergeist|p2b: Golurk\n|-activate|p2b: Golurk|move: Poltergeist|Golurkite\n|-supereffective|p2b: Golurk|1\n|-damage|p2b: Golurk|0 fnt\n|faint|p2b: Golurk\n|\n|-weather|SunnyDay|[upkeep]\n|upkeep\n|turn|9\n|inactive|psych1corpsych0tic has 30 seconds left.\n|\n|t:|1775881902\n|-formechange|p1a: Fraldarius|Aegislash|\n|move|p1a: Fraldarius|King's Shield|p1a: Fraldarius\n|-singleturn|p1a: Fraldarius|Protect\n|move|p2a: Torkoal|Eruption|p1a: Fraldarius\n|-activate|p1a: Fraldarius|move: Protect\n|\n|-weather|SunnyDay|[upkeep]\n|upkeep\n|turn|10\n|\n|t:|1775881923\n|move|p2a: Torkoal|Heat Wave|p1a: Fraldarius\n|-supereffective|p1a: Fraldarius|1\n|-damage|p1a: Fraldarius|0 fnt\n|faint|p1a: Fraldarius\n|\n|win|psych1corpsych0tic\n|raw|Skrillfury21's rating: 1044 &rarr; <strong>1031</strong><br />(-13 for losing)\n|raw|psych1corpsych0tic's rating: 1116 &rarr; <strong>1136</strong><br />(+20 for winning)\n",
  "uploadtime": 1775881931,
  "views": 30,
  "formatid": "gen9championsvgc2026regma",
  "rating": 1031,
  "private": 0,
  "password": null
}