{
  "id": "gen9championsvgc2026regma-2587875811",
  "format": "[Gen 9 Champions] VGC 2026 Reg M-A",
  "players": [
    "apfr",
    "HeavyLobsterAlf"
  ],
  "log": "|j|\u203dapfr\n|j|\u2606HeavyLobsterAlf\n|t:|1776573422\n|gametype|doubles\n|player|p1|apfr|clown|1321\n|player|p2|HeavyLobsterAlf|phoebe-masters|1330\n|gen|9\n|tier|[Gen 9 Champions] VGC 2026 Reg M-A\n|rated|\n|rule|Species Clause: Limit one of each Pok\u00e9mon\n|rule|Item Clause: Limit 1 of each item\n|clearpoke\n|poke|p1|Drampa, L50, F|\n|poke|p1|Klefki, L50, F|\n|poke|p1|Sinistcha, L50|\n|poke|p1|Farigiraf, L50, F|\n|poke|p1|Milotic, L50, M|\n|poke|p1|Kingambit, L50, M|\n|poke|p2|Vivillon-Modern, L50, F|\n|poke|p2|Delphox, L50, F|\n|poke|p2|Garchomp, L50, M|\n|poke|p2|Sneasler, L50, M|\n|poke|p2|Kingambit, L50, F|\n|poke|p2|Basculegion, L50, M|\n|teampreview|4\n|\n|t:|1776573488\n|teamsize|p1|4\n|teamsize|p2|4\n|start\n|switch|p1a: Sinistcha|Sinistcha, L50|100/100\n|switch|p1b: Drampa|Drampa, L50, F|100/100\n|switch|p2a: Delphox|Delphox, L50, F|100/100\n|switch|p2b: Sneasler|Sneasler, L50, M|100/100\n|-ability|p1b: Drampa|Cloud Nine\n|turn|1\n|\n|t:|1776573499\n|detailschange|p2a: Delphox|Delphox-Mega, L50, F\n|-mega|p2a: Delphox|Delphox|Delphoxite\n|move|p1b: Drampa|Protect|p1b: Drampa\n|-singleturn|p1b: Drampa|Protect\n|move|p2a: Delphox|Heat Wave|p1b: Drampa|[spread] p1a\n|-activate|p1b: Drampa|move: Protect\n|-supereffective|p1a: Sinistcha|1\n|-enditem|p1a: Sinistcha|Occa Berry|[eat]\n|-enditem|p1a: Sinistcha|Occa Berry|[weaken]\n|-damage|p1a: Sinistcha|63/100\n|move|p2b: Sneasler|Dire Claw|p1a: Sinistcha\n|-damage|p1a: Sinistcha|27/100\n|move|p1a: Sinistcha|Trick Room|p1a: Sinistcha\n|-fieldstart|move: Trick Room|[of] p1a: Sinistcha\n|\n|upkeep\n|turn|2\n|\n|t:|1776573520\n|detailschange|p1b: Drampa|Drampa-Mega, L50, F\n|-mega|p1b: Drampa|Drampa|Drampanite\n|move|p2a: Delphox|Protect|p2a: Delphox\n|-singleturn|p2a: Delphox|Protect\n|move|p1b: Drampa|Dragon Pulse|p2b: Sneasler\n|-damage|p2b: Sneasler|30/100\n|move|p1a: Sinistcha|Shadow Ball|p2b: Sneasler\n|-damage|p2b: Sneasler|0 fnt\n|faint|p2b: Sneasler\n|\n|upkeep\n|\n|t:|1776573529\n|switch|p2b: Kingambit|Kingambit, L50, F|100/100\n|turn|3\n|\n|t:|1776573554\n|switch|p1a: Milotic|Milotic, L50, M|100/100\n|move|p1b: Drampa|Heat Wave|p2b: Kingambit|[spread] p2a,p2b\n|-resisted|p2a: Delphox|1\n|-supereffective|p2b: Kingambit|1\n|-damage|p2a: Delphox|86/100\n|-damage|p2b: Kingambit|36/100\n|move|p2b: Kingambit|Kowtow Cleave|p1b: Drampa\n|-damage|p1b: Drampa|58/100\n|move|p2a: Delphox|Psychic|p1b: Drampa\n|-damage|p1b: Drampa|11/100\n|-ability|p1b: Drampa|Berserk|boost\n|-boost|p1b: Drampa|spa|1\n|\n|upkeep\n|turn|4\n|\n|t:|1776573571\n|switch|p2a: Garchomp|Garchomp, L50, M|100/100\n|move|p1b: Drampa|Protect|p1b: Drampa\n|-singleturn|p1b: Drampa|Protect\n|move|p2b: Kingambit|Sucker Punch||[still]\n|-fail|p2b: Kingambit\n|move|p1a: Milotic|Life Dew||[still]|[spread] p1a,p1b\n|-fail|p1a: Milotic|heal\n|-heal|p1b: Drampa|36/100\n|\n|upkeep\n|turn|5\n|\n|t:|1776573589\n|switch|p1a: Sinistcha|Sinistcha, L50|27/100\n|-heal|p1b: Drampa|60/100|[from] ability: Hospitality|[of] p1a: Sinistcha\n|move|p2b: Kingambit|Sucker Punch|p1b: Drampa\n|-damage|p1b: Drampa|22/100\n|-ability|p1b: Drampa|Berserk|boost\n|-boost|p1b: Drampa|spa|1\n|move|p1b: Drampa|Hyper Voice|p2a: Garchomp|[spread] p2a,p2b\n|-resisted|p2b: Kingambit|1\n|-damage|p2a: Garchomp|3/100\n|-damage|p2b: Kingambit|0 fnt\n|faint|p2b: Kingambit\n|move|p2a: Garchomp|Swords Dance|p2a: Garchomp\n|-boost|p2a: Garchomp|atk|2\n|\n|-fieldend|move: Trick Room\n|upkeep\n|\n|t:|1776573596\n|switch|p2b: Delphox|Delphox-Mega, L50, F|86/100\n|turn|6\n|\n|t:|1776573641\n|switch|p1b: Milotic|Milotic, L50, M|100/100\n|move|p2b: Delphox|Nasty Plot|p2b: Delphox\n|-boost|p2b: Delphox|spa|2\n|move|p2a: Garchomp|Earthquake|p1b: Milotic|[spread] p1a,p1b\n|-immune|p2b: Delphox|[from] ability: Levitate\n|-resisted|p1a: Sinistcha|1\n|-damage|p1a: Sinistcha|0 fnt\n|-damage|p1b: Milotic|23/100\n|faint|p1a: Sinistcha\n|\n|-heal|p1b: Milotic|29/100|[from] item: Leftovers\n|upkeep\n|\n|t:|1776573651\n|switch|p1a: Farigiraf|Farigiraf, L50, F|100/100\n|turn|7\n|\n|t:|1776573656\n|move|p1b: Milotic|Protect|p1b: Milotic\n|-singleturn|p1b: Milotic|Protect\n|move|p2b: Delphox|Heat Wave|p1a: Farigiraf|[spread] p1a\n|-activate|p1b: Milotic|move: Protect\n|-damage|p1a: Farigiraf|7/100\n|move|p2a: Garchomp|Earthquake|p1a: Farigiraf|[spread] p1a\n|-activate|p1b: Milotic|move: Protect\n|-immune|p2b: Delphox|[from] ability: Levitate\n|-damage|p1a: Farigiraf|0 fnt\n|faint|p1a: Farigiraf\n|\n|-heal|p1b: Milotic|35/100|[from] item: Leftovers\n|upkeep\n|\n|t:|1776573665\n|switch|p1a: Drampa|Drampa-Mega, L50, F|22/100\n|turn|8\n|-message|apfr forfeited.\n|\n|win|HeavyLobsterAlf\n|raw|apfr's rating: 1321 &rarr; <strong>1302</strong><br />(-19 for losing)\n|raw|HeavyLobsterAlf's rating: 1330 &rarr; <strong>1349</strong><br />(+19 for winning)\n|l|\u203dapfr\n|player|p1|\n",
  "uploadtime": 1776573673,
  "views": 20,
  "formatid": "gen9championsvgc2026regma",
  "rating": 1302,
  "private": 0,
  "password": null
}