{
  "id": "gen9championsvgc2026regma-2587974226",
  "format": "[Gen 9 Champions] VGC 2026 Reg M-A",
  "players": [
    "mobmasher99",
    "katsu groudon"
  ],
  "log": "|j|\u2606mobmasher99\n|j|\u2606katsu groudon\n|t:|1776587209\n|gametype|doubles\n|player|p1|mobmasher99|102|1181\n|player|p2|katsu groudon|265|1079\n|gen|9\n|tier|[Gen 9 Champions] VGC 2026 Reg M-A\n|rated|\n|rule|Species Clause: Limit one of each Pok\u00e9mon\n|rule|Item Clause: Limit 1 of each item\n|clearpoke\n|poke|p1|Aurorus, L50, F|\n|poke|p1|Slowking-Galar, L50, F|\n|poke|p1|Crabominable, L50, F|\n|poke|p1|Sinistcha, L50|\n|poke|p1|Incineroar, L50, F|\n|poke|p1|Oranguru, L50, F|\n|poke|p2|Chimecho, L50, F|\n|poke|p2|Abomasnow, L50, M|\n|poke|p2|Kingambit, L50, F|\n|poke|p2|Slowking-Galar, L50, M|\n|poke|p2|Dragapult, L50, M|\n|poke|p2|Azumarill, L50, F|\n|teampreview|4\n|inactive|Battle timer is ON: inactive players will automatically lose when time's up. (requested by mobmasher99)\n|inactive|mobmasher99 has 60 seconds left.\n|inactive|katsu groudon has 60 seconds left.\n|\n|t:|1776587245\n|teamsize|p1|4\n|teamsize|p2|4\n|start\n|switch|p1a: Slowking|Slowking-Galar, L50, F|100/100\n|switch|p1b: Aurorus|Aurorus, L50, F|100/100\n|switch|p2a: Dragapult|Dragapult, L50, M|100/100\n|switch|p2b: Slowking|Slowking-Galar, L50, M|100/100\n|-weather|Snowscape|[from] ability: Snow Warning|[of] p1b: Aurorus\n|turn|1\n|\n|t:|1776587257\n|move|p2a: Dragapult|U-turn|p1a: Slowking\n|-damage|p1a: Slowking|85/100\n|\n|t:|1776587260\n|switch|p2a: Chimecho|Chimecho, L50, F|100/100|[from] U-turn\n|move|p1b: Aurorus|Aurora Veil|p1b: Aurorus\n|-sidestart|p1: mobmasher99|move: Aurora Veil\n|move|p2b: Slowking|Nasty Plot|p2b: Slowking\n|-boost|p2b: Slowking|spa|2\n|move|p1a: Slowking|Trick Room|p1a: Slowking\n|-fieldstart|move: Trick Room|[of] p1a: Slowking\n|\n|-weather|Snowscape|[upkeep]\n|upkeep\n|turn|2\n|\n|t:|1776587273\n|move|p1a: Slowking|Psychic Noise|p2b: Slowking\n|-damage|p2b: Slowking|76/100\n|-start|p2b: Slowking|move: Heal Block\n|move|p2b: Slowking|Nasty Plot|p2b: Slowking\n|-boost|p2b: Slowking|spa|2\n|move|p1b: Aurorus|Blizzard|p2b: Slowking|[spread] p2a,p2b\n|-damage|p2a: Chimecho|69/100\n|-damage|p2b: Slowking|42/100\n|move|p2a: Chimecho|Psyshock|p1a: Slowking\n|-damage|p1a: Slowking|68/100\n|\n|-weather|Snowscape|[upkeep]\n|upkeep\n|turn|3\n|\n|t:|1776587286\n|detailschange|p2a: Chimecho|Chimecho-Mega, L50, F\n|-mega|p2a: Chimecho|Chimecho|Chimechite\n|move|p1a: Slowking|Sludge Bomb|p2a: Chimecho\n|-immune|p2a: Chimecho\n|move|p2b: Slowking|Blizzard|p1a: Slowking|[spread] p1a,p1b\n|-resisted|p1b: Aurorus|1\n|-damage|p1a: Slowking|29/100\n|-damage|p1b: Aurorus|79/100\n|move|p1b: Aurorus|Blizzard|p2b: Slowking|[spread] p2a,p2b\n|-resisted|p2a: Chimecho|1\n|-damage|p2a: Chimecho|54/100\n|-damage|p2b: Slowking|11/100\n|move|p2a: Chimecho|Psyshock|p1a: Slowking\n|-damage|p1a: Slowking|7/100\n|\n|-weather|Snowscape|[upkeep]\n|-end|p2b: Slowking|move: Heal Block\n|upkeep\n|turn|4\n|\n|t:|1776587304\n|switch|p1b: Sinistcha|Sinistcha, L50|100/100\n|-heal|p1a: Slowking|32/100|[from] ability: Hospitality|[of] p1b: Sinistcha\n|move|p1a: Slowking|Psychic Noise|p2b: Slowking\n|-damage|p2b: Slowking|0 fnt\n|faint|p2b: Slowking\n|move|p2a: Chimecho|Psyshock|p1a: Slowking\n|-damage|p1a: Slowking|10/100\n|\n|-weather|Snowscape|[upkeep]\n|upkeep\n|\n|t:|1776587310\n|switch|p2b: Kingambit|Kingambit, L50, F|100/100\n|turn|5\n|\n|t:|1776587320\n|switch|p1a: Crabominable|Crabominable, L50, F|100/100\n|move|p1b: Sinistcha|Rage Powder|p1b: Sinistcha\n|-singleturn|p1b: Sinistcha|move: Rage Powder\n|move|p2b: Kingambit|Swords Dance|p2b: Kingambit\n|-boost|p2b: Kingambit|atk|2\n|move|p2a: Chimecho|Psyshock|p1b: Sinistcha\n|-damage|p1b: Sinistcha|83/100\n|\n|-weather|none\n|-sideend|p1: mobmasher99|move: Aurora Veil\n|-fieldend|move: Trick Room\n|upkeep\n|turn|6\n|\n|t:|1776587342\n|detailschange|p1a: Crabominable|Crabominable-Mega, L50, F\n|-mega|p1a: Crabominable|Crabominable|Crabominite\n|move|p1a: Crabominable|Protect|p1a: Crabominable\n|-singleturn|p1a: Crabominable|Protect\n|move|p2a: Chimecho|Psyshock|p1a: Crabominable\n|-activate|p1a: Crabominable|move: Protect\n|move|p2b: Kingambit|Kowtow Cleave|p1b: Sinistcha\n|-supereffective|p1b: Sinistcha|1\n|-damage|p1b: Sinistcha|0 fnt\n|faint|p1b: Sinistcha\n|\n|upkeep\n|\n|t:|1776587349\n|switch|p1b: Slowking|Slowking-Galar, L50, F|43/100\n|turn|7\n|\n|t:|1776587359\n|move|p1a: Crabominable|Mach Punch|p2b: Kingambit\n|-supereffective|p2b: Kingambit|2\n|-damage|p2b: Kingambit|8/100\n|move|p2a: Chimecho|Psyshock|p1a: Crabominable\n|-supereffective|p1a: Crabominable|1\n|-damage|p1a: Crabominable|48/100\n|move|p2b: Kingambit|Iron Head|p1a: Crabominable\n|-supereffective|p1a: Crabominable|1\n|-damage|p1a: Crabominable|0 fnt\n|faint|p1a: Crabominable\n|move|p1b: Slowking|Trick Room|p1b: Slowking\n|-fieldstart|move: Trick Room|[of] p1b: Slowking\n|\n|upkeep\n|\n|t:|1776587362\n|switch|p1a: Aurorus|Aurorus, L50, F|79/100\n|-weather|Snowscape|[from] ability: Snow Warning|[of] p1a: Aurorus\n|turn|8\n|\n|t:|1776587372\n|move|p2b: Kingambit|Sucker Punch|p1b: Slowking\n|-supereffective|p1b: Slowking|1\n|-enditem|p1b: Slowking|Colbur Berry|[eat]\n|-enditem|p1b: Slowking|Colbur Berry|[weaken]\n|-damage|p1b: Slowking|0 fnt\n|faint|p1b: Slowking\n|move|p1a: Aurorus|Blizzard|p2a: Chimecho|[spread] p2a,p2b\n|-resisted|p2a: Chimecho|1\n|-resisted|p2b: Kingambit|1\n|-damage|p2a: Chimecho|41/100\n|-damage|p2b: Kingambit|0 fnt\n|-status|p2a: Chimecho|frz\n|faint|p2b: Kingambit\n|cant|p2a: Chimecho|frz\n|\n|-weather|Snowscape|[upkeep]\n|upkeep\n|\n|t:|1776587377\n|switch|p2b: Dragapult|Dragapult, L50, M|100/100\n|turn|9\n|\n|t:|1776587384\n|move|p1a: Aurorus|Blizzard|p2a: Chimecho|[spread] p2a,p2b\n|-resisted|p2a: Chimecho|1\n|-supereffective|p2b: Dragapult|1\n|-damage|p2a: Chimecho|27/100 frz\n|-damage|p2b: Dragapult|0 fnt\n|faint|p2b: Dragapult\n|-curestatus|p2a: Chimecho|frz|[msg]\n|move|p2a: Chimecho|Trick Room|p2a: Chimecho\n|-fieldend|move: Trick Room\n|\n|-weather|Snowscape|[upkeep]\n|upkeep\n|turn|10\n|\n|t:|1776587392\n|move|p2a: Chimecho|Psyshock|p1a: Aurorus\n|-damage|p1a: Aurorus|55/100\n|move|p1a: Aurorus|Aurora Veil|p1a: Aurorus\n|-sidestart|p1: mobmasher99|move: Aurora Veil\n|\n|-weather|Snowscape|[upkeep]\n|upkeep\n|turn|11\n|\n|t:|1776587397\n|move|p2a: Chimecho|Protect|p2a: Chimecho\n|-singleturn|p2a: Chimecho|Protect\n|move|p1a: Aurorus|Blizzard|p2a: Chimecho\n|-activate|p2a: Chimecho|move: Protect\n|\n|-weather|Snowscape|[upkeep]\n|upkeep\n|turn|12\n|\n|t:|1776587402\n|move|p2a: Chimecho|Psyshock|p1a: Aurorus\n|-damage|p1a: Aurorus|37/100\n|move|p1a: Aurorus|Blizzard|p2a: Chimecho\n|-resisted|p2a: Chimecho|1\n|-damage|p2a: Chimecho|9/100\n|\n|-weather|none\n|upkeep\n|turn|13\n|\n|t:|1776587409\n|move|p2a: Chimecho|Protect|p2a: Chimecho\n|-singleturn|p2a: Chimecho|Protect\n|move|p1a: Aurorus|Ancient Power|p2a: Chimecho\n|-activate|p2a: Chimecho|move: Protect\n|\n|upkeep\n|turn|14\n|\n|t:|1776587415\n|move|p2a: Chimecho|Psyshock|p1a: Aurorus\n|-damage|p1a: Aurorus|13/100\n|move|p1a: Aurorus|Ancient Power|p2a: Chimecho\n|-resisted|p2a: Chimecho|1\n|-damage|p2a: Chimecho|0 fnt\n|faint|p2a: Chimecho\n|\n|win|mobmasher99\n|raw|mobmasher99's rating: 1181 &rarr; <strong>1199</strong><br />(+18 for winning)\n|raw|katsu groudon's rating: 1079 &rarr; <strong>1063</strong><br />(-16 for losing)\n|l|\u2606katsu groudon\n|player|p2|\n",
  "uploadtime": 1776587425,
  "views": 9,
  "formatid": "gen9championsvgc2026regma",
  "rating": 1063,
  "private": 0,
  "password": null
}