{
  "id": "gen9championsvgc2026regma-2588189848",
  "format": "[Gen 9 Champions] VGC 2026 Reg M-A",
  "players": [
    "BeckerDaLoser",
    "PlussolA"
  ],
  "log": "|j|\u2606BeckerDaLoser\n|j|\u2606PlussolA\n|t:|1776612885\n|gametype|doubles\n|player|p1|BeckerDaLoser|2|1039\n|player|p2|PlussolA|giovanni|1075\n|gen|9\n|tier|[Gen 9 Champions] VGC 2026 Reg M-A\n|rated|\n|rule|Species Clause: Limit one of each Pok\u00e9mon\n|rule|Item Clause: Limit 1 of each item\n|clearpoke\n|poke|p1|Incineroar, L50, F|\n|poke|p1|Sinistcha, L50|\n|poke|p1|Rotom-Wash, L50|\n|poke|p1|Gyarados, L50, F|\n|poke|p1|Glalie, L50, M|\n|poke|p1|Kingambit, L50, M|\n|poke|p2|Aggron, L50, M|\n|poke|p2|Aerodactyl, L50, M|\n|poke|p2|Garchomp, L50, F|\n|poke|p2|Rotom-Wash, L50|\n|poke|p2|Sinistcha, L50|\n|poke|p2|Incineroar, L50, F|\n|teampreview|4\n|inactive|Battle timer is ON: inactive players will automatically lose when time's up. (requested by PlussolA)\n|\n|t:|1776612903\n|teamsize|p1|4\n|teamsize|p2|4\n|start\n|switch|p1a: Gyarados|Gyarados, L50, F|100/100\n|switch|p1b: Incineroar|Incineroar, L50, F|100/100\n|switch|p2a: Aerodactyl|Aerodactyl, L50, M|100/100\n|switch|p2b: Garchomp|Garchomp, L50, F|100/100\n|-ability|p2a: Aerodactyl|Unnerve\n|-ability|p1a: Gyarados|Intimidate|boost\n|-unboost|p2a: Aerodactyl|atk|1\n|-unboost|p2b: Garchomp|atk|1\n|-ability|p1b: Incineroar|Intimidate|boost\n|-unboost|p2a: Aerodactyl|atk|1\n|-unboost|p2b: Garchomp|atk|1\n|turn|1\n|inactive|PlussolA has 30 seconds left.\n|\n|t:|1776612932\n|switch|p2b: Incineroar|Incineroar, L50, F|100/100\n|-ability|p2b: Incineroar|Intimidate|boost\n|-unboost|p1a: Gyarados|atk|1\n|-unboost|p1b: Incineroar|atk|1\n|move|p2a: Aerodactyl|Protect|p2a: Aerodactyl\n|-singleturn|p2a: Aerodactyl|Protect\n|move|p1b: Incineroar|Fake Out|p2a: Aerodactyl\n|-activate|p2a: Aerodactyl|move: Protect\n|move|p1a: Gyarados|Ice Fang|p2b: Incineroar\n|-resisted|p2b: Incineroar|1\n|-damage|p2b: Incineroar|94/100\n|-status|p2b: Incineroar|frz\n|-enditem|p2b: Incineroar|Lum Berry|[eat]\n|-curestatus|p2b: Incineroar|frz|[msg]\n|\n|upkeep\n|turn|2\n|\n|t:|1776612953\n|switch|p1a: Kingambit|Kingambit, L50, M|100/100\n|move|p2b: Incineroar|Fake Out|p1a: Kingambit\n|-resisted|p1a: Kingambit|1\n|-damage|p1a: Kingambit|97/100\n|move|p2a: Aerodactyl|Tailwind|p2a: Aerodactyl\n|-sidestart|p2: PlussolA|move: Tailwind\n|move|p1b: Incineroar|Parting Shot|p2b: Incineroar\n|-unboost|p2b: Incineroar|atk|1\n|-unboost|p2b: Incineroar|spa|1\n|\n|t:|1776612964\n|switch|p1b: Gyarados|Gyarados, L50, F|100/100|[from] Parting Shot\n|-ability|p1b: Gyarados|Intimidate|boost\n|-unboost|p2a: Aerodactyl|atk|1\n|-unboost|p2b: Incineroar|atk|1\n|\n|upkeep\n|turn|3\n|\n|t:|1776612988\n|switch|p2a: Aggron|Aggron, L50, M|100/100\n|move|p1b: Gyarados|Iron Head|p2b: Incineroar\n|-resisted|p2b: Incineroar|1\n|-damage|p2b: Incineroar|82/100\n|move|p2b: Incineroar|Parting Shot|p1b: Gyarados\n|-unboost|p1b: Gyarados|atk|1\n|-unboost|p1b: Gyarados|spa|1\n|\n|t:|1776613003\n|switch|p2b: Aerodactyl|Aerodactyl, L50, M|100/100|[from] Parting Shot\n|-ability|p2b: Aerodactyl|Unnerve\n|move|p1a: Kingambit|Iron Head|p2a: Aggron\n|-damage|p2a: Aggron|66/100\n|\n|upkeep\n|turn|4\n|\n|t:|1776613023\n|switch|p1b: Glalie|Glalie, L50, M|100/100\n|switch|p1a: Incineroar|Incineroar, L50, F|100/100\n|-ability|p1a: Incineroar|Intimidate|boost\n|-unboost|p2a: Aggron|atk|1\n|-unboost|p2b: Aerodactyl|atk|1\n|detailschange|p2a: Aggron|Aggron-Mega, L50, M\n|-mega|p2a: Aggron|Aggron|Aggronite\n|move|p2b: Aerodactyl|Rock Slide|p1a: Incineroar|[spread] p1a,p1b\n|-supereffective|p1a: Incineroar|1\n|-supereffective|p1b: Glalie|1\n|-damage|p1a: Incineroar|65/100\n|-damage|p1b: Glalie|53/100\n|move|p2a: Aggron|Body Press|p1a: Incineroar\n|-supereffective|p1a: Incineroar|1\n|-damage|p1a: Incineroar|0 fnt\n|faint|p1a: Incineroar\n|\n|upkeep\n|\n|t:|1776613036\n|switch|p1a: Gyarados|Gyarados, L50, F|100/100\n|-ability|p1a: Gyarados|Intimidate|boost\n|-unboost|p2a: Aggron|atk|1\n|-unboost|p2b: Aerodactyl|atk|1\n|turn|5\n|-message|BeckerDaLoser forfeited.\n|\n|win|PlussolA\n|raw|BeckerDaLoser's rating: 1039 &rarr; <strong>1025</strong><br />(-14 for losing)\n|raw|PlussolA's rating: 1075 &rarr; <strong>1101</strong><br />(+26 for winning)\n|l|\u2606BeckerDaLoser\n|player|p1|\n",
  "uploadtime": 1776613061,
  "views": 10,
  "formatid": "gen9championsvgc2026regma",
  "rating": 1025,
  "private": 0,
  "password": null
}