{
  "id": "gen9championsvgc2026regma-2588339967",
  "format": "[Gen 9 Champions] VGC 2026 Reg M-A",
  "players": [
    "TheGengarMaster3",
    "LordOrange94"
  ],
  "log": "|j|\u2606TheGengarMaster3\n|j|\u2606LordOrange94\n|t:|1776625441\n|gametype|doubles\n|player|p1|TheGengarMaster3|waitress-gen4|\n|player|p2|LordOrange94|steven|\n|gen|9\n|tier|[Gen 9 Champions] VGC 2026 Reg M-A\n|rule|Species Clause: Limit one of each Pok\u00e9mon\n|rule|Item Clause: Limit 1 of each item\n|clearpoke\n|poke|p1|Pelipper, L50, M, shiny|\n|poke|p1|Feraligatr, L50, M, shiny|\n|poke|p1|Basculegion, L50, M, shiny|\n|poke|p1|Politoed, L50, F, shiny|\n|poke|p1|Blastoise, L50, F, shiny|\n|poke|p1|Raichu, L50, M|\n|poke|p2|Sneasler, L50, M|\n|poke|p2|Sinistcha, L50|\n|poke|p2|Feraligatr, L50, M|\n|poke|p2|Kingambit, L50, F|\n|poke|p2|Talonflame, L50, F|\n|poke|p2|Gardevoir, L50, M|\n|teampreview|4\n|\n|t:|1776625477\n|teamsize|p1|4\n|teamsize|p2|4\n|start\n|switch|p1a: The Pelipper|Pelipper, L50, M, shiny|100/100\n|switch|p1b: The Politoed|Politoed, L50, F, shiny|100/100\n|switch|p2a: Sneasler|Sneasler, L50, M|100/100\n|switch|p2b: Kingambit|Kingambit, L50, F|100/100\n|-weather|RainDance|[from] ability: Drizzle|[of] p1b: The Politoed\n|turn|1\n|\n|t:|1776625498\n|move|p2a: Sneasler|Fake Out|p1b: The Politoed\n|-damage|p1b: The Politoed|86/100\n|cant|p1b: The Politoed|flinch\n|move|p1a: The Pelipper|Tailwind|p1a: The Pelipper\n|-sidestart|p1: TheGengarMaster3|move: Tailwind\n|move|p2b: Kingambit|Kowtow Cleave|p1a: The Pelipper\n|-damage|p1a: The Pelipper|53/100\n|\n|-weather|RainDance|[upkeep]\n|-heal|p1a: The Pelipper|59/100|[from] item: Leftovers\n|upkeep\n|turn|2\n|\n|t:|1776625517\n|move|p2b: Kingambit|Protect|p2b: Kingambit\n|-singleturn|p2b: Kingambit|Protect\n|move|p2a: Sneasler|Coaching|p2b: Kingambit\n|-boost|p2b: Kingambit|atk|1\n|-boost|p2b: Kingambit|def|1\n|move|p1b: The Politoed|Encore|p2a: Sneasler\n|-start|p2a: Sneasler|Encore\n|move|p1a: The Pelipper|Hurricane|p2a: Sneasler\n|-supereffective|p2a: Sneasler|1\n|-damage|p2a: Sneasler|8/100\n|\n|-weather|RainDance|[upkeep]\n|-heal|p1a: The Pelipper|65/100|[from] item: Leftovers\n|upkeep\n|turn|3\n|\n|t:|1776625534\n|move|p2a: Sneasler|Coaching|p2b: Kingambit\n|-boost|p2b: Kingambit|atk|1\n|-boost|p2b: Kingambit|def|1\n|move|p1b: The Politoed|Perish Song|p1b: The Politoed\n|-start|p1a: The Pelipper|perish3|[silent]\n|-start|p1b: The Politoed|perish3|[silent]\n|-start|p2a: Sneasler|perish3|[silent]\n|-start|p2b: Kingambit|perish3|[silent]\n|-fieldactivate|move: Perish Song\n|move|p1a: The Pelipper|Surf|p2a: Sneasler|[spread] p1b,p2a,p2b\n|-resisted|p1b: The Politoed|1\n|-damage|p1b: The Politoed|72/100\n|-damage|p2a: Sneasler|0 fnt\n|-damage|p2b: Kingambit|72/100\n|faint|p2a: Sneasler\n|move|p2b: Kingambit|Kowtow Cleave|p1a: The Pelipper\n|-damage|p1a: The Pelipper|0 fnt\n|faint|p1a: The Pelipper\n|\n|-weather|RainDance|[upkeep]\n|-start|p1b: The Politoed|perish3\n|-start|p2b: Kingambit|perish3\n|upkeep\n|\n|t:|1776625554\n|switch|p2a: Sinistcha|Sinistcha, L50|100/100\n|switch|p1a: The Basculegion|Basculegion, L50, M, shiny|100/100\n|-heal|p2b: Kingambit|96/100|[from] ability: Hospitality|[of] p2a: Sinistcha\n|turn|4\n|\n|t:|1776625565\n|move|p1b: The Politoed|Protect|p1b: The Politoed\n|-singleturn|p1b: The Politoed|Protect\n|move|p2b: Kingambit|Sucker Punch|p1a: The Basculegion\n|-supereffective|p1a: The Basculegion|1\n|-damage|p1a: The Basculegion|0 fnt\n|faint|p1a: The Basculegion\n|move|p2a: Sinistcha|Matcha Gotcha|p1b: The Politoed\n|-activate|p1b: The Politoed|move: Protect\n|\n|-weather|RainDance|[upkeep]\n|-start|p1b: The Politoed|perish2\n|-start|p2b: Kingambit|perish2\n|-sideend|p1: TheGengarMaster3|move: Tailwind\n|upkeep\n|\n|t:|1776625577\n|switch|p1a: The Feraligatr|Feraligatr, L50, M, shiny|100/100\n|turn|5\n|\n|t:|1776625601\n|detailschange|p1a: The Feraligatr|Feraligatr-Mega, L50, M, shiny\n|-mega|p1a: The Feraligatr|Feraligatr|Feraligite\n|move|p1a: The Feraligatr|Dragon Dance|p1a: The Feraligatr\n|-boost|p1a: The Feraligatr|atk|1\n|-boost|p1a: The Feraligatr|spe|1\n|move|p2a: Sinistcha|Matcha Gotcha|p1a: The Feraligatr|[spread] p1a,p1b\n|-supereffective|p1b: The Politoed|1\n|-damage|p1a: The Feraligatr|71/100\n|-damage|p1b: The Politoed|31/100\n|move|p1b: The Politoed|Substitute|p1b: The Politoed\n|-start|p1b: The Politoed|Substitute\n|-damage|p1b: The Politoed|6/100\n|move|p2b: Kingambit|Kowtow Cleave|p1a: The Feraligatr\n|-damage|p1a: The Feraligatr|0 fnt\n|faint|p1a: The Feraligatr\n|\n|-weather|none\n|-start|p1b: The Politoed|perish1\n|-start|p2b: Kingambit|perish1\n|upkeep\n|turn|6\n|-message|TheGengarMaster3 forfeited.\n|\n|win|LordOrange94\n|l|\u2606TheGengarMaster3\n|player|p1|\n",
  "uploadtime": 1776625629,
  "views": 13,
  "formatid": "gen9championsvgc2026regma",
  "rating": null,
  "private": 0,
  "password": null
}