{
  "id": "gen9championsvgc2026regma-2583922264",
  "format": "[Gen 9 Champions] VGC 2026 Reg M-A",
  "players": [
    "Astral Legionis",
    "Salemali7"
  ],
  "log": "|j|\u2606Astral Legionis\n|j|\u2606Salemali7\n|t:|1776208570\n|gametype|doubles\n|player|p1|Astral Legionis|1|1171\n|player|p2|Salemali7|byron|1150\n|gen|9\n|tier|[Gen 9 Champions] VGC 2026 Reg M-A\n|rated|\n|rule|Species Clause: Limit one of each Pok\u00e9mon\n|rule|Item Clause: Limit 1 of each item\n|clearpoke\n|poke|p1|Reuniclus, L50, F|\n|poke|p1|Archaludon, L50, M|\n|poke|p1|Pelipper, L50, M|\n|poke|p1|Sinistcha, L50|\n|poke|p1|Meganium, L50, F|\n|poke|p1|Incineroar, L50, M|\n|poke|p2|Blastoise, L50, F|\n|poke|p2|Tsareena, L50, F|\n|poke|p2|Sinistcha, L50|\n|poke|p2|Heliolisk, L50, F|\n|poke|p2|Kingambit, L50, M|\n|poke|p2|Raichu, L50, F|\n|teampreview|4\n|\n|t:|1776208619\n|teamsize|p1|4\n|teamsize|p2|4\n|start\n|switch|p1a: dripping tears|Pelipper, L50, M|100/100\n|switch|p1b: roots pulled up|Meganium, L50, F|100/100\n|switch|p2a: Blastoise|Blastoise, L50, F|100/100\n|switch|p2b: Tsareena|Tsareena, L50, F|100/100\n|-weather|RainDance|[from] ability: Drizzle|[of] p1a: dripping tears\n|turn|1\n|\n|t:|1776208670\n|switch|p2b: Sinistcha|Sinistcha, L50|100/100\n|detailschange|p1b: roots pulled up|Meganium-Mega, L50, F\n|-mega|p1b: roots pulled up|Meganium|Meganiumite\n|move|p2a: Blastoise|Protect|p2a: Blastoise\n|-singleturn|p2a: Blastoise|Protect\n|move|p1a: dripping tears|Protect|p1a: dripping tears\n|-singleturn|p1a: dripping tears|Protect\n|move|p1b: roots pulled up|Weather Ball|p2b: Sinistcha\n|-supereffective|p2b: Sinistcha|1\n|-damage|p2b: Sinistcha|0 fnt\n|faint|p2b: Sinistcha\n|\n|-weather|RainDance|[upkeep]\n|upkeep\n|\n|t:|1776208687\n|switch|p2b: Raichu|Raichu, L50, F|100/100\n|turn|2\n|\n|t:|1776208694\n|switch|p1a: golden bell|Archaludon, L50, M|100/100\n|detailschange|p2a: Blastoise|Blastoise-Mega, L50, F\n|-mega|p2a: Blastoise|Blastoise|Blastoisinite\n|move|p2b: Raichu|Fake Out|p1b: roots pulled up\n|-damage|p1b: roots pulled up|92/100\n|move|p2a: Blastoise|Ice Beam|p1b: roots pulled up\n|-supereffective|p1b: roots pulled up|1\n|-damage|p1b: roots pulled up|36/100\n|-status|p1b: roots pulled up|frz\n|cant|p1b: roots pulled up|frz\n|\n|-weather|RainDance|[upkeep]\n|upkeep\n|turn|3\n|\n|t:|1776208716\n|cant|p1b: roots pulled up|frz\n|move|p2b: Raichu|Thunder|p1a: golden bell\n|-resisted|p1a: golden bell|1\n|-damage|p1a: golden bell|72/100\n|-ability|p1a: golden bell|Stamina|boost\n|-boost|p1a: golden bell|def|1\n|move|p1a: golden bell|Dragon Pulse|p2a: Blastoise\n|-damage|p2a: Blastoise|57/100\n|move|p2a: Blastoise|Ice Beam|p1b: roots pulled up\n|-supereffective|p1b: roots pulled up|1\n|-damage|p1b: roots pulled up|0 fnt\n|faint|p1b: roots pulled up\n|\n|-weather|RainDance|[upkeep]\n|upkeep\n|\n|t:|1776208728\n|switch|p1b: jelly baby|Reuniclus, L50, F|100/100\n|turn|4\n|\n|t:|1776208739\n|move|p2b: Raichu|Thunder|p1b: jelly baby\n|-damage|p1b: jelly baby|58/100\n|-status|p1b: jelly baby|par\n|move|p1a: golden bell|Dragon Pulse|p2b: Raichu\n|-damage|p2b: Raichu|26/100\n|move|p2a: Blastoise|Aura Sphere|p1a: golden bell\n|-supereffective|p1a: golden bell|1\n|-damage|p1a: golden bell|0 fnt\n|faint|p1a: golden bell\n|move|p1b: jelly baby|Psychic|p2b: Raichu\n|-damage|p2b: Raichu|0 fnt\n|faint|p2b: Raichu\n|\n|-weather|RainDance|[upkeep]\n|-heal|p1b: jelly baby|64/100 par|[from] item: Leftovers\n|upkeep\n|\n|t:|1776208757\n|switch|p2b: Tsareena|Tsareena, L50, F|100/100\n|switch|p1a: dripping tears|Pelipper, L50, M|100/100\n|turn|5\n|\n|t:|1776208772\n|move|p2b: Tsareena|Helping Hand|p2a: Blastoise\n|-singleturn|p2a: Blastoise|Helping Hand|[of] p2b: Tsareena\n|move|p2a: Blastoise|Ice Beam|p1a: dripping tears\n|-damage|p1a: dripping tears|31/100\n|-status|p1a: dripping tears|frz\n|cant|p1a: dripping tears|frz\n|move|p1b: jelly baby|Thunder|p2a: Blastoise\n|-supereffective|p2a: Blastoise|1\n|-damage|p2a: Blastoise|0 fnt\n|faint|p2a: Blastoise\n|\n|-weather|none\n|-heal|p1b: jelly baby|70/100 par|[from] item: Leftovers\n|upkeep\n|turn|6\n|\n|t:|1776208790\n|-curestatus|p1a: dripping tears|frz|[msg]\n|move|p1a: dripping tears|Protect|p1a: dripping tears\n|-singleturn|p1a: dripping tears|Protect\n|move|p2b: Tsareena|Power Whip|p1a: dripping tears\n|-activate|p1a: dripping tears|move: Protect\n|move|p1b: jelly baby|Psychic|p2b: Tsareena\n|-damage|p2b: Tsareena|63/100\n|\n|-heal|p2b: Tsareena|69/100|[from] item: Leftovers\n|-heal|p1b: jelly baby|76/100 par|[from] item: Leftovers\n|upkeep\n|turn|7\n|\n|t:|1776208804\n|move|p2b: Tsareena|Power Whip|p1a: dripping tears\n|-damage|p1a: dripping tears|0 fnt\n|faint|p1a: dripping tears\n|move|p1b: jelly baby|Psychic|p2b: Tsareena\n|-damage|p2b: Tsareena|28/100\n|\n|-heal|p2b: Tsareena|35/100|[from] item: Leftovers\n|-heal|p1b: jelly baby|82/100 par|[from] item: Leftovers\n|upkeep\n|turn|8\n|\n|t:|1776208815\n|move|p2b: Tsareena|Acupressure|p2b: Tsareena\n|-boost|p2b: Tsareena|evasion|2\n|move|p1b: jelly baby|Psychic|p2b: Tsareena|[miss]\n|-miss|p1b: jelly baby|p2b: Tsareena\n|\n|-heal|p2b: Tsareena|41/100|[from] item: Leftovers\n|-heal|p1b: jelly baby|88/100 par|[from] item: Leftovers\n|upkeep\n|turn|9\n|\n|t:|1776208824\n|move|p2b: Tsareena|Acupressure|p2b: Tsareena\n|-boost|p2b: Tsareena|def|2\n|move|p1b: jelly baby|Calm Mind|p1b: jelly baby\n|-boost|p1b: jelly baby|spa|1\n|-boost|p1b: jelly baby|spd|1\n|\n|-heal|p2b: Tsareena|47/100|[from] item: Leftovers\n|-heal|p1b: jelly baby|94/100 par|[from] item: Leftovers\n|upkeep\n|turn|10\n|\n|t:|1776208834\n|move|p2b: Tsareena|Acupressure|p2b: Tsareena\n|-boost|p2b: Tsareena|spe|2\n|move|p1b: jelly baby|Psychic|p2b: Tsareena\n|-damage|p2b: Tsareena|0 fnt\n|faint|p2b: Tsareena\n|\n|win|Astral Legionis\n|raw|Astral Legionis's rating: 1171 &rarr; <strong>1194</strong><br />(+23 for winning)\n|raw|Salemali7's rating: 1150 &rarr; <strong>1127</strong><br />(-23 for losing)\n|l|\u2606Salemali7\n|player|p2|\n",
  "uploadtime": 1776208845,
  "views": 17,
  "formatid": "gen9championsvgc2026regma",
  "rating": 1127,
  "private": 0,
  "password": null
}