{
  "id": "gen9championsvgc2026regma-2583231667",
  "format": "[Gen 9 Champions] VGC 2026 Reg M-A",
  "players": [
    "OnionJam",
    "mrityumara"
  ],
  "log": "|j|\u2606OnionJam\n|j|\u2606mrityumara\n|t:|1776157475\n|gametype|doubles\n|player|p1|OnionJam|101|1107\n|player|p2|mrityumara|1|1154\n|gen|9\n|tier|[Gen 9 Champions] VGC 2026 Reg M-A\n|rated|\n|rule|Species Clause: Limit one of each Pok\u00e9mon\n|rule|Item Clause: Limit 1 of each item\n|clearpoke\n|poke|p1|Blastoise, L50, M|\n|poke|p1|Floette-Eternal, L50, F|\n|poke|p1|Orthworm, L50, F|\n|poke|p1|Incineroar, L50, M|\n|poke|p1|Garchomp, L50, F|\n|poke|p1|Sinistcha, L50|\n|poke|p2|Starmie, L50|\n|poke|p2|Sinistcha, L50|\n|poke|p2|Ninetales-Alola, L50, F|\n|poke|p2|Incineroar, L50, F|\n|poke|p2|Corviknight, L50, F|\n|poke|p2|Dragonite, L50, M|\n|teampreview|4\n|inactive|Battle timer is ON: inactive players will automatically lose when time's up. (requested by mrityumara)\n|\n|t:|1776157491\n|teamsize|p1|4\n|teamsize|p2|4\n|start\n|switch|p1a: Orthworm|Orthworm, L50, F|100/100\n|switch|p1b: Incineroar|Incineroar, L50, M|100/100\n|switch|p2a: Incineroar|Incineroar, L50, F|100/100\n|switch|p2b: Ninetales|Ninetales-Alola, L50, F|100/100\n|-ability|p1b: Incineroar|Intimidate|boost\n|-unboost|p2a: Incineroar|atk|1\n|-unboost|p2b: Ninetales|atk|1\n|turn|1\n|\n|t:|1776157503\n|move|p1b: Incineroar|Fake Out|p2b: Ninetales\n|-damage|p2b: Ninetales|83/100\n|move|p2a: Incineroar|Fake Out|p1b: Incineroar\n|-damage|p1b: Incineroar|91/100\n|cant|p2b: Ninetales|flinch\n|move|p1a: Orthworm|Heavy Slam|p2b: Ninetales\n|-supereffective|p2b: Ninetales|2\n|-damage|p2b: Ninetales|0 fnt\n|faint|p2b: Ninetales\n|\n|upkeep\n|\n|t:|1776157514\n|switch|p2b: Starmie|Starmie, L50|100/100\n|turn|2\n|\n|t:|1776157527\n|switch|p1b: Sinistcha|Sinistcha, L50|100/100\n|detailschange|p2b: Starmie|Starmie-Mega, L50\n|-mega|p2b: Starmie|Starmie|Starminite\n|move|p2b: Starmie|Minimize|p2b: Starmie\n|-boost|p2b: Starmie|evasion|2\n|move|p1a: Orthworm|Body Press|p2a: Incineroar\n|-supereffective|p2a: Incineroar|1\n|-damage|p2a: Incineroar|43/100\n|move|p2a: Incineroar|Parting Shot|p1b: Sinistcha\n|-unboost|p1b: Sinistcha|atk|1\n|-unboost|p1b: Sinistcha|spa|1\n|inactive|mrityumara has 30 seconds left.\n|inactive|mrityumara has 20 seconds left.\n|inactive|mrityumara has 15 seconds left.\n|\n|t:|1776157569\n|switch|p2a: Sinistcha|Sinistcha, L50|100/100|[from] Parting Shot\n|\n|upkeep\n|turn|3\n|\n|t:|1776157588\n|switch|p1b: Incineroar|Incineroar, L50, M|91/100\n|-ability|p1b: Incineroar|Intimidate|boost\n|-unboost|p2a: Sinistcha|atk|1\n|-unboost|p2b: Starmie|atk|1\n|move|p2b: Starmie|Substitute|p2b: Starmie\n|-start|p2b: Starmie|Substitute\n|-damage|p2b: Starmie|76/100\n|move|p2a: Sinistcha|Matcha Gotcha|p1a: Orthworm|[spread] p1a,p1b\n|-resisted|p1a: Orthworm|1\n|-resisted|p1b: Incineroar|1\n|-damage|p1a: Orthworm|79/100\n|-damage|p1b: Incineroar|82/100\n|-status|p1a: Orthworm|brn\n|move|p1a: Orthworm|Heavy Slam|p2b: Starmie\n|-resisted|p2b: Starmie|1\n|-activate|p2b: Starmie|move: Substitute|[damage]\n|\n|-damage|p1a: Orthworm|73/100 brn|[from] brn\n|upkeep\n|turn|4\n|inactive|OnionJam has 30 seconds left.\n|\n|t:|1776157617\n|switch|p2a: Incineroar|Incineroar, L50, F|43/100\n|move|p2b: Starmie|Minimize|p2b: Starmie\n|-boost|p2b: Starmie|evasion|2\n|move|p1a: Orthworm|Heavy Slam|p2b: Starmie\n|-resisted|p2b: Starmie|1\n|-activate|p2b: Starmie|move: Substitute|[damage]\n|move|p1b: Incineroar|Throat Chop|p2a: Incineroar\n|-resisted|p2a: Incineroar|1\n|-damage|p2a: Incineroar|27/100\n|-start|p2a: Incineroar|Throat Chop|[silent]\n|\n|-damage|p1a: Orthworm|67/100 brn|[from] brn\n|upkeep\n|turn|5\n|inactive|mrityumara has 30 seconds left.\n|inactive|mrityumara has 20 seconds left.\n|inactive|mrityumara has 15 seconds left.\n|inactive|mrityumara has 10 seconds left.\n|inactive|mrityumara has 5 seconds left.\n|c|\u2606OnionJam|?\n|\n|t:|1776157669\n|move|p1a: Orthworm|Protect|p1a: Orthworm\n|-singleturn|p1a: Orthworm|Protect\n|move|p2a: Incineroar|Fake Out|p1b: Incineroar\n|-damage|p1b: Incineroar|67/100\n|move|p2b: Starmie|Liquidation|p1b: Incineroar\n|-supereffective|p1b: Incineroar|1\n|-damage|p1b: Incineroar|0 fnt\n|faint|p1b: Incineroar\n|\n|-damage|p1a: Orthworm|60/100 brn|[from] brn\n|-end|p2a: Incineroar|Throat Chop|[silent]\n|upkeep\n|\n|t:|1776157682\n|switch|p1b: rhea diamond|Blastoise, L50, M|100/100\n|turn|6\n|\n|t:|1776157703\n|detailschange|p1b: rhea diamond|Blastoise-Mega, L50, M\n|-mega|p1b: rhea diamond|Blastoise|Blastoisinite\n|move|p1b: rhea diamond|Muddy Water|p2b: Starmie|[spread] \n|-miss|p1b: rhea diamond|p2a: Incineroar\n|-miss|p1b: rhea diamond|p2b: Starmie\n|move|p2b: Starmie|Minimize|p2b: Starmie\n|-boost|p2b: Starmie|evasion|2\n|move|p1a: Orthworm|Heavy Slam|p2b: Starmie\n|-resisted|p2b: Starmie|1\n|-end|p2b: Starmie|Substitute\n|move|p2a: Incineroar|Parting Shot|p1b: rhea diamond\n|-unboost|p1b: rhea diamond|atk|1\n|-unboost|p1b: rhea diamond|spa|1\n|\n|t:|1776157726\n|switch|p2a: Sinistcha|Sinistcha, L50|100/100|[from] Parting Shot\n|-heal|p2b: Starmie|100/100|[from] ability: Hospitality|[of] p2a: Sinistcha\n|\n|-damage|p1a: Orthworm|54/100 brn|[from] brn\n|upkeep\n|turn|7\n|\n|t:|1776157737\n|move|p1b: rhea diamond|Dark Pulse|p2a: Sinistcha\n|-supereffective|p2a: Sinistcha|1\n|-damage|p2a: Sinistcha|38/100\n|-enditem|p2a: Sinistcha|Sitrus Berry|[eat]\n|-heal|p2a: Sinistcha|62/100|[from] item: Sitrus Berry\n|move|p2b: Starmie|Substitute|p2b: Starmie\n|-start|p2b: Starmie|Substitute\n|-damage|p2b: Starmie|76/100\n|cant|p2a: Sinistcha|flinch\n|move|p1a: Orthworm|Heavy Slam|p2b: Starmie\n|-resisted|p2b: Starmie|1\n|-activate|p2b: Starmie|move: Substitute|[damage]\n|\n|-damage|p1a: Orthworm|48/100 brn|[from] brn\n|upkeep\n|-enditem|p1a: Orthworm|Sitrus Berry|[eat]\n|-heal|p1a: Orthworm|73/100 brn|[from] item: Sitrus Berry\n|turn|8\n|\n|t:|1776157758\n|move|p1b: rhea diamond|Dark Pulse|p2a: Sinistcha\n|-supereffective|p2a: Sinistcha|1\n|-damage|p2a: Sinistcha|0 fnt\n|faint|p2a: Sinistcha\n|move|p2b: Starmie|Liquidation|p1a: Orthworm\n|-damage|p1a: Orthworm|42/100 brn\n|move|p1a: Orthworm|Heavy Slam|p2b: Starmie\n|-resisted|p2b: Starmie|1\n|-activate|p2b: Starmie|move: Substitute|[damage]\n|\n|-damage|p1a: Orthworm|36/100 brn|[from] brn\n|upkeep\n|\n|t:|1776157769\n|switch|p2a: Incineroar|Incineroar, L50, F|27/100\n|turn|9\n|\n|t:|1776157782\n|move|p2a: Incineroar|Fake Out|p1b: rhea diamond\n|-damage|p1b: rhea diamond|86/100\n|cant|p1b: rhea diamond|flinch\n|move|p2b: Starmie|Liquidation|p1a: Orthworm\n|-damage|p1a: Orthworm|6/100 brn\n|move|p1a: Orthworm|Heavy Slam|p2b: Starmie\n|-resisted|p2b: Starmie|1\n|-end|p2b: Starmie|Substitute\n|\n|-damage|p1a: Orthworm|0 fnt|[from] brn\n|faint|p1a: Orthworm\n|upkeep\n|\n|t:|1776157787\n|switch|p1a: Sinistcha|Sinistcha, L50|100/100\n|-heal|p1b: rhea diamond|100/100|[from] ability: Hospitality|[of] p1a: Sinistcha\n|turn|10\n|\n|t:|1776157802\n|move|p1b: rhea diamond|Aura Sphere|p2a: Incineroar\n|-supereffective|p2a: Incineroar|1\n|-damage|p2a: Incineroar|0 fnt\n|faint|p2a: Incineroar\n|move|p2b: Starmie|Substitute|p2b: Starmie\n|-start|p2b: Starmie|Substitute\n|-damage|p2b: Starmie|51/100\n|move|p1a: Sinistcha|Matcha Gotcha|p2b: Starmie\n|-supereffective|p2b: Starmie|1\n|-end|p2b: Starmie|Substitute\n|\n|upkeep\n|turn|11\n|\n|t:|1776157812\n|move|p1b: rhea diamond|Dark Pulse|p2b: Starmie|[miss]\n|-miss|p1b: rhea diamond|p2b: Starmie\n|move|p2b: Starmie|Substitute|p2b: Starmie\n|-start|p2b: Starmie|Substitute\n|-damage|p2b: Starmie|27/100\n|move|p1a: Sinistcha|Matcha Gotcha|p2b: Starmie|[miss]\n|-miss|p1a: Sinistcha|p2b: Starmie\n|\n|upkeep\n|turn|12\n|\n|t:|1776157825\n|move|p1b: rhea diamond|Dark Pulse|p2b: Starmie|[miss]\n|-miss|p1b: rhea diamond|p2b: Starmie\n|move|p2b: Starmie|Recover|p2b: Starmie\n|-heal|p2b: Starmie|77/100\n|move|p1a: Sinistcha|Matcha Gotcha|p2b: Starmie\n|-supereffective|p2b: Starmie|1\n|-end|p2b: Starmie|Substitute\n|\n|upkeep\n|turn|13\n|\n|t:|1776157836\n|move|p1b: rhea diamond|Dark Pulse|p2b: Starmie|[miss]\n|-miss|p1b: rhea diamond|p2b: Starmie\n|move|p2b: Starmie|Substitute|p2b: Starmie\n|-start|p2b: Starmie|Substitute\n|-damage|p2b: Starmie|53/100\n|move|p1a: Sinistcha|Matcha Gotcha|p2b: Starmie|[miss]\n|-miss|p1a: Sinistcha|p2b: Starmie\n|\n|upkeep\n|turn|14\n|\n|t:|1776157846\n|move|p1b: rhea diamond|Dark Pulse|p2b: Starmie\n|-supereffective|p2b: Starmie|1\n|-end|p2b: Starmie|Substitute\n|move|p2b: Starmie|Recover|p2b: Starmie\n|-heal|p2b: Starmie|100/100\n|move|p1a: Sinistcha|Matcha Gotcha|p2b: Starmie|[miss]\n|-miss|p1a: Sinistcha|p2b: Starmie\n|\n|upkeep\n|turn|15\n|\n|t:|1776157855\n|move|p1b: rhea diamond|Dark Pulse|p2b: Starmie|[miss]\n|-miss|p1b: rhea diamond|p2b: Starmie\n|move|p2b: Starmie|Substitute|p2b: Starmie\n|-start|p2b: Starmie|Substitute\n|-damage|p2b: Starmie|76/100\n|move|p1a: Sinistcha|Matcha Gotcha|p2b: Starmie\n|-supereffective|p2b: Starmie|1\n|-end|p2b: Starmie|Substitute\n|\n|upkeep\n|turn|16\n|\n|t:|1776157864\n|move|p1b: rhea diamond|Dark Pulse|p2b: Starmie\n|-supereffective|p2b: Starmie|1\n|-damage|p2b: Starmie|21/100\n|move|p2b: Starmie|Substitute|p2b: Starmie\n|-fail|p2b: Starmie|move: Substitute|[weak]\n|move|p1a: Sinistcha|Matcha Gotcha|p2b: Starmie|[miss]\n|-miss|p1a: Sinistcha|p2b: Starmie\n|\n|upkeep\n|turn|17\n|\n|t:|1776157876\n|move|p1b: rhea diamond|Dark Pulse|p2b: Starmie|[miss]\n|-miss|p1b: rhea diamond|p2b: Starmie\n|move|p2b: Starmie|Recover|p2b: Starmie\n|-heal|p2b: Starmie|71/100\n|move|p1a: Sinistcha|Matcha Gotcha|p2b: Starmie|[miss]\n|-miss|p1a: Sinistcha|p2b: Starmie\n|\n|upkeep\n|turn|18\n|\n|t:|1776157884\n|move|p1b: rhea diamond|Dark Pulse|p2b: Starmie\n|-supereffective|p2b: Starmie|1\n|-damage|p2b: Starmie|11/100\n|move|p2b: Starmie|Substitute|p2b: Starmie\n|-fail|p2b: Starmie|move: Substitute|[weak]\n|move|p1a: Sinistcha|Matcha Gotcha|p2b: Starmie|[miss]\n|-miss|p1a: Sinistcha|p2b: Starmie\n|\n|upkeep\n|turn|19\n|\n|t:|1776157897\n|move|p1b: rhea diamond|Dark Pulse|p2b: Starmie|[miss]\n|-miss|p1b: rhea diamond|p2b: Starmie\n|move|p2b: Starmie|Recover|p2b: Starmie\n|-heal|p2b: Starmie|62/100\n|move|p1a: Sinistcha|Matcha Gotcha|p2b: Starmie|[miss]\n|-miss|p1a: Sinistcha|p2b: Starmie\n|\n|upkeep\n|turn|20\n|\n|t:|1776157906\n|move|p1b: rhea diamond|Dark Pulse|p2b: Starmie|[miss]\n|-miss|p1b: rhea diamond|p2b: Starmie\n|move|p2b: Starmie|Substitute|p2b: Starmie\n|-start|p2b: Starmie|Substitute\n|-damage|p2b: Starmie|37/100\n|move|p1a: Sinistcha|Matcha Gotcha|p2b: Starmie|[miss]\n|-miss|p1a: Sinistcha|p2b: Starmie\n|\n|upkeep\n|turn|21\n|\n|t:|1776157916\n|move|p1b: rhea diamond|Dark Pulse|p2b: Starmie|[miss]\n|-miss|p1b: rhea diamond|p2b: Starmie\n|move|p2b: Starmie|Recover|p2b: Starmie\n|-heal|p2b: Starmie|87/100\n|move|p1a: Sinistcha|Matcha Gotcha|p2b: Starmie|[miss]\n|-miss|p1a: Sinistcha|p2b: Starmie\n|\n|upkeep\n|turn|22\n|\n|t:|1776157927\n|move|p1b: rhea diamond|Dark Pulse|p2b: Starmie\n|-supereffective|p2b: Starmie|1\n|-end|p2b: Starmie|Substitute\n|move|p2b: Starmie|Liquidation|p1b: rhea diamond\n|-resisted|p1b: rhea diamond|1\n|-damage|p1b: rhea diamond|72/100\n|move|p1a: Sinistcha|Matcha Gotcha|p2b: Starmie|[miss]\n|-miss|p1a: Sinistcha|p2b: Starmie\n|\n|upkeep\n|turn|23\n|\n|t:|1776157937\n|move|p1b: rhea diamond|Dark Pulse|p2b: Starmie\n|-supereffective|p2b: Starmie|1\n|-damage|p2b: Starmie|32/100\n|move|p2b: Starmie|Substitute|p2b: Starmie\n|-start|p2b: Starmie|Substitute\n|-damage|p2b: Starmie|8/100\n|move|p1a: Sinistcha|Matcha Gotcha|p2b: Starmie|[miss]\n|-miss|p1a: Sinistcha|p2b: Starmie\n|\n|upkeep\n|turn|24\n|\n|t:|1776157946\n|move|p1b: rhea diamond|Dark Pulse|p2b: Starmie|[miss]\n|-miss|p1b: rhea diamond|p2b: Starmie\n|move|p2b: Starmie|Recover|p2b: Starmie\n|-heal|p2b: Starmie|58/100\n|move|p1a: Sinistcha|Matcha Gotcha|p2b: Starmie\n|-supereffective|p2b: Starmie|1\n|-end|p2b: Starmie|Substitute\n|\n|upkeep\n|turn|25\n|\n|t:|1776157967\n|move|p1b: rhea diamond|Aura Sphere|p2b: Starmie\n|-resisted|p2b: Starmie|1\n|-damage|p2b: Starmie|42/100\n|move|p2b: Starmie|Recover|p2b: Starmie\n|-heal|p2b: Starmie|93/100\n|move|p1a: Sinistcha|Matcha Gotcha|p2b: Starmie|[miss]\n|-miss|p1a: Sinistcha|p2b: Starmie\n|\n|upkeep\n|turn|26\n|\n|t:|1776157978\n|move|p1b: rhea diamond|Aura Sphere|p2b: Starmie\n|-resisted|p2b: Starmie|1\n|-damage|p2b: Starmie|77/100\n|move|p2b: Starmie|Substitute|p2b: Starmie\n|-start|p2b: Starmie|Substitute\n|-damage|p2b: Starmie|53/100\n|move|p1a: Sinistcha|Life Dew||[still]|[spread] p1a,p1b\n|-fail|p1a: Sinistcha|heal\n|-heal|p1b: rhea diamond|97/100\n|\n|upkeep\n|turn|27\n|\n|t:|1776157990\n|move|p1a: Sinistcha|Rage Powder|p1a: Sinistcha\n|-singleturn|p1a: Sinistcha|move: Rage Powder\n|move|p1b: rhea diamond|Shell Smash|p1b: rhea diamond\n|-unboost|p1b: rhea diamond|def|1\n|-unboost|p1b: rhea diamond|spd|1\n|-boost|p1b: rhea diamond|atk|2\n|-boost|p1b: rhea diamond|spa|2\n|-boost|p1b: rhea diamond|spe|2\n|move|p2b: Starmie|Recover|p2b: Starmie\n|-heal|p2b: Starmie|100/100\n|\n|upkeep\n|turn|28\n|\n|t:|1776158001\n|move|p1a: Sinistcha|Rage Powder|p1a: Sinistcha\n|-singleturn|p1a: Sinistcha|move: Rage Powder\n|move|p1b: rhea diamond|Shell Smash|p1b: rhea diamond\n|-unboost|p1b: rhea diamond|def|1\n|-unboost|p1b: rhea diamond|spd|1\n|-boost|p1b: rhea diamond|atk|2\n|-boost|p1b: rhea diamond|spa|2\n|-boost|p1b: rhea diamond|spe|2\n|move|p2b: Starmie|Liquidation|p1a: Sinistcha\n|-resisted|p1a: Sinistcha|1\n|-damage|p1a: Sinistcha|84/100\n|\n|upkeep\n|turn|29\n|\n|t:|1776158013\n|move|p1a: Sinistcha|Rage Powder|p1a: Sinistcha\n|-singleturn|p1a: Sinistcha|move: Rage Powder\n|move|p1b: rhea diamond|Aura Sphere|p2b: Starmie\n|-resisted|p2b: Starmie|1\n|-end|p2b: Starmie|Substitute\n|move|p2b: Starmie|Liquidation|p1a: Sinistcha\n|-resisted|p1a: Sinistcha|1\n|-damage|p1a: Sinistcha|65/100\n|\n|upkeep\n|turn|30\n|\n|t:|1776158022\n|move|p1a: Sinistcha|Rage Powder|p1a: Sinistcha\n|-singleturn|p1a: Sinistcha|move: Rage Powder\n|move|p1b: rhea diamond|Aura Sphere|p2b: Starmie\n|-resisted|p2b: Starmie|1\n|-damage|p2b: Starmie|44/100\n|move|p2b: Starmie|Liquidation|p1a: Sinistcha\n|-resisted|p1a: Sinistcha|1\n|-damage|p1a: Sinistcha|45/100\n|\n|upkeep\n|turn|31\n|\n|t:|1776158034\n|move|p1a: Sinistcha|Rage Powder|p1a: Sinistcha\n|-singleturn|p1a: Sinistcha|move: Rage Powder\n|move|p1b: rhea diamond|Aura Sphere|p2b: Starmie\n|-resisted|p2b: Starmie|1\n|-damage|p2b: Starmie|0 fnt\n|faint|p2b: Starmie\n|\n|win|OnionJam\n|raw|OnionJam's rating: 1107 &rarr; <strong>1135</strong><br />(+28 for winning)\n|raw|mrityumara's rating: 1154 &rarr; <strong>1126</strong><br />(-28 for losing)\n|c|\u2606OnionJam|https://www.linkedin.com/\n|l|\u2606mrityumara\n|player|p2|\n",
  "uploadtime": 1776158042,
  "views": 272,
  "formatid": "gen9championsvgc2026regma",
  "rating": 1126,
  "private": 0,
  "password": null
}