{
  "id": "gen9championsvgc2026regma-2587885480",
  "format": "[Gen 9 Champions] VGC 2026 Reg M-A",
  "players": [
    "TheGamingMammoth",
    "Higgelhiggel"
  ],
  "log": "|j|\u2606TheGamingMammoth\n|j|\u2606Higgelhiggel\n|t:|1776574590\n|gametype|doubles\n|player|p1|TheGamingMammoth|1|1110\n|player|p2|Higgelhiggel|102|1098\n|gen|9\n|tier|[Gen 9 Champions] VGC 2026 Reg M-A\n|rated|\n|rule|Species Clause: Limit one of each Pok\u00e9mon\n|rule|Item Clause: Limit 1 of each item\n|clearpoke\n|poke|p1|Politoed, L50, M|\n|poke|p1|Venusaur, L50, F|\n|poke|p1|Charizard, L50, F, shiny|\n|poke|p1|Clefable, L50, F|\n|poke|p1|Scizor, L50, M|\n|poke|p1|Sableye, L50, F|\n|poke|p2|Scovillain, L50, F|\n|poke|p2|Farigiraf, L50, F|\n|poke|p2|Torkoal, L50, M|\n|poke|p2|Venusaur, L50, F|\n|poke|p2|Sneasler, L50, M|\n|poke|p2|Incineroar, L50, M|\n|teampreview|4\n|inactive|Battle timer is ON: inactive players will automatically lose when time's up. (requested by Higgelhiggel)\n|l|\u2606Higgelhiggel\n|inactive|Higgelhiggel disconnected and has a minute to reconnect!\n|player|p2|\n|inactive|TheGamingMammoth has 60 seconds left.\n|j|\u2606Higgelhiggel\n|inactive|Higgelhiggel reconnected.\n|player|p2|Higgelhiggel|102|\n|\n|t:|1776574653\n|teamsize|p1|4\n|teamsize|p2|4\n|start\n|switch|p1a: Politoed|Politoed, L50, M|100/100\n|switch|p1b: Clefable|Clefable, L50, F|100/100\n|switch|p2a: Farigiraf|Farigiraf, L50, F|100/100\n|switch|p2b: Sneasler|Sneasler, L50, M|100/100\n|-weather|RainDance|[from] ability: Drizzle|[of] p1a: Politoed\n|-ability|p2b: Sneasler|Pressure\n|turn|1\n|\n|t:|1776574678\n|move|p1a: Politoed|Psychic|p2b: Sneasler\n|-supereffective|p2b: Sneasler|2\n|-damage|p2b: Sneasler|0 fnt\n|faint|p2b: Sneasler\n|move|p1b: Clefable|Moonblast|p2a: Farigiraf\n|-damage|p2a: Farigiraf|74/100\n|move|p2a: Farigiraf|Trick Room|p2a: Farigiraf\n|-fieldstart|move: Trick Room|[of] p2a: Farigiraf\n|\n|-weather|RainDance|[upkeep]\n|-heal|p2a: Farigiraf|80/100|[from] item: Leftovers\n|upkeep\n|\n|t:|1776574686\n|switch|p2b: Torkoal|Torkoal, L50, M|100/100\n|-weather|SunnyDay|[from] ability: Drought|[of] p2b: Torkoal\n|turn|2\n|\n|t:|1776574704\n|switch|p1a: Charizard|Charizard, L50, F, shiny|100/100\n|move|p1b: Clefable|Protect|p1b: Clefable\n|-singleturn|p1b: Clefable|Protect\n|move|p2b: Torkoal|Eruption|p1a: Charizard|[spread] p1a\n|-activate|p1b: Clefable|move: Protect\n|-resisted|p1a: Charizard|1\n|-damage|p1a: Charizard|68/100\n|move|p2a: Farigiraf|Dazzling Gleam|p1b: Clefable|[spread] p1a\n|-activate|p1b: Clefable|move: Protect\n|-resisted|p1a: Charizard|1\n|-damage|p1a: Charizard|60/100\n|\n|-weather|SunnyDay|[upkeep]\n|-heal|p2a: Farigiraf|86/100|[from] item: Leftovers\n|upkeep\n|turn|3\n|\n|t:|1776574719\n|detailschange|p1a: Charizard|Charizard-Mega-Y, L50, F, shiny\n|-mega|p1a: Charizard|Charizard|Charizardite Y\n|move|p2b: Torkoal|Eruption|p1b: Clefable|[spread] p1a,p1b\n|-resisted|p1a: Charizard|1\n|-damage|p1a: Charizard|34/100\n|-damage|p1b: Clefable|46/100\n|-enditem|p1b: Clefable|Sitrus Berry|[eat]\n|-heal|p1b: Clefable|71/100|[from] item: Sitrus Berry\n|move|p2a: Farigiraf|Psychic Noise|p1a: Charizard\n|-damage|p1a: Charizard|11/100\n|-start|p1a: Charizard|move: Heal Block\n|move|p1b: Clefable|Moonblast|p2b: Torkoal\n|-resisted|p2b: Torkoal|1\n|-damage|p2b: Torkoal|78/100\n|move|p1a: Charizard|Heat Wave|p2a: Farigiraf|[spread] p2a,p2b\n|-resisted|p2b: Torkoal|1\n|-damage|p2a: Farigiraf|40/100\n|-damage|p2b: Torkoal|37/100\n|\n|-weather|SunnyDay|[upkeep]\n|-heal|p2a: Farigiraf|46/100|[from] item: Leftovers\n|upkeep\n|turn|4\n|\n|t:|1776574741\n|move|p1b: Clefable|Protect|p1b: Clefable\n|-singleturn|p1b: Clefable|Protect\n|move|p1a: Charizard|Protect|p1a: Charizard\n|-singleturn|p1a: Charizard|Protect\n|move|p2b: Torkoal|Heat Wave|p1a: Charizard|[spread] \n|-activate|p1a: Charizard|move: Protect\n|-activate|p1b: Clefable|move: Protect\n|move|p2a: Farigiraf|Psychic Noise|p1b: Clefable\n|-activate|p1b: Clefable|move: Protect\n|\n|-weather|SunnyDay|[upkeep]\n|-heal|p2a: Farigiraf|52/100|[from] item: Leftovers\n|-end|p1a: Charizard|move: Heal Block\n|upkeep\n|turn|5\n|\n|t:|1776574751\n|move|p2b: Torkoal|Heat Wave|p1a: Charizard|[spread] p1a,p1b\n|-resisted|p1a: Charizard|1\n|-damage|p1a: Charizard|0 fnt\n|-damage|p1b: Clefable|42/100\n|faint|p1a: Charizard\n|move|p2a: Farigiraf|Dazzling Gleam|p1b: Clefable\n|-damage|p1b: Clefable|23/100\n|move|p1b: Clefable|Moonblast|p2a: Farigiraf\n|-damage|p2a: Farigiraf|27/100\n|\n|-weather|SunnyDay|[upkeep]\n|-heal|p2a: Farigiraf|33/100|[from] item: Leftovers\n|-fieldend|move: Trick Room\n|upkeep\n|\n|t:|1776574762\n|switch|p1a: Politoed|Politoed, L50, M|100/100\n|-weather|RainDance|[from] ability: Drizzle|[of] p1a: Politoed\n|turn|6\n|\n|t:|1776574777\n|move|p1b: Clefable|Helping Hand|p1a: Politoed\n|-singleturn|p1a: Politoed|Helping Hand|[of] p1b: Clefable\n|move|p1a: Politoed|Muddy Water|p2a: Farigiraf|[spread] p2b\n|-miss|p1a: Politoed|p2a: Farigiraf\n|-supereffective|p2b: Torkoal|1\n|-damage|p2b: Torkoal|0 fnt\n|faint|p2b: Torkoal\n|move|p2a: Farigiraf|Trick Room|p2a: Farigiraf\n|-fieldstart|move: Trick Room|[of] p2a: Farigiraf\n|\n|-weather|RainDance|[upkeep]\n|-heal|p2a: Farigiraf|39/100|[from] item: Leftovers\n|upkeep\n|\n|t:|1776574783\n|switch|p2b: Scovillain|Scovillain, L50, F|100/100\n|turn|7\n|\n|t:|1776574793\n|detailschange|p2b: Scovillain|Scovillain-Mega, L50, F\n|-mega|p2b: Scovillain|Scovillain|Scovillainite\n|move|p1b: Clefable|Follow Me|p1b: Clefable\n|-singleturn|p1b: Clefable|move: Follow Me\n|move|p2a: Farigiraf|Psychic Noise|p1b: Clefable\n|-damage|p1b: Clefable|2/100\n|-start|p1b: Clefable|move: Heal Block\n|move|p2b: Scovillain|Grass Knot|p1b: Clefable\n|-damage|p1b: Clefable|0 fnt\n|faint|p1b: Clefable\n|move|p1a: Politoed|Muddy Water|p2a: Farigiraf|[spread] p2a,p2b\n|-damage|p2a: Farigiraf|12/100\n|-damage|p2b: Scovillain|48/100\n|-unboost|p2a: Farigiraf|accuracy|1\n|-unboost|p2b: Scovillain|accuracy|1\n|-status|p1a: Politoed|brn|[from] ability: Spicy Spray|[of] p2b: Scovillain\n|\n|-weather|RainDance|[upkeep]\n|-heal|p2a: Farigiraf|18/100|[from] item: Leftovers\n|-damage|p1a: Politoed|95/100 brn|[from] brn\n|upkeep\n|\n|t:|1776574807\n|switch|p1b: Venusaur|Venusaur, L50, F|100/100\n|turn|8\n|\n|t:|1776574815\n|move|p2a: Farigiraf|Psychic Noise|p1b: Venusaur\n|-supereffective|p1b: Venusaur|1\n|-damage|p1b: Venusaur|43/100\n|-start|p1b: Venusaur|move: Heal Block\n|move|p2b: Scovillain|Grass Knot|p1a: Politoed\n|-supereffective|p1a: Politoed|1\n|-damage|p1a: Politoed|21/100 brn\n|move|p1b: Venusaur|Sludge Bomb|p2b: Scovillain\n|-supereffective|p2b: Scovillain|1\n|-damage|p2b: Scovillain|0 fnt\n|-status|p1b: Venusaur|brn|[from] ability: Spicy Spray|[of] p2b: Scovillain\n|faint|p2b: Scovillain\n|move|p1a: Politoed|Muddy Water|p2a: Farigiraf|[miss]\n|-miss|p1a: Politoed|p2a: Farigiraf\n|\n|-weather|RainDance|[upkeep]\n|-heal|p2a: Farigiraf|24/100|[from] item: Leftovers\n|-damage|p1b: Venusaur|37/100 brn|[from] brn\n|-damage|p1a: Politoed|15/100 brn|[from] brn\n|upkeep\n|turn|9\n|\n|t:|1776574832\n|move|p2a: Farigiraf|Protect|p2a: Farigiraf\n|-singleturn|p2a: Farigiraf|Protect\n|move|p1b: Venusaur|Sludge Bomb|p2a: Farigiraf\n|-activate|p2a: Farigiraf|move: Protect\n|move|p1a: Politoed|Muddy Water|p2a: Farigiraf\n|-activate|p2a: Farigiraf|move: Protect\n|\n|-weather|RainDance|[upkeep]\n|-heal|p2a: Farigiraf|30/100|[from] item: Leftovers\n|-damage|p1b: Venusaur|31/100 brn|[from] brn\n|-damage|p1a: Politoed|9/100 brn|[from] brn\n|-end|p1b: Venusaur|move: Heal Block\n|upkeep\n|turn|10\n|\n|t:|1776574840\n|move|p2a: Farigiraf|Dazzling Gleam|p1b: Venusaur|[spread] p1a,p1b\n|-resisted|p1b: Venusaur|1\n|-damage|p1a: Politoed|0 fnt\n|-damage|p1b: Venusaur|24/100 brn\n|faint|p1a: Politoed\n|move|p1b: Venusaur|Sludge Bomb|p2a: Farigiraf\n|-damage|p2a: Farigiraf|5/100\n|-status|p2a: Farigiraf|psn\n|\n|-weather|none\n|-heal|p2a: Farigiraf|11/100 psn|[from] item: Leftovers\n|-damage|p2a: Farigiraf|0 fnt|[from] psn\n|faint|p2a: Farigiraf\n|\n|win|TheGamingMammoth\n|raw|TheGamingMammoth's rating: 1110 &rarr; <strong>1134</strong><br />(+24 for winning)\n|raw|Higgelhiggel's rating: 1098 &rarr; <strong>1074</strong><br />(-24 for losing)\n",
  "uploadtime": 1776574840,
  "views": 16,
  "formatid": "gen9championsvgc2026regma",
  "rating": 1074,
  "private": 0,
  "password": null
}