{
  "id": "gen9championsvgc2026regma-2580684805",
  "format": "[Gen 9 Champions] VGC 2026 Reg M-A",
  "players": [
    "lolgz",
    "MigraineMan"
  ],
  "log": "|j|\u2606lolgz\n|j|\u2606MigraineMan\n|t:|1775924108\n|gametype|doubles\n|player|p1|lolgz|265|1149\n|player|p2|MigraineMan|102|1219\n|gen|9\n|tier|[Gen 9 Champions] VGC 2026 Reg M-A\n|rated|\n|rule|Species Clause: Limit one of each Pok\u00e9mon\n|rule|Item Clause: Limit 1 of each item\n|clearpoke\n|poke|p1|Charizard, L50, M|\n|poke|p1|Whimsicott, L50, F|\n|poke|p1|Basculegion, L50, M|\n|poke|p1|Farigiraf, L50, F|\n|poke|p1|Sneasler, L50, M|\n|poke|p1|Floette-Eternal, L50, F|\n|poke|p2|Alakazam, L50, F|\n|poke|p2|Meowstic, L50, M|\n|poke|p2|Maushold-Four, L50|\n|poke|p2|Lucario, L50, F|\n|poke|p2|Primarina, L50, M|\n|poke|p2|Aerodactyl, L50, F|\n|teampreview|4\n|\n|t:|1775924226\n|teamsize|p1|4\n|teamsize|p2|4\n|start\n|switch|p1a: Whimsicott|Whimsicott, L50, F|100/100\n|switch|p1b: Floette|Floette-Eternal, L50, F|100/100\n|switch|p2a: Alakazam|Alakazam, L50, F, shiny|100/100\n|switch|p2b: Meowstic|Meowstic, L50, M|100/100\n|turn|1\n|\n|t:|1775924284\n|detailschange|p2a: Alakazam|Alakazam-Mega, L50, F, shiny\n|-mega|p2a: Alakazam|Alakazam|Alakazite\n|-ability|p2a: Alakazam|Flower Veil|Trace|[from] ability: Trace|[of] p1b: Floette\n|detailschange|p1b: Floette|Floette-Mega, L50, F\n|-mega|p1b: Floette|Floette|Floettite\n|-ability|p1b: Floette|Fairy Aura\n|move|p2b: Meowstic|Fake Out|p1b: Floette\n|-damage|p1b: Floette|93/100\n|move|p1a: Whimsicott|Tailwind|p1a: Whimsicott\n|-sidestart|p1: lolgz|move: Tailwind\n|cant|p1b: Floette|flinch\n|move|p2a: Alakazam|Nasty Plot|p2a: Alakazam\n|-boost|p2a: Alakazam|spa|2\n|\n|upkeep\n|turn|2\n|\n|t:|1775924304\n|move|p2a: Alakazam|Protect|p2a: Alakazam\n|-singleturn|p2a: Alakazam|Protect\n|move|p1a: Whimsicott|Encore|p2a: Alakazam\n|-activate|p2a: Alakazam|move: Protect\n|move|p2b: Meowstic|Thunder Wave|p1b: Floette\n|-status|p1b: Floette|par\n|move|p1b: Floette|Dazzling Gleam|p2a: Alakazam|[spread] p2b\n|-activate|p2a: Alakazam|move: Protect\n|-damage|p2b: Meowstic|44/100\n|\n|upkeep\n|turn|3\n|\n|t:|1775924340\n|move|p1a: Whimsicott|Encore|p2a: Alakazam\n|-start|p2a: Alakazam|Encore\n|move|p2a: Alakazam|Protect||[still]\n|-fail|p2a: Alakazam\n|move|p2b: Meowstic|Gravity|p2b: Meowstic\n|-fieldstart|move: Gravity\n|move|p1b: Floette|Dazzling Gleam|p2a: Alakazam|[spread] p2a,p2b\n|-damage|p2a: Alakazam|43/100\n|-damage|p2b: Meowstic|0 fnt\n|faint|p2b: Meowstic\n|\n|upkeep\n|\n|t:|1775924350\n|switch|p2b: Maushold|Maushold-Four, L50|100/100\n|turn|4\n|\n|t:|1775924357\n|switch|p2a: Lucario|Lucario, L50, F|100/100\n|move|p1a: Whimsicott|Sunny Day|p1a: Whimsicott\n|-weather|SunnyDay\n|move|p2b: Maushold|Population Bomb|p1b: Floette\n|-damage|p1b: Floette|75/100 par\n|-damage|p1b: Floette|56/100 par\n|-damage|p1b: Floette|39/100 par\n|-damage|p1b: Floette|21/100 par\n|-damage|p1b: Floette|3/100 par\n|-damage|p1b: Floette|0 fnt\n|faint|p1b: Floette\n|-hitcount|p1: Floette|6\n|\n|-weather|SunnyDay|[upkeep]\n|-sideend|p1: lolgz|move: Tailwind\n|upkeep\n|\n|t:|1775924367\n|switch|p1b: Charizard|Charizard, L50, M|100/100\n|turn|5\n|\n|t:|1775924400\n|move|p1a: Whimsicott|Tailwind|p1a: Whimsicott\n|-sidestart|p1: lolgz|move: Tailwind\n|move|p1b: Charizard|Heat Wave|p2b: Maushold|[spread] p2a,p2b\n|-supereffective|p2a: Lucario|1\n|-damage|p2a: Lucario|0 fnt\n|-damage|p2b: Maushold|0 fnt\n|faint|p2a: Lucario\n|faint|p2b: Maushold\n|\n|-weather|SunnyDay|[upkeep]\n|-damage|p1b: Charizard|88/100|[from] ability: Solar Power|[of] p1b: Charizard\n|upkeep\n|-message|MigraineMan forfeited.\n|\n|win|lolgz\n|raw|lolgz's rating: 1149 &rarr; <strong>1179</strong><br />(+30 for winning)\n|raw|MigraineMan's rating: 1219 &rarr; <strong>1189</strong><br />(-30 for losing)\n",
  "uploadtime": 1775924406,
  "views": 13,
  "formatid": "gen9championsvgc2026regma",
  "rating": 1179,
  "private": 0,
  "password": null
}