{
  "id": "gen9championsvgc2026regma-2582906293",
  "format": "[Gen 9 Champions] VGC 2026 Reg M-A",
  "players": [
    "loklastaji",
    "Jamyrok"
  ],
  "log": "|j|\u2606loklastaji\n|j|\u2606Jamyrok\n|t:|1776123824\n|gametype|doubles\n|player|p1|loklastaji|102|1283\n|player|p2|Jamyrok|2|1216\n|gen|9\n|tier|[Gen 9 Champions] VGC 2026 Reg M-A\n|rated|\n|rule|Species Clause: Limit one of each Pok\u00e9mon\n|rule|Item Clause: Limit 1 of each item\n|clearpoke\n|poke|p1|Talonflame, L50, M|\n|poke|p1|Goodra-Hisui, L50, F|\n|poke|p1|Samurott-Hisui, L50, M|\n|poke|p1|Meganium, L50, F|\n|poke|p1|Farigiraf, L50, F|\n|poke|p1|Froslass, L50, F|\n|poke|p2|Volcarona, L50, M|\n|poke|p2|Kangaskhan, L50, F|\n|poke|p2|Aegislash, L50, M|\n|poke|p2|Milotic, L50, M|\n|poke|p2|Tyranitar, L50, F|\n|poke|p2|Sylveon, L50, F|\n|teampreview|4\n|l|\u2606loklastaji\n|player|p1|\n|\n|t:|1776123872\n|teamsize|p1|4\n|teamsize|p2|4\n|start\n|switch|p1a: Meganium|Meganium, L50, F|100/100\n|switch|p1b: Samurott|Samurott-Hisui, L50, M|100/100\n|switch|p2a: Tyranitar|Tyranitar, L50, F|100/100\n|switch|p2b: Sylveon|Sylveon, L50, F|100/100\n|-weather|Sandstorm|[from] ability: Sand Stream|[of] p2a: Tyranitar\n|turn|1\n|j|\u2606loklastaji\n|player|p1|loklastaji|102|\n|\n|t:|1776123905\n|switch|p2a: Aegislash|Aegislash, L50, M|100/100\n|detailschange|p1a: Meganium|Meganium-Mega, L50, F\n|-mega|p1a: Meganium|Meganium|Meganiumite\n|move|p1b: Samurott|Sacred Sword|p2a: Aegislash\n|-immune|p2a: Aegislash\n|move|p1a: Meganium|Solar Beam||[still]\n|-prepare|p1a: Meganium|Solar Beam\n|-activate|p1a: Meganium|ability: Mega Sol\n|-anim|p1a: Meganium|Solar Beam|p2b: Sylveon\n|-damage|p2b: Sylveon|57/100\n|move|p2b: Sylveon|Hyper Voice|p1a: Meganium|[spread] p1a,p1b\n|-supereffective|p1b: Samurott|1\n|-damage|p1a: Meganium|46/100\n|-damage|p1b: Samurott|0 fnt\n|faint|p1b: Samurott\n|\n|-weather|Sandstorm|[upkeep]\n|-damage|p1a: Meganium|40/100|[from] Sandstorm\n|-damage|p2b: Sylveon|51/100|[from] Sandstorm\n|upkeep\n|\n|t:|1776123928\n|switch|p1b: Goodra|Goodra-Hisui, L50, F|100/100\n|turn|2\n|\n|t:|1776123954\n|move|p1a: Meganium|Protect|p1a: Meganium\n|-singleturn|p1a: Meganium|Protect\n|move|p1b: Goodra|Protect|p1b: Goodra\n|-singleturn|p1b: Goodra|Protect\n|move|p2b: Sylveon|Protect|p2b: Sylveon\n|-singleturn|p2b: Sylveon|Protect\n|-formechange|p2a: Aegislash|Aegislash-Blade|\n|move|p2a: Aegislash|Iron Head|p1a: Meganium\n|-activate|p1a: Meganium|move: Protect\n|\n|-weather|Sandstorm|[upkeep]\n|-damage|p1a: Meganium|35/100|[from] Sandstorm\n|-damage|p2b: Sylveon|46/100|[from] Sandstorm\n|upkeep\n|turn|3\n|\n|t:|1776124005\n|switch|p1b: Farigiraf|Farigiraf, L50, F|100/100\n|-formechange|p2a: Aegislash|Aegislash|\n|move|p2a: Aegislash|King's Shield|p2a: Aegislash\n|-singleturn|p2a: Aegislash|Protect\n|move|p2b: Sylveon|Quick Attack||[still]\n|cant|p1b: Farigiraf|ability: Armor Tail|Quick Attack|[of] p2b: Sylveon\n|move|p1a: Meganium|Weather Ball|p2a: Aegislash\n|-activate|p2a: Aegislash|move: Protect\n|\n|-weather|Sandstorm|[upkeep]\n|-damage|p1a: Meganium|29/100|[from] Sandstorm\n|-damage|p1b: Farigiraf|94/100|[from] Sandstorm\n|-damage|p2b: Sylveon|40/100|[from] Sandstorm\n|upkeep\n|turn|4\n|\n|t:|1776124039\n|move|p1a: Meganium|Weather Ball|p2a: Aegislash\n|-supereffective|p2a: Aegislash|1\n|-damage|p2a: Aegislash|13/100\n|move|p1b: Farigiraf|Hyper Voice|p2b: Sylveon|[spread] p2b\n|-immune|p2a: Aegislash\n|-damage|p2b: Sylveon|15/100\n|move|p2b: Sylveon|Hyper Voice|p1a: Meganium|[spread] p1a,p1b\n|-damage|p1a: Meganium|0 fnt\n|-damage|p1b: Farigiraf|39/100\n|faint|p1a: Meganium\n|-formechange|p2a: Aegislash|Aegislash-Blade|\n|move|p2a: Aegislash|Iron Head|p1b: Farigiraf\n|-damage|p1b: Farigiraf|0 fnt\n|faint|p1b: Farigiraf\n|\n|-weather|Sandstorm|[upkeep]\n|-damage|p2b: Sylveon|9/100|[from] Sandstorm\n|upkeep\n|\n|t:|1776124060\n|switch|p1b: Goodra|Goodra-Hisui, L50, F|100/100\n|turn|5\n|\n|t:|1776124066\n|move|p1b: Goodra|Protect|p1b: Goodra\n|-singleturn|p1b: Goodra|Protect\n|move|p2b: Sylveon|Quick Attack|p1b: Goodra\n|-activate|p1b: Goodra|move: Protect\n|move|p2a: Aegislash|Shadow Sneak|p1b: Goodra\n|-activate|p1b: Goodra|move: Protect\n|\n|-weather|none\n|upkeep\n|turn|6\n|\n|t:|1776124080\n|move|p2a: Aegislash|Shadow Sneak|p1b: Goodra\n|-crit|p1b: Goodra\n|-damage|p1b: Goodra|59/100\n|move|p2b: Sylveon|Quick Attack|p1b: Goodra\n|-damage|p1b: Goodra|46/100\n|move|p1b: Goodra|Hydro Pump|p2b: Sylveon\n|-damage|p2b: Sylveon|0 fnt\n|faint|p2b: Sylveon\n|\n|-heal|p1b: Goodra|51/100|[from] item: Leftovers\n|upkeep\n|\n|t:|1776124090\n|switch|p2b: Kangaskhan|Kangaskhan, L50, F|100/100\n|turn|7\n|\n|t:|1776124099\n|detailschange|p2b: Kangaskhan|Kangaskhan-Mega, L50, F\n|-mega|p2b: Kangaskhan|Kangaskhan|Kangaskhanite\n|move|p1b: Goodra|Protect|p1b: Goodra\n|-singleturn|p1b: Goodra|Protect\n|move|p2b: Kangaskhan|Fake Out|p1b: Goodra\n|-activate|p1b: Goodra|move: Protect\n|move|p2a: Aegislash|Shadow Sneak|p1b: Goodra\n|-activate|p1b: Goodra|move: Protect\n|\n|-heal|p1b: Goodra|57/100|[from] item: Leftovers\n|upkeep\n|turn|8\n|\n|t:|1776124114\n|move|p2a: Aegislash|Shadow Sneak|p1b: Goodra\n|-damage|p1b: Goodra|28/100\n|move|p1b: Goodra|Steel Beam|p2b: Kangaskhan\n|-damage|p2b: Kangaskhan|47/100\n|-damage|p1b: Goodra|0 fnt|[from] steelbeam\n|faint|p1b: Goodra\n|\n|win|Jamyrok\n|raw|loklastaji's rating: 1283 &rarr; <strong>1253</strong><br />(-30 for losing)\n|raw|Jamyrok's rating: 1216 &rarr; <strong>1246</strong><br />(+30 for winning)\n",
  "uploadtime": 1776124122,
  "views": 20,
  "formatid": "gen9championsvgc2026regma",
  "rating": 1246,
  "private": 0,
  "password": null
}