{
  "id": "gen9championsvgc2026regma-2589404169",
  "format": "[Gen 9 Champions] VGC 2026 Reg M-A",
  "players": [
    "MonkeyKoko",
    "PennPenn6813"
  ],
  "log": "|j|\u2606MonkeyKoko\n|j|\u2606PennPenn6813\n|t:|1776720181\n|gametype|doubles\n|player|p1|MonkeyKoko|red|1107\n|player|p2|PennPenn6813|pokemaniac|1155\n|gen|9\n|tier|[Gen 9 Champions] VGC 2026 Reg M-A\n|rated|\n|rule|Species Clause: Limit one of each Pok\u00e9mon\n|rule|Item Clause: Limit 1 of each item\n|clearpoke\n|poke|p1|Charizard, L50, F, shiny|\n|poke|p1|Venusaur, L50, M, shiny|\n|poke|p1|Garchomp, L50, M|\n|poke|p1|Whimsicott, L50, M|\n|poke|p1|Torkoal, L50, M|\n|poke|p1|Rotom-Wash, L50|\n|poke|p2|Scizor, L50, F|\n|poke|p2|Whimsicott, L50, F|\n|poke|p2|Milotic, L50, M|\n|poke|p2|Incineroar, L50, F|\n|poke|p2|Garchomp, L50, M|\n|poke|p2|Maushold-Four, L50|\n|teampreview|4\n|\n|t:|1776720217\n|teamsize|p1|4\n|teamsize|p2|4\n|start\n|switch|p1a: Charizard|Charizard, L50, F, shiny|100/100\n|switch|p1b: Whimsicott|Whimsicott, L50, M|100/100\n|switch|p2a: Whimsicott|Whimsicott, L50, F|100/100\n|switch|p2b: Incineroar|Incineroar, L50, F|100/100\n|-ability|p2b: Incineroar|Intimidate|boost\n|-unboost|p1a: Charizard|atk|1\n|-unboost|p1b: Whimsicott|atk|1\n|turn|1\n|\n|t:|1776720235\n|detailschange|p1a: Charizard|Charizard-Mega-Y, L50, F, shiny\n|-mega|p1a: Charizard|Charizard|Charizardite Y\n|-weather|SunnyDay|[from] ability: Drought|[of] p1a: Charizard\n|move|p2b: Incineroar|Fake Out|p1b: Whimsicott\n|-damage|p1b: Whimsicott|84/100\n|move|p2a: Whimsicott|Tailwind|p2a: Whimsicott\n|-sidestart|p2: PennPenn6813|move: Tailwind\n|cant|p1b: Whimsicott|flinch\n|move|p1a: Charizard|Ancient Power|p2b: Incineroar\n|-supereffective|p2b: Incineroar|1\n|-damage|p2b: Incineroar|57/100\n|\n|-weather|SunnyDay|[upkeep]\n|upkeep\n|turn|2\n|\n|t:|1776720257\n|move|p2a: Whimsicott|Encore|p1a: Charizard\n|-start|p1a: Charizard|Encore\n|move|p1b: Whimsicott|Tailwind|p1b: Whimsicott\n|-sidestart|p1: MonkeyKoko|move: Tailwind\n|move|p1a: Charizard|Ancient Power|p2b: Incineroar\n|-supereffective|p2b: Incineroar|1\n|-damage|p2b: Incineroar|18/100\n|-enditem|p2b: Incineroar|Sitrus Berry|[eat]\n|-heal|p2b: Incineroar|43/100|[from] item: Sitrus Berry\n|move|p2b: Incineroar|Flare Blitz|p1b: Whimsicott\n|-supereffective|p1b: Whimsicott|1\n|-damage|p1b: Whimsicott|0 fnt\n|faint|p1b: Whimsicott\n|-damage|p2b: Incineroar|20/100|[from] Recoil\n|\n|-weather|SunnyDay|[upkeep]\n|upkeep\n|\n|t:|1776720271\n|switch|p1b: Toise|Torkoal, L50, M|100/100\n|turn|3\n|\n|t:|1776720284\n|move|p1a: Charizard|Ancient Power|p2b: Incineroar\n|-supereffective|p2b: Incineroar|1\n|-damage|p2b: Incineroar|0 fnt\n|faint|p2b: Incineroar\n|move|p2a: Whimsicott|Moonblast|p1b: Toise\n|-resisted|p1b: Toise|1\n|-damage|p1b: Toise|82/100\n|move|p1b: Toise|Eruption|p2a: Whimsicott\n|-supereffective|p2a: Whimsicott|1\n|-damage|p2a: Whimsicott|0 fnt\n|faint|p2a: Whimsicott\n|\n|-weather|SunnyDay|[upkeep]\n|upkeep\n|\n|t:|1776720293\n|switch|p2a: Scizor|Scizor, L50, F|100/100\n|switch|p2b: Maushold|Maushold-Four, L50|100/100\n|turn|4\n|l|\u2606PennPenn6813\n|player|p2|\n|j|\u2606PennPenn6813\n|player|p2|PennPenn6813|pokemaniac|\n|\n|t:|1776720337\n|switch|p1b: Garchomp|Garchomp, L50, M|100/100\n|detailschange|p2a: Scizor|Scizor-Mega, L50, F\n|-mega|p2a: Scizor|Scizor|Scizorite\n|move|p2a: Scizor|Protect|p2a: Scizor\n|-singleturn|p2a: Scizor|Protect\n|move|p2b: Maushold|Population Bomb|p1b: Garchomp\n|-damage|p1b: Garchomp|88/100\n|-damage|p2b: Maushold|89/100|[from] ability: Rough Skin|[of] p1b: Garchomp\n|-damage|p1b: Garchomp|78/100\n|-damage|p2b: Maushold|77/100|[from] ability: Rough Skin|[of] p1b: Garchomp\n|-damage|p1b: Garchomp|68/100\n|-damage|p2b: Maushold|65/100|[from] ability: Rough Skin|[of] p1b: Garchomp\n|-damage|p1b: Garchomp|56/100\n|-damage|p2b: Maushold|53/100|[from] ability: Rough Skin|[of] p1b: Garchomp\n|-damage|p1b: Garchomp|46/100\n|-damage|p2b: Maushold|41/100|[from] ability: Rough Skin|[of] p1b: Garchomp\n|-damage|p1b: Garchomp|35/100\n|-damage|p2b: Maushold|29/100|[from] ability: Rough Skin|[of] p1b: Garchomp\n|-damage|p1b: Garchomp|24/100\n|-damage|p2b: Maushold|17/100|[from] ability: Rough Skin|[of] p1b: Garchomp\n|-damage|p1b: Garchomp|13/100\n|-damage|p2b: Maushold|5/100|[from] ability: Rough Skin|[of] p1b: Garchomp\n|-damage|p1b: Garchomp|1/100\n|-damage|p2b: Maushold|0 fnt|[from] ability: Rough Skin|[of] p1b: Garchomp\n|faint|p2b: Maushold\n|-hitcount|p1b: Garchomp|9\n|move|p1a: Charizard|Ancient Power|p2a: Scizor\n|-activate|p2a: Scizor|move: Protect\n|\n|-weather|SunnyDay|[upkeep]\n|-end|p1a: Charizard|Encore\n|-sideend|p2: PennPenn6813|move: Tailwind\n|upkeep\n|turn|5\n|\n|t:|1776720370\n|move|p2a: Scizor|Bullet Punch|p1b: Garchomp\n|-damage|p1b: Garchomp|0 fnt\n|-damage|p2a: Scizor|88/100|[from] ability: Rough Skin|[of] p1b: Garchomp\n|faint|p1b: Garchomp\n|move|p1a: Charizard|Heat Wave|p2a: Scizor\n|-supereffective|p2a: Scizor|2\n|-damage|p2a: Scizor|0 fnt\n|faint|p2a: Scizor\n|\n|win|MonkeyKoko\n|raw|MonkeyKoko's rating: 1107 &rarr; <strong>1135</strong><br />(+28 for winning)\n|raw|PennPenn6813's rating: 1155 &rarr; <strong>1127</strong><br />(-28 for losing)\n",
  "uploadtime": 1776720373,
  "views": 11,
  "formatid": "gen9championsvgc2026regma",
  "rating": 1127,
  "private": 0,
  "password": null
}