{
  "id": "gen9championsvgc2026regma-2586161561",
  "format": "[Gen 9 Champions] VGC 2026 Reg M-A",
  "players": [
    "lukelby",
    "Phillip Blevin"
  ],
  "log": "|j|\u2606lukelby\n|j|\u2606Phillip Blevin\n|t:|1776406826\n|gametype|doubles\n|player|p1|lukelby|hiker-gen4|1191\n|player|p2|Phillip Blevin|cynthia-masters4|1271\n|gen|9\n|tier|[Gen 9 Champions] VGC 2026 Reg M-A\n|rated|\n|rule|Species Clause: Limit one of each Pok\u00e9mon\n|rule|Item Clause: Limit 1 of each item\n|clearpoke\n|poke|p1|Ninetales-Alola, L50, F|\n|poke|p1|Crabominable, L50, F|\n|poke|p1|Incineroar, L50, M|\n|poke|p1|Farigiraf, L50, M|\n|poke|p1|Glimmora, L50, F|\n|poke|p1|Sinistcha, L50|\n|poke|p2|Froslass, L50, F|\n|poke|p2|Corviknight, L50, F|\n|poke|p2|Arcanine-Hisui, L50, F|\n|poke|p2|Rotom-Wash, L50|\n|poke|p2|Sneasler, L50, F|\n|poke|p2|Kommo-o, L50, F|\n|teampreview|4\n|inactive|Battle timer is ON: inactive players will automatically lose when time's up. (requested by Phillip Blevin)\nPhillip Blevin has agreed to open team sheets.\n|inactive|Phillip Blevin has 60 seconds left.\n|\n|t:|1776406866\n|teamsize|p1|4\n|teamsize|p2|4\n|start\n|switch|p1a: miinnie|Ninetales-Alola, L50, F|100/100\n|switch|p1b: Broly|Crabominable, L50, F|100/100\n|switch|p2a: Corviknight|Corviknight, L50, F|100/100\n|switch|p2b: Rotom|Rotom-Wash, L50|100/100\n|-weather|Snowscape|[from] ability: Snow Warning|[of] p1a: miinnie\n|turn|1\n|inactive|lukelby has 30 seconds left.\n|\n|t:|1776406897\n|switch|p1b: blobl|Sinistcha, L50|100/100\n|move|p2b: Rotom|Volt Switch|p1a: miinnie\n|-crit|p1a: miinnie\n|-damage|p1a: miinnie|60/100\n|\n|t:|1776406901\n|switch|p2b: Arcanine|Arcanine-Hisui, L50, F|100/100|[from] Volt Switch\n|-ability|p2b: Arcanine|Intimidate|boost\n|-unboost|p1a: miinnie|atk|1\n|-unboost|p1b: blobl|atk|1\n|move|p1a: miinnie|Aurora Veil|p1a: miinnie\n|-sidestart|p1: lukelby|move: Aurora Veil\n|move|p2a: Corviknight|Bulk Up|p2a: Corviknight\n|-boost|p2a: Corviknight|atk|1\n|-boost|p2a: Corviknight|def|1\n|\n|-weather|Snowscape|[upkeep]\n|upkeep\n|turn|2\n|\n|t:|1776406917\n|move|p1a: miinnie|Blizzard|p2b: Arcanine|[spread] p2a,p2b\n|-resisted|p2b: Arcanine|1\n|-damage|p2a: Corviknight|79/100\n|-damage|p2b: Arcanine|85/100\n|-status|p2b: Arcanine|frz\n|-curestatus|p2b: Arcanine|frz|[from] move: Flare Blitz\n|move|p2b: Arcanine|Flare Blitz|p1a: miinnie\n|-supereffective|p1a: miinnie|1\n|-damage|p1a: miinnie|0 fnt\n|faint|p1a: miinnie\n|-damage|p2b: Arcanine|64/100|[from] Recoil\n|move|p2a: Corviknight|Bulk Up|p2a: Corviknight\n|-boost|p2a: Corviknight|atk|1\n|-boost|p2a: Corviknight|def|1\n|move|p1b: blobl|Trick Room|p1b: blobl\n|-fieldstart|move: Trick Room|[of] p1b: blobl\n|\n|-weather|Snowscape|[upkeep]\n|-heal|p2a: Corviknight|84/100|[from] item: Leftovers\n|upkeep\n|\n|t:|1776406930\n|switch|p1a: Farigiraf|Farigiraf, L50, M|100/100\n|turn|3\n|\n|t:|1776406935\n|switch|p1b: Broly|Crabominable, L50, F|100/100\n|switch|p2b: Rotom|Rotom-Wash, L50|100/100\n|move|p1a: Farigiraf|Thunderbolt|p2a: Corviknight\n|-supereffective|p2a: Corviknight|1\n|-damage|p2a: Corviknight|42/100\n|move|p2a: Corviknight|Brave Bird|p1b: Broly\n|-supereffective|p1b: Broly|1\n|-damage|p1b: Broly|32/100\n|-damage|p2a: Corviknight|20/100|[from] Recoil\n|\n|-weather|Snowscape|[upkeep]\n|-heal|p2a: Corviknight|26/100|[from] item: Leftovers\n|upkeep\n|turn|4\n|\n|t:|1776406959\n|detailschange|p1b: Broly|Crabominable-Mega, L50, F\n|-mega|p1b: Broly|Crabominable|Crabominite\n|move|p1b: Broly|Drain Punch|p2b: Rotom\n|-damage|p2b: Rotom|34/100\n|-heal|p1b: Broly|58/100|[from] drain|[of] p2b: Rotom\n|move|p1a: Farigiraf|Thunderbolt|p2a: Corviknight\n|-supereffective|p2a: Corviknight|1\n|-damage|p2a: Corviknight|0 fnt\n|faint|p2a: Corviknight\n|move|p2b: Rotom|Trick|p1a: Farigiraf\n|-activate|p2b: Rotom|move: Trick|[of] p1a: Farigiraf\n|-item|p1a: Farigiraf|Choice Scarf|[from] move: Trick\n|-item|p2b: Rotom|Sitrus Berry|[from] move: Trick\n|-enditem|p2b: Rotom|Sitrus Berry|[eat]\n|-heal|p2b: Rotom|58/100|[from] item: Sitrus Berry\n|\n|-weather|Snowscape|[upkeep]\n|upkeep\n|\n|t:|1776406974\n|switch|p2a: Arcanine|Arcanine-Hisui, L50, F|64/100\n|-ability|p2a: Arcanine|Intimidate|boost\n|-unboost|p1a: Farigiraf|atk|1\n|-unboost|p1b: Broly|atk|1\n|turn|5\n|\n|t:|1776406998\n|switch|p1a: blobl|Sinistcha, L50|100/100\n|-heal|p1b: Broly|83/100|[from] ability: Hospitality|[of] p1a: blobl\n|move|p2a: Arcanine|Protect|p2a: Arcanine\n|-singleturn|p2a: Arcanine|Protect\n|move|p1b: Broly|Drain Punch|p2a: Arcanine\n|-activate|p2a: Arcanine|move: Protect\n|move|p2b: Rotom|Volt Switch|p1b: Broly\n|-damage|p1b: Broly|68/100\n|\n|t:|1776407004\n|switch|p2b: Sneasler|Sneasler, L50, F|100/100|[from] Volt Switch\n|\n|-weather|none\n|-sideend|p1: lukelby|move: Aurora Veil\n|upkeep\n|turn|6\n|\n|t:|1776407027\n|switch|p1a: Farigiraf|Farigiraf, L50, M|100/100\n|switch|p2a: Rotom|Rotom-Wash, L50|58/100\n|move|p1b: Broly|Drain Punch|p2a: Rotom\n|-damage|p2a: Rotom|16/100\n|-heal|p1b: Broly|85/100|[from] drain|[of] p2a: Rotom\n|move|p2b: Sneasler|Close Combat|p1b: Broly\n|-supereffective|p1b: Broly|1\n|-damage|p1b: Broly|0 fnt\n|-unboost|p2b: Sneasler|def|1\n|-unboost|p2b: Sneasler|spd|1\n|faint|p1b: Broly\n|\n|-fieldend|move: Trick Room\n|upkeep\n|\n|t:|1776407038\n|switch|p1b: blobl|Sinistcha, L50|100/100\n|turn|7\n|\n|t:|1776407050\n|move|p2b: Sneasler|Dire Claw|p1b: blobl\n|-damage|p1b: blobl|67/100\n|-status|p1b: blobl|psn|[from] ability: Poison Touch|[of] p2b: Sneasler\n|move|p2a: Rotom|Trick|p1b: blobl\n|-activate|p2a: Rotom|move: Trick|[of] p1b: blobl\n|-enditem|p1b: blobl|Leftovers|[silent]|[from] move: Trick\n|-item|p2a: Rotom|Leftovers|[from] move: Trick\n|move|p1a: Farigiraf|Psychic Noise|p2b: Sneasler\n|-supereffective|p2b: Sneasler|2\n|-enditem|p2b: Sneasler|Focus Sash\n|-damage|p2b: Sneasler|1/100\n|-start|p2b: Sneasler|move: Heal Block\n|move|p1b: blobl|Matcha Gotcha|p2a: Rotom|[spread] p2a\n|-miss|p1b: blobl|p2b: Sneasler\n|-supereffective|p2a: Rotom|1\n|-damage|p2a: Rotom|0 fnt\n|-heal|p1b: blobl|74/100 psn|[from] drain|[of] p2a: Rotom\n|faint|p2a: Rotom\n|\n|-damage|p1b: blobl|61/100 psn|[from] psn\n|upkeep\n|\n|t:|1776407062\n|switch|p2a: Arcanine|Arcanine-Hisui, L50, F|64/100\n|-ability|p2a: Arcanine|Intimidate|boost\n|-unboost|p1a: Farigiraf|atk|1\n|-unboost|p1b: blobl|atk|1\n|turn|8\n|\n|t:|1776407080\n|move|p2b: Sneasler|Close Combat|p1a: Farigiraf\n|-damage|p1a: Farigiraf|38/100\n|-unboost|p2b: Sneasler|def|1\n|-unboost|p2b: Sneasler|spd|1\n|-status|p1a: Farigiraf|psn|[from] ability: Poison Touch|[of] p2b: Sneasler\n|move|p2a: Arcanine|Flare Blitz|p1a: Farigiraf\n|-damage|p1a: Farigiraf|0 fnt\n|faint|p1a: Farigiraf\n|-damage|p2a: Arcanine|48/100|[from] Recoil\n|move|p1b: blobl|Matcha Gotcha|p2a: Arcanine|[spread] p2a,p2b\n|-resisted|p2b: Sneasler|1\n|-damage|p2a: Arcanine|10/100\n|-heal|p1b: blobl|79/100 psn|[from] drain|[of] p2a: Arcanine\n|-damage|p2b: Sneasler|0 fnt\n|-heal|p1b: blobl|80/100 psn|[from] drain|[of] p2b: Sneasler\n|faint|p2b: Sneasler\n|\n|-damage|p1b: blobl|67/100 psn|[from] psn\n|upkeep\n|turn|9\n|\n|t:|1776407090\n|move|p2a: Arcanine|Flare Blitz|p1b: blobl\n|-supereffective|p1b: blobl|1\n|-damage|p1b: blobl|0 fnt\n|faint|p1b: blobl\n|-damage|p2a: Arcanine|0 fnt|[from] Recoil\n|faint|p2a: Arcanine\n|\n|win|Phillip Blevin\n|raw|lukelby's rating: 1191 &rarr; <strong>1172</strong><br />(-19 for losing)\n|raw|Phillip Blevin's rating: 1271 &rarr; <strong>1290</strong><br />(+19 for winning)\n",
  "uploadtime": 1776407090,
  "views": 19,
  "formatid": "gen9championsvgc2026regma",
  "rating": 1172,
  "private": 0,
  "password": null
}