{
  "id": "gen9championsvgc2026regma-2585249947",
  "format": "[Gen 9 Champions] VGC 2026 Reg M-A",
  "players": [
    "NoxxinVGC",
    "NathanaelW19"
  ],
  "log": "|j|\u2606NoxxinVGC\n|j|\u2606NathanaelW19\n|t:|1776329919\n|gametype|doubles\n|player|p1|NoxxinVGC|giovanni|1144\n|player|p2|NathanaelW19|dragontamer|1188\n|gen|9\n|tier|[Gen 9 Champions] VGC 2026 Reg M-A\n|rated|\n|rule|Species Clause: Limit one of each Pok\u00e9mon\n|rule|Item Clause: Limit 1 of each item\n|clearpoke\n|poke|p1|Delphox, L50, M|\n|poke|p1|Basculegion, L50, M|\n|poke|p1|Clefable, L50, F|\n|poke|p1|Kingambit, L50, M|\n|poke|p1|Dragonite, L50, M|\n|poke|p1|Sneasler, L50, F|\n|poke|p2|Basculegion, L50, M|\n|poke|p2|Lucario, L50, F|\n|poke|p2|Arcanine-Hisui, L50, M|\n|poke|p2|Dragonite, L50, F|\n|poke|p2|Gardevoir, L50, M|\n|poke|p2|Glimmora, L50, F|\n|teampreview|4\n|inactive|Battle timer is ON: inactive players will automatically lose when time's up. (requested by NathanaelW19)\n|inactive|NoxxinVGC also wants the timer to be on.\n|inactive|NoxxinVGC has 60 seconds left.\nNoxxinVGC rejected open team sheets.\n|\n|t:|1776329974\n|teamsize|p1|4\n|teamsize|p2|4\n|start\n|switch|p1a: Sneasler|Sneasler, L50, F|100/100\n|switch|p1b: Basculegion|Basculegion, L50, M|100/100\n|switch|p2a: Lucario|Lucario, L50, F, shiny|100/100\n|switch|p2b: Dragonite|Dragonite, L50, F, shiny|100/100\n|turn|1\n|\n|t:|1776329995\n|move|p1a: Sneasler|Fake Out|p2b: Dragonite\n|-damage|p2b: Dragonite|89/100\n|move|p2a: Lucario|Psychic|p1a: Sneasler\n|-supereffective|p1a: Sneasler|2\n|-crit|p1a: Sneasler\n|-enditem|p1a: Sneasler|Focus Sash\n|-damage|p1a: Sneasler|1/100\n|move|p1b: Basculegion|Icy Wind|p2a: Lucario|[spread] p2a,p2b\n|-resisted|p2a: Lucario|1\n|-supereffective|p2b: Dragonite|2\n|-damage|p2a: Lucario|96/100\n|-damage|p2b: Dragonite|63/100\n|-unboost|p2a: Lucario|spe|1\n|-unboost|p2b: Dragonite|spe|1\n|move|p2b: Dragonite|Tailwind|p2b: Dragonite\n|-sidestart|p2: NathanaelW19|move: Tailwind\n|\n|upkeep\n|turn|2\n|\n|t:|1776330011\n|switch|p2a: Arcanine|Arcanine-Hisui, L50, M, shiny|100/100\n|-ability|p2a: Arcanine|Intimidate|boost\n|-unboost|p1a: Sneasler|atk|1\n|-unboost|p1b: Basculegion|atk|1\n|move|p2b: Dragonite|Extreme Speed|p1a: Sneasler\n|-damage|p1a: Sneasler|0 fnt\n|faint|p1a: Sneasler\n|move|p1b: Basculegion|Icy Wind|p2b: Dragonite|[spread] p2a,p2b\n|-resisted|p2a: Arcanine|1\n|-supereffective|p2b: Dragonite|2\n|-damage|p2a: Arcanine|97/100\n|-damage|p2b: Dragonite|35/100\n|-unboost|p2a: Arcanine|spe|1\n|-unboost|p2b: Dragonite|spe|1\n|\n|upkeep\n|\n|t:|1776330030\n|switch|p1a: Delphox|Delphox, L50, M, shiny|100/100\n|turn|3\n|\n|t:|1776330040\n|detailschange|p1a: Delphox|Delphox-Mega, L50, M, shiny\n|-mega|p1a: Delphox|Delphox|Delphoxite\n|move|p2b: Dragonite|Extreme Speed|p1a: Delphox\n|-damage|p1a: Delphox|65/100\n|move|p1a: Delphox|Calm Mind|p1a: Delphox\n|-boost|p1a: Delphox|spa|1\n|-boost|p1a: Delphox|spd|1\n|move|p1b: Basculegion|Icy Wind|p2a: Arcanine|[spread] p2a,p2b\n|-resisted|p2a: Arcanine|1\n|-supereffective|p2b: Dragonite|2\n|-damage|p2a: Arcanine|93/100\n|-damage|p2b: Dragonite|11/100\n|-unboost|p2a: Arcanine|spe|1\n|-unboost|p2b: Dragonite|spe|1\n|move|p2a: Arcanine|Rock Slide|p1a: Delphox|[spread] p1a,p1b\n|-supereffective|p1a: Delphox|1\n|-damage|p1a: Delphox|0 fnt\n|-damage|p1b: Basculegion|65/100\n|faint|p1a: Delphox\n|\n|upkeep\n|\n|t:|1776330055\n|switch|p1a: Clefable|Clefable, L50, F|100/100\n|turn|4\n|\n|t:|1776330064\n|move|p2b: Dragonite|Extreme Speed|p1a: Clefable\n|-damage|p1a: Clefable|82/100\n|move|p1b: Basculegion|Icy Wind|p2b: Dragonite|[spread] p2a,p2b\n|-resisted|p2a: Arcanine|1\n|-supereffective|p2b: Dragonite|2\n|-damage|p2a: Arcanine|89/100\n|-damage|p2b: Dragonite|0 fnt\n|-unboost|p2a: Arcanine|spe|1\n|faint|p2b: Dragonite\n|move|p2a: Arcanine|Flare Blitz|p1a: Clefable\n|-damage|p1a: Clefable|30/100\n|-enditem|p1a: Clefable|Sitrus Berry|[eat]\n|-heal|p1a: Clefable|54/100|[from] item: Sitrus Berry\n|-damage|p2a: Arcanine|69/100|[from] Recoil\n|move|p1a: Clefable|Moonblast|p2a: Arcanine\n|-resisted|p2a: Arcanine|1\n|-damage|p2a: Arcanine|51/100\n|\n|-sideend|p2: NathanaelW19|move: Tailwind\n|upkeep\n|\n|t:|1776330081\n|switch|p2b: Lucario|Lucario, L50, F, shiny|96/100\n|turn|5\n|\n|t:|1776330087\n|move|p2b: Lucario|Flash Cannon|p1a: Clefable\n|-supereffective|p1a: Clefable|1\n|-damage|p1a: Clefable|0 fnt\n|faint|p1a: Clefable\n|move|p1b: Basculegion|Icy Wind|p2b: Lucario|[spread] p2a,p2b\n|-resisted|p2a: Arcanine|1\n|-resisted|p2b: Lucario|1\n|-damage|p2a: Arcanine|47/100\n|-damage|p2b: Lucario|91/100\n|-unboost|p2a: Arcanine|spe|1\n|-unboost|p2b: Lucario|spe|1\n|move|p2a: Arcanine|Rock Slide|p1b: Basculegion\n|-damage|p1b: Basculegion|16/100\n|\n|upkeep\n|turn|6\n|-message|NoxxinVGC forfeited.\n|\n|win|NathanaelW19\n|raw|NoxxinVGC's rating: 1144 &rarr; <strong>1122</strong><br />(-22 for losing)\n|raw|NathanaelW19's rating: 1188 &rarr; <strong>1210</strong><br />(+22 for winning)\n|l|\u2606NoxxinVGC\n|player|p1|\n",
  "uploadtime": 1776330090,
  "views": 20,
  "formatid": "gen9championsvgc2026regma",
  "rating": 1122,
  "private": 0,
  "password": null
}