{
  "id": "gen9championsvgc2026regma-2588607337",
  "format": "[Gen 9 Champions] VGC 2026 Reg M-A",
  "players": [
    "jerry8mycheese",
    "ArgenPolmerica"
  ],
  "log": "|j|\u2606jerry8mycheese\n|j|\u2606ArgenPolmerica\n|t:|1776649576\n|gametype|doubles\n|player|p1|jerry8mycheese|102|\n|player|p2|ArgenPolmerica|265|\n|gen|9\n|tier|[Gen 9 Champions] VGC 2026 Reg M-A\n|rule|Species Clause: Limit one of each Pok\u00e9mon\n|rule|Item Clause: Limit 1 of each item\n|clearpoke\n|poke|p1|Dragonite, L50, M, shiny|\n|poke|p1|Pelipper, L50, F|\n|poke|p1|Archaludon, L50, F|\n|poke|p1|Basculegion, L50, M|\n|poke|p1|Sneasler, L50, F|\n|poke|p1|Rotom-Heat, L50|\n|poke|p2|Blastoise, L50, M|\n|poke|p2|Pelipper, L50, M|\n|poke|p2|Archaludon, L50, M|\n|poke|p2|Rampardos, L50, M|\n|poke|p2|Dragapult, L50, M|\n|poke|p2|Basculegion, L50, M|\n|teampreview|4\n|inactive|Battle timer is ON: inactive players will automatically lose when time's up. (requested by jerry8mycheese)\n|\n|t:|1776649604\n|teamsize|p1|4\n|teamsize|p2|4\n|start\n|switch|p1a: Archaludon|Archaludon, L50, F|100/100\n|switch|p1b: Rotom|Rotom-Heat, L50|100/100\n|switch|p2a: Pelipper|Pelipper, L50, M|100/100\n|switch|p2b: Blastoise|Blastoise, L50, M|100/100\n|-weather|RainDance|[from] ability: Drizzle|[of] p2a: Pelipper\n|turn|1\n|\n|t:|1776649622\n|switch|p2a: Archaludon|Archaludon, L50, M|100/100\n|detailschange|p2b: Blastoise|Blastoise-Mega, L50, M\n|-mega|p2b: Blastoise|Blastoise|Blastoisinite\n|move|p1b: Rotom|Volt Switch|p2b: Blastoise\n|-supereffective|p2b: Blastoise|1\n|-damage|p2b: Blastoise|29/100\n|\n|t:|1776649632\n|switch|p1b: Pelipper|Pelipper, L50, F|100/100|[from] Volt Switch\n|move|p2b: Blastoise|Shell Smash|p2b: Blastoise\n|-unboost|p2b: Blastoise|def|1\n|-unboost|p2b: Blastoise|spd|1\n|-boost|p2b: Blastoise|atk|2\n|-boost|p2b: Blastoise|spa|2\n|-boost|p2b: Blastoise|spe|2\n|move|p1a: Archaludon|Electro Shot||[still]\n|-prepare|p1a: Archaludon|Electro Shot\n|-boost|p1a: Archaludon|spa|1\n|-anim|p1a: Archaludon|Electro Shot|p2b: Blastoise\n|-supereffective|p2b: Blastoise|1\n|-damage|p2b: Blastoise|0 fnt\n|faint|p2b: Blastoise\n|\n|-weather|RainDance|[upkeep]\n|upkeep\n|\n|t:|1776649652\n|switch|p2b: Basculegion|Basculegion, L50, M|100/100\n|turn|2\n|\n|t:|1776649668\n|move|p2b: Basculegion|Phantom Force||[still]\n|-prepare|p2b: Basculegion|Phantom Force\n|move|p1b: Pelipper|Tailwind|p1b: Pelipper\n|-sidestart|p1: jerry8mycheese|move: Tailwind\n|move|p1a: Archaludon|Dragon Pulse|p2a: Archaludon\n|-damage|p2a: Archaludon|38/100\n|-ability|p2a: Archaludon|Stamina|boost\n|-boost|p2a: Archaludon|def|1\n|move|p2a: Archaludon|Electro Shot||[still]\n|-prepare|p2a: Archaludon|Electro Shot\n|-boost|p2a: Archaludon|spa|1\n|-anim|p2a: Archaludon|Electro Shot|p1b: Pelipper\n|-supereffective|p1b: Pelipper|2\n|-enditem|p1b: Pelipper|Focus Sash\n|-damage|p1b: Pelipper|1/100\n|\n|-weather|RainDance|[upkeep]\n|upkeep\n|turn|3\n|\n|t:|1776649684\n|move|p1b: Pelipper|Protect|p1b: Pelipper\n|-singleturn|p1b: Pelipper|Protect\n|move|p2b: Basculegion|Phantom Force|p1a: Archaludon|[from] lockedmove\n|-damage|p1a: Archaludon|70/100\n|-ability|p1a: Archaludon|Stamina|boost\n|-boost|p1a: Archaludon|def|1\n|move|p1a: Archaludon|Dragon Pulse|p2a: Archaludon\n|-damage|p2a: Archaludon|0 fnt\n|faint|p2a: Archaludon\n|\n|-weather|RainDance|[upkeep]\n|-heal|p1a: Archaludon|76/100|[from] item: Leftovers\n|upkeep\n|\n|t:|1776649692\n|switch|p2a: Pelipper|Pelipper, L50, M|100/100\n|turn|4\n|\n|t:|1776649721\n|move|p2b: Basculegion|Aqua Jet|p1b: Pelipper\n|-resisted|p1b: Pelipper|1\n|-damage|p1b: Pelipper|0 fnt\n|faint|p1b: Pelipper\n|move|p1a: Archaludon|Electro Shot||[still]\n|-prepare|p1a: Archaludon|Electro Shot\n|-boost|p1a: Archaludon|spa|1\n|-anim|p1a: Archaludon|Electro Shot|p2a: Pelipper\n|-supereffective|p2a: Pelipper|2\n|-damage|p2a: Pelipper|0 fnt\n|faint|p2a: Pelipper\n|\n|-weather|RainDance|[upkeep]\n|-heal|p1a: Archaludon|82/100|[from] item: Leftovers\n|upkeep\n|\n|t:|1776649729\n|switch|p1b: Basculegion|Basculegion, L50, M|100/100\n|turn|5\n|\n|t:|1776649749\n|move|p1b: Basculegion|Last Respects|p2b: Basculegion\n|-supereffective|p2b: Basculegion|1\n|-enditem|p2b: Basculegion|Focus Sash\n|-damage|p2b: Basculegion|1/100\n|move|p2b: Basculegion|Phantom Force||[still]\n|-prepare|p2b: Basculegion|Phantom Force\n|move|p1a: Archaludon|Electro Shot||[still]\n|-prepare|p1a: Archaludon|Electro Shot\n|-boost|p1a: Archaludon|spa|1\n|-anim|p1a: Archaludon|Electro Shot|p2b: Basculegion|[miss]\n|-miss|p1a: Archaludon|p2b: Basculegion\n|\n|-weather|none\n|-heal|p1a: Archaludon|88/100|[from] item: Leftovers\n|-sideend|p1: jerry8mycheese|move: Tailwind\n|upkeep\n|turn|6\n|inactive|jerry8mycheese has 30 seconds left.\n|\n|t:|1776649776\n|move|p2b: Basculegion|Phantom Force|p1b: Basculegion|[from] lockedmove\n|-supereffective|p1b: Basculegion|1\n|-damage|p1b: Basculegion|0 fnt\n|faint|p1b: Basculegion\n|move|p1a: Archaludon|Dragon Pulse|p2b: Basculegion\n|-damage|p2b: Basculegion|0 fnt\n|faint|p2b: Basculegion\n|\n|win|jerry8mycheese\n",
  "uploadtime": 1776649780,
  "views": 14,
  "formatid": "gen9championsvgc2026regma",
  "rating": null,
  "private": 0,
  "password": null
}