{
  "id": "gen9championsvgc2026regma-2586610522",
  "format": "[Gen 9 Champions] VGC 2026 Reg M-A",
  "players": [
    "isthis6thgood",
    "Mask4M"
  ],
  "log": "|j|\u2606isthis6thgood\n|j|\u2606Mask4M\n|t:|1776446621\n|gametype|doubles\n|player|p1|isthis6thgood|101|1143\n|player|p2|Mask4M|265|1220\n|gen|9\n|tier|[Gen 9 Champions] VGC 2026 Reg M-A\n|rated|\n|rule|Species Clause: Limit one of each Pok\u00e9mon\n|rule|Item Clause: Limit 1 of each item\n|clearpoke\n|poke|p1|Delphox, L50, F|\n|poke|p1|Garchomp, L50, M|\n|poke|p1|Clefable, L50, M|\n|poke|p1|Sinistcha, L50|\n|poke|p1|Aerodactyl, L50, F|\n|poke|p1|Rotom-Wash, L50|\n|poke|p2|Glimmora, L50, M|\n|poke|p2|Hydreigon, L50, F|\n|poke|p2|Sneasler, L50, M|\n|poke|p2|Incineroar, L50, F|\n|poke|p2|Whimsicott, L50, M|\n|poke|p2|Rotom-Wash, L50|\n|teampreview|4\n|inactive|Battle timer is ON: inactive players will automatically lose when time's up. (requested by Mask4M)\n|inactive|isthis6thgood has 60 seconds left.\n|inactive|Mask4M has 60 seconds left.\n|\n|t:|1776446682\n|teamsize|p1|4\n|teamsize|p2|4\n|start\n|switch|p1a: Clefable|Clefable, L50, M|100/100\n|switch|p1b: Delphox|Delphox, L50, F|100/100\n|switch|p2a: Hydreigon|Hydreigon, L50, F|100/100\n|switch|p2b: Sneasler|Sneasler, L50, M|100/100\n|turn|1\n|inactive|Mask4M has 30 seconds left.\n|inactive|Mask4M has 20 seconds left.\n|inactive|Mask4M has 15 seconds left.\n|\n|t:|1776446726\n|detailschange|p1b: Delphox|Delphox-Mega, L50, F\n|-mega|p1b: Delphox|Delphox|Delphoxite\n|move|p1b: Delphox|Protect|p1b: Delphox\n|-singleturn|p1b: Delphox|Protect\n|move|p1a: Clefable|Protect|p1a: Clefable\n|-singleturn|p1a: Clefable|Protect\n|move|p2b: Sneasler|Dire Claw|p1a: Clefable\n|-activate|p1a: Clefable|move: Protect\n|move|p2a: Hydreigon|Dark Pulse|p1b: Delphox\n|-activate|p1b: Delphox|move: Protect\n|\n|upkeep\n|turn|2\n|\n|t:|1776446750\n|move|p2a: Hydreigon|Protect|p2a: Hydreigon\n|-singleturn|p2a: Hydreigon|Protect\n|move|p1a: Clefable|Follow Me|p1a: Clefable\n|-singleturn|p1a: Clefable|move: Follow Me\n|move|p1b: Delphox|Psychic|p2b: Sneasler\n|-supereffective|p2b: Sneasler|2\n|-damage|p2b: Sneasler|0 fnt\n|faint|p2b: Sneasler\n|\n|upkeep\n|\n|t:|1776446759\n|switch|p2b: Whimsicott|Whimsicott, L50, M|100/100\n|turn|3\n|\n|t:|1776446775\n|move|p1b: Delphox|Protect|p1b: Delphox\n|-singleturn|p1b: Delphox|Protect\n|move|p2b: Whimsicott|Taunt|p1a: Clefable\n|-start|p1a: Clefable|move: Taunt\n|move|p2a: Hydreigon|Dark Pulse|p1b: Delphox\n|-activate|p1b: Delphox|move: Protect\n|move|p1a: Clefable|Moonblast|p2a: Hydreigon\n|-supereffective|p2a: Hydreigon|2\n|-damage|p2a: Hydreigon|0 fnt\n|faint|p2a: Hydreigon\n|\n|upkeep\n|\n|t:|1776446786\n|switch|p2a: Glimmora|Glimmora, L50, M|100/100\n|turn|4\n|\n|t:|1776446801\n|switch|p1b: Garchomp|Garchomp, L50, M|100/100\n|detailschange|p2a: Glimmora|Glimmora-Mega, L50, M\n|-mega|p2a: Glimmora|Glimmora|Glimmoranite\n|move|p2a: Glimmora|Power Gem|p1b: Garchomp\n|-resisted|p1b: Garchomp|1\n|-damage|p1b: Garchomp|68/100\n|move|p2b: Whimsicott|Moonblast|p1b: Garchomp\n|-supereffective|p1b: Garchomp|1\n|-damage|p1b: Garchomp|0 fnt\n|faint|p1b: Garchomp\n|move|p1a: Clefable|Icy Wind|p2a: Glimmora|[spread] p2a,p2b\n|-supereffective|p2b: Whimsicott|1\n|-damage|p2a: Glimmora|90/100\n|-damage|p2b: Whimsicott|75/100\n|-unboost|p2a: Glimmora|spe|1\n|-unboost|p2b: Whimsicott|spe|1\n|\n|upkeep\n|\n|t:|1776446822\n|switch|p1b: Rotom|Rotom-Wash, L50|100/100\n|turn|5\n|\n|t:|1776446838\n|move|p2b: Whimsicott|Tailwind|p2b: Whimsicott\n|-sidestart|p2: Mask4M|move: Tailwind\n|move|p2a: Glimmora|Sludge Bomb|p1b: Rotom\n|-damage|p1b: Rotom|9/100\n|move|p1b: Rotom|Electroweb|p2a: Glimmora|[spread] p2a,p2b\n|-resisted|p2b: Whimsicott|1\n|-damage|p2a: Glimmora|67/100\n|-damage|p2b: Whimsicott|60/100\n|-unboost|p2a: Glimmora|spe|1\n|-unboost|p2b: Whimsicott|spe|1\n|move|p1a: Clefable|Icy Wind|p2a: Glimmora|[spread] p2a,p2b\n|-crit|p2a: Glimmora\n|-supereffective|p2b: Whimsicott|1\n|-damage|p2a: Glimmora|51/100\n|-damage|p2b: Whimsicott|33/100\n|-unboost|p2a: Glimmora|spe|1\n|-unboost|p2b: Whimsicott|spe|1\n|\n|-end|p1a: Clefable|move: Taunt\n|upkeep\n|turn|6\n|inactive|isthis6thgood has 30 seconds left.\n|\n|t:|1776446865\n|move|p2a: Glimmora|Spiky Shield|p2a: Glimmora\n|-singleturn|p2a: Glimmora|move: Protect\n|move|p1b: Rotom|Electroweb|p2b: Whimsicott|[spread] p2b\n|-activate|p2a: Glimmora|move: Protect\n|-resisted|p2b: Whimsicott|1\n|-damage|p2b: Whimsicott|18/100\n|-unboost|p2b: Whimsicott|spe|1\n|move|p2b: Whimsicott|Moonblast|p1b: Rotom\n|-damage|p1b: Rotom|0 fnt\n|faint|p1b: Rotom\n|move|p1a: Clefable|Moonblast|p2b: Whimsicott\n|-damage|p2b: Whimsicott|0 fnt\n|faint|p2b: Whimsicott\n|\n|upkeep\n|\n|t:|1776446880\n|switch|p1b: Delphox|Delphox-Mega, L50, F|100/100\n|turn|7\n|\n|t:|1776446886\n|move|p1a: Clefable|Follow Me|p1a: Clefable\n|-singleturn|p1a: Clefable|move: Follow Me\n|move|p1b: Delphox|Psychic|p2a: Glimmora\n|-supereffective|p2a: Glimmora|1\n|-damage|p2a: Glimmora|0 fnt\n|faint|p2a: Glimmora\n|\n|win|isthis6thgood\n|raw|isthis6thgood's rating: 1143 &rarr; <strong>1173</strong><br />(+30 for winning)\n|raw|Mask4M's rating: 1220 &rarr; <strong>1190</strong><br />(-30 for losing)\n",
  "uploadtime": 1776446897,
  "views": 34,
  "formatid": "gen9championsvgc2026regma",
  "rating": 1173,
  "private": 0,
  "password": null
}