{
  "id": "gen9championsvgc2026regma-2586194154",
  "format": "[Gen 9 Champions] VGC 2026 Reg M-A",
  "players": [
    "dune's kitchen",
    "OUKU PROKAREN"
  ],
  "log": "|j|\u2606dune's kitchen\n|j|\u2606OUKU PROKAREN\n|t:|1776410868\n|gametype|doubles\n|player|p1|dune's kitchen|baker|1223\n|player|p2|OUKU PROKAREN|266|1316\n|gen|9\n|tier|[Gen 9 Champions] VGC 2026 Reg M-A\n|rated|\n|rule|Species Clause: Limit one of each Pok\u00e9mon\n|rule|Item Clause: Limit 1 of each item\n|clearpoke\n|poke|p1|Passimian, L50, F|\n|poke|p1|Scovillain, L50, M|\n|poke|p1|Torkoal, L50, F|\n|poke|p1|Hatterene, L50, F|\n|poke|p1|Maushold, L50|\n|poke|p1|Goodra-Hisui, L50, F|\n|poke|p2|Abomasnow, L50, F|\n|poke|p2|Glaceon, L50, F|\n|poke|p2|Farigiraf, L50, F|\n|poke|p2|Dragonite, L50, F|\n|poke|p2|Milotic, L50, F|\n|poke|p2|Mamoswine, L50, F|\n|teampreview|4\n|j| ShowdownMutt\n|inactive|Battle timer is ON: inactive players will automatically lose when time's up. (requested by OUKU PROKAREN)\n|inactive|OUKU PROKAREN has 60 seconds left.\n|\n|t:|1776410911\n|teamsize|p1|4\n|teamsize|p2|4\n|start\n|switch|p1a: Passimian|Passimian, L50, F|100/100\n|switch|p1b: Scovillain|Scovillain, L50, M|100/100\n|switch|p2a: Mamoswine|Mamoswine, L50, F|100/100\n|switch|p2b: Dragonite|Dragonite, L50, F|100/100\n|turn|1\n|inactive|dune's kitchen has 30 seconds left.\n|\n|t:|1776410938\n|detailschange|p1b: Scovillain|Scovillain-Mega, L50, M\n|-mega|p1b: Scovillain|Scovillain|Scovillainite\n|move|p2a: Mamoswine|Protect|p2a: Mamoswine\n|-singleturn|p2a: Mamoswine|Protect\n|move|p1a: Passimian|Rock Slide|p2b: Dragonite|[spread] p2b\n|-activate|p2a: Mamoswine|move: Protect\n|-supereffective|p2b: Dragonite|1\n|-damage|p2b: Dragonite|85/100\n|move|p2b: Dragonite|Tailwind|p2b: Dragonite\n|-sidestart|p2: OUKU PROKAREN|move: Tailwind\n|move|p1b: Scovillain|Overheat|p2a: Mamoswine\n|-activate|p2a: Mamoswine|move: Protect\n|\n|upkeep\n|turn|2\n|inactive|OUKU PROKAREN has 30 seconds left.\n|\n|t:|1776410971\n|detailschange|p2b: Dragonite|Dragonite-Mega, L50, F\n|-mega|p2b: Dragonite|Dragonite|Dragoninite\n|move|p1b: Scovillain|Rage Powder|p1b: Scovillain\n|-singleturn|p1b: Scovillain|move: Rage Powder\n|move|p2b: Dragonite|Heat Wave|p1b: Scovillain|[spread] p1a,p1b\n|-damage|p1a: Passimian|71/100\n|-damage|p1b: Scovillain|67/100\n|-status|p2b: Dragonite|brn|[from] ability: Spicy Spray|[of] p1b: Scovillain\n|move|p2a: Mamoswine|Earthquake|p1a: Passimian|[spread] p1a,p1b\n|-immune|p2b: Dragonite\n|-damage|p1a: Passimian|26/100\n|-damage|p1b: Scovillain|14/100\n|-status|p2a: Mamoswine|brn|[from] ability: Spicy Spray|[of] p1b: Scovillain\n|move|p1a: Passimian|Bulk Up|p1a: Passimian\n|-boost|p1a: Passimian|atk|1\n|-boost|p1a: Passimian|def|1\n|\n|-damage|p2b: Dragonite|79/100 brn|[from] brn\n|-damage|p2a: Mamoswine|95/100 brn|[from] brn\n|upkeep\n|turn|3\n|inactive|dune's kitchen has 30 seconds left.\n|\n|t:|1776411002\n|move|p1a: Passimian|Protect|p1a: Passimian\n|-singleturn|p1a: Passimian|Protect\n|move|p2b: Dragonite|Heat Wave|p1a: Passimian|[spread] p1b\n|-activate|p1a: Passimian|move: Protect\n|-damage|p1b: Scovillain|0 fnt\n|faint|p1b: Scovillain\n|-ability|p1a: Passimian|Spicy Spray|Receiver|[from] ability: Receiver|[of] p1b: Scovillain\n|move|p2a: Mamoswine|Earthquake|p1a: Passimian|[spread] \n|-activate|p1a: Passimian|move: Protect\n|-immune|p2b: Dragonite\n|\n|-damage|p2b: Dragonite|73/100 brn|[from] brn\n|-damage|p2a: Mamoswine|89/100 brn|[from] brn\n|upkeep\n|\n|t:|1776411006\n|switch|p1b: Hatterene|Hatterene, L50, F|100/100\n|turn|4\n|\n|t:|1776411029\n|move|p1a: Passimian|Protect||[still]\n|-fail|p1a: Passimian\n|move|p2b: Dragonite|Dragon Pulse|p1a: Passimian\n|-damage|p1a: Passimian|0 fnt\n|faint|p1a: Passimian\n|move|p2a: Mamoswine|Earthquake|p1b: Hatterene|[spread] p1b\n|-immune|p2b: Dragonite\n|-damage|p1b: Hatterene|77/100\n|move|p1b: Hatterene|Trick Room|p1b: Hatterene\n|-fieldstart|move: Trick Room|[of] p1b: Hatterene\n|\n|-damage|p2a: Mamoswine|83/100 brn|[from] brn\n|-damage|p2b: Dragonite|67/100 brn|[from] brn\n|-sideend|p2: OUKU PROKAREN|move: Tailwind\n|upkeep\n|\n|t:|1776411032\n|switch|p1a: Torkoal|Torkoal, L50, F|100/100\n|-weather|SunnyDay|[from] ability: Drought|[of] p1a: Torkoal\n|turn|5\n|\n|t:|1776411039\n|move|p2a: Mamoswine|Protect|p2a: Mamoswine\n|-singleturn|p2a: Mamoswine|Protect\n|move|p1a: Torkoal|Eruption|p2a: Mamoswine|[spread] p2b\n|-activate|p2a: Mamoswine|move: Protect\n|-resisted|p2b: Dragonite|1\n|-damage|p2b: Dragonite|33/100 brn\n|move|p1b: Hatterene|Calm Mind|p1b: Hatterene\n|-boost|p1b: Hatterene|spa|1\n|-boost|p1b: Hatterene|spd|1\n|move|p2b: Dragonite|Dragon Pulse|p1a: Torkoal\n|-damage|p1a: Torkoal|34/100\n|\n|-weather|SunnyDay|[upkeep]\n|-damage|p2a: Mamoswine|77/100 brn|[from] brn\n|-damage|p2b: Dragonite|27/100 brn|[from] brn\n|upkeep\n|turn|6\n|\n|t:|1776411063\n|move|p1a: Torkoal|Heat Wave|p2a: Mamoswine|[spread] p2a,p2b\n|-supereffective|p2a: Mamoswine|1\n|-resisted|p2b: Dragonite|1\n|-damage|p2a: Mamoswine|0 fnt\n|-damage|p2b: Dragonite|5/100 brn\n|faint|p2a: Mamoswine\n|move|p1b: Hatterene|Calm Mind|p1b: Hatterene\n|-boost|p1b: Hatterene|spa|1\n|-boost|p1b: Hatterene|spd|1\n|move|p2b: Dragonite|Heat Wave|p1b: Hatterene|[spread] p1a,p1b\n|-resisted|p1a: Torkoal|1\n|-damage|p1a: Torkoal|6/100\n|-damage|p1b: Hatterene|53/100\n|\n|-weather|SunnyDay|[upkeep]\n|-damage|p2b: Dragonite|0 fnt|[from] brn\n|faint|p2b: Dragonite\n|upkeep\n|\n|t:|1776411071\n|switch|p2a: Abomasnow|Abomasnow, L50, F|100/100\n|switch|p2b: Farigiraf|Farigiraf, L50, F|100/100\n|-weather|Snowscape|[from] ability: Snow Warning|[of] p2a: Abomasnow\n|turn|7\n|\n|t:|1776411081\n|move|p2a: Abomasnow|Protect|p2a: Abomasnow\n|-singleturn|p2a: Abomasnow|Protect\n|move|p1a: Torkoal|Heat Wave|p2b: Farigiraf|[spread] p2b\n|-activate|p2a: Abomasnow|move: Protect\n|-damage|p2b: Farigiraf|62/100\n|move|p1b: Hatterene|Draining Kiss|p2b: Farigiraf\n|-damage|p2b: Farigiraf|0 fnt\n|-heal|p1b: Hatterene|100/100|[from] drain|[of] p2b: Farigiraf\n|faint|p2b: Farigiraf\n|\n|-weather|Snowscape|[upkeep]\n|upkeep\n|turn|8\n|\n|t:|1776411091\n|move|p1a: Torkoal|Heat Wave|p2a: Abomasnow\n|-supereffective|p2a: Abomasnow|2\n|-damage|p2a: Abomasnow|0 fnt\n|faint|p2a: Abomasnow\n|\n|win|dune's kitchen\n|raw|dune&apos;s kitchen's rating: 1223 &rarr; <strong>1255</strong><br />(+32 for winning)\n|raw|OUKU PROKAREN's rating: 1316 &rarr; <strong>1291</strong><br />(-25 for losing)\n",
  "uploadtime": 1776411095,
  "views": 45,
  "formatid": "gen9championsvgc2026regma",
  "rating": 1255,
  "private": 0,
  "password": null
}