{
  "id": "gen9championsvgc2026regma-2583328574",
  "format": "[Gen 9 Champions] VGC 2026 Reg M-A",
  "players": [
    "FRLGOD",
    "la parmiggiana"
  ],
  "log": "|j|\u2606FRLGOD\n|j|\u2606la parmiggiana\n|t:|1776167341\n|gametype|doubles\n|player|p1|FRLGOD|102|1247\n|player|p2|la parmiggiana|guitarist|1301\n|gen|9\n|tier|[Gen 9 Champions] VGC 2026 Reg M-A\n|rated|\n|rule|Species Clause: Limit one of each Pok\u00e9mon\n|rule|Item Clause: Limit 1 of each item\n|clearpoke\n|poke|p1|Basculegion, L50, M|\n|poke|p1|Delphox, L50, M|\n|poke|p1|Dragonite, L50, F|\n|poke|p1|Kingambit, L50, M|\n|poke|p1|Clefable, L50, M|\n|poke|p1|Sneasler, L50, M|\n|poke|p2|Gengar, L50, F|\n|poke|p2|Incineroar, L50, F|\n|poke|p2|Sylveon, L50, F|\n|poke|p2|Whimsicott, L50, F|\n|poke|p2|Kommo-o, L50, F|\n|poke|p2|Basculegion, L50, M|\n|teampreview|4\n|\n|t:|1776167401\n|teamsize|p1|4\n|teamsize|p2|4\n|start\n|switch|p1a: Sneasler|Sneasler, L50, M|100/100\n|switch|p1b: Delphox|Delphox, L50, M|100/100\n|switch|p2a: Gengar|Gengar, L50, F|100/100\n|switch|p2b: Kommo-o|Kommo-o, L50, F|100/100\n|-ability|p1a: Sneasler|Pressure\n|turn|1\n|\n|t:|1776167419\n|switch|p2b: Whimsicott|Whimsicott, L50, F|100/100\n|detailschange|p2a: Gengar|Gengar-Mega, L50, F\n|-mega|p2a: Gengar|Gengar|Gengarite\n|detailschange|p1b: Delphox|Delphox-Mega, L50, M\n|-mega|p1b: Delphox|Delphox|Delphoxite\n|move|p2a: Gengar|Protect|p2a: Gengar\n|-singleturn|p2a: Gengar|Protect\n|move|p1a: Sneasler|Fake Out|p2b: Whimsicott\n|-damage|p2b: Whimsicott|79/100\n|move|p1b: Delphox|Psychic|p2a: Gengar\n|-activate|p2a: Gengar|move: Protect\n|\n|upkeep\n|turn|2\n|l|\u2606la parmiggiana\n|player|p2|\n|j|\u2606la parmiggiana\n|player|p2|la parmiggiana|guitarist|\n|\n|t:|1776167478\n|move|p2b: Whimsicott|Tailwind|p2b: Whimsicott\n|-sidestart|p2: la parmiggiana|move: Tailwind\n|move|p2a: Gengar|Shadow Ball|p1b: Delphox\n|-supereffective|p1b: Delphox|1\n|-damage|p1b: Delphox|10/100\n|move|p1b: Delphox|Psychic|p2a: Gengar\n|-supereffective|p2a: Gengar|1\n|-damage|p2a: Gengar|0 fnt\n|faint|p2a: Gengar\n|move|p1a: Sneasler|Dire Claw|p2b: Whimsicott\n|-supereffective|p2b: Whimsicott|2\n|-damage|p2b: Whimsicott|0 fnt\n|faint|p2b: Whimsicott\n|\n|upkeep\n|\n|t:|1776167483\n|switch|p2a: Basculegion|Basculegion, L50, M|100/100\n|switch|p2b: Kommo-o|Kommo-o, L50, F|100/100\n|turn|3\n|l|\u2606FRLGOD\n|player|p1|\n|j|\u2606FRLGOD\n|player|p1|FRLGOD|102|\n|inactive|Battle timer is ON: inactive players will automatically lose when time's up. (requested by la parmiggiana)\n|\n|t:|1776167554\n|move|p2a: Basculegion|Last Respects|p1b: Delphox\n|-supereffective|p1b: Delphox|1\n|-crit|p1b: Delphox\n|-damage|p1b: Delphox|0 fnt\n|faint|p1b: Delphox\n|move|p2b: Kommo-o|Iron Defense|p2b: Kommo-o\n|-boost|p2b: Kommo-o|def|2\n|move|p1a: Sneasler|Close Combat|p2b: Kommo-o\n|-damage|p2b: Kommo-o|71/100\n|-unboost|p1a: Sneasler|def|1\n|-unboost|p1a: Sneasler|spd|1\n|\n|-heal|p2b: Kommo-o|77/100|[from] item: Leftovers\n|upkeep\n|\n|t:|1776167571\n|switch|p1b: Basculegion|Basculegion, L50, M|100/100\n|turn|4\n|\n|t:|1776167593\n|move|p2a: Basculegion|Last Respects|p1b: Basculegion\n|-supereffective|p1b: Basculegion|1\n|-damage|p1b: Basculegion|0 fnt\n|faint|p1b: Basculegion\n|move|p2b: Kommo-o|Body Press|p1a: Sneasler\n|-resisted|p1a: Sneasler|1\n|-damage|p1a: Sneasler|6/100\n|move|p1a: Sneasler|Dire Claw|p2a: Basculegion\n|-resisted|p2a: Basculegion|1\n|-crit|p2a: Basculegion\n|-damage|p2a: Basculegion|58/100\n|\n|-heal|p2b: Kommo-o|82/100|[from] item: Leftovers\n|upkeep\n|\n|t:|1776167607\n|switch|p1b: Clefable|Clefable, L50, M|100/100\n|turn|5\n|\n|t:|1776167625\n|move|p2a: Basculegion|Last Respects|p1b: Clefable\n|-damage|p1b: Clefable|0 fnt\n|faint|p1b: Clefable\n|move|p2b: Kommo-o|Flamethrower|p1a: Sneasler\n|-damage|p1a: Sneasler|0 fnt\n|faint|p1a: Sneasler\n|\n|win|la parmiggiana\n|raw|FRLGOD's rating: 1247 &rarr; <strong>1226</strong><br />(-21 for losing)\n|raw|la parmiggiana's rating: 1301 &rarr; <strong>1318</strong><br />(+17 for winning)\n|l|\u2606FRLGOD\n|player|p1|\n",
  "uploadtime": 1776167661,
  "views": 27,
  "formatid": "gen9championsvgc2026regma",
  "rating": 1226,
  "private": 0,
  "password": null
}