{
  "id": "gen9championsvgc2026regma-2580909604",
  "format": "[Gen 9 Champions] VGC 2026 Reg M-A",
  "players": [
    "ReeledRaptor",
    "OrugaVeluga"
  ],
  "log": "|j|\u2606ReeledRaptor\n|j|\u2606OrugaVeluga\n|t:|1775942511\n|gametype|doubles\n|player|p1|ReeledRaptor|rosa|1000\n|player|p2|OrugaVeluga|265|1017\n|gen|9\n|tier|[Gen 9 Champions] VGC 2026 Reg M-A\n|rated|\n|rule|Species Clause: Limit one of each Pok\u00e9mon\n|rule|Item Clause: Limit 1 of each item\n|clearpoke\n|poke|p1|Skarmory, L50, M|\n|poke|p1|Garchomp, L50, F|\n|poke|p1|Incineroar, L50, M|\n|poke|p1|Whimsicott, L50, F|\n|poke|p1|Milotic, L50, F|\n|poke|p1|Sylveon, L50, F|\n|poke|p2|Farigiraf, L50, F|\n|poke|p2|Kingambit, L50, F|\n|poke|p2|Primarina, L50, F|\n|poke|p2|Torkoal, L50, M|\n|poke|p2|Steelix, L50, F|\n|poke|p2|Sinistcha, L50|\n|teampreview|4\n|inactive|Battle timer is ON: inactive players will automatically lose when time's up. (requested by OrugaVeluga)\nReeledRaptor has agreed to open team sheets.\n|inactive|ReeledRaptor has 60 seconds left.\n|\n|t:|1775942555\n|teamsize|p1|4\n|teamsize|p2|4\n|start\n|switch|p1a: Garchomp|Garchomp, L50, F|100/100\n|switch|p1b: Sylveon|Sylveon, L50, F|100/100\n|switch|p2a: Farigiraf|Farigiraf, L50, F|100/100\n|switch|p2b: Kingambit|Kingambit, L50, F|100/100\n|turn|1\n|inactive|OrugaVeluga has 30 seconds left.\n|inactive|OrugaVeluga has 20 seconds left.\n|\n|t:|1775942594\n|move|p1b: Sylveon|Protect|p1b: Sylveon\n|-singleturn|p1b: Sylveon|Protect\n|move|p1a: Garchomp|Earthquake|p2b: Kingambit|[spread] p2a,p2b\n|-activate|p1b: Sylveon|move: Protect\n|-supereffective|p2b: Kingambit|1\n|-damage|p2a: Farigiraf|67/100\n|-damage|p2b: Kingambit|42/100\n|move|p2a: Farigiraf|Psychic Terrain|p2a: Farigiraf\n|-fieldstart|move: Psychic Terrain\n|move|p2b: Kingambit|Iron Head|p1b: Sylveon\n|-activate|p1b: Sylveon|move: Protect\n|\n|upkeep\n|turn|2\n|\n|t:|1775942617\n|move|p2b: Kingambit|Protect|p2b: Kingambit\n|-singleturn|p2b: Kingambit|Protect\n|move|p1a: Garchomp|Earthquake|p2b: Kingambit|[spread] p1b,p2a\n|-activate|p2b: Kingambit|move: Protect\n|-damage|p1b: Sylveon|68/100\n|-damage|p2a: Farigiraf|38/100\n|move|p1b: Sylveon|Hyper Voice|p2a: Farigiraf|[spread] p2a\n|-activate|p2b: Kingambit|move: Protect\n|-damage|p2a: Farigiraf|1/100\n|move|p2a: Farigiraf|Trick Room|p2a: Farigiraf\n|-fieldstart|move: Trick Room|[of] p2a: Farigiraf\n|\n|upkeep\n|turn|3\n|inactive|OrugaVeluga has 30 seconds left.\n|\n|t:|1775942644\n|move|p1b: Sylveon|Protect|p1b: Sylveon\n|-singleturn|p1b: Sylveon|Protect\n|move|p2b: Kingambit|Iron Head|p1a: Garchomp\n|-damage|p1a: Garchomp|53/100\n|move|p2a: Farigiraf|Dazzling Gleam|p1b: Sylveon|[spread] p1a\n|-activate|p1b: Sylveon|move: Protect\n|-supereffective|p1a: Garchomp|1\n|-damage|p1a: Garchomp|19/100\n|move|p1a: Garchomp|Earthquake|p2a: Farigiraf|[spread] p2a,p2b\n|-activate|p1b: Sylveon|move: Protect\n|-supereffective|p2b: Kingambit|1\n|-damage|p2a: Farigiraf|0 fnt\n|-damage|p2b: Kingambit|0 fnt\n|faint|p2a: Farigiraf\n|faint|p2b: Kingambit\n|\n|upkeep\n|\n|t:|1775942654\n|switch|p2b: Sinistcha|Sinistcha, L50|100/100\n|switch|p2a: Torkoal|Torkoal, L50, M|100/100\n|-weather|SunnyDay|[from] ability: Drought|[of] p2a: Torkoal\n|turn|4\n|\n|t:|1775942667\n|switch|p1a: Milotic|Milotic, L50, F|100/100\n|move|p2a: Torkoal|Eruption|p1b: Sylveon|[spread] p1a,p1b\n|-resisted|p1a: Milotic|1\n|-damage|p1a: Milotic|71/100\n|-damage|p1b: Sylveon|8/100\n|move|p1b: Sylveon|Calm Mind|p1b: Sylveon\n|-boost|p1b: Sylveon|spa|1\n|-boost|p1b: Sylveon|spd|1\n|move|p2b: Sinistcha|Matcha Gotcha|p1a: Milotic|[spread] p1a,p1b\n|-supereffective|p1a: Milotic|1\n|-damage|p1a: Milotic|38/100\n|-damage|p1b: Sylveon|0 fnt\n|faint|p1b: Sylveon\n|\n|-weather|SunnyDay|[upkeep]\n|-heal|p1a: Milotic|44/100|[from] item: Leftovers\n|upkeep\n|\n|t:|1775942684\n|switch|p1b: Skarmory|Skarmory, L50, M|100/100\n|turn|5\n|\n|t:|1775942696\n|move|p1b: Skarmory|Protect|p1b: Skarmory\n|-singleturn|p1b: Skarmory|Protect\n|move|p2a: Torkoal|Eruption|p1b: Skarmory|[spread] p1a\n|-activate|p1b: Skarmory|move: Protect\n|-resisted|p1a: Milotic|1\n|-damage|p1a: Milotic|14/100\n|move|p2b: Sinistcha|Matcha Gotcha|p1a: Milotic|[spread] p1a\n|-activate|p1b: Skarmory|move: Protect\n|-supereffective|p1a: Milotic|1\n|-damage|p1a: Milotic|0 fnt\n|faint|p1a: Milotic\n|\n|-weather|SunnyDay|[upkeep]\n|-fieldend|move: Psychic Terrain\n|upkeep\n|\n|t:|1775942709\n|switch|p1a: Garchomp|Garchomp, L50, F|19/100\n|turn|6\n|\n|t:|1775942720\n|move|p2a: Torkoal|Eruption|p1b: Skarmory|[spread] p1a,p1b\n|-resisted|p1a: Garchomp|1\n|-supereffective|p1b: Skarmory|1\n|-damage|p1a: Garchomp|0 fnt\n|-ability|p1b: Skarmory|Sturdy\n|-damage|p1b: Skarmory|1/100\n|faint|p1a: Garchomp\n|move|p2b: Sinistcha|Matcha Gotcha|p1b: Skarmory\n|-resisted|p1b: Skarmory|2\n|-damage|p1b: Skarmory|0 fnt\n|faint|p1b: Skarmory\n|\n|win|OrugaVeluga\n|raw|ReeledRaptor's rating: 1000 &rarr; <strong>1000</strong><br />(+0 for losing)\n|raw|OrugaVeluga's rating: 1017 &rarr; <strong>1053</strong><br />(+36 for winning)\n",
  "uploadtime": 1775942720,
  "views": 12,
  "formatid": "gen9championsvgc2026regma",
  "rating": 1000,
  "private": 0,
  "password": null
}