{
  "id": "gen9championsvgc2026regma-2587907301",
  "format": "[Gen 9 Champions] VGC 2026 Reg M-A",
  "players": [
    "joshferd",
    "xjj553"
  ],
  "log": "|j|\u2606joshferd\n|j|\u2606xjj553\n|t:|1776577404\n|gametype|doubles\n|player|p1|joshferd|266|1160\n|player|p2|xjj553|cynthia|1121\n|gen|9\n|tier|[Gen 9 Champions] VGC 2026 Reg M-A\n|rated|\n|rule|Species Clause: Limit one of each Pok\u00e9mon\n|rule|Item Clause: Limit 1 of each item\n|clearpoke\n|poke|p1|Mimikyu, L50, M|\n|poke|p1|Alcremie, L50, F|\n|poke|p1|Torkoal, L50, F|\n|poke|p1|Venusaur, L50, M|\n|poke|p1|Umbreon, L50, M|\n|poke|p1|Toucannon, L50, M|\n|poke|p2|Floette-Eternal, L50, F|\n|poke|p2|Aerodactyl, L50, F|\n|poke|p2|Garchomp, L50, M|\n|poke|p2|Maushold-Four, L50|\n|poke|p2|Delphox, L50, M|\n|poke|p2|Incineroar, L50, F|\n|teampreview|4\n|inactive|Battle timer is ON: inactive players will automatically lose when time's up. (requested by xjj553)\n|inactive|joshferd has 60 seconds left.\n|\n|t:|1776577462\n|teamsize|p1|4\n|teamsize|p2|4\n|start\n|switch|p1a: Mimikyu|Mimikyu, L50, M|100/100\n|switch|p1b: Alcremie|Alcremie, L50, F|100/100\n|switch|p2a: Maushold|Maushold-Four, L50|100/100\n|switch|p2b: Incineroar|Incineroar, L50, F|100/100\n|-ability|p2b: Incineroar|Intimidate|boost\n|-unboost|p1a: Mimikyu|atk|1\n|-unboost|p1b: Alcremie|atk|1\n|-enditem|p1a: Mimikyu|White Herb\n|-clearnegativeboost|p1a: Mimikyu|[silent]\n|turn|1\n|\n|t:|1776577478\n|move|p1a: Mimikyu|Protect|p1a: Mimikyu\n|-singleturn|p1a: Mimikyu|Protect\n|move|p2a: Maushold|Taunt|p1a: Mimikyu\n|-activate|p1a: Mimikyu|move: Protect\n|move|p2b: Incineroar|Flare Blitz|p1b: Alcremie\n|-damage|p1b: Alcremie|41/100\n|-damage|p2b: Incineroar|84/100|[from] Recoil\n|move|p1b: Alcremie|Decorate|p1a: Mimikyu\n|-boost|p1a: Mimikyu|atk|2\n|-boost|p1a: Mimikyu|spa|2\n|\n|upkeep\n|turn|2\n|inactive|xjj553 has 30 seconds left.\n|\n|t:|1776577507\n|move|p1b: Alcremie|Helping Hand|p1a: Mimikyu\n|-singleturn|p1a: Mimikyu|Helping Hand|[of] p1b: Alcremie\n|move|p2a: Maushold|Taunt|p1b: Alcremie\n|-block|p1b: Alcremie|ability: Aroma Veil|[of] p1b: Alcremie\n|move|p1a: Mimikyu|Play Rough|p2b: Incineroar\n|-damage|p2b: Incineroar|17/100\n|-enditem|p2b: Incineroar|Sitrus Berry|[eat]\n|-heal|p2b: Incineroar|42/100|[from] item: Sitrus Berry\n|move|p2b: Incineroar|Flare Blitz|p1a: Mimikyu\n|-activate|p1a: Mimikyu|ability: Disguise\n|-damage|p1a: Mimikyu|100/100\n|detailschange|p1a: Mimikyu|Mimikyu-Busted, L50, M\n|-damage|p1a: Mimikyu|88/100|[from] pokemon: Mimikyu-Busted\n|\n|upkeep\n|turn|3\n|inactive|joshferd has 30 seconds left.\n|\n|t:|1776577538\n|switch|p1b: Umbreon|Umbreon, L50, M|100/100\n|move|p2a: Maushold|Follow Me|p2a: Maushold\n|-singleturn|p2a: Maushold|move: Follow Me\n|move|p1a: Mimikyu|Play Rough|p2a: Maushold\n|-damage|p2a: Maushold|0 fnt\n|faint|p2a: Maushold\n|move|p2b: Incineroar|Flare Blitz|p1a: Mimikyu\n|-damage|p1a: Mimikyu|10/100\n|-damage|p2b: Incineroar|25/100|[from] Recoil\n|\n|upkeep\n|\n|t:|1776577548\n|switch|p2a: Garchomp|Garchomp, L50, M|100/100\n|turn|4\n|inactive|xjj553 has 30 seconds left.\n|\n|t:|1776577578\n|move|p1a: Mimikyu|Protect|p1a: Mimikyu\n|-singleturn|p1a: Mimikyu|Protect\n|move|p2a: Garchomp|Earthquake|p1b: Umbreon|[spread] p2b,p1b\n|-activate|p1a: Mimikyu|move: Protect\n|-supereffective|p2b: Incineroar|1\n|-damage|p2b: Incineroar|0 fnt\n|-damage|p1b: Umbreon|75/100\n|faint|p2b: Incineroar\n|move|p1b: Umbreon|Yawn|p2a: Garchomp\n|-start|p2a: Garchomp|move: Yawn|[of] p1b: Umbreon\n|\n|-heal|p1b: Umbreon|81/100|[from] item: Leftovers\n|upkeep\n|\n|t:|1776577581\n|switch|p2b: Delphox|Delphox, L50, M|100/100\n|turn|5\n|\n|t:|1776577597\n|detailschange|p2b: Delphox|Delphox-Mega, L50, M\n|-mega|p2b: Delphox|Delphox|Delphoxite\n|move|p1a: Mimikyu|Shadow Sneak|p2b: Delphox\n|-supereffective|p2b: Delphox|1\n|-damage|p2b: Delphox|24/100\n|move|p2b: Delphox|Heat Wave|p1b: Umbreon|[spread] p1a,p1b\n|-damage|p1a: Mimikyu|0 fnt\n|-damage|p1b: Umbreon|55/100\n|faint|p1a: Mimikyu\n|move|p2a: Garchomp|Earthquake|p1b: Umbreon|[spread] p1b\n|-immune|p2b: Delphox|[from] ability: Levitate\n|-damage|p1b: Umbreon|30/100\n|move|p1b: Umbreon|Snarl|p2b: Delphox|[spread] p2a,p2b\n|-supereffective|p2b: Delphox|1\n|-damage|p2a: Garchomp|90/100\n|-damage|p2b: Delphox|5/100\n|-unboost|p2a: Garchomp|spa|1\n|-unboost|p2b: Delphox|spa|1\n|-enditem|p2a: Garchomp|White Herb\n|-clearnegativeboost|p2a: Garchomp|[silent]\n|\n|-heal|p1b: Umbreon|36/100|[from] item: Leftovers\n|-end|p2a: Garchomp|move: Yawn|[silent]\n|-status|p2a: Garchomp|slp\n|upkeep\n|\n|t:|1776577619\n|switch|p1a: Alcremie|Alcremie, L50, F|41/100\n|turn|6\n|\n|t:|1776577633\n|move|p1a: Alcremie|Protect|p1a: Alcremie\n|-singleturn|p1a: Alcremie|Protect\n|move|p2b: Delphox|Psychic|p1a: Alcremie\n|-activate|p1a: Alcremie|move: Protect\n|cant|p2a: Garchomp|slp\n|move|p1b: Umbreon|Snarl|p2a: Garchomp|[spread] p2a\n|-miss|p1b: Umbreon|p2b: Delphox\n|-damage|p2a: Garchomp|81/100 slp\n|-unboost|p2a: Garchomp|spa|1\n|\n|-heal|p1b: Umbreon|42/100|[from] item: Leftovers\n|upkeep\n|turn|7\n|inactive|joshferd has 30 seconds left.\n|inactive|joshferd has 20 seconds left.\n|inactive|joshferd has 15 seconds left.\n|inactive|joshferd has 10 seconds left.\n|\n|t:|1776577680\n|switch|p1a: Toucannon|Toucannon, L50, M|100/100\n|move|p2b: Delphox|Protect|p2b: Delphox\n|-singleturn|p2b: Delphox|Protect\n|cant|p2a: Garchomp|slp\n|move|p1b: Umbreon|Snarl|p2a: Garchomp|[spread] p2a\n|-activate|p2b: Delphox|move: Protect\n|-damage|p2a: Garchomp|72/100 slp\n|-unboost|p2a: Garchomp|spa|1\n|\n|-heal|p1b: Umbreon|48/100|[from] item: Leftovers\n|upkeep\n|turn|8\n|\n|t:|1776577700\n|move|p1b: Umbreon|Protect|p1b: Umbreon\n|-singleturn|p1b: Umbreon|Protect\n|move|p2b: Delphox|Heat Wave|p1b: Umbreon|[spread] p1a\n|-activate|p1b: Umbreon|move: Protect\n|-damage|p1a: Toucannon|73/100\n|-curestatus|p2a: Garchomp|slp|[msg]\n|move|p2a: Garchomp|Rock Slide|p1a: Toucannon|[spread] p1a\n|-activate|p1b: Umbreon|move: Protect\n|-supereffective|p1a: Toucannon|1\n|-damage|p1a: Toucannon|27/100\n|move|p1a: Toucannon|Dual Wingbeat|p2b: Delphox|[miss]\n|-miss|p1a: Toucannon|p2b: Delphox\n|\n|-heal|p1b: Umbreon|54/100|[from] item: Leftovers\n|upkeep\n|turn|9\n|inactive|joshferd has 30 seconds left.\n|inactive|xjj553 has 30 seconds left.\n|\n|t:|1776577734\n|-singleturn|p1a: Toucannon|move: Beak Blast\n|move|p2b: Delphox|Heat Wave|p1b: Umbreon|[spread] p1a,p1b\n|-damage|p1a: Toucannon|0 fnt\n|-damage|p1b: Umbreon|36/100\n|faint|p1a: Toucannon\n|move|p2a: Garchomp|Rock Slide|p1b: Umbreon\n|-damage|p1b: Umbreon|20/100\n|move|p1b: Umbreon|Yawn|p2a: Garchomp\n|-start|p2a: Garchomp|move: Yawn|[of] p1b: Umbreon\n|\n|-heal|p1b: Umbreon|26/100|[from] item: Leftovers\n|upkeep\n|\n|t:|1776577748\n|switch|p1a: Alcremie|Alcremie, L50, F|41/100\n|turn|10\n|\n|t:|1776577760\n|move|p1b: Umbreon|Protect|p1b: Umbreon\n|-singleturn|p1b: Umbreon|Protect\n|move|p1a: Alcremie|Protect|p1a: Alcremie\n|-singleturn|p1a: Alcremie|Protect\n|move|p2b: Delphox|Heat Wave|p1a: Alcremie|[spread] \n|-activate|p1a: Alcremie|move: Protect\n|-activate|p1b: Umbreon|move: Protect\n|move|p2a: Garchomp|Earthquake|p1a: Alcremie|[spread] \n|-activate|p1a: Alcremie|move: Protect\n|-activate|p1b: Umbreon|move: Protect\n|-immune|p2b: Delphox|[from] ability: Levitate\n|\n|-heal|p1b: Umbreon|32/100|[from] item: Leftovers\n|-end|p2a: Garchomp|move: Yawn|[silent]\n|-status|p2a: Garchomp|slp\n|upkeep\n|turn|11\n|inactive|joshferd has 30 seconds left.\n|\n|t:|1776577785\n|move|p2b: Delphox|Protect|p2b: Delphox\n|-singleturn|p2b: Delphox|Protect\n|cant|p2a: Garchomp|slp\n|move|p1b: Umbreon|Foul Play|p2a: Garchomp\n|-damage|p2a: Garchomp|29/100 slp\n|-damage|p1b: Umbreon|19/100|[from] ability: Rough Skin|[of] p2a: Garchomp\n|move|p1a: Alcremie|Dazzling Gleam|p2a: Garchomp|[spread] p2a\n|-activate|p2b: Delphox|move: Protect\n|-supereffective|p2a: Garchomp|1\n|-damage|p2a: Garchomp|0 fnt\n|faint|p2a: Garchomp\n|\n|-heal|p1b: Umbreon|25/100|[from] item: Leftovers\n|upkeep\n|turn|12\n|\n|t:|1776577804\n|move|p2b: Delphox|Heat Wave|p1a: Alcremie|[spread] p1a\n|-miss|p2b: Delphox|p1b: Umbreon\n|-damage|p1a: Alcremie|18/100\n|move|p1b: Umbreon|Foul Play|p2b: Delphox\n|-supereffective|p2b: Delphox|1\n|-damage|p2b: Delphox|0 fnt\n|faint|p2b: Delphox\n|\n|win|joshferd\n|raw|joshferd's rating: 1160 &rarr; <strong>1182</strong><br />(+22 for winning)\n|raw|xjj553's rating: 1121 &rarr; <strong>1099</strong><br />(-22 for losing)\n|l|\u2606xjj553\n|player|p2|\n",
  "uploadtime": 1776578024,
  "views": 16,
  "formatid": "gen9championsvgc2026regma",
  "rating": 1099,
  "private": 0,
  "password": null
}