{
  "id": "gen9championsvgc2026regma-2581876965",
  "format": "[Gen 9 Champions] VGC 2026 Reg M-A",
  "players": [
    "Corvin Fulgur",
    "Jmoneyzzzzz"
  ],
  "log": "|j|\u2606Corvin Fulgur\n|j|\u2606Jmoneyzzzzz\n|t:|1776035932\n|gametype|doubles\n|player|p1|Corvin Fulgur|veteranf|1196\n|player|p2|Jmoneyzzzzz|101|1164\n|gen|9\n|tier|[Gen 9 Champions] VGC 2026 Reg M-A\n|rated|\n|rule|Species Clause: Limit one of each Pok\u00e9mon\n|rule|Item Clause: Limit 1 of each item\n|clearpoke\n|poke|p1|Starmie, L50|\n|poke|p1|Conkeldurr, L50, M|\n|poke|p1|Mamoswine, L50, F|\n|poke|p1|Aegislash, L50, M|\n|poke|p1|Aerodactyl, L50, M|\n|poke|p1|Rotom-Wash, L50|\n|poke|p2|Chesnaught, L50, F|\n|poke|p2|Charizard, L50, M|\n|poke|p2|Rotom-Wash, L50|\n|poke|p2|Sinistcha, L50|\n|poke|p2|Mamoswine, L50, M|\n|poke|p2|Sneasler, L50, M|\n|teampreview|4\n|inactive|Battle timer is ON: inactive players will automatically lose when time's up. (requested by Corvin Fulgur)\n|\n|t:|1776035961\n|teamsize|p1|4\n|teamsize|p2|4\n|start\n|switch|p1a: Rotom|Rotom-Wash, L50|100/100\n|switch|p1b: Starmie|Starmie, L50|100/100\n|switch|p2a: Water Boy|Rotom-Wash, L50|100/100\n|switch|p2b: Great Tusks|Mamoswine, L50, M|100/100\n|turn|1\n|\n|t:|1776035975\n|switch|p2b: Chesnotcheckers|Chesnaught, L50, F|100/100\n|move|p1b: Starmie|Protect|p1b: Starmie\n|-singleturn|p1b: Starmie|Protect\n|move|p2a: Water Boy|Thunderbolt|p1b: Starmie\n|-activate|p1b: Starmie|move: Protect\n|move|p1a: Rotom|Hydro Pump|p2b: Chesnotcheckers\n|-resisted|p2b: Chesnotcheckers|1\n|-crit|p2b: Chesnotcheckers\n|-damage|p2b: Chesnotcheckers|67/100\n|\n|-heal|p2b: Chesnotcheckers|73/100|[from] item: Leftovers\n|upkeep\n|turn|2\n|inactive|Jmoneyzzzzz has 30 seconds left.\n|inactive|Corvin Fulgur has 30 seconds left.\n|inactive|Corvin Fulgur has 20 seconds left.\n|\n|t:|1776036027\n|switch|p1a: Mamoswine|Mamoswine, L50, F|100/100\n|detailschange|p1b: Starmie|Starmie-Mega, L50\n|-mega|p1b: Starmie|Starmie|Starminite\n|move|p2a: Water Boy|Thunderbolt|p1b: Starmie\n|-supereffective|p1b: Starmie|1\n|-damage|p1b: Starmie|9/100\n|move|p1b: Starmie|Skill Swap|p1a: Mamoswine\n|-activate|p1b: Starmie|Skill Swap|||[of] p1a: Mamoswine\n|move|p2b: Chesnotcheckers|Drain Punch|p1b: Starmie\n|-resisted|p1b: Starmie|1\n|-damage|p1b: Starmie|0 fnt\n|-heal|p2b: Chesnotcheckers|77/100|[from] drain|[of] p1b: Starmie\n|faint|p1b: Starmie\n|\n|-heal|p2b: Chesnotcheckers|83/100|[from] item: Leftovers\n|upkeep\n|\n|t:|1776036039\n|switch|p1b: Conkeldurr|Conkeldurr, L50, M|100/100\n|turn|3\n|\n|t:|1776036052\n|move|p2b: Chesnotcheckers|Spiky Shield|p2b: Chesnotcheckers\n|-singleturn|p2b: Chesnotcheckers|move: Protect\n|move|p2a: Water Boy|Thunderbolt|p1b: Conkeldurr\n|-damage|p1b: Conkeldurr|50/100\n|move|p1a: Mamoswine|Icicle Crash|p2b: Chesnotcheckers\n|-activate|p2b: Chesnotcheckers|move: Protect\n|move|p1b: Conkeldurr|Hammer Arm|p2a: Water Boy\n|-damage|p2a: Water Boy|26/100\n|-unboost|p1b: Conkeldurr|spe|1\n|-enditem|p1b: Conkeldurr|White Herb\n|-clearnegativeboost|p1b: Conkeldurr|[silent]\n|\n|-heal|p2b: Chesnotcheckers|89/100|[from] item: Leftovers\n|upkeep\n|turn|4\n|inactive|Jmoneyzzzzz has 30 seconds left.\n|\n|t:|1776036077\n|move|p1b: Conkeldurr|Protect|p1b: Conkeldurr\n|-singleturn|p1b: Conkeldurr|Protect\n|move|p2a: Water Boy|Thunderbolt|p1b: Conkeldurr\n|-activate|p1b: Conkeldurr|move: Protect\n|move|p1a: Mamoswine|Icicle Crash|p2b: Chesnotcheckers\n|-supereffective|p2b: Chesnotcheckers|1\n|-damage|p2b: Chesnotcheckers|0 fnt\n|faint|p2b: Chesnotcheckers\n|\n|upkeep\n|\n|t:|1776036087\n|switch|p2b: Zard Set #7261|Charizard, L50, M|100/100\n|turn|5\n|inactive|Corvin Fulgur has 30 seconds left.\n|inactive|Corvin Fulgur has 20 seconds left.\n|\n|t:|1776036124\n|switch|p1a: Rotom|Rotom-Wash, L50|100/100\n|detailschange|p2b: Zard Set #7261|Charizard-Mega-X, L50, M\n|-mega|p2b: Zard Set #7261|Charizard|Charizardite X\n|move|p2a: Water Boy|Thunderbolt|p1b: Conkeldurr\n|-damage|p1b: Conkeldurr|0 fnt\n|faint|p1b: Conkeldurr\n|move|p2b: Zard Set #7261|Dragon Dance|p2b: Zard Set #7261\n|-boost|p2b: Zard Set #7261|atk|1\n|-boost|p2b: Zard Set #7261|spe|1\n|\n|upkeep\n|\n|t:|1776036133\n|switch|p1b: Mamoswine|Mamoswine, L50, F|100/100\n|turn|6\n|\n|t:|1776036147\n|move|p2b: Zard Set #7261|Flare Blitz|p1b: Mamoswine\n|-supereffective|p1b: Mamoswine|1\n|-damage|p1b: Mamoswine|0 fnt\n|faint|p1b: Mamoswine\n|-damage|p2b: Zard Set #7261|60/100|[from] Recoil\n|move|p2a: Water Boy|Thunderbolt|p1a: Rotom\n|-damage|p1a: Rotom|56/100\n|move|p1a: Rotom|Hydro Pump|p2b: Zard Set #7261\n|-damage|p2b: Zard Set #7261|0 fnt\n|faint|p2b: Zard Set #7261\n|\n|-heal|p1a: Rotom|62/100|[from] item: Leftovers\n|upkeep\n|\n|t:|1776036159\n|switch|p2b: Great Tusks|Mamoswine, L50, M|100/100\n|turn|7\n|\n|t:|1776036166\n|move|p1a: Rotom|Protect|p1a: Rotom\n|-singleturn|p1a: Rotom|Protect\n|move|p2a: Water Boy|Thunderbolt|p1a: Rotom\n|-activate|p1a: Rotom|move: Protect\n|move|p2b: Great Tusks|Icicle Crash|p1a: Rotom\n|-activate|p1a: Rotom|move: Protect\n|\n|-heal|p1a: Rotom|68/100|[from] item: Leftovers\n|upkeep\n|turn|8\n|\n|t:|1776036171\n|move|p2a: Water Boy|Thunderbolt|p1a: Rotom\n|-damage|p1a: Rotom|22/100\n|move|p2b: Great Tusks|Icicle Crash|p1a: Rotom\n|-resisted|p1a: Rotom|1\n|-damage|p1a: Rotom|0 fnt\n|faint|p1a: Rotom\n|\n|win|Jmoneyzzzzz\n|raw|Corvin Fulgur's rating: 1196 &rarr; <strong>1169</strong><br />(-27 for losing)\n|raw|Jmoneyzzzzz's rating: 1164 &rarr; <strong>1191</strong><br />(+27 for winning)\n|c|\u2606Corvin Fulgur|gg\n|c|\u2606Jmoneyzzzzz|Gg\n",
  "uploadtime": 1776036189,
  "views": 16,
  "formatid": "gen9championsvgc2026regma",
  "rating": 1169,
  "private": 0,
  "password": null
}