{
  "id": "gen9championsvgc2026regma-2581287745",
  "format": "[Gen 9 Champions] VGC 2026 Reg M-A",
  "players": [
    "greeencross",
    "sjysjy"
  ],
  "log": "|j|\u2606greeencross\n|j|\u2606sjysjy\n|t:|1775981687\n|gametype|doubles\n|player|p1|greeencross|170|1389\n|player|p2|sjysjy|265|1367\n|gen|9\n|tier|[Gen 9 Champions] VGC 2026 Reg M-A\n|rated|\n|rule|Species Clause: Limit one of each Pok\u00e9mon\n|rule|Item Clause: Limit 1 of each item\n|clearpoke\n|poke|p1|Tyranitar, L50, M|\n|poke|p1|Rotom-Wash, L50|\n|poke|p1|Garchomp, L50, M|\n|poke|p1|Aerodactyl, L50, F|\n|poke|p1|Sinistcha, L50|\n|poke|p1|Sneasler, L50, M|\n|poke|p2|Gengar, L50, F|\n|poke|p2|Garchomp, L50, M|\n|poke|p2|Whimsicott, L50, M|\n|poke|p2|Typhlosion-Hisui, L50, M|\n|poke|p2|Kingambit, L50, F|\n|poke|p2|Rotom-Wash, L50|\n|teampreview|4\n|inactive|Battle timer is ON: inactive players will automatically lose when time's up. (requested by greeencross)\n|j| gE1xjZRtuhW2DdT0AK\n|j| Dissfunktion\n|l| Dissfunktion\n|\n|t:|1775981715\n|teamsize|p1|4\n|teamsize|p2|4\n|start\n|switch|p1a: Sneasler|Sneasler, L50, M|100/100\n|switch|p1b: Rotom|Rotom-Wash, L50|100/100\n|switch|p2a: Rotom|Rotom-Wash, L50|100/100\n|switch|p2b: Garchomp|Garchomp, L50, M|100/100\n|turn|1\n|j| Dissfunktion\n|\n|t:|1775981733\n|move|p2b: Garchomp|Protect|p2b: Garchomp\n|-singleturn|p2b: Garchomp|Protect\n|move|p1a: Sneasler|Fake Out|p2b: Garchomp\n|-activate|p2b: Garchomp|move: Protect\n|move|p1b: Rotom|Hydro Pump|p2b: Garchomp\n|-activate|p2b: Garchomp|move: Protect\n|move|p2a: Rotom|Will-O-Wisp|p1a: Sneasler\n|-status|p1a: Sneasler|brn\n|\n|-damage|p1a: Sneasler|95/100 brn|[from] brn\n|upkeep\n|turn|2\n|\n|t:|1775981757\n|move|p1b: Rotom|Hydro Pump|p2b: Garchomp|[miss]\n|-miss|p1b: Rotom|p2b: Garchomp\n|move|p1a: Sneasler|Dire Claw|p2b: Garchomp\n|-resisted|p2b: Garchomp|1\n|-damage|p2b: Garchomp|90/100\n|-status|p2b: Garchomp|slp\n|-damage|p1a: Sneasler|83/100 brn|[from] ability: Rough Skin|[of] p2b: Garchomp\n|cant|p2b: Garchomp|slp\n|move|p2a: Rotom|Volt Switch|p1b: Rotom\n|-damage|p1b: Rotom|65/100\n|j| jungro\n|\n|t:|1775981768\n|switch|p2a: Gengar|Gengar, L50, F|100/100|[from] Volt Switch\n|\n|-heal|p2b: Garchomp|96/100 slp|[from] item: Leftovers\n|-damage|p1a: Sneasler|77/100 brn|[from] brn\n|upkeep\n|turn|3\n|l| jungro\n|\n|t:|1775981781\n|switch|p1a: Garchomp|Garchomp, L50, M|100/100\n|detailschange|p2a: Gengar|Gengar-Mega, L50, F\n|-mega|p2a: Gengar|Gengar|Gengarite\n|move|p2a: Gengar|Protect|p2a: Gengar\n|-singleturn|p2a: Gengar|Protect\n|move|p1b: Rotom|Hydro Pump|p2b: Garchomp\n|-damage|p2b: Garchomp|38/100 slp\n|-curestatus|p2b: Garchomp|slp|[msg]\n|move|p2b: Garchomp|Earthquake|p1a: Garchomp|[spread] p1a\n|-activate|p2a: Gengar|move: Protect\n|-immune|p1b: Rotom|[from] ability: Levitate\n|-damage|p1a: Garchomp|59/100\n|\n|-heal|p2b: Garchomp|44/100|[from] item: Leftovers\n|upkeep\n|turn|4\n|\n|t:|1775981803\n|move|p2b: Garchomp|Protect|p2b: Garchomp\n|-singleturn|p2b: Garchomp|Protect\n|move|p2a: Gengar|Icy Wind|p1b: Rotom|[spread] p1a,p1b\n|-supereffective|p1a: Garchomp|2\n|-resisted|p1b: Rotom|1\n|-damage|p1a: Garchomp|0 fnt\n|-damage|p1b: Rotom|56/100\n|-unboost|p1b: Rotom|spe|1\n|faint|p1a: Garchomp\n|move|p1b: Rotom|Hydro Pump|p2b: Garchomp\n|-activate|p2b: Garchomp|move: Protect\n|\n|-heal|p2b: Garchomp|50/100|[from] item: Leftovers\n|upkeep\n|\n|t:|1775981816\n|switch|p1a: Tyranitar|Tyranitar, L50, M|100/100\n|-weather|Sandstorm|[from] ability: Sand Stream|[of] p1a: Tyranitar\n|turn|5\n|\n|t:|1775981838\n|switch|p2a: Rotom|Rotom-Wash, L50|100/100\n|detailschange|p1a: Tyranitar|Tyranitar-Mega, L50, M\n|-mega|p1a: Tyranitar|Tyranitar|Tyranitarite\n|move|p2b: Garchomp|Earthquake|p1a: Tyranitar|[spread] p1a\n|-immune|p2a: Rotom|[from] ability: Levitate\n|-immune|p1b: Rotom|[from] ability: Levitate\n|-supereffective|p1a: Tyranitar|1\n|-damage|p1a: Tyranitar|53/100\n|move|p1b: Rotom|Hydro Pump|p2b: Garchomp\n|-damage|p2b: Garchomp|0 fnt\n|faint|p2b: Garchomp\n|move|p1a: Tyranitar|Crunch|p2a: Rotom\n|-damage|p2a: Rotom|34/100\n|-enditem|p2a: Rotom|Sitrus Berry|[eat]\n|-heal|p2a: Rotom|58/100|[from] item: Sitrus Berry\n|\n|-weather|Sandstorm|[upkeep]\n|-damage|p2a: Rotom|52/100|[from] Sandstorm\n|-damage|p1b: Rotom|50/100|[from] Sandstorm\n|upkeep\n|\n|t:|1775981854\n|switch|p2b: Kingambit|Kingambit, L50, F|100/100\n|turn|6\n|\n|t:|1775981873\n|switch|p1b: Sneasler|Sneasler, L50, M|77/100 brn\n|move|p2a: Rotom|Volt Switch|p1b: Sneasler\n|-damage|p1b: Sneasler|36/100 brn\n|\n|t:|1775981878\n|switch|p2a: Gengar|Gengar-Mega, L50, F|100/100|[from] Volt Switch\n|move|p1a: Tyranitar|Rock Slide|p2b: Kingambit|[spread] p2a,p2b\n|-resisted|p2b: Kingambit|1\n|-damage|p2a: Gengar|37/100\n|-damage|p2b: Kingambit|86/100\n|move|p2b: Kingambit|Low Kick|p1a: Tyranitar\n|-supereffective|p1a: Tyranitar|2\n|-damage|p1a: Tyranitar|0 fnt\n|faint|p1a: Tyranitar\n|\n|-weather|Sandstorm|[upkeep]\n|-damage|p2a: Gengar|31/100|[from] Sandstorm\n|-damage|p1b: Sneasler|30/100 brn|[from] Sandstorm\n|-damage|p1b: Sneasler|24/100 brn|[from] brn\n|upkeep\n|\n|t:|1775981888\n|switch|p1a: Rotom|Rotom-Wash, L50|50/100\n|turn|7\n|j| reallove85tw\n|\n|t:|1775981900\n|move|p2a: Gengar|Protect|p2a: Gengar\n|-singleturn|p2a: Gengar|Protect\n|move|p2b: Kingambit|Protect|p2b: Kingambit\n|-singleturn|p2b: Kingambit|Protect\n|move|p1a: Rotom|Electroweb|p2a: Gengar|[spread] \n|-activate|p2a: Gengar|move: Protect\n|-activate|p2b: Kingambit|move: Protect\n|move|p1b: Sneasler|Close Combat|p2b: Kingambit\n|-activate|p2b: Kingambit|move: Protect\n|\n|-weather|Sandstorm|[upkeep]\n|-damage|p2a: Gengar|25/100|[from] Sandstorm\n|-damage|p1a: Rotom|44/100|[from] Sandstorm\n|-damage|p1b: Sneasler|18/100 brn|[from] Sandstorm\n|-damage|p1b: Sneasler|13/100 brn|[from] brn\n|upkeep\n|turn|8\n|j| jungro\n|\n|t:|1775981913\n|move|p2b: Kingambit|Sucker Punch|p1a: Rotom\n|-damage|p1a: Rotom|0 fnt\n|faint|p1a: Rotom\n|move|p2a: Gengar|Shadow Ball|p1b: Sneasler\n|-crit|p1b: Sneasler\n|-damage|p1b: Sneasler|0 fnt\n|faint|p1b: Sneasler\n|\n|win|sjysjy\n|raw|greeencross's rating: 1389 &rarr; <strong>1368</strong><br />(-21 for losing)\n|raw|sjysjy's rating: 1367 &rarr; <strong>1388</strong><br />(+21 for winning)\n|l|\u2606greeencross\n|player|p1|\n|l|\u2606sjysjy\n|player|p2|\n|l| jungro\n",
  "uploadtime": 1775981969,
  "views": 33,
  "formatid": "gen9championsvgc2026regma",
  "rating": 1368,
  "private": 0,
  "password": null
}