{
  "id": "gen9championsvgc2026regma-2587741055",
  "format": "[Gen 9 Champions] VGC 2026 Reg M-A",
  "players": [
    "hfreahbW",
    "Toxapqex"
  ],
  "log": "|j|\u2606hfreahbW\n|j|\u2606Toxapqex\n|t:|1776559310\n|gametype|doubles\n|player|p1|hfreahbW|hilbert-wonderlauncher|1075\n|player|p2|Toxapqex|101|1114\n|gen|9\n|tier|[Gen 9 Champions] VGC 2026 Reg M-A\n|rated|\n|rule|Species Clause: Limit one of each Pok\u00e9mon\n|rule|Item Clause: Limit 1 of each item\n|clearpoke\n|poke|p1|Tyranitar, L50, M|\n|poke|p1|Garchomp, L50, F|\n|poke|p1|Sinistcha, L50|\n|poke|p1|Incineroar, L50, M|\n|poke|p1|Corviknight, L50, F|\n|poke|p1|Greninja, L50, M|\n|poke|p2|Gengar, L50, F|\n|poke|p2|Basculegion, L50, M|\n|poke|p2|Archaludon, L50, F|\n|poke|p2|Politoed, L50, M|\n|poke|p2|Incineroar, L50, M|\n|poke|p2|Dragonite, L50, F, shiny|\n|teampreview|4\n|inactive|Battle timer is ON: inactive players will automatically lose when time's up. (requested by Toxapqex)\n|\n|t:|1776559348\n|teamsize|p1|4\n|teamsize|p2|4\n|start\n|switch|p1a: Incineroar|Incineroar, L50, M|100/100\n|switch|p1b: Sinistcha|Sinistcha, L50|100/100\n|switch|p2a: Dragonite|Dragonite, L50, F, shiny|100/100\n|switch|p2b: Politoed|Politoed, L50, M|100/100\n|-weather|RainDance|[from] ability: Drizzle|[of] p2b: Politoed\n|-ability|p1a: Incineroar|Intimidate|boost\n|-fail|p2a: Dragonite|unboost|Attack|[from] ability: Inner Focus|[of] p2a: Dragonite\n|-unboost|p2b: Politoed|atk|1\n|turn|1\n|\n|t:|1776559362\n|detailschange|p2a: Dragonite|Dragonite-Mega, L50, F, shiny\n|-mega|p2a: Dragonite|Dragonite|Dragoninite\n|move|p2a: Dragonite|Protect|p2a: Dragonite\n|-singleturn|p2a: Dragonite|Protect\n|move|p1a: Incineroar|Fake Out|p2a: Dragonite\n|-activate|p2a: Dragonite|move: Protect\n|move|p1b: Sinistcha|Matcha Gotcha|p2b: Politoed|[spread] p2b\n|-activate|p2a: Dragonite|move: Protect\n|-supereffective|p2b: Politoed|1\n|-damage|p2b: Politoed|59/100\n|move|p2b: Politoed|Encore|p1a: Incineroar\n|-start|p1a: Incineroar|Encore\n|\n|-weather|RainDance|[upkeep]\n|upkeep\n|turn|2\n|\n|t:|1776559386\n|switch|p2b: Incineroar|Incineroar, L50, M|100/100\n|-ability|p2b: Incineroar|Intimidate|boost\n|-unboost|p1a: Incineroar|atk|1\n|-unboost|p1b: Sinistcha|atk|1\n|switch|p1a: Tyranitar|Tyranitar, L50, M|100/100\n|-weather|Sandstorm|[from] ability: Sand Stream|[of] p1a: Tyranitar\n|move|p2a: Dragonite|Hurricane|p1b: Sinistcha\n|-supereffective|p1b: Sinistcha|1\n|-damage|p1b: Sinistcha|0 fnt\n|faint|p1b: Sinistcha\n|\n|-weather|Sandstorm|[upkeep]\n|-damage|p2a: Dragonite|95/100|[from] Sandstorm\n|-damage|p2b: Incineroar|94/100|[from] Sandstorm\n|upkeep\n|\n|t:|1776559406\n|switch|p1b: Garchomp|Garchomp, L50, F|100/100\n|turn|3\n|inactive|Toxapqex has 30 seconds left.\n|\n|t:|1776559438\n|switch|p2b: Politoed|Politoed, L50, M|59/100\n|-weather|RainDance|[from] ability: Drizzle|[of] p2b: Politoed\n|move|p1b: Garchomp|Protect|p1b: Garchomp\n|-singleturn|p1b: Garchomp|Protect\n|move|p2a: Dragonite|Protect|p2a: Dragonite\n|-singleturn|p2a: Dragonite|Protect\n|move|p1a: Tyranitar|Dragon Dance|p1a: Tyranitar\n|-boost|p1a: Tyranitar|atk|1\n|-boost|p1a: Tyranitar|spe|1\n|\n|-weather|RainDance|[upkeep]\n|upkeep\n|turn|4\n|n|\u2606hfreahbW|hfreahbw\n|inactive|hfreahbW has 30 seconds left.\n|inactive|Toxapqex has 30 seconds left.\n|\n|t:|1776559472\n|switch|p2a: Archaludon|Archaludon, L50, F|100/100\n|switch|p2b: Incineroar|Incineroar, L50, M|94/100\n|-ability|p2b: Incineroar|Intimidate|boost\n|-unboost|p1a: Tyranitar|atk|1\n|-unboost|p1b: Garchomp|atk|1\n|detailschange|p1a: Tyranitar|Tyranitar-Mega, L50, M\n|-mega|p1a: Tyranitar|Tyranitar|Tyranitarite\n|-weather|Sandstorm|[from] ability: Sand Stream|[of] p1a: Tyranitar\n|move|p1b: Garchomp|Dragon Claw|p2a: Archaludon\n|-damage|p2a: Archaludon|80/100\n|-ability|p2a: Archaludon|Stamina|boost\n|-boost|p2a: Archaludon|def|1\n|move|p1a: Tyranitar|Rock Slide|p2a: Archaludon|[spread] p2a,p2b\n|-resisted|p2a: Archaludon|1\n|-supereffective|p2b: Incineroar|1\n|-damage|p2a: Archaludon|71/100\n|-damage|p2b: Incineroar|29/100\n|-ability|p2a: Archaludon|Stamina|boost\n|-boost|p2a: Archaludon|def|1\n|-enditem|p2b: Incineroar|Sitrus Berry|[eat]\n|-heal|p2b: Incineroar|54/100|[from] item: Sitrus Berry\n|\n|-weather|Sandstorm|[upkeep]\n|-damage|p2b: Incineroar|48/100|[from] Sandstorm\n|-heal|p2a: Archaludon|78/100|[from] item: Leftovers\n|upkeep\n|turn|5\n|inactive|hfreahbW has 30 seconds left.\n|inactive|Toxapqex has 30 seconds left.\n|\n|t:|1776559507\n|switch|p1a: Incineroar|Incineroar, L50, M|100/100\n|-ability|p1a: Incineroar|Intimidate|boost\n|-unboost|p2a: Archaludon|atk|1\n|-unboost|p2b: Incineroar|atk|1\n|move|p2b: Incineroar|Fake Out|p1a: Incineroar\n|-damage|p1a: Incineroar|94/100\n|move|p1b: Garchomp|Earthquake|p2b: Incineroar|[spread] p1a,p2a,p2b\n|-supereffective|p1a: Incineroar|1\n|-supereffective|p2a: Archaludon|1\n|-supereffective|p2b: Incineroar|1\n|-damage|p1a: Incineroar|48/100\n|-damage|p2a: Archaludon|59/100\n|-damage|p2b: Incineroar|2/100\n|-ability|p2a: Archaludon|Stamina|boost\n|-boost|p2a: Archaludon|def|1\n|-enditem|p1a: Incineroar|Sitrus Berry|[eat]\n|-heal|p1a: Incineroar|72/100|[from] item: Sitrus Berry\n|move|p2a: Archaludon|Flash Cannon|p1a: Incineroar\n|-resisted|p1a: Incineroar|1\n|-damage|p1a: Incineroar|55/100\n|-unboost|p1a: Incineroar|spd|1\n|\n|-weather|Sandstorm|[upkeep]\n|-damage|p2b: Incineroar|0 fnt|[from] Sandstorm\n|-damage|p1a: Incineroar|49/100|[from] Sandstorm\n|faint|p2b: Incineroar\n|-heal|p2a: Archaludon|65/100|[from] item: Leftovers\n|upkeep\n|\n|t:|1776559511\n|switch|p2b: Politoed|Politoed, L50, M|59/100\n|-weather|RainDance|[from] ability: Drizzle|[of] p2b: Politoed\n|turn|6\n|\n|t:|1776559530\n|move|p1b: Garchomp|Protect|p1b: Garchomp\n|-singleturn|p1b: Garchomp|Protect\n|move|p2a: Archaludon|Protect|p2a: Archaludon\n|-singleturn|p2a: Archaludon|Protect\n|move|p1a: Incineroar|Fake Out|p2b: Politoed\n|-damage|p2b: Politoed|46/100\n|cant|p2b: Politoed|flinch\n|\n|-weather|RainDance|[upkeep]\n|-heal|p2a: Archaludon|71/100|[from] item: Leftovers\n|upkeep\n|turn|7\n|\n|t:|1776559548\n|switch|p2b: Dragonite|Dragonite-Mega, L50, F, shiny|95/100\n|move|p1b: Garchomp|Earthquake|p2a: Archaludon|[spread] p1a,p2a\n|-immune|p2b: Dragonite\n|-supereffective|p1a: Incineroar|1\n|-supereffective|p2a: Archaludon|1\n|-crit|p2a: Archaludon\n|-damage|p1a: Incineroar|4/100\n|-damage|p2a: Archaludon|0 fnt\n|faint|p2a: Archaludon\n|move|p1a: Incineroar|Darkest Lariat|p2b: Dragonite\n|-damage|p2b: Dragonite|55/100\n|\n|-weather|RainDance|[upkeep]\n|upkeep\n|\n|t:|1776559556\n|switch|p2a: Politoed|Politoed, L50, M|46/100\n|turn|8\n|\n|t:|1776559568\n|switch|p1a: Tyranitar|Tyranitar-Mega, L50, M|100/100\n|-weather|Sandstorm|[from] ability: Sand Stream|[of] p1a: Tyranitar\n|move|p2b: Dragonite|Protect|p2b: Dragonite\n|-singleturn|p2b: Dragonite|Protect\n|move|p1b: Garchomp|Rock Slide|p2b: Dragonite|[spread] p2a\n|-activate|p2b: Dragonite|move: Protect\n|-damage|p2a: Politoed|35/100\n|move|p2a: Politoed|Muddy Water|p1a: Tyranitar|[spread] p1a\n|-miss|p2a: Politoed|p1b: Garchomp\n|-supereffective|p1a: Tyranitar|1\n|-damage|p1a: Tyranitar|75/100\n|\n|-weather|Sandstorm|[upkeep]\n|-damage|p2b: Dragonite|49/100|[from] Sandstorm\n|-damage|p2a: Politoed|29/100|[from] Sandstorm\n|upkeep\n|turn|9\n|inactive|hfreahbW has 30 seconds left.\n|\n|t:|1776559596\n|move|p1b: Garchomp|Dragon Claw|p2b: Dragonite\n|-supereffective|p2b: Dragonite|1\n|-damage|p2b: Dragonite|0 fnt\n|faint|p2b: Dragonite\n|move|p1a: Tyranitar|Knock Off|p2a: Politoed\n|-damage|p2a: Politoed|0 fnt\n|-enditem|p2a: Politoed|Bright Powder|[from] move: Knock Off|[of] p1a: Tyranitar\n|faint|p2a: Politoed\n|\n|win|hfreahbW\n|raw|hfreahbW's rating: 1075 &rarr; <strong>1107</strong><br />(+32 for winning)\n|raw|Toxapqex's rating: 1114 &rarr; <strong>1086</strong><br />(-28 for losing)\n",
  "uploadtime": 1776559598,
  "views": 13,
  "formatid": "gen9championsvgc2026regma",
  "rating": 1086,
  "private": 0,
  "password": null
}