{
  "id": "gen9championsvgc2026regma-2583377468",
  "format": "[Gen 9 Champions] VGC 2026 Reg M-A",
  "players": [
    "takethephilpill",
    "gyrohasaura"
  ],
  "log": "|j|\u2606takethephilpill\n|j|\u2606gyrohasaura\n|t:|1776171385\n|gametype|doubles\n|player|p1|takethephilpill|#ptplviistarmies|1035\n|player|p2|gyrohasaura|ghetsis|1103\n|gen|9\n|tier|[Gen 9 Champions] VGC 2026 Reg M-A\n|rated|\n|rule|Species Clause: Limit one of each Pok\u00e9mon\n|rule|Item Clause: Limit 1 of each item\n|clearpoke\n|poke|p1|Azumarill, L50, F|\n|poke|p1|Volcarona, L50, F|\n|poke|p1|Gengar, L50, M|\n|poke|p1|Incineroar, L50, M|\n|poke|p1|Kangaskhan, L50, F|\n|poke|p1|Meowstic, L50, M|\n|poke|p2|Garchomp, L50, M|\n|poke|p2|Machamp, L50, F|\n|poke|p2|Starmie, L50|\n|poke|p2|Whimsicott, L50, F|\n|poke|p2|Incineroar, L50, F|\n|poke|p2|Corviknight, L50, F|\n|teampreview|4\n|inactive|Battle timer is ON: inactive players will automatically lose when time's up. (requested by takethephilpill)\n|\n|t:|1776171406\n|teamsize|p1|4\n|teamsize|p2|4\n|start\n|switch|p1a: Kangaskhan|Kangaskhan, L50, F|100/100\n|switch|p1b: Meowstic|Meowstic, L50, M|100/100\n|switch|p2a: Starmie|Starmie, L50|100/100\n|switch|p2b: Machamp|Machamp, L50, F|100/100\n|turn|1\n|\n|t:|1776171421\n|detailschange|p2a: Starmie|Starmie-Mega, L50\n|-mega|p2a: Starmie|Starmie|Starminite\n|detailschange|p1a: Kangaskhan|Kangaskhan-Mega, L50, F\n|-mega|p1a: Kangaskhan|Kangaskhan|Kangaskhanite\n|move|p1b: Meowstic|Fake Out|p2a: Starmie\n|-damage|p2a: Starmie|95/100\n|move|p1a: Kangaskhan|Fake Out|p2b: Machamp\n|-damage|p2b: Machamp|77/100\n|-damage|p2b: Machamp|71/100\n|-hitcount|p2b: Machamp|2\n|cant|p2a: Starmie|flinch\n|cant|p2b: Machamp|flinch\n|\n|upkeep\n|turn|2\n|\n|t:|1776171446\n|move|p2a: Starmie|Skill Swap|p2b: Machamp\n|-activate|p2a: Starmie|Skill Swap|||[of] p2b: Machamp\n|move|p1b: Meowstic|Psychic|p2b: Machamp\n|-supereffective|p2b: Machamp|1\n|-damage|p2b: Machamp|19/100\n|move|p1a: Kangaskhan|Double-Edge|p2b: Machamp\n|-damage|p2b: Machamp|0 fnt\n|faint|p2b: Machamp\n|-hitcount|p2: Machamp|1\n|-damage|p1a: Kangaskhan|94/100|[from] Recoil\n|\n|upkeep\n|\n|t:|1776171453\n|switch|p2b: Incineroar|Incineroar, L50, F|100/100\n|-ability|p2b: Incineroar|Intimidate|boost\n|-unboost|p1a: Kangaskhan|atk|1\n|-unboost|p1b: Meowstic|atk|1\n|turn|3\n|\n|t:|1776171471\n|move|p1b: Meowstic|Quick Guard|p1b: Meowstic\n|-singleturn|p1b: Meowstic|Quick Guard\n|move|p2b: Incineroar|Fake Out|p1a: Kangaskhan\n|-activate|p1a: Kangaskhan|move: Quick Guard\n|move|p2a: Starmie|Flip Turn|p1a: Kangaskhan\n|-damage|p1a: Kangaskhan|67/100\n|\n|t:|1776171480\n|switch|p2a: Whimsicott|Whimsicott, L50, F|100/100|[from] Flip Turn\n|move|p1a: Kangaskhan|Rock Slide|p2b: Incineroar|[spread] p2a,p2b\n|-supereffective|p2b: Incineroar|1\n|-damage|p2a: Whimsicott|80/100\n|-damage|p2b: Incineroar|75/100\n|\n|upkeep\n|turn|4\n|\n|t:|1776171493\n|switch|p1a: Azumarill|Azumarill, L50, F|100/100\n|move|p2a: Whimsicott|Light Screen|p2a: Whimsicott\n|-sidestart|p2: gyrohasaura|move: Light Screen\n|move|p2b: Incineroar|Parting Shot|p1a: Azumarill\n|-unboost|p1a: Azumarill|atk|1\n|-unboost|p1a: Azumarill|spa|1\n|\n|t:|1776171499\n|switch|p2b: Starmie|Starmie-Mega, L50|95/100|[from] Parting Shot\n|move|p1b: Meowstic|Trick Room|p1b: Meowstic\n|-fieldstart|move: Trick Room|[of] p1b: Meowstic\n|\n|upkeep\n|turn|5\n|\n|t:|1776171512\n|move|p1a: Azumarill|Belly Drum|p1a: Azumarill\n|-damage|p1a: Azumarill|51/100\n|-setboost|p1a: Azumarill|atk|6|[from] move: Belly Drum\n|move|p1b: Meowstic|Psychic|p2a: Whimsicott\n|-damage|p2a: Whimsicott|53/100\n|-unboost|p2a: Whimsicott|spd|1\n|move|p2b: Starmie|Flip Turn|p1b: Meowstic|[miss]\n|-miss|p2b: Starmie|p1b: Meowstic\n|move|p2a: Whimsicott|Dazzling Gleam|p1a: Azumarill|[spread] p1a,p1b\n|-damage|p1a: Azumarill|25/100\n|-damage|p1b: Meowstic|77/100\n|-enditem|p1a: Azumarill|Sitrus Berry|[eat]\n|-heal|p1a: Azumarill|50/100|[from] item: Sitrus Berry\n|\n|upkeep\n|turn|6\n|-message|gyrohasaura forfeited.\n|\n|win|takethephilpill\n|raw|takethephilpill's rating: 1035 &rarr; <strong>1076</strong><br />(+41 for winning)\n|raw|gyrohasaura's rating: 1103 &rarr; <strong>1073</strong><br />(-30 for losing)\n|l|\u2606gyrohasaura\n|player|p2|\n",
  "uploadtime": 1776171528,
  "views": 15,
  "formatid": "gen9championsvgc2026regma",
  "rating": 1073,
  "private": 0,
  "password": null
}