{
  "id": "gen9championsvgc2026regma-2584644275",
  "format": "[Gen 9 Champions] VGC 2026 Reg M-A",
  "players": [
    "Murphy's kitchen",
    "Icydoggg"
  ],
  "log": "|j|\u2606Murphy's kitchen\n|j|\u203dIcydoggg\n|t:|1776274090\n|gametype|doubles\n|player|p1|Murphy's kitchen|102|1454\n|player|p2|Icydoggg|2|1394\n|gen|9\n|tier|[Gen 9 Champions] VGC 2026 Reg M-A\n|rated|\n|rule|Species Clause: Limit one of each Pok\u00e9mon\n|rule|Item Clause: Limit 1 of each item\n|clearpoke\n|poke|p1|Basculegion, L50, M|\n|poke|p1|Ninetales-Alola, L50, M|\n|poke|p1|Aerodactyl, L50, F|\n|poke|p1|Kommo-o, L50, F|\n|poke|p1|Scovillain, L50, M|\n|poke|p1|Scizor, L50, F|\n|poke|p2|Aerodactyl, L50, F|\n|poke|p2|Garchomp, L50, F|\n|poke|p2|Rotom-Wash, L50|\n|poke|p2|Aegislash, L50, M|\n|poke|p2|Sneasler, L50, F|\n|poke|p2|Floette-Eternal, L50, F|\n|teampreview|4\n|inactive|Battle timer is ON: inactive players will automatically lose when time's up. (requested by Icydoggg)\n|inactive|Murphy's kitchen has 60 seconds left.\n|inactive|Murphy's kitchen has 30 seconds left.\n|\n|t:|1776274155\n|teamsize|p1|4\n|teamsize|p2|4\n|start\n|switch|p1a: Aerodactyl|Aerodactyl, L50, F|100/100\n|switch|p1b: Basculegion|Basculegion, L50, M|100/100\n|switch|p2a: Aerodactyl|Aerodactyl, L50, F, shiny|100/100\n|switch|p2b: Rotom|Rotom-Wash, L50, shiny|100/100\n|-ability|p2a: Aerodactyl|Unnerve\n|-ability|p1a: Aerodactyl|Unnerve\n|turn|1\n|\n|t:|1776274176\n|move|p1b: Basculegion|Aqua Jet|p2a: Aerodactyl\n|-supereffective|p2a: Aerodactyl|1\n|-damage|p2a: Aerodactyl|16/100\n|move|p2b: Rotom|Will-O-Wisp|p1b: Basculegion\n|-status|p1b: Basculegion|brn\n|move|p1a: Aerodactyl|Rock Slide|p2b: Rotom|[spread] p2a,p2b\n|-supereffective|p2a: Aerodactyl|1\n|-damage|p2a: Aerodactyl|0 fnt\n|-damage|p2b: Rotom|68/100\n|faint|p2a: Aerodactyl\n|\n|-damage|p1b: Basculegion|94/100 brn|[from] brn\n|upkeep\n|\n|t:|1776274188\n|switch|p2a: Sneasler|Sneasler, L50, F, shiny|100/100\n|turn|2\n|\n|t:|1776274212\n|move|p1a: Aerodactyl|Protect|p1a: Aerodactyl\n|-singleturn|p1a: Aerodactyl|Protect\n|move|p2b: Rotom|Will-O-Wisp|p1a: Aerodactyl\n|-activate|p1a: Aerodactyl|move: Protect\n|move|p2a: Sneasler|Close Combat|p1a: Aerodactyl\n|-activate|p1a: Aerodactyl|move: Protect\n|move|p1b: Basculegion|Wave Crash|p2a: Sneasler\n|-damage|p2a: Sneasler|32/100\n|-damage|p1b: Basculegion|77/100 brn|[from] Recoil\n|\n|-damage|p1b: Basculegion|71/100 brn|[from] brn\n|upkeep\n|turn|3\n|\n|t:|1776274237\n|switch|p1a: Scovillain|Scovillain, L50, M|100/100\n|move|p2b: Rotom|Will-O-Wisp|p1a: Scovillain\n|-immune|p1a: Scovillain\n|move|p2a: Sneasler|Close Combat|p1a: Scovillain\n|-damage|p1a: Scovillain|41/100\n|-unboost|p2a: Sneasler|def|1\n|-unboost|p2a: Sneasler|spd|1\n|-enditem|p2a: Sneasler|White Herb\n|-clearnegativeboost|p2a: Sneasler|[silent]\n|move|p1b: Basculegion|Wave Crash|p2a: Sneasler\n|-damage|p2a: Sneasler|0 fnt\n|faint|p2a: Sneasler\n|-damage|p1b: Basculegion|62/100 brn|[from] Recoil\n|\n|-damage|p1b: Basculegion|56/100 brn|[from] brn\n|upkeep\n|\n|t:|1776274240\n|switch|p2a: Garchomp|Garchomp, L50, F, shiny|100/100\n|turn|4\n|inactive|Murphy's kitchen has 30 seconds left.\n|\n|t:|1776274270\n|detailschange|p1a: Scovillain|Scovillain-Mega, L50, M\n|-mega|p1a: Scovillain|Scovillain|Scovillainite\n|move|p1a: Scovillain|Rage Powder|p1a: Scovillain\n|-singleturn|p1a: Scovillain|move: Rage Powder\n|move|p2b: Rotom|Will-O-Wisp|p1a: Scovillain\n|-immune|p1a: Scovillain\n|move|p2a: Garchomp|Earthquake|p1a: Scovillain|[spread] p1a,p1b\n|-immune|p2b: Rotom|[from] ability: Levitate\n|-damage|p1a: Scovillain|2/100\n|-damage|p1b: Basculegion|8/100 brn\n|-status|p2a: Garchomp|brn|[from] ability: Spicy Spray|[of] p1a: Scovillain\n|-enditem|p1b: Basculegion|Sitrus Berry|[eat]\n|-heal|p1b: Basculegion|33/100 brn|[from] item: Sitrus Berry\n|move|p1b: Basculegion|Wave Crash|p2a: Garchomp\n|-damage|p2a: Garchomp|61/100 brn\n|-damage|p1b: Basculegion|20/100 brn|[from] ability: Rough Skin|[of] p2a: Garchomp\n|-damage|p1b: Basculegion|8/100 brn|[from] Recoil\n|\n|-damage|p2a: Garchomp|55/100 brn|[from] brn\n|-damage|p1b: Basculegion|2/100 brn|[from] brn\n|upkeep\n|turn|5\n|-message|Icydoggg forfeited.\n|\n|win|Murphy's kitchen\n|raw|Murphy&apos;s kitchen's rating: 1454 &rarr; <strong>1471</strong><br />(+17 for winning)\n|raw|Icydoggg's rating: 1394 &rarr; <strong>1377</strong><br />(-17 for losing)\n|l|\u203dIcydoggg\n|player|p2|\n",
  "uploadtime": 1776274295,
  "views": 64,
  "formatid": "gen9championsvgc2026regma",
  "rating": 1377,
  "private": 0,
  "password": null
}