{
  "id": "gen9championsvgc2026regma-2585912093",
  "format": "[Gen 9 Champions] VGC 2026 Reg M-A",
  "players": [
    "Alievew",
    "BroDontFuckWithMe"
  ],
  "log": "|j|\u2606Alievew\n|j|\u2606BroDontFuckWithMe\n|t:|1776380794\n|gametype|doubles\n|player|p1|Alievew|riley|1239\n|player|p2|BroDontFuckWithMe|169|1290\n|gen|9\n|tier|[Gen 9 Champions] VGC 2026 Reg M-A\n|rated|\n|rule|Species Clause: Limit one of each Pok\u00e9mon\n|rule|Item Clause: Limit 1 of each item\n|clearpoke\n|poke|p1|Pelipper, L50, M|\n|poke|p1|Rotom-Heat, L50|\n|poke|p1|Sinistcha-Masterpiece, L50|\n|poke|p1|Archaludon, L50, M|\n|poke|p1|Meganium, L50, F|\n|poke|p1|Basculegion, L50, M|\n|poke|p2|Starmie, L50|\n|poke|p2|Rotom-Heat, L50|\n|poke|p2|Excadrill, L50, F|\n|poke|p2|Sinistcha, L50|\n|poke|p2|Tyranitar, L50, F|\n|poke|p2|Gardevoir, L50, F|\n|teampreview|4\n|inactive|Battle timer is ON: inactive players will automatically lose when time's up. (requested by Alievew)\n|inactive|Alievew has 60 seconds left.\n|inactive|BroDontFuckWithMe has 60 seconds left.\n|\n|t:|1776380835\n|teamsize|p1|4\n|teamsize|p2|4\n|start\n|switch|p1a: Meganium|Meganium, L50, F|100/100\n|switch|p1b: Basculegion|Basculegion, L50, M|100/100\n|switch|p2a: Gardevoir|Gardevoir, L50, F|100/100\n|switch|p2b: Starmie|Starmie, L50|100/100\n|turn|1\n|\n|t:|1776380847\n|detailschange|p2b: Starmie|Starmie-Mega, L50\n|-mega|p2b: Starmie|Starmie|Starminite\n|detailschange|p1a: Meganium|Meganium-Mega, L50, F\n|-mega|p1a: Meganium|Meganium|Meganiumite\n|move|p2a: Gardevoir|Icy Wind|p1b: Basculegion|[spread] p1a,p1b\n|-supereffective|p1a: Meganium|1\n|-resisted|p1b: Basculegion|1\n|-damage|p1a: Meganium|77/100\n|-damage|p1b: Basculegion|93/100\n|-unboost|p1a: Meganium|spe|1\n|-unboost|p1b: Basculegion|spe|1\n|move|p2b: Starmie|Zen Headbutt|p1b: Basculegion\n|-damage|p1b: Basculegion|0 fnt\n|faint|p1b: Basculegion\n|move|p1a: Meganium|Solar Beam||[still]\n|-prepare|p1a: Meganium|Solar Beam\n|-activate|p1a: Meganium|ability: Mega Sol\n|-anim|p1a: Meganium|Solar Beam|p2b: Starmie\n|-supereffective|p2b: Starmie|1\n|-damage|p2b: Starmie|0 fnt\n|faint|p2b: Starmie\n|\n|upkeep\n|\n|t:|1776380865\n|switch|p2b: Rotom|Rotom-Heat, L50|100/100\n|switch|p1b: Pelipper|Pelipper, L50, M|100/100\n|-weather|RainDance|[from] ability: Drizzle|[of] p1b: Pelipper\n|turn|2\n|\n|t:|1776380877\n|move|p1a: Meganium|Protect|p1a: Meganium\n|-singleturn|p1a: Meganium|Protect\n|move|p2a: Gardevoir|Icy Wind|p1b: Pelipper|[spread] p1b\n|-activate|p1a: Meganium|move: Protect\n|-crit|p1b: Pelipper\n|-damage|p1b: Pelipper|68/100\n|-unboost|p1b: Pelipper|spe|1\n|move|p2b: Rotom|Volt Switch|p1b: Pelipper\n|-supereffective|p1b: Pelipper|2\n|-damage|p1b: Pelipper|0 fnt\n|faint|p1b: Pelipper\n|\n|t:|1776380882\n|switch|p2b: Sinistcha|Sinistcha, L50|100/100|[from] Volt Switch\n|\n|-weather|RainDance|[upkeep]\n|upkeep\n|\n|t:|1776380885\n|switch|p1b: Archaludon|Archaludon, L50, M|100/100\n|turn|3\n|\n|t:|1776380896\n|switch|p2a: Rotom|Rotom-Heat, L50|100/100\n|move|p1b: Archaludon|Flash Cannon|p2a: Rotom\n|-resisted|p2a: Rotom|2\n|-damage|p2a: Rotom|89/100\n|move|p2b: Sinistcha|Matcha Gotcha|p1b: Archaludon|[spread] p1a,p1b\n|-resisted|p1a: Meganium|1\n|-resisted|p1b: Archaludon|2\n|-damage|p1a: Meganium|66/100\n|-damage|p1b: Archaludon|93/100\n|-ability|p1b: Archaludon|Stamina|boost\n|-boost|p1b: Archaludon|def|1\n|move|p1a: Meganium|Weather Ball|p2b: Sinistcha\n|-supereffective|p2b: Sinistcha|1\n|-damage|p2b: Sinistcha|0 fnt\n|faint|p2b: Sinistcha\n|\n|-weather|RainDance|[upkeep]\n|-heal|p1b: Archaludon|99/100|[from] item: Leftovers\n|upkeep\n|\n|t:|1776380907\n|switch|p2b: Gardevoir|Gardevoir, L50, F|100/100\n|turn|4\n|\n|t:|1776380919\n|move|p2b: Gardevoir|Moonblast|p1b: Archaludon\n|-damage|p1b: Archaludon|35/100\n|-unboost|p1b: Archaludon|spa|1\n|-ability|p1b: Archaludon|Stamina|boost\n|-boost|p1b: Archaludon|def|1\n|move|p2a: Rotom|Overheat|p1b: Archaludon\n|-damage|p1b: Archaludon|0 fnt\n|-unboost|p2a: Rotom|spa|2\n|faint|p1b: Archaludon\n|move|p1a: Meganium|Solar Beam||[still]\n|-prepare|p1a: Meganium|Solar Beam\n|-activate|p1a: Meganium|ability: Mega Sol\n|-anim|p1a: Meganium|Solar Beam|p2b: Gardevoir\n|-damage|p2b: Gardevoir|25/100\n|\n|-weather|RainDance|[upkeep]\n|upkeep\n|turn|5\n|\n|t:|1776380940\n|move|p2b: Gardevoir|Moonblast|p1a: Meganium\n|-damage|p1a: Meganium|24/100\n|move|p2a: Rotom|Overheat|p1a: Meganium\n|-supereffective|p1a: Meganium|1\n|-damage|p1a: Meganium|0 fnt\n|-unboost|p2a: Rotom|spa|2\n|faint|p1a: Meganium\n|\n|win|BroDontFuckWithMe\n|raw|Alievew's rating: 1239 &rarr; <strong>1218</strong><br />(-21 for losing)\n|raw|BroDontFuckWithMe's rating: 1290 &rarr; <strong>1311</strong><br />(+21 for winning)\n",
  "uploadtime": 1776380940,
  "views": 20,
  "formatid": "gen9championsvgc2026regma",
  "rating": 1218,
  "private": 0,
  "password": null
}