{
  "id": "gen9championsvgc2026regma-2583876659",
  "format": "[Gen 9 Champions] VGC 2026 Reg M-A",
  "players": [
    "i simp flannery",
    "AidzPlayz"
  ],
  "log": "|j|\u2606i simp flannery\n|j|\u2606AidzPlayz\n|t:|1776204696\n|gametype|doubles\n|player|p1|i simp flannery|flannery|1083\n|player|p2|AidzPlayz|ghetsis-gen5bw|1161\n|gen|9\n|tier|[Gen 9 Champions] VGC 2026 Reg M-A\n|rated|\n|rule|Species Clause: Limit one of each Pok\u00e9mon\n|rule|Item Clause: Limit 1 of each item\n|clearpoke\n|poke|p1|Incineroar, L50, F|\n|poke|p1|Sinistcha, L50|\n|poke|p1|Milotic, L50, M|\n|poke|p1|Aggron, L50, F|\n|poke|p1|Basculegion, L50, M|\n|poke|p1|Aerodactyl, L50, F|\n|poke|p2|Aerodactyl, L50, M|\n|poke|p2|Incineroar, L50, M|\n|poke|p2|Floette-Eternal, L50, F|\n|poke|p2|Basculegion, L50, M|\n|poke|p2|Garchomp, L50, M|\n|poke|p2|Sneasler, L50, M|\n|teampreview|4\n|\n|t:|1776204749\n|teamsize|p1|4\n|teamsize|p2|4\n|start\n|switch|p1a: Aggron|Aggron, L50, F|100/100\n|switch|p1b: Milotic|Milotic, L50, M|100/100\n|switch|p2a: Incineroar|Incineroar, L50, M|100/100\n|switch|p2b: Garchomp|Garchomp, L50, M|100/100\n|-ability|p2a: Incineroar|Intimidate|boost\n|-unboost|p1a: Aggron|atk|1\n|-unboost|p1b: Milotic|atk|1\n|-ability|p1b: Milotic|Competitive|boost\n|-boost|p1b: Milotic|spa|2\n|turn|1\n|\n|t:|1776204772\n|move|p1b: Milotic|Protect|p1b: Milotic\n|-singleturn|p1b: Milotic|Protect\n|move|p1a: Aggron|Protect|p1a: Aggron\n|-singleturn|p1a: Aggron|Protect\n|move|p2b: Garchomp|Dragon Claw|p1b: Milotic\n|-activate|p1b: Milotic|move: Protect\n|move|p2a: Incineroar|Taunt|p1a: Aggron\n|-activate|p1a: Aggron|move: Protect\n|\n|upkeep\n|turn|2\n|\n|t:|1776204809\n|detailschange|p1a: Aggron|Aggron-Mega, L50, F\n|-mega|p1a: Aggron|Aggron|Aggronite\n|move|p2b: Garchomp|Earthquake|p1b: Milotic|[spread] p2a,p1a,p1b\n|-supereffective|p2a: Incineroar|1\n|-supereffective|p1a: Aggron|1\n|-crit|p1b: Milotic\n|-damage|p2a: Incineroar|31/100\n|-damage|p1a: Aggron|75/100\n|-damage|p1b: Milotic|54/100\n|-enditem|p2a: Incineroar|Sitrus Berry|[eat]\n|-heal|p2a: Incineroar|56/100|[from] item: Sitrus Berry\n|move|p1b: Milotic|Scald|p2a: Incineroar\n|-supereffective|p2a: Incineroar|1\n|-damage|p2a: Incineroar|0 fnt\n|faint|p2a: Incineroar\n|move|p1a: Aggron|Body Press|p2b: Garchomp\n|-damage|p2b: Garchomp|65/100\n|-damage|p1a: Aggron|62/100|[from] ability: Rough Skin|[of] p2b: Garchomp\n|\n|-heal|p1b: Milotic|60/100|[from] item: Leftovers\n|upkeep\n|inactive|Battle timer is ON: inactive players will automatically lose when time's up. (requested by AidzPlayz)\n|\n|t:|1776204827\n|switch|p2a: Sneasler|Sneasler, L50, M|100/100\n|turn|3\n|\n|t:|1776204838\n|switch|p1a: Sinistcha|Sinistcha, L50|100/100\n|-heal|p1b: Milotic|85/100|[from] ability: Hospitality|[of] p1a: Sinistcha\n|move|p1b: Milotic|Protect|p1b: Milotic\n|-singleturn|p1b: Milotic|Protect\n|move|p2a: Sneasler|Close Combat|p1a: Sinistcha\n|-immune|p1a: Sinistcha\n|move|p2b: Garchomp|Dragon Claw|p1b: Milotic\n|-activate|p1b: Milotic|move: Protect\n|\n|-heal|p1b: Milotic|91/100|[from] item: Leftovers\n|upkeep\n|turn|4\n|inactive|i simp flannery has 30 seconds left.\n|\n|t:|1776204869\n|move|p2b: Garchomp|Protect|p2b: Garchomp\n|-singleturn|p2b: Garchomp|Protect\n|move|p1a: Sinistcha|Rage Powder|p1a: Sinistcha\n|-singleturn|p1a: Sinistcha|move: Rage Powder\n|move|p2a: Sneasler|Close Combat|p1a: Sinistcha\n|-immune|p1a: Sinistcha\n|move|p1b: Milotic|Scald|p2b: Garchomp\n|-activate|p2b: Garchomp|move: Protect\n|\n|-heal|p1b: Milotic|97/100|[from] item: Leftovers\n|upkeep\n|turn|5\n|inactive|i simp flannery has 30 seconds left.\n|\n|t:|1776204900\n|switch|p2b: Floette|Floette-Eternal, L50, F|100/100\n|switch|p1a: Aggron|Aggron-Mega, L50, F|62/100\n|move|p2a: Sneasler|Dire Claw|p1b: Milotic\n|-damage|p1b: Milotic|68/100\n|move|p1b: Milotic|Scald|p2b: Floette\n|-crit|p2b: Floette\n|-damage|p2b: Floette|17/100\n|\n|-heal|p1b: Milotic|74/100|[from] item: Leftovers\n|upkeep\n|turn|6\n|inactive|AidzPlayz has 30 seconds left.\n|\n|t:|1776204926\n|detailschange|p2b: Floette|Floette-Mega, L50, F\n|-mega|p2b: Floette|Floette|Floettite\n|-ability|p2b: Floette|Fairy Aura\n|move|p2a: Sneasler|Close Combat|p1b: Milotic\n|-damage|p1b: Milotic|25/100\n|-unboost|p2a: Sneasler|def|1\n|-unboost|p2a: Sneasler|spd|1\n|-enditem|p2a: Sneasler|White Herb\n|-clearnegativeboost|p2a: Sneasler|[silent]\n|move|p2b: Floette|Moonblast|p1b: Milotic\n|-damage|p1b: Milotic|0 fnt\n|faint|p1b: Milotic\n|move|p1a: Aggron|Heavy Slam|p2b: Floette\n|-supereffective|p2b: Floette|1\n|-damage|p2b: Floette|0 fnt\n|faint|p2b: Floette\n|\n|upkeep\n|\n|t:|1776204942\n|switch|p2b: Garchomp|Garchomp, L50, M|65/100\n|switch|p1b: Sinistcha|Sinistcha, L50|100/100\n|-heal|p1a: Aggron|87/100|[from] ability: Hospitality|[of] p1b: Sinistcha\n|turn|7\n|\n|t:|1776204961\n|move|p2a: Sneasler|Dire Claw|p1b: Sinistcha\n|-damage|p1b: Sinistcha|63/100\n|-status|p1b: Sinistcha|psn\n|move|p2b: Garchomp|Dragon Claw|p1b: Sinistcha\n|-damage|p1b: Sinistcha|28/100 psn\n|move|p1b: Sinistcha|Matcha Gotcha|p2a: Sneasler|[spread] p2a,p2b\n|-resisted|p2a: Sneasler|1\n|-damage|p2a: Sneasler|85/100\n|-heal|p1b: Sinistcha|35/100 psn|[from] drain|[of] p2a: Sneasler\n|-damage|p2b: Garchomp|37/100\n|-heal|p1b: Sinistcha|49/100 psn|[from] drain|[of] p2b: Garchomp\n|move|p1a: Aggron|Iron Defense|p1a: Aggron\n|-boost|p1a: Aggron|def|2\n|\n|-damage|p1b: Sinistcha|37/100 psn|[from] psn\n|upkeep\n|turn|8\n|-message|AidzPlayz forfeited.\n|\n|win|i simp flannery\n|raw|i simp flannery's rating: 1083 &rarr; <strong>1117</strong><br />(+34 for winning)\n|raw|AidzPlayz's rating: 1161 &rarr; <strong>1130</strong><br />(-31 for losing)\n",
  "uploadtime": 1776204986,
  "views": 19,
  "formatid": "gen9championsvgc2026regma",
  "rating": 1117,
  "private": 0,
  "password": null
}