{
  "id": "gen9championsvgc2026regma-2581041113",
  "format": "[Gen 9 Champions] VGC 2026 Reg M-A",
  "players": [
    "Bahzor",
    "Pistone75"
  ],
  "log": "|j|\u2606Bahzor\n|j|\u2606Pistone75\n|t:|1775954322\n|gametype|doubles\n|player|p1|Bahzor|bruno|1062\n|player|p2|Pistone75|roughneck-gen4|1077\n|gen|9\n|tier|[Gen 9 Champions] VGC 2026 Reg M-A\n|rated|\n|rule|Species Clause: Limit one of each Pok\u00e9mon\n|rule|Item Clause: Limit 1 of each item\n|clearpoke\n|poke|p1|Rotom-Wash, L50|\n|poke|p1|Incineroar, L50, M|\n|poke|p1|Sneasler, L50, F|\n|poke|p1|Charizard, L50, M|\n|poke|p1|Venusaur, L50, M|\n|poke|p1|Garchomp, L50, F|\n|poke|p2|Dragapult, L50, F|\n|poke|p2|Tyranitar, L50, F|\n|poke|p2|Lycanroc, L50, F|\n|poke|p2|Sinistcha, L50|\n|poke|p2|Sableye, L50, F|\n|poke|p2|Volcarona, L50, M|\n|teampreview|4\n|\n|t:|1775954351\n|teamsize|p1|4\n|teamsize|p2|4\n|start\n|switch|p1a: Sneasler|Sneasler, L50, F|100/100\n|switch|p1b: Rotom|Rotom-Wash, L50|100/100\n|switch|p2a: Dragapult|Dragapult, L50, F|100/100\n|switch|p2b: Lycanroc|Lycanroc, L50, F|100/100\n|turn|1\n|inactive|Battle timer is ON: inactive players will automatically lose when time's up. (requested by Pistone75)\n|\n|t:|1775954370\n|switch|p2b: Sableye|Sableye, L50, F|100/100\n|move|p2a: Dragapult|Psychic Fangs|p1a: Sneasler\n|-supereffective|p1a: Sneasler|2\n|-enditem|p1a: Sneasler|Focus Sash\n|-damage|p1a: Sneasler|1/100\n|move|p1a: Sneasler|Rock Slide|p2b: Sableye|[spread] p2a\n|-miss|p1a: Sneasler|p2b: Sableye\n|-damage|p2a: Dragapult|71/100\n|move|p1b: Rotom|Hydro Pump|p2b: Sableye\n|-damage|p2b: Sableye|53/100\n|\n|upkeep\n|turn|2\n|inactive|Bahzor has 30 seconds left.\n|inactive|Bahzor has 20 seconds left.\n|\n|t:|1775954409\n|move|p2b: Sableye|Fake Out|p1a: Sneasler\n|-damage|p1a: Sneasler|0 fnt\n|faint|p1a: Sneasler\n|move|p2a: Dragapult|Draco Meteor|p1b: Rotom\n|-damage|p1b: Rotom|44/100\n|-unboost|p2a: Dragapult|spa|2\n|-enditem|p2a: Dragapult|White Herb\n|-clearnegativeboost|p2a: Dragapult|[silent]\n|move|p1b: Rotom|Hydro Pump|p2b: Sableye\n|-damage|p2b: Sableye|8/100\n|\n|-heal|p1b: Rotom|50/100|[from] item: Leftovers\n|upkeep\n|l|\u2606Pistone75\n|inactive|Pistone75 disconnected and has a minute to reconnect!\n|player|p2|\n|\n|t:|1775954424\n|switch|p1a: Venusaur|Venusaur, L50, M|100/100\n|turn|3\n|j|\u2606Pistone75\n|inactive|Pistone75 reconnected and has 35 seconds left.\n|player|p2|Pistone75|roughneck-gen4|\n|inactive|Pistone75 has 30 seconds left.\n|inactive|Pistone75 has 20 seconds left.\n|inactive|Pistone75 has 15 seconds left.\n|inactive|Pistone75 has 10 seconds left.\n|\n|t:|1775954471\n|detailschange|p1a: Venusaur|Venusaur-Mega, L50, M\n|-mega|p1a: Venusaur|Venusaur|Venusaurite\n|move|p1b: Rotom|Protect|p1b: Rotom\n|-singleturn|p1b: Rotom|Protect\n|move|p2b: Sableye|Quash|p1a: Venusaur\n|-activate|p1a: Venusaur|move: Quash\n|move|p2a: Dragapult|Psychic Fangs|p1a: Venusaur\n|-supereffective|p1a: Venusaur|1\n|-damage|p1a: Venusaur|75/100\n|move|p1a: Venusaur|Leech Seed|p2a: Dragapult\n|-start|p2a: Dragapult|move: Leech Seed\n|\n|-heal|p1b: Rotom|56/100|[from] item: Leftovers\n|-damage|p2a: Dragapult|59/100|[from] Leech Seed|[of] p1a: Venusaur\n|-heal|p1a: Venusaur|86/100|[silent]\n|upkeep\n|turn|4\n|inactive|Bahzor has 30 seconds left.\n|inactive|Pistone75 has 30 seconds left.\n|inactive|Bahzor has 20 seconds left.\n|\n|t:|1775954508\n|move|p2b: Sableye|Encore|p1b: Rotom\n|-start|p1b: Rotom|Encore\n|move|p1b: Rotom|Protect|p1b: Rotom\n|-singleturn|p1b: Rotom|Protect\n|move|p2a: Dragapult|Shadow Ball|p1a: Venusaur\n|-damage|p1a: Venusaur|58/100\n|-unboost|p1a: Venusaur|spd|1\n|move|p1a: Venusaur|Giga Drain|p2b: Sableye\n|-damage|p2b: Sableye|0 fnt\n|-heal|p1a: Venusaur|61/100|[from] drain|[of] p2b: Sableye\n|faint|p2b: Sableye\n|\n|-heal|p1b: Rotom|62/100|[from] item: Leftovers\n|-damage|p2a: Dragapult|47/100|[from] Leech Seed|[of] p1a: Venusaur\n|-heal|p1a: Venusaur|72/100|[silent]\n|upkeep\n|\n|t:|1775954522\n|switch|p2b: Tyranitar|Tyranitar, L50, F|100/100\n|-weather|Sandstorm|[from] ability: Sand Stream|[of] p2b: Tyranitar\n|turn|5\n|\n|t:|1775954541\n|switch|p1b: Garchomp|Garchomp, L50, F|100/100\n|detailschange|p2b: Tyranitar|Tyranitar-Mega, L50, F\n|-mega|p2b: Tyranitar|Tyranitar|Tyranitarite\n|move|p2a: Dragapult|Draco Meteor|p1a: Venusaur\n|-damage|p1a: Venusaur|3/100\n|-unboost|p2a: Dragapult|spa|2\n|move|p2b: Tyranitar|Dragon Dance|p2b: Tyranitar\n|-boost|p2b: Tyranitar|atk|1\n|-boost|p2b: Tyranitar|spe|1\n|move|p1a: Venusaur|Giga Drain|p2b: Tyranitar\n|-supereffective|p2b: Tyranitar|1\n|-damage|p2b: Tyranitar|62/100\n|-heal|p1a: Venusaur|22/100|[from] drain|[of] p2b: Tyranitar\n|\n|-weather|Sandstorm|[upkeep]\n|-damage|p2a: Dragapult|40/100|[from] Sandstorm\n|-damage|p1a: Venusaur|17/100|[from] Sandstorm\n|-damage|p2a: Dragapult|28/100|[from] Leech Seed|[of] p1a: Venusaur\n|-heal|p1a: Venusaur|27/100|[silent]\n|upkeep\n|turn|6\n|\n|t:|1775954562\n|move|p2b: Tyranitar|Protect|p2b: Tyranitar\n|-singleturn|p2b: Tyranitar|Protect\n|move|p1a: Venusaur|Protect|p1a: Venusaur\n|-singleturn|p1a: Venusaur|Protect\n|move|p2a: Dragapult|Draco Meteor|p1a: Venusaur\n|-activate|p1a: Venusaur|move: Protect\n|move|p1b: Garchomp|Earthquake|p2a: Dragapult|[spread] p2a\n|-activate|p1a: Venusaur|move: Protect\n|-activate|p2b: Tyranitar|move: Protect\n|-damage|p2a: Dragapult|0 fnt\n|faint|p2a: Dragapult\n|\n|-weather|Sandstorm|[upkeep]\n|-damage|p1a: Venusaur|21/100|[from] Sandstorm\n|upkeep\n|\n|t:|1775954573\n|switch|p2a: Lycanroc|Lycanroc, L50, F|100/100\n|turn|7\n|\n|t:|1775954597\n|move|p2a: Lycanroc|Rock Slide|p1b: Garchomp|[spread] p1a,p1b\n|-resisted|p1b: Garchomp|1\n|-damage|p1a: Venusaur|5/100\n|-damage|p1b: Garchomp|87/100\n|move|p2b: Tyranitar|Crunch|p1b: Garchomp\n|-damage|p1b: Garchomp|20/100\n|-damage|p2b: Tyranitar|50/100|[from] ability: Rough Skin|[of] p1b: Garchomp\n|-enditem|p1b: Garchomp|Sitrus Berry|[eat]\n|-heal|p1b: Garchomp|45/100|[from] item: Sitrus Berry\n|cant|p1b: Garchomp|flinch\n|move|p1a: Venusaur|Giga Drain|p2a: Lycanroc\n|-supereffective|p2a: Lycanroc|1\n|-damage|p2a: Lycanroc|29/100\n|-heal|p1a: Venusaur|34/100|[from] drain|[of] p2a: Lycanroc\n|\n|-weather|Sandstorm|[upkeep]\n|-damage|p1a: Venusaur|28/100|[from] Sandstorm\n|upkeep\n|turn|8\n|inactive|Pistone75 has 30 seconds left.\n|\n|t:|1775954627\n|move|p1b: Garchomp|Protect|p1b: Garchomp\n|-singleturn|p1b: Garchomp|Protect\n|move|p2a: Lycanroc|Psychic Fangs|p1a: Venusaur\n|-supereffective|p1a: Venusaur|1\n|-damage|p1a: Venusaur|0 fnt\n|faint|p1a: Venusaur\n|move|p2b: Tyranitar|Crunch|p1b: Garchomp\n|-activate|p1b: Garchomp|move: Protect\n|\n|-weather|Sandstorm|[upkeep]\n|upkeep\n|\n|t:|1775954636\n|switch|p1a: Rotom|Rotom-Wash, L50|62/100\n|turn|9\n|\n|t:|1775954650\n|move|p2a: Lycanroc|Close Combat|p1a: Rotom\n|-damage|p1a: Rotom|29/100\n|-unboost|p2a: Lycanroc|def|1\n|-unboost|p2a: Lycanroc|spd|1\n|move|p2b: Tyranitar|Crunch|p1b: Garchomp\n|-damage|p1b: Garchomp|0 fnt\n|-damage|p2b: Tyranitar|38/100|[from] ability: Rough Skin|[of] p1b: Garchomp\n|faint|p1b: Garchomp\n|move|p1a: Rotom|Hydro Pump|p2b: Tyranitar\n|-supereffective|p2b: Tyranitar|1\n|-damage|p2b: Tyranitar|0 fnt\n|faint|p2b: Tyranitar\n|\n|-weather|none\n|-heal|p1a: Rotom|35/100|[from] item: Leftovers\n|upkeep\n|turn|10\n|\n|t:|1775954669\n|move|p1a: Rotom|Protect|p1a: Rotom\n|-singleturn|p1a: Rotom|Protect\n|move|p2a: Lycanroc|Close Combat|p1a: Rotom\n|-activate|p1a: Rotom|move: Protect\n|\n|-heal|p1a: Rotom|41/100|[from] item: Leftovers\n|upkeep\n|turn|11\n|\n|t:|1775954676\n|move|p2a: Lycanroc|Rock Slide|p1a: Rotom\n|-damage|p1a: Rotom|11/100\n|cant|p1a: Rotom|flinch\n|\n|-heal|p1a: Rotom|17/100|[from] item: Leftovers\n|upkeep\n|turn|12\n|\n|t:|1775954684\n|move|p1a: Rotom|Protect|p1a: Rotom\n|-singleturn|p1a: Rotom|Protect\n|move|p2a: Lycanroc|Close Combat|p1a: Rotom\n|-activate|p1a: Rotom|move: Protect\n|\n|-heal|p1a: Rotom|23/100|[from] item: Leftovers\n|upkeep\n|turn|13\n|\n|t:|1775954692\n|move|p1a: Rotom|Protect||[still]\n|-fail|p1a: Rotom\n|move|p2a: Lycanroc|Close Combat|p1a: Rotom\n|-damage|p1a: Rotom|0 fnt\n|-unboost|p2a: Lycanroc|def|1\n|-unboost|p2a: Lycanroc|spd|1\n|faint|p1a: Rotom\n|\n|win|Pistone75\n|raw|Bahzor's rating: 1062 &rarr; <strong>1044</strong><br />(-18 for losing)\n|raw|Pistone75's rating: 1077 &rarr; <strong>1104</strong><br />(+27 for winning)\n|l|\u2606Bahzor\n|player|p1|\n",
  "uploadtime": 1775954705,
  "views": 26,
  "formatid": "gen9championsvgc2026regma",
  "rating": 1044,
  "private": 0,
  "password": null
}