{
  "id": "gen9championsvgc2026regma-2587219714",
  "format": "[Gen 9 Champions] VGC 2026 Reg M-A",
  "players": [
    "dohawyth",
    "Pyro.D.Mario"
  ],
  "log": "|j|\u2606dohawyth\n|j|\u2606Pyro.D.Mario\n|t:|1776510623\n|gametype|doubles\n|player|p1|dohawyth|169|1122\n|player|p2|Pyro.D.Mario|benga|1158\n|gen|9\n|tier|[Gen 9 Champions] VGC 2026 Reg M-A\n|rated|\n|rule|Species Clause: Limit one of each Pok\u00e9mon\n|rule|Item Clause: Limit 1 of each item\n|clearpoke\n|poke|p1|Incineroar, L50, F|\n|poke|p1|Crabominable, L50, M|\n|poke|p1|Aggron, L50, F|\n|poke|p1|Kingambit, L50, M|\n|poke|p1|Slowking-Galar, L50, F|\n|poke|p1|Sinistcha, L50|\n|poke|p2|Sableye, L50, M, shiny|\n|poke|p2|Charizard, L50, M, shiny|\n|poke|p2|Espathra, L50, F|\n|poke|p2|Excadrill, L50, F|\n|poke|p2|Gardevoir, L50, M, shiny|\n|poke|p2|Decidueye-Hisui, L50, M, shiny|\n|teampreview|4\n|inactive|Battle timer is ON: inactive players will automatically lose when time's up. (requested by Pyro.D.Mario)\ndohawyth rejected open team sheets.\n|inactive|dohawyth has 60 seconds left.\n|inactive|Pyro.D.Mario has 60 seconds left.\n|\n|t:|1776510669\n|teamsize|p1|4\n|teamsize|p2|4\n|start\n|switch|p1a: Slowking|Slowking-Galar, L50, F|100/100\n|switch|p1b: Incineroar|Incineroar, L50, F|100/100\n|switch|p2a: Decidueye|Decidueye-Hisui, L50, M, shiny|100/100\n|switch|p2b: He he|Sableye, L50, M, shiny|100/100\n|-ability|p1b: Incineroar|Intimidate|boost\n|-fail|p2a: Decidueye|unboost|Attack|[from] ability: Scrappy|[of] p2a: Decidueye\n|-unboost|p2b: He he|atk|1\n|turn|1\n|\n|t:|1776510687\n|move|p2a: Decidueye|Upper Hand|p1b: Incineroar\n|-supereffective|p1b: Incineroar|1\n|-damage|p1b: Incineroar|41/100\n|cant|p1b: Incineroar|flinch\n|move|p2b: He he|Fake Out|p1a: Slowking\n|-crit|p1a: Slowking\n|-damage|p1a: Slowking|91/100\n|cant|p1a: Slowking|flinch\n|\n|upkeep\n|turn|2\n|\n|t:|1776510706\n|move|p2b: He he|Taunt|p1a: Slowking\n|-start|p1a: Slowking|move: Taunt\n|move|p1b: Incineroar|Flare Blitz|p2a: Decidueye\n|-supereffective|p2a: Decidueye|1\n|-damage|p2a: Decidueye|0 fnt\n|faint|p2a: Decidueye\n|-damage|p1b: Incineroar|9/100|[from] Recoil\n|cant|p1a: Slowking|move: Taunt|Trick Room\n|\n|upkeep\n|\n|t:|1776510719\n|switch|p2a: Astolfo|Gardevoir, L50, M, shiny|100/100\n|turn|3\n|\n|t:|1776510744\n|move|p2a: Astolfo|Psychic|p1a: Slowking\n|-damage|p1a: Slowking|61/100\n|move|p1b: Incineroar|Flare Blitz|p2a: Astolfo\n|-damage|p2a: Astolfo|20/100\n|-damage|p1b: Incineroar|0 fnt|[from] Recoil\n|faint|p1b: Incineroar\n|move|p2b: He he|Foul Play|p1a: Slowking\n|-supereffective|p1a: Slowking|1\n|-enditem|p1a: Slowking|Colbur Berry|[eat]\n|-enditem|p1a: Slowking|Colbur Berry|[weaken]\n|-damage|p1a: Slowking|38/100\n|move|p1a: Slowking|Sludge Bomb|p2a: Astolfo\n|-supereffective|p2a: Astolfo|1\n|-damage|p2a: Astolfo|0 fnt\n|faint|p2a: Astolfo\n|\n|upkeep\n|\n|t:|1776510757\n|switch|p2a: Lizardon|Charizard, L50, M, shiny|100/100\n|switch|p1b: Crabominable|Crabominable, L50, M|100/100\n|turn|4\n|\n|t:|1776510774\n|detailschange|p2a: Lizardon|Charizard-Mega-Y, L50, M, shiny\n|-mega|p2a: Lizardon|Charizard|Charizardite Y\n|-weather|SunnyDay|[from] ability: Drought|[of] p2a: Lizardon\n|move|p1b: Crabominable|Protect|p1b: Crabominable\n|-singleturn|p1b: Crabominable|Protect\n|move|p2a: Lizardon|Heat Wave|p1a: Slowking|[spread] p1a\n|-activate|p1b: Crabominable|move: Protect\n|-damage|p1a: Slowking|0 fnt\n|faint|p1a: Slowking\n|move|p2b: He he|Foul Play|p1b: Crabominable\n|-activate|p1b: Crabominable|move: Protect\n|\n|-weather|SunnyDay|[upkeep]\n|upkeep\n|\n|t:|1776510777\n|switch|p1a: Sinistcha|Sinistcha, L50|100/100\n|turn|5\n|\n|t:|1776510794\n|detailschange|p1b: Crabominable|Crabominable-Mega, L50, M\n|-mega|p1b: Crabominable|Crabominable|Crabominite\n|move|p2b: He he|Taunt|p1b: Crabominable\n|-start|p1b: Crabominable|move: Taunt\n|move|p2a: Lizardon|Heat Wave|p1b: Crabominable|[spread] p1a,p1b\n|-supereffective|p1a: Sinistcha|1\n|-supereffective|p1b: Crabominable|1\n|-damage|p1a: Sinistcha|33/100\n|-damage|p1b: Crabominable|0 fnt\n|-enditem|p1a: Sinistcha|Sitrus Berry|[eat]\n|-heal|p1a: Sinistcha|58/100|[from] item: Sitrus Berry\n|faint|p1b: Crabominable\n|move|p1a: Sinistcha|Trick Room|p1a: Sinistcha\n|-fieldstart|move: Trick Room|[of] p1a: Sinistcha\n|\n|-weather|SunnyDay|[upkeep]\n|upkeep\n|turn|6\n|\n|t:|1776510811\n|move|p2b: He he|Gravity|p2b: He he\n|-fieldstart|move: Gravity\n|move|p1a: Sinistcha|Strength Sap|p2a: Lizardon\n|-unboost|p2a: Lizardon|atk|1\n|-heal|p1a: Sinistcha|100/100\n|move|p2a: Lizardon|Fire Blast|p1a: Sinistcha\n|-supereffective|p1a: Sinistcha|1\n|-damage|p1a: Sinistcha|0 fnt\n|faint|p1a: Sinistcha\n|\n|win|Pyro.D.Mario\n|raw|dohawyth's rating: 1122 &rarr; <strong>1100</strong><br />(-22 for losing)\n|raw|Pyro.D.Mario's rating: 1158 &rarr; <strong>1180</strong><br />(+22 for winning)\n|l|\u2606Pyro.D.Mario\n|player|p2|\n",
  "uploadtime": 1776510820,
  "views": 21,
  "formatid": "gen9championsvgc2026regma",
  "rating": 1100,
  "private": 0,
  "password": null
}