{
  "id": "gen9championsvgc2026regma-2585151358",
  "format": "[Gen 9 Champions] VGC 2026 Reg M-A",
  "players": [
    "Bicycle Bandy",
    "M4gnumOpus"
  ],
  "log": "|j|\u2606Bicycle Bandy\n|j|\u2606M4gnumOpus\n|t:|1776318096\n|gametype|doubles\n|player|p1|Bicycle Bandy|102|1261\n|player|p2|M4gnumOpus|cynthia|1270\n|gen|9\n|tier|[Gen 9 Champions] VGC 2026 Reg M-A\n|rated|\n|rule|Species Clause: Limit one of each Pok\u00e9mon\n|rule|Item Clause: Limit 1 of each item\n|clearpoke\n|poke|p1|Meganium, L50, F|\n|poke|p1|Milotic, L50, M|\n|poke|p1|Talonflame, L50, F|\n|poke|p1|Arcanine-Hisui, L50, F|\n|poke|p1|Tyranitar, L50, F|\n|poke|p1|Aegislash, L50, M|\n|poke|p2|Floette-Eternal, L50, F|\n|poke|p2|Delphox, L50, M|\n|poke|p2|Garchomp, L50, F|\n|poke|p2|Maushold-Four, L50|\n|poke|p2|Aerodactyl, L50, F|\n|poke|p2|Sneasler, L50, M|\n|teampreview|4\n|inactive|Battle timer is ON: inactive players will automatically lose when time's up. (requested by M4gnumOpus)\n|inactive|M4gnumOpus has 60 seconds left.\n|\n|t:|1776318150\n|teamsize|p1|4\n|teamsize|p2|4\n|start\n|switch|p1a: Talonflame|Talonflame, L50, F, shiny|100/100\n|switch|p1b: Meganium|Meganium, L50, F|100/100\n|switch|p2a: Aerodactyl|Aerodactyl, L50, F|100/100\n|switch|p2b: Garchomp|Garchomp, L50, F|100/100\n|-ability|p2a: Aerodactyl|Unnerve\n|turn|1\n|inactive|Bicycle Bandy has 30 seconds left.\n|inactive|Bicycle Bandy has 20 seconds left.\n|inactive|Bicycle Bandy has 15 seconds left.\n|inactive|Bicycle Bandy has 10 seconds left.\n|\n|t:|1776318197\n|detailschange|p1b: Meganium|Meganium-Mega, L50, F\n|-mega|p1b: Meganium|Meganium|Meganiumite\n|move|p1a: Talonflame|Tailwind|p1a: Talonflame\n|-sidestart|p1: Bicycle Bandy|move: Tailwind\n|move|p1b: Meganium|Dazzling Gleam|p2b: Garchomp|[spread] p2a,p2b\n|-supereffective|p2b: Garchomp|1\n|-damage|p2a: Aerodactyl|44/100\n|-damage|p2b: Garchomp|28/100\n|-enditem|p2b: Garchomp|Sitrus Berry|[eat]\n|-heal|p2b: Garchomp|53/100|[from] item: Sitrus Berry\n|move|p2a: Aerodactyl|Tailwind|p2a: Aerodactyl\n|-sidestart|p2: M4gnumOpus|move: Tailwind\n|move|p2b: Garchomp|Rock Slide|p1a: Talonflame|[spread] p1a\n|-miss|p2b: Garchomp|p1b: Meganium\n|-supereffective|p1a: Talonflame|2\n|-damage|p1a: Talonflame|0 fnt\n|faint|p1a: Talonflame\n|\n|upkeep\n|\n|t:|1776318215\n|switch|p1a: Arcanine|Arcanine-Hisui, L50, F|100/100\n|turn|2\n|inactive|Bicycle Bandy has 30 seconds left.\n|inactive|M4gnumOpus has 30 seconds left.\n|inactive|Bicycle Bandy has 20 seconds left.\n|\n|t:|1776318252\n|move|p2a: Aerodactyl|Dual Wingbeat|p1b: Meganium\n|-supereffective|p1b: Meganium|1\n|-damage|p1b: Meganium|71/100\n|-supereffective|p1b: Meganium|1\n|-damage|p1b: Meganium|38/100\n|-hitcount|p1b: Meganium|2\n|move|p2b: Garchomp|Rock Slide|p1a: Arcanine|[spread] p1a,p1b\n|-supereffective|p1a: Arcanine|1\n|-damage|p1a: Arcanine|54/100\n|-damage|p1b: Meganium|21/100\n|cant|p1a: Arcanine|flinch\n|cant|p1b: Meganium|flinch\n|\n|upkeep\n|turn|3\n|c|\u2606Bicycle Bandy|dang it be like that\n|c|\u2606M4gnumOpus|im so sorry\n|c|\u2606Bicycle Bandy|all good lol\n|c|\u2606M4gnumOpus|just lost to that too\n|inactive|Bicycle Bandy has 30 seconds left.\n|inactive|M4gnumOpus has 30 seconds left.\n|\n|t:|1776318285\n|switch|p1a: Aegislash|Aegislash, L50, M|100/100\n|move|p1b: Meganium|Protect|p1b: Meganium\n|-singleturn|p1b: Meganium|Protect\n|move|p2a: Aerodactyl|Rock Slide|p1a: Aegislash|[spread] \n|-activate|p1b: Meganium|move: Protect\n|-miss|p2a: Aerodactyl|p1a: Aegislash\n|move|p2b: Garchomp|Earthquake|p1a: Aegislash|[spread] p1a\n|-activate|p1b: Meganium|move: Protect\n|-immune|p2a: Aerodactyl\n|-supereffective|p1a: Aegislash|1\n|-damage|p1a: Aegislash|43/100\n|\n|-heal|p1a: Aegislash|49/100|[from] item: Leftovers\n|upkeep\n|turn|4\n|inactive|Bicycle Bandy has 30 seconds left.\n|\n|t:|1776318315\n|move|p1a: Aegislash|Wide Guard|p1a: Aegislash\n|-singleturn|p1a: Aegislash|Wide Guard\n|move|p2a: Aerodactyl|Rock Slide|p1b: Meganium|[spread] \n|-activate|p1a: Aegislash|move: Wide Guard\n|-activate|p1b: Meganium|move: Wide Guard\n|move|p2b: Garchomp|Earthquake|p1a: Aegislash|[spread] \n|-activate|p1a: Aegislash|move: Wide Guard\n|-activate|p1b: Meganium|move: Wide Guard\n|-immune|p2a: Aerodactyl\n|move|p1b: Meganium|Dazzling Gleam|p2a: Aerodactyl|[spread] p2a,p2b\n|-supereffective|p2b: Garchomp|1\n|-damage|p2a: Aerodactyl|0 fnt\n|-damage|p2b: Garchomp|0 fnt\n|faint|p2a: Aerodactyl\n|faint|p2b: Garchomp\n|\n|-heal|p1a: Aegislash|55/100|[from] item: Leftovers\n|-sideend|p1: Bicycle Bandy|move: Tailwind\n|-sideend|p2: M4gnumOpus|move: Tailwind\n|upkeep\n|\n|t:|1776318321\n|switch|p2a: Floette|Floette-Eternal, L50, F|100/100\n|switch|p2b: Maushold|Maushold-Four, L50|100/100\n|turn|5\n|inactive|Bicycle Bandy has 30 seconds left.\n|\n|t:|1776318360\n|detailschange|p2a: Floette|Floette-Mega, L50, F\n|-mega|p2a: Floette|Floette|Floettite\n|-ability|p2a: Floette|Fairy Aura\n|move|p2b: Maushold|Follow Me|p2b: Maushold\n|-singleturn|p2b: Maushold|move: Follow Me\n|move|p2a: Floette|Moonblast|p1b: Meganium\n|-damage|p1b: Meganium|0 fnt\n|faint|p1b: Meganium\n|-formechange|p1a: Aegislash|Aegislash-Blade|\n|move|p1a: Aegislash|Flash Cannon|p2b: Maushold\n|-damage|p2b: Maushold|49/100\n|\n|-heal|p1a: Aegislash|61/100|[from] item: Leftovers\n|upkeep\n|\n|t:|1776318372\n|switch|p1b: Arcanine|Arcanine-Hisui, L50, F|54/100\n|turn|6\n|\n|t:|1776318386\n|move|p1b: Arcanine|Protect|p1b: Arcanine\n|-singleturn|p1b: Arcanine|Protect\n|-formechange|p1a: Aegislash|Aegislash|\n|move|p1a: Aegislash|King's Shield|p1a: Aegislash\n|-singleturn|p1a: Aegislash|Protect\n|move|p2b: Maushold|Follow Me|p2b: Maushold\n|-singleturn|p2b: Maushold|move: Follow Me\n|move|p2a: Floette|Dazzling Gleam|p1b: Arcanine|[spread] \n|-activate|p1a: Aegislash|move: Protect\n|-activate|p1b: Arcanine|move: Protect\n|\n|-heal|p1a: Aegislash|67/100|[from] item: Leftovers\n|upkeep\n|turn|7\n|inactive|Bicycle Bandy has 30 seconds left.\n|\n|t:|1776318416\n|move|p2b: Maushold|Follow Me|p2b: Maushold\n|-singleturn|p2b: Maushold|move: Follow Me\n|move|p1b: Arcanine|Flare Blitz|p2b: Maushold\n|-damage|p2b: Maushold|0 fnt\n|faint|p2b: Maushold\n|move|p2a: Floette|Moonblast|p1a: Aegislash\n|-resisted|p1a: Aegislash|1\n|-damage|p1a: Aegislash|39/100\n|-formechange|p1a: Aegislash|Aegislash-Blade|\n|move|p1a: Aegislash|Flash Cannon|p2a: Floette\n|-supereffective|p2a: Floette|1\n|-damage|p2a: Floette|32/100\n|\n|-heal|p1a: Aegislash|45/100|[from] item: Leftovers\n|upkeep\n|turn|8\n|c|\u2606M4gnumOpus|gg\n|c|\u2606Bicycle Bandy|gg\n|\n|t:|1776318434\n|move|p1b: Arcanine|Protect|p1b: Arcanine\n|-singleturn|p1b: Arcanine|Protect\n|-formechange|p1a: Aegislash|Aegislash|\n|move|p1a: Aegislash|King's Shield|p1a: Aegislash\n|-singleturn|p1a: Aegislash|Protect\n|move|p2a: Floette|Dazzling Gleam|p1a: Aegislash|[spread] \n|-activate|p1a: Aegislash|move: Protect\n|-activate|p1b: Arcanine|move: Protect\n|\n|-heal|p1a: Aegislash|51/100|[from] item: Leftovers\n|upkeep\n|turn|9\n|-message|M4gnumOpus forfeited.\n|\n|win|Bicycle Bandy\n|raw|Bicycle Bandy's rating: 1261 &rarr; <strong>1287</strong><br />(+26 for winning)\n|raw|M4gnumOpus's rating: 1270 &rarr; <strong>1244</strong><br />(-26 for losing)\n|l|\u2606M4gnumOpus\n|player|p2|\n",
  "uploadtime": 1776318465,
  "views": 26,
  "formatid": "gen9championsvgc2026regma",
  "rating": 1244,
  "private": 0,
  "password": null
}