{
  "id": "gen9championsvgc2026regma-2585822986",
  "format": "[Gen 9 Champions] VGC 2026 Reg M-A",
  "players": [
    "raikudosenien",
    "vassock"
  ],
  "log": "|j|\u2606raikudosenien\n|j|\u2606vassock\n|t:|1776373265\n|gametype|doubles\n|player|p1|raikudosenien|1|1077\n|player|p2|vassock|265|1012\n|gen|9\n|tier|[Gen 9 Champions] VGC 2026 Reg M-A\n|rated|\n|rule|Species Clause: Limit one of each Pok\u00e9mon\n|rule|Item Clause: Limit 1 of each item\n|clearpoke\n|poke|p1|Gengar, L50, M|\n|poke|p1|Hydrapple, L50, F|\n|poke|p1|Cofagrigus, L50, F|\n|poke|p1|Toxapex, L50, M|\n|poke|p1|Absol, L50, M|\n|poke|p1|Clawitzer, L50, F|\n|poke|p2|Incineroar, L50, F|\n|poke|p2|Raichu-Alola, L50, M|\n|poke|p2|Conkeldurr, L50, F|\n|poke|p2|Noivern, L50, F|\n|poke|p2|Kangaskhan, L50, F|\n|poke|p2|Sharpedo, L50, F|\n|teampreview|4\n|\n|t:|1776373300\n|teamsize|p1|4\n|teamsize|p2|4\n|start\n|switch|p1a: Cofagrigus|Cofagrigus, L50, F|100/100\n|switch|p1b: Toxapex|Toxapex, L50, M|100/100\n|switch|p2a: Raichu|Raichu-Alola, L50, M, shiny|100/100\n|switch|p2b: Incineroar|Incineroar, L50, F, shiny|100/100\n|-ability|p2b: Incineroar|Intimidate|boost\n|-unboost|p1a: Cofagrigus|atk|1\n|-unboost|p1b: Toxapex|atk|1\n|turn|1\n|\n|t:|1776373327\n|move|p1b: Toxapex|Baneful Bunker|p1b: Toxapex\n|-singleturn|p1b: Toxapex|move: Protect\n|move|p2a: Raichu|Nasty Plot|p2a: Raichu\n|-boost|p2a: Raichu|spa|2\n|move|p2b: Incineroar|Parting Shot|p1a: Cofagrigus\n|-unboost|p1a: Cofagrigus|atk|1\n|-unboost|p1a: Cofagrigus|spa|1\n|\n|t:|1776373337\n|switch|p2b: Kangaskhan|Kangaskhan, L50, F, shiny|100/100|[from] Parting Shot\n|move|p1a: Cofagrigus|Trick Room|p1a: Cofagrigus\n|-fieldstart|move: Trick Room|[of] p1a: Cofagrigus\n|\n|upkeep\n|turn|2\n|\n|t:|1776373373\n|detailschange|p2b: Kangaskhan|Kangaskhan-Mega, L50, F, shiny\n|-mega|p2b: Kangaskhan|Kangaskhan|Kangaskhanite\n|move|p2a: Raichu|Protect|p2a: Raichu\n|-singleturn|p2a: Raichu|Protect\n|move|p1a: Cofagrigus|Psychic|p2b: Kangaskhan\n|-damage|p2b: Kangaskhan|87/100\n|move|p1b: Toxapex|Toxic|p2a: Raichu\n|-activate|p2a: Raichu|move: Protect\n|move|p2b: Kangaskhan|Body Slam|p1b: Toxapex\n|-damage|p1b: Toxapex|75/100\n|-status|p1b: Toxapex|par\n|-damage|p1b: Toxapex|69/100 par\n|-hitcount|p1b: Toxapex|2\n|\n|-heal|p1b: Toxapex|74/100 par|[from] item: Leftovers\n|upkeep\n|turn|3\n|\n|t:|1776373415\n|switch|p1a: Gengar|Gengar, L50, M|100/100\n|move|p1b: Toxapex|Baneful Bunker|p1b: Toxapex\n|-singleturn|p1b: Toxapex|move: Protect\n|move|p2b: Kangaskhan|Body Slam|p1b: Toxapex\n|-activate|p1b: Toxapex|move: Protect\n|-status|p2b: Kangaskhan|psn\n|move|p2a: Raichu|Thunderbolt|p1b: Toxapex\n|-activate|p1b: Toxapex|move: Protect\n|\n|-heal|p1b: Toxapex|80/100 par|[from] item: Leftovers\n|-damage|p2b: Kangaskhan|75/100 psn|[from] psn\n|upkeep\n|turn|4\n|\n|t:|1776373439\n|switch|p2b: Conkeldurr|Conkeldurr, L50, F|100/100\n|detailschange|p1a: Gengar|Gengar-Mega, L50, M\n|-mega|p1a: Gengar|Gengar|Gengarite\n|move|p1b: Toxapex|Toxic|p2a: Raichu\n|-status|p2a: Raichu|tox\n|move|p1a: Gengar|Haze|p1a: Gengar\n|-clearallboost\n|move|p2a: Raichu|Thunderbolt|p1b: Toxapex\n|-supereffective|p1b: Toxapex|1\n|-damage|p1b: Toxapex|4/100 par\n|\n|-heal|p1b: Toxapex|9/100 par|[from] item: Leftovers\n|-damage|p2a: Raichu|95/100 tox|[from] psn\n|upkeep\n|turn|5\n|\n|t:|1776373467\n|move|p1b: Toxapex|Recover|p1b: Toxapex\n|-heal|p1b: Toxapex|60/100 par\n|move|p2b: Conkeldurr|Earthquake|p1a: Gengar|[spread] p2a,p1a,p1b\n|-supereffective|p2a: Raichu|1\n|-supereffective|p1a: Gengar|1\n|-supereffective|p1b: Toxapex|1\n|-damage|p2a: Raichu|0 fnt\n|-damage|p1a: Gengar|17/100\n|-damage|p1b: Toxapex|24/100 par\n|faint|p2a: Raichu\n|move|p1a: Gengar|Hex|p2b: Conkeldurr\n|-damage|p2b: Conkeldurr|49/100\n|\n|-heal|p1b: Toxapex|30/100 par|[from] item: Leftovers\n|-heal|p2b: Conkeldurr|55/100|[from] item: Leftovers\n|-fieldend|move: Trick Room\n|upkeep\n|\n|t:|1776373481\n|switch|p2a: Kangaskhan|Kangaskhan-Mega, L50, F, shiny|75/100 psn\n|turn|6\n|\n|t:|1776373519\n|move|p1a: Gengar|Protect|p1a: Gengar\n|-singleturn|p1a: Gengar|Protect\n|move|p2b: Conkeldurr|Detect|p2b: Conkeldurr\n|-singleturn|p2b: Conkeldurr|Protect\n|move|p1b: Toxapex|Baneful Bunker|p1b: Toxapex\n|-singleturn|p1b: Toxapex|move: Protect\n|move|p2a: Kangaskhan|Avalanche|p1a: Gengar\n|-activate|p1a: Gengar|move: Protect\n|\n|-heal|p2b: Conkeldurr|61/100|[from] item: Leftovers\n|-heal|p1b: Toxapex|36/100 par|[from] item: Leftovers\n|-damage|p2a: Kangaskhan|63/100 psn|[from] psn\n|upkeep\n|turn|7\n|\n|t:|1776373560\n|switch|p1a: Cofagrigus|Cofagrigus, L50, F|100/100\n|move|p2b: Conkeldurr|Ice Punch|p1a: Cofagrigus\n|-damage|p1a: Cofagrigus|76/100\n|-activate|p1a: Cofagrigus|ability: Mummy|p2b: Conkeldurr|[ability] Sheer Force\n|move|p1b: Toxapex|Recover|p1b: Toxapex\n|-heal|p1b: Toxapex|86/100 par\n|move|p2a: Kangaskhan|Avalanche|p1a: Cofagrigus\n|-damage|p1a: Cofagrigus|62/100\n|-activate|p1a: Cofagrigus|ability: Mummy|p2a: Kangaskhan|[ability] Parental Bond\n|-damage|p1a: Cofagrigus|59/100\n|-hitcount|p1a: Cofagrigus|2\n|\n|-heal|p2b: Conkeldurr|67/100|[from] item: Leftovers\n|-heal|p1b: Toxapex|92/100 par|[from] item: Leftovers\n|-damage|p2a: Kangaskhan|50/100 psn|[from] psn\n|upkeep\n|turn|8\n|\n|t:|1776373589\n|switch|p2a: Incineroar|Incineroar, L50, F, shiny|100/100\n|-ability|p2a: Incineroar|Intimidate|boost\n|-unboost|p1a: Cofagrigus|atk|1\n|-unboost|p1b: Toxapex|atk|1\n|move|p2b: Conkeldurr|Detect|p2b: Conkeldurr\n|-singleturn|p2b: Conkeldurr|Protect\n|move|p1b: Toxapex|Toxic|p2b: Conkeldurr\n|-activate|p2b: Conkeldurr|move: Protect\n|move|p1a: Cofagrigus|Trick Room|p1a: Cofagrigus\n|-fieldstart|move: Trick Room|[of] p1a: Cofagrigus\n|\n|-heal|p1b: Toxapex|97/100 par|[from] item: Leftovers\n|-heal|p2b: Conkeldurr|74/100|[from] item: Leftovers\n|upkeep\n|turn|9\n|\n|t:|1776373613\n|switch|p1a: Hydrapple|Hydrapple, L50, F|100/100\n|-ability|p1a: Hydrapple|Supersweet Syrup\n|-unboost|p2a: Incineroar|evasion|1\n|-unboost|p2b: Conkeldurr|evasion|1\n|move|p2b: Conkeldurr|Detect||[still]\n|-fail|p2b: Conkeldurr\n|move|p1b: Toxapex|Toxic|p2b: Conkeldurr\n|-status|p2b: Conkeldurr|tox\n|move|p2a: Incineroar|Darkest Lariat|p1a: Hydrapple\n|-damage|p1a: Hydrapple|73/100\n|\n|-heal|p1b: Toxapex|100/100 par|[from] item: Leftovers\n|-heal|p2b: Conkeldurr|80/100 tox|[from] item: Leftovers\n|-damage|p2b: Conkeldurr|74/100 tox|[from] psn\n|upkeep\n|turn|10\n|\n|t:|1776373646\n|move|p1b: Toxapex|Facade|p2b: Conkeldurr\n|-crit|p2b: Conkeldurr\n|-damage|p2b: Conkeldurr|46/100 tox\n|-activate|p2b: Conkeldurr|ability: Mummy|p1b: Toxapex|[ability] Merciless\n|move|p1a: Hydrapple|Draco Meteor|p2a: Incineroar\n|-damage|p2a: Incineroar|17/100\n|-unboost|p1a: Hydrapple|spa|2\n|-enditem|p2a: Incineroar|Sitrus Berry|[eat]\n|-heal|p2a: Incineroar|42/100|[from] item: Sitrus Berry\n|move|p2b: Conkeldurr|Ice Punch|p1a: Hydrapple\n|-supereffective|p1a: Hydrapple|2\n|-damage|p1a: Hydrapple|0 fnt\n|faint|p1a: Hydrapple\n|move|p2a: Incineroar|Flare Blitz|p1b: Toxapex\n|-resisted|p1b: Toxapex|1\n|-damage|p1b: Toxapex|84/100 par\n|-activate|p1b: Toxapex|ability: Mummy|p2a: Incineroar|[ability] Intimidate\n|-damage|p2a: Incineroar|38/100|[from] Recoil\n|\n|-heal|p1b: Toxapex|90/100 par|[from] item: Leftovers\n|-heal|p2b: Conkeldurr|52/100 tox|[from] item: Leftovers\n|-damage|p2b: Conkeldurr|40/100 tox|[from] psn\n|upkeep\n|\n|t:|1776373658\n|switch|p1a: Cofagrigus|Cofagrigus, L50, F|59/100\n|turn|11\n|\n|t:|1776373676\n|move|p1b: Toxapex|Toxic|p2a: Incineroar\n|-status|p2a: Incineroar|tox\n|move|p1a: Cofagrigus|Psychic|p2b: Conkeldurr\n|-supereffective|p2b: Conkeldurr|1\n|-damage|p2b: Conkeldurr|0 fnt\n|faint|p2b: Conkeldurr\n|move|p2a: Incineroar|Darkest Lariat|p1a: Cofagrigus\n|-supereffective|p1a: Cofagrigus|1\n|-damage|p1a: Cofagrigus|16/100\n|\n|-heal|p1b: Toxapex|95/100 par|[from] item: Leftovers\n|-damage|p2a: Incineroar|32/100 tox|[from] psn\n|upkeep\n|\n|t:|1776373688\n|switch|p2b: Kangaskhan|Kangaskhan-Mega, L50, F, shiny|50/100 psn\n|turn|12\n|\n|t:|1776373708\n|move|p1b: Toxapex|Facade|p2b: Kangaskhan\n|-damage|p2b: Kangaskhan|35/100 psn\n|move|p1a: Cofagrigus|Psychic|p2b: Kangaskhan\n|-damage|p2b: Kangaskhan|14/100 psn\n|move|p2a: Incineroar|Darkest Lariat|p1a: Cofagrigus\n|-supereffective|p1a: Cofagrigus|1\n|-damage|p1a: Cofagrigus|0 fnt\n|faint|p1a: Cofagrigus\n|move|p2b: Kangaskhan|Avalanche|p1b: Toxapex\n|-resisted|p1b: Toxapex|1\n|-damage|p1b: Toxapex|83/100 par\n|-activate|p1b: Toxapex|ability: Mummy|p2b: Kangaskhan|[ability] Parental Bond\n|-resisted|p1b: Toxapex|1\n|-damage|p1b: Toxapex|81/100 par\n|-hitcount|p1b: Toxapex|2\n|\n|-heal|p1b: Toxapex|86/100 par|[from] item: Leftovers\n|-damage|p2a: Incineroar|20/100 tox|[from] psn\n|-damage|p2b: Kangaskhan|2/100 psn|[from] psn\n|-fieldend|move: Trick Room\n|upkeep\n|\n|t:|1776373752\n|switch|p1a: Gengar|Gengar-Mega, L50, M|17/100\n|turn|13\n|\n|t:|1776373764\n|move|p1a: Gengar|Protect|p1a: Gengar\n|-singleturn|p1a: Gengar|Protect\n|move|p1b: Toxapex|Baneful Bunker|p1b: Toxapex\n|-singleturn|p1b: Toxapex|move: Protect\n|move|p2b: Kangaskhan|Body Slam|p1b: Toxapex\n|-activate|p1b: Toxapex|move: Protect\n|move|p2a: Incineroar|Darkest Lariat|p1a: Gengar\n|-activate|p1a: Gengar|move: Protect\n|\n|-heal|p1b: Toxapex|92/100 par|[from] item: Leftovers\n|-damage|p2b: Kangaskhan|0 fnt|[from] psn\n|faint|p2b: Kangaskhan\n|-damage|p2a: Incineroar|2/100 tox|[from] psn\n|upkeep\n|turn|14\n|\n|t:|1776373792\n|move|p1a: Gengar|Hex|p2a: Incineroar\n|-resisted|p2a: Incineroar|1\n|-damage|p2a: Incineroar|0 fnt\n|faint|p2a: Incineroar\n|\n|win|raikudosenien\n|raw|raikudosenien's rating: 1077 &rarr; <strong>1100</strong><br />(+23 for winning)\n|raw|vassock's rating: 1012 &rarr; <strong>1002</strong><br />(-10 for losing)\n",
  "uploadtime": 1776373798,
  "views": 16,
  "formatid": "gen9championsvgc2026regma",
  "rating": 1002,
  "private": 0,
  "password": null
}