{
  "id": "gen9championsvgc2026regma-2588229534",
  "format": "[Gen 9 Champions] VGC 2026 Reg M-A",
  "players": [
    "CaliberChamp",
    "KogasWife"
  ],
  "log": "|j|\u2606CaliberChamp\n|j|\u2606KogasWife\n|t:|1776616324\n|gametype|doubles\n|player|p1|CaliberChamp|red-masters|1078\n|player|p2|KogasWife|janine|1003\n|gen|9\n|tier|[Gen 9 Champions] VGC 2026 Reg M-A\n|rated|\n|rule|Species Clause: Limit one of each Pok\u00e9mon\n|rule|Item Clause: Limit 1 of each item\n|clearpoke\n|poke|p1|Greninja, L50, M|\n|poke|p1|Aegislash, L50, F, shiny|\n|poke|p1|Hawlucha, L50, M|\n|poke|p1|Klefki, L50, F|\n|poke|p1|Tyrantrum, L50, M, shiny|\n|poke|p1|Noivern, L50, F|\n|poke|p2|Delphox, L50, M|\n|poke|p2|Orthworm, L50, F|\n|poke|p2|Clefable, L50, F|\n|poke|p2|Farigiraf, L50, M|\n|poke|p2|Garchomp, L50, F|\n|poke|p2|Hawlucha, L50, M|\n|teampreview|4\n|inactive|Battle timer is ON: inactive players will automatically lose when time's up. (requested by CaliberChamp)\nKogasWife rejected open team sheets.\n|inactive|CaliberChamp has 60 seconds left.\n|inactive|CaliberChamp has 30 seconds left.\n|\n|t:|1776616396\n|teamsize|p1|4\n|teamsize|p2|4\n|start\n|switch|p1a: Greninja|Greninja, L50, M|100/100\n|switch|p1b: Tyrantrum|Tyrantrum, L50, M, shiny|100/100\n|switch|p2a: Orthworm|Orthworm, L50, F|100/100\n|switch|p2b: Clefable|Clefable, L50, F|100/100\n|turn|1\n|inactive|CaliberChamp has 30 seconds left.\n|\n|t:|1776616421\n|switch|p1b: Aegislash|Aegislash, L50, F, shiny|100/100\n|move|p2b: Clefable|Follow Me|p2b: Clefable\n|-singleturn|p2b: Clefable|move: Follow Me\n|move|p1a: Greninja|Sludge Wave|p2b: Clefable|[spread] p2b\n|-start|p1a: Greninja|typechange|Poison|[from] ability: Protean\n|-immune|p1b: Aegislash\n|-immune|p2a: Orthworm\n|-supereffective|p2b: Clefable|1\n|-damage|p2b: Clefable|40/100\n|move|p2a: Orthworm|Shed Tail|p2a: Orthworm\n|-start|p2a: Orthworm|Substitute|[from] move: Shed Tail\n|-damage|p2a: Orthworm|50/100\n|\n|t:|1776616434\n|switch|p2a: Hawlucha|Hawlucha, L50, M|100/100|[from] Shed Tail\n|\n|upkeep\n|turn|2\n|\n|t:|1776616442\n|move|p2b: Clefable|Follow Me|p2b: Clefable\n|-singleturn|p2b: Clefable|move: Follow Me\n|move|p1a: Greninja|Sludge Wave|p2b: Clefable|[spread] p2a,p2b\n|-immune|p1b: Aegislash\n|-end|p2a: Hawlucha|Substitute\n|-supereffective|p2b: Clefable|1\n|-damage|p2b: Clefable|0 fnt\n|faint|p2b: Clefable\n|move|p2a: Hawlucha|Swords Dance|p2a: Hawlucha\n|-boost|p2a: Hawlucha|atk|2\n|move|p1b: Aegislash|Swords Dance|p1b: Aegislash\n|-boost|p1b: Aegislash|atk|2\n|\n|upkeep\n|\n|t:|1776616454\n|switch|p2b: Orthworm|Orthworm, L50, F|50/100\n|turn|3\n|\n|t:|1776616472\n|move|p1a: Greninja|Sludge Wave|p2a: Hawlucha|[spread] p2a\n|-immune|p1b: Aegislash\n|-immune|p2b: Orthworm\n|-damage|p2a: Hawlucha|58/100\n|move|p2a: Hawlucha|Baton Pass|p2a: Hawlucha\n|\n|t:|1776616478\n|switch|p2a: Garchomp|Garchomp, L50, F|100/100|[from] Baton Pass\n|move|p2b: Orthworm|Stealth Rock|p1b: Aegislash\n|-sidestart|p1: CaliberChamp|move: Stealth Rock\n|-formechange|p1b: Aegislash|Aegislash-Blade|\n|move|p1b: Aegislash|Sacred Sword|p2b: Orthworm\n|-supereffective|p2b: Orthworm|1\n|-damage|p2b: Orthworm|0 fnt\n|faint|p2b: Orthworm\n|\n|upkeep\n|\n|t:|1776616487\n|switch|p2b: Hawlucha|Hawlucha, L50, M|58/100\n|turn|4\n|\n|t:|1776616502\n|detailschange|p2a: Garchomp|Garchomp-Mega, L50, F\n|-mega|p2a: Garchomp|Garchomp|Garchompite\n|-formechange|p1b: Aegislash|Aegislash|\n|move|p1b: Aegislash|King's Shield|p1b: Aegislash\n|-singleturn|p1b: Aegislash|Protect\n|move|p1a: Greninja|Sludge Wave|p2b: Hawlucha|[spread] p2a,p2b\n|-activate|p1b: Aegislash|move: Protect\n|-resisted|p2a: Garchomp|1\n|-damage|p2a: Garchomp|85/100\n|-damage|p2b: Hawlucha|15/100\n|-enditem|p2b: Hawlucha|Sitrus Berry|[eat]\n|-heal|p2b: Hawlucha|40/100|[from] item: Sitrus Berry\n|move|p2b: Hawlucha|Brick Break|p1a: Greninja\n|-resisted|p1a: Greninja|1\n|-damage|p1a: Greninja|80/100\n|move|p2a: Garchomp|Earthquake|p1a: Greninja|[spread] p1a\n|-activate|p1b: Aegislash|move: Protect\n|-immune|p2b: Hawlucha\n|-supereffective|p1a: Greninja|1\n|-damage|p1a: Greninja|0 fnt\n|faint|p1a: Greninja\n|\n|upkeep\n|inactive|CaliberChamp has 30 seconds left.\n|\n|t:|1776616532\n|switch|p1a: Hawlucha|Hawlucha, L50, M|100/100\n|-damage|p1a: Hawlucha|88/100|[from] Stealth Rock\n|-ability|p1a: Hawlucha|Mold Breaker\n|turn|5\n|inactive|CaliberChamp has 30 seconds left.\n|inactive|KogasWife has 30 seconds left.\n|\n|t:|1776616562\n|detailschange|p1a: Hawlucha|Hawlucha-Mega, L50, M\n|-mega|p1a: Hawlucha|Hawlucha|Hawluchanite\n|move|p2b: Hawlucha|Brick Break|p1a: Hawlucha\n|-resisted|p1a: Hawlucha|1\n|-damage|p1a: Hawlucha|75/100\n|move|p1a: Hawlucha|Encore|p2a: Garchomp\n|-start|p2a: Garchomp|Encore\n|move|p2a: Garchomp|Earthquake|p1b: Aegislash|[spread] p1b\n|-immune|p2b: Hawlucha\n|-immune|p1a: Hawlucha\n|-supereffective|p1b: Aegislash|1\n|-damage|p1b: Aegislash|0 fnt\n|faint|p1b: Aegislash\n|\n|upkeep\n|\n|t:|1776616576\n|switch|p1b: Tyrantrum|Tyrantrum, L50, M, shiny|100/100\n|-damage|p1b: Tyrantrum|88/100|[from] Stealth Rock\n|turn|6\n|\n|t:|1776616588\n|move|p2b: Hawlucha|Brick Break|p1a: Hawlucha\n|-resisted|p1a: Hawlucha|1\n|-damage|p1a: Hawlucha|60/100\n|move|p1a: Hawlucha|Dual Wingbeat|p2b: Hawlucha\n|-supereffective|p2b: Hawlucha|1\n|-damage|p2b: Hawlucha|0 fnt\n|faint|p2b: Hawlucha\n|-hitcount|p2: Hawlucha|1\n|move|p2a: Garchomp|Earthquake|p1a: Hawlucha|[spread] p1b\n|-immune|p1a: Hawlucha\n|-supereffective|p1b: Tyrantrum|1\n|-damage|p1b: Tyrantrum|0 fnt\n|faint|p1b: Tyrantrum\n|\n|upkeep\n|turn|7\n|\n|t:|1776616605\n|move|p1a: Hawlucha|Cross Chop|p2a: Garchomp\n|-damage|p2a: Garchomp|36/100\n|move|p2a: Garchomp|Earthquake|p1a: Hawlucha\n|-immune|p1a: Hawlucha\n|\n|-end|p2a: Garchomp|Encore\n|upkeep\n|turn|8\n|\n|t:|1776616617\n|move|p1a: Hawlucha|Cross Chop|p2a: Garchomp\n|-damage|p2a: Garchomp|0 fnt\n|faint|p2a: Garchomp\n|\n|win|CaliberChamp\n|raw|CaliberChamp's rating: 1078 &rarr; <strong>1100</strong><br />(+22 for winning)\n|raw|KogasWife's rating: 1003 &rarr; <strong>1000</strong><br />(-3 for losing)\n",
  "uploadtime": 1776616640,
  "views": 15,
  "formatid": "gen9championsvgc2026regma",
  "rating": 1000,
  "private": 0,
  "password": null
}