{
  "id": "gen9championsvgc2026regma-2588303451",
  "format": "[Gen 9 Champions] VGC 2026 Reg M-A",
  "players": [
    "driumip",
    "rolfi03"
  ],
  "log": "|j|\u2606driumip\n|j|\u2606rolfi03\n|t:|1776622462\n|gametype|doubles\n|player|p1|driumip|102|1093\n|player|p2|rolfi03|2|1014\n|gen|9\n|tier|[Gen 9 Champions] VGC 2026 Reg M-A\n|rated|\n|rule|Species Clause: Limit one of each Pok\u00e9mon\n|rule|Item Clause: Limit 1 of each item\n|clearpoke\n|poke|p1|Charizard, L50, F|\n|poke|p1|Talonflame, L50, F|\n|poke|p1|Torkoal, L50, M|\n|poke|p1|Venusaur, L50, F|\n|poke|p1|Dragonite, L50, M|\n|poke|p1|Gyarados, L50, M|\n|poke|p2|Maushold-Four, L50|\n|poke|p2|Mudsdale, L50, M|\n|poke|p2|Hatterene, L50, F|\n|poke|p2|Victreebel, L50, M|\n|poke|p2|Sinistcha-Masterpiece, L50|\n|poke|p2|Incineroar, L50, F|\n|teampreview|4\n|\n|t:|1776622478\n|teamsize|p1|4\n|teamsize|p2|4\n|start\n|switch|p1a: Charizard|Charizard, L50, F|100/100\n|switch|p1b: Talonflame|Talonflame, L50, F|100/100\n|switch|p2a: Maushold|Maushold-Four, L50|100/100\n|switch|p2b: Mudsdale|Mudsdale, L50, M|100/100\n|turn|1\n|inactive|Battle timer is ON: inactive players will automatically lose when time's up. (requested by driumip)\n|\n|t:|1776622547\n|detailschange|p1a: Charizard|Charizard-Mega-Y, L50, F\n|-mega|p1a: Charizard|Charizard|Charizardite Y\n|-weather|SunnyDay|[from] ability: Drought|[of] p1a: Charizard\n|move|p1b: Talonflame|Tailwind|p1b: Talonflame\n|-sidestart|p1: driumip|move: Tailwind\n|move|p1a: Charizard|Heat Wave|p2a: Maushold|[spread] p2a\n|-miss|p1a: Charizard|p2b: Mudsdale\n|-damage|p2a: Maushold|23/100\n|move|p2a: Maushold|Population Bomb|p2b: Mudsdale\n|-damage|p2b: Mudsdale|97/100\n|-ability|p2b: Mudsdale|Stamina|boost\n|-boost|p2b: Mudsdale|def|1\n|-damage|p2b: Mudsdale|95/100\n|-ability|p2b: Mudsdale|Stamina|boost\n|-boost|p2b: Mudsdale|def|1\n|-damage|p2b: Mudsdale|93/100\n|-ability|p2b: Mudsdale|Stamina|boost\n|-boost|p2b: Mudsdale|def|1\n|-damage|p2b: Mudsdale|91/100\n|-ability|p2b: Mudsdale|Stamina|boost\n|-boost|p2b: Mudsdale|def|1\n|-damage|p2b: Mudsdale|90/100\n|-ability|p2b: Mudsdale|Stamina|boost\n|-boost|p2b: Mudsdale|def|1\n|-damage|p2b: Mudsdale|89/100\n|-ability|p2b: Mudsdale|Stamina|boost\n|-boost|p2b: Mudsdale|def|1\n|-damage|p2b: Mudsdale|88/100\n|-damage|p2b: Mudsdale|87/100\n|-damage|p2b: Mudsdale|86/100\n|-hitcount|p2b: Mudsdale|9\n|move|p2b: Mudsdale|Body Press|p1a: Charizard\n|-resisted|p1a: Charizard|1\n|-damage|p1a: Charizard|46/100\n|\n|-weather|SunnyDay|[upkeep]\n|-heal|p2b: Mudsdale|92/100|[from] item: Leftovers\n|upkeep\n|turn|2\n|inactive|driumip has 30 seconds left.\n|inactive|driumip has 20 seconds left.\n|inactive|driumip has 15 seconds left.\n|inactive|driumip has 10 seconds left.\n|\n|t:|1776622593\n|switch|p1b: Venusaur|Venusaur, L50, F|100/100\n|move|p2b: Mudsdale|Protect|p2b: Mudsdale\n|-singleturn|p2b: Mudsdale|Protect\n|move|p1a: Charizard|Heat Wave|p2a: Maushold|[spread] p2a\n|-activate|p2b: Mudsdale|move: Protect\n|-damage|p2a: Maushold|0 fnt\n|faint|p2a: Maushold\n|\n|-weather|SunnyDay|[upkeep]\n|-heal|p2b: Mudsdale|98/100|[from] item: Leftovers\n|upkeep\n|\n|t:|1776622600\n|switch|p2a: Hatterene|Hatterene, L50, F|100/100\n|turn|3\n|\n|t:|1776622615\n|move|p2b: Mudsdale|Protect||[still]\n|-fail|p2b: Mudsdale\n|move|p1b: Venusaur|Solar Beam||[still]\n|-prepare|p1b: Venusaur|Solar Beam\n|-anim|p1b: Venusaur|Solar Beam|p2b: Mudsdale\n|-supereffective|p2b: Mudsdale|1\n|-damage|p2b: Mudsdale|30/100\n|move|p1a: Charizard|Heat Wave|p2b: Mudsdale|[spread] p2a,p2b\n|-damage|p2a: Hatterene|44/100\n|-damage|p2b: Mudsdale|0 fnt\n|-status|p2a: Hatterene|brn\n|-enditem|p2a: Hatterene|Sitrus Berry|[eat]\n|-heal|p2a: Hatterene|69/100 brn|[from] item: Sitrus Berry\n|faint|p2b: Mudsdale\n|move|p2a: Hatterene|Trick Room|p2a: Hatterene\n|-fieldstart|move: Trick Room|[of] p2a: Hatterene\n|\n|-weather|SunnyDay|[upkeep]\n|-damage|p2a: Hatterene|63/100 brn|[from] brn\n|upkeep\n|\n|t:|1776622626\n|switch|p2b: Victreebel|Victreebel, L50, M|100/100\n|turn|4\n|\n|t:|1776622640\n|detailschange|p2b: Victreebel|Victreebel-Mega, L50, M\n|-mega|p2b: Victreebel|Victreebel|Victreebelite\n|move|p2a: Hatterene|Protect|p2a: Hatterene\n|-singleturn|p2a: Hatterene|Protect\n|move|p1a: Charizard|Protect|p1a: Charizard\n|-singleturn|p1a: Charizard|Protect\n|move|p1b: Venusaur|Protect|p1b: Venusaur\n|-singleturn|p1b: Venusaur|Protect\n|move|p2b: Victreebel|Sleep Powder|p1a: Charizard\n|-activate|p1a: Charizard|move: Protect\n|\n|-weather|SunnyDay|[upkeep]\n|-damage|p2a: Hatterene|57/100 brn|[from] brn\n|-sideend|p1: driumip|move: Tailwind\n|upkeep\n|turn|5\n|-message|rolfi03 forfeited.\n|\n|win|driumip\n|raw|driumip's rating: 1093 &rarr; <strong>1113</strong><br />(+20 for winning)\n|raw|rolfi03's rating: 1014 &rarr; <strong>1005</strong><br />(-9 for losing)\n|l|\u2606rolfi03\n|player|p2|\n",
  "uploadtime": 1776622665,
  "views": 9,
  "formatid": "gen9championsvgc2026regma",
  "rating": 1005,
  "private": 0,
  "password": null
}