{
  "id": "gen9championsvgc2026regma-2582491960",
  "format": "[Gen 9 Champions] VGC 2026 Reg M-A",
  "players": [
    "birdbrain27",
    "NewVGCplayer98"
  ],
  "log": "|j|\u2606birdbrain27\n|j|\u2606NewVGCplayer98\n|t:|1776095131\n|gametype|doubles\n|player|p1|birdbrain27|1|1000\n|player|p2|NewVGCplayer98|101|1083\n|gen|9\n|tier|[Gen 9 Champions] VGC 2026 Reg M-A\n|rated|\n|rule|Species Clause: Limit one of each Pok\u00e9mon\n|rule|Item Clause: Limit 1 of each item\n|clearpoke\n|poke|p1|Glimmora, L50, F|\n|poke|p1|Corviknight, L50, M|\n|poke|p1|Dragonite, L50, F|\n|poke|p1|Aegislash, L50, M|\n|poke|p1|Garchomp, L50, M|\n|poke|p1|Tyranitar, L50, F|\n|poke|p2|Incineroar, L50, M|\n|poke|p2|Gengar, L50, F|\n|poke|p2|Sinistcha, L50|\n|poke|p2|Kingambit, L50, F|\n|poke|p2|Tyranitar, L50, M|\n|poke|p2|Kommo-o, L50, M|\n|teampreview|4\n|inactive|Battle timer is ON: inactive players will automatically lose when time's up. (requested by NewVGCplayer98)\n|inactive|birdbrain27 has 60 seconds left.\n|inactive|NewVGCplayer98 has 60 seconds left.\n|\n|t:|1776095187\n|teamsize|p1|4\n|teamsize|p2|4\n|start\n|switch|p1a: Glimmora|Glimmora, L50, F|100/100\n|switch|p1b: Dragonite|Dragonite, L50, F|100/100\n|switch|p2a: Tyranitar|Tyranitar, L50, M|100/100\n|switch|p2b: Kommo-o|Kommo-o, L50, M|100/100\n|-weather|Sandstorm|[from] ability: Sand Stream|[of] p2a: Tyranitar\n|turn|1\n|inactive|birdbrain27 has 30 seconds left.\n|\n|t:|1776095215\n|detailschange|p1a: Glimmora|Glimmora-Mega, L50, F\n|-mega|p1a: Glimmora|Glimmora|Glimmoranite\n|move|p2b: Kommo-o|Protect|p2b: Kommo-o\n|-singleturn|p2b: Kommo-o|Protect\n|move|p2a: Tyranitar|Rock Slide|p1b: Dragonite|[spread] p1a,p1b\n|-supereffective|p1b: Dragonite|1\n|-damage|p1a: Glimmora|66/100\n|-damage|p1b: Dragonite|25/100\n|move|p1a: Glimmora|Sludge Wave|p2a: Tyranitar|[spread] p1b,p2a\n|-activate|p2b: Kommo-o|move: Protect\n|-resisted|p2a: Tyranitar|1\n|-damage|p1b: Dragonite|0 fnt\n|-damage|p2a: Tyranitar|82/100\n|faint|p1b: Dragonite\n|\n|-weather|Sandstorm|[upkeep]\n|-damage|p2b: Kommo-o|95/100|[from] Sandstorm\n|-heal|p2b: Kommo-o|100/100|[from] item: Leftovers\n|upkeep\n|\n|t:|1776095231\n|switch|p1b: Garchomp|Garchomp, L50, M|100/100\n|turn|2\n|\n|t:|1776095243\n|move|p1a: Glimmora|Spiky Shield|p1a: Glimmora\n|-singleturn|p1a: Glimmora|move: Protect\n|move|p1b: Garchomp|Earthquake|p2b: Kommo-o|[spread] p2a,p2b\n|-activate|p1a: Glimmora|move: Protect\n|-supereffective|p2a: Tyranitar|1\n|-damage|p2a: Tyranitar|6/100\n|-damage|p2b: Kommo-o|60/100\n|move|p2a: Tyranitar|Rock Slide|p1b: Garchomp|[spread] p1b\n|-activate|p1a: Glimmora|move: Protect\n|-resisted|p1b: Garchomp|1\n|-damage|p1b: Garchomp|84/100\n|move|p2b: Kommo-o|Clangorous Soul|p2b: Kommo-o\n|-boost|p2b: Kommo-o|atk|1\n|-boost|p2b: Kommo-o|def|1\n|-boost|p2b: Kommo-o|spa|1\n|-boost|p2b: Kommo-o|spd|1\n|-boost|p2b: Kommo-o|spe|1\n|-damage|p2b: Kommo-o|27/100\n|\n|-weather|Sandstorm|[upkeep]\n|-damage|p2b: Kommo-o|22/100|[from] Sandstorm\n|-heal|p2b: Kommo-o|27/100|[from] item: Leftovers\n|upkeep\n|turn|3\n|inactive|birdbrain27 has 30 seconds left.\n|\n|t:|1776095276\n|move|p2b: Kommo-o|Clanging Scales|p1a: Glimmora|[spread] p1a,p1b\n|-supereffective|p1b: Garchomp|1\n|-damage|p1a: Glimmora|22/100\n|-damage|p1b: Garchomp|0 fnt\n|faint|p1b: Garchomp\n|-unboost|p2b: Kommo-o|def|1\n|move|p2a: Tyranitar|Rock Slide|p1a: Glimmora\n|-damage|p1a: Glimmora|0 fnt\n|faint|p1a: Glimmora\n|\n|-weather|Sandstorm|[upkeep]\n|-damage|p2b: Kommo-o|22/100|[from] Sandstorm\n|-heal|p2b: Kommo-o|27/100|[from] item: Leftovers\n|upkeep\n|\n|t:|1776095285\n|switch|p1b: Aegislash|Aegislash, L50, M|100/100\n|turn|4\n|\n|t:|1776095292\n|switch|p2a: Kingambit|Kingambit, L50, F|100/100\n|move|p2b: Kommo-o|Protect|p2b: Kommo-o\n|-singleturn|p2b: Kommo-o|Protect\n|move|p1b: Aegislash|King's Shield||[still]\n|-fail|p1b: Aegislash\n|\n|-weather|Sandstorm|[upkeep]\n|-damage|p2b: Kommo-o|22/100|[from] Sandstorm\n|-heal|p2b: Kommo-o|27/100|[from] item: Leftovers\n|upkeep\n|turn|5\n|-message|birdbrain27 forfeited.\n|\n|win|NewVGCplayer98\n|raw|birdbrain27's rating: 1000 &rarr; <strong>1000</strong><br />(+0 for losing)\n|raw|NewVGCplayer98's rating: 1083 &rarr; <strong>1104</strong><br />(+21 for winning)\n|l|\u2606birdbrain27\n|player|p1|\n",
  "uploadtime": 1776095302,
  "views": 14,
  "formatid": "gen9championsvgc2026regma",
  "rating": 1000,
  "private": 0,
  "password": null
}