{
  "id": "gen9championsvgc2026regma-2584742753",
  "format": "[Gen 9 Champions] VGC 2026 Reg M-A",
  "players": [
    "Edubnosfera2",
    "Nervoneo"
  ],
  "log": "|j|\u2606Edubnosfera2\n|j|\u2606Nervoneo\n|t:|1776280495\n|gametype|doubles\n|player|p1|Edubnosfera2|1|1240\n|player|p2|Nervoneo|veteran|1317\n|gen|9\n|tier|[Gen 9 Champions] VGC 2026 Reg M-A\n|rated|\n|rule|Species Clause: Limit one of each Pok\u00e9mon\n|rule|Item Clause: Limit 1 of each item\n|clearpoke\n|poke|p1|Charizard, L50, F|\n|poke|p1|Venusaur, L50, F|\n|poke|p1|Tinkaton, L50, F|\n|poke|p1|Garchomp, L50, F|\n|poke|p1|Aerodactyl, L50, F|\n|poke|p1|Incineroar, L50, F|\n|poke|p2|Oranguru, L50, M|\n|poke|p2|Crabominable, L50, M|\n|poke|p2|Kingambit, L50, M|\n|poke|p2|Hatterene, L50, F|\n|poke|p2|Torkoal, L50, F|\n|poke|p2|Golurk, L50|\n|teampreview|4\nEdubnosfera2 has agreed to open team sheets.\n|\n|t:|1776280572\n|teamsize|p1|4\n|teamsize|p2|4\n|start\n|switch|p1a: Tinkaton|Tinkaton, L50, F|100/100\n|switch|p1b: Garchomp|Garchomp, L50, F|100/100\n|switch|p2a: King Julian|Oranguru, L50, M|100/100\n|switch|p2b: Guts|Kingambit, L50, M|100/100\n|turn|1\n|\n|t:|1776280608\n|switch|p1a: Charizard|Charizard, L50, F|100/100\n|move|p1b: Garchomp|Earthquake|p2a: King Julian|[spread] p2a,p2b\n|-immune|p1a: Charizard\n|-supereffective|p2b: Guts|1\n|-damage|p2a: King Julian|70/100\n|-damage|p2b: Guts|45/100\n|move|p2b: Guts|Swords Dance|p2b: Guts\n|-boost|p2b: Guts|atk|2\n|move|p2a: King Julian|Trick Room|p2a: King Julian\n|-fieldstart|move: Trick Room|[of] p2a: King Julian\n|\n|upkeep\n|turn|2\n|\n|t:|1776280651\n|detailschange|p1a: Charizard|Charizard-Mega-Y, L50, F\n|-mega|p1a: Charizard|Charizard|Charizardite Y\n|-weather|SunnyDay|[from] ability: Drought|[of] p1a: Charizard\n|move|p2b: Guts|Kowtow Cleave|p1b: Garchomp\n|-damage|p1b: Garchomp|0 fnt\n|-damage|p2b: Guts|33/100|[from] ability: Rough Skin|[of] p1b: Garchomp\n|faint|p1b: Garchomp\n|move|p2a: King Julian|Instruct|p2b: Guts\n|-singleturn|p2b: Guts|move: Instruct|[of] p2a: King Julian\n|move|p2b: Guts|Kowtow Cleave|p1a: Charizard\n|-damage|p1a: Charizard|0 fnt\n|faint|p1a: Charizard\n|\n|-weather|SunnyDay|[upkeep]\n|upkeep\n|\n|t:|1776280669\n|switch|p1a: Tinkaton|Tinkaton, L50, F|100/100\n|switch|p1b: Venusaur|Venusaur, L50, F|100/100\n|turn|3\n|\n|t:|1776280694\n|move|p1b: Venusaur|Protect|p1b: Venusaur\n|-singleturn|p1b: Venusaur|Protect\n|move|p2b: Guts|Kowtow Cleave|p1b: Venusaur\n|-activate|p1b: Venusaur|move: Protect\n|move|p2a: King Julian|Psychic Terrain|p2a: King Julian\n|-fieldstart|move: Psychic Terrain\n|move|p1a: Tinkaton|Foul Play|p2b: Guts\n|-resisted|p2b: Guts|1\n|-damage|p2b: Guts|5/100\n|\n|-weather|SunnyDay|[upkeep]\n|upkeep\n|turn|4\n|\n|t:|1776280715\n|move|p1b: Venusaur|Protect||[still]\n|-fail|p1b: Venusaur\n|move|p2b: Guts|Iron Head|p1b: Venusaur\n|-damage|p1b: Venusaur|0 fnt\n|faint|p1b: Venusaur\n|move|p2a: King Julian|Instruct|p2b: Guts\n|-singleturn|p2b: Guts|move: Instruct|[of] p2a: King Julian\n|move|p2b: Guts|Iron Head|p1a: Tinkaton\n|-damage|p1a: Tinkaton|2/100\n|move|p1a: Tinkaton|Foul Play|p2b: Guts\n|-resisted|p2b: Guts|1\n|-damage|p2b: Guts|0 fnt\n|faint|p2b: Guts\n|\n|-weather|SunnyDay|[upkeep]\n|upkeep\n|\n|t:|1776280728\n|switch|p2b: Schierke|Hatterene, L50, F|100/100\n|turn|5\n|\n|t:|1776280735\n|move|p1a: Tinkaton|Protect|p1a: Tinkaton\n|-singleturn|p1a: Tinkaton|Protect\n|move|p2b: Schierke|Trick Room|p2b: Schierke\n|-fieldend|move: Trick Room\n|move|p2a: King Julian|Trick Room|p2a: King Julian\n|-fieldstart|move: Trick Room|[of] p2a: King Julian\n|\n|-weather|SunnyDay|[upkeep]\n|upkeep\n|turn|6\n|c|\u2606Nervoneo|domain expansion: trick room\n|\n|t:|1776280752\n|move|p1a: Tinkaton|Protect|p1a: Tinkaton\n|-singleturn|p1a: Tinkaton|Protect\n|move|p2b: Schierke|Expanding Force|p1a: Tinkaton\n|-activate|p1a: Tinkaton|move: Protect\n|move|p2a: King Julian|Instruct|p2b: Schierke\n|-singleturn|p2b: Schierke|move: Instruct|[of] p2a: King Julian\n|move|p2b: Schierke|Expanding Force|p1a: Tinkaton\n|-activate|p1a: Tinkaton|move: Protect\n|\n|-weather|none\n|upkeep\n|turn|7\n|\n|t:|1776280761\n|move|p1a: Tinkaton|Protect||[still]\n|-fail|p1a: Tinkaton\n|move|p2b: Schierke|Expanding Force|p1a: Tinkaton\n|-resisted|p1a: Tinkaton|1\n|-damage|p1a: Tinkaton|0 fnt\n|faint|p1a: Tinkaton\n|\n|win|Nervoneo\n|raw|Edubnosfera2's rating: 1240 &rarr; <strong>1220</strong><br />(-20 for losing)\n|raw|Nervoneo's rating: 1317 &rarr; <strong>1333</strong><br />(+16 for winning)\n|c|\u2606Nervoneo|ggwp\n|l|\u2606Edubnosfera2\n|player|p1|\n",
  "uploadtime": 1776280768,
  "views": 46,
  "formatid": "gen9championsvgc2026regma",
  "rating": 1220,
  "private": 0,
  "password": null
}