{
  "id": "gen9championsvgc2026regma-2585153814",
  "format": "[Gen 9 Champions] VGC 2026 Reg M-A",
  "players": [
    "DGENERAT",
    "Tblade924"
  ],
  "log": "|j|\u2606DGENERAT\n|j|\u2606Tblade924\n|t:|1776318421\n|gametype|doubles\n|player|p1|DGENERAT|guzma|1254\n|player|p2|Tblade924|2|1254\n|gen|9\n|tier|[Gen 9 Champions] VGC 2026 Reg M-A\n|rated|\n|rule|Species Clause: Limit one of each Pok\u00e9mon\n|rule|Item Clause: Limit 1 of each item\n|clearpoke\n|poke|p1|Froslass, L50, F|\n|poke|p1|Arcanine-Hisui, L50, F|\n|poke|p1|Palafin, L50, F|\n|poke|p1|Sneasler, L50, M|\n|poke|p1|Rotom-Frost, L50|\n|poke|p1|Whimsicott, L50, M|\n|poke|p2|Aerodactyl, L50, F|\n|poke|p2|Floette-Eternal, L50, F|\n|poke|p2|Incineroar, L50, M|\n|poke|p2|Garchomp, L50, F|\n|poke|p2|Sneasler, L50, M|\n|poke|p2|Kingambit, L50, F|\n|teampreview|4\n|inactive|Battle timer is ON: inactive players will automatically lose when time's up. (requested by DGENERAT)\n|\n|t:|1776318455\n|teamsize|p1|4\n|teamsize|p2|4\n|start\n|switch|p1a: Palafin|Palafin, L50, F, shiny|100/100\n|switch|p1b: Sneasler|Sneasler, L50, M, shiny|100/100\n|switch|p2a: Aerodactyl|Aerodactyl, L50, F, shiny|100/100\n|switch|p2b: Incineroar|Incineroar, L50, M, shiny|100/100\n|-ability|p2a: Aerodactyl|Unnerve\n|-ability|p2b: Incineroar|Intimidate|boost\n|-unboost|p1a: Palafin|atk|1\n|-unboost|p1b: Sneasler|atk|1\n|-enditem|p1b: Sneasler|White Herb\n|-clearnegativeboost|p1b: Sneasler|[silent]\n|turn|1\n|inactive|Tblade924 has 30 seconds left.\n|\n|t:|1776318486\n|detailschange|p1a: Palafin|Palafin-Hero, L50, F, shiny\n|switch|p1a: Froslass|Froslass, L50, F, shiny|100/100\n|move|p2a: Aerodactyl|Protect|p2a: Aerodactyl\n|-singleturn|p2a: Aerodactyl|Protect\n|move|p1b: Sneasler|Fake Out|p2b: Incineroar\n|-crit|p2b: Incineroar\n|-damage|p2b: Incineroar|80/100\n|cant|p2b: Incineroar|flinch\n|\n|upkeep\n|turn|2\n|\n|t:|1776318505\n|detailschange|p1a: Froslass|Froslass-Mega, L50, F, shiny\n|-mega|p1a: Froslass|Froslass|Froslassite\n|-weather|Snowscape|[from] ability: Snow Warning|[of] p1a: Froslass\n|move|p1b: Sneasler|Close Combat|p2b: Incineroar\n|-supereffective|p2b: Incineroar|1\n|-damage|p2b: Incineroar|0 fnt\n|-unboost|p1b: Sneasler|def|1\n|-unboost|p1b: Sneasler|spd|1\n|faint|p2b: Incineroar\n|move|p2a: Aerodactyl|Tailwind|p2a: Aerodactyl\n|-sidestart|p2: Tblade924|move: Tailwind\n|move|p1a: Froslass|Blizzard|p2a: Aerodactyl\n|-supereffective|p2a: Aerodactyl|1\n|-enditem|p2a: Aerodactyl|Focus Sash\n|-damage|p2a: Aerodactyl|1/100\n|\n|-weather|Snowscape|[upkeep]\n|upkeep\n|\n|t:|1776318518\n|switch|p2b: Floette|Floette-Eternal, L50, F, shiny|100/100\n|turn|3\n|inactive|DGENERAT has 30 seconds left.\n|\n|t:|1776318547\n|switch|p1a: Whimsicott|Whimsicott, L50, M, shiny|100/100\n|detailschange|p2b: Floette|Floette-Mega, L50, F, shiny\n|-mega|p2b: Floette|Floette|Floettite\n|-ability|p2b: Floette|Fairy Aura\n|move|p1b: Sneasler|Protect|p1b: Sneasler\n|-singleturn|p1b: Sneasler|Protect\n|move|p2a: Aerodactyl|Rock Slide|p1b: Sneasler|[spread] p1a\n|-activate|p1b: Sneasler|move: Protect\n|-damage|p1a: Whimsicott|71/100\n|move|p2b: Floette|Dazzling Gleam|p1a: Whimsicott|[spread] p1a\n|-activate|p1b: Sneasler|move: Protect\n|-damage|p1a: Whimsicott|6/100\n|\n|-weather|Snowscape|[upkeep]\n|upkeep\n|turn|4\n|inactive|Tblade924 has 30 seconds left.\n|\n|t:|1776318574\n|switch|p1b: Palafin|Palafin-Hero, L50, F, shiny|100/100\n|-activate|p1b: Palafin|ability: Zero to Hero\n|move|p2b: Floette|Protect|p2b: Floette\n|-singleturn|p2b: Floette|Protect\n|move|p1a: Whimsicott|Tailwind|p1a: Whimsicott\n|-sidestart|p1: DGENERAT|move: Tailwind\n|move|p2a: Aerodactyl|Dual Wingbeat|p1b: Palafin\n|-damage|p1b: Palafin|83/100\n|-damage|p1b: Palafin|66/100\n|-hitcount|p1b: Palafin|2\n|\n|-weather|Snowscape|[upkeep]\n|upkeep\n|turn|5\n|\n|t:|1776318590\n|switch|p1a: Sneasler|Sneasler, L50, M, shiny|100/100\n|move|p1b: Palafin|Jet Punch|p2a: Aerodactyl\n|-supereffective|p2a: Aerodactyl|1\n|-damage|p2a: Aerodactyl|0 fnt\n|faint|p2a: Aerodactyl\n|move|p2b: Floette|Calm Mind|p2b: Floette\n|-boost|p2b: Floette|spa|1\n|-boost|p2b: Floette|spd|1\n|\n|-weather|Snowscape|[upkeep]\n|-sideend|p2: Tblade924|move: Tailwind\n|upkeep\n|\n|t:|1776318594\n|switch|p2a: Sneasler|Sneasler, L50, M, shiny|100/100\n|turn|6\n|\n|t:|1776318613\n|move|p1a: Sneasler|Fake Out|p2b: Floette\n|-damage|p2b: Floette|83/100\n|move|p2a: Sneasler|Fake Out|p1a: Sneasler\n|-damage|p1a: Sneasler|77/100\n|move|p1b: Palafin|Wave Crash|p2a: Sneasler\n|-crit|p2a: Sneasler\n|-damage|p2a: Sneasler|0 fnt\n|faint|p2a: Sneasler\n|-damage|p1b: Palafin|40/100|[from] Recoil\n|cant|p2b: Floette|flinch\n|\n|-weather|none\n|upkeep\n|turn|7\n|-message|Tblade924 forfeited.\n|\n|win|DGENERAT\n|raw|DGENERAT's rating: 1254 &rarr; <strong>1279</strong><br />(+25 for winning)\n|raw|Tblade924's rating: 1254 &rarr; <strong>1229</strong><br />(-25 for losing)\n|l|\u2606Tblade924\n|player|p2|\n",
  "uploadtime": 1776318648,
  "views": 49,
  "formatid": "gen9championsvgc2026regma",
  "rating": 1229,
  "private": 0,
  "password": null
}