{
  "id": "gen9championsvgc2026regma-2582953691",
  "format": "[Gen 9 Champions] VGC 2026 Reg M-A",
  "players": [
    "Juya",
    "loklastaji"
  ],
  "log": "|j|\u2606Juya\n|j|\u2606loklastaji\n|t:|1776128048\n|gametype|doubles\n|player|p1|Juya|266|1168\n|player|p2|loklastaji|102|1252\n|gen|9\n|tier|[Gen 9 Champions] VGC 2026 Reg M-A\n|rated|\n|rule|Species Clause: Limit one of each Pok\u00e9mon\n|rule|Item Clause: Limit 1 of each item\n|clearpoke\n|poke|p1|Farigiraf, L50, M|\n|poke|p1|Crabominable, L50, M|\n|poke|p1|Kingambit, L50, F|\n|poke|p1|Sableye, L50, F|\n|poke|p1|Pelipper, L50, F|\n|poke|p1|Rhyperior, L50, M|\n|poke|p2|Samurott-Hisui, L50, M|\n|poke|p2|Mamoswine, L50, M|\n|poke|p2|Delphox, L50, M|\n|poke|p2|Tsareena, L50, F|\n|poke|p2|Corviknight, L50, M|\n|poke|p2|Altaria, L50, M|\n|teampreview|4\n|inactive|Battle timer is ON: inactive players will automatically lose when time's up. (requested by Juya)\n|inactive|loklastaji has 60 seconds left.\n|\n|t:|1776128082\n|teamsize|p1|4\n|teamsize|p2|4\n|start\n|switch|p1a: Farigiraf|Farigiraf, L50, M|100/100\n|switch|p1b: Pelipper|Pelipper, L50, F|100/100\n|switch|p2a: Delphox|Delphox, L50, M|100/100\n|switch|p2b: Samurott|Samurott-Hisui, L50, M|100/100\n|-weather|RainDance|[from] ability: Drizzle|[of] p1b: Pelipper\n|turn|1\n|\n|t:|1776128104\n|switch|p2a: Corviknight|Corviknight, L50, M|100/100\n|move|p1a: Farigiraf|Protect|p1a: Farigiraf\n|-singleturn|p1a: Farigiraf|Protect\n|move|p2b: Samurott|Aqua Cutter|p1a: Farigiraf\n|-activate|p1a: Farigiraf|move: Protect\n|move|p1b: Pelipper|Weather Ball|p2a: Corviknight\n|-damage|p2a: Corviknight|31/100\n|\n|-weather|RainDance|[upkeep]\n|-heal|p2a: Corviknight|37/100|[from] item: Leftovers\n|upkeep\n|turn|2\n|inactive|loklastaji has 30 seconds left.\n|\n|t:|1776128138\n|switch|p1a: Crabominable|Crabominable, L50, M|100/100\n|move|p2b: Samurott|Ceaseless Edge|p1a: Crabominable\n|-resisted|p1a: Crabominable|1\n|-damage|p1a: Crabominable|75/100\n|-sidestart|p1: Juya|Spikes\n|move|p2a: Corviknight|Brave Bird|p1a: Crabominable\n|-supereffective|p1a: Crabominable|1\n|-damage|p1a: Crabominable|0 fnt\n|faint|p1a: Crabominable\n|-damage|p2a: Corviknight|8/100|[from] Recoil\n|move|p1b: Pelipper|Hurricane|p2b: Samurott\n|-damage|p2b: Samurott|9/100\n|\n|-weather|RainDance|[upkeep]\n|-heal|p2a: Corviknight|14/100|[from] item: Leftovers\n|upkeep\n|\n|t:|1776128158\n|switch|p1a: Farigiraf|Farigiraf, L50, M|100/100\n|-damage|p1a: Farigiraf|88/100|[from] Spikes\n|turn|3\n|inactive|loklastaji has 30 seconds left.\n|\n|t:|1776128191\n|move|p1a: Farigiraf|Protect|p1a: Farigiraf\n|-singleturn|p1a: Farigiraf|Protect\n|move|p2b: Samurott|Ceaseless Edge|p1b: Pelipper\n|-damage|p1b: Pelipper|50/100\n|-sidestart|p1: Juya|Spikes\n|move|p2a: Corviknight|Brave Bird|p1b: Pelipper\n|-damage|p1b: Pelipper|0 fnt\n|faint|p1b: Pelipper\n|-damage|p2a: Corviknight|0 fnt|[from] Recoil\n|faint|p2a: Corviknight\n|\n|-weather|RainDance|[upkeep]\n|upkeep\n|\n|t:|1776128206\n|switch|p2a: Tsareena|Tsareena, L50, F|100/100\n|switch|p1b: Rhyperior|Rhyperior, L50, M|100/100\n|-damage|p1b: Rhyperior|84/100|[from] Spikes\n|turn|4\n|inactive|loklastaji has 30 seconds left.\n|\n|t:|1776128233\n|move|p1b: Rhyperior|Protect|p1b: Rhyperior\n|-singleturn|p1b: Rhyperior|Protect\n|move|p2b: Samurott|Ceaseless Edge|p1a: Farigiraf\n|-supereffective|p1a: Farigiraf|1\n|-damage|p1a: Farigiraf|8/100\n|-sidestart|p1: Juya|Spikes\n|move|p2a: Tsareena|Power Whip|p1b: Rhyperior\n|-activate|p1b: Rhyperior|move: Protect\n|move|p1a: Farigiraf|Hyper Voice|p2b: Samurott|[spread] p2a,p2b\n|-damage|p2a: Tsareena|63/100\n|-damage|p2b: Samurott|0 fnt\n|faint|p2b: Samurott\n|\n|-weather|RainDance|[upkeep]\n|upkeep\n|\n|t:|1776128248\n|switch|p2b: Delphox|Delphox, L50, M|100/100\n|turn|5\n|\n|t:|1776128261\n|detailschange|p2b: Delphox|Delphox-Mega, L50, M\n|-mega|p2b: Delphox|Delphox|Delphoxite\n|move|p2b: Delphox|Grass Knot|p1b: Rhyperior\n|-supereffective|p1b: Rhyperior|2\n|-damage|p1b: Rhyperior|0 fnt\n|faint|p1b: Rhyperior\n|move|p2a: Tsareena|Power Whip|p1a: Farigiraf\n|-damage|p1a: Farigiraf|0 fnt\n|faint|p1a: Farigiraf\n|\n|win|loklastaji\n|raw|Juya's rating: 1168 &rarr; <strong>1148</strong><br />(-20 for losing)\n|raw|loklastaji's rating: 1235 &rarr; <strong>1255</strong><br />(+20 for winning)\n|l|\u2606Juya\n|player|p1|\n",
  "uploadtime": 1776128272,
  "views": 11,
  "formatid": "gen9championsvgc2026regma",
  "rating": 1148,
  "private": 0,
  "password": null
}