{
  "id": "gen9championsvgc2026regma-2583660688",
  "format": "[Gen 9 Champions] VGC 2026 Reg M-A",
  "players": [
    "king of larp",
    "raikudosenien"
  ],
  "log": "|j|\u2606king of larp\n|j|\u2606raikudosenien\n|t:|1776189417\n|gametype|doubles\n|player|p1|king of larp|265|1094\n|player|p2|raikudosenien|266|1000\n|gen|9\n|tier|[Gen 9 Champions] VGC 2026 Reg M-A\n|rated|\n|rule|Species Clause: Limit one of each Pok\u00e9mon\n|rule|Item Clause: Limit 1 of each item\n|clearpoke\n|poke|p1|Sinistcha-Masterpiece, L50|\n|poke|p1|Pelipper, L50, M|\n|poke|p1|Drampa, L50, F|\n|poke|p1|Alakazam, L50, M|\n|poke|p1|Aerodactyl, L50, F|\n|poke|p1|Audino, L50, M|\n|poke|p2|Sableye, L50, F|\n|poke|p2|Aerodactyl, L50, F|\n|poke|p2|Rampardos, L50, M|\n|poke|p2|Tyranitar, L50, M|\n|teampreview|4\n|c|\u2606king of larp|oh that's such a cool team dude\n|j| cyusontheinternet\n|\n|t:|1776189470\n|teamsize|p1|4\n|teamsize|p2|4\n|start\n|switch|p1a: Drampa|Drampa, L50, F|100/100\n|switch|p1b: Aerodactyl|Aerodactyl, L50, F|100/100\n|switch|p2a: Sableye|Sableye, L50, F|100/100\n|switch|p2b: Aerodactyl|Aerodactyl, L50, F, shiny|100/100\n|-ability|p2b: Aerodactyl|Unnerve\n|-ability|p1b: Aerodactyl|Unnerve\n|turn|1\n|c| cyusontheinternet|oh wow\n|\n|t:|1776189490\n|detailschange|p2b: Aerodactyl|Aerodactyl-Mega, L50, F, shiny\n|-mega|p2b: Aerodactyl|Aerodactyl|Aerodactylite\n|detailschange|p1a: Drampa|Drampa-Mega, L50, F\n|-mega|p1a: Drampa|Drampa|Drampanite\n|move|p2a: Sableye|Swagger|p2b: Aerodactyl\n|-boost|p2b: Aerodactyl|atk|2\n|-start|p2b: Aerodactyl|confusion\n|-activate|p2b: Aerodactyl|confusion\n|-damage|p2b: Aerodactyl|62/100|[from] confusion\n|move|p1b: Aerodactyl|Rock Slide|p2b: Aerodactyl|[spread] p2a,p2b\n|-supereffective|p2b: Aerodactyl|1\n|-damage|p2a: Sableye|79/100\n|-damage|p2b: Aerodactyl|4/100\n|move|p1a: Drampa|Calm Mind|p1a: Drampa\n|-boost|p1a: Drampa|spa|1\n|-boost|p1a: Drampa|spd|1\n|\n|upkeep\n|turn|2\n|c| cyusontheinternet|didn't even bring 6 lmao\n|c|\u2606king of larp|yeah i used to do the same dw\n|\n|t:|1776189518\n|move|p1a: Drampa|Protect|p1a: Drampa\n|-singleturn|p1a: Drampa|Protect\n|move|p2a: Sableye|Swagger|p1a: Drampa\n|-activate|p1a: Drampa|move: Protect\n|-activate|p2b: Aerodactyl|confusion\n|move|p2b: Aerodactyl|Rock Slide|p1a: Drampa|[spread] p1b\n|-activate|p1a: Drampa|move: Protect\n|-supereffective|p1b: Aerodactyl|1\n|-damage|p1b: Aerodactyl|0 fnt\n|faint|p1b: Aerodactyl\n|\n|upkeep\n|\n|t:|1776189530\n|switch|p1b: Pelipper|Pelipper, L50, M|100/100\n|-weather|RainDance|[from] ability: Drizzle|[of] p1b: Pelipper\n|turn|3\n|c| cyusontheinternet|haven't seen sableye or rampardos in champs yet this is intriguing\n|\n|t:|1776189547\n|move|p1b: Pelipper|Protect|p1b: Pelipper\n|-singleturn|p1b: Pelipper|Protect\n|move|p2a: Sableye|Taunt|p1b: Pelipper\n|-activate|p1b: Pelipper|move: Protect\n|-end|p2b: Aerodactyl|confusion\n|move|p2b: Aerodactyl|Rock Slide|p1b: Pelipper|[spread] p1a\n|-activate|p1b: Pelipper|move: Protect\n|-damage|p1a: Drampa|46/100\n|-ability|p1a: Drampa|Berserk|boost\n|-boost|p1a: Drampa|spa|1\n|cant|p1a: Drampa|flinch\n|\n|-weather|RainDance|[upkeep]\n|upkeep\n|turn|4\n|c|\u2606king of larp|NO SHOT\n|c|\u2606king of larp|HOLY LUCK\n|\n|t:|1776189576\n|move|p1a: Drampa|Protect|p1a: Drampa\n|-singleturn|p1a: Drampa|Protect\n|move|p2a: Sableye|Taunt|p1b: Pelipper\n|-start|p1b: Pelipper|move: Taunt\n|move|p2b: Aerodactyl|Rock Slide|p1b: Pelipper|[spread] p1b\n|-activate|p1a: Drampa|move: Protect\n|-supereffective|p1b: Pelipper|1\n|-enditem|p1b: Pelipper|Focus Sash\n|-damage|p1b: Pelipper|1/100\n|move|p1b: Pelipper|Chilling Water|p2b: Aerodactyl\n|-supereffective|p2b: Aerodactyl|1\n|-damage|p2b: Aerodactyl|0 fnt\n|faint|p2b: Aerodactyl\n|\n|-weather|RainDance|[upkeep]\n|upkeep\n|c| cyusontheinternet|ah the rock slide classic\n|\n|t:|1776189592\n|switch|p2b: Tyranitar|Tyranitar, L50, M|100/100\n|-weather|Sandstorm|[from] ability: Sand Stream|[of] p2b: Tyranitar\n|turn|5\n|\n|t:|1776189619\n|switch|p1b: Sinistcha|Sinistcha-Masterpiece, L50|100/100\n|-heal|p1a: Drampa|71/100|[from] ability: Hospitality|[of] p1b: Sinistcha\n|move|p2b: Tyranitar|Low Kick|p1a: Drampa\n|-supereffective|p1a: Drampa|1\n|-damage|p1a: Drampa|0 fnt\n|faint|p1a: Drampa\n|move|p2a: Sableye|Foul Play|p1b: Sinistcha\n|-supereffective|p1b: Sinistcha|1\n|-damage|p1b: Sinistcha|52/100\n|\n|-weather|Sandstorm|[upkeep]\n|-damage|p1b: Sinistcha|46/100|[from] Sandstorm\n|-damage|p2a: Sableye|74/100|[from] Sandstorm\n|-heal|p1b: Sinistcha|52/100|[from] item: Leftovers\n|upkeep\n|c|\u2606king of larp|i might lose right here i think\n|c|\u2606king of larp|yup\n|c|\u2606king of larp|gjob\n|\n|t:|1776189634\n|switch|p1a: Pelipper|Pelipper, L50, M|1/100\n|-weather|RainDance|[from] ability: Drizzle|[of] p1a: Pelipper\n|turn|6\n|c|\u2606king of larp|i was prepared for a trickroom\n|\n|t:|1776189658\n|move|p1b: Sinistcha|Matcha Gotcha|p2a: Sableye|[spread] p2a,p2b\n|-supereffective|p2b: Tyranitar|1\n|-damage|p2a: Sableye|36/100\n|-heal|p1b: Sinistcha|72/100|[from] drain|[of] p2a: Sableye\n|-damage|p2b: Tyranitar|59/100\n|-heal|p1b: Sinistcha|100/100|[from] drain|[of] p2b: Tyranitar\n|move|p1a: Pelipper|Tailwind|p1a: Pelipper\n|-sidestart|p1: king of larp|move: Tailwind\n|move|p2b: Tyranitar|Heavy Slam|p1b: Sinistcha\n|-damage|p1b: Sinistcha|46/100\n|move|p2a: Sableye|Foul Play|p1a: Pelipper\n|-damage|p1a: Pelipper|0 fnt\n|faint|p1a: Pelipper\n|\n|-weather|RainDance|[upkeep]\n|-heal|p1b: Sinistcha|53/100|[from] item: Leftovers\n|upkeep\n|turn|7\n|c|\u2606king of larp|i wouldve brought alakazam if i knew\n|\n|t:|1776189680\n|move|p1b: Sinistcha|Protect|p1b: Sinistcha\n|-singleturn|p1b: Sinistcha|Protect\n|move|p2a: Sableye|Swagger|p1b: Sinistcha\n|-activate|p1b: Sinistcha|move: Protect\n|move|p2b: Tyranitar|Heavy Slam|p1b: Sinistcha\n|-activate|p1b: Sinistcha|move: Protect\n|\n|-weather|RainDance|[upkeep]\n|-heal|p1b: Sinistcha|59/100|[from] item: Leftovers\n|upkeep\n|turn|8\n|\n|t:|1776189694\n|move|p2a: Sableye|Swagger|p1b: Sinistcha\n|-boost|p1b: Sinistcha|atk|2\n|-start|p1b: Sinistcha|confusion\n|-activate|p1b: Sinistcha|confusion\n|move|p1b: Sinistcha|Matcha Gotcha|p2b: Tyranitar|[spread] p2a,p2b\n|-supereffective|p2b: Tyranitar|1\n|-damage|p2a: Sableye|0 fnt\n|-heal|p1b: Sinistcha|78/100|[from] drain|[of] p2a: Sableye\n|-damage|p2b: Tyranitar|18/100\n|-heal|p1b: Sinistcha|100/100|[from] drain|[of] p2b: Tyranitar\n|faint|p2a: Sableye\n|move|p2b: Tyranitar|Heavy Slam|p1b: Sinistcha\n|-damage|p1b: Sinistcha|44/100\n|\n|-weather|RainDance|[upkeep]\n|-heal|p1b: Sinistcha|50/100|[from] item: Leftovers\n|upkeep\n|\n|t:|1776189714\n|switch|p2a: Rampardos|Rampardos, L50, M|100/100\n|turn|9\n|\n|t:|1776189728\n|-activate|p1b: Sinistcha|confusion\n|-damage|p1b: Sinistcha|35/100|[from] confusion\n|move|p2b: Tyranitar|Protect|p2b: Tyranitar\n|-singleturn|p2b: Tyranitar|Protect\n|move|p2a: Rampardos|Outrage|p1b: Sinistcha\n|-damage|p1b: Sinistcha|0 fnt\n|faint|p1b: Sinistcha\n|\n|win|raikudosenien\n|raw|king of larp's rating: 1094 &rarr; <strong>1064</strong><br />(-30 for losing)\n|raw|raikudosenien's rating: 1000 &rarr; <strong>1051</strong><br />(+51 for winning)\n|c|\u2606king of larp|sorry for stalling\n",
  "uploadtime": 1776189737,
  "views": 17,
  "formatid": "gen9championsvgc2026regma",
  "rating": 1051,
  "private": 0,
  "password": null
}