{
  "id": "gen9championsvgc2026regma-2580982951",
  "format": "[Gen 9 Champions] VGC 2026 Reg M-A",
  "players": [
    "L234S",
    "gdyee"
  ],
  "log": "|j|\u2606L234S\n|j|\u2606gdyee\n|t:|1775948902\n|gametype|doubles\n|player|p1|L234S|101|1319\n|player|p2|gdyee|supernerd|1264\n|gen|9\n|tier|[Gen 9 Champions] VGC 2026 Reg M-A\n|rated|\n|rule|Species Clause: Limit one of each Pok\u00e9mon\n|rule|Item Clause: Limit 1 of each item\n|clearpoke\n|poke|p1|Floette-Eternal, L50, F|\n|poke|p1|Aerodactyl, L50, F|\n|poke|p1|Incineroar, L50, M|\n|poke|p1|Milotic, L50, M|\n|poke|p1|Sinistcha, L50|\n|poke|p1|Garchomp, L50, M|\n|poke|p2|Manectric, L50, F|\n|poke|p2|Gardevoir, L50, F|\n|poke|p2|Palafin, L50, M|\n|poke|p2|Talonflame, L50, M|\n|poke|p2|Pelipper, L50, F|\n|poke|p2|Kingambit, L50, F|\n|teampreview|4\n|inactive|Battle timer is ON: inactive players will automatically lose when time's up. (requested by gdyee)\n|\n|t:|1775948930\n|teamsize|p1|4\n|teamsize|p2|4\n|start\n|switch|p1a: Aerodactyl|Aerodactyl, L50, F|100/100\n|switch|p1b: Floette|Floette-Eternal, L50, F|100/100\n|switch|p2a: Talonflame|Talonflame, L50, M|100/100\n|switch|p2b: Palafin|Palafin, L50, M|100/100\n|turn|1\n|j| gE1xjZRtuhW2DdT0AK\n|inactive|gdyee has 30 seconds left.\n|\n|t:|1775948956\n|detailschange|p1b: Floette|Floette-Mega, L50, F\n|-mega|p1b: Floette|Floette|Floettite\n|-ability|p1b: Floette|Fairy Aura\n|move|p1b: Floette|Protect|p1b: Floette\n|-singleturn|p1b: Floette|Protect\n|move|p2a: Talonflame|Tailwind|p2a: Talonflame\n|-sidestart|p2: gdyee|move: Tailwind\n|move|p2b: Palafin|Flip Turn|p1a: Aerodactyl\n|-supereffective|p1a: Aerodactyl|1\n|-damage|p1a: Aerodactyl|16/100\n|\n|t:|1775948966\n|detailschange|p2b: Palafin|Palafin-Hero, L50, M\n|switch|p2b: Kingambit|Kingambit, L50, F|100/100|[from] Flip Turn\n|move|p1a: Aerodactyl|Tailwind|p1a: Aerodactyl\n|-sidestart|p1: L234S|move: Tailwind\n|\n|upkeep\n|turn|2\n|\n|t:|1775948986\n|switch|p1b: Garchomp|Garchomp, L50, M|100/100\n|move|p2a: Talonflame|Brave Bird|p1a: Aerodactyl\n|-resisted|p1a: Aerodactyl|1\n|-damage|p1a: Aerodactyl|0 fnt\n|faint|p1a: Aerodactyl\n|-damage|p2a: Talonflame|95/100|[from] Recoil\n|move|p2b: Kingambit|Iron Head|p1b: Garchomp\n|-damage|p1b: Garchomp|53/100\n|-damage|p2b: Kingambit|88/100|[from] ability: Rough Skin|[of] p1b: Garchomp\n|\n|upkeep\n|\n|t:|1775948992\n|switch|p1a: Floette|Floette-Mega, L50, F|100/100\n|-ability|p1a: Floette|Fairy Aura\n|turn|3\n|\n|t:|1775949012\n|move|p2b: Kingambit|Sucker Punch|p1b: Garchomp\n|-damage|p1b: Garchomp|2/100\n|-damage|p2b: Kingambit|76/100|[from] ability: Rough Skin|[of] p1b: Garchomp\n|move|p2a: Talonflame|Brave Bird|p1a: Floette\n|-damage|p1a: Floette|34/100\n|-damage|p2a: Talonflame|70/100|[from] Recoil\n|move|p1b: Garchomp|Rock Slide|p2b: Kingambit|[spread] p2a,p2b\n|-supereffective|p2a: Talonflame|2\n|-resisted|p2b: Kingambit|1\n|-damage|p2a: Talonflame|0 fnt\n|-damage|p2b: Kingambit|69/100\n|faint|p2a: Talonflame\n|move|p1a: Floette|Moonblast|p2b: Kingambit\n|-damage|p2b: Kingambit|0 fnt\n|faint|p2b: Kingambit\n|\n|upkeep\n|\n|t:|1775949019\n|switch|p2a: Gardevoir|Gardevoir, L50, F|100/100\n|switch|p2b: Palafin|Palafin-Hero, L50, M|100/100\n|-activate|p2b: Palafin|ability: Zero to Hero\n|turn|4\n|\n|t:|1775949035\n|switch|p1b: Sinistcha|Sinistcha, L50|100/100\n|-heal|p1a: Floette|59/100|[from] ability: Hospitality|[of] p1b: Sinistcha\n|detailschange|p2a: Gardevoir|Gardevoir-Mega, L50, F\n|-mega|p2a: Gardevoir|Gardevoir|Gardevoirite\n|move|p1a: Floette|Protect|p1a: Floette\n|-singleturn|p1a: Floette|Protect\n|move|p2a: Gardevoir|Vacuum Wave|p1b: Sinistcha\n|-immune|p1b: Sinistcha\n|move|p2b: Palafin|Jet Punch|p1a: Floette\n|-activate|p1a: Floette|move: Protect\n|\n|-sideend|p1: L234S|move: Tailwind\n|-sideend|p2: gdyee|move: Tailwind\n|upkeep\n|turn|5\n|inactive|L234S has 30 seconds left.\n|\n|t:|1775949061\n|move|p2a: Gardevoir|Hyper Voice|p1a: Floette|[spread] p1a,p1b\n|-damage|p1a: Floette|7/100\n|-damage|p1b: Sinistcha|24/100\n|move|p2b: Palafin|Wave Crash|p1a: Floette\n|-damage|p1a: Floette|0 fnt\n|faint|p1a: Floette\n|-damage|p2b: Palafin|98/100|[from] Recoil\n|move|p1b: Sinistcha|Matcha Gotcha|p2a: Gardevoir|[spread] p2a,p2b\n|-supereffective|p2b: Palafin|1\n|-damage|p2a: Gardevoir|75/100\n|-heal|p1b: Sinistcha|36/100|[from] drain|[of] p2a: Gardevoir\n|-damage|p2b: Palafin|44/100\n|-heal|p1b: Sinistcha|64/100|[from] drain|[of] p2b: Palafin\n|-status|p2b: Palafin|brn\n|\n|-damage|p2b: Palafin|38/100 brn|[from] brn\n|upkeep\n|\n|t:|1775949077\n|switch|p1a: Garchomp|Garchomp, L50, M|2/100\n|turn|6\n|\n|t:|1775949082\n|move|p1a: Garchomp|Protect|p1a: Garchomp\n|-singleturn|p1a: Garchomp|Protect\n|move|p2b: Palafin|Jet Punch|p1a: Garchomp\n|-activate|p1a: Garchomp|move: Protect\n|move|p2a: Gardevoir|Hyper Voice|p1b: Sinistcha|[spread] p1b\n|-activate|p1a: Garchomp|move: Protect\n|-damage|p1b: Sinistcha|6/100\n|move|p1b: Sinistcha|Matcha Gotcha|p2b: Palafin|[spread] p2a,p2b\n|-supereffective|p2b: Palafin|1\n|-damage|p2a: Gardevoir|52/100\n|-heal|p1b: Sinistcha|16/100|[from] drain|[of] p2a: Gardevoir\n|-damage|p2b: Palafin|0 fnt\n|-heal|p1b: Sinistcha|36/100|[from] drain|[of] p2b: Palafin\n|faint|p2b: Palafin\n|\n|upkeep\n|turn|7\n|\n|t:|1775949103\n|move|p2a: Gardevoir|Vacuum Wave|p1a: Garchomp\n|-damage|p1a: Garchomp|0 fnt\n|faint|p1a: Garchomp\n|move|p1b: Sinistcha|Matcha Gotcha|p2a: Gardevoir\n|-damage|p2a: Gardevoir|23/100\n|-heal|p1b: Sinistcha|48/100|[from] drain|[of] p2a: Gardevoir\n|\n|upkeep\n|turn|8\n|\n|t:|1775949111\n|move|p2a: Gardevoir|Hyper Voice|p1b: Sinistcha\n|-damage|p1b: Sinistcha|0 fnt\n|faint|p1b: Sinistcha\n|\n|win|gdyee\n|raw|L234S's rating: 1319 &rarr; <strong>1296</strong><br />(-23 for losing)\n|raw|gdyee's rating: 1264 &rarr; <strong>1293</strong><br />(+29 for winning)\n|l|\u2606gdyee\n|player|p2|\n|l|\u2606L234S\n|player|p1|\n",
  "uploadtime": 1775949128,
  "views": 21,
  "formatid": "gen9championsvgc2026regma",
  "rating": 1293,
  "private": 0,
  "password": null
}