{
  "id": "gen9championsvgc2026regma-2583066013",
  "format": "[Gen 9 Champions] VGC 2026 Reg M-A",
  "players": [
    "gan112",
    "jiangxiu28"
  ],
  "log": "|j|\u2606gan112\n|j|\u2606jiangxiu28\n|t:|1776138268\n|gametype|doubles\n|player|p1|gan112|266|1103\n|player|p2|jiangxiu28|riley|1100\n|gen|9\n|tier|[Gen 9 Champions] VGC 2026 Reg M-A\n|rated|\n|rule|Species Clause: Limit one of each Pok\u00e9mon\n|rule|Item Clause: Limit 1 of each item\n|clearpoke\n|poke|p1|Typhlosion-Hisui, L50, F|\n|poke|p1|Torkoal, L50, M|\n|poke|p1|Farigiraf, L50, F|\n|poke|p1|Incineroar, L50, M|\n|poke|p1|Venusaur, L50, F|\n|poke|p1|Dragonite, L50, F|\n|poke|p2|Incineroar, L50, F|\n|poke|p2|Garchomp, L50, M|\n|poke|p2|Gengar, L50, M|\n|poke|p2|Kingambit, L50, M|\n|poke|p2|Maushold-Four, L50|\n|poke|p2|Ditto, L50|\n|teampreview|4\n|inactive|Battle timer is ON: inactive players will automatically lose when time's up. (requested by jiangxiu28)\n|\n|t:|1776138298\n|teamsize|p1|4\n|teamsize|p2|4\n|start\n|switch|p1a: Farigiraf|Farigiraf, L50, F|100/100\n|switch|p1b: Incineroar|Incineroar, L50, M|100/100\n|switch|p2a: Garchomp|Garchomp, L50, M|100/100\n|switch|p2b: Incineroar|Incineroar, L50, F|100/100\n|-ability|p2b: Incineroar|Intimidate|boost\n|-unboost|p1a: Farigiraf|atk|1\n|-unboost|p1b: Incineroar|atk|1\n|-ability|p1b: Incineroar|Intimidate|boost\n|-unboost|p2a: Garchomp|atk|1\n|-unboost|p2b: Incineroar|atk|1\n|turn|1\n|\n|t:|1776138318\n|move|p2a: Garchomp|Protect|p2a: Garchomp\n|-singleturn|p2a: Garchomp|Protect\n|move|p2b: Incineroar|Darkest Lariat|p1a: Farigiraf\n|-supereffective|p1a: Farigiraf|1\n|-damage|p1a: Farigiraf|56/100\n|move|p1b: Incineroar|Parting Shot|p2a: Garchomp\n|-activate|p2a: Garchomp|move: Protect\n|move|p1a: Farigiraf|Trick Room|p1a: Farigiraf\n|-fieldstart|move: Trick Room|[of] p1a: Farigiraf\n|\n|upkeep\n|turn|2\n|inactive|jiangxiu28 has 30 seconds left.\n|\n|t:|1776138344\n|move|p1b: Incineroar|Throat Chop|p2a: Garchomp\n|-damage|p2a: Garchomp|81/100\n|-start|p2a: Garchomp|Throat Chop|[silent]\n|-damage|p1b: Incineroar|88/100|[from] ability: Rough Skin|[of] p2a: Garchomp\n|move|p1a: Farigiraf|Hyper Voice|p2a: Garchomp|[spread] p2a,p2b\n|-damage|p2a: Garchomp|45/100\n|-damage|p2b: Incineroar|78/100\n|move|p2b: Incineroar|Darkest Lariat|p1a: Farigiraf\n|-supereffective|p1a: Farigiraf|1\n|-damage|p1a: Farigiraf|7/100\n|-enditem|p1a: Farigiraf|Sitrus Berry|[eat]\n|-heal|p1a: Farigiraf|32/100|[from] item: Sitrus Berry\n|move|p2a: Garchomp|Stomping Tantrum|p1a: Farigiraf\n|-damage|p1a: Farigiraf|4/100\n|\n|upkeep\n|turn|3\n|\n|t:|1776138365\n|move|p2a: Garchomp|Protect|p2a: Garchomp\n|-singleturn|p2a: Garchomp|Protect\n|move|p1a: Farigiraf|Hyper Voice|p2a: Garchomp|[spread] p2b\n|-activate|p2a: Garchomp|move: Protect\n|-damage|p2b: Incineroar|57/100\n|move|p1b: Incineroar|Flare Blitz|p2b: Incineroar\n|-resisted|p2b: Incineroar|1\n|-damage|p2b: Incineroar|44/100\n|-enditem|p2b: Incineroar|Sitrus Berry|[eat]\n|-heal|p2b: Incineroar|68/100|[from] item: Sitrus Berry\n|-damage|p1b: Incineroar|84/100|[from] Recoil\n|move|p2b: Incineroar|Darkest Lariat|p1a: Farigiraf\n|-supereffective|p1a: Farigiraf|1\n|-damage|p1a: Farigiraf|0 fnt\n|faint|p1a: Farigiraf\n|\n|-end|p2a: Garchomp|Throat Chop|[silent]\n|upkeep\n|\n|t:|1776138380\n|switch|p1a: Torkoal|Torkoal, L50, M|100/100\n|-weather|SunnyDay|[from] ability: Drought|[of] p1a: Torkoal\n|turn|4\n|\n|t:|1776138391\n|switch|p2a: Maushold|Maushold-Four, L50|100/100\n|move|p1a: Torkoal|Eruption|p2b: Incineroar|[spread] p2a,p2b\n|-resisted|p2b: Incineroar|1\n|-damage|p2a: Maushold|24/100\n|-damage|p2b: Incineroar|44/100\n|move|p1b: Incineroar|Flare Blitz|p2b: Incineroar\n|-resisted|p2b: Incineroar|1\n|-damage|p2b: Incineroar|28/100\n|-damage|p1b: Incineroar|79/100|[from] Recoil\n|move|p2b: Incineroar|Parting Shot|p1a: Torkoal\n|-unboost|p1a: Torkoal|atk|1\n|-unboost|p1a: Torkoal|spa|1\n|\n|t:|1776138408\n|switch|p2b: Garchomp|Garchomp, L50, M|45/100|[from] Parting Shot\n|\n|-weather|SunnyDay|[upkeep]\n|upkeep\n|turn|5\n|\n|t:|1776138417\n|switch|p1b: Typhlosion|Typhlosion-Hisui, L50, F|100/100\n|move|p2a: Maushold|Protect|p2a: Maushold\n|-singleturn|p2a: Maushold|Protect\n|move|p2b: Garchomp|Protect|p2b: Garchomp\n|-singleturn|p2b: Garchomp|Protect\n|move|p1a: Torkoal|Eruption|p2a: Maushold|[spread] \n|-activate|p2a: Maushold|move: Protect\n|-activate|p2b: Garchomp|move: Protect\n|\n|-weather|SunnyDay|[upkeep]\n|-fieldend|move: Trick Room\n|upkeep\n|turn|6\n|\n|t:|1776138435\n|switch|p1a: Incineroar|Incineroar, L50, M|79/100\n|-ability|p1a: Incineroar|Intimidate|boost\n|-unboost|p2a: Maushold|atk|1\n|-unboost|p2b: Garchomp|atk|1\n|move|p2a: Maushold|Follow Me|p2a: Maushold\n|-singleturn|p2a: Maushold|move: Follow Me\n|move|p1b: Typhlosion|Eruption|p2a: Maushold|[spread] p2a,p2b\n|-resisted|p2b: Garchomp|1\n|-damage|p2a: Maushold|0 fnt\n|-damage|p2b: Garchomp|6/100\n|faint|p2a: Maushold\n|move|p2b: Garchomp|Rock Slide|p1b: Typhlosion|[spread] p1a,p1b\n|-supereffective|p1a: Incineroar|1\n|-supereffective|p1b: Typhlosion|1\n|-crit|p1b: Typhlosion\n|-damage|p1a: Incineroar|57/100\n|-damage|p1b: Typhlosion|14/100\n|\n|-weather|SunnyDay|[upkeep]\n|upkeep\n|inactive|jiangxiu28 has 30 seconds left.\n|\n|t:|1776138467\n|switch|p2a: Incineroar|Incineroar, L50, F|28/100\n|-ability|p2a: Incineroar|Intimidate|boost\n|-unboost|p1a: Incineroar|atk|1\n|-unboost|p1b: Typhlosion|atk|1\n|turn|7\n|\n|t:|1776138486\n|move|p2b: Garchomp|Protect|p2b: Garchomp\n|-singleturn|p2b: Garchomp|Protect\n|move|p1a: Incineroar|Fake Out|p2a: Incineroar\n|-damage|p2a: Incineroar|22/100\n|move|p1b: Typhlosion|Eruption|p2a: Incineroar|[spread] p2a\n|-activate|p2b: Garchomp|move: Protect\n|-resisted|p2a: Incineroar|1\n|-damage|p2a: Incineroar|16/100\n|cant|p2a: Incineroar|flinch\n|\n|-weather|SunnyDay|[upkeep]\n|upkeep\n|turn|8\n|\n|t:|1776138504\n|move|p2b: Garchomp|Protect||[still]\n|-fail|p2b: Garchomp\n|move|p1b: Typhlosion|Eruption|p2a: Incineroar|[spread] p2a,p2b\n|-resisted|p2a: Incineroar|1\n|-resisted|p2b: Garchomp|1\n|-damage|p2a: Incineroar|10/100\n|-damage|p2b: Garchomp|0 fnt\n|faint|p2b: Garchomp\n|move|p2a: Incineroar|Darkest Lariat|p1b: Typhlosion\n|-supereffective|p1b: Typhlosion|1\n|-damage|p1b: Typhlosion|0 fnt\n|faint|p1b: Typhlosion\n|move|p1a: Incineroar|Throat Chop|p2a: Incineroar\n|-resisted|p2a: Incineroar|1\n|-damage|p2a: Incineroar|1/100\n|-start|p2a: Incineroar|Throat Chop|[silent]\n|\n|-weather|none\n|upkeep\n|\n|t:|1776138516\n|switch|p2b: Gengar|Gengar, L50, M|100/100\n|switch|p1b: Torkoal|Torkoal, L50, M|100/100\n|-weather|SunnyDay|[from] ability: Drought|[of] p1b: Torkoal\n|turn|9\n|\n|t:|1776138536\n|detailschange|p2b: Gengar|Gengar-Mega, L50, M\n|-mega|p2b: Gengar|Gengar|Gengarite\n|move|p2b: Gengar|Sludge Bomb|p1b: Torkoal\n|-damage|p1b: Torkoal|23/100\n|move|p2a: Incineroar|Darkest Lariat|p1b: Torkoal\n|-damage|p1b: Torkoal|0 fnt\n|faint|p1b: Torkoal\n|move|p1a: Incineroar|Throat Chop|p2b: Gengar\n|-supereffective|p2b: Gengar|1\n|-damage|p2b: Gengar|46/100\n|-start|p2b: Gengar|Throat Chop|[silent]\n|\n|-weather|SunnyDay|[upkeep]\n|-end|p2a: Incineroar|Throat Chop|[silent]\n|upkeep\n|turn|10\n|\n|t:|1776138558\n|move|p2b: Gengar|Destiny Bond|p2b: Gengar\n|-singlemove|p2b: Gengar|Destiny Bond\n|move|p2a: Incineroar|Darkest Lariat|p1a: Incineroar\n|-resisted|p1a: Incineroar|1\n|-damage|p1a: Incineroar|43/100\n|move|p1a: Incineroar|Throat Chop|p2b: Gengar\n|-supereffective|p2b: Gengar|1\n|-damage|p2b: Gengar|0 fnt\n|faint|p2b: Gengar\n|-activate|p2b: Gengar|move: Destiny Bond\n|faint|p1a: Incineroar\n|\n|win|jiangxiu28\n|raw|gan112's rating: 1103 &rarr; <strong>1078</strong><br />(-25 for losing)\n|raw|jiangxiu28's rating: 1100 &rarr; <strong>1125</strong><br />(+25 for winning)\n|l|\u2606gan112\n|player|p1|\n",
  "uploadtime": 1776138579,
  "views": 12,
  "formatid": "gen9championsvgc2026regma",
  "rating": 1078,
  "private": 0,
  "password": null
}