{
  "id": "gen9championsvgc2026regma-2582892028",
  "format": "[Gen 9 Champions] VGC 2026 Reg M-A",
  "players": [
    "Snowball_seer",
    "BlazingDurendal"
  ],
  "log": "|j|\u2606Snowball_seer\n|j|\u2606BlazingDurendal\n|t:|1776122578\n|gametype|doubles\n|player|p1|Snowball_seer|allister-masters|1103\n|player|p2|BlazingDurendal|janitor|1057\n|gen|9\n|tier|[Gen 9 Champions] VGC 2026 Reg M-A\n|rated|\n|rule|Species Clause: Limit one of each Pok\u00e9mon\n|rule|Item Clause: Limit 1 of each item\n|clearpoke\n|poke|p1|Delphox, L50, F|\n|poke|p1|Garchomp, L50, M|\n|poke|p1|Gyarados, L50, F|\n|poke|p1|Rotom-Wash, L50|\n|poke|p1|Whimsicott, L50, F|\n|poke|p1|Clefable, L50, F|\n|poke|p2|Ampharos, L50, M|\n|poke|p2|Farigiraf, L50, M|\n|poke|p2|Torkoal, L50, M|\n|poke|p2|Venusaur, L50, F|\n|poke|p2|Milotic, L50, F|\n|poke|p2|Garchomp, L50, M|\n|teampreview|4\n|inactive|Battle timer is ON: inactive players will automatically lose when time's up. (requested by Snowball_seer)\n|inactive|Snowball_seer has 60 seconds left.\n|\n|t:|1776122634\n|teamsize|p1|4\n|teamsize|p2|4\n|start\n|switch|p1a: Rotom|Rotom-Wash, L50|100/100\n|switch|p1b: Garchomp|Garchomp, L50, M|100/100\n|switch|p2a: Farigiraf|Farigiraf, L50, M, shiny|100/100\n|switch|p2b: Venusaur|Venusaur, L50, F|100/100\n|turn|1\n|\n|t:|1776122652\n|switch|p2a: Torkoal|Torkoal, L50, M, shiny|100/100\n|-weather|SunnyDay|[from] ability: Drought|[of] p2a: Torkoal\n|move|p2b: Venusaur|Sleep Powder|p1b: Garchomp|[miss]\n|-miss|p2b: Venusaur|p1b: Garchomp\n|move|p1a: Rotom|Volt Switch|p2a: Torkoal\n|-damage|p2a: Torkoal|65/100\n|\n|t:|1776122663\n|switch|p1a: Clefable|Clefable, L50, F|100/100|[from] Volt Switch\n|move|p1b: Garchomp|Earthquake|p2a: Torkoal|[spread] p1a,p2a,p2b\n|-supereffective|p2a: Torkoal|1\n|-damage|p1a: Clefable|62/100\n|-damage|p2a: Torkoal|0 fnt\n|-damage|p2b: Venusaur|43/100\n|faint|p2a: Torkoal\n|\n|-weather|SunnyDay|[upkeep]\n|upkeep\n|\n|t:|1776122678\n|switch|p2a: Farigiraf|Farigiraf, L50, M, shiny|100/100\n|turn|2\n|\n|t:|1776122686\n|move|p1a: Clefable|Follow Me|p1a: Clefable\n|-singleturn|p1a: Clefable|move: Follow Me\n|move|p2b: Venusaur|Sludge Bomb|p1a: Clefable\n|-supereffective|p1a: Clefable|1\n|-damage|p1a: Clefable|0 fnt\n|faint|p1a: Clefable\n|move|p1b: Garchomp|Earthquake|p2b: Venusaur|[spread] p2a,p2b\n|-damage|p2a: Farigiraf|62/100\n|-damage|p2b: Venusaur|0 fnt\n|faint|p2b: Venusaur\n|move|p2a: Farigiraf|Trick Room|p2a: Farigiraf\n|-fieldstart|move: Trick Room|[of] p2a: Farigiraf\n|\n|-weather|SunnyDay|[upkeep]\n|upkeep\n|\n|t:|1776122701\n|switch|p1a: Delphox|Delphox, L50, F, shiny|100/100\n|switch|p2b: Ampharos|Ampharos, L50, M|100/100\n|turn|3\n|\n|t:|1776122717\n|detailschange|p2b: Ampharos|Ampharos-Mega, L50, M\n|-mega|p2b: Ampharos|Ampharos|Ampharosite\n|-ability|p2b: Ampharos|Mold Breaker\n|detailschange|p1a: Delphox|Delphox-Mega, L50, F, shiny\n|-mega|p1a: Delphox|Delphox|Delphoxite\n|move|p2b: Ampharos|Dragon Pulse|p1b: Garchomp\n|-supereffective|p1b: Garchomp|1\n|-damage|p1b: Garchomp|0 fnt\n|faint|p1b: Garchomp\n|move|p2a: Farigiraf|Hyper Voice|p1a: Delphox\n|-damage|p1a: Delphox|66/100\n|move|p1a: Delphox|Psychic|p2b: Ampharos\n|-damage|p2b: Ampharos|53/100\n|\n|-weather|SunnyDay|[upkeep]\n|upkeep\n|\n|t:|1776122735\n|switch|p1b: Rotom|Rotom-Wash, L50|100/100\n|turn|4\n|\n|t:|1776122749\n|move|p1a: Delphox|Protect|p1a: Delphox\n|-singleturn|p1a: Delphox|Protect\n|move|p2b: Ampharos|Dragon Pulse|p1a: Delphox\n|-activate|p1a: Delphox|move: Protect\n|move|p2a: Farigiraf|Hyper Voice|p1a: Delphox|[spread] p1b\n|-activate|p1a: Delphox|move: Protect\n|-damage|p1b: Rotom|70/100\n|move|p1b: Rotom|Hydro Pump|p2b: Ampharos\n|-resisted|p2b: Ampharos|1\n|-damage|p2b: Ampharos|43/100\n|\n|-weather|SunnyDay|[upkeep]\n|upkeep\n|turn|5\n|inactive|BlazingDurendal has 30 seconds left.\n|\n|t:|1776122775\n|move|p2b: Ampharos|Thunderbolt|p1a: Delphox\n|-damage|p1a: Delphox|5/100\n|move|p2a: Farigiraf|Hyper Voice|p1a: Delphox|[spread] p1a,p1b\n|-damage|p1a: Delphox|0 fnt\n|-damage|p1b: Rotom|41/100\n|faint|p1a: Delphox\n|move|p1b: Rotom|Hydro Pump|p2b: Ampharos\n|-resisted|p2b: Ampharos|1\n|-damage|p2b: Ampharos|33/100\n|\n|-weather|none\n|upkeep\n|turn|6\n|-message|Snowball_seer forfeited.\n|\n|win|BlazingDurendal\n|raw|Snowball_seer's rating: 1103 &rarr; <strong>1075</strong><br />(-28 for losing)\n|raw|BlazingDurendal's rating: 1057 &rarr; <strong>1093</strong><br />(+36 for winning)\n",
  "uploadtime": 1776122782,
  "views": 10,
  "formatid": "gen9championsvgc2026regma",
  "rating": 1075,
  "private": 0,
  "password": null
}