{
  "id": "gen9championsvgc2026regma-2588819643",
  "format": "[Gen 9 Champions] VGC 2026 Reg M-A",
  "players": [
    "martisparkles",
    "SpeakMalarkey"
  ],
  "log": "|j|\u2606martisparkles\n|j|\u2606SpeakMalarkey\n|t:|1776674786\n|gametype|doubles\n|player|p1|martisparkles|lyra|1108\n|player|p2|SpeakMalarkey|volkner|1043\n|gen|9\n|tier|[Gen 9 Champions] VGC 2026 Reg M-A\n|rated|\n|rule|Species Clause: Limit one of each Pok\u00e9mon\n|rule|Item Clause: Limit 1 of each item\n|clearpoke\n|poke|p1|Delphox, L50, F|\n|poke|p1|Basculegion, L50, M|\n|poke|p1|Clefable, L50, F|\n|poke|p1|Kingambit, L50, M|\n|poke|p1|Dragonite, L50, M|\n|poke|p1|Sneasler, L50, F|\n|poke|p2|Starmie, L50|\n|poke|p2|Tyranitar, L50, M|\n|poke|p2|Garchomp, L50, F|\n|poke|p2|Aerodactyl, L50, M|\n|poke|p2|Rotom-Heat, L50|\n|poke|p2|Aegislash, L50, M|\n|teampreview|4\n|j| Azreal29\n|l| Azreal29\n|\n|t:|1776674807\n|teamsize|p1|4\n|teamsize|p2|4\n|start\n|switch|p1a: Basculegion|Basculegion, L50, M|100/100\n|switch|p1b: Sneasler|Sneasler, L50, F|100/100\n|switch|p2a: John Doe|Starmie, L50|100/100\n|switch|p2b: Sonic|Tyranitar, L50, M|100/100\n|-weather|Sandstorm|[from] ability: Sand Stream|[of] p2b: Sonic\n|turn|1\n|\n|t:|1776674838\n|switch|p2b: Ticklemonster|Garchomp, L50, F|100/100\n|move|p2a: John Doe|Protect|p2a: John Doe\n|-singleturn|p2a: John Doe|Protect\n|move|p1b: Sneasler|Fake Out|p2a: John Doe\n|-activate|p2a: John Doe|move: Protect\n|move|p1a: Basculegion|Flip Turn|p2a: John Doe\n|-activate|p2a: John Doe|move: Protect\n|\n|-weather|Sandstorm|[upkeep]\n|-damage|p1a: Basculegion|94/100|[from] Sandstorm\n|-damage|p1b: Sneasler|95/100|[from] Sandstorm\n|-damage|p2a: John Doe|95/100|[from] Sandstorm\n|upkeep\n|turn|2\n|\n|t:|1776674861\n|move|p1a: Basculegion|Flip Turn|p2b: Ticklemonster|[miss]\n|-miss|p1a: Basculegion|p2b: Ticklemonster\n|move|p1b: Sneasler|Dire Claw|p2a: John Doe\n|-damage|p2a: John Doe|29/100\n|move|p2a: John Doe|Psyshock|p1b: Sneasler\n|-supereffective|p1b: Sneasler|2\n|-damage|p1b: Sneasler|0 fnt\n|faint|p1b: Sneasler\n|move|p2b: Ticklemonster|Dragon Claw|p1a: Basculegion\n|-damage|p1a: Basculegion|53/100\n|\n|-weather|Sandstorm|[upkeep]\n|-damage|p1a: Basculegion|47/100|[from] Sandstorm\n|-damage|p2a: John Doe|23/100|[from] Sandstorm\n|upkeep\n|\n|t:|1776674875\n|switch|p1b: Clefable|Clefable, L50, F|100/100\n|turn|3\n|\n|t:|1776674886\n|detailschange|p2a: John Doe|Starmie-Mega, L50\n|-mega|p2a: John Doe|Starmie|Starminite\n|move|p1a: Basculegion|Flip Turn|p2b: Ticklemonster\n|-damage|p2b: Ticklemonster|58/100\n|\n|t:|1776674891\n|switch|p1a: Kingambit|Kingambit, L50, M|100/100|[from] Flip Turn\n|move|p2a: John Doe|Skill Swap|p2b: Ticklemonster\n|-activate|p2a: John Doe|Skill Swap|||[of] p2b: Ticklemonster\n|move|p2b: Ticklemonster|Iron Head|p1b: Clefable\n|-supereffective|p1b: Clefable|1\n|-damage|p1b: Clefable|28/100\n|-enditem|p1b: Clefable|Sitrus Berry|[eat]\n|-heal|p1b: Clefable|53/100|[from] item: Sitrus Berry\n|move|p1b: Clefable|Moonblast|p2b: Ticklemonster\n|-supereffective|p2b: Ticklemonster|1\n|-damage|p2b: Ticklemonster|0 fnt\n|faint|p2b: Ticklemonster\n|\n|-weather|Sandstorm|[upkeep]\n|-damage|p1b: Clefable|47/100|[from] Sandstorm\n|upkeep\n|\n|t:|1776674909\n|switch|p2b: Burnt Nuggets|Rotom-Heat, L50|100/100\n|turn|4\n|\n|t:|1776674934\n|move|p1b: Clefable|Follow Me|p1b: Clefable\n|-singleturn|p1b: Clefable|move: Follow Me\n|move|p2a: John Doe|Psyshock|p1b: Clefable\n|-damage|p1b: Clefable|11/100\n|move|p2b: Burnt Nuggets|Overheat|p1b: Clefable|[miss]\n|-miss|p2b: Burnt Nuggets|p1b: Clefable\n|move|p1a: Kingambit|Swords Dance|p1a: Kingambit\n|-boost|p1a: Kingambit|atk|2\n|\n|-weather|Sandstorm|[upkeep]\n|-damage|p2b: Burnt Nuggets|95/100|[from] Sandstorm\n|-damage|p1b: Clefable|5/100|[from] Sandstorm\n|upkeep\n|turn|5\n|\n|t:|1776674954\n|move|p2a: John Doe|Protect|p2a: John Doe\n|-singleturn|p2a: John Doe|Protect\n|move|p2b: Burnt Nuggets|Protect|p2b: Burnt Nuggets\n|-singleturn|p2b: Burnt Nuggets|Protect\n|move|p1a: Kingambit|Sucker Punch||[still]\n|-fail|p1a: Kingambit\n|move|p1b: Clefable|Moonblast|p2a: John Doe\n|-activate|p2a: John Doe|move: Protect\n|\n|-weather|none\n|upkeep\n|turn|6\n|\n|t:|1776674974\n|move|p2a: John Doe|Protect|p2a: John Doe\n|-singleturn|p2a: John Doe|Protect\n|move|p1b: Clefable|Follow Me|p1b: Clefable\n|-singleturn|p1b: Clefable|move: Follow Me\n|move|p2b: Burnt Nuggets|Overheat|p1b: Clefable\n|-damage|p1b: Clefable|0 fnt\n|-unboost|p2b: Burnt Nuggets|spa|2\n|faint|p1b: Clefable\n|move|p1a: Kingambit|Kowtow Cleave|p2b: Burnt Nuggets\n|-damage|p2b: Burnt Nuggets|0 fnt\n|faint|p2b: Burnt Nuggets\n|\n|upkeep\n|\n|t:|1776674985\n|switch|p2b: Sonic|Tyranitar, L50, M|100/100\n|switch|p1b: Basculegion|Basculegion, L50, M|47/100\n|-weather|Sandstorm|[from] ability: Sand Stream|[of] p2b: Sonic\n|turn|7\n|\n|t:|1776675006\n|move|p1a: Kingambit|Protect|p1a: Kingambit\n|-singleturn|p1a: Kingambit|Protect\n|move|p1b: Basculegion|Aqua Jet|p2a: John Doe|[miss]\n|-miss|p1b: Basculegion|p2a: John Doe\n|move|p2a: John Doe|Skill Swap|p2b: Sonic\n|-activate|p2a: John Doe|Skill Swap|||[of] p2b: Sonic\n|move|p2b: Sonic|Superpower|p1a: Kingambit\n|-activate|p1a: Kingambit|move: Protect\n|\n|-weather|Sandstorm|[upkeep]\n|-damage|p1b: Basculegion|41/100|[from] Sandstorm\n|-damage|p2a: John Doe|17/100|[from] Sandstorm\n|upkeep\n|turn|8\n|\n|t:|1776675022\n|move|p2a: John Doe|Protect|p2a: John Doe\n|-singleturn|p2a: John Doe|Protect\n|move|p1b: Basculegion|Aqua Jet|p2a: John Doe\n|-activate|p2a: John Doe|move: Protect\n|move|p1a: Kingambit|Sucker Punch|p2b: Sonic|[miss]\n|-miss|p1a: Kingambit|p2b: Sonic\n|move|p2b: Sonic|Superpower|p1a: Kingambit\n|-supereffective|p1a: Kingambit|2\n|-damage|p1a: Kingambit|0 fnt\n|-unboost|p2b: Sonic|atk|1\n|-unboost|p2b: Sonic|def|1\n|faint|p1a: Kingambit\n|\n|-weather|Sandstorm|[upkeep]\n|-damage|p1b: Basculegion|35/100|[from] Sandstorm\n|-damage|p2a: John Doe|11/100|[from] Sandstorm\n|upkeep\n|turn|9\n|\n|t:|1776675042\n|move|p1b: Basculegion|Aqua Jet|p2b: Sonic\n|-supereffective|p2b: Sonic|1\n|-damage|p2b: Sonic|16/100\n|move|p2a: John Doe|Psyshock|p1b: Basculegion\n|-damage|p1b: Basculegion|0 fnt\n|faint|p1b: Basculegion\n|\n|win|SpeakMalarkey\n|raw|martisparkles's rating: 1108 &rarr; <strong>1078</strong><br />(-30 for losing)\n|raw|SpeakMalarkey's rating: 1043 &rarr; <strong>1083</strong><br />(+40 for winning)\n|c|\u2606SpeakMalarkey|gg\n|l|\u2606SpeakMalarkey\n|player|p2|\n",
  "uploadtime": 1776675071,
  "views": 11,
  "formatid": "gen9championsvgc2026regma",
  "rating": 1078,
  "private": 0,
  "password": null
}