{
  "id": "gen9championsvgc2026regma-2581300370",
  "format": "[Gen 9 Champions] VGC 2026 Reg M-A",
  "players": [
    "tulivgc",
    "yohanitaro"
  ],
  "log": "|j|\u2606tulivgc\n|j|\u2606yohanitaro\n|t:|1775983445\n|gametype|doubles\n|player|p1|tulivgc|169|1266\n|player|p2|yohanitaro|twins-gen4|1343\n|gen|9\n|tier|[Gen 9 Champions] VGC 2026 Reg M-A\n|rated|\n|rule|Species Clause: Limit one of each Pok\u00e9mon\n|rule|Item Clause: Limit 1 of each item\n|clearpoke\n|poke|p1|Camerupt, L50, M|\n|poke|p1|Farigiraf, L50, F|\n|poke|p1|Sneasler, L50, M|\n|poke|p1|Incineroar, L50, F|\n|poke|p1|Rotom-Wash, L50|\n|poke|p1|Dragapult, L50, F|\n|poke|p2|Incineroar, L50, M|\n|poke|p2|Sneasler, L50, F|\n|poke|p2|Garchomp, L50, F|\n|poke|p2|Rotom-Wash, L50|\n|poke|p2|Charizard, L50, F|\n|poke|p2|Venusaur, L50, F|\n|teampreview|4\n|inactive|Battle timer is ON: inactive players will automatically lose when time's up. (requested by yohanitaro)\n|inactive|tulivgc also wants the timer to be on.\n|inactive|yohanitaro has 60 seconds left.\n|j| gE1xjZRtuhW2DdT0AK\n|\n|t:|1775983492\n|teamsize|p1|4\n|teamsize|p2|4\n|start\n|switch|p1a: Farigiraf|Farigiraf, L50, F|100/100\n|switch|p1b: Incineroar|Incineroar, L50, F|100/100\n|switch|p2a: Incineroar|Incineroar, L50, M|100/100\n|switch|p2b: Garchomp|Garchomp, L50, F|100/100\n|-ability|p2a: Incineroar|Intimidate|boost\n|-unboost|p1a: Farigiraf|atk|1\n|-unboost|p1b: Incineroar|atk|1\n|-ability|p1b: Incineroar|Intimidate|boost\n|-unboost|p2a: Incineroar|atk|1\n|-unboost|p2b: Garchomp|atk|1\n|turn|1\n|\n|t:|1775983511\n|move|p1b: Incineroar|Fake Out|p2b: Garchomp\n|-damage|p2b: Garchomp|92/100\n|-damage|p1b: Incineroar|88/100|[from] ability: Rough Skin|[of] p2b: Garchomp\n|cant|p2b: Garchomp|flinch\n|move|p2a: Incineroar|Darkest Lariat|p1a: Farigiraf\n|-supereffective|p1a: Farigiraf|1\n|-damage|p1a: Farigiraf|47/100\n|move|p1a: Farigiraf|Trick Room|p1a: Farigiraf\n|-fieldstart|move: Trick Room|[of] p1a: Farigiraf\n|\n|upkeep\n|turn|2\n|inactive|yohanitaro has 30 seconds left.\n|\n|t:|1775983537\n|move|p1a: Farigiraf|Hyper Voice|p2a: Incineroar|[spread] p2a,p2b\n|-damage|p2a: Incineroar|74/100\n|-damage|p2b: Garchomp|60/100\n|move|p1b: Incineroar|Parting Shot|p2a: Incineroar\n|-unboost|p2a: Incineroar|atk|1\n|-unboost|p2a: Incineroar|spa|1\n|\n|t:|1775983540\n|switch|p1b: Camerupt|Camerupt, L50, M|100/100|[from] Parting Shot\n|move|p2a: Incineroar|Parting Shot|p1a: Farigiraf\n|-unboost|p1a: Farigiraf|atk|1\n|-unboost|p1a: Farigiraf|spa|1\n|\n|t:|1775983547\n|switch|p2a: Charizard|Charizard, L50, F|100/100|[from] Parting Shot\n|move|p2b: Garchomp|Earthquake|p1a: Farigiraf|[spread] p1a,p1b\n|-immune|p2a: Charizard\n|-supereffective|p1b: Camerupt|1\n|-damage|p1a: Farigiraf|19/100\n|-damage|p1b: Camerupt|42/100\n|\n|upkeep\n|turn|3\n|\n|t:|1775983561\n|detailschange|p1b: Camerupt|Camerupt-Mega, L50, M\n|-mega|p1b: Camerupt|Camerupt|Cameruptite\n|move|p2a: Charizard|Protect|p2a: Charizard\n|-singleturn|p2a: Charizard|Protect\n|move|p1b: Camerupt|Heat Wave|p2b: Garchomp|[spread] p2b\n|-activate|p2a: Charizard|move: Protect\n|-resisted|p2b: Garchomp|1\n|-crit|p2b: Garchomp\n|-damage|p2b: Garchomp|9/100\n|move|p1a: Farigiraf|Hyper Voice|p2b: Garchomp|[spread] p2b\n|-activate|p2a: Charizard|move: Protect\n|-damage|p2b: Garchomp|0 fnt\n|faint|p2b: Garchomp\n|\n|upkeep\n|\n|t:|1775983575\n|switch|p2b: Incineroar|Incineroar, L50, M|74/100\n|-ability|p2b: Incineroar|Intimidate|boost\n|-unboost|p1a: Farigiraf|atk|1\n|-unboost|p1b: Camerupt|atk|1\n|turn|4\n|\n|t:|1775983599\n|detailschange|p2a: Charizard|Charizard-Mega-Y, L50, F\n|-mega|p2a: Charizard|Charizard|Charizardite Y\n|-weather|SunnyDay|[from] ability: Drought|[of] p2a: Charizard\n|move|p1b: Camerupt|Earth Power|p2b: Incineroar\n|-supereffective|p2b: Incineroar|1\n|-damage|p2b: Incineroar|0 fnt\n|faint|p2b: Incineroar\n|move|p1a: Farigiraf|Hyper Voice|p2a: Charizard\n|-damage|p2a: Charizard|73/100\n|move|p2a: Charizard|Heat Wave|p1a: Farigiraf|[spread] p1a,p1b\n|-resisted|p1b: Camerupt|1\n|-damage|p1a: Farigiraf|0 fnt\n|-damage|p1b: Camerupt|12/100\n|faint|p1a: Farigiraf\n|\n|-weather|SunnyDay|[upkeep]\n|upkeep\n|\n|t:|1775983613\n|switch|p1a: Incineroar|Incineroar, L50, F|88/100\n|switch|p2b: Venusaur|Venusaur, L50, F|100/100\n|-ability|p1a: Incineroar|Intimidate|boost\n|-unboost|p2a: Charizard|atk|1\n|-unboost|p2b: Venusaur|atk|1\n|turn|5\n|\n|t:|1775983620\n|move|p2a: Charizard|Protect|p2a: Charizard\n|-singleturn|p2a: Charizard|Protect\n|move|p2b: Venusaur|Protect|p2b: Venusaur\n|-singleturn|p2b: Venusaur|Protect\n|move|p1b: Camerupt|Heat Wave|p2b: Venusaur|[spread] \n|-activate|p2a: Charizard|move: Protect\n|-activate|p2b: Venusaur|move: Protect\n|move|p1a: Incineroar|Flare Blitz|p2b: Venusaur\n|-activate|p2b: Venusaur|move: Protect\n|\n|-weather|SunnyDay|[upkeep]\n|-fieldend|move: Trick Room\n|upkeep\n|turn|6\n|inactive|yohanitaro has 30 seconds left.\n|\n|t:|1775983649\n|move|p2b: Venusaur|Sludge Bomb|p1a: Incineroar\n|-damage|p1a: Incineroar|49/100\n|-enditem|p1a: Incineroar|Sitrus Berry|[eat]\n|-heal|p1a: Incineroar|74/100|[from] item: Sitrus Berry\n|move|p2a: Charizard|Heat Wave|p1a: Incineroar|[spread] p1a,p1b\n|-resisted|p1a: Incineroar|1\n|-resisted|p1b: Camerupt|1\n|-damage|p1a: Incineroar|47/100\n|-damage|p1b: Camerupt|0 fnt\n|faint|p1b: Camerupt\n|move|p1a: Incineroar|Flare Blitz|p2b: Venusaur\n|-supereffective|p2b: Venusaur|1\n|-enditem|p2b: Venusaur|Focus Sash\n|-damage|p2b: Venusaur|1/100\n|-damage|p1a: Incineroar|21/100|[from] Recoil\n|\n|-weather|SunnyDay|[upkeep]\n|upkeep\n|\n|t:|1775983656\n|switch|p1b: Dragapult|Dragapult, L50, F|100/100\n|turn|7\n|\n|t:|1775983674\n|move|p1b: Dragapult|Protect|p1b: Dragapult\n|-singleturn|p1b: Dragapult|Protect\n|move|p2b: Venusaur|Sleep Powder|p1b: Dragapult\n|-activate|p1b: Dragapult|move: Protect\n|move|p2a: Charizard|Heat Wave|p1b: Dragapult|[spread] p1a\n|-activate|p1b: Dragapult|move: Protect\n|-resisted|p1a: Incineroar|1\n|-damage|p1a: Incineroar|0 fnt\n|faint|p1a: Incineroar\n|\n|-weather|SunnyDay|[upkeep]\n|upkeep\n|turn|8\n|\n|t:|1775983691\n|move|p2b: Venusaur|Sleep Powder|p1b: Dragapult\n|-status|p1b: Dragapult|slp|[from] move: Sleep Powder\n|cant|p1b: Dragapult|slp\n|move|p2a: Charizard|Weather Ball|p1b: Dragapult\n|-resisted|p1b: Dragapult|1\n|-damage|p1b: Dragapult|50/100 slp\n|\n|-weather|none\n|upkeep\n|turn|9\n|\n|t:|1775983710\n|cant|p1b: Dragapult|slp\n|move|p2a: Charizard|Heat Wave|p1b: Dragapult\n|-resisted|p1b: Dragapult|1\n|-damage|p1b: Dragapult|19/100 slp\n|move|p2b: Venusaur|Leaf Storm|p1b: Dragapult\n|-resisted|p1b: Dragapult|1\n|-damage|p1b: Dragapult|0 fnt\n|-unboost|p2b: Venusaur|spa|2\n|faint|p1b: Dragapult\n|\n|win|yohanitaro\n|raw|tulivgc's rating: 1266 &rarr; <strong>1246</strong><br />(-20 for losing)\n|raw|yohanitaro's rating: 1343 &rarr; <strong>1359</strong><br />(+16 for winning)\n|l|\u2606tulivgc\n|player|p1|\n",
  "uploadtime": 1775983718,
  "views": 23,
  "formatid": "gen9championsvgc2026regma",
  "rating": 1246,
  "private": 0,
  "password": null
}