{
  "id": "gen9championsvgc2026regma-2584908976",
  "format": "[Gen 9 Champions] VGC 2026 Reg M-A",
  "players": [
    "Leemo1218",
    "broccholy"
  ],
  "log": "|j|\u2606Leemo1218\n|j|\u2606broccholy\n|t:|1776293572\n|gametype|doubles\n|player|p1|Leemo1218|riley|1165\n|player|p2|broccholy|carmine-festival|1068\n|gen|9\n|tier|[Gen 9 Champions] VGC 2026 Reg M-A\n|rated|\n|rule|Species Clause: Limit one of each Pok\u00e9mon\n|rule|Item Clause: Limit 1 of each item\n|clearpoke\n|poke|p1|Incineroar, L50, F|\n|poke|p1|Garchomp, L50, M|\n|poke|p1|Gengar, L50, F|\n|poke|p1|Kingambit, L50, M|\n|poke|p1|Maushold-Four, L50|\n|poke|p1|Palafin, L50, F|\n|poke|p2|Kangaskhan, L50, F|\n|poke|p2|Incineroar, L50, F|\n|poke|p2|Archaludon, L50, F|\n|poke|p2|Basculegion, L50, M|\n|poke|p2|Pelipper, L50, F|\n|poke|p2|Tinkaton, L50, F|\n|teampreview|4\n|inactive|Battle timer is ON: inactive players will automatically lose when time's up. (requested by broccholy)\nbroccholy rejected open team sheets.\n|inactive|broccholy has 60 seconds left.\n|inactive|broccholy has 30 seconds left.\n|inactive|broccholy has 20 seconds left.\n|inactive|broccholy has 15 seconds left.\n|inactive|broccholy has 10 seconds left.\n|\n|t:|1776293658\n|teamsize|p1|4\n|teamsize|p2|4\n|start\n|switch|p1a: Incineroar|Incineroar, L50, F|100/100\n|switch|p1b: Gengar|Gengar, L50, F, shiny|100/100\n|switch|p2a: Kangaskhan|Kangaskhan, L50, F|100/100\n|switch|p2b: Pelipper|Pelipper, L50, F|100/100\n|-weather|RainDance|[from] ability: Drizzle|[of] p2b: Pelipper\n|-ability|p1a: Incineroar|Intimidate|boost\n|-fail|p2a: Kangaskhan|unboost|Attack|[from] ability: Scrappy|[of] p2a: Kangaskhan\n|-unboost|p2b: Pelipper|atk|1\n|turn|1\n|\n|t:|1776293676\n|detailschange|p1b: Gengar|Gengar-Mega, L50, F, shiny\n|-mega|p1b: Gengar|Gengar|Gengarite\n|detailschange|p2a: Kangaskhan|Kangaskhan-Mega, L50, F\n|-mega|p2a: Kangaskhan|Kangaskhan|Kangaskhanite\n|move|p2a: Kangaskhan|Fake Out|p1b: Gengar\n|-immune|p1b: Gengar\n|move|p1a: Incineroar|Fake Out|p2b: Pelipper\n|-damage|p2b: Pelipper|87/100\n|move|p1b: Gengar|Perish Song|p1b: Gengar\n|-start|p1a: Incineroar|perish3|[silent]\n|-start|p1b: Gengar|perish3|[silent]\n|-start|p2a: Kangaskhan|perish3|[silent]\n|-start|p2b: Pelipper|perish3|[silent]\n|-fieldactivate|move: Perish Song\n|cant|p2b: Pelipper|flinch\n|\n|-weather|RainDance|[upkeep]\n|-start|p1b: Gengar|perish3\n|-start|p2a: Kangaskhan|perish3\n|-start|p2b: Pelipper|perish3\n|-start|p1a: Incineroar|perish3\n|upkeep\n|turn|2\n|\n|t:|1776293699\n|move|p1b: Gengar|Protect|p1b: Gengar\n|-singleturn|p1b: Gengar|Protect\n|move|p2a: Kangaskhan|Sucker Punch||[still]\n|-fail|p2a: Kangaskhan\n|move|p2b: Pelipper|Weather Ball|p1a: Incineroar\n|-supereffective|p1a: Incineroar|1\n|-damage|p1a: Incineroar|8/100\n|-enditem|p1a: Incineroar|Sitrus Berry|[eat]\n|-heal|p1a: Incineroar|33/100|[from] item: Sitrus Berry\n|move|p1a: Incineroar|Will-O-Wisp|p2a: Kangaskhan\n|-status|p2a: Kangaskhan|brn\n|\n|-weather|RainDance|[upkeep]\n|-damage|p2a: Kangaskhan|94/100 brn|[from] brn\n|-start|p1b: Gengar|perish2\n|-start|p2a: Kangaskhan|perish2\n|-start|p2b: Pelipper|perish2\n|-start|p1a: Incineroar|perish2\n|upkeep\n|turn|3\n|inactive|broccholy has 30 seconds left.\n|inactive|broccholy has 20 seconds left.\n|\n|t:|1776293737\n|switch|p1a: Palafin|Palafin, L50, F|100/100\n|move|p1b: Gengar|Substitute|p1b: Gengar\n|-start|p1b: Gengar|Substitute\n|-damage|p1b: Gengar|76/100\n|move|p2a: Kangaskhan|Low Kick|p1a: Palafin\n|-damage|p1a: Palafin|82/100\n|-damage|p1a: Palafin|78/100\n|-hitcount|p1a: Palafin|2\n|move|p2b: Pelipper|Tailwind|p2b: Pelipper\n|-sidestart|p2: broccholy|move: Tailwind\n|\n|-weather|RainDance|[upkeep]\n|-damage|p2a: Kangaskhan|88/100 brn|[from] brn\n|-start|p2a: Kangaskhan|perish1\n|-start|p2b: Pelipper|perish1\n|-start|p1b: Gengar|perish1\n|upkeep\n|turn|4\n|inactive|Leemo1218 has 30 seconds left.\n|inactive|broccholy has 30 seconds left.\n|\n|t:|1776293768\n|switch|p1b: Incineroar|Incineroar, L50, F|33/100\n|-ability|p1b: Incineroar|Intimidate|boost\n|-unboost|p2a: Kangaskhan|atk|1\n|-unboost|p2b: Pelipper|atk|1\n|move|p2a: Kangaskhan|Double-Edge|p1a: Palafin\n|-damage|p1a: Palafin|53/100\n|-damage|p1a: Palafin|47/100\n|-hitcount|p1a: Palafin|2\n|-damage|p2a: Kangaskhan|79/100 brn|[from] Recoil\n|move|p2b: Pelipper|Weather Ball|p1b: Incineroar\n|-supereffective|p1b: Incineroar|1\n|-damage|p1b: Incineroar|0 fnt\n|faint|p1b: Incineroar\n|move|p1a: Palafin|Flip Turn|p2b: Pelipper\n|-resisted|p2b: Pelipper|1\n|-crit|p2b: Pelipper\n|-damage|p2b: Pelipper|49/100\n|\n|t:|1776293785\n|detailschange|p1a: Palafin|Palafin-Hero, L50, F\n|switch|p1a: Gengar|Gengar-Mega, L50, F, shiny|76/100|[from] Flip Turn\n|\n|-weather|RainDance|[upkeep]\n|-damage|p2a: Kangaskhan|72/100 brn|[from] brn\n|-start|p2a: Kangaskhan|perish0\n|-start|p2b: Pelipper|perish0\n|faint|p2a: Kangaskhan\n|faint|p2b: Pelipper\n|upkeep\n|\n|t:|1776293800\n|switch|p2a: Archaludon|Archaludon, L50, F|100/100\n|switch|p2b: Incineroar|Incineroar, L50, F|100/100\n|switch|p1b: Kingambit|Kingambit, L50, M|100/100\n|-ability|p2b: Incineroar|Intimidate|boost\n|-unboost|p1a: Gengar|atk|1\n|-unboost|p1b: Kingambit|atk|1\n|-ability|p1b: Kingambit|Defiant|boost\n|-boost|p1b: Kingambit|atk|2\n|turn|5\n|\n|t:|1776293820\n|move|p1b: Kingambit|Protect|p1b: Kingambit\n|-singleturn|p1b: Kingambit|Protect\n|move|p2b: Incineroar|Fake Out|p1b: Kingambit\n|-activate|p1b: Kingambit|move: Protect\n|move|p2a: Archaludon|Electro Shot||[still]\n|-prepare|p2a: Archaludon|Electro Shot\n|-boost|p2a: Archaludon|spa|1\n|-anim|p2a: Archaludon|Electro Shot|p1b: Kingambit\n|-activate|p1b: Kingambit|move: Protect\n|move|p1a: Gengar|Perish Song|p1a: Gengar\n|-start|p1a: Gengar|perish3|[silent]\n|-start|p1b: Kingambit|perish3|[silent]\n|-start|p2a: Archaludon|perish3|[silent]\n|-start|p2b: Incineroar|perish3|[silent]\n|-fieldactivate|move: Perish Song\n|\n|-weather|none\n|-start|p2a: Archaludon|perish3\n|-start|p1a: Gengar|perish3\n|-start|p2b: Incineroar|perish3\n|-start|p1b: Kingambit|perish3\n|upkeep\n|turn|6\n|inactive|Leemo1218 has 30 seconds left.\n|inactive|broccholy has 30 seconds left.\n|inactive|broccholy has 20 seconds left.\n|\n|t:|1776293856\n|switch|p1b: Palafin|Palafin-Hero, L50, F|47/100\n|-activate|p1b: Palafin|ability: Zero to Hero\n|move|p1a: Gengar|Protect|p1a: Gengar\n|-singleturn|p1a: Gengar|Protect\n|move|p2a: Archaludon|Electro Shot||[still]\n|-prepare|p2a: Archaludon|Electro Shot\n|-boost|p2a: Archaludon|spa|1\n|move|p2b: Incineroar|Flare Blitz|p1b: Palafin\n|-resisted|p1b: Palafin|1\n|-damage|p1b: Palafin|23/100\n|-damage|p2b: Incineroar|94/100|[from] Recoil\n|\n|-start|p2a: Archaludon|perish2\n|-start|p1a: Gengar|perish2\n|-start|p2b: Incineroar|perish2\n|-sideend|p2: broccholy|move: Tailwind\n|upkeep\n|turn|7\n|inactive|broccholy has 30 seconds left.\n|\n|t:|1776293882\n|move|p1b: Palafin|Protect|p1b: Palafin\n|-singleturn|p1b: Palafin|Protect\n|move|p1a: Gengar|Substitute|p1a: Gengar\n|-start|p1a: Gengar|Substitute\n|-damage|p1a: Gengar|51/100\n|move|p2a: Archaludon|Electro Shot|p1a: Gengar|[from] lockedmove\n|-end|p1a: Gengar|Substitute\n|move|p2b: Incineroar|Flare Blitz|p1a: Gengar\n|-damage|p1a: Gengar|0 fnt\n|faint|p1a: Gengar\n|-damage|p2b: Incineroar|80/100|[from] Recoil\n|\n|-start|p2a: Archaludon|perish1\n|-start|p2b: Incineroar|perish1\n|upkeep\n|\n|t:|1776293894\n|switch|p1a: Kingambit|Kingambit, L50, M|100/100\n|turn|8\n|\n|t:|1776293912\n|move|p1b: Palafin|Protect||[still]\n|-fail|p1b: Palafin\n|move|p1a: Kingambit|Protect|p1a: Kingambit\n|-singleturn|p1a: Kingambit|Protect\n|move|p2a: Archaludon|Draco Meteor|p1a: Kingambit\n|-activate|p1a: Kingambit|move: Protect\n|move|p2b: Incineroar|Darkest Lariat|p1b: Palafin\n|-damage|p1b: Palafin|0 fnt\n|faint|p1b: Palafin\n|\n|-start|p2a: Archaludon|perish0\n|-start|p2b: Incineroar|perish0\n|faint|p2a: Archaludon\n|faint|p2b: Incineroar\n|\n|win|Leemo1218\n|raw|Leemo1218's rating: 1165 &rarr; <strong>1183</strong><br />(+18 for winning)\n|raw|broccholy's rating: 1068 &rarr; <strong>1053</strong><br />(-15 for losing)\n|l|\u2606broccholy\n|player|p2|\n",
  "uploadtime": 1776293928,
  "views": 21,
  "formatid": "gen9championsvgc2026regma",
  "rating": 1053,
  "private": 0,
  "password": null
}