{
  "id": "gen9championsvgc2026regma-2582543740",
  "format": "[Gen 9 Champions] VGC 2026 Reg M-A",
  "players": [
    "alkdfe",
    "montanaswrld"
  ],
  "log": "|j|\u2606alkdfe\n|j|\u2606montanaswrld\n|t:|1776098379\n|gametype|doubles\n|player|p1|alkdfe|elesa|1090\n|player|p2|montanaswrld|iris|1059\n|gen|9\n|tier|[Gen 9 Champions] VGC 2026 Reg M-A\n|rated|\n|rule|Species Clause: Limit one of each Pok\u00e9mon\n|rule|Item Clause: Limit 1 of each item\n|clearpoke\n|poke|p1|Froslass, L50, F|\n|poke|p1|Kingambit, L50, F|\n|poke|p1|Sneasler, L50, M|\n|poke|p1|Palafin, L50, F|\n|poke|p1|Sinistcha, L50|\n|poke|p1|Arcanine-Hisui, L50, F|\n|poke|p2|Delphox, L50, F|\n|poke|p2|Espathra, L50, F|\n|poke|p2|Pelipper, L50, M|\n|poke|p2|Sneasler, L50, F|\n|poke|p2|Meganium, L50, F|\n|poke|p2|Basculegion-F, L50, F|\n|teampreview|4\n|inactive|Battle timer is ON: inactive players will automatically lose when time's up. (requested by alkdfe)\nmontanaswrld has agreed to open team sheets.\n|\n|t:|1776098432\n|teamsize|p1|4\n|teamsize|p2|4\n|start\n|switch|p1a: Kingambit|Kingambit, L50, F|100/100\n|switch|p1b: Froslass|Froslass, L50, F|100/100\n|switch|p2a: Jasmine|Sneasler, L50, F|100/100\n|switch|p2b: Merlin|Delphox, L50, F|100/100\n|turn|1\n|inactive|alkdfe has 30 seconds left.\n|inactive|montanaswrld has 30 seconds left.\n|inactive|montanaswrld has 20 seconds left.\n|inactive|montanaswrld has 15 seconds left.\n|\n|t:|1776098477\n|switch|p2b: i guess bro|Pelipper, L50, M|100/100\n|-weather|RainDance|[from] ability: Drizzle|[of] p2b: i guess bro\n|detailschange|p1b: Froslass|Froslass-Mega, L50, F\n|-mega|p1b: Froslass|Froslass|Froslassite\n|-weather|Snowscape|[from] ability: Snow Warning|[of] p1b: Froslass\n|move|p1a: Kingambit|Protect|p1a: Kingambit\n|-singleturn|p1a: Kingambit|Protect\n|move|p1b: Froslass|Aurora Veil|p1b: Froslass\n|-sidestart|p1: alkdfe|move: Aurora Veil\n|move|p2a: Jasmine|Close Combat|p1a: Kingambit\n|-activate|p1a: Kingambit|move: Protect\n|\n|-weather|Snowscape|[upkeep]\n|upkeep\n|turn|2\n|inactive|alkdfe has 30 seconds left.\n|\n|t:|1776098510\n|switch|p1a: Sinistcha|Sinistcha, L50|100/100\n|move|p1b: Froslass|Shadow Ball|p2b: i guess bro\n|-damage|p2b: i guess bro|52/100\n|move|p2a: Jasmine|Close Combat|p1a: Sinistcha\n|-immune|p1a: Sinistcha\n|move|p2b: i guess bro|Tailwind|p2b: i guess bro\n|-sidestart|p2: montanaswrld|move: Tailwind\n|\n|-weather|Snowscape|[upkeep]\n|upkeep\n|turn|3\n|\n|t:|1776098533\n|move|p1a: Sinistcha|Protect|p1a: Sinistcha\n|-singleturn|p1a: Sinistcha|Protect\n|move|p2a: Jasmine|Shadow Claw|p1a: Sinistcha\n|-activate|p1a: Sinistcha|move: Protect\n|move|p1b: Froslass|Blizzard|p2a: Jasmine|[spread] p2a,p2b\n|-damage|p2a: Jasmine|37/100\n|-damage|p2b: i guess bro|6/100\n|move|p2b: i guess bro|Weather Ball|p1a: Sinistcha\n|-activate|p1a: Sinistcha|move: Protect\n|\n|-weather|Snowscape|[upkeep]\n|upkeep\n|turn|4\n|\n|t:|1776098557\n|switch|p2b: idek|Basculegion-F, L50, F|100/100\n|move|p1a: Sinistcha|Rage Powder|p1a: Sinistcha\n|-singleturn|p1a: Sinistcha|move: Rage Powder\n|move|p2a: Jasmine|Shadow Claw|p1a: Sinistcha\n|-supereffective|p1a: Sinistcha|1\n|-damage|p1a: Sinistcha|67/100\n|move|p1b: Froslass|Blizzard|p2a: Jasmine|[spread] p2a,p2b\n|-resisted|p2b: idek|1\n|-damage|p2a: Jasmine|0 fnt\n|-damage|p2b: idek|75/100\n|faint|p2a: Jasmine\n|\n|-weather|Snowscape|[upkeep]\n|upkeep\n|\n|t:|1776098569\n|switch|p2a: i guess bro|Pelipper, L50, M|6/100\n|-weather|RainDance|[from] ability: Drizzle|[of] p2a: i guess bro\n|turn|5\n|\n|t:|1776098591\n|move|p1a: Sinistcha|Rage Powder|p1a: Sinistcha\n|-singleturn|p1a: Sinistcha|move: Rage Powder\n|move|p2b: idek|Last Respects|p1a: Sinistcha\n|-supereffective|p1a: Sinistcha|1\n|-damage|p1a: Sinistcha|5/100\n|-enditem|p1a: Sinistcha|Sitrus Berry|[eat]\n|-heal|p1a: Sinistcha|30/100|[from] item: Sitrus Berry\n|move|p1b: Froslass|Shadow Ball|p2b: idek\n|-supereffective|p2b: idek|1\n|-damage|p2b: idek|0 fnt\n|faint|p2b: idek\n|move|p2a: i guess bro|Hurricane|p1a: Sinistcha\n|-supereffective|p1a: Sinistcha|1\n|-damage|p1a: Sinistcha|0 fnt\n|faint|p1a: Sinistcha\n|\n|-weather|RainDance|[upkeep]\n|-sideend|p2: montanaswrld|move: Tailwind\n|-sideend|p1: alkdfe|move: Aurora Veil\n|upkeep\n|\n|t:|1776098614\n|switch|p2b: Merlin|Delphox, L50, F|100/100\n|switch|p1a: Arcanine|Arcanine-Hisui, L50, F|100/100\n|-ability|p1a: Arcanine|Intimidate|boost\n|-unboost|p2a: i guess bro|atk|1\n|-unboost|p2b: Merlin|atk|1\n|turn|6\n|\n|t:|1776098628\n|detailschange|p2b: Merlin|Delphox-Mega, L50, F\n|-mega|p2b: Merlin|Delphox|Delphoxite\n|move|p1a: Arcanine|Extreme Speed|p2a: i guess bro\n|-damage|p2a: i guess bro|0 fnt\n|faint|p2a: i guess bro\n|move|p2b: Merlin|Flamethrower|p1b: Froslass\n|-supereffective|p1b: Froslass|1\n|-damage|p1b: Froslass|48/100\n|move|p1b: Froslass|Shadow Ball|p2b: Merlin\n|-supereffective|p2b: Merlin|1\n|-damage|p2b: Merlin|7/100\n|\n|-weather|RainDance|[upkeep]\n|upkeep\n|turn|7\n|-message|montanaswrld forfeited.\n|\n|win|alkdfe\n|raw|alkdfe's rating: 1090 &rarr; <strong>1114</strong><br />(+24 for winning)\n|raw|montanaswrld's rating: 1059 &rarr; <strong>1042</strong><br />(-17 for losing)\n|l|\u2606montanaswrld\n|player|p2|\n",
  "uploadtime": 1776098646,
  "views": 47,
  "formatid": "gen9championsvgc2026regma",
  "rating": 1042,
  "private": 0,
  "password": null
}