{
  "id": "gen9championsvgc2026regma-2586828804",
  "format": "[Gen 9 Champions] VGC 2026 Reg M-A",
  "players": [
    "ascii_ch",
    "Rusl2"
  ],
  "log": "|j|\u2606ascii_ch\n|j|\u2606Rusl2\n|t:|1776463333\n|gametype|doubles\n|player|p1|ascii_ch|miku-ghost|1080\n|player|p2|Rusl2|266|1176\n|gen|9\n|tier|[Gen 9 Champions] VGC 2026 Reg M-A\n|rated|\n|rule|Species Clause: Limit one of each Pok\u00e9mon\n|rule|Item Clause: Limit 1 of each item\n|clearpoke\n|poke|p1|Zoroark-Hisui, L50, M|\n|poke|p1|Chimecho, L50, M|\n|poke|p1|Sneasler, L50, F|\n|poke|p1|Rotom-Wash, L50|\n|poke|p1|Talonflame, L50, F|\n|poke|p1|Ninetales-Alola, L50, F|\n|poke|p2|Aerodactyl, L50, M|\n|poke|p2|Basculegion, L50, M|\n|poke|p2|Pinsir, L50, F|\n|poke|p2|Garchomp, L50, F|\n|poke|p2|Rotom-Wash, L50|\n|poke|p2|Sneasler, L50, M|\n|teampreview|4\nRusl2 has agreed to open team sheets.\n|\n|t:|1776463371\n|teamsize|p1|4\n|teamsize|p2|4\n|start\n|switch|p1a: Sneasler|Sneasler, L50, F|100/100\n|switch|p1b: Ninetales|Ninetales-Alola, L50, F|100/100\n|switch|p2a: Pinsir|Pinsir, L50, F|100/100\n|switch|p2b: Basculegion|Basculegion, L50, M, shiny|100/100\n|-weather|Snowscape|[from] ability: Snow Warning|[of] p1b: Ninetales\n|turn|1\n|\n|t:|1776463387\n|detailschange|p2a: Pinsir|Pinsir-Mega, L50, F\n|-mega|p2a: Pinsir|Pinsir|Pinsirite\n|move|p2a: Pinsir|Feint|p1b: Ninetales\n|-damage|p1b: Ninetales|80/100\n|move|p2b: Basculegion|Wave Crash|p1b: Ninetales\n|-damage|p1b: Ninetales|15/100\n|-damage|p2b: Basculegion|81/100|[from] Recoil\n|move|p1a: Sneasler|Bitter Malice|p2b: Basculegion\n|-supereffective|p2b: Basculegion|1\n|-damage|p2b: Basculegion|0 fnt\n|faint|p2b: Basculegion\n|move|p1b: Ninetales|Aurora Veil|p1b: Ninetales\n|-sidestart|p1: ascii_ch|move: Aurora Veil\n|\n|-weather|Snowscape|[upkeep]\n|upkeep\n|\n|t:|1776463405\n|switch|p2b: Aerodactyl|Aerodactyl, L50, M|100/100\n|-ability|p2b: Aerodactyl|Unnerve\n|turn|2\n|\n|t:|1776463416\n|switch|p1b: Chimecho|Chimecho, L50, M, shiny|100/100\n|move|p2b: Aerodactyl|Rock Slide|p1a: Sneasler|[spread] p1a,p1b\n|-damage|p1a: Sneasler|64/100\n|-damage|p1b: Chimecho|84/100\n|replace|p1a: Zoroark|Zoroark-Hisui, L50, M\n|-end|p1a: Zoroark|Illusion\n|move|p2a: Pinsir|Body Slam|p1a: Zoroark\n|-damage|p1a: Zoroark|0 fnt\n|faint|p1a: Zoroark\n|\n|-weather|Snowscape|[upkeep]\n|upkeep\n|\n|t:|1776463433\n|switch|p1a: Sneasler|Sneasler, L50, F|100/100\n|turn|3\n|\n|t:|1776463462\n|detailschange|p1b: Chimecho|Chimecho-Mega, L50, M, shiny\n|-mega|p1b: Chimecho|Chimecho|Chimechite\n|move|p1a: Sneasler|Fake Out|p2a: Pinsir\n|-damage|p2a: Pinsir|86/100\n|cant|p2a: Pinsir|flinch\n|move|p2b: Aerodactyl|Dual Wingbeat|p1a: Sneasler\n|-supereffective|p1a: Sneasler|1\n|-damage|p1a: Sneasler|59/100\n|-supereffective|p1a: Sneasler|1\n|-damage|p1a: Sneasler|20/100\n|-hitcount|p1a: Sneasler|2\n|move|p1b: Chimecho|Calm Mind|p1b: Chimecho\n|-boost|p1b: Chimecho|spa|1\n|-boost|p1b: Chimecho|spd|1\n|\n|-weather|Snowscape|[upkeep]\n|upkeep\n|turn|4\n|\n|t:|1776463504\n|move|p2a: Pinsir|Feint|p1a: Sneasler\n|-supereffective|p1a: Sneasler|1\n|-damage|p1a: Sneasler|0 fnt\n|faint|p1a: Sneasler\n|move|p2b: Aerodactyl|Rock Slide|p1b: Chimecho\n|-resisted|p1b: Chimecho|1\n|-damage|p1b: Chimecho|76/100\n|move|p1b: Chimecho|Flash Cannon|p2b: Aerodactyl\n|-supereffective|p2b: Aerodactyl|1\n|-enditem|p2b: Aerodactyl|Focus Sash\n|-damage|p2b: Aerodactyl|1/100\n|\n|-weather|Snowscape|[upkeep]\n|upkeep\n|\n|t:|1776463514\n|switch|p1a: Ninetales|Ninetales-Alola, L50, F|15/100\n|turn|5\n|\n|t:|1776463527\n|move|p2b: Aerodactyl|Rock Slide|p1a: Ninetales|[spread] p1b\n|-miss|p2b: Aerodactyl|p1a: Ninetales\n|-resisted|p1b: Chimecho|1\n|-damage|p1b: Chimecho|70/100\n|move|p2a: Pinsir|Body Slam|p1b: Chimecho\n|-resisted|p1b: Chimecho|1\n|-damage|p1b: Chimecho|54/100\n|-status|p1b: Chimecho|par\n|move|p1a: Ninetales|Blizzard|p2b: Aerodactyl|[spread] p2a,p2b\n|-supereffective|p2a: Pinsir|1\n|-supereffective|p2b: Aerodactyl|1\n|-damage|p2a: Pinsir|0 fnt\n|-damage|p2b: Aerodactyl|0 fnt\n|faint|p2a: Pinsir\n|faint|p2b: Aerodactyl\n|cant|p1b: Chimecho|flinch\n|\n|-weather|none\n|-sideend|p1: ascii_ch|move: Aurora Veil\n|upkeep\n|\n|t:|1776463541\n|switch|p2a: Rotom|Rotom-Wash, L50|100/100\n|turn|6\n|\n|t:|1776463551\n|move|p2a: Rotom|Thunderbolt|p1a: Ninetales\n|-damage|p1a: Ninetales|0 fnt\n|faint|p1a: Ninetales\n|move|p1b: Chimecho|Recover|p1b: Chimecho\n|-heal|p1b: Chimecho|100/100 par\n|\n|upkeep\n|turn|7\n|\n|t:|1776463559\n|move|p2a: Rotom|Hydro Pump|p1b: Chimecho\n|-damage|p1b: Chimecho|77/100 par\n|move|p1b: Chimecho|Boomburst|p2a: Rotom\n|-crit|p2a: Rotom\n|-damage|p2a: Rotom|0 fnt\n|faint|p2a: Rotom\n|\n|win|ascii_ch\n|raw|ascii_ch's rating: 1080 &rarr; <strong>1116</strong><br />(+36 for winning)\n|raw|Rusl2's rating: 1176 &rarr; <strong>1144</strong><br />(-32 for losing)\n|l|\u2606Rusl2\n|player|p2|\n",
  "uploadtime": 1776463566,
  "views": 25,
  "formatid": "gen9championsvgc2026regma",
  "rating": 1116,
  "private": 0,
  "password": null
}