{
  "id": "gen9championsvgc2026regma-2587514933",
  "format": "[Gen 9 Champions] VGC 2026 Reg M-A",
  "players": [
    "Ohnoitsdad",
    "ydawgontop10"
  ],
  "log": "|j|\u2606Ohnoitsdad\n|j|\u2606ydawgontop10\n|t:|1776538371\n|gametype|doubles\n|player|p1|Ohnoitsdad|102|1244\n|player|p2|ydawgontop10|101|1232\n|gen|9\n|tier|[Gen 9 Champions] VGC 2026 Reg M-A\n|rated|\n|rule|Species Clause: Limit one of each Pok\u00e9mon\n|rule|Item Clause: Limit 1 of each item\n|clearpoke\n|poke|p1|Aerodactyl, L50, F|\n|poke|p1|Rotom-Wash, L50|\n|poke|p1|Tyranitar, L50, M|\n|poke|p1|Excadrill, L50, M|\n|poke|p1|Milotic, L50, F|\n|poke|p1|Sinistcha, L50|\n|poke|p2|Farigiraf, L50, M|\n|poke|p2|Kingambit, L50, M|\n|poke|p2|Kangaskhan, L50, F|\n|poke|p2|Whimsicott, L50, F|\n|poke|p2|Arcanine-Hisui, L50, F|\n|poke|p2|Floette-Eternal, L50, F|\n|teampreview|4\n|inactive|Battle timer is ON: inactive players will automatically lose when time's up. (requested by ydawgontop10)\n|inactive|Ohnoitsdad has 60 seconds left.\n|inactive|ydawgontop10 has 60 seconds left.\n|\n|t:|1776538416\n|teamsize|p1|4\n|teamsize|p2|4\n|start\n|switch|p1a: Milotic|Milotic, L50, F|100/100\n|switch|p1b: Rotom|Rotom-Wash, L50|100/100\n|switch|p2a: Kangaskhan|Kangaskhan, L50, F|100/100\n|switch|p2b: Farigiraf|Farigiraf, L50, M|100/100\n|turn|1\n|inactive|Ohnoitsdad has 30 seconds left.\n|\n|t:|1776538446\n|move|p2a: Kangaskhan|Body Slam|p1a: Milotic\n|-damage|p1a: Milotic|60/100\n|-status|p1a: Milotic|par\n|move|p1b: Rotom|Will-O-Wisp|p2a: Kangaskhan\n|-status|p2a: Kangaskhan|brn\n|move|p2b: Farigiraf|Hyper Voice|p1a: Milotic|[spread] p1a,p1b\n|-damage|p1a: Milotic|35/100 par\n|-damage|p1b: Rotom|65/100\n|move|p1a: Milotic|Icy Wind|p2b: Farigiraf|[spread] p2a,p2b\n|-damage|p2a: Kangaskhan|86/100 brn\n|-damage|p2b: Farigiraf|87/100\n|-unboost|p2a: Kangaskhan|spe|1\n|-unboost|p2b: Farigiraf|spe|1\n|\n|-heal|p2b: Farigiraf|93/100|[from] item: Leftovers\n|-heal|p1a: Milotic|41/100 par|[from] item: Leftovers\n|-damage|p2a: Kangaskhan|80/100 brn|[from] brn\n|upkeep\n|turn|2\n|inactive|Ohnoitsdad has 30 seconds left.\n|inactive|ydawgontop10 has 30 seconds left.\n|\n|t:|1776538476\n|move|p1b: Rotom|Hydro Pump|p2a: Kangaskhan\n|-damage|p2a: Kangaskhan|25/100 brn\n|move|p2a: Kangaskhan|Body Slam|p1b: Rotom\n|-damage|p1b: Rotom|46/100\n|-enditem|p1b: Rotom|Sitrus Berry|[eat]\n|-heal|p1b: Rotom|71/100|[from] item: Sitrus Berry\n|move|p2b: Farigiraf|Twin Beam|p1a: Milotic\n|-damage|p1a: Milotic|26/100 par\n|-damage|p1a: Milotic|11/100 par\n|-hitcount|p1a: Milotic|2\n|cant|p1a: Milotic|par\n|\n|-heal|p2b: Farigiraf|99/100|[from] item: Leftovers\n|-heal|p1a: Milotic|17/100 par|[from] item: Leftovers\n|-damage|p2a: Kangaskhan|19/100 brn|[from] brn\n|upkeep\n|turn|3\n|inactive|Ohnoitsdad has 30 seconds left.\n|inactive|Ohnoitsdad has 20 seconds left.\n|inactive|Ohnoitsdad has 15 seconds left.\n|inactive|Ohnoitsdad has 10 seconds left.\n|\n|t:|1776538524\n|move|p1b: Rotom|Thunderbolt|p2a: Kangaskhan\n|-damage|p2a: Kangaskhan|0 fnt\n|faint|p2a: Kangaskhan\n|move|p2b: Farigiraf|Hyper Voice|p1a: Milotic|[spread] p1a,p1b\n|-damage|p1a: Milotic|0 fnt\n|-damage|p1b: Rotom|36/100\n|faint|p1a: Milotic\n|\n|-heal|p2b: Farigiraf|100/100|[from] item: Leftovers\n|upkeep\n|\n|t:|1776538534\n|switch|p2a: Floette|Floette-Eternal, L50, F|100/100\n|switch|p1a: Tyranitar|Tyranitar, L50, M|100/100\n|-weather|Sandstorm|[from] ability: Sand Stream|[of] p1a: Tyranitar\n|turn|4\n|\n|t:|1776538553\n|detailschange|p2a: Floette|Floette-Mega, L50, F\n|-mega|p2a: Floette|Floette|Floettite\n|-ability|p2a: Floette|Fairy Aura\n|detailschange|p1a: Tyranitar|Tyranitar-Mega, L50, M\n|-mega|p1a: Tyranitar|Tyranitar|Tyranitarite\n|move|p2a: Floette|Dazzling Gleam|p1a: Tyranitar|[spread] p1a,p1b\n|-supereffective|p1a: Tyranitar|1\n|-damage|p1a: Tyranitar|50/100\n|-damage|p1b: Rotom|0 fnt\n|faint|p1b: Rotom\n|move|p1a: Tyranitar|Knock Off|p2b: Farigiraf\n|-supereffective|p2b: Farigiraf|1\n|-damage|p2b: Farigiraf|0 fnt\n|-enditem|p2b: Farigiraf|Leftovers|[from] move: Knock Off|[of] p1a: Tyranitar\n|faint|p2b: Farigiraf\n|\n|-weather|Sandstorm|[upkeep]\n|-damage|p2a: Floette|94/100|[from] Sandstorm\n|upkeep\n|\n|t:|1776538569\n|switch|p1b: Excadrill|Excadrill, L50, M|100/100\n|switch|p2b: Whimsicott|Whimsicott, L50, F|100/100\n|turn|5\n|inactive|ydawgontop10 has 30 seconds left.\n|\n|t:|1776538598\n|move|p1b: Excadrill|Iron Head|p2a: Floette\n|-supereffective|p2a: Floette|1\n|-damage|p2a: Floette|0 fnt\n|faint|p2a: Floette\n|move|p2b: Whimsicott|Moonblast|p1a: Tyranitar\n|-supereffective|p1a: Tyranitar|1\n|-crit|p1a: Tyranitar\n|-damage|p1a: Tyranitar|10/100\n|move|p1a: Tyranitar|Ice Punch|p2b: Whimsicott\n|-supereffective|p2b: Whimsicott|1\n|-damage|p2b: Whimsicott|38/100\n|\n|-weather|Sandstorm|[upkeep]\n|-damage|p2b: Whimsicott|32/100|[from] Sandstorm\n|upkeep\n|turn|6\n|\n|t:|1776538614\n|move|p1b: Excadrill|Iron Head|p2b: Whimsicott\n|-supereffective|p2b: Whimsicott|1\n|-damage|p2b: Whimsicott|0 fnt\n|faint|p2b: Whimsicott\n|\n|win|Ohnoitsdad\n|raw|Ohnoitsdad's rating: 1244 &rarr; <strong>1268</strong><br />(+24 for winning)\n|raw|ydawgontop10's rating: 1232 &rarr; <strong>1208</strong><br />(-24 for losing)\n|l|\u2606ydawgontop10\n|player|p2|\n",
  "uploadtime": 1776538627,
  "views": 33,
  "formatid": "gen9championsvgc2026regma",
  "rating": 1208,
  "private": 0,
  "password": null
}