{
  "id": "gen9championsvgc2026regma-2582891536",
  "format": "[Gen 9 Champions] VGC 2026 Reg M-A",
  "players": [
    "AeroBlast67",
    "hipsterbrownkid"
  ],
  "log": "|j|\u2606AeroBlast67\n|j|\u2606hipsterbrownkid\n|t:|1776122536\n|gametype|doubles\n|player|p1|AeroBlast67|266|1180\n|player|p2|hipsterbrownkid|wallace|1146\n|gen|9\n|tier|[Gen 9 Champions] VGC 2026 Reg M-A\n|rated|\n|rule|Species Clause: Limit one of each Pok\u00e9mon\n|rule|Item Clause: Limit 1 of each item\n|clearpoke\n|poke|p1|Kingambit, L50, M|\n|poke|p1|Rotom-Frost, L50|\n|poke|p1|Empoleon, L50, F|\n|poke|p1|Froslass, L50, F|\n|poke|p1|Garchomp, L50, F|\n|poke|p1|Incineroar, L50, F|\n|poke|p2|Camerupt, L50, F|\n|poke|p2|Golurk, L50|\n|poke|p2|Oranguru, L50, F|\n|poke|p2|Sinistcha, L50|\n|poke|p2|Incineroar, L50, F|\n|poke|p2|Kingambit, L50, M|\n|teampreview|4\n|inactive|Battle timer is ON: inactive players will automatically lose when time's up. (requested by hipsterbrownkid)\n|\n|t:|1776122557\n|teamsize|p1|4\n|teamsize|p2|4\n|start\n|switch|p1a: Froslass|Froslass, L50, F|100/100\n|switch|p1b: Rotom|Rotom-Frost, L50|100/100\n|switch|p2a: Oranguru|Oranguru, L50, F|100/100\n|switch|p2b: Camerupt|Camerupt, L50, F|100/100\n|turn|1\n|\n|t:|1776122578\n|detailschange|p1a: Froslass|Froslass-Mega, L50, F\n|-mega|p1a: Froslass|Froslass|Froslassite\n|-weather|Snowscape|[from] ability: Snow Warning|[of] p1a: Froslass\n|move|p2b: Camerupt|Protect|p2b: Camerupt\n|-singleturn|p2b: Camerupt|Protect\n|move|p1b: Rotom|Volt Switch|p2a: Oranguru\n|-damage|p2a: Oranguru|79/100\n|\n|t:|1776122588\n|switch|p1b: Garchomp|Garchomp, L50, F|100/100|[from] Volt Switch\n|move|p1a: Froslass|Aurora Veil|p1a: Froslass\n|-sidestart|p1: AeroBlast67|move: Aurora Veil\n|move|p2a: Oranguru|Trick Room|p2a: Oranguru\n|-fieldstart|move: Trick Room|[of] p2a: Oranguru\n|\n|-weather|Snowscape|[upkeep]\n|upkeep\n|turn|2\n|\n|t:|1776122600\n|switch|p1a: Rotom|Rotom-Frost, L50|100/100\n|detailschange|p2b: Camerupt|Camerupt-Mega, L50, F\n|-mega|p2b: Camerupt|Camerupt|Cameruptite\n|move|p2b: Camerupt|Eruption|p1b: Garchomp|[spread] p1a,p1b\n|-supereffective|p1a: Rotom|1\n|-resisted|p1b: Garchomp|1\n|-damage|p1a: Rotom|0 fnt\n|-damage|p1b: Garchomp|77/100\n|faint|p1a: Rotom\n|move|p2a: Oranguru|Instruct|p2b: Camerupt\n|-singleturn|p2b: Camerupt|move: Instruct|[of] p2a: Oranguru\n|move|p2b: Camerupt|Eruption|p1b: Garchomp\n|-resisted|p1b: Garchomp|1\n|-damage|p1b: Garchomp|43/100\n|move|p1b: Garchomp|Earthquake|p2b: Camerupt|[spread] p2a,p2b\n|-supereffective|p2b: Camerupt|1\n|-damage|p2a: Oranguru|47/100\n|-damage|p2b: Camerupt|21/100\n|\n|-weather|Snowscape|[upkeep]\n|upkeep\n|\n|t:|1776122622\n|switch|p1a: Empoleon|Empoleon, L50, F|100/100\n|turn|3\n|\n|t:|1776122632\n|move|p2b: Camerupt|Heat Wave|p1a: Empoleon|[spread] p1a,p1b\n|-resisted|p1b: Garchomp|1\n|-damage|p1a: Empoleon|63/100\n|-damage|p1b: Garchomp|23/100\n|move|p2a: Oranguru|Instruct|p2b: Camerupt\n|-singleturn|p2b: Camerupt|move: Instruct|[of] p2a: Oranguru\n|move|p2b: Camerupt|Heat Wave|p1a: Empoleon|[spread] p1a,p1b\n|-resisted|p1b: Garchomp|1\n|-damage|p1a: Empoleon|28/100\n|-damage|p1b: Garchomp|3/100\n|move|p1a: Empoleon|Water Pulse|p2b: Camerupt\n|-supereffective|p2b: Camerupt|2\n|-damage|p2b: Camerupt|0 fnt\n|faint|p2b: Camerupt\n|move|p1b: Garchomp|Earthquake|p2a: Oranguru|[spread] p1a,p2a\n|-supereffective|p1a: Empoleon|1\n|-damage|p1a: Empoleon|0 fnt\n|-damage|p2a: Oranguru|13/100\n|faint|p1a: Empoleon\n|\n|-weather|Snowscape|[upkeep]\n|upkeep\n|\n|t:|1776122648\n|switch|p2b: Golurk|Golurk, L50|100/100\n|switch|p1a: Froslass|Froslass-Mega, L50, F|100/100\n|turn|4\n|\n|t:|1776122663\n|move|p1b: Garchomp|Protect|p1b: Garchomp\n|-singleturn|p1b: Garchomp|Protect\n|move|p2b: Golurk|Poltergeist|p1a: Froslass\n|-activate|p1a: Froslass|move: Poltergeist|Froslassite\n|-supereffective|p1a: Froslass|1\n|-damage|p1a: Froslass|7/100\n|move|p2a: Oranguru|Instruct|p2b: Golurk\n|-singleturn|p2b: Golurk|move: Instruct|[of] p2a: Oranguru\n|move|p2b: Golurk|Poltergeist|p1a: Froslass\n|-activate|p1a: Froslass|move: Poltergeist|Froslassite\n|-supereffective|p1a: Froslass|1\n|-damage|p1a: Froslass|0 fnt\n|faint|p1a: Froslass\n|\n|-weather|Snowscape|[upkeep]\n|upkeep\n|turn|5\n|\n|t:|1776122680\n|move|p2b: Golurk|Headlong Rush|p1b: Garchomp\n|-damage|p1b: Garchomp|0 fnt\n|-unboost|p2b: Golurk|def|1\n|-unboost|p2b: Golurk|spd|1\n|-damage|p2b: Golurk|88/100|[from] ability: Rough Skin|[of] p1b: Garchomp\n|faint|p1b: Garchomp\n|\n|win|hipsterbrownkid\n|raw|AeroBlast67's rating: 1180 &rarr; <strong>1153</strong><br />(-27 for losing)\n|raw|hipsterbrownkid's rating: 1146 &rarr; <strong>1173</strong><br />(+27 for winning)\n|l|\u2606AeroBlast67\n|player|p1|\n",
  "uploadtime": 1776122717,
  "views": 21,
  "formatid": "gen9championsvgc2026regma",
  "rating": 1153,
  "private": 0,
  "password": null
}