{
  "id": "gen9championsvgc2026regma-2582731268",
  "format": "[Gen 9 Champions] VGC 2026 Reg M-A",
  "players": [
    "menkui",
    "vegemite360"
  ],
  "log": "|j|\u2606menkui\n|j|\u2606vegemite360\n|t:|1776110213\n|gametype|doubles\n|player|p1|menkui|170|1115\n|player|p2|vegemite360|bugcatcher-gen4dp|1181\n|gen|9\n|tier|[Gen 9 Champions] VGC 2026 Reg M-A\n|rated|\n|rule|Species Clause: Limit one of each Pok\u00e9mon\n|rule|Item Clause: Limit 1 of each item\n|clearpoke\n|poke|p1|Aegislash, L50, F|\n|poke|p1|Sinistcha, L50|\n|poke|p1|Incineroar, L50, M|\n|poke|p1|Charizard, L50, F|\n|poke|p1|Pelipper, L50, M|\n|poke|p2|Crabominable, L50, F|\n|poke|p2|Primarina, L50, F|\n|poke|p2|Armarouge, L50, M|\n|poke|p2|Drampa, L50, F|\n|poke|p2|Sinistcha, L50|\n|poke|p2|Incineroar, L50, F|\n|teampreview|4\n|inactive|Battle timer is ON: inactive players will automatically lose when time's up. (requested by vegemite360)\n|inactive|vegemite360 has 60 seconds left.\n|\n|t:|1776110249\n|teamsize|p1|4\n|teamsize|p2|4\n|start\n|switch|p1a: Aegislash|Aegislash, L50, F|100/100\n|switch|p1b: Charizard|Charizard, L50, F|100/100\n|switch|p2a: Sinistcha|Sinistcha, L50|100/100\n|switch|p2b: Primarina|Primarina, L50, F|100/100\n|turn|1\n|\n|t:|1776110273\n|switch|p1b: Sinistcha|Sinistcha, L50|100/100\n|move|p2a: Sinistcha|Protect|p2a: Sinistcha\n|-singleturn|p2a: Sinistcha|Protect\n|-formechange|p1a: Aegislash|Aegislash-Blade|\n|move|p1a: Aegislash|Shadow Ball|p2a: Sinistcha\n|-activate|p2a: Sinistcha|move: Protect\n|move|p2b: Primarina|Hyper Voice|p1b: Sinistcha|[spread] p1a,p1b\n|-resisted|p1b: Sinistcha|1\n|-damage|p1a: Aegislash|32/100\n|-damage|p1b: Sinistcha|79/100\n|\n|-heal|p1a: Aegislash|38/100|[from] item: Leftovers\n|upkeep\n|turn|2\n|inactive|menkui has 30 seconds left.\n|inactive|vegemite360 has 30 seconds left.\n|\n|t:|1776110303\n|switch|p2a: Drampa|Drampa, L50, F|100/100\n|-ability|p2a: Drampa|Cloud Nine\n|move|p2b: Primarina|Protect|p2b: Primarina\n|-singleturn|p2b: Primarina|Protect\n|-formechange|p1a: Aegislash|Aegislash|\n|move|p1a: Aegislash|King's Shield|p1a: Aegislash\n|-singleturn|p1a: Aegislash|Protect\n|move|p1b: Sinistcha|Matcha Gotcha|p2a: Drampa|[spread] p2a\n|-activate|p2b: Primarina|move: Protect\n|-resisted|p2a: Drampa|1\n|-damage|p2a: Drampa|87/100\n|-heal|p1b: Sinistcha|86/100|[from] drain|[of] p2a: Drampa\n|\n|-heal|p1a: Aegislash|44/100|[from] item: Leftovers\n|upkeep\n|turn|3\n|inactive|menkui has 30 seconds left.\n|inactive|vegemite360 has 30 seconds left.\n|\n|t:|1776110331\n|switch|p1a: Pelipper|Pelipper, L50, M|100/100\n|-weather|RainDance|[from] ability: Drizzle|[of] p1a: Pelipper\n|move|p1b: Sinistcha|Matcha Gotcha|p2a: Drampa|[spread] p2a,p2b\n|-resisted|p2a: Drampa|1\n|-supereffective|p2b: Primarina|1\n|-damage|p2a: Drampa|75/100\n|-heal|p1b: Sinistcha|93/100|[from] drain|[of] p2a: Drampa\n|-damage|p2b: Primarina|59/100\n|-heal|p1b: Sinistcha|100/100|[from] drain|[of] p2b: Primarina\n|-status|p2a: Drampa|brn\n|move|p2b: Primarina|Hyper Voice|p1a: Pelipper|[spread] p1a,p1b\n|-resisted|p1a: Pelipper|1\n|-resisted|p1b: Sinistcha|1\n|-damage|p1a: Pelipper|61/100\n|-damage|p1b: Sinistcha|78/100\n|move|p2a: Drampa|Draco Meteor|p1b: Sinistcha\n|-damage|p1b: Sinistcha|9/100\n|-unboost|p2a: Drampa|spa|2\n|\n|-weather|RainDance|[upkeep]\n|-damage|p2a: Drampa|69/100 brn|[from] brn\n|upkeep\n|turn|4\n|inactive|menkui has 30 seconds left.\n|inactive|vegemite360 has 30 seconds left.\n|inactive|vegemite360 has 20 seconds left.\n|inactive|vegemite360 has 15 seconds left.\n|\n|t:|1776110372\n|move|p2b: Primarina|Protect|p2b: Primarina\n|-singleturn|p2b: Primarina|Protect\n|move|p1a: Pelipper|Wide Guard|p1a: Pelipper\n|-singleturn|p1a: Pelipper|Wide Guard\n|move|p1b: Sinistcha|Matcha Gotcha|p2b: Primarina|[spread] p2a\n|-activate|p2b: Primarina|move: Protect\n|-resisted|p2a: Drampa|1\n|-damage|p2a: Drampa|56/100 brn\n|-heal|p1b: Sinistcha|16/100|[from] drain|[of] p2a: Drampa\n|move|p2a: Drampa|Draco Meteor|p1b: Sinistcha\n|-damage|p1b: Sinistcha|0 fnt\n|-unboost|p2a: Drampa|spa|2\n|faint|p1b: Sinistcha\n|\n|-weather|RainDance|[upkeep]\n|-damage|p2a: Drampa|50/100 brn|[from] brn\n|upkeep\n|\n|t:|1776110391\n|switch|p1b: Aegislash|Aegislash, L50, F|44/100\n|turn|5\n|inactive|menkui has 30 seconds left.\n|\n|t:|1776110425\n|switch|p2a: Sinistcha|Sinistcha, L50|100/100\n|-heal|p2b: Primarina|83/100|[from] ability: Hospitality|[of] p2a: Sinistcha\n|move|p1a: Pelipper|Wide Guard|p1a: Pelipper\n|-singleturn|p1a: Pelipper|Wide Guard\n|move|p2b: Primarina|Moonblast|p1a: Pelipper\n|-damage|p1a: Pelipper|0 fnt\n|faint|p1a: Pelipper\n|-formechange|p1b: Aegislash|Aegislash-Blade|\n|move|p1b: Aegislash|Shadow Ball|p2b: Primarina\n|-damage|p2b: Primarina|43/100\n|\n|-weather|RainDance|[upkeep]\n|-heal|p1b: Aegislash|50/100|[from] item: Leftovers\n|upkeep\n|\n|t:|1776110438\n|switch|p1a: Charizard|Charizard, L50, F|100/100\n|turn|6\n|\n|t:|1776110450\n|switch|p2a: Drampa|Drampa, L50, F|50/100 brn\n|-ability|p2a: Drampa|Cloud Nine\n|detailschange|p1a: Charizard|Charizard-Mega-Y, L50, F\n|-mega|p1a: Charizard|Charizard|Charizardite Y\n|-weather|SunnyDay|[from] ability: Drought|[of] p1a: Charizard\n|-formechange|p1b: Aegislash|Aegislash|\n|move|p1b: Aegislash|King's Shield|p1b: Aegislash\n|-singleturn|p1b: Aegislash|Protect\n|move|p1a: Charizard|Heat Wave|p2a: Drampa|[spread] \n|-miss|p1a: Charizard|p2a: Drampa\n|-miss|p1a: Charizard|p2b: Primarina\n|move|p2b: Primarina|Hyper Voice|p1a: Charizard|[spread] p1a\n|-activate|p1b: Aegislash|move: Protect\n|-supereffective|p1a: Charizard|1\n|-damage|p1a: Charizard|13/100\n|\n|-weather|SunnyDay|[upkeep]\n|-heal|p1b: Aegislash|56/100|[from] item: Leftovers\n|-damage|p2a: Drampa|44/100 brn|[from] brn\n|upkeep\n|turn|7\n|inactive|menkui has 30 seconds left.\n|\n|t:|1776110481\n|switch|p2b: Sinistcha|Sinistcha, L50|100/100\n|-heal|p2a: Drampa|69/100 brn|[from] ability: Hospitality|[of] p2b: Sinistcha\n|move|p1a: Charizard|Air Slash|p2b: Sinistcha\n|-supereffective|p2b: Sinistcha|1\n|-damage|p2b: Sinistcha|16/100\n|-formechange|p1b: Aegislash|Aegislash-Blade|\n|move|p1b: Aegislash|Flash Cannon|p2a: Drampa\n|-damage|p2a: Drampa|18/100 brn\n|move|p2a: Drampa|Hyper Voice|p1b: Aegislash|[spread] p1a\n|-immune|p1b: Aegislash\n|-damage|p1a: Charizard|0 fnt\n|faint|p1a: Charizard\n|\n|-weather|SunnyDay|[upkeep]\n|-heal|p1b: Aegislash|62/100|[from] item: Leftovers\n|-damage|p2a: Drampa|12/100 brn|[from] brn\n|upkeep\n|turn|8\n|\n|t:|1776110495\n|-formechange|p1b: Aegislash|Aegislash|\n|move|p1b: Aegislash|King's Shield|p1b: Aegislash\n|-singleturn|p1b: Aegislash|Protect\n|move|p2a: Drampa|Earth Power|p1b: Aegislash\n|-activate|p1b: Aegislash|move: Protect\n|move|p2b: Sinistcha|Trick Room|p2b: Sinistcha\n|-fieldstart|move: Trick Room|[of] p2b: Sinistcha\n|\n|-weather|SunnyDay|[upkeep]\n|-heal|p1b: Aegislash|68/100|[from] item: Leftovers\n|-damage|p2a: Drampa|6/100 brn|[from] brn\n|upkeep\n|turn|9\n|\n|t:|1776110509\n|move|p2a: Drampa|Earth Power|p1b: Aegislash\n|-supereffective|p1b: Aegislash|1\n|-damage|p1b: Aegislash|18/100\n|move|p1b: Aegislash|Substitute|p1b: Aegislash\n|-fail|p1b: Aegislash|move: Substitute|[weak]\n|move|p2b: Sinistcha|Matcha Gotcha|p1b: Aegislash\n|-resisted|p1b: Aegislash|1\n|-damage|p1b: Aegislash|5/100\n|-heal|p2b: Sinistcha|22/100|[from] drain|[of] p1b: Aegislash\n|\n|-weather|SunnyDay|[upkeep]\n|-heal|p1b: Aegislash|11/100|[from] item: Leftovers\n|-damage|p2a: Drampa|0 fnt|[from] brn\n|faint|p2a: Drampa\n|upkeep\n|\n|t:|1776110518\n|switch|p2a: Crabominable|Crabominable, L50, F|100/100\n|turn|10\n|\n|t:|1776110529\n|move|p2a: Crabominable|Protect|p2a: Crabominable\n|-singleturn|p2a: Crabominable|Protect\n|move|p1b: Aegislash|King's Shield|p1b: Aegislash\n|-singleturn|p1b: Aegislash|Protect\n|move|p2b: Sinistcha|Protect||[still]\n|-fail|p2b: Sinistcha\n|\n|-weather|none\n|-heal|p1b: Aegislash|17/100|[from] item: Leftovers\n|upkeep\n|turn|11\n|\n|t:|1776110538\n|detailschange|p2a: Crabominable|Crabominable-Mega, L50, F\n|-mega|p2a: Crabominable|Crabominable|Crabominite\n|move|p2a: Crabominable|Ice Hammer|p1b: Aegislash\n|-resisted|p1b: Aegislash|1\n|-damage|p1b: Aegislash|0 fnt\n|-unboost|p2a: Crabominable|spe|1\n|faint|p1b: Aegislash\n|\n|win|vegemite360\n|raw|menkui's rating: 1115 &rarr; <strong>1095</strong><br />(-20 for losing)\n|raw|vegemite360's rating: 1181 &rarr; <strong>1201</strong><br />(+20 for winning)\n",
  "uploadtime": 1776110548,
  "views": 19,
  "formatid": "gen9championsvgc2026regma",
  "rating": 1095,
  "private": 0,
  "password": null
}