{
  "id": "gen9championsvgc2026regma-2587842865",
  "format": "[Gen 9 Champions] VGC 2026 Reg M-A",
  "players": [
    "EnderHerve",
    "Rubiaa"
  ],
  "log": "|j|\u2606EnderHerve\n|j|\u2606Rubiaa\n|t:|1776569700\n|gametype|doubles\n|player|p1|EnderHerve|allister|\n|player|p2|Rubiaa|102|\n|gen|9\n|tier|[Gen 9 Champions] VGC 2026 Reg M-A\n|rule|Species Clause: Limit one of each Pok\u00e9mon\n|rule|Item Clause: Limit 1 of each item\n|clearpoke\n|poke|p1|Aerodactyl, L50, M|\n|poke|p1|Farigiraf, L50, M|\n|poke|p1|Froslass, L50, F|\n|poke|p1|Rotom-Heat, L50|\n|poke|p1|Sneasler, L50, F|\n|poke|p1|Empoleon, L50, F|\n|poke|p2|Glimmora, L50, F|\n|poke|p2|Whimsicott, L50, M, shiny|\n|poke|p2|Dragapult, L50, M, shiny|\n|poke|p2|Incineroar, L50, M|\n|poke|p2|Gyarados, L50, M|\n|poke|p2|Sneasler, L50, F, shiny|\n|teampreview|4\n|\n|t:|1776569739\n|teamsize|p1|4\n|teamsize|p2|4\n|start\n|switch|p1a: Farigiraf|Farigiraf, L50, M|100/100\n|switch|p1b: Empoleon|Empoleon, L50, F|100/100\n|switch|p2a: Sneasler|Sneasler, L50, F, shiny|100/100\n|switch|p2b: Gyarados|Gyarados, L50, M|100/100\n|-ability|p2b: Gyarados|Intimidate|boost\n|-unboost|p1a: Farigiraf|atk|1\n|-unboost|p1b: Empoleon|atk|1\n|turn|1\n|\n|t:|1776569772\n|detailschange|p2b: Gyarados|Gyarados-Mega, L50, M\n|-mega|p2b: Gyarados|Gyarados|Gyaradosite\n|-ability|p2b: Gyarados|Mold Breaker\n|move|p1b: Empoleon|Flip Turn|p2a: Sneasler\n|-damage|p2a: Sneasler|80/100\n|\n|t:|1776569783\n|switch|p1b: Aerodactyl|Aerodactyl, L50, M|100/100|[from] Flip Turn\n|-ability|p1b: Aerodactyl|Unnerve\n|move|p2a: Sneasler|Close Combat|p1b: Aerodactyl\n|-damage|p1b: Aerodactyl|0 fnt\n|-unboost|p2a: Sneasler|def|1\n|-unboost|p2a: Sneasler|spd|1\n|faint|p1b: Aerodactyl\n|move|p2b: Gyarados|Crunch|p1a: Farigiraf\n|-supereffective|p1a: Farigiraf|1\n|-damage|p1a: Farigiraf|10/100\n|-enditem|p1a: Farigiraf|Sitrus Berry|[eat]\n|-heal|p1a: Farigiraf|34/100|[from] item: Sitrus Berry\n|move|p1a: Farigiraf|Psychic|p2a: Sneasler\n|-supereffective|p2a: Sneasler|2\n|-damage|p2a: Sneasler|0 fnt\n|faint|p2a: Sneasler\n|\n|upkeep\n|\n|t:|1776569803\n|switch|p1b: Sneasler|Sneasler, L50, F|100/100\n|switch|p2a: Glimmora|Glimmora, L50, F|100/100\n|turn|2\n|\n|t:|1776569831\n|move|p2b: Gyarados|Protect|p2b: Gyarados\n|-singleturn|p2b: Gyarados|Protect\n|move|p1a: Farigiraf|Protect|p1a: Farigiraf\n|-singleturn|p1a: Farigiraf|Protect\n|move|p1b: Sneasler|U-turn|p2b: Gyarados\n|-activate|p2b: Gyarados|move: Protect\n|move|p2a: Glimmora|Earth Power|p1b: Sneasler\n|-supereffective|p1b: Sneasler|1\n|-damage|p1b: Sneasler|16/100\n|\n|upkeep\n|turn|3\n|\n|t:|1776569867\n|switch|p2b: Dragapult|Dragapult, L50, M, shiny|100/100\n|move|p1b: Sneasler|Close Combat|p2a: Glimmora\n|-damage|p2a: Glimmora|19/100\n|-unboost|p1b: Sneasler|def|1\n|-unboost|p1b: Sneasler|spd|1\n|-activate|p2a: Glimmora|ability: Toxic Debris\n|-sidestart|p1: EnderHerve|move: Toxic Spikes\n|move|p2a: Glimmora|Power Gem|p1b: Sneasler\n|-resisted|p1b: Sneasler|1\n|-damage|p1b: Sneasler|0 fnt\n|faint|p1b: Sneasler\n|move|p1a: Farigiraf|Psychic|p2a: Glimmora\n|-supereffective|p2a: Glimmora|1\n|-damage|p2a: Glimmora|0 fnt\n|faint|p2a: Glimmora\n|\n|upkeep\n|\n|t:|1776569874\n|switch|p1b: Empoleon|Empoleon, L50, F|100/100\n|switch|p2a: Gyarados|Gyarados-Mega, L50, M|100/100\n|-ability|p2a: Gyarados|Mold Breaker\n|turn|4\n|\n|t:|1776569916\n|move|p2a: Gyarados|Protect|p2a: Gyarados\n|-singleturn|p2a: Gyarados|Protect\n|move|p2b: Dragapult|Draco Meteor|p1a: Farigiraf\n|-damage|p1a: Farigiraf|0 fnt\n|-unboost|p2b: Dragapult|spa|2\n|faint|p1a: Farigiraf\n|-enditem|p2b: Dragapult|White Herb\n|-clearnegativeboost|p2b: Dragapult|[silent]\n|move|p1b: Empoleon|Flash Cannon|p2b: Dragapult\n|-damage|p2b: Dragapult|43/100\n|\n|upkeep\n|turn|5\n|\n|t:|1776569931\n|move|p2b: Dragapult|Shadow Ball|p1b: Empoleon\n|-damage|p1b: Empoleon|57/100\n|move|p1b: Empoleon|Flash Cannon|p2b: Dragapult\n|-damage|p2b: Dragapult|0 fnt\n|faint|p2b: Dragapult\n|move|p2a: Gyarados|Dragon Dance|p2a: Gyarados\n|-boost|p2a: Gyarados|atk|1\n|-boost|p2a: Gyarados|spe|1\n|\n|upkeep\n|turn|6\n|\n|t:|1776569945\n|move|p2a: Gyarados|Crunch|p1b: Empoleon\n|-damage|p1b: Empoleon|0 fnt\n|faint|p1b: Empoleon\n|\n|win|Rubiaa\n|l|\u2606Rubiaa\n|player|p2|\n|l|\u2606EnderHerve\n|player|p1|\n|j|\u2606EnderHerve\n|player|p1|EnderHerve|allister|\n",
  "uploadtime": 1776569961,
  "views": 7,
  "formatid": "gen9championsvgc2026regma",
  "rating": null,
  "private": 0,
  "password": null
}