{
  "id": "gen9championsvgc2026regma-2581830083",
  "format": "[Gen 9 Champions] VGC 2026 Reg M-A",
  "players": [
    "Witlix",
    "pepitoito"
  ],
  "log": "|j|\u2606Witlix\n|j|\u2606pepitoito\n|t:|1776031882\n|gametype|doubles\n|player|p1|Witlix|benga|1094\n|player|p2|pepitoito|miku-ghost|1115\n|gen|9\n|tier|[Gen 9 Champions] VGC 2026 Reg M-A\n|rated|\n|rule|Species Clause: Limit one of each Pok\u00e9mon\n|rule|Item Clause: Limit 1 of each item\n|clearpoke\n|poke|p1|Basculegion, L50, M|\n|poke|p1|Pelipper, L50, F|\n|poke|p1|Clefable, L50, M|\n|poke|p1|Dragonite, L50, F|\n|poke|p1|Garchomp, L50, F|\n|poke|p1|Incineroar, L50, M|\n|poke|p2|Garchomp, L50, F|\n|poke|p2|Liepard, L50, M|\n|poke|p2|Tyranitar, L50, F|\n|poke|p2|Kangaskhan, L50, F|\n|poke|p2|Talonflame, L50, M|\n|poke|p2|Rotom-Mow, L50|\n|teampreview|4\n|inactive|Battle timer is ON: inactive players will automatically lose when time's up. (requested by Witlix)\n|inactive|Witlix has 60 seconds left.\n|inactive|pepitoito has 60 seconds left.\n|\n|t:|1776031930\n|teamsize|p1|4\n|teamsize|p2|4\n|start\n|switch|p1a: Basculegion|Basculegion, L50, M|100/100\n|switch|p1b: Incineroar|Incineroar, L50, M|100/100\n|switch|p2a: Liepard|Liepard, L50, M|100/100\n|switch|p2b: Rotom|Rotom-Mow, L50|100/100\n|-ability|p1b: Incineroar|Intimidate|boost\n|-unboost|p2a: Liepard|atk|1\n|-unboost|p2b: Rotom|atk|1\n|turn|1\n|inactive|Witlix has 30 seconds left.\n|inactive|pepitoito has 30 seconds left.\n|inactive|Witlix has 20 seconds left.\n|inactive|pepitoito has 20 seconds left.\n|\n|t:|1776031968\n|switch|p1a: Dragonite|Dragonite, L50, F|100/100\n|move|p2a: Liepard|Fake Out|p1b: Incineroar\n|-damage|p1b: Incineroar|96/100\n|move|p2b: Rotom|Volt Switch|p1b: Incineroar\n|-damage|p1b: Incineroar|59/100\n|\n|t:|1776031984\n|switch|p2b: Tyranitar|Tyranitar, L50, F|100/100|[from] Volt Switch\n|-weather|Sandstorm|[from] ability: Sand Stream|[of] p2b: Tyranitar\n|cant|p1b: Incineroar|flinch\n|\n|-weather|Sandstorm|[upkeep]\n|-damage|p1a: Dragonite|94/100|[from] Sandstorm\n|-damage|p2a: Liepard|95/100|[from] Sandstorm\n|-damage|p1b: Incineroar|53/100|[from] Sandstorm\n|upkeep\n|turn|2\n|inactive|Witlix has 30 seconds left.\n|inactive|Witlix has 20 seconds left.\n|inactive|Witlix has 15 seconds left.\n|inactive|Witlix has 10 seconds left.\n|\n|t:|1776032030\n|detailschange|p1a: Dragonite|Dragonite-Mega, L50, F\n|-mega|p1a: Dragonite|Dragonite|Dragoninite\n|move|p1a: Dragonite|Protect|p1a: Dragonite\n|-singleturn|p1a: Dragonite|Protect\n|move|p2a: Liepard|Thunder Wave|p1a: Dragonite\n|-activate|p1a: Dragonite|move: Protect\n|move|p2b: Tyranitar|Ice Punch|p1a: Dragonite\n|-activate|p1a: Dragonite|move: Protect\n|move|p1b: Incineroar|Close Combat|p2b: Tyranitar\n|-supereffective|p2b: Tyranitar|2\n|-damage|p2b: Tyranitar|0 fnt\n|-unboost|p1b: Incineroar|def|1\n|-unboost|p1b: Incineroar|spd|1\n|faint|p2b: Tyranitar\n|-enditem|p1b: Incineroar|White Herb\n|-clearnegativeboost|p1b: Incineroar|[silent]\n|\n|-weather|Sandstorm|[upkeep]\n|-damage|p1a: Dragonite|88/100|[from] Sandstorm\n|-damage|p2a: Liepard|89/100|[from] Sandstorm\n|-damage|p1b: Incineroar|47/100|[from] Sandstorm\n|upkeep\n|c|\u2606pepitoito|wtf\n|inactive|pepitoito has 30 seconds left.\n|\n|t:|1776032058\n|switch|p2b: Garchomp|Garchomp, L50, F|100/100\n|turn|3\n|\n|t:|1776032082\n|switch|p1a: Pelipper|Pelipper, L50, F|100/100\n|-weather|RainDance|[from] ability: Drizzle|[of] p1a: Pelipper\n|move|p2a: Liepard|Screech|p1a: Pelipper\n|-unboost|p1a: Pelipper|def|2\n|move|p2b: Garchomp|Rock Slide|p1a: Pelipper|[spread] p1a,p1b\n|-supereffective|p1a: Pelipper|1\n|-supereffective|p1b: Incineroar|1\n|-damage|p1a: Pelipper|21/100\n|-damage|p1b: Incineroar|10/100\n|cant|p1b: Incineroar|flinch\n|\n|-weather|RainDance|[upkeep]\n|upkeep\n|turn|4\n|inactive|Witlix has 30 seconds left.\n|inactive|Witlix has 20 seconds left.\n|inactive|Witlix has 15 seconds left.\n|inactive|Witlix has 10 seconds left.\n|\n|t:|1776032130\n|switch|p1b: Basculegion|Basculegion, L50, M|100/100\n|move|p2a: Liepard|Thunder Wave|p1a: Pelipper\n|-status|p1a: Pelipper|par\n|-enditem|p1a: Pelipper|Lum Berry|[eat]\n|-curestatus|p1a: Pelipper|par|[msg]\n|move|p2b: Garchomp|Rock Slide|p1b: Basculegion|[spread] p1a,p1b\n|-supereffective|p1a: Pelipper|1\n|-damage|p1a: Pelipper|0 fnt\n|-damage|p1b: Basculegion|75/100\n|faint|p1a: Pelipper\n|\n|-weather|RainDance|[upkeep]\n|upkeep\n|\n|t:|1776032142\n|switch|p1a: Incineroar|Incineroar, L50, M|10/100\n|-ability|p1a: Incineroar|Intimidate|boost\n|-unboost|p2a: Liepard|atk|1\n|-unboost|p2b: Garchomp|atk|1\n|turn|5\n|inactive|pepitoito has 30 seconds left.\n|\n|t:|1776032168\n|switch|p2b: Rotom|Rotom-Mow, L50|100/100\n|move|p1a: Incineroar|Fake Out|p2a: Liepard\n|-damage|p2a: Liepard|69/100\n|cant|p2a: Liepard|flinch\n|move|p1b: Basculegion|Wave Crash|p2b: Rotom\n|-resisted|p2b: Rotom|1\n|-damage|p2b: Rotom|41/100\n|-damage|p1b: Basculegion|59/100|[from] Recoil\n|\n|-weather|RainDance|[upkeep]\n|upkeep\n|turn|6\n|\n|t:|1776032193\n|switch|p1b: Dragonite|Dragonite-Mega, L50, F|88/100\n|move|p2a: Liepard|Encore|p1a: Incineroar\n|-hint|Since gen 7, Dark is immune to Prankster moves.\n|-immune|p1a: Incineroar\n|move|p2b: Rotom|Volt Switch|p1b: Dragonite\n|-damage|p1b: Dragonite|52/100\n|\n|t:|1776032201\n|switch|p2b: Garchomp|Garchomp, L50, F|100/100|[from] Volt Switch\n|move|p1a: Incineroar|Parting Shot|p2b: Garchomp\n|-unboost|p2b: Garchomp|atk|1\n|-unboost|p2b: Garchomp|spa|1\n|\n|t:|1776032206\n|switch|p1a: Basculegion|Basculegion, L50, M|59/100|[from] Parting Shot\n|\n|-weather|RainDance|[upkeep]\n|upkeep\n|turn|7\n|inactive|Witlix has 30 seconds left.\n|inactive|Witlix has 20 seconds left.\n|\n|t:|1776032245\n|switch|p1b: Incineroar|Incineroar, L50, M|10/100\n|-ability|p1b: Incineroar|Intimidate|boost\n|-unboost|p2a: Liepard|atk|1\n|-unboost|p2b: Garchomp|atk|1\n|move|p1a: Basculegion|Aqua Jet|p2a: Liepard\n|-damage|p2a: Liepard|0 fnt\n|faint|p2a: Liepard\n|move|p2b: Garchomp|Rock Slide|p1a: Basculegion|[spread] p1a,p1b\n|-supereffective|p1b: Incineroar|1\n|-damage|p1a: Basculegion|46/100\n|-damage|p1b: Incineroar|0 fnt\n|faint|p1b: Incineroar\n|\n|-weather|none\n|upkeep\n|\n|t:|1776032258\n|switch|p2a: Rotom|Rotom-Mow, L50|41/100\n|switch|p1b: Dragonite|Dragonite-Mega, L50, F|52/100\n|turn|8\n|\n|t:|1776032272\n|move|p1a: Basculegion|Aqua Jet|p2b: Garchomp\n|-damage|p2b: Garchomp|73/100\n|move|p2b: Garchomp|Rock Slide|p1b: Dragonite|[spread] p1a,p1b\n|-supereffective|p1b: Dragonite|1\n|-damage|p1a: Basculegion|33/100\n|-damage|p1b: Dragonite|33/100\n|move|p1b: Dragonite|Draco Meteor|p2b: Garchomp\n|-supereffective|p2b: Garchomp|1\n|-damage|p2b: Garchomp|0 fnt\n|-unboost|p1b: Dragonite|spa|2\n|faint|p2b: Garchomp\n|move|p2a: Rotom|Discharge|p1a: Basculegion|[spread] p1a,p1b\n|-supereffective|p1a: Basculegion|1\n|-damage|p1a: Basculegion|0 fnt\n|-damage|p1b: Dragonite|0 fnt\n|faint|p1a: Basculegion\n|faint|p1b: Dragonite\n|\n|win|pepitoito\n|raw|Witlix's rating: 1094 &rarr; <strong>1071</strong><br />(-23 for losing)\n|raw|pepitoito's rating: 1115 &rarr; <strong>1138</strong><br />(+23 for winning)\n",
  "uploadtime": 1776032291,
  "views": 28,
  "formatid": "gen9championsvgc2026regma",
  "rating": 1071,
  "private": 0,
  "password": null
}