{
  "id": "gen9championsvgc2026regma-2585509617",
  "format": "[Gen 9 Champions] VGC 2026 Reg M-A",
  "players": [
    "vortixxxxx",
    "Ernestasio"
  ],
  "log": "|j|\u2606vortixxxxx\n|j|\u2606Ernestasio\n|t:|1776352334\n|gametype|doubles\n|player|p1|vortixxxxx|266|1137\n|player|p2|Ernestasio|2|1102\n|gen|9\n|tier|[Gen 9 Champions] VGC 2026 Reg M-A\n|rated|\n|rule|Species Clause: Limit one of each Pok\u00e9mon\n|rule|Item Clause: Limit 1 of each item\n|clearpoke\n|poke|p1|Arcanine-Hisui, L50, M|\n|poke|p1|Floette-Eternal, L50, F|\n|poke|p1|Palafin, L50, F|\n|poke|p1|Vivillon, L50, M|\n|poke|p1|Sneasler, L50, M|\n|poke|p1|Aegislash, L50, F|\n|poke|p2|Charizard, L50, M|\n|poke|p2|Venusaur, L50, F|\n|poke|p2|Garchomp, L50, F|\n|poke|p2|Rotom-Wash, L50|\n|poke|p2|Sneasler, L50, M|\n|poke|p2|Incineroar, L50, M|\n|teampreview|4\n|inactive|Battle timer is ON: inactive players will automatically lose when time's up. (requested by vortixxxxx)\n|inactive|vortixxxxx has 60 seconds left.\n|inactive|Ernestasio has 60 seconds left.\n|\n|t:|1776352380\n|teamsize|p1|4\n|teamsize|p2|4\n|start\n|switch|p1a: Vivillon|Vivillon, L50, M|100/100\n|switch|p1b: Arcanine|Arcanine-Hisui, L50, M|100/100\n|switch|p2a: Charizard|Charizard, L50, M|100/100\n|switch|p2b: Venusaur|Venusaur, L50, F|100/100\n|-ability|p1b: Arcanine|Intimidate|boost\n|-unboost|p2a: Charizard|atk|1\n|-unboost|p2b: Venusaur|atk|1\n|turn|1\n|inactive|Ernestasio has 30 seconds left.\n|\n|t:|1776352411\n|detailschange|p2a: Charizard|Charizard-Mega-Y, L50, M\n|-mega|p2a: Charizard|Charizard|Charizardite Y\n|-weather|SunnyDay|[from] ability: Drought|[of] p2a: Charizard\n|move|p2b: Venusaur|Sleep Powder|p1b: Arcanine|[miss]\n|-miss|p2b: Venusaur|p1b: Arcanine\n|move|p1b: Arcanine|Rock Slide|p2b: Venusaur|[spread] p2a,p2b\n|-supereffective|p2a: Charizard|2\n|-damage|p2a: Charizard|0 fnt\n|-damage|p2b: Venusaur|58/100\n|faint|p2a: Charizard\n|move|p1a: Vivillon|Tailwind|p1a: Vivillon\n|-sidestart|p1: vortixxxxx|move: Tailwind\n|\n|-weather|SunnyDay|[upkeep]\n|upkeep\n|\n|t:|1776352424\n|switch|p2a: Garchomp|Garchomp, L50, F|100/100\n|turn|2\n|\n|t:|1776352436\n|switch|p2b: Rotom|Rotom-Wash, L50|100/100\n|move|p1b: Arcanine|Rock Slide|p2a: Garchomp|[spread] p2a,p2b\n|-resisted|p2a: Garchomp|1\n|-damage|p2a: Garchomp|86/100\n|-damage|p2b: Rotom|73/100\n|move|p1a: Vivillon|Sleep Powder|p2a: Garchomp\n|-status|p2a: Garchomp|slp|[from] move: Sleep Powder\n|cant|p2a: Garchomp|slp\n|\n|-weather|SunnyDay|[upkeep]\n|-heal|p2b: Rotom|79/100|[from] item: Leftovers\n|upkeep\n|turn|3\n|inactive|Ernestasio has 30 seconds left.\n|\n|t:|1776352461\n|switch|p1b: Floette|Floette-Eternal, L50, F|100/100\n|move|p1a: Vivillon|Sleep Powder|p2b: Rotom\n|-status|p2b: Rotom|slp|[from] move: Sleep Powder\n|cant|p2a: Garchomp|slp\n|cant|p2b: Rotom|slp\n|\n|-weather|SunnyDay|[upkeep]\n|-heal|p2b: Rotom|85/100 slp|[from] item: Leftovers\n|upkeep\n|turn|4\n|\n|t:|1776352479\n|detailschange|p1b: Floette|Floette-Mega, L50, F\n|-mega|p1b: Floette|Floette|Floettite\n|-ability|p1b: Floette|Fairy Aura\n|move|p1b: Floette|Light of Ruin|p2b: Rotom\n|-damage|p2b: Rotom|0 fnt\n|faint|p2b: Rotom\n|-damage|p1b: Floette|57/100|[from] Recoil\n|move|p1a: Vivillon|Air Slash|p2a: Garchomp\n|-damage|p2a: Garchomp|49/100 slp\n|-curestatus|p2a: Garchomp|slp|[msg]\n|cant|p2a: Garchomp|flinch\n|\n|-weather|SunnyDay|[upkeep]\n|-sideend|p1: vortixxxxx|move: Tailwind\n|upkeep\n|\n|t:|1776352492\n|switch|p2b: Venusaur|Venusaur, L50, F|58/100\n|turn|5\n|\n|t:|1776352513\n|switch|p1b: Aegislash|Aegislash, L50, F|100/100\n|move|p2b: Venusaur|Sludge Bomb|p1b: Aegislash\n|-immune|p1b: Aegislash\n|move|p2a: Garchomp|Rock Slide|p1b: Aegislash|[spread] p1b\n|-miss|p2a: Garchomp|p1a: Vivillon\n|-resisted|p1b: Aegislash|1\n|-damage|p1b: Aegislash|92/100\n|move|p1a: Vivillon|Tailwind|p1a: Vivillon\n|-sidestart|p1: vortixxxxx|move: Tailwind\n|\n|-weather|none\n|-heal|p1b: Aegislash|98/100|[from] item: Leftovers\n|upkeep\n|turn|6\n|inactive|vortixxxxx has 30 seconds left.\n|\n|t:|1776352543\n|move|p1a: Vivillon|Sleep Powder|p2a: Garchomp\n|-status|p2a: Garchomp|slp|[from] move: Sleep Powder\n|cant|p2a: Garchomp|slp\n|move|p1b: Aegislash|Swords Dance|p1b: Aegislash\n|-boost|p1b: Aegislash|atk|2\n|move|p2b: Venusaur|Sleep Powder|p1b: Aegislash|[miss]\n|-miss|p2b: Venusaur|p1b: Aegislash\n|\n|-heal|p1b: Aegislash|100/100|[from] item: Leftovers\n|upkeep\n|turn|7\n|\n|t:|1776352568\n|move|p1a: Vivillon|Air Slash|p2b: Venusaur\n|-supereffective|p2b: Venusaur|1\n|-damage|p2b: Venusaur|0 fnt\n|faint|p2b: Venusaur\n|cant|p2a: Garchomp|slp\n|-formechange|p1b: Aegislash|Aegislash-Blade|\n|move|p1b: Aegislash|Poltergeist|p2a: Garchomp\n|-activate|p2a: Garchomp|move: Poltergeist|Choice Scarf\n|-damage|p2a: Garchomp|0 fnt\n|faint|p2a: Garchomp\n|\n|win|vortixxxxx\n|raw|vortixxxxx's rating: 1137 &rarr; <strong>1159</strong><br />(+22 for winning)\n|raw|Ernestasio's rating: 1102 &rarr; <strong>1080</strong><br />(-22 for losing)\n|l|\u2606Ernestasio\n|player|p2|\n|l|\u2606vortixxxxx\n|player|p1|\n|j|\u2606vortixxxxx\n|player|p1|vortixxxxx|266|\n",
  "uploadtime": 1776352928,
  "views": 24,
  "formatid": "gen9championsvgc2026regma",
  "rating": 1080,
  "private": 0,
  "password": null
}