{
  "id": "gen9championsvgc2026regma-2587203474",
  "format": "[Gen 9 Champions] VGC 2026 Reg M-A",
  "players": [
    "beedrillfan63",
    "Thomper"
  ],
  "log": "|j|\u2606beedrillfan63\n|j|\u2606Thomper\n|t:|1776508440\n|gametype|doubles\n|player|p1|beedrillfan63|hilbert-wonderlauncher|1049\n|player|p2|Thomper|265|1135\n|gen|9\n|tier|[Gen 9 Champions] VGC 2026 Reg M-A\n|rated|\n|rule|Species Clause: Limit one of each Pok\u00e9mon\n|rule|Item Clause: Limit 1 of each item\n|clearpoke\n|poke|p1|Beedrill, L50, M|\n|poke|p1|Maushold, L50|\n|poke|p1|Starmie, L50, shiny|\n|poke|p1|Whimsicott, L50, F|\n|poke|p1|Incineroar, L50, F|\n|poke|p1|Basculegion, L50, M|\n|poke|p2|Sinistcha-Masterpiece, L50|\n|poke|p2|Incineroar, L50, F|\n|poke|p2|Golurk, L50|\n|poke|p2|Araquanid, L50, F|\n|poke|p2|Farigiraf, L50, M|\n|poke|p2|Sylveon, L50, F|\n|teampreview|4\n|inactive|Battle timer is ON: inactive players will automatically lose when time's up. (requested by beedrillfan63)\n|\n|t:|1776508496\n|teamsize|p1|4\n|teamsize|p2|4\n|start\n|switch|p1a: Incineroar|Incineroar, L50, F|100/100\n|switch|p1b: Beedrill|Beedrill, L50, M|100/100\n|switch|p2a: Sinistcha|Sinistcha-Masterpiece, L50|100/100\n|switch|p2b: Golurk|Golurk, L50|100/100\n|-ability|p1a: Incineroar|Intimidate|boost\n|-unboost|p2a: Sinistcha|atk|1\n|-unboost|p2b: Golurk|atk|1\n|turn|1\n|inactive|beedrillfan63 has 30 seconds left.\n|\n|t:|1776508526\n|detailschange|p1b: Beedrill|Beedrill-Mega, L50, M\n|-mega|p1b: Beedrill|Beedrill|Beedrillite\n|detailschange|p2b: Golurk|Golurk-Mega, L50\n|-mega|p2b: Golurk|Golurk|Golurkite\n|move|p2b: Golurk|Protect|p2b: Golurk\n|-singleturn|p2b: Golurk|Protect\n|move|p1b: Beedrill|Lunge|p2b: Golurk\n|-activate|p2b: Golurk|move: Protect\n|move|p1a: Incineroar|Taunt|p2a: Sinistcha\n|-start|p2a: Sinistcha|move: Taunt\n|cant|p2a: Sinistcha|move: Taunt|Trick Room\n|\n|upkeep\n|turn|2\n|\n|t:|1776508550\n|switch|p2a: Incineroar|Incineroar, L50, F|100/100\n|-ability|p2a: Incineroar|Intimidate|boost\n|-unboost|p1a: Incineroar|atk|1\n|-unboost|p1b: Beedrill|atk|1\n|move|p1b: Beedrill|Lunge|p2b: Golurk\n|-resisted|p2b: Golurk|1\n|-damage|p2b: Golurk|82/100\n|-unboost|p2b: Golurk|atk|1\n|move|p1a: Incineroar|Flare Blitz|p2a: Incineroar\n|-resisted|p2a: Incineroar|1\n|-damage|p2a: Incineroar|83/100\n|-damage|p1a: Incineroar|94/100|[from] Recoil\n|move|p2b: Golurk|Headlong Rush|p1a: Incineroar\n|-supereffective|p1a: Incineroar|1\n|-damage|p1a: Incineroar|10/100\n|-unboost|p2b: Golurk|def|1\n|-unboost|p2b: Golurk|spd|1\n|-enditem|p1a: Incineroar|Sitrus Berry|[eat]\n|-heal|p1a: Incineroar|35/100|[from] item: Sitrus Berry\n|\n|upkeep\n|turn|3\n|\n|t:|1776508571\n|switch|p1b: Basculegion|Basculegion, L50, M|100/100\n|switch|p1a: Maushold|Maushold, L50|100/100\n|move|p2a: Incineroar|Fake Out|p1b: Basculegion\n|-immune|p1b: Basculegion\n|move|p2b: Golurk|Headlong Rush|p1a: Maushold\n|-damage|p1a: Maushold|42/100\n|-unboost|p2b: Golurk|def|1\n|-unboost|p2b: Golurk|spd|1\n|\n|upkeep\n|turn|4\n|\n|t:|1776508587\n|move|p2b: Golurk|Protect|p2b: Golurk\n|-singleturn|p2b: Golurk|Protect\n|move|p1b: Basculegion|Wave Crash|p2a: Incineroar\n|-supereffective|p2a: Incineroar|1\n|-damage|p2a: Incineroar|0 fnt\n|faint|p2a: Incineroar\n|-damage|p1b: Basculegion|73/100|[from] Recoil\n|move|p1a: Maushold|Tidy Up|p1a: Maushold\n|-boost|p1a: Maushold|atk|1\n|-boost|p1a: Maushold|spe|1\n|\n|upkeep\n|\n|t:|1776508597\n|switch|p2a: Sinistcha|Sinistcha-Masterpiece, L50|100/100\n|-heal|p2b: Golurk|100/100|[from] ability: Hospitality|[of] p2a: Sinistcha\n|turn|5\n|\n|t:|1776508616\n|switch|p2b: Araquanid|Araquanid, L50, F|100/100\n|move|p1a: Maushold|Baton Pass|p1a: Maushold\n|\n|t:|1776508618\n|switch|p1a: Incineroar|Incineroar, L50, F|35/100|[from] Baton Pass\n|-ability|p1a: Incineroar|Intimidate|boost\n|-unboost|p2a: Sinistcha|atk|1\n|-unboost|p2b: Araquanid|atk|1\n|move|p1b: Basculegion|Wave Crash|p2b: Araquanid\n|-resisted|p2b: Araquanid|1\n|-damage|p2b: Araquanid|60/100\n|-damage|p1b: Basculegion|61/100|[from] Recoil\n|move|p2a: Sinistcha|Trick Room|p2a: Sinistcha\n|-fieldstart|move: Trick Room|[of] p2a: Sinistcha\n|\n|upkeep\n|turn|6\n|\n|t:|1776508643\n|switch|p1b: Maushold|Maushold, L50|42/100\n|move|p2b: Araquanid|Liquidation|p1a: Incineroar\n|-supereffective|p1a: Incineroar|1\n|-damage|p1a: Incineroar|0 fnt\n|faint|p1a: Incineroar\n|move|p2a: Sinistcha|Matcha Gotcha|p1b: Maushold\n|-damage|p1b: Maushold|0 fnt\n|faint|p1b: Maushold\n|\n|upkeep\n|\n|t:|1776508648\n|switch|p1a: Basculegion|Basculegion, L50, M|61/100\n|switch|p1b: Beedrill|Beedrill-Mega, L50, M|100/100\n|turn|7\n|\n|t:|1776508664\n|move|p2b: Araquanid|Liquidation|p1b: Beedrill\n|-damage|p1b: Beedrill|0 fnt\n|faint|p1b: Beedrill\n|move|p2a: Sinistcha|Matcha Gotcha|p1a: Basculegion|[miss]\n|-miss|p2a: Sinistcha|p1a: Basculegion\n|move|p1a: Basculegion|Last Respects|p2a: Sinistcha\n|-supereffective|p2a: Sinistcha|1\n|-damage|p2a: Sinistcha|0 fnt\n|faint|p2a: Sinistcha\n|\n|upkeep\n|\n|t:|1776508674\n|switch|p2a: Golurk|Golurk-Mega, L50|100/100\n|turn|8\n|\n|t:|1776508688\n|move|p2b: Araquanid|Liquidation|p1a: Basculegion\n|-resisted|p1a: Basculegion|1\n|-damage|p1a: Basculegion|30/100\n|move|p2a: Golurk|Poltergeist|p1a: Basculegion\n|-activate|p1a: Basculegion|move: Poltergeist|Choice Scarf\n|-supereffective|p1a: Basculegion|1\n|-damage|p1a: Basculegion|0 fnt\n|faint|p1a: Basculegion\n|\n|win|Thomper\n|raw|beedrillfan63's rating: 1049 &rarr; <strong>1036</strong><br />(-13 for losing)\n|raw|Thomper's rating: 1135 &rarr; <strong>1154</strong><br />(+19 for winning)\n|l|\u2606beedrillfan63\n|player|p1|\n|c|\u2606Thomper|gg\n",
  "uploadtime": 1776508714,
  "views": 17,
  "formatid": "gen9championsvgc2026regma",
  "rating": 1036,
  "private": 0,
  "password": null
}