{
  "id": "gen9championsvgc2026regma-2583597776",
  "format": "[Gen 9 Champions] VGC 2026 Reg M-A",
  "players": [
    "dviggy10",
    "reggiehedge"
  ],
  "log": "|j|\u2606dviggy10\n|j|\u2606reggiehedge\n|t:|1776185627\n|gametype|doubles\n|player|p1|dviggy10|102|1040\n|player|p2|reggiehedge|medium|1074\n|gen|9\n|tier|[Gen 9 Champions] VGC 2026 Reg M-A\n|rated|\n|rule|Species Clause: Limit one of each Pok\u00e9mon\n|rule|Item Clause: Limit 1 of each item\n|clearpoke\n|poke|p1|Froslass, L50, F|\n|poke|p1|Glaceon, L50, M|\n|poke|p1|Lucario, L50, F|\n|poke|p1|Sinistcha-Masterpiece, L50|\n|poke|p1|Whimsicott, L50, M|\n|poke|p1|Incineroar, L50, F|\n|poke|p2|Golurk, L50|\n|poke|p2|Farigiraf, L50, F|\n|poke|p2|Sinistcha, L50|\n|poke|p2|Torkoal, L50, M|\n|poke|p2|Incineroar, L50, M|\n|poke|p2|Sneasler, L50, M|\n|teampreview|4\ndviggy10 rejected open team sheets.\n|\n|t:|1776185667\n|teamsize|p1|4\n|teamsize|p2|4\n|start\n|switch|p1a: Incineroar|Incineroar, L50, F|100/100\n|switch|p1b: Froslass|Froslass, L50, F, shiny|100/100\n|switch|p2a: Farigiraf|Farigiraf, L50, F|100/100\n|switch|p2b: Incineroar|Incineroar, L50, M|100/100\n|-ability|p2b: Incineroar|Intimidate|boost\n|-unboost|p1a: Incineroar|atk|1\n|-unboost|p1b: Froslass|atk|1\n|-ability|p1a: Incineroar|Intimidate|boost\n|-unboost|p2a: Farigiraf|atk|1\n|-unboost|p2b: Incineroar|atk|1\n|turn|1\n|\n|t:|1776185686\n|switch|p1b: Whimsicott|Whimsicott, L50, M|100/100\n|move|p2b: Incineroar|Parting Shot|p1a: Incineroar\n|-unboost|p1a: Incineroar|atk|1\n|-unboost|p1a: Incineroar|spa|1\n|inactive|Battle timer is ON: inactive players will automatically lose when time's up. (requested by dviggy10)\n|\n|t:|1776185692\n|switch|p2b: Torkoal|Torkoal, L50, M|100/100|[from] Parting Shot\n|-weather|SunnyDay|[from] ability: Drought|[of] p2b: Torkoal\n|move|p1a: Incineroar|Darkest Lariat|p2a: Farigiraf\n|-supereffective|p2a: Farigiraf|1\n|-damage|p2a: Farigiraf|60/100\n|move|p2a: Farigiraf|Trick Room|p2a: Farigiraf\n|-fieldstart|move: Trick Room|[of] p2a: Farigiraf\n|\n|-weather|SunnyDay|[upkeep]\n|upkeep\n|turn|2\n|\n|t:|1776185713\n|switch|p2a: Incineroar|Incineroar, L50, M|100/100\n|-ability|p2a: Incineroar|Intimidate|boost\n|-unboost|p1a: Incineroar|atk|1\n|-unboost|p1b: Whimsicott|atk|1\n|move|p2b: Torkoal|Eruption|p1a: Incineroar|[spread] p1a,p1b\n|-resisted|p1a: Incineroar|1\n|-supereffective|p1b: Whimsicott|1\n|-damage|p1a: Incineroar|55/100\n|-damage|p1b: Whimsicott|0 fnt\n|faint|p1b: Whimsicott\n|move|p1a: Incineroar|Darkest Lariat|p2b: Torkoal\n|-damage|p2b: Torkoal|85/100\n|\n|-weather|SunnyDay|[upkeep]\n|upkeep\n|\n|t:|1776185715\n|switch|p1b: Froslass|Froslass, L50, F, shiny|100/100\n|turn|3\n|inactive|reggiehedge has 30 seconds left.\n|\n|t:|1776185747\n|move|p1b: Froslass|Protect|p1b: Froslass\n|-singleturn|p1b: Froslass|Protect\n|move|p2b: Torkoal|Eruption|p1b: Froslass|[spread] p1a\n|-activate|p1b: Froslass|move: Protect\n|-resisted|p1a: Incineroar|1\n|-damage|p1a: Incineroar|19/100\n|move|p1a: Incineroar|Darkest Lariat|p2b: Torkoal\n|-damage|p2b: Torkoal|71/100\n|move|p2a: Incineroar|Parting Shot|p1a: Incineroar\n|-unboost|p1a: Incineroar|atk|1\n|-unboost|p1a: Incineroar|spa|1\n|\n|t:|1776185758\n|switch|p2a: Farigiraf|Farigiraf, L50, F|60/100|[from] Parting Shot\n|\n|-weather|SunnyDay|[upkeep]\n|upkeep\n|turn|4\n|inactive|reggiehedge has 30 seconds left.\n|\n|t:|1776185784\n|detailschange|p1b: Froslass|Froslass-Mega, L50, F, shiny\n|-mega|p1b: Froslass|Froslass|Froslassite\n|-weather|Snowscape|[from] ability: Snow Warning|[of] p1b: Froslass\n|move|p2a: Farigiraf|Helping Hand|p2b: Torkoal\n|-singleturn|p2b: Torkoal|Helping Hand|[of] p2a: Farigiraf\n|move|p2b: Torkoal|Eruption|p1a: Incineroar|[spread] p1a,p1b\n|-resisted|p1a: Incineroar|1\n|-supereffective|p1b: Froslass|1\n|-damage|p1a: Incineroar|0 fnt\n|-damage|p1b: Froslass|0 fnt\n|faint|p1a: Incineroar\n|faint|p1b: Froslass\n|\n|-weather|Snowscape|[upkeep]\n|upkeep\n|\n|t:|1776185791\n|switch|p1b: Glaceon|Glaceon, L50, M|100/100\n|turn|5\n|\n|t:|1776185795\n|switch|p2a: Incineroar|Incineroar, L50, M|100/100\n|-ability|p2a: Incineroar|Intimidate|boost\n|-unboost|p1b: Glaceon|atk|1\n|move|p1b: Glaceon|Protect|p1b: Glaceon\n|-singleturn|p1b: Glaceon|Protect\n|move|p2b: Torkoal|Eruption|p1b: Glaceon\n|-activate|p1b: Glaceon|move: Protect\n|\n|-weather|Snowscape|[upkeep]\n|-fieldend|move: Trick Room\n|upkeep\n|turn|6\n|-message|dviggy10 forfeited.\n|\n|win|reggiehedge\n|raw|dviggy10's rating: 1040 &rarr; <strong>1026</strong><br />(-14 for losing)\n|raw|reggiehedge's rating: 1074 &rarr; <strong>1100</strong><br />(+26 for winning)\n",
  "uploadtime": 1776185799,
  "views": 19,
  "formatid": "gen9championsvgc2026regma",
  "rating": 1026,
  "private": 0,
  "password": null
}