{
  "id": "gen9championsvgc2026regma-2587629764",
  "format": "[Gen 9 Champions] VGC 2026 Reg M-A",
  "players": [
    "MrTimtendo",
    "T8XICIDAD"
  ],
  "log": "|j|\u2606MrTimtendo\n|j|\u2606T8XICIDAD\n|t:|1776548495\n|gametype|doubles\n|player|p1|MrTimtendo|ethan|1219\n|player|p2|T8XICIDAD|lacey|1257\n|gen|9\n|tier|[Gen 9 Champions] VGC 2026 Reg M-A\n|rated|\n|rule|Species Clause: Limit one of each Pok\u00e9mon\n|rule|Item Clause: Limit 1 of each item\n|clearpoke\n|poke|p1|Delphox, L50, M|\n|poke|p1|Garchomp, L50, F|\n|poke|p1|Aerodactyl, L50, F|\n|poke|p1|Farigiraf, L50, M|\n|poke|p1|Milotic, L50, M|\n|poke|p1|Basculegion, L50, M|\n|poke|p2|Gengar, L50, F, shiny|\n|poke|p2|Incineroar, L50, F|\n|poke|p2|Sinistcha, L50|\n|poke|p2|Pelipper, L50, M|\n|poke|p2|Sylveon, L50, F, shiny|\n|poke|p2|Archaludon, L50, F, shiny|\n|teampreview|4\n|inactive|Battle timer is ON: inactive players will automatically lose when time's up. (requested by MrTimtendo)\n|inactive|T8XICIDAD has 60 seconds left.\n|\n|t:|1776548539\n|teamsize|p1|4\n|teamsize|p2|4\n|start\n|switch|p1a: Milotic|Milotic, L50, M|100/100\n|switch|p1b: Basculegion|Basculegion, L50, M|100/100\n|switch|p2a: Incineroar|Incineroar, L50, F|100/100\n|switch|p2b: Archaludon|Archaludon, L50, F, shiny|100/100\n|-ability|p2a: Incineroar|Intimidate|boost\n|-unboost|p1a: Milotic|atk|1\n|-ability|p1a: Milotic|Competitive|boost\n|-boost|p1a: Milotic|spa|2\n|-unboost|p1b: Basculegion|atk|1\n|turn|1\n|\n|t:|1776548556\n|move|p1a: Milotic|Protect|p1a: Milotic\n|-singleturn|p1a: Milotic|Protect\n|move|p2a: Incineroar|Protect|p2a: Incineroar\n|-singleturn|p2a: Incineroar|Protect\n|move|p1b: Basculegion|Flip Turn|p2a: Incineroar\n|-activate|p2a: Incineroar|move: Protect\n|move|p2b: Archaludon|Electro Shot||[still]\n|-prepare|p2b: Archaludon|Electro Shot\n|-boost|p2b: Archaludon|spa|1\n|\n|upkeep\n|turn|2\n|inactive|MrTimtendo has 30 seconds left.\n|\n|t:|1776548590\n|switch|p1a: Garchomp|Garchomp, L50, F|100/100\n|move|p1b: Basculegion|Flip Turn|p2a: Incineroar\n|-supereffective|p2a: Incineroar|1\n|-damage|p2a: Incineroar|65/100\n|\n|t:|1776548597\n|switch|p1b: Milotic|Milotic, L50, M|100/100|[from] Flip Turn\n|move|p2b: Archaludon|Electro Shot|p1b: Milotic|[from] lockedmove\n|-supereffective|p1b: Milotic|1\n|-damage|p1b: Milotic|7/100\n|move|p2a: Incineroar|Parting Shot|p1b: Milotic\n|-unboost|p1b: Milotic|atk|1\n|-ability|p1b: Milotic|Competitive|boost\n|-boost|p1b: Milotic|spa|2\n|-unboost|p1b: Milotic|spa|1\n|-ability|p1b: Milotic|Competitive|boost\n|-boost|p1b: Milotic|spa|2\n|\n|t:|1776548605\n|switch|p2a: Sylveon|Sylveon, L50, F, shiny|100/100|[from] Parting Shot\n|\n|-heal|p1b: Milotic|13/100|[from] item: Leftovers\n|upkeep\n|turn|3\n|\n|t:|1776548625\n|move|p2b: Archaludon|Protect|p2b: Archaludon\n|-singleturn|p2b: Archaludon|Protect\n|move|p1b: Milotic|Protect|p1b: Milotic\n|-singleturn|p1b: Milotic|Protect\n|move|p1a: Garchomp|Earthquake|p2a: Sylveon|[spread] p2a\n|-activate|p1b: Milotic|move: Protect\n|-activate|p2b: Archaludon|move: Protect\n|-damage|p2a: Sylveon|62/100\n|move|p2a: Sylveon|Hyper Voice|p1b: Milotic|[spread] p1a\n|-activate|p1b: Milotic|move: Protect\n|-supereffective|p1a: Garchomp|1\n|-damage|p1a: Garchomp|0 fnt\n|faint|p1a: Garchomp\n|\n|-heal|p1b: Milotic|19/100|[from] item: Leftovers\n|upkeep\n|\n|t:|1776548649\n|switch|p1a: Delphox|Delphox, L50, M|100/100\n|turn|4\n|\n|t:|1776548660\n|detailschange|p1a: Delphox|Delphox-Mega, L50, M\n|-mega|p1a: Delphox|Delphox|Delphoxite\n|move|p1a: Delphox|Encore|p2b: Archaludon\n|-start|p2b: Archaludon|Encore\n|move|p2b: Archaludon|Protect||[still]\n|-fail|p2b: Archaludon\n|move|p1b: Milotic|Scald|p2a: Sylveon\n|-damage|p2a: Sylveon|0 fnt\n|faint|p2a: Sylveon\n|\n|-heal|p1b: Milotic|25/100|[from] item: Leftovers\n|upkeep\n|\n|t:|1776548678\n|switch|p2a: Sinistcha|Sinistcha, L50|100/100\n|turn|5\n|\n|t:|1776548700\n|move|p2b: Archaludon|Protect|p2b: Archaludon\n|-singleturn|p2b: Archaludon|Protect\n|move|p1a: Delphox|Heat Wave|p2a: Sinistcha|[spread] p2a\n|-activate|p2b: Archaludon|move: Protect\n|-supereffective|p2a: Sinistcha|1\n|-damage|p2a: Sinistcha|25/100\n|-status|p2a: Sinistcha|brn\n|move|p1b: Milotic|Ice Beam|p2a: Sinistcha\n|-supereffective|p2a: Sinistcha|1\n|-damage|p2a: Sinistcha|0 fnt\n|faint|p2a: Sinistcha\n|\n|-heal|p1b: Milotic|31/100|[from] item: Leftovers\n|upkeep\n|-message|T8XICIDAD forfeited.\n|\n|win|MrTimtendo\n|raw|MrTimtendo's rating: 1219 &rarr; <strong>1247</strong><br />(+28 for winning)\n|raw|T8XICIDAD's rating: 1257 &rarr; <strong>1229</strong><br />(-28 for losing)\n|l|\u2606T8XICIDAD\n|player|p2|\n",
  "uploadtime": 1776548764,
  "views": 19,
  "formatid": "gen9championsvgc2026regma",
  "rating": 1229,
  "private": 0,
  "password": null
}