{
  "id": "gen9championsvgc2026regma-2584590483",
  "format": "[Gen 9 Champions] VGC 2026 Reg M-A",
  "players": [
    "JasmineThia",
    "Catins"
  ],
  "log": "|j|\u2606JasmineThia\n|j|\u2606Catins\n|t:|1776270711\n|gametype|doubles\n|player|p1|JasmineThia|selene-masters2|1136\n|player|p2|Catins|cheryl|1209\n|gen|9\n|tier|[Gen 9 Champions] VGC 2026 Reg M-A\n|rated|\n|rule|Species Clause: Limit one of each Pok\u00e9mon\n|rule|Item Clause: Limit 1 of each item\n|clearpoke\n|poke|p1|Chandelure, L50, F|\n|poke|p1|Talonflame, L50, M|\n|poke|p1|Quaquaval, L50, M|\n|poke|p1|Raichu, L50, F|\n|poke|p1|Glimmora, L50, F|\n|poke|p1|Corviknight, L50, M|\n|poke|p2|Aggron, L50, M|\n|poke|p2|Incineroar, L50, M|\n|poke|p2|Sinistcha, L50|\n|poke|p2|Pelipper, L50, F|\n|poke|p2|Basculegion, L50, M|\n|poke|p2|Meganium, L50, M|\n|teampreview|4\n|inactive|Battle timer is ON: inactive players will automatically lose when time's up. (requested by JasmineThia)\n|\n|t:|1776270737\n|teamsize|p1|4\n|teamsize|p2|4\n|start\n|switch|p1a: Quaquaval|Quaquaval, L50, M|100/100\n|switch|p1b: Corviknight|Corviknight, L50, M|100/100\n|switch|p2a: Meganium|Meganium, L50, M|100/100\n|switch|p2b: Incineroar|Incineroar, L50, M|100/100\n|-ability|p2b: Incineroar|Intimidate|boost\n|-unboost|p1a: Quaquaval|atk|1\n|-ability|p1b: Corviknight|Mirror Armor\n|-unboost|p2b: Incineroar|atk|1\n|-enditem|p1a: Quaquaval|White Herb\n|-clearnegativeboost|p1a: Quaquaval|[silent]\n|turn|1\n|\n|t:|1776270749\n|detailschange|p2a: Meganium|Meganium-Mega, L50, M\n|-mega|p2a: Meganium|Meganium|Meganiumite\n|move|p1a: Quaquaval|Upper Hand|p2b: Incineroar\n|-supereffective|p2b: Incineroar|1\n|-damage|p2b: Incineroar|25/100\n|-enditem|p2b: Incineroar|Sitrus Berry|[eat]\n|-heal|p2b: Incineroar|50/100|[from] item: Sitrus Berry\n|cant|p2b: Incineroar|flinch\n|move|p2a: Meganium|Weather Ball|p1b: Corviknight\n|-supereffective|p1b: Corviknight|1\n|-damage|p1b: Corviknight|15/100\n|move|p1b: Corviknight|Brave Bird|p2a: Meganium\n|-supereffective|p2a: Meganium|1\n|-damage|p2a: Meganium|35/100\n|-damage|p1b: Corviknight|0 fnt|[from] Recoil\n|faint|p1b: Corviknight\n|\n|upkeep\n|\n|t:|1776270754\n|switch|p1b: Glimmora|Glimmora, L50, F|100/100\n|turn|2\n|\n|t:|1776270775\n|switch|p2a: Basculegion|Basculegion, L50, M|100/100\n|detailschange|p1b: Glimmora|Glimmora-Mega, L50, F\n|-mega|p1b: Glimmora|Glimmora|Glimmoranite\n|move|p1a: Quaquaval|Protect|p1a: Quaquaval\n|-singleturn|p1a: Quaquaval|Protect\n|move|p1b: Glimmora|Sludge Wave|p2a: Basculegion|[spread] p2a,p2b\n|-activate|p1a: Quaquaval|move: Protect\n|-resisted|p2a: Basculegion|1\n|-damage|p2a: Basculegion|69/100\n|-damage|p2b: Incineroar|10/100\n|move|p2b: Incineroar|Parting Shot|p1b: Glimmora\n|-unboost|p1b: Glimmora|atk|1\n|-unboost|p1b: Glimmora|spa|1\n|\n|t:|1776270790\n|switch|p2b: Pelipper|Pelipper, L50, F|100/100|[from] Parting Shot\n|-weather|RainDance|[from] ability: Drizzle|[of] p2b: Pelipper\n|\n|-weather|RainDance|[upkeep]\n|upkeep\n|turn|3\n|\n|t:|1776270800\n|move|p1b: Glimmora|Spiky Shield|p1b: Glimmora\n|-singleturn|p1b: Glimmora|move: Protect\n|move|p2a: Basculegion|Flip Turn|p1b: Glimmora\n|-activate|p1b: Glimmora|move: Protect\n|-damage|p2a: Basculegion|57/100|[from] Spiky Shield|[of] p1b: Glimmora\n|move|p1a: Quaquaval|Aqua Step|p2a: Basculegion\n|-resisted|p2a: Basculegion|1\n|-damage|p2a: Basculegion|17/100\n|-boost|p1a: Quaquaval|spe|1\n|move|p2b: Pelipper|Hurricane|p1a: Quaquaval\n|-supereffective|p1a: Quaquaval|1\n|-damage|p1a: Quaquaval|0 fnt\n|faint|p1a: Quaquaval\n|\n|-weather|RainDance|[upkeep]\n|upkeep\n|\n|t:|1776270803\n|switch|p1a: Talonflame|Talonflame, L50, M|100/100\n|turn|4\n|\n|t:|1776270821\n|move|p1a: Talonflame|Dual Wingbeat|p2a: Basculegion\n|-damage|p2a: Basculegion|0 fnt\n|faint|p2a: Basculegion\n|-hitcount|p2: Basculegion|1\n|move|p1b: Glimmora|Power Gem|p2b: Pelipper\n|-supereffective|p2b: Pelipper|1\n|-damage|p2b: Pelipper|0 fnt\n|faint|p2b: Pelipper\n|\n|-weather|RainDance|[upkeep]\n|upkeep\n|\n|t:|1776270831\n|switch|p2a: Incineroar|Incineroar, L50, M|10/100\n|switch|p2b: Meganium|Meganium-Mega, L50, M|35/100\n|-ability|p2a: Incineroar|Intimidate|boost\n|-unboost|p1a: Talonflame|atk|1\n|-unboost|p1b: Glimmora|atk|1\n|turn|5\n|\n|t:|1776270839\n|move|p1b: Glimmora|Spiky Shield|p1b: Glimmora\n|-singleturn|p1b: Glimmora|move: Protect\n|move|p1a: Talonflame|Tailwind|p1a: Talonflame\n|-sidestart|p1: JasmineThia|move: Tailwind\n|move|p2b: Meganium|Synthesis|p2b: Meganium\n|-heal|p2b: Meganium|100/100\n|move|p2a: Incineroar|Parting Shot|p1b: Glimmora\n|-activate|p1b: Glimmora|move: Protect\n|\n|-weather|RainDance|[upkeep]\n|upkeep\n|turn|6\n|\n|t:|1776270852\n|move|p1a: Talonflame|Dual Wingbeat|p2b: Meganium\n|-supereffective|p2b: Meganium|1\n|-damage|p2b: Meganium|80/100\n|-supereffective|p2b: Meganium|1\n|-damage|p2b: Meganium|58/100\n|-hitcount|p2b: Meganium|2\n|move|p1b: Glimmora|Sludge Wave|p2a: Incineroar|[spread] p1a,p2a,p2b\n|-supereffective|p2b: Meganium|2\n|-damage|p1a: Talonflame|36/100\n|-damage|p2a: Incineroar|0 fnt\n|-damage|p2b: Meganium|0 fnt\n|faint|p2a: Incineroar\n|faint|p2b: Meganium\n|\n|win|JasmineThia\n|raw|JasmineThia's rating: 1156 &rarr; <strong>1185</strong><br />(+29 for winning)\n|raw|Catins's rating: 1209 &rarr; <strong>1180</strong><br />(-29 for losing)\n|l|\u2606Catins\n|player|p2|\n",
  "uploadtime": 1776270859,
  "views": 24,
  "formatid": "gen9championsvgc2026regma",
  "rating": 1180,
  "private": 0,
  "password": null
}