{
  "id": "gen9championsvgc2026regma-2585546044",
  "format": "[Gen 9 Champions] VGC 2026 Reg M-A",
  "players": [
    "Mask4M",
    "tmick00"
  ],
  "log": "|j|\u2606Mask4M\n|j|\u2606tmick00\n|t:|1776354647\n|gametype|doubles\n|player|p1|Mask4M|101|1202\n|player|p2|tmick00|169|1140\n|gen|9\n|tier|[Gen 9 Champions] VGC 2026 Reg M-A\n|rated|\n|rule|Species Clause: Limit one of each Pok\u00e9mon\n|rule|Item Clause: Limit 1 of each item\n|clearpoke\n|poke|p1|Glimmora, L50, M|\n|poke|p1|Dragonite, L50, M|\n|poke|p1|Sneasler, L50, F|\n|poke|p1|Incineroar, L50, M|\n|poke|p1|Whimsicott, L50, M|\n|poke|p1|Rotom-Wash, L50|\n|poke|p2|Politoed, L50, M|\n|poke|p2|Heliolisk, L50, F|\n|poke|p2|Lucario, L50, F|\n|poke|p2|Talonflame, L50, F|\n|poke|p2|Clefable, L50, M|\n|poke|p2|Sableye, L50, F|\n|teampreview|4\n|inactive|Battle timer is ON: inactive players will automatically lose when time's up. (requested by Mask4M)\n|inactive|Mask4M has 60 seconds left.\n|\n|t:|1776354702\n|teamsize|p1|4\n|teamsize|p2|4\n|start\n|switch|p1a: Sneasler|Sneasler, L50, F|100/100\n|switch|p1b: Rotom|Rotom-Wash, L50|100/100\n|switch|p2a: Sableye|Sableye, L50, F|100/100\n|switch|p2b: Talonflame|Talonflame, L50, F|100/100\n|turn|1\n|\n|t:|1776354720\n|move|p2b: Talonflame|Protect|p2b: Talonflame\n|-singleturn|p2b: Talonflame|Protect\n|move|p1a: Sneasler|Fake Out|p2b: Talonflame\n|-activate|p2b: Talonflame|move: Protect\n|move|p2a: Sableye|Fake Out|p1b: Rotom\n|-damage|p1b: Rotom|89/100\n|cant|p1b: Rotom|flinch\n|\n|upkeep\n|turn|2\n|inactive|tmick00 has 30 seconds left.\n|\n|t:|1776354747\n|move|p1a: Sneasler|Protect|p1a: Sneasler\n|-singleturn|p1a: Sneasler|Protect\n|move|p2b: Talonflame|Tailwind|p2b: Talonflame\n|-sidestart|p2: tmick00|move: Tailwind\n|move|p2a: Sableye|Sucker Punch|p1b: Rotom\n|-damage|p1b: Rotom|63/100\n|move|p1b: Rotom|Volt Switch|p2b: Talonflame\n|-supereffective|p2b: Talonflame|1\n|-damage|p2b: Talonflame|8/100\n|\n|t:|1776354758\n|switch|p1b: Whimsicott|Whimsicott, L50, M|100/100|[from] Volt Switch\n|\n|upkeep\n|turn|3\n|inactive|Mask4M has 30 seconds left.\n|\n|t:|1776354790\n|move|p2a: Sableye|Taunt|p1b: Whimsicott\n|-start|p1b: Whimsicott|move: Taunt\n|cant|p1b: Whimsicott|move: Taunt|Tailwind\n|move|p2b: Talonflame|Acrobatics|p1a: Sneasler\n|-supereffective|p1a: Sneasler|1\n|-damage|p1a: Sneasler|0 fnt\n|faint|p1a: Sneasler\n|\n|upkeep\n|\n|t:|1776354801\n|switch|p1a: Glimmora|Glimmora, L50, M|100/100\n|turn|4\n|\n|t:|1776354821\n|detailschange|p1a: Glimmora|Glimmora-Mega, L50, M\n|-mega|p1a: Glimmora|Glimmora|Glimmoranite\n|move|p2a: Sableye|Rain Dance|p2a: Sableye\n|-weather|RainDance\n|move|p2b: Talonflame|Acrobatics|p1b: Whimsicott\n|-supereffective|p1b: Whimsicott|1\n|-damage|p1b: Whimsicott|27/100\n|move|p1a: Glimmora|Sludge Bomb|p2a: Sableye\n|-resisted|p2a: Sableye|1\n|-damage|p2a: Sableye|50/100\n|-status|p2a: Sableye|psn\n|move|p1b: Whimsicott|Moonblast|p2b: Talonflame\n|-resisted|p2b: Talonflame|1\n|-damage|p2b: Talonflame|0 fnt\n|faint|p2b: Talonflame\n|\n|-weather|RainDance|[upkeep]\n|-damage|p2a: Sableye|38/100 psn|[from] psn\n|upkeep\n|\n|t:|1776354841\n|switch|p2b: Politoed|Politoed, L50, M|100/100\n|turn|5\n|\n|t:|1776354855\n|switch|p1b: Rotom|Rotom-Wash, L50|63/100\n|move|p1a: Glimmora|Spiky Shield|p1a: Glimmora\n|-singleturn|p1a: Glimmora|move: Protect\n|move|p2a: Sableye|Sucker Punch||[still]\n|-fail|p2a: Sableye\n|move|p2b: Politoed|Surf|p1b: Rotom|[spread] p2a,p1b\n|-activate|p1a: Glimmora|move: Protect\n|-resisted|p1b: Rotom|1\n|-damage|p2a: Sableye|0 fnt\n|-damage|p1b: Rotom|33/100\n|faint|p2a: Sableye\n|\n|-weather|RainDance|[upkeep]\n|-sideend|p2: tmick00|move: Tailwind\n|upkeep\n|inactive|tmick00 has 30 seconds left.\n|\n|t:|1776354889\n|switch|p2a: Heliolisk|Heliolisk, L50, F|100/100\n|turn|6\n|inactive|Mask4M has 30 seconds left.\n|inactive|Mask4M has 20 seconds left.\n|\n|t:|1776354926\n|move|p1b: Rotom|Electroweb|p2a: Heliolisk|[spread] p2a,p2b\n|-resisted|p2a: Heliolisk|1\n|-supereffective|p2b: Politoed|1\n|-damage|p2a: Heliolisk|88/100\n|-damage|p2b: Politoed|68/100\n|-unboost|p2a: Heliolisk|spe|1\n|-unboost|p2b: Politoed|spe|1\n|move|p1a: Glimmora|Sludge Bomb|p2b: Politoed\n|-damage|p2b: Politoed|11/100\n|move|p2a: Heliolisk|Thunder|p1b: Rotom\n|-damage|p1b: Rotom|0 fnt\n|faint|p1b: Rotom\n|move|p2b: Politoed|Surf|p1a: Glimmora|[spread] p1a\n|-heal|p2a: Heliolisk|100/100|[from] ability: Dry Skin|[of] p2b: Politoed\n|-supereffective|p1a: Glimmora|1\n|-damage|p1a: Glimmora|4/100\n|\n|-weather|RainDance|[upkeep]\n|-heal|p2b: Politoed|17/100|[from] item: Leftovers\n|upkeep\n|\n|t:|1776354940\n|switch|p1b: Whimsicott|Whimsicott, L50, M|27/100\n|turn|7\n|\n|t:|1776354963\n|move|p1a: Glimmora|Spiky Shield|p1a: Glimmora\n|-singleturn|p1a: Glimmora|move: Protect\n|move|p2b: Politoed|Protect|p2b: Politoed\n|-singleturn|p2b: Politoed|Protect\n|move|p1b: Whimsicott|Moonblast|p2b: Politoed\n|-activate|p2b: Politoed|move: Protect\n|move|p2a: Heliolisk|Volt Switch|p1a: Glimmora\n|-activate|p1a: Glimmora|move: Protect\n|\n|-weather|RainDance|[upkeep]\n|-heal|p2b: Politoed|23/100|[from] item: Leftovers\n|upkeep\n|turn|8\n|\n|t:|1776354986\n|move|p1a: Glimmora|Earth Power|p2a: Heliolisk\n|-supereffective|p2a: Heliolisk|1\n|-damage|p2a: Heliolisk|3/100\n|move|p1b: Whimsicott|Moonblast|p2b: Politoed\n|-damage|p2b: Politoed|0 fnt\n|faint|p2b: Politoed\n|move|p2a: Heliolisk|Volt Switch|p1a: Glimmora\n|-damage|p1a: Glimmora|0 fnt\n|faint|p1a: Glimmora\n|\n|-weather|none\n|upkeep\n|turn|9\n|c|\u2606Mask4M|gg\n|\n|t:|1776354999\n|move|p2a: Heliolisk|Protect|p2a: Heliolisk\n|-singleturn|p2a: Heliolisk|Protect\n|move|p1b: Whimsicott|Moonblast|p2a: Heliolisk\n|-activate|p2a: Heliolisk|move: Protect\n|\n|upkeep\n|turn|10\n|\n|t:|1776355006\n|move|p1b: Whimsicott|Moonblast|p2a: Heliolisk\n|-damage|p2a: Heliolisk|0 fnt\n|faint|p2a: Heliolisk\n|\n|win|Mask4M\n|raw|Mask4M's rating: 1202 &rarr; <strong>1223</strong><br />(+21 for winning)\n|raw|tmick00's rating: 1140 &rarr; <strong>1119</strong><br />(-21 for losing)\n",
  "uploadtime": 1776355015,
  "views": 22,
  "formatid": "gen9championsvgc2026regma",
  "rating": 1119,
  "private": 0,
  "password": null
}