{
  "id": "gen9championsvgc2026regma-2582388768",
  "format": "[Gen 9 Champions] VGC 2026 Reg M-A",
  "players": [
    "PlatSceptile",
    "MoonPersonMan"
  ],
  "log": "|j|\u2606PlatSceptile\n|j|\u2606MoonPersonMan\n|t:|1776088387\n|gametype|doubles\n|player|p1|PlatSceptile|cynthia-gen4|1105\n|player|p2|MoonPersonMan|hiker|1131\n|gen|9\n|tier|[Gen 9 Champions] VGC 2026 Reg M-A\n|rated|\n|rule|Species Clause: Limit one of each Pok\u00e9mon\n|rule|Item Clause: Limit 1 of each item\n|clearpoke\n|poke|p1|Floette-Eternal, L50, F|\n|poke|p1|Talonflame, L50, F|\n|poke|p1|Maushold, L50|\n|poke|p1|Garchomp, L50, M|\n|poke|p1|Aegislash, L50, F|\n|poke|p1|Sneasler, L50, M|\n|poke|p2|Floette-Eternal, L50, F|\n|poke|p2|Sylveon, L50, M|\n|poke|p2|Maushold-Four, L50|\n|poke|p2|Whimsicott, L50, F|\n|poke|p2|Incineroar, L50, M|\n|poke|p2|Dragonite, L50, M|\n|teampreview|4\n|inactive|Battle timer is ON: inactive players will automatically lose when time's up. (requested by MoonPersonMan)\n|\n|t:|1776088443\n|teamsize|p1|4\n|teamsize|p2|4\n|start\n|switch|p1a: Floette|Floette-Eternal, L50, F|100/100\n|switch|p1b: Sneasler|Sneasler, L50, M|100/100\n|switch|p2a: Dragonite|Dragonite, L50, M|100/100\n|switch|p2b: Floette|Floette-Eternal, L50, F|100/100\n|turn|1\n|inactive|PlatSceptile has 30 seconds left.\n|inactive|MoonPersonMan has 30 seconds left.\n|inactive|PlatSceptile has 20 seconds left.\n|inactive|MoonPersonMan has 20 seconds left.\n|inactive|MoonPersonMan has 15 seconds left.\n|inactive|PlatSceptile has 15 seconds left.\n|\n|t:|1776088491\n|detailschange|p1a: Floette|Floette-Mega, L50, F\n|-mega|p1a: Floette|Floette|Floettite\n|-ability|p1a: Floette|Fairy Aura\n|detailschange|p2b: Floette|Floette-Mega, L50, F\n|-mega|p2b: Floette|Floette|Floettite\n|-ability|p2b: Floette|Fairy Aura\n|move|p2b: Floette|Protect|p2b: Floette\n|-singleturn|p2b: Floette|Protect\n|move|p1b: Sneasler|Fake Out|p2a: Dragonite\n|-damage|p2a: Dragonite|87/100\n|move|p2a: Dragonite|Tailwind|p2a: Dragonite\n|-sidestart|p2: MoonPersonMan|move: Tailwind\n|move|p1a: Floette|Calm Mind|p1a: Floette\n|-boost|p1a: Floette|spa|1\n|-boost|p1a: Floette|spd|1\n|\n|upkeep\n|turn|2\n|inactive|PlatSceptile has 30 seconds left.\n|inactive|MoonPersonMan has 30 seconds left.\n|inactive|PlatSceptile has 20 seconds left.\n|inactive|MoonPersonMan has 20 seconds left.\n|inactive|PlatSceptile has 15 seconds left.\n|inactive|PlatSceptile has 10 seconds left.\n|inactive|MoonPersonMan has 15 seconds left.\n|inactive|MoonPersonMan has 10 seconds left.\n|\n|t:|1776088544\n|move|p2a: Dragonite|Rock Slide|p1b: Sneasler|[spread] p1a,p1b\n|-resisted|p1b: Sneasler|1\n|-damage|p1a: Floette|79/100\n|-damage|p1b: Sneasler|85/100\n|move|p2b: Floette|Dazzling Gleam|p1b: Sneasler|[spread] p1a,p1b\n|-damage|p1a: Floette|54/100\n|-damage|p1b: Sneasler|10/100\n|cant|p1b: Sneasler|flinch\n|move|p1a: Floette|Dazzling Gleam|p2a: Dragonite|[spread] p2a,p2b\n|-supereffective|p2a: Dragonite|1\n|-damage|p2a: Dragonite|0 fnt\n|-damage|p2b: Floette|47/100\n|faint|p2a: Dragonite\n|\n|upkeep\n|\n|t:|1776088548\n|switch|p2a: Sylveon|Sylveon, L50, M|100/100\n|turn|3\n|inactive|PlatSceptile has 30 seconds left.\n|inactive|PlatSceptile has 20 seconds left.\n|inactive|PlatSceptile has 15 seconds left.\n|\n|t:|1776088588\n|switch|p1b: Aegislash|Aegislash, L50, F|100/100\n|move|p1a: Floette|Protect|p1a: Floette\n|-singleturn|p1a: Floette|Protect\n|move|p2a: Sylveon|Hyper Voice|p1b: Aegislash|[spread] p1b\n|-activate|p1a: Floette|move: Protect\n|-resisted|p1b: Aegislash|1\n|-damage|p1b: Aegislash|82/100\n|move|p2b: Floette|Moonblast|p1a: Floette\n|-activate|p1a: Floette|move: Protect\n|\n|upkeep\n|turn|4\n|inactive|PlatSceptile has 30 seconds left.\n|inactive|PlatSceptile has 20 seconds left.\n|inactive|PlatSceptile has 15 seconds left.\n|\n|t:|1776088629\n|switch|p1a: Talonflame|Talonflame, L50, F|100/100\n|move|p2a: Sylveon|Hyper Voice|p1a: Talonflame|[spread] p1a,p1b\n|-resisted|p1a: Talonflame|1\n|-resisted|p1b: Aegislash|1\n|-damage|p1a: Talonflame|58/100\n|-damage|p1b: Aegislash|63/100\n|move|p2b: Floette|Moonblast|p1a: Talonflame\n|-resisted|p1a: Talonflame|1\n|-damage|p1a: Talonflame|0 fnt\n|faint|p1a: Talonflame\n|-formechange|p1b: Aegislash|Aegislash-Blade|\n|move|p1b: Aegislash|Iron Head|p2b: Floette\n|-supereffective|p2b: Floette|1\n|-crit|p2b: Floette\n|-damage|p2b: Floette|0 fnt\n|faint|p2b: Floette\n|\n|-sideend|p2: MoonPersonMan|move: Tailwind\n|upkeep\n|\n|t:|1776088644\n|switch|p1a: Sneasler|Sneasler, L50, M|10/100\n|switch|p2b: Incineroar|Incineroar, L50, M|100/100\n|-ability|p2b: Incineroar|Intimidate|boost\n|-unboost|p1a: Sneasler|atk|1\n|-unboost|p1b: Aegislash|atk|1\n|-enditem|p1a: Sneasler|White Herb\n|-clearnegativeboost|p1a: Sneasler|[silent]\n|turn|5\n|\n|t:|1776088661\n|move|p1a: Sneasler|Protect|p1a: Sneasler\n|-singleturn|p1a: Sneasler|Protect\n|-formechange|p1b: Aegislash|Aegislash|\n|move|p1b: Aegislash|King's Shield|p1b: Aegislash\n|-singleturn|p1b: Aegislash|Protect\n|move|p2b: Incineroar|Fake Out|p1a: Sneasler\n|-activate|p1a: Sneasler|move: Protect\n|move|p2a: Sylveon|Hyper Voice|p1b: Aegislash|[spread] \n|-activate|p1a: Sneasler|move: Protect\n|-activate|p1b: Aegislash|move: Protect\n|\n|upkeep\n|turn|6\n|inactive|PlatSceptile has 30 seconds left.\n|\n|t:|1776088694\n|-formechange|p1b: Aegislash|Aegislash-Blade|\n|move|p1b: Aegislash|Shadow Sneak|p2a: Sylveon\n|-damage|p2a: Sylveon|74/100\n|move|p1a: Sneasler|Dire Claw|p2a: Sylveon\n|-supereffective|p2a: Sylveon|1\n|-damage|p2a: Sylveon|0 fnt\n|faint|p2a: Sylveon\n|move|p2b: Incineroar|Flare Blitz|p1b: Aegislash\n|-supereffective|p1b: Aegislash|1\n|-damage|p1b: Aegislash|0 fnt\n|faint|p1b: Aegislash\n|-damage|p2b: Incineroar|84/100|[from] Recoil\n|\n|upkeep\n|\n|t:|1776088705\n|switch|p1b: Floette|Floette-Mega, L50, F|54/100\n|-ability|p1b: Floette|Fairy Aura\n|turn|7\n|-message|MoonPersonMan forfeited.\n|\n|win|PlatSceptile\n|raw|PlatSceptile's rating: 1105 &rarr; <strong>1132</strong><br />(+27 for winning)\n|raw|MoonPersonMan's rating: 1131 &rarr; <strong>1104</strong><br />(-27 for losing)\n|l|\u2606MoonPersonMan\n|player|p2|\n",
  "uploadtime": 1776088799,
  "views": 18,
  "formatid": "gen9championsvgc2026regma",
  "rating": 1104,
  "private": 0,
  "password": null
}