{
  "id": "gen9championsvgc2026regma-2583953818",
  "format": "[Gen 9 Champions] VGC 2026 Reg M-A",
  "players": [
    "dinodex_3",
    "Drftskull"
  ],
  "log": "|j|\u2606dinodex_3\n|j|\u2606Drftskull\n|t:|1776211382\n|gametype|doubles\n|player|p1|dinodex_3|blue|1022\n|player|p2|Drftskull|colress|1015\n|gen|9\n|tier|[Gen 9 Champions] VGC 2026 Reg M-A\n|rated|\n|rule|Species Clause: Limit one of each Pok\u00e9mon\n|rule|Item Clause: Limit 1 of each item\n|clearpoke\n|poke|p1|Slowbro, L50, M|\n|poke|p1|Sinistcha, L50|\n|poke|p1|Incineroar, L50, M|\n|poke|p1|Aerodactyl, L50, F|\n|poke|p1|Aegislash, L50, F|\n|poke|p1|Garchomp, L50, M|\n|poke|p2|Meganium, L50, M|\n|poke|p2|Aerodactyl, L50, F|\n|poke|p2|Tauros-Paldea-Aqua, L50, M|\n|poke|p2|Archaludon, L50, F|\n|poke|p2|Typhlosion-Hisui, L50, M|\n|poke|p2|Kangaskhan, L50, F|\n|teampreview|4\n|inactive|Battle timer is ON: inactive players will automatically lose when time's up. (requested by Drftskull)\n|\n|t:|1776211413\n|teamsize|p1|4\n|teamsize|p2|4\n|start\n|switch|p1a: Slowbro|Slowbro, L50, M|100/100\n|switch|p1b: Sinistcha|Sinistcha, L50|100/100\n|switch|p2a: Meganium|Meganium, L50, M|100/100\n|switch|p2b: Aerodactyl|Aerodactyl, L50, F|100/100\n|-ability|p2b: Aerodactyl|Unnerve\n|turn|1\n|inactive|dinodex_3 has 30 seconds left.\n|inactive|dinodex_3 has 20 seconds left.\n|\n|t:|1776211449\n|switch|p1a: Incineroar|Incineroar, L50, M|100/100\n|-ability|p1a: Incineroar|Intimidate|boost\n|-unboost|p2a: Meganium|atk|1\n|-unboost|p2b: Aerodactyl|atk|1\n|detailschange|p2a: Meganium|Meganium-Mega, L50, M\n|-mega|p2a: Meganium|Meganium|Meganiumite\n|move|p2b: Aerodactyl|Tailwind|p2b: Aerodactyl\n|-sidestart|p2: Drftskull|move: Tailwind\n|move|p2a: Meganium|Dazzling Gleam|p1a: Incineroar|[spread] p1a,p1b\n|-damage|p1a: Incineroar|72/100\n|-damage|p1b: Sinistcha|68/100\n|move|p1b: Sinistcha|Trick Room|p1b: Sinistcha\n|-fieldstart|move: Trick Room|[of] p1b: Sinistcha\n|\n|upkeep\n|turn|2\n|inactive|dinodex_3 has 30 seconds left.\n|inactive|Drftskull has 30 seconds left.\n|\n|t:|1776211484\n|switch|p1b: Slowbro|Slowbro, L50, M|100/100\n|move|p1a: Incineroar|Snarl|p2b: Aerodactyl|[spread] p2a\n|-miss|p1a: Incineroar|p2b: Aerodactyl\n|-resisted|p2a: Meganium|1\n|-damage|p2a: Meganium|96/100\n|-unboost|p2a: Meganium|spa|1\n|move|p2a: Meganium|Weather Ball|p1b: Slowbro\n|-resisted|p1b: Slowbro|1\n|-damage|p1b: Slowbro|83/100\n|move|p2b: Aerodactyl|Rock Slide|p1a: Incineroar|[spread] p1b\n|-miss|p2b: Aerodactyl|p1a: Incineroar\n|-damage|p1b: Slowbro|69/100\n|\n|upkeep\n|turn|3\n|inactive|dinodex_3 has 30 seconds left.\n|\n|t:|1776211511\n|detailschange|p1b: Slowbro|Slowbro-Mega, L50, M\n|-mega|p1b: Slowbro|Slowbro|Slowbronite\n|move|p1b: Slowbro|Scald|p2b: Aerodactyl\n|-supereffective|p2b: Aerodactyl|1\n|-enditem|p2b: Aerodactyl|Focus Sash\n|-damage|p2b: Aerodactyl|1/100\n|move|p1a: Incineroar|Flare Blitz|p2a: Meganium\n|-supereffective|p2a: Meganium|1\n|-damage|p2a: Meganium|10/100\n|-damage|p1a: Incineroar|46/100|[from] Recoil\n|move|p2a: Meganium|Solar Beam||[still]\n|-prepare|p2a: Meganium|Solar Beam\n|-activate|p2a: Meganium|ability: Mega Sol\n|-anim|p2a: Meganium|Solar Beam|p1b: Slowbro\n|-supereffective|p1b: Slowbro|1\n|-damage|p1b: Slowbro|0 fnt\n|faint|p1b: Slowbro\n|move|p2b: Aerodactyl|Rock Slide|p1a: Incineroar\n|-supereffective|p1a: Incineroar|1\n|-damage|p1a: Incineroar|7/100\n|\n|upkeep\n|inactive|dinodex_3 has 30 seconds left.\n|\n|t:|1776211537\n|switch|p1b: Aegislash|Aegislash, L50, F|100/100\n|turn|4\n|\n|t:|1776211549\n|move|p2a: Meganium|Protect|p2a: Meganium\n|-singleturn|p2a: Meganium|Protect\n|move|p2b: Aerodactyl|Protect|p2b: Aerodactyl\n|-singleturn|p2b: Aerodactyl|Protect\n|-formechange|p1b: Aegislash|Aegislash-Blade|\n|move|p1b: Aegislash|Shadow Ball|p2a: Meganium\n|-activate|p2a: Meganium|move: Protect\n|move|p1a: Incineroar|Snarl|p2a: Meganium|[spread] \n|-activate|p2a: Meganium|move: Protect\n|-activate|p2b: Aerodactyl|move: Protect\n|\n|-sideend|p2: Drftskull|move: Tailwind\n|upkeep\n|turn|5\n|inactive|dinodex_3 has 30 seconds left.\n|\n|t:|1776211579\n|switch|p2a: Tauros|Tauros-Paldea-Aqua, L50, M|100/100\n|-ability|p2a: Tauros|Intimidate|boost\n|-unboost|p1a: Incineroar|atk|1\n|-unboost|p1b: Aegislash|atk|1\n|switch|p2b: Archaludon|Archaludon, L50, F|100/100\n|move|p1b: Aegislash|Shadow Ball|p2a: Tauros\n|-damage|p2a: Tauros|43/100\n|move|p1a: Incineroar|Parting Shot|p2b: Archaludon\n|-unboost|p2b: Archaludon|atk|1\n|-unboost|p2b: Archaludon|spa|1\n|\n|t:|1776211591\n|switch|p1a: Sinistcha|Sinistcha, L50|68/100|[from] Parting Shot\n|\n|-fieldend|move: Trick Room\n|upkeep\n|turn|6\n|\n|t:|1776211608\n|switch|p1b: Incineroar|Incineroar, L50, M|7/100\n|-ability|p1b: Incineroar|Intimidate|boost\n|-unboost|p2a: Tauros|atk|1\n|-unboost|p2b: Archaludon|atk|1\n|-enditem|p2a: Tauros|White Herb\n|-clearnegativeboost|p2a: Tauros|[silent]\n|move|p2b: Archaludon|Protect|p2b: Archaludon\n|-singleturn|p2b: Archaludon|Protect\n|move|p2a: Tauros|Wave Crash|p1b: Incineroar\n|-supereffective|p1b: Incineroar|1\n|-damage|p1b: Incineroar|0 fnt\n|faint|p1b: Incineroar\n|-damage|p2a: Tauros|41/100|[from] Recoil\n|move|p1a: Sinistcha|Trick Room|p1a: Sinistcha\n|-fieldstart|move: Trick Room|[of] p1a: Sinistcha\n|\n|upkeep\n|\n|t:|1776211621\n|switch|p1b: Aegislash|Aegislash, L50, F|100/100\n|turn|7\n|\n|t:|1776211629\n|move|p2a: Tauros|Aqua Jet|p1b: Aegislash\n|-damage|p1b: Aegislash|85/100\n|-formechange|p1b: Aegislash|Aegislash-Blade|\n|move|p1b: Aegislash|Shadow Ball|p2b: Archaludon\n|-damage|p2b: Archaludon|46/100\n|move|p1a: Sinistcha|Matcha Gotcha|p2a: Tauros|[spread] p2a,p2b\n|-supereffective|p2a: Tauros|1\n|-resisted|p2b: Archaludon|2\n|-damage|p2a: Tauros|0 fnt\n|-heal|p1a: Sinistcha|86/100|[from] drain|[of] p2a: Tauros\n|-damage|p2b: Archaludon|36/100\n|-heal|p1a: Sinistcha|91/100|[from] drain|[of] p2b: Archaludon\n|faint|p2a: Tauros\n|move|p2b: Archaludon|Steel Beam|p1a: Sinistcha\n|-damage|p1a: Sinistcha|44/100\n|-damage|p2b: Archaludon|0 fnt|[from] steelbeam\n|faint|p2b: Archaludon\n|-enditem|p1a: Sinistcha|Sitrus Berry|[eat]\n|-heal|p1a: Sinistcha|69/100|[from] item: Sitrus Berry\n|\n|upkeep\n|\n|t:|1776211637\n|switch|p2b: Aerodactyl|Aerodactyl, L50, F|1/100\n|switch|p2a: Meganium|Meganium-Mega, L50, M|10/100\n|-ability|p2b: Aerodactyl|Unnerve\n|turn|8\n|\n|t:|1776211659\n|-formechange|p1b: Aegislash|Aegislash|\n|move|p1b: Aegislash|King's Shield|p1b: Aegislash\n|-singleturn|p1b: Aegislash|Protect\n|move|p2b: Aerodactyl|Protect|p2b: Aerodactyl\n|-singleturn|p2b: Aerodactyl|Protect\n|move|p1a: Sinistcha|Matcha Gotcha|p2b: Aerodactyl|[spread] p2a\n|-activate|p2b: Aerodactyl|move: Protect\n|-resisted|p2a: Meganium|1\n|-damage|p2a: Meganium|0 fnt\n|-heal|p1a: Sinistcha|74/100|[from] drain|[of] p2a: Meganium\n|faint|p2a: Meganium\n|\n|upkeep\n|turn|9\n|-message|Drftskull forfeited.\n|\n|win|dinodex_3\n|raw|dinodex_3's rating: 1022 &rarr; <strong>1058</strong><br />(+36 for winning)\n|raw|Drftskull's rating: 1015 &rarr; <strong>1003</strong><br />(-12 for losing)\n|l|\u2606Drftskull\n|player|p2|\n",
  "uploadtime": 1776211676,
  "views": 13,
  "formatid": "gen9championsvgc2026regma",
  "rating": 1003,
  "private": 0,
  "password": null
}