{
  "id": "gen9championsvgc2026regma-2588574089",
  "format": "[Gen 9 Champions] VGC 2026 Reg M-A",
  "players": [
    "OnToTheOther",
    "I am Gojo Satoru"
  ],
  "log": "|j|\u2606OnToTheOther\n|j|\u2606I am Gojo Satoru\n|t:|1776646371\n|gametype|doubles\n|player|p1|OnToTheOther|biker-gen4|1077\n|player|p2|I am Gojo Satoru|169|1047\n|gen|9\n|tier|[Gen 9 Champions] VGC 2026 Reg M-A\n|rated|\n|rule|Species Clause: Limit one of each Pok\u00e9mon\n|rule|Item Clause: Limit 1 of each item\n|clearpoke\n|poke|p1|Altaria, L50, F|\n|poke|p1|Alcremie, L50, F|\n|poke|p1|Lycanroc-Dusk, L50, M|\n|poke|p1|Volcarona, L50, F|\n|poke|p1|Milotic, L50, F|\n|poke|p1|Sneasler, L50, M|\n|poke|p2|Pelipper, L50, M|\n|poke|p2|Basculegion-F, L50, F|\n|poke|p2|Starmie, L50|\n|poke|p2|Archaludon, L50, M|\n|poke|p2|Sneasler, L50, F|\n|poke|p2|Scizor, L50, F|\n|teampreview|4\nOnToTheOther rejected open team sheets.\n|inactive|Battle timer is ON: inactive players will automatically lose when time's up. (requested by OnToTheOther)\n|inactive|OnToTheOther has 60 seconds left.\n|\n|t:|1776646436\n|teamsize|p1|4\n|teamsize|p2|4\n|start\n|switch|p1a: Altaria|Altaria, L50, F|100/100\n|switch|p1b: Alcremie|Alcremie, L50, F|100/100\n|switch|p2a: Pelipper|Pelipper, L50, M|100/100\n|switch|p2b: Basculegion|Basculegion-F, L50, F|100/100\n|-weather|RainDance|[from] ability: Drizzle|[of] p2a: Pelipper\n|-ability|p1a: Altaria|Cloud Nine\n|turn|1\n|\n|t:|1776646457\n|move|p2b: Basculegion|Ice Beam|p1a: Altaria\n|-supereffective|p1a: Altaria|2\n|-damage|p1a: Altaria|8/100\n|move|p2a: Pelipper|Tailwind|p2a: Pelipper\n|-sidestart|p2: I am Gojo Satoru|move: Tailwind\n|move|p1b: Alcremie|Light Screen|p1b: Alcremie\n|-sidestart|p1: OnToTheOther|move: Light Screen\n|move|p1a: Altaria|Cotton Guard|p1a: Altaria\n|-boost|p1a: Altaria|def|3\n|\n|-weather|RainDance|[upkeep]\n|upkeep\n|turn|2\n|inactive|OnToTheOther has 30 seconds left.\n|\n|t:|1776646491\n|switch|p1a: Volcarona|Volcarona, L50, F|100/100\n|move|p2b: Basculegion|Flip Turn|p1a: Volcarona\n|-supereffective|p1a: Volcarona|1\n|-damage|p1a: Volcarona|19/100\n|-status|p2b: Basculegion|brn|[from] ability: Flame Body|[of] p1a: Volcarona\n|\n|t:|1776646493\n|switch|p2b: Archaludon|Archaludon, L50, M|100/100|[from] Flip Turn\n|move|p2a: Pelipper|Hurricane|p1b: Alcremie\n|-damage|p1b: Alcremie|73/100\n|-start|p1b: Alcremie|confusion\n|-activate|p1b: Alcremie|confusion\n|-damage|p1b: Alcremie|67/100|[from] confusion\n|\n|-weather|RainDance|[upkeep]\n|upkeep\n|turn|3\n|inactive|OnToTheOther has 30 seconds left.\n|\n|t:|1776646521\n|move|p1a: Volcarona|Protect|p1a: Volcarona\n|-singleturn|p1a: Volcarona|Protect\n|move|p2a: Pelipper|Hurricane|p1a: Volcarona\n|-activate|p1a: Volcarona|move: Protect\n|move|p2b: Archaludon|Electro Shot||[still]\n|-prepare|p2b: Archaludon|Electro Shot\n|-boost|p2b: Archaludon|spa|1\n|-anim|p2b: Archaludon|Electro Shot|p1b: Alcremie\n|-damage|p1b: Alcremie|31/100\n|-enditem|p1b: Alcremie|Sitrus Berry|[eat]\n|-heal|p1b: Alcremie|56/100|[from] item: Sitrus Berry\n|-activate|p1b: Alcremie|confusion\n|-damage|p1b: Alcremie|50/100|[from] confusion\n|\n|-weather|RainDance|[upkeep]\n|upkeep\n|turn|4\n|c|\u2606OnToTheOther|wow\n|inactive|OnToTheOther has 30 seconds left.\n|inactive|OnToTheOther has 20 seconds left.\n|\n|t:|1776646557\n|switch|p1a: Milotic|Milotic, L50, F|100/100\n|move|p2a: Pelipper|Hurricane|p1a: Milotic\n|-damage|p1a: Milotic|80/100\n|move|p2b: Archaludon|Flash Cannon|p1b: Alcremie\n|-supereffective|p1b: Alcremie|1\n|-damage|p1b: Alcremie|0 fnt\n|faint|p1b: Alcremie\n|\n|-weather|RainDance|[upkeep]\n|-heal|p1a: Milotic|86/100|[from] item: Leftovers\n|-sideend|p2: I am Gojo Satoru|move: Tailwind\n|upkeep\n|\n|t:|1776646569\n|switch|p1b: Volcarona|Volcarona, L50, F|19/100\n|turn|5\n|\n|t:|1776646579\n|move|p1b: Volcarona|Protect|p1b: Volcarona\n|-singleturn|p1b: Volcarona|Protect\n|move|p1a: Milotic|Protect|p1a: Milotic\n|-singleturn|p1a: Milotic|Protect\n|move|p2a: Pelipper|Hurricane|p1b: Volcarona\n|-activate|p1b: Volcarona|move: Protect\n|move|p2b: Archaludon|Electro Shot||[still]\n|-prepare|p2b: Archaludon|Electro Shot\n|-boost|p2b: Archaludon|spa|1\n|-anim|p2b: Archaludon|Electro Shot|p1a: Milotic\n|-activate|p1a: Milotic|move: Protect\n|\n|-weather|none\n|-heal|p1a: Milotic|92/100|[from] item: Leftovers\n|-sideend|p1: OnToTheOther|move: Light Screen\n|upkeep\n|turn|6\n|l|\u2606I am Gojo Satoru\n|inactive|I am Gojo Satoru disconnected and has a minute to reconnect!\n|player|p2|\n|inactive|I am Gojo Satoru has 30 seconds left.\n|inactive|I am Gojo Satoru has 20 seconds left.\n|inactive|I am Gojo Satoru has 15 seconds left.\n|inactive|I am Gojo Satoru has 10 seconds left.\n|j|\u2606I am Gojo Satoru\n|inactive|I am Gojo Satoru reconnected and has 10 seconds left.\n|player|p2|I am Gojo Satoru|169|\n|inactive|I am Gojo Satoru has 5 seconds left.\n|\n|t:|1776646635\n|move|p2a: Pelipper|Hurricane|p1a: Milotic\n|-damage|p1a: Milotic|62/100\n|move|p1b: Volcarona|Heat Wave|p2b: Archaludon|[spread] p2a,p2b\n|-resisted|p2a: Pelipper|1\n|-damage|p2a: Pelipper|63/100\n|-damage|p2b: Archaludon|56/100\n|-ability|p2b: Archaludon|Stamina|boost\n|-boost|p2b: Archaludon|def|1\n|move|p2b: Archaludon|Dragon Pulse|p1a: Milotic\n|-damage|p1a: Milotic|7/100\n|move|p1a: Milotic|Ice Beam|p2a: Pelipper\n|-damage|p2a: Pelipper|14/100\n|\n|-heal|p2b: Archaludon|62/100|[from] item: Leftovers\n|-heal|p1a: Milotic|13/100|[from] item: Leftovers\n|upkeep\n|turn|7\n|\n|t:|1776646653\n|switch|p2a: Basculegion|Basculegion-F, L50, F|100/100 brn\n|move|p1a: Milotic|Protect|p1a: Milotic\n|-singleturn|p1a: Milotic|Protect\n|move|p1b: Volcarona|Heat Wave|p2a: Basculegion|[spread] p2a\n|-miss|p1b: Volcarona|p2b: Archaludon\n|-resisted|p2a: Basculegion|1\n|-damage|p2a: Basculegion|75/100 brn\n|move|p2b: Archaludon|Dragon Pulse|p1b: Volcarona\n|-damage|p1b: Volcarona|0 fnt\n|faint|p1b: Volcarona\n|\n|-heal|p2b: Archaludon|69/100|[from] item: Leftovers\n|-heal|p1a: Milotic|19/100|[from] item: Leftovers\n|-damage|p2a: Basculegion|69/100 brn|[from] brn\n|upkeep\n|\n|t:|1776646660\n|switch|p1b: Altaria|Altaria, L50, F|8/100\n|-ability|p1b: Altaria|Cloud Nine\n|turn|8\n|-message|OnToTheOther forfeited.\n|\n|win|I am Gojo Satoru\n|raw|OnToTheOther's rating: 1077 &rarr; <strong>1054</strong><br />(-23 for losing)\n|raw|I am Gojo Satoru's rating: 1047 &rarr; <strong>1083</strong><br />(+36 for winning)\n|l|\u2606OnToTheOther\n|player|p1|\n|l|\u2606I am Gojo Satoru\n|player|p2|\n|j|\u2606I am Gojo Satoru\n|player|p2|I am Gojo Satoru|169|\n",
  "uploadtime": 1776646724,
  "views": 7,
  "formatid": "gen9championsvgc2026regma",
  "rating": 1054,
  "private": 0,
  "password": null
}