{
  "id": "gen9championsvgc2026regma-2580899166",
  "format": "[Gen 9 Champions] VGC 2026 Reg M-A",
  "players": [
    "sixthsavior",
    "Arnauthr"
  ],
  "log": "|j|\u2606sixthsavior\n|j|\u2606Arnauthr\n|t:|1775941626\n|gametype|doubles\n|player|p1|sixthsavior|1|1025\n|player|p2|Arnauthr|red|1024\n|gen|9\n|tier|[Gen 9 Champions] VGC 2026 Reg M-A\n|rated|\n|rule|Species Clause: Limit one of each Pok\u00e9mon\n|rule|Item Clause: Limit 1 of each item\n|clearpoke\n|poke|p1|Audino, L50, F|\n|poke|p1|Sinistcha-Masterpiece, L50|\n|poke|p1|Slowking-Galar, L50, M|\n|poke|p1|Toxapex, L50, F|\n|poke|p1|Goodra, L50, F|\n|poke|p1|Venusaur, L50, M|\n|poke|p2|Floette-Eternal, L50, F|\n|poke|p2|Whimsicott, L50, M|\n|poke|p2|Incineroar, L50, F|\n|poke|p2|Garchomp, L50, M|\n|poke|p2|Sneasler, L50, M|\n|poke|p2|Kingambit, L50, M|\n|teampreview|4\n|inactive|Battle timer is ON: inactive players will automatically lose when time's up. (requested by Arnauthr)\n|inactive|sixthsavior has 60 seconds left.\n|inactive|Arnauthr has 60 seconds left.\n|\n|t:|1775941676\n|teamsize|p1|4\n|teamsize|p2|4\n|start\n|switch|p1a: Sinistcha|Sinistcha-Masterpiece, L50|100/100\n|switch|p1b: Toxapex|Toxapex, L50, F|100/100\n|switch|p2a: Floette|Floette-Eternal, L50, F|100/100\n|switch|p2b: Whimsicott|Whimsicott, L50, M|100/100\n|turn|1\n|inactive|Arnauthr has 30 seconds left.\n|inactive|Arnauthr has 20 seconds left.\n|inactive|Arnauthr has 15 seconds left.\n|inactive|Arnauthr has 10 seconds left.\n|inactive|Arnauthr has 5 seconds left.\n|\n|t:|1775941731\n|move|p2b: Whimsicott|Tailwind|p2b: Whimsicott\n|-sidestart|p2: Arnauthr|move: Tailwind\n|move|p2a: Floette|Calm Mind|p2a: Floette\n|-boost|p2a: Floette|spa|1\n|-boost|p2a: Floette|spd|1\n|move|p1a: Sinistcha|Life Dew||[still]|[still]|[spread] \n|-fail|p1a: Sinistcha|heal\n|-fail|p1b: Toxapex|heal\n|move|p1b: Toxapex|Infestation|p2a: Floette\n|-resisted|p2a: Floette|1\n|-damage|p2a: Floette|99/100\n|-activate|p2a: Floette|move: Infestation|[of] p1b: Toxapex\n|\n|-damage|p2a: Floette|88/100|[from] move: Infestation|[partiallytrapped]\n|upkeep\n|turn|2\n|inactive|Arnauthr has 30 seconds left.\n|inactive|Arnauthr has 20 seconds left.\n|inactive|Arnauthr has 15 seconds left.\n|\n|t:|1775941776\n|move|p2b: Whimsicott|Encore|p1b: Toxapex\n|-start|p1b: Toxapex|Encore\n|move|p2a: Floette|Dazzling Gleam|p1a: Sinistcha|[spread] p1a,p1b\n|-resisted|p1b: Toxapex|1\n|-damage|p1a: Sinistcha|55/100\n|-damage|p1b: Toxapex|78/100\n|move|p1a: Sinistcha|Life Dew|p1a: Sinistcha|[spread] p1a,p1b\n|-heal|p1a: Sinistcha|80/100\n|-heal|p1b: Toxapex|100/100\n|move|p1b: Toxapex|Infestation|p2a: Floette\n|-resisted|p2a: Floette|1\n|-damage|p2a: Floette|87/100\n|\n|-heal|p1a: Sinistcha|86/100|[from] item: Leftovers\n|-damage|p2a: Floette|75/100|[from] move: Infestation|[partiallytrapped]\n|upkeep\n|turn|3\n|\n|t:|1775941798\n|switch|p1a: Venusaur|Venusaur, L50, M|100/100\n|switch|p1b: Audino|Audino, L50, F|100/100\n|move|p2b: Whimsicott|Encore||[still]\n|-fail|p2b: Whimsicott\n|move|p2a: Floette|Calm Mind|p2a: Floette\n|-boost|p2a: Floette|spa|1\n|-boost|p2a: Floette|spd|1\n|\n|-end|p2a: Floette|Infestation|[partiallytrapped]|[silent]\n|upkeep\n|turn|4\n|inactive|Arnauthr has 30 seconds left.\n|\n|t:|1775941828\n|detailschange|p2a: Floette|Floette-Mega, L50, F\n|-mega|p2a: Floette|Floette|Floettite\n|-ability|p2a: Floette|Fairy Aura\n|detailschange|p1b: Audino|Audino-Mega, L50, F\n|-mega|p1b: Audino|Audino|Audinite\n|move|p2b: Whimsicott|Moonblast|p1a: Venusaur\n|-resisted|p1a: Venusaur|1\n|-damage|p1a: Venusaur|84/100\n|move|p2a: Floette|Moonblast|p1a: Venusaur\n|-resisted|p1a: Venusaur|1\n|-damage|p1a: Venusaur|31/100\n|move|p1a: Venusaur|Toxic|p2a: Floette\n|-status|p2a: Floette|tox\n|move|p1b: Audino|Light Screen|p1b: Audino\n|-sidestart|p1: sixthsavior|move: Light Screen\n|\n|-damage|p2a: Floette|69/100 tox|[from] psn\n|-sideend|p2: Arnauthr|move: Tailwind\n|upkeep\n|turn|5\n|\n|t:|1775941848\n|move|p1a: Venusaur|Protect|p1a: Venusaur\n|-singleturn|p1a: Venusaur|Protect\n|move|p2b: Whimsicott|Encore|p1b: Audino\n|-start|p1b: Audino|Encore\n|move|p2a: Floette|Dazzling Gleam|p1a: Venusaur|[spread] p1b\n|-activate|p1a: Venusaur|move: Protect\n|-damage|p1b: Audino|65/100\n|move|p1b: Audino|Light Screen||[still]\n|-fail|p1b: Audino\n|\n|-damage|p2a: Floette|57/100 tox|[from] psn\n|upkeep\n|turn|6\n|\n|t:|1775941865\n|switch|p1a: Sinistcha|Sinistcha-Masterpiece, L50|86/100\n|-heal|p1b: Audino|90/100|[from] ability: Hospitality|[of] p1a: Sinistcha\n|switch|p1b: Toxapex|Toxapex, L50, F|100/100\n|move|p2b: Whimsicott|Tailwind|p2b: Whimsicott\n|-sidestart|p2: Arnauthr|move: Tailwind\n|move|p2a: Floette|Dazzling Gleam|p1a: Sinistcha|[spread] p1a,p1b\n|-resisted|p1b: Toxapex|1\n|-damage|p1a: Sinistcha|25/100\n|-damage|p1b: Toxapex|71/100\n|\n|-heal|p1a: Sinistcha|31/100|[from] item: Leftovers\n|-damage|p2a: Floette|40/100 tox|[from] psn\n|upkeep\n|turn|7\n|\n|t:|1775941882\n|move|p1a: Sinistcha|Protect|p1a: Sinistcha\n|-singleturn|p1a: Sinistcha|Protect\n|move|p1b: Toxapex|Protect|p1b: Toxapex\n|-singleturn|p1b: Toxapex|Protect\n|move|p2b: Whimsicott|Moonblast|p1b: Toxapex\n|-activate|p1b: Toxapex|move: Protect\n|move|p2a: Floette|Dazzling Gleam|p1a: Sinistcha|[spread] \n|-activate|p1a: Sinistcha|move: Protect\n|-activate|p1b: Toxapex|move: Protect\n|\n|-heal|p1a: Sinistcha|38/100|[from] item: Leftovers\n|-damage|p2a: Floette|16/100 tox|[from] psn\n|upkeep\n|turn|8\n|inactive|sixthsavior has 30 seconds left.\n|inactive|sixthsavior has 20 seconds left.\n|\n|t:|1775941920\n|switch|p1a: Audino|Audino-Mega, L50, F|90/100\n|move|p2b: Whimsicott|Moonblast|p1b: Toxapex\n|-resisted|p1b: Toxapex|1\n|-damage|p1b: Toxapex|56/100\n|move|p2a: Floette|Dazzling Gleam|p1a: Audino|[spread] p1a,p1b\n|-resisted|p1b: Toxapex|1\n|-damage|p1a: Audino|53/100\n|-damage|p1b: Toxapex|27/100\n|move|p1b: Toxapex|Toxic|p2b: Whimsicott\n|-status|p2b: Whimsicott|tox\n|\n|-damage|p2b: Whimsicott|95/100 tox|[from] psn\n|-damage|p2a: Floette|0 fnt|[from] psn\n|faint|p2a: Floette\n|-sideend|p1: sixthsavior|move: Light Screen\n|upkeep\n|inactive|Arnauthr has 30 seconds left.\n|inactive|Arnauthr has 20 seconds left.\n|inactive|Arnauthr has 15 seconds left.\n|\n|t:|1775941961\n|switch|p2a: Garchomp|Garchomp, L50, M|100/100\n|turn|9\n|\n|t:|1775941977\n|move|p1b: Toxapex|Protect|p1b: Toxapex\n|-singleturn|p1b: Toxapex|Protect\n|move|p2b: Whimsicott|Moonblast|p1a: Audino\n|-damage|p1a: Audino|33/100\n|move|p2a: Garchomp|Earthquake|p1a: Audino|[spread] p2b,p1a\n|-activate|p1b: Toxapex|move: Protect\n|-resisted|p2b: Whimsicott|1\n|-damage|p2b: Whimsicott|60/100 tox\n|-damage|p1a: Audino|2/100\n|move|p1a: Audino|Chilling Water|p2a: Garchomp\n|-damage|p2a: Garchomp|90/100\n|-unboost|p2a: Garchomp|atk|1\n|\n|-damage|p2b: Whimsicott|48/100 tox|[from] psn\n|-sideend|p2: Arnauthr|move: Tailwind\n|upkeep\n|turn|10\n|\n|t:|1775942001\n|switch|p1a: Sinistcha|Sinistcha-Masterpiece, L50|38/100\n|-heal|p1b: Toxapex|52/100|[from] ability: Hospitality|[of] p1a: Sinistcha\n|move|p2b: Whimsicott|Tailwind|p2b: Whimsicott\n|-sidestart|p2: Arnauthr|move: Tailwind\n|move|p2a: Garchomp|Earthquake|p1b: Toxapex|[spread] p2b,p1a,p1b\n|-resisted|p2b: Whimsicott|1\n|-resisted|p1a: Sinistcha|1\n|-supereffective|p1b: Toxapex|1\n|-enditem|p1b: Toxapex|Shuca Berry|[eat]\n|-enditem|p1b: Toxapex|Shuca Berry|[weaken]\n|-damage|p2b: Whimsicott|24/100 tox\n|-damage|p1a: Sinistcha|24/100\n|-damage|p1b: Toxapex|27/100\n|move|p1b: Toxapex|Chilling Water|p2a: Garchomp\n|-damage|p2a: Garchomp|77/100\n|-unboost|p2a: Garchomp|atk|1\n|\n|-heal|p1a: Sinistcha|30/100|[from] item: Leftovers\n|-damage|p2b: Whimsicott|6/100 tox|[from] psn\n|upkeep\n|turn|11\n|inactive|Arnauthr has 30 seconds left.\n|inactive|Arnauthr has 20 seconds left.\n|\n|t:|1775942036\n|switch|p2a: Incineroar|Incineroar, L50, F|100/100\n|-ability|p2a: Incineroar|Intimidate|boost\n|-unboost|p1a: Sinistcha|atk|1\n|-unboost|p1b: Toxapex|atk|1\n|move|p1a: Sinistcha|Protect|p1a: Sinistcha\n|-singleturn|p1a: Sinistcha|Protect\n|move|p1b: Toxapex|Protect|p1b: Toxapex\n|-singleturn|p1b: Toxapex|Protect\n|move|p2b: Whimsicott|Moonblast|p1a: Sinistcha\n|-activate|p1a: Sinistcha|move: Protect\n|\n|-heal|p1a: Sinistcha|36/100|[from] item: Leftovers\n|-damage|p2b: Whimsicott|0 fnt|[from] psn\n|faint|p2b: Whimsicott\n|upkeep\n|\n|t:|1775942043\n|switch|p2b: Garchomp|Garchomp, L50, M|77/100\n|turn|12\n|inactive|Arnauthr has 30 seconds left.\n|\n|t:|1775942072\n|switch|p1a: Audino|Audino-Mega, L50, F|2/100\n|switch|p1b: Venusaur|Venusaur, L50, M|31/100\n|move|p2b: Garchomp|Dragon Claw|p1b: Venusaur\n|-damage|p1b: Venusaur|0 fnt\n|faint|p1b: Venusaur\n|move|p2a: Incineroar|Darkest Lariat|p1a: Audino\n|-resisted|p1a: Audino|1\n|-damage|p1a: Audino|0 fnt\n|faint|p1a: Audino\n|\n|upkeep\n|\n|t:|1775942075\n|switch|p1b: Sinistcha|Sinistcha-Masterpiece, L50|36/100\n|switch|p1a: Toxapex|Toxapex, L50, F|60/100\n|-heal|p1a: Toxapex|85/100|[from] ability: Hospitality|[of] p1b: Sinistcha\n|turn|13\n|inactive|Arnauthr has 30 seconds left.\n|inactive|Arnauthr has 20 seconds left.\n|inactive|Arnauthr has 15 seconds left.\n|inactive|Arnauthr has 10 seconds left.\n|\n|t:|1775942120\n|move|p1b: Sinistcha|Protect|p1b: Sinistcha\n|-singleturn|p1b: Sinistcha|Protect\n|move|p2b: Garchomp|Dragon Claw|p1a: Toxapex\n|-damage|p1a: Toxapex|49/100\n|move|p2a: Incineroar|Darkest Lariat|p1b: Sinistcha\n|-activate|p1b: Sinistcha|move: Protect\n|move|p1a: Toxapex|Chilling Water|p2a: Incineroar\n|-supereffective|p2a: Incineroar|1\n|-damage|p2a: Incineroar|82/100\n|-unboost|p2a: Incineroar|atk|1\n|\n|-heal|p1b: Sinistcha|42/100|[from] item: Leftovers\n|-sideend|p2: Arnauthr|move: Tailwind\n|upkeep\n|turn|14\n|inactive|Arnauthr has 25 seconds left this turn.\n|inactive|Arnauthr has 20 seconds left.\n|inactive|Arnauthr has 15 seconds left.\n|\n|t:|1775942135\n|move|p2b: Garchomp|Earthquake|p1b: Sinistcha|[spread] p2a,p1a,p1b\n|-supereffective|p2a: Incineroar|1\n|-supereffective|p1a: Toxapex|1\n|-resisted|p1b: Sinistcha|1\n|-damage|p2a: Incineroar|0 fnt\n|-damage|p1a: Toxapex|0 fnt\n|-damage|p1b: Sinistcha|21/100\n|faint|p2a: Incineroar\n|faint|p1a: Toxapex\n|move|p1b: Sinistcha|Strength Sap|p2b: Garchomp\n|-unboost|p2b: Garchomp|atk|1\n|-heal|p1b: Sinistcha|100/100\n|\n|upkeep\n|turn|15\n|inactive|Arnauthr has 15 seconds left this turn.\n|inactive|Arnauthr has 10 seconds left.\n|inactive|Arnauthr has 5 seconds left.\n|\n|t:|1775942151\n|move|p2b: Garchomp|Dragon Claw|p1b: Sinistcha\n|-damage|p1b: Sinistcha|72/100\n|move|p1b: Sinistcha|Strength Sap|p2b: Garchomp\n|-unboost|p2b: Garchomp|atk|1\n|-heal|p1b: Sinistcha|100/100\n|\n|upkeep\n|turn|16\n|inactive|Arnauthr has 5 seconds left this turn.\n|-message|Arnauthr lost due to inactivity.\n|\n|win|sixthsavior\n|raw|sixthsavior's rating: 1025 &rarr; <strong>1061</strong><br />(+36 for winning)\n|raw|Arnauthr's rating: 1024 &rarr; <strong>1010</strong><br />(-14 for losing)\n|l|\u2606Arnauthr\n|player|p2|\n",
  "uploadtime": 1775942162,
  "views": 13,
  "formatid": "gen9championsvgc2026regma",
  "rating": 1010,
  "private": 0,
  "password": null
}