{
  "id": "gen9championsvgc2026regma-2586162918",
  "format": "[Gen 9 Champions] VGC 2026 Reg M-A",
  "players": [
    "Jesmert",
    "Duke Kayn"
  ],
  "log": "|j|\u2606Jesmert\n|j|\u2606Duke Kayn\n|t:|1776407003\n|gametype|doubles\n|player|p1|Jesmert|1|1016\n|player|p2|Duke Kayn|gambler|1000\n|gen|9\n|tier|[Gen 9 Champions] VGC 2026 Reg M-A\n|rated|\n|rule|Species Clause: Limit one of each Pok\u00e9mon\n|rule|Item Clause: Limit 1 of each item\n|clearpoke\n|poke|p1|Alakazam, L50, F|\n|poke|p1|Tyranitar, L50, F|\n|poke|p1|Excadrill, L50, F|\n|poke|p1|Aerodactyl, L50, M|\n|poke|p1|Sinistcha, L50|\n|poke|p1|Incineroar, L50, F|\n|poke|p2|Floette-Eternal, L50, F|\n|poke|p2|Sinistcha, L50|\n|poke|p2|Maushold-Four, L50|\n|poke|p2|Pikachu, L50, F|\n|poke|p2|Klefki, L50, F|\n|poke|p2|Glimmora, L50, F|\n|teampreview|4\n|inactive|Battle timer is ON: inactive players will automatically lose when time's up. (requested by Duke Kayn)\n|inactive|Jesmert has 60 seconds left.\n|inactive|Duke Kayn has 60 seconds left.\n|\n|t:|1776407036\n|teamsize|p1|4\n|teamsize|p2|4\n|start\n|switch|p1a: Tyranitar|Tyranitar, L50, F|100/100\n|switch|p1b: Excadrill|Excadrill, L50, F|100/100\n|switch|p2a: Maushold|Maushold-Four, L50|100/100\n|switch|p2b: Glimmora|Glimmora, L50, F|100/100\n|-weather|Sandstorm|[from] ability: Sand Stream|[of] p1a: Tyranitar\n|turn|1\n|\n|t:|1776407058\n|switch|p2b: Sinistcha|Sinistcha, L50|100/100\n|detailschange|p1a: Tyranitar|Tyranitar-Mega, L50, F\n|-mega|p1a: Tyranitar|Tyranitar|Tyranitarite\n|move|p2a: Maushold|Low Sweep|p1a: Tyranitar\n|-supereffective|p1a: Tyranitar|2\n|-damage|p1a: Tyranitar|64/100\n|-unboost|p1a: Tyranitar|spe|1\n|move|p1b: Excadrill|Iron Head|p2a: Maushold\n|-damage|p2a: Maushold|14/100\n|move|p1a: Tyranitar|Heavy Slam|p2b: Sinistcha\n|-damage|p2b: Sinistcha|61/100\n|\n|-weather|Sandstorm|[upkeep]\n|-damage|p2a: Maushold|8/100|[from] Sandstorm\n|-damage|p2b: Sinistcha|54/100|[from] Sandstorm\n|-heal|p2b: Sinistcha|61/100|[from] item: Leftovers\n|upkeep\n|turn|2\n|\n|t:|1776407078\n|move|p2a: Maushold|Low Sweep|p1b: Excadrill\n|-supereffective|p1b: Excadrill|1\n|-damage|p1b: Excadrill|61/100\n|-unboost|p1b: Excadrill|spe|1\n|move|p1b: Excadrill|Rock Slide|p2a: Maushold|[spread] p2a,p2b\n|-damage|p2a: Maushold|0 fnt\n|-damage|p2b: Sinistcha|46/100\n|faint|p2a: Maushold\n|move|p2b: Sinistcha|Matcha Gotcha|p1a: Tyranitar|[spread] p1b\n|-miss|p2b: Sinistcha|p1a: Tyranitar\n|-damage|p1b: Excadrill|19/100\n|-heal|p2b: Sinistcha|71/100|[from] drain|[of] p1b: Excadrill\n|move|p1a: Tyranitar|Knock Off|p2b: Sinistcha\n|-supereffective|p2b: Sinistcha|1\n|-damage|p2b: Sinistcha|0 fnt\n|-enditem|p2b: Sinistcha|Leftovers|[from] move: Knock Off|[of] p1a: Tyranitar\n|faint|p2b: Sinistcha\n|\n|-weather|Sandstorm|[upkeep]\n|upkeep\n|\n|t:|1776407084\n|switch|p2a: Klefki|Klefki, L50, F|100/100\n|switch|p2b: Glimmora|Glimmora, L50, F|100/100\n|turn|3\n|inactive|Jesmert has 30 seconds left.\n|inactive|Jesmert has 20 seconds left.\n|inactive|Jesmert has 15 seconds left.\n|\n|t:|1776407125\n|detailschange|p2b: Glimmora|Glimmora-Mega, L50, F\n|-mega|p2b: Glimmora|Glimmora|Glimmoranite\n|move|p2a: Klefki|Reflect|p2a: Klefki\n|-sidestart|p2: Duke Kayn|Reflect\n|move|p2b: Glimmora|Earth Power|p1b: Excadrill\n|-supereffective|p1b: Excadrill|1\n|-damage|p1b: Excadrill|0 fnt\n|faint|p1b: Excadrill\n|move|p1a: Tyranitar|Heavy Slam|p2b: Glimmora\n|-supereffective|p2b: Glimmora|1\n|-damage|p2b: Glimmora|46/100\n|\n|-weather|Sandstorm|[upkeep]\n|upkeep\n|\n|t:|1776407135\n|switch|p1b: Incineroar|Incineroar, L50, F|100/100\n|-ability|p1b: Incineroar|Intimidate|boost\n|-unboost|p2a: Klefki|atk|1\n|-unboost|p2b: Glimmora|atk|1\n|turn|4\n|\n|t:|1776407146\n|move|p2b: Glimmora|Protect|p2b: Glimmora\n|-singleturn|p2b: Glimmora|Protect\n|move|p1b: Incineroar|Fake Out|p2b: Glimmora\n|-activate|p2b: Glimmora|move: Protect\n|move|p2a: Klefki|Flash Cannon|p1a: Tyranitar\n|-supereffective|p1a: Tyranitar|1\n|-damage|p1a: Tyranitar|32/100\n|move|p1a: Tyranitar|Heavy Slam|p2b: Glimmora\n|-activate|p2b: Glimmora|move: Protect\n|\n|-weather|Sandstorm|[upkeep]\n|-damage|p1b: Incineroar|95/100|[from] Sandstorm\n|upkeep\n|turn|5\n|\n|t:|1776407163\n|move|p2b: Glimmora|Power Gem|p1b: Incineroar\n|-supereffective|p1b: Incineroar|1\n|-damage|p1b: Incineroar|0 fnt\n|faint|p1b: Incineroar\n|move|p2a: Klefki|Flash Cannon|p1a: Tyranitar\n|-supereffective|p1a: Tyranitar|1\n|-damage|p1a: Tyranitar|0 fnt\n|faint|p1a: Tyranitar\n|\n|-weather|none\n|upkeep\n|\n|t:|1776407175\n|switch|p1a: Alakazam|Alakazam, L50, F|100/100\n|turn|6\n|\n|t:|1776407183\n|move|p2b: Glimmora|Protect|p2b: Glimmora\n|-singleturn|p2b: Glimmora|Protect\n|move|p2a: Klefki|Thunder Wave|p1a: Alakazam\n|-status|p1a: Alakazam|par\n|move|p1a: Alakazam|Psychic|p2b: Glimmora\n|-activate|p2b: Glimmora|move: Protect\n|\n|upkeep\n|turn|7\n|\n|t:|1776407201\n|move|p2a: Klefki|Light Screen|p2a: Klefki\n|-sidestart|p2: Duke Kayn|move: Light Screen\n|move|p2b: Glimmora|Sludge Bomb|p1a: Alakazam\n|-damage|p1a: Alakazam|10/100 par\n|move|p1a: Alakazam|Psychic|p2b: Glimmora\n|-supereffective|p2b: Glimmora|1\n|-damage|p2b: Glimmora|0 fnt\n|faint|p2b: Glimmora\n|\n|-sideend|p2: Duke Kayn|Reflect\n|upkeep\n|turn|8\n|-message|Jesmert forfeited.\n|\n|win|Duke Kayn\n|raw|Jesmert's rating: 1016 &rarr; <strong>1003</strong><br />(-13 for losing)\n|raw|Duke Kayn's rating: 1000 &rarr; <strong>1042</strong><br />(+42 for winning)\n|l|\u2606Jesmert\n|player|p1|\n",
  "uploadtime": 1776407234,
  "views": 17,
  "formatid": "gen9championsvgc2026regma",
  "rating": 1003,
  "private": 0,
  "password": null
}