{
  "id": "gen9championsvgc2026regma-2588100392",
  "format": "[Gen 9 Champions] VGC 2026 Reg M-A",
  "players": [
    "Batman021",
    "oldarbladeborn"
  ],
  "log": "|j|\u2606Batman021\n|j|\u2606oldarbladeborn\n|t:|1776604283\n|gametype|doubles\n|player|p1|Batman021|266|1047\n|player|p2|oldarbladeborn|101|1131\n|gen|9\n|tier|[Gen 9 Champions] VGC 2026 Reg M-A\n|rated|\n|rule|Species Clause: Limit one of each Pok\u00e9mon\n|rule|Item Clause: Limit 1 of each item\n|clearpoke\n|poke|p1|Azumarill, L50, F|\n|poke|p1|Clefable, L50, F|\n|poke|p1|Sinistcha-Masterpiece, L50|\n|poke|p1|Pelipper, L50, F|\n|poke|p1|Milotic, L50, M|\n|poke|p1|Gallade, L50, M|\n|poke|p2|Charizard, L50, M|\n|poke|p2|Whimsicott, L50, F|\n|poke|p2|Sneasler, L50, M|\n|poke|p2|Garchomp, L50, F|\n|poke|p2|Gyarados, L50, F|\n|poke|p2|Gengar, L50, F|\n|teampreview|4\n|inactive|Battle timer is ON: inactive players will automatically lose when time's up. (requested by oldarbladeborn)\n|inactive|Batman021 also wants the timer to be on.\n|inactive|Batman021 has 60 seconds left.\n|inactive|oldarbladeborn has 60 seconds left.\n|inactive|oldarbladeborn has 30 seconds left.\n|\n|t:|1776604352\n|teamsize|p1|4\n|teamsize|p2|4\n|start\n|switch|p1a: Azumarill|Azumarill, L50, F|100/100\n|switch|p1b: Sinistcha|Sinistcha-Masterpiece, L50|100/100\n|switch|p2a: Whimsicott|Whimsicott, L50, F|100/100\n|switch|p2b: Gengar|Gengar, L50, F|100/100\n|turn|1\n|inactive|Batman021 has 30 seconds left.\n|inactive|oldarbladeborn has 30 seconds left.\n|inactive|Batman021 has 20 seconds left.\n|inactive|Batman021 has 15 seconds left.\n|inactive|oldarbladeborn has 20 seconds left.\n|inactive|Batman021 has 10 seconds left.\n|inactive|oldarbladeborn has 15 seconds left.\n|\n|t:|1776604399\n|switch|p1a: Milotic|Milotic, L50, M|100/100\n|move|p2b: Gengar|Sludge Bomb|p1a: Milotic\n|-crit|p1a: Milotic\n|-damage|p1a: Milotic|50/100\n|-status|p1a: Milotic|psn\n|move|p2a: Whimsicott|Moonblast|p1a: Milotic\n|-damage|p1a: Milotic|33/100 psn\n|move|p1b: Sinistcha|Trick Room|p1b: Sinistcha\n|-fieldstart|move: Trick Room|[of] p1b: Sinistcha\n|\n|-damage|p1a: Milotic|21/100 psn|[from] psn\n|upkeep\n|turn|2\n|inactive|Batman021 has 30 seconds left.\n|inactive|Batman021 has 20 seconds left.\n|\n|t:|1776604437\n|move|p2b: Gengar|Protect|p2b: Gengar\n|-singleturn|p2b: Gengar|Protect\n|move|p2a: Whimsicott|Encore|p1b: Sinistcha\n|-start|p1b: Sinistcha|Encore\n|move|p1a: Milotic|Ice Beam|p2a: Whimsicott\n|-supereffective|p2a: Whimsicott|1\n|-crit|p2a: Whimsicott\n|-damage|p2a: Whimsicott|43/100\n|move|p1b: Sinistcha|Trick Room|p1b: Sinistcha\n|-fieldend|move: Trick Room\n|\n|-damage|p1a: Milotic|8/100 psn|[from] psn\n|upkeep\n|turn|3\n|\n|t:|1776604458\n|move|p2b: Gengar|Sludge Bomb|p1b: Sinistcha\n|-damage|p1b: Sinistcha|54/100\n|move|p2a: Whimsicott|Moonblast|p1b: Sinistcha\n|-damage|p1b: Sinistcha|27/100\n|-unboost|p1b: Sinistcha|spa|1\n|move|p1a: Milotic|Ice Beam|p2a: Whimsicott\n|-supereffective|p2a: Whimsicott|1\n|-damage|p2a: Whimsicott|3/100\n|move|p1b: Sinistcha|Trick Room|p1b: Sinistcha\n|-fieldstart|move: Trick Room|[of] p1b: Sinistcha\n|\n|-damage|p1a: Milotic|0 fnt|[from] psn\n|faint|p1a: Milotic\n|upkeep\n|inactive|Batman021 has 30 seconds left.\n|\n|t:|1776604486\n|switch|p1a: Pelipper|Pelipper, L50, F|100/100\n|-weather|RainDance|[from] ability: Drizzle|[of] p1a: Pelipper\n|turn|4\n|\n|t:|1776604502\n|switch|p1b: Azumarill|Azumarill, L50, F|100/100\n|move|p2a: Whimsicott|Protect|p2a: Whimsicott\n|-singleturn|p2a: Whimsicott|Protect\n|move|p2b: Gengar|Protect|p2b: Gengar\n|-singleturn|p2b: Gengar|Protect\n|move|p1a: Pelipper|Weather Ball|p2b: Gengar\n|-activate|p2b: Gengar|move: Protect\n|\n|-weather|RainDance|[upkeep]\n|upkeep\n|turn|5\n|inactive|Batman021 has 30 seconds left.\n|inactive|oldarbladeborn has 30 seconds left.\n|inactive|oldarbladeborn has 20 seconds left.\n|\n|t:|1776604541\n|move|p1b: Azumarill|Aqua Jet|p2a: Whimsicott\n|-resisted|p2a: Whimsicott|1\n|-damage|p2a: Whimsicott|0 fnt\n|faint|p2a: Whimsicott\n|move|p1a: Pelipper|Weather Ball|p2b: Gengar\n|-damage|p2b: Gengar|22/100\n|move|p2b: Gengar|Sludge Bomb|p1b: Azumarill\n|-supereffective|p1b: Azumarill|1\n|-damage|p1b: Azumarill|19/100\n|-status|p1b: Azumarill|psn\n|-enditem|p1b: Azumarill|Sitrus Berry|[eat]\n|-heal|p1b: Azumarill|44/100 psn|[from] item: Sitrus Berry\n|\n|-weather|RainDance|[upkeep]\n|-damage|p1b: Azumarill|32/100 psn|[from] psn\n|upkeep\n|\n|t:|1776604556\n|switch|p2a: Charizard|Charizard, L50, M|100/100\n|turn|6\n|inactive|oldarbladeborn has 30 seconds left.\n|\n|t:|1776604587\n|detailschange|p2a: Charizard|Charizard-Mega-Y, L50, M\n|-mega|p2a: Charizard|Charizard|Charizardite Y\n|-weather|SunnyDay|[from] ability: Drought|[of] p2a: Charizard\n|move|p1b: Azumarill|Liquidation|p2a: Charizard\n|-supereffective|p2a: Charizard|1\n|-crit|p2a: Charizard\n|-damage|p2a: Charizard|5/100\n|move|p1a: Pelipper|Rain Dance|p1a: Pelipper\n|-weather|RainDance\n|move|p2a: Charizard|Heat Wave|p1b: Azumarill|[spread] p1a,p1b\n|-resisted|p1a: Pelipper|1\n|-resisted|p1b: Azumarill|1\n|-damage|p1a: Pelipper|89/100\n|-damage|p1b: Azumarill|21/100 psn\n|move|p2b: Gengar|Sludge Bomb|p1a: Pelipper\n|-damage|p1a: Pelipper|41/100\n|\n|-weather|RainDance|[upkeep]\n|-heal|p1a: Pelipper|47/100|[from] item: Leftovers\n|-damage|p1b: Azumarill|9/100 psn|[from] psn\n|upkeep\n|turn|7\n|inactive|Batman021 has 30 seconds left.\n|inactive|oldarbladeborn has 30 seconds left.\n|\n|t:|1776604618\n|switch|p2a: Garchomp|Garchomp, L50, F|100/100\n|move|p2b: Gengar|Protect|p2b: Gengar\n|-singleturn|p2b: Gengar|Protect\n|move|p1b: Azumarill|Liquidation|p2b: Gengar\n|-activate|p2b: Gengar|move: Protect\n|move|p1a: Pelipper|Weather Ball|p2a: Garchomp\n|-damage|p2a: Garchomp|44/100\n|\n|-weather|RainDance|[upkeep]\n|-heal|p1a: Pelipper|53/100|[from] item: Leftovers\n|-damage|p1b: Azumarill|0 fnt|[from] psn\n|faint|p1b: Azumarill\n|-fieldend|move: Trick Room\n|upkeep\n|\n|t:|1776604635\n|switch|p1b: Sinistcha|Sinistcha-Masterpiece, L50|27/100\n|-heal|p1a: Pelipper|78/100|[from] ability: Hospitality|[of] p1b: Sinistcha\n|turn|8\n|\n|t:|1776604649\n|move|p2a: Garchomp|Dragon Claw|p1a: Pelipper\n|-damage|p1a: Pelipper|41/100\n|move|p2b: Gengar|Sludge Bomb|p1b: Sinistcha\n|-damage|p1b: Sinistcha|0 fnt\n|faint|p1b: Sinistcha\n|move|p1a: Pelipper|Tailwind|p1a: Pelipper\n|-sidestart|p1: Batman021|move: Tailwind\n|\n|-weather|RainDance|[upkeep]\n|-heal|p1a: Pelipper|47/100|[from] item: Leftovers\n|upkeep\n|turn|9\n|inactive|oldarbladeborn has 30 seconds left.\n|\n|t:|1776604678\n|move|p2b: Gengar|Protect|p2b: Gengar\n|-singleturn|p2b: Gengar|Protect\n|move|p2a: Garchomp|Dragon Claw|p1a: Pelipper\n|-damage|p1a: Pelipper|8/100\n|move|p1a: Pelipper|Weather Ball|p2a: Garchomp\n|-damage|p2a: Garchomp|0 fnt\n|faint|p2a: Garchomp\n|\n|-weather|RainDance|[upkeep]\n|-heal|p1a: Pelipper|15/100|[from] item: Leftovers\n|upkeep\n|\n|t:|1776604686\n|switch|p2a: Charizard|Charizard-Mega-Y, L50, M|5/100\n|-weather|SunnyDay|[from] ability: Drought|[of] p2a: Charizard\n|turn|10\n|\n|t:|1776604697\n|move|p2b: Gengar|Sludge Bomb|p1a: Pelipper\n|-damage|p1a: Pelipper|0 fnt\n|faint|p1a: Pelipper\n|\n|win|oldarbladeborn\n|raw|Batman021's rating: 1047 &rarr; <strong>1034</strong><br />(-13 for losing)\n|raw|oldarbladeborn's rating: 1131 &rarr; <strong>1150</strong><br />(+19 for winning)\n|l|\u2606Batman021\n|player|p1|\n",
  "uploadtime": 1776604737,
  "views": 8,
  "formatid": "gen9championsvgc2026regma",
  "rating": 1034,
  "private": 0,
  "password": null
}