{
  "id": "gen9championsvgc2026regma-2586608153",
  "format": "[Gen 9 Champions] VGC 2026 Reg M-A",
  "players": [
    "vaporbruh",
    "Soniimarx"
  ],
  "log": "|j|\u2606vaporbruh\n|j|\u2606Soniimarx\n|t:|1776446463\n|gametype|doubles\n|player|p1|vaporbruh|1|1036\n|player|p2|Soniimarx|101|1083\n|gen|9\n|tier|[Gen 9 Champions] VGC 2026 Reg M-A\n|rated|\n|rule|Species Clause: Limit one of each Pok\u00e9mon\n|rule|Item Clause: Limit 1 of each item\n|clearpoke\n|poke|p1|Empoleon, L50, M|\n|poke|p1|Tyranitar, L50, F|\n|poke|p1|Excadrill, L50, M|\n|poke|p1|Incineroar, L50, F|\n|poke|p1|Sinistcha, L50|\n|poke|p1|Scizor, L50, M|\n|poke|p2|Absol, L50, F|\n|poke|p2|Farigiraf, L50, M|\n|poke|p2|Kingambit, L50, F|\n|poke|p2|Milotic, L50, M|\n|poke|p2|Corviknight, L50, M|\n|poke|p2|Incineroar, L50, F|\n|teampreview|4\n|inactive|Battle timer is ON: inactive players will automatically lose when time's up. (requested by Soniimarx)\n|\n|t:|1776446495\n|teamsize|p1|4\n|teamsize|p2|4\n|start\n|switch|p1a: Emperor|Empoleon, L50, M, shiny|100/100\n|switch|p1b: Scizor|Scizor, L50, M|100/100\n|switch|p2a: Farigiraf|Farigiraf, L50, M|100/100\n|switch|p2b: Kingambit|Kingambit, L50, F|100/100\n|turn|1\n|inactive|vaporbruh has 30 seconds left.\n|\n|t:|1776446530\n|move|p2b: Kingambit|Protect|p2b: Kingambit\n|-singleturn|p2b: Kingambit|Protect\n|move|p1b: Scizor|Close Combat|p2b: Kingambit\n|-activate|p2b: Kingambit|move: Protect\n|move|p1a: Emperor|Ice Beam|p2a: Farigiraf\n|-damage|p2a: Farigiraf|81/100\n|-status|p2a: Farigiraf|frz\n|cant|p2a: Farigiraf|frz\n|\n|upkeep\n|turn|2\n|\n|t:|1776446551\n|switch|p2b: Corviknight|Corviknight, L50, M|100/100\n|move|p1b: Scizor|Bug Bite|p2a: Farigiraf\n|-supereffective|p2a: Farigiraf|1\n|-damage|p2a: Farigiraf|0 fnt\n|faint|p2a: Farigiraf\n|move|p1a: Emperor|Surf|p2b: Corviknight|[spread] p1b,p2b\n|-damage|p1b: Scizor|54/100\n|-damage|p2b: Corviknight|62/100\n|\n|upkeep\n|\n|t:|1776446564\n|switch|p2a: Milotic|Milotic, L50, M|100/100\n|turn|3\n|inactive|vaporbruh has 30 seconds left.\n|inactive|Soniimarx has 30 seconds left.\n|inactive|vaporbruh has 20 seconds left.\n|\n|t:|1776446602\n|move|p2a: Milotic|Ice Beam|p1a: Emperor\n|-resisted|p1a: Emperor|2\n|-crit|p1a: Emperor\n|-damage|p1a: Emperor|91/100\n|move|p1b: Scizor|Aerial Ace|p2a: Milotic\n|-damage|p2a: Milotic|63/100\n|move|p2b: Corviknight|Brave Bird|p1b: Scizor\n|-damage|p1b: Scizor|20/100\n|-damage|p2b: Corviknight|53/100|[from] Recoil\n|move|p1a: Emperor|Ice Beam|p2b: Corviknight\n|-damage|p2b: Corviknight|23/100\n|-enditem|p2b: Corviknight|Sitrus Berry|[eat]\n|-heal|p2b: Corviknight|48/100|[from] item: Sitrus Berry\n|\n|-heal|p2a: Milotic|69/100|[from] item: Leftovers\n|upkeep\n|turn|4\n|inactive|Soniimarx has 30 seconds left.\n|\n|t:|1776446631\n|move|p2a: Milotic|Scald|p1a: Emperor\n|-resisted|p1a: Emperor|1\n|-damage|p1a: Emperor|72/100\n|move|p1b: Scizor|Aerial Ace|p2b: Corviknight\n|-resisted|p2b: Corviknight|1\n|-damage|p2b: Corviknight|38/100\n|move|p2b: Corviknight|Tailwind|p2b: Corviknight\n|-sidestart|p2: Soniimarx|move: Tailwind\n|move|p1a: Emperor|Ice Beam|p2b: Corviknight\n|-damage|p2b: Corviknight|4/100\n|\n|-heal|p2a: Milotic|75/100|[from] item: Leftovers\n|upkeep\n|turn|5\n|\n|t:|1776446655\n|move|p2b: Corviknight|Protect|p2b: Corviknight\n|-singleturn|p2b: Corviknight|Protect\n|move|p1b: Scizor|Bullet Punch|p2b: Corviknight\n|-activate|p2b: Corviknight|move: Protect\n|move|p2a: Milotic|Scald|p1b: Scizor\n|-damage|p1b: Scizor|0 fnt\n|faint|p1b: Scizor\n|move|p1a: Emperor|Surf|p2b: Corviknight|[spread] p2a\n|-activate|p2b: Corviknight|move: Protect\n|-resisted|p2a: Milotic|1\n|-damage|p2a: Milotic|61/100\n|\n|-heal|p2a: Milotic|67/100|[from] item: Leftovers\n|upkeep\n|\n|t:|1776446671\n|switch|p1b: Tyranitar|Tyranitar, L50, F|100/100\n|-weather|Sandstorm|[from] ability: Sand Stream|[of] p1b: Tyranitar\n|turn|6\n|inactive|Soniimarx has 30 seconds left.\n|inactive|Soniimarx has 20 seconds left.\n|\n|t:|1776446710\n|detailschange|p1b: Tyranitar|Tyranitar-Mega, L50, F\n|-mega|p1b: Tyranitar|Tyranitar|Tyranitarite\n|move|p1b: Tyranitar|Protect|p1b: Tyranitar\n|-singleturn|p1b: Tyranitar|Protect\n|move|p2a: Milotic|Scald|p1b: Tyranitar\n|-activate|p1b: Tyranitar|move: Protect\n|move|p2b: Corviknight|Iron Head|p1b: Tyranitar\n|-activate|p1b: Tyranitar|move: Protect\n|move|p1a: Emperor|Surf|p2a: Milotic|[spread] p2a,p2b\n|-activate|p1b: Tyranitar|move: Protect\n|-resisted|p2a: Milotic|1\n|-damage|p2a: Milotic|52/100\n|-damage|p2b: Corviknight|0 fnt\n|faint|p2b: Corviknight\n|\n|-weather|Sandstorm|[upkeep]\n|-damage|p2a: Milotic|47/100|[from] Sandstorm\n|-heal|p2a: Milotic|52/100|[from] item: Leftovers\n|upkeep\n|\n|t:|1776446730\n|switch|p2b: Kingambit|Kingambit, L50, F|100/100\n|turn|7\n|inactive|vaporbruh has 30 seconds left.\n|\n|t:|1776446757\n|switch|p1a: Excadrill|Excadrill, L50, M|100/100\n|move|p2a: Milotic|Scald|p1b: Tyranitar\n|-supereffective|p1b: Tyranitar|1\n|-damage|p1b: Tyranitar|66/100\n|move|p2b: Kingambit|Iron Head|p1b: Tyranitar\n|-supereffective|p1b: Tyranitar|1\n|-damage|p1b: Tyranitar|5/100\n|move|p1b: Tyranitar|Knock Off|p2a: Milotic\n|-damage|p2a: Milotic|0 fnt\n|-enditem|p2a: Milotic|Leftovers|[from] move: Knock Off|[of] p1b: Tyranitar\n|faint|p2a: Milotic\n|\n|-weather|Sandstorm|[upkeep]\n|-sideend|p2: Soniimarx|move: Tailwind\n|upkeep\n|turn|8\n|-message|Soniimarx forfeited.\n|\n|win|vaporbruh\n|raw|vaporbruh's rating: 1036 &rarr; <strong>1075</strong><br />(+39 for winning)\n|raw|Soniimarx's rating: 1083 &rarr; <strong>1058</strong><br />(-25 for losing)\n|l|\u2606Soniimarx\n|player|p2|\n",
  "uploadtime": 1776446773,
  "views": 20,
  "formatid": "gen9championsvgc2026regma",
  "rating": 1058,
  "private": 0,
  "password": null
}