{
  "id": "gen9championsvgc2026regma-2588558311",
  "format": "[Gen 9 Champions] VGC 2026 Reg M-A",
  "players": [
    "SiberianWastes",
    "Hiiiiiiii3"
  ],
  "log": "|j|\u2606SiberianWastes\n|j|\u2606Hiiiiiiii3\n|t:|1776644833\n|gametype|doubles\n|player|p1|SiberianWastes|bugcatcher-gen4dp|1075\n|player|p2|Hiiiiiiii3|170|1026\n|gen|9\n|tier|[Gen 9 Champions] VGC 2026 Reg M-A\n|rated|\n|rule|Species Clause: Limit one of each Pok\u00e9mon\n|rule|Item Clause: Limit 1 of each item\n|clearpoke\n|poke|p1|Sandaconda, L50, M, shiny|\n|poke|p1|Tyranitar, L50, M|\n|poke|p1|Sneasler, L50, M|\n|poke|p1|Scovillain, L50, M|\n|poke|p1|Garchomp, L50, M|\n|poke|p1|Glimmora, L50, M|\n|poke|p2|Kommo-o, L50, F|\n|poke|p2|Aggron, L50, F|\n|poke|p2|Tyranitar, L50, M|\n|poke|p2|Garchomp, L50, F|\n|poke|p2|Zoroark-Hisui, L50, M|\n|poke|p2|Salazzle, L50, F|\n|teampreview|4\n|\n|t:|1776644894\n|teamsize|p1|4\n|teamsize|p2|4\n|start\n|switch|p1a: silly|Sandaconda, L50, M, shiny|100/100\n|switch|p1b: Tyranitar|Tyranitar, L50, M|100/100\n|switch|p2a: Garchomp|Garchomp, L50, F|100/100\n|switch|p2b: Salazzle|Salazzle, L50, F|100/100\n|-weather|Sandstorm|[from] ability: Sand Stream|[of] p1b: Tyranitar\n|turn|1\n|\n|t:|1776644917\n|move|p1b: Tyranitar|Protect|p1b: Tyranitar\n|-singleturn|p1b: Tyranitar|Protect\n|move|p2b: Salazzle|Will-O-Wisp|p1b: Tyranitar\n|-activate|p1b: Tyranitar|move: Protect\n|move|p2a: Garchomp|Scorching Sands|p1b: Tyranitar\n|-activate|p1b: Tyranitar|move: Protect\n|move|p1a: silly|Minimize|p1a: silly\n|-boost|p1a: silly|evasion|2\n|\n|-weather|Sandstorm|[upkeep]\n|-damage|p2b: Salazzle|94/100|[from] Sandstorm\n|upkeep\n|turn|2\n|\n|t:|1776644936\n|move|p2b: Salazzle|Will-O-Wisp|p1a: silly|[miss]\n|-miss|p2b: Salazzle|p1a: silly\n|move|p2a: Garchomp|Scorching Sands|p1b: Tyranitar\n|-supereffective|p1b: Tyranitar|1\n|-damage|p1b: Tyranitar|73/100\n|move|p1a: silly|Minimize|p1a: silly\n|-boost|p1a: silly|evasion|2\n|move|p1b: Tyranitar|Rock Slide|p2a: Garchomp|[spread] p2a,p2b\n|-resisted|p2a: Garchomp|1\n|-damage|p2a: Garchomp|86/100\n|-damage|p2b: Salazzle|31/100\n|replace|p2b: Zoroark|Zoroark-Hisui, L50, M\n|-end|p2b: Zoroark|Illusion\n|\n|-weather|Sandstorm|[upkeep]\n|-damage|p2b: Zoroark|25/100|[from] Sandstorm\n|upkeep\n|turn|3\n|\n|t:|1776644976\n|move|p1b: Tyranitar|Protect|p1b: Tyranitar\n|-singleturn|p1b: Tyranitar|Protect\n|move|p2b: Zoroark|Bitter Malice|p1a: silly\n|-damage|p1a: silly|46/100\n|-unboost|p1a: silly|atk|1\n|move|p2a: Garchomp|Scorching Sands|p1b: Tyranitar\n|-activate|p1b: Tyranitar|move: Protect\n|move|p1a: silly|Minimize|p1a: silly\n|-boost|p1a: silly|evasion|2\n|\n|-weather|Sandstorm|[upkeep]\n|-damage|p2b: Zoroark|19/100|[from] Sandstorm\n|upkeep\n|turn|4\n|\n|t:|1776644995\n|move|p2b: Zoroark|Bitter Malice|p1a: silly|[miss]\n|-miss|p2b: Zoroark|p1a: silly\n|move|p2a: Garchomp|Scorching Sands|p1a: silly\n|-damage|p1a: silly|19/100\n|move|p1a: silly|Rock Slide|p2b: Zoroark|[spread] p2a,p2b\n|-resisted|p2a: Garchomp|1\n|-damage|p2a: Garchomp|80/100\n|-damage|p2b: Zoroark|0 fnt\n|faint|p2b: Zoroark\n|move|p1b: Tyranitar|Rock Slide|p2a: Garchomp\n|-resisted|p2a: Garchomp|1\n|-damage|p2a: Garchomp|59/100\n|\n|-weather|Sandstorm|[upkeep]\n|upkeep\n|\n|t:|1776645012\n|switch|p2b: Aggron|Aggron, L50, F|100/100\n|turn|5\n|\n|t:|1776645023\n|detailschange|p2b: Aggron|Aggron-Mega, L50, F\n|-mega|p2b: Aggron|Aggron|Aggronite\n|move|p2a: Garchomp|Scorching Sands|p1a: silly\n|-damage|p1a: silly|0 fnt\n|faint|p1a: silly\n|move|p1b: Tyranitar|Low Kick|p2b: Aggron\n|-supereffective|p2b: Aggron|1\n|-damage|p2b: Aggron|64/100\n|move|p2b: Aggron|Body Press|p1b: Tyranitar\n|-supereffective|p1b: Tyranitar|2\n|-damage|p1b: Tyranitar|0 fnt\n|faint|p1b: Tyranitar\n|\n|-weather|none\n|upkeep\n|\n|t:|1776645037\n|switch|p1a: Garchomp|Garchomp, L50, M|100/100\n|switch|p1b: Sneasler|Sneasler, L50, M|100/100\n|turn|6\n|\n|t:|1776645046\n|move|p1b: Sneasler|Fake Out|p2b: Aggron\n|-resisted|p2b: Aggron|1\n|-damage|p2b: Aggron|61/100\n|-immune|p2b: Aggron\n|move|p1a: Garchomp|Dragon Claw|p2a: Garchomp|[miss]\n|-miss|p1a: Garchomp|p2a: Garchomp\n|move|p2a: Garchomp|Scorching Sands|p1b: Sneasler\n|-supereffective|p1b: Sneasler|1\n|-damage|p1b: Sneasler|42/100\n|cant|p2b: Aggron|flinch\n|\n|upkeep\n|turn|7\n|\n|t:|1776645062\n|move|p1b: Sneasler|Close Combat|p2b: Aggron\n|-supereffective|p2b: Aggron|1\n|-damage|p2b: Aggron|14/100\n|-unboost|p1b: Sneasler|def|1\n|-unboost|p1b: Sneasler|spd|1\n|move|p1a: Garchomp|Dragon Claw|p2a: Garchomp\n|-supereffective|p2a: Garchomp|1\n|-damage|p2a: Garchomp|0 fnt\n|faint|p2a: Garchomp\n|move|p2b: Aggron|Avalanche|p1a: Garchomp\n|-supereffective|p1a: Garchomp|2\n|-damage|p1a: Garchomp|18/100\n|\n|upkeep\n|\n|t:|1776645073\n|switch|p2a: Salazzle|Salazzle, L50, F|100/100\n|turn|8\n|\n|t:|1776645082\n|move|p1b: Sneasler|Protect|p1b: Sneasler\n|-singleturn|p1b: Sneasler|Protect\n|move|p2b: Aggron|Protect|p2b: Aggron\n|-singleturn|p2b: Aggron|Protect\n|move|p2a: Salazzle|Fake Out|p1b: Sneasler\n|-activate|p1b: Sneasler|move: Protect\n|move|p1a: Garchomp|Earthquake|p2b: Aggron|[spread] p2a\n|-activate|p1b: Sneasler|move: Protect\n|-activate|p2b: Aggron|move: Protect\n|-supereffective|p2a: Salazzle|2\n|-damage|p2a: Salazzle|0 fnt\n|faint|p2a: Salazzle\n|\n|upkeep\n|turn|9\n|c|\u2606SiberianWastes|XD\n|\n|t:|1776645102\n|move|p1b: Sneasler|Close Combat|p2b: Aggron\n|-supereffective|p2b: Aggron|1\n|-damage|p2b: Aggron|0 fnt\n|-unboost|p1b: Sneasler|def|1\n|-unboost|p1b: Sneasler|spd|1\n|faint|p2b: Aggron\n|\n|win|SiberianWastes\n|raw|SiberianWastes's rating: 1075 &rarr; <strong>1100</strong><br />(+25 for winning)\n|raw|Hiiiiiiii3's rating: 1026 &rarr; <strong>1014</strong><br />(-12 for losing)\n|l|\u2606Hiiiiiiii3\n|player|p2|\n",
  "uploadtime": 1776645114,
  "views": 6,
  "formatid": "gen9championsvgc2026regma",
  "rating": 1014,
  "private": 0,
  "password": null
}