{
  "id": "gen9championsvgc2026regma-2583347341",
  "format": "[Gen 9 Champions] VGC 2026 Reg M-A",
  "players": [
    "Robrun",
    "thefakephrog"
  ],
  "log": "|j|\u2606Robrun\n|j|\u2606thefakephrog\n|t:|1776168994\n|gametype|doubles\n|player|p1|Robrun|veteran|1119\n|player|p2|thefakephrog|2|1026\n|gen|9\n|tier|[Gen 9 Champions] VGC 2026 Reg M-A\n|rated|\n|rule|Species Clause: Limit one of each Pok\u00e9mon\n|rule|Item Clause: Limit 1 of each item\n|clearpoke\n|poke|p1|Whimsicott, L50, F|\n|poke|p1|Arcanine-Hisui, L50, M|\n|poke|p1|Clefable, L50, M|\n|poke|p1|Gengar, L50, F|\n|poke|p1|Meganium, L50, M|\n|poke|p1|Sharpedo, L50, F|\n|poke|p2|Gardevoir, L50, F|\n|poke|p2|Scizor, L50, M|\n|poke|p2|Whimsicott, L50, M|\n|poke|p2|Basculegion, L50, M|\n|poke|p2|Rotom-Heat, L50|\n|poke|p2|Garchomp, L50, F|\n|teampreview|4\n|inactive|Battle timer is ON: inactive players will automatically lose when time's up. (requested by Robrun)\n|\n|t:|1776169018\n|teamsize|p1|4\n|teamsize|p2|4\n|start\n|switch|p1a: Whimsicott|Whimsicott, L50, F|100/100\n|switch|p1b: Arcanine|Arcanine-Hisui, L50, M|100/100\n|switch|p2a: Garchomp|Garchomp, L50, F|100/100\n|switch|p2b: Rotom|Rotom-Heat, L50|100/100\n|-ability|p1b: Arcanine|Intimidate|boost\n|-unboost|p2a: Garchomp|atk|1\n|-unboost|p2b: Rotom|atk|1\n|turn|1\n|\n|t:|1776169033\n|move|p1a: Whimsicott|Tailwind|p1a: Whimsicott\n|-sidestart|p1: Robrun|move: Tailwind\n|move|p1b: Arcanine|Rock Slide|p2a: Garchomp|[spread] p2a,p2b\n|-resisted|p2a: Garchomp|1\n|-supereffective|p2b: Rotom|1\n|-damage|p2a: Garchomp|84/100\n|-damage|p2b: Rotom|46/100\n|move|p2a: Garchomp|Earthquake|p1b: Arcanine|[spread] p1a,p1b\n|-immune|p2b: Rotom|[from] ability: Levitate\n|-resisted|p1a: Whimsicott|1\n|-crit|p1a: Whimsicott\n|-supereffective|p1b: Arcanine|2\n|-damage|p1a: Whimsicott|57/100\n|-damage|p1b: Arcanine|0 fnt\n|faint|p1b: Arcanine\n|move|p2b: Rotom|Light Screen|p2b: Rotom\n|-sidestart|p2: thefakephrog|move: Light Screen\n|\n|-heal|p2a: Garchomp|90/100|[from] item: Leftovers\n|upkeep\n|\n|t:|1776169055\n|switch|p1b: Meganium|Meganium, L50, M|100/100\n|turn|2\n|inactive|thefakephrog has 30 seconds left.\n|\n|t:|1776169084\n|detailschange|p1b: Meganium|Meganium-Mega, L50, M\n|-mega|p1b: Meganium|Meganium|Meganiumite\n|move|p1a: Whimsicott|Moonblast|p2a: Garchomp\n|-supereffective|p2a: Garchomp|1\n|-damage|p2a: Garchomp|35/100\n|move|p1b: Meganium|Solar Beam||[still]\n|-prepare|p1b: Meganium|Solar Beam\n|-activate|p1b: Meganium|ability: Mega Sol\n|-anim|p1b: Meganium|Solar Beam|p2b: Rotom\n|-resisted|p2b: Rotom|1\n|-damage|p2b: Rotom|20/100\n|move|p2a: Garchomp|Shadow Claw|p2b: Rotom\n|-damage|p2b: Rotom|6/100\n|move|p2b: Rotom|Overheat|p1b: Meganium\n|-supereffective|p1b: Meganium|1\n|-damage|p1b: Meganium|0 fnt\n|-unboost|p2b: Rotom|spa|2\n|faint|p1b: Meganium\n|\n|-heal|p2a: Garchomp|41/100|[from] item: Leftovers\n|upkeep\n|\n|t:|1776169106\n|switch|p1b: Clefable|Clefable, L50, M|100/100\n|turn|3\n|\n|t:|1776169118\n|move|p1a: Whimsicott|Moonblast|p2a: Garchomp\n|-supereffective|p2a: Garchomp|1\n|-damage|p2a: Garchomp|0 fnt\n|faint|p2a: Garchomp\n|move|p1b: Clefable|Moonblast|p2b: Rotom\n|-resisted|p2b: Rotom|1\n|-damage|p2b: Rotom|0 fnt\n|faint|p2b: Rotom\n|\n|upkeep\n|\n|t:|1776169128\n|switch|p2a: Scizor|Scizor, L50, M|100/100\n|switch|p2b: Basculegion|Basculegion, L50, M|100/100\n|turn|4\n|\n|t:|1776169148\n|detailschange|p2a: Scizor|Scizor-Mega, L50, M\n|-mega|p2a: Scizor|Scizor|Scizorite\n|move|p1a: Whimsicott|Moonblast|p2b: Basculegion\n|-damage|p2b: Basculegion|74/100\n|move|p2b: Basculegion|Last Respects|p1b: Clefable\n|-damage|p1b: Clefable|27/100\n|-enditem|p1b: Clefable|Sitrus Berry|[eat]\n|-heal|p1b: Clefable|52/100|[from] item: Sitrus Berry\n|move|p1b: Clefable|Moonblast|p2b: Basculegion\n|-damage|p2b: Basculegion|49/100\n|move|p2a: Scizor|Dual Wingbeat|p1a: Whimsicott\n|-supereffective|p1a: Whimsicott|1\n|-damage|p1a: Whimsicott|0 fnt\n|faint|p1a: Whimsicott\n|-hitcount|p1: Whimsicott|1\n|\n|-sideend|p1: Robrun|move: Tailwind\n|upkeep\n|turn|5\n|-message|Robrun forfeited.\n|\n|win|thefakephrog\n|raw|Robrun's rating: 1119 &rarr; <strong>1087</strong><br />(-32 for losing)\n|raw|thefakephrog's rating: 1026 &rarr; <strong>1072</strong><br />(+46 for winning)\n|l|\u2606Robrun\n|player|p1|\n",
  "uploadtime": 1776169182,
  "views": 31,
  "formatid": "gen9championsvgc2026regma",
  "rating": 1072,
  "private": 0,
  "password": null
}