{
  "id": "gen9championsvgc2026regma-2588182129",
  "format": "[Gen 9 Champions] VGC 2026 Reg M-A",
  "players": [
    "wjl51",
    "xm3u4tp6"
  ],
  "log": "|j|\u2606wjl51\n|j|\u2606xm3u4tp6\n|t:|1776612199\n|gametype|doubles\n|player|p1|wjl51|101|1162\n|player|p2|xm3u4tp6|iris|1080\n|gen|9\n|tier|[Gen 9 Champions] VGC 2026 Reg M-A\n|rated|\n|rule|Species Clause: Limit one of each Pok\u00e9mon\n|rule|Item Clause: Limit 1 of each item\n|clearpoke\n|poke|p1|Floette-Eternal, L50, F|\n|poke|p1|Ariados, L50, F|\n|poke|p1|Snorlax, L50, F|\n|poke|p1|Incineroar, L50, F|\n|poke|p1|Basculegion, L50, M|\n|poke|p1|Kommo-o, L50, M|\n|poke|p2|Starmie, L50|\n|poke|p2|Sableye, L50, M|\n|poke|p2|Incineroar, L50, M|\n|poke|p2|Sinistcha, L50|\n|poke|p2|Sneasler, L50, M|\n|poke|p2|Charizard, L50, M|\n|teampreview|4\n|inactive|Battle timer is ON: inactive players will automatically lose when time's up. (requested by xm3u4tp6)\n|\n|t:|1776612233\n|teamsize|p1|4\n|teamsize|p2|4\n|start\n|switch|p1a: Incineroar|Incineroar, L50, F|100/100\n|switch|p1b: Snorlax|Snorlax, L50, F|100/100\n|switch|p2a: Starmie|Starmie, L50|100/100\n|switch|p2b: Incineroar|Incineroar, L50, M|100/100\n|-ability|p2b: Incineroar|Intimidate|boost\n|-unboost|p1a: Incineroar|atk|1\n|-unboost|p1b: Snorlax|atk|1\n|-ability|p1a: Incineroar|Intimidate|boost\n|-unboost|p2a: Starmie|atk|1\n|-unboost|p2b: Incineroar|atk|1\n|turn|1\n|inactive|wjl51 has 30 seconds left.\n|\n|t:|1776612271\n|switch|p2a: Sinistcha|Sinistcha, L50|100/100\n|move|p1a: Incineroar|Fake Out|p2a: Sinistcha\n|-immune|p2a: Sinistcha\n|move|p2b: Incineroar|Parting Shot|p1b: Snorlax\n|-unboost|p1b: Snorlax|atk|1\n|-unboost|p1b: Snorlax|spa|1\n|\n|t:|1776612280\n|switch|p2b: Starmie|Starmie, L50|100/100|[from] Parting Shot\n|move|p1b: Snorlax|Yawn|p2b: Starmie\n|-start|p2b: Starmie|move: Yawn|[of] p1b: Snorlax\n|\n|upkeep\n|turn|2\n|inactive|xm3u4tp6 has 30 seconds left.\n|inactive|wjl51 has 30 seconds left.\n|\n|t:|1776612313\n|switch|p2b: Incineroar|Incineroar, L50, M|100/100\n|-ability|p2b: Incineroar|Intimidate|boost\n|-unboost|p1a: Incineroar|atk|1\n|-unboost|p1b: Snorlax|atk|1\n|move|p2a: Sinistcha|Life Dew||[still]|[still]|[spread] \n|-fail|p2a: Sinistcha|heal\n|-fail|p2b: Incineroar|heal\n|move|p1a: Incineroar|Parting Shot|p2a: Sinistcha\n|-unboost|p2a: Sinistcha|atk|1\n|-unboost|p2a: Sinistcha|spa|1\n|\n|t:|1776612328\n|switch|p1a: Floette|Floette-Eternal, L50, F|100/100|[from] Parting Shot\n|move|p1b: Snorlax|Yawn|p2a: Sinistcha\n|-start|p2a: Sinistcha|move: Yawn|[of] p1b: Snorlax\n|\n|upkeep\n|turn|3\n|\n|t:|1776612357\n|switch|p2a: Starmie|Starmie, L50|100/100\n|move|p1a: Floette|Protect|p1a: Floette\n|-singleturn|p1a: Floette|Protect\n|move|p2b: Incineroar|Fake Out|p1a: Floette\n|-activate|p1a: Floette|move: Protect\n|move|p1b: Snorlax|Yawn|p2b: Incineroar\n|-start|p2b: Incineroar|move: Yawn|[of] p1b: Snorlax\n|\n|upkeep\n|turn|4\n|\n|t:|1776612373\n|detailschange|p1a: Floette|Floette-Mega, L50, F\n|-mega|p1a: Floette|Floette|Floettite\n|-ability|p1a: Floette|Fairy Aura\n|move|p1b: Snorlax|Helping Hand|p1a: Floette\n|-singleturn|p1a: Floette|Helping Hand|[of] p1b: Snorlax\n|move|p2a: Starmie|Protect|p2a: Starmie\n|-singleturn|p2a: Starmie|Protect\n|move|p1a: Floette|Dazzling Gleam|p2b: Incineroar|[spread] p2b\n|-activate|p2a: Starmie|move: Protect\n|-damage|p2b: Incineroar|35/100\n|-enditem|p2b: Incineroar|Sitrus Berry|[eat]\n|-heal|p2b: Incineroar|60/100|[from] item: Sitrus Berry\n|move|p2b: Incineroar|Parting Shot|p1a: Floette\n|-unboost|p1a: Floette|atk|1\n|-unboost|p1a: Floette|spa|1\n|\n|t:|1776612387\n|switch|p2b: Sinistcha|Sinistcha, L50|100/100|[from] Parting Shot\n|\n|upkeep\n|turn|5\n|\n|t:|1776612399\n|switch|p1a: Incineroar|Incineroar, L50, F|100/100\n|-ability|p1a: Incineroar|Intimidate|boost\n|-unboost|p2a: Starmie|atk|1\n|-unboost|p2b: Sinistcha|atk|1\n|detailschange|p2a: Starmie|Starmie-Mega, L50\n|-mega|p2a: Starmie|Starmie|Starminite\n|move|p2b: Sinistcha|Rage Powder|p2b: Sinistcha\n|-singleturn|p2b: Sinistcha|move: Rage Powder\n|move|p2a: Starmie|Minimize|p2a: Starmie\n|-boost|p2a: Starmie|evasion|2\n|move|p1b: Snorlax|Yawn|p2b: Sinistcha\n|-start|p2b: Sinistcha|move: Yawn|[of] p1b: Snorlax\n|\n|upkeep\n|turn|6\n|\n|t:|1776612425\n|switch|p2b: Incineroar|Incineroar, L50, M|60/100\n|-ability|p2b: Incineroar|Intimidate|boost\n|-unboost|p1a: Incineroar|atk|1\n|-unboost|p1b: Snorlax|atk|1\n|move|p2a: Starmie|Protect|p2a: Starmie\n|-singleturn|p2a: Starmie|Protect\n|move|p1a: Incineroar|Throat Chop|p2a: Starmie\n|-activate|p2a: Starmie|move: Protect\n|move|p1b: Snorlax|Crunch|p2a: Starmie\n|-activate|p2a: Starmie|move: Protect\n|\n|upkeep\n|turn|7\n|\n|t:|1776612439\n|move|p2b: Incineroar|Fake Out|p1b: Snorlax\n|-damage|p1b: Snorlax|93/100\n|move|p2a: Starmie|Minimize|p2a: Starmie\n|-boost|p2a: Starmie|evasion|2\n|move|p1a: Incineroar|Parting Shot|p2a: Starmie|[miss]\n|-miss|p1a: Incineroar|p2a: Starmie\n|cant|p1b: Snorlax|flinch\n|\n|upkeep\n|turn|8\n|\n|t:|1776612452\n|move|p2a: Starmie|Protect|p2a: Starmie\n|-singleturn|p2a: Starmie|Protect\n|move|p2b: Incineroar|Parting Shot|p1a: Incineroar\n|-unboost|p1a: Incineroar|atk|1\n|-unboost|p1a: Incineroar|spa|1\n|\n|t:|1776612460\n|switch|p2b: Sinistcha|Sinistcha, L50|100/100|[from] Parting Shot\n|move|p1a: Incineroar|Parting Shot|p2a: Starmie\n|-activate|p2a: Starmie|move: Protect\n|move|p1b: Snorlax|Yawn|p2a: Starmie\n|-activate|p2a: Starmie|move: Protect\n|\n|upkeep\n|turn|9\n|\n|t:|1776612481\n|move|p2b: Sinistcha|Rage Powder|p2b: Sinistcha\n|-singleturn|p2b: Sinistcha|move: Rage Powder\n|move|p2a: Starmie|Minimize|p2a: Starmie\n|-boost|p2a: Starmie|evasion|2\n|move|p1a: Incineroar|Parting Shot|p2b: Sinistcha\n|-unboost|p2b: Sinistcha|atk|1\n|-unboost|p2b: Sinistcha|spa|1\n|\n|t:|1776612488\n|switch|p1a: Floette|Floette-Mega, L50, F|100/100|[from] Parting Shot\n|-ability|p1a: Floette|Fairy Aura\n|move|p1b: Snorlax|Yawn|p2b: Sinistcha\n|-start|p2b: Sinistcha|move: Yawn|[of] p1b: Snorlax\n|\n|upkeep\n|turn|10\n|inactive|xm3u4tp6 has 30 seconds left.\n|\n|t:|1776612519\n|move|p1b: Snorlax|Helping Hand|p1a: Floette\n|-singleturn|p1a: Floette|Helping Hand|[of] p1b: Snorlax\n|move|p2a: Starmie|Protect|p2a: Starmie\n|-singleturn|p2a: Starmie|Protect\n|move|p1a: Floette|Dazzling Gleam|p2b: Sinistcha|[spread] p2b\n|-activate|p2a: Starmie|move: Protect\n|-damage|p2b: Sinistcha|27/100\n|move|p2b: Sinistcha|Psych Up|p2a: Starmie\n|-copyboost|p2b: Sinistcha|p2a: Starmie|[from] move: Psych Up\n|\n|-heal|p2b: Sinistcha|34/100|[from] item: Leftovers\n|-end|p2b: Sinistcha|move: Yawn|[silent]\n|-status|p2b: Sinistcha|slp\n|upkeep\n|turn|11\n|\n|t:|1776612540\n|move|p2a: Starmie|Liquidation|p1a: Floette\n|-damage|p1a: Floette|38/100\n|move|p1a: Floette|Moonblast|p2a: Starmie|[miss]\n|-miss|p1a: Floette|p2a: Starmie\n|cant|p2b: Sinistcha|slp\n|move|p1b: Snorlax|Crunch|p2a: Starmie\n|-supereffective|p2a: Starmie|1\n|-damage|p2a: Starmie|82/100\n|-unboost|p2a: Starmie|def|1\n|\n|-heal|p2b: Sinistcha|40/100 slp|[from] item: Leftovers\n|upkeep\n|turn|12\n|\n|t:|1776612559\n|switch|p1b: Incineroar|Incineroar, L50, F|100/100\n|-ability|p1b: Incineroar|Intimidate|boost\n|-unboost|p2a: Starmie|atk|1\n|-unboost|p2b: Sinistcha|atk|1\n|move|p2a: Starmie|Protect|p2a: Starmie\n|-singleturn|p2a: Starmie|Protect\n|move|p1a: Floette|Protect|p1a: Floette\n|-singleturn|p1a: Floette|Protect\n|cant|p2b: Sinistcha|slp\n|\n|-heal|p2b: Sinistcha|46/100 slp|[from] item: Leftovers\n|upkeep\n|turn|13\n|\n|t:|1776612572\n|move|p1b: Incineroar|Fake Out|p2a: Starmie|[miss]\n|-miss|p1b: Incineroar|p2a: Starmie\n|move|p2a: Starmie|Liquidation|p1a: Floette\n|-damage|p1a: Floette|0 fnt\n|faint|p1a: Floette\n|-curestatus|p2b: Sinistcha|slp|[msg]\n|move|p2b: Sinistcha|Life Dew|p2b: Sinistcha|[spread] p2a,p2b\n|-heal|p2a: Starmie|100/100\n|-heal|p2b: Sinistcha|71/100\n|\n|-heal|p2b: Sinistcha|77/100|[from] item: Leftovers\n|upkeep\n|\n|t:|1776612581\n|switch|p1a: Basculegion|Basculegion, L50, M|100/100\n|turn|14\n|\n|t:|1776612594\n|move|p2a: Starmie|Liquidation|p1b: Incineroar\n|-supereffective|p1b: Incineroar|1\n|-damage|p1b: Incineroar|31/100\n|-unboost|p1b: Incineroar|def|1\n|-enditem|p1b: Incineroar|Sitrus Berry|[eat]\n|-heal|p1b: Incineroar|56/100|[from] item: Sitrus Berry\n|move|p1a: Basculegion|Last Respects|p2a: Starmie|[miss]\n|-miss|p1a: Basculegion|p2a: Starmie\n|move|p2b: Sinistcha|Matcha Gotcha|p1b: Incineroar|[spread] p1a,p1b\n|-supereffective|p1a: Basculegion|1\n|-resisted|p1b: Incineroar|1\n|-damage|p1a: Basculegion|49/100\n|-heal|p2b: Sinistcha|100/100|[from] drain|[of] p1a: Basculegion\n|-damage|p1b: Incineroar|44/100\n|-status|p1a: Basculegion|brn\n|move|p1b: Incineroar|Throat Chop|p2a: Starmie|[miss]\n|-miss|p1b: Incineroar|p2a: Starmie\n|\n|-damage|p1a: Basculegion|43/100 brn|[from] brn\n|upkeep\n|turn|15\n|-message|wjl51 forfeited.\n|\n|win|xm3u4tp6\n|raw|wjl51's rating: 1162 &rarr; <strong>1131</strong><br />(-31 for losing)\n|raw|xm3u4tp6's rating: 1080 &rarr; <strong>1114</strong><br />(+34 for winning)\n|l|\u2606wjl51\n|player|p1|\n|c|\u2606xm3u4tp6|gg\n",
  "uploadtime": 1776612636,
  "views": 11,
  "formatid": "gen9championsvgc2026regma",
  "rating": 1114,
  "private": 0,
  "password": null
}