{
  "id": "gen9championsvgc2026regma-2583116590",
  "format": "[Gen 9 Champions] VGC 2026 Reg M-A",
  "players": [
    "SpamtonGSpamton97",
    "Joe Sheboygan"
  ],
  "log": "|j|\u2606SpamtonGSpamton97\n|j|\u2606Joe Sheboygan\n|t:|1776143947\n|gametype|doubles\n|player|p1|SpamtonGSpamton97|hilbert|1081\n|player|p2|Joe Sheboygan|steven|1000\n|gen|9\n|tier|[Gen 9 Champions] VGC 2026 Reg M-A\n|rated|\n|rule|Species Clause: Limit one of each Pok\u00e9mon\n|rule|Item Clause: Limit 1 of each item\n|clearpoke\n|poke|p1|Diggersby, L50, M|\n|poke|p1|Reuniclus, L50, M|\n|poke|p1|Sinistcha, L50|\n|poke|p1|Camerupt, L50, F|\n|poke|p1|Bastiodon, L50, F|\n|poke|p1|Ariados, L50, F|\n|poke|p2|Gengar, L50, F|\n|poke|p2|Pikachu, L50, F|\n|poke|p2|Pelipper, L50, M|\n|poke|p2|Blastoise, L50, F|\n|poke|p2|Incineroar, L50, F|\n|poke|p2|Whimsicott, L50, M|\n|teampreview|4\n|\n|t:|1776143986\n|teamsize|p1|4\n|teamsize|p2|4\n|start\n|switch|p1a: Perfect Cell|Reuniclus, L50, M|100/100\n|switch|p1b: the spider|Ariados, L50, F|100/100\n|switch|p2a: Gengar|Gengar, L50, F|100/100\n|switch|p2b: Whimsicott|Whimsicott, L50, M|100/100\n|turn|1\n|\n|t:|1776143997\n|switch|p2b: Incineroar|Incineroar, L50, F|100/100\n|-ability|p2b: Incineroar|Intimidate|boost\n|-unboost|p1a: Perfect Cell|atk|1\n|-unboost|p1b: the spider|atk|1\n|detailschange|p2a: Gengar|Gengar-Mega, L50, F\n|-mega|p2a: Gengar|Gengar|Gengarite\n|move|p2a: Gengar|Shadow Ball|p1a: Perfect Cell\n|-supereffective|p1a: Perfect Cell|1\n|-damage|p1a: Perfect Cell|20/100\n|move|p1b: the spider|Focus Energy|p1b: the spider\n|-start|p1b: the spider|move: Focus Energy\n|move|p1a: Perfect Cell|Trick Room|p1a: Perfect Cell\n|-fieldstart|move: Trick Room|[of] p1a: Perfect Cell\n|\n|-heal|p1a: Perfect Cell|26/100|[from] item: Leftovers\n|upkeep\n|turn|2\n|\n|t:|1776144025\n|move|p2b: Incineroar|Fake Out|p1a: Perfect Cell\n|-damage|p1a: Perfect Cell|18/100\n|cant|p1a: Perfect Cell|flinch\n|move|p1b: the spider|Stomping Tantrum|p2a: Gengar\n|-supereffective|p2a: Gengar|1\n|-crit|p2a: Gengar\n|-damage|p2a: Gengar|0 fnt\n|faint|p2a: Gengar\n|\n|-heal|p1a: Perfect Cell|24/100|[from] item: Leftovers\n|upkeep\n|\n|t:|1776144031\n|switch|p2a: Whimsicott|Whimsicott, L50, M|100/100\n|turn|3\n|\n|t:|1776144045\n|move|p1a: Perfect Cell|Protect|p1a: Perfect Cell\n|-singleturn|p1a: Perfect Cell|Protect\n|move|p2a: Whimsicott|Encore|p1a: Perfect Cell\n|-activate|p1a: Perfect Cell|move: Protect\n|move|p1b: the spider|Poison Jab|p2a: Whimsicott\n|-supereffective|p2a: Whimsicott|2\n|-crit|p2a: Whimsicott\n|-enditem|p2a: Whimsicott|Focus Sash\n|-damage|p2a: Whimsicott|1/100\n|-status|p2a: Whimsicott|psn\n|move|p2b: Incineroar|Parting Shot|p1b: the spider\n|-unboost|p1b: the spider|atk|1\n|-unboost|p1b: the spider|spa|1\n|\n|t:|1776144049\n|switch|p2b: Pelipper|Pelipper, L50, M|100/100|[from] Parting Shot\n|-weather|RainDance|[from] ability: Drizzle|[of] p2b: Pelipper\n|\n|-weather|RainDance|[upkeep]\n|-heal|p1a: Perfect Cell|30/100|[from] item: Leftovers\n|-damage|p2a: Whimsicott|0 fnt|[from] psn\n|faint|p2a: Whimsicott\n|upkeep\n|\n|t:|1776144051\n|switch|p2a: Incineroar|Incineroar, L50, F|100/100\n|-ability|p2a: Incineroar|Intimidate|boost\n|-unboost|p1a: Perfect Cell|atk|1\n|-unboost|p1b: the spider|atk|1\n|turn|4\n|\n|t:|1776144071\n|switch|p1a: THE WALL Jr.|Bastiodon, L50, F|100/100\n|move|p2a: Incineroar|Fake Out|p1b: the spider\n|-damage|p1b: the spider|86/100\n|cant|p1b: the spider|flinch\n|move|p2b: Pelipper|Weather Ball|p1b: the spider\n|-damage|p1b: the spider|3/100\n|\n|-weather|RainDance|[upkeep]\n|upkeep\n|turn|5\n|\n|t:|1776144083\n|move|p1a: THE WALL Jr.|Rock Slide|p2b: Pelipper|[spread] p2a,p2b\n|-supereffective|p2a: Incineroar|1\n|-supereffective|p2b: Pelipper|1\n|-damage|p2a: Incineroar|82/100\n|-damage|p2b: Pelipper|68/100\n|move|p1b: the spider|Stomping Tantrum|p2a: Incineroar\n|-supereffective|p2a: Incineroar|1\n|-crit|p2a: Incineroar\n|-damage|p2a: Incineroar|0 fnt\n|faint|p2a: Incineroar\n|move|p2b: Pelipper|Weather Ball|p1a: THE WALL Jr.\n|-supereffective|p1a: THE WALL Jr.|1\n|-damage|p1a: THE WALL Jr.|11/100\n|\n|-weather|RainDance|[upkeep]\n|-fieldend|move: Trick Room\n|upkeep\n|turn|6\n|-message|Joe Sheboygan forfeited.\n|\n|win|SpamtonGSpamton97\n|raw|SpamtonGSpamton97's rating: 1081 &rarr; <strong>1102</strong><br />(+21 for winning)\n|raw|Joe Sheboygan's rating: 1000 &rarr; <strong>1000</strong><br />(+0 for losing)\n|l|\u2606Joe Sheboygan\n|player|p2|\n",
  "uploadtime": 1776144095,
  "views": 29,
  "formatid": "gen9championsvgc2026regma",
  "rating": 1000,
  "private": 0,
  "password": null
}