{
  "id": "gen9championsvgc2026regma-2587369154",
  "format": "[Gen 9 Champions] VGC 2026 Reg M-A",
  "players": [
    "nakoharuno",
    "melmetal99"
  ],
  "log": "|j|\u2606nakoharuno\n|j|\u2606melmetal99\n|t:|1776526009\n|gametype|doubles\n|player|p1|nakoharuno|dawn|1128\n|player|p2|melmetal99|2|1212\n|gen|9\n|tier|[Gen 9 Champions] VGC 2026 Reg M-A\n|rated|\n|rule|Species Clause: Limit one of each Pok\u00e9mon\n|rule|Item Clause: Limit 1 of each item\n|clearpoke\n|poke|p1|Kangaskhan, L50, F, shiny|\n|poke|p1|Oranguru, L50, F|\n|poke|p1|Torkoal, L50, M|\n|poke|p1|Decidueye-Hisui, L50, F|\n|poke|p1|Cofagrigus, L50, M, shiny|\n|poke|p1|Blastoise, L50, F, shiny|\n|poke|p2|Aggron, L50, F|\n|poke|p2|Ninetales-Alola, L50, M|\n|poke|p2|Sinistcha-Masterpiece, L50|\n|poke|p2|Incineroar, L50, M|\n|poke|p2|Pelipper, L50, M|\n|poke|p2|Basculegion, L50, M|\n|teampreview|4\nmelmetal99 has agreed to open team sheets.\n|inactive|Battle timer is ON: inactive players will automatically lose when time's up. (requested by melmetal99)\n|inactive|melmetal99 has 60 seconds left.\n|inactive|melmetal99 has 30 seconds left.\n|l|\u2606nakoharuno\n|inactive|nakoharuno disconnected and has a minute to reconnect!\n|player|p1|\n|inactive|melmetal99 has 20 seconds left.\n|j|\u2606nakoharuno\n|inactive|nakoharuno reconnected.\n|player|p1|nakoharuno|dawn|\n|inactive|melmetal99 has 15 seconds left.\n|inactive|melmetal99 has 10 seconds left.\n|c|\u2606nakoharuno|vai fi\n|inactive|melmetal99 has 5 seconds left.\n|\n|t:|1776526100\n|teamsize|p1|4\n|teamsize|p2|4\n|start\n|switch|p1a: Torkoal|Torkoal, L50, M|100/100\n|switch|p1b: Oranguru|Oranguru, L50, F|100/100\n|switch|p2a: Aggron|Aggron, L50, F|100/100\n|switch|p2b: Ninetales|Ninetales-Alola, L50, M|100/100\n|-weather|Snowscape|[from] ability: Snow Warning|[of] p2b: Ninetales\n|-weather|SunnyDay|[from] ability: Drought|[of] p1a: Torkoal\n|turn|1\n|\n|t:|1776526120\n|detailschange|p2a: Aggron|Aggron-Mega, L50, F\n|-mega|p2a: Aggron|Aggron|Aggronite\n|move|p1a: Torkoal|Protect|p1a: Torkoal\n|-singleturn|p1a: Torkoal|Protect\n|move|p2b: Ninetales|Dazzling Gleam|p1b: Oranguru|[spread] p1b\n|-activate|p1a: Torkoal|move: Protect\n|-damage|p1b: Oranguru|85/100\n|move|p2a: Aggron|Crunch|p1b: Oranguru\n|-supereffective|p1b: Oranguru|1\n|-damage|p1b: Oranguru|42/100\n|move|p1b: Oranguru|Trick Room|p1b: Oranguru\n|-fieldstart|move: Trick Room|[of] p1b: Oranguru\n|\n|-weather|SunnyDay|[upkeep]\n|upkeep\n|turn|2\n|\n|t:|1776526140\n|switch|p2a: Sinistcha|Sinistcha-Masterpiece, L50|100/100\n|switch|p2b: Incineroar|Incineroar, L50, M|100/100\n|-ability|p2b: Incineroar|Intimidate|boost\n|-unboost|p1a: Torkoal|atk|1\n|-fail|p1b: Oranguru|unboost|Attack|[from] ability: Inner Focus|[of] p1b: Oranguru\n|move|p1a: Torkoal|Eruption|p2a: Sinistcha|[spread] p2a,p2b\n|-supereffective|p2a: Sinistcha|1\n|-resisted|p2b: Incineroar|1\n|-damage|p2a: Sinistcha|0 fnt\n|-damage|p2b: Incineroar|69/100\n|faint|p2a: Sinistcha\n|move|p1b: Oranguru|Instruct|p1a: Torkoal\n|-singleturn|p1a: Torkoal|move: Instruct|[of] p1b: Oranguru\n|move|p1a: Torkoal|Eruption|p2b: Incineroar\n|-resisted|p2b: Incineroar|1\n|-damage|p2b: Incineroar|30/100\n|-enditem|p2b: Incineroar|Sitrus Berry|[eat]\n|-heal|p2b: Incineroar|55/100|[from] item: Sitrus Berry\n|\n|-weather|SunnyDay|[upkeep]\n|upkeep\n|\n|t:|1776526160\n|switch|p2a: Aggron|Aggron-Mega, L50, F|100/100\n|turn|3\n|\n|t:|1776526181\n|move|p1a: Torkoal|Protect|p1a: Torkoal\n|-singleturn|p1a: Torkoal|Protect\n|move|p1b: Oranguru|Protect|p1b: Oranguru\n|-singleturn|p1b: Oranguru|Protect\n|move|p2a: Aggron|Crunch|p1b: Oranguru\n|-activate|p1b: Oranguru|move: Protect\n|move|p2b: Incineroar|Darkest Lariat|p1b: Oranguru\n|-activate|p1b: Oranguru|move: Protect\n|\n|-weather|SunnyDay|[upkeep]\n|upkeep\n|turn|4\n|\n|t:|1776526201\n|move|p1a: Torkoal|Eruption|p2a: Aggron|[spread] p2a,p2b\n|-supereffective|p2a: Aggron|1\n|-resisted|p2b: Incineroar|1\n|-damage|p2a: Aggron|0 fnt\n|-damage|p2b: Incineroar|23/100\n|faint|p2a: Aggron\n|move|p2b: Incineroar|Darkest Lariat|p1b: Oranguru\n|-supereffective|p1b: Oranguru|1\n|-crit|p1b: Oranguru\n|-damage|p1b: Oranguru|0 fnt\n|faint|p1b: Oranguru\n|\n|-weather|SunnyDay|[upkeep]\n|upkeep\n|inactive|nakoharuno has 30 seconds left.\n|\n|t:|1776526231\n|switch|p2a: Ninetales|Ninetales-Alola, L50, M|100/100\n|switch|p1b: Dequidui|Decidueye-Hisui, L50, F|100/100\n|-weather|Snowscape|[from] ability: Snow Warning|[of] p2a: Ninetales\n|turn|5\n|\n|t:|1776526251\n|move|p1a: Torkoal|Eruption|p2b: Incineroar|[spread] p2a,p2b\n|-supereffective|p2a: Ninetales|1\n|-resisted|p2b: Incineroar|1\n|-crit|p2b: Incineroar\n|-damage|p2a: Ninetales|0 fnt\n|-damage|p2b: Incineroar|0 fnt\n|faint|p2a: Ninetales\n|faint|p2b: Incineroar\n|\n|win|nakoharuno\n|raw|nakoharuno's rating: 1128 &rarr; <strong>1159</strong><br />(+31 for winning)\n|raw|melmetal99's rating: 1212 &rarr; <strong>1181</strong><br />(-31 for losing)\n",
  "uploadtime": 1776526260,
  "views": 25,
  "formatid": "gen9championsvgc2026regma",
  "rating": 1159,
  "private": 0,
  "password": null
}