{
  "id": "gen9championsvgc2026regma-2587510493",
  "format": "[Gen 9 Champions] VGC 2026 Reg M-A",
  "players": [
    "dinospuud",
    "roval2"
  ],
  "log": "|j|\u2606dinospuud\n|j|\u2606roval2\n|t:|1776537984\n|gametype|doubles\n|player|p1|dinospuud|2|1269\n|player|p2|roval2|hiker-gen4|1262\n|gen|9\n|tier|[Gen 9 Champions] VGC 2026 Reg M-A\n|rated|\n|rule|Species Clause: Limit one of each Pok\u00e9mon\n|rule|Item Clause: Limit 1 of each item\n|clearpoke\n|poke|p1|Incineroar, L50, M|\n|poke|p1|Sneasler, L50, M|\n|poke|p1|Aerodactyl, L50, F|\n|poke|p1|Garchomp, L50, F|\n|poke|p1|Froslass, L50, F|\n|poke|p1|Rotom-Wash, L50|\n|poke|p2|Crabominable, L50, F|\n|poke|p2|Farigiraf, L50, M, shiny|\n|poke|p2|Aerodactyl, L50, F|\n|poke|p2|Delphox, L50, F|\n|poke|p2|Sinistcha, L50|\n|poke|p2|Arcanine-Hisui, L50, F|\n|teampreview|4\n|\n|t:|1776538008\n|teamsize|p1|4\n|teamsize|p2|4\n|start\n|switch|p1a: Aerodactyl|Aerodactyl, L50, F|100/100\n|switch|p1b: Garchomp|Garchomp, L50, F|100/100\n|switch|p2a: Farigiraf|Farigiraf, L50, M, shiny|100/100\n|switch|p2b: Sinistcha|Sinistcha, L50|100/100\n|-ability|p1a: Aerodactyl|Unnerve\n|turn|1\n|\n|t:|1776538026\n|move|p1b: Garchomp|Rock Slide|p2a: Farigiraf|[spread] p2a,p2b\n|-damage|p2a: Farigiraf|83/100\n|-damage|p2b: Sinistcha|81/100\n|move|p1a: Aerodactyl|Rock Slide|p2b: Sinistcha|[spread] p2a,p2b\n|-crit|p2a: Farigiraf\n|-damage|p2a: Farigiraf|51/100\n|-damage|p2b: Sinistcha|56/100\n|cant|p2b: Sinistcha|flinch\n|cant|p2a: Farigiraf|flinch\n|\n|upkeep\n|turn|2\n|\n|t:|1776538040\n|move|p1b: Garchomp|Rock Slide|p2a: Farigiraf|[spread] p2a,p2b\n|-damage|p2a: Farigiraf|33/100\n|-damage|p2b: Sinistcha|37/100\n|move|p1a: Aerodactyl|Rock Slide|p2b: Sinistcha|[spread] p2a,p2b\n|-damage|p2a: Farigiraf|11/100\n|-damage|p2b: Sinistcha|15/100\n|cant|p2b: Sinistcha|flinch\n|cant|p2a: Farigiraf|flinch\n|\n|upkeep\n|turn|3\n|c|\u2606roval2|Es enserio\n|\n|t:|1776538061\n|move|p1b: Garchomp|Rock Slide|p2a: Farigiraf|[spread] p2a\n|-miss|p1b: Garchomp|p2b: Sinistcha\n|-damage|p2a: Farigiraf|0 fnt\n|faint|p2a: Farigiraf\n|move|p1a: Aerodactyl|Rock Slide|p2b: Sinistcha\n|-damage|p2b: Sinistcha|0 fnt\n|faint|p2b: Sinistcha\n|\n|upkeep\n|\n|t:|1776538071\n|switch|p2a: Arcanine|Arcanine-Hisui, L50, F|100/100\n|switch|p2b: Crabominable|Crabominable, L50, F|100/100\n|-ability|p2a: Arcanine|Intimidate|boost\n|-unboost|p1a: Aerodactyl|atk|1\n|-unboost|p1b: Garchomp|atk|1\n|turn|4\n|\n|t:|1776538088\n|detailschange|p2b: Crabominable|Crabominable-Mega, L50, F\n|-mega|p2b: Crabominable|Crabominable|Crabominite\n|move|p1b: Garchomp|Rock Slide|p2a: Arcanine|[spread] p2a,p2b\n|-supereffective|p2a: Arcanine|1\n|-damage|p2a: Arcanine|74/100\n|-damage|p2b: Crabominable|90/100\n|move|p1a: Aerodactyl|Tailwind|p1a: Aerodactyl\n|-sidestart|p1: dinospuud|move: Tailwind\n|move|p2a: Arcanine|Rock Slide|p1b: Garchomp|[spread] p1a,p1b\n|-supereffective|p1a: Aerodactyl|1\n|-resisted|p1b: Garchomp|1\n|-enditem|p1a: Aerodactyl|Focus Sash\n|-damage|p1a: Aerodactyl|1/100\n|-damage|p1b: Garchomp|86/100\n|move|p2b: Crabominable|Ice Punch|p1b: Garchomp\n|-supereffective|p1b: Garchomp|2\n|-damage|p1b: Garchomp|0 fnt\n|-damage|p2b: Crabominable|77/100|[from] ability: Rough Skin|[of] p1b: Garchomp\n|faint|p1b: Garchomp\n|\n|upkeep\n|\n|t:|1776538101\n|switch|p1b: Froslass|Froslass, L50, F|100/100\n|turn|5\n|\n|t:|1776538119\n|detailschange|p1b: Froslass|Froslass-Mega, L50, F\n|-mega|p1b: Froslass|Froslass|Froslassite\n|-weather|Snowscape|[from] ability: Snow Warning|[of] p1b: Froslass\n|move|p1b: Froslass|Protect|p1b: Froslass\n|-singleturn|p1b: Froslass|Protect\n|move|p1a: Aerodactyl|Dual Wingbeat|p2b: Crabominable\n|-supereffective|p2b: Crabominable|1\n|-damage|p2b: Crabominable|64/100\n|-supereffective|p2b: Crabominable|1\n|-damage|p2b: Crabominable|50/100\n|-hitcount|p2b: Crabominable|2\n|move|p2a: Arcanine|Flare Blitz|p1b: Froslass\n|-activate|p1b: Froslass|move: Protect\n|move|p2b: Crabominable|Thunder Punch|p1a: Aerodactyl\n|-supereffective|p1a: Aerodactyl|1\n|-damage|p1a: Aerodactyl|0 fnt\n|faint|p1a: Aerodactyl\n|\n|-weather|Snowscape|[upkeep]\n|upkeep\n|\n|t:|1776538129\n|switch|p1a: Incineroar|Incineroar, L50, M|100/100\n|-ability|p1a: Incineroar|Intimidate|boost\n|-unboost|p2a: Arcanine|atk|1\n|-unboost|p2b: Crabominable|atk|1\n|turn|6\n|\n|t:|1776538148\n|move|p2b: Crabominable|Protect|p2b: Crabominable\n|-singleturn|p2b: Crabominable|Protect\n|move|p1a: Incineroar|Fake Out|p2a: Arcanine\n|-resisted|p2a: Arcanine|1\n|-damage|p2a: Arcanine|67/100\n|move|p1b: Froslass|Aurora Veil|p1b: Froslass\n|-sidestart|p1: dinospuud|move: Aurora Veil\n|cant|p2a: Arcanine|flinch\n|\n|-weather|Snowscape|[upkeep]\n|upkeep\n|turn|7\n|\n|t:|1776538167\n|move|p1b: Froslass|Shadow Ball|p2a: Arcanine\n|-damage|p2a: Arcanine|16/100\n|move|p1a: Incineroar|Flare Blitz|p2b: Crabominable\n|-supereffective|p2b: Crabominable|1\n|-damage|p2b: Crabominable|0 fnt\n|faint|p2b: Crabominable\n|-damage|p1a: Incineroar|84/100|[from] Recoil\n|move|p2a: Arcanine|Flare Blitz|p1b: Froslass\n|-supereffective|p1b: Froslass|1\n|-damage|p1b: Froslass|43/100\n|-damage|p2a: Arcanine|2/100|[from] Recoil\n|\n|-weather|Snowscape|[upkeep]\n|-sideend|p1: dinospuud|move: Tailwind\n|upkeep\n|turn|8\n|\n|t:|1776538183\n|move|p2a: Arcanine|Extreme Speed|p1a: Incineroar\n|-damage|p1a: Incineroar|72/100\n|move|p1b: Froslass|Shadow Ball|p2a: Arcanine\n|-damage|p2a: Arcanine|0 fnt\n|faint|p2a: Arcanine\n|\n|win|dinospuud\n|raw|dinospuud's rating: 1269 &rarr; <strong>1293</strong><br />(+24 for winning)\n|raw|roval2's rating: 1262 &rarr; <strong>1238</strong><br />(-24 for losing)\n|l|\u2606dinospuud\n|player|p1|\n",
  "uploadtime": 1776538187,
  "views": 24,
  "formatid": "gen9championsvgc2026regma",
  "rating": 1238,
  "private": 0,
  "password": null
}