{
  "id": "gen9championsvgc2026regma-2580861909",
  "format": "[Gen 9 Champions] VGC 2026 Reg M-A",
  "players": [
    "Lackofsanity",
    "GoofyRonald756"
  ],
  "log": "|j|\u2606Lackofsanity\n|j|\u2606GoofyRonald756\n|t:|1775938565\n|gametype|doubles\n|player|p1|Lackofsanity|ghetsis|1125\n|player|p2|GoofyRonald756|barry|1051\n|gen|9\n|tier|[Gen 9 Champions] VGC 2026 Reg M-A\n|rated|\n|rule|Species Clause: Limit one of each Pok\u00e9mon\n|rule|Item Clause: Limit 1 of each item\n|clearpoke\n|poke|p1|Tyranitar, L50, F|\n|poke|p1|Garchomp, L50, F|\n|poke|p1|Sinistcha, L50|\n|poke|p1|Farigiraf, L50, F|\n|poke|p1|Incineroar, L50, M|\n|poke|p1|Clefable, L50, F|\n|poke|p2|Vaporeon, L50, F|\n|poke|p2|Jolteon, L50, F|\n|poke|p2|Flareon, L50, M|\n|poke|p2|Espeon, L50, F|\n|poke|p2|Umbreon, L50, M|\n|poke|p2|Sylveon, L50, M|\n|teampreview|4\n|inactive|Battle timer is ON: inactive players will automatically lose when time's up. (requested by GoofyRonald756)\n|c|\u2606Lackofsanity|cool team\n|\n|t:|1775938586\n|teamsize|p1|4\n|teamsize|p2|4\n|start\n|switch|p1a: Tyranitar|Tyranitar, L50, F|100/100\n|switch|p1b: Garchomp|Garchomp, L50, F|100/100\n|switch|p2a: Jolteon|Jolteon, L50, F|100/100\n|switch|p2b: Sylveon|Sylveon, L50, M|100/100\n|-weather|Sandstorm|[from] ability: Sand Stream|[of] p1a: Tyranitar\n|turn|1\n|\n|t:|1775938609\n|switch|p1b: Farigiraf|Farigiraf, L50, F|100/100\n|detailschange|p1a: Tyranitar|Tyranitar-Mega, L50, F\n|-mega|p1a: Tyranitar|Tyranitar|Tyranitarite\n|move|p2a: Jolteon|Rain Dance|p2a: Jolteon\n|-weather|RainDance\n|move|p1a: Tyranitar|Rock Slide|p2b: Sylveon|[spread] p2a,p2b\n|-damage|p2a: Jolteon|32/100\n|-damage|p2b: Sylveon|59/100\n|move|p2b: Sylveon|Hyper Voice|p1a: Tyranitar|[spread] p1a,p1b\n|-supereffective|p1a: Tyranitar|1\n|-damage|p1a: Tyranitar|30/100\n|-damage|p1b: Farigiraf|57/100\n|\n|-weather|RainDance|[upkeep]\n|upkeep\n|turn|2\n|inactive|GoofyRonald756 has 30 seconds left.\n|\n|t:|1775938635\n|move|p2a: Jolteon|Thunder Wave|p1a: Tyranitar\n|-status|p1a: Tyranitar|par\n|move|p2b: Sylveon|Hyper Voice|p1b: Farigiraf|[spread] p1a,p1b\n|-supereffective|p1a: Tyranitar|1\n|-damage|p1a: Tyranitar|0 fnt\n|-damage|p1b: Farigiraf|14/100\n|faint|p1a: Tyranitar\n|move|p1b: Farigiraf|Hyper Voice|p2a: Jolteon|[spread] p2a,p2b\n|-crit|p2b: Sylveon\n|-damage|p2a: Jolteon|0 fnt\n|-damage|p2b: Sylveon|19/100\n|faint|p2a: Jolteon\n|\n|-weather|RainDance|[upkeep]\n|upkeep\n|\n|t:|1775938652\n|switch|p2a: Umbreon|Umbreon, L50, M|100/100\n|switch|p1a: Garchomp|Garchomp, L50, F|100/100\n|turn|3\n|\n|t:|1775938661\n|move|p2b: Sylveon|Detect|p2b: Sylveon\n|-singleturn|p2b: Sylveon|Protect\n|move|p1b: Farigiraf|Protect|p1b: Farigiraf\n|-singleturn|p1b: Farigiraf|Protect\n|move|p1a: Garchomp|Earthquake|p2b: Sylveon|[spread] p2a\n|-activate|p1b: Farigiraf|move: Protect\n|-activate|p2b: Sylveon|move: Protect\n|-damage|p2a: Umbreon|80/100\n|move|p2a: Umbreon|Snarl|p1b: Farigiraf|[spread] \n|-activate|p1b: Farigiraf|move: Protect\n|-miss|p2a: Umbreon|p1a: Garchomp\n|\n|-weather|RainDance|[upkeep]\n|-heal|p2a: Umbreon|86/100|[from] item: Leftovers\n|upkeep\n|turn|4\n|\n|t:|1775938682\n|switch|p1b: Sinistcha|Sinistcha, L50|100/100\n|move|p2b: Sylveon|Quick Attack|p1a: Garchomp\n|-supereffective|p1a: Garchomp|1\n|-damage|p1a: Garchomp|73/100\n|move|p1a: Garchomp|Earthquake|p2a: Umbreon|[spread] p1b,p2a,p2b\n|-resisted|p1b: Sinistcha|1\n|-damage|p1b: Sinistcha|81/100\n|-damage|p2a: Umbreon|65/100\n|-damage|p2b: Sylveon|0 fnt\n|faint|p2b: Sylveon\n|move|p2a: Umbreon|Snarl|p1a: Garchomp|[spread] p1a,p1b\n|-crit|p1a: Garchomp\n|-supereffective|p1b: Sinistcha|1\n|-damage|p1a: Garchomp|58/100\n|-damage|p1b: Sinistcha|57/100\n|-unboost|p1a: Garchomp|spa|1\n|-unboost|p1b: Sinistcha|spa|1\n|\n|-weather|RainDance|[upkeep]\n|-heal|p2a: Umbreon|71/100|[from] item: Leftovers\n|upkeep\n|\n|t:|1775938685\n|switch|p2b: Vaporeon|Vaporeon, L50, F|100/100\n|turn|5\n|inactive|Lackofsanity has 30 seconds left.\n|inactive|GoofyRonald756 has 30 seconds left.\n|inactive|GoofyRonald756 has 20 seconds left.\n|inactive|GoofyRonald756 has 15 seconds left.\n|inactive|GoofyRonald756 has 10 seconds left.\n|\n|t:|1775938740\n|switch|p1b: Farigiraf|Farigiraf, L50, F|14/100\n|move|p2b: Vaporeon|Detect|p2b: Vaporeon\n|-singleturn|p2b: Vaporeon|Protect\n|move|p1a: Garchomp|Earthquake|p2b: Vaporeon|[spread] p1b,p2a\n|-activate|p2b: Vaporeon|move: Protect\n|-damage|p1b: Farigiraf|0 fnt\n|-damage|p2a: Umbreon|50/100\n|faint|p1b: Farigiraf\n|move|p2a: Umbreon|Yawn|p1a: Garchomp\n|-start|p1a: Garchomp|move: Yawn|[of] p2a: Umbreon\n|\n|-weather|none\n|-heal|p2a: Umbreon|55/100|[from] item: Leftovers\n|upkeep\n|\n|t:|1775938754\n|switch|p1b: Sinistcha|Sinistcha, L50|57/100\n|-heal|p1a: Garchomp|82/100|[from] ability: Hospitality|[of] p1b: Sinistcha\n|turn|6\n|\n|t:|1775938765\n|move|p1a: Garchomp|Swords Dance|p1a: Garchomp\n|-boost|p1a: Garchomp|atk|2\n|move|p2b: Vaporeon|Yawn|p1b: Sinistcha\n|-start|p1b: Sinistcha|move: Yawn|[of] p2b: Vaporeon\n|move|p2a: Umbreon|Moonlight|p2a: Umbreon\n|-heal|p2a: Umbreon|100/100\n|move|p1b: Sinistcha|Matcha Gotcha|p2a: Umbreon|[spread] p2a,p2b\n|-supereffective|p2b: Vaporeon|1\n|-damage|p2a: Umbreon|75/100\n|-heal|p1b: Sinistcha|71/100|[from] drain|[of] p2a: Umbreon\n|-damage|p2b: Vaporeon|39/100\n|-heal|p1b: Sinistcha|100/100|[from] drain|[of] p2b: Vaporeon\n|-enditem|p2b: Vaporeon|Sitrus Berry|[eat]\n|-heal|p2b: Vaporeon|64/100|[from] item: Sitrus Berry\n|\n|-heal|p2a: Umbreon|81/100|[from] item: Leftovers\n|-end|p1a: Garchomp|move: Yawn|[silent]\n|-status|p1a: Garchomp|slp\n|upkeep\n|turn|7\n|inactive|Lackofsanity has 30 seconds left.\n|\n|t:|1775938791\n|cant|p1a: Garchomp|slp\n|move|p2b: Vaporeon|Fake Tears|p1b: Sinistcha\n|-unboost|p1b: Sinistcha|spd|2\n|move|p2a: Umbreon|Foul Play|p1a: Garchomp\n|-damage|p1a: Garchomp|0 fnt\n|faint|p1a: Garchomp\n|move|p1b: Sinistcha|Calm Mind|p1b: Sinistcha\n|-boost|p1b: Sinistcha|spa|1\n|-boost|p1b: Sinistcha|spd|1\n|\n|-heal|p2a: Umbreon|87/100|[from] item: Leftovers\n|-end|p1b: Sinistcha|move: Yawn|[silent]\n|-status|p1b: Sinistcha|slp\n|upkeep\n|turn|8\n|\n|t:|1775938804\n|move|p2b: Vaporeon|Fake Tears|p1b: Sinistcha\n|-unboost|p1b: Sinistcha|spd|2\n|move|p2a: Umbreon|Snarl|p1b: Sinistcha\n|-supereffective|p1b: Sinistcha|1\n|-damage|p1b: Sinistcha|29/100 slp\n|-unboost|p1b: Sinistcha|spa|1\n|cant|p1b: Sinistcha|slp\n|\n|-heal|p2a: Umbreon|93/100|[from] item: Leftovers\n|upkeep\n|turn|9\n|c|\u2606Lackofsanity|low key impressive\n|c|\u2606Lackofsanity|gg\n|\n|t:|1775938823\n|move|p2b: Vaporeon|Fake Tears|p1b: Sinistcha\n|-unboost|p1b: Sinistcha|spd|2\n|move|p2a: Umbreon|Snarl|p1b: Sinistcha\n|-supereffective|p1b: Sinistcha|1\n|-crit|p1b: Sinistcha\n|-damage|p1b: Sinistcha|0 fnt\n|faint|p1b: Sinistcha\n|\n|win|GoofyRonald756\n|raw|Lackofsanity's rating: 1125 &rarr; <strong>1095</strong><br />(-30 for losing)\n|raw|GoofyRonald756's rating: 1051 &rarr; <strong>1090</strong><br />(+39 for winning)\n|l|\u2606Lackofsanity\n|player|p1|\n",
  "uploadtime": 1775938838,
  "views": 15,
  "formatid": "gen9championsvgc2026regma",
  "rating": 1090,
  "private": 0,
  "password": null
}