{
  "id": "gen9championsvgc2026regma-2583963987",
  "format": "[Gen 9 Champions] VGC 2026 Reg M-A",
  "players": [
    "Barbie120",
    "Celesarn"
  ],
  "log": "|j|\u2606Barbie120\n|j|\u2606Celesarn\n|t:|1776212327\n|gametype|doubles\n|player|p1|Barbie120|265|1044\n|player|p2|Celesarn|2|1065\n|gen|9\n|tier|[Gen 9 Champions] VGC 2026 Reg M-A\n|rated|\n|rule|Species Clause: Limit one of each Pok\u00e9mon\n|rule|Item Clause: Limit 1 of each item\n|clearpoke\n|poke|p1|Incineroar, L50, F|\n|poke|p1|Corviknight, L50, M|\n|poke|p1|Ninetales-Alola, L50, M|\n|poke|p1|Garchomp, L50, M|\n|poke|p1|Glimmora, L50, F|\n|poke|p1|Rotom-Wash, L50|\n|poke|p2|Tyranitar, L50, M|\n|poke|p2|Excadrill, L50, F|\n|poke|p2|Meganium, L50, F|\n|poke|p2|Incineroar, L50, F|\n|poke|p2|Milotic, L50, F|\n|poke|p2|Dragonite, L50, M|\n|teampreview|4\n|inactive|Battle timer is ON: inactive players will automatically lose when time's up. (requested by Barbie120)\n|\n|t:|1776212361\n|teamsize|p1|4\n|teamsize|p2|4\n|start\n|switch|p1a: Glimmora|Glimmora, L50, F|100/100\n|switch|p1b: Ninetales|Ninetales-Alola, L50, M|100/100\n|switch|p2a: Meganium|Meganium, L50, F|100/100\n|switch|p2b: Dragonite|Dragonite, L50, M|100/100\n|-weather|Snowscape|[from] ability: Snow Warning|[of] p1b: Ninetales\n|turn|1\n|\n|t:|1776212385\n|switch|p2b: Tyranitar|Tyranitar, L50, M|100/100\n|-weather|Sandstorm|[from] ability: Sand Stream|[of] p2b: Tyranitar\n|move|p1a: Glimmora|Spiky Shield|p1a: Glimmora\n|-singleturn|p1a: Glimmora|move: Protect\n|move|p2a: Meganium|Protect|p2a: Meganium\n|-singleturn|p2a: Meganium|Protect\n|move|p1b: Ninetales|Aurora Veil||[still]\n|-fail|p1b: Ninetales\n|\n|-weather|Sandstorm|[upkeep]\n|-damage|p1b: Ninetales|95/100|[from] Sandstorm\n|-damage|p2a: Meganium|95/100|[from] Sandstorm\n|upkeep\n|turn|2\n|\n|t:|1776212408\n|switch|p1b: Corviknight|Corviknight, L50, M|100/100\n|switch|p2a: Milotic|Milotic, L50, F|100/100\n|detailschange|p1a: Glimmora|Glimmora-Mega, L50, F\n|-mega|p1a: Glimmora|Glimmora|Glimmoranite\n|move|p1a: Glimmora|Sludge Wave|p2a: Milotic|[spread] p2a,p2b\n|-immune|p1b: Corviknight\n|-resisted|p2b: Tyranitar|1\n|-damage|p2a: Milotic|53/100\n|-damage|p2b: Tyranitar|88/100\n|-status|p2b: Tyranitar|psn\n|move|p2b: Tyranitar|Dragon Dance|p2b: Tyranitar\n|-boost|p2b: Tyranitar|atk|1\n|-boost|p2b: Tyranitar|spe|1\n|\n|-weather|Sandstorm|[upkeep]\n|-damage|p2a: Milotic|48/100|[from] Sandstorm\n|-heal|p2a: Milotic|53/100|[from] item: Leftovers\n|-damage|p2b: Tyranitar|76/100 psn|[from] psn\n|upkeep\n|turn|3\n|\n|t:|1776212432\n|move|p1a: Glimmora|Earth Power|p2b: Tyranitar\n|-supereffective|p2b: Tyranitar|1\n|-damage|p2b: Tyranitar|45/100 psn\n|move|p2b: Tyranitar|Rock Slide|p1b: Corviknight|[spread] p1a,p1b\n|-damage|p1a: Glimmora|64/100\n|-damage|p1b: Corviknight|73/100\n|move|p2a: Milotic|Icy Wind|p1b: Corviknight|[spread] p1a,p1b\n|-crit|p1b: Corviknight\n|-damage|p1a: Glimmora|53/100\n|-damage|p1b: Corviknight|56/100\n|-unboost|p1a: Glimmora|spe|1\n|-ability|p1b: Corviknight|Mirror Armor\n|-unboost|p2a: Milotic|spe|1\n|-ability|p2a: Milotic|Competitive|boost\n|-boost|p2a: Milotic|spa|2\n|cant|p1b: Corviknight|flinch\n|\n|-weather|Sandstorm|[upkeep]\n|-damage|p2a: Milotic|48/100|[from] Sandstorm\n|-heal|p1b: Corviknight|62/100|[from] item: Leftovers\n|-heal|p2a: Milotic|53/100|[from] item: Leftovers\n|-damage|p2b: Tyranitar|33/100 psn|[from] psn\n|upkeep\n|turn|4\n|\n|t:|1776212454\n|switch|p2b: Dragonite|Dragonite, L50, M|100/100\n|move|p1a: Glimmora|Spiky Shield|p1a: Glimmora\n|-singleturn|p1a: Glimmora|move: Protect\n|move|p2a: Milotic|Protect|p2a: Milotic\n|-singleturn|p2a: Milotic|Protect\n|move|p1b: Corviknight|Body Press|p2b: Dragonite\n|-resisted|p2b: Dragonite|1\n|-damage|p2b: Dragonite|90/100\n|\n|-weather|Sandstorm|[upkeep]\n|-damage|p2b: Dragonite|84/100|[from] Sandstorm\n|-damage|p2a: Milotic|48/100|[from] Sandstorm\n|-heal|p1b: Corviknight|69/100|[from] item: Leftovers\n|-heal|p2a: Milotic|53/100|[from] item: Leftovers\n|upkeep\n|turn|5\n|\n|t:|1776212473\n|move|p2b: Dragonite|Tailwind|p2b: Dragonite\n|-sidestart|p2: Celesarn|move: Tailwind\n|move|p2a: Milotic|Scald|p1a: Glimmora\n|-supereffective|p1a: Glimmora|1\n|-damage|p1a: Glimmora|0 fnt\n|faint|p1a: Glimmora\n|move|p1b: Corviknight|Iron Defense|p1b: Corviknight\n|-boost|p1b: Corviknight|def|2\n|\n|-weather|none\n|-heal|p2a: Milotic|59/100|[from] item: Leftovers\n|-heal|p1b: Corviknight|75/100|[from] item: Leftovers\n|upkeep\n|\n|t:|1776212489\n|switch|p1a: Ninetales|Ninetales-Alola, L50, M|95/100\n|-weather|Snowscape|[from] ability: Snow Warning|[of] p1a: Ninetales\n|turn|6\n|\n|t:|1776212499\n|switch|p2b: Tyranitar|Tyranitar, L50, M|33/100 psn\n|-weather|Sandstorm|[from] ability: Sand Stream|[of] p2b: Tyranitar\n|move|p1a: Ninetales|Blizzard|p2b: Tyranitar|[spread] p2a\n|-miss|p1a: Ninetales|p2b: Tyranitar\n|-resisted|p2a: Milotic|1\n|-damage|p2a: Milotic|46/100\n|move|p2a: Milotic|Scald|p1b: Corviknight\n|-damage|p1b: Corviknight|17/100\n|-status|p1b: Corviknight|brn\n|move|p1b: Corviknight|Body Press|p2b: Tyranitar\n|-supereffective|p2b: Tyranitar|2\n|-damage|p2b: Tyranitar|0 fnt\n|faint|p2b: Tyranitar\n|\n|-weather|Sandstorm|[upkeep]\n|-damage|p1a: Ninetales|89/100|[from] Sandstorm\n|-damage|p2a: Milotic|40/100|[from] Sandstorm\n|-heal|p2a: Milotic|46/100|[from] item: Leftovers\n|-heal|p1b: Corviknight|23/100 brn|[from] item: Leftovers\n|-damage|p1b: Corviknight|17/100 brn|[from] brn\n|upkeep\n|\n|t:|1776212518\n|switch|p2b: Meganium|Meganium, L50, F|95/100\n|turn|7\n|\n|t:|1776212531\n|switch|p1a: Garchomp|Garchomp, L50, M|100/100\n|detailschange|p2b: Meganium|Meganium-Mega, L50, F\n|-mega|p2b: Meganium|Meganium|Meganiumite\n|move|p1b: Corviknight|Protect|p1b: Corviknight\n|-singleturn|p1b: Corviknight|Protect\n|move|p2b: Meganium|Weather Ball|p1a: Garchomp\n|-resisted|p1a: Garchomp|1\n|-damage|p1a: Garchomp|65/100\n|move|p2a: Milotic|Icy Wind|p1b: Corviknight|[spread] p1a\n|-activate|p1b: Corviknight|move: Protect\n|-supereffective|p1a: Garchomp|2\n|-damage|p1a: Garchomp|0 fnt\n|faint|p1a: Garchomp\n|\n|-weather|Sandstorm|[upkeep]\n|-damage|p2b: Meganium|89/100|[from] Sandstorm\n|-damage|p2a: Milotic|40/100|[from] Sandstorm\n|-heal|p2a: Milotic|46/100|[from] item: Leftovers\n|-heal|p1b: Corviknight|23/100 brn|[from] item: Leftovers\n|-damage|p1b: Corviknight|17/100 brn|[from] brn\n|upkeep\n|\n|t:|1776212545\n|switch|p1a: Ninetales|Ninetales-Alola, L50, M|89/100\n|-weather|Snowscape|[from] ability: Snow Warning|[of] p1a: Ninetales\n|turn|8\n|\n|t:|1776212558\n|move|p2b: Meganium|Weather Ball|p1a: Ninetales\n|-supereffective|p1a: Ninetales|1\n|-damage|p1a: Ninetales|0 fnt\n|faint|p1a: Ninetales\n|move|p2a: Milotic|Scald|p1b: Corviknight\n|-damage|p1b: Corviknight|0 fnt\n|faint|p1b: Corviknight\n|\n|win|Celesarn\n|raw|Barbie120's rating: 1044 &rarr; <strong>1028</strong><br />(-16 for losing)\n|raw|Celesarn's rating: 1065 &rarr; <strong>1093</strong><br />(+28 for winning)\n|l|\u2606Barbie120\n|player|p1|\n",
  "uploadtime": 1776212568,
  "views": 54,
  "formatid": "gen9championsvgc2026regma",
  "rating": 1028,
  "private": 0,
  "password": null
}