{
  "id": "gen9championsvgc2026regma-2587586474",
  "format": "[Gen 9 Champions] VGC 2026 Reg M-A",
  "players": [
    "KurokumaKagi",
    "Huntress345"
  ],
  "log": "|j|\u2606KurokumaKagi\n|j|\u2606Huntress345\n|t:|1776544612\n|gametype|doubles\n|player|p1|KurokumaKagi|2|1086\n|player|p2|Huntress345|gwynn|1022\n|gen|9\n|tier|[Gen 9 Champions] VGC 2026 Reg M-A\n|rated|\n|rule|Species Clause: Limit one of each Pok\u00e9mon\n|rule|Item Clause: Limit 1 of each item\n|clearpoke\n|poke|p1|Skarmory, L50, M|\n|poke|p1|Sneasler, L50, F|\n|poke|p1|Froslass, L50, F|\n|poke|p1|Starmie, L50|\n|poke|p1|Sinistcha, L50|\n|poke|p1|Typhlosion-Hisui, L50, F|\n|poke|p2|Ampharos, L50, F|\n|poke|p2|Dragapult, L50, M|\n|poke|p2|Wyrdeer, L50, M|\n|poke|p2|Gliscor, L50, F|\n|poke|p2|Meowstic, L50, M|\n|poke|p2|Oranguru, L50, F|\n|teampreview|4\n|\n|t:|1776544655\n|teamsize|p1|4\n|teamsize|p2|4\n|start\n|switch|p1a: Sneasler|Sneasler, L50, F|100/100\n|switch|p1b: Skarmory|Skarmory, L50, M|100/100\n|switch|p2a: Ampharos|Ampharos, L50, F|100/100\n|switch|p2b: Gliscor|Gliscor, L50, F|100/100\n|turn|1\n|\n|t:|1776544685\n|detailschange|p1b: Skarmory|Skarmory-Mega, L50, M\n|-mega|p1b: Skarmory|Skarmory|Skarmorite\n|detailschange|p2a: Ampharos|Ampharos-Mega, L50, F\n|-mega|p2a: Ampharos|Ampharos|Ampharosite\n|-ability|p2a: Ampharos|Mold Breaker\n|move|p1b: Skarmory|Protect|p1b: Skarmory\n|-singleturn|p1b: Skarmory|Protect\n|move|p2b: Gliscor|Dual Wingbeat|p1a: Sneasler\n|-supereffective|p1a: Sneasler|1\n|-damage|p1a: Sneasler|39/100\n|-supereffective|p1a: Sneasler|1\n|-damage|p1a: Sneasler|0 fnt\n|faint|p1a: Sneasler\n|-hitcount|p1: Sneasler|2\n|move|p2a: Ampharos|Parabolic Charge|p1b: Skarmory|[spread] \n|-activate|p1b: Skarmory|move: Protect\n|-immune|p2b: Gliscor\n|\n|upkeep\n|\n|t:|1776544705\n|switch|p1a: Froslass|Froslass, L50, F|100/100\n|turn|2\n|\n|t:|1776544722\n|switch|p2b: Wyrdeer|Wyrdeer, L50, M|100/100\n|-ability|p2b: Wyrdeer|Intimidate|boost\n|-unboost|p1a: Froslass|atk|1\n|-unboost|p1b: Skarmory|atk|1\n|move|p2a: Ampharos|Protect|p2a: Ampharos\n|-singleturn|p2a: Ampharos|Protect\n|move|p1a: Froslass|Destiny Bond|p1a: Froslass\n|-singlemove|p1a: Froslass|Destiny Bond\n|move|p1b: Skarmory|Drill Run|p2a: Ampharos\n|-activate|p2a: Ampharos|move: Protect\n|\n|upkeep\n|turn|3\n|\n|t:|1776544753\n|switch|p2b: Gliscor|Gliscor, L50, F|100/100\n|move|p1b: Skarmory|Protect|p1b: Skarmory\n|-singleturn|p1b: Skarmory|Protect\n|move|p1a: Froslass|Blizzard|p2b: Gliscor|[spread] p2a,p2b\n|-supereffective|p2a: Ampharos|1\n|-supereffective|p2b: Gliscor|2\n|-damage|p2a: Ampharos|37/100\n|-damage|p2b: Gliscor|0 fnt\n|faint|p2b: Gliscor\n|move|p2a: Ampharos|Parabolic Charge|p1b: Skarmory|[spread] p1a\n|-activate|p1b: Skarmory|move: Protect\n|-damage|p1a: Froslass|48/100\n|-heal|p2a: Ampharos|60/100|[from] drain|[of] p1a: Froslass\n|\n|upkeep\n|\n|t:|1776544769\n|switch|p2b: Dragapult|Dragapult, L50, M|100/100\n|turn|4\n|\n|t:|1776544792\n|move|p2b: Dragapult|Dragon Cheer|p2a: Ampharos\n|-start|p2a: Ampharos|move: Dragon Cheer\n|move|p1a: Froslass|Shadow Ball|p2b: Dragapult\n|-supereffective|p2b: Dragapult|1\n|-damage|p2b: Dragapult|8/100\n|move|p1b: Skarmory|Drill Run|p2a: Ampharos\n|-supereffective|p2a: Ampharos|1\n|-damage|p2a: Ampharos|17/100\n|move|p2a: Ampharos|Parabolic Charge|p1a: Froslass|[spread] p2b,p1a,p1b\n|-resisted|p2b: Dragapult|1\n|-crit|p1a: Froslass\n|-supereffective|p1b: Skarmory|1\n|-crit|p1b: Skarmory\n|-damage|p2b: Dragapult|0 fnt\n|-heal|p2a: Ampharos|21/100|[from] drain|[of] p2b: Dragapult\n|-damage|p1a: Froslass|0 fnt\n|-heal|p2a: Ampharos|42/100|[from] drain|[of] p1a: Froslass\n|-damage|p1b: Skarmory|0 fnt\n|-heal|p2a: Ampharos|89/100|[from] drain|[of] p1b: Skarmory\n|faint|p2b: Dragapult\n|faint|p1a: Froslass\n|faint|p1b: Skarmory\n|\n|upkeep\n|\n|t:|1776544814\n|switch|p2b: Wyrdeer|Wyrdeer, L50, M|100/100\n|switch|p1b: Typhlosion|Typhlosion-Hisui, L50, F|100/100\n|-item|p2a: Ampharos|Ampharosite|[from] ability: Frisk|[of] p1b: Typhlosion\n|-item|p2b: Wyrdeer|Silk Scarf|[from] ability: Frisk|[of] p1b: Typhlosion\n|-ability|p2b: Wyrdeer|Intimidate|boost\n|-unboost|p1b: Typhlosion|atk|1\n|turn|5\n|\n|t:|1776544829\n|move|p1b: Typhlosion|Eruption|p2b: Wyrdeer|[spread] p2a,p2b\n|-resisted|p2a: Ampharos|1\n|-damage|p2a: Ampharos|56/100\n|-damage|p2b: Wyrdeer|29/100\n|move|p2a: Ampharos|Thunder|p1b: Typhlosion\n|-crit|p1b: Typhlosion\n|-damage|p1b: Typhlosion|0 fnt\n|faint|p1b: Typhlosion\n|\n|win|Huntress345\n|raw|KurokumaKagi's rating: 1086 &rarr; <strong>1059</strong><br />(-27 for losing)\n|raw|Huntress345's rating: 1022 &rarr; <strong>1065</strong><br />(+43 for winning)\n|l|\u2606KurokumaKagi\n|player|p1|\n",
  "uploadtime": 1776544840,
  "views": 15,
  "formatid": "gen9championsvgc2026regma",
  "rating": 1059,
  "private": 0,
  "password": null
}