{
  "id": "gen9championsvgc2026regma-2587246075",
  "format": "[Gen 9 Champions] VGC 2026 Reg M-A",
  "players": [
    "NicholasDousa",
    "Snowykyte"
  ],
  "log": "|j|\u2606NicholasDousa\n|j|\u2606Snowykyte\n|t:|1776513907\n|gametype|doubles\n|player|p1|NicholasDousa|brock|1275\n|player|p2|Snowykyte|youngster-gen4dp|1363\n|gen|9\n|tier|[Gen 9 Champions] VGC 2026 Reg M-A\n|rated|\n|rule|Species Clause: Limit one of each Pok\u00e9mon\n|rule|Item Clause: Limit 1 of each item\n|clearpoke\n|poke|p1|Aggron, L50, F|\n|poke|p1|Sinistcha, L50|\n|poke|p1|Incineroar, L50, F|\n|poke|p1|Dragonite, L50, M|\n|poke|p1|Basculegion, L50, M|\n|poke|p1|Pelipper, L50, F|\n|poke|p2|Feraligatr, L50, M|\n|poke|p2|Ninetales-Alola, L50, M|\n|poke|p2|Incineroar, L50, F|\n|poke|p2|Meowscarada, L50, F|\n|poke|p2|Sableye, L50, M|\n|poke|p2|Archaludon, L50, F|\n|teampreview|4\n|inactive|Battle timer is ON: inactive players will automatically lose when time's up. (requested by NicholasDousa)\n|inactive|NicholasDousa has 60 seconds left.\n|inactive|Snowykyte has 60 seconds left.\n|inactive|NicholasDousa has 30 seconds left.\n|inactive|Snowykyte has 30 seconds left.\n|\n|t:|1776513979\n|teamsize|p1|4\n|teamsize|p2|4\n|start\n|switch|p1a: *Title Card*|Aggron, L50, F|100/100\n|switch|p1b: Basculegion|Basculegion, L50, M|100/100\n|switch|p2a: Meowscarada|Meowscarada, L50, F|100/100\n|switch|p2b: Feraligatr|Feraligatr, L50, M|100/100\n|turn|1\n|\n|t:|1776514002\n|switch|p1b: Incineroar|Incineroar, L50, F|100/100\n|-ability|p1b: Incineroar|Intimidate|boost\n|-unboost|p2a: Meowscarada|atk|1\n|-unboost|p2b: Feraligatr|atk|1\n|detailschange|p2b: Feraligatr|Feraligatr-Mega, L50, M\n|-mega|p2b: Feraligatr|Feraligatr|Feraligite\n|detailschange|p1a: *Title Card*|Aggron-Mega, L50, F\n|-mega|p1a: *Title Card*|Aggron|Aggronite\n|move|p2a: Meowscarada|Sucker Punch||[still]\n|-fail|p2a: Meowscarada\n|move|p2b: Feraligatr|Dragon Dance|p2b: Feraligatr\n|-boost|p2b: Feraligatr|atk|1\n|-boost|p2b: Feraligatr|spe|1\n|move|p1a: *Title Card*|Iron Defense|p1a: *Title Card*\n|-boost|p1a: *Title Card*|def|2\n|\n|upkeep\n|turn|2\n|inactive|NicholasDousa has 30 seconds left.\n|inactive|Snowykyte has 30 seconds left.\n|inactive|Snowykyte has 20 seconds left.\n|inactive|Snowykyte has 15 seconds left.\n|\n|t:|1776514043\n|switch|p2a: Archaludon|Archaludon, L50, F|100/100\n|move|p1b: Incineroar|Fake Out|p2b: Feraligatr\n|-damage|p2b: Feraligatr|91/100\n|cant|p2b: Feraligatr|flinch\n|move|p1a: *Title Card*|Iron Defense|p1a: *Title Card*\n|-boost|p1a: *Title Card*|def|2\n|\n|upkeep\n|turn|3\n|inactive|Snowykyte has 30 seconds left.\n|inactive|Snowykyte has 20 seconds left.\n|inactive|Snowykyte has 15 seconds left.\n|inactive|Snowykyte has 10 seconds left.\n|\n|t:|1776514090\n|move|p2b: Feraligatr|Waterfall|p1a: *Title Card*\n|-damage|p1a: *Title Card*|94/100\n|move|p2a: Archaludon|Steel Beam|p1a: *Title Card*\n|-resisted|p1a: *Title Card*|1\n|-damage|p1a: *Title Card*|54/100\n|-damage|p2a: Archaludon|50/100|[from] steelbeam\n|move|p1b: Incineroar|Parting Shot|p2a: Archaludon\n|-unboost|p2a: Archaludon|atk|1\n|-unboost|p2a: Archaludon|spa|1\n|\n|t:|1776514097\n|switch|p1b: Sinistcha|Sinistcha, L50|100/100|[from] Parting Shot\n|-heal|p1a: *Title Card*|78/100|[from] ability: Hospitality|[of] p1b: Sinistcha\n|move|p1a: *Title Card*|Body Press|p2b: Feraligatr\n|-damage|p2b: Feraligatr|1/100\n|\n|upkeep\n|turn|4\n|\n|t:|1776514114\n|move|p1a: *Title Card*|Protect|p1a: *Title Card*\n|-singleturn|p1a: *Title Card*|Protect\n|move|p2b: Feraligatr|Double-Edge|p1b: Sinistcha\n|-damage|p1b: Sinistcha|26/100\n|-damage|p2b: Feraligatr|0 fnt|[from] Recoil\n|faint|p2b: Feraligatr\n|move|p2a: Archaludon|Steel Beam|p1a: *Title Card*\n|-activate|p1a: *Title Card*|move: Protect\n|-damage|p2a: Archaludon|0 fnt|[from] steelbeam\n|faint|p2a: Archaludon\n|move|p1b: Sinistcha|Trick Room|p1b: Sinistcha\n|-fieldstart|move: Trick Room|[of] p1b: Sinistcha\n|\n|upkeep\n|\n|t:|1776514120\n|switch|p2a: Incineroar|Incineroar, L50, F|100/100\n|switch|p2b: Meowscarada|Meowscarada, L50, F|100/100\n|-ability|p2a: Incineroar|Intimidate|boost\n|-unboost|p1a: *Title Card*|atk|1\n|-unboost|p1b: Sinistcha|atk|1\n|turn|5\n|-message|Snowykyte forfeited.\n|\n|win|NicholasDousa\n|raw|NicholasDousa's rating: 1275 &rarr; <strong>1306</strong><br />(+31 for winning)\n|raw|Snowykyte's rating: 1363 &rarr; <strong>1338</strong><br />(-25 for losing)\n|l|\u2606Snowykyte\n|player|p2|\n|c|\u2606NicholasDousa|Gg\n",
  "uploadtime": 1776514144,
  "views": 35,
  "formatid": "gen9championsvgc2026regma",
  "rating": 1306,
  "private": 0,
  "password": null
}