{
  "id": "gen9championsvgc2026regma-2581094076",
  "format": "[Gen 9 Champions] VGC 2026 Reg M-A",
  "players": [
    "icedmiguett11",
    "Robt302"
  ],
  "log": "|j|\u2606icedmiguett11\n|j|\u2606Robt302\n|t:|1775959270\n|gametype|doubles\n|player|p1|icedmiguett11|pokemonrangerf|1079\n|player|p2|Robt302|hilbert|1006\n|gen|9\n|tier|[Gen 9 Champions] VGC 2026 Reg M-A\n|rated|\n|rule|Species Clause: Limit one of each Pok\u00e9mon\n|rule|Item Clause: Limit 1 of each item\n|clearpoke\n|poke|p1|Gallade, L50, M|\n|poke|p1|Whimsicott, L50, M|\n|poke|p1|Sableye, L50, F|\n|poke|p1|Garchomp, L50, M|\n|poke|p1|Rotom-Wash, L50|\n|poke|p1|Corviknight, L50, M|\n|poke|p2|Tyranitar, L50, F|\n|poke|p2|Excadrill, L50, F|\n|poke|p2|Gengar, L50, F|\n|poke|p2|Incineroar, L50, F|\n|poke|p2|Garchomp, L50, M|\n|poke|p2|Sneasler, L50, F|\n|teampreview|4\n|\n|t:|1775959309\n|teamsize|p1|4\n|teamsize|p2|4\n|start\n|switch|p1a: Gallade|Gallade, L50, M, shiny|100/100\n|switch|p1b: Whimsicott|Whimsicott, L50, M|100/100\n|switch|p2a: Gengar|Gengar, L50, F, shiny|100/100\n|switch|p2b: Incineroar|Incineroar, L50, F, shiny|100/100\n|-ability|p2b: Incineroar|Intimidate|boost\n|-unboost|p1a: Gallade|atk|1\n|-unboost|p1b: Whimsicott|atk|1\n|turn|1\n|\n|t:|1775959337\n|detailschange|p2a: Gengar|Gengar-Mega, L50, F, shiny\n|-mega|p2a: Gengar|Gengar|Gengarite\n|detailschange|p1a: Gallade|Gallade-Mega, L50, M, shiny\n|-mega|p1a: Gallade|Gallade|Galladite\n|move|p1a: Gallade|Protect|p1a: Gallade\n|-singleturn|p1a: Gallade|Protect\n|move|p2b: Incineroar|Fake Out|p1b: Whimsicott\n|-damage|p1b: Whimsicott|86/100\n|cant|p1b: Whimsicott|flinch\n|move|p2a: Gengar|Shadow Ball|p1a: Gallade\n|-activate|p1a: Gallade|move: Protect\n|\n|upkeep\n|turn|2\n|\n|t:|1775959363\n|move|p1b: Whimsicott|Tailwind|p1b: Whimsicott\n|-sidestart|p1: icedmiguett11|move: Tailwind\n|move|p1a: Gallade|Psycho Cut|p2a: Gengar\n|-supereffective|p2a: Gengar|1\n|-damage|p2a: Gengar|6/100\n|move|p2a: Gengar|Shadow Ball|p1a: Gallade\n|-supereffective|p1a: Gallade|1\n|-damage|p1a: Gallade|0 fnt\n|faint|p1a: Gallade\n|move|p2b: Incineroar|Flare Blitz|p1b: Whimsicott\n|-supereffective|p1b: Whimsicott|1\n|-damage|p1b: Whimsicott|0 fnt\n|faint|p1b: Whimsicott\n|-damage|p2b: Incineroar|81/100|[from] Recoil\n|\n|upkeep\n|\n|t:|1775959372\n|switch|p1b: Rotom|Rotom-Wash, L50|100/100\n|switch|p1a: Garchomp|Garchomp, L50, M|100/100\n|turn|3\n|\n|t:|1775959388\n|switch|p2a: Garchomp|Garchomp, L50, M, shiny|100/100\n|switch|p2b: Sneasler|Sneasler, L50, F|100/100\n|move|p1a: Garchomp|Earthquake|p2b: Sneasler|[spread] p2a,p2b\n|-immune|p1b: Rotom|[from] ability: Levitate\n|-supereffective|p2b: Sneasler|1\n|-damage|p2a: Garchomp|58/100\n|-damage|p2b: Sneasler|0 fnt\n|faint|p2b: Sneasler\n|move|p1b: Rotom|Hydro Pump|p2a: Garchomp|[miss]\n|-miss|p1b: Rotom|p2a: Garchomp\n|\n|upkeep\n|\n|t:|1775959403\n|switch|p2b: Incineroar|Incineroar, L50, F, shiny|81/100\n|-ability|p2b: Incineroar|Intimidate|boost\n|-unboost|p1a: Garchomp|atk|1\n|-unboost|p1b: Rotom|atk|1\n|turn|4\n|\n|t:|1775959413\n|move|p2b: Incineroar|Fake Out|p1a: Garchomp\n|-damage|p1a: Garchomp|91/100\n|-damage|p2b: Incineroar|69/100|[from] ability: Rough Skin|[of] p1a: Garchomp\n|cant|p1a: Garchomp|flinch\n|move|p1b: Rotom|Hydro Pump|p2b: Incineroar\n|-supereffective|p2b: Incineroar|1\n|-damage|p2b: Incineroar|0 fnt\n|faint|p2b: Incineroar\n|move|p2a: Garchomp|Dragon Claw|p1a: Garchomp\n|-supereffective|p1a: Garchomp|1\n|-crit|p1a: Garchomp\n|-damage|p1a: Garchomp|0 fnt\n|-damage|p2a: Garchomp|46/100|[from] ability: Rough Skin|[of] p1a: Garchomp\n|faint|p1a: Garchomp\n|\n|upkeep\n|\n|t:|1775959429\n|switch|p2b: Gengar|Gengar-Mega, L50, F, shiny|6/100\n|turn|5\n|\n|t:|1775959455\n|move|p1b: Rotom|Protect|p1b: Rotom\n|-singleturn|p1b: Rotom|Protect\n|move|p2b: Gengar|Shadow Ball|p1b: Rotom\n|-activate|p1b: Rotom|move: Protect\n|move|p2a: Garchomp|Dragon Claw|p1b: Rotom\n|-activate|p1b: Rotom|move: Protect\n|\n|-sideend|p1: icedmiguett11|move: Tailwind\n|upkeep\n|turn|6\n|\n|t:|1775959475\n|move|p2b: Gengar|Shadow Ball|p1b: Rotom\n|-damage|p1b: Rotom|45/100\n|-enditem|p1b: Rotom|Sitrus Berry|[eat]\n|-heal|p1b: Rotom|70/100|[from] item: Sitrus Berry\n|move|p2a: Garchomp|Rock Slide|p1b: Rotom\n|-damage|p1b: Rotom|46/100\n|move|p1b: Rotom|Thunderbolt|p2b: Gengar\n|-damage|p2b: Gengar|0 fnt\n|faint|p2b: Gengar\n|\n|upkeep\n|turn|7\n|\n|t:|1775959493\n|move|p1b: Rotom|Protect|p1b: Rotom\n|-singleturn|p1b: Rotom|Protect\n|move|p2a: Garchomp|Dragon Claw|p1b: Rotom\n|-activate|p1b: Rotom|move: Protect\n|\n|upkeep\n|turn|8\n|\n|t:|1775959531\n|move|p2a: Garchomp|Dragon Claw|p1b: Rotom\n|-damage|p1b: Rotom|7/100\n|move|p1b: Rotom|Hydro Pump|p2a: Garchomp\n|-damage|p2a: Garchomp|0 fnt\n|faint|p2a: Garchomp\n|\n|win|icedmiguett11\n|raw|icedmiguett11's rating: 1079 &rarr; <strong>1101</strong><br />(+22 for winning)\n|raw|Robt302's rating: 1006 &rarr; <strong>1000</strong><br />(-6 for losing)\n|l|\u2606Robt302\n|player|p2|\n|l|\u2606icedmiguett11\n|player|p1|\n|j|\u2606icedmiguett11\n|player|p1|icedmiguett11|pokemonrangerf|\n",
  "uploadtime": 1775960058,
  "views": 10,
  "formatid": "gen9championsvgc2026regma",
  "rating": 1000,
  "private": 0,
  "password": null
}