{
  "id": "gen9championsvgc2026regma-2586149015",
  "format": "[Gen 9 Champions] VGC 2026 Reg M-A",
  "players": [
    "RAZZULLIX",
    "MindOverMeta"
  ],
  "log": "|j|\u2606RAZZULLIX\n|j|\u2606MindOverMeta\n|t:|1776405190\n|gametype|doubles\n|player|p1|RAZZULLIX|veteran|1017\n|player|p2|MindOverMeta|266|1013\n|gen|9\n|tier|[Gen 9 Champions] VGC 2026 Reg M-A\n|rated|\n|rule|Species Clause: Limit one of each Pok\u00e9mon\n|rule|Item Clause: Limit 1 of each item\n|clearpoke\n|poke|p1|Ceruledge, L50, M|\n|poke|p1|Sinistcha, L50|\n|poke|p1|Kommo-o, L50, M|\n|poke|p1|Ditto, L50|\n|poke|p1|Tyranitar, L50, M|\n|poke|p1|Tsareena, L50, F|\n|poke|p2|Aerodactyl, L50, M|\n|poke|p2|Charizard, L50, M|\n|poke|p2|Venusaur, L50, F|\n|poke|p2|Aegislash, L50, F|\n|poke|p2|Sneasler, L50, F|\n|poke|p2|Milotic, L50, M|\n|teampreview|4\n|\n|t:|1776405236\n|teamsize|p1|4\n|teamsize|p2|4\n|start\n|switch|p1a: Ceruledge|Ceruledge, L50, M|100/100\n|switch|p1b: Tsareena|Tsareena, L50, F|100/100\n|switch|p2a: Aerodactyl|Aerodactyl, L50, M|100/100\n|switch|p2b: Sneasler|Sneasler, L50, F|100/100\n|turn|1\n|\n|t:|1776405260\n|switch|p2a: Aegislash|Aegislash, L50, F|100/100\n|move|p2b: Sneasler|Dire Claw|p1b: Tsareena\n|-supereffective|p1b: Tsareena|1\n|-damage|p1b: Tsareena|11/100\n|-status|p1b: Tsareena|psn\n|move|p1a: Ceruledge|Bulk Up|p1a: Ceruledge\n|-boost|p1a: Ceruledge|atk|1\n|-boost|p1a: Ceruledge|def|1\n|move|p1b: Tsareena|Bullet Seed|p1a: Ceruledge\n|-resisted|p1a: Ceruledge|1\n|-damage|p1a: Ceruledge|96/100\n|-ability|p1a: Ceruledge|Weak Armor|boost\n|-unboost|p1a: Ceruledge|def|1\n|-boost|p1a: Ceruledge|spe|2\n|-resisted|p1a: Ceruledge|1\n|-damage|p1a: Ceruledge|90/100\n|-ability|p1a: Ceruledge|Weak Armor|boost\n|-unboost|p1a: Ceruledge|def|1\n|-boost|p1a: Ceruledge|spe|2\n|-hitcount|p1a: Ceruledge|2\n|\n|-damage|p1b: Tsareena|0 fnt|[from] psn\n|faint|p1b: Tsareena\n|upkeep\n|\n|t:|1776405284\n|switch|p1b: Ditto|Ditto, L50, shiny|100/100\n|-transform|p1b: Ditto|p2a: Aegislash|[from] ability: Imposter\n|turn|2\n|\n|t:|1776405299\n|move|p1b: Ditto|King's Shield|p1b: Ditto\n|-singleturn|p1b: Ditto|Protect\n|-formechange|p2a: Aegislash|Aegislash-Blade|\n|move|p2a: Aegislash|Shadow Sneak|p1a: Ceruledge\n|-supereffective|p1a: Ceruledge|1\n|-damage|p1a: Ceruledge|0 fnt\n|faint|p1a: Ceruledge\n|move|p2b: Sneasler|Dire Claw|p1b: Ditto\n|-activate|p1b: Ditto|move: Protect\n|-unboost|p2b: Sneasler|atk|1\n|-enditem|p2b: Sneasler|White Herb\n|-clearnegativeboost|p2b: Sneasler|[silent]\n|\n|upkeep\n|\n|t:|1776405312\n|switch|p1a: Sinistcha|Sinistcha, L50|100/100\n|turn|3\n|\n|t:|1776405326\n|move|p1b: Ditto|Shadow Sneak|p2a: Aegislash\n|-supereffective|p2a: Aegislash|1\n|-damage|p2a: Aegislash|55/100\n|move|p2b: Sneasler|Dire Claw|p1a: Sinistcha\n|-damage|p1a: Sinistcha|42/100\n|-status|p1a: Sinistcha|par\n|move|p2a: Aegislash|Poltergeist|p1a: Sinistcha\n|-activate|p1a: Sinistcha|move: Poltergeist|Bright Powder\n|-supereffective|p1a: Sinistcha|1\n|-damage|p1a: Sinistcha|0 fnt\n|faint|p1a: Sinistcha\n|\n|upkeep\n|turn|4\n|\n|t:|1776405342\n|move|p1b: Ditto|Shadow Sneak|p2a: Aegislash\n|-supereffective|p2a: Aegislash|1\n|-damage|p2a: Aegislash|9/100\n|move|p2b: Sneasler|Dire Claw|p1b: Ditto\n|-immune|p1b: Ditto\n|move|p2a: Aegislash|Poltergeist|p1b: Ditto|[miss]\n|-miss|p2a: Aegislash|p1b: Ditto\n|\n|upkeep\n|turn|5\n|\n|t:|1776405349\n|switch|p2b: Charizard|Charizard, L50, M|100/100\n|-formechange|p2a: Aegislash|Aegislash|\n|move|p2a: Aegislash|King's Shield|p2a: Aegislash\n|-singleturn|p2a: Aegislash|Protect\n|move|p1b: Ditto|Shadow Sneak|p2a: Aegislash\n|-activate|p2a: Aegislash|move: Protect\n|-unboost|p1b: Ditto|atk|1\n|\n|upkeep\n|turn|6\n|\n|t:|1776405361\n|switch|p2a: Sneasler|Sneasler, L50, F|100/100\n|detailschange|p2b: Charizard|Charizard-Mega-Y, L50, M\n|-mega|p2b: Charizard|Charizard|Charizardite Y\n|-weather|SunnyDay|[from] ability: Drought|[of] p2b: Charizard\n|move|p2b: Charizard|Fire Blast|p1b: Ditto\n|-supereffective|p1b: Ditto|1\n|-crit|p1b: Ditto\n|-damage|p1b: Ditto|0 fnt\n|faint|p1b: Ditto\n|\n|win|MindOverMeta\n|raw|RAZZULLIX's rating: 1017 &rarr; <strong>1004</strong><br />(-13 for losing)\n|raw|MindOverMeta's rating: 1013 &rarr; <strong>1051</strong><br />(+38 for winning)\n",
  "uploadtime": 1776405362,
  "views": 15,
  "formatid": "gen9championsvgc2026regma",
  "rating": 1004,
  "private": 0,
  "password": null
}