{
  "id": "gen9championsvgc2026regma-2588200368",
  "format": "[Gen 9 Champions] VGC 2026 Reg M-A",
  "players": [
    "yolonunmom",
    "disciple of blahaj"
  ],
  "log": "|j|\u2606yolonunmom\n|j|\u2606disciple of blahaj\n|t:|1776613822\n|gametype|doubles\n|player|p1|yolonunmom|policeman-gen4|1232\n|player|p2|disciple of blahaj|jacinthe|1259\n|gen|9\n|tier|[Gen 9 Champions] VGC 2026 Reg M-A\n|rated|\n|rule|Species Clause: Limit one of each Pok\u00e9mon\n|rule|Item Clause: Limit 1 of each item\n|clearpoke\n|poke|p1|Pelipper, L50, F|\n|poke|p1|Archaludon, L50, M|\n|poke|p1|Talonflame, L50, M|\n|poke|p1|Basculegion, L50, M|\n|poke|p1|Meganium, L50, M|\n|poke|p1|Aegislash, L50, F|\n|poke|p2|Lopunny, L50, M, shiny|\n|poke|p2|Basculegion, L50, M|\n|poke|p2|Klefki, L50, M, shiny|\n|poke|p2|Pelipper, L50, M|\n|poke|p2|Garchomp, L50, F|\n|poke|p2|Aegislash, L50, M|\n|teampreview|4\n|\n|t:|1776613891\n|teamsize|p1|4\n|teamsize|p2|4\n|start\n|switch|p1a: Archaludon|Archaludon, L50, M|100/100\n|switch|p1b: Talonflame|Talonflame, L50, M|100/100\n|switch|p2a: Lopunny|Lopunny, L50, M, shiny|100/100\n|switch|p2b: Basculegion|Basculegion, L50, M|100/100\n|turn|1\n|\n|t:|1776613908\n|detailschange|p2a: Lopunny|Lopunny-Mega, L50, M, shiny\n|-mega|p2a: Lopunny|Lopunny|Lopunnite\n|move|p2a: Lopunny|Fake Out|p1b: Talonflame\n|-damage|p1b: Talonflame|67/100\n|move|p2b: Basculegion|Flip Turn|p1b: Talonflame\n|-supereffective|p1b: Talonflame|1\n|-damage|p1b: Talonflame|0 fnt\n|faint|p1b: Talonflame\n|\n|t:|1776613917\n|switch|p2b: Klefki|Klefki, L50, M, shiny|100/100|[from] Flip Turn\n|move|p1a: Archaludon|Electro Shot||[still]\n|-prepare|p1a: Archaludon|Electro Shot\n|-boost|p1a: Archaludon|spa|1\n|\n|upkeep\n|\n|t:|1776613923\n|switch|p1b: Aegislash|Aegislash, L50, F|100/100\n|turn|2\n|\n|t:|1776613934\n|move|p2b: Klefki|Torment|p1a: Archaludon\n|-start|p1a: Archaludon|Torment\n|move|p2a: Lopunny|Encore|p1a: Archaludon\n|-start|p1a: Archaludon|Encore\n|move|p1a: Archaludon|Electro Shot|p2b: Klefki|[from] lockedmove\n|-damage|p2b: Klefki|22/100\n|move|p1b: Aegislash|Swords Dance|p1b: Aegislash\n|-boost|p1b: Aegislash|atk|2\n|\n|upkeep\n|turn|3\n|\n|t:|1776613951\n|move|p2a: Lopunny|Encore|p1b: Aegislash\n|-start|p1b: Aegislash|Encore\n|-activate|p1a: Archaludon|move: Struggle\n|move|p1a: Archaludon|Struggle|p2a: Lopunny\n|-damage|p2a: Lopunny|86/100\n|-damage|p1a: Archaludon|75/100|[from] recoil\n|move|p2b: Klefki|Foul Play|p1b: Aegislash\n|-supereffective|p1b: Aegislash|1\n|-damage|p1b: Aegislash|13/100\n|move|p1b: Aegislash|Swords Dance|p1b: Aegislash\n|-boost|p1b: Aegislash|atk|2\n|\n|-heal|p1b: Aegislash|19/100|[from] item: Leftovers\n|upkeep\n|turn|4\n|\n|t:|1776613984\n|move|p2a: Lopunny|Close Combat|p1a: Archaludon\n|-supereffective|p1a: Archaludon|1\n|-damage|p1a: Archaludon|0 fnt\n|-unboost|p2a: Lopunny|def|1\n|-unboost|p2a: Lopunny|spd|1\n|faint|p1a: Archaludon\n|move|p2b: Klefki|Foul Play|p1b: Aegislash\n|-supereffective|p1b: Aegislash|1\n|-damage|p1b: Aegislash|0 fnt\n|faint|p1b: Aegislash\n|\n|upkeep\n|\n|t:|1776614000\n|switch|p1b: Basculegion|Basculegion, L50, M|100/100\n|turn|5\n|\n|t:|1776614052\n|move|p2b: Klefki|Thunder Wave|p1b: Basculegion\n|-status|p1b: Basculegion|par\n|move|p2a: Lopunny|Close Combat|p1b: Basculegion\n|-damage|p1b: Basculegion|22/100 par\n|-unboost|p2a: Lopunny|def|1\n|-unboost|p2a: Lopunny|spd|1\n|-enditem|p1b: Basculegion|Sitrus Berry|[eat]\n|-heal|p1b: Basculegion|47/100 par|[from] item: Sitrus Berry\n|move|p1b: Basculegion|Zen Headbutt|p2a: Lopunny\n|-supereffective|p2a: Lopunny|1\n|-damage|p2a: Lopunny|0 fnt\n|faint|p2a: Lopunny\n|\n|upkeep\n|\n|t:|1776614064\n|switch|p2a: Basculegion|Basculegion, L50, M|100/100\n|turn|6\n|\n|t:|1776614098\n|move|p2a: Basculegion|Last Respects|p1b: Basculegion\n|-supereffective|p1b: Basculegion|1\n|-damage|p1b: Basculegion|0 fnt\n|faint|p1b: Basculegion\n|\n|win|disciple of blahaj\n|raw|yolonunmom's rating: 1232 &rarr; <strong>1209</strong><br />(-23 for losing)\n|raw|disciple of blahaj's rating: 1259 &rarr; <strong>1282</strong><br />(+23 for winning)\n|l|\u2606yolonunmom\n|player|p1|\n",
  "uploadtime": 1776614156,
  "views": 10,
  "formatid": "gen9championsvgc2026regma",
  "rating": 1209,
  "private": 0,
  "password": null
}