{
  "id": "gen9championsvgc2026regma-2587583041",
  "format": "[Gen 9 Champions] VGC 2026 Reg M-A",
  "players": [
    "ArmoryOfSkarmory",
    "AtumAsar"
  ],
  "log": "|j|\u2606ArmoryOfSkarmory\n|j|\u2606AtumAsar\n|t:|1776544309\n|gametype|doubles\n|player|p1|ArmoryOfSkarmory|266|\n|player|p2|AtumAsar|brawly|\n|gen|9\n|tier|[Gen 9 Champions] VGC 2026 Reg M-A\n|rated|Tournament battle\n|rule|Species Clause: Limit one of each Pok\u00e9mon\n|rule|Item Clause: Limit 1 of each item\n|clearpoke\n|poke|p1|Garchomp, L50, M|\n|poke|p1|Aerodactyl, L50, M|\n|poke|p1|Delphox, L50, M|\n|poke|p1|Basculegion, L50, M|\n|poke|p1|Sneasler, L50, F|\n|poke|p1|Kingambit, L50, F|\n|poke|p2|Aegislash, L50, M|\n|poke|p2|Oranguru, L50, M|\n|poke|p2|Drampa, L50, M, shiny|\n|poke|p2|Heracross, L50, F|\n|poke|p2|Sneasler, L50, M, shiny|\n|poke|p2|Meganium, L50, F, shiny|\n|teampreview|4\n|j| Hy3ll0\n|j| Mind goblin games\n|j| Plasters\n|c| Plasters|Go Jiggly\n|c| Plasters|dont suck\n|\n|t:|1776544377\n|teamsize|p1|4\n|teamsize|p2|4\n|start\n|switch|p1a: Basculegion|Basculegion, L50, M|100/100\n|switch|p1b: Garchomp|Garchomp, L50, M|100/100\n|switch|p2a: Sneasler|Sneasler, L50, M, shiny|100/100\n|switch|p2b: Oranguru|Oranguru, L50, M|100/100\n|turn|1\n|j| nicotronn\n|\n|t:|1776544407\n|move|p2a: Sneasler|Fake Out|p1b: Garchomp\n|-damage|p1b: Garchomp|84/100\n|-damage|p2a: Sneasler|88/100|[from] ability: Rough Skin|[of] p1b: Garchomp\n|move|p1a: Basculegion|Wave Crash|p2b: Oranguru\n|-damage|p2b: Oranguru|41/100\n|-damage|p1a: Basculegion|81/100|[from] Recoil\n|cant|p1b: Garchomp|flinch\n|move|p2b: Oranguru|Trick Room|p2b: Oranguru\n|-fieldstart|move: Trick Room|[of] p2b: Oranguru\n|\n|upkeep\n|turn|2\n|\n|t:|1776544429\n|move|p2b: Oranguru|Protect|p2b: Oranguru\n|-singleturn|p2b: Oranguru|Protect\n|move|p1b: Garchomp|Protect|p1b: Garchomp\n|-singleturn|p1b: Garchomp|Protect\n|move|p2a: Sneasler|Close Combat|p1b: Garchomp\n|-activate|p1b: Garchomp|move: Protect\n|move|p1a: Basculegion|Wave Crash|p2b: Oranguru\n|-activate|p2b: Oranguru|move: Protect\n|\n|upkeep\n|turn|3\n|\n|t:|1776544451\n|switch|p1b: Delphox|Delphox, L50, M|100/100\n|move|p2b: Oranguru|Instruct|p2a: Sneasler\n|-singleturn|p2a: Sneasler|move: Instruct|[of] p2b: Oranguru\n|move|p2a: Sneasler|Close Combat|p1b: Delphox\n|-resisted|p1b: Delphox|1\n|-damage|p1b: Delphox|45/100\n|-unboost|p2a: Sneasler|def|1\n|-unboost|p2a: Sneasler|spd|1\n|move|p2a: Sneasler|Dire Claw|p1b: Delphox\n|-damage|p1b: Delphox|0 fnt\n|faint|p1b: Delphox\n|move|p1a: Basculegion|Wave Crash|p2a: Sneasler\n|-damage|p2a: Sneasler|0 fnt\n|faint|p2a: Sneasler\n|-damage|p1a: Basculegion|58/100|[from] Recoil\n|\n|upkeep\n|\n|t:|1776544479\n|switch|p1b: Garchomp|Garchomp, L50, M|84/100\n|switch|p2a: Drampa|Drampa, L50, M, shiny|100/100\n|-ability|p2a: Drampa|Cloud Nine\n|turn|4\n|\n|t:|1776544499\n|switch|p1a: Kingambit|Kingambit, L50, F|100/100\n|detailschange|p2a: Drampa|Drampa-Mega, L50, M, shiny\n|-mega|p2a: Drampa|Drampa|Drampanite\n|move|p1b: Garchomp|Protect|p1b: Garchomp\n|-singleturn|p1b: Garchomp|Protect\n|move|p2a: Drampa|Dragon Pulse|p1b: Garchomp\n|-activate|p1b: Garchomp|move: Protect\n|move|p2b: Oranguru|Rock Slide|p1a: Kingambit|[spread] \n|-activate|p1b: Garchomp|move: Protect\n|-miss|p2b: Oranguru|p1a: Kingambit\n|\n|upkeep\n|turn|5\n|\n|t:|1776544526\n|detailschange|p1b: Garchomp|Garchomp-Mega, L50, M\n|-mega|p1b: Garchomp|Garchomp|Garchompite\n|move|p1a: Kingambit|Protect|p1a: Kingambit\n|-singleturn|p1a: Kingambit|Protect\n|move|p2a: Drampa|Dragon Pulse|p1b: Garchomp\n|-supereffective|p1b: Garchomp|1\n|-damage|p1b: Garchomp|0 fnt\n|faint|p1b: Garchomp\n|move|p2b: Oranguru|Instruct|p2a: Drampa\n|-singleturn|p2a: Drampa|move: Instruct|[of] p2b: Oranguru\n|move|p2a: Drampa|Dragon Pulse|p1a: Kingambit\n|-activate|p1a: Kingambit|move: Protect\n|\n|-fieldend|move: Trick Room\n|upkeep\n|\n|t:|1776544538\n|switch|p1b: Basculegion|Basculegion, L50, M|58/100\n|turn|6\n|l| Hy3ll0\n|inactive|Battle timer is ON: inactive players will automatically lose when time's up. (requested by ArmoryOfSkarmory)\n|\n|t:|1776544567\n|move|p2b: Oranguru|Protect|p2b: Oranguru\n|-singleturn|p2b: Oranguru|Protect\n|move|p1b: Basculegion|Wave Crash|p2b: Oranguru\n|-activate|p2b: Oranguru|move: Protect\n|move|p1a: Kingambit|Swords Dance|p1a: Kingambit\n|-boost|p1a: Kingambit|atk|2\n|move|p2a: Drampa|Dragon Pulse|p1b: Basculegion\n|-damage|p1b: Basculegion|1/100\n|\n|upkeep\n|turn|7\n|\n|t:|1776544585\n|move|p2a: Drampa|Protect|p2a: Drampa\n|-singleturn|p2a: Drampa|Protect\n|move|p1b: Basculegion|Wave Crash|p2b: Oranguru\n|-damage|p2b: Oranguru|0 fnt\n|faint|p2b: Oranguru\n|-damage|p1b: Basculegion|0 fnt|[from] Recoil\n|faint|p1b: Basculegion\n|move|p1a: Kingambit|Kowtow Cleave|p2a: Drampa\n|-activate|p2a: Drampa|move: Protect\n|\n|upkeep\n|\n|t:|1776544595\n|switch|p2b: Heracross|Heracross, L50, F|100/100\n|turn|8\n|\n|t:|1776544607\n|move|p1a: Kingambit|Sucker Punch|p2b: Heracross\n|-resisted|p2b: Heracross|1\n|-damage|p2b: Heracross|47/100\n|move|p2b: Heracross|Close Combat|p1a: Kingambit\n|-supereffective|p1a: Kingambit|2\n|-damage|p1a: Kingambit|0 fnt\n|-unboost|p2b: Heracross|def|1\n|-unboost|p2b: Heracross|spd|1\n|faint|p1a: Kingambit\n|\n|win|AtumAsar\n|n|\u2606ArmoryOfSkarmory|armoryofskarmory\n|n|\u2606AtumAsar|atumasar\n|n| Mind goblin games|mindgoblingames\n|n| Plasters|plasters\n|n| nicotronn|nicotronn\n",
  "uploadtime": 1776544607,
  "views": 14,
  "formatid": "gen9championsvgc2026regma",
  "rating": null,
  "private": 0,
  "password": null
}