{
  "id": "gen9championsvgc2026regma-2588349663",
  "format": "[Gen 9 Champions] VGC 2026 Reg M-A",
  "players": [
    "Pelgaphil",
    "Rafikithagod"
  ],
  "log": "|j|\u2606Pelgaphil\n|j|\u2606Rafikithagod\n|t:|1776626225\n|gametype|doubles\n|player|p1|Pelgaphil|lucas-gen4pt|1000\n|player|p2|Rafikithagod|pokefan|1073\n|gen|9\n|tier|[Gen 9 Champions] VGC 2026 Reg M-A\n|rated|\n|rule|Species Clause: Limit one of each Pok\u00e9mon\n|rule|Item Clause: Limit 1 of each item\n|clearpoke\n|poke|p1|Meganium, L50, F, shiny|\n|poke|p1|Pelipper, L50, M|\n|poke|p1|Archaludon, L50, M, shiny|\n|poke|p1|Incineroar, L50, F, shiny|\n|poke|p1|Drampa, L50, F, shiny|\n|poke|p1|Raichu, L50, M, shiny|\n|poke|p2|Charizard, L50, F, shiny|\n|poke|p2|Typhlosion-Hisui, L50, F, shiny|\n|poke|p2|Venusaur, L50, M, shiny|\n|poke|p2|Aerodactyl, L50, M, shiny|\n|poke|p2|Garchomp, L50, F, shiny|\n|poke|p2|Rotom-Wash, L50, shiny|\n|teampreview|4\n|inactive|Battle timer is ON: inactive players will automatically lose when time's up. (requested by Rafikithagod)\n|inactive|Pelgaphil has 60 seconds left.\n|inactive|Rafikithagod has 60 seconds left.\nRafikithagod rejected open team sheets.\n|inactive|Pelgaphil has 30 seconds left.\n|inactive|Pelgaphil has 20 seconds left.\n|\n|t:|1776626298\n|teamsize|p1|4\n|teamsize|p2|4\n|start\n|switch|p1a: Pelipper|Pelipper, L50, M|100/100\n|switch|p1b: Archaludon|Archaludon, L50, M, shiny|100/100\n|switch|p2a: Aerodactyl|Aerodactyl, L50, M, shiny|100/100\n|switch|p2b: Venusaur|Venusaur, L50, M, shiny|100/100\n|-ability|p2a: Aerodactyl|Unnerve\n|-weather|RainDance|[from] ability: Drizzle|[of] p1a: Pelipper\n|turn|1\n|\n|t:|1776626317\n|switch|p1a: Meganium|Meganium, L50, F, shiny|100/100\n|move|p2a: Aerodactyl|Tailwind|p2a: Aerodactyl\n|-sidestart|p2: Rafikithagod|move: Tailwind\n|move|p2b: Venusaur|Sleep Powder|p1b: Archaludon\n|-status|p1b: Archaludon|slp|[from] move: Sleep Powder\n|cant|p1b: Archaludon|slp\n|\n|-weather|RainDance|[upkeep]\n|upkeep\n|turn|2\n|\n|t:|1776626332\n|switch|p2b: Charizard|Charizard, L50, F, shiny|100/100\n|detailschange|p1a: Meganium|Meganium-Mega, L50, F, shiny\n|-mega|p1a: Meganium|Meganium|Meganiumite\n|move|p2a: Aerodactyl|Dual Wingbeat|p1a: Meganium\n|-supereffective|p1a: Meganium|1\n|-damage|p1a: Meganium|64/100\n|-supereffective|p1a: Meganium|1\n|-damage|p1a: Meganium|32/100\n|-hitcount|p1a: Meganium|2\n|-curestatus|p1b: Archaludon|slp|[msg]\n|move|p1b: Archaludon|Electro Shot||[still]\n|-prepare|p1b: Archaludon|Electro Shot\n|-boost|p1b: Archaludon|spa|1\n|-anim|p1b: Archaludon|Electro Shot|p2a: Aerodactyl\n|-supereffective|p2a: Aerodactyl|1\n|-damage|p2a: Aerodactyl|0 fnt\n|faint|p2a: Aerodactyl\n|move|p1a: Meganium|Weather Ball|p2b: Charizard\n|-resisted|p2b: Charizard|1\n|-damage|p2b: Charizard|61/100\n|\n|-weather|RainDance|[upkeep]\n|upkeep\n|\n|t:|1776626352\n|switch|p2a: Typhlosion|Typhlosion-Hisui, L50, F, shiny|100/100\n|-item|p1a: Meganium|Meganiumite|[from] ability: Frisk|[of] p2a: Typhlosion\n|-item|p1b: Archaludon|Leftovers|[from] ability: Frisk|[of] p2a: Typhlosion\n|turn|3\n|inactive|Pelgaphil has 30 seconds left.\n|\n|t:|1776626377\n|switch|p1a: Incineroar|Incineroar, L50, F, shiny|100/100\n|-ability|p1a: Incineroar|Intimidate|boost\n|-unboost|p2a: Typhlosion|atk|1\n|-unboost|p2b: Charizard|atk|1\n|detailschange|p2b: Charizard|Charizard-Mega-Y, L50, F, shiny\n|-mega|p2b: Charizard|Charizard|Charizardite Y\n|-weather|SunnyDay|[from] ability: Drought|[of] p2b: Charizard\n|move|p2a: Typhlosion|Eruption|p1b: Archaludon|[spread] p1a,p1b\n|-resisted|p1a: Incineroar|1\n|-damage|p1a: Incineroar|48/100\n|-damage|p1b: Archaludon|0 fnt\n|faint|p1b: Archaludon\n|move|p2b: Charizard|Flamethrower|p1a: Incineroar\n|-resisted|p1a: Incineroar|1\n|-damage|p1a: Incineroar|0 fnt\n|faint|p1a: Incineroar\n|\n|-weather|SunnyDay|[upkeep]\n|upkeep\n|\n|t:|1776626393\n|switch|p1b: Meganium|Meganium-Mega, L50, F, shiny|32/100\n|switch|p1a: Pelipper|Pelipper, L50, M|100/100\n|-weather|RainDance|[from] ability: Drizzle|[of] p1a: Pelipper\n|turn|4\n|\n|t:|1776626408\n|switch|p2b: Venusaur|Venusaur, L50, M, shiny|100/100\n|move|p2a: Typhlosion|Eruption|p1a: Pelipper|[spread] p1a,p1b\n|-resisted|p1a: Pelipper|1\n|-supereffective|p1b: Meganium|1\n|-damage|p1a: Pelipper|76/100\n|-damage|p1b: Meganium|0 fnt\n|faint|p1b: Meganium\n|move|p1a: Pelipper|Waterfall|p2b: Venusaur\n|-resisted|p2b: Venusaur|1\n|-damage|p2b: Venusaur|86/100\n|\n|-weather|RainDance|[upkeep]\n|-sideend|p2: Rafikithagod|move: Tailwind\n|upkeep\n|turn|5\n|\n|t:|1776626430\n|move|p2a: Typhlosion|Eruption|p1a: Pelipper\n|-resisted|p1a: Pelipper|1\n|-damage|p1a: Pelipper|41/100\n|move|p2b: Venusaur|Sleep Powder|p1a: Pelipper|[miss]\n|-miss|p2b: Venusaur|p1a: Pelipper\n|move|p1a: Pelipper|Waterfall|p2a: Typhlosion\n|-supereffective|p2a: Typhlosion|1\n|-damage|p2a: Typhlosion|38/100\n|\n|-weather|RainDance|[upkeep]\n|upkeep\n|turn|6\n|\n|t:|1776626440\n|switch|p2b: Charizard|Charizard-Mega-Y, L50, F, shiny|61/100\n|-weather|SunnyDay|[from] ability: Drought|[of] p2b: Charizard\n|move|p2a: Typhlosion|Eruption|p1a: Pelipper\n|-resisted|p1a: Pelipper|1\n|-damage|p1a: Pelipper|3/100\n|move|p1a: Pelipper|Roost|p1a: Pelipper\n|-heal|p1a: Pelipper|54/100\n|-singleturn|p1a: Pelipper|move: Roost\n|\n|-weather|SunnyDay|[upkeep]\n|upkeep\n|turn|7\n|\n|t:|1776626454\n|move|p1a: Pelipper|Protect|p1a: Pelipper\n|-singleturn|p1a: Pelipper|Protect\n|move|p2a: Typhlosion|Eruption|p1a: Pelipper\n|-activate|p1a: Pelipper|move: Protect\n|move|p2b: Charizard|Thunder Punch|p1a: Pelipper\n|-activate|p1a: Pelipper|move: Protect\n|\n|-weather|SunnyDay|[upkeep]\n|upkeep\n|turn|8\n|\n|t:|1776626464\n|switch|p2a: Venusaur|Venusaur, L50, M, shiny|86/100\n|move|p2b: Charizard|Thunder Punch|p1a: Pelipper\n|-supereffective|p1a: Pelipper|2\n|-damage|p1a: Pelipper|0 fnt\n|faint|p1a: Pelipper\n|\n|win|Rafikithagod\n|raw|Pelgaphil's rating: 1000 &rarr; <strong>1000</strong><br />(+0 for losing)\n|raw|Rafikithagod's rating: 1073 &rarr; <strong>1096</strong><br />(+23 for winning)\n",
  "uploadtime": 1776626466,
  "views": 9,
  "formatid": "gen9championsvgc2026regma",
  "rating": 1000,
  "private": 0,
  "password": null
}