{
  "id": "gen9championsvgc2026regma-2582129124",
  "format": "[Gen 9 Champions] VGC 2026 Reg M-A",
  "players": [
    "aslabofbacon",
    "anez0410"
  ],
  "log": "|j|\u2606aslabofbacon\n|j|\u2606anez0410\n|t:|1776061722\n|gametype|doubles\n|player|p1|aslabofbacon|1|1107\n|player|p2|anez0410|169|1018\n|gen|9\n|tier|[Gen 9 Champions] VGC 2026 Reg M-A\n|rated|\n|rule|Species Clause: Limit one of each Pok\u00e9mon\n|rule|Item Clause: Limit 1 of each item\n|clearpoke\n|poke|p1|Maushold, L50|\n|poke|p1|Garchomp, L50, M|\n|poke|p1|Talonflame, L50, M|\n|poke|p1|Rotom-Wash, L50|\n|poke|p1|Aegislash, L50, M|\n|poke|p1|Floette-Eternal, L50, F|\n|poke|p2|Feraligatr, L50, M|\n|poke|p2|Farigiraf, L50, M|\n|poke|p2|Clefable, L50, F|\n|poke|p2|Altaria, L50, F|\n|poke|p2|Raichu, L50, M|\n|poke|p2|Scizor, L50, F|\n|teampreview|4\n|\n|t:|1776061755\n|teamsize|p1|4\n|teamsize|p2|4\n|start\n|switch|p1a: Maushold|Maushold, L50|100/100\n|switch|p1b: Floette|Floette-Eternal, L50, F|100/100\n|switch|p2a: Feraligatr|Feraligatr, L50, M|100/100\n|switch|p2b: Altaria|Altaria, L50, F|100/100\n|turn|1\n|l|\u2606aslabofbacon\n|player|p1|\n|j|\u2606aslabofbacon\n|player|p1|aslabofbacon|1|\n|\n|t:|1776061773\n|detailschange|p1b: Floette|Floette-Mega, L50, F\n|-mega|p1b: Floette|Floette|Floettite\n|-ability|p1b: Floette|Fairy Aura\n|move|p1a: Maushold|Follow Me|p1a: Maushold\n|-singleturn|p1a: Maushold|move: Follow Me\n|move|p1b: Floette|Calm Mind|p1b: Floette\n|-boost|p1b: Floette|spa|1\n|-boost|p1b: Floette|spd|1\n|move|p2a: Feraligatr|Liquidation|p1a: Maushold\n|-damage|p1a: Maushold|34/100\n|move|p2b: Altaria|Tailwind|p2b: Altaria\n|-sidestart|p2: anez0410|move: Tailwind\n|\n|upkeep\n|turn|2\n|\n|t:|1776061795\n|switch|p2b: Scizor|Scizor, L50, F|100/100\n|move|p1b: Floette|Protect|p1b: Floette\n|-singleturn|p1b: Floette|Protect\n|move|p2a: Feraligatr|Liquidation|p1a: Maushold\n|-damage|p1a: Maushold|0 fnt\n|faint|p1a: Maushold\n|\n|upkeep\n|\n|t:|1776061804\n|switch|p1a: Talonflame|Talonflame, L50, M|100/100\n|turn|3\n|\n|t:|1776061826\n|move|p1a: Talonflame|Tailwind|p1a: Talonflame\n|-sidestart|p1: aslabofbacon|move: Tailwind\n|move|p2b: Scizor|Bullet Punch|p1b: Floette\n|-supereffective|p1b: Floette|1\n|-damage|p1b: Floette|0 fnt\n|faint|p1b: Floette\n|move|p2a: Feraligatr|Liquidation|p1a: Talonflame\n|-supereffective|p1a: Talonflame|1\n|-damage|p1a: Talonflame|0 fnt\n|faint|p1a: Talonflame\n|\n|upkeep\n|\n|t:|1776061835\n|switch|p1a: Garchomp|Garchomp, L50, M|100/100\n|turn|4\n|\n|t:|1776061844\n|detailschange|p2a: Feraligatr|Feraligatr-Mega, L50, M\n|-mega|p2a: Feraligatr|Feraligatr|Feraligite\n|move|p1a: Garchomp|Protect|p1a: Garchomp\n|-singleturn|p1a: Garchomp|Protect\n|move|p2b: Scizor|Bullet Punch|p1a: Garchomp\n|-activate|p1a: Garchomp|move: Protect\n|move|p2a: Feraligatr|Body Slam|p1a: Garchomp\n|-activate|p1a: Garchomp|move: Protect\n|\n|-sideend|p2: anez0410|move: Tailwind\n|upkeep\n|turn|5\n|\n|t:|1776061853\n|move|p2b: Scizor|Bullet Punch|p1a: Garchomp\n|-damage|p1a: Garchomp|60/100\n|-damage|p2b: Scizor|88/100|[from] ability: Rough Skin|[of] p1a: Garchomp\n|move|p1a: Garchomp|Earthquake|p2b: Scizor|[spread] p2a,p2b\n|-damage|p2a: Feraligatr|55/100\n|-damage|p2b: Scizor|42/100\n|move|p2a: Feraligatr|Body Slam|p1a: Garchomp\n|-supereffective|p1a: Garchomp|1\n|-damage|p1a: Garchomp|0 fnt\n|-damage|p2a: Feraligatr|43/100|[from] ability: Rough Skin|[of] p1a: Garchomp\n|faint|p1a: Garchomp\n|\n|win|anez0410\n|raw|aslabofbacon's rating: 1107 &rarr; <strong>1076</strong><br />(-31 for losing)\n|raw|anez0410's rating: 1018 &rarr; <strong>1065</strong><br />(+47 for winning)\n",
  "uploadtime": 1776061868,
  "views": 36,
  "formatid": "gen9championsvgc2026regma",
  "rating": 1065,
  "private": 0,
  "password": null
}