{
  "id": "gen9championsvgc2026regma-2588655145",
  "format": "[Gen 9 Champions] VGC 2026 Reg M-A",
  "players": [
    "Pinker00",
    "salmonsalesman"
  ],
  "log": "|j|\u2606Pinker00\n|j|\u203dsalmonsalesman\n|t:|1776654319\n|gametype|doubles\n|player|p1|Pinker00|102|1410\n|player|p2|salmonsalesman|fisherman-gen4|1471\n|gen|9\n|tier|[Gen 9 Champions] VGC 2026 Reg M-A\n|rated|\n|rule|Species Clause: Limit one of each Pok\u00e9mon\n|rule|Item Clause: Limit 1 of each item\n|clearpoke\n|poke|p1|Garchomp, L50, F|\n|poke|p1|Talonflame, L50, F|\n|poke|p1|Aegislash, L50, M|\n|poke|p1|Rotom-Wash, L50|\n|poke|p1|Floette-Eternal, L50, F|\n|poke|p1|Maushold, L50|\n|poke|p2|Dragapult, L50, F|\n|poke|p2|Milotic, L50, F, shiny|\n|poke|p2|Sinistcha, L50|\n|poke|p2|Sneasler, L50, F|\n|poke|p2|Scizor, L50, M|\n|poke|p2|Heliolisk, L50, M|\n|teampreview|4\n|inactive|Battle timer is ON: inactive players will automatically lose when time's up. (requested by salmonsalesman)\n|\n|t:|1776654357\n|teamsize|p1|4\n|teamsize|p2|4\n|start\n|switch|p1a: Garchomp|Garchomp, L50, F|100/100\n|switch|p1b: Talonflame|Talonflame, L50, F|100/100\n|switch|p2a: Sneasler|Sneasler, L50, F|100/100\n|switch|p2b: Dragapult|Dragapult, L50, F|100/100\n|turn|1\n|j| DissFunktion\n|\n|t:|1776654375\n|switch|p1b: Floette|Floette-Eternal, L50, F|100/100\n|switch|p1a: Aegislash|Aegislash, L50, M|100/100\n|move|p2a: Sneasler|Fake Out|p1b: Floette\n|-damage|p1b: Floette|82/100\n|move|p2b: Dragapult|Dragon Darts|p1a: Aegislash\n|-resisted|p1a: Aegislash|1\n|-damage|p1a: Aegislash|89/100\n|-anim|p2b: Dragapult|Dragon Darts|p1a: Aegislash\n|-resisted|p1a: Aegislash|1\n|-damage|p1a: Aegislash|77/100\n|\n|upkeep\n|turn|2\n|\n|t:|1776654394\n|switch|p2a: Scizor|Scizor, L50, M|100/100\n|move|p1b: Floette|Protect|p1b: Floette\n|-singleturn|p1b: Floette|Protect\n|move|p2b: Dragapult|Phantom Force||[still]\n|-prepare|p2b: Dragapult|Phantom Force\n|-formechange|p1a: Aegislash|Aegislash-Blade|\n|move|p1a: Aegislash|Poltergeist|p2a: Scizor\n|-activate|p2a: Scizor|move: Poltergeist|Scizorite\n|-damage|p2a: Scizor|28/100\n|\n|upkeep\n|turn|3\n|\n|t:|1776654414\n|switch|p1b: Talonflame|Talonflame, L50, F|100/100\n|switch|p1a: Garchomp|Garchomp, L50, F|100/100\n|detailschange|p2a: Scizor|Scizor-Mega, L50, M\n|-mega|p2a: Scizor|Scizor|Scizorite\n|move|p2b: Dragapult|Phantom Force|p1a: Garchomp|[from] lockedmove\n|-damage|p1a: Garchomp|52/100\n|-damage|p2b: Dragapult|88/100|[from] ability: Rough Skin|[of] p1a: Garchomp\n|move|p2a: Scizor|Swords Dance|p2a: Scizor\n|-boost|p2a: Scizor|atk|2\n|\n|upkeep\n|turn|4\n|\n|t:|1776654429\n|move|p1b: Talonflame|Tailwind|p1b: Talonflame\n|-sidestart|p1: Pinker00|move: Tailwind\n|move|p2a: Scizor|Bullet Punch|p1a: Garchomp\n|-damage|p1a: Garchomp|0 fnt\n|-damage|p2a: Scizor|15/100|[from] ability: Rough Skin|[of] p1a: Garchomp\n|faint|p1a: Garchomp\n|move|p2b: Dragapult|Dragon Darts|p1b: Talonflame\n|-damage|p1b: Talonflame|58/100\n|-anim|p2b: Dragapult|Dragon Darts|p1b: Talonflame\n|-damage|p1b: Talonflame|15/100\n|\n|upkeep\n|\n|t:|1776654439\n|switch|p1a: Aegislash|Aegislash, L50, M|77/100\n|turn|5\n|\n|t:|1776654450\n|switch|p2b: Milotic|Milotic, L50, F, shiny|100/100\n|move|p2a: Scizor|Protect|p2a: Scizor\n|-singleturn|p2a: Scizor|Protect\n|-formechange|p1a: Aegislash|Aegislash-Blade|\n|move|p1a: Aegislash|Shadow Sneak|p2a: Scizor\n|-activate|p2a: Scizor|move: Protect\n|move|p1b: Talonflame|Air Slash|p2b: Milotic\n|-damage|p2b: Milotic|80/100\n|\n|-heal|p2b: Milotic|86/100|[from] item: Leftovers\n|upkeep\n|turn|6\n|\n|t:|1776654466\n|switch|p1b: Floette|Floette-Eternal, L50, F|82/100\n|switch|p2a: Sneasler|Sneasler, L50, F|100/100\n|move|p1a: Aegislash|Shadow Sneak|p2a: Sneasler\n|-damage|p2a: Sneasler|53/100\n|move|p2b: Milotic|Scald|p1a: Aegislash\n|-damage|p1a: Aegislash|24/100\n|-status|p1a: Aegislash|brn\n|\n|-heal|p2b: Milotic|92/100|[from] item: Leftovers\n|-damage|p1a: Aegislash|18/100 brn|[from] brn\n|upkeep\n|turn|7\n|\n|t:|1776654482\n|switch|p1a: Talonflame|Talonflame, L50, F|15/100\n|switch|p2b: Scizor|Scizor-Mega, L50, M|15/100\n|move|p1b: Floette|Protect|p1b: Floette\n|-singleturn|p1b: Floette|Protect\n|move|p2a: Sneasler|Fake Out|p1b: Floette\n|-activate|p1b: Floette|move: Protect\n|\n|-sideend|p1: Pinker00|move: Tailwind\n|upkeep\n|turn|8\n|-message|Pinker00 forfeited.\n|\n|win|salmonsalesman\n|raw|Pinker00's rating: 1410 &rarr; <strong>1393</strong><br />(-17 for losing)\n|raw|salmonsalesman's rating: 1471 &rarr; <strong>1488</strong><br />(+17 for winning)\n|l|\u2606Pinker00\n|player|p1|\n",
  "uploadtime": 1776654497,
  "views": 13,
  "formatid": "gen9championsvgc2026regma",
  "rating": 1393,
  "private": 0,
  "password": null
}