{
  "id": "gen9championsvgc2026regma-2586797026",
  "format": "[Gen 9 Champions] VGC 2026 Reg M-A",
  "players": [
    "Lmcd115",
    "Jrmoore896"
  ],
  "log": "|j|\u2606Lmcd115\n|j|\u2606Jrmoore896\n|t:|1776460657\n|gametype|doubles\n|player|p1|Lmcd115|101|1093\n|player|p2|Jrmoore896|red|1086\n|gen|9\n|tier|[Gen 9 Champions] VGC 2026 Reg M-A\n|rated|\n|rule|Species Clause: Limit one of each Pok\u00e9mon\n|rule|Item Clause: Limit 1 of each item\n|clearpoke\n|poke|p1|Meganium, L50, M|\n|poke|p1|Arcanine, L50, M|\n|poke|p1|Heliolisk, L50, F|\n|poke|p1|Pelipper, L50, F|\n|poke|p1|Ninetales-Alola, L50, M|\n|poke|p1|Basculegion, L50, M|\n|poke|p2|Charizard, L50, M|\n|poke|p2|Whimsicott, L50, M|\n|poke|p2|Garchomp, L50, M|\n|poke|p2|Milotic, L50, M|\n|poke|p2|Venusaur, L50, M|\n|poke|p2|Kingambit, L50, M|\n|teampreview|4\n|inactive|Battle timer is ON: inactive players will automatically lose when time's up. (requested by Jrmoore896)\n|inactive|Lmcd115 has 60 seconds left.\n|\n|t:|1776460699\n|teamsize|p1|4\n|teamsize|p2|4\n|start\n|switch|p1a: Pelipper|Pelipper, L50, F|100/100\n|switch|p1b: Arcanine|Arcanine, L50, M|100/100\n|switch|p2a: Whimsicott|Whimsicott, L50, M|100/100\n|switch|p2b: Charizard|Charizard, L50, M, shiny|100/100\n|-ability|p1b: Arcanine|Intimidate|boost\n|-unboost|p2a: Whimsicott|atk|1\n|-unboost|p2b: Charizard|atk|1\n|-weather|RainDance|[from] ability: Drizzle|[of] p1a: Pelipper\n|turn|1\n|inactive|Lmcd115 has 30 seconds left.\n|inactive|Jrmoore896 has 30 seconds left.\n|\n|t:|1776460734\n|detailschange|p2b: Charizard|Charizard-Mega-Y, L50, M, shiny\n|-mega|p2b: Charizard|Charizard|Charizardite Y\n|-weather|SunnyDay|[from] ability: Drought|[of] p2b: Charizard\n|move|p2a: Whimsicott|Tailwind|p2a: Whimsicott\n|-sidestart|p2: Jrmoore896|move: Tailwind\n|move|p2b: Charizard|Heat Wave|p1b: Arcanine|[spread] p1a,p1b\n|-resisted|p1a: Pelipper|1\n|-resisted|p1b: Arcanine|1\n|-damage|p1a: Pelipper|56/100\n|-damage|p1b: Arcanine|67/100\n|move|p1b: Arcanine|Flare Blitz|p2a: Whimsicott\n|-supereffective|p2a: Whimsicott|1\n|-damage|p2a: Whimsicott|0 fnt\n|faint|p2a: Whimsicott\n|-damage|p1b: Arcanine|39/100|[from] Recoil\n|-enditem|p1b: Arcanine|Sitrus Berry|[eat]\n|-heal|p1b: Arcanine|64/100|[from] item: Sitrus Berry\n|move|p1a: Pelipper|Tailwind|p1a: Pelipper\n|-sidestart|p1: Lmcd115|move: Tailwind\n|\n|-weather|SunnyDay|[upkeep]\n|-heal|p1a: Pelipper|62/100|[from] item: Leftovers\n|upkeep\n|\n|t:|1776460755\n|switch|p2a: Garchomp|Garchomp, L50, M|100/100\n|turn|2\n|\n|t:|1776460776\n|switch|p1b: Ninetales|Ninetales-Alola, L50, M|100/100\n|-weather|Snowscape|[from] ability: Snow Warning|[of] p1b: Ninetales\n|move|p2a: Garchomp|Rock Slide|p1a: Pelipper|[spread] p1a,p1b\n|-supereffective|p1a: Pelipper|1\n|-supereffective|p1b: Ninetales|1\n|-damage|p1a: Pelipper|21/100\n|-damage|p1b: Ninetales|60/100\n|move|p2b: Charizard|Heat Wave|p1b: Ninetales|[spread] p1a,p1b\n|-resisted|p1a: Pelipper|1\n|-supereffective|p1b: Ninetales|1\n|-damage|p1a: Pelipper|0 fnt\n|-damage|p1b: Ninetales|0 fnt\n|faint|p1a: Pelipper\n|faint|p1b: Ninetales\n|\n|-weather|Snowscape|[upkeep]\n|upkeep\n|\n|t:|1776460795\n|switch|p1b: Arcanine|Arcanine, L50, M|64/100\n|switch|p1a: Basculegion|Basculegion, L50, M|100/100\n|-ability|p1b: Arcanine|Intimidate|boost\n|-unboost|p2a: Garchomp|atk|1\n|-unboost|p2b: Charizard|atk|1\n|turn|3\n|\n|t:|1776460815\n|switch|p2b: Kingambit|Kingambit, L50, M|100/100\n|move|p1b: Arcanine|Extreme Speed|p2b: Kingambit\n|-resisted|p2b: Kingambit|1\n|-damage|p2b: Kingambit|92/100\n|move|p2a: Garchomp|Rock Slide|p1a: Basculegion|[spread] p1a,p1b\n|-supereffective|p1b: Arcanine|1\n|-damage|p1a: Basculegion|81/100\n|-damage|p1b: Arcanine|36/100\n|move|p1a: Basculegion|Liquidation|p2b: Kingambit\n|-damage|p2b: Kingambit|63/100\n|-heal|p1a: Basculegion|84/100|[from] item: Shell Bell|[of] p2b: Kingambit\n|\n|-weather|Snowscape|[upkeep]\n|upkeep\n|turn|4\n|inactive|Jrmoore896 has 30 seconds left.\n|\n|t:|1776460842\n|switch|p2a: Charizard|Charizard-Mega-Y, L50, M, shiny|100/100\n|-weather|SunnyDay|[from] ability: Drought|[of] p2a: Charizard\n|move|p2b: Kingambit|Sucker Punch|p1b: Arcanine\n|-damage|p1b: Arcanine|0 fnt\n|faint|p1b: Arcanine\n|move|p1a: Basculegion|Wave Crash|p2a: Charizard\n|-supereffective|p2a: Charizard|1\n|-damage|p2a: Charizard|21/100\n|-damage|p1a: Basculegion|64/100|[from] Recoil\n|-heal|p1a: Basculegion|72/100|[from] item: Shell Bell|[of] p2a: Charizard\n|\n|-weather|SunnyDay|[upkeep]\n|-sideend|p1: Lmcd115|move: Tailwind\n|-sideend|p2: Jrmoore896|move: Tailwind\n|upkeep\n|turn|5\n|inactive|Lmcd115 has 30 seconds left.\n|\n|t:|1776460872\n|move|p2b: Kingambit|Sucker Punch|p1a: Basculegion\n|-supereffective|p1a: Basculegion|1\n|-damage|p1a: Basculegion|0 fnt\n|faint|p1a: Basculegion\n|\n|win|Jrmoore896\n|raw|Lmcd115's rating: 1093 &rarr; <strong>1069</strong><br />(-24 for losing)\n|raw|Jrmoore896's rating: 1086 &rarr; <strong>1114</strong><br />(+28 for winning)\n",
  "uploadtime": 1776460881,
  "views": 20,
  "formatid": "gen9championsvgc2026regma",
  "rating": 1069,
  "private": 0,
  "password": null
}