{
  "id": "gen9championsvgc2026regma-2582711722",
  "format": "[Gen 9 Champions] VGC 2026 Reg M-A",
  "players": [
    "AthenaStrive9",
    "Dodadus"
  ],
  "log": "|j|\u2606AthenaStrive9\n|j|\u203dDodadus\n|html|<table width=\"100%\"><tr><td align=\"left\">AthenaStrive9</td><td align=\"right\">Dodadus</tr><tr><td align=\"left\"><i class=\"fa fa-circle-o\"></i> <i class=\"fa fa-circle-o\"></i> </td><td align=\"right\"><i class=\"fa fa-circle-o\"></i> <i class=\"fa fa-circle-o\"></i> </tr></table>\n|uhtml|bestof|<h2><strong>Game 1</strong> of <a href=\"/game-bestof3-gen9championsvgc2026regma-2582711721\">a best-of-3</a></h2>\n|t:|1776108921\n|gametype|doubles\n|player|p1|AthenaStrive9|nancy|\n|player|p2|Dodadus|clown|\n|gen|9\n|tier|[Gen 9 Champions] VGC 2026 Reg M-A\n|rated|Tournament battle\n|rule|Species Clause: Limit one of each Pok\u00e9mon\n|rule|Item Clause: Limit 1 of each item\n|raw|<div class=\"infobox\"><details class=\"readmore\" open><summary><strong>2 custom rules:</strong></summary> Force Open Team Sheets, Best of = 3</details></div>\n|clearpoke\n|poke|p1|Floette-Eternal, L50, F|\n|poke|p1|Sneasler, L50, M|\n|poke|p1|Corviknight, L50, F|\n|poke|p1|Aerodactyl, L50, F|\n|poke|p1|Sinistcha-Masterpiece, L50|\n|poke|p1|Incineroar, L50, F|\n|poke|p2|Incineroar, L50, F|\n|poke|p2|Sinistcha, L50|\n|poke|p2|Sneasler, L50, F|\n|poke|p2|Rotom-Wash, L50|\n|poke|p2|Garchomp, L50, F|\n|poke|p2|Gardevoir, L50, F|\n|teampreview|4\n|showteam|p1|Floette-Eternal||Floettite|FlowerVeil|Protect,Moonblast,DazzlingGleam,CalmMind|||F|||50|]Sneasler||FocusSash|Unburden|DireClaw,CloseCombat,FakeOut,Coaching|||M|||50|]Corviknight||Leftovers|MirrorArmor|Roost,IronHead,BodyPress,BulkUp|||F|||50|]Aerodactyl||WhiteHerb|Unnerve|Protect,RockSlide,DualWingbeat,Tailwind|||F|||50|]Sinistcha-Masterpiece||SitrusBerry|Hospitality|RagePowder,MatchaGotcha,LifeDew,TrickRoom||||||50|]Incineroar||LumBerry|Intimidate|DarkestLariat,FlareBlitz,FakeOut,PartingShot|||F|||50|\n|showteam|p2|Incineroar||ChopleBerry|Intimidate|FakeOut,PartingShot,FlareBlitz,DarkestLariat|||F|||50|]Sinistcha||Leftovers|Hospitality|RagePowder,TrickRoom,MatchaGotcha,LifeDew||||||50|]Sneasler||WhiteHerb|Unburden|Protect,FakeOut,DireClaw,CloseCombat|||F|||50|]Rotom-Wash||SitrusBerry|Levitate|VoltSwitch,WillOWisp,Thunderbolt,HydroPump||||||50|]Garchomp||ChoiceScarf|RoughSkin|Earthquake,DragonClaw,RockSlide,IronHead|||F|||50|]Gardevoir||Gardevoirite|Trace|Protect,CalmMind,DrainingKiss,HyperVoice|||F|||50|\nAthenaStrive9 has agreed to open team sheets.\nDodadus has agreed to open team sheets.\n|showteam|p1|Floette-Eternal||Floettite|FlowerVeil|Protect,Moonblast,DazzlingGleam,CalmMind|||F|||50|]Sneasler||FocusSash|Unburden|DireClaw,CloseCombat,FakeOut,Coaching|||M|||50|]Corviknight||Leftovers|MirrorArmor|Roost,IronHead,BodyPress,BulkUp|||F|||50|]Aerodactyl||WhiteHerb|Unnerve|Protect,RockSlide,DualWingbeat,Tailwind|||F|||50|]Sinistcha-Masterpiece||SitrusBerry|Hospitality|RagePowder,MatchaGotcha,LifeDew,TrickRoom||||||50|]Incineroar||LumBerry|Intimidate|DarkestLariat,FlareBlitz,FakeOut,PartingShot|||F|||50|\n|showteam|p2|Incineroar||ChopleBerry|Intimidate|FakeOut,PartingShot,FlareBlitz,DarkestLariat|||F|||50|]Sinistcha||Leftovers|Hospitality|RagePowder,TrickRoom,MatchaGotcha,LifeDew||||||50|]Sneasler||WhiteHerb|Unburden|Protect,FakeOut,DireClaw,CloseCombat|||F|||50|]Rotom-Wash||SitrusBerry|Levitate|VoltSwitch,WillOWisp,Thunderbolt,HydroPump||||||50|]Garchomp||ChoiceScarf|RoughSkin|Earthquake,DragonClaw,RockSlide,IronHead|||F|||50|]Gardevoir||Gardevoirite|Trace|Protect,CalmMind,DrainingKiss,HyperVoice|||F|||50|\n|j| Rodaku\n|\n|t:|1776109059\n|teamsize|p1|4\n|teamsize|p2|4\n|start\n|switch|p1a: Corviknight|Corviknight, L50, F, shiny|100/100\n|switch|p1b: Sneasler|Sneasler, L50, M|100/100\n|switch|p2a: Rotom|Rotom-Wash, L50, shiny|100/100\n|switch|p2b: Gardevoir|Gardevoir, L50, F, shiny|100/100\n|-ability|p2b: Gardevoir|Mirror Armor|Trace|[from] ability: Trace|[of] p1a: Corviknight\n|turn|1\n|\n|t:|1776109089\n|switch|p2b: Incineroar|Incineroar, L50, F|100/100\n|-ability|p2b: Incineroar|Intimidate|boost\n|-ability|p1a: Corviknight|Mirror Armor\n|-unboost|p2b: Incineroar|atk|1\n|-unboost|p1b: Sneasler|atk|1\n|move|p1b: Sneasler|Fake Out|p2a: Rotom\n|-damage|p2a: Rotom|92/100\n|cant|p2a: Rotom|flinch\n|move|p1a: Corviknight|Bulk Up|p1a: Corviknight\n|-boost|p1a: Corviknight|atk|1\n|-boost|p1a: Corviknight|def|1\n|\n|upkeep\n|turn|2\n|\n|t:|1776109140\n|switch|p1a: Sinistcha|Sinistcha-Masterpiece, L50, shiny|100/100\n|move|p2b: Incineroar|Fake Out|p1b: Sneasler\n|-damage|p1b: Sneasler|89/100\n|cant|p1b: Sneasler|flinch\n|move|p2a: Rotom|Thunderbolt|p1a: Sinistcha\n|-resisted|p1a: Sinistcha|1\n|-damage|p1a: Sinistcha|85/100\n|-status|p1a: Sinistcha|par\n|\n|upkeep\n|turn|3\n|\n|t:|1776109159\n|move|p1b: Sneasler|Close Combat|p2b: Incineroar\n|-supereffective|p2b: Incineroar|1\n|-enditem|p2b: Incineroar|Chople Berry|[eat]\n|-enditem|p2b: Incineroar|Chople Berry|[weaken]\n|-damage|p2b: Incineroar|66/100\n|-unboost|p1b: Sneasler|def|1\n|-unboost|p1b: Sneasler|spd|1\n|move|p2a: Rotom|Will-O-Wisp|p1b: Sneasler\n|-status|p1b: Sneasler|brn\n|move|p2b: Incineroar|Parting Shot|p1b: Sneasler\n|-unboost|p1b: Sneasler|atk|1\n|-unboost|p1b: Sneasler|spa|1\n|\n|t:|1776109164\n|switch|p2b: Gardevoir|Gardevoir, L50, F, shiny|100/100|[from] Parting Shot\n|-ability|p2b: Gardevoir|Hospitality|Trace|[from] ability: Trace|[of] p1a: Sinistcha\n|-heal|p2a: Rotom|100/100|[from] ability: Hospitality|[of] p2b: Gardevoir\n|move|p1a: Sinistcha|Matcha Gotcha|p2b: Gardevoir|[spread] p2a,p2b\n|-supereffective|p2a: Rotom|1\n|-damage|p2a: Rotom|58/100\n|-heal|p1a: Sinistcha|100/100 par|[from] drain|[of] p2a: Rotom\n|-damage|p2b: Gardevoir|80/100\n|\n|-damage|p1b: Sneasler|83/100 brn|[from] brn\n|upkeep\n|turn|4\n|j| ImprobableBlob\n|\n|t:|1776109174\n|switch|p1b: Floette|Floette-Eternal, L50, F|100/100\n|detailschange|p2b: Gardevoir|Gardevoir-Mega, L50, F, shiny\n|-mega|p2b: Gardevoir|Gardevoir|Gardevoirite\n|move|p2b: Gardevoir|Calm Mind|p2b: Gardevoir\n|-boost|p2b: Gardevoir|spa|1\n|-boost|p2b: Gardevoir|spd|1\n|move|p2a: Rotom|Volt Switch|p1b: Floette\n|-damage|p1b: Floette|80/100\n|\n|t:|1776109180\n|switch|p2a: Incineroar|Incineroar, L50, F|66/100|[from] Volt Switch\n|-ability|p2a: Incineroar|Intimidate|boost\n|-block|p1a: Sinistcha|ability: Flower Veil|[of] p1b: Floette\n|-unboost|p1b: Floette|atk|1\n|move|p1a: Sinistcha|Matcha Gotcha|p2a: Incineroar|[spread] p2a\n|-miss|p1a: Sinistcha|p2b: Gardevoir\n|-resisted|p2a: Incineroar|1\n|-damage|p2a: Incineroar|56/100\n|\n|upkeep\n|turn|5\n|c|\u2606AthenaStrive9|I fucking hate Rotom\n|\n|t:|1776109204\n|switch|p1a: Corviknight|Corviknight, L50, F, shiny|100/100\n|move|p1b: Floette|Protect|p1b: Floette\n|-singleturn|p1b: Floette|Protect\n|move|p2a: Incineroar|Fake Out|p1b: Floette\n|-activate|p1b: Floette|move: Protect\n|move|p2b: Gardevoir|Calm Mind|p2b: Gardevoir\n|-boost|p2b: Gardevoir|spa|1\n|-boost|p2b: Gardevoir|spd|1\n|\n|upkeep\n|turn|6\n|\n|t:|1776109221\n|move|p1b: Floette|Calm Mind|p1b: Floette\n|-boost|p1b: Floette|spa|1\n|-boost|p1b: Floette|spd|1\n|move|p2b: Gardevoir|Hyper Voice|p1b: Floette|[spread] p1a,p1b\n|-resisted|p1a: Corviknight|1\n|-damage|p1a: Corviknight|52/100\n|-damage|p1b: Floette|24/100\n|move|p1a: Corviknight|Iron Head|p2b: Gardevoir\n|-supereffective|p2b: Gardevoir|1\n|-damage|p2b: Gardevoir|14/100\n|move|p2a: Incineroar|Flare Blitz|p1a: Corviknight\n|-supereffective|p1a: Corviknight|1\n|-damage|p1a: Corviknight|0 fnt\n|faint|p1a: Corviknight\n|-damage|p2a: Incineroar|39/100|[from] Recoil\n|\n|upkeep\n|\n|t:|1776109239\n|switch|p1a: Sneasler|Sneasler, L50, M|83/100 brn\n|turn|7\n|\n|t:|1776109249\n|switch|p2a: Sinistcha|Sinistcha, L50|100/100\n|-heal|p2b: Gardevoir|38/100|[from] ability: Hospitality|[of] p2a: Sinistcha\n|detailschange|p1b: Floette|Floette-Mega, L50, F\n|-mega|p1b: Floette|Floette|Floettite\n|-ability|p1b: Floette|Fairy Aura\n|move|p2b: Gardevoir|Protect|p2b: Gardevoir\n|-singleturn|p2b: Gardevoir|Protect\n|move|p1a: Sneasler|Dire Claw|p2b: Gardevoir\n|-activate|p2b: Gardevoir|move: Protect\n|move|p1b: Floette|Moonblast|p2a: Sinistcha\n|-damage|p2a: Sinistcha|0 fnt\n|faint|p2a: Sinistcha\n|\n|-damage|p1a: Sneasler|77/100 brn|[from] brn\n|upkeep\n|\n|t:|1776109264\n|switch|p2a: Incineroar|Incineroar, L50, F|39/100\n|-ability|p2a: Incineroar|Intimidate|boost\n|-unboost|p1a: Sneasler|atk|1\n|-unboost|p1b: Floette|atk|1\n|turn|8\n|\n|t:|1776109270\n|switch|p1a: Sinistcha|Sinistcha-Masterpiece, L50, shiny|100/100 par\n|-heal|p1b: Floette|49/100|[from] ability: Hospitality|[of] p1a: Sinistcha\n|move|p1b: Floette|Protect|p1b: Floette\n|-singleturn|p1b: Floette|Protect\n|move|p2a: Incineroar|Fake Out|p1a: Sinistcha\n|-immune|p1a: Sinistcha\n|move|p2b: Gardevoir|Hyper Voice|p1b: Floette|[spread] p1a\n|-activate|p1b: Floette|move: Protect\n|-damage|p1a: Sinistcha|0 fnt\n|faint|p1a: Sinistcha\n|\n|upkeep\n|\n|t:|1776109274\n|switch|p1a: Sneasler|Sneasler, L50, M|77/100 brn\n|turn|9\n|\n|t:|1776109289\n|move|p2b: Gardevoir|Protect|p2b: Gardevoir\n|-singleturn|p2b: Gardevoir|Protect\n|move|p1a: Sneasler|Dire Claw|p2b: Gardevoir\n|-activate|p2b: Gardevoir|move: Protect\n|move|p1b: Floette|Calm Mind|p1b: Floette\n|-boost|p1b: Floette|spa|1\n|-boost|p1b: Floette|spd|1\n|move|p2a: Incineroar|Flare Blitz|p1a: Sneasler\n|-damage|p1a: Sneasler|0 fnt\n|faint|p1a: Sneasler\n|-damage|p2a: Incineroar|19/100|[from] Recoil\n|\n|upkeep\n|turn|10\n|j| EDJPP\n|c|\u2606AthenaStrive9|fucking bullshit\n|-message|AthenaStrive9 forfeited.\n|\n|win|Dodadus\n|l|\u2606AthenaStrive9\n|player|p1|\n||AthenaStrive9 is ready for game 2.\n",
  "uploadtime": 1776109302,
  "views": 9,
  "formatid": "gen9championsvgc2026regma",
  "rating": null,
  "private": 0,
  "password": null
}