{
  "id": "gen9championsvgc2026regma-2586817777",
  "format": "[Gen 9 Champions] VGC 2026 Reg M-A",
  "players": [
    "Viijohnny07",
    "Devta"
  ],
  "log": "|j|\u2606Viijohnny07\n|j|\u2606Devta\n|t:|1776462388\n|gametype|doubles\n|player|p1|Viijohnny07|102|1205\n|player|p2|Devta|hexmaniac-gen6|1200\n|gen|9\n|tier|[Gen 9 Champions] VGC 2026 Reg M-A\n|rated|\n|rule|Species Clause: Limit one of each Pok\u00e9mon\n|rule|Item Clause: Limit 1 of each item\n|clearpoke\n|poke|p1|Ampharos, L50, M|\n|poke|p1|Politoed, L50, F|\n|poke|p1|Tinkaton, L50, F|\n|poke|p1|Sneasler, L50, M|\n|poke|p1|Incineroar, L50, M|\n|poke|p1|Farigiraf, L50, M|\n|poke|p2|Delphox, L50, M|\n|poke|p2|Sinistcha-Masterpiece, L50|\n|poke|p2|Kingambit, L50, F|\n|poke|p2|Sneasler, L50, F|\n|poke|p2|Aerodactyl, L50, M|\n|poke|p2|Floette-Eternal, L50, F|\n|teampreview|4\n|inactive|Battle timer is ON: inactive players will automatically lose when time's up. (requested by Viijohnny07)\n|inactive|Devta has 60 seconds left.\n|inactive|Devta has 30 seconds left.\n|\n|t:|1776462450\n|teamsize|p1|4\n|teamsize|p2|4\n|start\n|switch|p1a: Sneasler|Sneasler, L50, M|100/100\n|switch|p1b: Farigiraf|Farigiraf, L50, M|100/100\n|switch|p2a: Sinistcha|Sinistcha-Masterpiece, L50|100/100\n|switch|p2b: Sneasler|Sneasler, L50, F|100/100\n|turn|1\n|\n|t:|1776462465\n|move|p1a: Sneasler|Fake Out|p2b: Sneasler\n|-damage|p2b: Sneasler|75/100\n|-immune|p2b: Sneasler\n|cant|p2b: Sneasler|flinch\n|move|p2a: Sinistcha|Matcha Gotcha|p1a: Sneasler|[spread] p1a\n|-miss|p2a: Sinistcha|p1b: Farigiraf\n|-resisted|p1a: Sneasler|1\n|-damage|p1a: Sneasler|84/100\n|move|p1b: Farigiraf|Imprison|p1b: Farigiraf\n|-start|p1b: Farigiraf|move: Imprison\n|\n|upkeep\n|turn|2\n|inactive|Devta has 30 seconds left.\n|inactive|Devta has 20 seconds left.\n|inactive|Devta has 15 seconds left.\n|\n|t:|1776462509\n|switch|p2b: Floette|Floette-Eternal, L50, F|100/100\n|move|p2a: Sinistcha|Rage Powder|p2a: Sinistcha\n|-singleturn|p2a: Sinistcha|move: Rage Powder\n|move|p1a: Sneasler|Dire Claw|p2a: Sinistcha\n|-damage|p2a: Sinistcha|65/100\n|move|p1b: Farigiraf|Trick Room|p1b: Farigiraf\n|-fieldstart|move: Trick Room|[of] p1b: Farigiraf\n|\n|upkeep\n|turn|3\n|\n|t:|1776462534\n|detailschange|p2b: Floette|Floette-Mega, L50, F\n|-mega|p2b: Floette|Floette|Floettite\n|-ability|p2b: Floette|Fairy Aura\n|move|p1b: Farigiraf|Psychic|p2a: Sinistcha\n|-damage|p2a: Sinistcha|34/100\n|-enditem|p2a: Sinistcha|Sitrus Berry|[eat]\n|-heal|p2a: Sinistcha|58/100|[from] item: Sitrus Berry\n|move|p2a: Sinistcha|Matcha Gotcha|p1a: Sneasler|[spread] p1a\n|-miss|p2a: Sinistcha|p1b: Farigiraf\n|-resisted|p1a: Sneasler|1\n|-damage|p1a: Sneasler|67/100\n|-heal|p2a: Sinistcha|66/100|[from] drain|[of] p1a: Sneasler\n|move|p2b: Floette|Moonblast|p1b: Farigiraf\n|-damage|p1b: Farigiraf|30/100\n|move|p1a: Sneasler|Dire Claw|p2b: Floette\n|-supereffective|p2b: Floette|1\n|-damage|p2b: Floette|0 fnt\n|faint|p2b: Floette\n|\n|upkeep\n|\n|t:|1776462553\n|switch|p2b: Kingambit|Kingambit, L50, F|100/100\n|turn|4\n|inactive|Viijohnny07 has 30 seconds left.\n|inactive|Viijohnny07 has 20 seconds left.\n|inactive|Viijohnny07 has 15 seconds left.\n|\n|t:|1776462595\n|move|p1a: Sneasler|Protect|p1a: Sneasler\n|-singleturn|p1a: Sneasler|Protect\n|move|p2b: Kingambit|Iron Head|p1a: Sneasler\n|-activate|p1a: Sneasler|move: Protect\n|move|p1b: Farigiraf|Psychic|p2a: Sinistcha\n|-damage|p2a: Sinistcha|35/100\n|move|p2a: Sinistcha|Matcha Gotcha|p1a: Sneasler|[spread] p1b\n|-activate|p1a: Sneasler|move: Protect\n|-damage|p1b: Farigiraf|9/100\n|-heal|p2a: Sinistcha|49/100|[from] drain|[of] p1b: Farigiraf\n|\n|upkeep\n|turn|5\n|\n|t:|1776462612\n|switch|p1a: Politoed|Politoed, L50, F|100/100\n|-weather|RainDance|[from] ability: Drizzle|[of] p1a: Politoed\n|move|p1b: Farigiraf|Protect|p1b: Farigiraf\n|-singleturn|p1b: Farigiraf|Protect\n|move|p2b: Kingambit|Iron Head|p1a: Politoed\n|-resisted|p1a: Politoed|1\n|-damage|p1a: Politoed|79/100\n|move|p2a: Sinistcha|Matcha Gotcha|p1a: Politoed|[spread] \n|-activate|p1b: Farigiraf|move: Protect\n|-miss|p2a: Sinistcha|p1a: Politoed\n|\n|-weather|RainDance|[upkeep]\n|-heal|p1a: Politoed|85/100|[from] item: Leftovers\n|upkeep\n|turn|6\n|inactive|Viijohnny07 has 30 seconds left.\n|\n|t:|1776462642\n|move|p2b: Kingambit|Kowtow Cleave|p1a: Politoed\n|-damage|p1a: Politoed|36/100\n|move|p1b: Farigiraf|Psychic|p2a: Sinistcha\n|-damage|p2a: Sinistcha|18/100\n|move|p1a: Politoed|Muddy Water|p2b: Kingambit|[spread] p2a,p2b\n|-resisted|p2a: Sinistcha|1\n|-damage|p2a: Sinistcha|1/100\n|-damage|p2b: Kingambit|67/100\n|-unboost|p2a: Sinistcha|accuracy|1\n|-unboost|p2b: Kingambit|accuracy|1\n|-ability|p2b: Kingambit|Defiant|boost\n|-boost|p2b: Kingambit|atk|2\n|move|p2a: Sinistcha|Matcha Gotcha|p1b: Farigiraf|[spread] p1a,p1b\n|-supereffective|p1a: Politoed|1\n|-damage|p1a: Politoed|0 fnt\n|-heal|p2a: Sinistcha|21/100|[from] drain|[of] p1a: Politoed\n|-damage|p1b: Farigiraf|0 fnt\n|-heal|p2a: Sinistcha|26/100|[from] drain|[of] p1b: Farigiraf\n|faint|p1a: Politoed\n|faint|p1b: Farigiraf\n|\n|-weather|RainDance|[upkeep]\n|-fieldend|move: Trick Room\n|upkeep\n|\n|t:|1776462645\n|switch|p1a: Sneasler|Sneasler, L50, M|67/100\n|switch|p1b: Ampharos|Ampharos, L50, M|100/100\n|turn|7\n|l|\u2606Viijohnny07\n|inactive|Viijohnny07 disconnected and has a minute to reconnect!\n|player|p1|\n|inactive|Viijohnny07 has 30 seconds left.\n|j|\u2606Viijohnny07\n|inactive|Viijohnny07 reconnected and has 30 seconds left.\n|player|p1|Viijohnny07|102|\n|inactive|Viijohnny07 has 20 seconds left.\n|\n|t:|1776462684\n|detailschange|p1b: Ampharos|Ampharos-Mega, L50, M\n|-mega|p1b: Ampharos|Ampharos|Ampharosite\n|-ability|p1b: Ampharos|Mold Breaker\n|move|p1a: Sneasler|Fake Out|p2b: Kingambit\n|-resisted|p2b: Kingambit|1\n|-damage|p2b: Kingambit|62/100\n|-immune|p2b: Kingambit\n|move|p2a: Sinistcha|Rage Powder|p2a: Sinistcha\n|-singleturn|p2a: Sinistcha|move: Rage Powder\n|cant|p2b: Kingambit|flinch\n|move|p1b: Ampharos|Dazzling Gleam|p2b: Kingambit|[spread] p2a,p2b\n|-damage|p2a: Sinistcha|0 fnt\n|-damage|p2b: Kingambit|33/100\n|faint|p2a: Sinistcha\n|\n|-weather|RainDance|[upkeep]\n|upkeep\n|\n|t:|1776462694\n|switch|p2a: Sneasler|Sneasler, L50, F|75/100\n|turn|8\n|\n|t:|1776462713\n|move|p1a: Sneasler|Protect|p1a: Sneasler\n|-singleturn|p1a: Sneasler|Protect\n|move|p1b: Ampharos|Protect|p1b: Ampharos\n|-singleturn|p1b: Ampharos|Protect\n|move|p2a: Sneasler|Fake Out|p1a: Sneasler\n|-activate|p1a: Sneasler|move: Protect\n|move|p2b: Kingambit|Sucker Punch||[still]\n|-fail|p2b: Kingambit\n|\n|-weather|RainDance|[upkeep]\n|upkeep\n|turn|9\n|\n|t:|1776462727\n|move|p2b: Kingambit|Sucker Punch|p1b: Ampharos|[miss]\n|-miss|p2b: Kingambit|p1b: Ampharos\n|move|p1a: Sneasler|Close Combat|p2b: Kingambit\n|-supereffective|p2b: Kingambit|2\n|-damage|p2b: Kingambit|0 fnt\n|-unboost|p1a: Sneasler|def|1\n|-unboost|p1a: Sneasler|spd|1\n|faint|p2b: Kingambit\n|move|p2a: Sneasler|Close Combat|p1a: Sneasler\n|-resisted|p1a: Sneasler|1\n|-damage|p1a: Sneasler|0 fnt\n|-unboost|p2a: Sneasler|def|1\n|-unboost|p2a: Sneasler|spd|1\n|faint|p1a: Sneasler\n|-enditem|p2a: Sneasler|White Herb\n|-clearnegativeboost|p2a: Sneasler|[silent]\n|move|p1b: Ampharos|Thunder|p2a: Sneasler\n|-damage|p2a: Sneasler|0 fnt\n|faint|p2a: Sneasler\n|\n|win|Viijohnny07\n|raw|Viijohnny07's rating: 1205 &rarr; <strong>1230</strong><br />(+25 for winning)\n|raw|Devta's rating: 1200 &rarr; <strong>1175</strong><br />(-25 for losing)\n",
  "uploadtime": 1776462727,
  "views": 25,
  "formatid": "gen9championsvgc2026regma",
  "rating": 1175,
  "private": 0,
  "password": null
}