{
  "id": "gen9championsvgc2026regma-2587720725",
  "format": "[Gen 9 Champions] VGC 2026 Reg M-A",
  "players": [
    "animalforce7",
    "Shadoweclipsis"
  ],
  "log": "|j|\u2606animalforce7\n|j|\u2606Shadoweclipsis\n|t:|1776557263\n|gametype|doubles\n|player|p1|animalforce7|170|1204\n|player|p2|Shadoweclipsis|265|1313\n|gen|9\n|tier|[Gen 9 Champions] VGC 2026 Reg M-A\n|rated|\n|rule|Species Clause: Limit one of each Pok\u00e9mon\n|rule|Item Clause: Limit 1 of each item\n|clearpoke\n|poke|p1|Arcanine-Hisui, L50, M|\n|poke|p1|Tyranitar, L50, M|\n|poke|p1|Garchomp, L50, F|\n|poke|p1|Gyarados, L50, M|\n|poke|p1|Whimsicott, L50, M|\n|poke|p1|Skarmory, L50, F|\n|poke|p2|Aggron, L50, M|\n|poke|p2|Sneasler, L50, F|\n|poke|p2|Sinistcha, L50|\n|poke|p2|Delphox, L50, M|\n|poke|p2|Basculegion, L50, M|\n|poke|p2|Aerodactyl, L50, M|\n|teampreview|4\n|inactive|Battle timer is ON: inactive players will automatically lose when time's up. (requested by Shadoweclipsis)\n|inactive|animalforce7 has 60 seconds left.\nShadoweclipsis rejected open team sheets.\n|\n|t:|1776557304\n|teamsize|p1|4\n|teamsize|p2|4\n|start\n|switch|p1a: Skarmory|Skarmory, L50, F|100/100\n|switch|p1b: Whimsicott|Whimsicott, L50, M|100/100\n|switch|p2a: Aggron|Aggron, L50, M|100/100\n|switch|p2b: Sneasler|Sneasler, L50, F|100/100\n|turn|1\n|\n|t:|1776557325\n|detailschange|p2a: Aggron|Aggron-Mega, L50, M\n|-mega|p2a: Aggron|Aggron|Aggronite\n|move|p2b: Sneasler|Fake Out|p1b: Whimsicott\n|-damage|p1b: Whimsicott|78/100\n|cant|p1b: Whimsicott|flinch\n|move|p1a: Skarmory|Drill Peck|p2b: Sneasler\n|-supereffective|p2b: Sneasler|1\n|-damage|p2b: Sneasler|15/100\n|move|p2a: Aggron|Iron Defense|p2a: Aggron\n|-boost|p2a: Aggron|def|2\n|\n|upkeep\n|turn|2\n|inactive|animalforce7 has 30 seconds left.\n|\n|t:|1776557360\n|move|p2b: Sneasler|Protect|p2b: Sneasler\n|-singleturn|p2b: Sneasler|Protect\n|move|p1b: Whimsicott|Tailwind|p1b: Whimsicott\n|-sidestart|p1: animalforce7|move: Tailwind\n|move|p1a: Skarmory|Drill Peck|p2b: Sneasler\n|-activate|p2b: Sneasler|move: Protect\n|move|p2a: Aggron|Heavy Slam|p1b: Whimsicott\n|-supereffective|p1b: Whimsicott|1\n|-crit|p1b: Whimsicott\n|-damage|p1b: Whimsicott|0 fnt\n|faint|p1b: Whimsicott\n|\n|upkeep\n|\n|t:|1776557371\n|switch|p1b: Arcanine|Arcanine-Hisui, L50, M|100/100\n|turn|3\n|\n|t:|1776557393\n|switch|p2b: Sinistcha|Sinistcha, L50|100/100\n|move|p1b: Arcanine|Flare Blitz|p2a: Aggron\n|-supereffective|p2a: Aggron|1\n|-damage|p2a: Aggron|80/100\n|move|p1a: Skarmory|Drill Peck|p2b: Sinistcha\n|-supereffective|p2b: Sinistcha|1\n|-damage|p2b: Sinistcha|49/100\n|move|p2a: Aggron|Body Press|p1b: Arcanine\n|-supereffective|p1b: Arcanine|1\n|-enditem|p1b: Arcanine|Focus Sash\n|-damage|p1b: Arcanine|1/100\n|\n|upkeep\n|turn|4\n|c|\u2606animalforce7|aggron rly is a scary beast\n|inactive|animalforce7 has 30 seconds left.\n|\n|t:|1776557422\n|switch|p2b: Sneasler|Sneasler, L50, F|15/100\n|move|p1b: Arcanine|Flare Blitz|p2b: Sneasler\n|-damage|p2b: Sneasler|0 fnt\n|faint|p2b: Sneasler\n|move|p1a: Skarmory|Iron Defense|p1a: Skarmory\n|-boost|p1a: Skarmory|def|2\n|move|p2a: Aggron|Iron Defense|p2a: Aggron\n|-boost|p2a: Aggron|def|2\n|\n|upkeep\n|\n|t:|1776557433\n|switch|p2b: Basculegion|Basculegion, L50, M|100/100\n|turn|5\n|\n|t:|1776557446\n|switch|p2b: Sinistcha|Sinistcha, L50|49/100\n|-heal|p2a: Aggron|100/100|[from] ability: Hospitality|[of] p2b: Sinistcha\n|move|p1b: Arcanine|Flare Blitz|p2a: Aggron\n|-supereffective|p2a: Aggron|1\n|-damage|p2a: Aggron|87/100\n|-status|p2a: Aggron|brn\n|move|p1a: Skarmory|Body Press|p2a: Aggron\n|-supereffective|p2a: Aggron|1\n|-damage|p2a: Aggron|73/100 brn\n|move|p2a: Aggron|Body Press|p1a: Skarmory\n|-damage|p1a: Skarmory|75/100\n|\n|-heal|p1a: Skarmory|80/100|[from] item: Leftovers\n|-damage|p2a: Aggron|67/100 brn|[from] brn\n|-sideend|p1: animalforce7|move: Tailwind\n|upkeep\n|turn|6\n|inactive|Shadoweclipsis has 30 seconds left.\n|\n|t:|1776557474\n|move|p1b: Arcanine|Flare Blitz|p2b: Sinistcha\n|-supereffective|p2b: Sinistcha|1\n|-enditem|p2b: Sinistcha|Occa Berry|[eat]\n|-enditem|p2b: Sinistcha|Occa Berry|[weaken]\n|-damage|p2b: Sinistcha|0 fnt\n|faint|p2b: Sinistcha\n|move|p1a: Skarmory|Body Press|p2a: Aggron\n|-supereffective|p2a: Aggron|1\n|-damage|p2a: Aggron|54/100 brn\n|move|p2a: Aggron|Body Press|p1b: Arcanine\n|-supereffective|p1b: Arcanine|1\n|-damage|p1b: Arcanine|0 fnt\n|faint|p1b: Arcanine\n|\n|-heal|p1a: Skarmory|86/100|[from] item: Leftovers\n|-damage|p2a: Aggron|47/100 brn|[from] brn\n|upkeep\n|\n|t:|1776557488\n|switch|p1b: Tyranitar|Tyranitar, L50, M|100/100\n|switch|p2b: Basculegion|Basculegion, L50, M|100/100\n|-weather|Sandstorm|[from] ability: Sand Stream|[of] p1b: Tyranitar\n|turn|7\n|\n|t:|1776557499\n|detailschange|p1b: Tyranitar|Tyranitar-Mega, L50, M\n|-mega|p1b: Tyranitar|Tyranitar|Tyranitarite\n|move|p1b: Tyranitar|Protect|p1b: Tyranitar\n|-singleturn|p1b: Tyranitar|Protect\n|move|p2b: Basculegion|Last Respects|p1a: Skarmory\n|-damage|p1a: Skarmory|50/100\n|move|p1a: Skarmory|Body Press|p2a: Aggron\n|-supereffective|p2a: Aggron|1\n|-damage|p2a: Aggron|35/100 brn\n|move|p2a: Aggron|Body Press|p1b: Tyranitar\n|-activate|p1b: Tyranitar|move: Protect\n|\n|-weather|Sandstorm|[upkeep]\n|-damage|p2b: Basculegion|94/100|[from] Sandstorm\n|-heal|p1a: Skarmory|56/100|[from] item: Leftovers\n|-damage|p2a: Aggron|29/100 brn|[from] brn\n|upkeep\n|turn|8\n|\n|t:|1776557522\n|move|p2b: Basculegion|Last Respects|p1a: Skarmory\n|-damage|p1a: Skarmory|22/100\n|move|p1a: Skarmory|Body Press|p2a: Aggron\n|-supereffective|p2a: Aggron|1\n|-damage|p2a: Aggron|15/100 brn\n|move|p1b: Tyranitar|Knock Off|p2b: Basculegion\n|-supereffective|p2b: Basculegion|1\n|-damage|p2b: Basculegion|0 fnt\n|-enditem|p2b: Basculegion|Choice Scarf|[from] move: Knock Off|[of] p1b: Tyranitar\n|faint|p2b: Basculegion\n|move|p2a: Aggron|Body Press|p1b: Tyranitar\n|-supereffective|p1b: Tyranitar|2\n|-damage|p1b: Tyranitar|0 fnt\n|faint|p1b: Tyranitar\n|\n|-weather|Sandstorm|[upkeep]\n|-heal|p1a: Skarmory|28/100|[from] item: Leftovers\n|-damage|p2a: Aggron|9/100 brn|[from] brn\n|upkeep\n|turn|9\n|\n|t:|1776557538\n|move|p1a: Skarmory|Body Press|p2a: Aggron\n|-supereffective|p2a: Aggron|1\n|-damage|p2a: Aggron|0 fnt\n|faint|p2a: Aggron\n|\n|win|animalforce7\n|raw|animalforce7's rating: 1204 &rarr; <strong>1237</strong><br />(+33 for winning)\n|raw|Shadoweclipsis's rating: 1313 &rarr; <strong>1287</strong><br />(-26 for losing)\n|c|\u2606animalforce7|gg\n|l|\u2606animalforce7\n|player|p1|\n",
  "uploadtime": 1776557552,
  "views": 21,
  "formatid": "gen9championsvgc2026regma",
  "rating": 1237,
  "private": 0,
  "password": null
}