{
  "id": "gen9championsvgc2026regma-2580753831",
  "format": "[Gen 9 Champions] VGC 2026 Reg M-A",
  "players": [
    "slurpysigma",
    "migolazo04"
  ],
  "log": "|j|\u2606slurpysigma\n|j|\u2606migolazo04\n|t:|1775929722\n|gametype|doubles\n|player|p1|slurpysigma|169|1062\n|player|p2|migolazo04|265|1130\n|gen|9\n|tier|[Gen 9 Champions] VGC 2026 Reg M-A\n|rated|\n|rule|Species Clause: Limit one of each Pok\u00e9mon\n|rule|Item Clause: Limit 1 of each item\n|clearpoke\n|poke|p1|Tyranitar, L50, M|\n|poke|p1|Sneasler, L50, M|\n|poke|p1|Excadrill, L50, M|\n|poke|p1|Primarina, L50, F|\n|poke|p1|Garchomp, L50, F|\n|poke|p1|Sinistcha, L50|\n|poke|p2|Starmie, L50|\n|poke|p2|Sneasler, L50, M|\n|poke|p2|Sinistcha, L50|\n|poke|p2|Kingambit, L50, F|\n|poke|p2|Dragonite, L50, M|\n|poke|p2|Pelipper, L50, F|\n|teampreview|4\n|inactive|Battle timer is ON: inactive players will automatically lose when time's up. (requested by slurpysigma)\nslurpysigma has agreed to open team sheets.\nmigolazo04 rejected open team sheets.\n|inactive|slurpysigma has 60 seconds left.\n|inactive|migolazo04 has 60 seconds left.\n|\n|t:|1775929768\n|teamsize|p1|4\n|teamsize|p2|4\n|start\n|switch|p1a: Garchomp|Garchomp, L50, F|100/100\n|switch|p1b: Primarina|Primarina, L50, F|100/100\n|switch|p2a: Starmie|Starmie, L50|100/100\n|switch|p2b: Sneasler|Sneasler, L50, M|100/100\n|turn|1\n|inactive|slurpysigma has 30 seconds left.\n|inactive|migolazo04 has 30 seconds left.\n|\n|t:|1775929803\n|switch|p2a: Sinistcha|Sinistcha, L50|100/100\n|move|p1a: Garchomp|Protect|p1a: Garchomp\n|-singleturn|p1a: Garchomp|Protect\n|move|p2b: Sneasler|Fake Out|p1a: Garchomp\n|-activate|p1a: Garchomp|move: Protect\n|move|p1b: Primarina|Moonblast|p2a: Sinistcha\n|-damage|p2a: Sinistcha|54/100\n|\n|upkeep\n|turn|2\n|\n|t:|1775929825\n|switch|p1b: Tyranitar|Tyranitar, L50, M|100/100\n|-weather|Sandstorm|[from] ability: Sand Stream|[of] p1b: Tyranitar\n|detailschange|p1a: Garchomp|Garchomp-Mega, L50, F\n|-mega|p1a: Garchomp|Garchomp|Garchompite\n|move|p2b: Sneasler|Dire Claw|p1b: Tyranitar\n|-resisted|p1b: Tyranitar|1\n|-damage|p1b: Tyranitar|82/100\n|move|p1a: Garchomp|Dragon Claw|p2a: Sinistcha\n|-damage|p2a: Sinistcha|12/100\n|-enditem|p2a: Sinistcha|Sitrus Berry|[eat]\n|-heal|p2a: Sinistcha|37/100|[from] item: Sitrus Berry\n|move|p2a: Sinistcha|Matcha Gotcha|p1b: Tyranitar|[spread] p1a,p1b\n|-supereffective|p1b: Tyranitar|1\n|-damage|p1a: Garchomp|75/100\n|-heal|p2a: Sinistcha|50/100|[from] drain|[of] p1a: Garchomp\n|-damage|p1b: Tyranitar|47/100\n|-heal|p2a: Sinistcha|68/100|[from] drain|[of] p1b: Tyranitar\n|-status|p1a: Garchomp|brn\n|\n|-weather|Sandstorm|[upkeep]\n|-damage|p2b: Sneasler|95/100|[from] Sandstorm\n|-damage|p2a: Sinistcha|62/100|[from] Sandstorm\n|-heal|p1b: Tyranitar|53/100|[from] item: Leftovers\n|-damage|p1a: Garchomp|69/100 brn|[from] brn\n|upkeep\n|turn|3\n|inactive|migolazo04 has 30 seconds left.\n|inactive|migolazo04 has 20 seconds left.\n|\n|t:|1775929865\n|switch|p2b: Pelipper|Pelipper, L50, F|100/100\n|-weather|RainDance|[from] ability: Drizzle|[of] p2b: Pelipper\n|switch|p1a: Sinistcha|Sinistcha, L50|100/100\n|-heal|p1b: Tyranitar|78/100|[from] ability: Hospitality|[of] p1a: Sinistcha\n|move|p2a: Sinistcha|Protect|p2a: Sinistcha\n|-singleturn|p2a: Sinistcha|Protect\n|move|p1b: Tyranitar|Knock Off|p2a: Sinistcha\n|-activate|p2a: Sinistcha|move: Protect\n|\n|-weather|RainDance|[upkeep]\n|-heal|p1b: Tyranitar|84/100|[from] item: Leftovers\n|upkeep\n|turn|4\n|inactive|slurpysigma has 30 seconds left.\n|\n|t:|1775929891\n|move|p1b: Tyranitar|Protect|p1b: Tyranitar\n|-singleturn|p1b: Tyranitar|Protect\n|move|p2b: Pelipper|Icy Wind|p1a: Sinistcha|[spread] p1a\n|-activate|p1b: Tyranitar|move: Protect\n|-supereffective|p1a: Sinistcha|1\n|-damage|p1a: Sinistcha|71/100\n|-unboost|p1a: Sinistcha|spe|1\n|move|p2a: Sinistcha|Strength Sap|p1b: Tyranitar\n|-activate|p1b: Tyranitar|move: Protect\n|move|p1a: Sinistcha|Shadow Ball|p2a: Sinistcha\n|-supereffective|p2a: Sinistcha|1\n|-damage|p2a: Sinistcha|0 fnt\n|faint|p2a: Sinistcha\n|\n|-weather|RainDance|[upkeep]\n|-heal|p1b: Tyranitar|90/100|[from] item: Leftovers\n|upkeep\n|\n|t:|1775929907\n|switch|p2a: Starmie|Starmie, L50|100/100\n|turn|5\n|\n|t:|1775929924\n|switch|p2b: Sneasler|Sneasler, L50, M|95/100\n|switch|p1b: Garchomp|Garchomp-Mega, L50, F|69/100 brn\n|detailschange|p2a: Starmie|Starmie-Mega, L50\n|-mega|p2a: Starmie|Starmie|Starminite\n|move|p1a: Sinistcha|Protect|p1a: Sinistcha\n|-singleturn|p1a: Sinistcha|Protect\n|move|p2a: Starmie|Liquidation|p1b: Garchomp\n|-damage|p1b: Garchomp|0 fnt\n|faint|p1b: Garchomp\n|\n|-weather|RainDance|[upkeep]\n|upkeep\n|\n|t:|1775929935\n|switch|p1b: Tyranitar|Tyranitar, L50, M|90/100\n|-weather|Sandstorm|[from] ability: Sand Stream|[of] p1b: Tyranitar\n|turn|6\n|\n|t:|1775929951\n|switch|p1b: Primarina|Primarina, L50, F|100/100\n|move|p2b: Sneasler|Fake Out|p1b: Primarina\n|-damage|p1b: Primarina|82/100\n|move|p2a: Starmie|Liquidation|p1a: Sinistcha\n|-resisted|p1a: Sinistcha|1\n|-damage|p1a: Sinistcha|40/100\n|-enditem|p1a: Sinistcha|Sitrus Berry|[eat]\n|-heal|p1a: Sinistcha|65/100|[from] item: Sitrus Berry\n|move|p1a: Sinistcha|Strength Sap|p2a: Starmie\n|-unboost|p2a: Starmie|atk|1\n|-heal|p1a: Sinistcha|100/100\n|\n|-weather|Sandstorm|[upkeep]\n|-damage|p2a: Starmie|95/100|[from] Sandstorm\n|-damage|p2b: Sneasler|89/100|[from] Sandstorm\n|-damage|p1b: Primarina|76/100|[from] Sandstorm\n|-damage|p1a: Sinistcha|94/100|[from] Sandstorm\n|upkeep\n|turn|7\n|\n|t:|1775929975\n|switch|p2a: Pelipper|Pelipper, L50, F|100/100\n|-weather|RainDance|[from] ability: Drizzle|[of] p2a: Pelipper\n|move|p2b: Sneasler|Dire Claw|p1b: Primarina\n|-supereffective|p1b: Primarina|1\n|-damage|p1b: Primarina|0 fnt\n|faint|p1b: Primarina\n|move|p1a: Sinistcha|Matcha Gotcha|p2b: Sneasler|[spread] p2a,p2b\n|-resisted|p2b: Sneasler|1\n|-damage|p2a: Pelipper|51/100\n|-heal|p1a: Sinistcha|100/100|[from] drain|[of] p2a: Pelipper\n|-damage|p2b: Sneasler|68/100\n|-status|p2a: Pelipper|brn\n|\n|-weather|RainDance|[upkeep]\n|-damage|p2a: Pelipper|45/100 brn|[from] brn\n|upkeep\n|\n|t:|1775929982\n|switch|p1b: Tyranitar|Tyranitar, L50, M|90/100\n|-weather|Sandstorm|[from] ability: Sand Stream|[of] p1b: Tyranitar\n|turn|8\n|inactive|migolazo04 has 30 seconds left.\n|inactive|slurpysigma has 30 seconds left.\n|inactive|migolazo04 has 20 seconds left.\n|inactive|migolazo04 has 15 seconds left.\n|inactive|migolazo04 has 10 seconds left.\n|inactive|migolazo04 has 5 seconds left.\n|\n|t:|1775930032\n|move|p1b: Tyranitar|Protect|p1b: Tyranitar\n|-singleturn|p1b: Tyranitar|Protect\n|move|p2a: Pelipper|Icy Wind|p1b: Tyranitar|[spread] p1a\n|-activate|p1b: Tyranitar|move: Protect\n|-supereffective|p1a: Sinistcha|1\n|-damage|p1a: Sinistcha|72/100\n|-unboost|p1a: Sinistcha|spe|1\n|move|p2b: Sneasler|Close Combat|p1b: Tyranitar\n|-activate|p1b: Tyranitar|move: Protect\n|move|p1a: Sinistcha|Matcha Gotcha|p2a: Pelipper|[spread] p2b\n|-miss|p1a: Sinistcha|p2a: Pelipper\n|-resisted|p2b: Sneasler|1\n|-damage|p2b: Sneasler|49/100\n|-heal|p1a: Sinistcha|81/100|[from] drain|[of] p2b: Sneasler\n|\n|-weather|Sandstorm|[upkeep]\n|-damage|p2a: Pelipper|39/100 brn|[from] Sandstorm\n|-damage|p2b: Sneasler|43/100|[from] Sandstorm\n|-damage|p1a: Sinistcha|75/100|[from] Sandstorm\n|-heal|p1b: Tyranitar|97/100|[from] item: Leftovers\n|-damage|p2a: Pelipper|34/100 brn|[from] brn\n|upkeep\n|turn|9\n|inactive|slurpysigma has 30 seconds left.\n|inactive|migolazo04 has 30 seconds left.\n|\n|t:|1775930059\n|switch|p2a: Starmie|Starmie-Mega, L50|95/100\n|move|p2b: Sneasler|Close Combat|p1b: Tyranitar\n|-supereffective|p1b: Tyranitar|2\n|-damage|p1b: Tyranitar|0 fnt\n|-unboost|p2b: Sneasler|def|1\n|-unboost|p2b: Sneasler|spd|1\n|faint|p1b: Tyranitar\n|move|p1a: Sinistcha|Shadow Ball|p2b: Sneasler\n|-damage|p2b: Sneasler|0 fnt\n|faint|p2b: Sneasler\n|\n|-weather|Sandstorm|[upkeep]\n|-damage|p2a: Starmie|89/100|[from] Sandstorm\n|-damage|p1a: Sinistcha|68/100|[from] Sandstorm\n|upkeep\n|\n|t:|1775930067\n|switch|p2b: Pelipper|Pelipper, L50, F|34/100 brn\n|-weather|RainDance|[from] ability: Drizzle|[of] p2b: Pelipper\n|turn|10\n|\n|t:|1775930075\n|move|p2b: Pelipper|Hurricane|p1a: Sinistcha\n|-supereffective|p1a: Sinistcha|1\n|-damage|p1a: Sinistcha|0 fnt\n|faint|p1a: Sinistcha\n|\n|win|migolazo04\n|raw|slurpysigma's rating: 1062 &rarr; <strong>1046</strong><br />(-16 for losing)\n|raw|migolazo04's rating: 1130 &rarr; <strong>1150</strong><br />(+20 for winning)\n|l|\u2606slurpysigma\n|player|p1|\n",
  "uploadtime": 1775930075,
  "views": 10,
  "formatid": "gen9championsvgc2026regma",
  "rating": 1046,
  "private": 0,
  "password": null
}