{
  "id": "gen9championsvgc2026regma-2581145369",
  "format": "[Gen 9 Champions] VGC 2026 Reg M-A",
  "players": [
    "4ffr2",
    "Barber1"
  ],
  "log": "|j|\u26064ffr2\n|j|\u2606Barber1\n|t:|1775964250\n|gametype|doubles\n|player|p1|4ffr2|265|1044\n|player|p2|Barber1|cynthia-gen4|1065\n|gen|9\n|tier|[Gen 9 Champions] VGC 2026 Reg M-A\n|rated|\n|rule|Species Clause: Limit one of each Pok\u00e9mon\n|rule|Item Clause: Limit 1 of each item\n|clearpoke\n|poke|p1|Sableye, L50, M|\n|poke|p1|Primarina, L50, M|\n|poke|p1|Gengar, L50, F|\n|poke|p1|Pelipper, L50, M|\n|poke|p1|Talonflame, L50, M|\n|poke|p1|Sneasler, L50, M|\n|poke|p2|Floette-Eternal, L50, F|\n|poke|p2|Aerodactyl, L50, F|\n|poke|p2|Garchomp, L50, M|\n|poke|p2|Maushold, L50|\n|poke|p2|Sneasler, L50, M|\n|poke|p2|Delphox, L50, M|\n|teampreview|4\n|inactive|Battle timer is ON: inactive players will automatically lose when time's up. (requested by Barber1)\n|inactive|4ffr2 also wants the timer to be on.\n|inactive|Barber1 has 60 seconds left.\n|\n|t:|1775964287\n|teamsize|p1|4\n|teamsize|p2|4\n|start\n|switch|p1a: Sableye|Sableye, L50, M|100/100\n|switch|p1b: Primarina|Primarina, L50, M, shiny|100/100\n|switch|p2a: Floette|Floette-Eternal, L50, F|100/100\n|switch|p2b: Aerodactyl|Aerodactyl, L50, F|100/100\n|turn|1\n|inactive|Barber1 has 30 seconds left.\n|inactive|Barber1 has 20 seconds left.\n|inactive|Barber1 has 15 seconds left.\n|\n|t:|1775964328\n|detailschange|p2a: Floette|Floette-Mega, L50, F\n|-mega|p2a: Floette|Floette|Floettite\n|-ability|p2a: Floette|Fairy Aura\n|move|p1a: Sableye|Light Screen|p1a: Sableye\n|-sidestart|p1: 4ffr2|move: Light Screen\n|move|p2b: Aerodactyl|Tailwind|p2b: Aerodactyl\n|-sidestart|p2: Barber1|move: Tailwind\n|move|p2a: Floette|Calm Mind|p2a: Floette\n|-boost|p2a: Floette|spa|1\n|-boost|p2a: Floette|spd|1\n|move|p1b: Primarina|Calm Mind|p1b: Primarina\n|-boost|p1b: Primarina|spa|1\n|-boost|p1b: Primarina|spd|1\n|\n|upkeep\n|turn|2\n|inactive|4ffr2 has 30 seconds left.\n|\n|t:|1775964355\n|move|p1a: Sableye|Encore|p2a: Floette\n|-start|p2a: Floette|Encore\n|move|p2b: Aerodactyl|Dual Wingbeat|p1b: Primarina\n|-damage|p1b: Primarina|79/100\n|-damage|p1b: Primarina|57/100\n|-hitcount|p1b: Primarina|2\n|move|p2a: Floette|Calm Mind|p2a: Floette\n|-boost|p2a: Floette|spa|1\n|-boost|p2a: Floette|spd|1\n|move|p1b: Primarina|Hyper Voice|p2b: Aerodactyl|[spread] p2a,p2b\n|-supereffective|p2b: Aerodactyl|1\n|-damage|p2a: Floette|85/100\n|-enditem|p2b: Aerodactyl|Focus Sash\n|-damage|p2b: Aerodactyl|1/100\n|\n|upkeep\n|turn|3\n|\n|t:|1775964368\n|switch|p1a: Pelipper|Pelipper, L50, M|100/100\n|-weather|RainDance|[from] ability: Drizzle|[of] p1a: Pelipper\n|move|p2b: Aerodactyl|Rock Slide|p1a: Pelipper|[spread] p1a,p1b\n|-supereffective|p1a: Pelipper|1\n|-damage|p1a: Pelipper|43/100\n|-damage|p1b: Primarina|26/100\n|-enditem|p1b: Primarina|Sitrus Berry|[eat]\n|-heal|p1b: Primarina|50/100|[from] item: Sitrus Berry\n|move|p2a: Floette|Calm Mind|p2a: Floette\n|-boost|p2a: Floette|spa|1\n|-boost|p2a: Floette|spd|1\n|move|p1b: Primarina|Hyper Voice|p2b: Aerodactyl|[spread] p2a,p2b\n|-supereffective|p2b: Aerodactyl|1\n|-damage|p2a: Floette|67/100\n|-damage|p2b: Aerodactyl|0 fnt\n|faint|p2b: Aerodactyl\n|\n|-weather|RainDance|[upkeep]\n|upkeep\n|\n|t:|1775964392\n|switch|p2b: Garchomp|Garchomp, L50, M|100/100\n|turn|4\n|\n|t:|1775964401\n|move|p2b: Garchomp|Rock Slide|p1a: Pelipper|[spread] p1b\n|-miss|p2b: Garchomp|p1a: Pelipper\n|-damage|p1b: Primarina|28/100\n|move|p2a: Floette|Calm Mind|p2a: Floette\n|-boost|p2a: Floette|spa|1\n|-boost|p2a: Floette|spd|1\n|move|p1b: Primarina|Hyper Voice|p2a: Floette|[spread] p2a,p2b\n|-damage|p2a: Floette|51/100\n|-damage|p2b: Garchomp|37/100\n|-enditem|p2b: Garchomp|Sitrus Berry|[eat]\n|-heal|p2b: Garchomp|62/100|[from] item: Sitrus Berry\n|move|p1a: Pelipper|Weather Ball|p2a: Floette\n|-damage|p2a: Floette|38/100\n|\n|-weather|RainDance|[upkeep]\n|-end|p2a: Floette|Encore\n|-sideend|p2: Barber1|move: Tailwind\n|upkeep\n|turn|5\n|\n|t:|1775964423\n|move|p2b: Garchomp|Protect|p2b: Garchomp\n|-singleturn|p2b: Garchomp|Protect\n|move|p1b: Primarina|Protect|p1b: Primarina\n|-singleturn|p1b: Primarina|Protect\n|move|p1a: Pelipper|Protect|p1a: Pelipper\n|-singleturn|p1a: Pelipper|Protect\n|move|p2a: Floette|Dazzling Gleam|p1a: Pelipper|[spread] \n|-activate|p1a: Pelipper|move: Protect\n|-activate|p1b: Primarina|move: Protect\n|\n|-weather|RainDance|[upkeep]\n|-sideend|p1: 4ffr2|move: Light Screen\n|upkeep\n|turn|6\n|inactive|4ffr2 has 30 seconds left.\n|inactive|4ffr2 has 20 seconds left.\n|inactive|4ffr2 has 15 seconds left.\n|\n|t:|1775964464\n|move|p2b: Garchomp|Rock Slide|p1a: Pelipper|[spread] p1a,p1b\n|-supereffective|p1a: Pelipper|1\n|-damage|p1a: Pelipper|0 fnt\n|-damage|p1b: Primarina|5/100\n|faint|p1a: Pelipper\n|move|p2a: Floette|Dazzling Gleam|p1b: Primarina\n|-damage|p1b: Primarina|0 fnt\n|faint|p1b: Primarina\n|\n|-weather|RainDance|[upkeep]\n|upkeep\n|\n|t:|1775964467\n|switch|p1b: Gengar|Gengar, L50, F|100/100\n|switch|p1a: Sableye|Sableye, L50, M|100/100\n|turn|7\n|\n|t:|1775964497\n|detailschange|p1b: Gengar|Gengar-Mega, L50, F\n|-mega|p1b: Gengar|Gengar|Gengarite\n|move|p1a: Sableye|Reflect|p1a: Sableye\n|-sidestart|p1: 4ffr2|Reflect\n|move|p1b: Gengar|Sludge Bomb|p2a: Floette\n|-supereffective|p2a: Floette|1\n|-crit|p2a: Floette\n|-damage|p2a: Floette|0 fnt\n|faint|p2a: Floette\n|move|p2b: Garchomp|Dragon Claw|p1a: Sableye\n|-damage|p1a: Sableye|60/100\n|\n|-weather|none\n|upkeep\n|\n|t:|1775964509\n|switch|p2a: Maushold|Maushold, L50|100/100\n|turn|8\n|\n|t:|1775964522\n|move|p2a: Maushold|Follow Me|p2a: Maushold\n|-singleturn|p2a: Maushold|move: Follow Me\n|move|p1a: Sableye|Light Screen|p1a: Sableye\n|-sidestart|p1: 4ffr2|move: Light Screen\n|move|p1b: Gengar|Will-O-Wisp|p2a: Maushold|[miss]\n|-miss|p1b: Gengar|p2a: Maushold\n|move|p2b: Garchomp|Earthquake|p1b: Gengar|[spread] p2a,p1a,p1b\n|-supereffective|p1b: Gengar|1\n|-damage|p2a: Maushold|47/100\n|-damage|p1a: Sableye|23/100\n|-damage|p1b: Gengar|36/100\n|\n|upkeep\n|turn|9\n|\n|t:|1775964537\n|move|p2a: Maushold|Protect|p2a: Maushold\n|-singleturn|p2a: Maushold|Protect\n|move|p1a: Sableye|Encore|p2a: Maushold\n|-activate|p2a: Maushold|move: Protect\n|move|p1b: Gengar|Shadow Ball|p2b: Garchomp\n|-damage|p2b: Garchomp|29/100\n|move|p2b: Garchomp|Earthquake|p1a: Sableye|[spread] p1a,p1b\n|-activate|p2a: Maushold|move: Protect\n|-crit|p1a: Sableye\n|-supereffective|p1b: Gengar|1\n|-damage|p1a: Sableye|0 fnt\n|-damage|p1b: Gengar|0 fnt\n|faint|p1a: Sableye\n|faint|p1b: Gengar\n|\n|win|Barber1\n|raw|4ffr2's rating: 1044 &rarr; <strong>1028</strong><br />(-16 for losing)\n|raw|Barber1's rating: 1065 &rarr; <strong>1093</strong><br />(+28 for winning)\n",
  "uploadtime": 1775964557,
  "views": 13,
  "formatid": "gen9championsvgc2026regma",
  "rating": 1028,
  "private": 0,
  "password": null
}