{
  "id": "gen9championsvgc2026regma-2586436609",
  "format": "[Gen 9 Champions] VGC 2026 Reg M-A",
  "players": [
    "StarSmileXD",
    "Zapdos79"
  ],
  "log": "|j|\u2606StarSmileXD\n|j|\u2606Zapdos79\n|t:|1776434592\n|gametype|doubles\n|player|p1|StarSmileXD|cynthia|1126\n|player|p2|Zapdos79|flannery|1120\n|gen|9\n|tier|[Gen 9 Champions] VGC 2026 Reg M-A\n|rated|\n|rule|Species Clause: Limit one of each Pok\u00e9mon\n|rule|Item Clause: Limit 1 of each item\n|clearpoke\n|poke|p1|Lucario, L50, F|\n|poke|p1|Archaludon, L50, M|\n|poke|p1|Garchomp, L50, M|\n|poke|p1|Pelipper, L50, F|\n|poke|p1|Greninja-*, L50, F|\n|poke|p1|Dragapult, L50, F|\n|poke|p2|Tyranitar, L50, F|\n|poke|p2|Basculegion, L50, M|\n|poke|p2|Excadrill, L50, F|\n|poke|p2|Meganium, L50, M|\n|poke|p2|Farigiraf, L50, M|\n|poke|p2|Incineroar, L50, F|\n|teampreview|4\n|\n|t:|1776434649\n|teamsize|p1|4\n|teamsize|p2|4\n|start\n|switch|p1a: Lucario|Lucario, L50, F|100/100\n|switch|p1b: Dragapult|Dragapult, L50, F|100/100\n|switch|p2a: Tyranitar|Tyranitar, L50, F|100/100\n|switch|p2b: Basculegion|Basculegion, L50, M|100/100\n|-weather|Sandstorm|[from] ability: Sand Stream|[of] p2a: Tyranitar\n|turn|1\n|\n|t:|1776434673\n|switch|p2a: Meganium|Meganium, L50, M|100/100\n|move|p1a: Lucario|Protect|p1a: Lucario\n|-singleturn|p1a: Lucario|Protect\n|move|p2b: Basculegion|Flip Turn|p1a: Lucario\n|-activate|p1a: Lucario|move: Protect\n|move|p1b: Dragapult|Shadow Ball|p2b: Basculegion\n|-supereffective|p2b: Basculegion|1\n|-damage|p2b: Basculegion|32/100\n|\n|-weather|Sandstorm|[upkeep]\n|-damage|p2b: Basculegion|26/100|[from] Sandstorm\n|-damage|p1b: Dragapult|94/100|[from] Sandstorm\n|-damage|p2a: Meganium|95/100|[from] Sandstorm\n|upkeep\n|turn|2\n|\n|t:|1776434698\n|detailschange|p1a: Lucario|Lucario-Mega, L50, F\n|-mega|p1a: Lucario|Lucario|Lucarionite\n|detailschange|p2a: Meganium|Meganium-Mega, L50, M\n|-mega|p2a: Meganium|Meganium|Meganiumite\n|move|p2b: Basculegion|Flip Turn|p1a: Lucario\n|-damage|p1a: Lucario|51/100\n|\n|t:|1776434705\n|switch|p2b: Excadrill|Excadrill, L50, F|100/100|[from] Flip Turn\n|move|p1b: Dragapult|Draco Meteor|p2a: Meganium\n|-immune|p2a: Meganium\n|move|p1a: Lucario|Meteor Mash|p2a: Meganium\n|-supereffective|p2a: Meganium|1\n|-damage|p2a: Meganium|0 fnt\n|faint|p2a: Meganium\n|\n|-weather|Sandstorm|[upkeep]\n|-damage|p1b: Dragapult|88/100|[from] Sandstorm\n|upkeep\n|\n|t:|1776434717\n|switch|p2a: Basculegion|Basculegion, L50, M|26/100\n|turn|3\n|\n|t:|1776434730\n|switch|p1b: Pelipper|Pelipper, L50, F|100/100\n|-weather|RainDance|[from] ability: Drizzle|[of] p1b: Pelipper\n|move|p2a: Basculegion|Last Respects|p1b: Pelipper\n|-crit|p1b: Pelipper\n|-enditem|p1b: Pelipper|Focus Sash\n|-damage|p1b: Pelipper|1/100\n|move|p1a: Lucario|Close Combat|p2b: Excadrill\n|-supereffective|p2b: Excadrill|1\n|-damage|p2b: Excadrill|0 fnt\n|-unboost|p1a: Lucario|def|1\n|-unboost|p1a: Lucario|spd|1\n|faint|p2b: Excadrill\n|\n|-weather|RainDance|[upkeep]\n|upkeep\n|\n|t:|1776434741\n|switch|p2b: Tyranitar|Tyranitar, L50, F|100/100\n|-weather|Sandstorm|[from] ability: Sand Stream|[of] p2b: Tyranitar\n|turn|4\n|\n|t:|1776434758\n|switch|p1b: Archaludon|Archaludon, L50, M|100/100\n|move|p1a: Lucario|Protect|p1a: Lucario\n|-singleturn|p1a: Lucario|Protect\n|move|p2a: Basculegion|Last Respects|p1b: Archaludon\n|-damage|p1b: Archaludon|38/100\n|-ability|p1b: Archaludon|Stamina|boost\n|-boost|p1b: Archaludon|def|1\n|-enditem|p1b: Archaludon|Sitrus Berry|[eat]\n|-heal|p1b: Archaludon|62/100|[from] item: Sitrus Berry\n|move|p2b: Tyranitar|Breaking Swipe|p1b: Archaludon|[spread] p1b\n|-activate|p1a: Lucario|move: Protect\n|-damage|p1b: Archaludon|54/100\n|-unboost|p1b: Archaludon|atk|1\n|-ability|p1b: Archaludon|Stamina|boost\n|-boost|p1b: Archaludon|def|1\n|\n|-weather|Sandstorm|[upkeep]\n|-damage|p2a: Basculegion|20/100|[from] Sandstorm\n|upkeep\n|turn|5\n|\n|t:|1776434791\n|move|p2b: Tyranitar|Protect|p2b: Tyranitar\n|-singleturn|p2b: Tyranitar|Protect\n|move|p2a: Basculegion|Last Respects|p1b: Archaludon\n|-damage|p1b: Archaludon|21/100\n|-ability|p1b: Archaludon|Stamina|boost\n|-boost|p1b: Archaludon|def|1\n|move|p1a: Lucario|Close Combat|p2b: Tyranitar\n|-activate|p2b: Tyranitar|move: Protect\n|move|p1b: Archaludon|Flash Cannon|p2b: Tyranitar\n|-activate|p2b: Tyranitar|move: Protect\n|\n|-weather|Sandstorm|[upkeep]\n|-damage|p2a: Basculegion|14/100|[from] Sandstorm\n|upkeep\n|turn|6\n|\n|t:|1776434826\n|move|p2b: Tyranitar|Protect|p2b: Tyranitar\n|-singleturn|p2b: Tyranitar|Protect\n|move|p2a: Basculegion|Last Respects|p1b: Archaludon\n|-damage|p1b: Archaludon|0 fnt\n|faint|p1b: Archaludon\n|move|p1a: Lucario|Close Combat|p2b: Tyranitar\n|-activate|p2b: Tyranitar|move: Protect\n|\n|-weather|Sandstorm|[upkeep]\n|-damage|p2a: Basculegion|8/100|[from] Sandstorm\n|upkeep\n|\n|t:|1776434839\n|switch|p1b: Pelipper|Pelipper, L50, F|1/100\n|-weather|RainDance|[from] ability: Drizzle|[of] p1b: Pelipper\n|turn|7\n|\n|t:|1776434847\n|move|p2a: Basculegion|Last Respects|p1b: Pelipper\n|-damage|p1b: Pelipper|0 fnt\n|faint|p1b: Pelipper\n|move|p1a: Lucario|Close Combat|p2b: Tyranitar\n|-supereffective|p2b: Tyranitar|2\n|-damage|p2b: Tyranitar|0 fnt\n|-unboost|p1a: Lucario|def|1\n|-unboost|p1a: Lucario|spd|1\n|faint|p2b: Tyranitar\n|\n|-weather|RainDance|[upkeep]\n|upkeep\n|\n|t:|1776434859\n|switch|p1b: Dragapult|Dragapult, L50, F|88/100\n|turn|8\n|\n|t:|1776434866\n|move|p1a: Lucario|Bullet Punch|p2a: Basculegion\n|-resisted|p2a: Basculegion|1\n|-damage|p2a: Basculegion|0 fnt\n|faint|p2a: Basculegion\n|\n|win|StarSmileXD\n|raw|StarSmileXD's rating: 1126 &rarr; <strong>1151</strong><br />(+25 for winning)\n|raw|Zapdos79's rating: 1120 &rarr; <strong>1095</strong><br />(-25 for losing)\n|c|\u2606Zapdos79|gg\\\n|l|\u2606StarSmileXD\n|player|p1|\n",
  "uploadtime": 1776434881,
  "views": 43,
  "formatid": "gen9championsvgc2026regma",
  "rating": 1095,
  "private": 0,
  "password": null
}