{
  "id": "gen9championsvgc2026regma-2586773742",
  "format": "[Gen 9 Champions] VGC 2026 Reg M-A",
  "players": [
    "idunnoagoodnam",
    "bugeater"
  ],
  "log": "|j|\u2606idunnoagoodnam\n|j|\u2606bugeater\n|t:|1776458806\n|gametype|doubles\n|player|p1|idunnoagoodnam|265|1158\n|player|p2|bugeater|pokemaniac|1244\n|gen|9\n|tier|[Gen 9 Champions] VGC 2026 Reg M-A\n|rated|\n|rule|Species Clause: Limit one of each Pok\u00e9mon\n|rule|Item Clause: Limit 1 of each item\n|clearpoke\n|poke|p1|Gardevoir, L50, M|\n|poke|p1|Milotic, L50, M|\n|poke|p1|Excadrill, L50, M|\n|poke|p1|Aerodactyl, L50, M|\n|poke|p1|Sneasler, L50, M|\n|poke|p1|Sinistcha-Masterpiece, L50|\n|poke|p2|Excadrill, L50, M|\n|poke|p2|Milotic, L50, M|\n|poke|p2|Tyranitar, L50, F|\n|poke|p2|Garchomp, L50, F|\n|poke|p2|Rotom-Wash, L50|\n|poke|p2|Hydreigon, L50, F|\n|teampreview|4\n|inactive|Battle timer is ON: inactive players will automatically lose when time's up. (requested by bugeater)\n|inactive|idunnoagoodnam has 60 seconds left.\n|\n|t:|1776458846\n|teamsize|p1|4\n|teamsize|p2|4\n|start\n|switch|p1a: Milotic|Milotic, L50, M|100/100\n|switch|p1b: Sneasler|Sneasler, L50, M|100/100\n|switch|p2a: Garchomp|Garchomp, L50, F|100/100\n|switch|p2b: Rotom|Rotom-Wash, L50|100/100\n|turn|1\n|\n|t:|1776458868\n|switch|p2a: Milotic|Milotic, L50, M|100/100\n|move|p1b: Sneasler|Protect|p1b: Sneasler\n|-singleturn|p1b: Sneasler|Protect\n|move|p2b: Rotom|Will-O-Wisp|p1b: Sneasler\n|-activate|p1b: Sneasler|move: Protect\n|move|p1a: Milotic|Icy Wind|p2a: Milotic|[spread] p2a,p2b\n|-resisted|p2a: Milotic|1\n|-resisted|p2b: Rotom|1\n|-damage|p2a: Milotic|98/100\n|-damage|p2b: Rotom|95/100\n|-unboost|p2a: Milotic|spe|1\n|-ability|p2a: Milotic|Competitive|boost\n|-boost|p2a: Milotic|spa|2\n|-unboost|p2b: Rotom|spe|1\n|\n|-heal|p2a: Milotic|100/100|[from] item: Leftovers\n|upkeep\n|turn|2\n|inactive|bugeater has 30 seconds left.\n|\n|t:|1776458901\n|move|p1b: Sneasler|Dire Claw|p2a: Milotic\n|-damage|p2a: Milotic|54/100\n|-status|p2a: Milotic|par\n|move|p1a: Milotic|Scald|p2a: Milotic\n|-resisted|p2a: Milotic|1\n|-damage|p2a: Milotic|47/100 par\n|move|p2b: Rotom|Will-O-Wisp|p1a: Milotic\n|-status|p1a: Milotic|brn\n|move|p2a: Milotic|Scald|p1b: Sneasler\n|-damage|p1b: Sneasler|22/100\n|-status|p1b: Sneasler|brn\n|\n|-heal|p2a: Milotic|52/100 par|[from] item: Leftovers\n|-damage|p1b: Sneasler|16/100 brn|[from] brn\n|-damage|p1a: Milotic|95/100 brn|[from] brn\n|upkeep\n|turn|3\n|\n|t:|1776458925\n|cant|p2a: Milotic|par\n|move|p1b: Sneasler|Coaching|p1a: Milotic\n|-boost|p1a: Milotic|atk|1\n|-boost|p1a: Milotic|def|1\n|move|p1a: Milotic|Scald|p2a: Milotic\n|-resisted|p2a: Milotic|1\n|-damage|p2a: Milotic|45/100 par\n|move|p2b: Rotom|Discharge|p1b: Sneasler|[spread] p2a,p1a,p1b\n|-supereffective|p2a: Milotic|1\n|-supereffective|p1a: Milotic|1\n|-damage|p2a: Milotic|21/100 par\n|-damage|p1a: Milotic|71/100 brn\n|-damage|p1b: Sneasler|0 fnt\n|faint|p1b: Sneasler\n|\n|-heal|p1a: Milotic|77/100 brn|[from] item: Leftovers\n|-heal|p2a: Milotic|27/100 par|[from] item: Leftovers\n|-damage|p1a: Milotic|71/100 brn|[from] brn\n|upkeep\n|\n|t:|1776458938\n|switch|p1b: Gardevoir|Gardevoir, L50, M|100/100\n|-ability|p1b: Gardevoir|Levitate|Trace|[from] ability: Trace|[of] p2b: Rotom\n|turn|4\n|\n|t:|1776458952\n|detailschange|p1b: Gardevoir|Gardevoir-Mega, L50, M\n|-mega|p1b: Gardevoir|Gardevoir|Gardevoirite\n|move|p1b: Gardevoir|Hyper Voice|p2b: Rotom|[spread] p2a,p2b\n|-damage|p2a: Milotic|0 fnt\n|-damage|p2b: Rotom|47/100\n|-enditem|p2b: Rotom|Sitrus Berry|[eat]\n|-heal|p2b: Rotom|72/100|[from] item: Sitrus Berry\n|faint|p2a: Milotic\n|move|p1a: Milotic|Scald|p2b: Rotom\n|-resisted|p2b: Rotom|1\n|-damage|p2b: Rotom|57/100\n|move|p2b: Rotom|Discharge|p1a: Milotic|[spread] p1a,p1b\n|-supereffective|p1a: Milotic|1\n|-damage|p1a: Milotic|47/100 brn\n|-damage|p1b: Gardevoir|81/100\n|\n|-heal|p1a: Milotic|53/100 brn|[from] item: Leftovers\n|-damage|p1a: Milotic|47/100 brn|[from] brn\n|upkeep\n|\n|t:|1776458974\n|switch|p2a: Garchomp|Garchomp, L50, F|100/100\n|turn|5\n|\n|t:|1776458982\n|switch|p1b: Sinistcha|Sinistcha-Masterpiece, L50|100/100\n|-heal|p1a: Milotic|72/100 brn|[from] ability: Hospitality|[of] p1b: Sinistcha\n|move|p2a: Garchomp|Rock Slide|p1b: Sinistcha|[spread] p1a,p1b\n|-damage|p1a: Milotic|56/100 brn\n|-damage|p1b: Sinistcha|85/100\n|move|p1a: Milotic|Icy Wind|p2b: Rotom|[spread] p2a,p2b\n|-supereffective|p2a: Garchomp|2\n|-resisted|p2b: Rotom|1\n|-damage|p2a: Garchomp|57/100\n|-damage|p2b: Rotom|52/100\n|-unboost|p2a: Garchomp|spe|1\n|-unboost|p2b: Rotom|spe|1\n|move|p2b: Rotom|Discharge|p1a: Milotic|[spread] p1a,p1b\n|-immune|p2a: Garchomp\n|-supereffective|p1a: Milotic|1\n|-resisted|p1b: Sinistcha|1\n|-damage|p1a: Milotic|33/100 brn\n|-damage|p1b: Sinistcha|73/100\n|-status|p1b: Sinistcha|par\n|\n|-heal|p1a: Milotic|39/100 brn|[from] item: Leftovers\n|-damage|p1a: Milotic|33/100 brn|[from] brn\n|upkeep\n|turn|6\n|inactive|idunnoagoodnam has 30 seconds left.\n|inactive|bugeater has 30 seconds left.\n|\n|t:|1776459013\n|switch|p2a: Hydreigon|Hydreigon, L50, F|100/100\n|move|p1a: Milotic|Recover|p1a: Milotic\n|-heal|p1a: Milotic|83/100 brn\n|move|p2b: Rotom|Hydro Pump|p1b: Sinistcha\n|-resisted|p1b: Sinistcha|1\n|-damage|p1b: Sinistcha|51/100 par\n|move|p1b: Sinistcha|Matcha Gotcha|p2b: Rotom|[spread] p2a,p2b\n|-resisted|p2a: Hydreigon|1\n|-supereffective|p2b: Rotom|1\n|-damage|p2a: Hydreigon|86/100\n|-heal|p1b: Sinistcha|58/100 par|[from] drain|[of] p2a: Hydreigon\n|-damage|p2b: Rotom|0 fnt\n|-heal|p1b: Sinistcha|81/100 par|[from] drain|[of] p2b: Rotom\n|faint|p2b: Rotom\n|\n|-heal|p1a: Milotic|89/100 brn|[from] item: Leftovers\n|-damage|p1a: Milotic|83/100 brn|[from] brn\n|upkeep\n|\n|t:|1776459015\n|switch|p2b: Garchomp|Garchomp, L50, F|57/100\n|turn|7\n|\n|t:|1776459031\n|move|p1b: Sinistcha|Protect|p1b: Sinistcha\n|-singleturn|p1b: Sinistcha|Protect\n|move|p2b: Garchomp|Rock Slide|p1a: Milotic|[spread] p1a\n|-activate|p1b: Sinistcha|move: Protect\n|-damage|p1a: Milotic|66/100 brn\n|move|p2a: Hydreigon|Dark Pulse|p1b: Sinistcha\n|-activate|p1b: Sinistcha|move: Protect\n|cant|p1a: Milotic|flinch\n|\n|-heal|p1a: Milotic|72/100 brn|[from] item: Leftovers\n|-damage|p1a: Milotic|66/100 brn|[from] brn\n|upkeep\n|turn|8\n|\n|t:|1776459047\n|move|p2b: Garchomp|Rock Slide|p1b: Sinistcha|[spread] p1a,p1b\n|-damage|p1a: Milotic|51/100 brn\n|-damage|p1b: Sinistcha|65/100 par\n|move|p2a: Hydreigon|Dark Pulse|p1b: Sinistcha\n|-supereffective|p1b: Sinistcha|1\n|-damage|p1b: Sinistcha|0 fnt\n|faint|p1b: Sinistcha\n|move|p1a: Milotic|Icy Wind|p2b: Garchomp|[spread] p2b\n|-miss|p1a: Milotic|p2a: Hydreigon\n|-supereffective|p2b: Garchomp|2\n|-damage|p2b: Garchomp|14/100\n|-unboost|p2b: Garchomp|spe|1\n|\n|-heal|p1a: Milotic|57/100 brn|[from] item: Leftovers\n|-damage|p1a: Milotic|51/100 brn|[from] brn\n|upkeep\n|\n|t:|1776459058\n|switch|p1b: Gardevoir|Gardevoir-Mega, L50, M|81/100\n|turn|9\n|\n|t:|1776459068\n|move|p1b: Gardevoir|Protect|p1b: Gardevoir\n|-singleturn|p1b: Gardevoir|Protect\n|move|p2b: Garchomp|Rock Slide|p1b: Gardevoir|[spread] p1a\n|-activate|p1b: Gardevoir|move: Protect\n|-damage|p1a: Milotic|38/100 brn\n|move|p2a: Hydreigon|Dark Pulse|p1b: Gardevoir\n|-activate|p1b: Gardevoir|move: Protect\n|move|p1a: Milotic|Icy Wind|p2a: Hydreigon|[spread] p2a\n|-miss|p1a: Milotic|p2b: Garchomp\n|-supereffective|p2a: Hydreigon|1\n|-damage|p2a: Hydreigon|66/100\n|-unboost|p2a: Hydreigon|spe|1\n|\n|-heal|p1a: Milotic|44/100 brn|[from] item: Leftovers\n|-damage|p1a: Milotic|38/100 brn|[from] brn\n|upkeep\n|turn|10\n|\n|t:|1776459084\n|move|p1b: Gardevoir|Hyper Voice|p2b: Garchomp|[spread] p2a,p2b\n|-supereffective|p2a: Hydreigon|2\n|-supereffective|p2b: Garchomp|1\n|-damage|p2a: Hydreigon|0 fnt\n|-damage|p2b: Garchomp|0 fnt\n|faint|p2a: Hydreigon\n|faint|p2b: Garchomp\n|\n|win|idunnoagoodnam\n|raw|idunnoagoodnam's rating: 1158 &rarr; <strong>1189</strong><br />(+31 for winning)\n|raw|bugeater's rating: 1244 &rarr; <strong>1213</strong><br />(-31 for losing)\n|l|\u2606bugeater\n|player|p2|\n",
  "uploadtime": 1776459090,
  "views": 34,
  "formatid": "gen9championsvgc2026regma",
  "rating": 1189,
  "private": 0,
  "password": null
}