{
  "id": "gen9championsvgc2026regma-2588575230",
  "format": "[Gen 9 Champions] VGC 2026 Reg M-A",
  "players": [
    "Jiaco5",
    "sdlt 2krl coolguy"
  ],
  "log": "|raw|<div class=\"broadcast-blue\"><strong>This battle is required to be public due to a player having a name starting with 'sdlt'.</div>\n|j|\u2606Jiaco5\n|j|\u2606sdlt 2krl coolguy\n|t:|1776646486\n|gametype|doubles\n|player|p1|Jiaco5|102|1230\n|player|p2|sdlt 2krl coolguy|leon-masters2|1322\n|gen|9\n|tier|[Gen 9 Champions] VGC 2026 Reg M-A\n|rated|\n|rule|Species Clause: Limit one of each Pok\u00e9mon\n|rule|Item Clause: Limit 1 of each item\n|clearpoke\n|poke|p1|Aggron, L50, M|\n|poke|p1|Sinistcha-Masterpiece, L50|\n|poke|p1|Incineroar, L50, M|\n|poke|p1|Gardevoir, L50, F|\n|poke|p1|Rotom-Wash, L50|\n|poke|p1|Glimmora, L50, F|\n|poke|p2|Floette-Eternal, L50, F|\n|poke|p2|Incineroar, L50, M|\n|poke|p2|Sinistcha, L50|\n|poke|p2|Garchomp, L50, F|\n|poke|p2|Sneasler, L50, M|\n|poke|p2|Kingambit, L50, M|\n|teampreview|4\n|inactive|Battle timer is ON: inactive players will automatically lose when time's up. (requested by sdlt 2krl coolguy)\n|inactive|Jiaco5 has 60 seconds left.\n|\n|t:|1776646534\n|teamsize|p1|4\n|teamsize|p2|4\n|start\n|switch|p1a: Aggron|Aggron, L50, M|100/100\n|switch|p1b: Sinistcha|Sinistcha-Masterpiece, L50|100/100\n|switch|p2a: Garchomp|Garchomp, L50, F|100/100\n|switch|p2b: Incineroar|Incineroar, L50, M|100/100\n|-ability|p2b: Incineroar|Intimidate|boost\n|-unboost|p1a: Aggron|atk|1\n|-unboost|p1b: Sinistcha|atk|1\n|turn|1\n|\n|t:|1776646548\n|switch|p1b: Rotom|Rotom-Wash, L50|100/100\n|detailschange|p1a: Aggron|Aggron-Mega, L50, M\n|-mega|p1a: Aggron|Aggron|Aggronite\n|move|p2a: Garchomp|Stomping Tantrum|p1a: Aggron\n|-supereffective|p1a: Aggron|1\n|-damage|p1a: Aggron|75/100\n|move|p2b: Incineroar|Darkest Lariat|p1b: Rotom\n|-damage|p1b: Rotom|64/100\n|move|p1a: Aggron|Iron Defense|p1a: Aggron\n|-boost|p1a: Aggron|def|2\n|\n|-heal|p1b: Rotom|69/100|[from] item: Leftovers\n|upkeep\n|turn|2\n|\n|t:|1776646570\n|switch|p2b: Sinistcha|Sinistcha, L50|100/100\n|move|p2a: Garchomp|Dragon Claw|p1b: Rotom\n|-damage|p1b: Rotom|27/100\n|move|p1b: Rotom|Light Screen|p1b: Rotom\n|-sidestart|p1: Jiaco5|move: Light Screen\n|move|p1a: Aggron|Body Press|p2a: Garchomp\n|-crit|p2a: Garchomp\n|-damage|p2a: Garchomp|0 fnt\n|-damage|p1a: Aggron|62/100|[from] ability: Rough Skin|[of] p2a: Garchomp\n|faint|p2a: Garchomp\n|\n|-heal|p1b: Rotom|33/100|[from] item: Leftovers\n|upkeep\n|\n|t:|1776646580\n|switch|p2a: Floette|Floette-Eternal, L50, F|100/100\n|turn|3\n|\n|t:|1776646589\n|switch|p2a: Incineroar|Incineroar, L50, M|100/100\n|-ability|p2a: Incineroar|Intimidate|boost\n|-unboost|p1a: Aggron|atk|1\n|-unboost|p1b: Rotom|atk|1\n|switch|p1b: Sinistcha|Sinistcha-Masterpiece, L50|100/100\n|-heal|p1a: Aggron|87/100|[from] ability: Hospitality|[of] p1b: Sinistcha\n|move|p2b: Sinistcha|Matcha Gotcha|p1a: Aggron|[spread] p1b\n|-miss|p2b: Sinistcha|p1a: Aggron\n|-resisted|p1b: Sinistcha|1\n|-damage|p1b: Sinistcha|94/100\n|move|p1a: Aggron|Heavy Slam|p2a: Incineroar\n|-resisted|p2a: Incineroar|1\n|-damage|p2a: Incineroar|93/100\n|\n|upkeep\n|turn|4\n|\n|t:|1776646602\n|move|p2a: Incineroar|Fake Out|p1a: Aggron\n|-resisted|p1a: Aggron|1\n|-damage|p1a: Aggron|86/100\n|move|p2b: Sinistcha|Matcha Gotcha|p1a: Aggron|[spread] p1a,p1b\n|-resisted|p1a: Aggron|1\n|-resisted|p1b: Sinistcha|1\n|-damage|p1a: Aggron|79/100\n|-damage|p1b: Sinistcha|86/100\n|-status|p1a: Aggron|brn\n|cant|p1a: Aggron|flinch\n|move|p1b: Sinistcha|Trick Room|p1b: Sinistcha\n|-fieldstart|move: Trick Room|[of] p1b: Sinistcha\n|\n|-damage|p1a: Aggron|73/100 brn|[from] brn\n|upkeep\n|turn|5\n|\n|t:|1776646621\n|switch|p1b: Rotom|Rotom-Wash, L50|33/100\n|switch|p2a: Floette|Floette-Eternal, L50, F|100/100\n|move|p2b: Sinistcha|Rage Powder|p2b: Sinistcha\n|-singleturn|p2b: Sinistcha|move: Rage Powder\n|move|p1a: Aggron|Iron Defense|p1a: Aggron\n|-boost|p1a: Aggron|def|2\n|\n|-heal|p1b: Rotom|39/100|[from] item: Leftovers\n|-damage|p1a: Aggron|67/100 brn|[from] brn\n|upkeep\n|turn|6\n|\n|t:|1776646639\n|switch|p1b: Incineroar|Incineroar, L50, M|100/100\n|-ability|p1b: Incineroar|Intimidate|boost\n|-unboost|p2a: Floette|atk|1\n|-block|p2b: Sinistcha|ability: Flower Veil|[of] p2a: Floette\n|detailschange|p2a: Floette|Floette-Mega, L50, F\n|-mega|p2a: Floette|Floette|Floettite\n|-ability|p2a: Floette|Fairy Aura\n|move|p1a: Aggron|Heavy Slam|p2a: Floette\n|-supereffective|p2a: Floette|1\n|-damage|p2a: Floette|82/100\n|move|p2b: Sinistcha|Matcha Gotcha|p1a: Aggron|[spread] p1a,p1b\n|-resisted|p1a: Aggron|1\n|-resisted|p1b: Incineroar|1\n|-damage|p1a: Aggron|60/100 brn\n|-damage|p1b: Incineroar|95/100\n|move|p2a: Floette|Calm Mind|p2a: Floette\n|-boost|p2a: Floette|spa|1\n|-boost|p2a: Floette|spd|1\n|\n|-damage|p1a: Aggron|54/100 brn|[from] brn\n|-sideend|p1: Jiaco5|move: Light Screen\n|upkeep\n|turn|7\n|\n|t:|1776646662\n|switch|p2b: Incineroar|Incineroar, L50, M|93/100\n|-ability|p2b: Incineroar|Intimidate|boost\n|-unboost|p1a: Aggron|atk|1\n|-unboost|p1b: Incineroar|atk|1\n|move|p2a: Floette|Protect|p2a: Floette\n|-singleturn|p2a: Floette|Protect\n|move|p1a: Aggron|Heavy Slam|p2a: Floette\n|-activate|p2a: Floette|move: Protect\n|move|p1b: Incineroar|Parting Shot|p2a: Floette\n|-activate|p2a: Floette|move: Protect\n|\n|-damage|p1a: Aggron|47/100 brn|[from] brn\n|upkeep\n|turn|8\n|\n|t:|1776646670\n|switch|p1a: Rotom|Rotom-Wash, L50|39/100\n|switch|p2b: Sinistcha|Sinistcha, L50|100/100\n|-heal|p2a: Floette|100/100|[from] ability: Hospitality|[of] p2b: Sinistcha\n|move|p1b: Incineroar|Parting Shot|p2a: Floette\n|-unboost|p2a: Floette|atk|1\n|-unboost|p2a: Floette|spa|1\n|\n|t:|1776646674\n|switch|p1b: Sinistcha|Sinistcha-Masterpiece, L50|86/100|[from] Parting Shot\n|-heal|p1a: Rotom|64/100|[from] ability: Hospitality|[of] p1b: Sinistcha\n|move|p2a: Floette|Dazzling Gleam|p1a: Rotom|[spread] p1a,p1b\n|-damage|p1a: Rotom|20/100\n|-damage|p1b: Sinistcha|44/100\n|\n|-heal|p1a: Rotom|25/100|[from] item: Leftovers\n|-fieldend|move: Trick Room\n|upkeep\n|turn|9\n|-message|Jiaco5 forfeited.\n|\n|win|sdlt 2krl coolguy\n|raw|Jiaco5's rating: 1230 &rarr; <strong>1211</strong><br />(-19 for losing)\n|raw|sdlt 2krl coolguy's rating: 1322 &rarr; <strong>1337</strong><br />(+15 for winning)\n",
  "uploadtime": 1776646679,
  "views": 9,
  "formatid": "gen9championsvgc2026regma",
  "rating": 1211,
  "private": 0,
  "password": null
}