{
  "id": "gen9championsvgc2026regma-2583647344",
  "format": "[Gen 9 Champions] VGC 2026 Reg M-A",
  "players": [
    "Lerminlime",
    "JSA08"
  ],
  "log": "|j|\u2606Lerminlime\n|j|\u2606JSA08\n|t:|1776188595\n|gametype|doubles\n|player|p1|Lerminlime|265|1133\n|player|p2|JSA08|jasmine|1105\n|gen|9\n|tier|[Gen 9 Champions] VGC 2026 Reg M-A\n|rated|\n|rule|Species Clause: Limit one of each Pok\u00e9mon\n|rule|Item Clause: Limit 1 of each item\n|clearpoke\n|poke|p1|Froslass, L50, F|\n|poke|p1|Garchomp, L50, M|\n|poke|p1|Aegislash, L50, M|\n|poke|p1|Farigiraf, L50, M|\n|poke|p1|Rotom-Frost, L50|\n|poke|p1|Basculegion, L50, M|\n|poke|p2|Tinkaton, L50, F|\n|poke|p2|Gengar, L50, F|\n|poke|p2|Incineroar, L50, F|\n|poke|p2|Aerodactyl, L50, F|\n|poke|p2|Milotic, L50, F|\n|poke|p2|Zoroark-Hisui, L50, M|\n|teampreview|4\n|inactive|Battle timer is ON: inactive players will automatically lose when time's up. (requested by Lerminlime)\nLerminlime has agreed to open team sheets.\n|\n|t:|1776188633\n|teamsize|p1|4\n|teamsize|p2|4\n|start\n|switch|p1a: Froslass|Froslass, L50, F|100/100\n|switch|p1b: Farigiraf|Farigiraf, L50, M, shiny|100/100\n|switch|p2a: Aerodactyl|Aerodactyl, L50, F|100/100\n|switch|p2b: Gengar|Gengar, L50, F|100/100\n|-ability|p2a: Aerodactyl|Unnerve\n|turn|1\n|inactive|Lerminlime has 30 seconds left.\n|inactive|Lerminlime has 20 seconds left.\n|inactive|Lerminlime has 15 seconds left.\n|inactive|Lerminlime has 10 seconds left.\n|\n|t:|1776188681\n|detailschange|p1a: Froslass|Froslass-Mega, L50, F\n|-mega|p1a: Froslass|Froslass|Froslassite\n|-weather|Snowscape|[from] ability: Snow Warning|[of] p1a: Froslass\n|move|p2b: Gengar|Shadow Ball|p1a: Froslass\n|-supereffective|p1a: Froslass|1\n|-damage|p1a: Froslass|10/100\n|move|p2a: Aerodactyl|Rock Slide|p1a: Froslass|[spread] p1a,p1b\n|-supereffective|p1a: Froslass|1\n|-damage|p1a: Froslass|0 fnt\n|-damage|p1b: Farigiraf|76/100\n|faint|p1a: Froslass\n|cant|p1b: Farigiraf|flinch\n|\n|-weather|Snowscape|[upkeep]\n|upkeep\n|\n|t:|1776188694\n|switch|p1a: Rotom|Rotom-Frost, L50, shiny|100/100\n|turn|2\n|\n|t:|1776188715\n|move|p2b: Gengar|Shadow Ball|p1a: Rotom\n|-damage|p1a: Rotom|57/100\n|move|p2a: Aerodactyl|Rock Slide|p1a: Rotom|[spread] p1b\n|-miss|p2a: Aerodactyl|p1a: Rotom\n|-damage|p1b: Farigiraf|53/100\n|move|p1a: Rotom|Blizzard|p2a: Aerodactyl|[spread] p2a,p2b\n|-supereffective|p2a: Aerodactyl|1\n|-enditem|p2a: Aerodactyl|Focus Sash\n|-damage|p2a: Aerodactyl|1/100\n|-damage|p2b: Gengar|29/100\n|-status|p2a: Aerodactyl|frz\n|replace|p2b: Zoroark|Zoroark-Hisui, L50, M\n|-end|p2b: Zoroark|Illusion\n|cant|p1b: Farigiraf|flinch\n|\n|-weather|Snowscape|[upkeep]\n|-heal|p1a: Rotom|63/100|[from] item: Leftovers\n|upkeep\n|turn|3\n|inactive|Lerminlime has 30 seconds left.\n|\n|t:|1776188747\n|move|p2b: Zoroark|Shadow Ball|p1a: Rotom\n|-damage|p1a: Rotom|16/100\n|-curestatus|p2a: Aerodactyl|frz|[msg]\n|move|p2a: Aerodactyl|Rock Slide|p1a: Rotom|[spread] p1a,p1b\n|-supereffective|p1a: Rotom|1\n|-damage|p1a: Rotom|0 fnt\n|-damage|p1b: Farigiraf|29/100\n|faint|p1a: Rotom\n|cant|p1b: Farigiraf|flinch\n|\n|-weather|Snowscape|[upkeep]\n|upkeep\n|\n|t:|1776188758\n|switch|p1a: Basculegion|Basculegion, L50, M, shiny|100/100\n|turn|4\n|c|\u2606JSA08|wtf is that rng\n|\n|t:|1776188767\n|move|p1a: Basculegion|Aqua Jet|p2a: Aerodactyl\n|-supereffective|p2a: Aerodactyl|1\n|-damage|p2a: Aerodactyl|0 fnt\n|-enditem|p1b: Farigiraf|Sitrus Berry|[eat]\n|-heal|p1b: Farigiraf|54/100|[from] item: Sitrus Berry\n|faint|p2a: Aerodactyl\n|move|p2b: Zoroark|Shadow Ball|p1a: Basculegion\n|-supereffective|p1a: Basculegion|1\n|-damage|p1a: Basculegion|19/100\n|move|p1b: Farigiraf|Twin Beam|p2b: Zoroark\n|-damage|p2b: Zoroark|0 fnt\n|faint|p2b: Zoroark\n|-hitcount|p2: Zoroark|1\n|\n|-weather|Snowscape|[upkeep]\n|upkeep\n|\n|t:|1776188771\n|switch|p2a: Incineroar|Incineroar, L50, F|100/100\n|switch|p2b: Gengar|Gengar, L50, F|100/100\n|-ability|p2a: Incineroar|Intimidate|boost\n|-unboost|p1a: Basculegion|atk|1\n|-unboost|p1b: Farigiraf|atk|1\n|turn|5\n|\n|t:|1776188787\n|move|p2b: Gengar|Protect|p2b: Gengar\n|-singleturn|p2b: Gengar|Protect\n|move|p1a: Basculegion|Last Respects|p2b: Gengar\n|-activate|p2b: Gengar|move: Protect\n|move|p2a: Incineroar|Throat Chop|p1a: Basculegion\n|-supereffective|p1a: Basculegion|1\n|-damage|p1a: Basculegion|0 fnt\n|faint|p1a: Basculegion\n|move|p1b: Farigiraf|Hyper Voice|p2b: Gengar|[spread] p2a\n|-activate|p2b: Gengar|move: Protect\n|-damage|p2a: Incineroar|79/100\n|\n|-weather|none\n|-activate|p1b: Farigiraf|ability: Cud Chew\n|-enditem|p1b: Farigiraf|Sitrus Berry|[eat]\n|-heal|p1b: Farigiraf|78/100|[from] item: Sitrus Berry\n|upkeep\n|turn|6\n|-message|Lerminlime forfeited.\n|\n|win|JSA08\n|raw|Lerminlime's rating: 1133 &rarr; <strong>1106</strong><br />(-27 for losing)\n|raw|JSA08's rating: 1105 &rarr; <strong>1132</strong><br />(+27 for winning)\n|l|\u2606Lerminlime\n|player|p1|\n",
  "uploadtime": 1776188807,
  "views": 21,
  "formatid": "gen9championsvgc2026regma",
  "rating": 1106,
  "private": 0,
  "password": null
}