{
  "id": "gen9championsvgc2026regma-2582356314",
  "format": "[Gen 9 Champions] VGC 2026 Reg M-A",
  "players": [
    "Mischievouz",
    "Mdjfbd"
  ],
  "log": "|j|\u2606Mischievouz\n|j|\u2606Mdjfbd\n|t:|1776086018\n|gametype|doubles\n|player|p1|Mischievouz|170|1000\n|player|p2|Mdjfbd|101|1047\n|gen|9\n|tier|[Gen 9 Champions] VGC 2026 Reg M-A\n|rated|\n|rule|Species Clause: Limit one of each Pok\u00e9mon\n|rule|Item Clause: Limit 1 of each item\n|clearpoke\n|poke|p1|Maushold, L50|\n|poke|p1|Garchomp, L50, F|\n|poke|p1|Talonflame, L50, M|\n|poke|p1|Rotom-Wash, L50|\n|poke|p1|Aegislash, L50, F|\n|poke|p1|Floette-Eternal, L50, F|\n|poke|p2|Wyrdeer, L50, M|\n|poke|p2|Kingambit, L50, M|\n|poke|p2|Meowstic-F, L50, F|\n|poke|p2|Farigiraf, L50, M|\n|poke|p2|Passimian, L50, M|\n|poke|p2|Incineroar, L50, M|\n|teampreview|4\n|inactive|Battle timer is ON: inactive players will automatically lose when time's up. (requested by Mdjfbd)\n|inactive|Mischievouz has 60 seconds left.\n|\n|t:|1776086059\n|teamsize|p1|4\n|teamsize|p2|4\n|start\n|switch|p1a: Maushold|Maushold, L50|100/100\n|switch|p1b: Garchomp|Garchomp, L50, F|100/100\n|switch|p2a: Wyrdeer|Wyrdeer, L50, M|100/100\n|switch|p2b: Kingambit|Kingambit, L50, M|100/100\n|-ability|p2a: Wyrdeer|Intimidate|boost\n|-unboost|p1a: Maushold|atk|1\n|-unboost|p1b: Garchomp|atk|1\n|turn|1\n|\n|t:|1776086074\n|move|p2b: Kingambit|Protect|p2b: Kingambit\n|-singleturn|p2b: Kingambit|Protect\n|move|p1a: Maushold|Follow Me|p1a: Maushold\n|-singleturn|p1a: Maushold|move: Follow Me\n|move|p1b: Garchomp|Earthquake|p2b: Kingambit|[spread] p1a,p2a\n|-activate|p2b: Kingambit|move: Protect\n|-damage|p1a: Maushold|59/100\n|-damage|p2a: Wyrdeer|70/100\n|move|p2a: Wyrdeer|Trick Room|p2a: Wyrdeer\n|-fieldstart|move: Trick Room|[of] p2a: Wyrdeer\n|\n|upkeep\n|turn|2\n|inactive|Mdjfbd has 30 seconds left.\n|\n|t:|1776086101\n|switch|p2b: Meowstic|Meowstic-F, L50, F|100/100\n|move|p1b: Garchomp|Protect|p1b: Garchomp\n|-singleturn|p1b: Garchomp|Protect\n|move|p2a: Wyrdeer|Skill Swap|p1a: Maushold\n|-activate|p2a: Wyrdeer|Skill Swap|Friend Guard|Intimidate|[of] p1a: Maushold\n|-ability|p1a: Maushold|Intimidate|boost\n|-unboost|p2a: Wyrdeer|atk|1\n|-unboost|p2b: Meowstic|atk|1\n|-ability|p2b: Meowstic|Competitive|boost\n|-boost|p2b: Meowstic|spa|2\n|move|p1a: Maushold|Super Fang|p2b: Meowstic\n|-damage|p2b: Meowstic|50/100\n|\n|upkeep\n|turn|3\n|inactive|Mischievouz has 30 seconds left.\n|\n|t:|1776086129\n|detailschange|p2b: Meowstic|Meowstic-F-Mega, L50, F\n|-mega|p2b: Meowstic|Meowstic|Meowsticite\n|-ability|p2b: Meowstic|Rough Skin|Trace|[from] ability: Trace|[of] p1b: Garchomp\n|move|p2b: Meowstic|Protect|p2b: Meowstic\n|-singleturn|p2b: Meowstic|Protect\n|move|p1a: Maushold|Follow Me|p1a: Maushold\n|-singleturn|p1a: Maushold|move: Follow Me\n|move|p1b: Garchomp|Earthquake|p2a: Wyrdeer|[spread] p1a,p2a\n|-activate|p2b: Meowstic|move: Protect\n|-crit|p2a: Wyrdeer\n|-damage|p1a: Maushold|18/100\n|-damage|p2a: Wyrdeer|7/100\n|move|p2a: Wyrdeer|Trick Room|p2a: Wyrdeer\n|-fieldend|move: Trick Room\n|\n|upkeep\n|turn|4\n|inactive|Mischievouz has 30 seconds left.\n|inactive|Mdjfbd has 30 seconds left.\n|\n|t:|1776086162\n|switch|p2a: Incineroar|Incineroar, L50, M|100/100\n|-ability|p2a: Incineroar|Intimidate|boost\n|-unboost|p1a: Maushold|atk|1\n|-unboost|p1b: Garchomp|atk|1\n|move|p1a: Maushold|Super Fang|p2b: Meowstic\n|-damage|p2b: Meowstic|26/100\n|-damage|p1a: Maushold|6/100|[from] ability: Rough Skin|[of] p2b: Meowstic\n|move|p2b: Meowstic|Alluring Voice|p1b: Garchomp\n|-supereffective|p1b: Garchomp|1\n|-damage|p1b: Garchomp|0 fnt\n|faint|p1b: Garchomp\n|\n|upkeep\n|\n|t:|1776086175\n|switch|p1b: Talonflame|Talonflame, L50, M|100/100\n|turn|5\n|\n|t:|1776086197\n|move|p2b: Meowstic|Protect|p2b: Meowstic\n|-singleturn|p2b: Meowstic|Protect\n|move|p2a: Incineroar|Fake Out|p1b: Talonflame\n|-damage|p1b: Talonflame|85/100\n|move|p1a: Maushold|Follow Me|p1a: Maushold\n|-singleturn|p1a: Maushold|move: Follow Me\n|cant|p1b: Talonflame|flinch\n|\n|upkeep\n|turn|6\n|\n|t:|1776086210\n|move|p1a: Maushold|Follow Me|p1a: Maushold\n|-singleturn|p1a: Maushold|move: Follow Me\n|move|p1b: Talonflame|Tailwind|p1b: Talonflame\n|-sidestart|p1: Mischievouz|move: Tailwind\n|move|p2b: Meowstic|Thunderbolt|p1a: Maushold\n|-damage|p1a: Maushold|0 fnt\n|faint|p1a: Maushold\n|move|p2a: Incineroar|Parting Shot|p1b: Talonflame\n|-unboost|p1b: Talonflame|atk|1\n|-unboost|p1b: Talonflame|spa|1\n|\n|t:|1776086217\n|switch|p2a: Wyrdeer|Wyrdeer, L50, M|7/100|[from] Parting Shot\n|-ability|p2a: Wyrdeer|Intimidate|boost\n|-unboost|p1b: Talonflame|atk|1\n|\n|upkeep\n|\n|t:|1776086222\n|switch|p1a: Floette|Floette-Eternal, L50, F|100/100\n|turn|7\n|inactive|Mischievouz has 30 seconds left.\n|\n|t:|1776086251\n|detailschange|p1a: Floette|Floette-Mega, L50, F\n|-mega|p1a: Floette|Floette|Floettite\n|-ability|p1a: Floette|Fairy Aura\n|move|p2b: Meowstic|Protect|p2b: Meowstic\n|-singleturn|p2b: Meowstic|Protect\n|move|p1b: Talonflame|Acrobatics|p2b: Meowstic\n|-activate|p2b: Meowstic|move: Protect\n|move|p1a: Floette|Dazzling Gleam|p2a: Wyrdeer|[spread] p2a\n|-activate|p2b: Meowstic|move: Protect\n|-damage|p2a: Wyrdeer|0 fnt\n|faint|p2a: Wyrdeer\n|\n|upkeep\n|\n|t:|1776086263\n|switch|p2a: Incineroar|Incineroar, L50, M|100/100\n|-ability|p2a: Incineroar|Intimidate|boost\n|-unboost|p1a: Floette|atk|1\n|-unboost|p1b: Talonflame|atk|1\n|turn|8\n|\n|t:|1776086280\n|move|p1a: Floette|Protect|p1a: Floette\n|-singleturn|p1a: Floette|Protect\n|move|p2a: Incineroar|Fake Out|p1a: Floette\n|-activate|p1a: Floette|move: Protect\n|move|p1b: Talonflame|Flare Blitz|p2b: Meowstic\n|-damage|p2b: Meowstic|2/100\n|-damage|p1b: Talonflame|73/100|[from] ability: Rough Skin|[of] p2b: Meowstic\n|-damage|p1b: Talonflame|64/100|[from] Recoil\n|move|p2b: Meowstic|Psyshock|p1b: Talonflame\n|-damage|p1b: Talonflame|0 fnt\n|faint|p1b: Talonflame\n|\n|upkeep\n|turn|9\n|\n|t:|1776086293\n|move|p1a: Floette|Dazzling Gleam|p2a: Incineroar|[spread] p2a,p2b\n|-damage|p2a: Incineroar|62/100\n|-damage|p2b: Meowstic|0 fnt\n|faint|p2b: Meowstic\n|move|p2a: Incineroar|Parting Shot|p1a: Floette\n|-unboost|p1a: Floette|atk|1\n|-unboost|p1a: Floette|spa|1\n|\n|t:|1776086299\n|switch|p2a: Kingambit|Kingambit, L50, M|100/100|[from] Parting Shot\n|\n|-sideend|p1: Mischievouz|move: Tailwind\n|upkeep\n|\n|t:|1776086300\n|switch|p2b: Incineroar|Incineroar, L50, M|62/100\n|-ability|p2b: Incineroar|Intimidate|boost\n|-unboost|p1a: Floette|atk|1\n|turn|10\n|\n|t:|1776086305\n|move|p1a: Floette|Protect|p1a: Floette\n|-singleturn|p1a: Floette|Protect\n|move|p2b: Incineroar|Fake Out|p1a: Floette\n|-activate|p1a: Floette|move: Protect\n|move|p2a: Kingambit|Iron Head|p1a: Floette\n|-activate|p1a: Floette|move: Protect\n|\n|upkeep\n|turn|11\n|\n|t:|1776086318\n|move|p2a: Kingambit|Protect|p2a: Kingambit\n|-singleturn|p2a: Kingambit|Protect\n|move|p1a: Floette|Moonblast|p2a: Kingambit\n|-activate|p2a: Kingambit|move: Protect\n|move|p2b: Incineroar|Parting Shot|p1a: Floette\n|-unboost|p1a: Floette|atk|1\n|-unboost|p1a: Floette|spa|1\n|\n|upkeep\n|turn|12\n|inactive|Mdjfbd has 30 seconds left.\n|\n|t:|1776086344\n|move|p1a: Floette|Moonblast|p2a: Kingambit\n|-damage|p2a: Kingambit|67/100\n|move|p2b: Incineroar|Flare Blitz|p1a: Floette\n|-damage|p1a: Floette|50/100\n|-damage|p2b: Incineroar|47/100|[from] Recoil\n|-enditem|p2b: Incineroar|Sitrus Berry|[eat]\n|-heal|p2b: Incineroar|72/100|[from] item: Sitrus Berry\n|move|p2a: Kingambit|Iron Head|p1a: Floette\n|-supereffective|p1a: Floette|1\n|-damage|p1a: Floette|0 fnt\n|faint|p1a: Floette\n|\n|win|Mdjfbd\n|raw|Mischievouz's rating: 1000 &rarr; <strong>1000</strong><br />(+0 for losing)\n|raw|Mdjfbd's rating: 1047 &rarr; <strong>1076</strong><br />(+29 for winning)\n",
  "uploadtime": 1776086349,
  "views": 15,
  "formatid": "gen9championsvgc2026regma",
  "rating": 1000,
  "private": 0,
  "password": null
}