{
  "id": "gen9championsvgc2026regma-2588594978",
  "format": "[Gen 9 Champions] VGC 2026 Reg M-A",
  "players": [
    "lun4rspace",
    "shucklestrats"
  ],
  "log": "|j|\u2606lun4rspace\n|j|\u2606shucklestrats\n|t:|1776648409\n|gametype|doubles\n|player|p1|lun4rspace|266|1164\n|player|p2|shucklestrats|artist-gen8|1108\n|gen|9\n|tier|[Gen 9 Champions] VGC 2026 Reg M-A\n|rated|\n|rule|Species Clause: Limit one of each Pok\u00e9mon\n|rule|Item Clause: Limit 1 of each item\n|clearpoke\n|poke|p1|Aerodactyl, L50, M|\n|poke|p1|Basculegion, L50, M|\n|poke|p1|Kommo-o, L50, M|\n|poke|p1|Scizor, L50, M|\n|poke|p1|Scovillain, L50, M|\n|poke|p1|Sneasler, L50, F|\n|poke|p2|Kommo-o, L50, M|\n|poke|p2|Gengar, L50, F, shiny|\n|poke|p2|Tinkaton, L50, F|\n|poke|p2|Arcanine-Hisui, L50, M, shiny|\n|poke|p2|Basculegion, L50, M, shiny|\n|poke|p2|Victreebel, L50, F|\n|teampreview|4\n|inactive|Battle timer is ON: inactive players will automatically lose when time's up. (requested by shucklestrats)\nshucklestrats rejected open team sheets.\n|inactive|lun4rspace has 60 seconds left.\n|\n|t:|1776648446\n|teamsize|p1|4\n|teamsize|p2|4\n|start\n|switch|p1a: Aerodactyl|Aerodactyl, L50, M|100/100\n|switch|p1b: Sneasler|Sneasler, L50, F|100/100\n|switch|p2a: Kommo-o|Kommo-o, L50, M|100/100\n|switch|p2b: Tinkaton|Tinkaton, L50, F|100/100\n|-ability|p1a: Aerodactyl|Unnerve\n|-ability|p2b: Tinkaton|Mold Breaker\n|turn|1\n|inactive|lun4rspace has 30 seconds left.\n|\n|t:|1776648475\n|move|p1b: Sneasler|Protect|p1b: Sneasler\n|-singleturn|p1b: Sneasler|Protect\n|move|p1a: Aerodactyl|Tailwind|p1a: Aerodactyl\n|-sidestart|p1: lun4rspace|move: Tailwind\n|move|p2a: Kommo-o|Clangorous Soul|p2a: Kommo-o\n|-boost|p2a: Kommo-o|atk|1\n|-boost|p2a: Kommo-o|def|1\n|-boost|p2a: Kommo-o|spa|1\n|-boost|p2a: Kommo-o|spd|1\n|-boost|p2a: Kommo-o|spe|1\n|-damage|p2a: Kommo-o|68/100\n|move|p2b: Tinkaton|Gigaton Hammer|p1a: Aerodactyl\n|-supereffective|p1a: Aerodactyl|1\n|-enditem|p1a: Aerodactyl|Focus Sash\n|-damage|p1a: Aerodactyl|1/100\n|\n|upkeep\n|turn|2\n|inactive|lun4rspace has 30 seconds left.\n|\n|t:|1776648507\n|move|p2b: Tinkaton|Helping Hand|p2a: Kommo-o\n|-singleturn|p2a: Kommo-o|Helping Hand|[of] p2b: Tinkaton\n|move|p1a: Aerodactyl|Dual Wingbeat|p2a: Kommo-o\n|-supereffective|p2a: Kommo-o|1\n|-damage|p2a: Kommo-o|45/100\n|-supereffective|p2a: Kommo-o|1\n|-damage|p2a: Kommo-o|24/100\n|-hitcount|p2a: Kommo-o|2\n|move|p1b: Sneasler|Close Combat|p2a: Kommo-o\n|-damage|p2a: Kommo-o|0 fnt\n|-unboost|p1b: Sneasler|def|1\n|-unboost|p1b: Sneasler|spd|1\n|faint|p2a: Kommo-o\n|-enditem|p1b: Sneasler|White Herb\n|-clearnegativeboost|p1b: Sneasler|[silent]\n|\n|upkeep\n|c|\u2606shucklestrats|aww\n|c|\u2606shucklestrats|man\n|\n|t:|1776648519\n|switch|p2a: Basculegion|Basculegion, L50, M, shiny|100/100\n|turn|3\n|inactive|lun4rspace has 30 seconds left.\n|\n|t:|1776648553\n|move|p1b: Sneasler|Dire Claw|p2a: Basculegion\n|-resisted|p2a: Basculegion|1\n|-damage|p2a: Basculegion|75/100\n|move|p1a: Aerodactyl|Rock Slide|p2a: Basculegion|[spread] p2a,p2b\n|-resisted|p2b: Tinkaton|1\n|-damage|p2a: Basculegion|44/100\n|-damage|p2b: Tinkaton|85/100\n|cant|p2a: Basculegion|flinch\n|move|p2b: Tinkaton|Play Rough|p1a: Aerodactyl\n|-damage|p1a: Aerodactyl|0 fnt\n|faint|p1a: Aerodactyl\n|\n|upkeep\n|c|\u2606shucklestrats|bruh\n|\n|t:|1776648571\n|switch|p1a: Scovillain|Scovillain, L50, M|100/100\n|turn|4\n|\n|t:|1776648582\n|switch|p2a: Gengar|Gengar, L50, F, shiny|100/100\n|move|p1a: Scovillain|Rage Powder|p1a: Scovillain\n|-singleturn|p1a: Scovillain|move: Rage Powder\n|move|p1b: Sneasler|Dire Claw|p2a: Gengar\n|-resisted|p2a: Gengar|2\n|-damage|p2a: Gengar|79/100\n|move|p2b: Tinkaton|Gigaton Hammer|p1a: Scovillain\n|-resisted|p1a: Scovillain|1\n|-crit|p1a: Scovillain\n|-damage|p1a: Scovillain|56/100\n|\n|-sideend|p1: lun4rspace|move: Tailwind\n|upkeep\n|turn|5\n|\n|t:|1776648604\n|detailschange|p2a: Gengar|Gengar-Mega, L50, F, shiny\n|-mega|p2a: Gengar|Gengar|Gengarite\n|detailschange|p1a: Scovillain|Scovillain-Mega, L50, M\n|-mega|p1a: Scovillain|Scovillain|Scovillainite\n|move|p1a: Scovillain|Rage Powder|p1a: Scovillain\n|-singleturn|p1a: Scovillain|move: Rage Powder\n|move|p1b: Sneasler|Dire Claw|p2a: Gengar\n|-resisted|p2a: Gengar|2\n|-damage|p2a: Gengar|63/100\n|-status|p2a: Gengar|par\n|move|p2b: Tinkaton|Play Rough|p1a: Scovillain\n|-resisted|p1a: Scovillain|1\n|-damage|p1a: Scovillain|41/100\n|-status|p2b: Tinkaton|brn|[from] ability: Spicy Spray|[of] p1a: Scovillain\n|move|p2a: Gengar|Shadow Ball|p1a: Scovillain\n|-damage|p1a: Scovillain|0 fnt\n|faint|p1a: Scovillain\n|\n|-damage|p2b: Tinkaton|79/100 brn|[from] brn\n|upkeep\n|c|\u2606shucklestrats|man the para mattered\n|\n|t:|1776648621\n|switch|p1a: Basculegion|Basculegion, L50, M|100/100\n|turn|6\n|c|\u2606shucklestrats|my tink wouldntve gotten burned\n|\n|t:|1776648629\n|move|p2a: Gengar|Protect|p2a: Gengar\n|-singleturn|p2a: Gengar|Protect\n|move|p1b: Sneasler|Dire Claw|p2a: Gengar\n|-activate|p2a: Gengar|move: Protect\n|move|p2b: Tinkaton|Gigaton Hammer|p1b: Sneasler\n|-damage|p1b: Sneasler|50/100\n|move|p1a: Basculegion|Last Respects|p2a: Gengar\n|-activate|p2a: Gengar|move: Protect\n|\n|-damage|p2b: Tinkaton|72/100 brn|[from] brn\n|upkeep\n|turn|7\n|\n|t:|1776648650\n|move|p1b: Sneasler|Dire Claw|p2b: Tinkaton\n|-immune|p2b: Tinkaton\n|move|p2b: Tinkaton|Play Rough|p1b: Sneasler\n|-damage|p1b: Sneasler|21/100\n|move|p1a: Basculegion|Last Respects|p2a: Gengar\n|-supereffective|p2a: Gengar|1\n|-damage|p2a: Gengar|0 fnt\n|faint|p2a: Gengar\n|\n|-damage|p2b: Tinkaton|66/100 brn|[from] brn\n|upkeep\n|\n|t:|1776648657\n|switch|p2a: Basculegion|Basculegion, L50, M, shiny|44/100\n|turn|8\n|\n|t:|1776648668\n|move|p2a: Basculegion|Aqua Jet|p1b: Sneasler\n|-damage|p1b: Sneasler|0 fnt\n|faint|p1b: Sneasler\n|move|p2b: Tinkaton|Play Rough|p1a: Basculegion\n|-damage|p1a: Basculegion|85/100\n|move|p1a: Basculegion|Last Respects|p2a: Basculegion\n|-supereffective|p2a: Basculegion|1\n|-damage|p2a: Basculegion|0 fnt\n|faint|p2a: Basculegion\n|\n|-damage|p2b: Tinkaton|60/100 brn|[from] brn\n|upkeep\n|turn|9\n|c|\u2606shucklestrats|gg ig\n|\n|t:|1776648680\n|move|p2b: Tinkaton|Play Rough|p1a: Basculegion\n|-damage|p1a: Basculegion|68/100\n|move|p1a: Basculegion|Last Respects|p2b: Tinkaton\n|-damage|p2b: Tinkaton|0 fnt\n|faint|p2b: Tinkaton\n|\n|win|lun4rspace\n|raw|lun4rspace's rating: 1164 &rarr; <strong>1185</strong><br />(+21 for winning)\n|raw|shucklestrats's rating: 1108 &rarr; <strong>1087</strong><br />(-21 for losing)\n",
  "uploadtime": 1776648681,
  "views": 10,
  "formatid": "gen9championsvgc2026regma",
  "rating": 1087,
  "private": 0,
  "password": null
}