{
  "id": "gen9championsvgc2026regma-2584657344",
  "format": "[Gen 9 Champions] VGC 2026 Reg M-A",
  "players": [
    "Lorofog",
    "sybag"
  ],
  "log": "|j|\u2606Lorofog\n|j|\u2606sybag\n|t:|1776274897\n|gametype|doubles\n|player|p1|Lorofog|170|1111\n|player|p2|sybag|169|1194\n|gen|9\n|tier|[Gen 9 Champions] VGC 2026 Reg M-A\n|rated|\n|rule|Species Clause: Limit one of each Pok\u00e9mon\n|rule|Item Clause: Limit 1 of each item\n|clearpoke\n|poke|p1|Emboar, L50, F|\n|poke|p1|Zoroark, L50, M|\n|poke|p1|Ninetales-Alola, L50, F|\n|poke|p1|Garchomp, L50, F|\n|poke|p1|Farigiraf, L50, F|\n|poke|p1|Araquanid, L50, F|\n|poke|p2|Farigiraf, L50, F|\n|poke|p2|Torkoal, L50, F|\n|poke|p2|Venusaur, L50, M|\n|poke|p2|Crabominable, L50, M|\n|poke|p2|Garchomp, L50, M|\n|poke|p2|Incineroar, L50, F|\n|teampreview|4\n|inactive|Battle timer is ON: inactive players will automatically lose when time's up. (requested by sybag)\n|inactive|Lorofog has 60 seconds left.\n|\n|t:|1776274944\n|teamsize|p1|4\n|teamsize|p2|4\n|start\n|switch|p1a: Emboar|Emboar, L50, F|100/100\n|switch|p1b: Ninetales|Ninetales-Alola, L50, F|100/100\n|switch|p2a: Torkoal|Torkoal, L50, F|100/100\n|switch|p2b: Venusaur|Venusaur, L50, M|100/100\n|-weather|Snowscape|[from] ability: Snow Warning|[of] p1b: Ninetales\n|-weather|SunnyDay|[from] ability: Drought|[of] p2a: Torkoal\n|turn|1\n|\n|t:|1776274967\n|switch|p2b: Incineroar|Incineroar, L50, F|100/100\n|-ability|p2b: Incineroar|Intimidate|boost\n|-unboost|p1a: Emboar|atk|1\n|-unboost|p1b: Ninetales|atk|1\n|switch|p1b: Araquanid|Araquanid, L50, F|100/100\n|move|p1a: Emboar|Protect|p1a: Emboar\n|-singleturn|p1a: Emboar|Protect\n|move|p2a: Torkoal|Eruption|p1b: Araquanid|[spread] p1b\n|-activate|p1a: Emboar|move: Protect\n|-damage|p1b: Araquanid|64/100\n|\n|-weather|SunnyDay|[upkeep]\n|upkeep\n|turn|2\n|inactive|Lorofog has 30 seconds left.\n|\n|t:|1776274995\n|detailschange|p1a: Emboar|Emboar-Mega, L50, F\n|-mega|p1a: Emboar|Emboar|Emboarite\n|-ability|p1a: Emboar|Mold Breaker\n|move|p1b: Araquanid|Protect|p1b: Araquanid\n|-singleturn|p1b: Araquanid|Protect\n|move|p2b: Incineroar|Fake Out|p1b: Araquanid\n|-activate|p1b: Araquanid|move: Protect\n|move|p1a: Emboar|Drain Punch|p2b: Incineroar\n|-supereffective|p2b: Incineroar|1\n|-damage|p2b: Incineroar|41/100\n|-enditem|p2b: Incineroar|Sitrus Berry|[eat]\n|-heal|p2b: Incineroar|66/100|[from] item: Sitrus Berry\n|move|p2a: Torkoal|Eruption|p1a: Emboar|[spread] p1a\n|-activate|p1b: Araquanid|move: Protect\n|-resisted|p1a: Emboar|1\n|-damage|p1a: Emboar|66/100\n|\n|-weather|SunnyDay|[upkeep]\n|upkeep\n|turn|3\n|inactive|sybag has 30 seconds left.\n|\n|t:|1776275027\n|switch|p2b: Venusaur|Venusaur, L50, M|100/100\n|move|p2a: Torkoal|Protect|p2a: Torkoal\n|-singleturn|p2a: Torkoal|Protect\n|move|p1b: Araquanid|Wide Guard|p1b: Araquanid\n|-singleturn|p1b: Araquanid|Wide Guard\n|move|p1a: Emboar|Drain Punch|p2b: Venusaur\n|-resisted|p2b: Venusaur|1\n|-damage|p2b: Venusaur|84/100\n|-heal|p1a: Emboar|74/100|[from] drain|[of] p2b: Venusaur\n|\n|-weather|SunnyDay|[upkeep]\n|upkeep\n|turn|4\n|\n|t:|1776275047\n|switch|p1a: Ninetales|Ninetales-Alola, L50, F|100/100\n|-weather|Snowscape|[from] ability: Snow Warning|[of] p1a: Ninetales\n|switch|p2a: Incineroar|Incineroar, L50, F|66/100\n|-ability|p2a: Incineroar|Intimidate|boost\n|-unboost|p1a: Ninetales|atk|1\n|-unboost|p1b: Araquanid|atk|1\n|move|p2b: Venusaur|Protect|p2b: Venusaur\n|-singleturn|p2b: Venusaur|Protect\n|move|p1b: Araquanid|Liquidation|p2a: Incineroar\n|-supereffective|p2a: Incineroar|1\n|-damage|p2a: Incineroar|0 fnt\n|faint|p2a: Incineroar\n|\n|-weather|Snowscape|[upkeep]\n|upkeep\n|\n|t:|1776275063\n|switch|p2a: Torkoal|Torkoal, L50, F|100/100\n|-weather|SunnyDay|[from] ability: Drought|[of] p2a: Torkoal\n|turn|5\n|\n|t:|1776275083\n|switch|p1a: Emboar|Emboar-Mega, L50, F|74/100\n|-ability|p1a: Emboar|Mold Breaker\n|move|p1b: Araquanid|Protect|p1b: Araquanid\n|-singleturn|p1b: Araquanid|Protect\n|move|p2b: Venusaur|Giga Drain|p1b: Araquanid\n|-activate|p1b: Araquanid|move: Protect\n|move|p2a: Torkoal|Eruption|p1a: Emboar|[spread] p1a\n|-activate|p1b: Araquanid|move: Protect\n|-resisted|p1a: Emboar|1\n|-damage|p1a: Emboar|43/100\n|\n|-weather|SunnyDay|[upkeep]\n|upkeep\n|turn|6\n|\n|t:|1776275104\n|switch|p1b: Ninetales|Ninetales-Alola, L50, F|100/100\n|-weather|Snowscape|[from] ability: Snow Warning|[of] p1b: Ninetales\n|switch|p2a: Crabominable|Crabominable, L50, M|100/100\n|move|p2b: Venusaur|Sleep Powder|p1a: Emboar\n|-status|p1a: Emboar|slp|[from] move: Sleep Powder\n|cant|p1a: Emboar|slp\n|\n|-weather|Snowscape|[upkeep]\n|upkeep\n|turn|7\n|\n|t:|1776275131\n|detailschange|p2a: Crabominable|Crabominable-Mega, L50, M\n|-mega|p2a: Crabominable|Crabominable|Crabominite\n|move|p1b: Ninetales|Protect|p1b: Ninetales\n|-singleturn|p1b: Ninetales|Protect\n|move|p2b: Venusaur|Sludge Bomb|p1b: Ninetales\n|-activate|p1b: Ninetales|move: Protect\n|cant|p1a: Emboar|slp\n|move|p2a: Crabominable|Drain Punch|p1a: Emboar\n|-damage|p1a: Emboar|0 fnt\n|faint|p1a: Emboar\n|\n|-weather|Snowscape|[upkeep]\n|upkeep\n|\n|t:|1776275142\n|switch|p1a: Farigiraf|Farigiraf, L50, F|100/100\n|turn|8\n|\n|t:|1776275166\n|move|p1b: Ninetales|Blizzard|p2a: Crabominable|[spread] p2a,p2b\n|-resisted|p2a: Crabominable|1\n|-supereffective|p2b: Venusaur|1\n|-damage|p2a: Crabominable|82/100\n|-damage|p2b: Venusaur|15/100\n|-status|p2b: Venusaur|frz\n|cant|p2b: Venusaur|frz\n|move|p1a: Farigiraf|Hyper Voice|p2a: Crabominable|[spread] p2a,p2b\n|-damage|p2a: Crabominable|48/100\n|-damage|p2b: Venusaur|0 fnt\n|faint|p2b: Venusaur\n|move|p2a: Crabominable|Drain Punch|p1a: Farigiraf\n|-damage|p1a: Farigiraf|43/100\n|-heal|p2a: Crabominable|82/100|[from] drain|[of] p1a: Farigiraf\n|-enditem|p1a: Farigiraf|Sitrus Berry|[eat]\n|-heal|p1a: Farigiraf|68/100|[from] item: Sitrus Berry\n|\n|-weather|Snowscape|[upkeep]\n|upkeep\n|\n|t:|1776275181\n|switch|p2b: Torkoal|Torkoal, L50, F|100/100\n|-weather|SunnyDay|[from] ability: Drought|[of] p2b: Torkoal\n|turn|9\n|\n|t:|1776275196\n|move|p1b: Ninetales|Protect|p1b: Ninetales\n|-singleturn|p1b: Ninetales|Protect\n|move|p1a: Farigiraf|Hyper Voice|p2a: Crabominable|[spread] p2a,p2b\n|-damage|p2a: Crabominable|50/100\n|-damage|p2b: Torkoal|60/100\n|move|p2a: Crabominable|Drain Punch|p1b: Ninetales\n|-activate|p1b: Ninetales|move: Protect\n|move|p2b: Torkoal|Eruption|p1a: Farigiraf|[spread] p1a\n|-activate|p1b: Ninetales|move: Protect\n|-damage|p1a: Farigiraf|22/100\n|\n|-weather|SunnyDay|[upkeep]\n|upkeep\n|turn|10\n|\n|t:|1776275213\n|move|p1b: Ninetales|Moonblast|p2a: Crabominable\n|-supereffective|p2a: Crabominable|1\n|-damage|p2a: Crabominable|0 fnt\n|faint|p2a: Crabominable\n|move|p1a: Farigiraf|Hyper Voice|p2b: Torkoal\n|-damage|p2b: Torkoal|5/100\n|move|p2b: Torkoal|Heat Wave|p1b: Ninetales|[spread] p1a,p1b\n|-crit|p1a: Farigiraf\n|-supereffective|p1b: Ninetales|1\n|-damage|p1a: Farigiraf|0 fnt\n|-damage|p1b: Ninetales|0 fnt\n|faint|p1a: Farigiraf\n|faint|p1b: Ninetales\n|\n|-weather|SunnyDay|[upkeep]\n|upkeep\n|\n|t:|1776275220\n|switch|p1b: Araquanid|Araquanid, L50, F|64/100\n|turn|11\n|-message|sybag forfeited.\n|\n|win|Lorofog\n|raw|Lorofog's rating: 1111 &rarr; <strong>1142</strong><br />(+31 for winning)\n|raw|sybag's rating: 1194 &rarr; <strong>1163</strong><br />(-31 for losing)\n|l|\u2606sybag\n|player|p2|\n",
  "uploadtime": 1776275237,
  "views": 23,
  "formatid": "gen9championsvgc2026regma",
  "rating": 1142,
  "private": 0,
  "password": null
}