{
  "id": "gen9championsvgc2026regma-2586697275",
  "format": "[Gen 9 Champions] VGC 2026 Reg M-A",
  "players": [
    "leaveamessage",
    "catpotatt"
  ],
  "log": "|j|\u2606leaveamessage\n|j|\u2606catpotatt\n|t:|1776452973\n|gametype|doubles\n|player|p1|leaveamessage|red-masters|1377\n|player|p2|catpotatt|roxie|1406\n|gen|9\n|tier|[Gen 9 Champions] VGC 2026 Reg M-A\n|rated|\n|rule|Species Clause: Limit one of each Pok\u00e9mon\n|rule|Item Clause: Limit 1 of each item\n|clearpoke\n|poke|p1|Blastoise, L50, F|\n|poke|p1|Farigiraf, L50, M|\n|poke|p1|Pelipper, L50, M|\n|poke|p1|Sneasler, L50, F|\n|poke|p1|Kingambit, L50, F|\n|poke|p1|Sinistcha, L50|\n|poke|p2|Basculegion, L50, M|\n|poke|p2|Floette-Eternal, L50, F|\n|poke|p2|Talonflame, L50, M|\n|poke|p2|Garchomp, L50, M|\n|poke|p2|Gardevoir, L50, F|\n|poke|p2|Rotom-Heat, L50|\n|teampreview|4\n|inactive|Battle timer is ON: inactive players will automatically lose when time's up. (requested by leaveamessage)\n|inactive|catpotatt has 60 seconds left.\n|\n|t:|1776453006\n|teamsize|p1|4\n|teamsize|p2|4\n|start\n|switch|p1a: Blastoise|Blastoise, L50, F|100/100\n|switch|p1b: Farigiraf|Farigiraf, L50, M|100/100\n|switch|p2a: Talonflame|Talonflame, L50, M|100/100\n|switch|p2b: Garchomp|Garchomp, L50, M|100/100\n|turn|1\n|\n|t:|1776453024\n|detailschange|p1a: Blastoise|Blastoise-Mega, L50, F\n|-mega|p1a: Blastoise|Blastoise|Blastoisinite\n|move|p1a: Blastoise|Fake Out|p2a: Talonflame\n|-damage|p2a: Talonflame|86/100\n|cant|p2a: Talonflame|flinch\n|move|p2b: Garchomp|Earthquake|p1b: Farigiraf|[spread] p1a,p1b\n|-immune|p2a: Talonflame\n|-crit|p1a: Blastoise\n|-damage|p1a: Blastoise|50/100\n|-damage|p1b: Farigiraf|69/100\n|move|p1b: Farigiraf|Trick Room|p1b: Farigiraf\n|-fieldstart|move: Trick Room|[of] p1b: Farigiraf\n|\n|upkeep\n|turn|2\n|inactive|catpotatt has 30 seconds left.\n|\n|t:|1776453056\n|switch|p1b: Sinistcha|Sinistcha, L50|100/100\n|-heal|p1a: Blastoise|75/100|[from] ability: Hospitality|[of] p1b: Sinistcha\n|move|p2a: Talonflame|Protect|p2a: Talonflame\n|-singleturn|p2a: Talonflame|Protect\n|move|p1a: Blastoise|Water Spout|p2b: Garchomp|[spread] p2b\n|-activate|p2a: Talonflame|move: Protect\n|-damage|p2b: Garchomp|50/100\n|move|p2b: Garchomp|Earthquake|p1a: Blastoise|[spread] p1a,p1b\n|-activate|p2a: Talonflame|move: Protect\n|-resisted|p1b: Sinistcha|1\n|-damage|p1a: Blastoise|44/100\n|-damage|p1b: Sinistcha|88/100\n|\n|upkeep\n|turn|3\n|\n|t:|1776453071\n|move|p1b: Sinistcha|Life Dew|p1b: Sinistcha|[spread] p1a,p1b\n|-heal|p1a: Blastoise|69/100\n|-heal|p1b: Sinistcha|100/100\n|move|p1a: Blastoise|Water Spout|p2a: Talonflame|[spread] p2a,p2b\n|-supereffective|p2a: Talonflame|1\n|-damage|p2a: Talonflame|0 fnt\n|-damage|p2b: Garchomp|3/100\n|faint|p2a: Talonflame\n|move|p2b: Garchomp|Dragon Claw|p1a: Blastoise\n|-damage|p1a: Blastoise|29/100\n|\n|upkeep\n|\n|t:|1776453084\n|switch|p2a: Floette|Floette-Eternal, L50, F|100/100\n|turn|4\n|\n|t:|1776453102\n|switch|p1a: Kingambit|Kingambit, L50, F|100/100\n|detailschange|p2a: Floette|Floette-Mega, L50, F\n|-mega|p2a: Floette|Floette|Floettite\n|-ability|p2a: Floette|Fairy Aura\n|move|p2b: Garchomp|Protect|p2b: Garchomp\n|-singleturn|p2b: Garchomp|Protect\n|move|p1b: Sinistcha|Matcha Gotcha|p2a: Floette|[spread] p2a\n|-activate|p2b: Garchomp|move: Protect\n|-damage|p2a: Floette|80/100\n|move|p2a: Floette|Dazzling Gleam|p1a: Kingambit|[spread] p1a,p1b\n|-damage|p1a: Kingambit|51/100\n|-damage|p1b: Sinistcha|40/100\n|-enditem|p1b: Sinistcha|Sitrus Berry|[eat]\n|-heal|p1b: Sinistcha|65/100|[from] item: Sitrus Berry\n|\n|upkeep\n|turn|5\n|inactive|leaveamessage has 30 seconds left.\n|\n|t:|1776453131\n|switch|p2b: Rotom|Rotom-Heat, L50|100/100\n|move|p2a: Floette|Protect|p2a: Floette\n|-singleturn|p2a: Floette|Protect\n|move|p1a: Kingambit|Iron Head|p2a: Floette\n|-activate|p2a: Floette|move: Protect\n|move|p1b: Sinistcha|Matcha Gotcha|p2a: Floette|[spread] p2b\n|-activate|p2a: Floette|move: Protect\n|-resisted|p2b: Rotom|1\n|-damage|p2b: Rotom|89/100\n|-heal|p1b: Sinistcha|70/100|[from] drain|[of] p2b: Rotom\n|\n|-fieldend|move: Trick Room\n|upkeep\n|turn|6\n|inactive|leaveamessage has 30 seconds left.\n|\n|t:|1776453160\n|move|p2a: Floette|Moonblast|p1a: Kingambit\n|-damage|p1a: Kingambit|0 fnt\n|faint|p1a: Kingambit\n|move|p2b: Rotom|Overheat|p1b: Sinistcha\n|-supereffective|p1b: Sinistcha|1\n|-damage|p1b: Sinistcha|0 fnt\n|-unboost|p2b: Rotom|spa|2\n|faint|p1b: Sinistcha\n|\n|upkeep\n|\n|t:|1776453166\n|switch|p1b: Farigiraf|Farigiraf, L50, M|69/100\n|switch|p1a: Blastoise|Blastoise-Mega, L50, F|29/100\n|turn|7\n|-message|leaveamessage forfeited.\n|\n|win|catpotatt\n|raw|leaveamessage's rating: 1377 &rarr; <strong>1359</strong><br />(-18 for losing)\n|raw|catpotatt's rating: 1406 &rarr; <strong>1424</strong><br />(+18 for winning)\n|l|\u2606leaveamessage\n|player|p1|\n|c|\u2606catpotatt|gg\n",
  "uploadtime": 1776453186,
  "views": 48,
  "formatid": "gen9championsvgc2026regma",
  "rating": 1359,
  "private": 0,
  "password": null
}