{
  "id": "gen9championsvgc2026regma-2585543376",
  "format": "[Gen 9 Champions] VGC 2026 Reg M-A",
  "players": [
    "axas",
    "AsexualBillClinton"
  ],
  "log": "|j|\u2606axas\n|j|\u2606AsexualBillClinton\n|t:|1776354482\n|gametype|doubles\n|player|p1|axas|1|1260\n|player|p2|AsexualBillClinton|marlon|1288\n|gen|9\n|tier|[Gen 9 Champions] VGC 2026 Reg M-A\n|rated|\n|rule|Species Clause: Limit one of each Pok\u00e9mon\n|rule|Item Clause: Limit 1 of each item\n|clearpoke\n|poke|p1|Froslass, L50, F|\n|poke|p1|Garchomp, L50, M|\n|poke|p1|Incineroar, L50, F|\n|poke|p1|Rotom-Wash, L50|\n|poke|p1|Empoleon, L50, M|\n|poke|p1|Sneasler, L50, F|\n|poke|p2|Chesnaught, L50, F|\n|poke|p2|Whimsicott, L50, F|\n|poke|p2|Maushold-Four, L50|\n|poke|p2|Tyranitar, L50, M|\n|poke|p2|Farigiraf, L50, F|\n|poke|p2|Stunfisk, L50, F|\n|teampreview|4\n|\n|t:|1776354503\n|teamsize|p1|4\n|teamsize|p2|4\n|start\n|switch|p1a: Sneasler|Sneasler, L50, F|100/100\n|switch|p1b: Empoleon|Empoleon, L50, M|100/100\n|switch|p2a: Farigiraf|Farigiraf, L50, F|100/100\n|switch|p2b: Chesnaught|Chesnaught, L50, F|100/100\n|turn|1\n|\n|t:|1776354525\n|detailschange|p2b: Chesnaught|Chesnaught-Mega, L50, F\n|-mega|p2b: Chesnaught|Chesnaught|Chesnaughtite\n|move|p1a: Sneasler|Dire Claw|p2b: Chesnaught\n|-supereffective|p2b: Chesnaught|1\n|-damage|p2b: Chesnaught|51/100\n|move|p2a: Farigiraf|Psychic|p1a: Sneasler\n|-supereffective|p1a: Sneasler|2\n|-damage|p1a: Sneasler|0 fnt\n|faint|p1a: Sneasler\n|move|p2b: Chesnaught|Belly Drum|p2b: Chesnaught\n|-damage|p2b: Chesnaught|2/100\n|-setboost|p2b: Chesnaught|atk|6|[from] move: Belly Drum\n|move|p1b: Empoleon|Roar|p2a: Farigiraf\n|drag|p2a: Whimsicott|Whimsicott, L50, F|100/100\n|\n|upkeep\n|\n|t:|1776354533\n|switch|p1a: Froslass|Froslass, L50, F|100/100\n|turn|2\n|\n|t:|1776354548\n|detailschange|p1a: Froslass|Froslass-Mega, L50, F\n|-mega|p1a: Froslass|Froslass|Froslassite\n|-weather|Snowscape|[from] ability: Snow Warning|[of] p1a: Froslass\n|move|p2a: Whimsicott|Grassy Terrain|p2a: Whimsicott\n|-fieldstart|move: Grassy Terrain\n|move|p2b: Chesnaught|Grassy Glide|p1b: Empoleon\n|-damage|p1b: Empoleon|0 fnt\n|faint|p1b: Empoleon\n|move|p1a: Froslass|Blizzard|p2b: Chesnaught|[spread] p2a,p2b\n|-supereffective|p2a: Whimsicott|1\n|-supereffective|p2b: Chesnaught|1\n|-crit|p2b: Chesnaught\n|-damage|p2a: Whimsicott|3/100\n|-damage|p2b: Chesnaught|0 fnt\n|faint|p2b: Chesnaught\n|\n|-weather|Snowscape|[upkeep]\n|-heal|p2a: Whimsicott|9/100|[from] Grassy Terrain\n|upkeep\n|\n|t:|1776354556\n|switch|p1b: Garchomp|Garchomp, L50, M|100/100\n|switch|p2b: Tyranitar|Tyranitar, L50, M|100/100\n|-weather|Sandstorm|[from] ability: Sand Stream|[of] p2b: Tyranitar\n|turn|3\n|\n|t:|1776354581\n|move|p1a: Froslass|Protect|p1a: Froslass\n|-singleturn|p1a: Froslass|Protect\n|move|p2a: Whimsicott|Light Screen|p2a: Whimsicott\n|-sidestart|p2: AsexualBillClinton|move: Light Screen\n|move|p1b: Garchomp|Earthquake|p2b: Tyranitar|[spread] p2a,p2b\n|-activate|p1a: Froslass|move: Protect\n|-resisted|p2a: Whimsicott|1\n|-crit|p2a: Whimsicott\n|-supereffective|p2b: Tyranitar|1\n|-damage|p2a: Whimsicott|0 fnt\n|-damage|p2b: Tyranitar|67/100\n|faint|p2a: Whimsicott\n|move|p2b: Tyranitar|Knock Off|p1a: Froslass\n|-activate|p1a: Froslass|move: Protect\n|\n|-weather|Sandstorm|[upkeep]\n|-damage|p1a: Froslass|94/100|[from] Sandstorm\n|-heal|p1a: Froslass|100/100|[from] Grassy Terrain\n|-heal|p2b: Tyranitar|73/100|[from] Grassy Terrain\n|upkeep\n|\n|t:|1776354584\n|switch|p2a: Farigiraf|Farigiraf, L50, F|100/100\n|turn|4\n|\n|t:|1776354611\n|move|p2b: Tyranitar|Protect|p2b: Tyranitar\n|-singleturn|p2b: Tyranitar|Protect\n|move|p1a: Froslass|Blizzard|p2b: Tyranitar|[spread] \n|-activate|p2b: Tyranitar|move: Protect\n|-miss|p1a: Froslass|p2a: Farigiraf\n|move|p1b: Garchomp|Dragon Claw|p2a: Farigiraf\n|-damage|p2a: Farigiraf|64/100\n|move|p2a: Farigiraf|Trick Room|p2a: Farigiraf\n|-fieldstart|move: Trick Room|[of] p2a: Farigiraf\n|\n|-weather|Sandstorm|[upkeep]\n|-damage|p2a: Farigiraf|58/100|[from] Sandstorm\n|-damage|p1a: Froslass|94/100|[from] Sandstorm\n|-heal|p2b: Tyranitar|79/100|[from] Grassy Terrain\n|-heal|p2a: Farigiraf|64/100|[from] Grassy Terrain\n|-heal|p1a: Froslass|100/100|[from] Grassy Terrain\n|upkeep\n|turn|5\n|\n|t:|1776354625\n|move|p1a: Froslass|Protect|p1a: Froslass\n|-singleturn|p1a: Froslass|Protect\n|move|p2a: Farigiraf|Psychic|p1b: Garchomp\n|-damage|p1b: Garchomp|58/100\n|move|p2b: Tyranitar|Knock Off|p1b: Garchomp\n|-damage|p1b: Garchomp|0 fnt\n|-damage|p2b: Tyranitar|67/100|[from] ability: Rough Skin|[of] p1b: Garchomp\n|-enditem|p1b: Garchomp|Lum Berry|[from] move: Knock Off|[of] p2b: Tyranitar\n|faint|p1b: Garchomp\n|\n|-weather|Sandstorm|[upkeep]\n|-damage|p2a: Farigiraf|58/100|[from] Sandstorm\n|-damage|p1a: Froslass|94/100|[from] Sandstorm\n|-heal|p2a: Farigiraf|64/100|[from] Grassy Terrain\n|-heal|p2b: Tyranitar|73/100|[from] Grassy Terrain\n|-heal|p1a: Froslass|100/100|[from] Grassy Terrain\n|upkeep\n|turn|6\n|inactive|Battle timer is ON: inactive players will automatically lose when time's up. (requested by AsexualBillClinton)\n|\n|t:|1776354652\n|move|p2b: Tyranitar|Knock Off|p1a: Froslass\n|-supereffective|p1a: Froslass|1\n|-damage|p1a: Froslass|0 fnt\n|faint|p1a: Froslass\n|\n|win|AsexualBillClinton\n|raw|axas's rating: 1232 &rarr; <strong>1211</strong><br />(-21 for losing)\n|raw|AsexualBillClinton's rating: 1288 &rarr; <strong>1309</strong><br />(+21 for winning)\n|l|\u2606axas\n|player|p1|\n",
  "uploadtime": 1776354655,
  "views": 39,
  "formatid": "gen9championsvgc2026regma",
  "rating": 1211,
  "private": 0,
  "password": null
}