{
  "id": "gen9championsvgc2026regma-2588007075",
  "format": "[Gen 9 Champions] VGC 2026 Reg M-A",
  "players": [
    "plantanary",
    "Romulu5"
  ],
  "log": "|j|\u2606plantanary\n|j|\u2606Romulu5\n|t:|1776592022\n|gametype|doubles\n|player|p1|plantanary|101|1044\n|player|p2|Romulu5|1|1000\n|gen|9\n|tier|[Gen 9 Champions] VGC 2026 Reg M-A\n|rated|\n|rule|Species Clause: Limit one of each Pok\u00e9mon\n|rule|Item Clause: Limit 1 of each item\n|clearpoke\n|poke|p1|Scovillain, L50, F|\n|poke|p1|Basculegion-F, L50, F|\n|poke|p1|Sneasler, L50, M|\n|poke|p1|Sinistcha, L50|\n|poke|p1|Glimmora, L50, F|\n|poke|p1|Gengar, L50, M|\n|poke|p2|Charizard, L50, F|\n|poke|p2|Kingambit, L50, M|\n|poke|p2|Rotom-Wash, L50|\n|poke|p2|Sinistcha, L50|\n|poke|p2|Sneasler, L50, F|\n|poke|p2|Ninetales-Alola, L50, M|\n|teampreview|4\n|\n|t:|1776592054\n|teamsize|p1|4\n|teamsize|p2|4\n|start\n|switch|p1a: Scovillain|Scovillain, L50, F|100/100\n|switch|p1b: Basculegion|Basculegion-F, L50, F|100/100\n|switch|p2a: Sneasler|Sneasler, L50, F|100/100\n|switch|p2b: Kingambit|Kingambit, L50, M|100/100\n|turn|1\n|\n|t:|1776592075\n|detailschange|p1a: Scovillain|Scovillain-Mega, L50, F\n|-mega|p1a: Scovillain|Scovillain|Scovillainite\n|move|p1b: Basculegion|Protect|p1b: Basculegion\n|-singleturn|p1b: Basculegion|Protect\n|move|p2a: Sneasler|Fake Out|p1a: Scovillain\n|-damage|p1a: Scovillain|84/100\n|-status|p2a: Sneasler|brn|[from] ability: Spicy Spray|[of] p1a: Scovillain\n|move|p2b: Kingambit|Sucker Punch||[still]\n|-fail|p2b: Kingambit\n|cant|p1a: Scovillain|flinch\n|\n|-damage|p2a: Sneasler|95/100 brn|[from] brn\n|upkeep\n|turn|2\n|\n|t:|1776592095\n|move|p2b: Kingambit|Sucker Punch|p1b: Basculegion\n|-supereffective|p1b: Basculegion|1\n|-damage|p1b: Basculegion|4/100\n|move|p2a: Sneasler|Dire Claw|p1a: Scovillain\n|-supereffective|p1a: Scovillain|1\n|-damage|p1a: Scovillain|34/100\n|-status|p1a: Scovillain|psn\n|move|p1b: Basculegion|Hex|p2a: Sneasler\n|-damage|p2a: Sneasler|0 fnt\n|faint|p2a: Sneasler\n|move|p1a: Scovillain|Overheat|p2b: Kingambit\n|-supereffective|p2b: Kingambit|1\n|-damage|p2b: Kingambit|0 fnt\n|-unboost|p1a: Scovillain|spa|2\n|faint|p2b: Kingambit\n|\n|-damage|p1a: Scovillain|22/100 psn|[from] psn\n|upkeep\n|\n|t:|1776592116\n|switch|p2a: Charizard|Charizard, L50, F|100/100\n|switch|p2b: Ninetales|Ninetales-Alola, L50, M|100/100\n|-weather|Snowscape|[from] ability: Snow Warning|[of] p2b: Ninetales\n|turn|3\n|\n|t:|1776592136\n|detailschange|p2a: Charizard|Charizard-Mega-X, L50, F\n|-mega|p2a: Charizard|Charizard|Charizardite X\n|move|p2a: Charizard|Protect|p2a: Charizard\n|-singleturn|p2a: Charizard|Protect\n|move|p1b: Basculegion|Protect|p1b: Basculegion\n|-singleturn|p1b: Basculegion|Protect\n|move|p1a: Scovillain|Endure|p1a: Scovillain\n|-singleturn|p1a: Scovillain|move: Endure\n|move|p2b: Ninetales|Aurora Veil|p2b: Ninetales\n|-sidestart|p2: Romulu5|move: Aurora Veil\n|\n|-weather|Snowscape|[upkeep]\n|-damage|p1a: Scovillain|10/100 psn|[from] psn\n|upkeep\n|turn|4\n|\n|t:|1776592157\n|move|p1a: Scovillain|Rage Powder|p1a: Scovillain\n|-singleturn|p1a: Scovillain|move: Rage Powder\n|move|p2a: Charizard|Dragon Claw|p1a: Scovillain\n|-damage|p1a: Scovillain|0 fnt\n|-immune|p2a: Charizard\n|faint|p1a: Scovillain\n|move|p2b: Ninetales|Blizzard|p1b: Basculegion\n|-resisted|p1b: Basculegion|1\n|-damage|p1b: Basculegion|0 fnt\n|faint|p1b: Basculegion\n|\n|-weather|Snowscape|[upkeep]\n|upkeep\n|\n|t:|1776592173\n|switch|p1b: Sinistcha|Sinistcha, L50|100/100\n|switch|p1a: Sneasler|Sneasler, L50, M|100/100\n|turn|5\n|\n|t:|1776592199\n|move|p2a: Charizard|Protect|p2a: Charizard\n|-singleturn|p2a: Charizard|Protect\n|move|p1a: Sneasler|Fake Out|p2a: Charizard\n|-activate|p2a: Charizard|move: Protect\n|move|p2b: Ninetales|Blizzard|p1a: Sneasler|[spread] p1a,p1b\n|-supereffective|p1b: Sinistcha|1\n|-damage|p1a: Sneasler|58/100\n|-damage|p1b: Sinistcha|27/100\n|move|p1b: Sinistcha|Matcha Gotcha|p2b: Ninetales|[spread] \n|-activate|p2a: Charizard|move: Protect\n|-miss|p1b: Sinistcha|p2b: Ninetales\n|\n|-weather|Snowscape|[upkeep]\n|-heal|p1b: Sinistcha|33/100|[from] item: Leftovers\n|upkeep\n|turn|6\n|\n|t:|1776592228\n|move|p1a: Sneasler|Close Combat|p2b: Ninetales\n|-damage|p2b: Ninetales|57/100\n|-unboost|p1a: Sneasler|def|1\n|-unboost|p1a: Sneasler|spd|1\n|-enditem|p1a: Sneasler|White Herb\n|-clearnegativeboost|p1a: Sneasler|[silent]\n|move|p2a: Charizard|Dragon Claw|p1a: Sneasler\n|-crit|p1a: Sneasler\n|-damage|p1a: Sneasler|0 fnt\n|faint|p1a: Sneasler\n|move|p2b: Ninetales|Blizzard|p1b: Sinistcha\n|-supereffective|p1b: Sinistcha|1\n|-damage|p1b: Sinistcha|0 fnt\n|faint|p1b: Sinistcha\n|\n|win|Romulu5\n|raw|plantanary's rating: 1044 &rarr; <strong>1025</strong><br />(-19 for losing)\n|raw|Romulu5's rating: 1000 &rarr; <strong>1045</strong><br />(+45 for winning)\n|l|\u2606plantanary\n|player|p1|\n",
  "uploadtime": 1776592244,
  "views": 15,
  "formatid": "gen9championsvgc2026regma",
  "rating": 1025,
  "private": 0,
  "password": null
}