{
  "id": "gen9championsvgc2026regma-2581750587",
  "format": "[Gen 9 Champions] VGC 2026 Reg M-A",
  "players": [
    "Sceptilicious",
    "ArmoryOfSkarmory"
  ],
  "log": "|j|\u2606Sceptilicious\n|j|\u2606ArmoryOfSkarmory\n|t:|1776025547\n|gametype|doubles\n|player|p1|Sceptilicious|170|1098\n|player|p2|ArmoryOfSkarmory|1|1194\n|gen|9\n|tier|[Gen 9 Champions] VGC 2026 Reg M-A\n|rated|\n|rule|Species Clause: Limit one of each Pok\u00e9mon\n|rule|Item Clause: Limit 1 of each item\n|clearpoke\n|poke|p1|Manectric, L50, F|\n|poke|p1|Ninetales-Alola, L50, M|\n|poke|p1|Decidueye, L50, M|\n|poke|p1|Archaludon, L50, F|\n|poke|p1|Maushold, L50|\n|poke|p1|Incineroar, L50, M|\n|poke|p2|Talonflame, L50, F|\n|poke|p2|Glimmora, L50, M|\n|poke|p2|Basculegion, L50, M|\n|poke|p2|Garchomp, L50, M|\n|poke|p2|Sinistcha, L50|\n|poke|p2|Floette-Eternal, L50, F|\n|teampreview|4\n|\n|t:|1776025587\n|teamsize|p1|4\n|teamsize|p2|4\n|start\n|switch|p1a: Ninetales|Ninetales-Alola, L50, M|100/100\n|switch|p1b: Incineroar|Incineroar, L50, M|100/100\n|switch|p2a: Glimmora|Glimmora, L50, M|100/100\n|switch|p2b: Basculegion|Basculegion, L50, M|100/100\n|-weather|Snowscape|[from] ability: Snow Warning|[of] p1a: Ninetales\n|-ability|p1b: Incineroar|Intimidate|boost\n|-unboost|p2a: Glimmora|atk|1\n|-unboost|p2b: Basculegion|atk|1\n|turn|1\n|\n|t:|1776025605\n|move|p2a: Glimmora|Spiky Shield|p2a: Glimmora\n|-singleturn|p2a: Glimmora|move: Protect\n|move|p2b: Basculegion|Wave Crash|p1a: Ninetales\n|-damage|p1a: Ninetales|57/100\n|-damage|p2b: Basculegion|88/100|[from] Recoil\n|move|p1a: Ninetales|Aurora Veil|p1a: Ninetales\n|-sidestart|p1: Sceptilicious|move: Aurora Veil\n|move|p1b: Incineroar|Throat Chop|p2b: Basculegion\n|-supereffective|p2b: Basculegion|1\n|-damage|p2b: Basculegion|0 fnt\n|faint|p2b: Basculegion\n|\n|-weather|Snowscape|[upkeep]\n|upkeep\n|\n|t:|1776025624\n|switch|p2b: Garchomp|Garchomp, L50, M|100/100\n|turn|2\n|\n|t:|1776025632\n|detailschange|p2a: Glimmora|Glimmora-Mega, L50, M\n|-mega|p2a: Glimmora|Glimmora|Glimmoranite\n|move|p1a: Ninetales|Blizzard|p2b: Garchomp|[spread] p2a,p2b\n|-supereffective|p2b: Garchomp|2\n|-damage|p2a: Glimmora|74/100\n|-damage|p2b: Garchomp|0 fnt\n|faint|p2b: Garchomp\n|move|p2a: Glimmora|Power Gem|p1a: Ninetales\n|-supereffective|p1a: Ninetales|1\n|-damage|p1a: Ninetales|0 fnt\n|faint|p1a: Ninetales\n|move|p1b: Incineroar|Parting Shot|p2a: Glimmora\n|-unboost|p2a: Glimmora|atk|1\n|-unboost|p2a: Glimmora|spa|1\n|\n|t:|1776025646\n|switch|p1b: Archaludon|Archaludon, L50, F|100/100|[from] Parting Shot\n|\n|-weather|Snowscape|[upkeep]\n|upkeep\n|l|\u2606ArmoryOfSkarmory\n|player|p2|\n|inactive|Battle timer is ON: inactive players will automatically lose when time's up. (requested by Sceptilicious)\n|j|\u2606ArmoryOfSkarmory\n|inactive|ArmoryOfSkarmory reconnected and has 90 seconds left.\n|player|p2|ArmoryOfSkarmory|1|\n|\n|t:|1776025672\n|switch|p1a: Incineroar|Incineroar, L50, M|100/100\n|switch|p2b: Sinistcha|Sinistcha, L50|100/100\n|-ability|p1a: Incineroar|Intimidate|boost\n|-unboost|p2a: Glimmora|atk|1\n|-unboost|p2b: Sinistcha|atk|1\n|-heal|p2a: Glimmora|99/100|[from] ability: Hospitality|[of] p2b: Sinistcha\n|turn|3\n|\n|t:|1776025689\n|move|p2a: Glimmora|Spiky Shield|p2a: Glimmora\n|-singleturn|p2a: Glimmora|move: Protect\n|move|p1b: Archaludon|Draco Meteor|p2a: Glimmora\n|-activate|p2a: Glimmora|move: Protect\n|move|p2b: Sinistcha|Matcha Gotcha|p1a: Incineroar|[spread] p1a,p1b\n|-resisted|p1a: Incineroar|1\n|-resisted|p1b: Archaludon|2\n|-damage|p1a: Incineroar|93/100\n|-damage|p1b: Archaludon|96/100\n|-ability|p1b: Archaludon|Stamina|boost\n|-boost|p1b: Archaludon|def|1\n|move|p1a: Incineroar|Flare Blitz|p2b: Sinistcha\n|-supereffective|p2b: Sinistcha|1\n|-damage|p2b: Sinistcha|32/100\n|-damage|p1a: Incineroar|70/100|[from] Recoil\n|\n|-weather|Snowscape|[upkeep]\n|-heal|p2b: Sinistcha|38/100|[from] item: Leftovers\n|-heal|p1a: Incineroar|76/100|[from] item: Leftovers\n|upkeep\n|turn|4\n|\n|t:|1776025711\n|move|p2a: Glimmora|Earth Power|p1b: Archaludon\n|-supereffective|p1b: Archaludon|1\n|-damage|p1b: Archaludon|63/100\n|-ability|p1b: Archaludon|Stamina|boost\n|-boost|p1b: Archaludon|def|1\n|move|p1b: Archaludon|Draco Meteor|p2a: Glimmora\n|-damage|p2a: Glimmora|11/100\n|-unboost|p1b: Archaludon|spa|2\n|move|p2b: Sinistcha|Strength Sap|p1a: Incineroar\n|-unboost|p1a: Incineroar|atk|1\n|-heal|p2b: Sinistcha|100/100\n|move|p1a: Incineroar|Flare Blitz|p2a: Glimmora\n|-resisted|p2a: Glimmora|1\n|-damage|p2a: Glimmora|0 fnt\n|faint|p2a: Glimmora\n|-damage|p1a: Incineroar|72/100|[from] Recoil\n|\n|-weather|Snowscape|[upkeep]\n|-heal|p1a: Incineroar|78/100|[from] item: Leftovers\n|upkeep\n|turn|5\n|\n|t:|1776025732\n|move|p1b: Archaludon|Flash Cannon|p2b: Sinistcha\n|-damage|p2b: Sinistcha|78/100\n|move|p2b: Sinistcha|Matcha Gotcha|p1a: Incineroar|[spread] p1a,p1b\n|-resisted|p1a: Incineroar|1\n|-resisted|p1b: Archaludon|2\n|-damage|p1a: Incineroar|70/100\n|-heal|p2b: Sinistcha|82/100|[from] drain|[of] p1a: Incineroar\n|-damage|p1b: Archaludon|59/100\n|-heal|p2b: Sinistcha|84/100|[from] drain|[of] p1b: Archaludon\n|-status|p1b: Archaludon|brn\n|-ability|p1b: Archaludon|Stamina|boost\n|-boost|p1b: Archaludon|def|1\n|move|p1a: Incineroar|Parting Shot|p2b: Sinistcha\n|-unboost|p2b: Sinistcha|atk|1\n|-unboost|p2b: Sinistcha|spa|1\n|\n|t:|1776025746\n|switch|p1a: Manectric|Manectric, L50, F|100/100|[from] Parting Shot\n|\n|-weather|none\n|-heal|p2b: Sinistcha|90/100|[from] item: Leftovers\n|-damage|p1b: Archaludon|53/100 brn|[from] brn\n|-sideend|p1: Sceptilicious|move: Aurora Veil\n|upkeep\n|turn|6\n|\n|t:|1776025756\n|detailschange|p1a: Manectric|Manectric-Mega, L50, F\n|-mega|p1a: Manectric|Manectric|Manectite\n|-ability|p1a: Manectric|Intimidate|boost\n|-unboost|p2b: Sinistcha|atk|1\n|move|p1a: Manectric|Flamethrower|p2b: Sinistcha\n|-supereffective|p2b: Sinistcha|1\n|-damage|p2b: Sinistcha|18/100\n|move|p1b: Archaludon|Draco Meteor|p2b: Sinistcha\n|-damage|p2b: Sinistcha|0 fnt\n|-unboost|p1b: Archaludon|spa|2\n|faint|p2b: Sinistcha\n|\n|win|Sceptilicious\n|raw|Sceptilicious's rating: 1098 &rarr; <strong>1130</strong><br />(+32 for winning)\n|raw|ArmoryOfSkarmory's rating: 1194 &rarr; <strong>1162</strong><br />(-32 for losing)\n|l|\u2606ArmoryOfSkarmory\n|player|p2|\n|c|\u2606Sceptilicious|gg\n",
  "uploadtime": 1776025767,
  "views": 15,
  "formatid": "gen9championsvgc2026regma",
  "rating": 1130,
  "private": 0,
  "password": null
}