{
  "id": "gen9championsvgc2026regma-2581202297",
  "format": "[Gen 9 Champions] VGC 2026 Reg M-A",
  "players": [
    "Troubler40",
    "Novicebest"
  ],
  "log": "|j|\u2606Troubler40\n|j|\u2606Novicebest\n|t:|1775970239\n|gametype|doubles\n|player|p1|Troubler40|265|1191\n|player|p2|Novicebest|dawn|1223\n|gen|9\n|tier|[Gen 9 Champions] VGC 2026 Reg M-A\n|rated|\n|rule|Species Clause: Limit one of each Pok\u00e9mon\n|rule|Item Clause: Limit 1 of each item\n|clearpoke\n|poke|p1|Froslass, L50, F|\n|poke|p1|Kingambit, L50, M|\n|poke|p1|Primarina, L50, M|\n|poke|p1|Arcanine-Hisui, L50, M|\n|poke|p1|Ninetales-Alola, L50, M|\n|poke|p1|Volcarona, L50, M|\n|poke|p2|Charizard, L50, M|\n|poke|p2|Whimsicott, L50, M|\n|poke|p2|Farigiraf, L50, F|\n|poke|p2|Sneasler, L50, M|\n|poke|p2|Rotom-Wash, L50|\n|poke|p2|Incineroar, L50, F|\n|teampreview|4\n|inactive|Battle timer is ON: inactive players will automatically lose when time's up. (requested by Troubler40)\n|\n|t:|1775970278\n|teamsize|p1|4\n|teamsize|p2|4\n|start\n|switch|p1a: Primarina|Primarina, L50, M|100/100\n|switch|p1b: Arcanine|Arcanine-Hisui, L50, M|100/100\n|switch|p2a: Incineroar|Incineroar, L50, F|100/100\n|switch|p2b: Charizard|Charizard, L50, M|100/100\n|-ability|p2a: Incineroar|Intimidate|boost\n|-unboost|p1a: Primarina|atk|1\n|-unboost|p1b: Arcanine|atk|1\n|turn|1\n|inactive|Novicebest has 30 seconds left.\n|\n|t:|1775970306\n|detailschange|p2b: Charizard|Charizard-Mega-Y, L50, M\n|-mega|p2b: Charizard|Charizard|Charizardite Y\n|-weather|SunnyDay|[from] ability: Drought|[of] p2b: Charizard\n|move|p2a: Incineroar|Fake Out|p1b: Arcanine\n|-resisted|p1b: Arcanine|1\n|-damage|p1b: Arcanine|95/100\n|cant|p1b: Arcanine|flinch\n|move|p2b: Charizard|Solar Beam||[still]\n|-prepare|p2b: Charizard|Solar Beam\n|-anim|p2b: Charizard|Solar Beam|p1a: Primarina\n|-supereffective|p1a: Primarina|1\n|-damage|p1a: Primarina|13/100\n|-enditem|p1a: Primarina|Sitrus Berry|[eat]\n|-heal|p1a: Primarina|37/100|[from] item: Sitrus Berry\n|move|p1a: Primarina|Hyper Voice|p2a: Incineroar|[spread] p2a,p2b\n|-supereffective|p2a: Incineroar|1\n|-supereffective|p2b: Charizard|1\n|-damage|p2a: Incineroar|70/100\n|-damage|p2b: Charizard|68/100\n|\n|-weather|SunnyDay|[upkeep]\n|upkeep\n|turn|2\n|\n|t:|1775970331\n|switch|p2b: Rotom|Rotom-Wash, L50|100/100\n|move|p1a: Primarina|Protect|p1a: Primarina\n|-singleturn|p1a: Primarina|Protect\n|move|p1b: Arcanine|Head Smash|p2b: Rotom\n|-damage|p2b: Rotom|46/100\n|move|p2a: Incineroar|Parting Shot|p1b: Arcanine\n|-unboost|p1b: Arcanine|atk|1\n|-unboost|p1b: Arcanine|spa|1\n|\n|t:|1775970343\n|switch|p2a: Sneasler|Sneasler, L50, M|100/100|[from] Parting Shot\n|\n|-weather|SunnyDay|[upkeep]\n|-heal|p2b: Rotom|52/100|[from] item: Leftovers\n|upkeep\n|turn|3\n|\n|t:|1775970365\n|switch|p1b: Froslass|Froslass, L50, F|100/100\n|move|p2a: Sneasler|Close Combat|p1b: Froslass\n|-immune|p1b: Froslass\n|move|p2b: Rotom|Thunderbolt|p1a: Primarina\n|-supereffective|p1a: Primarina|1\n|-damage|p1a: Primarina|0 fnt\n|faint|p1a: Primarina\n|\n|-weather|SunnyDay|[upkeep]\n|-heal|p2b: Rotom|58/100|[from] item: Leftovers\n|upkeep\n|\n|t:|1775970382\n|switch|p1a: Arcanine|Arcanine-Hisui, L50, M|95/100\n|turn|4\n|\n|t:|1775970402\n|detailschange|p1b: Froslass|Froslass-Mega, L50, F\n|-mega|p1b: Froslass|Froslass|Froslassite\n|-weather|Snowscape|[from] ability: Snow Warning|[of] p1b: Froslass\n|move|p1a: Arcanine|Wild Charge|p2b: Rotom\n|-damage|p2b: Rotom|26/100\n|move|p1b: Froslass|Blizzard|p2a: Sneasler|[spread] p2a,p2b\n|-resisted|p2b: Rotom|1\n|-damage|p2a: Sneasler|37/100\n|-damage|p2b: Rotom|5/100\n|move|p2a: Sneasler|Close Combat|p1a: Arcanine\n|-supereffective|p1a: Arcanine|1\n|-damage|p1a: Arcanine|0 fnt\n|-unboost|p2a: Sneasler|def|1\n|-unboost|p2a: Sneasler|spd|1\n|faint|p1a: Arcanine\n|-enditem|p2a: Sneasler|White Herb\n|-clearnegativeboost|p2a: Sneasler|[silent]\n|move|p2b: Rotom|Thunderbolt|p1b: Froslass\n|-damage|p1b: Froslass|51/100\n|\n|-weather|Snowscape|[upkeep]\n|-heal|p2b: Rotom|11/100|[from] item: Leftovers\n|upkeep\n|\n|t:|1775970421\n|switch|p1a: Ninetales|Ninetales-Alola, L50, M|100/100\n|turn|5\n|\n|t:|1775970432\n|move|p2b: Rotom|Protect|p2b: Rotom\n|-singleturn|p2b: Rotom|Protect\n|move|p2a: Sneasler|Dire Claw|p1a: Ninetales\n|-supereffective|p1a: Ninetales|1\n|-damage|p1a: Ninetales|27/100\n|-status|p1a: Ninetales|slp\n|move|p1b: Froslass|Blizzard|p2a: Sneasler|[spread] p2a\n|-activate|p2b: Rotom|move: Protect\n|-damage|p2a: Sneasler|0 fnt\n|faint|p2a: Sneasler\n|cant|p1a: Ninetales|slp\n|\n|-weather|Snowscape|[upkeep]\n|-heal|p2b: Rotom|16/100|[from] item: Leftovers\n|upkeep\n|\n|t:|1775970448\n|switch|p2a: Charizard|Charizard-Mega-Y, L50, M|68/100\n|-weather|SunnyDay|[from] ability: Drought|[of] p2a: Charizard\n|turn|6\n|\n|t:|1775970459\n|move|p1b: Froslass|Shadow Ball|p2a: Charizard\n|-damage|p2a: Charizard|29/100\n|move|p2a: Charizard|Weather Ball|p1b: Froslass\n|-supereffective|p1b: Froslass|1\n|-damage|p1b: Froslass|0 fnt\n|faint|p1b: Froslass\n|cant|p1a: Ninetales|slp\n|move|p2b: Rotom|Thunderbolt|p1a: Ninetales\n|-damage|p1a: Ninetales|0 fnt\n|faint|p1a: Ninetales\n|\n|win|Novicebest\n|raw|Troubler40's rating: 1191 &rarr; <strong>1168</strong><br />(-23 for losing)\n|raw|Novicebest's rating: 1223 &rarr; <strong>1246</strong><br />(+23 for winning)\n|l|\u2606Troubler40\n|player|p1|\n",
  "uploadtime": 1775970473,
  "views": 15,
  "formatid": "gen9championsvgc2026regma",
  "rating": 1168,
  "private": 0,
  "password": null
}