{
  "id": "gen9championsvgc2026regma-2583011482",
  "format": "[Gen 9 Champions] VGC 2026 Reg M-A",
  "players": [
    "curfy27",
    "Jah_08"
  ],
  "log": "|j|\u2606curfy27\n|j|\u2606Jah_08\n|t:|1776133176\n|gametype|doubles\n|player|p1|curfy27|170|1240\n|player|p2|Jah_08|alder|1310\n|gen|9\n|tier|[Gen 9 Champions] VGC 2026 Reg M-A\n|rated|\n|rule|Species Clause: Limit one of each Pok\u00e9mon\n|rule|Item Clause: Limit 1 of each item\n|clearpoke\n|poke|p1|Floette-Eternal, L50, F|\n|poke|p1|Archaludon, L50, M|\n|poke|p1|Pelipper, L50, M|\n|poke|p1|Basculegion, L50, M|\n|poke|p1|Incineroar, L50, F|\n|poke|p1|Sinistcha, L50|\n|poke|p2|Excadrill, L50, M|\n|poke|p2|Whimsicott, L50, M|\n|poke|p2|Chandelure, L50, M|\n|poke|p2|Zoroark-Hisui, L50, M|\n|poke|p2|Basculegion, L50, M|\n|poke|p2|Conkeldurr, L50, F|\n|teampreview|4\n|inactive|Battle timer is ON: inactive players will automatically lose when time's up. (requested by curfy27)\n|inactive|curfy27 has 60 seconds left.\n|inactive|Jah_08 has 60 seconds left.\n|\n|t:|1776133225\n|teamsize|p1|4\n|teamsize|p2|4\n|start\n|switch|p1a: Sinistcha|Sinistcha, L50|100/100\n|switch|p1b: Floette|Floette-Eternal, L50, F|100/100\n|switch|p2a: Whimsicott|Whimsicott, L50, M, shiny|100/100\n|switch|p2b: Excadrill|Excadrill, L50, M|100/100\n|-ability|p2b: Excadrill|Mold Breaker\n|turn|1\n|\n|t:|1776133244\n|detailschange|p1b: Floette|Floette-Mega, L50, F\n|-mega|p1b: Floette|Floette|Floettite\n|-ability|p1b: Floette|Fairy Aura\n|move|p2b: Excadrill|Protect|p2b: Excadrill\n|-singleturn|p2b: Excadrill|Protect\n|move|p1a: Sinistcha|Rage Powder|p1a: Sinistcha\n|-singleturn|p1a: Sinistcha|move: Rage Powder\n|move|p2a: Whimsicott|Tailwind|p2a: Whimsicott\n|-sidestart|p2: Jah_08|move: Tailwind\n|move|p1b: Floette|Dazzling Gleam|p2a: Whimsicott|[spread] p2a\n|-activate|p2b: Excadrill|move: Protect\n|-damage|p2a: Whimsicott|42/100\n|\n|upkeep\n|turn|2\n|inactive|curfy27 has 30 seconds left.\n|inactive|Jah_08 has 30 seconds left.\n|\n|t:|1776133274\n|switch|p1b: Incineroar|Incineroar, L50, F|100/100\n|-ability|p1b: Incineroar|Intimidate|boost\n|-unboost|p2a: Whimsicott|atk|1\n|-unboost|p2b: Excadrill|atk|1\n|move|p2a: Whimsicott|Moonblast|p1a: Sinistcha\n|-damage|p1a: Sinistcha|63/100\n|move|p2b: Excadrill|Iron Head|p1b: Incineroar\n|-resisted|p1b: Incineroar|1\n|-damage|p1b: Incineroar|87/100\n|move|p1a: Sinistcha|Trick Room|p1a: Sinistcha\n|-fieldstart|move: Trick Room|[of] p1a: Sinistcha\n|\n|upkeep\n|turn|3\n|inactive|Jah_08 has 30 seconds left.\n|\n|t:|1776133301\n|move|p2b: Excadrill|Protect|p2b: Excadrill\n|-singleturn|p2b: Excadrill|Protect\n|move|p1a: Sinistcha|Rage Powder|p1a: Sinistcha\n|-singleturn|p1a: Sinistcha|move: Rage Powder\n|move|p2a: Whimsicott|Encore|p1a: Sinistcha\n|-start|p1a: Sinistcha|Encore\n|move|p1b: Incineroar|Close Combat|p2b: Excadrill\n|-activate|p2b: Excadrill|move: Protect\n|\n|upkeep\n|turn|4\n|inactive|Jah_08 has 30 seconds left.\n|inactive|curfy27 has 30 seconds left.\n|inactive|Jah_08 has 20 seconds left.\n|\n|t:|1776133343\n|switch|p1b: Pelipper|Pelipper, L50, M|100/100\n|-weather|RainDance|[from] ability: Drizzle|[of] p1b: Pelipper\n|switch|p2b: Basculegion|Basculegion, L50, M|100/100\n|move|p1a: Sinistcha|Rage Powder|p1a: Sinistcha\n|-singleturn|p1a: Sinistcha|move: Rage Powder\n|move|p2a: Whimsicott|Encore||[still]\n|-fail|p2a: Whimsicott\n|\n|-weather|RainDance|[upkeep]\n|-sideend|p2: Jah_08|move: Tailwind\n|upkeep\n|turn|5\n|inactive|Jah_08 has 30 seconds left.\n|\n|t:|1776133369\n|switch|p1a: Incineroar|Incineroar, L50, F|87/100\n|-ability|p1a: Incineroar|Intimidate|boost\n|-unboost|p2a: Whimsicott|atk|1\n|-unboost|p2b: Basculegion|atk|1\n|move|p2a: Whimsicott|Protect|p2a: Whimsicott\n|-singleturn|p2a: Whimsicott|Protect\n|move|p1b: Pelipper|Hurricane|p2a: Whimsicott\n|-activate|p2a: Whimsicott|move: Protect\n|move|p2b: Basculegion|Shadow Ball|p1a: Incineroar\n|-resisted|p1a: Incineroar|1\n|-damage|p1a: Incineroar|67/100\n|\n|-weather|RainDance|[upkeep]\n|upkeep\n|turn|6\n|inactive|Jah_08 has 30 seconds left.\n|inactive|Jah_08 has 20 seconds left.\n|\n|t:|1776133405\n|move|p2b: Basculegion|Protect|p2b: Basculegion\n|-singleturn|p2b: Basculegion|Protect\n|move|p1a: Incineroar|Darkest Lariat|p2b: Basculegion\n|-activate|p2b: Basculegion|move: Protect\n|move|p1b: Pelipper|Hurricane|p2a: Whimsicott\n|-supereffective|p2a: Whimsicott|1\n|-damage|p2a: Whimsicott|0 fnt\n|faint|p2a: Whimsicott\n|\n|-weather|RainDance|[upkeep]\n|-fieldend|move: Trick Room\n|upkeep\n|inactive|Jah_08 has 30 seconds left.\n|\n|t:|1776133431\n|switch|p2a: Excadrill|Excadrill, L50, M|100/100\n|-ability|p2a: Excadrill|Mold Breaker\n|turn|7\n|\n|t:|1776133440\n|move|p2b: Basculegion|Shadow Ball|p1a: Incineroar\n|-resisted|p1a: Incineroar|1\n|-crit|p1a: Incineroar\n|-damage|p1a: Incineroar|37/100\n|move|p2a: Excadrill|High Horsepower|p1a: Incineroar\n|-supereffective|p1a: Incineroar|1\n|-damage|p1a: Incineroar|0 fnt\n|faint|p1a: Incineroar\n|move|p1b: Pelipper|Tailwind|p1b: Pelipper\n|-sidestart|p1: curfy27|move: Tailwind\n|\n|-weather|RainDance|[upkeep]\n|upkeep\n|\n|t:|1776133452\n|switch|p1a: Floette|Floette-Mega, L50, F|100/100\n|-ability|p1a: Floette|Fairy Aura\n|turn|8\n|\n|t:|1776133462\n|move|p1a: Floette|Dazzling Gleam|p2b: Basculegion|[spread] p2a,p2b\n|-resisted|p2a: Excadrill|1\n|-damage|p2a: Excadrill|71/100\n|-damage|p2b: Basculegion|13/100\n|replace|p2b: Zoroark|Zoroark-Hisui, L50, M\n|-end|p2b: Zoroark|Illusion\n|move|p1b: Pelipper|Weather Ball|p2a: Excadrill\n|-supereffective|p2a: Excadrill|1\n|-damage|p2a: Excadrill|0 fnt\n|faint|p2a: Excadrill\n|move|p2b: Zoroark|Shadow Ball|p1b: Pelipper\n|-damage|p1b: Pelipper|29/100\n|\n|-weather|none\n|upkeep\n|\n|t:|1776133476\n|switch|p2a: Basculegion|Basculegion, L50, M|100/100\n|turn|9\n|inactive|curfy27 has 30 seconds left.\n|\n|t:|1776133503\n|switch|p1b: Sinistcha|Sinistcha, L50|63/100\n|move|p1a: Floette|Moonblast|p2a: Basculegion\n|-damage|p2a: Basculegion|24/100\n|move|p2a: Basculegion|Last Respects|p1a: Floette\n|-damage|p1a: Floette|0 fnt\n|faint|p1a: Floette\n|move|p2b: Zoroark|Shadow Ball|p1b: Sinistcha\n|-supereffective|p1b: Sinistcha|1\n|-damage|p1b: Sinistcha|0 fnt\n|faint|p1b: Sinistcha\n|\n|upkeep\n|-message|curfy27 forfeited.\n|\n|win|Jah_08\n|raw|curfy27's rating: 1240 &rarr; <strong>1220</strong><br />(-20 for losing)\n|raw|Jah_08's rating: 1310 &rarr; <strong>1326</strong><br />(+16 for winning)\n|l|\u2606curfy27\n|player|p1|\n",
  "uploadtime": 1776133519,
  "views": 40,
  "formatid": "gen9championsvgc2026regma",
  "rating": 1220,
  "private": 0,
  "password": null
}