{
  "id": "gen9championsvgc2026regma-2586756768",
  "format": "[Gen 9 Champions] VGC 2026 Reg M-A",
  "players": [
    "Pekeeeeee",
    "OHC Yuki"
  ],
  "log": "|j|\u2606Pekeeeeee\n|j|\u2606OHC Yuki\n|t:|1776457463\n|gametype|doubles\n|player|p1|Pekeeeeee|101|1371\n|player|p2|OHC Yuki|iono|1308\n|gen|9\n|tier|[Gen 9 Champions] VGC 2026 Reg M-A\n|rated|\n|rule|Species Clause: Limit one of each Pok\u00e9mon\n|rule|Item Clause: Limit 1 of each item\n|clearpoke\n|poke|p1|Dragonite, L50, F|\n|poke|p1|Aerodactyl, L50, F|\n|poke|p1|Sneasler, L50, F|\n|poke|p1|Charizard, L50, F|\n|poke|p1|Milotic, L50, M|\n|poke|p1|Hydreigon, L50, F|\n|poke|p2|Gengar, L50, F|\n|poke|p2|Incineroar, L50, F|\n|poke|p2|Clefable, L50, M|\n|poke|p2|Blastoise, L50, F|\n|poke|p2|Greninja-*, L50, M|\n|poke|p2|Kingambit, L50, F|\n|teampreview|4\n|inactive|Battle timer is ON: inactive players will automatically lose when time's up. (requested by OHC Yuki)\n|\n|t:|1776457503\n|teamsize|p1|4\n|teamsize|p2|4\n|start\n|switch|p1a: Sneasler|Sneasler, L50, F|100/100\n|switch|p1b: Hydreigon|Hydreigon, L50, F|100/100\n|switch|p2a: The Shadow|Gengar, L50, F, shiny|100/100\n|switch|p2b: Grrrrreat|Incineroar, L50, F|100/100\n|-ability|p2b: Grrrrreat|Intimidate|boost\n|-unboost|p1a: Sneasler|atk|1\n|-unboost|p1b: Hydreigon|atk|1\n|turn|1\n|\n|t:|1776457527\n|switch|p2b: No everstone|Blastoise, L50, F, shiny|100/100\n|detailschange|p2a: The Shadow|Gengar-Mega, L50, F, shiny\n|-mega|p2a: The Shadow|Gengar|Gengarite\n|move|p2a: The Shadow|Protect|p2a: The Shadow\n|-singleturn|p2a: The Shadow|Protect\n|move|p1a: Sneasler|Fake Out|p2b: No everstone\n|-damage|p2b: No everstone|93/100\n|move|p1b: Hydreigon|Dark Pulse|p2a: The Shadow\n|-activate|p2a: The Shadow|move: Protect\n|\n|upkeep\n|turn|2\n|\n|t:|1776457547\n|move|p2b: No everstone|Fake Out|p1b: Hydreigon\n|-damage|p1b: Hydreigon|90/100\n|cant|p1b: Hydreigon|flinch\n|move|p2a: The Shadow|Perish Song|p2a: The Shadow\n|-start|p1a: Sneasler|perish3|[silent]\n|-start|p1b: Hydreigon|perish3|[silent]\n|-start|p2a: The Shadow|perish3|[silent]\n|-start|p2b: No everstone|perish3|[silent]\n|-fieldactivate|move: Perish Song\n|move|p1a: Sneasler|Close Combat|p2b: No everstone\n|-damage|p2b: No everstone|59/100\n|-unboost|p1a: Sneasler|def|1\n|-unboost|p1a: Sneasler|spd|1\n|\n|-start|p1b: Hydreigon|perish3\n|-start|p2a: The Shadow|perish3\n|-start|p1a: Sneasler|perish3\n|-start|p2b: No everstone|perish3\n|upkeep\n|turn|3\n|\n|t:|1776457568\n|move|p2a: The Shadow|Protect|p2a: The Shadow\n|-singleturn|p2a: The Shadow|Protect\n|move|p2b: No everstone|Protect|p2b: No everstone\n|-singleturn|p2b: No everstone|Protect\n|move|p1b: Hydreigon|Dark Pulse|p2b: No everstone\n|-activate|p2b: No everstone|move: Protect\n|move|p1a: Sneasler|Close Combat|p2b: No everstone\n|-activate|p2b: No everstone|move: Protect\n|\n|-start|p1b: Hydreigon|perish2\n|-start|p2a: The Shadow|perish2\n|-start|p1a: Sneasler|perish2\n|-start|p2b: No everstone|perish2\n|upkeep\n|turn|4\n|\n|t:|1776457589\n|switch|p2a: Grrrrreat|Incineroar, L50, F|100/100\n|-ability|p2a: Grrrrreat|Intimidate|boost\n|-unboost|p1a: Sneasler|atk|1\n|-unboost|p1b: Hydreigon|atk|1\n|move|p1b: Hydreigon|Dark Pulse|p2a: Grrrrreat\n|-resisted|p2a: Grrrrreat|1\n|-damage|p2a: Grrrrreat|83/100\n|move|p1a: Sneasler|Dire Claw|p2a: Grrrrreat\n|-damage|p2a: Grrrrreat|65/100\n|-status|p2a: Grrrrreat|psn\n|move|p2b: No everstone|Flip Turn|p1a: Sneasler\n|-damage|p1a: Sneasler|53/100\n|\n|t:|1776457606\n|switch|p2b: The Shadow|Gengar-Mega, L50, F, shiny|100/100|[from] Flip Turn\n|\n|-damage|p2a: Grrrrreat|53/100 psn|[from] psn\n|-start|p1b: Hydreigon|perish1\n|-start|p1a: Sneasler|perish1\n|upkeep\n|turn|5\n|\n|t:|1776457623\n|switch|p2a: No everstone|Blastoise, L50, F, shiny|59/100\n|move|p2b: The Shadow|Protect|p2b: The Shadow\n|-singleturn|p2b: The Shadow|Protect\n|move|p1b: Hydreigon|Dark Pulse|p2a: No everstone\n|-damage|p2a: No everstone|25/100\n|-enditem|p2a: No everstone|Sitrus Berry|[eat]\n|-heal|p2a: No everstone|50/100|[from] item: Sitrus Berry\n|move|p1a: Sneasler|Close Combat|p2a: No everstone\n|-damage|p2a: No everstone|24/100\n|-unboost|p1a: Sneasler|def|1\n|-unboost|p1a: Sneasler|spd|1\n|\n|-start|p1b: Hydreigon|perish0\n|-start|p1a: Sneasler|perish0\n|faint|p1b: Hydreigon\n|faint|p1a: Sneasler\n|upkeep\n|\n|t:|1776457640\n|switch|p1a: Dragonite|Dragonite, L50, F|100/100\n|switch|p1b: Milotic|Milotic, L50, M|100/100\n|turn|6\n|\n|t:|1776457666\n|detailschange|p1a: Dragonite|Dragonite-Mega, L50, F\n|-mega|p1a: Dragonite|Dragonite|Dragoninite\n|move|p1a: Dragonite|Protect|p1a: Dragonite\n|-singleturn|p1a: Dragonite|Protect\n|move|p2a: No everstone|Fake Out|p1b: Milotic\n|-damage|p1b: Milotic|94/100\n|move|p2b: The Shadow|Perish Song|p2b: The Shadow\n|-start|p1a: Dragonite|perish3|[silent]\n|-start|p1b: Milotic|perish3|[silent]\n|-start|p2a: No everstone|perish3|[silent]\n|-start|p2b: The Shadow|perish3|[silent]\n|-fieldactivate|move: Perish Song\n|cant|p1b: Milotic|flinch\n|\n|-heal|p1b: Milotic|99/100|[from] item: Leftovers\n|-start|p2b: The Shadow|perish3\n|-start|p1a: Dragonite|perish3\n|-start|p1b: Milotic|perish3\n|-start|p2a: No everstone|perish3\n|upkeep\n|turn|7\n|inactive|OHC Yuki has 30 seconds left.\n|inactive|OHC Yuki has 20 seconds left.\n|inactive|OHC Yuki has 15 seconds left.\n|\n|t:|1776457708\n|move|p2b: The Shadow|Protect|p2b: The Shadow\n|-singleturn|p2b: The Shadow|Protect\n|move|p2a: No everstone|Protect|p2a: No everstone\n|-singleturn|p2a: No everstone|Protect\n|move|p1a: Dragonite|Thunderbolt|p2a: No everstone\n|-activate|p2a: No everstone|move: Protect\n|move|p1b: Milotic|Icy Wind|p2a: No everstone|[spread] \n|-activate|p2a: No everstone|move: Protect\n|-activate|p2b: The Shadow|move: Protect\n|\n|-heal|p1b: Milotic|100/100|[from] item: Leftovers\n|-start|p2b: The Shadow|perish2\n|-start|p1a: Dragonite|perish2\n|-start|p1b: Milotic|perish2\n|-start|p2a: No everstone|perish2\n|upkeep\n|turn|8\n|-message|Pekeeeeee forfeited.\n|\n|win|OHC Yuki\n|raw|Pekeeeeee's rating: 1371 &rarr; <strong>1347</strong><br />(-24 for losing)\n|raw|OHC Yuki's rating: 1308 &rarr; <strong>1332</strong><br />(+24 for winning)\n|l|\u2606Pekeeeeee\n|player|p1|\n",
  "uploadtime": 1776457731,
  "views": 42,
  "formatid": "gen9championsvgc2026regma",
  "rating": 1332,
  "private": 0,
  "password": null
}