{
  "id": "gen9championsvgc2026regma-2586260350",
  "format": "[Gen 9 Champions] VGC 2026 Reg M-A",
  "players": [
    "isabellissima",
    "bladusa"
  ],
  "log": "|j|\u2606isabellissima\n|j|\u2606bladusa\n|t:|1776418532\n|gametype|doubles\n|player|p1|isabellissima|265|1243\n|player|p2|bladusa|101|1212\n|gen|9\n|tier|[Gen 9 Champions] VGC 2026 Reg M-A\n|rated|\n|rule|Species Clause: Limit one of each Pok\u00e9mon\n|rule|Item Clause: Limit 1 of each item\n|clearpoke\n|poke|p1|Incineroar, L50, F|\n|poke|p1|Gengar, L50, M|\n|poke|p1|Sneasler, L50, F|\n|poke|p1|Maushold-Four, L50|\n|poke|p1|Kommo-o, L50, F|\n|poke|p1|Politoed, L50, F|\n|poke|p2|Chesnaught, L50, F|\n|poke|p2|Farigiraf, L50, M|\n|poke|p2|Glimmora, L50, M|\n|poke|p2|Aerodactyl, L50, F|\n|poke|p2|Primarina, L50, F|\n|poke|p2|Volcarona, L50, F|\n|teampreview|4\n|\n|t:|1776418587\n|teamsize|p1|4\n|teamsize|p2|4\n|start\n|switch|p1a: Maushold|Maushold-Four, L50|100/100\n|switch|p1b: Kommo-o|Kommo-o, L50, F, shiny|100/100\n|switch|p2a: Primarina|Primarina, L50, F|100/100\n|switch|p2b: Volcarona|Volcarona, L50, F|100/100\n|turn|1\n|inactive|Battle timer is ON: inactive players will automatically lose when time's up. (requested by isabellissima)\n|inactive|isabellissima has 60 seconds left.\n|\n|t:|1776418624\n|switch|p1b: Sneasler|Sneasler, L50, F|100/100\n|move|p1a: Maushold|Super Fang|p2a: Primarina\n|-damage|p2a: Primarina|51/100\n|move|p2b: Volcarona|Struggle Bug|p1a: Maushold|[spread] p1a,p1b\n|-resisted|p1b: Sneasler|2\n|-damage|p1a: Maushold|79/100\n|-damage|p1b: Sneasler|96/100\n|-unboost|p1a: Maushold|spa|1\n|-unboost|p1b: Sneasler|spa|1\n|-enditem|p1b: Sneasler|White Herb\n|-clearnegativeboost|p1b: Sneasler|[silent]\n|move|p2a: Primarina|Moonblast|p1b: Sneasler\n|-damage|p1b: Sneasler|47/100\n|\n|-heal|p2a: Primarina|57/100|[from] item: Leftovers\n|upkeep\n|turn|2\n|\n|t:|1776418644\n|move|p2a: Primarina|Protect|p2a: Primarina\n|-singleturn|p2a: Primarina|Protect\n|move|p1a: Maushold|Follow Me|p1a: Maushold\n|-singleturn|p1a: Maushold|move: Follow Me\n|move|p1b: Sneasler|Dire Claw|p2a: Primarina\n|-activate|p2a: Primarina|move: Protect\n|move|p2b: Volcarona|Overheat|p1a: Maushold\n|-damage|p1a: Maushold|8/100\n|-unboost|p2b: Volcarona|spa|2\n|\n|-heal|p2a: Primarina|63/100|[from] item: Leftovers\n|upkeep\n|turn|3\n|\n|t:|1776418659\n|move|p1a: Maushold|Follow Me|p1a: Maushold\n|-singleturn|p1a: Maushold|move: Follow Me\n|move|p2b: Volcarona|Rage Powder|p2b: Volcarona\n|-singleturn|p2b: Volcarona|move: Rage Powder\n|move|p1b: Sneasler|Dire Claw|p2b: Volcarona\n|-damage|p2b: Volcarona|54/100\n|-status|p2b: Volcarona|par\n|-status|p1b: Sneasler|brn|[from] ability: Flame Body|[of] p2b: Volcarona\n|move|p2a: Primarina|Hyper Voice|p1a: Maushold|[spread] p1a,p1b\n|-damage|p1a: Maushold|0 fnt\n|-damage|p1b: Sneasler|10/100 brn\n|faint|p1a: Maushold\n|\n|-heal|p2a: Primarina|68/100|[from] item: Leftovers\n|-damage|p1b: Sneasler|4/100 brn|[from] brn\n|upkeep\n|\n|t:|1776418674\n|switch|p1a: Gengar|Gengar, L50, M, shiny|100/100\n|turn|4\n|\n|t:|1776418682\n|detailschange|p1a: Gengar|Gengar-Mega, L50, M, shiny\n|-mega|p1a: Gengar|Gengar|Gengarite\n|move|p2b: Volcarona|Rage Powder|p2b: Volcarona\n|-singleturn|p2b: Volcarona|move: Rage Powder\n|move|p1b: Sneasler|Dire Claw|p2b: Volcarona\n|-damage|p2b: Volcarona|29/100 par\n|-enditem|p2b: Volcarona|Sitrus Berry|[eat]\n|-heal|p2b: Volcarona|54/100 par|[from] item: Sitrus Berry\n|move|p1a: Gengar|Shadow Ball|p2b: Volcarona\n|-damage|p2b: Volcarona|13/100 par\n|-unboost|p2b: Volcarona|spd|1\n|move|p2a: Primarina|Hyper Voice|p1b: Sneasler|[spread] p1a,p1b\n|-damage|p1a: Gengar|65/100\n|-damage|p1b: Sneasler|0 fnt\n|faint|p1b: Sneasler\n|\n|-heal|p2a: Primarina|74/100|[from] item: Leftovers\n|upkeep\n|\n|t:|1776418694\n|switch|p1b: Kommo-o|Kommo-o, L50, F, shiny|100/100\n|turn|5\n|\n|t:|1776418705\n|move|p1b: Kommo-o|Protect|p1b: Kommo-o\n|-singleturn|p1b: Kommo-o|Protect\n|move|p2b: Volcarona|Rage Powder|p2b: Volcarona\n|-singleturn|p2b: Volcarona|move: Rage Powder\n|move|p1a: Gengar|Substitute|p1a: Gengar\n|-start|p1a: Gengar|Substitute\n|-damage|p1a: Gengar|40/100\n|move|p2a: Primarina|Moonblast|p1b: Kommo-o\n|-activate|p1b: Kommo-o|move: Protect\n|\n|-heal|p2a: Primarina|80/100|[from] item: Leftovers\n|upkeep\n|turn|6\n|\n|t:|1776418723\n|move|p2b: Volcarona|Rage Powder|p2b: Volcarona\n|-singleturn|p2b: Volcarona|move: Rage Powder\n|move|p1a: Gengar|Shadow Ball|p2b: Volcarona\n|-damage|p2b: Volcarona|0 fnt\n|faint|p2b: Volcarona\n|move|p1b: Kommo-o|Aura Sphere|p2a: Primarina\n|-resisted|p2a: Primarina|1\n|-damage|p2a: Primarina|66/100\n|move|p2a: Primarina|Hyper Voice|p1a: Gengar|[spread] p1a\n|-immune|p1b: Kommo-o|[from] ability: Soundproof\n|-damage|p1a: Gengar|4/100\n|\n|-heal|p2a: Primarina|72/100|[from] item: Leftovers\n|upkeep\n|\n|t:|1776418739\n|switch|p2b: Aerodactyl|Aerodactyl, L50, F|100/100\n|-ability|p2b: Aerodactyl|Unnerve\n|turn|7\n|\n|t:|1776418750\n|move|p2b: Aerodactyl|Dual Wingbeat|p1a: Gengar\n|-crit|p1a: Gengar\n|-end|p1a: Gengar|Substitute\n|-damage|p1a: Gengar|0 fnt\n|faint|p1a: Gengar\n|-hitcount|p1: Gengar|2\n|move|p1b: Kommo-o|Clanging Scales|p2a: Primarina|[spread] p2b\n|-immune|p2a: Primarina\n|-damage|p2b: Aerodactyl|33/100\n|-unboost|p1b: Kommo-o|def|1\n|move|p2a: Primarina|Moonblast|p1b: Kommo-o\n|-supereffective|p1b: Kommo-o|2\n|-damage|p1b: Kommo-o|0 fnt\n|faint|p1b: Kommo-o\n|\n|win|bladusa\n|raw|isabellissima's rating: 1243 &rarr; <strong>1216</strong><br />(-27 for losing)\n|raw|bladusa's rating: 1212 &rarr; <strong>1239</strong><br />(+27 for winning)\n|l|\u2606bladusa\n|player|p2|\n",
  "uploadtime": 1776418756,
  "views": 53,
  "formatid": "gen9championsvgc2026regma",
  "rating": 1216,
  "private": 0,
  "password": null
}