{
  "id": "gen9championsvgc2026regma-2583928303",
  "format": "[Gen 9 Champions] VGC 2026 Reg M-A",
  "players": [
    "LanternComic",
    "CylusAA"
  ],
  "log": "|j|\u2606LanternComic\n|j|\u2606CylusAA\n|t:|1776209101\n|gametype|doubles\n|player|p1|LanternComic|silver-masters|1070\n|player|p2|CylusAA|cynthia|1038\n|gen|9\n|tier|[Gen 9 Champions] VGC 2026 Reg M-A\n|rated|\n|rule|Species Clause: Limit one of each Pok\u00e9mon\n|rule|Item Clause: Limit 1 of each item\n|clearpoke\n|poke|p1|Aerodactyl, L50, F|\n|poke|p1|Froslass, L50, F|\n|poke|p1|Sneasler, L50, F|\n|poke|p1|Kingambit, L50, F|\n|poke|p1|Sinistcha, L50|\n|poke|p1|Volcarona, L50, M|\n|poke|p2|Gardevoir, L50, F|\n|poke|p2|Garchomp, L50, F|\n|poke|p2|Talonflame, L50, F|\n|poke|p2|Orthworm, L50, F|\n|poke|p2|Basculegion, L50, M|\n|poke|p2|Rotom-Heat, L50|\n|teampreview|4\n|j| Surge9719\n|j| CloudySkies17695\n|\n|t:|1776209139\n|teamsize|p1|4\n|teamsize|p2|4\n|start\n|switch|p1a: Aerodactyl|Aerodactyl, L50, F|100/100\n|switch|p1b: Kingambit|Kingambit, L50, F|100/100\n|switch|p2a: Ellen Joe|Garchomp, L50, F, shiny|100/100\n|switch|p2b: Buffalo Chicken|Talonflame, L50, F|100/100\n|-ability|p1a: Aerodactyl|Unnerve\n|turn|1\n|\n|t:|1776209157\n|move|p2b: Buffalo Chicken|Tailwind|p2b: Buffalo Chicken\n|-sidestart|p2: CylusAA|move: Tailwind\n|move|p2a: Ellen Joe|Brick Break|p1b: Kingambit\n|-supereffective|p1b: Kingambit|2\n|-damage|p1b: Kingambit|23/100\n|move|p1a: Aerodactyl|Tailwind|p1a: Aerodactyl\n|-sidestart|p1: LanternComic|move: Tailwind\n|move|p1b: Kingambit|Swords Dance|p1b: Kingambit\n|-boost|p1b: Kingambit|atk|2\n|\n|upkeep\n|turn|2\n|\n|t:|1776209171\n|move|p1b: Kingambit|Sucker Punch|p2a: Ellen Joe\n|-crit|p2a: Ellen Joe\n|-damage|p2a: Ellen Joe|0 fnt\n|-damage|p1b: Kingambit|11/100|[from] ability: Rough Skin|[of] p2a: Ellen Joe\n|faint|p2a: Ellen Joe\n|move|p1a: Aerodactyl|Rock Slide|p2b: Buffalo Chicken\n|-supereffective|p2b: Buffalo Chicken|2\n|-damage|p2b: Buffalo Chicken|0 fnt\n|faint|p2b: Buffalo Chicken\n|\n|upkeep\n|\n|t:|1776209180\n|switch|p2b: Ganyu|Gardevoir, L50, F, shiny|100/100\n|switch|p2a: Basculegion|Basculegion, L50, M, shiny|100/100\n|turn|3\n|\n|t:|1776209196\n|detailschange|p2b: Ganyu|Gardevoir-Mega, L50, F, shiny\n|-mega|p2b: Ganyu|Gardevoir|Gardevoirite\n|move|p1a: Aerodactyl|Protect|p1a: Aerodactyl\n|-singleturn|p1a: Aerodactyl|Protect\n|move|p1b: Kingambit|Protect|p1b: Kingambit\n|-singleturn|p1b: Kingambit|Protect\n|move|p2a: Basculegion|Aqua Jet|p1b: Kingambit\n|-activate|p1b: Kingambit|move: Protect\n|move|p2b: Ganyu|Hyper Voice|p1a: Aerodactyl|[spread] \n|-activate|p1a: Aerodactyl|move: Protect\n|-activate|p1b: Kingambit|move: Protect\n|\n|upkeep\n|turn|4\n|\n|t:|1776209210\n|move|p2b: Ganyu|Protect|p2b: Ganyu\n|-singleturn|p2b: Ganyu|Protect\n|move|p2a: Basculegion|Aqua Jet|p1b: Kingambit\n|-damage|p1b: Kingambit|0 fnt\n|faint|p1b: Kingambit\n|move|p1a: Aerodactyl|Rock Slide|p2b: Ganyu|[spread] p2a\n|-activate|p2b: Ganyu|move: Protect\n|-damage|p2a: Basculegion|66/100\n|\n|-sideend|p2: CylusAA|move: Tailwind\n|-sideend|p1: LanternComic|move: Tailwind\n|upkeep\n|\n|t:|1776209217\n|switch|p1b: Froslass|Froslass, L50, F|100/100\n|turn|5\n|\n|t:|1776209231\n|detailschange|p1b: Froslass|Froslass-Mega, L50, F\n|-mega|p1b: Froslass|Froslass|Froslassite\n|-weather|Snowscape|[from] ability: Snow Warning|[of] p1b: Froslass\n|move|p1a: Aerodactyl|Rock Slide|p2b: Ganyu|[spread] p2a,p2b\n|-damage|p2a: Basculegion|34/100\n|-damage|p2b: Ganyu|59/100\n|move|p1b: Froslass|Shadow Ball|p2a: Basculegion\n|-supereffective|p2a: Basculegion|1\n|-damage|p2a: Basculegion|0 fnt\n|faint|p2a: Basculegion\n|cant|p2b: Ganyu|flinch\n|\n|-weather|Snowscape|[upkeep]\n|upkeep\n|turn|6\n|\n|t:|1776209243\n|move|p1a: Aerodactyl|Rock Slide|p2b: Ganyu\n|-damage|p2b: Ganyu|0 fnt\n|faint|p2b: Ganyu\n|\n|win|LanternComic\n|raw|LanternComic's rating: 1070 &rarr; <strong>1097</strong><br />(+27 for winning)\n|raw|CylusAA's rating: 1038 &rarr; <strong>1024</strong><br />(-14 for losing)\n|l|\u2606CylusAA\n|player|p2|\n|l|\u2606LanternComic\n|player|p1|\n|l| Surge9719\n",
  "uploadtime": 1776209817,
  "views": 16,
  "formatid": "gen9championsvgc2026regma",
  "rating": 1024,
  "private": 0,
  "password": null
}