{
  "id": "gen9championsvgc2026regma-2581284737",
  "format": "[Gen 9 Champions] VGC 2026 Reg M-A",
  "players": [
    "Lyiter",
    "RyushinYuki"
  ],
  "log": "|j|\u2606Lyiter\n|j|\u2606RyushinYuki\n|t:|1775981265\n|gametype|doubles\n|player|p1|Lyiter|skier|1395\n|player|p2|RyushinYuki|cynthia-masters|1476\n|gen|9\n|tier|[Gen 9 Champions] VGC 2026 Reg M-A\n|rated|\n|rule|Species Clause: Limit one of each Pok\u00e9mon\n|rule|Item Clause: Limit 1 of each item\n|clearpoke\n|poke|p1|Excadrill, L50, M|\n|poke|p1|Weavile, L50, F|\n|poke|p1|Tyranitar, L50, F|\n|poke|p1|Sneasler, L50, F|\n|poke|p1|Azumarill, L50, M|\n|poke|p1|Gardevoir, L50, M|\n|poke|p2|Corviknight, L50, F|\n|poke|p2|Tyranitar, L50, M|\n|poke|p2|Excadrill, L50, F|\n|poke|p2|Meganium, L50, M|\n|poke|p2|Sneasler, L50, M|\n|poke|p2|Rotom-Wash, L50|\n|teampreview|4\n|inactive|Battle timer is ON: inactive players will automatically lose when time's up. (requested by Lyiter)\nLyiter rejected open team sheets.\n|j| gE1xjZRtuhW2DdT0AK\n|inactive|RyushinYuki has 60 seconds left.\n|\n|t:|1775981315\n|teamsize|p1|4\n|teamsize|p2|4\n|start\n|switch|p1a: Azumarill|Azumarill, L50, M|100/100\n|switch|p1b: Sneasler|Sneasler, L50, F|100/100\n|switch|p2a: Corviknight|Corviknight, L50, F|100/100\n|switch|p2b: Excadrill|Excadrill, L50, F|100/100\n|turn|1\n|\n|t:|1775981329\n|move|p1b: Sneasler|Fake Out|p2b: Excadrill\n|-resisted|p2b: Excadrill|1\n|-damage|p2b: Excadrill|90/100\n|cant|p2b: Excadrill|flinch\n|move|p2a: Corviknight|Tailwind|p2a: Corviknight\n|-sidestart|p2: RyushinYuki|move: Tailwind\n|move|p1a: Azumarill|Belly Drum|p1a: Azumarill\n|-damage|p1a: Azumarill|51/100\n|-setboost|p1a: Azumarill|atk|6|[from] move: Belly Drum\n|\n|upkeep\n|turn|2\n|j| Baby Kunai\n|\n|t:|1775981352\n|move|p1b: Sneasler|Protect|p1b: Sneasler\n|-singleturn|p1b: Sneasler|Protect\n|move|p1a: Azumarill|Aqua Jet|p2b: Excadrill\n|-supereffective|p2b: Excadrill|1\n|-damage|p2b: Excadrill|0 fnt\n|faint|p2b: Excadrill\n|move|p2a: Corviknight|Bulk Up|p2a: Corviknight\n|-boost|p2a: Corviknight|atk|1\n|-boost|p2a: Corviknight|def|1\n|\n|upkeep\n|\n|t:|1775981359\n|switch|p2b: Sneasler|Sneasler, L50, M|100/100\n|turn|3\n|\n|t:|1775981368\n|move|p1a: Azumarill|Protect|p1a: Azumarill\n|-singleturn|p1a: Azumarill|Protect\n|move|p2b: Sneasler|Fake Out|p1a: Azumarill\n|-activate|p1a: Azumarill|move: Protect\n|move|p2a: Corviknight|Brave Bird|p1b: Sneasler\n|-supereffective|p1b: Sneasler|1\n|-damage|p1b: Sneasler|0 fnt\n|faint|p1b: Sneasler\n|-damage|p2a: Corviknight|75/100|[from] Recoil\n|\n|-heal|p2a: Corviknight|81/100|[from] item: Leftovers\n|upkeep\n|\n|t:|1775981374\n|switch|p1b: Excadrill|Excadrill, L50, M|100/100\n|turn|4\n|\n|t:|1775981390\n|move|p2b: Sneasler|Protect|p2b: Sneasler\n|-singleturn|p2b: Sneasler|Protect\n|move|p1a: Azumarill|Aqua Jet|p2b: Sneasler\n|-activate|p2b: Sneasler|move: Protect\n|move|p2a: Corviknight|Brave Bird|p1a: Azumarill\n|-damage|p1a: Azumarill|0 fnt\n|faint|p1a: Azumarill\n|-damage|p2a: Corviknight|67/100|[from] Recoil\n|move|p1b: Excadrill|Swords Dance|p1b: Excadrill\n|-boost|p1b: Excadrill|atk|2\n|\n|-heal|p2a: Corviknight|73/100|[from] item: Leftovers\n|-sideend|p2: RyushinYuki|move: Tailwind\n|upkeep\n|\n|t:|1775981392\n|switch|p1a: Tyranitar|Tyranitar, L50, F|100/100\n|-weather|Sandstorm|[from] ability: Sand Stream|[of] p1a: Tyranitar\n|turn|5\n|\n|t:|1775981410\n|switch|p2b: Meganium|Meganium, L50, M|100/100\n|detailschange|p1a: Tyranitar|Tyranitar-Mega, L50, F\n|-mega|p1a: Tyranitar|Tyranitar|Tyranitarite\n|move|p1b: Excadrill|High Horsepower|p2b: Meganium\n|-resisted|p2b: Meganium|1\n|-damage|p2b: Meganium|39/100\n|move|p1a: Tyranitar|Dragon Dance|p1a: Tyranitar\n|-boost|p1a: Tyranitar|atk|1\n|-boost|p1a: Tyranitar|spe|1\n|move|p2a: Corviknight|Tailwind|p2a: Corviknight\n|-sidestart|p2: RyushinYuki|move: Tailwind\n|\n|-weather|Sandstorm|[upkeep]\n|-damage|p2b: Meganium|33/100|[from] Sandstorm\n|-heal|p2a: Corviknight|79/100|[from] item: Leftovers\n|upkeep\n|turn|6\n|inactive|RyushinYuki has 30 seconds left.\n|\n|t:|1775981439\n|detailschange|p2b: Meganium|Meganium-Mega, L50, M\n|-mega|p2b: Meganium|Meganium|Meganiumite\n|move|p1b: Excadrill|Iron Head|p2b: Meganium\n|-supereffective|p2b: Meganium|1\n|-damage|p2b: Meganium|0 fnt\n|faint|p2b: Meganium\n|move|p1a: Tyranitar|Thunder Punch|p2a: Corviknight\n|-supereffective|p2a: Corviknight|1\n|-damage|p2a: Corviknight|29/100\n|-status|p2a: Corviknight|par\n|move|p2a: Corviknight|Body Press|p1a: Tyranitar\n|-supereffective|p1a: Tyranitar|2\n|-damage|p1a: Tyranitar|21/100\n|\n|-weather|Sandstorm|[upkeep]\n|-heal|p2a: Corviknight|35/100 par|[from] item: Leftovers\n|upkeep\n|\n|t:|1775981450\n|switch|p2b: Sneasler|Sneasler, L50, M|100/100\n|turn|7\n|inactive|RyushinYuki has 30 seconds left.\n|\n|t:|1775981477\n|move|p1b: Excadrill|Protect|p1b: Excadrill\n|-singleturn|p1b: Excadrill|Protect\n|move|p2b: Sneasler|Fake Out|p1b: Excadrill\n|-activate|p1b: Excadrill|move: Protect\n|move|p1a: Tyranitar|Thunder Punch|p2b: Sneasler\n|-damage|p2b: Sneasler|22/100\n|move|p2a: Corviknight|Body Press|p1a: Tyranitar\n|-supereffective|p1a: Tyranitar|2\n|-damage|p1a: Tyranitar|0 fnt\n|faint|p1a: Tyranitar\n|\n|-weather|Sandstorm|[upkeep]\n|-damage|p2b: Sneasler|16/100|[from] Sandstorm\n|-heal|p2a: Corviknight|40/100 par|[from] item: Leftovers\n|upkeep\n|turn|8\n|\n|t:|1775981493\n|move|p1b: Excadrill|Protect||[still]\n|-fail|p1b: Excadrill\n|move|p2b: Sneasler|Close Combat|p1b: Excadrill\n|-supereffective|p1b: Excadrill|1\n|-damage|p1b: Excadrill|0 fnt\n|-unboost|p2b: Sneasler|def|1\n|-unboost|p2b: Sneasler|spd|1\n|faint|p1b: Excadrill\n|\n|win|RyushinYuki\n|raw|Lyiter's rating: 1395 &rarr; <strong>1380</strong><br />(-15 for losing)\n|raw|RyushinYuki's rating: 1476 &rarr; <strong>1491</strong><br />(+15 for winning)\n|l|\u2606Lyiter\n|player|p1|\n",
  "uploadtime": 1775981504,
  "views": 132,
  "formatid": "gen9championsvgc2026regma",
  "rating": 1380,
  "private": 0,
  "password": null
}