{
  "id": "gen9championsvgc2026regma-2586382440",
  "format": "[Gen 9 Champions] VGC 2026 Reg M-A",
  "players": [
    "ChronicNikos",
    "reddev94"
  ],
  "log": "|j|\u2606ChronicNikos\n|j|\u2606reddev94\n|t:|1776430573\n|gametype|doubles\n|player|p1|ChronicNikos|cynthia-gen4|1447\n|player|p2|reddev94|2|1497\n|gen|9\n|tier|[Gen 9 Champions] VGC 2026 Reg M-A\n|rated|\n|rule|Species Clause: Limit one of each Pok\u00e9mon\n|rule|Item Clause: Limit 1 of each item\n|clearpoke\n|poke|p1|Gengar, L50, F|\n|poke|p1|Incineroar, L50, M|\n|poke|p1|Politoed, L50, M|\n|poke|p1|Archaludon, L50, F|\n|poke|p1|Basculegion, L50, M|\n|poke|p1|Meganium, L50, F|\n|poke|p2|Charizard, L50, F|\n|poke|p2|Venusaur, L50, F|\n|poke|p2|Incineroar, L50, F|\n|poke|p2|Garchomp, L50, F|\n|poke|p2|Sneasler, L50, F|\n|poke|p2|Milotic, L50, F|\n|teampreview|4\nChronicNikos rejected open team sheets.\n|inactive|Battle timer is ON: inactive players will automatically lose when time's up. (requested by reddev94)\n|inactive|reddev94 has 60 seconds left.\n|\n|t:|1776430613\n|teamsize|p1|4\n|teamsize|p2|4\n|start\n|switch|p1a: AllThingsMustDie|Gengar, L50, F, shiny|100/100\n|switch|p1b: Due Process|Archaludon, L50, F|100/100\n|switch|p2a: Milotic|Milotic, L50, F|100/100\n|switch|p2b: Garchomp|Garchomp, L50, F|100/100\n|turn|1\n|\n|t:|1776430638\n|detailschange|p1a: AllThingsMustDie|Gengar-Mega, L50, F, shiny\n|-mega|p1a: AllThingsMustDie|Gengar|Gengarite\n|move|p1a: AllThingsMustDie|Protect|p1a: AllThingsMustDie\n|-singleturn|p1a: AllThingsMustDie|Protect\n|move|p1b: Due Process|Protect|p1b: Due Process\n|-singleturn|p1b: Due Process|Protect\n|move|p2b: Garchomp|Stomping Tantrum|p1b: Due Process\n|-activate|p1b: Due Process|move: Protect\n|move|p2a: Milotic|Icy Wind|p1a: AllThingsMustDie|[spread] \n|-activate|p1a: AllThingsMustDie|move: Protect\n|-activate|p1b: Due Process|move: Protect\n|\n|upkeep\n|turn|2\n|inactive|ChronicNikos has 30 seconds left.\n|\n|t:|1776430665\n|switch|p1b: I May Fall|Politoed, L50, M|100/100\n|-weather|RainDance|[from] ability: Drizzle|[of] p1b: I May Fall\n|move|p2b: Garchomp|Stomping Tantrum|p1a: AllThingsMustDie\n|-supereffective|p1a: AllThingsMustDie|1\n|-damage|p1a: AllThingsMustDie|3/100\n|move|p1a: AllThingsMustDie|Perish Song|p1a: AllThingsMustDie\n|-start|p1a: AllThingsMustDie|perish3|[silent]\n|-start|p1b: I May Fall|perish3|[silent]\n|-start|p2a: Milotic|perish3|[silent]\n|-start|p2b: Garchomp|perish3|[silent]\n|-fieldactivate|move: Perish Song\n|move|p2a: Milotic|Scald|p1a: AllThingsMustDie\n|-damage|p1a: AllThingsMustDie|0 fnt\n|faint|p1a: AllThingsMustDie\n|\n|-weather|RainDance|[upkeep]\n|-start|p2b: Garchomp|perish3\n|-start|p2a: Milotic|perish3\n|-start|p1b: I May Fall|perish3\n|upkeep\n|\n|t:|1776430682\n|switch|p1a: Due Process|Archaludon, L50, F|100/100\n|turn|3\n|\n|t:|1776430696\n|switch|p1b: I Burn|Incineroar, L50, M|100/100\n|-ability|p1b: I Burn|Intimidate|boost\n|-unboost|p2a: Milotic|atk|1\n|-ability|p2a: Milotic|Competitive|boost\n|-boost|p2a: Milotic|spa|2\n|-unboost|p2b: Garchomp|atk|1\n|move|p2b: Garchomp|Stomping Tantrum|p1a: Due Process\n|-supereffective|p1a: Due Process|1\n|-damage|p1a: Due Process|58/100\n|-ability|p1a: Due Process|Stamina|boost\n|-boost|p1a: Due Process|def|1\n|move|p1a: Due Process|Electro Shot||[still]\n|-prepare|p1a: Due Process|Electro Shot\n|-boost|p1a: Due Process|spa|1\n|-anim|p1a: Due Process|Electro Shot|p2a: Milotic\n|-supereffective|p2a: Milotic|1\n|-damage|p2a: Milotic|0 fnt\n|faint|p2a: Milotic\n|\n|-weather|RainDance|[upkeep]\n|-start|p2b: Garchomp|perish2\n|upkeep\n|inactive|reddev94 has 30 seconds left.\n|\n|t:|1776430722\n|switch|p2a: Incineroar|Incineroar, L50, F|100/100\n|-ability|p2a: Incineroar|Intimidate|boost\n|-unboost|p1a: Due Process|atk|1\n|-unboost|p1b: I Burn|atk|1\n|turn|4\n|inactive|ChronicNikos has 30 seconds left.\n|\n|t:|1776430755\n|move|p2b: Garchomp|Stomping Tantrum|p1b: I Burn\n|-supereffective|p1b: I Burn|1\n|-damage|p1b: I Burn|53/100\n|move|p1a: Due Process|Draco Meteor|p2b: Garchomp\n|-supereffective|p2b: Garchomp|1\n|-damage|p2b: Garchomp|0 fnt\n|-unboost|p1a: Due Process|spa|2\n|faint|p2b: Garchomp\n|move|p2a: Incineroar|Parting Shot|p1a: Due Process\n|-unboost|p1a: Due Process|atk|1\n|-unboost|p1a: Due Process|spa|1\n|\n|t:|1776430765\n|switch|p2a: Venusaur|Venusaur, L50, F|100/100|[from] Parting Shot\n|move|p1b: I Burn|Parting Shot|p2a: Venusaur\n|-unboost|p2a: Venusaur|atk|1\n|-unboost|p2a: Venusaur|spa|1\n|\n|t:|1776430771\n|switch|p1b: I May Fall|Politoed, L50, M|100/100|[from] Parting Shot\n|\n|-weather|RainDance|[upkeep]\n|upkeep\n|\n|t:|1776430773\n|switch|p2b: Incineroar|Incineroar, L50, F|100/100\n|-ability|p2b: Incineroar|Intimidate|boost\n|-unboost|p1a: Due Process|atk|1\n|-unboost|p1b: I May Fall|atk|1\n|turn|5\n|inactive|ChronicNikos has 30 seconds left.\n|inactive|ChronicNikos has 20 seconds left.\n|inactive|ChronicNikos has 15 seconds left.\n|\n|t:|1776430813\n|move|p2b: Incineroar|Fake Out|p1b: I May Fall\n|-damage|p1b: I May Fall|88/100\n|move|p2a: Venusaur|Energy Ball|p1b: I May Fall\n|-supereffective|p1b: I May Fall|1\n|-damage|p1b: I May Fall|52/100\n|move|p1a: Due Process|Electro Shot||[still]\n|-prepare|p1a: Due Process|Electro Shot\n|-boost|p1a: Due Process|spa|1\n|-anim|p1a: Due Process|Electro Shot|p2b: Incineroar\n|-damage|p2b: Incineroar|73/100\n|cant|p1b: I May Fall|flinch\n|\n|-weather|RainDance|[upkeep]\n|-heal|p1b: I May Fall|58/100|[from] item: Leftovers\n|upkeep\n|turn|6\n|\n|t:|1776430833\n|move|p2a: Venusaur|Sleep Powder|p1b: I May Fall\n|-status|p1b: I May Fall|slp|[from] move: Sleep Powder\n|move|p1a: Due Process|Draco Meteor|p2b: Incineroar|[miss]\n|-miss|p1a: Due Process|p2b: Incineroar\n|cant|p1b: I May Fall|slp\n|move|p2b: Incineroar|Throat Chop|p1b: I May Fall\n|-damage|p1b: I May Fall|25/100 slp\n|-start|p1b: I May Fall|Throat Chop|[silent]\n|\n|-weather|none\n|-heal|p1b: I May Fall|31/100 slp|[from] item: Leftovers\n|upkeep\n|turn|7\n|\n|t:|1776430855\n|switch|p1b: I Burn|Incineroar, L50, M|53/100\n|-ability|p1b: I Burn|Intimidate|boost\n|-unboost|p2a: Venusaur|atk|1\n|-unboost|p2b: Incineroar|atk|1\n|move|p1a: Due Process|Protect|p1a: Due Process\n|-singleturn|p1a: Due Process|Protect\n|move|p2a: Venusaur|Energy Ball|p1b: I Burn\n|-resisted|p1b: I Burn|1\n|-damage|p1b: I Burn|43/100\n|-enditem|p1b: I Burn|Sitrus Berry|[eat]\n|-heal|p1b: I Burn|68/100|[from] item: Sitrus Berry\n|move|p2b: Incineroar|Throat Chop|p1b: I Burn\n|-resisted|p1b: I Burn|1\n|-damage|p1b: I Burn|58/100\n|-start|p1b: I Burn|Throat Chop|[silent]\n|\n|upkeep\n|turn|8\n|\n|t:|1776430880\n|move|p2a: Venusaur|Protect|p2a: Venusaur\n|-singleturn|p2a: Venusaur|Protect\n|move|p1b: I Burn|Fake Out|p2a: Venusaur\n|-activate|p2a: Venusaur|move: Protect\n|move|p1a: Due Process|Draco Meteor|p2b: Incineroar|[miss]\n|-miss|p1a: Due Process|p2b: Incineroar\n|move|p2b: Incineroar|Parting Shot|p1a: Due Process\n|-unboost|p1a: Due Process|atk|1\n|-unboost|p1a: Due Process|spa|1\n|\n|-end|p1b: I Burn|Throat Chop|[silent]\n|upkeep\n|turn|9\n|\n|t:|1776430901\n|switch|p1a: I May Fall|Politoed, L50, M|31/100 slp\n|-weather|RainDance|[from] ability: Drizzle|[of] p1a: I May Fall\n|move|p2a: Venusaur|Sleep Powder|p1b: I Burn\n|-status|p1b: I Burn|slp|[from] move: Sleep Powder\n|move|p2b: Incineroar|Throat Chop|p1b: I Burn\n|-resisted|p1b: I Burn|1\n|-damage|p1b: I Burn|49/100 slp\n|-start|p1b: I Burn|Throat Chop|[silent]\n|cant|p1b: I Burn|slp\n|\n|-weather|RainDance|[upkeep]\n|-heal|p1a: I May Fall|38/100 slp|[from] item: Leftovers\n|upkeep\n|turn|10\n|\n|t:|1776430922\n|cant|p1b: I Burn|slp\n|move|p2a: Venusaur|Energy Ball|p1a: I May Fall\n|-supereffective|p1a: I May Fall|1\n|-damage|p1a: I May Fall|1/100 slp\n|cant|p1a: I May Fall|slp\n|move|p2b: Incineroar|Throat Chop|p1a: I May Fall\n|-damage|p1a: I May Fall|0 fnt\n|faint|p1a: I May Fall\n|\n|-weather|RainDance|[upkeep]\n|-end|p1b: I Burn|Throat Chop|[silent]\n|upkeep\n|\n|t:|1776430933\n|switch|p1a: Due Process|Archaludon, L50, F|58/100\n|turn|11\n|\n|t:|1776430958\n|move|p1a: Due Process|Protect|p1a: Due Process\n|-singleturn|p1a: Due Process|Protect\n|move|p2a: Venusaur|Sleep Powder|p1a: Due Process\n|-activate|p1a: Due Process|move: Protect\n|move|p2b: Incineroar|Throat Chop|p1b: I Burn\n|-resisted|p1b: I Burn|1\n|-damage|p1b: I Burn|40/100 slp\n|-start|p1b: I Burn|Throat Chop|[silent]\n|-curestatus|p1b: I Burn|slp|[msg]\n|cant|p1b: I Burn|move: Throat Chop\n|\n|-weather|RainDance|[upkeep]\n|upkeep\n|turn|12\n|inactive|ChronicNikos has 30 seconds left.\n|\n|t:|1776430986\n|move|p2a: Venusaur|Sleep Powder|p1a: Due Process|[miss]\n|-miss|p2a: Venusaur|p1a: Due Process\n|move|p1a: Due Process|Flash Cannon|p2a: Venusaur\n|-damage|p2a: Venusaur|50/100\n|move|p2b: Incineroar|Throat Chop|p1b: I Burn\n|-resisted|p1b: I Burn|1\n|-damage|p1b: I Burn|31/100\n|move|p1b: I Burn|Flare Blitz|p2a: Venusaur\n|-supereffective|p2a: Venusaur|1\n|-damage|p2a: Venusaur|0 fnt\n|faint|p2a: Venusaur\n|-damage|p1b: I Burn|18/100|[from] Recoil\n|\n|-weather|RainDance|[upkeep]\n|-end|p1b: I Burn|Throat Chop|[silent]\n|upkeep\n|turn|13\n|-message|reddev94 forfeited.\n|\n|win|ChronicNikos\n|raw|ChronicNikos's rating: 1447 &rarr; <strong>1470</strong><br />(+23 for winning)\n|raw|reddev94's rating: 1497 &rarr; <strong>1474</strong><br />(-23 for losing)\n|l|\u2606reddev94\n|player|p2|\n",
  "uploadtime": 1776431010,
  "views": 68,
  "formatid": "gen9championsvgc2026regma",
  "rating": 1470,
  "private": 0,
  "password": null
}