{
  "id": "gen9championsvgc2026regma-2586609112",
  "format": "[Gen 9 Champions] VGC 2026 Reg M-A",
  "players": [
    "IuseExeggutor",
    "Caldruc"
  ],
  "log": "|j|\u2606IuseExeggutor\n|j|\u2606Caldruc\n|t:|1776446526\n|gametype|doubles\n|player|p1|IuseExeggutor|psychic-gen3rs|\n|player|p2|Caldruc|brycenman|\n|gen|9\n|tier|[Gen 9 Champions] VGC 2026 Reg M-A\n|rated|Tournament battle\n|rule|Species Clause: Limit one of each Pok\u00e9mon\n|rule|Item Clause: Limit 1 of each item\n|raw|<div class=\"infobox\"><details class=\"readmore\" open><summary><strong>1 custom rule:</strong></summary> Force Open Team Sheets</details></div>\n|clearpoke\n|poke|p1|Floette-Eternal, L50, F|\n|poke|p1|Clefable, L50, F|\n|poke|p1|Aerodactyl, L50, M|\n|poke|p1|Incineroar, L50, M|\n|poke|p1|Tyranitar, L50, M|\n|poke|p1|Rotom-Wash, L50|\n|poke|p2|Basculegion, L50, M|\n|poke|p2|Sinistcha, L50|\n|poke|p2|Incineroar, L50, M|\n|poke|p2|Hawlucha, L50, F|\n|poke|p2|Dragonite, L50, M|\n|poke|p2|Kingambit, L50, F|\n|teampreview|4\n|showteam|p1|Floette-Eternal||Floettite|FlowerVeil|LightofRuin,DazzlingGleam,CalmMind,Protect|||F|||50|]Clefable||BrightPowder|MagicGuard|LifeDew,FollowMe,HelpingHand,ThunderWave|||F|||50|]Aerodactyl||FocusSash|Unnerve|Tailwind,WideGuard,RockSlide,DualWingbeat|||M|||50|]Incineroar||SitrusBerry|Intimidate|ThroatChop,PartingShot,WillOWisp,FakeOut|||M|||50|]Tyranitar||ChopleBerry|SandStream|HighHorsepower,StoneEdge,KnockOff,DragonDance|||M|||50|]Rotom-Wash||Leftovers|Levitate|Thunderbolt,HydroPump,WillOWisp,HelpingHand||||||50|\n|showteam|p2|Basculegion||ChoiceScarf|Adaptability|LastRespects,WaveCrash,AquaJet,FlipTurn|||M|||50|]Sinistcha||Leftovers|Hospitality|Protect,MatchaGotcha,RagePowder,ShadowBall||||||50|]Incineroar||SitrusBerry|Intimidate|FakeOut,PartingShot,DarkestLariat,FlareBlitz|||M|||50|]Hawlucha||Hawluchanite|Limber|DrainPunch,HighJumpKick,BraveBird,Protect|||F|||50|]Dragonite||Dragoninite|InnerFocus|ExtremeSpeed,DracoMeteor,AirSlash,Protect|||M|||50|]Kingambit||QuickClaw|Defiant|KowtowCleave,SuckerPunch,IronHead,Protect|||F|||50|\n|inactive|Battle timer is ON: inactive players will automatically lose when time's up. (requested by Caldruc)\n|c|\u2606Caldruc|gl hf\n|inactive|IuseExeggutor has 60 seconds left.\n|inactive|Caldruc has 60 seconds left.\nCaldruc has agreed to open team sheets.\n|\n|t:|1776446564\n|teamsize|p1|4\n|teamsize|p2|4\n|start\n|switch|p1a: Aerodactyl|Aerodactyl, L50, M|100/100\n|switch|p1b: Tyranitar|Tyranitar, L50, M|100/100\n|switch|p2a: Hawlucha|Hawlucha, L50, F|100/100\n|switch|p2b: Incineroar|Incineroar, L50, M|100/100\n|-ability|p1a: Aerodactyl|Unnerve\n|-weather|Sandstorm|[from] ability: Sand Stream|[of] p1b: Tyranitar\n|-ability|p2b: Incineroar|Intimidate|boost\n|-unboost|p1a: Aerodactyl|atk|1\n|-unboost|p1b: Tyranitar|atk|1\n|turn|1\n|c|\u2606IuseExeggutor|lhf\n|\n|t:|1776446588\n|detailschange|p2a: Hawlucha|Hawlucha-Mega, L50, F\n|-mega|p2a: Hawlucha|Hawlucha|Hawluchanite\n|move|p2b: Incineroar|Fake Out|p1a: Aerodactyl\n|-resisted|p1a: Aerodactyl|1\n|-damage|p1a: Aerodactyl|91/100\n|cant|p1a: Aerodactyl|flinch\n|move|p2a: Hawlucha|Drain Punch|p1b: Tyranitar\n|-supereffective|p1b: Tyranitar|2\n|-enditem|p1b: Tyranitar|Chople Berry|[eat]\n|-enditem|p1b: Tyranitar|Chople Berry|[weaken]\n|-damage|p1b: Tyranitar|27/100\n|move|p1b: Tyranitar|Stone Edge|p2a: Hawlucha\n|-damage|p2a: Hawlucha|60/100\n|\n|-weather|Sandstorm|[upkeep]\n|-damage|p2a: Hawlucha|54/100|[from] Sandstorm\n|-damage|p2b: Incineroar|94/100|[from] Sandstorm\n|upkeep\n|turn|2\n|inactive|Caldruc has 30 seconds left.\n|\n|t:|1776446614\n|move|p2a: Hawlucha|Protect|p2a: Hawlucha\n|-singleturn|p2a: Hawlucha|Protect\n|move|p1a: Aerodactyl|Tailwind|p1a: Aerodactyl\n|-sidestart|p1: IuseExeggutor|move: Tailwind\n|move|p1b: Tyranitar|Stone Edge|p2b: Incineroar\n|-supereffective|p2b: Incineroar|1\n|-damage|p2b: Incineroar|24/100\n|move|p2b: Incineroar|Parting Shot|p1b: Tyranitar\n|-unboost|p1b: Tyranitar|atk|1\n|-unboost|p1b: Tyranitar|spa|1\n|\n|t:|1776446624\n|switch|p2b: Kingambit|Kingambit, L50, F|100/100|[from] Parting Shot\n|\n|-weather|Sandstorm|[upkeep]\n|-damage|p2a: Hawlucha|48/100|[from] Sandstorm\n|upkeep\n|turn|3\n|\n|t:|1776446650\n|switch|p2a: Incineroar|Incineroar, L50, M|24/100\n|-ability|p2a: Incineroar|Intimidate|boost\n|-unboost|p1a: Aerodactyl|atk|1\n|-unboost|p1b: Tyranitar|atk|1\n|move|p2b: Kingambit|Protect|p2b: Kingambit\n|-singleturn|p2b: Kingambit|Protect\n|move|p1a: Aerodactyl|Dual Wingbeat|p2a: Incineroar\n|-damage|p2a: Incineroar|15/100\n|-damage|p2a: Incineroar|5/100\n|-hitcount|p2a: Incineroar|2\n|move|p1b: Tyranitar|High Horsepower|p2b: Kingambit\n|-activate|p2b: Kingambit|move: Protect\n|\n|-weather|Sandstorm|[upkeep]\n|-damage|p2a: Incineroar|0 fnt|[from] Sandstorm\n|faint|p2a: Incineroar\n|upkeep\n|\n|t:|1776446655\n|switch|p2a: Hawlucha|Hawlucha-Mega, L50, F|48/100\n|turn|4\n|\n|t:|1776446673\n|move|p2a: Hawlucha|Protect|p2a: Hawlucha\n|-singleturn|p2a: Hawlucha|Protect\n|move|p1a: Aerodactyl|Dual Wingbeat|p2a: Hawlucha\n|-activate|p2a: Hawlucha|move: Protect\n|move|p1b: Tyranitar|High Horsepower|p2b: Kingambit\n|-supereffective|p2b: Kingambit|1\n|-damage|p2b: Kingambit|80/100\n|move|p2b: Kingambit|Iron Head|p1b: Tyranitar\n|-supereffective|p1b: Tyranitar|1\n|-damage|p1b: Tyranitar|0 fnt\n|faint|p1b: Tyranitar\n|\n|-weather|Sandstorm|[upkeep]\n|-damage|p2a: Hawlucha|42/100|[from] Sandstorm\n|upkeep\n|j| Troll Master 3.0\n|\n|t:|1776446679\n|switch|p1b: AZ|Floette-Eternal, L50, F|100/100\n|turn|5\n|c| Troll Master 3.0|hello\n|-activate|p2b: Kingambit|item: Quick Claw\n|\n|t:|1776446704\n|detailschange|p1b: AZ|Floette-Mega, L50, F\n|-mega|p1b: AZ|Floette|Floettite\n|-ability|p1b: AZ|Fairy Aura\n|move|p1b: AZ|Protect|p1b: AZ\n|-singleturn|p1b: AZ|Protect\n|move|p2b: Kingambit|Iron Head|p1b: AZ\n|-activate|p1b: AZ|move: Protect\n|move|p1a: Aerodactyl|Rock Slide|p2b: Kingambit|[spread] p2a,p2b\n|-resisted|p2b: Kingambit|1\n|-damage|p2a: Hawlucha|29/100\n|-damage|p2b: Kingambit|76/100\n|cant|p2a: Hawlucha|flinch\n|\n|-weather|none\n|-sideend|p1: IuseExeggutor|move: Tailwind\n|upkeep\n|turn|6\n|\n|t:|1776446724\n|move|p1a: Aerodactyl|Rock Slide|p2a: Hawlucha|[spread] p2a\n|-miss|p1a: Aerodactyl|p2b: Kingambit\n|-damage|p2a: Hawlucha|15/100\n|move|p1b: AZ|Light of Ruin|p2b: Kingambit\n|-damage|p2b: Kingambit|0 fnt\n|faint|p2b: Kingambit\n|-damage|p1b: AZ|55/100|[from] Recoil\n|cant|p2a: Hawlucha|flinch\n|\n|upkeep\n|\n|t:|1776446734\n|switch|p2b: Basculegion|Basculegion, L50, M|100/100\n|turn|7\n|\n|t:|1776446754\n|move|p1a: Aerodactyl|Rock Slide|p2b: Basculegion|[spread] p2a,p2b\n|-damage|p2a: Hawlucha|2/100\n|-damage|p2b: Basculegion|83/100\n|move|p2b: Basculegion|Last Respects|p1b: AZ\n|-damage|p1b: AZ|0 fnt\n|faint|p1b: AZ\n|cant|p2a: Hawlucha|flinch\n|\n|upkeep\n|\n|t:|1776446764\n|switch|p1b: Clefable|Clefable, L50, F|100/100\n|turn|8\n|c|\u2606Caldruc|bruh\n|\n|t:|1776446773\n|move|p2a: Hawlucha|Protect|p2a: Hawlucha\n|-singleturn|p2a: Hawlucha|Protect\n|move|p1b: Clefable|Follow Me|p1b: Clefable\n|-singleturn|p1b: Clefable|move: Follow Me\n|move|p1a: Aerodactyl|Rock Slide|p2a: Hawlucha|[spread] p2b\n|-activate|p2a: Hawlucha|move: Protect\n|-damage|p2b: Basculegion|68/100\n|move|p2b: Basculegion|Last Respects|p1b: Clefable\n|-damage|p1b: Clefable|5/100\n|\n|upkeep\n|turn|9\n|\n|t:|1776446789\n|move|p1b: Clefable|Helping Hand|p1a: Aerodactyl\n|-singleturn|p1a: Aerodactyl|Helping Hand|[of] p1b: Clefable\n|move|p2a: Hawlucha|Protect||[still]\n|-fail|p2a: Hawlucha\n|move|p1a: Aerodactyl|Rock Slide|p2b: Basculegion|[spread] p2a,p2b\n|-damage|p2a: Hawlucha|0 fnt\n|-damage|p2b: Basculegion|45/100\n|faint|p2a: Hawlucha\n|cant|p2b: Basculegion|flinch\n|\n|upkeep\n|turn|10\n|\n|t:|1776446797\n|move|p1b: Clefable|Helping Hand|p1a: Aerodactyl\n|-singleturn|p1a: Aerodactyl|Helping Hand|[of] p1b: Clefable\n|move|p1a: Aerodactyl|Rock Slide|p2b: Basculegion\n|-damage|p2b: Basculegion|13/100\n|move|p2b: Basculegion|Last Respects|p1b: Clefable\n|-damage|p1b: Clefable|0 fnt\n|faint|p1b: Clefable\n|\n|upkeep\n|turn|11\n|\n|t:|1776446809\n|move|p1a: Aerodactyl|Rock Slide|p2b: Basculegion\n|-damage|p2b: Basculegion|0 fnt\n|faint|p2b: Basculegion\n|\n|win|IuseExeggutor\n|n|\u2606IuseExeggutor|iuseexeggutor\n|n|\u2606Caldruc|caldruc\n|n| Troll Master 3.0|trollmaster30\n",
  "uploadtime": 1776446812,
  "views": 21,
  "formatid": "gen9championsvgc2026regma",
  "rating": null,
  "private": 0,
  "password": null
}