{
  "id": "gen9championsvgc2026regma-2588392137",
  "format": "[Gen 9 Champions] VGC 2026 Reg M-A",
  "players": [
    "JustReilly",
    "sdlt 2krl coolguy"
  ],
  "log": "|raw|<div class=\"broadcast-blue\"><strong>This battle is required to be public due to a player having a name starting with 'sdlt'.</div>\n|j|\u2606JustReilly\n|j|\u2606sdlt 2krl coolguy\n|t:|1776629662\n|gametype|doubles\n|player|p1|JustReilly|169|1214\n|player|p2|sdlt 2krl coolguy|leon-masters2|1311\n|gen|9\n|tier|[Gen 9 Champions] VGC 2026 Reg M-A\n|rated|\n|rule|Species Clause: Limit one of each Pok\u00e9mon\n|rule|Item Clause: Limit 1 of each item\n|clearpoke\n|poke|p1|Gengar, L50, M, shiny|\n|poke|p1|Sneasler, L50, F, shiny|\n|poke|p1|Sableye, L50, F, shiny|\n|poke|p1|Incineroar, L50, M, shiny|\n|poke|p1|Primarina, L50, F, shiny|\n|poke|p1|Garchomp, L50, M, shiny|\n|poke|p2|Floette-Eternal, L50, F|\n|poke|p2|Incineroar, L50, F|\n|poke|p2|Sinistcha, L50|\n|poke|p2|Garchomp, L50, F|\n|poke|p2|Sneasler, L50, M|\n|poke|p2|Kingambit, L50, M|\n|teampreview|4\n|inactive|Battle timer is ON: inactive players will automatically lose when time's up. (requested by sdlt 2krl coolguy)\n|inactive|sdlt 2krl coolguy has 60 seconds left.\n|\n|t:|1776629705\n|teamsize|p1|4\n|teamsize|p2|4\n|start\n|switch|p1a: Gengar|Gengar, L50, M, shiny|100/100\n|switch|p1b: Sableye|Sableye, L50, F, shiny|100/100\n|switch|p2a: Floette|Floette-Eternal, L50, F|100/100\n|switch|p2b: Kingambit|Kingambit, L50, M|100/100\n|turn|1\n|\n|t:|1776629722\n|detailschange|p1a: Gengar|Gengar-Mega, L50, M, shiny\n|-mega|p1a: Gengar|Gengar|Gengarite\n|detailschange|p2a: Floette|Floette-Mega, L50, F\n|-mega|p2a: Floette|Floette|Floettite\n|-ability|p2a: Floette|Fairy Aura\n|move|p1b: Sableye|Protect|p1b: Sableye\n|-singleturn|p1b: Sableye|Protect\n|move|p1a: Gengar|Protect|p1a: Gengar\n|-singleturn|p1a: Gengar|Protect\n|move|p2a: Floette|Moonblast|p1b: Sableye\n|-activate|p1b: Sableye|move: Protect\n|move|p2b: Kingambit|Kowtow Cleave|p1a: Gengar\n|-activate|p1a: Gengar|move: Protect\n|\n|upkeep\n|turn|2\n|\n|t:|1776629739\n|move|p1b: Sableye|Disable|p2a: Floette\n|-start|p2a: Floette|Disable|Moonblast\n|move|p1a: Gengar|Disable|p2b: Kingambit\n|-start|p2b: Kingambit|Disable|Kowtow Cleave\n|move|p2a: Floette|Dazzling Gleam|p1b: Sableye|[spread] p1a,p1b\n|-resisted|p1a: Gengar|1\n|-supereffective|p1b: Sableye|1\n|-damage|p1a: Gengar|74/100\n|-damage|p1b: Sableye|4/100\n|-enditem|p1b: Sableye|Sitrus Berry|[eat]\n|-heal|p1b: Sableye|29/100|[from] item: Sitrus Berry\n|cant|p2b: Kingambit|Disable|Kowtow Cleave\n|\n|upkeep\n|turn|3\n|inactive|JustReilly has 30 seconds left.\n|\n|t:|1776629764\n|move|p1b: Sableye|Protect|p1b: Sableye\n|-singleturn|p1b: Sableye|Protect\n|move|p2b: Kingambit|Sucker Punch||[still]\n|-fail|p2b: Kingambit\n|move|p1a: Gengar|Perish Song|p1a: Gengar\n|-start|p1a: Gengar|perish3|[silent]\n|-start|p1b: Sableye|perish3|[silent]\n|-start|p2a: Floette|perish3|[silent]\n|-start|p2b: Kingambit|perish3|[silent]\n|-fieldactivate|move: Perish Song\n|move|p2a: Floette|Dazzling Gleam|p1b: Sableye|[spread] p1a\n|-activate|p1b: Sableye|move: Protect\n|-resisted|p1a: Gengar|1\n|-damage|p1a: Gengar|47/100\n|\n|-start|p1a: Gengar|perish3\n|-start|p2a: Floette|perish3\n|-start|p2b: Kingambit|perish3\n|-start|p1b: Sableye|perish3\n|upkeep\n|turn|4\n|\n|t:|1776629785\n|switch|p1b: Primarina|Primarina, L50, F, shiny|100/100\n|move|p1a: Gengar|Protect|p1a: Gengar\n|-singleturn|p1a: Gengar|Protect\n|move|p2b: Kingambit|Sucker Punch||[still]\n|-fail|p2b: Kingambit\n|move|p2a: Floette|Dazzling Gleam|p1b: Primarina|[spread] p1b\n|-activate|p1a: Gengar|move: Protect\n|-damage|p1b: Primarina|61/100\n|\n|-heal|p1b: Primarina|67/100|[from] item: Leftovers\n|-start|p1a: Gengar|perish2\n|-start|p2a: Floette|perish2\n|-start|p2b: Kingambit|perish2\n|upkeep\n|turn|5\n|\n|t:|1776629809\n|move|p1a: Gengar|Shadow Ball|p2a: Floette\n|-damage|p2a: Floette|67/100\n|move|p2a: Floette|Dazzling Gleam|p1b: Primarina|[spread] p1a,p1b\n|-resisted|p1a: Gengar|1\n|-damage|p1a: Gengar|21/100\n|-damage|p1b: Primarina|27/100\n|move|p1b: Primarina|Moonblast|p2a: Floette\n|-damage|p2a: Floette|15/100\n|move|p2b: Kingambit|Iron Head|p1a: Gengar\n|-damage|p1a: Gengar|0 fnt\n|faint|p1a: Gengar\n|\n|-heal|p1b: Primarina|33/100|[from] item: Leftovers\n|-end|p2a: Floette|Disable\n|-end|p2b: Kingambit|Disable\n|-start|p2a: Floette|perish1\n|-start|p2b: Kingambit|perish1\n|upkeep\n|-message|JustReilly forfeited.\n|\n|win|sdlt 2krl coolguy\n|raw|JustReilly's rating: 1214 &rarr; <strong>1196</strong><br />(-18 for losing)\n|raw|sdlt 2krl coolguy's rating: 1311 &rarr; <strong>1326</strong><br />(+15 for winning)\n",
  "uploadtime": 1776629823,
  "views": 13,
  "formatid": "gen9championsvgc2026regma",
  "rating": 1196,
  "private": 0,
  "password": null
}