{
  "id": "gen9championsvgc2026regma-2589506326",
  "format": "[Gen 9 Champions] VGC 2026 Reg M-A",
  "players": [
    "hellowcs",
    "SDLT 2KRL SWM"
  ],
  "log": "|raw|<div class=\"broadcast-blue\"><strong>This battle is required to be public due to a player having a name starting with 'sdlt'.</div>\n|j|\u2606hellowcs\n|j|\u2606SDLT 2KRL SWM\n|t:|1776729161\n|gametype|doubles\n|player|p1|hellowcs|170|1771\n|player|p2|SDLT 2KRL SWM|ryuki|1677\n|gen|9\n|tier|[Gen 9 Champions] VGC 2026 Reg M-A\n|rated|\n|rule|Species Clause: Limit one of each Pok\u00e9mon\n|rule|Item Clause: Limit 1 of each item\n|clearpoke\n|poke|p1|Kangaskhan, L50, F|\n|poke|p1|Aerodactyl, L50, F|\n|poke|p1|Garchomp, L50, F|\n|poke|p1|Floette-Eternal, L50, F|\n|poke|p1|Farigiraf, L50, F|\n|poke|p1|Torkoal, L50, F|\n|poke|p2|Talonflame, L50, M|\n|poke|p2|Floette-Eternal, L50, F|\n|poke|p2|Basculegion, L50, M|\n|poke|p2|Garchomp, L50, M|\n|poke|p2|Kingambit, L50, M|\n|poke|p2|Maushold-Four, L50|\n|teampreview|4\n|inactive|Battle timer is ON: inactive players will automatically lose when time's up. (requested by hellowcs)\n|\n|t:|1776729184\n|teamsize|p1|4\n|teamsize|p2|4\n|start\n|switch|p1a: Kangaskhan|Kangaskhan, L50, F|100/100\n|switch|p1b: Farigiraf|Farigiraf, L50, F|100/100\n|switch|p2a: Maushold|Maushold-Four, L50|100/100\n|switch|p2b: Floette|Floette-Eternal, L50, F|100/100\n|turn|1\n|j| not world\n|\n|t:|1776729199\n|detailschange|p2b: Floette|Floette-Mega, L50, F\n|-mega|p2b: Floette|Floette|Floettite\n|-ability|p2b: Floette|Fairy Aura\n|move|p1a: Kangaskhan|Fake Out|p2a: Maushold\n|-damage|p2a: Maushold|77/100\n|cant|p2a: Maushold|flinch\n|move|p2b: Floette|Calm Mind|p2b: Floette\n|-boost|p2b: Floette|spa|1\n|-boost|p2b: Floette|spd|1\n|move|p1b: Farigiraf|Trick Room|p1b: Farigiraf\n|-fieldstart|move: Trick Room|[of] p1b: Farigiraf\n|\n|upkeep\n|turn|2\n|\n|t:|1776729206\n|move|p1b: Farigiraf|Helping Hand|p1a: Kangaskhan\n|-singleturn|p1a: Kangaskhan|Helping Hand|[of] p1b: Farigiraf\n|move|p2b: Floette|Protect|p2b: Floette\n|-singleturn|p2b: Floette|Protect\n|move|p2a: Maushold|Protect|p2a: Maushold\n|-singleturn|p2a: Maushold|Protect\n|move|p1a: Kangaskhan|Last Resort|p2b: Floette\n|-activate|p2b: Floette|move: Protect\n|\n|upkeep\n|turn|3\n|\n|t:|1776729227\n|move|p1b: Farigiraf|Helping Hand|p1a: Kangaskhan\n|-singleturn|p1a: Kangaskhan|Helping Hand|[of] p1b: Farigiraf\n|move|p2a: Maushold|Follow Me|p2a: Maushold\n|-singleturn|p2a: Maushold|move: Follow Me\n|move|p1a: Kangaskhan|Last Resort|p2a: Maushold\n|-damage|p2a: Maushold|0 fnt\n|faint|p2a: Maushold\n|move|p2b: Floette|Dazzling Gleam|p1b: Farigiraf|[spread] p1a,p1b\n|-damage|p1a: Kangaskhan|33/100\n|-damage|p1b: Farigiraf|43/100\n|-enditem|p1b: Farigiraf|Sitrus Berry|[eat]\n|-heal|p1b: Farigiraf|68/100|[from] item: Sitrus Berry\n|\n|upkeep\n|j| Destructosaurio\n|\n|t:|1776729236\n|switch|p2a: Kingambit|Kingambit, L50, M|100/100\n|turn|4\n|inactive|hellowcs has 30 seconds left.\n|\n|t:|1776729264\n|move|p1b: Farigiraf|Helping Hand|p1a: Kangaskhan\n|-singleturn|p1a: Kangaskhan|Helping Hand|[of] p1b: Farigiraf\n|move|p2a: Kingambit|Kowtow Cleave|p1a: Kangaskhan\n|-damage|p1a: Kangaskhan|0 fnt\n|faint|p1a: Kangaskhan\n|move|p2b: Floette|Moonblast|p1b: Farigiraf\n|-damage|p1b: Farigiraf|0 fnt\n|faint|p1b: Farigiraf\n|\n|upkeep\n|\n|t:|1776729266\n|switch|p1b: Floette|Floette-Eternal, L50, F|100/100\n|switch|p1a: Torkoal|Torkoal, L50, F|100/100\n|-weather|SunnyDay|[from] ability: Drought|[of] p1a: Torkoal\n|turn|5\n|\n|t:|1776729273\n|detailschange|p1b: Floette|Floette-Mega, L50, F\n|-mega|p1b: Floette|Floette|Floettite\n|-ability|p1b: Floette|Fairy Aura\n|move|p2a: Kingambit|Protect|p2a: Kingambit\n|-singleturn|p2a: Kingambit|Protect\n|move|p2b: Floette|Protect|p2b: Floette\n|-singleturn|p2b: Floette|Protect\n|move|p1a: Torkoal|Eruption|p2a: Kingambit|[spread] \n|-activate|p2a: Kingambit|move: Protect\n|-activate|p2b: Floette|move: Protect\n|move|p1b: Floette|Calm Mind|p1b: Floette\n|-boost|p1b: Floette|spa|1\n|-boost|p1b: Floette|spd|1\n|\n|-weather|SunnyDay|[upkeep]\n|-fieldend|move: Trick Room\n|upkeep\n|turn|6\n|\n|t:|1776729294\n|move|p1b: Floette|Protect|p1b: Floette\n|-singleturn|p1b: Floette|Protect\n|move|p2a: Kingambit|Sucker Punch|p1a: Torkoal\n|-crit|p1a: Torkoal\n|-damage|p1a: Torkoal|46/100\n|move|p2b: Floette|Moonblast|p1a: Torkoal\n|-resisted|p1a: Torkoal|1\n|-damage|p1a: Torkoal|0 fnt\n|faint|p1a: Torkoal\n|\n|-weather|SunnyDay|[upkeep]\n|upkeep\n|turn|7\n|-message|hellowcs forfeited.\n|\n|win|SDLT 2KRL SWM\n|raw|hellowcs's rating: 1771 &rarr; <strong>1746</strong><br />(-25 for losing)\n|raw|SDLT 2KRL SWM's rating: 1677 &rarr; <strong>1702</strong><br />(+25 for winning)\n|l|\u2606hellowcs\n|player|p1|\n|l| not world\n",
  "uploadtime": 1776729309,
  "views": 11,
  "formatid": "gen9championsvgc2026regma",
  "rating": 1702,
  "private": 0,
  "password": null
}