{
  "id": "gen9championsvgc2026regma-2582345096",
  "format": "[Gen 9 Champions] VGC 2026 Reg M-A",
  "players": [
    "porygon-epilepz",
    "azurde"
  ],
  "log": "|j|\u2606porygon-epilepz\n|j|\u2606azurde\n|t:|1776085128\n|gametype|doubles\n|player|p1|porygon-epilepz|hiker-gen4|1133\n|player|p2|azurde|hilda|1121\n|gen|9\n|tier|[Gen 9 Champions] VGC 2026 Reg M-A\n|rated|\n|rule|Species Clause: Limit one of each Pok\u00e9mon\n|rule|Item Clause: Limit 1 of each item\n|clearpoke\n|poke|p1|Kommo-o, L50, F|\n|poke|p1|Incineroar, L50, M|\n|poke|p1|Glimmora, L50, F|\n|poke|p1|Sinistcha, L50|\n|poke|p1|Corviknight, L50, M|\n|poke|p1|Palafin, L50, F|\n|poke|p2|Golurk, L50|\n|poke|p2|Farigiraf, L50, M|\n|poke|p2|Incineroar, L50, F|\n|poke|p2|Torkoal, L50, F|\n|poke|p2|Sneasler, L50, M|\n|poke|p2|Venusaur, L50, F|\n|teampreview|4\n|\n|t:|1776085155\n|teamsize|p1|4\n|teamsize|p2|4\n|start\n|switch|p1a: Kommo-o|Kommo-o, L50, F|100/100\n|switch|p1b: Sinistcha|Sinistcha, L50|100/100\n|switch|p2a: Candy|Incineroar, L50, F|100/100\n|switch|p2b: Da Boss|Farigiraf, L50, M|100/100\n|-ability|p2a: Candy|Intimidate|boost\n|-unboost|p1a: Kommo-o|atk|1\n|-unboost|p1b: Sinistcha|atk|1\n|turn|1\n|\n|t:|1776085167\n|move|p1a: Kommo-o|Clangorous Soul|p1a: Kommo-o\n|-boost|p1a: Kommo-o|atk|1\n|-boost|p1a: Kommo-o|def|1\n|-boost|p1a: Kommo-o|spa|1\n|-boost|p1a: Kommo-o|spd|1\n|-boost|p1a: Kommo-o|spe|1\n|-damage|p1a: Kommo-o|68/100\n|move|p1b: Sinistcha|Matcha Gotcha|p2a: Candy|[spread] p2b\n|-miss|p1b: Sinistcha|p2a: Candy\n|-damage|p2b: Da Boss|77/100\n|-status|p2b: Da Boss|brn\n|move|p2a: Candy|Throat Chop|p1b: Sinistcha\n|-supereffective|p1b: Sinistcha|1\n|-damage|p1b: Sinistcha|49/100\n|-start|p1b: Sinistcha|Throat Chop|[silent]\n|move|p2b: Da Boss|Trick Room|p2b: Da Boss\n|-fieldstart|move: Trick Room|[of] p2b: Da Boss\n|\n|-heal|p1a: Kommo-o|74/100|[from] item: Leftovers\n|-damage|p2b: Da Boss|70/100 brn|[from] brn\n|upkeep\n|turn|2\n|\n|t:|1776085192\n|move|p1a: Kommo-o|Protect|p1a: Kommo-o\n|-singleturn|p1a: Kommo-o|Protect\n|move|p2b: Da Boss|Psychic|p1a: Kommo-o\n|-activate|p1a: Kommo-o|move: Protect\n|move|p2a: Candy|Throat Chop|p1b: Sinistcha\n|-supereffective|p1b: Sinistcha|1\n|-damage|p1b: Sinistcha|0 fnt\n|faint|p1b: Sinistcha\n|\n|-heal|p1a: Kommo-o|80/100|[from] item: Leftovers\n|-damage|p2b: Da Boss|64/100 brn|[from] brn\n|upkeep\n|\n|t:|1776085208\n|switch|p1b: Palafin|Palafin, L50, F|100/100\n|turn|3\n|\n|t:|1776085226\n|move|p2b: Da Boss|Psychic|p1a: Kommo-o\n|-supereffective|p1a: Kommo-o|1\n|-damage|p1a: Kommo-o|29/100\n|move|p2a: Candy|Parting Shot|p1a: Kommo-o\n|-unboost|p1a: Kommo-o|atk|1\n|-unboost|p1a: Kommo-o|spa|1\n|\n|t:|1776085238\n|switch|p2a: Button|Torkoal, L50, F|100/100|[from] Parting Shot\n|-weather|SunnyDay|[from] ability: Drought|[of] p2a: Button\n|move|p1b: Palafin|Wave Crash|p2b: Da Boss\n|-damage|p2b: Da Boss|43/100 brn\n|-enditem|p2b: Da Boss|Sitrus Berry|[eat]\n|-heal|p2b: Da Boss|68/100 brn|[from] item: Sitrus Berry\n|-damage|p1b: Palafin|91/100|[from] Recoil\n|move|p1a: Kommo-o|Aura Sphere|p2a: Button\n|-damage|p2a: Button|55/100\n|\n|-weather|SunnyDay|[upkeep]\n|-heal|p1a: Kommo-o|35/100|[from] item: Leftovers\n|-damage|p2b: Da Boss|62/100 brn|[from] brn\n|upkeep\n|turn|4\n|\n|t:|1776085258\n|detailschange|p1b: Palafin|Palafin-Hero, L50, F\n|switch|p1b: Glimmora|Glimmora, L50, F|100/100\n|move|p1a: Kommo-o|Protect|p1a: Kommo-o\n|-singleturn|p1a: Kommo-o|Protect\n|move|p2a: Button|Eruption|p1b: Glimmora|[spread] p1b\n|-activate|p1a: Kommo-o|move: Protect\n|-resisted|p1b: Glimmora|1\n|-damage|p1b: Glimmora|67/100\n|move|p2b: Da Boss|Hyper Voice|p1b: Glimmora|[spread] p1b\n|-activate|p1a: Kommo-o|move: Protect\n|-resisted|p1b: Glimmora|1\n|-damage|p1b: Glimmora|50/100\n|\n|-weather|SunnyDay|[upkeep]\n|-heal|p1a: Kommo-o|41/100|[from] item: Leftovers\n|-damage|p2b: Da Boss|55/100 brn|[from] brn\n|upkeep\n|turn|5\n|\n|t:|1776085278\n|move|p1b: Glimmora|Spiky Shield|p1b: Glimmora\n|-singleturn|p1b: Glimmora|move: Protect\n|move|p1a: Kommo-o|Protect|p1a: Kommo-o\n|-singleturn|p1a: Kommo-o|Protect\n|move|p2a: Button|Eruption|p1b: Glimmora|[spread] \n|-activate|p1a: Kommo-o|move: Protect\n|-activate|p1b: Glimmora|move: Protect\n|move|p2b: Da Boss|Psychic|p1b: Glimmora\n|-activate|p1b: Glimmora|move: Protect\n|\n|-weather|SunnyDay|[upkeep]\n|-heal|p1a: Kommo-o|48/100|[from] item: Leftovers\n|-damage|p2b: Da Boss|49/100 brn|[from] brn\n|-fieldend|move: Trick Room\n|upkeep\n|turn|6\n|\n|t:|1776085301\n|switch|p2b: Candy|Incineroar, L50, F|100/100\n|-ability|p2b: Candy|Intimidate|boost\n|-unboost|p1a: Kommo-o|atk|1\n|-unboost|p1b: Glimmora|atk|1\n|switch|p2a: Mary|Golurk, L50|100/100\n|detailschange|p1b: Glimmora|Glimmora-Mega, L50, F\n|-mega|p1b: Glimmora|Glimmora|Glimmoranite\n|move|p1a: Kommo-o|Clanging Scales|p2b: Candy|[spread] p2a,p2b\n|-damage|p2a: Mary|63/100\n|-damage|p2b: Candy|70/100\n|-unboost|p1a: Kommo-o|def|1\n|move|p1b: Glimmora|Sludge Bomb|p2a: Mary\n|-resisted|p2a: Mary|2\n|-damage|p2a: Mary|43/100\n|-status|p2a: Mary|psn\n|\n|-weather|SunnyDay|[upkeep]\n|-heal|p1a: Kommo-o|54/100|[from] item: Leftovers\n|-damage|p2a: Mary|31/100 psn|[from] psn\n|upkeep\n|turn|7\n|\n|t:|1776085337\n|detailschange|p2a: Mary|Golurk-Mega, L50\n|-mega|p2a: Mary|Golurk|Golurkite\n|move|p2b: Candy|Fake Out|p1a: Kommo-o\n|-crit|p1a: Kommo-o\n|-damage|p1a: Kommo-o|39/100\n|cant|p1a: Kommo-o|flinch\n|move|p1b: Glimmora|Power Gem|p2a: Mary\n|-resisted|p2a: Mary|1\n|-damage|p2a: Mary|3/100 psn\n|move|p2a: Mary|Headlong Rush|p1b: Glimmora\n|-supereffective|p1b: Glimmora|2\n|-damage|p1b: Glimmora|0 fnt\n|-unboost|p2a: Mary|def|1\n|-unboost|p2a: Mary|spd|1\n|faint|p1b: Glimmora\n|\n|-weather|none\n|-heal|p1a: Kommo-o|45/100|[from] item: Leftovers\n|-damage|p2a: Mary|0 fnt|[from] psn\n|faint|p2a: Mary\n|upkeep\n|\n|t:|1776085354\n|switch|p1b: Palafin|Palafin-Hero, L50, F|91/100\n|switch|p2a: Da Boss|Farigiraf, L50, M|49/100 brn\n|-activate|p1b: Palafin|ability: Zero to Hero\n|turn|8\n|\n|t:|1776085375\n|move|p1a: Kommo-o|Clanging Scales|p2a: Da Boss|[spread] p2a,p2b\n|-damage|p2a: Da Boss|15/100 brn\n|-damage|p2b: Candy|35/100\n|-unboost|p1a: Kommo-o|def|1\n|move|p1b: Palafin|Wave Crash|p2a: Da Boss\n|-damage|p2a: Da Boss|0 fnt\n|faint|p2a: Da Boss\n|-damage|p1b: Palafin|85/100|[from] Recoil\n|move|p2b: Candy|Parting Shot|p1b: Palafin\n|-unboost|p1b: Palafin|atk|1\n|-unboost|p1b: Palafin|spa|1\n|\n|t:|1776085385\n|switch|p2b: Button|Torkoal, L50, F|55/100|[from] Parting Shot\n|-weather|SunnyDay|[from] ability: Drought|[of] p2b: Button\n|\n|-weather|SunnyDay|[upkeep]\n|-heal|p1a: Kommo-o|52/100|[from] item: Leftovers\n|upkeep\n|\n|t:|1776085393\n|switch|p2a: Candy|Incineroar, L50, F|35/100\n|-ability|p2a: Candy|Intimidate|boost\n|-unboost|p1a: Kommo-o|atk|1\n|-unboost|p1b: Palafin|atk|1\n|turn|9\n|\n|t:|1776085422\n|move|p1a: Kommo-o|Protect|p1a: Kommo-o\n|-singleturn|p1a: Kommo-o|Protect\n|move|p1b: Palafin|Protect|p1b: Palafin\n|-singleturn|p1b: Palafin|Protect\n|move|p2a: Candy|Fake Out|p1b: Palafin\n|-activate|p1b: Palafin|move: Protect\n|move|p2b: Button|Heat Wave|p1b: Palafin|[spread] \n|-activate|p1a: Kommo-o|move: Protect\n|-activate|p1b: Palafin|move: Protect\n|\n|-weather|SunnyDay|[upkeep]\n|-heal|p1a: Kommo-o|58/100|[from] item: Leftovers\n|upkeep\n|turn|10\n|\n|t:|1776085453\n|move|p2b: Button|Protect|p2b: Button\n|-singleturn|p2b: Button|Protect\n|move|p1b: Palafin|Jet Punch|p2a: Candy\n|-supereffective|p2a: Candy|1\n|-damage|p2a: Candy|20/100\n|move|p1a: Kommo-o|Clanging Scales|p2a: Candy|[spread] p2a\n|-activate|p2b: Button|move: Protect\n|-damage|p2a: Candy|0 fnt\n|faint|p2a: Candy\n|-unboost|p1a: Kommo-o|def|1\n|\n|-weather|SunnyDay|[upkeep]\n|-heal|p1a: Kommo-o|64/100|[from] item: Leftovers\n|upkeep\n|turn|11\n|-message|azurde forfeited.\n|\n|win|porygon-epilepz\n|raw|porygon-epilepz's rating: 1133 &rarr; <strong>1157</strong><br />(+24 for winning)\n|raw|azurde's rating: 1121 &rarr; <strong>1097</strong><br />(-24 for losing)\n",
  "uploadtime": 1776085131,
  "views": 12,
  "formatid": "gen9championsvgc2026regma",
  "rating": 1097,
  "private": 0,
  "password": null
}