{
  "id": "gen9championsvgc2026regma-2581440743",
  "format": "[Gen 9 Champions] VGC 2026 Reg M-A",
  "players": [
    "Rolic",
    "kelpwt"
  ],
  "log": "|j|\u2606Rolic\n|j|\u2606kelpwt\n|t:|1776000673\n|gametype|doubles\n|player|p1|Rolic|2|1000\n|player|p2|kelpwt|preschoolerf|1013\n|gen|9\n|tier|[Gen 9 Champions] VGC 2026 Reg M-A\n|rated|\n|rule|Species Clause: Limit one of each Pok\u00e9mon\n|rule|Item Clause: Limit 1 of each item\n|clearpoke\n|poke|p1|Sharpedo, L50, M|\n|poke|p1|Sinistcha, L50|\n|poke|p1|Arcanine-Hisui, L50, F|\n|poke|p1|Sneasler, L50, F|\n|poke|p1|Floette-Eternal, L50, F|\n|poke|p1|Incineroar, L50, F|\n|poke|p2|Slowbro, L50, M|\n|poke|p2|Palafin, L50, M|\n|poke|p2|Meowstic, L50, M|\n|poke|p2|Armarouge, L50, F|\n|poke|p2|Sinistcha, L50|\n|poke|p2|Krookodile, L50, F|\n|teampreview|4\n|inactive|Battle timer is ON: inactive players will automatically lose when time's up. (requested by Rolic)\n|inactive|kelpwt has 60 seconds left.\n|\n|t:|1776000711\n|teamsize|p1|4\n|teamsize|p2|4\n|start\n|switch|p1a: Sinistcha|Sinistcha, L50|100/100\n|switch|p1b: Incineroar|Incineroar, L50, F|100/100\n|switch|p2a: Meowstic|Meowstic, L50, M|100/100\n|switch|p2b: Slowbro|Slowbro, L50, M|100/100\n|-ability|p1b: Incineroar|Intimidate|boost\n|-unboost|p2a: Meowstic|atk|1\n|-fail|p2b: Slowbro|unboost|Attack|[from] ability: Own Tempo|[of] p2b: Slowbro\n|turn|1\n|inactive|kelpwt has 30 seconds left.\n|\n|t:|1776000745\n|switch|p2b: Krookodile|Krookodile, L50, F|100/100\n|-ability|p2b: Krookodile|Intimidate|boost\n|-unboost|p1a: Sinistcha|atk|1\n|-unboost|p1b: Incineroar|atk|1\n|move|p2a: Meowstic|Light Screen|p2a: Meowstic\n|-sidestart|p2: kelpwt|move: Light Screen\n|move|p1b: Incineroar|Darkest Lariat|p2b: Krookodile\n|-resisted|p2b: Krookodile|1\n|-damage|p2b: Krookodile|85/100\n|move|p1a: Sinistcha|Matcha Gotcha|p2b: Krookodile|[spread] p2a,p2b\n|-supereffective|p2b: Krookodile|1\n|-damage|p2a: Meowstic|86/100\n|-damage|p2b: Krookodile|42/100\n|\n|upkeep\n|turn|2\n|inactive|Rolic has 30 seconds left.\n|\n|t:|1776000771\n|move|p2a: Meowstic|Reflect|p2a: Meowstic\n|-sidestart|p2: kelpwt|Reflect\n|move|p2b: Krookodile|Rock Slide|p1a: Sinistcha|[spread] p1a,p1b\n|-supereffective|p1b: Incineroar|1\n|-damage|p1a: Sinistcha|86/100\n|-damage|p1b: Incineroar|65/100\n|move|p1b: Incineroar|Parting Shot|p2b: Krookodile\n|-unboost|p2b: Krookodile|atk|1\n|-unboost|p2b: Krookodile|spa|1\n|\n|t:|1776000777\n|switch|p1b: Sharpedo|Sharpedo, L50, M|100/100|[from] Parting Shot\n|cant|p1a: Sinistcha|flinch\n|\n|-heal|p1a: Sinistcha|93/100|[from] item: Leftovers\n|upkeep\n|turn|3\n|\n|t:|1776000796\n|switch|p2b: Slowbro|Slowbro, L50, M|100/100\n|move|p1b: Sharpedo|Protect|p1b: Sharpedo\n|-singleturn|p1b: Sharpedo|Protect\n|move|p2a: Meowstic|Psychic Terrain|p2a: Meowstic\n|-fieldstart|move: Psychic Terrain\n|move|p1a: Sinistcha|Matcha Gotcha|p2a: Meowstic|[spread] p2a\n|-miss|p1a: Sinistcha|p2b: Slowbro\n|-damage|p2a: Meowstic|69/100\n|-heal|p1a: Sinistcha|99/100|[from] drain|[of] p2a: Meowstic\n|\n|-heal|p1a: Sinistcha|100/100|[from] item: Leftovers\n|-ability|p1b: Sharpedo|Speed Boost|boost\n|-boost|p1b: Sharpedo|spe|1\n|upkeep\n|turn|4\n|inactive|Rolic has 30 seconds left.\n|inactive|kelpwt has 30 seconds left.\n|inactive|kelpwt has 20 seconds left.\n|inactive|kelpwt has 15 seconds left.\n|\n|t:|1776000841\n|detailschange|p1b: Sharpedo|Sharpedo-Mega, L50, M\n|-mega|p1b: Sharpedo|Sharpedo|Sharpedonite\n|detailschange|p2b: Slowbro|Slowbro-Mega, L50, M\n|-mega|p2b: Slowbro|Slowbro|Slowbronite\n|move|p1b: Sharpedo|Psychic Fangs|p2b: Slowbro\n|-sideend|p2: kelpwt|Reflect\n|-sideend|p2: kelpwt|move: Light Screen\n|-resisted|p2b: Slowbro|1\n|-damage|p2b: Slowbro|85/100\n|move|p2a: Meowstic|Expanding Force|p1a: Sinistcha|[spread] p1a\n|-immune|p1b: Sharpedo\n|-damage|p1a: Sinistcha|57/100\n|move|p1a: Sinistcha|Calm Mind|p1a: Sinistcha\n|-boost|p1a: Sinistcha|spa|1\n|-boost|p1a: Sinistcha|spd|1\n|move|p2b: Slowbro|Expanding Force|p1a: Sinistcha|[spread] p1a\n|-immune|p1b: Sharpedo\n|-damage|p1a: Sinistcha|18/100\n|\n|-heal|p1a: Sinistcha|24/100|[from] item: Leftovers\n|upkeep\n|turn|5\n|inactive|kelpwt has 30 seconds left.\n|inactive|Rolic has 30 seconds left.\n|inactive|kelpwt has 20 seconds left.\n|inactive|Rolic has 20 seconds left.\n|\n|t:|1776000882\n|switch|p1a: Incineroar|Incineroar, L50, F|65/100\n|-ability|p1a: Incineroar|Intimidate|boost\n|-unboost|p2a: Meowstic|atk|1\n|-unboost|p2b: Slowbro|atk|1\n|move|p2a: Meowstic|Reflect|p2a: Meowstic\n|-sidestart|p2: kelpwt|Reflect\n|move|p1b: Sharpedo|Crunch|p2a: Meowstic\n|-supereffective|p2a: Meowstic|1\n|-damage|p2a: Meowstic|0 fnt\n|faint|p2a: Meowstic\n|move|p2b: Slowbro|Ice Beam|p1a: Incineroar\n|-resisted|p1a: Incineroar|1\n|-damage|p1a: Incineroar|50/100\n|-enditem|p1a: Incineroar|Sitrus Berry|[eat]\n|-heal|p1a: Incineroar|75/100|[from] item: Sitrus Berry\n|\n|upkeep\n|\n|t:|1776000889\n|switch|p2a: Krookodile|Krookodile, L50, F|42/100\n|-ability|p2a: Krookodile|Intimidate|boost\n|-unboost|p1a: Incineroar|atk|1\n|-unboost|p1b: Sharpedo|atk|1\n|turn|6\n|inactive|Rolic has 30 seconds left.\n|\n|t:|1776000920\n|move|p2a: Krookodile|Rock Slide|p1a: Incineroar|[spread] p1a,p1b\n|-supereffective|p1a: Incineroar|1\n|-damage|p1a: Incineroar|36/100\n|-damage|p1b: Sharpedo|74/100\n|move|p1b: Sharpedo|Waterfall|p2a: Krookodile\n|-supereffective|p2a: Krookodile|1\n|-damage|p2a: Krookodile|0 fnt\n|faint|p2a: Krookodile\n|cant|p1a: Incineroar|flinch\n|move|p2b: Slowbro|Scald|p1a: Incineroar\n|-supereffective|p1a: Incineroar|1\n|-damage|p1a: Incineroar|0 fnt\n|faint|p1a: Incineroar\n|\n|upkeep\n|\n|t:|1776000933\n|switch|p2a: Armarouge|Armarouge, L50, F|100/100\n|switch|p1a: Sinistcha|Sinistcha, L50|24/100\n|-heal|p1b: Sharpedo|98/100|[from] ability: Hospitality|[of] p1a: Sinistcha\n|turn|7\n|inactive|Rolic has 30 seconds left.\n|\n|t:|1776000964\n|switch|p1b: Arcanine|Arcanine-Hisui, L50, F|100/100\n|move|p2a: Armarouge|Heat Wave|p1a: Sinistcha|[spread] p1a\n|-miss|p2a: Armarouge|p1b: Arcanine\n|-supereffective|p1a: Sinistcha|1\n|-damage|p1a: Sinistcha|0 fnt\n|faint|p1a: Sinistcha\n|move|p2b: Slowbro|Ice Beam|p1b: Arcanine\n|-resisted|p1b: Arcanine|1\n|-damage|p1b: Arcanine|85/100\n|\n|-fieldend|move: Psychic Terrain\n|upkeep\n|\n|t:|1776000967\n|switch|p1a: Sharpedo|Sharpedo-Mega, L50, M|98/100\n|turn|8\n|\n|t:|1776000985\n|move|p2a: Armarouge|Protect|p2a: Armarouge\n|-singleturn|p2a: Armarouge|Protect\n|move|p1b: Arcanine|Extreme Speed|p2b: Slowbro\n|-damage|p2b: Slowbro|75/100\n|move|p1a: Sharpedo|Crunch|p2a: Armarouge\n|-activate|p2a: Armarouge|move: Protect\n|move|p2b: Slowbro|Scald|p1b: Arcanine\n|-supereffective|p1b: Arcanine|2\n|-damage|p1b: Arcanine|0 fnt\n|faint|p1b: Arcanine\n|\n|upkeep\n|turn|9\n|\n|t:|1776001005\n|move|p1a: Sharpedo|Crunch|p2b: Slowbro\n|-supereffective|p2b: Slowbro|1\n|-damage|p2b: Slowbro|28/100\n|move|p2a: Armarouge|Heat Wave|p1a: Sharpedo\n|-resisted|p1a: Sharpedo|1\n|-damage|p1a: Sharpedo|56/100\n|move|p2b: Slowbro|Scald|p1a: Sharpedo\n|-resisted|p1a: Sharpedo|1\n|-damage|p1a: Sharpedo|27/100\n|\n|-sideend|p2: kelpwt|Reflect\n|upkeep\n|turn|10\n|\n|t:|1776001016\n|move|p1a: Sharpedo|Crunch|p2a: Armarouge\n|-supereffective|p2a: Armarouge|1\n|-damage|p2a: Armarouge|0 fnt\n|faint|p2a: Armarouge\n|move|p2b: Slowbro|Scald|p1a: Sharpedo\n|-resisted|p1a: Sharpedo|1\n|-damage|p1a: Sharpedo|0 fnt\n|faint|p1a: Sharpedo\n|\n|win|kelpwt\n|raw|Rolic's rating: 1000 &rarr; <strong>1000</strong><br />(+0 for losing)\n|raw|kelpwt's rating: 1013 &rarr; <strong>1050</strong><br />(+37 for winning)\n|l|\u2606Rolic\n|player|p1|\n",
  "uploadtime": 1776001044,
  "views": 16,
  "formatid": "gen9championsvgc2026regma",
  "rating": 1000,
  "private": 0,
  "password": null
}