{
  "id": "gen9championsvgc2026regma-2587643374",
  "format": "[Gen 9 Champions] VGC 2026 Reg M-A",
  "players": [
    "Litzel",
    "24Smguld"
  ],
  "log": "|j|\u2606Litzel\n|j|\u260624Smguld\n|t:|1776549773\n|gametype|doubles\n|player|p1|Litzel|hilda-wonderlauncher|1406\n|player|p2|24Smguld|101|1465\n|gen|9\n|tier|[Gen 9 Champions] VGC 2026 Reg M-A\n|rated|\n|rule|Species Clause: Limit one of each Pok\u00e9mon\n|rule|Item Clause: Limit 1 of each item\n|clearpoke\n|poke|p1|Glimmora, L50, M|\n|poke|p1|Ninetales-Alola, L50, F|\n|poke|p1|Chandelure, L50, F|\n|poke|p1|Corviknight, L50, F|\n|poke|p1|Garchomp, L50, F|\n|poke|p1|Rotom-Wash, L50|\n|poke|p2|Meganium, L50, M|\n|poke|p2|Aerodactyl, L50, F|\n|poke|p2|Incineroar, L50, F|\n|poke|p2|Farigiraf, L50, F|\n|poke|p2|Kingambit, L50, M|\n|poke|p2|Basculegion, L50, M|\n|teampreview|4\n|j| DissFunktion\n|\n|t:|1776549799\n|teamsize|p1|4\n|teamsize|p2|4\n|start\n|switch|p1a: Rotom|Rotom-Wash, L50|100/100\n|switch|p1b: Ninetales|Ninetales-Alola, L50, F|100/100\n|switch|p2a: Incineroar|Incineroar, L50, F|100/100\n|switch|p2b: Farigiraf|Farigiraf, L50, F|100/100\n|-weather|Snowscape|[from] ability: Snow Warning|[of] p1b: Ninetales\n|-ability|p2a: Incineroar|Intimidate|boost\n|-unboost|p1a: Rotom|atk|1\n|-unboost|p1b: Ninetales|atk|1\n|turn|1\n|j| direc_t10n\n|l| direc_t10n\n|\n|t:|1776549820\n|move|p2a: Incineroar|Fake Out|p1a: Rotom\n|-damage|p1a: Rotom|86/100\n|move|p1b: Ninetales|Aurora Veil|p1b: Ninetales\n|-sidestart|p1: Litzel|move: Aurora Veil\n|cant|p1a: Rotom|flinch\n|move|p2b: Farigiraf|Trick Room|p2b: Farigiraf\n|-fieldstart|move: Trick Room|[of] p2b: Farigiraf\n|\n|-weather|Snowscape|[upkeep]\n|upkeep\n|turn|2\n|\n|t:|1776549855\n|move|p1b: Ninetales|Protect|p1b: Ninetales\n|-singleturn|p1b: Ninetales|Protect\n|move|p2b: Farigiraf|Hyper Voice|p1a: Rotom|[spread] p1a\n|-activate|p1b: Ninetales|move: Protect\n|-damage|p1a: Rotom|59/100\n|move|p2a: Incineroar|Flare Blitz|p1b: Ninetales\n|-activate|p1b: Ninetales|move: Protect\n|move|p1a: Rotom|Thunderbolt|p2b: Farigiraf\n|-damage|p2b: Farigiraf|57/100\n|-status|p2b: Farigiraf|par\n|\n|-weather|Snowscape|[upkeep]\n|upkeep\n|turn|3\n|\n|t:|1776549884\n|switch|p1b: Glimmora|Glimmora, L50, M|100/100\n|move|p2b: Farigiraf|Hyper Voice|p1b: Glimmora|[spread] p1a,p1b\n|-resisted|p1b: Glimmora|1\n|-damage|p1a: Rotom|34/100\n|-damage|p1b: Glimmora|89/100\n|-enditem|p1a: Rotom|Sitrus Berry|[eat]\n|-heal|p1a: Rotom|59/100|[from] item: Sitrus Berry\n|move|p2a: Incineroar|Parting Shot|p1b: Glimmora\n|-unboost|p1b: Glimmora|atk|1\n|-unboost|p1b: Glimmora|spa|1\n|\n|t:|1776549895\n|switch|p2a: Meganium|Meganium, L50, M|100/100|[from] Parting Shot\n|move|p1a: Rotom|Hydro Pump|p2a: Meganium\n|-resisted|p2a: Meganium|1\n|-damage|p2a: Meganium|75/100\n|\n|-weather|Snowscape|[upkeep]\n|upkeep\n|turn|4\n|j| direc_t10n\n|\n|t:|1776549937\n|switch|p1b: Corviknight|Corviknight, L50, F|100/100\n|move|p1a: Rotom|Protect|p1a: Rotom\n|-singleturn|p1a: Rotom|Protect\n|move|p2b: Farigiraf|Psychic|p1b: Corviknight\n|-resisted|p1b: Corviknight|1\n|-damage|p1b: Corviknight|88/100\n|move|p2a: Meganium|Solar Beam||[still]\n|-prepare|p2a: Meganium|Solar Beam\n|\n|-weather|Snowscape|[upkeep]\n|-heal|p1b: Corviknight|94/100|[from] item: Leftovers\n|upkeep\n|turn|5\n|l| direc_t10n\n|\n|t:|1776549971\n|move|p2b: Farigiraf|Protect|p2b: Farigiraf\n|-singleturn|p2b: Farigiraf|Protect\n|move|p1b: Corviknight|Brave Bird|p2a: Meganium\n|-supereffective|p2a: Meganium|1\n|-damage|p2a: Meganium|0 fnt\n|faint|p2a: Meganium\n|-damage|p1b: Corviknight|72/100|[from] Recoil\n|move|p1a: Rotom|Thunderbolt|p2b: Farigiraf\n|-activate|p2b: Farigiraf|move: Protect\n|\n|-weather|none\n|-heal|p1b: Corviknight|78/100|[from] item: Leftovers\n|-sideend|p1: Litzel|move: Aurora Veil\n|-fieldend|move: Trick Room\n|upkeep\n|\n|t:|1776549984\n|switch|p2a: Incineroar|Incineroar, L50, F|100/100\n|-ability|p2a: Incineroar|Intimidate|boost\n|-unboost|p1a: Rotom|atk|1\n|-ability|p1b: Corviknight|Mirror Armor\n|-unboost|p2a: Incineroar|atk|1\n|turn|6\n|\n|t:|1776550039\n|move|p2a: Incineroar|Fake Out|p1a: Rotom\n|-damage|p1a: Rotom|50/100\n|cant|p1a: Rotom|flinch\n|move|p1b: Corviknight|Iron Defense|p1b: Corviknight\n|-boost|p1b: Corviknight|def|2\n|move|p2b: Farigiraf|Trick Room|p2b: Farigiraf\n|-fieldstart|move: Trick Room|[of] p2b: Farigiraf\n|\n|-heal|p1b: Corviknight|83/100|[from] item: Leftovers\n|upkeep\n|turn|7\n|\n|t:|1776550068\n|move|p1a: Rotom|Protect|p1a: Rotom\n|-singleturn|p1a: Rotom|Protect\n|move|p2b: Farigiraf|Psychic|p1a: Rotom\n|-activate|p1a: Rotom|move: Protect\n|move|p2a: Incineroar|Will-O-Wisp|p1b: Corviknight\n|-status|p1b: Corviknight|brn\n|move|p1b: Corviknight|Body Press|p2b: Farigiraf\n|-damage|p2b: Farigiraf|31/100 par\n|\n|-heal|p1b: Corviknight|89/100 brn|[from] item: Leftovers\n|-damage|p1b: Corviknight|83/100 brn|[from] brn\n|upkeep\n|turn|8\n|\n|t:|1776550087\n|move|p2b: Farigiraf|Psychic|p1a: Rotom\n|-crit|p1a: Rotom\n|-damage|p1a: Rotom|0 fnt\n|faint|p1a: Rotom\n|move|p2a: Incineroar|Flare Blitz|p1b: Corviknight\n|-supereffective|p1b: Corviknight|1\n|-damage|p1b: Corviknight|56/100 brn\n|-damage|p2a: Incineroar|92/100|[from] Recoil\n|move|p1b: Corviknight|Body Press|p2b: Farigiraf\n|-damage|p2b: Farigiraf|7/100 par\n|\n|-heal|p1b: Corviknight|62/100 brn|[from] item: Leftovers\n|-damage|p1b: Corviknight|56/100 brn|[from] brn\n|upkeep\n|j| direc_t10n\n|\n|t:|1776550092\n|switch|p1a: Glimmora|Glimmora, L50, M|89/100\n|turn|9\n|j| fylof6o6\n|l| fylof6o6\n|l| direc_t10n\n|\n|t:|1776550117\n|detailschange|p1a: Glimmora|Glimmora-Mega, L50, M\n|-mega|p1a: Glimmora|Glimmora|Glimmoranite\n|move|p2b: Farigiraf|Protect|p2b: Farigiraf\n|-singleturn|p2b: Farigiraf|Protect\n|move|p1a: Glimmora|Spiky Shield|p1a: Glimmora\n|-singleturn|p1a: Glimmora|move: Protect\n|move|p2a: Incineroar|Flare Blitz|p1b: Corviknight\n|-supereffective|p1b: Corviknight|1\n|-damage|p1b: Corviknight|29/100 brn\n|-damage|p2a: Incineroar|83/100|[from] Recoil\n|move|p1b: Corviknight|Body Press|p2b: Farigiraf\n|-activate|p2b: Farigiraf|move: Protect\n|\n|-heal|p1b: Corviknight|35/100 brn|[from] item: Leftovers\n|-damage|p1b: Corviknight|29/100 brn|[from] brn\n|upkeep\n|turn|10\n|\n|t:|1776550143\n|switch|p1a: Ninetales|Ninetales-Alola, L50, F|100/100\n|-weather|Snowscape|[from] ability: Snow Warning|[of] p1a: Ninetales\n|move|p2b: Farigiraf|Psychic|p1a: Ninetales\n|-damage|p1a: Ninetales|41/100\n|move|p2a: Incineroar|Flare Blitz|p1b: Corviknight\n|-supereffective|p1b: Corviknight|1\n|-damage|p1b: Corviknight|2/100 brn\n|-damage|p2a: Incineroar|74/100|[from] Recoil\n|move|p1b: Corviknight|Body Press|p2b: Farigiraf\n|-damage|p2b: Farigiraf|0 fnt\n|faint|p2b: Farigiraf\n|\n|-weather|Snowscape|[upkeep]\n|-heal|p1b: Corviknight|8/100 brn|[from] item: Leftovers\n|-damage|p1b: Corviknight|2/100 brn|[from] brn\n|-fieldend|move: Trick Room\n|upkeep\n|\n|t:|1776550163\n|switch|p2b: Basculegion|Basculegion, L50, M|100/100\n|turn|11\n|\n|t:|1776550208\n|move|p1a: Ninetales|Protect|p1a: Ninetales\n|-singleturn|p1a: Ninetales|Protect\n|move|p2b: Basculegion|Wave Crash|p1a: Ninetales\n|-activate|p1a: Ninetales|move: Protect\n|move|p1b: Corviknight|Tailwind|p1b: Corviknight\n|-sidestart|p1: Litzel|move: Tailwind\n|move|p2a: Incineroar|Flare Blitz|p1b: Corviknight\n|-supereffective|p1b: Corviknight|1\n|-damage|p1b: Corviknight|0 fnt\n|faint|p1b: Corviknight\n|-damage|p2a: Incineroar|73/100|[from] Recoil\n|\n|-weather|Snowscape|[upkeep]\n|upkeep\n|\n|t:|1776550220\n|switch|p1b: Glimmora|Glimmora-Mega, L50, M|89/100\n|turn|12\n|\n|t:|1776550232\n|move|p1a: Ninetales|Blizzard|p2b: Basculegion|[spread] p2a,p2b\n|-resisted|p2a: Incineroar|1\n|-resisted|p2b: Basculegion|1\n|-damage|p2a: Incineroar|58/100\n|-damage|p2b: Basculegion|84/100\n|move|p1b: Glimmora|Power Gem|p2b: Basculegion\n|-damage|p2b: Basculegion|11/100\n|move|p2b: Basculegion|Wave Crash|p1a: Ninetales\n|-damage|p1a: Ninetales|0 fnt\n|faint|p1a: Ninetales\n|-damage|p2b: Basculegion|0 fnt|[from] Recoil\n|faint|p2b: Basculegion\n|move|p2a: Incineroar|Will-O-Wisp|p1b: Glimmora\n|-status|p1b: Glimmora|brn\n|\n|-weather|Snowscape|[upkeep]\n|-damage|p1b: Glimmora|83/100 brn|[from] brn\n|upkeep\n|turn|13\n|\n|t:|1776550255\n|move|p1b: Glimmora|Power Gem|p2a: Incineroar\n|-supereffective|p2a: Incineroar|1\n|-damage|p2a: Incineroar|0 fnt\n|faint|p2a: Incineroar\n|\n|win|Litzel\n|raw|Litzel's rating: 1406 &rarr; <strong>1429</strong><br />(+23 for winning)\n|raw|24Smguld's rating: 1465 &rarr; <strong>1442</strong><br />(-23 for losing)\n|l|\u260624Smguld\n|player|p2|\n",
  "uploadtime": 1776550279,
  "views": 17,
  "formatid": "gen9championsvgc2026regma",
  "rating": 1429,
  "private": 0,
  "password": null
}