{
  "id": "gen9championsvgc2026regma-2584668574",
  "format": "[Gen 9 Champions] VGC 2026 Reg M-A",
  "players": [
    "ROMIPLAYER",
    "ForretressLover39"
  ],
  "log": "|j|\u2606ROMIPLAYER\n|j|\u2606ForretressLover39\n|t:|1776275611\n|gametype|doubles\n|player|p1|ROMIPLAYER|n|1088\n|player|p2|ForretressLover39|265|1000\n|gen|9\n|tier|[Gen 9 Champions] VGC 2026 Reg M-A\n|rated|\n|rule|Species Clause: Limit one of each Pok\u00e9mon\n|rule|Item Clause: Limit 1 of each item\n|clearpoke\n|poke|p1|Delphox, L50, F|\n|poke|p1|Blastoise, L50, F|\n|poke|p1|Whimsicott, L50, F|\n|poke|p1|Maushold-Four, L50|\n|poke|p1|Jolteon, L50, F|\n|poke|p1|Mudsdale, L50, F|\n|poke|p2|Farigiraf, L50, F|\n|poke|p2|Gardevoir, L50, M|\n|poke|p2|Mudsdale, L50, F|\n|poke|p2|Slowking, L50, F|\n|poke|p2|Delphox, L50, F|\n|poke|p2|Aerodactyl, L50, M|\n|teampreview|4\nForretressLover39 rejected open team sheets.\n|\n|t:|1776275698\n|teamsize|p1|4\n|teamsize|p2|4\n|start\n|switch|p1a: Blastoise|Blastoise, L50, F|100/100\n|switch|p1b: Maushold|Maushold-Four, L50|100/100\n|switch|p2a: Mudsdale|Mudsdale, L50, F|100/100\n|switch|p2b: Slowking|Slowking, L50, F|100/100\n|turn|1\n|\n|t:|1776275719\n|detailschange|p1a: Blastoise|Blastoise-Mega, L50, F\n|-mega|p1a: Blastoise|Blastoise|Blastoisinite\n|move|p2a: Mudsdale|Protect|p2a: Mudsdale\n|-singleturn|p2a: Mudsdale|Protect\n|move|p1b: Maushold|Super Fang|p2b: Slowking\n|-damage|p2b: Slowking|50/100\n|move|p1a: Blastoise|Water Pulse|p2a: Mudsdale\n|-activate|p2a: Mudsdale|move: Protect\n|move|p2b: Slowking|Trick Room|p2b: Slowking\n|-fieldstart|move: Trick Room|[of] p2b: Slowking\n|\n|upkeep\n|turn|2\n|\n|t:|1776275738\n|move|p1a: Blastoise|Protect|p1a: Blastoise\n|-singleturn|p1a: Blastoise|Protect\n|move|p2b: Slowking|Swagger|p2a: Mudsdale\n|-boost|p2a: Mudsdale|atk|2\n|-immune|p2a: Mudsdale|confusion|[from] ability: Own Tempo\n|move|p2a: Mudsdale|Earthquake|p1a: Blastoise|[spread] p2b,p1b\n|-activate|p1a: Blastoise|move: Protect\n|-damage|p2b: Slowking|0 fnt\n|-damage|p1b: Maushold|0 fnt\n|faint|p2b: Slowking\n|faint|p1b: Maushold\n|\n|upkeep\n|\n|t:|1776275756\n|switch|p2b: Gardevoir|Gardevoir, L50, M|100/100\n|switch|p1b: Mudsdale|Mudsdale, L50, F|100/100\n|turn|3\n|\n|t:|1776275766\n|move|p2a: Mudsdale|Earthquake|p1a: Blastoise|[spread] p1a,p1b\n|-activate|p2b: Gardevoir|ability: Telepathy\n|-damage|p1a: Blastoise|35/100\n|-damage|p1b: Mudsdale|34/100\n|move|p1b: Mudsdale|Earthquake|p2b: Gardevoir|[spread] p1a,p2a,p2b\n|-damage|p1a: Blastoise|3/100\n|-damage|p2a: Mudsdale|61/100\n|-damage|p2b: Gardevoir|45/100\n|move|p1a: Blastoise|Water Pulse|p2a: Mudsdale\n|-supereffective|p2a: Mudsdale|1\n|-damage|p2a: Mudsdale|0 fnt\n|faint|p2a: Mudsdale\n|move|p2b: Gardevoir|Swagger|p2: Mudsdale|[notarget]\n|-fail|p2b: Gardevoir\n|\n|-heal|p1b: Mudsdale|40/100|[from] item: Leftovers\n|upkeep\n|\n|t:|1776275779\n|switch|p2a: Aerodactyl|Aerodactyl, L50, M|100/100\n|-ability|p2a: Aerodactyl|Unnerve\n|turn|4\n|\n|t:|1776275815\n|detailschange|p2b: Gardevoir|Gardevoir-Mega, L50, M\n|-mega|p2b: Gardevoir|Gardevoir|Gardevoirite\n|move|p2a: Aerodactyl|Protect|p2a: Aerodactyl\n|-singleturn|p2a: Aerodactyl|Protect\n|move|p1b: Mudsdale|Stone Edge|p2b: Gardevoir\n|-damage|p2b: Gardevoir|0 fnt\n|faint|p2b: Gardevoir\n|move|p1a: Blastoise|Water Pulse|p2a: Aerodactyl\n|-activate|p2a: Aerodactyl|move: Protect\n|\n|-heal|p1b: Mudsdale|45/100|[from] item: Leftovers\n|upkeep\n|turn|5\n|\n|t:|1776275827\n|move|p2a: Aerodactyl|Protect||[still]\n|-fail|p2a: Aerodactyl\n|move|p1b: Mudsdale|Stone Edge|p2a: Aerodactyl\n|-supereffective|p2a: Aerodactyl|1\n|-damage|p2a: Aerodactyl|4/100\n|move|p1a: Blastoise|Water Pulse|p2a: Aerodactyl\n|-supereffective|p2a: Aerodactyl|1\n|-damage|p2a: Aerodactyl|0 fnt\n|faint|p2a: Aerodactyl\n|\n|win|ROMIPLAYER\n|raw|ROMIPLAYER's rating: 1088 &rarr; <strong>1108</strong><br />(+20 for winning)\n|raw|ForretressLover39's rating: 1000 &rarr; <strong>1000</strong><br />(+0 for losing)\n|l|\u2606ForretressLover39\n|player|p2|\n",
  "uploadtime": 1776275844,
  "views": 16,
  "formatid": "gen9championsvgc2026regma",
  "rating": 1000,
  "private": 0,
  "password": null
}