{
  "id": "gen9championsvgc2026regma-2585910389",
  "format": "[Gen 9 Champions] VGC 2026 Reg M-A",
  "players": [
    "BringDaNoize",
    "Ruggio VGC"
  ],
  "log": "|j|\u2606BringDaNoize\n|j|\u2606Ruggio VGC\n|t:|1776380634\n|gametype|doubles\n|player|p1|BringDaNoize|guitarist-gen4|1397\n|player|p2|Ruggio VGC|cynthia|1306\n|gen|9\n|tier|[Gen 9 Champions] VGC 2026 Reg M-A\n|rated|\n|rule|Species Clause: Limit one of each Pok\u00e9mon\n|rule|Item Clause: Limit 1 of each item\n|clearpoke\n|poke|p1|Machamp, L50, M|\n|poke|p1|Slowbro, L50, M|\n|poke|p1|Incineroar, L50, M|\n|poke|p1|Sinistcha, L50|\n|poke|p1|Clefable, L50, F|\n|poke|p1|Excadrill, L50, F|\n|poke|p2|Farigiraf, L50, M|\n|poke|p2|Torkoal, L50, F|\n|poke|p2|Gardevoir, L50, F|\n|poke|p2|Incineroar, L50, F|\n|poke|p2|Sinistcha, L50|\n|poke|p2|Aggron, L50, M|\n|teampreview|4\n|inactive|Battle timer is ON: inactive players will automatically lose when time's up. (requested by Ruggio VGC)\n|j| TwistedGengar\n|inactive|BringDaNoize has 60 seconds left.\n|inactive|Ruggio VGC has 60 seconds left.\n|inactive|BringDaNoize has 30 seconds left.\n|inactive|BringDaNoize has 20 seconds left.\n|inactive|BringDaNoize has 15 seconds left.\n|inactive|BringDaNoize has 10 seconds left.\n|inactive|BringDaNoize has 5 seconds left.\n|\n|t:|1776380722\n|teamsize|p1|4\n|teamsize|p2|4\n|start\n|switch|p1a: Slowbro|Slowbro, L50, M|100/100\n|switch|p1b: Incineroar|Incineroar, L50, M|100/100\n|switch|p2a: Farigiraf|Farigiraf, L50, M|100/100\n|switch|p2b: Aggron|Aggron, L50, M|100/100\n|-ability|p1b: Incineroar|Intimidate|boost\n|-unboost|p2a: Farigiraf|atk|1\n|-unboost|p2b: Aggron|atk|1\n|turn|1\n|l| TwistedGengar\n|j| TwistedGengar\n|inactive|BringDaNoize has 30 seconds left.\n|inactive|Ruggio VGC has 30 seconds left.\n|inactive|Ruggio VGC has 20 seconds left.\n|inactive|Ruggio VGC has 15 seconds left.\n|\n|t:|1776380763\n|detailschange|p1a: Slowbro|Slowbro-Mega, L50, M\n|-mega|p1a: Slowbro|Slowbro|Slowbronite\n|move|p2a: Farigiraf|Hyper Voice|p1b: Incineroar|[spread] p1a,p1b\n|-damage|p1a: Slowbro|76/100\n|-damage|p1b: Incineroar|80/100\n|move|p1b: Incineroar|Parting Shot|p2a: Farigiraf\n|-unboost|p2a: Farigiraf|atk|1\n|-unboost|p2a: Farigiraf|spa|1\n|\n|t:|1776380770\n|switch|p1b: Machamp|Machamp, L50, M|100/100|[from] Parting Shot\n|move|p2b: Aggron|Rock Slide|p1a: Slowbro|[spread] p1a,p1b\n|-resisted|p1b: Machamp|1\n|-damage|p1a: Slowbro|67/100\n|-damage|p1b: Machamp|90/100\n|move|p1a: Slowbro|Scald|p2b: Aggron\n|-supereffective|p2b: Aggron|1\n|-ability|p2b: Aggron|Sturdy\n|-damage|p2b: Aggron|1/100\n|-status|p2b: Aggron|brn\n|\n|-damage|p2b: Aggron|0 fnt|[from] brn\n|faint|p2b: Aggron\n|upkeep\n|\n|t:|1776380789\n|switch|p2b: Gardevoir|Gardevoir, L50, F|100/100\n|turn|2\n|\n|t:|1776380798\n|detailschange|p2b: Gardevoir|Gardevoir-Mega, L50, F\n|-mega|p2b: Gardevoir|Gardevoir|Gardevoirite\n|move|p2a: Farigiraf|Helping Hand|p2b: Gardevoir\n|-singleturn|p2b: Gardevoir|Helping Hand|[of] p2a: Farigiraf\n|move|p1b: Machamp|Wide Guard|p1b: Machamp\n|-singleturn|p1b: Machamp|Wide Guard\n|move|p2b: Gardevoir|Hyper Voice|p1b: Machamp|[spread] \n|-activate|p1a: Slowbro|move: Wide Guard\n|-activate|p1b: Machamp|move: Wide Guard\n|move|p1a: Slowbro|Trick Room|p1a: Slowbro\n|-fieldstart|move: Trick Room|[of] p1a: Slowbro\n|\n|upkeep\n|turn|3\n|\n|t:|1776380822\n|switch|p2a: Torkoal|Torkoal, L50, F|100/100\n|-weather|SunnyDay|[from] ability: Drought|[of] p2a: Torkoal\n|move|p1a: Slowbro|Scald|p2a: Torkoal\n|-supereffective|p2a: Torkoal|1\n|-damage|p2a: Torkoal|50/100\n|move|p1b: Machamp|Cross Chop|p2a: Torkoal\n|-damage|p2a: Torkoal|16/100\n|move|p2b: Gardevoir|Moonblast|p1a: Slowbro\n|-damage|p1a: Slowbro|9/100\n|\n|-weather|SunnyDay|[upkeep]\n|upkeep\n|turn|4\n|inactive|BringDaNoize has 30 seconds left.\n|inactive|Ruggio VGC has 30 seconds left.\n|inactive|BringDaNoize has 20 seconds left.\n|inactive|BringDaNoize has 15 seconds left.\n|inactive|BringDaNoize has 10 seconds left.\n|inactive|BringDaNoize has 5 seconds left.\n|\n|t:|1776380874\n|switch|p1a: Incineroar|Incineroar, L50, M|80/100\n|-ability|p1a: Incineroar|Intimidate|boost\n|-unboost|p2a: Torkoal|atk|1\n|-unboost|p2b: Gardevoir|atk|1\n|move|p1b: Machamp|Bullet Punch|p2b: Gardevoir\n|-supereffective|p2b: Gardevoir|1\n|-crit|p2b: Gardevoir\n|-damage|p2b: Gardevoir|34/100\n|move|p2a: Torkoal|Solar Beam||[still]\n|-prepare|p2a: Torkoal|Solar Beam\n|-anim|p2a: Torkoal|Solar Beam|p1a: Incineroar\n|-resisted|p1a: Incineroar|1\n|-damage|p1a: Incineroar|69/100\n|move|p2b: Gardevoir|Moonblast|p1b: Machamp\n|-supereffective|p1b: Machamp|1\n|-damage|p1b: Machamp|0 fnt\n|faint|p1b: Machamp\n|\n|-weather|SunnyDay|[upkeep]\n|upkeep\n|inactive|BringDaNoize has 30 seconds left.\n|inactive|BringDaNoize has 20 seconds left.\n|\n|t:|1776380909\n|switch|p1b: Slowbro|Slowbro-Mega, L50, M|9/100\n|turn|5\n|\n|t:|1776380927\n|switch|p2b: Farigiraf|Farigiraf, L50, M|100/100\n|move|p2a: Torkoal|Solar Beam||[still]\n|-prepare|p2a: Torkoal|Solar Beam\n|-anim|p2a: Torkoal|Solar Beam|p1b: Slowbro\n|-supereffective|p1b: Slowbro|1\n|-damage|p1b: Slowbro|0 fnt\n|faint|p1b: Slowbro\n|move|p1a: Incineroar|Throat Chop|p2b: Farigiraf\n|-supereffective|p2b: Farigiraf|1\n|-damage|p2b: Farigiraf|49/100\n|-start|p2b: Farigiraf|Throat Chop|[silent]\n|-enditem|p2b: Farigiraf|Sitrus Berry|[eat]\n|-heal|p2b: Farigiraf|74/100|[from] item: Sitrus Berry\n|\n|-weather|SunnyDay|[upkeep]\n|upkeep\n|\n|t:|1776380936\n|switch|p1b: Excadrill|Excadrill, L50, F|100/100\n|-ability|p1b: Excadrill|Mold Breaker\n|turn|6\n|inactive|Ruggio VGC has 30 seconds left.\n|\n|t:|1776380964\n|move|p2b: Farigiraf|Helping Hand|p2a: Torkoal\n|-singleturn|p2a: Torkoal|Helping Hand|[of] p2b: Farigiraf\n|move|p1b: Excadrill|Protect|p1b: Excadrill\n|-singleturn|p1b: Excadrill|Protect\n|move|p2a: Torkoal|Solar Beam||[still]\n|-prepare|p2a: Torkoal|Solar Beam\n|-anim|p2a: Torkoal|Solar Beam|p1b: Excadrill\n|-activate|p1b: Excadrill|move: Protect\n|move|p1a: Incineroar|Throat Chop|p2b: Farigiraf\n|-supereffective|p2b: Farigiraf|1\n|-damage|p2b: Farigiraf|18/100\n|\n|-weather|SunnyDay|[upkeep]\n|-end|p2b: Farigiraf|Throat Chop|[silent]\n|-fieldend|move: Trick Room\n|upkeep\n|turn|7\n|\n|t:|1776380988\n|move|p1b: Excadrill|Earthquake|p2a: Torkoal|[spread] p1a,p2a,p2b\n|-supereffective|p1a: Incineroar|1\n|-supereffective|p2a: Torkoal|1\n|-damage|p1a: Incineroar|0 fnt\n|-damage|p2a: Torkoal|0 fnt\n|-damage|p2b: Farigiraf|0 fnt\n|faint|p1a: Incineroar\n|faint|p2a: Torkoal\n|faint|p2b: Farigiraf\n|\n|-weather|none\n|upkeep\n|\n|t:|1776380992\n|switch|p2b: Gardevoir|Gardevoir-Mega, L50, F|34/100\n|turn|8\n|\n|t:|1776381012\n|move|p2b: Gardevoir|Protect|p2b: Gardevoir\n|-singleturn|p2b: Gardevoir|Protect\n|move|p1b: Excadrill|Iron Head|p2b: Gardevoir\n|-activate|p2b: Gardevoir|move: Protect\n|\n|upkeep\n|turn|9\n|\n|t:|1776381036\n|move|p1b: Excadrill|Iron Head|p2b: Gardevoir\n|-supereffective|p2b: Gardevoir|1\n|-damage|p2b: Gardevoir|0 fnt\n|faint|p2b: Gardevoir\n|\n|win|BringDaNoize\n|raw|BringDaNoize's rating: 1397 &rarr; <strong>1412</strong><br />(+15 for winning)\n|raw|Ruggio VGC's rating: 1306 &rarr; <strong>1291</strong><br />(-15 for losing)\n|l|\u2606Ruggio VGC\n|player|p2|\n",
  "uploadtime": 1776381044,
  "views": 22,
  "formatid": "gen9championsvgc2026regma",
  "rating": 1291,
  "private": 0,
  "password": null
}