{
  "id": "gen9championsvgc2026regma-2583964653",
  "format": "[Gen 9 Champions] VGC 2026 Reg M-A",
  "players": [
    "lakeandbake",
    "ktblngdy"
  ],
  "log": "|j|\u203dlakeandbake\n|j|\u2606ktblngdy\n|t:|1776212390\n|gametype|doubles\n|player|p1|lakeandbake|iono-masters|1073\n|player|p2|ktblngdy|sage|1097\n|gen|9\n|tier|[Gen 9 Champions] VGC 2026 Reg M-A\n|rated|\n|rule|Species Clause: Limit one of each Pok\u00e9mon\n|rule|Item Clause: Limit 1 of each item\n|clearpoke\n|poke|p1|Sneasler, L50, M|\n|poke|p1|Meganium, L50, M|\n|poke|p1|Excadrill, L50, F|\n|poke|p1|Tyranitar, L50, M|\n|poke|p1|Dragapult, L50, M|\n|poke|p1|Rotom-Wash, L50|\n|poke|p2|Starmie, L50|\n|poke|p2|Gallade, L50, M|\n|poke|p2|Decidueye-Hisui, L50, F|\n|poke|p2|Raichu, L50, F|\n|poke|p2|Empoleon, L50, M|\n|poke|p2|Tauros, L50, M|\n|teampreview|4\n|inactive|Battle timer is ON: inactive players will automatically lose when time's up. (requested by lakeandbake)\n|\n|t:|1776212422\n|teamsize|p1|4\n|teamsize|p2|4\n|start\n|switch|p1a: Meganium|Meganium, L50, M|100/100\n|switch|p1b: Sneasler|Sneasler, L50, M|100/100\n|switch|p2a: Gallade|Gallade, L50, M|100/100\n|switch|p2b: Decidueye|Decidueye-Hisui, L50, F|100/100\n|turn|1\n|inactive|lakeandbake has 30 seconds left.\n|\n|t:|1776212454\n|detailschange|p2a: Gallade|Gallade-Mega, L50, M\n|-mega|p2a: Gallade|Gallade|Galladite\n|detailschange|p1a: Meganium|Meganium-Mega, L50, M\n|-mega|p1a: Meganium|Meganium|Meganiumite\n|move|p1b: Sneasler|Fake Out|p2a: Gallade\n|-damage|p2a: Gallade|84/100\n|move|p2a: Gallade|Zen Headbutt|p1b: Sneasler\n|-supereffective|p1b: Sneasler|2\n|-damage|p1b: Sneasler|0 fnt\n|faint|p1b: Sneasler\n|move|p2b: Decidueye|Triple Arrows|p1a: Meganium\n|-resisted|p1a: Meganium|1\n|-crit|p1a: Meganium\n|-damage|p1a: Meganium|80/100\n|move|p1a: Meganium|Dazzling Gleam|p2b: Decidueye|[spread] p2a,p2b\n|-supereffective|p2a: Gallade|1\n|-supereffective|p2b: Decidueye|1\n|-damage|p2a: Gallade|10/100\n|-damage|p2b: Decidueye|35/100\n|\n|upkeep\n|\n|t:|1776212469\n|switch|p1b: Dragapult|Dragapult, L50, M|100/100\n|turn|2\n|\n|t:|1776212484\n|switch|p1a: Rotom|Rotom-Wash, L50|100/100\n|move|p2b: Decidueye|Protect|p2b: Decidueye\n|-singleturn|p2b: Decidueye|Protect\n|move|p2a: Gallade|Shadow Sneak|p1b: Dragapult\n|-supereffective|p1b: Dragapult|1\n|-enditem|p1b: Dragapult|Kasib Berry|[eat]\n|-enditem|p1b: Dragapult|Kasib Berry|[weaken]\n|-damage|p1b: Dragapult|74/100\n|move|p1b: Dragapult|Dragon Darts|p2a: Gallade\n|-damage|p2a: Gallade|0 fnt\n|faint|p2a: Gallade\n|\n|upkeep\n|\n|t:|1776212498\n|switch|p2a: Tauros|Tauros, L50, M|100/100\n|-ability|p2a: Tauros|Intimidate|boost\n|-unboost|p1a: Rotom|atk|1\n|-fail|p1b: Dragapult|unboost|[from] ability: Clear Body|[of] p1b: Dragapult\n|turn|3\n|\n|t:|1776212511\n|move|p1b: Dragapult|Protect|p1b: Dragapult\n|-singleturn|p1b: Dragapult|Protect\n|move|p2a: Tauros|Icy Wind|p1b: Dragapult|[spread] p1a\n|-activate|p1b: Dragapult|move: Protect\n|-resisted|p1a: Rotom|1\n|-damage|p1a: Rotom|99/100\n|-unboost|p1a: Rotom|spe|1\n|move|p2b: Decidueye|Coaching|p2a: Tauros\n|-boost|p2a: Tauros|atk|1\n|-boost|p2a: Tauros|def|1\n|move|p1a: Rotom|Volt Switch|p2a: Tauros\n|-damage|p2a: Tauros|60/100\n|\n|t:|1776212523\n|switch|p1a: Meganium|Meganium-Mega, L50, M|80/100|[from] Volt Switch\n|\n|-heal|p2a: Tauros|66/100|[from] item: Leftovers\n|upkeep\n|turn|4\n|\n|t:|1776212538\n|move|p2a: Tauros|Protect|p2a: Tauros\n|-singleturn|p2a: Tauros|Protect\n|move|p1b: Dragapult|Dragon Darts|p2b: Decidueye\n|-damage|p2b: Decidueye|7/100\n|-anim|p1b: Dragapult|Dragon Darts|p2b: Decidueye\n|-damage|p2b: Decidueye|0 fnt\n|faint|p2b: Decidueye\n|move|p1a: Meganium|Weather Ball|p2a: Tauros\n|-activate|p2a: Tauros|move: Protect\n|\n|-heal|p2a: Tauros|72/100|[from] item: Leftovers\n|upkeep\n|\n|t:|1776212545\n|switch|p2b: Raichu|Raichu, L50, F|100/100\n|turn|5\n|\n|t:|1776212557\n|switch|p1a: Rotom|Rotom-Wash, L50|99/100\n|move|p2b: Raichu|Fake Out|p1a: Rotom\n|-damage|p1a: Rotom|89/100\n|move|p1b: Dragapult|Will-O-Wisp|p2a: Tauros|[miss]\n|-miss|p1b: Dragapult|p2a: Tauros\n|move|p2a: Tauros|Rock Slide|p1b: Dragapult|[spread] p1a,p1b\n|-damage|p1a: Rotom|67/100\n|-damage|p1b: Dragapult|45/100\n|\n|-heal|p2a: Tauros|79/100|[from] item: Leftovers\n|upkeep\n|turn|6\n|\n|t:|1776212577\n|move|p1b: Dragapult|Dragon Darts|p2a: Tauros\n|-damage|p2a: Tauros|61/100\n|-anim|p1b: Dragapult|Dragon Darts|p2b: Raichu\n|-damage|p2b: Raichu|60/100\n|move|p2b: Raichu|Nuzzle|p1b: Dragapult\n|-resisted|p1b: Dragapult|1\n|-damage|p1b: Dragapult|41/100\n|-status|p1b: Dragapult|par\n|move|p2a: Tauros|Trailblaze|p1a: Rotom\n|-supereffective|p1a: Rotom|1\n|-damage|p1a: Rotom|30/100\n|-boost|p2a: Tauros|spe|1\n|-enditem|p1a: Rotom|Sitrus Berry|[eat]\n|-heal|p1a: Rotom|55/100|[from] item: Sitrus Berry\n|move|p1a: Rotom|Thunderbolt|p2b: Raichu\n|-activate|p2b: Raichu|ability: Lightning Rod\n|-ability|p2b: Raichu|Lightning Rod|boost\n|-boost|p2b: Raichu|spa|1\n|\n|-heal|p2a: Tauros|68/100|[from] item: Leftovers\n|upkeep\n|turn|7\n|inactive|lakeandbake has 30 seconds left.\n|\n|t:|1776212607\n|move|p2a: Tauros|Rock Slide|p1b: Dragapult|[spread] p1a,p1b\n|-damage|p1a: Rotom|33/100\n|-damage|p1b: Dragapult|13/100 par\n|move|p2b: Raichu|Nuzzle|p1a: Rotom\n|-damage|p1a: Rotom|25/100\n|move|p1a: Rotom|Hydro Pump|p2b: Raichu\n|-damage|p2b: Raichu|2/100\n|move|p1b: Dragapult|Will-O-Wisp|p2a: Tauros\n|-status|p2a: Tauros|brn\n|\n|-heal|p2a: Tauros|74/100 brn|[from] item: Leftovers\n|-damage|p2a: Tauros|68/100 brn|[from] brn\n|upkeep\n|turn|8\n|\n|t:|1776212628\n|cant|p1b: Dragapult|par\n|move|p2a: Tauros|Rock Slide|p1b: Dragapult|[spread] p1a,p1b\n|-damage|p1a: Rotom|15/100\n|-damage|p1b: Dragapult|0 fnt\n|faint|p1b: Dragapult\n|move|p2b: Raichu|Encore|p1a: Rotom\n|-start|p1a: Rotom|Encore\n|cant|p1a: Rotom|flinch\n|\n|-heal|p2a: Tauros|74/100 brn|[from] item: Leftovers\n|-damage|p2a: Tauros|68/100 brn|[from] brn\n|upkeep\n|\n|t:|1776212641\n|switch|p1b: Meganium|Meganium-Mega, L50, M|80/100\n|turn|9\n|\n|t:|1776212650\n|move|p2a: Tauros|Rock Slide|p1b: Meganium|[spread] p1a,p1b\n|-damage|p1a: Rotom|4/100\n|-damage|p1b: Meganium|72/100\n|move|p2b: Raichu|Nuzzle|p1b: Meganium\n|-resisted|p1b: Meganium|1\n|-damage|p1b: Meganium|68/100\n|-status|p1b: Meganium|par\n|cant|p1a: Rotom|flinch\n|move|p1b: Meganium|Dazzling Gleam|p2b: Raichu|[spread] p2a,p2b\n|-damage|p2a: Tauros|20/100 brn\n|-damage|p2b: Raichu|0 fnt\n|faint|p2b: Raichu\n|\n|-heal|p2a: Tauros|26/100 brn|[from] item: Leftovers\n|-damage|p2a: Tauros|20/100 brn|[from] brn\n|upkeep\n|turn|10\n|\n|t:|1776212669\n|move|p2a: Tauros|Rock Slide|p1b: Meganium|[spread] p1a,p1b\n|-damage|p1a: Rotom|0 fnt\n|-damage|p1b: Meganium|59/100 par\n|faint|p1a: Rotom\n|move|p1b: Meganium|Dazzling Gleam|p2a: Tauros\n|-damage|p2a: Tauros|0 fnt\n|faint|p2a: Tauros\n|\n|win|lakeandbake\n|raw|lakeandbake's rating: 1073 &rarr; <strong>1104</strong><br />(+31 for winning)\n|raw|ktblngdy's rating: 1097 &rarr; <strong>1071</strong><br />(-26 for losing)\n",
  "uploadtime": 1776212670,
  "views": 15,
  "formatid": "gen9championsvgc2026regma",
  "rating": 1071,
  "private": 0,
  "password": null
}