{
  "id": "gen9championsvgc2026regma-2583226141",
  "format": "[Gen 9 Champions] VGC 2026 Reg M-A",
  "players": [
    "kantinevgc",
    "Macelo-12"
  ],
  "log": "|j|\u2606kantinevgc\n|j|\u2606Macelo-12\n|t:|1776156856\n|gametype|doubles\n|player|p1|kantinevgc|roughneck-gen4|1253\n|player|p2|Macelo-12|hilbert-wonderlauncher|1183\n|gen|9\n|tier|[Gen 9 Champions] VGC 2026 Reg M-A\n|rated|\n|rule|Species Clause: Limit one of each Pok\u00e9mon\n|rule|Item Clause: Limit 1 of each item\n|clearpoke\n|poke|p1|Chesnaught, L50, M|\n|poke|p1|Slowking-Galar, L50, F|\n|poke|p1|Incineroar, L50, M|\n|poke|p1|Ninetales-Alola, L50, F|\n|poke|p1|Kleavor, L50, M|\n|poke|p1|Aegislash, L50, M|\n|poke|p2|Tyranitar, L50, F|\n|poke|p2|Excadrill, L50, F|\n|poke|p2|Garchomp, L50, F|\n|poke|p2|Talonflame, L50, F|\n|poke|p2|Sneasler, L50, M|\n|poke|p2|Rotom-Wash, L50|\n|teampreview|4\n|inactive|Battle timer is ON: inactive players will automatically lose when time's up. (requested by Macelo-12)\nMacelo-12 rejected open team sheets.\n|\n|t:|1776156871\n|teamsize|p1|4\n|teamsize|p2|4\n|start\n|switch|p1a: Kleavor|Kleavor, L50, M|100/100\n|switch|p1b: Incineroar|Incineroar, L50, M|100/100\n|switch|p2a: Sneasler|Sneasler, L50, M|100/100\n|switch|p2b: Garchomp|Garchomp, L50, F|100/100\n|-ability|p1b: Incineroar|Intimidate|boost\n|-unboost|p2a: Sneasler|atk|1\n|-unboost|p2b: Garchomp|atk|1\n|-enditem|p2a: Sneasler|White Herb\n|-clearnegativeboost|p2a: Sneasler|[silent]\n|turn|1\n|\n|t:|1776156886\n|switch|p1b: Chesnaught|Chesnaught, L50, M|100/100\n|move|p2a: Sneasler|Fake Out|p1b: Chesnaught\n|-damage|p1b: Chesnaught|91/100\n|move|p1a: Kleavor|X-Scissor|p2b: Garchomp\n|-damage|p2b: Garchomp|32/100\n|move|p2b: Garchomp|Swords Dance|p2b: Garchomp\n|-boost|p2b: Garchomp|atk|2\n|\n|upkeep\n|turn|2\n|\n|t:|1776156909\n|switch|p2a: Tyranitar|Tyranitar, L50, F|100/100\n|-weather|Sandstorm|[from] ability: Sand Stream|[of] p2a: Tyranitar\n|detailschange|p1b: Chesnaught|Chesnaught-Mega, L50, M\n|-mega|p1b: Chesnaught|Chesnaught|Chesnaughtite\n|move|p1b: Chesnaught|Spiky Shield|p1b: Chesnaught\n|-singleturn|p1b: Chesnaught|move: Protect\n|move|p1a: Kleavor|X-Scissor|p2b: Garchomp\n|-damage|p2b: Garchomp|0 fnt\n|faint|p2b: Garchomp\n|\n|-weather|Sandstorm|[upkeep]\n|-damage|p1b: Chesnaught|85/100|[from] Sandstorm\n|upkeep\n|\n|t:|1776156922\n|switch|p2b: Excadrill|Excadrill, L50, F|100/100\n|turn|3\n|\n|t:|1776156931\n|switch|p1a: Incineroar|Incineroar, L50, M|100/100\n|-ability|p1a: Incineroar|Intimidate|boost\n|-unboost|p2a: Tyranitar|atk|1\n|-unboost|p2b: Excadrill|atk|1\n|detailschange|p2a: Tyranitar|Tyranitar-Mega, L50, F\n|-mega|p2a: Tyranitar|Tyranitar|Tyranitarite\n|move|p2b: Excadrill|Rock Slide|p1b: Chesnaught|[spread] p1a,p1b\n|-supereffective|p1a: Incineroar|1\n|-resisted|p1b: Chesnaught|1\n|-damage|p1a: Incineroar|74/100\n|-damage|p1b: Chesnaught|81/100\n|move|p2a: Tyranitar|Rock Slide|p1a: Incineroar|[spread] p1a,p1b\n|-supereffective|p1a: Incineroar|1\n|-resisted|p1b: Chesnaught|1\n|-damage|p1a: Incineroar|31/100\n|-damage|p1b: Chesnaught|76/100\n|-enditem|p1a: Incineroar|Sitrus Berry|[eat]\n|-heal|p1a: Incineroar|56/100|[from] item: Sitrus Berry\n|cant|p1b: Chesnaught|flinch\n|\n|-weather|Sandstorm|[upkeep]\n|-damage|p1a: Incineroar|50/100|[from] Sandstorm\n|-damage|p1b: Chesnaught|70/100|[from] Sandstorm\n|upkeep\n|turn|4\n|\n|t:|1776156950\n|switch|p2a: Sneasler|Sneasler, L50, M|100/100\n|switch|p1a: Ninetales|Ninetales-Alola, L50, F|100/100\n|-weather|Snowscape|[from] ability: Snow Warning|[of] p1a: Ninetales\n|move|p2b: Excadrill|Rock Slide|p1a: Ninetales|[spread] p1a,p1b\n|-supereffective|p1a: Ninetales|1\n|-resisted|p1b: Chesnaught|1\n|-damage|p1a: Ninetales|71/100\n|-damage|p1b: Chesnaught|66/100\n|cant|p1b: Chesnaught|flinch\n|\n|-weather|Snowscape|[upkeep]\n|upkeep\n|turn|5\n|\n|t:|1776156972\n|switch|p1a: Incineroar|Incineroar, L50, M|50/100\n|-ability|p1a: Incineroar|Intimidate|boost\n|-unboost|p2a: Sneasler|atk|1\n|-unboost|p2b: Excadrill|atk|1\n|switch|p2a: Tyranitar|Tyranitar-Mega, L50, F|100/100\n|-weather|Sandstorm|[from] ability: Sand Stream|[of] p2a: Tyranitar\n|move|p2b: Excadrill|Iron Head|p1a: Incineroar\n|-resisted|p1a: Incineroar|1\n|-damage|p1a: Incineroar|39/100\n|move|p1b: Chesnaught|Leech Seed|p2b: Excadrill\n|-start|p2b: Excadrill|move: Leech Seed\n|\n|-weather|Sandstorm|[upkeep]\n|-damage|p1a: Incineroar|33/100|[from] Sandstorm\n|-damage|p1b: Chesnaught|60/100|[from] Sandstorm\n|-damage|p2b: Excadrill|88/100|[from] Leech Seed|[of] p1b: Chesnaught\n|-heal|p1b: Chesnaught|72/100|[silent]\n|upkeep\n|turn|6\n|\n|t:|1776156990\n|switch|p2b: Sneasler|Sneasler, L50, M|100/100\n|switch|p1a: Ninetales|Ninetales-Alola, L50, F|71/100\n|-weather|Snowscape|[from] ability: Snow Warning|[of] p1a: Ninetales\n|move|p2a: Tyranitar|Dragon Dance|p2a: Tyranitar\n|-boost|p2a: Tyranitar|atk|1\n|-boost|p2a: Tyranitar|spe|1\n|move|p1b: Chesnaught|Body Press|p2a: Tyranitar\n|-supereffective|p2a: Tyranitar|2\n|-damage|p2a: Tyranitar|0 fnt\n|faint|p2a: Tyranitar\n|\n|-weather|Snowscape|[upkeep]\n|upkeep\n|\n|t:|1776157003\n|switch|p2a: Excadrill|Excadrill, L50, F|88/100\n|turn|7\n|\n|t:|1776157013\n|switch|p1a: Incineroar|Incineroar, L50, M|33/100\n|-ability|p1a: Incineroar|Intimidate|boost\n|-unboost|p2a: Excadrill|atk|1\n|-unboost|p2b: Sneasler|atk|1\n|move|p1b: Chesnaught|Spiky Shield|p1b: Chesnaught\n|-singleturn|p1b: Chesnaught|move: Protect\n|move|p2b: Sneasler|Dire Claw|p1b: Chesnaught\n|-activate|p1b: Chesnaught|move: Protect\n|-damage|p2b: Sneasler|88/100|[from] Spiky Shield|[of] p1b: Chesnaught\n|move|p2a: Excadrill|Rock Slide|p1b: Chesnaught|[spread] p1a\n|-activate|p1b: Chesnaught|move: Protect\n|-supereffective|p1a: Incineroar|1\n|-damage|p1a: Incineroar|7/100\n|\n|-weather|Snowscape|[upkeep]\n|upkeep\n|turn|8\n|\n|t:|1776157033\n|switch|p1a: Ninetales|Ninetales-Alola, L50, F|71/100\n|move|p2b: Sneasler|Dire Claw|p1a: Ninetales\n|-supereffective|p1a: Ninetales|1\n|-damage|p1a: Ninetales|13/100\n|move|p2a: Excadrill|Rock Slide|p1b: Chesnaught|[spread] p1a,p1b\n|-supereffective|p1a: Ninetales|1\n|-resisted|p1b: Chesnaught|1\n|-damage|p1a: Ninetales|0 fnt\n|-damage|p1b: Chesnaught|69/100\n|faint|p1a: Ninetales\n|move|p1b: Chesnaught|Body Press|p2a: Excadrill\n|-supereffective|p2a: Excadrill|1\n|-damage|p2a: Excadrill|0 fnt\n|faint|p2a: Excadrill\n|\n|-weather|Snowscape|[upkeep]\n|upkeep\n|\n|t:|1776157043\n|switch|p1a: Incineroar|Incineroar, L50, M|7/100\n|-ability|p1a: Incineroar|Intimidate|boost\n|-unboost|p2b: Sneasler|atk|1\n|turn|9\n|\n|t:|1776157052\n|switch|p1a: Kleavor|Kleavor, L50, M|100/100\n|move|p2b: Sneasler|Dire Claw|p1a: Kleavor\n|-resisted|p1a: Kleavor|1\n|-crit|p1a: Kleavor\n|-damage|p1a: Kleavor|58/100\n|-status|p1a: Kleavor|slp\n|move|p1b: Chesnaught|Leech Seed|p2b: Sneasler\n|-start|p2b: Sneasler|move: Leech Seed\n|\n|-weather|Snowscape|[upkeep]\n|-damage|p2b: Sneasler|76/100|[from] Leech Seed|[of] p1b: Chesnaught\n|-heal|p1b: Chesnaught|78/100|[silent]\n|upkeep\n|turn|10\n|\n|t:|1776157063\n|move|p1b: Chesnaught|Spiky Shield|p1b: Chesnaught\n|-singleturn|p1b: Chesnaught|move: Protect\n|cant|p1a: Kleavor|slp\n|move|p2b: Sneasler|Dire Claw|p1b: Chesnaught\n|-activate|p1b: Chesnaught|move: Protect\n|-damage|p2b: Sneasler|64/100|[from] Spiky Shield|[of] p1b: Chesnaught\n|\n|-weather|none\n|-damage|p2b: Sneasler|51/100|[from] Leech Seed|[of] p1b: Chesnaught\n|-heal|p1b: Chesnaught|88/100|[silent]\n|upkeep\n|turn|11\n|-message|Macelo-12 forfeited.\n|\n|win|kantinevgc\n|raw|kantinevgc's rating: 1253 &rarr; <strong>1273</strong><br />(+20 for winning)\n|raw|Macelo-12's rating: 1183 &rarr; <strong>1163</strong><br />(-20 for losing)\n|l|\u2606Macelo-12\n|player|p2|\n",
  "uploadtime": 1776157072,
  "views": 31,
  "formatid": "gen9championsvgc2026regma",
  "rating": 1163,
  "private": 0,
  "password": null
}