{
  "id": "gen9championsvgc2026regma-2581399444",
  "format": "[Gen 9 Champions] VGC 2026 Reg M-A",
  "players": [
    "RazzvyBerry",
    "GoatSixSevenn"
  ],
  "log": "|j|\u2606RazzvyBerry\n|j|\u2606GoatSixSevenn\n|t:|1775996351\n|gametype|doubles\n|player|p1|RazzvyBerry|harlequin|1216\n|player|p2|GoatSixSevenn|unknown|1118\n|gen|9\n|tier|[Gen 9 Champions] VGC 2026 Reg M-A\n|rated|\n|rule|Species Clause: Limit one of each Pok\u00e9mon\n|rule|Item Clause: Limit 1 of each item\n|clearpoke\n|poke|p1|Azumarill, L50, M|\n|poke|p1|Froslass, L50, F|\n|poke|p1|Sinistcha, L50|\n|poke|p1|Incineroar, L50, F|\n|poke|p1|Sneasler, L50, M|\n|poke|p1|Aerodactyl, L50, F|\n|poke|p2|Blastoise, L50, M|\n|poke|p2|Basculegion, L50, M|\n|poke|p2|Archaludon, L50, M|\n|poke|p2|Farigiraf, L50, M|\n|poke|p2|Sneasler, L50, F|\n|poke|p2|Kingambit, L50, F|\n|teampreview|4\n|inactive|Battle timer is ON: inactive players will automatically lose when time's up. (requested by GoatSixSevenn)\n|inactive|RazzvyBerry has 60 seconds left.\n|inactive|RazzvyBerry has 30 seconds left.\n|inactive|RazzvyBerry has 20 seconds left.\n|\n|t:|1775996476\n|teamsize|p1|4\n|teamsize|p2|4\n|start\n|switch|p1a: Azumarill|Azumarill, L50, M|100/100\n|switch|p1b: Sinistcha|Sinistcha, L50|100/100\n|switch|p2a: Farigiraf|Farigiraf, L50, M|100/100\n|switch|p2b: Sneasler|Sneasler, L50, F|100/100\n|turn|1\n|inactive|RazzvyBerry has 30 seconds left.\n|inactive|GoatSixSevenn has 30 seconds left.\n|inactive|RazzvyBerry has 20 seconds left.\n|\n|t:|1775996512\n|move|p1b: Sinistcha|Protect|p1b: Sinistcha\n|-singleturn|p1b: Sinistcha|Protect\n|move|p1a: Azumarill|Protect|p1a: Azumarill\n|-singleturn|p1a: Azumarill|Protect\n|move|p2b: Sneasler|Dire Claw|p1a: Azumarill\n|-activate|p1a: Azumarill|move: Protect\n|move|p2a: Farigiraf|Trick Room|p2a: Farigiraf\n|-fieldstart|move: Trick Room|[of] p2a: Farigiraf\n|\n|upkeep\n|turn|2\n|inactive|RazzvyBerry has 30 seconds left.\n|inactive|RazzvyBerry has 20 seconds left.\n|inactive|RazzvyBerry has 15 seconds left.\n|inactive|RazzvyBerry has 10 seconds left.\n|\n|t:|1775996561\n|move|p2a: Farigiraf|Helping Hand|p2b: Sneasler\n|-singleturn|p2b: Sneasler|Helping Hand|[of] p2a: Farigiraf\n|move|p1a: Azumarill|Play Rough|p2b: Sneasler|[miss]\n|-miss|p1a: Azumarill|p2b: Sneasler\n|move|p1b: Sinistcha|Matcha Gotcha|p2a: Farigiraf|[spread] p2a,p2b\n|-resisted|p2b: Sneasler|1\n|-damage|p2a: Farigiraf|78/100\n|-damage|p2b: Sneasler|81/100\n|move|p2b: Sneasler|U-turn|p1b: Sinistcha\n|-crit|p1b: Sinistcha\n|-damage|p1b: Sinistcha|26/100\n|\n|t:|1775996579\n|switch|p2b: Archaludon|Archaludon, L50, M|100/100|[from] U-turn\n|\n|upkeep\n|turn|3\n|c|\u2606RazzvyBerry|Thank you John game freak for making play rough 90%\n|inactive|RazzvyBerry has 30 seconds left.\n|inactive|RazzvyBerry has 20 seconds left.\n|\n|t:|1775996616\n|move|p1b: Sinistcha|Rage Powder|p1b: Sinistcha\n|-singleturn|p1b: Sinistcha|move: Rage Powder\n|move|p2a: Farigiraf|Rain Dance|p2a: Farigiraf\n|-weather|RainDance\n|move|p1a: Azumarill|Belly Drum|p1a: Azumarill\n|-damage|p1a: Azumarill|50/100\n|-setboost|p1a: Azumarill|atk|6|[from] move: Belly Drum\n|-enditem|p1a: Azumarill|Sitrus Berry|[eat]\n|-heal|p1a: Azumarill|75/100|[from] item: Sitrus Berry\n|move|p2b: Archaludon|Electro Shot||[still]\n|-prepare|p2b: Archaludon|Electro Shot\n|-boost|p2b: Archaludon|spa|1\n|-anim|p2b: Archaludon|Electro Shot|p1b: Sinistcha\n|-resisted|p1b: Sinistcha|1\n|-damage|p1b: Sinistcha|0 fnt\n|faint|p1b: Sinistcha\n|\n|-weather|RainDance|[upkeep]\n|upkeep\n|inactive|RazzvyBerry has 30 seconds left.\n|inactive|RazzvyBerry has 20 seconds left.\n|inactive|RazzvyBerry has 15 seconds left.\n|\n|t:|1775996659\n|switch|p1b: Sneasler|Sneasler, L50, M|100/100\n|turn|4\n|inactive|RazzvyBerry has 30 seconds left.\n|\n|t:|1775996689\n|move|p2a: Farigiraf|Helping Hand|p2b: Archaludon\n|-singleturn|p2b: Archaludon|Helping Hand|[of] p2a: Farigiraf\n|move|p1a: Azumarill|Play Rough|p2b: Archaludon\n|-damage|p2b: Archaludon|0 fnt\n|faint|p2b: Archaludon\n|move|p1b: Sneasler|Close Combat|p2a: Farigiraf\n|-damage|p2a: Farigiraf|21/100\n|-unboost|p1b: Sneasler|def|1\n|-unboost|p1b: Sneasler|spd|1\n|-enditem|p1b: Sneasler|White Herb\n|-clearnegativeboost|p1b: Sneasler|[silent]\n|\n|-weather|RainDance|[upkeep]\n|upkeep\n|\n|t:|1775996703\n|switch|p2b: Blastoise|Blastoise, L50, M|100/100\n|turn|5\n|\n|t:|1775996725\n|detailschange|p2b: Blastoise|Blastoise-Mega, L50, M\n|-mega|p2b: Blastoise|Blastoise|Blastoisinite\n|move|p2a: Farigiraf|Helping Hand|p2b: Blastoise\n|-singleturn|p2b: Blastoise|Helping Hand|[of] p2a: Farigiraf\n|move|p1a: Azumarill|Play Rough|p2b: Blastoise\n|-damage|p2b: Blastoise|0 fnt\n|faint|p2b: Blastoise\n|move|p1b: Sneasler|Dire Claw|p2a: Farigiraf\n|-damage|p2a: Farigiraf|0 fnt\n|faint|p2a: Farigiraf\n|\n|-weather|RainDance|[upkeep]\n|-fieldend|move: Trick Room\n|upkeep\n|\n|t:|1775996735\n|switch|p2b: Sneasler|Sneasler, L50, F|81/100\n|turn|6\n|\n|t:|1775996752\n|move|p1a: Azumarill|Aqua Jet|p2b: Sneasler\n|-crit|p2b: Sneasler\n|-damage|p2b: Sneasler|0 fnt\n|faint|p2b: Sneasler\n|\n|win|RazzvyBerry\n|raw|RazzvyBerry's rating: 1216 &rarr; <strong>1234</strong><br />(+18 for winning)\n|raw|GoatSixSevenn's rating: 1118 &rarr; <strong>1100</strong><br />(-18 for losing)\n|l|\u2606GoatSixSevenn\n|player|p2|\n",
  "uploadtime": 1775996761,
  "views": 22,
  "formatid": "gen9championsvgc2026regma",
  "rating": 1100,
  "private": 0,
  "password": null
}