{
  "id": "gen9championsvgc2026regma-2585121212",
  "format": "[Gen 9 Champions] VGC 2026 Reg M-A",
  "players": [
    "TonyMacaroni5678",
    "eexxcceell"
  ],
  "log": "|j|\u2606TonyMacaroni5678\n|j|\u2606eexxcceell\n|t:|1776314233\n|gametype|doubles\n|player|p1|TonyMacaroni5678|101|1088\n|player|p2|eexxcceell|nate|1000\n|gen|9\n|tier|[Gen 9 Champions] VGC 2026 Reg M-A\n|rated|\n|rule|Species Clause: Limit one of each Pok\u00e9mon\n|rule|Item Clause: Limit 1 of each item\n|clearpoke\n|poke|p1|Glimmora, L50, M|\n|poke|p1|Decidueye-Hisui, L50, F|\n|poke|p1|Palafin, L50, M|\n|poke|p1|Ninetales-Alola, L50, M|\n|poke|p1|Whimsicott, L50, M|\n|poke|p1|Arcanine-Hisui, L50, M|\n|poke|p2|Charizard, L50, M|\n|poke|p2|Tyranitar, L50, M|\n|poke|p2|Garchomp, L50, F|\n|poke|p2|Sneasler, L50, M|\n|poke|p2|Whimsicott, L50, F|\n|poke|p2|Sinistcha, L50|\n|teampreview|4\n|inactive|Battle timer is ON: inactive players will automatically lose when time's up. (requested by TonyMacaroni5678)\n|inactive|TonyMacaroni5678 has 60 seconds left.\nTonyMacaroni5678 has agreed to open team sheets.\n|\n|t:|1776314281\n|teamsize|p1|4\n|teamsize|p2|4\n|start\n|switch|p1a: Whimsicott|Whimsicott, L50, M|100/100\n|switch|p1b: Palafin|Palafin, L50, M|100/100\n|switch|p2a: Charizard|Charizard, L50, M|100/100\n|switch|p2b: Whimsicott|Whimsicott, L50, F|100/100\n|turn|1\n|inactive|TonyMacaroni5678 has 30 seconds left.\n|\n|t:|1776314307\n|detailschange|p2a: Charizard|Charizard-Mega-Y, L50, M\n|-mega|p2a: Charizard|Charizard|Charizardite Y\n|-weather|SunnyDay|[from] ability: Drought|[of] p2a: Charizard\n|move|p1b: Palafin|Protect|p1b: Palafin\n|-singleturn|p1b: Palafin|Protect\n|move|p1a: Whimsicott|Tailwind|p1a: Whimsicott\n|-sidestart|p1: TonyMacaroni5678|move: Tailwind\n|move|p2b: Whimsicott|Tailwind|p2b: Whimsicott\n|-sidestart|p2: eexxcceell|move: Tailwind\n|move|p2a: Charizard|Heat Wave|p1b: Palafin|[spread] p1a\n|-activate|p1b: Palafin|move: Protect\n|-supereffective|p1a: Whimsicott|1\n|-enditem|p1a: Whimsicott|Focus Sash\n|-damage|p1a: Whimsicott|1/100\n|\n|-weather|SunnyDay|[upkeep]\n|upkeep\n|turn|2\n|inactive|TonyMacaroni5678 has 30 seconds left.\n|inactive|eexxcceell has 30 seconds left.\n|inactive|TonyMacaroni5678 has 20 seconds left.\n|inactive|TonyMacaroni5678 has 15 seconds left.\n|inactive|eexxcceell has 20 seconds left.\n|\n|t:|1776314351\n|move|p1a: Whimsicott|Encore|p2b: Whimsicott\n|-start|p2b: Whimsicott|Encore\n|move|p2b: Whimsicott|Tailwind||[still]\n|-fail|p2b: Whimsicott\n|move|p2a: Charizard|Heat Wave|p1a: Whimsicott|[spread] p1a,p1b\n|-supereffective|p1a: Whimsicott|1\n|-resisted|p1b: Palafin|1\n|-damage|p1a: Whimsicott|0 fnt\n|-damage|p1b: Palafin|50/100\n|-enditem|p1b: Palafin|Sitrus Berry|[eat]\n|-heal|p1b: Palafin|75/100|[from] item: Sitrus Berry\n|faint|p1a: Whimsicott\n|move|p1b: Palafin|Flip Turn|p2a: Charizard\n|-supereffective|p2a: Charizard|1\n|-crit|p2a: Charizard\n|-damage|p2a: Charizard|53/100\n|\n|t:|1776314360\n|detailschange|p1b: Palafin|Palafin-Hero, L50, M\n|switch|p1b: Ninetales|Ninetales-Alola, L50, M|100/100|[from] Flip Turn\n|-weather|Snowscape|[from] ability: Snow Warning|[of] p1b: Ninetales\n|\n|-weather|Snowscape|[upkeep]\n|upkeep\n|\n|t:|1776314367\n|switch|p1a: Palafin|Palafin-Hero, L50, M|75/100\n|-activate|p1a: Palafin|ability: Zero to Hero\n|turn|3\n|inactive|eexxcceell has 30 seconds left.\n|\n|t:|1776314398\n|switch|p2b: Sneasler|Sneasler, L50, M|100/100\n|move|p1a: Palafin|Jet Punch|p2a: Charizard\n|-supereffective|p2a: Charizard|1\n|-damage|p2a: Charizard|0 fnt\n|faint|p2a: Charizard\n|move|p1b: Ninetales|Aurora Veil|p1b: Ninetales\n|-sidestart|p1: TonyMacaroni5678|move: Aurora Veil\n|\n|-weather|Snowscape|[upkeep]\n|upkeep\n|\n|t:|1776314409\n|switch|p2a: Whimsicott|Whimsicott, L50, F|100/100\n|turn|4\n|\n|t:|1776314431\n|move|p1a: Palafin|Protect|p1a: Palafin\n|-singleturn|p1a: Palafin|Protect\n|move|p2b: Sneasler|Fake Out|p1a: Palafin\n|-activate|p1a: Palafin|move: Protect\n|move|p2a: Whimsicott|Encore|p1b: Ninetales\n|-start|p1b: Ninetales|Encore\n|move|p1b: Ninetales|Aurora Veil||[still]\n|-fail|p1b: Ninetales\n|\n|-weather|Snowscape|[upkeep]\n|-sideend|p2: eexxcceell|move: Tailwind\n|-sideend|p1: TonyMacaroni5678|move: Tailwind\n|upkeep\n|turn|5\n|inactive|eexxcceell has 30 seconds left.\n|\n|t:|1776314458\n|switch|p1b: Glimmora|Glimmora, L50, M|100/100\n|move|p2a: Whimsicott|Tailwind|p2a: Whimsicott\n|-sidestart|p2: eexxcceell|move: Tailwind\n|move|p1a: Palafin|Jet Punch|p2b: Sneasler\n|-damage|p2b: Sneasler|25/100\n|move|p2b: Sneasler|Dire Claw|p1b: Glimmora\n|-resisted|p1b: Glimmora|2\n|-damage|p1b: Glimmora|92/100\n|-activate|p1b: Glimmora|ability: Toxic Debris\n|-sidestart|p2: eexxcceell|move: Toxic Spikes\n|\n|-weather|Snowscape|[upkeep]\n|upkeep\n|turn|6\n|inactive|eexxcceell has 30 seconds left.\n|inactive|TonyMacaroni5678 has 30 seconds left.\n|inactive|eexxcceell has 20 seconds left.\n|inactive|eexxcceell has 15 seconds left.\n|inactive|eexxcceell has 10 seconds left.\n|\n|t:|1776314503\n|move|p1a: Palafin|Jet Punch|p2b: Sneasler\n|-damage|p2b: Sneasler|0 fnt\n|faint|p2b: Sneasler\n|move|p2a: Whimsicott|Moonblast|p1a: Palafin\n|-damage|p1a: Palafin|55/100\n|move|p1b: Glimmora|Sludge Bomb|p2a: Whimsicott\n|-supereffective|p2a: Whimsicott|2\n|-damage|p2a: Whimsicott|0 fnt\n|faint|p2a: Whimsicott\n|\n|-weather|none\n|upkeep\n|\n|t:|1776314514\n|switch|p2b: Garchomp|Garchomp, L50, F|100/100\n|-status|p2b: Garchomp|psn\n|turn|7\n|\n|t:|1776314528\n|move|p1a: Palafin|Protect|p1a: Palafin\n|-singleturn|p1a: Palafin|Protect\n|move|p1b: Glimmora|Spiky Shield|p1b: Glimmora\n|-singleturn|p1b: Glimmora|move: Protect\n|move|p2b: Garchomp|Earthquake|p1a: Palafin|[spread] \n|-activate|p1a: Palafin|move: Protect\n|-activate|p1b: Glimmora|move: Protect\n|\n|-damage|p2b: Garchomp|88/100 psn|[from] psn\n|-sideend|p1: TonyMacaroni5678|move: Aurora Veil\n|upkeep\n|turn|8\n|inactive|TonyMacaroni5678 has 30 seconds left.\n|\n|t:|1776314556\n|switch|p1a: Ninetales|Ninetales-Alola, L50, M|100/100\n|-weather|Snowscape|[from] ability: Snow Warning|[of] p1a: Ninetales\n|detailschange|p1b: Glimmora|Glimmora-Mega, L50, M\n|-mega|p1b: Glimmora|Glimmora|Glimmoranite\n|move|p2b: Garchomp|Earthquake|p1a: Ninetales|[spread] p1a,p1b\n|-supereffective|p1b: Glimmora|2\n|-damage|p1a: Ninetales|52/100\n|-damage|p1b: Glimmora|0 fnt\n|faint|p1b: Glimmora\n|\n|-weather|Snowscape|[upkeep]\n|-damage|p2b: Garchomp|76/100 psn|[from] psn\n|-sideend|p2: eexxcceell|move: Tailwind\n|upkeep\n|\n|t:|1776314568\n|switch|p1b: Palafin|Palafin-Hero, L50, M|55/100\n|turn|9\n|c|\u2606eexxcceell|gg\n|\n|t:|1776314584\n|move|p1b: Palafin|Jet Punch|p2b: Garchomp\n|-damage|p2b: Garchomp|31/100 psn\n|-damage|p1b: Palafin|43/100|[from] ability: Rough Skin|[of] p2b: Garchomp\n|move|p1a: Ninetales|Icy Wind|p2b: Garchomp\n|-supereffective|p2b: Garchomp|2\n|-damage|p2b: Garchomp|0 fnt\n|faint|p2b: Garchomp\n|\n|win|TonyMacaroni5678\n|raw|TonyMacaroni5678's rating: 1088 &rarr; <strong>1108</strong><br />(+20 for winning)\n|raw|eexxcceell's rating: 1000 &rarr; <strong>1000</strong><br />(+0 for losing)\n|l|\u2606eexxcceell\n|player|p2|\n",
  "uploadtime": 1776314595,
  "views": 38,
  "formatid": "gen9championsvgc2026regma",
  "rating": 1000,
  "private": 0,
  "password": null
}