{
  "id": "gen9championsvgc2026regma-2586777206",
  "format": "[Gen 9 Champions] VGC 2026 Reg M-A",
  "players": [
    "ryanzokuken",
    "fumbari 24"
  ],
  "log": "|j|\u2606ryanzokuken\n|j|\u2606fumbari 24\n|t:|1776459081\n|gametype|doubles\n|player|p1|ryanzokuken|pokemonranger-gen4|1209\n|player|p2|fumbari 24|ghetsis|1288\n|gen|9\n|tier|[Gen 9 Champions] VGC 2026 Reg M-A\n|rated|\n|rule|Species Clause: Limit one of each Pok\u00e9mon\n|rule|Item Clause: Limit 1 of each item\n|clearpoke\n|poke|p1|Kleavor, L50, M|\n|poke|p1|Milotic, L50, F|\n|poke|p1|Farigiraf, L50, F|\n|poke|p1|Aerodactyl, L50, M|\n|poke|p1|Venusaur, L50, M|\n|poke|p1|Sableye, L50, M|\n|poke|p2|Blastoise, L50, M|\n|poke|p2|Pelipper, L50, M|\n|poke|p2|Raichu, L50, M|\n|poke|p2|Sinistcha, L50|\n|poke|p2|Archaludon, L50, M|\n|poke|p2|Lycanroc-Dusk, L50, M|\n|teampreview|4\n|inactive|Battle timer is ON: inactive players will automatically lose when time's up. (requested by ryanzokuken)\n|inactive|ryanzokuken has 60 seconds left.\n|\n|t:|1776459128\n|teamsize|p1|4\n|teamsize|p2|4\n|start\n|switch|p1a: Dax|Aerodactyl, L50, M|100/100\n|switch|p1b: Kilika|Venusaur, L50, M|100/100\n|switch|p2a: MineMine|Pelipper, L50, M|100/100\n|switch|p2b: Harbor|Blastoise, L50, M|100/100\n|-ability|p1a: Dax|Unnerve\n|-weather|RainDance|[from] ability: Drizzle|[of] p2a: MineMine\n|turn|1\n|\n|t:|1776459152\n|detailschange|p1b: Kilika|Venusaur-Mega, L50, M\n|-mega|p1b: Kilika|Venusaur|Venusaurite\n|move|p1a: Dax|Thunder Fang|p2a: MineMine|[miss]\n|-miss|p1a: Dax|p2a: MineMine\n|move|p2b: Harbor|Shell Smash|p2b: Harbor\n|-unboost|p2b: Harbor|def|1\n|-unboost|p2b: Harbor|spd|1\n|-boost|p2b: Harbor|atk|2\n|-boost|p2b: Harbor|spa|2\n|-boost|p2b: Harbor|spe|2\n|move|p1b: Kilika|Giga Drain|p2b: Harbor\n|-supereffective|p2b: Harbor|1\n|-damage|p2b: Harbor|0 fnt\n|faint|p2b: Harbor\n|move|p2a: MineMine|Tailwind|p2a: MineMine\n|-sidestart|p2: fumbari 24|move: Tailwind\n|\n|-weather|RainDance|[upkeep]\n|upkeep\n|\n|t:|1776459159\n|switch|p2b: Mike|Archaludon, L50, M|100/100\n|turn|2\n|\n|t:|1776459180\n|move|p2b: Mike|Electro Shot||[still]\n|-prepare|p2b: Mike|Electro Shot\n|-boost|p2b: Mike|spa|1\n|-anim|p2b: Mike|Electro Shot|p1a: Dax\n|-supereffective|p1a: Dax|1\n|-damage|p1a: Dax|0 fnt\n|faint|p1a: Dax\n|move|p2a: MineMine|Hurricane|p1b: Kilika\n|-supereffective|p1b: Kilika|1\n|-damage|p1b: Kilika|14/100\n|move|p1b: Kilika|Earth Power|p2b: Mike\n|-supereffective|p2b: Mike|1\n|-damage|p2b: Mike|43/100\n|-ability|p2b: Mike|Stamina|boost\n|-boost|p2b: Mike|def|1\n|\n|-weather|RainDance|[upkeep]\n|-heal|p2b: Mike|49/100|[from] item: Leftovers\n|upkeep\n|\n|t:|1776459186\n|switch|p1a: Dreamscape|Farigiraf, L50, F|100/100\n|turn|3\n|\n|t:|1776459195\n|move|p1b: Kilika|Protect|p1b: Kilika\n|-singleturn|p1b: Kilika|Protect\n|move|p2b: Mike|Electro Shot||[still]\n|-prepare|p2b: Mike|Electro Shot\n|-boost|p2b: Mike|spa|1\n|-anim|p2b: Mike|Electro Shot|p1a: Dreamscape\n|-damage|p1a: Dreamscape|38/100\n|-enditem|p1a: Dreamscape|Sitrus Berry|[eat]\n|-heal|p1a: Dreamscape|63/100|[from] item: Sitrus Berry\n|move|p2a: MineMine|Hurricane|p1b: Kilika\n|-activate|p1b: Kilika|move: Protect\n|move|p1a: Dreamscape|Trick Room|p1a: Dreamscape\n|-fieldstart|move: Trick Room|[of] p1a: Dreamscape\n|\n|-weather|RainDance|[upkeep]\n|-heal|p2b: Mike|55/100|[from] item: Leftovers\n|upkeep\n|turn|4\n|\n|t:|1776459213\n|move|p1a: Dreamscape|Helping Hand|p1b: Kilika\n|-singleturn|p1b: Kilika|Helping Hand|[of] p1a: Dreamscape\n|move|p2b: Mike|Protect|p2b: Mike\n|-singleturn|p2b: Mike|Protect\n|move|p1b: Kilika|Earth Power|p2b: Mike\n|-activate|p2b: Mike|move: Protect\n|move|p2a: MineMine|Hurricane|p1b: Kilika\n|-supereffective|p1b: Kilika|1\n|-damage|p1b: Kilika|0 fnt\n|faint|p1b: Kilika\n|\n|-weather|RainDance|[upkeep]\n|-heal|p2b: Mike|61/100|[from] item: Leftovers\n|-sideend|p2: fumbari 24|move: Tailwind\n|upkeep\n|\n|t:|1776459220\n|switch|p1b: Misticism|Milotic, L50, F|100/100\n|turn|5\n|l|\u2606ryanzokuken\n|inactive|ryanzokuken disconnected and has a minute to reconnect!\n|player|p1|\n|inactive|ryanzokuken has 30 seconds left.\n|inactive|ryanzokuken has 20 seconds left.\n|inactive|ryanzokuken has 15 seconds left.\n|inactive|ryanzokuken has 10 seconds left.\n|inactive|ryanzokuken has 5 seconds left.\n|-message|ryanzokuken lost due to inactivity.\n|\n|win|fumbari 24\n|raw|ryanzokuken's rating: 1209 &rarr; <strong>1190</strong><br />(-19 for losing)\n|raw|fumbari 24's rating: 1288 &rarr; <strong>1307</strong><br />(+19 for winning)\n",
  "uploadtime": 1776459283,
  "views": 37,
  "formatid": "gen9championsvgc2026regma",
  "rating": 1190,
  "private": 0,
  "password": null
}