{
  "id": "gen9championsvgc2026regma-2585816992",
  "format": "[Gen 9 Champions] VGC 2026 Reg M-A",
  "players": [
    "Andrey.L.0.S",
    "Rouxx0"
  ],
  "log": "|j|\u2606Andrey.L.0.S\n|j|\u2606Rouxx0\n|t:|1776372798\n|gametype|doubles\n|player|p1|Andrey.L.0.S|bruno|1087\n|player|p2|Rouxx0|flannery|1000\n|gen|9\n|tier|[Gen 9 Champions] VGC 2026 Reg M-A\n|rated|\n|rule|Species Clause: Limit one of each Pok\u00e9mon\n|rule|Item Clause: Limit 1 of each item\n|clearpoke\n|poke|p1|Feraligatr, L50, F|\n|poke|p1|Whimsicott, L50, F|\n|poke|p1|Incineroar, L50, F|\n|poke|p1|Kingambit, L50, F|\n|poke|p1|Basculegion, L50, M|\n|poke|p1|Torkoal, L50, F|\n|poke|p2|Maushold, L50|\n|poke|p2|Hawlucha, L50, M|\n|poke|p2|Clefable, L50, F|\n|poke|p2|Incineroar, L50, F|\n|poke|p2|Floette-Eternal, L50, F|\n|poke|p2|Pikachu, L50, F|\n|teampreview|4\n|c|\u2606Rouxx0|please just dont sheet check\n|c|\u2606Rouxx0|im ding something funny\n|c|\u2606Rouxx0|please\n|c|\u2606Rouxx0|i didnt know it was open on shwodwon\n|\n|t:|1776372830\n|teamsize|p1|4\n|teamsize|p2|4\n|start\n|switch|p1a: Whimsicott|Whimsicott, L50, F|100/100\n|switch|p1b: Incineroar|Incineroar, L50, F|100/100\n|switch|p2a: Clefable|Clefable, L50, F, shiny|100/100\n|switch|p2b: Maushold|Maushold, L50, shiny|100/100\n|-ability|p1b: Incineroar|Intimidate|boost\n|-unboost|p2a: Clefable|atk|1\n|-unboost|p2b: Maushold|atk|1\n|turn|1\n|\n|t:|1776372845\n|move|p1b: Incineroar|Fake Out|p2a: Clefable\n|-damage|p2a: Clefable|89/100\n|cant|p2a: Clefable|flinch\n|move|p1a: Whimsicott|Tailwind|p1a: Whimsicott\n|-sidestart|p1: Andrey.L.0.S|move: Tailwind\n|move|p2b: Maushold|Tidy Up|p2b: Maushold\n|-boost|p2b: Maushold|atk|1\n|-boost|p2b: Maushold|spe|1\n|\n|upkeep\n|turn|2\n|\n|t:|1776372862\n|move|p2a: Clefable|Follow Me|p2a: Clefable\n|-singleturn|p2a: Clefable|move: Follow Me\n|move|p1a: Whimsicott|Encore|p2a: Clefable\n|-start|p2a: Clefable|Encore\n|move|p2b: Maushold|Tidy Up|p2b: Maushold\n|-boost|p2b: Maushold|atk|1\n|-boost|p2b: Maushold|spe|1\n|move|p1b: Incineroar|Parting Shot|p2a: Clefable\n|-unboost|p2a: Clefable|atk|1\n|-unboost|p2a: Clefable|spa|1\n|\n|t:|1776372871\n|switch|p1b: Kingambit|Kingambit, L50, F|100/100|[from] Parting Shot\n|\n|upkeep\n|turn|3\n|\n|t:|1776372886\n|switch|p1a: Feraligatr|Feraligatr, L50, F|100/100\n|move|p2a: Clefable|Follow Me|p2a: Clefable\n|-singleturn|p2a: Clefable|move: Follow Me\n|move|p2b: Maushold|Tidy Up|p2b: Maushold\n|-boost|p2b: Maushold|atk|1\n|-boost|p2b: Maushold|spe|1\n|move|p1b: Kingambit|Iron Head|p2a: Clefable\n|-supereffective|p2a: Clefable|1\n|-enditem|p2a: Clefable|Babiri Berry|[eat]\n|-enditem|p2a: Clefable|Babiri Berry|[weaken]\n|-damage|p2a: Clefable|38/100\n|\n|upkeep\n|turn|4\n|\n|t:|1776372901\n|detailschange|p1a: Feraligatr|Feraligatr-Mega, L50, F\n|-mega|p1a: Feraligatr|Feraligatr|Feraligite\n|move|p2b: Maushold|Protect|p2b: Maushold\n|-singleturn|p2b: Maushold|Protect\n|move|p2a: Clefable|Follow Me|p2a: Clefable\n|-singleturn|p2a: Clefable|move: Follow Me\n|move|p1a: Feraligatr|Double-Edge|p2a: Clefable\n|-immune|p2a: Clefable\n|move|p1b: Kingambit|Iron Head|p2a: Clefable\n|-supereffective|p2a: Clefable|1\n|-damage|p2a: Clefable|0 fnt\n|faint|p2a: Clefable\n|\n|-sideend|p1: Andrey.L.0.S|move: Tailwind\n|upkeep\n|\n|t:|1776372911\n|switch|p2a: Hawlucha|Hawlucha, L50, M, shiny|100/100\n|turn|5\n|\n|t:|1776372921\n|detailschange|p2a: Hawlucha|Hawlucha-Mega, L50, M, shiny\n|-mega|p2a: Hawlucha|Hawlucha|Hawluchanite\n|move|p2b: Maushold|Population Bomb|p1a: Feraligatr\n|-damage|p1a: Feraligatr|87/100\n|-hitcount|p1a: Feraligatr|1\n|move|p2a: Hawlucha|Entrainment|p2b: Maushold\n|-ability|p2b: Maushold|No Guard|Friend Guard|[from] move: Entrainment|[of] p2a: Hawlucha\n|cant|p1a: Feraligatr|flinch\n|move|p1b: Kingambit|Low Kick|p2b: Maushold\n|-supereffective|p2b: Maushold|1\n|-damage|p2b: Maushold|77/100\n|\n|upkeep\n|turn|6\n|c|\u2606Rouxx0|oh my god\n|\n|t:|1776372947\n|switch|p1b: Incineroar|Incineroar, L50, F|100/100\n|-ability|p1b: Incineroar|Intimidate|boost\n|-unboost|p2a: Hawlucha|atk|1\n|-unboost|p2b: Maushold|atk|1\n|move|p2b: Maushold|Population Bomb|p1a: Feraligatr\n|-damage|p1a: Feraligatr|77/100\n|-damage|p1a: Feraligatr|66/100\n|-damage|p1a: Feraligatr|55/100\n|-damage|p1a: Feraligatr|44/100\n|-crit|p1a: Feraligatr\n|-damage|p1a: Feraligatr|26/100\n|-damage|p1a: Feraligatr|15/100\n|-damage|p1a: Feraligatr|4/100\n|-crit|p1a: Feraligatr\n|-damage|p1a: Feraligatr|0 fnt\n|faint|p1a: Feraligatr\n|-hitcount|p1: Feraligatr|8\n|move|p2a: Hawlucha|Close Combat|p1b: Incineroar\n|-supereffective|p1b: Incineroar|1\n|-damage|p1b: Incineroar|17/100\n|-unboost|p2a: Hawlucha|def|1\n|-unboost|p2a: Hawlucha|spd|1\n|-enditem|p1b: Incineroar|Sitrus Berry|[eat]\n|-heal|p1b: Incineroar|42/100|[from] item: Sitrus Berry\n|\n|upkeep\n|c|\u2606Rouxx0|i  genius\n|c|\u2606Rouxx0|OH MY GODDDD\n|\n|t:|1776372969\n|switch|p1a: Whimsicott|Whimsicott, L50, F|100/100\n|turn|7\n|\n|t:|1776372991\n|switch|p2a: strabbi|Incineroar, L50, F, shiny|100/100\n|-ability|p2a: strabbi|Intimidate|boost\n|-unboost|p1a: Whimsicott|atk|1\n|-unboost|p1b: Incineroar|atk|1\n|move|p1b: Incineroar|Fake Out|p2a: strabbi\n|-damage|p2a: strabbi|94/100\n|move|p1a: Whimsicott|Tailwind|p1a: Whimsicott\n|-sidestart|p1: Andrey.L.0.S|move: Tailwind\n|move|p2b: Maushold|Tidy Up|p2b: Maushold\n|-boost|p2b: Maushold|atk|1\n|-boost|p2b: Maushold|spe|1\n|\n|upkeep\n|turn|8\n|\n|t:|1776373007\n|move|p2a: strabbi|Fake Out|p1a: Whimsicott\n|-damage|p1a: Whimsicott|90/100\n|cant|p1a: Whimsicott|flinch\n|move|p2b: Maushold|Population Bomb|p1b: Incineroar\n|-damage|p1b: Incineroar|25/100\n|-damage|p1b: Incineroar|8/100\n|-damage|p1b: Incineroar|0 fnt\n|faint|p1b: Incineroar\n|-hitcount|p1: Incineroar|3\n|\n|upkeep\n|\n|t:|1776373016\n|switch|p1b: Kingambit|Kingambit, L50, F|100/100\n|turn|9\n|c|\u2606Rouxx0|im genius\n|\n|t:|1776373032\n|move|p1b: Kingambit|Protect|p1b: Kingambit\n|-singleturn|p1b: Kingambit|Protect\n|move|p2b: Maushold|Population Bomb|p1b: Kingambit\n|-activate|p1b: Kingambit|move: Protect\n|move|p1a: Whimsicott|Moonblast|p2a: strabbi\n|-damage|p2a: strabbi|69/100\n|move|p2a: strabbi|Parting Shot|p1a: Whimsicott\n|-unboost|p1a: Whimsicott|atk|1\n|-unboost|p1a: Whimsicott|spa|1\n|\n|t:|1776373036\n|switch|p2a: Hawlucha|Hawlucha-Mega, L50, M, shiny|100/100|[from] Parting Shot\n|\n|upkeep\n|turn|10\n|\n|t:|1776373056\n|move|p2b: Maushold|Population Bomb|p1b: Kingambit\n|-resisted|p1b: Kingambit|1\n|-damage|p1b: Kingambit|95/100\n|-resisted|p1b: Kingambit|1\n|-damage|p1b: Kingambit|88/100\n|-resisted|p1b: Kingambit|1\n|-damage|p1b: Kingambit|83/100\n|-resisted|p1b: Kingambit|1\n|-damage|p1b: Kingambit|76/100\n|-resisted|p1b: Kingambit|1\n|-damage|p1b: Kingambit|70/100\n|-resisted|p1b: Kingambit|1\n|-damage|p1b: Kingambit|63/100\n|-resisted|p1b: Kingambit|1\n|-damage|p1b: Kingambit|57/100\n|-resisted|p1b: Kingambit|1\n|-damage|p1b: Kingambit|51/100\n|-resisted|p1b: Kingambit|1\n|-damage|p1b: Kingambit|45/100\n|-resisted|p1b: Kingambit|1\n|-damage|p1b: Kingambit|39/100\n|-hitcount|p1b: Kingambit|10\n|move|p1a: Whimsicott|Moonblast|p2a: Hawlucha\n|-supereffective|p2a: Hawlucha|1\n|-damage|p2a: Hawlucha|54/100\n|move|p2a: Hawlucha|Dual Wingbeat|p1a: Whimsicott\n|-supereffective|p1a: Whimsicott|1\n|-crit|p1a: Whimsicott\n|-damage|p1a: Whimsicott|27/100\n|-supereffective|p1a: Whimsicott|1\n|-damage|p1a: Whimsicott|0 fnt\n|faint|p1a: Whimsicott\n|-hitcount|p1: Whimsicott|2\n|cant|p1b: Kingambit|flinch\n|\n|-sideend|p1: Andrey.L.0.S|move: Tailwind\n|upkeep\n|turn|11\n|c|\u2606Rouxx0|omfg\n|-message|Andrey.L.0.S forfeited.\n|\n|win|Rouxx0\n|raw|Andrey.L.0.S's rating: 1087 &rarr; <strong>1058</strong><br />(-29 for losing)\n|raw|Rouxx0's rating: 1000 &rarr; <strong>1050</strong><br />(+50 for winning)\n|l|\u2606Andrey.L.0.S\n|player|p1|\n|c|\u2606Rouxx0|that was so cool\n",
  "uploadtime": 1776373103,
  "views": 22,
  "formatid": "gen9championsvgc2026regma",
  "rating": 1050,
  "private": 0,
  "password": null
}