{
  "id": "gen9championsvgc2026regma-2581934452",
  "format": "[Gen 9 Champions] VGC 2026 Reg M-A",
  "players": [
    "yungPBJglizzy",
    "chromate"
  ],
  "log": "|j|\u2606yungPBJglizzy\n|j|\u2606chromate\n|html|<table width=\"100%\"><tr><td align=\"left\">yungPBJglizzy</td><td align=\"right\">chromate</tr><tr><td align=\"left\"><i class=\"fa fa-circle\"></i> <i class=\"fa fa-circle-o\"></i> </td><td align=\"right\"><i class=\"fa fa-circle-o\"></i> <i class=\"fa fa-circle-o\"></i> </tr></table>\n|uhtml|bestof|<h2><strong>Game 2</strong> of <a href=\"/game-bestof3-gen9championsvgc2026regma-2581932750\">a best-of-3</a></h2>\n|t:|1776041115\n|gametype|doubles\n|player|p1|yungPBJglizzy|1|\n|player|p2|chromate|miku-ghost|\n|gen|9\n|tier|[Gen 9 Champions] VGC 2026 Reg M-A\n|rated|Tournament battle\n|rule|Species Clause: Limit one of each Pok\u00e9mon\n|rule|Item Clause: Limit 1 of each item\n|raw|<div class=\"infobox\"><details class=\"readmore\" open><summary><strong>2 custom rules:</strong></summary> Force Open Team Sheets, Best of = 3</details></div>\n|clearpoke\n|poke|p1|Gengar, L50, M|\n|poke|p1|Rhyperior, L50, F|\n|poke|p1|Charizard, L50, F|\n|poke|p1|Incineroar, L50, M|\n|poke|p1|Farigiraf, L50, M|\n|poke|p1|Garchomp, L50, M|\n|poke|p2|Charizard, L50, F|\n|poke|p2|Whimsicott, L50, M|\n|poke|p2|Garchomp, L50, M|\n|poke|p2|Sneasler, L50, M|\n|poke|p2|Maushold, L50|\n|poke|p2|Incineroar, L50, M|\n|teampreview|4\n|showteam|p1|Gengar||FocusSash|CursedBody|ShadowBall,SludgeBomb,IcyWind,Protect|||M|||50|]Rhyperior||SoftSand|SolidRock|RockSlide,HighHorsepower,IcePunch,Protect|||F|||50|]Charizard||CharizarditeY|SolarPower|HeatWave,SolarBeam,WeatherBall,Protect|||F|||50|]Incineroar||Leftovers|Intimidate|FakeOut,DarkestLariat,FlareBlitz,PartingShot|||M|||50|]Farigiraf||SitrusBerry|ArmorTail|HyperVoice,Psychic,TrickRoom,Protect|||M|||50|]Garchomp||WhiteHerb|RoughSkin|DragonClaw,StompingTantrum,RockSlide,Protect|||M|||50|\n|showteam|p2|Charizard||CharizarditeY|Blaze|HeatWave,SolarBeam,WeatherBall,Protect|||F|||50|]Whimsicott||FocusSash|Prankster|Moonblast,Tailwind,Encore,SunnyDay|||M|||50|]Garchomp||ChoiceScarf|RoughSkin|Earthquake,DragonClaw,RockSlide,StompingTantrum|||M|||50|]Sneasler||WhiteHerb|Unburden|GunkShot,CloseCombat,RockTomb,Protect|||M|||50|]Maushold||ChopleBerry|FriendGuard|SuperFang,FollowMe,HelpingHand,Protect||||||50|]Incineroar||SitrusBerry|Intimidate|FlareBlitz,ThroatChop,FakeOut,PartingShot|||M|||50|\n|j| Rigbert\n|j| drifterking40\n|j| H4irashi\n|\n|t:|1776041139\n|teamsize|p1|4\n|teamsize|p2|4\n|start\n|switch|p1a: Incineroar|Incineroar, L50, M|100/100\n|switch|p1b: Farigiraf|Farigiraf, L50, M|100/100\n|switch|p2a: Maushold|Maushold, L50|100/100\n|switch|p2b: Charizard|Charizard, L50, F|100/100\n|-ability|p1a: Incineroar|Intimidate|boost\n|-unboost|p2a: Maushold|atk|1\n|-unboost|p2b: Charizard|atk|1\n|turn|1\n|j| island pocket\n|j| knoxxzeta\n|j| Rainpelt103\n|\n|t:|1776041146\n|detailschange|p2b: Charizard|Charizard-Mega-Y, L50, F\n|-mega|p2b: Charizard|Charizard|Charizardite Y\n|-weather|SunnyDay|[from] ability: Drought|[of] p2b: Charizard\n|move|p1a: Incineroar|Fake Out|p2a: Maushold\n|-crit|p2a: Maushold\n|-damage|p2a: Maushold|77/100\n|cant|p2a: Maushold|flinch\n|move|p2b: Charizard|Heat Wave|p1a: Incineroar|[spread] p1a\n|-miss|p2b: Charizard|p1b: Farigiraf\n|-resisted|p1a: Incineroar|1\n|-damage|p1a: Incineroar|74/100\n|move|p1b: Farigiraf|Trick Room|p1b: Farigiraf\n|-fieldstart|move: Trick Room|[of] p1b: Farigiraf\n|\n|-weather|SunnyDay|[upkeep]\n|-heal|p1a: Incineroar|80/100|[from] item: Leftovers\n|upkeep\n|turn|2\n|l| H4irashi\n|j| Cdogp\n|\n|t:|1776041160\n|move|p2a: Maushold|Helping Hand|p2b: Charizard\n|-singleturn|p2b: Charizard|Helping Hand|[of] p2a: Maushold\n|move|p1b: Farigiraf|Psychic|p2b: Charizard\n|-damage|p2b: Charizard|74/100\n|move|p1a: Incineroar|Flare Blitz|p2a: Maushold\n|-damage|p2a: Maushold|0 fnt\n|faint|p2a: Maushold\n|-damage|p1a: Incineroar|58/100|[from] Recoil\n|move|p2b: Charizard|Heat Wave|p1a: Incineroar|[spread] p1a,p1b\n|-resisted|p1a: Incineroar|1\n|-damage|p1a: Incineroar|16/100\n|-damage|p1b: Farigiraf|3/100\n|-status|p1b: Farigiraf|brn\n|-enditem|p1b: Farigiraf|Sitrus Berry|[eat]\n|-heal|p1b: Farigiraf|27/100 brn|[from] item: Sitrus Berry\n|\n|-weather|SunnyDay|[upkeep]\n|-heal|p1a: Incineroar|22/100|[from] item: Leftovers\n|-damage|p1b: Farigiraf|21/100 brn|[from] brn\n|upkeep\n|j| caramelpainn\n|\n|t:|1776041173\n|switch|p2a: Incineroar|Incineroar, L50, M|100/100\n|-ability|p2a: Incineroar|Intimidate|boost\n|-unboost|p1a: Incineroar|atk|1\n|-unboost|p1b: Farigiraf|atk|1\n|turn|3\n|\n|t:|1776041186\n|move|p1a: Incineroar|Parting Shot|p2a: Incineroar\n|-unboost|p2a: Incineroar|atk|1\n|-unboost|p2a: Incineroar|spa|1\n|\n|t:|1776041188\n|switch|p1a: Rhyperior|Rhyperior, L50, F, shiny|100/100|[from] Parting Shot\n|move|p1b: Farigiraf|Hyper Voice|p2a: Incineroar|[spread] p2a,p2b\n|-damage|p2a: Incineroar|74/100\n|-damage|p2b: Charizard|50/100\n|move|p2a: Incineroar|Parting Shot|p1a: Rhyperior\n|-unboost|p1a: Rhyperior|atk|1\n|-unboost|p1a: Rhyperior|spa|1\n|\n|t:|1776041198\n|switch|p2a: Sneasler|Sneasler, L50, M|100/100|[from] Parting Shot\n|move|p2b: Charizard|Heat Wave|p1a: Rhyperior|[spread] p1a,p1b\n|-resisted|p1a: Rhyperior|1\n|-damage|p1a: Rhyperior|56/100\n|-damage|p1b: Farigiraf|0 fnt\n|faint|p1b: Farigiraf\n|\n|-weather|SunnyDay|[upkeep]\n|upkeep\n|\n|t:|1776041210\n|switch|p1b: Garchomp|Garchomp, L50, M|100/100\n|turn|4\n|j| aurora ltd\n|l| aurora ltd\n|j| blueberre\n|\n|t:|1776041218\n|switch|p2b: Incineroar|Incineroar, L50, M|74/100\n|-ability|p2b: Incineroar|Intimidate|boost\n|-unboost|p1a: Rhyperior|atk|1\n|-unboost|p1b: Garchomp|atk|1\n|-enditem|p1b: Garchomp|White Herb\n|-clearnegativeboost|p1b: Garchomp|[silent]\n|move|p2a: Sneasler|Protect|p2a: Sneasler\n|-singleturn|p2a: Sneasler|Protect\n|move|p1a: Rhyperior|Rock Slide|p2b: Incineroar|[spread] p2b\n|-activate|p2a: Sneasler|move: Protect\n|-supereffective|p2b: Incineroar|1\n|-damage|p2b: Incineroar|38/100\n|-enditem|p2b: Incineroar|Sitrus Berry|[eat]\n|-heal|p2b: Incineroar|63/100|[from] item: Sitrus Berry\n|move|p1b: Garchomp|Stomping Tantrum|p2a: Sneasler\n|-activate|p2a: Sneasler|move: Protect\n|\n|-weather|SunnyDay|[upkeep]\n|upkeep\n|turn|5\n|j|+skymin<3\n|\n|t:|1776041230\n|move|p2b: Incineroar|Fake Out|p1b: Garchomp\n|-damage|p1b: Garchomp|89/100\n|-damage|p2b: Incineroar|51/100|[from] ability: Rough Skin|[of] p1b: Garchomp\n|move|p1a: Rhyperior|High Horsepower|p2a: Sneasler\n|-supereffective|p2a: Sneasler|1\n|-damage|p2a: Sneasler|0 fnt\n|faint|p2a: Sneasler\n|cant|p1b: Garchomp|flinch\n|\n|-weather|none\n|-fieldend|move: Trick Room\n|upkeep\n|l|+skymin<3\n|-message|chromate forfeited.\n|\n|win|yungPBJglizzy\n|l|\u2606chromate\n|player|p2|\n|j|+skymin<3\n|l| Rainpelt103\n|l| blueberre\n|l|\u2606yungPBJglizzy\n|player|p1|\n|l| drifterking40\n|l|+skymin<3\n|l| knoxxzeta\n|l| Rigbert\n|l| island pocket\n|j| aurora ltd\n|l| aurora ltd\n|j| aurora ltd\n",
  "uploadtime": 1776041307,
  "views": 10,
  "formatid": "gen9championsvgc2026regma",
  "rating": null,
  "private": 0,
  "password": null
}