{
  "id": "gen9championsvgc2026regma-2587523674",
  "format": "[Gen 9 Champions] VGC 2026 Reg M-A",
  "players": [
    "tankiton",
    "grout eleki"
  ],
  "log": "|j|\u2606tankiton\n|j|\u2606grout eleki\n|t:|1776539146\n|gametype|doubles\n|player|p1|tankiton|266|1442\n|player|p2|grout eleki|170|1513\n|gen|9\n|tier|[Gen 9 Champions] VGC 2026 Reg M-A\n|rated|\n|rule|Species Clause: Limit one of each Pok\u00e9mon\n|rule|Item Clause: Limit 1 of each item\n|clearpoke\n|poke|p1|Charizard, L50, M|\n|poke|p1|Sneasler, L50, M|\n|poke|p1|Basculegion, L50, M|\n|poke|p1|Garchomp, L50, M|\n|poke|p1|Incineroar, L50, M|\n|poke|p1|Venusaur, L50, M|\n|poke|p2|Tyranitar, L50, F|\n|poke|p2|Froslass, L50, F|\n|poke|p2|Rotom-Frost, L50|\n|poke|p2|Volcarona, L50, M|\n|poke|p2|Sneasler, L50, F|\n|poke|p2|Azumarill, L50, F|\n|teampreview|4\n|inactive|Battle timer is ON: inactive players will automatically lose when time's up. (requested by tankiton)\n|inactive|tankiton has 60 seconds left.\n|inactive|grout eleki has 60 seconds left.\n|\n|t:|1776539196\n|teamsize|p1|4\n|teamsize|p2|4\n|start\n|switch|p1a: Incineroar|Incineroar, L50, M|100/100\n|switch|p1b: Sneasler|Sneasler, L50, M|100/100\n|switch|p2a: Rotom|Rotom-Frost, L50|100/100\n|switch|p2b: Sneasler|Sneasler, L50, F|100/100\n|-ability|p1a: Incineroar|Intimidate|boost\n|-unboost|p2a: Rotom|atk|1\n|-unboost|p2b: Sneasler|atk|1\n|-enditem|p2b: Sneasler|White Herb\n|-clearnegativeboost|p2b: Sneasler|[silent]\n|turn|1\n|inactive|tankiton has 30 seconds left.\n|inactive|grout eleki has 30 seconds left.\n|\n|t:|1776539230\n|move|p2b: Sneasler|Fake Out|p1b: Sneasler\n|-damage|p1b: Sneasler|79/100\n|move|p1a: Incineroar|Fake Out|p2a: Rotom\n|-damage|p2a: Rotom|84/100\n|cant|p2a: Rotom|flinch\n|cant|p1b: Sneasler|flinch\n|\n|upkeep\n|turn|2\n|\n|t:|1776539244\n|switch|p1a: Basculegion|Basculegion, L50, M|100/100\n|move|p2b: Sneasler|Close Combat|p1b: Sneasler\n|-resisted|p1b: Sneasler|1\n|-damage|p1b: Sneasler|25/100\n|-unboost|p2b: Sneasler|def|1\n|-unboost|p2b: Sneasler|spd|1\n|move|p2a: Rotom|Volt Switch|p1b: Sneasler\n|-damage|p1b: Sneasler|0 fnt\n|faint|p1b: Sneasler\n|\n|t:|1776539259\n|switch|p2a: Azumarill|Azumarill, L50, F|100/100|[from] Volt Switch\n|\n|upkeep\n|\n|t:|1776539265\n|switch|p1b: Incineroar|Incineroar, L50, M|100/100\n|-ability|p1b: Incineroar|Intimidate|boost\n|-unboost|p2a: Azumarill|atk|1\n|-unboost|p2b: Sneasler|atk|1\n|turn|3\n|\n|t:|1776539282\n|move|p1b: Incineroar|Fake Out|p2a: Azumarill\n|-damage|p2a: Azumarill|88/100\n|move|p2b: Sneasler|Close Combat|p1b: Incineroar\n|-supereffective|p1b: Incineroar|1\n|-damage|p1b: Incineroar|19/100\n|-unboost|p2b: Sneasler|def|1\n|-unboost|p2b: Sneasler|spd|1\n|-enditem|p1b: Incineroar|Sitrus Berry|[eat]\n|-heal|p1b: Incineroar|44/100|[from] item: Sitrus Berry\n|move|p1a: Basculegion|Flip Turn|p2a: Azumarill\n|-resisted|p2a: Azumarill|1\n|-damage|p2a: Azumarill|69/100\n|\n|t:|1776539293\n|switch|p1a: Charizard|Charizard, L50, M|100/100|[from] Flip Turn\n|cant|p2a: Azumarill|flinch\n|\n|upkeep\n|turn|4\n|\n|t:|1776539310\n|switch|p1b: Basculegion|Basculegion, L50, M|100/100\n|detailschange|p1a: Charizard|Charizard-Mega-Y, L50, M\n|-mega|p1a: Charizard|Charizard|Charizardite Y\n|-weather|SunnyDay|[from] ability: Drought|[of] p1a: Charizard\n|move|p2b: Sneasler|Close Combat|p1b: Basculegion\n|-immune|p1b: Basculegion\n|move|p1a: Charizard|Heat Wave|p2b: Sneasler|[spread] p2a,p2b\n|-resisted|p2a: Azumarill|1\n|-damage|p2a: Azumarill|33/100\n|-damage|p2b: Sneasler|0 fnt\n|-enditem|p2a: Azumarill|Sitrus Berry|[eat]\n|-heal|p2a: Azumarill|57/100|[from] item: Sitrus Berry\n|faint|p2b: Sneasler\n|move|p2a: Azumarill|Play Rough|p1b: Basculegion\n|-damage|p1b: Basculegion|48/100\n|\n|-weather|SunnyDay|[upkeep]\n|upkeep\n|\n|t:|1776539319\n|switch|p2b: Tyranitar|Tyranitar, L50, F|100/100\n|-weather|Sandstorm|[from] ability: Sand Stream|[of] p2b: Tyranitar\n|turn|5\n|\n|t:|1776539340\n|switch|p1a: Incineroar|Incineroar, L50, M|44/100\n|-ability|p1a: Incineroar|Intimidate|boost\n|-unboost|p2a: Azumarill|atk|1\n|-unboost|p2b: Tyranitar|atk|1\n|move|p2b: Tyranitar|Protect|p2b: Tyranitar\n|-singleturn|p2b: Tyranitar|Protect\n|move|p1b: Basculegion|Last Respects|p2a: Azumarill\n|-damage|p2a: Azumarill|0 fnt\n|faint|p2a: Azumarill\n|\n|-weather|Sandstorm|[upkeep]\n|-damage|p1b: Basculegion|42/100|[from] Sandstorm\n|-damage|p1a: Incineroar|38/100|[from] Sandstorm\n|upkeep\n|\n|t:|1776539343\n|switch|p2a: Rotom|Rotom-Frost, L50|84/100\n|turn|6\n|inactive|tankiton has 30 seconds left.\n|\n|t:|1776539372\n|switch|p1b: Charizard|Charizard-Mega-Y, L50, M|100/100\n|-weather|SunnyDay|[from] ability: Drought|[of] p1b: Charizard\n|detailschange|p2b: Tyranitar|Tyranitar-Mega, L50, F\n|-mega|p2b: Tyranitar|Tyranitar|Tyranitarite\n|-weather|Sandstorm|[from] ability: Sand Stream|[of] p2b: Tyranitar\n|move|p1a: Incineroar|Fake Out|p2b: Tyranitar\n|-resisted|p2b: Tyranitar|1\n|-damage|p2b: Tyranitar|96/100\n|move|p2a: Rotom|Trick|p1a: Incineroar\n|-activate|p2a: Rotom|move: Trick|[of] p1a: Incineroar\n|-item|p1a: Incineroar|Choice Scarf|[from] move: Trick\n|-enditem|p2a: Rotom|Choice Scarf|[silent]|[from] move: Trick\n|cant|p2b: Tyranitar|flinch\n|\n|-weather|Sandstorm|[upkeep]\n|-damage|p1b: Charizard|95/100|[from] Sandstorm\n|-damage|p1a: Incineroar|32/100|[from] Sandstorm\n|-damage|p2a: Rotom|78/100|[from] Sandstorm\n|upkeep\n|turn|7\n|inactive|tankiton has 30 seconds left.\n|inactive|grout eleki has 30 seconds left.\n|inactive|tankiton has 20 seconds left.\n|inactive|tankiton has 15 seconds left.\n|\n|t:|1776539413\n|move|p1b: Charizard|Weather Ball|p2a: Rotom\n|-supereffective|p2a: Rotom|1\n|-damage|p2a: Rotom|0 fnt\n|faint|p2a: Rotom\n|move|p1a: Incineroar|Throat Chop|p2b: Tyranitar\n|-resisted|p2b: Tyranitar|1\n|-damage|p2b: Tyranitar|84/100\n|-start|p2b: Tyranitar|Throat Chop|[silent]\n|move|p2b: Tyranitar|Dragon Dance|p2b: Tyranitar\n|-boost|p2b: Tyranitar|atk|1\n|-boost|p2b: Tyranitar|spe|1\n|\n|-weather|Sandstorm|[upkeep]\n|-damage|p1b: Charizard|89/100|[from] Sandstorm\n|-damage|p1a: Incineroar|26/100|[from] Sandstorm\n|upkeep\n|turn|8\n|\n|t:|1776539432\n|move|p2b: Tyranitar|Dragon Dance|p2b: Tyranitar\n|-boost|p2b: Tyranitar|atk|1\n|-boost|p2b: Tyranitar|spe|1\n|move|p1b: Charizard|Weather Ball|p2b: Tyranitar\n|-damage|p2b: Tyranitar|62/100\n|move|p1a: Incineroar|Throat Chop|p2b: Tyranitar\n|-resisted|p2b: Tyranitar|1\n|-damage|p2b: Tyranitar|49/100\n|\n|-weather|Sandstorm|[upkeep]\n|-damage|p1b: Charizard|84/100|[from] Sandstorm\n|-damage|p1a: Incineroar|20/100|[from] Sandstorm\n|-end|p2b: Tyranitar|Throat Chop|[silent]\n|upkeep\n|turn|9\n|\n|t:|1776539447\n|move|p2b: Tyranitar|Rock Slide|p1a: Incineroar|[spread] p1a,p1b\n|-supereffective|p1a: Incineroar|1\n|-supereffective|p1b: Charizard|2\n|-damage|p1a: Incineroar|0 fnt\n|-damage|p1b: Charizard|0 fnt\n|faint|p1a: Incineroar\n|faint|p1b: Charizard\n|\n|-weather|Sandstorm|[upkeep]\n|upkeep\n|\n|t:|1776539455\n|switch|p1a: Basculegion|Basculegion, L50, M|42/100\n|turn|10\n|\n|t:|1776539468\n|move|p2b: Tyranitar|Crunch|p1a: Basculegion\n|-supereffective|p1a: Basculegion|1\n|-damage|p1a: Basculegion|0 fnt\n|faint|p1a: Basculegion\n|\n|win|grout eleki\n|raw|tankiton's rating: 1442 &rarr; <strong>1426</strong><br />(-16 for losing)\n|raw|grout eleki's rating: 1513 &rarr; <strong>1529</strong><br />(+16 for winning)\n|l|\u2606tankiton\n|player|p1|\n|l|\u2606grout eleki\n|player|p2|\n",
  "uploadtime": 1776539969,
  "views": 21,
  "formatid": "gen9championsvgc2026regma",
  "rating": 1426,
  "private": 0,
  "password": null
}