{
  "id": "gen9championsvgc2026regma-2588223652",
  "format": "[Gen 9 Champions] VGC 2026 Reg M-A",
  "players": [
    "oddlookingspoon",
    "Isidino"
  ],
  "log": "|j|\u2606oddlookingspoon\n|j|\u203dIsidino\n|t:|1776615829\n|gametype|doubles\n|player|p1|oddlookingspoon|102|1130\n|player|p2|Isidino|169|1171\n|gen|9\n|tier|[Gen 9 Champions] VGC 2026 Reg M-A\n|rated|\n|rule|Species Clause: Limit one of each Pok\u00e9mon\n|rule|Item Clause: Limit 1 of each item\n|clearpoke\n|poke|p1|Kingambit, L50, M|\n|poke|p1|Incineroar, L50, M|\n|poke|p1|Basculegion, L50, M|\n|poke|p1|Lopunny, L50, F, shiny|\n|poke|p1|Kommo-o, L50, M|\n|poke|p1|Gengar, L50, M|\n|poke|p2|Basculegion-F, L50, F, shiny|\n|poke|p2|Palafin, L50, M, shiny|\n|poke|p2|Pelipper, L50, F|\n|poke|p2|Sneasler, L50, M|\n|poke|p2|Sableye, L50, M, shiny|\n|poke|p2|Sharpedo, L50, M, shiny|\n|teampreview|4\n|inactive|Battle timer is ON: inactive players will automatically lose when time's up. (requested by Isidino)\n|inactive|oddlookingspoon has 60 seconds left.\n|inactive|Isidino has 60 seconds left.\n|\n|t:|1776615879\n|teamsize|p1|4\n|teamsize|p2|4\n|start\n|switch|p1a: Incineroar|Incineroar, L50, M|100/100\n|switch|p1b: Basculegion|Basculegion, L50, M|100/100\n|switch|p2a: Sharpedo|Sharpedo, L50, M, shiny|100/100\n|switch|p2b: Sneasler|Sneasler, L50, M|100/100\n|-ability|p1a: Incineroar|Intimidate|boost\n|-unboost|p2a: Sharpedo|atk|1\n|-unboost|p2b: Sneasler|atk|1\n|-enditem|p2b: Sneasler|White Herb\n|-clearnegativeboost|p2b: Sneasler|[silent]\n|turn|1\n|\n|t:|1776615898\n|move|p1a: Incineroar|Fake Out|p2b: Sneasler\n|-crit|p2b: Sneasler\n|-damage|p2b: Sneasler|73/100\n|cant|p2b: Sneasler|flinch\n|move|p1b: Basculegion|Flip Turn|p2b: Sneasler\n|-damage|p2b: Sneasler|0 fnt\n|faint|p2b: Sneasler\n|\n|t:|1776615908\n|switch|p1b: Kingambit|Kingambit, L50, M|100/100|[from] Flip Turn\n|move|p2a: Sharpedo|Crunch|p1b: Kingambit\n|-resisted|p1b: Kingambit|1\n|-damage|p1b: Kingambit|90/100\n|\n|-ability|p2a: Sharpedo|Speed Boost|boost\n|-boost|p2a: Sharpedo|spe|1\n|upkeep\n|\n|t:|1776615932\n|switch|p2b: Pelipper|Pelipper, L50, F|100/100\n|-weather|RainDance|[from] ability: Drizzle|[of] p2b: Pelipper\n|turn|2\n|\n|t:|1776615947\n|detailschange|p2a: Sharpedo|Sharpedo-Mega, L50, M, shiny\n|-mega|p2a: Sharpedo|Sharpedo|Sharpedonite\n|move|p1b: Kingambit|Protect|p1b: Kingambit\n|-singleturn|p1b: Kingambit|Protect\n|move|p2a: Sharpedo|Crunch|p1b: Kingambit\n|-activate|p1b: Kingambit|move: Protect\n|move|p2b: Pelipper|Weather Ball|p1a: Incineroar\n|-supereffective|p1a: Incineroar|1\n|-damage|p1a: Incineroar|0 fnt\n|faint|p1a: Incineroar\n|\n|-weather|RainDance|[upkeep]\n|upkeep\n|\n|t:|1776615964\n|switch|p1a: Lopunny|Lopunny, L50, F, shiny|100/100\n|turn|3\n|\n|t:|1776615978\n|detailschange|p1a: Lopunny|Lopunny-Mega, L50, F, shiny\n|-mega|p1a: Lopunny|Lopunny|Lopunnite\n|move|p2a: Sharpedo|Protect|p2a: Sharpedo\n|-singleturn|p2a: Sharpedo|Protect\n|move|p1a: Lopunny|Fake Out|p2a: Sharpedo\n|-activate|p2a: Sharpedo|move: Protect\n|move|p2b: Pelipper|Weather Ball|p1b: Kingambit\n|-damage|p1b: Kingambit|27/100\n|move|p1b: Kingambit|Iron Head|p2a: Sharpedo\n|-activate|p2a: Sharpedo|move: Protect\n|\n|-weather|RainDance|[upkeep]\n|upkeep\n|turn|4\n|\n|t:|1776615996\n|move|p1b: Kingambit|Sucker Punch|p2b: Pelipper\n|-damage|p2b: Pelipper|48/100\n|move|p2a: Sharpedo|Crunch|p1a: Lopunny\n|-resisted|p1a: Lopunny|1\n|-damage|p1a: Lopunny|67/100\n|move|p1a: Lopunny|Close Combat|p2a: Sharpedo\n|-supereffective|p2a: Sharpedo|1\n|-damage|p2a: Sharpedo|0 fnt\n|-unboost|p1a: Lopunny|def|1\n|-unboost|p1a: Lopunny|spd|1\n|faint|p2a: Sharpedo\n|move|p2b: Pelipper|Weather Ball|p1b: Kingambit\n|-damage|p1b: Kingambit|0 fnt\n|faint|p1b: Kingambit\n|\n|-weather|RainDance|[upkeep]\n|upkeep\n|\n|t:|1776616014\n|switch|p2a: Basculegion|Basculegion-F, L50, F, shiny|100/100\n|switch|p1b: Basculegion|Basculegion, L50, M|100/100\n|turn|5\n|\n|t:|1776616027\n|move|p2a: Basculegion|Shadow Ball|p1b: Basculegion\n|-supereffective|p1b: Basculegion|1\n|-crit|p1b: Basculegion\n|-damage|p1b: Basculegion|0 fnt\n|faint|p1b: Basculegion\n|move|p1a: Lopunny|Close Combat|p2b: Pelipper\n|-resisted|p2b: Pelipper|1\n|-damage|p2b: Pelipper|3/100\n|-unboost|p1a: Lopunny|def|1\n|-unboost|p1a: Lopunny|spd|1\n|move|p2b: Pelipper|Hurricane|p1a: Lopunny\n|-supereffective|p1a: Lopunny|1\n|-damage|p1a: Lopunny|0 fnt\n|faint|p1a: Lopunny\n|\n|win|Isidino\n|raw|oddlookingspoon's rating: 1130 &rarr; <strong>1108</strong><br />(-22 for losing)\n|raw|Isidino's rating: 1171 &rarr; <strong>1193</strong><br />(+22 for winning)\n",
  "uploadtime": 1776616030,
  "views": 15,
  "formatid": "gen9championsvgc2026regma",
  "rating": 1108,
  "private": 0,
  "password": null
}