{
  "id": "gen9championsvgc2026regma-2580448445",
  "format": "[Gen 9 Champions] VGC 2026 Reg M-A",
  "players": [
    "Manthis",
    "LiteralA"
  ],
  "log": "|j|\u2606Manthis\n|j|\u2606LiteralA\n|t:|1775898128\n|gametype|doubles\n|player|p1|Manthis|102|1000\n|player|p2|LiteralA|ingo|1000\n|gen|9\n|tier|[Gen 9 Champions] VGC 2026 Reg M-A\n|rated|\n|rule|Species Clause: Limit one of each Pok\u00e9mon\n|rule|Item Clause: Limit 1 of each item\n|clearpoke\n|poke|p1|Scovillain, L50, F|\n|poke|p1|Milotic, L50, M|\n|poke|p1|Pelipper, L50, M|\n|poke|p1|Starmie, L50|\n|poke|p1|Basculegion, L50, M|\n|poke|p1|Goodra-Hisui, L50, F|\n|poke|p2|Charizard, L50, F|\n|poke|p2|Whimsicott, L50, M|\n|poke|p2|Sneasler, L50, F|\n|poke|p2|Incineroar, L50, M|\n|poke|p2|Sinistcha, L50|\n|poke|p2|Floette-Eternal, L50, F|\n|teampreview|4\n|inactive|Battle timer is ON: inactive players will automatically lose when time's up. (requested by LiteralA)\n|\n|t:|1775898156\n|teamsize|p1|4\n|teamsize|p2|4\n|start\n|switch|p1a: Scovillain|Scovillain, L50, F|100/100\n|switch|p1b: Basculegion|Basculegion, L50, M|100/100\n|switch|p2a: Sinistcha|Sinistcha, L50|100/100\n|switch|p2b: Incineroar|Incineroar, L50, M|100/100\n|-ability|p2b: Incineroar|Intimidate|boost\n|-unboost|p1a: Scovillain|atk|1\n|-unboost|p1b: Basculegion|atk|1\n|turn|1\n|\n|t:|1775898169\n|move|p1a: Scovillain|Protect|p1a: Scovillain\n|-singleturn|p1a: Scovillain|Protect\n|move|p2b: Incineroar|Fake Out|p1a: Scovillain\n|-activate|p1a: Scovillain|move: Protect\n|move|p1b: Basculegion|Last Respects|p2a: Sinistcha\n|-supereffective|p2a: Sinistcha|1\n|-damage|p2a: Sinistcha|76/100\n|move|p2a: Sinistcha|Trick Room|p2a: Sinistcha\n|-fieldstart|move: Trick Room|[of] p2a: Sinistcha\n|\n|-ability|p1a: Scovillain|Moody|boost\n|-boost|p1a: Scovillain|atk|2\n|-unboost|p1a: Scovillain|spd|1\n|upkeep\n|turn|2\n|\n|t:|1775898194\n|switch|p1b: Pelipper|Pelipper, L50, M|100/100\n|-weather|RainDance|[from] ability: Drizzle|[of] p1b: Pelipper\n|move|p2b: Incineroar|Darkest Lariat|p1b: Pelipper\n|-damage|p1b: Pelipper|58/100\n|move|p2a: Sinistcha|Matcha Gotcha|p1b: Pelipper|[spread] p1a,p1b\n|-resisted|p1a: Scovillain|2\n|-damage|p1a: Scovillain|90/100\n|-heal|p2a: Sinistcha|80/100|[from] drain|[of] p1a: Scovillain\n|-damage|p1b: Pelipper|29/100\n|-heal|p2a: Sinistcha|92/100|[from] drain|[of] p1b: Pelipper\n|move|p1a: Scovillain|Substitute|p1a: Scovillain\n|-start|p1a: Scovillain|Substitute\n|-damage|p1a: Scovillain|65/100\n|\n|-weather|RainDance|[upkeep]\n|-ability|p1a: Scovillain|Moody|boost\n|-boost|p1a: Scovillain|spd|2\n|-unboost|p1a: Scovillain|spa|1\n|upkeep\n|turn|3\n|inactive|Manthis has 30 seconds left.\n|inactive|LiteralA has 30 seconds left.\n|inactive|Manthis has 20 seconds left.\n|\n|t:|1775898230\n|move|p1a: Scovillain|Protect|p1a: Scovillain\n|-singleturn|p1a: Scovillain|Protect\n|move|p2b: Incineroar|Darkest Lariat|p1a: Scovillain\n|-activate|p1a: Scovillain|move: Protect\n|move|p2a: Sinistcha|Matcha Gotcha|p1b: Pelipper|[spread] \n|-activate|p1a: Scovillain|move: Protect\n|-miss|p2a: Sinistcha|p1b: Pelipper\n|move|p1b: Pelipper|Hurricane|p2a: Sinistcha\n|-supereffective|p2a: Sinistcha|1\n|-damage|p2a: Sinistcha|0 fnt\n|faint|p2a: Sinistcha\n|\n|-weather|RainDance|[upkeep]\n|-ability|p1a: Scovillain|Moody|boost\n|-boost|p1a: Scovillain|atk|2\n|-unboost|p1a: Scovillain|spd|1\n|upkeep\n|\n|t:|1775898237\n|switch|p2a: Floette|Floette-Eternal, L50, F|100/100\n|turn|4\n|inactive|Manthis has 30 seconds left.\n|\n|t:|1775898270\n|detailschange|p2a: Floette|Floette-Mega, L50, F\n|-mega|p2a: Floette|Floette|Floettite\n|-ability|p2a: Floette|Fairy Aura\n|move|p1a: Scovillain|Helping Hand|p1b: Pelipper\n|-singleturn|p1b: Pelipper|Helping Hand|[of] p1a: Scovillain\n|move|p2b: Incineroar|Darkest Lariat|p1b: Pelipper\n|-damage|p1b: Pelipper|0 fnt\n|faint|p1b: Pelipper\n|move|p2a: Floette|Calm Mind|p2a: Floette\n|-boost|p2a: Floette|spa|1\n|-boost|p2a: Floette|spd|1\n|\n|-weather|RainDance|[upkeep]\n|-ability|p1a: Scovillain|Moody|boost\n|-boost|p1a: Scovillain|atk|2\n|-unboost|p1a: Scovillain|spa|1\n|upkeep\n|\n|t:|1775898280\n|switch|p1b: Milotic|Milotic, L50, M|100/100\n|turn|5\n|inactive|Manthis has 30 seconds left.\n|inactive|LiteralA has 30 seconds left.\n|\n|t:|1775898307\n|move|p1a: Scovillain|Protect|p1a: Scovillain\n|-singleturn|p1a: Scovillain|Protect\n|move|p2b: Incineroar|Darkest Lariat|p1a: Scovillain\n|-activate|p1a: Scovillain|move: Protect\n|move|p1b: Milotic|Surf|p2a: Floette|[spread] p2a,p2b\n|-activate|p1a: Scovillain|move: Protect\n|-supereffective|p2b: Incineroar|1\n|-damage|p2a: Floette|81/100\n|-damage|p2b: Incineroar|55/100\n|move|p2a: Floette|Psychic|p1b: Milotic\n|-damage|p1b: Milotic|59/100\n|\n|-weather|RainDance|[upkeep]\n|-heal|p1b: Milotic|64/100|[from] item: Leftovers\n|-fieldend|move: Trick Room\n|-ability|p1a: Scovillain|Moody|boost\n|-boost|p1a: Scovillain|def|2\n|-unboost|p1a: Scovillain|spa|1\n|upkeep\n|turn|6\n|inactive|Manthis has 30 seconds left.\n|inactive|Manthis has 20 seconds left.\n|inactive|Manthis has 15 seconds left.\n|\n|t:|1775898351\n|move|p1a: Scovillain|Helping Hand|p1b: Milotic\n|-singleturn|p1b: Milotic|Helping Hand|[of] p1a: Scovillain\n|move|p2a: Floette|Protect|p2a: Floette\n|-singleturn|p2a: Floette|Protect\n|move|p1b: Milotic|Surf|p2b: Incineroar|[spread] p1a,p2b\n|-activate|p2a: Floette|move: Protect\n|-end|p1a: Scovillain|Substitute\n|-supereffective|p2b: Incineroar|1\n|-damage|p2b: Incineroar|0 fnt\n|faint|p2b: Incineroar\n|\n|-weather|none\n|-heal|p1b: Milotic|70/100|[from] item: Leftovers\n|-ability|p1a: Scovillain|Moody|boost\n|-boost|p1a: Scovillain|spa|2\n|-unboost|p1a: Scovillain|atk|1\n|upkeep\n|\n|t:|1775898362\n|switch|p2b: Sneasler|Sneasler, L50, F, shiny|100/100\n|turn|7\n|\n|t:|1775898380\n|move|p1a: Scovillain|Protect|p1a: Scovillain\n|-singleturn|p1a: Scovillain|Protect\n|move|p1b: Milotic|Protect|p1b: Milotic\n|-singleturn|p1b: Milotic|Protect\n|move|p2b: Sneasler|Close Combat|p1b: Milotic\n|-activate|p1b: Milotic|move: Protect\n|move|p2a: Floette|Psychic|p1b: Milotic\n|-activate|p1b: Milotic|move: Protect\n|\n|-heal|p1b: Milotic|76/100|[from] item: Leftovers\n|-ability|p1a: Scovillain|Moody|boost\n|-boost|p1a: Scovillain|def|2\n|-unboost|p1a: Scovillain|spd|1\n|upkeep\n|turn|8\n|c|\u2606Manthis|i knew this mega was gonna be too terrible\n|inactive|Manthis has 30 seconds left.\n|c|\u2606Manthis|cuz gang what are my moody drops rn\n|inactive|Manthis has 20 seconds left.\n|inactive|Manthis has 15 seconds left.\n|inactive|Manthis has 10 seconds left.\n|\n|t:|1775898426\n|detailschange|p1a: Scovillain|Scovillain-Mega, L50, F\n|-mega|p1a: Scovillain|Scovillain|Scovillainite\n|move|p2b: Sneasler|Dire Claw|p1a: Scovillain\n|-supereffective|p1a: Scovillain|1\n|-damage|p1a: Scovillain|31/100\n|-status|p2b: Sneasler|brn|[from] ability: Spicy Spray|[of] p1a: Scovillain\n|move|p2a: Floette|Dazzling Gleam|p1b: Milotic|[spread] p1a,p1b\n|-resisted|p1a: Scovillain|1\n|-damage|p1a: Scovillain|0 fnt\n|-damage|p1b: Milotic|31/100\n|-status|p2a: Floette|brn|[from] ability: Spicy Spray|[of] p1a: Scovillain\n|faint|p1a: Scovillain\n|move|p1b: Milotic|Surf|p2b: Sneasler|[spread] p2a,p2b\n|-damage|p2a: Floette|69/100 brn\n|-damage|p2b: Sneasler|69/100 brn\n|\n|-heal|p1b: Milotic|37/100|[from] item: Leftovers\n|-damage|p2b: Sneasler|63/100 brn|[from] brn\n|-damage|p2a: Floette|63/100 brn|[from] brn\n|upkeep\n|\n|t:|1775898436\n|switch|p1a: Basculegion|Basculegion, L50, M|100/100\n|turn|9\n|\n|t:|1775898456\n|move|p1a: Basculegion|Last Respects|p2b: Sneasler\n|-damage|p2b: Sneasler|0 fnt\n|faint|p2b: Sneasler\n|move|p2a: Floette|Dazzling Gleam|p1a: Basculegion|[spread] p1a,p1b\n|-damage|p1a: Basculegion|22/100\n|-damage|p1b: Milotic|0 fnt\n|faint|p1b: Milotic\n|\n|-damage|p2a: Floette|57/100 brn|[from] brn\n|upkeep\n|turn|10\n|\n|t:|1775898466\n|move|p1a: Basculegion|Last Respects|p2a: Floette\n|-damage|p2a: Floette|0 fnt\n|faint|p2a: Floette\n|\n|win|Manthis\n|raw|Manthis's rating: 1000 &rarr; <strong>1040</strong><br />(+40 for winning)\n|raw|LiteralA's rating: 1000 &rarr; <strong>1000</strong><br />(+0 for losing)\n",
  "uploadtime": 1775898469,
  "views": 31,
  "formatid": "gen9championsvgc2026regma",
  "rating": 1000,
  "private": 0,
  "password": null
}