{
  "id": "gen9championsvgc2026regma-2587557976",
  "format": "[Gen 9 Champions] VGC 2026 Reg M-A",
  "players": [
    "DrDoommmm",
    "pikacon999"
  ],
  "log": "|j|\u2606DrDoommmm\n|j|\u2606pikacon999\n|t:|1776542127\n|gametype|doubles\n|player|p1|DrDoommmm|2|1000\n|player|p2|pikacon999|dawn|1000\n|gen|9\n|tier|[Gen 9 Champions] VGC 2026 Reg M-A\n|rated|\n|rule|Species Clause: Limit one of each Pok\u00e9mon\n|rule|Item Clause: Limit 1 of each item\n|clearpoke\n|poke|p1|Alakazam, L50, M|\n|poke|p1|Meowstic, L50, M|\n|poke|p1|Primarina, L50, M|\n|poke|p1|Sneasler, L50, F|\n|poke|p1|Incineroar, L50, F|\n|poke|p1|Maushold-Four, L50|\n|poke|p2|Charizard, L50, F|\n|poke|p2|Whimsicott, L50, M|\n|poke|p2|Garchomp, L50, M|\n|poke|p2|Rotom-Wash, L50|\n|poke|p2|Venusaur, L50, M|\n|poke|p2|Incineroar, L50, F|\n|teampreview|4\n|inactive|Battle timer is ON: inactive players will automatically lose when time's up. (requested by pikacon999)\npikacon999 rejected open team sheets.\n|\n|t:|1776542200\n|teamsize|p1|4\n|teamsize|p2|4\n|start\n|switch|p1a: Incineroar|Incineroar, L50, F|100/100\n|switch|p1b: Meowstic|Meowstic, L50, M|100/100\n|switch|p2a: Garchomp|Garchomp, L50, M|100/100\n|switch|p2b: Whimsy my beloved|Whimsicott, L50, M|100/100\n|-ability|p1a: Incineroar|Intimidate|boost\n|-unboost|p2a: Garchomp|atk|1\n|-unboost|p2b: Whimsy my beloved|atk|1\n|turn|1\n|inactive|pikacon999 has 30 seconds left.\n|inactive|pikacon999 has 20 seconds left.\n|inactive|pikacon999 has 15 seconds left.\n|\n|t:|1776542243\n|move|p1a: Incineroar|Fake Out|p2b: Whimsy my beloved\n|-damage|p2b: Whimsy my beloved|89/100\n|move|p1b: Meowstic|Psychic Terrain|p1b: Meowstic\n|-fieldstart|move: Psychic Terrain\n|move|p2a: Garchomp|Earthquake|p1a: Incineroar|[spread] p2b,p1a,p1b\n|-resisted|p2b: Whimsy my beloved|1\n|-supereffective|p1a: Incineroar|1\n|-crit|p1b: Meowstic\n|-damage|p2b: Whimsy my beloved|72/100\n|-damage|p1a: Incineroar|43/100\n|-damage|p1b: Meowstic|42/100\n|-enditem|p1a: Incineroar|Sitrus Berry|[eat]\n|-heal|p1a: Incineroar|68/100|[from] item: Sitrus Berry\n|cant|p2b: Whimsy my beloved|flinch\n|\n|upkeep\n|turn|2\n|inactive|DrDoommmm has 30 seconds left.\n|inactive|pikacon999 has 30 seconds left.\n|inactive|DrDoommmm has 20 seconds left.\n|\n|t:|1776542282\n|move|p1b: Meowstic|Protect|p1b: Meowstic\n|-singleturn|p1b: Meowstic|Protect\n|move|p2b: Whimsy my beloved|Encore|p1a: Incineroar\n|-activate|p1a: Incineroar|move: Psychic Terrain\n|move|p2a: Garchomp|Earthquake|p1b: Meowstic|[spread] p2b,p1a\n|-activate|p1b: Meowstic|move: Protect\n|-resisted|p2b: Whimsy my beloved|1\n|-supereffective|p1a: Incineroar|1\n|-damage|p2b: Whimsy my beloved|56/100\n|-damage|p1a: Incineroar|16/100\n|move|p1a: Incineroar|Flare Blitz|p2b: Whimsy my beloved\n|-supereffective|p2b: Whimsy my beloved|1\n|-damage|p2b: Whimsy my beloved|0 fnt\n|faint|p2b: Whimsy my beloved\n|-damage|p1a: Incineroar|3/100|[from] Recoil\n|\n|upkeep\n|\n|t:|1776542296\n|switch|p2b: Charizard|Charizard, L50, F|100/100\n|turn|3\n|\n|t:|1776542320\n|switch|p1a: Primarina|Primarina, L50, M|100/100\n|detailschange|p2b: Charizard|Charizard-Mega-Y, L50, F\n|-mega|p2b: Charizard|Charizard|Charizardite Y\n|-weather|SunnyDay|[from] ability: Drought|[of] p2b: Charizard\n|move|p2a: Garchomp|Earthquake|p1a: Primarina|[spread] p1a,p1b\n|-immune|p2b: Charizard\n|-damage|p1a: Primarina|64/100\n|-damage|p1b: Meowstic|15/100\n|move|p1b: Meowstic|Expanding Force|p2a: Garchomp|[spread] p2a,p2b\n|-damage|p2a: Garchomp|66/100\n|-damage|p2b: Charizard|66/100\n|move|p2b: Charizard|Heat Wave|p1b: Meowstic|[spread] p1a,p1b\n|-resisted|p1a: Primarina|1\n|-damage|p1a: Primarina|32/100\n|-damage|p1b: Meowstic|0 fnt\n|-status|p1a: Primarina|brn\n|faint|p1b: Meowstic\n|\n|-weather|SunnyDay|[upkeep]\n|-heal|p1a: Primarina|38/100 brn|[from] item: Leftovers\n|-damage|p1a: Primarina|32/100 brn|[from] brn\n|upkeep\n|inactive|DrDoommmm has 30 seconds left.\n|\n|t:|1776542347\n|switch|p1b: Incineroar|Incineroar, L50, F|3/100\n|-ability|p1b: Incineroar|Intimidate|boost\n|-unboost|p2a: Garchomp|atk|1\n|-unboost|p2b: Charizard|atk|1\n|turn|4\n|\n|t:|1776542363\n|switch|p2a: Venusaur|Venusaur, L50, M|100/100\n|move|p2b: Charizard|Protect|p2b: Charizard\n|-singleturn|p2b: Charizard|Protect\n|move|p1b: Incineroar|Fake Out|p2a: Venusaur\n|-activate|p2a: Venusaur|move: Psychic Terrain\n|move|p1a: Primarina|Hyper Voice|p2a: Venusaur|[spread] p2a\n|-activate|p2b: Charizard|move: Protect\n|-resisted|p2a: Venusaur|1\n|-damage|p2a: Venusaur|93/100\n|\n|-weather|SunnyDay|[upkeep]\n|-heal|p1a: Primarina|38/100 brn|[from] item: Leftovers\n|-damage|p1a: Primarina|32/100 brn|[from] brn\n|upkeep\n|turn|5\n|inactive|pikacon999 has 30 seconds left.\n|\n|t:|1776542394\n|move|p1a: Primarina|Protect|p1a: Primarina\n|-singleturn|p1a: Primarina|Protect\n|move|p2a: Venusaur|Solar Beam||[still]\n|-prepare|p2a: Venusaur|Solar Beam\n|-anim|p2a: Venusaur|Solar Beam|p1a: Primarina\n|-activate|p1a: Primarina|move: Protect\n|move|p2b: Charizard|Heat Wave|p1a: Primarina|[spread] p1b\n|-activate|p1a: Primarina|move: Protect\n|-resisted|p1b: Incineroar|1\n|-damage|p1b: Incineroar|0 fnt\n|faint|p1b: Incineroar\n|\n|-weather|SunnyDay|[upkeep]\n|-heal|p1a: Primarina|38/100 brn|[from] item: Leftovers\n|-damage|p1a: Primarina|32/100 brn|[from] brn\n|-fieldend|move: Psychic Terrain\n|upkeep\n|\n|t:|1776542408\n|switch|p1b: Alakazam|Alakazam, L50, M|100/100\n|turn|6\n|\n|t:|1776542425\n|move|p1b: Alakazam|Protect|p1b: Alakazam\n|-singleturn|p1b: Alakazam|Protect\n|move|p2a: Venusaur|Sludge Bomb|p1a: Primarina\n|-supereffective|p1a: Primarina|1\n|-damage|p1a: Primarina|0 fnt\n|faint|p1a: Primarina\n|move|p2b: Charizard|Weather Ball|p1b: Alakazam\n|-activate|p1b: Alakazam|move: Protect\n|\n|-weather|SunnyDay|[upkeep]\n|upkeep\n|turn|7\n|\n|t:|1776542441\n|detailschange|p1b: Alakazam|Alakazam-Mega, L50, M\n|-mega|p1b: Alakazam|Alakazam|Alakazite\n|-ability|p1b: Alakazam|Chlorophyll|Trace|[from] ability: Trace|[of] p2a: Venusaur\n|move|p1b: Alakazam|Expanding Force|p2a: Venusaur\n|-supereffective|p2a: Venusaur|1\n|-damage|p2a: Venusaur|0 fnt\n|faint|p2a: Venusaur\n|move|p2b: Charizard|Weather Ball|p1b: Alakazam\n|-damage|p1b: Alakazam|0 fnt\n|faint|p1b: Alakazam\n|\n|win|pikacon999\n|raw|DrDoommmm's rating: 1000 &rarr; <strong>1000</strong><br />(+0 for losing)\n|raw|pikacon999's rating: 1000 &rarr; <strong>1040</strong><br />(+40 for winning)\n|l|\u2606DrDoommmm\n|player|p1|\n",
  "uploadtime": 1776542452,
  "views": 18,
  "formatid": "gen9championsvgc2026regma",
  "rating": 1000,
  "private": 0,
  "password": null
}