{
  "id": "gen9championsvgc2026regma-2580423727",
  "format": "[Gen 9 Champions] VGC 2026 Reg M-A",
  "players": [
    "jamira!?",
    "Chloe"
  ],
  "log": "|j|\u2606jamira!?\n|j|\u2606Chloe\n|t:|1775894329\n|gametype|doubles\n|player|p1|jamira!?|170|1196\n|player|p2|Chloe|gwynn|1184\n|gen|9\n|tier|[Gen 9 Champions] VGC 2026 Reg M-A\n|rated|\n|rule|Species Clause: Limit one of each Pok\u00e9mon\n|rule|Item Clause: Limit 1 of each item\n|clearpoke\n|poke|p1|Charizard, L50, F|\n|poke|p1|Whimsicott, L50, M|\n|poke|p1|Raichu, L50, M|\n|poke|p1|Gyarados, L50, F|\n|poke|p1|Sneasler, L50, M|\n|poke|p1|Garchomp, L50, M|\n|poke|p2|Glimmora, L50, M|\n|poke|p2|Avalugg, L50, M|\n|poke|p2|Talonflame, L50, F|\n|poke|p2|Kingambit, L50, F|\n|poke|p2|Sinistcha, L50|\n|poke|p2|Politoed, L50, F|\n|teampreview|4\n|inactive|Battle timer is ON: inactive players will automatically lose when time's up. (requested by Chloe)\n|inactive|jamira!? has 60 seconds left.\n|inactive|Chloe has 60 seconds left.\n|\n|t:|1775894363\n|teamsize|p1|4\n|teamsize|p2|4\n|start\n|switch|p1a: Raichu|Raichu, L50, M|100/100\n|switch|p1b: Charizard|Charizard, L50, F|100/100\n|switch|p2a: Glimmora|Glimmora, L50, M|100/100\n|switch|p2b: Avalugg|Avalugg, L50, M|100/100\n|turn|1\n|\n|t:|1775894373\n|move|p2a: Glimmora|Spiky Shield|p2a: Glimmora\n|-singleturn|p2a: Glimmora|move: Protect\n|move|p2b: Avalugg|Protect|p2b: Avalugg\n|-singleturn|p2b: Avalugg|Protect\n|move|p1a: Raichu|Fake Out|p2a: Glimmora\n|-activate|p2a: Glimmora|move: Protect\n|-damage|p1a: Raichu|88/100|[from] Spiky Shield|[of] p2a: Glimmora\n|move|p1b: Charizard|Scorching Sands|p2a: Glimmora\n|-activate|p2a: Glimmora|move: Protect\n|\n|upkeep\n|turn|2\n|\n|t:|1775894395\n|detailschange|p2a: Glimmora|Glimmora-Mega, L50, M\n|-mega|p2a: Glimmora|Glimmora|Glimmoranite\n|move|p2b: Avalugg|Wide Guard|p2b: Avalugg\n|-singleturn|p2b: Avalugg|Wide Guard\n|move|p1a: Raichu|Encore|p2a: Glimmora\n|-start|p2a: Glimmora|Encore\n|move|p2a: Glimmora|Spiky Shield||[still]\n|-fail|p2a: Glimmora\n|move|p1b: Charizard|Heat Wave|p2a: Glimmora|[spread] \n|-activate|p2a: Glimmora|move: Wide Guard\n|-activate|p2b: Avalugg|move: Wide Guard\n|\n|upkeep\n|turn|3\n|\n|t:|1775894409\n|switch|p2a: Talonflame|Talonflame, L50, F|100/100\n|move|p1a: Raichu|Encore|p2b: Avalugg\n|-start|p2b: Avalugg|Encore\n|move|p2b: Avalugg|Wide Guard|p2b: Avalugg\n|-singleturn|p2b: Avalugg|Wide Guard\n|move|p1b: Charizard|Weather Ball|p2a: Talonflame\n|-damage|p2a: Talonflame|77/100\n|\n|upkeep\n|turn|4\n|\n|t:|1775894427\n|detailschange|p1b: Charizard|Charizard-Mega-Y, L50, F\n|-mega|p1b: Charizard|Charizard|Charizardite Y\n|-weather|SunnyDay|[from] ability: Drought|[of] p1b: Charizard\n|move|p2b: Avalugg|Wide Guard|p2b: Avalugg\n|-singleturn|p2b: Avalugg|Wide Guard\n|move|p2a: Talonflame|Tailwind|p2a: Talonflame\n|-sidestart|p2: Chloe|move: Tailwind\n|move|p1a: Raichu|Volt Switch|p2a: Talonflame\n|-supereffective|p2a: Talonflame|1\n|-damage|p2a: Talonflame|3/100\n|\n|t:|1775894439\n|switch|p1a: Whimsicott|Whimsicott, L50, M|100/100|[from] Volt Switch\n|move|p1b: Charizard|Weather Ball|p2b: Avalugg\n|-supereffective|p2b: Avalugg|1\n|-ability|p2b: Avalugg|Sturdy\n|-damage|p2b: Avalugg|1/100\n|\n|-weather|SunnyDay|[upkeep]\n|upkeep\n|turn|5\n|\n|t:|1775894455\n|switch|p2b: Politoed|Politoed, L50, F|100/100\n|-weather|RainDance|[from] ability: Drizzle|[of] p2b: Politoed\n|switch|p1b: Raichu|Raichu, L50, M|88/100\n|move|p1a: Whimsicott|Encore|p2a: Talonflame\n|-start|p2a: Talonflame|Encore\n|-enditem|p2a: Talonflame|Mental Herb\n|-end|p2a: Talonflame|Encore\n|move|p2a: Talonflame|Tailwind||[still]\n|-fail|p2a: Talonflame\n|\n|-weather|RainDance|[upkeep]\n|upkeep\n|turn|6\n|inactive|Chloe has 30 seconds left.\n|\n|t:|1775894487\n|switch|p2a: Glimmora|Glimmora-Mega, L50, M|100/100\n|switch|p2b: Avalugg|Avalugg, L50, M|1/100\n|move|p1b: Raichu|Fake Out|p2b: Avalugg\n|-damage|p2b: Avalugg|0 fnt\n|faint|p2b: Avalugg\n|move|p1a: Whimsicott|Encore||[still]\n|-fail|p1a: Whimsicott\n|\n|-weather|RainDance|[upkeep]\n|upkeep\n|\n|t:|1775894499\n|switch|p2b: Politoed|Politoed, L50, F|100/100\n|turn|7\n|\n|t:|1775894520\n|move|p2b: Politoed|Helping Hand|p2a: Glimmora\n|-singleturn|p2a: Glimmora|Helping Hand|[of] p2b: Politoed\n|move|p2a: Glimmora|Sludge Wave|p1b: Raichu|[spread] p2b,p1a,p1b\n|-supereffective|p1a: Whimsicott|2\n|-damage|p2b: Politoed|49/100\n|-enditem|p1a: Whimsicott|Focus Sash\n|-damage|p1a: Whimsicott|1/100\n|-damage|p1b: Raichu|0 fnt\n|faint|p1b: Raichu\n|move|p1a: Whimsicott|Moonblast|p2b: Politoed\n|-damage|p2b: Politoed|24/100\n|\n|-weather|RainDance|[upkeep]\n|-sideend|p2: Chloe|move: Tailwind\n|upkeep\n|\n|t:|1775894534\n|switch|p1b: Sneasler|Sneasler, L50, M|100/100\n|turn|8\n|\n|t:|1775894544\n|move|p1b: Sneasler|Fake Out|p2a: Glimmora\n|-resisted|p2a: Glimmora|1\n|-damage|p2a: Glimmora|93/100\n|move|p1a: Whimsicott|Moonblast|p2b: Politoed\n|-crit|p2b: Politoed\n|-damage|p2b: Politoed|0 fnt\n|faint|p2b: Politoed\n|cant|p2a: Glimmora|flinch\n|\n|-weather|RainDance|[upkeep]\n|upkeep\n|\n|t:|1775894548\n|switch|p2b: Talonflame|Talonflame, L50, F|3/100\n|turn|9\n|j| FrozenCold\n|\n|t:|1775894561\n|move|p1a: Whimsicott|Tailwind|p1a: Whimsicott\n|-sidestart|p1: jamira!?|move: Tailwind\n|move|p1b: Sneasler|Dire Claw|p2b: Talonflame\n|-damage|p2b: Talonflame|0 fnt\n|faint|p2b: Talonflame\n|move|p2a: Glimmora|Earth Power|p1b: Sneasler\n|-supereffective|p1b: Sneasler|1\n|-damage|p1b: Sneasler|2/100\n|\n|-weather|none\n|upkeep\n|turn|10\n|\n|t:|1775894569\n|move|p1b: Sneasler|Close Combat|p2a: Glimmora\n|-damage|p2a: Glimmora|30/100\n|-unboost|p1b: Sneasler|def|1\n|-unboost|p1b: Sneasler|spd|1\n|-enditem|p1b: Sneasler|White Herb\n|-clearnegativeboost|p1b: Sneasler|[silent]\n|move|p1a: Whimsicott|Moonblast|p2a: Glimmora\n|-resisted|p2a: Glimmora|1\n|-damage|p2a: Glimmora|9/100\n|move|p2a: Glimmora|Sludge Wave|p1a: Whimsicott|[spread] p1a,p1b\n|-supereffective|p1a: Whimsicott|2\n|-resisted|p1b: Sneasler|1\n|-damage|p1a: Whimsicott|0 fnt\n|-damage|p1b: Sneasler|0 fnt\n|faint|p1a: Whimsicott\n|faint|p1b: Sneasler\n|\n|upkeep\n|l| FrozenCold\n|\n|t:|1775894573\n|switch|p1b: Charizard|Charizard-Mega-Y, L50, F|100/100\n|-weather|SunnyDay|[from] ability: Drought|[of] p1b: Charizard\n|turn|11\n|\n|t:|1775894578\n|move|p2a: Glimmora|Spiky Shield|p2a: Glimmora\n|-singleturn|p2a: Glimmora|move: Protect\n|move|p1b: Charizard|Weather Ball|p2a: Glimmora\n|-activate|p2a: Glimmora|move: Protect\n|\n|-weather|SunnyDay|[upkeep]\n|upkeep\n|turn|12\n|\n|t:|1775894580\n|move|p2a: Glimmora|Spiky Shield||[still]\n|-fail|p2a: Glimmora\n|move|p1b: Charizard|Weather Ball|p2a: Glimmora\n|-resisted|p2a: Glimmora|1\n|-damage|p2a: Glimmora|0 fnt\n|faint|p2a: Glimmora\n|\n|win|jamira!?\n|raw|jamira!?'s rating: 1196 &rarr; <strong>1220</strong><br />(+24 for winning)\n|raw|Chloe's rating: 1184 &rarr; <strong>1160</strong><br />(-24 for losing)\n",
  "uploadtime": 1775894587,
  "views": 85,
  "formatid": "gen9championsvgc2026regma",
  "rating": 1160,
  "private": 0,
  "password": null
}