{
  "id": "gen9championsvgc2026regma-2584461137",
  "format": "[Gen 9 Champions] VGC 2026 Reg M-A",
  "players": [
    "alvarriderr",
    "metaroou"
  ],
  "log": "|j|\u2606alvarriderr\n|j|\u2606metaroou\n|t:|1776262440\n|gametype|doubles\n|player|p1|alvarriderr|hilbert-wonderlauncher|1081\n|player|p2|metaroou|rocketgrunt|1173\n|gen|9\n|tier|[Gen 9 Champions] VGC 2026 Reg M-A\n|rated|\n|rule|Species Clause: Limit one of each Pok\u00e9mon\n|rule|Item Clause: Limit 1 of each item\n|clearpoke\n|poke|p1|Hawlucha, L50, F|\n|poke|p1|Excadrill, L50, M|\n|poke|p1|Tyranitar, L50, F|\n|poke|p1|Sinistcha, L50|\n|poke|p1|Rotom-Wash, L50|\n|poke|p1|Volcarona, L50, F|\n|poke|p2|Scizor, L50, M|\n|poke|p2|Pelipper, L50, M|\n|poke|p2|Archaludon, L50, M|\n|poke|p2|Basculegion, L50, M|\n|poke|p2|Sinistcha, L50|\n|poke|p2|Arcanine-Hisui, L50, M|\n|teampreview|4\n|inactive|Battle timer is ON: inactive players will automatically lose when time's up. (requested by metaroou)\n|\n|t:|1776262478\n|teamsize|p1|4\n|teamsize|p2|4\n|start\n|switch|p1a: Hawlucha|Hawlucha, L50, F|100/100\n|switch|p1b: Excadrill|Excadrill, L50, M|100/100\n|switch|p2a: Nakata|Basculegion, L50, M|100/100\n|switch|p2b: Batistuta|Archaludon, L50, M|100/100\n|turn|1\n|inactive|alvarriderr has 30 seconds left.\n|inactive|alvarriderr has 20 seconds left.\n|\n|t:|1776262515\n|detailschange|p1a: Hawlucha|Hawlucha-Mega, L50, F\n|-mega|p1a: Hawlucha|Hawlucha|Hawluchanite\n|move|p2a: Nakata|Flip Turn|p1b: Excadrill\n|-supereffective|p1b: Excadrill|1\n|-damage|p1b: Excadrill|28/100\n|\n|t:|1776262520\n|switch|p2a: Tommasi|Pelipper, L50, M, shiny|100/100|[from] Flip Turn\n|-weather|RainDance|[from] ability: Drizzle|[of] p2a: Tommasi\n|move|p1a: Hawlucha|Entrainment|p1b: Excadrill\n|-ability|p1b: Excadrill|No Guard|Sand Rush|[from] move: Entrainment|[of] p1a: Hawlucha\n|move|p1b: Excadrill|Fissure|p2a: Tommasi\n|-immune|p2a: Tommasi\n|move|p2b: Batistuta|Electro Shot||[still]\n|-prepare|p2b: Batistuta|Electro Shot\n|-boost|p2b: Batistuta|spa|1\n|-anim|p2b: Batistuta|Electro Shot|p1a: Hawlucha\n|-supereffective|p1a: Hawlucha|1\n|-damage|p1a: Hawlucha|0 fnt\n|faint|p1a: Hawlucha\n|\n|-weather|RainDance|[upkeep]\n|upkeep\n|\n|t:|1776262538\n|switch|p1a: Tyranitar|Tyranitar, L50, F|100/100\n|-weather|Sandstorm|[from] ability: Sand Stream|[of] p1a: Tyranitar\n|turn|2\n|\n|t:|1776262546\n|move|p1b: Excadrill|Fissure|p2b: Batistuta\n|-damage|p2b: Batistuta|0 fnt\n|faint|p2b: Batistuta\n|-ohko\n|move|p2a: Tommasi|Tailwind|p2a: Tommasi\n|-sidestart|p2: metaroou|move: Tailwind\n|move|p1a: Tyranitar|Rock Slide|p2a: Tommasi\n|-supereffective|p2a: Tommasi|1\n|-damage|p2a: Tommasi|20/100\n|\n|-weather|Sandstorm|[upkeep]\n|-damage|p2a: Tommasi|15/100|[from] Sandstorm\n|-heal|p2a: Tommasi|20/100|[from] item: Leftovers\n|upkeep\n|\n|t:|1776262557\n|switch|p2b: Nakata|Basculegion, L50, M|100/100\n|turn|3\n|\n|t:|1776262581\n|switch|p2a: Totti|Scizor, L50, M|100/100\n|move|p1b: Excadrill|Protect|p1b: Excadrill\n|-singleturn|p1b: Excadrill|Protect\n|move|p2b: Nakata|Flip Turn|p1b: Excadrill\n|-activate|p1b: Excadrill|move: Protect\n|move|p1a: Tyranitar|Knock Off|p2b: Nakata\n|-supereffective|p2b: Nakata|1\n|-damage|p2b: Nakata|0 fnt\n|-enditem|p2b: Nakata|Choice Scarf|[from] move: Knock Off|[of] p1a: Tyranitar\n|faint|p2b: Nakata\n|\n|-weather|Sandstorm|[upkeep]\n|upkeep\n|\n|t:|1776262590\n|switch|p2b: Tommasi|Pelipper, L50, M, shiny|20/100\n|-weather|RainDance|[from] ability: Drizzle|[of] p2b: Tommasi\n|turn|4\n|\n|t:|1776262602\n|detailschange|p2a: Totti|Scizor-Mega, L50, M\n|-mega|p2a: Totti|Scizor|Scizorite\n|move|p2b: Tommasi|Protect|p2b: Tommasi\n|-singleturn|p2b: Tommasi|Protect\n|move|p2a: Totti|Bullet Punch|p1b: Excadrill\n|-resisted|p1b: Excadrill|1\n|-damage|p1b: Excadrill|2/100\n|move|p1b: Excadrill|Fissure|p2a: Totti\n|-damage|p2a: Totti|0 fnt\n|faint|p2a: Totti\n|-ohko\n|move|p1a: Tyranitar|Rock Slide|p2b: Tommasi\n|-activate|p2b: Tommasi|move: Protect\n|\n|-weather|RainDance|[upkeep]\n|-heal|p2b: Tommasi|26/100|[from] item: Leftovers\n|upkeep\n|turn|5\n|-message|metaroou forfeited.\n|\n|win|alvarriderr\n|raw|alvarriderr's rating: 1081 &rarr; <strong>1116</strong><br />(+35 for winning)\n|raw|metaroou's rating: 1173 &rarr; <strong>1142</strong><br />(-31 for losing)\n|l|\u2606metaroou\n|player|p2|\n|c|\u2606alvarriderr|gg\n",
  "uploadtime": 1776262620,
  "views": 51,
  "formatid": "gen9championsvgc2026regma",
  "rating": 1116,
  "private": 0,
  "password": null
}