{
  "id": "gen9championsvgc2026regma-2588206693",
  "format": "[Gen 9 Champions] VGC 2026 Reg M-A",
  "players": [
    "MvillMpersonality",
    "kaykeshadow19"
  ],
  "log": "|j|\u2606MvillMpersonality\n|j|\u2606kaykeshadow19\n|t:|1776614376\n|gametype|doubles\n|player|p1|MvillMpersonality|169|1151\n|player|p2|kaykeshadow19|giovanni|1057\n|gen|9\n|tier|[Gen 9 Champions] VGC 2026 Reg M-A\n|rated|\n|rule|Species Clause: Limit one of each Pok\u00e9mon\n|rule|Item Clause: Limit 1 of each item\n|clearpoke\n|poke|p1|Scovillain, L50, F|\n|poke|p1|Sinistcha, L50|\n|poke|p1|Gallade, L50, M|\n|poke|p1|Kingambit, L50, F|\n|poke|p1|Rhyperior, L50, F|\n|poke|p1|Primarina, L50, M|\n|poke|p2|Charizard, L50, F, shiny|\n|poke|p2|Garchomp, L50, F|\n|poke|p2|Venusaur, L50, F|\n|poke|p2|Talonflame, L50, M|\n|poke|p2|Volcarona, L50, M|\n|poke|p2|Sinistcha, L50|\n|teampreview|4\n|c|\u2606MvillMpersonality|glhf\n|\n|t:|1776614413\n|teamsize|p1|4\n|teamsize|p2|4\n|start\n|switch|p1a: The Antagonist|Scovillain, L50, F|100/100\n|switch|p1b: The Beef|Rhyperior, L50, F|100/100\n|switch|p2a: Charizard|Charizard, L50, F, shiny|100/100\n|switch|p2b: Venusaur|Venusaur, L50, F|100/100\n|turn|1\n|\n|t:|1776614427\n|detailschange|p2a: Charizard|Charizard-Mega-Y, L50, F, shiny\n|-mega|p2a: Charizard|Charizard|Charizardite Y\n|-weather|SunnyDay|[from] ability: Drought|[of] p2a: Charizard\n|detailschange|p1a: The Antagonist|Scovillain-Mega, L50, F\n|-mega|p1a: The Antagonist|Scovillain|Scovillainite\n|move|p2a: Charizard|Protect|p2a: Charizard\n|-singleturn|p2a: Charizard|Protect\n|move|p1b: The Beef|Protect|p1b: The Beef\n|-singleturn|p1b: The Beef|Protect\n|move|p2b: Venusaur|Sleep Powder|p1b: The Beef\n|-activate|p1b: The Beef|move: Protect\n|move|p1a: The Antagonist|Overheat|p2b: Venusaur\n|-supereffective|p2b: Venusaur|1\n|-enditem|p2b: Venusaur|Focus Sash\n|-damage|p2b: Venusaur|1/100\n|-unboost|p1a: The Antagonist|spa|2\n|\n|-weather|SunnyDay|[upkeep]\n|upkeep\n|turn|2\n|\n|t:|1776614445\n|move|p1a: The Antagonist|Rage Powder|p1a: The Antagonist\n|-singleturn|p1a: The Antagonist|move: Rage Powder\n|move|p2b: Venusaur|Sleep Powder|p1b: The Beef|[miss]\n|-miss|p2b: Venusaur|p1b: The Beef\n|move|p2a: Charizard|Solar Beam||[still]\n|-prepare|p2a: Charizard|Solar Beam\n|-anim|p2a: Charizard|Solar Beam|p1a: The Antagonist\n|-resisted|p1a: The Antagonist|2\n|-damage|p1a: The Antagonist|89/100\n|-immune|p2a: Charizard\n|move|p1b: The Beef|Rock Slide|p2a: Charizard|[spread] p2a,p2b\n|-supereffective|p2a: Charizard|2\n|-damage|p2a: Charizard|0 fnt\n|-damage|p2b: Venusaur|0 fnt\n|faint|p2a: Charizard\n|faint|p2b: Venusaur\n|\n|-weather|SunnyDay|[upkeep]\n|upkeep\n|\n|t:|1776614451\n|switch|p2a: Garchomp|Garchomp, L50, F|100/100\n|switch|p2b: Talonflame|Talonflame, L50, M|100/100\n|turn|3\n|\n|t:|1776614474\n|switch|p1b: The Cleric|Sinistcha, L50|100/100\n|-heal|p1a: The Antagonist|100/100|[from] ability: Hospitality|[of] p1b: The Cleric\n|move|p1a: The Antagonist|Protect|p1a: The Antagonist\n|-singleturn|p1a: The Antagonist|Protect\n|move|p2b: Talonflame|Tailwind|p2b: Talonflame\n|-sidestart|p2: kaykeshadow19|move: Tailwind\n|move|p2a: Garchomp|Earthquake|p1b: The Cleric|[spread] p1b\n|-activate|p1a: The Antagonist|move: Protect\n|-immune|p2b: Talonflame\n|-resisted|p1b: The Cleric|1\n|-damage|p1b: The Cleric|81/100\n|\n|-weather|SunnyDay|[upkeep]\n|upkeep\n|turn|4\n|\n|t:|1776614497\n|move|p1a: The Antagonist|Rage Powder|p1a: The Antagonist\n|-singleturn|p1a: The Antagonist|move: Rage Powder\n|move|p2b: Talonflame|Acrobatics|p1a: The Antagonist\n|-supereffective|p1a: The Antagonist|1\n|-damage|p1a: The Antagonist|12/100\n|-immune|p2b: Talonflame\n|move|p2a: Garchomp|Swords Dance|p2a: Garchomp\n|-boost|p2a: Garchomp|atk|2\n|move|p1b: The Cleric|Trick Room|p1b: The Cleric\n|-fieldstart|move: Trick Room|[of] p1b: The Cleric\n|\n|-weather|SunnyDay|[upkeep]\n|upkeep\n|turn|5\n|\n|t:|1776614523\n|move|p1a: The Antagonist|Rage Powder|p1a: The Antagonist\n|-singleturn|p1a: The Antagonist|move: Rage Powder\n|move|p2b: Talonflame|Acrobatics|p1a: The Antagonist\n|-supereffective|p1a: The Antagonist|1\n|-crit|p1a: The Antagonist\n|-damage|p1a: The Antagonist|0 fnt\n|-immune|p2b: Talonflame\n|faint|p1a: The Antagonist\n|move|p1b: The Cleric|Nasty Plot|p1b: The Cleric\n|-boost|p1b: The Cleric|spa|2\n|move|p2a: Garchomp|Earthquake|p1b: The Cleric|[spread] p1b\n|-immune|p2b: Talonflame\n|-resisted|p1b: The Cleric|1\n|-damage|p1b: The Cleric|45/100\n|\n|-weather|none\n|upkeep\n|\n|t:|1776614537\n|switch|p1a: Primarina|Primarina, L50, M|100/100\n|turn|6\n|\n|t:|1776614550\n|move|p1b: The Cleric|Protect|p1b: The Cleric\n|-singleturn|p1b: The Cleric|Protect\n|move|p2b: Talonflame|Acrobatics|p1a: Primarina\n|-damage|p1a: Primarina|52/100\n|move|p1a: Primarina|Hyper Voice|p2a: Garchomp|[spread] p2a,p2b\n|-supereffective|p2b: Talonflame|1\n|-damage|p2a: Garchomp|50/100\n|-damage|p2b: Talonflame|0 fnt\n|faint|p2b: Talonflame\n|move|p2a: Garchomp|Earthquake|p1a: Primarina|[spread] p1a\n|-activate|p1b: The Cleric|move: Protect\n|-damage|p1a: Primarina|0 fnt\n|faint|p1a: Primarina\n|\n|-sideend|p2: kaykeshadow19|move: Tailwind\n|upkeep\n|\n|t:|1776614563\n|switch|p1a: The Beef|Rhyperior, L50, F|100/100\n|turn|7\n|\n|t:|1776614571\n|move|p1a: The Beef|High Horsepower|p2a: Garchomp\n|-damage|p2a: Garchomp|0 fnt\n|-damage|p1a: The Beef|88/100|[from] ability: Rough Skin|[of] p2a: Garchomp\n|faint|p2a: Garchomp\n|\n|win|MvillMpersonality\n|raw|MvillMpersonality's rating: 1151 &rarr; <strong>1169</strong><br />(+18 for winning)\n|raw|kaykeshadow19's rating: 1057 &rarr; <strong>1043</strong><br />(-14 for losing)\n|l|\u2606kaykeshadow19\n|player|p2|\n",
  "uploadtime": 1776614578,
  "views": 18,
  "formatid": "gen9championsvgc2026regma",
  "rating": 1043,
  "private": 0,
  "password": null
}