{
  "id": "gen9championsvgc2026regma-2581646012",
  "format": "[Gen 9 Champions] VGC 2026 Reg M-A",
  "players": [
    "Goldzafer",
    "sleepdeprivedpanda"
  ],
  "log": "|j|\u2606Goldzafer\n|j|\u2606sleepdeprivedpanda\n|t:|1776017632\n|gametype|doubles\n|player|p1|Goldzafer|battlegirl-gen4|1035\n|player|p2|sleepdeprivedpanda|101|1000\n|gen|9\n|tier|[Gen 9 Champions] VGC 2026 Reg M-A\n|rated|\n|rule|Species Clause: Limit one of each Pok\u00e9mon\n|rule|Item Clause: Limit 1 of each item\n|clearpoke\n|poke|p1|Aggron, L50, M|\n|poke|p1|Sinistcha, L50|\n|poke|p1|Pelipper, L50, F|\n|poke|p1|Incineroar, L50, M|\n|poke|p1|Garchomp, L50, M|\n|poke|p1|Basculegion-F, L50, F|\n|poke|p2|Whimsicott, L50, F|\n|poke|p2|Dragonite, L50, M|\n|poke|p2|Torkoal, L50, M|\n|poke|p2|Golurk, L50|\n|poke|p2|Sneasler, L50, M|\n|poke|p2|Kingambit, L50, F|\n|teampreview|4\n|inactive|Battle timer is ON: inactive players will automatically lose when time's up. (requested by sleepdeprivedpanda)\n|\n|t:|1776017680\n|teamsize|p1|4\n|teamsize|p2|4\n|start\n|switch|p1a: Pelipper|Pelipper, L50, F|100/100\n|switch|p1b: Basculegion|Basculegion-F, L50, F|100/100\n|switch|p2a: Sneasler|Sneasler, L50, M|100/100\n|switch|p2b: Whimsicott|Whimsicott, L50, F|100/100\n|-weather|RainDance|[from] ability: Drizzle|[of] p1a: Pelipper\n|-ability|p2a: Sneasler|Pressure\n|turn|1\n|inactive|sleepdeprivedpanda has 30 seconds left.\n|\n|t:|1776017708\n|move|p2a: Sneasler|Fake Out|p1a: Pelipper\n|-crit|p1a: Pelipper\n|-damage|p1a: Pelipper|81/100\n|move|p2b: Whimsicott|Tailwind|p2b: Whimsicott\n|-sidestart|p2: sleepdeprivedpanda|move: Tailwind\n|move|p1b: Basculegion|Psychic Fangs|p2a: Sneasler\n|-supereffective|p2a: Sneasler|2\n|-enditem|p2a: Sneasler|Focus Sash\n|-damage|p2a: Sneasler|1/100\n|cant|p1a: Pelipper|flinch\n|\n|-weather|RainDance|[upkeep]\n|upkeep\n|turn|2\n|\n|t:|1776017731\n|move|p2a: Sneasler|U-turn|p1b: Basculegion\n|-resisted|p1b: Basculegion|1\n|-damage|p1b: Basculegion|89/100\n|\n|t:|1776017735\n|switch|p2a: Torkoal|Torkoal, L50, M|100/100|[from] U-turn\n|-weather|SunnyDay|[from] ability: Drought|[of] p2a: Torkoal\n|move|p2b: Whimsicott|Solar Beam||[still]\n|-prepare|p2b: Whimsicott|Solar Beam\n|-anim|p2b: Whimsicott|Solar Beam|p1b: Basculegion\n|-supereffective|p1b: Basculegion|1\n|-damage|p1b: Basculegion|0 fnt\n|faint|p1b: Basculegion\n|move|p1a: Pelipper|Icy Wind|p2b: Whimsicott|[spread] p2a,p2b\n|-resisted|p2a: Torkoal|1\n|-supereffective|p2b: Whimsicott|1\n|-damage|p2a: Torkoal|95/100\n|-damage|p2b: Whimsicott|68/100\n|-unboost|p2a: Torkoal|spe|1\n|-unboost|p2b: Whimsicott|spe|1\n|\n|-weather|SunnyDay|[upkeep]\n|-heal|p2b: Whimsicott|74/100|[from] item: Leftovers\n|upkeep\n|\n|t:|1776017757\n|switch|p1b: Aggron|Aggron, L50, M|100/100\n|turn|3\n|inactive|sleepdeprivedpanda has 30 seconds left.\n|\n|t:|1776017787\n|switch|p1a: Garchomp|Garchomp, L50, M|100/100\n|detailschange|p1b: Aggron|Aggron-Mega, L50, M\n|-mega|p1b: Aggron|Aggron|Aggronite\n|move|p1b: Aggron|Protect|p1b: Aggron\n|-singleturn|p1b: Aggron|Protect\n|move|p2b: Whimsicott|Solar Beam||[still]\n|-prepare|p2b: Whimsicott|Solar Beam\n|-anim|p2b: Whimsicott|Solar Beam|p1a: Garchomp\n|-damage|p1a: Garchomp|55/100\n|move|p2a: Torkoal|Eruption|p1b: Aggron|[spread] p1a\n|-activate|p1b: Aggron|move: Protect\n|-resisted|p1a: Garchomp|1\n|-damage|p1a: Garchomp|13/100\n|\n|-weather|SunnyDay|[upkeep]\n|-heal|p2b: Whimsicott|80/100|[from] item: Leftovers\n|upkeep\n|turn|4\n|inactive|Goldzafer has 30 seconds left.\n|\n|t:|1776017815\n|switch|p1b: Pelipper|Pelipper, L50, F|81/100\n|-weather|RainDance|[from] ability: Drizzle|[of] p1b: Pelipper\n|move|p2b: Whimsicott|Solar Beam||[still]\n|-prepare|p2b: Whimsicott|Solar Beam\n|move|p1a: Garchomp|Earthquake|p2b: Whimsicott|[spread] p2a,p2b\n|-immune|p1b: Pelipper\n|-supereffective|p2a: Torkoal|1\n|-resisted|p2b: Whimsicott|1\n|-damage|p2a: Torkoal|34/100\n|-damage|p2b: Whimsicott|51/100\n|move|p2a: Torkoal|Eruption|p1b: Pelipper|[spread] p1a,p1b\n|-resisted|p1a: Garchomp|1\n|-resisted|p1b: Pelipper|1\n|-damage|p1a: Garchomp|8/100\n|-damage|p1b: Pelipper|74/100\n|\n|-weather|RainDance|[upkeep]\n|-heal|p2b: Whimsicott|57/100|[from] item: Leftovers\n|-sideend|p2: sleepdeprivedpanda|move: Tailwind\n|upkeep\n|turn|5\n|inactive|Goldzafer has 30 seconds left.\n|\n|t:|1776017844\n|move|p2a: Torkoal|Protect|p2a: Torkoal\n|-singleturn|p2a: Torkoal|Protect\n|move|p1b: Pelipper|Hurricane|p2b: Whimsicott\n|-supereffective|p2b: Whimsicott|1\n|-damage|p2b: Whimsicott|0 fnt\n|faint|p2b: Whimsicott\n|move|p1a: Garchomp|Rock Slide|p2a: Torkoal\n|-activate|p2a: Torkoal|move: Protect\n|\n|-weather|RainDance|[upkeep]\n|upkeep\n|\n|t:|1776017857\n|switch|p2b: Sneasler|Sneasler, L50, M|1/100\n|-ability|p2b: Sneasler|Pressure\n|turn|6\n|inactive|Goldzafer has 30 seconds left.\n|inactive|sleepdeprivedpanda has 30 seconds left.\n|\n|t:|1776017900\n|move|p2b: Sneasler|Fake Out|p1a: Garchomp\n|-damage|p1a: Garchomp|0 fnt\n|-damage|p2b: Sneasler|0 fnt|[from] ability: Rough Skin|[of] p1a: Garchomp\n|faint|p1a: Garchomp\n|faint|p2b: Sneasler\n|move|p1b: Pelipper|Hurricane|p2a: Torkoal\n|-damage|p2a: Torkoal|0 fnt\n|faint|p2a: Torkoal\n|\n|-weather|RainDance|[upkeep]\n|upkeep\n|\n|t:|1776017914\n|switch|p1a: Aggron|Aggron-Mega, L50, M|100/100\n|switch|p2a: Golurk|Golurk, L50|100/100\n|turn|7\n|\n|t:|1776017931\n|detailschange|p2a: Golurk|Golurk-Mega, L50\n|-mega|p2a: Golurk|Golurk|Golurkite\n|move|p1b: Pelipper|Hurricane|p2a: Golurk\n|-damage|p2a: Golurk|69/100\n|-start|p2a: Golurk|confusion\n|-activate|p2a: Golurk|confusion\n|move|p2a: Golurk|Headlong Rush|p1a: Aggron\n|-supereffective|p1a: Aggron|1\n|-damage|p1a: Aggron|51/100\n|-unboost|p2a: Golurk|def|1\n|-unboost|p2a: Golurk|spd|1\n|move|p1a: Aggron|Heavy Slam|p2a: Golurk\n|-damage|p2a: Golurk|46/100\n|\n|-weather|RainDance|[upkeep]\n|upkeep\n|turn|8\n|inactive|Goldzafer has 30 seconds left.\n|\n|t:|1776017963\n|move|p1b: Pelipper|Hurricane|p2a: Golurk\n|-damage|p2a: Golurk|0 fnt\n|faint|p2a: Golurk\n|\n|win|Goldzafer\n|raw|Goldzafer's rating: 1035 &rarr; <strong>1066</strong><br />(+31 for winning)\n|raw|sleepdeprivedpanda's rating: 1000 &rarr; <strong>1000</strong><br />(+0 for losing)\n|l|\u2606sleepdeprivedpanda\n|player|p2|\n",
  "uploadtime": 1776017973,
  "views": 15,
  "formatid": "gen9championsvgc2026regma",
  "rating": 1000,
  "private": 0,
  "password": null
}