{
  "id": "gen9championsvgc2026regma-2587659373",
  "format": "[Gen 9 Champions] VGC 2026 Reg M-A",
  "players": [
    "AquaticPanic",
    "nngf\u9b3c\u8749\u4fa0"
  ],
  "log": "|j|\u2606AquaticPanic\n|j|\u2606nngf\u9b3c\u8749\u4fa0\n|t:|1776551246\n|gametype|doubles\n|player|p1|AquaticPanic|bellelba|1387\n|player|p2|nngf\u9b3c\u8749\u4fa0|bugsy|1380\n|gen|9\n|tier|[Gen 9 Champions] VGC 2026 Reg M-A\n|rated|\n|rule|Species Clause: Limit one of each Pok\u00e9mon\n|rule|Item Clause: Limit 1 of each item\n|clearpoke\n|poke|p1|Venusaur, L50, F|\n|poke|p1|Charizard, L50, M|\n|poke|p1|Garchomp, L50, M|\n|poke|p1|Armarouge, L50, M|\n|poke|p1|Rotom-Wash, L50|\n|poke|p1|Aerodactyl, L50, F|\n|poke|p2|Sinistcha, L50|\n|poke|p2|Ampharos, L50, M|\n|poke|p2|Kangaskhan, L50, F|\n|poke|p2|Basculegion, L50, M|\n|poke|p2|Politoed, L50, F|\n|poke|p2|Whimsicott, L50, F|\n|teampreview|4\n|\n|t:|1776551283\n|teamsize|p1|4\n|teamsize|p2|4\n|start\n|switch|p1a: Venusaur|Venusaur, L50, F|100/100\n|switch|p1b: Rotom|Rotom-Wash, L50|100/100\n|switch|p2a: Whimsicott|Whimsicott, L50, F|100/100\n|switch|p2b: Kangaskhan|Kangaskhan, L50, F|100/100\n|turn|1\n|\n|t:|1776551300\n|detailschange|p2b: Kangaskhan|Kangaskhan-Mega, L50, F\n|-mega|p2b: Kangaskhan|Kangaskhan|Kangaskhanite\n|detailschange|p1a: Venusaur|Venusaur-Mega, L50, F\n|-mega|p1a: Venusaur|Venusaur|Venusaurite\n|move|p2b: Kangaskhan|Fake Out|p1b: Rotom\n|-damage|p1b: Rotom|78/100\n|-damage|p1b: Rotom|73/100\n|-hitcount|p1b: Rotom|2\n|move|p2a: Whimsicott|Tailwind|p2a: Whimsicott\n|-sidestart|p2: nngf\u9b3c\u8749\u4fa0|move: Tailwind\n|cant|p1b: Rotom|flinch\n|move|p1a: Venusaur|Sludge Bomb|p2a: Whimsicott\n|-supereffective|p2a: Whimsicott|2\n|-enditem|p2a: Whimsicott|Focus Sash\n|-damage|p2a: Whimsicott|1/100\n|-status|p2a: Whimsicott|psn\n|\n|-damage|p2a: Whimsicott|0 fnt|[from] psn\n|faint|p2a: Whimsicott\n|upkeep\n|\n|t:|1776551319\n|switch|p2a: Basculegion|Basculegion, L50, M|100/100\n|turn|2\n|\n|t:|1776551345\n|move|p2a: Basculegion|Last Respects|p1b: Rotom\n|-damage|p1b: Rotom|13/100\n|-enditem|p1b: Rotom|Sitrus Berry|[eat]\n|-heal|p1b: Rotom|38/100|[from] item: Sitrus Berry\n|move|p2b: Kangaskhan|Last Resort|p1a: Venusaur\n|-damage|p1a: Venusaur|41/100\n|-damage|p1a: Venusaur|28/100\n|-hitcount|p1a: Venusaur|2\n|move|p1b: Rotom|Discharge|p2b: Kangaskhan|[spread] p1a,p2a,p2b\n|-resisted|p1a: Venusaur|1\n|-supereffective|p2a: Basculegion|1\n|-damage|p1a: Venusaur|15/100\n|-damage|p2a: Basculegion|45/100\n|-damage|p2b: Kangaskhan|75/100\n|-status|p1a: Venusaur|par\n|-status|p2a: Basculegion|par\n|-status|p2b: Kangaskhan|par\n|cant|p1a: Venusaur|par\n|\n|upkeep\n|turn|3\n|\n|t:|1776551366\n|move|p1b: Rotom|Protect|p1b: Rotom\n|-singleturn|p1b: Rotom|Protect\n|cant|p2a: Basculegion|par\n|move|p2b: Kangaskhan|Last Resort|p1a: Venusaur\n|-crit|p1a: Venusaur\n|-damage|p1a: Venusaur|0 fnt\n|faint|p1a: Venusaur\n|-hitcount|p1: Venusaur|1\n|\n|upkeep\n|c|\u2606AquaticPanic|rotom what the fuck\n|\n|t:|1776551381\n|switch|p1a: Garchomp|Garchomp, L50, M|100/100\n|turn|4\n|\n|t:|1776551397\n|move|p1a: Garchomp|Earthquake|p2b: Kangaskhan|[spread] p2a,p2b\n|-immune|p1b: Rotom|[from] ability: Levitate\n|-damage|p2a: Basculegion|0 fnt\n|-damage|p2b: Kangaskhan|40/100 par\n|faint|p2a: Basculegion\n|move|p2b: Kangaskhan|Last Resort|p1b: Rotom\n|-damage|p1b: Rotom|0 fnt\n|faint|p1b: Rotom\n|-hitcount|p1: Rotom|1\n|\n|-sideend|p2: nngf\u9b3c\u8749\u4fa0|move: Tailwind\n|upkeep\n|\n|t:|1776551411\n|switch|p1b: Aerodactyl|Aerodactyl, L50, F|100/100\n|switch|p2a: Politoed|Politoed, L50, F|100/100\n|-ability|p1b: Aerodactyl|Pressure\n|-weather|RainDance|[from] ability: Drizzle|[of] p2a: Politoed\n|turn|5\n|\n|t:|1776551422\n|move|p1a: Garchomp|Earthquake|p2a: Politoed|[spread] p2a,p2b\n|-immune|p1b: Aerodactyl\n|-damage|p2a: Politoed|62/100\n|-damage|p2b: Kangaskhan|10/100 par\n|move|p1b: Aerodactyl|Rock Slide|p2b: Kangaskhan|[spread] p2a,p2b\n|-damage|p2a: Politoed|38/100\n|-damage|p2b: Kangaskhan|0 fnt\n|-enditem|p2a: Politoed|Sitrus Berry|[eat]\n|-heal|p2a: Politoed|63/100|[from] item: Sitrus Berry\n|faint|p2b: Kangaskhan\n|move|p2a: Politoed|Weather Ball|p1a: Garchomp\n|-damage|p1a: Garchomp|49/100\n|\n|-weather|RainDance|[upkeep]\n|upkeep\n|turn|6\n|\n|t:|1776551438\n|move|p1a: Garchomp|Earthquake|p2a: Politoed|[spread] p2a\n|-immune|p1b: Aerodactyl\n|-damage|p2a: Politoed|29/100\n|move|p1b: Aerodactyl|Dual Wingbeat|p2a: Politoed\n|-damage|p2a: Politoed|11/100\n|-damage|p2a: Politoed|0 fnt\n|faint|p2a: Politoed\n|-hitcount|p2: Politoed|2\n|\n|win|AquaticPanic\n|raw|AquaticPanic's rating: 1387 &rarr; <strong>1407</strong><br />(+20 for winning)\n|raw|nngf\u9b3c\u8749\u4fa0's rating: 1380 &rarr; <strong>1360</strong><br />(-20 for losing)\n|l|\u2606nngf\u9b3c\u8749\u4fa0\n|player|p2|\n",
  "uploadtime": 1776551451,
  "views": 22,
  "formatid": "gen9championsvgc2026regma",
  "rating": 1360,
  "private": 0,
  "password": null
}