{
  "id": "gen9championsvgc2026regma-2581309943",
  "format": "[Gen 9 Champions] VGC 2026 Reg M-A",
  "players": [
    "Miguel2707",
    "Braute"
  ],
  "log": "|j|\u2606Miguel2707\n|j|\u2606Braute\n|t:|1775984774\n|gametype|doubles\n|player|p1|Miguel2707|102|1000\n|player|p2|Braute|miku-fire|1084\n|gen|9\n|tier|[Gen 9 Champions] VGC 2026 Reg M-A\n|rated|\n|rule|Species Clause: Limit one of each Pok\u00e9mon\n|rule|Item Clause: Limit 1 of each item\n|clearpoke\n|poke|p1|Sableye, L50, M|\n|poke|p1|Gardevoir, L50, M|\n|poke|p1|Aerodactyl, L50, M|\n|poke|p1|Kangaskhan, L50, F|\n|poke|p1|Kingambit, L50, F|\n|poke|p1|Milotic, L50, M|\n|poke|p2|Beedrill, L50, F|\n|poke|p2|Incineroar, L50, F|\n|poke|p2|Talonflame, L50, F|\n|poke|p2|Kingambit, L50, M|\n|poke|p2|Manectric, L50, M|\n|poke|p2|Sylveon, L50, F|\n|teampreview|4\n|inactive|Battle timer is ON: inactive players will automatically lose when time's up. (requested by Braute)\n|\n|t:|1775984793\n|teamsize|p1|4\n|teamsize|p2|4\n|start\n|switch|p1a: Sableye|Sableye, L50, M|100/100\n|switch|p1b: Aerodactyl|Aerodactyl, L50, M|100/100\n|switch|p2a: Beedrill|Beedrill, L50, F, shiny|100/100\n|switch|p2b: Talonflame|Talonflame, L50, F|100/100\n|turn|1\n|\n|t:|1775984806\n|detailschange|p2a: Beedrill|Beedrill-Mega, L50, F, shiny\n|-mega|p2a: Beedrill|Beedrill|Beedrillite\n|move|p2b: Talonflame|Tailwind|p2b: Talonflame\n|-sidestart|p2: Braute|move: Tailwind\n|move|p1a: Sableye|Gravity|p1a: Sableye\n|-fieldstart|move: Gravity\n|move|p2a: Beedrill|U-turn|p1a: Sableye\n|-damage|p1a: Sableye|40/100\n|\n|t:|1775984814\n|switch|p2a: Kingambit|Kingambit, L50, M, shiny|100/100|[from] U-turn\n|move|p1b: Aerodactyl|Tailwind|p1b: Aerodactyl\n|-sidestart|p1: Miguel2707|move: Tailwind\n|\n|-heal|p1a: Sableye|46/100|[from] item: Leftovers\n|upkeep\n|turn|2\n|\n|t:|1775984830\n|move|p2b: Talonflame|Protect|p2b: Talonflame\n|-singleturn|p2b: Talonflame|Protect\n|move|p1a: Sableye|Taunt|p2b: Talonflame\n|-activate|p2b: Talonflame|move: Protect\n|move|p1b: Aerodactyl|Rock Slide|p2a: Kingambit|[spread] p2a\n|-activate|p2b: Talonflame|move: Protect\n|-resisted|p2a: Kingambit|1\n|-crit|p2a: Kingambit\n|-damage|p2a: Kingambit|84/100\n|cant|p2a: Kingambit|flinch\n|\n|-heal|p1a: Sableye|51/100|[from] item: Leftovers\n|upkeep\n|turn|3\n|\n|t:|1775984848\n|move|p2b: Talonflame|Dual Wingbeat|p1a: Sableye\n|-crit|p1a: Sableye\n|-damage|p1a: Sableye|22/100\n|-damage|p1a: Sableye|2/100\n|-hitcount|p1a: Sableye|2\n|move|p1a: Sableye|Taunt|p2b: Talonflame\n|-start|p2b: Talonflame|move: Taunt\n|move|p2a: Kingambit|Sucker Punch|p1b: Aerodactyl\n|-damage|p1b: Aerodactyl|13/100\n|move|p1b: Aerodactyl|Rock Slide|p2b: Talonflame|[spread] p2a,p2b\n|-resisted|p2a: Kingambit|1\n|-supereffective|p2b: Talonflame|2\n|-damage|p2a: Kingambit|73/100\n|-damage|p2b: Talonflame|0 fnt\n|faint|p2b: Talonflame\n|\n|-heal|p1a: Sableye|8/100|[from] item: Leftovers\n|upkeep\n|\n|t:|1775984867\n|switch|p2b: Sylveon|Sylveon, L50, F, shiny|100/100\n|turn|4\n|\n|t:|1775984881\n|move|p1a: Sableye|Protect|p1a: Sableye\n|-singleturn|p1a: Sableye|Protect\n|move|p1b: Aerodactyl|Protect|p1b: Aerodactyl\n|-singleturn|p1b: Aerodactyl|Protect\n|move|p2a: Kingambit|Protect|p2a: Kingambit\n|-singleturn|p2a: Kingambit|Protect\n|move|p2b: Sylveon|Hyper Voice|p1b: Aerodactyl|[spread] \n|-activate|p1a: Sableye|move: Protect\n|-activate|p1b: Aerodactyl|move: Protect\n|\n|-heal|p1a: Sableye|13/100|[from] item: Leftovers\n|-sideend|p1: Miguel2707|move: Tailwind\n|-sideend|p2: Braute|move: Tailwind\n|upkeep\n|turn|5\n|inactive|Miguel2707 has 30 seconds left.\n|\n|t:|1775984906\n|move|p1a: Sableye|Taunt|p2b: Sylveon\n|-start|p2b: Sylveon|move: Taunt\n|move|p1b: Aerodactyl|Tailwind|p1b: Aerodactyl\n|-sidestart|p1: Miguel2707|move: Tailwind\n|move|p2b: Sylveon|Hyper Voice|p1a: Sableye|[spread] p1a,p1b\n|-supereffective|p1a: Sableye|1\n|-damage|p1a: Sableye|0 fnt\n|-damage|p1b: Aerodactyl|0 fnt\n|faint|p1a: Sableye\n|faint|p1b: Aerodactyl\n|move|p2a: Kingambit|Kowtow Cleave|p1: Sableye|[notarget]\n|-fail|p2a: Kingambit\n|\n|-fieldend|move: Gravity\n|upkeep\n|\n|t:|1775984916\n|switch|p1b: Kingambit|Kingambit, L50, F|100/100\n|switch|p1a: Gardevoir|Gardevoir, L50, M|100/100\n|-ability|p1a: Gardevoir|Defiant|Trace|[from] ability: Trace|[of] p2a: Kingambit\n|turn|6\n|\n|t:|1775984932\n|detailschange|p1a: Gardevoir|Gardevoir-Mega, L50, M\n|-mega|p1a: Gardevoir|Gardevoir|Gardevoirite\n|move|p1a: Gardevoir|Hyper Voice|p2b: Sylveon|[spread] p2a,p2b\n|-damage|p2a: Kingambit|31/100\n|-damage|p2b: Sylveon|55/100\n|move|p1b: Kingambit|Iron Head|p2b: Sylveon\n|-supereffective|p2b: Sylveon|1\n|-damage|p2b: Sylveon|0 fnt\n|faint|p2b: Sylveon\n|move|p2a: Kingambit|Low Kick|p1b: Kingambit\n|-supereffective|p1b: Kingambit|2\n|-damage|p1b: Kingambit|0 fnt\n|faint|p1b: Kingambit\n|\n|upkeep\n|\n|t:|1775984942\n|switch|p2b: Beedrill|Beedrill-Mega, L50, F, shiny|100/100\n|turn|7\n|\n|t:|1775984947\n|move|p2b: Beedrill|Protect|p2b: Beedrill\n|-singleturn|p2b: Beedrill|Protect\n|move|p2a: Kingambit|Protect|p2a: Kingambit\n|-singleturn|p2a: Kingambit|Protect\n|move|p1a: Gardevoir|Psyshock|p2b: Beedrill\n|-activate|p2b: Beedrill|move: Protect\n|\n|upkeep\n|turn|8\n|\n|t:|1775984957\n|move|p1a: Gardevoir|Psyshock|p2b: Beedrill\n|-supereffective|p2b: Beedrill|1\n|-damage|p2b: Beedrill|0 fnt\n|faint|p2b: Beedrill\n|move|p2a: Kingambit|Kowtow Cleave|p1a: Gardevoir\n|-damage|p1a: Gardevoir|0 fnt\n|faint|p1a: Gardevoir\n|\n|win|Braute\n|raw|Miguel2707's rating: 1000 &rarr; <strong>1000</strong><br />(+0 for losing)\n|raw|Braute's rating: 1084 &rarr; <strong>1105</strong><br />(+21 for winning)\n",
  "uploadtime": 1775984957,
  "views": 13,
  "formatid": "gen9championsvgc2026regma",
  "rating": 1000,
  "private": 0,
  "password": null
}