{
  "id": "gen9championsvgc2026regma-2585085964",
  "format": "[Gen 9 Champions] VGC 2026 Reg M-A",
  "players": [
    "gooseyj",
    "breloomassassin"
  ],
  "log": "|j|\u2606gooseyj\n|j|\u2606breloomassassin\n|t:|1776310253\n|gametype|doubles\n|player|p1|gooseyj|iris-gen5bw2|1336\n|player|p2|breloomassassin|1|1290\n|gen|9\n|tier|[Gen 9 Champions] VGC 2026 Reg M-A\n|rated|\n|rule|Species Clause: Limit one of each Pok\u00e9mon\n|rule|Item Clause: Limit 1 of each item\n|clearpoke\n|poke|p1|Floette-Eternal, L50, F|\n|poke|p1|Incineroar, L50, F|\n|poke|p1|Sinistcha, L50|\n|poke|p1|Tauros-Paldea-Aqua, L50, M|\n|poke|p1|Rotom-Wash, L50|\n|poke|p1|Gallade, L50, M|\n|poke|p2|Aerodactyl, L50, F|\n|poke|p2|Incineroar, L50, M|\n|poke|p2|Floette-Eternal, L50, F|\n|poke|p2|Basculegion, L50, M|\n|poke|p2|Garchomp, L50, M|\n|poke|p2|Sneasler, L50, F|\n|teampreview|4\n|inactive|Battle timer is ON: inactive players will automatically lose when time's up. (requested by breloomassassin)\n|inactive|gooseyj also wants the timer to be on.\n|\n|t:|1776310266\n|teamsize|p1|4\n|teamsize|p2|4\n|start\n|switch|p1a: Floette|Floette-Eternal, L50, F|100/100\n|switch|p1b: Incineroar|Incineroar, L50, F|100/100\n|switch|p2a: Aerodactyl|Aerodactyl, L50, F, shiny|100/100\n|switch|p2b: Floette|Floette-Eternal, L50, F|100/100\n|-ability|p2a: Aerodactyl|Unnerve\n|-ability|p1b: Incineroar|Intimidate|boost\n|-unboost|p2a: Aerodactyl|atk|1\n|-unboost|p2b: Floette|atk|1\n|turn|1\n|\n|t:|1776310286\n|switch|p2b: Sneasler|Sneasler, L50, F|100/100\n|detailschange|p1a: Floette|Floette-Mega, L50, F\n|-mega|p1a: Floette|Floette|Floettite\n|-ability|p1a: Floette|Fairy Aura\n|move|p2a: Aerodactyl|Protect|p2a: Aerodactyl\n|-singleturn|p2a: Aerodactyl|Protect\n|move|p1b: Incineroar|Fake Out|p2a: Aerodactyl\n|-activate|p2a: Aerodactyl|move: Protect\n|move|p1a: Floette|Calm Mind|p1a: Floette\n|-boost|p1a: Floette|spa|1\n|-boost|p1a: Floette|spd|1\n|\n|upkeep\n|turn|2\n|\n|t:|1776310303\n|switch|p1b: Tauros|Tauros-Paldea-Aqua, L50, M|100/100\n|-ability|p1b: Tauros|Intimidate|boost\n|-unboost|p2a: Aerodactyl|atk|1\n|-unboost|p2b: Sneasler|atk|1\n|-enditem|p2b: Sneasler|White Herb\n|-clearnegativeboost|p2b: Sneasler|[silent]\n|move|p1a: Floette|Protect|p1a: Floette\n|-singleturn|p1a: Floette|Protect\n|move|p2b: Sneasler|Dire Claw|p1a: Floette\n|-activate|p1a: Floette|move: Protect\n|move|p2a: Aerodactyl|Tailwind|p2a: Aerodactyl\n|-sidestart|p2: breloomassassin|move: Tailwind\n|\n|upkeep\n|turn|3\n|\n|t:|1776310321\n|switch|p1b: Incineroar|Incineroar, L50, F|100/100\n|-ability|p1b: Incineroar|Intimidate|boost\n|-unboost|p2a: Aerodactyl|atk|1\n|-unboost|p2b: Sneasler|atk|1\n|move|p2b: Sneasler|Dire Claw|p1a: Floette\n|-supereffective|p1a: Floette|1\n|-damage|p1a: Floette|48/100\n|move|p2a: Aerodactyl|Rock Slide|p1b: Incineroar|[spread] p1a,p1b\n|-supereffective|p1b: Incineroar|1\n|-damage|p1a: Floette|38/100\n|-damage|p1b: Incineroar|82/100\n|move|p1a: Floette|Draining Kiss|p2b: Sneasler\n|-damage|p2b: Sneasler|20/100\n|-heal|p1a: Floette|93/100|[from] drain|[of] p2b: Sneasler\n|\n|upkeep\n|turn|4\n|\n|t:|1776310340\n|switch|p1b: Tauros|Tauros-Paldea-Aqua, L50, M|100/100\n|-ability|p1b: Tauros|Intimidate|boost\n|-unboost|p2a: Aerodactyl|atk|1\n|-unboost|p2b: Sneasler|atk|1\n|move|p2b: Sneasler|Protect|p2b: Sneasler\n|-singleturn|p2b: Sneasler|Protect\n|move|p2a: Aerodactyl|Protect|p2a: Aerodactyl\n|-singleturn|p2a: Aerodactyl|Protect\n|move|p1a: Floette|Protect||[still]\n|-fail|p1a: Floette\n|\n|upkeep\n|turn|5\n|\n|t:|1776310353\n|switch|p2a: Basculegion|Basculegion, L50, M|100/100\n|move|p1b: Tauros|Aqua Jet|p2a: Basculegion\n|-resisted|p2a: Basculegion|1\n|-damage|p2a: Basculegion|88/100\n|move|p2b: Sneasler|Dire Claw|p1a: Floette\n|-supereffective|p1a: Floette|1\n|-damage|p1a: Floette|54/100\n|move|p1a: Floette|Dazzling Gleam|p2b: Sneasler|[spread] p2a,p2b\n|-damage|p2a: Basculegion|13/100\n|-damage|p2b: Sneasler|0 fnt\n|faint|p2b: Sneasler\n|\n|-sideend|p2: breloomassassin|move: Tailwind\n|upkeep\n|\n|t:|1776310364\n|switch|p2b: Aerodactyl|Aerodactyl, L50, F, shiny|100/100\n|-ability|p2b: Aerodactyl|Unnerve\n|turn|6\n|\n|t:|1776310374\n|switch|p1b: Incineroar|Incineroar, L50, F|82/100\n|-ability|p1b: Incineroar|Intimidate|boost\n|-unboost|p2a: Basculegion|atk|1\n|-unboost|p2b: Aerodactyl|atk|1\n|move|p1a: Floette|Protect|p1a: Floette\n|-singleturn|p1a: Floette|Protect\n|move|p2a: Basculegion|Last Respects|p1b: Incineroar\n|-resisted|p1b: Incineroar|1\n|-damage|p1b: Incineroar|62/100\n|move|p2b: Aerodactyl|Tailwind|p2b: Aerodactyl\n|-sidestart|p2: breloomassassin|move: Tailwind\n|\n|upkeep\n|turn|7\n|\n|t:|1776310390\n|switch|p1b: Tauros|Tauros-Paldea-Aqua, L50, M|100/100\n|-ability|p1b: Tauros|Intimidate|boost\n|-unboost|p2a: Basculegion|atk|1\n|-unboost|p2b: Aerodactyl|atk|1\n|move|p2a: Basculegion|Last Respects|p1a: Floette\n|-damage|p1a: Floette|25/100\n|move|p2b: Aerodactyl|Rock Slide|p1b: Tauros|[spread] p1a,p1b\n|-resisted|p1b: Tauros|1\n|-damage|p1a: Floette|13/100\n|-damage|p1b: Tauros|93/100\n|cant|p1a: Floette|flinch\n|\n|upkeep\n|turn|8\n|\n|t:|1776310407\n|switch|p2b: Floette|Floette-Eternal, L50, F|100/100\n|move|p1a: Floette|Protect|p1a: Floette\n|-singleturn|p1a: Floette|Protect\n|move|p1b: Tauros|Aqua Jet|p2a: Basculegion\n|-resisted|p2a: Basculegion|1\n|-damage|p2a: Basculegion|0 fnt\n|faint|p2a: Basculegion\n|\n|upkeep\n|\n|t:|1776310414\n|switch|p2a: Aerodactyl|Aerodactyl, L50, F, shiny|100/100\n|-ability|p2a: Aerodactyl|Unnerve\n|turn|9\n|\n|t:|1776310428\n|switch|p1b: Sinistcha|Sinistcha, L50|100/100\n|-heal|p1a: Floette|38/100|[from] ability: Hospitality|[of] p1b: Sinistcha\n|detailschange|p2b: Floette|Floette-Mega, L50, F\n|-mega|p2b: Floette|Floette|Floettite\n|-ability|p2b: Floette|Fairy Aura\n|move|p2a: Aerodactyl|Rock Slide|p1b: Sinistcha|[spread] p1a,p1b\n|-damage|p1a: Floette|15/100\n|-damage|p1b: Sinistcha|82/100\n|move|p2b: Floette|Calm Mind|p2b: Floette\n|-boost|p2b: Floette|spa|1\n|-boost|p2b: Floette|spd|1\n|move|p1a: Floette|Draining Kiss|p2a: Aerodactyl\n|-damage|p2a: Aerodactyl|13/100\n|-heal|p1a: Floette|75/100|[from] drain|[of] p2a: Aerodactyl\n|\n|-sideend|p2: breloomassassin|move: Tailwind\n|upkeep\n|turn|10\n|inactive|gooseyj has 30 seconds left.\n|\n|t:|1776310454\n|switch|p1b: Incineroar|Incineroar, L50, F|62/100\n|-ability|p1b: Incineroar|Intimidate|boost\n|-unboost|p2a: Aerodactyl|atk|1\n|-unboost|p2b: Floette|atk|1\n|move|p2a: Aerodactyl|Tailwind|p2a: Aerodactyl\n|-sidestart|p2: breloomassassin|move: Tailwind\n|move|p2b: Floette|Dazzling Gleam|p1b: Incineroar|[spread] p1a,p1b\n|-crit|p1a: Floette\n|-damage|p1a: Floette|0 fnt\n|-damage|p1b: Incineroar|1/100\n|faint|p1a: Floette\n|\n|upkeep\n|c|\u2606gooseyj|no way\n|\n|t:|1776310478\n|switch|p1a: Tauros|Tauros-Paldea-Aqua, L50, M|93/100\n|-ability|p1a: Tauros|Intimidate|boost\n|-unboost|p2a: Aerodactyl|atk|1\n|-unboost|p2b: Floette|atk|1\n|turn|11\n|\n|t:|1776310490\n|move|p2a: Aerodactyl|Protect|p2a: Aerodactyl\n|-singleturn|p2a: Aerodactyl|Protect\n|move|p2b: Floette|Protect|p2b: Floette\n|-singleturn|p2b: Floette|Protect\n|move|p1b: Incineroar|Fake Out|p2b: Floette\n|-activate|p2b: Floette|move: Protect\n|move|p1a: Tauros|Aqua Jet|p2a: Aerodactyl\n|-activate|p2a: Aerodactyl|move: Protect\n|\n|upkeep\n|turn|12\n|inactive|gooseyj has 30 seconds left.\n|\n|t:|1776310516\n|switch|p1b: Sinistcha|Sinistcha, L50|82/100\n|-heal|p1a: Tauros|100/100|[from] ability: Hospitality|[of] p1b: Sinistcha\n|move|p1a: Tauros|Aqua Jet|p2a: Aerodactyl\n|-supereffective|p2a: Aerodactyl|1\n|-damage|p2a: Aerodactyl|0 fnt\n|faint|p2a: Aerodactyl\n|move|p2b: Floette|Dazzling Gleam|p1b: Sinistcha|[spread] p1a,p1b\n|-supereffective|p1a: Tauros|1\n|-enditem|p1a: Tauros|Focus Sash\n|-damage|p1a: Tauros|1/100\n|-damage|p1b: Sinistcha|0 fnt\n|faint|p1b: Sinistcha\n|\n|upkeep\n|\n|t:|1776310528\n|switch|p1b: Incineroar|Incineroar, L50, F|1/100\n|-enditem|p1b: Incineroar|Sitrus Berry|[eat]\n|-heal|p1b: Incineroar|26/100|[from] item: Sitrus Berry\n|-ability|p1b: Incineroar|Intimidate|boost\n|-unboost|p2b: Floette|atk|1\n|turn|13\n|\n|t:|1776310538\n|move|p2b: Floette|Protect|p2b: Floette\n|-singleturn|p2b: Floette|Protect\n|move|p1a: Tauros|Raging Bull|p2b: Floette\n|-activate|p2b: Floette|move: Protect\n|move|p1b: Incineroar|Flare Blitz|p2b: Floette\n|-activate|p2b: Floette|move: Protect\n|\n|-sideend|p2: breloomassassin|move: Tailwind\n|upkeep\n|turn|14\n|\n|t:|1776310542\n|move|p2b: Floette|Dazzling Gleam|p1a: Tauros|[spread] p1a,p1b\n|-supereffective|p1a: Tauros|1\n|-damage|p1a: Tauros|0 fnt\n|-damage|p1b: Incineroar|0 fnt\n|faint|p1a: Tauros\n|faint|p1b: Incineroar\n|\n|win|breloomassassin\n|raw|gooseyj's rating: 1336 &rarr; <strong>1313</strong><br />(-23 for losing)\n|raw|breloomassassin's rating: 1290 &rarr; <strong>1318</strong><br />(+28 for winning)\n",
  "uploadtime": 1776310546,
  "views": 27,
  "formatid": "gen9championsvgc2026regma",
  "rating": 1313,
  "private": 0,
  "password": null
}