{
  "id": "gen9championsvgc2026regma-2586348094",
  "format": "[Gen 9 Champions] VGC 2026 Reg M-A",
  "players": [
    "Kyooby",
    "l.x.z.z.z"
  ],
  "log": "|j|\u2606Kyooby\n|j|\u2606l.x.z.z.z\n|t:|1776427598\n|gametype|doubles\n|player|p1|Kyooby|volkner|1113\n|player|p2|l.x.z.z.z|102|1057\n|gen|9\n|tier|[Gen 9 Champions] VGC 2026 Reg M-A\n|rated|\n|rule|Species Clause: Limit one of each Pok\u00e9mon\n|rule|Item Clause: Limit 1 of each item\n|clearpoke\n|poke|p1|Maushold-Four, L50|\n|poke|p1|Gardevoir, L50, M|\n|poke|p1|Espathra, L50, M|\n|poke|p1|Kommo-o, L50, M|\n|poke|p1|Gyarados, L50, M|\n|poke|p1|Heliolisk, L50, M|\n|poke|p2|Starmie, L50|\n|poke|p2|Floette-Eternal, L50, F|\n|poke|p2|Sinistcha, L50|\n|poke|p2|Rotom-Wash, L50|\n|poke|p2|Corviknight, L50, F|\n|poke|p2|Arcanine-Hisui, L50, M|\n|teampreview|4\n|inactive|Battle timer is ON: inactive players will automatically lose when time's up. (requested by Kyooby)\n|inactive|Kyooby has 60 seconds left.\n|\n|t:|1776427649\n|teamsize|p1|4\n|teamsize|p2|4\n|start\n|switch|p1a: Maushold|Maushold-Four, L50|100/100\n|switch|p1b: Kommo-o|Kommo-o, L50, M|100/100\n|switch|p2a: Arcanine|Arcanine-Hisui, L50, M|100/100\n|switch|p2b: Corviknight|Corviknight, L50, F|100/100\n|-ability|p2a: Arcanine|Intimidate|boost\n|-unboost|p1a: Maushold|atk|1\n|-unboost|p1b: Kommo-o|atk|1\n|turn|1\n|inactive|l.x.z.z.z has 30 seconds left.\n|\n|t:|1776427679\n|move|p1a: Maushold|Follow Me|p1a: Maushold\n|-singleturn|p1a: Maushold|move: Follow Me\n|move|p2a: Arcanine|Rock Slide|p1a: Maushold|[spread] p1a,p1b\n|-resisted|p1b: Kommo-o|1\n|-damage|p1a: Maushold|68/100\n|-damage|p1b: Kommo-o|91/100\n|move|p1b: Kommo-o|Clangorous Soul|p1b: Kommo-o\n|-boost|p1b: Kommo-o|atk|1\n|-boost|p1b: Kommo-o|def|1\n|-boost|p1b: Kommo-o|spa|1\n|-boost|p1b: Kommo-o|spd|1\n|-boost|p1b: Kommo-o|spe|1\n|-damage|p1b: Kommo-o|59/100\n|move|p2b: Corviknight|Brave Bird|p1a: Maushold\n|-damage|p1a: Maushold|19/100\n|-damage|p2b: Corviknight|86/100|[from] Recoil\n|\n|-heal|p1b: Kommo-o|64/100|[from] item: Leftovers\n|-heal|p2b: Corviknight|92/100|[from] item: Leftovers\n|upkeep\n|turn|2\n|inactive|Kyooby has 30 seconds left.\n|\n|t:|1776427705\n|switch|p2a: Sinistcha|Sinistcha, L50|100/100\n|-heal|p2b: Corviknight|100/100|[from] ability: Hospitality|[of] p2a: Sinistcha\n|move|p1a: Maushold|Follow Me|p1a: Maushold\n|-singleturn|p1a: Maushold|move: Follow Me\n|move|p1b: Kommo-o|Aura Sphere|p2a: Sinistcha\n|-immune|p2a: Sinistcha\n|move|p2b: Corviknight|Body Press|p1a: Maushold\n|-supereffective|p1a: Maushold|1\n|-damage|p1a: Maushold|0 fnt\n|faint|p1a: Maushold\n|\n|-heal|p1b: Kommo-o|70/100|[from] item: Leftovers\n|upkeep\n|\n|t:|1776427713\n|switch|p1a: Gyarados|Gyarados, L50, M|100/100\n|-ability|p1a: Gyarados|Intimidate|boost\n|-unboost|p2a: Sinistcha|atk|1\n|-ability|p2b: Corviknight|Mirror Armor\n|-unboost|p1a: Gyarados|atk|1\n|turn|3\n|\n|t:|1776427729\n|move|p2a: Sinistcha|Rage Powder|p2a: Sinistcha\n|-singleturn|p2a: Sinistcha|move: Rage Powder\n|move|p1b: Kommo-o|Clanging Scales|p2b: Corviknight|[spread] p2a,p2b\n|-resisted|p2b: Corviknight|1\n|-damage|p2a: Sinistcha|26/100\n|-damage|p2b: Corviknight|71/100\n|-unboost|p1b: Kommo-o|def|1\n|move|p1a: Gyarados|Dragon Dance|p1a: Gyarados\n|-boost|p1a: Gyarados|atk|1\n|-boost|p1a: Gyarados|spe|1\n|move|p2b: Corviknight|Brave Bird|p1b: Kommo-o\n|-supereffective|p1b: Kommo-o|1\n|-damage|p1b: Kommo-o|0 fnt\n|faint|p1b: Kommo-o\n|-damage|p2b: Corviknight|54/100|[from] Recoil\n|\n|-heal|p2b: Corviknight|60/100|[from] item: Leftovers\n|upkeep\n|\n|t:|1776427740\n|switch|p1b: Heliolisk|Heliolisk, L50, M, shiny|100/100\n|turn|4\n|inactive|l.x.z.z.z has 30 seconds left.\n|\n|t:|1776427774\n|switch|p2b: Arcanine|Arcanine-Hisui, L50, M|100/100\n|-ability|p2b: Arcanine|Intimidate|boost\n|-unboost|p1a: Gyarados|atk|1\n|-unboost|p1b: Heliolisk|atk|1\n|move|p1a: Gyarados|Dragon Dance|p1a: Gyarados\n|-boost|p1a: Gyarados|atk|1\n|-boost|p1a: Gyarados|spe|1\n|move|p1b: Heliolisk|Thunderbolt|p2b: Arcanine\n|-damage|p2b: Arcanine|57/100\n|move|p2a: Sinistcha|Matcha Gotcha|p1a: Gyarados|[spread] p1a,p1b\n|-damage|p1a: Gyarados|75/100\n|-heal|p2a: Sinistcha|39/100|[from] drain|[of] p1a: Gyarados\n|-damage|p1b: Heliolisk|74/100\n|-heal|p2a: Sinistcha|51/100|[from] drain|[of] p1b: Heliolisk\n|-status|p1a: Gyarados|brn\n|\n|-damage|p1a: Gyarados|69/100 brn|[from] brn\n|upkeep\n|turn|5\n|\n|t:|1776427798\n|detailschange|p1a: Gyarados|Gyarados-Mega, L50, M\n|-mega|p1a: Gyarados|Gyarados|Gyaradosite\n|-ability|p1a: Gyarados|Mold Breaker\n|move|p2a: Sinistcha|Rage Powder|p2a: Sinistcha\n|-singleturn|p2a: Sinistcha|move: Rage Powder\n|move|p1a: Gyarados|Crunch|p2a: Sinistcha\n|-supereffective|p2a: Sinistcha|1\n|-damage|p2a: Sinistcha|14/100\n|move|p2b: Arcanine|Close Combat|p1b: Heliolisk\n|-supereffective|p1b: Heliolisk|1\n|-crit|p1b: Heliolisk\n|-damage|p1b: Heliolisk|0 fnt\n|-unboost|p2b: Arcanine|def|1\n|-unboost|p2b: Arcanine|spd|1\n|faint|p1b: Heliolisk\n|\n|-damage|p1a: Gyarados|63/100 brn|[from] brn\n|upkeep\n|turn|6\n|-message|Kyooby forfeited.\n|\n|win|l.x.z.z.z\n|raw|Kyooby's rating: 1113 &rarr; <strong>1084</strong><br />(-29 for losing)\n|raw|l.x.z.z.z's rating: 1057 &rarr; <strong>1093</strong><br />(+36 for winning)\n",
  "uploadtime": 1776427807,
  "views": 24,
  "formatid": "gen9championsvgc2026regma",
  "rating": 1084,
  "private": 0,
  "password": null
}