{
  "id": "gen9championsvgc2026regma-2587616571",
  "format": "[Gen 9 Champions] VGC 2026 Reg M-A",
  "players": [
    "PM77Switch",
    "jamyrok"
  ],
  "log": "|j|\u2606PM77Switch\n|j|\u2606jamyrok\n|t:|1776547299\n|gametype|doubles\n|player|p1|PM77Switch|may-masters3|1294\n|player|p2|jamyrok|swimmer-gen4dp|1370\n|gen|9\n|tier|[Gen 9 Champions] VGC 2026 Reg M-A\n|rated|\n|rule|Species Clause: Limit one of each Pok\u00e9mon\n|rule|Item Clause: Limit 1 of each item\n|clearpoke\n|poke|p1|Blastoise, L50, F|\n|poke|p1|Kingambit, L50, M|\n|poke|p1|Sneasler, L50, F|\n|poke|p1|Aerodactyl, L50, M|\n|poke|p1|Sinistcha, L50|\n|poke|p1|Incineroar, L50, M|\n|poke|p2|Sneasler, L50, M|\n|poke|p2|Forretress, L50, F|\n|poke|p2|Milotic, L50, F|\n|poke|p2|Archaludon, L50, M|\n|poke|p2|Pelipper, L50, F|\n|poke|p2|Sharpedo, L50, M|\n|teampreview|4\n|inactive|Battle timer is ON: inactive players will automatically lose when time's up. (requested by PM77Switch)\n|inactive|PM77Switch has 60 seconds left.\n|\n|t:|1776547348\n|teamsize|p1|4\n|teamsize|p2|4\n|start\n|switch|p1a: Aerodactyl|Aerodactyl, L50, M|100/100\n|switch|p1b: Blastoise|Blastoise, L50, F|100/100\n|switch|p2a: Forretress|Forretress, L50, F|100/100\n|switch|p2b: Sharpedo|Sharpedo, L50, M|100/100\n|-ability|p1a: Aerodactyl|Unnerve\n|turn|1\n|inactive|jamyrok has 30 seconds left.\n|\n|t:|1776547376\n|switch|p2a: Milotic|Milotic, L50, F|100/100\n|detailschange|p2b: Sharpedo|Sharpedo-Mega, L50, M\n|-mega|p2b: Sharpedo|Sharpedo|Sharpedonite\n|detailschange|p1b: Blastoise|Blastoise-Mega, L50, F\n|-mega|p1b: Blastoise|Blastoise|Blastoisinite\n|move|p1a: Aerodactyl|Tailwind|p1a: Aerodactyl\n|-sidestart|p1: PM77Switch|move: Tailwind\n|move|p1b: Blastoise|Water Spout|p2a: Milotic|[spread] p2a,p2b\n|-resisted|p2a: Milotic|1\n|-resisted|p2b: Sharpedo|1\n|-damage|p2a: Milotic|80/100\n|-damage|p2b: Sharpedo|53/100\n|move|p2b: Sharpedo|Crunch|p1b: Blastoise\n|-crit|p1b: Blastoise\n|-damage|p1b: Blastoise|12/100\n|\n|-heal|p2a: Milotic|86/100|[from] item: Leftovers\n|upkeep\n|turn|2\n|\n|t:|1776547393\n|move|p1b: Blastoise|Protect|p1b: Blastoise\n|-singleturn|p1b: Blastoise|Protect\n|move|p2b: Sharpedo|Protect|p2b: Sharpedo\n|-singleturn|p2b: Sharpedo|Protect\n|move|p1a: Aerodactyl|Rock Slide|p2a: Milotic|[spread] p2a\n|-activate|p2b: Sharpedo|move: Protect\n|-damage|p2a: Milotic|63/100\n|move|p2a: Milotic|Scald|p1b: Blastoise\n|-activate|p1b: Blastoise|move: Protect\n|\n|-heal|p2a: Milotic|69/100|[from] item: Leftovers\n|upkeep\n|turn|3\n|\n|t:|1776547413\n|switch|p1a: Sinistcha|Sinistcha, L50|100/100\n|-heal|p1b: Blastoise|37/100|[from] ability: Hospitality|[of] p1a: Sinistcha\n|switch|p2b: Forretress|Forretress, L50, F|100/100\n|move|p1b: Blastoise|Aura Sphere|p2b: Forretress\n|-damage|p2b: Forretress|35/100\n|move|p2a: Milotic|Life Dew|p2a: Milotic|[spread] p2a,p2b\n|-heal|p2a: Milotic|95/100\n|-heal|p2b: Forretress|60/100\n|\n|-heal|p2a: Milotic|100/100|[from] item: Leftovers\n|upkeep\n|turn|4\n|inactive|jamyrok has 30 seconds left.\n|\n|t:|1776547439\n|switch|p2b: Sneasler|Sneasler, L50, M|100/100\n|move|p1b: Blastoise|Aura Sphere|p2a: Milotic\n|-damage|p2a: Milotic|73/100\n|move|p1a: Sinistcha|Life Dew||[still]|[spread] p1a,p1b\n|-fail|p1a: Sinistcha|heal\n|-heal|p1b: Blastoise|62/100\n|move|p2a: Milotic|Ice Beam|p1a: Sinistcha\n|-supereffective|p1a: Sinistcha|1\n|-damage|p1a: Sinistcha|65/100\n|\n|-heal|p2a: Milotic|79/100|[from] item: Leftovers\n|-sideend|p1: PM77Switch|move: Tailwind\n|upkeep\n|turn|5\n|\n|t:|1776547464\n|switch|p1b: Sneasler|Sneasler, L50, F|100/100\n|move|p2b: Sneasler|Dire Claw|p1a: Sinistcha\n|-damage|p1a: Sinistcha|24/100\n|move|p2a: Milotic|Ice Beam|p1a: Sinistcha\n|-supereffective|p1a: Sinistcha|1\n|-damage|p1a: Sinistcha|0 fnt\n|faint|p1a: Sinistcha\n|\n|-heal|p2a: Milotic|85/100|[from] item: Leftovers\n|upkeep\n|\n|t:|1776547473\n|switch|p1a: Aerodactyl|Aerodactyl, L50, M|100/100\n|-ability|p1a: Aerodactyl|Unnerve\n|turn|6\n|\n|t:|1776547485\n|switch|p2b: Forretress|Forretress, L50, F|60/100\n|move|p1b: Sneasler|Fake Out|p2a: Milotic\n|-damage|p2a: Milotic|73/100\n|move|p1a: Aerodactyl|Dual Wingbeat|p2b: Forretress\n|-damage|p2b: Forretress|48/100\n|-damage|p2b: Forretress|36/100\n|-hitcount|p2b: Forretress|2\n|cant|p2a: Milotic|flinch\n|\n|-heal|p2a: Milotic|79/100|[from] item: Leftovers\n|upkeep\n|turn|7\n|\n|t:|1776547498\n|move|p2b: Forretress|Protect|p2b: Forretress\n|-singleturn|p2b: Forretress|Protect\n|move|p1a: Aerodactyl|Rock Slide|p2a: Milotic|[spread] \n|-activate|p2b: Forretress|move: Protect\n|-miss|p1a: Aerodactyl|p2a: Milotic\n|move|p1b: Sneasler|Close Combat|p2a: Milotic\n|-damage|p2a: Milotic|30/100\n|-unboost|p1b: Sneasler|def|1\n|-unboost|p1b: Sneasler|spd|1\n|-enditem|p1b: Sneasler|White Herb\n|-clearnegativeboost|p1b: Sneasler|[silent]\n|move|p2a: Milotic|Life Dew|p2a: Milotic|[spread] p2a,p2b\n|-heal|p2a: Milotic|55/100\n|-heal|p2b: Forretress|61/100\n|\n|-heal|p2a: Milotic|61/100|[from] item: Leftovers\n|upkeep\n|turn|8\n|inactive|jamyrok has 30 seconds left.\n|\n|t:|1776547525\n|move|p2a: Milotic|Protect|p2a: Milotic\n|-singleturn|p2a: Milotic|Protect\n|move|p1b: Sneasler|Close Combat|p2a: Milotic\n|-activate|p2a: Milotic|move: Protect\n|move|p1a: Aerodactyl|Rock Slide|p2b: Forretress|[spread] p2b\n|-activate|p2a: Milotic|move: Protect\n|-damage|p2b: Forretress|48/100\n|move|p2b: Forretress|Iron Defense|p2b: Forretress\n|-boost|p2b: Forretress|def|2\n|\n|-heal|p2a: Milotic|67/100|[from] item: Leftovers\n|upkeep\n|turn|9\n|inactive|jamyrok has 30 seconds left.\n|\n|t:|1776547557\n|move|p1b: Sneasler|Close Combat|p2a: Milotic\n|-damage|p2a: Milotic|17/100\n|-unboost|p1b: Sneasler|def|1\n|-unboost|p1b: Sneasler|spd|1\n|move|p1a: Aerodactyl|Rock Slide|p2a: Milotic|[spread] p2a,p2b\n|-damage|p2a: Milotic|0 fnt\n|-damage|p2b: Forretress|41/100\n|faint|p2a: Milotic\n|move|p2b: Forretress|Body Press|p1a: Aerodactyl\n|-enditem|p1a: Aerodactyl|Focus Sash\n|-damage|p1a: Aerodactyl|1/100\n|\n|upkeep\n|\n|t:|1776547570\n|switch|p2a: Sneasler|Sneasler, L50, M|100/100\n|turn|10\n|\n|t:|1776547581\n|move|p1a: Aerodactyl|Protect|p1a: Aerodactyl\n|-singleturn|p1a: Aerodactyl|Protect\n|move|p2a: Sneasler|Fake Out|p1a: Aerodactyl\n|-activate|p1a: Aerodactyl|move: Protect\n|move|p1b: Sneasler|Close Combat|p2b: Forretress\n|-damage|p2b: Forretress|25/100\n|-unboost|p1b: Sneasler|def|1\n|-unboost|p1b: Sneasler|spd|1\n|move|p2b: Forretress|Body Press|p1b: Sneasler\n|-resisted|p1b: Sneasler|1\n|-crit|p1b: Sneasler\n|-damage|p1b: Sneasler|0 fnt\n|faint|p1b: Sneasler\n|\n|upkeep\n|\n|t:|1776547589\n|switch|p1b: Blastoise|Blastoise-Mega, L50, F|62/100\n|turn|11\n|\n|t:|1776547611\n|move|p1a: Aerodactyl|Dual Wingbeat|p2a: Sneasler\n|-supereffective|p2a: Sneasler|1\n|-damage|p2a: Sneasler|39/100\n|-supereffective|p2a: Sneasler|1\n|-damage|p2a: Sneasler|0 fnt\n|faint|p2a: Sneasler\n|-hitcount|p2: Sneasler|2\n|move|p1b: Blastoise|Water Spout|p2b: Forretress\n|-damage|p2b: Forretress|0 fnt\n|faint|p2b: Forretress\n|\n|upkeep\n|\n|t:|1776547622\n|switch|p2b: Sharpedo|Sharpedo-Mega, L50, M|53/100\n|turn|12\n|\n|t:|1776547629\n|move|p1a: Aerodactyl|Tailwind|p1a: Aerodactyl\n|-sidestart|p1: PM77Switch|move: Tailwind\n|move|p1b: Blastoise|Aura Sphere|p2b: Sharpedo\n|-supereffective|p2b: Sharpedo|1\n|-damage|p2b: Sharpedo|0 fnt\n|faint|p2b: Sharpedo\n|\n|win|PM77Switch\n|raw|PM77Switch's rating: 1294 &rarr; <strong>1324</strong><br />(+30 for winning)\n|raw|jamyrok's rating: 1370 &rarr; <strong>1346</strong><br />(-24 for losing)\n",
  "uploadtime": 1776547635,
  "views": 18,
  "formatid": "gen9championsvgc2026regma",
  "rating": 1324,
  "private": 0,
  "password": null
}