{
  "id": "gen9championsvgc2026regma-2581677806",
  "format": "[Gen 9 Champions] VGC 2026 Reg M-A",
  "players": [
    "torucat43",
    "OscarGoro"
  ],
  "log": "|j|\u2606torucat43\n|j|\u2606OscarGoro\n|t:|1776020022\n|gametype|doubles\n|player|p1|torucat43|benga|1069\n|player|p2|OscarGoro|169|1113\n|gen|9\n|tier|[Gen 9 Champions] VGC 2026 Reg M-A\n|rated|\n|rule|Species Clause: Limit one of each Pok\u00e9mon\n|rule|Item Clause: Limit 1 of each item\n|clearpoke\n|poke|p1|Politoed, L50, M|\n|poke|p1|Dragonite, L50, M|\n|poke|p1|Archaludon, L50, F|\n|poke|p1|Basculegion, L50, M|\n|poke|p1|Sinistcha, L50|\n|poke|p1|Sneasler, L50, F|\n|poke|p2|Tyranitar, L50, M|\n|poke|p2|Excadrill, L50, M|\n|poke|p2|Incineroar, L50, M|\n|poke|p2|Floette-Eternal, L50, F|\n|poke|p2|Sinistcha, L50|\n|poke|p2|Rotom-Wash, L50|\n|teampreview|4\n|inactive|Battle timer is ON: inactive players will automatically lose when time's up. (requested by torucat43)\n|\n|t:|1776020081\n|teamsize|p1|4\n|teamsize|p2|4\n|start\n|switch|p1a: Politoed|Politoed, L50, M|100/100\n|switch|p1b: Archaludon|Archaludon, L50, F|100/100\n|switch|p2a: Sinistcha|Sinistcha, L50|100/100\n|switch|p2b: Incineroar|Incineroar, L50, M|100/100\n|-weather|RainDance|[from] ability: Drizzle|[of] p1a: Politoed\n|-ability|p2b: Incineroar|Intimidate|boost\n|-unboost|p1a: Politoed|atk|1\n|-unboost|p1b: Archaludon|atk|1\n|turn|1\n|\n|t:|1776020098\n|move|p2b: Incineroar|Fake Out|p1b: Archaludon\n|-resisted|p1b: Archaludon|1\n|-damage|p1b: Archaludon|95/100\n|cant|p1b: Archaludon|flinch\n|move|p1a: Politoed|Weather Ball|p2b: Incineroar\n|-supereffective|p2b: Incineroar|1\n|-damage|p2b: Incineroar|20/100\n|move|p2a: Sinistcha|Trick Room|p2a: Sinistcha\n|-fieldstart|move: Trick Room|[of] p2a: Sinistcha\n|\n|-weather|RainDance|[upkeep]\n|upkeep\n|turn|2\n|\n|t:|1776020118\n|move|p2b: Incineroar|Parting Shot|p1b: Archaludon\n|-unboost|p1b: Archaludon|atk|1\n|-unboost|p1b: Archaludon|spa|1\n|\n|t:|1776020122\n|switch|p2b: Tyranitar|Tyranitar, L50, M|100/100|[from] Parting Shot\n|-weather|Sandstorm|[from] ability: Sand Stream|[of] p2b: Tyranitar\n|move|p2a: Sinistcha|Matcha Gotcha|p1a: Politoed|[spread] p1a,p1b\n|-supereffective|p1a: Politoed|1\n|-resisted|p1b: Archaludon|2\n|-damage|p1a: Politoed|69/100\n|-damage|p1b: Archaludon|85/100\n|-status|p1b: Archaludon|brn\n|move|p1a: Politoed|Muddy Water|p2b: Tyranitar|[spread] p2a,p2b\n|-resisted|p2a: Sinistcha|1\n|-supereffective|p2b: Tyranitar|1\n|-damage|p2a: Sinistcha|90/100\n|-damage|p2b: Tyranitar|74/100\n|move|p1b: Archaludon|Electro Shot||[still]\n|-prepare|p1b: Archaludon|Electro Shot\n|-boost|p1b: Archaludon|spa|1\n|\n|-weather|Sandstorm|[upkeep]\n|-damage|p2a: Sinistcha|84/100|[from] Sandstorm\n|-damage|p1a: Politoed|63/100|[from] Sandstorm\n|-heal|p1a: Politoed|69/100|[from] item: Leftovers\n|-damage|p1b: Archaludon|79/100 brn|[from] brn\n|upkeep\n|turn|3\n|inactive|torucat43 has 30 seconds left.\n|inactive|OscarGoro has 30 seconds left.\n|\n|t:|1776020156\n|detailschange|p2b: Tyranitar|Tyranitar-Mega, L50, M\n|-mega|p2b: Tyranitar|Tyranitar|Tyranitarite\n|move|p1a: Politoed|Protect|p1a: Politoed\n|-singleturn|p1a: Politoed|Protect\n|move|p2a: Sinistcha|Life Dew|p2a: Sinistcha|[spread] p2a,p2b\n|-heal|p2a: Sinistcha|100/100\n|-heal|p2b: Tyranitar|99/100\n|move|p2b: Tyranitar|Rock Slide|p1b: Archaludon|[spread] p1b\n|-activate|p1a: Politoed|move: Protect\n|-resisted|p1b: Archaludon|1\n|-crit|p1b: Archaludon\n|-damage|p1b: Archaludon|55/100 brn\n|move|p1b: Archaludon|Electro Shot|p2b: Tyranitar|[from] lockedmove\n|-damage|p2b: Tyranitar|75/100\n|\n|-weather|Sandstorm|[upkeep]\n|-damage|p2a: Sinistcha|94/100|[from] Sandstorm\n|-damage|p1a: Politoed|63/100|[from] Sandstorm\n|-heal|p1a: Politoed|69/100|[from] item: Leftovers\n|-damage|p1b: Archaludon|49/100 brn|[from] brn\n|upkeep\n|turn|4\n|inactive|torucat43 has 30 seconds left.\n|inactive|torucat43 has 20 seconds left.\n|\n|t:|1776020194\n|switch|p1a: Basculegion|Basculegion, L50, M|100/100\n|move|p2a: Sinistcha|Life Dew|p2a: Sinistcha|[spread] p2a,p2b\n|-heal|p2a: Sinistcha|100/100\n|-heal|p2b: Tyranitar|99/100\n|move|p2b: Tyranitar|Rock Slide|p1b: Archaludon|[spread] p1a,p1b\n|-resisted|p1b: Archaludon|1\n|-damage|p1a: Basculegion|51/100\n|-damage|p1b: Archaludon|34/100 brn\n|cant|p1b: Archaludon|flinch\n|\n|-weather|Sandstorm|[upkeep]\n|-damage|p2a: Sinistcha|94/100|[from] Sandstorm\n|-damage|p1a: Basculegion|45/100|[from] Sandstorm\n|-damage|p1b: Archaludon|28/100 brn|[from] brn\n|upkeep\n|turn|5\n|inactive|torucat43 has 30 seconds left.\n|\n|t:|1776020221\n|switch|p1a: Politoed|Politoed, L50, M|69/100\n|-weather|RainDance|[from] ability: Drizzle|[of] p1a: Politoed\n|move|p2a: Sinistcha|Matcha Gotcha|p1a: Politoed|[spread] p1b\n|-miss|p2a: Sinistcha|p1a: Politoed\n|-resisted|p1b: Archaludon|2\n|-damage|p1b: Archaludon|19/100 brn\n|-heal|p2a: Sinistcha|99/100|[from] drain|[of] p1b: Archaludon\n|move|p2b: Tyranitar|Rock Slide|p1a: Politoed|[spread] p1a,p1b\n|-resisted|p1b: Archaludon|1\n|-damage|p1a: Politoed|23/100\n|-damage|p1b: Archaludon|4/100 brn\n|move|p1b: Archaludon|Aura Sphere|p2b: Tyranitar\n|-supereffective|p2b: Tyranitar|2\n|-damage|p2b: Tyranitar|21/100\n|\n|-weather|RainDance|[upkeep]\n|-heal|p1a: Politoed|29/100|[from] item: Leftovers\n|-damage|p1b: Archaludon|0 fnt|[from] brn\n|faint|p1b: Archaludon\n|-fieldend|move: Trick Room\n|upkeep\n|inactive|torucat43 has 30 seconds left.\n|\n|t:|1776020247\n|switch|p1b: Basculegion|Basculegion, L50, M|45/100\n|turn|6\n|\n|t:|1776020263\n|switch|p2b: Incineroar|Incineroar, L50, M|20/100\n|-ability|p2b: Incineroar|Intimidate|boost\n|-unboost|p1a: Politoed|atk|1\n|-unboost|p1b: Basculegion|atk|1\n|move|p1b: Basculegion|Phantom Force||[still]\n|-prepare|p1b: Basculegion|Phantom Force\n|move|p1a: Politoed|Muddy Water|p2a: Sinistcha|[spread] p2b\n|-miss|p1a: Politoed|p2a: Sinistcha\n|-supereffective|p2b: Incineroar|1\n|-damage|p2b: Incineroar|0 fnt\n|faint|p2b: Incineroar\n|move|p2a: Sinistcha|Trick Room|p2a: Sinistcha\n|-fieldstart|move: Trick Room|[of] p2a: Sinistcha\n|\n|-weather|RainDance|[upkeep]\n|-heal|p1a: Politoed|36/100|[from] item: Leftovers\n|upkeep\n|\n|t:|1776020268\n|switch|p2b: Tyranitar|Tyranitar-Mega, L50, M|21/100\n|-weather|Sandstorm|[from] ability: Sand Stream|[of] p2b: Tyranitar\n|turn|7\n|\n|t:|1776020290\n|move|p2a: Sinistcha|Life Dew|p2a: Sinistcha|[spread] p2a,p2b\n|-heal|p2a: Sinistcha|100/100\n|-heal|p2b: Tyranitar|46/100\n|move|p1a: Politoed|Muddy Water|p2a: Sinistcha|[spread] p2b\n|-miss|p1a: Politoed|p2a: Sinistcha\n|-supereffective|p2b: Tyranitar|1\n|-damage|p2b: Tyranitar|28/100\n|-unboost|p2b: Tyranitar|accuracy|1\n|move|p2b: Tyranitar|Crunch|p1a: Politoed\n|-damage|p1a: Politoed|0 fnt\n|faint|p1a: Politoed\n|move|p1b: Basculegion|Phantom Force|p2a: Sinistcha|[from] lockedmove\n|-supereffective|p2a: Sinistcha|1\n|-damage|p2a: Sinistcha|40/100\n|-enditem|p2a: Sinistcha|Sitrus Berry|[eat]\n|-heal|p2a: Sinistcha|65/100|[from] item: Sitrus Berry\n|\n|-weather|Sandstorm|[upkeep]\n|-damage|p2a: Sinistcha|58/100|[from] Sandstorm\n|-damage|p1b: Basculegion|39/100|[from] Sandstorm\n|upkeep\n|\n|t:|1776020312\n|switch|p1a: Sneasler|Sneasler, L50, F|100/100\n|turn|8\n|\n|t:|1776020333\n|move|p1a: Sneasler|Fake Out|p2b: Tyranitar\n|-resisted|p2b: Tyranitar|1\n|-damage|p2b: Tyranitar|23/100\n|move|p2a: Sinistcha|Matcha Gotcha|p1a: Sneasler|[spread] p1a,p1b\n|-resisted|p1a: Sneasler|1\n|-supereffective|p1b: Basculegion|1\n|-damage|p1a: Sneasler|85/100\n|-heal|p2a: Sinistcha|65/100|[from] drain|[of] p1a: Sneasler\n|-damage|p1b: Basculegion|0 fnt\n|-heal|p2a: Sinistcha|86/100|[from] drain|[of] p1b: Basculegion\n|faint|p1b: Basculegion\n|cant|p2b: Tyranitar|flinch\n|\n|-weather|Sandstorm|[upkeep]\n|-damage|p2a: Sinistcha|80/100|[from] Sandstorm\n|-damage|p1a: Sneasler|79/100|[from] Sandstorm\n|upkeep\n|turn|9\n|\n|t:|1776020356\n|move|p2a: Sinistcha|Matcha Gotcha|p1a: Sneasler\n|-resisted|p1a: Sneasler|1\n|-damage|p1a: Sneasler|57/100\n|-heal|p2a: Sinistcha|90/100|[from] drain|[of] p1a: Sneasler\n|-status|p1a: Sneasler|brn\n|move|p2b: Tyranitar|Rock Slide|p1a: Sneasler|[miss]\n|-miss|p2b: Tyranitar|p1a: Sneasler\n|move|p1a: Sneasler|Close Combat|p2b: Tyranitar\n|-supereffective|p2b: Tyranitar|2\n|-damage|p2b: Tyranitar|0 fnt\n|-unboost|p1a: Sneasler|def|1\n|-unboost|p1a: Sneasler|spd|1\n|faint|p2b: Tyranitar\n|\n|-weather|Sandstorm|[upkeep]\n|-damage|p2a: Sinistcha|84/100|[from] Sandstorm\n|-damage|p1a: Sneasler|51/100 brn|[from] Sandstorm\n|-damage|p1a: Sneasler|45/100 brn|[from] brn\n|upkeep\n|\n|t:|1776020365\n|switch|p2b: Floette|Floette-Eternal, L50, F|100/100\n|turn|10\n|\n|t:|1776020380\n|move|p2a: Sinistcha|Matcha Gotcha|p1a: Sneasler\n|-resisted|p1a: Sneasler|1\n|-damage|p1a: Sneasler|13/100 brn\n|-heal|p2a: Sinistcha|99/100|[from] drain|[of] p1a: Sneasler\n|move|p2b: Floette|Dazzling Gleam|p1a: Sneasler\n|-damage|p1a: Sneasler|0 fnt\n|faint|p1a: Sneasler\n|\n|win|OscarGoro\n|raw|torucat43's rating: 1069 &rarr; <strong>1051</strong><br />(-18 for losing)\n|raw|OscarGoro's rating: 1113 &rarr; <strong>1135</strong><br />(+22 for winning)\n",
  "uploadtime": 1776020392,
  "views": 18,
  "formatid": "gen9championsvgc2026regma",
  "rating": 1051,
  "private": 0,
  "password": null
}