{
  "id": "gen9championsvgc2026regma-2587948681",
  "format": "[Gen 9 Champions] VGC 2026 Reg M-A",
  "players": [
    "klipce",
    "superG195"
  ],
  "log": "|j|\u2606klipce\n|j|\u2606superG195\n|t:|1776583359\n|gametype|doubles\n|player|p1|klipce|169|1101\n|player|p2|superG195|brawly|1166\n|gen|9\n|tier|[Gen 9 Champions] VGC 2026 Reg M-A\n|rated|\n|rule|Species Clause: Limit one of each Pok\u00e9mon\n|rule|Item Clause: Limit 1 of each item\n|clearpoke\n|poke|p1|Basculegion, L50, M|\n|poke|p1|Sinistcha, L50|\n|poke|p1|Kommo-o, L50, M|\n|poke|p1|Clefable, L50, F|\n|poke|p1|Talonflame, L50, M|\n|poke|p1|Scizor, L50, M|\n|poke|p2|Aerodactyl, L50, F|\n|poke|p2|Garchomp, L50, M|\n|poke|p2|Scovillain, L50, M|\n|poke|p2|Tauros-Paldea-Aqua, L50, M|\n|poke|p2|Scizor, L50, F|\n|poke|p2|Rotom-Wash, L50|\n|teampreview|4\n|\n|t:|1776583407\n|teamsize|p1|4\n|teamsize|p2|4\n|start\n|switch|p1a: Talonflame|Talonflame, L50, M|100/100\n|switch|p1b: Basculegion|Basculegion, L50, M|100/100\n|switch|p2a: Aerodactyl|Aerodactyl, L50, F|100/100\n|switch|p2b: Scovillain|Scovillain, L50, M|100/100\n|-ability|p2a: Aerodactyl|Unnerve\n|turn|1\n|\n|t:|1776583422\n|detailschange|p2b: Scovillain|Scovillain-Mega, L50, M\n|-mega|p2b: Scovillain|Scovillain|Scovillainite\n|move|p2b: Scovillain|Rage Powder|p2b: Scovillain\n|-singleturn|p2b: Scovillain|move: Rage Powder\n|move|p1a: Talonflame|Brave Bird|p2b: Scovillain\n|-supereffective|p2b: Scovillain|1\n|-damage|p2b: Scovillain|6/100\n|-immune|p1a: Talonflame\n|-damage|p1a: Talonflame|67/100|[from] Recoil\n|move|p1b: Basculegion|Flip Turn|p2b: Scovillain\n|-damage|p2b: Scovillain|0 fnt\n|-status|p1b: Basculegion|brn|[from] ability: Spicy Spray|[of] p2b: Scovillain\n|faint|p2b: Scovillain\n|\n|t:|1776583442\n|switch|p1b: Kommo-o|Kommo-o, L50, M|100/100|[from] Flip Turn\n|move|p2a: Aerodactyl|Tailwind|p2a: Aerodactyl\n|-sidestart|p2: superG195|move: Tailwind\n|\n|upkeep\n|\n|t:|1776583448\n|switch|p2b: Garchomp|Garchomp, L50, M|100/100\n|turn|2\n|\n|t:|1776583457\n|switch|p1b: Clefable|Clefable, L50, F|100/100\n|move|p2a: Aerodactyl|Rock Slide|p1b: Clefable|[spread] p1a,p1b\n|-supereffective|p1a: Talonflame|2\n|-damage|p1a: Talonflame|0 fnt\n|-damage|p1b: Clefable|77/100\n|faint|p1a: Talonflame\n|move|p2b: Garchomp|Dragon Claw|p1b: Clefable\n|-immune|p1b: Clefable\n|\n|upkeep\n|\n|t:|1776583468\n|switch|p1a: Kommo-o|Kommo-o, L50, M|100/100\n|turn|3\n|\n|t:|1776583484\n|switch|p2b: Rotom|Rotom-Wash, L50|100/100\n|move|p1b: Clefable|Follow Me|p1b: Clefable\n|-singleturn|p1b: Clefable|move: Follow Me\n|move|p2a: Aerodactyl|Rock Slide|p1b: Clefable|[spread] p1a,p1b\n|-resisted|p1a: Kommo-o|1\n|-damage|p1a: Kommo-o|90/100\n|-damage|p1b: Clefable|52/100\n|move|p1a: Kommo-o|Clangorous Soul|p1a: Kommo-o\n|-boost|p1a: Kommo-o|atk|1\n|-boost|p1a: Kommo-o|def|1\n|-boost|p1a: Kommo-o|spa|1\n|-boost|p1a: Kommo-o|spd|1\n|-boost|p1a: Kommo-o|spe|1\n|-damage|p1a: Kommo-o|57/100\n|\n|-heal|p1a: Kommo-o|63/100|[from] item: Leftovers\n|upkeep\n|turn|4\n|\n|t:|1776583508\n|move|p1a: Kommo-o|Protect|p1a: Kommo-o\n|-singleturn|p1a: Kommo-o|Protect\n|move|p2a: Aerodactyl|Rock Slide|p1a: Kommo-o|[spread] p1b\n|-activate|p1a: Kommo-o|move: Protect\n|-damage|p1b: Clefable|30/100\n|move|p2b: Rotom|Will-O-Wisp|p1a: Kommo-o\n|-activate|p1a: Kommo-o|move: Protect\n|cant|p1b: Clefable|flinch\n|\n|-heal|p1a: Kommo-o|69/100|[from] item: Leftovers\n|-sideend|p2: superG195|move: Tailwind\n|upkeep\n|turn|5\n|\n|t:|1776583527\n|move|p1a: Kommo-o|Clanging Scales|p2b: Rotom|[spread] p2a,p2b\n|-damage|p2a: Aerodactyl|34/100\n|-damage|p2b: Rotom|50/100\n|-unboost|p1a: Kommo-o|def|1\n|move|p2a: Aerodactyl|Rock Slide|p1a: Kommo-o|[spread] p1a,p1b\n|-resisted|p1a: Kommo-o|1\n|-damage|p1a: Kommo-o|58/100\n|-damage|p1b: Clefable|8/100\n|move|p2b: Rotom|Will-O-Wisp|p1a: Kommo-o\n|-status|p1a: Kommo-o|brn\n|cant|p1b: Clefable|flinch\n|\n|-heal|p1a: Kommo-o|64/100 brn|[from] item: Leftovers\n|-heal|p2b: Rotom|56/100|[from] item: Leftovers\n|-damage|p1a: Kommo-o|58/100 brn|[from] brn\n|upkeep\n|turn|6\n|\n|t:|1776583562\n|move|p1b: Clefable|Follow Me|p1b: Clefable\n|-singleturn|p1b: Clefable|move: Follow Me\n|move|p1a: Kommo-o|Clanging Scales|p2a: Aerodactyl|[spread] p2a,p2b\n|-damage|p2a: Aerodactyl|0 fnt\n|-damage|p2b: Rotom|0 fnt\n|-enditem|p1b: Clefable|Sitrus Berry|[eat]\n|-heal|p1b: Clefable|33/100|[from] item: Sitrus Berry\n|faint|p2a: Aerodactyl\n|faint|p2b: Rotom\n|-unboost|p1a: Kommo-o|def|1\n|\n|-heal|p1a: Kommo-o|64/100 brn|[from] item: Leftovers\n|-damage|p1a: Kommo-o|58/100 brn|[from] brn\n|upkeep\n|\n|t:|1776583575\n|switch|p2b: Garchomp|Garchomp, L50, M|100/100\n|turn|7\n|\n|t:|1776583581\n|move|p1b: Clefable|Follow Me|p1b: Clefable\n|-singleturn|p1b: Clefable|move: Follow Me\n|move|p1a: Kommo-o|Clanging Scales|p2b: Garchomp\n|-supereffective|p2b: Garchomp|1\n|-damage|p2b: Garchomp|0 fnt\n|faint|p2b: Garchomp\n|\n|win|klipce\n|raw|klipce's rating: 1101 &rarr; <strong>1131</strong><br />(+30 for winning)\n|raw|superG195's rating: 1166 &rarr; <strong>1136</strong><br />(-30 for losing)\n|l|\u2606superG195\n|player|p2|\n",
  "uploadtime": 1776583595,
  "views": 9,
  "formatid": "gen9championsvgc2026regma",
  "rating": 1131,
  "private": 0,
  "password": null
}