{
  "id": "gen9championsvgc2026regma-2587793798",
  "format": "[Gen 9 Champions] VGC 2026 Reg M-A",
  "players": [
    "Star7700",
    "sewaddlegeo"
  ],
  "log": "|j|\u2606Star7700\n|j|\u2606sewaddlegeo\n|t:|1776564630\n|gametype|doubles\n|player|p1|Star7700|266|1138\n|player|p2|sewaddlegeo|preschooler|1037\n|gen|9\n|tier|[Gen 9 Champions] VGC 2026 Reg M-A\n|rated|\n|rule|Species Clause: Limit one of each Pok\u00e9mon\n|rule|Item Clause: Limit 1 of each item\n|clearpoke\n|poke|p1|Meganium, L50, M|\n|poke|p1|Pelipper, L50, F|\n|poke|p1|Archaludon, L50, M|\n|poke|p1|Basculegion, L50, M|\n|poke|p1|Tauros-Paldea-Aqua, L50, M|\n|poke|p1|Sableye, L50, M|\n|poke|p2|Toxicroak, L50, M|\n|poke|p2|Blastoise, L50, M|\n|poke|p2|Sableye, L50, F|\n|poke|p2|Basculegion, L50, M|\n|poke|p2|Goodra-Hisui, L50, F|\n|poke|p2|Greninja, L50, M, shiny|\n|teampreview|4\n|inactive|Battle timer is ON: inactive players will automatically lose when time's up. (requested by sewaddlegeo)\n|inactive|Star7700 has 60 seconds left.\n|inactive|sewaddlegeo has 60 seconds left.\n|\n|t:|1776564686\n|teamsize|p1|4\n|teamsize|p2|4\n|start\n|switch|p1a: Sableye|Sableye, L50, M|100/100\n|switch|p1b: Archaludon|Archaludon, L50, M|100/100\n|switch|p2a: Blastoise|Blastoise, L50, M|100/100\n|switch|p2b: Sableye|Sableye, L50, F|100/100\n|turn|1\n|inactive|Star7700 has 30 seconds left.\n|\n|t:|1776564718\n|move|p1b: Archaludon|Protect|p1b: Archaludon\n|-singleturn|p1b: Archaludon|Protect\n|move|p2b: Sableye|Light Screen|p2b: Sableye\n|-sidestart|p2: sewaddlegeo|move: Light Screen\n|move|p1a: Sableye|Thunder Wave|p2a: Blastoise\n|-status|p2a: Blastoise|par\n|move|p2a: Blastoise|Surf|p1a: Sableye|[spread] p2b,p1a\n|-activate|p1b: Archaludon|move: Protect\n|-damage|p2b: Sableye|73/100\n|-damage|p1a: Sableye|71/100\n|\n|-heal|p2b: Sableye|78/100|[from] item: Leftovers\n|upkeep\n|turn|2\n|inactive|Star7700 has 30 seconds left.\n|\n|t:|1776564749\n|switch|p1a: Pelipper|Pelipper, L50, F|100/100\n|-weather|RainDance|[from] ability: Drizzle|[of] p1a: Pelipper\n|switch|p2a: Toxicroak|Toxicroak, L50, M|100/100\n|move|p2b: Sableye|Encore|p1b: Archaludon\n|-start|p1b: Archaludon|Encore\n|move|p1b: Archaludon|Protect||[still]\n|-fail|p1b: Archaludon\n|\n|-weather|RainDance|[upkeep]\n|-heal|p2b: Sableye|84/100|[from] item: Leftovers\n|upkeep\n|turn|3\n|inactive|Star7700 has 30 seconds left.\n|\n|t:|1776564775\n|switch|p1b: Basculegion|Basculegion, L50, M|100/100\n|switch|p2b: Basculegion|Basculegion, L50, M|100/100\n|move|p2a: Toxicroak|Fake Out|p1a: Pelipper\n|-damage|p1a: Pelipper|83/100\n|cant|p1a: Pelipper|flinch\n|\n|-weather|RainDance|[upkeep]\n|upkeep\n|turn|4\n|inactive|Star7700 has 30 seconds left.\n|\n|t:|1776564807\n|switch|p1a: Archaludon|Archaludon, L50, M|100/100\n|move|p2a: Toxicroak|Sucker Punch|p1b: Basculegion\n|-supereffective|p1b: Basculegion|1\n|-damage|p1b: Basculegion|49/100\n|move|p2b: Basculegion|Phantom Force||[still]\n|-prepare|p2b: Basculegion|Phantom Force\n|move|p1b: Basculegion|Flip Turn|p2a: Toxicroak\n|-immune|p2a: Toxicroak|[from] ability: Dry Skin\n|\n|-weather|RainDance|[upkeep]\n|upkeep\n|turn|5\n|\n|t:|1776564827\n|switch|p1b: Sableye|Sableye, L50, M|71/100\n|move|p2b: Basculegion|Phantom Force|p1a: Archaludon|[from] lockedmove\n|-damage|p1a: Archaludon|66/100\n|-ability|p1a: Archaludon|Stamina|boost\n|-boost|p1a: Archaludon|def|1\n|move|p2a: Toxicroak|Drain Punch|p1a: Archaludon\n|-supereffective|p1a: Archaludon|1\n|-damage|p1a: Archaludon|31/100\n|-ability|p1a: Archaludon|Stamina|boost\n|-boost|p1a: Archaludon|def|1\n|move|p1a: Archaludon|Electro Shot||[still]\n|-prepare|p1a: Archaludon|Electro Shot\n|-boost|p1a: Archaludon|spa|1\n|-anim|p1a: Archaludon|Electro Shot|p2a: Toxicroak\n|-damage|p2a: Toxicroak|32/100\n|\n|-weather|RainDance|[upkeep]\n|-heal|p2a: Toxicroak|44/100|[from] ability: Dry Skin\n|-heal|p1a: Archaludon|37/100|[from] item: Leftovers\n|-sideend|p2: sewaddlegeo|move: Light Screen\n|upkeep\n|turn|6\n|inactive|Star7700 has 30 seconds left.\n|inactive|sewaddlegeo has 30 seconds left.\n|inactive|Star7700 has 20 seconds left.\n|inactive|Star7700 has 15 seconds left.\n|\n|t:|1776564868\n|move|p1a: Archaludon|Protect|p1a: Archaludon\n|-singleturn|p1a: Archaludon|Protect\n|move|p1b: Sableye|Thunder Wave|p2b: Basculegion\n|-status|p2b: Basculegion|par\n|move|p2b: Basculegion|Phantom Force||[still]\n|-prepare|p2b: Basculegion|Phantom Force\n|move|p2a: Toxicroak|Drain Punch|p1a: Archaludon\n|-activate|p1a: Archaludon|move: Protect\n|\n|-weather|none\n|-heal|p1a: Archaludon|44/100|[from] item: Leftovers\n|upkeep\n|turn|7\n|inactive|Star7700 has 30 seconds left.\n|inactive|Star7700 has 20 seconds left.\n|\n|t:|1776564906\n|switch|p2a: Blastoise|Blastoise, L50, M|100/100 par\n|cant|p2b: Basculegion|par\n|move|p1a: Archaludon|Dragon Pulse|p2b: Basculegion\n|-damage|p2b: Basculegion|28/100 par\n|move|p1b: Sableye|Foul Play|p2a: Blastoise\n|-damage|p2a: Blastoise|73/100 par\n|\n|-heal|p1a: Archaludon|50/100|[from] item: Leftovers\n|upkeep\n|turn|8\n|\n|t:|1776564928\n|switch|p1b: Pelipper|Pelipper, L50, F|83/100\n|-weather|RainDance|[from] ability: Drizzle|[of] p1b: Pelipper\n|move|p2b: Basculegion|Phantom Force||[still]\n|-prepare|p2b: Basculegion|Phantom Force\n|move|p1a: Archaludon|Electro Shot||[still]\n|-prepare|p1a: Archaludon|Electro Shot\n|-boost|p1a: Archaludon|spa|1\n|-anim|p1a: Archaludon|Electro Shot|p2a: Blastoise\n|-supereffective|p2a: Blastoise|1\n|-damage|p2a: Blastoise|0 fnt\n|faint|p2a: Blastoise\n|\n|-weather|RainDance|[upkeep]\n|-heal|p1a: Archaludon|56/100|[from] item: Leftovers\n|upkeep\n|\n|t:|1776564940\n|switch|p2a: Sableye|Sableye, L50, F|84/100\n|turn|9\n|inactive|Star7700 has 30 seconds left.\n|\n|t:|1776564967\n|move|p2a: Sableye|Light Screen|p2a: Sableye\n|-sidestart|p2: sewaddlegeo|move: Light Screen\n|move|p2b: Basculegion|Phantom Force|p1a: Archaludon|[from] lockedmove\n|-crit|p1a: Archaludon\n|-damage|p1a: Archaludon|6/100\n|-ability|p1a: Archaludon|Stamina|boost\n|-boost|p1a: Archaludon|def|1\n|move|p1b: Pelipper|Hurricane|p2b: Basculegion\n|-damage|p2b: Basculegion|0 fnt\n|faint|p2b: Basculegion\n|move|p1a: Archaludon|Electro Shot||[still]\n|-prepare|p1a: Archaludon|Electro Shot\n|-boost|p1a: Archaludon|spa|1\n|-anim|p1a: Archaludon|Electro Shot|p2a: Sableye\n|-damage|p2a: Sableye|0 fnt\n|faint|p2a: Sableye\n|\n|-weather|RainDance|[upkeep]\n|-heal|p1a: Archaludon|12/100|[from] item: Leftovers\n|upkeep\n|\n|t:|1776564977\n|switch|p2b: Toxicroak|Toxicroak, L50, M|44/100\n|turn|10\n|\n|t:|1776564994\n|move|p2b: Toxicroak|Poison Jab|p1b: Pelipper\n|-crit|p1b: Pelipper\n|-damage|p1b: Pelipper|8/100\n|move|p1b: Pelipper|Hurricane|p2b: Toxicroak\n|-supereffective|p2b: Toxicroak|1\n|-damage|p2b: Toxicroak|0 fnt\n|faint|p2b: Toxicroak\n|\n|win|Star7700\n|raw|Star7700's rating: 1138 &rarr; <strong>1156</strong><br />(+18 for winning)\n|raw|sewaddlegeo's rating: 1037 &rarr; <strong>1026</strong><br />(-11 for losing)\n|l|\u2606sewaddlegeo\n|player|p2|\n",
  "uploadtime": 1776565034,
  "views": 23,
  "formatid": "gen9championsvgc2026regma",
  "rating": 1026,
  "private": 0,
  "password": null
}