{
  "id": "gen9championsvgc2026regma-2587026805",
  "format": "[Gen 9 Champions] VGC 2026 Reg M-A",
  "players": [
    "0TX - Zenith",
    "nlits"
  ],
  "log": "|j|\u26060TX - Zenith\n|j|\u2606nlits\n|t:|1776482668\n|gametype|doubles\n|player|p1|0TX - Zenith|gambler|1199\n|player|p2|nlits|fisherman|1142\n|gen|9\n|tier|[Gen 9 Champions] VGC 2026 Reg M-A\n|rated|\n|rule|Species Clause: Limit one of each Pok\u00e9mon\n|rule|Item Clause: Limit 1 of each item\n|clearpoke\n|poke|p1|Whimsicott, L50, F|\n|poke|p1|Absol, L50, F|\n|poke|p1|Sinistcha, L50|\n|poke|p1|Incineroar, L50, M|\n|poke|p1|Sneasler, L50, F|\n|poke|p1|Farigiraf, L50, M|\n|poke|p2|Torkoal, L50, F|\n|poke|p2|Oranguru, L50, F|\n|poke|p2|Aggron, L50, F|\n|poke|p2|Incineroar, L50, F|\n|poke|p2|Hatterene, L50, F|\n|poke|p2|Kingambit, L50, M|\n|teampreview|4\n0TX - Zenith rejected open team sheets.\n|inactive|Battle timer is ON: inactive players will automatically lose when time's up. (requested by 0TX - Zenith)\n|inactive|nlits has 60 seconds left.\n|\n|t:|1776482717\n|teamsize|p1|4\n|teamsize|p2|4\n|start\n|switch|p1a: Whimsicott|Whimsicott, L50, F|100/100\n|switch|p1b: Absol|Absol, L50, F|100/100\n|switch|p2a: Oranguru|Oranguru, L50, F|100/100\n|switch|p2b: Kingambit|Kingambit, L50, M|100/100\n|turn|1\n|\n|t:|1776482739\n|move|p2b: Kingambit|Protect|p2b: Kingambit\n|-singleturn|p2b: Kingambit|Protect\n|move|p1a: Whimsicott|Beat Up|p1b: Absol\n|-resisted|p1b: Absol|1\n|-crit|p1b: Absol\n|-damage|p1b: Absol|98/100\n|-ability|p1b: Absol|Justified|boost\n|-boost|p1b: Absol|atk|1\n|-resisted|p1b: Absol|1\n|-damage|p1b: Absol|95/100\n|-ability|p1b: Absol|Justified|boost\n|-boost|p1b: Absol|atk|1\n|-resisted|p1b: Absol|1\n|-damage|p1b: Absol|93/100\n|-ability|p1b: Absol|Justified|boost\n|-boost|p1b: Absol|atk|1\n|-resisted|p1b: Absol|1\n|-damage|p1b: Absol|91/100\n|-ability|p1b: Absol|Justified|boost\n|-boost|p1b: Absol|atk|1\n|-hitcount|p1b: Absol|4\n|move|p1b: Absol|Knock Off|p2a: Oranguru\n|-supereffective|p2a: Oranguru|1\n|-damage|p2a: Oranguru|0 fnt\n|-enditem|p2a: Oranguru|Mental Herb|[from] move: Knock Off|[of] p1b: Absol\n|faint|p2a: Oranguru\n|\n|upkeep\n|inactive|nlits has 30 seconds left.\n|\n|t:|1776482772\n|switch|p2a: Aggron|Aggron, L50, F|100/100\n|turn|2\n|\n|t:|1776482791\n|switch|p1a: Sinistcha|Sinistcha, L50|100/100\n|-heal|p1b: Absol|100/100|[from] ability: Hospitality|[of] p1a: Sinistcha\n|detailschange|p1b: Absol|Absol-Mega, L50, F\n|-mega|p1b: Absol|Absol|Absolite\n|detailschange|p2a: Aggron|Aggron-Mega, L50, F\n|-mega|p2a: Aggron|Aggron|Aggronite\n|move|p2a: Aggron|Protect|p2a: Aggron\n|-singleturn|p2a: Aggron|Protect\n|move|p1b: Absol|Close Combat|p2a: Aggron\n|-activate|p2a: Aggron|move: Protect\n|move|p2b: Kingambit|Iron Head|p1a: Sinistcha\n|-damage|p1a: Sinistcha|61/100\n|\n|upkeep\n|turn|3\n|inactive|nlits has 30 seconds left.\n|\n|t:|1776482818\n|switch|p2a: Torkoal|Torkoal, L50, F|100/100\n|-weather|SunnyDay|[from] ability: Drought|[of] p2a: Torkoal\n|move|p1a: Sinistcha|Rage Powder|p1a: Sinistcha\n|-singleturn|p1a: Sinistcha|move: Rage Powder\n|move|p1b: Absol|Close Combat|p2a: Torkoal\n|-damage|p2a: Torkoal|0 fnt\n|-unboost|p1b: Absol|def|1\n|-unboost|p1b: Absol|spd|1\n|faint|p2a: Torkoal\n|move|p2b: Kingambit|Kowtow Cleave|p1a: Sinistcha\n|-supereffective|p1a: Sinistcha|1\n|-damage|p1a: Sinistcha|0 fnt\n|faint|p1a: Sinistcha\n|\n|-weather|SunnyDay|[upkeep]\n|upkeep\n|\n|t:|1776482831\n|switch|p1a: Whimsicott|Whimsicott, L50, F|100/100\n|switch|p2a: Aggron|Aggron-Mega, L50, F|100/100\n|turn|4\n|inactive|0TX - Zenith has 30 seconds left.\n|\n|t:|1776482857\n|move|p2a: Aggron|Protect|p2a: Aggron\n|-singleturn|p2a: Aggron|Protect\n|move|p2b: Kingambit|Sucker Punch|p1b: Absol\n|-resisted|p1b: Absol|1\n|-damage|p1b: Absol|38/100\n|move|p1a: Whimsicott|Moonblast|p2b: Kingambit\n|-damage|p2b: Kingambit|74/100\n|move|p1b: Absol|Close Combat|p2a: Aggron\n|-activate|p2a: Aggron|move: Protect\n|\n|-weather|SunnyDay|[upkeep]\n|upkeep\n|turn|5\n|\n|t:|1776482876\n|move|p1b: Absol|Sucker Punch||[still]\n|-fail|p1b: Absol\n|move|p2b: Kingambit|Sucker Punch||[still]\n|-fail|p2b: Kingambit\n|move|p1a: Whimsicott|Moonblast|p2b: Kingambit\n|-damage|p2b: Kingambit|49/100\n|move|p2a: Aggron|Iron Defense|p2a: Aggron\n|-boost|p2a: Aggron|def|2\n|\n|-weather|SunnyDay|[upkeep]\n|upkeep\n|turn|6\n|inactive|nlits has 30 seconds left.\n|\n|t:|1776482903\n|move|p1a: Whimsicott|Encore|p2a: Aggron\n|-start|p2a: Aggron|Encore\n|move|p1b: Absol|Sucker Punch|p2b: Kingambit\n|-resisted|p2b: Kingambit|1\n|-damage|p2b: Kingambit|4/100\n|move|p2b: Kingambit|Sucker Punch||[still]\n|-fail|p2b: Kingambit\n|move|p2a: Aggron|Iron Defense|p2a: Aggron\n|-boost|p2a: Aggron|def|2\n|\n|-weather|SunnyDay|[upkeep]\n|upkeep\n|turn|7\n|\n|t:|1776482919\n|move|p2b: Kingambit|Protect|p2b: Kingambit\n|-singleturn|p2b: Kingambit|Protect\n|move|p1b: Absol|Sucker Punch||[still]\n|-fail|p1b: Absol\n|move|p1a: Whimsicott|Moonblast|p2a: Aggron\n|-resisted|p2a: Aggron|1\n|-damage|p2a: Aggron|86/100\n|-unboost|p2a: Aggron|spa|1\n|move|p2a: Aggron|Iron Defense|p2a: Aggron\n|-boost|p2a: Aggron|def|2\n|\n|-weather|none\n|upkeep\n|turn|8\n|\n|t:|1776482935\n|move|p1b: Absol|Sucker Punch|p2b: Kingambit\n|-resisted|p2b: Kingambit|1\n|-damage|p2b: Kingambit|0 fnt\n|faint|p2b: Kingambit\n|move|p1a: Whimsicott|Moonblast|p2a: Aggron\n|-resisted|p2a: Aggron|1\n|-damage|p2a: Aggron|73/100\n|move|p2a: Aggron|Iron Defense|p2a: Aggron\n|-boost|p2a: Aggron|def|0\n|\n|-end|p2a: Aggron|Encore\n|upkeep\n|turn|9\n|\n|t:|1776482950\n|move|p2a: Aggron|Protect|p2a: Aggron\n|-singleturn|p2a: Aggron|Protect\n|move|p1a: Whimsicott|Encore|p2a: Aggron\n|-activate|p2a: Aggron|move: Protect\n|move|p1b: Absol|Close Combat|p2a: Aggron\n|-activate|p2a: Aggron|move: Protect\n|\n|upkeep\n|turn|10\n|-message|nlits forfeited.\n|\n|win|0TX - Zenith\n|raw|0TX - Zenith's rating: 1199 &rarr; <strong>1220</strong><br />(+21 for winning)\n|raw|nlits's rating: 1142 &rarr; <strong>1121</strong><br />(-21 for losing)\n|l|\u2606nlits\n|player|p2|\n",
  "uploadtime": 1776483016,
  "views": 31,
  "formatid": "gen9championsvgc2026regma",
  "rating": 1121,
  "private": 0,
  "password": null
}