{
  "id": "gen9championsvgc2026regma-2580370713",
  "format": "[Gen 9 Champions] VGC 2026 Reg M-A",
  "players": [
    "Tangentation",
    "rentorar_lvl50"
  ],
  "log": "|j|\u2606Tangentation\n|j|\u2606rentorar_lvl50\n|t:|1775886547\n|gametype|doubles\n|player|p1|Tangentation|1|1000\n|player|p2|rentorar_lvl50|volkner|1000\n|gen|9\n|tier|[Gen 9 Champions] VGC 2026 Reg M-A\n|rated|\n|rule|Species Clause: Limit one of each Pok\u00e9mon\n|rule|Item Clause: Limit 1 of each item\n|clearpoke\n|poke|p1|Aggron, L50, F|\n|poke|p1|Primarina, L50, F|\n|poke|p1|Hydreigon, L50, F|\n|poke|p1|Sinistcha, L50|\n|poke|p1|Arcanine-Hisui, L50, F|\n|poke|p1|Gallade, L50, M|\n|poke|p2|Froslass, L50, F|\n|poke|p2|Incineroar, L50, M|\n|poke|p2|Garchomp, L50, F|\n|poke|p2|Rotom-Frost, L50|\n|poke|p2|Sneasler, L50, M|\n|poke|p2|Ninetales-Alola, L50, M|\n|teampreview|4\nrentorar_lvl50 has agreed to open team sheets.\n|\n|t:|1775886601\n|teamsize|p1|4\n|teamsize|p2|4\n|start\n|switch|p1a: Gallade|Gallade, L50, M|100/100\n|switch|p1b: Arcanine|Arcanine-Hisui, L50, F|100/100\n|switch|p2a: Sneasler|Sneasler, L50, M|100/100\n|switch|p2b: Ninetales|Ninetales-Alola, L50, M|100/100\n|-weather|Snowscape|[from] ability: Snow Warning|[of] p2b: Ninetales\n|-ability|p1b: Arcanine|Intimidate|boost\n|-unboost|p2a: Sneasler|atk|1\n|-unboost|p2b: Ninetales|atk|1\n|turn|1\n|\n|t:|1775886658\n|move|p1a: Gallade|Protect|p1a: Gallade\n|-singleturn|p1a: Gallade|Protect\n|move|p2a: Sneasler|Fake Out|p1a: Gallade\n|-activate|p1a: Gallade|move: Protect\n|move|p2b: Ninetales|Aurora Veil|p2b: Ninetales\n|-sidestart|p2: rentorar_lvl50|move: Aurora Veil\n|move|p1b: Arcanine|Flare Blitz|p2b: Ninetales\n|-supereffective|p2b: Ninetales|1\n|-damage|p2b: Ninetales|44/100\n|-damage|p1b: Arcanine|84/100|[from] Recoil\n|\n|-weather|Snowscape|[upkeep]\n|upkeep\n|turn|2\n|\n|t:|1775886684\n|switch|p2a: Incineroar|Incineroar, L50, M|100/100\n|-ability|p2a: Incineroar|Intimidate|boost\n|-unboost|p1a: Gallade|atk|1\n|-unboost|p1b: Arcanine|atk|1\n|move|p2b: Ninetales|Moonblast|p1a: Gallade\n|-supereffective|p1a: Gallade|1\n|-damage|p1a: Gallade|51/100\n|move|p1b: Arcanine|Rock Slide|p2a: Incineroar|[spread] p2a,p2b\n|-supereffective|p2a: Incineroar|1\n|-supereffective|p2b: Ninetales|1\n|-damage|p2a: Incineroar|78/100\n|-damage|p2b: Ninetales|28/100\n|move|p1a: Gallade|Trick Room|p1a: Gallade\n|-fieldstart|move: Trick Room|[of] p1a: Gallade\n|\n|-weather|Snowscape|[upkeep]\n|upkeep\n|turn|3\n|\n|t:|1775886721\n|switch|p1a: Sinistcha|Sinistcha, L50|100/100\n|-heal|p1b: Arcanine|100/100|[from] ability: Hospitality|[of] p1a: Sinistcha\n|move|p2a: Incineroar|Fake Out|p1b: Arcanine\n|-resisted|p1b: Arcanine|1\n|-damage|p1b: Arcanine|94/100\n|cant|p1b: Arcanine|flinch\n|move|p2b: Ninetales|Moonblast|p1a: Sinistcha\n|-damage|p1a: Sinistcha|67/100\n|\n|-weather|Snowscape|[upkeep]\n|-heal|p1a: Sinistcha|73/100|[from] item: Leftovers\n|upkeep\n|turn|4\n|\n|t:|1775886766\n|move|p2b: Ninetales|Protect|p2b: Ninetales\n|-singleturn|p2b: Ninetales|Protect\n|move|p2a: Incineroar|Flare Blitz|p1a: Sinistcha\n|-supereffective|p1a: Sinistcha|1\n|-crit|p1a: Sinistcha\n|-damage|p1a: Sinistcha|0 fnt\n|faint|p1a: Sinistcha\n|-damage|p2a: Incineroar|57/100|[from] Recoil\n|move|p1b: Arcanine|Snarl|p2a: Incineroar|[spread] p2a\n|-activate|p2b: Ninetales|move: Protect\n|-resisted|p2a: Incineroar|1\n|-damage|p2a: Incineroar|55/100\n|-unboost|p2a: Incineroar|spa|1\n|\n|-weather|Snowscape|[upkeep]\n|upkeep\n|\n|t:|1775886780\n|switch|p1a: Aggron|Aggron, L50, F|100/100\n|turn|5\n|\n|t:|1775886813\n|detailschange|p1a: Aggron|Aggron-Mega, L50, F\n|-mega|p1a: Aggron|Aggron|Aggronite\n|move|p1a: Aggron|Iron Defense|p1a: Aggron\n|-boost|p1a: Aggron|def|2\n|move|p2a: Incineroar|Flare Blitz|p1a: Aggron\n|-supereffective|p1a: Aggron|1\n|-damage|p1a: Aggron|83/100\n|-damage|p2a: Incineroar|51/100|[from] Recoil\n|move|p1b: Arcanine|Flare Blitz|p2b: Ninetales\n|-supereffective|p2b: Ninetales|1\n|-damage|p2b: Ninetales|0 fnt\n|faint|p2b: Ninetales\n|-damage|p1b: Arcanine|86/100|[from] Recoil\n|\n|-weather|none\n|-sideend|p2: rentorar_lvl50|move: Aurora Veil\n|upkeep\n|\n|t:|1775886836\n|switch|p2b: Sneasler|Sneasler, L50, M|100/100\n|turn|6\n|\n|t:|1775886849\n|switch|p1b: Gallade|Gallade, L50, M|51/100\n|move|p1a: Aggron|Protect|p1a: Aggron\n|-singleturn|p1a: Aggron|Protect\n|move|p2b: Sneasler|Fake Out|p1a: Aggron\n|-activate|p1a: Aggron|move: Protect\n|move|p2a: Incineroar|Parting Shot|p1a: Aggron\n|-activate|p1a: Aggron|move: Protect\n|\n|-fieldend|move: Trick Room\n|upkeep\n|turn|7\n|\n|t:|1775886879\n|move|p2b: Sneasler|Dire Claw|p1b: Gallade\n|-damage|p1b: Gallade|0 fnt\n|faint|p1b: Gallade\n|move|p2a: Incineroar|Parting Shot|p1a: Aggron\n|-unboost|p1a: Aggron|atk|1\n|-unboost|p1a: Aggron|spa|1\n|\n|t:|1775886886\n|switch|p2a: Froslass|Froslass, L50, F|100/100|[from] Parting Shot\n|move|p1a: Aggron|Heavy Slam|p2b: Sneasler\n|-damage|p2b: Sneasler|24/100\n|\n|upkeep\n|\n|t:|1775886892\n|switch|p1b: Arcanine|Arcanine-Hisui, L50, F|86/100\n|-ability|p1b: Arcanine|Intimidate|boost\n|-unboost|p2a: Froslass|atk|1\n|-unboost|p2b: Sneasler|atk|1\n|turn|8\n|\n|t:|1775886926\n|detailschange|p2a: Froslass|Froslass-Mega, L50, F\n|-mega|p2a: Froslass|Froslass|Froslassite\n|-weather|Snowscape|[from] ability: Snow Warning|[of] p2a: Froslass\n|move|p2a: Froslass|Protect|p2a: Froslass\n|-singleturn|p2a: Froslass|Protect\n|move|p2b: Sneasler|Close Combat|p1b: Arcanine\n|-supereffective|p1b: Arcanine|1\n|-damage|p1b: Arcanine|0 fnt\n|-unboost|p2b: Sneasler|def|1\n|-unboost|p2b: Sneasler|spd|1\n|faint|p1b: Arcanine\n|move|p1a: Aggron|Body Press|p2b: Sneasler\n|-resisted|p2b: Sneasler|1\n|-damage|p2b: Sneasler|0 fnt\n|faint|p2b: Sneasler\n|\n|-weather|Snowscape|[upkeep]\n|upkeep\n|\n|t:|1775886940\n|switch|p2b: Incineroar|Incineroar, L50, M|51/100\n|-ability|p2b: Incineroar|Intimidate|boost\n|-unboost|p1a: Aggron|atk|1\n|turn|9\n|\n|t:|1775886950\n|move|p1a: Aggron|Protect|p1a: Aggron\n|-singleturn|p1a: Aggron|Protect\n|move|p2b: Incineroar|Fake Out|p1a: Aggron\n|-activate|p1a: Aggron|move: Protect\n|move|p2a: Froslass|Nasty Plot|p2a: Froslass\n|-boost|p2a: Froslass|spa|2\n|\n|-weather|Snowscape|[upkeep]\n|upkeep\n|turn|10\n|\n|t:|1775886963\n|move|p2a: Froslass|Shadow Ball|p1a: Aggron\n|-damage|p1a: Aggron|0 fnt\n|faint|p1a: Aggron\n|\n|win|rentorar_lvl50\n|raw|Tangentation's rating: 1000 &rarr; <strong>1000</strong><br />(+0 for losing)\n|raw|rentorar_lvl50's rating: 1000 &rarr; <strong>1040</strong><br />(+40 for winning)\n|c|\u2606rentorar_lvl50|gg\n",
  "uploadtime": 1775886983,
  "views": 16,
  "formatid": "gen9championsvgc2026regma",
  "rating": 1000,
  "private": 0,
  "password": null
}