{
  "id": "gen9championsvgc2026regma-2588137782",
  "format": "[Gen 9 Champions] VGC 2026 Reg M-A",
  "players": [
    "dohawyth",
    "Cgbvgc"
  ],
  "log": "|j|\u2606dohawyth\n|j|\u2606Cgbvgc\n|t:|1776608173\n|gametype|doubles\n|player|p1|dohawyth|101|1386\n|player|p2|Cgbvgc|101|1319\n|gen|9\n|tier|[Gen 9 Champions] VGC 2026 Reg M-A\n|rated|\n|rule|Species Clause: Limit one of each Pok\u00e9mon\n|rule|Item Clause: Limit 1 of each item\n|clearpoke\n|poke|p1|Incineroar, L50, F|\n|poke|p1|Crabominable, L50, F|\n|poke|p1|Kingambit, L50, M|\n|poke|p1|Slowking-Galar, L50, M|\n|poke|p1|Sinistcha, L50|\n|poke|p1|Primarina, L50, M|\n|poke|p2|Floette-Eternal, L50, F|\n|poke|p2|Incineroar, L50, F|\n|poke|p2|Aegislash, L50, M|\n|poke|p2|Aerodactyl, L50, M|\n|poke|p2|Milotic, L50, F|\n|poke|p2|Garchomp, L50, F|\n|teampreview|4\ndohawyth rejected open team sheets.\n|\n|t:|1776608223\n|teamsize|p1|4\n|teamsize|p2|4\n|start\n|switch|p1a: Kingambit|Kingambit, L50, M|100/100\n|switch|p1b: Sinistcha|Sinistcha, L50|100/100\n|switch|p2a: Incineroar|Incineroar, L50, F|100/100\n|switch|p2b: Garchomp|Garchomp, L50, F|100/100\n|-ability|p2a: Incineroar|Intimidate|boost\n|-unboost|p1a: Kingambit|atk|1\n|-ability|p1a: Kingambit|Defiant|boost\n|-boost|p1a: Kingambit|atk|2\n|-unboost|p1b: Sinistcha|atk|1\n|turn|1\n|\n|t:|1776608253\n|move|p2a: Incineroar|Fake Out|p1a: Kingambit\n|-resisted|p1a: Kingambit|1\n|-damage|p1a: Kingambit|97/100\n|move|p2b: Garchomp|Stomping Tantrum|p1a: Kingambit\n|-supereffective|p1a: Kingambit|1\n|-damage|p1a: Kingambit|46/100\n|cant|p1a: Kingambit|flinch\n|move|p1b: Sinistcha|Trick Room|p1b: Sinistcha\n|-fieldstart|move: Trick Room|[of] p1b: Sinistcha\n|\n|upkeep\n|turn|2\n|\n|t:|1776608281\n|move|p1a: Kingambit|Protect|p1a: Kingambit\n|-singleturn|p1a: Kingambit|Protect\n|move|p1b: Sinistcha|Matcha Gotcha|p2a: Incineroar|[spread] p2a,p2b\n|-resisted|p2a: Incineroar|1\n|-damage|p2a: Incineroar|89/100\n|-damage|p2b: Garchomp|70/100\n|-status|p2b: Garchomp|brn\n|move|p2a: Incineroar|Flare Blitz|p1a: Kingambit\n|-activate|p1a: Kingambit|move: Protect\n|move|p2b: Garchomp|Stomping Tantrum|p1a: Kingambit\n|-activate|p1a: Kingambit|move: Protect\n|\n|-damage|p2b: Garchomp|64/100 brn|[from] brn\n|upkeep\n|turn|3\n|\n|t:|1776608313\n|switch|p1a: Primarina|Primarina, L50, M|100/100\n|move|p1b: Sinistcha|Strength Sap|p2a: Incineroar\n|-unboost|p2a: Incineroar|atk|1\n|move|p2a: Incineroar|Flare Blitz|p1a: Primarina\n|-resisted|p1a: Primarina|1\n|-damage|p1a: Primarina|83/100\n|-status|p1a: Primarina|brn\n|-damage|p2a: Incineroar|83/100|[from] Recoil\n|move|p2b: Garchomp|Stomping Tantrum|p1a: Primarina\n|-damage|p1a: Primarina|63/100 brn\n|\n|-heal|p1a: Primarina|68/100 brn|[from] item: Leftovers\n|-damage|p1a: Primarina|63/100 brn|[from] brn\n|-damage|p2b: Garchomp|58/100 brn|[from] brn\n|upkeep\n|turn|4\n|\n|t:|1776608337\n|switch|p2a: Aegislash|Aegislash, L50, M|100/100\n|move|p2b: Garchomp|Protect|p2b: Garchomp\n|-singleturn|p2b: Garchomp|Protect\n|move|p1a: Primarina|Hyper Voice|p2a: Aegislash|[spread] p2a\n|-activate|p2b: Garchomp|move: Protect\n|-damage|p2a: Aegislash|71/100\n|move|p1b: Sinistcha|Matcha Gotcha|p2b: Garchomp|[spread] p2a\n|-activate|p2b: Garchomp|move: Protect\n|-resisted|p2a: Aegislash|1\n|-damage|p2a: Aegislash|57/100\n|\n|-heal|p1a: Primarina|68/100 brn|[from] item: Leftovers\n|-damage|p1a: Primarina|63/100 brn|[from] brn\n|-damage|p2b: Garchomp|52/100 brn|[from] brn\n|upkeep\n|turn|5\n|\n|t:|1776608368\n|switch|p2b: Incineroar|Incineroar, L50, F|83/100\n|-ability|p2b: Incineroar|Intimidate|boost\n|-unboost|p1a: Primarina|atk|1\n|-unboost|p1b: Sinistcha|atk|1\n|move|p1a: Primarina|Moonblast|p2b: Incineroar\n|-damage|p2b: Incineroar|39/100\n|-enditem|p2b: Incineroar|Sitrus Berry|[eat]\n|-heal|p2b: Incineroar|63/100|[from] item: Sitrus Berry\n|-formechange|p2a: Aegislash|Aegislash-Blade|\n|move|p2a: Aegislash|Poltergeist|p1b: Sinistcha\n|-activate|p1b: Sinistcha|move: Poltergeist|Occa Berry\n|-supereffective|p1b: Sinistcha|1\n|-damage|p1b: Sinistcha|0 fnt\n|faint|p1b: Sinistcha\n|\n|-heal|p1a: Primarina|68/100 brn|[from] item: Leftovers\n|-damage|p1a: Primarina|63/100 brn|[from] brn\n|-fieldend|move: Trick Room\n|upkeep\n|\n|t:|1776608408\n|switch|p1b: Kingambit|Kingambit, L50, M|46/100\n|turn|6\n|\n|t:|1776608432\n|-formechange|p2a: Aegislash|Aegislash|\n|move|p2a: Aegislash|King's Shield|p2a: Aegislash\n|-singleturn|p2a: Aegislash|Protect\n|move|p1a: Primarina|Protect|p1a: Primarina\n|-singleturn|p1a: Primarina|Protect\n|move|p1b: Kingambit|Protect|p1b: Kingambit\n|-singleturn|p1b: Kingambit|Protect\n|move|p2b: Incineroar|Fake Out|p1a: Primarina\n|-activate|p1a: Primarina|move: Protect\n|\n|-heal|p1a: Primarina|68/100 brn|[from] item: Leftovers\n|-damage|p1a: Primarina|63/100 brn|[from] brn\n|upkeep\n|turn|7\n|\n|t:|1776608461\n|switch|p2a: Garchomp|Garchomp, L50, F|52/100 brn\n|move|p1b: Kingambit|Sucker Punch||[still]\n|-fail|p1b: Kingambit\n|move|p2b: Incineroar|Flare Blitz|p1b: Kingambit\n|-supereffective|p1b: Kingambit|1\n|-damage|p1b: Kingambit|0 fnt\n|faint|p1b: Kingambit\n|-damage|p2b: Incineroar|49/100|[from] Recoil\n|move|p1a: Primarina|Hyper Voice|p2a: Garchomp|[spread] p2a,p2b\n|-supereffective|p2b: Incineroar|1\n|-damage|p2a: Garchomp|12/100 brn\n|-damage|p2b: Incineroar|0 fnt\n|faint|p2b: Incineroar\n|\n|-heal|p1a: Primarina|68/100 brn|[from] item: Leftovers\n|-damage|p2a: Garchomp|5/100 brn|[from] brn\n|-damage|p1a: Primarina|63/100 brn|[from] brn\n|upkeep\n|\n|t:|1776608489\n|switch|p2b: Floette|Floette-Eternal, L50, F|100/100\n|switch|p1b: Crabominable|Crabominable, L50, F|100/100\n|turn|8\n|\n|t:|1776608520\n|detailschange|p2b: Floette|Floette-Mega, L50, F\n|-mega|p2b: Floette|Floette|Floettite\n|-ability|p2b: Floette|Fairy Aura\n|detailschange|p1b: Crabominable|Crabominable-Mega, L50, F\n|-mega|p1b: Crabominable|Crabominable|Crabominite\n|move|p2b: Floette|Protect|p2b: Floette\n|-singleturn|p2b: Floette|Protect\n|move|p1b: Crabominable|Mach Punch|p2a: Garchomp\n|-damage|p2a: Garchomp|0 fnt\n|-damage|p1b: Crabominable|88/100|[from] ability: Rough Skin|[of] p2a: Garchomp\n|faint|p2a: Garchomp\n|move|p1a: Primarina|Calm Mind|p1a: Primarina\n|-boost|p1a: Primarina|spa|1\n|-boost|p1a: Primarina|spd|1\n|\n|-heal|p1a: Primarina|68/100 brn|[from] item: Leftovers\n|-damage|p1a: Primarina|63/100 brn|[from] brn\n|upkeep\n|\n|t:|1776608565\n|switch|p2a: Aegislash|Aegislash, L50, M|57/100\n|turn|9\n|\n|t:|1776608580\n|move|p1b: Crabominable|Protect|p1b: Crabominable\n|-singleturn|p1b: Crabominable|Protect\n|move|p2b: Floette|Dazzling Gleam|p1a: Primarina|[spread] p1a\n|-activate|p1b: Crabominable|move: Protect\n|-damage|p1a: Primarina|38/100 brn\n|-formechange|p2a: Aegislash|Aegislash-Blade|\n|move|p2a: Aegislash|Poltergeist|p1a: Primarina\n|-activate|p1a: Primarina|move: Poltergeist|Leftovers\n|-damage|p1a: Primarina|0 fnt\n|faint|p1a: Primarina\n|\n|upkeep\n|turn|10\n|inactive|Battle timer is ON: inactive players will automatically lose when time's up. (requested by Cgbvgc)\n|\n|t:|1776608634\n|move|p2b: Floette|Moonblast|p1b: Crabominable\n|-supereffective|p1b: Crabominable|1\n|-damage|p1b: Crabominable|0 fnt\n|faint|p1b: Crabominable\n|\n|win|Cgbvgc\n|raw|dohawyth's rating: 1386 &rarr; <strong>1362</strong><br />(-24 for losing)\n|raw|Cgbvgc's rating: 1319 &rarr; <strong>1343</strong><br />(+24 for winning)\n",
  "uploadtime": 1776608644,
  "views": 22,
  "formatid": "gen9championsvgc2026regma",
  "rating": 1343,
  "private": 0,
  "password": null
}