{
  "id": "gen9championsvgc2026regma-2588546510",
  "format": "[Gen 9 Champions] VGC 2026 Reg M-A",
  "players": [
    "wrathattraction",
    "Kjoker37"
  ],
  "log": "|j|\u2606wrathattraction\n|j|\u2606Kjoker37\n|html|<table width=\"100%\"><tr><td align=\"left\">wrathattraction</td><td align=\"right\">Kjoker37</tr><tr><td align=\"left\"><i class=\"fa fa-circle-o\"></i> <i class=\"fa fa-circle-o\"></i> </td><td align=\"right\"><i class=\"fa fa-circle-o\"></i> <i class=\"fa fa-circle-o\"></i> </tr></table>\n|uhtml|bestof|<h2><strong>Game 1</strong> of <a href=\"/game-bestof3-gen9championsvgc2026regma-2588546509\">a best-of-3</a></h2>\n|t:|1776643665\n|gametype|doubles\n|player|p1|wrathattraction|unknownf|\n|player|p2|Kjoker37|ghetsis|\n|gen|9\n|tier|[Gen 9 Champions] VGC 2026 Reg M-A\n|rule|Species Clause: Limit one of each Pok\u00e9mon\n|rule|Item Clause: Limit 1 of each item\n|raw|<div class=\"infobox\"><details class=\"readmore\" open><summary><strong>1 custom rule:</strong></summary> Best of = 3</details></div>\n|clearpoke\n|poke|p1|Hatterene, L50, F|\n|poke|p1|Oranguru, L50, F|\n|poke|p1|Golurk, L50|\n|poke|p1|Clefable, L50, M|\n|poke|p1|Hydreigon, L50, F|\n|poke|p1|Torkoal, L50, F|\n|poke|p2|Milotic, L50, F, shiny|\n|poke|p2|Maushold, L50, shiny|\n|poke|p2|Alcremie, L50, F, shiny|\n|poke|p2|Incineroar, L50, F, shiny|\n|poke|p2|Sneasler, L50, M|\n|poke|p2|Golurk, L50, shiny|\n|teampreview|4\n|inactive|Battle timer is ON: inactive players will automatically lose when time's up. (requested by wrathattraction)\n|\n|t:|1776643682\n|teamsize|p1|4\n|teamsize|p2|4\n|start\n|switch|p1a: Hatterene|Hatterene, L50, F|100/100\n|switch|p1b: Clefable|Clefable, L50, M|100/100\n|switch|p2a: Maushold|Maushold, L50, shiny|100/100\n|switch|p2b: Alcremie|Alcremie, L50, F, shiny|100/100\n|turn|1\n|\n|t:|1776643707\n|move|p2a: Maushold|Protect|p2a: Maushold\n|-singleturn|p2a: Maushold|Protect\n|move|p1b: Clefable|Follow Me|p1b: Clefable\n|-singleturn|p1b: Clefable|move: Follow Me\n|move|p2b: Alcremie|Decorate|p1b: Clefable\n|-boost|p1b: Clefable|atk|2\n|-boost|p1b: Clefable|spa|2\n|move|p1a: Hatterene|Trick Room|p1a: Hatterene\n|-fieldstart|move: Trick Room|[of] p1a: Hatterene\n|\n|upkeep\n|turn|2\n|inactive|wrathattraction has 30 seconds left.\n|\n|t:|1776643734\n|move|p1a: Hatterene|Dazzling Gleam|p2a: Maushold|[spread] p2a,p2b\n|-crit|p2a: Maushold\n|-crit|p2b: Alcremie\n|-damage|p2a: Maushold|8/100\n|-damage|p2b: Alcremie|57/100\n|move|p1b: Clefable|Moonblast|p2a: Maushold\n|-damage|p2a: Maushold|0 fnt\n|faint|p2a: Maushold\n|move|p2b: Alcremie|Decorate|p2: Maushold|[notarget]\n|-fail|p2b: Alcremie\n|\n|upkeep\n|\n|t:|1776643757\n|switch|p2a: Golurk|Golurk, L50, shiny|100/100\n|turn|3\n|inactive|Kjoker37 has 30 seconds left.\n|\n|t:|1776643782\n|detailschange|p2a: Golurk|Golurk-Mega, L50, shiny\n|-mega|p2a: Golurk|Golurk|Golurkite\n|move|p1a: Hatterene|Dazzling Gleam|p2a: Golurk|[spread] p2a,p2b\n|-damage|p2a: Golurk|57/100\n|-damage|p2b: Alcremie|22/100\n|move|p2a: Golurk|Poltergeist|p1b: Clefable\n|-activate|p1b: Clefable|move: Poltergeist|Focus Sash\n|-damage|p1b: Clefable|11/100\n|move|p1b: Clefable|Charm|p2a: Golurk\n|-unboost|p2a: Golurk|atk|2\n|move|p2b: Alcremie|Decorate|p2a: Golurk\n|-boost|p2a: Golurk|atk|2\n|-boost|p2a: Golurk|spa|2\n|\n|upkeep\n|turn|4\n|\n|t:|1776643803\n|move|p1b: Clefable|Helping Hand|p1a: Hatterene\n|-singleturn|p1a: Hatterene|Helping Hand|[of] p1b: Clefable\n|move|p1a: Hatterene|Dazzling Gleam|p2a: Golurk|[spread] p2a,p2b\n|-damage|p2a: Golurk|0 fnt\n|-damage|p2b: Alcremie|0 fnt\n|faint|p2a: Golurk\n|faint|p2b: Alcremie\n|\n|upkeep\n|\n|t:|1776643812\n|switch|p2a: Milotic|Milotic, L50, F, shiny|100/100\n|turn|5\n|\n|t:|1776643822\n|move|p1b: Clefable|Helping Hand|p1a: Hatterene\n|-singleturn|p1a: Hatterene|Helping Hand|[of] p1b: Clefable\n|move|p1a: Hatterene|Dazzling Gleam|p2a: Milotic\n|-damage|p2a: Milotic|33/100\n|move|p2a: Milotic|Scald|p1b: Clefable\n|-damage|p1b: Clefable|0 fnt\n|faint|p1b: Clefable\n|\n|-heal|p2a: Milotic|39/100|[from] item: Leftovers\n|-fieldend|move: Trick Room\n|upkeep\n|-message|Kjoker37 forfeited.\n|\n|win|wrathattraction\n|l|\u2606Kjoker37\n|player|p2|\n||Kjoker37 is ready for game 2.\n||wrathattraction is ready for game 2.\n|uhtml|next|Next: <a href=\"/battle-gen9championsvgc2026regma-2588548156\"><strong>Game 2 of 3</strong></a>\n",
  "uploadtime": 1776643845,
  "views": 5,
  "formatid": "gen9championsvgc2026regma",
  "rating": null,
  "private": 0,
  "password": null
}