{
  "id": "gen9championsvgc2026regma-2586362345",
  "format": "[Gen 9 Champions] VGC 2026 Reg M-A",
  "players": [
    "pits fiend",
    "emmannuelle"
  ],
  "log": "|j|\u2606pits fiend\n|j|\u2606emmannuelle\n|html|<table width=\"100%\"><tr><td align=\"left\">pits fiend</td><td align=\"right\">emmannuelle</tr><tr><td align=\"left\"><i class=\"fa fa-circle-o\"></i> <i class=\"fa fa-circle-o\"></i> </td><td align=\"right\"><i class=\"fa fa-circle-o\"></i> <i class=\"fa fa-circle\"></i> </tr></table>\n|uhtml|bestof|<h2><strong>Game 2</strong> of <a href=\"/game-bestof3-gen9championsvgc2026regma-2586358051\">a best-of-3</a></h2>\n|t:|1776428871\n|gametype|doubles\n|player|p1|pits fiend|gwynn|\n|player|p2|emmannuelle|102|\n|gen|9\n|tier|[Gen 9 Champions] VGC 2026 Reg M-A\n|rated|Tournament battle\n|rule|Species Clause: Limit one of each Pok\u00e9mon\n|rule|Item Clause: Limit 1 of each item\n|raw|<div class=\"infobox\"><details class=\"readmore\" open><summary><strong>2 custom rules:</strong></summary> Force Open Team Sheets, Best of = 3</details></div>\n|clearpoke\n|poke|p1|Gardevoir, L50, M|\n|poke|p1|Garchomp, L50, F|\n|poke|p1|Rotom-Wash, L50|\n|poke|p1|Tsareena, L50, F|\n|poke|p1|Incineroar, L50, F|\n|poke|p1|Orthworm, L50, M|\n|poke|p2|Scizor, L50, M|\n|poke|p2|Sinistcha, L50|\n|poke|p2|Basculegion, L50, M|\n|poke|p2|Milotic, L50, M|\n|poke|p2|Tyranitar, L50, F|\n|poke|p2|Aerodactyl, L50, F|\n|teampreview|4\n|showteam|p1|Gardevoir||Gardevoirite|Trace|HyperVoice,Psyshock,Protect,TrickRoom|||M|||50|]Garchomp||WhiteHerb|RoughSkin|Earthquake,DragonClaw,RockSlide,Protect|||F|||50|]Rotom-Wash||ChoiceScarf|Levitate|Electroweb,VoltSwitch,Thunderbolt,HydroPump||||||50|]Tsareena||MiracleSeed|QueenlyMajesty|TropKick,KnockOff,Protect,HelpingHand|||F|||50|]Incineroar||ShucaBerry|Intimidate|FakeOut,ThroatChop,PartingShot,FlareBlitz|||F|||50|]Orthworm||SitrusBerry|EarthEater|ShedTail,HeavySlam,BodyPress,Protect|||M|||50|\n|showteam|p2|Scizor||Scizorite|Technician|BugBite,BulletPunch,SwordsDance,Protect|||M|||50|]Sinistcha||SitrusBerry|Hospitality|MatchaGotcha,LifeDew,RagePowder,TrickRoom||||||50|]Basculegion||ChoiceScarf|Adaptability|LastRespects,WaveCrash,FlipTurn,AquaJet|||M|||50|]Milotic||Leftovers|Competitive|IceBeam,Scald,MuddyWater,Protect|||M|||50|]Tyranitar||Tyranitarite|SandStream|Crunch,RockSlide,LowKick,Protect|||F|||50|]Aerodactyl||FocusSash|Unnerve|DualWingbeat,RockSlide,Tailwind,Protect|||F|||50|\n|\n|t:|1776428941\n|teamsize|p1|4\n|teamsize|p2|4\n|start\n|switch|p1a: Gardevoir|Gardevoir, L50, M, shiny|100/100\n|switch|p1b: Rotom|Rotom-Wash, L50|100/100\n|switch|p2a: Milotic|Milotic, L50, M|100/100\n|switch|p2b: Scizor|Scizor, L50, M|100/100\n|-ability|p1a: Gardevoir|Competitive|Trace|[from] ability: Trace|[of] p2a: Milotic\n|turn|1\n|\n|t:|1776428966\n|detailschange|p1a: Gardevoir|Gardevoir-Mega, L50, M, shiny\n|-mega|p1a: Gardevoir|Gardevoir|Gardevoirite\n|detailschange|p2b: Scizor|Scizor-Mega, L50, M\n|-mega|p2b: Scizor|Scizor|Scizorite\n|move|p1a: Gardevoir|Protect|p1a: Gardevoir\n|-singleturn|p1a: Gardevoir|Protect\n|move|p2b: Scizor|Bullet Punch|p1a: Gardevoir\n|-activate|p1a: Gardevoir|move: Protect\n|move|p1b: Rotom|Volt Switch|p2a: Milotic\n|-supereffective|p2a: Milotic|1\n|-damage|p2a: Milotic|62/100\n|\n|t:|1776428975\n|switch|p1b: Tsareena|Tsareena, L50, F|100/100|[from] Volt Switch\n|move|p2a: Milotic|Muddy Water|p1b: Tsareena|[spread] p1b\n|-activate|p1a: Gardevoir|move: Protect\n|-resisted|p1b: Tsareena|1\n|-damage|p1b: Tsareena|88/100\n|-unboost|p1b: Tsareena|accuracy|1\n|\n|-heal|p2a: Milotic|69/100|[from] item: Leftovers\n|upkeep\n|turn|2\n|\n|t:|1776429004\n|switch|p2a: Sinistcha|Sinistcha, L50|100/100\n|switch|p1b: Rotom|Rotom-Wash, L50|100/100\n|move|p1a: Gardevoir|Hyper Voice|p2b: Scizor|[spread] p2a,p2b\n|-resisted|p2b: Scizor|1\n|-damage|p2a: Sinistcha|34/100\n|-damage|p2b: Scizor|74/100\n|-enditem|p2a: Sinistcha|Sitrus Berry|[eat]\n|-heal|p2a: Sinistcha|59/100|[from] item: Sitrus Berry\n|move|p2b: Scizor|Bug Bite|p1b: Rotom\n|-damage|p1b: Rotom|24/100\n|\n|upkeep\n|turn|3\n|\n|t:|1776429048\n|move|p1a: Gardevoir|Protect|p1a: Gardevoir\n|-singleturn|p1a: Gardevoir|Protect\n|move|p2b: Scizor|Bullet Punch|p1a: Gardevoir\n|-activate|p1a: Gardevoir|move: Protect\n|move|p1b: Rotom|Volt Switch|p2a: Sinistcha\n|-resisted|p2a: Sinistcha|1\n|-damage|p2a: Sinistcha|42/100\n|\n|t:|1776429055\n|switch|p1b: Tsareena|Tsareena, L50, F|88/100|[from] Volt Switch\n|move|p2a: Sinistcha|Trick Room|p2a: Sinistcha\n|-fieldstart|move: Trick Room|[of] p2a: Sinistcha\n|\n|upkeep\n|turn|4\n|\n|t:|1776429071\n|move|p2a: Sinistcha|Life Dew|p2a: Sinistcha|[spread] p2a,p2b\n|-heal|p2a: Sinistcha|67/100\n|-heal|p2b: Scizor|99/100\n|move|p1b: Tsareena|Trop Kick|p2b: Scizor\n|-resisted|p2b: Scizor|2\n|-damage|p2b: Scizor|90/100\n|-unboost|p2b: Scizor|atk|1\n|move|p2b: Scizor|Bug Bite|p1a: Gardevoir\n|-damage|p1a: Gardevoir|35/100\n|move|p1a: Gardevoir|Hyper Voice|p2a: Sinistcha|[spread] p2a,p2b\n|-resisted|p2b: Scizor|1\n|-damage|p2a: Sinistcha|7/100\n|-damage|p2b: Scizor|65/100\n|\n|upkeep\n|turn|5\n|\n|t:|1776429094\n|move|p1a: Gardevoir|Protect|p1a: Gardevoir\n|-singleturn|p1a: Gardevoir|Protect\n|move|p2a: Sinistcha|Life Dew|p2a: Sinistcha|[spread] p2a,p2b\n|-heal|p2a: Sinistcha|32/100\n|-heal|p2b: Scizor|90/100\n|move|p1b: Tsareena|Trop Kick|p2b: Scizor\n|-resisted|p2b: Scizor|2\n|-damage|p2b: Scizor|80/100\n|-unboost|p2b: Scizor|atk|1\n|move|p2b: Scizor|Bug Bite|p1b: Tsareena\n|-supereffective|p1b: Tsareena|1\n|-damage|p1b: Tsareena|31/100\n|\n|upkeep\n|turn|6\n|\n|t:|1776429119\n|switch|p1a: Bottom Surgery|Orthworm, L50, M|100/100\n|move|p1b: Tsareena|Protect|p1b: Tsareena\n|-singleturn|p1b: Tsareena|Protect\n|move|p2a: Sinistcha|Matcha Gotcha|p1b: Tsareena|[spread] \n|-activate|p1b: Tsareena|move: Protect\n|-miss|p2a: Sinistcha|p1a: Bottom Surgery\n|move|p2b: Scizor|Bug Bite|p1a: Bottom Surgery\n|-resisted|p1a: Bottom Surgery|1\n|-damage|p1a: Bottom Surgery|90/100\n|-enditem|p1a: Bottom Surgery|Sitrus Berry|[from] stealeat|[move] Bug Bite|[of] p2b: Scizor\n|-heal|p2b: Scizor|100/100|[from] item: Sitrus Berry\n|\n|upkeep\n|turn|7\n|\n|t:|1776429146\n|move|p1a: Bottom Surgery|Shed Tail|p1a: Bottom Surgery\n|-start|p1a: Bottom Surgery|Substitute|[from] move: Shed Tail\n|-damage|p1a: Bottom Surgery|40/100\n|\n|t:|1776429151\n|switch|p1a: Gardevoir|Gardevoir-Mega, L50, M, shiny|35/100|[from] Shed Tail\n|move|p2a: Sinistcha|Life Dew||[still]|[spread] p2a,p2b\n|-heal|p2a: Sinistcha|57/100\n|-fail|p2b: Scizor|heal\n|move|p1b: Tsareena|Trop Kick|p2b: Scizor\n|-resisted|p2b: Scizor|2\n|-damage|p2b: Scizor|91/100\n|-unboost|p2b: Scizor|atk|1\n|move|p2b: Scizor|Bug Bite|p1b: Tsareena\n|-supereffective|p1b: Tsareena|1\n|-damage|p1b: Tsareena|0 fnt\n|faint|p1b: Tsareena\n|\n|-fieldend|move: Trick Room\n|upkeep\n|\n|t:|1776429161\n|switch|p1b: Rotom|Rotom-Wash, L50|24/100\n|turn|8\n|\n|t:|1776429177\n|move|p2b: Scizor|Bullet Punch|p1a: Gardevoir\n|-supereffective|p1a: Gardevoir|1\n|-end|p1a: Gardevoir|Substitute\n|move|p1b: Rotom|Thunderbolt|p2b: Scizor\n|-damage|p2b: Scizor|59/100\n|move|p1a: Gardevoir|Hyper Voice|p2a: Sinistcha|[spread] p2a,p2b\n|-crit|p2a: Sinistcha\n|-resisted|p2b: Scizor|1\n|-damage|p2a: Sinistcha|0 fnt\n|-damage|p2b: Scizor|30/100\n|faint|p2a: Sinistcha\n|\n|upkeep\n|\n|t:|1776429189\n|switch|p2a: Basculegion|Basculegion, L50, M|100/100\n|turn|9\n|\n|t:|1776429199\n|move|p1a: Gardevoir|Protect|p1a: Gardevoir\n|-singleturn|p1a: Gardevoir|Protect\n|move|p2b: Scizor|Bullet Punch|p1a: Gardevoir\n|-activate|p1a: Gardevoir|move: Protect\n|move|p1b: Rotom|Thunderbolt|p2b: Scizor\n|-damage|p2b: Scizor|0 fnt\n|faint|p2b: Scizor\n|move|p2a: Basculegion|Last Respects|p1b: Rotom\n|-damage|p1b: Rotom|0 fnt\n|faint|p1b: Rotom\n|\n|upkeep\n|\n|t:|1776429208\n|switch|p1b: Bottom Surgery|Orthworm, L50, M|40/100\n|switch|p2b: Milotic|Milotic, L50, M|69/100\n|turn|10\n|\n|t:|1776429233\n|move|p2a: Basculegion|Last Respects|p1a: Gardevoir\n|-supereffective|p1a: Gardevoir|1\n|-damage|p1a: Gardevoir|0 fnt\n|faint|p1a: Gardevoir\n|move|p2b: Milotic|Scald|p1b: Bottom Surgery\n|-damage|p1b: Bottom Surgery|0 fnt\n|faint|p1b: Bottom Surgery\n|\n|win|emmannuelle\n",
  "uploadtime": 1776429233,
  "views": 20,
  "formatid": "gen9championsvgc2026regma",
  "rating": null,
  "private": 0,
  "password": null
}