{
  "id": "gen9championsvgc2026regma-2583981497",
  "format": "[Gen 9 Champions] VGC 2026 Reg M-A",
  "players": [
    "DiarrheaDon",
    "Gegobi"
  ],
  "log": "|j|\u2606DiarrheaDon\n|j|\u2606Gegobi\n|t:|1776213909\n|gametype|doubles\n|player|p1|DiarrheaDon|266|1120\n|player|p2|Gegobi|1|1090\n|gen|9\n|tier|[Gen 9 Champions] VGC 2026 Reg M-A\n|rated|\n|rule|Species Clause: Limit one of each Pok\u00e9mon\n|rule|Item Clause: Limit 1 of each item\n|clearpoke\n|poke|p1|Charizard, L50, M|\n|poke|p1|Venusaur, L50, F|\n|poke|p1|Whimsicott, L50, F|\n|poke|p1|Milotic, L50, F|\n|poke|p1|Sneasler, L50, F|\n|poke|p1|Archaludon, L50, F|\n|poke|p2|Archaludon, L50, F|\n|poke|p2|Pelipper, L50, F|\n|poke|p2|Incineroar, L50, F|\n|poke|p2|Meganium, L50, M|\n|poke|p2|Basculegion-F, L50, F|\n|poke|p2|Sneasler, L50, F|\n|teampreview|4\nGegobi has agreed to open team sheets.\n|\n|t:|1776213939\n|teamsize|p1|4\n|teamsize|p2|4\n|start\n|switch|p1a: Whimsicott|Whimsicott, L50, F, shiny|100/100\n|switch|p1b: Milotic|Milotic, L50, F, shiny|100/100\n|switch|p2a: Pelipper|Pelipper, L50, F|100/100\n|switch|p2b: Archaludon|Archaludon, L50, F|100/100\n|-weather|RainDance|[from] ability: Drizzle|[of] p2a: Pelipper\n|turn|1\n|\n|t:|1776213967\n|move|p1a: Whimsicott|Moonblast|p2b: Archaludon\n|-damage|p2b: Archaludon|56/100\n|-ability|p2b: Archaludon|Stamina|boost\n|-boost|p2b: Archaludon|def|1\n|move|p2b: Archaludon|Flash Cannon|p1a: Whimsicott\n|-supereffective|p1a: Whimsicott|1\n|-enditem|p1a: Whimsicott|Focus Sash\n|-damage|p1a: Whimsicott|1/100\n|move|p1b: Milotic|Icy Wind|p2a: Pelipper|[spread] p2a,p2b\n|-damage|p2a: Pelipper|89/100\n|-damage|p2b: Archaludon|43/100\n|-unboost|p2a: Pelipper|spe|1\n|-unboost|p2b: Archaludon|spe|1\n|-ability|p2b: Archaludon|Stamina|boost\n|-boost|p2b: Archaludon|def|1\n|move|p2a: Pelipper|Tailwind|p2a: Pelipper\n|-sidestart|p2: Gegobi|move: Tailwind\n|\n|-weather|RainDance|[upkeep]\n|-heal|p2b: Archaludon|49/100|[from] item: Leftovers\n|upkeep\n|turn|2\n|\n|t:|1776214005\n|move|p1a: Whimsicott|Endeavor|p2a: Pelipper\n|-damage|p2a: Pelipper|1/100\n|move|p2b: Archaludon|Electro Shot||[still]\n|-prepare|p2b: Archaludon|Electro Shot\n|-boost|p2b: Archaludon|spa|1\n|-anim|p2b: Archaludon|Electro Shot|p1b: Milotic\n|-supereffective|p1b: Milotic|1\n|-damage|p1b: Milotic|18/100\n|move|p2a: Pelipper|Hurricane|p1b: Milotic\n|-damage|p1b: Milotic|0 fnt\n|faint|p1b: Milotic\n|\n|-weather|RainDance|[upkeep]\n|-heal|p2b: Archaludon|55/100|[from] item: Leftovers\n|upkeep\n|\n|t:|1776214020\n|switch|p1b: Archaludon|Archaludon, L50, F, shiny|100/100\n|turn|3\n|\n|t:|1776214040\n|move|p2a: Pelipper|Protect|p2a: Pelipper\n|-singleturn|p2a: Pelipper|Protect\n|move|p1b: Archaludon|Thunderbolt|p2a: Pelipper\n|-activate|p2a: Pelipper|move: Protect\n|move|p1a: Whimsicott|Endeavor|p2b: Archaludon\n|-damage|p2b: Archaludon|1/100\n|-ability|p2b: Archaludon|Stamina|boost\n|-boost|p2b: Archaludon|def|1\n|move|p2b: Archaludon|Thunder Wave|p1b: Archaludon\n|-status|p1b: Archaludon|par\n|\n|-weather|RainDance|[upkeep]\n|-heal|p2b: Archaludon|7/100|[from] item: Leftovers\n|upkeep\n|turn|4\n|\n|t:|1776214075\n|switch|p2a: Meganium|Meganium, L50, M|100/100\n|move|p2b: Archaludon|Protect|p2b: Archaludon\n|-singleturn|p2b: Archaludon|Protect\n|move|p1a: Whimsicott|Encore|p2b: Archaludon\n|-activate|p2b: Archaludon|move: Protect\n|move|p1b: Archaludon|Thunderbolt|p2b: Archaludon\n|-activate|p2b: Archaludon|move: Protect\n|\n|-weather|RainDance|[upkeep]\n|-heal|p2b: Archaludon|13/100|[from] item: Leftovers\n|-sideend|p2: Gegobi|move: Tailwind\n|upkeep\n|turn|5\n|\n|t:|1776214112\n|switch|p1b: Charizard|Charizard, L50, M, shiny|100/100\n|switch|p2b: Sneasler|Sneasler, L50, F, shiny|100/100\n|detailschange|p2a: Meganium|Meganium-Mega, L50, M\n|-mega|p2a: Meganium|Meganium|Meganiumite\n|move|p1a: Whimsicott|Moonblast|p2b: Sneasler\n|-damage|p2b: Sneasler|50/100\n|move|p2a: Meganium|Dazzling Gleam|p1b: Charizard|[spread] p1a,p1b\n|-resisted|p1b: Charizard|1\n|-damage|p1a: Whimsicott|0 fnt\n|-damage|p1b: Charizard|83/100\n|faint|p1a: Whimsicott\n|\n|-weather|none\n|upkeep\n|\n|t:|1776214126\n|switch|p1a: Archaludon|Archaludon, L50, F, shiny|100/100 par\n|turn|6\n|\n|t:|1776214177\n|switch|p2a: Archaludon|Archaludon, L50, F|13/100\n|move|p2b: Sneasler|Close Combat|p1a: Archaludon\n|-supereffective|p1a: Archaludon|1\n|-ability|p1a: Archaludon|Sturdy\n|-damage|p1a: Archaludon|1/100 par\n|-unboost|p2b: Sneasler|def|1\n|-unboost|p2b: Sneasler|spd|1\n|-enditem|p2b: Sneasler|White Herb\n|-clearnegativeboost|p2b: Sneasler|[silent]\n|move|p1b: Charizard|Flare Blitz|p2b: Sneasler\n|-damage|p2b: Sneasler|0 fnt\n|faint|p2b: Sneasler\n|-damage|p1b: Charizard|69/100|[from] Recoil\n|move|p1a: Archaludon|Flash Cannon|p2a: Archaludon\n|-resisted|p2a: Archaludon|1\n|-crit|p2a: Archaludon\n|-damage|p2a: Archaludon|0 fnt\n|faint|p2a: Archaludon\n|\n|upkeep\n|\n|t:|1776214197\n|switch|p2b: Meganium|Meganium-Mega, L50, M|100/100\n|switch|p2a: Pelipper|Pelipper, L50, F|1/100\n|-weather|RainDance|[from] ability: Drizzle|[of] p2a: Pelipper\n|turn|7\n|\n|t:|1776214227\n|move|p1b: Charizard|Protect|p1b: Charizard\n|-singleturn|p1b: Charizard|Protect\n|move|p2a: Pelipper|Protect|p2a: Pelipper\n|-singleturn|p2a: Pelipper|Protect\n|move|p1a: Archaludon|Flash Cannon|p2b: Meganium\n|-supereffective|p2b: Meganium|1\n|-damage|p2b: Meganium|30/100\n|move|p2b: Meganium|Dazzling Gleam|p1b: Charizard|[spread] p1a\n|-activate|p1b: Charizard|move: Protect\n|-damage|p1a: Archaludon|0 fnt\n|faint|p1a: Archaludon\n|\n|-weather|RainDance|[upkeep]\n|upkeep\n|turn|8\n|\n|t:|1776214263\n|move|p1b: Charizard|Dragon Claw|p2b: Meganium\n|-immune|p2b: Meganium\n|move|p2b: Meganium|Synthesis|p2b: Meganium\n|-heal|p2b: Meganium|97/100\n|move|p2a: Pelipper|Weather Ball|p1b: Charizard\n|-supereffective|p1b: Charizard|1\n|-damage|p1b: Charizard|0 fnt\n|faint|p1b: Charizard\n|\n|win|Gegobi\n|raw|DiarrheaDon's rating: 1120 &rarr; <strong>1093</strong><br />(-27 for losing)\n|raw|Gegobi's rating: 1090 &rarr; <strong>1119</strong><br />(+29 for winning)\n|l|\u2606DiarrheaDon\n|player|p1|\n|c|\u2606Gegobi|gg wp\n",
  "uploadtime": 1776214286,
  "views": 15,
  "formatid": "gen9championsvgc2026regma",
  "rating": 1093,
  "private": 0,
  "password": null
}