{
  "id": "gen9championsvgc2026regma-2587809388",
  "format": "[Gen 9 Champions] VGC 2026 Reg M-A",
  "players": [
    "Bman311",
    "zhz2021"
  ],
  "log": "|j|\u2606Bman311\n|j|\u2606zhz2021\n|t:|1776566222\n|gametype|doubles\n|player|p1|Bman311|101|1467\n|player|p2|zhz2021|marley|1594\n|gen|9\n|tier|[Gen 9 Champions] VGC 2026 Reg M-A\n|rated|\n|rule|Species Clause: Limit one of each Pok\u00e9mon\n|rule|Item Clause: Limit 1 of each item\n|clearpoke\n|poke|p1|Floette-Eternal, L50, F|\n|poke|p1|Aerodactyl, L50, F|\n|poke|p1|Sneasler, L50, M|\n|poke|p1|Incineroar, L50, M|\n|poke|p1|Sinistcha, L50|\n|poke|p1|Basculegion, L50, M|\n|poke|p2|Sableye, L50, M|\n|poke|p2|Archaludon, L50, F|\n|poke|p2|Scovillain, L50, M, shiny|\n|poke|p2|Basculegion-F, L50, F, shiny|\n|poke|p2|Pelipper, L50, M|\n|poke|p2|Mamoswine, L50, F|\n|teampreview|4\n|inactive|Battle timer is ON: inactive players will automatically lose when time's up. (requested by Bman311)\nBman311 has agreed to open team sheets.\n|inactive|zhz2021 has 60 seconds left.\n|\n|t:|1776566264\n|teamsize|p1|4\n|teamsize|p2|4\n|start\n|switch|p1a: Aerodactyl|Aerodactyl, L50, F|100/100\n|switch|p1b: Sneasler|Sneasler, L50, M|100/100\n|switch|p2a: Scovillain|Scovillain, L50, M, shiny|100/100\n|switch|p2b: Basculegion|Basculegion-F, L50, F, shiny|100/100\n|-ability|p1a: Aerodactyl|Unnerve\n|turn|1\n|inactive|zhz2021 has 30 seconds left.\n|j| Choklit Milk\n|l| Choklit Milk\n|inactive|zhz2021 has 20 seconds left.\n|\n|t:|1776566302\n|detailschange|p2a: Scovillain|Scovillain-Mega, L50, M, shiny\n|-mega|p2a: Scovillain|Scovillain|Scovillainite\n|move|p1b: Sneasler|Protect|p1b: Sneasler\n|-singleturn|p1b: Sneasler|Protect\n|move|p1a: Aerodactyl|Tailwind|p1a: Aerodactyl\n|-sidestart|p1: Bman311|move: Tailwind\n|move|p2b: Basculegion|Muddy Water|p1a: Aerodactyl|[spread] \n|-activate|p1b: Sneasler|move: Protect\n|-miss|p2b: Basculegion|p1a: Aerodactyl\n|move|p2a: Scovillain|Giga Drain|p1a: Aerodactyl\n|-damage|p1a: Aerodactyl|50/100\n|\n|upkeep\n|turn|2\n|\n|t:|1776566314\n|move|p2a: Scovillain|Protect|p2a: Scovillain\n|-singleturn|p2a: Scovillain|Protect\n|move|p1a: Aerodactyl|Rock Slide|p2b: Basculegion|[spread] p2b\n|-activate|p2a: Scovillain|move: Protect\n|-damage|p2b: Basculegion|72/100\n|move|p1b: Sneasler|Dire Claw|p2a: Scovillain\n|-activate|p2a: Scovillain|move: Protect\n|move|p2b: Basculegion|Muddy Water|p1b: Sneasler|[spread] p1a,p1b\n|-supereffective|p1a: Aerodactyl|1\n|-damage|p1a: Aerodactyl|0 fnt\n|-damage|p1b: Sneasler|58/100\n|faint|p1a: Aerodactyl\n|\n|upkeep\n|\n|t:|1776566320\n|switch|p1a: Floette|Floette-Eternal, L50, F|100/100\n|turn|3\n|\n|t:|1776566340\n|detailschange|p1a: Floette|Floette-Mega, L50, F\n|-mega|p1a: Floette|Floette|Floettite\n|-ability|p1a: Floette|Fairy Aura\n|move|p1b: Sneasler|Dire Claw|p2a: Scovillain\n|-supereffective|p2a: Scovillain|1\n|-damage|p2a: Scovillain|10/100\n|-status|p1b: Sneasler|brn|[from] ability: Spicy Spray|[of] p2a: Scovillain\n|move|p1a: Floette|Calm Mind|p1a: Floette\n|-boost|p1a: Floette|spa|1\n|-boost|p1a: Floette|spd|1\n|move|p2b: Basculegion|Icy Wind|p1a: Floette|[spread] p1a,p1b\n|-damage|p1a: Floette|94/100\n|-damage|p1b: Sneasler|41/100 brn\n|-unboost|p1a: Floette|spe|1\n|-unboost|p1b: Sneasler|spe|1\n|-enditem|p1b: Sneasler|White Herb\n|-clearnegativeboost|p1b: Sneasler|[silent]\n|move|p2a: Scovillain|Overheat|p1a: Floette\n|-damage|p1a: Floette|66/100\n|-unboost|p2a: Scovillain|spa|2\n|\n|-damage|p1b: Sneasler|36/100 brn|[from] brn\n|upkeep\n|turn|4\n|\n|t:|1776566363\n|move|p2a: Scovillain|Protect|p2a: Scovillain\n|-singleturn|p2a: Scovillain|Protect\n|move|p1b: Sneasler|Dire Claw|p2b: Basculegion\n|-resisted|p2b: Basculegion|1\n|-damage|p2b: Basculegion|59/100\n|move|p1a: Floette|Dazzling Gleam|p2b: Basculegion|[spread] p2b\n|-activate|p2a: Scovillain|move: Protect\n|-damage|p2b: Basculegion|0 fnt\n|faint|p2b: Basculegion\n|\n|-damage|p1b: Sneasler|30/100 brn|[from] brn\n|-sideend|p1: Bman311|move: Tailwind\n|upkeep\n|\n|t:|1776566370\n|switch|p2b: Sableye|Sableye, L50, M|100/100\n|turn|5\n|\n|t:|1776566377\n|move|p2b: Sableye|Disable|p1a: Floette\n|-start|p1a: Floette|Disable|Dazzling Gleam\n|move|p1b: Sneasler|Close Combat|p2a: Scovillain\n|-damage|p2a: Scovillain|0 fnt\n|-unboost|p1b: Sneasler|def|1\n|-unboost|p1b: Sneasler|spd|1\n|faint|p2a: Scovillain\n|move|p1a: Floette|Moonblast|p2b: Sableye\n|-supereffective|p2b: Sableye|1\n|-enditem|p2b: Sableye|Roseli Berry|[eat]\n|-enditem|p2b: Sableye|Roseli Berry|[weaken]\n|-damage|p2b: Sableye|0 fnt\n|faint|p2b: Sableye\n|\n|-damage|p1b: Sneasler|24/100 brn|[from] brn\n|upkeep\n|\n|t:|1776566384\n|switch|p2b: Mamoswine|Mamoswine, L50, F|100/100\n|turn|6\n|\n|t:|1776566392\n|move|p1b: Sneasler|Close Combat|p2b: Mamoswine\n|-supereffective|p2b: Mamoswine|1\n|-damage|p2b: Mamoswine|28/100\n|-unboost|p1b: Sneasler|def|1\n|-unboost|p1b: Sneasler|spd|1\n|move|p2b: Mamoswine|Earthquake|p1a: Floette|[spread] p1a,p1b\n|-supereffective|p1b: Sneasler|1\n|-damage|p1a: Floette|24/100\n|-damage|p1b: Sneasler|0 fnt\n|faint|p1b: Sneasler\n|move|p1a: Floette|Moonblast|p2b: Mamoswine\n|-damage|p2b: Mamoswine|0 fnt\n|faint|p2b: Mamoswine\n|\n|win|Bman311\n|raw|Bman311's rating: 1467 &rarr; <strong>1495</strong><br />(+28 for winning)\n|raw|zhz2021's rating: 1607 &rarr; <strong>1579</strong><br />(-28 for losing)\n|c|\u2606Bman311|gg\n|l|\u2606zhz2021\n|player|p2|\n",
  "uploadtime": 1776566394,
  "views": 19,
  "formatid": "gen9championsvgc2026regma",
  "rating": 1495,
  "private": 0,
  "password": null
}