{
  "id": "gen9championsvgc2026regma-2584382561",
  "format": "[Gen 9 Champions] VGC 2026 Reg M-A",
  "players": [
    "strami",
    "Labast878"
  ],
  "log": "|j|\u2606strami\n|j|\u2606Labast878\n|t:|1776256683\n|gametype|doubles\n|player|p1|strami|hoopster|1277\n|player|p2|Labast878|102|1222\n|gen|9\n|tier|[Gen 9 Champions] VGC 2026 Reg M-A\n|rated|\n|rule|Species Clause: Limit one of each Pok\u00e9mon\n|rule|Item Clause: Limit 1 of each item\n|clearpoke\n|poke|p1|Garchomp, L50, F|\n|poke|p1|Orthworm, L50, M|\n|poke|p1|Delphox, L50, F|\n|poke|p1|Rotom-Wash, L50|\n|poke|p1|Incineroar, L50, M|\n|poke|p1|Basculegion, L50, M|\n|poke|p2|Aggron, L50, F|\n|poke|p2|Tyranitar, L50, F|\n|poke|p2|Garchomp, L50, F|\n|poke|p2|Sneasler, L50, F|\n|poke|p2|Rotom-Wash, L50|\n|poke|p2|Talonflame, L50, M|\n|teampreview|4\n|inactive|Battle timer is ON: inactive players will automatically lose when time's up. (requested by strami)\n|inactive|Labast878 has 60 seconds left.\n|inactive|Labast878 has 30 seconds left.\n|\n|t:|1776256745\n|teamsize|p1|4\n|teamsize|p2|4\n|start\n|switch|p1a: Incineroar|Incineroar, L50, M|100/100\n|switch|p1b: Orthworm|Orthworm, L50, M|100/100\n|switch|p2a: Sneasler|Sneasler, L50, F|100/100\n|switch|p2b: Talonflame|Talonflame, L50, M|100/100\n|-ability|p1a: Incineroar|Intimidate|boost\n|-unboost|p2a: Sneasler|atk|1\n|-unboost|p2b: Talonflame|atk|1\n|-enditem|p2a: Sneasler|White Herb\n|-clearnegativeboost|p2a: Sneasler|[silent]\n|turn|1\n|\n|t:|1776256766\n|move|p2b: Talonflame|Protect|p2b: Talonflame\n|-singleturn|p2b: Talonflame|Protect\n|move|p2a: Sneasler|Fake Out|p1b: Orthworm\n|-resisted|p1b: Orthworm|1\n|-damage|p1b: Orthworm|96/100\n|move|p1a: Incineroar|Fake Out|p2b: Talonflame\n|-activate|p2b: Talonflame|move: Protect\n|cant|p1b: Orthworm|flinch\n|\n|upkeep\n|turn|2\n|inactive|strami has 30 seconds left.\n|\n|t:|1776256792\n|switch|p1b: Garchomp|Garchomp, L50, F|100/100\n|move|p2a: Sneasler|Close Combat|p1b: Garchomp\n|-damage|p1b: Garchomp|31/100\n|-unboost|p2a: Sneasler|def|1\n|-unboost|p2a: Sneasler|spd|1\n|-damage|p2a: Sneasler|88/100|[from] ability: Rough Skin|[of] p1b: Garchomp\n|move|p2b: Talonflame|Flare Blitz|p1b: Garchomp\n|-resisted|p1b: Garchomp|1\n|-damage|p1b: Garchomp|15/100\n|-damage|p2b: Talonflame|88/100|[from] ability: Rough Skin|[of] p1b: Garchomp\n|-damage|p2b: Talonflame|82/100|[from] Recoil\n|move|p1a: Incineroar|Parting Shot|p2b: Talonflame\n|-unboost|p2b: Talonflame|atk|1\n|-unboost|p2b: Talonflame|spa|1\n|\n|t:|1776256816\n|switch|p1a: Delphox|Delphox, L50, F|100/100|[from] Parting Shot\n|\n|upkeep\n|turn|3\n|\n|t:|1776256835\n|switch|p2b: Tyranitar|Tyranitar, L50, F|100/100\n|-weather|Sandstorm|[from] ability: Sand Stream|[of] p2b: Tyranitar\n|switch|p1b: Incineroar|Incineroar, L50, M|100/100\n|-ability|p1b: Incineroar|Intimidate|boost\n|-unboost|p2a: Sneasler|atk|1\n|-unboost|p2b: Tyranitar|atk|1\n|detailschange|p1a: Delphox|Delphox-Mega, L50, F\n|-mega|p1a: Delphox|Delphox|Delphoxite\n|move|p2a: Sneasler|Protect|p2a: Sneasler\n|-singleturn|p2a: Sneasler|Protect\n|move|p1a: Delphox|Substitute|p1a: Delphox\n|-start|p1a: Delphox|Substitute\n|-damage|p1a: Delphox|75/100\n|\n|-weather|Sandstorm|[upkeep]\n|-damage|p2a: Sneasler|83/100|[from] Sandstorm\n|-damage|p1a: Delphox|70/100|[from] Sandstorm\n|-damage|p1b: Incineroar|95/100|[from] Sandstorm\n|upkeep\n|turn|4\n|inactive|Labast878 has 30 seconds left.\n|\n|t:|1776256862\n|switch|p2a: Talonflame|Talonflame, L50, M|82/100\n|move|p1b: Incineroar|Fake Out|p2b: Tyranitar\n|-resisted|p2b: Tyranitar|1\n|-crit|p2b: Tyranitar\n|-damage|p2b: Tyranitar|92/100\n|move|p1a: Delphox|Psychic|p2a: Talonflame\n|-damage|p2a: Talonflame|0 fnt\n|faint|p2a: Talonflame\n|cant|p2b: Tyranitar|flinch\n|\n|-weather|Sandstorm|[upkeep]\n|-damage|p1a: Delphox|64/100|[from] Sandstorm\n|-damage|p1b: Incineroar|89/100|[from] Sandstorm\n|upkeep\n|\n|t:|1776256879\n|switch|p2a: Sneasler|Sneasler, L50, F|83/100\n|turn|5\n|\n|t:|1776256888\n|switch|p1b: Orthworm|Orthworm, L50, M|96/100\n|move|p1a: Delphox|Psychic|p2a: Sneasler\n|-supereffective|p2a: Sneasler|2\n|-damage|p2a: Sneasler|0 fnt\n|faint|p2a: Sneasler\n|move|p2b: Tyranitar|Rock Slide|p1a: Delphox|[spread] p1a,p1b\n|-supereffective|p1a: Delphox|1\n|-crit|p1a: Delphox\n|-end|p1a: Delphox|Substitute\n|-resisted|p1b: Orthworm|1\n|-damage|p1b: Orthworm|90/100\n|\n|-weather|Sandstorm|[upkeep]\n|-damage|p1a: Delphox|58/100|[from] Sandstorm\n|upkeep\n|\n|t:|1776256903\n|switch|p2a: Aggron|Aggron, L50, F|100/100\n|turn|6\n|\n|t:|1776256913\n|switch|p1a: Incineroar|Incineroar, L50, M|89/100\n|-ability|p1a: Incineroar|Intimidate|boost\n|-unboost|p2a: Aggron|atk|1\n|-unboost|p2b: Tyranitar|atk|1\n|move|p2b: Tyranitar|Rock Slide|p1b: Orthworm|[spread] p1a,p1b\n|-supereffective|p1a: Incineroar|1\n|-resisted|p1b: Orthworm|1\n|-damage|p1a: Incineroar|64/100\n|-damage|p1b: Orthworm|86/100\n|move|p1b: Orthworm|Iron Defense|p1b: Orthworm\n|-boost|p1b: Orthworm|def|2\n|move|p2a: Aggron|Iron Defense|p2a: Aggron\n|-boost|p2a: Aggron|def|2\n|\n|-weather|Sandstorm|[upkeep]\n|-damage|p1a: Incineroar|58/100|[from] Sandstorm\n|upkeep\n|turn|7\n|\n|t:|1776256937\n|detailschange|p2a: Aggron|Aggron-Mega, L50, F\n|-mega|p2a: Aggron|Aggron|Aggronite\n|move|p1a: Incineroar|Fake Out|p2a: Aggron\n|-resisted|p2a: Aggron|1\n|-damage|p2a: Aggron|99/100\n|move|p2b: Tyranitar|Rock Slide|p1b: Orthworm|[spread] p1a,p1b\n|-supereffective|p1a: Incineroar|1\n|-resisted|p1b: Orthworm|1\n|-damage|p1a: Incineroar|34/100\n|-damage|p1b: Orthworm|84/100\n|cant|p1b: Orthworm|flinch\n|cant|p2a: Aggron|flinch\n|\n|-weather|none\n|upkeep\n|turn|8\n|\n|t:|1776256958\n|move|p2b: Tyranitar|Rock Slide|p1a: Incineroar|[spread] p1a,p1b\n|-supereffective|p1a: Incineroar|1\n|-resisted|p1b: Orthworm|1\n|-damage|p1a: Incineroar|9/100\n|-damage|p1b: Orthworm|81/100\n|move|p1b: Orthworm|Iron Defense|p1b: Orthworm\n|-boost|p1b: Orthworm|def|2\n|move|p1a: Incineroar|Parting Shot|p2b: Tyranitar\n|-unboost|p2b: Tyranitar|atk|1\n|-unboost|p2b: Tyranitar|spa|1\n|\n|t:|1776256967\n|switch|p1a: Garchomp|Garchomp, L50, F|15/100|[from] Parting Shot\n|move|p2a: Aggron|Iron Defense|p2a: Aggron\n|-boost|p2a: Aggron|def|2\n|\n|upkeep\n|turn|9\n|\n|t:|1776256983\n|move|p2b: Tyranitar|Rock Slide|p1b: Orthworm|[spread] p1a,p1b\n|-resisted|p1a: Garchomp|1\n|-resisted|p1b: Orthworm|1\n|-damage|p1a: Garchomp|9/100\n|-damage|p1b: Orthworm|80/100\n|move|p1a: Garchomp|Earthquake|p2a: Aggron|[spread] p2a,p2b\n|-heal|p1b: Orthworm|100/100|[from] ability: Earth Eater|[of] p1a: Garchomp\n|-supereffective|p2a: Aggron|1\n|-supereffective|p2b: Tyranitar|1\n|-damage|p2a: Aggron|89/100\n|-damage|p2b: Tyranitar|24/100\n|move|p1b: Orthworm|Body Press|p2b: Tyranitar\n|-supereffective|p2b: Tyranitar|2\n|-damage|p2b: Tyranitar|0 fnt\n|faint|p2b: Tyranitar\n|move|p2a: Aggron|Body Press|p1b: Orthworm\n|-supereffective|p1b: Orthworm|1\n|-damage|p1b: Orthworm|58/100\n|\n|upkeep\n|turn|10\n|\n|t:|1776257005\n|move|p1a: Garchomp|Earthquake|p2a: Aggron|[spread] p2a\n|-heal|p1b: Orthworm|82/100|[from] ability: Earth Eater|[of] p1a: Garchomp\n|-supereffective|p2a: Aggron|1\n|-damage|p2a: Aggron|79/100\n|move|p1b: Orthworm|Iron Defense|p1b: Orthworm\n|-boost|p1b: Orthworm|def|2\n|move|p2a: Aggron|Body Press|p1b: Orthworm\n|-supereffective|p1b: Orthworm|1\n|-damage|p1b: Orthworm|46/100\n|-enditem|p1b: Orthworm|Sitrus Berry|[eat]\n|-heal|p1b: Orthworm|71/100|[from] item: Sitrus Berry\n|\n|upkeep\n|turn|11\n|-message|Labast878 forfeited.\n|\n|win|strami\n|raw|strami's rating: 1277 &rarr; <strong>1298</strong><br />(+21 for winning)\n|raw|Labast878's rating: 1222 &rarr; <strong>1201</strong><br />(-21 for losing)\n|l|\u2606Labast878\n|player|p2|\n",
  "uploadtime": 1776257188,
  "views": 23,
  "formatid": "gen9championsvgc2026regma",
  "rating": 1201,
  "private": 0,
  "password": null
}