{
  "id": "gen9championsvgc2026regma-2585668658",
  "format": "[Gen 9 Champions] VGC 2026 Reg M-A",
  "players": [
    "leggory",
    "Jpatters"
  ],
  "log": "|j|\u2606leggory\n|j|\u2606Jpatters\n|t:|1776362451\n|gametype|doubles\n|player|p1|leggory|2|1112\n|player|p2|Jpatters|scientist-gen4|1126\n|gen|9\n|tier|[Gen 9 Champions] VGC 2026 Reg M-A\n|rated|\n|rule|Species Clause: Limit one of each Pok\u00e9mon\n|rule|Item Clause: Limit 1 of each item\n|clearpoke\n|poke|p1|Kingambit, L50, M|\n|poke|p1|Blastoise, L50, F|\n|poke|p1|Aerodactyl, L50, F|\n|poke|p1|Kangaskhan, L50, F|\n|poke|p1|Sinistcha, L50|\n|poke|p1|Farigiraf, L50, F|\n|poke|p2|Chesnaught, L50, F|\n|poke|p2|Sinistcha, L50|\n|poke|p2|Farigiraf, L50, M|\n|poke|p2|Whimsicott, L50, F|\n|poke|p2|Meowscarada, L50, F|\n|poke|p2|Glimmora, L50, M|\n|teampreview|4\n|\n|t:|1776362503\n|teamsize|p1|4\n|teamsize|p2|4\n|start\n|switch|p1a: Blastoise|Blastoise, L50, F|100/100\n|switch|p1b: Farigiraf|Farigiraf, L50, F|100/100\n|switch|p2a: Chesnaught|Chesnaught, L50, F|100/100\n|switch|p2b: Sinistcha|Sinistcha, L50|100/100\n|turn|1\n|\n|t:|1776362523\n|switch|p1a: Sinistcha|Sinistcha, L50|100/100\n|move|p2b: Sinistcha|Rage Powder|p2b: Sinistcha\n|-singleturn|p2b: Sinistcha|move: Rage Powder\n|move|p2a: Chesnaught|Belly Drum|p2a: Chesnaught\n|-damage|p2a: Chesnaught|51/100\n|-setboost|p2a: Chesnaught|atk|6|[from] move: Belly Drum\n|move|p1b: Farigiraf|Psychic|p2b: Sinistcha\n|-damage|p2b: Sinistcha|68/100\n|\n|upkeep\n|turn|2\n|inactive|Battle timer is ON: inactive players will automatically lose when time's up. (requested by leggory)\n|\n|t:|1776362583\n|detailschange|p2a: Chesnaught|Chesnaught-Mega, L50, F\n|-mega|p2a: Chesnaught|Chesnaught|Chesnaughtite\n|move|p2a: Chesnaught|Protect|p2a: Chesnaught\n|-singleturn|p2a: Chesnaught|Protect\n|move|p1a: Sinistcha|Matcha Gotcha|p2b: Sinistcha|[spread] p2b\n|-activate|p2a: Chesnaught|move: Protect\n|-resisted|p2b: Sinistcha|1\n|-damage|p2b: Sinistcha|57/100\n|move|p2b: Sinistcha|Grassy Terrain|p2b: Sinistcha\n|-fieldstart|move: Grassy Terrain\n|move|p1b: Farigiraf|Psychic|p2a: Chesnaught\n|-activate|p2a: Chesnaught|move: Protect\n|\n|-heal|p2b: Sinistcha|63/100|[from] Grassy Terrain\n|-heal|p2a: Chesnaught|57/100|[from] Grassy Terrain\n|upkeep\n|turn|3\n|\n|t:|1776362599\n|move|p1a: Sinistcha|Rage Powder|p1a: Sinistcha\n|-singleturn|p1a: Sinistcha|move: Rage Powder\n|move|p2b: Sinistcha|Rage Powder|p2b: Sinistcha\n|-singleturn|p2b: Sinistcha|move: Rage Powder\n|move|p2a: Chesnaught|Grassy Glide||[still]\n|cant|p1b: Farigiraf|ability: Armor Tail|Grassy Glide|[of] p2a: Chesnaught\n|move|p1b: Farigiraf|Psychic|p2b: Sinistcha\n|-damage|p2b: Sinistcha|33/100\n|\n|-heal|p2b: Sinistcha|39/100|[from] Grassy Terrain\n|-heal|p2a: Chesnaught|63/100|[from] Grassy Terrain\n|upkeep\n|turn|4\n|\n|t:|1776362618\n|move|p2a: Chesnaught|Protect|p2a: Chesnaught\n|-singleturn|p2a: Chesnaught|Protect\n|move|p1a: Sinistcha|Matcha Gotcha|p2b: Sinistcha|[spread] p2b\n|-activate|p2a: Chesnaught|move: Protect\n|-resisted|p2b: Sinistcha|1\n|-damage|p2b: Sinistcha|24/100\n|move|p2b: Sinistcha|Shadow Ball|p1a: Sinistcha\n|-supereffective|p1a: Sinistcha|1\n|-damage|p1a: Sinistcha|36/100\n|move|p1b: Farigiraf|Psychic|p2a: Chesnaught\n|-activate|p2a: Chesnaught|move: Protect\n|\n|-heal|p1a: Sinistcha|43/100|[from] Grassy Terrain\n|-heal|p2b: Sinistcha|30/100|[from] Grassy Terrain\n|-heal|p2a: Chesnaught|69/100|[from] Grassy Terrain\n|upkeep\n|turn|5\n|\n|t:|1776362639\n|move|p1a: Sinistcha|Rage Powder|p1a: Sinistcha\n|-singleturn|p1a: Sinistcha|move: Rage Powder\n|move|p2b: Sinistcha|Shadow Ball|p1a: Sinistcha\n|-supereffective|p1a: Sinistcha|1\n|-damage|p1a: Sinistcha|0 fnt\n|faint|p1a: Sinistcha\n|move|p2a: Chesnaught|Drain Punch|p1b: Farigiraf\n|-damage|p1b: Farigiraf|0 fnt\n|-heal|p2a: Chesnaught|100/100|[from] drain|[of] p1b: Farigiraf\n|faint|p1b: Farigiraf\n|\n|-heal|p2b: Sinistcha|36/100|[from] Grassy Terrain\n|upkeep\n|-message|leggory forfeited.\n|\n|win|Jpatters\n|raw|leggory's rating: 1112 &rarr; <strong>1088</strong><br />(-24 for losing)\n|raw|Jpatters's rating: 1126 &rarr; <strong>1150</strong><br />(+24 for winning)\n|l|\u2606leggory\n|player|p1|\n",
  "uploadtime": 1776362661,
  "views": 20,
  "formatid": "gen9championsvgc2026regma",
  "rating": 1088,
  "private": 0,
  "password": null
}