{
  "id": "gen9championsvgc2026regma-2583947894",
  "format": "[Gen 9 Champions] VGC 2026 Reg M-A",
  "players": [
    "Rakkune",
    "L_Yami_H"
  ],
  "log": "|j|\u2606Rakkune\n|j|\u2606L_Yami_H\n|t:|1776210841\n|gametype|doubles\n|player|p1|Rakkune|miku-flying|1354\n|player|p2|L_Yami_H|ghetsis|1355\n|gen|9\n|tier|[Gen 9 Champions] VGC 2026 Reg M-A\n|rated|\n|rule|Species Clause: Limit one of each Pok\u00e9mon\n|rule|Item Clause: Limit 1 of each item\n|clearpoke\n|poke|p1|Floette-Eternal, L50, F|\n|poke|p1|Kommo-o, L50, M|\n|poke|p1|Aegislash, L50, F|\n|poke|p1|Sneasler, L50, F|\n|poke|p1|Rotom-Wash, L50|\n|poke|p1|Incineroar, L50, M|\n|poke|p2|Sableye, L50, M|\n|poke|p2|Victreebel, L50, F|\n|poke|p2|Sneasler, L50, F|\n|poke|p2|Araquanid, L50, F|\n|poke|p2|Kingambit, L50, M|\n|poke|p2|Arcanine, L50, M|\n|teampreview|4\n|inactive|Battle timer is ON: inactive players will automatically lose when time's up. (requested by L_Yami_H)\nL_Yami_H rejected open team sheets.\n|inactive|Rakkune has 60 seconds left.\n|\n|t:|1776210910\n|teamsize|p1|4\n|teamsize|p2|4\n|start\n|switch|p1a: Floette|Floette-Eternal, L50, F|100/100\n|switch|p1b: Kommo-o|Kommo-o, L50, M|100/100\n|switch|p2a: Checkers|Kingambit, L50, M, shiny|100/100\n|switch|p2b: Dess|Sneasler, L50, F, shiny|100/100\n|turn|1\n|inactive|Rakkune has 30 seconds left.\n|inactive|Rakkune has 20 seconds left.\n|\n|t:|1776210946\n|detailschange|p1a: Floette|Floette-Mega, L50, F\n|-mega|p1a: Floette|Floette|Floettite\n|-ability|p1a: Floette|Fairy Aura\n|move|p1a: Floette|Protect|p1a: Floette\n|-singleturn|p1a: Floette|Protect\n|move|p2a: Checkers|Protect|p2a: Checkers\n|-singleturn|p2a: Checkers|Protect\n|move|p2b: Dess|Coaching|p2a: Checkers\n|-boost|p2a: Checkers|atk|1\n|-boost|p2a: Checkers|def|1\n|move|p1b: Kommo-o|Aura Sphere|p2a: Checkers\n|-activate|p2a: Checkers|move: Protect\n|\n|upkeep\n|turn|2\n|\n|t:|1776210963\n|switch|p1a: Incineroar|Incineroar, L50, M|100/100\n|-ability|p1a: Incineroar|Intimidate|boost\n|-unboost|p2a: Checkers|atk|1\n|-ability|p2a: Checkers|Defiant|boost\n|-boost|p2a: Checkers|atk|2\n|-unboost|p2b: Dess|atk|1\n|-enditem|p2b: Dess|White Herb\n|-clearnegativeboost|p2b: Dess|[silent]\n|move|p2a: Checkers|Sucker Punch|p1b: Kommo-o\n|-resisted|p1b: Kommo-o|1\n|-damage|p1b: Kommo-o|50/100\n|move|p2b: Dess|Close Combat|p1b: Kommo-o\n|-damage|p1b: Kommo-o|0 fnt\n|-unboost|p2b: Dess|def|1\n|-unboost|p2b: Dess|spd|1\n|faint|p1b: Kommo-o\n|\n|upkeep\n|inactive|Rakkune has 30 seconds left.\n|inactive|Rakkune has 20 seconds left.\n|\n|t:|1776211002\n|switch|p1b: Floette|Floette-Mega, L50, F|100/100\n|-ability|p1b: Floette|Fairy Aura\n|turn|3\n|\n|t:|1776211011\n|move|p2b: Dess|Protect|p2b: Dess\n|-singleturn|p2b: Dess|Protect\n|move|p2a: Checkers|Protect|p2a: Checkers\n|-singleturn|p2a: Checkers|Protect\n|move|p1a: Incineroar|Fake Out|p2b: Dess\n|-activate|p2b: Dess|move: Protect\n|move|p1b: Floette|Moonblast|p2b: Dess\n|-activate|p2b: Dess|move: Protect\n|\n|upkeep\n|turn|4\n|\n|t:|1776211029\n|move|p1b: Floette|Protect|p1b: Floette\n|-singleturn|p1b: Floette|Protect\n|move|p2b: Dess|Close Combat|p1a: Incineroar\n|-supereffective|p1a: Incineroar|1\n|-damage|p1a: Incineroar|1/100\n|-unboost|p2b: Dess|def|1\n|-unboost|p2b: Dess|spd|1\n|-enditem|p1a: Incineroar|Sitrus Berry|[eat]\n|-heal|p1a: Incineroar|26/100|[from] item: Sitrus Berry\n|move|p2a: Checkers|Kowtow Cleave|p1b: Floette\n|-activate|p1b: Floette|move: Protect\n|move|p1a: Incineroar|Flare Blitz|p2b: Dess\n|-damage|p2b: Dess|0 fnt\n|faint|p2b: Dess\n|-damage|p1a: Incineroar|0 fnt|[from] Recoil\n|faint|p1a: Incineroar\n|\n|upkeep\n|\n|t:|1776211047\n|switch|p2b: Yami|Sableye, L50, M|100/100\n|switch|p1a: Rotom|Rotom-Wash, L50|100/100\n|turn|5\n|\n|t:|1776211060\n|move|p2b: Yami|Encore|p1b: Floette\n|-start|p1b: Floette|Encore\n|move|p1b: Floette|Protect||[still]\n|-fail|p1b: Floette\n|move|p1a: Rotom|Hydro Pump|p2a: Checkers\n|-damage|p2a: Checkers|45/100\n|move|p2a: Checkers|Kowtow Cleave|p1a: Rotom\n|-damage|p1a: Rotom|0 fnt\n|faint|p1a: Rotom\n|\n|upkeep\n|turn|6\n|-message|Rakkune forfeited.\n|\n|win|L_Yami_H\n|raw|Rakkune's rating: 1354 &rarr; <strong>1334</strong><br />(-20 for losing)\n|raw|L_Yami_H's rating: 1355 &rarr; <strong>1375</strong><br />(+20 for winning)\n|l|\u2606Rakkune\n|player|p1|\n",
  "uploadtime": 1776211398,
  "views": 48,
  "formatid": "gen9championsvgc2026regma",
  "rating": 1334,
  "private": 0,
  "password": null
}