{
  "id": "gen9championsvgc2026regma-2580504638",
  "format": "[Gen 9 Champions] VGC 2026 Reg M-A",
  "players": [
    "Iamasandshrew",
    "calacadura"
  ],
  "log": "|j|\u203dIamasandshrew\n|j|\u2606calacadura\n|t:|1775906066\n|gametype|doubles\n|player|p1|Iamasandshrew|lucas|1091\n|player|p2|calacadura|170|1079\n|gen|9\n|tier|[Gen 9 Champions] VGC 2026 Reg M-A\n|rated|\n|rule|Species Clause: Limit one of each Pok\u00e9mon\n|rule|Item Clause: Limit 1 of each item\n|clearpoke\n|poke|p1|Sinistcha-Masterpiece, L50|\n|poke|p1|Incineroar, L50, F|\n|poke|p1|Garchomp, L50, F|\n|poke|p1|Charizard, L50, M|\n|poke|p1|Heliolisk, L50, F|\n|poke|p1|Rotom-Wash, L50|\n|poke|p2|Garchomp, L50, M|\n|poke|p2|Sinistcha, L50|\n|poke|p2|Tyranitar, L50, F|\n|poke|p2|Incineroar, L50, M|\n|poke|p2|Basculegion, L50, M|\n|poke|p2|Farigiraf, L50, M|\n|teampreview|4\n|\n|t:|1775906102\n|teamsize|p1|4\n|teamsize|p2|4\n|start\n|switch|p1a: Sinistcha|Sinistcha-Masterpiece, L50|100/100\n|switch|p1b: Rotom|Rotom-Wash, L50|100/100\n|switch|p2a: Kitten|Incineroar, L50, M, shiny|100/100\n|switch|p2b: Basculegion|Basculegion, L50, M|100/100\n|-ability|p2a: Kitten|Intimidate|boost\n|-unboost|p1a: Sinistcha|atk|1\n|-unboost|p1b: Rotom|atk|1\n|turn|1\n|\n|t:|1775906129\n|move|p2a: Kitten|Fake Out|p1b: Rotom\n|-damage|p1b: Rotom|90/100\n|move|p2b: Basculegion|Flip Turn|p1a: Sinistcha\n|-resisted|p1a: Sinistcha|1\n|-damage|p1a: Sinistcha|84/100\n|\n|t:|1775906137\n|switch|p2b: Farigiraf|Farigiraf, L50, M|100/100|[from] Flip Turn\n|cant|p1b: Rotom|flinch\n|move|p1a: Sinistcha|Calm Mind|p1a: Sinistcha\n|-boost|p1a: Sinistcha|spa|1\n|-boost|p1a: Sinistcha|spd|1\n|\n|-heal|p1a: Sinistcha|90/100|[from] item: Leftovers\n|upkeep\n|turn|2\n|\n|t:|1775906156\n|move|p1b: Rotom|Hydro Pump|p2a: Kitten\n|-supereffective|p2a: Kitten|1\n|-damage|p2a: Kitten|29/100\n|move|p1a: Sinistcha|Matcha Gotcha|p2b: Farigiraf|[spread] p2a,p2b\n|-resisted|p2a: Kitten|1\n|-damage|p2a: Kitten|15/100\n|-heal|p1a: Sinistcha|99/100|[from] drain|[of] p2a: Kitten\n|-damage|p2b: Farigiraf|71/100\n|-heal|p1a: Sinistcha|100/100|[from] drain|[of] p2b: Farigiraf\n|move|p2b: Farigiraf|Thunder Wave|p1a: Sinistcha\n|-status|p1a: Sinistcha|par\n|move|p2a: Kitten|Flare Blitz|p1a: Sinistcha\n|-supereffective|p1a: Sinistcha|1\n|-damage|p1a: Sinistcha|56/100 par\n|-damage|p2a: Kitten|2/100|[from] Recoil\n|\n|-heal|p2b: Farigiraf|77/100|[from] item: Leftovers\n|-heal|p1a: Sinistcha|62/100 par|[from] item: Leftovers\n|upkeep\n|turn|3\n|\n|t:|1775906182\n|cant|p1a: Sinistcha|par\n|move|p2b: Farigiraf|Ally Switch|p2b: Farigiraf\n|swap|p2b: Farigiraf|0|[from] move: Ally Switch\n|move|p1b: Rotom|Hydro Pump|p2b: Kitten\n|-supereffective|p2b: Kitten|1\n|-damage|p2b: Kitten|0 fnt\n|faint|p2b: Kitten\n|\n|-heal|p2a: Farigiraf|83/100|[from] item: Leftovers\n|-heal|p1a: Sinistcha|69/100 par|[from] item: Leftovers\n|upkeep\n|\n|t:|1775906193\n|switch|p2b: Basculegion|Basculegion, L50, M|100/100\n|turn|4\n|\n|t:|1775906221\n|move|p2b: Basculegion|Flip Turn|p1b: Rotom\n|-resisted|p1b: Rotom|1\n|-damage|p1b: Rotom|69/100\n|\n|t:|1775906223\n|switch|p2b: Tiny|Sinistcha, L50, shiny|100/100|[from] Flip Turn\n|-heal|p2a: Farigiraf|100/100|[from] ability: Hospitality|[of] p2b: Tiny\n|move|p1b: Rotom|Thunderbolt|p2b: Tiny\n|-resisted|p2b: Tiny|1\n|-damage|p2b: Tiny|80/100\n|move|p2a: Farigiraf|Expanding Force|p1b: Rotom\n|-damage|p1b: Rotom|38/100\n|-enditem|p1b: Rotom|Sitrus Berry|[eat]\n|-heal|p1b: Rotom|63/100|[from] item: Sitrus Berry\n|move|p1a: Sinistcha|Matcha Gotcha|p2b: Tiny|[spread] p2a,p2b\n|-resisted|p2b: Tiny|1\n|-damage|p2a: Farigiraf|68/100\n|-heal|p1a: Sinistcha|90/100 par|[from] drain|[of] p2a: Farigiraf\n|-damage|p2b: Tiny|56/100\n|-heal|p1a: Sinistcha|100/100 par|[from] drain|[of] p2b: Tiny\n|-status|p2a: Farigiraf|brn\n|-status|p2b: Tiny|brn\n|\n|-heal|p2a: Farigiraf|75/100 brn|[from] item: Leftovers\n|-damage|p2b: Tiny|49/100 brn|[from] brn\n|-damage|p2a: Farigiraf|68/100 brn|[from] brn\n|upkeep\n|turn|5\n|\n|t:|1775906251\n|switch|p1b: Incineroar|Incineroar, L50, F|100/100\n|-ability|p1b: Incineroar|Intimidate|boost\n|-unboost|p2a: Farigiraf|atk|1\n|-unboost|p2b: Tiny|atk|1\n|move|p2b: Tiny|Matcha Gotcha|p1a: Sinistcha|[spread] p1a,p1b\n|-resisted|p1a: Sinistcha|1\n|-resisted|p1b: Incineroar|1\n|-damage|p1a: Sinistcha|91/100 par\n|-heal|p2b: Tiny|54/100 brn|[from] drain|[of] p1a: Sinistcha\n|-damage|p1b: Incineroar|90/100\n|-heal|p2b: Tiny|60/100 brn|[from] drain|[of] p1b: Incineroar\n|move|p2a: Farigiraf|Expanding Force|p1b: Incineroar\n|-immune|p1b: Incineroar\n|move|p1a: Sinistcha|Matcha Gotcha|p2b: Tiny|[spread] p2a,p2b\n|-resisted|p2b: Tiny|1\n|-damage|p2a: Farigiraf|38/100 brn\n|-heal|p1a: Sinistcha|100/100 par|[from] drain|[of] p2a: Farigiraf\n|-damage|p2b: Tiny|36/100 brn\n|\n|-heal|p2a: Farigiraf|44/100 brn|[from] item: Leftovers\n|-damage|p2b: Tiny|30/100 brn|[from] brn\n|-damage|p2a: Farigiraf|38/100 brn|[from] brn\n|upkeep\n|turn|6\n|\n|t:|1775906274\n|move|p1b: Incineroar|Throat Chop|p2a: Farigiraf\n|-supereffective|p2a: Farigiraf|1\n|-damage|p2a: Farigiraf|0 fnt\n|faint|p2a: Farigiraf\n|move|p2b: Tiny|Strength Sap|p1b: Incineroar\n|-unboost|p1b: Incineroar|atk|1\n|-heal|p2b: Tiny|100/100 brn\n|move|p1a: Sinistcha|Shadow Ball|p2b: Tiny|[miss]\n|-miss|p1a: Sinistcha|p2b: Tiny\n|\n|-damage|p2b: Tiny|94/100 brn|[from] brn\n|upkeep\n|\n|t:|1775906283\n|switch|p2a: Basculegion|Basculegion, L50, M|100/100\n|turn|7\n|\n|t:|1775906304\n|move|p1a: Sinistcha|Protect|p1a: Sinistcha\n|-singleturn|p1a: Sinistcha|Protect\n|move|p2b: Tiny|Rage Powder|p2b: Tiny\n|-singleturn|p2b: Tiny|move: Rage Powder\n|move|p2a: Basculegion|Last Respects|p1a: Sinistcha\n|-activate|p1a: Sinistcha|move: Protect\n|move|p1b: Incineroar|Flare Blitz|p2b: Tiny|[miss]\n|-miss|p1b: Incineroar|p2b: Tiny\n|\n|-damage|p2b: Tiny|88/100 brn|[from] brn\n|upkeep\n|turn|8\n|\n|t:|1775906333\n|switch|p1a: Rotom|Rotom-Wash, L50|63/100\n|move|p2b: Tiny|Rage Powder|p2b: Tiny\n|-singleturn|p2b: Tiny|move: Rage Powder\n|move|p2a: Basculegion|Last Respects|p1a: Rotom\n|-damage|p1a: Rotom|0 fnt\n|faint|p1a: Rotom\n|move|p1b: Incineroar|Flare Blitz|p2b: Tiny\n|-supereffective|p2b: Tiny|1\n|-damage|p2b: Tiny|41/100 brn\n|-damage|p1b: Incineroar|76/100|[from] Recoil\n|\n|-damage|p2b: Tiny|35/100 brn|[from] brn\n|upkeep\n|\n|t:|1775906344\n|switch|p1a: Sinistcha|Sinistcha-Masterpiece, L50|100/100 par\n|turn|9\n|\n|t:|1775906354\n|move|p2a: Basculegion|Last Respects|p1a: Sinistcha\n|-supereffective|p1a: Sinistcha|1\n|-damage|p1a: Sinistcha|0 fnt\n|faint|p1a: Sinistcha\n|move|p1b: Incineroar|Flare Blitz|p2b: Tiny|[miss]\n|-miss|p1b: Incineroar|p2b: Tiny\n|move|p2b: Tiny|Strength Sap|p1b: Incineroar\n|-unboost|p1b: Incineroar|atk|1\n|-heal|p2b: Tiny|85/100 brn\n|\n|-damage|p2b: Tiny|79/100 brn|[from] brn\n|upkeep\n|-message|Iamasandshrew forfeited.\n|\n|win|calacadura\n|raw|Iamasandshrew's rating: 1091 &rarr; <strong>1067</strong><br />(-24 for losing)\n|raw|calacadura's rating: 1079 &rarr; <strong>1108</strong><br />(+29 for winning)\n",
  "uploadtime": 1775906373,
  "views": 15,
  "formatid": "gen9championsvgc2026regma",
  "rating": 1067,
  "private": 0,
  "password": null
}