{
  "id": "gen9championsvgc2026regma-2580898125",
  "format": "[Gen 9 Champions] VGC 2026 Reg M-A",
  "players": [
    "DragonairJordan23",
    "afr_VGC"
  ],
  "log": "|j|\u2606DragonairJordan23\n|j|\u2606afr_VGC\n|t:|1775941539\n|gametype|doubles\n|player|p1|DragonairJordan23|dancer|1126\n|player|p2|afr_VGC|hilbert-wonderlauncher|1111\n|gen|9\n|tier|[Gen 9 Champions] VGC 2026 Reg M-A\n|rated|\n|rule|Species Clause: Limit one of each Pok\u00e9mon\n|rule|Item Clause: Limit 1 of each item\n|clearpoke\n|poke|p1|Hawlucha, L50, M|\n|poke|p1|Excadrill, L50, F|\n|poke|p1|Tyranitar, L50, M|\n|poke|p1|Rotom-Wash, L50|\n|poke|p1|Ditto, L50|\n|poke|p2|Golurk, L50|\n|poke|p2|Torkoal, L50, F|\n|poke|p2|Venusaur, L50, M|\n|poke|p2|Infernape, L50, F|\n|poke|p2|Sinistcha, L50|\n|poke|p2|Farigiraf, L50, F|\n|teampreview|4\n|\n|t:|1775941574\n|teamsize|p1|4\n|teamsize|p2|4\n|start\n|switch|p1a: Rotom|Rotom-Wash, L50|100/100\n|switch|p1b: Hawlucha|Hawlucha, L50, M|100/100\n|switch|p2a: Torkoal|Torkoal, L50, F|100/100\n|switch|p2b: Venusaur|Venusaur, L50, M|100/100\n|-weather|SunnyDay|[from] ability: Drought|[of] p2a: Torkoal\n|turn|1\n|\n|t:|1775941600\n|switch|p1b: Tyranitar|Tyranitar, L50, M|100/100\n|-weather|Sandstorm|[from] ability: Sand Stream|[of] p1b: Tyranitar\n|move|p2a: Torkoal|Protect|p2a: Torkoal\n|-singleturn|p2a: Torkoal|Protect\n|move|p1a: Rotom|Volt Switch|p2a: Torkoal\n|-activate|p2a: Torkoal|move: Protect\n|move|p2b: Venusaur|Sleep Powder|p1b: Tyranitar\n|-status|p1b: Tyranitar|slp|[from] move: Sleep Powder\n|\n|-weather|Sandstorm|[upkeep]\n|-damage|p1a: Rotom|94/100|[from] Sandstorm\n|-damage|p2b: Venusaur|95/100|[from] Sandstorm\n|-damage|p2a: Torkoal|95/100|[from] Sandstorm\n|upkeep\n|turn|2\n|\n|t:|1775941625\n|switch|p2a: Golurk|Golurk, L50|100/100\n|move|p1a: Rotom|Volt Switch|p2a: Golurk\n|-immune|p2a: Golurk\n|move|p2b: Venusaur|Giga Drain|p1a: Rotom\n|-supereffective|p1a: Rotom|1\n|-damage|p1a: Rotom|16/100\n|-heal|p2b: Venusaur|100/100|[from] drain|[of] p1a: Rotom\n|cant|p1b: Tyranitar|slp\n|\n|-weather|Sandstorm|[upkeep]\n|-damage|p1a: Rotom|9/100|[from] Sandstorm\n|-damage|p2b: Venusaur|95/100|[from] Sandstorm\n|upkeep\n|turn|3\n|\n|t:|1775941642\n|switch|p1a: Ditto|Ditto, L50|100/100\n|-transform|p1a: Ditto|p2b: Venusaur|[from] ability: Imposter\n|detailschange|p2a: Golurk|Golurk-Mega, L50\n|-mega|p2a: Golurk|Golurk|Golurkite\n|move|p2b: Venusaur|Protect|p2b: Venusaur\n|-singleturn|p2b: Venusaur|Protect\n|cant|p1b: Tyranitar|slp\n|move|p2a: Golurk|Headlong Rush|p1b: Tyranitar\n|-supereffective|p1b: Tyranitar|1\n|-enditem|p1b: Tyranitar|Shuca Berry|[eat]\n|-enditem|p1b: Tyranitar|Shuca Berry|[weaken]\n|-damage|p1b: Tyranitar|32/100 slp\n|-unboost|p2a: Golurk|def|1\n|-unboost|p2a: Golurk|spd|1\n|\n|-weather|Sandstorm|[upkeep]\n|-damage|p1a: Ditto|95/100|[from] Sandstorm\n|-damage|p2b: Venusaur|89/100|[from] Sandstorm\n|-heal|p1a: Ditto|100/100|[from] item: Leftovers\n|upkeep\n|turn|4\n|\n|t:|1775941668\n|move|p1a: Ditto|Giga Drain|p2a: Golurk\n|-supereffective|p2a: Golurk|1\n|-damage|p2a: Golurk|15/100\n|-curestatus|p1b: Tyranitar|slp|[msg]\n|move|p1b: Tyranitar|Rock Slide|p2b: Venusaur|[spread] p2a,p2b\n|-resisted|p2a: Golurk|1\n|-damage|p2a: Golurk|0 fnt\n|-damage|p2b: Venusaur|50/100\n|faint|p2a: Golurk\n|cant|p2b: Venusaur|flinch\n|\n|-weather|Sandstorm|[upkeep]\n|-damage|p1a: Ditto|95/100|[from] Sandstorm\n|-damage|p2b: Venusaur|44/100|[from] Sandstorm\n|-heal|p1a: Ditto|100/100|[from] item: Leftovers\n|upkeep\n|\n|t:|1775941681\n|switch|p2a: Torkoal|Torkoal, L50, F|95/100\n|-weather|SunnyDay|[from] ability: Drought|[of] p2a: Torkoal\n|turn|5\n|\n|t:|1775941695\n|switch|p1b: Rotom|Rotom-Wash, L50|9/100\n|move|p1a: Ditto|Protect|p1a: Ditto\n|-singleturn|p1a: Ditto|Protect\n|move|p2b: Venusaur|Sludge Bomb|p1a: Ditto\n|-activate|p1a: Ditto|move: Protect\n|move|p2a: Torkoal|Heat Wave|p1a: Ditto|[spread] p1b\n|-activate|p1a: Ditto|move: Protect\n|-resisted|p1b: Rotom|1\n|-damage|p1b: Rotom|0 fnt\n|faint|p1b: Rotom\n|\n|-weather|SunnyDay|[upkeep]\n|upkeep\n|\n|t:|1775941713\n|switch|p1b: Tyranitar|Tyranitar, L50, M|32/100\n|-weather|Sandstorm|[from] ability: Sand Stream|[of] p1b: Tyranitar\n|turn|6\n|\n|t:|1775941722\n|move|p2a: Torkoal|Protect|p2a: Torkoal\n|-singleturn|p2a: Torkoal|Protect\n|move|p1a: Ditto|Sludge Bomb|p2b: Venusaur\n|-damage|p2b: Venusaur|5/100\n|move|p2b: Venusaur|Giga Drain|p1b: Tyranitar\n|-supereffective|p1b: Tyranitar|1\n|-damage|p1b: Tyranitar|0 fnt\n|-heal|p2b: Venusaur|20/100|[from] drain|[of] p1b: Tyranitar\n|faint|p1b: Tyranitar\n|\n|-weather|Sandstorm|[upkeep]\n|-damage|p2b: Venusaur|14/100|[from] Sandstorm\n|-damage|p1a: Ditto|95/100|[from] Sandstorm\n|-damage|p2a: Torkoal|89/100|[from] Sandstorm\n|-heal|p1a: Ditto|100/100|[from] item: Leftovers\n|upkeep\n|\n|t:|1775941730\n|switch|p1b: Hawlucha|Hawlucha, L50, M|100/100\n|turn|7\n|\n|t:|1775941747\n|switch|p2a: Farigiraf|Farigiraf, L50, F|100/100\n|detailschange|p1b: Hawlucha|Hawlucha-Mega, L50, M\n|-mega|p1b: Hawlucha|Hawlucha|Hawluchanite\n|move|p2b: Venusaur|Protect|p2b: Venusaur\n|-singleturn|p2b: Venusaur|Protect\n|move|p1b: Hawlucha|Dual Wingbeat|p2b: Venusaur\n|-activate|p2b: Venusaur|move: Protect\n|move|p1a: Ditto|Sludge Bomb|p2a: Farigiraf\n|-damage|p2a: Farigiraf|62/100\n|\n|-weather|Sandstorm|[upkeep]\n|-damage|p1b: Hawlucha|95/100|[from] Sandstorm\n|-damage|p2b: Venusaur|9/100|[from] Sandstorm\n|-damage|p1a: Ditto|95/100|[from] Sandstorm\n|-damage|p2a: Farigiraf|55/100|[from] Sandstorm\n|-heal|p1a: Ditto|100/100|[from] item: Leftovers\n|upkeep\n|turn|8\n|\n|t:|1775941782\n|move|p1b: Hawlucha|Dual Wingbeat|p2b: Venusaur\n|-supereffective|p2b: Venusaur|1\n|-damage|p2b: Venusaur|0 fnt\n|faint|p2b: Venusaur\n|-hitcount|p2: Venusaur|1\n|move|p1a: Ditto|Sludge Bomb|p2a: Farigiraf\n|-damage|p2a: Farigiraf|19/100\n|move|p2a: Farigiraf|Trick Room|p2a: Farigiraf\n|-fieldstart|move: Trick Room|[of] p2a: Farigiraf\n|\n|-weather|Sandstorm|[upkeep]\n|-damage|p2a: Farigiraf|13/100|[from] Sandstorm\n|-damage|p1a: Ditto|95/100|[from] Sandstorm\n|-damage|p1b: Hawlucha|89/100|[from] Sandstorm\n|-heal|p1a: Ditto|100/100|[from] item: Leftovers\n|upkeep\n|\n|t:|1775941793\n|switch|p2b: Torkoal|Torkoal, L50, F|89/100\n|-weather|SunnyDay|[from] ability: Drought|[of] p2b: Torkoal\n|turn|9\n|\n|t:|1775941801\n|move|p1b: Hawlucha|Protect|p1b: Hawlucha\n|-singleturn|p1b: Hawlucha|Protect\n|move|p1a: Ditto|Protect|p1a: Ditto\n|-singleturn|p1a: Ditto|Protect\n|move|p2b: Torkoal|Eruption|p1b: Hawlucha|[spread] \n|-activate|p1a: Ditto|move: Protect\n|-activate|p1b: Hawlucha|move: Protect\n|move|p2a: Farigiraf|Twin Beam|p1b: Hawlucha\n|-activate|p1b: Hawlucha|move: Protect\n|\n|-weather|SunnyDay|[upkeep]\n|upkeep\n|turn|10\n|\n|t:|1775941820\n|move|p2b: Torkoal|Eruption|p1a: Ditto|[spread] p1a,p1b\n|-supereffective|p1a: Ditto|1\n|-damage|p1a: Ditto|0 fnt\n|-damage|p1b: Hawlucha|0 fnt\n|faint|p1a: Ditto\n|faint|p1b: Hawlucha\n|\n|win|afr_VGC\n|raw|DragonairJordan23's rating: 1126 &rarr; <strong>1100</strong><br />(-26 for losing)\n|raw|afr_VGC's rating: 1111 &rarr; <strong>1137</strong><br />(+26 for winning)\n",
  "uploadtime": 1775941821,
  "views": 15,
  "formatid": "gen9championsvgc2026regma",
  "rating": 1100,
  "private": 0,
  "password": null
}