{
  "id": "gen9championsvgc2026regma-2580452044",
  "format": "[Gen 9 Champions] VGC 2026 Reg M-A",
  "players": [
    "Daffarkfth",
    "areestoo"
  ],
  "log": "|j|\u2606Daffarkfth\n|j|\u2606areestoo\n|t:|1775898666\n|gametype|doubles\n|player|p1|Daffarkfth|doubleteam|1047\n|player|p2|areestoo|265|1042\n|gen|9\n|tier|[Gen 9 Champions] VGC 2026 Reg M-A\n|rated|\n|rule|Species Clause: Limit one of each Pok\u00e9mon\n|rule|Item Clause: Limit 1 of each item\n|clearpoke\n|poke|p1|Froslass, L50, F|\n|poke|p1|Garchomp, L50, F|\n|poke|p1|Rotom-Frost, L50|\n|poke|p1|Empoleon, L50, M|\n|poke|p1|Incineroar, L50, M|\n|poke|p1|Kingambit, L50, M|\n|poke|p2|Delphox, L50, F|\n|poke|p2|Garchomp, L50, M|\n|poke|p2|Whimsicott, L50, F|\n|poke|p2|Rotom-Wash, L50|\n|poke|p2|Sneasler, L50, M|\n|poke|p2|Incineroar, L50, F|\n|teampreview|4\n|inactive|Battle timer is ON: inactive players will automatically lose when time's up. (requested by areestoo)\n|inactive|areestoo has 60 seconds left.\n|\n|t:|1775898705\n|teamsize|p1|4\n|teamsize|p2|4\n|start\n|switch|p1a: Incineroar|Incineroar, L50, M|100/100\n|switch|p1b: Empoleon|Empoleon, L50, M|100/100\n|switch|p2a: Delphox|Delphox, L50, F|100/100\n|switch|p2b: Garchomp|Garchomp, L50, M|100/100\n|-ability|p1a: Incineroar|Intimidate|boost\n|-unboost|p2a: Delphox|atk|1\n|-unboost|p2b: Garchomp|atk|1\n|turn|1\n|\n|t:|1775898732\n|move|p2a: Delphox|Protect|p2a: Delphox\n|-singleturn|p2a: Delphox|Protect\n|move|p1a: Incineroar|Fake Out|p2b: Garchomp\n|-damage|p2b: Garchomp|87/100\n|-damage|p1a: Incineroar|88/100|[from] ability: Rough Skin|[of] p2b: Garchomp\n|cant|p2b: Garchomp|flinch\n|move|p1b: Empoleon|Water Pulse|p2a: Delphox\n|-activate|p2a: Delphox|move: Protect\n|\n|upkeep\n|turn|2\n|\n|t:|1775898750\n|detailschange|p2a: Delphox|Delphox-Mega, L50, F\n|-mega|p2a: Delphox|Delphox|Delphoxite\n|move|p2b: Garchomp|Earthquake|p1b: Empoleon|[spread] p1a,p1b\n|-immune|p2a: Delphox|[from] ability: Levitate\n|-supereffective|p1a: Incineroar|1\n|-supereffective|p1b: Empoleon|1\n|-damage|p1a: Incineroar|40/100\n|-damage|p1b: Empoleon|43/100\n|-enditem|p1a: Incineroar|Sitrus Berry|[eat]\n|-heal|p1a: Incineroar|64/100|[from] item: Sitrus Berry\n|move|p2a: Delphox|Heat Wave|p1b: Empoleon|[spread] p1a,p1b\n|-resisted|p1a: Incineroar|1\n|-damage|p1a: Incineroar|45/100\n|-damage|p1b: Empoleon|4/100\n|move|p1b: Empoleon|Water Pulse|p2a: Delphox\n|-supereffective|p2a: Delphox|1\n|-damage|p2a: Delphox|45/100\n|move|p1a: Incineroar|Parting Shot|p2b: Garchomp\n|-unboost|p2b: Garchomp|atk|1\n|-unboost|p2b: Garchomp|spa|1\n|\n|t:|1775898769\n|switch|p1a: Froslass|Froslass, L50, F|100/100|[from] Parting Shot\n|\n|-heal|p1b: Empoleon|9/100|[from] item: Leftovers\n|upkeep\n|turn|3\n|inactive|Daffarkfth has 30 seconds left.\n|\n|t:|1775898800\n|switch|p2b: Incineroar|Incineroar, L50, F|100/100\n|-ability|p2b: Incineroar|Intimidate|boost\n|-unboost|p1a: Froslass|atk|1\n|-unboost|p1b: Empoleon|atk|1\n|-ability|p1b: Empoleon|Competitive|boost\n|-boost|p1b: Empoleon|spa|2\n|move|p2a: Delphox|Heat Wave|p1a: Froslass|[spread] p1a\n|-miss|p2a: Delphox|p1b: Empoleon\n|-supereffective|p1a: Froslass|1\n|-damage|p1a: Froslass|0 fnt\n|faint|p1a: Froslass\n|move|p1b: Empoleon|Water Pulse|p2b: Incineroar\n|-supereffective|p2b: Incineroar|1\n|-damage|p2b: Incineroar|0 fnt\n|faint|p2b: Incineroar\n|\n|-heal|p1b: Empoleon|15/100|[from] item: Leftovers\n|upkeep\n|\n|t:|1775898815\n|switch|p1a: Incineroar|Incineroar, L50, M|45/100\n|switch|p2b: Garchomp|Garchomp, L50, M|87/100\n|-ability|p1a: Incineroar|Intimidate|boost\n|-unboost|p2a: Delphox|atk|1\n|-unboost|p2b: Garchomp|atk|1\n|turn|4\n|\n|t:|1775898834\n|move|p1a: Incineroar|Fake Out|p2a: Delphox\n|-damage|p2a: Delphox|24/100\n|move|p2b: Garchomp|Earthquake|p1a: Incineroar|[spread] p1a,p1b\n|-immune|p2a: Delphox|[from] ability: Levitate\n|-supereffective|p1a: Incineroar|1\n|-supereffective|p1b: Empoleon|1\n|-damage|p1a: Incineroar|0 fnt\n|-damage|p1b: Empoleon|0 fnt\n|faint|p1a: Incineroar\n|faint|p1b: Empoleon\n|cant|p2a: Delphox|flinch\n|\n|upkeep\n|\n|t:|1775898842\n|switch|p1b: Rotom|Rotom-Frost, L50|100/100\n|turn|5\n|\n|t:|1775898851\n|switch|p2b: Sneasler|Sneasler, L50, M|100/100\n|move|p1b: Rotom|Blizzard|p2b: Sneasler|[spread] p2a,p2b\n|-resisted|p2a: Delphox|1\n|-damage|p2a: Delphox|8/100\n|-damage|p2b: Sneasler|50/100\n|move|p2a: Delphox|Heat Wave|p1b: Rotom\n|-supereffective|p1b: Rotom|1\n|-damage|p1b: Rotom|0 fnt\n|faint|p1b: Rotom\n|\n|win|areestoo\n|raw|Daffarkfth's rating: 1047 &rarr; <strong>1030</strong><br />(-17 for losing)\n|raw|areestoo's rating: 1042 &rarr; <strong>1076</strong><br />(+34 for winning)\n",
  "uploadtime": 1775898851,
  "views": 17,
  "formatid": "gen9championsvgc2026regma",
  "rating": 1030,
  "private": 0,
  "password": null
}