{
  "id": "gen9championsvgc2026regma-2586244622",
  "format": "[Gen 9 Champions] VGC 2026 Reg M-A",
  "players": [
    "Qwelele",
    "henitusec"
  ],
  "log": "|j|\u2606Qwelele\n|j|\u2606henitusec\n|t:|1776416704\n|gametype|doubles\n|player|p1|Qwelele|266|1164\n|player|p2|henitusec|volo|1264\n|gen|9\n|tier|[Gen 9 Champions] VGC 2026 Reg M-A\n|rated|\n|rule|Species Clause: Limit one of each Pok\u00e9mon\n|rule|Item Clause: Limit 1 of each item\n|clearpoke\n|poke|p1|Meganium, L50, F|\n|poke|p1|Arcanine-Hisui, L50, M|\n|poke|p1|Corviknight, L50, M|\n|poke|p1|Incineroar, L50, M|\n|poke|p1|Hawlucha, L50, F|\n|poke|p1|Politoed, L50, F|\n|poke|p2|Gardevoir, L50, F|\n|poke|p2|Aegislash, L50, F|\n|poke|p2|Incineroar, L50, M|\n|poke|p2|Vivillon-Polar, L50, F|\n|poke|p2|Whimsicott, L50, F|\n|poke|p2|Tauros-Paldea-Aqua, L50, M|\n|teampreview|4\n|inactive|Battle timer is ON: inactive players will automatically lose when time's up. (requested by henitusec)\n|inactive|Qwelele has 60 seconds left.\n|\n|t:|1776416738\n|teamsize|p1|4\n|teamsize|p2|4\n|start\n|switch|p1a: Hawlucha|Hawlucha, L50, F|100/100\n|switch|p1b: Incineroar|Incineroar, L50, M|100/100\n|switch|p2a: Whimsicott|Whimsicott, L50, F|100/100\n|switch|p2b: Gardevoir|Gardevoir, L50, F, shiny|100/100\n|-ability|p1a: Hawlucha|Mold Breaker\n|-ability|p2b: Gardevoir|Mold Breaker|Trace|[from] ability: Trace|[of] p1a: Hawlucha\n|-ability|p2b: Gardevoir|Mold Breaker\n|-ability|p1b: Incineroar|Intimidate|boost\n|-unboost|p2a: Whimsicott|atk|1\n|-unboost|p2b: Gardevoir|atk|1\n|turn|1\n|l|\u2606henitusec\n|inactive|henitusec disconnected and has a minute to reconnect!\n|player|p2|\n|j|\u2606henitusec\n|inactive|henitusec reconnected and has 35 seconds left.\n|player|p2|henitusec|volo|\n|inactive|henitusec has 30 seconds left.\n|inactive|henitusec has 20 seconds left.\n|\n|t:|1776416775\n|detailschange|p2b: Gardevoir|Gardevoir-Mega, L50, F, shiny\n|-mega|p2b: Gardevoir|Gardevoir|Gardevoirite\n|move|p1b: Incineroar|Fake Out|p2b: Gardevoir\n|-damage|p2b: Gardevoir|86/100\n|move|p2a: Whimsicott|Tailwind|p2a: Whimsicott\n|-sidestart|p2: henitusec|move: Tailwind\n|cant|p2b: Gardevoir|flinch\n|move|p1a: Hawlucha|Dual Wingbeat|p2a: Whimsicott\n|-supereffective|p2a: Whimsicott|1\n|-damage|p2a: Whimsicott|61/100\n|-supereffective|p2a: Whimsicott|1\n|-damage|p2a: Whimsicott|24/100\n|-hitcount|p2a: Whimsicott|2\n|\n|upkeep\n|turn|2\n|inactive|Qwelele has 30 seconds left.\n|inactive|henitusec has 30 seconds left.\n|inactive|Qwelele has 20 seconds left.\n|inactive|Qwelele has 15 seconds left.\n|\n|t:|1776416816\n|switch|p1a: Meganium|Meganium, L50, F|100/100\n|move|p2a: Whimsicott|Light Screen|p2a: Whimsicott\n|-sidestart|p2: henitusec|move: Light Screen\n|move|p2b: Gardevoir|Hyper Voice|p1a: Meganium|[spread] p1a,p1b\n|-damage|p1a: Meganium|57/100\n|-damage|p1b: Incineroar|58/100\n|move|p1b: Incineroar|Parting Shot|p2b: Gardevoir\n|-unboost|p2b: Gardevoir|atk|1\n|-unboost|p2b: Gardevoir|spa|1\n|\n|t:|1776416821\n|switch|p1b: Arcanine|Arcanine-Hisui, L50, M|100/100|[from] Parting Shot\n|\n|upkeep\n|turn|3\n|inactive|henitusec has 30 seconds left.\n|\n|t:|1776416847\n|switch|p2b: Tauros|Tauros-Paldea-Aqua, L50, M|100/100\n|-ability|p2b: Tauros|Intimidate|boost\n|-unboost|p1a: Meganium|atk|1\n|-unboost|p1b: Arcanine|atk|1\n|detailschange|p1a: Meganium|Meganium-Mega, L50, F\n|-mega|p1a: Meganium|Meganium|Meganiumite\n|move|p2a: Whimsicott|Cotton Spore|p1b: Arcanine|[spread] p1b\n|-immune|p1a: Meganium\n|-unboost|p1b: Arcanine|spe|2\n|move|p1a: Meganium|Dazzling Gleam|p2b: Tauros|[spread] p2a,p2b\n|-supereffective|p2b: Tauros|1\n|-damage|p2a: Whimsicott|0 fnt\n|-damage|p2b: Tauros|47/100\n|faint|p2a: Whimsicott\n|move|p1b: Arcanine|Flare Blitz|p2b: Tauros\n|-resisted|p2b: Tauros|1\n|-damage|p2b: Tauros|29/100\n|\n|upkeep\n|\n|t:|1776416861\n|switch|p2a: Gardevoir|Gardevoir-Mega, L50, F, shiny|86/100\n|turn|4\n|\n|t:|1776416870\n|switch|p1b: Hawlucha|Hawlucha, L50, F|100/100\n|-ability|p1b: Hawlucha|Mold Breaker\n|move|p2a: Gardevoir|Hyper Voice|p1a: Meganium|[spread] p1a,p1b\n|-supereffective|p1b: Hawlucha|1\n|-damage|p1a: Meganium|18/100\n|-damage|p1b: Hawlucha|0 fnt\n|faint|p1b: Hawlucha\n|move|p2b: Tauros|Wave Crash|p1a: Meganium\n|-resisted|p1a: Meganium|1\n|-damage|p1a: Meganium|0 fnt\n|faint|p1a: Meganium\n|-damage|p2b: Tauros|23/100|[from] Recoil\n|\n|-sideend|p2: henitusec|move: Tailwind\n|upkeep\n|\n|t:|1776416873\n|switch|p1b: Arcanine|Arcanine-Hisui, L50, M|100/100\n|switch|p1a: Incineroar|Incineroar, L50, M|58/100\n|-ability|p1a: Incineroar|Intimidate|boost\n|-unboost|p2a: Gardevoir|atk|1\n|-unboost|p2b: Tauros|atk|1\n|turn|5\n|-message|Qwelele forfeited.\n|\n|win|henitusec\n|raw|Qwelele's rating: 1164 &rarr; <strong>1146</strong><br />(-18 for losing)\n|raw|henitusec's rating: 1264 &rarr; <strong>1282</strong><br />(+18 for winning)\n|l|\u2606Qwelele\n|player|p1|\n",
  "uploadtime": 1776416881,
  "views": 18,
  "formatid": "gen9championsvgc2026regma",
  "rating": 1146,
  "private": 0,
  "password": null
}