{
  "id": "gen9championsvgc2026regma-2589405049",
  "format": "[Gen 9 Champions] VGC 2026 Reg M-A",
  "players": [
    "Arcatron",
    "artemii"
  ],
  "log": "|j|\u2606Arcatron\n|j|\u2606artemii\n|t:|1776720247\n|gametype|doubles\n|player|p1|Arcatron|chili|1085\n|player|p2|artemii|grusha|1073\n|gen|9\n|tier|[Gen 9 Champions] VGC 2026 Reg M-A\n|rated|\n|rule|Species Clause: Limit one of each Pok\u00e9mon\n|rule|Item Clause: Limit 1 of each item\n|clearpoke\n|poke|p1|Meowstic, L50, M|\n|poke|p1|Maushold, L50|\n|poke|p1|Sneasler, L50, M|\n|poke|p1|Banette, L50, M|\n|poke|p1|Weavile, L50, M|\n|poke|p1|Torkoal, L50, F|\n|poke|p2|Hatterene, L50, F, shiny|\n|poke|p2|Crabominable, L50, M, shiny|\n|poke|p2|Incineroar, L50, M|\n|poke|p2|Spiritomb, L50, F, shiny|\n|poke|p2|Camerupt, L50, F|\n|poke|p2|Torkoal, L50, F|\n|teampreview|4\n|inactive|Battle timer is ON: inactive players will automatically lose when time's up. (requested by Arcatron)\nArcatron rejected open team sheets.\n|\n|t:|1776720285\n|teamsize|p1|4\n|teamsize|p2|4\n|start\n|switch|p1a: Banette|Banette, L50, M|100/100\n|switch|p1b: Torkoal|Torkoal, L50, F|100/100\n|switch|p2a: Hatterene|Hatterene, L50, F, shiny|100/100\n|switch|p2b: Camerupt|Camerupt, L50, F|100/100\n|-item|p2a: Hatterene|Mental Herb|[from] ability: Frisk|[of] p1a: Banette\n|-item|p2b: Camerupt|Cameruptite|[from] ability: Frisk|[of] p1a: Banette\n|-weather|SunnyDay|[from] ability: Drought|[of] p1b: Torkoal\n|turn|1\n|inactive|Arcatron has 30 seconds left.\n|\n|t:|1776720312\n|detailschange|p1a: Banette|Banette-Mega, L50, M\n|-mega|p1a: Banette|Banette|Banettite\n|move|p2b: Camerupt|Protect|p2b: Camerupt\n|-singleturn|p2b: Camerupt|Protect\n|move|p1b: Torkoal|Protect|p1b: Torkoal\n|-singleturn|p1b: Torkoal|Protect\n|move|p1a: Banette|Trick Room|p1a: Banette\n|-fieldstart|move: Trick Room|[of] p1a: Banette\n|move|p2a: Hatterene|Trick Room|p2a: Hatterene\n|-fieldend|move: Trick Room\n|\n|-weather|SunnyDay|[upkeep]\n|upkeep\n|turn|2\n|inactive|artemii has 30 seconds left.\n|c|\u2606artemii|...\n|inactive|artemii has 20 seconds left.\n|c|\u2606artemii|wait\n|inactive|artemii has 15 seconds left.\n|inactive|artemii has 10 seconds left.\n|\n|t:|1776720357\n|detailschange|p2b: Camerupt|Camerupt-Mega, L50, F\n|-mega|p2b: Camerupt|Camerupt|Cameruptite\n|move|p1a: Banette|Shadow Claw|p2a: Hatterene\n|-supereffective|p2a: Hatterene|1\n|-damage|p2a: Hatterene|0 fnt\n|faint|p2a: Hatterene\n|move|p2b: Camerupt|Earth Power|p1b: Torkoal\n|-supereffective|p1b: Torkoal|1\n|-damage|p1b: Torkoal|0 fnt\n|faint|p1b: Torkoal\n|\n|-weather|SunnyDay|[upkeep]\n|upkeep\n|c|\u2606Arcatron|double trick room\n|\n|t:|1776720372\n|switch|p2a: Spiritomb|Spiritomb, L50, F, shiny|100/100\n|switch|p1b: Maushold|Maushold, L50|100/100\n|turn|3\n|\n|t:|1776720387\n|move|p2b: Camerupt|Protect|p2b: Camerupt\n|-singleturn|p2b: Camerupt|Protect\n|move|p1b: Maushold|Follow Me|p1b: Maushold\n|-singleturn|p1b: Maushold|move: Follow Me\n|move|p1a: Banette|Trick Room|p1a: Banette\n|-fieldstart|move: Trick Room|[of] p1a: Banette\n|move|p2a: Spiritomb|Trick Room|p2a: Spiritomb\n|-fieldend|move: Trick Room\n|\n|-weather|SunnyDay|[upkeep]\n|upkeep\n|turn|4\n|c|\u2606Arcatron|bruh\n|c|\u2606artemii|twt\n|\n|t:|1776720405\n|move|p1b: Maushold|Follow Me|p1b: Maushold\n|-singleturn|p1b: Maushold|move: Follow Me\n|move|p1a: Banette|Shadow Claw|p2a: Spiritomb\n|-damage|p2a: Spiritomb|56/100\n|move|p2b: Camerupt|Eruption|p1a: Banette|[spread] p1a,p1b\n|-damage|p1a: Banette|27/100\n|-damage|p1b: Maushold|0 fnt\n|faint|p1b: Maushold\n|move|p2a: Spiritomb|Trick Room|p2a: Spiritomb\n|-fieldstart|move: Trick Room|[of] p2a: Spiritomb\n|\n|-weather|SunnyDay|[upkeep]\n|-heal|p2a: Spiritomb|62/100|[from] item: Leftovers\n|upkeep\n|\n|t:|1776720415\n|switch|p1b: Weavile|Weavile, L50, M|100/100\n|-ability|p1b: Weavile|Pressure\n|turn|5\n|\n|t:|1776720431\n|move|p1a: Banette|Destiny Bond|p1a: Banette\n|-singlemove|p1a: Banette|Destiny Bond\n|move|p2b: Camerupt|Eruption|p1a: Banette|[spread] p1a,p1b\n|-supereffective|p1b: Weavile|1\n|-damage|p1a: Banette|0 fnt\n|-damage|p1b: Weavile|0 fnt\n|faint|p1a: Banette\n|-activate|p1a: Banette|move: Destiny Bond\n|faint|p1b: Weavile\n|faint|p2b: Camerupt\n|\n|win|artemii\n|raw|Arcatron's rating: 1085 &rarr; <strong>1061</strong><br />(-24 for losing)\n|raw|artemii's rating: 1073 &rarr; <strong>1103</strong><br />(+30 for winning)\n",
  "uploadtime": 1776720436,
  "views": 4,
  "formatid": "gen9championsvgc2026regma",
  "rating": 1061,
  "private": 0,
  "password": null
}