{
  "id": "gen9championsvgc2026regma-2584790597",
  "format": "[Gen 9 Champions] VGC 2026 Reg M-A",
  "players": [
    "benjiapollo",
    "TacoDad"
  ],
  "log": "|j|\u2606benjiapollo\n|j|\u2606TacoDad\n|t:|1776283874\n|gametype|doubles\n|player|p1|benjiapollo|giovanni|1149\n|player|p2|TacoDad|170|1113\n|gen|9\n|tier|[Gen 9 Champions] VGC 2026 Reg M-A\n|rated|\n|rule|Species Clause: Limit one of each Pok\u00e9mon\n|rule|Item Clause: Limit 1 of each item\n|clearpoke\n|poke|p1|Basculegion, L50, M|\n|poke|p1|Charizard, L50, F|\n|poke|p1|Kingambit, L50, F|\n|poke|p1|Sneasler, L50, M|\n|poke|p1|Venusaur, L50, F|\n|poke|p1|Talonflame, L50, M|\n|poke|p2|Chandelure, L50, M|\n|poke|p2|Kingambit, L50, M|\n|poke|p2|Conkeldurr, L50, F|\n|poke|p2|Clefable, L50, F|\n|poke|p2|Basculegion, L50, M|\n|poke|p2|Aerodactyl, L50, M|\n|teampreview|4\n|inactive|Battle timer is ON: inactive players will automatically lose when time's up. (requested by benjiapollo)\n|\n|t:|1776283905\n|teamsize|p1|4\n|teamsize|p2|4\n|start\n|switch|p1a: Sneasler|Sneasler, L50, M|100/100\n|switch|p1b: Basculegion|Basculegion, L50, M|100/100\n|switch|p2a: Aerodactyl|Aerodactyl, L50, M|100/100\n|switch|p2b: Chandelure|Chandelure, L50, M|100/100\n|-ability|p2a: Aerodactyl|Unnerve\n|turn|1\n|l|\u2606benjiapollo\n|inactive|benjiapollo disconnected and has a minute to reconnect!\n|player|p1|\n|inactive|benjiapollo has 30 seconds left.\n|inactive|TacoDad has 30 seconds left.\n|j|\u2606benjiapollo\n|inactive|benjiapollo reconnected and has 30 seconds left.\n|player|p1|benjiapollo|giovanni|\n|inactive|benjiapollo has 20 seconds left.\n|\n|t:|1776283944\n|switch|p2a: Clefable|Clefable, L50, F|100/100\n|move|p1a: Sneasler|Fake Out|p2a: Clefable\n|-damage|p2a: Clefable|87/100\n|move|p1b: Basculegion|Last Respects|p2b: Chandelure\n|-supereffective|p2b: Chandelure|1\n|-crit|p2b: Chandelure\n|-enditem|p2b: Chandelure|Focus Sash\n|-damage|p2b: Chandelure|1/100\n|move|p2b: Chandelure|Trick Room|p2b: Chandelure\n|-fieldstart|move: Trick Room|[of] p2b: Chandelure\n|\n|upkeep\n|turn|2\n|\n|t:|1776283965\n|switch|p1b: Kingambit|Kingambit, L50, F|100/100\n|move|p2a: Clefable|Follow Me|p2a: Clefable\n|-singleturn|p2a: Clefable|move: Follow Me\n|move|p2b: Chandelure|Shadow Ball|p1b: Kingambit\n|-resisted|p1b: Kingambit|1\n|-damage|p1b: Kingambit|77/100\n|move|p1a: Sneasler|Dire Claw|p2a: Clefable\n|-supereffective|p2a: Clefable|1\n|-damage|p2a: Clefable|12/100\n|-status|p2a: Clefable|psn\n|-enditem|p2a: Clefable|Sitrus Berry|[eat]\n|-heal|p2a: Clefable|37/100 psn|[from] item: Sitrus Berry\n|\n|-damage|p2a: Clefable|24/100 psn|[from] psn\n|upkeep\n|turn|3\n|\n|t:|1776283986\n|move|p2a: Clefable|Follow Me|p2a: Clefable\n|-singleturn|p2a: Clefable|move: Follow Me\n|move|p1b: Kingambit|Iron Head|p2a: Clefable\n|-supereffective|p2a: Clefable|1\n|-damage|p2a: Clefable|0 fnt\n|faint|p2a: Clefable\n|move|p2b: Chandelure|Heat Wave|p1b: Kingambit|[spread] p1a,p1b\n|-supereffective|p1b: Kingambit|1\n|-damage|p1a: Sneasler|44/100\n|-damage|p1b: Kingambit|0 fnt\n|faint|p1b: Kingambit\n|move|p1a: Sneasler|Dire Claw|p2b: Chandelure\n|-resisted|p2b: Chandelure|1\n|-damage|p2b: Chandelure|0 fnt\n|faint|p2b: Chandelure\n|\n|upkeep\n|\n|t:|1776284001\n|switch|p1b: Basculegion|Basculegion, L50, M|100/100\n|switch|p2a: Aerodactyl|Aerodactyl, L50, M|100/100\n|switch|p2b: Kingambit|Kingambit, L50, M|100/100\n|-ability|p2a: Aerodactyl|Unnerve\n|turn|4\n|inactive|TacoDad has 30 seconds left.\n|inactive|TacoDad has 20 seconds left.\n|\n|t:|1776284037\n|move|p1a: Sneasler|Protect|p1a: Sneasler\n|-singleturn|p1a: Sneasler|Protect\n|move|p2a: Aerodactyl|Protect|p2a: Aerodactyl\n|-singleturn|p2a: Aerodactyl|Protect\n|move|p1b: Basculegion|Aqua Jet|p2a: Aerodactyl\n|-activate|p2a: Aerodactyl|move: Protect\n|move|p2b: Kingambit|Kowtow Cleave|p1a: Sneasler\n|-activate|p1a: Sneasler|move: Protect\n|\n|upkeep\n|turn|5\n|\n|t:|1776284059\n|switch|p1a: Charizard|Charizard, L50, F|100/100\n|move|p2b: Kingambit|Protect|p2b: Kingambit\n|-singleturn|p2b: Kingambit|Protect\n|move|p1b: Basculegion|Aqua Jet|p2a: Aerodactyl\n|-supereffective|p2a: Aerodactyl|1\n|-damage|p2a: Aerodactyl|16/100\n|move|p2a: Aerodactyl|Dual Wingbeat|p1a: Charizard\n|-crit|p1a: Charizard\n|-damage|p1a: Charizard|65/100\n|-damage|p1a: Charizard|42/100\n|-hitcount|p1a: Charizard|2\n|\n|-fieldend|move: Trick Room\n|upkeep\n|turn|6\n|\n|t:|1776284079\n|detailschange|p1a: Charizard|Charizard-Mega-X, L50, F\n|-mega|p1a: Charizard|Charizard|Charizardite X\n|move|p2a: Aerodactyl|Protect|p2a: Aerodactyl\n|-singleturn|p2a: Aerodactyl|Protect\n|move|p1b: Basculegion|Aqua Jet|p2a: Aerodactyl\n|-activate|p2a: Aerodactyl|move: Protect\n|move|p1a: Charizard|Flare Blitz|p2b: Kingambit\n|-supereffective|p2b: Kingambit|1\n|-damage|p2b: Kingambit|0 fnt\n|faint|p2b: Kingambit\n|-damage|p1a: Charizard|0 fnt|[from] Recoil\n|faint|p1a: Charizard\n|\n|upkeep\n|\n|t:|1776284091\n|switch|p1a: Sneasler|Sneasler, L50, M|44/100\n|turn|7\n|\n|t:|1776284096\n|move|p2a: Aerodactyl|Protect||[still]\n|-fail|p2a: Aerodactyl\n|move|p1a: Sneasler|Fake Out|p2a: Aerodactyl\n|-resisted|p2a: Aerodactyl|1\n|-damage|p2a: Aerodactyl|6/100\n|move|p1b: Basculegion|Aqua Jet|p2a: Aerodactyl\n|-supereffective|p2a: Aerodactyl|1\n|-damage|p2a: Aerodactyl|0 fnt\n|faint|p2a: Aerodactyl\n|\n|win|benjiapollo\n|raw|benjiapollo's rating: 1149 &rarr; <strong>1171</strong><br />(+22 for winning)\n|raw|TacoDad's rating: 1113 &rarr; <strong>1091</strong><br />(-22 for losing)\n|l|\u2606TacoDad\n|player|p2|\n",
  "uploadtime": 1776284105,
  "views": 24,
  "formatid": "gen9championsvgc2026regma",
  "rating": 1091,
  "private": 0,
  "password": null
}