{
  "id": "gen9championsvgc2026regma-2588145370",
  "format": "[Gen 9 Champions] VGC 2026 Reg M-A",
  "players": [
    "Juya",
    "Vgcproto"
  ],
  "log": "|j|\u2606Juya\n|j|\u2606Vgcproto\n|t:|1776608888\n|gametype|doubles\n|player|p1|Juya|170|1366\n|player|p2|Vgcproto|170|1425\n|gen|9\n|tier|[Gen 9 Champions] VGC 2026 Reg M-A\n|rated|\n|rule|Species Clause: Limit one of each Pok\u00e9mon\n|rule|Item Clause: Limit 1 of each item\n|clearpoke\n|poke|p1|Tyranitar, L50, M|\n|poke|p1|Excadrill, L50, F|\n|poke|p1|Incineroar, L50, F|\n|poke|p1|Corviknight, L50, M|\n|poke|p1|Sinistcha, L50|\n|poke|p1|Milotic, L50, F|\n|poke|p2|Tyranitar, L50, F|\n|poke|p2|Excadrill, L50, M|\n|poke|p2|Whimsicott, L50, F|\n|poke|p2|Blastoise, L50, F|\n|poke|p2|Sneasler, L50, F|\n|poke|p2|Gallade, L50, M|\n|teampreview|4\n|inactive|Battle timer is ON: inactive players will automatically lose when time's up. (requested by Juya)\n|\n|t:|1776608912\n|teamsize|p1|4\n|teamsize|p2|4\n|start\n|switch|p1a: Corviknight|Corviknight, L50, M|100/100\n|switch|p1b: Incineroar|Incineroar, L50, F|100/100\n|switch|p2a: Whimsicott|Whimsicott, L50, F|100/100\n|switch|p2b: Gallade|Gallade, L50, M|100/100\n|-ability|p1b: Incineroar|Intimidate|boost\n|-unboost|p2a: Whimsicott|atk|1\n|-unboost|p2b: Gallade|atk|1\n|turn|1\n|\n|t:|1776608931\n|switch|p2b: Blastoise|Blastoise, L50, F|100/100\n|move|p1b: Incineroar|Fake Out|p2a: Whimsicott\n|-damage|p2a: Whimsicott|82/100\n|cant|p2a: Whimsicott|flinch\n|move|p1a: Corviknight|Brave Bird|p2b: Blastoise\n|-damage|p2b: Blastoise|59/100\n|-damage|p1a: Corviknight|87/100|[from] Recoil\n|\n|upkeep\n|turn|2\n|\n|t:|1776608950\n|switch|p1b: Sinistcha|Sinistcha, L50|100/100\n|-heal|p1a: Corviknight|100/100|[from] ability: Hospitality|[of] p1b: Sinistcha\n|move|p2a: Whimsicott|Taunt|p1a: Corviknight\n|-start|p1a: Corviknight|move: Taunt\n|move|p2b: Blastoise|Shell Smash|p2b: Blastoise\n|-unboost|p2b: Blastoise|def|1\n|-unboost|p2b: Blastoise|spd|1\n|-boost|p2b: Blastoise|atk|2\n|-boost|p2b: Blastoise|spa|2\n|-boost|p2b: Blastoise|spe|2\n|move|p1a: Corviknight|Brave Bird|p2a: Whimsicott\n|-supereffective|p2a: Whimsicott|1\n|-crit|p2a: Whimsicott\n|-damage|p2a: Whimsicott|0 fnt\n|faint|p2a: Whimsicott\n|-damage|p1a: Corviknight|81/100|[from] Recoil\n|\n|upkeep\n|\n|t:|1776608961\n|switch|p2a: Gallade|Gallade, L50, M|100/100\n|turn|3\n|inactive|Vgcproto has 30 seconds left.\n|\n|t:|1776608988\n|switch|p1a: Incineroar|Incineroar, L50, F|100/100\n|-ability|p1a: Incineroar|Intimidate|boost\n|-unboost|p2a: Gallade|atk|1\n|-unboost|p2b: Blastoise|atk|1\n|detailschange|p2b: Blastoise|Blastoise-Mega, L50, F\n|-mega|p2b: Blastoise|Blastoise|Blastoisinite\n|move|p2a: Gallade|Psycho Cut|p1a: Incineroar\n|-immune|p1a: Incineroar\n|move|p2b: Blastoise|Water Spout|p1b: Sinistcha|[spread] p1a,p1b\n|-supereffective|p1a: Incineroar|1\n|-resisted|p1b: Sinistcha|1\n|-damage|p1a: Incineroar|0 fnt\n|-damage|p1b: Sinistcha|60/100\n|faint|p1a: Incineroar\n|move|p1b: Sinistcha|Trick Room|p1b: Sinistcha\n|-fieldstart|move: Trick Room|[of] p1b: Sinistcha\n|\n|upkeep\n|\n|t:|1776609004\n|switch|p1a: Corviknight|Corviknight, L50, M|81/100\n|turn|4\n|\n|t:|1776609008\n|move|p2b: Blastoise|Protect|p2b: Blastoise\n|-singleturn|p2b: Blastoise|Protect\n|move|p1a: Corviknight|Brave Bird|p2a: Gallade\n|-supereffective|p2a: Gallade|1\n|-damage|p2a: Gallade|0 fnt\n|faint|p2a: Gallade\n|-damage|p1a: Corviknight|56/100|[from] Recoil\n|move|p1b: Sinistcha|Matcha Gotcha|p2b: Blastoise\n|-activate|p2b: Blastoise|move: Protect\n|\n|upkeep\n|\n|t:|1776609010\n|switch|p2a: Sneasler|Sneasler, L50, F|100/100\n|turn|5\n|\n|t:|1776609033\n|move|p2a: Sneasler|Fake Out|p1a: Corviknight\n|-resisted|p1a: Corviknight|1\n|-damage|p1a: Corviknight|51/100\n|cant|p1a: Corviknight|flinch\n|move|p1b: Sinistcha|Matcha Gotcha|p2a: Sneasler|[spread] p2a,p2b\n|-resisted|p2a: Sneasler|1\n|-supereffective|p2b: Blastoise|1\n|-damage|p2a: Sneasler|84/100\n|-heal|p1b: Sinistcha|67/100|[from] drain|[of] p2a: Sneasler\n|-damage|p2b: Blastoise|0 fnt\n|-heal|p1b: Sinistcha|98/100|[from] drain|[of] p2b: Blastoise\n|faint|p2b: Blastoise\n|\n|upkeep\n|turn|6\n|-message|Vgcproto forfeited.\n|\n|win|Juya\n|raw|Juya's rating: 1366 &rarr; <strong>1389</strong><br />(+23 for winning)\n|raw|Vgcproto's rating: 1425 &rarr; <strong>1402</strong><br />(-23 for losing)\n|l|\u2606Vgcproto\n|player|p2|\n",
  "uploadtime": 1776609055,
  "views": 11,
  "formatid": "gen9championsvgc2026regma",
  "rating": 1389,
  "private": 0,
  "password": null
}