{
  "id": "gen9championsvgc2026regma-2581882466",
  "format": "[Gen 9 Champions] VGC 2026 Reg M-A",
  "players": [
    "TheTailwindEnjoyer",
    "radstads"
  ],
  "log": "|j|\u2606TheTailwindEnjoyer\n|j|\u2606radstads\n|t:|1776036421\n|gametype|doubles\n|player|p1|TheTailwindEnjoyer|player-go|1187\n|player|p2|radstads|102|1129\n|gen|9\n|tier|[Gen 9 Champions] VGC 2026 Reg M-A\n|rated|\n|rule|Species Clause: Limit one of each Pok\u00e9mon\n|rule|Item Clause: Limit 1 of each item\n|clearpoke\n|poke|p1|Gengar, L50, M|\n|poke|p1|Basculegion, L50, M|\n|poke|p1|Typhlosion-Hisui, L50, F|\n|poke|p1|Whimsicott, L50, F|\n|poke|p1|Dragonite, L50, M|\n|poke|p1|Sneasler, L50, F|\n|poke|p2|Zoroark-Hisui, L50, M|\n|poke|p2|Maushold, L50|\n|poke|p2|Palafin, L50, F|\n|poke|p2|Gengar, L50, M|\n|poke|p2|Kommo-o, L50, F|\n|poke|p2|Sneasler, L50, F|\n|teampreview|4\n|inactive|Battle timer is ON: inactive players will automatically lose when time's up. (requested by TheTailwindEnjoyer)\n|inactive|radstads has 60 seconds left.\n|\n|t:|1776036468\n|teamsize|p1|4\n|teamsize|p2|4\n|start\n|switch|p1a: Typhlosion|Typhlosion-Hisui, L50, F|100/100\n|switch|p1b: Whimsicott|Whimsicott, L50, F|100/100\n|switch|p2a: Palafin|Palafin, L50, F|100/100\n|switch|p2b: Gengar|Gengar, L50, M|100/100\n|-item|p2a: Palafin|Choice Scarf|[from] ability: Frisk|[of] p1a: Typhlosion\n|-item|p2b: Gengar|Gengarite|[from] ability: Frisk|[of] p1a: Typhlosion\n|turn|1\n|\n|t:|1776036485\n|switch|p1a: Dragonite|Dragonite, L50, M|100/100\n|detailschange|p2b: Gengar|Gengar-Mega, L50, M\n|-mega|p2b: Gengar|Gengar|Gengarite\n|move|p2b: Gengar|Protect|p2b: Gengar\n|-singleturn|p2b: Gengar|Protect\n|move|p1b: Whimsicott|Tailwind|p1b: Whimsicott\n|-sidestart|p1: TheTailwindEnjoyer|move: Tailwind\n|move|p2a: Palafin|Bitter Malice|p1a: Dragonite\n|-damage|p1a: Dragonite|59/100\n|-unboost|p1a: Dragonite|atk|1\n|\n|upkeep\n|turn|2\n|\n|t:|1776036500\n|switch|p2b: Palafin|Palafin, L50, F|100/100\n|move|p1b: Whimsicott|Encore||[still]\n|-fail|p1b: Whimsicott\n|move|p1a: Dragonite|Outrage|p2a: Palafin\n|-crit|p2a: Palafin\n|-damage|p2a: Palafin|0 fnt\n|replace|p2a: Zoroark|Zoroark-Hisui, L50, M\n|-end|p2a: Zoroark|Illusion\n|faint|p2a: Zoroark\n|\n|upkeep\n|\n|t:|1776036516\n|switch|p2a: Gengar|Gengar-Mega, L50, M|100/100\n|turn|3\n|\n|t:|1776036535\n|move|p2a: Gengar|Protect|p2a: Gengar\n|-singleturn|p2a: Gengar|Protect\n|move|p1b: Whimsicott|Moonblast|p2b: Palafin\n|-crit|p2b: Palafin\n|-damage|p2b: Palafin|28/100\n|move|p1a: Dragonite|Outrage|p2b: Palafin|[from] lockedmove\n|-damage|p2b: Palafin|0 fnt\n|faint|p2b: Palafin\n|\n|upkeep\n|\n|t:|1776036546\n|switch|p2b: Maushold|Maushold, L50|100/100\n|turn|4\n|\n|t:|1776036555\n|move|p1b: Whimsicott|Encore|p2a: Gengar\n|-start|p2a: Gengar|Encore\n|move|p2a: Gengar|Protect||[still]\n|-fail|p2a: Gengar\n|move|p1a: Dragonite|Outrage|p2b: Maushold|[from] lockedmove\n|-damage|p2b: Maushold|52/100\n|-start|p1a: Dragonite|confusion|[fatigue]\n|move|p2b: Maushold|Population Bomb|p1b: Whimsicott\n|-damage|p1b: Whimsicott|92/100\n|-damage|p1b: Whimsicott|84/100\n|-hitcount|p1b: Whimsicott|2\n|\n|-sideend|p1: TheTailwindEnjoyer|move: Tailwind\n|upkeep\n|turn|5\n|-message|radstads forfeited.\n|\n|win|TheTailwindEnjoyer\n|raw|TheTailwindEnjoyer's rating: 1187 &rarr; <strong>1208</strong><br />(+21 for winning)\n|raw|radstads's rating: 1129 &rarr; <strong>1108</strong><br />(-21 for losing)\n|l|\u2606radstads\n|player|p2|\n",
  "uploadtime": 1776036569,
  "views": 13,
  "formatid": "gen9championsvgc2026regma",
  "rating": 1108,
  "private": 0,
  "password": null
}