{
  "id": "gen9championsvgc2026regma-2587669498",
  "format": "[Gen 9 Champions] VGC 2026 Reg M-A",
  "players": [
    "pingu79abc",
    "Xernos123"
  ],
  "log": "|j|\u2606pingu79abc\n|j|\u2606Xernos123\n|t:|1776552190\n|gametype|doubles\n|player|p1|pingu79abc|hiker-gen4|1061\n|player|p2|Xernos123|169|1020\n|gen|9\n|tier|[Gen 9 Champions] VGC 2026 Reg M-A\n|rated|\n|rule|Species Clause: Limit one of each Pok\u00e9mon\n|rule|Item Clause: Limit 1 of each item\n|clearpoke\n|poke|p1|Salazzle, L50, F|\n|poke|p1|Empoleon, L50, M|\n|poke|p1|Pelipper, L50, F|\n|poke|p1|Sinistcha, L50|\n|poke|p1|Alakazam, L50, F|\n|poke|p1|Floette-Eternal, L50, F|\n|poke|p2|Incineroar, L50, F|\n|poke|p2|Whimsicott, L50, M|\n|poke|p2|Blastoise, L50, F|\n|poke|p2|Runerigus, L50, F|\n|poke|p2|Clefable, L50, F|\n|poke|p2|Pelipper, L50, M|\n|teampreview|4\n|inactive|Battle timer is ON: inactive players will automatically lose when time's up. (requested by Xernos123)\n|inactive|pingu79abc also wants the timer to be on.\n|inactive|pingu79abc has 60 seconds left.\nXernos123 rejected open team sheets.\n|\n|t:|1776552223\n|teamsize|p1|4\n|teamsize|p2|4\n|start\n|switch|p1a: Salazzle|Salazzle, L50, F|100/100\n|switch|p1b: Alakazam|Alakazam, L50, F|100/100\n|switch|p2a: Incineroar|Incineroar, L50, F|100/100\n|switch|p2b: Pelipper|Pelipper, L50, M|100/100\n|-weather|RainDance|[from] ability: Drizzle|[of] p2b: Pelipper\n|-ability|p2a: Incineroar|Intimidate|boost\n|-unboost|p1a: Salazzle|atk|1\n|-fail|p1b: Alakazam|unboost|Attack|[from] ability: Inner Focus|[of] p1b: Alakazam\n|turn|1\n|inactive|pingu79abc has 30 seconds left.\n|\n|t:|1776552248\n|detailschange|p1b: Alakazam|Alakazam-Mega, L50, F\n|-mega|p1b: Alakazam|Alakazam|Alakazite\n|-ability|p1b: Alakazam|Intimidate|Trace|[from] ability: Trace|[of] p2a: Incineroar\n|-ability|p1b: Alakazam|Intimidate|boost\n|-unboost|p2a: Incineroar|atk|1\n|-unboost|p2b: Pelipper|atk|1\n|move|p1b: Alakazam|Ally Switch|p1b: Alakazam\n|swap|p1b: Alakazam|0|[from] move: Ally Switch\n|move|p1b: Salazzle|Sludge Wave|p2a: Incineroar|[spread] p1a,p2a,p2b\n|-damage|p1a: Alakazam|63/100\n|-damage|p2a: Incineroar|77/100\n|-damage|p2b: Pelipper|48/100\n|-status|p1a: Alakazam|psn\n|move|p2b: Pelipper|U-turn|p1b: Salazzle\n|-resisted|p1b: Salazzle|2\n|-damage|p1b: Salazzle|98/100\n|\n|t:|1776552262\n|switch|p2b: Blastoise|Blastoise, L50, F|100/100|[from] U-turn\n|move|p2a: Incineroar|Parting Shot|p1a: Alakazam\n|-unboost|p1a: Alakazam|atk|1\n|-unboost|p1a: Alakazam|spa|1\n|\n|t:|1776552268\n|switch|p2a: Clefable|Clefable, L50, F|100/100|[from] Parting Shot\n|\n|-weather|RainDance|[upkeep]\n|-damage|p1a: Alakazam|51/100 psn|[from] psn\n|upkeep\n|turn|2\n|\n|t:|1776552277\n|switch|p1a: Pelipper|Pelipper, L50, F|100/100\n|detailschange|p2b: Blastoise|Blastoise-Mega, L50, F\n|-mega|p2b: Blastoise|Blastoise|Blastoisinite\n|move|p2a: Clefable|Follow Me|p2a: Clefable\n|-singleturn|p2a: Clefable|move: Follow Me\n|move|p1b: Salazzle|Sludge Wave|p2a: Clefable|[spread] p1a,p2a,p2b\n|-supereffective|p2a: Clefable|1\n|-damage|p1a: Pelipper|50/100\n|-damage|p2a: Clefable|55/100\n|-damage|p2b: Blastoise|69/100\n|move|p2b: Blastoise|Shell Smash|p2b: Blastoise\n|-unboost|p2b: Blastoise|def|1\n|-unboost|p2b: Blastoise|spd|1\n|-boost|p2b: Blastoise|atk|2\n|-boost|p2b: Blastoise|spa|2\n|-boost|p2b: Blastoise|spe|2\n|\n|-weather|RainDance|[upkeep]\n|upkeep\n|turn|3\n|inactive|pingu79abc has 30 seconds left.\n|\n|t:|1776552304\n|move|p2a: Clefable|Helping Hand|p2b: Blastoise\n|-singleturn|p2b: Blastoise|Helping Hand|[of] p2a: Clefable\n|move|p1b: Salazzle|Protect|p1b: Salazzle\n|-singleturn|p1b: Salazzle|Protect\n|move|p2b: Blastoise|Water Pulse|p1b: Salazzle\n|-activate|p1b: Salazzle|move: Protect\n|move|p1a: Pelipper|Tailwind|p1a: Pelipper\n|-sidestart|p1: pingu79abc|move: Tailwind\n|\n|-weather|RainDance|[upkeep]\n|upkeep\n|turn|4\n|\n|t:|1776552319\n|move|p2a: Clefable|Follow Me|p2a: Clefable\n|-singleturn|p2a: Clefable|move: Follow Me\n|move|p1b: Salazzle|Sludge Wave|p2a: Clefable|[spread] p1a,p2a,p2b\n|-supereffective|p2a: Clefable|1\n|-damage|p1a: Pelipper|0 fnt\n|-damage|p2a: Clefable|10/100\n|-damage|p2b: Blastoise|14/100\n|faint|p1a: Pelipper\n|move|p2b: Blastoise|Water Spout|p1b: Salazzle\n|-supereffective|p1b: Salazzle|1\n|-damage|p1b: Salazzle|0 fnt\n|faint|p1b: Salazzle\n|\n|-weather|RainDance|[upkeep]\n|upkeep\n|\n|t:|1776552332\n|switch|p1b: Sinistcha|Sinistcha, L50|100/100\n|switch|p1a: Alakazam|Alakazam-Mega, L50, F|51/100 psn\n|-ability|p1a: Alakazam|Unaware|Trace|[from] ability: Trace|[of] p2a: Clefable\n|-heal|p1a: Alakazam|76/100 psn|[from] ability: Hospitality|[of] p1b: Sinistcha\n|turn|5\n|\n|t:|1776552353\n|move|p2a: Clefable|Follow Me|p2a: Clefable\n|-singleturn|p2a: Clefable|move: Follow Me\n|move|p1a: Alakazam|Psychic|p2a: Clefable\n|-damage|p2a: Clefable|0 fnt\n|faint|p2a: Clefable\n|move|p2b: Blastoise|Dark Pulse|p1b: Sinistcha\n|-supereffective|p1b: Sinistcha|1\n|-damage|p1b: Sinistcha|0 fnt\n|faint|p1b: Sinistcha\n|\n|-weather|none\n|-damage|p1a: Alakazam|63/100 psn|[from] psn\n|upkeep\n|\n|t:|1776552364\n|switch|p2a: Incineroar|Incineroar, L50, F|77/100\n|-ability|p2a: Incineroar|Intimidate|boost\n|-unboost|p1a: Alakazam|atk|1\n|turn|6\n|\n|t:|1776552371\n|move|p2a: Incineroar|Fake Out|p1a: Alakazam\n|-damage|p1a: Alakazam|48/100 psn\n|cant|p1a: Alakazam|flinch\n|move|p2b: Blastoise|Dark Pulse|p1a: Alakazam\n|-supereffective|p1a: Alakazam|1\n|-damage|p1a: Alakazam|0 fnt\n|faint|p1a: Alakazam\n|\n|win|Xernos123\n|raw|pingu79abc's rating: 1061 &rarr; <strong>1040</strong><br />(-21 for losing)\n|raw|Xernos123's rating: 1020 &rarr; <strong>1061</strong><br />(+41 for winning)\n",
  "uploadtime": 1776552377,
  "views": 10,
  "formatid": "gen9championsvgc2026regma",
  "rating": 1040,
  "private": 0,
  "password": null
}