{
  "id": "gen9championsvgc2026regma-2585174110",
  "format": "[Gen 9 Champions] VGC 2026 Reg M-A",
  "players": [
    "bulbaryan123",
    "ferguspokemoner12"
  ],
  "log": "|j|\u2606bulbaryan123\n|j|\u2606ferguspokemoner12\n|t:|1776321016\n|gametype|doubles\n|player|p1|bulbaryan123|miku-grass|1040\n|player|p2|ferguspokemoner12|169|1045\n|gen|9\n|tier|[Gen 9 Champions] VGC 2026 Reg M-A\n|rated|\n|rule|Species Clause: Limit one of each Pok\u00e9mon\n|rule|Item Clause: Limit 1 of each item\n|clearpoke\n|poke|p1|Gengar, L50, F|\n|poke|p1|Politoed, L50, F|\n|poke|p1|Sableye, L50, M|\n|poke|p1|Kommo-o, L50, F|\n|poke|p1|Maushold-Four, L50|\n|poke|p1|Incineroar, L50, M|\n|poke|p2|Incineroar, L50, M|\n|poke|p2|Torkoal, L50, M|\n|poke|p2|Basculegion, L50, M|\n|poke|p2|Farigiraf, L50, F|\n|poke|p2|Crabominable, L50, M|\n|poke|p2|Ninetales-Alola, L50, F|\n|teampreview|4\nferguspokemoner12 has agreed to open team sheets.\n|\n|t:|1776321035\n|teamsize|p1|4\n|teamsize|p2|4\n|start\n|switch|p1a: Gengar|Gengar, L50, F, shiny|100/100\n|switch|p1b: Kommo-o|Kommo-o, L50, F|100/100\n|switch|p2a: Farigiraf|Farigiraf, L50, F|100/100\n|switch|p2b: Crabominable|Crabominable, L50, M|100/100\n|turn|1\n|inactive|Battle timer is ON: inactive players will automatically lose when time's up. (requested by bulbaryan123)\n|\n|t:|1776321053\n|detailschange|p1a: Gengar|Gengar-Mega, L50, F, shiny\n|-mega|p1a: Gengar|Gengar|Gengarite\n|move|p2b: Crabominable|Protect|p2b: Crabominable\n|-singleturn|p2b: Crabominable|Protect\n|move|p1a: Gengar|Perish Song|p1a: Gengar\n|-start|p1a: Gengar|perish3|[silent]\n|-immune|p1b: Kommo-o|[from] ability: Soundproof\n|-start|p2a: Farigiraf|perish3|[silent]\n|-start|p2b: Crabominable|perish3|[silent]\n|-fieldactivate|move: Perish Song\n|move|p1b: Kommo-o|Clangorous Soul|p1b: Kommo-o\n|-boost|p1b: Kommo-o|atk|1\n|-boost|p1b: Kommo-o|def|1\n|-boost|p1b: Kommo-o|spa|1\n|-boost|p1b: Kommo-o|spd|1\n|-boost|p1b: Kommo-o|spe|1\n|-damage|p1b: Kommo-o|68/100\n|move|p2a: Farigiraf|Trick Room|p2a: Farigiraf\n|-fieldstart|move: Trick Room|[of] p2a: Farigiraf\n|\n|-start|p2b: Crabominable|perish3\n|-start|p2a: Farigiraf|perish3\n|-start|p1a: Gengar|perish3\n|upkeep\n|turn|2\n|inactive|ferguspokemoner12 has 30 seconds left.\n|inactive|ferguspokemoner12 has 20 seconds left.\n|inactive|ferguspokemoner12 has 15 seconds left.\n|\n|t:|1776321094\n|detailschange|p2b: Crabominable|Crabominable-Mega, L50, M\n|-mega|p2b: Crabominable|Crabominable|Crabominite\n|move|p1a: Gengar|Protect|p1a: Gengar\n|-singleturn|p1a: Gengar|Protect\n|move|p2b: Crabominable|Ice Hammer|p1b: Kommo-o\n|-supereffective|p1b: Kommo-o|1\n|-damage|p1b: Kommo-o|0 fnt\n|-unboost|p2b: Crabominable|spe|1\n|faint|p1b: Kommo-o\n|move|p2a: Farigiraf|Psychic|p1a: Gengar\n|-activate|p1a: Gengar|move: Protect\n|\n|-start|p2b: Crabominable|perish2\n|-start|p2a: Farigiraf|perish2\n|-start|p1a: Gengar|perish2\n|upkeep\n|\n|t:|1776321110\n|switch|p1b: Incineroar|Incineroar, L50, M, shiny|100/100\n|-ability|p1b: Incineroar|Intimidate|boost\n|-unboost|p2a: Farigiraf|atk|1\n|-unboost|p2b: Crabominable|atk|1\n|turn|3\n|\n|t:|1776321133\n|switch|p1a: Politoed|Politoed, L50, F, shiny|100/100\n|-weather|RainDance|[from] ability: Drizzle|[of] p1a: Politoed\n|move|p2b: Crabominable|Ice Hammer|p1a: Politoed\n|-resisted|p1a: Politoed|1\n|-damage|p1a: Politoed|75/100\n|-unboost|p2b: Crabominable|spe|1\n|move|p1b: Incineroar|Parting Shot|p2b: Crabominable\n|-unboost|p2b: Crabominable|atk|1\n|-unboost|p2b: Crabominable|spa|1\n|\n|t:|1776321144\n|switch|p1b: Gengar|Gengar-Mega, L50, F, shiny|100/100|[from] Parting Shot\n|move|p2a: Farigiraf|Psychic|p1a: Politoed\n|-damage|p1a: Politoed|53/100\n|\n|-weather|RainDance|[upkeep]\n|-heal|p1a: Politoed|59/100|[from] item: Leftovers\n|-start|p2b: Crabominable|perish1\n|-start|p2a: Farigiraf|perish1\n|upkeep\n|turn|4\n|inactive|ferguspokemoner12 has 30 seconds left.\n|\n|t:|1776321174\n|switch|p1a: Incineroar|Incineroar, L50, M, shiny|100/100\n|-ability|p1a: Incineroar|Intimidate|boost\n|-unboost|p2a: Farigiraf|atk|1\n|-unboost|p2b: Crabominable|atk|1\n|move|p1b: Gengar|Protect|p1b: Gengar\n|-singleturn|p1b: Gengar|Protect\n|move|p2b: Crabominable|Drain Punch|p1a: Incineroar\n|-supereffective|p1a: Incineroar|1\n|-damage|p1a: Incineroar|62/100\n|move|p2a: Farigiraf|Psychic|p1a: Incineroar\n|-immune|p1a: Incineroar\n|\n|-weather|RainDance|[upkeep]\n|-start|p2b: Crabominable|perish0\n|-start|p2a: Farigiraf|perish0\n|faint|p2b: Crabominable\n|faint|p2a: Farigiraf\n|upkeep\n|\n|t:|1776321186\n|switch|p2b: Torkoal|Torkoal, L50, M|100/100\n|switch|p2a: Incineroar|Incineroar, L50, M|100/100\n|-weather|SunnyDay|[from] ability: Drought|[of] p2b: Torkoal\n|-ability|p2a: Incineroar|Intimidate|boost\n|-unboost|p1a: Incineroar|atk|1\n|-unboost|p1b: Gengar|atk|1\n|turn|5\n|\n|t:|1776321199\n|switch|p1a: Politoed|Politoed, L50, F, shiny|59/100\n|-weather|RainDance|[from] ability: Drizzle|[of] p1a: Politoed\n|move|p2a: Incineroar|Fake Out|p1a: Politoed\n|-damage|p1a: Politoed|48/100\n|move|p2b: Torkoal|Weather Ball|p1b: Gengar\n|-crit|p1b: Gengar\n|-damage|p1b: Gengar|26/100\n|move|p1b: Gengar|Perish Song|p1b: Gengar\n|-start|p1a: Politoed|perish3|[silent]\n|-start|p1b: Gengar|perish3|[silent]\n|-start|p2a: Incineroar|perish3|[silent]\n|-start|p2b: Torkoal|perish3|[silent]\n|-fieldactivate|move: Perish Song\n|\n|-weather|RainDance|[upkeep]\n|-heal|p1a: Politoed|54/100|[from] item: Leftovers\n|-start|p2b: Torkoal|perish3\n|-start|p2a: Incineroar|perish3\n|-start|p1a: Politoed|perish3\n|-start|p1b: Gengar|perish3\n|-fieldend|move: Trick Room\n|upkeep\n|turn|6\n|inactive|ferguspokemoner12 has 30 seconds left.\n|inactive|ferguspokemoner12 has 20 seconds left.\n|\n|t:|1776321236\n|move|p2b: Torkoal|Protect|p2b: Torkoal\n|-singleturn|p2b: Torkoal|Protect\n|move|p1b: Gengar|Substitute|p1b: Gengar\n|-start|p1b: Gengar|Substitute\n|-damage|p1b: Gengar|1/100\n|move|p1a: Politoed|Encore|p2a: Incineroar\n|-start|p2a: Incineroar|Encore\n|move|p2a: Incineroar|Fake Out||[still]\n|-hint|Fake Out only works on your first turn out.\n|-fail|p2a: Incineroar\n|\n|-weather|RainDance|[upkeep]\n|-heal|p1a: Politoed|60/100|[from] item: Leftovers\n|-start|p1b: Gengar|perish2\n|-start|p1a: Politoed|perish2\n|-start|p2a: Incineroar|perish2\n|-start|p2b: Torkoal|perish2\n|upkeep\n|turn|7\n|\n|t:|1776321255\n|move|p1b: Gengar|Shadow Ball|p2a: Incineroar\n|-resisted|p2a: Incineroar|1\n|-damage|p2a: Incineroar|83/100\n|-unboost|p2a: Incineroar|spd|1\n|move|p1a: Politoed|Encore|p2b: Torkoal\n|-start|p2b: Torkoal|Encore\n|move|p2b: Torkoal|Protect|p2b: Torkoal\n|-singleturn|p2b: Torkoal|Protect\n|-activate|p2a: Incineroar|move: Struggle\n|move|p2a: Incineroar|Struggle|p1b: Gengar\n|-activate|p1b: Gengar|move: Substitute|[damage]\n|-damage|p2a: Incineroar|58/100|[from] recoil\n|\n|-weather|RainDance|[upkeep]\n|-heal|p1a: Politoed|66/100|[from] item: Leftovers\n|-start|p1b: Gengar|perish1\n|-start|p1a: Politoed|perish1\n|-start|p2a: Incineroar|perish1\n|-start|p2b: Torkoal|perish1\n|upkeep\n|turn|8\n|c|\u2606ferguspokemoner12|bro\n|c|\u2606ferguspokemoner12|kiss\n|\n|t:|1776321280\n|switch|p1b: Incineroar|Incineroar, L50, M, shiny|62/100\n|-ability|p1b: Incineroar|Intimidate|boost\n|-unboost|p2a: Incineroar|atk|1\n|-unboost|p2b: Torkoal|atk|1\n|move|p2b: Torkoal|Protect||[still]\n|-fail|p2b: Torkoal\n|move|p1a: Politoed|Weather Ball|p2b: Torkoal\n|-supereffective|p2b: Torkoal|1\n|-damage|p2b: Torkoal|0 fnt\n|faint|p2b: Torkoal\n|-activate|p2a: Incineroar|move: Struggle\n|move|p2a: Incineroar|Struggle|p1b: Incineroar\n|-damage|p1b: Incineroar|54/100\n|-damage|p2a: Incineroar|33/100|[from] recoil\n|\n|-weather|RainDance|[upkeep]\n|-heal|p1a: Politoed|73/100|[from] item: Leftovers\n|-end|p2a: Incineroar|Encore\n|-start|p1a: Politoed|perish0\n|-start|p2a: Incineroar|perish0\n|upkeep\n|faint|p1a: Politoed\n|faint|p2a: Incineroar\n|\n|win|bulbaryan123\n|raw|bulbaryan123's rating: 1040 &rarr; <strong>1074</strong><br />(+34 for winning)\n|raw|ferguspokemoner12's rating: 1045 &rarr; <strong>1028</strong><br />(-17 for losing)\n|l|\u2606ferguspokemoner12\n|player|p2|\n|c|\u2606bulbaryan123|i am wolfey vgc\n|c|\u2606bulbaryan123|gg\n",
  "uploadtime": 1776321303,
  "views": 20,
  "formatid": "gen9championsvgc2026regma",
  "rating": 1028,
  "private": 0,
  "password": null
}