{
  "id": "gen9championsvgc2026regma-2588014134",
  "format": "[Gen 9 Champions] VGC 2026 Reg M-A",
  "players": [
    "lucamene",
    "MefShowdown0"
  ],
  "log": "|j|\u2606lucamene\n|j|\u2606MefShowdown0\n|t:|1776593035\n|gametype|doubles\n|player|p1|lucamene|n|1358\n|player|p2|MefShowdown0|selene-masters2|1388\n|gen|9\n|tier|[Gen 9 Champions] VGC 2026 Reg M-A\n|rated|\n|rule|Species Clause: Limit one of each Pok\u00e9mon\n|rule|Item Clause: Limit 1 of each item\n|clearpoke\n|poke|p1|Meganium, L50, F|\n|poke|p1|Basculegion, L50, M|\n|poke|p1|Incineroar, L50, M|\n|poke|p1|Garchomp, L50, M|\n|poke|p1|Pelipper, L50, F|\n|poke|p1|Orthworm, L50, F|\n|poke|p2|Floette-Eternal, L50, F|\n|poke|p2|Aerodactyl, L50, F|\n|poke|p2|Sneasler, L50, F|\n|poke|p2|Incineroar, L50, F|\n|poke|p2|Sinistcha, L50|\n|poke|p2|Milotic, L50, M|\n|teampreview|4\n|inactive|Battle timer is ON: inactive players will automatically lose when time's up. (requested by lucamene)\n|\n|t:|1776593081\n|teamsize|p1|4\n|teamsize|p2|4\n|start\n|switch|p1a: Garchomp|Garchomp, L50, M|100/100\n|switch|p1b: Orthworm|Orthworm, L50, F|100/100\n|switch|p2a: Floette|Floette-Eternal, L50, F|100/100\n|switch|p2b: Sneasler|Sneasler, L50, F|100/100\n|turn|1\n|inactive|MefShowdown0 has 30 seconds left.\n|\n|t:|1776593112\n|detailschange|p2a: Floette|Floette-Mega, L50, F\n|-mega|p2a: Floette|Floette|Floettite\n|-ability|p2a: Floette|Fairy Aura\n|move|p2b: Sneasler|Fake Out|p1b: Orthworm\n|-resisted|p1b: Orthworm|1\n|-damage|p1b: Orthworm|95/100\n|move|p1a: Garchomp|Earthquake|p2b: Sneasler|[spread] p2a,p2b\n|-heal|p1b: Orthworm|100/100|[from] ability: Earth Eater|[of] p1a: Garchomp\n|-supereffective|p2b: Sneasler|1\n|-damage|p2a: Floette|62/100\n|-damage|p2b: Sneasler|0 fnt\n|faint|p2b: Sneasler\n|move|p2a: Floette|Dazzling Gleam|p1a: Garchomp|[spread] p1a,p1b\n|-supereffective|p1a: Garchomp|1\n|-resisted|p1b: Orthworm|1\n|-damage|p1a: Garchomp|0 fnt\n|-damage|p1b: Orthworm|68/100\n|faint|p1a: Garchomp\n|cant|p1b: Orthworm|flinch\n|\n|-heal|p1b: Orthworm|74/100|[from] item: Leftovers\n|upkeep\n|inactive|MefShowdown0 has 30 seconds left.\n|\n|t:|1776593139\n|switch|p2b: Milotic|Milotic, L50, M|100/100\n|switch|p1a: Basculegion|Basculegion, L50, M|100/100\n|turn|2\n|\n|t:|1776593160\n|move|p2a: Floette|Protect|p2a: Floette\n|-singleturn|p2a: Floette|Protect\n|move|p1a: Basculegion|Last Respects|p2b: Milotic\n|-damage|p2b: Milotic|34/100\n|move|p2b: Milotic|Scald|p1b: Orthworm\n|-crit|p1b: Orthworm\n|-damage|p1b: Orthworm|19/100\n|move|p1b: Orthworm|Heavy Slam|p2a: Floette\n|-activate|p2a: Floette|move: Protect\n|\n|-heal|p2b: Milotic|40/100|[from] item: Leftovers\n|-heal|p1b: Orthworm|25/100|[from] item: Leftovers\n|upkeep\n|turn|3\n|\n|t:|1776593181\n|switch|p2a: Sinistcha|Sinistcha, L50|100/100\n|-heal|p2b: Milotic|65/100|[from] ability: Hospitality|[of] p2a: Sinistcha\n|move|p1a: Basculegion|Last Respects|p2b: Milotic\n|-damage|p2b: Milotic|0 fnt\n|faint|p2b: Milotic\n|move|p1b: Orthworm|Heavy Slam|p2a: Sinistcha\n|-damage|p2a: Sinistcha|67/100\n|\n|-heal|p1b: Orthworm|31/100|[from] item: Leftovers\n|upkeep\n|\n|t:|1776593190\n|switch|p2b: Floette|Floette-Mega, L50, F|62/100\n|-ability|p2b: Floette|Fairy Aura\n|turn|4\n|inactive|lucamene has 30 seconds left.\n|inactive|MefShowdown0 has 30 seconds left.\n|\n|t:|1776593220\n|move|p2b: Floette|Protect|p2b: Floette\n|-singleturn|p2b: Floette|Protect\n|move|p1a: Basculegion|Last Respects|p2b: Floette\n|-activate|p2b: Floette|move: Protect\n|move|p2a: Sinistcha|Matcha Gotcha|p1b: Orthworm|[spread] p1a,p1b\n|-supereffective|p1a: Basculegion|1\n|-resisted|p1b: Orthworm|1\n|-damage|p1a: Basculegion|48/100\n|-heal|p2a: Sinistcha|95/100|[from] drain|[of] p1a: Basculegion\n|-damage|p1b: Orthworm|17/100\n|-heal|p2a: Sinistcha|100/100|[from] drain|[of] p1b: Orthworm\n|-status|p1b: Orthworm|brn\n|move|p1b: Orthworm|Heavy Slam|p2a: Sinistcha\n|-damage|p2a: Sinistcha|82/100\n|\n|-heal|p1b: Orthworm|23/100 brn|[from] item: Leftovers\n|-damage|p1b: Orthworm|17/100 brn|[from] brn\n|upkeep\n|turn|5\n|inactive|MefShowdown0 has 30 seconds left.\n|\n|t:|1776593246\n|move|p2a: Sinistcha|Rage Powder|p2a: Sinistcha\n|-singleturn|p2a: Sinistcha|move: Rage Powder\n|move|p1a: Basculegion|Last Respects|p2a: Sinistcha\n|-supereffective|p2a: Sinistcha|1\n|-damage|p2a: Sinistcha|0 fnt\n|faint|p2a: Sinistcha\n|move|p2b: Floette|Draining Kiss|p1a: Basculegion\n|-damage|p1a: Basculegion|0 fnt\n|-heal|p2b: Floette|100/100|[from] drain|[of] p1a: Basculegion\n|faint|p1a: Basculegion\n|move|p1b: Orthworm|Heavy Slam|p2b: Floette\n|-supereffective|p2b: Floette|1\n|-damage|p2b: Floette|75/100\n|\n|-heal|p1b: Orthworm|23/100 brn|[from] item: Leftovers\n|-damage|p1b: Orthworm|17/100 brn|[from] brn\n|upkeep\n|\n|t:|1776593258\n|switch|p1a: Meganium|Meganium, L50, F|100/100\n|turn|6\n|\n|t:|1776593268\n|detailschange|p1a: Meganium|Meganium-Mega, L50, F\n|-mega|p1a: Meganium|Meganium|Meganiumite\n|move|p2b: Floette|Protect|p2b: Floette\n|-singleturn|p2b: Floette|Protect\n|move|p1a: Meganium|Solar Beam||[still]\n|-prepare|p1a: Meganium|Solar Beam\n|-activate|p1a: Meganium|ability: Mega Sol\n|-anim|p1a: Meganium|Solar Beam|p2b: Floette\n|-activate|p2b: Floette|move: Protect\n|move|p1b: Orthworm|Heavy Slam|p2b: Floette\n|-activate|p2b: Floette|move: Protect\n|\n|-heal|p1b: Orthworm|23/100 brn|[from] item: Leftovers\n|-damage|p1b: Orthworm|17/100 brn|[from] brn\n|upkeep\n|turn|7\n|\n|t:|1776593279\n|move|p1a: Meganium|Solar Beam||[still]\n|-prepare|p1a: Meganium|Solar Beam\n|-activate|p1a: Meganium|ability: Mega Sol\n|-anim|p1a: Meganium|Solar Beam|p2b: Floette\n|-damage|p2b: Floette|30/100\n|move|p2b: Floette|Dazzling Gleam|p1a: Meganium|[spread] p1a,p1b\n|-resisted|p1b: Orthworm|1\n|-damage|p1a: Meganium|58/100\n|-damage|p1b: Orthworm|0 fnt\n|faint|p1b: Orthworm\n|\n|upkeep\n|turn|8\n|\n|t:|1776593288\n|move|p1a: Meganium|Solar Beam||[still]\n|-prepare|p1a: Meganium|Solar Beam\n|-activate|p1a: Meganium|ability: Mega Sol\n|-anim|p1a: Meganium|Solar Beam|p2b: Floette\n|-damage|p2b: Floette|0 fnt\n|faint|p2b: Floette\n|\n|win|lucamene\n|raw|lucamene's rating: 1358 &rarr; <strong>1380</strong><br />(+22 for winning)\n|raw|MefShowdown0's rating: 1388 &rarr; <strong>1366</strong><br />(-22 for losing)\n",
  "uploadtime": 1776593289,
  "views": 14,
  "formatid": "gen9championsvgc2026regma",
  "rating": 1366,
  "private": 0,
  "password": null
}