{
  "id": "gen9championsvgc2026regma-2585853221",
  "format": "[Gen 9 Champions] VGC 2026 Reg M-A",
  "players": [
    "Ringeril",
    "jamesey95"
  ],
  "log": "|j|\u2606Ringeril\n|j|\u2606jamesey95\n|t:|1776375653\n|gametype|doubles\n|player|p1|Ringeril|fisherman-gen4|1188\n|player|p2|jamesey95|rancher|1289\n|gen|9\n|tier|[Gen 9 Champions] VGC 2026 Reg M-A\n|rated|\n|rule|Species Clause: Limit one of each Pok\u00e9mon\n|rule|Item Clause: Limit 1 of each item\n|clearpoke\n|poke|p1|Sinistcha, L50|\n|poke|p1|Basculegion, L50, M|\n|poke|p1|Goodra-Hisui, L50, F|\n|poke|p1|Manectric, L50, M|\n|poke|p1|Pelipper, L50, M|\n|poke|p1|Klefki, L50, F|\n|poke|p2|Manectric, L50, F|\n|poke|p2|Scizor, L50, F|\n|poke|p2|Hatterene, L50, F|\n|poke|p2|Farigiraf, L50, F|\n|poke|p2|Conkeldurr, L50, M|\n|poke|p2|Basculegion, L50, M|\n|teampreview|4\n|inactive|Battle timer is ON: inactive players will automatically lose when time's up. (requested by Ringeril)\n|\n|t:|1776375681\n|teamsize|p1|4\n|teamsize|p2|4\n|start\n|switch|p1a: Manectric|Manectric, L50, M, shiny|100/100\n|switch|p1b: Trag\u00f3n|Pelipper, L50, M|100/100\n|switch|p2a: Manectric|Manectric, L50, F|100/100\n|switch|p2b: Farigiraf|Farigiraf, L50, F|100/100\n|-weather|RainDance|[from] ability: Drizzle|[of] p1b: Trag\u00f3n\n|turn|1\n|inactive|Ringeril has 30 seconds left.\n|\n|t:|1776375713\n|detailschange|p2a: Manectric|Manectric-Mega, L50, F\n|-mega|p2a: Manectric|Manectric|Manectite\n|-ability|p2a: Manectric|Intimidate|boost\n|-unboost|p1a: Manectric|atk|1\n|-unboost|p1b: Trag\u00f3n|atk|1\n|move|p2a: Manectric|Volt Switch|p1b: Trag\u00f3n\n|-supereffective|p1b: Trag\u00f3n|2\n|-enditem|p1b: Trag\u00f3n|Focus Sash\n|-damage|p1b: Trag\u00f3n|1/100\n|\n|t:|1776375724\n|switch|p2a: Conkeldurr|Conkeldurr, L50, M|100/100|[from] Volt Switch\n|move|p1a: Manectric|Overheat|p2a: Conkeldurr\n|-damage|p2a: Conkeldurr|79/100\n|-unboost|p1a: Manectric|spa|2\n|move|p1b: Trag\u00f3n|Weather Ball|p2a: Conkeldurr\n|-damage|p2a: Conkeldurr|7/100\n|move|p2b: Farigiraf|Trick Room|p2b: Farigiraf\n|-fieldstart|move: Trick Room|[of] p2b: Farigiraf\n|\n|-weather|RainDance|[upkeep]\n|upkeep\n|turn|2\n|inactive|Ringeril has 30 seconds left.\n|\n|t:|1776375756\n|switch|p1a: Bascupichazos|Basculegion, L50, M|100/100\n|move|p2a: Conkeldurr|Close Combat|p1a: Bascupichazos\n|-immune|p1a: Bascupichazos\n|move|p2b: Farigiraf|Psychic|p1b: Trag\u00f3n\n|-damage|p1b: Trag\u00f3n|0 fnt\n|faint|p1b: Trag\u00f3n\n|\n|-weather|RainDance|[upkeep]\n|upkeep\n|\n|t:|1776375774\n|switch|p1b: Manectric|Manectric, L50, M, shiny|100/100\n|turn|3\n|\n|t:|1776375794\n|detailschange|p1b: Manectric|Manectric-Mega, L50, M, shiny\n|-mega|p1b: Manectric|Manectric|Manectite\n|-ability|p1b: Manectric|Intimidate|boost\n|-unboost|p2a: Conkeldurr|atk|1\n|-unboost|p2b: Farigiraf|atk|1\n|-enditem|p2a: Conkeldurr|White Herb\n|-clearnegativeboost|p2a: Conkeldurr|[silent]\n|move|p2a: Conkeldurr|Knock Off|p1a: Bascupichazos\n|-supereffective|p1a: Bascupichazos|1\n|-damage|p1a: Bascupichazos|0 fnt\n|-enditem|p1a: Bascupichazos|Choice Scarf|[from] move: Knock Off|[of] p2a: Conkeldurr\n|faint|p1a: Bascupichazos\n|move|p2b: Farigiraf|Psychic|p1b: Manectric\n|-damage|p1b: Manectric|49/100\n|move|p1b: Manectric|Volt Switch|p2a: Conkeldurr\n|-damage|p2a: Conkeldurr|0 fnt\n|faint|p2a: Conkeldurr\n|\n|t:|1776375809\n|switch|p1b: Caracola|Goodra-Hisui, L50, F|100/100|[from] Volt Switch\n|\n|-weather|RainDance|[upkeep]\n|upkeep\n|\n|t:|1776375815\n|switch|p2a: Scizor|Scizor, L50, F|100/100\n|switch|p1a: Manectric|Manectric-Mega, L50, M, shiny|49/100\n|-ability|p1a: Manectric|Intimidate|boost\n|-unboost|p2a: Scizor|atk|1\n|-unboost|p2b: Farigiraf|atk|1\n|turn|4\n|\n|t:|1776375827\n|move|p2b: Farigiraf|Psychic|p1a: Manectric\n|-damage|p1a: Manectric|0 fnt\n|faint|p1a: Manectric\n|move|p1b: Caracola|Shelter|p1b: Caracola\n|-boost|p1b: Caracola|def|2\n|move|p2a: Scizor|Swords Dance|p2a: Scizor\n|-boost|p2a: Scizor|atk|2\n|\n|-weather|RainDance|[upkeep]\n|upkeep\n|turn|5\n|\n|t:|1776375842\n|move|p2b: Farigiraf|Psychic|p1b: Caracola\n|-resisted|p1b: Caracola|1\n|-damage|p1b: Caracola|91/100\n|move|p1b: Caracola|Shelter|p1b: Caracola\n|-boost|p1b: Caracola|def|2\n|move|p2a: Scizor|Swords Dance|p2a: Scizor\n|-boost|p2a: Scizor|atk|2\n|\n|-weather|none\n|-heal|p1b: Caracola|97/100|[from] item: Leftovers\n|-fieldend|move: Trick Room\n|upkeep\n|turn|6\n|\n|t:|1776375854\n|move|p2a: Scizor|Bullet Punch|p1b: Caracola\n|-resisted|p1b: Caracola|1\n|-damage|p1b: Caracola|84/100\n|move|p1b: Caracola|Shelter|p1b: Caracola\n|-boost|p1b: Caracola|def|2\n|move|p2b: Farigiraf|Psychic|p1b: Caracola\n|-resisted|p1b: Caracola|1\n|-damage|p1b: Caracola|75/100\n|\n|-heal|p1b: Caracola|81/100|[from] item: Leftovers\n|upkeep\n|turn|7\n|\n|t:|1776375865\n|move|p2a: Scizor|Swords Dance|p2a: Scizor\n|-boost|p2a: Scizor|atk|2\n|move|p1b: Caracola|Body Press|p2a: Scizor\n|-damage|p2a: Scizor|19/100\n|move|p2b: Farigiraf|Psychic|p1b: Caracola\n|-resisted|p1b: Caracola|1\n|-damage|p1b: Caracola|71/100\n|\n|-heal|p1b: Caracola|77/100|[from] item: Leftovers\n|upkeep\n|turn|8\n|\n|t:|1776375880\n|move|p2a: Scizor|Bullet Punch|p1b: Caracola\n|-resisted|p1b: Caracola|1\n|-damage|p1b: Caracola|63/100\n|move|p1b: Caracola|Body Press|p2b: Farigiraf\n|-damage|p2b: Farigiraf|31/100\n|move|p2b: Farigiraf|Psychic|p1b: Caracola\n|-resisted|p1b: Caracola|1\n|-damage|p1b: Caracola|53/100\n|\n|-heal|p1b: Caracola|59/100|[from] item: Leftovers\n|upkeep\n|turn|9\n|\n|t:|1776375893\n|move|p2b: Farigiraf|Protect|p2b: Farigiraf\n|-singleturn|p2b: Farigiraf|Protect\n|move|p2a: Scizor|Bullet Punch|p1b: Caracola\n|-resisted|p1b: Caracola|1\n|-damage|p1b: Caracola|44/100\n|move|p1b: Caracola|Muddy Water|p2a: Scizor|[spread] p2a\n|-activate|p2b: Farigiraf|move: Protect\n|-damage|p2a: Scizor|0 fnt\n|faint|p2a: Scizor\n|\n|-heal|p1b: Caracola|50/100|[from] item: Leftovers\n|upkeep\n|\n|t:|1776375901\n|switch|p2a: Manectric|Manectric-Mega, L50, F|100/100\n|-ability|p2a: Manectric|Intimidate|boost\n|-unboost|p1b: Caracola|atk|1\n|turn|10\n|\n|t:|1776375910\n|move|p2b: Farigiraf|Helping Hand|p2a: Manectric\n|-singleturn|p2a: Manectric|Helping Hand|[of] p2b: Farigiraf\n|move|p2a: Manectric|Overheat|p1b: Caracola\n|-damage|p1b: Caracola|13/100\n|-unboost|p2a: Manectric|spa|2\n|move|p1b: Caracola|Body Press|p2a: Manectric\n|-damage|p2a: Manectric|0 fnt\n|faint|p2a: Manectric\n|\n|-heal|p1b: Caracola|19/100|[from] item: Leftovers\n|upkeep\n|turn|11\n|\n|t:|1776375922\n|move|p1b: Caracola|Body Press|p2b: Farigiraf\n|-damage|p2b: Farigiraf|0 fnt\n|faint|p2b: Farigiraf\n|\n|win|Ringeril\n|raw|Ringeril's rating: 1188 &rarr; <strong>1220</strong><br />(+32 for winning)\n|raw|jamesey95's rating: 1289 &rarr; <strong>1257</strong><br />(-32 for losing)\n|l|\u2606jamesey95\n|player|p2|\n",
  "uploadtime": 1776375928,
  "views": 38,
  "formatid": "gen9championsvgc2026regma",
  "rating": 1220,
  "private": 0,
  "password": null
}