{
  "id": "gen9championsvgc2026regma-2582056115",
  "format": "[Gen 9 Champions] VGC 2026 Reg M-A",
  "players": [
    "aoiharada",
    "loklastaji"
  ],
  "log": "|j|\u2606aoiharada\n|j|\u2606loklastaji\n|t:|1776052622\n|gametype|doubles\n|player|p1|aoiharada|266|1332\n|player|p2|loklastaji|265|1374\n|gen|9\n|tier|[Gen 9 Champions] VGC 2026 Reg M-A\n|rated|\n|rule|Species Clause: Limit one of each Pok\u00e9mon\n|rule|Item Clause: Limit 1 of each item\n|clearpoke\n|poke|p1|Garchomp, L50, F|\n|poke|p1|Rotom-Wash, L50|\n|poke|p1|Incineroar, L50, M|\n|poke|p1|Sneasler, L50, F|\n|poke|p1|Charizard, L50, M|\n|poke|p1|Whimsicott, L50, F|\n|poke|p2|Samurott-Hisui, L50, M|\n|poke|p2|Mamoswine, L50, F|\n|poke|p2|Delphox, L50, M|\n|poke|p2|Tsareena, L50, F|\n|poke|p2|Corviknight, L50, F|\n|poke|p2|Altaria, L50, F|\n|teampreview|4\n|j| brady gaga 3.7\n|\n|t:|1776052671\n|teamsize|p1|4\n|teamsize|p2|4\n|start\n|switch|p1a: Charizard|Charizard, L50, M|100/100\n|switch|p1b: Rotom|Rotom-Wash, L50|100/100\n|switch|p2a: Tsareena|Tsareena, L50, F|100/100\n|switch|p2b: Mamoswine|Mamoswine, L50, F|100/100\n|turn|1\n|\n|t:|1776052689\n|move|p1a: Charizard|Protect|p1a: Charizard\n|-singleturn|p1a: Charizard|Protect\n|move|p2b: Mamoswine|Rock Slide|p1a: Charizard|[spread] p1b\n|-activate|p1a: Charizard|move: Protect\n|-damage|p1b: Rotom|84/100\n|move|p2a: Tsareena|Power Whip|p1b: Rotom\n|-supereffective|p1b: Rotom|1\n|-damage|p1b: Rotom|0 fnt\n|faint|p1b: Rotom\n|\n|upkeep\n|\n|t:|1776052701\n|switch|p1b: Garchomp|Garchomp, L50, F|100/100\n|turn|2\n|\n|t:|1776052718\n|detailschange|p1a: Charizard|Charizard-Mega-Y, L50, M\n|-mega|p1a: Charizard|Charizard|Charizardite Y\n|-weather|SunnyDay|[from] ability: Drought|[of] p1a: Charizard\n|move|p1b: Garchomp|Rock Slide|p2b: Mamoswine|[spread] p2a,p2b\n|-crit|p2b: Mamoswine\n|-damage|p2a: Tsareena|73/100\n|-damage|p2b: Mamoswine|61/100\n|cant|p2b: Mamoswine|flinch\n|move|p1a: Charizard|Heat Wave|p2b: Mamoswine|[spread] p2a,p2b\n|-supereffective|p2a: Tsareena|1\n|-supereffective|p2b: Mamoswine|1\n|-damage|p2a: Tsareena|0 fnt\n|-damage|p2b: Mamoswine|0 fnt\n|faint|p2a: Tsareena\n|faint|p2b: Mamoswine\n|\n|-weather|SunnyDay|[upkeep]\n|upkeep\n|\n|t:|1776052735\n|switch|p2b: Samurott|Samurott-Hisui, L50, M|100/100\n|switch|p2a: Altaria|Altaria, L50, F|100/100\n|-ability|p2a: Altaria|Cloud Nine\n|turn|3\n|\n|t:|1776052755\n|move|p2a: Altaria|Protect|p2a: Altaria\n|-singleturn|p2a: Altaria|Protect\n|move|p1b: Garchomp|Rock Slide|p2b: Samurott|[spread] p2b\n|-activate|p2a: Altaria|move: Protect\n|-damage|p2b: Samurott|75/100\n|move|p1a: Charizard|Air Slash|p2b: Samurott\n|-damage|p2b: Samurott|11/100\n|move|p2b: Samurott|Aqua Cutter|p1a: Charizard\n|-supereffective|p1a: Charizard|1\n|-damage|p1a: Charizard|0 fnt\n|faint|p1a: Charizard\n|\n|-weather|SunnyDay|[upkeep]\n|upkeep\n|\n|t:|1776052767\n|switch|p1a: Incineroar|Incineroar, L50, M|100/100\n|-ability|p1a: Incineroar|Intimidate|boost\n|-unboost|p2a: Altaria|atk|1\n|-unboost|p2b: Samurott|atk|1\n|-enditem|p2b: Samurott|White Herb\n|-clearnegativeboost|p2b: Samurott|[silent]\n|turn|4\n|inactive|Battle timer is ON: inactive players will automatically lose when time's up. (requested by aoiharada)\n|\n|t:|1776052793\n|detailschange|p2a: Altaria|Altaria-Mega, L50, F\n|-mega|p2a: Altaria|Altaria|Altarianite\n|move|p1a: Incineroar|Fake Out|p2a: Altaria\n|-crit|p2a: Altaria\n|-damage|p2a: Altaria|84/100\n|move|p2b: Samurott|Sucker Punch|p1b: Garchomp\n|-crit|p1b: Garchomp\n|-damage|p1b: Garchomp|46/100\n|-damage|p2b: Samurott|0 fnt|[from] ability: Rough Skin|[of] p1b: Garchomp\n|faint|p2b: Samurott\n|move|p1b: Garchomp|Rock Slide|p2a: Altaria\n|-damage|p2a: Altaria|49/100\n|cant|p2a: Altaria|flinch\n|\n|-weather|SunnyDay|[upkeep]\n|upkeep\n|turn|5\n|\n|t:|1776052811\n|move|p1b: Garchomp|Rock Slide|p2a: Altaria\n|-damage|p2a: Altaria|16/100\n|move|p2a: Altaria|Hyper Voice|p1a: Incineroar|[spread] p1a,p1b\n|-supereffective|p1b: Garchomp|1\n|-damage|p1a: Incineroar|75/100\n|-damage|p1b: Garchomp|0 fnt\n|faint|p1b: Garchomp\n|move|p1a: Incineroar|Throat Chop|p2a: Altaria\n|-resisted|p2a: Altaria|1\n|-crit|p2a: Altaria\n|-damage|p2a: Altaria|0 fnt\n|faint|p2a: Altaria\n|\n|win|aoiharada\n|raw|aoiharada's rating: 1332 &rarr; <strong>1354</strong><br />(+22 for winning)\n|raw|loklastaji's rating: 1374 &rarr; <strong>1352</strong><br />(-22 for losing)\n|l|\u2606aoiharada\n|player|p1|\n",
  "uploadtime": 1776052824,
  "views": 27,
  "formatid": "gen9championsvgc2026regma",
  "rating": 1352,
  "private": 0,
  "password": null
}