{
  "id": "gen9championsvgc2026regma-2582804582",
  "format": "[Gen 9 Champions] VGC 2026 Reg M-A",
  "players": [
    "YoYutta",
    "pipppo"
  ],
  "log": "|j|\u2606YoYutta\n|j|\u2606pipppo\n|t:|1776115398\n|gametype|doubles\n|player|p1|YoYutta|101|1407\n|player|p2|pipppo|leaf-gen3|1481\n|gen|9\n|tier|[Gen 9 Champions] VGC 2026 Reg M-A\n|rated|\n|rule|Species Clause: Limit one of each Pok\u00e9mon\n|rule|Item Clause: Limit 1 of each item\n|clearpoke\n|poke|p1|Floette-Eternal, L50, F|\n|poke|p1|Garchomp, L50, F|\n|poke|p1|Incineroar, L50, M|\n|poke|p1|Corviknight, L50, M|\n|poke|p1|Sinistcha, L50|\n|poke|p1|Tyranitar, L50, F|\n|poke|p2|Talonflame, L50, M|\n|poke|p2|Garchomp, L50, M|\n|poke|p2|Blastoise, L50, M|\n|poke|p2|Kingambit, L50, F|\n|poke|p2|Sylveon, L50, F|\n|poke|p2|Sinistcha, L50|\n|teampreview|4\n|\n|t:|1776115432\n|teamsize|p1|4\n|teamsize|p2|4\n|start\n|switch|p1a: Tyranitar|Tyranitar, L50, F|100/100\n|switch|p1b: Floette|Floette-Eternal, L50, F|100/100\n|switch|p2a: Talonflame|Talonflame, L50, M|100/100\n|switch|p2b: Blastoise|Blastoise, L50, M|100/100\n|-weather|Sandstorm|[from] ability: Sand Stream|[of] p1a: Tyranitar\n|turn|1\n|j| Asheeeeeee\n|\n|t:|1776115492\n|detailschange|p2b: Blastoise|Blastoise-Mega, L50, M\n|-mega|p2b: Blastoise|Blastoise|Blastoisinite\n|move|p1b: Floette|Protect|p1b: Floette\n|-singleturn|p1b: Floette|Protect\n|move|p2a: Talonflame|Tailwind|p2a: Talonflame\n|-sidestart|p2: pipppo|move: Tailwind\n|move|p2b: Blastoise|Water Spout|p1b: Floette|[spread] p1a\n|-activate|p1b: Floette|move: Protect\n|-supereffective|p1a: Tyranitar|1\n|-damage|p1a: Tyranitar|16/100\n|move|p1a: Tyranitar|Rock Slide|p2b: Blastoise|[spread] p2a\n|-miss|p1a: Tyranitar|p2b: Blastoise\n|-supereffective|p2a: Talonflame|2\n|-damage|p2a: Talonflame|0 fnt\n|faint|p2a: Talonflame\n|\n|-weather|Sandstorm|[upkeep]\n|-damage|p2b: Blastoise|95/100|[from] Sandstorm\n|-damage|p1b: Floette|95/100|[from] Sandstorm\n|upkeep\n|\n|t:|1776115509\n|switch|p2a: Sylveon|Sylveon, L50, F|100/100\n|turn|2\n|\n|t:|1776115531\n|switch|p1a: Corviknight|Corviknight, L50, M|100/100\n|switch|p1b: Incineroar|Incineroar, L50, M|100/100\n|-ability|p1b: Incineroar|Intimidate|boost\n|-unboost|p2a: Sylveon|atk|1\n|-unboost|p2b: Blastoise|atk|1\n|move|p2b: Blastoise|Water Spout|p1b: Incineroar|[spread] p1a,p1b\n|-supereffective|p1b: Incineroar|1\n|-damage|p1a: Corviknight|36/100\n|-damage|p1b: Incineroar|11/100\n|move|p2a: Sylveon|Hyper Voice|p1a: Corviknight|[spread] p1a,p1b\n|-resisted|p1a: Corviknight|1\n|-damage|p1a: Corviknight|13/100\n|-damage|p1b: Incineroar|0 fnt\n|faint|p1b: Incineroar\n|\n|-weather|Sandstorm|[upkeep]\n|-damage|p2b: Blastoise|89/100|[from] Sandstorm\n|-damage|p2a: Sylveon|94/100|[from] Sandstorm\n|upkeep\n|\n|t:|1776115546\n|switch|p1b: Floette|Floette-Eternal, L50, F|95/100\n|turn|3\n|l| Asheeeeeee\n|\n|t:|1776115578\n|move|p1b: Floette|Protect|p1b: Floette\n|-singleturn|p1b: Floette|Protect\n|move|p1a: Corviknight|Protect|p1a: Corviknight\n|-singleturn|p1a: Corviknight|Protect\n|move|p2b: Blastoise|Water Spout|p1b: Floette|[spread] \n|-activate|p1a: Corviknight|move: Protect\n|-activate|p1b: Floette|move: Protect\n|move|p2a: Sylveon|Hyper Voice|p1a: Corviknight|[spread] \n|-activate|p1a: Corviknight|move: Protect\n|-activate|p1b: Floette|move: Protect\n|\n|-weather|Sandstorm|[upkeep]\n|-damage|p2b: Blastoise|83/100|[from] Sandstorm\n|-damage|p2a: Sylveon|88/100|[from] Sandstorm\n|-damage|p1b: Floette|89/100|[from] Sandstorm\n|upkeep\n|turn|4\n|\n|t:|1776115586\n|switch|p1b: Tyranitar|Tyranitar, L50, F|16/100\n|move|p1a: Corviknight|Protect||[still]\n|-fail|p1a: Corviknight\n|move|p2b: Blastoise|Water Spout|p1b: Tyranitar|[spread] p1a,p1b\n|-supereffective|p1b: Tyranitar|1\n|-damage|p1a: Corviknight|0 fnt\n|-damage|p1b: Tyranitar|0 fnt\n|faint|p1a: Corviknight\n|faint|p1b: Tyranitar\n|move|p2a: Sylveon|Hyper Voice|p1: Corviknight|[notarget]\n|-fail|p2a: Sylveon\n|\n|-weather|Sandstorm|[upkeep]\n|-damage|p2b: Blastoise|77/100|[from] Sandstorm\n|-damage|p2a: Sylveon|82/100|[from] Sandstorm\n|-sideend|p2: pipppo|move: Tailwind\n|upkeep\n|\n|t:|1776115592\n|switch|p1b: Floette|Floette-Eternal, L50, F|89/100\n|turn|5\n|\n|t:|1776115601\n|detailschange|p1b: Floette|Floette-Mega, L50, F\n|-mega|p1b: Floette|Floette|Floettite\n|-ability|p1b: Floette|Fairy Aura\n|move|p1b: Floette|Moonblast|p2b: Blastoise\n|-damage|p2b: Blastoise|0 fnt\n|faint|p2b: Blastoise\n|move|p2a: Sylveon|Hyper Voice|p1b: Floette\n|-damage|p1b: Floette|12/100\n|\n|-weather|none\n|upkeep\n|\n|t:|1776115609\n|switch|p2b: Sinistcha|Sinistcha, L50|100/100\n|-heal|p2a: Sylveon|100/100|[from] ability: Hospitality|[of] p2b: Sinistcha\n|turn|6\n|\n|t:|1776115616\n|move|p2b: Sinistcha|Rage Powder|p2b: Sinistcha\n|-singleturn|p2b: Sinistcha|move: Rage Powder\n|move|p2a: Sylveon|Quick Attack|p1b: Floette\n|-damage|p1b: Floette|0 fnt\n|faint|p1b: Floette\n|\n|win|pipppo\n|raw|YoYutta's rating: 1407 &rarr; <strong>1390</strong><br />(-17 for losing)\n|raw|pipppo's rating: 1465 &rarr; <strong>1482</strong><br />(+17 for winning)\n|l|\u2606pipppo\n|player|p2|\n|l|\u2606YoYutta\n|player|p1|\n",
  "uploadtime": 1776115623,
  "views": 29,
  "formatid": "gen9championsvgc2026regma",
  "rating": 1390,
  "private": 0,
  "password": null
}