{
  "id": "gen9championsvgc2026regma-2583216834",
  "format": "[Gen 9 Champions] VGC 2026 Reg M-A",
  "players": [
    "chickencharlamagne",
    "cclap2"
  ],
  "log": "|j|\u2606chickencharlamagne\n|j|\u2606cclap2\n|t:|1776155851\n|gametype|doubles\n|player|p1|chickencharlamagne|170|1424\n|player|p2|cclap2|265|1453\n|gen|9\n|tier|[Gen 9 Champions] VGC 2026 Reg M-A\n|rated|\n|rule|Species Clause: Limit one of each Pok\u00e9mon\n|rule|Item Clause: Limit 1 of each item\n|clearpoke\n|poke|p1|Goodra-Hisui, L50, M|\n|poke|p1|Aromatisse, L50, F|\n|poke|p1|Incineroar, L50, F|\n|poke|p1|Scovillain, L50, M|\n|poke|p1|Basculegion-F, L50, F|\n|poke|p1|Sneasler, L50, F|\n|poke|p2|Floette-Eternal, L50, F|\n|poke|p2|Delphox, L50, F|\n|poke|p2|Kingambit, L50, F|\n|poke|p2|Sinistcha, L50|\n|poke|p2|Garchomp, L50, M|\n|poke|p2|Talonflame, L50, F|\n|teampreview|4\n|inactive|Battle timer is ON: inactive players will automatically lose when time's up. (requested by cclap2)\n|j| kanp\n|inactive|chickencharlamagne has 60 seconds left.\n|\n|t:|1776155899\n|teamsize|p1|4\n|teamsize|p2|4\n|start\n|switch|p1a: Scovillain|Scovillain, L50, M|100/100\n|switch|p1b: Goodra|Goodra-Hisui, L50, M|100/100\n|switch|p2a: Kingambit|Kingambit, L50, F|100/100\n|switch|p2b: Floette|Floette-Eternal, L50, F|100/100\n|turn|1\n|\n|t:|1776155917\n|switch|p2a: Garchomp|Garchomp, L50, M|100/100\n|detailschange|p2b: Floette|Floette-Mega, L50, F\n|-mega|p2b: Floette|Floette|Floettite\n|-ability|p2b: Floette|Fairy Aura\n|detailschange|p1a: Scovillain|Scovillain-Mega, L50, M\n|-mega|p1a: Scovillain|Scovillain|Scovillainite\n|move|p1a: Scovillain|Rage Powder|p1a: Scovillain\n|-singleturn|p1a: Scovillain|move: Rage Powder\n|move|p2b: Floette|Calm Mind|p2b: Floette\n|-boost|p2b: Floette|spa|1\n|-boost|p2b: Floette|spd|1\n|move|p1b: Goodra|Shelter|p1b: Goodra\n|-boost|p1b: Goodra|def|2\n|\n|upkeep\n|turn|2\n|\n|t:|1776155937\n|move|p2a: Garchomp|Protect|p2a: Garchomp\n|-singleturn|p2a: Garchomp|Protect\n|move|p1a: Scovillain|Rage Powder|p1a: Scovillain\n|-singleturn|p1a: Scovillain|move: Rage Powder\n|move|p2b: Floette|Dazzling Gleam|p1b: Goodra|[spread] p1a,p1b\n|-resisted|p1a: Scovillain|1\n|-damage|p1a: Scovillain|70/100\n|-damage|p1b: Goodra|59/100\n|-status|p2b: Floette|brn|[from] ability: Spicy Spray|[of] p1a: Scovillain\n|move|p1b: Goodra|Heavy Slam|p2b: Floette\n|-supereffective|p2b: Floette|1\n|-damage|p2b: Floette|40/100 brn\n|\n|-damage|p2b: Floette|34/100 brn|[from] brn\n|upkeep\n|turn|3\n|inactive|chickencharlamagne has 30 seconds left.\n|inactive|chickencharlamagne has 20 seconds left.\n|\n|t:|1776155974\n|switch|p2a: Sinistcha|Sinistcha, L50|100/100\n|-heal|p2b: Floette|59/100 brn|[from] ability: Hospitality|[of] p2a: Sinistcha\n|move|p2b: Floette|Protect|p2b: Floette\n|-singleturn|p2b: Floette|Protect\n|move|p1a: Scovillain|Rage Powder|p1a: Scovillain\n|-singleturn|p1a: Scovillain|move: Rage Powder\n|move|p1b: Goodra|Shelter|p1b: Goodra\n|-boost|p1b: Goodra|def|2\n|\n|-damage|p2b: Floette|53/100 brn|[from] brn\n|upkeep\n|turn|4\n|\n|t:|1776155990\n|move|p2b: Floette|Moonblast|p1b: Goodra\n|-damage|p1b: Goodra|0 fnt\n|faint|p1b: Goodra\n|move|p1a: Scovillain|Overheat|p2a: Sinistcha\n|-supereffective|p2a: Sinistcha|1\n|-damage|p2a: Sinistcha|0 fnt\n|-unboost|p1a: Scovillain|spa|2\n|faint|p2a: Sinistcha\n|\n|-damage|p2b: Floette|48/100 brn|[from] brn\n|upkeep\n|\n|t:|1776156001\n|switch|p2a: Garchomp|Garchomp, L50, M|100/100\n|switch|p1b: Sneasler|Sneasler, L50, F|100/100\n|turn|5\n|\n|t:|1776156012\n|move|p1b: Sneasler|Protect|p1b: Sneasler\n|-singleturn|p1b: Sneasler|Protect\n|move|p2b: Floette|Protect|p2b: Floette\n|-singleturn|p2b: Floette|Protect\n|move|p2a: Garchomp|Earthquake|p1b: Sneasler|[spread] p1a\n|-activate|p2b: Floette|move: Protect\n|-activate|p1b: Sneasler|move: Protect\n|-damage|p1a: Scovillain|23/100\n|-status|p2a: Garchomp|brn|[from] ability: Spicy Spray|[of] p1a: Scovillain\n|move|p1a: Scovillain|Leech Seed|p2b: Floette\n|-activate|p2b: Floette|move: Protect\n|\n|-damage|p2b: Floette|42/100 brn|[from] brn\n|-damage|p2a: Garchomp|95/100 brn|[from] brn\n|upkeep\n|turn|6\n|\n|t:|1776156036\n|switch|p2b: Kingambit|Kingambit, L50, F|100/100\n|move|p1a: Scovillain|Protect|p1a: Scovillain\n|-singleturn|p1a: Scovillain|Protect\n|move|p1b: Sneasler|Close Combat|p2b: Kingambit\n|-supereffective|p2b: Kingambit|2\n|-enditem|p2b: Kingambit|Chople Berry|[eat]\n|-enditem|p2b: Kingambit|Chople Berry|[weaken]\n|-damage|p2b: Kingambit|19/100\n|-unboost|p1b: Sneasler|def|1\n|-unboost|p1b: Sneasler|spd|1\n|-enditem|p1b: Sneasler|White Herb\n|-clearnegativeboost|p1b: Sneasler|[silent]\n|move|p2a: Garchomp|Rock Slide|p1a: Scovillain|[spread] p1b\n|-activate|p1a: Scovillain|move: Protect\n|-resisted|p1b: Sneasler|1\n|-damage|p1b: Sneasler|93/100\n|\n|-damage|p2a: Garchomp|89/100 brn|[from] brn\n|upkeep\n|turn|7\n|\n|t:|1776156057\n|switch|p1b: Basculegion|Basculegion-F, L50, F|100/100\n|move|p2b: Kingambit|Protect|p2b: Kingambit\n|-singleturn|p2b: Kingambit|Protect\n|move|p2a: Garchomp|Earthquake|p1b: Basculegion|[spread] p1a,p1b\n|-activate|p2b: Kingambit|move: Protect\n|-damage|p1a: Scovillain|0 fnt\n|-damage|p1b: Basculegion|76/100\n|faint|p1a: Scovillain\n|\n|-damage|p2a: Garchomp|83/100 brn|[from] brn\n|upkeep\n|\n|t:|1776156068\n|switch|p1a: Sneasler|Sneasler, L50, F|93/100\n|turn|8\n|\n|t:|1776156082\n|switch|p2b: Floette|Floette-Mega, L50, F|42/100 brn\n|-ability|p2b: Floette|Fairy Aura\n|move|p2a: Garchomp|Protect|p2a: Garchomp\n|-singleturn|p2a: Garchomp|Protect\n|move|p1b: Basculegion|Hex|p2a: Garchomp\n|-activate|p2a: Garchomp|move: Protect\n|move|p1a: Sneasler|Close Combat|p2b: Floette\n|-resisted|p2b: Floette|1\n|-damage|p2b: Floette|7/100 brn\n|-unboost|p1a: Sneasler|def|1\n|-unboost|p1a: Sneasler|spd|1\n|\n|-damage|p2a: Garchomp|77/100 brn|[from] brn\n|-damage|p2b: Floette|2/100 brn|[from] brn\n|upkeep\n|turn|9\n|\n|t:|1776156100\n|move|p1a: Sneasler|Protect|p1a: Sneasler\n|-singleturn|p1a: Sneasler|Protect\n|move|p1b: Basculegion|Hex|p2a: Garchomp\n|-damage|p2a: Garchomp|2/100 brn\n|move|p2a: Garchomp|Earthquake|p1a: Sneasler|[spread] p2b,p1b\n|-activate|p1a: Sneasler|move: Protect\n|-damage|p2b: Floette|0 fnt\n|-damage|p1b: Basculegion|52/100\n|faint|p2b: Floette\n|\n|-damage|p2a: Garchomp|0 fnt|[from] brn\n|faint|p2a: Garchomp\n|upkeep\n|\n|t:|1776156108\n|switch|p2b: Kingambit|Kingambit, L50, F|19/100\n|turn|10\n|\n|t:|1776156115\n|move|p2b: Kingambit|Sucker Punch|p1a: Sneasler\n|-resisted|p1a: Sneasler|1\n|-damage|p1a: Sneasler|45/100\n|move|p1b: Basculegion|Hex|p2b: Kingambit\n|-resisted|p2b: Kingambit|1\n|-damage|p2b: Kingambit|0 fnt\n|faint|p2b: Kingambit\n|\n|win|chickencharlamagne\n|raw|chickencharlamagne's rating: 1424 &rarr; <strong>1446</strong><br />(+22 for winning)\n|raw|cclap2's rating: 1453 &rarr; <strong>1431</strong><br />(-22 for losing)\n",
  "uploadtime": 1776156118,
  "views": 36,
  "formatid": "gen9championsvgc2026regma",
  "rating": 1431,
  "private": 0,
  "password": null
}