{
  "id": "gen9championsvgc2026regma-2583983904",
  "format": "[Gen 9 Champions] VGC 2026 Reg M-A",
  "players": [
    "SabrinaCarTimburr",
    "wumzu"
  ],
  "log": "|j|\u2606SabrinaCarTimburr\n|j|\u2606wumzu\n|t:|1776214119\n|gametype|doubles\n|player|p1|SabrinaCarTimburr|sabrina-frlg|1071\n|player|p2|wumzu|flannery|1000\n|gen|9\n|tier|[Gen 9 Champions] VGC 2026 Reg M-A\n|rated|\n|rule|Species Clause: Limit one of each Pok\u00e9mon\n|rule|Item Clause: Limit 1 of each item\n|clearpoke\n|poke|p1|Victreebel, L50, F|\n|poke|p1|Gyarados, L50, M|\n|poke|p1|Volcarona, L50, M|\n|poke|p1|Kingambit, L50, M|\n|poke|p1|Dragapult, L50, M|\n|poke|p1|Gardevoir, L50, F|\n|poke|p2|Skarmory, L50, M|\n|poke|p2|Krookodile, L50, M|\n|poke|p2|Meganium, L50, F|\n|poke|p2|Altaria, L50, F|\n|poke|p2|Infernape, L50, M|\n|poke|p2|Rotom-Wash, L50|\n|teampreview|4\n|inactive|Battle timer is ON: inactive players will automatically lose when time's up. (requested by SabrinaCarTimburr)\nwumzu rejected open team sheets.\n|inactive|SabrinaCarTimburr has 60 seconds left.\n|inactive|wumzu has 60 seconds left.\n|inactive|wumzu has 30 seconds left.\n|inactive|wumzu has 20 seconds left.\n|inactive|wumzu has 15 seconds left.\n|inactive|wumzu has 10 seconds left.\n|inactive|wumzu has 5 seconds left.\n|\n|t:|1776214206\n|teamsize|p1|4\n|teamsize|p2|4\n|start\n|switch|p1a: Victreebel|Victreebel, L50, F|100/100\n|switch|p1b: Gyarados|Gyarados, L50, M, shiny|100/100\n|switch|p2a: Infernape|Infernape, L50, M, shiny|100/100\n|switch|p2b: Skarmory|Skarmory, L50, M, shiny|100/100\n|-ability|p1b: Gyarados|Intimidate|boost\n|-unboost|p2a: Infernape|atk|1\n|-unboost|p2b: Skarmory|atk|1\n|turn|1\n|inactive|SabrinaCarTimburr has 30 seconds left.\n|inactive|wumzu has 30 seconds left.\n|inactive|wumzu has 20 seconds left.\n|inactive|wumzu has 15 seconds left.\n|\n|t:|1776214247\n|detailschange|p1a: Victreebel|Victreebel-Mega, L50, F\n|-mega|p1a: Victreebel|Victreebel|Victreebelite\n|move|p1a: Victreebel|Protect|p1a: Victreebel\n|-singleturn|p1a: Victreebel|Protect\n|move|p2a: Infernape|Fake Out|p1b: Gyarados\n|-damage|p1b: Gyarados|93/100\n|move|p2b: Skarmory|Swords Dance|p2b: Skarmory\n|-boost|p2b: Skarmory|atk|2\n|cant|p1b: Gyarados|flinch\n|\n|upkeep\n|turn|2\n|inactive|wumzu has 30 seconds left.\n|inactive|wumzu has 20 seconds left.\n|inactive|wumzu has 15 seconds left.\n|\n|t:|1776214288\n|switch|p1a: Volcarona|Volcarona, L50, M|100/100\n|move|p2a: Infernape|Fire Punch|p1a: Volcarona\n|-damage|p1a: Volcarona|58/100\n|-immune|p2a: Infernape\n|move|p2b: Skarmory|Swords Dance|p2b: Skarmory\n|-boost|p2b: Skarmory|atk|2\n|move|p1b: Gyarados|Waterfall|p2a: Infernape\n|-supereffective|p2a: Infernape|1\n|-damage|p2a: Infernape|4/100\n|\n|-heal|p1a: Volcarona|64/100|[from] item: Leftovers\n|upkeep\n|turn|3\n|inactive|SabrinaCarTimburr has 30 seconds left.\n|inactive|wumzu has 30 seconds left.\n|inactive|SabrinaCarTimburr has 20 seconds left.\n|\n|t:|1776214323\n|switch|p2a: Rotom|Rotom-Wash, L50, shiny|100/100\n|detailschange|p2b: Skarmory|Skarmory-Mega, L50, M, shiny\n|-mega|p2b: Skarmory|Skarmory|Skarmorite\n|move|p1a: Volcarona|Protect|p1a: Volcarona\n|-singleturn|p1a: Volcarona|Protect\n|move|p2b: Skarmory|Brave Bird|p1a: Volcarona\n|-activate|p1a: Volcarona|move: Protect\n|move|p1b: Gyarados|Thunder Wave|p2b: Skarmory\n|-status|p2b: Skarmory|par\n|\n|-heal|p1a: Volcarona|70/100|[from] item: Leftovers\n|upkeep\n|turn|4\n|inactive|SabrinaCarTimburr has 30 seconds left.\n|inactive|wumzu has 30 seconds left.\n|inactive|SabrinaCarTimburr has 20 seconds left.\n|\n|t:|1776214360\n|move|p1b: Gyarados|Protect|p1b: Gyarados\n|-singleturn|p1b: Gyarados|Protect\n|move|p2a: Rotom|Volt Switch|p1b: Gyarados\n|-activate|p1b: Gyarados|move: Protect\n|move|p1a: Volcarona|Flamethrower|p2b: Skarmory\n|-supereffective|p2b: Skarmory|1\n|-damage|p2b: Skarmory|0 fnt\n|faint|p2b: Skarmory\n|\n|-heal|p1a: Volcarona|77/100|[from] item: Leftovers\n|upkeep\n|inactive|wumzu has 30 seconds left.\n|\n|t:|1776214390\n|switch|p2b: Krookodile|Krookodile, L50, M, shiny|100/100\n|turn|5\n|\n|t:|1776214412\n|switch|p1b: Victreebel|Victreebel-Mega, L50, F|100/100\n|move|p1a: Volcarona|Protect|p1a: Volcarona\n|-singleturn|p1a: Volcarona|Protect\n|move|p2b: Krookodile|Rock Slide|p1b: Victreebel|[spread] p1b\n|-activate|p1a: Volcarona|move: Protect\n|-damage|p1b: Victreebel|83/100\n|move|p2a: Rotom|Volt Switch|p1b: Victreebel\n|-resisted|p1b: Victreebel|1\n|-damage|p1b: Victreebel|69/100\n|\n|t:|1776214422\n|switch|p2a: Infernape|Infernape, L50, M, shiny|4/100|[from] Volt Switch\n|\n|-heal|p1a: Volcarona|83/100|[from] item: Leftovers\n|upkeep\n|turn|6\n|inactive|SabrinaCarTimburr has 30 seconds left.\n|inactive|SabrinaCarTimburr has 20 seconds left.\n|\n|t:|1776214460\n|move|p1b: Victreebel|Protect|p1b: Victreebel\n|-singleturn|p1b: Victreebel|Protect\n|move|p2a: Infernape|Fake Out|p1b: Victreebel\n|-activate|p1b: Victreebel|move: Protect\n|move|p2b: Krookodile|Rock Slide|p1a: Volcarona|[spread] p1a\n|-activate|p1b: Victreebel|move: Protect\n|-supereffective|p1a: Volcarona|2\n|-damage|p1a: Volcarona|0 fnt\n|faint|p1a: Volcarona\n|-ability|p2b: Krookodile|Moxie|boost\n|-boost|p2b: Krookodile|atk|1\n|\n|upkeep\n|\n|t:|1776214474\n|switch|p1a: Kingambit|Kingambit, L50, M|100/100\n|turn|7\n|inactive|wumzu has 30 seconds left.\n|inactive|wumzu has 20 seconds left.\n|\n|t:|1776214512\n|switch|p2b: Rotom|Rotom-Wash, L50, shiny|100/100\n|switch|p1b: Gyarados|Gyarados, L50, M, shiny|93/100\n|-ability|p1b: Gyarados|Intimidate|boost\n|-unboost|p2a: Infernape|atk|1\n|-unboost|p2b: Rotom|atk|1\n|move|p2a: Infernape|Drain Punch|p1a: Kingambit\n|-supereffective|p1a: Kingambit|2\n|-damage|p1a: Kingambit|2/100\n|-heal|p2a: Infernape|71/100|[from] drain|[of] p1a: Kingambit\n|move|p1a: Kingambit|Kowtow Cleave|p2a: Infernape\n|-resisted|p2a: Infernape|1\n|-damage|p2a: Infernape|27/100\n|\n|upkeep\n|turn|8\n|inactive|SabrinaCarTimburr has 30 seconds left.\n|\n|t:|1776214545\n|switch|p1b: Victreebel|Victreebel-Mega, L50, F|69/100\n|move|p2a: Infernape|Mach Punch|p1a: Kingambit\n|-supereffective|p1a: Kingambit|2\n|-damage|p1a: Kingambit|0 fnt\n|faint|p1a: Kingambit\n|move|p2b: Rotom|Volt Switch|p1b: Victreebel\n|-resisted|p1b: Victreebel|1\n|-damage|p1b: Victreebel|53/100\n|\n|t:|1776214554\n|switch|p2b: Krookodile|Krookodile, L50, M, shiny|100/100|[from] Volt Switch\n|\n|upkeep\n|\n|t:|1776214560\n|switch|p1a: Gyarados|Gyarados, L50, M, shiny|93/100\n|-ability|p1a: Gyarados|Intimidate|boost\n|-unboost|p2a: Infernape|atk|1\n|-unboost|p2b: Krookodile|atk|1\n|turn|9\n|inactive|wumzu has 30 seconds left.\n|\n|t:|1776214588\n|move|p1b: Victreebel|Protect|p1b: Victreebel\n|-singleturn|p1b: Victreebel|Protect\n|move|p2b: Krookodile|Rock Slide|p1a: Gyarados|[spread] p1a\n|-activate|p1b: Victreebel|move: Protect\n|-supereffective|p1a: Gyarados|1\n|-damage|p1a: Gyarados|72/100\n|move|p2a: Infernape|Fire Punch|p1b: Victreebel\n|-activate|p1b: Victreebel|move: Protect\n|move|p1a: Gyarados|Waterfall|p2a: Infernape\n|-supereffective|p2a: Infernape|1\n|-damage|p2a: Infernape|0 fnt\n|faint|p2a: Infernape\n|\n|upkeep\n|\n|t:|1776214601\n|switch|p2a: Rotom|Rotom-Wash, L50, shiny|100/100\n|turn|10\n|inactive|wumzu has 30 seconds left.\n|inactive|wumzu has 20 seconds left.\n|inactive|wumzu has 15 seconds left.\n|\n|t:|1776214642\n|move|p1a: Gyarados|Protect|p1a: Gyarados\n|-singleturn|p1a: Gyarados|Protect\n|move|p2b: Krookodile|Rock Slide|p1a: Gyarados|[spread] p1b\n|-activate|p1a: Gyarados|move: Protect\n|-damage|p1b: Victreebel|41/100\n|move|p2a: Rotom|Will-O-Wisp|p1b: Victreebel\n|-status|p1b: Victreebel|brn\n|move|p1b: Victreebel|Giga Drain|p2a: Rotom\n|-supereffective|p2a: Rotom|1\n|-enditem|p2a: Rotom|Rindo Berry|[eat]\n|-enditem|p2a: Rotom|Rindo Berry|[weaken]\n|-damage|p2a: Rotom|51/100\n|-heal|p1b: Victreebel|58/100 brn|[from] drain|[of] p2a: Rotom\n|\n|-damage|p1b: Victreebel|52/100 brn|[from] brn\n|upkeep\n|turn|11\n|inactive|SabrinaCarTimburr has 30 seconds left.\n|inactive|SabrinaCarTimburr has 20 seconds left.\n|inactive|SabrinaCarTimburr has 15 seconds left.\n|\n|t:|1776214683\n|move|p2b: Krookodile|Rock Slide|p1b: Victreebel|[spread] p1a,p1b\n|-supereffective|p1a: Gyarados|1\n|-damage|p1a: Gyarados|50/100\n|-damage|p1b: Victreebel|40/100 brn\n|-enditem|p1a: Gyarados|Sitrus Berry|[eat]\n|-heal|p1a: Gyarados|75/100|[from] item: Sitrus Berry\n|move|p2a: Rotom|Volt Switch|p1a: Gyarados\n|-supereffective|p1a: Gyarados|2\n|-damage|p1a: Gyarados|0 fnt\n|faint|p1a: Gyarados\n|move|p1b: Victreebel|Strength Sap|p2b: Krookodile\n|-unboost|p2b: Krookodile|atk|1\n|-heal|p1b: Victreebel|100/100 brn\n|\n|-damage|p1b: Victreebel|95/100 brn|[from] brn\n|upkeep\n|turn|12\n|\n|t:|1776214701\n|move|p2b: Krookodile|Rock Slide|p1b: Victreebel\n|-damage|p1b: Victreebel|83/100 brn\n|move|p2a: Rotom|Volt Switch|p1b: Victreebel\n|-resisted|p1b: Victreebel|1\n|-damage|p1b: Victreebel|70/100 brn\n|cant|p1b: Victreebel|flinch\n|\n|-damage|p1b: Victreebel|64/100 brn|[from] brn\n|upkeep\n|turn|13\n|\n|t:|1776214712\n|move|p2b: Krookodile|Rock Slide|p1b: Victreebel\n|-damage|p1b: Victreebel|53/100 brn\n|move|p2a: Rotom|Volt Switch|p1b: Victreebel\n|-resisted|p1b: Victreebel|1\n|-damage|p1b: Victreebel|37/100 brn\n|cant|p1b: Victreebel|flinch\n|\n|-damage|p1b: Victreebel|32/100 brn|[from] brn\n|upkeep\n|turn|14\n|\n|t:|1776214722\n|move|p2b: Krookodile|Rock Slide|p1b: Victreebel\n|-damage|p1b: Victreebel|19/100 brn\n|move|p2a: Rotom|Volt Switch|p1b: Victreebel\n|-resisted|p1b: Victreebel|1\n|-damage|p1b: Victreebel|4/100 brn\n|cant|p1b: Victreebel|flinch\n|\n|-damage|p1b: Victreebel|0 fnt|[from] brn\n|faint|p1b: Victreebel\n|\n|win|wumzu\n|raw|SabrinaCarTimburr's rating: 1071 &rarr; <strong>1046</strong><br />(-25 for losing)\n|raw|wumzu's rating: 1000 &rarr; <strong>1048</strong><br />(+48 for winning)\n|l|\u2606wumzu\n|player|p2|\n|l|\u2606SabrinaCarTimburr\n|player|p1|\n|j|\u2606SabrinaCarTimburr\n|player|p1|SabrinaCarTimburr|sabrina-frlg|\n",
  "uploadtime": 1776214781,
  "views": 20,
  "formatid": "gen9championsvgc2026regma",
  "rating": 1046,
  "private": 0,
  "password": null
}