{
  "id": "gen9championsvgc2026regma-2588713873",
  "format": "[Gen 9 Champions] VGC 2026 Reg M-A",
  "players": [
    "raigonjoy",
    "SalamiStalker"
  ],
  "log": "|j|\u2606raigonjoy\n|j|\u2606SalamiStalker\n|t:|1776660979\n|gametype|doubles\n|player|p1|raigonjoy|1|1116\n|player|p2|SalamiStalker|102|1220\n|gen|9\n|tier|[Gen 9 Champions] VGC 2026 Reg M-A\n|rated|\n|rule|Species Clause: Limit one of each Pok\u00e9mon\n|rule|Item Clause: Limit 1 of each item\n|clearpoke\n|poke|p1|Gengar, L50, M|\n|poke|p1|Zoroark-Hisui, L50, F|\n|poke|p1|Basculegion, L50, M|\n|poke|p1|Kingambit, L50, F|\n|poke|p1|Sneasler, L50, M|\n|poke|p1|Maushold-Four, L50|\n|poke|p2|Gardevoir, L50, M|\n|poke|p2|Maushold-Four, L50|\n|poke|p2|Talonflame, L50, F|\n|poke|p2|Basculegion, L50, M|\n|poke|p2|Kingambit, L50, F|\n|poke|p2|Garchomp, L50, F|\n|teampreview|4\n|inactive|Battle timer is ON: inactive players will automatically lose when time's up. (requested by raigonjoy)\n|inactive|raigonjoy has 60 seconds left.\n|inactive|SalamiStalker has 60 seconds left.\n|\n|t:|1776661035\n|teamsize|p1|4\n|teamsize|p2|4\n|start\n|switch|p1a: Gengar|Gengar, L50, M|100/100\n|switch|p1b: Maushold|Maushold-Four, L50|100/100\n|switch|p2a: Garchomp|Garchomp, L50, F|100/100\n|switch|p2b: Gardevoir|Gardevoir, L50, M|100/100\n|turn|1\n|inactive|SalamiStalker has 30 seconds left.\n|\n|t:|1776661060\n|detailschange|p1a: Gengar|Gengar-Mega, L50, M\n|-mega|p1a: Gengar|Gengar|Gengarite\n|move|p1b: Maushold|Follow Me|p1b: Maushold\n|-singleturn|p1b: Maushold|move: Follow Me\n|move|p1a: Gengar|Perish Song|p1a: Gengar\n|-start|p1a: Gengar|perish3|[silent]\n|-start|p1b: Maushold|perish3|[silent]\n|-start|p2a: Garchomp|perish3|[silent]\n|-start|p2b: Gardevoir|perish3|[silent]\n|-fieldactivate|move: Perish Song\n|move|p2a: Garchomp|Earthquake|p1a: Gengar|[spread] p1a\n|-activate|p2b: Gardevoir|ability: Telepathy\n|-miss|p2a: Garchomp|p1b: Maushold\n|-supereffective|p1a: Gengar|1\n|-damage|p1a: Gengar|41/100\n|move|p2b: Gardevoir|Trick Room|p2b: Gardevoir\n|-fieldstart|move: Trick Room|[of] p2b: Gardevoir\n|\n|-start|p2b: Gardevoir|perish3\n|-start|p2a: Garchomp|perish3\n|-start|p1a: Gengar|perish3\n|-start|p1b: Maushold|perish3\n|upkeep\n|turn|2\n|inactive|SalamiStalker has 30 seconds left.\n|\n|t:|1776661093\n|move|p1a: Gengar|Protect|p1a: Gengar\n|-singleturn|p1a: Gengar|Protect\n|move|p1b: Maushold|Protect|p1b: Maushold\n|-singleturn|p1b: Maushold|Protect\n|move|p2b: Gardevoir|Psyshock|p1a: Gengar\n|-activate|p1a: Gengar|move: Protect\n|move|p2a: Garchomp|Dragon Claw|p1b: Maushold\n|-activate|p1b: Maushold|move: Protect\n|\n|-start|p2b: Gardevoir|perish2\n|-start|p2a: Garchomp|perish2\n|-start|p1a: Gengar|perish2\n|-start|p1b: Maushold|perish2\n|upkeep\n|turn|3\n|\n|t:|1776661109\n|switch|p1a: Kingambit|Kingambit, L50, F|100/100\n|move|p2b: Gardevoir|Psyshock|p1b: Maushold\n|-damage|p1b: Maushold|45/100\n|move|p2a: Garchomp|Earthquake|p1b: Maushold|[spread] p1a,p1b\n|-activate|p2b: Gardevoir|ability: Telepathy\n|-supereffective|p1a: Kingambit|1\n|-damage|p1a: Kingambit|55/100\n|-damage|p1b: Maushold|0 fnt\n|faint|p1b: Maushold\n|\n|-start|p2b: Gardevoir|perish1\n|-start|p2a: Garchomp|perish1\n|upkeep\n|\n|t:|1776661124\n|switch|p1b: Gengar|Gengar-Mega, L50, M|41/100\n|turn|4\n|inactive|SalamiStalker has 30 seconds left.\n|\n|t:|1776661152\n|detailschange|p2b: Gardevoir|Gardevoir-Mega, L50, M\n|-mega|p2b: Gardevoir|Gardevoir|Gardevoirite\n|move|p1a: Kingambit|Protect|p1a: Kingambit\n|-singleturn|p1a: Kingambit|Protect\n|move|p1b: Gengar|Protect|p1b: Gengar\n|-singleturn|p1b: Gengar|Protect\n|move|p2b: Gardevoir|Hyper Voice|p1a: Kingambit|[spread] \n|-activate|p1a: Kingambit|move: Protect\n|-activate|p1b: Gengar|move: Protect\n|move|p2a: Garchomp|Earthquake|p1a: Kingambit|[spread] p2b\n|-activate|p1a: Kingambit|move: Protect\n|-activate|p1b: Gengar|move: Protect\n|-damage|p2b: Gardevoir|47/100\n|\n|-start|p2b: Gardevoir|perish0\n|-start|p2a: Garchomp|perish0\n|faint|p2b: Gardevoir\n|faint|p2a: Garchomp\n|upkeep\n|\n|t:|1776661160\n|switch|p2b: Maushold|Maushold-Four, L50|100/100\n|switch|p2a: Kingambit|Kingambit, L50, F|100/100\n|turn|5\n|\n|t:|1776661181\n|switch|p1b: Sneasler|Sneasler, L50, M|100/100\n|move|p2b: Maushold|Protect|p2b: Maushold\n|-singleturn|p2b: Maushold|Protect\n|move|p1a: Kingambit|Kowtow Cleave|p2b: Maushold\n|-activate|p2b: Maushold|move: Protect\n|move|p2a: Kingambit|Kowtow Cleave|p1b: Sneasler\n|-resisted|p1b: Sneasler|1\n|-damage|p1b: Sneasler|60/100\n|\n|-fieldend|move: Trick Room\n|upkeep\n|turn|6\n|\n|t:|1776661202\n|move|p2a: Kingambit|Protect|p2a: Kingambit\n|-singleturn|p2a: Kingambit|Protect\n|move|p1b: Sneasler|Fake Out|p2a: Kingambit\n|-activate|p2a: Kingambit|move: Protect\n|move|p2b: Maushold|Encore|p1b: Sneasler\n|-start|p1b: Sneasler|Encore\n|move|p1a: Kingambit|Kowtow Cleave|p2b: Maushold\n|-crit|p2b: Maushold\n|-damage|p2b: Maushold|6/100\n|\n|upkeep\n|turn|7\n|\n|t:|1776661221\n|switch|p1b: Gengar|Gengar-Mega, L50, M|41/100\n|move|p1a: Kingambit|Sucker Punch|p2b: Maushold\n|-damage|p2b: Maushold|0 fnt\n|faint|p2b: Maushold\n|move|p2a: Kingambit|Kowtow Cleave|p1b: Gengar\n|-supereffective|p1b: Gengar|1\n|-crit|p1b: Gengar\n|-damage|p1b: Gengar|0 fnt\n|faint|p1b: Gengar\n|\n|upkeep\n|\n|t:|1776661232\n|switch|p1b: Sneasler|Sneasler, L50, M|60/100\n|turn|8\n|\n|t:|1776661241\n|move|p1b: Sneasler|Close Combat|p2a: Kingambit\n|-supereffective|p2a: Kingambit|2\n|-enditem|p2a: Kingambit|Chople Berry|[eat]\n|-enditem|p2a: Kingambit|Chople Berry|[weaken]\n|-damage|p2a: Kingambit|15/100\n|-unboost|p1b: Sneasler|def|1\n|-unboost|p1b: Sneasler|spd|1\n|-enditem|p1b: Sneasler|White Herb\n|-clearnegativeboost|p1b: Sneasler|[silent]\n|move|p2a: Kingambit|Kowtow Cleave|p1b: Sneasler\n|-resisted|p1b: Sneasler|1\n|-damage|p1b: Sneasler|23/100\n|move|p1a: Kingambit|Kowtow Cleave|p2a: Kingambit\n|-resisted|p2a: Kingambit|1\n|-damage|p2a: Kingambit|0 fnt\n|faint|p2a: Kingambit\n|\n|win|raigonjoy\n|raw|raigonjoy's rating: 1116 &rarr; <strong>1148</strong><br />(+32 for winning)\n|raw|SalamiStalker's rating: 1220 &rarr; <strong>1188</strong><br />(-32 for losing)\n|l|\u2606SalamiStalker\n|player|p2|\n",
  "uploadtime": 1776661263,
  "views": 6,
  "formatid": "gen9championsvgc2026regma",
  "rating": 1148,
  "private": 0,
  "password": null
}