{
  "id": "gen9championsvgc2026regma-2581783651",
  "format": "[Gen 9 Champions] VGC 2026 Reg M-A",
  "players": [
    "Logan522",
    "cartaguito21"
  ],
  "log": "|j|\u2606Logan522\n|j|\u2606cartaguito21\n|t:|1776028094\n|gametype|doubles\n|player|p1|Logan522|twins|1256\n|player|p2|cartaguito21|265|1267\n|gen|9\n|tier|[Gen 9 Champions] VGC 2026 Reg M-A\n|rated|\n|rule|Species Clause: Limit one of each Pok\u00e9mon\n|rule|Item Clause: Limit 1 of each item\n|clearpoke\n|poke|p1|Skarmory, L50, F|\n|poke|p1|Tyranitar, L50, F|\n|poke|p1|Sinistcha, L50|\n|poke|p1|Garchomp, L50, M|\n|poke|p1|Sylveon, L50, F|\n|poke|p1|Rotom-Wash, L50|\n|poke|p2|Gengar, L50, F|\n|poke|p2|Incineroar, L50, M|\n|poke|p2|Palafin, L50, F|\n|poke|p2|Politoed, L50, F|\n|poke|p2|Dragapult, L50, M|\n|poke|p2|Sneasler, L50, F|\n|teampreview|4\n|inactive|Battle timer is ON: inactive players will automatically lose when time's up. (requested by cartaguito21)\n|\n|t:|1776028141\n|teamsize|p1|4\n|teamsize|p2|4\n|start\n|switch|p1a: Garchomp|Garchomp, L50, M|100/100\n|switch|p1b: Tyranitar|Tyranitar, L50, F|100/100\n|switch|p2a: Gengar|Gengar, L50, F|100/100\n|switch|p2b: Palafin|Palafin, L50, F|100/100\n|-weather|Sandstorm|[from] ability: Sand Stream|[of] p1b: Tyranitar\n|turn|1\n|\n|t:|1776028163\n|detailschange|p2b: Palafin|Palafin-Hero, L50, F\n|switch|p2b: Politoed|Politoed, L50, F|100/100\n|-weather|RainDance|[from] ability: Drizzle|[of] p2b: Politoed\n|detailschange|p2a: Gengar|Gengar-Mega, L50, F\n|-mega|p2a: Gengar|Gengar|Gengarite\n|move|p2a: Gengar|Protect|p2a: Gengar\n|-singleturn|p2a: Gengar|Protect\n|move|p1a: Garchomp|Stomping Tantrum|p2a: Gengar\n|-activate|p2a: Gengar|move: Protect\n|move|p1b: Tyranitar|Rock Slide|p2b: Politoed|[spread] \n|-activate|p2a: Gengar|move: Protect\n|-miss|p1b: Tyranitar|p2b: Politoed\n|\n|-weather|RainDance|[upkeep]\n|upkeep\n|turn|2\n|inactive|Logan522 has 30 seconds left.\n|\n|t:|1776028197\n|switch|p2a: Palafin|Palafin-Hero, L50, F|100/100\n|-activate|p2a: Palafin|ability: Zero to Hero\n|detailschange|p1b: Tyranitar|Tyranitar-Mega, L50, F\n|-mega|p1b: Tyranitar|Tyranitar|Tyranitarite\n|-weather|Sandstorm|[from] ability: Sand Stream|[of] p1b: Tyranitar\n|move|p1a: Garchomp|Stomping Tantrum|p2a: Palafin\n|-damage|p2a: Palafin|63/100\n|move|p1b: Tyranitar|Rock Slide|p2a: Palafin|[spread] p2a,p2b\n|-damage|p2a: Palafin|29/100\n|-damage|p2b: Politoed|63/100\n|move|p2b: Politoed|Ice Beam|p1a: Garchomp\n|-supereffective|p1a: Garchomp|2\n|-damage|p1a: Garchomp|0 fnt\n|faint|p1a: Garchomp\n|\n|-weather|Sandstorm|[upkeep]\n|-damage|p2a: Palafin|23/100|[from] Sandstorm\n|-damage|p2b: Politoed|57/100|[from] Sandstorm\n|upkeep\n|\n|t:|1776028214\n|switch|p1a: Skarmory|Skarmory, L50, F|100/100\n|turn|3\n|\n|t:|1776028236\n|switch|p1b: Sinistcha|Sinistcha, L50|100/100\n|switch|p2b: Sneasler|Sneasler, L50, F|100/100\n|move|p2a: Palafin|Protect|p2a: Palafin\n|-singleturn|p2a: Palafin|Protect\n|move|p1a: Skarmory|Tailwind|p1a: Skarmory\n|-sidestart|p1: Logan522|move: Tailwind\n|\n|-weather|Sandstorm|[upkeep]\n|-damage|p2b: Sneasler|95/100|[from] Sandstorm\n|-damage|p1b: Sinistcha|94/100|[from] Sandstorm\n|-damage|p2a: Palafin|17/100|[from] Sandstorm\n|upkeep\n|turn|4\n|inactive|cartaguito21 has 30 seconds left.\n|\n|t:|1776028270\n|move|p2b: Sneasler|Protect|p2b: Sneasler\n|-singleturn|p2b: Sneasler|Protect\n|move|p1a: Skarmory|Brave Bird|p2b: Sneasler\n|-activate|p2b: Sneasler|move: Protect\n|move|p1b: Sinistcha|Matcha Gotcha|p2a: Palafin|[spread] p2a\n|-activate|p2b: Sneasler|move: Protect\n|-supereffective|p2a: Palafin|1\n|-damage|p2a: Palafin|0 fnt\n|-heal|p1b: Sinistcha|100/100|[from] drain|[of] p2a: Palafin\n|faint|p2a: Palafin\n|\n|-weather|Sandstorm|[upkeep]\n|-damage|p2b: Sneasler|89/100|[from] Sandstorm\n|-damage|p1b: Sinistcha|94/100|[from] Sandstorm\n|upkeep\n|\n|t:|1776028278\n|switch|p2a: Gengar|Gengar-Mega, L50, F|100/100\n|turn|5\n|\n|t:|1776028293\n|switch|p2b: Politoed|Politoed, L50, F|57/100\n|-weather|RainDance|[from] ability: Drizzle|[of] p2b: Politoed\n|move|p1a: Skarmory|Brave Bird|p2b: Politoed\n|-damage|p2b: Politoed|16/100\n|-enditem|p2b: Politoed|Sitrus Berry|[eat]\n|-heal|p2b: Politoed|41/100|[from] item: Sitrus Berry\n|-damage|p1a: Skarmory|84/100|[from] Recoil\n|move|p2a: Gengar|Shadow Ball|p1b: Sinistcha\n|-supereffective|p1b: Sinistcha|1\n|-damage|p1b: Sinistcha|0 fnt\n|faint|p1b: Sinistcha\n|\n|-weather|RainDance|[upkeep]\n|upkeep\n|\n|t:|1776028305\n|switch|p1b: Tyranitar|Tyranitar-Mega, L50, F|100/100\n|-weather|Sandstorm|[from] ability: Sand Stream|[of] p1b: Tyranitar\n|turn|6\n|\n|t:|1776028325\n|move|p2a: Gengar|Protect|p2a: Gengar\n|-singleturn|p2a: Gengar|Protect\n|move|p2b: Politoed|Protect|p2b: Politoed\n|-singleturn|p2b: Politoed|Protect\n|move|p1a: Skarmory|Brave Bird|p2b: Politoed\n|-activate|p2b: Politoed|move: Protect\n|move|p1b: Tyranitar|Knock Off|p2a: Gengar\n|-activate|p2a: Gengar|move: Protect\n|\n|-weather|Sandstorm|[upkeep]\n|-damage|p2a: Gengar|95/100|[from] Sandstorm\n|-damage|p2b: Politoed|35/100|[from] Sandstorm\n|-sideend|p1: Logan522|move: Tailwind\n|upkeep\n|turn|7\n|inactive|Logan522 has 30 seconds left.\n|\n|t:|1776028352\n|move|p2a: Gengar|Shadow Ball|p1a: Skarmory\n|-damage|p1a: Skarmory|4/100\n|move|p1a: Skarmory|Brave Bird|p2b: Politoed\n|-damage|p2b: Politoed|0 fnt\n|faint|p2b: Politoed\n|-damage|p1a: Skarmory|0 fnt|[from] Recoil\n|faint|p1a: Skarmory\n|move|p1b: Tyranitar|Knock Off|p2a: Gengar\n|-supereffective|p2a: Gengar|1\n|-damage|p2a: Gengar|0 fnt\n|faint|p2a: Gengar\n|\n|-weather|Sandstorm|[upkeep]\n|upkeep\n|\n|t:|1776028363\n|switch|p2a: Sneasler|Sneasler, L50, F|89/100\n|turn|8\n|\n|t:|1776028367\n|move|p1b: Tyranitar|Protect|p1b: Tyranitar\n|-singleturn|p1b: Tyranitar|Protect\n|move|p2a: Sneasler|Fake Out|p1b: Tyranitar\n|-activate|p1b: Tyranitar|move: Protect\n|\n|-weather|Sandstorm|[upkeep]\n|-damage|p2a: Sneasler|83/100|[from] Sandstorm\n|upkeep\n|turn|9\n|\n|t:|1776028378\n|move|p2a: Sneasler|Close Combat|p1b: Tyranitar\n|-supereffective|p1b: Tyranitar|2\n|-damage|p1b: Tyranitar|0 fnt\n|-unboost|p2a: Sneasler|def|1\n|-unboost|p2a: Sneasler|spd|1\n|faint|p1b: Tyranitar\n|\n|win|cartaguito21\n|raw|Logan522's rating: 1256 &rarr; <strong>1232</strong><br />(-24 for losing)\n|raw|cartaguito21's rating: 1267 &rarr; <strong>1291</strong><br />(+24 for winning)\n",
  "uploadtime": 1776028386,
  "views": 28,
  "formatid": "gen9championsvgc2026regma",
  "rating": 1232,
  "private": 0,
  "password": null
}