{
  "id": "gen9championsvgc2026regma-2588624035",
  "format": "[Gen 9 Champions] VGC 2026 Reg M-A",
  "players": [
    "slimeslatt252",
    "Sic-beatz"
  ],
  "log": "|j|\u2606slimeslatt252\n|j|\u2606Sic-beatz\n|t:|1776651200\n|gametype|doubles\n|player|p1|slimeslatt252|101|1554\n|player|p2|Sic-beatz|266|1479\n|gen|9\n|tier|[Gen 9 Champions] VGC 2026 Reg M-A\n|rated|\n|rule|Species Clause: Limit one of each Pok\u00e9mon\n|rule|Item Clause: Limit 1 of each item\n|clearpoke\n|poke|p1|Floette-Eternal, L50, F|\n|poke|p1|Delphox, L50, F|\n|poke|p1|Garchomp, L50, M|\n|poke|p1|Talonflame, L50, F|\n|poke|p1|Kingambit, L50, F|\n|poke|p1|Sneasler, L50, F|\n|poke|p2|Feraligatr, L50, M, shiny|\n|poke|p2|Sneasler, L50, F, shiny|\n|poke|p2|Talonflame, L50, F, shiny|\n|poke|p2|Sableye, L50, F, shiny|\n|poke|p2|Sinistcha, L50, shiny|\n|poke|p2|Sylveon, L50, M, shiny|\n|teampreview|4\n|inactive|Battle timer is ON: inactive players will automatically lose when time's up. (requested by slimeslatt252)\n|inactive|slimeslatt252 has 60 seconds left.\n|inactive|Sic-beatz has 60 seconds left.\n|\n|t:|1776651243\n|teamsize|p1|4\n|teamsize|p2|4\n|start\n|switch|p1a: Floette|Floette-Eternal, L50, F|100/100\n|switch|p1b: Sneasler|Sneasler, L50, F|100/100\n|switch|p2a: Feraligatr|Feraligatr, L50, M, shiny|100/100\n|switch|p2b: Sneasler|Sneasler, L50, F, shiny|100/100\n|turn|1\n|\n|t:|1776651269\n|detailschange|p1a: Floette|Floette-Mega, L50, F\n|-mega|p1a: Floette|Floette|Floettite\n|-ability|p1a: Floette|Fairy Aura\n|detailschange|p2a: Feraligatr|Feraligatr-Mega, L50, M, shiny\n|-mega|p2a: Feraligatr|Feraligatr|Feraligite\n|move|p2b: Sneasler|Fake Out|p1a: Floette\n|-damage|p1a: Floette|86/100\n|move|p1b: Sneasler|Fake Out|p2b: Sneasler\n|-damage|p2b: Sneasler|75/100\n|cant|p1a: Floette|flinch\n|move|p2a: Feraligatr|Waterfall|p1a: Floette\n|-damage|p1a: Floette|35/100\n|\n|upkeep\n|turn|2\n|\n|t:|1776651287\n|move|p1a: Floette|Protect|p1a: Floette\n|-singleturn|p1a: Floette|Protect\n|move|p2a: Feraligatr|Protect|p2a: Feraligatr\n|-singleturn|p2a: Feraligatr|Protect\n|move|p2b: Sneasler|Close Combat|p1b: Sneasler\n|-resisted|p1b: Sneasler|1\n|-damage|p1b: Sneasler|47/100\n|-unboost|p2b: Sneasler|def|1\n|-unboost|p2b: Sneasler|spd|1\n|-enditem|p2b: Sneasler|White Herb\n|-clearnegativeboost|p2b: Sneasler|[silent]\n|move|p1b: Sneasler|Close Combat|p2b: Sneasler\n|-resisted|p2b: Sneasler|1\n|-damage|p2b: Sneasler|16/100\n|-unboost|p1b: Sneasler|def|1\n|-unboost|p1b: Sneasler|spd|1\n|-enditem|p1b: Sneasler|White Herb\n|-clearnegativeboost|p1b: Sneasler|[silent]\n|\n|upkeep\n|turn|3\n|\n|t:|1776651309\n|switch|p1a: Garchomp|Garchomp, L50, M|100/100\n|move|p2a: Feraligatr|Aqua Jet|p1b: Sneasler\n|-damage|p1b: Sneasler|4/100\n|move|p2b: Sneasler|Dire Claw|p1a: Garchomp\n|-resisted|p1a: Garchomp|1\n|-damage|p1a: Garchomp|81/100\n|-damage|p2b: Sneasler|4/100|[from] ability: Rough Skin|[of] p1a: Garchomp\n|move|p1b: Sneasler|Close Combat|p2a: Feraligatr\n|-damage|p2a: Feraligatr|47/100\n|-unboost|p1b: Sneasler|def|1\n|-unboost|p1b: Sneasler|spd|1\n|\n|upkeep\n|turn|4\n|\n|t:|1776651331\n|switch|p2b: Sinistcha|Sinistcha, L50, shiny|100/100\n|-heal|p2a: Feraligatr|72/100|[from] ability: Hospitality|[of] p2b: Sinistcha\n|move|p1b: Sneasler|Protect|p1b: Sneasler\n|-singleturn|p1b: Sneasler|Protect\n|move|p2a: Feraligatr|Protect|p2a: Feraligatr\n|-singleturn|p2a: Feraligatr|Protect\n|move|p1a: Garchomp|Earthquake|p2b: Sinistcha|[spread] p2b\n|-activate|p1b: Sneasler|move: Protect\n|-activate|p2a: Feraligatr|move: Protect\n|-resisted|p2b: Sinistcha|1\n|-damage|p2b: Sinistcha|80/100\n|\n|upkeep\n|turn|5\n|\n|t:|1776651350\n|move|p2b: Sinistcha|Rage Powder|p2b: Sinistcha\n|-singleturn|p2b: Sinistcha|move: Rage Powder\n|move|p1b: Sneasler|Dire Claw|p2b: Sinistcha\n|-damage|p2b: Sinistcha|39/100\n|-enditem|p2b: Sinistcha|Sitrus Berry|[eat]\n|-heal|p2b: Sinistcha|63/100|[from] item: Sitrus Berry\n|move|p1a: Garchomp|Earthquake|p2b: Sinistcha|[spread] p1b,p2a,p2b\n|-supereffective|p1b: Sneasler|1\n|-resisted|p2b: Sinistcha|1\n|-damage|p1b: Sneasler|0 fnt\n|-damage|p2a: Feraligatr|40/100\n|-damage|p2b: Sinistcha|43/100\n|faint|p1b: Sneasler\n|move|p2a: Feraligatr|Facade|p1a: Garchomp\n|-supereffective|p1a: Garchomp|1\n|-damage|p1a: Garchomp|0 fnt\n|-damage|p2a: Feraligatr|28/100|[from] ability: Rough Skin|[of] p1a: Garchomp\n|faint|p1a: Garchomp\n|\n|upkeep\n|\n|t:|1776651360\n|switch|p1b: Floette|Floette-Mega, L50, F|35/100\n|switch|p1a: Talonflame|Talonflame, L50, F|100/100\n|-ability|p1b: Floette|Fairy Aura\n|turn|6\n|\n|t:|1776651378\n|move|p2a: Feraligatr|Protect|p2a: Feraligatr\n|-singleturn|p2a: Feraligatr|Protect\n|move|p1a: Talonflame|Tailwind|p1a: Talonflame\n|-sidestart|p1: slimeslatt252|move: Tailwind\n|move|p1b: Floette|Dazzling Gleam|p2b: Sinistcha|[spread] p2b\n|-activate|p2a: Feraligatr|move: Protect\n|-damage|p2b: Sinistcha|0 fnt\n|faint|p2b: Sinistcha\n|\n|upkeep\n|\n|t:|1776651392\n|switch|p2b: Sableye|Sableye, L50, F, shiny|100/100\n|turn|7\n|\n|t:|1776651401\n|move|p1a: Talonflame|Dual Wingbeat|p2b: Sableye\n|-damage|p2b: Sableye|83/100\n|-damage|p2b: Sableye|67/100\n|-hitcount|p2b: Sableye|2\n|move|p2a: Feraligatr|Aqua Jet|p1a: Talonflame\n|-supereffective|p1a: Talonflame|1\n|-damage|p1a: Talonflame|27/100\n|move|p2b: Sableye|Quash|p1b: Floette\n|-activate|p1b: Floette|move: Quash\n|move|p1b: Floette|Dazzling Gleam|p2b: Sableye|[spread] p2a,p2b\n|-supereffective|p2a: Feraligatr|1\n|-supereffective|p2b: Sableye|1\n|-damage|p2a: Feraligatr|0 fnt\n|-damage|p2b: Sableye|0 fnt\n|faint|p2a: Feraligatr\n|faint|p2b: Sableye\n|\n|upkeep\n|-message|Sic-beatz forfeited.\n|\n|win|slimeslatt252\n|raw|slimeslatt252's rating: 1554 &rarr; <strong>1570</strong><br />(+16 for winning)\n|raw|Sic-beatz's rating: 1479 &rarr; <strong>1463</strong><br />(-16 for losing)\n|l|\u2606Sic-beatz\n|player|p2|\n",
  "uploadtime": 1776651499,
  "views": 5,
  "formatid": "gen9championsvgc2026regma",
  "rating": 1463,
  "private": 0,
  "password": null
}