{
  "id": "gen9championsvgc2026regma-2582397998",
  "format": "[Gen 9 Champions] VGC 2026 Reg M-A",
  "players": [
    "harrisonHofm",
    "renjiNL"
  ],
  "log": "|j|\u2606harrisonHofm\n|j|\u2606renjiNL\n|t:|1776089034\n|gametype|doubles\n|player|p1|harrisonHofm|lucas|1000\n|player|p2|renjiNL|266|1019\n|gen|9\n|tier|[Gen 9 Champions] VGC 2026 Reg M-A\n|rated|\n|rule|Species Clause: Limit one of each Pok\u00e9mon\n|rule|Item Clause: Limit 1 of each item\n|clearpoke\n|poke|p1|Absol, L50, M|\n|poke|p1|Clefable, L50, M|\n|poke|p1|Dragapult, L50, F|\n|poke|p1|Lopunny, L50, F|\n|poke|p1|Beedrill, L50, M|\n|poke|p2|Blastoise, L50, F|\n|poke|p2|Clawitzer, L50, M|\n|poke|p2|Whimsicott, L50, F|\n|poke|p2|Heliolisk, L50, F|\n|teampreview|4\n|inactive|Battle timer is ON: inactive players will automatically lose when time's up. (requested by harrisonHofm)\n|\n|t:|1776089045\n|teamsize|p1|4\n|teamsize|p2|4\n|start\n|switch|p1a: Beedrill|Beedrill, L50, M|100/100\n|switch|p1b: Clefable|Clefable, L50, M|100/100\n|switch|p2a: Clawitzer|Clawitzer, L50, M|100/100\n|switch|p2b: Whimsicott|Whimsicott, L50, F|100/100\n|turn|1\n|inactive|renjiNL has 30 seconds left.\n|\n|t:|1776089077\n|move|p1b: Clefable|Follow Me|p1b: Clefable\n|-singleturn|p1b: Clefable|move: Follow Me\n|move|p2b: Whimsicott|Misty Terrain|p2b: Whimsicott\n|-fieldstart|move: Misty Terrain\n|move|p2a: Clawitzer|Dark Pulse|p1b: Clefable\n|-resisted|p1b: Clefable|1\n|-damage|p1b: Clefable|84/100\n|move|p1a: Beedrill|Agility|p1a: Beedrill\n|-boost|p1a: Beedrill|spe|2\n|\n|-heal|p1b: Clefable|90/100|[from] item: Leftovers\n|upkeep\n|turn|2\n|inactive|harrisonHofm has 30 seconds left.\n|\n|t:|1776089102\n|move|p1b: Clefable|Follow Me|p1b: Clefable\n|-singleturn|p1b: Clefable|move: Follow Me\n|move|p2b: Whimsicott|Encore|p1b: Clefable\n|-start|p1b: Clefable|Encore\n|move|p1a: Beedrill|Cross Poison|p2b: Whimsicott\n|-supereffective|p2b: Whimsicott|2\n|-enditem|p2b: Whimsicott|Focus Sash\n|-damage|p2b: Whimsicott|1/100\n|move|p2a: Clawitzer|Dark Pulse|p1b: Clefable\n|-resisted|p1b: Clefable|1\n|-damage|p1b: Clefable|73/100\n|\n|-heal|p1b: Clefable|79/100|[from] item: Leftovers\n|upkeep\n|turn|3\n|\n|t:|1776089120\n|switch|p2a: Blastoise|Blastoise, L50, F|100/100\n|move|p1b: Clefable|Follow Me|p1b: Clefable\n|-singleturn|p1b: Clefable|move: Follow Me\n|move|p2b: Whimsicott|Tailwind|p2b: Whimsicott\n|-sidestart|p2: renjiNL|move: Tailwind\n|move|p1a: Beedrill|Fell Stinger|p2b: Whimsicott\n|-damage|p2b: Whimsicott|0 fnt\n|faint|p2b: Whimsicott\n|-boost|p1a: Beedrill|atk|3\n|\n|-heal|p1b: Clefable|85/100|[from] item: Leftovers\n|upkeep\n|\n|t:|1776089132\n|switch|p2b: Heliolisk|Heliolisk, L50, F|100/100\n|turn|4\n|\n|t:|1776089143\n|move|p2a: Blastoise|Fake Out|p1a: Beedrill\n|-damage|p1a: Beedrill|81/100\n|move|p1b: Clefable|Follow Me|p1b: Clefable\n|-singleturn|p1b: Clefable|move: Follow Me\n|move|p2b: Heliolisk|Hyper Voice|p1b: Clefable|[spread] p1a,p1b\n|-damage|p1a: Beedrill|30/100\n|-damage|p1b: Clefable|57/100\n|cant|p1a: Beedrill|flinch\n|\n|-heal|p1b: Clefable|63/100|[from] item: Leftovers\n|upkeep\n|turn|5\n|\n|t:|1776089165\n|switch|p1b: Dragapult|Dragapult, L50, F|100/100\n|detailschange|p2a: Blastoise|Blastoise-Mega, L50, F\n|-mega|p2a: Blastoise|Blastoise|Blastoisinite\n|move|p2b: Heliolisk|Hyper Voice|p1b: Dragapult|[spread] p1a\n|-immune|p1b: Dragapult\n|-damage|p1a: Beedrill|0 fnt\n|faint|p1a: Beedrill\n|move|p2a: Blastoise|Terrain Pulse|p1b: Dragapult\n|-supereffective|p1b: Dragapult|1\n|-damage|p1b: Dragapult|0 fnt\n|faint|p1b: Dragapult\n|\n|-fieldend|Misty Terrain\n|upkeep\n|\n|t:|1776089178\n|switch|p1b: Clefable|Clefable, L50, M|63/100\n|switch|p1a: Lopunny|Lopunny, L50, F|100/100\n|turn|6\n|\n|t:|1776089187\n|detailschange|p1a: Lopunny|Lopunny-Mega, L50, F\n|-mega|p1a: Lopunny|Lopunny|Lopunnite\n|move|p1b: Clefable|Helping Hand|p1a: Lopunny\n|-singleturn|p1a: Lopunny|Helping Hand|[of] p1b: Clefable\n|move|p1a: Lopunny|Fake Out|p2a: Blastoise\n|-damage|p2a: Blastoise|67/100\n|move|p2b: Heliolisk|Electrify|p2a: Blastoise\n|-singleturn|p2a: Blastoise|move: Electrify\n|cant|p2a: Blastoise|flinch\n|\n|-heal|p1b: Clefable|69/100|[from] item: Leftovers\n|-sideend|p2: renjiNL|move: Tailwind\n|upkeep\n|turn|7\n|\n|t:|1776089206\n|move|p1b: Clefable|Follow Me|p1b: Clefable\n|-singleturn|p1b: Clefable|move: Follow Me\n|move|p1a: Lopunny|Swords Dance|p1a: Lopunny\n|-boost|p1a: Lopunny|atk|2\n|move|p2b: Heliolisk|Hyper Voice|p1b: Clefable|[spread] p1a,p1b\n|-damage|p1a: Lopunny|62/100\n|-damage|p1b: Clefable|41/100\n|move|p2a: Blastoise|Aura Sphere|p1b: Clefable\n|-resisted|p1b: Clefable|1\n|-damage|p1b: Clefable|20/100\n|\n|-heal|p1b: Clefable|26/100|[from] item: Leftovers\n|upkeep\n|turn|8\n|\n|t:|1776089224\n|move|p1b: Clefable|Protect|p1b: Clefable\n|-singleturn|p1b: Clefable|Protect\n|move|p1a: Lopunny|Drain Punch|p2b: Heliolisk\n|-supereffective|p2b: Heliolisk|1\n|-damage|p2b: Heliolisk|0 fnt\n|-heal|p1a: Lopunny|100/100|[from] drain|[of] p2b: Heliolisk\n|faint|p2b: Heliolisk\n|move|p2a: Blastoise|Aura Sphere|p1a: Lopunny\n|-supereffective|p1a: Lopunny|1\n|-damage|p1a: Lopunny|0 fnt\n|faint|p1a: Lopunny\n|\n|-heal|p1b: Clefable|32/100|[from] item: Leftovers\n|upkeep\n|\n|t:|1776089236\n|switch|p2b: Clawitzer|Clawitzer, L50, M|100/100\n|turn|9\n|-message|harrisonHofm forfeited.\n|\n|win|renjiNL\n|raw|harrisonHofm's rating: 1000 &rarr; <strong>1000</strong><br />(+0 for losing)\n|raw|renjiNL's rating: 1019 &rarr; <strong>1054</strong><br />(+35 for winning)\n|l|\u2606harrisonHofm\n|player|p1|\n",
  "uploadtime": 1776089241,
  "views": 12,
  "formatid": "gen9championsvgc2026regma",
  "rating": 1000,
  "private": 0,
  "password": null
}