{
  "id": "gen9championsvgc2026regma-2584515042",
  "format": "[Gen 9 Champions] VGC 2026 Reg M-A",
  "players": [
    "KogaAF1219",
    "mistah mistah 11"
  ],
  "log": "|j|\u2606KogaAF1219\n|j|\u2606mistah mistah 11\n|t:|1776265923\n|gametype|doubles\n|player|p1|KogaAF1219|koga|1212\n|player|p2|mistah mistah 11|1|1263\n|gen|9\n|tier|[Gen 9 Champions] VGC 2026 Reg M-A\n|rated|\n|rule|Species Clause: Limit one of each Pok\u00e9mon\n|rule|Item Clause: Limit 1 of each item\n|clearpoke\n|poke|p1|Torkoal, L50, F|\n|poke|p1|Venusaur, L50, M|\n|poke|p1|Incineroar, L50, F|\n|poke|p1|Farigiraf, L50, F|\n|poke|p1|Rotom-Fan, L50|\n|poke|p1|Excadrill, L50, F|\n|poke|p2|Gyarados, L50, M|\n|poke|p2|Floette-Eternal, L50, F|\n|poke|p2|Maushold-Four, L50|\n|poke|p2|Sneasler, L50, F|\n|poke|p2|Volcarona, L50, M|\n|poke|p2|Kingambit, L50, F|\n|teampreview|4\n|\n|t:|1776265989\n|teamsize|p1|4\n|teamsize|p2|4\n|start\n|switch|p1a: Rotom|Rotom-Fan, L50|100/100\n|switch|p1b: Excadrill|Excadrill, L50, F|100/100\n|switch|p2a: Gyarados|Gyarados, L50, M|100/100\n|switch|p2b: Maushold|Maushold-Four, L50|100/100\n|-ability|p1b: Excadrill|Mold Breaker\n|-ability|p2a: Gyarados|Intimidate|boost\n|-unboost|p1a: Rotom|atk|1\n|-unboost|p1b: Excadrill|atk|1\n|turn|1\n|\n|t:|1776266035\n|switch|p1b: Farigiraf|Farigiraf, L50, F|100/100\n|switch|p2a: Kingambit|Kingambit, L50, F|100/100\n|move|p2b: Maushold|Protect|p2b: Maushold\n|-singleturn|p2b: Maushold|Protect\n|move|p1a: Rotom|Volt Switch|p2a: Kingambit\n|-damage|p2a: Kingambit|81/100\n|l|\u2606KogaAF1219\n|player|p1|\n|j|\u2606KogaAF1219\n|player|p1|KogaAF1219|koga|\n|\n|t:|1776266045\n|switch|p1a: Excadrill|Excadrill, L50, F|100/100|[from] Volt Switch\n|-ability|p1a: Excadrill|Mold Breaker\n|\n|upkeep\n|turn|2\n|\n|t:|1776266064\n|move|p1a: Excadrill|Protect|p1a: Excadrill\n|-singleturn|p1a: Excadrill|Protect\n|move|p2b: Maushold|Taunt|p1b: Farigiraf\n|-start|p1b: Farigiraf|move: Taunt\n|move|p1b: Farigiraf|Thunderbolt|p2a: Kingambit\n|-crit|p2a: Kingambit\n|-damage|p2a: Kingambit|48/100\n|move|p2a: Kingambit|Metal Burst|p1b: Farigiraf\n|-damage|p1b: Farigiraf|56/100\n|\n|upkeep\n|turn|3\n|\n|t:|1776266087\n|switch|p1b: Rotom|Rotom-Fan, L50|100/100\n|move|p1a: Excadrill|Earthquake|p2a: Kingambit|[spread] p2a,p2b\n|-immune|p1b: Rotom\n|-supereffective|p2a: Kingambit|1\n|-damage|p2a: Kingambit|0 fnt\n|-damage|p2b: Maushold|62/100\n|faint|p2a: Kingambit\n|move|p2b: Maushold|Taunt|p1a: Excadrill\n|-start|p1a: Excadrill|move: Taunt\n|\n|upkeep\n|\n|t:|1776266097\n|switch|p2a: Gyarados|Gyarados, L50, M|100/100\n|-ability|p2a: Gyarados|Intimidate|boost\n|-unboost|p1a: Excadrill|atk|1\n|-unboost|p1b: Rotom|atk|1\n|turn|4\n|\n|t:|1776266105\n|detailschange|p2a: Gyarados|Gyarados-Mega, L50, M\n|-mega|p2a: Gyarados|Gyarados|Gyaradosite\n|-ability|p2a: Gyarados|Mold Breaker\n|move|p2b: Maushold|Follow Me|p2b: Maushold\n|-singleturn|p2b: Maushold|move: Follow Me\n|move|p1b: Rotom|Discharge|p2b: Maushold|[spread] p2a,p2b\n|-immune|p1a: Excadrill\n|-supereffective|p2a: Gyarados|1\n|-damage|p2a: Gyarados|77/100\n|-damage|p2b: Maushold|36/100\n|-enditem|p2b: Maushold|Sitrus Berry|[eat]\n|-heal|p2b: Maushold|61/100|[from] item: Sitrus Berry\n|move|p1a: Excadrill|Rock Slide|p2a: Gyarados|[spread] p2a,p2b\n|-damage|p2a: Gyarados|66/100\n|-damage|p2b: Maushold|49/100\n|move|p2a: Gyarados|Dragon Dance|p2a: Gyarados\n|-boost|p2a: Gyarados|atk|1\n|-boost|p2a: Gyarados|spe|1\n|\n|upkeep\n|turn|5\n|\n|t:|1776266130\n|move|p2b: Maushold|Protect|p2b: Maushold\n|-singleturn|p2b: Maushold|Protect\n|move|p1b: Rotom|Discharge|p2a: Gyarados|[spread] p2a\n|-activate|p2b: Maushold|move: Protect\n|-immune|p1a: Excadrill\n|-supereffective|p2a: Gyarados|1\n|-damage|p2a: Gyarados|43/100\n|move|p2a: Gyarados|Earthquake|p1b: Rotom|[spread] p1a\n|-activate|p2b: Maushold|move: Protect\n|-immune|p1b: Rotom\n|-supereffective|p1a: Excadrill|1\n|-enditem|p1a: Excadrill|Focus Sash\n|-damage|p1a: Excadrill|1/100\n|move|p1a: Excadrill|Earthquake|p2a: Gyarados|[spread] p2a\n|-activate|p2b: Maushold|move: Protect\n|-immune|p1b: Rotom\n|-damage|p2a: Gyarados|19/100\n|\n|upkeep\n|turn|6\n|inactive|Battle timer is ON: inactive players will automatically lose when time's up. (requested by KogaAF1219)\n|\n|t:|1776266160\n|move|p1b: Rotom|Discharge|p2a: Gyarados|[spread] p2a,p2b\n|-immune|p1a: Excadrill\n|-supereffective|p2a: Gyarados|1\n|-damage|p2a: Gyarados|0 fnt\n|-damage|p2b: Maushold|20/100\n|faint|p2a: Gyarados\n|move|p1a: Excadrill|Earthquake|p2b: Maushold|[spread] p2b\n|-immune|p1b: Rotom\n|-damage|p2b: Maushold|0 fnt\n|faint|p2b: Maushold\n|\n|-end|p1a: Excadrill|move: Taunt\n|upkeep\n|-message|mistah mistah 11 forfeited.\n|\n|win|KogaAF1219\n|raw|KogaAF1219's rating: 1212 &rarr; <strong>1241</strong><br />(+29 for winning)\n|raw|mistah mistah 11's rating: 1263 &rarr; <strong>1234</strong><br />(-29 for losing)\n|l|\u2606mistah mistah 11\n|player|p2|\n",
  "uploadtime": 1776266175,
  "views": 41,
  "formatid": "gen9championsvgc2026regma",
  "rating": 1234,
  "private": 0,
  "password": null
}