{
  "id": "gen9championsvgc2026regma-2581450495",
  "format": "[Gen 9 Champions] VGC 2026 Reg M-A",
  "players": [
    "Epolosos",
    "nextxenp"
  ],
  "log": "|j|\u2606Epolosos\n|j|\u2606nextxenp\n|t:|1776001636\n|gametype|doubles\n|player|p1|Epolosos|102|1078\n|player|p2|nextxenp|skier|1001\n|gen|9\n|tier|[Gen 9 Champions] VGC 2026 Reg M-A\n|rated|\n|rule|Species Clause: Limit one of each Pok\u00e9mon\n|rule|Item Clause: Limit 1 of each item\n|clearpoke\n|poke|p1|Sinistcha, L50|\n|poke|p1|Crabominable, L50, F|\n|poke|p1|Incineroar, L50, M|\n|poke|p1|Mr. Rime, L50, M|\n|poke|p1|Primarina, L50, M|\n|poke|p1|Chandelure, L50, F|\n|poke|p2|Gengar, L50, M|\n|poke|p2|Incineroar, L50, F|\n|poke|p2|Sinistcha, L50|\n|poke|p2|Kingambit, L50, F|\n|poke|p2|Tyranitar, L50, M|\n|poke|p2|Kommo-o, L50, F|\n|teampreview|4\n|inactive|Battle timer is ON: inactive players will automatically lose when time's up. (requested by Epolosos)\nnextxenp has agreed to open team sheets.\n|inactive|Epolosos has 60 seconds left.\n|inactive|nextxenp has 60 seconds left.\n|\n|t:|1776001680\n|teamsize|p1|4\n|teamsize|p2|4\n|start\n|switch|p1a: Crabominable|Crabominable, L50, F|100/100\n|switch|p1b: Mr. Rime|Mr. Rime, L50, M|100/100\n|switch|p2a: Kommo-o|Kommo-o, L50, F|100/100\n|switch|p2b: Incineroar|Incineroar, L50, F|100/100\n|-ability|p2b: Incineroar|Intimidate|boost\n|-unboost|p1a: Crabominable|atk|1\n|-unboost|p1b: Mr. Rime|atk|1\n|turn|1\n|inactive|nextxenp has 30 seconds left.\n|\n|t:|1776001708\n|switch|p1a: Primarina|Primarina, L50, M|100/100\n|move|p2b: Incineroar|Fake Out|p1b: Mr. Rime\n|-damage|p1b: Mr. Rime|89/100\n|move|p2a: Kommo-o|Aura Sphere|p1a: Primarina\n|-resisted|p1a: Primarina|1\n|-crit|p1a: Primarina\n|-damage|p1a: Primarina|76/100\n|cant|p1b: Mr. Rime|flinch\n|\n|upkeep\n|turn|2\n|inactive|nextxenp has 30 seconds left.\n|\n|t:|1776001736\n|move|p2a: Kommo-o|Protect|p2a: Kommo-o\n|-singleturn|p2a: Kommo-o|Protect\n|move|p2b: Incineroar|Throat Chop|p1a: Primarina\n|-resisted|p1a: Primarina|1\n|-damage|p1a: Primarina|56/100\n|-start|p1a: Primarina|Throat Chop|[silent]\n|move|p1a: Primarina|Dazzling Gleam|p2b: Incineroar|[spread] p2b\n|-activate|p2a: Kommo-o|move: Protect\n|-damage|p2b: Incineroar|74/100\n|move|p1b: Mr. Rime|Trick Room|p1b: Mr. Rime\n|-fieldstart|move: Trick Room|[of] p1b: Mr. Rime\n|\n|upkeep\n|turn|3\n|inactive|Epolosos has 30 seconds left.\n|inactive|nextxenp has 30 seconds left.\n|\n|t:|1776001766\n|switch|p1b: Crabominable|Crabominable, L50, F|100/100\n|switch|p2a: Sinistcha|Sinistcha, L50|100/100\n|-heal|p2b: Incineroar|99/100|[from] ability: Hospitality|[of] p2a: Sinistcha\n|move|p1a: Primarina|Dazzling Gleam|p2b: Incineroar|[spread] p2a,p2b\n|-damage|p2a: Sinistcha|70/100\n|-damage|p2b: Incineroar|74/100\n|move|p2b: Incineroar|Flare Blitz|p1b: Crabominable\n|-supereffective|p1b: Crabominable|1\n|-crit|p1b: Crabominable\n|-damage|p1b: Crabominable|0 fnt\n|faint|p1b: Crabominable\n|-damage|p2b: Incineroar|41/100|[from] Recoil\n|\n|-end|p1a: Primarina|Throat Chop|[silent]\n|upkeep\n|\n|t:|1776001782\n|switch|p1b: Incineroar|Incineroar, L50, M|100/100\n|-ability|p1b: Incineroar|Intimidate|boost\n|-unboost|p2a: Sinistcha|atk|1\n|-unboost|p2b: Incineroar|atk|1\n|turn|4\n|inactive|nextxenp has 30 seconds left.\n|\n|t:|1776001814\n|switch|p2b: Kommo-o|Kommo-o, L50, F|100/100\n|move|p2a: Sinistcha|Protect|p2a: Sinistcha\n|-singleturn|p2a: Sinistcha|Protect\n|move|p1b: Incineroar|Flare Blitz|p2a: Sinistcha\n|-activate|p2a: Sinistcha|move: Protect\n|move|p1a: Primarina|Hyper Voice|p2a: Sinistcha|[spread] \n|-activate|p2a: Sinistcha|move: Protect\n|-immune|p2b: Kommo-o|[from] ability: Soundproof\n|\n|upkeep\n|turn|5\n|inactive|Epolosos has 30 seconds left.\n|inactive|nextxenp has 30 seconds left.\n|inactive|nextxenp has 20 seconds left.\n|\n|t:|1776001850\n|move|p1b: Incineroar|Flare Blitz|p2a: Sinistcha\n|-supereffective|p2a: Sinistcha|1\n|-damage|p2a: Sinistcha|0 fnt\n|faint|p2a: Sinistcha\n|-damage|p1b: Incineroar|80/100|[from] Recoil\n|move|p1a: Primarina|Hyper Voice|p2b: Kommo-o\n|-immune|p2b: Kommo-o|[from] ability: Soundproof\n|move|p2b: Kommo-o|Aura Sphere|p1b: Incineroar\n|-supereffective|p1b: Incineroar|1\n|-damage|p1b: Incineroar|5/100\n|-enditem|p1b: Incineroar|Sitrus Berry|[eat]\n|-heal|p1b: Incineroar|30/100|[from] item: Sitrus Berry\n|\n|upkeep\n|\n|t:|1776001870\n|switch|p2a: Incineroar|Incineroar, L50, F|41/100\n|-ability|p2a: Incineroar|Intimidate|boost\n|-unboost|p1a: Primarina|atk|1\n|-unboost|p1b: Incineroar|atk|1\n|turn|6\n|\n|t:|1776001887\n|switch|p1a: Mr. Rime|Mr. Rime, L50, M|89/100\n|move|p2a: Incineroar|Fake Out|p1a: Mr. Rime\n|-crit|p1a: Mr. Rime\n|-damage|p1a: Mr. Rime|73/100\n|move|p1b: Incineroar|Parting Shot|p2b: Kommo-o\n|-immune|p2b: Kommo-o|[from] ability: Soundproof\n|move|p2b: Kommo-o|Aura Sphere|p1b: Incineroar\n|-supereffective|p1b: Incineroar|1\n|-damage|p1b: Incineroar|0 fnt\n|faint|p1b: Incineroar\n|\n|-fieldend|move: Trick Room\n|upkeep\n|\n|t:|1776001898\n|switch|p1b: Primarina|Primarina, L50, M|56/100\n|turn|7\n|inactive|nextxenp has 30 seconds left.\n|inactive|Epolosos has 30 seconds left.\n|\n|t:|1776001930\n|move|p2b: Kommo-o|Clanging Scales|p1a: Mr. Rime|[spread] p1a\n|-immune|p1b: Primarina\n|-damage|p1a: Mr. Rime|44/100\n|-unboost|p2b: Kommo-o|def|1\n|move|p2a: Incineroar|Throat Chop|p1b: Primarina\n|-resisted|p1b: Primarina|1\n|-damage|p1b: Primarina|37/100\n|-start|p1b: Primarina|Throat Chop|[silent]\n|move|p1b: Primarina|Dazzling Gleam|p2a: Incineroar|[spread] p2a,p2b\n|-supereffective|p2b: Kommo-o|2\n|-damage|p2a: Incineroar|17/100\n|-damage|p2b: Kommo-o|0 fnt\n|faint|p2b: Kommo-o\n|move|p1a: Mr. Rime|Trick Room|p1a: Mr. Rime\n|-fieldstart|move: Trick Room|[of] p1a: Mr. Rime\n|\n|upkeep\n|\n|t:|1776001941\n|switch|p2b: Gengar|Gengar, L50, M|100/100\n|turn|8\n|inactive|Epolosos has 30 seconds left.\n|inactive|Epolosos has 20 seconds left.\n|inactive|Epolosos has 15 seconds left.\n|\n|t:|1776001982\n|detailschange|p2b: Gengar|Gengar-Mega, L50, M\n|-mega|p2b: Gengar|Gengar|Gengarite\n|move|p1b: Primarina|Protect|p1b: Primarina\n|-singleturn|p1b: Primarina|Protect\n|move|p1a: Mr. Rime|Protect|p1a: Mr. Rime\n|-singleturn|p1a: Mr. Rime|Protect\n|move|p2a: Incineroar|Throat Chop|p1a: Mr. Rime\n|-activate|p1a: Mr. Rime|move: Protect\n|move|p2b: Gengar|Shadow Ball|p1a: Mr. Rime\n|-activate|p1a: Mr. Rime|move: Protect\n|\n|-end|p1b: Primarina|Throat Chop|[silent]\n|upkeep\n|turn|9\n|\n|t:|1776002004\n|move|p2b: Gengar|Protect|p2b: Gengar\n|-singleturn|p2b: Gengar|Protect\n|move|p1b: Primarina|Hyper Voice|p2b: Gengar|[spread] p2a\n|-activate|p2b: Gengar|move: Protect\n|-supereffective|p2a: Incineroar|1\n|-damage|p2a: Incineroar|0 fnt\n|faint|p2a: Incineroar\n|move|p1a: Mr. Rime|Frost Breath|p2b: Gengar\n|-activate|p2b: Gengar|move: Protect\n|\n|upkeep\n|turn|10\n|\n|t:|1776002027\n|move|p2b: Gengar|Protect||[still]\n|-fail|p2b: Gengar\n|move|p1b: Primarina|Hyper Voice|p2b: Gengar\n|-damage|p2b: Gengar|32/100\n|move|p1a: Mr. Rime|Encore|p2b: Gengar\n|-start|p2b: Gengar|Encore\n|\n|upkeep\n|turn|11\n|inactive|Epolosos has 30 seconds left.\n|\n|t:|1776002056\n|move|p2b: Gengar|Protect|p2b: Gengar\n|-singleturn|p2b: Gengar|Protect\n|move|p1b: Primarina|Hyper Voice|p2b: Gengar\n|-activate|p2b: Gengar|move: Protect\n|move|p1a: Mr. Rime|Frost Breath|p2b: Gengar\n|-activate|p2b: Gengar|move: Protect\n|\n|-fieldend|move: Trick Room\n|upkeep\n|turn|12\n|inactive|Epolosos has 30 seconds left.\n|\n|t:|1776002090\n|move|p2b: Gengar|Protect||[still]\n|-fail|p2b: Gengar\n|move|p1a: Mr. Rime|Frost Breath|p2b: Gengar\n|-crit|p2b: Gengar\n|-damage|p2b: Gengar|0 fnt\n|faint|p2b: Gengar\n|\n|win|Epolosos\n|raw|Epolosos's rating: 1078 &rarr; <strong>1100</strong><br />(+22 for winning)\n|raw|nextxenp's rating: 1001 &rarr; <strong>1000</strong><br />(-1 for losing)\n|l|\u2606Epolosos\n|player|p1|\n",
  "uploadtime": 1776002099,
  "views": 29,
  "formatid": "gen9championsvgc2026regma",
  "rating": 1000,
  "private": 0,
  "password": null
}