{
  "id": "gen9championsvgc2026regma-2586133253",
  "format": "[Gen 9 Champions] VGC 2026 Reg M-A",
  "players": [
    "RagingBulbasaur213",
    "smak talk"
  ],
  "log": "|j|\u2606RagingBulbasaur213\n|j|\u2606smak talk\n|t:|1776403102\n|gametype|doubles\n|player|p1|RagingBulbasaur213|morty|1396\n|player|p2|smak talk|102|1378\n|gen|9\n|tier|[Gen 9 Champions] VGC 2026 Reg M-A\n|rated|\n|rule|Species Clause: Limit one of each Pok\u00e9mon\n|rule|Item Clause: Limit 1 of each item\n|clearpoke\n|poke|p1|Venusaur, L50, M|\n|poke|p1|Aerodactyl, L50, M|\n|poke|p1|Incineroar, L50, M|\n|poke|p1|Basculegion, L50, M|\n|poke|p1|Sneasler, L50, F|\n|poke|p1|Aegislash, L50, M|\n|poke|p2|Dragapult, L50, F|\n|poke|p2|Manectric, L50, F|\n|poke|p2|Kingambit, L50, F|\n|poke|p2|Starmie, L50|\n|poke|p2|Sneasler, L50, M|\n|poke|p2|Rotom-Heat, L50|\n|teampreview|4\nRagingBulbasaur213 has agreed to open team sheets.\n|inactive|Battle timer is ON: inactive players will automatically lose when time's up. (requested by smak talk)\n|inactive|RagingBulbasaur213 has 60 seconds left.\n|inactive|RagingBulbasaur213 has 30 seconds left.\n|inactive|smak talk has 30 seconds left.\n|inactive|RagingBulbasaur213 has 20 seconds left.\n|\n|t:|1776403181\n|teamsize|p1|4\n|teamsize|p2|4\n|start\n|switch|p1a: Aerodactyl|Aerodactyl, L50, M|100/100\n|switch|p1b: Sneasler|Sneasler, L50, F|100/100\n|switch|p2a: Starmie|Starmie, L50|100/100\n|switch|p2b: Dragapult|Dragapult, L50, F|100/100\n|turn|1\n|\n|t:|1776403196\n|detailschange|p2a: Starmie|Starmie-Mega, L50\n|-mega|p2a: Starmie|Starmie|Starminite\n|move|p2a: Starmie|Protect|p2a: Starmie\n|-singleturn|p2a: Starmie|Protect\n|move|p1b: Sneasler|Fake Out|p2a: Starmie\n|-activate|p2a: Starmie|move: Protect\n|move|p1a: Aerodactyl|Tailwind|p1a: Aerodactyl\n|-sidestart|p1: RagingBulbasaur213|move: Tailwind\n|move|p2b: Dragapult|Phantom Force||[still]\n|-prepare|p2b: Dragapult|Phantom Force\n|\n|upkeep\n|turn|2\n|\n|t:|1776403210\n|move|p2a: Starmie|Aqua Jet|p1a: Aerodactyl\n|-supereffective|p1a: Aerodactyl|1\n|-enditem|p1a: Aerodactyl|Focus Sash\n|-damage|p1a: Aerodactyl|1/100\n|move|p1a: Aerodactyl|Dual Wingbeat|p2a: Starmie\n|-damage|p2a: Starmie|76/100\n|-damage|p2a: Starmie|53/100\n|-hitcount|p2a: Starmie|2\n|move|p1b: Sneasler|Dire Claw|p2a: Starmie\n|-damage|p2a: Starmie|0 fnt\n|faint|p2a: Starmie\n|move|p2b: Dragapult|Phantom Force|p1a: Aerodactyl|[from] lockedmove\n|-damage|p1a: Aerodactyl|0 fnt\n|faint|p1a: Aerodactyl\n|\n|upkeep\n|\n|t:|1776403236\n|switch|p1a: Venusaur|Venusaur, L50, M|100/100\n|switch|p2a: Kingambit|Kingambit, L50, F|100/100\n|turn|3\n|\n|t:|1776403247\n|detailschange|p1a: Venusaur|Venusaur-Mega, L50, M\n|-mega|p1a: Venusaur|Venusaur|Venusaurite\n|move|p2a: Kingambit|Protect|p2a: Kingambit\n|-singleturn|p2a: Kingambit|Protect\n|move|p1b: Sneasler|Close Combat|p2a: Kingambit\n|-activate|p2a: Kingambit|move: Protect\n|move|p1a: Venusaur|Earth Power|p2b: Dragapult\n|-damage|p2b: Dragapult|64/100\n|move|p2b: Dragapult|Dragon Dance|p2b: Dragapult\n|-boost|p2b: Dragapult|atk|1\n|-boost|p2b: Dragapult|spe|1\n|\n|upkeep\n|turn|4\n|inactive|smak talk has 30 seconds left.\n|\n|t:|1776403280\n|move|p2b: Dragapult|Protect|p2b: Dragapult\n|-singleturn|p2b: Dragapult|Protect\n|move|p2a: Kingambit|Sucker Punch|p1b: Sneasler\n|-resisted|p1b: Sneasler|1\n|-damage|p1b: Sneasler|68/100\n|move|p1b: Sneasler|Close Combat|p2a: Kingambit\n|-supereffective|p2a: Kingambit|2\n|-damage|p2a: Kingambit|0 fnt\n|-unboost|p1b: Sneasler|def|1\n|-unboost|p1b: Sneasler|spd|1\n|faint|p2a: Kingambit\n|-enditem|p1b: Sneasler|White Herb\n|-clearnegativeboost|p1b: Sneasler|[silent]\n|move|p1a: Venusaur|Earth Power|p2b: Dragapult\n|-activate|p2b: Dragapult|move: Protect\n|\n|-sideend|p1: RagingBulbasaur213|move: Tailwind\n|upkeep\n|\n|t:|1776403284\n|switch|p2a: Sneasler|Sneasler, L50, M|100/100\n|turn|5\n|inactive|RagingBulbasaur213 has 30 seconds left.\n|\n|t:|1776403313\n|move|p1b: Sneasler|Close Combat|p2a: Sneasler\n|-resisted|p2a: Sneasler|1\n|-damage|p2a: Sneasler|51/100\n|-unboost|p1b: Sneasler|def|1\n|-unboost|p1b: Sneasler|spd|1\n|move|p2b: Dragapult|Outrage|p1b: Sneasler\n|-damage|p1b: Sneasler|0 fnt\n|faint|p1b: Sneasler\n|move|p2a: Sneasler|Close Combat|p1a: Venusaur\n|-resisted|p1a: Venusaur|1\n|-damage|p1a: Venusaur|75/100\n|-unboost|p2a: Sneasler|def|1\n|-unboost|p2a: Sneasler|spd|1\n|-enditem|p2a: Sneasler|White Herb\n|-clearnegativeboost|p2a: Sneasler|[silent]\n|move|p1a: Venusaur|Earth Power|p2a: Sneasler\n|-supereffective|p2a: Sneasler|1\n|-damage|p2a: Sneasler|0 fnt\n|faint|p2a: Sneasler\n|\n|upkeep\n|c|\u2606smak talk|nice speed tie win\n|\n|t:|1776403332\n|switch|p1b: Basculegion|Basculegion, L50, M|100/100\n|turn|6\n|\n|t:|1776403336\n|move|p2b: Dragapult|Outrage|p1a: Venusaur|[from] lockedmove\n|-damage|p1a: Venusaur|0 fnt\n|faint|p1a: Venusaur\n|-start|p2b: Dragapult|confusion|[fatigue]\n|move|p1b: Basculegion|Last Respects|p2b: Dragapult\n|-supereffective|p2b: Dragapult|1\n|-damage|p2b: Dragapult|0 fnt\n|faint|p2b: Dragapult\n|\n|win|RagingBulbasaur213\n|raw|RagingBulbasaur213's rating: 1396 &rarr; <strong>1415</strong><br />(+19 for winning)\n|raw|smak talk's rating: 1378 &rarr; <strong>1359</strong><br />(-19 for losing)\n|l|\u2606smak talk\n|player|p2|\n|c|\u2606RagingBulbasaur213|ggs\n",
  "uploadtime": 1776403350,
  "views": 32,
  "formatid": "gen9championsvgc2026regma",
  "rating": 1359,
  "private": 0,
  "password": null
}