{
  "id": "gen9championsvgc2026regma-2584607718",
  "format": "[Gen 9 Champions] VGC 2026 Reg M-A",
  "players": [
    "nickolas332",
    "jeanirix"
  ],
  "log": "|j|\u2606nickolas332\n|j|\u2606jeanirix\n|t:|1776271790\n|gametype|doubles\n|player|p1|nickolas332|102|1037\n|player|p2|jeanirix|wallace|1023\n|gen|9\n|tier|[Gen 9 Champions] VGC 2026 Reg M-A\n|rated|\n|rule|Species Clause: Limit one of each Pok\u00e9mon\n|rule|Item Clause: Limit 1 of each item\n|clearpoke\n|poke|p1|Trevenant, L50, M|\n|poke|p1|Delphox, L50, F|\n|poke|p1|Garchomp, L50, F|\n|poke|p1|Whimsicott, L50, M|\n|poke|p1|Sneasler, L50, F|\n|poke|p1|Corviknight, L50, M|\n|poke|p2|Talonflame, L50, M|\n|poke|p2|Froslass, L50, F|\n|poke|p2|Decidueye-Hisui, L50, F|\n|poke|p2|Farigiraf, L50, M|\n|poke|p2|Golurk, L50|\n|poke|p2|Mr. Rime, L50, M|\n|teampreview|4\n|\n|t:|1776271819\n|teamsize|p1|4\n|teamsize|p2|4\n|start\n|switch|p1a: Trevenant|Trevenant, L50, M|100/100\n|switch|p1b: Corviknight|Corviknight, L50, M|100/100\n|switch|p2a: Talonflame|Talonflame, L50, M|100/100\n|switch|p2b: Farigiraf|Farigiraf, L50, M|100/100\n|turn|1\n|\n|t:|1776271845\n|move|p1a: Trevenant|Protect|p1a: Trevenant\n|-singleturn|p1a: Trevenant|Protect\n|move|p2a: Talonflame|Brave Bird|p1a: Trevenant\n|-activate|p1a: Trevenant|move: Protect\n|move|p1b: Corviknight|Body Press|p2b: Farigiraf\n|-damage|p2b: Farigiraf|75/100\n|move|p2b: Farigiraf|Dazzling Gleam|p1a: Trevenant|[spread] p1b\n|-activate|p1a: Trevenant|move: Protect\n|-resisted|p1b: Corviknight|1\n|-damage|p1b: Corviknight|93/100\n|\n|-heal|p1b: Corviknight|99/100|[from] item: Leftovers\n|upkeep\n|turn|2\n|\n|t:|1776271873\n|switch|p1a: Garchomp|Garchomp, L50, F|100/100\n|move|p2a: Talonflame|Brave Bird|p1a: Garchomp\n|-damage|p1a: Garchomp|45/100\n|-damage|p2a: Talonflame|88/100|[from] ability: Rough Skin|[of] p1a: Garchomp\n|-damage|p2a: Talonflame|66/100|[from] Recoil\n|move|p1b: Corviknight|Brave Bird|p2b: Farigiraf\n|-damage|p2b: Farigiraf|33/100\n|-enditem|p2b: Farigiraf|Sitrus Berry|[eat]\n|-heal|p2b: Farigiraf|57/100|[from] item: Sitrus Berry\n|-damage|p1b: Corviknight|83/100|[from] Recoil\n|move|p2b: Farigiraf|Dazzling Gleam|p1b: Corviknight|[spread] p1a,p1b\n|-supereffective|p1a: Garchomp|1\n|-resisted|p1b: Corviknight|1\n|-damage|p1a: Garchomp|2/100\n|-damage|p1b: Corviknight|74/100\n|\n|-heal|p1b: Corviknight|80/100|[from] item: Leftovers\n|upkeep\n|turn|3\n|\n|t:|1776271925\n|move|p1a: Garchomp|Earthquake|p2b: Farigiraf|[spread] p2b\n|-immune|p1b: Corviknight\n|-immune|p2a: Talonflame\n|-damage|p2b: Farigiraf|13/100\n|move|p2a: Talonflame|Flare Blitz|p1b: Corviknight\n|-supereffective|p1b: Corviknight|1\n|-damage|p1b: Corviknight|3/100\n|-damage|p2a: Talonflame|33/100|[from] Recoil\n|move|p1b: Corviknight|Iron Defense|p1b: Corviknight\n|-boost|p1b: Corviknight|def|2\n|move|p2b: Farigiraf|Trick Room|p2b: Farigiraf\n|-fieldstart|move: Trick Room|[of] p2b: Farigiraf\n|\n|-heal|p1b: Corviknight|9/100|[from] item: Leftovers\n|upkeep\n|turn|4\n|\n|t:|1776271955\n|switch|p2a: Golurk|Golurk, L50|100/100\n|move|p2b: Farigiraf|Dazzling Gleam|p1b: Corviknight|[spread] p1a,p1b\n|-supereffective|p1a: Garchomp|1\n|-resisted|p1b: Corviknight|1\n|-damage|p1a: Garchomp|0 fnt\n|-damage|p1b: Corviknight|0 fnt\n|faint|p1a: Garchomp\n|faint|p1b: Corviknight\n|\n|upkeep\n|\n|t:|1776271965\n|switch|p1b: Trevenant|Trevenant, L50, M|100/100\n|switch|p1a: Delphox|Delphox, L50, F|100/100\n|turn|5\n|\n|t:|1776271986\n|detailschange|p2a: Golurk|Golurk-Mega, L50\n|-mega|p2a: Golurk|Golurk|Golurkite\n|move|p1a: Delphox|Protect|p1a: Delphox\n|-singleturn|p1a: Delphox|Protect\n|move|p1b: Trevenant|Will-O-Wisp|p2a: Golurk\n|-status|p2a: Golurk|brn\n|move|p2b: Farigiraf|Twin Beam|p1b: Trevenant\n|-damage|p1b: Trevenant|82/100\n|-damage|p1b: Trevenant|66/100\n|-hitcount|p1b: Trevenant|2\n|move|p2a: Golurk|Poltergeist|p1a: Delphox\n|-activate|p1a: Delphox|move: Protect\n|\n|-damage|p2a: Golurk|94/100 brn|[from] brn\n|upkeep\n|turn|6\n|\n|t:|1776272014\n|move|p1b: Trevenant|Horn Leech|p2a: Golurk\n|-supereffective|p2a: Golurk|1\n|-damage|p2a: Golurk|42/100 brn\n|-heal|p1b: Trevenant|92/100|[from] drain|[of] p2a: Golurk\n|move|p2b: Farigiraf|Twin Beam|p1a: Delphox\n|-resisted|p1a: Delphox|1\n|-damage|p1a: Delphox|87/100\n|-resisted|p1a: Delphox|1\n|-damage|p1a: Delphox|75/100\n|-hitcount|p1a: Delphox|2\n|move|p2a: Golurk|Poltergeist|p1a: Delphox|[miss]\n|-miss|p2a: Golurk|p1a: Delphox\n|move|p1a: Delphox|Dazzling Gleam|p2b: Farigiraf|[spread] p2a,p2b\n|-damage|p2a: Golurk|24/100 brn\n|-damage|p2b: Farigiraf|0 fnt\n|faint|p2b: Farigiraf\n|\n|-damage|p2a: Golurk|18/100 brn|[from] brn\n|upkeep\n|\n|t:|1776272048\n|switch|p2b: Decidueye|Decidueye-Hisui, L50, F|100/100\n|turn|7\n|\n|t:|1776272059\n|move|p2a: Golurk|Protect|p2a: Golurk\n|-singleturn|p2a: Golurk|Protect\n|move|p1b: Trevenant|Horn Leech|p2a: Golurk\n|-activate|p2a: Golurk|move: Protect\n|move|p2b: Decidueye|Dual Wingbeat|p1b: Trevenant|[miss]\n|-miss|p2b: Decidueye|p1b: Trevenant\n|move|p1a: Delphox|Flamethrower|p2b: Decidueye\n|-supereffective|p2b: Decidueye|1\n|-damage|p2b: Decidueye|0 fnt\n|faint|p2b: Decidueye\n|\n|-damage|p2a: Golurk|12/100 brn|[from] brn\n|-fieldend|move: Trick Room\n|upkeep\n|-message|jeanirix forfeited.\n|\n|win|nickolas332\n|raw|nickolas332's rating: 1037 &rarr; <strong>1070</strong><br />(+33 for winning)\n|raw|jeanirix's rating: 1023 &rarr; <strong>1010</strong><br />(-13 for losing)\n",
  "uploadtime": 1776272081,
  "views": 19,
  "formatid": "gen9championsvgc2026regma",
  "rating": 1010,
  "private": 0,
  "password": null
}