{
  "id": "gen9championsvgc2026regma-2584148835",
  "format": "[Gen 9 Champions] VGC 2026 Reg M-A",
  "players": [
    "potaajyu_jv",
    "Mighty Dark Hikaru"
  ],
  "log": "|j|\u2606potaajyu_jv\n|j|\u2606Mighty Dark Hikaru\n|t:|1776230880\n|gametype|doubles\n|player|p1|potaajyu_jv|cheryl|1205\n|player|p2|Mighty Dark Hikaru|ghetsis|1242\n|gen|9\n|tier|[Gen 9 Champions] VGC 2026 Reg M-A\n|rated|\n|rule|Species Clause: Limit one of each Pok\u00e9mon\n|rule|Item Clause: Limit 1 of each item\n|clearpoke\n|poke|p1|Primarina, L50, M|\n|poke|p1|Drampa, L50, F|\n|poke|p1|Sneasler, L50, F|\n|poke|p1|Sinistcha, L50|\n|poke|p1|Farigiraf, L50, M|\n|poke|p1|Crabominable, L50, F|\n|poke|p2|Gardevoir, L50, F|\n|poke|p2|Aegislash, L50, M|\n|poke|p2|Hydreigon, L50, M|\n|poke|p2|Aerodactyl, L50, M|\n|poke|p2|Tauros-Paldea-Aqua, L50, M|\n|poke|p2|Rotom-Heat, L50|\n|teampreview|4\n|inactive|Battle timer is ON: inactive players will automatically lose when time's up. (requested by Mighty Dark Hikaru)\n|inactive|potaajyu_jv has 60 seconds left.\n|inactive|Mighty Dark Hikaru has 60 seconds left.\n|inactive|Mighty Dark Hikaru has 30 seconds left.\n|inactive|Mighty Dark Hikaru has 20 seconds left.\n|\n|t:|1776230954\n|teamsize|p1|4\n|teamsize|p2|4\n|start\n|switch|p1a: \u30a2\u30b7\u30ec\u30fc\u30cc|Primarina, L50, M|100/100\n|switch|p1b: \u30ea\u30ad\u30ad\u30ea\u30f3|Farigiraf, L50, M|100/100\n|switch|p2a: Hydra Of Ruin|Hydreigon, L50, M, shiny|100/100\n|switch|p2b: Echoes Of Silence|Gardevoir, L50, F, shiny|100/100\n|-ability|p2b: Echoes Of Silence|Armor Tail|Trace|[from] ability: Trace|[of] p1b: \u30ea\u30ad\u30ad\u30ea\u30f3\n|turn|1\n|\n|t:|1776230976\n|switch|p2a: Knight Of Ruin|Aegislash, L50, M, shiny|100/100\n|detailschange|p2b: Echoes Of Silence|Gardevoir-Mega, L50, F, shiny\n|-mega|p2b: Echoes Of Silence|Gardevoir|Gardevoirite\n|move|p1b: \u30ea\u30ad\u30ad\u30ea\u30f3|Ally Switch|p1b: \u30ea\u30ad\u30ad\u30ea\u30f3\n|swap|p1b: \u30ea\u30ad\u30ad\u30ea\u30f3|0|[from] move: Ally Switch\n|move|p2b: Echoes Of Silence|Calm Mind|p2b: Echoes Of Silence\n|-boost|p2b: Echoes Of Silence|spa|1\n|-boost|p2b: Echoes Of Silence|spd|1\n|move|p1b: \u30a2\u30b7\u30ec\u30fc\u30cc|Moonblast|p2a: Knight Of Ruin\n|-resisted|p2a: Knight Of Ruin|1\n|-damage|p2a: Knight Of Ruin|81/100\n|\n|upkeep\n|turn|2\n|inactive|Mighty Dark Hikaru has 30 seconds left.\n|inactive|Mighty Dark Hikaru has 20 seconds left.\n|\n|t:|1776231016\n|move|p2b: Echoes Of Silence|Calm Mind|p2b: Echoes Of Silence\n|-boost|p2b: Echoes Of Silence|spa|1\n|-boost|p2b: Echoes Of Silence|spd|1\n|-formechange|p2a: Knight Of Ruin|Aegislash-Blade|\n|move|p2a: Knight Of Ruin|Poltergeist|p1b: \u30a2\u30b7\u30ec\u30fc\u30cc|[miss]\n|-miss|p2a: Knight Of Ruin|p1b: \u30a2\u30b7\u30ec\u30fc\u30cc\n|move|p1b: \u30a2\u30b7\u30ec\u30fc\u30cc|Hyper Voice|p2b: Echoes Of Silence|[spread] p2a,p2b\n|-damage|p2a: Knight Of Ruin|12/100\n|-damage|p2b: Echoes Of Silence|87/100\n|move|p1a: \u30ea\u30ad\u30ad\u30ea\u30f3|Trick Room|p1a: \u30ea\u30ad\u30ad\u30ea\u30f3\n|-fieldstart|move: Trick Room|[of] p1a: \u30ea\u30ad\u30ad\u30ea\u30f3\n|\n|upkeep\n|turn|3\n|\n|t:|1776231035\n|-formechange|p2a: Knight Of Ruin|Aegislash|\n|move|p2a: Knight Of Ruin|King's Shield|p2a: Knight Of Ruin\n|-singleturn|p2a: Knight Of Ruin|Protect\n|move|p1a: \u30ea\u30ad\u30ad\u30ea\u30f3|Night Shade|p2a: Knight Of Ruin\n|-activate|p2a: Knight Of Ruin|move: Protect\n|move|p1b: \u30a2\u30b7\u30ec\u30fc\u30cc|Encore|p2b: Echoes Of Silence\n|-start|p2b: Echoes Of Silence|Encore\n|move|p2b: Echoes Of Silence|Calm Mind|p2b: Echoes Of Silence\n|-boost|p2b: Echoes Of Silence|spa|1\n|-boost|p2b: Echoes Of Silence|spd|1\n|\n|upkeep\n|turn|4\n|\n|t:|1776231053\n|switch|p1a: \u30b1\u30b1\u30f3\u30ab\u30cb|Crabominable, L50, F|100/100\n|move|p1b: \u30a2\u30b7\u30ec\u30fc\u30cc|Hyper Voice|p2a: Knight Of Ruin|[spread] p2a,p2b\n|-crit|p2a: Knight Of Ruin\n|-damage|p2a: Knight Of Ruin|0 fnt\n|-damage|p2b: Echoes Of Silence|76/100\n|faint|p2a: Knight Of Ruin\n|move|p2b: Echoes Of Silence|Calm Mind|p2b: Echoes Of Silence\n|-boost|p2b: Echoes Of Silence|spa|1\n|-boost|p2b: Echoes Of Silence|spd|1\n|\n|upkeep\n|\n|t:|1776231062\n|switch|p2a: Bull Of Ruin|Tauros-Paldea-Aqua, L50, M|100/100\n|-ability|p2a: Bull Of Ruin|Intimidate|boost\n|-fail|p1a: \u30b1\u30b1\u30f3\u30ab\u30cb|unboost|Attack|[from] ability: Hyper Cutter|[of] p1a: \u30b1\u30b1\u30f3\u30ab\u30cb\n|-unboost|p1b: \u30a2\u30b7\u30ec\u30fc\u30cc|atk|1\n|turn|5\n|\n|t:|1776231077\n|detailschange|p1a: \u30b1\u30b1\u30f3\u30ab\u30cb|Crabominable-Mega, L50, F\n|-mega|p1a: \u30b1\u30b1\u30f3\u30ab\u30cb|Crabominable|Crabominite\n|move|p1a: \u30b1\u30b1\u30f3\u30ab\u30cb|Ice Hammer|p2b: Echoes Of Silence\n|-crit|p2b: Echoes Of Silence\n|-damage|p2b: Echoes Of Silence|0 fnt\n|-unboost|p1a: \u30b1\u30b1\u30f3\u30ab\u30cb|spe|1\n|faint|p2b: Echoes Of Silence\n|move|p1b: \u30a2\u30b7\u30ec\u30fc\u30cc|Moonblast|p2a: Bull Of Ruin\n|-supereffective|p2a: Bull Of Ruin|1\n|-damage|p2a: Bull Of Ruin|0 fnt\n|faint|p2a: Bull Of Ruin\n|\n|upkeep\n|-message|Mighty Dark Hikaru forfeited.\n|\n|win|potaajyu_jv\n|raw|potaajyu_jv's rating: 1205 &rarr; <strong>1233</strong><br />(+28 for winning)\n|raw|Mighty Dark Hikaru's rating: 1242 &rarr; <strong>1214</strong><br />(-28 for losing)\n|l|\u2606Mighty Dark Hikaru\n|player|p2|\n",
  "uploadtime": 1776231093,
  "views": 31,
  "formatid": "gen9championsvgc2026regma",
  "rating": 1214,
  "private": 0,
  "password": null
}