{
  "id": "gen9championsvgc2026regma-2581851365",
  "format": "[Gen 9 Champions] VGC 2026 Reg M-A",
  "players": [
    "Croagunkestaguapo",
    "Foxyluis07"
  ],
  "log": "|j|\u2606Croagunkestaguapo\n|j|\u2606Foxyluis07\n|t:|1776033676\n|gametype|doubles\n|player|p1|Croagunkestaguapo|pokemaniac|1040\n|player|p2|Foxyluis07|170|1000\n|gen|9\n|tier|[Gen 9 Champions] VGC 2026 Reg M-A\n|rated|\n|rule|Species Clause: Limit one of each Pok\u00e9mon\n|rule|Item Clause: Limit 1 of each item\n|clearpoke\n|poke|p1|Hatterene, L50, F|\n|poke|p1|Oranguru, L50, M|\n|poke|p1|Golurk, L50|\n|poke|p1|Clefable, L50, F|\n|poke|p1|Torkoal, L50, M|\n|poke|p1|Sinistcha, L50|\n|poke|p2|Aerodactyl, L50, M|\n|poke|p2|Excadrill, L50, F|\n|poke|p2|Incineroar, L50, F|\n|poke|p2|Tyranitar, L50, F|\n|poke|p2|Maushold, L50|\n|poke|p2|Sinistcha, L50|\n|teampreview|4\n|\n|t:|1776033699\n|teamsize|p1|4\n|teamsize|p2|4\n|start\n|switch|p1a: Clefable|Clefable, L50, F, shiny|100/100\n|switch|p1b: Oranguru|Oranguru, L50, M, shiny|100/100\n|switch|p2a: Tyranitar|Tyranitar, L50, F|100/100\n|switch|p2b: Incineroar|Incineroar, L50, F|100/100\n|-weather|Sandstorm|[from] ability: Sand Stream|[of] p2a: Tyranitar\n|-ability|p2b: Incineroar|Intimidate|boost\n|-unboost|p1a: Clefable|atk|1\n|-fail|p1b: Oranguru|unboost|Attack|[from] ability: Inner Focus|[of] p1b: Oranguru\n|turn|1\n|inactive|Battle timer is ON: inactive players will automatically lose when time's up. (requested by Croagunkestaguapo)\n|\n|t:|1776033731\n|switch|p2b: Aerodactyl|Aerodactyl, L50, M|100/100\n|move|p1a: Clefable|Follow Me|p1a: Clefable\n|-singleturn|p1a: Clefable|move: Follow Me\n|move|p2a: Tyranitar|Rock Slide|p1a: Clefable|[spread] p1a,p1b\n|-damage|p1a: Clefable|63/100\n|-damage|p1b: Oranguru|75/100\n|move|p1b: Oranguru|Trick Room|p1b: Oranguru\n|-fieldstart|move: Trick Room|[of] p1b: Oranguru\n|\n|-weather|Sandstorm|[upkeep]\n|-damage|p1b: Oranguru|69/100|[from] Sandstorm\n|-damage|p1a: Clefable|57/100|[from] Sandstorm\n|upkeep\n|turn|2\n|\n|t:|1776033752\n|switch|p2a: Maushold|Maushold, L50|100/100\n|detailschange|p2b: Aerodactyl|Aerodactyl-Mega, L50, M\n|-mega|p2b: Aerodactyl|Aerodactyl|Aerodactylite\n|move|p1b: Oranguru|Instruct|p1a: Clefable\n|-singleturn|p1a: Clefable|move: Instruct|[of] p1b: Oranguru\n|move|p1a: Clefable|Follow Me|p1a: Clefable\n|-singleturn|p1a: Clefable|move: Follow Me\n|move|p1a: Clefable|Moonblast|p2b: Aerodactyl\n|-damage|p2b: Aerodactyl|79/100\n|move|p2b: Aerodactyl|Rock Slide|p1b: Oranguru|[spread] p1a,p1b\n|-damage|p1a: Clefable|27/100\n|-damage|p1b: Oranguru|47/100\n|\n|-weather|Sandstorm|[upkeep]\n|-damage|p1a: Clefable|21/100|[from] Sandstorm\n|-damage|p1b: Oranguru|41/100|[from] Sandstorm\n|-damage|p2a: Maushold|94/100|[from] Sandstorm\n|upkeep\n|turn|3\n|inactive|Croagunkestaguapo has 30 seconds left.\n|inactive|Foxyluis07 has 30 seconds left.\n|inactive|Croagunkestaguapo has 20 seconds left.\n|inactive|Croagunkestaguapo has 15 seconds left.\n|\n|t:|1776033792\n|move|p1b: Oranguru|Protect|p1b: Oranguru\n|-singleturn|p1b: Oranguru|Protect\n|move|p1a: Clefable|Follow Me|p1a: Clefable\n|-singleturn|p1a: Clefable|move: Follow Me\n|move|p2a: Maushold|Encore|p1a: Clefable\n|-start|p1a: Clefable|Encore\n|move|p2b: Aerodactyl|Rock Slide|p1b: Oranguru|[spread] p1a\n|-activate|p1b: Oranguru|move: Protect\n|-damage|p1a: Clefable|0 fnt\n|faint|p1a: Clefable\n|\n|-weather|Sandstorm|[upkeep]\n|-damage|p1b: Oranguru|35/100|[from] Sandstorm\n|-damage|p2a: Maushold|88/100|[from] Sandstorm\n|upkeep\n|\n|t:|1776033807\n|switch|p1a: Torkoal|Torkoal, L50, M|100/100\n|-weather|SunnyDay|[from] ability: Drought|[of] p1a: Torkoal\n|turn|4\n|\n|t:|1776033817\n|move|p2a: Maushold|Helping Hand|p2b: Aerodactyl\n|-singleturn|p2b: Aerodactyl|Helping Hand|[of] p2a: Maushold\n|move|p1a: Torkoal|Eruption|p2a: Maushold|[spread] p2a,p2b\n|-resisted|p2b: Aerodactyl|1\n|-damage|p2a: Maushold|0 fnt\n|-damage|p2b: Aerodactyl|46/100\n|faint|p2a: Maushold\n|move|p1b: Oranguru|Instruct|p1a: Torkoal\n|-singleturn|p1a: Torkoal|move: Instruct|[of] p1b: Oranguru\n|move|p1a: Torkoal|Eruption|p2b: Aerodactyl\n|-resisted|p2b: Aerodactyl|1\n|-damage|p2b: Aerodactyl|0 fnt\n|faint|p2b: Aerodactyl\n|\n|-weather|SunnyDay|[upkeep]\n|upkeep\n|\n|t:|1776033834\n|switch|p2a: Tyranitar|Tyranitar, L50, F|100/100\n|switch|p2b: Incineroar|Incineroar, L50, F|100/100\n|-ability|p2b: Incineroar|Intimidate|boost\n|-unboost|p1a: Torkoal|atk|1\n|-fail|p1b: Oranguru|unboost|Attack|[from] ability: Inner Focus|[of] p1b: Oranguru\n|-weather|Sandstorm|[from] ability: Sand Stream|[of] p2a: Tyranitar\n|turn|5\n|inactive|Croagunkestaguapo has 30 seconds left.\n|inactive|Croagunkestaguapo has 20 seconds left.\n|inactive|Croagunkestaguapo has 15 seconds left.\n|inactive|Croagunkestaguapo has 10 seconds left.\n|\n|t:|1776033880\n|switch|p1a: Golurk|Golurk, L50, shiny|100/100\n|move|p1b: Oranguru|Protect|p1b: Oranguru\n|-singleturn|p1b: Oranguru|Protect\n|move|p2b: Incineroar|Fake Out|p1a: Golurk\n|-immune|p1a: Golurk\n|move|p2a: Tyranitar|Lash Out|p1b: Oranguru\n|-activate|p1b: Oranguru|move: Protect\n|\n|-weather|Sandstorm|[upkeep]\n|-damage|p1b: Oranguru|28/100|[from] Sandstorm\n|-damage|p2b: Incineroar|95/100|[from] Sandstorm\n|-fieldend|move: Trick Room\n|upkeep\n|turn|6\n|inactive|Foxyluis07 has 30 seconds left.\n|\n|t:|1776033913\n|detailschange|p1a: Golurk|Golurk-Mega, L50, shiny\n|-mega|p1a: Golurk|Golurk|Golurkite\n|move|p1a: Golurk|Protect|p1a: Golurk\n|-singleturn|p1a: Golurk|Protect\n|move|p2a: Tyranitar|Lash Out|p1a: Golurk\n|-activate|p1a: Golurk|move: Protect\n|move|p2b: Incineroar|Darkest Lariat|p1a: Golurk\n|-activate|p1a: Golurk|move: Protect\n|move|p1b: Oranguru|Trick Room|p1b: Oranguru\n|-fieldstart|move: Trick Room|[of] p1b: Oranguru\n|\n|-weather|Sandstorm|[upkeep]\n|-damage|p1b: Oranguru|22/100|[from] Sandstorm\n|-damage|p2b: Incineroar|89/100|[from] Sandstorm\n|upkeep\n|turn|7\n|inactive|Croagunkestaguapo has 30 seconds left.\n|inactive|Foxyluis07 has 30 seconds left.\n|\n|t:|1776033943\n|move|p1a: Golurk|Headlong Rush|p2b: Incineroar\n|-supereffective|p2b: Incineroar|1\n|-damage|p2b: Incineroar|0 fnt\n|-unboost|p1a: Golurk|def|1\n|-unboost|p1a: Golurk|spd|1\n|faint|p2b: Incineroar\n|move|p1b: Oranguru|Instruct|p1a: Golurk\n|-singleturn|p1a: Golurk|move: Instruct|[of] p1b: Oranguru\n|move|p1a: Golurk|Headlong Rush|p2a: Tyranitar\n|-supereffective|p2a: Tyranitar|1\n|-damage|p2a: Tyranitar|0 fnt\n|-unboost|p1a: Golurk|def|1\n|-unboost|p1a: Golurk|spd|1\n|faint|p2a: Tyranitar\n|\n|win|Croagunkestaguapo\n|raw|Croagunkestaguapo's rating: 1040 &rarr; <strong>1070</strong><br />(+30 for winning)\n|raw|Foxyluis07's rating: 1000 &rarr; <strong>1000</strong><br />(+0 for losing)\n|l|\u2606Foxyluis07\n|player|p2|\n",
  "uploadtime": 1776033959,
  "views": 15,
  "formatid": "gen9championsvgc2026regma",
  "rating": 1000,
  "private": 0,
  "password": null
}