{
  "id": "gen9championsvgc2026regma-2588297122",
  "format": "[Gen 9 Champions] VGC 2026 Reg M-A",
  "players": [
    "NotSeriously",
    "Alfredope"
  ],
  "log": "|j|\u2606NotSeriously\n|j|\u2606Alfredope\n|t:|1776621949\n|gametype|doubles\n|player|p1|NotSeriously|265|1136\n|player|p2|Alfredope|n|1144\n|gen|9\n|tier|[Gen 9 Champions] VGC 2026 Reg M-A\n|rated|\n|rule|Species Clause: Limit one of each Pok\u00e9mon\n|rule|Item Clause: Limit 1 of each item\n|clearpoke\n|poke|p1|Crabominable, L50, F|\n|poke|p1|Farigiraf, L50, M|\n|poke|p1|Torkoal, L50, M|\n|poke|p1|Incineroar, L50, M|\n|poke|p1|Sinistcha, L50|\n|poke|p1|Drampa, L50, M|\n|poke|p2|Crabominable, L50, F, shiny|\n|poke|p2|Mr. Rime, L50, M, shiny|\n|poke|p2|Sinistcha-Masterpiece, L50|\n|poke|p2|Primarina, L50, M|\n|poke|p2|Incineroar, L50, M, shiny|\n|poke|p2|Rhyperior, L50, M|\n|teampreview|4\n|\n|t:|1776622024\n|teamsize|p1|4\n|teamsize|p2|4\n|start\n|switch|p1a: Farigiraf|Farigiraf, L50, M|100/100\n|switch|p1b: Crabominable|Crabominable, L50, F|100/100\n|switch|p2a: Crabominable|Crabominable, L50, F, shiny|100/100\n|switch|p2b: Mr. Rime|Mr. Rime, L50, M, shiny|100/100\n|turn|1\n|\n|t:|1776622060\n|move|p2b: Mr. Rime|Frost Breath|p2a: Crabominable\n|-resisted|p2a: Crabominable|1\n|-crit|p2a: Crabominable\n|-damage|p2a: Crabominable|76/100\n|-setboost|p2a: Crabominable|atk|6|[from] ability: Anger Point\n|move|p2a: Crabominable|Close Combat|p1b: Crabominable\n|-supereffective|p1b: Crabominable|1\n|-damage|p1b: Crabominable|0 fnt\n|-unboost|p2a: Crabominable|def|1\n|-unboost|p2a: Crabominable|spd|1\n|faint|p1b: Crabominable\n|move|p1a: Farigiraf|Trick Room|p1a: Farigiraf\n|-fieldstart|move: Trick Room|[of] p1a: Farigiraf\n|\n|upkeep\n|\n|t:|1776622072\n|switch|p1b: Drampa|Drampa, L50, M|100/100\n|turn|2\n|\n|t:|1776622127\n|detailschange|p1b: Drampa|Drampa-Mega, L50, M\n|-mega|p1b: Drampa|Drampa|Drampanite\n|detailschange|p2a: Crabominable|Crabominable-Mega, L50, F, shiny\n|-mega|p2a: Crabominable|Crabominable|Crabominite\n|move|p2a: Crabominable|Ice Hammer|p1a: Farigiraf\n|-damage|p1a: Farigiraf|0 fnt\n|-unboost|p2a: Crabominable|spe|1\n|faint|p1a: Farigiraf\n|move|p1b: Drampa|Flamethrower|p2a: Crabominable\n|-supereffective|p2a: Crabominable|1\n|-damage|p2a: Crabominable|0 fnt\n|faint|p2a: Crabominable\n|move|p2b: Mr. Rime|Frost Breath|p1b: Drampa\n|-supereffective|p1b: Drampa|1\n|-crit|p1b: Drampa\n|-damage|p1b: Drampa|25/100\n|-ability|p1b: Drampa|Berserk|boost\n|-boost|p1b: Drampa|spa|1\n|\n|upkeep\n|\n|t:|1776622155\n|switch|p2a: Primarina|Primarina, L50, M|100/100\n|switch|p1a: Sinistcha|Sinistcha, L50|100/100\n|-heal|p1b: Drampa|50/100|[from] ability: Hospitality|[of] p1a: Sinistcha\n|turn|3\n|\n|t:|1776622168\n|move|p1b: Drampa|Hyper Voice|p2a: Primarina|[spread] p2a,p2b\n|-damage|p2a: Primarina|41/100\n|-damage|p2b: Mr. Rime|40/100\n|move|p2a: Primarina|Moonblast|p1b: Drampa\n|-supereffective|p1b: Drampa|1\n|-damage|p1b: Drampa|0 fnt\n|faint|p1b: Drampa\n|move|p1a: Sinistcha|Matcha Gotcha|p2a: Primarina|[spread] p2a,p2b\n|-supereffective|p2a: Primarina|1\n|-damage|p2a: Primarina|2/100\n|-damage|p2b: Mr. Rime|20/100\n|-status|p2b: Mr. Rime|brn\n|move|p2b: Mr. Rime|Frost Breath|p1a: Sinistcha\n|-supereffective|p1a: Sinistcha|1\n|-crit|p1a: Sinistcha\n|-damage|p1a: Sinistcha|29/100\n|\n|-heal|p1a: Sinistcha|35/100|[from] item: Leftovers\n|-damage|p2b: Mr. Rime|15/100 brn|[from] brn\n|upkeep\n|turn|4\n|\n|t:|1776622195\n|switch|p2b: Incineroar|Incineroar, L50, M, shiny|100/100\n|-ability|p2b: Incineroar|Intimidate|boost\n|-unboost|p1a: Sinistcha|atk|1\n|move|p2a: Primarina|Calm Mind|p2a: Primarina\n|-boost|p2a: Primarina|spa|1\n|-boost|p2a: Primarina|spd|1\n|move|p1a: Sinistcha|Matcha Gotcha|p2a: Primarina|[spread] p2a,p2b\n|-supereffective|p2a: Primarina|1\n|-resisted|p2b: Incineroar|1\n|-damage|p2a: Primarina|0 fnt\n|-heal|p1a: Sinistcha|35/100|[from] drain|[of] p2a: Primarina\n|-damage|p2b: Incineroar|91/100\n|-heal|p1a: Sinistcha|40/100|[from] drain|[of] p2b: Incineroar\n|faint|p2a: Primarina\n|\n|-heal|p2b: Incineroar|97/100|[from] item: Leftovers\n|-heal|p1a: Sinistcha|46/100|[from] item: Leftovers\n|upkeep\n|\n|t:|1776622208\n|switch|p2a: Mr. Rime|Mr. Rime, L50, M, shiny|15/100 brn\n|turn|5\n|\n|t:|1776622222\n|move|p2a: Mr. Rime|Protect|p2a: Mr. Rime\n|-singleturn|p2a: Mr. Rime|Protect\n|move|p2b: Incineroar|Flare Blitz|p1a: Sinistcha\n|-supereffective|p1a: Sinistcha|1\n|-damage|p1a: Sinistcha|0 fnt\n|faint|p1a: Sinistcha\n|-damage|p2b: Incineroar|81/100|[from] Recoil\n|\n|win|Alfredope\n|raw|NotSeriously's rating: 1136 &rarr; <strong>1112</strong><br />(-24 for losing)\n|raw|Alfredope's rating: 1144 &rarr; <strong>1168</strong><br />(+24 for winning)\n|l|\u2606NotSeriously\n|player|p1|\n",
  "uploadtime": 1776622290,
  "views": 9,
  "formatid": "gen9championsvgc2026regma",
  "rating": 1112,
  "private": 0,
  "password": null
}