{
  "id": "gen9championsvgc2026regma-2582631633",
  "format": "[Gen 9 Champions] VGC 2026 Reg M-A",
  "players": [
    "Hymnn",
    "Kalaphant"
  ],
  "log": "|j|\u2606Hymnn\n|j|\u2606Kalaphant\n|t:|1776103802\n|gametype|doubles\n|player|p1|Hymnn|265|1096\n|player|p2|Kalaphant|1|1168\n|gen|9\n|tier|[Gen 9 Champions] VGC 2026 Reg M-A\n|rated|\n|rule|Species Clause: Limit one of each Pok\u00e9mon\n|rule|Item Clause: Limit 1 of each item\n|clearpoke\n|poke|p1|Whimsicott, L50, M|\n|poke|p1|Incineroar, L50, F|\n|poke|p1|Lucario, L50, M|\n|poke|p1|Basculegion, L50, M|\n|poke|p1|Gardevoir, L50, F|\n|poke|p1|Garchomp, L50, M|\n|poke|p2|Gengar, L50, F|\n|poke|p2|Politoed, L50, F|\n|poke|p2|Whimsicott, L50, M|\n|poke|p2|Incineroar, L50, F|\n|poke|p2|Charizard, L50, F|\n|poke|p2|Sneasler, L50, M|\n|teampreview|4\n|inactive|Battle timer is ON: inactive players will automatically lose when time's up. (requested by Kalaphant)\n|c|\u2606Kalaphant|glhf\nKalaphant has agreed to open team sheets.\n|inactive|Hymnn has 60 seconds left.\n|\n|t:|1776103854\n|teamsize|p1|4\n|teamsize|p2|4\n|start\n|switch|p1a: Lucario|Lucario, L50, M|100/100\n|switch|p1b: Incineroar|Incineroar, L50, F, shiny|100/100\n|switch|p2a: Gengar|Gengar, L50, F|100/100\n|switch|p2b: Politoed|Politoed, L50, F|100/100\n|-ability|p1b: Incineroar|Intimidate|boost\n|-unboost|p2a: Gengar|atk|1\n|-unboost|p2b: Politoed|atk|1\n|-weather|RainDance|[from] ability: Drizzle|[of] p2b: Politoed\n|turn|1\n|\n|t:|1776103877\n|detailschange|p1a: Lucario|Lucario-Mega, L50, M\n|-mega|p1a: Lucario|Lucario|Lucarionite\n|detailschange|p2a: Gengar|Gengar-Mega, L50, F\n|-mega|p2a: Gengar|Gengar|Gengarite\n|move|p2b: Politoed|Protect|p2b: Politoed\n|-singleturn|p2b: Politoed|Protect\n|move|p1b: Incineroar|Fake Out|p2b: Politoed\n|-activate|p2b: Politoed|move: Protect\n|move|p1a: Lucario|Psychic|p2a: Gengar\n|-supereffective|p2a: Gengar|1\n|-damage|p2a: Gengar|45/100\n|move|p2a: Gengar|Perish Song|p2a: Gengar\n|-start|p1a: Lucario|perish3|[silent]\n|-start|p1b: Incineroar|perish3|[silent]\n|-start|p2a: Gengar|perish3|[silent]\n|-start|p2b: Politoed|perish3|[silent]\n|-fieldactivate|move: Perish Song\n|\n|-weather|RainDance|[upkeep]\n|-start|p1a: Lucario|perish3\n|-start|p2a: Gengar|perish3\n|-start|p1b: Incineroar|perish3\n|-start|p2b: Politoed|perish3\n|upkeep\n|turn|2\n|inactive|Hymnn has 30 seconds left.\n|\n|t:|1776103906\n|switch|p2b: Incineroar|Incineroar, L50, F|100/100\n|-ability|p2b: Incineroar|Intimidate|boost\n|-unboost|p1a: Lucario|atk|1\n|-unboost|p1b: Incineroar|atk|1\n|move|p2a: Gengar|Protect|p2a: Gengar\n|-singleturn|p2a: Gengar|Protect\n|move|p1a: Lucario|Aura Sphere|p2b: Incineroar\n|-supereffective|p2b: Incineroar|1\n|-crit|p2b: Incineroar\n|-enditem|p2b: Incineroar|Chople Berry|[eat]\n|-enditem|p2b: Incineroar|Chople Berry|[weaken]\n|-damage|p2b: Incineroar|40/100\n|move|p1b: Incineroar|Parting Shot|p2b: Incineroar\n|-unboost|p2b: Incineroar|atk|1\n|-unboost|p2b: Incineroar|spa|1\n|\n|t:|1776103920\n|switch|p1b: Garchomp|Garchomp, L50, M|100/100|[from] Parting Shot\n|\n|-weather|RainDance|[upkeep]\n|-start|p1a: Lucario|perish2\n|-start|p2a: Gengar|perish2\n|upkeep\n|turn|3\n|inactive|Kalaphant has 30 seconds left.\n|\n|t:|1776103948\n|switch|p2a: Politoed|Politoed, L50, F|100/100\n|move|p1a: Lucario|Dark Pulse|p2a: Politoed\n|-damage|p2a: Politoed|82/100\n|move|p1b: Garchomp|Earthquake|p2a: Politoed|[spread] p1a,p2a,p2b\n|-supereffective|p1a: Lucario|1\n|-supereffective|p2b: Incineroar|1\n|-damage|p1a: Lucario|16/100\n|-damage|p2a: Politoed|46/100\n|-damage|p2b: Incineroar|0 fnt\n|-enditem|p2a: Politoed|Sitrus Berry|[eat]\n|-heal|p2a: Politoed|71/100|[from] item: Sitrus Berry\n|faint|p2b: Incineroar\n|\n|-weather|RainDance|[upkeep]\n|-start|p1a: Lucario|perish1\n|upkeep\n|\n|t:|1776103961\n|switch|p2b: Gengar|Gengar-Mega, L50, F|45/100\n|turn|4\n|\n|t:|1776103979\n|move|p2b: Gengar|Protect|p2b: Gengar\n|-singleturn|p2b: Gengar|Protect\n|move|p2a: Politoed|Protect|p2a: Politoed\n|-singleturn|p2a: Politoed|Protect\n|move|p1a: Lucario|Aura Sphere|p2a: Politoed\n|-activate|p2a: Politoed|move: Protect\n|move|p1b: Garchomp|Earthquake|p2a: Politoed|[spread] p1a\n|-activate|p2a: Politoed|move: Protect\n|-activate|p2b: Gengar|move: Protect\n|-supereffective|p1a: Lucario|1\n|-damage|p1a: Lucario|0 fnt\n|faint|p1a: Lucario\n|\n|-weather|RainDance|[upkeep]\n|upkeep\n|\n|t:|1776103989\n|switch|p1a: Whimsicott|Whimsicott, L50, M|100/100\n|turn|5\n|\n|t:|1776104002\n|move|p1a: Whimsicott|Tailwind|p1a: Whimsicott\n|-sidestart|p1: Hymnn|move: Tailwind\n|move|p1b: Garchomp|Earthquake|p2a: Politoed|[spread] p1a,p2a,p2b\n|-resisted|p1a: Whimsicott|1\n|-supereffective|p2b: Gengar|1\n|-damage|p1a: Whimsicott|84/100\n|-damage|p2a: Politoed|38/100\n|-damage|p2b: Gengar|0 fnt\n|faint|p2b: Gengar\n|move|p2a: Politoed|Perish Song|p2a: Politoed\n|-start|p1a: Whimsicott|perish3|[silent]\n|-start|p1b: Garchomp|perish3|[silent]\n|-start|p2a: Politoed|perish3|[silent]\n|-fieldactivate|move: Perish Song\n|\n|-weather|none\n|-start|p1b: Garchomp|perish3\n|-start|p1a: Whimsicott|perish3\n|-start|p2a: Politoed|perish3\n|upkeep\n|\n|t:|1776104020\n|switch|p2b: Whimsicott|Whimsicott, L50, M|100/100\n|turn|6\n|\n|t:|1776104037\n|switch|p1a: Incineroar|Incineroar, L50, F, shiny|100/100\n|-ability|p1a: Incineroar|Intimidate|boost\n|-unboost|p2a: Politoed|atk|1\n|-unboost|p2b: Whimsicott|atk|1\n|move|p2a: Politoed|Protect|p2a: Politoed\n|-singleturn|p2a: Politoed|Protect\n|move|p2b: Whimsicott|Encore|p1a: Incineroar\n|-hint|Since gen 7, Dark is immune to Prankster moves.\n|-immune|p1a: Incineroar\n|move|p1b: Garchomp|Rock Slide|p2a: Politoed|[spread] p2b\n|-activate|p2a: Politoed|move: Protect\n|-damage|p2b: Whimsicott|79/100\n|\n|-start|p1b: Garchomp|perish2\n|-start|p2a: Politoed|perish2\n|upkeep\n|turn|7\n|\n|t:|1776104057\n|move|p1b: Garchomp|Protect|p1b: Garchomp\n|-singleturn|p1b: Garchomp|Protect\n|move|p2b: Whimsicott|Tailwind|p2b: Whimsicott\n|-sidestart|p2: Kalaphant|move: Tailwind\n|move|p1a: Incineroar|Flare Blitz|p2b: Whimsicott\n|-supereffective|p2b: Whimsicott|1\n|-damage|p2b: Whimsicott|0 fnt\n|faint|p2b: Whimsicott\n|-damage|p1a: Incineroar|77/100|[from] Recoil\n|move|p2a: Politoed|Weather Ball|p1a: Incineroar\n|-damage|p1a: Incineroar|65/100\n|\n|-start|p1b: Garchomp|perish1\n|-start|p2a: Politoed|perish1\n|upkeep\n|turn|8\n|c|\u2606Kalaphant|gg\n|\n|t:|1776104072\n|switch|p1b: Whimsicott|Whimsicott, L50, M|84/100\n|move|p2a: Politoed|Protect|p2a: Politoed\n|-singleturn|p2a: Politoed|Protect\n|move|p1a: Incineroar|Darkest Lariat|p2a: Politoed\n|-activate|p2a: Politoed|move: Protect\n|\n|-start|p2a: Politoed|perish0\n|-sideend|p1: Hymnn|move: Tailwind\n|faint|p2a: Politoed\n|\n|win|Hymnn\n|raw|Hymnn's rating: 1096 &rarr; <strong>1127</strong><br />(+31 for winning)\n|raw|Kalaphant's rating: 1168 &rarr; <strong>1138</strong><br />(-30 for losing)\n",
  "uploadtime": 1776104072,
  "views": 12,
  "formatid": "gen9championsvgc2026regma",
  "rating": 1127,
  "private": 0,
  "password": null
}