{
  "id": "gen9championsvgc2026regma-2583594929",
  "format": "[Gen 9 Champions] VGC 2026 Reg M-A",
  "players": [
    "klinkywinky",
    "hanenwang"
  ],
  "log": "|j|\u2606klinkywinky\n|j|\u2606hanenwang\n|t:|1776185462\n|gametype|doubles\n|player|p1|klinkywinky|alder|1044\n|player|p2|hanenwang|twins-gen4dp|1050\n|gen|9\n|tier|[Gen 9 Champions] VGC 2026 Reg M-A\n|rated|\n|rule|Species Clause: Limit one of each Pok\u00e9mon\n|rule|Item Clause: Limit 1 of each item\n|clearpoke\n|poke|p1|Floette-Eternal, L50, F|\n|poke|p1|Sinistcha, L50|\n|poke|p1|Aerodactyl, L50, F|\n|poke|p1|Garchomp, L50, M|\n|poke|p1|Incineroar, L50, M|\n|poke|p1|Ninetales-Alola, L50, F|\n|poke|p2|Gengar, L50, M|\n|poke|p2|Incineroar, L50, M|\n|poke|p2|Clefable, L50, F|\n|poke|p2|Vivillon, L50, M|\n|poke|p2|Aegislash, L50, F|\n|poke|p2|Slowking, L50, F|\n|teampreview|4\nklinkywinky rejected open team sheets.\n|\n|t:|1776185483\n|teamsize|p1|4\n|teamsize|p2|4\n|start\n|switch|p1a: Aerodactyl|Aerodactyl, L50, F|100/100\n|switch|p1b: Floette|Floette-Eternal, L50, F|100/100\n|switch|p2a: Gengar|Gengar, L50, M|100/100\n|switch|p2b: Incineroar|Incineroar, L50, M|100/100\n|-ability|p1a: Aerodactyl|Unnerve\n|-ability|p2b: Incineroar|Intimidate|boost\n|-unboost|p1a: Aerodactyl|atk|1\n|-unboost|p1b: Floette|atk|1\n|turn|1\n|\n|t:|1776185495\n|detailschange|p2a: Gengar|Gengar-Mega, L50, M\n|-mega|p2a: Gengar|Gengar|Gengarite\n|detailschange|p1b: Floette|Floette-Mega, L50, F\n|-mega|p1b: Floette|Floette|Floettite\n|-ability|p1b: Floette|Fairy Aura\n|move|p1b: Floette|Protect|p1b: Floette\n|-singleturn|p1b: Floette|Protect\n|move|p2b: Incineroar|Fake Out|p1a: Aerodactyl\n|-resisted|p1a: Aerodactyl|1\n|-damage|p1a: Aerodactyl|93/100\n|move|p2a: Gengar|Perish Song|p2a: Gengar\n|-start|p1a: Aerodactyl|perish3|[silent]\n|-start|p1b: Floette|perish3|[silent]\n|-start|p2a: Gengar|perish3|[silent]\n|-start|p2b: Incineroar|perish3|[silent]\n|-fieldactivate|move: Perish Song\n|cant|p1a: Aerodactyl|flinch\n|\n|-start|p2a: Gengar|perish3\n|-start|p1a: Aerodactyl|perish3\n|-start|p1b: Floette|perish3\n|-start|p2b: Incineroar|perish3\n|upkeep\n|turn|2\n|inactive|Battle timer is ON: inactive players will automatically lose when time's up. (requested by hanenwang)\n|\n|t:|1776185522\n|move|p2a: Gengar|Protect|p2a: Gengar\n|-singleturn|p2a: Gengar|Protect\n|move|p1a: Aerodactyl|Rock Slide|p2a: Gengar|[spread] p2b\n|-activate|p2a: Gengar|move: Protect\n|-supereffective|p2b: Incineroar|1\n|-damage|p2b: Incineroar|70/100\n|move|p1b: Floette|Dazzling Gleam|p2b: Incineroar|[spread] p2b\n|-activate|p2a: Gengar|move: Protect\n|-damage|p2b: Incineroar|40/100\n|move|p2b: Incineroar|Parting Shot|p1b: Floette\n|-unboost|p1b: Floette|atk|1\n|-unboost|p1b: Floette|spa|1\n|\n|t:|1776185530\n|switch|p2b: Slowking|Slowking, L50, F|100/100|[from] Parting Shot\n|\n|-start|p2a: Gengar|perish2\n|-start|p1a: Aerodactyl|perish2\n|-start|p1b: Floette|perish2\n|upkeep\n|turn|3\n|\n|t:|1776185544\n|switch|p2a: Incineroar|Incineroar, L50, M|40/100\n|-ability|p2a: Incineroar|Intimidate|boost\n|-unboost|p1a: Aerodactyl|atk|1\n|-unboost|p1b: Floette|atk|1\n|move|p1a: Aerodactyl|Rock Slide|p2a: Incineroar|[spread] \n|-miss|p1a: Aerodactyl|p2a: Incineroar\n|-miss|p1a: Aerodactyl|p2b: Slowking\n|move|p1b: Floette|Moonblast|p2a: Incineroar\n|-damage|p2a: Incineroar|9/100\n|-unboost|p2a: Incineroar|spa|1\n|-prepare|p2b: Slowking|Chilly Reception|[premajor]\n|move|p2b: Slowking|Chilly Reception|p2b: Slowking\n|-weather|Snowscape\n|\n|t:|1776185560\n|switch|p2b: Gengar|Gengar-Mega, L50, M|100/100|[from] Chilly Reception\n|\n|-weather|Snowscape|[upkeep]\n|-start|p1a: Aerodactyl|perish1\n|-start|p1b: Floette|perish1\n|upkeep\n|turn|4\n|\n|t:|1776185568\n|move|p2b: Gengar|Protect|p2b: Gengar\n|-singleturn|p2b: Gengar|Protect\n|move|p2a: Incineroar|Protect|p2a: Incineroar\n|-singleturn|p2a: Incineroar|Protect\n|move|p1a: Aerodactyl|Tailwind|p1a: Aerodactyl\n|-sidestart|p1: klinkywinky|move: Tailwind\n|move|p1b: Floette|Moonblast|p2a: Incineroar\n|-activate|p2a: Incineroar|move: Protect\n|\n|-weather|Snowscape|[upkeep]\n|-start|p1a: Aerodactyl|perish0\n|-start|p1b: Floette|perish0\n|faint|p1a: Aerodactyl\n|faint|p1b: Floette\n|upkeep\n|\n|t:|1776185577\n|switch|p1a: Sinistcha|Sinistcha, L50|100/100\n|switch|p1b: Garchomp|Garchomp, L50, M|100/100\n|turn|5\n|\n|t:|1776185598\n|switch|p2a: Slowking|Slowking, L50, F|100/100\n|move|p1b: Garchomp|Earthquake|p2a: Slowking|[spread] p1a,p2a,p2b\n|-resisted|p1a: Sinistcha|1\n|-supereffective|p2b: Gengar|1\n|-damage|p1a: Sinistcha|83/100\n|-damage|p2a: Slowking|63/100\n|-damage|p2b: Gengar|0 fnt\n|faint|p2b: Gengar\n|move|p1a: Sinistcha|Matcha Gotcha|p2a: Slowking\n|-supereffective|p2a: Slowking|1\n|-damage|p2a: Slowking|19/100\n|-heal|p1a: Sinistcha|100/100|[from] drain|[of] p2a: Slowking\n|-status|p2a: Slowking|brn\n|\n|-weather|Snowscape|[upkeep]\n|-damage|p2a: Slowking|13/100 brn|[from] brn\n|upkeep\n|\n|t:|1776185610\n|switch|p2b: Aegislash|Aegislash, L50, F|100/100\n|turn|6\n|\n|t:|1776185618\n|move|p2b: Aegislash|Wide Guard|p2b: Aegislash\n|-singleturn|p2b: Aegislash|Wide Guard\n|move|p1b: Garchomp|Earthquake|p2b: Aegislash|[spread] p1a\n|-activate|p2a: Slowking|move: Wide Guard\n|-activate|p2b: Aegislash|move: Wide Guard\n|-resisted|p1a: Sinistcha|1\n|-damage|p1a: Sinistcha|81/100\n|move|p1a: Sinistcha|Stun Spore|p2b: Aegislash\n|-status|p2b: Aegislash|par\n|move|p2a: Slowking|Scald|p1b: Garchomp\n|-damage|p1b: Garchomp|66/100\n|\n|-weather|Snowscape|[upkeep]\n|-damage|p2a: Slowking|7/100 brn|[from] brn\n|upkeep\n|turn|7\n|\n|t:|1776185641\n|switch|p2a: Incineroar|Incineroar, L50, M|9/100\n|-ability|p2a: Incineroar|Intimidate|boost\n|-unboost|p1a: Sinistcha|atk|1\n|-unboost|p1b: Garchomp|atk|1\n|move|p2b: Aegislash|Wide Guard|p2b: Aegislash\n|-singleturn|p2b: Aegislash|Wide Guard\n|move|p1b: Garchomp|Earthquake|p2a: Incineroar|[spread] p1a\n|-activate|p2a: Incineroar|move: Wide Guard\n|-activate|p2b: Aegislash|move: Wide Guard\n|-resisted|p1a: Sinistcha|1\n|-crit|p1a: Sinistcha\n|-damage|p1a: Sinistcha|54/100\n|move|p1a: Sinistcha|Life Dew|p1a: Sinistcha|[spread] p1a,p1b\n|-heal|p1a: Sinistcha|80/100\n|-heal|p1b: Garchomp|91/100\n|\n|-weather|none\n|-sideend|p1: klinkywinky|move: Tailwind\n|upkeep\n|turn|8\n|\n|t:|1776185660\n|move|p2b: Aegislash|Wide Guard|p2b: Aegislash\n|-singleturn|p2b: Aegislash|Wide Guard\n|move|p1b: Garchomp|Earthquake|p2a: Incineroar|[spread] p1a\n|-activate|p2a: Incineroar|move: Wide Guard\n|-activate|p2b: Aegislash|move: Wide Guard\n|-resisted|p1a: Sinistcha|1\n|-damage|p1a: Sinistcha|66/100\n|move|p1a: Sinistcha|Matcha Gotcha|p2b: Aegislash|[spread] \n|-activate|p2a: Incineroar|move: Wide Guard\n|-activate|p2b: Aegislash|move: Wide Guard\n|move|p2a: Incineroar|Darkest Lariat|p1a: Sinistcha\n|-supereffective|p1a: Sinistcha|1\n|-damage|p1a: Sinistcha|11/100\n|\n|upkeep\n|turn|9\n|\n|t:|1776185677\n|move|p2b: Aegislash|Wide Guard|p2b: Aegislash\n|-singleturn|p2b: Aegislash|Wide Guard\n|move|p1b: Garchomp|Earthquake|p2b: Aegislash|[spread] p1a\n|-activate|p2a: Incineroar|move: Wide Guard\n|-activate|p2b: Aegislash|move: Wide Guard\n|-resisted|p1a: Sinistcha|1\n|-damage|p1a: Sinistcha|0 fnt\n|faint|p1a: Sinistcha\n|move|p2a: Incineroar|Darkest Lariat|p1b: Garchomp\n|-damage|p1b: Garchomp|55/100\n|-damage|p2a: Incineroar|0 fnt|[from] ability: Rough Skin|[of] p1b: Garchomp\n|faint|p2a: Incineroar\n|\n|upkeep\n|\n|t:|1776185686\n|switch|p2a: Slowking|Slowking, L50, F|40/100 brn\n|turn|10\n|\n|t:|1776185693\n|move|p2b: Aegislash|Wide Guard|p2b: Aegislash\n|-singleturn|p2b: Aegislash|Wide Guard\n|move|p1b: Garchomp|Earthquake|p2a: Slowking|[spread] \n|-activate|p2a: Slowking|move: Wide Guard\n|-activate|p2b: Aegislash|move: Wide Guard\n|move|p2a: Slowking|Scald|p1b: Garchomp\n|-damage|p1b: Garchomp|22/100\n|\n|-damage|p2a: Slowking|34/100 brn|[from] brn\n|upkeep\n|turn|11\n|\n|t:|1776185697\n|cant|p2b: Aegislash|par\n|move|p1b: Garchomp|Earthquake|p2b: Aegislash|[spread] p2a,p2b\n|-supereffective|p2b: Aegislash|1\n|-damage|p2a: Slowking|4/100 brn\n|-damage|p2b: Aegislash|57/100 par\n|move|p2a: Slowking|Scald|p1b: Garchomp\n|-damage|p1b: Garchomp|0 fnt\n|faint|p1b: Garchomp\n|\n|win|hanenwang\n|raw|klinkywinky's rating: 1044 &rarr; <strong>1028</strong><br />(-16 for losing)\n|raw|hanenwang's rating: 1050 &rarr; <strong>1082</strong><br />(+32 for winning)\n|l|\u2606klinkywinky\n|player|p1|\n",
  "uploadtime": 1776185708,
  "views": 16,
  "formatid": "gen9championsvgc2026regma",
  "rating": 1028,
  "private": 0,
  "password": null
}