{
  "id": "gen9championsvgc2026regma-2581761818",
  "format": "[Gen 9 Champions] VGC 2026 Reg M-A",
  "players": [
    "cammellio",
    "Maruja444"
  ],
  "log": "|j|\u2606cammellio\n|j|\u2606Maruja444\n|t:|1776026398\n|gametype|doubles\n|player|p1|cammellio|101|1068\n|player|p2|Maruja444|169|1000\n|gen|9\n|tier|[Gen 9 Champions] VGC 2026 Reg M-A\n|rated|\n|rule|Species Clause: Limit one of each Pok\u00e9mon\n|rule|Item Clause: Limit 1 of each item\n|clearpoke\n|poke|p1|Froslass, L50, F|\n|poke|p1|Orthworm, L50, F|\n|poke|p1|Incineroar, L50, M|\n|poke|p1|Garchomp, L50, F|\n|poke|p1|Basculegion, L50, M|\n|poke|p1|Rotom-Frost, L50|\n|poke|p2|Aerodactyl, L50, M|\n|poke|p2|Charizard, L50, F|\n|poke|p2|Garchomp, L50, M|\n|poke|p2|Basculegion, L50, M|\n|poke|p2|Palafin, L50, M|\n|poke|p2|Jolteon, L50, F|\n|teampreview|4\n|inactive|Battle timer is ON: inactive players will automatically lose when time's up. (requested by Maruja444)\n|\n|t:|1776026437\n|teamsize|p1|4\n|teamsize|p2|4\n|start\n|switch|p1a: Froslass|Froslass, L50, F|100/100\n|switch|p1b: Incineroar|Incineroar, L50, M|100/100\n|switch|p2a: Aerodactyl|Aerodactyl, L50, M|100/100\n|switch|p2b: Basculegion|Basculegion, L50, M|100/100\n|-ability|p1b: Incineroar|Intimidate|boost\n|-unboost|p2a: Aerodactyl|atk|1\n|-unboost|p2b: Basculegion|atk|1\n|turn|1\n|\n|t:|1776026460\n|detailschange|p1a: Froslass|Froslass-Mega, L50, F\n|-mega|p1a: Froslass|Froslass|Froslassite\n|-weather|Snowscape|[from] ability: Snow Warning|[of] p1a: Froslass\n|move|p1b: Incineroar|Fake Out|p2a: Aerodactyl\n|-resisted|p2a: Aerodactyl|1\n|-damage|p2a: Aerodactyl|93/100\n|cant|p2a: Aerodactyl|flinch\n|move|p1a: Froslass|Nasty Plot|p1a: Froslass\n|-boost|p1a: Froslass|spa|2\n|move|p2b: Basculegion|Last Respects|p1a: Froslass\n|-supereffective|p1a: Froslass|1\n|-damage|p1a: Froslass|52/100\n|\n|-weather|Snowscape|[upkeep]\n|upkeep\n|turn|2\n|inactive|cammellio has 30 seconds left.\n|inactive|Maruja444 has 30 seconds left.\n|\n|t:|1776026490\n|move|p1a: Froslass|Protect|p1a: Froslass\n|-singleturn|p1a: Froslass|Protect\n|move|p2a: Aerodactyl|Tailwind|p2a: Aerodactyl\n|-sidestart|p2: Maruja444|move: Tailwind\n|move|p2b: Basculegion|Last Respects|p1a: Froslass\n|-activate|p1a: Froslass|move: Protect\n|move|p1b: Incineroar|Parting Shot|p2a: Aerodactyl\n|-unboost|p2a: Aerodactyl|atk|1\n|-unboost|p2a: Aerodactyl|spa|1\n|\n|t:|1776026506\n|switch|p1b: Basculegion|Basculegion, L50, M|100/100|[from] Parting Shot\n|\n|-weather|Snowscape|[upkeep]\n|upkeep\n|turn|3\n|\n|t:|1776026528\n|switch|p1b: Incineroar|Incineroar, L50, M|100/100\n|-ability|p1b: Incineroar|Intimidate|boost\n|-unboost|p2a: Aerodactyl|atk|1\n|-unboost|p2b: Basculegion|atk|1\n|move|p2b: Basculegion|Protect|p2b: Basculegion\n|-singleturn|p2b: Basculegion|Protect\n|move|p2a: Aerodactyl|Rock Slide|p1b: Incineroar|[spread] p1a,p1b\n|-supereffective|p1a: Froslass|1\n|-supereffective|p1b: Incineroar|1\n|-damage|p1a: Froslass|31/100\n|-damage|p1b: Incineroar|88/100\n|cant|p1a: Froslass|flinch\n|\n|-weather|Snowscape|[upkeep]\n|upkeep\n|turn|4\n|\n|t:|1776026552\n|switch|p2a: Garchomp|Garchomp, L50, M|100/100\n|move|p1b: Incineroar|Fake Out|p2a: Garchomp\n|-damage|p2a: Garchomp|90/100\n|-damage|p1b: Incineroar|75/100|[from] ability: Rough Skin|[of] p2a: Garchomp\n|move|p2b: Basculegion|Flip Turn|p1b: Incineroar\n|-supereffective|p1b: Incineroar|1\n|-damage|p1b: Incineroar|42/100\n|\n|t:|1776026561\n|switch|p2b: Aerodactyl|Aerodactyl, L50, M|93/100|[from] Flip Turn\n|move|p1a: Froslass|Blizzard|p2a: Garchomp|[spread] p2a,p2b\n|-supereffective|p2a: Garchomp|2\n|-supereffective|p2b: Aerodactyl|1\n|-damage|p2a: Garchomp|0 fnt\n|-damage|p2b: Aerodactyl|0 fnt\n|faint|p2a: Garchomp\n|faint|p2b: Aerodactyl\n|\n|-weather|Snowscape|[upkeep]\n|upkeep\n|\n|t:|1776026566\n|switch|p2b: Basculegion|Basculegion, L50, M|100/100\n|switch|p2a: Charizard|Charizard, L50, F|100/100\n|turn|5\n|inactive|cammellio has 30 seconds left.\n|\n|t:|1776026596\n|switch|p1a: Basculegion|Basculegion, L50, M|100/100\n|detailschange|p2a: Charizard|Charizard-Mega-X, L50, F\n|-mega|p2a: Charizard|Charizard|Charizardite X\n|move|p2b: Basculegion|Last Respects|p1a: Basculegion\n|-supereffective|p1a: Basculegion|1\n|-damage|p1a: Basculegion|0 fnt\n|faint|p1a: Basculegion\n|move|p2a: Charizard|Thunder Punch|p1b: Incineroar\n|-damage|p1b: Incineroar|9/100\n|move|p1b: Incineroar|Parting Shot|p2a: Charizard\n|-unboost|p2a: Charizard|atk|1\n|-unboost|p2a: Charizard|spa|1\n|\n|t:|1776026612\n|switch|p1b: Rotom|Rotom-Frost, L50|100/100|[from] Parting Shot\n|\n|-weather|none\n|-sideend|p2: Maruja444|move: Tailwind\n|upkeep\n|\n|t:|1776026618\n|switch|p1a: Incineroar|Incineroar, L50, M|9/100\n|-ability|p1a: Incineroar|Intimidate|boost\n|-unboost|p2a: Charizard|atk|1\n|-unboost|p2b: Basculegion|atk|1\n|turn|6\n|\n|t:|1776026638\n|move|p1a: Incineroar|Fake Out|p2a: Charizard\n|-damage|p2a: Charizard|90/100\n|move|p2b: Basculegion|Wave Crash|p1a: Incineroar\n|-supereffective|p1a: Incineroar|1\n|-damage|p1a: Incineroar|0 fnt\n|faint|p1a: Incineroar\n|-damage|p2b: Basculegion|97/100|[from] Recoil\n|cant|p2a: Charizard|flinch\n|move|p1b: Rotom|Electroweb|p2b: Basculegion|[spread] p2a,p2b\n|-resisted|p2a: Charizard|1\n|-supereffective|p2b: Basculegion|1\n|-damage|p2a: Charizard|79/100\n|-damage|p2b: Basculegion|54/100\n|-unboost|p2a: Charizard|spe|1\n|-unboost|p2b: Basculegion|spe|1\n|\n|upkeep\n|\n|t:|1776026654\n|switch|p1a: Froslass|Froslass-Mega, L50, F|31/100\n|-weather|Snowscape|[from] ability: Snow Warning|[of] p1a: Froslass\n|turn|7\n|inactive|cammellio has 30 seconds left.\n|\n|t:|1776026681\n|move|p1a: Froslass|Blizzard|p2a: Charizard|[spread] p2a,p2b\n|-resisted|p2b: Basculegion|1\n|-damage|p2a: Charizard|31/100\n|-damage|p2b: Basculegion|30/100\n|move|p1b: Rotom|Thunderbolt|p2b: Basculegion\n|-supereffective|p2b: Basculegion|1\n|-damage|p2b: Basculegion|0 fnt\n|faint|p2b: Basculegion\n|move|p2a: Charizard|Flare Blitz|p1b: Rotom\n|-supereffective|p1b: Rotom|1\n|-enditem|p1b: Rotom|Occa Berry|[eat]\n|-enditem|p1b: Rotom|Occa Berry|[weaken]\n|-damage|p1b: Rotom|73/100\n|-damage|p2a: Charizard|22/100|[from] Recoil\n|\n|-weather|Snowscape|[upkeep]\n|upkeep\n|turn|8\n|-message|Maruja444 forfeited.\n|\n|win|cammellio\n|raw|cammellio's rating: 1068 &rarr; <strong>1092</strong><br />(+24 for winning)\n|raw|Maruja444's rating: 1000 &rarr; <strong>1000</strong><br />(+0 for losing)\n|l|\u2606Maruja444\n|player|p2|\n",
  "uploadtime": 1776026699,
  "views": 13,
  "formatid": "gen9championsvgc2026regma",
  "rating": 1000,
  "private": 0,
  "password": null
}