{
  "id": "gen9championsvgc2026regma-2583554299",
  "format": "[Gen 9 Champions] VGC 2026 Reg M-A",
  "players": [
    "Exsor",
    "iiSilverkx"
  ],
  "log": "|j|\u2606Exsor\n|j|\u2606iiSilverkx\n|t:|1776182973\n|gametype|doubles\n|player|p1|Exsor|265|1065\n|player|p2|iiSilverkx|169|1062\n|gen|9\n|tier|[Gen 9 Champions] VGC 2026 Reg M-A\n|rated|\n|rule|Species Clause: Limit one of each Pok\u00e9mon\n|rule|Item Clause: Limit 1 of each item\n|clearpoke\n|poke|p1|Incineroar, L50, F|\n|poke|p1|Gengar, L50, M|\n|poke|p1|Whimsicott, L50, F|\n|poke|p1|Alakazam, L50, M|\n|poke|p1|Talonflame, L50, F|\n|poke|p1|Jolteon, L50, F|\n|poke|p2|Oranguru, L50, F|\n|poke|p2|Incineroar, L50, F|\n|poke|p2|Torkoal, L50, F|\n|poke|p2|Drampa, L50, M|\n|poke|p2|Aegislash, L50, M|\n|poke|p2|Ampharos, L50, F|\n|teampreview|4\n|inactive|Battle timer is ON: inactive players will automatically lose when time's up. (requested by iiSilverkx)\niiSilverkx rejected open team sheets.\n|inactive|Exsor has 60 seconds left.\n|\n|t:|1776183006\n|teamsize|p1|4\n|teamsize|p2|4\n|start\n|switch|p1a: Talonflame|Talonflame, L50, F|100/100\n|switch|p1b: Incineroar|Incineroar, L50, F|100/100\n|switch|p2a: Oranguru|Oranguru, L50, F|100/100\n|switch|p2b: Incineroar|Incineroar, L50, F|100/100\n|-ability|p1b: Incineroar|Intimidate|boost\n|-unboost|p2a: Oranguru|atk|1\n|-unboost|p2b: Incineroar|atk|1\n|-ability|p2b: Incineroar|Intimidate|boost\n|-unboost|p1a: Talonflame|atk|1\n|-unboost|p1b: Incineroar|atk|1\n|turn|1\n|inactive|iiSilverkx has 30 seconds left.\n|\n|t:|1776183039\n|move|p2a: Oranguru|Protect|p2a: Oranguru\n|-singleturn|p2a: Oranguru|Protect\n|move|p1a: Talonflame|Upper Hand|p2b: Incineroar\n|-supereffective|p2b: Incineroar|1\n|-damage|p2b: Incineroar|84/100\n|cant|p2b: Incineroar|flinch\n|move|p1b: Incineroar|Flare Blitz|p2a: Oranguru\n|-activate|p2a: Oranguru|move: Protect\n|\n|upkeep\n|turn|2\n|\n|t:|1776183055\n|move|p1a: Talonflame|Tailwind|p1a: Talonflame\n|-sidestart|p1: Exsor|move: Tailwind\n|move|p1b: Incineroar|Flare Blitz|p2a: Oranguru\n|-damage|p2a: Oranguru|70/100\n|-damage|p1b: Incineroar|91/100|[from] Recoil\n|move|p2b: Incineroar|Parting Shot|p1b: Incineroar\n|-unboost|p1b: Incineroar|atk|1\n|-unboost|p1b: Incineroar|spa|1\n|\n|t:|1776183064\n|switch|p2b: Torkoal|Torkoal, L50, F|100/100|[from] Parting Shot\n|-weather|SunnyDay|[from] ability: Drought|[of] p2b: Torkoal\n|move|p2a: Oranguru|Trick Room|p2a: Oranguru\n|-fieldstart|move: Trick Room|[of] p2a: Oranguru\n|\n|-weather|SunnyDay|[upkeep]\n|-heal|p1b: Incineroar|97/100|[from] item: Leftovers\n|upkeep\n|turn|3\n|inactive|Exsor has 30 seconds left.\n|\n|t:|1776183090\n|move|p1a: Talonflame|Brave Bird|p2b: Torkoal\n|-damage|p2b: Torkoal|76/100\n|-damage|p1a: Talonflame|91/100|[from] Recoil\n|move|p2b: Torkoal|Eruption|p1b: Incineroar|[spread] p1a,p1b\n|-resisted|p1a: Talonflame|1\n|-resisted|p1b: Incineroar|1\n|-damage|p1a: Talonflame|44/100\n|-damage|p1b: Incineroar|68/100\n|move|p2a: Oranguru|Instruct|p2b: Torkoal\n|-singleturn|p2b: Torkoal|move: Instruct|[of] p2a: Oranguru\n|move|p2b: Torkoal|Eruption|p1b: Incineroar|[spread] p1a,p1b\n|-resisted|p1a: Talonflame|1\n|-resisted|p1b: Incineroar|1\n|-damage|p1a: Talonflame|0 fnt\n|-damage|p1b: Incineroar|42/100\n|faint|p1a: Talonflame\n|move|p1b: Incineroar|Flare Blitz|p2b: Torkoal\n|-resisted|p2b: Torkoal|1\n|-damage|p2b: Torkoal|63/100\n|-damage|p1b: Incineroar|38/100|[from] Recoil\n|\n|-weather|SunnyDay|[upkeep]\n|-heal|p1b: Incineroar|44/100|[from] item: Leftovers\n|upkeep\n|inactive|Exsor has 30 seconds left.\n|\n|t:|1776183118\n|switch|p1a: Gengar|Gengar, L50, M|100/100\n|turn|4\n|\n|t:|1776183131\n|move|p1a: Gengar|Protect|p1a: Gengar\n|-singleturn|p1a: Gengar|Protect\n|move|p2b: Torkoal|Earth Power|p1a: Gengar\n|-activate|p1a: Gengar|move: Protect\n|move|p2a: Oranguru|Instruct|p2b: Torkoal\n|-singleturn|p2b: Torkoal|move: Instruct|[of] p2a: Oranguru\n|move|p2b: Torkoal|Earth Power|p1a: Gengar\n|-activate|p1a: Gengar|move: Protect\n|move|p1b: Incineroar|Parting Shot|p2b: Torkoal\n|-unboost|p2b: Torkoal|atk|1\n|-unboost|p2b: Torkoal|spa|1\n|\n|t:|1776183145\n|switch|p1b: Alakazam|Alakazam, L50, M|100/100|[from] Parting Shot\n|\n|-weather|SunnyDay|[upkeep]\n|upkeep\n|turn|5\n|\n|t:|1776183157\n|switch|p1a: Incineroar|Incineroar, L50, F|44/100\n|-ability|p1a: Incineroar|Intimidate|boost\n|-unboost|p2a: Oranguru|atk|1\n|-unboost|p2b: Torkoal|atk|1\n|move|p1b: Alakazam|Protect|p1b: Alakazam\n|-singleturn|p1b: Alakazam|Protect\n|move|p2b: Torkoal|Earth Power|p1a: Incineroar\n|-supereffective|p1a: Incineroar|1\n|-damage|p1a: Incineroar|14/100\n|move|p2a: Oranguru|Instruct|p2b: Torkoal\n|-singleturn|p2b: Torkoal|move: Instruct|[of] p2a: Oranguru\n|move|p2b: Torkoal|Earth Power|p1a: Incineroar\n|-supereffective|p1a: Incineroar|1\n|-damage|p1a: Incineroar|0 fnt\n|faint|p1a: Incineroar\n|\n|-weather|SunnyDay|[upkeep]\n|-sideend|p1: Exsor|move: Tailwind\n|upkeep\n|\n|t:|1776183176\n|switch|p1a: Gengar|Gengar, L50, M|100/100\n|turn|6\n|inactive|Exsor has 30 seconds left.\n|inactive|Exsor has 20 seconds left.\n|inactive|Exsor has 15 seconds left.\n|inactive|Exsor has 10 seconds left.\n|\n|t:|1776183222\n|move|p2b: Torkoal|Eruption|p1a: Gengar|[spread] p1a,p1b\n|-damage|p1a: Gengar|44/100\n|-damage|p1b: Alakazam|51/100\n|move|p2a: Oranguru|Instruct|p2b: Torkoal\n|-singleturn|p2b: Torkoal|move: Instruct|[of] p2a: Oranguru\n|move|p2b: Torkoal|Eruption|p1b: Alakazam|[spread] p1a,p1b\n|-damage|p1a: Gengar|0 fnt\n|-damage|p1b: Alakazam|0 fnt\n|faint|p1a: Gengar\n|faint|p1b: Alakazam\n|\n|win|iiSilverkx\n|raw|Exsor's rating: 1065 &rarr; <strong>1045</strong><br />(-20 for losing)\n|raw|iiSilverkx's rating: 1062 &rarr; <strong>1093</strong><br />(+31 for winning)\n|l|\u2606Exsor\n|player|p1|\n",
  "uploadtime": 1776183242,
  "views": 20,
  "formatid": "gen9championsvgc2026regma",
  "rating": 1045,
  "private": 0,
  "password": null
}