{
  "id": "gen9championsvgc2026regma-2588729230",
  "format": "[Gen 9 Champions] VGC 2026 Reg M-A",
  "players": [
    "Tempest ash",
    "TorukVGC"
  ],
  "log": "|j|\u2606Tempest ash\n|j|\u2606TorukVGC\n|t:|1776662950\n|gametype|doubles\n|player|p1|Tempest ash|1|1250\n|player|p2|TorukVGC|supernerd|1290\n|gen|9\n|tier|[Gen 9 Champions] VGC 2026 Reg M-A\n|rated|\n|rule|Species Clause: Limit one of each Pok\u00e9mon\n|rule|Item Clause: Limit 1 of each item\n|clearpoke\n|poke|p1|Politoed, L50, M|\n|poke|p1|Blastoise, L50, M|\n|poke|p1|Farigiraf, L50, F|\n|poke|p1|Sinistcha-Masterpiece, L50|\n|poke|p1|Floette-Eternal, L50, F|\n|poke|p1|Vivillon, L50, F|\n|poke|p2|Froslass, L50, F|\n|poke|p2|Kingambit, L50, M|\n|poke|p2|Sneasler, L50, M|\n|poke|p2|Palafin, L50, F|\n|poke|p2|Sinistcha-Masterpiece, L50|\n|poke|p2|Incineroar, L50, F|\n|teampreview|4\n|inactive|Battle timer is ON: inactive players will automatically lose when time's up. (requested by Tempest ash)\n|\n|t:|1776662996\n|teamsize|p1|4\n|teamsize|p2|4\n|start\n|switch|p1a: Farigiraf|Farigiraf, L50, F|100/100\n|switch|p1b: Blastoise|Blastoise, L50, M|100/100\n|switch|p2a: Froslass|Froslass, L50, F|100/100\n|switch|p2b: Kingambit|Kingambit, L50, M|100/100\n|turn|1\n|inactive|Tempest ash has 30 seconds left.\n|inactive|TorukVGC has 30 seconds left.\n|inactive|Tempest ash has 20 seconds left.\n|inactive|TorukVGC has 20 seconds left.\n|inactive|Tempest ash has 15 seconds left.\n|inactive|Tempest ash has 10 seconds left.\n|\n|t:|1776663043\n|detailschange|p2a: Froslass|Froslass-Mega, L50, F\n|-mega|p2a: Froslass|Froslass|Froslassite\n|-weather|Snowscape|[from] ability: Snow Warning|[of] p2a: Froslass\n|move|p1b: Blastoise|Protect|p1b: Blastoise\n|-singleturn|p1b: Blastoise|Protect\n|move|p2b: Kingambit|Protect|p2b: Kingambit\n|-singleturn|p2b: Kingambit|Protect\n|move|p2a: Froslass|Blizzard|p1b: Blastoise|[spread] p1a\n|-activate|p1b: Blastoise|move: Protect\n|-damage|p1a: Farigiraf|51/100\n|move|p1a: Farigiraf|Trick Room|p1a: Farigiraf\n|-fieldstart|move: Trick Room|[of] p1a: Farigiraf\n|\n|-weather|Snowscape|[upkeep]\n|upkeep\n|turn|2\n|inactive|TorukVGC has 30 seconds left.\n|inactive|TorukVGC has 20 seconds left.\n|\n|t:|1776663078\n|switch|p1a: Politoed|Politoed, L50, M|100/100\n|-weather|RainDance|[from] ability: Drizzle|[of] p1a: Politoed\n|switch|p2a: Sinistcha|Sinistcha-Masterpiece, L50|100/100\n|detailschange|p1b: Blastoise|Blastoise-Mega, L50, M\n|-mega|p1b: Blastoise|Blastoise|Blastoisinite\n|move|p2b: Kingambit|Kowtow Cleave|p1b: Blastoise\n|-damage|p1b: Blastoise|60/100\n|move|p1b: Blastoise|Water Spout|p2a: Sinistcha|[spread] p2a,p2b\n|-resisted|p2a: Sinistcha|1\n|-damage|p2a: Sinistcha|73/100\n|-damage|p2b: Kingambit|44/100\n|\n|-weather|RainDance|[upkeep]\n|upkeep\n|turn|3\n|inactive|Tempest ash has 30 seconds left.\n|inactive|Tempest ash has 20 seconds left.\n|inactive|TorukVGC has 30 seconds left.\n|inactive|Tempest ash has 15 seconds left.\n|inactive|Tempest ash has 10 seconds left.\n|inactive|TorukVGC has 20 seconds left.\n|inactive|TorukVGC has 15 seconds left.\n|\n|t:|1776663129\n|move|p2b: Kingambit|Sucker Punch|p1b: Blastoise\n|-damage|p1b: Blastoise|25/100\n|move|p1a: Politoed|Muddy Water|p2b: Kingambit|[spread] p2a\n|-miss|p1a: Politoed|p2b: Kingambit\n|-resisted|p2a: Sinistcha|1\n|-damage|p2a: Sinistcha|54/100\n|-unboost|p2a: Sinistcha|accuracy|1\n|move|p1b: Blastoise|Dark Pulse|p2a: Sinistcha\n|-supereffective|p2a: Sinistcha|1\n|-damage|p2a: Sinistcha|0 fnt\n|faint|p2a: Sinistcha\n|\n|-weather|RainDance|[upkeep]\n|upkeep\n|\n|t:|1776663148\n|switch|p2a: Froslass|Froslass-Mega, L50, F|100/100\n|-weather|Snowscape|[from] ability: Snow Warning|[of] p2a: Froslass\n|turn|4\n|\n|t:|1776663172\n|move|p1b: Blastoise|Protect|p1b: Blastoise\n|-singleturn|p1b: Blastoise|Protect\n|move|p2a: Froslass|Protect|p2a: Froslass\n|-singleturn|p2a: Froslass|Protect\n|move|p2b: Kingambit|Kowtow Cleave|p1a: Politoed\n|-damage|p1a: Politoed|56/100\n|move|p1a: Politoed|Muddy Water|p2a: Froslass|[spread] \n|-activate|p2a: Froslass|move: Protect\n|-miss|p1a: Politoed|p2b: Kingambit\n|\n|-weather|Snowscape|[upkeep]\n|upkeep\n|turn|5\n|inactive|Tempest ash has 30 seconds left.\n|\n|t:|1776663210\n|switch|p2a: Sneasler|Sneasler, L50, M|100/100\n|move|p1b: Blastoise|Protect||[still]\n|-fail|p1b: Blastoise\n|move|p2b: Kingambit|Kowtow Cleave|p1b: Blastoise\n|-damage|p1b: Blastoise|0 fnt\n|faint|p1b: Blastoise\n|move|p1a: Politoed|Muddy Water|p2b: Kingambit|[spread] p2a\n|-miss|p1a: Politoed|p2b: Kingambit\n|-damage|p2a: Sneasler|66/100\n|\n|-weather|Snowscape|[upkeep]\n|-fieldend|move: Trick Room\n|upkeep\n|\n|t:|1776663219\n|switch|p1b: Sinistcha|Sinistcha-Masterpiece, L50|100/100\n|-heal|p1a: Politoed|81/100|[from] ability: Hospitality|[of] p1b: Sinistcha\n|turn|6\n|inactive|Tempest ash has 30 seconds left.\n|c|\u2606TorukVGC|bro your toed has no eyes?\n|\n|t:|1776663250\n|move|p2a: Sneasler|Dire Claw|p1b: Sinistcha\n|-damage|p1b: Sinistcha|65/100\n|move|p1a: Politoed|Muddy Water|p2a: Sneasler|[spread] p2b\n|-miss|p1a: Politoed|p2a: Sneasler\n|-damage|p2b: Kingambit|18/100\n|move|p2b: Kingambit|Kowtow Cleave|p1b: Sinistcha\n|-supereffective|p1b: Sinistcha|1\n|-damage|p1b: Sinistcha|0 fnt\n|faint|p1b: Sinistcha\n|\n|-weather|Snowscape|[upkeep]\n|upkeep\n|\n|t:|1776663260\n|switch|p1b: Farigiraf|Farigiraf, L50, F|51/100\n|turn|7\n|\n|t:|1776663270\n|move|p2b: Kingambit|Protect|p2b: Kingambit\n|-singleturn|p2b: Kingambit|Protect\n|move|p2a: Sneasler|Close Combat|p1b: Farigiraf\n|-damage|p1b: Farigiraf|6/100\n|-unboost|p2a: Sneasler|def|1\n|-unboost|p2a: Sneasler|spd|1\n|-enditem|p1b: Farigiraf|Sitrus Berry|[eat]\n|-heal|p1b: Farigiraf|31/100|[from] item: Sitrus Berry\n|-enditem|p2a: Sneasler|White Herb\n|-clearnegativeboost|p2a: Sneasler|[silent]\n|move|p1a: Politoed|Muddy Water|p2a: Sneasler|[spread] p2a\n|-activate|p2b: Kingambit|move: Protect\n|-damage|p2a: Sneasler|29/100\n|move|p1b: Farigiraf|Trick Room|p1b: Farigiraf\n|-fieldstart|move: Trick Room|[of] p1b: Farigiraf\n|\n|-weather|Snowscape|[upkeep]\n|upkeep\n|turn|8\n|\n|t:|1776663283\n|move|p1b: Farigiraf|Psychic|p2a: Sneasler\n|-supereffective|p2a: Sneasler|2\n|-damage|p2a: Sneasler|0 fnt\n|faint|p2a: Sneasler\n|move|p2b: Kingambit|Kowtow Cleave|p1b: Farigiraf\n|-supereffective|p1b: Farigiraf|1\n|-damage|p1b: Farigiraf|0 fnt\n|faint|p1b: Farigiraf\n|move|p1a: Politoed|Muddy Water|p2b: Kingambit\n|-damage|p2b: Kingambit|0 fnt\n|faint|p2b: Kingambit\n|\n|-weather|none\n|upkeep\n|\n|t:|1776663286\n|switch|p2b: Froslass|Froslass-Mega, L50, F|100/100\n|-weather|Snowscape|[from] ability: Snow Warning|[of] p2b: Froslass\n|turn|9\n|\n|t:|1776663292\n|move|p2b: Froslass|Protect|p2b: Froslass\n|-singleturn|p2b: Froslass|Protect\n|move|p1a: Politoed|Muddy Water|p2b: Froslass\n|-activate|p2b: Froslass|move: Protect\n|\n|-weather|Snowscape|[upkeep]\n|upkeep\n|turn|10\n|\n|t:|1776663296\n|move|p1a: Politoed|Muddy Water|p2b: Froslass|[miss]\n|-miss|p1a: Politoed|p2b: Froslass\n|move|p2b: Froslass|Shadow Ball|p1a: Politoed\n|-damage|p1a: Politoed|43/100\n|-unboost|p1a: Politoed|spd|1\n|\n|-weather|Snowscape|[upkeep]\n|upkeep\n|turn|11\n|c|\u2606TorukVGC|jeeeez man\n|\n|t:|1776663304\n|move|p2b: Froslass|Protect|p2b: Froslass\n|-singleturn|p2b: Froslass|Protect\n|move|p1a: Politoed|Muddy Water|p2b: Froslass\n|-activate|p2b: Froslass|move: Protect\n|\n|-weather|Snowscape|[upkeep]\n|-fieldend|move: Trick Room\n|upkeep\n|turn|12\n|c|\u2606TorukVGC|toed whats uppp\n|\n|t:|1776663312\n|move|p1a: Politoed|Protect|p1a: Politoed\n|-singleturn|p1a: Politoed|Protect\n|move|p2b: Froslass|Shadow Ball|p1a: Politoed\n|-activate|p1a: Politoed|move: Protect\n|\n|-weather|Snowscape|[upkeep]\n|upkeep\n|turn|13\n|\n|t:|1776663319\n|move|p2b: Froslass|Shadow Ball|p1a: Politoed\n|-damage|p1a: Politoed|0 fnt\n|faint|p1a: Politoed\n|\n|win|TorukVGC\n|raw|Tempest ash's rating: 1250 &rarr; <strong>1228</strong><br />(-22 for losing)\n|raw|TorukVGC's rating: 1290 &rarr; <strong>1312</strong><br />(+22 for winning)\n|l|\u2606Tempest ash\n|player|p1|\n|c|\u2606TorukVGC|ggs\n",
  "uploadtime": 1776663335,
  "views": 13,
  "formatid": "gen9championsvgc2026regma",
  "rating": 1228,
  "private": 0,
  "password": null
}