{
  "id": "gen9championsvgc2026regma-2588837407",
  "format": "[Gen 9 Champions] VGC 2026 Reg M-A",
  "players": [
    "MvillMpersonality",
    "PITTOKIOTOMARE"
  ],
  "log": "|j|\u2606MvillMpersonality\n|j|\u2606PITTOKIOTOMARE\n|t:|1776676921\n|gametype|doubles\n|player|p1|MvillMpersonality|169|1160\n|player|p2|PITTOKIOTOMARE|170|1133\n|gen|9\n|tier|[Gen 9 Champions] VGC 2026 Reg M-A\n|rated|\n|rule|Species Clause: Limit one of each Pok\u00e9mon\n|rule|Item Clause: Limit 1 of each item\n|clearpoke\n|poke|p1|Scovillain, L50, F|\n|poke|p1|Rhyperior, L50, M|\n|poke|p1|Sinistcha, L50|\n|poke|p1|Empoleon, L50, M|\n|poke|p1|Tyranitar, L50, F|\n|poke|p1|Kingambit, L50, M|\n|poke|p2|Lucario, L50, F|\n|poke|p2|Hydrapple, L50, F|\n|poke|p2|Volcarona, L50, M|\n|poke|p2|Gyarados, L50, F|\n|poke|p2|Crabominable, L50, M|\n|poke|p2|Cofagrigus, L50, F|\n|teampreview|4\n|inactive|Battle timer is ON: inactive players will automatically lose when time's up. (requested by PITTOKIOTOMARE)\n|c|\u2606MvillMpersonality|glhf\n|\n|t:|1776676948\n|teamsize|p1|4\n|teamsize|p2|4\n|start\n|switch|p1a: The Beef|Rhyperior, L50, M|100/100\n|switch|p1b: The Captain|Empoleon, L50, M|100/100\n|switch|p2a: Lucario|Lucario, L50, F|100/100\n|switch|p2b: Cofagrigus|Cofagrigus, L50, F|100/100\n|turn|1\n|inactive|MvillMpersonality has 30 seconds left.\n|\n|t:|1776676973\n|move|p1b: The Captain|Protect|p1b: The Captain\n|-singleturn|p1b: The Captain|Protect\n|move|p2a: Lucario|Final Gambit|p1b: The Captain\n|-activate|p1b: The Captain|move: Protect\n|move|p1a: The Beef|High Horsepower|p2a: Lucario\n|-supereffective|p2a: Lucario|1\n|-damage|p2a: Lucario|0 fnt\n|faint|p2a: Lucario\n|move|p2b: Cofagrigus|Trick Room|p2b: Cofagrigus\n|-fieldstart|move: Trick Room|[of] p2b: Cofagrigus\n|\n|upkeep\n|\n|t:|1776676985\n|switch|p2a: Hydrapple|Hydrapple, L50, F|100/100\n|turn|2\n|c|\u2606MvillMpersonality|Unexpected\n|inactive|MvillMpersonality has 30 seconds left.\n|\n|t:|1776677014\n|move|p1a: The Beef|Protect|p1a: The Beef\n|-singleturn|p1a: The Beef|Protect\n|move|p2b: Cofagrigus|Will-O-Wisp|p1b: The Captain\n|-status|p1b: The Captain|brn\n|move|p2a: Hydrapple|Leaf Storm|p1a: The Beef\n|-activate|p1a: The Beef|move: Protect\n|move|p1b: The Captain|Ice Beam|p2a: Hydrapple\n|-supereffective|p2a: Hydrapple|2\n|-damage|p2a: Hydrapple|0 fnt\n|faint|p2a: Hydrapple\n|\n|-damage|p1b: The Captain|95/100 brn|[from] brn\n|upkeep\n|\n|t:|1776677029\n|switch|p2a: Crabominable|Crabominable, L50, M|100/100\n|turn|3\n|\n|t:|1776677042\n|detailschange|p2a: Crabominable|Crabominable-Mega, L50, M\n|-mega|p2a: Crabominable|Crabominable|Crabominite\n|move|p2b: Cofagrigus|Body Press|p1b: The Captain\n|-supereffective|p1b: The Captain|1\n|-damage|p1b: The Captain|36/100 brn\n|move|p2a: Crabominable|Drain Punch|p1a: The Beef\n|-supereffective|p1a: The Beef|1\n|-damage|p1a: The Beef|43/100\n|move|p1a: The Beef|High Horsepower|p2a: Crabominable|[miss]\n|-miss|p1a: The Beef|p2a: Crabominable\n|move|p1b: The Captain|Flash Cannon|p2a: Crabominable\n|-supereffective|p2a: Crabominable|1\n|-damage|p2a: Crabominable|27/100\n|\n|-heal|p1b: The Captain|42/100 brn|[from] item: Leftovers\n|-damage|p1b: The Captain|36/100 brn|[from] brn\n|upkeep\n|turn|4\n|c|\u2606MvillMpersonality|lol trly\n|\n|t:|1776677064\n|switch|p1a: The Cleric|Sinistcha, L50|100/100\n|-heal|p1b: The Captain|61/100 brn|[from] ability: Hospitality|[of] p1a: The Cleric\n|move|p1b: The Captain|Protect|p1b: The Captain\n|-singleturn|p1b: The Captain|Protect\n|move|p2b: Cofagrigus|Body Press|p1b: The Captain\n|-activate|p1b: The Captain|move: Protect\n|move|p2a: Crabominable|Drain Punch|p1a: The Cleric\n|-immune|p1a: The Cleric\n|\n|-heal|p1b: The Captain|66/100 brn|[from] item: Leftovers\n|-damage|p1b: The Captain|61/100 brn|[from] brn\n|upkeep\n|turn|5\n|inactive|MvillMpersonality has 30 seconds left.\n|\n|t:|1776677090\n|move|p2b: Cofagrigus|Body Press|p1b: The Captain\n|-supereffective|p1b: The Captain|1\n|-damage|p1b: The Captain|6/100 brn\n|move|p2a: Crabominable|Knock Off|p1a: The Cleric\n|-supereffective|p1a: The Cleric|1\n|-damage|p1a: The Cleric|31/100\n|-enditem|p1a: The Cleric|Focus Sash|[from] move: Knock Off|[of] p2a: Crabominable\n|move|p1b: The Captain|Flash Cannon|p2a: Crabominable\n|-supereffective|p2a: Crabominable|1\n|-damage|p2a: Crabominable|0 fnt\n|faint|p2a: Crabominable\n|move|p1a: The Cleric|Matcha Gotcha|p2b: Cofagrigus\n|-damage|p2b: Cofagrigus|65/100\n|-heal|p1a: The Cleric|47/100|[from] drain|[of] p2b: Cofagrigus\n|\n|-heal|p1b: The Captain|12/100 brn|[from] item: Leftovers\n|-damage|p1b: The Captain|6/100 brn|[from] brn\n|-fieldend|move: Trick Room\n|upkeep\n|turn|6\n|-message|PITTOKIOTOMARE forfeited.\n|\n|win|MvillMpersonality\n|raw|MvillMpersonality's rating: 1160 &rarr; <strong>1183</strong><br />(+23 for winning)\n|raw|PITTOKIOTOMARE's rating: 1133 &rarr; <strong>1110</strong><br />(-23 for losing)\n|l|\u2606PITTOKIOTOMARE\n|player|p2|\n",
  "uploadtime": 1776677656,
  "views": 12,
  "formatid": "gen9championsvgc2026regma",
  "rating": 1110,
  "private": 0,
  "password": null
}