{
  "id": "gen9championsvgc2026regma-2584783925",
  "format": "[Gen 9 Champions] VGC 2026 Reg M-A",
  "players": [
    "Keltr1ck",
    "sfdgw4"
  ],
  "log": "|j|\u2606Keltr1ck\n|j|\u2606sfdgw4\n|t:|1776283394\n|gametype|doubles\n|player|p1|Keltr1ck|dancer|1050\n|player|p2|sfdgw4|larry|1030\n|gen|9\n|tier|[Gen 9 Champions] VGC 2026 Reg M-A\n|rated|\n|rule|Species Clause: Limit one of each Pok\u00e9mon\n|rule|Item Clause: Limit 1 of each item\n|clearpoke\n|poke|p1|Manectric, L50, M|\n|poke|p1|Sinistcha-Masterpiece, L50|\n|poke|p1|Garchomp, L50, M|\n|poke|p1|Corviknight, L50, F|\n|poke|p1|Oranguru, L50, M|\n|poke|p1|Dragapult, L50, M|\n|poke|p2|Floette-Eternal, L50, F|\n|poke|p2|Incineroar, L50, F|\n|poke|p2|Dragonite, L50, M|\n|poke|p2|Sneasler, L50, M|\n|poke|p2|Basculegion, L50, M|\n|poke|p2|Maushold-Four, L50|\n|teampreview|4\n|inactive|Battle timer is ON: inactive players will automatically lose when time's up. (requested by sfdgw4)\n|inactive|Keltr1ck has 60 seconds left.\n|\n|t:|1776283485\n|teamsize|p1|4\n|teamsize|p2|4\n|start\n|switch|p1a: Garchomp|Garchomp, L50, M|100/100\n|switch|p1b: Corviknight|Corviknight, L50, F|100/100\n|switch|p2a: Dragonite|Dragonite, L50, M|100/100\n|switch|p2b: Incineroar|Incineroar, L50, F|100/100\n|-ability|p2b: Incineroar|Intimidate|boost\n|-unboost|p1a: Garchomp|atk|1\n|-ability|p1b: Corviknight|Mirror Armor\n|-unboost|p2b: Incineroar|atk|1\n|turn|1\n|inactive|Keltr1ck has 30 seconds left.\n|\n|t:|1776283518\n|move|p2b: Incineroar|Fake Out|p1b: Corviknight\n|-resisted|p1b: Corviknight|1\n|-damage|p1b: Corviknight|98/100\n|move|p1a: Garchomp|Dragon Claw|p2a: Dragonite\n|-supereffective|p2a: Dragonite|1\n|-damage|p2a: Dragonite|67/100\n|move|p2a: Dragonite|Scale Shot|p1a: Garchomp\n|-supereffective|p1a: Garchomp|1\n|-damage|p1a: Garchomp|70/100\n|-supereffective|p1a: Garchomp|1\n|-damage|p1a: Garchomp|36/100\n|-supereffective|p1a: Garchomp|1\n|-damage|p1a: Garchomp|5/100\n|-hitcount|p1a: Garchomp|3\n|-unboost|p2a: Dragonite|def|1\n|-boost|p2a: Dragonite|spe|1\n|-enditem|p2a: Dragonite|White Herb\n|-clearnegativeboost|p2a: Dragonite|[silent]\n|cant|p1b: Corviknight|flinch\n|\n|-heal|p1b: Corviknight|100/100|[from] item: Leftovers\n|upkeep\n|turn|2\n|inactive|sfdgw4 has 30 seconds left.\n|inactive|sfdgw4 has 20 seconds left.\n|\n|t:|1776283555\n|move|p2a: Dragonite|Tailwind|p2a: Dragonite\n|-sidestart|p2: sfdgw4|move: Tailwind\n|move|p1a: Garchomp|Dragon Claw|p2a: Dragonite\n|-supereffective|p2a: Dragonite|1\n|-damage|p2a: Dragonite|8/100\n|move|p2b: Incineroar|Darkest Lariat|p1a: Garchomp\n|-damage|p1a: Garchomp|0 fnt\n|-damage|p2b: Incineroar|88/100|[from] ability: Rough Skin|[of] p1a: Garchomp\n|faint|p1a: Garchomp\n|move|p1b: Corviknight|Iron Defense|p1b: Corviknight\n|-boost|p1b: Corviknight|def|2\n|\n|upkeep\n|\n|t:|1776283573\n|switch|p1a: Sinistcha|Sinistcha-Masterpiece, L50|100/100\n|turn|3\n|inactive|Keltr1ck has 30 seconds left.\n|inactive|sfdgw4 has 30 seconds left.\n|\n|t:|1776283607\n|move|p2a: Dragonite|Scale Shot|p1a: Sinistcha\n|-damage|p1a: Sinistcha|90/100\n|-damage|p1a: Sinistcha|80/100\n|-damage|p1a: Sinistcha|69/100\n|-damage|p1a: Sinistcha|59/100\n|-hitcount|p1a: Sinistcha|4\n|-unboost|p2a: Dragonite|def|1\n|-boost|p2a: Dragonite|spe|1\n|move|p2b: Incineroar|Flare Blitz|p1a: Sinistcha\n|-supereffective|p1a: Sinistcha|1\n|-damage|p1a: Sinistcha|18/100\n|-damage|p2b: Incineroar|76/100|[from] Recoil\n|move|p1a: Sinistcha|Strength Sap|p2b: Incineroar\n|-unboost|p2b: Incineroar|atk|1\n|-heal|p1a: Sinistcha|69/100\n|move|p1b: Corviknight|Body Press|p2a: Dragonite\n|-resisted|p2a: Dragonite|1\n|-damage|p2a: Dragonite|0 fnt\n|faint|p2a: Dragonite\n|\n|upkeep\n|\n|t:|1776283617\n|switch|p2a: Floette|Floette-Eternal, L50, F|100/100\n|turn|4\n|\n|t:|1776283640\n|detailschange|p2a: Floette|Floette-Mega, L50, F\n|-mega|p2a: Floette|Floette|Floettite\n|-ability|p2a: Floette|Fairy Aura\n|move|p1a: Sinistcha|Rage Powder|p1a: Sinistcha\n|-singleturn|p1a: Sinistcha|move: Rage Powder\n|move|p2a: Floette|Dazzling Gleam|p1b: Corviknight|[spread] p1a,p1b\n|-resisted|p1b: Corviknight|1\n|-damage|p1a: Sinistcha|15/100\n|-damage|p1b: Corviknight|83/100\n|move|p2b: Incineroar|Flare Blitz|p1a: Sinistcha\n|-supereffective|p1a: Sinistcha|1\n|-damage|p1a: Sinistcha|0 fnt\n|faint|p1a: Sinistcha\n|-damage|p2b: Incineroar|72/100|[from] Recoil\n|move|p1b: Corviknight|Iron Defense|p1b: Corviknight\n|-boost|p1b: Corviknight|def|2\n|\n|-heal|p1b: Corviknight|89/100|[from] item: Leftovers\n|upkeep\n|\n|t:|1776283657\n|switch|p1a: Manectric|Manectric, L50, M|100/100\n|turn|5\n|\n|t:|1776283670\n|detailschange|p1a: Manectric|Manectric-Mega, L50, M\n|-mega|p1a: Manectric|Manectric|Manectite\n|-ability|p1a: Manectric|Intimidate|boost\n|-unboost|p2a: Floette|atk|1\n|-unboost|p2b: Incineroar|atk|1\n|move|p2a: Floette|Protect|p2a: Floette\n|-singleturn|p2a: Floette|Protect\n|move|p1a: Manectric|Snarl|p2b: Incineroar|[spread] p2b\n|-activate|p2a: Floette|move: Protect\n|-resisted|p2b: Incineroar|1\n|-damage|p2b: Incineroar|66/100\n|-unboost|p2b: Incineroar|spa|1\n|move|p2b: Incineroar|Parting Shot|p1a: Manectric\n|-unboost|p1a: Manectric|atk|1\n|-unboost|p1a: Manectric|spa|1\n|\n|t:|1776283682\n|switch|p2b: Basculegion|Basculegion, L50, M|100/100|[from] Parting Shot\n|move|p1b: Corviknight|Body Press|p2b: Basculegion\n|-immune|p2b: Basculegion\n|\n|-heal|p1b: Corviknight|95/100|[from] item: Leftovers\n|-sideend|p2: sfdgw4|move: Tailwind\n|upkeep\n|turn|6\n|inactive|sfdgw4 has 30 seconds left.\n|inactive|sfdgw4 has 20 seconds left.\n|inactive|sfdgw4 has 15 seconds left.\n|\n|t:|1776283726\n|switch|p2a: Incineroar|Incineroar, L50, F|66/100\n|-ability|p2a: Incineroar|Intimidate|boost\n|-unboost|p1a: Manectric|atk|1\n|-ability|p1b: Corviknight|Mirror Armor\n|-unboost|p2a: Incineroar|atk|1\n|move|p2b: Basculegion|Wave Crash|p1a: Manectric\n|-damage|p1a: Manectric|0 fnt\n|faint|p1a: Manectric\n|-damage|p2b: Basculegion|75/100|[from] Recoil\n|move|p1b: Corviknight|Brave Bird|p2b: Basculegion\n|-damage|p2b: Basculegion|32/100\n|-damage|p1b: Corviknight|81/100|[from] Recoil\n|\n|-heal|p1b: Corviknight|87/100|[from] item: Leftovers\n|upkeep\n|turn|7\n|\n|t:|1776283747\n|switch|p2b: Floette|Floette-Mega, L50, F|100/100\n|-ability|p2b: Floette|Fairy Aura\n|move|p2a: Incineroar|Fake Out|p1b: Corviknight\n|-resisted|p1b: Corviknight|1\n|-damage|p1b: Corviknight|86/100\n|cant|p1b: Corviknight|flinch\n|\n|-heal|p1b: Corviknight|92/100|[from] item: Leftovers\n|upkeep\n|turn|8\n|\n|t:|1776283760\n|switch|p2a: Basculegion|Basculegion, L50, M|32/100\n|move|p2b: Floette|Protect|p2b: Floette\n|-singleturn|p2b: Floette|Protect\n|move|p1b: Corviknight|Brave Bird|p2b: Floette\n|-activate|p2b: Floette|move: Protect\n|\n|-heal|p1b: Corviknight|98/100|[from] item: Leftovers\n|upkeep\n|turn|9\n|\n|t:|1776283777\n|move|p2a: Basculegion|Flip Turn|p1b: Corviknight\n|-damage|p1b: Corviknight|87/100\n|\n|t:|1776283780\n|switch|p2a: Incineroar|Incineroar, L50, F|66/100|[from] Flip Turn\n|-ability|p2a: Incineroar|Intimidate|boost\n|-ability|p1b: Corviknight|Mirror Armor\n|-unboost|p2a: Incineroar|atk|1\n|move|p2b: Floette|Light of Ruin|p1b: Corviknight|[miss]\n|-miss|p2b: Floette|p1b: Corviknight\n|move|p1b: Corviknight|Brave Bird|p2a: Incineroar\n|-damage|p2a: Incineroar|37/100\n|-enditem|p2a: Incineroar|Sitrus Berry|[eat]\n|-heal|p2a: Incineroar|62/100|[from] item: Sitrus Berry\n|-damage|p1b: Corviknight|78/100|[from] Recoil\n|\n|-heal|p1b: Corviknight|84/100|[from] item: Leftovers\n|upkeep\n|turn|10\n|\n|t:|1776283795\n|move|p2a: Incineroar|Fake Out|p1b: Corviknight\n|-resisted|p1b: Corviknight|1\n|-damage|p1b: Corviknight|83/100\n|move|p2b: Floette|Light of Ruin|p1b: Corviknight\n|-resisted|p1b: Corviknight|1\n|-damage|p1b: Corviknight|41/100\n|-damage|p2b: Floette|72/100|[from] Recoil\n|cant|p1b: Corviknight|flinch\n|\n|-heal|p1b: Corviknight|47/100|[from] item: Leftovers\n|upkeep\n|turn|11\n|\n|t:|1776283810\n|move|p2b: Floette|Protect|p2b: Floette\n|-singleturn|p2b: Floette|Protect\n|move|p1b: Corviknight|Roost|p1b: Corviknight\n|-heal|p1b: Corviknight|98/100\n|-singleturn|p1b: Corviknight|move: Roost\n|move|p2a: Incineroar|Parting Shot|p1b: Corviknight\n|-ability|p1b: Corviknight|Mirror Armor\n|-unboost|p2a: Incineroar|atk|1\n|-ability|p1b: Corviknight|Mirror Armor\n|-unboost|p2a: Incineroar|spa|1\n|\n|t:|1776283814\n|switch|p2a: Basculegion|Basculegion, L50, M|32/100|[from] Parting Shot\n|\n|-heal|p1b: Corviknight|100/100|[from] item: Leftovers\n|upkeep\n|turn|12\n|\n|t:|1776283828\n|move|p2a: Basculegion|Last Respects|p1b: Corviknight\n|-damage|p1b: Corviknight|81/100\n|move|p2b: Floette|Moonblast|p1b: Corviknight\n|-resisted|p1b: Corviknight|1\n|-damage|p1b: Corviknight|54/100\n|move|p1b: Corviknight|Iron Defense|p1b: Corviknight\n|-boost|p1b: Corviknight|def|2\n|\n|-heal|p1b: Corviknight|60/100|[from] item: Leftovers\n|upkeep\n|turn|13\n|\n|t:|1776283838\n|switch|p2a: Incineroar|Incineroar, L50, F|62/100\n|-ability|p2a: Incineroar|Intimidate|boost\n|-ability|p1b: Corviknight|Mirror Armor\n|-unboost|p2a: Incineroar|atk|1\n|move|p2b: Floette|Protect|p2b: Floette\n|-singleturn|p2b: Floette|Protect\n|move|p1b: Corviknight|Roost|p1b: Corviknight\n|-heal|p1b: Corviknight|100/100\n|-singleturn|p1b: Corviknight|move: Roost\n|\n|upkeep\n|turn|14\n|\n|t:|1776283851\n|move|p2a: Incineroar|Fake Out|p1b: Corviknight\n|-resisted|p1b: Corviknight|1\n|-damage|p1b: Corviknight|99/100\n|move|p2b: Floette|Moonblast|p1b: Corviknight\n|-resisted|p1b: Corviknight|1\n|-damage|p1b: Corviknight|71/100\n|cant|p1b: Corviknight|flinch\n|\n|-heal|p1b: Corviknight|77/100|[from] item: Leftovers\n|upkeep\n|turn|15\n|\n|t:|1776283861\n|switch|p2a: Basculegion|Basculegion, L50, M|32/100\n|move|p2b: Floette|Moonblast|p1b: Corviknight\n|-resisted|p1b: Corviknight|1\n|-damage|p1b: Corviknight|50/100\n|move|p1b: Corviknight|Brave Bird|p2a: Basculegion\n|-damage|p2a: Basculegion|0 fnt\n|faint|p2a: Basculegion\n|-damage|p1b: Corviknight|40/100|[from] Recoil\n|\n|-heal|p1b: Corviknight|46/100|[from] item: Leftovers\n|upkeep\n|\n|t:|1776283864\n|switch|p2a: Incineroar|Incineroar, L50, F|62/100\n|-ability|p2a: Incineroar|Intimidate|boost\n|-ability|p1b: Corviknight|Mirror Armor\n|-unboost|p2a: Incineroar|atk|1\n|turn|16\n|\n|t:|1776283872\n|move|p2a: Incineroar|Fake Out|p1b: Corviknight\n|-resisted|p1b: Corviknight|1\n|-damage|p1b: Corviknight|45/100\n|move|p2b: Floette|Light of Ruin|p1b: Corviknight\n|-resisted|p1b: Corviknight|1\n|-damage|p1b: Corviknight|6/100\n|-damage|p2b: Floette|45/100|[from] Recoil\n|cant|p1b: Corviknight|flinch\n|\n|-heal|p1b: Corviknight|12/100|[from] item: Leftovers\n|upkeep\n|turn|17\n|\n|t:|1776283882\n|move|p2b: Floette|Moonblast|p1b: Corviknight\n|-resisted|p1b: Corviknight|1\n|-damage|p1b: Corviknight|0 fnt\n|faint|p1b: Corviknight\n|\n|win|sfdgw4\n|raw|Keltr1ck's rating: 1050 &rarr; <strong>1031</strong><br />(-19 for losing)\n|raw|sfdgw4's rating: 1030 &rarr; <strong>1068</strong><br />(+38 for winning)\n|l|\u2606Keltr1ck\n|player|p1|\n",
  "uploadtime": 1776284087,
  "views": 20,
  "formatid": "gen9championsvgc2026regma",
  "rating": 1031,
  "private": 0,
  "password": null
}