{
  "id": "gen9championsvgc2026regma-2583301428",
  "format": "[Gen 9 Champions] VGC 2026 Reg M-A",
  "players": [
    "BlobbyStuntfisk",
    "xClickyx"
  ],
  "log": "|j|\u2606BlobbyStuntfisk\n|j|\u2606xClickyx\n|t:|1776164802\n|gametype|doubles\n|player|p1|BlobbyStuntfisk|101|1109\n|player|p2|xClickyx|guitarist-gen4|1059\n|gen|9\n|tier|[Gen 9 Champions] VGC 2026 Reg M-A\n|rated|\n|rule|Species Clause: Limit one of each Pok\u00e9mon\n|rule|Item Clause: Limit 1 of each item\n|clearpoke\n|poke|p1|Torkoal, L50, M|\n|poke|p1|Talonflame, L50, M|\n|poke|p1|Abomasnow, L50, M|\n|poke|p1|Garchomp, L50, M|\n|poke|p1|Chimecho, L50, F|\n|poke|p1|Pikachu, L50, M|\n|poke|p2|Sneasler, L50, M|\n|poke|p2|Incineroar, L50, F|\n|poke|p2|Sinistcha, L50|\n|poke|p2|Floette-Eternal, L50, F|\n|poke|p2|Basculegion, L50, M|\n|poke|p2|Pelipper, L50, M|\n|teampreview|4\n|\n|t:|1776164822\n|teamsize|p1|4\n|teamsize|p2|4\n|start\n|switch|p1a: Pikachu|Pikachu, L50, M|100/100\n|switch|p1b: Chimecho|Chimecho, L50, F|100/100\n|switch|p2a: Incineroar|Incineroar, L50, F|100/100\n|switch|p2b: Floette|Floette-Eternal, L50, F|100/100\n|-ability|p2a: Incineroar|Intimidate|boost\n|-unboost|p1a: Pikachu|atk|1\n|-unboost|p1b: Chimecho|atk|1\n|turn|1\n|\n|t:|1776164840\n|detailschange|p2b: Floette|Floette-Mega, L50, F\n|-mega|p2b: Floette|Floette|Floettite\n|-ability|p2b: Floette|Fairy Aura\n|move|p1a: Pikachu|Fake Out|p2a: Incineroar\n|-damage|p2a: Incineroar|94/100\n|cant|p2a: Incineroar|flinch\n|move|p2b: Floette|Calm Mind|p2b: Floette\n|-boost|p2b: Floette|spa|1\n|-boost|p2b: Floette|spd|1\n|move|p1b: Chimecho|Trick Room|p1b: Chimecho\n|-fieldstart|move: Trick Room|[of] p1b: Chimecho\n|\n|upkeep\n|turn|2\n|\n|t:|1776164857\n|move|p1b: Chimecho|Hypnosis|p2a: Incineroar\n|-status|p2a: Incineroar|slp|[from] move: Hypnosis\n|cant|p2a: Incineroar|slp\n|move|p2b: Floette|Moonblast|p1a: Pikachu\n|-damage|p1a: Pikachu|0 fnt\n|faint|p1a: Pikachu\n|\n|upkeep\n|\n|t:|1776164867\n|switch|p1a: Torkoal|Torkoal, L50, M|100/100\n|-weather|SunnyDay|[from] ability: Drought|[of] p1a: Torkoal\n|turn|3\n|\n|t:|1776164877\n|switch|p2a: Pelipper|Pelipper, L50, M|100/100\n|-weather|RainDance|[from] ability: Drizzle|[of] p2a: Pelipper\n|move|p1a: Torkoal|Eruption|p2b: Floette|[spread] p2a,p2b\n|-resisted|p2a: Pelipper|1\n|-damage|p2a: Pelipper|74/100\n|-damage|p2b: Floette|85/100\n|move|p1b: Chimecho|Hypnosis|p2b: Floette|[miss]\n|-miss|p1b: Chimecho|p2b: Floette\n|move|p2b: Floette|Moonblast|p1a: Torkoal\n|-resisted|p1a: Torkoal|1\n|-crit|p1a: Torkoal\n|-damage|p1a: Torkoal|0 fnt\n|faint|p1a: Torkoal\n|\n|-weather|RainDance|[upkeep]\n|upkeep\n|\n|t:|1776164887\n|switch|p1a: Abomasnow|Abomasnow, L50, M|100/100\n|-weather|Snowscape|[from] ability: Snow Warning|[of] p1a: Abomasnow\n|turn|4\n|\n|t:|1776164902\n|switch|p2a: Incineroar|Incineroar, L50, F|94/100 slp\n|-ability|p2a: Incineroar|Intimidate|boost\n|-unboost|p1a: Abomasnow|atk|1\n|-unboost|p1b: Chimecho|atk|1\n|move|p2b: Floette|Protect|p2b: Floette\n|-singleturn|p2b: Floette|Protect\n|move|p1a: Abomasnow|Aurora Veil|p1a: Abomasnow\n|-sidestart|p1: BlobbyStuntfisk|move: Aurora Veil\n|move|p1b: Chimecho|Hypnosis|p2b: Floette\n|-activate|p2b: Floette|move: Protect\n|\n|-weather|Snowscape|[upkeep]\n|upkeep\n|turn|5\n|\n|t:|1776164929\n|move|p1a: Abomasnow|Protect|p1a: Abomasnow\n|-singleturn|p1a: Abomasnow|Protect\n|cant|p2a: Incineroar|slp\n|move|p1b: Chimecho|Hypnosis|p2b: Floette\n|-status|p2b: Floette|slp|[from] move: Hypnosis\n|cant|p2b: Floette|slp\n|\n|-weather|Snowscape|[upkeep]\n|-fieldend|move: Trick Room\n|upkeep\n|turn|6\n|\n|t:|1776164947\n|cant|p2b: Floette|slp\n|-curestatus|p2a: Incineroar|slp|[msg]\n|move|p2a: Incineroar|Darkest Lariat|p1b: Chimecho\n|-supereffective|p1b: Chimecho|1\n|-damage|p1b: Chimecho|47/100\n|move|p1b: Chimecho|Hypnosis|p2a: Incineroar\n|-status|p2a: Incineroar|slp|[from] move: Hypnosis\n|move|p1a: Abomasnow|Blizzard|p2b: Floette|[spread] p2a,p2b\n|-resisted|p2a: Incineroar|1\n|-damage|p2a: Incineroar|74/100 slp\n|-damage|p2b: Floette|63/100 slp\n|\n|-weather|Snowscape|[upkeep]\n|upkeep\n|turn|7\n|\n|t:|1776164970\n|switch|p2a: Pelipper|Pelipper, L50, M|74/100\n|-weather|RainDance|[from] ability: Drizzle|[of] p2a: Pelipper\n|-curestatus|p2b: Floette|slp|[msg]\n|move|p2b: Floette|Moonblast|p1b: Chimecho\n|-damage|p1b: Chimecho|0 fnt\n|faint|p1b: Chimecho\n|move|p1a: Abomasnow|Blizzard|p2b: Floette|[spread] \n|-miss|p1a: Abomasnow|p2a: Pelipper\n|-miss|p1a: Abomasnow|p2b: Floette\n|\n|-weather|RainDance|[upkeep]\n|upkeep\n|turn|8\n|\n|t:|1776164989\n|detailschange|p1a: Abomasnow|Abomasnow-Mega, L50, M\n|-mega|p1a: Abomasnow|Abomasnow|Abomasite\n|-weather|Snowscape|[from] ability: Snow Warning|[of] p1a: Abomasnow\n|move|p2b: Floette|Psychic|p1a: Abomasnow\n|-damage|p1a: Abomasnow|68/100\n|move|p2a: Pelipper|Hurricane|p1a: Abomasnow\n|-supereffective|p1a: Abomasnow|1\n|-damage|p1a: Abomasnow|26/100\n|move|p1a: Abomasnow|Blizzard|p2b: Floette|[spread] p2a,p2b\n|-damage|p2a: Pelipper|0 fnt\n|-damage|p2b: Floette|37/100\n|faint|p2a: Pelipper\n|\n|-weather|Snowscape|[upkeep]\n|-sideend|p1: BlobbyStuntfisk|move: Aurora Veil\n|upkeep\n|\n|t:|1776165004\n|switch|p2a: Incineroar|Incineroar, L50, F|74/100 slp\n|-ability|p2a: Incineroar|Intimidate|boost\n|-unboost|p1a: Abomasnow|atk|1\n|turn|9\n|c|\u2606BlobbyStuntfisk|ggs\n|\n|t:|1776165012\n|cant|p2a: Incineroar|slp\n|move|p2b: Floette|Moonblast|p1a: Abomasnow\n|-damage|p1a: Abomasnow|0 fnt\n|faint|p1a: Abomasnow\n|\n|win|xClickyx\n|raw|BlobbyStuntfisk's rating: 1109 &rarr; <strong>1080</strong><br />(-29 for losing)\n|raw|xClickyx's rating: 1059 &rarr; <strong>1095</strong><br />(+36 for winning)\n|l|\u2606BlobbyStuntfisk\n|player|p1|\n",
  "uploadtime": 1776165019,
  "views": 22,
  "formatid": "gen9championsvgc2026regma",
  "rating": 1080,
  "private": 0,
  "password": null
}