{
  "id": "gen9championsvgc2026regma-2587783748",
  "format": "[Gen 9 Champions] VGC 2026 Reg M-A",
  "players": [
    "Antfrrr~",
    "Kanari26"
  ],
  "log": "|j|\u2606Antfrrr~\n|j|\u2606Kanari26\n|t:|1776563617\n|gametype|doubles\n|player|p1|Antfrrr~|drayden|\n|player|p2|Kanari26|wallace|\n|gen|9\n|tier|[Gen 9 Champions] VGC 2026 Reg M-A\n|rule|Species Clause: Limit one of each Pok\u00e9mon\n|rule|Item Clause: Limit 1 of each item\n|clearpoke\n|poke|p1|Glalie, L50, M, shiny|\n|poke|p1|Gardevoir, L50, M|\n|poke|p1|Snorlax, L50, M|\n|poke|p1|Noivern, L50, M|\n|poke|p1|Tsareena, L50, F, shiny|\n|poke|p1|Medicham, L50, M|\n|poke|p2|Medicham, L50, F, shiny|\n|poke|p2|Azumarill, L50, M|\n|poke|p2|Tsareena, L50, F, shiny|\n|poke|p2|Garchomp, L50, M|\n|poke|p2|Arcanine, L50, F|\n|poke|p2|Gardevoir, L50, F, shiny|\n|teampreview|4\n|inactive|Battle timer is ON: inactive players will automatically lose when time's up. (requested by Antfrrr~)\n|inactive|Antfrrr~ has 60 seconds left.\n|inactive|Kanari26 has 60 seconds left.\n|\n|t:|1776563678\n|teamsize|p1|4\n|teamsize|p2|4\n|start\n|switch|p1a: lois|Tsareena, L50, F, shiny|100/100\n|switch|p1b: Medicham|Medicham, L50, M|100/100\n|switch|p2a: The Toucher|Medicham, L50, F, shiny|100/100\n|switch|p2b: The Smiler|Azumarill, L50, M|100/100\n|turn|1\n|inactive|Kanari26 has 30 seconds left.\n|inactive|Kanari26 has 20 seconds left.\n|inactive|Kanari26 has 15 seconds left.\n|inactive|Kanari26 has 10 seconds left.\n|inactive|Kanari26 has 5 seconds left.\n|\n|t:|1776563731\n|switch|p1a: fat man|Snorlax, L50, M|100/100\n|detailschange|p2a: The Toucher|Medicham-Mega, L50, F, shiny\n|-mega|p2a: The Toucher|Medicham|Medichamite\n|move|p2b: The Smiler|Protect|p2b: The Smiler\n|-singleturn|p2b: The Smiler|Protect\n|move|p2a: The Toucher|Psycho Cut|p1a: fat man\n|-damage|p1a: fat man|65/100\n|move|p1b: Medicham|Trick Room|p1b: Medicham\n|-fieldstart|move: Trick Room|[of] p1b: Medicham\n|\n|upkeep\n|turn|2\n|inactive|Antfrrr~ has 30 seconds left.\n|\n|t:|1776563762\n|move|p1b: Medicham|Helping Hand|p1a: fat man\n|-singleturn|p1a: fat man|Helping Hand|[of] p1b: Medicham\n|move|p1a: fat man|Self-Destruct|p2a: The Toucher|[spread] p2a,p2b\n|-activate|p1b: Medicham|ability: Telepathy\n|-damage|p2a: The Toucher|0 fnt\n|-damage|p2b: The Smiler|31/100\n|faint|p1a: fat man\n|faint|p2a: The Toucher\n|move|p2b: The Smiler|Belly Drum||[still]\n|-fail|p2b: The Smiler\n|\n|upkeep\n|\n|t:|1776563777\n|switch|p1a: lois|Tsareena, L50, F, shiny|100/100\n|switch|p2a: The Cvntinator|Gardevoir, L50, F, shiny|100/100\n|-ability|p2a: The Cvntinator|Telepathy|Trace|[from] ability: Trace|[of] p1b: Medicham\n|turn|3\n|inactive|Kanari26 has 30 seconds left.\n|inactive|Kanari26 has 20 seconds left.\n|\n|t:|1776563813\n|move|p2b: The Smiler|Protect|p2b: The Smiler\n|-singleturn|p2b: The Smiler|Protect\n|move|p2a: The Cvntinator|Moonblast|p1b: Medicham\n|-supereffective|p1b: Medicham|1\n|-enditem|p1b: Medicham|Focus Sash\n|-damage|p1b: Medicham|1/100\n|move|p1a: lois|U-turn|p2a: The Cvntinator\n|-damage|p2a: The Cvntinator|62/100\n|\n|t:|1776563821\n|switch|p1a: tsar bomba|Glalie, L50, M, shiny|100/100|[from] U-turn\n|move|p1b: Medicham|Trick Room|p1b: Medicham\n|-fieldend|move: Trick Room\n|\n|upkeep\n|turn|4\n|inactive|Kanari26 has 30 seconds left.\n|\n|t:|1776563846\n|detailschange|p1a: tsar bomba|Glalie-Mega, L50, M, shiny\n|-mega|p1a: tsar bomba|Glalie|Glalitite\n|move|p1b: Medicham|Helping Hand|p1a: tsar bomba\n|-singleturn|p1a: tsar bomba|Helping Hand|[of] p1b: Medicham\n|move|p2b: The Smiler|Aqua Jet|p1b: Medicham\n|-damage|p1b: Medicham|0 fnt\n|faint|p1b: Medicham\n|move|p1a: tsar bomba|Explosion|p2a: The Cvntinator|[spread] p2a,p2b\n|-resisted|p2b: The Smiler|1\n|-damage|p2a: The Cvntinator|0 fnt\n|-damage|p2b: The Smiler|0 fnt\n|faint|p1a: tsar bomba\n|faint|p2a: The Cvntinator\n|faint|p2b: The Smiler\n|\n|upkeep\n|\n|t:|1776563859\n|switch|p1b: lois|Tsareena, L50, F, shiny|100/100\n|switch|p2b: The Biter|Garchomp, L50, M|100/100\n|turn|5\n|\n|t:|1776563875\n|move|p1b: lois|Triple Axel|p2b: The Biter\n|-supereffective|p2b: The Biter|2\n|-damage|p2b: The Biter|68/100\n|-damage|p1b: lois|88/100|[from] ability: Rough Skin|[of] p2b: The Biter\n|-hitcount|p2b: The Biter|1\n|move|p2b: The Biter|Dragon Claw|p1b: lois\n|-damage|p1b: lois|40/100\n|\n|upkeep\n|turn|6\n|\n|t:|1776563883\n|move|p1b: lois|Triple Axel|p2b: The Biter\n|-supereffective|p2b: The Biter|2\n|-damage|p2b: The Biter|40/100\n|-damage|p1b: lois|28/100|[from] ability: Rough Skin|[of] p2b: The Biter\n|-supereffective|p2b: The Biter|2\n|-damage|p2b: The Biter|0 fnt\n|-damage|p1b: lois|16/100|[from] ability: Rough Skin|[of] p2b: The Biter\n|faint|p2b: The Biter\n|-hitcount|p2: The Biter|2\n|\n|win|Antfrrr~\n",
  "uploadtime": 1776563892,
  "views": 9,
  "formatid": "gen9championsvgc2026regma",
  "rating": null,
  "private": 0,
  "password": null
}