{
  "id": "gen9championsvgc2026regma-2584433520",
  "format": "[Gen 9 Champions] VGC 2026 Reg M-A",
  "players": [
    "Elamo78",
    "CrosspoisonVGC"
  ],
  "log": "|j|\u2606Elamo78\n|j|\u2606CrosspoisonVGC\n|t:|1776260545\n|gametype|doubles\n|player|p1|Elamo78|1|1130\n|player|p2|CrosspoisonVGC|101|1056\n|gen|9\n|tier|[Gen 9 Champions] VGC 2026 Reg M-A\n|rated|\n|rule|Species Clause: Limit one of each Pok\u00e9mon\n|rule|Item Clause: Limit 1 of each item\n|clearpoke\n|poke|p1|Corviknight, L50, M|\n|poke|p1|Dragonite, L50, M|\n|poke|p1|Sneasler, L50, F|\n|poke|p1|Venusaur, L50, M|\n|poke|p1|Incineroar, L50, M|\n|poke|p1|Basculegion, L50, M|\n|poke|p2|Torkoal, L50, F|\n|poke|p2|Whimsicott, L50, M|\n|poke|p2|Garchomp, L50, F|\n|poke|p2|Sneasler, L50, F|\n|poke|p2|Delphox, L50, F|\n|poke|p2|Farigiraf, L50, F|\n|teampreview|4\n|inactive|Battle timer is ON: inactive players will automatically lose when time's up. (requested by Elamo78)\n|\n|t:|1776260608\n|teamsize|p1|4\n|teamsize|p2|4\n|start\n|switch|p1a: Dragonite|Dragonite, L50, M|100/100\n|switch|p1b: Incineroar|Incineroar, L50, M|100/100\n|switch|p2a: FieryAffinity|Delphox, L50, F|100/100\n|switch|p2b: Garchomp|Garchomp, L50, F|100/100\n|-ability|p1b: Incineroar|Intimidate|boost\n|-unboost|p2a: FieryAffinity|atk|1\n|-unboost|p2b: Garchomp|atk|1\n|turn|1\n|inactive|Elamo78 has 30 seconds left.\n|inactive|CrosspoisonVGC has 30 seconds left.\n|\n|t:|1776260638\n|switch|p2a: Farigiraf|Farigiraf, L50, F|100/100\n|detailschange|p1a: Dragonite|Dragonite-Mega, L50, M\n|-mega|p1a: Dragonite|Dragonite|Dragoninite\n|move|p1b: Incineroar|Fake Out||[still]\n|cant|p2a: Farigiraf|ability: Armor Tail|Fake Out|[of] p1b: Incineroar\n|move|p2b: Garchomp|Rock Slide|p1a: Dragonite|[spread] p1a,p1b\n|-supereffective|p1a: Dragonite|1\n|-supereffective|p1b: Incineroar|1\n|-damage|p1a: Dragonite|88/100\n|-damage|p1b: Incineroar|79/100\n|move|p1a: Dragonite|Icy Wind|p2a: Farigiraf|[spread] p2a,p2b\n|-supereffective|p2b: Garchomp|2\n|-damage|p2a: Farigiraf|86/100\n|-damage|p2b: Garchomp|23/100\n|-unboost|p2a: Farigiraf|spe|1\n|-unboost|p2b: Garchomp|spe|1\n|\n|upkeep\n|turn|2\n|\n|t:|1776260662\n|switch|p2b: Torkoal|Torkoal, L50, F|100/100\n|-weather|SunnyDay|[from] ability: Drought|[of] p2b: Torkoal\n|move|p1a: Dragonite|Dragon Pulse|p2a: Farigiraf\n|-damage|p2a: Farigiraf|33/100\n|-enditem|p2a: Farigiraf|Sitrus Berry|[eat]\n|-heal|p2a: Farigiraf|58/100|[from] item: Sitrus Berry\n|move|p1b: Incineroar|Darkest Lariat|p2a: Farigiraf\n|-supereffective|p2a: Farigiraf|1\n|-damage|p2a: Farigiraf|2/100\n|move|p2a: Farigiraf|Trick Room|p2a: Farigiraf\n|-fieldstart|move: Trick Room|[of] p2a: Farigiraf\n|\n|-weather|SunnyDay|[upkeep]\n|upkeep\n|turn|3\n|inactive|Elamo78 has 30 seconds left.\n|\n|t:|1776260688\n|move|p1a: Dragonite|Protect|p1a: Dragonite\n|-singleturn|p1a: Dragonite|Protect\n|move|p2b: Torkoal|Eruption|p1a: Dragonite|[spread] p1b\n|-activate|p1a: Dragonite|move: Protect\n|-resisted|p1b: Incineroar|1\n|-damage|p1b: Incineroar|40/100\n|-enditem|p1b: Incineroar|Sitrus Berry|[eat]\n|-heal|p1b: Incineroar|65/100|[from] item: Sitrus Berry\n|move|p2a: Farigiraf|Hyper Voice|p1a: Dragonite|[spread] p1b\n|-activate|p1a: Dragonite|move: Protect\n|-damage|p1b: Incineroar|42/100\n|move|p1b: Incineroar|Darkest Lariat|p2b: Torkoal\n|-damage|p2b: Torkoal|75/100\n|\n|-weather|SunnyDay|[upkeep]\n|upkeep\n|turn|4\n|\n|t:|1776260711\n|move|p2b: Torkoal|Eruption|p1a: Dragonite|[spread] p1a,p1b\n|-resisted|p1a: Dragonite|1\n|-resisted|p1b: Incineroar|1\n|-damage|p1a: Dragonite|65/100\n|-damage|p1b: Incineroar|15/100\n|move|p2a: Farigiraf|Hyper Voice|p1a: Dragonite|[spread] p1a,p1b\n|-damage|p1a: Dragonite|44/100\n|-damage|p1b: Incineroar|0 fnt\n|faint|p1b: Incineroar\n|move|p1a: Dragonite|Icy Wind|p2a: Farigiraf|[spread] p2a,p2b\n|-resisted|p2b: Torkoal|1\n|-damage|p2a: Farigiraf|0 fnt\n|-damage|p2b: Torkoal|64/100\n|-unboost|p2b: Torkoal|spe|1\n|faint|p2a: Farigiraf\n|\n|-weather|SunnyDay|[upkeep]\n|upkeep\n|\n|t:|1776260724\n|switch|p2a: FieryAffinity|Delphox, L50, F|100/100\n|switch|p1b: Basculegion|Basculegion, L50, M|100/100\n|turn|5\n|inactive|Elamo78 has 30 seconds left.\n|\n|t:|1776260750\n|move|p1a: Dragonite|Protect|p1a: Dragonite\n|-singleturn|p1a: Dragonite|Protect\n|move|p1b: Basculegion|Aqua Jet|p2b: Torkoal\n|-supereffective|p2b: Torkoal|1\n|-damage|p2b: Torkoal|46/100\n|move|p2b: Torkoal|Weather Ball|p1b: Basculegion\n|-resisted|p1b: Basculegion|1\n|-damage|p1b: Basculegion|57/100\n|move|p2a: FieryAffinity|Psychic|p1b: Basculegion\n|-damage|p1b: Basculegion|10/100\n|\n|-weather|SunnyDay|[upkeep]\n|upkeep\n|turn|6\n|\n|t:|1776260770\n|move|p1b: Basculegion|Aqua Jet|p2a: FieryAffinity\n|-supereffective|p2a: FieryAffinity|1\n|-damage|p2a: FieryAffinity|62/100\n|move|p2b: Torkoal|Weather Ball|p1a: Dragonite\n|-resisted|p1a: Dragonite|1\n|-damage|p1a: Dragonite|15/100\n|move|p1a: Dragonite|Roost|p1a: Dragonite\n|-heal|p1a: Dragonite|65/100\n|-singleturn|p1a: Dragonite|move: Roost\n|move|p2a: FieryAffinity|Heat Wave|p1a: Dragonite|[spread] p1a,p1b\n|-resisted|p1a: Dragonite|1\n|-resisted|p1b: Basculegion|1\n|-damage|p1a: Dragonite|48/100\n|-damage|p1b: Basculegion|0 fnt\n|faint|p1b: Basculegion\n|\n|-weather|none\n|-fieldend|move: Trick Room\n|upkeep\n|\n|t:|1776260781\n|switch|p1b: Sneasler|Sneasler, L50, F|100/100\n|turn|7\n|\n|t:|1776260802\n|move|p1b: Sneasler|Protect|p1b: Sneasler\n|-singleturn|p1b: Sneasler|Protect\n|move|p2a: FieryAffinity|Protect|p2a: FieryAffinity\n|-singleturn|p2a: FieryAffinity|Protect\n|move|p1a: Dragonite|Icy Wind|p2a: FieryAffinity|[spread] p2b\n|-activate|p2a: FieryAffinity|move: Protect\n|-resisted|p2b: Torkoal|1\n|-damage|p2b: Torkoal|35/100\n|-unboost|p2b: Torkoal|spe|1\n|move|p2b: Torkoal|Earth Power|p1b: Sneasler\n|-activate|p1b: Sneasler|move: Protect\n|\n|upkeep\n|turn|8\n|\n|t:|1776260825\n|detailschange|p2a: FieryAffinity|Delphox-Mega, L50, F\n|-mega|p2a: FieryAffinity|Delphox|Delphoxite\n|move|p2a: FieryAffinity|Psychic|p1b: Sneasler\n|-supereffective|p1b: Sneasler|2\n|-damage|p1b: Sneasler|0 fnt\n|faint|p1b: Sneasler\n|move|p1a: Dragonite|Dragon Pulse|p2a: FieryAffinity\n|-damage|p2a: FieryAffinity|17/100\n|move|p2b: Torkoal|Eruption|p1a: Dragonite\n|-resisted|p1a: Dragonite|1\n|-damage|p1a: Dragonite|38/100\n|\n|upkeep\n|turn|9\n|\n|t:|1776260839\n|move|p2a: FieryAffinity|Psychic|p1a: Dragonite\n|-damage|p1a: Dragonite|0 fnt\n|faint|p1a: Dragonite\n|\n|win|CrosspoisonVGC\n|raw|Elamo78's rating: 1130 &rarr; <strong>1100</strong><br />(-30 for losing)\n|raw|CrosspoisonVGC's rating: 1056 &rarr; <strong>1094</strong><br />(+38 for winning)\n|l|\u2606Elamo78\n|player|p1|\n",
  "uploadtime": 1776260977,
  "views": 35,
  "formatid": "gen9championsvgc2026regma",
  "rating": 1094,
  "private": 0,
  "password": null
}