{
  "id": "gen9championsvgc2026regma-2587570256",
  "format": "[Gen 9 Champions] VGC 2026 Reg M-A",
  "players": [
    "noahtdiditfirst",
    "rauliito_adh"
  ],
  "log": "|j|\u2606noahtdiditfirst\n|j|\u2606rauliito_adh\n|t:|1776543178\n|gametype|doubles\n|player|p1|noahtdiditfirst|marshal|1437\n|player|p2|rauliito_adh|hilbert|1398\n|gen|9\n|tier|[Gen 9 Champions] VGC 2026 Reg M-A\n|rated|\n|rule|Species Clause: Limit one of each Pok\u00e9mon\n|rule|Item Clause: Limit 1 of each item\n|clearpoke\n|poke|p1|Archaludon, L50, F, shiny|\n|poke|p1|Sinistcha, L50|\n|poke|p1|Manectric, L50, M, shiny|\n|poke|p1|Dragonite, L50, M|\n|poke|p1|Pelipper, L50, M, shiny|\n|poke|p1|Chandelure, L50, M, shiny|\n|poke|p2|Gardevoir, L50, F, shiny|\n|poke|p2|Basculegion, L50, M, shiny|\n|poke|p2|Maushold-Four, L50, shiny|\n|poke|p2|Talonflame, L50, F, shiny|\n|poke|p2|Garchomp, L50, M|\n|poke|p2|Kingambit, L50, M, shiny|\n|teampreview|4\n|j| magnus orion\n|inactive|Battle timer is ON: inactive players will automatically lose when time's up. (requested by rauliito_adh)\n|inactive|rauliito_adh has 60 seconds left.\n|\n|t:|1776543261\n|teamsize|p1|4\n|teamsize|p2|4\n|start\n|switch|p1a: Dragonite|Dragonite, L50, M|100/100\n|switch|p1b: Manectric|Manectric, L50, M, shiny|100/100\n|switch|p2a: Talonflame|Talonflame, L50, F, shiny|100/100\n|switch|p2b: Garchomp|Garchomp, L50, M|100/100\n|turn|1\n|inactive|noahtdiditfirst has 30 seconds left.\n|inactive|noahtdiditfirst has 20 seconds left.\n|inactive|noahtdiditfirst has 15 seconds left.\n|inactive|noahtdiditfirst has 10 seconds left.\n|\n|t:|1776543306\n|detailschange|p1b: Manectric|Manectric-Mega, L50, M, shiny\n|-mega|p1b: Manectric|Manectric|Manectite\n|-ability|p1b: Manectric|Intimidate|boost\n|-unboost|p2a: Talonflame|atk|1\n|-unboost|p2b: Garchomp|atk|1\n|-enditem|p2b: Garchomp|White Herb\n|-clearnegativeboost|p2b: Garchomp|[silent]\n|move|p1a: Dragonite|Extreme Speed|p2a: Talonflame\n|-damage|p2a: Talonflame|52/100\n|move|p1b: Manectric|Volt Switch|p2a: Talonflame\n|-supereffective|p2a: Talonflame|1\n|-damage|p2a: Talonflame|0 fnt\n|faint|p2a: Talonflame\n|\n|t:|1776543320\n|switch|p1b: Pelipper|Pelipper, L50, M, shiny|100/100|[from] Volt Switch\n|-weather|RainDance|[from] ability: Drizzle|[of] p1b: Pelipper\n|move|p2b: Garchomp|Rock Slide|p1b: Pelipper|[spread] p1a,p1b\n|-supereffective|p1a: Dragonite|1\n|-supereffective|p1b: Pelipper|1\n|-damage|p1a: Dragonite|60/100\n|-damage|p1b: Pelipper|44/100\n|\n|-weather|RainDance|[upkeep]\n|upkeep\n|\n|t:|1776543341\n|switch|p2a: Gardevoir|Gardevoir, L50, F, shiny|100/100\n|turn|2\n|\n|t:|1776543351\n|detailschange|p2a: Gardevoir|Gardevoir-Mega, L50, F, shiny\n|-mega|p2a: Gardevoir|Gardevoir|Gardevoirite\n|move|p1b: Pelipper|Wide Guard|p1b: Pelipper\n|-singleturn|p1b: Pelipper|Wide Guard\n|move|p2b: Garchomp|Rock Slide|p1b: Pelipper|[spread] \n|-activate|p1a: Dragonite|move: Wide Guard\n|-activate|p1b: Pelipper|move: Wide Guard\n|move|p1a: Dragonite|Outrage|p2b: Garchomp\n|-supereffective|p2b: Garchomp|1\n|-damage|p2b: Garchomp|0 fnt\n|-damage|p1a: Dragonite|48/100|[from] ability: Rough Skin|[of] p2b: Garchomp\n|faint|p2b: Garchomp\n|move|p2a: Gardevoir|Trick Room|p2a: Gardevoir\n|-fieldstart|move: Trick Room|[of] p2a: Gardevoir\n|\n|-weather|RainDance|[upkeep]\n|upkeep\n|\n|t:|1776543363\n|switch|p2b: Basculegion|Basculegion, L50, M, shiny|100/100\n|turn|3\n|inactive|rauliito_adh has 30 seconds left.\n|inactive|rauliito_adh has 20 seconds left.\n|inactive|rauliito_adh has 15 seconds left.\n|inactive|rauliito_adh has 10 seconds left.\n|inactive|rauliito_adh has 5 seconds left.\n|\n|t:|1776543417\n|switch|p1b: Archaludon|Archaludon, L50, F, shiny|100/100\n|move|p2b: Basculegion|Last Respects|p1b: Archaludon\n|-damage|p1b: Archaludon|33/100\n|-ability|p1b: Archaludon|Stamina|boost\n|-boost|p1b: Archaludon|def|1\n|move|p1a: Dragonite|Outrage|p2a: Gardevoir|[from] lockedmove\n|-immune|p2a: Gardevoir\n|-start|p1a: Dragonite|confusion|[fatigue]\n|-enditem|p1a: Dragonite|Lum Berry|[eat]\n|-end|p1a: Dragonite|confusion\n|move|p2a: Gardevoir|Hyper Voice|p1b: Archaludon|[spread] p1a,p1b\n|-supereffective|p1a: Dragonite|1\n|-damage|p1a: Dragonite|0 fnt\n|-damage|p1b: Archaludon|0 fnt\n|faint|p1a: Dragonite\n|faint|p1b: Archaludon\n|\n|-weather|RainDance|[upkeep]\n|upkeep\n|\n|t:|1776543430\n|switch|p1a: Pelipper|Pelipper, L50, M, shiny|44/100\n|switch|p1b: Manectric|Manectric-Mega, L50, M, shiny|100/100\n|-ability|p1b: Manectric|Intimidate|boost\n|-unboost|p2a: Gardevoir|atk|1\n|-unboost|p2b: Basculegion|atk|1\n|turn|4\n|inactive|rauliito_adh has 30 seconds left.\n|\n|t:|1776543460\n|move|p1a: Pelipper|Wide Guard|p1a: Pelipper\n|-singleturn|p1a: Pelipper|Wide Guard\n|move|p2b: Basculegion|Wave Crash|p1b: Manectric\n|-damage|p1b: Manectric|2/100\n|-damage|p2b: Basculegion|77/100|[from] Recoil\n|move|p2a: Gardevoir|Psyshock|p1a: Pelipper\n|-damage|p1a: Pelipper|0 fnt\n|faint|p1a: Pelipper\n|move|p1b: Manectric|Thunderbolt|p2b: Basculegion\n|-supereffective|p2b: Basculegion|1\n|-damage|p2b: Basculegion|0 fnt\n|faint|p2b: Basculegion\n|\n|-weather|RainDance|[upkeep]\n|upkeep\n|turn|5\n|-message|noahtdiditfirst forfeited.\n|\n|win|rauliito_adh\n|raw|noahtdiditfirst's rating: 1437 &rarr; <strong>1415</strong><br />(-22 for losing)\n|raw|rauliito_adh's rating: 1398 &rarr; <strong>1420</strong><br />(+22 for winning)\n",
  "uploadtime": 1776543477,
  "views": 25,
  "formatid": "gen9championsvgc2026regma",
  "rating": 1415,
  "private": 0,
  "password": null
}