{
  "id": "gen9championsvgc2026regma-2588652114",
  "format": "[Gen 9 Champions] VGC 2026 Reg M-A",
  "players": [
    "treeshhhh",
    "yanhaobw"
  ],
  "log": "|j|\u2606treeshhhh\n|j|\u2606yanhaobw\n|t:|1776654002\n|gametype|doubles\n|player|p1|treeshhhh|169|1433\n|player|p2|yanhaobw|170|1479\n|gen|9\n|tier|[Gen 9 Champions] VGC 2026 Reg M-A\n|rated|\n|rule|Species Clause: Limit one of each Pok\u00e9mon\n|rule|Item Clause: Limit 1 of each item\n|clearpoke\n|poke|p1|Lucario, L50, M, shiny|\n|poke|p1|Dragonite, L50, F, shiny|\n|poke|p1|Archaludon, L50, F, shiny|\n|poke|p1|Kingambit, L50, F, shiny|\n|poke|p1|Basculegion, L50, M, shiny|\n|poke|p1|Pelipper, L50, F, shiny|\n|poke|p2|Aerodactyl, L50, M|\n|poke|p2|Sneasler, L50, F|\n|poke|p2|Floette-Eternal, L50, F|\n|poke|p2|Kingambit, L50, F|\n|poke|p2|Ceruledge, L50, M|\n|poke|p2|Meowscarada, L50, F|\n|teampreview|4\n|\n|t:|1776654028\n|teamsize|p1|4\n|teamsize|p2|4\n|start\n|switch|p1a: Lucario|Lucario, L50, M, shiny|100/100\n|switch|p1b: Pelipper|Pelipper, L50, F, shiny|100/100\n|switch|p2a: Meowscarada|Meowscarada, L50, F|100/100\n|switch|p2b: Sneasler|Sneasler, L50, F|100/100\n|-weather|RainDance|[from] ability: Drizzle|[of] p1b: Pelipper\n|turn|1\n|inactive|Battle timer is ON: inactive players will automatically lose when time's up. (requested by yanhaobw)\n|\n|t:|1776654044\n|move|p1a: Lucario|Protect|p1a: Lucario\n|-singleturn|p1a: Lucario|Protect\n|move|p2a: Meowscarada|Thunder Punch|p1b: Pelipper\n|-start|p2a: Meowscarada|typechange|Electric|[from] ability: Protean\n|-supereffective|p1b: Pelipper|2\n|-enditem|p1b: Pelipper|Focus Sash\n|-damage|p1b: Pelipper|1/100\n|move|p2b: Sneasler|Close Combat|p1a: Lucario\n|-activate|p1a: Lucario|move: Protect\n|move|p1b: Pelipper|Hurricane|p2b: Sneasler\n|-supereffective|p2b: Sneasler|1\n|-damage|p2b: Sneasler|0 fnt\n|faint|p2b: Sneasler\n|\n|-weather|RainDance|[upkeep]\n|upkeep\n|j| GoodraSweetheart76\n|\n|t:|1776654059\n|switch|p2b: Floette|Floette-Eternal, L50, F|100/100\n|turn|2\n|\n|t:|1776654072\n|switch|p2a: Kingambit|Kingambit, L50, F|100/100\n|detailschange|p1a: Lucario|Lucario-Mega, L50, M, shiny\n|-mega|p1a: Lucario|Lucario|Lucarionite\n|detailschange|p2b: Floette|Floette-Mega, L50, F\n|-mega|p2b: Floette|Floette|Floettite\n|-ability|p2b: Floette|Fairy Aura\n|move|p1b: Pelipper|Helping Hand|p1a: Lucario\n|-singleturn|p1a: Lucario|Helping Hand|[of] p1b: Pelipper\n|move|p1a: Lucario|Bullet Punch|p2b: Floette\n|-supereffective|p2b: Floette|1\n|-damage|p2b: Floette|0 fnt\n|faint|p2b: Floette\n|\n|-weather|RainDance|[upkeep]\n|upkeep\n|\n|t:|1776654084\n|switch|p2b: Meowscarada|Meowscarada, L50, F|100/100\n|turn|3\n|inactive|yanhaobw has 30 seconds left.\n|\n|t:|1776654114\n|move|p1b: Pelipper|Protect|p1b: Pelipper\n|-singleturn|p1b: Pelipper|Protect\n|move|p2a: Kingambit|Sucker Punch|p1a: Lucario\n|-resisted|p1a: Lucario|1\n|-damage|p1a: Lucario|71/100\n|move|p2b: Meowscarada|Thunder Punch|p1a: Lucario\n|-start|p2b: Meowscarada|typechange|Electric|[from] ability: Protean\n|-damage|p1a: Lucario|23/100\n|move|p1a: Lucario|Close Combat|p2a: Kingambit\n|-supereffective|p2a: Kingambit|2\n|-enditem|p2a: Kingambit|Chople Berry|[eat]\n|-enditem|p2a: Kingambit|Chople Berry|[weaken]\n|-damage|p2a: Kingambit|0 fnt\n|-unboost|p1a: Lucario|def|1\n|-unboost|p1a: Lucario|spd|1\n|faint|p2a: Kingambit\n|\n|-weather|RainDance|[upkeep]\n|upkeep\n|turn|4\n|\n|t:|1776654135\n|switch|p1a: Archaludon|Archaludon, L50, F, shiny|100/100\n|move|p2b: Meowscarada|Thunder Punch|p1b: Pelipper\n|-supereffective|p1b: Pelipper|2\n|-damage|p1b: Pelipper|0 fnt\n|faint|p1b: Pelipper\n|\n|-weather|RainDance|[upkeep]\n|upkeep\n|\n|t:|1776654140\n|switch|p1b: Basculegion|Basculegion, L50, M, shiny|100/100\n|turn|5\n|\n|t:|1776654147\n|move|p2b: Meowscarada|Thunder Punch|p1b: Basculegion\n|-supereffective|p1b: Basculegion|1\n|-damage|p1b: Basculegion|10/100\n|move|p1b: Basculegion|Last Respects|p2b: Meowscarada\n|-damage|p2b: Meowscarada|4/100\n|move|p1a: Archaludon|Draco Meteor|p2b: Meowscarada\n|-damage|p2b: Meowscarada|0 fnt\n|-unboost|p1a: Archaludon|spa|2\n|faint|p2b: Meowscarada\n|\n|win|treeshhhh\n|raw|treeshhhh's rating: 1433 &rarr; <strong>1456</strong><br />(+23 for winning)\n|raw|yanhaobw's rating: 1479 &rarr; <strong>1456</strong><br />(-23 for losing)\n",
  "uploadtime": 1776654153,
  "views": 8,
  "formatid": "gen9championsvgc2026regma",
  "rating": 1456,
  "private": 0,
  "password": null
}