{
  "id": "gen9championsvgc2026regma-2582638421",
  "format": "[Gen 9 Champions] VGC 2026 Reg M-A",
  "players": [
    "salt_water123",
    "azumarillsky"
  ],
  "log": "|j|\u2606salt_water123\n|j|\u2606azumarillsky\n|t:|1776104221\n|gametype|doubles\n|player|p1|salt_water123|harmony|1439\n|player|p2|azumarillsky|170|1508\n|gen|9\n|tier|[Gen 9 Champions] VGC 2026 Reg M-A\n|rated|\n|rule|Species Clause: Limit one of each Pok\u00e9mon\n|rule|Item Clause: Limit 1 of each item\n|clearpoke\n|poke|p1|Milotic, L50, F|\n|poke|p1|Chandelure, L50, F|\n|poke|p1|Sneasler, L50, F|\n|poke|p1|Talonflame, L50, M|\n|poke|p1|Garchomp, L50, M|\n|poke|p1|Manectric, L50, F|\n|poke|p2|Lopunny, L50, F|\n|poke|p2|Kingambit, L50, F|\n|poke|p2|Kommo-o, L50, M|\n|poke|p2|Scizor, L50, M|\n|poke|p2|Pelipper, L50, M|\n|poke|p2|Primarina, L50, M|\n|teampreview|4\n|inactive|Battle timer is ON: inactive players will automatically lose when time's up. (requested by salt_water123)\n|\n|t:|1776104245\n|teamsize|p1|4\n|teamsize|p2|4\n|start\n|switch|p1a: Manectric|Manectric, L50, F|100/100\n|switch|p1b: Milotic|Milotic, L50, F|100/100\n|switch|p2a: Lopunny|Lopunny, L50, F|100/100\n|switch|p2b: Kommo-o|Kommo-o, L50, M|100/100\n|turn|1\n|j| CARtu348rjf90\n|j| killapowa\n|j| iliteratepineapple\n|\n|t:|1776104269\n|detailschange|p1a: Manectric|Manectric-Mega, L50, F\n|-mega|p1a: Manectric|Manectric|Manectite\n|-ability|p1a: Manectric|Intimidate|boost\n|-unboost|p2a: Lopunny|atk|1\n|-unboost|p2b: Kommo-o|atk|1\n|detailschange|p2a: Lopunny|Lopunny-Mega, L50, F\n|-mega|p2a: Lopunny|Lopunny|Lopunnite\n|move|p2a: Lopunny|Fake Out|p1b: Milotic\n|-damage|p1b: Milotic|87/100\n|move|p1a: Manectric|Snarl|p2b: Kommo-o|[spread] p2a\n|-immune|p2b: Kommo-o|[from] ability: Soundproof\n|-resisted|p2a: Lopunny|1\n|-damage|p2a: Lopunny|93/100\n|-unboost|p2a: Lopunny|spa|1\n|move|p2b: Kommo-o|Clangorous Soul|p2b: Kommo-o\n|-boost|p2b: Kommo-o|atk|1\n|-boost|p2b: Kommo-o|def|1\n|-boost|p2b: Kommo-o|spa|1\n|-boost|p2b: Kommo-o|spd|1\n|-boost|p2b: Kommo-o|spe|1\n|-damage|p2b: Kommo-o|68/100\n|cant|p1b: Milotic|flinch\n|\n|-heal|p1b: Milotic|93/100|[from] item: Leftovers\n|upkeep\n|turn|2\n|j| GoodraSweetheart76\n|inactive|azumarillsky has 30 seconds left.\n|\n|t:|1776104294\n|move|p2b: Kommo-o|Protect|p2b: Kommo-o\n|-singleturn|p2b: Kommo-o|Protect\n|move|p2a: Lopunny|U-turn|p1b: Milotic\n|-damage|p1b: Milotic|77/100\n|\n|t:|1776104299\n|switch|p2a: Kingambit|Kingambit, L50, F|100/100|[from] U-turn\n|move|p1a: Manectric|Thunderbolt|p2a: Kingambit\n|-damage|p2a: Kingambit|56/100\n|move|p1b: Milotic|Coil|p1b: Milotic\n|-boost|p1b: Milotic|atk|1\n|-boost|p1b: Milotic|def|1\n|-boost|p1b: Milotic|accuracy|1\n|\n|-heal|p1b: Milotic|83/100|[from] item: Leftovers\n|upkeep\n|turn|3\n|j| Counteranomaly\n|c| killapowa|yo, how is mega lopunny? was thinking of building something around it\n|j| Pimp Shrimp\n|\n|t:|1776104322\n|move|p2b: Kommo-o|Clanging Scales|p1b: Milotic|[spread] p1a,p1b\n|-crit|p1b: Milotic\n|-damage|p1a: Manectric|38/100\n|-damage|p1b: Milotic|36/100\n|-unboost|p2b: Kommo-o|def|1\n|move|p1a: Manectric|Scary Face|p2b: Kommo-o\n|-unboost|p2b: Kommo-o|spe|2\n|move|p1b: Milotic|Hypnosis|p2b: Kommo-o|[miss]\n|-miss|p1b: Milotic|p2b: Kommo-o\n|move|p2a: Kingambit|Kowtow Cleave|p1b: Milotic\n|-damage|p1b: Milotic|0 fnt\n|faint|p1b: Milotic\n|\n|upkeep\n|c| iliteratepineapple|let them play lol\n|\n|t:|1776104336\n|switch|p1b: Talonflame|Talonflame, L50, M|100/100\n|turn|4\n|\n|t:|1776104350\n|move|p1b: Talonflame|Acrobatics|p2b: Kommo-o\n|-supereffective|p2b: Kommo-o|1\n|-damage|p2b: Kommo-o|0 fnt\n|faint|p2b: Kommo-o\n|move|p2a: Kingambit|Sucker Punch|p1a: Manectric\n|-damage|p1a: Manectric|0 fnt\n|faint|p1a: Manectric\n|\n|upkeep\n|\n|t:|1776104358\n|switch|p1a: Sneasler|Sneasler, L50, F|100/100\n|switch|p2b: Lopunny|Lopunny-Mega, L50, F|93/100\n|turn|5\n|c| killapowa|its just a question, its not like they are playing the worlds finals\n|\n|t:|1776104370\n|move|p1b: Talonflame|Protect|p1b: Talonflame\n|-singleturn|p1b: Talonflame|Protect\n|move|p1a: Sneasler|Protect|p1a: Sneasler\n|-singleturn|p1a: Sneasler|Protect\n|move|p2b: Lopunny|Fake Out|p1a: Sneasler\n|-activate|p1a: Sneasler|move: Protect\n|move|p2a: Kingambit|Kowtow Cleave|p1b: Talonflame\n|-activate|p1b: Talonflame|move: Protect\n|\n|upkeep\n|turn|6\n|inactive|azumarillsky has 30 seconds left.\n|\n|t:|1776104396\n|move|p1b: Talonflame|Acrobatics|p2b: Lopunny\n|-supereffective|p2b: Lopunny|1\n|-damage|p2b: Lopunny|0 fnt\n|faint|p2b: Lopunny\n|move|p1a: Sneasler|Close Combat|p2a: Kingambit\n|-supereffective|p2a: Kingambit|2\n|-damage|p2a: Kingambit|0 fnt\n|-unboost|p1a: Sneasler|def|1\n|-unboost|p1a: Sneasler|spd|1\n|faint|p2a: Kingambit\n|-enditem|p1a: Sneasler|White Herb\n|-clearnegativeboost|p1a: Sneasler|[silent]\n|\n|upkeep\n|-message|azumarillsky forfeited.\n|\n|win|salt_water123\n|raw|salt_water123's rating: 1439 &rarr; <strong>1463</strong><br />(+24 for winning)\n|raw|azumarillsky's rating: 1508 &rarr; <strong>1484</strong><br />(-24 for losing)\n|l|\u2606azumarillsky\n|player|p2|\n|l| Pimp Shrimp\n|l| GoodraSweetheart76\n|c|\u2606salt_water123|wtf why are so many people here\n|c|\u2606salt_water123|what\n|c| iliteratepineapple|your highest rank playing atm\n|c|\u2606salt_water123|bruh\n|c| killapowa|yep\n|c| killapowa|i'm looking for some inspo\n|c|\u2606salt_water123|anyway i think mega lopunny can work\n|c|\u2606salt_water123|maybe as meta develops\n|c|\u2606salt_water123|but rn ehh\n|c| killapowa|the problem is it doesnt outspeed scarf legion\n|c| killapowa|thats why i was asking\n|l| iliteratepineapple\n|l|\u2606salt_water123\n|player|p1|\n|l| killapowa\n|j|\u2606salt_water123\n|player|p1|salt_water123|harmony|\n|l|\u2606salt_water123\n|player|p1|\n|j|\u2606salt_water123\n|player|p1|salt_water123|harmony|\n|l|\u2606salt_water123\n|player|p1|\n|l| Counteranomaly\n|n| CARtu348rjf90@!|cartu348rjf90\n|n| CARtu348rjf90|cartu348rjf90\n",
  "uploadtime": 1776104607,
  "views": 87,
  "formatid": "gen9championsvgc2026regma",
  "rating": 1463,
  "private": 0,
  "password": null
}