{
  "id": "gen9championsvgc2026regma-2586503833",
  "format": "[Gen 9 Champions] VGC 2026 Reg M-A",
  "players": [
    "KogaAF1219",
    "actuary97"
  ],
  "log": "|j|\u2606KogaAF1219\n|j|\u2606actuary97\n|t:|1776439194\n|gametype|doubles\n|player|p1|KogaAF1219|koga|1486\n|player|p2|actuary97|sabrina-frlg|1631\n|gen|9\n|tier|[Gen 9 Champions] VGC 2026 Reg M-A\n|rated|\n|rule|Species Clause: Limit one of each Pok\u00e9mon\n|rule|Item Clause: Limit 1 of each item\n|clearpoke\n|poke|p1|Torkoal, L50, M|\n|poke|p1|Venusaur, L50, F|\n|poke|p1|Incineroar, L50, M|\n|poke|p1|Farigiraf, L50, M|\n|poke|p1|Rotom-Fan, L50|\n|poke|p1|Excadrill, L50, F|\n|poke|p2|Incineroar, L50, F|\n|poke|p2|Farigiraf, L50, F|\n|poke|p2|Tyranitar, L50, M|\n|poke|p2|Gallade, L50, M|\n|poke|p2|Sinistcha, L50|\n|poke|p2|Corviknight, L50, F|\n|teampreview|4\nKogaAF1219 has agreed to open team sheets.\n|j| visael mk. II\n|\n|t:|1776439242\n|teamsize|p1|4\n|teamsize|p2|4\n|start\n|switch|p1a: Rotom|Rotom-Fan, L50|100/100\n|switch|p1b: Excadrill|Excadrill, L50, F|100/100\n|switch|p2a: Farigiraf|Farigiraf, L50, F|100/100\n|switch|p2b: Gallade|Gallade, L50, M, shiny|100/100\n|-ability|p1b: Excadrill|Mold Breaker\n|turn|1\n|\n|t:|1776439253\n|switch|p2b: Incineroar|Incineroar, L50, F|100/100\n|-ability|p2b: Incineroar|Intimidate|boost\n|-unboost|p1a: Rotom|atk|1\n|-unboost|p1b: Excadrill|atk|1\n|move|p1a: Rotom|Discharge|p2a: Farigiraf|[spread] p2a,p2b\n|-immune|p1b: Excadrill\n|-damage|p2a: Farigiraf|78/100\n|-damage|p2b: Incineroar|82/100\n|-status|p2b: Incineroar|par\n|move|p1b: Excadrill|Earthquake|p2a: Farigiraf|[spread] p2a,p2b\n|-immune|p1a: Rotom\n|-supereffective|p2b: Incineroar|1\n|-enditem|p2b: Incineroar|Shuca Berry|[eat]\n|-enditem|p2b: Incineroar|Shuca Berry|[weaken]\n|-damage|p2a: Farigiraf|49/100\n|-damage|p2b: Incineroar|58/100 par\n|move|p2a: Farigiraf|Nasty Plot|p2a: Farigiraf\n|-boost|p2a: Farigiraf|spa|2\n|\n|upkeep\n|turn|2\n|\n|t:|1776439275\n|move|p1b: Excadrill|Protect|p1b: Excadrill\n|-singleturn|p1b: Excadrill|Protect\n|move|p2b: Incineroar|Fake Out|p1b: Excadrill\n|-activate|p1b: Excadrill|move: Protect\n|move|p1a: Rotom|Discharge|p2b: Incineroar|[spread] p2a,p2b\n|-activate|p1b: Excadrill|move: Protect\n|-damage|p2a: Farigiraf|26/100\n|-damage|p2b: Incineroar|40/100 par\n|move|p2a: Farigiraf|Hyper Voice|p1b: Excadrill|[spread] p1a\n|-activate|p1b: Excadrill|move: Protect\n|-damage|p1a: Rotom|25/100\n|\n|upkeep\n|turn|3\n|\n|t:|1776439292\n|switch|p2b: Gallade|Gallade, L50, M, shiny|100/100\n|move|p1a: Rotom|Discharge|p2b: Gallade|[spread] p2a,p2b\n|-immune|p1b: Excadrill\n|-damage|p2a: Farigiraf|1/100\n|-damage|p2b: Gallade|75/100\n|-status|p2a: Farigiraf|par\n|move|p1b: Excadrill|Earthquake|p2a: Farigiraf|[spread] p2a,p2b\n|-immune|p1a: Rotom\n|-damage|p2a: Farigiraf|0 fnt\n|-damage|p2b: Gallade|29/100\n|faint|p2a: Farigiraf\n|\n|upkeep\n|\n|t:|1776439297\n|switch|p2a: Tyranitar|Tyranitar, L50, M, shiny|100/100\n|-weather|Sandstorm|[from] ability: Sand Stream|[of] p2a: Tyranitar\n|turn|4\n|\n|t:|1776439308\n|switch|p2b: Incineroar|Incineroar, L50, F|40/100 par\n|-ability|p2b: Incineroar|Intimidate|boost\n|-unboost|p1a: Rotom|atk|1\n|-unboost|p1b: Excadrill|atk|1\n|detailschange|p2a: Tyranitar|Tyranitar-Mega, L50, M, shiny\n|-mega|p2a: Tyranitar|Tyranitar|Tyranitarite\n|move|p1a: Rotom|Discharge|p2b: Incineroar|[spread] p2a,p2b\n|-immune|p1b: Excadrill\n|-crit|p2a: Tyranitar\n|-damage|p2a: Tyranitar|83/100\n|-damage|p2b: Incineroar|22/100 par\n|-status|p2a: Tyranitar|par\n|move|p1b: Excadrill|High Horsepower|p2b: Incineroar\n|-supereffective|p2b: Incineroar|1\n|-damage|p2b: Incineroar|0 fnt\n|faint|p2b: Incineroar\n|move|p2a: Tyranitar|Dragon Dance|p2a: Tyranitar\n|-boost|p2a: Tyranitar|atk|1\n|-boost|p2a: Tyranitar|spe|1\n|\n|-weather|Sandstorm|[upkeep]\n|-damage|p1a: Rotom|20/100|[from] Sandstorm\n|upkeep\n|\n|t:|1776439318\n|switch|p2b: Gallade|Gallade, L50, M, shiny|29/100\n|turn|5\n|\n|t:|1776439326\n|move|p2b: Gallade|Protect|p2b: Gallade\n|-singleturn|p2b: Gallade|Protect\n|move|p1a: Rotom|Discharge|p2a: Tyranitar|[spread] p2a\n|-activate|p2b: Gallade|move: Protect\n|-immune|p1b: Excadrill\n|-damage|p2a: Tyranitar|72/100 par\n|move|p1b: Excadrill|High Horsepower|p2b: Gallade\n|-activate|p2b: Gallade|move: Protect\n|move|p2a: Tyranitar|Dragon Dance|p2a: Tyranitar\n|-boost|p2a: Tyranitar|atk|1\n|-boost|p2a: Tyranitar|spe|1\n|\n|-weather|Sandstorm|[upkeep]\n|-damage|p1a: Rotom|14/100|[from] Sandstorm\n|-damage|p2b: Gallade|23/100|[from] Sandstorm\n|upkeep\n|turn|6\n|\n|t:|1776439335\n|move|p2b: Gallade|Protect||[still]\n|-fail|p2b: Gallade\n|move|p1a: Rotom|Discharge|p2b: Gallade|[spread] p2a,p2b\n|-immune|p1b: Excadrill\n|-damage|p2a: Tyranitar|62/100 par\n|-damage|p2b: Gallade|1/100\n|move|p1b: Excadrill|High Horsepower|p2a: Tyranitar\n|-supereffective|p2a: Tyranitar|1\n|-damage|p2a: Tyranitar|32/100 par\n|move|p2a: Tyranitar|Rock Slide|p1b: Excadrill|[spread] p1a,p1b\n|-supereffective|p1a: Rotom|1\n|-resisted|p1b: Excadrill|2\n|-damage|p1a: Rotom|0 fnt\n|-damage|p1b: Excadrill|77/100\n|faint|p1a: Rotom\n|\n|-weather|Sandstorm|[upkeep]\n|-damage|p2b: Gallade|0 fnt|[from] Sandstorm\n|faint|p2b: Gallade\n|upkeep\n|-message|actuary97 forfeited.\n|\n|win|KogaAF1219\n|raw|KogaAF1219's rating: 1486 &rarr; <strong>1514</strong><br />(+28 for winning)\n|raw|actuary97's rating: 1631 &rarr; <strong>1603</strong><br />(-28 for losing)\n|l|\u2606actuary97\n|player|p2|\n",
  "uploadtime": 1776439346,
  "views": 75,
  "formatid": "gen9championsvgc2026regma",
  "rating": 1514,
  "private": 0,
  "password": null
}