{
  "id": "gen9championsvgc2026regma-2588786783",
  "format": "[Gen 9 Champions] VGC 2026 Reg M-A",
  "players": [
    "crying flurmels",
    "DavidTIS"
  ],
  "log": "|j|\u2606crying flurmels\n|j|\u2606DavidTIS\n|t:|1776670699\n|gametype|doubles\n|player|p1|crying flurmels|170|1099\n|player|p2|DavidTIS|170|1117\n|gen|9\n|tier|[Gen 9 Champions] VGC 2026 Reg M-A\n|rated|\n|rule|Species Clause: Limit one of each Pok\u00e9mon\n|rule|Item Clause: Limit 1 of each item\n|clearpoke\n|poke|p1|Floette-Eternal, L50, F|\n|poke|p1|Garchomp, L50, F|\n|poke|p1|Kingambit, L50, F|\n|poke|p1|Basculegion, L50, M|\n|poke|p1|Sneasler, L50, F|\n|poke|p1|Froslass, L50, F|\n|poke|p2|Starmie, L50|\n|poke|p2|Lycanroc-Dusk, L50, M|\n|poke|p2|Hydreigon, L50, M|\n|poke|p2|Tauros-Paldea-Aqua, L50, M|\n|poke|p2|Froslass, L50, F|\n|poke|p2|Scizor, L50, M|\n|teampreview|4\n|\n|t:|1776670738\n|teamsize|p1|4\n|teamsize|p2|4\n|start\n|switch|p1a: Floette|Floette-Eternal, L50, F|100/100\n|switch|p1b: Sneasler|Sneasler, L50, F|100/100\n|switch|p2a: Starmie|Starmie, L50|100/100\n|switch|p2b: Hydreigon|Hydreigon, L50, M|100/100\n|turn|1\n|inactive|Battle timer is ON: inactive players will automatically lose when time's up. (requested by crying flurmels)\n|\n|t:|1776670765\n|switch|p2b: Scizor|Scizor, L50, M|100/100\n|detailschange|p2a: Starmie|Starmie-Mega, L50\n|-mega|p2a: Starmie|Starmie|Starminite\n|detailschange|p1a: Floette|Floette-Mega, L50, F\n|-mega|p1a: Floette|Floette|Floettite\n|-ability|p1a: Floette|Fairy Aura\n|move|p1b: Sneasler|Fake Out|p2a: Starmie\n|-damage|p2a: Starmie|78/100\n|cant|p2a: Starmie|flinch\n|move|p1a: Floette|Dazzling Gleam|p2b: Scizor|[spread] p2a,p2b\n|-resisted|p2b: Scizor|1\n|-damage|p2a: Starmie|20/100\n|-damage|p2b: Scizor|70/100\n|\n|-heal|p2b: Scizor|77/100|[from] item: Leftovers\n|upkeep\n|turn|2\n|inactive|crying flurmels has 30 seconds left.\n|inactive|DavidTIS has 30 seconds left.\n|\n|t:|1776670792\n|move|p1a: Floette|Protect|p1a: Floette\n|-singleturn|p1a: Floette|Protect\n|move|p2b: Scizor|Bullet Punch|p1a: Floette\n|-activate|p1a: Floette|move: Protect\n|move|p2a: Starmie|Psycho Cut|p1b: Sneasler\n|-supereffective|p1b: Sneasler|2\n|-damage|p1b: Sneasler|0 fnt\n|faint|p1b: Sneasler\n|\n|-heal|p2b: Scizor|83/100|[from] item: Leftovers\n|upkeep\n|\n|t:|1776670802\n|switch|p1b: Kingambit|Kingambit, L50, F|100/100\n|turn|3\n|\n|t:|1776670810\n|switch|p1a: Basculegion|Basculegion, L50, M|100/100\n|move|p2b: Scizor|Bullet Punch|p1a: Basculegion\n|-resisted|p1a: Basculegion|1\n|-damage|p1a: Basculegion|82/100\n|move|p1b: Kingambit|Sucker Punch|p2a: Starmie\n|-supereffective|p2a: Starmie|1\n|-damage|p2a: Starmie|0 fnt\n|faint|p2a: Starmie\n|\n|-heal|p2b: Scizor|89/100|[from] item: Leftovers\n|upkeep\n|\n|t:|1776670820\n|switch|p2a: Hydreigon|Hydreigon, L50, M|100/100\n|turn|4\n|\n|t:|1776670830\n|move|p1a: Basculegion|Protect|p1a: Basculegion\n|-singleturn|p1a: Basculegion|Protect\n|move|p2b: Scizor|Protect|p2b: Scizor\n|-singleturn|p2b: Scizor|Protect\n|move|p2a: Hydreigon|Dark Pulse|p1a: Basculegion\n|-activate|p1a: Basculegion|move: Protect\n|move|p1b: Kingambit|Kowtow Cleave|p2b: Scizor\n|-activate|p2b: Scizor|move: Protect\n|\n|-heal|p2b: Scizor|95/100|[from] item: Leftovers\n|upkeep\n|turn|5\n|inactive|DavidTIS has 30 seconds left.\n|\n|t:|1776670860\n|switch|p1a: Floette|Floette-Mega, L50, F|100/100\n|-ability|p1a: Floette|Fairy Aura\n|move|p2a: Hydreigon|Tailwind|p2a: Hydreigon\n|-sidestart|p2: DavidTIS|move: Tailwind\n|move|p2b: Scizor|Bug Bite|p1b: Kingambit\n|-damage|p1b: Kingambit|61/100\n|-enditem|p1b: Kingambit|Chople Berry|[from] stealeat|[move] Bug Bite|[of] p2b: Scizor\n|move|p1b: Kingambit|Kowtow Cleave|p2b: Scizor\n|-damage|p2b: Scizor|48/100\n|\n|-heal|p2b: Scizor|54/100|[from] item: Leftovers\n|upkeep\n|turn|6\n|inactive|DavidTIS has 30 seconds left.\n|\n|t:|1776670888\n|move|p1a: Floette|Protect|p1a: Floette\n|-singleturn|p1a: Floette|Protect\n|move|p2a: Hydreigon|Draco Meteor|p1b: Kingambit\n|-resisted|p1b: Kingambit|1\n|-crit|p1b: Kingambit\n|-damage|p1b: Kingambit|9/100\n|-unboost|p2a: Hydreigon|spa|2\n|-enditem|p2a: Hydreigon|White Herb\n|-clearnegativeboost|p2a: Hydreigon|[silent]\n|move|p2b: Scizor|Bug Bite|p1b: Kingambit\n|-damage|p1b: Kingambit|0 fnt\n|faint|p1b: Kingambit\n|\n|-heal|p2b: Scizor|61/100|[from] item: Leftovers\n|upkeep\n|\n|t:|1776670899\n|switch|p1b: Basculegion|Basculegion, L50, M|82/100\n|turn|7\n|\n|t:|1776670909\n|move|p2b: Scizor|Bullet Punch|p1a: Floette\n|-supereffective|p1a: Floette|1\n|-damage|p1a: Floette|8/100\n|move|p2a: Hydreigon|Dark Pulse|p1b: Basculegion\n|-supereffective|p1b: Basculegion|1\n|-damage|p1b: Basculegion|0 fnt\n|faint|p1b: Basculegion\n|move|p1a: Floette|Moonblast|p2a: Hydreigon\n|-supereffective|p2a: Hydreigon|2\n|-damage|p2a: Hydreigon|0 fnt\n|faint|p2a: Hydreigon\n|\n|-heal|p2b: Scizor|67/100|[from] item: Leftovers\n|upkeep\n|-message|crying flurmels forfeited.\n|\n|win|DavidTIS\n|raw|crying flurmels's rating: 1099 &rarr; <strong>1075</strong><br />(-24 for losing)\n|raw|DavidTIS's rating: 1117 &rarr; <strong>1141</strong><br />(+24 for winning)\n|l|\u2606crying flurmels\n|player|p1|\n",
  "uploadtime": 1776670920,
  "views": 12,
  "formatid": "gen9championsvgc2026regma",
  "rating": 1075,
  "private": 0,
  "password": null
}