{
  "id": "gen9championsvgc2026regma-2584388624",
  "format": "[Gen 9 Champions] VGC 2026 Reg M-A",
  "players": [
    "Zitronyi2",
    "LovelyLizardLad"
  ],
  "log": "|j|\u2606Zitronyi2\n|j|\u203dLovelyLizardLad\n|t:|1776257177\n|gametype|doubles\n|player|p1|Zitronyi2|2|1237\n|player|p2|LovelyLizardLad|red|1247\n|gen|9\n|tier|[Gen 9 Champions] VGC 2026 Reg M-A\n|rated|\n|rule|Species Clause: Limit one of each Pok\u00e9mon\n|rule|Item Clause: Limit 1 of each item\n|clearpoke\n|poke|p1|Drampa, L50, M|\n|poke|p1|Kingambit, L50, M|\n|poke|p1|Sinistcha, L50|\n|poke|p1|Chandelure, L50, M|\n|poke|p1|Glimmora, L50, M|\n|poke|p1|Incineroar, L50, M|\n|poke|p2|Delphox, L50, F|\n|poke|p2|Basculegion, L50, M|\n|poke|p2|Clefable, L50, F|\n|poke|p2|Kingambit, L50, M|\n|poke|p2|Sneasler, L50, F|\n|poke|p2|Heliolisk, L50, F|\n|teampreview|4\n|\n|t:|1776257215\n|teamsize|p1|4\n|teamsize|p2|4\n|start\n|switch|p1a: Sinistcha|Sinistcha, L50|100/100\n|switch|p1b: Incineroar|Incineroar, L50, M|100/100\n|switch|p2a: Delphox|Delphox, L50, F|100/100\n|switch|p2b: Clefable|Clefable, L50, F|100/100\n|-ability|p1b: Incineroar|Intimidate|boost\n|-unboost|p2a: Delphox|atk|1\n|-unboost|p2b: Clefable|atk|1\n|turn|1\n|inactive|Battle timer is ON: inactive players will automatically lose when time's up. (requested by Zitronyi2)\n|\n|t:|1776257228\n|switch|p2a: Kingambit|Kingambit, L50, M|100/100\n|move|p1b: Incineroar|Fake Out|p2a: Kingambit\n|-resisted|p2a: Kingambit|1\n|-damage|p2a: Kingambit|96/100\n|move|p2b: Clefable|Moonblast|p1a: Sinistcha\n|-damage|p1a: Sinistcha|75/100\n|move|p1a: Sinistcha|Trick Room|p1a: Sinistcha\n|-fieldstart|move: Trick Room|[of] p1a: Sinistcha\n|\n|upkeep\n|turn|2\n|\n|t:|1776257239\n|move|p2a: Kingambit|Protect|p2a: Kingambit\n|-singleturn|p2a: Kingambit|Protect\n|move|p2b: Clefable|Protect|p2b: Clefable\n|-singleturn|p2b: Clefable|Protect\n|move|p1b: Incineroar|Flare Blitz|p2a: Kingambit\n|-activate|p2a: Kingambit|move: Protect\n|move|p1a: Sinistcha|Matcha Gotcha|p2a: Kingambit|[spread] \n|-activate|p2a: Kingambit|move: Protect\n|-activate|p2b: Clefable|move: Protect\n|\n|upkeep\n|turn|3\n|\n|t:|1776257258\n|move|p2b: Clefable|Follow Me|p2b: Clefable\n|-singleturn|p2b: Clefable|move: Follow Me\n|move|p2a: Kingambit|Sucker Punch|p1a: Sinistcha\n|-supereffective|p1a: Sinistcha|1\n|-damage|p1a: Sinistcha|0 fnt\n|faint|p1a: Sinistcha\n|move|p1b: Incineroar|Flare Blitz|p2b: Clefable\n|-damage|p2b: Clefable|49/100\n|-enditem|p2b: Clefable|Sitrus Berry|[eat]\n|-heal|p2b: Clefable|73/100|[from] item: Sitrus Berry\n|-damage|p1b: Incineroar|83/100|[from] Recoil\n|\n|upkeep\n|inactive|Zitronyi2 has 30 seconds left.\n|inactive|Zitronyi2 has 20 seconds left.\n|inactive|Zitronyi2 has 15 seconds left.\n|\n|t:|1776257302\n|switch|p1a: Kingambit|Kingambit, L50, M|100/100\n|turn|4\n|\n|t:|1776257312\n|move|p2b: Clefable|Follow Me|p2b: Clefable\n|-singleturn|p2b: Clefable|move: Follow Me\n|move|p1a: Kingambit|Iron Head|p2b: Clefable\n|-supereffective|p2b: Clefable|1\n|-damage|p2b: Clefable|5/100\n|move|p2a: Kingambit|Swords Dance|p2a: Kingambit\n|-boost|p2a: Kingambit|atk|2\n|move|p1b: Incineroar|Flare Blitz|p2b: Clefable\n|-damage|p2b: Clefable|0 fnt\n|faint|p2b: Clefable\n|-damage|p1b: Incineroar|82/100|[from] Recoil\n|\n|upkeep\n|\n|t:|1776257322\n|switch|p2b: Sneasler|Sneasler, L50, F|100/100\n|turn|5\n|\n|t:|1776257336\n|move|p2a: Kingambit|Protect|p2a: Kingambit\n|-singleturn|p2a: Kingambit|Protect\n|move|p2b: Sneasler|Protect|p2b: Sneasler\n|-singleturn|p2b: Sneasler|Protect\n|move|p1a: Kingambit|Iron Head|p2b: Sneasler\n|-activate|p2b: Sneasler|move: Protect\n|move|p1b: Incineroar|Flare Blitz|p2a: Kingambit\n|-activate|p2a: Kingambit|move: Protect\n|\n|-fieldend|move: Trick Room\n|upkeep\n|turn|6\n|\n|t:|1776257353\n|move|p2b: Sneasler|Close Combat|p1b: Incineroar\n|-supereffective|p1b: Incineroar|1\n|-damage|p1b: Incineroar|0 fnt\n|-unboost|p2b: Sneasler|def|1\n|-unboost|p2b: Sneasler|spd|1\n|faint|p1b: Incineroar\n|move|p2a: Kingambit|Kowtow Cleave|p1a: Kingambit\n|-resisted|p1a: Kingambit|1\n|-damage|p1a: Kingambit|58/100\n|move|p1a: Kingambit|Iron Head|p2b: Sneasler\n|-enditem|p2b: Sneasler|Focus Sash\n|-damage|p2b: Sneasler|1/100\n|\n|upkeep\n|\n|t:|1776257356\n|switch|p1b: Chandelure|Chandelure, L50, M|100/100\n|turn|7\n|\n|t:|1776257372\n|detailschange|p1b: Chandelure|Chandelure-Mega, L50, M\n|-mega|p1b: Chandelure|Chandelure|Chandelurite\n|move|p1a: Kingambit|Protect|p1a: Kingambit\n|-singleturn|p1a: Kingambit|Protect\n|move|p2a: Kingambit|Sucker Punch||[still]\n|-fail|p2a: Kingambit\n|move|p2b: Sneasler|Close Combat|p1a: Kingambit\n|-activate|p1a: Kingambit|move: Protect\n|move|p1b: Chandelure|Calm Mind|p1b: Chandelure\n|-boost|p1b: Chandelure|spa|1\n|-boost|p1b: Chandelure|spd|1\n|\n|upkeep\n|turn|8\n|\n|t:|1776257381\n|move|p2a: Kingambit|Sucker Punch|p1b: Chandelure\n|-supereffective|p1b: Chandelure|1\n|-damage|p1b: Chandelure|0 fnt\n|faint|p1b: Chandelure\n|move|p1a: Kingambit|Sucker Punch|p2b: Sneasler\n|-resisted|p2b: Sneasler|1\n|-damage|p2b: Sneasler|0 fnt\n|faint|p2b: Sneasler\n|\n|upkeep\n|\n|t:|1776257384\n|switch|p2b: Delphox|Delphox, L50, F|100/100\n|turn|9\n|-message|Zitronyi2 forfeited.\n|\n|win|LovelyLizardLad\n|raw|Zitronyi2's rating: 1237 &rarr; <strong>1213</strong><br />(-24 for losing)\n|raw|LovelyLizardLad's rating: 1247 &rarr; <strong>1271</strong><br />(+24 for winning)\n|l|\u2606Zitronyi2\n|player|p1|\n",
  "uploadtime": 1776257388,
  "views": 38,
  "formatid": "gen9championsvgc2026regma",
  "rating": 1213,
  "private": 0,
  "password": null
}