{
  "id": "gen9championsvgc2026regma-2584198045",
  "format": "[Gen 9 Champions] VGC 2026 Reg M-A",
  "players": [
    "SirQuagolot",
    "jainahilda"
  ],
  "log": "|j|\u2606SirQuagolot\n|j|\u2606jainahilda\n|t:|1776237151\n|gametype|doubles\n|player|p1|SirQuagolot|2|1105\n|player|p2|jainahilda|hilda-wonderlauncher|1107\n|gen|9\n|tier|[Gen 9 Champions] VGC 2026 Reg M-A\n|rated|\n|rule|Species Clause: Limit one of each Pok\u00e9mon\n|rule|Item Clause: Limit 1 of each item\n|clearpoke\n|poke|p1|Starmie, L50|\n|poke|p1|Tyranitar, L50, F|\n|poke|p1|Sinistcha, L50|\n|poke|p1|Klefki, L50, M|\n|poke|p1|Archaludon, L50, F|\n|poke|p1|Delphox, L50, M|\n|poke|p2|Sneasler, L50, F|\n|poke|p2|Froslass, L50, F|\n|poke|p2|Sylveon, L50, M|\n|poke|p2|Sinistcha-Masterpiece, L50|\n|poke|p2|Palafin, L50, M|\n|poke|p2|Incineroar, L50, F|\n|teampreview|4\n|\n|t:|1776237221\n|teamsize|p1|4\n|teamsize|p2|4\n|start\n|switch|p1a: Klefki|Klefki, L50, M, shiny|100/100\n|switch|p1b: Starmie|Starmie, L50|100/100\n|switch|p2a: Palafin|Palafin, L50, M|100/100\n|switch|p2b: Mahito|Incineroar, L50, F|100/100\n|-ability|p2b: Mahito|Intimidate|boost\n|-unboost|p1a: Klefki|atk|1\n|-unboost|p1b: Starmie|atk|1\n|turn|1\n|\n|t:|1776237259\n|detailschange|p1b: Starmie|Starmie-Mega, L50\n|-mega|p1b: Starmie|Starmie|Starminite\n|move|p1b: Starmie|Protect|p1b: Starmie\n|-singleturn|p1b: Starmie|Protect\n|move|p2b: Mahito|Fake Out|p1b: Starmie\n|-activate|p1b: Starmie|move: Protect\n|move|p2a: Palafin|Flip Turn|p1a: Klefki\n|-damage|p1a: Klefki|74/100\n|\n|t:|1776237271\n|detailschange|p2a: Palafin|Palafin-Hero, L50, M\n|switch|p2a: Inumaki|Sylveon, L50, M|100/100|[from] Flip Turn\n|move|p1a: Klefki|Psychic|p2a: Inumaki\n|-damage|p2a: Inumaki|85/100\n|\n|upkeep\n|turn|2\n|inactive|Battle timer is ON: inactive players will automatically lose when time's up. (requested by jainahilda)\n|\n|t:|1776237323\n|move|p1b: Starmie|Liquidation|p2a: Inumaki\n|-damage|p2a: Inumaki|0 fnt\n|faint|p2a: Inumaki\n|move|p1a: Klefki|Psychic|p2b: Mahito\n|-immune|p2b: Mahito\n|move|p2b: Mahito|Flare Blitz|p1a: Klefki\n|-supereffective|p1a: Klefki|1\n|-damage|p1a: Klefki|0 fnt\n|faint|p1a: Klefki\n|-damage|p2b: Mahito|81/100|[from] Recoil\n|\n|upkeep\n|\n|t:|1776237336\n|switch|p2a: Shoko|Sinistcha-Masterpiece, L50|100/100\n|switch|p1a: Archaludon|Archaludon, L50, F|100/100\n|-heal|p2b: Mahito|100/100|[from] ability: Hospitality|[of] p2a: Shoko\n|turn|3\n|\n|t:|1776237355\n|switch|p2b: Palafin|Palafin-Hero, L50, M|100/100\n|-activate|p2b: Palafin|ability: Zero to Hero\n|move|p1b: Starmie|Liquidation|p2b: Palafin\n|-resisted|p2b: Palafin|1\n|-damage|p2b: Palafin|76/100\n|move|p1a: Archaludon|Electro Shot||[still]\n|-prepare|p1a: Archaludon|Electro Shot\n|-boost|p1a: Archaludon|spa|1\n|move|p2a: Shoko|Matcha Gotcha|p1a: Archaludon|[spread] p1a,p1b\n|-resisted|p1a: Archaludon|2\n|-supereffective|p1b: Starmie|1\n|-damage|p1a: Archaludon|92/100\n|-damage|p1b: Starmie|37/100\n|-status|p1b: Starmie|brn\n|-ability|p1a: Archaludon|Stamina|boost\n|-boost|p1a: Archaludon|def|1\n|\n|-damage|p1b: Starmie|31/100 brn|[from] brn\n|upkeep\n|turn|4\n|\n|t:|1776237379\n|move|p2a: Shoko|Rage Powder|p2a: Shoko\n|-singleturn|p2a: Shoko|move: Rage Powder\n|move|p2b: Palafin|Jet Punch|p1a: Archaludon\n|-resisted|p1a: Archaludon|1\n|-damage|p1a: Archaludon|78/100\n|-ability|p1a: Archaludon|Stamina|boost\n|-boost|p1a: Archaludon|def|1\n|move|p1b: Starmie|Ice Spinner|p2a: Shoko\n|-supereffective|p2a: Shoko|1\n|-damage|p2a: Shoko|72/100\n|move|p1a: Archaludon|Electro Shot|p2a: Shoko|[from] lockedmove\n|-resisted|p2a: Shoko|1\n|-damage|p2a: Shoko|38/100\n|-enditem|p2a: Shoko|Sitrus Berry|[eat]\n|-heal|p2a: Shoko|63/100|[from] item: Sitrus Berry\n|\n|-damage|p1b: Starmie|25/100 brn|[from] brn\n|upkeep\n|turn|5\n|inactive|SirQuagolot has 30 seconds left.\n|\n|t:|1776237406\n|move|p2b: Palafin|Jet Punch|p1b: Starmie\n|-resisted|p1b: Starmie|1\n|-damage|p1b: Starmie|0 fnt\n|faint|p1b: Starmie\n|move|p1a: Archaludon|Dragon Pulse|p2a: Shoko\n|-damage|p2a: Shoko|0 fnt\n|faint|p2a: Shoko\n|\n|upkeep\n|\n|t:|1776237413\n|switch|p1b: Tyranitar|Tyranitar, L50, F, shiny|100/100\n|switch|p2a: Mahito|Incineroar, L50, F|100/100\n|-weather|Sandstorm|[from] ability: Sand Stream|[of] p1b: Tyranitar\n|-ability|p2a: Mahito|Intimidate|boost\n|-unboost|p1a: Archaludon|atk|1\n|-unboost|p1b: Tyranitar|atk|1\n|turn|6\n|\n|t:|1776237431\n|move|p1b: Tyranitar|Rock Slide|p2b: Palafin|[spread] p2a,p2b\n|-supereffective|p2a: Mahito|1\n|-damage|p2a: Mahito|65/100\n|-damage|p2b: Palafin|56/100\n|move|p1a: Archaludon|Dragon Pulse|p2b: Palafin\n|-damage|p2b: Palafin|0 fnt\n|faint|p2b: Palafin\n|move|p2a: Mahito|Flare Blitz|p1a: Archaludon\n|-damage|p1a: Archaludon|58/100\n|-ability|p1a: Archaludon|Stamina|boost\n|-boost|p1a: Archaludon|def|1\n|-damage|p2a: Mahito|59/100|[from] Recoil\n|\n|-weather|Sandstorm|[upkeep]\n|-damage|p2a: Mahito|53/100|[from] Sandstorm\n|upkeep\n|turn|7\n|-message|jainahilda forfeited.\n|\n|win|SirQuagolot\n|raw|SirQuagolot's rating: 1105 &rarr; <strong>1130</strong><br />(+25 for winning)\n|raw|jainahilda's rating: 1107 &rarr; <strong>1082</strong><br />(-25 for losing)\n",
  "uploadtime": 1776237490,
  "views": 16,
  "formatid": "gen9championsvgc2026regma",
  "rating": 1082,
  "private": 0,
  "password": null
}