{
  "id": "gen9championsvgc2026regma-2581065114",
  "format": "[Gen 9 Champions] VGC 2026 Reg M-A",
  "players": [
    "toadsamongmen",
    "VGC Lys w<"
  ],
  "log": "|j|\u2606toadsamongmen\n|j|\u2606VGC Lys w<\n|t:|1775956551\n|gametype|doubles\n|player|p1|toadsamongmen|swimmerf|1140\n|player|p2|VGC Lys w<|miku-fairy|1152\n|gen|9\n|tier|[Gen 9 Champions] VGC 2026 Reg M-A\n|rated|\n|rule|Species Clause: Limit one of each Pok\u00e9mon\n|rule|Item Clause: Limit 1 of each item\n|clearpoke\n|poke|p1|Aerodactyl, L50, M|\n|poke|p1|Incineroar, L50, F|\n|poke|p1|Snorlax, L50, M|\n|poke|p1|Rotom-Heat, L50|\n|poke|p1|Basculegion, L50, M|\n|poke|p1|Hydreigon, L50, M|\n|poke|p2|Garchomp, L50, M|\n|poke|p2|Toucannon, L50, M|\n|poke|p2|Arcanine-Hisui, L50, F|\n|poke|p2|Noivern, L50, F|\n|poke|p2|Blastoise, L50, F|\n|poke|p2|Whimsicott, L50, F|\n|teampreview|4\n|inactive|Battle timer is ON: inactive players will automatically lose when time's up. (requested by VGC Lys w<)\n|inactive|toadsamongmen also wants the timer to be on.\n|inactive|toadsamongmen has 60 seconds left.\n|inactive|VGC Lys w< has 60 seconds left.\n|\n|t:|1775956584\n|teamsize|p1|4\n|teamsize|p2|4\n|start\n|switch|p1a: Aerodactyl|Aerodactyl, L50, M|100/100\n|switch|p1b: Incineroar|Incineroar, L50, F|100/100\n|switch|p2a: Blastoise|Blastoise, L50, F|100/100\n|switch|p2b: Whimsicott|Whimsicott, L50, F|100/100\n|-ability|p1a: Aerodactyl|Unnerve\n|-ability|p1b: Incineroar|Intimidate|boost\n|-unboost|p2a: Blastoise|atk|1\n|-unboost|p2b: Whimsicott|atk|1\n|turn|1\n|\n|t:|1775956599\n|detailschange|p1a: Aerodactyl|Aerodactyl-Mega, L50, M\n|-mega|p1a: Aerodactyl|Aerodactyl|Aerodactylite\n|move|p2a: Blastoise|Protect|p2a: Blastoise\n|-singleturn|p2a: Blastoise|Protect\n|move|p1b: Incineroar|Fake Out|p2a: Blastoise\n|-activate|p2a: Blastoise|move: Protect\n|move|p2b: Whimsicott|Tailwind|p2b: Whimsicott\n|-sidestart|p2: VGC Lys w<|move: Tailwind\n|move|p1a: Aerodactyl|Dual Wingbeat|p2b: Whimsicott\n|-supereffective|p2b: Whimsicott|1\n|-damage|p2b: Whimsicott|27/100\n|-supereffective|p2b: Whimsicott|1\n|-damage|p2b: Whimsicott|0 fnt\n|faint|p2b: Whimsicott\n|-hitcount|p2: Whimsicott|2\n|\n|upkeep\n|\n|t:|1775956612\n|switch|p2b: Toucannon|Toucannon, L50, M|100/100\n|turn|2\n|inactive|toadsamongmen has 30 seconds left.\n|inactive|toadsamongmen has 20 seconds left.\n|\n|t:|1775956649\n|switch|p1a: Hydreigon|Hydreigon, L50, M|100/100\n|detailschange|p2a: Blastoise|Blastoise-Mega, L50, F\n|-mega|p2a: Blastoise|Blastoise|Blastoisinite\n|move|p2a: Blastoise|Water Spout|p1b: Incineroar|[spread] p1a,p1b\n|-resisted|p1a: Hydreigon|1\n|-supereffective|p1b: Incineroar|1\n|-damage|p1a: Hydreigon|69/100\n|-damage|p1b: Incineroar|11/100\n|move|p2b: Toucannon|Brick Break|p1a: Hydreigon\n|-supereffective|p1a: Hydreigon|1\n|-damage|p1a: Hydreigon|17/100\n|move|p1b: Incineroar|Snarl|p2b: Toucannon|[spread] p2a,p2b\n|-damage|p2a: Blastoise|89/100\n|-damage|p2b: Toucannon|85/100\n|-unboost|p2a: Blastoise|spa|1\n|-unboost|p2b: Toucannon|spa|1\n|\n|upkeep\n|turn|3\n|inactive|toadsamongmen has 30 seconds left.\n|\n|t:|1775956675\n|move|p1a: Hydreigon|Protect|p1a: Hydreigon\n|-singleturn|p1a: Hydreigon|Protect\n|move|p2a: Blastoise|Water Spout|p1b: Incineroar|[spread] p1b\n|-activate|p1a: Hydreigon|move: Protect\n|-supereffective|p1b: Incineroar|1\n|-crit|p1b: Incineroar\n|-damage|p1b: Incineroar|0 fnt\n|faint|p1b: Incineroar\n|move|p2b: Toucannon|Brick Break|p1a: Hydreigon\n|-activate|p1a: Hydreigon|move: Protect\n|\n|upkeep\n|\n|t:|1775956686\n|switch|p1b: Basculegion|Basculegion, L50, M|100/100\n|turn|4\n|\n|t:|1775956710\n|move|p1a: Hydreigon|Protect|p1a: Hydreigon\n|-singleturn|p1a: Hydreigon|Protect\n|move|p2a: Blastoise|Water Spout|p1b: Basculegion|[spread] p1b\n|-activate|p1a: Hydreigon|move: Protect\n|-resisted|p1b: Basculegion|1\n|-damage|p1b: Basculegion|81/100\n|move|p2b: Toucannon|Throat Chop|p1b: Basculegion\n|-supereffective|p1b: Basculegion|1\n|-damage|p1b: Basculegion|0 fnt\n|faint|p1b: Basculegion\n|\n|-sideend|p2: VGC Lys w<|move: Tailwind\n|upkeep\n|\n|t:|1775956721\n|switch|p1b: Aerodactyl|Aerodactyl-Mega, L50, M|100/100\n|turn|5\n|\n|t:|1775956738\n|-singleturn|p2b: Toucannon|move: Beak Blast\n|move|p2a: Blastoise|Protect|p2a: Blastoise\n|-singleturn|p2a: Blastoise|Protect\n|move|p1b: Aerodactyl|Rock Slide|p2b: Toucannon|[spread] p2b\n|-activate|p2a: Blastoise|move: Protect\n|-supereffective|p2b: Toucannon|1\n|-damage|p2b: Toucannon|0 fnt\n|faint|p2b: Toucannon\n|move|p1a: Hydreigon|Dark Pulse|p2a: Blastoise\n|-activate|p2a: Blastoise|move: Protect\n|\n|upkeep\n|\n|t:|1775956745\n|switch|p2b: Garchomp|Garchomp, L50, M|100/100\n|turn|6\n|\n|t:|1775956766\n|move|p2b: Garchomp|Rock Slide|p1b: Aerodactyl|[spread] p1a,p1b\n|-supereffective|p1b: Aerodactyl|1\n|-damage|p1a: Hydreigon|0 fnt\n|-damage|p1b: Aerodactyl|49/100\n|faint|p1a: Hydreigon\n|move|p1b: Aerodactyl|Tailwind|p1b: Aerodactyl\n|-sidestart|p1: toadsamongmen|move: Tailwind\n|move|p2a: Blastoise|Ice Beam|p1b: Aerodactyl\n|-supereffective|p1b: Aerodactyl|1\n|-damage|p1b: Aerodactyl|0 fnt\n|faint|p1b: Aerodactyl\n|\n|win|VGC Lys w<\n|raw|toadsamongmen's rating: 1140 &rarr; <strong>1116</strong><br />(-24 for losing)\n|raw|VGC Lys w&lt;'s rating: 1152 &rarr; <strong>1176</strong><br />(+24 for winning)\n",
  "uploadtime": 1775956773,
  "views": 14,
  "formatid": "gen9championsvgc2026regma",
  "rating": 1116,
  "private": 0,
  "password": null
}