{
  "id": "gen9championsvgc2026regma-2586507066",
  "format": "[Gen 9 Champions] VGC 2026 Reg M-A",
  "players": [
    "tarakan",
    "b1gguyforyou"
  ],
  "log": "|j|\u203dtarakan\n|j|\u2606b1gguyforyou\n|t:|1776439407\n|gametype|doubles\n|player|p1|tarakan|roxie|1285\n|player|p2|b1gguyforyou|supernerd|1190\n|gen|9\n|tier|[Gen 9 Champions] VGC 2026 Reg M-A\n|rated|\n|rule|Species Clause: Limit one of each Pok\u00e9mon\n|rule|Item Clause: Limit 1 of each item\n|clearpoke\n|poke|p1|Blastoise, L50, M|\n|poke|p1|Sneasler, L50, F|\n|poke|p1|Gengar, L50, M|\n|poke|p1|Sableye, L50, F|\n|poke|p1|Hydreigon, L50, F|\n|poke|p1|Liepard, L50, F|\n|poke|p2|Delphox, L50, F|\n|poke|p2|Machamp, L50, F|\n|poke|p2|Starmie, L50|\n|poke|p2|Dragonite, L50, F|\n|poke|p2|Maushold, L50|\n|poke|p2|Sneasler, L50, F|\n|teampreview|4\n|\n|t:|1776439448\n|teamsize|p1|4\n|teamsize|p2|4\n|start\n|switch|p1a: Gengar|Gengar, L50, M|100/100\n|switch|p1b: Sableye|Sableye, L50, F|100/100\n|switch|p2a: Maushold|Maushold, L50|100/100\n|switch|p2b: Dragonite|Dragonite, L50, F|100/100\n|turn|1\n|\n|t:|1776439462\n|detailschange|p1a: Gengar|Gengar-Mega, L50, M\n|-mega|p1a: Gengar|Gengar|Gengarite\n|move|p1a: Gengar|Protect|p1a: Gengar\n|-singleturn|p1a: Gengar|Protect\n|move|p1b: Sableye|Taunt|p2a: Maushold\n|-start|p2a: Maushold|move: Taunt\n|cant|p2a: Maushold|move: Taunt|Thunder Wave\n|move|p2b: Dragonite|Dragon Claw|p1a: Gengar\n|-activate|p1a: Gengar|move: Protect\n|\n|upkeep\n|turn|2\n|\n|t:|1776439471\n|move|p1b: Sableye|Thunder Wave|p2b: Dragonite\n|-status|p2b: Dragonite|par\n|-enditem|p2b: Dragonite|Lum Berry|[eat]\n|-curestatus|p2b: Dragonite|par|[msg]\n|move|p1a: Gengar|Substitute|p1a: Gengar\n|-start|p1a: Gengar|Substitute\n|-damage|p1a: Gengar|76/100\n|move|p2a: Maushold|U-turn|p1b: Sableye|[miss]\n|-miss|p2a: Maushold|p1b: Sableye\n|move|p2b: Dragonite|Dragon Claw|p1a: Gengar\n|-end|p1a: Gengar|Substitute\n|\n|upkeep\n|turn|3\n|\n|t:|1776439485\n|move|p1a: Gengar|Protect|p1a: Gengar\n|-singleturn|p1a: Gengar|Protect\n|move|p1b: Sableye|Thunder Wave|p2b: Dragonite\n|-status|p2b: Dragonite|par\n|move|p2a: Maushold|U-turn|p1b: Sableye\n|-damage|p1b: Sableye|81/100\n|\n|t:|1776439495\n|switch|p2a: Machamp|Machamp, L50, F|100/100|[from] U-turn\n|move|p2b: Dragonite|Dragon Claw|p1a: Gengar\n|-activate|p1a: Gengar|move: Protect\n|\n|upkeep\n|turn|4\n|\n|t:|1776439513\n|move|p1b: Sableye|Thunder Wave|p2a: Machamp\n|-status|p2a: Machamp|par\n|move|p1a: Gengar|Substitute|p1a: Gengar\n|-start|p1a: Gengar|Substitute\n|-damage|p1a: Gengar|52/100\n|move|p2b: Dragonite|Dragon Claw|p1b: Sableye\n|-damage|p1b: Sableye|8/100\n|move|p2a: Machamp|Knock Off|p1a: Gengar\n|-supereffective|p1a: Gengar|1\n|-end|p1a: Gengar|Substitute\n|\n|upkeep\n|turn|5\n|\n|t:|1776439538\n|move|p1b: Sableye|Trick|p2a: Machamp\n|-activate|p1b: Sableye|move: Trick|[of] p2a: Machamp\n|-item|p2a: Machamp|Bright Powder|[from] move: Trick\n|-item|p1b: Sableye|Focus Sash|[from] move: Trick\n|move|p1a: Gengar|Shadow Ball|p2a: Machamp\n|-damage|p2a: Machamp|44/100 par\n|move|p2b: Dragonite|Dragon Claw|p1b: Sableye\n|-damage|p1b: Sableye|0 fnt\n|faint|p1b: Sableye\n|move|p2a: Machamp|Knock Off|p1a: Gengar\n|-supereffective|p1a: Gengar|1\n|-damage|p1a: Gengar|0 fnt\n|faint|p1a: Gengar\n|\n|upkeep\n|\n|t:|1776439545\n|switch|p1a: Sneasler|Sneasler, L50, F|100/100\n|switch|p1b: Liepard|Liepard, L50, F|100/100\n|turn|6\n|\n|t:|1776439574\n|move|p1b: Liepard|Protect|p1b: Liepard\n|-singleturn|p1b: Liepard|Protect\n|move|p2a: Machamp|Protect|p2a: Machamp\n|-singleturn|p2a: Machamp|Protect\n|move|p1a: Sneasler|Close Combat|p2a: Machamp\n|-activate|p2a: Machamp|move: Protect\n|move|p2b: Dragonite|Agility|p2b: Dragonite\n|-boost|p2b: Dragonite|spe|2\n|\n|upkeep\n|turn|7\n|\n|t:|1776439597\n|move|p1b: Liepard|Encore|p2b: Dragonite\n|-start|p2b: Dragonite|Encore\n|move|p1a: Sneasler|Close Combat|p2a: Machamp\n|-damage|p2a: Machamp|0 fnt\n|-unboost|p1a: Sneasler|def|1\n|-unboost|p1a: Sneasler|spd|1\n|faint|p2a: Machamp\n|-enditem|p1a: Sneasler|White Herb\n|-clearnegativeboost|p1a: Sneasler|[silent]\n|move|p2b: Dragonite|Agility|p2b: Dragonite\n|-boost|p2b: Dragonite|spe|2\n|\n|upkeep\n|\n|t:|1776439612\n|switch|p2a: Maushold|Maushold, L50|100/100\n|turn|8\n|\n|t:|1776439624\n|move|p1a: Sneasler|Close Combat|p2a: Maushold\n|-supereffective|p2a: Maushold|1\n|-damage|p2a: Maushold|0 fnt\n|-unboost|p1a: Sneasler|def|1\n|-unboost|p1a: Sneasler|spd|1\n|faint|p2a: Maushold\n|move|p1b: Liepard|Knock Off|p2b: Dragonite\n|-damage|p2b: Dragonite|74/100 par\n|cant|p2b: Dragonite|par\n|\n|upkeep\n|\n|t:|1776439635\n|switch|p2a: Starmie|Starmie, L50|100/100\n|turn|9\n|\n|t:|1776439652\n|move|p1a: Sneasler|Dire Claw|p2a: Starmie\n|-damage|p2a: Starmie|32/100\n|-status|p2a: Starmie|psn\n|move|p2a: Starmie|Blizzard|p1b: Liepard|[spread] p1a,p1b\n|-damage|p1a: Sneasler|54/100\n|-damage|p1b: Liepard|52/100\n|move|p1b: Liepard|Knock Off|p2a: Starmie\n|-supereffective|p2a: Starmie|1\n|-damage|p2a: Starmie|0 fnt\n|-enditem|p2a: Starmie|Mystic Water|[from] move: Knock Off|[of] p1b: Liepard\n|faint|p2a: Starmie\n|move|p2b: Dragonite|Agility|p2b: Dragonite\n|-boost|p2b: Dragonite|spe|2\n|\n|-end|p2b: Dragonite|Encore\n|upkeep\n|turn|10\n|\n|t:|1776439676\n|move|p1b: Liepard|Encore|p2b: Dragonite\n|-start|p2b: Dragonite|Encore\n|move|p1a: Sneasler|Rock Slide|p2b: Dragonite\n|-supereffective|p2b: Dragonite|1\n|-damage|p2b: Dragonite|22/100 par\n|move|p2b: Dragonite|Agility|p2b: Dragonite\n|-boost|p2b: Dragonite|spe|0\n|\n|upkeep\n|turn|11\n|-message|b1gguyforyou forfeited.\n|\n|win|tarakan\n|raw|tarakan's rating: 1285 &rarr; <strong>1303</strong><br />(+18 for winning)\n|raw|b1gguyforyou's rating: 1190 &rarr; <strong>1172</strong><br />(-18 for losing)\n|l|\u2606b1gguyforyou\n|player|p2|\n",
  "uploadtime": 1776439734,
  "views": 31,
  "formatid": "gen9championsvgc2026regma",
  "rating": 1172,
  "private": 0,
  "password": null
}