{
  "id": "gen9championsvgc2026regma-2587900217",
  "format": "[Gen 9 Champions] VGC 2026 Reg M-A",
  "players": [
    "f johnson",
    "brojonski"
  ],
  "log": "|j|\u2606f johnson\n|j|\u2606brojonski\n|t:|1776576455\n|gametype|doubles\n|player|p1|f johnson|102|1277\n|player|p2|brojonski|brock|1345\n|gen|9\n|tier|[Gen 9 Champions] VGC 2026 Reg M-A\n|rated|\n|rule|Species Clause: Limit one of each Pok\u00e9mon\n|rule|Item Clause: Limit 1 of each item\n|clearpoke\n|poke|p1|Charizard, L50, F|\n|poke|p1|Kingambit, L50, F|\n|poke|p1|Incineroar, L50, M|\n|poke|p1|Floette-Eternal, L50, F|\n|poke|p1|Aerodactyl, L50, F|\n|poke|p1|Sneasler, L50, M|\n|poke|p2|Kingambit, L50, M|\n|poke|p2|Rotom-Frost, L50|\n|poke|p2|Empoleon, L50, M|\n|poke|p2|Incineroar, L50, F|\n|poke|p2|Froslass, L50, F|\n|poke|p2|Garchomp, L50, M|\n|teampreview|4\n|inactive|Battle timer is ON: inactive players will automatically lose when time's up. (requested by brojonski)\n|inactive|f johnson has 60 seconds left.\n|inactive|brojonski has 60 seconds left.\n|inactive|brojonski has 30 seconds left.\n|inactive|f johnson has 30 seconds left.\n|inactive|brojonski has 20 seconds left.\n|inactive|f johnson has 20 seconds left.\n|inactive|brojonski has 15 seconds left.\n|inactive|f johnson has 15 seconds left.\n|\n|t:|1776576540\n|teamsize|p1|4\n|teamsize|p2|4\n|start\n|switch|p1a: Charizard|Charizard, L50, F|100/100\n|switch|p1b: Aerodactyl|Aerodactyl, L50, F|100/100\n|switch|p2a: Rotom|Rotom-Frost, L50|100/100\n|switch|p2b: Froslass|Froslass, L50, F|100/100\n|-ability|p1b: Aerodactyl|Unnerve\n|turn|1\n|inactive|brojonski has 30 seconds left.\n|inactive|f johnson has 30 seconds left.\n|inactive|f johnson has 20 seconds left.\n|inactive|f johnson has 15 seconds left.\n|inactive|brojonski has 20 seconds left.\n|inactive|f johnson has 10 seconds left.\n|inactive|brojonski has 15 seconds left.\n|inactive|brojonski has 10 seconds left.\n|\n|t:|1776576597\n|detailschange|p1a: Charizard|Charizard-Mega-Y, L50, F\n|-mega|p1a: Charizard|Charizard|Charizardite Y\n|-weather|SunnyDay|[from] ability: Drought|[of] p1a: Charizard\n|move|p2b: Froslass|Protect|p2b: Froslass\n|-singleturn|p2b: Froslass|Protect\n|move|p2a: Rotom|Electroweb|p1a: Charizard|[spread] p1a,p1b\n|-supereffective|p1a: Charizard|1\n|-supereffective|p1b: Aerodactyl|1\n|-damage|p1a: Charizard|66/100\n|-damage|p1b: Aerodactyl|42/100\n|-unboost|p1a: Charizard|spe|1\n|-unboost|p1b: Aerodactyl|spe|1\n|move|p1b: Aerodactyl|Tailwind|p1b: Aerodactyl\n|-sidestart|p1: f johnson|move: Tailwind\n|move|p1a: Charizard|Weather Ball|p2b: Froslass\n|-activate|p2b: Froslass|move: Protect\n|\n|-weather|SunnyDay|[upkeep]\n|upkeep\n|turn|2\n|inactive|f johnson has 30 seconds left.\n|\n|t:|1776576631\n|detailschange|p2b: Froslass|Froslass-Mega, L50, F\n|-mega|p2b: Froslass|Froslass|Froslassite\n|-weather|Snowscape|[from] ability: Snow Warning|[of] p2b: Froslass\n|move|p1b: Aerodactyl|Rock Slide|p2a: Rotom|[spread] p2a,p2b\n|-supereffective|p2a: Rotom|1\n|-supereffective|p2b: Froslass|1\n|-damage|p2a: Rotom|52/100\n|-damage|p2b: Froslass|46/100\n|move|p2a: Rotom|Electroweb|p1a: Charizard|[spread] p1a,p1b\n|-supereffective|p1a: Charizard|1\n|-supereffective|p1b: Aerodactyl|1\n|-crit|p1b: Aerodactyl\n|-damage|p1a: Charizard|30/100\n|-damage|p1b: Aerodactyl|0 fnt\n|-unboost|p1a: Charizard|spe|1\n|faint|p1b: Aerodactyl\n|move|p2b: Froslass|Blizzard|p1a: Charizard\n|-damage|p1a: Charizard|0 fnt\n|faint|p1a: Charizard\n|\n|-weather|Snowscape|[upkeep]\n|upkeep\n|\n|t:|1776576648\n|switch|p1b: Incineroar|Incineroar, L50, M|100/100\n|switch|p1a: Sneasler|Sneasler, L50, M|100/100\n|-ability|p1b: Incineroar|Intimidate|boost\n|-unboost|p2a: Rotom|atk|1\n|-unboost|p2b: Froslass|atk|1\n|turn|3\n|inactive|brojonski has 30 seconds left.\n|\n|t:|1776576679\n|move|p2b: Froslass|Protect|p2b: Froslass\n|-singleturn|p2b: Froslass|Protect\n|move|p1a: Sneasler|Close Combat|p2a: Rotom\n|-supereffective|p2a: Rotom|1\n|-damage|p2a: Rotom|0 fnt\n|-unboost|p1a: Sneasler|def|1\n|-unboost|p1a: Sneasler|spd|1\n|faint|p2a: Rotom\n|-enditem|p1a: Sneasler|White Herb\n|-clearnegativeboost|p1a: Sneasler|[silent]\n|move|p1b: Incineroar|Flare Blitz|p2b: Froslass\n|-activate|p2b: Froslass|move: Protect\n|\n|-weather|Snowscape|[upkeep]\n|upkeep\n|\n|t:|1776576697\n|switch|p2a: Empoleon|Empoleon, L50, M|100/100\n|turn|4\n|inactive|f johnson has 30 seconds left.\n|inactive|brojonski has 30 seconds left.\n|\n|t:|1776576732\n|move|p2b: Froslass|Protect||[still]\n|-fail|p2b: Froslass\n|move|p1a: Sneasler|Dire Claw|p2b: Froslass\n|-resisted|p2b: Froslass|1\n|-crit|p2b: Froslass\n|-damage|p2b: Froslass|7/100\n|move|p1b: Incineroar|Flare Blitz|p2a: Empoleon\n|-damage|p2a: Empoleon|52/100\n|-damage|p1b: Incineroar|85/100|[from] Recoil\n|move|p2a: Empoleon|Water Pulse|p1b: Incineroar\n|-supereffective|p1b: Incineroar|1\n|-damage|p1b: Incineroar|35/100\n|\n|-weather|Snowscape|[upkeep]\n|-heal|p2a: Empoleon|58/100|[from] item: Leftovers\n|-sideend|p1: f johnson|move: Tailwind\n|upkeep\n|turn|5\n|\n|t:|1776576754\n|move|p1a: Sneasler|Close Combat|p2a: Empoleon\n|-supereffective|p2a: Empoleon|1\n|-damage|p2a: Empoleon|0 fnt\n|-unboost|p1a: Sneasler|def|1\n|-unboost|p1a: Sneasler|spd|1\n|faint|p2a: Empoleon\n|move|p2b: Froslass|Blizzard|p1b: Incineroar|[spread] p1a,p1b\n|-resisted|p1b: Incineroar|1\n|-damage|p1a: Sneasler|0 fnt\n|-damage|p1b: Incineroar|11/100\n|faint|p1a: Sneasler\n|move|p1b: Incineroar|Flare Blitz|p2b: Froslass\n|-supereffective|p2b: Froslass|1\n|-damage|p2b: Froslass|0 fnt\n|faint|p2b: Froslass\n|-damage|p1b: Incineroar|10/100|[from] Recoil\n|\n|-weather|Snowscape|[upkeep]\n|upkeep\n|\n|t:|1776576773\n|switch|p2b: Garchomp|Garchomp, L50, M|100/100\n|turn|6\n|\n|t:|1776576779\n|move|p2b: Garchomp|Earthquake|p1b: Incineroar\n|-supereffective|p1b: Incineroar|1\n|-enditem|p1b: Incineroar|Shuca Berry|[eat]\n|-enditem|p1b: Incineroar|Shuca Berry|[weaken]\n|-damage|p1b: Incineroar|0 fnt\n|faint|p1b: Incineroar\n|\n|win|brojonski\n|raw|f johnson's rating: 1277 &rarr; <strong>1257</strong><br />(-20 for losing)\n|raw|brojonski's rating: 1345 &rarr; <strong>1361</strong><br />(+16 for winning)\n",
  "uploadtime": 1776576788,
  "views": 15,
  "formatid": "gen9championsvgc2026regma",
  "rating": 1257,
  "private": 0,
  "password": null
}