{
  "id": "gen9championsvgc2026regma-2583228896",
  "format": "[Gen 9 Champions] VGC 2026 Reg M-A",
  "players": [
    "rajyesh1",
    "DeanderKing"
  ],
  "log": "|j|\u2606rajyesh1\n|j|\u2606DeanderKing\n|t:|1776157160\n|gametype|doubles\n|player|p1|rajyesh1|lucas|1164\n|player|p2|DeanderKing|ghetsis|1099\n|gen|9\n|tier|[Gen 9 Champions] VGC 2026 Reg M-A\n|rated|\n|rule|Species Clause: Limit one of each Pok\u00e9mon\n|rule|Item Clause: Limit 1 of each item\n|clearpoke\n|poke|p1|Charizard, L50, F|\n|poke|p1|Venusaur, L50, F|\n|poke|p1|Garchomp, L50, M|\n|poke|p1|Rotom-Wash, L50|\n|poke|p1|Sneasler, L50, M|\n|poke|p1|Incineroar, L50, M|\n|poke|p2|Gengar, L50, F|\n|poke|p2|Incineroar, L50, M|\n|poke|p2|Sinistcha, L50|\n|poke|p2|Kingambit, L50, F|\n|poke|p2|Tyranitar, L50, F|\n|poke|p2|Kommo-o, L50, F|\n|teampreview|4\n|inactive|Battle timer is ON: inactive players will automatically lose when time's up. (requested by rajyesh1)\n|inactive|rajyesh1 has 60 seconds left.\n|inactive|DeanderKing has 60 seconds left.\n|\n|t:|1776157214\n|teamsize|p1|4\n|teamsize|p2|4\n|start\n|switch|p1a: Garchomp|Garchomp, L50, M|100/100\n|switch|p1b: Rotom|Rotom-Wash, L50|100/100\n|switch|p2a: Gengar|Gengar, L50, F, shiny|100/100\n|switch|p2b: Incineroar|Incineroar, L50, M|100/100\n|-ability|p2b: Incineroar|Intimidate|boost\n|-unboost|p1a: Garchomp|atk|1\n|-unboost|p1b: Rotom|atk|1\n|turn|1\n|inactive|rajyesh1 has 30 seconds left.\n|\n|t:|1776157243\n|switch|p1b: Incineroar|Incineroar, L50, M|100/100\n|-ability|p1b: Incineroar|Intimidate|boost\n|-unboost|p2a: Gengar|atk|1\n|-unboost|p2b: Incineroar|atk|1\n|detailschange|p2a: Gengar|Gengar-Mega, L50, F, shiny\n|-mega|p2a: Gengar|Gengar|Gengarite\n|move|p2b: Incineroar|Fake Out|p1a: Garchomp\n|-crit|p1a: Garchomp\n|-damage|p1a: Garchomp|83/100\n|-damage|p2b: Incineroar|88/100|[from] ability: Rough Skin|[of] p1a: Garchomp\n|cant|p1a: Garchomp|flinch\n|move|p2a: Gengar|Perish Song|p2a: Gengar\n|-start|p1a: Garchomp|perish3|[silent]\n|-start|p1b: Incineroar|perish3|[silent]\n|-start|p2a: Gengar|perish3|[silent]\n|-start|p2b: Incineroar|perish3|[silent]\n|-fieldactivate|move: Perish Song\n|\n|-start|p1a: Garchomp|perish3\n|-start|p2a: Gengar|perish3\n|-start|p1b: Incineroar|perish3\n|-start|p2b: Incineroar|perish3\n|upkeep\n|turn|2\n|\n|t:|1776157265\n|move|p2a: Gengar|Protect|p2a: Gengar\n|-singleturn|p2a: Gengar|Protect\n|move|p2b: Incineroar|Protect|p2b: Incineroar\n|-singleturn|p2b: Incineroar|Protect\n|move|p1a: Garchomp|Earthquake|p2b: Incineroar|[spread] p1b\n|-activate|p2a: Gengar|move: Protect\n|-activate|p2b: Incineroar|move: Protect\n|-supereffective|p1b: Incineroar|1\n|-damage|p1b: Incineroar|46/100\n|-enditem|p1b: Incineroar|Sitrus Berry|[eat]\n|-heal|p1b: Incineroar|71/100|[from] item: Sitrus Berry\n|move|p1b: Incineroar|Parting Shot|p2b: Incineroar\n|-activate|p2b: Incineroar|move: Protect\n|\n|-start|p1a: Garchomp|perish2\n|-start|p2a: Gengar|perish2\n|-start|p1b: Incineroar|perish2\n|-start|p2b: Incineroar|perish2\n|upkeep\n|turn|3\n|inactive|DeanderKing has 30 seconds left.\n|\n|t:|1776157297\n|switch|p2a: Sinistcha|Sinistcha, L50|100/100\n|-heal|p2b: Incineroar|100/100|[from] ability: Hospitality|[of] p2a: Sinistcha\n|move|p1a: Garchomp|Earthquake|p2a: Sinistcha|[spread] p1b,p2a,p2b\n|-supereffective|p1b: Incineroar|1\n|-resisted|p2a: Sinistcha|1\n|-supereffective|p2b: Incineroar|1\n|-enditem|p2b: Incineroar|Shuca Berry|[eat]\n|-enditem|p2b: Incineroar|Shuca Berry|[weaken]\n|-damage|p1b: Incineroar|10/100\n|-damage|p2a: Sinistcha|89/100\n|-damage|p2b: Incineroar|77/100\n|move|p1b: Incineroar|Parting Shot|p2b: Incineroar\n|-unboost|p2b: Incineroar|atk|1\n|-unboost|p2b: Incineroar|spa|1\n|\n|t:|1776157310\n|switch|p1b: Charizard|Charizard, L50, F|100/100|[from] Parting Shot\n|move|p2b: Incineroar|Parting Shot|p1b: Charizard\n|-unboost|p1b: Charizard|atk|1\n|-unboost|p1b: Charizard|spa|1\n|\n|t:|1776157318\n|switch|p2b: Gengar|Gengar-Mega, L50, F, shiny|100/100|[from] Parting Shot\n|\n|-start|p1a: Garchomp|perish1\n|upkeep\n|turn|4\n|\n|t:|1776157335\n|detailschange|p1b: Charizard|Charizard-Mega-Y, L50, F\n|-mega|p1b: Charizard|Charizard|Charizardite Y\n|-weather|SunnyDay|[from] ability: Drought|[of] p1b: Charizard\n|move|p2b: Gengar|Protect|p2b: Gengar\n|-singleturn|p2b: Gengar|Protect\n|move|p2a: Sinistcha|Protect|p2a: Sinistcha\n|-singleturn|p2a: Sinistcha|Protect\n|move|p1a: Garchomp|Earthquake|p2a: Sinistcha|[spread] \n|-activate|p2a: Sinistcha|move: Protect\n|-activate|p2b: Gengar|move: Protect\n|-immune|p1b: Charizard\n|move|p1b: Charizard|Heat Wave|p2a: Sinistcha|[spread] \n|-activate|p2a: Sinistcha|move: Protect\n|-activate|p2b: Gengar|move: Protect\n|\n|-weather|SunnyDay|[upkeep]\n|-start|p1a: Garchomp|perish0\n|faint|p1a: Garchomp\n|upkeep\n|\n|t:|1776157346\n|switch|p1a: Rotom|Rotom-Wash, L50|100/100\n|turn|5\n|inactive|rajyesh1 has 30 seconds left.\n|inactive|DeanderKing has 30 seconds left.\n|inactive|rajyesh1 has 20 seconds left.\n|\n|t:|1776157381\n|move|p2b: Gengar|Perish Song|p2b: Gengar\n|-start|p1a: Rotom|perish3|[silent]\n|-start|p1b: Charizard|perish3|[silent]\n|-start|p2a: Sinistcha|perish3|[silent]\n|-start|p2b: Gengar|perish3|[silent]\n|-fieldactivate|move: Perish Song\n|move|p1b: Charizard|Heat Wave|p2a: Sinistcha|[spread] p2a\n|-miss|p1b: Charizard|p2b: Gengar\n|-supereffective|p2a: Sinistcha|1\n|-damage|p2a: Sinistcha|0 fnt\n|faint|p2a: Sinistcha\n|move|p1a: Rotom|Thunderbolt|p2b: Gengar\n|-damage|p2b: Gengar|57/100\n|-status|p2b: Gengar|par\n|\n|-weather|SunnyDay|[upkeep]\n|-start|p1b: Charizard|perish3\n|-start|p1a: Rotom|perish3\n|-start|p2b: Gengar|perish3\n|upkeep\n|\n|t:|1776157401\n|switch|p2a: Incineroar|Incineroar, L50, M|77/100\n|-ability|p2a: Incineroar|Intimidate|boost\n|-unboost|p1a: Rotom|atk|1\n|-unboost|p1b: Charizard|atk|1\n|turn|6\n|inactive|DeanderKing has 30 seconds left.\n|inactive|rajyesh1 has 30 seconds left.\n|\n|t:|1776157442\n|move|p2a: Incineroar|Fake Out|p1b: Charizard\n|-damage|p1b: Charizard|84/100\n|cant|p1b: Charizard|flinch\n|move|p1a: Rotom|Hydro Pump|p2a: Incineroar|[miss]\n|-miss|p1a: Rotom|p2a: Incineroar\n|move|p2b: Gengar|Shadow Ball|p1a: Rotom\n|-damage|p1a: Rotom|57/100\n|\n|-weather|SunnyDay|[upkeep]\n|-heal|p1a: Rotom|62/100|[from] item: Leftovers\n|-start|p1b: Charizard|perish2\n|-start|p1a: Rotom|perish2\n|-start|p2b: Gengar|perish2\n|upkeep\n|turn|7\n|c|\u2606rajyesh1|i love this game\n|\n|t:|1776157464\n|move|p2b: Gengar|Protect|p2b: Gengar\n|-singleturn|p2b: Gengar|Protect\n|move|p2a: Incineroar|Protect|p2a: Incineroar\n|-singleturn|p2a: Incineroar|Protect\n|move|p1b: Charizard|Heat Wave|p2b: Gengar|[spread] \n|-activate|p2a: Incineroar|move: Protect\n|-activate|p2b: Gengar|move: Protect\n|move|p1a: Rotom|Hydro Pump|p2a: Incineroar\n|-activate|p2a: Incineroar|move: Protect\n|\n|-weather|SunnyDay|[upkeep]\n|-heal|p1a: Rotom|68/100|[from] item: Leftovers\n|-start|p1b: Charizard|perish1\n|-start|p1a: Rotom|perish1\n|-start|p2b: Gengar|perish1\n|upkeep\n|turn|8\n|c|\u2606DeanderKing|didnt killed me anywaysa\n|inactive|rajyesh1 has 30 seconds left.\n|inactive|DeanderKing has 30 seconds left.\n|\n|t:|1776157494\n|switch|p2b: Tyranitar|Tyranitar, L50, F|100/100\n|-weather|Sandstorm|[from] ability: Sand Stream|[of] p2b: Tyranitar\n|move|p1b: Charizard|Heat Wave|p2a: Incineroar|[spread] p2a,p2b\n|-resisted|p2a: Incineroar|1\n|-resisted|p2b: Tyranitar|1\n|-damage|p2a: Incineroar|66/100\n|-damage|p2b: Tyranitar|91/100\n|move|p1a: Rotom|Hydro Pump|p2a: Incineroar\n|-supereffective|p2a: Incineroar|1\n|-damage|p2a: Incineroar|0 fnt\n|faint|p2a: Incineroar\n|\n|-weather|Sandstorm|[upkeep]\n|-damage|p1b: Charizard|78/100|[from] Sandstorm\n|-damage|p1a: Rotom|62/100|[from] Sandstorm\n|-heal|p1a: Rotom|68/100|[from] item: Leftovers\n|-start|p1b: Charizard|perish0\n|-start|p1a: Rotom|perish0\n|upkeep\n|faint|p1b: Charizard\n|faint|p1a: Rotom\n|c|\u2606rajyesh1|i did kill\n|c|\u2606DeanderKing|nah\n|\n|t:|1776157517\n|switch|p1b: Incineroar|Incineroar, L50, M|10/100\n|switch|p2a: Gengar|Gengar-Mega, L50, F, shiny|57/100 par\n|-ability|p1b: Incineroar|Intimidate|boost\n|-unboost|p2a: Gengar|atk|1\n|-unboost|p2b: Tyranitar|atk|1\n|turn|9\n|c|\u2606rajyesh1|oh i forgot water type moves weak i sun\n|c|\u2606rajyesh1|ur right\n|c|\u2606rajyesh1|mb\n|-message|rajyesh1 forfeited.\n|\n|win|DeanderKing\n|raw|rajyesh1's rating: 1164 &rarr; <strong>1134</strong><br />(-30 for losing)\n|raw|DeanderKing's rating: 1099 &rarr; <strong>1129</strong><br />(+30 for winning)\n|c|\u2606DeanderKing|gg\n",
  "uploadtime": 1776157540,
  "views": 17,
  "formatid": "gen9championsvgc2026regma",
  "rating": 1129,
  "private": 0,
  "password": null
}