{
  "id": "gen9championsvgc2026regma-2586864491",
  "format": "[Gen 9 Champions] VGC 2026 Reg M-A",
  "players": [
    "cellseus",
    "AidzPlayz"
  ],
  "log": "|j|\u2606cellseus\n|j|\u2606AidzPlayz\n|t:|1776466497\n|gametype|doubles\n|player|p1|cellseus|candice|1355\n|player|p2|AidzPlayz|ghetsis-gen5bw|1335\n|gen|9\n|tier|[Gen 9 Champions] VGC 2026 Reg M-A\n|rated|\n|rule|Species Clause: Limit one of each Pok\u00e9mon\n|rule|Item Clause: Limit 1 of each item\n|clearpoke\n|poke|p1|Charizard, L50, F|\n|poke|p1|Garchomp, L50, F|\n|poke|p1|Venusaur, L50, M|\n|poke|p1|Sneasler, L50, M|\n|poke|p1|Basculegion, L50, M|\n|poke|p1|Incineroar, L50, F|\n|poke|p2|Aerodactyl, L50, F|\n|poke|p2|Incineroar, L50, M|\n|poke|p2|Floette-Eternal, L50, F|\n|poke|p2|Basculegion, L50, M|\n|poke|p2|Garchomp, L50, M|\n|poke|p2|Sneasler, L50, F|\n|teampreview|4\n|inactive|Battle timer is ON: inactive players will automatically lose when time's up. (requested by cellseus)\ncellseus rejected open team sheets.\n|\n|t:|1776466536\n|teamsize|p1|4\n|teamsize|p2|4\n|start\n|switch|p1a: Charizard|Charizard, L50, F|100/100\n|switch|p1b: Garchomp|Garchomp, L50, F, shiny|100/100\n|switch|p2a: Aerodactyl|Aerodactyl, L50, F|100/100\n|switch|p2b: Garchomp|Garchomp, L50, M|100/100\n|-ability|p2a: Aerodactyl|Unnerve\n|turn|1\n|inactive|cellseus has 30 seconds left.\n|\n|t:|1776466565\n|detailschange|p1a: Charizard|Charizard-Mega-Y, L50, F\n|-mega|p1a: Charizard|Charizard|Charizardite Y\n|-weather|SunnyDay|[from] ability: Drought|[of] p1a: Charizard\n|move|p1a: Charizard|Protect|p1a: Charizard\n|-singleturn|p1a: Charizard|Protect\n|move|p2a: Aerodactyl|Tailwind|p2a: Aerodactyl\n|-sidestart|p2: AidzPlayz|move: Tailwind\n|move|p2b: Garchomp|Dragon Claw|p1b: Garchomp\n|-supereffective|p1b: Garchomp|1\n|-damage|p1b: Garchomp|21/100\n|-damage|p2b: Garchomp|88/100|[from] ability: Rough Skin|[of] p1b: Garchomp\n|move|p1b: Garchomp|Dragon Claw|p2b: Garchomp\n|-supereffective|p2b: Garchomp|1\n|-enditem|p2b: Garchomp|Haban Berry|[eat]\n|-enditem|p2b: Garchomp|Haban Berry|[weaken]\n|-damage|p2b: Garchomp|45/100\n|-damage|p1b: Garchomp|9/100|[from] ability: Rough Skin|[of] p2b: Garchomp\n|\n|-weather|SunnyDay|[upkeep]\n|upkeep\n|turn|2\n|inactive|cellseus has 30 seconds left.\n|inactive|cellseus has 20 seconds left.\n|\n|t:|1776466600\n|switch|p1a: Venusaur|Venusaur, L50, M, shiny|100/100\n|move|p1b: Garchomp|Protect|p1b: Garchomp\n|-singleturn|p1b: Garchomp|Protect\n|move|p2a: Aerodactyl|Rock Slide|p1a: Venusaur|[spread] p1a\n|-activate|p1b: Garchomp|move: Protect\n|-damage|p1a: Venusaur|64/100\n|move|p2b: Garchomp|Rock Slide|p1a: Venusaur|[spread] p1a\n|-activate|p1b: Garchomp|move: Protect\n|-damage|p1a: Venusaur|37/100\n|\n|-weather|SunnyDay|[upkeep]\n|upkeep\n|turn|3\n|\n|t:|1776466623\n|move|p2a: Aerodactyl|Rock Slide|p1a: Venusaur|[spread] p1a,p1b\n|-resisted|p1b: Garchomp|1\n|-damage|p1a: Venusaur|5/100\n|-damage|p1b: Garchomp|0 fnt\n|faint|p1b: Garchomp\n|move|p2b: Garchomp|Earthquake|p1a: Venusaur|[spread] p1a\n|-immune|p2a: Aerodactyl\n|-crit|p1a: Venusaur\n|-damage|p1a: Venusaur|0 fnt\n|faint|p1a: Venusaur\n|\n|-weather|SunnyDay|[upkeep]\n|upkeep\n|\n|t:|1776466629\n|switch|p1b: Sneasler|Sneasler, L50, M|100/100\n|switch|p1a: Charizard|Charizard-Mega-Y, L50, F|100/100\n|turn|4\n|\n|t:|1776466645\n|move|p2a: Aerodactyl|Protect|p2a: Aerodactyl\n|-singleturn|p2a: Aerodactyl|Protect\n|move|p2b: Garchomp|Protect|p2b: Garchomp\n|-singleturn|p2b: Garchomp|Protect\n|move|p1a: Charizard|Protect|p1a: Charizard\n|-singleturn|p1a: Charizard|Protect\n|move|p1b: Sneasler|Close Combat|p2a: Aerodactyl\n|-activate|p2a: Aerodactyl|move: Protect\n|\n|-weather|SunnyDay|[upkeep]\n|-sideend|p2: AidzPlayz|move: Tailwind\n|upkeep\n|turn|5\n|\n|t:|1776466659\n|move|p2a: Aerodactyl|Tailwind|p2a: Aerodactyl\n|-sidestart|p2: AidzPlayz|move: Tailwind\n|move|p2b: Garchomp|Rock Slide|p1b: Sneasler|[spread] p1a,p1b\n|-supereffective|p1a: Charizard|2\n|-resisted|p1b: Sneasler|1\n|-damage|p1a: Charizard|15/100\n|-damage|p1b: Sneasler|84/100\n|move|p1b: Sneasler|Close Combat|p2a: Aerodactyl\n|-enditem|p2a: Aerodactyl|Focus Sash\n|-damage|p2a: Aerodactyl|1/100\n|-unboost|p1b: Sneasler|def|1\n|-unboost|p1b: Sneasler|spd|1\n|-enditem|p1b: Sneasler|White Herb\n|-clearnegativeboost|p1b: Sneasler|[silent]\n|cant|p1a: Charizard|flinch\n|\n|-weather|none\n|upkeep\n|turn|6\n|-message|cellseus forfeited.\n|\n|win|AidzPlayz\n|raw|cellseus's rating: 1355 &rarr; <strong>1334</strong><br />(-21 for losing)\n|raw|AidzPlayz's rating: 1335 &rarr; <strong>1356</strong><br />(+21 for winning)\n",
  "uploadtime": 1776466672,
  "views": 47,
  "formatid": "gen9championsvgc2026regma",
  "rating": 1334,
  "private": 0,
  "password": null
}