{
  "id": "gen9championsvgc2026regma-2581817124",
  "format": "[Gen 9 Champions] VGC 2026 Reg M-A",
  "players": [
    "YuriHBC",
    "doledragon"
  ],
  "log": "|j|\u2606YuriHBC\n|j|\u2606doledragon\n|t:|1776030799\n|gametype|doubles\n|player|p1|YuriHBC|170|1085\n|player|p2|doledragon|juggler|1039\n|gen|9\n|tier|[Gen 9 Champions] VGC 2026 Reg M-A\n|rated|\n|rule|Species Clause: Limit one of each Pok\u00e9mon\n|rule|Item Clause: Limit 1 of each item\n|clearpoke\n|poke|p1|Floette-Eternal, L50, F|\n|poke|p1|Sneasler, L50, F|\n|poke|p1|Incineroar, L50, F|\n|poke|p1|Excadrill, L50, F|\n|poke|p1|Dragonite, L50, F|\n|poke|p1|Palafin, L50, M|\n|poke|p2|Glimmora, L50, F|\n|poke|p2|Kingambit, L50, M|\n|poke|p2|Tyranitar, L50, M|\n|poke|p2|Incineroar, L50, M|\n|poke|p2|Meganium, L50, F|\n|poke|p2|Aerodactyl, L50, M|\n|teampreview|4\n|inactive|Battle timer is ON: inactive players will automatically lose when time's up. (requested by YuriHBC)\n|inactive|doledragon has 60 seconds left.\n|\n|t:|1776030884\n|teamsize|p1|4\n|teamsize|p2|4\n|start\n|switch|p1a: Sneasler|Sneasler, L50, F|100/100\n|switch|p1b: Dragonite|Dragonite, L50, F|100/100\n|switch|p2a: REO Speedwagon|Aerodactyl, L50, M|100/100\n|switch|p2b: Regina George|Glimmora, L50, F, shiny|100/100\n|-ability|p2a: REO Speedwagon|Unnerve\n|turn|1\n|\n|t:|1776030896\n|move|p2b: Regina George|Spiky Shield|p2b: Regina George\n|-singleturn|p2b: Regina George|move: Protect\n|move|p1a: Sneasler|Fake Out|p2a: REO Speedwagon\n|-resisted|p2a: REO Speedwagon|1\n|-damage|p2a: REO Speedwagon|92/100\n|cant|p2a: REO Speedwagon|flinch\n|move|p1b: Dragonite|Tailwind|p1b: Dragonite\n|-sidestart|p1: YuriHBC|move: Tailwind\n|\n|upkeep\n|turn|2\n|\n|t:|1776030918\n|move|p1a: Sneasler|Close Combat|p2b: Regina George\n|-damage|p2b: Regina George|22/100\n|-unboost|p1a: Sneasler|def|1\n|-unboost|p1a: Sneasler|spd|1\n|-activate|p2b: Regina George|ability: Toxic Debris\n|-sidestart|p1: YuriHBC|move: Toxic Spikes\n|move|p1b: Dragonite|Scale Shot|p2a: REO Speedwagon\n|-damage|p2a: REO Speedwagon|71/100\n|-damage|p2a: REO Speedwagon|50/100\n|-damage|p2a: REO Speedwagon|29/100\n|-hitcount|p2a: REO Speedwagon|3\n|-unboost|p1b: Dragonite|def|1\n|-boost|p1b: Dragonite|spe|1\n|-enditem|p1b: Dragonite|White Herb\n|-clearnegativeboost|p1b: Dragonite|[silent]\n|move|p2a: REO Speedwagon|Tailwind|p2a: REO Speedwagon\n|-sidestart|p2: doledragon|move: Tailwind\n|move|p2b: Regina George|Power Gem|p1b: Dragonite\n|-supereffective|p1b: Dragonite|1\n|-damage|p1b: Dragonite|57/100\n|\n|upkeep\n|turn|3\n|inactive|YuriHBC has 30 seconds left.\n|inactive|doledragon has 30 seconds left.\n|\n|t:|1776030953\n|move|p2b: Regina George|Spiky Shield|p2b: Regina George\n|-singleturn|p2b: Regina George|move: Protect\n|move|p2a: REO Speedwagon|Dual Wingbeat|p1a: Sneasler\n|-supereffective|p1a: Sneasler|1\n|-damage|p1a: Sneasler|23/100\n|-supereffective|p1a: Sneasler|1\n|-damage|p1a: Sneasler|0 fnt\n|faint|p1a: Sneasler\n|-hitcount|p1: Sneasler|2\n|move|p1b: Dragonite|Scale Shot|p2a: REO Speedwagon\n|-damage|p2a: REO Speedwagon|10/100\n|-damage|p2a: REO Speedwagon|0 fnt\n|faint|p2a: REO Speedwagon\n|-hitcount|p2: REO Speedwagon|2\n|-unboost|p1b: Dragonite|def|1\n|-boost|p1b: Dragonite|spe|1\n|\n|upkeep\n|\n|t:|1776030970\n|switch|p2a: Little Foot|Meganium, L50, F, shiny|100/100\n|switch|p1a: Incineroar|Incineroar, L50, F|100/100\n|-status|p1a: Incineroar|psn\n|-ability|p1a: Incineroar|Intimidate|boost\n|-unboost|p2a: Little Foot|atk|1\n|-unboost|p2b: Regina George|atk|1\n|turn|4\n|\n|t:|1776030983\n|switch|p2b: Wolfey|Incineroar, L50, M|100/100\n|-ability|p2b: Wolfey|Intimidate|boost\n|-unboost|p1a: Incineroar|atk|1\n|-unboost|p1b: Dragonite|atk|1\n|detailschange|p2a: Little Foot|Meganium-Mega, L50, F, shiny\n|-mega|p2a: Little Foot|Meganium|Meganiumite\n|move|p1a: Incineroar|Fake Out|p2a: Little Foot\n|-damage|p2a: Little Foot|93/100\n|move|p1b: Dragonite|Scale Shot|p2b: Wolfey\n|-damage|p2b: Wolfey|92/100\n|-damage|p2b: Wolfey|83/100\n|-damage|p2b: Wolfey|74/100\n|-damage|p2b: Wolfey|65/100\n|-hitcount|p2b: Wolfey|4\n|-unboost|p1b: Dragonite|def|1\n|-boost|p1b: Dragonite|spe|1\n|cant|p2a: Little Foot|flinch\n|\n|-damage|p1a: Incineroar|88/100 psn|[from] psn\n|-sideend|p1: YuriHBC|move: Tailwind\n|upkeep\n|turn|5\n|inactive|YuriHBC has 30 seconds left.\n|inactive|doledragon has 30 seconds left.\n|inactive|doledragon has 20 seconds left.\n|\n|t:|1776031021\n|move|p2b: Wolfey|Fake Out|p1a: Incineroar\n|-damage|p1a: Incineroar|78/100 psn\n|move|p1b: Dragonite|Tailwind|p1b: Dragonite\n|-sidestart|p1: YuriHBC|move: Tailwind\n|cant|p1a: Incineroar|flinch\n|move|p2a: Little Foot|Dazzling Gleam|p1a: Incineroar|[spread] p1a,p1b\n|-crit|p1a: Incineroar\n|-supereffective|p1b: Dragonite|1\n|-damage|p1a: Incineroar|30/100 psn\n|-damage|p1b: Dragonite|0 fnt\n|-enditem|p1a: Incineroar|Sitrus Berry|[eat]\n|-heal|p1a: Incineroar|55/100 psn|[from] item: Sitrus Berry\n|faint|p1b: Dragonite\n|\n|-damage|p1a: Incineroar|43/100 psn|[from] psn\n|-sideend|p2: doledragon|move: Tailwind\n|upkeep\n|\n|t:|1776031034\n|switch|p1b: Floette|Floette-Eternal, L50, F|100/100\n|-status|p1b: Floette|psn\n|turn|6\n|inactive|doledragon has 30 seconds left.\n|\n|t:|1776031063\n|switch|p2b: Regina George|Glimmora, L50, F, shiny|22/100\n|detailschange|p1b: Floette|Floette-Mega, L50, F\n|-mega|p1b: Floette|Floette|Floettite\n|-ability|p1b: Floette|Fairy Aura\n|move|p1b: Floette|Protect|p1b: Floette\n|-singleturn|p1b: Floette|Protect\n|move|p2a: Little Foot|Protect|p2a: Little Foot\n|-singleturn|p2a: Little Foot|Protect\n|move|p1a: Incineroar|Flare Blitz|p2a: Little Foot\n|-activate|p2a: Little Foot|move: Protect\n|\n|-damage|p1b: Floette|88/100 psn|[from] psn\n|-damage|p1a: Incineroar|30/100 psn|[from] psn\n|upkeep\n|turn|7\n|inactive|doledragon has 30 seconds left.\n|inactive|doledragon has 20 seconds left.\n|inactive|doledragon has 15 seconds left.\n|\n|t:|1776031108\n|switch|p2a: Wolfey|Incineroar, L50, M|65/100\n|-ability|p2a: Wolfey|Intimidate|boost\n|-unboost|p1a: Incineroar|atk|1\n|-unboost|p1b: Floette|atk|1\n|move|p1b: Floette|Psychic|p2b: Regina George\n|-supereffective|p2b: Regina George|1\n|-damage|p2b: Regina George|0 fnt\n|faint|p2b: Regina George\n|move|p1a: Incineroar|Flare Blitz|p2a: Wolfey\n|-resisted|p2a: Wolfey|1\n|-damage|p2a: Wolfey|52/100\n|-damage|p1a: Incineroar|26/100 psn|[from] Recoil\n|\n|-damage|p1b: Floette|76/100 psn|[from] psn\n|-damage|p1a: Incineroar|13/100 psn|[from] psn\n|upkeep\n|\n|t:|1776031123\n|switch|p2b: Little Foot|Meganium-Mega, L50, F, shiny|93/100\n|turn|8\n|\n|t:|1776031145\n|move|p1b: Floette|Protect|p1b: Floette\n|-singleturn|p1b: Floette|Protect\n|move|p2a: Wolfey|Fake Out|p1a: Incineroar\n|-damage|p1a: Incineroar|3/100 psn\n|cant|p1a: Incineroar|flinch\n|move|p2b: Little Foot|Solar Beam||[still]\n|-prepare|p2b: Little Foot|Solar Beam\n|-activate|p2b: Little Foot|ability: Mega Sol\n|-anim|p2b: Little Foot|Solar Beam|p1b: Floette\n|-activate|p1b: Floette|move: Protect\n|\n|-damage|p1b: Floette|64/100 psn|[from] psn\n|-damage|p1a: Incineroar|0 fnt|[from] psn\n|faint|p1a: Incineroar\n|-sideend|p1: YuriHBC|move: Tailwind\n|upkeep\n|turn|9\n|-message|YuriHBC forfeited.\n|\n|win|doledragon\n|raw|YuriHBC's rating: 1085 &rarr; <strong>1059</strong><br />(-26 for losing)\n|raw|doledragon's rating: 1039 &rarr; <strong>1078</strong><br />(+39 for winning)\n|l|\u2606YuriHBC\n|player|p1|\n",
  "uploadtime": 1776031163,
  "views": 11,
  "formatid": "gen9championsvgc2026regma",
  "rating": 1059,
  "private": 0,
  "password": null
}