{
  "id": "gen9championsvgc2026regma-2580378011",
  "format": "[Gen 9 Champions] VGC 2026 Reg M-A",
  "players": [
    "MerleBirb",
    "Hunterfeil"
  ],
  "log": "|j|\u2606MerleBirb\n|j|\u2606Hunterfeil\n|t:|1775887584\n|gametype|doubles\n|player|p1|MerleBirb|hilda-wonderlauncher|1000\n|player|p2|Hunterfeil|266|1000\n|gen|9\n|tier|[Gen 9 Champions] VGC 2026 Reg M-A\n|rated|\n|rule|Species Clause: Limit one of each Pok\u00e9mon\n|rule|Item Clause: Limit 1 of each item\n|clearpoke\n|poke|p1|Tyranitar, L50, F|\n|poke|p1|Excadrill, L50, M|\n|poke|p1|Garchomp, L50, M|\n|poke|p1|Primarina, L50, F|\n|poke|p1|Rotom-Heat, L50|\n|poke|p1|Sinistcha, L50|\n|poke|p2|Gardevoir, L50, F|\n|poke|p2|Talonflame, L50, F|\n|poke|p2|Aegislash, L50, F|\n|poke|p2|Ninetales-Alola, L50, M|\n|poke|p2|Maushold, L50|\n|poke|p2|Sneasler, L50, F|\n|teampreview|4\n|inactive|Battle timer is ON: inactive players will automatically lose when time's up. (requested by Hunterfeil)\n|\n|t:|1775887657\n|teamsize|p1|4\n|teamsize|p2|4\n|start\n|switch|p1a: Pound Cake|Rotom-Heat, L50|100/100\n|switch|p1b: Fairynar|Primarina, L50, F|100/100\n|switch|p2a: Maushold|Maushold, L50|100/100\n|switch|p2b: Gardevoir|Gardevoir, L50, F, shiny|100/100\n|turn|1\n|inactive|MerleBirb has 30 seconds left.\n|inactive|Hunterfeil has 30 seconds left.\n|inactive|MerleBirb has 20 seconds left.\n|\n|t:|1775887695\n|detailschange|p2b: Gardevoir|Gardevoir-Mega, L50, F, shiny\n|-mega|p2b: Gardevoir|Gardevoir|Gardevoirite\n|move|p1a: Pound Cake|Trick|p2a: Maushold\n|-activate|p1a: Pound Cake|move: Trick|[of] p2a: Maushold\n|-item|p2a: Maushold|Choice Scarf|[from] move: Trick\n|-item|p1a: Pound Cake|Sitrus Berry|[from] move: Trick\n|move|p2a: Maushold|Beat Up|p1a: Pound Cake\n|-damage|p1a: Pound Cake|97/100\n|-damage|p1a: Pound Cake|94/100\n|-damage|p1a: Pound Cake|91/100\n|-damage|p1a: Pound Cake|88/100\n|-hitcount|p1a: Pound Cake|4\n|move|p1b: Fairynar|Hyper Voice|p2b: Gardevoir|[spread] p2a,p2b\n|-damage|p2a: Maushold|57/100\n|-damage|p2b: Gardevoir|78/100\n|move|p2b: Gardevoir|Trick Room|p2b: Gardevoir\n|-fieldstart|move: Trick Room|[of] p2b: Gardevoir\n|\n|upkeep\n|turn|2\n|inactive|MerleBirb has 30 seconds left.\n|inactive|Hunterfeil has 30 seconds left.\n|inactive|MerleBirb has 20 seconds left.\n|inactive|Hunterfeil has 20 seconds left.\n|\n|t:|1775887735\n|switch|p2a: Ninetales|Ninetales-Alola, L50, M|100/100\n|-weather|Snowscape|[from] ability: Snow Warning|[of] p2a: Ninetales\n|move|p1b: Fairynar|Hyper Voice|p2a: Ninetales|[spread] p2a,p2b\n|-damage|p2a: Ninetales|59/100\n|-damage|p2b: Gardevoir|47/100\n|move|p2b: Gardevoir|Hyper Voice|p1b: Fairynar|[spread] p1a,p1b\n|-resisted|p1a: Pound Cake|1\n|-damage|p1a: Pound Cake|49/100\n|-damage|p1b: Fairynar|54/100\n|-enditem|p1a: Pound Cake|Sitrus Berry|[eat]\n|-heal|p1a: Pound Cake|74/100|[from] item: Sitrus Berry\n|move|p1a: Pound Cake|Overheat|p2b: Gardevoir\n|-damage|p2b: Gardevoir|4/100\n|-unboost|p1a: Pound Cake|spa|2\n|\n|-weather|Snowscape|[upkeep]\n|upkeep\n|turn|3\n|\n|t:|1775887757\n|move|p2b: Gardevoir|Protect|p2b: Gardevoir\n|-singleturn|p2b: Gardevoir|Protect\n|move|p1b: Fairynar|Hyper Voice|p2a: Ninetales|[spread] p2a\n|-activate|p2b: Gardevoir|move: Protect\n|-damage|p2a: Ninetales|14/100\n|move|p1a: Pound Cake|Volt Switch|p2b: Gardevoir\n|-activate|p2b: Gardevoir|move: Protect\n|move|p2a: Ninetales|Aurora Veil|p2a: Ninetales\n|-sidestart|p2: Hunterfeil|move: Aurora Veil\n|\n|-weather|Snowscape|[upkeep]\n|upkeep\n|turn|4\n|inactive|MerleBirb has 30 seconds left.\n|inactive|Hunterfeil has 30 seconds left.\n|\n|t:|1775887784\n|switch|p1a: Tummers|Tyranitar, L50, F|100/100\n|-weather|Sandstorm|[from] ability: Sand Stream|[of] p1a: Tummers\n|switch|p2a: Aegislash|Aegislash, L50, F|100/100\n|move|p1b: Fairynar|Hyper Voice|p2b: Gardevoir|[spread] p2a,p2b\n|-damage|p2a: Aegislash|80/100\n|-damage|p2b: Gardevoir|0 fnt\n|faint|p2b: Gardevoir\n|\n|-weather|Sandstorm|[upkeep]\n|-damage|p1b: Fairynar|48/100|[from] Sandstorm\n|-enditem|p1b: Fairynar|Sitrus Berry|[eat]\n|-heal|p1b: Fairynar|73/100|[from] item: Sitrus Berry\n|-heal|p2a: Aegislash|86/100|[from] item: Leftovers\n|upkeep\n|\n|t:|1775887799\n|switch|p2b: Ninetales|Ninetales-Alola, L50, M|14/100\n|-weather|Snowscape|[from] ability: Snow Warning|[of] p2b: Ninetales\n|turn|5\n|inactive|Hunterfeil has 30 seconds left.\n|\n|t:|1775887829\n|switch|p1a: Pound Cake|Rotom-Heat, L50|74/100\n|move|p1b: Fairynar|Hyper Voice|p2a: Aegislash|[spread] p2a,p2b\n|-damage|p2a: Aegislash|65/100\n|-damage|p2b: Ninetales|0 fnt\n|faint|p2b: Ninetales\n|-formechange|p2a: Aegislash|Aegislash-Blade|\n|move|p2a: Aegislash|Iron Head|p1a: Pound Cake\n|-resisted|p1a: Pound Cake|2\n|-damage|p1a: Pound Cake|59/100\n|\n|-weather|Snowscape|[upkeep]\n|-heal|p2a: Aegislash|71/100|[from] item: Leftovers\n|-fieldend|move: Trick Room\n|upkeep\n|\n|t:|1775887841\n|switch|p2b: Maushold|Maushold, L50|57/100\n|turn|6\n|\n|t:|1775887862\n|move|p2b: Maushold|Follow Me|p2b: Maushold\n|-singleturn|p2b: Maushold|move: Follow Me\n|move|p1a: Pound Cake|Electroweb|p2a: Aegislash|[spread] p2a,p2b\n|-damage|p2a: Aegislash|54/100\n|-damage|p2b: Maushold|40/100\n|-unboost|p2a: Aegislash|spe|1\n|-unboost|p2b: Maushold|spe|1\n|move|p1b: Fairynar|Hyper Voice|p2a: Aegislash|[spread] p2a,p2b\n|-damage|p2a: Aegislash|20/100\n|-damage|p2b: Maushold|12/100\n|move|p2a: Aegislash|Swords Dance|p2a: Aegislash\n|-boost|p2a: Aegislash|atk|2\n|\n|-weather|Snowscape|[upkeep]\n|-heal|p2a: Aegislash|26/100|[from] item: Leftovers\n|upkeep\n|turn|7\n|\n|t:|1775887876\n|move|p2b: Maushold|Follow Me|p2b: Maushold\n|-singleturn|p2b: Maushold|move: Follow Me\n|move|p2a: Aegislash|Shadow Sneak|p1b: Fairynar\n|-damage|p1b: Fairynar|16/100\n|move|p1a: Pound Cake|Electroweb|p2a: Aegislash|[spread] p2b\n|-miss|p1a: Pound Cake|p2a: Aegislash\n|-damage|p2b: Maushold|0 fnt\n|faint|p2b: Maushold\n|move|p1b: Fairynar|Hyper Voice|p2a: Aegislash\n|-damage|p2a: Aegislash|0 fnt\n|faint|p2a: Aegislash\n|\n|win|MerleBirb\n|raw|MerleBirb's rating: 1000 &rarr; <strong>1040</strong><br />(+40 for winning)\n|raw|Hunterfeil's rating: 1000 &rarr; <strong>1000</strong><br />(+0 for losing)\n|l|\u2606Hunterfeil\n|player|p2|\n|c|\u2606MerleBirb|gg\n",
  "uploadtime": 1775887933,
  "views": 12,
  "formatid": "gen9championsvgc2026regma",
  "rating": 1000,
  "private": 0,
  "password": null
}