{
  "id": "gen9championsvgc2026regma-2582878201",
  "format": "[Gen 9 Champions] VGC 2026 Reg M-A",
  "players": [
    "h2obama",
    "heblebla"
  ],
  "log": "|j|\u2606h2obama\n|j|\u2606heblebla\n|t:|1776121381\n|gametype|doubles\n|player|p1|h2obama|266|1208\n|player|p2|heblebla|fisherman-gen4|1135\n|gen|9\n|tier|[Gen 9 Champions] VGC 2026 Reg M-A\n|rated|\n|rule|Species Clause: Limit one of each Pok\u00e9mon\n|rule|Item Clause: Limit 1 of each item\n|clearpoke\n|poke|p1|Kleavor, L50, F|\n|poke|p1|Talonflame, L50, M|\n|poke|p1|Basculegion, L50, M|\n|poke|p1|Scovillain, L50, M|\n|poke|p1|Kingambit, L50, M|\n|poke|p1|Hydreigon, L50, M|\n|poke|p2|Starmie, L50|\n|poke|p2|Incineroar, L50, F|\n|poke|p2|Archaludon, L50, M|\n|poke|p2|Sinistcha, L50|\n|poke|p2|Basculegion, L50, M|\n|poke|p2|Pelipper, L50, F|\n|teampreview|4\n|\n|t:|1776121402\n|teamsize|p1|4\n|teamsize|p2|4\n|start\n|switch|p1a: Talonflame|Talonflame, L50, M|100/100\n|switch|p1b: Kleavor|Kleavor, L50, F|100/100\n|switch|p2a: Incineroar|Incineroar, L50, F|100/100\n|switch|p2b: Starmie|Starmie, L50|100/100\n|-ability|p2a: Incineroar|Intimidate|boost\n|-unboost|p1a: Talonflame|atk|1\n|-unboost|p1b: Kleavor|atk|1\n|turn|1\n|\n|t:|1776121421\n|detailschange|p2b: Starmie|Starmie-Mega, L50\n|-mega|p2b: Starmie|Starmie|Starminite\n|move|p1a: Talonflame|Quick Guard|p1a: Talonflame\n|-singleturn|p1a: Talonflame|Quick Guard\n|move|p2a: Incineroar|Fake Out|p1b: Kleavor\n|-activate|p1b: Kleavor|move: Quick Guard\n|move|p2b: Starmie|Aqua Jet|p1a: Talonflame\n|-activate|p1a: Talonflame|move: Quick Guard\n|move|p1b: Kleavor|X-Scissor|p2b: Starmie\n|-supereffective|p2b: Starmie|1\n|-crit|p2b: Starmie\n|-damage|p2b: Starmie|0 fnt\n|faint|p2b: Starmie\n|\n|upkeep\n|c|\u2606heblebla|i deadass didnt know that was a move\n|c|\u2606heblebla|gahdam\n|\n|t:|1776121453\n|switch|p2b: Pelipper|Pelipper, L50, F|100/100\n|-weather|RainDance|[from] ability: Drizzle|[of] p2b: Pelipper\n|turn|2\n|c|\u2606h2obama|Lol not a lot of people consider it\n|\n|t:|1776121470\n|move|p1a: Talonflame|Tailwind|p1a: Talonflame\n|-sidestart|p1: h2obama|move: Tailwind\n|move|p1b: Kleavor|Stone Axe|p2b: Pelipper\n|-supereffective|p2b: Pelipper|1\n|-damage|p2b: Pelipper|2/100\n|-sidestart|p2: heblebla|move: Stealth Rock\n|move|p2b: Pelipper|Tailwind|p2b: Pelipper\n|-sidestart|p2: heblebla|move: Tailwind\n|move|p2a: Incineroar|Parting Shot|p1b: Kleavor\n|-unboost|p1b: Kleavor|atk|1\n|-unboost|p1b: Kleavor|spa|1\n|l|\u2606h2obama\n|player|p1|\n|\n|t:|1776121548\n|switch|p2a: Archaludon|Archaludon, L50, M|100/100|[from] Parting Shot\n|-damage|p2a: Archaludon|94/100|[from] Stealth Rock\n|\n|-weather|RainDance|[upkeep]\n|-heal|p2a: Archaludon|100/100|[from] item: Leftovers\n|upkeep\n|turn|3\n|j|\u2606h2obama\n|player|p1|h2obama|266|\n|\n|t:|1776121557\n|move|p2b: Pelipper|Wide Guard|p2b: Pelipper\n|-singleturn|p2b: Pelipper|Wide Guard\n|move|p1a: Talonflame|Hurricane|p2b: Pelipper\n|-damage|p2b: Pelipper|0 fnt\n|faint|p2b: Pelipper\n|move|p1b: Kleavor|Close Combat|p2a: Archaludon\n|-supereffective|p2a: Archaludon|1\n|-damage|p2a: Archaludon|64/100\n|-unboost|p1b: Kleavor|def|1\n|-unboost|p1b: Kleavor|spd|1\n|-ability|p2a: Archaludon|Stamina|boost\n|-boost|p2a: Archaludon|def|1\n|move|p2a: Archaludon|Electro Shot||[still]\n|-prepare|p2a: Archaludon|Electro Shot\n|-boost|p2a: Archaludon|spa|1\n|-anim|p2a: Archaludon|Electro Shot|p1a: Talonflame\n|-supereffective|p1a: Talonflame|1\n|-enditem|p1a: Talonflame|Focus Sash\n|-damage|p1a: Talonflame|1/100\n|\n|-weather|RainDance|[upkeep]\n|-heal|p2a: Archaludon|70/100|[from] item: Leftovers\n|upkeep\n|\n|t:|1776121567\n|switch|p2b: Incineroar|Incineroar, L50, F|100/100\n|-damage|p2b: Incineroar|75/100|[from] Stealth Rock\n|-ability|p2b: Incineroar|Intimidate|boost\n|-unboost|p1a: Talonflame|atk|1\n|-unboost|p1b: Kleavor|atk|1\n|turn|4\n|\n|t:|1776121582\n|move|p2a: Archaludon|Protect|p2a: Archaludon\n|-singleturn|p2a: Archaludon|Protect\n|move|p1a: Talonflame|Quick Guard|p1a: Talonflame\n|-singleturn|p1a: Talonflame|Quick Guard\n|move|p1b: Kleavor|Stone Axe|p2b: Incineroar\n|-supereffective|p2b: Incineroar|1\n|-damage|p2b: Incineroar|24/100\n|move|p2b: Incineroar|Darkest Lariat|p1a: Talonflame\n|-damage|p1a: Talonflame|0 fnt\n|faint|p1a: Talonflame\n|\n|-weather|RainDance|[upkeep]\n|-heal|p2a: Archaludon|76/100|[from] item: Leftovers\n|upkeep\n|\n|t:|1776121593\n|switch|p1a: Scovillain|Scovillain, L50, M|100/100\n|turn|5\n|\n|t:|1776121626\n|detailschange|p1a: Scovillain|Scovillain-Mega, L50, M\n|-mega|p1a: Scovillain|Scovillain|Scovillainite\n|move|p1b: Kleavor|Protect|p1b: Kleavor\n|-singleturn|p1b: Kleavor|Protect\n|move|p2a: Archaludon|Electro Shot||[still]\n|-prepare|p2a: Archaludon|Electro Shot\n|-boost|p2a: Archaludon|spa|1\n|-anim|p2a: Archaludon|Electro Shot|p1b: Kleavor\n|-activate|p1b: Kleavor|move: Protect\n|move|p1a: Scovillain|Leech Seed|p2a: Archaludon\n|-start|p2a: Archaludon|move: Leech Seed\n|move|p2b: Incineroar|Darkest Lariat|p1a: Scovillain\n|-damage|p1a: Scovillain|63/100\n|-immune|p2b: Incineroar\n|\n|-weather|RainDance|[upkeep]\n|-heal|p2a: Archaludon|82/100|[from] item: Leftovers\n|-damage|p2a: Archaludon|70/100|[from] Leech Seed|[of] p1a: Scovillain\n|-heal|p1a: Scovillain|77/100|[silent]\n|-sideend|p1: h2obama|move: Tailwind\n|-sideend|p2: heblebla|move: Tailwind\n|upkeep\n|turn|6\n|\n|t:|1776121652\n|move|p1a: Scovillain|Protect|p1a: Scovillain\n|-singleturn|p1a: Scovillain|Protect\n|move|p1b: Kleavor|Close Combat|p2b: Incineroar\n|-supereffective|p2b: Incineroar|1\n|-damage|p2b: Incineroar|0 fnt\n|-unboost|p1b: Kleavor|def|1\n|-unboost|p1b: Kleavor|spd|1\n|faint|p2b: Incineroar\n|move|p2a: Archaludon|Electro Shot||[still]\n|-prepare|p2a: Archaludon|Electro Shot\n|-boost|p2a: Archaludon|spa|1\n|-anim|p2a: Archaludon|Electro Shot|p1b: Kleavor\n|-damage|p1b: Kleavor|0 fnt\n|faint|p1b: Kleavor\n|\n|-weather|none\n|-heal|p2a: Archaludon|76/100|[from] item: Leftovers\n|-damage|p2a: Archaludon|64/100|[from] Leech Seed|[of] p1a: Scovillain\n|-heal|p1a: Scovillain|91/100|[silent]\n|upkeep\n|\n|t:|1776121670\n|switch|p1b: Kingambit|Kingambit, L50, M|100/100\n|turn|7\n|\n|t:|1776121693\n|move|p1a: Scovillain|Rage Powder|p1a: Scovillain\n|-singleturn|p1a: Scovillain|move: Rage Powder\n|move|p2a: Archaludon|Draco Meteor|p1a: Scovillain\n|-damage|p1a: Scovillain|0 fnt\n|-unboost|p2a: Archaludon|spa|2\n|-status|p2a: Archaludon|brn|[from] ability: Spicy Spray|[of] p1a: Scovillain\n|faint|p1a: Scovillain\n|move|p1b: Kingambit|Swords Dance|p1b: Kingambit\n|-boost|p1b: Kingambit|atk|2\n|\n|-heal|p2a: Archaludon|70/100 brn|[from] item: Leftovers\n|-damage|p2a: Archaludon|64/100 brn|[from] brn\n|upkeep\n|turn|8\n|\n|t:|1776121709\n|move|p2a: Archaludon|Protect|p2a: Archaludon\n|-singleturn|p2a: Archaludon|Protect\n|move|p1b: Kingambit|Protect||[still]\n|-fail|p1b: Kingambit\n|\n|-heal|p2a: Archaludon|70/100 brn|[from] item: Leftovers\n|-damage|p2a: Archaludon|64/100 brn|[from] brn\n|upkeep\n|turn|9\n|\n|t:|1776121724\n|move|p1b: Kingambit|Sucker Punch|p2a: Archaludon\n|-damage|p2a: Archaludon|16/100 brn\n|-ability|p2a: Archaludon|Stamina|boost\n|-boost|p2a: Archaludon|def|1\n|move|p2a: Archaludon|Flash Cannon|p1b: Kingambit\n|-resisted|p1b: Kingambit|1\n|-damage|p1b: Kingambit|73/100\n|-unboost|p1b: Kingambit|spd|1\n|-ability|p1b: Kingambit|Defiant|boost\n|-boost|p1b: Kingambit|atk|2\n|\n|-heal|p2a: Archaludon|22/100 brn|[from] item: Leftovers\n|-damage|p2a: Archaludon|16/100 brn|[from] brn\n|upkeep\n|turn|10\n|\n|t:|1776121738\n|move|p1b: Kingambit|Protect|p1b: Kingambit\n|-singleturn|p1b: Kingambit|Protect\n|move|p2a: Archaludon|Draco Meteor|p1b: Kingambit\n|-activate|p1b: Kingambit|move: Protect\n|\n|-heal|p2a: Archaludon|22/100 brn|[from] item: Leftovers\n|-damage|p2a: Archaludon|16/100 brn|[from] brn\n|upkeep\n|turn|11\n|\n|t:|1776121756\n|move|p2a: Archaludon|Protect|p2a: Archaludon\n|-singleturn|p2a: Archaludon|Protect\n|move|p1b: Kingambit|Sucker Punch||[still]\n|-fail|p1b: Kingambit\n|\n|-heal|p2a: Archaludon|22/100 brn|[from] item: Leftovers\n|-damage|p2a: Archaludon|16/100 brn|[from] brn\n|upkeep\n|turn|12\n|l|\u2606h2obama\n|player|p1|\n|j|\u2606h2obama\n|player|p1|h2obama|266|\n|\n|t:|1776121809\n|move|p1b: Kingambit|Sucker Punch|p2a: Archaludon\n|-damage|p2a: Archaludon|0 fnt\n|faint|p2a: Archaludon\n|\n|win|h2obama\n|raw|h2obama's rating: 1208 &rarr; <strong>1228</strong><br />(+20 for winning)\n|raw|heblebla's rating: 1135 &rarr; <strong>1115</strong><br />(-20 for losing)\n|l|\u2606heblebla\n|player|p2|\n|c|\u2606h2obama|gg wp\n",
  "uploadtime": 1776121817,
  "views": 30,
  "formatid": "gen9championsvgc2026regma",
  "rating": 1115,
  "private": 0,
  "password": null
}