{
  "id": "gen9championsvgc2026regma-2581171039",
  "format": "[Gen 9 Champions] VGC 2026 Reg M-A",
  "players": [
    "roherto",
    "sodarist"
  ],
  "log": "|j|\u2606roherto\n|j|\u2606sodarist\n|t:|1775966842\n|gametype|doubles\n|player|p1|roherto|hilbert|1119\n|player|p2|sodarist|steven|1048\n|gen|9\n|tier|[Gen 9 Champions] VGC 2026 Reg M-A\n|rated|\n|rule|Species Clause: Limit one of each Pok\u00e9mon\n|rule|Item Clause: Limit 1 of each item\n|clearpoke\n|poke|p1|Venusaur, L50, F|\n|poke|p1|Charizard, L50, M|\n|poke|p1|Krookodile, L50, F|\n|poke|p1|Rotom-Wash, L50|\n|poke|p1|Corviknight, L50, M|\n|poke|p1|Sneasler, L50, M|\n|poke|p2|Incineroar, L50, M|\n|poke|p2|Whimsicott, L50, F|\n|poke|p2|Torkoal, L50, F|\n|poke|p2|Venusaur, L50, F|\n|poke|p2|Farigiraf, L50, F|\n|poke|p2|Rotom-Wash, L50|\n|teampreview|4\n|inactive|Battle timer is ON: inactive players will automatically lose when time's up. (requested by roherto)\n|\n|t:|1775966897\n|teamsize|p1|4\n|teamsize|p2|4\n|start\n|switch|p1a: Charizard|Charizard, L50, M|100/100\n|switch|p1b: Sneasler|Sneasler, L50, M|100/100\n|switch|p2a: Farigiraf|Farigiraf, L50, F|100/100\n|switch|p2b: Incineroar|Incineroar, L50, M|100/100\n|-ability|p2b: Incineroar|Intimidate|boost\n|-unboost|p1a: Charizard|atk|1\n|-unboost|p1b: Sneasler|atk|1\n|turn|1\n|\n|t:|1775966914\n|detailschange|p1a: Charizard|Charizard-Mega-X, L50, M\n|-mega|p1a: Charizard|Charizard|Charizardite X\n|move|p2b: Incineroar|Fake Out|p1b: Sneasler\n|-damage|p1b: Sneasler|81/100\n|cant|p1b: Sneasler|flinch\n|move|p1a: Charizard|Rock Slide|p2a: Farigiraf|[spread] p2a,p2b\n|-supereffective|p2b: Incineroar|1\n|-damage|p2a: Farigiraf|87/100\n|-damage|p2b: Incineroar|73/100\n|move|p2a: Farigiraf|Trick Room|p2a: Farigiraf\n|-fieldstart|move: Trick Room|[of] p2a: Farigiraf\n|\n|upkeep\n|turn|2\n|inactive|roherto has 30 seconds left.\n|inactive|sodarist has 30 seconds left.\n|\n|t:|1775966941\n|switch|p1b: Krookodile|Krookodile, L50, F|100/100\n|-ability|p1b: Krookodile|Intimidate|boost\n|-unboost|p2a: Farigiraf|atk|1\n|-unboost|p2b: Incineroar|atk|1\n|move|p2a: Farigiraf|Hyper Voice|p1b: Krookodile|[spread] p1a,p1b\n|-damage|p1a: Charizard|60/100\n|-damage|p1b: Krookodile|50/100\n|move|p2b: Incineroar|Parting Shot|p1a: Charizard\n|-unboost|p1a: Charizard|atk|1\n|-unboost|p1a: Charizard|spa|1\n|\n|t:|1775966957\n|switch|p2b: Torkoal|Torkoal, L50, F|100/100|[from] Parting Shot\n|-weather|SunnyDay|[from] ability: Drought|[of] p2b: Torkoal\n|move|p1a: Charizard|Flare Blitz|p2a: Farigiraf\n|-damage|p2a: Farigiraf|18/100\n|-damage|p1a: Charizard|30/100|[from] Recoil\n|\n|-weather|SunnyDay|[upkeep]\n|upkeep\n|turn|3\n|\n|t:|1775966979\n|switch|p1a: Rotom|Rotom-Wash, L50|100/100\n|move|p2b: Torkoal|Body Press|p1b: Krookodile\n|-supereffective|p1b: Krookodile|1\n|-damage|p1b: Krookodile|0 fnt\n|faint|p1b: Krookodile\n|move|p2a: Farigiraf|Hyper Voice|p1a: Rotom\n|-damage|p1a: Rotom|43/100\n|\n|-weather|SunnyDay|[upkeep]\n|upkeep\n|\n|t:|1775966987\n|switch|p1b: Charizard|Charizard-Mega-X, L50, M|30/100\n|turn|4\n|\n|t:|1775967004\n|switch|p2a: Incineroar|Incineroar, L50, M|73/100\n|-ability|p2a: Incineroar|Intimidate|boost\n|-unboost|p1a: Rotom|atk|1\n|-unboost|p1b: Charizard|atk|1\n|move|p2b: Torkoal|Body Press|p1a: Rotom\n|-damage|p1a: Rotom|3/100\n|move|p1b: Charizard|Rock Slide|p2a: Incineroar|[spread] p2a,p2b\n|-supereffective|p2a: Incineroar|1\n|-supereffective|p2b: Torkoal|1\n|-damage|p2a: Incineroar|48/100\n|-damage|p2b: Torkoal|85/100\n|-enditem|p2a: Incineroar|Sitrus Berry|[eat]\n|-heal|p2a: Incineroar|73/100|[from] item: Sitrus Berry\n|move|p1a: Rotom|Trick|p2b: Torkoal\n|-activate|p1a: Rotom|move: Trick|[of] p2b: Torkoal\n|-item|p2b: Torkoal|Choice Scarf|[from] move: Trick\n|-item|p1a: Rotom|Leftovers|[from] move: Trick\n|\n|-weather|SunnyDay|[upkeep]\n|-heal|p1a: Rotom|8/100|[from] item: Leftovers\n|upkeep\n|turn|5\n|\n|t:|1775967027\n|move|p2a: Incineroar|Fake Out|p1a: Rotom\n|-damage|p1a: Rotom|0 fnt\n|faint|p1a: Rotom\n|move|p2b: Torkoal|Body Press|p1b: Charizard\n|-damage|p1b: Charizard|0 fnt\n|faint|p1b: Charizard\n|\n|-weather|SunnyDay|[upkeep]\n|-fieldend|move: Trick Room\n|upkeep\n|-message|roherto forfeited.\n|\n|win|sodarist\n|raw|roherto's rating: 1119 &rarr; <strong>1089</strong><br />(-30 for losing)\n|raw|sodarist's rating: 1048 &rarr; <strong>1087</strong><br />(+39 for winning)\n|l|\u2606roherto\n|player|p1|\n",
  "uploadtime": 1775967037,
  "views": 15,
  "formatid": "gen9championsvgc2026regma",
  "rating": 1087,
  "private": 0,
  "password": null
}