{
  "id": "gen9championsvgc2026regma-2582760717",
  "format": "[Gen 9 Champions] VGC 2026 Reg M-A",
  "players": [
    "febo920",
    "Johten"
  ],
  "log": "|j|\u2606febo920\n|j|\u2606Johten\n|t:|1776112217\n|gametype|doubles\n|player|p1|febo920|2|1135\n|player|p2|Johten|veteran|1196\n|gen|9\n|tier|[Gen 9 Champions] VGC 2026 Reg M-A\n|rated|\n|rule|Species Clause: Limit one of each Pok\u00e9mon\n|rule|Item Clause: Limit 1 of each item\n|clearpoke\n|poke|p1|Dragonite, L50, M|\n|poke|p1|Sneasler, L50, F|\n|poke|p1|Orthworm, L50, M|\n|poke|p1|Delphox, L50, F|\n|poke|p1|Slowking, L50, M|\n|poke|p1|Maushold-Four, L50|\n|poke|p2|Sableye, L50, F|\n|poke|p2|Charizard, L50, F|\n|poke|p2|Gardevoir, L50, M|\n|poke|p2|Milotic, L50, F|\n|poke|p2|Sinistcha, L50|\n|poke|p2|Aerodactyl, L50, M|\n|teampreview|4\n|inactive|Battle timer is ON: inactive players will automatically lose when time's up. (requested by Johten)\n|\n|t:|1776112237\n|teamsize|p1|4\n|teamsize|p2|4\n|start\n|switch|p1a: Slowking|Slowking, L50, M|100/100\n|switch|p1b: Maushold|Maushold-Four, L50|100/100\n|switch|p2a: Sableye|Sableye, L50, F|100/100\n|switch|p2b: Charizard|Charizard, L50, F|100/100\n|turn|1\n|\n|t:|1776112252\n|detailschange|p2b: Charizard|Charizard-Mega-X, L50, F\n|-mega|p2b: Charizard|Charizard|Charizardite X\n|move|p2a: Sableye|Fake Out|p1a: Slowking\n|-damage|p1a: Slowking|96/100\n|move|p1b: Maushold|Population Bomb|p2b: Charizard\n|-damage|p2b: Charizard|95/100\n|-hitcount|p2b: Charizard|1\n|cant|p2b: Charizard|flinch\n|cant|p1a: Slowking|flinch\n|\n|upkeep\n|turn|2\n|\n|t:|1776112266\n|move|p2a: Sableye|Reflect|p2a: Sableye\n|-sidestart|p2: Johten|Reflect\n|move|p1b: Maushold|Population Bomb|p2b: Charizard\n|-damage|p2b: Charizard|90/100\n|-damage|p2b: Charizard|86/100\n|-damage|p2b: Charizard|82/100\n|-damage|p2b: Charizard|78/100\n|-damage|p2b: Charizard|74/100\n|-damage|p2b: Charizard|70/100\n|-damage|p2b: Charizard|67/100\n|-hitcount|p2b: Charizard|7\n|move|p2b: Charizard|Dragon Dance|p2b: Charizard\n|-boost|p2b: Charizard|atk|1\n|-boost|p2b: Charizard|spe|1\n|move|p1a: Slowking|Psychic Terrain|p1a: Slowking\n|-fieldstart|move: Psychic Terrain\n|\n|upkeep\n|turn|3\n|inactive|Johten has 30 seconds left.\n|\n|t:|1776112293\n|switch|p2a: Sinistcha|Sinistcha, L50|100/100\n|-heal|p2b: Charizard|92/100|[from] ability: Hospitality|[of] p2a: Sinistcha\n|move|p2b: Charizard|Flare Blitz|p1b: Maushold\n|-damage|p1b: Maushold|0 fnt\n|faint|p1b: Maushold\n|-damage|p2b: Charizard|56/100|[from] Recoil\n|move|p1a: Slowking|Foul Play|p2b: Charizard\n|-crit|p2b: Charizard\n|-damage|p2b: Charizard|0 fnt\n|faint|p2b: Charizard\n|\n|upkeep\n|\n|t:|1776112309\n|switch|p1b: Delphox|Delphox, L50, F|100/100\n|switch|p2b: Aerodactyl|Aerodactyl, L50, M|100/100\n|-ability|p2b: Aerodactyl|Unnerve\n|turn|4\n|\n|t:|1776112321\n|move|p2b: Aerodactyl|Wide Guard|p2b: Aerodactyl\n|-singleturn|p2b: Aerodactyl|Wide Guard\n|move|p1b: Delphox|Expanding Force|p2a: Sinistcha|[spread] \n|-activate|p2a: Sinistcha|move: Wide Guard\n|-activate|p2b: Aerodactyl|move: Wide Guard\n|move|p2a: Sinistcha|Matcha Gotcha|p1b: Delphox|[spread] p1a\n|-miss|p2a: Sinistcha|p1b: Delphox\n|-supereffective|p1a: Slowking|1\n|-damage|p1a: Slowking|62/100\n|move|p1a: Slowking|Heal Pulse|p1b: Delphox\n|-fail|p1b: Delphox|heal\n|\n|upkeep\n|turn|5\n|inactive|febo920 has 30 seconds left.\n|\n|t:|1776112356\n|detailschange|p1b: Delphox|Delphox-Mega, L50, F\n|-mega|p1b: Delphox|Delphox|Delphoxite\n|move|p2a: Sinistcha|Rage Powder|p2a: Sinistcha\n|-singleturn|p2a: Sinistcha|move: Rage Powder\n|move|p1b: Delphox|Expanding Force|p2a: Sinistcha\n|-damage|p2a: Sinistcha|54/100\n|move|p2b: Aerodactyl|Rock Slide|p1a: Slowking|[spread] p1a,p1b\n|-supereffective|p1b: Delphox|1\n|-damage|p1a: Slowking|41/100\n|-damage|p1b: Delphox|18/100\n|cant|p1a: Slowking|flinch\n|\n|upkeep\n|turn|6\n|\n|t:|1776112373\n|switch|p2a: Sableye|Sableye, L50, F|100/100\n|move|p1b: Delphox|Heat Wave|p2b: Aerodactyl|[spread] p2a\n|-miss|p1b: Delphox|p2b: Aerodactyl\n|-damage|p2a: Sableye|56/100\n|-status|p2a: Sableye|brn\n|move|p2b: Aerodactyl|Rock Slide|p1b: Delphox|[spread] p1a,p1b\n|-supereffective|p1b: Delphox|1\n|-damage|p1a: Slowking|22/100\n|-damage|p1b: Delphox|0 fnt\n|faint|p1b: Delphox\n|move|p1a: Slowking|Heal Pulse|p1: Delphox|[notarget]\n|-fail|p1a: Slowking\n|\n|-damage|p2a: Sableye|50/100 brn|[from] brn\n|-sideend|p2: Johten|Reflect\n|-fieldend|move: Psychic Terrain\n|upkeep\n|\n|t:|1776112390\n|switch|p1b: Sneasler|Sneasler, L50, F|100/100\n|turn|7\n|\n|t:|1776112401\n|move|p1a: Slowking|Helping Hand|p1b: Sneasler\n|-singleturn|p1b: Sneasler|Helping Hand|[of] p1a: Slowking\n|move|p2b: Aerodactyl|Protect|p2b: Aerodactyl\n|-singleturn|p2b: Aerodactyl|Protect\n|move|p2a: Sableye|Reflect|p2a: Sableye\n|-sidestart|p2: Johten|Reflect\n|move|p1b: Sneasler|Dire Claw|p2b: Aerodactyl\n|-activate|p2b: Aerodactyl|move: Protect\n|\n|-damage|p2a: Sableye|44/100 brn|[from] brn\n|upkeep\n|turn|8\n|-message|febo920 forfeited.\n|\n|win|Johten\n|raw|febo920's rating: 1135 &rarr; <strong>1114</strong><br />(-21 for losing)\n|raw|Johten's rating: 1196 &rarr; <strong>1217</strong><br />(+21 for winning)\n|l|\u2606febo920\n|player|p1|\n",
  "uploadtime": 1776112412,
  "views": 25,
  "formatid": "gen9championsvgc2026regma",
  "rating": 1114,
  "private": 0,
  "password": null
}