{
  "id": "gen9championsvgc2026regma-2585527252",
  "format": "[Gen 9 Champions] VGC 2026 Reg M-A",
  "players": [
    "whistlejacket17",
    "BlackDasein"
  ],
  "log": "|j|\u2606whistlejacket17\n|j|\u2606BlackDasein\n|t:|1776353464\n|gametype|doubles\n|player|p1|whistlejacket17|cyrus|1322\n|player|p2|BlackDasein|265|1222\n|gen|9\n|tier|[Gen 9 Champions] VGC 2026 Reg M-A\n|rated|\n|rule|Species Clause: Limit one of each Pok\u00e9mon\n|rule|Item Clause: Limit 1 of each item\n|clearpoke\n|poke|p1|Feraligatr, L50, M|\n|poke|p1|Incineroar, L50, M|\n|poke|p1|Sinistcha, L50|\n|poke|p1|Kingambit, L50, F|\n|poke|p1|Aerodactyl, L50, F|\n|poke|p1|Sneasler, L50, M|\n|poke|p2|Sinistcha, L50|\n|poke|p2|Basculegion, L50, M|\n|poke|p2|Pelipper, L50, M|\n|poke|p2|Kangaskhan, L50, F|\n|poke|p2|Archaludon, L50, F|\n|poke|p2|Greninja-*, L50, M|\n|teampreview|4\n|inactive|Battle timer is ON: inactive players will automatically lose when time's up. (requested by whistlejacket17)\n|\n|t:|1776353509\n|teamsize|p1|4\n|teamsize|p2|4\n|start\n|switch|p1a: Feraligatr|Feraligatr, L50, M|100/100\n|switch|p1b: Sneasler|Sneasler, L50, M|100/100\n|switch|p2a: Kangaskhan|Kangaskhan, L50, F|100/100\n|switch|p2b: Greninja|Greninja, L50, M|100/100\n|turn|1\n|\n|t:|1776353529\n|detailschange|p2b: Greninja|Greninja-Mega, L50, M\n|-mega|p2b: Greninja|Greninja|Greninjite\n|detailschange|p1a: Feraligatr|Feraligatr-Mega, L50, M\n|-mega|p1a: Feraligatr|Feraligatr|Feraligite\n|move|p2a: Kangaskhan|Fake Out|p1a: Feraligatr\n|-damage|p1a: Feraligatr|84/100\n|move|p2b: Greninja|Extrasensory|p1b: Sneasler\n|-start|p2b: Greninja|typechange|Psychic|[from] ability: Protean\n|-supereffective|p1b: Sneasler|2\n|-damage|p1b: Sneasler|0 fnt\n|faint|p1b: Sneasler\n|cant|p1a: Feraligatr|flinch\n|\n|upkeep\n|\n|t:|1776353542\n|switch|p1b: Sinistcha|Sinistcha, L50|100/100\n|-heal|p1a: Feraligatr|100/100|[from] ability: Hospitality|[of] p1b: Sinistcha\n|turn|2\n|\n|t:|1776353557\n|move|p1b: Sinistcha|Rage Powder|p1b: Sinistcha\n|-singleturn|p1b: Sinistcha|move: Rage Powder\n|move|p2b: Greninja|Ice Beam|p1b: Sinistcha\n|-supereffective|p1b: Sinistcha|1\n|-damage|p1b: Sinistcha|26/100\n|move|p1a: Feraligatr|Dragon Dance|p1a: Feraligatr\n|-boost|p1a: Feraligatr|atk|1\n|-boost|p1a: Feraligatr|spe|1\n|move|p2a: Kangaskhan|Double-Edge|p1b: Sinistcha\n|-immune|p1b: Sinistcha\n|\n|-heal|p1b: Sinistcha|32/100|[from] item: Leftovers\n|upkeep\n|turn|3\n|inactive|whistlejacket17 has 30 seconds left.\n|\n|t:|1776353593\n|switch|p1b: Kingambit|Kingambit, L50, F|100/100\n|move|p2b: Greninja|Ice Beam|p1b: Kingambit\n|-resisted|p1b: Kingambit|1\n|-damage|p1b: Kingambit|82/100\n|move|p1a: Feraligatr|Liquidation|p2b: Greninja\n|-damage|p2b: Greninja|0 fnt\n|faint|p2b: Greninja\n|move|p2a: Kangaskhan|Double-Edge|p1a: Feraligatr\n|-damage|p1a: Feraligatr|53/100\n|-damage|p2a: Kangaskhan|88/100|[from] Recoil\n|\n|upkeep\n|\n|t:|1776353607\n|switch|p2b: Basculegion|Basculegion, L50, M|100/100\n|turn|4\n|\n|t:|1776353619\n|switch|p1b: Sinistcha|Sinistcha, L50|32/100\n|-heal|p1a: Feraligatr|78/100|[from] ability: Hospitality|[of] p1b: Sinistcha\n|move|p2b: Basculegion|Flip Turn|p1b: Sinistcha\n|-resisted|p1b: Sinistcha|1\n|-damage|p1b: Sinistcha|11/100\n|\n|t:|1776353626\n|switch|p2b: Sinistcha|Sinistcha, L50|100/100|[from] Flip Turn\n|-heal|p2a: Kangaskhan|100/100|[from] ability: Hospitality|[of] p2b: Sinistcha\n|move|p1a: Feraligatr|Liquidation|p2a: Kangaskhan\n|-damage|p2a: Kangaskhan|13/100\n|move|p2a: Kangaskhan|Double-Edge|p1a: Feraligatr\n|-damage|p1a: Feraligatr|25/100\n|-damage|p2a: Kangaskhan|0 fnt|[from] Recoil\n|faint|p2a: Kangaskhan\n|\n|-heal|p1b: Sinistcha|16/100|[from] item: Leftovers\n|upkeep\n|\n|t:|1776353638\n|switch|p2a: Basculegion|Basculegion, L50, M|100/100\n|turn|5\n|\n|t:|1776353649\n|switch|p1b: Kingambit|Kingambit, L50, F|82/100\n|move|p1a: Feraligatr|Protect|p1a: Feraligatr\n|-singleturn|p1a: Feraligatr|Protect\n|move|p2a: Basculegion|Last Respects|p1a: Feraligatr\n|-activate|p1a: Feraligatr|move: Protect\n|move|p2b: Sinistcha|Matcha Gotcha|p1b: Kingambit|[spread] p1b\n|-activate|p1a: Feraligatr|move: Protect\n|-resisted|p1b: Kingambit|1\n|-damage|p1b: Kingambit|68/100\n|\n|upkeep\n|turn|6\n|\n|t:|1776353672\n|switch|p1a: Sinistcha|Sinistcha, L50|16/100\n|-heal|p1b: Kingambit|93/100|[from] ability: Hospitality|[of] p1a: Sinistcha\n|move|p2b: Sinistcha|Rage Powder|p2b: Sinistcha\n|-singleturn|p2b: Sinistcha|move: Rage Powder\n|move|p1b: Kingambit|Sucker Punch||[still]\n|-fail|p1b: Kingambit\n|move|p2a: Basculegion|Last Respects|p1a: Sinistcha\n|-supereffective|p1a: Sinistcha|1\n|-damage|p1a: Sinistcha|0 fnt\n|faint|p1a: Sinistcha\n|\n|upkeep\n|\n|t:|1776353681\n|switch|p1a: Feraligatr|Feraligatr-Mega, L50, M|25/100\n|turn|7\n|\n|t:|1776353692\n|move|p1a: Feraligatr|Protect|p1a: Feraligatr\n|-singleturn|p1a: Feraligatr|Protect\n|move|p2b: Sinistcha|Rage Powder|p2b: Sinistcha\n|-singleturn|p2b: Sinistcha|move: Rage Powder\n|move|p2a: Basculegion|Last Respects|p1a: Feraligatr\n|-activate|p1a: Feraligatr|move: Protect\n|move|p1b: Kingambit|Kowtow Cleave|p2b: Sinistcha\n|-supereffective|p2b: Sinistcha|1\n|-damage|p2b: Sinistcha|0 fnt\n|faint|p2b: Sinistcha\n|\n|upkeep\n|turn|8\n|\n|t:|1776353705\n|move|p1b: Kingambit|Sucker Punch|p2a: Basculegion\n|-supereffective|p2a: Basculegion|1\n|-damage|p2a: Basculegion|0 fnt\n|faint|p2a: Basculegion\n|\n|win|whistlejacket17\n|raw|whistlejacket17's rating: 1322 &rarr; <strong>1336</strong><br />(+14 for winning)\n|raw|BlackDasein's rating: 1222 &rarr; <strong>1204</strong><br />(-18 for losing)\n|l|\u2606BlackDasein\n|player|p2|\n|c|\u2606whistlejacket17|gg\n",
  "uploadtime": 1776353919,
  "views": 37,
  "formatid": "gen9championsvgc2026regma",
  "rating": 1204,
  "private": 0,
  "password": null
}