{
  "id": "gen9championsvgc2026regma-2585073722",
  "format": "[Gen 9 Champions] VGC 2026 Reg M-A",
  "players": [
    "Dripple3000",
    "Jinxed_lll"
  ],
  "log": "|j|\u2606Dripple3000\n|j|\u2606Jinxed_lll\n|t:|1776309035\n|gametype|doubles\n|player|p1|Dripple3000|ingo|1212\n|player|p2|Jinxed_lll|ltsurge|1196\n|gen|9\n|tier|[Gen 9 Champions] VGC 2026 Reg M-A\n|rated|\n|rule|Species Clause: Limit one of each Pok\u00e9mon\n|rule|Item Clause: Limit 1 of each item\n|clearpoke\n|poke|p1|Pelipper, L50, M|\n|poke|p1|Basculegion, L50, M|\n|poke|p1|Archaludon, L50, F|\n|poke|p1|Aegislash, L50, F|\n|poke|p1|Gengar, L50, M|\n|poke|p1|Whimsicott, L50, M|\n|poke|p2|Blastoise, L50, M|\n|poke|p2|Pelipper, L50, F|\n|poke|p2|Sneasler, L50, F|\n|poke|p2|Basculegion, L50, M|\n|poke|p2|Sinistcha, L50|\n|poke|p2|Orthworm, L50, F|\n|teampreview|4\n|inactive|Battle timer is ON: inactive players will automatically lose when time's up. (requested by Dripple3000)\n|inactive|Jinxed_lll has 60 seconds left.\n|\n|t:|1776309080\n|teamsize|p1|4\n|teamsize|p2|4\n|start\n|switch|p1a: Atem|Gengar, L50, M, shiny|100/100\n|switch|p1b: Gamma|Whimsicott, L50, M|100/100\n|switch|p2a: Worm|Orthworm, L50, F, shiny|100/100\n|switch|p2b: Yuji|Sneasler, L50, F, shiny|100/100\n|turn|1\n|inactive|Jinxed_lll has 30 seconds left.\n|\n|t:|1776309113\n|detailschange|p1a: Atem|Gengar-Mega, L50, M, shiny\n|-mega|p1a: Atem|Gengar|Gengarite\n|move|p1a: Atem|Shadow Ball|p2b: Yuji\n|-damage|p2b: Yuji|34/100\n|move|p2b: Yuji|U-turn|p1a: Atem\n|-resisted|p1a: Atem|2\n|-damage|p1a: Atem|89/100\n|\n|t:|1776309121\n|switch|p2b: Performative|Sinistcha, L50|100/100|[from] U-turn\n|move|p1b: Gamma|Moonblast|p2b: Performative\n|-damage|p2b: Performative|70/100\n|move|p2a: Worm|Shed Tail|p2a: Worm\n|-start|p2a: Worm|Substitute|[from] move: Shed Tail\n|-damage|p2a: Worm|50/100\n|-enditem|p2a: Worm|Sitrus Berry|[eat]\n|-heal|p2a: Worm|75/100|[from] item: Sitrus Berry\n|\n|t:|1776309127\n|switch|p2a: Jane Julliet|Blastoise, L50, M|100/100|[from] Shed Tail\n|\n|upkeep\n|turn|2\n|\n|t:|1776309134\n|move|p2b: Performative|Rage Powder|p2b: Performative\n|-singleturn|p2b: Performative|move: Rage Powder\n|move|p1b: Gamma|Tailwind|p1b: Gamma\n|-sidestart|p1: Dripple3000|move: Tailwind\n|move|p1a: Atem|Shadow Ball|p2b: Performative\n|-supereffective|p2b: Performative|1\n|-damage|p2b: Performative|0 fnt\n|faint|p2b: Performative\n|move|p2a: Jane Julliet|Shell Smash|p2a: Jane Julliet\n|-unboost|p2a: Jane Julliet|def|1\n|-unboost|p2a: Jane Julliet|spd|1\n|-boost|p2a: Jane Julliet|atk|2\n|-boost|p2a: Jane Julliet|spa|2\n|-boost|p2a: Jane Julliet|spe|2\n|\n|upkeep\n|\n|t:|1776309144\n|switch|p2b: Yuji|Sneasler, L50, F, shiny|34/100\n|turn|3\n|\n|t:|1776309157\n|move|p1b: Gamma|Protect|p1b: Gamma\n|-singleturn|p1b: Gamma|Protect\n|move|p2b: Yuji|Fake Out|p1b: Gamma\n|-activate|p1b: Gamma|move: Protect\n|move|p1a: Atem|Shadow Ball|p2b: Yuji\n|-damage|p2b: Yuji|0 fnt\n|faint|p2b: Yuji\n|move|p2a: Jane Julliet|Shell Smash|p2a: Jane Julliet\n|-unboost|p2a: Jane Julliet|def|1\n|-unboost|p2a: Jane Julliet|spd|1\n|-boost|p2a: Jane Julliet|atk|2\n|-boost|p2a: Jane Julliet|spa|2\n|-boost|p2a: Jane Julliet|spe|2\n|\n|upkeep\n|\n|t:|1776309166\n|switch|p2b: Worm|Orthworm, L50, F, shiny|75/100\n|turn|4\n|\n|t:|1776309184\n|move|p1b: Gamma|Encore|p2a: Jane Julliet\n|-start|p2a: Jane Julliet|Encore\n|move|p2a: Jane Julliet|Shell Smash|p2a: Jane Julliet\n|-unboost|p2a: Jane Julliet|def|1\n|-unboost|p2a: Jane Julliet|spd|1\n|-boost|p2a: Jane Julliet|atk|2\n|-boost|p2a: Jane Julliet|spa|2\n|-boost|p2a: Jane Julliet|spe|2\n|move|p1a: Atem|Shadow Ball|p2b: Worm\n|-damage|p2b: Worm|18/100\n|move|p2b: Worm|Coil|p2b: Worm\n|-boost|p2b: Worm|atk|1\n|-boost|p2b: Worm|def|1\n|-boost|p2b: Worm|accuracy|1\n|\n|upkeep\n|turn|5\n|\n|t:|1776309203\n|detailschange|p2a: Jane Julliet|Blastoise-Mega, L50, M\n|-mega|p2a: Jane Julliet|Blastoise|Blastoisinite\n|move|p2a: Jane Julliet|Shell Smash|p2a: Jane Julliet\n|-unboost|p2a: Jane Julliet|def|1\n|-unboost|p2a: Jane Julliet|spd|1\n|-boost|p2a: Jane Julliet|atk|0\n|-boost|p2a: Jane Julliet|spa|0\n|-boost|p2a: Jane Julliet|spe|0\n|move|p1a: Atem|Shadow Ball|p2b: Worm\n|-crit|p2b: Worm\n|-damage|p2b: Worm|0 fnt\n|faint|p2b: Worm\n|move|p1b: Gamma|Moonblast|p2a: Jane Julliet\n|-end|p2a: Jane Julliet|Substitute\n|\n|-sideend|p1: Dripple3000|move: Tailwind\n|upkeep\n|turn|6\n|\n|t:|1776309217\n|move|p1b: Gamma|Encore||[still]\n|-fail|p1b: Gamma\n|move|p2a: Jane Julliet|Shell Smash|p2a: Jane Julliet\n|-unboost|p2a: Jane Julliet|def|1\n|-unboost|p2a: Jane Julliet|spd|1\n|-boost|p2a: Jane Julliet|atk|0\n|-boost|p2a: Jane Julliet|spa|0\n|-boost|p2a: Jane Julliet|spe|0\n|move|p1a: Atem|Shadow Ball|p2a: Jane Julliet\n|-damage|p2a: Jane Julliet|0 fnt\n|faint|p2a: Jane Julliet\n|\n|win|Dripple3000\n|raw|Dripple3000's rating: 1212 &rarr; <strong>1236</strong><br />(+24 for winning)\n|raw|Jinxed_lll's rating: 1196 &rarr; <strong>1172</strong><br />(-24 for losing)\n|l|\u2606Jinxed_lll\n|player|p2|\n",
  "uploadtime": 1776309228,
  "views": 31,
  "formatid": "gen9championsvgc2026regma",
  "rating": 1172,
  "private": 0,
  "password": null
}