{
  "id": "gen9championsvgc2026regma-2584900331",
  "format": "[Gen 9 Champions] VGC 2026 Reg M-A",
  "players": [
    "Krazyhands12345",
    "toxmyself"
  ],
  "log": "|j|\u2606Krazyhands12345\n|j|\u2606toxmyself\n|t:|1776292803\n|gametype|doubles\n|player|p1|Krazyhands12345|1|1284\n|player|p2|toxmyself|norman|1300\n|gen|9\n|tier|[Gen 9 Champions] VGC 2026 Reg M-A\n|rated|\n|rule|Species Clause: Limit one of each Pok\u00e9mon\n|rule|Item Clause: Limit 1 of each item\n|clearpoke\n|poke|p1|Delphox, L50, F|\n|poke|p1|Garchomp, L50, M|\n|poke|p1|Incineroar, L50, M|\n|poke|p1|Rotom-Wash, L50|\n|poke|p1|Sneasler, L50, M|\n|poke|p1|Sinistcha, L50|\n|poke|p2|Charizard, L50, M|\n|poke|p2|Venusaur, L50, M|\n|poke|p2|Incineroar, L50, F|\n|poke|p2|Gardevoir, L50, F|\n|poke|p2|Milotic, L50, M|\n|poke|p2|Whimsicott, L50, M|\n|teampreview|4\n|inactive|Battle timer is ON: inactive players will automatically lose when time's up. (requested by toxmyself)\n|inactive|Krazyhands12345 has 60 seconds left.\n|inactive|toxmyself has 60 seconds left.\n|inactive|toxmyself has 30 seconds left.\n|\n|t:|1776292869\n|teamsize|p1|4\n|teamsize|p2|4\n|start\n|switch|p1a: Garchomp|Garchomp, L50, M|100/100\n|switch|p1b: Delphox|Delphox, L50, F|100/100\n|switch|p2a: Gardevoir|Gardevoir, L50, F|100/100\n|switch|p2b: Incineroar|Incineroar, L50, F|100/100\n|-ability|p2b: Incineroar|Intimidate|boost\n|-unboost|p1a: Garchomp|atk|1\n|-unboost|p1b: Delphox|atk|1\n|turn|1\n|inactive|Krazyhands12345 has 30 seconds left.\n|\n|t:|1776292894\n|move|p1b: Delphox|Protect|p1b: Delphox\n|-singleturn|p1b: Delphox|Protect\n|move|p2b: Incineroar|Fake Out|p1b: Delphox\n|-activate|p1b: Delphox|move: Protect\n|move|p2a: Gardevoir|Moonblast|p1a: Garchomp\n|-supereffective|p1a: Garchomp|1\n|-damage|p1a: Garchomp|10/100\n|move|p1a: Garchomp|Rock Slide|p2b: Incineroar|[spread] p2a,p2b\n|-crit|p2a: Gardevoir\n|-supereffective|p2b: Incineroar|1\n|-damage|p2a: Gardevoir|54/100\n|-damage|p2b: Incineroar|83/100\n|\n|upkeep\n|turn|2\n|\n|t:|1776292910\n|switch|p2a: Milotic|Milotic, L50, M|100/100\n|move|p1a: Garchomp|Rock Slide|p2b: Incineroar|[spread] p2a,p2b\n|-supereffective|p2b: Incineroar|1\n|-damage|p2a: Milotic|89/100\n|-damage|p2b: Incineroar|63/100\n|move|p1b: Delphox|Encore|p2b: Incineroar\n|-start|p2b: Incineroar|Encore\n|cant|p2b: Incineroar|flinch\n|\n|-heal|p2a: Milotic|95/100|[from] item: Leftovers\n|upkeep\n|turn|3\n|\n|t:|1776292930\n|switch|p2b: Whimsicott|Whimsicott, L50, M|100/100\n|detailschange|p1b: Delphox|Delphox-Mega, L50, F\n|-mega|p1b: Delphox|Delphox|Delphoxite\n|move|p1a: Garchomp|Rock Slide|p2b: Whimsicott|[spread] p2a,p2b\n|-damage|p2a: Milotic|86/100\n|-damage|p2b: Whimsicott|87/100\n|move|p1b: Delphox|Psychic|p2b: Whimsicott\n|-damage|p2b: Whimsicott|41/100\n|cant|p2a: Milotic|flinch\n|\n|-heal|p2a: Milotic|92/100|[from] item: Leftovers\n|upkeep\n|turn|4\n|inactive|Krazyhands12345 has 30 seconds left.\n|\n|t:|1776292959\n|switch|p1a: Rotom|Rotom-Wash, L50|100/100\n|move|p2b: Whimsicott|Tailwind|p2b: Whimsicott\n|-sidestart|p2: toxmyself|move: Tailwind\n|move|p2a: Milotic|Ice Beam|p1a: Rotom\n|-resisted|p1a: Rotom|1\n|-damage|p1a: Rotom|89/100\n|move|p1b: Delphox|Heat Wave|p2b: Whimsicott|[spread] p2a,p2b\n|-resisted|p2a: Milotic|1\n|-supereffective|p2b: Whimsicott|1\n|-damage|p2a: Milotic|78/100\n|-damage|p2b: Whimsicott|0 fnt\n|-status|p2a: Milotic|brn\n|faint|p2b: Whimsicott\n|\n|-heal|p2a: Milotic|84/100 brn|[from] item: Leftovers\n|-damage|p2a: Milotic|78/100 brn|[from] brn\n|upkeep\n|\n|t:|1776292971\n|switch|p2b: Incineroar|Incineroar, L50, F|63/100\n|-ability|p2b: Incineroar|Intimidate|boost\n|-unboost|p1a: Rotom|atk|1\n|-unboost|p1b: Delphox|atk|1\n|turn|5\n|\n|t:|1776292984\n|move|p1b: Delphox|Protect|p1b: Delphox\n|-singleturn|p1b: Delphox|Protect\n|move|p1a: Rotom|Protect|p1a: Rotom\n|-singleturn|p1a: Rotom|Protect\n|move|p2a: Milotic|Life Dew|p2a: Milotic|[spread] p2a,p2b\n|-heal|p2a: Milotic|100/100 brn\n|-heal|p2b: Incineroar|88/100\n|move|p2b: Incineroar|Throat Chop|p1b: Delphox\n|-activate|p1b: Delphox|move: Protect\n|\n|-damage|p2a: Milotic|94/100 brn|[from] brn\n|upkeep\n|turn|6\n|inactive|Krazyhands12345 has 30 seconds left.\n|\n|t:|1776293012\n|switch|p2a: Gardevoir|Gardevoir, L50, F|54/100\n|move|p1b: Delphox|Psychic|p2a: Gardevoir\n|-resisted|p2a: Gardevoir|1\n|-damage|p2a: Gardevoir|29/100\n|move|p2b: Incineroar|Throat Chop|p1b: Delphox\n|-supereffective|p1b: Delphox|1\n|-damage|p1b: Delphox|23/100\n|-start|p1b: Delphox|Throat Chop|[silent]\n|move|p1a: Rotom|Thunderbolt|p2a: Gardevoir\n|-crit|p2a: Gardevoir\n|-damage|p2a: Gardevoir|0 fnt\n|faint|p2a: Gardevoir\n|\n|upkeep\n|\n|t:|1776293022\n|switch|p2a: Milotic|Milotic, L50, M|94/100 brn\n|turn|7\n|\n|t:|1776293036\n|move|p1b: Delphox|Protect|p1b: Delphox\n|-singleturn|p1b: Delphox|Protect\n|move|p2a: Milotic|Scald|p1a: Rotom\n|-resisted|p1a: Rotom|1\n|-damage|p1a: Rotom|72/100\n|move|p2b: Incineroar|Throat Chop|p1a: Rotom\n|-damage|p1a: Rotom|39/100\n|-start|p1a: Rotom|Throat Chop|[silent]\n|-enditem|p1a: Rotom|Sitrus Berry|[eat]\n|-heal|p1a: Rotom|64/100|[from] item: Sitrus Berry\n|move|p1a: Rotom|Thunderbolt|p2a: Milotic\n|-supereffective|p2a: Milotic|1\n|-damage|p2a: Milotic|29/100 brn\n|\n|-heal|p2a: Milotic|35/100 brn|[from] item: Leftovers\n|-damage|p2a: Milotic|29/100 brn|[from] brn\n|-end|p1b: Delphox|Throat Chop|[silent]\n|-sideend|p2: toxmyself|move: Tailwind\n|upkeep\n|turn|8\n|\n|t:|1776293052\n|switch|p1b: Sinistcha|Sinistcha, L50, shiny|100/100\n|-heal|p1a: Rotom|89/100|[from] ability: Hospitality|[of] p1b: Sinistcha\n|move|p1a: Rotom|Thunderbolt|p2a: Milotic\n|-supereffective|p2a: Milotic|1\n|-damage|p2a: Milotic|0 fnt\n|faint|p2a: Milotic\n|move|p2b: Incineroar|Throat Chop|p1b: Sinistcha\n|-supereffective|p1b: Sinistcha|1\n|-damage|p1b: Sinistcha|47/100\n|-start|p1b: Sinistcha|Throat Chop|[silent]\n|\n|-end|p1a: Rotom|Throat Chop|[silent]\n|upkeep\n|turn|9\n|c|\u2606toxmyself|gg\n|-message|toxmyself forfeited.\n|\n|win|Krazyhands12345\n|raw|Krazyhands12345's rating: 1284 &rarr; <strong>1310</strong><br />(+26 for winning)\n|raw|toxmyself's rating: 1300 &rarr; <strong>1274</strong><br />(-26 for losing)\n",
  "uploadtime": 1776293063,
  "views": 41,
  "formatid": "gen9championsvgc2026regma",
  "rating": 1274,
  "private": 0,
  "password": null
}