{
  "id": "gen9championsvgc2026regma-2588337990",
  "format": "[Gen 9 Champions] VGC 2026 Reg M-A",
  "players": [
    "pokepeiff",
    "ChickenZX"
  ],
  "log": "|j|\u2606pokepeiff\n|j|\u2606ChickenZX\n|t:|1776625277\n|gametype|doubles\n|player|p1|pokepeiff|li|1323\n|player|p2|ChickenZX|fisherman-gen4|1287\n|gen|9\n|tier|[Gen 9 Champions] VGC 2026 Reg M-A\n|rated|\n|rule|Species Clause: Limit one of each Pok\u00e9mon\n|rule|Item Clause: Limit 1 of each item\n|clearpoke\n|poke|p1|Sableye, L50, F|\n|poke|p1|Empoleon, L50, F|\n|poke|p1|Espathra, L50, M|\n|poke|p1|Garchomp, L50, M|\n|poke|p1|Dragonite, L50, M|\n|poke|p1|Greninja, L50, F|\n|poke|p2|Lopunny, L50, F, shiny|\n|poke|p2|Farigiraf, L50, M, shiny|\n|poke|p2|Torkoal, L50, M|\n|poke|p2|Kingambit, L50, M|\n|poke|p2|Kommo-o, L50, F|\n|poke|p2|Delphox, L50, F|\n|teampreview|4\n|inactive|Battle timer is ON: inactive players will automatically lose when time's up. (requested by pokepeiff)\n|inactive|pokepeiff has 60 seconds left.\n|\n|t:|1776625336\n|teamsize|p1|4\n|teamsize|p2|4\n|start\n|switch|p1a: Sableye|Sableye, L50, F|100/100\n|switch|p1b: Espathra|Espathra, L50, M|100/100\n|switch|p2a: Lopunny|Lopunny, L50, F, shiny|100/100\n|switch|p2b: Kommo-o|Kommo-o, L50, F|100/100\n|turn|1\n|\n|t:|1776625358\n|detailschange|p2a: Lopunny|Lopunny-Mega, L50, F, shiny\n|-mega|p2a: Lopunny|Lopunny|Lopunnite\n|move|p2a: Lopunny|Fake Out|p1b: Espathra\n|-damage|p1b: Espathra|65/100\n|move|p1a: Sableye|Gravity|p1a: Sableye\n|-fieldstart|move: Gravity\n|cant|p1b: Espathra|flinch\n|move|p2b: Kommo-o|Clangorous Soul|p2b: Kommo-o\n|-boost|p2b: Kommo-o|atk|1\n|-boost|p2b: Kommo-o|def|1\n|-boost|p2b: Kommo-o|spa|1\n|-boost|p2b: Kommo-o|spd|1\n|-boost|p2b: Kommo-o|spe|1\n|-damage|p2b: Kommo-o|68/100\n|\n|-heal|p2b: Kommo-o|74/100|[from] item: Leftovers\n|-ability|p1b: Espathra|Speed Boost|boost\n|-boost|p1b: Espathra|spe|1\n|upkeep\n|turn|2\n|inactive|ChickenZX has 30 seconds left.\n|\n|t:|1776625385\n|switch|p2a: Farigiraf|Farigiraf, L50, M, shiny|100/100\n|move|p1a: Sableye|Reflect|p1a: Sableye\n|-sidestart|p1: pokepeiff|Reflect\n|move|p1b: Espathra|Hypnosis|p2b: Kommo-o\n|-status|p2b: Kommo-o|slp|[from] move: Hypnosis\n|cant|p2b: Kommo-o|slp\n|\n|-heal|p2b: Kommo-o|80/100 slp|[from] item: Leftovers\n|-ability|p1b: Espathra|Speed Boost|boost\n|-boost|p1b: Espathra|spe|1\n|upkeep\n|turn|3\n|\n|t:|1776625409\n|switch|p1a: Greninja|Greninja, L50, F|100/100\n|move|p1b: Espathra|Calm Mind|p1b: Espathra\n|-boost|p1b: Espathra|spa|1\n|-boost|p1b: Espathra|spd|1\n|cant|p2b: Kommo-o|slp\n|move|p2a: Farigiraf|Trick Room|p2a: Farigiraf\n|-fieldstart|move: Trick Room|[of] p2a: Farigiraf\n|\n|-heal|p2b: Kommo-o|86/100 slp|[from] item: Leftovers\n|-ability|p1b: Espathra|Speed Boost|boost\n|-boost|p1b: Espathra|spe|1\n|upkeep\n|turn|4\n|\n|t:|1776625425\n|detailschange|p1a: Greninja|Greninja-Mega, L50, F\n|-mega|p1a: Greninja|Greninja|Greninjite\n|move|p2a: Farigiraf|Hyper Voice|p1a: Greninja|[spread] p1a,p1b\n|-damage|p1a: Greninja|47/100\n|-damage|p1b: Espathra|27/100\n|-curestatus|p2b: Kommo-o|slp|[msg]\n|move|p2b: Kommo-o|Clanging Scales|p1a: Greninja|[spread] p1a,p1b\n|-damage|p1a: Greninja|0 fnt\n|-damage|p1b: Espathra|0 fnt\n|faint|p1a: Greninja\n|faint|p1b: Espathra\n|-unboost|p2b: Kommo-o|def|1\n|\n|-heal|p2b: Kommo-o|92/100|[from] item: Leftovers\n|upkeep\n|\n|t:|1776625434\n|switch|p1b: Garchomp|Garchomp, L50, M|100/100\n|switch|p1a: Sableye|Sableye, L50, F|100/100\n|turn|5\n|-message|pokepeiff forfeited.\n|\n|win|ChickenZX\n|raw|pokepeiff's rating: 1323 &rarr; <strong>1301</strong><br />(-22 for losing)\n|raw|ChickenZX's rating: 1287 &rarr; <strong>1315</strong><br />(+28 for winning)\n|l|\u2606pokepeiff\n|player|p1|\n",
  "uploadtime": 1776625447,
  "views": 12,
  "formatid": "gen9championsvgc2026regma",
  "rating": 1301,
  "private": 0,
  "password": null
}