{
  "id": "gen9championsvgc2026regma-2588631128",
  "format": "[Gen 9 Champions] VGC 2026 Reg M-A",
  "players": [
    "Tat10F",
    "slimeslatt252"
  ],
  "log": "|j|\u2606Tat10F\n|j|\u2606slimeslatt252\n|t:|1776651901\n|gametype|doubles\n|player|p1|Tat10F|clair|1490\n|player|p2|slimeslatt252|101|1592\n|gen|9\n|tier|[Gen 9 Champions] VGC 2026 Reg M-A\n|rated|\n|rule|Species Clause: Limit one of each Pok\u00e9mon\n|rule|Item Clause: Limit 1 of each item\n|clearpoke\n|poke|p1|Venusaur, L50, M, shiny|\n|poke|p1|Tyranitar, L50, F|\n|poke|p1|Excadrill, L50, F|\n|poke|p1|Corviknight, L50, F, shiny|\n|poke|p1|Rotom-Heat, L50|\n|poke|p1|Basculegion, L50, M|\n|poke|p2|Floette-Eternal, L50, F|\n|poke|p2|Delphox, L50, F|\n|poke|p2|Garchomp, L50, F|\n|poke|p2|Talonflame, L50, F|\n|poke|p2|Kingambit, L50, M|\n|poke|p2|Sneasler, L50, F|\n|teampreview|4\n|inactive|Battle timer is ON: inactive players will automatically lose when time's up. (requested by slimeslatt252)\n|inactive|Tat10F has 60 seconds left.\n|\n|t:|1776651931\n|teamsize|p1|4\n|teamsize|p2|4\n|start\n|switch|p1a: Basculegion|Basculegion, L50, M|100/100\n|switch|p1b: Rotom|Rotom-Heat, L50|100/100\n|switch|p2a: Delphox|Delphox, L50, F|100/100\n|switch|p2b: Garchomp|Garchomp, L50, F|100/100\n|turn|1\n|\n|t:|1776651948\n|switch|p2a: Kingambit|Kingambit, L50, M|100/100\n|move|p2b: Garchomp|Rock Slide|p1b: Rotom|[spread] p1a,p1b\n|-supereffective|p1b: Rotom|1\n|-damage|p1a: Basculegion|72/100\n|-damage|p1b: Rotom|62/100\n|move|p1a: Basculegion|Flip Turn|p2b: Garchomp\n|-damage|p2b: Garchomp|63/100\n|-damage|p1a: Basculegion|59/100|[from] ability: Rough Skin|[of] p2b: Garchomp\n|\n|t:|1776651959\n|switch|p1a: Corviknight|Corviknight, L50, F, shiny|100/100|[from] Flip Turn\n|move|p1b: Rotom|Will-O-Wisp|p2b: Garchomp\n|-status|p2b: Garchomp|brn\n|\n|-heal|p1b: Rotom|68/100|[from] item: Leftovers\n|-damage|p2b: Garchomp|57/100 brn|[from] brn\n|upkeep\n|turn|2\n|\n|t:|1776651978\n|move|p2a: Kingambit|Protect|p2a: Kingambit\n|-singleturn|p2a: Kingambit|Protect\n|move|p2b: Garchomp|Rock Slide|p1b: Rotom|[spread] p1a,p1b\n|-supereffective|p1b: Rotom|1\n|-damage|p1a: Corviknight|94/100\n|-damage|p1b: Rotom|51/100\n|move|p1b: Rotom|Will-O-Wisp|p2a: Kingambit\n|-activate|p2a: Kingambit|move: Protect\n|move|p1a: Corviknight|Tailwind|p1a: Corviknight\n|-sidestart|p1: Tat10F|move: Tailwind\n|\n|-heal|p1b: Rotom|57/100|[from] item: Leftovers\n|-damage|p2b: Garchomp|51/100 brn|[from] brn\n|upkeep\n|turn|3\n|\n|t:|1776651996\n|move|p2b: Garchomp|Rock Slide|p1b: Rotom|[spread] p1a,p1b\n|-supereffective|p1b: Rotom|1\n|-damage|p1a: Corviknight|86/100\n|-damage|p1b: Rotom|38/100\n|move|p1b: Rotom|Volt Switch|p2a: Kingambit\n|-damage|p2a: Kingambit|78/100\n|\n|t:|1776652006\n|switch|p1b: Venusaur|Venusaur, L50, M, shiny|100/100|[from] Volt Switch\n|cant|p1a: Corviknight|flinch\n|move|p2a: Kingambit|Kowtow Cleave|p1b: Venusaur\n|-damage|p1b: Venusaur|35/100\n|\n|-damage|p2b: Garchomp|46/100 brn|[from] brn\n|upkeep\n|turn|4\n|\n|t:|1776652026\n|detailschange|p1b: Venusaur|Venusaur-Mega, L50, M, shiny\n|-mega|p1b: Venusaur|Venusaur|Venusaurite\n|move|p1b: Venusaur|Protect|p1b: Venusaur\n|-singleturn|p1b: Venusaur|Protect\n|move|p2a: Kingambit|Protect|p2a: Kingambit\n|-singleturn|p2a: Kingambit|Protect\n|move|p2b: Garchomp|Rock Slide|p1a: Corviknight|[spread] p1a\n|-activate|p1b: Venusaur|move: Protect\n|-damage|p1a: Corviknight|80/100\n|move|p1a: Corviknight|Iron Defense|p1a: Corviknight\n|-boost|p1a: Corviknight|def|2\n|\n|-damage|p2b: Garchomp|40/100 brn|[from] brn\n|upkeep\n|turn|5\n|inactive|Tat10F has 30 seconds left.\n|\n|t:|1776652052\n|switch|p1b: Rotom|Rotom-Heat, L50|38/100\n|move|p2a: Kingambit|Sucker Punch||[still]\n|-fail|p2a: Kingambit\n|move|p2b: Garchomp|Rock Slide|p1a: Corviknight|[spread] p1a,p1b\n|-supereffective|p1b: Rotom|1\n|-damage|p1a: Corviknight|76/100\n|-damage|p1b: Rotom|20/100\n|move|p1a: Corviknight|Body Press|p2b: Garchomp\n|-damage|p2b: Garchomp|0 fnt\n|-damage|p1a: Corviknight|63/100|[from] ability: Rough Skin|[of] p2b: Garchomp\n|faint|p2b: Garchomp\n|\n|-heal|p1b: Rotom|26/100|[from] item: Leftovers\n|-sideend|p1: Tat10F|move: Tailwind\n|upkeep\n|\n|t:|1776652064\n|switch|p2b: Delphox|Delphox, L50, F|100/100\n|turn|6\n|\n|t:|1776652076\n|detailschange|p2b: Delphox|Delphox-Mega, L50, F\n|-mega|p2b: Delphox|Delphox|Delphoxite\n|move|p2a: Kingambit|Protect|p2a: Kingambit\n|-singleturn|p2a: Kingambit|Protect\n|move|p2b: Delphox|Psychic|p1b: Rotom\n|-damage|p1b: Rotom|0 fnt\n|faint|p1b: Rotom\n|move|p1a: Corviknight|Tailwind|p1a: Corviknight\n|-sidestart|p1: Tat10F|move: Tailwind\n|\n|upkeep\n|\n|t:|1776652095\n|switch|p1b: Venusaur|Venusaur-Mega, L50, M, shiny|35/100\n|turn|7\n|\n|t:|1776652103\n|move|p1b: Venusaur|Protect|p1b: Venusaur\n|-singleturn|p1b: Venusaur|Protect\n|move|p2a: Kingambit|Sucker Punch|p1a: Corviknight\n|-damage|p1a: Corviknight|47/100\n|move|p1a: Corviknight|Body Press|p2a: Kingambit\n|-supereffective|p2a: Kingambit|2\n|-damage|p2a: Kingambit|0 fnt\n|faint|p2a: Kingambit\n|move|p2b: Delphox|Heat Wave|p1b: Venusaur|[spread] p1a\n|-activate|p1b: Venusaur|move: Protect\n|-supereffective|p1a: Corviknight|1\n|-enditem|p1a: Corviknight|Occa Berry|[eat]\n|-enditem|p1a: Corviknight|Occa Berry|[weaken]\n|-damage|p1a: Corviknight|10/100\n|\n|upkeep\n|\n|t:|1776652110\n|switch|p2a: Sneasler|Sneasler, L50, F|100/100\n|turn|8\n|\n|t:|1776652128\n|move|p2a: Sneasler|Fake Out|p1a: Corviknight\n|-resisted|p1a: Corviknight|1\n|-damage|p1a: Corviknight|8/100\n|cant|p1a: Corviknight|flinch\n|move|p1b: Venusaur|Earth Power|p2a: Sneasler\n|-supereffective|p2a: Sneasler|1\n|-damage|p2a: Sneasler|27/100\n|move|p2b: Delphox|Substitute|p2b: Delphox\n|-start|p2b: Delphox|Substitute\n|-damage|p2b: Delphox|76/100\n|\n|upkeep\n|turn|9\n|\n|t:|1776652152\n|move|p2b: Delphox|Protect|p2b: Delphox\n|-singleturn|p2b: Delphox|Protect\n|move|p2a: Sneasler|Protect|p2a: Sneasler\n|-singleturn|p2a: Sneasler|Protect\n|move|p1a: Corviknight|Roost|p1a: Corviknight\n|-heal|p1a: Corviknight|58/100\n|-singleturn|p1a: Corviknight|move: Roost\n|move|p1b: Venusaur|Earth Power|p2a: Sneasler\n|-activate|p2a: Sneasler|move: Protect\n|\n|-sideend|p1: Tat10F|move: Tailwind\n|upkeep\n|turn|10\n|\n|t:|1776652172\n|move|p2b: Delphox|Heat Wave|p1b: Venusaur|[spread] p1a,p1b\n|-supereffective|p1a: Corviknight|1\n|-supereffective|p1b: Venusaur|1\n|-damage|p1a: Corviknight|0 fnt\n|-damage|p1b: Venusaur|6/100\n|-status|p1b: Venusaur|brn\n|faint|p1a: Corviknight\n|move|p2a: Sneasler|Close Combat|p1b: Venusaur\n|-resisted|p1b: Venusaur|1\n|-damage|p1b: Venusaur|0 fnt\n|-unboost|p2a: Sneasler|def|1\n|-unboost|p2a: Sneasler|spd|1\n|faint|p1b: Venusaur\n|-enditem|p2a: Sneasler|White Herb\n|-clearnegativeboost|p2a: Sneasler|[silent]\n|\n|upkeep\n|-message|Tat10F forfeited.\n|\n|win|slimeslatt252\n|raw|Tat10F's rating: 1490 &rarr; <strong>1476</strong><br />(-14 for losing)\n|raw|slimeslatt252's rating: 1592 &rarr; <strong>1606</strong><br />(+14 for winning)\n|l|\u2606Tat10F\n|player|p1|\n",
  "uploadtime": 1776652223,
  "views": 5,
  "formatid": "gen9championsvgc2026regma",
  "rating": 1476,
  "private": 0,
  "password": null
}