{
  "id": "gen9championsvgc2026regma-2584412301",
  "format": "[Gen 9 Champions] VGC 2026 Reg M-A",
  "players": [
    "PokeJo123",
    "soapeggs"
  ],
  "log": "|j|\u2606PokeJo123\n|j|\u2606soapeggs\n|t:|1776259025\n|gametype|doubles\n|player|p1|PokeJo123|102|1122\n|player|p2|soapeggs|1|1132\n|gen|9\n|tier|[Gen 9 Champions] VGC 2026 Reg M-A\n|rated|\n|rule|Species Clause: Limit one of each Pok\u00e9mon\n|rule|Item Clause: Limit 1 of each item\n|clearpoke\n|poke|p1|Delphox, L50, F|\n|poke|p1|Garchomp, L50, F|\n|poke|p1|Decidueye-Hisui, L50, M|\n|poke|p1|Rotom-Wash, L50|\n|poke|p1|Clefable, L50, M|\n|poke|p1|Kingambit, L50, M|\n|poke|p2|Tyranitar, L50, M|\n|poke|p2|Garchomp, L50, M|\n|poke|p2|Tinkaton, L50, F|\n|poke|p2|Gyarados, L50, F|\n|poke|p2|Hydreigon, L50, M|\n|poke|p2|Excadrill, L50, M|\n|teampreview|4\n|inactive|Battle timer is ON: inactive players will automatically lose when time's up. (requested by soapeggs)\n|inactive|PokeJo123 has 60 seconds left.\n|inactive|soapeggs has 60 seconds left.\n|inactive|PokeJo123 has 30 seconds left.\n|\n|t:|1776259087\n|teamsize|p1|4\n|teamsize|p2|4\n|start\n|switch|p1a: Decidueye|Decidueye-Hisui, L50, M|100/100\n|switch|p1b: Clefable|Clefable, L50, M|100/100\n|switch|p2a: Tyranitar|Tyranitar, L50, M|100/100\n|switch|p2b: Hydreigon|Hydreigon, L50, M|100/100\n|-weather|Sandstorm|[from] ability: Sand Stream|[of] p2a: Tyranitar\n|turn|1\n|inactive|soapeggs has 30 seconds left.\n|inactive|soapeggs has 20 seconds left.\n|inactive|soapeggs has 15 seconds left.\n|inactive|soapeggs has 10 seconds left.\n|\n|t:|1776259133\n|switch|p2b: Garchomp|Garchomp, L50, M|100/100\n|move|p2a: Tyranitar|Protect|p2a: Tyranitar\n|-singleturn|p2a: Tyranitar|Protect\n|move|p1b: Clefable|Follow Me|p1b: Clefable\n|-singleturn|p1b: Clefable|move: Follow Me\n|move|p1a: Decidueye|Triple Arrows|p2a: Tyranitar\n|-activate|p2a: Tyranitar|move: Protect\n|\n|-weather|Sandstorm|[upkeep]\n|-damage|p1b: Clefable|95/100|[from] Sandstorm\n|-damage|p1a: Decidueye|94/100|[from] Sandstorm\n|upkeep\n|turn|2\n|inactive|PokeJo123 has 30 seconds left.\n|\n|t:|1776259164\n|switch|p2a: Excadrill|Excadrill, L50, M|100/100\n|move|p2b: Garchomp|Substitute|p2b: Garchomp\n|-start|p2b: Garchomp|Substitute\n|-damage|p2b: Garchomp|76/100\n|move|p1a: Decidueye|Triple Arrows|p2a: Excadrill\n|-supereffective|p2a: Excadrill|1\n|-crit|p2a: Excadrill\n|-enditem|p2a: Excadrill|Focus Sash\n|-damage|p2a: Excadrill|1/100\n|-unboost|p2a: Excadrill|def|1\n|move|p1b: Clefable|Moonblast|p2b: Garchomp|[miss]\n|-miss|p1b: Clefable|p2b: Garchomp\n|\n|-weather|Sandstorm|[upkeep]\n|-damage|p1b: Clefable|89/100|[from] Sandstorm\n|-damage|p1a: Decidueye|88/100|[from] Sandstorm\n|upkeep\n|turn|3\n|inactive|PokeJo123 has 30 seconds left.\n|inactive|soapeggs has 30 seconds left.\n|inactive|PokeJo123 has 20 seconds left.\n|inactive|PokeJo123 has 15 seconds left.\n|inactive|PokeJo123 has 10 seconds left.\n|inactive|PokeJo123 has 5 seconds left.\n|\n|t:|1776259216\n|move|p1a: Decidueye|Protect|p1a: Decidueye\n|-singleturn|p1a: Decidueye|Protect\n|move|p2a: Excadrill|Rock Slide|p1a: Decidueye|[spread] p1b\n|-activate|p1a: Decidueye|move: Protect\n|-damage|p1b: Clefable|61/100\n|move|p2b: Garchomp|Swords Dance|p2b: Garchomp\n|-boost|p2b: Garchomp|atk|2\n|move|p1b: Clefable|Moonblast|p2b: Garchomp\n|-supereffective|p2b: Garchomp|1\n|-end|p2b: Garchomp|Substitute\n|\n|-weather|Sandstorm|[upkeep]\n|-damage|p1a: Decidueye|82/100|[from] Sandstorm\n|-damage|p1b: Clefable|55/100|[from] Sandstorm\n|upkeep\n|turn|4\n|inactive|PokeJo123 has 30 seconds left.\n|inactive|soapeggs has 30 seconds left.\n|\n|t:|1776259244\n|move|p2a: Excadrill|Iron Head|p1a: Decidueye\n|-damage|p1a: Decidueye|33/100\n|move|p2b: Garchomp|Breaking Swipe|p1b: Clefable|[spread] p1a\n|-immune|p1b: Clefable\n|-damage|p1a: Decidueye|0 fnt\n|faint|p1a: Decidueye\n|move|p1b: Clefable|Moonblast|p2a: Excadrill\n|-resisted|p2a: Excadrill|1\n|-damage|p2a: Excadrill|0 fnt\n|faint|p2a: Excadrill\n|\n|-weather|Sandstorm|[upkeep]\n|-damage|p1b: Clefable|50/100|[from] Sandstorm\n|-enditem|p1b: Clefable|Sitrus Berry|[eat]\n|-heal|p1b: Clefable|74/100|[from] item: Sitrus Berry\n|upkeep\n|inactive|PokeJo123 has 30 seconds left.\n|\n|t:|1776259278\n|switch|p2a: Hydreigon|Hydreigon, L50, M|100/100\n|switch|p1a: Rotom|Rotom-Wash, L50|100/100\n|turn|5\n|\n|t:|1776259301\n|move|p2a: Hydreigon|Draco Meteor|p1a: Rotom|[miss]\n|-miss|p2a: Hydreigon|p1a: Rotom\n|move|p2b: Garchomp|Earthquake|p1b: Clefable|[spread] p1b\n|-immune|p2a: Hydreigon|[from] ability: Levitate\n|-immune|p1a: Rotom|[from] ability: Levitate\n|-damage|p1b: Clefable|34/100\n|move|p1a: Rotom|Hydro Pump|p2b: Garchomp\n|-damage|p2b: Garchomp|23/100\n|move|p1b: Clefable|Moonblast|p2b: Garchomp\n|-supereffective|p2b: Garchomp|1\n|-damage|p2b: Garchomp|0 fnt\n|faint|p2b: Garchomp\n|\n|-weather|none\n|upkeep\n|\n|t:|1776259314\n|switch|p2b: Tyranitar|Tyranitar, L50, M|100/100\n|-weather|Sandstorm|[from] ability: Sand Stream|[of] p2b: Tyranitar\n|turn|6\n|\n|t:|1776259328\n|move|p2a: Hydreigon|Draco Meteor|p1a: Rotom|[miss]\n|-miss|p2a: Hydreigon|p1a: Rotom\n|move|p1a: Rotom|Will-O-Wisp|p2b: Tyranitar|[miss]\n|-miss|p1a: Rotom|p2b: Tyranitar\n|move|p2b: Tyranitar|Dragon Dance|p2b: Tyranitar\n|-boost|p2b: Tyranitar|atk|1\n|-boost|p2b: Tyranitar|spe|1\n|move|p1b: Clefable|Moonblast|p2a: Hydreigon\n|-supereffective|p2a: Hydreigon|2\n|-damage|p2a: Hydreigon|0 fnt\n|faint|p2a: Hydreigon\n|\n|-weather|Sandstorm|[upkeep]\n|-damage|p1a: Rotom|95/100|[from] Sandstorm\n|-damage|p1b: Clefable|28/100|[from] Sandstorm\n|-heal|p1a: Rotom|100/100|[from] item: Leftovers\n|upkeep\n|turn|7\n|\n|t:|1776259349\n|detailschange|p2b: Tyranitar|Tyranitar-Mega, L50, M\n|-mega|p2b: Tyranitar|Tyranitar|Tyranitarite\n|move|p2b: Tyranitar|Rock Slide|p1a: Rotom|[spread] p1a,p1b\n|-damage|p1a: Rotom|37/100\n|-damage|p1b: Clefable|0 fnt\n|faint|p1b: Clefable\n|cant|p1a: Rotom|flinch\n|\n|-weather|Sandstorm|[upkeep]\n|-damage|p1a: Rotom|32/100|[from] Sandstorm\n|-heal|p1a: Rotom|37/100|[from] item: Leftovers\n|upkeep\n|\n|t:|1776259357\n|switch|p1b: Garchomp|Garchomp, L50, F|100/100\n|turn|8\n|\n|t:|1776259373\n|move|p1b: Garchomp|Earthquake|p2b: Tyranitar|[spread] p2b\n|-immune|p1a: Rotom|[from] ability: Levitate\n|-supereffective|p2b: Tyranitar|1\n|-damage|p2b: Tyranitar|46/100\n|move|p2b: Tyranitar|Rock Slide|p1a: Rotom|[spread] p1a,p1b\n|-resisted|p1b: Garchomp|1\n|-crit|p1b: Garchomp\n|-damage|p1a: Rotom|0 fnt\n|-damage|p1b: Garchomp|58/100\n|faint|p1a: Rotom\n|\n|-weather|Sandstorm|[upkeep]\n|upkeep\n|turn|9\n|n|!soapeggs|soapeggs\n|l|!soapeggs\n|inactive|soapeggs disconnected and has a minute to reconnect!\n|player|p2|\n|inactive|soapeggs has 30 seconds left.\n|inactive|soapeggs has 20 seconds left.\n|inactive|soapeggs has 15 seconds left.\n|inactive|soapeggs has 10 seconds left.\n|inactive|soapeggs has 5 seconds left.\n|-message|soapeggs lost due to inactivity.\n|\n|win|PokeJo123\n",
  "uploadtime": 1776259381,
  "views": 18,
  "formatid": "gen9championsvgc2026regma",
  "rating": null,
  "private": 0,
  "password": null
}