{
  "id": "gen9championsvgc2026regma-2586084109",
  "format": "[Gen 9 Champions] VGC 2026 Reg M-A",
  "players": [
    "pigronauta",
    "Alcamaster10"
  ],
  "log": "|j|\u2606pigronauta\n|j|\u2606Alcamaster10\n|html|<table width=\"100%\"><tr><td align=\"left\">pigronauta</td><td align=\"right\">Alcamaster10</tr><tr><td align=\"left\"><i class=\"fa fa-circle\"></i> <i class=\"fa fa-circle-o\"></i> </td><td align=\"right\"><i class=\"fa fa-circle-o\"></i> <i class=\"fa fa-circle\"></i> </tr></table>\n|uhtml|bestof|<h2><strong>Game 3</strong> of <a href=\"/game-bestof3-gen9championsvgc2026regma-2586077451\">a best-of-3</a></h2>\n|t:|1776397244\n|gametype|doubles\n|player|p1|pigronauta|169|\n|player|p2|Alcamaster10|marlon|\n|gen|9\n|tier|[Gen 9 Champions] VGC 2026 Reg M-A\n|rule|Species Clause: Limit one of each Pok\u00e9mon\n|rule|Item Clause: Limit 1 of each item\n|raw|<div class=\"infobox\"><details class=\"readmore\" open><summary><strong>1 custom rule:</strong></summary> Best of = 3</details></div>\n|clearpoke\n|poke|p1|Meganium, L50, F|\n|poke|p1|Tyranitar, L50, F|\n|poke|p1|Gyarados, L50, F|\n|poke|p1|Excadrill, L50, M|\n|poke|p1|Corviknight, L50, M|\n|poke|p1|Rotom-Heat, L50|\n|poke|p2|Excadrill, L50, F|\n|poke|p2|Aerodactyl, L50, M|\n|poke|p2|Palafin, L50, M|\n|poke|p2|Arcanine, L50, F|\n|poke|p2|Jolteon, L50, M|\n|poke|p2|Dragonite, L50, M|\n|teampreview|4\npigronauta has agreed to open team sheets.\n|\n|t:|1776397329\n|teamsize|p1|4\n|teamsize|p2|4\n|start\n|switch|p1a: Tyranitar|Tyranitar, L50, F|100/100\n|switch|p1b: Corviknight|Corviknight, L50, M|100/100\n|switch|p2a: Jolteon|Jolteon, L50, M|100/100\n|switch|p2b: PIERO|Dragonite, L50, M, shiny|100/100\n|-weather|Sandstorm|[from] ability: Sand Stream|[of] p1a: Tyranitar\n|turn|1\n|\n|t:|1776397392\n|detailschange|p2b: PIERO|Dragonite-Mega, L50, M, shiny\n|-mega|p2b: PIERO|Dragonite|Dragoninite\n|detailschange|p1a: Tyranitar|Tyranitar-Mega, L50, F\n|-mega|p1a: Tyranitar|Tyranitar|Tyranitarite\n|move|p2a: Jolteon|Protect|p2a: Jolteon\n|-singleturn|p2a: Jolteon|Protect\n|move|p2b: PIERO|Draco Meteor|p1a: Tyranitar\n|-damage|p1a: Tyranitar|62/100\n|-unboost|p2b: PIERO|spa|2\n|move|p1a: Tyranitar|Rock Slide|p2b: PIERO|[spread] p2b\n|-activate|p2a: Jolteon|move: Protect\n|-supereffective|p2b: PIERO|1\n|-damage|p2b: PIERO|69/100\n|move|p1b: Corviknight|Tailwind|p1b: Corviknight\n|-sidestart|p1: pigronauta|move: Tailwind\n|\n|-weather|Sandstorm|[upkeep]\n|-damage|p2a: Jolteon|95/100|[from] Sandstorm\n|-damage|p2b: PIERO|63/100|[from] Sandstorm\n|upkeep\n|turn|2\n|\n|t:|1776397415\n|switch|p1b: Excadrill|Excadrill, L50, M|100/100\n|switch|p2b: Chocman|Palafin, L50, M|100/100\n|move|p2a: Jolteon|Electroweb|p1a: Tyranitar|[spread] p1a\n|-immune|p1b: Excadrill\n|-damage|p1a: Tyranitar|52/100\n|-unboost|p1a: Tyranitar|spe|1\n|move|p1a: Tyranitar|Ice Punch|p2b: Chocman\n|-resisted|p2b: Chocman|1\n|-damage|p2b: Chocman|80/100\n|\n|-weather|Sandstorm|[upkeep]\n|-damage|p2a: Jolteon|89/100|[from] Sandstorm\n|-damage|p2b: Chocman|74/100|[from] Sandstorm\n|upkeep\n|turn|3\n|\n|t:|1776397437\n|switch|p2a: PIERO|Dragonite-Mega, L50, M, shiny|63/100\n|detailschange|p2b: Chocman|Palafin-Hero, L50, M\n|switch|p2b: Arcanine|Arcanine, L50, F|100/100\n|-ability|p2b: Arcanine|Intimidate|boost\n|-unboost|p1a: Tyranitar|atk|1\n|-unboost|p1b: Excadrill|atk|1\n|move|p1a: Tyranitar|Protect|p1a: Tyranitar\n|-singleturn|p1a: Tyranitar|Protect\n|move|p1b: Excadrill|Earthquake|p2a: PIERO|[spread] p2b\n|-activate|p1a: Tyranitar|move: Protect\n|-immune|p2a: PIERO\n|-supereffective|p2b: Arcanine|1\n|-damage|p2b: Arcanine|38/100\n|\n|-weather|Sandstorm|[upkeep]\n|-damage|p2b: Arcanine|32/100|[from] Sandstorm\n|-damage|p2a: PIERO|57/100|[from] Sandstorm\n|-heal|p2b: Arcanine|38/100|[from] item: Leftovers\n|upkeep\n|turn|4\n|\n|t:|1776397464\n|move|p1b: Excadrill|Protect|p1b: Excadrill\n|-singleturn|p1b: Excadrill|Protect\n|move|p2b: Arcanine|Will-O-Wisp|p1a: Tyranitar|[miss]\n|-miss|p2b: Arcanine|p1a: Tyranitar\n|move|p2a: PIERO|Roost|p2a: PIERO\n|-heal|p2a: PIERO|100/100\n|-singleturn|p2a: PIERO|move: Roost\n|move|p1a: Tyranitar|Ice Punch|p2a: PIERO\n|-supereffective|p2a: PIERO|1\n|-damage|p2a: PIERO|83/100\n|\n|-weather|Sandstorm|[upkeep]\n|-damage|p2b: Arcanine|32/100|[from] Sandstorm\n|-damage|p2a: PIERO|77/100|[from] Sandstorm\n|-heal|p2b: Arcanine|38/100|[from] item: Leftovers\n|-sideend|p1: pigronauta|move: Tailwind\n|upkeep\n|turn|5\n|\n|t:|1776397494\n|move|p1b: Excadrill|High Horsepower|p2b: Arcanine\n|-supereffective|p2b: Arcanine|1\n|-damage|p2b: Arcanine|0 fnt\n|faint|p2b: Arcanine\n|move|p2a: PIERO|Roost|p2a: PIERO\n|-heal|p2a: PIERO|100/100\n|-singleturn|p2a: PIERO|move: Roost\n|move|p1a: Tyranitar|Rock Slide|p2a: PIERO\n|-damage|p2a: PIERO|88/100\n|\n|-weather|none\n|upkeep\n|\n|t:|1776397504\n|switch|p2b: Chocman|Palafin-Hero, L50, M|74/100\n|-activate|p2b: Chocman|ability: Zero to Hero\n|turn|6\n|\n|t:|1776397527\n|switch|p1b: Corviknight|Corviknight, L50, M|100/100\n|move|p2b: Chocman|Jet Punch|p1b: Corviknight\n|-damage|p1b: Corviknight|68/100\n|move|p2a: PIERO|Ice Beam|p1b: Corviknight\n|-damage|p1b: Corviknight|37/100\n|-status|p1b: Corviknight|frz\n|move|p1a: Tyranitar|Knock Off|p2a: PIERO\n|-damage|p2a: PIERO|63/100\n|\n|-heal|p1b: Corviknight|43/100 frz|[from] item: Leftovers\n|upkeep\n|turn|7\n|\n|t:|1776397544\n|move|p2b: Chocman|Jet Punch|p1a: Tyranitar\n|-supereffective|p1a: Tyranitar|1\n|-damage|p1a: Tyranitar|1/100\n|move|p2a: PIERO|Roost|p2a: PIERO\n|-heal|p2a: PIERO|100/100\n|-singleturn|p2a: PIERO|move: Roost\n|cant|p1b: Corviknight|frz\n|move|p1a: Tyranitar|Rock Slide|p2b: Chocman|[spread] p2a,p2b\n|-damage|p2a: PIERO|89/100\n|-damage|p2b: Chocman|49/100\n|\n|-heal|p1b: Corviknight|49/100 frz|[from] item: Leftovers\n|upkeep\n|turn|8\n|\n|t:|1776397561\n|move|p1a: Tyranitar|Protect|p1a: Tyranitar\n|-singleturn|p1a: Tyranitar|Protect\n|move|p2b: Chocman|Jet Punch|p1a: Tyranitar\n|-activate|p1a: Tyranitar|move: Protect\n|move|p2a: PIERO|Roost|p2a: PIERO\n|-heal|p2a: PIERO|100/100\n|-singleturn|p2a: PIERO|move: Roost\n|cant|p1b: Corviknight|frz\n|\n|-heal|p1b: Corviknight|55/100 frz|[from] item: Leftovers\n|upkeep\n|turn|9\n|\n|t:|1776397585\n|switch|p1a: Excadrill|Excadrill, L50, M|100/100\n|move|p2b: Chocman|Jet Punch|p1a: Excadrill\n|-supereffective|p1a: Excadrill|1\n|-enditem|p1a: Excadrill|Focus Sash\n|-damage|p1a: Excadrill|1/100\n|move|p2a: PIERO|Thunder|p1b: Corviknight\n|-supereffective|p1b: Corviknight|1\n|-damage|p1b: Corviknight|0 fnt\n|faint|p1b: Corviknight\n|\n|upkeep\n|\n|t:|1776397595\n|switch|p1b: Tyranitar|Tyranitar-Mega, L50, F|1/100\n|-weather|Sandstorm|[from] ability: Sand Stream|[of] p1b: Tyranitar\n|turn|10\n|\n|t:|1776397602\n|move|p1b: Tyranitar|Protect|p1b: Tyranitar\n|-singleturn|p1b: Tyranitar|Protect\n|move|p2b: Chocman|Jet Punch|p1a: Excadrill\n|-supereffective|p1a: Excadrill|1\n|-damage|p1a: Excadrill|0 fnt\n|faint|p1a: Excadrill\n|move|p2a: PIERO|Ice Beam|p1b: Tyranitar\n|-activate|p1b: Tyranitar|move: Protect\n|\n|-weather|Sandstorm|[upkeep]\n|-damage|p2a: PIERO|95/100|[from] Sandstorm\n|-damage|p2b: Chocman|44/100|[from] Sandstorm\n|upkeep\n|\n|t:|1776397607\n|switch|p1a: Rotom|Rotom-Heat, L50|100/100\n|turn|11\n|\n|t:|1776397633\n|move|p2b: Chocman|Jet Punch|p1a: Rotom\n|-supereffective|p1a: Rotom|1\n|-damage|p1a: Rotom|5/100\n|move|p1a: Rotom|Thunderbolt|p2b: Chocman\n|-supereffective|p2b: Chocman|1\n|-damage|p2b: Chocman|0 fnt\n|faint|p2b: Chocman\n|move|p2a: PIERO|Ice Beam|p1b: Tyranitar\n|-damage|p1b: Tyranitar|0 fnt\n|faint|p1b: Tyranitar\n|\n|-weather|Sandstorm|[upkeep]\n|-damage|p1a: Rotom|0 fnt|[from] Sandstorm\n|-damage|p2a: PIERO|89/100|[from] Sandstorm\n|faint|p1a: Rotom\n|\n|win|Alcamaster10\n",
  "uploadtime": 1776397649,
  "views": 18,
  "formatid": "gen9championsvgc2026regma",
  "rating": null,
  "private": 0,
  "password": null
}