{
  "id": "gen9championsvgc2026regma-2586664246",
  "format": "[Gen 9 Champions] VGC 2026 Reg M-A",
  "players": [
    "Lessa_ped",
    "akira33457"
  ],
  "log": "|j|\u2606Lessa_ped\n|j|\u2606akira33457\n|t:|1776450390\n|gametype|doubles\n|player|p1|Lessa_ped|n|1086\n|player|p2|akira33457|170|1101\n|gen|9\n|tier|[Gen 9 Champions] VGC 2026 Reg M-A\n|rated|\n|rule|Species Clause: Limit one of each Pok\u00e9mon\n|rule|Item Clause: Limit 1 of each item\n|clearpoke\n|poke|p1|Archaludon, L50, F|\n|poke|p1|Pelipper, L50, M|\n|poke|p1|Sneasler, L50, M|\n|poke|p1|Incineroar, L50, F|\n|poke|p1|Basculegion, L50, M|\n|poke|p1|Meganium, L50, F|\n|poke|p2|Pelipper, L50, F|\n|poke|p2|Archaludon, L50, F|\n|poke|p2|Basculegion, L50, M|\n|poke|p2|Sneasler, L50, M|\n|poke|p2|Dragonite, L50, M|\n|poke|p2|Sylveon, L50, F|\n|teampreview|4\n|inactive|Battle timer is ON: inactive players will automatically lose when time's up. (requested by akira33457)\n|\n|t:|1776450425\n|teamsize|p1|4\n|teamsize|p2|4\n|start\n|switch|p1a: Sneasler|Sneasler, L50, M, shiny|100/100\n|switch|p1b: Basculegion|Basculegion, L50, M, shiny|100/100\n|switch|p2a: Pelipper|Pelipper, L50, F, shiny|100/100\n|switch|p2b: Sneasler|Sneasler, L50, M|100/100\n|-weather|RainDance|[from] ability: Drizzle|[of] p2a: Pelipper\n|turn|1\n|inactive|Lessa_ped has 30 seconds left.\n|inactive|Lessa_ped has 20 seconds left.\n|\n|t:|1776450462\n|move|p2b: Sneasler|Protect|p2b: Sneasler\n|-singleturn|p2b: Sneasler|Protect\n|move|p1a: Sneasler|Fake Out|p2b: Sneasler\n|-activate|p2b: Sneasler|move: Protect\n|move|p1b: Basculegion|Wave Crash|p2b: Sneasler\n|-activate|p2b: Sneasler|move: Protect\n|move|p2a: Pelipper|Tailwind|p2a: Pelipper\n|-sidestart|p2: akira33457|move: Tailwind\n|\n|-weather|RainDance|[upkeep]\n|upkeep\n|turn|2\n|inactive|Lessa_ped has 30 seconds left.\n|inactive|akira33457 has 30 seconds left.\n|\n|t:|1776450495\n|switch|p2b: Dragonite|Dragonite, L50, M|100/100\n|switch|p1a: Pelipper|Pelipper, L50, M, shiny|100/100\n|move|p1b: Basculegion|Wave Crash|p2b: Dragonite\n|-resisted|p2b: Dragonite|1\n|-damage|p2b: Dragonite|72/100\n|-damage|p1b: Basculegion|92/100|[from] Recoil\n|move|p2a: Pelipper|U-turn|p1b: Basculegion\n|-resisted|p1b: Basculegion|1\n|-damage|p1b: Basculegion|87/100\n|\n|t:|1776450508\n|switch|p2a: Sneasler|Sneasler, L50, M|100/100|[from] U-turn\n|\n|-weather|RainDance|[upkeep]\n|upkeep\n|turn|3\n|inactive|Lessa_ped has 30 seconds left.\n|inactive|Lessa_ped has 20 seconds left.\n|inactive|Lessa_ped has 15 seconds left.\n|\n|t:|1776450548\n|detailschange|p2b: Dragonite|Dragonite-Mega, L50, M\n|-mega|p2b: Dragonite|Dragonite|Dragoninite\n|move|p1b: Basculegion|Protect|p1b: Basculegion\n|-singleturn|p1b: Basculegion|Protect\n|move|p1a: Pelipper|Protect|p1a: Pelipper\n|-singleturn|p1a: Pelipper|Protect\n|move|p2a: Sneasler|Fake Out|p1a: Pelipper\n|-activate|p1a: Pelipper|move: Protect\n|move|p2b: Dragonite|Thunder|p1b: Basculegion\n|-activate|p1b: Basculegion|move: Protect\n|\n|-weather|RainDance|[upkeep]\n|upkeep\n|turn|4\n|inactive|akira33457 has 30 seconds left.\n|\n|t:|1776450574\n|switch|p2a: Pelipper|Pelipper, L50, F, shiny|100/100\n|switch|p1b: Archaludon|Archaludon, L50, F, shiny|100/100\n|move|p2b: Dragonite|Thunder|p1b: Archaludon\n|-resisted|p1b: Archaludon|1\n|-damage|p1b: Archaludon|80/100\n|-ability|p1b: Archaludon|Stamina|boost\n|-boost|p1b: Archaludon|def|1\n|move|p1a: Pelipper|Hurricane|p2a: Pelipper\n|-damage|p2a: Pelipper|35/100\n|\n|-weather|RainDance|[upkeep]\n|-heal|p1b: Archaludon|86/100|[from] item: Leftovers\n|-sideend|p2: akira33457|move: Tailwind\n|upkeep\n|turn|5\n|inactive|akira33457 has 30 seconds left.\n|\n|t:|1776450600\n|move|p2b: Dragonite|Draco Meteor|p1b: Archaludon\n|-damage|p1b: Archaludon|13/100\n|-unboost|p2b: Dragonite|spa|2\n|-ability|p1b: Archaludon|Stamina|boost\n|-boost|p1b: Archaludon|def|1\n|move|p1a: Pelipper|Tailwind|p1a: Pelipper\n|-sidestart|p1: Lessa_ped|move: Tailwind\n|move|p1b: Archaludon|Draco Meteor|p2b: Dragonite\n|-supereffective|p2b: Dragonite|1\n|-damage|p2b: Dragonite|0 fnt\n|-unboost|p1b: Archaludon|spa|2\n|faint|p2b: Dragonite\n|move|p2a: Pelipper|Tailwind|p2a: Pelipper\n|-sidestart|p2: akira33457|move: Tailwind\n|\n|-weather|none\n|-heal|p1b: Archaludon|19/100|[from] item: Leftovers\n|upkeep\n|\n|t:|1776450618\n|switch|p2b: Sneasler|Sneasler, L50, M|100/100\n|turn|6\n|\n|t:|1776450627\n|switch|p2a: Basculegion|Basculegion, L50, M|100/100\n|move|p1b: Archaludon|Protect|p1b: Archaludon\n|-singleturn|p1b: Archaludon|Protect\n|move|p2b: Sneasler|Fake Out|p1b: Archaludon\n|-activate|p1b: Archaludon|move: Protect\n|move|p1a: Pelipper|Hurricane|p2b: Sneasler\n|-supereffective|p2b: Sneasler|1\n|-enditem|p2b: Sneasler|Focus Sash\n|-damage|p2b: Sneasler|1/100\n|\n|-heal|p1b: Archaludon|25/100|[from] item: Leftovers\n|upkeep\n|turn|7\n|inactive|Lessa_ped has 30 seconds left.\n|inactive|Lessa_ped has 20 seconds left.\n|inactive|Lessa_ped has 15 seconds left.\n|inactive|Lessa_ped has 10 seconds left.\n|\n|t:|1776450677\n|switch|p2b: Pelipper|Pelipper, L50, F, shiny|35/100\n|-weather|RainDance|[from] ability: Drizzle|[of] p2b: Pelipper\n|switch|p1a: Sneasler|Sneasler, L50, M, shiny|100/100\n|move|p2a: Basculegion|Wave Crash|p1b: Archaludon\n|-resisted|p1b: Archaludon|1\n|-damage|p1b: Archaludon|5/100\n|-ability|p1b: Archaludon|Stamina|boost\n|-boost|p1b: Archaludon|def|1\n|-damage|p2a: Basculegion|94/100|[from] Recoil\n|move|p1b: Archaludon|Electro Shot||[still]\n|-prepare|p1b: Archaludon|Electro Shot\n|-boost|p1b: Archaludon|spa|1\n|-anim|p1b: Archaludon|Electro Shot|p2b: Pelipper\n|-supereffective|p2b: Pelipper|2\n|-enditem|p2b: Pelipper|Wacan Berry|[eat]\n|-enditem|p2b: Pelipper|Wacan Berry|[weaken]\n|-damage|p2b: Pelipper|0 fnt\n|faint|p2b: Pelipper\n|\n|-weather|RainDance|[upkeep]\n|-heal|p1b: Archaludon|11/100|[from] item: Leftovers\n|upkeep\n|\n|t:|1776450699\n|switch|p2b: Sneasler|Sneasler, L50, M|1/100\n|turn|8\n|inactive|Lessa_ped has 30 seconds left.\n|\n|t:|1776450730\n|switch|p1a: Basculegion|Basculegion, L50, M, shiny|87/100\n|move|p1b: Archaludon|Protect|p1b: Archaludon\n|-singleturn|p1b: Archaludon|Protect\n|move|p2b: Sneasler|Fake Out|p1a: Basculegion\n|-immune|p1a: Basculegion\n|move|p2a: Basculegion|Last Respects|p1b: Archaludon\n|-activate|p1b: Archaludon|move: Protect\n|\n|-weather|RainDance|[upkeep]\n|-heal|p1b: Archaludon|17/100|[from] item: Leftovers\n|-sideend|p2: akira33457|move: Tailwind\n|-sideend|p1: Lessa_ped|move: Tailwind\n|upkeep\n|turn|9\n|\n|t:|1776450747\n|switch|p1b: Pelipper|Pelipper, L50, M, shiny|100/100\n|move|p2b: Sneasler|Protect|p2b: Sneasler\n|-singleturn|p2b: Sneasler|Protect\n|move|p1a: Basculegion|Aqua Jet|p2b: Sneasler\n|-activate|p2b: Sneasler|move: Protect\n|move|p2a: Basculegion|Last Respects|p1a: Basculegion\n|-supereffective|p1a: Basculegion|1\n|-damage|p1a: Basculegion|0 fnt\n|faint|p1a: Basculegion\n|\n|-weather|RainDance|[upkeep]\n|upkeep\n|\n|t:|1776450758\n|switch|p1a: Archaludon|Archaludon, L50, F, shiny|17/100\n|turn|10\n|\n|t:|1776450767\n|move|p1a: Archaludon|Protect|p1a: Archaludon\n|-singleturn|p1a: Archaludon|Protect\n|move|p2a: Basculegion|Last Respects|p1b: Pelipper\n|-enditem|p1b: Pelipper|Focus Sash\n|-damage|p1b: Pelipper|1/100\n|move|p2b: Sneasler|Close Combat|p1a: Archaludon\n|-activate|p1a: Archaludon|move: Protect\n|move|p1b: Pelipper|Tailwind|p1b: Pelipper\n|-sidestart|p1: Lessa_ped|move: Tailwind\n|\n|-weather|RainDance|[upkeep]\n|-heal|p1a: Archaludon|23/100|[from] item: Leftovers\n|upkeep\n|turn|11\n|inactive|Lessa_ped has 30 seconds left.\n|inactive|akira33457 has 30 seconds left.\n|\n|t:|1776450797\n|move|p2a: Basculegion|Aqua Jet|p1b: Pelipper\n|-resisted|p1b: Pelipper|1\n|-damage|p1b: Pelipper|0 fnt\n|faint|p1b: Pelipper\n|move|p1a: Archaludon|Electro Shot||[still]\n|-prepare|p1a: Archaludon|Electro Shot\n|-boost|p1a: Archaludon|spa|1\n|-anim|p1a: Archaludon|Electro Shot|p2a: Basculegion\n|-supereffective|p2a: Basculegion|1\n|-damage|p2a: Basculegion|0 fnt\n|faint|p2a: Basculegion\n|move|p2b: Sneasler|Close Combat|p1a: Archaludon\n|-supereffective|p1a: Archaludon|1\n|-damage|p1a: Archaludon|0 fnt\n|-unboost|p2b: Sneasler|def|1\n|-unboost|p2b: Sneasler|spd|1\n|faint|p1a: Archaludon\n|\n|-weather|none\n|upkeep\n|\n|t:|1776450806\n|switch|p1b: Sneasler|Sneasler, L50, M, shiny|100/100\n|turn|12\n|\n|t:|1776450817\n|move|p1b: Sneasler|Protect|p1b: Sneasler\n|-singleturn|p1b: Sneasler|Protect\n|move|p2b: Sneasler|Protect||[still]\n|-fail|p2b: Sneasler\n|\n|upkeep\n|turn|13\n|\n|t:|1776450827\n|move|p1b: Sneasler|Close Combat|p2b: Sneasler\n|-resisted|p2b: Sneasler|1\n|-damage|p2b: Sneasler|0 fnt\n|-unboost|p1b: Sneasler|def|1\n|-unboost|p1b: Sneasler|spd|1\n|faint|p2b: Sneasler\n|\n|win|Lessa_ped\n|raw|Lessa_ped's rating: 1086 &rarr; <strong>1114</strong><br />(+28 for winning)\n|raw|akira33457's rating: 1101 &rarr; <strong>1075</strong><br />(-26 for losing)\n|c|\u2606Lessa_ped|that was a great match\n",
  "uploadtime": 1776450833,
  "views": 46,
  "formatid": "gen9championsvgc2026regma",
  "rating": 1075,
  "private": 0,
  "password": null
}