{
  "id": "gen9championsvgc2026regma-2580310990",
  "format": "[Gen 9 Champions] VGC 2026 Reg M-A",
  "players": [
    "eriksp",
    "Incineroar456"
  ],
  "log": "|j|\u2606eriksp\n|j|\u2606Incineroar456\n|t:|1775878960\n|gametype|doubles\n|player|p1|eriksp|cynthia-masters4|1000\n|player|p2|Incineroar456|170|1058\n|gen|9\n|tier|[Gen 9 Champions] VGC 2026 Reg M-A\n|rated|\n|rule|Species Clause: Limit one of each Pok\u00e9mon\n|rule|Item Clause: Limit 1 of each item\n|clearpoke\n|poke|p1|Charizard, L50, M|\n|poke|p1|Venusaur, L50, F|\n|poke|p1|Gardevoir, L50, F|\n|poke|p1|Garchomp, L50, M|\n|poke|p1|Incineroar, L50, F|\n|poke|p1|Sneasler, L50, M|\n|poke|p2|Golurk, L50|\n|poke|p2|Slowking-Galar, L50, F|\n|poke|p2|Hydrapple, L50, F|\n|poke|p2|Aggron, L50, F|\n|poke|p2|Torkoal, L50, M|\n|poke|p2|Hatterene, L50, F|\n|teampreview|4\neriksp has agreed to open team sheets.\nIncineroar456 has agreed to open team sheets.\n|showteam|p1|Charizard||CharizarditeY|Blaze|HeatWave,WeatherBall,SolarBeam,Protect|||M|||50|]Venusaur||FocusSash|Chlorophyll|LeafStorm,SludgeBomb,SleepPowder,Protect|||F|||50|]Gardevoir||ChoiceScarf|Telepathy|Moonblast,Psychic,DazzlingGleam,IcyWind|||F|||50|]Garchomp||LumBerry|RoughSkin|DragonClaw,RockSlide,Earthquake,Protect|||M|||50|]Incineroar||SitrusBerry|Intimidate|FlareBlitz,ThroatChop,FakeOut,PartingShot|||F|||50|]Sneasler||WhiteHerb|Unburden|CloseCombat,DireClaw,FakeOut,Protect|||M|||50|\n|showteam|p2|Golurk||Golurkite|NoGuard|Poltergeist,HeadlongRush,Protect,CloseCombat||||||50|]Slowking-Galar||Leftovers|Regenerator|TrickRoom,ChillyReception,SludgeBomb,Protect|||F|||50|]Hydrapple||MiracleSeed|Regenerator|FickleBeam,EarthPower,GigaDrain,Protect|||F|||50|]Aggron||Aggronite|RockHead|IronDefense,Protect,BodyPress,HeavySlam|||F|||50|]Torkoal||Charcoal|Drought|Eruption,Protect,SolarBeam,HeatWave|||M|||50|]Hatterene||FocusSash|MagicBounce|TrickRoom,Protect,DazzlingGleam,Psychic|||F|||50|\n|\n|t:|1775879036\n|teamsize|p1|4\n|teamsize|p2|4\n|start\n|switch|p1a: Charizard|Charizard, L50, M|100/100\n|switch|p1b: Garchomp|Garchomp, L50, M|100/100\n|switch|p2a: Golurk|Golurk, L50|100/100\n|switch|p2b: Slowking|Slowking-Galar, L50, F|100/100\n|turn|1\n|\n|t:|1775879054\n|detailschange|p1a: Charizard|Charizard-Mega-Y, L50, M\n|-mega|p1a: Charizard|Charizard|Charizardite Y\n|-weather|SunnyDay|[from] ability: Drought|[of] p1a: Charizard\n|move|p2a: Golurk|Protect|p2a: Golurk\n|-singleturn|p2a: Golurk|Protect\n|move|p1b: Garchomp|Earthquake|p2a: Golurk|[spread] p2b\n|-activate|p2a: Golurk|move: Protect\n|-immune|p1a: Charizard\n|-supereffective|p2b: Slowking|1\n|-damage|p2b: Slowking|31/100\n|move|p1a: Charizard|Heat Wave|p2b: Slowking|[spread] p2b\n|-activate|p2a: Golurk|move: Protect\n|-damage|p2b: Slowking|0 fnt\n|faint|p2b: Slowking\n|\n|-weather|SunnyDay|[upkeep]\n|upkeep\n|\n|t:|1775879072\n|switch|p2b: Hatterene|Hatterene, L50, F|100/100\n|turn|2\n|\n|t:|1775879095\n|detailschange|p2a: Golurk|Golurk-Mega, L50\n|-mega|p2a: Golurk|Golurk|Golurkite\n|move|p2b: Hatterene|Protect|p2b: Hatterene\n|-singleturn|p2b: Hatterene|Protect\n|move|p1b: Garchomp|Earthquake|p2b: Hatterene|[spread] p2a\n|-activate|p2b: Hatterene|move: Protect\n|-immune|p1a: Charizard\n|-crit|p2a: Golurk\n|-damage|p2a: Golurk|46/100\n|move|p1a: Charizard|Weather Ball|p2b: Hatterene\n|-activate|p2b: Hatterene|move: Protect\n|move|p2a: Golurk|Poltergeist|p1a: Charizard\n|-activate|p1a: Charizard|move: Poltergeist|Charizardite Y\n|-damage|p1a: Charizard|0 fnt\n|faint|p1a: Charizard\n|\n|-weather|SunnyDay|[upkeep]\n|upkeep\n|\n|t:|1775879123\n|switch|p1a: Venusaur|Venusaur, L50, F|100/100\n|turn|3\n|inactive|Battle timer is ON: inactive players will automatically lose when time's up. (requested by eriksp)\n|\n|t:|1775879176\n|move|p1a: Venusaur|Sludge Bomb|p2b: Hatterene\n|-supereffective|p2b: Hatterene|1\n|-damage|p2b: Hatterene|17/100\n|move|p1b: Garchomp|Rock Slide|p2b: Hatterene|[spread] p2b\n|-miss|p1b: Garchomp|p2a: Golurk\n|-damage|p2b: Hatterene|0 fnt\n|faint|p2b: Hatterene\n|move|p2a: Golurk|Headlong Rush|p1a: Venusaur\n|-enditem|p1a: Venusaur|Focus Sash\n|-damage|p1a: Venusaur|1/100\n|-unboost|p2a: Golurk|def|1\n|-unboost|p2a: Golurk|spd|1\n|\n|-weather|SunnyDay|[upkeep]\n|upkeep\n|\n|t:|1775879187\n|switch|p2b: Hydrapple|Hydrapple, L50, F|100/100\n|turn|4\n|inactive|eriksp has 30 seconds left.\n|\n|t:|1775879215\n|move|p2a: Golurk|Protect|p2a: Golurk\n|-singleturn|p2a: Golurk|Protect\n|move|p1a: Venusaur|Sludge Bomb|p2b: Hydrapple\n|-supereffective|p2b: Hydrapple|1\n|-damage|p2b: Hydrapple|24/100\n|-status|p2b: Hydrapple|psn\n|move|p1b: Garchomp|Dragon Claw|p2a: Golurk\n|-activate|p2a: Golurk|move: Protect\n|move|p2b: Hydrapple|Fickle Beam|p1b: Garchomp|[anim] Fickle Beam All Out\n|-activate|p2b: Hydrapple|move: Fickle Beam\n|-supereffective|p1b: Garchomp|1\n|-damage|p1b: Garchomp|0 fnt\n|faint|p1b: Garchomp\n|\n|-weather|SunnyDay|[upkeep]\n|-damage|p2b: Hydrapple|11/100 psn|[from] psn\n|upkeep\n|\n|t:|1775879217\n|switch|p1b: Incineroar|Incineroar, L50, F|100/100\n|-ability|p1b: Incineroar|Intimidate|boost\n|-unboost|p2a: Golurk|atk|1\n|-unboost|p2b: Hydrapple|atk|1\n|turn|5\n|\n|t:|1775879240\n|move|p2b: Hydrapple|Protect|p2b: Hydrapple\n|-singleturn|p2b: Hydrapple|Protect\n|move|p1a: Venusaur|Leaf Storm|p2a: Golurk\n|-supereffective|p2a: Golurk|1\n|-damage|p2a: Golurk|0 fnt\n|-unboost|p1a: Venusaur|spa|2\n|faint|p2a: Golurk\n|move|p1b: Incineroar|Throat Chop|p2b: Hydrapple\n|-activate|p2b: Hydrapple|move: Protect\n|\n|-weather|none\n|-damage|p2b: Hydrapple|0 fnt|[from] psn\n|faint|p2b: Hydrapple\n|\n|win|eriksp\n|raw|eriksp's rating: 1000 &rarr; <strong>1047</strong><br />(+47 for winning)\n|raw|Incineroar456's rating: 1058 &rarr; <strong>1036</strong><br />(-22 for losing)\n",
  "uploadtime": 1775879240,
  "views": 11,
  "formatid": "gen9championsvgc2026regma",
  "rating": 1036,
  "private": 0,
  "password": null
}