{
  "id": "gen9championsvgc2026regma-2587862006",
  "format": "[Gen 9 Champions] VGC 2026 Reg M-A",
  "players": [
    "StrawberryBalloons",
    "riubven"
  ],
  "log": "|j|\u2606StrawberryBalloons\n|j|\u2606riubven\n|t:|1776571807\n|gametype|doubles\n|player|p1|StrawberryBalloons|fisherman-gen4|1313\n|player|p2|riubven|170|1246\n|gen|9\n|tier|[Gen 9 Champions] VGC 2026 Reg M-A\n|rated|\n|rule|Species Clause: Limit one of each Pok\u00e9mon\n|rule|Item Clause: Limit 1 of each item\n|clearpoke\n|poke|p1|Chimecho, L50, M|\n|poke|p1|Skeledirge, L50, M|\n|poke|p1|Milotic, L50, F|\n|poke|p1|Sinistcha, L50|\n|poke|p1|Floette-Eternal, L50, F|\n|poke|p1|Incineroar, L50, M|\n|poke|p2|Milotic, L50, M|\n|poke|p2|Basculegion, L50, M|\n|poke|p2|Sneasler, L50, M|\n|poke|p2|Meganium, L50, F|\n|poke|p2|Archaludon, L50, M|\n|poke|p2|Sableye, L50, F|\n|teampreview|4\n|inactive|Battle timer is ON: inactive players will automatically lose when time's up. (requested by StrawberryBalloons)\n|\n|t:|1776571833\n|teamsize|p1|4\n|teamsize|p2|4\n|start\n|switch|p1a: Floette|Floette-Eternal, L50, F|100/100\n|switch|p1b: Chimecho|Chimecho, L50, M|100/100\n|switch|p2a: Milotic|Milotic, L50, M|100/100\n|switch|p2b: Sneasler|Sneasler, L50, M|100/100\n|turn|1\n|\n|t:|1776571849\n|detailschange|p1b: Chimecho|Chimecho-Mega, L50, M\n|-mega|p1b: Chimecho|Chimecho|Chimechite\n|move|p1a: Floette|Protect|p1a: Floette\n|-singleturn|p1a: Floette|Protect\n|move|p2b: Sneasler|Dire Claw|p1a: Floette\n|-activate|p1a: Floette|move: Protect\n|move|p2a: Milotic|Coil|p2a: Milotic\n|-boost|p2a: Milotic|atk|1\n|-boost|p2a: Milotic|def|1\n|-boost|p2a: Milotic|accuracy|1\n|move|p1b: Chimecho|Cosmic Power|p1b: Chimecho\n|-boost|p1b: Chimecho|def|1\n|-boost|p1b: Chimecho|spd|1\n|\n|upkeep\n|turn|2\n|\n|t:|1776571868\n|move|p2b: Sneasler|Dire Claw|p1a: Floette\n|-supereffective|p1a: Floette|1\n|-damage|p1a: Floette|0 fnt\n|faint|p1a: Floette\n|move|p2a: Milotic|Hypnosis|p1b: Chimecho|[miss]\n|-miss|p2a: Milotic|p1b: Chimecho\n|move|p1b: Chimecho|Cosmic Power|p1b: Chimecho\n|-boost|p1b: Chimecho|def|1\n|-boost|p1b: Chimecho|spd|1\n|\n|upkeep\n|\n|t:|1776571878\n|switch|p1a: Bob|Sinistcha, L50|100/100\n|turn|3\n|\n|t:|1776571897\n|move|p2b: Sneasler|Dire Claw|p1a: Bob\n|-damage|p1a: Bob|58/100\n|move|p2a: Milotic|Hypnosis|p1b: Chimecho\n|-status|p1b: Chimecho|slp|[from] move: Hypnosis\n|move|p1a: Bob|Matcha Gotcha|p2b: Sneasler|[spread] p2a,p2b\n|-supereffective|p2a: Milotic|1\n|-resisted|p2b: Sneasler|1\n|-damage|p2a: Milotic|52/100\n|-heal|p1a: Bob|86/100|[from] drain|[of] p2a: Milotic\n|-damage|p2b: Sneasler|77/100\n|-heal|p1a: Bob|97/100|[from] drain|[of] p2b: Sneasler\n|-status|p2b: Sneasler|brn\n|cant|p1b: Chimecho|slp\n|\n|-heal|p2a: Milotic|58/100|[from] item: Leftovers\n|-damage|p2b: Sneasler|71/100 brn|[from] brn\n|upkeep\n|turn|4\n|inactive|riubven has 30 seconds left.\n|\n|t:|1776571927\n|move|p2b: Sneasler|Close Combat|p1b: Chimecho\n|-damage|p1b: Chimecho|86/100 slp\n|-unboost|p2b: Sneasler|def|1\n|-unboost|p2b: Sneasler|spd|1\n|-enditem|p2b: Sneasler|White Herb\n|-clearnegativeboost|p2b: Sneasler|[silent]\n|move|p2a: Milotic|Muddy Water|p1a: Bob|[spread] p1a,p1b\n|-resisted|p1a: Bob|1\n|-damage|p1a: Bob|77/100\n|-damage|p1b: Chimecho|73/100 slp\n|move|p1a: Bob|Matcha Gotcha|p2b: Sneasler|[spread] p2a,p2b\n|-supereffective|p2a: Milotic|1\n|-resisted|p2b: Sneasler|1\n|-damage|p2a: Milotic|13/100\n|-heal|p1a: Bob|100/100|[from] drain|[of] p2a: Milotic\n|-damage|p2b: Sneasler|47/100 brn\n|cant|p1b: Chimecho|slp\n|\n|-heal|p2a: Milotic|19/100|[from] item: Leftovers\n|-damage|p2b: Sneasler|41/100 brn|[from] brn\n|upkeep\n|turn|5\n|inactive|riubven has 30 seconds left.\n|\n|t:|1776571962\n|move|p2b: Sneasler|Acrobatics|p1a: Bob\n|-supereffective|p1a: Bob|1\n|-damage|p1a: Bob|60/100\n|move|p2a: Milotic|Hypnosis|p1a: Bob|[miss]\n|-miss|p2a: Milotic|p1a: Bob\n|move|p1a: Bob|Matcha Gotcha|p2a: Milotic|[spread] p2a,p2b\n|-supereffective|p2a: Milotic|1\n|-resisted|p2b: Sneasler|1\n|-damage|p2a: Milotic|0 fnt\n|-heal|p1a: Bob|71/100|[from] drain|[of] p2a: Milotic\n|-damage|p2b: Sneasler|19/100 brn\n|-heal|p1a: Bob|81/100|[from] drain|[of] p2b: Sneasler\n|faint|p2a: Milotic\n|-curestatus|p1b: Chimecho|slp|[msg]\n|move|p1b: Chimecho|Baton Pass|p1b: Chimecho\n|\n|t:|1776571977\n|switch|p1b: Skeledirge|Skeledirge, L50, M|100/100|[from] Baton Pass\n|\n|-damage|p2b: Sneasler|13/100 brn|[from] brn\n|upkeep\n|\n|t:|1776571993\n|switch|p2a: Sableye|Sableye, L50, F|100/100\n|turn|6\n|\n|t:|1776572010\n|switch|p1a: Chimecho|Chimecho-Mega, L50, M|73/100\n|move|p2a: Sableye|Rain Dance|p2a: Sableye\n|-weather|RainDance\n|move|p2b: Sneasler|Dire Claw|p1a: Chimecho\n|-immune|p1a: Chimecho\n|move|p1b: Skeledirge|Yawn|p2a: Sableye\n|-start|p2a: Sableye|move: Yawn|[of] p1b: Skeledirge\n|\n|-weather|RainDance|[upkeep]\n|-damage|p2b: Sneasler|8/100 brn|[from] brn\n|upkeep\n|turn|7\n|\n|t:|1776572036\n|switch|p2a: Meganium|Meganium, L50, F|100/100\n|move|p1b: Skeledirge|Protect|p1b: Skeledirge\n|-singleturn|p1b: Skeledirge|Protect\n|move|p2b: Sneasler|Close Combat|p1a: Chimecho\n|-damage|p1a: Chimecho|46/100\n|-unboost|p2b: Sneasler|def|1\n|-unboost|p2b: Sneasler|spd|1\n|move|p1a: Chimecho|Cosmic Power|p1a: Chimecho\n|-boost|p1a: Chimecho|def|1\n|-boost|p1a: Chimecho|spd|1\n|\n|-weather|RainDance|[upkeep]\n|-damage|p2b: Sneasler|2/100 brn|[from] brn\n|upkeep\n|turn|8\n|inactive|riubven has 30 seconds left.\n|\n|t:|1776572067\n|move|p2b: Sneasler|Close Combat|p1a: Chimecho\n|-damage|p1a: Chimecho|27/100\n|-unboost|p2b: Sneasler|def|1\n|-unboost|p2b: Sneasler|spd|1\n|move|p2a: Meganium|Weather Ball|p1b: Skeledirge\n|-supereffective|p1b: Skeledirge|1\n|-damage|p1b: Skeledirge|57/100\n|move|p1b: Skeledirge|Torch Song|p2a: Meganium\n|-supereffective|p2a: Meganium|1\n|-damage|p2a: Meganium|54/100\n|-boost|p1b: Skeledirge|spa|1\n|move|p1a: Chimecho|Recover|p1a: Chimecho\n|-heal|p1a: Chimecho|77/100\n|\n|-weather|RainDance|[upkeep]\n|-damage|p2b: Sneasler|0 fnt|[from] brn\n|faint|p2b: Sneasler\n|upkeep\n|\n|t:|1776572086\n|switch|p2b: Sableye|Sableye, L50, F|100/100\n|turn|9\n|inactive|riubven has 30 seconds left.\n|\n|t:|1776572112\n|move|p2a: Meganium|Weather Ball|p1b: Skeledirge\n|-supereffective|p1b: Skeledirge|1\n|-damage|p1b: Skeledirge|10/100\n|-enditem|p1b: Skeledirge|Sitrus Berry|[eat]\n|-heal|p1b: Skeledirge|35/100|[from] item: Sitrus Berry\n|move|p1b: Skeledirge|Torch Song|p2a: Meganium\n|-supereffective|p2a: Meganium|1\n|-damage|p2a: Meganium|0 fnt\n|-boost|p1b: Skeledirge|spa|1\n|faint|p2a: Meganium\n|move|p1a: Chimecho|Dazzling Gleam|p2b: Sableye\n|-supereffective|p2b: Sableye|1\n|-damage|p2b: Sableye|28/100\n|move|p2b: Sableye|Foul Play|p1b: Skeledirge\n|-supereffective|p1b: Skeledirge|1\n|-damage|p1b: Skeledirge|15/100\n|\n|-weather|RainDance|[upkeep]\n|upkeep\n|turn|10\n|\n|t:|1776572133\n|switch|p1a: Bob|Sinistcha, L50|81/100\n|-heal|p1b: Skeledirge|40/100|[from] ability: Hospitality|[of] p1a: Bob\n|move|p1b: Skeledirge|Shadow Ball|p2b: Sableye\n|-damage|p2b: Sableye|0 fnt\n|faint|p2b: Sableye\n|\n|win|StrawberryBalloons\n|raw|StrawberryBalloons's rating: 1313 &rarr; <strong>1329</strong><br />(+16 for winning)\n|raw|riubven's rating: 1246 &rarr; <strong>1226</strong><br />(-20 for losing)\n|l|\u2606riubven\n|player|p2|\n",
  "uploadtime": 1776572140,
  "views": 20,
  "formatid": "gen9championsvgc2026regma",
  "rating": 1226,
  "private": 0,
  "password": null
}