{
  "id": "gen9championsvgc2026regma-2585934160",
  "format": "[Gen 9 Champions] VGC 2026 Reg M-A",
  "players": [
    "haderxla2zhjkvo44",
    "Shadow_Speed0"
  ],
  "log": "|j|\u2606haderxla2zhjkvo44\n|j|\u2606Shadow_Speed0\n|t:|1776382821\n|gametype|doubles\n|player|p1|haderxla2zhjkvo44|2|1000\n|player|p2|Shadow_Speed0|101|1084\n|gen|9\n|tier|[Gen 9 Champions] VGC 2026 Reg M-A\n|rated|\n|rule|Species Clause: Limit one of each Pok\u00e9mon\n|rule|Item Clause: Limit 1 of each item\n|clearpoke\n|poke|p1|Charizard, L50, M|\n|poke|p1|Venusaur, L50, M|\n|poke|p1|Whimsicott, L50, F|\n|poke|p1|Incineroar, L50, M|\n|poke|p1|Kingambit, L50, F|\n|poke|p1|Garchomp, L50, F|\n|poke|p2|Garganacl, L50, F|\n|poke|p2|Blastoise, L50, F|\n|poke|p2|Sneasler, L50, F|\n|poke|p2|Orthworm, L50, F|\n|poke|p2|Politoed, L50, M|\n|poke|p2|Dragonite, L50, F|\n|teampreview|4\n|inactive|Battle timer is ON: inactive players will automatically lose when time's up. (requested by haderxla2zhjkvo44)\n|\n|t:|1776382849\n|teamsize|p1|4\n|teamsize|p2|4\n|start\n|switch|p1a: Venusaur|Venusaur, L50, M|100/100\n|switch|p1b: Charizard|Charizard, L50, M|100/100\n|switch|p2a: Dragonite|Dragonite, L50, F|100/100\n|switch|p2b: Politoed|Politoed, L50, M|100/100\n|-weather|RainDance|[from] ability: Drizzle|[of] p2b: Politoed\n|turn|1\n|inactive|Shadow_Speed0 has 30 seconds left.\n|inactive|Shadow_Speed0 has 20 seconds left.\n|inactive|Shadow_Speed0 has 15 seconds left.\n|inactive|Shadow_Speed0 has 10 seconds left.\n|\n|t:|1776382895\n|detailschange|p2a: Dragonite|Dragonite-Mega, L50, F\n|-mega|p2a: Dragonite|Dragonite|Dragoninite\n|detailschange|p1b: Charizard|Charizard-Mega-Y, L50, M\n|-mega|p1b: Charizard|Charizard|Charizardite Y\n|-weather|SunnyDay|[from] ability: Drought|[of] p1b: Charizard\n|move|p1a: Venusaur|Energy Ball|p2b: Politoed\n|-supereffective|p2b: Politoed|1\n|-damage|p2b: Politoed|50/100\n|-unboost|p2b: Politoed|spd|1\n|-enditem|p2b: Politoed|Sitrus Berry|[eat]\n|-heal|p2b: Politoed|75/100|[from] item: Sitrus Berry\n|move|p2a: Dragonite|Hurricane|p1a: Venusaur\n|-supereffective|p1a: Venusaur|1\n|-enditem|p1a: Venusaur|Focus Sash\n|-damage|p1a: Venusaur|1/100\n|move|p1b: Charizard|Heat Wave|p2b: Politoed|[spread] p2a\n|-miss|p1b: Charizard|p2b: Politoed\n|-resisted|p2a: Dragonite|1\n|-damage|p2a: Dragonite|89/100\n|move|p2b: Politoed|Weather Ball|p1b: Charizard\n|-resisted|p1b: Charizard|1\n|-damage|p1b: Charizard|77/100\n|\n|-weather|SunnyDay|[upkeep]\n|upkeep\n|turn|2\n|inactive|haderxla2zhjkvo44 has 30 seconds left.\n|inactive|Shadow_Speed0 has 30 seconds left.\n|inactive|haderxla2zhjkvo44 has 20 seconds left.\n|inactive|haderxla2zhjkvo44 has 15 seconds left.\n|inactive|haderxla2zhjkvo44 has 10 seconds left.\n|inactive|haderxla2zhjkvo44 has 5 seconds left.\n|\n|t:|1776382950\n|switch|p2b: Orthworm|Orthworm, L50, F|100/100\n|move|p1a: Venusaur|Earth Power|p2b: Orthworm\n|-immune|p2b: Orthworm|[from] ability: Earth Eater\n|move|p2a: Dragonite|Tailwind|p2a: Dragonite\n|-sidestart|p2: Shadow_Speed0|move: Tailwind\n|move|p1b: Charizard|Heat Wave|p2b: Orthworm|[spread] p2a,p2b\n|-resisted|p2a: Dragonite|1\n|-supereffective|p2b: Orthworm|1\n|-damage|p2a: Dragonite|64/100\n|-damage|p2b: Orthworm|0 fnt\n|faint|p2b: Orthworm\n|\n|-weather|SunnyDay|[upkeep]\n|upkeep\n|\n|t:|1776382962\n|switch|p2b: Politoed|Politoed, L50, M|75/100\n|-weather|RainDance|[from] ability: Drizzle|[of] p2b: Politoed\n|turn|3\n|\n|t:|1776382979\n|move|p2b: Politoed|Protect|p2b: Politoed\n|-singleturn|p2b: Politoed|Protect\n|move|p2a: Dragonite|Thunder|p1b: Charizard\n|-supereffective|p1b: Charizard|1\n|-damage|p1b: Charizard|0 fnt\n|faint|p1b: Charizard\n|move|p1a: Venusaur|Energy Ball|p2b: Politoed\n|-activate|p2b: Politoed|move: Protect\n|\n|-weather|RainDance|[upkeep]\n|upkeep\n|inactive|haderxla2zhjkvo44 has 30 seconds left.\n|inactive|haderxla2zhjkvo44 has 20 seconds left.\n|inactive|haderxla2zhjkvo44 has 15 seconds left.\n|inactive|haderxla2zhjkvo44 has 10 seconds left.\n|inactive|haderxla2zhjkvo44 has 5 seconds left.\n|\n|t:|1776383034\n|switch|p1b: Whimsicott|Whimsicott, L50, F|100/100\n|turn|4\n|inactive|haderxla2zhjkvo44 has 30 seconds left.\n|\n|t:|1776383069\n|move|p2a: Dragonite|Hurricane|p1b: Whimsicott\n|-supereffective|p1b: Whimsicott|1\n|-crit|p1b: Whimsicott\n|-damage|p1b: Whimsicott|0 fnt\n|faint|p1b: Whimsicott\n|move|p2b: Politoed|Encore|p1a: Venusaur\n|-start|p1a: Venusaur|Encore\n|move|p1a: Venusaur|Energy Ball|p2b: Politoed\n|-supereffective|p2b: Politoed|1\n|-damage|p2b: Politoed|23/100\n|\n|-weather|RainDance|[upkeep]\n|upkeep\n|\n|t:|1776383077\n|switch|p1b: Incineroar|Incineroar, L50, M|100/100\n|-ability|p1b: Incineroar|Intimidate|boost\n|-unboost|p2a: Dragonite|atk|1\n|-unboost|p2b: Politoed|atk|1\n|turn|5\n|inactive|haderxla2zhjkvo44 has 30 seconds left.\n|inactive|haderxla2zhjkvo44 has 20 seconds left.\n|inactive|haderxla2zhjkvo44 has 15 seconds left.\n|inactive|haderxla2zhjkvo44 has 10 seconds left.\n|inactive|haderxla2zhjkvo44 has 5 seconds left.\n|\n|t:|1776383132\n|move|p1b: Incineroar|Protect|p1b: Incineroar\n|-singleturn|p1b: Incineroar|Protect\n|move|p2a: Dragonite|Hydro Pump|p1b: Incineroar\n|-activate|p1b: Incineroar|move: Protect\n|move|p2b: Politoed|Weather Ball|p1a: Venusaur\n|-resisted|p1a: Venusaur|1\n|-damage|p1a: Venusaur|0 fnt\n|faint|p1a: Venusaur\n|\n|-weather|RainDance|[upkeep]\n|-sideend|p2: Shadow_Speed0|move: Tailwind\n|upkeep\n|turn|6\n|\n|t:|1776383151\n|move|p2a: Dragonite|Tailwind|p2a: Dragonite\n|-sidestart|p2: Shadow_Speed0|move: Tailwind\n|move|p2b: Politoed|Focus Blast|p1b: Incineroar\n|-supereffective|p1b: Incineroar|1\n|-damage|p1b: Incineroar|12/100\n|-enditem|p1b: Incineroar|Sitrus Berry|[eat]\n|-heal|p1b: Incineroar|37/100|[from] item: Sitrus Berry\n|move|p1b: Incineroar|Flare Blitz|p2b: Politoed\n|-resisted|p2b: Politoed|1\n|-damage|p2b: Politoed|6/100\n|-damage|p1b: Incineroar|31/100|[from] Recoil\n|\n|-weather|RainDance|[upkeep]\n|upkeep\n|turn|7\n|\n|t:|1776383167\n|move|p2a: Dragonite|Hydro Pump|p1b: Incineroar\n|-supereffective|p1b: Incineroar|1\n|-damage|p1b: Incineroar|0 fnt\n|faint|p1b: Incineroar\n|\n|win|Shadow_Speed0\n|raw|haderxla2zhjkvo44's rating: 1000 &rarr; <strong>1000</strong><br />(+0 for losing)\n|raw|Shadow_Speed0's rating: 1084 &rarr; <strong>1105</strong><br />(+21 for winning)\n|c|\u2606Shadow_Speed0|gg\n|l|\u2606haderxla2zhjkvo44\n|player|p1|\n",
  "uploadtime": 1776383281,
  "views": 15,
  "formatid": "gen9championsvgc2026regma",
  "rating": 1000,
  "private": 0,
  "password": null
}