{
  "id": "gen9championsvgc2026regma-2582288319",
  "format": "[Gen 9 Champions] VGC 2026 Reg M-A",
  "players": [
    "Vanillla Ice",
    "faric"
  ],
  "log": "|j|\u2606Vanillla Ice\n|j|\u2606faric\n|t:|1776080084\n|gametype|doubles\n|player|p1|Vanillla Ice|170|1095\n|player|p2|faric|170|1186\n|gen|9\n|tier|[Gen 9 Champions] VGC 2026 Reg M-A\n|rated|\n|rule|Species Clause: Limit one of each Pok\u00e9mon\n|rule|Item Clause: Limit 1 of each item\n|clearpoke\n|poke|p1|Incineroar, L50, F|\n|poke|p1|Tyranitar, L50, M|\n|poke|p1|Floette-Eternal, L50, F|\n|poke|p1|Aegislash, L50, F|\n|poke|p1|Kommo-o, L50, F|\n|poke|p1|Rotom-Wash, L50|\n|poke|p2|Charizard, L50, F|\n|poke|p2|Venusaur, L50, F|\n|poke|p2|Garchomp, L50, M|\n|poke|p2|Rotom-Wash, L50|\n|poke|p2|Incineroar, L50, M|\n|poke|p2|Sneasler, L50, M|\n|teampreview|4\n|inactive|Battle timer is ON: inactive players will automatically lose when time's up. (requested by faric)\n|\n|t:|1776080119\n|teamsize|p1|4\n|teamsize|p2|4\n|start\n|switch|p1a: Incineroar|Incineroar, L50, F|100/100\n|switch|p1b: Kommo-o|Kommo-o, L50, F|100/100\n|switch|p2a: Sneasler|Sneasler, L50, M|100/100\n|switch|p2b: Rotom|Rotom-Wash, L50|100/100\n|-ability|p1a: Incineroar|Intimidate|boost\n|-unboost|p2a: Sneasler|atk|1\n|-unboost|p2b: Rotom|atk|1\n|-enditem|p2a: Sneasler|White Herb\n|-clearnegativeboost|p2a: Sneasler|[silent]\n|turn|1\n|\n|t:|1776080143\n|move|p2a: Sneasler|Fake Out|p1a: Incineroar\n|-damage|p1a: Incineroar|90/100\n|cant|p1a: Incineroar|flinch\n|move|p1b: Kommo-o|Clangorous Soul|p1b: Kommo-o\n|-boost|p1b: Kommo-o|atk|1\n|-boost|p1b: Kommo-o|def|1\n|-boost|p1b: Kommo-o|spa|1\n|-boost|p1b: Kommo-o|spd|1\n|-boost|p1b: Kommo-o|spe|1\n|-damage|p1b: Kommo-o|68/100\n|move|p2b: Rotom|Hydro Pump|p1a: Incineroar\n|-supereffective|p1a: Incineroar|1\n|-damage|p1a: Incineroar|0 fnt\n|faint|p1a: Incineroar\n|\n|-heal|p1b: Kommo-o|74/100|[from] item: Leftovers\n|upkeep\n|\n|t:|1776080156\n|switch|p1a: Floette|Floette-Eternal, L50, F|100/100\n|turn|2\n|\n|t:|1776080167\n|switch|p1a: Tyranitar|Tyranitar, L50, M|100/100\n|-weather|Sandstorm|[from] ability: Sand Stream|[of] p1a: Tyranitar\n|switch|p2b: Incineroar|Incineroar, L50, M|100/100\n|-ability|p2b: Incineroar|Intimidate|boost\n|-unboost|p1a: Tyranitar|atk|1\n|-unboost|p1b: Kommo-o|atk|1\n|move|p2a: Sneasler|Dire Claw|p1a: Tyranitar\n|-resisted|p1a: Tyranitar|1\n|-damage|p1a: Tyranitar|82/100\n|move|p1b: Kommo-o|Clanging Scales|p2b: Incineroar|[spread] p2a,p2b\n|-damage|p2a: Sneasler|21/100\n|-damage|p2b: Incineroar|45/100\n|-enditem|p2b: Incineroar|Sitrus Berry|[eat]\n|-heal|p2b: Incineroar|70/100|[from] item: Sitrus Berry\n|-unboost|p1b: Kommo-o|def|1\n|\n|-weather|Sandstorm|[upkeep]\n|-damage|p2a: Sneasler|15/100|[from] Sandstorm\n|-damage|p2b: Incineroar|64/100|[from] Sandstorm\n|-heal|p1b: Kommo-o|80/100|[from] item: Leftovers\n|upkeep\n|turn|3\n|inactive|faric has 30 seconds left.\n|\n|t:|1776080193\n|move|p1b: Kommo-o|Protect|p1b: Kommo-o\n|-singleturn|p1b: Kommo-o|Protect\n|move|p1a: Tyranitar|Protect|p1a: Tyranitar\n|-singleturn|p1a: Tyranitar|Protect\n|move|p2b: Incineroar|Fake Out|p1b: Kommo-o\n|-activate|p1b: Kommo-o|move: Protect\n|move|p2a: Sneasler|Dire Claw|p1a: Tyranitar\n|-activate|p1a: Tyranitar|move: Protect\n|\n|-weather|Sandstorm|[upkeep]\n|-damage|p2a: Sneasler|10/100|[from] Sandstorm\n|-damage|p2b: Incineroar|58/100|[from] Sandstorm\n|-heal|p1b: Kommo-o|86/100|[from] item: Leftovers\n|upkeep\n|turn|4\n|\n|t:|1776080209\n|switch|p1a: Floette|Floette-Eternal, L50, F|100/100\n|move|p2a: Sneasler|Close Combat|p1a: Floette\n|-resisted|p1a: Floette|1\n|-damage|p1a: Floette|66/100\n|-unboost|p2a: Sneasler|def|1\n|-unboost|p2a: Sneasler|spd|1\n|move|p1b: Kommo-o|Clanging Scales|p2a: Sneasler|[spread] p2a,p2b\n|-damage|p2a: Sneasler|0 fnt\n|-damage|p2b: Incineroar|4/100\n|faint|p2a: Sneasler\n|-unboost|p1b: Kommo-o|def|1\n|move|p2b: Incineroar|Flare Blitz|p1a: Floette\n|-damage|p1a: Floette|0 fnt\n|faint|p1a: Floette\n|-damage|p2b: Incineroar|0 fnt|[from] Recoil\n|faint|p2b: Incineroar\n|\n|-weather|Sandstorm|[upkeep]\n|-heal|p1b: Kommo-o|92/100|[from] item: Leftovers\n|upkeep\n|\n|t:|1776080227\n|switch|p2a: Charizard|Charizard, L50, F|100/100\n|switch|p1a: Tyranitar|Tyranitar, L50, M|82/100\n|switch|p2b: Rotom|Rotom-Wash, L50|100/100\n|turn|5\n|\n|t:|1776080239\n|move|p2a: Charizard|Protect|p2a: Charizard\n|-singleturn|p2a: Charizard|Protect\n|move|p1a: Tyranitar|Protect|p1a: Tyranitar\n|-singleturn|p1a: Tyranitar|Protect\n|move|p1b: Kommo-o|Clanging Scales|p2b: Rotom|[spread] p2b\n|-activate|p2a: Charizard|move: Protect\n|-damage|p2b: Rotom|39/100\n|-unboost|p1b: Kommo-o|def|1\n|move|p2b: Rotom|Hydro Pump|p1a: Tyranitar\n|-activate|p1a: Tyranitar|move: Protect\n|\n|-weather|Sandstorm|[upkeep]\n|-damage|p2a: Charizard|95/100|[from] Sandstorm\n|-damage|p2b: Rotom|34/100|[from] Sandstorm\n|-heal|p1b: Kommo-o|98/100|[from] item: Leftovers\n|-heal|p2b: Rotom|39/100|[from] item: Leftovers\n|upkeep\n|turn|6\n|\n|t:|1776080259\n|detailschange|p2a: Charizard|Charizard-Mega-Y, L50, F\n|-mega|p2a: Charizard|Charizard|Charizardite Y\n|-weather|SunnyDay|[from] ability: Drought|[of] p2a: Charizard\n|move|p2b: Rotom|Protect|p2b: Rotom\n|-singleturn|p2b: Rotom|Protect\n|move|p1b: Kommo-o|Clanging Scales|p2b: Rotom|[spread] p2a\n|-activate|p2b: Rotom|move: Protect\n|-crit|p2a: Charizard\n|-damage|p2a: Charizard|11/100\n|-unboost|p1b: Kommo-o|def|1\n|move|p2a: Charizard|Heat Wave|p1a: Tyranitar|[spread] p1a,p1b\n|-resisted|p1a: Tyranitar|1\n|-resisted|p1b: Kommo-o|1\n|-damage|p1a: Tyranitar|48/100\n|-damage|p1b: Kommo-o|75/100\n|move|p1a: Tyranitar|Rock Slide|p2a: Charizard|[spread] p2a\n|-activate|p2b: Rotom|move: Protect\n|-supereffective|p2a: Charizard|2\n|-damage|p2a: Charizard|0 fnt\n|faint|p2a: Charizard\n|\n|-weather|SunnyDay|[upkeep]\n|-heal|p1b: Kommo-o|81/100|[from] item: Leftovers\n|-heal|p2b: Rotom|45/100|[from] item: Leftovers\n|upkeep\n|turn|7\n|-message|faric forfeited.\n|\n|win|Vanillla Ice\n|raw|Vanillla Ice's rating: 1095 &rarr; <strong>1127</strong><br />(+32 for winning)\n|raw|faric's rating: 1186 &rarr; <strong>1155</strong><br />(-31 for losing)\n|l|\u2606Vanillla Ice\n|player|p1|\n",
  "uploadtime": 1776080284,
  "views": 14,
  "formatid": "gen9championsvgc2026regma",
  "rating": 1127,
  "private": 0,
  "password": null
}