{
  "id": "gen9championsvgc2026regma-2586181760",
  "format": "[Gen 9 Champions] VGC 2026 Reg M-A",
  "players": [
    "T\u67e5\u723e\u65af\u7684\u52dd\u5229Bonezz",
    "pokemi AG"
  ],
  "log": "|j|\u2606T\u67e5\u723e\u65af\u7684\u52dd\u5229Bonezz\n|j|\u2606pokemi AG\n|t:|1776409365\n|gametype|doubles\n|player|p1|T\u67e5\u723e\u65af\u7684\u52dd\u5229Bonezz|169|1161\n|player|p2|pokemi AG|preschoolerf|1179\n|gen|9\n|tier|[Gen 9 Champions] VGC 2026 Reg M-A\n|rated|\n|rule|Species Clause: Limit one of each Pok\u00e9mon\n|rule|Item Clause: Limit 1 of each item\n|clearpoke\n|poke|p1|Ceruledge, L50, M|\n|poke|p1|Arbok, L50, M|\n|poke|p1|Whimsicott, L50, F|\n|poke|p1|Charizard, L50, F|\n|poke|p1|Meganium, L50, F|\n|poke|p1|Tauros-Paldea-Aqua, L50, M|\n|poke|p2|Sneasler, L50, M|\n|poke|p2|Rotom-Wash, L50|\n|poke|p2|Goodra-Hisui, L50, F|\n|poke|p2|Dragonite, L50, M|\n|poke|p2|Skarmory, L50, F|\n|poke|p2|Sableye, L50, M|\n|teampreview|4\n|\n|t:|1776409395\n|teamsize|p1|4\n|teamsize|p2|4\n|start\n|switch|p1a: \u5927\u86c7|Arbok, L50, M|100/100\n|switch|p1b: \u90aa\u60e1\u7684\u96d9\u6301\u5e7d\u9748\u7537|Ceruledge, L50, M|100/100\n|switch|p2a: Skarmory|Skarmory, L50, F|100/100\n|switch|p2b: Sableye|Sableye, L50, M|100/100\n|-ability|p1a: \u5927\u86c7|Intimidate|boost\n|-unboost|p2a: Skarmory|atk|1\n|-unboost|p2b: Sableye|atk|1\n|turn|1\n|\n|t:|1776409427\n|switch|p1b: \u9f8d\u4e4b\u540c\u6027\u6200\uff1a\u5927\u548c\u8ae7|Charizard, L50, F|100/100\n|detailschange|p2a: Skarmory|Skarmory-Mega, L50, F\n|-mega|p2a: Skarmory|Skarmory|Skarmorite\n|move|p2b: Sableye|Fake Out|p1a: \u5927\u86c7\n|-damage|p1a: \u5927\u86c7|94/100\n|move|p2a: Skarmory|Rock Slide|p1a: \u5927\u86c7|[spread] p1a,p1b\n|-supereffective|p1b: \u9f8d\u4e4b\u540c\u6027\u6200\uff1a\u5927\u548c\u8ae7|2\n|-damage|p1a: \u5927\u86c7|77/100\n|-damage|p1b: \u9f8d\u4e4b\u540c\u6027\u6200\uff1a\u5927\u548c\u8ae7|39/100\n|cant|p1a: \u5927\u86c7|flinch\n|\n|-heal|p1a: \u5927\u86c7|83/100|[from] item: Leftovers\n|upkeep\n|turn|2\n|\n|t:|1776409449\n|move|p1b: \u9f8d\u4e4b\u540c\u6027\u6200\uff1a\u5927\u548c\u8ae7|Heat Wave|p2a: Skarmory|[spread] p2a,p2b\n|-supereffective|p2a: Skarmory|1\n|-damage|p2a: Skarmory|26/100\n|-damage|p2b: Sableye|62/100\n|move|p2a: Skarmory|Tailwind|p2a: Skarmory\n|-sidestart|p2: pokemi AG|move: Tailwind\n|move|p2b: Sableye|Rain Dance|p2b: Sableye\n|-weather|RainDance\n|move|p1a: \u5927\u86c7|Coil|p1a: \u5927\u86c7\n|-boost|p1a: \u5927\u86c7|atk|1\n|-boost|p1a: \u5927\u86c7|def|1\n|-boost|p1a: \u5927\u86c7|accuracy|1\n|\n|-weather|RainDance|[upkeep]\n|-heal|p1a: \u5927\u86c7|89/100|[from] item: Leftovers\n|upkeep\n|turn|3\n|\n|t:|1776409471\n|switch|p2b: Goodra|Goodra-Hisui, L50, F|100/100\n|move|p1a: \u5927\u86c7|Sucker Punch|p2a: Skarmory\n|-damage|p2a: Skarmory|5/100\n|move|p2a: Skarmory|Iron Head|p1a: \u5927\u86c7\n|-damage|p1a: \u5927\u86c7|65/100\n|move|p1b: \u9f8d\u4e4b\u540c\u6027\u6200\uff1a\u5927\u548c\u8ae7|Heat Wave|p2a: Skarmory|[spread] p2a,p2b\n|-supereffective|p2a: Skarmory|1\n|-damage|p2a: Skarmory|0 fnt\n|-damage|p2b: Goodra|89/100\n|faint|p2a: Skarmory\n|\n|-weather|RainDance|[upkeep]\n|-heal|p2b: Goodra|95/100|[from] item: Leftovers\n|-heal|p1a: \u5927\u86c7|71/100|[from] item: Leftovers\n|upkeep\n|\n|t:|1776409484\n|switch|p2a: Sneasler|Sneasler, L50, M|100/100\n|turn|4\n|\n|t:|1776409493\n|move|p2a: Sneasler|Fake Out|p1b: \u9f8d\u4e4b\u540c\u6027\u6200\uff1a\u5927\u548c\u8ae7\n|-damage|p1b: \u9f8d\u4e4b\u540c\u6027\u6200\uff1a\u5927\u548c\u8ae7|20/100\n|cant|p1b: \u9f8d\u4e4b\u540c\u6027\u6200\uff1a\u5927\u548c\u8ae7|flinch\n|move|p2b: Goodra|Shelter|p2b: Goodra\n|-boost|p2b: Goodra|def|2\n|move|p1a: \u5927\u86c7|Earthquake|p2a: Sneasler|[spread] p2a,p2b\n|-immune|p1b: \u9f8d\u4e4b\u540c\u6027\u6200\uff1a\u5927\u548c\u8ae7\n|-supereffective|p2a: Sneasler|1\n|-supereffective|p2b: Goodra|1\n|-damage|p2a: Sneasler|19/100\n|-damage|p2b: Goodra|77/100\n|\n|-weather|RainDance|[upkeep]\n|-heal|p2b: Goodra|83/100|[from] item: Leftovers\n|-heal|p1a: \u5927\u86c7|77/100|[from] item: Leftovers\n|upkeep\n|turn|5\n|\n|t:|1776409517\n|move|p2a: Sneasler|Dire Claw|p1b: \u9f8d\u4e4b\u540c\u6027\u6200\uff1a\u5927\u548c\u8ae7\n|-damage|p1b: \u9f8d\u4e4b\u540c\u6027\u6200\uff1a\u5927\u548c\u8ae7|0 fnt\n|faint|p1b: \u9f8d\u4e4b\u540c\u6027\u6200\uff1a\u5927\u548c\u8ae7\n|move|p2b: Goodra|Shelter|p2b: Goodra\n|-boost|p2b: Goodra|def|2\n|move|p1a: \u5927\u86c7|Earthquake|p2a: Sneasler|[spread] p2a,p2b\n|-supereffective|p2a: Sneasler|1\n|-supereffective|p2b: Goodra|1\n|-damage|p2a: Sneasler|0 fnt\n|-damage|p2b: Goodra|70/100\n|faint|p2a: Sneasler\n|\n|-weather|RainDance|[upkeep]\n|-heal|p2b: Goodra|76/100|[from] item: Leftovers\n|-heal|p1a: \u5927\u86c7|83/100|[from] item: Leftovers\n|-sideend|p2: pokemi AG|move: Tailwind\n|upkeep\n|\n|t:|1776409535\n|switch|p2a: Sableye|Sableye, L50, M|62/100\n|switch|p1b: \u592a\u967d\u5149\u675f\u6050\u9f8d\uff1a\u7a81\u7a81\u7a81\uff01|Meganium, L50, F|100/100\n|turn|6\n|\n|t:|1776409570\n|detailschange|p1b: \u592a\u967d\u5149\u675f\u6050\u9f8d\uff1a\u7a81\u7a81\u7a81\uff01|Meganium-Mega, L50, F\n|-mega|p1b: \u592a\u967d\u5149\u675f\u6050\u9f8d\uff1a\u7a81\u7a81\u7a81\uff01|Meganium|Meganiumite\n|move|p2a: Sableye|Fake Out|p1a: \u5927\u86c7\n|-damage|p1a: \u5927\u86c7|75/100\n|move|p1b: \u592a\u967d\u5149\u675f\u6050\u9f8d\uff1a\u7a81\u7a81\u7a81\uff01|Weather Ball|p2b: Goodra\n|-damage|p2b: Goodra|37/100\n|cant|p1a: \u5927\u86c7|flinch\n|move|p2b: Goodra|Body Press|p1b: \u592a\u967d\u5149\u675f\u6050\u9f8d\uff1a\u7a81\u7a81\u7a81\uff01\n|-resisted|p1b: \u592a\u967d\u5149\u675f\u6050\u9f8d\uff1a\u7a81\u7a81\u7a81\uff01|1\n|-damage|p1b: \u592a\u967d\u5149\u675f\u6050\u9f8d\uff1a\u7a81\u7a81\u7a81\uff01|68/100\n|\n|-weather|none\n|-heal|p1a: \u5927\u86c7|81/100|[from] item: Leftovers\n|-heal|p2b: Goodra|43/100|[from] item: Leftovers\n|upkeep\n|turn|7\n|-message|pokemi AG forfeited.\n|\n|win|T\u67e5\u723e\u65af\u7684\u52dd\u5229Bonezz\n|raw|T\u67e5\u723e\u65af\u7684\u52dd\u5229Bonezz's rating: 1161 &rarr; <strong>1187</strong><br />(+26 for winning)\n|raw|pokemi AG's rating: 1179 &rarr; <strong>1153</strong><br />(-26 for losing)\n|l|\u2606pokemi AG\n|player|p2|\n",
  "uploadtime": 1776409587,
  "views": 19,
  "formatid": "gen9championsvgc2026regma",
  "rating": 1153,
  "private": 0,
  "password": null
}