{
  "id": "gen9championsvgc2026regma-2588162928",
  "format": "[Gen 9 Champions] VGC 2026 Reg M-A",
  "players": [
    "Qmc Advance",
    "Dinz77"
  ],
  "log": "|j|\u2606Qmc Advance\n|j|\u2606Dinz77\n|t:|1776610497\n|gametype|doubles\n|player|p1|Qmc Advance|hilbert|1103\n|player|p2|Dinz77|2|1189\n|gen|9\n|tier|[Gen 9 Champions] VGC 2026 Reg M-A\n|rated|\n|rule|Species Clause: Limit one of each Pok\u00e9mon\n|rule|Item Clause: Limit 1 of each item\n|clearpoke\n|poke|p1|Delphox, L50, F|\n|poke|p1|Lopunny, L50, F|\n|poke|p1|Aerodactyl, L50, F|\n|poke|p1|Sneasler, L50, F|\n|poke|p1|Arcanine-Hisui, L50, M|\n|poke|p1|Corviknight, L50, M|\n|poke|p2|Heracross, L50, M|\n|poke|p2|Whimsicott, L50, F|\n|poke|p2|Politoed, L50, F|\n|poke|p2|Basculegion, L50, M|\n|poke|p2|Incineroar, L50, F|\n|poke|p2|Archaludon, L50, M|\n|teampreview|4\nDinz77 has agreed to open team sheets.\n|inactive|Battle timer is ON: inactive players will automatically lose when time's up. (requested by Qmc Advance)\nQmc Advance rejected open team sheets.\n|\n|t:|1776610539\n|teamsize|p1|4\n|teamsize|p2|4\n|start\n|switch|p1a: Corviknight|Corviknight, L50, M|100/100\n|switch|p1b: Sneasler|Sneasler, L50, F|100/100\n|switch|p2a: Whimsicott|Whimsicott, L50, F|100/100\n|switch|p2b: Heracross|Heracross, L50, M|100/100\n|turn|1\n|inactive|Dinz77 has 30 seconds left.\n|inactive|Dinz77 has 20 seconds left.\n|inactive|Dinz77 has 15 seconds left.\n|\n|t:|1776610579\n|move|p2b: Heracross|Detect|p2b: Heracross\n|-singleturn|p2b: Heracross|Protect\n|move|p2a: Whimsicott|Taunt|p1a: Corviknight\n|-start|p1a: Corviknight|move: Taunt\n|move|p1b: Sneasler|Dire Claw|p2a: Whimsicott\n|-supereffective|p2a: Whimsicott|2\n|-enditem|p2a: Whimsicott|Focus Sash\n|-damage|p2a: Whimsicott|1/100\n|cant|p1a: Corviknight|move: Taunt|Iron Defense\n|\n|upkeep\n|turn|2\n|inactive|Dinz77 has 30 seconds left.\n|inactive|Dinz77 has 20 seconds left.\n|\n|t:|1776610615\n|detailschange|p2b: Heracross|Heracross-Mega, L50, M\n|-mega|p2b: Heracross|Heracross|Heracronite\n|move|p2a: Whimsicott|Tailwind|p2a: Whimsicott\n|-sidestart|p2: Dinz77|move: Tailwind\n|move|p2b: Heracross|Rock Blast|p1a: Corviknight\n|-damage|p1a: Corviknight|89/100\n|-damage|p1a: Corviknight|80/100\n|-damage|p1a: Corviknight|69/100\n|-damage|p1a: Corviknight|57/100\n|-damage|p1a: Corviknight|46/100\n|-hitcount|p1a: Corviknight|5\n|move|p1b: Sneasler|Coaching|p1a: Corviknight\n|-boost|p1a: Corviknight|atk|1\n|-boost|p1a: Corviknight|def|1\n|move|p1a: Corviknight|Iron Head|p2a: Whimsicott\n|-supereffective|p2a: Whimsicott|1\n|-damage|p2a: Whimsicott|0 fnt\n|faint|p2a: Whimsicott\n|\n|-heal|p1a: Corviknight|52/100|[from] item: Leftovers\n|upkeep\n|\n|t:|1776610620\n|switch|p2a: Basculegion|Basculegion, L50, M|100/100\n|turn|3\n|inactive|Dinz77 has 30 seconds left.\n|inactive|Dinz77 has 20 seconds left.\n|\n|t:|1776610656\n|move|p1b: Sneasler|Protect|p1b: Sneasler\n|-singleturn|p1b: Sneasler|Protect\n|move|p2a: Basculegion|Wave Crash|p1b: Sneasler\n|-activate|p1b: Sneasler|move: Protect\n|move|p2b: Heracross|Close Combat|p1a: Corviknight\n|-damage|p1a: Corviknight|0 fnt\n|-unboost|p2b: Heracross|def|1\n|-unboost|p2b: Heracross|spd|1\n|faint|p1a: Corviknight\n|\n|upkeep\n|\n|t:|1776610672\n|switch|p1a: Lopunny|Lopunny, L50, F|100/100\n|turn|4\n|inactive|Dinz77 has 30 seconds left.\n|inactive|Dinz77 has 20 seconds left.\n|\n|t:|1776610708\n|detailschange|p1a: Lopunny|Lopunny-Mega, L50, F\n|-mega|p1a: Lopunny|Lopunny|Lopunnite\n|move|p2b: Heracross|Detect|p2b: Heracross\n|-singleturn|p2b: Heracross|Protect\n|move|p1a: Lopunny|Fake Out|p2b: Heracross\n|-activate|p2b: Heracross|move: Protect\n|move|p2a: Basculegion|Wave Crash|p1b: Sneasler\n|-damage|p1b: Sneasler|0 fnt\n|faint|p1b: Sneasler\n|-damage|p2a: Basculegion|74/100|[from] Recoil\n|\n|upkeep\n|\n|t:|1776610717\n|switch|p1b: Arcanine|Arcanine-Hisui, L50, M|100/100\n|turn|5\n|\n|t:|1776610739\n|move|p1a: Lopunny|Protect|p1a: Lopunny\n|-singleturn|p1a: Lopunny|Protect\n|move|p2a: Basculegion|Wave Crash|p1b: Arcanine\n|-supereffective|p1b: Arcanine|2\n|-damage|p1b: Arcanine|0 fnt\n|faint|p1b: Arcanine\n|-damage|p2a: Basculegion|45/100|[from] Recoil\n|move|p2b: Heracross|Close Combat|p1a: Lopunny\n|-activate|p1a: Lopunny|move: Protect\n|\n|-sideend|p2: Dinz77|move: Tailwind\n|upkeep\n|turn|6\n|\n|t:|1776610746\n|move|p2a: Basculegion|Wave Crash|p1a: Lopunny\n|-damage|p1a: Lopunny|2/100\n|-damage|p2a: Basculegion|21/100|[from] Recoil\n|move|p1a: Lopunny|Close Combat|p2b: Heracross\n|-resisted|p2b: Heracross|1\n|-damage|p2b: Heracross|53/100\n|-unboost|p1a: Lopunny|def|1\n|-unboost|p1a: Lopunny|spd|1\n|move|p2b: Heracross|Close Combat|p1a: Lopunny\n|-supereffective|p1a: Lopunny|1\n|-damage|p1a: Lopunny|0 fnt\n|-unboost|p2b: Heracross|def|1\n|-unboost|p2b: Heracross|spd|1\n|faint|p1a: Lopunny\n|\n|win|Dinz77\n|raw|Qmc Advance's rating: 1103 &rarr; <strong>1084</strong><br />(-19 for losing)\n|raw|Dinz77's rating: 1189 &rarr; <strong>1208</strong><br />(+19 for winning)\n|l|\u2606Qmc Advance\n|player|p1|\n|c|\u2606Dinz77|gg\n",
  "uploadtime": 1776610761,
  "views": 14,
  "formatid": "gen9championsvgc2026regma",
  "rating": 1084,
  "private": 0,
  "password": null
}