{
  "id": "gen9championsvgc2026regma-2581831896",
  "format": "[Gen 9 Champions] VGC 2026 Reg M-A",
  "players": [
    "BillySupremeVGC",
    "PaldeaJohnny"
  ],
  "log": "|j|\u2606BillySupremeVGC\n|j|\u2606PaldeaJohnny\n|t:|1776032033\n|gametype|doubles\n|player|p1|BillySupremeVGC|169|1023\n|player|p2|PaldeaJohnny|backpacker|1077\n|gen|9\n|tier|[Gen 9 Champions] VGC 2026 Reg M-A\n|rated|\n|rule|Species Clause: Limit one of each Pok\u00e9mon\n|rule|Item Clause: Limit 1 of each item\n|clearpoke\n|poke|p1|Meowstic, L50, M|\n|poke|p1|Alakazam, L50, M|\n|poke|p1|Armarouge, L50, M|\n|poke|p1|Excadrill, L50, F|\n|poke|p1|Tyranitar, L50, F|\n|poke|p1|Whimsicott, L50, F|\n|poke|p2|Meowstic-F, L50, F|\n|poke|p2|Whimsicott, L50, M|\n|poke|p2|Sinistcha, L50|\n|poke|p2|Arcanine-Hisui, L50, F|\n|poke|p2|Alcremie, L50, F|\n|poke|p2|Sneasler, L50, F|\n|teampreview|4\n|inactive|Battle timer is ON: inactive players will automatically lose when time's up. (requested by PaldeaJohnny)\n|inactive|PaldeaJohnny has 60 seconds left.\n|inactive|PaldeaJohnny has 30 seconds left.\n|\n|t:|1776032097\n|teamsize|p1|4\n|teamsize|p2|4\n|start\n|switch|p1a: Meowstic|Meowstic, L50, M, shiny|100/100\n|switch|p1b: Alakazam|Alakazam, L50, M, shiny|100/100\n|switch|p2a: Alcremie|Alcremie, L50, F|100/100\n|switch|p2b: Whimsicott|Whimsicott, L50, M|100/100\n|turn|1\n|\n|t:|1776032113\n|switch|p2b: Meowstic|Meowstic-F, L50, F|100/100\n|move|p1b: Alakazam|Protect|p1b: Alakazam\n|-singleturn|p1b: Alakazam|Protect\n|move|p1a: Meowstic|Fake Out|p2b: Meowstic\n|-damage|p2b: Meowstic|94/100\n|move|p2a: Alcremie|Decorate|p2b: Meowstic\n|-boost|p2b: Meowstic|atk|2\n|-boost|p2b: Meowstic|spa|2\n|\n|upkeep\n|turn|2\n|inactive|PaldeaJohnny has 30 seconds left.\n|inactive|PaldeaJohnny has 20 seconds left.\n|\n|t:|1776032148\n|switch|p2a: Arcanine|Arcanine-Hisui, L50, F|100/100\n|-ability|p2a: Arcanine|Intimidate|boost\n|-unboost|p1a: Meowstic|atk|1\n|-fail|p1b: Alakazam|unboost|Attack|[from] ability: Inner Focus|[of] p1b: Alakazam\n|detailschange|p1b: Alakazam|Alakazam-Mega, L50, M, shiny\n|-mega|p1b: Alakazam|Alakazam|Alakazite\n|-ability|p1b: Alakazam|Competitive|Trace|[from] ability: Trace|[of] p2b: Meowstic\n|detailschange|p2b: Meowstic|Meowstic-F-Mega, L50, F\n|-mega|p2b: Meowstic|Meowstic|Meowsticite\n|-ability|p2b: Meowstic|Prankster|Trace|[from] ability: Trace|[of] p1a: Meowstic\n|move|p1a: Meowstic|Psychic Terrain|p1a: Meowstic\n|-fieldstart|move: Psychic Terrain\n|move|p1b: Alakazam|Expanding Force|p2a: Arcanine|[spread] p2a,p2b\n|-resisted|p2b: Meowstic|1\n|-damage|p2a: Arcanine|22/100\n|-damage|p2b: Meowstic|61/100\n|move|p2b: Meowstic|Expanding Force|p1b: Alakazam|[spread] p1a,p1b\n|-resisted|p1a: Meowstic|1\n|-resisted|p1b: Alakazam|1\n|-damage|p1a: Meowstic|45/100\n|-damage|p1b: Alakazam|6/100\n|\n|upkeep\n|turn|3\n|inactive|BillySupremeVGC has 30 seconds left.\n|inactive|PaldeaJohnny has 30 seconds left.\n|\n|t:|1776032177\n|move|p2a: Arcanine|Rock Slide|p1a: Meowstic|[spread] p1a,p1b\n|-damage|p1a: Meowstic|5/100\n|-damage|p1b: Alakazam|0 fnt\n|faint|p1b: Alakazam\n|move|p2b: Meowstic|Expanding Force|p1a: Meowstic\n|-resisted|p1a: Meowstic|1\n|-damage|p1a: Meowstic|0 fnt\n|faint|p1a: Meowstic\n|\n|upkeep\n|\n|t:|1776032186\n|switch|p1b: Whimsicott|Whimsicott, L50, F|100/100\n|switch|p1a: Armarouge|Armarouge, L50, M, shiny|100/100\n|turn|4\n|\n|t:|1776032201\n|switch|p2a: Whimsicott|Whimsicott, L50, M|100/100\n|move|p2b: Meowstic|Protect|p2b: Meowstic\n|-singleturn|p2b: Meowstic|Protect\n|move|p1b: Whimsicott|Tailwind|p1b: Whimsicott\n|-sidestart|p1: BillySupremeVGC|move: Tailwind\n|move|p1a: Armarouge|Expanding Force|p2a: Whimsicott|[spread] p2a\n|-activate|p2b: Meowstic|move: Protect\n|-damage|p2a: Whimsicott|3/100\n|\n|upkeep\n|turn|5\n|\n|t:|1776032225\n|move|p1b: Whimsicott|Taunt|p2a: Whimsicott\n|-activate|p2a: Whimsicott|move: Psychic Terrain\n|move|p2a: Whimsicott|Tailwind|p2a: Whimsicott\n|-sidestart|p2: PaldeaJohnny|move: Tailwind\n|move|p2b: Meowstic|Expanding Force|p1b: Whimsicott|[spread] p1a,p1b\n|-resisted|p1a: Armarouge|1\n|-damage|p1a: Armarouge|13/100\n|-damage|p1b: Whimsicott|0 fnt\n|faint|p1b: Whimsicott\n|move|p1a: Armarouge|Armor Cannon|p2b: Meowstic\n|-damage|p2b: Meowstic|0 fnt\n|-unboost|p1a: Armarouge|def|1\n|-unboost|p1a: Armarouge|spd|1\n|faint|p2b: Meowstic\n|\n|upkeep\n|-message|BillySupremeVGC forfeited.\n|\n|win|PaldeaJohnny\n|raw|BillySupremeVGC's rating: 1023 &rarr; <strong>1012</strong><br />(-11 for losing)\n|raw|PaldeaJohnny's rating: 1077 &rarr; <strong>1101</strong><br />(+24 for winning)\n|l|\u2606BillySupremeVGC\n|player|p1|\n",
  "uploadtime": 1776032248,
  "views": 27,
  "formatid": "gen9championsvgc2026regma",
  "rating": 1012,
  "private": 0,
  "password": null
}