{
  "id": "gen9championsvgc2026regma-2587185910",
  "format": "[Gen 9 Champions] VGC 2026 Reg M-A",
  "players": [
    "reallyreallybadboy",
    "hide on whimscott"
  ],
  "log": "|j|\u2606reallyreallybadboy\n|j|\u2606hide on whimscott\n|t:|1776505955\n|gametype|doubles\n|player|p1|reallyreallybadboy|170|1263\n|player|p2|hide on whimscott|artist-gen4|1238\n|gen|9\n|tier|[Gen 9 Champions] VGC 2026 Reg M-A\n|rated|\n|rule|Species Clause: Limit one of each Pok\u00e9mon\n|rule|Item Clause: Limit 1 of each item\n|clearpoke\n|poke|p1|Vanilluxe, L50, F, shiny|\n|poke|p1|Sableye, L50, F, shiny|\n|poke|p1|Garchomp, L50, M, shiny|\n|poke|p1|Hawlucha, L50, F, shiny|\n|poke|p1|Greninja, L50, F, shiny|\n|poke|p1|Kingambit, L50, F, shiny|\n|poke|p2|Lopunny, L50, F|\n|poke|p2|Basculegion, L50, M|\n|poke|p2|Pelipper, L50, F|\n|poke|p2|Archaludon, L50, F|\n|poke|p2|Sinistcha, L50|\n|poke|p2|Incineroar, L50, F|\n|teampreview|4\n|inactive|Battle timer is ON: inactive players will automatically lose when time's up. (requested by reallyreallybadboy)\n|\n|t:|1776506006\n|teamsize|p1|4\n|teamsize|p2|4\n|start\n|switch|p1a: Vanilluxe|Vanilluxe, L50, F, shiny|100/100\n|switch|p1b: Sableye|Sableye, L50, F, shiny|100/100\n|switch|p2a: Empress|Lopunny, L50, F|100/100\n|switch|p2b: Chevalier|Basculegion, L50, M|100/100\n|-weather|Snowscape|[from] ability: Snow Warning|[of] p1a: Vanilluxe\n|turn|1\n|inactive|hide on whimscott has 30 seconds left.\n|\n|t:|1776506033\n|switch|p2a: Courrier|Pelipper, L50, F|100/100\n|-weather|RainDance|[from] ability: Drizzle|[of] p2a: Courrier\n|move|p2b: Chevalier|Wave Crash|p1a: Vanilluxe\n|-damage|p1a: Vanilluxe|0 fnt\n|faint|p1a: Vanilluxe\n|-damage|p2b: Chevalier|76/100|[from] Recoil\n|move|p1b: Sableye|Foul Play|p2b: Chevalier\n|-supereffective|p2b: Chevalier|1\n|-damage|p2b: Chevalier|0 fnt\n|faint|p2b: Chevalier\n|\n|-weather|RainDance|[upkeep]\n|upkeep\n|\n|t:|1776506051\n|switch|p1a: Hawlucha|Hawlucha, L50, F, shiny|100/100\n|switch|p2b: Empress|Lopunny, L50, F|100/100\n|-ability|p1a: Hawlucha|Mold Breaker\n|turn|2\n|\n|t:|1776506072\n|detailschange|p1a: Hawlucha|Hawlucha-Mega, L50, F, shiny\n|-mega|p1a: Hawlucha|Hawlucha|Hawluchanite\n|detailschange|p2b: Empress|Lopunny-Mega, L50, F\n|-mega|p2b: Empress|Lopunny|Lopunnite\n|move|p1a: Hawlucha|Detect|p1a: Hawlucha\n|-singleturn|p1a: Hawlucha|Protect\n|move|p2b: Empress|Fake Out|p1a: Hawlucha\n|-activate|p1a: Hawlucha|move: Protect\n|move|p2a: Courrier|Hurricane|p1a: Hawlucha\n|-activate|p1a: Hawlucha|move: Protect\n|move|p1b: Sableye|Foul Play|p2a: Courrier\n|-damage|p2a: Courrier|79/100\n|\n|-weather|RainDance|[upkeep]\n|upkeep\n|turn|3\n|inactive|reallyreallybadboy has 30 seconds left.\n|inactive|reallyreallybadboy has 20 seconds left.\n|\n|t:|1776506109\n|switch|p1a: Garchomp|Garchomp, L50, M, shiny|100/100\n|move|p2b: Empress|Close Combat|p1b: Sableye\n|-supereffective|p1b: Sableye|1\n|-damage|p1b: Sableye|0 fnt\n|-unboost|p2b: Empress|def|1\n|-unboost|p2b: Empress|spd|1\n|faint|p1b: Sableye\n|move|p2a: Courrier|Hurricane|p1a: Garchomp\n|-damage|p1a: Garchomp|50/100\n|\n|-weather|RainDance|[upkeep]\n|upkeep\n|\n|t:|1776506115\n|switch|p1b: Hawlucha|Hawlucha-Mega, L50, F, shiny|100/100\n|turn|4\n|\n|t:|1776506136\n|move|p1a: Garchomp|Protect|p1a: Garchomp\n|-singleturn|p1a: Garchomp|Protect\n|move|p2b: Empress|Close Combat|p1a: Garchomp\n|-activate|p1a: Garchomp|move: Protect\n|move|p1b: Hawlucha|Dual Wingbeat|p2a: Courrier\n|-damage|p2a: Courrier|48/100\n|-damage|p2a: Courrier|22/100\n|-hitcount|p2a: Courrier|2\n|move|p2a: Courrier|Hurricane|p1b: Hawlucha\n|-supereffective|p1b: Hawlucha|1\n|-damage|p1b: Hawlucha|0 fnt\n|faint|p1b: Hawlucha\n|\n|-weather|RainDance|[upkeep]\n|upkeep\n|turn|5\n|-message|reallyreallybadboy forfeited.\n|\n|win|hide on whimscott\n|raw|reallyreallybadboy's rating: 1263 &rarr; <strong>1236</strong><br />(-27 for losing)\n|raw|hide on whimscott's rating: 1238 &rarr; <strong>1265</strong><br />(+27 for winning)\n",
  "uploadtime": 1776506152,
  "views": 20,
  "formatid": "gen9championsvgc2026regma",
  "rating": 1236,
  "private": 0,
  "password": null
}