{
  "id": "gen9championsvgc2026regma-2587348636",
  "format": "[Gen 9 Champions] VGC 2026 Reg M-A",
  "players": [
    "Arib1906",
    "lolgz"
  ],
  "log": "|j|\u2606Arib1906\n|j|\u2606lolgz\n|t:|1776524237\n|gametype|doubles\n|player|p1|Arib1906|byron|1384\n|player|p2|lolgz|dawn|1362\n|gen|9\n|tier|[Gen 9 Champions] VGC 2026 Reg M-A\n|rated|\n|rule|Species Clause: Limit one of each Pok\u00e9mon\n|rule|Item Clause: Limit 1 of each item\n|clearpoke\n|poke|p1|Blastoise, L50, F|\n|poke|p1|Incineroar, L50, F|\n|poke|p1|Sinistcha, L50|\n|poke|p1|Kingambit, L50, F|\n|poke|p1|Aerodactyl, L50, F|\n|poke|p1|Sneasler, L50, F|\n|poke|p2|Charizard, L50, F|\n|poke|p2|Basculegion, L50, M|\n|poke|p2|Garchomp, L50, M|\n|poke|p2|Floette-Eternal, L50, F|\n|poke|p2|Aerodactyl, L50, F|\n|poke|p2|Sinistcha, L50|\n|teampreview|4\n|inactive|Battle timer is ON: inactive players will automatically lose when time's up. (requested by Arib1906)\n|inactive|lolgz has 60 seconds left.\nArib1906 rejected open team sheets.\n|\n|t:|1776524309\n|teamsize|p1|4\n|teamsize|p2|4\n|start\n|switch|p1a: Aerodactyl|Aerodactyl, L50, F|100/100\n|switch|p1b: Wolfe bane|Incineroar, L50, F|100/100\n|switch|p2a: Aerodactyl|Aerodactyl, L50, F|100/100\n|switch|p2b: Garchomp|Garchomp, L50, M|100/100\n|-ability|p1a: Aerodactyl|Unnerve\n|-ability|p2a: Aerodactyl|Unnerve\n|-ability|p1b: Wolfe bane|Intimidate|boost\n|-unboost|p2a: Aerodactyl|atk|1\n|-unboost|p2b: Garchomp|atk|1\n|-enditem|p2b: Garchomp|White Herb\n|-clearnegativeboost|p2b: Garchomp|[silent]\n|turn|1\n|\n|t:|1776524322\n|move|p2a: Aerodactyl|Wide Guard|p2a: Aerodactyl\n|-singleturn|p2a: Aerodactyl|Wide Guard\n|move|p1b: Wolfe bane|Fake Out|p2a: Aerodactyl\n|-resisted|p2a: Aerodactyl|1\n|-damage|p2a: Aerodactyl|90/100\n|move|p1a: Aerodactyl|Tailwind|p1a: Aerodactyl\n|-sidestart|p1: Arib1906|move: Tailwind\n|move|p2b: Garchomp|Earthquake|p1b: Wolfe bane|[spread] p1b\n|-activate|p2a: Aerodactyl|move: Wide Guard\n|-immune|p1a: Aerodactyl\n|-supereffective|p1b: Wolfe bane|1\n|-damage|p1b: Wolfe bane|30/100\n|\n|upkeep\n|turn|2\n|\n|t:|1776524334\n|move|p1a: Aerodactyl|Rock Slide|p2b: Garchomp|[spread] p2a\n|-miss|p1a: Aerodactyl|p2b: Garchomp\n|-supereffective|p2a: Aerodactyl|1\n|-damage|p2a: Aerodactyl|1/100\n|move|p1b: Wolfe bane|Parting Shot|p2b: Garchomp\n|-unboost|p2b: Garchomp|atk|1\n|-unboost|p2b: Garchomp|spa|1\n|\n|t:|1776524344\n|switch|p1b: Blast chance|Blastoise, L50, F|100/100|[from] Parting Shot\n|move|p2a: Aerodactyl|Tailwind|p2a: Aerodactyl\n|-sidestart|p2: lolgz|move: Tailwind\n|move|p2b: Garchomp|Rock Slide|p1b: Blast chance|[spread] p1a,p1b\n|-supereffective|p1a: Aerodactyl|1\n|-damage|p1a: Aerodactyl|60/100\n|-damage|p1b: Blast chance|86/100\n|\n|upkeep\n|turn|3\n|\n|t:|1776524360\n|switch|p2b: Sinistcha|Sinistcha, L50|100/100\n|-heal|p2a: Aerodactyl|26/100|[from] ability: Hospitality|[of] p2b: Sinistcha\n|detailschange|p1b: Blast chance|Blastoise-Mega, L50, F\n|-mega|p1b: Blast chance|Blastoise|Blastoisinite\n|move|p2a: Aerodactyl|Rock Slide|p1b: Blast chance|[spread] p1a,p1b\n|-supereffective|p1a: Aerodactyl|1\n|-damage|p1a: Aerodactyl|1/100\n|-damage|p1b: Blast chance|70/100\n|move|p1a: Aerodactyl|Dual Wingbeat|p2a: Aerodactyl\n|-resisted|p2a: Aerodactyl|1\n|-damage|p2a: Aerodactyl|12/100\n|-resisted|p2a: Aerodactyl|1\n|-damage|p2a: Aerodactyl|0 fnt\n|faint|p2a: Aerodactyl\n|-hitcount|p2: Aerodactyl|2\n|cant|p1b: Blast chance|flinch\n|\n|upkeep\n|\n|t:|1776524362\n|switch|p2a: Floette|Floette-Eternal, L50, F|100/100\n|turn|4\n|inactive|Arib1906 has 30 seconds left.\n|\n|t:|1776524392\n|switch|p1a: Wolfe bane|Incineroar, L50, F|30/100\n|-ability|p1a: Wolfe bane|Intimidate|boost\n|-unboost|p2a: Floette|atk|1\n|-block|p2b: Sinistcha|ability: Flower Veil|[of] p2a: Floette\n|detailschange|p2a: Floette|Floette-Mega, L50, F\n|-mega|p2a: Floette|Floette|Floettite\n|-ability|p2a: Floette|Fairy Aura\n|move|p2a: Floette|Moonblast|p1b: Blast chance\n|-damage|p1b: Blast chance|2/100\n|move|p1b: Blast chance|Ice Beam|p2b: Sinistcha\n|-supereffective|p2b: Sinistcha|1\n|-damage|p2b: Sinistcha|20/100\n|-enditem|p2b: Sinistcha|Sitrus Berry|[eat]\n|-heal|p2b: Sinistcha|44/100|[from] item: Sitrus Berry\n|move|p2b: Sinistcha|Matcha Gotcha|p1b: Blast chance|[spread] p1a,p1b\n|-resisted|p1a: Wolfe bane|1\n|-supereffective|p1b: Blast chance|1\n|-damage|p1a: Wolfe bane|18/100\n|-heal|p2b: Sinistcha|51/100|[from] drain|[of] p1a: Wolfe bane\n|-damage|p1b: Blast chance|0 fnt\n|-heal|p2b: Sinistcha|52/100|[from] drain|[of] p1b: Blast chance\n|faint|p1b: Blast chance\n|\n|-sideend|p1: Arib1906|move: Tailwind\n|upkeep\n|\n|t:|1776524409\n|switch|p1b: Aerodactyl|Aerodactyl, L50, F|1/100\n|-ability|p1b: Aerodactyl|Unnerve\n|turn|5\n|inactive|lolgz has 30 seconds left.\n|\n|t:|1776524440\n|move|p1b: Aerodactyl|Protect|p1b: Aerodactyl\n|-singleturn|p1b: Aerodactyl|Protect\n|move|p2a: Floette|Dazzling Gleam|p1a: Wolfe bane|[spread] p1a\n|-activate|p1b: Aerodactyl|move: Protect\n|-damage|p1a: Wolfe bane|0 fnt\n|faint|p1a: Wolfe bane\n|move|p2b: Sinistcha|Shadow Ball|p1b: Aerodactyl\n|-activate|p1b: Aerodactyl|move: Protect\n|\n|-sideend|p2: lolgz|move: Tailwind\n|upkeep\n|\n|t:|1776524446\n|switch|p1a: Sac the Rookidee|Kingambit, L50, F|100/100\n|turn|6\n|\n|t:|1776524454\n|move|p2b: Sinistcha|Rage Powder|p2b: Sinistcha\n|-singleturn|p2b: Sinistcha|move: Rage Powder\n|move|p1b: Aerodactyl|Tailwind|p1b: Aerodactyl\n|-sidestart|p1: Arib1906|move: Tailwind\n|move|p1a: Sac the Rookidee|Kowtow Cleave|p2b: Sinistcha\n|-supereffective|p2b: Sinistcha|1\n|-damage|p2b: Sinistcha|0 fnt\n|faint|p2b: Sinistcha\n|move|p2a: Floette|Dazzling Gleam|p1a: Sac the Rookidee|[spread] p1a,p1b\n|-damage|p1a: Sac the Rookidee|53/100\n|-damage|p1b: Aerodactyl|0 fnt\n|faint|p1b: Aerodactyl\n|\n|upkeep\n|\n|t:|1776524463\n|switch|p2b: Garchomp|Garchomp, L50, M|100/100\n|turn|7\n|\n|t:|1776524476\n|move|p1a: Sac the Rookidee|Protect|p1a: Sac the Rookidee\n|-singleturn|p1a: Sac the Rookidee|Protect\n|move|p2b: Garchomp|Protect|p2b: Garchomp\n|-singleturn|p2b: Garchomp|Protect\n|move|p2a: Floette|Protect||[still]\n|-fail|p2a: Floette\n|\n|upkeep\n|turn|8\n|\n|t:|1776524485\n|move|p1a: Sac the Rookidee|Iron Head|p2a: Floette\n|-supereffective|p2a: Floette|1\n|-crit|p2a: Floette\n|-damage|p2a: Floette|0 fnt\n|faint|p2a: Floette\n|move|p2b: Garchomp|Dragon Claw|p1a: Sac the Rookidee\n|-resisted|p1a: Sac the Rookidee|1\n|-damage|p1a: Sac the Rookidee|36/100\n|\n|upkeep\n|turn|9\n|\n|t:|1776524497\n|move|p1a: Sac the Rookidee|Kowtow Cleave|p2b: Garchomp\n|-damage|p2b: Garchomp|46/100\n|-damage|p1a: Sac the Rookidee|24/100|[from] ability: Rough Skin|[of] p2b: Garchomp\n|move|p2b: Garchomp|Earthquake|p1a: Sac the Rookidee\n|-supereffective|p1a: Sac the Rookidee|1\n|-damage|p1a: Sac the Rookidee|0 fnt\n|faint|p1a: Sac the Rookidee\n|\n|win|lolgz\n|raw|Arib1906's rating: 1384 &rarr; <strong>1363</strong><br />(-21 for losing)\n|raw|lolgz's rating: 1362 &rarr; <strong>1383</strong><br />(+21 for winning)\n",
  "uploadtime": 1776524498,
  "views": 22,
  "formatid": "gen9championsvgc2026regma",
  "rating": 1363,
  "private": 0,
  "password": null
}