{
  "id": "gen9championsvgc2026regma-2581282487",
  "format": "[Gen 9 Champions] VGC 2026 Reg M-A",
  "players": [
    "AceeeVGC",
    "Chuggdot"
  ],
  "log": "|j|\u2606AceeeVGC\n|j|\u2606Chuggdot\n|t:|1775980943\n|gametype|doubles\n|player|p1|AceeeVGC|266|\n|player|p2|Chuggdot|102|\n|gen|9\n|tier|[Gen 9 Champions] VGC 2026 Reg M-A\n|rated|Tournament battle\n|rule|Species Clause: Limit one of each Pok\u00e9mon\n|rule|Item Clause: Limit 1 of each item\n|clearpoke\n|poke|p1|Chimecho, L50, F|\n|poke|p1|Wyrdeer, L50, F|\n|poke|p1|Sinistcha, L50|\n|poke|p1|Incineroar, L50, F|\n|poke|p1|Basculegion, L50, M|\n|poke|p1|Audino, L50, F|\n|poke|p2|Empoleon, L50, M|\n|poke|p2|Sinistcha, L50|\n|poke|p2|Incineroar, L50, M|\n|poke|p2|Floette-Eternal, L50, F|\n|poke|p2|Aerodactyl, L50, M|\n|poke|p2|Mamoswine, L50, F|\n|teampreview|4\n|inactive|Battle timer is ON: inactive players will automatically lose when time's up. (requested by Chuggdot)\n|c|\u2606Chuggdot|gl\n|j| Jamstiffer\nChuggdot has agreed to open team sheets.\nAceeeVGC has agreed to open team sheets.\n|showteam|p1|Chimecho||Chimechite|Levitate|FlashCannon,Psychic,CalmMind,Recover|||F|||50|]Wyrdeer||SitrusBerry|Intimidate|LightScreen,Reflect,Psychic,TrickRoom|||F|||50|]Sinistcha||CobaBerry|Hospitality|TrickRoom,RagePowder,LifeDew,MatchaGotcha||||||50|]Incineroar||ShucaBerry|Intimidate|Snarl,PartingShot,FlareBlitz,FakeOut|||F|||50|]Basculegion||FocusSash|Adaptability|WaveCrash,LastRespects,AquaJet,PhantomForce|||M|||50|]Audino||Audinite|Regenerator|DazzlingGleam,DrainingKiss,CalmMind,Protect|||F|||50|\n|showteam|p2|Empoleon||Leftovers|Competitive|Protect,HydroPump,FlashCannon,IcyWind|||M|||50|]Sinistcha||SitrusBerry|Hospitality|MatchaGotcha,TrickRoom,RagePowder,StrengthSap||||||50|]Incineroar||PasshoBerry|Intimidate|FakeOut,FlareBlitz,DarkestLariat,PartingShot|||M|||50|]Floette-Eternal||Floettite|FlowerVeil|Protect,Moonblast,DrainingKiss,CalmMind|||F|||50|]Aerodactyl||FocusSash|Unnerve|Protect,RockSlide,DualWingbeat,Tailwind|||M|||50|]Mamoswine||ChoiceScarf|Oblivious|IceShard,HighHorsepower,RockSlide,IcicleCrash|||F|||50|\n|inactive|AceeeVGC has 60 seconds left.\n|inactive|Chuggdot has 60 seconds left.\n|\n|t:|1775980990\n|teamsize|p1|4\n|teamsize|p2|4\n|start\n|switch|p1a: Wyrdeer|Wyrdeer, L50, F|100/100\n|switch|p1b: Chimecho|Chimecho, L50, F|100/100\n|switch|p2a: Empoleon|Empoleon, L50, M|100/100\n|switch|p2b: Floette|Floette-Eternal, L50, F|100/100\n|-ability|p1a: Wyrdeer|Intimidate|boost\n|-unboost|p2a: Empoleon|atk|1\n|-ability|p2a: Empoleon|Competitive|boost\n|-boost|p2a: Empoleon|spa|2\n|-unboost|p2b: Floette|atk|1\n|turn|1\n|inactive|Chuggdot has 30 seconds left.\n|inactive|Chuggdot has 20 seconds left.\n|\n|t:|1775981026\n|detailschange|p2b: Floette|Floette-Mega, L50, F\n|-mega|p2b: Floette|Floette|Floettite\n|-ability|p2b: Floette|Fairy Aura\n|move|p2b: Floette|Calm Mind|p2b: Floette\n|-boost|p2b: Floette|spa|1\n|-boost|p2b: Floette|spd|1\n|move|p2a: Empoleon|Hydro Pump|p1b: Chimecho\n|-damage|p1b: Chimecho|9/100\n|move|p1b: Chimecho|Calm Mind|p1b: Chimecho\n|-boost|p1b: Chimecho|spa|1\n|-boost|p1b: Chimecho|spd|1\n|move|p1a: Wyrdeer|Trick Room|p1a: Wyrdeer\n|-fieldstart|move: Trick Room|[of] p1a: Wyrdeer\n|\n|upkeep\n|turn|2\n|\n|t:|1775981046\n|detailschange|p1b: Chimecho|Chimecho-Mega, L50, F\n|-mega|p1b: Chimecho|Chimecho|Chimechite\n|move|p1a: Wyrdeer|Light Screen|p1a: Wyrdeer\n|-sidestart|p1: AceeeVGC|move: Light Screen\n|move|p1b: Chimecho|Recover|p1b: Chimecho\n|-heal|p1b: Chimecho|59/100\n|move|p2a: Empoleon|Flash Cannon|p1b: Chimecho\n|-resisted|p1b: Chimecho|1\n|-damage|p1b: Chimecho|46/100\n|move|p2b: Floette|Draining Kiss|p1a: Wyrdeer\n|-damage|p1a: Wyrdeer|60/100\n|\n|upkeep\n|turn|3\n|\n|t:|1775981071\n|move|p1b: Chimecho|Recover|p1b: Chimecho\n|-heal|p1b: Chimecho|96/100\n|move|p1a: Wyrdeer|Psychic|p2b: Floette\n|-damage|p2b: Floette|81/100\n|move|p2a: Empoleon|Hydro Pump|p1b: Chimecho\n|-damage|p1b: Chimecho|59/100\n|move|p2b: Floette|Moonblast|p1a: Wyrdeer\n|-damage|p1a: Wyrdeer|0 fnt\n|faint|p1a: Wyrdeer\n|\n|upkeep\n|\n|t:|1775981082\n|switch|p1a: Basculegion|Basculegion, L50, M|100/100\n|turn|4\n|\n|t:|1775981100\n|move|p1b: Chimecho|Calm Mind|p1b: Chimecho\n|-boost|p1b: Chimecho|spa|1\n|-boost|p1b: Chimecho|spd|1\n|move|p2a: Empoleon|Flash Cannon|p1a: Basculegion\n|-resisted|p1a: Basculegion|1\n|-damage|p1a: Basculegion|81/100\n|move|p1a: Basculegion|Last Respects|p2b: Floette\n|-damage|p2b: Floette|8/100\n|move|p2b: Floette|Moonblast|p1a: Basculegion\n|-damage|p1a: Basculegion|10/100\n|\n|upkeep\n|turn|5\n|inactive|AceeeVGC has 30 seconds left.\n|j| aurora ltd\n|inactive|AceeeVGC has 20 seconds left.\n|\n|t:|1775981139\n|switch|p2b: Incineroar|Incineroar, L50, M|100/100\n|-ability|p2b: Incineroar|Intimidate|boost\n|-unboost|p1a: Basculegion|atk|1\n|-unboost|p1b: Chimecho|atk|1\n|move|p1a: Basculegion|Aqua Jet|p2b: Incineroar\n|-supereffective|p2b: Incineroar|1\n|-crit|p2b: Incineroar\n|-enditem|p2b: Incineroar|Passho Berry|[eat]\n|-enditem|p2b: Incineroar|Passho Berry|[weaken]\n|-damage|p2b: Incineroar|62/100\n|move|p1b: Chimecho|Recover|p1b: Chimecho\n|-heal|p1b: Chimecho|100/100\n|move|p2a: Empoleon|Flash Cannon|p1a: Basculegion\n|-resisted|p1a: Basculegion|1\n|-damage|p1a: Basculegion|0 fnt\n|faint|p1a: Basculegion\n|\n|-fieldend|move: Trick Room\n|upkeep\n|\n|t:|1775981154\n|switch|p1a: Incineroar|Incineroar, L50, F|100/100\n|-ability|p1a: Incineroar|Intimidate|boost\n|-unboost|p2a: Empoleon|atk|1\n|-ability|p2a: Empoleon|Competitive|boost\n|-boost|p2a: Empoleon|spa|2\n|-unboost|p2b: Incineroar|atk|1\n|turn|6\n|\n|t:|1775981167\n|move|p1a: Incineroar|Fake Out|p2a: Empoleon\n|-resisted|p2a: Empoleon|1\n|-damage|p2a: Empoleon|95/100\n|cant|p2a: Empoleon|flinch\n|move|p2b: Incineroar|Parting Shot|p1b: Chimecho\n|-unboost|p1b: Chimecho|atk|1\n|-unboost|p1b: Chimecho|spa|1\n|\n|t:|1775981177\n|switch|p2b: Sinistcha|Sinistcha, L50|100/100|[from] Parting Shot\n|-heal|p2a: Empoleon|100/100|[from] ability: Hospitality|[of] p2b: Sinistcha\n|move|p1b: Chimecho|Calm Mind|p1b: Chimecho\n|-boost|p1b: Chimecho|spa|1\n|-boost|p1b: Chimecho|spd|1\n|\n|-sideend|p1: AceeeVGC|move: Light Screen\n|upkeep\n|turn|7\n|\n|t:|1775981199\n|move|p2a: Empoleon|Hydro Pump|p1a: Incineroar\n|-supereffective|p1a: Incineroar|1\n|-damage|p1a: Incineroar|0 fnt\n|faint|p1a: Incineroar\n|move|p2b: Sinistcha|Matcha Gotcha|p1b: Chimecho\n|-resisted|p1b: Chimecho|1\n|-damage|p1b: Chimecho|94/100\n|-status|p1b: Chimecho|brn\n|move|p1b: Chimecho|Psychic|p2a: Empoleon\n|-resisted|p2a: Empoleon|1\n|-damage|p2a: Empoleon|61/100\n|\n|-heal|p2a: Empoleon|67/100|[from] item: Leftovers\n|-damage|p1b: Chimecho|87/100 brn|[from] brn\n|upkeep\n|turn|8\n|j| reanschawrzer\n|\n|t:|1775981218\n|switch|p2b: Floette|Floette-Mega, L50, F|8/100\n|-ability|p2b: Floette|Fairy Aura\n|move|p2a: Empoleon|Hydro Pump|p1b: Chimecho\n|-damage|p1b: Chimecho|38/100 brn\n|move|p1b: Chimecho|Psychic|p2a: Empoleon\n|-resisted|p2a: Empoleon|1\n|-damage|p2a: Empoleon|25/100\n|\n|-heal|p2a: Empoleon|31/100|[from] item: Leftovers\n|-damage|p1b: Chimecho|32/100 brn|[from] brn\n|upkeep\n|turn|9\n|\n|t:|1775981230\n|move|p2b: Floette|Moonblast|p1b: Chimecho\n|-resisted|p1b: Chimecho|1\n|-damage|p1b: Chimecho|19/100 brn\n|move|p2a: Empoleon|Hydro Pump|p1b: Chimecho\n|-damage|p1b: Chimecho|0 fnt\n|faint|p1b: Chimecho\n|\n|win|Chuggdot\n|n|\u2606AceeeVGC|aceeevgc\n|n|\u2606Chuggdot|chuggdot\n|n| Jamstiffer|jamstiffer\n|n| aurora ltd|auroraltd\n|n| reanschawrzer|reanschawrzer\n|c|\u2606Chuggdot|gg\n|l|\u2606AceeeVGC\n|player|p1|\n",
  "uploadtime": 1775981270,
  "views": 13,
  "formatid": "gen9championsvgc2026regma",
  "rating": null,
  "private": 0,
  "password": null
}