{
  "id": "gen9championsvgc2026regma-2582194958",
  "format": "[Gen 9 Champions] VGC 2026 Reg M-A",
  "players": [
    "maku8319",
    "TheLuxGuy"
  ],
  "log": "|j|\u2606maku8319\n|j|\u2606TheLuxGuy\n|t:|1776069876\n|gametype|doubles\n|player|p1|maku8319|red|1045\n|player|p2|TheLuxGuy|miku-ice|1073\n|gen|9\n|tier|[Gen 9 Champions] VGC 2026 Reg M-A\n|rated|\n|rule|Species Clause: Limit one of each Pok\u00e9mon\n|rule|Item Clause: Limit 1 of each item\n|clearpoke\n|poke|p1|Corviknight, L50, F|\n|poke|p1|Raichu, L50, F|\n|poke|p1|Delphox, L50, F|\n|poke|p1|Garchomp, L50, F|\n|poke|p1|Sinistcha, L50|\n|poke|p1|Primarina, L50, M|\n|poke|p2|Aegislash, L50, F|\n|poke|p2|Lucario, L50, M|\n|poke|p2|Milotic, L50, M|\n|poke|p2|Dragonite, L50, F|\n|poke|p2|Farigiraf, L50, M|\n|poke|p2|Whimsicott, L50, F|\n|teampreview|4\n|\n|t:|1776069933\n|teamsize|p1|4\n|teamsize|p2|4\n|start\n|switch|p1a: Garchomp|Garchomp, L50, F|100/100\n|switch|p1b: Delphox|Delphox, L50, F|100/100\n|switch|p2a: Aegislash|Aegislash, L50, F|100/100\n|switch|p2b: Lucario|Lucario, L50, M|100/100\n|turn|1\n|\n|t:|1776069950\n|detailschange|p1b: Delphox|Delphox-Mega, L50, F\n|-mega|p1b: Delphox|Delphox|Delphoxite\n|move|p2a: Aegislash|Wide Guard|p2a: Aegislash\n|-singleturn|p2a: Aegislash|Wide Guard\n|move|p2b: Lucario|Ice Punch|p1a: Garchomp\n|-supereffective|p1a: Garchomp|2\n|-damage|p1a: Garchomp|3/100\n|-status|p1a: Garchomp|frz\n|-damage|p2b: Lucario|88/100|[from] ability: Rough Skin|[of] p1a: Garchomp\n|move|p1b: Delphox|Calm Mind|p1b: Delphox\n|-boost|p1b: Delphox|spa|1\n|-boost|p1b: Delphox|spd|1\n|cant|p1a: Garchomp|frz\n|\n|upkeep\n|turn|2\n|\n|t:|1776069971\n|move|p2b: Lucario|Ice Punch|p1a: Garchomp\n|-supereffective|p1a: Garchomp|2\n|-damage|p1a: Garchomp|0 fnt\n|-damage|p2b: Lucario|76/100|[from] ability: Rough Skin|[of] p1a: Garchomp\n|faint|p1a: Garchomp\n|move|p1b: Delphox|Heat Wave|p2b: Lucario|[spread] p2a,p2b\n|-supereffective|p2a: Aegislash|1\n|-supereffective|p2b: Lucario|1\n|-damage|p2a: Aegislash|10/100\n|-damage|p2b: Lucario|0 fnt\n|-enditem|p2a: Aegislash|Sitrus Berry|[eat]\n|-heal|p2a: Aegislash|35/100|[from] item: Sitrus Berry\n|faint|p2b: Lucario\n|-formechange|p2a: Aegislash|Aegislash-Blade|\n|move|p2a: Aegislash|Brutal Swing|p1b: Delphox\n|-supereffective|p1b: Delphox|1\n|-damage|p1b: Delphox|51/100\n|\n|upkeep\n|\n|t:|1776070008\n|switch|p1a: Primarina|Primarina, L50, M|100/100\n|switch|p2b: Dragonite|Dragonite, L50, F|100/100\n|turn|3\n|\n|t:|1776070037\n|switch|p2b: Milotic|Milotic, L50, M|100/100\n|move|p2a: Aegislash|Wide Guard|p2a: Aegislash\n|-singleturn|p2a: Aegislash|Wide Guard\n|move|p1b: Delphox|Psychic|p2b: Milotic\n|-damage|p2b: Milotic|55/100\n|move|p1a: Primarina|Hyper Voice|p2b: Milotic|[spread] \n|-activate|p2a: Aegislash|move: Wide Guard\n|-activate|p2b: Milotic|move: Wide Guard\n|\n|-heal|p2b: Milotic|61/100|[from] item: Leftovers\n|upkeep\n|turn|4\n|\n|t:|1776070054\n|move|p2a: Aegislash|Wide Guard|p2a: Aegislash\n|-singleturn|p2a: Aegislash|Wide Guard\n|move|p1b: Delphox|Psychic|p2b: Milotic\n|-damage|p2b: Milotic|11/100\n|move|p1a: Primarina|Moonblast|p2b: Milotic\n|-damage|p2b: Milotic|0 fnt\n|faint|p2b: Milotic\n|\n|upkeep\n|\n|t:|1776070063\n|switch|p2b: Dragonite|Dragonite, L50, F|100/100\n|turn|5\n|\n|t:|1776070073\n|detailschange|p2b: Dragonite|Dragonite-Mega, L50, F\n|-mega|p2b: Dragonite|Dragonite|Dragoninite\n|move|p1b: Delphox|Heat Wave|p2b: Dragonite|[spread] p2a,p2b\n|-supereffective|p2a: Aegislash|1\n|-resisted|p2b: Dragonite|1\n|-damage|p2a: Aegislash|0 fnt\n|-damage|p2b: Dragonite|87/100\n|faint|p2a: Aegislash\n|move|p2b: Dragonite|Hurricane|p1b: Delphox|[miss]\n|-miss|p2b: Dragonite|p1b: Delphox\n|move|p1a: Primarina|Moonblast|p2b: Dragonite\n|-supereffective|p2b: Dragonite|1\n|-damage|p2b: Dragonite|0 fnt\n|faint|p2b: Dragonite\n|\n|win|maku8319\n|raw|maku8319's rating: 1045 &rarr; <strong>1081</strong><br />(+36 for winning)\n|raw|TheLuxGuy's rating: 1073 &rarr; <strong>1050</strong><br />(-23 for losing)\n|l|\u2606TheLuxGuy\n|player|p2|\n",
  "uploadtime": 1776070091,
  "views": 21,
  "formatid": "gen9championsvgc2026regma",
  "rating": 1050,
  "private": 0,
  "password": null
}