{
  "id": "gen9championsvgc2026regma-2584082728",
  "format": "[Gen 9 Champions] VGC 2026 Reg M-A",
  "players": [
    "vnunesp12",
    "Sechydfg"
  ],
  "log": "|j|\u2606vnunesp12\n|j|\u2606Sechydfg\n|t:|1776223342\n|gametype|doubles\n|player|p1|vnunesp12|red|1096\n|player|p2|Sechydfg|1|1140\n|gen|9\n|tier|[Gen 9 Champions] VGC 2026 Reg M-A\n|rated|\n|rule|Species Clause: Limit one of each Pok\u00e9mon\n|rule|Item Clause: Limit 1 of each item\n|clearpoke\n|poke|p1|Froslass, L50, F|\n|poke|p1|Ninetales-Alola, L50, M|\n|poke|p1|Sneasler, L50, M|\n|poke|p1|Kingambit, L50, M|\n|poke|p1|Garchomp, L50, M|\n|poke|p1|Talonflame, L50, M|\n|poke|p2|Crabominable, L50, M|\n|poke|p2|Aerodactyl, L50, M|\n|poke|p2|Samurott-Hisui, L50, M|\n|poke|p2|Milotic, L50, M|\n|poke|p2|Sinistcha, L50|\n|poke|p2|Tinkaton, L50, F|\n|teampreview|4\n|inactive|Battle timer is ON: inactive players will automatically lose when time's up. (requested by vnunesp12)\n|\n|t:|1776223372\n|teamsize|p1|4\n|teamsize|p2|4\n|start\n|switch|p1a: Oliveira|Talonflame, L50, M|100/100\n|switch|p1b: Pulga|Sneasler, L50, M|100/100\n|switch|p2a: Sinistcha|Sinistcha, L50|100/100\n|switch|p2b: Aerodactyl|Aerodactyl, L50, M|100/100\n|turn|1\n|\n|t:|1776223386\n|move|p1b: Pulga|Fake Out|p2b: Aerodactyl\n|-resisted|p2b: Aerodactyl|1\n|-damage|p2b: Aerodactyl|88/100\n|move|p2a: Sinistcha|Rage Powder|p2a: Sinistcha\n|-singleturn|p2a: Sinistcha|move: Rage Powder\n|move|p1a: Oliveira|Tailwind|p1a: Oliveira\n|-sidestart|p1: vnunesp12|move: Tailwind\n|cant|p2b: Aerodactyl|flinch\n|\n|upkeep\n|turn|2\n|\n|t:|1776223409\n|move|p2a: Sinistcha|Rage Powder|p2a: Sinistcha\n|-singleturn|p2a: Sinistcha|move: Rage Powder\n|move|p1a: Oliveira|Brave Bird|p2a: Sinistcha\n|-supereffective|p2a: Sinistcha|1\n|-damage|p2a: Sinistcha|43/100\n|-damage|p1a: Oliveira|82/100|[from] Recoil\n|move|p1b: Pulga|Dire Claw|p2a: Sinistcha\n|-damage|p2a: Sinistcha|6/100\n|move|p2b: Aerodactyl|Rock Slide|p1b: Pulga|[spread] p1a,p1b\n|-supereffective|p1a: Oliveira|2\n|-resisted|p1b: Pulga|1\n|-damage|p1a: Oliveira|0 fnt\n|-damage|p1b: Pulga|79/100\n|faint|p1a: Oliveira\n|\n|upkeep\n|\n|t:|1776223425\n|switch|p1a: Everaldo|Froslass, L50, F|100/100\n|turn|3\n|inactive|Sechydfg has 30 seconds left.\n|\n|t:|1776223455\n|detailschange|p1a: Everaldo|Froslass-Mega, L50, F\n|-mega|p1a: Everaldo|Froslass|Froslassite\n|-weather|Snowscape|[from] ability: Snow Warning|[of] p1a: Everaldo\n|move|p2a: Sinistcha|Rage Powder|p2a: Sinistcha\n|-singleturn|p2a: Sinistcha|move: Rage Powder\n|move|p1b: Pulga|Dire Claw|p2a: Sinistcha\n|-damage|p2a: Sinistcha|0 fnt\n|faint|p2a: Sinistcha\n|move|p1a: Everaldo|Blizzard|p2b: Aerodactyl\n|-supereffective|p2b: Aerodactyl|1\n|-damage|p2b: Aerodactyl|0 fnt\n|faint|p2b: Aerodactyl\n|\n|-weather|Snowscape|[upkeep]\n|upkeep\n|\n|t:|1776223470\n|switch|p2b: Crabominable|Crabominable, L50, M|100/100\n|switch|p2a: Samurott|Samurott-Hisui, L50, M|100/100\n|turn|4\n|\n|t:|1776223486\n|move|p2b: Crabominable|Protect|p2b: Crabominable\n|-singleturn|p2b: Crabominable|Protect\n|move|p2a: Samurott|Sucker Punch|p1a: Everaldo\n|-supereffective|p1a: Everaldo|1\n|-damage|p1a: Everaldo|22/100\n|move|p1a: Everaldo|Shadow Ball|p2b: Crabominable\n|-activate|p2b: Crabominable|move: Protect\n|move|p1b: Pulga|Close Combat|p2a: Samurott\n|-supereffective|p2a: Samurott|1\n|-damage|p2a: Samurott|0 fnt\n|-unboost|p1b: Pulga|def|1\n|-unboost|p1b: Pulga|spd|1\n|faint|p2a: Samurott\n|-enditem|p1b: Pulga|White Herb\n|-clearnegativeboost|p1b: Pulga|[silent]\n|\n|-weather|Snowscape|[upkeep]\n|-sideend|p1: vnunesp12|move: Tailwind\n|upkeep\n|turn|5\n|inactive|vnunesp12 has 30 seconds left.\n|\n|t:|1776223517\n|detailschange|p2b: Crabominable|Crabominable-Mega, L50, M\n|-mega|p2b: Crabominable|Crabominable|Crabominite\n|move|p1b: Pulga|Close Combat|p2b: Crabominable\n|-supereffective|p2b: Crabominable|1\n|-damage|p2b: Crabominable|42/100\n|-unboost|p1b: Pulga|def|1\n|-unboost|p1b: Pulga|spd|1\n|move|p1a: Everaldo|Shadow Ball|p2b: Crabominable\n|-damage|p2b: Crabominable|6/100\n|move|p2b: Crabominable|Ice Hammer|p1b: Pulga\n|-damage|p1b: Pulga|0 fnt\n|-unboost|p2b: Crabominable|spe|1\n|faint|p1b: Pulga\n|\n|-weather|Snowscape|[upkeep]\n|upkeep\n|\n|t:|1776223534\n|switch|p1b: Erick|Kingambit, L50, M|100/100\n|turn|6\n|\n|t:|1776223543\n|move|p2b: Crabominable|Mach Punch|p1b: Erick\n|-supereffective|p1b: Erick|2\n|-damage|p1b: Erick|8/100\n|move|p1a: Everaldo|Ice Beam|p2b: Crabominable\n|-resisted|p2b: Crabominable|1\n|-damage|p2b: Crabominable|0 fnt\n|faint|p2b: Crabominable\n|\n|win|vnunesp12\n|raw|vnunesp12's rating: 1096 &rarr; <strong>1125</strong><br />(+29 for winning)\n|raw|Sechydfg's rating: 1140 &rarr; <strong>1112</strong><br />(-28 for losing)\n|l|\u2606Sechydfg\n|player|p2|\n",
  "uploadtime": 1776223553,
  "views": 26,
  "formatid": "gen9championsvgc2026regma",
  "rating": 1112,
  "private": 0,
  "password": null
}