{
  "id": "gen9championsvgc2026regma-2588485148",
  "format": "[Gen 9 Champions] VGC 2026 Reg M-A",
  "players": [
    "Zapdos79",
    "Kyus"
  ],
  "log": "|j|\u2606Zapdos79\n|j|\u2606Kyus\n|t:|1776637753\n|gametype|doubles\n|player|p1|Zapdos79|flannery|1121\n|player|p2|Kyus|adaman|1052\n|gen|9\n|tier|[Gen 9 Champions] VGC 2026 Reg M-A\n|rated|\n|rule|Species Clause: Limit one of each Pok\u00e9mon\n|rule|Item Clause: Limit 1 of each item\n|clearpoke\n|poke|p1|Tyranitar, L50, M|\n|poke|p1|Basculegion, L50, M|\n|poke|p1|Excadrill, L50, M|\n|poke|p1|Meganium, L50, M|\n|poke|p1|Farigiraf, L50, M|\n|poke|p1|Incineroar, L50, M|\n|poke|p2|Hawlucha, L50, M, shiny|\n|poke|p2|Alcremie, L50, F|\n|poke|p2|Glimmora, L50, F|\n|poke|p2|Talonflame, L50, M|\n|poke|p2|Forretress, L50, M|\n|poke|p2|Krookodile, L50, M|\n|teampreview|4\n|inactive|Battle timer is ON: inactive players will automatically lose when time's up. (requested by Kyus)\n|inactive|Zapdos79 has 60 seconds left.\n|inactive|Zapdos79 has 30 seconds left.\n|\n|t:|1776637863\n|teamsize|p1|4\n|teamsize|p2|4\n|start\n|switch|p1a: Incineroar|Incineroar, L50, M|100/100\n|switch|p1b: Farigiraf|Farigiraf, L50, M|100/100\n|switch|p2a: Forretress|Forretress, L50, M|100/100\n|switch|p2b: Krookodile|Krookodile, L50, M|100/100\n|-ability|p1a: Incineroar|Intimidate|boost\n|-unboost|p2a: Forretress|atk|1\n|-unboost|p2b: Krookodile|atk|1\n|turn|1\n|\n|t:|1776637884\n|move|p1a: Incineroar|Fake Out|p2b: Krookodile\n|-crit|p2b: Krookodile\n|-damage|p2b: Krookodile|74/100\n|cant|p2b: Krookodile|flinch\n|move|p1b: Farigiraf|Thunder Wave|p2a: Forretress|[miss]\n|-miss|p1b: Farigiraf|p2a: Forretress\n|move|p2a: Forretress|Stealth Rock|p1a: Incineroar\n|-sidestart|p1: Zapdos79|move: Stealth Rock\n|\n|upkeep\n|turn|2\n|\n|t:|1776637906\n|move|p1b: Farigiraf|Ally Switch|p1b: Farigiraf\n|swap|p1b: Farigiraf|0|[from] move: Ally Switch\n|move|p2b: Krookodile|Knock Off|p1b: Incineroar\n|-resisted|p1b: Incineroar|1\n|-damage|p1b: Incineroar|85/100\n|-enditem|p1b: Incineroar|Sitrus Berry|[from] move: Knock Off|[of] p2b: Krookodile\n|move|p1b: Incineroar|Flare Blitz|p2a: Forretress\n|-supereffective|p2a: Forretress|2\n|-enditem|p2a: Forretress|Occa Berry|[eat]\n|-enditem|p2a: Forretress|Occa Berry|[weaken]\n|-damage|p2a: Forretress|31/100\n|-damage|p1b: Incineroar|66/100|[from] Recoil\n|move|p2a: Forretress|Gyro Ball|p1a: Farigiraf\n|-damage|p1a: Farigiraf|91/100\n|\n|-heal|p1a: Farigiraf|97/100|[from] item: Leftovers\n|upkeep\n|turn|3\n|\n|t:|1776637931\n|move|p1a: Farigiraf|Protect|p1a: Farigiraf\n|-singleturn|p1a: Farigiraf|Protect\n|move|p2b: Krookodile|Knock Off|p1a: Farigiraf\n|-activate|p1a: Farigiraf|move: Protect\n|move|p1b: Incineroar|Flare Blitz|p2b: Krookodile\n|-damage|p2b: Krookodile|0 fnt\n|faint|p2b: Krookodile\n|-damage|p1b: Incineroar|44/100|[from] Recoil\n|move|p2a: Forretress|Explosion|p1b: Incineroar|[spread] p1b\n|-activate|p1a: Farigiraf|move: Protect\n|-damage|p1b: Incineroar|16/100\n|faint|p2a: Forretress\n|\n|-heal|p1a: Farigiraf|100/100|[from] item: Leftovers\n|upkeep\n|\n|t:|1776637939\n|switch|p2b: Glimmora|Glimmora, L50, F|100/100\n|switch|p2a: Alcremie|Alcremie, L50, F|100/100\n|turn|4\n|\n|t:|1776637958\n|detailschange|p2b: Glimmora|Glimmora-Mega, L50, F\n|-mega|p2b: Glimmora|Glimmora|Glimmoranite\n|move|p2b: Glimmora|Spiky Shield|p2b: Glimmora\n|-singleturn|p2b: Glimmora|move: Protect\n|move|p2a: Alcremie|Decorate|p2b: Glimmora\n|-boost|p2b: Glimmora|atk|2\n|-boost|p2b: Glimmora|spa|2\n|move|p1a: Farigiraf|Psychic|p2b: Glimmora\n|-activate|p2b: Glimmora|move: Protect\n|move|p1b: Incineroar|Parting Shot|p2b: Glimmora\n|-activate|p2b: Glimmora|move: Protect\n|\n|upkeep\n|turn|5\n|\n|t:|1776637975\n|move|p2a: Alcremie|Protect|p2a: Alcremie\n|-singleturn|p2a: Alcremie|Protect\n|move|p1a: Farigiraf|Ally Switch|p1a: Farigiraf\n|swap|p1a: Farigiraf|1|[from] move: Ally Switch\n|move|p2b: Glimmora|Sludge Wave|p1a: Incineroar|[spread] p1a,p1b\n|-activate|p2a: Alcremie|move: Protect\n|-damage|p1a: Incineroar|0 fnt\n|-damage|p1b: Farigiraf|29/100\n|faint|p1a: Incineroar\n|\n|-heal|p1b: Farigiraf|35/100|[from] item: Leftovers\n|upkeep\n|\n|t:|1776637985\n|switch|p1a: Tyranitar|Tyranitar, L50, M|100/100\n|-damage|p1a: Tyranitar|88/100|[from] Stealth Rock\n|-weather|Sandstorm|[from] ability: Sand Stream|[of] p1a: Tyranitar\n|turn|6\n|\n|t:|1776637993\n|move|p2b: Glimmora|Spiky Shield|p2b: Glimmora\n|-singleturn|p2b: Glimmora|move: Protect\n|move|p1a: Tyranitar|Rock Slide|p2b: Glimmora|[spread] p2a\n|-activate|p2b: Glimmora|move: Protect\n|-damage|p2a: Alcremie|55/100\n|cant|p2a: Alcremie|flinch\n|move|p1b: Farigiraf|Psychic|p2a: Alcremie\n|-damage|p2a: Alcremie|33/100\n|\n|-weather|Sandstorm|[upkeep]\n|-damage|p2a: Alcremie|27/100|[from] Sandstorm\n|-damage|p1b: Farigiraf|29/100|[from] Sandstorm\n|-heal|p1b: Farigiraf|35/100|[from] item: Leftovers\n|upkeep\n|turn|7\n|\n|t:|1776638010\n|move|p2a: Alcremie|Helping Hand|p2b: Glimmora\n|-singleturn|p2b: Glimmora|Helping Hand|[of] p2a: Alcremie\n|move|p2b: Glimmora|Sludge Wave|p1b: Farigiraf|[spread] p2a,p1a,p1b\n|-supereffective|p2a: Alcremie|1\n|-resisted|p1a: Tyranitar|1\n|-damage|p2a: Alcremie|0 fnt\n|-damage|p1a: Tyranitar|33/100\n|-damage|p1b: Farigiraf|0 fnt\n|faint|p2a: Alcremie\n|faint|p1b: Farigiraf\n|move|p1a: Tyranitar|Rock Slide|p2b: Glimmora\n|-damage|p2b: Glimmora|51/100\n|\n|-weather|Sandstorm|[upkeep]\n|upkeep\n|\n|t:|1776638021\n|switch|p1b: Excadrill|Excadrill, L50, M|100/100\n|-damage|p1b: Excadrill|97/100|[from] Stealth Rock\n|turn|8\n|\n|t:|1776638027\n|move|p2b: Glimmora|Spiky Shield|p2b: Glimmora\n|-singleturn|p2b: Glimmora|move: Protect\n|move|p1b: Excadrill|Iron Head|p2b: Glimmora\n|-activate|p2b: Glimmora|move: Protect\n|-damage|p1b: Excadrill|85/100|[from] Spiky Shield|[of] p2b: Glimmora\n|move|p1a: Tyranitar|Rock Slide|p2b: Glimmora\n|-activate|p2b: Glimmora|move: Protect\n|\n|-weather|Sandstorm|[upkeep]\n|upkeep\n|turn|9\n|\n|t:|1776638037\n|move|p1b: Excadrill|Iron Head|p2b: Glimmora\n|-supereffective|p2b: Glimmora|1\n|-damage|p2b: Glimmora|0 fnt\n|faint|p2b: Glimmora\n|\n|win|Zapdos79\n|raw|Zapdos79's rating: 1121 &rarr; <strong>1141</strong><br />(+20 for winning)\n|raw|Kyus's rating: 1052 &rarr; <strong>1038</strong><br />(-14 for losing)\n|l|\u2606Kyus\n|player|p2|\n|c|\u2606Zapdos79|gg\n",
  "uploadtime": 1776638043,
  "views": 8,
  "formatid": "gen9championsvgc2026regma",
  "rating": 1038,
  "private": 0,
  "password": null
}