{
  "id": "gen9championsvgc2026regma-2588878726",
  "format": "[Gen 9 Champions] VGC 2026 Reg M-A",
  "players": [
    "KarmicPines2002",
    "Stardustprincess"
  ],
  "log": "|j|\u2606KarmicPines2002\n|j|\u2606Stardustprincess\n|t:|1776681643\n|gametype|doubles\n|player|p1|KarmicPines2002|102|1305\n|player|p2|Stardustprincess|idol|1201\n|gen|9\n|tier|[Gen 9 Champions] VGC 2026 Reg M-A\n|rated|\n|rule|Species Clause: Limit one of each Pok\u00e9mon\n|rule|Item Clause: Limit 1 of each item\n|clearpoke\n|poke|p1|Sneasler, L50, M|\n|poke|p1|Basculegion, L50, M|\n|poke|p1|Aerodactyl, L50, M|\n|poke|p1|Archaludon, L50, M|\n|poke|p1|Scovillain, L50, M|\n|poke|p1|Pelipper, L50, F|\n|poke|p2|Kangaskhan, L50, F|\n|poke|p2|Farigiraf, L50, M|\n|poke|p2|Milotic, L50, F|\n|poke|p2|Drampa, L50, M|\n|poke|p2|Incineroar, L50, M|\n|poke|p2|Corviknight, L50, F|\n|teampreview|4\n|inactive|Battle timer is ON: inactive players will automatically lose when time's up. (requested by KarmicPines2002)\n|\n|t:|1776681679\n|teamsize|p1|4\n|teamsize|p2|4\n|start\n|switch|p1a: Scovillain|Scovillain, L50, M|100/100\n|switch|p1b: Basculegion|Basculegion, L50, M|100/100\n|switch|p2a: Incineroar|Incineroar, L50, M|100/100\n|switch|p2b: Farigiraf|Farigiraf, L50, M|100/100\n|-ability|p2a: Incineroar|Intimidate|boost\n|-unboost|p1a: Scovillain|atk|1\n|-unboost|p1b: Basculegion|atk|1\n|turn|1\n|inactive|KarmicPines2002 has 30 seconds left.\n|\n|t:|1776681707\n|switch|p2a: Drampa|Drampa, L50, M|100/100\n|-ability|p2a: Drampa|Cloud Nine\n|detailschange|p1a: Scovillain|Scovillain-Mega, L50, M\n|-mega|p1a: Scovillain|Scovillain|Scovillainite\n|move|p1b: Basculegion|Liquidation|p2b: Farigiraf\n|-damage|p2b: Farigiraf|76/100\n|-unboost|p2b: Farigiraf|def|1\n|move|p1a: Scovillain|Leech Seed|p2a: Drampa\n|-start|p2a: Drampa|move: Leech Seed\n|move|p2b: Farigiraf|Trick Room|p2b: Farigiraf\n|-fieldstart|move: Trick Room|[of] p2b: Farigiraf\n|\n|-damage|p2a: Drampa|88/100|[from] Leech Seed|[of] p1a: Scovillain\n|upkeep\n|turn|2\n|\n|t:|1776681732\n|switch|p2b: Incineroar|Incineroar, L50, M|100/100\n|-ability|p2b: Incineroar|Intimidate|boost\n|-unboost|p1a: Scovillain|atk|1\n|-unboost|p1b: Basculegion|atk|1\n|move|p1b: Basculegion|Protect|p1b: Basculegion\n|-singleturn|p1b: Basculegion|Protect\n|move|p2a: Drampa|Draco Meteor|p1a: Scovillain\n|-damage|p1a: Scovillain|30/100\n|-unboost|p2a: Drampa|spa|2\n|-status|p2a: Drampa|brn|[from] ability: Spicy Spray|[of] p1a: Scovillain\n|move|p1a: Scovillain|Leech Seed|p2b: Incineroar\n|-start|p2b: Incineroar|move: Leech Seed\n|\n|-damage|p2a: Drampa|76/100 brn|[from] Leech Seed|[of] p1a: Scovillain\n|-heal|p1a: Scovillain|44/100|[silent]\n|-damage|p2b: Incineroar|88/100|[from] Leech Seed|[of] p1a: Scovillain\n|-heal|p1a: Scovillain|58/100|[silent]\n|-damage|p2a: Drampa|70/100 brn|[from] brn\n|upkeep\n|turn|3\n|inactive|KarmicPines2002 has 30 seconds left.\n|\n|t:|1776681758\n|switch|p2a: Farigiraf|Farigiraf, L50, M|76/100\n|switch|p2b: Kangaskhan|Kangaskhan, L50, F|100/100\n|switch|p1b: Pelipper|Pelipper, L50, F|100/100\n|-weather|RainDance|[from] ability: Drizzle|[of] p1b: Pelipper\n|move|p1a: Scovillain|Protect||[still]\n|-fail|p1a: Scovillain\n|\n|-weather|RainDance|[upkeep]\n|upkeep\n|turn|4\n|inactive|KarmicPines2002 has 30 seconds left.\n|inactive|Stardustprincess has 30 seconds left.\n|\n|t:|1776681785\n|switch|p2b: Drampa|Drampa, L50, M|70/100 brn\n|-ability|p2b: Drampa|Cloud Nine\n|move|p2a: Farigiraf|Hyper Voice|p1a: Scovillain|[spread] p1a,p1b\n|-damage|p1a: Scovillain|34/100\n|-damage|p1b: Pelipper|66/100\n|-status|p2a: Farigiraf|brn|[from] ability: Spicy Spray|[of] p1a: Scovillain\n|move|p1b: Pelipper|Weather Ball|p2a: Farigiraf\n|-damage|p2a: Farigiraf|66/100 brn\n|move|p1a: Scovillain|Leech Seed|p2b: Drampa\n|-start|p2b: Drampa|move: Leech Seed\n|\n|-weather|RainDance|[upkeep]\n|-damage|p2b: Drampa|57/100 brn|[from] Leech Seed|[of] p1a: Scovillain\n|-heal|p1a: Scovillain|47/100|[silent]\n|-damage|p2b: Drampa|51/100 brn|[from] brn\n|-damage|p2a: Farigiraf|60/100 brn|[from] brn\n|upkeep\n|turn|5\n|inactive|KarmicPines2002 has 30 seconds left.\n|\n|t:|1776681813\n|switch|p2b: Incineroar|Incineroar, L50, M|88/100\n|-ability|p2b: Incineroar|Intimidate|boost\n|-unboost|p1a: Scovillain|atk|1\n|-unboost|p1b: Pelipper|atk|1\n|move|p1b: Pelipper|Protect|p1b: Pelipper\n|-singleturn|p1b: Pelipper|Protect\n|move|p1a: Scovillain|Protect|p1a: Scovillain\n|-singleturn|p1a: Scovillain|Protect\n|move|p2a: Farigiraf|Hyper Voice|p1a: Scovillain|[spread] \n|-activate|p1a: Scovillain|move: Protect\n|-activate|p1b: Pelipper|move: Protect\n|\n|-weather|RainDance|[upkeep]\n|-damage|p2a: Farigiraf|54/100 brn|[from] brn\n|-fieldend|move: Trick Room\n|upkeep\n|turn|6\n|\n|t:|1776681835\n|move|p2b: Incineroar|Fake Out|p1b: Pelipper\n|-damage|p1b: Pelipper|56/100\n|move|p1a: Scovillain|Leech Seed|p2a: Farigiraf\n|-start|p2a: Farigiraf|move: Leech Seed\n|cant|p1b: Pelipper|flinch\n|move|p2a: Farigiraf|Trick Room|p2a: Farigiraf\n|-fieldstart|move: Trick Room|[of] p2a: Farigiraf\n|\n|-weather|RainDance|[upkeep]\n|-damage|p2a: Farigiraf|42/100 brn|[from] Leech Seed|[of] p1a: Scovillain\n|-heal|p1a: Scovillain|63/100|[silent]\n|-damage|p2a: Farigiraf|36/100 brn|[from] brn\n|upkeep\n|turn|7\n|inactive|KarmicPines2002 has 30 seconds left.\n|inactive|Stardustprincess has 30 seconds left.\n|inactive|Stardustprincess has 20 seconds left.\n|inactive|Stardustprincess has 15 seconds left.\n|inactive|Stardustprincess has 10 seconds left.\n|\n|t:|1776681884\n|switch|p2a: Drampa|Drampa, L50, M|51/100 brn\n|-ability|p2a: Drampa|Cloud Nine\n|switch|p1b: Archaludon|Archaludon, L50, M|100/100\n|move|p2b: Incineroar|Flare Blitz|p1a: Scovillain\n|-damage|p1a: Scovillain|17/100\n|-immune|p2b: Incineroar\n|-damage|p2b: Incineroar|75/100|[from] Recoil\n|move|p1a: Scovillain|Leech Seed|p2b: Incineroar\n|-start|p2b: Incineroar|move: Leech Seed\n|\n|-weather|none\n|-damage|p2b: Incineroar|63/100|[from] Leech Seed|[of] p1a: Scovillain\n|-heal|p1a: Scovillain|31/100|[silent]\n|-damage|p2a: Drampa|45/100 brn|[from] brn\n|upkeep\n|turn|8\n|inactive|KarmicPines2002 has 30 seconds left.\n|inactive|Stardustprincess has 30 seconds left.\n|inactive|KarmicPines2002 has 20 seconds left.\n|inactive|Stardustprincess has 20 seconds left.\n|inactive|KarmicPines2002 has 15 seconds left.\n|inactive|KarmicPines2002 has 10 seconds left.\n|\n|t:|1776681934\n|move|p2a: Drampa|Draco Meteor|p1b: Archaludon\n|-ability|p1b: Archaludon|Sturdy\n|-damage|p1b: Archaludon|1/100\n|-unboost|p2a: Drampa|spa|2\n|move|p2b: Incineroar|Parting Shot|p1b: Archaludon\n|-unboost|p1b: Archaludon|atk|1\n|-unboost|p1b: Archaludon|spa|1\n|\n|t:|1776681943\n|switch|p2b: Farigiraf|Farigiraf, L50, M|36/100 brn|[from] Parting Shot\n|move|p1a: Scovillain|Leech Seed|p2a: Drampa\n|-start|p2a: Drampa|move: Leech Seed\n|move|p1b: Archaludon|Flash Cannon|p2b: Farigiraf\n|-damage|p2b: Farigiraf|13/100 brn\n|\n|-damage|p2a: Drampa|33/100 brn|[from] Leech Seed|[of] p1a: Scovillain\n|-heal|p1a: Scovillain|45/100|[silent]\n|-damage|p2a: Drampa|27/100 brn|[from] brn\n|-damage|p2b: Farigiraf|7/100 brn|[from] brn\n|upkeep\n|turn|9\n|inactive|KarmicPines2002 has 30 seconds left.\n|inactive|KarmicPines2002 has 20 seconds left.\n|\n|t:|1776681981\n|move|p2a: Drampa|Draco Meteor|p1a: Scovillain\n|-damage|p1a: Scovillain|10/100\n|-unboost|p2a: Drampa|spa|2\n|move|p2b: Farigiraf|Hyper Voice|p1a: Scovillain|[spread] p1a,p1b\n|-resisted|p1b: Archaludon|1\n|-damage|p1a: Scovillain|0 fnt\n|-damage|p1b: Archaludon|0 fnt\n|faint|p1a: Scovillain\n|faint|p1b: Archaludon\n|\n|-damage|p2a: Drampa|21/100 brn|[from] brn\n|-damage|p2b: Farigiraf|1/100 brn|[from] brn\n|upkeep\n|\n|t:|1776681994\n|switch|p1a: Pelipper|Pelipper, L50, F|56/100\n|switch|p1b: Basculegion|Basculegion, L50, M|100/100\n|-weather|RainDance|[from] ability: Drizzle|[of] p1a: Pelipper\n|turn|10\n|\n|t:|1776682014\n|switch|p2a: Incineroar|Incineroar, L50, M|63/100\n|-ability|p2a: Incineroar|Intimidate|boost\n|-unboost|p1a: Pelipper|atk|1\n|-unboost|p1b: Basculegion|atk|1\n|move|p1a: Pelipper|Protect|p1a: Pelipper\n|-singleturn|p1a: Pelipper|Protect\n|move|p1b: Basculegion|Protect|p1b: Basculegion\n|-singleturn|p1b: Basculegion|Protect\n|move|p2b: Farigiraf|Twin Beam|p1a: Pelipper\n|-activate|p1a: Pelipper|move: Protect\n|\n|-weather|RainDance|[upkeep]\n|-damage|p2b: Farigiraf|0 fnt|[from] brn\n|faint|p2b: Farigiraf\n|-fieldend|move: Trick Room\n|upkeep\n|\n|t:|1776682025\n|switch|p2b: Drampa|Drampa, L50, M|21/100 brn\n|-ability|p2b: Drampa|Cloud Nine\n|turn|11\n|\n|t:|1776682041\n|move|p2a: Incineroar|Fake Out|p1a: Pelipper\n|-damage|p1a: Pelipper|45/100\n|-enditem|p1a: Pelipper|Sitrus Berry|[eat]\n|-heal|p1a: Pelipper|70/100|[from] item: Sitrus Berry\n|move|p1b: Basculegion|Aqua Jet|p2b: Drampa\n|-resisted|p2b: Drampa|1\n|-damage|p2b: Drampa|13/100 brn\n|cant|p1a: Pelipper|flinch\n|move|p2b: Drampa|Thunderbolt|p1a: Pelipper\n|-supereffective|p1a: Pelipper|2\n|-damage|p1a: Pelipper|0 fnt\n|faint|p1a: Pelipper\n|\n|-weather|RainDance|[upkeep]\n|-damage|p2b: Drampa|8/100 brn|[from] brn\n|upkeep\n|turn|12\n|\n|t:|1776682058\n|move|p1b: Basculegion|Protect|p1b: Basculegion\n|-singleturn|p1b: Basculegion|Protect\n|move|p2a: Incineroar|Throat Chop|p1b: Basculegion\n|-activate|p1b: Basculegion|move: Protect\n|move|p2b: Drampa|Thunderbolt|p1b: Basculegion\n|-activate|p1b: Basculegion|move: Protect\n|\n|-weather|RainDance|[upkeep]\n|-damage|p2b: Drampa|2/100 brn|[from] brn\n|upkeep\n|turn|13\n|\n|t:|1776682073\n|move|p1b: Basculegion|Aqua Jet|p2b: Drampa\n|-resisted|p2b: Drampa|1\n|-damage|p2b: Drampa|0 fnt\n|faint|p2b: Drampa\n|move|p2a: Incineroar|Throat Chop|p1b: Basculegion\n|-supereffective|p1b: Basculegion|1\n|-damage|p1b: Basculegion|19/100\n|-start|p1b: Basculegion|Throat Chop|[silent]\n|\n|-weather|RainDance|[upkeep]\n|upkeep\n|\n|t:|1776682076\n|switch|p2b: Kangaskhan|Kangaskhan, L50, F|100/100\n|turn|14\n|\n|t:|1776682086\n|detailschange|p2b: Kangaskhan|Kangaskhan-Mega, L50, F\n|-mega|p2b: Kangaskhan|Kangaskhan|Kangaskhanite\n|move|p1b: Basculegion|Liquidation|p2a: Incineroar\n|-supereffective|p2a: Incineroar|1\n|-damage|p2a: Incineroar|0 fnt\n|faint|p2a: Incineroar\n|move|p2b: Kangaskhan|Crunch|p1b: Basculegion\n|-supereffective|p1b: Basculegion|1\n|-damage|p1b: Basculegion|0 fnt\n|faint|p1b: Basculegion\n|-hitcount|p1: Basculegion|1\n|\n|win|Stardustprincess\n|raw|KarmicPines2002's rating: 1305 &rarr; <strong>1279</strong><br />(-26 for losing)\n|raw|Stardustprincess's rating: 1201 &rarr; <strong>1233</strong><br />(+32 for winning)\n|l|\u2606Stardustprincess\n|player|p2|\n",
  "uploadtime": 1776682097,
  "views": 8,
  "formatid": "gen9championsvgc2026regma",
  "rating": 1233,
  "private": 0,
  "password": null
}