{
  "id": "gen9championsvgc2026regma-2583815534",
  "format": "[Gen 9 Champions] VGC 2026 Reg M-A",
  "players": [
    "JimmiBunnie",
    "Shwammy2"
  ],
  "log": "|j|\u2606JimmiBunnie\n|j|\u2606Shwammy2\n|t:|1776199863\n|gametype|doubles\n|player|p1|JimmiBunnie|pokekid|1101\n|player|p2|Shwammy2|acetrainer-gen4dp|1107\n|gen|9\n|tier|[Gen 9 Champions] VGC 2026 Reg M-A\n|rated|\n|rule|Species Clause: Limit one of each Pok\u00e9mon\n|rule|Item Clause: Limit 1 of each item\n|clearpoke\n|poke|p1|Lopunny, L50, M|\n|poke|p1|Garchomp, L50, F|\n|poke|p1|Incineroar, L50, M|\n|poke|p1|Rotom-Wash, L50|\n|poke|p1|Whimsicott, L50, F|\n|poke|p1|Sinistcha, L50|\n|poke|p2|Golurk, L50|\n|poke|p2|Sneasler, L50, F|\n|poke|p2|Dragapult, L50, F|\n|poke|p2|Ninetales, L50, M|\n|poke|p2|Whimsicott, L50, F|\n|poke|p2|Rotom-Wash, L50|\n|teampreview|4\n|inactive|Battle timer is ON: inactive players will automatically lose when time's up. (requested by Shwammy2)\nShwammy2 has agreed to open team sheets.\n|c|\u2606Shwammy2|glhf\n|inactive|JimmiBunnie has 60 seconds left.\n|inactive|Shwammy2 has 60 seconds left.\n|\n|t:|1776199910\n|teamsize|p1|4\n|teamsize|p2|4\n|start\n|switch|p1a: Rotom|Rotom-Wash, L50|100/100\n|switch|p1b: Lopunny|Lopunny, L50, M|100/100\n|switch|p2a: Sneasler|Sneasler, L50, F|100/100\n|switch|p2b: Golurk|Golurk, L50|100/100\n|turn|1\n|\n|t:|1776199926\n|detailschange|p1b: Lopunny|Lopunny-Mega, L50, M\n|-mega|p1b: Lopunny|Lopunny|Lopunnite\n|detailschange|p2b: Golurk|Golurk-Mega, L50\n|-mega|p2b: Golurk|Golurk|Golurkite\n|move|p1b: Lopunny|Fake Out|p2a: Sneasler\n|-damage|p2a: Sneasler|63/100\n|cant|p2a: Sneasler|flinch\n|move|p1a: Rotom|Hydro Pump|p2b: Golurk\n|-supereffective|p2b: Golurk|1\n|-damage|p2b: Golurk|0 fnt\n|faint|p2b: Golurk\n|\n|upkeep\n|\n|t:|1776199934\n|switch|p2b: Rotom|Rotom-Wash, L50|100/100\n|turn|2\n|\n|t:|1776199946\n|move|p1b: Lopunny|Protect|p1b: Lopunny\n|-singleturn|p1b: Lopunny|Protect\n|move|p2a: Sneasler|Protect|p2a: Sneasler\n|-singleturn|p2a: Sneasler|Protect\n|move|p1a: Rotom|Volt Switch|p2b: Rotom\n|-damage|p2b: Rotom|68/100\n|\n|t:|1776199958\n|switch|p1a: Garchomp|Garchomp, L50, F|100/100|[from] Volt Switch\n|move|p2b: Rotom|Electroweb|p1b: Lopunny|[spread] \n|-activate|p1b: Lopunny|move: Protect\n|-immune|p1a: Garchomp\n|\n|-heal|p2b: Rotom|74/100|[from] item: Leftovers\n|upkeep\n|turn|3\n|\n|t:|1776199973\n|switch|p1b: Rotom|Rotom-Wash, L50|100/100\n|move|p2a: Sneasler|Close Combat|p1b: Rotom\n|-damage|p1b: Rotom|37/100\n|-unboost|p2a: Sneasler|def|1\n|-unboost|p2a: Sneasler|spd|1\n|-enditem|p2a: Sneasler|White Herb\n|-clearnegativeboost|p2a: Sneasler|[silent]\n|move|p1a: Garchomp|Earthquake|p2b: Rotom|[spread] p2a\n|-immune|p1b: Rotom|[from] ability: Levitate\n|-immune|p2b: Rotom|[from] ability: Levitate\n|-supereffective|p2a: Sneasler|1\n|-damage|p2a: Sneasler|0 fnt\n|faint|p2a: Sneasler\n|move|p2b: Rotom|Will-O-Wisp|p1a: Garchomp\n|-status|p1a: Garchomp|brn\n|\n|-heal|p2b: Rotom|79/100|[from] item: Leftovers\n|-heal|p1b: Rotom|43/100|[from] item: Leftovers\n|-damage|p1a: Garchomp|94/100 brn|[from] brn\n|upkeep\n|\n|t:|1776199978\n|switch|p2a: B-2|Dragapult, L50, F, shiny|100/100\n|turn|4\n|inactive|JimmiBunnie has 30 seconds left.\n|inactive|JimmiBunnie has 20 seconds left.\n|\n|t:|1776200014\n|switch|p1a: Incineroar|Incineroar, L50, M|100/100\n|-ability|p1a: Incineroar|Intimidate|boost\n|-fail|p2a: B-2|unboost|[from] ability: Clear Body|[of] p2a: B-2\n|-unboost|p2b: Rotom|atk|1\n|move|p2a: B-2|Phantom Force||[still]\n|-prepare|p2a: B-2|Phantom Force\n|move|p1b: Rotom|Will-O-Wisp|p2a: B-2|[miss]\n|-miss|p1b: Rotom|p2a: B-2\n|move|p2b: Rotom|Hydro Pump|p1a: Incineroar\n|-supereffective|p1a: Incineroar|1\n|-damage|p1a: Incineroar|34/100\n|-enditem|p1a: Incineroar|Sitrus Berry|[eat]\n|-heal|p1a: Incineroar|59/100|[from] item: Sitrus Berry\n|\n|-heal|p1b: Rotom|48/100|[from] item: Leftovers\n|-heal|p2b: Rotom|85/100|[from] item: Leftovers\n|upkeep\n|turn|5\n|\n|t:|1776200038\n|move|p2b: Rotom|Protect|p2b: Rotom\n|-singleturn|p2b: Rotom|Protect\n|move|p2a: B-2|Phantom Force|p1a: Incineroar|[from] lockedmove\n|-resisted|p1a: Incineroar|1\n|-damage|p1a: Incineroar|40/100\n|move|p1b: Rotom|Volt Switch|p2b: Rotom\n|-activate|p2b: Rotom|move: Protect\n|move|p1a: Incineroar|Parting Shot|p2b: Rotom\n|-activate|p2b: Rotom|move: Protect\n|\n|-heal|p2b: Rotom|91/100|[from] item: Leftovers\n|-heal|p1b: Rotom|54/100|[from] item: Leftovers\n|upkeep\n|turn|6\n|\n|t:|1776200058\n|move|p2a: B-2|Phantom Force||[still]\n|-prepare|p2a: B-2|Phantom Force\n|move|p1b: Rotom|Volt Switch|p2b: Rotom\n|-damage|p2b: Rotom|60/100\n|\n|t:|1776200064\n|switch|p1b: Lopunny|Lopunny-Mega, L50, M|100/100|[from] Volt Switch\n|move|p2b: Rotom|Electroweb|p1b: Lopunny|[spread] p1a,p1b\n|-damage|p1a: Incineroar|27/100\n|-damage|p1b: Lopunny|81/100\n|-unboost|p1a: Incineroar|spe|1\n|-unboost|p1b: Lopunny|spe|1\n|move|p1a: Incineroar|Throat Chop|p2a: B-2|[miss]\n|-miss|p1a: Incineroar|p2a: B-2\n|\n|-heal|p2b: Rotom|66/100|[from] item: Leftovers\n|upkeep\n|turn|7\n|\n|t:|1776200086\n|move|p1b: Lopunny|Protect|p1b: Lopunny\n|-singleturn|p1b: Lopunny|Protect\n|move|p2a: B-2|Phantom Force|p1b: Lopunny|[from] lockedmove\n|-immune|p1b: Lopunny\n|move|p2b: Rotom|Will-O-Wisp|p1b: Lopunny\n|-activate|p1b: Lopunny|move: Protect\n|move|p1a: Incineroar|Parting Shot|p2b: Rotom\n|-unboost|p2b: Rotom|atk|1\n|-unboost|p2b: Rotom|spa|1\n|\n|t:|1776200099\n|switch|p1a: Rotom|Rotom-Wash, L50|54/100|[from] Parting Shot\n|\n|-heal|p1a: Rotom|60/100|[from] item: Leftovers\n|-heal|p2b: Rotom|72/100|[from] item: Leftovers\n|upkeep\n|turn|8\n|\n|t:|1776200110\n|move|p2a: B-2|Dragon Darts|p1a: Rotom\n|-damage|p1a: Rotom|34/100\n|-anim|p2a: B-2|Dragon Darts|p1b: Lopunny\n|-damage|p1b: Lopunny|49/100\n|move|p1b: Lopunny|Close Combat|p2b: Rotom\n|-damage|p2b: Rotom|16/100\n|-unboost|p1b: Lopunny|def|1\n|-unboost|p1b: Lopunny|spd|1\n|move|p1a: Rotom|Volt Switch|p2b: Rotom\n|-damage|p2b: Rotom|0 fnt\n|faint|p2b: Rotom\n|\n|t:|1776200126\n|switch|p1a: Garchomp|Garchomp, L50, F|94/100 brn|[from] Volt Switch\n|\n|-damage|p1a: Garchomp|88/100 brn|[from] brn\n|upkeep\n|turn|9\n|\n|t:|1776200145\n|move|p2a: B-2|Dragon Darts|p1b: Lopunny\n|-damage|p1b: Lopunny|0 fnt\n|-anim|p2a: B-2|Dragon Darts|p1a: Garchomp\n|-supereffective|p1a: Garchomp|1\n|-damage|p1a: Garchomp|36/100 brn\n|faint|p1b: Lopunny\n|move|p1a: Garchomp|Dragon Claw|p2a: B-2\n|-supereffective|p2a: B-2|1\n|-damage|p2a: B-2|42/100\n|\n|-damage|p1a: Garchomp|30/100 brn|[from] brn\n|upkeep\n|\n|t:|1776200162\n|switch|p1b: Incineroar|Incineroar, L50, M|27/100\n|-ability|p1b: Incineroar|Intimidate|boost\n|-fail|p2a: B-2|unboost|[from] ability: Clear Body|[of] p2a: B-2\n|turn|10\n|\n|t:|1776200176\n|move|p2a: B-2|Dragon Darts|p1b: Incineroar\n|-damage|p1b: Incineroar|6/100\n|-anim|p2a: B-2|Dragon Darts|p1a: Garchomp\n|-supereffective|p1a: Garchomp|1\n|-damage|p1a: Garchomp|0 fnt\n|faint|p1a: Garchomp\n|move|p1b: Incineroar|Throat Chop|p2a: B-2\n|-supereffective|p2a: B-2|1\n|-crit|p2a: B-2\n|-damage|p2a: B-2|0 fnt\n|faint|p2a: B-2\n|\n|win|JimmiBunnie\n|raw|JimmiBunnie's rating: 1101 &rarr; <strong>1126</strong><br />(+25 for winning)\n|raw|Shwammy2's rating: 1107 &rarr; <strong>1082</strong><br />(-25 for losing)\n",
  "uploadtime": 1776200187,
  "views": 14,
  "formatid": "gen9championsvgc2026regma",
  "rating": 1082,
  "private": 0,
  "password": null
}