{
  "id": "gen9championsvgc2026regma-2588808369",
  "format": "[Gen 9 Champions] VGC 2026 Reg M-A",
  "players": [
    "Tommy2tumb",
    "mizutiga"
  ],
  "log": "|j|\u2606Tommy2tumb\n|j|\u2606mizutiga\n|t:|1776673421\n|gametype|doubles\n|player|p1|Tommy2tumb|102|1049\n|player|p2|mizutiga|266|1093\n|gen|9\n|tier|[Gen 9 Champions] VGC 2026 Reg M-A\n|rated|\n|rule|Species Clause: Limit one of each Pok\u00e9mon\n|rule|Item Clause: Limit 1 of each item\n|clearpoke\n|poke|p1|Primarina, L50, M|\n|poke|p1|Basculegion-F, L50, F|\n|poke|p1|Araquanid, L50, M|\n|poke|p1|Dragonite, L50, M|\n|poke|p1|Blastoise, L50, F|\n|poke|p1|Goodra-Hisui, L50, F|\n|poke|p2|Serperior, L50, F, shiny|\n|poke|p2|Incineroar, L50, F|\n|poke|p2|Tauros-Paldea-Aqua, L50, M|\n|poke|p2|Pelipper, L50, F|\n|poke|p2|Dragonite, L50, F|\n|poke|p2|Milotic, L50, M|\n|teampreview|4\n|\n|t:|1776673457\n|teamsize|p1|4\n|teamsize|p2|4\n|start\n|switch|p1a: Blastoise|Blastoise, L50, F|100/100\n|switch|p1b: Araquanid|Araquanid, L50, M|100/100\n|switch|p2a: Serperior|Serperior, L50, F, shiny|100/100\n|switch|p2b: Milotic|Milotic, L50, M|100/100\n|turn|1\n|\n|t:|1776673479\n|switch|p2b: Dragonite|Dragonite, L50, F|100/100\n|move|p2a: Serperior|Leaf Storm|p1a: Blastoise\n|-supereffective|p1a: Blastoise|1\n|-damage|p1a: Blastoise|25/100\n|-boost|p2a: Serperior|spa|2\n|move|p1a: Blastoise|Aqua Ring|p1a: Blastoise\n|-start|p1a: Blastoise|Aqua Ring\n|move|p1b: Araquanid|Aqua Ring|p1b: Araquanid\n|-start|p1b: Araquanid|Aqua Ring\n|\n|-heal|p1a: Blastoise|31/100|[from] item: Leftovers\n|-heal|p1a: Blastoise|37/100|[from] Aqua Ring\n|upkeep\n|turn|2\n|\n|t:|1776673500\n|switch|p1a: Goodra|Goodra-Hisui, L50, F|100/100\n|detailschange|p2b: Dragonite|Dragonite-Mega, L50, F\n|-mega|p2b: Dragonite|Dragonite|Dragoninite\n|move|p2a: Serperior|Leaf Storm|p1a: Goodra\n|-ability|p1a: Goodra|Sap Sipper|boost\n|-boost|p1a: Goodra|atk|1\n|move|p2b: Dragonite|Tailwind|p2b: Dragonite\n|-sidestart|p2: mizutiga|move: Tailwind\n|move|p1b: Araquanid|Lunge|p2a: Serperior\n|-supereffective|p2a: Serperior|1\n|-damage|p2a: Serperior|43/100\n|-boost|p2a: Serperior|atk|1\n|\n|upkeep\n|turn|3\n|\n|t:|1776673536\n|move|p2a: Serperior|Dragon Pulse|p1a: Goodra\n|-damage|p1a: Goodra|75/100\n|move|p2b: Dragonite|Draco Meteor|p1a: Goodra\n|-damage|p1a: Goodra|33/100\n|-unboost|p2b: Dragonite|spa|2\n|move|p1a: Goodra|Breaking Swipe|p2b: Dragonite|[spread] p2a,p2b\n|-supereffective|p2b: Dragonite|1\n|-damage|p2a: Serperior|11/100\n|-damage|p2b: Dragonite|81/100\n|-boost|p2a: Serperior|atk|1\n|-unboost|p2b: Dragonite|atk|1\n|move|p1b: Araquanid|Lunge|p2a: Serperior\n|-supereffective|p2a: Serperior|1\n|-damage|p2a: Serperior|0 fnt\n|faint|p2a: Serperior\n|\n|upkeep\n|\n|t:|1776673549\n|switch|p2a: Pelipper|Pelipper, L50, F|100/100\n|-weather|RainDance|[from] ability: Drizzle|[of] p2a: Pelipper\n|turn|4\n|\n|t:|1776673560\n|switch|p2b: Milotic|Milotic, L50, M|100/100\n|switch|p1b: Blastoise|Blastoise, L50, F|37/100\n|move|p2a: Pelipper|Hurricane|p1b: Blastoise\n|-damage|p1b: Blastoise|11/100\n|move|p1a: Goodra|Life Dew|p1a: Goodra|[spread] p1a,p1b\n|-heal|p1a: Goodra|58/100\n|-heal|p1b: Blastoise|36/100\n|\n|-weather|RainDance|[upkeep]\n|-heal|p1b: Blastoise|42/100|[from] ability: Rain Dish\n|-heal|p1b: Blastoise|48/100|[from] item: Leftovers\n|upkeep\n|turn|5\n|\n|t:|1776673583\n|switch|p2a: Dragonite|Dragonite-Mega, L50, F|81/100\n|move|p2b: Milotic|Alluring Voice|p1a: Goodra\n|-damage|p1a: Goodra|46/100\n|move|p1b: Blastoise|Life Dew|p1b: Blastoise|[spread] p1a,p1b\n|-heal|p1a: Goodra|71/100\n|-heal|p1b: Blastoise|73/100\n|move|p1a: Goodra|Life Dew|p1a: Goodra|[spread] p1a,p1b\n|-heal|p1a: Goodra|96/100\n|-heal|p1b: Blastoise|98/100\n|\n|-weather|RainDance|[upkeep]\n|-heal|p1b: Blastoise|100/100|[from] ability: Rain Dish\n|-sideend|p2: mizutiga|move: Tailwind\n|upkeep\n|turn|6\n|\n|t:|1776673600\n|move|p2a: Dragonite|Thunder|p1b: Blastoise\n|-supereffective|p1b: Blastoise|1\n|-crit|p1b: Blastoise\n|-damage|p1b: Blastoise|20/100\n|move|p2b: Milotic|Life Dew||[still]|[spread] p2a,p2b\n|-heal|p2a: Dragonite|100/100\n|-fail|p2b: Milotic|heal\n|move|p1b: Blastoise|Iron Defense|p1b: Blastoise\n|-boost|p1b: Blastoise|def|2\n|move|p1a: Goodra|Breaking Swipe|p2b: Milotic|[spread] p2a,p2b\n|-supereffective|p2a: Dragonite|1\n|-damage|p2a: Dragonite|83/100\n|-damage|p2b: Milotic|82/100\n|-unboost|p2a: Dragonite|atk|1\n|-unboost|p2b: Milotic|atk|1\n|-ability|p2b: Milotic|Competitive|boost\n|-boost|p2b: Milotic|spa|2\n|\n|-weather|RainDance|[upkeep]\n|-heal|p1b: Blastoise|26/100|[from] ability: Rain Dish\n|-heal|p2b: Milotic|88/100|[from] item: Leftovers\n|-heal|p1b: Blastoise|32/100|[from] item: Leftovers\n|upkeep\n|turn|7\n|\n|t:|1776673628\n|move|p2a: Dragonite|Thunder|p1b: Blastoise\n|-supereffective|p1b: Blastoise|1\n|-damage|p1b: Blastoise|0 fnt\n|faint|p1b: Blastoise\n|move|p2b: Milotic|Life Dew|p2b: Milotic|[spread] p2a,p2b\n|-heal|p2a: Dragonite|100/100\n|-heal|p2b: Milotic|100/100\n|move|p1a: Goodra|Blizzard|p2a: Dragonite|[spread] p2a,p2b\n|-supereffective|p2a: Dragonite|2\n|-resisted|p2b: Milotic|1\n|-damage|p2a: Dragonite|70/100\n|-damage|p2b: Milotic|94/100\n|\n|-weather|RainDance|[upkeep]\n|-heal|p2b: Milotic|99/100|[from] item: Leftovers\n|upkeep\n|\n|t:|1776673641\n|switch|p1b: Araquanid|Araquanid, L50, M|100/100\n|turn|8\n|\n|t:|1776673656\n|move|p2a: Dragonite|Thunder|p1b: Araquanid\n|-supereffective|p1b: Araquanid|1\n|-damage|p1b: Araquanid|51/100\n|-status|p1b: Araquanid|par\n|move|p2b: Milotic|Life Dew|p2b: Milotic|[spread] p2a,p2b\n|-heal|p2a: Dragonite|95/100\n|-heal|p2b: Milotic|100/100\n|move|p1a: Goodra|Blizzard|p2b: Milotic|[spread] \n|-miss|p1a: Goodra|p2a: Dragonite\n|-miss|p1a: Goodra|p2b: Milotic\n|move|p1b: Araquanid|Lunge|p2a: Dragonite\n|-resisted|p2a: Dragonite|1\n|-damage|p2a: Dragonite|87/100\n|-unboost|p2a: Dragonite|atk|1\n|\n|-weather|none\n|upkeep\n|turn|9\n|\n|t:|1776673678\n|switch|p2b: Pelipper|Pelipper, L50, F|100/100\n|-weather|RainDance|[from] ability: Drizzle|[of] p2b: Pelipper\n|move|p2a: Dragonite|Thunder|p1b: Araquanid\n|-supereffective|p1b: Araquanid|1\n|-damage|p1b: Araquanid|2/100 par\n|move|p1a: Goodra|Life Dew|p1a: Goodra|[spread] p1a,p1b\n|-heal|p1a: Goodra|100/100\n|-heal|p1b: Araquanid|27/100 par\n|move|p1b: Araquanid|Aqua Ring|p1b: Araquanid\n|-start|p1b: Araquanid|Aqua Ring\n|\n|-weather|RainDance|[upkeep]\n|-heal|p1b: Araquanid|33/100 par|[from] Aqua Ring\n|upkeep\n|turn|10\n|\n|t:|1776673704\n|move|p1b: Araquanid|Protect|p1b: Araquanid\n|-singleturn|p1b: Araquanid|Protect\n|move|p2a: Dragonite|Thunder|p1b: Araquanid\n|-activate|p1b: Araquanid|move: Protect\n|move|p2b: Pelipper|U-turn|p1a: Goodra\n|-resisted|p1a: Goodra|1\n|-damage|p1a: Goodra|97/100\n|\n|t:|1776673711\n|switch|p2b: Milotic|Milotic, L50, M|100/100|[from] U-turn\n|move|p1a: Goodra|Breaking Swipe|p2b: Milotic|[spread] p2a,p2b\n|-supereffective|p2a: Dragonite|1\n|-damage|p2a: Dragonite|50/100\n|-damage|p2b: Milotic|84/100\n|-unboost|p2a: Dragonite|atk|1\n|-unboost|p2b: Milotic|atk|1\n|-ability|p2b: Milotic|Competitive|boost\n|-boost|p2b: Milotic|spa|2\n|\n|-weather|RainDance|[upkeep]\n|-heal|p2b: Milotic|90/100|[from] item: Leftovers\n|-heal|p1b: Araquanid|39/100 par|[from] Aqua Ring\n|upkeep\n|turn|11\n|\n|t:|1776673733\n|move|p2a: Dragonite|Thunder|p1b: Araquanid\n|-supereffective|p1b: Araquanid|1\n|-damage|p1b: Araquanid|0 fnt\n|faint|p1b: Araquanid\n|move|p2b: Milotic|Life Dew|p2b: Milotic|[spread] p2a,p2b\n|-heal|p2a: Dragonite|75/100\n|-heal|p2b: Milotic|100/100\n|move|p1a: Goodra|Blizzard|p2a: Dragonite|[spread] p2b\n|-miss|p1a: Goodra|p2a: Dragonite\n|-resisted|p2b: Milotic|1\n|-damage|p2b: Milotic|93/100\n|\n|-weather|RainDance|[upkeep]\n|-heal|p2b: Milotic|99/100|[from] item: Leftovers\n|upkeep\n|\n|t:|1776673747\n|switch|p1b: Basculegion|Basculegion-F, L50, F|100/100\n|turn|12\n|\n|t:|1776673761\n|move|p1b: Basculegion|Last Respects|p2a: Dragonite\n|-damage|p2a: Dragonite|16/100\n|move|p2a: Dragonite|Thunder|p1b: Basculegion\n|-supereffective|p1b: Basculegion|1\n|-damage|p1b: Basculegion|29/100\n|move|p2b: Milotic|Life Dew|p2b: Milotic|[spread] p2a,p2b\n|-heal|p2a: Dragonite|41/100\n|-heal|p2b: Milotic|100/100\n|move|p1a: Goodra|Breaking Swipe|p2b: Milotic|[spread] p2a,p2b\n|-supereffective|p2a: Dragonite|1\n|-crit|p2b: Milotic\n|-damage|p2a: Dragonite|2/100\n|-damage|p2b: Milotic|76/100\n|-unboost|p2a: Dragonite|atk|1\n|-unboost|p2b: Milotic|atk|1\n|-ability|p2b: Milotic|Competitive|boost\n|-boost|p2b: Milotic|spa|2\n|\n|-weather|RainDance|[upkeep]\n|-heal|p2b: Milotic|82/100|[from] item: Leftovers\n|upkeep\n|turn|13\n|\n|t:|1776673783\n|move|p1b: Basculegion|Protect|p1b: Basculegion\n|-singleturn|p1b: Basculegion|Protect\n|move|p2a: Dragonite|Protect|p2a: Dragonite\n|-singleturn|p2a: Dragonite|Protect\n|move|p2b: Milotic|Alluring Voice|p1b: Basculegion\n|-activate|p1b: Basculegion|move: Protect\n|move|p1a: Goodra|Breaking Swipe|p2a: Dragonite|[spread] p2b\n|-activate|p2a: Dragonite|move: Protect\n|-crit|p2b: Milotic\n|-damage|p2b: Milotic|58/100\n|-unboost|p2b: Milotic|atk|1\n|-ability|p2b: Milotic|Competitive|boost\n|-boost|p2b: Milotic|spa|2\n|\n|-weather|none\n|-heal|p2b: Milotic|64/100|[from] item: Leftovers\n|upkeep\n|turn|14\n|\n|t:|1776673805\n|switch|p2a: Pelipper|Pelipper, L50, F|100/100\n|-weather|RainDance|[from] ability: Drizzle|[of] p2a: Pelipper\n|move|p1b: Basculegion|Last Respects|p2b: Milotic\n|-damage|p2b: Milotic|13/100\n|move|p2b: Milotic|Alluring Voice|p1b: Basculegion\n|-damage|p1b: Basculegion|0 fnt\n|faint|p1b: Basculegion\n|move|p1a: Goodra|Breaking Swipe|p2b: Milotic|[spread] p2a,p2b\n|-damage|p2a: Pelipper|83/100\n|-damage|p2b: Milotic|0 fnt\n|-unboost|p2a: Pelipper|atk|1\n|faint|p2b: Milotic\n|\n|-weather|RainDance|[upkeep]\n|upkeep\n|\n|t:|1776673816\n|switch|p2b: Dragonite|Dragonite-Mega, L50, F|2/100\n|turn|15\n|\n|t:|1776673828\n|move|p2b: Dragonite|Draco Meteor|p1a: Goodra\n|-damage|p1a: Goodra|54/100\n|-unboost|p2b: Dragonite|spa|2\n|move|p2a: Pelipper|Hurricane|p1a: Goodra\n|-resisted|p1a: Goodra|1\n|-damage|p1a: Goodra|43/100\n|-start|p1a: Goodra|confusion\n|-activate|p1a: Goodra|confusion\n|move|p1a: Goodra|Breaking Swipe|p2b: Dragonite|[spread] p2a,p2b\n|-supereffective|p2b: Dragonite|1\n|-damage|p2a: Pelipper|66/100\n|-damage|p2b: Dragonite|0 fnt\n|-unboost|p2a: Pelipper|atk|1\n|faint|p2b: Dragonite\n|\n|-weather|RainDance|[upkeep]\n|upkeep\n|turn|16\n|\n|t:|1776673855\n|move|p2a: Pelipper|Hurricane|p1a: Goodra\n|-resisted|p1a: Goodra|1\n|-damage|p1a: Goodra|33/100\n|-activate|p1a: Goodra|confusion\n|-damage|p1a: Goodra|21/100|[from] confusion\n|\n|-weather|RainDance|[upkeep]\n|upkeep\n|turn|17\n|\n|t:|1776673862\n|move|p2a: Pelipper|Hurricane|p1a: Goodra\n|-resisted|p1a: Goodra|1\n|-damage|p1a: Goodra|11/100\n|-end|p1a: Goodra|confusion\n|move|p1a: Goodra|Life Dew|p1a: Goodra\n|-heal|p1a: Goodra|36/100\n|\n|-weather|RainDance|[upkeep]\n|upkeep\n|turn|18\n|\n|t:|1776673870\n|move|p2a: Pelipper|Hurricane|p1a: Goodra\n|-resisted|p1a: Goodra|1\n|-damage|p1a: Goodra|26/100\n|-start|p1a: Goodra|confusion\n|-activate|p1a: Goodra|confusion\n|-damage|p1a: Goodra|15/100|[from] confusion\n|\n|-weather|none\n|upkeep\n|turn|19\n|\n|t:|1776673881\n|move|p2a: Pelipper|Hurricane|p1a: Goodra\n|-resisted|p1a: Goodra|1\n|-damage|p1a: Goodra|5/100\n|-activate|p1a: Goodra|confusion\n|-damage|p1a: Goodra|0 fnt|[from] confusion\n|faint|p1a: Goodra\n|\n|win|mizutiga\n|raw|Tommy2tumb's rating: 1049 &rarr; <strong>1034</strong><br />(-15 for losing)\n|raw|mizutiga's rating: 1093 &rarr; <strong>1116</strong><br />(+23 for winning)\n|c|\u2606mizutiga|gg\n|c|\u2606Tommy2tumb|gg\n|c|\u2606Tommy2tumb|lol\n",
  "uploadtime": 1776673889,
  "views": 12,
  "formatid": "gen9championsvgc2026regma",
  "rating": 1034,
  "private": 0,
  "password": null
}