{
  "id": "gen9championsvgc2026regma-2588041095",
  "format": "[Gen 9 Champions] VGC 2026 Reg M-A",
  "players": [
    "64t",
    "Archaludon25"
  ],
  "log": "|j|\u260664t\n|j|\u2606Archaludon25\n|t:|1776596879\n|gametype|doubles\n|player|p1|64t|169|1100\n|player|p2|Archaludon25|ethan|1028\n|gen|9\n|tier|[Gen 9 Champions] VGC 2026 Reg M-A\n|rated|\n|rule|Species Clause: Limit one of each Pok\u00e9mon\n|rule|Item Clause: Limit 1 of each item\n|clearpoke\n|poke|p1|Froslass, L50, F|\n|poke|p1|Orthworm, L50, F|\n|poke|p1|Basculegion, L50, M|\n|poke|p1|Incineroar, L50, F, shiny|\n|poke|p1|Rotom-Frost, L50, shiny|\n|poke|p1|Garchomp, L50, M, shiny|\n|poke|p2|Feraligatr, L50, M|\n|poke|p2|Chimecho, L50, F|\n|poke|p2|Kingambit, L50, F|\n|poke|p2|Emboar, L50, M|\n|poke|p2|Torterra, L50, M|\n|poke|p2|Bellibolt, L50, M|\n|teampreview|4\n|\n|t:|1776596905\n|teamsize|p1|4\n|teamsize|p2|4\n|start\n|switch|p1a: Froslass|Froslass, L50, F|100/100\n|switch|p1b: Rotom|Rotom-Frost, L50, shiny|100/100\n|switch|p2a: Feraligatr|Feraligatr, L50, M|100/100\n|switch|p2b: Chimecho|Chimecho, L50, F|100/100\n|turn|1\n|\n|t:|1776596928\n|detailschange|p1a: Froslass|Froslass-Mega, L50, F\n|-mega|p1a: Froslass|Froslass|Froslassite\n|-weather|Snowscape|[from] ability: Snow Warning|[of] p1a: Froslass\n|detailschange|p2a: Feraligatr|Feraligatr-Mega, L50, M\n|-mega|p2a: Feraligatr|Feraligatr|Feraligite\n|move|p1a: Froslass|Blizzard|p2b: Chimecho|[spread] p2a,p2b\n|-damage|p2a: Feraligatr|49/100\n|-damage|p2b: Chimecho|50/100\n|-status|p2a: Feraligatr|frz\n|-status|p2b: Chimecho|frz\n|move|p1b: Rotom|Blizzard|p2b: Chimecho|[spread] p2a,p2b\n|-damage|p2a: Feraligatr|11/100 frz\n|-damage|p2b: Chimecho|14/100 frz\n|cant|p2a: Feraligatr|frz\n|cant|p2b: Chimecho|frz\n|\n|-weather|Snowscape|[upkeep]\n|upkeep\n|turn|2\n|c|\u2606Archaludon25|WHAT\n|\n|t:|1776596963\n|move|p1a: Froslass|Nasty Plot|p1a: Froslass\n|-boost|p1a: Froslass|spa|2\n|move|p1b: Rotom|Blizzard|p2a: Feraligatr|[spread] p2a,p2b\n|-crit|p2b: Chimecho\n|-damage|p2a: Feraligatr|0 fnt\n|-damage|p2b: Chimecho|0 fnt\n|faint|p2a: Feraligatr\n|faint|p2b: Chimecho\n|\n|-weather|Snowscape|[upkeep]\n|upkeep\n|\n|t:|1776596973\n|switch|p2a: Kingambit|Kingambit, L50, F|100/100\n|switch|p2b: Emboar|Emboar, L50, M|100/100\n|turn|3\n|\n|t:|1776596994\n|switch|p1b: Incineroar|Incineroar, L50, F, shiny|100/100\n|-ability|p1b: Incineroar|Intimidate|boost\n|-unboost|p2a: Kingambit|atk|1\n|-ability|p2a: Kingambit|Defiant|boost\n|-boost|p2a: Kingambit|atk|2\n|-unboost|p2b: Emboar|atk|1\n|move|p1a: Froslass|Protect|p1a: Froslass\n|-singleturn|p1a: Froslass|Protect\n|move|p2a: Kingambit|Sucker Punch||[still]\n|-fail|p2a: Kingambit\n|move|p2b: Emboar|Head Smash|p1b: Incineroar|[miss]\n|-miss|p2b: Emboar|p1b: Incineroar\n|\n|-weather|Snowscape|[upkeep]\n|upkeep\n|turn|4\n|\n|t:|1776597027\n|move|p1b: Incineroar|Fake Out|p2a: Kingambit\n|-resisted|p2a: Kingambit|1\n|-damage|p2a: Kingambit|97/100\n|cant|p2a: Kingambit|flinch\n|move|p1a: Froslass|Shadow Ball|p2b: Emboar\n|-damage|p2b: Emboar|0 fnt\n|faint|p2b: Emboar\n|\n|-weather|Snowscape|[upkeep]\n|upkeep\n|turn|5\n|\n|t:|1776597041\n|move|p1a: Froslass|Protect|p1a: Froslass\n|-singleturn|p1a: Froslass|Protect\n|move|p2a: Kingambit|Sucker Punch||[still]\n|-fail|p2a: Kingambit\n|move|p1b: Incineroar|Flare Blitz|p2a: Kingambit\n|-supereffective|p2a: Kingambit|1\n|-damage|p2a: Kingambit|23/100\n|-damage|p1b: Incineroar|76/100|[from] Recoil\n|\n|-weather|none\n|upkeep\n|turn|6\n|\n|t:|1776597058\n|move|p2a: Kingambit|Sucker Punch|p1a: Froslass\n|-supereffective|p1a: Froslass|1\n|-damage|p1a: Froslass|0 fnt\n|faint|p1a: Froslass\n|move|p1b: Incineroar|Flare Blitz|p2a: Kingambit\n|-supereffective|p2a: Kingambit|1\n|-damage|p2a: Kingambit|0 fnt\n|faint|p2a: Kingambit\n|-damage|p1b: Incineroar|68/100|[from] Recoil\n|\n|win|64t\n|raw|64t's rating: 1100 &rarr; <strong>1120</strong><br />(+20 for winning)\n|raw|Archaludon25's rating: 1028 &rarr; <strong>1017</strong><br />(-11 for losing)\n|l|\u2606Archaludon25\n|player|p2|\n",
  "uploadtime": 1776597069,
  "views": 17,
  "formatid": "gen9championsvgc2026regma",
  "rating": 1017,
  "private": 0,
  "password": null
}