{
  "id": "gen9championsvgc2026regma-2582983548",
  "format": "[Gen 9 Champions] VGC 2026 Reg M-A",
  "players": [
    "diego soria",
    "loklastaji"
  ],
  "log": "|j|\u2606diego soria\n|j|\u2606loklastaji\n|t:|1776130692\n|gametype|doubles\n|player|p1|diego soria|2|1249\n|player|p2|loklastaji|102|1313\n|gen|9\n|tier|[Gen 9 Champions] VGC 2026 Reg M-A\n|rated|\n|rule|Species Clause: Limit one of each Pok\u00e9mon\n|rule|Item Clause: Limit 1 of each item\n|clearpoke\n|poke|p1|Dragonite, L50, F|\n|poke|p1|Pelipper, L50, M|\n|poke|p1|Archaludon, L50, M|\n|poke|p1|Basculegion, L50, M|\n|poke|p1|Dragapult, L50, M|\n|poke|p1|Sneasler, L50, F|\n|poke|p2|Samurott-Hisui, L50, F|\n|poke|p2|Mamoswine, L50, F|\n|poke|p2|Delphox, L50, M|\n|poke|p2|Tsareena, L50, F|\n|poke|p2|Corviknight, L50, F|\n|poke|p2|Floette-Eternal, L50, F|\n|teampreview|4\n|inactive|Battle timer is ON: inactive players will automatically lose when time's up. (requested by diego soria)\n|inactive|diego soria has 60 seconds left.\n|inactive|loklastaji has 60 seconds left.\n|\n|t:|1776130746\n|teamsize|p1|4\n|teamsize|p2|4\n|start\n|switch|p1a: Pelipper|Pelipper, L50, M|100/100\n|switch|p1b: Basculegion|Basculegion, L50, M|100/100\n|switch|p2a: Samurott|Samurott-Hisui, L50, F|100/100\n|switch|p2b: Tsareena|Tsareena, L50, F|100/100\n|-weather|RainDance|[from] ability: Drizzle|[of] p1a: Pelipper\n|turn|1\n|inactive|diego soria has 30 seconds left.\n|inactive|loklastaji has 30 seconds left.\n|\n|t:|1776130777\n|switch|p1b: Archaludon|Archaludon, L50, M|100/100\n|move|p2a: Samurott|Ceaseless Edge|p1b: Archaludon|[miss]\n|-miss|p2a: Samurott|p1b: Archaludon\n|move|p2b: Tsareena|Taunt|p1a: Pelipper\n|-start|p1a: Pelipper|move: Taunt\n|move|p1a: Pelipper|Hurricane|p2b: Tsareena\n|-supereffective|p2b: Tsareena|1\n|-damage|p2b: Tsareena|9/100\n|\n|-weather|RainDance|[upkeep]\n|upkeep\n|turn|2\n|\n|t:|1776130794\n|switch|p2a: Mamoswine|Mamoswine, L50, F|100/100\n|move|p2b: Tsareena|High Jump Kick|p1b: Archaludon\n|-supereffective|p1b: Archaludon|1\n|-damage|p1b: Archaludon|47/100\n|-ability|p1b: Archaludon|Stamina|boost\n|-boost|p1b: Archaludon|def|1\n|move|p1b: Archaludon|Electro Shot||[still]\n|-prepare|p1b: Archaludon|Electro Shot\n|-boost|p1b: Archaludon|spa|1\n|-anim|p1b: Archaludon|Electro Shot|p2a: Mamoswine\n|-immune|p2a: Mamoswine\n|move|p1a: Pelipper|U-turn|p2b: Tsareena\n|-supereffective|p2b: Tsareena|1\n|-damage|p2b: Tsareena|0 fnt\n|faint|p2b: Tsareena\n|inactive|diego soria has 30 seconds left.\n|\n|t:|1776130829\n|switch|p1a: Basculegion|Basculegion, L50, M|100/100|[from] U-turn\n|\n|-weather|RainDance|[upkeep]\n|-heal|p1b: Archaludon|53/100|[from] item: Leftovers\n|upkeep\n|\n|t:|1776130836\n|switch|p2b: Samurott|Samurott-Hisui, L50, F|100/100\n|turn|3\n|inactive|loklastaji has 30 seconds left.\n|\n|t:|1776130871\n|move|p2b: Samurott|Sucker Punch|p1a: Basculegion\n|-supereffective|p1a: Basculegion|1\n|-damage|p1a: Basculegion|17/100\n|move|p1a: Basculegion|Wave Crash|p2a: Mamoswine\n|-supereffective|p2a: Mamoswine|1\n|-damage|p2a: Mamoswine|0 fnt\n|faint|p2a: Mamoswine\n|-damage|p1a: Basculegion|0 fnt|[from] Recoil\n|faint|p1a: Basculegion\n|move|p1b: Archaludon|Electro Shot||[still]\n|-prepare|p1b: Archaludon|Electro Shot\n|-boost|p1b: Archaludon|spa|1\n|-anim|p1b: Archaludon|Electro Shot|p2b: Samurott\n|-supereffective|p2b: Samurott|1\n|-damage|p2b: Samurott|0 fnt\n|faint|p2b: Samurott\n|\n|-weather|RainDance|[upkeep]\n|-heal|p1b: Archaludon|59/100|[from] item: Leftovers\n|upkeep\n|\n|t:|1776130890\n|switch|p2b: Floette|Floette-Eternal, L50, F|100/100\n|switch|p1a: Dragapult|Dragapult, L50, M|100/100\n|turn|4\n|\n|t:|1776130902\n|detailschange|p2b: Floette|Floette-Mega, L50, F\n|-mega|p2b: Floette|Floette|Floettite\n|-ability|p2b: Floette|Fairy Aura\n|move|p1a: Dragapult|Phantom Force||[still]\n|-prepare|p1a: Dragapult|Phantom Force\n|move|p2b: Floette|Dazzling Gleam|p1b: Archaludon|[spread] p1b\n|-miss|p2b: Floette|p1a: Dragapult\n|-damage|p1b: Archaludon|0 fnt\n|faint|p1b: Archaludon\n|\n|-weather|RainDance|[upkeep]\n|upkeep\n|\n|t:|1776130910\n|switch|p1b: Pelipper|Pelipper, L50, M|100/100\n|turn|5\n|\n|t:|1776130922\n|move|p1a: Dragapult|Phantom Force|p2b: Floette|[from] lockedmove\n|-damage|p2b: Floette|36/100\n|move|p2b: Floette|Dazzling Gleam|p1b: Pelipper|[spread] p1a,p1b\n|-supereffective|p1a: Dragapult|1\n|-damage|p1a: Dragapult|0 fnt\n|-damage|p1b: Pelipper|33/100\n|faint|p1a: Dragapult\n|move|p1b: Pelipper|Hurricane|p2b: Floette\n|-damage|p2b: Floette|3/100\n|\n|-weather|none\n|upkeep\n|turn|6\n|\n|t:|1776130935\n|move|p2b: Floette|Dazzling Gleam|p1b: Pelipper\n|-damage|p1b: Pelipper|0 fnt\n|faint|p1b: Pelipper\n|\n|win|loklastaji\n|raw|diego soria's rating: 1249 &rarr; <strong>1229</strong><br />(-20 for losing)\n|raw|loklastaji's rating: 1313 &rarr; <strong>1329</strong><br />(+16 for winning)\n",
  "uploadtime": 1776130940,
  "views": 32,
  "formatid": "gen9championsvgc2026regma",
  "rating": 1229,
  "private": 0,
  "password": null
}