{
  "id": "gen9championsvgc2026regma-2584115607",
  "format": "[Gen 9 Champions] VGC 2026 Reg M-A",
  "players": [
    "catball 1500",
    "Capta1nLuck"
  ],
  "log": "|j|\u2606catball 1500\n|j|\u2606Capta1nLuck\n|t:|1776226826\n|gametype|doubles\n|player|p1|catball 1500|roughneck|1131\n|player|p2|Capta1nLuck|linebacker|1085\n|gen|9\n|tier|[Gen 9 Champions] VGC 2026 Reg M-A\n|rated|\n|rule|Species Clause: Limit one of each Pok\u00e9mon\n|rule|Item Clause: Limit 1 of each item\n|clearpoke\n|poke|p1|Orthworm, L50, F|\n|poke|p1|Garchomp, L50, M|\n|poke|p1|Farigiraf, L50, F|\n|poke|p1|Sinistcha, L50|\n|poke|p1|Floette-Eternal, L50, F|\n|poke|p1|Rotom-Wash, L50|\n|poke|p2|Crabominable, L50, M|\n|poke|p2|Ninetales-Alola, L50, F|\n|poke|p2|Alakazam, L50, M|\n|poke|p2|Kingambit, L50, M|\n|poke|p2|Dragapult, L50, F|\n|poke|p2|Greninja-*, L50, F|\n|teampreview|4\n|inactive|Battle timer is ON: inactive players will automatically lose when time's up. (requested by catball 1500)\n|inactive|Capta1nLuck has 60 seconds left.\n|\n|t:|1776226860\n|teamsize|p1|4\n|teamsize|p2|4\n|start\n|switch|p1a: Orthworm|Orthworm, L50, F|100/100\n|switch|p1b: Garchomp|Garchomp, L50, M|100/100\n|switch|p2a: Crabominable|Crabominable, L50, M|100/100\n|switch|p2b: Alakazam|Alakazam, L50, M|100/100\n|turn|1\n|inactive|catball 1500 has 30 seconds left.\n|inactive|Capta1nLuck has 30 seconds left.\n|\n|t:|1776226892\n|detailschange|p2a: Crabominable|Crabominable-Mega, L50, M\n|-mega|p2a: Crabominable|Crabominable|Crabominite\n|move|p2b: Alakazam|Speed Swap|p2a: Crabominable\n|-activate|p2b: Alakazam|move: Speed Swap|[of] p2a: Crabominable\n|move|p2a: Crabominable|Ice Punch|p1b: Garchomp\n|-supereffective|p1b: Garchomp|2\n|-enditem|p1b: Garchomp|Focus Sash\n|-damage|p1b: Garchomp|1/100\n|-damage|p2a: Crabominable|88/100|[from] ability: Rough Skin|[of] p1b: Garchomp\n|move|p1b: Garchomp|Rock Slide|p2a: Crabominable|[spread] p2a,p2b\n|-crit|p2a: Crabominable\n|-damage|p2a: Crabominable|64/100\n|-damage|p2b: Alakazam|56/100\n|move|p1a: Orthworm|Body Press|p2a: Crabominable\n|-supereffective|p2a: Crabominable|1\n|-damage|p2a: Crabominable|26/100\n|\n|upkeep\n|turn|2\n|inactive|Capta1nLuck has 30 seconds left.\n|\n|t:|1776226924\n|move|p1b: Garchomp|Protect|p1b: Garchomp\n|-singleturn|p1b: Garchomp|Protect\n|move|p2a: Crabominable|Drain Punch|p1a: Orthworm\n|-supereffective|p1a: Orthworm|1\n|-damage|p1a: Orthworm|19/100\n|-heal|p2a: Crabominable|60/100|[from] drain|[of] p1a: Orthworm\n|-enditem|p1a: Orthworm|Sitrus Berry|[eat]\n|-heal|p1a: Orthworm|44/100|[from] item: Sitrus Berry\n|move|p1a: Orthworm|Body Press|p2a: Crabominable\n|-supereffective|p2a: Crabominable|1\n|-damage|p2a: Crabominable|20/100\n|move|p2b: Alakazam|Psychic|p1b: Garchomp\n|-activate|p1b: Garchomp|move: Protect\n|\n|upkeep\n|turn|3\n|inactive|Capta1nLuck has 30 seconds left.\n|inactive|catball 1500 has 30 seconds left.\n|\n|t:|1776226954\n|move|p2b: Alakazam|Ally Switch|p2b: Alakazam\n|swap|p2b: Alakazam|0|[from] move: Ally Switch\n|move|p2b: Crabominable|Rock Slide|p1a: Orthworm|[spread] p1b\n|-miss|p2b: Crabominable|p1a: Orthworm\n|-resisted|p1b: Garchomp|1\n|-damage|p1b: Garchomp|0 fnt\n|faint|p1b: Garchomp\n|move|p1a: Orthworm|Earthquake|p2a: Alakazam|[spread] p2a,p2b\n|-crit|p2a: Alakazam\n|-damage|p2a: Alakazam|0 fnt\n|-damage|p2b: Crabominable|6/100\n|faint|p2a: Alakazam\n|\n|upkeep\n|\n|t:|1776226976\n|switch|p2a: Ninetales|Ninetales-Alola, L50, F|100/100\n|switch|p1b: Sinistcha|Sinistcha, L50|100/100\n|-weather|Snowscape|[from] ability: Snow Warning|[of] p2a: Ninetales\n|-heal|p1a: Orthworm|69/100|[from] ability: Hospitality|[of] p1b: Sinistcha\n|turn|4\n|\n|t:|1776226986\n|move|p2a: Ninetales|Blizzard|p1a: Orthworm|[spread] p1a,p1b\n|-resisted|p1a: Orthworm|1\n|-supereffective|p1b: Sinistcha|1\n|-damage|p1a: Orthworm|44/100\n|-damage|p1b: Sinistcha|14/100\n|move|p2b: Crabominable|Drain Punch|p1a: Orthworm\n|-supereffective|p1a: Orthworm|1\n|-crit|p1a: Orthworm\n|-damage|p1a: Orthworm|0 fnt\n|-heal|p2b: Crabominable|24/100|[from] drain|[of] p1a: Orthworm\n|faint|p1a: Orthworm\n|move|p1b: Sinistcha|Matcha Gotcha|p2a: Ninetales|[spread] p2a,p2b\n|-damage|p2a: Ninetales|62/100\n|-heal|p1b: Sinistcha|34/100|[from] drain|[of] p2a: Ninetales\n|-damage|p2b: Crabominable|0 fnt\n|-heal|p1b: Sinistcha|50/100|[from] drain|[of] p2b: Crabominable\n|-status|p2a: Ninetales|brn\n|faint|p2b: Crabominable\n|\n|-weather|Snowscape|[upkeep]\n|-damage|p2a: Ninetales|56/100 brn|[from] brn\n|upkeep\n|\n|t:|1776227005\n|switch|p1a: Floette|Floette-Eternal, L50, F|100/100\n|switch|p2b: Greninja|Greninja, L50, F|100/100\n|turn|5\n|\n|t:|1776227015\n|detailschange|p1a: Floette|Floette-Mega, L50, F\n|-mega|p1a: Floette|Floette|Floettite\n|-ability|p1a: Floette|Fairy Aura\n|move|p2a: Ninetales|Blizzard|p1a: Floette|[spread] p1a,p1b\n|-supereffective|p1b: Sinistcha|1\n|-damage|p1a: Floette|78/100\n|-damage|p1b: Sinistcha|0 fnt\n|faint|p1b: Sinistcha\n|move|p2b: Greninja|Blizzard|p1a: Floette\n|-start|p2b: Greninja|typechange|Ice|[from] ability: Protean\n|-damage|p1a: Floette|48/100\n|move|p1a: Floette|Moonblast|p2b: Greninja\n|-damage|p2b: Greninja|0 fnt\n|faint|p2b: Greninja\n|\n|-weather|Snowscape|[upkeep]\n|-damage|p2a: Ninetales|50/100 brn|[from] brn\n|upkeep\n|turn|6\n|\n|t:|1776227030\n|move|p2a: Ninetales|Blizzard|p1a: Floette\n|-damage|p1a: Floette|19/100\n|move|p1a: Floette|Moonblast|p2a: Ninetales\n|-damage|p2a: Ninetales|0 fnt\n|faint|p2a: Ninetales\n|\n|win|catball 1500\n|raw|catball 1500's rating: 1131 &rarr; <strong>1153</strong><br />(+22 for winning)\n|raw|Capta1nLuck's rating: 1085 &rarr; <strong>1065</strong><br />(-20 for losing)\n",
  "uploadtime": 1776227033,
  "views": 28,
  "formatid": "gen9championsvgc2026regma",
  "rating": 1065,
  "private": 0,
  "password": null
}