{
  "id": "gen9championsvgc2026regma-2581726841",
  "format": "[Gen 9 Champions] VGC 2026 Reg M-A",
  "players": [
    "xershhhhh",
    "derpybaits"
  ],
  "log": "|j|\u2606xershhhhh\n|j|\u2606derpybaits\n|t:|1776023748\n|gametype|doubles\n|player|p1|xershhhhh|170|1057\n|player|p2|derpybaits|2|1032\n|gen|9\n|tier|[Gen 9 Champions] VGC 2026 Reg M-A\n|rated|\n|rule|Species Clause: Limit one of each Pok\u00e9mon\n|rule|Item Clause: Limit 1 of each item\n|clearpoke\n|poke|p1|Gengar, L50, M|\n|poke|p1|Gardevoir, L50, M|\n|poke|p1|Incineroar, L50, F|\n|poke|p1|Tyranitar, L50, F|\n|poke|p1|Noivern, L50, F|\n|poke|p1|Scizor, L50, F|\n|poke|p2|Chandelure, L50, M|\n|poke|p2|Basculegion, L50, M|\n|poke|p2|Kingambit, L50, M|\n|poke|p2|Aerodactyl, L50, M|\n|poke|p2|Conkeldurr, L50, F|\n|poke|p2|Clefable, L50, F|\n|teampreview|4\n|\n|t:|1776023771\n|teamsize|p1|4\n|teamsize|p2|4\n|start\n|switch|p1a: Tyranitar|Tyranitar, L50, F|100/100\n|switch|p1b: Gengar|Gengar, L50, M|100/100\n|switch|p2a: Kingambit|Kingambit, L50, M|100/100\n|switch|p2b: Clefable|Clefable, L50, F|100/100\n|-weather|Sandstorm|[from] ability: Sand Stream|[of] p1a: Tyranitar\n|turn|1\n|\n|t:|1776023786\n|detailschange|p1b: Gengar|Gengar-Mega, L50, M\n|-mega|p1b: Gengar|Gengar|Gengarite\n|move|p2b: Clefable|Follow Me|p2b: Clefable\n|-singleturn|p2b: Clefable|move: Follow Me\n|move|p1b: Gengar|Sludge Bomb|p2b: Clefable\n|-supereffective|p2b: Clefable|1\n|-damage|p2b: Clefable|17/100\n|-status|p2b: Clefable|psn\n|-enditem|p2b: Clefable|Sitrus Berry|[eat]\n|-heal|p2b: Clefable|42/100 psn|[from] item: Sitrus Berry\n|move|p1a: Tyranitar|Brick Break|p2b: Clefable\n|-resisted|p2b: Clefable|1\n|-damage|p2b: Clefable|28/100 psn\n|move|p2a: Kingambit|Swords Dance|p2a: Kingambit\n|-boost|p2a: Kingambit|atk|2\n|\n|-weather|Sandstorm|[upkeep]\n|-damage|p1b: Gengar|95/100|[from] Sandstorm\n|-damage|p2b: Clefable|22/100 psn|[from] Sandstorm\n|-damage|p2b: Clefable|10/100 psn|[from] psn\n|upkeep\n|turn|2\n|\n|t:|1776023805\n|switch|p1a: Noivern|Noivern, L50, F|100/100\n|move|p2b: Clefable|Follow Me|p2b: Clefable\n|-singleturn|p2b: Clefable|move: Follow Me\n|move|p1b: Gengar|Sludge Wave|p2a: Kingambit|[spread] p1a,p2b\n|-immune|p2a: Kingambit\n|-supereffective|p2b: Clefable|1\n|-damage|p1a: Noivern|45/100\n|-damage|p2b: Clefable|0 fnt\n|faint|p2b: Clefable\n|move|p2a: Kingambit|Kowtow Cleave|p1b: Gengar\n|-supereffective|p1b: Gengar|1\n|-damage|p1b: Gengar|0 fnt\n|faint|p1b: Gengar\n|\n|-weather|Sandstorm|[upkeep]\n|-damage|p1a: Noivern|39/100|[from] Sandstorm\n|upkeep\n|\n|t:|1776023831\n|switch|p1b: Tyranitar|Tyranitar, L50, F|100/100\n|switch|p2b: Aerodactyl|Aerodactyl, L50, M|100/100\n|-ability|p2b: Aerodactyl|Unnerve\n|turn|3\n|\n|t:|1776023853\n|detailschange|p2b: Aerodactyl|Aerodactyl-Mega, L50, M\n|-mega|p2b: Aerodactyl|Aerodactyl|Aerodactylite\n|move|p2b: Aerodactyl|Rock Slide|p1b: Tyranitar|[spread] p1a,p1b\n|-supereffective|p1a: Noivern|1\n|-damage|p1a: Noivern|0 fnt\n|-damage|p1b: Tyranitar|74/100\n|faint|p1a: Noivern\n|move|p1b: Tyranitar|Brick Break|p2a: Kingambit\n|-supereffective|p2a: Kingambit|2\n|-damage|p2a: Kingambit|18/100\n|move|p2a: Kingambit|Kowtow Cleave|p1b: Tyranitar\n|-resisted|p1b: Tyranitar|1\n|-damage|p1b: Tyranitar|16/100\n|\n|-weather|Sandstorm|[upkeep]\n|upkeep\n|\n|t:|1776023862\n|switch|p1a: Gardevoir|Gardevoir, L50, M, shiny|100/100\n|turn|4\n|\n|t:|1776023876\n|move|p2a: Kingambit|Sucker Punch|p1b: Tyranitar\n|-resisted|p1b: Tyranitar|1\n|-damage|p1b: Tyranitar|0 fnt\n|faint|p1b: Tyranitar\n|move|p2b: Aerodactyl|Rock Slide|p1a: Gardevoir\n|-damage|p1a: Gardevoir|35/100\n|cant|p1a: Gardevoir|flinch\n|\n|-weather|Sandstorm|[upkeep]\n|-damage|p1a: Gardevoir|29/100|[from] Sandstorm\n|upkeep\n|turn|5\n|-message|xershhhhh forfeited.\n|\n|win|derpybaits\n|raw|xershhhhh's rating: 1057 &rarr; <strong>1037</strong><br />(-20 for losing)\n|raw|derpybaits's rating: 1032 &rarr; <strong>1070</strong><br />(+38 for winning)\n|l|\u2606xershhhhh\n|player|p1|\n",
  "uploadtime": 1776023889,
  "views": 14,
  "formatid": "gen9championsvgc2026regma",
  "rating": 1037,
  "private": 0,
  "password": null
}