{
  "id": "gen9championsvgc2026regma-2589402108",
  "format": "[Gen 9 Champions] VGC 2026 Reg M-A",
  "players": [
    "NjJJonte",
    "fallen_whimmy"
  ],
  "log": "|j|\u2606NjJJonte\n|j|\u2606fallen_whimmy\n|t:|1776720024\n|gametype|doubles\n|player|p1|NjJJonte|lucas-gen4pt|1065\n|player|p2|fallen_whimmy|hilbert|1140\n|gen|9\n|tier|[Gen 9 Champions] VGC 2026 Reg M-A\n|rated|\n|rule|Species Clause: Limit one of each Pok\u00e9mon\n|rule|Item Clause: Limit 1 of each item\n|clearpoke\n|poke|p1|Gengar, L50, M|\n|poke|p1|Sneasler, L50, F|\n|poke|p1|Sableye, L50, F|\n|poke|p1|Sinistcha, L50|\n|poke|p1|Kingambit, L50, F|\n|poke|p1|Venusaur, L50, F|\n|poke|p2|Garchomp, L50, M|\n|poke|p2|Sneasler, L50, F|\n|poke|p2|Skarmory, L50, F|\n|poke|p2|Milotic, L50, M|\n|poke|p2|Rotom-Wash, L50|\n|poke|p2|Kingambit, L50, F|\n|teampreview|4\n|inactive|Battle timer is ON: inactive players will automatically lose when time's up. (requested by fallen_whimmy)\n|\n|t:|1776720044\n|teamsize|p1|4\n|teamsize|p2|4\n|start\n|switch|p1a: Gengar|Gengar, L50, M|100/100\n|switch|p1b: Sableye|Sableye, L50, F|100/100\n|switch|p2a: Garchomp|Garchomp, L50, M|100/100\n|switch|p2b: Sneasler|Sneasler, L50, F|100/100\n|turn|1\n|\n|t:|1776720061\n|detailschange|p1a: Gengar|Gengar-Mega, L50, M\n|-mega|p1a: Gengar|Gengar|Gengarite\n|move|p1a: Gengar|Protect|p1a: Gengar\n|-singleturn|p1a: Gengar|Protect\n|move|p2b: Sneasler|Coaching|p2a: Garchomp\n|-boost|p2a: Garchomp|atk|1\n|-boost|p2a: Garchomp|def|1\n|move|p2a: Garchomp|Earthquake|p1a: Gengar|[spread] p2b,p1b\n|-activate|p1a: Gengar|move: Protect\n|-supereffective|p2b: Sneasler|1\n|-enditem|p2b: Sneasler|Focus Sash\n|-damage|p2b: Sneasler|1/100\n|-damage|p1b: Sableye|45/100\n|move|p1b: Sableye|Foul Play|p2a: Garchomp\n|-damage|p2a: Garchomp|69/100\n|-damage|p1b: Sableye|33/100|[from] ability: Rough Skin|[of] p2a: Garchomp\n|\n|-heal|p2a: Garchomp|75/100|[from] item: Leftovers\n|upkeep\n|turn|2\n|inactive|NjJJonte has 30 seconds left.\n|inactive|NjJJonte has 20 seconds left.\n|\n|t:|1776720099\n|move|p2b: Sneasler|Protect|p2b: Sneasler\n|-singleturn|p2b: Sneasler|Protect\n|move|p1b: Sableye|Disable|p2a: Garchomp\n|-start|p2a: Garchomp|Disable|Earthquake\n|move|p1a: Gengar|Shadow Ball|p2a: Garchomp\n|-damage|p2a: Garchomp|39/100\n|cant|p2a: Garchomp|Disable|Earthquake\n|\n|-heal|p2a: Garchomp|45/100|[from] item: Leftovers\n|upkeep\n|turn|3\n|\n|t:|1776720114\n|move|p2a: Garchomp|Protect|p2a: Garchomp\n|-singleturn|p2a: Garchomp|Protect\n|move|p1b: Sableye|Encore|p2a: Garchomp\n|-activate|p2a: Garchomp|move: Protect\n|move|p2b: Sneasler|Coaching|p2a: Garchomp\n|-boost|p2a: Garchomp|atk|1\n|-boost|p2a: Garchomp|def|1\n|move|p1a: Gengar|Shadow Ball|p2b: Sneasler\n|-damage|p2b: Sneasler|0 fnt\n|faint|p2b: Sneasler\n|\n|-heal|p2a: Garchomp|51/100|[from] item: Leftovers\n|upkeep\n|\n|t:|1776720123\n|switch|p2b: Kingambit|Kingambit, L50, F|100/100\n|turn|4\n|\n|t:|1776720143\n|move|p1a: Gengar|Protect|p1a: Gengar\n|-singleturn|p1a: Gengar|Protect\n|move|p1b: Sableye|Encore|p2a: Garchomp\n|-start|p2a: Garchomp|Encore\n|move|p2a: Garchomp|Protect||[still]\n|-fail|p2a: Garchomp\n|move|p2b: Kingambit|Iron Head|p1b: Sableye\n|-damage|p1b: Sableye|0 fnt\n|faint|p1b: Sableye\n|\n|-heal|p2a: Garchomp|57/100|[from] item: Leftovers\n|upkeep\n|\n|t:|1776720155\n|switch|p1b: Sneasler|Sneasler, L50, F|100/100\n|turn|5\n|\n|t:|1776720172\n|move|p1a: Gengar|Protect||[still]\n|-fail|p1a: Gengar\n|move|p2a: Garchomp|Protect|p2a: Garchomp\n|-singleturn|p2a: Garchomp|Protect\n|move|p2b: Kingambit|Protect|p2b: Kingambit\n|-singleturn|p2b: Kingambit|Protect\n|move|p1b: Sneasler|Close Combat|p2b: Kingambit\n|-activate|p2b: Kingambit|move: Protect\n|\n|-heal|p2a: Garchomp|63/100|[from] item: Leftovers\n|-end|p2a: Garchomp|Disable\n|upkeep\n|turn|6\n|\n|t:|1776720187\n|move|p2a: Garchomp|Protect|p2a: Garchomp\n|-singleturn|p2a: Garchomp|Protect\n|move|p2b: Kingambit|Sucker Punch|p1b: Sneasler\n|-resisted|p1b: Sneasler|1\n|-damage|p1b: Sneasler|59/100\n|move|p1b: Sneasler|Close Combat|p2b: Kingambit\n|-supereffective|p2b: Kingambit|2\n|-damage|p2b: Kingambit|0 fnt\n|-unboost|p1b: Sneasler|def|1\n|-unboost|p1b: Sneasler|spd|1\n|faint|p2b: Kingambit\n|-enditem|p1b: Sneasler|White Herb\n|-clearnegativeboost|p1b: Sneasler|[silent]\n|move|p1a: Gengar|Disable|p2a: Garchomp\n|-activate|p2a: Garchomp|move: Protect\n|\n|-heal|p2a: Garchomp|69/100|[from] item: Leftovers\n|-end|p2a: Garchomp|Encore\n|upkeep\n|\n|t:|1776720189\n|switch|p2b: Skarmory|Skarmory, L50, F|100/100\n|turn|7\n|inactive|NjJJonte has 30 seconds left.\n|\n|t:|1776720216\n|detailschange|p2b: Skarmory|Skarmory-Mega, L50, F\n|-mega|p2b: Skarmory|Skarmory|Skarmorite\n|move|p1b: Sneasler|Protect|p1b: Sneasler\n|-singleturn|p1b: Sneasler|Protect\n|move|p2b: Skarmory|Drill Run|p1a: Gengar\n|-supereffective|p1a: Gengar|1\n|-damage|p1a: Gengar|41/100\n|move|p1a: Gengar|Shadow Ball|p2a: Garchomp\n|-damage|p2a: Garchomp|30/100\n|move|p2a: Garchomp|Earthquake|p1a: Gengar|[spread] p1a\n|-activate|p1b: Sneasler|move: Protect\n|-immune|p2b: Skarmory\n|-supereffective|p1a: Gengar|1\n|-damage|p1a: Gengar|0 fnt\n|faint|p1a: Gengar\n|\n|-heal|p2a: Garchomp|36/100|[from] item: Leftovers\n|upkeep\n|\n|t:|1776720230\n|switch|p1a: Sinistcha|Sinistcha, L50|100/100\n|-heal|p1b: Sneasler|84/100|[from] ability: Hospitality|[of] p1a: Sinistcha\n|turn|8\n|\n|t:|1776720241\n|move|p2a: Garchomp|Protect|p2a: Garchomp\n|-singleturn|p2a: Garchomp|Protect\n|move|p1b: Sneasler|Dire Claw|p2a: Garchomp\n|-activate|p2a: Garchomp|move: Protect\n|move|p2b: Skarmory|Dual Wingbeat|p1b: Sneasler\n|-supereffective|p1b: Sneasler|1\n|-damage|p1b: Sneasler|16/100\n|-supereffective|p1b: Sneasler|1\n|-damage|p1b: Sneasler|0 fnt\n|faint|p1b: Sneasler\n|-hitcount|p1: Sneasler|2\n|move|p1a: Sinistcha|Matcha Gotcha|p2b: Skarmory|[spread] p2b\n|-activate|p2a: Garchomp|move: Protect\n|-resisted|p2b: Skarmory|2\n|-crit|p2b: Skarmory\n|-damage|p2b: Skarmory|88/100\n|\n|-heal|p2a: Garchomp|42/100|[from] item: Leftovers\n|upkeep\n|turn|9\n|\n|t:|1776720259\n|move|p2b: Skarmory|Dual Wingbeat|p1a: Sinistcha\n|-supereffective|p1a: Sinistcha|1\n|-damage|p1a: Sinistcha|59/100\n|-supereffective|p1a: Sinistcha|1\n|-damage|p1a: Sinistcha|15/100\n|-enditem|p1a: Sinistcha|Sitrus Berry|[eat]\n|-heal|p1a: Sinistcha|39/100|[from] item: Sitrus Berry\n|-hitcount|p1a: Sinistcha|2\n|move|p2a: Garchomp|Earthquake|p1a: Sinistcha|[spread] p1a\n|-immune|p2b: Skarmory\n|-resisted|p1a: Sinistcha|1\n|-damage|p1a: Sinistcha|5/100\n|move|p1a: Sinistcha|Matcha Gotcha|p2b: Skarmory|[spread] p2b\n|-miss|p1a: Sinistcha|p2a: Garchomp\n|-resisted|p2b: Skarmory|2\n|-damage|p2b: Skarmory|80/100\n|-heal|p1a: Sinistcha|8/100|[from] drain|[of] p2b: Skarmory\n|\n|-heal|p2a: Garchomp|48/100|[from] item: Leftovers\n|upkeep\n|turn|10\n|\n|t:|1776720278\n|move|p2b: Skarmory|Iron Head|p1a: Sinistcha\n|-crit|p1a: Sinistcha\n|-damage|p1a: Sinistcha|0 fnt\n|faint|p1a: Sinistcha\n|\n|win|fallen_whimmy\n|raw|NjJJonte's rating: 1065 &rarr; <strong>1049</strong><br />(-16 for losing)\n|raw|fallen_whimmy's rating: 1140 &rarr; <strong>1160</strong><br />(+20 for winning)\n",
  "uploadtime": 1776720281,
  "views": 5,
  "formatid": "gen9championsvgc2026regma",
  "rating": 1049,
  "private": 0,
  "password": null
}