{
  "id": "gen9championsvgc2026regma-2581073247",
  "format": "[Gen 9 Champions] VGC 2026 Reg M-A",
  "players": [
    "seanlunarz",
    "Slimeko325"
  ],
  "log": "|j|\u2606seanlunarz\n|j|\u2606Slimeko325\n|t:|1775957316\n|gametype|doubles\n|player|p1|seanlunarz|n|1000\n|player|p2|Slimeko325|miku-fairy|1083\n|gen|9\n|tier|[Gen 9 Champions] VGC 2026 Reg M-A\n|rated|\n|rule|Species Clause: Limit one of each Pok\u00e9mon\n|rule|Item Clause: Limit 1 of each item\n|clearpoke\n|poke|p1|Froslass, L50, F|\n|poke|p1|Sneasler, L50, F|\n|poke|p1|Clefable, L50, F|\n|poke|p1|Volcarona, L50, M|\n|poke|p1|Garchomp, L50, M|\n|poke|p1|Kingambit, L50, F|\n|poke|p2|Blastoise, L50, M|\n|poke|p2|Maushold-Four, L50|\n|poke|p2|Archaludon, L50, M|\n|poke|p2|Sinistcha, L50|\n|poke|p2|Basculegion, L50, M|\n|poke|p2|Pelipper, L50, M|\n|teampreview|4\n|inactive|Battle timer is ON: inactive players will automatically lose when time's up. (requested by Slimeko325)\n|inactive|seanlunarz has 60 seconds left.\n|inactive|Slimeko325 has 60 seconds left.\n|\n|t:|1775957349\n|teamsize|p1|4\n|teamsize|p2|4\n|start\n|switch|p1a: Garchomp|Garchomp, L50, M|100/100\n|switch|p1b: Volcarona|Volcarona, L50, M|100/100\n|switch|p2a: Blastoise|Blastoise, L50, M|100/100\n|switch|p2b: Maushold|Maushold-Four, L50|100/100\n|turn|1\n|\n|t:|1775957374\n|move|p2b: Maushold|Protect|p2b: Maushold\n|-singleturn|p2b: Maushold|Protect\n|move|p2a: Blastoise|Protect|p2a: Blastoise\n|-singleturn|p2a: Blastoise|Protect\n|move|p1a: Garchomp|Swords Dance|p1a: Garchomp\n|-boost|p1a: Garchomp|atk|2\n|move|p1b: Volcarona|Quiver Dance|p1b: Volcarona\n|-boost|p1b: Volcarona|spa|1\n|-boost|p1b: Volcarona|spd|1\n|-boost|p1b: Volcarona|spe|1\n|\n|upkeep\n|turn|2\n|\n|t:|1775957393\n|detailschange|p2a: Blastoise|Blastoise-Mega, L50, M\n|-mega|p2a: Blastoise|Blastoise|Blastoisinite\n|move|p1b: Volcarona|Protect|p1b: Volcarona\n|-singleturn|p1b: Volcarona|Protect\n|move|p2b: Maushold|Follow Me|p2b: Maushold\n|-singleturn|p2b: Maushold|move: Follow Me\n|move|p1a: Garchomp|Earthquake|p2b: Maushold|[spread] p2a,p2b\n|-activate|p1b: Volcarona|move: Protect\n|-damage|p2a: Blastoise|40/100\n|-enditem|p2b: Maushold|Focus Sash\n|-damage|p2b: Maushold|1/100\n|move|p2a: Blastoise|Water Spout|p1b: Volcarona|[spread] p1a\n|-activate|p1b: Volcarona|move: Protect\n|-damage|p1a: Garchomp|72/100\n|\n|upkeep\n|turn|3\n|inactive|seanlunarz has 30 seconds left.\n|inactive|Slimeko325 has 30 seconds left.\n|\n|t:|1775957422\n|move|p2b: Maushold|Follow Me|p2b: Maushold\n|-singleturn|p2b: Maushold|move: Follow Me\n|move|p1b: Volcarona|Bug Buzz|p2b: Maushold\n|-crit|p2b: Maushold\n|-damage|p2b: Maushold|0 fnt\n|faint|p2b: Maushold\n|move|p1a: Garchomp|Dragon Claw|p2a: Blastoise\n|-damage|p2a: Blastoise|0 fnt\n|faint|p2a: Blastoise\n|\n|upkeep\n|\n|t:|1775957430\n|switch|p2b: Pelipper|Pelipper, L50, M|100/100\n|switch|p2a: Basculegion|Basculegion, L50, M|100/100\n|-weather|RainDance|[from] ability: Drizzle|[of] p2b: Pelipper\n|turn|4\n|\n|t:|1775957453\n|move|p1b: Volcarona|Protect|p1b: Volcarona\n|-singleturn|p1b: Volcarona|Protect\n|move|p2a: Basculegion|Last Respects|p1a: Garchomp\n|-damage|p1a: Garchomp|0 fnt\n|faint|p1a: Garchomp\n|move|p2b: Pelipper|Hurricane|p1b: Volcarona\n|-activate|p1b: Volcarona|move: Protect\n|\n|-weather|RainDance|[upkeep]\n|upkeep\n|\n|t:|1775957470\n|switch|p1a: Clefable|Clefable, L50, F|100/100\n|turn|5\n|inactive|seanlunarz has 30 seconds left.\n|inactive|seanlunarz has 20 seconds left.\n|\n|t:|1775957510\n|move|p1a: Clefable|Protect|p1a: Clefable\n|-singleturn|p1a: Clefable|Protect\n|move|p2a: Basculegion|Last Respects|p1b: Volcarona\n|-damage|p1b: Volcarona|0 fnt\n|faint|p1b: Volcarona\n|move|p2b: Pelipper|Hurricane|p1a: Clefable\n|-activate|p1a: Clefable|move: Protect\n|\n|-weather|RainDance|[upkeep]\n|upkeep\n|\n|t:|1775957518\n|switch|p1b: Froslass|Froslass, L50, F|100/100\n|turn|6\n|\n|t:|1775957529\n|detailschange|p1b: Froslass|Froslass-Mega, L50, F\n|-mega|p1b: Froslass|Froslass|Froslassite\n|-weather|Snowscape|[from] ability: Snow Warning|[of] p1b: Froslass\n|move|p1a: Clefable|Follow Me|p1a: Clefable\n|-singleturn|p1a: Clefable|move: Follow Me\n|move|p2a: Basculegion|Last Respects|p1a: Clefable\n|-crit|p1a: Clefable\n|-damage|p1a: Clefable|0 fnt\n|faint|p1a: Clefable\n|move|p1b: Froslass|Aurora Veil|p1b: Froslass\n|-sidestart|p1: seanlunarz|move: Aurora Veil\n|move|p2b: Pelipper|Weather Ball|p1b: Froslass\n|-resisted|p1b: Froslass|1\n|-damage|p1b: Froslass|92/100\n|\n|-weather|Snowscape|[upkeep]\n|upkeep\n|turn|7\n|\n|t:|1775957547\n|move|p2a: Basculegion|Last Respects|p1b: Froslass\n|-supereffective|p1b: Froslass|1\n|-damage|p1b: Froslass|0 fnt\n|faint|p1b: Froslass\n|\n|win|Slimeko325\n|raw|seanlunarz's rating: 1000 &rarr; <strong>1000</strong><br />(+0 for losing)\n|raw|Slimeko325's rating: 1083 &rarr; <strong>1104</strong><br />(+21 for winning)\n",
  "uploadtime": 1775957549,
  "views": 15,
  "formatid": "gen9championsvgc2026regma",
  "rating": 1000,
  "private": 0,
  "password": null
}