{
  "id": "gen9championsvgc2026regma-2584709983",
  "format": "[Gen 9 Champions] VGC 2026 Reg M-A",
  "players": [
    "Jeanvagu",
    "pabluwu707"
  ],
  "log": "|j|\u2606Jeanvagu\n|j|\u2606pabluwu707\n|t:|1776278289\n|gametype|doubles\n|player|p1|Jeanvagu|266|\n|player|p2|pabluwu707|morty|\n|gen|9\n|tier|[Gen 9 Champions] VGC 2026 Reg M-A\n|rule|Species Clause: Limit one of each Pok\u00e9mon\n|rule|Item Clause: Limit 1 of each item\n|clearpoke\n|poke|p1|Aerodactyl, L50, F|\n|poke|p1|Greninja-*, L50, M|\n|poke|p1|Dragapult, L50, F|\n|poke|p1|Kingambit, L50, F|\n|poke|p1|Spiritomb, L50, F|\n|poke|p1|Sableye, L50, M|\n|poke|p2|Emboar, L50, M|\n|poke|p2|Lopunny, L50, M|\n|poke|p2|Castform, L50, M|\n|poke|p2|Incineroar, L50, M|\n|poke|p2|Orthworm, L50, M|\n|poke|p2|Scovillain, L50, M|\n|teampreview|4\n|\n|t:|1776278304\n|teamsize|p1|4\n|teamsize|p2|4\n|start\n|switch|p1a: Tumbespiritu|Spiritomb, L50, F|100/100\n|switch|p1b: Ojosable|Sableye, L50, M|100/100\n|switch|p2a: Oyakodon|Incineroar, L50, M|100/100\n|switch|p2b: Gyoza|Lopunny, L50, M, shiny|100/100\n|turn|1\n|\n|t:|1776278334\n|move|p1b: Ojosable|Fake Out|p2b: Gyoza\n|-damage|p2b: Gyoza|91/100\n|cant|p2b: Gyoza|flinch\n|move|p2a: Oyakodon|Parting Shot|p1a: Tumbespiritu\n|-unboost|p1a: Tumbespiritu|atk|1\n|-unboost|p1a: Tumbespiritu|spa|1\n|\n|t:|1776278342\n|switch|p2a: Katsudon|Emboar, L50, M|100/100|[from] Parting Shot\n|move|p1a: Tumbespiritu|Body Slam|p2a: Katsudon\n|-damage|p2a: Katsudon|86/100\n|\n|upkeep\n|turn|2\n|\n|t:|1776278354\n|detailschange|p2a: Katsudon|Emboar-Mega, L50, M\n|-mega|p2a: Katsudon|Emboar|Emboarite\n|-ability|p2a: Katsudon|Mold Breaker\n|move|p2b: Gyoza|Sunny Day|p2b: Gyoza\n|-weather|SunnyDay\n|move|p2a: Katsudon|Bulk Up|p2a: Katsudon\n|-boost|p2a: Katsudon|atk|1\n|-boost|p2a: Katsudon|def|1\n|move|p1a: Tumbespiritu|Curse|p2a: Katsudon\n|-start|p2a: Katsudon|Curse|[of] p1a: Tumbespiritu\n|-damage|p1a: Tumbespiritu|51/100\n|move|p1b: Ojosable|Skill Swap|p2a: Katsudon\n|-activate|p1b: Ojosable|Skill Swap|Mold Breaker|Stall|[of] p2a: Katsudon\n|-ability|p1b: Ojosable|Mold Breaker\n|\n|-weather|SunnyDay|[upkeep]\n|-damage|p2a: Katsudon|61/100|[from] Curse\n|upkeep\n|turn|3\n|-activate|p1a: Tumbespiritu|item: Quick Claw\n|\n|t:|1776278403\n|move|p2b: Gyoza|Helping Hand|p2a: Katsudon\n|-singleturn|p2a: Katsudon|Helping Hand|[of] p2b: Gyoza\n|move|p1a: Tumbespiritu|Pain Split|p2b: Gyoza\n|-sethp|p2b: Gyoza|69/100|[from] move: Pain Split|[silent]\n|-sethp|p1a: Tumbespiritu|75/100|[from] move: Pain Split\n|move|p1b: Ojosable|Snarl|p2a: Katsudon|[spread] p2a,p2b\n|-resisted|p2a: Katsudon|1\n|-damage|p2a: Katsudon|58/100\n|-damage|p2b: Gyoza|58/100\n|-unboost|p2a: Katsudon|spa|1\n|-unboost|p2b: Gyoza|spa|1\n|move|p2a: Katsudon|Temper Flare|p1b: Ojosable|[miss]\n|-miss|p2a: Katsudon|p1b: Ojosable\n|\n|-weather|SunnyDay|[upkeep]\n|-damage|p2a: Katsudon|33/100|[from] Curse\n|upkeep\n|turn|4\n|\n|t:|1776278450\n|move|p1b: Ojosable|Detect|p1b: Ojosable\n|-singleturn|p1b: Ojosable|Protect\n|move|p2b: Gyoza|Encore|p1b: Ojosable\n|-activate|p1b: Ojosable|move: Protect\n|move|p1a: Tumbespiritu|Destiny Bond|p1a: Tumbespiritu\n|-singlemove|p1a: Tumbespiritu|Destiny Bond\n|move|p2a: Katsudon|Temper Flare|p1b: Ojosable\n|-activate|p1b: Ojosable|move: Protect\n|\n|-weather|SunnyDay|[upkeep]\n|-damage|p2a: Katsudon|8/100|[from] Curse\n|upkeep\n|turn|5\n|\n|t:|1776278474\n|move|p2b: Gyoza|Encore|p1a: Tumbespiritu\n|-start|p1a: Tumbespiritu|Encore\n|move|p1b: Ojosable|Snarl|p2a: Katsudon|[spread] p2a,p2b\n|-resisted|p2a: Katsudon|1\n|-damage|p2a: Katsudon|4/100\n|-damage|p2b: Gyoza|48/100\n|-unboost|p2a: Katsudon|spa|1\n|-unboost|p2b: Gyoza|spa|1\n|move|p1a: Tumbespiritu|Destiny Bond||[still]\n|-fail|p1a: Tumbespiritu\n|move|p2a: Katsudon|Temper Flare|p1b: Ojosable\n|-damage|p1b: Ojosable|3/100\n|\n|-weather|SunnyDay|[upkeep]\n|-damage|p2a: Katsudon|0 fnt|[from] Curse\n|faint|p2a: Katsudon\n|upkeep\n|\n|t:|1776278490\n|switch|p2a: Wasabi|Scovillain, L50, M, shiny|100/100\n|turn|6\n|\n|t:|1776278527\n|move|p2a: Wasabi|Growth|p2a: Wasabi\n|-boost|p2a: Wasabi|atk|2\n|-boost|p2a: Wasabi|spa|2\n|move|p2b: Gyoza|Encore|p1b: Ojosable\n|-start|p1b: Ojosable|Encore\n|move|p1b: Ojosable|Snarl|p2b: Gyoza|[spread] p2a,p2b\n|-damage|p2a: Wasabi|86/100\n|-damage|p2b: Gyoza|37/100\n|-unboost|p2a: Wasabi|spa|1\n|-unboost|p2b: Gyoza|spa|1\n|move|p1a: Tumbespiritu|Destiny Bond|p1a: Tumbespiritu\n|-singlemove|p1a: Tumbespiritu|Destiny Bond\n|\n|-weather|none\n|upkeep\n|turn|7\n|\n|t:|1776278548\n|switch|p1b: Cacapulta|Dragapult, L50, F|100/100\n|switch|p1a: Reygamba|Kingambit, L50, F|100/100\n|move|p2b: Gyoza|Sunny Day|p2b: Gyoza\n|-weather|SunnyDay\n|move|p2a: Wasabi|Crunch|p1b: Cacapulta\n|-supereffective|p1b: Cacapulta|1\n|-crit|p1b: Cacapulta\n|-damage|p1b: Cacapulta|0 fnt\n|faint|p1b: Cacapulta\n|\n|-weather|SunnyDay|[upkeep]\n|upkeep\n|\n|t:|1776278559\n|switch|p1b: Ojosable|Sableye, L50, M|3/100\n|turn|8\n|\n|t:|1776278568\n|move|p2b: Gyoza|Helping Hand|p2a: Wasabi\n|-singleturn|p2a: Wasabi|Helping Hand|[of] p2b: Gyoza\n|move|p1b: Ojosable|Fake Out|p2a: Wasabi\n|-damage|p2a: Wasabi|74/100\n|cant|p2a: Wasabi|flinch\n|move|p1a: Reygamba|Air Slash|p2a: Wasabi\n|-supereffective|p2a: Wasabi|1\n|-damage|p2a: Wasabi|17/100\n|\n|-weather|SunnyDay|[upkeep]\n|upkeep\n|turn|9\n|\n|t:|1776278584\n|-end|p1a: Reygamba|fallenundefined|[silent]\n|switch|p1a: Tumbespiritu|Spiritomb, L50, F|75/100\n|move|p2b: Gyoza|Helping Hand|p2a: Wasabi\n|-singleturn|p2a: Wasabi|Helping Hand|[of] p2b: Gyoza\n|move|p2a: Wasabi|Flare Blitz|p1a: Tumbespiritu\n|-crit|p1a: Tumbespiritu\n|-damage|p1a: Tumbespiritu|0 fnt\n|faint|p1a: Tumbespiritu\n|-damage|p2a: Wasabi|0 fnt|[from] Recoil\n|faint|p2a: Wasabi\n|move|p1b: Ojosable|Snarl|p2b: Gyoza\n|-damage|p2b: Gyoza|21/100\n|-unboost|p2b: Gyoza|spa|1\n|\n|-weather|SunnyDay|[upkeep]\n|upkeep\n|\n|t:|1776278598\n|switch|p2a: Oyakodon|Incineroar, L50, M|100/100\n|switch|p1a: Reygamba|Kingambit, L50, F|100/100\n|-activate|p1a: Reygamba|ability: Supreme Overlord\n|-start|p1a: Reygamba|fallen2|[silent]\n|turn|10\n|\n|t:|1776278614\n|move|p2b: Gyoza|Helping Hand|p2a: Oyakodon\n|-singleturn|p2a: Oyakodon|Helping Hand|[of] p2b: Gyoza\n|move|p1b: Ojosable|Detect|p1b: Ojosable\n|-singleturn|p1b: Ojosable|Protect\n|move|p2a: Oyakodon|Heat Wave|p1b: Ojosable|[spread] p1a\n|-activate|p1b: Ojosable|move: Protect\n|-supereffective|p1a: Reygamba|1\n|-damage|p1a: Reygamba|0 fnt\n|faint|p1a: Reygamba\n|-end|p1a: Reygamba|fallen2|[silent]\n|\n|-weather|SunnyDay|[upkeep]\n|upkeep\n|turn|11\n|inactive|Battle timer is ON: inactive players will automatically lose when time's up. (requested by Jeanvagu)\n|\n|t:|1776278643\n|move|p1b: Ojosable|Detect|p1b: Ojosable\n|-singleturn|p1b: Ojosable|Protect\n|move|p2b: Gyoza|Encore|p1b: Ojosable\n|-activate|p1b: Ojosable|move: Protect\n|move|p2a: Oyakodon|Parting Shot|p1b: Ojosable\n|-activate|p1b: Ojosable|move: Protect\n|\n|-weather|none\n|upkeep\n|turn|12\n|\n|t:|1776278655\n|move|p1b: Ojosable|Detect||[still]\n|-fail|p1b: Ojosable\n|move|p2b: Gyoza|Encore|p1b: Ojosable\n|-start|p1b: Ojosable|Encore\n|move|p2a: Oyakodon|Parting Shot|p1b: Ojosable\n|-unboost|p1b: Ojosable|atk|1\n|-unboost|p1b: Ojosable|spa|1\n|\n|upkeep\n|turn|13\n|\n|t:|1776278665\n|move|p2b: Gyoza|Helping Hand|p2a: Oyakodon\n|-singleturn|p2a: Oyakodon|Helping Hand|[of] p2b: Gyoza\n|move|p1b: Ojosable|Detect|p1b: Ojosable\n|-singleturn|p1b: Ojosable|Protect\n|move|p2a: Oyakodon|Scorching Sands|p1b: Ojosable\n|-activate|p1b: Ojosable|move: Protect\n|\n|upkeep\n|turn|14\n|\n|t:|1776278674\n|move|p1b: Ojosable|Detect|p1b: Ojosable\n|-singleturn|p1b: Ojosable|Protect\n|move|p2b: Gyoza|Sunny Day|p2b: Gyoza\n|-weather|SunnyDay\n|move|p2a: Oyakodon|Heat Wave|p1b: Ojosable\n|-activate|p1b: Ojosable|move: Protect\n|\n|-weather|SunnyDay|[upkeep]\n|upkeep\n|turn|15\n|\n|t:|1776278684\n|move|p2b: Gyoza|Helping Hand|p2a: Oyakodon\n|-singleturn|p2a: Oyakodon|Helping Hand|[of] p2b: Gyoza\n|move|p1b: Ojosable|Detect||[still]\n|-fail|p1b: Ojosable\n|move|p2a: Oyakodon|Heat Wave|p1b: Ojosable\n|-damage|p1b: Ojosable|0 fnt\n|faint|p1b: Ojosable\n|\n|win|pabluwu707\n|l|\u2606Jeanvagu\n|player|p1|\n",
  "uploadtime": 1776278698,
  "views": 16,
  "formatid": "gen9championsvgc2026regma",
  "rating": null,
  "private": 0,
  "password": null
}