{
  "id": "gen9championsvgc2026regma-2581022522",
  "format": "[Gen 9 Champions] VGC 2026 Reg M-A",
  "players": [
    "bdb3000",
    "LokiDokie"
  ],
  "log": "|j|\u2606bdb3000\n|j|\u2606LokiDokie\n|t:|1775952588\n|gametype|doubles\n|player|p1|bdb3000|102|1087\n|player|p2|LokiDokie|pokemonbreederf-gen4|1028\n|gen|9\n|tier|[Gen 9 Champions] VGC 2026 Reg M-A\n|rated|\n|rule|Species Clause: Limit one of each Pok\u00e9mon\n|rule|Item Clause: Limit 1 of each item\n|clearpoke\n|poke|p1|Charizard, L50, M|\n|poke|p1|Whimsicott, L50, M|\n|poke|p1|Garchomp, L50, F|\n|poke|p1|Sneasler, L50, F|\n|poke|p1|Maushold, L50|\n|poke|p1|Incineroar, L50, F|\n|poke|p2|Aggron, L50, F|\n|poke|p2|Arcanine, L50, F|\n|poke|p2|Sinistcha, L50|\n|poke|p2|Pelipper, L50, F|\n|poke|p2|Farigiraf, L50, M|\n|poke|p2|Weavile, L50, F|\n|teampreview|4\n|\n|t:|1775952638\n|teamsize|p1|4\n|teamsize|p2|4\n|start\n|switch|p1a: Maushold|Maushold, L50|100/100\n|switch|p1b: Garchomp|Garchomp, L50, F|100/100\n|switch|p2a: Aggron|Aggron, L50, F|100/100\n|switch|p2b: Farigiraf|Farigiraf, L50, M|100/100\n|turn|1\n|\n|t:|1775952685\n|detailschange|p2a: Aggron|Aggron-Mega, L50, F\n|-mega|p2a: Aggron|Aggron|Aggronite\n|move|p1b: Garchomp|Rock Slide|p2a: Aggron|[spread] p2a,p2b\n|-resisted|p2a: Aggron|1\n|-damage|p2a: Aggron|96/100\n|-damage|p2b: Farigiraf|86/100\n|move|p1a: Maushold|Taunt|p2b: Farigiraf\n|-start|p2b: Farigiraf|move: Taunt\n|-enditem|p2b: Farigiraf|Mental Herb\n|-end|p2b: Farigiraf|move: Taunt\n|cant|p2a: Aggron|flinch\n|move|p2b: Farigiraf|Trick Room|p2b: Farigiraf\n|-fieldstart|move: Trick Room|[of] p2b: Farigiraf\n|\n|upkeep\n|turn|2\n|\n|t:|1775952716\n|switch|p1b: Incineroar|Incineroar, L50, F|100/100\n|-ability|p1b: Incineroar|Intimidate|boost\n|-unboost|p2a: Aggron|atk|1\n|-unboost|p2b: Farigiraf|atk|1\n|move|p2a: Aggron|Iron Defense|p2a: Aggron\n|-boost|p2a: Aggron|def|2\n|move|p2b: Farigiraf|Psychic Noise|p1a: Maushold\n|-crit|p1a: Maushold\n|-damage|p1a: Maushold|51/100\n|-start|p1a: Maushold|move: Heal Block\n|move|p1a: Maushold|Super Fang|p2a: Aggron\n|-damage|p2a: Aggron|49/100\n|\n|upkeep\n|turn|3\n|\n|t:|1775952741\n|switch|p2b: Pelipper|Pelipper, L50, F|100/100\n|-weather|RainDance|[from] ability: Drizzle|[of] p2b: Pelipper\n|move|p2a: Aggron|Body Press|p1b: Incineroar\n|-supereffective|p1b: Incineroar|1\n|-damage|p1b: Incineroar|0 fnt\n|faint|p1b: Incineroar\n|move|p1a: Maushold|Taunt|p2a: Aggron\n|-start|p2a: Aggron|move: Taunt\n|\n|-weather|RainDance|[upkeep]\n|-end|p1a: Maushold|move: Heal Block\n|upkeep\n|\n|t:|1775952756\n|switch|p1b: Garchomp|Garchomp, L50, F|100/100\n|turn|4\n|\n|t:|1775952766\n|move|p1b: Garchomp|Protect|p1b: Garchomp\n|-singleturn|p1b: Garchomp|Protect\n|move|p2b: Pelipper|Wide Guard|p2b: Pelipper\n|-singleturn|p2b: Pelipper|Wide Guard\n|move|p2a: Aggron|Body Press|p1a: Maushold\n|-supereffective|p1a: Maushold|1\n|-enditem|p1a: Maushold|Chople Berry|[eat]\n|-enditem|p1a: Maushold|Chople Berry|[weaken]\n|-damage|p1a: Maushold|0 fnt\n|faint|p1a: Maushold\n|\n|-weather|RainDance|[upkeep]\n|upkeep\n|\n|t:|1775952776\n|switch|p1a: Sneasler|Sneasler, L50, F|100/100\n|turn|5\n|\n|t:|1775952795\n|switch|p2b: Farigiraf|Farigiraf, L50, M|86/100\n|move|p1a: Sneasler|Protect|p1a: Sneasler\n|-singleturn|p1a: Sneasler|Protect\n|move|p2a: Aggron|Body Press|p1b: Garchomp\n|-damage|p1b: Garchomp|13/100\n|-damage|p2a: Aggron|36/100|[from] ability: Rough Skin|[of] p1b: Garchomp\n|move|p1b: Garchomp|Earthquake|p2b: Farigiraf|[spread] p2a,p2b\n|-activate|p1a: Sneasler|move: Protect\n|-supereffective|p2a: Aggron|1\n|-damage|p2a: Aggron|25/100\n|-damage|p2b: Farigiraf|56/100\n|\n|-weather|RainDance|[upkeep]\n|-fieldend|move: Trick Room\n|upkeep\n|turn|6\n|\n|t:|1775952830\n|switch|p2b: Sinistcha|Sinistcha, L50|100/100\n|-heal|p2a: Aggron|50/100|[from] ability: Hospitality|[of] p2b: Sinistcha\n|move|p1a: Sneasler|Dire Claw|p2b: Sinistcha\n|-damage|p2b: Sinistcha|62/100\n|move|p1b: Garchomp|Dragon Claw|p2b: Sinistcha\n|-damage|p2b: Sinistcha|24/100\n|move|p2a: Aggron|Body Press|p1a: Sneasler\n|-resisted|p1a: Sneasler|1\n|-damage|p1a: Sneasler|25/100\n|\n|-weather|RainDance|[upkeep]\n|-heal|p2b: Sinistcha|30/100|[from] item: Leftovers\n|-end|p2a: Aggron|move: Taunt\n|upkeep\n|turn|7\n|\n|t:|1775952854\n|move|p1a: Sneasler|Close Combat|p2a: Aggron\n|-supereffective|p2a: Aggron|1\n|-crit|p2a: Aggron\n|-damage|p2a: Aggron|0 fnt\n|-unboost|p1a: Sneasler|def|1\n|-unboost|p1a: Sneasler|spd|1\n|faint|p2a: Aggron\n|-enditem|p1a: Sneasler|White Herb\n|-clearnegativeboost|p1a: Sneasler|[silent]\n|move|p1b: Garchomp|Rock Slide|p2b: Sinistcha\n|-damage|p2b: Sinistcha|8/100\n|cant|p2b: Sinistcha|flinch\n|\n|-weather|none\n|-heal|p2b: Sinistcha|15/100|[from] item: Leftovers\n|upkeep\n|\n|t:|1775952870\n|switch|p2a: Pelipper|Pelipper, L50, F|100/100\n|-weather|RainDance|[from] ability: Drizzle|[of] p2a: Pelipper\n|turn|8\n|\n|t:|1775952896\n|move|p2a: Pelipper|Wide Guard|p2a: Pelipper\n|-singleturn|p2a: Pelipper|Wide Guard\n|move|p1a: Sneasler|Rock Tomb|p2a: Pelipper\n|-supereffective|p2a: Pelipper|1\n|-damage|p2a: Pelipper|53/100\n|-unboost|p2a: Pelipper|spe|1\n|move|p1b: Garchomp|Dragon Claw|p2b: Sinistcha\n|-damage|p2b: Sinistcha|0 fnt\n|faint|p2b: Sinistcha\n|\n|-weather|RainDance|[upkeep]\n|upkeep\n|\n|t:|1775952906\n|switch|p2b: Farigiraf|Farigiraf, L50, M|56/100\n|turn|9\n|\n|t:|1775952923\n|move|p2a: Pelipper|Wide Guard|p2a: Pelipper\n|-singleturn|p2a: Pelipper|Wide Guard\n|move|p1a: Sneasler|Dire Claw|p2b: Farigiraf\n|-damage|p2b: Farigiraf|20/100\n|move|p1b: Garchomp|Dragon Claw|p2b: Farigiraf\n|-damage|p2b: Farigiraf|0 fnt\n|faint|p2b: Farigiraf\n|\n|-weather|RainDance|[upkeep]\n|upkeep\n|turn|10\n|\n|t:|1775952938\n|move|p1a: Sneasler|Rock Tomb|p2a: Pelipper\n|-supereffective|p2a: Pelipper|1\n|-damage|p2a: Pelipper|5/100\n|-unboost|p2a: Pelipper|spe|1\n|move|p1b: Garchomp|Dragon Claw|p2a: Pelipper\n|-damage|p2a: Pelipper|0 fnt\n|faint|p2a: Pelipper\n|\n|win|bdb3000\n|raw|bdb3000's rating: 1087 &rarr; <strong>1109</strong><br />(+22 for winning)\n|raw|LokiDokie's rating: 1028 &rarr; <strong>1016</strong><br />(-12 for losing)\n|l|\u2606LokiDokie\n|player|p2|\n",
  "uploadtime": 1775952956,
  "views": 35,
  "formatid": "gen9championsvgc2026regma",
  "rating": 1016,
  "private": 0,
  "password": null
}