{
  "id": "gen9championsvgc2026regma-2588324677",
  "format": "[Gen 9 Champions] VGC 2026 Reg M-A",
  "players": [
    "Fanoi Fannah",
    "ChronicNikos"
  ],
  "log": "|j|\u2606Fanoi Fannah\n|j|\u2606ChronicNikos\n|t:|1776624188\n|gametype|doubles\n|player|p1|Fanoi Fannah|battlegirl|1472\n|player|p2|ChronicNikos|cynthia-gen4|1505\n|gen|9\n|tier|[Gen 9 Champions] VGC 2026 Reg M-A\n|rated|\n|rule|Species Clause: Limit one of each Pok\u00e9mon\n|rule|Item Clause: Limit 1 of each item\n|clearpoke\n|poke|p1|Typhlosion-Hisui, L50, F|\n|poke|p1|Whimsicott, L50, F|\n|poke|p1|Incineroar, L50, F|\n|poke|p1|Floette-Eternal, L50, F|\n|poke|p1|Farigiraf, L50, F|\n|poke|p1|Basculegion, L50, M|\n|poke|p2|Gengar, L50, F, shiny|\n|poke|p2|Incineroar, L50, M|\n|poke|p2|Politoed, L50, M|\n|poke|p2|Archaludon, L50, F|\n|poke|p2|Basculegion, L50, M|\n|poke|p2|Meganium, L50, F|\n|teampreview|4\nChronicNikos rejected open team sheets.\n|j| hazima\n|inactive|Battle timer is ON: inactive players will automatically lose when time's up. (requested by Fanoi Fannah)\n|inactive|ChronicNikos has 60 seconds left.\n|\n|t:|1776624268\n|teamsize|p1|4\n|teamsize|p2|4\n|start\n|switch|p1a: Whimsicott|Whimsicott, L50, F|100/100\n|switch|p1b: Incineroar|Incineroar, L50, F|100/100\n|switch|p2a: I May Fall|Politoed, L50, M|100/100\n|switch|p2b: Due Process|Archaludon, L50, F|100/100\n|-weather|RainDance|[from] ability: Drizzle|[of] p2a: I May Fall\n|-ability|p1b: Incineroar|Intimidate|boost\n|-unboost|p2a: I May Fall|atk|1\n|-unboost|p2b: Due Process|atk|1\n|turn|1\n|inactive|Fanoi Fannah has 30 seconds left.\n|inactive|ChronicNikos has 30 seconds left.\n|inactive|Fanoi Fannah has 20 seconds left.\n|inactive|ChronicNikos has 20 seconds left.\n|inactive|Fanoi Fannah has 15 seconds left.\n|inactive|Fanoi Fannah has 10 seconds left.\n|inactive|Fanoi Fannah has 5 seconds left.\n|\n|t:|1776624321\n|move|p1a: Whimsicott|Tailwind|p1a: Whimsicott\n|-sidestart|p1: Fanoi Fannah|move: Tailwind\n|move|p1b: Incineroar|Flare Blitz|p2b: Due Process\n|-damage|p2b: Due Process|83/100\n|-status|p2b: Due Process|brn\n|-ability|p2b: Due Process|Stamina|boost\n|-boost|p2b: Due Process|def|1\n|-damage|p1b: Incineroar|95/100|[from] Recoil\n|move|p2b: Due Process|Flash Cannon|p1a: Whimsicott\n|-supereffective|p1a: Whimsicott|1\n|-damage|p1a: Whimsicott|6/100\n|move|p2a: I May Fall|Ice Beam|p1a: Whimsicott\n|-supereffective|p1a: Whimsicott|1\n|-damage|p1a: Whimsicott|0 fnt\n|faint|p1a: Whimsicott\n|\n|-weather|RainDance|[upkeep]\n|-damage|p2b: Due Process|77/100 brn|[from] brn\n|upkeep\n|\n|t:|1776624328\n|switch|p1a: Floette|Floette-Eternal, L50, F|100/100\n|turn|2\n|inactive|Fanoi Fannah has 30 seconds left.\n|\n|t:|1776624354\n|move|p1a: Floette|Protect|p1a: Floette\n|-singleturn|p1a: Floette|Protect\n|move|p2b: Due Process|Protect|p2b: Due Process\n|-singleturn|p2b: Due Process|Protect\n|move|p1b: Incineroar|Parting Shot|p2a: I May Fall\n|-unboost|p2a: I May Fall|atk|1\n|-unboost|p2a: I May Fall|spa|1\n|\n|t:|1776624360\n|switch|p1b: Basculegion|Basculegion, L50, M|100/100|[from] Parting Shot\n|move|p2a: I May Fall|Perish Song|p2a: I May Fall\n|-start|p1a: Floette|perish3|[silent]\n|-start|p1b: Basculegion|perish3|[silent]\n|-start|p2a: I May Fall|perish3|[silent]\n|-start|p2b: Due Process|perish3|[silent]\n|-fieldactivate|move: Perish Song\n|\n|-weather|RainDance|[upkeep]\n|-damage|p2b: Due Process|71/100 brn|[from] brn\n|-start|p1a: Floette|perish3\n|-start|p1b: Basculegion|perish3\n|-start|p2b: Due Process|perish3\n|-start|p2a: I May Fall|perish3\n|upkeep\n|turn|3\n|inactive|ChronicNikos has 30 seconds left.\n|inactive|ChronicNikos has 20 seconds left.\n|\n|t:|1776624398\n|detailschange|p1a: Floette|Floette-Mega, L50, F\n|-mega|p1a: Floette|Floette|Floettite\n|-ability|p1a: Floette|Fairy Aura\n|move|p1a: Floette|Dazzling Gleam|p2b: Due Process|[spread] p2a,p2b\n|-damage|p2a: I May Fall|65/100\n|-damage|p2b: Due Process|8/100 brn\n|-ability|p2b: Due Process|Stamina|boost\n|-boost|p2b: Due Process|def|1\n|move|p1b: Basculegion|Wave Crash|p2b: Due Process\n|-resisted|p2b: Due Process|1\n|-damage|p2b: Due Process|0 fnt\n|faint|p2b: Due Process\n|-damage|p1b: Basculegion|98/100|[from] Recoil\n|move|p2a: I May Fall|Weather Ball|p1a: Floette\n|-damage|p1a: Floette|76/100\n|\n|-weather|RainDance|[upkeep]\n|-heal|p2a: I May Fall|72/100|[from] item: Leftovers\n|-start|p1a: Floette|perish2\n|-start|p1b: Basculegion|perish2\n|-start|p2a: I May Fall|perish2\n|upkeep\n|\n|t:|1776624418\n|switch|p2b: AllThingsMustDie|Gengar, L50, F, shiny|100/100\n|turn|4\n|inactive|Fanoi Fannah has 30 seconds left.\n|l| hazima\n|\n|t:|1776624445\n|switch|p1b: Incineroar|Incineroar, L50, F|95/100\n|-ability|p1b: Incineroar|Intimidate|boost\n|-unboost|p2a: I May Fall|atk|1\n|-unboost|p2b: AllThingsMustDie|atk|1\n|switch|p2a: Tri-Hard|Basculegion, L50, M|100/100\n|detailschange|p2b: AllThingsMustDie|Gengar-Mega, L50, F, shiny\n|-mega|p2b: AllThingsMustDie|Gengar|Gengarite\n|move|p2b: AllThingsMustDie|Protect|p2b: AllThingsMustDie\n|-singleturn|p2b: AllThingsMustDie|Protect\n|move|p1a: Floette|Light of Ruin|p2a: Tri-Hard\n|-damage|p2a: Tri-Hard|0 fnt\n|faint|p2a: Tri-Hard\n|-damage|p1a: Floette|21/100|[from] Recoil\n|\n|-weather|RainDance|[upkeep]\n|-start|p1a: Floette|perish1\n|-sideend|p1: Fanoi Fannah|move: Tailwind\n|upkeep\n|\n|t:|1776624460\n|switch|p2a: I May Fall|Politoed, L50, M|72/100\n|turn|5\n|j| saititraglamuie\n|\n|t:|1776624478\n|move|p2b: AllThingsMustDie|Protect||[still]\n|-fail|p2b: AllThingsMustDie\n|move|p2a: I May Fall|Protect|p2a: I May Fall\n|-singleturn|p2a: I May Fall|Protect\n|move|p1a: Floette|Light of Ruin|p2a: I May Fall\n|-activate|p2a: I May Fall|move: Protect\n|move|p1b: Incineroar|Darkest Lariat|p2b: AllThingsMustDie\n|-supereffective|p2b: AllThingsMustDie|1\n|-damage|p2b: AllThingsMustDie|24/100\n|\n|-weather|none\n|-heal|p2a: I May Fall|78/100|[from] item: Leftovers\n|-start|p1a: Floette|perish0\n|faint|p1a: Floette\n|upkeep\n|\n|t:|1776624482\n|switch|p1a: Basculegion|Basculegion, L50, M|98/100\n|turn|6\n|\n|t:|1776624501\n|move|p1a: Basculegion|Protect|p1a: Basculegion\n|-singleturn|p1a: Basculegion|Protect\n|move|p2b: AllThingsMustDie|Shadow Ball|p1a: Basculegion\n|-activate|p1a: Basculegion|move: Protect\n|move|p2a: I May Fall|Ice Beam|p1a: Basculegion\n|-activate|p1a: Basculegion|move: Protect\n|move|p1b: Incineroar|Darkest Lariat|p2b: AllThingsMustDie\n|-supereffective|p2b: AllThingsMustDie|1\n|-damage|p2b: AllThingsMustDie|0 fnt\n|faint|p2b: AllThingsMustDie\n|\n|-heal|p2a: I May Fall|84/100|[from] item: Leftovers\n|upkeep\n|turn|7\n|-message|ChronicNikos forfeited.\n|\n|win|Fanoi Fannah\n|raw|Fanoi Fannah's rating: 1472 &rarr; <strong>1494</strong><br />(+22 for winning)\n|raw|ChronicNikos's rating: 1505 &rarr; <strong>1483</strong><br />(-22 for losing)\n",
  "uploadtime": 1776624514,
  "views": 11,
  "formatid": "gen9championsvgc2026regma",
  "rating": 1483,
  "private": 0,
  "password": null
}