{
  "id": "gen9championsvgc2026regma-2582887440",
  "format": "[Gen 9 Champions] VGC 2026 Reg M-A",
  "players": [
    "Echoes630",
    "Juya"
  ],
  "log": "|j|\u2606Echoes630\n|j|\u2606Juya\n|t:|1776122174\n|gametype|doubles\n|player|p1|Echoes630|2|1119\n|player|p2|Juya|266|1122\n|gen|9\n|tier|[Gen 9 Champions] VGC 2026 Reg M-A\n|rated|\n|rule|Species Clause: Limit one of each Pok\u00e9mon\n|rule|Item Clause: Limit 1 of each item\n|clearpoke\n|poke|p1|Garchomp, L50, F|\n|poke|p1|Gardevoir, L50, M|\n|poke|p1|Sneasler, L50, F|\n|poke|p1|Gyarados, L50, M|\n|poke|p1|Rotom-Heat, L50|\n|poke|p1|Sinistcha, L50|\n|poke|p2|Blastoise, L50, F|\n|poke|p2|Sinistcha, L50|\n|poke|p2|Incineroar, L50, M|\n|poke|p2|Ninetales-Alola, L50, F|\n|poke|p2|Sneasler, L50, F|\n|poke|p2|Excadrill, L50, F|\n|teampreview|4\n|inactive|Battle timer is ON: inactive players will automatically lose when time's up. (requested by Juya)\n|inactive|Echoes630 has 60 seconds left.\n|\n|t:|1776122211\n|teamsize|p1|4\n|teamsize|p2|4\n|start\n|switch|p1a: Sneasler|Sneasler, L50, F|100/100\n|switch|p1b: Garchomp|Garchomp, L50, F|100/100\n|switch|p2a: Excadrill|Excadrill, L50, F|100/100\n|switch|p2b: Ninetales|Ninetales-Alola, L50, F|100/100\n|-ability|p2a: Excadrill|Mold Breaker\n|-ability|p1a: Sneasler|Pressure\n|-weather|Snowscape|[from] ability: Snow Warning|[of] p2b: Ninetales\n|turn|1\n|\n|t:|1776122236\n|move|p2b: Ninetales|Protect|p2b: Ninetales\n|-singleturn|p2b: Ninetales|Protect\n|move|p1a: Sneasler|Fake Out|p2b: Ninetales\n|-activate|p2b: Ninetales|move: Protect\n|move|p2a: Excadrill|Earthquake|p1a: Sneasler|[spread] p1a,p1b\n|-activate|p2b: Ninetales|move: Protect\n|-supereffective|p1a: Sneasler|1\n|-enditem|p1a: Sneasler|Focus Sash\n|-damage|p1a: Sneasler|1/100\n|-damage|p1b: Garchomp|56/100\n|move|p1b: Garchomp|Stomping Tantrum|p2a: Excadrill\n|-supereffective|p2a: Excadrill|1\n|-damage|p2a: Excadrill|0 fnt\n|faint|p2a: Excadrill\n|\n|-weather|Snowscape|[upkeep]\n|upkeep\n|\n|t:|1776122249\n|switch|p2a: Sinistcha|Sinistcha, L50|100/100\n|turn|2\n|\n|t:|1776122257\n|switch|p1b: Rotom|Rotom-Heat, L50|100/100\n|move|p2a: Sinistcha|Rage Powder|p2a: Sinistcha\n|-singleturn|p2a: Sinistcha|move: Rage Powder\n|move|p1a: Sneasler|Gunk Shot|p2a: Sinistcha\n|-damage|p2a: Sinistcha|55/100\n|move|p2b: Ninetales|Icy Wind|p1b: Rotom|[spread] p1a,p1b\n|-resisted|p1b: Rotom|1\n|-damage|p1a: Sneasler|0 fnt\n|-damage|p1b: Rotom|92/100\n|-unboost|p1b: Rotom|spe|1\n|faint|p1a: Sneasler\n|\n|-weather|Snowscape|[upkeep]\n|upkeep\n|\n|t:|1776122266\n|switch|p1a: Sinistcha|Sinistcha, L50|100/100\n|-heal|p1b: Rotom|100/100|[from] ability: Hospitality|[of] p1a: Sinistcha\n|turn|3\n|\n|t:|1776122279\n|move|p1a: Sinistcha|Protect|p1a: Sinistcha\n|-singleturn|p1a: Sinistcha|Protect\n|move|p2a: Sinistcha|Rage Powder|p2a: Sinistcha\n|-singleturn|p2a: Sinistcha|move: Rage Powder\n|move|p2b: Ninetales|Aurora Veil|p2b: Ninetales\n|-sidestart|p2: Juya|move: Aurora Veil\n|move|p1b: Rotom|Nasty Plot|p1b: Rotom\n|-boost|p1b: Rotom|spa|2\n|\n|-weather|Snowscape|[upkeep]\n|upkeep\n|turn|4\n|\n|t:|1776122294\n|move|p2b: Ninetales|Encore|p1b: Rotom\n|-start|p1b: Rotom|Encore\n|move|p2a: Sinistcha|Matcha Gotcha|p1b: Rotom|[spread] p1a\n|-miss|p2a: Sinistcha|p1b: Rotom\n|-resisted|p1a: Sinistcha|1\n|-damage|p1a: Sinistcha|90/100\n|-heal|p2a: Sinistcha|60/100|[from] drain|[of] p1a: Sinistcha\n|move|p1a: Sinistcha|Matcha Gotcha|p2b: Ninetales|[spread] p2a\n|-miss|p1a: Sinistcha|p2b: Ninetales\n|-resisted|p2a: Sinistcha|1\n|-damage|p2a: Sinistcha|51/100\n|-heal|p1a: Sinistcha|94/100|[from] drain|[of] p2a: Sinistcha\n|move|p1b: Rotom|Nasty Plot|p1b: Rotom\n|-boost|p1b: Rotom|spa|2\n|\n|-weather|Snowscape|[upkeep]\n|upkeep\n|turn|5\n|\n|t:|1776122311\n|switch|p2a: Blastoise|Blastoise, L50, F|100/100\n|move|p2b: Ninetales|Icy Wind|p1b: Rotom|[spread] p1a,p1b\n|-supereffective|p1a: Sinistcha|1\n|-resisted|p1b: Rotom|1\n|-damage|p1a: Sinistcha|67/100\n|-damage|p1b: Rotom|92/100\n|-unboost|p1a: Sinistcha|spe|1\n|-unboost|p1b: Rotom|spe|1\n|move|p1b: Rotom|Nasty Plot|p1b: Rotom\n|-boost|p1b: Rotom|spa|2\n|move|p1a: Sinistcha|Matcha Gotcha|p2b: Ninetales|[spread] p2a,p2b\n|-supereffective|p2a: Blastoise|1\n|-damage|p2a: Blastoise|68/100\n|-heal|p1a: Sinistcha|83/100|[from] drain|[of] p2a: Blastoise\n|-damage|p2b: Ninetales|83/100\n|-heal|p1a: Sinistcha|90/100|[from] drain|[of] p2b: Ninetales\n|\n|-weather|none\n|upkeep\n|turn|6\n|\n|t:|1776122334\n|switch|p1b: Garchomp|Garchomp, L50, F|56/100\n|detailschange|p2a: Blastoise|Blastoise-Mega, L50, F\n|-mega|p2a: Blastoise|Blastoise|Blastoisinite\n|move|p2b: Ninetales|Icy Wind|p1b: Garchomp|[spread] p1a,p1b\n|-supereffective|p1a: Sinistcha|1\n|-supereffective|p1b: Garchomp|2\n|-damage|p1a: Sinistcha|60/100\n|-damage|p1b: Garchomp|0 fnt\n|-unboost|p1a: Sinistcha|spe|1\n|faint|p1b: Garchomp\n|move|p2a: Blastoise|Water Pulse|p1a: Sinistcha\n|-resisted|p1a: Sinistcha|1\n|-damage|p1a: Sinistcha|36/100\n|move|p1a: Sinistcha|Matcha Gotcha|p2a: Blastoise|[spread] p2a,p2b\n|-supereffective|p2a: Blastoise|1\n|-damage|p2a: Blastoise|39/100\n|-heal|p1a: Sinistcha|50/100|[from] drain|[of] p2a: Blastoise\n|-damage|p2b: Ninetales|64/100\n|-heal|p1a: Sinistcha|58/100|[from] drain|[of] p2b: Ninetales\n|\n|upkeep\n|\n|t:|1776122338\n|switch|p1b: Rotom|Rotom-Heat, L50|92/100\n|turn|7\n|inactive|Juya has 30 seconds left.\n|inactive|Juya has 20 seconds left.\n|\n|t:|1776122376\n|switch|p2b: Sinistcha|Sinistcha, L50|51/100\n|-heal|p2a: Blastoise|64/100|[from] ability: Hospitality|[of] p2b: Sinistcha\n|move|p2a: Blastoise|Protect|p2a: Blastoise\n|-singleturn|p2a: Blastoise|Protect\n|move|p1b: Rotom|Overheat|p2b: Sinistcha\n|-supereffective|p2b: Sinistcha|1\n|-damage|p2b: Sinistcha|0 fnt\n|-unboost|p1b: Rotom|spa|2\n|faint|p2b: Sinistcha\n|move|p1a: Sinistcha|Matcha Gotcha|p2a: Blastoise\n|-activate|p2a: Blastoise|move: Protect\n|\n|-sideend|p2: Juya|move: Aurora Veil\n|upkeep\n|\n|t:|1776122388\n|switch|p2b: Ninetales|Ninetales-Alola, L50, F|64/100\n|-weather|Snowscape|[from] ability: Snow Warning|[of] p2b: Ninetales\n|turn|8\n|\n|t:|1776122407\n|move|p2a: Blastoise|Protect|p2a: Blastoise\n|-singleturn|p2a: Blastoise|Protect\n|move|p1b: Rotom|Protect|p1b: Rotom\n|-singleturn|p1b: Rotom|Protect\n|move|p2b: Ninetales|Icy Wind|p1b: Rotom|[spread] p1a\n|-activate|p1b: Rotom|move: Protect\n|-supereffective|p1a: Sinistcha|1\n|-damage|p1a: Sinistcha|30/100\n|-unboost|p1a: Sinistcha|spe|1\n|move|p1a: Sinistcha|Matcha Gotcha|p2b: Ninetales|[spread] p2b\n|-activate|p2a: Blastoise|move: Protect\n|-damage|p2b: Ninetales|37/100\n|-heal|p1a: Sinistcha|43/100|[from] drain|[of] p2b: Ninetales\n|\n|-weather|Snowscape|[upkeep]\n|upkeep\n|turn|9\n|\n|t:|1776122427\n|move|p1a: Sinistcha|Protect|p1a: Sinistcha\n|-singleturn|p1a: Sinistcha|Protect\n|move|p2b: Ninetales|Aurora Veil|p2b: Ninetales\n|-sidestart|p2: Juya|move: Aurora Veil\n|move|p2a: Blastoise|Water Pulse|p1b: Rotom\n|-supereffective|p1b: Rotom|1\n|-damage|p1b: Rotom|0 fnt\n|faint|p1b: Rotom\n|\n|-weather|Snowscape|[upkeep]\n|upkeep\n|turn|10\n|-message|Echoes630 forfeited.\n|\n|win|Juya\n|raw|Echoes630's rating: 1119 &rarr; <strong>1094</strong><br />(-25 for losing)\n|raw|Juya's rating: 1122 &rarr; <strong>1147</strong><br />(+25 for winning)\n",
  "uploadtime": 1776122437,
  "views": 12,
  "formatid": "gen9championsvgc2026regma",
  "rating": 1094,
  "private": 0,
  "password": null
}