{
  "id": "gen9championsvgc2026regma-2582597792",
  "format": "[Gen 9 Champions] VGC 2026 Reg M-A",
  "players": [
    "QuantumTwinSpark",
    "Pa7mmm"
  ],
  "log": "|j|\u2606QuantumTwinSpark\n|j|\u2606Pa7mmm\n|t:|1776101720\n|gametype|doubles\n|player|p1|QuantumTwinSpark|cress|1136\n|player|p2|Pa7mmm|1|1214\n|gen|9\n|tier|[Gen 9 Champions] VGC 2026 Reg M-A\n|rated|\n|rule|Species Clause: Limit one of each Pok\u00e9mon\n|rule|Item Clause: Limit 1 of each item\n|clearpoke\n|poke|p1|Vivillon, L50, M|\n|poke|p1|Clefable, L50, F|\n|poke|p1|Wyrdeer, L50, F|\n|poke|p1|Delphox, L50, M|\n|poke|p1|Gengar, L50, M|\n|poke|p1|Milotic, L50, F|\n|poke|p2|Garchomp, L50, F|\n|poke|p2|Corviknight, L50, M|\n|poke|p2|Sinistcha, L50|\n|poke|p2|Incineroar, L50, M|\n|poke|p2|Whimsicott, L50, M|\n|poke|p2|Gardevoir, L50, M|\n|teampreview|4\n|inactive|Battle timer is ON: inactive players will automatically lose when time's up. (requested by Pa7mmm)\n|inactive|Pa7mmm has 60 seconds left.\nQuantumTwinSpark rejected open team sheets.\n|\n|t:|1776101778\n|teamsize|p1|4\n|teamsize|p2|4\n|start\n|switch|p1a: Clefable|Clefable, L50, F|100/100\n|switch|p1b: Milotic|Milotic, L50, F|100/100\n|switch|p2a: Incineroar|Incineroar, L50, M|100/100\n|switch|p2b: Gardevoir|Gardevoir, L50, M|100/100\n|-ability|p2b: Gardevoir|Competitive|Trace|[from] ability: Trace|[of] p1b: Milotic\n|-ability|p2a: Incineroar|Intimidate|boost\n|-unboost|p1a: Clefable|atk|1\n|-unboost|p1b: Milotic|atk|1\n|-ability|p1b: Milotic|Competitive|boost\n|-boost|p1b: Milotic|spa|2\n|turn|1\n|\n|t:|1776101795\n|detailschange|p2b: Gardevoir|Gardevoir-Mega, L50, M\n|-mega|p2b: Gardevoir|Gardevoir|Gardevoirite\n|move|p2a: Incineroar|Fake Out|p1b: Milotic\n|-damage|p1b: Milotic|89/100\n|move|p2b: Gardevoir|Hyper Voice|p1b: Milotic|[spread] p1a,p1b\n|-damage|p1a: Clefable|61/100\n|-damage|p1b: Milotic|47/100\n|cant|p1b: Milotic|flinch\n|move|p1a: Clefable|Gravity|p1a: Clefable\n|-fieldstart|move: Gravity\n|\n|upkeep\n|turn|2\n|inactive|QuantumTwinSpark has 30 seconds left.\n|\n|t:|1776101824\n|detailschange|p1a: Clefable|Clefable-Mega, L50, F\n|-mega|p1a: Clefable|Clefable|Clefablite\n|move|p2b: Gardevoir|Hyper Voice|p1a: Clefable|[spread] p1a,p1b\n|-damage|p1a: Clefable|24/100\n|-damage|p1b: Milotic|10/100\n|move|p1b: Milotic|Chilling Water|p2a: Incineroar\n|-supereffective|p2a: Incineroar|1\n|-damage|p2a: Incineroar|18/100\n|-unboost|p2a: Incineroar|atk|1\n|-enditem|p2a: Incineroar|Sitrus Berry|[eat]\n|-heal|p2a: Incineroar|43/100|[from] item: Sitrus Berry\n|move|p2a: Incineroar|Darkest Lariat|p1b: Milotic\n|-damage|p1b: Milotic|0 fnt\n|faint|p1b: Milotic\n|move|p1a: Clefable|Sing|p2b: Gardevoir\n|-status|p2b: Gardevoir|slp|[from] move: Sing\n|\n|upkeep\n|\n|t:|1776101842\n|switch|p1b: Delphox|Delphox, L50, M|100/100\n|turn|3\n|\n|t:|1776101864\n|move|p1b: Delphox|Heat Wave|p2b: Gardevoir|[spread] p2a,p2b\n|-resisted|p2a: Incineroar|1\n|-damage|p2a: Incineroar|31/100\n|-damage|p2b: Gardevoir|68/100 slp\n|cant|p2b: Gardevoir|slp\n|move|p1a: Clefable|Sing|p2a: Incineroar\n|-status|p2a: Incineroar|slp|[from] move: Sing\n|cant|p2a: Incineroar|slp\n|\n|upkeep\n|turn|4\n|\n|t:|1776101880\n|cant|p2b: Gardevoir|slp\n|move|p1b: Delphox|Nasty Plot|p1b: Delphox\n|-boost|p1b: Delphox|spa|2\n|move|p1a: Clefable|Life Dew||[still]|[spread] p1a,p1b\n|-heal|p1a: Clefable|49/100\n|-fail|p1b: Delphox|heal\n|cant|p2a: Incineroar|slp\n|\n|upkeep\n|turn|5\n|\n|t:|1776101894\n|-curestatus|p2b: Gardevoir|slp|[msg]\n|move|p2b: Gardevoir|Protect|p2b: Gardevoir\n|-singleturn|p2b: Gardevoir|Protect\n|move|p1b: Delphox|Heat Wave|p2a: Incineroar|[spread] p2a\n|-activate|p2b: Gardevoir|move: Protect\n|-resisted|p2a: Incineroar|1\n|-damage|p2a: Incineroar|8/100 slp\n|move|p1a: Clefable|Life Dew||[still]|[spread] p1a,p1b\n|-heal|p1a: Clefable|74/100\n|-fail|p1b: Delphox|heal\n|-curestatus|p2a: Incineroar|slp|[msg]\n|move|p2a: Incineroar|Parting Shot|p1b: Delphox\n|-unboost|p1b: Delphox|atk|1\n|-unboost|p1b: Delphox|spa|1\n|\n|t:|1776101914\n|switch|p2a: Whimsicott|Whimsicott, L50, M|100/100|[from] Parting Shot\n|\n|-fieldend|move: Gravity\n|upkeep\n|turn|6\n|\n|t:|1776101928\n|move|p2a: Whimsicott|Tailwind|p2a: Whimsicott\n|-sidestart|p2: Pa7mmm|move: Tailwind\n|move|p2b: Gardevoir|Hyper Voice|p1b: Delphox|[spread] p1a,p1b\n|-resisted|p1b: Delphox|1\n|-damage|p1a: Clefable|40/100\n|-damage|p1b: Delphox|68/100\n|move|p1b: Delphox|Hypnosis|p2b: Gardevoir\n|-status|p2b: Gardevoir|slp|[from] move: Hypnosis\n|move|p1a: Clefable|Sing|p2a: Whimsicott|[miss]\n|-miss|p1a: Clefable|p2a: Whimsicott\n|\n|upkeep\n|turn|7\n|\n|t:|1776101944\n|move|p2a: Whimsicott|Encore|p1b: Delphox\n|-start|p1b: Delphox|Encore\n|cant|p2b: Gardevoir|slp\n|move|p1b: Delphox|Hypnosis|p2b: Gardevoir|[miss]\n|-miss|p1b: Delphox|p2b: Gardevoir\n|move|p1a: Clefable|Life Dew|p1a: Clefable|[spread] p1a,p1b\n|-heal|p1a: Clefable|65/100\n|-heal|p1b: Delphox|94/100\n|\n|upkeep\n|turn|8\n|\n|t:|1776101959\n|move|p2a: Whimsicott|Encore|p1a: Clefable\n|move|p1a: Clefable|Encore||[from] ability: Magic Bounce|[still]\n|-fail|p1a: Clefable\n|cant|p2b: Gardevoir|slp\n|move|p1b: Delphox|Hypnosis|p2a: Whimsicott|[miss]\n|-miss|p1b: Delphox|p2a: Whimsicott\n|move|p1a: Clefable|Gravity|p1a: Clefable\n|-fieldstart|move: Gravity\n|\n|upkeep\n|turn|9\n|\n|t:|1776101973\n|move|p2a: Whimsicott|Moonblast|p1a: Clefable\n|-damage|p1a: Clefable|41/100\n|-curestatus|p2b: Gardevoir|slp|[msg]\n|move|p2b: Gardevoir|Hyper Voice|p1a: Clefable|[spread] p1a,p1b\n|-resisted|p1b: Delphox|1\n|-damage|p1a: Clefable|7/100\n|-damage|p1b: Delphox|62/100\n|move|p1b: Delphox|Hypnosis|p2a: Whimsicott\n|-status|p2a: Whimsicott|slp|[from] move: Hypnosis\n|move|p1a: Clefable|Life Dew|p1a: Clefable|[spread] p1a,p1b\n|-heal|p1a: Clefable|33/100\n|-heal|p1b: Delphox|88/100\n|\n|-end|p1b: Delphox|Encore\n|-sideend|p2: Pa7mmm|move: Tailwind\n|upkeep\n|turn|10\n|\n|t:|1776101991\n|cant|p2a: Whimsicott|slp\n|move|p1b: Delphox|Hypnosis|p2b: Gardevoir\n|-status|p2b: Gardevoir|slp|[from] move: Hypnosis\n|cant|p2b: Gardevoir|slp\n|move|p1a: Clefable|Life Dew|p1a: Clefable|[spread] p1a,p1b\n|-heal|p1a: Clefable|58/100\n|-heal|p1b: Delphox|100/100\n|\n|upkeep\n|turn|11\n|\n|t:|1776102002\n|cant|p2a: Whimsicott|slp\n|move|p1b: Delphox|Heat Wave|p2b: Gardevoir|[spread] p2a,p2b\n|-supereffective|p2a: Whimsicott|1\n|-enditem|p2a: Whimsicott|Focus Sash\n|-damage|p2a: Whimsicott|1/100 slp\n|-damage|p2b: Gardevoir|26/100 slp\n|-curestatus|p2b: Gardevoir|slp|[msg]\n|move|p2b: Gardevoir|Moonblast|p1a: Clefable\n|-damage|p1a: Clefable|17/100\n|move|p1a: Clefable|Moonblast|p2a: Whimsicott\n|-damage|p2a: Whimsicott|0 fnt\n|faint|p2a: Whimsicott\n|\n|upkeep\n|\n|t:|1776102006\n|switch|p2a: Incineroar|Incineroar, L50, M|8/100\n|-ability|p2a: Incineroar|Intimidate|boost\n|-unboost|p1a: Clefable|atk|1\n|-unboost|p1b: Delphox|atk|1\n|turn|12\n|\n|t:|1776102024\n|move|p2a: Incineroar|Fake Out|p1b: Delphox\n|-damage|p1b: Delphox|82/100\n|cant|p1b: Delphox|flinch\n|move|p2b: Gardevoir|Hyper Voice|p1b: Delphox|[spread] p1a,p1b\n|-crit|p1a: Clefable\n|-resisted|p1b: Delphox|1\n|-damage|p1a: Clefable|0 fnt\n|-damage|p1b: Delphox|49/100\n|faint|p1a: Clefable\n|\n|-fieldend|move: Gravity\n|upkeep\n|\n|t:|1776102030\n|switch|p1a: Vivillon|Vivillon, L50, M|100/100\n|turn|13\n|inactive|Pa7mmm has 30 seconds left.\n|\n|t:|1776102058\n|move|p1b: Delphox|Heat Wave|p2a: Incineroar|[spread] p2a,p2b\n|-resisted|p2a: Incineroar|1\n|-damage|p2a: Incineroar|0 fnt\n|-damage|p2b: Gardevoir|0 fnt\n|faint|p2a: Incineroar\n|faint|p2b: Gardevoir\n|move|p1a: Vivillon|Pollen Puff|p1b: Delphox\n|-heal|p1b: Delphox|99/100\n|\n|upkeep\n|\n|t:|1776102063\n|switch|p2b: Garchomp|Garchomp, L50, F|100/100\n|turn|14\n|\n|t:|1776102073\n|move|p1b: Delphox|Nasty Plot|p1b: Delphox\n|-boost|p1b: Delphox|spa|2\n|move|p2b: Garchomp|Rock Tomb|p1a: Vivillon\n|-supereffective|p1a: Vivillon|2\n|-enditem|p1a: Vivillon|Focus Sash\n|-damage|p1a: Vivillon|1/100\n|-unboost|p1a: Vivillon|spe|1\n|move|p1a: Vivillon|Sleep Powder|p2b: Garchomp\n|-status|p2b: Garchomp|slp|[from] move: Sleep Powder\n|\n|upkeep\n|turn|15\n|\n|t:|1776102089\n|move|p1b: Delphox|Psychic|p2b: Garchomp\n|-damage|p2b: Garchomp|0 fnt\n|faint|p2b: Garchomp\n|\n|win|QuantumTwinSpark\n|raw|QuantumTwinSpark's rating: 1136 &rarr; <strong>1167</strong><br />(+31 for winning)\n|raw|Pa7mmm's rating: 1214 &rarr; <strong>1183</strong><br />(-31 for losing)\n",
  "uploadtime": 1776102091,
  "views": 15,
  "formatid": "gen9championsvgc2026regma",
  "rating": 1167,
  "private": 0,
  "password": null
}