{
  "id": "gen9championsvgc2026regma-2586515956",
  "format": "[Gen 9 Champions] VGC 2026 Reg M-A",
  "players": [
    "Dr. Steam",
    "g7ez"
  ],
  "log": "|j|\u2606Dr. Steam\n|j|\u2606g7ez\n|t:|1776439997\n|gametype|doubles\n|player|p1|Dr. Steam|170|1212\n|player|p2|g7ez|bugcatcher-gen4dp|1180\n|gen|9\n|tier|[Gen 9 Champions] VGC 2026 Reg M-A\n|rated|\n|rule|Species Clause: Limit one of each Pok\u00e9mon\n|rule|Item Clause: Limit 1 of each item\n|clearpoke\n|poke|p1|Charizard, L50, F|\n|poke|p1|Araquanid, L50, M|\n|poke|p1|Mamoswine, L50, M|\n|poke|p1|Sneasler, L50, M|\n|poke|p1|Kingambit, L50, F|\n|poke|p1|Meganium, L50, F|\n|poke|p2|Pelipper, L50, M|\n|poke|p2|Meganium, L50, M|\n|poke|p2|Basculegion, L50, M|\n|poke|p2|Tinkaton, L50, F|\n|poke|p2|Archaludon, L50, F|\n|poke|p2|Gardevoir, L50, M|\n|teampreview|4\n|inactive|Battle timer is ON: inactive players will automatically lose when time's up. (requested by g7ez)\n|inactive|g7ez has 60 seconds left.\n|\n|t:|1776440056\n|teamsize|p1|4\n|teamsize|p2|4\n|start\n|switch|p1a: Charizard|Charizard, L50, F, shiny|100/100\n|switch|p1b: Kingambit|Kingambit, L50, F, shiny|100/100\n|switch|p2a: Tinkaton|Tinkaton, L50, F|100/100\n|switch|p2b: Basculegion|Basculegion, L50, M|100/100\n|-ability|p2a: Tinkaton|Mold Breaker\n|turn|1\n|inactive|Dr. Steam has 30 seconds left.\n|inactive|Dr. Steam has 20 seconds left.\n|inactive|Dr. Steam has 15 seconds left.\n|\n|t:|1776440099\n|detailschange|p1a: Charizard|Charizard-Mega-Y, L50, F, shiny\n|-mega|p1a: Charizard|Charizard|Charizardite Y\n|-weather|SunnyDay|[from] ability: Drought|[of] p1a: Charizard\n|move|p1a: Charizard|Protect|p1a: Charizard\n|-singleturn|p1a: Charizard|Protect\n|move|p2a: Tinkaton|Fake Out|p1b: Kingambit\n|-resisted|p1b: Kingambit|1\n|-damage|p1b: Kingambit|97/100\n|cant|p1b: Kingambit|flinch\n|move|p2b: Basculegion|Wave Crash|p1a: Charizard\n|-activate|p1a: Charizard|move: Protect\n|\n|-weather|SunnyDay|[upkeep]\n|upkeep\n|turn|2\n|inactive|g7ez has 30 seconds left.\n|inactive|g7ez has 20 seconds left.\n|inactive|g7ez has 15 seconds left.\n|inactive|g7ez has 10 seconds left.\n|\n|t:|1776440145\n|switch|p2b: Pelipper|Pelipper, L50, M|100/100\n|-weather|RainDance|[from] ability: Drizzle|[of] p2b: Pelipper\n|move|p2a: Tinkaton|Protect|p2a: Tinkaton\n|-singleturn|p2a: Tinkaton|Protect\n|move|p1b: Kingambit|Sucker Punch||[still]\n|-fail|p1b: Kingambit\n|move|p1a: Charizard|Heat Wave|p2a: Tinkaton|[spread] p2b\n|-activate|p2a: Tinkaton|move: Protect\n|-resisted|p2b: Pelipper|1\n|-damage|p2b: Pelipper|85/100\n|\n|-weather|RainDance|[upkeep]\n|upkeep\n|turn|3\n|inactive|Dr. Steam has 30 seconds left.\n|\n|t:|1776440172\n|switch|p2a: Basculegion|Basculegion, L50, M|100/100\n|move|p1a: Charizard|Solar Beam||[still]\n|-prepare|p1a: Charizard|Solar Beam\n|move|p2b: Pelipper|Weather Ball|p1a: Charizard\n|-supereffective|p1a: Charizard|1\n|-crit|p1a: Charizard\n|-damage|p1a: Charizard|0 fnt\n|faint|p1a: Charizard\n|move|p1b: Kingambit|Kowtow Cleave|p2b: Pelipper\n|-damage|p2b: Pelipper|33/100\n|\n|-weather|RainDance|[upkeep]\n|upkeep\n|\n|t:|1776440187\n|switch|p1a: Araquanid|Araquanid, L50, M, shiny|100/100\n|turn|4\n|\n|t:|1776440199\n|switch|p2a: Tinkaton|Tinkaton, L50, F|100/100\n|-ability|p2a: Tinkaton|Mold Breaker\n|move|p1a: Araquanid|Protect|p1a: Araquanid\n|-singleturn|p1a: Araquanid|Protect\n|move|p1b: Kingambit|Sucker Punch||[still]\n|-fail|p1b: Kingambit\n|move|p2b: Pelipper|Hurricane|p1a: Araquanid\n|-activate|p1a: Araquanid|move: Protect\n|\n|-weather|RainDance|[upkeep]\n|upkeep\n|turn|5\n|\n|t:|1776440219\n|move|p2a: Tinkaton|Fake Out|p1b: Kingambit\n|-resisted|p1b: Kingambit|1\n|-damage|p1b: Kingambit|94/100\n|move|p2b: Pelipper|Hurricane|p1a: Araquanid\n|-supereffective|p1a: Araquanid|1\n|-damage|p1a: Araquanid|18/100\n|cant|p1b: Kingambit|flinch\n|move|p1a: Araquanid|Liquidation|p2a: Tinkaton\n|-enditem|p2a: Tinkaton|Focus Sash\n|-damage|p2a: Tinkaton|1/100\n|\n|-weather|RainDance|[upkeep]\n|upkeep\n|turn|6\n|\n|t:|1776440240\n|move|p2a: Tinkaton|Protect|p2a: Tinkaton\n|-singleturn|p2a: Tinkaton|Protect\n|move|p1a: Araquanid|Protect|p1a: Araquanid\n|-singleturn|p1a: Araquanid|Protect\n|move|p1b: Kingambit|Sucker Punch||[still]\n|-fail|p1b: Kingambit\n|move|p2b: Pelipper|Tailwind|p2b: Pelipper\n|-sidestart|p2: g7ez|move: Tailwind\n|\n|-weather|none\n|upkeep\n|turn|7\n|\n|t:|1776440259\n|switch|p2a: Meganium|Meganium, L50, M|100/100\n|switch|p2b: Basculegion|Basculegion, L50, M|100/100\n|move|p1a: Araquanid|Protect||[still]\n|-fail|p1a: Araquanid\n|move|p1b: Kingambit|Sucker Punch||[still]\n|-fail|p1b: Kingambit\n|\n|upkeep\n|turn|8\n|\n|t:|1776440279\n|switch|p2b: Pelipper|Pelipper, L50, M|33/100\n|-weather|RainDance|[from] ability: Drizzle|[of] p2b: Pelipper\n|detailschange|p2a: Meganium|Meganium-Mega, L50, M\n|-mega|p2a: Meganium|Meganium|Meganiumite\n|move|p1a: Araquanid|Protect|p1a: Araquanid\n|-singleturn|p1a: Araquanid|Protect\n|move|p2a: Meganium|Weather Ball|p1b: Kingambit\n|-supereffective|p1b: Kingambit|1\n|-damage|p1b: Kingambit|0 fnt\n|faint|p1b: Kingambit\n|\n|-weather|RainDance|[upkeep]\n|upkeep\n|\n|t:|1776440294\n|switch|p1b: Sneasler|Sneasler, L50, M, shiny|100/100\n|turn|9\n|inactive|Dr. Steam has 30 seconds left.\n|\n|t:|1776440323\n|move|p1a: Araquanid|Protect||[still]\n|-fail|p1a: Araquanid\n|move|p2a: Meganium|Dazzling Gleam|p1a: Araquanid|[spread] p1a,p1b\n|-damage|p1a: Araquanid|0 fnt\n|-damage|p1b: Sneasler|53/100\n|faint|p1a: Araquanid\n|move|p2b: Pelipper|Hurricane|p1b: Sneasler\n|-supereffective|p1b: Sneasler|1\n|-damage|p1b: Sneasler|0 fnt\n|faint|p1b: Sneasler\n|\n|win|g7ez\n|raw|Dr. Steam's rating: 1212 &rarr; <strong>1185</strong><br />(-27 for losing)\n|raw|g7ez's rating: 1180 &rarr; <strong>1207</strong><br />(+27 for winning)\n|l|\u2606Dr. Steam\n|player|p1|\n",
  "uploadtime": 1776440339,
  "views": 24,
  "formatid": "gen9championsvgc2026regma",
  "rating": 1185,
  "private": 0,
  "password": null
}