{
  "id": "gen9championsvgc2026regma-2584808754",
  "format": "[Gen 9 Champions] VGC 2026 Reg M-A",
  "players": [
    "aitorrrr",
    "QuaxXxXx"
  ],
  "log": "|j|\u2606aitorrrr\n|j|\u2606QuaxXxXx\n|t:|1776285235\n|gametype|doubles\n|player|p1|aitorrrr|janitor|1080\n|player|p2|QuaxXxXx|volkner|1070\n|gen|9\n|tier|[Gen 9 Champions] VGC 2026 Reg M-A\n|rated|\n|rule|Species Clause: Limit one of each Pok\u00e9mon\n|rule|Item Clause: Limit 1 of each item\n|clearpoke\n|poke|p1|Incineroar, L50, F|\n|poke|p1|Gengar, L50, F|\n|poke|p1|Politoed, L50, F|\n|poke|p1|Whimsicott, L50, M|\n|poke|p1|Kommo-o, L50, M|\n|poke|p1|Aegislash, L50, F|\n|poke|p2|Hatterene, L50, F|\n|poke|p2|Golurk, L50|\n|poke|p2|Incineroar, L50, F|\n|poke|p2|Whimsicott, L50, M|\n|poke|p2|Clefable, L50, F|\n|poke|p2|Torkoal, L50, M|\n|teampreview|4\n|inactive|Battle timer is ON: inactive players will automatically lose when time's up. (requested by QuaxXxXx)\nQuaxXxXx rejected open team sheets.\n|\n|t:|1776285263\n|teamsize|p1|4\n|teamsize|p2|4\n|start\n|switch|p1a: Aegislash|Aegislash, L50, F|100/100\n|switch|p1b: Incineroar|Incineroar, L50, F|100/100\n|switch|p2a: TRAP CARD|Whimsicott, L50, M|100/100\n|switch|p2b: MENACE|Incineroar, L50, F|100/100\n|-ability|p1b: Incineroar|Intimidate|boost\n|-unboost|p2a: TRAP CARD|atk|1\n|-unboost|p2b: MENACE|atk|1\n|-ability|p2b: MENACE|Intimidate|boost\n|-unboost|p1a: Aegislash|atk|1\n|-unboost|p1b: Incineroar|atk|1\n|turn|1\n|inactive|QuaxXxXx has 30 seconds left.\n|inactive|QuaxXxXx has 20 seconds left.\n|inactive|QuaxXxXx has 15 seconds left.\n|inactive|QuaxXxXx has 10 seconds left.\n|inactive|QuaxXxXx has 5 seconds left.\n|\n|t:|1776285317\n|move|p1b: Incineroar|Fake Out|p2a: TRAP CARD\n|-damage|p2a: TRAP CARD|92/100\n|move|p2b: MENACE|Fake Out|p1b: Incineroar\n|-damage|p1b: Incineroar|94/100\n|cant|p2a: TRAP CARD|flinch\n|-formechange|p1a: Aegislash|Aegislash-Blade|\n|move|p1a: Aegislash|Iron Head|p2a: TRAP CARD\n|-supereffective|p2a: TRAP CARD|1\n|-damage|p2a: TRAP CARD|10/100\n|\n|upkeep\n|turn|2\n|\n|t:|1776285338\n|switch|p1b: Politoed|Politoed, L50, F|100/100\n|-weather|RainDance|[from] ability: Drizzle|[of] p1b: Politoed\n|move|p2a: TRAP CARD|Encore||[still]\n|-fail|p2a: TRAP CARD\n|move|p1a: Aegislash|Iron Head|p2a: TRAP CARD\n|-supereffective|p2a: TRAP CARD|1\n|-damage|p2a: TRAP CARD|0 fnt\n|faint|p2a: TRAP CARD\n|move|p2b: MENACE|Flare Blitz|p1a: Aegislash\n|-supereffective|p1a: Aegislash|1\n|-damage|p1a: Aegislash|38/100\n|-damage|p2b: MENACE|87/100|[from] Recoil\n|\n|-weather|RainDance|[upkeep]\n|upkeep\n|\n|t:|1776285351\n|switch|p2a: SWITCHA|Hatterene, L50, F|100/100\n|turn|3\n|\n|t:|1776285364\n|-formechange|p1a: Aegislash|Aegislash|\n|move|p1a: Aegislash|King's Shield|p1a: Aegislash\n|-singleturn|p1a: Aegislash|Protect\n|move|p1b: Politoed|Weather Ball|p2b: MENACE\n|-supereffective|p2b: MENACE|1\n|-damage|p2b: MENACE|0 fnt\n|faint|p2b: MENACE\n|move|p2a: SWITCHA|Trick Room|p2a: SWITCHA\n|-fieldstart|move: Trick Room|[of] p2a: SWITCHA\n|\n|-weather|RainDance|[upkeep]\n|upkeep\n|\n|t:|1776285374\n|switch|p2b: BEEF|Golurk, L50|100/100\n|turn|4\n|\n|t:|1776285397\n|switch|p1a: Incineroar|Incineroar, L50, F|94/100\n|-ability|p1a: Incineroar|Intimidate|boost\n|-unboost|p2a: SWITCHA|atk|1\n|-unboost|p2b: BEEF|atk|1\n|detailschange|p2b: BEEF|Golurk-Mega, L50\n|-mega|p2b: BEEF|Golurk|Golurkite\n|move|p2a: SWITCHA|Calm Mind|p2a: SWITCHA\n|-boost|p2a: SWITCHA|spa|1\n|-boost|p2a: SWITCHA|spd|1\n|move|p2b: BEEF|Thunder Punch|p1b: Politoed\n|-supereffective|p1b: Politoed|1\n|-damage|p1b: Politoed|47/100\n|move|p1b: Politoed|Perish Song|p1b: Politoed\n|-start|p1a: Incineroar|perish3|[silent]\n|-start|p1b: Politoed|perish3|[silent]\n|-start|p2a: SWITCHA|perish3|[silent]\n|-start|p2b: BEEF|perish3|[silent]\n|-fieldactivate|move: Perish Song\n|\n|-weather|RainDance|[upkeep]\n|-heal|p1b: Politoed|53/100|[from] item: Leftovers\n|-start|p2a: SWITCHA|perish3\n|-start|p2b: BEEF|perish3\n|-start|p1a: Incineroar|perish3\n|-start|p1b: Politoed|perish3\n|upkeep\n|turn|5\n|n|!QuaxXxXx|quaxxxxx\n|inactive|QuaxXxXx has 30 seconds left.\n|c|\u2606aitorrrr|gg\n|inactive|QuaxXxXx has 20 seconds left.\n|inactive|QuaxXxXx has 15 seconds left.\n|inactive|QuaxXxXx has 10 seconds left.\n|\n|t:|1776285446\n|move|p1a: Incineroar|Protect|p1a: Incineroar\n|-singleturn|p1a: Incineroar|Protect\n|move|p1b: Politoed|Protect|p1b: Politoed\n|-singleturn|p1b: Politoed|Protect\n|move|p2a: SWITCHA|Dazzling Gleam|p1b: Politoed|[spread] \n|-activate|p1a: Incineroar|move: Protect\n|-activate|p1b: Politoed|move: Protect\n|move|p2b: BEEF|Headlong Rush|p1a: Incineroar\n|-supereffective|p1a: Incineroar|1\n|-crit|p1a: Incineroar\n|-ability|p2b: BEEF|Unseen Fist\n|-zbroken|p1a: Incineroar\n|-damage|p1a: Incineroar|44/100\n|-unboost|p2b: BEEF|def|1\n|-unboost|p2b: BEEF|spd|1\n|-enditem|p1a: Incineroar|Sitrus Berry|[eat]\n|-heal|p1a: Incineroar|69/100|[from] item: Sitrus Berry\n|\n|-weather|RainDance|[upkeep]\n|-heal|p1b: Politoed|59/100|[from] item: Leftovers\n|-start|p2a: SWITCHA|perish2\n|-start|p2b: BEEF|perish2\n|-start|p1a: Incineroar|perish2\n|-start|p1b: Politoed|perish2\n|upkeep\n|turn|6\n|inactive|QuaxXxXx has 30 seconds left.\n|inactive|QuaxXxXx has 20 seconds left.\n|\n|t:|1776285483\n|move|p2a: SWITCHA|Dazzling Gleam|p1a: Incineroar|[spread] p1a,p1b\n|-damage|p1a: Incineroar|20/100\n|-damage|p1b: Politoed|4/100\n|move|p2b: BEEF|Thunder Punch|p1b: Politoed\n|-supereffective|p1b: Politoed|1\n|-damage|p1b: Politoed|0 fnt\n|faint|p1b: Politoed\n|move|p1a: Incineroar|Darkest Lariat|p2b: BEEF\n|-supereffective|p2b: BEEF|1\n|-damage|p2b: BEEF|47/100\n|\n|-weather|none\n|-start|p2a: SWITCHA|perish1\n|-start|p2b: BEEF|perish1\n|-start|p1a: Incineroar|perish1\n|upkeep\n|\n|t:|1776285497\n|switch|p1b: Gengar|Gengar, L50, F|100/100\n|turn|7\n|\n|t:|1776285509\n|detailschange|p1b: Gengar|Gengar-Mega, L50, F\n|-mega|p1b: Gengar|Gengar|Gengarite\n|move|p1a: Incineroar|Protect|p1a: Incineroar\n|-singleturn|p1a: Incineroar|Protect\n|move|p1b: Gengar|Protect|p1b: Gengar\n|-singleturn|p1b: Gengar|Protect\n|move|p2a: SWITCHA|Dazzling Gleam|p1a: Incineroar|[spread] \n|-activate|p1a: Incineroar|move: Protect\n|-activate|p1b: Gengar|move: Protect\n|move|p2b: BEEF|Headlong Rush|p1b: Gengar\n|-supereffective|p1b: Gengar|1\n|-ability|p2b: BEEF|Unseen Fist\n|-zbroken|p1b: Gengar\n|-damage|p1b: Gengar|68/100\n|-unboost|p2b: BEEF|def|1\n|-unboost|p2b: BEEF|spd|1\n|\n|-start|p2a: SWITCHA|perish0\n|-start|p2b: BEEF|perish0\n|-start|p1a: Incineroar|perish0\n|-fieldend|move: Trick Room\n|faint|p2a: SWITCHA\n|faint|p2b: BEEF\n|faint|p1a: Incineroar\n|\n|win|aitorrrr\n",
  "uploadtime": 1776285416,
  "views": 19,
  "formatid": "gen9championsvgc2026regma",
  "rating": null,
  "private": 0,
  "password": null
}