{
  "id": "gen9championsvgc2026regma-2583075270",
  "format": "[Gen 9 Champions] VGC 2026 Reg M-A",
  "players": [
    "chacoroloy",
    "AugusMartinez03"
  ],
  "log": "|j|\u2606chacoroloy\n|j|\u2606AugusMartinez03\n|t:|1776139220\n|gametype|doubles\n|player|p1|chacoroloy|cynthia-gen4|1029\n|player|p2|AugusMartinez03|volkner|1121\n|gen|9\n|tier|[Gen 9 Champions] VGC 2026 Reg M-A\n|rated|\n|rule|Species Clause: Limit one of each Pok\u00e9mon\n|rule|Item Clause: Limit 1 of each item\n|clearpoke\n|poke|p1|Chandelure, L50, F|\n|poke|p1|Whimsicott, L50, M|\n|poke|p1|Sinistcha, L50|\n|poke|p1|Arcanine-Hisui, L50, M|\n|poke|p1|Garchomp, L50, M|\n|poke|p1|Sneasler, L50, M|\n|poke|p2|Maushold, L50|\n|poke|p2|Garchomp, L50, F|\n|poke|p2|Talonflame, L50, M|\n|poke|p2|Rotom-Wash, L50|\n|poke|p2|Tyranitar, L50, F|\n|poke|p2|Gardevoir, L50, F|\n|teampreview|4\n|inactive|Battle timer is ON: inactive players will automatically lose when time's up. (requested by chacoroloy)\n|\n|t:|1776139281\n|teamsize|p1|4\n|teamsize|p2|4\n|start\n|switch|p1a: Whimsicott|Whimsicott, L50, M|100/100\n|switch|p1b: Arcanine|Arcanine-Hisui, L50, M|100/100\n|switch|p2a: Rotom|Rotom-Wash, L50|100/100\n|switch|p2b: Maushold|Maushold, L50|100/100\n|-ability|p1b: Arcanine|Intimidate|boost\n|-unboost|p2a: Rotom|atk|1\n|-unboost|p2b: Maushold|atk|1\n|turn|1\n|inactive|chacoroloy has 30 seconds left.\n|inactive|chacoroloy has 20 seconds left.\n|\n|t:|1776139318\n|move|p1a: Whimsicott|Sunny Day|p1a: Whimsicott\n|-weather|SunnyDay\n|move|p1b: Arcanine|Head Smash|p2a: Rotom\n|-damage|p2a: Rotom|41/100\n|-enditem|p2a: Rotom|Sitrus Berry|[eat]\n|-heal|p2a: Rotom|65/100|[from] item: Sitrus Berry\n|-damage|p1b: Arcanine|73/100|[from] Recoil\n|move|p2b: Maushold|Encore|p1a: Whimsicott\n|-start|p1a: Whimsicott|Encore\n|-enditem|p1a: Whimsicott|Mental Herb\n|-end|p1a: Whimsicott|Encore\n|move|p2a: Rotom|Hydro Pump|p1b: Arcanine\n|-supereffective|p1b: Arcanine|2\n|-damage|p1b: Arcanine|0 fnt\n|faint|p1b: Arcanine\n|\n|-weather|SunnyDay|[upkeep]\n|upkeep\n|\n|t:|1776139332\n|switch|p1b: Chandelure|Chandelure, L50, F|100/100\n|turn|2\n|\n|t:|1776139353\n|switch|p1a: Sinistcha|Sinistcha, L50|100/100\n|detailschange|p1b: Chandelure|Chandelure-Mega, L50, F\n|-mega|p1b: Chandelure|Chandelure|Chandelurite\n|move|p2b: Maushold|Encore||[still]\n|-fail|p2b: Maushold\n|move|p1b: Chandelure|Shadow Ball|p2a: Rotom\n|-damage|p2a: Rotom|28/100\n|move|p2a: Rotom|Hydro Pump|p1b: Chandelure|[miss]\n|-miss|p2a: Rotom|p1b: Chandelure\n|\n|-weather|SunnyDay|[upkeep]\n|upkeep\n|turn|3\n|inactive|chacoroloy has 30 seconds left.\n|inactive|AugusMartinez03 has 30 seconds left.\n|\n|t:|1776139378\n|move|p2b: Maushold|Follow Me|p2b: Maushold\n|-singleturn|p2b: Maushold|move: Follow Me\n|move|p1a: Sinistcha|Rage Powder|p1a: Sinistcha\n|-singleturn|p1a: Sinistcha|move: Rage Powder\n|move|p1b: Chandelure|Shadow Ball|p2b: Maushold\n|-immune|p2b: Maushold\n|move|p2a: Rotom|Hydro Pump|p1a: Sinistcha\n|-resisted|p1a: Sinistcha|1\n|-damage|p1a: Sinistcha|86/100\n|\n|-weather|SunnyDay|[upkeep]\n|-heal|p1a: Sinistcha|92/100|[from] item: Leftovers\n|upkeep\n|turn|4\n|inactive|AugusMartinez03 has 30 seconds left.\n|inactive|AugusMartinez03 has 20 seconds left.\n|inactive|AugusMartinez03 has 15 seconds left.\n|inactive|AugusMartinez03 has 10 seconds left.\n|inactive|AugusMartinez03 has 5 seconds left.\n|\n|t:|1776139434\n|move|p1a: Sinistcha|Rage Powder|p1a: Sinistcha\n|-singleturn|p1a: Sinistcha|move: Rage Powder\n|move|p2b: Maushold|Encore|p1a: Sinistcha\n|-start|p1a: Sinistcha|Encore\n|move|p1b: Chandelure|Flame Charge|p2b: Maushold\n|-damage|p2b: Maushold|75/100\n|-boost|p1b: Chandelure|spe|1\n|move|p2a: Rotom|Hydro Pump|p1a: Sinistcha|[miss]\n|-miss|p2a: Rotom|p1a: Sinistcha\n|\n|-weather|SunnyDay|[upkeep]\n|-heal|p1a: Sinistcha|98/100|[from] item: Leftovers\n|upkeep\n|turn|5\n|\n|t:|1776139455\n|move|p2b: Maushold|Follow Me|p2b: Maushold\n|-singleturn|p2b: Maushold|move: Follow Me\n|move|p1a: Sinistcha|Rage Powder|p1a: Sinistcha\n|-singleturn|p1a: Sinistcha|move: Rage Powder\n|move|p1b: Chandelure|Heat Wave|p2b: Maushold|[spread] p2b\n|-miss|p1b: Chandelure|p2a: Rotom\n|-damage|p2b: Maushold|0 fnt\n|faint|p2b: Maushold\n|move|p2a: Rotom|Volt Switch|p1a: Sinistcha\n|-resisted|p1a: Sinistcha|1\n|-damage|p1a: Sinistcha|79/100\n|\n|t:|1776139469\n|switch|p2a: Tyranitar|Tyranitar, L50, F|100/100|[from] Volt Switch\n|-weather|Sandstorm|[from] ability: Sand Stream|[of] p2a: Tyranitar\n|\n|-weather|Sandstorm|[upkeep]\n|-damage|p1b: Chandelure|95/100|[from] Sandstorm\n|-damage|p1a: Sinistcha|72/100|[from] Sandstorm\n|-heal|p1a: Sinistcha|79/100|[from] item: Leftovers\n|upkeep\n|\n|t:|1776139478\n|switch|p2b: Garchomp|Garchomp, L50, F|100/100\n|turn|6\n|inactive|AugusMartinez03 has 30 seconds left.\n|inactive|AugusMartinez03 has 20 seconds left.\n|inactive|AugusMartinez03 has 15 seconds left.\n|inactive|AugusMartinez03 has 10 seconds left.\n|\n|t:|1776139525\n|switch|p2b: Rotom|Rotom-Wash, L50|28/100\n|switch|p1a: Whimsicott|Whimsicott, L50, M|100/100\n|move|p1b: Chandelure|Protect|p1b: Chandelure\n|-singleturn|p1b: Chandelure|Protect\n|move|p2a: Tyranitar|Knock Off|p1a: Whimsicott\n|-resisted|p1a: Whimsicott|1\n|-damage|p1a: Whimsicott|81/100\n|\n|-weather|Sandstorm|[upkeep]\n|-damage|p1b: Chandelure|89/100|[from] Sandstorm\n|-damage|p1a: Whimsicott|75/100|[from] Sandstorm\n|-damage|p2b: Rotom|22/100|[from] Sandstorm\n|upkeep\n|turn|7\n|\n|t:|1776139547\n|move|p1a: Whimsicott|Sunny Day|p1a: Whimsicott\n|-weather|SunnyDay\n|move|p1b: Chandelure|Shadow Ball|p2b: Rotom\n|-damage|p2b: Rotom|0 fnt\n|faint|p2b: Rotom\n|move|p2a: Tyranitar|Knock Off|p1b: Chandelure\n|-supereffective|p1b: Chandelure|1\n|-damage|p1b: Chandelure|23/100\n|\n|-weather|SunnyDay|[upkeep]\n|upkeep\n|\n|t:|1776139557\n|switch|p2b: Garchomp|Garchomp, L50, F|100/100\n|turn|8\n|\n|t:|1776139567\n|move|p1b: Chandelure|Protect|p1b: Chandelure\n|-singleturn|p1b: Chandelure|Protect\n|move|p2b: Garchomp|Protect|p2b: Garchomp\n|-singleturn|p2b: Garchomp|Protect\n|move|p1a: Whimsicott|Tailwind|p1a: Whimsicott\n|-sidestart|p1: chacoroloy|move: Tailwind\n|move|p2a: Tyranitar|Rock Slide|p1b: Chandelure|[spread] p1a\n|-activate|p1b: Chandelure|move: Protect\n|-damage|p1a: Whimsicott|42/100\n|\n|-weather|SunnyDay|[upkeep]\n|upkeep\n|turn|9\n|\n|t:|1776139591\n|switch|p1b: Sinistcha|Sinistcha, L50|79/100\n|-heal|p1a: Whimsicott|67/100|[from] ability: Hospitality|[of] p1b: Sinistcha\n|move|p2a: Tyranitar|Protect|p2a: Tyranitar\n|-singleturn|p2a: Tyranitar|Protect\n|move|p1a: Whimsicott|Encore|p2b: Garchomp\n|-start|p2b: Garchomp|Encore\n|move|p2b: Garchomp|Protect||[still]\n|-fail|p2b: Garchomp\n|\n|-weather|SunnyDay|[upkeep]\n|-heal|p1b: Sinistcha|85/100|[from] item: Leftovers\n|upkeep\n|turn|10\n|inactive|AugusMartinez03 has 30 seconds left.\n|\n|t:|1776139617\n|move|p2b: Garchomp|Protect|p2b: Garchomp\n|-singleturn|p2b: Garchomp|Protect\n|move|p1a: Whimsicott|Encore|p2a: Tyranitar\n|-hint|Since gen 7, Dark is immune to Prankster moves.\n|-immune|p2a: Tyranitar\n|move|p1b: Sinistcha|Matcha Gotcha|p2a: Tyranitar|[spread] \n|-activate|p2b: Garchomp|move: Protect\n|-miss|p1b: Sinistcha|p2a: Tyranitar\n|move|p2a: Tyranitar|Knock Off|p1b: Sinistcha\n|-supereffective|p1b: Sinistcha|1\n|-damage|p1b: Sinistcha|0 fnt\n|-enditem|p1b: Sinistcha|Leftovers|[from] move: Knock Off|[of] p2a: Tyranitar\n|faint|p1b: Sinistcha\n|\n|-weather|SunnyDay|[upkeep]\n|upkeep\n|\n|t:|1776139631\n|switch|p1b: Chandelure|Chandelure-Mega, L50, F|23/100\n|turn|11\n|\n|t:|1776139656\n|move|p1b: Chandelure|Protect|p1b: Chandelure\n|-singleturn|p1b: Chandelure|Protect\n|move|p2b: Garchomp|Protect||[still]\n|-fail|p2b: Garchomp\n|move|p2a: Tyranitar|Protect|p2a: Tyranitar\n|-singleturn|p2a: Tyranitar|Protect\n|move|p1a: Whimsicott|Moonblast|p2b: Garchomp\n|-supereffective|p2b: Garchomp|1\n|-damage|p2b: Garchomp|44/100\n|\n|-weather|none\n|-end|p2b: Garchomp|Encore\n|-sideend|p1: chacoroloy|move: Tailwind\n|upkeep\n|turn|12\n|inactive|AugusMartinez03 has 30 seconds left.\n|\n|t:|1776139682\n|move|p1a: Whimsicott|Encore|p2b: Garchomp\n|-start|p2b: Garchomp|Encore\n|move|p2b: Garchomp|Protect|p2b: Garchomp\n|-singleturn|p2b: Garchomp|Protect\n|move|p1b: Chandelure|Heat Wave|p2b: Garchomp|[spread] p2a\n|-activate|p2b: Garchomp|move: Protect\n|-resisted|p2a: Tyranitar|1\n|-damage|p2a: Tyranitar|80/100\n|-status|p2a: Tyranitar|brn\n|move|p2a: Tyranitar|Rock Slide|p1b: Chandelure|[spread] p1a,p1b\n|-supereffective|p1b: Chandelure|1\n|-damage|p1a: Whimsicott|50/100\n|-damage|p1b: Chandelure|0 fnt\n|faint|p1b: Chandelure\n|\n|-damage|p2a: Tyranitar|74/100 brn|[from] brn\n|upkeep\n|turn|13\n|c|\u2606AugusMartinez03|Lol\n|inactive|AugusMartinez03 has 30 seconds left.\n|c|\u2606chacoroloy|uhh\n|inactive|AugusMartinez03 has 20 seconds left.\n|\n|t:|1776139720\n|move|p2b: Garchomp|Protect||[still]\n|-fail|p2b: Garchomp\n|move|p1a: Whimsicott|Moonblast|p2b: Garchomp\n|-supereffective|p2b: Garchomp|1\n|-damage|p2b: Garchomp|0 fnt\n|faint|p2b: Garchomp\n|move|p2a: Tyranitar|Rock Slide|p1a: Whimsicott\n|-damage|p1a: Whimsicott|26/100\n|\n|-damage|p2a: Tyranitar|68/100 brn|[from] brn\n|upkeep\n|turn|14\n|\n|t:|1776139734\n|move|p1a: Whimsicott|Moonblast|p2a: Tyranitar\n|-supereffective|p2a: Tyranitar|1\n|-damage|p2a: Tyranitar|14/100 brn\n|move|p2a: Tyranitar|Rock Slide|p1a: Whimsicott|[miss]\n|-miss|p2a: Tyranitar|p1a: Whimsicott\n|\n|-damage|p2a: Tyranitar|8/100 brn|[from] brn\n|upkeep\n|turn|15\n|c|\u2606chacoroloy|oh unlcuky\n|c|\u2606AugusMartinez03|Lol\n|\n|t:|1776139750\n|move|p1a: Whimsicott|Moonblast|p2a: Tyranitar\n|-supereffective|p2a: Tyranitar|1\n|-damage|p2a: Tyranitar|0 fnt\n|faint|p2a: Tyranitar\n|\n|win|chacoroloy\n|raw|chacoroloy's rating: 1029 &rarr; <strong>1074</strong><br />(+45 for winning)\n|raw|AugusMartinez03's rating: 1121 &rarr; <strong>1090</strong><br />(-31 for losing)\n|c|\u2606chacoroloy|gg tho\n|c|\u2606AugusMartinez03|Gg\n|c|\u2606chacoroloy|what was ur mega?\n|c|\u2606chacoroloy|idr\n|c|\u2606AugusMartinez03|Gardevoir\n|c|\u2606chacoroloy|oh\n|c|\u2606chacoroloy|honestly\n|c|\u2606AugusMartinez03|Didnt use it\n|c|\u2606chacoroloy|u might want to run 2 megas\n|c|\u2606AugusMartinez03|Maybe\n|c|\u2606chacoroloy|like t-tar and gard\n|c|\u2606AugusMartinez03|dont like this team\n|c|\u2606chacoroloy|fair\n|c|\u2606chacoroloy|im still firguring out a good chandelure team\n|c|\u2606AugusMartinez03|But i am never using perish\n|c|\u2606chacoroloy|LMAO\n|c|\u2606chacoroloy|same\n|c|\u2606AugusMartinez03|Hahahah\n|c|\u2606AugusMartinez03|Gg bro\n|c|\u2606chacoroloy|ggs\n|l|\u2606AugusMartinez03\n|player|p2|\n",
  "uploadtime": 1776139862,
  "views": 24,
  "formatid": "gen9championsvgc2026regma",
  "rating": 1074,
  "private": 0,
  "password": null
}