{
  "id": "gen9championsvgc2026regma-2584587414",
  "format": "[Gen 9 Champions] VGC 2026 Reg M-A",
  "players": [
    "marclorbir7",
    "DryIceBros"
  ],
  "log": "|j|\u2606marclorbir7\n|j|\u2606DryIceBros\n|t:|1776270517\n|gametype|doubles\n|player|p1|marclorbir7|ninjaboy|1170\n|player|p2|DryIceBros|mars|1261\n|gen|9\n|tier|[Gen 9 Champions] VGC 2026 Reg M-A\n|rated|\n|rule|Species Clause: Limit one of each Pok\u00e9mon\n|rule|Item Clause: Limit 1 of each item\n|clearpoke\n|poke|p1|Tauros-Paldea-Aqua, L50, M|\n|poke|p1|Weavile, L50, M|\n|poke|p1|Kangaskhan, L50, F|\n|poke|p1|Garchomp, L50, M|\n|poke|p1|Whimsicott, L50, M|\n|poke|p1|Delphox, L50, M|\n|poke|p2|Crabominable, L50, M|\n|poke|p2|Farigiraf, L50, M|\n|poke|p2|Ninetales-Alola, L50, F|\n|poke|p2|Incineroar, L50, M|\n|poke|p2|Torkoal, L50, F|\n|poke|p2|Basculegion, L50, M|\n|teampreview|4\nDryIceBros has agreed to open team sheets.\n|\n|t:|1776270572\n|teamsize|p1|4\n|teamsize|p2|4\n|start\n|switch|p1a: Tauros|Tauros-Paldea-Aqua, L50, M|100/100\n|switch|p1b: Delphox|Delphox, L50, M|100/100\n|switch|p2a: Ninetales|Ninetales-Alola, L50, F|100/100\n|switch|p2b: Farigiraf|Farigiraf, L50, M|100/100\n|-weather|Snowscape|[from] ability: Snow Warning|[of] p2a: Ninetales\n|-ability|p1a: Tauros|Intimidate|boost\n|-unboost|p2a: Ninetales|atk|1\n|-unboost|p2b: Farigiraf|atk|1\n|turn|1\n|\n|t:|1776270611\n|detailschange|p1b: Delphox|Delphox-Mega, L50, M\n|-mega|p1b: Delphox|Delphox|Delphoxite\n|move|p1b: Delphox|Heat Wave|p2a: Ninetales|[spread] p2b\n|-miss|p1b: Delphox|p2a: Ninetales\n|-damage|p2b: Farigiraf|66/100\n|move|p2a: Ninetales|Aurora Veil|p2a: Ninetales\n|-sidestart|p2: DryIceBros|move: Aurora Veil\n|move|p1a: Tauros|Close Combat|p2b: Farigiraf\n|-damage|p2b: Farigiraf|28/100\n|-unboost|p1a: Tauros|def|1\n|-unboost|p1a: Tauros|spd|1\n|-enditem|p2b: Farigiraf|Sitrus Berry|[eat]\n|-heal|p2b: Farigiraf|52/100|[from] item: Sitrus Berry\n|move|p2b: Farigiraf|Trick Room|p2b: Farigiraf\n|-fieldstart|move: Trick Room|[of] p2b: Farigiraf\n|\n|-weather|Snowscape|[upkeep]\n|upkeep\n|turn|2\n|\n|t:|1776270635\n|move|p2b: Farigiraf|Hyper Voice|p1b: Delphox|[spread] p1a,p1b\n|-damage|p1a: Tauros|40/100\n|-damage|p1b: Delphox|75/100\n|move|p1a: Tauros|Close Combat|p2b: Farigiraf\n|-damage|p2b: Farigiraf|17/100\n|-unboost|p1a: Tauros|def|1\n|-unboost|p1a: Tauros|spd|1\n|move|p2a: Ninetales|Blizzard|p1a: Tauros|[spread] p1a,p1b\n|-resisted|p1a: Tauros|1\n|-resisted|p1b: Delphox|1\n|-damage|p1a: Tauros|0 fnt\n|-damage|p1b: Delphox|61/100\n|faint|p1a: Tauros\n|move|p1b: Delphox|Heat Wave|p2a: Ninetales|[spread] p2b\n|-miss|p1b: Delphox|p2a: Ninetales\n|-damage|p2b: Farigiraf|0 fnt\n|faint|p2b: Farigiraf\n|\n|-weather|Snowscape|[upkeep]\n|upkeep\n|c|\u2606marclorbir7|gg\n|\n|t:|1776270653\n|switch|p2b: Crabominable|Crabominable, L50, M|100/100\n|switch|p1a: Kangaskhan|Kangaskhan, L50, F|100/100\n|turn|3\n|\n|t:|1776270681\n|detailschange|p2b: Crabominable|Crabominable-Mega, L50, M\n|-mega|p2b: Crabominable|Crabominable|Crabominite\n|move|p1a: Kangaskhan|Fake Out|p2b: Crabominable\n|-damage|p2b: Crabominable|93/100\n|cant|p2b: Crabominable|flinch\n|move|p2a: Ninetales|Blizzard|p1a: Kangaskhan|[spread] p1a,p1b\n|-resisted|p1b: Delphox|1\n|-damage|p1a: Kangaskhan|67/100\n|-damage|p1b: Delphox|46/100\n|move|p1b: Delphox|Heat Wave|p2b: Crabominable|[spread] p2a,p2b\n|-supereffective|p2a: Ninetales|1\n|-supereffective|p2b: Crabominable|1\n|-damage|p2a: Ninetales|30/100\n|-damage|p2b: Crabominable|42/100\n|\n|-weather|Snowscape|[upkeep]\n|upkeep\n|turn|4\n|\n|t:|1776270702\n|move|p1a: Kangaskhan|Protect|p1a: Kangaskhan\n|-singleturn|p1a: Kangaskhan|Protect\n|move|p1b: Delphox|Protect|p1b: Delphox\n|-singleturn|p1b: Delphox|Protect\n|move|p2b: Crabominable|Ice Hammer|p1b: Delphox\n|-activate|p1b: Delphox|move: Protect\n|move|p2a: Ninetales|Encore|p1a: Kangaskhan\n|-activate|p1a: Kangaskhan|move: Protect\n|\n|-weather|Snowscape|[upkeep]\n|upkeep\n|turn|5\n|\n|t:|1776270751\n|switch|p1b: Garchomp|Garchomp, L50, M|100/100\n|move|p2b: Crabominable|Drain Punch|p1a: Kangaskhan\n|-supereffective|p1a: Kangaskhan|1\n|-damage|p1a: Kangaskhan|0 fnt\n|-heal|p2b: Crabominable|76/100|[from] drain|[of] p1a: Kangaskhan\n|faint|p1a: Kangaskhan\n|move|p2a: Ninetales|Encore||[still]\n|-fail|p2a: Ninetales\n|\n|-weather|none\n|-sideend|p2: DryIceBros|move: Aurora Veil\n|-fieldend|move: Trick Room\n|upkeep\n|\n|t:|1776270761\n|switch|p1a: Delphox|Delphox-Mega, L50, M|46/100\n|turn|6\n|\n|t:|1776270799\n|switch|p2a: Incineroar|Incineroar, L50, M|100/100\n|-ability|p2a: Incineroar|Intimidate|boost\n|-unboost|p1a: Delphox|atk|1\n|-unboost|p1b: Garchomp|atk|1\n|-enditem|p1b: Garchomp|White Herb\n|-clearnegativeboost|p1b: Garchomp|[silent]\n|move|p1b: Garchomp|Protect|p1b: Garchomp\n|-singleturn|p1b: Garchomp|Protect\n|move|p2b: Crabominable|Protect|p2b: Crabominable\n|-singleturn|p2b: Crabominable|Protect\n|move|p1a: Delphox|Psychic|p2b: Crabominable\n|-activate|p2b: Crabominable|move: Protect\n|\n|upkeep\n|turn|7\n|\n|t:|1776270837\n|move|p2a: Incineroar|Fake Out|p1a: Delphox\n|-damage|p1a: Delphox|30/100\n|cant|p1a: Delphox|flinch\n|move|p1b: Garchomp|Earthquake|p2b: Crabominable|[spread] p2a,p2b\n|-immune|p1a: Delphox|[from] ability: Levitate\n|-supereffective|p2a: Incineroar|1\n|-damage|p2a: Incineroar|29/100\n|-damage|p2b: Crabominable|50/100\n|move|p2b: Crabominable|Ice Hammer|p1b: Garchomp\n|-supereffective|p1b: Garchomp|2\n|-damage|p1b: Garchomp|0 fnt\n|-unboost|p2b: Crabominable|spe|1\n|-damage|p2b: Crabominable|38/100|[from] ability: Rough Skin|[of] p1b: Garchomp\n|faint|p1b: Garchomp\n|\n|upkeep\n|turn|8\n|\n|t:|1776270865\n|move|p2b: Crabominable|Mach Punch|p1a: Delphox\n|-resisted|p1a: Delphox|1\n|-damage|p1a: Delphox|4/100\n|move|p1a: Delphox|Heat Wave|p2b: Crabominable|[spread] p2a,p2b\n|-resisted|p2a: Incineroar|1\n|-supereffective|p2b: Crabominable|1\n|-damage|p2a: Incineroar|12/100\n|-damage|p2b: Crabominable|0 fnt\n|faint|p2b: Crabominable\n|move|p2a: Incineroar|Throat Chop|p1a: Delphox\n|-supereffective|p1a: Delphox|1\n|-damage|p1a: Delphox|0 fnt\n|faint|p1a: Delphox\n|\n|win|DryIceBros\n|raw|marclorbir7's rating: 1170 &rarr; <strong>1151</strong><br />(-19 for losing)\n|raw|DryIceBros's rating: 1261 &rarr; <strong>1280</strong><br />(+19 for winning)\n|c|\u2606marclorbir7|gg\n",
  "uploadtime": 1776270873,
  "views": 19,
  "formatid": "gen9championsvgc2026regma",
  "rating": 1151,
  "private": 0,
  "password": null
}