{
  "id": "gen9championsvgc2026regma-2581157250",
  "format": "[Gen 9 Champions] VGC 2026 Reg M-A",
  "players": [
    "FukZamazenta917813",
    "pedolemefc"
  ],
  "log": "|j|\u2606FukZamazenta917813\n|j|\u2606pedolemefc\n|t:|1775965421\n|gametype|doubles\n|player|p1|FukZamazenta917813|lucas|1206\n|player|p2|pedolemefc|102|1281\n|gen|9\n|tier|[Gen 9 Champions] VGC 2026 Reg M-A\n|rated|\n|rule|Species Clause: Limit one of each Pok\u00e9mon\n|rule|Item Clause: Limit 1 of each item\n|clearpoke\n|poke|p1|Incineroar, L50, M|\n|poke|p1|Delphox, L50, M|\n|poke|p1|Whimsicott, L50, F|\n|poke|p1|Clefable, L50, M|\n|poke|p1|Garchomp, L50, M|\n|poke|p1|Sneasler, L50, F|\n|poke|p2|Tyranitar, L50, F|\n|poke|p2|Lycanroc, L50, M|\n|poke|p2|Gyarados, L50, M|\n|poke|p2|Talonflame, L50, M|\n|poke|p2|Floette-Eternal, L50, F|\n|poke|p2|Garchomp, L50, F|\n|teampreview|4\n|inactive|Battle timer is ON: inactive players will automatically lose when time's up. (requested by FukZamazenta917813)\n|inactive|pedolemefc has 60 seconds left.\n|\n|t:|1775965460\n|teamsize|p1|4\n|teamsize|p2|4\n|start\n|switch|p1a: \u60f3\u51ff\u98ce\u5996\u7cbe|Whimsicott, L50, F|100/100\n|switch|p1b: \u9017\u9017\u4f60\u7684\u5440~\u5f1f\u5f1f\ud83c\udfc6\ud83c\udfc6\ud83c\udfc6|Garchomp, L50, M|100/100\n|switch|p2a: Talonflame|Talonflame, L50, M|100/100\n|switch|p2b: Lycanroc|Lycanroc, L50, M|100/100\n|turn|1\n|inactive|pedolemefc has 30 seconds left.\n|inactive|pedolemefc has 20 seconds left.\n|inactive|pedolemefc has 15 seconds left.\n|inactive|pedolemefc has 10 seconds left.\n|\n|t:|1775965508\n|move|p2b: Lycanroc|Protect|p2b: Lycanroc\n|-singleturn|p2b: Lycanroc|Protect\n|move|p2a: Talonflame|Tailwind|p2a: Talonflame\n|-sidestart|p2: pedolemefc|move: Tailwind\n|move|p1a: \u60f3\u51ff\u98ce\u5996\u7cbe|Tailwind|p1a: \u60f3\u51ff\u98ce\u5996\u7cbe\n|-sidestart|p1: FukZamazenta917813|move: Tailwind\n|move|p1b: \u9017\u9017\u4f60\u7684\u5440~\u5f1f\u5f1f\ud83c\udfc6\ud83c\udfc6\ud83c\udfc6|Rock Slide|p2b: Lycanroc|[spread] p2a\n|-activate|p2b: Lycanroc|move: Protect\n|-supereffective|p2a: Talonflame|2\n|-damage|p2a: Talonflame|0 fnt\n|faint|p2a: Talonflame\n|\n|upkeep\n|\n|t:|1775965521\n|switch|p2a: Garchomp|Garchomp, L50, F|100/100\n|turn|2\n|inactive|pedolemefc has 30 seconds left.\n|\n|t:|1775965549\n|move|p1a: \u60f3\u51ff\u98ce\u5996\u7cbe|Encore|p2b: Lycanroc\n|-start|p2b: Lycanroc|Encore\n|move|p2b: Lycanroc|Protect||[still]\n|-fail|p2b: Lycanroc\n|move|p1b: \u9017\u9017\u4f60\u7684\u5440~\u5f1f\u5f1f\ud83c\udfc6\ud83c\udfc6\ud83c\udfc6|Rock Slide|p2b: Lycanroc|[spread] p2b\n|-miss|p1b: \u9017\u9017\u4f60\u7684\u5440~\u5f1f\u5f1f\ud83c\udfc6\ud83c\udfc6\ud83c\udfc6|p2a: Garchomp\n|-damage|p2b: Lycanroc|63/100\n|move|p2a: Garchomp|Dragon Claw|p1b: \u9017\u9017\u4f60\u7684\u5440~\u5f1f\u5f1f\ud83c\udfc6\ud83c\udfc6\ud83c\udfc6\n|-supereffective|p1b: \u9017\u9017\u4f60\u7684\u5440~\u5f1f\u5f1f\ud83c\udfc6\ud83c\udfc6\ud83c\udfc6|1\n|-damage|p1b: \u9017\u9017\u4f60\u7684\u5440~\u5f1f\u5f1f\ud83c\udfc6\ud83c\udfc6\ud83c\udfc6|21/100\n|-damage|p2a: Garchomp|88/100|[from] ability: Rough Skin|[of] p1b: \u9017\u9017\u4f60\u7684\u5440~\u5f1f\u5f1f\ud83c\udfc6\ud83c\udfc6\ud83c\udfc6\n|\n|upkeep\n|turn|3\n|\n|t:|1775965574\n|switch|p1b: \u795e\u7684\u4f1f\u5927\u65e0\u9700\u591a\u8a00|Incineroar, L50, M|100/100\n|-ability|p1b: \u795e\u7684\u4f1f\u5927\u65e0\u9700\u591a\u8a00|Intimidate|boost\n|-unboost|p2a: Garchomp|atk|1\n|-unboost|p2b: Lycanroc|atk|1\n|switch|p2b: Tyranitar|Tyranitar, L50, F|100/100\n|-weather|Sandstorm|[from] ability: Sand Stream|[of] p2b: Tyranitar\n|move|p1a: \u60f3\u51ff\u98ce\u5996\u7cbe|Moonblast|p2a: Garchomp|[miss]\n|-miss|p1a: \u60f3\u51ff\u98ce\u5996\u7cbe|p2a: Garchomp\n|move|p2a: Garchomp|Dragon Claw|p1b: \u795e\u7684\u4f1f\u5927\u65e0\u9700\u591a\u8a00\n|-damage|p1b: \u795e\u7684\u4f1f\u5927\u65e0\u9700\u591a\u8a00|72/100\n|\n|-weather|Sandstorm|[upkeep]\n|-damage|p1a: \u60f3\u51ff\u98ce\u5996\u7cbe|95/100|[from] Sandstorm\n|-damage|p1b: \u795e\u7684\u4f1f\u5927\u65e0\u9700\u591a\u8a00|66/100|[from] Sandstorm\n|upkeep\n|turn|4\n|inactive|pedolemefc has 30 seconds left.\n|\n|t:|1775965605\n|detailschange|p2b: Tyranitar|Tyranitar-Mega, L50, F\n|-mega|p2b: Tyranitar|Tyranitar|Tyranitarite\n|move|p2a: Garchomp|Protect|p2a: Garchomp\n|-singleturn|p2a: Garchomp|Protect\n|move|p1a: \u60f3\u51ff\u98ce\u5996\u7cbe|Sunny Day|p1a: \u60f3\u51ff\u98ce\u5996\u7cbe\n|-weather|SunnyDay\n|move|p2b: Tyranitar|Rock Slide|p1b: \u795e\u7684\u4f1f\u5927\u65e0\u9700\u591a\u8a00|[spread] p1a,p1b\n|-supereffective|p1b: \u795e\u7684\u4f1f\u5927\u65e0\u9700\u591a\u8a00|1\n|-damage|p1a: \u60f3\u51ff\u98ce\u5996\u7cbe|51/100\n|-damage|p1b: \u795e\u7684\u4f1f\u5927\u65e0\u9700\u591a\u8a00|0 fnt\n|faint|p1b: \u795e\u7684\u4f1f\u5927\u65e0\u9700\u591a\u8a00\n|\n|-weather|SunnyDay|[upkeep]\n|-sideend|p1: FukZamazenta917813|move: Tailwind\n|-sideend|p2: pedolemefc|move: Tailwind\n|upkeep\n|\n|t:|1775965612\n|switch|p1b: \u9017\u9017\u4f60\u7684\u5440~\u5f1f\u5f1f\ud83c\udfc6\ud83c\udfc6\ud83c\udfc6|Garchomp, L50, M|21/100\n|turn|5\n|inactive|pedolemefc has 30 seconds left.\n|\n|t:|1775965641\n|move|p1b: \u9017\u9017\u4f60\u7684\u5440~\u5f1f\u5f1f\ud83c\udfc6\ud83c\udfc6\ud83c\udfc6|Earthquake|p2b: Tyranitar|[spread] p1a,p2a,p2b\n|-resisted|p1a: \u60f3\u51ff\u98ce\u5996\u7cbe|1\n|-supereffective|p2b: Tyranitar|1\n|-damage|p1a: \u60f3\u51ff\u98ce\u5996\u7cbe|24/100\n|-damage|p2a: Garchomp|43/100\n|-damage|p2b: Tyranitar|51/100\n|move|p1a: \u60f3\u51ff\u98ce\u5996\u7cbe|Moonblast|p2b: Tyranitar\n|-supereffective|p2b: Tyranitar|1\n|-damage|p2b: Tyranitar|0 fnt\n|faint|p2b: Tyranitar\n|move|p2a: Garchomp|Dragon Claw|p1b: \u9017\u9017\u4f60\u7684\u5440~\u5f1f\u5f1f\ud83c\udfc6\ud83c\udfc6\ud83c\udfc6\n|-supereffective|p1b: \u9017\u9017\u4f60\u7684\u5440~\u5f1f\u5f1f\ud83c\udfc6\ud83c\udfc6\ud83c\udfc6|1\n|-damage|p1b: \u9017\u9017\u4f60\u7684\u5440~\u5f1f\u5f1f\ud83c\udfc6\ud83c\udfc6\ud83c\udfc6|0 fnt\n|-damage|p2a: Garchomp|30/100|[from] ability: Rough Skin|[of] p1b: \u9017\u9017\u4f60\u7684\u5440~\u5f1f\u5f1f\ud83c\udfc6\ud83c\udfc6\ud83c\udfc6\n|faint|p1b: \u9017\u9017\u4f60\u7684\u5440~\u5f1f\u5f1f\ud83c\udfc6\ud83c\udfc6\ud83c\udfc6\n|\n|-weather|SunnyDay|[upkeep]\n|upkeep\n|\n|t:|1775965648\n|switch|p1b: delpha|Delphox, L50, M|100/100\n|switch|p2b: Lycanroc|Lycanroc, L50, M|63/100\n|turn|6\n|inactive|FukZamazenta917813 has 30 seconds left.\n|\n|t:|1775965678\n|detailschange|p1b: delpha|Delphox-Mega, L50, M\n|-mega|p1b: delpha|Delphox|Delphoxite\n|move|p1b: delpha|Psyshock|p2b: Lycanroc\n|-damage|p2b: Lycanroc|0 fnt\n|faint|p2b: Lycanroc\n|move|p1a: \u60f3\u51ff\u98ce\u5996\u7cbe|Moonblast|p2a: Garchomp\n|-supereffective|p2a: Garchomp|1\n|-damage|p2a: Garchomp|0 fnt\n|faint|p2a: Garchomp\n|\n|win|FukZamazenta917813\n|raw|FukZamazenta917813's rating: 1206 &rarr; <strong>1236</strong><br />(+30 for winning)\n|raw|pedolemefc's rating: 1281 &rarr; <strong>1251</strong><br />(-30 for losing)\n",
  "uploadtime": 1775965682,
  "views": 22,
  "formatid": "gen9championsvgc2026regma",
  "rating": 1236,
  "private": 0,
  "password": null
}