{
  "id": "gen9championsvgc2026regma-2584067919",
  "format": "[Gen 9 Champions] VGC 2026 Reg M-A",
  "players": [
    "Novicebest",
    "KeoneSpirit"
  ],
  "log": "|j|\u2606Novicebest\n|j|\u2606KeoneSpirit\n|t:|1776221891\n|gametype|doubles\n|player|p1|Novicebest|dawn|1355\n|player|p2|KeoneSpirit|265|1299\n|gen|9\n|tier|[Gen 9 Champions] VGC 2026 Reg M-A\n|rated|\n|rule|Species Clause: Limit one of each Pok\u00e9mon\n|rule|Item Clause: Limit 1 of each item\n|clearpoke\n|poke|p1|Kingambit, L50, F|\n|poke|p1|Gengar, L50, M|\n|poke|p1|Kommo-o, L50, M|\n|poke|p1|Politoed, L50, M|\n|poke|p1|Incineroar, L50, F|\n|poke|p1|Basculegion, L50, M|\n|poke|p2|Slowbro, L50, F|\n|poke|p2|Oranguru, L50, M|\n|poke|p2|Torkoal, L50, F|\n|poke|p2|Sinistcha-Masterpiece, L50|\n|poke|p2|Venusaur, L50, M|\n|poke|p2|Golurk, L50|\n|teampreview|4\n|inactive|Battle timer is ON: inactive players will automatically lose when time's up. (requested by Novicebest)\n|\n|t:|1776221920\n|teamsize|p1|4\n|teamsize|p2|4\n|start\n|switch|p1a: Kingambit|Kingambit, L50, F|100/100\n|switch|p1b: Gengar|Gengar, L50, M|100/100\n|switch|p2a: Oranguru|Oranguru, L50, M, shiny|100/100\n|switch|p2b: Slowbro|Slowbro, L50, F, shiny|100/100\n|turn|1\n|inactive|Novicebest has 30 seconds left.\n|inactive|KeoneSpirit has 30 seconds left.\n|inactive|Novicebest has 20 seconds left.\n|inactive|KeoneSpirit has 20 seconds left.\n|inactive|Novicebest has 15 seconds left.\n|inactive|KeoneSpirit has 15 seconds left.\n|inactive|KeoneSpirit has 10 seconds left.\n|\n|t:|1776221968\n|switch|p2b: Torkoal|Torkoal, L50, F, shiny|100/100\n|-weather|SunnyDay|[from] ability: Drought|[of] p2b: Torkoal\n|detailschange|p1b: Gengar|Gengar-Mega, L50, M\n|-mega|p1b: Gengar|Gengar|Gengarite\n|move|p1b: Gengar|Protect|p1b: Gengar\n|-singleturn|p1b: Gengar|Protect\n|move|p1a: Kingambit|Swords Dance|p1a: Kingambit\n|-boost|p1a: Kingambit|atk|2\n|move|p2a: Oranguru|Trick Room|p2a: Oranguru\n|-fieldstart|move: Trick Room|[of] p2a: Oranguru\n|\n|-weather|SunnyDay|[upkeep]\n|upkeep\n|turn|2\n|\n|t:|1776221985\n|switch|p1b: Politoed|Politoed, L50, M|100/100\n|-weather|RainDance|[from] ability: Drizzle|[of] p1b: Politoed\n|move|p1a: Kingambit|Sucker Punch|p2b: Torkoal\n|-damage|p2b: Torkoal|27/100\n|move|p2b: Torkoal|Heat Wave|p1b: Politoed|[spread] p1a\n|-miss|p2b: Torkoal|p1b: Politoed\n|-supereffective|p1a: Kingambit|1\n|-damage|p1a: Kingambit|67/100\n|move|p2a: Oranguru|Instruct|p2b: Torkoal\n|-singleturn|p2b: Torkoal|move: Instruct|[of] p2a: Oranguru\n|move|p2b: Torkoal|Heat Wave|p1a: Kingambit|[spread] p1a,p1b\n|-supereffective|p1a: Kingambit|1\n|-crit|p1a: Kingambit\n|-resisted|p1b: Politoed|1\n|-damage|p1a: Kingambit|18/100\n|-damage|p1b: Politoed|94/100\n|\n|-weather|RainDance|[upkeep]\n|-heal|p1b: Politoed|100/100|[from] item: Leftovers\n|upkeep\n|turn|3\n|inactive|Novicebest has 30 seconds left.\n|\n|t:|1776222012\n|switch|p2b: Slowbro|Slowbro, L50, F, shiny|100/100\n|move|p2a: Oranguru|Foul Play|p1a: Kingambit\n|-resisted|p1a: Kingambit|1\n|-damage|p1a: Kingambit|0 fnt\n|faint|p1a: Kingambit\n|move|p1b: Politoed|Weather Ball|p2b: Slowbro\n|-resisted|p2b: Slowbro|1\n|-damage|p2b: Slowbro|73/100\n|\n|-weather|RainDance|[upkeep]\n|upkeep\n|\n|t:|1776222025\n|switch|p1a: Gengar|Gengar-Mega, L50, M|100/100\n|turn|4\n|\n|t:|1776222047\n|detailschange|p2b: Slowbro|Slowbro-Mega, L50, F, shiny\n|-mega|p2b: Slowbro|Slowbro|Slowbronite\n|move|p1a: Gengar|Protect|p1a: Gengar\n|-singleturn|p1a: Gengar|Protect\n|move|p2b: Slowbro|Psychic|p1b: Politoed\n|-damage|p1b: Politoed|66/100\n|move|p2a: Oranguru|Instruct|p2b: Slowbro\n|-singleturn|p2b: Slowbro|move: Instruct|[of] p2a: Oranguru\n|move|p2b: Slowbro|Psychic|p1b: Politoed\n|-damage|p1b: Politoed|31/100\n|move|p1b: Politoed|Encore|p2a: Oranguru\n|-start|p2a: Oranguru|Encore\n|-enditem|p2a: Oranguru|Mental Herb\n|-end|p2a: Oranguru|Encore\n|\n|-weather|RainDance|[upkeep]\n|-heal|p1b: Politoed|38/100|[from] item: Leftovers\n|upkeep\n|turn|5\n|\n|t:|1776222070\n|switch|p1a: Basculegion|Basculegion, L50, M|100/100\n|move|p1b: Politoed|Protect|p1b: Politoed\n|-singleturn|p1b: Politoed|Protect\n|move|p2b: Slowbro|Scald|p1a: Basculegion\n|-resisted|p1a: Basculegion|1\n|-damage|p1a: Basculegion|62/100\n|move|p2a: Oranguru|Instruct|p2b: Slowbro\n|-singleturn|p2b: Slowbro|move: Instruct|[of] p2a: Oranguru\n|move|p2b: Slowbro|Scald|p1a: Basculegion\n|-resisted|p1a: Basculegion|1\n|-damage|p1a: Basculegion|22/100\n|\n|-weather|RainDance|[upkeep]\n|-heal|p1b: Politoed|44/100|[from] item: Leftovers\n|-fieldend|move: Trick Room\n|upkeep\n|turn|6\n|inactive|Novicebest has 30 seconds left.\n|\n|t:|1776222099\n|switch|p2b: Torkoal|Torkoal, L50, F, shiny|27/100\n|-weather|SunnyDay|[from] ability: Drought|[of] p2b: Torkoal\n|move|p1a: Basculegion|Last Respects|p2b: Torkoal\n|-crit|p2b: Torkoal\n|-damage|p2b: Torkoal|0 fnt\n|faint|p2b: Torkoal\n|move|p1b: Politoed|Encore|p2a: Oranguru\n|-start|p2a: Oranguru|Encore\n|move|p2a: Oranguru|Instruct|p1b: Politoed\n|-singleturn|p1b: Politoed|move: Instruct|[of] p2a: Oranguru\n|move|p1b: Politoed|Encore||[still]\n|-fail|p1b: Politoed\n|\n|-weather|SunnyDay|[upkeep]\n|-heal|p1b: Politoed|50/100|[from] item: Leftovers\n|upkeep\n|\n|t:|1776222114\n|switch|p2b: Slowbro|Slowbro-Mega, L50, F, shiny|73/100\n|turn|7\n|\n|t:|1776222128\n|switch|p2a: Golurk|Golurk, L50, shiny|100/100\n|move|p1a: Basculegion|Last Respects|p2b: Slowbro\n|-supereffective|p2b: Slowbro|1\n|-damage|p2b: Slowbro|13/100\n|move|p1b: Politoed|Weather Ball|p2b: Slowbro\n|-resisted|p2b: Slowbro|1\n|-damage|p2b: Slowbro|0 fnt\n|faint|p2b: Slowbro\n|\n|-weather|SunnyDay|[upkeep]\n|-heal|p1b: Politoed|56/100|[from] item: Leftovers\n|upkeep\n|\n|t:|1776222136\n|switch|p2b: Oranguru|Oranguru, L50, M, shiny|100/100\n|turn|8\n|\n|t:|1776222148\n|move|p2a: Golurk|Protect|p2a: Golurk\n|-singleturn|p2a: Golurk|Protect\n|move|p1a: Basculegion|Last Respects|p2a: Golurk\n|-activate|p2a: Golurk|move: Protect\n|move|p1b: Politoed|Weather Ball|p2a: Golurk\n|-activate|p2a: Golurk|move: Protect\n|move|p2b: Oranguru|Trick Room|p2b: Oranguru\n|-fieldstart|move: Trick Room|[of] p2b: Oranguru\n|\n|-weather|SunnyDay|[upkeep]\n|-heal|p1b: Politoed|62/100|[from] item: Leftovers\n|upkeep\n|turn|9\n|\n|t:|1776222158\n|switch|p1a: Gengar|Gengar-Mega, L50, M|100/100\n|move|p2a: Golurk|Poltergeist|p1a: Gengar\n|-activate|p1a: Gengar|move: Poltergeist|Gengarite\n|-supereffective|p1a: Gengar|1\n|-damage|p1a: Gengar|0 fnt\n|faint|p1a: Gengar\n|move|p2b: Oranguru|Instruct|p2a: Golurk\n|-singleturn|p2a: Golurk|move: Instruct|[of] p2b: Oranguru\n|move|p2a: Golurk|Poltergeist|p1b: Politoed\n|-activate|p1b: Politoed|move: Poltergeist|Leftovers\n|-damage|p1b: Politoed|0 fnt\n|faint|p1b: Politoed\n|\n|-weather|SunnyDay|[upkeep]\n|upkeep\n|-message|Novicebest forfeited.\n|\n|win|KeoneSpirit\n|raw|Novicebest's rating: 1355 &rarr; <strong>1332</strong><br />(-23 for losing)\n|raw|KeoneSpirit's rating: 1299 &rarr; <strong>1328</strong><br />(+29 for winning)\n|l|\u2606Novicebest\n|player|p1|\n",
  "uploadtime": 1776222180,
  "views": 25,
  "formatid": "gen9championsvgc2026regma",
  "rating": 1328,
  "private": 0,
  "password": null
}