{
  "id": "gen9championsvgc2026regma-2580454661",
  "format": "[Gen 9 Champions] VGC 2026 Reg M-A",
  "players": [
    "SoloMan2",
    "ferenainexi"
  ],
  "log": "|j|\u2606SoloMan2\n|j|\u2606ferenainexi\n|t:|1775899056\n|gametype|doubles\n|player|p1|SoloMan2|2|1073\n|player|p2|ferenainexi|scientistf|1069\n|gen|9\n|tier|[Gen 9 Champions] VGC 2026 Reg M-A\n|rated|\n|rule|Species Clause: Limit one of each Pok\u00e9mon\n|rule|Item Clause: Limit 1 of each item\n|clearpoke\n|poke|p1|Archaludon, L50, F|\n|poke|p1|Pelipper, L50, F|\n|poke|p1|Incineroar, L50, F|\n|poke|p1|Sinistcha, L50|\n|poke|p1|Floette-Eternal, L50, F|\n|poke|p1|Toxicroak, L50, F|\n|poke|p2|Pinsir, L50, M|\n|poke|p2|Heracross, L50, F|\n|poke|p2|Vivillon, L50, M|\n|poke|p2|Orthworm, L50, F|\n|poke|p2|Kleavor, L50, M|\n|poke|p2|Clawitzer, L50, F|\n|teampreview|4\n|\n|t:|1775899082\n|teamsize|p1|4\n|teamsize|p2|4\n|start\n|switch|p1a: Archaludon|Archaludon, L50, F|100/100\n|switch|p1b: Pelipper|Pelipper, L50, F|100/100\n|switch|p2a: Vivillon|Vivillon, L50, M|100/100\n|switch|p2b: Kleavor|Kleavor, L50, M|100/100\n|-weather|RainDance|[from] ability: Drizzle|[of] p1b: Pelipper\n|turn|1\n|\n|t:|1775899106\n|move|p1a: Archaludon|Protect|p1a: Archaludon\n|-singleturn|p1a: Archaludon|Protect\n|move|p2a: Vivillon|Sleep Powder|p1a: Archaludon\n|-activate|p1a: Archaludon|move: Protect\n|move|p2b: Kleavor|Stone Axe|p1b: Pelipper\n|-supereffective|p1b: Pelipper|1\n|-crit|p1b: Pelipper\n|-enditem|p1b: Pelipper|Focus Sash\n|-damage|p1b: Pelipper|1/100\n|-sidestart|p1: SoloMan2|move: Stealth Rock\n|move|p1b: Pelipper|Tailwind|p1b: Pelipper\n|-sidestart|p1: SoloMan2|move: Tailwind\n|\n|-weather|RainDance|[upkeep]\n|upkeep\n|turn|2\n|\n|t:|1775899140\n|move|p1a: Archaludon|Electro Shot||[still]\n|-prepare|p1a: Archaludon|Electro Shot\n|-boost|p1a: Archaludon|spa|1\n|-anim|p1a: Archaludon|Electro Shot|p2a: Vivillon\n|-supereffective|p2a: Vivillon|1\n|-enditem|p2a: Vivillon|Focus Sash\n|-damage|p2a: Vivillon|1/100\n|move|p1b: Pelipper|Weather Ball|p2b: Kleavor\n|-supereffective|p2b: Kleavor|1\n|-damage|p2b: Kleavor|0 fnt\n|faint|p2b: Kleavor\n|move|p2a: Vivillon|Sleep Powder|p1a: Archaludon\n|-status|p1a: Archaludon|slp|[from] move: Sleep Powder\n|\n|-weather|RainDance|[upkeep]\n|upkeep\n|\n|t:|1775899165\n|switch|p2b: Clawitzer|Clawitzer, L50, F|100/100\n|turn|3\n|\n|t:|1775899178\n|switch|p1b: Incineroar|Incineroar, L50, F|100/100\n|-damage|p1b: Incineroar|76/100|[from] Stealth Rock\n|-ability|p1b: Incineroar|Intimidate|boost\n|-unboost|p2a: Vivillon|atk|1\n|-unboost|p2b: Clawitzer|atk|1\n|cant|p1a: Archaludon|slp\n|move|p2a: Vivillon|Tailwind|p2a: Vivillon\n|-sidestart|p2: ferenainexi|move: Tailwind\n|move|p2b: Clawitzer|Aura Sphere|p1a: Archaludon\n|-supereffective|p1a: Archaludon|1\n|-damage|p1a: Archaludon|5/100 slp\n|-ability|p1a: Archaludon|Stamina|boost\n|-boost|p1a: Archaludon|def|1\n|\n|-weather|RainDance|[upkeep]\n|upkeep\n|turn|4\n|\n|t:|1775899219\n|move|p2a: Vivillon|Protect|p2a: Vivillon\n|-singleturn|p2a: Vivillon|Protect\n|-curestatus|p1a: Archaludon|slp|[msg]\n|move|p1a: Archaludon|Protect|p1a: Archaludon\n|-singleturn|p1a: Archaludon|Protect\n|move|p1b: Incineroar|Fake Out|p2a: Vivillon\n|-activate|p2a: Vivillon|move: Protect\n|move|p2b: Clawitzer|Aura Sphere|p1b: Incineroar\n|-supereffective|p1b: Incineroar|1\n|-damage|p1b: Incineroar|5/100\n|\n|-weather|RainDance|[upkeep]\n|-sideend|p1: SoloMan2|move: Tailwind\n|upkeep\n|turn|5\n|\n|t:|1775899256\n|move|p2a: Vivillon|Sleep Powder|p1a: Archaludon\n|-status|p1a: Archaludon|slp|[from] move: Sleep Powder\n|move|p2b: Clawitzer|Dark Pulse|p1b: Incineroar\n|-resisted|p1b: Incineroar|1\n|-damage|p1b: Incineroar|0 fnt\n|faint|p1b: Incineroar\n|cant|p1a: Archaludon|slp\n|\n|-weather|none\n|upkeep\n|\n|t:|1775899262\n|switch|p1b: Sinistcha|Sinistcha, L50|100/100\n|-damage|p1b: Sinistcha|88/100|[from] Stealth Rock\n|-heal|p1a: Archaludon|30/100 slp|[from] ability: Hospitality|[of] p1b: Sinistcha\n|turn|6\n|\n|t:|1775899298\n|cant|p1a: Archaludon|slp\n|move|p2a: Vivillon|Hurricane|p1b: Sinistcha|[miss]\n|-miss|p2a: Vivillon|p1b: Sinistcha\n|move|p2b: Clawitzer|Aura Sphere|p1a: Archaludon\n|-supereffective|p1a: Archaludon|1\n|-damage|p1a: Archaludon|0 fnt\n|faint|p1a: Archaludon\n|move|p1b: Sinistcha|Matcha Gotcha|p2a: Vivillon|[spread] p2a\n|-miss|p1b: Sinistcha|p2b: Clawitzer\n|-resisted|p2a: Vivillon|2\n|-damage|p2a: Vivillon|0 fnt\n|-heal|p1b: Sinistcha|89/100|[from] drain|[of] p2a: Vivillon\n|faint|p2a: Vivillon\n|\n|-heal|p1b: Sinistcha|95/100|[from] item: Leftovers\n|-sideend|p2: ferenainexi|move: Tailwind\n|upkeep\n|\n|t:|1775899315\n|switch|p2a: Heracross|Heracross, L50, F|100/100\n|switch|p1a: Pelipper|Pelipper, L50, F|1/100\n|-damage|p1a: Pelipper|0 fnt|[from] Stealth Rock\n|faint|p1a: Pelipper\n|turn|7\n|\n|t:|1775899340\n|detailschange|p2a: Heracross|Heracross-Mega, L50, F\n|-mega|p2a: Heracross|Heracross|Heracronite\n|move|p2a: Heracross|Knock Off|p1b: Sinistcha\n|-supereffective|p1b: Sinistcha|1\n|-damage|p1b: Sinistcha|9/100\n|-enditem|p1b: Sinistcha|Leftovers|[from] move: Knock Off|[of] p2a: Heracross\n|move|p1b: Sinistcha|Matcha Gotcha|p2b: Clawitzer|[spread] p2b\n|-miss|p1b: Sinistcha|p2a: Heracross\n|-supereffective|p2b: Clawitzer|1\n|-damage|p2b: Clawitzer|49/100\n|-heal|p1b: Sinistcha|35/100|[from] drain|[of] p2b: Clawitzer\n|move|p2b: Clawitzer|Dark Pulse|p1b: Sinistcha\n|-supereffective|p1b: Sinistcha|1\n|-damage|p1b: Sinistcha|0 fnt\n|faint|p1b: Sinistcha\n|\n|win|ferenainexi\n|raw|SoloMan2's rating: 1073 &rarr; <strong>1052</strong><br />(-21 for losing)\n|raw|ferenainexi's rating: 1069 &rarr; <strong>1099</strong><br />(+30 for winning)\n|l|\u2606SoloMan2\n|player|p1|\n",
  "uploadtime": 1775899354,
  "views": 29,
  "formatid": "gen9championsvgc2026regma",
  "rating": 1052,
  "private": 0,
  "password": null
}