{
  "id": "gen9championsvgc2026regma-2584826125",
  "format": "[Gen 9 Champions] VGC 2026 Reg M-A",
  "players": [
    "Tilsch",
    "lets buy packs"
  ],
  "log": "|j|\u2606Tilsch\n|j|\u2606lets buy packs\n|t:|1776286597\n|gametype|doubles\n|player|p1|Tilsch|169|1102\n|player|p2|lets buy packs|red-masters3|1166\n|gen|9\n|tier|[Gen 9 Champions] VGC 2026 Reg M-A\n|rated|\n|rule|Species Clause: Limit one of each Pok\u00e9mon\n|rule|Item Clause: Limit 1 of each item\n|clearpoke\n|poke|p1|Crabominable, L50, F|\n|poke|p1|Golurk, L50|\n|poke|p1|Rotom-Wash, L50|\n|poke|p1|Slowbro, L50, M|\n|poke|p1|Politoed, L50, M|\n|poke|p1|Incineroar, L50, F|\n|poke|p2|Espathra, L50, F|\n|poke|p2|Glimmora, L50, M|\n|poke|p2|Incineroar, L50, M|\n|poke|p2|Maushold-Four, L50|\n|poke|p2|Froslass, L50, F|\n|poke|p2|Sneasler, L50, F|\n|teampreview|4\n|inactive|Battle timer is ON: inactive players will automatically lose when time's up. (requested by lets buy packs)\n|\n|t:|1776286620\n|teamsize|p1|4\n|teamsize|p2|4\n|start\n|switch|p1a: Slowbro|Slowbro, L50, M|100/100\n|switch|p1b: Incineroar|Incineroar, L50, F|100/100\n|switch|p2a: Maushold|Maushold-Four, L50|100/100\n|switch|p2b: Espathra|Espathra, L50, F|100/100\n|-ability|p1b: Incineroar|Intimidate|boost\n|-unboost|p2a: Maushold|atk|1\n|-unboost|p2b: Espathra|atk|1\n|turn|1\n|\n|t:|1776286639\n|move|p2b: Espathra|Calm Mind|p2b: Espathra\n|-boost|p2b: Espathra|spa|1\n|-boost|p2b: Espathra|spd|1\n|move|p2a: Maushold|Taunt|p1a: Slowbro\n|-start|p1a: Slowbro|move: Taunt\n|-enditem|p1a: Slowbro|Mental Herb\n|-end|p1a: Slowbro|move: Taunt\n|move|p1b: Incineroar|Darkest Lariat|p2b: Espathra\n|-supereffective|p2b: Espathra|1\n|-damage|p2b: Espathra|8/100\n|move|p1a: Slowbro|Trick Room|p1a: Slowbro\n|-fieldstart|move: Trick Room|[of] p1a: Slowbro\n|\n|-ability|p2b: Espathra|Speed Boost|boost\n|-boost|p2b: Espathra|spe|1\n|upkeep\n|turn|2\n|\n|t:|1776286657\n|move|p2a: Maushold|Protect|p2a: Maushold\n|-singleturn|p2a: Maushold|Protect\n|move|p2b: Espathra|Protect|p2b: Espathra\n|-singleturn|p2b: Espathra|Protect\n|move|p1a: Slowbro|Nasty Plot|p1a: Slowbro\n|-boost|p1a: Slowbro|spa|2\n|move|p1b: Incineroar|Flare Blitz|p2a: Maushold\n|-activate|p2a: Maushold|move: Protect\n|\n|-ability|p2b: Espathra|Speed Boost|boost\n|-boost|p2b: Espathra|spe|1\n|upkeep\n|turn|3\n|\n|t:|1776286675\n|move|p2a: Maushold|Follow Me|p2a: Maushold\n|-singleturn|p2a: Maushold|move: Follow Me\n|move|p1a: Slowbro|Scald|p2a: Maushold\n|-damage|p2a: Maushold|19/100\n|-enditem|p2a: Maushold|Sitrus Berry|[eat]\n|-heal|p2a: Maushold|44/100|[from] item: Sitrus Berry\n|move|p1b: Incineroar|Flare Blitz|p2a: Maushold\n|-damage|p2a: Maushold|0 fnt\n|faint|p2a: Maushold\n|-damage|p1b: Incineroar|86/100|[from] Recoil\n|move|p2b: Espathra|Baton Pass|p2b: Espathra\n|\n|t:|1776286681\n|switch|p2b: Glimmora|Glimmora, L50, M, shiny|100/100|[from] Baton Pass\n|\n|upkeep\n|\n|t:|1776286683\n|switch|p2a: Incineroar|Incineroar, L50, M|100/100\n|-ability|p2a: Incineroar|Intimidate|boost\n|-unboost|p1a: Slowbro|atk|1\n|-unboost|p1b: Incineroar|atk|1\n|turn|4\n|\n|t:|1776286698\n|switch|p1b: Politoed|Politoed, L50, M|100/100\n|-weather|RainDance|[from] ability: Drizzle|[of] p1b: Politoed\n|detailschange|p2b: Glimmora|Glimmora-Mega, L50, M, shiny\n|-mega|p2b: Glimmora|Glimmora|Glimmoranite\n|move|p1a: Slowbro|Protect|p1a: Slowbro\n|-singleturn|p1a: Slowbro|Protect\n|move|p2a: Incineroar|Fake Out|p1a: Slowbro\n|-activate|p1a: Slowbro|move: Protect\n|move|p2b: Glimmora|Power Gem|p1a: Slowbro\n|-activate|p1a: Slowbro|move: Protect\n|\n|-weather|RainDance|[upkeep]\n|upkeep\n|turn|5\n|\n|t:|1776286722\n|switch|p2a: Espathra|Espathra, L50, F|8/100\n|move|p2b: Glimmora|Spiky Shield|p2b: Glimmora\n|-singleturn|p2b: Glimmora|move: Protect\n|move|p1a: Slowbro|Scald|p2a: Espathra\n|-damage|p2a: Espathra|0 fnt\n|faint|p2a: Espathra\n|move|p1b: Politoed|Weather Ball|p2b: Glimmora\n|-activate|p2b: Glimmora|move: Protect\n|\n|-weather|RainDance|[upkeep]\n|-fieldend|move: Trick Room\n|upkeep\n|\n|t:|1776286728\n|switch|p2a: Incineroar|Incineroar, L50, M|100/100\n|-ability|p2a: Incineroar|Intimidate|boost\n|-unboost|p1a: Slowbro|atk|1\n|-unboost|p1b: Politoed|atk|1\n|turn|6\n|\n|t:|1776286745\n|switch|p1b: Incineroar|Incineroar, L50, F|86/100\n|-ability|p1b: Incineroar|Intimidate|boost\n|-unboost|p2a: Incineroar|atk|1\n|-unboost|p2b: Glimmora|atk|1\n|move|p1a: Slowbro|Protect|p1a: Slowbro\n|-singleturn|p1a: Slowbro|Protect\n|move|p2a: Incineroar|Fake Out|p1b: Incineroar\n|-damage|p1b: Incineroar|79/100\n|move|p2b: Glimmora|Sludge Bomb|p1a: Slowbro\n|-activate|p1a: Slowbro|move: Protect\n|\n|-weather|RainDance|[upkeep]\n|upkeep\n|turn|7\n|\n|t:|1776286763\n|move|p2b: Glimmora|Spiky Shield|p2b: Glimmora\n|-singleturn|p2b: Glimmora|move: Protect\n|move|p1b: Incineroar|Fake Out|p2b: Glimmora\n|-activate|p2b: Glimmora|move: Protect\n|-damage|p1b: Incineroar|67/100|[from] Spiky Shield|[of] p2b: Glimmora\n|move|p2a: Incineroar|Throat Chop|p1a: Slowbro\n|-supereffective|p1a: Slowbro|1\n|-crit|p1a: Slowbro\n|-damage|p1a: Slowbro|32/100\n|-start|p1a: Slowbro|Throat Chop|[silent]\n|move|p1a: Slowbro|Trick Room|p1a: Slowbro\n|-fieldstart|move: Trick Room|[of] p1a: Slowbro\n|\n|-weather|RainDance|[upkeep]\n|upkeep\n|turn|8\n|inactive|Tilsch has 30 seconds left.\n|\n|t:|1776286788\n|move|p2b: Glimmora|Spiky Shield|p2b: Glimmora\n|-singleturn|p2b: Glimmora|move: Protect\n|move|p1a: Slowbro|Scald|p2b: Glimmora\n|-activate|p2b: Glimmora|move: Protect\n|move|p1b: Incineroar|Parting Shot|p2a: Incineroar\n|-unboost|p2a: Incineroar|atk|1\n|-unboost|p2a: Incineroar|spa|1\n|\n|t:|1776286802\n|switch|p1b: Politoed|Politoed, L50, M|100/100|[from] Parting Shot\n|move|p2a: Incineroar|Throat Chop|p1a: Slowbro\n|-supereffective|p1a: Slowbro|1\n|-damage|p1a: Slowbro|8/100\n|\n|-weather|none\n|-end|p1a: Slowbro|Throat Chop|[silent]\n|upkeep\n|turn|9\n|\n|t:|1776286814\n|switch|p1b: Incineroar|Incineroar, L50, F|67/100\n|-ability|p1b: Incineroar|Intimidate|boost\n|-unboost|p2a: Incineroar|atk|1\n|-unboost|p2b: Glimmora|atk|1\n|move|p1a: Slowbro|Scald|p2b: Glimmora\n|-supereffective|p2b: Glimmora|1\n|-damage|p2b: Glimmora|12/100\n|move|p2a: Incineroar|Throat Chop|p1a: Slowbro\n|-supereffective|p1a: Slowbro|1\n|-damage|p1a: Slowbro|0 fnt\n|faint|p1a: Slowbro\n|move|p2b: Glimmora|Sludge Bomb|p1b: Incineroar\n|-damage|p1b: Incineroar|0 fnt\n|faint|p1b: Incineroar\n|\n|upkeep\n|\n|t:|1776286828\n|switch|p1a: Politoed|Politoed, L50, M|100/100\n|switch|p1b: Crabominable|Crabominable, L50, F|100/100\n|-weather|RainDance|[from] ability: Drizzle|[of] p1a: Politoed\n|turn|10\n|-message|lets buy packs forfeited.\n|\n|win|Tilsch\n|raw|Tilsch's rating: 1102 &rarr; <strong>1132</strong><br />(+30 for winning)\n|raw|lets buy packs's rating: 1166 &rarr; <strong>1136</strong><br />(-30 for losing)\n",
  "uploadtime": 1776286833,
  "views": 20,
  "formatid": "gen9championsvgc2026regma",
  "rating": 1132,
  "private": 0,
  "password": null
}