{
  "id": "gen9championsvgc2026regma-2582830551",
  "format": "[Gen 9 Champions] VGC 2026 Reg M-A",
  "players": [
    "asdafdgggggggdsdf",
    "Jonyko"
  ],
  "log": "|j|\u2606asdafdgggggggdsdf\n|j|\u2606Jonyko\n|t:|1776117397\n|gametype|doubles\n|player|p1|asdafdgggggggdsdf|2|1049\n|player|p2|Jonyko|lucas-contest|1040\n|gen|9\n|tier|[Gen 9 Champions] VGC 2026 Reg M-A\n|rated|\n|rule|Species Clause: Limit one of each Pok\u00e9mon\n|rule|Item Clause: Limit 1 of each item\n|clearpoke\n|poke|p1|Meganium, L50, M|\n|poke|p1|Incineroar, L50, F|\n|poke|p1|Whimsicott, L50, F|\n|poke|p1|Sneasler, L50, M|\n|poke|p1|Armarouge, L50, M|\n|poke|p1|Farigiraf, L50, M|\n|poke|p2|Charizard, L50, M|\n|poke|p2|Tyranitar, L50, M|\n|poke|p2|Milotic, L50, F|\n|poke|p2|Aegislash, L50, M|\n|poke|p2|Glimmora, L50, F|\n|poke|p2|Hydrapple, L50, F|\n|teampreview|4\n|inactive|Battle timer is ON: inactive players will automatically lose when time's up. (requested by asdafdgggggggdsdf)\n|inactive|asdafdgggggggdsdf has 60 seconds left.\n|inactive|Jonyko has 60 seconds left.\n|\n|t:|1776117441\n|teamsize|p1|4\n|teamsize|p2|4\n|start\n|switch|p1a: Farigiraf|Farigiraf, L50, M|100/100\n|switch|p1b: Armarouge|Armarouge, L50, M|100/100\n|switch|p2a: Tyranitar|Tyranitar, L50, M|100/100\n|switch|p2b: Glimmora|Glimmora, L50, F|100/100\n|-weather|Sandstorm|[from] ability: Sand Stream|[of] p2a: Tyranitar\n|turn|1\n|\n|t:|1776117461\n|move|p1b: Armarouge|Protect|p1b: Armarouge\n|-singleturn|p1b: Armarouge|Protect\n|move|p2a: Tyranitar|Crunch|p1a: Farigiraf\n|-supereffective|p1a: Farigiraf|1\n|-damage|p1a: Farigiraf|0 fnt\n|faint|p1a: Farigiraf\n|move|p2b: Glimmora|Earth Power|p1b: Armarouge\n|-activate|p1b: Armarouge|move: Protect\n|\n|-weather|Sandstorm|[upkeep]\n|-damage|p1b: Armarouge|94/100|[from] Sandstorm\n|upkeep\n|\n|t:|1776117477\n|switch|p1a: Sneasler|Sneasler, L50, M|100/100\n|turn|2\n|\n|t:|1776117487\n|switch|p2a: Aegislash|Aegislash, L50, M|100/100\n|move|p1a: Sneasler|Close Combat|p2a: Aegislash\n|-immune|p2a: Aegislash\n|move|p1b: Armarouge|Psychic|p2b: Glimmora\n|-supereffective|p2b: Glimmora|1\n|-damage|p2b: Glimmora|44/100\n|move|p2b: Glimmora|Earth Power|p1a: Sneasler\n|-supereffective|p1a: Sneasler|1\n|-damage|p1a: Sneasler|30/100\n|\n|-weather|Sandstorm|[upkeep]\n|-damage|p1a: Sneasler|25/100|[from] Sandstorm\n|-damage|p1b: Armarouge|88/100|[from] Sandstorm\n|upkeep\n|turn|3\n|\n|t:|1776117512\n|switch|p2a: Charizard|Charizard, L50, M|100/100\n|move|p2b: Glimmora|Spiky Shield|p2b: Glimmora\n|-singleturn|p2b: Glimmora|move: Protect\n|move|p1a: Sneasler|Close Combat|p2b: Glimmora\n|-activate|p2b: Glimmora|move: Protect\n|-damage|p1a: Sneasler|13/100|[from] Spiky Shield|[of] p2b: Glimmora\n|move|p1b: Armarouge|Armor Cannon|p2a: Charizard\n|-resisted|p2a: Charizard|1\n|-damage|p2a: Charizard|67/100\n|-unboost|p1b: Armarouge|def|1\n|-unboost|p1b: Armarouge|spd|1\n|\n|-weather|Sandstorm|[upkeep]\n|-damage|p1a: Sneasler|7/100|[from] Sandstorm\n|-damage|p2a: Charizard|61/100|[from] Sandstorm\n|-damage|p1b: Armarouge|82/100|[from] Sandstorm\n|upkeep\n|turn|4\n|inactive|asdafdgggggggdsdf has 30 seconds left.\n|\n|t:|1776117541\n|detailschange|p2a: Charizard|Charizard-Mega-X, L50, M\n|-mega|p2a: Charizard|Charizard|Charizardite X\n|move|p1a: Sneasler|Dire Claw|p2a: Charizard\n|-damage|p2a: Charizard|22/100\n|move|p2a: Charizard|Roost|p2a: Charizard\n|-heal|p2a: Charizard|72/100\n|-singleturn|p2a: Charizard|move: Roost\n|move|p1b: Armarouge|Psychic|p2b: Glimmora\n|-supereffective|p2b: Glimmora|1\n|-damage|p2b: Glimmora|0 fnt\n|faint|p2b: Glimmora\n|\n|-weather|Sandstorm|[upkeep]\n|-damage|p1a: Sneasler|1/100|[from] Sandstorm\n|-damage|p2a: Charizard|66/100|[from] Sandstorm\n|-damage|p1b: Armarouge|76/100|[from] Sandstorm\n|upkeep\n|\n|t:|1776117564\n|switch|p2b: Tyranitar|Tyranitar, L50, M|100/100\n|turn|5\n|\n|t:|1776117572\n|move|p2a: Charizard|Protect|p2a: Charizard\n|-singleturn|p2a: Charizard|Protect\n|move|p2b: Tyranitar|Protect|p2b: Tyranitar\n|-singleturn|p2b: Tyranitar|Protect\n|move|p1a: Sneasler|Dire Claw|p2a: Charizard\n|-activate|p2a: Charizard|move: Protect\n|move|p1b: Armarouge|Psychic|p2a: Charizard\n|-activate|p2a: Charizard|move: Protect\n|\n|-weather|none\n|upkeep\n|turn|6\n|\n|t:|1776117593\n|move|p1a: Sneasler|Dire Claw|p2a: Charizard\n|-damage|p2a: Charizard|25/100\n|-status|p2a: Charizard|psn|[from] ability: Poison Touch|[of] p1a: Sneasler\n|move|p2a: Charizard|Flare Blitz|p1a: Sneasler\n|-damage|p1a: Sneasler|0 fnt\n|faint|p1a: Sneasler\n|-damage|p2a: Charizard|24/100 psn|[from] Recoil\n|move|p1b: Armarouge|Psychic|p2a: Charizard\n|-damage|p2a: Charizard|0 fnt\n|faint|p2a: Charizard\n|move|p2b: Tyranitar|Rock Slide|p1b: Armarouge\n|-supereffective|p1b: Armarouge|1\n|-damage|p1b: Armarouge|0 fnt\n|faint|p1b: Armarouge\n|\n|upkeep\n|\n|t:|1776117609\n|switch|p2a: Aegislash|Aegislash, L50, M|100/100\n|switch|p1b: Meganium|Meganium, L50, M|100/100\n|turn|7\n|\n|t:|1776117624\n|detailschange|p1b: Meganium|Meganium-Mega, L50, M\n|-mega|p1b: Meganium|Meganium|Meganiumite\n|move|p1b: Meganium|Protect|p1b: Meganium\n|-singleturn|p1b: Meganium|Protect\n|move|p2b: Tyranitar|Rock Slide|p1b: Meganium\n|-activate|p1b: Meganium|move: Protect\n|move|p2a: Aegislash|Substitute|p2a: Aegislash\n|-start|p2a: Aegislash|Substitute\n|-damage|p2a: Aegislash|76/100\n|\n|-heal|p2a: Aegislash|82/100|[from] item: Leftovers\n|upkeep\n|turn|8\n|\n|t:|1776117642\n|move|p2b: Tyranitar|Rock Slide|p1b: Meganium\n|-damage|p1b: Meganium|65/100\n|cant|p1b: Meganium|flinch\n|-formechange|p2a: Aegislash|Aegislash-Blade|\n|move|p2a: Aegislash|Shadow Ball|p1b: Meganium\n|-damage|p1b: Meganium|34/100\n|\n|-heal|p2a: Aegislash|88/100|[from] item: Leftovers\n|upkeep\n|turn|9\n|\n|t:|1776117652\n|move|p2b: Tyranitar|Rock Slide|p1b: Meganium\n|-damage|p1b: Meganium|0 fnt\n|faint|p1b: Meganium\n|\n|win|Jonyko\n|raw|asdafdgggggggdsdf's rating: 1049 &rarr; <strong>1031</strong><br />(-18 for losing)\n|raw|Jonyko's rating: 1040 &rarr; <strong>1075</strong><br />(+35 for winning)\n|l|\u2606asdafdgggggggdsdf\n|player|p1|\n|l|\u2606Jonyko\n|player|p2|\n|j|\u2606Jonyko\n|player|p2|Jonyko|lucas-contest|\n",
  "uploadtime": 1776117660,
  "views": 15,
  "formatid": "gen9championsvgc2026regma",
  "rating": 1031,
  "private": 0,
  "password": null
}