{
  "id": "gen9championsvgc2026regma-2587865134",
  "format": "[Gen 9 Champions] VGC 2026 Reg M-A",
  "players": [
    "TheCluelessEngi",
    "Metroshock"
  ],
  "log": "|j|\u2606TheCluelessEngi\n|j|\u2606Metroshock\n|t:|1776572164\n|gametype|doubles\n|player|p1|TheCluelessEngi|emmet|1435\n|player|p2|Metroshock|miku-fire|1493\n|gen|9\n|tier|[Gen 9 Champions] VGC 2026 Reg M-A\n|rated|\n|rule|Species Clause: Limit one of each Pok\u00e9mon\n|rule|Item Clause: Limit 1 of each item\n|clearpoke\n|poke|p1|Delphox, L50, M|\n|poke|p1|Basculegion, L50, M|\n|poke|p1|Aerodactyl, L50, M|\n|poke|p1|Sneasler, L50, F|\n|poke|p1|Garchomp, L50, F|\n|poke|p1|Kingambit, L50, F|\n|poke|p2|Crabominable, L50, M|\n|poke|p2|Basculegion, L50, M|\n|poke|p2|Sinistcha, L50|\n|poke|p2|Archaludon, L50, F|\n|poke|p2|Pelipper, L50, M|\n|poke|p2|Incineroar, L50, M|\n|teampreview|4\n|inactive|Battle timer is ON: inactive players will automatically lose when time's up. (requested by Metroshock)\n|inactive|Metroshock has 60 seconds left.\n|\n|t:|1776572209\n|teamsize|p1|4\n|teamsize|p2|4\n|start\n|switch|p1a: Sneasler|Sneasler, L50, F|100/100\n|switch|p1b: Kingambit|Kingambit, L50, F|100/100\n|switch|p2a: Super Fly|Archaludon, L50, F|100/100\n|switch|p2b: The fish eater|Pelipper, L50, M|100/100\n|-weather|RainDance|[from] ability: Drizzle|[of] p2b: The fish eater\n|turn|1\n|\n|t:|1776572228\n|move|p1a: Sneasler|Fake Out|p2b: The fish eater\n|-damage|p2b: The fish eater|81/100\n|cant|p2b: The fish eater|flinch\n|move|p2a: Super Fly|Electro Shot||[still]\n|-prepare|p2a: Super Fly|Electro Shot\n|-boost|p2a: Super Fly|spa|1\n|-anim|p2a: Super Fly|Electro Shot|p1b: Kingambit\n|-damage|p1b: Kingambit|37/100\n|move|p1b: Kingambit|Kowtow Cleave|p2b: The fish eater\n|-damage|p2b: The fish eater|10/100\n|\n|-weather|RainDance|[upkeep]\n|upkeep\n|turn|2\n|\n|t:|1776572244\n|move|p1b: Kingambit|Protect|p1b: Kingambit\n|-singleturn|p1b: Kingambit|Protect\n|move|p1a: Sneasler|Close Combat|p2a: Super Fly\n|-supereffective|p2a: Super Fly|1\n|-damage|p2a: Super Fly|0 fnt\n|-unboost|p1a: Sneasler|def|1\n|-unboost|p1a: Sneasler|spd|1\n|faint|p2a: Super Fly\n|-enditem|p1a: Sneasler|White Herb\n|-clearnegativeboost|p1a: Sneasler|[silent]\n|move|p2b: The fish eater|Hurricane|p1a: Sneasler\n|-supereffective|p1a: Sneasler|1\n|-damage|p1a: Sneasler|0 fnt\n|faint|p1a: Sneasler\n|\n|-weather|RainDance|[upkeep]\n|upkeep\n|\n|t:|1776572257\n|switch|p1a: Aerodactyl|Aerodactyl, L50, M|100/100\n|switch|p2a: BIG ROG|Crabominable, L50, M|100/100\n|-ability|p1a: Aerodactyl|Unnerve\n|turn|3\n|\n|t:|1776572263\n|detailschange|p2a: BIG ROG|Crabominable-Mega, L50, M\n|-mega|p2a: BIG ROG|Crabominable|Crabominite\n|move|p1b: Kingambit|Sucker Punch||[still]\n|-fail|p1b: Kingambit\n|move|p2a: BIG ROG|Mach Punch|p1b: Kingambit\n|-supereffective|p1b: Kingambit|2\n|-damage|p1b: Kingambit|0 fnt\n|faint|p1b: Kingambit\n|move|p1a: Aerodactyl|Dual Wingbeat|p2a: BIG ROG\n|-supereffective|p2a: BIG ROG|1\n|-damage|p2a: BIG ROG|77/100\n|-supereffective|p2a: BIG ROG|1\n|-damage|p2a: BIG ROG|53/100\n|-hitcount|p2a: BIG ROG|2\n|move|p2b: The fish eater|Tailwind|p2b: The fish eater\n|-sidestart|p2: Metroshock|move: Tailwind\n|\n|-weather|RainDance|[upkeep]\n|upkeep\n|\n|t:|1776572268\n|switch|p1b: Basculegion|Basculegion, L50, M|100/100\n|turn|4\n|\n|t:|1776572283\n|move|p2b: The fish eater|Wide Guard|p2b: The fish eater\n|-singleturn|p2b: The fish eater|Wide Guard\n|move|p1b: Basculegion|Last Respects|p2a: BIG ROG\n|-damage|p2a: BIG ROG|0 fnt\n|faint|p2a: BIG ROG\n|move|p1a: Aerodactyl|Tailwind|p1a: Aerodactyl\n|-sidestart|p1: TheCluelessEngi|move: Tailwind\n|\n|-weather|RainDance|[upkeep]\n|upkeep\n|\n|t:|1776572290\n|switch|p2a: Tee time|Sinistcha, L50|100/100\n|-heal|p2b: The fish eater|35/100|[from] ability: Hospitality|[of] p2a: Tee time\n|turn|5\n|\n|t:|1776572298\n|move|p1b: Basculegion|Last Respects|p2a: Tee time\n|-supereffective|p2a: Tee time|1\n|-damage|p2a: Tee time|0 fnt\n|faint|p2a: Tee time\n|move|p1a: Aerodactyl|Dual Wingbeat|p2b: The fish eater\n|-damage|p2b: The fish eater|9/100\n|-damage|p2b: The fish eater|0 fnt\n|faint|p2b: The fish eater\n|-hitcount|p2: The fish eater|2\n|\n|win|TheCluelessEngi\n|raw|TheCluelessEngi's rating: 1435 &rarr; <strong>1458</strong><br />(+23 for winning)\n|raw|Metroshock's rating: 1493 &rarr; <strong>1470</strong><br />(-23 for losing)\n|c|\u2606TheCluelessEngi|gg\n",
  "uploadtime": 1776572310,
  "views": 15,
  "formatid": "gen9championsvgc2026regma",
  "rating": 1458,
  "private": 0,
  "password": null
}