{
  "id": "gen9championsvgc2026regma-2581385668",
  "format": "[Gen 9 Champions] VGC 2026 Reg M-A",
  "players": [
    "Rhittle",
    "Flakenz"
  ],
  "log": "|j|\u2606Rhittle\n|j|\u2606Flakenz\n|t:|1775994725\n|gametype|doubles\n|player|p1|Rhittle|clerkf|1124\n|player|p2|Flakenz|boarder|1036\n|gen|9\n|tier|[Gen 9 Champions] VGC 2026 Reg M-A\n|rated|\n|rule|Species Clause: Limit one of each Pok\u00e9mon\n|rule|Item Clause: Limit 1 of each item\n|clearpoke\n|poke|p1|Tyranitar, L50, F|\n|poke|p1|Rotom-Heat, L50|\n|poke|p1|Excadrill, L50, F|\n|poke|p1|Dragonite, L50, F|\n|poke|p1|Archaludon, L50, M|\n|poke|p1|Incineroar, L50, M|\n|poke|p2|Zoroark-Hisui, L50, M|\n|poke|p2|Sneasler, L50, F|\n|poke|p2|Incineroar, L50, M|\n|poke|p2|Floette-Eternal, L50, F|\n|poke|p2|Gyarados, L50, F|\n|poke|p2|Kingambit, L50, M|\n|teampreview|4\nFlakenz has agreed to open team sheets.\n|inactive|Battle timer is ON: inactive players will automatically lose when time's up. (requested by Flakenz)\n|\n|t:|1775994799\n|teamsize|p1|4\n|teamsize|p2|4\n|start\n|switch|p1a: Archaludon|Archaludon, L50, M, shiny|100/100\n|switch|p1b: Dragonite|Dragonite, L50, F|100/100\n|switch|p2a: Sneasler|Sneasler, L50, F|100/100\n|switch|p2b: Incineroar|Incineroar, L50, M|100/100\n|-ability|p2b: Incineroar|Intimidate|boost\n|-unboost|p1a: Archaludon|atk|1\n|-fail|p1b: Dragonite|unboost|Attack|[from] ability: Inner Focus|[of] p1b: Dragonite\n|turn|1\n|inactive|Flakenz has 30 seconds left.\n|inactive|Flakenz has 20 seconds left.\n|inactive|Flakenz has 15 seconds left.\n|\n|t:|1775994844\n|move|p1a: Archaludon|Protect|p1a: Archaludon\n|-singleturn|p1a: Archaludon|Protect\n|move|p2b: Incineroar|Fake Out|p1a: Archaludon\n|-activate|p1a: Archaludon|move: Protect\n|move|p2a: Sneasler|Dire Claw|p1b: Dragonite\n|-damage|p1b: Dragonite|58/100\n|-status|p1b: Dragonite|psn\n|move|p1b: Dragonite|Tailwind|p1b: Dragonite\n|-sidestart|p1: Rhittle|move: Tailwind\n|\n|-heal|p1b: Dragonite|64/100 psn|[from] item: Leftovers\n|-damage|p1b: Dragonite|52/100 psn|[from] psn\n|upkeep\n|turn|2\n|inactive|Flakenz has 30 seconds left.\n|inactive|Rhittle has 30 seconds left.\n|\n|t:|1775994887\n|move|p2a: Sneasler|Protect|p2a: Sneasler\n|-singleturn|p2a: Sneasler|Protect\n|move|p1b: Dragonite|Aerial Ace|p2a: Sneasler\n|-activate|p2a: Sneasler|move: Protect\n|move|p1a: Archaludon|Dragon Pulse|p2a: Sneasler\n|-activate|p2a: Sneasler|move: Protect\n|move|p2b: Incineroar|Parting Shot|p1a: Archaludon\n|-unboost|p1a: Archaludon|atk|1\n|-unboost|p1a: Archaludon|spa|1\n|\n|t:|1775994901\n|switch|p2b: Gyarados|Gyarados, L50, F|100/100|[from] Parting Shot\n|-ability|p2b: Gyarados|Intimidate|boost\n|-unboost|p1a: Archaludon|atk|1\n|-fail|p1b: Dragonite|unboost|Attack|[from] ability: Inner Focus|[of] p1b: Dragonite\n|\n|-heal|p1b: Dragonite|58/100 psn|[from] item: Leftovers\n|-damage|p1b: Dragonite|46/100 psn|[from] psn\n|upkeep\n|turn|3\n|\n|t:|1775994925\n|switch|p1a: Rotom|Rotom-Heat, L50|100/100\n|switch|p2a: Incineroar|Incineroar, L50, M|100/100\n|-ability|p2a: Incineroar|Intimidate|boost\n|-unboost|p1a: Rotom|atk|1\n|-fail|p1b: Dragonite|unboost|Attack|[from] ability: Inner Focus|[of] p1b: Dragonite\n|move|p2b: Gyarados|Protect|p2b: Gyarados\n|-singleturn|p2b: Gyarados|Protect\n|move|p1b: Dragonite|Breaking Swipe|p2a: Incineroar|[spread] p2a\n|-activate|p2b: Gyarados|move: Protect\n|-damage|p2a: Incineroar|83/100\n|-unboost|p2a: Incineroar|atk|1\n|\n|-heal|p1b: Dragonite|52/100 psn|[from] item: Leftovers\n|-damage|p1b: Dragonite|40/100 psn|[from] psn\n|upkeep\n|turn|4\n|inactive|Rhittle has 30 seconds left.\n|inactive|Flakenz has 30 seconds left.\n|\n|t:|1775994956\n|move|p2a: Incineroar|Fake Out|p1a: Rotom\n|-damage|p1a: Rotom|88/100\n|move|p1b: Dragonite|Breaking Swipe|p2b: Gyarados|[spread] p2a,p2b\n|-damage|p2a: Incineroar|65/100\n|-damage|p2b: Gyarados|77/100\n|-unboost|p2a: Incineroar|atk|1\n|-unboost|p2b: Gyarados|atk|1\n|cant|p1a: Rotom|flinch\n|move|p2b: Gyarados|Waterfall|p1a: Rotom\n|-supereffective|p1a: Rotom|1\n|-damage|p1a: Rotom|19/100\n|\n|-heal|p1b: Dragonite|46/100 psn|[from] item: Leftovers\n|-heal|p2b: Gyarados|83/100|[from] item: Leftovers\n|-damage|p1b: Dragonite|34/100 psn|[from] psn\n|-sideend|p1: Rhittle|move: Tailwind\n|upkeep\n|turn|5\n|inactive|Flakenz has 30 seconds left.\n|\n|t:|1775994986\n|switch|p1a: Archaludon|Archaludon, L50, M, shiny|100/100\n|switch|p2b: Floette|Floette-Eternal, L50, F|100/100\n|move|p1b: Dragonite|Tailwind|p1b: Dragonite\n|-sidestart|p1: Rhittle|move: Tailwind\n|move|p2a: Incineroar|Parting Shot|p1b: Dragonite\n|-unboost|p1b: Dragonite|atk|1\n|-unboost|p1b: Dragonite|spa|1\n|\n|t:|1775994998\n|switch|p2a: Gyarados|Gyarados, L50, F|83/100|[from] Parting Shot\n|-ability|p2a: Gyarados|Intimidate|boost\n|-unboost|p1a: Archaludon|atk|1\n|-fail|p1b: Dragonite|unboost|Attack|[from] ability: Inner Focus|[of] p1b: Dragonite\n|\n|-heal|p1b: Dragonite|40/100 psn|[from] item: Leftovers\n|-heal|p2a: Gyarados|89/100|[from] item: Leftovers\n|-damage|p1b: Dragonite|28/100 psn|[from] psn\n|upkeep\n|turn|6\n|inactive|Flakenz has 30 seconds left.\n|inactive|Flakenz has 20 seconds left.\n|\n|t:|1775995036\n|detailschange|p2b: Floette|Floette-Mega, L50, F\n|-mega|p2b: Floette|Floette|Floettite\n|-ability|p2b: Floette|Fairy Aura\n|move|p2b: Floette|Protect|p2b: Floette\n|-singleturn|p2b: Floette|Protect\n|move|p1b: Dragonite|Aerial Ace|p2b: Floette\n|-activate|p2b: Floette|move: Protect\n|move|p1a: Archaludon|Thunderbolt|p2a: Gyarados\n|-supereffective|p2a: Gyarados|2\n|-damage|p2a: Gyarados|0 fnt\n|faint|p2a: Gyarados\n|\n|-heal|p1b: Dragonite|34/100 psn|[from] item: Leftovers\n|-damage|p1b: Dragonite|22/100 psn|[from] psn\n|upkeep\n|\n|t:|1775995055\n|switch|p2a: Incineroar|Incineroar, L50, M|65/100\n|-ability|p2a: Incineroar|Intimidate|boost\n|-unboost|p1a: Archaludon|atk|1\n|-fail|p1b: Dragonite|unboost|Attack|[from] ability: Inner Focus|[of] p1b: Dragonite\n|turn|7\n|inactive|Rhittle has 30 seconds left.\n|\n|t:|1775995080\n|move|p2a: Incineroar|Fake Out|p1a: Archaludon\n|-resisted|p1a: Archaludon|1\n|-damage|p1a: Archaludon|96/100\n|-ability|p1a: Archaludon|Stamina|boost\n|-boost|p1a: Archaludon|def|1\n|move|p1b: Dragonite|Aerial Ace|p2b: Floette\n|-damage|p2b: Floette|82/100\n|cant|p1a: Archaludon|flinch\n|move|p2b: Floette|Calm Mind|p2b: Floette\n|-boost|p2b: Floette|spa|1\n|-boost|p2b: Floette|spd|1\n|\n|-heal|p1b: Dragonite|28/100 psn|[from] item: Leftovers\n|-damage|p1b: Dragonite|16/100 psn|[from] psn\n|upkeep\n|turn|8\n|inactive|Rhittle has 30 seconds left.\n|inactive|Rhittle has 20 seconds left.\n|\n|t:|1775995119\n|switch|p1b: Rotom|Rotom-Heat, L50|19/100\n|move|p2b: Floette|Protect|p2b: Floette\n|-singleturn|p2b: Floette|Protect\n|move|p1a: Archaludon|Aura Sphere|p2a: Incineroar\n|-supereffective|p2a: Incineroar|1\n|-damage|p2a: Incineroar|6/100\n|-enditem|p2a: Incineroar|Sitrus Berry|[eat]\n|-heal|p2a: Incineroar|31/100|[from] item: Sitrus Berry\n|move|p2a: Incineroar|Throat Chop|p1b: Rotom\n|-damage|p1b: Rotom|0 fnt\n|faint|p1b: Rotom\n|\n|-sideend|p1: Rhittle|move: Tailwind\n|upkeep\n|inactive|Rhittle has 30 seconds left.\n|\n|t:|1775995145\n|switch|p1b: Tyranitar|Tyranitar, L50, F|100/100\n|-weather|Sandstorm|[from] ability: Sand Stream|[of] p1b: Tyranitar\n|turn|9\n|inactive|Flakenz has 30 seconds left.\n|\n|t:|1775995170\n|detailschange|p1b: Tyranitar|Tyranitar-Mega, L50, F\n|-mega|p1b: Tyranitar|Tyranitar|Tyranitarite\n|move|p1b: Tyranitar|Protect|p1b: Tyranitar\n|-singleturn|p1b: Tyranitar|Protect\n|move|p2b: Floette|Dazzling Gleam|p1b: Tyranitar|[spread] p1a\n|-activate|p1b: Tyranitar|move: Protect\n|-damage|p1a: Archaludon|8/100\n|-ability|p1a: Archaludon|Stamina|boost\n|-boost|p1a: Archaludon|def|1\n|move|p1a: Archaludon|Dragon Pulse|p2a: Incineroar\n|-damage|p2a: Incineroar|0 fnt\n|faint|p2a: Incineroar\n|\n|-weather|Sandstorm|[upkeep]\n|-damage|p2b: Floette|76/100|[from] Sandstorm\n|upkeep\n|\n|t:|1775995183\n|switch|p2a: Sneasler|Sneasler, L50, F|100/100\n|turn|10\n|\n|t:|1775995193\n|switch|p1b: Dragonite|Dragonite, L50, F|16/100 psn\n|move|p2a: Sneasler|Close Combat|p1b: Dragonite\n|-resisted|p1b: Dragonite|1\n|-crit|p1b: Dragonite\n|-damage|p1b: Dragonite|0 fnt\n|-unboost|p2a: Sneasler|def|1\n|-unboost|p2a: Sneasler|spd|1\n|faint|p1b: Dragonite\n|-enditem|p2a: Sneasler|White Herb\n|-clearnegativeboost|p2a: Sneasler|[silent]\n|move|p2b: Floette|Dazzling Gleam|p1a: Archaludon\n|-damage|p1a: Archaludon|0 fnt\n|faint|p1a: Archaludon\n|\n|-weather|Sandstorm|[upkeep]\n|-damage|p2a: Sneasler|95/100|[from] Sandstorm\n|-damage|p2b: Floette|70/100|[from] Sandstorm\n|upkeep\n|\n|t:|1775995215\n|switch|p1a: Tyranitar|Tyranitar-Mega, L50, F|100/100\n|turn|11\n|\n|t:|1775995220\n|move|p1a: Tyranitar|Protect|p1a: Tyranitar\n|-singleturn|p1a: Tyranitar|Protect\n|move|p2a: Sneasler|Close Combat|p1a: Tyranitar\n|-activate|p1a: Tyranitar|move: Protect\n|move|p2b: Floette|Moonblast|p1a: Tyranitar\n|-activate|p1a: Tyranitar|move: Protect\n|\n|-weather|Sandstorm|[upkeep]\n|-damage|p2a: Sneasler|89/100|[from] Sandstorm\n|-damage|p2b: Floette|63/100|[from] Sandstorm\n|upkeep\n|turn|12\n|\n|t:|1775995232\n|move|p2a: Sneasler|Close Combat|p1a: Tyranitar\n|-supereffective|p1a: Tyranitar|2\n|-damage|p1a: Tyranitar|0 fnt\n|-unboost|p2a: Sneasler|def|1\n|-unboost|p2a: Sneasler|spd|1\n|faint|p1a: Tyranitar\n|\n|win|Flakenz\n|raw|Rhittle's rating: 1124 &rarr; <strong>1093</strong><br />(-31 for losing)\n|raw|Flakenz's rating: 1036 &rarr; <strong>1079</strong><br />(+43 for winning)\n",
  "uploadtime": 1775995233,
  "views": 22,
  "formatid": "gen9championsvgc2026regma",
  "rating": 1079,
  "private": 0,
  "password": null
}