{
  "id": "gen9championsvgc2026regma-2583986715",
  "format": "[Gen 9 Champions] VGC 2026 Reg M-A",
  "players": [
    "Velaine",
    "knvrmv r3lv"
  ],
  "log": "|j|\u2606Velaine\n|j|\u2606knvrmv r3lv\n|t:|1776214367\n|gametype|doubles\n|player|p1|Velaine|170|1077\n|player|p2|knvrmv r3lv|gentleman-gen4|1043\n|gen|9\n|tier|[Gen 9 Champions] VGC 2026 Reg M-A\n|rated|\n|rule|Species Clause: Limit one of each Pok\u00e9mon\n|rule|Item Clause: Limit 1 of each item\n|clearpoke\n|poke|p1|Greninja-*, L50, M|\n|poke|p1|Archaludon, L50, M|\n|poke|p1|Pelipper, L50, M|\n|poke|p1|Sinistcha, L50|\n|poke|p1|Arcanine-Hisui, L50, F|\n|poke|p1|Sneasler, L50, M|\n|poke|p2|Aerodactyl, L50, M|\n|poke|p2|Chandelure, L50, M|\n|poke|p2|Hydreigon, L50, M|\n|poke|p2|Scizor, L50, M|\n|poke|p2|Clefable, L50, M|\n|poke|p2|Gyarados, L50, M|\n|teampreview|4\n|\n|t:|1776214408\n|teamsize|p1|4\n|teamsize|p2|4\n|start\n|switch|p1a: Pelipper|Pelipper, L50, M, shiny|100/100\n|switch|p1b: Sneasler|Sneasler, L50, M, shiny|100/100\n|switch|p2a: Aerodactyl|Aerodactyl, L50, M|100/100\n|switch|p2b: Scizor|Scizor, L50, M|100/100\n|-weather|RainDance|[from] ability: Drizzle|[of] p1a: Pelipper\n|turn|1\n|inactive|Battle timer is ON: inactive players will automatically lose when time's up. (requested by knvrmv r3lv)\n|\n|t:|1776214437\n|move|p2a: Aerodactyl|Protect|p2a: Aerodactyl\n|-singleturn|p2a: Aerodactyl|Protect\n|move|p1b: Sneasler|Fake Out|p2a: Aerodactyl\n|-activate|p2a: Aerodactyl|move: Protect\n|move|p1a: Pelipper|Tailwind|p1a: Pelipper\n|-sidestart|p1: Velaine|move: Tailwind\n|move|p2b: Scizor|Swords Dance|p2b: Scizor\n|-boost|p2b: Scizor|atk|2\n|\n|-weather|RainDance|[upkeep]\n|upkeep\n|turn|2\n|\n|t:|1776214459\n|switch|p2a: Hydreigon|Hydreigon, L50, M|100/100\n|move|p2b: Scizor|Bullet Punch|p1b: Sneasler\n|-damage|p1b: Sneasler|0 fnt\n|faint|p1b: Sneasler\n|move|p1a: Pelipper|Hurricane|p2b: Scizor\n|-damage|p2b: Scizor|44/100\n|\n|-weather|RainDance|[upkeep]\n|-heal|p2b: Scizor|50/100|[from] item: Leftovers\n|upkeep\n|\n|t:|1776214465\n|switch|p1b: Archaludon|Archaludon, L50, M, shiny|100/100\n|turn|3\n|\n|t:|1776214486\n|switch|p2a: Aerodactyl|Aerodactyl, L50, M|100/100\n|move|p2b: Scizor|Protect|p2b: Scizor\n|-singleturn|p2b: Scizor|Protect\n|move|p1a: Pelipper|Hurricane|p2b: Scizor\n|-activate|p2b: Scizor|move: Protect\n|move|p1b: Archaludon|Electro Shot||[still]\n|-prepare|p1b: Archaludon|Electro Shot\n|-boost|p1b: Archaludon|spa|1\n|-anim|p1b: Archaludon|Electro Shot|p2a: Aerodactyl\n|-supereffective|p2a: Aerodactyl|1\n|-enditem|p2a: Aerodactyl|Focus Sash\n|-damage|p2a: Aerodactyl|1/100\n|\n|-weather|RainDance|[upkeep]\n|-heal|p2b: Scizor|56/100|[from] item: Leftovers\n|upkeep\n|turn|4\n|\n|t:|1776214501\n|move|p2a: Aerodactyl|Protect|p2a: Aerodactyl\n|-singleturn|p2a: Aerodactyl|Protect\n|move|p2b: Scizor|Bullet Punch|p1a: Pelipper\n|-resisted|p1a: Pelipper|1\n|-damage|p1a: Pelipper|56/100\n|move|p1a: Pelipper|Weather Ball|p2a: Aerodactyl\n|-activate|p2a: Aerodactyl|move: Protect\n|move|p1b: Archaludon|Electro Shot||[still]\n|-prepare|p1b: Archaludon|Electro Shot\n|-boost|p1b: Archaludon|spa|1\n|-anim|p1b: Archaludon|Electro Shot|p2b: Scizor\n|-crit|p2b: Scizor\n|-damage|p2b: Scizor|0 fnt\n|faint|p2b: Scizor\n|\n|-weather|RainDance|[upkeep]\n|-sideend|p1: Velaine|move: Tailwind\n|upkeep\n|\n|t:|1776214519\n|switch|p2b: Hydreigon|Hydreigon, L50, M|100/100\n|turn|5\n|\n|t:|1776214525\n|move|p2b: Hydreigon|Draco Meteor|p1b: Archaludon\n|-damage|p1b: Archaludon|28/100\n|-unboost|p2b: Hydreigon|spa|2\n|-ability|p1b: Archaludon|Stamina|boost\n|-boost|p1b: Archaludon|def|1\n|move|p2a: Aerodactyl|Rock Slide|p1b: Archaludon|[spread] p1a,p1b\n|-supereffective|p1a: Pelipper|1\n|-resisted|p1b: Archaludon|1\n|-damage|p1a: Pelipper|0 fnt\n|-damage|p1b: Archaludon|22/100\n|-ability|p1b: Archaludon|Stamina|boost\n|-boost|p1b: Archaludon|def|1\n|faint|p1a: Pelipper\n|move|p1b: Archaludon|Dragon Pulse|p2b: Hydreigon\n|-supereffective|p2b: Hydreigon|1\n|-damage|p2b: Hydreigon|0 fnt\n|faint|p2b: Hydreigon\n|\n|-weather|none\n|-heal|p1b: Archaludon|28/100|[from] item: Leftovers\n|upkeep\n|\n|t:|1776214539\n|switch|p2b: Chandelure|Chandelure, L50, M|100/100\n|switch|p1a: Greninja|Greninja, L50, M|100/100\n|turn|6\n|inactive|Velaine has 30 seconds left.\n|inactive|Velaine has 20 seconds left.\n|\n|t:|1776214574\n|detailschange|p1a: Greninja|Greninja-Mega, L50, M\n|-mega|p1a: Greninja|Greninja|Greninjite\n|detailschange|p2b: Chandelure|Chandelure-Mega, L50, M\n|-mega|p2b: Chandelure|Chandelure|Chandelurite\n|move|p1b: Archaludon|Protect|p1b: Archaludon\n|-singleturn|p1b: Archaludon|Protect\n|move|p1a: Greninja|Gunk Shot|p2b: Chandelure\n|-start|p1a: Greninja|typechange|Poison|[from] ability: Protean\n|-resisted|p2b: Chandelure|1\n|-damage|p2b: Chandelure|72/100\n|move|p2a: Aerodactyl|Rock Slide|p1b: Archaludon|[spread] p1a\n|-activate|p1b: Archaludon|move: Protect\n|-damage|p1a: Greninja|61/100\n|move|p2b: Chandelure|Heat Wave|p1b: Archaludon|[spread] p1a\n|-activate|p1b: Archaludon|move: Protect\n|-damage|p1a: Greninja|0 fnt\n|faint|p1a: Greninja\n|\n|-heal|p1b: Archaludon|34/100|[from] item: Leftovers\n|upkeep\n|turn|7\n|inactive|knvrmv r3lv has 30 seconds left.\n|inactive|knvrmv r3lv has 20 seconds left.\n|inactive|knvrmv r3lv has 15 seconds left.\n|inactive|knvrmv r3lv has 10 seconds left.\n|\n|t:|1776214622\n|move|p2a: Aerodactyl|Protect|p2a: Aerodactyl\n|-singleturn|p2a: Aerodactyl|Protect\n|move|p2b: Chandelure|Heat Wave|p1b: Archaludon\n|-damage|p1b: Archaludon|0 fnt\n|faint|p1b: Archaludon\n|\n|win|knvrmv r3lv\n|raw|Velaine's rating: 1077 &rarr; <strong>1053</strong><br />(-24 for losing)\n|raw|knvrmv r3lv's rating: 1043 &rarr; <strong>1080</strong><br />(+37 for winning)\n|l|\u2606Velaine\n|player|p1|\n",
  "uploadtime": 1776214776,
  "views": 25,
  "formatid": "gen9championsvgc2026regma",
  "rating": 1053,
  "private": 0,
  "password": null
}