{
  "id": "gen9championsvgc2026regma-2583893901",
  "format": "[Gen 9 Champions] VGC 2026 Reg M-A",
  "players": [
    "Qloser",
    "imfinking"
  ],
  "log": "|j|\u2606Qloser\n|j|\u2606imfinking\n|t:|1776206134\n|gametype|doubles\n|player|p1|Qloser|norman|1270\n|player|p2|imfinking|sada|1194\n|gen|9\n|tier|[Gen 9 Champions] VGC 2026 Reg M-A\n|rated|\n|rule|Species Clause: Limit one of each Pok\u00e9mon\n|rule|Item Clause: Limit 1 of each item\n|clearpoke\n|poke|p1|Charizard, L50, F|\n|poke|p1|Kingambit, L50, M|\n|poke|p1|Rotom-Wash, L50|\n|poke|p1|Tyranitar, L50, M|\n|poke|p1|Sinistcha, L50|\n|poke|p1|Excadrill, L50, M|\n|poke|p2|Venusaur, L50, F|\n|poke|p2|Farigiraf, L50, M|\n|poke|p2|Golurk, L50|\n|poke|p2|Torkoal, L50, F|\n|poke|p2|Sneasler, L50, M|\n|poke|p2|Incineroar, L50, F|\n|teampreview|4\n|inactive|Battle timer is ON: inactive players will automatically lose when time's up. (requested by Qloser)\n|\n|t:|1776206150\n|teamsize|p1|4\n|teamsize|p2|4\n|start\n|switch|p1a: Kingambit|Kingambit, L50, M|100/100\n|switch|p1b: Tyranitar|Tyranitar, L50, M|100/100\n|switch|p2a: he stole my drinky|Farigiraf, L50, M|100/100\n|switch|p2b: Sneasler|Sneasler, L50, M|100/100\n|-weather|Sandstorm|[from] ability: Sand Stream|[of] p1b: Tyranitar\n|turn|1\n|\n|t:|1776206175\n|switch|p1b: Excadrill|Excadrill, L50, M|100/100\n|move|p1a: Kingambit|Protect|p1a: Kingambit\n|-singleturn|p1a: Kingambit|Protect\n|move|p2b: Sneasler|Close Combat|p1a: Kingambit\n|-activate|p1a: Kingambit|move: Protect\n|move|p2a: he stole my drinky|Trick Room|p2a: he stole my drinky\n|-fieldstart|move: Trick Room|[of] p2a: he stole my drinky\n|\n|-weather|Sandstorm|[upkeep]\n|-damage|p2a: he stole my drinky|94/100|[from] Sandstorm\n|-damage|p2b: Sneasler|95/100|[from] Sandstorm\n|upkeep\n|turn|2\n|\n|t:|1776206198\n|move|p2a: he stole my drinky|Hyper Voice|p1a: Kingambit|[spread] p1a,p1b\n|-resisted|p1a: Kingambit|1\n|-resisted|p1b: Excadrill|1\n|-damage|p1a: Kingambit|86/100\n|-damage|p1b: Excadrill|83/100\n|move|p1a: Kingambit|Kowtow Cleave|p2a: he stole my drinky\n|-supereffective|p2a: he stole my drinky|1\n|-damage|p2a: he stole my drinky|0 fnt\n|faint|p2a: he stole my drinky\n|move|p2b: Sneasler|Close Combat|p1b: Excadrill\n|-supereffective|p1b: Excadrill|1\n|-damage|p1b: Excadrill|0 fnt\n|-unboost|p2b: Sneasler|def|1\n|-unboost|p2b: Sneasler|spd|1\n|faint|p1b: Excadrill\n|-enditem|p2b: Sneasler|White Herb\n|-clearnegativeboost|p2b: Sneasler|[silent]\n|\n|-weather|Sandstorm|[upkeep]\n|-damage|p2b: Sneasler|89/100|[from] Sandstorm\n|upkeep\n|\n|t:|1776206222\n|switch|p2a: you must die|Golurk, L50|100/100\n|switch|p1b: Charizard|Charizard, L50, F|100/100\n|turn|3\n|\n|t:|1776206243\n|detailschange|p2a: you must die|Golurk-Mega, L50\n|-mega|p2a: you must die|Golurk|Golurkite\n|move|p1a: Kingambit|Kowtow Cleave|p2a: you must die\n|-supereffective|p2a: you must die|1\n|-damage|p2a: you must die|0 fnt\n|faint|p2a: you must die\n|move|p1b: Charizard|Flare Blitz|p2b: Sneasler\n|-damage|p2b: Sneasler|27/100\n|-damage|p1b: Charizard|83/100|[from] Recoil\n|move|p2b: Sneasler|Close Combat|p1a: Kingambit\n|-supereffective|p1a: Kingambit|2\n|-damage|p1a: Kingambit|0 fnt\n|-unboost|p2b: Sneasler|def|1\n|-unboost|p2b: Sneasler|spd|1\n|faint|p1a: Kingambit\n|\n|-weather|Sandstorm|[upkeep]\n|-damage|p1b: Charizard|77/100|[from] Sandstorm\n|-damage|p2b: Sneasler|22/100|[from] Sandstorm\n|upkeep\n|\n|t:|1776206253\n|switch|p1a: Tyranitar|Tyranitar, L50, M|100/100\n|switch|p2a: or is it the bagel|Torkoal, L50, F|100/100\n|-weather|SunnyDay|[from] ability: Drought|[of] p2a: or is it the bagel\n|-weather|Sandstorm|[from] ability: Sand Stream|[of] p1a: Tyranitar\n|turn|4\n|\n|t:|1776206271\n|detailschange|p1b: Charizard|Charizard-Mega-X, L50, F\n|-mega|p1b: Charizard|Charizard|Charizardite X\n|move|p2a: or is it the bagel|Weather Ball|p1b: Charizard\n|-supereffective|p1b: Charizard|1\n|-damage|p1b: Charizard|19/100\n|move|p1b: Charizard|Dragon Dance|p1b: Charizard\n|-boost|p1b: Charizard|atk|1\n|-boost|p1b: Charizard|spe|1\n|move|p1a: Tyranitar|Rock Slide|p2b: Sneasler|[spread] p2a,p2b\n|-supereffective|p2a: or is it the bagel|1\n|-resisted|p2b: Sneasler|1\n|-damage|p2a: or is it the bagel|48/100\n|-damage|p2b: Sneasler|0 fnt\n|faint|p2b: Sneasler\n|\n|-weather|Sandstorm|[upkeep]\n|-damage|p2a: or is it the bagel|42/100|[from] Sandstorm\n|-damage|p1b: Charizard|13/100|[from] Sandstorm\n|upkeep\n|turn|5\n|\n|t:|1776206286\n|move|p1b: Charizard|Protect|p1b: Charizard\n|-singleturn|p1b: Charizard|Protect\n|move|p2a: or is it the bagel|Weather Ball|p1b: Charizard\n|-activate|p1b: Charizard|move: Protect\n|move|p1a: Tyranitar|Rock Slide|p2a: or is it the bagel\n|-supereffective|p2a: or is it the bagel|1\n|-damage|p2a: or is it the bagel|0 fnt\n|faint|p2a: or is it the bagel\n|\n|win|Qloser\n|raw|Qloser's rating: 1270 &rarr; <strong>1290</strong><br />(+20 for winning)\n|raw|imfinking's rating: 1194 &rarr; <strong>1174</strong><br />(-20 for losing)\n",
  "uploadtime": 1776206286,
  "views": 26,
  "formatid": "gen9championsvgc2026regma",
  "rating": 1174,
  "private": 0,
  "password": null
}