{
  "id": "gen9championsvgc2026regma-2586608711",
  "format": "[Gen 9 Champions] VGC 2026 Reg M-A",
  "players": [
    "skywalkingchris",
    "rorsss"
  ],
  "log": "|j|\u2606skywalkingchris\n|j|\u2606rorsss\n|t:|1776446500\n|gametype|doubles\n|player|p1|skywalkingchris|102|1168\n|player|p2|rorsss|2|1267\n|gen|9\n|tier|[Gen 9 Champions] VGC 2026 Reg M-A\n|rated|\n|rule|Species Clause: Limit one of each Pok\u00e9mon\n|rule|Item Clause: Limit 1 of each item\n|clearpoke\n|poke|p1|Garchomp, L50, M|\n|poke|p1|Chimecho, L50, F|\n|poke|p1|Tyranitar, L50, F|\n|poke|p1|Glimmora, L50, F|\n|poke|p1|Kangaskhan, L50, F|\n|poke|p1|Sinistcha-Masterpiece, L50|\n|poke|p2|Charizard, L50, F|\n|poke|p2|Venusaur, L50, M|\n|poke|p2|Incineroar, L50, F|\n|poke|p2|Basculegion, L50, M|\n|poke|p2|Garchomp, L50, F|\n|poke|p2|Sneasler, L50, F|\n|teampreview|4\n|\n|t:|1776446574\n|teamsize|p1|4\n|teamsize|p2|4\n|start\n|switch|p1a: Garchomp|Garchomp, L50, M|100/100\n|switch|p1b: Kangaskhan|Kangaskhan, L50, F|100/100\n|switch|p2a: Charizard|Charizard, L50, F, shiny|100/100\n|switch|p2b: Venusaur|Venusaur, L50, M, shiny|100/100\n|turn|1\n|\n|t:|1776446637\n|switch|p1b: Tyranitar|Tyranitar, L50, F|100/100\n|-weather|Sandstorm|[from] ability: Sand Stream|[of] p1b: Tyranitar\n|switch|p2b: Incineroar|Incineroar, L50, F, shiny|100/100\n|-ability|p2b: Incineroar|Intimidate|boost\n|-unboost|p1a: Garchomp|atk|1\n|-unboost|p1b: Tyranitar|atk|1\n|detailschange|p2a: Charizard|Charizard-Mega-Y, L50, F, shiny\n|-mega|p2a: Charizard|Charizard|Charizardite Y\n|-weather|SunnyDay|[from] ability: Drought|[of] p2a: Charizard\n|move|p2a: Charizard|Protect|p2a: Charizard\n|-singleturn|p2a: Charizard|Protect\n|move|p1a: Garchomp|Rock Slide|p2a: Charizard|[spread] p2b\n|-activate|p2a: Charizard|move: Protect\n|-supereffective|p2b: Incineroar|1\n|-damage|p2b: Incineroar|72/100\n|\n|-weather|SunnyDay|[upkeep]\n|upkeep\n|turn|2\n|\n|t:|1776446694\n|move|p2b: Incineroar|Fake Out|p1b: Tyranitar\n|-resisted|p1b: Tyranitar|1\n|-damage|p1b: Tyranitar|95/100\n|move|p1a: Garchomp|Rock Slide|p2a: Charizard|[spread] p2a\n|-miss|p1a: Garchomp|p2b: Incineroar\n|-supereffective|p2a: Charizard|2\n|-damage|p2a: Charizard|26/100\n|move|p2a: Charizard|Weather Ball|p1a: Garchomp\n|-resisted|p1a: Garchomp|1\n|-damage|p1a: Garchomp|56/100\n|cant|p1b: Tyranitar|flinch\n|\n|-weather|SunnyDay|[upkeep]\n|upkeep\n|turn|3\n|\n|t:|1776446728\n|move|p2a: Charizard|Protect|p2a: Charizard\n|-singleturn|p2a: Charizard|Protect\n|move|p1a: Garchomp|Rock Slide|p2b: Incineroar|[spread] p2b\n|-activate|p2a: Charizard|move: Protect\n|-supereffective|p2b: Incineroar|1\n|-damage|p2b: Incineroar|42/100\n|-enditem|p2b: Incineroar|Sitrus Berry|[eat]\n|-heal|p2b: Incineroar|67/100|[from] item: Sitrus Berry\n|move|p1b: Tyranitar|Dragon Dance|p1b: Tyranitar\n|-boost|p1b: Tyranitar|atk|1\n|-boost|p1b: Tyranitar|spe|1\n|move|p2b: Incineroar|Flare Blitz|p1a: Garchomp\n|-resisted|p1a: Garchomp|1\n|-damage|p1a: Garchomp|8/100\n|-damage|p2b: Incineroar|54/100|[from] ability: Rough Skin|[of] p1a: Garchomp\n|-damage|p2b: Incineroar|40/100|[from] Recoil\n|\n|-weather|SunnyDay|[upkeep]\n|upkeep\n|turn|4\n|\n|t:|1776446777\n|switch|p1a: Kangaskhan|Kangaskhan, L50, F|100/100\n|switch|p2a: Venusaur|Venusaur, L50, M, shiny|100/100\n|switch|p2b: Sneasler|Sneasler, L50, F, shiny|100/100\n|move|p1b: Tyranitar|Rock Slide|p2b: Sneasler|[spread] p2a,p2b\n|-resisted|p2b: Sneasler|1\n|-damage|p2a: Venusaur|64/100\n|-damage|p2b: Sneasler|78/100\n|\n|-weather|SunnyDay|[upkeep]\n|upkeep\n|turn|5\n|\n|t:|1776446822\n|switch|p1b: Chimecho|Chimecho, L50, F|100/100\n|move|p1a: Kangaskhan|Fake Out|p2a: Venusaur\n|-damage|p2a: Venusaur|43/100\n|cant|p2a: Venusaur|flinch\n|move|p2b: Sneasler|Close Combat|p1b: Chimecho\n|-resisted|p1b: Chimecho|1\n|-damage|p1b: Chimecho|62/100\n|-unboost|p2b: Sneasler|def|1\n|-unboost|p2b: Sneasler|spd|1\n|-enditem|p2b: Sneasler|White Herb\n|-clearnegativeboost|p2b: Sneasler|[silent]\n|\n|-weather|none\n|upkeep\n|turn|6\n|\n|t:|1776446887\n|switch|p2a: Incineroar|Incineroar, L50, F, shiny|40/100\n|-ability|p2a: Incineroar|Intimidate|boost\n|-fail|p1a: Kangaskhan|unboost|Attack|[from] ability: Scrappy|[of] p1a: Kangaskhan\n|-unboost|p1b: Chimecho|atk|1\n|detailschange|p1b: Chimecho|Chimecho-Mega, L50, F\n|-mega|p1b: Chimecho|Chimecho|Chimechite\n|move|p1a: Kangaskhan|Sucker Punch|p2b: Sneasler\n|-resisted|p2b: Sneasler|1\n|-damage|p2b: Sneasler|62/100\n|move|p2b: Sneasler|Close Combat|p1a: Kangaskhan\n|-supereffective|p1a: Kangaskhan|1\n|-crit|p1a: Kangaskhan\n|-damage|p1a: Kangaskhan|0 fnt\n|-unboost|p2b: Sneasler|def|1\n|-unboost|p2b: Sneasler|spd|1\n|faint|p1a: Kangaskhan\n|move|p1b: Chimecho|Recover|p1b: Chimecho\n|-heal|p1b: Chimecho|100/100\n|\n|upkeep\n|\n|t:|1776446913\n|switch|p1a: Tyranitar|Tyranitar, L50, F|95/100\n|-weather|Sandstorm|[from] ability: Sand Stream|[of] p1a: Tyranitar\n|turn|7\n|\n|t:|1776446945\n|move|p1a: Tyranitar|Protect|p1a: Tyranitar\n|-singleturn|p1a: Tyranitar|Protect\n|move|p1b: Chimecho|Protect|p1b: Chimecho\n|-singleturn|p1b: Chimecho|Protect\n|move|p2a: Incineroar|Fake Out|p1b: Chimecho\n|-activate|p1b: Chimecho|move: Protect\n|move|p2b: Sneasler|Close Combat|p1a: Tyranitar\n|-activate|p1a: Tyranitar|move: Protect\n|\n|-weather|Sandstorm|[upkeep]\n|-damage|p2b: Sneasler|56/100|[from] Sandstorm\n|-damage|p2a: Incineroar|34/100|[from] Sandstorm\n|upkeep\n|turn|8\n|inactive|Battle timer is ON: inactive players will automatically lose when time's up. (requested by skywalkingchris)\n|inactive|skywalkingchris has 60 seconds left.\n|inactive|rorsss has 60 seconds left.\n|\n|t:|1776447000\n|move|p2b: Sneasler|Close Combat|p1a: Tyranitar\n|-supereffective|p1a: Tyranitar|2\n|-enditem|p1a: Tyranitar|Chople Berry|[eat]\n|-enditem|p1a: Tyranitar|Chople Berry|[weaken]\n|-damage|p1a: Tyranitar|4/100\n|-unboost|p2b: Sneasler|def|1\n|-unboost|p2b: Sneasler|spd|1\n|move|p1a: Tyranitar|Dragon Dance|p1a: Tyranitar\n|-boost|p1a: Tyranitar|atk|1\n|-boost|p1a: Tyranitar|spe|1\n|move|p1b: Chimecho|Dazzling Gleam|p2a: Incineroar|[spread] p2a,p2b\n|-damage|p2a: Incineroar|11/100\n|-damage|p2b: Sneasler|0 fnt\n|faint|p2b: Sneasler\n|move|p2a: Incineroar|Darkest Lariat|p1b: Chimecho\n|-supereffective|p1b: Chimecho|1\n|-damage|p1b: Chimecho|26/100\n|\n|-weather|Sandstorm|[upkeep]\n|-damage|p2a: Incineroar|5/100|[from] Sandstorm\n|upkeep\n|inactive|rorsss has 30 seconds left.\n|inactive|rorsss has 20 seconds left.\n|inactive|rorsss has 15 seconds left.\n|inactive|rorsss has 10 seconds left.\n|inactive|rorsss has 5 seconds left.\n|\n|t:|1776447061\n|switch|p2b: Venusaur|Venusaur, L50, M, shiny|43/100\n|turn|9\n|inactive|skywalkingchris has 30 seconds left.\n|inactive|rorsss has 30 seconds left.\n|inactive|rorsss has 20 seconds left.\n|inactive|rorsss has 15 seconds left.\n|inactive|skywalkingchris has 20 seconds left.\n|inactive|rorsss has 10 seconds left.\n|inactive|skywalkingchris has 15 seconds left.\n|inactive|rorsss has 5 seconds left.\n|\n|t:|1776447117\n|move|p1a: Tyranitar|Rock Slide|p2b: Venusaur|[spread] p2a,p2b\n|-supereffective|p2a: Incineroar|1\n|-damage|p2a: Incineroar|0 fnt\n|-damage|p2b: Venusaur|0 fnt\n|faint|p2a: Incineroar\n|faint|p2b: Venusaur\n|move|p1b: Chimecho|Recover|p1b: Chimecho\n|-heal|p1b: Chimecho|76/100\n|\n|-weather|Sandstorm|[upkeep]\n|upkeep\n|\n|t:|1776447127\n|switch|p2a: Charizard|Charizard-Mega-Y, L50, F, shiny|26/100\n|-weather|SunnyDay|[from] ability: Drought|[of] p2a: Charizard\n|turn|10\n|\n|t:|1776447145\n|move|p1b: Chimecho|Protect|p1b: Chimecho\n|-singleturn|p1b: Chimecho|Protect\n|move|p2a: Charizard|Heat Wave|p1a: Tyranitar|[spread] p1a\n|-activate|p1b: Chimecho|move: Protect\n|-resisted|p1a: Tyranitar|1\n|-damage|p1a: Tyranitar|0 fnt\n|faint|p1a: Tyranitar\n|\n|-weather|SunnyDay|[upkeep]\n|upkeep\n|\n|t:|1776447152\n|switch|p1a: Garchomp|Garchomp, L50, M|8/100\n|turn|11\n|\n|t:|1776447160\n|move|p1a: Garchomp|Rock Slide|p2a: Charizard\n|-supereffective|p2a: Charizard|2\n|-damage|p2a: Charizard|0 fnt\n|faint|p2a: Charizard\n|\n|win|skywalkingchris\n|raw|skywalkingchris's rating: 1168 &rarr; <strong>1200</strong><br />(+32 for winning)\n|raw|rorsss's rating: 1267 &rarr; <strong>1235</strong><br />(-32 for losing)\n|l|\u2606rorsss\n|player|p2|\n",
  "uploadtime": 1776447167,
  "views": 45,
  "formatid": "gen9championsvgc2026regma",
  "rating": 1200,
  "private": 0,
  "password": null
}