{
  "id": "gen9championsvgc2026regma-2587504804",
  "format": "[Gen 9 Champions] VGC 2026 Reg M-A",
  "players": [
    "thatonetio",
    "Calstar9001"
  ],
  "log": "|j|\u2606thatonetio\n|j|\u203dCalstar9001\n|t:|1776537489\n|gametype|doubles\n|player|p1|thatonetio|2|\n|player|p2|Calstar9001|psychic-gen4|\n|gen|9\n|tier|[Gen 9 Champions] VGC 2026 Reg M-A\n|rated|Tournament battle\n|rule|Species Clause: Limit one of each Pok\u00e9mon\n|rule|Item Clause: Limit 1 of each item\n|raw|<div class=\"infobox\"><details class=\"readmore\" open><summary><strong>1 custom rule:</strong></summary> Force Open Team Sheets</details></div>\n|clearpoke\n|poke|p1|Sneasler, L50, M|\n|poke|p1|Incineroar, L50, F|\n|poke|p1|Garchomp, L50, M|\n|poke|p1|Floette-Eternal, L50, F|\n|poke|p1|Rotom-Wash, L50|\n|poke|p1|Sinistcha, L50|\n|poke|p2|Ceruledge, L50, F|\n|poke|p2|Charizard, L50, F|\n|poke|p2|Whimsicott, L50, F|\n|poke|p2|Venusaur, L50, M|\n|poke|p2|Weavile, L50, M|\n|poke|p2|Garchomp, L50, M|\n|teampreview|4\n|showteam|p1|Sneasler||WhiteHerb|Unburden|CloseCombat,FakeOut,DireClaw,Protect|||M|||50|]Incineroar||ChopleBerry|Intimidate|FlareBlitz,FakeOut,PartingShot,ThroatChop|||F|||50|]Garchomp||SoftSand|RoughSkin|Earthquake,RockSlide,Protect,IronHead|||M|||50|]Floette-Eternal||Floettite|FlowerVeil|Moonblast,DazzlingGleam,Protect,LightofRuin|||F|||50|]Rotom-Wash||ChoiceScarf|Levitate|HydroPump,Thunderbolt,Electroweb,VoltSwitch||||||50|]Sinistcha||Leftovers|Hospitality|TrickRoom,MatchaGotcha,RagePowder,Reflect||||||50|\n|showteam|p2|Ceruledge||FocusSash|WeakArmor|BitterBlade,ShadowSneak,CloseCombat,SolarBlade|||F|||50|]Charizard||CharizarditeY|SolarPower|HeatWave,SolarBeam,WeatherBall,AirSlash|||F|||50|]Whimsicott||MentalHerb|Prankster|Tailwind,Moonblast,Encore,SunnyDay|||F|||50|]Venusaur||Leftovers|Chlorophyll|SludgeBomb,EnergyBall,SleepPowder,EarthPower|||M|||50|]Weavile||ChoiceScarf|Pickpocket|KnockOff,TripleAxel,LowKick,Fling|||M|||50|]Garchomp||WhiteHerb|RoughSkin|DragonClaw,Earthquake,RockSlide,Protect|||M|||50|\n|inactive|Battle timer is ON: inactive players will automatically lose when time's up. (requested by Calstar9001)\n|inactive|thatonetio has 60 seconds left.\n|inactive|Calstar9001 has 60 seconds left.\n|inactive|thatonetio has 30 seconds left.\n|inactive|thatonetio has 20 seconds left.\n|inactive|thatonetio has 15 seconds left.\n|inactive|thatonetio has 10 seconds left.\n|\n|t:|1776537571\n|teamsize|p1|4\n|teamsize|p2|4\n|start\n|switch|p1a: Incineroar|Incineroar, L50, F|100/100\n|switch|p1b: Sinistcha|Sinistcha, L50|100/100\n|switch|p2a: Ceruledge|Ceruledge, L50, F|100/100\n|switch|p2b: Charizard|Charizard, L50, F|100/100\n|-ability|p1a: Incineroar|Intimidate|boost\n|-unboost|p2a: Ceruledge|atk|1\n|-unboost|p2b: Charizard|atk|1\n|turn|1\n|\n|t:|1776537591\n|switch|p1b: Garchomp|Garchomp, L50, M|100/100\n|detailschange|p2b: Charizard|Charizard-Mega-Y, L50, F\n|-mega|p2b: Charizard|Charizard|Charizardite Y\n|-weather|SunnyDay|[from] ability: Drought|[of] p2b: Charizard\n|move|p1a: Incineroar|Fake Out|p2b: Charizard\n|-damage|p2b: Charizard|81/100\n|cant|p2b: Charizard|flinch\n|move|p2a: Ceruledge|Close Combat|p1a: Incineroar\n|-supereffective|p1a: Incineroar|1\n|-enditem|p1a: Incineroar|Chople Berry|[eat]\n|-enditem|p1a: Incineroar|Chople Berry|[weaken]\n|-damage|p1a: Incineroar|72/100\n|-unboost|p2a: Ceruledge|def|1\n|-unboost|p2a: Ceruledge|spd|1\n|\n|-weather|SunnyDay|[upkeep]\n|upkeep\n|turn|2\n|inactive|Calstar9001 has 30 seconds left.\n|\n|t:|1776537622\n|switch|p2b: Venusaur|Venusaur, L50, M|100/100\n|move|p1b: Garchomp|Rock Slide|p2a: Ceruledge|[spread] p2a\n|-miss|p1b: Garchomp|p2b: Venusaur\n|-supereffective|p2a: Ceruledge|1\n|-damage|p2a: Ceruledge|15/100\n|-ability|p2a: Ceruledge|Weak Armor|boost\n|-unboost|p2a: Ceruledge|def|1\n|-boost|p2a: Ceruledge|spe|2\n|move|p2a: Ceruledge|Close Combat|p1a: Incineroar\n|-supereffective|p1a: Incineroar|1\n|-damage|p1a: Incineroar|16/100\n|-unboost|p2a: Ceruledge|def|1\n|-unboost|p2a: Ceruledge|spd|1\n|move|p1a: Incineroar|Parting Shot|p2a: Ceruledge\n|-unboost|p2a: Ceruledge|atk|1\n|-unboost|p2a: Ceruledge|spa|1\n|j| WonJaeLeeBaby\n|\n|t:|1776537647\n|switch|p1a: Floette|Floette-Eternal, L50, F|100/100|[from] Parting Shot\n|\n|-weather|SunnyDay|[upkeep]\n|upkeep\n|turn|3\n|inactive|Calstar9001 has 30 seconds left.\n|\n|t:|1776537675\n|detailschange|p1a: Floette|Floette-Mega, L50, F\n|-mega|p1a: Floette|Floette|Floettite\n|-ability|p1a: Floette|Fairy Aura\n|move|p1b: Garchomp|Protect|p1b: Garchomp\n|-singleturn|p1b: Garchomp|Protect\n|move|p2a: Ceruledge|Close Combat|p1b: Garchomp\n|-activate|p1b: Garchomp|move: Protect\n|move|p2b: Venusaur|Sleep Powder|p1b: Garchomp\n|-activate|p1b: Garchomp|move: Protect\n|move|p1a: Floette|Dazzling Gleam|p2b: Venusaur|[spread] p2a,p2b\n|-resisted|p2a: Ceruledge|1\n|-resisted|p2b: Venusaur|1\n|-damage|p2a: Ceruledge|0 fnt\n|-damage|p2b: Venusaur|75/100\n|faint|p2a: Ceruledge\n|\n|-weather|SunnyDay|[upkeep]\n|-heal|p2b: Venusaur|81/100|[from] item: Leftovers\n|upkeep\n|\n|t:|1776537687\n|switch|p2a: Weavile|Weavile, L50, M|100/100\n|turn|4\n|inactive|thatonetio has 30 seconds left.\n|inactive|thatonetio has 20 seconds left.\n|inactive|thatonetio has 15 seconds left.\n|inactive|Calstar9001 has 30 seconds left.\n|inactive|thatonetio has 10 seconds left.\n|inactive|Calstar9001 has 20 seconds left.\n|\n|t:|1776537749\n|switch|p1b: Incineroar|Incineroar, L50, F|16/100\n|-ability|p1b: Incineroar|Intimidate|boost\n|-unboost|p2a: Weavile|atk|1\n|-unboost|p2b: Venusaur|atk|1\n|move|p2a: Weavile|Low Kick|p1b: Incineroar\n|-supereffective|p1b: Incineroar|1\n|-damage|p1b: Incineroar|0 fnt\n|faint|p1b: Incineroar\n|move|p2b: Venusaur|Sleep Powder|p1a: Floette|[miss]\n|-miss|p2b: Venusaur|p1a: Floette\n|move|p1a: Floette|Dazzling Gleam|p2a: Weavile|[spread] p2a,p2b\n|-supereffective|p2a: Weavile|1\n|-resisted|p2b: Venusaur|1\n|-damage|p2a: Weavile|0 fnt\n|-damage|p2b: Venusaur|57/100\n|faint|p2a: Weavile\n|\n|-weather|SunnyDay|[upkeep]\n|-heal|p2b: Venusaur|63/100|[from] item: Leftovers\n|upkeep\n|\n|t:|1776537766\n|switch|p2a: Charizard|Charizard-Mega-Y, L50, F|81/100\n|switch|p1b: Garchomp|Garchomp, L50, M|100/100\n|turn|5\n|inactive|Calstar9001 has 30 seconds left.\n|inactive|Calstar9001 has 20 seconds left.\n|\n|t:|1776537801\n|move|p1a: Floette|Protect|p1a: Floette\n|-singleturn|p1a: Floette|Protect\n|move|p1b: Garchomp|Protect|p1b: Garchomp\n|-singleturn|p1b: Garchomp|Protect\n|move|p2b: Venusaur|Energy Ball|p1b: Garchomp\n|-activate|p1b: Garchomp|move: Protect\n|move|p2a: Charizard|Weather Ball|p1b: Garchomp\n|-activate|p1b: Garchomp|move: Protect\n|\n|-weather|none\n|-heal|p2b: Venusaur|69/100|[from] item: Leftovers\n|upkeep\n|turn|6\n|\n|t:|1776537815\n|move|p1a: Floette|Moonblast|p2b: Venusaur\n|-resisted|p2b: Venusaur|1\n|-damage|p2b: Venusaur|31/100\n|move|p1b: Garchomp|Rock Slide|p2a: Charizard|[spread] p2a,p2b\n|-supereffective|p2a: Charizard|2\n|-damage|p2a: Charizard|0 fnt\n|-damage|p2b: Venusaur|8/100\n|faint|p2a: Charizard\n|move|p2b: Venusaur|Sludge Bomb|p1a: Floette\n|-supereffective|p1a: Floette|1\n|-damage|p1a: Floette|21/100\n|\n|-heal|p2b: Venusaur|14/100|[from] item: Leftovers\n|upkeep\n|turn|7\n|-message|Calstar9001 forfeited.\n|\n|win|thatonetio\n|n|\u2606thatonetio|thatonetio\n|n|\u203dCalstar9001|calstar9001\n|n| WonJaeLeeBaby|wonjaeleebaby\n|l|\u203dCalstar9001\n|player|p2|\n|l|\u2606thatonetio\n|player|p1|\n|l| WonJaeLeeBaby\n|j|\u203dCalstar9001\n|player|p2|Calstar9001|psychic-gen4|\n",
  "uploadtime": 1776537858,
  "views": 24,
  "formatid": "gen9championsvgc2026regma",
  "rating": null,
  "private": 0,
  "password": null
}