{
  "id": "gen9championsvgc2026regma-2583049370",
  "format": "[Gen 9 Champions] VGC 2026 Reg M-A",
  "players": [
    "tomcheung22",
    "EDJPP"
  ],
  "log": "|j|\u2606tomcheung22\n|j|\u2606EDJPP\n|t:|1776136639\n|gametype|doubles\n|player|p1|tomcheung22|bianca|\n|player|p2|EDJPP|volkner|\n|gen|9\n|tier|[Gen 9 Champions] VGC 2026 Reg M-A\n|rated|Tournament battle\n|rule|Species Clause: Limit one of each Pok\u00e9mon\n|rule|Item Clause: Limit 1 of each item\n|raw|<div class=\"infobox\"><details class=\"readmore\" open><summary><strong>1 custom rule:</strong></summary> Force Open Team Sheets</details></div>\n|clearpoke\n|poke|p1|Scizor, L50, F|\n|poke|p1|Aerodactyl, L50, F|\n|poke|p1|Tyranitar, L50, M|\n|poke|p1|Excadrill, L50, M|\n|poke|p1|Farigiraf, L50, F|\n|poke|p1|Milotic, L50, F|\n|poke|p2|Floette-Eternal, L50, F|\n|poke|p2|Tyranitar, L50, M|\n|poke|p2|Garchomp, L50, F|\n|poke|p2|Sinistcha, L50|\n|poke|p2|Talonflame, L50, M|\n|poke|p2|Orthworm, L50, M|\n|teampreview|4\n|showteam|p1|Scizor||WhiteHerb|Technician|BulletPunch,CloseCombat,Uturn,Protect|||F|||50|]Aerodactyl||Aerodactylite|Unnerve|RockSlide,DualWingbeat,IceFang,Protect|||F|||50|]Tyranitar||ChopleBerry|SandStream|RockSlide,HighHorsepower,KnockOff,Protect|||M|||50|]Excadrill||FocusSash|SandRush|IronHead,HighHorsepower,SwordsDance,Protect|||M|||50|]Farigiraf||LumBerry|ArmorTail|TwinBeam,HyperVoice,Imprison,TrickRoom|||F|||50|]Milotic||WacanBerry|Competitive|Scald,IcyWind,Recover,Hypnosis|||F|||50|\n|showteam|p2|Floette-Eternal||Floettite|FlowerVeil|DazzlingGleam,DrainingKiss,Protect,CalmMind|||F|||50|]Tyranitar||Tyranitarite|SandStream|RockSlide,Crunch,HeavySlam,Protect|||M|||50|]Garchomp||BrightPowder|SandVeil|Earthquake,DragonClaw,SwordsDance,Protect|||F|||50|]Sinistcha||Leftovers|Hospitality|LifeDew,MatchaGotcha,TrickRoom,RagePowder||||||50|]Talonflame||ChartiBerry|GaleWings|BraveBird,Tailwind,Taunt,FlareBlitz|||M|||50|]Orthworm||SitrusBerry|EarthEater|ShedTail,BodyPress,IronHead,RockSlide|||M|||50|\n|inactive|Battle timer is ON: inactive players will automatically lose when time's up. (requested by EDJPP)\n|inactive|tomcheung22 has 60 seconds left.\n|j| random1213\n|\n|t:|1776136679\n|teamsize|p1|4\n|teamsize|p2|4\n|start\n|switch|p1a: Aerodactyl|Aerodactyl, L50, F|100/100\n|switch|p1b: Milotic|Milotic, L50, F|100/100\n|switch|p2a: Talonflame|Talonflame, L50, M|100/100\n|switch|p2b: Tyranitar|Tyranitar, L50, M, shiny|100/100\n|-ability|p1a: Aerodactyl|Unnerve\n|-weather|Sandstorm|[from] ability: Sand Stream|[of] p2b: Tyranitar\n|turn|1\n|inactive|EDJPP has 30 seconds left.\n|inactive|EDJPP has 20 seconds left.\n|inactive|EDJPP has 15 seconds left.\n|j| Ghostistheman\n|inactive|EDJPP has 10 seconds left.\n|inactive|EDJPP has 5 seconds left.\n|\n|t:|1776136735\n|move|p1a: Aerodactyl|Protect|p1a: Aerodactyl\n|-singleturn|p1a: Aerodactyl|Protect\n|move|p2a: Talonflame|Brave Bird|p1a: Aerodactyl\n|-activate|p1a: Aerodactyl|move: Protect\n|move|p1b: Milotic|Icy Wind|p2a: Talonflame|[spread] p2a,p2b\n|-damage|p2a: Talonflame|85/100\n|-damage|p2b: Tyranitar|94/100\n|-unboost|p2a: Talonflame|spe|1\n|-unboost|p2b: Tyranitar|spe|1\n|move|p2b: Tyranitar|Rock Slide|p1a: Aerodactyl|[spread] p1b\n|-activate|p1a: Aerodactyl|move: Protect\n|-damage|p1b: Milotic|73/100\n|\n|-weather|Sandstorm|[upkeep]\n|-damage|p2a: Talonflame|79/100|[from] Sandstorm\n|-damage|p1b: Milotic|67/100|[from] Sandstorm\n|upkeep\n|turn|2\n|inactive|EDJPP has 30 seconds left.\n|inactive|tomcheung22 has 30 seconds left.\n|inactive|EDJPP has 20 seconds left.\n|inactive|EDJPP has 15 seconds left.\n|\n|t:|1776136777\n|detailschange|p1a: Aerodactyl|Aerodactyl-Mega, L50, F\n|-mega|p1a: Aerodactyl|Aerodactyl|Aerodactylite\n|detailschange|p2b: Tyranitar|Tyranitar-Mega, L50, M, shiny\n|-mega|p2b: Tyranitar|Tyranitar|Tyranitarite\n|move|p1a: Aerodactyl|Rock Slide|p2b: Tyranitar|[spread] p2a,p2b\n|-supereffective|p2a: Talonflame|2\n|-enditem|p2a: Talonflame|Charti Berry|[eat]\n|-enditem|p2a: Talonflame|Charti Berry|[weaken]\n|-damage|p2a: Talonflame|0 fnt\n|-damage|p2b: Tyranitar|73/100\n|faint|p2a: Talonflame\n|move|p1b: Milotic|Hypnosis|p2b: Tyranitar\n|-status|p2b: Tyranitar|slp|[from] move: Hypnosis\n|cant|p2b: Tyranitar|slp\n|\n|-weather|Sandstorm|[upkeep]\n|-damage|p1b: Milotic|61/100|[from] Sandstorm\n|upkeep\n|inactive|EDJPP has 30 seconds left.\n|\n|t:|1776136805\n|switch|p2a: Matcha|Sinistcha, L50|100/100\n|-heal|p2b: Tyranitar|98/100 slp|[from] ability: Hospitality|[of] p2a: Matcha\n|turn|3\n|\n|t:|1776136818\n|move|p1a: Aerodactyl|Dual Wingbeat|p2a: Matcha\n|-supereffective|p2a: Matcha|1\n|-damage|p2a: Matcha|49/100\n|-supereffective|p2a: Matcha|1\n|-damage|p2a: Matcha|0 fnt\n|faint|p2a: Matcha\n|-hitcount|p2: Matcha|2\n|move|p1b: Milotic|Scald|p2b: Tyranitar\n|-supereffective|p2b: Tyranitar|1\n|-damage|p2b: Tyranitar|67/100 slp\n|cant|p2b: Tyranitar|slp\n|\n|-weather|Sandstorm|[upkeep]\n|-damage|p1b: Milotic|55/100|[from] Sandstorm\n|upkeep\n|inactive|EDJPP has 30 seconds left.\n|\n|t:|1776136844\n|switch|p2a: Garchomp|Garchomp, L50, F|100/100\n|turn|4\n|\n|t:|1776136863\n|-curestatus|p2b: Tyranitar|slp|[msg]\n|move|p2b: Tyranitar|Protect|p2b: Tyranitar\n|-singleturn|p2b: Tyranitar|Protect\n|move|p1a: Aerodactyl|Ice Fang|p2a: Garchomp|[miss]\n|-miss|p1a: Aerodactyl|p2a: Garchomp\n|move|p2a: Garchomp|Dragon Claw|p1a: Aerodactyl\n|-damage|p1a: Aerodactyl|48/100\n|move|p1b: Milotic|Recover|p1b: Milotic\n|-heal|p1b: Milotic|100/100\n|\n|-weather|Sandstorm|[upkeep]\n|-damage|p1b: Milotic|95/100|[from] Sandstorm\n|upkeep\n|turn|5\n|l| Ghostistheman\n|\n|t:|1776136885\n|move|p1a: Aerodactyl|Protect|p1a: Aerodactyl\n|-singleturn|p1a: Aerodactyl|Protect\n|move|p2a: Garchomp|Dragon Claw|p1b: Milotic\n|-crit|p1b: Milotic\n|-damage|p1b: Milotic|41/100\n|move|p1b: Milotic|Scald|p2b: Tyranitar\n|-supereffective|p2b: Tyranitar|1\n|-damage|p2b: Tyranitar|37/100\n|-status|p2b: Tyranitar|brn\n|move|p2b: Tyranitar|Rock Slide|p1a: Aerodactyl|[spread] p1b\n|-activate|p1a: Aerodactyl|move: Protect\n|-damage|p1b: Milotic|27/100\n|\n|-weather|none\n|-damage|p2b: Tyranitar|31/100 brn|[from] brn\n|upkeep\n|turn|6\n|\n|t:|1776136907\n|move|p2b: Tyranitar|Protect|p2b: Tyranitar\n|-singleturn|p2b: Tyranitar|Protect\n|move|p1a: Aerodactyl|Ice Fang|p2a: Garchomp\n|-supereffective|p2a: Garchomp|2\n|-damage|p2a: Garchomp|0 fnt\n|faint|p2a: Garchomp\n|move|p1b: Milotic|Recover|p1b: Milotic\n|-heal|p1b: Milotic|77/100\n|\n|-damage|p2b: Tyranitar|25/100 brn|[from] brn\n|upkeep\n|turn|7\n|\n|t:|1776136923\n|move|p1a: Aerodactyl|Dual Wingbeat|p2b: Tyranitar\n|-resisted|p2b: Tyranitar|1\n|-damage|p2b: Tyranitar|15/100 brn\n|-resisted|p2b: Tyranitar|1\n|-damage|p2b: Tyranitar|5/100 brn\n|-hitcount|p2b: Tyranitar|2\n|move|p1b: Milotic|Scald|p2b: Tyranitar\n|-supereffective|p2b: Tyranitar|1\n|-crit|p2b: Tyranitar\n|-damage|p2b: Tyranitar|0 fnt\n|faint|p2b: Tyranitar\n|\n|win|tomcheung22\n|n|\u2606tomcheung22|tomcheung22\n|n|\u2606EDJPP|edjpp\n|n| random1213|random1213\n|l|\u2606EDJPP\n|player|p2|\n|l| random1213\n",
  "uploadtime": 1776136998,
  "views": 10,
  "formatid": "gen9championsvgc2026regma",
  "rating": null,
  "private": 0,
  "password": null
}