{
  "id": "gen9championsvgc2026regma-2585640966",
  "format": "[Gen 9 Champions] VGC 2026 Reg M-A",
  "players": [
    "Vicky_1425",
    "DarkerJmanX31"
  ],
  "log": "|j|\u2606Vicky_1425\n|j|\u2606DarkerJmanX31\n|t:|1776360674\n|gametype|doubles\n|player|p1|Vicky_1425|skyla|1053\n|player|p2|DarkerJmanX31|170|1000\n|gen|9\n|tier|[Gen 9 Champions] VGC 2026 Reg M-A\n|rated|\n|rule|Species Clause: Limit one of each Pok\u00e9mon\n|rule|Item Clause: Limit 1 of each item\n|clearpoke\n|poke|p1|Kingambit, L50, F|\n|poke|p1|Ampharos, L50, M|\n|poke|p1|Politoed, L50, M|\n|poke|p1|Cofagrigus, L50, M|\n|poke|p1|Slowbro-Galar, L50, M|\n|poke|p1|Primarina, L50, M|\n|poke|p2|Milotic, L50, F|\n|poke|p2|Dragonite, L50, F|\n|poke|p2|Gengar, L50, F|\n|poke|p2|Arcanine-Hisui, L50, M|\n|poke|p2|Zoroark-Hisui, L50, F|\n|poke|p2|Venusaur, L50, M|\n|teampreview|4\n|\n|t:|1776360707\n|teamsize|p1|4\n|teamsize|p2|4\n|start\n|switch|p1a: Politoed|Politoed, L50, M|100/100\n|switch|p1b: Slowbro|Slowbro-Galar, L50, M|100/100\n|switch|p2a: Milotic|Milotic, L50, F|100/100\n|switch|p2b: Dragonite|Dragonite, L50, F|100/100\n|-weather|RainDance|[from] ability: Drizzle|[of] p1a: Politoed\n|turn|1\n|\n|t:|1776360737\n|detailschange|p2b: Dragonite|Dragonite-Mega, L50, F\n|-mega|p2b: Dragonite|Dragonite|Dragoninite\n|move|p2b: Dragonite|Draco Meteor|p1b: Slowbro\n|-damage|p1b: Slowbro|42/100\n|-unboost|p2b: Dragonite|spa|2\n|move|p2a: Milotic|Scald|p1b: Slowbro\n|-damage|p1b: Slowbro|0 fnt\n|faint|p1b: Slowbro\n|move|p1a: Politoed|Ice Beam|p2b: Dragonite\n|-supereffective|p2b: Dragonite|2\n|-damage|p2b: Dragonite|70/100\n|\n|-weather|RainDance|[upkeep]\n|upkeep\n|\n|t:|1776360753\n|switch|p1b: Primarina|Primarina, L50, M|100/100\n|turn|2\n|\n|t:|1776360777\n|switch|p2b: Venusaur|Venusaur, L50, M|100/100\n|move|p2a: Milotic|Scald|p1b: Primarina\n|-resisted|p1b: Primarina|1\n|-damage|p1b: Primarina|79/100\n|move|p1a: Politoed|Ice Beam|p2b: Venusaur\n|-supereffective|p2b: Venusaur|1\n|-damage|p2b: Venusaur|56/100\n|move|p1b: Primarina|Moonblast|p2b: Venusaur\n|-resisted|p2b: Venusaur|1\n|-damage|p2b: Venusaur|31/100\n|\n|-weather|RainDance|[upkeep]\n|upkeep\n|turn|3\n|\n|t:|1776360807\n|move|p2a: Milotic|Scald|p1a: Politoed\n|-resisted|p1a: Politoed|1\n|-damage|p1a: Politoed|82/100\n|move|p2b: Venusaur|Giga Drain|p1b: Primarina\n|-supereffective|p1b: Primarina|1\n|-damage|p1b: Primarina|2/100\n|-heal|p2b: Venusaur|74/100|[from] drain|[of] p1b: Primarina\n|move|p1a: Politoed|Ice Beam|p2b: Venusaur\n|-supereffective|p2b: Venusaur|1\n|-crit|p2b: Venusaur\n|-damage|p2b: Venusaur|8/100\n|move|p1b: Primarina|Moonblast|p2a: Milotic\n|-damage|p2a: Milotic|64/100\n|\n|-weather|RainDance|[upkeep]\n|-heal|p2a: Milotic|70/100|[from] item: Leftovers\n|upkeep\n|turn|4\n|\n|t:|1776360833\n|move|p2a: Milotic|Scald|p1b: Primarina\n|-resisted|p1b: Primarina|1\n|-damage|p1b: Primarina|0 fnt\n|faint|p1b: Primarina\n|move|p2b: Venusaur|Giga Drain|p1a: Politoed\n|-supereffective|p1a: Politoed|1\n|-damage|p1a: Politoed|9/100\n|-heal|p2b: Venusaur|43/100|[from] drain|[of] p1a: Politoed\n|move|p1a: Politoed|Ice Beam|p2b: Venusaur\n|-supereffective|p2b: Venusaur|1\n|-damage|p2b: Venusaur|0 fnt\n|faint|p2b: Venusaur\n|\n|-weather|RainDance|[upkeep]\n|-heal|p2a: Milotic|76/100|[from] item: Leftovers\n|upkeep\n|\n|t:|1776360849\n|switch|p2b: Dragonite|Dragonite-Mega, L50, F|100/100\n|switch|p1b: Kingambit|Kingambit, L50, F, shiny|100/100\n|-activate|p1b: Kingambit|ability: Supreme Overlord\n|-start|p1b: Kingambit|fallen2|[silent]\n|turn|5\n|\n|t:|1776360862\n|move|p2b: Dragonite|Flamethrower|p1b: Kingambit\n|-supereffective|p1b: Kingambit|1\n|-damage|p1b: Kingambit|74/100\n|move|p2a: Milotic|Scald|p1a: Politoed\n|-resisted|p1a: Politoed|1\n|-damage|p1a: Politoed|0 fnt\n|faint|p1a: Politoed\n|move|p1b: Kingambit|Swords Dance|p1b: Kingambit\n|-boost|p1b: Kingambit|atk|2\n|\n|-weather|none\n|-heal|p2a: Milotic|82/100|[from] item: Leftovers\n|upkeep\n|turn|6\n|\n|t:|1776360883\n|move|p1b: Kingambit|Sucker Punch|p2a: Milotic\n|-crit|p2a: Milotic\n|-damage|p2a: Milotic|0 fnt\n|faint|p2a: Milotic\n|move|p2b: Dragonite|Flamethrower|p1b: Kingambit\n|-supereffective|p1b: Kingambit|1\n|-damage|p1b: Kingambit|22/100\n|\n|upkeep\n|\n|t:|1776360891\n|switch|p2a: Dragonite|Dragonite-Mega, L50, F|70/100\n|turn|7\n|\n|t:|1776360900\n|move|p1b: Kingambit|Sucker Punch|p2a: Dragonite\n|-damage|p2a: Dragonite|0 fnt\n|faint|p2a: Dragonite\n|move|p2b: Dragonite|Flamethrower|p1b: Kingambit\n|-supereffective|p1b: Kingambit|1\n|-damage|p1b: Kingambit|0 fnt\n|faint|p1b: Kingambit\n|-end|p1b: Kingambit|fallen2|[silent]\n|\n|win|DarkerJmanX31\n|raw|Vicky_1425's rating: 1053 &rarr; <strong>1032</strong><br />(-21 for losing)\n|raw|DarkerJmanX31's rating: 1000 &rarr; <strong>1046</strong><br />(+46 for winning)\n|l|\u2606Vicky_1425\n|player|p1|\n",
  "uploadtime": 1776360913,
  "views": 37,
  "formatid": "gen9championsvgc2026regma",
  "rating": 1032,
  "private": 0,
  "password": null
}