{
  "id": "gen9championsvgc2026regma-2586298974",
  "format": "[Gen 9 Champions] VGC 2026 Reg M-A",
  "players": [
    "jijijiji69696969",
    "leonidas9549"
  ],
  "log": "|j|\u2606jijijiji69696969\n|j|\u2606leonidas9549\n|t:|1776422764\n|gametype|doubles\n|player|p1|jijijiji69696969|blaine|1040\n|player|p2|leonidas9549|2|1100\n|gen|9\n|tier|[Gen 9 Champions] VGC 2026 Reg M-A\n|rated|\n|rule|Species Clause: Limit one of each Pok\u00e9mon\n|rule|Item Clause: Limit 1 of each item\n|clearpoke\n|poke|p1|Politoed, L50, M|\n|poke|p1|Archaludon, L50, F|\n|poke|p1|Whimsicott, L50, F|\n|poke|p1|Scizor, L50, F|\n|poke|p1|Incineroar, L50, M|\n|poke|p1|Blastoise, L50, M|\n|poke|p2|Sinistcha-Masterpiece, L50|\n|poke|p2|Pelipper, L50, F|\n|poke|p2|Charizard, L50, F|\n|poke|p2|Incineroar, L50, F|\n|poke|p2|Sneasler, L50, F|\n|poke|p2|Archaludon, L50, M|\n|teampreview|4\n|\n|t:|1776422805\n|teamsize|p1|4\n|teamsize|p2|4\n|start\n|switch|p1a: Archaludon|Archaludon, L50, F|100/100\n|switch|p1b: Incineroar|Incineroar, L50, M|100/100\n|switch|p2a: Sinistcha|Sinistcha-Masterpiece, L50|100/100\n|switch|p2b: Archaludon|Archaludon, L50, M|100/100\n|-ability|p1b: Incineroar|Intimidate|boost\n|-unboost|p2a: Sinistcha|atk|1\n|-unboost|p2b: Archaludon|atk|1\n|turn|1\n|\n|t:|1776422838\n|switch|p2a: Sneasler|Sneasler, L50, F|100/100\n|move|p1a: Archaludon|Protect|p1a: Archaludon\n|-singleturn|p1a: Archaludon|Protect\n|move|p2b: Archaludon|Thunder Wave|p1a: Archaludon\n|-activate|p1a: Archaludon|move: Protect\n|move|p1b: Incineroar|Parting Shot|p2b: Archaludon\n|-unboost|p2b: Archaludon|atk|1\n|-unboost|p2b: Archaludon|spa|1\n|\n|t:|1776422855\n|switch|p1b: Scizor|Scizor, L50, F|100/100|[from] Parting Shot\n|\n|upkeep\n|turn|2\n|\n|t:|1776422871\n|switch|p1a: Incineroar|Incineroar, L50, M|100/100\n|-ability|p1a: Incineroar|Intimidate|boost\n|-unboost|p2a: Sneasler|atk|1\n|-unboost|p2b: Archaludon|atk|1\n|-enditem|p2a: Sneasler|White Herb\n|-clearnegativeboost|p2a: Sneasler|[silent]\n|detailschange|p1b: Scizor|Scizor-Mega, L50, F\n|-mega|p1b: Scizor|Scizor|Scizorite\n|move|p2a: Sneasler|Close Combat|p1a: Incineroar\n|-supereffective|p1a: Incineroar|1\n|-enditem|p1a: Incineroar|Chople Berry|[eat]\n|-enditem|p1a: Incineroar|Chople Berry|[weaken]\n|-damage|p1a: Incineroar|15/100\n|-unboost|p2a: Sneasler|def|1\n|-unboost|p2a: Sneasler|spd|1\n|move|p2b: Archaludon|Draco Meteor|p1a: Incineroar\n|-damage|p1a: Incineroar|0 fnt\n|-unboost|p2b: Archaludon|spa|2\n|faint|p1a: Incineroar\n|move|p1b: Scizor|Dual Wingbeat|p2a: Sneasler\n|-supereffective|p2a: Sneasler|1\n|-damage|p2a: Sneasler|0 fnt\n|faint|p2a: Sneasler\n|-hitcount|p2: Sneasler|1\n|\n|upkeep\n|\n|t:|1776422905\n|switch|p2a: Sinistcha|Sinistcha-Masterpiece, L50|100/100\n|switch|p1a: Archaludon|Archaludon, L50, F|100/100\n|turn|3\n|\n|t:|1776422921\n|move|p1a: Archaludon|Protect|p1a: Archaludon\n|-singleturn|p1a: Archaludon|Protect\n|move|p2b: Archaludon|Thunder Wave|p1b: Scizor\n|-status|p1b: Scizor|par\n|move|p2a: Sinistcha|Matcha Gotcha|p1b: Scizor|[spread] p1b\n|-activate|p1a: Archaludon|move: Protect\n|-resisted|p1b: Scizor|2\n|-damage|p1b: Scizor|95/100 par\n|move|p1b: Scizor|Knock Off|p2a: Sinistcha\n|-supereffective|p2a: Sinistcha|1\n|-damage|p2a: Sinistcha|26/100\n|-enditem|p2a: Sinistcha|Sitrus Berry|[from] move: Knock Off|[of] p1b: Scizor\n|\n|upkeep\n|turn|4\n|\n|t:|1776422951\n|switch|p2a: Charizard|Charizard, L50, F|100/100\n|move|p1b: Scizor|Bullet Punch|p2a: Charizard\n|-resisted|p2a: Charizard|1\n|-damage|p2a: Charizard|71/100\n|move|p2b: Archaludon|Electro Shot||[still]\n|-prepare|p2b: Archaludon|Electro Shot\n|-boost|p2b: Archaludon|spa|1\n|move|p1a: Archaludon|Dragon Pulse|p2b: Archaludon\n|-damage|p2b: Archaludon|47/100\n|-ability|p2b: Archaludon|Stamina|boost\n|-boost|p2b: Archaludon|def|1\n|\n|-heal|p2b: Archaludon|53/100|[from] item: Leftovers\n|upkeep\n|turn|5\n|\n|t:|1776422978\n|switch|p1b: Politoed|Politoed, L50, M|100/100\n|-weather|RainDance|[from] ability: Drizzle|[of] p1b: Politoed\n|detailschange|p2a: Charizard|Charizard-Mega-Y, L50, F\n|-mega|p2a: Charizard|Charizard|Charizardite Y\n|-weather|SunnyDay|[from] ability: Drought|[of] p2a: Charizard\n|move|p2a: Charizard|Heat Wave|p1b: Politoed|[spread] p1a,p1b\n|-resisted|p1b: Politoed|1\n|-damage|p1a: Archaludon|30/100\n|-damage|p1b: Politoed|68/100\n|-ability|p1a: Archaludon|Stamina|boost\n|-boost|p1a: Archaludon|def|1\n|move|p2b: Archaludon|Electro Shot|p1b: Politoed|[from] lockedmove\n|-supereffective|p1b: Politoed|1\n|-damage|p1b: Politoed|30/100\n|move|p1a: Archaludon|Electro Shot||[still]\n|-prepare|p1a: Archaludon|Electro Shot\n|-boost|p1a: Archaludon|spa|1\n|\n|-weather|SunnyDay|[upkeep]\n|-heal|p2b: Archaludon|59/100|[from] item: Leftovers\n|-heal|p1a: Archaludon|36/100|[from] item: Leftovers\n|upkeep\n|turn|6\n|\n|t:|1776423057\n|move|p2a: Charizard|Heat Wave|p1b: Politoed|[spread] p1b\n|-miss|p2a: Charizard|p1a: Archaludon\n|-resisted|p1b: Politoed|1\n|-crit|p1b: Politoed\n|-damage|p1b: Politoed|0 fnt\n|faint|p1b: Politoed\n|move|p2b: Archaludon|Stealth Rock|p1a: Archaludon\n|-sidestart|p1: jijijiji69696969|move: Stealth Rock\n|move|p1a: Archaludon|Electro Shot|p2a: Charizard|[from] lockedmove\n|-supereffective|p2a: Charizard|1\n|-damage|p2a: Charizard|0 fnt\n|faint|p2a: Charizard\n|\n|-weather|SunnyDay|[upkeep]\n|-heal|p2b: Archaludon|65/100|[from] item: Leftovers\n|-heal|p1a: Archaludon|42/100|[from] item: Leftovers\n|upkeep\n|\n|t:|1776423072\n|switch|p2a: Sinistcha|Sinistcha-Masterpiece, L50|26/100\n|switch|p1b: Scizor|Scizor-Mega, L50, F|95/100 par\n|-damage|p1b: Scizor|83/100 par|[from] Stealth Rock\n|-heal|p2b: Archaludon|90/100|[from] ability: Hospitality|[of] p2a: Sinistcha\n|turn|7\n|\n|t:|1776423086\n|move|p1b: Scizor|Bullet Punch|p2a: Sinistcha\n|-damage|p2a: Sinistcha|0 fnt\n|faint|p2a: Sinistcha\n|move|p2b: Archaludon|Draco Meteor|p1a: Archaludon\n|-damage|p1a: Archaludon|14/100\n|-unboost|p2b: Archaludon|spa|2\n|-ability|p1a: Archaludon|Stamina|boost\n|-boost|p1a: Archaludon|def|1\n|move|p1a: Archaludon|Dragon Pulse|p2b: Archaludon\n|-damage|p2b: Archaludon|9/100\n|-ability|p2b: Archaludon|Stamina|boost\n|-boost|p2b: Archaludon|def|1\n|\n|-weather|SunnyDay|[upkeep]\n|-heal|p2b: Archaludon|15/100|[from] item: Leftovers\n|-heal|p1a: Archaludon|20/100|[from] item: Leftovers\n|upkeep\n|turn|8\n|\n|t:|1776423107\n|move|p1a: Archaludon|Protect|p1a: Archaludon\n|-singleturn|p1a: Archaludon|Protect\n|move|p2b: Archaludon|Draco Meteor|p1a: Archaludon\n|-activate|p1a: Archaludon|move: Protect\n|move|p1b: Scizor|Knock Off|p2b: Archaludon\n|-damage|p2b: Archaludon|0 fnt\n|-enditem|p2b: Archaludon|Leftovers|[from] move: Knock Off|[of] p1b: Scizor\n|faint|p2b: Archaludon\n|\n|win|jijijiji69696969\n|raw|jijijiji69696969's rating: 1040 &rarr; <strong>1080</strong><br />(+40 for winning)\n|raw|leonidas9549's rating: 1100 &rarr; <strong>1071</strong><br />(-29 for losing)\n|l|\u2606leonidas9549\n|player|p2|\n",
  "uploadtime": 1776423124,
  "views": 24,
  "formatid": "gen9championsvgc2026regma",
  "rating": 1071,
  "private": 0,
  "password": null
}