{
  "id": "gen9championsvgc2026regma-2588171841",
  "format": "[Gen 9 Champions] VGC 2026 Reg M-A",
  "players": [
    "sfghfdsfgg",
    "AstoriaXeno"
  ],
  "log": "|j|\u2606sfghfdsfgg\n|j|\u2606AstoriaXeno\n|t:|1776611288\n|gametype|doubles\n|player|p1|sfghfdsfgg|unknown|1281\n|player|p2|AstoriaXeno|169|1189\n|gen|9\n|tier|[Gen 9 Champions] VGC 2026 Reg M-A\n|rated|\n|rule|Species Clause: Limit one of each Pok\u00e9mon\n|rule|Item Clause: Limit 1 of each item\n|clearpoke\n|poke|p1|Charizard, L50, M|\n|poke|p1|Sableye, L50, M|\n|poke|p1|Incineroar, L50, M|\n|poke|p1|Gardevoir, L50, M|\n|poke|p1|Farigiraf, L50, F|\n|poke|p1|Torkoal, L50, M|\n|poke|p2|Drampa, L50, M|\n|poke|p2|Farigiraf, L50, F|\n|poke|p2|Kingambit, L50, F|\n|poke|p2|Sinistcha-Masterpiece, L50|\n|poke|p2|Volcarona, L50, F|\n|poke|p2|Gyarados, L50, F|\n|teampreview|4\n|inactive|Battle timer is ON: inactive players will automatically lose when time's up. (requested by sfghfdsfgg)\n|\n|t:|1776611312\n|teamsize|p1|4\n|teamsize|p2|4\n|start\n|switch|p1a: Farigiraf|Farigiraf, L50, F|100/100\n|switch|p1b: Incineroar|Incineroar, L50, M|100/100\n|switch|p2a: Volcarona|Volcarona, L50, F|100/100\n|switch|p2b: Farigiraf|Farigiraf, L50, F|100/100\n|-ability|p1b: Incineroar|Intimidate|boost\n|-unboost|p2a: Volcarona|atk|1\n|-unboost|p2b: Farigiraf|atk|1\n|turn|1\n|\n|t:|1776611324\n|move|p2a: Volcarona|Bug Buzz|p1a: Farigiraf\n|-supereffective|p1a: Farigiraf|1\n|-damage|p1a: Farigiraf|1/100\n|move|p1b: Incineroar|Parting Shot|p2a: Volcarona\n|-unboost|p2a: Volcarona|atk|1\n|-unboost|p2a: Volcarona|spa|1\n|\n|t:|1776611329\n|switch|p1b: Gardevoir|Gardevoir, L50, M|100/100|[from] Parting Shot\n|move|p2b: Farigiraf|Hyper Voice|p1b: Gardevoir|[spread] p1a,p1b\n|-damage|p1a: Farigiraf|0 fnt\n|-damage|p1b: Gardevoir|71/100\n|faint|p1a: Farigiraf\n|\n|upkeep\n|\n|t:|1776611332\n|switch|p1a: Torkoal|Torkoal, L50, M|100/100\n|-weather|SunnyDay|[from] ability: Drought|[of] p1a: Torkoal\n|turn|2\n|\n|t:|1776611343\n|detailschange|p1b: Gardevoir|Gardevoir-Mega, L50, M\n|-mega|p1b: Gardevoir|Gardevoir|Gardevoirite\n|move|p1b: Gardevoir|Calm Mind|p1b: Gardevoir\n|-boost|p1b: Gardevoir|spa|1\n|-boost|p1b: Gardevoir|spd|1\n|move|p2a: Volcarona|Fiery Dance|p1b: Gardevoir\n|-damage|p1b: Gardevoir|47/100\n|move|p2b: Farigiraf|Twin Beam|p1a: Torkoal\n|-damage|p1a: Torkoal|76/100\n|-damage|p1a: Torkoal|52/100\n|-hitcount|p1a: Torkoal|2\n|move|p1a: Torkoal|Eruption|p2a: Volcarona|[spread] p2a,p2b\n|-damage|p2a: Volcarona|61/100\n|-damage|p2b: Farigiraf|53/100\n|\n|-weather|SunnyDay|[upkeep]\n|upkeep\n|turn|3\n|\n|t:|1776611362\n|move|p2a: Volcarona|Struggle Bug|p1a: Torkoal|[spread] p1a,p1b\n|-resisted|p1a: Torkoal|1\n|-damage|p1a: Torkoal|42/100\n|-damage|p1b: Gardevoir|38/100\n|-unboost|p1a: Torkoal|spa|1\n|-unboost|p1b: Gardevoir|spa|1\n|move|p1b: Gardevoir|Hyper Voice|p2a: Volcarona|[spread] p2a,p2b\n|-resisted|p2a: Volcarona|1\n|-damage|p2a: Volcarona|37/100\n|-damage|p2b: Farigiraf|0 fnt\n|faint|p2b: Farigiraf\n|move|p1a: Torkoal|Eruption|p2a: Volcarona\n|-damage|p2a: Volcarona|11/100\n|\n|-weather|SunnyDay|[upkeep]\n|upkeep\n|\n|t:|1776611372\n|switch|p2b: Gyarados|Gyarados, L50, F|100/100\n|-ability|p2b: Gyarados|Intimidate|boost\n|-unboost|p1a: Torkoal|atk|1\n|-unboost|p1b: Gardevoir|atk|1\n|turn|4\n|\n|t:|1776611379\n|switch|p1a: Incineroar|Incineroar, L50, M|100/100\n|-ability|p1a: Incineroar|Intimidate|boost\n|-unboost|p2a: Volcarona|atk|1\n|-unboost|p2b: Gyarados|atk|1\n|move|p1b: Gardevoir|Protect|p1b: Gardevoir\n|-singleturn|p1b: Gardevoir|Protect\n|move|p2a: Volcarona|Bug Buzz|p1b: Gardevoir\n|-activate|p1b: Gardevoir|move: Protect\n|move|p2b: Gyarados|Rain Dance|p2b: Gyarados\n|-weather|RainDance\n|\n|-weather|RainDance|[upkeep]\n|upkeep\n|turn|5\n|\n|t:|1776611390\n|move|p2b: Gyarados|Protect|p2b: Gyarados\n|-singleturn|p2b: Gyarados|Protect\n|move|p1a: Incineroar|Fake Out|p2b: Gyarados\n|-activate|p2b: Gyarados|move: Protect\n|move|p1b: Gardevoir|Hyper Voice|p2a: Volcarona|[spread] p2a\n|-activate|p2b: Gyarados|move: Protect\n|-resisted|p2a: Volcarona|1\n|-damage|p2a: Volcarona|0 fnt\n|faint|p2a: Volcarona\n|\n|-weather|RainDance|[upkeep]\n|upkeep\n|\n|t:|1776611393\n|switch|p2a: Drampa|Drampa, L50, M|100/100\n|-ability|p2a: Drampa|Cloud Nine\n|turn|6\n|\n|t:|1776611405\n|detailschange|p2a: Drampa|Drampa-Mega, L50, M\n|-mega|p2a: Drampa|Drampa|Drampanite\n|move|p1b: Gardevoir|Hyper Voice|p2a: Drampa|[spread] p2a,p2b\n|-supereffective|p2a: Drampa|1\n|-damage|p2a: Drampa|22/100\n|-damage|p2b: Gyarados|51/100\n|-ability|p2a: Drampa|Berserk|boost\n|-boost|p2a: Drampa|spa|1\n|move|p2b: Gyarados|Waterfall|p1b: Gardevoir\n|-damage|p1b: Gardevoir|0 fnt\n|faint|p1b: Gardevoir\n|move|p1a: Incineroar|Parting Shot|p2b: Gyarados\n|-unboost|p2b: Gyarados|atk|1\n|-unboost|p2b: Gyarados|spa|1\n|\n|t:|1776611410\n|switch|p1a: Torkoal|Torkoal, L50, M|42/100|[from] Parting Shot\n|-weather|SunnyDay|[from] ability: Drought|[of] p1a: Torkoal\n|move|p2a: Drampa|Calm Mind|p2a: Drampa\n|-boost|p2a: Drampa|spa|1\n|-boost|p2a: Drampa|spd|1\n|\n|-weather|SunnyDay|[upkeep]\n|upkeep\n|\n|t:|1776611412\n|switch|p1b: Incineroar|Incineroar, L50, M|100/100\n|-ability|p1b: Incineroar|Intimidate|boost\n|-unboost|p2a: Drampa|atk|1\n|-unboost|p2b: Gyarados|atk|1\n|turn|7\n|\n|t:|1776611434\n|move|p1a: Torkoal|Protect|p1a: Torkoal\n|-singleturn|p1a: Torkoal|Protect\n|move|p2b: Gyarados|Rain Dance|p2b: Gyarados\n|-weather|RainDance\n|move|p1b: Incineroar|Flare Blitz|p2a: Drampa\n|-resisted|p2a: Drampa|1\n|-damage|p2a: Drampa|11/100\n|-damage|p1b: Incineroar|97/100|[from] Recoil\n|move|p2a: Drampa|Earth Power|p1b: Incineroar\n|-supereffective|p1b: Incineroar|1\n|-damage|p1b: Incineroar|0 fnt\n|faint|p1b: Incineroar\n|\n|-weather|RainDance|[upkeep]\n|upkeep\n|turn|8\n|-message|sfghfdsfgg forfeited.\n|\n|win|AstoriaXeno\n|raw|sfghfdsfgg's rating: 1281 &rarr; <strong>1250</strong><br />(-31 for losing)\n|raw|AstoriaXeno's rating: 1189 &rarr; <strong>1220</strong><br />(+31 for winning)\n|l|\u2606sfghfdsfgg\n|player|p1|\n|j|\u2606sfghfdsfgg\n|player|p1|sfghfdsfgg|unknown|\n",
  "uploadtime": 1776611455,
  "views": 41,
  "formatid": "gen9championsvgc2026regma",
  "rating": 1220,
  "private": 0,
  "password": null
}