{
  "id": "gen9championsvgc2026regma-2586999288",
  "format": "[Gen 9 Champions] VGC 2026 Reg M-A",
  "players": [
    "88ccl3",
    "testingtesting101"
  ],
  "log": "|j|\u260688ccl3\n|j|\u2606testingtesting101\n|t:|1776479775\n|gametype|doubles\n|player|p1|88ccl3|2|1185\n|player|p2|testingtesting101|buck|1211\n|gen|9\n|tier|[Gen 9 Champions] VGC 2026 Reg M-A\n|rated|\n|rule|Species Clause: Limit one of each Pok\u00e9mon\n|rule|Item Clause: Limit 1 of each item\n|clearpoke\n|poke|p1|Archaludon, L50, F|\n|poke|p1|Basculegion, L50, M|\n|poke|p1|Pelipper, L50, F|\n|poke|p1|Starmie, L50|\n|poke|p1|Klefki, L50, F|\n|poke|p1|Sinistcha-Masterpiece, L50|\n|poke|p2|Delphox, L50, F|\n|poke|p2|Hydrapple, L50, M|\n|poke|p2|Garchomp, L50, M|\n|poke|p2|Torkoal, L50, M|\n|poke|p2|Mimikyu, L50, F|\n|poke|p2|Pidgeot, L50, F|\n|teampreview|4\n|inactive|Battle timer is ON: inactive players will automatically lose when time's up. (requested by 88ccl3)\ntestingtesting101 rejected open team sheets.\n|inactive|testingtesting101 has 60 seconds left.\n|\n|t:|1776479822\n|teamsize|p1|4\n|teamsize|p2|4\n|start\n|switch|p1a: Archaludon|Archaludon, L50, F, shiny|100/100\n|switch|p1b: Klefki|Klefki, L50, F|100/100\n|switch|p2a: Pidgeot|Pidgeot, L50, F|100/100\n|switch|p2b: Garchomp|Garchomp, L50, M|100/100\n|turn|1\n|\n|t:|1776479837\n|detailschange|p2a: Pidgeot|Pidgeot-Mega, L50, F\n|-mega|p2a: Pidgeot|Pidgeot|Pidgeotite\n|move|p1b: Klefki|Reflect|p1b: Klefki\n|-sidestart|p1: 88ccl3|Reflect\n|move|p2b: Garchomp|Earthquake|p1a: Archaludon|[spread] p1a,p1b\n|-immune|p2a: Pidgeot\n|-supereffective|p1a: Archaludon|1\n|-supereffective|p1b: Klefki|1\n|-damage|p1a: Archaludon|60/100\n|-damage|p1b: Klefki|51/100\n|-ability|p1a: Archaludon|Stamina|boost\n|-boost|p1a: Archaludon|def|1\n|move|p2a: Pidgeot|Heat Wave|p1a: Archaludon|[spread] p1a,p1b\n|-supereffective|p1b: Klefki|1\n|-damage|p1a: Archaludon|31/100\n|-damage|p1b: Klefki|4/100\n|-ability|p1a: Archaludon|Stamina|boost\n|-boost|p1a: Archaludon|def|1\n|move|p1a: Archaludon|Dragon Pulse|p2b: Garchomp\n|-supereffective|p2b: Garchomp|1\n|-damage|p2b: Garchomp|9/100\n|\n|-heal|p1a: Archaludon|37/100|[from] item: Leftovers\n|upkeep\n|turn|2\n|inactive|88ccl3 has 30 seconds left.\n|inactive|testingtesting101 has 30 seconds left.\n|inactive|88ccl3 has 20 seconds left.\n|inactive|88ccl3 has 15 seconds left.\n|\n|t:|1776479878\n|switch|p1b: Sinistcha|Sinistcha-Masterpiece, L50|100/100\n|-heal|p1a: Archaludon|62/100|[from] ability: Hospitality|[of] p1b: Sinistcha\n|move|p1a: Archaludon|Protect|p1a: Archaludon\n|-singleturn|p1a: Archaludon|Protect\n|move|p2b: Garchomp|Earthquake|p1a: Archaludon|[spread] p1b\n|-activate|p1a: Archaludon|move: Protect\n|-immune|p2a: Pidgeot\n|-resisted|p1b: Sinistcha|1\n|-damage|p1b: Sinistcha|88/100\n|move|p2a: Pidgeot|Heat Wave|p1b: Sinistcha|[spread] p1b\n|-activate|p1a: Archaludon|move: Protect\n|-supereffective|p1b: Sinistcha|1\n|-enditem|p1b: Sinistcha|Occa Berry|[eat]\n|-enditem|p1b: Sinistcha|Occa Berry|[weaken]\n|-damage|p1b: Sinistcha|58/100\n|\n|-heal|p1a: Archaludon|69/100|[from] item: Leftovers\n|upkeep\n|turn|3\n|inactive|88ccl3 has 30 seconds left.\n|\n|t:|1776479903\n|switch|p1b: Basculegion|Basculegion, L50, M|100/100\n|move|p2b: Garchomp|Earthquake|p1a: Archaludon|[spread] p1a,p1b\n|-immune|p2a: Pidgeot\n|-supereffective|p1a: Archaludon|1\n|-damage|p1a: Archaludon|48/100\n|-damage|p1b: Basculegion|70/100\n|-ability|p1a: Archaludon|Stamina|boost\n|-boost|p1a: Archaludon|def|1\n|move|p2a: Pidgeot|Hurricane|p1b: Basculegion\n|-damage|p1b: Basculegion|1/100\n|move|p1a: Archaludon|Dragon Pulse|p2b: Garchomp\n|-supereffective|p2b: Garchomp|1\n|-damage|p2b: Garchomp|0 fnt\n|faint|p2b: Garchomp\n|\n|-heal|p1a: Archaludon|54/100|[from] item: Leftovers\n|upkeep\n|\n|t:|1776479914\n|switch|p2b: Hehehehe...|Mimikyu, L50, F|100/100\n|turn|4\n|inactive|88ccl3 has 30 seconds left.\n|inactive|testingtesting101 has 30 seconds left.\n|\n|t:|1776479945\n|switch|p2b: Torkoal|Torkoal, L50, M|100/100\n|-weather|SunnyDay|[from] ability: Drought|[of] p2b: Torkoal\n|move|p1b: Basculegion|Wave Crash|p2a: Pidgeot\n|-damage|p2a: Pidgeot|57/100\n|-damage|p1b: Basculegion|0 fnt|[from] Recoil\n|faint|p1b: Basculegion\n|move|p2a: Pidgeot|Heat Wave|p1a: Archaludon\n|-damage|p1a: Archaludon|2/100\n|-status|p1a: Archaludon|brn\n|-ability|p1a: Archaludon|Stamina|boost\n|-boost|p1a: Archaludon|def|1\n|move|p1a: Archaludon|Flash Cannon|p2b: Torkoal\n|-resisted|p2b: Torkoal|1\n|-damage|p2b: Torkoal|72/100\n|\n|-weather|SunnyDay|[upkeep]\n|-heal|p1a: Archaludon|8/100 brn|[from] item: Leftovers\n|-damage|p1a: Archaludon|2/100 brn|[from] brn\n|upkeep\n|c|\u2606testingtesting101|Yeah gg\n|c|\u2606testingtesting101|Heatwave spam\n|\n|t:|1776479966\n|switch|p1b: Klefki|Klefki, L50, F|4/100\n|turn|5\n|\n|t:|1776479977\n|move|p1a: Archaludon|Protect|p1a: Archaludon\n|-singleturn|p1a: Archaludon|Protect\n|move|p1b: Klefki|Rain Dance|p1b: Klefki\n|-weather|RainDance\n|move|p2a: Pidgeot|Heat Wave|p1b: Klefki|[spread] p1b\n|-activate|p1a: Archaludon|move: Protect\n|-supereffective|p1b: Klefki|1\n|-damage|p1b: Klefki|0 fnt\n|faint|p1b: Klefki\n|move|p2b: Torkoal|Eruption|p1a: Archaludon\n|-activate|p1a: Archaludon|move: Protect\n|\n|-weather|RainDance|[upkeep]\n|-heal|p1a: Archaludon|8/100 brn|[from] item: Leftovers\n|-damage|p1a: Archaludon|2/100 brn|[from] brn\n|-sideend|p1: 88ccl3|Reflect\n|upkeep\n|\n|t:|1776479994\n|switch|p1b: Sinistcha|Sinistcha-Masterpiece, L50|58/100\n|-heal|p1a: Archaludon|27/100 brn|[from] ability: Hospitality|[of] p1b: Sinistcha\n|turn|6\n|\n|t:|1776480004\n|switch|p2b: Hehehehe...|Mimikyu, L50, F|100/100\n|move|p2a: Pidgeot|Hurricane|p1b: Sinistcha\n|-supereffective|p1b: Sinistcha|1\n|-damage|p1b: Sinistcha|0 fnt\n|faint|p1b: Sinistcha\n|move|p1a: Archaludon|Electro Shot||[still]\n|-prepare|p1a: Archaludon|Electro Shot\n|-boost|p1a: Archaludon|spa|1\n|-anim|p1a: Archaludon|Electro Shot|p1: Sinistcha|[notarget]\n|-fail|p1a: Archaludon\n|\n|-weather|RainDance|[upkeep]\n|-heal|p1a: Archaludon|33/100 brn|[from] item: Leftovers\n|-damage|p1a: Archaludon|27/100 brn|[from] brn\n|upkeep\n|turn|7\n|c|\u2606testingtesting101|?\n|-message|88ccl3 forfeited.\n|\n|win|testingtesting101\n|raw|88ccl3's rating: 1185 &rarr; <strong>1162</strong><br />(-23 for losing)\n|raw|testingtesting101's rating: 1211 &rarr; <strong>1234</strong><br />(+23 for winning)\n|l|\u260688ccl3\n|player|p1|\n",
  "uploadtime": 1776480027,
  "views": 15,
  "formatid": "gen9championsvgc2026regma",
  "rating": 1162,
  "private": 0,
  "password": null
}