{
  "id": "gen9championsvgc2026regma-2585083544",
  "format": "[Gen 9 Champions] VGC 2026 Reg M-A",
  "players": [
    "LaserDedenee",
    "SANJAClNTO"
  ],
  "log": "|j|\u2606LaserDedenee\n|j|\u2606SANJAClNTO\n|t:|1776310009\n|gametype|doubles\n|player|p1|LaserDedenee|266|1196\n|player|p2|SANJAClNTO|266|1169\n|gen|9\n|tier|[Gen 9 Champions] VGC 2026 Reg M-A\n|rated|\n|rule|Species Clause: Limit one of each Pok\u00e9mon\n|rule|Item Clause: Limit 1 of each item\n|clearpoke\n|poke|p1|Glimmora, L50, M|\n|poke|p1|Gyarados, L50, F|\n|poke|p1|Lopunny, L50, M|\n|poke|p1|Aegislash, L50, F|\n|poke|p1|Garchomp, L50, M|\n|poke|p1|Kingambit, L50, M|\n|poke|p2|Sneasler, L50, M|\n|poke|p2|Gengar, L50, F|\n|poke|p2|Kingambit, L50, M|\n|poke|p2|Typhlosion-Hisui, L50, M|\n|poke|p2|Whimsicott, L50, M|\n|poke|p2|Incineroar, L50, M|\n|teampreview|4\n|\n|t:|1776310073\n|teamsize|p1|4\n|teamsize|p2|4\n|start\n|switch|p1a: Glimmora|Glimmora, L50, M|100/100\n|switch|p1b: Kingambit|Kingambit, L50, M|100/100\n|switch|p2a: Whimsicott|Whimsicott, L50, M|100/100\n|switch|p2b: Sneasler|Sneasler, L50, M|100/100\n|turn|1\n|inactive|Battle timer is ON: inactive players will automatically lose when time's up. (requested by LaserDedenee)\n|\n|t:|1776310099\n|switch|p1b: Aegislash|Aegislash, L50, F|100/100\n|move|p2a: Whimsicott|Tailwind|p2a: Whimsicott\n|-sidestart|p2: SANJAClNTO|move: Tailwind\n|move|p2b: Sneasler|Close Combat|p1b: Aegislash\n|-immune|p1b: Aegislash\n|move|p1a: Glimmora|Mortal Spin|p2a: Whimsicott|[spread] p2a,p2b\n|-supereffective|p2a: Whimsicott|2\n|-resisted|p2b: Sneasler|1\n|-damage|p2a: Whimsicott|74/100\n|-damage|p2b: Sneasler|97/100\n|-status|p2a: Whimsicott|psn\n|\n|-damage|p2a: Whimsicott|62/100 psn|[from] psn\n|upkeep\n|turn|2\n|inactive|LaserDedenee has 30 seconds left.\n|inactive|SANJAClNTO has 30 seconds left.\n|inactive|SANJAClNTO has 20 seconds left.\n|\n|t:|1776310136\n|switch|p2a: Kingambit|Kingambit, L50, M|100/100\n|move|p2b: Sneasler|Close Combat|p1a: Glimmora\n|-damage|p1a: Glimmora|16/100\n|-unboost|p2b: Sneasler|def|1\n|-unboost|p2b: Sneasler|spd|1\n|-activate|p1a: Glimmora|ability: Toxic Debris\n|-sidestart|p2: SANJAClNTO|move: Toxic Spikes\n|-enditem|p2b: Sneasler|White Herb\n|-clearnegativeboost|p2b: Sneasler|[silent]\n|move|p1a: Glimmora|Earth Power|p2b: Sneasler\n|-supereffective|p2b: Sneasler|1\n|-damage|p2b: Sneasler|10/100\n|-formechange|p1b: Aegislash|Aegislash-Blade|\n|move|p1b: Aegislash|Shadow Ball|p2a: Kingambit\n|-resisted|p2a: Kingambit|1\n|-damage|p2a: Kingambit|76/100\n|\n|upkeep\n|turn|3\n|\n|t:|1776310154\n|move|p1a: Glimmora|Spiky Shield|p1a: Glimmora\n|-singleturn|p1a: Glimmora|move: Protect\n|-formechange|p1b: Aegislash|Aegislash|\n|move|p1b: Aegislash|King's Shield|p1b: Aegislash\n|-singleturn|p1b: Aegislash|Protect\n|move|p2a: Kingambit|Sucker Punch||[still]\n|-fail|p2a: Kingambit\n|move|p2b: Sneasler|Dire Claw|p1a: Glimmora\n|-activate|p1a: Glimmora|move: Protect\n|-damage|p2b: Sneasler|0 fnt|[from] Spiky Shield|[of] p1a: Glimmora\n|faint|p2b: Sneasler\n|\n|upkeep\n|\n|t:|1776310160\n|switch|p2b: Gengar|Gengar, L50, F|100/100\n|-sideend|p2: SANJAClNTO|move: Toxic Spikes|[of] p2b: Gengar\n|turn|4\n|\n|t:|1776310176\n|switch|p1a: Kingambit|Kingambit, L50, M|100/100\n|detailschange|p2b: Gengar|Gengar-Mega, L50, F\n|-mega|p2b: Gengar|Gengar|Gengarite\n|move|p2a: Kingambit|Sucker Punch|p1b: Aegislash\n|-supereffective|p1b: Aegislash|1\n|-damage|p1b: Aegislash|25/100\n|-formechange|p1b: Aegislash|Aegislash-Blade|\n|move|p1b: Aegislash|Shadow Sneak|p2b: Gengar\n|-supereffective|p2b: Gengar|1\n|-damage|p2b: Gengar|42/100\n|move|p2b: Gengar|Shadow Ball|p1b: Aegislash\n|-supereffective|p1b: Aegislash|1\n|-damage|p1b: Aegislash|0 fnt\n|faint|p1b: Aegislash\n|\n|-sideend|p2: SANJAClNTO|move: Tailwind\n|upkeep\n|\n|t:|1776310190\n|switch|p1b: Lopunny|Lopunny, L50, M|100/100\n|turn|5\n|inactive|SANJAClNTO has 30 seconds left.\n|\n|t:|1776310217\n|detailschange|p1b: Lopunny|Lopunny-Mega, L50, M\n|-mega|p1b: Lopunny|Lopunny|Lopunnite\n|move|p2b: Gengar|Protect|p2b: Gengar\n|-singleturn|p2b: Gengar|Protect\n|move|p1b: Lopunny|Fake Out|p2b: Gengar\n|-activate|p2b: Gengar|move: Protect\n|move|p2a: Kingambit|Sucker Punch|p1a: Kingambit\n|-resisted|p1a: Kingambit|1\n|-damage|p1a: Kingambit|83/100\n|move|p1a: Kingambit|Low Kick|p2a: Kingambit\n|-supereffective|p2a: Kingambit|2\n|-damage|p2a: Kingambit|0 fnt\n|faint|p2a: Kingambit\n|\n|upkeep\n|\n|t:|1776310228\n|switch|p2a: Whimsicott|Whimsicott, L50, M|62/100 psn\n|turn|6\n|inactive|SANJAClNTO has 30 seconds left.\n|\n|t:|1776310254\n|move|p2a: Whimsicott|Tailwind|p2a: Whimsicott\n|-sidestart|p2: SANJAClNTO|move: Tailwind\n|move|p1a: Kingambit|Sucker Punch|p2b: Gengar\n|-supereffective|p2b: Gengar|1\n|-damage|p2b: Gengar|0 fnt\n|faint|p2b: Gengar\n|move|p1b: Lopunny|Triple Axel|p2a: Whimsicott\n|-supereffective|p2a: Whimsicott|1\n|-damage|p2a: Whimsicott|37/100 psn\n|-supereffective|p2a: Whimsicott|1\n|-damage|p2a: Whimsicott|0 fnt\n|faint|p2a: Whimsicott\n|-hitcount|p2: Whimsicott|2\n|\n|win|LaserDedenee\n|raw|LaserDedenee's rating: 1196 &rarr; <strong>1219</strong><br />(+23 for winning)\n|raw|SANJAClNTO's rating: 1169 &rarr; <strong>1146</strong><br />(-23 for losing)\n|l|\u2606SANJAClNTO\n|player|p2|\n|l|\u2606LaserDedenee\n|player|p1|\n|j|\u2606LaserDedenee\n|player|p1|LaserDedenee|266|\n",
  "uploadtime": 1776310280,
  "views": 38,
  "formatid": "gen9championsvgc2026regma",
  "rating": 1146,
  "private": 0,
  "password": null
}