{
  "id": "gen9championsvgc2026regma-2585813873",
  "format": "[Gen 9 Champions] VGC 2026 Reg M-A",
  "players": [
    "mrguy888",
    "VivaPardini"
  ],
  "log": "|j|\u2606mrguy888\n|j|\u2606VivaPardini\n|t:|1776372557\n|gametype|doubles\n|player|p1|mrguy888|noland-gen3|1213\n|player|p2|VivaPardini|169|1244\n|gen|9\n|tier|[Gen 9 Champions] VGC 2026 Reg M-A\n|rated|\n|rule|Species Clause: Limit one of each Pok\u00e9mon\n|rule|Item Clause: Limit 1 of each item\n|clearpoke\n|poke|p1|Floette-Eternal, L50, F|\n|poke|p1|Aerodactyl, L50, M|\n|poke|p1|Tauros-Paldea-Aqua, L50, M|\n|poke|p1|Kangaskhan, L50, F|\n|poke|p1|Rotom-Heat, L50|\n|poke|p1|Aegislash, L50, F|\n|poke|p2|Maushold-Four, L50|\n|poke|p2|Incineroar, L50, F|\n|poke|p2|Rotom-Wash, L50|\n|poke|p2|Garchomp, L50, F|\n|poke|p2|Gardevoir, L50, F|\n|poke|p2|Gengar, L50, M|\n|teampreview|4\n|inactive|Battle timer is ON: inactive players will automatically lose when time's up. (requested by mrguy888)\n|inactive|mrguy888 has 60 seconds left.\n|inactive|mrguy888 has 30 seconds left.\n|inactive|mrguy888 has 20 seconds left.\n|\n|t:|1776372633\n|teamsize|p1|4\n|teamsize|p2|4\n|start\n|switch|p1a: Rotom|Rotom-Heat, L50|100/100\n|switch|p1b: Aegislash|Aegislash, L50, F|100/100\n|switch|p2a: Garchomp|Garchomp, L50, F|100/100\n|switch|p2b: Rotom|Rotom-Wash, L50|100/100\n|turn|1\n|\n|t:|1776372657\n|move|p1b: Aegislash|King's Shield|p1b: Aegislash\n|-singleturn|p1b: Aegislash|Protect\n|move|p1a: Rotom|Volt Switch|p2b: Rotom\n|-damage|p2b: Rotom|74/100\n|\n|t:|1776372669\n|switch|p1a: Aerodactyl|Aerodactyl, L50, M|100/100|[from] Volt Switch\n|-ability|p1a: Aerodactyl|Unnerve\n|move|p2a: Garchomp|Swords Dance|p2a: Garchomp\n|-boost|p2a: Garchomp|atk|2\n|move|p2b: Rotom|Will-O-Wisp|p1b: Aegislash|[miss]\n|-miss|p2b: Rotom|p1b: Aegislash\n|\n|upkeep\n|turn|2\n|inactive|VivaPardini has 30 seconds left.\n|inactive|VivaPardini has 20 seconds left.\n|\n|t:|1776372704\n|switch|p1b: Rotom|Rotom-Heat, L50|100/100\n|move|p1a: Aerodactyl|Tailwind|p1a: Aerodactyl\n|-sidestart|p1: mrguy888|move: Tailwind\n|move|p2a: Garchomp|Scale Shot|p1b: Rotom\n|-damage|p1b: Rotom|70/100\n|-damage|p1b: Rotom|40/100\n|-hitcount|p1b: Rotom|2\n|-unboost|p2a: Garchomp|def|1\n|-boost|p2a: Garchomp|spe|1\n|-enditem|p2a: Garchomp|White Herb\n|-clearnegativeboost|p2a: Garchomp|[silent]\n|move|p2b: Rotom|Discharge|p1a: Aerodactyl|[spread] p1a,p1b\n|-immune|p2a: Garchomp\n|-supereffective|p1a: Aerodactyl|1\n|-resisted|p1b: Rotom|1\n|-damage|p1a: Aerodactyl|31/100\n|-damage|p1b: Rotom|26/100\n|\n|upkeep\n|turn|3\n|inactive|VivaPardini has 30 seconds left.\n|\n|t:|1776372731\n|switch|p2b: Incineroar|Incineroar, L50, F|100/100\n|-ability|p2b: Incineroar|Intimidate|boost\n|-unboost|p1a: Aerodactyl|atk|1\n|-unboost|p1b: Rotom|atk|1\n|move|p1b: Rotom|Will-O-Wisp|p2a: Garchomp\n|-status|p2a: Garchomp|brn\n|move|p1a: Aerodactyl|Rock Slide|p2a: Garchomp|[spread] p2a,p2b\n|-resisted|p2a: Garchomp|1\n|-supereffective|p2b: Incineroar|1\n|-damage|p2a: Garchomp|92/100 brn\n|-damage|p2b: Incineroar|76/100\n|move|p2a: Garchomp|Rock Slide|p1b: Rotom|[spread] p1a\n|-miss|p2a: Garchomp|p1b: Rotom\n|-supereffective|p1a: Aerodactyl|1\n|-damage|p1a: Aerodactyl|0 fnt\n|faint|p1a: Aerodactyl\n|\n|-damage|p2a: Garchomp|86/100 brn|[from] brn\n|upkeep\n|\n|t:|1776372747\n|switch|p1a: Floette|Floette-Eternal, L50, F|100/100\n|turn|4\n|\n|t:|1776372757\n|detailschange|p1a: Floette|Floette-Mega, L50, F\n|-mega|p1a: Floette|Floette|Floettite\n|-ability|p1a: Floette|Fairy Aura\n|move|p1a: Floette|Protect|p1a: Floette\n|-singleturn|p1a: Floette|Protect\n|move|p2b: Incineroar|Fake Out|p1a: Floette\n|-activate|p1a: Floette|move: Protect\n|move|p1b: Rotom|Will-O-Wisp|p2a: Garchomp\n|-fail|p2a: Garchomp|brn\n|move|p2a: Garchomp|Rock Slide|p1a: Floette|[spread] p1b\n|-activate|p1a: Floette|move: Protect\n|-supereffective|p1b: Rotom|1\n|-damage|p1b: Rotom|0 fnt\n|faint|p1b: Rotom\n|\n|-damage|p2a: Garchomp|80/100 brn|[from] brn\n|upkeep\n|\n|t:|1776372769\n|switch|p1b: Aegislash|Aegislash, L50, F|100/100\n|turn|5\n|\n|t:|1776372793\n|move|p1b: Aegislash|King's Shield|p1b: Aegislash\n|-singleturn|p1b: Aegislash|Protect\n|move|p1a: Floette|Dazzling Gleam|p2a: Garchomp|[spread] p2a,p2b\n|-supereffective|p2a: Garchomp|1\n|-damage|p2a: Garchomp|0 fnt\n|-damage|p2b: Incineroar|28/100\n|faint|p2a: Garchomp\n|move|p2b: Incineroar|Snarl|p1b: Aegislash|[spread] p1a\n|-activate|p1b: Aegislash|move: Protect\n|-resisted|p1a: Floette|1\n|-damage|p1a: Floette|96/100\n|-unboost|p1a: Floette|spa|1\n|\n|-sideend|p1: mrguy888|move: Tailwind\n|upkeep\n|\n|t:|1776372807\n|switch|p2a: Gengar|Gengar, L50, M|100/100\n|turn|6\n|\n|t:|1776372826\n|move|p2a: Gengar|Protect|p2a: Gengar\n|-singleturn|p2a: Gengar|Protect\n|move|p1a: Floette|Dazzling Gleam|p2b: Incineroar|[spread] p2b\n|-activate|p2a: Gengar|move: Protect\n|-damage|p2b: Incineroar|0 fnt\n|faint|p2b: Incineroar\n|-formechange|p1b: Aegislash|Aegislash-Blade|\n|move|p1b: Aegislash|Poltergeist|p2a: Gengar\n|-activate|p2a: Gengar|move: Protect\n|\n|upkeep\n|\n|t:|1776372837\n|switch|p2b: Rotom|Rotom-Wash, L50|74/100\n|turn|7\n|inactive|mrguy888 has 30 seconds left.\n|\n|t:|1776372872\n|detailschange|p2a: Gengar|Gengar-Mega, L50, M\n|-mega|p2a: Gengar|Gengar|Gengarite\n|move|p1b: Aegislash|Shadow Sneak|p2a: Gengar\n|-supereffective|p2a: Gengar|1\n|-damage|p2a: Gengar|20/100\n|move|p2a: Gengar|Shadow Ball|p1b: Aegislash\n|-supereffective|p1b: Aegislash|1\n|-damage|p1b: Aegislash|0 fnt\n|faint|p1b: Aegislash\n|move|p1a: Floette|Dazzling Gleam|p2b: Rotom|[spread] p2a,p2b\n|-resisted|p2a: Gengar|1\n|-damage|p2a: Gengar|1/100\n|-damage|p2b: Rotom|39/100\n|-enditem|p2b: Rotom|Sitrus Berry|[eat]\n|-heal|p2b: Rotom|64/100|[from] item: Sitrus Berry\n|move|p2b: Rotom|Light Screen|p2b: Rotom\n|-sidestart|p2: VivaPardini|move: Light Screen\n|\n|upkeep\n|turn|8\n|inactive|mrguy888 has 30 seconds left.\n|\n|t:|1776372900\n|move|p1a: Floette|Protect|p1a: Floette\n|-singleturn|p1a: Floette|Protect\n|move|p2a: Gengar|Sludge Bomb|p1a: Floette\n|-activate|p1a: Floette|move: Protect\n|move|p2b: Rotom|Hydro Pump|p1a: Floette\n|-activate|p1a: Floette|move: Protect\n|\n|upkeep\n|turn|9\n|\n|t:|1776372912\n|move|p2a: Gengar|Sludge Bomb|p1a: Floette\n|-supereffective|p1a: Floette|1\n|-damage|p1a: Floette|15/100\n|move|p1a: Floette|Dazzling Gleam|p2b: Rotom|[spread] p2a,p2b\n|-resisted|p2a: Gengar|1\n|-crit|p2b: Rotom\n|-damage|p2a: Gengar|0 fnt\n|-damage|p2b: Rotom|0 fnt\n|faint|p2a: Gengar\n|faint|p2b: Rotom\n|\n|win|mrguy888\n|raw|mrguy888's rating: 1213 &rarr; <strong>1240</strong><br />(+27 for winning)\n|raw|VivaPardini's rating: 1244 &rarr; <strong>1217</strong><br />(-27 for losing)\n",
  "uploadtime": 1776372922,
  "views": 37,
  "formatid": "gen9championsvgc2026regma",
  "rating": 1217,
  "private": 0,
  "password": null
}