{
  "id": "gen9championsvgc2026regma-2583916946",
  "format": "[Gen 9 Champions] VGC 2026 Reg M-A",
  "players": [
    "kirbsterrr",
    "voltichalberd"
  ],
  "log": "|badge|p2|bronze|gen9ru|100-9\n|uhtml|medal-msg|<div class=\"broadcast-blue\">Curious what those medals under the avatar are? PS now has Ladder Seasons! For more information, check out the <a href=\"https://www.smogon.com/forums/threads/3740067/\">thread on Smogon.</a></div>\n|j|\u2606kirbsterrr\n|j|\u2606voltichalberd\n|t:|1776208099\n|gametype|doubles\n|player|p1|kirbsterrr|miku-psychic|1197\n|player|p2|voltichalberd|aaron|1198\n|gen|9\n|tier|[Gen 9 Champions] VGC 2026 Reg M-A\n|rated|\n|rule|Species Clause: Limit one of each Pok\u00e9mon\n|rule|Item Clause: Limit 1 of each item\n|clearpoke\n|poke|p1|Beedrill, L50, F|\n|poke|p1|Azumarill, L50, F|\n|poke|p1|Pelipper, L50, M|\n|poke|p1|Archaludon, L50, M|\n|poke|p1|Incineroar, L50, M|\n|poke|p1|Sneasler, L50, M|\n|poke|p2|Crabominable, L50, F|\n|poke|p2|Gardevoir, L50, M|\n|poke|p2|Sneasler, L50, M|\n|poke|p2|Araquanid, L50, M|\n|poke|p2|Garchomp, L50, M|\n|poke|p2|Mimikyu, L50, M|\n|teampreview|4\n|\n|t:|1776208135\n|teamsize|p1|4\n|teamsize|p2|4\n|start\n|switch|p1a: Sectonia|Beedrill, L50, F, shiny|100/100\n|switch|p1b: Minato|Incineroar, L50, M|100/100\n|switch|p2a: Mimikyu|Mimikyu, L50, M|100/100\n|switch|p2b: Crabominable|Crabominable, L50, F|100/100\n|-ability|p1b: Minato|Intimidate|boost\n|-unboost|p2a: Mimikyu|atk|1\n|-fail|p2b: Crabominable|unboost|Attack|[from] ability: Hyper Cutter|[of] p2b: Crabominable\n|turn|1\n|\n|t:|1776208153\n|detailschange|p1a: Sectonia|Beedrill-Mega, L50, F, shiny\n|-mega|p1a: Sectonia|Beedrill|Beedrillite\n|detailschange|p2b: Crabominable|Crabominable-Mega, L50, F\n|-mega|p2b: Crabominable|Crabominable|Crabominite\n|move|p2b: Crabominable|Protect|p2b: Crabominable\n|-singleturn|p2b: Crabominable|Protect\n|move|p1a: Sectonia|U-turn|p2a: Mimikyu\n|-activate|p2a: Mimikyu|ability: Disguise\n|-damage|p2a: Mimikyu|100/100\n|detailschange|p2a: Mimikyu|Mimikyu-Busted, L50, M\n|-damage|p2a: Mimikyu|88/100|[from] pokemon: Mimikyu-Busted\n|\n|t:|1776208174\n|switch|p1a: Pelistorm|Pelipper, L50, M, shiny|100/100|[from] U-turn\n|-weather|RainDance|[from] ability: Drizzle|[of] p1a: Pelistorm\n|move|p1b: Minato|Will-O-Wisp|p2b: Crabominable\n|-activate|p2b: Crabominable|move: Protect\n|move|p2a: Mimikyu|Trick Room|p2a: Mimikyu\n|-fieldstart|move: Trick Room|[of] p2a: Mimikyu\n|\n|-weather|RainDance|[upkeep]\n|upkeep\n|turn|2\n|\n|t:|1776208204\n|switch|p1b: Sectonia|Beedrill-Mega, L50, F, shiny|100/100\n|move|p2b: Crabominable|Ice Hammer|p1a: Pelistorm\n|-damage|p1a: Pelistorm|17/100\n|-unboost|p2b: Crabominable|spe|1\n|move|p1a: Pelistorm|Hurricane|p2b: Crabominable\n|-supereffective|p2b: Crabominable|1\n|-damage|p2b: Crabominable|30/100\n|move|p2a: Mimikyu|Play Rough|p1a: Pelistorm\n|-damage|p1a: Pelistorm|0 fnt\n|faint|p1a: Pelistorm\n|\n|-weather|RainDance|[upkeep]\n|upkeep\n|\n|t:|1776208214\n|switch|p1a: Minato|Incineroar, L50, M|100/100\n|-ability|p1a: Minato|Intimidate|boost\n|-unboost|p2a: Mimikyu|atk|1\n|-unboost|p2b: Crabominable|atk|1\n|turn|3\n|\n|t:|1776208227\n|move|p2b: Crabominable|Upper Hand|p1a: Minato\n|-supereffective|p1a: Minato|1\n|-damage|p1a: Minato|56/100\n|cant|p1a: Minato|flinch\n|move|p2a: Mimikyu|Will-O-Wisp|p1b: Sectonia\n|-status|p1b: Sectonia|brn\n|move|p1b: Sectonia|Poison Jab|p2a: Mimikyu\n|-damage|p2a: Mimikyu|35/100\n|\n|-weather|RainDance|[upkeep]\n|-damage|p1b: Sectonia|95/100 brn|[from] brn\n|upkeep\n|turn|4\n|\n|t:|1776208263\n|move|p2b: Crabominable|Drain Punch|p1a: Minato\n|-supereffective|p1a: Minato|1\n|-damage|p1a: Minato|0 fnt\n|-heal|p2b: Crabominable|57/100|[from] drain|[of] p1a: Minato\n|faint|p1a: Minato\n|move|p2a: Mimikyu|Destiny Bond|p2a: Mimikyu\n|-singlemove|p2a: Mimikyu|Destiny Bond\n|move|p1b: Sectonia|Poison Jab|p2b: Crabominable\n|-damage|p2b: Crabominable|34/100\n|\n|-weather|RainDance|[upkeep]\n|-damage|p1b: Sectonia|89/100 brn|[from] brn\n|upkeep\n|\n|t:|1776208277\n|switch|p1a: Sentry|Archaludon, L50, M|100/100\n|turn|5\n|\n|t:|1776208292\n|move|p1b: Sectonia|Protect|p1b: Sectonia\n|-singleturn|p1b: Sectonia|Protect\n|move|p2b: Crabominable|Drain Punch|p1a: Sentry\n|-supereffective|p1a: Sentry|1\n|-damage|p1a: Sentry|45/100\n|-heal|p2b: Crabominable|61/100|[from] drain|[of] p1a: Sentry\n|-ability|p1a: Sentry|Stamina|boost\n|-boost|p1a: Sentry|def|1\n|move|p1a: Sentry|Flash Cannon|p2b: Crabominable\n|-supereffective|p2b: Crabominable|1\n|-damage|p2b: Crabominable|0 fnt\n|faint|p2b: Crabominable\n|move|p2a: Mimikyu|Will-O-Wisp|p1a: Sentry\n|-status|p1a: Sentry|brn\n|\n|-weather|none\n|-heal|p1a: Sentry|51/100 brn|[from] item: Leftovers\n|-damage|p1a: Sentry|45/100 brn|[from] brn\n|-damage|p1b: Sectonia|84/100 brn|[from] brn\n|-fieldend|move: Trick Room\n|upkeep\n|\n|t:|1776208303\n|switch|p2b: Garchomp|Garchomp, L50, M|100/100\n|turn|6\n|\n|t:|1776208319\n|move|p1b: Sectonia|Poison Jab|p2a: Mimikyu\n|-damage|p2a: Mimikyu|0 fnt\n|faint|p2a: Mimikyu\n|move|p2b: Garchomp|Earthquake|p1a: Sentry|[spread] p1a,p1b\n|-supereffective|p1a: Sentry|1\n|-damage|p1a: Sentry|0 fnt\n|-damage|p1b: Sectonia|0 fnt\n|faint|p1a: Sentry\n|faint|p1b: Sectonia\n|\n|win|voltichalberd\n|raw|kirbsterrr's rating: 1197 &rarr; <strong>1172</strong><br />(-25 for losing)\n|raw|voltichalberd's rating: 1198 &rarr; <strong>1223</strong><br />(+25 for winning)\n|l|\u2606kirbsterrr\n|player|p1|\n",
  "uploadtime": 1776208332,
  "views": 21,
  "formatid": "gen9championsvgc2026regma",
  "rating": 1172,
  "private": 0,
  "password": null
}