{
  "id": "gen9championsvgc2026regma-2588218392",
  "format": "[Gen 9 Champions] VGC 2026 Reg M-A",
  "players": [
    "SDLT 2KRL March",
    "Ou_training_dummy"
  ],
  "log": "|raw|<div class=\"broadcast-blue\"><strong>This battle is required to be public due to a player having a name starting with 'sdlt'.</div>\n|j|\u2606SDLT 2KRL March\n|j|\u2606Ou_training_dummy\n|t:|1776615386\n|gametype|doubles\n|player|p1|SDLT 2KRL March|valerie|1114\n|player|p2|Ou_training_dummy|1|1195\n|gen|9\n|tier|[Gen 9 Champions] VGC 2026 Reg M-A\n|rated|\n|rule|Species Clause: Limit one of each Pok\u00e9mon\n|rule|Item Clause: Limit 1 of each item\n|clearpoke\n|poke|p1|Kangaskhan, L50, F, shiny|\n|poke|p1|Farigiraf, L50, M, shiny|\n|poke|p1|Talonflame, L50, F, shiny|\n|poke|p1|Floette-Eternal, L50, F|\n|poke|p1|Sneasler, L50, F, shiny|\n|poke|p1|Basculegion, L50, M|\n|poke|p2|Delphox, L50, F, shiny|\n|poke|p2|Basculegion, L50, M|\n|poke|p2|Aerodactyl, L50, M|\n|poke|p2|Sneasler, L50, F|\n|poke|p2|Garchomp, L50, M|\n|poke|p2|Froslass, L50, F|\n|teampreview|4\n|inactive|Battle timer is ON: inactive players will automatically lose when time's up. (requested by SDLT 2KRL March)\n|\n|t:|1776615414\n|teamsize|p1|4\n|teamsize|p2|4\n|start\n|switch|p1a: Ryoiki Tenkai|Farigiraf, L50, M, shiny|100/100\n|switch|p1b: Kangaskhan|Kangaskhan, L50, F, shiny|100/100\n|switch|p2a: Aerodactyl|Aerodactyl, L50, M|100/100\n|switch|p2b: Sneasler|Sneasler, L50, F|100/100\n|-ability|p2a: Aerodactyl|Unnerve\n|turn|1\n|\n|t:|1776615429\n|move|p1b: Kangaskhan|Fake Out|p2b: Sneasler\n|-damage|p2b: Sneasler|70/100\n|move|p2a: Aerodactyl|Rock Slide|p1a: Ryoiki Tenkai|[spread] p1a,p1b\n|-damage|p1a: Ryoiki Tenkai|76/100\n|-damage|p1b: Kangaskhan|76/100\n|cant|p2b: Sneasler|flinch\n|move|p1a: Ryoiki Tenkai|Trick Room|p1a: Ryoiki Tenkai\n|-fieldstart|move: Trick Room|[of] p1a: Ryoiki Tenkai\n|\n|upkeep\n|turn|2\n|\n|t:|1776615444\n|detailschange|p1b: Kangaskhan|Kangaskhan-Mega, L50, F, shiny\n|-mega|p1b: Kangaskhan|Kangaskhan|Kangaskhanite\n|move|p2b: Sneasler|Protect|p2b: Sneasler\n|-singleturn|p2b: Sneasler|Protect\n|move|p1a: Ryoiki Tenkai|Psychic|p2b: Sneasler\n|-activate|p2b: Sneasler|move: Protect\n|move|p1b: Kangaskhan|Hammer Arm|p2a: Aerodactyl\n|-damage|p2a: Aerodactyl|37/100\n|-unboost|p1b: Kangaskhan|spe|1\n|-damage|p2a: Aerodactyl|22/100\n|-unboost|p1b: Kangaskhan|spe|1\n|-hitcount|p2a: Aerodactyl|2\n|move|p2a: Aerodactyl|Rock Slide|p1b: Kangaskhan|[spread] p1a,p1b\n|-damage|p1a: Ryoiki Tenkai|51/100\n|-damage|p1b: Kangaskhan|54/100\n|\n|upkeep\n|turn|3\n|\n|t:|1776615467\n|switch|p2b: Basculegion|Basculegion, L50, M|100/100\n|move|p2a: Aerodactyl|Protect|p2a: Aerodactyl\n|-singleturn|p2a: Aerodactyl|Protect\n|move|p1b: Kangaskhan|Double-Edge|p2b: Basculegion\n|-immune|p2b: Basculegion\n|move|p1a: Ryoiki Tenkai|Hyper Voice|p2a: Aerodactyl|[spread] \n|-activate|p2a: Aerodactyl|move: Protect\n|-immune|p2b: Basculegion\n|\n|upkeep\n|turn|4\n|\n|t:|1776615485\n|move|p1b: Kangaskhan|Crunch|p2b: Basculegion\n|-supereffective|p2b: Basculegion|1\n|-damage|p2b: Basculegion|25/100\n|-supereffective|p2b: Basculegion|1\n|-damage|p2b: Basculegion|7/100\n|-unboost|p2b: Basculegion|def|1\n|-hitcount|p2b: Basculegion|2\n|move|p1a: Ryoiki Tenkai|Hyper Voice|p2a: Aerodactyl|[spread] p2a\n|-immune|p2b: Basculegion\n|-resisted|p2a: Aerodactyl|1\n|-crit|p2a: Aerodactyl\n|-damage|p2a: Aerodactyl|0 fnt\n|faint|p2a: Aerodactyl\n|move|p2b: Basculegion|Flip Turn|p1b: Kangaskhan\n|-damage|p1b: Kangaskhan|21/100\n|\n|t:|1776615499\n|switch|p2b: Froslass|Froslass, L50, F|100/100|[from] Flip Turn\n|\n|upkeep\n|\n|t:|1776615500\n|switch|p2a: Sneasler|Sneasler, L50, F|70/100\n|turn|5\n|\n|t:|1776615509\n|move|p2a: Sneasler|Protect|p2a: Sneasler\n|-singleturn|p2a: Sneasler|Protect\n|move|p2b: Froslass|Protect|p2b: Froslass\n|-singleturn|p2b: Froslass|Protect\n|move|p1b: Kangaskhan|Crunch|p2b: Froslass\n|-activate|p2b: Froslass|move: Protect\n|move|p1a: Ryoiki Tenkai|Psychic|p2a: Sneasler\n|-activate|p2a: Sneasler|move: Protect\n|\n|-fieldend|move: Trick Room\n|upkeep\n|turn|6\n|\n|t:|1776615522\n|detailschange|p2b: Froslass|Froslass-Mega, L50, F\n|-mega|p2b: Froslass|Froslass|Froslassite\n|-weather|Snowscape|[from] ability: Snow Warning|[of] p2b: Froslass\n|move|p2b: Froslass|Blizzard|p1a: Ryoiki Tenkai|[spread] p1a,p1b\n|-damage|p1a: Ryoiki Tenkai|0 fnt\n|-damage|p1b: Kangaskhan|0 fnt\n|faint|p1a: Ryoiki Tenkai\n|faint|p1b: Kangaskhan\n|move|p2a: Sneasler|Close Combat|p1: Ryoiki Tenkai|[notarget]\n|-fail|p2a: Sneasler\n|\n|-weather|Snowscape|[upkeep]\n|upkeep\n|\n|t:|1776615532\n|switch|p1b: Athena|Talonflame, L50, F, shiny|100/100\n|switch|p1a: Basculegion|Basculegion, L50, M|100/100\n|turn|7\n|\n|t:|1776615546\n|switch|p2b: Basculegion|Basculegion, L50, M|7/100\n|move|p1b: Athena|Brave Bird|p2a: Sneasler\n|-supereffective|p2a: Sneasler|1\n|-damage|p2a: Sneasler|0 fnt\n|faint|p2a: Sneasler\n|-damage|p1b: Athena|76/100|[from] Recoil\n|move|p1a: Basculegion|Last Respects|p2b: Basculegion\n|-supereffective|p2b: Basculegion|1\n|-damage|p2b: Basculegion|0 fnt\n|faint|p2b: Basculegion\n|\n|-weather|Snowscape|[upkeep]\n|upkeep\n|\n|t:|1776615555\n|switch|p2b: Froslass|Froslass-Mega, L50, F|100/100\n|turn|8\n|-message|Ou_training_dummy forfeited.\n|\n|win|SDLT 2KRL March\n|raw|SDLT 2KRL March's rating: 1138 &rarr; <strong>1167</strong><br />(+29 for winning)\n|raw|Ou_training_dummy's rating: 1195 &rarr; <strong>1166</strong><br />(-29 for losing)\n",
  "uploadtime": 1776615559,
  "views": 13,
  "formatid": "gen9championsvgc2026regma",
  "rating": 1166,
  "private": 0,
  "password": null
}