{
  "id": "gen9championsvgc2026regma-2582202917",
  "format": "[Gen 9 Champions] VGC 2026 Reg M-A",
  "players": [
    "ssrmyt",
    "storm93ita"
  ],
  "log": "|j|\u2606ssrmyt\n|j|\u2606storm93ita\n|t:|1776070807\n|gametype|doubles\n|player|p1|ssrmyt|266|1186\n|player|p2|storm93ita|volkner|1184\n|gen|9\n|tier|[Gen 9 Champions] VGC 2026 Reg M-A\n|rated|\n|rule|Species Clause: Limit one of each Pok\u00e9mon\n|rule|Item Clause: Limit 1 of each item\n|clearpoke\n|poke|p1|Glimmora, L50, F|\n|poke|p1|Incineroar, L50, M|\n|poke|p1|Liepard, L50, F|\n|poke|p1|Meowscarada, L50, M|\n|poke|p1|Froslass, L50, F|\n|poke|p1|Tauros-Paldea-Aqua, L50, M|\n|poke|p2|Gardevoir, L50, F|\n|poke|p2|Aerodactyl, L50, F|\n|poke|p2|Basculegion, L50, M|\n|poke|p2|Sneasler, L50, F|\n|poke|p2|Garchomp, L50, F|\n|poke|p2|Kingambit, L50, F|\n|teampreview|4\n|inactive|Battle timer is ON: inactive players will automatically lose when time's up. (requested by storm93ita)\n|\n|t:|1776070842\n|teamsize|p1|4\n|teamsize|p2|4\n|start\n|switch|p1a: Liepard|Liepard, L50, F|100/100\n|switch|p1b: Froslass|Froslass, L50, F|100/100\n|switch|p2a: Gardevoir|Gardevoir, L50, F|100/100\n|switch|p2b: Sneasler|Sneasler, L50, F|100/100\n|turn|1\n|\n|t:|1776070857\n|detailschange|p1b: Froslass|Froslass-Mega, L50, F\n|-mega|p1b: Froslass|Froslass|Froslassite\n|-weather|Snowscape|[from] ability: Snow Warning|[of] p1b: Froslass\n|detailschange|p2a: Gardevoir|Gardevoir-Mega, L50, F\n|-mega|p2a: Gardevoir|Gardevoir|Gardevoirite\n|move|p1a: Liepard|Fake Out|p2a: Gardevoir\n|-damage|p2a: Gardevoir|84/100\n|move|p2b: Sneasler|Fake Out|p1a: Liepard\n|-damage|p1a: Liepard|78/100\n|move|p1b: Froslass|Aurora Veil|p1b: Froslass\n|-sidestart|p1: ssrmyt|move: Aurora Veil\n|cant|p2a: Gardevoir|flinch\n|\n|-weather|Snowscape|[upkeep]\n|upkeep\n|turn|2\n|inactive|storm93ita has 30 seconds left.\n|\n|t:|1776070886\n|move|p1a: Liepard|Encore|p2b: Sneasler\n|-start|p2b: Sneasler|Encore\n|-enditem|p2b: Sneasler|Mental Herb\n|-end|p2b: Sneasler|Encore\n|move|p1b: Froslass|Blizzard|p2a: Gardevoir|[spread] p2a,p2b\n|-damage|p2a: Gardevoir|44/100\n|-damage|p2b: Sneasler|47/100\n|move|p2b: Sneasler|Dire Claw|p1b: Froslass\n|-resisted|p1b: Froslass|1\n|-damage|p1b: Froslass|87/100\n|-status|p1b: Froslass|psn|[from] ability: Poison Touch|[of] p2b: Sneasler\n|move|p2a: Gardevoir|Calm Mind|p2a: Gardevoir\n|-boost|p2a: Gardevoir|spa|1\n|-boost|p2a: Gardevoir|spd|1\n|\n|-weather|Snowscape|[upkeep]\n|-damage|p1b: Froslass|75/100 psn|[from] psn\n|upkeep\n|turn|3\n|inactive|storm93ita has 30 seconds left.\n|\n|t:|1776070917\n|move|p2a: Gardevoir|Protect|p2a: Gardevoir\n|-singleturn|p2a: Gardevoir|Protect\n|move|p1a: Liepard|Encore|p2a: Gardevoir\n|-activate|p2a: Gardevoir|move: Protect\n|move|p1b: Froslass|Blizzard|p2a: Gardevoir|[spread] p2b\n|-activate|p2a: Gardevoir|move: Protect\n|-damage|p2b: Sneasler|0 fnt\n|faint|p2b: Sneasler\n|\n|-weather|Snowscape|[upkeep]\n|-damage|p1b: Froslass|62/100 psn|[from] psn\n|upkeep\n|\n|t:|1776070930\n|switch|p2b: Aerodactyl|Aerodactyl, L50, F|100/100\n|turn|4\n|\n|t:|1776070943\n|move|p1a: Liepard|Thunder Wave|p2b: Aerodactyl\n|-status|p2b: Aerodactyl|par\n|move|p1b: Froslass|Blizzard|p2a: Gardevoir|[spread] p2a,p2b\n|-supereffective|p2b: Aerodactyl|1\n|-damage|p2a: Gardevoir|15/100\n|-enditem|p2b: Aerodactyl|Focus Sash\n|-damage|p2b: Aerodactyl|1/100 par\n|move|p2a: Gardevoir|Dazzling Gleam|p1a: Liepard|[spread] p1a,p1b\n|-supereffective|p1a: Liepard|1\n|-damage|p1a: Liepard|0 fnt\n|-damage|p1b: Froslass|17/100 psn\n|faint|p1a: Liepard\n|cant|p2b: Aerodactyl|par\n|\n|-weather|Snowscape|[upkeep]\n|-damage|p1b: Froslass|5/100 psn|[from] psn\n|upkeep\n|\n|t:|1776070955\n|switch|p1a: Meowscarada|Meowscarada, L50, M|100/100\n|turn|5\n|inactive|ssrmyt has 30 seconds left.\n|\n|t:|1776070987\n|switch|p1a: Tauros|Tauros-Paldea-Aqua, L50, M|100/100\n|-ability|p1a: Tauros|Intimidate|boost\n|-unboost|p2a: Gardevoir|atk|1\n|-unboost|p2b: Aerodactyl|atk|1\n|move|p2a: Gardevoir|Protect|p2a: Gardevoir\n|-singleturn|p2a: Gardevoir|Protect\n|cant|p2b: Aerodactyl|par\n|move|p1b: Froslass|Blizzard|p2b: Aerodactyl|[spread] p2b\n|-activate|p2a: Gardevoir|move: Protect\n|-supereffective|p2b: Aerodactyl|1\n|-damage|p2b: Aerodactyl|0 fnt\n|faint|p2b: Aerodactyl\n|\n|-weather|none\n|-damage|p1b: Froslass|0 fnt|[from] psn\n|faint|p1b: Froslass\n|-sideend|p1: ssrmyt|move: Aurora Veil\n|upkeep\n|\n|t:|1776071002\n|switch|p2b: Basculegion|Basculegion, L50, M|100/100\n|switch|p1b: Meowscarada|Meowscarada, L50, M|100/100\n|turn|6\n|\n|t:|1776071015\n|move|p1b: Meowscarada|Flower Trick|p2b: Basculegion\n|-start|p1b: Meowscarada|typechange|Grass|[from] ability: Protean\n|-supereffective|p2b: Basculegion|1\n|-crit|p2b: Basculegion\n|-damage|p2b: Basculegion|0 fnt\n|faint|p2b: Basculegion\n|move|p1a: Tauros|Wave Crash|p2a: Gardevoir\n|-damage|p2a: Gardevoir|0 fnt\n|faint|p2a: Gardevoir\n|-damage|p1a: Tauros|96/100|[from] Recoil\n|\n|win|ssrmyt\n|raw|ssrmyt's rating: 1186 &rarr; <strong>1211</strong><br />(+25 for winning)\n|raw|storm93ita's rating: 1184 &rarr; <strong>1159</strong><br />(-25 for losing)\n|l|\u2606ssrmyt\n|player|p1|\n",
  "uploadtime": 1776071028,
  "views": 11,
  "formatid": "gen9championsvgc2026regma",
  "rating": 1159,
  "private": 0,
  "password": null
}