{
  "id": "gen9championsvgc2026regma-2583556982",
  "format": "[Gen 9 Champions] VGC 2026 Reg M-A",
  "players": [
    "azj06",
    "PappyPud"
  ],
  "log": "|j|\u2606azj06\n|j|\u2606PappyPud\n|t:|1776183137\n|gametype|doubles\n|player|p1|azj06|gambler|1169\n|player|p2|PappyPud|2|1072\n|gen|9\n|tier|[Gen 9 Champions] VGC 2026 Reg M-A\n|rated|\n|rule|Species Clause: Limit one of each Pok\u00e9mon\n|rule|Item Clause: Limit 1 of each item\n|clearpoke\n|poke|p1|Kangaskhan, L50, F|\n|poke|p1|Gyarados, L50, F|\n|poke|p1|Aegislash, L50, F|\n|poke|p1|Volcarona, L50, M|\n|poke|p1|Sinistcha, L50|\n|poke|p1|Sneasler, L50, M|\n|poke|p2|Froslass, L50, F|\n|poke|p2|Kingambit, L50, F|\n|poke|p2|Sneasler, L50, F|\n|poke|p2|Sinistcha, L50|\n|poke|p2|Palafin, L50, F|\n|poke|p2|Arcanine-Hisui, L50, F|\n|teampreview|4\n|inactive|Battle timer is ON: inactive players will automatically lose when time's up. (requested by azj06)\nazj06 has agreed to open team sheets.\nPappyPud rejected open team sheets.\n|inactive|azj06 has 60 seconds left.\n|inactive|PappyPud has 60 seconds left.\n|\n|t:|1776183183\n|teamsize|p1|4\n|teamsize|p2|4\n|start\n|switch|p1a: Sneasler|Sneasler, L50, M|100/100\n|switch|p1b: Gyarados|Gyarados, L50, F|100/100\n|switch|p2a: Sneasler|Sneasler, L50, F|100/100\n|switch|p2b: Sinistcha|Sinistcha, L50|100/100\n|-ability|p1b: Gyarados|Intimidate|boost\n|-unboost|p2a: Sneasler|atk|1\n|-unboost|p2b: Sinistcha|atk|1\n|-enditem|p2a: Sneasler|White Herb\n|-clearnegativeboost|p2a: Sneasler|[silent]\n|turn|1\n|inactive|PappyPud has 30 seconds left.\n|inactive|azj06 has 30 seconds left.\n|\n|t:|1776183216\n|switch|p1b: Aegislash|Aegislash, L50, F|100/100\n|move|p1a: Sneasler|Protect|p1a: Sneasler\n|-singleturn|p1a: Sneasler|Protect\n|move|p2a: Sneasler|Fake Out|p1a: Sneasler\n|-activate|p1a: Sneasler|move: Protect\n|move|p2b: Sinistcha|Rage Powder|p2b: Sinistcha\n|-singleturn|p2b: Sinistcha|move: Rage Powder\n|\n|upkeep\n|turn|2\n|inactive|PappyPud has 30 seconds left.\n|inactive|PappyPud has 20 seconds left.\n|\n|t:|1776183254\n|switch|p2a: Arcanine|Arcanine-Hisui, L50, F|100/100\n|-ability|p2a: Arcanine|Intimidate|boost\n|-unboost|p1a: Sneasler|atk|1\n|-unboost|p1b: Aegislash|atk|1\n|-enditem|p1b: Aegislash|White Herb\n|-clearnegativeboost|p1b: Aegislash|[silent]\n|switch|p1a: Gyarados|Gyarados, L50, F|100/100\n|-ability|p1a: Gyarados|Intimidate|boost\n|-unboost|p2a: Arcanine|atk|1\n|-unboost|p2b: Sinistcha|atk|1\n|move|p2b: Sinistcha|Protect|p2b: Sinistcha\n|-singleturn|p2b: Sinistcha|Protect\n|-formechange|p1b: Aegislash|Aegislash-Blade|\n|move|p1b: Aegislash|Poltergeist|p2b: Sinistcha\n|-activate|p2b: Sinistcha|move: Protect\n|\n|upkeep\n|turn|3\n|inactive|azj06 has 30 seconds left.\n|inactive|PappyPud has 30 seconds left.\n|inactive|PappyPud has 20 seconds left.\n|\n|t:|1776183292\n|detailschange|p1a: Gyarados|Gyarados-Mega, L50, F\n|-mega|p1a: Gyarados|Gyarados|Gyaradosite\n|-ability|p1a: Gyarados|Mold Breaker\n|-formechange|p1b: Aegislash|Aegislash|\n|move|p1b: Aegislash|King's Shield|p1b: Aegislash\n|-singleturn|p1b: Aegislash|Protect\n|move|p2a: Arcanine|Flare Blitz|p1b: Aegislash\n|-activate|p1b: Aegislash|move: Protect\n|-unboost|p2a: Arcanine|atk|1\n|move|p1a: Gyarados|Dragon Dance|p1a: Gyarados\n|-boost|p1a: Gyarados|atk|1\n|-boost|p1a: Gyarados|spe|1\n|move|p2b: Sinistcha|Matcha Gotcha|p1a: Gyarados|[spread] p1a\n|-activate|p1b: Aegislash|move: Protect\n|-supereffective|p1a: Gyarados|1\n|-damage|p1a: Gyarados|68/100\n|\n|upkeep\n|turn|4\n|inactive|azj06 has 30 seconds left.\n|inactive|PappyPud has 30 seconds left.\n|inactive|azj06 has 20 seconds left.\n|\n|t:|1776183330\n|switch|p2a: Sneasler|Sneasler, L50, F|100/100\n|move|p1a: Gyarados|Protect|p1a: Gyarados\n|-singleturn|p1a: Gyarados|Protect\n|move|p2b: Sinistcha|Protect|p2b: Sinistcha\n|-singleturn|p2b: Sinistcha|Protect\n|-formechange|p1b: Aegislash|Aegislash-Blade|\n|move|p1b: Aegislash|Poltergeist|p2b: Sinistcha\n|-activate|p2b: Sinistcha|move: Protect\n|\n|upkeep\n|turn|5\n|inactive|PappyPud has 30 seconds left.\n|\n|t:|1776183359\n|switch|p1a: Volcarona|Volcarona, L50, M|100/100\n|move|p2b: Sinistcha|Rage Powder|p2b: Sinistcha\n|-singleturn|p2b: Sinistcha|move: Rage Powder\n|move|p2a: Sneasler|Close Combat|p1a: Volcarona\n|-resisted|p1a: Volcarona|1\n|-damage|p1a: Volcarona|63/100\n|-unboost|p2a: Sneasler|def|1\n|-unboost|p2a: Sneasler|spd|1\n|-status|p2a: Sneasler|brn|[from] ability: Flame Body|[of] p1a: Volcarona\n|move|p1b: Aegislash|Poltergeist|p2b: Sinistcha\n|-activate|p2b: Sinistcha|move: Poltergeist|Sitrus Berry\n|-supereffective|p2b: Sinistcha|1\n|-damage|p2b: Sinistcha|0 fnt\n|faint|p2b: Sinistcha\n|\n|-damage|p2a: Sneasler|95/100 brn|[from] brn\n|upkeep\n|\n|t:|1776183375\n|switch|p2b: Froslass|Froslass, L50, F|100/100\n|turn|6\n|inactive|PappyPud has 30 seconds left.\n|\n|t:|1776183401\n|move|p2a: Sneasler|Protect|p2a: Sneasler\n|-singleturn|p2a: Sneasler|Protect\n|-formechange|p1b: Aegislash|Aegislash|\n|move|p1b: Aegislash|King's Shield|p1b: Aegislash\n|-singleturn|p1b: Aegislash|Protect\n|move|p2b: Froslass|Aurora Veil||[still]\n|-fail|p2b: Froslass\n|move|p1a: Volcarona|Quiver Dance|p1a: Volcarona\n|-boost|p1a: Volcarona|spa|1\n|-boost|p1a: Volcarona|spd|1\n|-boost|p1a: Volcarona|spe|1\n|\n|-damage|p2a: Sneasler|89/100 brn|[from] brn\n|upkeep\n|turn|7\n|inactive|PappyPud has 30 seconds left.\n|inactive|azj06 has 30 seconds left.\n|inactive|PappyPud has 20 seconds left.\n|\n|t:|1776183441\n|detailschange|p2b: Froslass|Froslass-Mega, L50, F\n|-mega|p2b: Froslass|Froslass|Froslassite\n|-weather|Snowscape|[from] ability: Snow Warning|[of] p2b: Froslass\n|move|p1a: Volcarona|Heat Wave|p2b: Froslass|[spread] p2b\n|-miss|p1a: Volcarona|p2a: Sneasler\n|-supereffective|p2b: Froslass|1\n|-damage|p2b: Froslass|0 fnt\n|faint|p2b: Froslass\n|move|p2a: Sneasler|Dire Claw|p1a: Volcarona\n|-damage|p1a: Volcarona|39/100\n|-status|p1a: Volcarona|par\n|-enditem|p1a: Volcarona|Sitrus Berry|[eat]\n|-heal|p1a: Volcarona|64/100 par|[from] item: Sitrus Berry\n|-formechange|p1b: Aegislash|Aegislash-Blade|\n|move|p1b: Aegislash|Iron Head|p2a: Sneasler\n|-damage|p2a: Sneasler|0 fnt\n|faint|p2a: Sneasler\n|\n|-weather|Snowscape|[upkeep]\n|upkeep\n|\n|t:|1776183459\n|switch|p2b: Arcanine|Arcanine-Hisui, L50, F|100/100\n|-ability|p2b: Arcanine|Intimidate|boost\n|-unboost|p1a: Volcarona|atk|1\n|-unboost|p1b: Aegislash|atk|1\n|turn|8\n|\n|t:|1776183482\n|switch|p1b: Gyarados|Gyarados-Mega, L50, F|68/100\n|-ability|p1b: Gyarados|Mold Breaker\n|move|p2b: Arcanine|Flare Blitz|p1b: Gyarados\n|-resisted|p1b: Gyarados|1\n|-damage|p1b: Gyarados|44/100\n|-damage|p2b: Arcanine|92/100|[from] Recoil\n|move|p1a: Volcarona|Heat Wave|p2b: Arcanine\n|-resisted|p2b: Arcanine|2\n|-damage|p2b: Arcanine|69/100\n|\n|-weather|Snowscape|[upkeep]\n|upkeep\n|turn|9\n|\n|t:|1776183498\n|move|p1b: Gyarados|Protect|p1b: Gyarados\n|-singleturn|p1b: Gyarados|Protect\n|move|p2b: Arcanine|Rock Slide|p1a: Volcarona|[spread] p1a\n|-activate|p1b: Gyarados|move: Protect\n|-supereffective|p1a: Volcarona|2\n|-damage|p1a: Volcarona|0 fnt\n|faint|p1a: Volcarona\n|\n|-weather|Snowscape|[upkeep]\n|upkeep\n|\n|t:|1776183507\n|switch|p1a: Sneasler|Sneasler, L50, M|100/100\n|turn|10\n|\n|t:|1776183518\n|move|p2b: Arcanine|Protect|p2b: Arcanine\n|-singleturn|p2b: Arcanine|Protect\n|move|p1a: Sneasler|Fake Out|p2b: Arcanine\n|-activate|p2b: Arcanine|move: Protect\n|move|p1b: Gyarados|Dragon Dance|p1b: Gyarados\n|-boost|p1b: Gyarados|atk|1\n|-boost|p1b: Gyarados|spe|1\n|\n|-weather|Snowscape|[upkeep]\n|upkeep\n|turn|11\n|\n|t:|1776183532\n|move|p2b: Arcanine|Extreme Speed|p1b: Gyarados\n|-damage|p1b: Gyarados|23/100\n|move|p1b: Gyarados|Waterfall|p2b: Arcanine\n|-supereffective|p2b: Arcanine|2\n|-damage|p2b: Arcanine|0 fnt\n|faint|p2b: Arcanine\n|\n|win|azj06\n|raw|azj06's rating: 1169 &rarr; <strong>1187</strong><br />(+18 for winning)\n|raw|PappyPud's rating: 1072 &rarr; <strong>1057</strong><br />(-15 for losing)\n|l|\u2606PappyPud\n|player|p2|\n",
  "uploadtime": 1776183877,
  "views": 14,
  "formatid": "gen9championsvgc2026regma",
  "rating": 1057,
  "private": 0,
  "password": null
}