{
  "id": "gen9championsvgc2026regma-2581955600",
  "format": "[Gen 9 Champions] VGC 2026 Reg M-A",
  "players": [
    "Golurk365",
    "tronzer"
  ],
  "log": "|j|\u2606Golurk365\n|j|\u2606tronzer\n|t:|1776043015\n|gametype|doubles\n|player|p1|Golurk365|hugh|1082\n|player|p2|tronzer|roark|1169\n|gen|9\n|tier|[Gen 9 Champions] VGC 2026 Reg M-A\n|rated|\n|rule|Species Clause: Limit one of each Pok\u00e9mon\n|rule|Item Clause: Limit 1 of each item\n|clearpoke\n|poke|p1|Golurk, L50|\n|poke|p1|Incineroar, L50, F|\n|poke|p1|Tyranitar, L50, F|\n|poke|p1|Arcanine-Hisui, L50, F|\n|poke|p1|Sinistcha, L50|\n|poke|p1|Hydrapple, L50, M|\n|poke|p2|Camerupt, L50, M|\n|poke|p2|Torkoal, L50, F|\n|poke|p2|Rotom-Wash, L50|\n|poke|p2|Venusaur, L50, F|\n|poke|p2|Slowking, L50, M|\n|poke|p2|Sneasler, L50, M|\n|teampreview|4\n|inactive|Battle timer is ON: inactive players will automatically lose when time's up. (requested by Golurk365)\n|inactive|tronzer has 60 seconds left.\n|\n|t:|1776043056\n|teamsize|p1|4\n|teamsize|p2|4\n|start\n|switch|p1a: Incineroar|Incineroar, L50, F|100/100\n|switch|p1b: Hydrapple|Hydrapple, L50, M|100/100\n|switch|p2a: Sneasler|Sneasler, L50, M|100/100\n|switch|p2b: Slowking|Slowking, L50, M|100/100\n|-ability|p1a: Incineroar|Intimidate|boost\n|-unboost|p2a: Sneasler|atk|1\n|-unboost|p2b: Slowking|atk|1\n|-enditem|p2a: Sneasler|White Herb\n|-clearnegativeboost|p2a: Sneasler|[silent]\n|turn|1\n|\n|t:|1776043077\n|move|p2b: Slowking|Protect|p2b: Slowking\n|-singleturn|p2b: Slowking|Protect\n|move|p2a: Sneasler|Fake Out|p1b: Hydrapple\n|-damage|p1b: Hydrapple|89/100\n|move|p1a: Incineroar|Fake Out|p2a: Sneasler\n|-damage|p2a: Sneasler|80/100\n|cant|p1b: Hydrapple|flinch\n|\n|upkeep\n|turn|2\n|\n|t:|1776043100\n|switch|p1a: Sinistcha|Sinistcha, L50|100/100\n|-heal|p1b: Hydrapple|100/100|[from] ability: Hospitality|[of] p1a: Sinistcha\n|move|p2a: Sneasler|Dire Claw|p1b: Hydrapple\n|-supereffective|p1b: Hydrapple|1\n|-damage|p1b: Hydrapple|26/100\n|move|p1b: Hydrapple|Substitute|p1b: Hydrapple\n|-start|p1b: Hydrapple|Substitute\n|-damage|p1b: Hydrapple|1/100\n|move|p2b: Slowking|Trick Room|p2b: Slowking\n|-fieldstart|move: Trick Room|[of] p2b: Slowking\n|\n|upkeep\n|turn|3\n|\n|t:|1776043124\n|move|p2b: Slowking|Psychic|p1b: Hydrapple\n|-end|p1b: Hydrapple|Substitute\n|move|p1b: Hydrapple|Giga Drain|p2b: Slowking\n|-supereffective|p2b: Slowking|1\n|-damage|p2b: Slowking|29/100\n|-heal|p1b: Hydrapple|35/100|[from] drain|[of] p2b: Slowking\n|move|p1a: Sinistcha|Matcha Gotcha|p2b: Slowking|[spread] p2a,p2b\n|-resisted|p2a: Sneasler|1\n|-supereffective|p2b: Slowking|1\n|-damage|p2a: Sneasler|65/100\n|-damage|p2b: Slowking|0 fnt\n|faint|p2b: Slowking\n|move|p2a: Sneasler|Acrobatics|p1a: Sinistcha\n|-supereffective|p1a: Sinistcha|1\n|-crit|p1a: Sinistcha\n|-damage|p1a: Sinistcha|5/100\n|-enditem|p1a: Sinistcha|Sitrus Berry|[eat]\n|-heal|p1a: Sinistcha|29/100|[from] item: Sitrus Berry\n|\n|upkeep\n|\n|t:|1776043142\n|switch|p2b: Camerupt|Camerupt, L50, M|100/100\n|turn|4\n|\n|t:|1776043152\n|detailschange|p2b: Camerupt|Camerupt-Mega, L50, M\n|-mega|p2b: Camerupt|Camerupt|Cameruptite\n|move|p2b: Camerupt|Heat Wave|p1b: Hydrapple|[spread] p1a,p1b\n|-supereffective|p1a: Sinistcha|1\n|-damage|p1a: Sinistcha|0 fnt\n|-damage|p1b: Hydrapple|0 fnt\n|faint|p1a: Sinistcha\n|faint|p1b: Hydrapple\n|move|p2a: Sneasler|Dire Claw|p1: Sinistcha|[notarget]\n|-fail|p2a: Sneasler\n|\n|upkeep\n|\n|t:|1776043158\n|switch|p1b: Golurk|Golurk, L50|100/100\n|switch|p1a: Incineroar|Incineroar, L50, F|100/100\n|-ability|p1a: Incineroar|Intimidate|boost\n|-unboost|p2a: Sneasler|atk|1\n|-unboost|p2b: Camerupt|atk|1\n|turn|5\n|inactive|tronzer has 30 seconds left.\n|\n|t:|1776043189\n|detailschange|p1b: Golurk|Golurk-Mega, L50\n|-mega|p1b: Golurk|Golurk|Golurkite\n|move|p2b: Camerupt|Protect|p2b: Camerupt\n|-singleturn|p2b: Camerupt|Protect\n|move|p1a: Incineroar|Fake Out|p2a: Sneasler\n|-damage|p2a: Sneasler|44/100\n|move|p1b: Golurk|Headlong Rush|p2b: Camerupt\n|-supereffective|p2b: Camerupt|1\n|-ability|p1b: Golurk|Unseen Fist\n|-zbroken|p2b: Camerupt\n|-damage|p2b: Camerupt|63/100\n|-unboost|p1b: Golurk|def|1\n|-unboost|p1b: Golurk|spd|1\n|cant|p2a: Sneasler|flinch\n|\n|upkeep\n|turn|6\n|inactive|tronzer has 30 seconds left.\n|\n|t:|1776043220\n|move|p2b: Camerupt|Earth Power|p1b: Golurk\n|-damage|p1b: Golurk|9/100\n|move|p1b: Golurk|Headlong Rush|p2a: Sneasler\n|-supereffective|p2a: Sneasler|1\n|-damage|p2a: Sneasler|0 fnt\n|-unboost|p1b: Golurk|def|1\n|-unboost|p1b: Golurk|spd|1\n|faint|p2a: Sneasler\n|move|p1a: Incineroar|Darkest Lariat|p2b: Camerupt\n|-damage|p2b: Camerupt|23/100\n|\n|-fieldend|move: Trick Room\n|upkeep\n|\n|t:|1776043231\n|switch|p2a: Torkoal|Torkoal, L50, F|100/100\n|-weather|SunnyDay|[from] ability: Drought|[of] p2a: Torkoal\n|turn|7\n|\n|t:|1776043245\n|move|p2b: Camerupt|Protect|p2b: Camerupt\n|-singleturn|p2b: Camerupt|Protect\n|move|p1a: Incineroar|Darkest Lariat|p2b: Camerupt\n|-activate|p2b: Camerupt|move: Protect\n|move|p1b: Golurk|Headlong Rush|p2a: Torkoal\n|-supereffective|p2a: Torkoal|1\n|-damage|p2a: Torkoal|2/100\n|-unboost|p1b: Golurk|def|1\n|-unboost|p1b: Golurk|spd|1\n|-enditem|p2a: Torkoal|Sitrus Berry|[eat]\n|-heal|p2a: Torkoal|27/100|[from] item: Sitrus Berry\n|move|p2a: Torkoal|Body Press|p1a: Incineroar\n|-supereffective|p1a: Incineroar|1\n|-enditem|p1a: Incineroar|Chople Berry|[eat]\n|-enditem|p1a: Incineroar|Chople Berry|[weaken]\n|-damage|p1a: Incineroar|69/100\n|\n|-weather|SunnyDay|[upkeep]\n|upkeep\n|turn|8\n|-message|tronzer forfeited.\n|\n|win|Golurk365\n|raw|Golurk365's rating: 1082 &rarr; <strong>1116</strong><br />(+34 for winning)\n|raw|tronzer's rating: 1169 &rarr; <strong>1138</strong><br />(-31 for losing)\n|l|\u2606tronzer\n|player|p2|\n",
  "uploadtime": 1776043264,
  "views": 17,
  "formatid": "gen9championsvgc2026regma",
  "rating": 1116,
  "private": 0,
  "password": null
}