{
  "id": "gen9championsvgc2026regma-2583694600",
  "format": "[Gen 9 Champions] VGC 2026 Reg M-A",
  "players": [
    "SimMikaze",
    "ohko_muk"
  ],
  "log": "|j|\u2606SimMikaze\n|j|\u2606ohko_muk\n|t:|1776191509\n|gametype|doubles\n|player|p1|SimMikaze|miku-ghost|1418\n|player|p2|ohko_muk|gambler|1568\n|gen|9\n|tier|[Gen 9 Champions] VGC 2026 Reg M-A\n|rated|\n|rule|Species Clause: Limit one of each Pok\u00e9mon\n|rule|Item Clause: Limit 1 of each item\n|clearpoke\n|poke|p1|Aggron, L50, M|\n|poke|p1|Alakazam, L50, M|\n|poke|p1|Sinistcha, L50|\n|poke|p1|Politoed, L50, F|\n|poke|p1|Incineroar, L50, M|\n|poke|p1|Gengar, L50, M|\n|poke|p2|Farigiraf, L50, M|\n|poke|p2|Blastoise, L50, M|\n|poke|p2|Bellibolt, L50, F|\n|poke|p2|Mamoswine, L50, M|\n|poke|p2|Delphox, L50, M|\n|poke|p2|Whimsicott, L50, M|\n|teampreview|4\n|\n|t:|1776191524\n|teamsize|p1|4\n|teamsize|p2|4\n|start\n|switch|p1a: Aggron|Aggron, L50, M|100/100\n|switch|p1b: Alakazam|Alakazam, L50, M|100/100\n|switch|p2a: Farigiraf|Farigiraf, L50, M|100/100\n|switch|p2b: Blastoise|Blastoise, L50, M|100/100\n|turn|1\n|inactive|Battle timer is ON: inactive players will automatically lose when time's up. (requested by ohko_muk)\n|\n|t:|1776191555\n|detailschange|p2b: Blastoise|Blastoise-Mega, L50, M\n|-mega|p2b: Blastoise|Blastoise|Blastoisinite\n|detailschange|p1a: Aggron|Aggron-Mega, L50, M\n|-mega|p1a: Aggron|Aggron|Aggronite\n|move|p2b: Blastoise|Fake Out|p1a: Aggron\n|-resisted|p1a: Aggron|1\n|-damage|p1a: Aggron|98/100\n|move|p1b: Alakazam|Light Screen|p1b: Alakazam\n|-sidestart|p1: SimMikaze|move: Light Screen\n|cant|p1a: Aggron|flinch\n|move|p2a: Farigiraf|Trick Room|p2a: Farigiraf\n|-fieldstart|move: Trick Room|[of] p2a: Farigiraf\n|\n|upkeep\n|turn|2\n|inactive|SimMikaze has 30 seconds left.\n|inactive|SimMikaze has 20 seconds left.\n|inactive|SimMikaze has 15 seconds left.\n|\n|t:|1776191598\n|move|p1a: Aggron|Body Press|p2b: Blastoise\n|-damage|p2b: Blastoise|67/100\n|move|p2a: Farigiraf|Hyper Voice|p1a: Aggron|[spread] p1a,p1b\n|-resisted|p1a: Aggron|1\n|-damage|p1a: Aggron|86/100\n|-damage|p1b: Alakazam|64/100\n|move|p2b: Blastoise|Water Spout|p1b: Alakazam|[spread] p1a,p1b\n|-damage|p1a: Aggron|62/100\n|-damage|p1b: Alakazam|26/100\n|move|p1b: Alakazam|Psychic|p2b: Blastoise\n|-damage|p2b: Blastoise|20/100\n|\n|upkeep\n|turn|3\n|j| sileshar\n|\n|t:|1776191622\n|switch|p1b: Sinistcha|Sinistcha, L50, shiny|100/100\n|-heal|p1a: Aggron|86/100|[from] ability: Hospitality|[of] p1b: Sinistcha\n|move|p1a: Aggron|Body Press|p2b: Blastoise\n|-damage|p2b: Blastoise|0 fnt\n|faint|p2b: Blastoise\n|move|p2a: Farigiraf|Hyper Voice|p1b: Sinistcha|[spread] p1a\n|-immune|p1b: Sinistcha\n|-resisted|p1a: Aggron|1\n|-damage|p1a: Aggron|76/100\n|\n|upkeep\n|\n|t:|1776191631\n|switch|p2b: Bellibolt|Bellibolt, L50, F|100/100\n|turn|4\n|\n|t:|1776191647\n|move|p2b: Bellibolt|Discharge|p1a: Aggron|[spread] p2a,p1a,p1b\n|-resisted|p1b: Sinistcha|1\n|-damage|p2a: Farigiraf|71/100\n|-damage|p1a: Aggron|60/100\n|-damage|p1b: Sinistcha|90/100\n|-status|p1b: Sinistcha|par\n|move|p1b: Sinistcha|Matcha Gotcha|p2b: Bellibolt|[spread] p2b\n|-miss|p1b: Sinistcha|p2a: Farigiraf\n|-damage|p2b: Bellibolt|73/100\n|-heal|p1b: Sinistcha|100/100 par|[from] drain|[of] p2b: Bellibolt\n|-start|p2b: Bellibolt|Charge|Matcha Gotcha|[from] ability: Electromorphosis\n|move|p1a: Aggron|Body Press|p2a: Farigiraf\n|-damage|p2a: Farigiraf|32/100\n|move|p2a: Farigiraf|Psychic|p1b: Sinistcha\n|-damage|p1b: Sinistcha|68/100 par\n|\n|upkeep\n|turn|5\n|inactive|ohko_muk has 30 seconds left.\n|inactive|SimMikaze has 30 seconds left.\n|\n|t:|1776191688\n|switch|p2a: Mamoswine|Mamoswine, L50, M|100/100\n|cant|p1b: Sinistcha|par\n|move|p2b: Bellibolt|Discharge|p1a: Aggron|[spread] p1a,p1b\n|-immune|p2a: Mamoswine\n|-resisted|p1b: Sinistcha|1\n|-damage|p1a: Aggron|28/100\n|-damage|p1b: Sinistcha|46/100 par\n|-enditem|p1b: Sinistcha|Sitrus Berry|[eat]\n|-heal|p1b: Sinistcha|71/100 par|[from] item: Sitrus Berry\n|-end|p2b: Bellibolt|Charge|[silent]\n|move|p1a: Aggron|Body Press|p2a: Mamoswine\n|-supereffective|p2a: Mamoswine|1\n|-damage|p2a: Mamoswine|11/100\n|\n|-sideend|p1: SimMikaze|move: Light Screen\n|-fieldend|move: Trick Room\n|upkeep\n|turn|6\n|inactive|SimMikaze has 30 seconds left.\n|\n|t:|1776191713\n|move|p1a: Aggron|Protect|p1a: Aggron\n|-singleturn|p1a: Aggron|Protect\n|move|p2a: Mamoswine|Icicle Crash|p1b: Sinistcha\n|-supereffective|p1b: Sinistcha|1\n|-damage|p1b: Sinistcha|0 fnt\n|faint|p1b: Sinistcha\n|move|p2b: Bellibolt|Discharge|p1a: Aggron|[spread] \n|-activate|p1a: Aggron|move: Protect\n|-immune|p2a: Mamoswine\n|\n|upkeep\n|\n|t:|1776191720\n|switch|p1b: Alakazam|Alakazam, L50, M|26/100\n|turn|7\n|\n|t:|1776191744\n|move|p2a: Mamoswine|Ice Shard|p1b: Alakazam\n|-damage|p1b: Alakazam|0 fnt\n|faint|p1b: Alakazam\n|move|p1a: Aggron|Heavy Slam|p2a: Mamoswine\n|-supereffective|p2a: Mamoswine|1\n|-damage|p2a: Mamoswine|0 fnt\n|faint|p2a: Mamoswine\n|move|p2b: Bellibolt|Parabolic Charge|p1a: Aggron\n|-damage|p1a: Aggron|0 fnt\n|-heal|p2b: Bellibolt|86/100|[from] drain|[of] p1a: Aggron\n|faint|p1a: Aggron\n|\n|upkeep\n|\n|t:|1776191750\n|switch|p1b: Politoed|Politoed, L50, F|100/100\n|switch|p2a: Farigiraf|Farigiraf, L50, M|32/100\n|-weather|RainDance|[from] ability: Drizzle|[of] p1b: Politoed\n|turn|8\n|\n|t:|1776191772\n|move|p1b: Politoed|Weather Ball|p2b: Bellibolt\n|-damage|p2b: Bellibolt|41/100\n|-start|p2b: Bellibolt|Charge|Weather Ball|[from] ability: Electromorphosis\n|-enditem|p2b: Bellibolt|Sitrus Berry|[eat]\n|-heal|p2b: Bellibolt|66/100|[from] item: Sitrus Berry\n|move|p2b: Bellibolt|Thunderbolt|p1b: Politoed\n|-supereffective|p1b: Politoed|1\n|-damage|p1b: Politoed|0 fnt\n|faint|p1b: Politoed\n|-end|p2b: Bellibolt|Charge|[silent]\n|\n|win|ohko_muk\n|raw|SimMikaze's rating: 1418 &rarr; <strong>1406</strong><br />(-12 for losing)\n|raw|ohko_muk's rating: 1568 &rarr; <strong>1580</strong><br />(+12 for winning)\n|c|\u2606ohko_muk|Gg\n|c|\u2606ohko_muk|Good attempt\n|c|\u2606SimMikaze|Forgot about ice shard\n",
  "uploadtime": 1776191775,
  "views": 35,
  "formatid": "gen9championsvgc2026regma",
  "rating": 1406,
  "private": 0,
  "password": null
}