{
  "id": "gen9championsvgc2026regma-2586293200",
  "format": "[Gen 9 Champions] VGC 2026 Reg M-A",
  "players": [
    "VGCx",
    "1#MiraidonHater"
  ],
  "log": "|j|\u203dVGCx\n|j|\u26061#MiraidonHater\n|t:|1776422155\n|gametype|doubles\n|player|p1|VGCx|170|1214\n|player|p2|1#MiraidonHater|1|1252\n|gen|9\n|tier|[Gen 9 Champions] VGC 2026 Reg M-A\n|rated|\n|rule|Species Clause: Limit one of each Pok\u00e9mon\n|rule|Item Clause: Limit 1 of each item\n|clearpoke\n|poke|p1|Hawlucha, L50, F|\n|poke|p1|Vanilluxe, L50, F|\n|poke|p1|Tauros-Paldea-Aqua, L50, M|\n|poke|p1|Aegislash, L50, F|\n|poke|p1|Talonflame, L50, M|\n|poke|p1|Milotic, L50, M|\n|poke|p2|Glimmora, L50, F|\n|poke|p2|Rotom-Heat, L50|\n|poke|p2|Kommo-o, L50, F|\n|poke|p2|Sinistcha-Masterpiece, L50|\n|poke|p2|Kangaskhan, L50, F|\n|poke|p2|Primarina, L50, F|\n|teampreview|4\n|inactive|Battle timer is ON: inactive players will automatically lose when time's up. (requested by VGCx)\n|inactive|VGCx has 60 seconds left.\n|inactive|1#MiraidonHater has 60 seconds left.\n|\n|t:|1776422203\n|teamsize|p1|4\n|teamsize|p2|4\n|start\n|switch|p1a: Hawlucha|Hawlucha, L50, F|100/100\n|switch|p1b: Vanilluxe|Vanilluxe, L50, F|100/100\n|switch|p2a: Rotom|Rotom-Heat, L50|100/100\n|switch|p2b: Glimmora|Glimmora, L50, F|100/100\n|-weather|Snowscape|[from] ability: Snow Warning|[of] p1b: Vanilluxe\n|turn|1\n|\n|t:|1776422211\n|detailschange|p2b: Glimmora|Glimmora-Mega, L50, F\n|-mega|p2b: Glimmora|Glimmora|Glimmoranite\n|move|p2a: Rotom|Electroweb|p1a: Hawlucha|[spread] p1a,p1b\n|-supereffective|p1a: Hawlucha|1\n|-damage|p1a: Hawlucha|39/100\n|-damage|p1b: Vanilluxe|82/100\n|-unboost|p1a: Hawlucha|spe|1\n|-unboost|p1b: Vanilluxe|spe|1\n|move|p2b: Glimmora|Power Gem|p1a: Hawlucha\n|-damage|p1a: Hawlucha|0 fnt\n|faint|p1a: Hawlucha\n|move|p1b: Vanilluxe|Sheer Cold|p2a: Rotom|[miss]\n|-miss|p1b: Vanilluxe|p2a: Rotom\n|\n|-weather|Snowscape|[upkeep]\n|upkeep\n|\n|t:|1776422225\n|switch|p1a: Tauros|Tauros-Paldea-Aqua, L50, M|100/100\n|turn|2\n|\n|t:|1776422239\n|move|p2a: Rotom|Electroweb|p1b: Vanilluxe|[spread] p1a,p1b\n|-supereffective|p1a: Tauros|1\n|-damage|p1a: Tauros|36/100\n|-damage|p1b: Vanilluxe|63/100\n|-unboost|p1a: Tauros|spe|1\n|-unboost|p1b: Vanilluxe|spe|1\n|-enditem|p1a: Tauros|White Herb\n|-clearnegativeboost|p1a: Tauros|[silent]\n|move|p2b: Glimmora|Sludge Bomb|p1a: Tauros\n|-damage|p1a: Tauros|0 fnt\n|faint|p1a: Tauros\n|move|p1b: Vanilluxe|Sheer Cold|p2b: Glimmora\n|-damage|p2b: Glimmora|0 fnt\n|faint|p2b: Glimmora\n|-ohko\n|\n|-weather|Snowscape|[upkeep]\n|upkeep\n|\n|t:|1776422257\n|switch|p2b: Primarina|Primarina, L50, F|100/100\n|switch|p1a: Aegislash|Aegislash, L50, F|100/100\n|turn|3\n|\n|t:|1776422265\n|move|p2a: Rotom|Electroweb|p1b: Vanilluxe|[spread] p1a,p1b\n|-damage|p1a: Aegislash|86/100\n|-damage|p1b: Vanilluxe|46/100\n|-unboost|p1a: Aegislash|spe|1\n|-unboost|p1b: Vanilluxe|spe|1\n|move|p2b: Primarina|Hyper Voice|p1a: Aegislash|[spread] p1a,p1b\n|-damage|p1a: Aegislash|47/100\n|-damage|p1b: Vanilluxe|4/100\n|move|p1b: Vanilluxe|Sheer Cold|p2b: Primarina|[miss]\n|-miss|p1b: Vanilluxe|p2b: Primarina\n|-formechange|p1a: Aegislash|Aegislash-Blade|\n|move|p1a: Aegislash|Poltergeist|p2a: Rotom\n|-activate|p2a: Rotom|move: Poltergeist|Choice Scarf\n|-damage|p2a: Rotom|24/100\n|\n|-weather|Snowscape|[upkeep]\n|upkeep\n|turn|4\n|\n|t:|1776422284\n|move|p1a: Aegislash|Wide Guard|p1a: Aegislash\n|-singleturn|p1a: Aegislash|Wide Guard\n|move|p2a: Rotom|Electroweb|p1a: Aegislash|[spread] \n|-activate|p1a: Aegislash|move: Wide Guard\n|-activate|p1b: Vanilluxe|move: Wide Guard\n|move|p2b: Primarina|Hyper Voice|p1a: Aegislash|[spread] \n|-activate|p1a: Aegislash|move: Wide Guard\n|-activate|p1b: Vanilluxe|move: Wide Guard\n|move|p1b: Vanilluxe|Sheer Cold|p2b: Primarina|[miss]\n|-miss|p1b: Vanilluxe|p2b: Primarina\n|\n|-weather|Snowscape|[upkeep]\n|upkeep\n|turn|5\n|\n|t:|1776422295\n|switch|p2a: Kangaskhan|Kangaskhan, L50, F|100/100\n|move|p1a: Aegislash|Shadow Sneak|p2a: Kangaskhan\n|-immune|p2a: Kangaskhan\n|move|p2b: Primarina|Moonblast|p1b: Vanilluxe\n|-damage|p1b: Vanilluxe|0 fnt\n|faint|p1b: Vanilluxe\n|\n|-weather|none\n|upkeep\n|turn|6\n|-message|VGCx forfeited.\n|\n|win|1#MiraidonHater\n|raw|VGCx's rating: 1214 &rarr; <strong>1192</strong><br />(-22 for losing)\n|raw|1#MiraidonHater's rating: 1252 &rarr; <strong>1274</strong><br />(+22 for winning)\n|l|\u203dVGCx\n|player|p1|\n",
  "uploadtime": 1776422311,
  "views": 26,
  "formatid": "gen9championsvgc2026regma",
  "rating": 1192,
  "private": 0,
  "password": null
}