{
  "id": "gen9championsvgc2026regma-2585808227",
  "format": "[Gen 9 Champions] VGC 2026 Reg M-A",
  "players": [
    "NathanaelW19",
    "Poliwhirl100"
  ],
  "log": "|j|\u2606NathanaelW19\n|j|\u2606Poliwhirl100\n|t:|1776372134\n|gametype|doubles\n|player|p1|NathanaelW19|dragontamer|1209\n|player|p2|Poliwhirl100|preschooler|1249\n|gen|9\n|tier|[Gen 9 Champions] VGC 2026 Reg M-A\n|rated|\n|rule|Species Clause: Limit one of each Pok\u00e9mon\n|rule|Item Clause: Limit 1 of each item\n|clearpoke\n|poke|p1|Glalie, L50, F|\n|poke|p1|Whimsicott, L50, M|\n|poke|p1|Kingambit, L50, F|\n|poke|p1|Hydreigon, L50, M|\n|poke|p1|Basculegion, L50, M|\n|poke|p1|Farigiraf, L50, M|\n|poke|p2|Floette-Eternal, L50, F|\n|poke|p2|Aerodactyl, L50, M|\n|poke|p2|Incineroar, L50, F|\n|poke|p2|Maushold, L50|\n|poke|p2|Sneasler, L50, F|\n|poke|p2|Sinistcha, L50|\n|teampreview|4\n|inactive|Battle timer is ON: inactive players will automatically lose when time's up. (requested by NathanaelW19)\n|inactive|NathanaelW19 has 60 seconds left.\n|\n|t:|1776372187\n|teamsize|p1|4\n|teamsize|p2|4\n|start\n|switch|p1a: Bom|Glalie, L50, F, shiny|100/100\n|switch|p1b: Picker|Whimsicott, L50, M, shiny|100/100\n|switch|p2a: Floette|Floette-Eternal, L50, F|100/100\n|switch|p2b: Maushold|Maushold, L50|100/100\n|turn|1\n|\n|t:|1776372206\n|detailschange|p1a: Bom|Glalie-Mega, L50, F, shiny\n|-mega|p1a: Bom|Glalie|Glalitite\n|detailschange|p2a: Floette|Floette-Mega, L50, F\n|-mega|p2a: Floette|Floette|Floettite\n|-ability|p2a: Floette|Fairy Aura\n|move|p2b: Maushold|Helping Hand|p2a: Floette\n|-singleturn|p2a: Floette|Helping Hand|[of] p2b: Maushold\n|move|p1a: Bom|Protect|p1a: Bom\n|-singleturn|p1a: Bom|Protect\n|move|p1b: Picker|Tailwind|p1b: Picker\n|-sidestart|p1: NathanaelW19|move: Tailwind\n|move|p2a: Floette|Moonblast|p1a: Bom\n|-activate|p1a: Bom|move: Protect\n|\n|upkeep\n|turn|2\n|\n|t:|1776372222\n|move|p2b: Maushold|Follow Me|p2b: Maushold\n|-singleturn|p2b: Maushold|move: Follow Me\n|move|p1b: Picker|Encore|p2b: Maushold\n|-start|p2b: Maushold|Encore\n|move|p1a: Bom|Explosion|p2a: Floette|[spread] p1b,p2a,p2b\n|-supereffective|p1b: Picker|1\n|-enditem|p1b: Picker|Focus Sash\n|-damage|p1b: Picker|1/100\n|-damage|p2a: Floette|0 fnt\n|-enditem|p2b: Maushold|Focus Sash\n|-damage|p2b: Maushold|1/100\n|faint|p1a: Bom\n|faint|p2a: Floette\n|\n|upkeep\n|\n|t:|1776372241\n|switch|p1a: Ifargrafi|Farigiraf, L50, M, shiny|100/100\n|switch|p2a: Incineroar|Incineroar, L50, F|100/100\n|-ability|p2a: Incineroar|Intimidate|boost\n|-unboost|p1a: Ifargrafi|atk|1\n|-unboost|p1b: Picker|atk|1\n|turn|3\n|\n|t:|1776372257\n|move|p2b: Maushold|Follow Me|p2b: Maushold\n|-singleturn|p2b: Maushold|move: Follow Me\n|move|p1b: Picker|Moonblast|p2b: Maushold\n|-damage|p2b: Maushold|0 fnt\n|faint|p2b: Maushold\n|move|p1a: Ifargrafi|Hyper Voice|p2a: Incineroar\n|-damage|p2a: Incineroar|71/100\n|move|p2a: Incineroar|Flare Blitz|p1a: Ifargrafi\n|-damage|p1a: Ifargrafi|59/100\n|-damage|p2a: Incineroar|55/100|[from] Recoil\n|\n|upkeep\n|\n|t:|1776372261\n|switch|p2b: Sinistcha|Sinistcha, L50|100/100\n|-heal|p2a: Incineroar|80/100|[from] ability: Hospitality|[of] p2b: Sinistcha\n|turn|4\n|\n|t:|1776372279\n|move|p1b: Picker|Moonblast|p2b: Sinistcha\n|-damage|p2b: Sinistcha|61/100\n|move|p1a: Ifargrafi|Hyper Voice|p2a: Incineroar|[spread] p2a\n|-immune|p2b: Sinistcha\n|-damage|p2a: Incineroar|56/100\n|move|p2b: Sinistcha|Matcha Gotcha|p1b: Picker|[spread] p1a,p1b\n|-resisted|p1b: Picker|1\n|-damage|p1a: Ifargrafi|35/100\n|-heal|p2b: Sinistcha|76/100|[from] drain|[of] p1a: Ifargrafi\n|-damage|p1b: Picker|0 fnt\n|-heal|p2b: Sinistcha|77/100|[from] drain|[of] p1b: Picker\n|-enditem|p1a: Ifargrafi|Sitrus Berry|[eat]\n|-heal|p1a: Ifargrafi|60/100|[from] item: Sitrus Berry\n|faint|p1b: Picker\n|move|p2a: Incineroar|Flare Blitz|p1a: Ifargrafi\n|-damage|p1a: Ifargrafi|18/100\n|-damage|p2a: Incineroar|41/100|[from] Recoil\n|-enditem|p2a: Incineroar|Sitrus Berry|[eat]\n|-heal|p2a: Incineroar|66/100|[from] item: Sitrus Berry\n|\n|-heal|p2b: Sinistcha|83/100|[from] item: Leftovers\n|-sideend|p1: NathanaelW19|move: Tailwind\n|upkeep\n|\n|t:|1776372283\n|switch|p1b: Beowulf|Basculegion, L50, M, shiny|100/100\n|turn|5\n|\n|t:|1776372290\n|move|p2b: Sinistcha|Protect|p2b: Sinistcha\n|-singleturn|p2b: Sinistcha|Protect\n|move|p1b: Beowulf|Last Respects|p2b: Sinistcha\n|-activate|p2b: Sinistcha|move: Protect\n|move|p1a: Ifargrafi|Hyper Voice|p2a: Incineroar|[spread] p2a\n|-activate|p2b: Sinistcha|move: Protect\n|-damage|p2a: Incineroar|43/100\n|move|p2a: Incineroar|Will-O-Wisp|p1b: Beowulf\n|-status|p1b: Beowulf|brn\n|\n|-heal|p2b: Sinistcha|89/100|[from] item: Leftovers\n|-damage|p1b: Beowulf|94/100 brn|[from] brn\n|upkeep\n|turn|6\n|\n|t:|1776372310\n|move|p1b: Beowulf|Last Respects|p2b: Sinistcha\n|-supereffective|p2b: Sinistcha|1\n|-damage|p2b: Sinistcha|26/100\n|move|p1a: Ifargrafi|Psychic|p2b: Sinistcha\n|-damage|p2b: Sinistcha|0 fnt\n|faint|p2b: Sinistcha\n|move|p2a: Incineroar|Flare Blitz|p1a: Ifargrafi\n|-damage|p1a: Ifargrafi|0 fnt\n|faint|p1a: Ifargrafi\n|-damage|p2a: Incineroar|37/100|[from] Recoil\n|\n|-damage|p1b: Beowulf|88/100 brn|[from] brn\n|upkeep\n|turn|7\n|\n|t:|1776372319\n|move|p1b: Beowulf|Last Respects|p2a: Incineroar\n|-resisted|p2a: Incineroar|1\n|-damage|p2a: Incineroar|6/100\n|move|p2a: Incineroar|Flare Blitz|p1b: Beowulf\n|-resisted|p1b: Beowulf|1\n|-damage|p1b: Beowulf|54/100 brn\n|-damage|p2a: Incineroar|0 fnt|[from] Recoil\n|faint|p2a: Incineroar\n|\n|win|NathanaelW19\n|raw|NathanaelW19's rating: 1209 &rarr; <strong>1237</strong><br />(+28 for winning)\n|raw|Poliwhirl100's rating: 1249 &rarr; <strong>1221</strong><br />(-28 for losing)\n|l|\u2606Poliwhirl100\n|player|p2|\n",
  "uploadtime": 1776372340,
  "views": 20,
  "formatid": "gen9championsvgc2026regma",
  "rating": 1221,
  "private": 0,
  "password": null
}