{
  "id": "gen9championsvgc2026regma-2586232888",
  "format": "[Gen 9 Champions] VGC 2026 Reg M-A",
  "players": [
    "fangyusuhe",
    "bonobobohemio"
  ],
  "log": "|j|\u2606fangyusuhe\n|j|\u2606bonobobohemio\n|t:|1776415385\n|gametype|doubles\n|player|p1|fangyusuhe|dawn|1500\n|player|p2|bonobobohemio|blaine|1496\n|gen|9\n|tier|[Gen 9 Champions] VGC 2026 Reg M-A\n|rated|\n|rule|Species Clause: Limit one of each Pok\u00e9mon\n|rule|Item Clause: Limit 1 of each item\n|clearpoke\n|poke|p1|Charizard, L50, M|\n|poke|p1|Sneasler, L50, F|\n|poke|p1|Garchomp, L50, F|\n|poke|p1|Incineroar, L50, F|\n|poke|p1|Kingambit, L50, F|\n|poke|p1|Basculegion, L50, M|\n|poke|p2|Garchomp, L50, M|\n|poke|p2|Tyranitar, L50, M|\n|poke|p2|Meganium, L50, F|\n|poke|p2|Corviknight, L50, M|\n|poke|p2|Farigiraf, L50, M|\n|poke|p2|Talonflame, L50, M|\n|teampreview|4\n|inactive|Battle timer is ON: inactive players will automatically lose when time's up. (requested by bonobobohemio)\n|j| gamalvgc?\n|\n|t:|1776415415\n|teamsize|p1|4\n|teamsize|p2|4\n|start\n|switch|p1a: Sneasler|Sneasler, L50, F|100/100\n|switch|p1b: Garchomp|Garchomp, L50, F|100/100\n|switch|p2a: Garchomp|Garchomp, L50, M|100/100\n|switch|p2b: Farigiraf|Farigiraf, L50, M|100/100\n|turn|1\n|\n|t:|1776415429\n|move|p2a: Garchomp|Protect|p2a: Garchomp\n|-singleturn|p2a: Garchomp|Protect\n|move|p1a: Sneasler|Close Combat|p2a: Garchomp\n|-activate|p2a: Garchomp|move: Protect\n|move|p1b: Garchomp|Dragon Claw|p2a: Garchomp\n|-activate|p2a: Garchomp|move: Protect\n|move|p2b: Farigiraf|Trick Room|p2b: Farigiraf\n|-fieldstart|move: Trick Room|[of] p2b: Farigiraf\n|\n|upkeep\n|turn|2\n|\n|t:|1776415437\n|detailschange|p2a: Garchomp|Garchomp-Mega, L50, M\n|-mega|p2a: Garchomp|Garchomp|Garchompite\n|move|p1a: Sneasler|Protect|p1a: Sneasler\n|-singleturn|p1a: Sneasler|Protect\n|move|p2b: Farigiraf|Twin Beam|p1a: Sneasler\n|-activate|p1a: Sneasler|move: Protect\n|move|p2a: Garchomp|Draco Meteor|p1b: Garchomp\n|-supereffective|p1b: Garchomp|1\n|-enditem|p1b: Garchomp|Haban Berry|[eat]\n|-enditem|p1b: Garchomp|Haban Berry|[weaken]\n|-damage|p1b: Garchomp|39/100\n|-unboost|p2a: Garchomp|spa|2\n|move|p1b: Garchomp|Dragon Claw|p2a: Garchomp\n|-supereffective|p2a: Garchomp|1\n|-damage|p2a: Garchomp|37/100\n|\n|upkeep\n|turn|3\n|j| zundamon\n|\n|t:|1776415455\n|switch|p1a: Kingambit|Kingambit, L50, F|100/100\n|move|p2b: Farigiraf|Twin Beam|p1a: Kingambit\n|-immune|p1a: Kingambit\n|move|p2a: Garchomp|Draco Meteor|p1b: Garchomp\n|-supereffective|p1b: Garchomp|1\n|-damage|p1b: Garchomp|0 fnt\n|-unboost|p2a: Garchomp|spa|2\n|faint|p1b: Garchomp\n|\n|upkeep\n|\n|t:|1776415464\n|switch|p1b: Charizard|Charizard, L50, M|100/100\n|turn|4\n|l| zundamon\n|\n|t:|1776415482\n|move|p2b: Farigiraf|Protect|p2b: Farigiraf\n|-singleturn|p2b: Farigiraf|Protect\n|move|p2a: Garchomp|Protect|p2a: Garchomp\n|-singleturn|p2a: Garchomp|Protect\n|move|p1a: Kingambit|Kowtow Cleave|p2a: Garchomp\n|-activate|p2a: Garchomp|move: Protect\n|move|p1b: Charizard|Heat Wave|p2b: Farigiraf|[spread] \n|-activate|p2a: Garchomp|move: Protect\n|-activate|p2b: Farigiraf|move: Protect\n|\n|upkeep\n|turn|5\n|j| zundamon\n|\n|t:|1776415494\n|switch|p2a: Talonflame|Talonflame, L50, M|100/100\n|move|p1a: Kingambit|Swords Dance|p1a: Kingambit\n|-boost|p1a: Kingambit|atk|2\n|move|p2b: Farigiraf|Twin Beam|p1b: Charizard\n|-damage|p1b: Charizard|80/100\n|-damage|p1b: Charizard|59/100\n|-hitcount|p1b: Charizard|2\n|move|p1b: Charizard|Air Slash|p2a: Talonflame|[miss]\n|-miss|p1b: Charizard|p2a: Talonflame\n|\n|-fieldend|move: Trick Room\n|upkeep\n|turn|6\n|\n|t:|1776415508\n|move|p2a: Talonflame|Tailwind|p2a: Talonflame\n|-sidestart|p2: bonobobohemio|move: Tailwind\n|move|p2b: Farigiraf|Foul Play|p1a: Kingambit\n|-resisted|p1a: Kingambit|1\n|-damage|p1a: Kingambit|76/100\n|move|p1b: Charizard|Air Slash|p2a: Talonflame\n|-damage|p2a: Talonflame|44/100\n|move|p1a: Kingambit|Kowtow Cleave|p2b: Farigiraf\n|-supereffective|p2b: Farigiraf|1\n|-damage|p2b: Farigiraf|0 fnt\n|faint|p2b: Farigiraf\n|\n|upkeep\n|\n|t:|1776415514\n|switch|p2b: Garchomp|Garchomp-Mega, L50, M|37/100\n|turn|7\n|\n|t:|1776415522\n|move|p2b: Garchomp|Protect|p2b: Garchomp\n|-singleturn|p2b: Garchomp|Protect\n|move|p1a: Kingambit|Sucker Punch||[still]\n|-fail|p1a: Kingambit\n|move|p2a: Talonflame|Flare Blitz|p1a: Kingambit\n|-supereffective|p1a: Kingambit|1\n|-damage|p1a: Kingambit|11/100\n|-damage|p2a: Talonflame|16/100|[from] Recoil\n|move|p1b: Charizard|Heat Wave|p2b: Garchomp|[spread] p2a\n|-activate|p2b: Garchomp|move: Protect\n|-resisted|p2a: Talonflame|1\n|-damage|p2a: Talonflame|0 fnt\n|faint|p2a: Talonflame\n|\n|upkeep\n|\n|t:|1776415525\n|switch|p2a: Tyranitar|Tyranitar, L50, M|100/100\n|-weather|Sandstorm|[from] ability: Sand Stream|[of] p2a: Tyranitar\n|turn|8\n|j| old cluf\n|\n|t:|1776415539\n|move|p2b: Garchomp|Protect|p2b: Garchomp\n|-singleturn|p2b: Garchomp|Protect\n|move|p1b: Charizard|Protect|p1b: Charizard\n|-singleturn|p1b: Charizard|Protect\n|move|p1a: Kingambit|Sucker Punch|p2a: Tyranitar\n|-resisted|p2a: Tyranitar|1\n|-damage|p2a: Tyranitar|68/100\n|move|p2a: Tyranitar|Rock Slide|p1a: Kingambit|[spread] \n|-activate|p1b: Charizard|move: Protect\n|-miss|p2a: Tyranitar|p1a: Kingambit\n|\n|-weather|Sandstorm|[upkeep]\n|-damage|p1b: Charizard|53/100|[from] Sandstorm\n|upkeep\n|turn|9\n|\n|t:|1776415553\n|switch|p1b: Sneasler|Sneasler, L50, F|100/100\n|move|p2b: Garchomp|Protect||[still]\n|-fail|p2b: Garchomp\n|move|p1a: Kingambit|Sucker Punch||[still]\n|-fail|p1a: Kingambit\n|move|p2a: Tyranitar|Rock Slide|p1a: Kingambit|[spread] p1a,p1b\n|-resisted|p1a: Kingambit|1\n|-resisted|p1b: Sneasler|1\n|-damage|p1a: Kingambit|0 fnt\n|-damage|p1b: Sneasler|71/100\n|faint|p1a: Kingambit\n|\n|-weather|Sandstorm|[upkeep]\n|-damage|p1b: Sneasler|66/100|[from] Sandstorm\n|-sideend|p2: bonobobohemio|move: Tailwind\n|upkeep\n|\n|t:|1776415557\n|switch|p1a: Charizard|Charizard, L50, M|53/100\n|turn|10\n|l| gamalvgc?\n|\n|t:|1776415567\n|detailschange|p1a: Charizard|Charizard-Mega-Y, L50, M\n|-mega|p1a: Charizard|Charizard|Charizardite Y\n|-weather|SunnyDay|[from] ability: Drought|[of] p1a: Charizard\n|move|p2b: Garchomp|Protect|p2b: Garchomp\n|-singleturn|p2b: Garchomp|Protect\n|move|p2a: Tyranitar|Protect|p2a: Tyranitar\n|-singleturn|p2a: Tyranitar|Protect\n|move|p1b: Sneasler|Close Combat|p2b: Garchomp\n|-activate|p2b: Garchomp|move: Protect\n|move|p1a: Charizard|Heat Wave|p2a: Tyranitar|[spread] \n|-activate|p2a: Tyranitar|move: Protect\n|-activate|p2b: Garchomp|move: Protect\n|\n|-weather|SunnyDay|[upkeep]\n|upkeep\n|turn|11\n|\n|t:|1776415580\n|move|p1b: Sneasler|Close Combat|p2a: Tyranitar\n|-supereffective|p2a: Tyranitar|2\n|-damage|p2a: Tyranitar|0 fnt\n|-unboost|p1b: Sneasler|def|1\n|-unboost|p1b: Sneasler|spd|1\n|faint|p2a: Tyranitar\n|-enditem|p1b: Sneasler|White Herb\n|-clearnegativeboost|p1b: Sneasler|[silent]\n|move|p1a: Charizard|Air Slash|p2b: Garchomp\n|-damage|p2b: Garchomp|0 fnt\n|faint|p2b: Garchomp\n|\n|win|fangyusuhe\n|raw|fangyusuhe's rating: 1500 &rarr; <strong>1520</strong><br />(+20 for winning)\n|raw|bonobobohemio's rating: 1496 &rarr; <strong>1476</strong><br />(-20 for losing)\n|l|\u2606bonobobohemio\n|player|p2|\n|l|\u2606fangyusuhe\n|player|p1|\n|j| gamalvgc?\n|l| gamalvgc?\n",
  "uploadtime": 1776415605,
  "views": 46,
  "formatid": "gen9championsvgc2026regma",
  "rating": 1476,
  "private": 0,
  "password": null
}