{
  "id": "gen9championsvgc2026regma-2581648413",
  "format": "[Gen 9 Champions] VGC 2026 Reg M-A",
  "players": [
    "Rigbert",
    "gayaoi"
  ],
  "log": "|j|\u2606Rigbert\n|j|\u2606gayaoi\n|t:|1776017817\n|gametype|doubles\n|player|p1|Rigbert|1|1302\n|player|p2|gayaoi|2|1346\n|gen|9\n|tier|[Gen 9 Champions] VGC 2026 Reg M-A\n|rated|\n|rule|Species Clause: Limit one of each Pok\u00e9mon\n|rule|Item Clause: Limit 1 of each item\n|clearpoke\n|poke|p1|Charizard, L50, F|\n|poke|p1|Sneasler, L50, M|\n|poke|p1|Whimsicott, L50, M|\n|poke|p1|Farigiraf, L50, M|\n|poke|p1|Incineroar, L50, F|\n|poke|p1|Garchomp, L50, F|\n|poke|p2|Farigiraf, L50, M|\n|poke|p2|Clefable, L50, F|\n|poke|p2|Volcarona, L50, M|\n|poke|p2|Whimsicott, L50, F|\n|poke|p2|Kangaskhan, L50, F|\n|poke|p2|Corviknight, L50, M|\n|teampreview|4\n|inactive|Battle timer is ON: inactive players will automatically lose when time's up. (requested by gayaoi)\n|j| gE1xjZRtuhW2DdT0AK\n|\n|t:|1776017832\n|teamsize|p1|4\n|teamsize|p2|4\n|start\n|switch|p1a: Charizard|Charizard, L50, F|100/100\n|switch|p1b: Farigiraf|Farigiraf, L50, M|100/100\n|switch|p2a: Corviknight|Corviknight, L50, M|100/100\n|switch|p2b: Kangaskhan|Kangaskhan, L50, F|100/100\n|turn|1\n|\n|t:|1776017850\n|switch|p2a: Volcarona|Volcarona, L50, M|100/100\n|detailschange|p1a: Charizard|Charizard-Mega-Y, L50, F\n|-mega|p1a: Charizard|Charizard|Charizardite Y\n|-weather|SunnyDay|[from] ability: Drought|[of] p1a: Charizard\n|detailschange|p2b: Kangaskhan|Kangaskhan-Mega, L50, F\n|-mega|p2b: Kangaskhan|Kangaskhan|Kangaskhanite\n|move|p2b: Kangaskhan|Double-Edge|p1a: Charizard\n|-damage|p1a: Charizard|9/100\n|-damage|p1a: Charizard|0 fnt\n|faint|p1a: Charizard\n|-hitcount|p1: Charizard|2\n|-damage|p2b: Kangaskhan|72/100|[from] Recoil\n|move|p1b: Farigiraf|Hyper Voice|p2a: Volcarona|[spread] p2a,p2b\n|-damage|p2a: Volcarona|66/100\n|-damage|p2b: Kangaskhan|40/100\n|\n|-weather|SunnyDay|[upkeep]\n|upkeep\n|\n|t:|1776017866\n|switch|p1a: Garchomp|Garchomp, L50, F|100/100\n|turn|2\n|\n|t:|1776017875\n|switch|p2b: Corviknight|Corviknight, L50, M|100/100\n|move|p1a: Garchomp|Rock Slide|p2b: Corviknight|[spread] p2a,p2b\n|-supereffective|p2a: Volcarona|2\n|-damage|p2a: Volcarona|0 fnt\n|-damage|p2b: Corviknight|88/100\n|faint|p2a: Volcarona\n|move|p1b: Farigiraf|Hyper Voice|p2b: Corviknight\n|-resisted|p2b: Corviknight|1\n|-damage|p2b: Corviknight|64/100\n|\n|-weather|SunnyDay|[upkeep]\n|upkeep\n|\n|t:|1776017886\n|switch|p2a: Farigiraf|Farigiraf, L50, M|100/100\n|turn|3\n|\n|t:|1776017892\n|move|p1a: Garchomp|Rock Slide|p2b: Corviknight|[spread] p2a,p2b\n|-crit|p2b: Corviknight\n|-damage|p2a: Farigiraf|88/100\n|-damage|p2b: Corviknight|46/100\n|move|p2b: Corviknight|Body Press|p1b: Farigiraf\n|-damage|p1b: Farigiraf|72/100\n|move|p1b: Farigiraf|Imprison|p1b: Farigiraf\n|-start|p1b: Farigiraf|move: Imprison\n|cant|p2a: Farigiraf|move: Imprison|Trick Room\n|\n|-weather|SunnyDay|[upkeep]\n|upkeep\n|turn|4\n|inactive|Rigbert has 30 seconds left.\n|inactive|gayaoi has 30 seconds left.\n|inactive|gayaoi has 20 seconds left.\n|\n|t:|1776017928\n|move|p1a: Garchomp|Rock Slide|p2a: Farigiraf|[spread] p2a\n|-miss|p1a: Garchomp|p2b: Corviknight\n|-damage|p2a: Farigiraf|75/100\n|move|p2b: Corviknight|Brave Bird|p1a: Garchomp\n|-damage|p1a: Garchomp|59/100\n|-damage|p2b: Corviknight|34/100|[from] ability: Rough Skin|[of] p1a: Garchomp\n|-damage|p2b: Corviknight|22/100|[from] Recoil\n|move|p2a: Farigiraf|Foul Play|p1a: Garchomp\n|-damage|p1a: Garchomp|24/100\n|-damage|p2a: Farigiraf|63/100|[from] ability: Rough Skin|[of] p1a: Garchomp\n|move|p1b: Farigiraf|Psychic|p2b: Corviknight\n|-resisted|p2b: Corviknight|1\n|-damage|p2b: Corviknight|0 fnt\n|faint|p2b: Corviknight\n|\n|-weather|SunnyDay|[upkeep]\n|upkeep\n|\n|t:|1776017944\n|switch|p2b: Kangaskhan|Kangaskhan-Mega, L50, F|40/100\n|turn|5\n|\n|t:|1776017954\n|move|p1a: Garchomp|Rock Slide|p2a: Farigiraf|[spread] p2b\n|-miss|p1a: Garchomp|p2a: Farigiraf\n|-damage|p2b: Kangaskhan|20/100\n|cant|p2b: Kangaskhan|flinch\n|move|p2a: Farigiraf|Foul Play|p1b: Farigiraf\n|-supereffective|p1b: Farigiraf|1\n|-damage|p1b: Farigiraf|30/100\n|-enditem|p1b: Farigiraf|Sitrus Berry|[eat]\n|-heal|p1b: Farigiraf|55/100|[from] item: Sitrus Berry\n|move|p1b: Farigiraf|Hyper Voice|p2b: Kangaskhan|[spread] p2a,p2b\n|-damage|p2a: Farigiraf|27/100\n|-damage|p2b: Kangaskhan|0 fnt\n|-enditem|p2a: Farigiraf|Sitrus Berry|[eat]\n|-heal|p2a: Farigiraf|52/100|[from] item: Sitrus Berry\n|faint|p2b: Kangaskhan\n|\n|-weather|none\n|upkeep\n|turn|6\n|-message|gayaoi forfeited.\n|\n|win|Rigbert\n|raw|Rigbert's rating: 1302 &rarr; <strong>1325</strong><br />(+23 for winning)\n|raw|gayaoi's rating: 1346 &rarr; <strong>1323</strong><br />(-23 for losing)\n|l|\u2606gayaoi\n|player|p2|\n|l|\u2606Rigbert\n|player|p1|\n",
  "uploadtime": 1776017986,
  "views": 27,
  "formatid": "gen9championsvgc2026regma",
  "rating": 1323,
  "private": 0,
  "password": null
}