{
  "id": "gen9championsvgc2026regma-2585066520",
  "format": "[Gen 9 Champions] VGC 2026 Reg M-A",
  "players": [
    "Galactico37",
    "blackskull345"
  ],
  "log": "|j|\u2606Galactico37\n|j|\u2606blackskull345\n|t:|1776308329\n|gametype|doubles\n|player|p1|Galactico37|169|1082\n|player|p2|blackskull345|101|1000\n|gen|9\n|tier|[Gen 9 Champions] VGC 2026 Reg M-A\n|rated|\n|rule|Species Clause: Limit one of each Pok\u00e9mon\n|rule|Item Clause: Limit 1 of each item\n|clearpoke\n|poke|p1|Sableye, L50, M|\n|poke|p1|Drampa, L50, M|\n|poke|p1|Sinistcha, L50|\n|poke|p1|Orthworm, L50, M|\n|poke|p1|Meowstic, L50, M|\n|poke|p1|Scizor, L50, M|\n|poke|p2|Furfrou, L50, F|\n|poke|p2|Floette-Eternal, L50, F|\n|poke|p2|Volcarona, L50, M|\n|poke|p2|Tauros-Paldea-Aqua, L50, M|\n|poke|p2|Rotom-Frost, L50|\n|poke|p2|Gengar, L50, M|\n|teampreview|4\n|inactive|Battle timer is ON: inactive players will automatically lose when time's up. (requested by blackskull345)\n|\n|t:|1776308392\n|teamsize|p1|4\n|teamsize|p2|4\n|start\n|switch|p1a: Sableye|Sableye, L50, M|100/100\n|switch|p1b: Meowstic|Meowstic, L50, M|100/100\n|switch|p2a: Volcarona|Volcarona, L50, M|100/100\n|switch|p2b: Furfrou|Furfrou, L50, F|100/100\n|turn|1\n|\n|t:|1776308412\n|move|p1b: Meowstic|Calm Mind|p1b: Meowstic\n|-boost|p1b: Meowstic|spa|1\n|-boost|p1b: Meowstic|spd|1\n|move|p1a: Sableye|Thunder Wave|p2a: Volcarona\n|-status|p2a: Volcarona|par\n|move|p2b: Furfrou|Snarl|p1a: Sableye|[spread] p1a,p1b\n|-supereffective|p1b: Meowstic|1\n|-damage|p1a: Sableye|92/100\n|-damage|p1b: Meowstic|92/100\n|-unboost|p1a: Sableye|spa|1\n|-unboost|p1b: Meowstic|spa|1\n|cant|p2a: Volcarona|par\n|\n|upkeep\n|turn|2\n|\n|t:|1776308431\n|move|p1b: Meowstic|Yawn|p2b: Furfrou\n|-start|p2b: Furfrou|move: Yawn|[of] p1b: Meowstic\n|move|p1a: Sableye|Thunder Wave|p2b: Furfrou\n|-status|p2b: Furfrou|par\n|move|p2b: Furfrou|Snarl|p1b: Meowstic|[spread] p1a,p1b\n|-supereffective|p1b: Meowstic|1\n|-damage|p1a: Sableye|81/100\n|-damage|p1b: Meowstic|84/100\n|-unboost|p1a: Sableye|spa|1\n|-unboost|p1b: Meowstic|spa|1\n|cant|p2a: Volcarona|par\n|\n|upkeep\n|turn|3\n|\n|t:|1776308449\n|switch|p1b: Drampa|Drampa, L50, M|100/100\n|switch|p1a: Sinistcha|Sinistcha, L50|100/100\n|move|p2b: Furfrou|Snarl|p1a: Sinistcha|[spread] p1a,p1b\n|-supereffective|p1a: Sinistcha|1\n|-damage|p1a: Sinistcha|86/100\n|-damage|p1b: Drampa|95/100\n|-unboost|p1a: Sinistcha|spa|1\n|-unboost|p1b: Drampa|spa|1\n|cant|p2a: Volcarona|par\n|\n|-heal|p1a: Sinistcha|92/100|[from] item: Leftovers\n|-end|p2b: Furfrou|move: Yawn|[silent]\n|upkeep\n|turn|4\n|\n|t:|1776308471\n|switch|p2a: Floette|Floette-Eternal, L50, F|100/100\n|detailschange|p1b: Drampa|Drampa-Mega, L50, M\n|-mega|p1b: Drampa|Drampa|Drampanite\n|move|p2b: Furfrou|Snarl|p1a: Sinistcha|[spread] p1a,p1b\n|-supereffective|p1a: Sinistcha|1\n|-damage|p1a: Sinistcha|79/100\n|-damage|p1b: Drampa|89/100\n|-unboost|p1a: Sinistcha|spa|1\n|-unboost|p1b: Drampa|spa|1\n|move|p1b: Drampa|Calm Mind|p1b: Drampa\n|-boost|p1b: Drampa|spa|1\n|-boost|p1b: Drampa|spd|1\n|move|p1a: Sinistcha|Trick Room|p1a: Sinistcha\n|-fieldstart|move: Trick Room|[of] p1a: Sinistcha\n|\n|-heal|p1a: Sinistcha|85/100|[from] item: Leftovers\n|upkeep\n|turn|5\n|inactive|blackskull345 has 30 seconds left.\n|\n|t:|1776308497\n|switch|p1a: Meowstic|Meowstic, L50, M|84/100\n|detailschange|p2a: Floette|Floette-Mega, L50, F\n|-mega|p2a: Floette|Floette|Floettite\n|-ability|p2a: Floette|Fairy Aura\n|move|p1b: Drampa|Protect|p1b: Drampa\n|-singleturn|p1b: Drampa|Protect\n|move|p2b: Furfrou|Attract|p1b: Drampa\n|-activate|p1b: Drampa|move: Protect\n|move|p2a: Floette|Dazzling Gleam|p1a: Meowstic|[spread] p1a\n|-activate|p1b: Drampa|move: Protect\n|-damage|p1a: Meowstic|44/100\n|\n|upkeep\n|turn|6\n|inactive|Galactico37 has 30 seconds left.\n|\n|t:|1776308524\n|move|p1a: Meowstic|Fake Out|p2a: Floette\n|-damage|p2a: Floette|93/100\n|move|p1b: Drampa|Calm Mind|p1b: Drampa\n|-boost|p1b: Drampa|spa|1\n|-boost|p1b: Drampa|spd|1\n|move|p2b: Furfrou|Snarl|p1a: Meowstic|[spread] p1a,p1b\n|-supereffective|p1a: Meowstic|1\n|-damage|p1a: Meowstic|31/100\n|-damage|p1b: Drampa|86/100\n|-unboost|p1a: Meowstic|spa|1\n|-unboost|p1b: Drampa|spa|1\n|cant|p2a: Floette|flinch\n|\n|upkeep\n|turn|7\n|\n|t:|1776308542\n|move|p1b: Drampa|Protect|p1b: Drampa\n|-singleturn|p1b: Drampa|Protect\n|move|p1a: Meowstic|Yawn|p2a: Floette\n|-start|p2a: Floette|move: Yawn|[of] p1a: Meowstic\n|cant|p2b: Furfrou|par\n|move|p2a: Floette|Substitute|p2a: Floette\n|-start|p2a: Floette|Substitute\n|-damage|p2a: Floette|69/100\n|\n|upkeep\n|turn|8\n|\n|t:|1776308562\n|switch|p1a: Sinistcha|Sinistcha, L50|85/100\n|-heal|p1b: Drampa|100/100|[from] ability: Hospitality|[of] p1a: Sinistcha\n|move|p1b: Drampa|Hyper Voice|p2a: Floette|[spread] p2a,p2b\n|-damage|p2a: Floette|46/100\n|-damage|p2b: Furfrou|82/100 par\n|move|p2b: Furfrou|Snarl|p1a: Sinistcha|[spread] p1a,p1b\n|-supereffective|p1a: Sinistcha|1\n|-damage|p1a: Sinistcha|71/100\n|-damage|p1b: Drampa|98/100\n|-unboost|p1a: Sinistcha|spa|1\n|-unboost|p1b: Drampa|spa|1\n|move|p2a: Floette|Dazzling Gleam|p1a: Sinistcha|[spread] p1a,p1b\n|-supereffective|p1b: Drampa|1\n|-damage|p1a: Sinistcha|22/100\n|-damage|p1b: Drampa|64/100\n|\n|-heal|p2b: Furfrou|88/100 par|[from] item: Leftovers\n|-heal|p1a: Sinistcha|28/100|[from] item: Leftovers\n|-end|p2a: Floette|move: Yawn|[silent]\n|-status|p2a: Floette|slp\n|-fieldend|move: Trick Room\n|upkeep\n|turn|9\n|\n|t:|1776308587\n|cant|p2a: Floette|slp\n|cant|p2b: Furfrou|par\n|move|p1b: Drampa|Calm Mind|p1b: Drampa\n|-boost|p1b: Drampa|spa|1\n|-boost|p1b: Drampa|spd|1\n|move|p1a: Sinistcha|Trick Room|p1a: Sinistcha\n|-fieldstart|move: Trick Room|[of] p1a: Sinistcha\n|\n|-heal|p2b: Furfrou|94/100 par|[from] item: Leftovers\n|-heal|p1a: Sinistcha|34/100|[from] item: Leftovers\n|upkeep\n|turn|10\n|\n|t:|1776308604\n|move|p1b: Drampa|Hyper Voice|p2b: Furfrou|[spread] p2a,p2b\n|-damage|p2a: Floette|26/100 slp\n|-damage|p2b: Furfrou|76/100 par\n|move|p2b: Furfrou|Snarl|p1a: Sinistcha|[spread] p1a,p1b\n|-supereffective|p1a: Sinistcha|1\n|-damage|p1a: Sinistcha|20/100\n|-damage|p1b: Drampa|62/100\n|-unboost|p1a: Sinistcha|spa|1\n|-unboost|p1b: Drampa|spa|1\n|move|p1a: Sinistcha|Matcha Gotcha|p2a: Floette|[spread] p2a,p2b\n|-activate|p2a: Floette|move: Substitute|[damage]\n|-heal|p1a: Sinistcha|24/100|[from] drain|[of] p2a: Floette\n|-damage|p2b: Furfrou|67/100 par\n|-heal|p1a: Sinistcha|29/100|[from] drain|[of] p2b: Furfrou\n|cant|p2a: Floette|slp\n|\n|-heal|p2b: Furfrou|73/100 par|[from] item: Leftovers\n|-heal|p1a: Sinistcha|35/100|[from] item: Leftovers\n|upkeep\n|turn|11\n|inactive|Galactico37 has 30 seconds left.\n|\n|t:|1776308630\n|switch|p1a: Meowstic|Meowstic, L50, M|31/100\n|move|p1b: Drampa|Hyper Voice|p2a: Floette|[spread] p2a,p2b\n|-damage|p2a: Floette|10/100 slp\n|-damage|p2b: Furfrou|58/100 par\n|move|p2b: Furfrou|Snarl|p1a: Meowstic|[spread] p1a,p1b\n|-supereffective|p1a: Meowstic|1\n|-damage|p1a: Meowstic|18/100\n|-damage|p1b: Drampa|59/100\n|-unboost|p1a: Meowstic|spa|1\n|-unboost|p1b: Drampa|spa|1\n|-curestatus|p2a: Floette|slp|[msg]\n|move|p2a: Floette|Dazzling Gleam|p1b: Drampa|[spread] p1a,p1b\n|-supereffective|p1b: Drampa|1\n|-damage|p1a: Meowstic|0 fnt\n|-damage|p1b: Drampa|32/100\n|faint|p1a: Meowstic\n|-ability|p1b: Drampa|Berserk|boost\n|-boost|p1b: Drampa|spa|1\n|\n|-heal|p2b: Furfrou|64/100 par|[from] item: Leftovers\n|upkeep\n|\n|t:|1776308651\n|switch|p1a: Sinistcha|Sinistcha, L50|35/100\n|-heal|p1b: Drampa|57/100|[from] ability: Hospitality|[of] p1a: Sinistcha\n|turn|12\n|\n|t:|1776308661\n|move|p2a: Floette|Protect|p2a: Floette\n|-singleturn|p2a: Floette|Protect\n|move|p1b: Drampa|Hyper Voice|p2a: Floette|[spread] p2b\n|-activate|p2a: Floette|move: Protect\n|-damage|p2b: Furfrou|51/100 par\n|cant|p2b: Furfrou|par\n|move|p1a: Sinistcha|Life Dew|p1a: Sinistcha|[spread] p1a,p1b\n|-heal|p1a: Sinistcha|60/100\n|-heal|p1b: Drampa|82/100\n|\n|-heal|p2b: Furfrou|57/100 par|[from] item: Leftovers\n|-heal|p1a: Sinistcha|66/100|[from] item: Leftovers\n|upkeep\n|turn|13\n|\n|t:|1776308684\n|move|p1b: Drampa|Hyper Voice|p2b: Furfrou|[spread] p2a,p2b\n|-damage|p2a: Floette|0 fnt\n|-damage|p2b: Furfrou|44/100 par\n|faint|p2a: Floette\n|move|p2b: Furfrou|Attract|p1b: Drampa\n|-start|p1b: Drampa|Attract\n|move|p1a: Sinistcha|Life Dew|p1a: Sinistcha|[spread] p1a,p1b\n|-heal|p1a: Sinistcha|92/100\n|-heal|p1b: Drampa|100/100\n|\n|-heal|p2b: Furfrou|50/100 par|[from] item: Leftovers\n|-heal|p1a: Sinistcha|98/100|[from] item: Leftovers\n|-fieldend|move: Trick Room\n|upkeep\n|\n|t:|1776308700\n|switch|p2a: Tauros|Tauros-Paldea-Aqua, L50, M|100/100\n|-ability|p2a: Tauros|Intimidate|boost\n|-unboost|p1a: Sinistcha|atk|1\n|-unboost|p1b: Drampa|atk|1\n|turn|14\n|\n|t:|1776308709\n|move|p2b: Furfrou|Helping Hand|p2a: Tauros\n|-singleturn|p2a: Tauros|Helping Hand|[of] p2b: Furfrou\n|move|p1a: Sinistcha|Rage Powder|p1a: Sinistcha\n|-singleturn|p1a: Sinistcha|move: Rage Powder\n|move|p2a: Tauros|Body Press|p1a: Sinistcha\n|-immune|p1a: Sinistcha\n|-activate|p1b: Drampa|move: Attract|[of] p2b: Furfrou\n|cant|p1b: Drampa|Attract\n|\n|-heal|p1a: Sinistcha|100/100|[from] item: Leftovers\n|-heal|p2b: Furfrou|56/100 par|[from] item: Leftovers\n|upkeep\n|turn|15\n|\n|t:|1776308731\n|switch|p1b: Sableye|Sableye, L50, M|81/100\n|move|p1a: Sinistcha|Rage Powder|p1a: Sinistcha\n|-singleturn|p1a: Sinistcha|move: Rage Powder\n|move|p2a: Tauros|Rock Slide|p1b: Sableye|[spread] p1a,p1b\n|-damage|p1a: Sinistcha|86/100\n|-damage|p1b: Sableye|60/100\n|move|p2b: Furfrou|Snarl|p1b: Sableye|[spread] p1a,p1b\n|-supereffective|p1a: Sinistcha|1\n|-damage|p1a: Sinistcha|71/100\n|-damage|p1b: Sableye|51/100\n|-unboost|p1a: Sinistcha|spa|1\n|-unboost|p1b: Sableye|spa|1\n|\n|-heal|p1a: Sinistcha|77/100|[from] item: Leftovers\n|-heal|p2b: Furfrou|62/100 par|[from] item: Leftovers\n|upkeep\n|turn|16\n|l|\u2606Galactico37\n|inactive|Galactico37 disconnected and has a minute to reconnect!\n|player|p1|\n|inactive|blackskull345 has 30 seconds left.\n|\n|t:|1776308757\n|switch|p2a: Volcarona|Volcarona, L50, M|100/100 par\n|move|p1b: Sableye|Will-O-Wisp||[still]\n|-fail|p1b: Sableye\n|move|p1a: Sinistcha|Life Dew|p1a: Sinistcha|[spread] p1a,p1b\n|-heal|p1a: Sinistcha|100/100\n|-heal|p1b: Sableye|76/100\n|move|p2b: Furfrou|Attract|p1b: Sableye\n|-start|p1b: Sableye|Attract\n|\n|-heal|p2b: Furfrou|68/100 par|[from] item: Leftovers\n|upkeep\n|turn|17\n|j|\u2606Galactico37\n|inactive|Galactico37 reconnected and has 45 seconds left.\n|player|p1|Galactico37|169|\n|inactive|blackskull345 has 30 seconds left.\n|\n|t:|1776308788\n|switch|p1b: Drampa|Drampa-Mega, L50, M|100/100\n|move|p2b: Furfrou|Helping Hand|p2a: Volcarona\n|-singleturn|p2a: Volcarona|Helping Hand|[of] p2b: Furfrou\n|move|p2a: Volcarona|Heat Wave|p1a: Sinistcha|[spread] p1a,p1b\n|-supereffective|p1a: Sinistcha|1\n|-resisted|p1b: Drampa|1\n|-damage|p1a: Sinistcha|0 fnt\n|-damage|p1b: Drampa|79/100\n|faint|p1a: Sinistcha\n|\n|-heal|p2b: Furfrou|74/100 par|[from] item: Leftovers\n|upkeep\n|\n|t:|1776308800\n|switch|p1a: Sableye|Sableye, L50, M|76/100\n|turn|18\n|\n|t:|1776308812\n|move|p1a: Sableye|Encore|p2b: Furfrou\n|-start|p2b: Furfrou|Encore\n|move|p2b: Furfrou|Helping Hand|p2a: Volcarona\n|-singleturn|p2a: Volcarona|Helping Hand|[of] p2b: Furfrou\n|cant|p2a: Volcarona|par\n|move|p1b: Drampa|Calm Mind|p1b: Drampa\n|-boost|p1b: Drampa|spa|1\n|-boost|p1b: Drampa|spd|1\n|\n|-heal|p2b: Furfrou|80/100 par|[from] item: Leftovers\n|upkeep\n|turn|19\n|inactive|Galactico37 has 30 seconds left.\n|inactive|blackskull345 has 30 seconds left.\n|\n|t:|1776308845\n|switch|p2b: Tauros|Tauros-Paldea-Aqua, L50, M|100/100\n|-ability|p2b: Tauros|Intimidate|boost\n|-unboost|p1a: Sableye|atk|1\n|-unboost|p1b: Drampa|atk|1\n|move|p1a: Sableye|Quash|p2a: Volcarona\n|-activate|p2a: Volcarona|move: Quash\n|move|p1b: Drampa|Hyper Voice|p2b: Tauros|[spread] p2a,p2b\n|-damage|p2a: Volcarona|40/100 par\n|-damage|p2b: Tauros|16/100\n|move|p2a: Volcarona|Heat Wave|p1a: Sableye|[spread] p1a,p1b\n|-resisted|p1b: Drampa|1\n|-damage|p1a: Sableye|15/100\n|-damage|p1b: Drampa|69/100\n|-status|p1a: Sableye|brn\n|\n|-damage|p1a: Sableye|9/100 brn|[from] brn\n|upkeep\n|turn|20\n|\n|t:|1776308865\n|move|p2a: Volcarona|Rage Powder|p2a: Volcarona\n|-singleturn|p2a: Volcarona|move: Rage Powder\n|move|p1a: Sableye|Quash||[still]\n|-fail|p1a: Sableye\n|move|p2b: Tauros|Body Press|p1b: Drampa\n|-supereffective|p1b: Drampa|1\n|-crit|p1b: Drampa\n|-damage|p1b: Drampa|0 fnt\n|faint|p1b: Drampa\n|\n|-damage|p1a: Sableye|3/100 brn|[from] brn\n|upkeep\n|turn|21\n|-message|Galactico37 forfeited.\n|\n|win|blackskull345\n|raw|Galactico37's rating: 1082 &rarr; <strong>1055</strong><br />(-27 for losing)\n|raw|blackskull345's rating: 1000 &rarr; <strong>1049</strong><br />(+49 for winning)\n|l|\u2606Galactico37\n|player|p1|\n",
  "uploadtime": 1776308881,
  "views": 30,
  "formatid": "gen9championsvgc2026regma",
  "rating": 1049,
  "private": 0,
  "password": null
}