{
  "id": "gen9championsvgc2026regma-2581857186",
  "format": "[Gen 9 Champions] VGC 2026 Reg M-A",
  "players": [
    "Gonzacs",
    "w4toto"
  ],
  "log": "|j|\u2606Gonzacs\n|j|\u2606w4toto\n|t:|1776034180\n|gametype|doubles\n|player|p1|Gonzacs|hilbert-wonderlauncher|1424\n|player|p2|w4toto|volkner|1347\n|gen|9\n|tier|[Gen 9 Champions] VGC 2026 Reg M-A\n|rated|\n|rule|Species Clause: Limit one of each Pok\u00e9mon\n|rule|Item Clause: Limit 1 of each item\n|clearpoke\n|poke|p1|Talonflame, L50, M|\n|poke|p1|Garchomp, L50, F|\n|poke|p1|Rotom-Wash, L50|\n|poke|p1|Kingambit, L50, M|\n|poke|p1|Sinistcha, L50|\n|poke|p1|Floette-Eternal, L50, F|\n|poke|p2|Delphox, L50, M|\n|poke|p2|Sinistcha, L50|\n|poke|p2|Garchomp, L50, M|\n|poke|p2|Kingambit, L50, F|\n|poke|p2|Sneasler, L50, F|\n|poke|p2|Incineroar, L50, M|\n|teampreview|4\n|inactive|Battle timer is ON: inactive players will automatically lose when time's up. (requested by w4toto)\n|j| KuroLiie\n|l| KuroLiie\n|inactive|Gonzacs has 60 seconds left.\n|inactive|w4toto has 60 seconds left.\n|\n|t:|1776034227\n|teamsize|p1|4\n|teamsize|p2|4\n|start\n|switch|p1a: Talonflame|Talonflame, L50, M|100/100\n|switch|p1b: Garchomp|Garchomp, L50, F|100/100\n|switch|p2a: Rocky Helmet|Garchomp, L50, M|100/100\n|switch|p2b: Lana the Nail Tech|Sneasler, L50, F|100/100\n|turn|1\n|\n|t:|1776034243\n|switch|p2b: Safety Goggles|Incineroar, L50, M|100/100\n|-ability|p2b: Safety Goggles|Intimidate|boost\n|-unboost|p1a: Talonflame|atk|1\n|-unboost|p1b: Garchomp|atk|1\n|move|p1a: Talonflame|Quick Guard|p1a: Talonflame\n|-singleturn|p1a: Talonflame|Quick Guard\n|move|p2a: Rocky Helmet|Rock Slide|p1b: Garchomp|[spread] p1a,p1b\n|-supereffective|p1a: Talonflame|2\n|-resisted|p1b: Garchomp|1\n|-enditem|p1a: Talonflame|Focus Sash\n|-damage|p1a: Talonflame|1/100\n|-damage|p1b: Garchomp|91/100\n|move|p1b: Garchomp|Swords Dance|p1b: Garchomp\n|-boost|p1b: Garchomp|atk|2\n|\n|upkeep\n|turn|2\n|j| kabilapok\n|j| faetaso\n|\n|t:|1776034268\n|move|p2a: Rocky Helmet|Rock Slide|p1a: Talonflame|[spread] p1a,p1b\n|-supereffective|p1a: Talonflame|2\n|-resisted|p1b: Garchomp|1\n|-damage|p1a: Talonflame|0 fnt\n|-damage|p1b: Garchomp|80/100\n|faint|p1a: Talonflame\n|move|p1b: Garchomp|Earthquake|p2a: Rocky Helmet|[spread] p2a,p2b\n|-supereffective|p2b: Safety Goggles|1\n|-damage|p2a: Rocky Helmet|36/100\n|-damage|p2b: Safety Goggles|0 fnt\n|faint|p2b: Safety Goggles\n|\n|upkeep\n|\n|t:|1776034284\n|switch|p1a: Kingambit|Kingambit, L50, M|100/100\n|switch|p2b: Harry Potter|Delphox, L50, M|100/100\n|turn|3\n|inactive|w4toto has 30 seconds left.\n|\n|t:|1776034314\n|switch|p2a: Lana the Nail Tech|Sneasler, L50, F|100/100\n|detailschange|p2b: Harry Potter|Delphox-Mega, L50, M\n|-mega|p2b: Harry Potter|Delphox|Delphoxite\n|move|p2b: Harry Potter|Protect|p2b: Harry Potter\n|-singleturn|p2b: Harry Potter|Protect\n|move|p1a: Kingambit|Sucker Punch||[still]\n|-fail|p1a: Kingambit\n|move|p1b: Garchomp|Rock Slide|p2b: Harry Potter|[spread] p2a\n|-activate|p2b: Harry Potter|move: Protect\n|-resisted|p2a: Lana the Nail Tech|1\n|-damage|p2a: Lana the Nail Tech|75/100\n|\n|upkeep\n|turn|4\n|inactive|w4toto has 30 seconds left.\n|\n|t:|1776034340\n|switch|p2b: Rocky Helmet|Garchomp, L50, M|36/100\n|switch|p1a: Floette|Floette-Eternal, L50, F|100/100\n|move|p2a: Lana the Nail Tech|Close Combat|p1a: Floette\n|-resisted|p1a: Floette|1\n|-damage|p1a: Floette|45/100\n|-unboost|p2a: Lana the Nail Tech|def|1\n|-unboost|p2a: Lana the Nail Tech|spd|1\n|-enditem|p2a: Lana the Nail Tech|White Herb\n|-clearnegativeboost|p2a: Lana the Nail Tech|[silent]\n|move|p1b: Garchomp|Earthquake|p2b: Rocky Helmet|[spread] p1a,p2a,p2b\n|-supereffective|p2a: Lana the Nail Tech|1\n|-damage|p1a: Floette|0 fnt\n|-damage|p2a: Lana the Nail Tech|0 fnt\n|-damage|p2b: Rocky Helmet|0 fnt\n|faint|p1a: Floette\n|faint|p2a: Lana the Nail Tech\n|faint|p2b: Rocky Helmet\n|\n|upkeep\n|\n|t:|1776034356\n|switch|p2a: Harry Potter|Delphox-Mega, L50, M|100/100\n|switch|p1a: Kingambit|Kingambit, L50, M|100/100\n|turn|5\n|\n|t:|1776034364\n|move|p1a: Kingambit|Sucker Punch|p2a: Harry Potter\n|-supereffective|p2a: Harry Potter|1\n|-damage|p2a: Harry Potter|0 fnt\n|faint|p2a: Harry Potter\n|\n|win|Gonzacs\n|raw|Gonzacs's rating: 1424 &rarr; <strong>1440</strong><br />(+16 for winning)\n|raw|w4toto's rating: 1347 &rarr; <strong>1331</strong><br />(-16 for losing)\n|l|\u2606w4toto\n|player|p2|\n|c|\u2606Gonzacs|gg\n|l|\u2606Gonzacs\n|player|p1|\n|l| kabilapok\n",
  "uploadtime": 1776034687,
  "views": 33,
  "formatid": "gen9championsvgc2026regma",
  "rating": 1331,
  "private": 0,
  "password": null
}