{
  "id": "gen9championsvgc2026regma-2584412758",
  "format": "[Gen 9 Champions] VGC 2026 Reg M-A",
  "players": [
    "Kirbo5500",
    "AriaSparklingStar"
  ],
  "log": "|j|\u2606Kirbo5500\n|j|\u2606AriaSparklingStar\n|t:|1776259058\n|gametype|doubles\n|player|p1|Kirbo5500|265|\n|player|p2|AriaSparklingStar|caitlin|\n|gen|9\n|tier|[Gen 9 Champions] VGC 2026 Reg M-A\n|rule|Species Clause: Limit one of each Pok\u00e9mon\n|rule|Item Clause: Limit 1 of each item\n|clearpoke\n|poke|p1|Meganium, L50, M|\n|poke|p1|Primarina, L50, F|\n|poke|p1|Incineroar, L50, M|\n|poke|p1|Garchomp, L50, M|\n|poke|p1|Kangaskhan, L50, F|\n|poke|p1|Vivillon, L50, M|\n|poke|p2|Corviknight, L50, F|\n|poke|p2|Garchomp, L50, M|\n|poke|p2|Tyranitar, L50, M|\n|poke|p2|Rotom-Wash, L50|\n|poke|p2|Incineroar, L50, M|\n|poke|p2|Hydreigon, L50, F|\n|teampreview|4\n|inactive|Battle timer is ON: inactive players will automatically lose when time's up. (requested by AriaSparklingStar)\n|inactive|AriaSparklingStar has 60 seconds left.\n|\n|t:|1776259100\n|teamsize|p1|4\n|teamsize|p2|4\n|start\n|switch|p1a: Primarina|Primarina, L50, F|100/100\n|switch|p1b: Garchomp|Garchomp, L50, M|100/100\n|switch|p2a: Incineroar|Incineroar, L50, M|100/100\n|switch|p2b: Tyranitar|Tyranitar, L50, M|100/100\n|-ability|p2a: Incineroar|Intimidate|boost\n|-unboost|p1a: Primarina|atk|1\n|-unboost|p1b: Garchomp|atk|1\n|-weather|Sandstorm|[from] ability: Sand Stream|[of] p2b: Tyranitar\n|turn|1\n|\n|t:|1776259125\n|move|p1b: Garchomp|Stealth Rock|p2a: Incineroar\n|-sidestart|p2: AriaSparklingStar|move: Stealth Rock\n|move|p2a: Incineroar|Parting Shot|p1b: Garchomp\n|-unboost|p1b: Garchomp|atk|1\n|-unboost|p1b: Garchomp|spa|1\n|\n|t:|1776259134\n|switch|p2a: Corviknight|Corviknight, L50, F|100/100|[from] Parting Shot\n|-ability|p2a: Corviknight|Unnerve\n|-damage|p2a: Corviknight|88/100|[from] Stealth Rock\n|move|p2b: Tyranitar|Thunder Wave|p1a: Primarina\n|-status|p1a: Primarina|par\n|move|p1a: Primarina|Dazzling Gleam|p2a: Corviknight|[spread] p2a,p2b\n|-resisted|p2a: Corviknight|1\n|-supereffective|p2b: Tyranitar|1\n|-damage|p2a: Corviknight|71/100\n|-damage|p2b: Tyranitar|63/100\n|\n|-weather|Sandstorm|[upkeep]\n|-damage|p1a: Primarina|95/100 par|[from] Sandstorm\n|-heal|p2a: Corviknight|77/100|[from] item: Leftovers\n|upkeep\n|turn|2\n|inactive|Kirbo5500 has 30 seconds left.\n|\n|t:|1776259161\n|switch|p1a: Incineroar|Incineroar, L50, M|100/100\n|-ability|p1a: Incineroar|Intimidate|boost\n|-unboost|p2a: Corviknight|atk|1\n|-unboost|p2b: Tyranitar|atk|1\n|move|p1b: Garchomp|Protect|p1b: Garchomp\n|-singleturn|p1b: Garchomp|Protect\n|move|p2a: Corviknight|Tailwind|p2a: Corviknight\n|-sidestart|p2: AriaSparklingStar|move: Tailwind\n|move|p2b: Tyranitar|Rock Slide|p1a: Incineroar|[spread] p1a\n|-activate|p1b: Garchomp|move: Protect\n|-supereffective|p1a: Incineroar|1\n|-damage|p1a: Incineroar|61/100\n|\n|-weather|Sandstorm|[upkeep]\n|-damage|p1a: Incineroar|55/100|[from] Sandstorm\n|-heal|p2a: Corviknight|83/100|[from] item: Leftovers\n|upkeep\n|turn|3\n|inactive|Kirbo5500 has 30 seconds left.\n|inactive|Kirbo5500 has 20 seconds left.\n|\n|t:|1776259200\n|move|p1a: Incineroar|Fake Out|p2b: Tyranitar\n|-resisted|p2b: Tyranitar|1\n|-damage|p2b: Tyranitar|57/100\n|move|p2a: Corviknight|U-turn|p1a: Incineroar\n|-damage|p1a: Incineroar|45/100\n|\n|t:|1776259207\n|switch|p2a: Garchomp|Garchomp, L50, M|100/100|[from] U-turn\n|-enditem|p1a: Incineroar|Sitrus Berry|[eat]\n|-heal|p1a: Incineroar|69/100|[from] item: Sitrus Berry\n|-damage|p2a: Garchomp|95/100|[from] Stealth Rock\n|move|p1b: Garchomp|Breaking Swipe|p2b: Tyranitar|[spread] p2a,p2b\n|-supereffective|p2a: Garchomp|1\n|-damage|p2a: Garchomp|72/100\n|-damage|p2b: Tyranitar|46/100\n|-unboost|p2a: Garchomp|atk|1\n|-unboost|p2b: Tyranitar|atk|1\n|cant|p2b: Tyranitar|flinch\n|\n|-weather|Sandstorm|[upkeep]\n|-damage|p1a: Incineroar|63/100|[from] Sandstorm\n|upkeep\n|turn|4\n|inactive|AriaSparklingStar has 30 seconds left.\n|inactive|AriaSparklingStar has 20 seconds left.\n|\n|t:|1776259245\n|detailschange|p2a: Garchomp|Garchomp-Mega, L50, M\n|-mega|p2a: Garchomp|Garchomp|Garchompite\n|move|p2a: Garchomp|Scale Shot|p1b: Garchomp|[miss]\n|-miss|p2a: Garchomp|p1b: Garchomp\n|move|p1b: Garchomp|Breaking Swipe|p2b: Tyranitar|[spread] p2a,p2b\n|-supereffective|p2a: Garchomp|1\n|-damage|p2a: Garchomp|51/100\n|-damage|p2b: Tyranitar|38/100\n|-unboost|p2a: Garchomp|atk|1\n|-unboost|p2b: Tyranitar|atk|1\n|move|p2b: Tyranitar|Rock Slide|p1b: Garchomp|[spread] p1a,p1b\n|-supereffective|p1a: Incineroar|1\n|-resisted|p1b: Garchomp|1\n|-damage|p1a: Incineroar|40/100\n|-damage|p1b: Garchomp|95/100\n|move|p1a: Incineroar|Parting Shot|p2a: Garchomp\n|-unboost|p2a: Garchomp|atk|1\n|-unboost|p2a: Garchomp|spa|1\n|\n|t:|1776259263\n|switch|p1a: Meganium|Meganium, L50, M|100/100|[from] Parting Shot\n|\n|-weather|Sandstorm|[upkeep]\n|-damage|p1a: Meganium|95/100|[from] Sandstorm\n|upkeep\n|turn|5\n|\n|t:|1776259277\n|switch|p2a: Corviknight|Corviknight, L50, F|83/100\n|-ability|p2a: Corviknight|Unnerve\n|-damage|p2a: Corviknight|71/100|[from] Stealth Rock\n|switch|p2b: Incineroar|Incineroar, L50, M|100/100\n|-damage|p2b: Incineroar|76/100|[from] Stealth Rock\n|-ability|p2b: Incineroar|Intimidate|boost\n|-unboost|p1a: Meganium|atk|1\n|-unboost|p1b: Garchomp|atk|1\n|detailschange|p1a: Meganium|Meganium-Mega, L50, M\n|-mega|p1a: Meganium|Meganium|Meganiumite\n|move|p1b: Garchomp|Breaking Swipe|p2b: Incineroar|[spread] p2a,p2b\n|-resisted|p2a: Corviknight|1\n|-damage|p2a: Corviknight|68/100\n|-damage|p2b: Incineroar|66/100\n|-unboost|p2a: Corviknight|atk|1\n|-unboost|p2b: Incineroar|atk|1\n|move|p1a: Meganium|Solar Beam||[still]\n|-prepare|p1a: Meganium|Solar Beam\n|-activate|p1a: Meganium|ability: Mega Sol\n|-anim|p1a: Meganium|Solar Beam|p2a: Corviknight\n|-resisted|p2a: Corviknight|2\n|-damage|p2a: Corviknight|50/100\n|\n|-weather|none\n|-heal|p2a: Corviknight|56/100|[from] item: Leftovers\n|-sideend|p2: AriaSparklingStar|move: Tailwind\n|upkeep\n|turn|6\n|\n|t:|1776259291\n|move|p1b: Garchomp|Protect|p1b: Garchomp\n|-singleturn|p1b: Garchomp|Protect\n|move|p2b: Incineroar|Fake Out|p1b: Garchomp\n|-activate|p1b: Garchomp|move: Protect\n|move|p1a: Meganium|Weather Ball|p2a: Corviknight\n|-supereffective|p2a: Corviknight|1\n|-damage|p2a: Corviknight|0 fnt\n|faint|p2a: Corviknight\n|\n|upkeep\n|\n|t:|1776259301\n|switch|p2a: Tyranitar|Tyranitar, L50, M|38/100\n|-damage|p2a: Tyranitar|26/100|[from] Stealth Rock\n|-weather|Sandstorm|[from] ability: Sand Stream|[of] p2a: Tyranitar\n|turn|7\n|\n|t:|1776259324\n|switch|p1b: Primarina|Primarina, L50, F|95/100 par\n|move|p1a: Meganium|Protect|p1a: Meganium\n|-singleturn|p1a: Meganium|Protect\n|move|p2a: Tyranitar|Protect|p2a: Tyranitar\n|-singleturn|p2a: Tyranitar|Protect\n|move|p2b: Incineroar|Flare Blitz|p1a: Meganium\n|-activate|p1a: Meganium|move: Protect\n|\n|-weather|Sandstorm|[upkeep]\n|-damage|p1a: Meganium|89/100|[from] Sandstorm\n|-damage|p2b: Incineroar|60/100|[from] Sandstorm\n|-damage|p1b: Primarina|89/100 par|[from] Sandstorm\n|upkeep\n|turn|8\n|\n|t:|1776259345\n|switch|p1a: Garchomp|Garchomp, L50, M|95/100\n|move|p2b: Incineroar|Flare Blitz|p1a: Garchomp\n|-resisted|p1a: Garchomp|1\n|-damage|p1a: Garchomp|72/100\n|-damage|p2b: Incineroar|48/100|[from] ability: Rough Skin|[of] p1a: Garchomp\n|-enditem|p2b: Incineroar|Sitrus Berry|[eat]\n|-heal|p2b: Incineroar|73/100|[from] item: Sitrus Berry\n|-damage|p2b: Incineroar|66/100|[from] Recoil\n|move|p2a: Tyranitar|Rock Slide|p1a: Garchomp|[spread] p1a,p1b\n|-resisted|p1a: Garchomp|1\n|-damage|p1a: Garchomp|57/100\n|-damage|p1b: Primarina|52/100 par\n|cant|p1b: Primarina|flinch\n|\n|-weather|Sandstorm|[upkeep]\n|-damage|p2b: Incineroar|60/100|[from] Sandstorm\n|-damage|p1b: Primarina|46/100 par|[from] Sandstorm\n|upkeep\n|turn|9\n|\n|t:|1776259363\n|switch|p2b: Garchomp|Garchomp-Mega, L50, M|51/100\n|-damage|p2b: Garchomp|45/100|[from] Stealth Rock\n|move|p1b: Primarina|Protect|p1b: Primarina\n|-singleturn|p1b: Primarina|Protect\n|move|p1a: Garchomp|Earthquake|p2b: Garchomp|[spread] p2a,p2b\n|-activate|p1b: Primarina|move: Protect\n|-supereffective|p2a: Tyranitar|1\n|-damage|p2a: Tyranitar|0 fnt\n|-damage|p2b: Garchomp|11/100\n|faint|p2a: Tyranitar\n|\n|-weather|Sandstorm|[upkeep]\n|-damage|p1b: Primarina|40/100 par|[from] Sandstorm\n|upkeep\n|\n|t:|1776259366\n|switch|p2a: Incineroar|Incineroar, L50, M|60/100\n|-damage|p2a: Incineroar|35/100|[from] Stealth Rock\n|-ability|p2a: Incineroar|Intimidate|boost\n|-unboost|p1a: Garchomp|atk|1\n|-unboost|p1b: Primarina|atk|1\n|turn|10\n|\n|t:|1776259382\n|move|p2a: Incineroar|Fake Out|p1b: Primarina\n|-damage|p1b: Primarina|23/100 par\n|move|p1a: Garchomp|Earthquake|p2b: Garchomp|[spread] p1b,p2a,p2b\n|-supereffective|p2a: Incineroar|1\n|-damage|p1b: Primarina|0 fnt\n|-damage|p2a: Incineroar|0 fnt\n|-damage|p2b: Garchomp|0 fnt\n|faint|p1b: Primarina\n|faint|p2a: Incineroar\n|faint|p2b: Garchomp\n|\n|win|Kirbo5500\n|l|\u2606Kirbo5500\n|player|p1|\n|j|\u2606Kirbo5500\n|player|p1|Kirbo5500|265|\n",
  "uploadtime": 1776259524,
  "views": 21,
  "formatid": "gen9championsvgc2026regma",
  "rating": null,
  "private": 0,
  "password": null
}