{
  "id": "gen9championsvgc2026regma-2585548819",
  "format": "[Gen 9 Champions] VGC 2026 Reg M-A",
  "players": [
    "etrdyfyiu",
    "CharninjaGamingYT"
  ],
  "log": "|j|\u2606etrdyfyiu\n|j|\u2606CharninjaGamingYT\n|t:|1776354816\n|gametype|doubles\n|player|p1|etrdyfyiu|265|1056\n|player|p2|CharninjaGamingYT|shadowtriad|1097\n|gen|9\n|tier|[Gen 9 Champions] VGC 2026 Reg M-A\n|rated|\n|rule|Species Clause: Limit one of each Pok\u00e9mon\n|rule|Item Clause: Limit 1 of each item\n|clearpoke\n|poke|p1|Sableye, L50, F|\n|poke|p1|Espathra, L50, M|\n|poke|p1|Garchomp, L50, F|\n|poke|p1|Whimsicott, L50, M|\n|poke|p1|Meowstic-F, L50, F|\n|poke|p1|Milotic, L50, F|\n|poke|p2|Gengar, L50, F|\n|poke|p2|Maushold, L50|\n|poke|p2|Bastiodon, L50, M|\n|poke|p2|Clefable, L50, M|\n|poke|p2|Sinistcha, L50|\n|poke|p2|Incineroar, L50, M|\n|teampreview|4\n|inactive|Battle timer is ON: inactive players will automatically lose when time's up. (requested by CharninjaGamingYT)\n|inactive|etrdyfyiu has 60 seconds left.\n|\n|t:|1776354859\n|teamsize|p1|4\n|teamsize|p2|4\n|start\n|switch|p1a: Sableye|Sableye, L50, F|100/100\n|switch|p1b: Espathra|Espathra, L50, M|100/100\n|switch|p2a: Gengar|Gengar, L50, F, shiny|100/100\n|switch|p2b: Maushold|Maushold, L50|100/100\n|turn|1\n|\n|t:|1776354873\n|detailschange|p2a: Gengar|Gengar-Mega, L50, F, shiny\n|-mega|p2a: Gengar|Gengar|Gengarite\n|move|p1b: Espathra|Protect|p1b: Espathra\n|-singleturn|p1b: Espathra|Protect\n|move|p1a: Sableye|Fake Out|p2b: Maushold\n|-damage|p2b: Maushold|92/100\n|cant|p2b: Maushold|flinch\n|move|p2a: Gengar|Perish Song|p2a: Gengar\n|-start|p1a: Sableye|perish3|[silent]\n|-start|p1b: Espathra|perish3|[silent]\n|-start|p2a: Gengar|perish3|[silent]\n|-start|p2b: Maushold|perish3|[silent]\n|-fieldactivate|move: Perish Song\n|\n|-start|p2a: Gengar|perish3\n|-start|p1b: Espathra|perish3\n|-start|p2b: Maushold|perish3\n|-start|p1a: Sableye|perish3\n|-ability|p1b: Espathra|Speed Boost|boost\n|-boost|p1b: Espathra|spe|1\n|upkeep\n|turn|2\n|inactive|etrdyfyiu has 30 seconds left.\n|\n|t:|1776354906\n|move|p2a: Gengar|Protect|p2a: Gengar\n|-singleturn|p2a: Gengar|Protect\n|move|p2b: Maushold|Follow Me|p2b: Maushold\n|-singleturn|p2b: Maushold|move: Follow Me\n|move|p1a: Sableye|Gravity|p1a: Sableye\n|-fieldstart|move: Gravity\n|move|p1b: Espathra|Hypnosis|p2b: Maushold\n|-status|p2b: Maushold|slp|[from] move: Hypnosis\n|\n|-start|p1b: Espathra|perish2\n|-start|p2a: Gengar|perish2\n|-start|p2b: Maushold|perish2\n|-start|p1a: Sableye|perish2\n|-ability|p1b: Espathra|Speed Boost|boost\n|-boost|p1b: Espathra|spe|1\n|upkeep\n|turn|3\n|inactive|CharninjaGamingYT has 30 seconds left.\n|\n|t:|1776354934\n|switch|p1a: Meowstic|Meowstic-F, L50, F|100/100\n|move|p2a: Gengar|Protect|p2a: Gengar\n|-singleturn|p2a: Gengar|Protect\n|cant|p2b: Maushold|slp\n|move|p1b: Espathra|Lumina Crash|p2a: Gengar\n|-activate|p2a: Gengar|move: Protect\n|\n|-start|p1b: Espathra|perish1\n|-start|p2a: Gengar|perish1\n|-start|p2b: Maushold|perish1\n|-ability|p1b: Espathra|Speed Boost|boost\n|-boost|p1b: Espathra|spe|1\n|upkeep\n|turn|4\n|\n|t:|1776354951\n|switch|p2a: Incineroar|Incineroar, L50, M|100/100\n|-ability|p2a: Incineroar|Intimidate|boost\n|-unboost|p1a: Meowstic|atk|1\n|-unboost|p1b: Espathra|atk|1\n|detailschange|p1a: Meowstic|Meowstic-F-Mega, L50, F\n|-mega|p1a: Meowstic|Meowstic|Meowsticite\n|-ability|p1a: Meowstic|Friend Guard|Trace|[from] ability: Trace|[of] p2b: Maushold\n|move|p1b: Espathra|Psychic Terrain|p1b: Espathra\n|-fieldstart|move: Psychic Terrain\n|move|p1a: Meowstic|Expanding Force|p2a: Incineroar|[spread] p2b\n|-immune|p2a: Incineroar\n|-damage|p2b: Maushold|30/100 slp\n|cant|p2b: Maushold|slp\n|\n|-start|p1b: Espathra|perish0\n|-start|p2b: Maushold|perish0\n|faint|p1b: Espathra\n|faint|p2b: Maushold\n|upkeep\n|inactive|CharninjaGamingYT has 30 seconds left.\n|inactive|CharninjaGamingYT has 20 seconds left.\n|\n|t:|1776354987\n|switch|p1b: Garchomp|Garchomp, L50, F|100/100\n|switch|p2b: Sinistcha|Sinistcha, L50|100/100\n|turn|5\n|\n|t:|1776355010\n|move|p1a: Meowstic|Protect|p1a: Meowstic\n|-singleturn|p1a: Meowstic|Protect\n|move|p1b: Garchomp|Stomping Tantrum|p2a: Incineroar\n|-supereffective|p2a: Incineroar|1\n|-enditem|p2a: Incineroar|Shuca Berry|[eat]\n|-enditem|p2a: Incineroar|Shuca Berry|[weaken]\n|-damage|p2a: Incineroar|66/100\n|move|p2b: Sinistcha|Matcha Gotcha|p1a: Meowstic|[spread] p1b\n|-activate|p1a: Meowstic|move: Protect\n|-damage|p1b: Garchomp|80/100\n|move|p2a: Incineroar|Throat Chop|p1a: Meowstic\n|-activate|p1a: Meowstic|move: Protect\n|\n|upkeep\n|turn|6\n|inactive|etrdyfyiu has 30 seconds left.\n|inactive|CharninjaGamingYT has 30 seconds left.\n|inactive|CharninjaGamingYT has 20 seconds left.\n|inactive|CharninjaGamingYT has 15 seconds left.\n|inactive|CharninjaGamingYT has 10 seconds left.\n|inactive|CharninjaGamingYT has 5 seconds left.\n|\n|t:|1776355063\n|move|p2b: Sinistcha|Rage Powder|p2b: Sinistcha\n|-singleturn|p2b: Sinistcha|move: Rage Powder\n|move|p1b: Garchomp|Stomping Tantrum|p2b: Sinistcha\n|-resisted|p2b: Sinistcha|1\n|-damage|p2b: Sinistcha|84/100\n|move|p1a: Meowstic|Expanding Force|p2b: Sinistcha|[spread] p2b\n|-immune|p2a: Incineroar\n|-damage|p2b: Sinistcha|25/100\n|move|p2a: Incineroar|Throat Chop|p1a: Meowstic\n|-supereffective|p1a: Meowstic|1\n|-damage|p1a: Meowstic|11/100\n|-start|p1a: Meowstic|Throat Chop|[silent]\n|\n|-heal|p2b: Sinistcha|31/100|[from] item: Leftovers\n|-fieldend|move: Gravity\n|upkeep\n|turn|7\n|\n|t:|1776355080\n|switch|p1a: Sableye|Sableye, L50, F|100/100\n|move|p2a: Incineroar|Protect|p2a: Incineroar\n|-singleturn|p2a: Incineroar|Protect\n|move|p1b: Garchomp|Stomping Tantrum|p2b: Sinistcha\n|-resisted|p2b: Sinistcha|1\n|-damage|p2b: Sinistcha|13/100\n|move|p2b: Sinistcha|Matcha Gotcha|p1b: Garchomp|[spread] p1a,p1b\n|-crit|p1a: Sableye\n|-damage|p1a: Sableye|58/100\n|-heal|p2b: Sinistcha|32/100|[from] drain|[of] p1a: Sableye\n|-damage|p1b: Garchomp|54/100\n|-heal|p2b: Sinistcha|45/100|[from] drain|[of] p1b: Garchomp\n|-status|p1b: Garchomp|brn\n|\n|-heal|p2b: Sinistcha|52/100|[from] item: Leftovers\n|-damage|p1b: Garchomp|48/100 brn|[from] brn\n|upkeep\n|turn|8\n|\n|t:|1776355105\n|move|p1b: Garchomp|Stomping Tantrum|p2a: Incineroar\n|-supereffective|p2a: Incineroar|1\n|-damage|p2a: Incineroar|30/100\n|move|p2b: Sinistcha|Matcha Gotcha|p1a: Sableye|[spread] p1a,p1b\n|-damage|p1a: Sableye|30/100\n|-heal|p2b: Sinistcha|65/100|[from] drain|[of] p1a: Sableye\n|-damage|p1b: Garchomp|22/100 brn\n|-heal|p2b: Sinistcha|79/100|[from] drain|[of] p1b: Garchomp\n|move|p2a: Incineroar|Parting Shot|p1a: Sableye\n|-unboost|p1a: Sableye|atk|1\n|-unboost|p1a: Sableye|spa|1\n|\n|t:|1776355117\n|switch|p2a: Gengar|Gengar-Mega, L50, F, shiny|100/100|[from] Parting Shot\n|move|p1a: Sableye|Foul Play|p2b: Sinistcha\n|-supereffective|p2b: Sinistcha|1\n|-damage|p2b: Sinistcha|40/100\n|\n|-heal|p2b: Sinistcha|47/100|[from] item: Leftovers\n|-damage|p1b: Garchomp|16/100 brn|[from] brn\n|-fieldend|move: Psychic Terrain\n|upkeep\n|turn|9\n|\n|t:|1776355129\n|move|p1b: Garchomp|Stomping Tantrum|p2a: Gengar\n|-supereffective|p2a: Gengar|1\n|-damage|p2a: Gengar|52/100\n|move|p2a: Gengar|Shadow Ball|p1b: Garchomp\n|-damage|p1b: Garchomp|0 fnt\n|faint|p1b: Garchomp\n|move|p2b: Sinistcha|Matcha Gotcha|p1a: Sableye\n|-damage|p1a: Sableye|0 fnt\n|-heal|p2b: Sinistcha|59/100|[from] drain|[of] p1a: Sableye\n|faint|p1a: Sableye\n|\n|-heal|p2b: Sinistcha|66/100|[from] item: Leftovers\n|upkeep\n|\n|t:|1776355139\n|switch|p1b: Meowstic|Meowstic-F-Mega, L50, F|11/100\n|-ability|p1b: Meowstic|Shadow Tag|Trace|[from] ability: Trace|[of] p2a: Gengar\n|turn|10\n|\n|t:|1776355144\n|move|p2b: Sinistcha|Rage Powder|p2b: Sinistcha\n|-singleturn|p2b: Sinistcha|move: Rage Powder\n|move|p2a: Gengar|Shadow Ball|p1b: Meowstic\n|-supereffective|p1b: Meowstic|1\n|-damage|p1b: Meowstic|0 fnt\n|faint|p1b: Meowstic\n|\n|win|CharninjaGamingYT\n|raw|etrdyfyiu's rating: 1056 &rarr; <strong>1040</strong><br />(-16 for losing)\n|raw|CharninjaGamingYT's rating: 1097 &rarr; <strong>1119</strong><br />(+22 for winning)\n|j| thebeast4895\n|l|\u2606etrdyfyiu\n|player|p1|\n",
  "uploadtime": 1776355151,
  "views": 28,
  "formatid": "gen9championsvgc2026regma",
  "rating": 1040,
  "private": 0,
  "password": null
}