{
  "id": "gen9championsvgc2026regma-2585171841",
  "format": "[Gen 9 Champions] VGC 2026 Reg M-A",
  "players": [
    "r13974682",
    "letslarpjane"
  ],
  "log": "|j|\u2606r13974682\n|j|\u2606letslarpjane\n|t:|1776320736\n|gametype|doubles\n|player|p1|r13974682|266|1265\n|player|p2|letslarpjane|169|1314\n|gen|9\n|tier|[Gen 9 Champions] VGC 2026 Reg M-A\n|rated|\n|rule|Species Clause: Limit one of each Pok\u00e9mon\n|rule|Item Clause: Limit 1 of each item\n|clearpoke\n|poke|p1|Mimikyu, L50, F|\n|poke|p1|Camerupt, L50, F|\n|poke|p1|Conkeldurr, L50, M|\n|poke|p1|Sinistcha, L50|\n|poke|p1|Kangaskhan, L50, F|\n|poke|p1|Glimmora, L50, F|\n|poke|p2|Sneasler, L50, M|\n|poke|p2|Kingambit, L50, F|\n|poke|p2|Aerodactyl, L50, F|\n|poke|p2|Froslass, L50, F|\n|poke|p2|Ninetales-Alola, L50, M|\n|poke|p2|Basculegion, L50, M|\n|teampreview|4\n|inactive|Battle timer is ON: inactive players will automatically lose when time's up. (requested by letslarpjane)\n|inactive|letslarpjane has 60 seconds left.\n|\n|t:|1776320805\n|teamsize|p1|4\n|teamsize|p2|4\n|start\n|switch|p1a: Mimikyu|Mimikyu, L50, F|100/100\n|switch|p1b: Kangaskhan|Kangaskhan, L50, F|100/100\n|switch|p2a: Ninetales|Ninetales-Alola, L50, M|100/100\n|switch|p2b: Kingambit|Kingambit, L50, F|100/100\n|-weather|Snowscape|[from] ability: Snow Warning|[of] p2a: Ninetales\n|turn|1\n|\n|t:|1776320818\n|move|p1b: Kangaskhan|Fake Out|p2a: Ninetales\n|-damage|p2a: Ninetales|80/100\n|cant|p2a: Ninetales|flinch\n|move|p2b: Kingambit|Iron Head|p1a: Mimikyu\n|-activate|p1a: Mimikyu|ability: Disguise\n|-damage|p1a: Mimikyu|100/100\n|detailschange|p1a: Mimikyu|Mimikyu-Busted, L50, F\n|-damage|p1a: Mimikyu|88/100|[from] pokemon: Mimikyu-Busted\n|move|p1a: Mimikyu|Trick Room|p1a: Mimikyu\n|-fieldstart|move: Trick Room|[of] p1a: Mimikyu\n|\n|-weather|Snowscape|[upkeep]\n|upkeep\n|turn|2\n|\n|t:|1776320834\n|switch|p1a: Camerupt|Camerupt, L50, F|100/100\n|move|p2b: Kingambit|Protect|p2b: Kingambit\n|-singleturn|p2b: Kingambit|Protect\n|move|p1b: Kangaskhan|Last Resort|p2a: Ninetales\n|-damage|p2a: Ninetales|19/100\n|move|p2a: Ninetales|Aurora Veil|p2a: Ninetales\n|-sidestart|p2: letslarpjane|move: Aurora Veil\n|\n|-weather|Snowscape|[upkeep]\n|upkeep\n|turn|3\n|inactive|letslarpjane has 30 seconds left.\n|\n|t:|1776320866\n|detailschange|p1a: Camerupt|Camerupt-Mega, L50, F\n|-mega|p1a: Camerupt|Camerupt|Cameruptite\n|move|p2b: Kingambit|Sucker Punch|p1a: Camerupt\n|-damage|p1a: Camerupt|63/100\n|move|p1a: Camerupt|Heat Wave|p2a: Ninetales|[spread] p2a,p2b\n|-supereffective|p2a: Ninetales|1\n|-supereffective|p2b: Kingambit|1\n|-damage|p2a: Ninetales|0 fnt\n|-damage|p2b: Kingambit|31/100\n|faint|p2a: Ninetales\n|move|p1b: Kangaskhan|Last Resort|p2b: Kingambit\n|-resisted|p2b: Kingambit|1\n|-damage|p2b: Kingambit|13/100\n|\n|-weather|Snowscape|[upkeep]\n|upkeep\n|\n|t:|1776320875\n|switch|p2a: Basculegion|Basculegion, L50, M|100/100\n|turn|4\n|\n|t:|1776320896\n|switch|p1a: Sinistcha|Sinistcha, L50|100/100\n|move|p2a: Basculegion|Aqua Jet|p1a: Sinistcha\n|-resisted|p1a: Sinistcha|1\n|-damage|p1a: Sinistcha|88/100\n|move|p2b: Kingambit|Low Kick|p1b: Kangaskhan\n|-supereffective|p1b: Kangaskhan|1\n|-damage|p1b: Kangaskhan|39/100\n|move|p1b: Kangaskhan|Last Resort|p2b: Kingambit\n|-resisted|p2b: Kingambit|1\n|-damage|p2b: Kingambit|0 fnt\n|faint|p2b: Kingambit\n|\n|-weather|Snowscape|[upkeep]\n|upkeep\n|\n|t:|1776320905\n|switch|p2b: Froslass|Froslass, L50, F|100/100\n|turn|5\n|\n|t:|1776320922\n|detailschange|p2b: Froslass|Froslass-Mega, L50, F\n|-mega|p2b: Froslass|Froslass|Froslassite\n|move|p2a: Basculegion|Aqua Jet|p1b: Kangaskhan\n|-damage|p1b: Kangaskhan|14/100\n|move|p1a: Sinistcha|Matcha Gotcha|p2b: Froslass|[spread] \n|-miss|p1a: Sinistcha|p2a: Basculegion\n|-miss|p1a: Sinistcha|p2b: Froslass\n|move|p1b: Kangaskhan|Last Resort|p2b: Froslass\n|-damage|p2b: Froslass|58/100\n|move|p2b: Froslass|Nasty Plot|p2b: Froslass\n|-boost|p2b: Froslass|spa|2\n|\n|-weather|none\n|-fieldend|move: Trick Room\n|upkeep\n|turn|6\n|\n|t:|1776320945\n|move|p1a: Sinistcha|Protect|p1a: Sinistcha\n|-singleturn|p1a: Sinistcha|Protect\n|move|p2a: Basculegion|Aqua Jet|p1b: Kangaskhan\n|-damage|p1b: Kangaskhan|0 fnt\n|faint|p1b: Kangaskhan\n|move|p2b: Froslass|Shadow Ball|p1a: Sinistcha\n|-activate|p1a: Sinistcha|move: Protect\n|\n|-sideend|p2: letslarpjane|move: Aurora Veil\n|upkeep\n|\n|t:|1776320955\n|switch|p1b: Camerupt|Camerupt-Mega, L50, F|63/100\n|turn|7\n|\n|t:|1776320964\n|move|p1a: Sinistcha|Rage Powder|p1a: Sinistcha\n|-singleturn|p1a: Sinistcha|move: Rage Powder\n|move|p2a: Basculegion|Aqua Jet|p1a: Sinistcha\n|-resisted|p1a: Sinistcha|1\n|-damage|p1a: Sinistcha|76/100\n|move|p2b: Froslass|Blizzard|p1b: Camerupt|[spread] p1a,p1b\n|-supereffective|p1a: Sinistcha|1\n|-damage|p1a: Sinistcha|0 fnt\n|-damage|p1b: Camerupt|0 fnt\n|faint|p1a: Sinistcha\n|faint|p1b: Camerupt\n|\n|upkeep\n|\n|t:|1776320975\n|switch|p1b: Mimikyu|Mimikyu-Busted, L50, F|88/100\n|turn|8\n|\n|t:|1776320981\n|move|p2a: Basculegion|Aqua Jet|p1b: Mimikyu\n|-damage|p1b: Mimikyu|59/100\n|move|p1b: Mimikyu|Shadow Sneak|p2b: Froslass\n|-supereffective|p2b: Froslass|1\n|-damage|p2b: Froslass|13/100\n|move|p2b: Froslass|Shadow Ball|p1b: Mimikyu\n|-supereffective|p1b: Mimikyu|1\n|-damage|p1b: Mimikyu|0 fnt\n|faint|p1b: Mimikyu\n|\n|win|letslarpjane\n|raw|r13974682's rating: 1265 &rarr; <strong>1244</strong><br />(-21 for losing)\n|raw|letslarpjane's rating: 1314 &rarr; <strong>1331</strong><br />(+17 for winning)\n",
  "uploadtime": 1776320986,
  "views": 22,
  "formatid": "gen9championsvgc2026regma",
  "rating": 1244,
  "private": 0,
  "password": null
}