{
  "id": "gen9championsvgc2026regma-2581109154",
  "format": "[Gen 9 Champions] VGC 2026 Reg M-A",
  "players": [
    "KadGuyMan",
    "Scrubby009"
  ],
  "log": "|j|\u2606KadGuyMan\n|j|\u2606Scrubby009\n|t:|1775960714\n|gametype|doubles\n|player|p1|KadGuyMan|hugh|1051\n|player|p2|Scrubby009|skyla|1121\n|gen|9\n|tier|[Gen 9 Champions] VGC 2026 Reg M-A\n|rated|\n|rule|Species Clause: Limit one of each Pok\u00e9mon\n|rule|Item Clause: Limit 1 of each item\n|clearpoke\n|poke|p1|Garchomp, L50, M|\n|poke|p1|Tyranitar, L50, M|\n|poke|p1|Primarina, L50, F|\n|poke|p1|Corviknight, L50, F|\n|poke|p1|Sinistcha-Masterpiece, L50|\n|poke|p1|Gengar, L50, F|\n|poke|p2|Lopunny, L50, F|\n|poke|p2|Gengar, L50, M|\n|poke|p2|Incineroar, L50, M|\n|poke|p2|Sinistcha, L50|\n|poke|p2|Glimmora, L50, F|\n|poke|p2|Dragonite, L50, F|\n|teampreview|4\n|inactive|Battle timer is ON: inactive players will automatically lose when time's up. (requested by KadGuyMan)\n|c|\u2606Scrubby009|glhf\n|c|\u2606KadGuyMan|u2\n|inactive|Scrubby009 has 60 seconds left.\n|\n|t:|1775960762\n|teamsize|p1|4\n|teamsize|p2|4\n|start\n|switch|p1a: Corviknight|Corviknight, L50, F|100/100\n|switch|p1b: Tyranitar|Tyranitar, L50, M|100/100\n|switch|p2a: B-Girl Kelly|Lopunny, L50, F, shiny|100/100\n|switch|p2b: Dumbo|Dragonite, L50, F|100/100\n|-weather|Sandstorm|[from] ability: Sand Stream|[of] p1b: Tyranitar\n|turn|1\n|inactive|KadGuyMan has 30 seconds left.\n|\n|t:|1775960788\n|detailschange|p2a: B-Girl Kelly|Lopunny-Mega, L50, F, shiny\n|-mega|p2a: B-Girl Kelly|Lopunny|Lopunnite\n|move|p1b: Tyranitar|Protect|p1b: Tyranitar\n|-singleturn|p1b: Tyranitar|Protect\n|move|p2a: B-Girl Kelly|Fake Out|p1a: Corviknight\n|-resisted|p1a: Corviknight|1\n|-damage|p1a: Corviknight|94/100\n|move|p2b: Dumbo|Dragon Dance|p2b: Dumbo\n|-boost|p2b: Dumbo|atk|1\n|-boost|p2b: Dumbo|spe|1\n|cant|p1a: Corviknight|flinch\n|\n|-weather|Sandstorm|[upkeep]\n|-damage|p2a: B-Girl Kelly|95/100|[from] Sandstorm\n|-damage|p2b: Dumbo|95/100|[from] Sandstorm\n|-heal|p2b: Dumbo|100/100|[from] item: Leftovers\n|-heal|p1a: Corviknight|99/100|[from] item: Leftovers\n|upkeep\n|turn|2\n|inactive|Scrubby009 has 30 seconds left.\n|inactive|Scrubby009 has 20 seconds left.\n|inactive|Scrubby009 has 15 seconds left.\n|\n|t:|1775960830\n|switch|p1b: Primarina|Primarina, L50, F, shiny|100/100\n|move|p2a: B-Girl Kelly|U-turn|p1b: Primarina\n|-resisted|p1b: Primarina|1\n|-damage|p1b: Primarina|88/100\n|\n|t:|1775960840\n|switch|p2a: Tea Time|Sinistcha, L50|100/100|[from] U-turn\n|move|p2b: Dumbo|Dragon Dance|p2b: Dumbo\n|-boost|p2b: Dumbo|atk|1\n|-boost|p2b: Dumbo|spe|1\n|move|p1a: Corviknight|Tailwind|p1a: Corviknight\n|-sidestart|p1: KadGuyMan|move: Tailwind\n|\n|-weather|Sandstorm|[upkeep]\n|-damage|p2b: Dumbo|95/100|[from] Sandstorm\n|-damage|p1b: Primarina|82/100|[from] Sandstorm\n|-damage|p2a: Tea Time|94/100|[from] Sandstorm\n|-heal|p2b: Dumbo|100/100|[from] item: Leftovers\n|-heal|p1a: Corviknight|100/100|[from] item: Leftovers\n|upkeep\n|turn|3\n|inactive|KadGuyMan has 30 seconds left.\n|\n|t:|1775960867\n|move|p2b: Dumbo|Extreme Speed|p1b: Primarina\n|-damage|p1b: Primarina|23/100\n|-enditem|p1b: Primarina|Sitrus Berry|[eat]\n|-heal|p1b: Primarina|48/100|[from] item: Sitrus Berry\n|move|p2a: Tea Time|Rage Powder|p2a: Tea Time\n|-singleturn|p2a: Tea Time|move: Rage Powder\n|move|p1a: Corviknight|Body Press|p2a: Tea Time\n|-immune|p2a: Tea Time\n|move|p1b: Primarina|Moonblast|p2a: Tea Time\n|-damage|p2a: Tea Time|47/100\n|\n|-weather|Sandstorm|[upkeep]\n|-damage|p2b: Dumbo|95/100|[from] Sandstorm\n|-damage|p1b: Primarina|42/100|[from] Sandstorm\n|-damage|p2a: Tea Time|40/100|[from] Sandstorm\n|-heal|p2b: Dumbo|100/100|[from] item: Leftovers\n|upkeep\n|turn|4\n|\n|t:|1775960882\n|move|p1b: Primarina|Protect|p1b: Primarina\n|-singleturn|p1b: Primarina|Protect\n|move|p2b: Dumbo|Extreme Speed|p1b: Primarina\n|-activate|p1b: Primarina|move: Protect\n|move|p1a: Corviknight|Brave Bird|p2a: Tea Time\n|-supereffective|p2a: Tea Time|1\n|-damage|p2a: Tea Time|0 fnt\n|faint|p2a: Tea Time\n|-damage|p1a: Corviknight|89/100|[from] Recoil\n|\n|-weather|Sandstorm|[upkeep]\n|-damage|p2b: Dumbo|95/100|[from] Sandstorm\n|-damage|p1b: Primarina|36/100|[from] Sandstorm\n|-heal|p2b: Dumbo|100/100|[from] item: Leftovers\n|-heal|p1a: Corviknight|95/100|[from] item: Leftovers\n|upkeep\n|\n|t:|1775960886\n|switch|p2a: B-Girl Kelly|Lopunny-Mega, L50, F, shiny|95/100\n|turn|5\n|\n|t:|1775960908\n|move|p2a: B-Girl Kelly|Fake Out|p1a: Corviknight\n|-resisted|p1a: Corviknight|1\n|-damage|p1a: Corviknight|88/100\n|move|p2b: Dumbo|Extreme Speed|p1b: Primarina\n|-damage|p1b: Primarina|0 fnt\n|faint|p1b: Primarina\n|cant|p1a: Corviknight|flinch\n|\n|-weather|none\n|-heal|p1a: Corviknight|94/100|[from] item: Leftovers\n|-sideend|p1: KadGuyMan|move: Tailwind\n|upkeep\n|\n|t:|1775960916\n|switch|p1b: Tyranitar|Tyranitar, L50, M|100/100\n|-weather|Sandstorm|[from] ability: Sand Stream|[of] p1b: Tyranitar\n|turn|6\n|\n|t:|1775960928\n|move|p1b: Tyranitar|Protect|p1b: Tyranitar\n|-singleturn|p1b: Tyranitar|Protect\n|move|p2b: Dumbo|Dragon Claw|p1a: Corviknight\n|-resisted|p1a: Corviknight|1\n|-damage|p1a: Corviknight|66/100\n|move|p2a: B-Girl Kelly|Close Combat|p1b: Tyranitar\n|-activate|p1b: Tyranitar|move: Protect\n|move|p1a: Corviknight|Tailwind|p1a: Corviknight\n|-sidestart|p1: KadGuyMan|move: Tailwind\n|\n|-weather|Sandstorm|[upkeep]\n|-damage|p2b: Dumbo|95/100|[from] Sandstorm\n|-damage|p2a: B-Girl Kelly|89/100|[from] Sandstorm\n|-heal|p2b: Dumbo|100/100|[from] item: Leftovers\n|-heal|p1a: Corviknight|72/100|[from] item: Leftovers\n|upkeep\n|turn|7\n|inactive|KadGuyMan has 30 seconds left.\n|\n|t:|1775960955\n|switch|p2a: The Cat in the Hat|Incineroar, L50, M|100/100\n|-ability|p2a: The Cat in the Hat|Intimidate|boost\n|-ability|p1a: Corviknight|Mirror Armor\n|-unboost|p2a: The Cat in the Hat|atk|1\n|-unboost|p1b: Tyranitar|atk|1\n|move|p2b: Dumbo|Dragon Claw|p1b: Tyranitar\n|-damage|p1b: Tyranitar|25/100\n|move|p1b: Tyranitar|Superpower|p2a: The Cat in the Hat\n|-supereffective|p2a: The Cat in the Hat|1\n|-damage|p2a: The Cat in the Hat|53/100\n|-unboost|p1b: Tyranitar|atk|1\n|-unboost|p1b: Tyranitar|def|1\n|move|p1a: Corviknight|Body Press|p2a: The Cat in the Hat\n|-supereffective|p2a: The Cat in the Hat|1\n|-damage|p2a: The Cat in the Hat|15/100\n|-enditem|p2a: The Cat in the Hat|Sitrus Berry|[eat]\n|-heal|p2a: The Cat in the Hat|40/100|[from] item: Sitrus Berry\n|\n|-weather|Sandstorm|[upkeep]\n|-damage|p2b: Dumbo|95/100|[from] Sandstorm\n|-damage|p2a: The Cat in the Hat|34/100|[from] Sandstorm\n|-heal|p2b: Dumbo|100/100|[from] item: Leftovers\n|-heal|p1a: Corviknight|79/100|[from] item: Leftovers\n|upkeep\n|turn|8\n|\n|t:|1775960974\n|move|p1b: Tyranitar|Protect|p1b: Tyranitar\n|-singleturn|p1b: Tyranitar|Protect\n|move|p2a: The Cat in the Hat|Fake Out|p1a: Corviknight\n|-resisted|p1a: Corviknight|1\n|-damage|p1a: Corviknight|76/100\n|move|p2b: Dumbo|Dragon Claw|p1b: Tyranitar\n|-activate|p1b: Tyranitar|move: Protect\n|cant|p1a: Corviknight|flinch\n|\n|-weather|Sandstorm|[upkeep]\n|-damage|p2b: Dumbo|95/100|[from] Sandstorm\n|-damage|p2a: The Cat in the Hat|28/100|[from] Sandstorm\n|-heal|p2b: Dumbo|100/100|[from] item: Leftovers\n|-heal|p1a: Corviknight|82/100|[from] item: Leftovers\n|upkeep\n|turn|9\n|\n|t:|1775960991\n|switch|p1b: Garchomp|Garchomp, L50, M|100/100\n|move|p2b: Dumbo|Dragon Claw|p1b: Garchomp\n|-supereffective|p1b: Garchomp|1\n|-enditem|p1b: Garchomp|Focus Sash\n|-damage|p1b: Garchomp|1/100\n|-damage|p2b: Dumbo|88/100|[from] ability: Rough Skin|[of] p1b: Garchomp\n|move|p1a: Corviknight|Brave Bird|p2a: The Cat in the Hat\n|-damage|p2a: The Cat in the Hat|0 fnt\n|faint|p2a: The Cat in the Hat\n|-damage|p1a: Corviknight|73/100|[from] Recoil\n|\n|-weather|Sandstorm|[upkeep]\n|-damage|p2b: Dumbo|82/100|[from] Sandstorm\n|-heal|p2b: Dumbo|88/100|[from] item: Leftovers\n|-heal|p1a: Corviknight|79/100|[from] item: Leftovers\n|-sideend|p1: KadGuyMan|move: Tailwind\n|upkeep\n|\n|t:|1775960995\n|switch|p2a: B-Girl Kelly|Lopunny-Mega, L50, F, shiny|89/100\n|turn|10\n|\n|t:|1775961004\n|move|p1b: Garchomp|Protect|p1b: Garchomp\n|-singleturn|p1b: Garchomp|Protect\n|move|p2a: B-Girl Kelly|Fake Out|p1a: Corviknight\n|-resisted|p1a: Corviknight|1\n|-damage|p1a: Corviknight|71/100\n|move|p2b: Dumbo|Extreme Speed|p1b: Garchomp\n|-activate|p1b: Garchomp|move: Protect\n|cant|p1a: Corviknight|flinch\n|\n|-weather|none\n|-heal|p2b: Dumbo|94/100|[from] item: Leftovers\n|-heal|p1a: Corviknight|78/100|[from] item: Leftovers\n|upkeep\n|turn|11\n|\n|t:|1775961014\n|switch|p1b: Tyranitar|Tyranitar, L50, M|25/100\n|-weather|Sandstorm|[from] ability: Sand Stream|[of] p1b: Tyranitar\n|move|p2b: Dumbo|Extreme Speed|p1b: Tyranitar\n|-resisted|p1b: Tyranitar|1\n|-damage|p1b: Tyranitar|0 fnt\n|faint|p1b: Tyranitar\n|move|p2a: B-Girl Kelly|Close Combat|p1a: Corviknight\n|-damage|p1a: Corviknight|36/100\n|-unboost|p2a: B-Girl Kelly|def|1\n|-unboost|p2a: B-Girl Kelly|spd|1\n|move|p1a: Corviknight|Tailwind|p1a: Corviknight\n|-sidestart|p1: KadGuyMan|move: Tailwind\n|\n|-weather|Sandstorm|[upkeep]\n|-damage|p2b: Dumbo|88/100|[from] Sandstorm\n|-damage|p2a: B-Girl Kelly|83/100|[from] Sandstorm\n|-heal|p2b: Dumbo|94/100|[from] item: Leftovers\n|-heal|p1a: Corviknight|43/100|[from] item: Leftovers\n|upkeep\n|\n|t:|1775961020\n|switch|p1b: Garchomp|Garchomp, L50, M|1/100\n|turn|12\n|\n|t:|1775961035\n|move|p1b: Garchomp|Protect|p1b: Garchomp\n|-singleturn|p1b: Garchomp|Protect\n|move|p2b: Dumbo|Extreme Speed|p1b: Garchomp\n|-activate|p1b: Garchomp|move: Protect\n|move|p2a: B-Girl Kelly|Close Combat|p1a: Corviknight\n|-damage|p1a: Corviknight|4/100\n|-unboost|p2a: B-Girl Kelly|def|1\n|-unboost|p2a: B-Girl Kelly|spd|1\n|move|p1a: Corviknight|Brave Bird|p2a: B-Girl Kelly\n|-supereffective|p2a: B-Girl Kelly|1\n|-damage|p2a: B-Girl Kelly|0 fnt\n|faint|p2a: B-Girl Kelly\n|-damage|p1a: Corviknight|0 fnt|[from] Recoil\n|faint|p1a: Corviknight\n|\n|-weather|Sandstorm|[upkeep]\n|-damage|p2b: Dumbo|88/100|[from] Sandstorm\n|-heal|p2b: Dumbo|94/100|[from] item: Leftovers\n|upkeep\n|turn|13\n|c|\u2606KadGuyMan|gg\n|\n|t:|1775961051\n|move|p2b: Dumbo|Extreme Speed|p1b: Garchomp\n|-damage|p1b: Garchomp|0 fnt\n|-damage|p2b: Dumbo|81/100|[from] ability: Rough Skin|[of] p1b: Garchomp\n|faint|p1b: Garchomp\n|\n|win|Scrubby009\n|raw|KadGuyMan's rating: 1051 &rarr; <strong>1037</strong><br />(-14 for losing)\n|raw|Scrubby009's rating: 1121 &rarr; <strong>1141</strong><br />(+20 for winning)\n|c|\u2606Scrubby009|gg\n",
  "uploadtime": 1775961054,
  "views": 15,
  "formatid": "gen9championsvgc2026regma",
  "rating": 1037,
  "private": 0,
  "password": null
}