{
  "id": "gen9championsvgc2026regma-2588794617",
  "format": "[Gen 9 Champions] VGC 2026 Reg M-A",
  "players": [
    "jlpala",
    "Infern64"
  ],
  "log": "|j|\u2606jlpala\n|j|\u2606Infern64\n|t:|1776671693\n|gametype|doubles\n|player|p1|jlpala|101|1263\n|player|p2|Infern64|2|1310\n|gen|9\n|tier|[Gen 9 Champions] VGC 2026 Reg M-A\n|rated|\n|rule|Species Clause: Limit one of each Pok\u00e9mon\n|rule|Item Clause: Limit 1 of each item\n|clearpoke\n|poke|p1|Incineroar, L50, F|\n|poke|p1|Floette-Eternal, L50, F|\n|poke|p1|Aerodactyl, L50, M|\n|poke|p1|Milotic, L50, F|\n|poke|p1|Scizor, L50, M|\n|poke|p1|Garchomp, L50, F|\n|poke|p2|Camerupt, L50, F|\n|poke|p2|Torkoal, L50, F|\n|poke|p2|Venusaur, L50, M|\n|poke|p2|Farigiraf, L50, F|\n|poke|p2|Primarina, L50, F|\n|poke|p2|Maushold, L50|\n|teampreview|4\n|inactive|Battle timer is ON: inactive players will automatically lose when time's up. (requested by jlpala)\n|\n|t:|1776671710\n|teamsize|p1|4\n|teamsize|p2|4\n|start\n|switch|p1a: Aerodactyl|Aerodactyl, L50, M|100/100\n|switch|p1b: Milotic|Milotic, L50, F|100/100\n|switch|p2a: Farigiraf|Farigiraf, L50, F|100/100\n|switch|p2b: Primarina|Primarina, L50, F|100/100\n|-ability|p1a: Aerodactyl|Unnerve\n|turn|1\n|\n|t:|1776671725\n|move|p1a: Aerodactyl|Dual Wingbeat|p2a: Farigiraf\n|-damage|p2a: Farigiraf|81/100\n|-damage|p2a: Farigiraf|62/100\n|-hitcount|p2a: Farigiraf|2\n|move|p1b: Milotic|Muddy Water|p2b: Primarina|[spread] p2a,p2b\n|-resisted|p2b: Primarina|1\n|-damage|p2a: Farigiraf|39/100\n|-damage|p2b: Primarina|89/100\n|-unboost|p2a: Farigiraf|accuracy|1\n|-unboost|p2b: Primarina|accuracy|1\n|move|p2b: Primarina|Hyper Voice|p1a: Aerodactyl|[spread] p1a,p1b\n|-supereffective|p1a: Aerodactyl|1\n|-resisted|p1b: Milotic|1\n|-enditem|p1a: Aerodactyl|Focus Sash\n|-damage|p1a: Aerodactyl|1/100\n|-damage|p1b: Milotic|86/100\n|move|p2a: Farigiraf|Trick Room|p2a: Farigiraf\n|-fieldstart|move: Trick Room|[of] p2a: Farigiraf\n|\n|-heal|p1b: Milotic|92/100|[from] item: Leftovers\n|upkeep\n|turn|2\n|\n|t:|1776671744\n|move|p1a: Aerodactyl|Protect|p1a: Aerodactyl\n|-singleturn|p1a: Aerodactyl|Protect\n|move|p2a: Farigiraf|Hyper Voice|p1b: Milotic|[spread] \n|-activate|p1a: Aerodactyl|move: Protect\n|-miss|p2a: Farigiraf|p1b: Milotic\n|move|p2b: Primarina|Hyper Voice|p1b: Milotic|[spread] \n|-activate|p1a: Aerodactyl|move: Protect\n|-miss|p2b: Primarina|p1b: Milotic\n|move|p1b: Milotic|Life Dew|p1b: Milotic|[spread] p1a,p1b\n|-heal|p1a: Aerodactyl|26/100\n|-heal|p1b: Milotic|100/100\n|\n|upkeep\n|turn|3\n|\n|t:|1776671760\n|switch|p1a: Scizor|Scizor, L50, M|100/100\n|move|p2b: Primarina|Hyper Voice|p1a: Scizor|[spread] p1b\n|-miss|p2b: Primarina|p1a: Scizor\n|-resisted|p1b: Milotic|1\n|-damage|p1b: Milotic|87/100\n|move|p2a: Farigiraf|Hyper Voice|p1a: Scizor|[spread] p1a,p1b\n|-resisted|p1a: Scizor|1\n|-damage|p1a: Scizor|79/100\n|-damage|p1b: Milotic|65/100\n|move|p1b: Milotic|Muddy Water|p2b: Primarina|[spread] p2a\n|-miss|p1b: Milotic|p2b: Primarina\n|-damage|p2a: Farigiraf|16/100\n|\n|-heal|p1b: Milotic|71/100|[from] item: Leftovers\n|upkeep\n|turn|4\n|inactive|Infern64 has 30 seconds left.\n|\n|t:|1776671794\n|switch|p2a: Torkoal|Torkoal, L50, F|100/100\n|-weather|SunnyDay|[from] ability: Drought|[of] p2a: Torkoal\n|move|p1a: Scizor|Protect|p1a: Scizor\n|-singleturn|p1a: Scizor|Protect\n|move|p2b: Primarina|Weather Ball|p1a: Scizor\n|-activate|p1a: Scizor|move: Protect\n|move|p1b: Milotic|Muddy Water|p2a: Torkoal|[spread] p2a,p2b\n|-supereffective|p2a: Torkoal|1\n|-resisted|p2b: Primarina|1\n|-crit|p2b: Primarina\n|-damage|p2a: Torkoal|70/100\n|-damage|p2b: Primarina|81/100\n|-unboost|p2b: Primarina|accuracy|1\n|\n|-weather|SunnyDay|[upkeep]\n|-heal|p1b: Milotic|77/100|[from] item: Leftovers\n|upkeep\n|turn|5\n|\n|t:|1776671815\n|switch|p1a: Aerodactyl|Aerodactyl, L50, M|26/100\n|-ability|p1a: Aerodactyl|Unnerve\n|move|p2a: Torkoal|Solar Beam||[still]\n|-prepare|p2a: Torkoal|Solar Beam\n|-anim|p2a: Torkoal|Solar Beam|p1b: Milotic\n|-supereffective|p1b: Milotic|1\n|-damage|p1b: Milotic|30/100\n|move|p2b: Primarina|Weather Ball|p1a: Aerodactyl\n|-resisted|p1a: Aerodactyl|1\n|-damage|p1a: Aerodactyl|0 fnt\n|faint|p1a: Aerodactyl\n|move|p1b: Milotic|Life Dew|p1b: Milotic\n|-heal|p1b: Milotic|55/100\n|\n|-weather|SunnyDay|[upkeep]\n|-heal|p1b: Milotic|61/100|[from] item: Leftovers\n|-fieldend|move: Trick Room\n|upkeep\n|\n|t:|1776671833\n|switch|p1a: Scizor|Scizor, L50, M|79/100\n|turn|6\n|\n|t:|1776671846\n|move|p1a: Scizor|Bullet Punch|p2b: Primarina\n|-damage|p2b: Primarina|34/100\n|move|p1b: Milotic|Life Dew|p1b: Milotic|[spread] p1a,p1b\n|-heal|p1a: Scizor|100/100\n|-heal|p1b: Milotic|87/100\n|move|p2b: Primarina|Moonblast|p1b: Milotic\n|-damage|p1b: Milotic|50/100\n|move|p2a: Torkoal|Solar Beam||[still]\n|-prepare|p2a: Torkoal|Solar Beam\n|-anim|p2a: Torkoal|Solar Beam|p1b: Milotic\n|-supereffective|p1b: Milotic|1\n|-damage|p1b: Milotic|4/100\n|\n|-weather|SunnyDay|[upkeep]\n|-heal|p1b: Milotic|10/100|[from] item: Leftovers\n|upkeep\n|turn|7\n|\n|t:|1776671863\n|move|p1b: Milotic|Protect|p1b: Milotic\n|-singleturn|p1b: Milotic|Protect\n|move|p2b: Primarina|Protect|p2b: Primarina\n|-singleturn|p2b: Primarina|Protect\n|move|p1a: Scizor|Bullet Punch|p2b: Primarina\n|-activate|p2b: Primarina|move: Protect\n|move|p2a: Torkoal|Heat Wave|p1a: Scizor|[spread] p1a\n|-activate|p1b: Milotic|move: Protect\n|-supereffective|p1a: Scizor|2\n|-damage|p1a: Scizor|0 fnt\n|faint|p1a: Scizor\n|\n|-weather|SunnyDay|[upkeep]\n|-heal|p1b: Milotic|16/100|[from] item: Leftovers\n|upkeep\n|\n|t:|1776671872\n|switch|p1a: Floette|Floette-Eternal, L50, F|100/100\n|turn|8\n|\n|t:|1776671897\n|detailschange|p1a: Floette|Floette-Mega, L50, F\n|-mega|p1a: Floette|Floette|Floettite\n|-ability|p1a: Floette|Fairy Aura\n|move|p1a: Floette|Moonblast|p2a: Torkoal\n|-resisted|p2a: Torkoal|1\n|-damage|p2a: Torkoal|17/100\n|move|p1b: Milotic|Life Dew||[still]|[spread] p1a,p1b\n|-fail|p1a: Floette|heal\n|-heal|p1b: Milotic|41/100\n|move|p2b: Primarina|Hyper Voice|p1b: Milotic|[spread] \n|-miss|p2b: Primarina|p1a: Floette\n|-miss|p2b: Primarina|p1b: Milotic\n|move|p2a: Torkoal|Heat Wave|p1b: Milotic|[spread] p1a,p1b\n|-resisted|p1b: Milotic|1\n|-damage|p1a: Floette|58/100\n|-damage|p1b: Milotic|24/100\n|-status|p1a: Floette|brn\n|-status|p1b: Milotic|brn\n|\n|-weather|none\n|-heal|p1b: Milotic|30/100 brn|[from] item: Leftovers\n|-damage|p1a: Floette|52/100 brn|[from] brn\n|-damage|p1b: Milotic|24/100 brn|[from] brn\n|upkeep\n|turn|9\n|inactive|jlpala has 30 seconds left.\n|inactive|Infern64 has 30 seconds left.\n|\n|t:|1776671923\n|switch|p2a: Farigiraf|Farigiraf, L50, F|16/100\n|move|p1a: Floette|Dazzling Gleam|p2a: Farigiraf|[spread] p2a,p2b\n|-damage|p2a: Farigiraf|0 fnt\n|-damage|p2b: Primarina|0 fnt\n|faint|p2a: Farigiraf\n|faint|p2b: Primarina\n|move|p1b: Milotic|Life Dew|p1b: Milotic|[spread] p1a,p1b\n|-heal|p1a: Floette|77/100 brn\n|-heal|p1b: Milotic|49/100 brn\n|\n|-heal|p1b: Milotic|55/100 brn|[from] item: Leftovers\n|-damage|p1a: Floette|71/100 brn|[from] brn\n|-damage|p1b: Milotic|49/100 brn|[from] brn\n|upkeep\n|\n|t:|1776671929\n|switch|p2a: Torkoal|Torkoal, L50, F|17/100\n|switch|p2b: Camerupt|Camerupt, L50, F|100/100\n|-weather|SunnyDay|[from] ability: Drought|[of] p2a: Torkoal\n|turn|10\n|\n|t:|1776671945\n|detailschange|p2b: Camerupt|Camerupt-Mega, L50, F\n|-mega|p2b: Camerupt|Camerupt|Cameruptite\n|move|p1b: Milotic|Protect|p1b: Milotic\n|-singleturn|p1b: Milotic|Protect\n|move|p1a: Floette|Dazzling Gleam|p2a: Torkoal|[spread] p2a,p2b\n|-resisted|p2a: Torkoal|1\n|-crit|p2a: Torkoal\n|-resisted|p2b: Camerupt|1\n|-damage|p2a: Torkoal|0 fnt\n|-damage|p2b: Camerupt|79/100\n|faint|p2a: Torkoal\n|move|p2b: Camerupt|Heat Wave|p1b: Milotic|[spread] p1a\n|-activate|p1b: Milotic|move: Protect\n|-damage|p1a: Floette|10/100 brn\n|\n|-weather|SunnyDay|[upkeep]\n|-heal|p1b: Milotic|55/100 brn|[from] item: Leftovers\n|-damage|p1a: Floette|3/100 brn|[from] brn\n|-damage|p1b: Milotic|49/100 brn|[from] brn\n|upkeep\n|turn|11\n|\n|t:|1776671966\n|move|p1a: Floette|Moonblast|p2b: Camerupt\n|-resisted|p2b: Camerupt|1\n|-crit|p2b: Camerupt\n|-damage|p2b: Camerupt|26/100\n|move|p1b: Milotic|Muddy Water|p2b: Camerupt|[miss]\n|-miss|p1b: Milotic|p2b: Camerupt\n|move|p2b: Camerupt|Earth Power|p1b: Milotic\n|-damage|p1b: Milotic|0 fnt\n|faint|p1b: Milotic\n|\n|-weather|SunnyDay|[upkeep]\n|-damage|p1a: Floette|0 fnt|[from] brn\n|faint|p1a: Floette\n|\n|win|Infern64\n|raw|jlpala's rating: 1263 &rarr; <strong>1241</strong><br />(-22 for losing)\n|raw|Infern64's rating: 1310 &rarr; <strong>1327</strong><br />(+17 for winning)\n|l|\u2606jlpala\n|player|p1|\n",
  "uploadtime": 1776671981,
  "views": 12,
  "formatid": "gen9championsvgc2026regma",
  "rating": 1241,
  "private": 0,
  "password": null
}