{
  "id": "gen9championsvgc2026regma-2587879160",
  "format": "[Gen 9 Champions] VGC 2026 Reg M-A",
  "players": [
    "fangyusuhe",
    "asubircomolaespuma"
  ],
  "log": "|j|\u2606fangyusuhe\n|j|\u203dasubircomolaespuma\n|t:|1776573818\n|gametype|doubles\n|player|p1|fangyusuhe|dawn|1473\n|player|p2|asubircomolaespuma|102|1505\n|gen|9\n|tier|[Gen 9 Champions] VGC 2026 Reg M-A\n|rated|\n|rule|Species Clause: Limit one of each Pok\u00e9mon\n|rule|Item Clause: Limit 1 of each item\n|clearpoke\n|poke|p1|Floette-Eternal, L50, F|\n|poke|p1|Sinistcha, L50|\n|poke|p1|Incineroar, L50, M|\n|poke|p1|Maushold, L50|\n|poke|p1|Talonflame, L50, M|\n|poke|p1|Garchomp, L50, M|\n|poke|p2|Charizard, L50, M|\n|poke|p2|Basculegion, L50, M|\n|poke|p2|Garchomp, L50, M|\n|poke|p2|Whimsicott, L50, F|\n|poke|p2|Kingambit, L50, F|\n|poke|p2|Sneasler, L50, F|\n|teampreview|4\n|inactive|Battle timer is ON: inactive players will automatically lose when time's up. (requested by fangyusuhe)\n|inactive|asubircomolaespuma has 60 seconds left.\n|inactive|asubircomolaespuma has 30 seconds left.\n|\n|t:|1776573890\n|teamsize|p1|4\n|teamsize|p2|4\n|start\n|switch|p1a: Floette|Floette-Eternal, L50, F|100/100\n|switch|p1b: Maushold|Maushold, L50|100/100\n|switch|p2a: Kingambit|Kingambit, L50, F|100/100\n|switch|p2b: Basculegion|Basculegion, L50, M|100/100\n|turn|1\n|inactive|fangyusuhe has 30 seconds left.\n|\n|t:|1776573919\n|move|p1b: Maushold|Protect|p1b: Maushold\n|-singleturn|p1b: Maushold|Protect\n|move|p1a: Floette|Protect|p1a: Floette\n|-singleturn|p1a: Floette|Protect\n|move|p2b: Basculegion|Flip Turn|p1b: Maushold\n|-activate|p1b: Maushold|move: Protect\n|move|p2a: Kingambit|Iron Head|p1a: Floette\n|-activate|p1a: Floette|move: Protect\n|\n|upkeep\n|turn|2\n|\n|t:|1776573926\n|detailschange|p1a: Floette|Floette-Mega, L50, F\n|-mega|p1a: Floette|Floette|Floettite\n|-ability|p1a: Floette|Fairy Aura\n|move|p1b: Maushold|Follow Me|p1b: Maushold\n|-singleturn|p1b: Maushold|move: Follow Me\n|move|p2b: Basculegion|Flip Turn|p1b: Maushold\n|-damage|p1b: Maushold|55/100\n|\n|t:|1776573934\n|switch|p2b: Charizard|Charizard, L50, M|100/100|[from] Flip Turn\n|move|p1a: Floette|Calm Mind|p1a: Floette\n|-boost|p1a: Floette|spa|1\n|-boost|p1a: Floette|spd|1\n|move|p2a: Kingambit|Iron Head|p1b: Maushold\n|-damage|p1b: Maushold|5/100\n|\n|upkeep\n|turn|3\n|\n|t:|1776573945\n|detailschange|p2b: Charizard|Charizard-Mega-Y, L50, M\n|-mega|p2b: Charizard|Charizard|Charizardite Y\n|-weather|SunnyDay|[from] ability: Drought|[of] p2b: Charizard\n|move|p1b: Maushold|Super Fang|p2a: Kingambit\n|-damage|p2a: Kingambit|51/100\n|move|p2b: Charizard|Heat Wave|p1a: Floette|[spread] p1a,p1b\n|-damage|p1a: Floette|76/100\n|-damage|p1b: Maushold|0 fnt\n|faint|p1b: Maushold\n|move|p1a: Floette|Dazzling Gleam|p2b: Charizard|[spread] p2a,p2b\n|-resisted|p2b: Charizard|1\n|-damage|p2a: Kingambit|0 fnt\n|-damage|p2b: Charizard|70/100\n|faint|p2a: Kingambit\n|\n|-weather|SunnyDay|[upkeep]\n|upkeep\n|\n|t:|1776573960\n|switch|p1b: Garchomp|Garchomp, L50, M|100/100\n|switch|p2a: Sneasler|Sneasler, L50, F|100/100\n|turn|4\n|\n|t:|1776573971\n|move|p1a: Floette|Protect|p1a: Floette\n|-singleturn|p1a: Floette|Protect\n|move|p2a: Sneasler|Fake Out|p1b: Garchomp\n|-damage|p1b: Garchomp|88/100\n|-damage|p2a: Sneasler|88/100|[from] ability: Rough Skin|[of] p1b: Garchomp\n|cant|p1b: Garchomp|flinch\n|move|p2b: Charizard|Solar Beam||[still]\n|-prepare|p2b: Charizard|Solar Beam\n|-anim|p2b: Charizard|Solar Beam|p1b: Garchomp\n|-damage|p1b: Garchomp|38/100\n|\n|-weather|SunnyDay|[upkeep]\n|upkeep\n|turn|5\n|\n|t:|1776573992\n|move|p2a: Sneasler|Protect|p2a: Sneasler\n|-singleturn|p2a: Sneasler|Protect\n|move|p1b: Garchomp|Stomping Tantrum|p2a: Sneasler\n|-activate|p2a: Sneasler|move: Protect\n|move|p2b: Charizard|Solar Beam||[still]\n|-prepare|p2b: Charizard|Solar Beam\n|-anim|p2b: Charizard|Solar Beam|p1b: Garchomp\n|-damage|p1b: Garchomp|0 fnt\n|faint|p1b: Garchomp\n|move|p1a: Floette|Dazzling Gleam|p2b: Charizard|[spread] p2b\n|-activate|p2a: Sneasler|move: Protect\n|-resisted|p2b: Charizard|1\n|-damage|p2b: Charizard|43/100\n|\n|-weather|SunnyDay|[upkeep]\n|upkeep\n|\n|t:|1776573995\n|switch|p1b: Talonflame|Talonflame, L50, M|100/100\n|turn|6\n|\n|t:|1776574010\n|move|p1b: Talonflame|Acrobatics|p2a: Sneasler\n|-supereffective|p2a: Sneasler|1\n|-damage|p2a: Sneasler|0 fnt\n|faint|p2a: Sneasler\n|move|p2b: Charizard|Heat Wave|p1b: Talonflame|[spread] p1a,p1b\n|-resisted|p1b: Talonflame|1\n|-damage|p1a: Floette|44/100\n|-damage|p1b: Talonflame|46/100\n|move|p1a: Floette|Dazzling Gleam|p2b: Charizard\n|-resisted|p2b: Charizard|1\n|-damage|p2b: Charizard|5/100\n|\n|-weather|SunnyDay|[upkeep]\n|upkeep\n|\n|t:|1776574013\n|switch|p2a: Basculegion|Basculegion, L50, M|100/100\n|turn|7\n|\n|t:|1776574033\n|move|p2a: Basculegion|Last Respects|p1b: Talonflame\n|-damage|p1b: Talonflame|0 fnt\n|faint|p1b: Talonflame\n|move|p2b: Charizard|Weather Ball|p1a: Floette\n|-damage|p1a: Floette|4/100\n|move|p1a: Floette|Dazzling Gleam|p2b: Charizard|[spread] p2a,p2b\n|-resisted|p2b: Charizard|1\n|-damage|p2a: Basculegion|20/100\n|-damage|p2b: Charizard|0 fnt\n|faint|p2b: Charizard\n|\n|-weather|none\n|upkeep\n|turn|8\n|\n|t:|1776574042\n|move|p2a: Basculegion|Last Respects|p1a: Floette\n|-damage|p1a: Floette|0 fnt\n|faint|p1a: Floette\n|\n|win|asubircomolaespuma\n|raw|fangyusuhe's rating: 1473 &rarr; <strong>1455</strong><br />(-18 for losing)\n|raw|asubircomolaespuma's rating: 1505 &rarr; <strong>1523</strong><br />(+18 for winning)\n|l|\u2606fangyusuhe\n|player|p1|\n",
  "uploadtime": 1776574067,
  "views": 16,
  "formatid": "gen9championsvgc2026regma",
  "rating": 1455,
  "private": 0,
  "password": null
}