{
  "id": "gen9championsvgc2026regma-2580828778",
  "format": "[Gen 9 Champions] VGC 2026 Reg M-A",
  "players": [
    "Jorbius",
    "MersusNoctus"
  ],
  "log": "|j|\u2606Jorbius\n|j|\u2606MersusNoctus\n|t:|1775935834\n|gametype|doubles\n|player|p1|Jorbius|linebacker|1051\n|player|p2|MersusNoctus|silver|1081\n|gen|9\n|tier|[Gen 9 Champions] VGC 2026 Reg M-A\n|rated|\n|rule|Species Clause: Limit one of each Pok\u00e9mon\n|rule|Item Clause: Limit 1 of each item\n|clearpoke\n|poke|p1|Garganacl, L50, F|\n|poke|p1|Sinistcha, L50|\n|poke|p1|Milotic, L50, F|\n|poke|p1|Tyranitar, L50, M|\n|poke|p1|Dragapult, L50, F|\n|poke|p1|Incineroar, L50, F|\n|poke|p2|Gyarados, L50, F|\n|poke|p2|Scovillain, L50, M|\n|poke|p2|Primarina, L50, F|\n|poke|p2|Kommo-o, L50, F|\n|poke|p2|Talonflame, L50, M|\n|poke|p2|Heliolisk, L50, F|\n|teampreview|4\nJorbius rejected open team sheets.\n|\n|t:|1775935898\n|teamsize|p1|4\n|teamsize|p2|4\n|start\n|switch|p1a: Tyranitar|Tyranitar, L50, M|100/100\n|switch|p1b: Milotic|Milotic, L50, F|100/100\n|switch|p2a: Heliolisk|Heliolisk, L50, F|100/100\n|switch|p2b: Primarina|Primarina, L50, F|100/100\n|-weather|Sandstorm|[from] ability: Sand Stream|[of] p1a: Tyranitar\n|turn|1\n|\n|t:|1775935937\n|detailschange|p1a: Tyranitar|Tyranitar-Mega, L50, M\n|-mega|p1a: Tyranitar|Tyranitar|Tyranitarite\n|move|p1b: Milotic|Protect|p1b: Milotic\n|-singleturn|p1b: Milotic|Protect\n|move|p2a: Heliolisk|Shed Tail|p2a: Heliolisk\n|-start|p2a: Heliolisk|Substitute|[from] move: Shed Tail\n|-damage|p2a: Heliolisk|50/100\n|-enditem|p2a: Heliolisk|Sitrus Berry|[eat]\n|-heal|p2a: Heliolisk|75/100|[from] item: Sitrus Berry\n|\n|t:|1775935946\n|switch|p2a: Scovillain|Scovillain, L50, M|100/100|[from] Shed Tail\n|move|p1a: Tyranitar|Low Kick|p2a: Scovillain\n|-end|p2a: Scovillain|Substitute\n|move|p2b: Primarina|Moonblast|p1a: Tyranitar\n|-supereffective|p1a: Tyranitar|1\n|-damage|p1a: Tyranitar|54/100\n|\n|-weather|Sandstorm|[upkeep]\n|-damage|p2a: Scovillain|95/100|[from] Sandstorm\n|-damage|p1b: Milotic|95/100|[from] Sandstorm\n|-damage|p2b: Primarina|95/100|[from] Sandstorm\n|-ability|p2a: Scovillain|Moody|boost\n|-boost|p2a: Scovillain|spa|2\n|-unboost|p2a: Scovillain|spe|1\n|upkeep\n|turn|2\n|\n|t:|1775935974\n|move|p2a: Scovillain|Protect|p2a: Scovillain\n|-singleturn|p2a: Scovillain|Protect\n|move|p1b: Milotic|Life Dew|p1b: Milotic|[spread] p1a,p1b\n|-heal|p1a: Tyranitar|79/100\n|-heal|p1b: Milotic|100/100\n|move|p1a: Tyranitar|Rock Slide|p2a: Scovillain|[spread] p2b\n|-activate|p2a: Scovillain|move: Protect\n|-damage|p2b: Primarina|55/100\n|move|p2b: Primarina|Icy Wind|p1a: Tyranitar|[spread] p1a,p1b\n|-resisted|p1b: Milotic|1\n|-damage|p1a: Tyranitar|73/100\n|-damage|p1b: Milotic|95/100\n|-unboost|p1a: Tyranitar|spe|1\n|-unboost|p1b: Milotic|spe|1\n|-ability|p1b: Milotic|Competitive|boost\n|-boost|p1b: Milotic|spa|2\n|\n|-weather|Sandstorm|[upkeep]\n|-damage|p2b: Primarina|49/100|[from] Sandstorm\n|-damage|p2a: Scovillain|89/100|[from] Sandstorm\n|-damage|p1b: Milotic|89/100|[from] Sandstorm\n|-ability|p2a: Scovillain|Moody|boost\n|-boost|p2a: Scovillain|def|2\n|-unboost|p2a: Scovillain|spd|1\n|upkeep\n|turn|3\n|\n|t:|1775936001\n|detailschange|p2a: Scovillain|Scovillain-Mega, L50, M\n|-mega|p2a: Scovillain|Scovillain|Scovillainite\n|move|p2b: Primarina|Light Screen|p2b: Primarina\n|-sidestart|p2: MersusNoctus|move: Light Screen\n|move|p2a: Scovillain|Giga Drain|p1b: Milotic\n|-supereffective|p1b: Milotic|1\n|-damage|p1b: Milotic|0 fnt\n|-heal|p2a: Scovillain|100/100|[from] drain|[of] p1b: Milotic\n|faint|p1b: Milotic\n|move|p1a: Tyranitar|Rock Slide|p2a: Scovillain|[spread] p2a,p2b\n|-supereffective|p2a: Scovillain|1\n|-damage|p2a: Scovillain|62/100\n|-damage|p2b: Primarina|8/100\n|-status|p1a: Tyranitar|brn|[from] ability: Spicy Spray|[of] p2a: Scovillain\n|\n|-weather|Sandstorm|[upkeep]\n|-damage|p2b: Primarina|2/100|[from] Sandstorm\n|-damage|p2a: Scovillain|56/100|[from] Sandstorm\n|-damage|p1a: Tyranitar|68/100 brn|[from] brn\n|upkeep\n|\n|t:|1775936017\n|switch|p1b: Garganacl|Garganacl, L50, F|100/100\n|turn|4\n|\n|t:|1775936051\n|move|p1a: Tyranitar|Protect|p1a: Tyranitar\n|-singleturn|p1a: Tyranitar|Protect\n|move|p2b: Primarina|Hyper Voice|p1b: Garganacl|[spread] p1b\n|-activate|p1a: Tyranitar|move: Protect\n|-supereffective|p1b: Garganacl|1\n|-damage|p1b: Garganacl|66/100\n|move|p2a: Scovillain|Giga Drain|p1b: Garganacl\n|-supereffective|p1b: Garganacl|1\n|-damage|p1b: Garganacl|0 fnt\n|-heal|p2a: Scovillain|96/100|[from] drain|[of] p1b: Garganacl\n|faint|p1b: Garganacl\n|\n|-weather|Sandstorm|[upkeep]\n|-damage|p2b: Primarina|0 fnt|[from] Sandstorm\n|-damage|p2a: Scovillain|90/100|[from] Sandstorm\n|faint|p2b: Primarina\n|-damage|p1a: Tyranitar|62/100 brn|[from] brn\n|upkeep\n|\n|t:|1775936072\n|switch|p2b: Heliolisk|Heliolisk, L50, F|75/100\n|switch|p1b: Sinistcha|Sinistcha, L50|100/100\n|-heal|p1a: Tyranitar|86/100 brn|[from] ability: Hospitality|[of] p1b: Sinistcha\n|turn|5\n|\n|t:|1775936105\n|move|p1b: Sinistcha|Protect|p1b: Sinistcha\n|-singleturn|p1b: Sinistcha|Protect\n|move|p2b: Heliolisk|Electroweb|p1a: Tyranitar|[spread] p1a\n|-activate|p1b: Sinistcha|move: Protect\n|-damage|p1a: Tyranitar|78/100 brn\n|-unboost|p1a: Tyranitar|spe|1\n|move|p2a: Scovillain|Fire Blast|p1b: Sinistcha\n|-activate|p1b: Sinistcha|move: Protect\n|move|p1a: Tyranitar|Rock Slide|p2b: Heliolisk|[spread] p2a,p2b\n|-supereffective|p2a: Scovillain|1\n|-damage|p2a: Scovillain|69/100\n|-damage|p2b: Heliolisk|42/100\n|\n|-weather|none\n|-damage|p1a: Tyranitar|72/100 brn|[from] brn\n|upkeep\n|turn|6\n|\n|t:|1775936142\n|move|p2b: Heliolisk|Electroweb|p1a: Tyranitar|[spread] p1a,p1b\n|-resisted|p1b: Sinistcha|1\n|-damage|p1a: Tyranitar|60/100 brn\n|-damage|p1b: Sinistcha|92/100\n|-unboost|p1a: Tyranitar|spe|1\n|-unboost|p1b: Sinistcha|spe|1\n|move|p2a: Scovillain|Fire Blast|p1b: Sinistcha\n|-supereffective|p1b: Sinistcha|1\n|-crit|p1b: Sinistcha\n|-damage|p1b: Sinistcha|0 fnt\n|faint|p1b: Sinistcha\n|move|p1a: Tyranitar|Low Kick|p2a: Scovillain\n|-damage|p2a: Scovillain|64/100\n|\n|-damage|p1a: Tyranitar|55/100 brn|[from] brn\n|upkeep\n|turn|7\n|\n|t:|1775936169\n|move|p2b: Heliolisk|Electroweb|p1a: Tyranitar\n|-crit|p1a: Tyranitar\n|-damage|p1a: Tyranitar|30/100 brn\n|-unboost|p1a: Tyranitar|spe|1\n|move|p2a: Scovillain|Giga Drain|p1a: Tyranitar\n|-supereffective|p1a: Tyranitar|1\n|-damage|p1a: Tyranitar|0 fnt\n|-heal|p2a: Scovillain|82/100|[from] drain|[of] p1a: Tyranitar\n|faint|p1a: Tyranitar\n|\n|win|MersusNoctus\n|raw|Jorbius's rating: 1051 &rarr; <strong>1035</strong><br />(-16 for losing)\n|raw|MersusNoctus's rating: 1081 &rarr; <strong>1106</strong><br />(+25 for winning)\n|l|\u2606MersusNoctus\n|player|p2|\n|c|\u2606Jorbius|damn gg\n|l|\u2606Jorbius\n|player|p1|\n|j|\u2606MersusNoctus\n|player|p2|MersusNoctus|silver|\n",
  "uploadtime": 1775936291,
  "views": 21,
  "formatid": "gen9championsvgc2026regma",
  "rating": 1035,
  "private": 0,
  "password": null
}