{
  "id": "gen9championsvgc2026regma-2588297982",
  "format": "[Gen 9 Champions] VGC 2026 Reg M-A",
  "players": [
    "Dunster1",
    "lolnezan78"
  ],
  "log": "|j|\u2606Dunster1\n|j|\u2606lolnezan78\n|t:|1776622017\n|gametype|doubles\n|player|p1|Dunster1|hilda|1339\n|player|p2|lolnezan78|brycen|1406\n|gen|9\n|tier|[Gen 9 Champions] VGC 2026 Reg M-A\n|rated|\n|rule|Species Clause: Limit one of each Pok\u00e9mon\n|rule|Item Clause: Limit 1 of each item\n|clearpoke\n|poke|p1|Charizard, L50, M|\n|poke|p1|Venusaur, L50, M|\n|poke|p1|Incineroar, L50, M|\n|poke|p1|Garchomp, L50, F|\n|poke|p1|Rotom-Wash, L50|\n|poke|p1|Sneasler, L50, F|\n|poke|p2|Gallade, L50, M|\n|poke|p2|Kingambit, L50, M|\n|poke|p2|Aegislash, L50, M|\n|poke|p2|Aerodactyl, L50, F|\n|poke|p2|Arcanine, L50, M|\n|poke|p2|Venusaur, L50, F|\n|teampreview|4\n|inactive|Battle timer is ON: inactive players will automatically lose when time's up. (requested by Dunster1)\n|inactive|Dunster1 has 60 seconds left.\n|\n|t:|1776622056\n|teamsize|p1|4\n|teamsize|p2|4\n|start\n|switch|p1a: Charizard|Charizard, L50, M|100/100\n|switch|p1b: Garchomp|Garchomp, L50, F|100/100\n|switch|p2a: Aerodactyl|Aerodactyl, L50, F|100/100\n|switch|p2b: Gallade|Gallade, L50, M|100/100\n|-ability|p2a: Aerodactyl|Unnerve\n|turn|1\n|\n|t:|1776622075\n|move|p1a: Charizard|Protect|p1a: Charizard\n|-singleturn|p1a: Charizard|Protect\n|move|p1b: Garchomp|Rock Slide|p2b: Gallade|[spread] p2a,p2b\n|-supereffective|p2a: Aerodactyl|1\n|-resisted|p2b: Gallade|1\n|-damage|p2a: Aerodactyl|30/100\n|-damage|p2b: Gallade|81/100\n|cant|p2a: Aerodactyl|flinch\n|move|p2b: Gallade|Sacred Sword|p1b: Garchomp\n|-damage|p1b: Garchomp|27/100\n|-damage|p2b: Gallade|69/100|[from] ability: Rough Skin|[of] p1b: Garchomp\n|\n|upkeep\n|turn|2\n|\n|t:|1776622093\n|switch|p2a: Arcanine|Arcanine, L50, M|100/100\n|-ability|p2a: Arcanine|Intimidate|boost\n|-unboost|p1a: Charizard|atk|1\n|-unboost|p1b: Garchomp|atk|1\n|detailschange|p1a: Charizard|Charizard-Mega-Y, L50, M\n|-mega|p1a: Charizard|Charizard|Charizardite Y\n|-weather|SunnyDay|[from] ability: Drought|[of] p1a: Charizard\n|move|p1b: Garchomp|Rock Slide|p2a: Arcanine|[spread] p2a,p2b\n|-supereffective|p2a: Arcanine|1\n|-resisted|p2b: Gallade|1\n|-damage|p2a: Arcanine|71/100\n|-damage|p2b: Gallade|56/100\n|move|p2b: Gallade|Sacred Sword|p1b: Garchomp\n|-damage|p1b: Garchomp|0 fnt\n|-damage|p2b: Gallade|43/100|[from] ability: Rough Skin|[of] p1b: Garchomp\n|faint|p1b: Garchomp\n|move|p1a: Charizard|Weather Ball|p2b: Gallade\n|-damage|p2b: Gallade|0 fnt\n|faint|p2b: Gallade\n|\n|-weather|SunnyDay|[upkeep]\n|upkeep\n|\n|t:|1776622112\n|switch|p1b: Sneasler|Sneasler, L50, F|100/100\n|switch|p2b: Aerodactyl|Aerodactyl, L50, F|30/100\n|-ability|p2b: Aerodactyl|Unnerve\n|turn|3\n|\n|t:|1776622134\n|move|p2b: Aerodactyl|Protect|p2b: Aerodactyl\n|-singleturn|p2b: Aerodactyl|Protect\n|move|p1b: Sneasler|Fake Out|p2b: Aerodactyl\n|-activate|p2b: Aerodactyl|move: Protect\n|move|p1a: Charizard|Heat Wave|p2a: Arcanine|[spread] p2a\n|-activate|p2b: Aerodactyl|move: Protect\n|-resisted|p2a: Arcanine|1\n|-damage|p2a: Arcanine|35/100\n|-enditem|p2a: Arcanine|Sitrus Berry|[eat]\n|-heal|p2a: Arcanine|59/100|[from] item: Sitrus Berry\n|move|p2a: Arcanine|Will-O-Wisp|p1b: Sneasler\n|-status|p1b: Sneasler|brn\n|\n|-weather|SunnyDay|[upkeep]\n|-damage|p1b: Sneasler|95/100 brn|[from] brn\n|upkeep\n|turn|4\n|\n|t:|1776622155\n|move|p2b: Aerodactyl|Rock Slide|p1b: Sneasler|[spread] p1a,p1b\n|-supereffective|p1a: Charizard|2\n|-resisted|p1b: Sneasler|1\n|-damage|p1a: Charizard|0 fnt\n|-damage|p1b: Sneasler|72/100 brn\n|faint|p1a: Charizard\n|move|p1b: Sneasler|Close Combat|p2a: Arcanine\n|-damage|p2a: Arcanine|26/100\n|-unboost|p1b: Sneasler|def|1\n|-unboost|p1b: Sneasler|spd|1\n|-enditem|p1b: Sneasler|White Herb\n|-clearnegativeboost|p1b: Sneasler|[silent]\n|move|p2a: Arcanine|Snarl|p1b: Sneasler\n|-resisted|p1b: Sneasler|1\n|-damage|p1b: Sneasler|65/100 brn\n|-unboost|p1b: Sneasler|spa|1\n|\n|-weather|SunnyDay|[upkeep]\n|-damage|p1b: Sneasler|59/100 brn|[from] brn\n|upkeep\n|\n|t:|1776622158\n|switch|p1a: Rotom|Rotom-Wash, L50|100/100\n|turn|5\n|\n|t:|1776622170\n|move|p1b: Sneasler|Close Combat|p2a: Arcanine\n|-damage|p2a: Arcanine|0 fnt\n|-unboost|p1b: Sneasler|def|1\n|-unboost|p1b: Sneasler|spd|1\n|faint|p2a: Arcanine\n|move|p2b: Aerodactyl|Dual Wingbeat|p1b: Sneasler\n|-supereffective|p1b: Sneasler|1\n|-damage|p1b: Sneasler|0 fnt\n|faint|p1b: Sneasler\n|-hitcount|p1: Sneasler|1\n|move|p1a: Rotom|Thunderbolt|p2b: Aerodactyl\n|-supereffective|p2b: Aerodactyl|1\n|-damage|p2b: Aerodactyl|0 fnt\n|faint|p2b: Aerodactyl\n|\n|-weather|SunnyDay|[upkeep]\n|upkeep\n|\n|t:|1776622178\n|switch|p2a: Venusaur|Venusaur, L50, F|100/100\n|turn|6\n|\n|t:|1776622186\n|detailschange|p2a: Venusaur|Venusaur-Mega, L50, F\n|-mega|p2a: Venusaur|Venusaur|Venusaurite\n|move|p1a: Rotom|Will-O-Wisp|p2a: Venusaur\n|-status|p2a: Venusaur|brn\n|move|p2a: Venusaur|Giga Drain|p1a: Rotom\n|-supereffective|p1a: Rotom|1\n|-damage|p1a: Rotom|28/100\n|\n|-weather|none\n|-heal|p1a: Rotom|34/100|[from] item: Leftovers\n|-damage|p2a: Venusaur|95/100 brn|[from] brn\n|upkeep\n|turn|7\n|\n|t:|1776622195\n|move|p1a: Rotom|Protect|p1a: Rotom\n|-singleturn|p1a: Rotom|Protect\n|move|p2a: Venusaur|Giga Drain|p1a: Rotom\n|-activate|p1a: Rotom|move: Protect\n|\n|-heal|p1a: Rotom|39/100|[from] item: Leftovers\n|-damage|p2a: Venusaur|89/100 brn|[from] brn\n|upkeep\n|turn|8\n|\n|t:|1776622202\n|move|p1a: Rotom|Thunderbolt|p2a: Venusaur\n|-resisted|p2a: Venusaur|1\n|-damage|p2a: Venusaur|75/100 brn\n|move|p2a: Venusaur|Giga Drain|p1a: Rotom\n|-supereffective|p1a: Rotom|1\n|-damage|p1a: Rotom|0 fnt\n|-heal|p2a: Venusaur|92/100 brn|[from] drain|[of] p1a: Rotom\n|faint|p1a: Rotom\n|\n|win|lolnezan78\n|raw|Dunster1's rating: 1339 &rarr; <strong>1323</strong><br />(-16 for losing)\n|raw|lolnezan78's rating: 1406 &rarr; <strong>1422</strong><br />(+16 for winning)\n|l|\u2606Dunster1\n|player|p1|\n",
  "uploadtime": 1776622209,
  "views": 21,
  "formatid": "gen9championsvgc2026regma",
  "rating": 1323,
  "private": 0,
  "password": null
}