{
  "id": "gen9championsvgc2026regma-2585746992",
  "format": "[Gen 9 Champions] VGC 2026 Reg M-A",
  "players": [
    "eldiablotyCham",
    "regufe"
  ],
  "log": "|j|\u2606eldiablotyCham\n|j|\u2606regufe\n|t:|1776367776\n|gametype|doubles\n|player|p1|eldiablotyCham|170|1061\n|player|p2|regufe|pokemonbreeder|1065\n|gen|9\n|tier|[Gen 9 Champions] VGC 2026 Reg M-A\n|rated|\n|rule|Species Clause: Limit one of each Pok\u00e9mon\n|rule|Item Clause: Limit 1 of each item\n|clearpoke\n|poke|p1|Aerodactyl, L50, F|\n|poke|p1|Tyranitar, L50, M|\n|poke|p1|Aegislash, L50, M|\n|poke|p1|Garchomp, L50, F|\n|poke|p1|Rotom-Wash, L50|\n|poke|p1|Sneasler, L50, M|\n|poke|p2|Lopunny, L50, F|\n|poke|p2|Aerodactyl, L50, F|\n|poke|p2|Zoroark-Hisui, L50, F|\n|poke|p2|Sableye, L50, F|\n|poke|p2|Incineroar, L50, F|\n|poke|p2|Kommo-o, L50, F|\n|teampreview|4\n|\n|t:|1776367871\n|teamsize|p1|4\n|teamsize|p2|4\n|start\n|switch|p1a: Aerodactyl|Aerodactyl, L50, F, shiny|100/100\n|switch|p1b: Sneasler|Sneasler, L50, M|100/100\n|switch|p2a: Sableye|Sableye, L50, F|100/100\n|switch|p2b: Lopunny|Lopunny, L50, F|100/100\n|-ability|p1a: Aerodactyl|Unnerve\n|turn|1\n|\n|t:|1776367908\n|move|p2a: Sableye|Fake Out|p1a: Aerodactyl\n|-resisted|p1a: Aerodactyl|1\n|-damage|p1a: Aerodactyl|95/100\n|cant|p1a: Aerodactyl|flinch\n|move|p1b: Sneasler|Close Combat|p2b: Lopunny\n|-immune|p2b: Lopunny\n|move|p2b: Lopunny|Hyper Beam|p1a: Aerodactyl\n|-resisted|p1a: Aerodactyl|1\n|-damage|p1a: Aerodactyl|33/100\n|-mustrecharge|p2b: Lopunny\n|\n|upkeep\n|turn|2\n|\n|t:|1776367932\n|move|p2a: Sableye|Encore|p1b: Sneasler\n|-start|p1b: Sneasler|Encore\n|move|p1a: Aerodactyl|Tailwind|p1a: Aerodactyl\n|-sidestart|p1: eldiablotyCham|move: Tailwind\n|move|p1b: Sneasler|Close Combat|p2b: Lopunny\n|-immune|p2b: Lopunny\n|cant|p2b: Lopunny|recharge\n|\n|upkeep\n|turn|3\n|\n|t:|1776367948\n|switch|p1b: Tyranitar|Tyranitar, L50, M, shiny|100/100\n|-weather|Sandstorm|[from] ability: Sand Stream|[of] p1b: Tyranitar\n|move|p2a: Sableye|Encore|p1a: Aerodactyl\n|-start|p1a: Aerodactyl|Encore\n|move|p1a: Aerodactyl|Tailwind||[still]\n|-fail|p1a: Aerodactyl\n|move|p2b: Lopunny|Hyper Voice|p1a: Aerodactyl|[spread] p1a,p1b\n|-resisted|p1a: Aerodactyl|1\n|-resisted|p1b: Tyranitar|1\n|-damage|p1a: Aerodactyl|13/100\n|-damage|p1b: Tyranitar|87/100\n|\n|-weather|Sandstorm|[upkeep]\n|-damage|p2b: Lopunny|94/100|[from] Sandstorm\n|-damage|p2a: Sableye|95/100|[from] Sandstorm\n|upkeep\n|turn|4\n|\n|t:|1776367981\n|switch|p1a: Aegislash|Aegislash, L50, M, shiny|100/100\n|detailschange|p1b: Tyranitar|Tyranitar-Mega, L50, M, shiny\n|-mega|p1b: Tyranitar|Tyranitar|Tyranitarite\n|move|p2b: Lopunny|Protect|p2b: Lopunny\n|-singleturn|p2b: Lopunny|Protect\n|move|p2a: Sableye|Will-O-Wisp|p1b: Tyranitar\n|-hint|Since gen 7, Dark is immune to Prankster moves.\n|-immune|p1b: Tyranitar\n|move|p1b: Tyranitar|Rock Slide|p2b: Lopunny|[spread] p2a\n|-activate|p2b: Lopunny|move: Protect\n|-damage|p2a: Sableye|46/100\n|-enditem|p2a: Sableye|Sitrus Berry|[eat]\n|-heal|p2a: Sableye|71/100|[from] item: Sitrus Berry\n|\n|-weather|Sandstorm|[upkeep]\n|-damage|p2b: Lopunny|88/100|[from] Sandstorm\n|-damage|p2a: Sableye|65/100|[from] Sandstorm\n|upkeep\n|turn|5\n|\n|t:|1776368040\n|move|p2a: Sableye|Will-O-Wisp|p1a: Aegislash\n|-status|p1a: Aegislash|brn\n|move|p1b: Tyranitar|Rock Slide|p2b: Lopunny|[spread] p2b\n|-miss|p1b: Tyranitar|p2a: Sableye\n|-damage|p2b: Lopunny|19/100\n|replace|p2b: Zoroark|Zoroark-Hisui, L50, F\n|-end|p2b: Zoroark|Illusion\n|cant|p2b: Zoroark|flinch\n|-formechange|p1a: Aegislash|Aegislash-Blade|\n|move|p1a: Aegislash|Poltergeist|p2b: Zoroark\n|-immune|p2b: Zoroark\n|\n|-weather|Sandstorm|[upkeep]\n|-damage|p2b: Zoroark|13/100|[from] Sandstorm\n|-damage|p2a: Sableye|60/100|[from] Sandstorm\n|-damage|p1a: Aegislash|95/100 brn|[from] brn\n|-sideend|p1: eldiablotyCham|move: Tailwind\n|upkeep\n|turn|6\n|\n|t:|1776368078\n|-formechange|p1a: Aegislash|Aegislash|\n|move|p1a: Aegislash|King's Shield|p1a: Aegislash\n|-singleturn|p1a: Aegislash|Protect\n|move|p2a: Sableye|Encore|p1a: Aegislash\n|-start|p1a: Aegislash|Encore\n|move|p2b: Zoroark|Shadow Ball|p1a: Aegislash\n|-activate|p1a: Aegislash|move: Protect\n|move|p1b: Tyranitar|Rock Slide|p2b: Zoroark|[spread] p2a,p2b\n|-damage|p2a: Sableye|15/100\n|-damage|p2b: Zoroark|0 fnt\n|faint|p2b: Zoroark\n|\n|-weather|Sandstorm|[upkeep]\n|-damage|p2a: Sableye|9/100|[from] Sandstorm\n|-damage|p1a: Aegislash|89/100 brn|[from] brn\n|upkeep\n|\n|t:|1776368094\n|switch|p2b: Lopunny|Lopunny, L50, F|100/100\n|turn|7\n|\n|t:|1776368139\n|switch|p1a: Sneasler|Sneasler, L50, M|100/100\n|detailschange|p2b: Lopunny|Lopunny-Mega, L50, F\n|-mega|p2b: Lopunny|Lopunny|Lopunnite\n|move|p1b: Tyranitar|Protect|p1b: Tyranitar\n|-singleturn|p1b: Tyranitar|Protect\n|move|p2a: Sableye|Disable||[still]\n|-fail|p2a: Sableye\n|move|p2b: Lopunny|Close Combat|p1b: Tyranitar\n|-activate|p1b: Tyranitar|move: Protect\n|\n|-weather|none\n|upkeep\n|turn|8\n|\n|t:|1776368169\n|move|p2b: Lopunny|Protect|p2b: Lopunny\n|-singleturn|p2b: Lopunny|Protect\n|move|p2a: Sableye|Will-O-Wisp|p1a: Sneasler\n|-status|p1a: Sneasler|brn\n|move|p1a: Sneasler|Close Combat|p2b: Lopunny\n|-activate|p2b: Lopunny|move: Protect\n|move|p1b: Tyranitar|Rock Slide|p2b: Lopunny|[spread] \n|-activate|p2b: Lopunny|move: Protect\n|-miss|p1b: Tyranitar|p2a: Sableye\n|\n|-damage|p1a: Sneasler|95/100 brn|[from] brn\n|upkeep\n|turn|9\n|\n|t:|1776368189\n|move|p2a: Sableye|Disable|p1a: Sneasler\n|-start|p1a: Sneasler|Disable|Close Combat\n|move|p2b: Lopunny|Close Combat|p1b: Tyranitar\n|-supereffective|p1b: Tyranitar|2\n|-damage|p1b: Tyranitar|0 fnt\n|-unboost|p2b: Lopunny|def|1\n|-unboost|p2b: Lopunny|spd|1\n|faint|p1b: Tyranitar\n|cant|p1a: Sneasler|Disable|Close Combat\n|\n|-damage|p1a: Sneasler|89/100 brn|[from] brn\n|upkeep\n|\n|t:|1776368201\n|switch|p1b: Aerodactyl|Aerodactyl, L50, F, shiny|13/100\n|-ability|p1b: Aerodactyl|Unnerve\n|turn|10\n|\n|t:|1776368225\n|move|p1a: Sneasler|Protect|p1a: Sneasler\n|-singleturn|p1a: Sneasler|Protect\n|move|p2a: Sableye|Encore|p1a: Sneasler\n|-activate|p1a: Sneasler|move: Protect\n|move|p2b: Lopunny|Close Combat|p1b: Aerodactyl\n|-damage|p1b: Aerodactyl|0 fnt\n|-unboost|p2b: Lopunny|def|1\n|-unboost|p2b: Lopunny|spd|1\n|faint|p1b: Aerodactyl\n|\n|-damage|p1a: Sneasler|83/100 brn|[from] brn\n|upkeep\n|\n|t:|1776368237\n|switch|p1b: Aegislash|Aegislash, L50, M, shiny|89/100 brn\n|turn|11\n|\n|t:|1776368250\n|move|p2a: Sableye|Encore|p1a: Sneasler\n|-start|p1a: Sneasler|Encore\n|move|p1a: Sneasler|Protect|p1a: Sneasler\n|-singleturn|p1a: Sneasler|Protect\n|move|p2b: Lopunny|Close Combat|p1b: Aegislash\n|-supereffective|p1b: Aegislash|1\n|-damage|p1b: Aegislash|0 fnt\n|-unboost|p2b: Lopunny|def|1\n|-unboost|p2b: Lopunny|spd|1\n|faint|p1b: Aegislash\n|\n|-damage|p1a: Sneasler|77/100 brn|[from] brn\n|upkeep\n|turn|12\n|-message|eldiablotyCham forfeited.\n|\n|win|regufe\n|raw|eldiablotyCham's rating: 1061 &rarr; <strong>1042</strong><br />(-19 for losing)\n|raw|regufe's rating: 1065 &rarr; <strong>1095</strong><br />(+30 for winning)\n|l|\u2606eldiablotyCham\n|player|p1|\n",
  "uploadtime": 1776368266,
  "views": 15,
  "formatid": "gen9championsvgc2026regma",
  "rating": 1042,
  "private": 0,
  "password": null
}