{
  "id": "gen9championsvgc2026regma-2581192536",
  "format": "[Gen 9 Champions] VGC 2026 Reg M-A",
  "players": [
    "lolgz",
    "The Goopmeister"
  ],
  "log": "|j|\u2606lolgz\n|j|\u2606The Goopmeister\n|t:|1775969152\n|gametype|doubles\n|player|p1|lolgz|170|\n|player|p2|The Goopmeister|marlon|\n|gen|9\n|tier|[Gen 9 Champions] VGC 2026 Reg M-A\n|rated|Tournament battle\n|rule|Species Clause: Limit one of each Pok\u00e9mon\n|rule|Item Clause: Limit 1 of each item\n|clearpoke\n|poke|p1|Charizard, L50, M|\n|poke|p1|Whimsicott, L50, F|\n|poke|p1|Basculegion, L50, M|\n|poke|p1|Venusaur, L50, F|\n|poke|p1|Sneasler, L50, M|\n|poke|p1|Floette-Eternal, L50, F|\n|poke|p2|Charizard, L50, M|\n|poke|p2|Incineroar, L50, F|\n|poke|p2|Sneasler, L50, M|\n|poke|p2|Venusaur, L50, M|\n|poke|p2|Garchomp, L50, M|\n|poke|p2|Rotom-Wash, L50|\n|teampreview|4\n|j| Tealnotsu\n|\n|t:|1775969190\n|teamsize|p1|4\n|teamsize|p2|4\n|start\n|switch|p1a: Whimsicott|Whimsicott, L50, F|100/100\n|switch|p1b: Charizard|Charizard, L50, M|100/100\n|switch|p2a: Charizard|Charizard, L50, M, shiny|100/100\n|switch|p2b: Venusaur|Venusaur, L50, M|100/100\n|turn|1\n|\n|t:|1775969212\n|detailschange|p1b: Charizard|Charizard-Mega-Y, L50, M\n|-mega|p1b: Charizard|Charizard|Charizardite Y\n|-weather|SunnyDay|[from] ability: Drought|[of] p1b: Charizard\n|detailschange|p2a: Charizard|Charizard-Mega-Y, L50, M, shiny\n|-mega|p2a: Charizard|Charizard|Charizardite Y\n|move|p2b: Venusaur|Protect|p2b: Venusaur\n|-singleturn|p2b: Venusaur|Protect\n|move|p1a: Whimsicott|Tailwind|p1a: Whimsicott\n|-sidestart|p1: lolgz|move: Tailwind\n|move|p1b: Charizard|Heat Wave|p2a: Charizard|[spread] p2a\n|-activate|p2b: Venusaur|move: Protect\n|-resisted|p2a: Charizard|1\n|-damage|p2a: Charizard|66/100\n|move|p2a: Charizard|Heat Wave|p1b: Charizard|[spread] p1a,p1b\n|-supereffective|p1a: Whimsicott|1\n|-resisted|p1b: Charizard|1\n|-enditem|p1a: Whimsicott|Focus Sash\n|-damage|p1a: Whimsicott|1/100\n|-damage|p1b: Charizard|70/100\n|\n|-weather|SunnyDay|[upkeep]\n|upkeep\n|turn|2\n|\n|t:|1775969241\n|move|p1a: Whimsicott|Encore|p2b: Venusaur\n|-start|p2b: Venusaur|Encore\n|move|p2b: Venusaur|Protect|p2b: Venusaur\n|-singleturn|p2b: Venusaur|Protect\n|move|p1b: Charizard|Heat Wave|p2a: Charizard|[spread] p2a\n|-activate|p2b: Venusaur|move: Protect\n|-resisted|p2a: Charizard|1\n|-damage|p2a: Charizard|34/100\n|move|p2a: Charizard|Heat Wave|p1b: Charizard|[spread] p1a\n|-miss|p2a: Charizard|p1b: Charizard\n|-supereffective|p1a: Whimsicott|1\n|-damage|p1a: Whimsicott|0 fnt\n|faint|p1a: Whimsicott\n|\n|-weather|SunnyDay|[upkeep]\n|upkeep\n|\n|t:|1775969249\n|switch|p1a: Basculegion|Basculegion, L50, M|100/100\n|turn|3\n|\n|t:|1775969276\n|switch|p2b: Rotom|Rotom-Wash, L50|100/100\n|move|p1a: Basculegion|Flip Turn|p2b: Rotom\n|-resisted|p2b: Rotom|1\n|-damage|p2b: Rotom|91/100\n|\n|t:|1775969281\n|switch|p1a: Sneasler|Sneasler, L50, M|100/100|[from] Flip Turn\n|move|p1b: Charizard|Heat Wave|p2a: Charizard|[spread] p2a,p2b\n|-resisted|p2a: Charizard|1\n|-resisted|p2b: Rotom|1\n|-damage|p2a: Charizard|2/100\n|-damage|p2b: Rotom|60/100\n|move|p2a: Charizard|Solar Beam||[still]\n|-prepare|p2a: Charizard|Solar Beam\n|-anim|p2a: Charizard|Solar Beam|p1a: Sneasler\n|-resisted|p1a: Sneasler|1\n|-damage|p1a: Sneasler|68/100\n|\n|-weather|SunnyDay|[upkeep]\n|-heal|p2b: Rotom|66/100|[from] item: Leftovers\n|upkeep\n|turn|4\n|\n|t:|1775969303\n|move|p2a: Charizard|Protect|p2a: Charizard\n|-singleturn|p2a: Charizard|Protect\n|move|p1a: Sneasler|Fake Out|p2a: Charizard\n|-activate|p2a: Charizard|move: Protect\n|move|p1b: Charizard|Solar Beam||[still]\n|-prepare|p1b: Charizard|Solar Beam\n|-anim|p1b: Charizard|Solar Beam|p2b: Rotom\n|-supereffective|p2b: Rotom|1\n|-damage|p2b: Rotom|0 fnt\n|faint|p2b: Rotom\n|\n|-weather|SunnyDay|[upkeep]\n|-sideend|p1: lolgz|move: Tailwind\n|upkeep\n|l| Tealnotsu\n|\n|t:|1775969322\n|switch|p2b: Venusaur|Venusaur, L50, M|100/100\n|turn|5\n|\n|t:|1775969334\n|move|p2b: Venusaur|Sludge Bomb|p1b: Charizard\n|-damage|p1b: Charizard|25/100\n|move|p1a: Sneasler|Dire Claw|p2a: Charizard\n|-damage|p2a: Charizard|0 fnt\n|faint|p2a: Charizard\n|move|p1b: Charizard|Heat Wave|p2b: Venusaur|[miss]\n|-miss|p1b: Charizard|p2b: Venusaur\n|\n|-weather|none\n|upkeep\n|\n|t:|1775969343\n|switch|p2a: Sneasler|Sneasler, L50, M, shiny|100/100\n|-ability|p2a: Sneasler|Pressure\n|turn|6\n|\n|t:|1775969356\n|move|p1b: Charizard|Protect|p1b: Charizard\n|-singleturn|p1b: Charizard|Protect\n|move|p2a: Sneasler|Fake Out|p1a: Sneasler\n|-damage|p1a: Sneasler|45/100\n|cant|p1a: Sneasler|flinch\n|move|p2b: Venusaur|Sludge Bomb|p1b: Charizard\n|-activate|p1b: Charizard|move: Protect\n|\n|upkeep\n|turn|7\n|\n|t:|1775969372\n|move|p2a: Sneasler|Dire Claw|p1b: Charizard\n|-damage|p1b: Charizard|0 fnt\n|faint|p1b: Charizard\n|move|p1a: Sneasler|Close Combat|p2a: Sneasler\n|-resisted|p2a: Sneasler|1\n|-crit|p2a: Sneasler\n|-damage|p2a: Sneasler|9/100\n|-unboost|p1a: Sneasler|def|1\n|-unboost|p1a: Sneasler|spd|1\n|-enditem|p1a: Sneasler|White Herb\n|-clearnegativeboost|p1a: Sneasler|[silent]\n|move|p2b: Venusaur|Sleep Powder|p1a: Sneasler|[miss]\n|-miss|p2b: Venusaur|p1a: Sneasler\n|\n|upkeep\n|\n|t:|1775969383\n|switch|p1b: Basculegion|Basculegion, L50, M|100/100\n|turn|8\n|\n|t:|1775969409\n|move|p1a: Sneasler|Dire Claw|p2a: Sneasler\n|-resisted|p2a: Sneasler|1\n|-crit|p2a: Sneasler\n|-damage|p2a: Sneasler|0 fnt\n|faint|p2a: Sneasler\n|move|p1b: Basculegion|Last Respects|p2b: Venusaur\n|-enditem|p2b: Venusaur|Focus Sash\n|-damage|p2b: Venusaur|1/100\n|move|p2b: Venusaur|Leaf Storm|p1b: Basculegion\n|-supereffective|p1b: Basculegion|1\n|-damage|p1b: Basculegion|0 fnt\n|-unboost|p2b: Venusaur|spa|2\n|faint|p1b: Basculegion\n|\n|upkeep\n|turn|9\n|\n|t:|1775969427\n|move|p1a: Sneasler|Dire Claw|p2b: Venusaur\n|-damage|p2b: Venusaur|0 fnt\n|faint|p2b: Venusaur\n|\n|win|lolgz\n|n|\u2606lolgz|lolgz\n|n|\u2606The Goopmeister|thegoopmeister\n",
  "uploadtime": 1775969427,
  "views": 13,
  "formatid": "gen9championsvgc2026regma",
  "rating": null,
  "private": 0,
  "password": null
}