{
  "id": "gen9championsvgc2026regma-2587302316",
  "format": "[Gen 9 Champions] VGC 2026 Reg M-A",
  "players": [
    "Yellowalsomellow",
    "isabellissima"
  ],
  "log": "|j|\u2606Yellowalsomellow\n|j|\u2606isabellissima\n|t:|1776519995\n|gametype|doubles\n|player|p1|Yellowalsomellow|nate|1209\n|player|p2|isabellissima|265|1296\n|gen|9\n|tier|[Gen 9 Champions] VGC 2026 Reg M-A\n|rated|\n|rule|Species Clause: Limit one of each Pok\u00e9mon\n|rule|Item Clause: Limit 1 of each item\n|clearpoke\n|poke|p1|Emboar, L50, F, shiny|\n|poke|p1|Sneasler, L50, F|\n|poke|p1|Rotom-Wash, L50|\n|poke|p1|Sinistcha-Masterpiece, L50|\n|poke|p1|Goodra-Hisui, L50, F, shiny|\n|poke|p1|Gyarados, L50, F, shiny|\n|poke|p2|Incineroar, L50, F, shiny|\n|poke|p2|Gengar, L50, F, shiny|\n|poke|p2|Sneasler, L50, F|\n|poke|p2|Maushold-Four, L50|\n|poke|p2|Kommo-o, L50, M, shiny|\n|poke|p2|Politoed, L50, M, shiny|\n|teampreview|4\n|\n|t:|1776520013\n|teamsize|p1|4\n|teamsize|p2|4\n|start\n|switch|p1a: Emboar|Emboar, L50, F, shiny|100/100\n|switch|p1b: Sneasler|Sneasler, L50, F|100/100\n|switch|p2a: Incineroar|Incineroar, L50, F, shiny|100/100\n|switch|p2b: Gengar|Gengar, L50, F, shiny|100/100\n|-ability|p2a: Incineroar|Intimidate|boost\n|-unboost|p1a: Emboar|atk|1\n|-unboost|p1b: Sneasler|atk|1\n|-enditem|p1b: Sneasler|White Herb\n|-clearnegativeboost|p1b: Sneasler|[silent]\n|turn|1\n|inactive|Battle timer is ON: inactive players will automatically lose when time's up. (requested by isabellissima)\n|\n|t:|1776520048\n|detailschange|p2b: Gengar|Gengar-Mega, L50, F, shiny\n|-mega|p2b: Gengar|Gengar|Gengarite\n|detailschange|p1a: Emboar|Emboar-Mega, L50, F, shiny\n|-mega|p1a: Emboar|Emboar|Emboarite\n|-ability|p1a: Emboar|Mold Breaker\n|move|p2a: Incineroar|Fake Out|p1b: Sneasler\n|-damage|p1b: Sneasler|82/100\n|cant|p1b: Sneasler|flinch\n|move|p2b: Gengar|Perish Song|p2b: Gengar\n|-start|p1a: Emboar|perish3|[silent]\n|-start|p1b: Sneasler|perish3|[silent]\n|-start|p2a: Incineroar|perish3|[silent]\n|-start|p2b: Gengar|perish3|[silent]\n|-fieldactivate|move: Perish Song\n|move|p1a: Emboar|Bulk Up|p1a: Emboar\n|-boost|p1a: Emboar|atk|1\n|-boost|p1a: Emboar|def|1\n|\n|-start|p1b: Sneasler|perish3\n|-start|p2b: Gengar|perish3\n|-start|p1a: Emboar|perish3\n|-start|p2a: Incineroar|perish3\n|upkeep\n|turn|2\n|inactive|Yellowalsomellow has 30 seconds left.\n|\n|t:|1776520073\n|move|p2b: Gengar|Protect|p2b: Gengar\n|-singleturn|p2b: Gengar|Protect\n|move|p2a: Incineroar|Protect|p2a: Incineroar\n|-singleturn|p2a: Incineroar|Protect\n|move|p1b: Sneasler|Coaching|p1a: Emboar\n|-boost|p1a: Emboar|atk|1\n|-boost|p1a: Emboar|def|1\n|move|p1a: Emboar|Bulk Up|p1a: Emboar\n|-boost|p1a: Emboar|atk|1\n|-boost|p1a: Emboar|def|1\n|\n|-start|p1b: Sneasler|perish2\n|-start|p2b: Gengar|perish2\n|-start|p1a: Emboar|perish2\n|-start|p2a: Incineroar|perish2\n|upkeep\n|turn|3\n|inactive|Yellowalsomellow has 30 seconds left.\n|inactive|Yellowalsomellow has 20 seconds left.\n|inactive|Yellowalsomellow has 15 seconds left.\n|\n|t:|1776520115\n|switch|p2b: Maushold|Maushold-Four, L50|100/100\n|move|p1b: Sneasler|Dire Claw|p2b: Maushold\n|-damage|p2b: Maushold|44/100\n|-status|p2b: Maushold|psn\n|move|p1a: Emboar|Flare Blitz|p2b: Maushold\n|-damage|p2b: Maushold|0 fnt\n|faint|p2b: Maushold\n|-damage|p1a: Emboar|87/100|[from] Recoil\n|move|p2a: Incineroar|Parting Shot|p1a: Emboar\n|-unboost|p1a: Emboar|atk|1\n|-unboost|p1a: Emboar|spa|1\n|\n|t:|1776520129\n|switch|p2a: Gengar|Gengar-Mega, L50, F, shiny|100/100|[from] Parting Shot\n|\n|-start|p1b: Sneasler|perish1\n|-start|p1a: Emboar|perish1\n|upkeep\n|\n|t:|1776520132\n|switch|p2b: Incineroar|Incineroar, L50, F, shiny|100/100\n|-ability|p2b: Incineroar|Intimidate|boost\n|-unboost|p1a: Emboar|atk|1\n|-unboost|p1b: Sneasler|atk|1\n|turn|4\n|\n|t:|1776520143\n|move|p2a: Gengar|Protect|p2a: Gengar\n|-singleturn|p2a: Gengar|Protect\n|move|p2b: Incineroar|Protect|p2b: Incineroar\n|-singleturn|p2b: Incineroar|Protect\n|move|p1a: Emboar|Sucker Punch||[still]\n|-fail|p1a: Emboar\n|move|p1b: Sneasler|Dire Claw|p2b: Incineroar\n|-activate|p2b: Incineroar|move: Protect\n|\n|-start|p1b: Sneasler|perish0\n|-start|p1a: Emboar|perish0\n|faint|p1b: Sneasler\n|faint|p1a: Emboar\n|upkeep\n|\n|t:|1776520154\n|switch|p1b: Sinistcha|Sinistcha-Masterpiece, L50|100/100\n|switch|p1a: Rotom|Rotom-Wash, L50|100/100\n|turn|5\n|inactive|Yellowalsomellow has 30 seconds left.\n|\n|t:|1776520185\n|move|p1a: Rotom|Electroweb|p2a: Gengar|[spread] p2a,p2b\n|-damage|p2a: Gengar|79/100\n|-damage|p2b: Incineroar|84/100\n|-unboost|p2a: Gengar|spe|1\n|-unboost|p2b: Incineroar|spe|1\n|move|p2a: Gengar|Shadow Ball|p1b: Sinistcha\n|-supereffective|p1b: Sinistcha|1\n|-damage|p1b: Sinistcha|0 fnt\n|faint|p1b: Sinistcha\n|move|p2b: Incineroar|Throat Chop|p1a: Rotom\n|-crit|p1a: Rotom\n|-damage|p1a: Rotom|42/100\n|-start|p1a: Rotom|Throat Chop|[silent]\n|\n|upkeep\n|turn|6\n|-message|Yellowalsomellow forfeited.\n|\n|win|isabellissima\n|raw|Yellowalsomellow's rating: 1209 &rarr; <strong>1190</strong><br />(-19 for losing)\n|raw|isabellissima's rating: 1296 &rarr; <strong>1315</strong><br />(+19 for winning)\n|l|\u2606Yellowalsomellow\n|player|p1|\n",
  "uploadtime": 1776520198,
  "views": 17,
  "formatid": "gen9championsvgc2026regma",
  "rating": 1190,
  "private": 0,
  "password": null
}