{
  "id": "gen9championsvgc2026regma-2584737174",
  "format": "[Gen 9 Champions] VGC 2026 Reg M-A",
  "players": [
    "ShadowSeller",
    "lfdgm"
  ],
  "log": "|j|\u2606ShadowSeller\n|j|\u2606lfdgm\n|t:|1776280105\n|gametype|doubles\n|player|p1|ShadowSeller|266|1048\n|player|p2|lfdgm|skyla|1116\n|gen|9\n|tier|[Gen 9 Champions] VGC 2026 Reg M-A\n|rated|\n|rule|Species Clause: Limit one of each Pok\u00e9mon\n|rule|Item Clause: Limit 1 of each item\n|clearpoke\n|poke|p1|Meganium, L50, F|\n|poke|p1|Pelipper, L50, M|\n|poke|p1|Archaludon, L50, M|\n|poke|p1|Basculegion, L50, M|\n|poke|p1|Toxicroak, L50, M|\n|poke|p1|Espathra, L50, M|\n|poke|p2|Drampa, L50, F|\n|poke|p2|Audino, L50, M|\n|poke|p2|Sinistcha, L50|\n|poke|p2|Pelipper, L50, M|\n|poke|p2|Aegislash, L50, F|\n|poke|p2|Basculegion, L50, M|\n|teampreview|4\n|\n|t:|1776280147\n|teamsize|p1|4\n|teamsize|p2|4\n|start\n|switch|p1a: Meganium|Meganium, L50, F|100/100\n|switch|p1b: Pelipper|Pelipper, L50, M|100/100\n|switch|p2a: Audino|Audino, L50, M|100/100\n|switch|p2b: Pelipper|Pelipper, L50, M|100/100\n|-weather|RainDance|[from] ability: Drizzle|[of] p1b: Pelipper\n|turn|1\n|\n|t:|1776280179\n|switch|p1a: Archaludon|Archaludon, L50, M|100/100\n|move|p1b: Pelipper|Tailwind|p1b: Pelipper\n|-sidestart|p1: ShadowSeller|move: Tailwind\n|move|p2b: Pelipper|Hurricane|p1a: Archaludon\n|-resisted|p1a: Archaludon|1\n|-damage|p1a: Archaludon|81/100\n|move|p2a: Audino|Trick Room|p2a: Audino\n|-fieldstart|move: Trick Room|[of] p2a: Audino\n|\n|-weather|RainDance|[upkeep]\n|upkeep\n|turn|2\n|\n|t:|1776280194\n|switch|p2b: Drampa|Drampa, L50, F|100/100\n|-ability|p2b: Drampa|Cloud Nine\n|move|p1b: Pelipper|Protect|p1b: Pelipper\n|-singleturn|p1b: Pelipper|Protect\n|move|p2a: Audino|Encore|p1b: Pelipper\n|-activate|p1b: Pelipper|move: Protect\n|move|p1a: Archaludon|Electro Shot||[still]\n|-prepare|p1a: Archaludon|Electro Shot\n|-boost|p1a: Archaludon|spa|1\n|\n|-weather|RainDance|[upkeep]\n|upkeep\n|turn|3\n|\n|t:|1776280231\n|detailschange|p2b: Drampa|Drampa-Mega, L50, F\n|-mega|p2b: Drampa|Drampa|Drampanite\n|move|p2b: Drampa|Earth Power|p1a: Archaludon\n|-supereffective|p1a: Archaludon|1\n|-damage|p1a: Archaludon|6/100\n|move|p2a: Audino|Encore|p1b: Pelipper\n|-start|p1b: Pelipper|Encore\n|move|p1b: Pelipper|Protect||[still]\n|-fail|p1b: Pelipper\n|move|p1a: Archaludon|Electro Shot|p2b: Drampa|[from] lockedmove\n|-resisted|p2b: Drampa|1\n|-damage|p2b: Drampa|73/100\n|\n|-weather|RainDance|[upkeep]\n|upkeep\n|turn|4\n|\n|t:|1776280261\n|switch|p1b: Meganium|Meganium, L50, F|100/100\n|move|p2b: Drampa|Hyper Voice|p1a: Archaludon|[spread] p1a,p1b\n|-resisted|p1a: Archaludon|1\n|-damage|p1a: Archaludon|0 fnt\n|-damage|p1b: Meganium|51/100\n|faint|p1a: Archaludon\n|move|p2a: Audino|Wish|p2a: Audino\n|\n|-weather|RainDance|[upkeep]\n|-sideend|p1: ShadowSeller|move: Tailwind\n|upkeep\n|\n|t:|1776280274\n|switch|p1a: Pelipper|Pelipper, L50, M|100/100\n|turn|5\n|\n|t:|1776280344\n|switch|p2a: Pelipper|Pelipper, L50, M|100/100\n|move|p2b: Drampa|Protect|p2b: Drampa\n|-singleturn|p2b: Drampa|Protect\n|move|p1a: Pelipper|Protect|p1a: Pelipper\n|-singleturn|p1a: Pelipper|Protect\n|move|p1b: Meganium|Protect||[still]\n|-fail|p1b: Meganium\n|\n|-weather|none\n|-fieldend|move: Trick Room\n|upkeep\n|turn|6\n|\n|t:|1776280397\n|switch|p2b: Aegislash|Aegislash, L50, F|100/100\n|detailschange|p1b: Meganium|Meganium-Mega, L50, F\n|-mega|p1b: Meganium|Meganium|Meganiumite\n|move|p1b: Meganium|Dazzling Gleam|p2a: Pelipper|[spread] p2a,p2b\n|-resisted|p2b: Aegislash|1\n|-damage|p2a: Pelipper|56/100\n|-damage|p2b: Aegislash|86/100\n|move|p1a: Pelipper|Tailwind|p1a: Pelipper\n|-sidestart|p1: ShadowSeller|move: Tailwind\n|move|p2a: Pelipper|Tailwind|p2a: Pelipper\n|-sidestart|p2: lfdgm|move: Tailwind\n|\n|-heal|p2a: Pelipper|62/100|[from] item: Leftovers\n|upkeep\n|turn|7\n|\n|t:|1776280442\n|switch|p2a: Audino|Audino, L50, M|100/100\n|move|p2b: Aegislash|King's Shield|p2b: Aegislash\n|-singleturn|p2b: Aegislash|Protect\n|move|p1b: Meganium|Weather Ball|p2b: Aegislash\n|-activate|p2b: Aegislash|move: Protect\n|move|p1a: Pelipper|Hurricane|p2a: Audino\n|-damage|p2a: Audino|70/100\n|\n|upkeep\n|turn|8\n|\n|t:|1776280460\n|move|p1b: Meganium|Weather Ball|p2b: Aegislash\n|-supereffective|p2b: Aegislash|1\n|-damage|p2b: Aegislash|0 fnt\n|faint|p2b: Aegislash\n|move|p1a: Pelipper|U-turn|p2a: Audino\n|-crit|p2a: Audino\n|-damage|p2a: Audino|60/100\n|\n|t:|1776280467\n|switch|p1a: Toxicroak|Toxicroak, L50, M|100/100|[from] U-turn\n|move|p2a: Audino|Trick Room|p2a: Audino\n|-fieldstart|move: Trick Room|[of] p2a: Audino\n|\n|upkeep\n|\n|t:|1776280474\n|switch|p2b: Pelipper|Pelipper, L50, M|62/100\n|-weather|RainDance|[from] ability: Drizzle|[of] p2b: Pelipper\n|turn|9\n|\n|t:|1776280523\n|move|p1a: Toxicroak|Fake Out|p2b: Pelipper\n|-damage|p2b: Pelipper|51/100\n|move|p2a: Audino|Wish|p2a: Audino\n|cant|p2b: Pelipper|flinch\n|move|p1b: Meganium|Solar Beam||[still]\n|-prepare|p1b: Meganium|Solar Beam\n|-activate|p1b: Meganium|ability: Mega Sol\n|-anim|p1b: Meganium|Solar Beam|p2b: Pelipper\n|-damage|p2b: Pelipper|0 fnt\n|faint|p2b: Pelipper\n|\n|-weather|RainDance|[upkeep]\n|-sideend|p1: ShadowSeller|move: Tailwind\n|-sideend|p2: lfdgm|move: Tailwind\n|upkeep\n|\n|t:|1776280532\n|switch|p2b: Drampa|Drampa-Mega, L50, F|73/100\n|turn|10\n|\n|t:|1776280564\n|move|p1b: Meganium|Protect|p1b: Meganium\n|-singleturn|p1b: Meganium|Protect\n|move|p1a: Toxicroak|Protect|p1a: Toxicroak\n|-singleturn|p1a: Toxicroak|Protect\n|move|p2b: Drampa|Earth Power|p1a: Toxicroak\n|-activate|p1a: Toxicroak|move: Protect\n|move|p2a: Audino|Encore|p1b: Meganium\n|-activate|p1b: Meganium|move: Protect\n|\n|-weather|RainDance|[upkeep]\n|-heal|p2a: Audino|100/100|[from] move: Wish|[wisher] Audino\n|upkeep\n|turn|11\n|\n|t:|1776280583\n|switch|p1a: Pelipper|Pelipper, L50, M|100/100\n|move|p2b: Drampa|Dragon Pulse|p1a: Pelipper\n|-damage|p1a: Pelipper|27/100\n|move|p2a: Audino|Encore|p1b: Meganium\n|-start|p1b: Meganium|Encore\n|move|p1b: Meganium|Protect||[still]\n|-fail|p1b: Meganium\n|\n|-weather|RainDance|[upkeep]\n|upkeep\n|turn|12\n|\n|t:|1776280613\n|switch|p1b: Toxicroak|Toxicroak, L50, M|100/100\n|move|p2b: Drampa|Hyper Voice|p1b: Toxicroak|[spread] p1a,p1b\n|-damage|p1a: Pelipper|0 fnt\n|-damage|p1b: Toxicroak|38/100\n|faint|p1a: Pelipper\n|move|p2a: Audino|Wish|p2a: Audino\n|\n|-weather|RainDance|[upkeep]\n|-heal|p1b: Toxicroak|50/100|[from] ability: Dry Skin\n|-heal|p1b: Toxicroak|57/100|[from] item: Leftovers\n|-fieldend|move: Trick Room\n|upkeep\n|\n|t:|1776280624\n|switch|p1a: Meganium|Meganium-Mega, L50, F|51/100\n|turn|13\n|\n|t:|1776280649\n|move|p2b: Drampa|Protect|p2b: Drampa\n|-singleturn|p2b: Drampa|Protect\n|move|p1b: Toxicroak|Fake Out|p2a: Audino\n|-damage|p2a: Audino|91/100\n|cant|p2a: Audino|flinch\n|move|p1a: Meganium|Dazzling Gleam|p2a: Audino|[spread] p2a\n|-activate|p2b: Drampa|move: Protect\n|-damage|p2a: Audino|56/100\n|\n|-weather|none\n|-heal|p2a: Audino|100/100|[from] move: Wish|[wisher] Audino\n|-heal|p1b: Toxicroak|63/100|[from] item: Leftovers\n|upkeep\n|turn|14\n|\n|t:|1776280676\n|move|p2b: Drampa|Protect|p2b: Drampa\n|-singleturn|p2b: Drampa|Protect\n|move|p1b: Toxicroak|Close Combat|p2b: Drampa\n|-activate|p2b: Drampa|move: Protect\n|move|p1a: Meganium|Dazzling Gleam|p2a: Audino|[spread] p2a\n|-activate|p2b: Drampa|move: Protect\n|-damage|p2a: Audino|69/100\n|move|p2a: Audino|Trick Room|p2a: Audino\n|-fieldstart|move: Trick Room|[of] p2a: Audino\n|\n|-heal|p1b: Toxicroak|69/100|[from] item: Leftovers\n|upkeep\n|turn|15\n|\n|t:|1776280736\n|move|p2b: Drampa|Hyper Voice|p1a: Meganium|[spread] p1a,p1b\n|-damage|p1a: Meganium|8/100\n|-damage|p1b: Toxicroak|7/100\n|move|p2a: Audino|Wish|p2a: Audino\n|move|p1a: Meganium|Dazzling Gleam|p2b: Drampa|[spread] p2a,p2b\n|-supereffective|p2b: Drampa|1\n|-damage|p2a: Audino|38/100\n|-damage|p2b: Drampa|15/100\n|-ability|p2b: Drampa|Berserk|boost\n|-boost|p2b: Drampa|spa|1\n|move|p1b: Toxicroak|Close Combat|p2b: Drampa\n|-supereffective|p2b: Drampa|1\n|-damage|p2b: Drampa|0 fnt\n|-unboost|p1b: Toxicroak|def|1\n|-unboost|p1b: Toxicroak|spd|1\n|faint|p2b: Drampa\n|\n|-heal|p1b: Toxicroak|14/100|[from] item: Leftovers\n|upkeep\n|turn|16\n|\n|t:|1776280781\n|move|p1b: Toxicroak|Protect|p1b: Toxicroak\n|-singleturn|p1b: Toxicroak|Protect\n|move|p2a: Audino|Ally Switch||[still]\n|-fail|p2a: Audino|move: Ally Switch\n|move|p1a: Meganium|Solar Beam||[still]\n|-prepare|p1a: Meganium|Solar Beam\n|-activate|p1a: Meganium|ability: Mega Sol\n|-anim|p1a: Meganium|Solar Beam|p2a: Audino\n|-damage|p2a: Audino|0 fnt\n|faint|p2a: Audino\n|\n|win|ShadowSeller\n|raw|ShadowSeller's rating: 1048 &rarr; <strong>1087</strong><br />(+39 for winning)\n|raw|lfdgm's rating: 1116 &rarr; <strong>1086</strong><br />(-30 for losing)\n|c|\u2606ShadowSeller|Ggs\n|c|\u2606lfdgm|ggs\n",
  "uploadtime": 1776280803,
  "views": 16,
  "formatid": "gen9championsvgc2026regma",
  "rating": 1086,
  "private": 0,
  "password": null
}