{
  "id": "gen9championsvgc2026regma-2583249726",
  "format": "[Gen 9 Champions] VGC 2026 Reg M-A",
  "players": [
    "AceeeVGC",
    "sahabatgomba^_^"
  ],
  "log": "|j|\u2606AceeeVGC\n|j|\u2606sahabatgomba^_^\n|t:|1776159450\n|gametype|doubles\n|player|p1|AceeeVGC|102|\n|player|p2|sahabatgomba^_^|266|\n|gen|9\n|tier|[Gen 9 Champions] VGC 2026 Reg M-A\n|rated|Tournament battle\n|rule|Species Clause: Limit one of each Pok\u00e9mon\n|rule|Item Clause: Limit 1 of each item\n|clearpoke\n|poke|p1|Maushold-Four, L50|\n|poke|p1|Whimsicott, L50, M|\n|poke|p1|Floette-Eternal, L50, F|\n|poke|p1|Charizard, L50, M|\n|poke|p1|Farigiraf, L50, M|\n|poke|p1|Garchomp, L50, F|\n|poke|p2|Floette-Eternal, L50, F|\n|poke|p2|Delphox, L50, M|\n|poke|p2|Aerodactyl, L50, M|\n|poke|p2|Incineroar, L50, M|\n|poke|p2|Milotic, L50, M|\n|poke|p2|Garchomp, L50, F|\n|teampreview|4\n|j| z123z\n|j| devadyuti\nsahabatgomba^_^ rejected open team sheets.\n|j| pr.iyanshu768500\n|j| Tubandchubb\n|j| ham_unbound\n|j| espatocular\n|j| chiraquanid\n|j| WalkEmDownM0rt\n|inactive|Battle timer is ON: inactive players will automatically lose when time's up. (requested by sahabatgomba^_^)\n|c|\u2606AceeeVGC|Gl hf!\n|j| shoccco<3\n|j|%defiantvgc\n|j| rizzza\n|l| rizzza\n|j| wintry nights\n|inactive|AceeeVGC has 60 seconds left.\n|inactive|sahabatgomba^_^ has 60 seconds left.\n|j| hesolk\n|c|\u2606sahabatgomba^_^|hello\n|c|\u2606sahabatgomba^_^|if i win, please say gomba in vgc room\n|c| z123z|\ud83d\ude02\ud83d\ude02\ud83d\ude02\n|c| pr.iyanshu768500|Ok\n|\n|t:|1776159522\n|teamsize|p1|4\n|teamsize|p2|4\n|start\n|switch|p1a: Maushold|Maushold-Four, L50|100/100\n|switch|p1b: Garchomp|Garchomp, L50, F|100/100\n|switch|p2a: Aerodactyl|Aerodactyl, L50, M|100/100\n|switch|p2b: Incineroar|Incineroar, L50, M|100/100\n|-ability|p2a: Aerodactyl|Unnerve\n|-ability|p2b: Incineroar|Intimidate|boost\n|-unboost|p1a: Maushold|atk|1\n|-unboost|p1b: Garchomp|atk|1\n|turn|1\n|c| z123z|ok\n|c| z123z|show me ur powers\n|c|\u2606sahabatgomba^_^|all of you specs\n|c|\u2606sahabatgomba^_^|please say gomba\n|j| iexistyouknow\n|inactive|AceeeVGC has 30 seconds left.\n|inactive|sahabatgomba^_^ has 30 seconds left.\n|inactive|AceeeVGC has 20 seconds left.\n|inactive|sahabatgomba^_^ has 20 seconds left.\n|inactive|sahabatgomba^_^ has 15 seconds left.\n|inactive|sahabatgomba^_^ has 10 seconds left.\n|j| jfro\n|c| wintry nights|and what if we said no\n|j| randosworld\n|\n|t:|1776159571\n|move|p2b: Incineroar|Fake Out|p1b: Garchomp\n|-damage|p1b: Garchomp|92/100\n|-damage|p2b: Incineroar|88/100|[from] ability: Rough Skin|[of] p1b: Garchomp\n|cant|p1b: Garchomp|flinch\n|move|p2a: Aerodactyl|Rock Slide|p1b: Garchomp|[spread] p1a,p1b\n|-resisted|p1b: Garchomp|1\n|-damage|p1a: Maushold|77/100\n|-damage|p1b: Garchomp|82/100\n|move|p1a: Maushold|Super Fang|p2b: Incineroar\n|-damage|p2b: Incineroar|45/100\n|-enditem|p2b: Incineroar|Sitrus Berry|[eat]\n|-heal|p2b: Incineroar|69/100|[from] item: Sitrus Berry\n|\n|upkeep\n|turn|2\n|c| z123z|15 spectating no pressure\n|\n|t:|1776159594\n|move|p1a: Maushold|Helping Hand|p1b: Garchomp\n|-singleturn|p1b: Garchomp|Helping Hand|[of] p1a: Maushold\n|move|p1b: Garchomp|Rock Slide|p2a: Aerodactyl|[spread] p2b\n|-miss|p1b: Garchomp|p2a: Aerodactyl\n|-supereffective|p2b: Incineroar|1\n|-damage|p2b: Incineroar|37/100\n|move|p2a: Aerodactyl|Tailwind|p2a: Aerodactyl\n|-sidestart|p2: sahabatgomba^_^|move: Tailwind\n|move|p2b: Incineroar|Parting Shot|p1b: Garchomp\n|-unboost|p1b: Garchomp|atk|1\n|-unboost|p1b: Garchomp|spa|1\n|j| SoManyRayquazas\n|l| randosworld\n|j| tastyfloop\n|j| Lolitcher\n|j| you'reseafood\n|\n|t:|1776159609\n|switch|p2b: Garchomp|Garchomp, L50, F|100/100|[from] Parting Shot\n|\n|upkeep\n|turn|3\n|l| Lolitcher\n|j| Hy3ll0\n|\n|t:|1776159625\n|switch|p1b: Whimsicott|Whimsicott, L50, M|100/100\n|move|p2b: Garchomp|Dragon Claw|p1b: Whimsicott\n|-immune|p1b: Whimsicott\n|move|p2a: Aerodactyl|Rock Slide|p1b: Whimsicott|[spread] p1a,p1b\n|-damage|p1a: Maushold|52/100\n|-damage|p1b: Whimsicott|76/100\n|cant|p1a: Maushold|flinch\n|\n|upkeep\n|turn|4\n|j| turtlek\n|c| z123z|rock slide is so toxic\n|c|\u2606AceeeVGC|Damn slide bruh that move will be the death of me\n|inactive|AceeeVGC has 30 seconds left.\n|c|\u2606sahabatgomba^_^|yea\n|l| tastyfloop\n|c|\u2606sahabatgomba^_^|no other chouce\n|c| iexistyouknow|maushold throwing\n|c| z123z|\ud83d\ude02\ud83d\ude02\ud83d\ude02\n|inactive|AceeeVGC has 20 seconds left.\n|\n|t:|1776159662\n|move|p1b: Whimsicott|Tailwind|p1b: Whimsicott\n|-sidestart|p1: AceeeVGC|move: Tailwind\n|move|p2b: Garchomp|Dragon Claw|p1a: Maushold\n|-damage|p1a: Maushold|7/100\n|move|p2a: Aerodactyl|Dual Wingbeat|p1b: Whimsicott|[miss]\n|-miss|p2a: Aerodactyl|p1b: Whimsicott\n|move|p1a: Maushold|Super Fang|p2a: Aerodactyl\n|-damage|p2a: Aerodactyl|51/100\n|\n|upkeep\n|turn|5\n|c| iexistyouknow|kick him off the team\n|c|\u2606sahabatgomba^_^|wow 20 specs\n|c| z123z|19 spectating no pressure\n|j| silverhaffling01\n|l| shoccco<3\n|c|\u2606sahabatgomba^_^|please say gomba in vgc room if i win\n|inactive|AceeeVGC has 30 seconds left.\n|c|\u2606sahabatgomba^_^|OK?\n|inactive|AceeeVGC has 20 seconds left.\n|inactive|AceeeVGC has 15 seconds left.\n|c| iexistyouknow|perchance\n|l| turtlek\n|\n|t:|1776159706\n|move|p1a: Maushold|Follow Me|p1a: Maushold\n|-singleturn|p1a: Maushold|move: Follow Me\n|move|p2b: Garchomp|Dragon Claw|p1a: Maushold\n|-damage|p1a: Maushold|0 fnt\n|faint|p1a: Maushold\n|move|p2a: Aerodactyl|Dual Wingbeat|p1b: Whimsicott\n|-supereffective|p1b: Whimsicott|1\n|-damage|p1b: Whimsicott|27/100\n|-supereffective|p1b: Whimsicott|1\n|-damage|p1b: Whimsicott|0 fnt\n|faint|p1b: Whimsicott\n|-hitcount|p1: Whimsicott|2\n|\n|-sideend|p2: sahabatgomba^_^|move: Tailwind\n|upkeep\n|c| z123z|no cuz rock slide win is not nice\n|l| pr.iyanshu768500\n|\n|t:|1776159718\n|switch|p1b: Floette|Floette-Eternal, L50, F|100/100\n|switch|p1a: Garchomp|Garchomp, L50, F|82/100\n|turn|6\n|\n|t:|1776159733\n|switch|p2b: Incineroar|Incineroar, L50, M|37/100\n|-ability|p2b: Incineroar|Intimidate|boost\n|-unboost|p1a: Garchomp|atk|1\n|-unboost|p1b: Floette|atk|1\n|detailschange|p1b: Floette|Floette-Mega, L50, F\n|-mega|p1b: Floette|Floette|Floettite\n|-ability|p1b: Floette|Fairy Aura\n|move|p2a: Aerodactyl|Protect|p2a: Aerodactyl\n|-singleturn|p2a: Aerodactyl|Protect\n|move|p1a: Garchomp|Rock Slide|p2b: Incineroar|[spread] p2b\n|-activate|p2a: Aerodactyl|move: Protect\n|-supereffective|p2b: Incineroar|1\n|-damage|p2b: Incineroar|15/100\n|move|p1b: Floette|Dazzling Gleam|p2a: Aerodactyl|[spread] p2b\n|-activate|p2a: Aerodactyl|move: Protect\n|-damage|p2b: Incineroar|0 fnt\n|faint|p2b: Incineroar\n|\n|upkeep\n|j| pr.iyanshu768500\n|inactive|sahabatgomba^_^ has 30 seconds left.\n|\n|t:|1776159764\n|switch|p2b: Garchomp|Garchomp, L50, F|100/100\n|turn|7\n|j| hatsune p2\n|inactive|sahabatgomba^_^ has 30 seconds left.\n|\n|t:|1776159795\n|switch|p2b: Delphox|Delphox, L50, M|100/100\n|move|p1a: Garchomp|Rock Slide|p2b: Delphox|[spread] p2a,p2b\n|-supereffective|p2a: Aerodactyl|1\n|-supereffective|p2b: Delphox|1\n|-damage|p2a: Aerodactyl|5/100\n|-damage|p2b: Delphox|62/100\n|move|p1b: Floette|Dazzling Gleam|p2a: Aerodactyl|[spread] p2a,p2b\n|-resisted|p2b: Delphox|1\n|-damage|p2a: Aerodactyl|0 fnt\n|-damage|p2b: Delphox|37/100\n|faint|p2a: Aerodactyl\n|\n|-sideend|p1: AceeeVGC|move: Tailwind\n|upkeep\n|\n|t:|1776159804\n|switch|p2a: Garchomp|Garchomp, L50, F|100/100\n|turn|8\n|c| z123z|ohh shittt\n|c| z123z|the final 2\n|j| gymbattle4\n|c| z123z|of both players\n|c| WalkEmDownM0rt|ace wins this unless rock slide miss\n|inactive|sahabatgomba^_^ has 30 seconds left.\n|c| pr.iyanshu768500|Use rock slide and win or lose\n|c| z123z|its scarf chomp\n|inactive|sahabatgomba^_^ has 20 seconds left.\n|inactive|sahabatgomba^_^ has 15 seconds left.\n|\n|t:|1776159849\n|detailschange|p2b: Delphox|Delphox-Mega, L50, M\n|-mega|p2b: Delphox|Delphox|Delphoxite\n|move|p1a: Garchomp|Rock Slide|p2b: Delphox|[spread] p2a,p2b\n|-resisted|p2a: Garchomp|1\n|-supereffective|p2b: Delphox|1\n|-damage|p2a: Garchomp|93/100\n|-damage|p2b: Delphox|0 fnt\n|faint|p2b: Delphox\n|move|p2a: Garchomp|Rock Slide|p1b: Floette|[spread] p1a,p1b\n|-resisted|p1a: Garchomp|1\n|-damage|p1a: Garchomp|71/100\n|-damage|p1b: Floette|75/100\n|cant|p1b: Floette|flinch\n|\n|upkeep\n|turn|9\n|c| z123z|from sahat i think\n|j| ido1234567890\n|c|\u2606sahabatgomba^_^|ggs\n|c|\u2606sahabatgomba^_^|gomba lose\n|c| z123z|COOKED\n|\n|t:|1776159864\n|move|p1a: Garchomp|Rock Slide|p2a: Garchomp\n|-resisted|p2a: Garchomp|1\n|-damage|p2a: Garchomp|84/100\n|move|p2a: Garchomp|Rock Slide|p1b: Floette|[spread] p1a,p1b\n|-resisted|p1a: Garchomp|1\n|-damage|p1a: Garchomp|61/100\n|-damage|p1b: Floette|51/100\n|move|p1b: Floette|Dazzling Gleam|p2a: Garchomp\n|-supereffective|p2a: Garchomp|1\n|-damage|p2a: Garchomp|0 fnt\n|faint|p2a: Garchomp\n|\n|win|AceeeVGC\n|n|\u2606AceeeVGC|aceeevgc\n|n|\u2606sahabatgomba^_^|sahabatgomba\n|n| z123z|z123z\n|n| devadyuti|devadyuti\n|n| Tubandchubb|tubandchubb\n|n| ham_unbound|hamunbound\n|n| espatocular|espatocular\n|n| chiraquanid|chiraquanid\n|n| WalkEmDownM0rt|walkemdownm0rt\n|n| defiantvgc|defiantvgc\n|n| wintry nights|wintrynights\n|n| hesolk|hesolk\n|n| iexistyouknow|iexistyouknow\n|n| jfro|jfro\n|n| SoManyRayquazas|somanyrayquazas\n|n| you'reseafood|youreseafood\n|n| Hy3ll0|hy3ll0\n|n| silverhaffling01|silverhaffling01\n|n| pr.iyanshu768500|priyanshu768500\n|n| hatsune p2|hatsunep2\n|n| gymbattle4|gymbattle4\n|n| ido1234567890|ido1234567890\n",
  "uploadtime": 1776159864,
  "views": 15,
  "formatid": "gen9championsvgc2026regma",
  "rating": null,
  "private": 0,
  "password": null
}