{
  "id": "gen9championsvgc2026regma-2586349578",
  "format": "[Gen 9 Champions] VGC 2026 Reg M-A",
  "players": [
    "dizitpix",
    "CurfIronMan"
  ],
  "log": "|j|\u2606dizitpix\n|j|\u2606CurfIronMan\n|t:|1776427737\n|gametype|doubles\n|player|p1|dizitpix|266|1146\n|player|p2|CurfIronMan|shadowtriad|1225\n|gen|9\n|tier|[Gen 9 Champions] VGC 2026 Reg M-A\n|rated|\n|rule|Species Clause: Limit one of each Pok\u00e9mon\n|rule|Item Clause: Limit 1 of each item\n|clearpoke\n|poke|p1|Excadrill, L50, F|\n|poke|p1|Garchomp, L50, M|\n|poke|p1|Hawlucha, L50, M|\n|poke|p1|Tyranitar, L50, F|\n|poke|p1|Incineroar, L50, F|\n|poke|p1|Meganium, L50, F|\n|poke|p2|Oranguru, L50, F|\n|poke|p2|Torkoal, L50, F|\n|poke|p2|Golurk, L50|\n|poke|p2|Charizard, L50, F|\n|poke|p2|Venusaur, L50, M|\n|poke|p2|Lucario, L50, M|\n|teampreview|4\n|inactive|Battle timer is ON: inactive players will automatically lose when time's up. (requested by CurfIronMan)\n|\n|t:|1776427757\n|teamsize|p1|4\n|teamsize|p2|4\n|start\n|switch|p1a: Excadrill|Excadrill, L50, F|100/100\n|switch|p1b: Hawlucha|Hawlucha, L50, M|100/100\n|switch|p2a: Oranguru|Oranguru, L50, F|100/100\n|switch|p2b: Lucario|Lucario, L50, M|100/100\n|turn|1\n|\n|t:|1776427775\n|detailschange|p1b: Hawlucha|Hawlucha-Mega, L50, M\n|-mega|p1b: Hawlucha|Hawlucha|Hawluchanite\n|move|p2b: Lucario|Final Gambit|p1b: Hawlucha\n|-damage|p1b: Hawlucha|0 fnt\n|faint|p2b: Lucario\n|faint|p1b: Hawlucha\n|move|p1a: Excadrill|Fissure|p2a: Oranguru\n|-damage|p2a: Oranguru|0 fnt\n|faint|p2a: Oranguru\n|-ohko\n|\n|upkeep\n|\n|t:|1776427786\n|switch|p1b: Tyranitar|Tyranitar, L50, F|100/100\n|switch|p2b: Torkoal|Torkoal, L50, F|100/100\n|switch|p2a: Golurk|Golurk, L50|100/100\n|-weather|Sandstorm|[from] ability: Sand Stream|[of] p1b: Tyranitar\n|-weather|SunnyDay|[from] ability: Drought|[of] p2b: Torkoal\n|turn|2\n|c|\u2606CurfIronMan|Wow yep haha\n|c|\u2606dizitpix|LMAO\n|inactive|CurfIronMan has 30 seconds left.\n|\n|t:|1776427814\n|detailschange|p2a: Golurk|Golurk-Mega, L50\n|-mega|p2a: Golurk|Golurk|Golurkite\n|move|p1a: Excadrill|Fissure|p2a: Golurk|[miss]\n|-miss|p1a: Excadrill|p2a: Golurk\n|move|p1b: Tyranitar|Rock Slide|p2a: Golurk|[spread] p2a,p2b\n|-resisted|p2a: Golurk|1\n|-supereffective|p2b: Torkoal|1\n|-damage|p2a: Golurk|86/100\n|-damage|p2b: Torkoal|55/100\n|move|p2a: Golurk|Drain Punch|p1b: Tyranitar\n|-supereffective|p1b: Tyranitar|2\n|-enditem|p1b: Tyranitar|Chople Berry|[eat]\n|-enditem|p1b: Tyranitar|Chople Berry|[weaken]\n|-damage|p1b: Tyranitar|45/100\n|-heal|p2a: Golurk|100/100|[from] drain|[of] p1b: Tyranitar\n|move|p2b: Torkoal|Heat Wave|p1b: Tyranitar|[spread] p1a,p1b\n|-supereffective|p1a: Excadrill|1\n|-resisted|p1b: Tyranitar|1\n|-damage|p1a: Excadrill|0 fnt\n|-damage|p1b: Tyranitar|24/100\n|faint|p1a: Excadrill\n|\n|-weather|SunnyDay|[upkeep]\n|upkeep\n|\n|t:|1776427832\n|switch|p1a: Garchomp|Garchomp, L50, M|100/100\n|turn|3\n|\n|t:|1776427843\n|move|p2a: Golurk|Protect|p2a: Golurk\n|-singleturn|p2a: Golurk|Protect\n|move|p2b: Torkoal|Protect|p2b: Torkoal\n|-singleturn|p2b: Torkoal|Protect\n|move|p1a: Garchomp|Earthquake|p2a: Golurk|[spread] p1b\n|-activate|p2a: Golurk|move: Protect\n|-activate|p2b: Torkoal|move: Protect\n|-supereffective|p1b: Tyranitar|1\n|-damage|p1b: Tyranitar|0 fnt\n|faint|p1b: Tyranitar\n|\n|-weather|SunnyDay|[upkeep]\n|upkeep\n|turn|4\n|\n|t:|1776427864\n|move|p1a: Garchomp|Earthquake|p2a: Golurk|[spread] p2a,p2b\n|-supereffective|p2b: Torkoal|1\n|-damage|p2a: Golurk|62/100\n|-damage|p2b: Torkoal|0 fnt\n|faint|p2b: Torkoal\n|move|p2a: Golurk|Drain Punch|p1a: Garchomp\n|-damage|p1a: Garchomp|63/100\n|-heal|p2a: Golurk|79/100|[from] drain|[of] p1a: Garchomp\n|\n|-weather|SunnyDay|[upkeep]\n|upkeep\n|turn|5\n|\n|t:|1776427878\n|move|p1a: Garchomp|Earthquake|p2a: Golurk\n|-damage|p2a: Golurk|23/100\n|move|p2a: Golurk|Headlong Rush|p1a: Garchomp\n|-damage|p1a: Garchomp|0 fnt\n|-unboost|p2a: Golurk|def|1\n|-unboost|p2a: Golurk|spd|1\n|faint|p1a: Garchomp\n|\n|win|CurfIronMan\n|raw|dizitpix's rating: 1146 &rarr; <strong>1127</strong><br />(-19 for losing)\n|raw|CurfIronMan's rating: 1225 &rarr; <strong>1244</strong><br />(+19 for winning)\n",
  "uploadtime": 1776427889,
  "views": 30,
  "formatid": "gen9championsvgc2026regma",
  "rating": 1127,
  "private": 0,
  "password": null
}