{
  "id": "gen9championsvgc2026regma-2589532694",
  "format": "[Gen 9 Champions] VGC 2026 Reg M-A",
  "players": [
    "ShoukoKun",
    "ArticRecon12"
  ],
  "log": "|j|\u2606ShoukoKun\n|j|\u2606ArticRecon12\n|html|<table width=\"100%\"><tr><td align=\"left\">ShoukoKun</td><td align=\"right\">ArticRecon12</tr><tr><td align=\"left\"><i class=\"fa fa-circle-o\"></i> <i class=\"fa fa-circle-o\"></i> </td><td align=\"right\"><i class=\"fa fa-circle-o\"></i> <i class=\"fa fa-circle\"></i> </tr></table>\n|uhtml|bestof|<h2><strong>Game 2</strong> of <a href=\"/game-bestof3-gen9championsvgc2026regma-2589527036\">a best-of-3</a></h2>\n|t:|1776731606\n|gametype|doubles\n|player|p1|ShoukoKun|veteranf|\n|player|p2|ArticRecon12|266|\n|gen|9\n|tier|[Gen 9 Champions] VGC 2026 Reg M-A\n|rule|Species Clause: Limit one of each Pok\u00e9mon\n|rule|Item Clause: Limit 1 of each item\n|raw|<div class=\"infobox\"><details class=\"readmore\" open><summary><strong>1 custom rule:</strong></summary> Best of = 3</details></div>\n|clearpoke\n|poke|p1|Gallade, L50, M, shiny|\n|poke|p1|Mamoswine, L50, F|\n|poke|p1|Samurott-Hisui, L50, M|\n|poke|p1|Corviknight, L50, M|\n|poke|p1|Flapple, L50, F|\n|poke|p1|Goodra-Hisui, L50, M|\n|poke|p2|Meowscarada, L50, M|\n|poke|p2|Clefable, L50, F|\n|poke|p2|Arcanine-Hisui, L50, M|\n|poke|p2|Blastoise, L50, M|\n|poke|p2|Froslass, L50, F|\n|poke|p2|Scizor, L50, M|\n|teampreview|4\n|j| Realphoenixking\n|c| Realphoenixking|That was\n|c| Realphoenixking|something\nArticRecon12 rejected open team sheets.\n|c| Realphoenixking|Brave bird did nothing I'm pretty suprised\n|c|\u2606ArticRecon12|unaware\n|c| Realphoenixking|duh\n|c| Realphoenixking|yea\n|c|\u2606ShoukoKun|unaware op\n|c| Realphoenixking|Fr\n|j| Bbob415\n|\n|t:|1776731710\n|teamsize|p1|4\n|teamsize|p2|4\n|start\n|switch|p1a: Corviknight|Corviknight, L50, M|100/100\n|switch|p1b: Samurott|Samurott-Hisui, L50, M|100/100\n|switch|p2a: Froslass|Froslass, L50, F|100/100\n|switch|p2b: Arcanine|Arcanine-Hisui, L50, M|100/100\n|turn|1\n|l| Realphoenixking\n|\n|t:|1776731774\n|detailschange|p2a: Froslass|Froslass-Mega, L50, F\n|-mega|p2a: Froslass|Froslass|Froslassite\n|-weather|Snowscape|[from] ability: Snow Warning|[of] p2a: Froslass\n|move|p2a: Froslass|Aurora Veil|p2a: Froslass\n|-sidestart|p2: ArticRecon12|move: Aurora Veil\n|move|p2b: Arcanine|Head Smash|p1b: Samurott\n|-enditem|p1b: Samurott|Focus Sash\n|-damage|p1b: Samurott|1/100\n|move|p1b: Samurott|Ceaseless Edge|p2a: Froslass\n|-supereffective|p2a: Froslass|1\n|-damage|p2a: Froslass|34/100\n|-sidestart|p2: ArticRecon12|Spikes\n|move|p1a: Corviknight|Tailwind|p1a: Corviknight\n|-sidestart|p1: ShoukoKun|move: Tailwind\n|\n|-weather|Snowscape|[upkeep]\n|upkeep\n|turn|2\n|j| Realphoenixking\n|\n|t:|1776731801\n|move|p1b: Samurott|Protect|p1b: Samurott\n|-singleturn|p1b: Samurott|Protect\n|move|p2b: Arcanine|Protect|p2b: Arcanine\n|-singleturn|p2b: Arcanine|Protect\n|move|p1a: Corviknight|Bulk Up|p1a: Corviknight\n|-boost|p1a: Corviknight|atk|1\n|-boost|p1a: Corviknight|def|1\n|move|p2a: Froslass|Blizzard|p1b: Samurott|[spread] p1a\n|-activate|p1b: Samurott|move: Protect\n|-damage|p1a: Corviknight|65/100\n|\n|-weather|Snowscape|[upkeep]\n|-heal|p1a: Corviknight|71/100|[from] item: Leftovers\n|upkeep\n|turn|3\n|\n|t:|1776731832\n|move|p1b: Samurott|Razor Shell|p2b: Arcanine\n|-supereffective|p2b: Arcanine|2\n|-damage|p2b: Arcanine|0 fnt\n|faint|p2b: Arcanine\n|move|p1a: Corviknight|Bulk Up|p1a: Corviknight\n|-boost|p1a: Corviknight|atk|1\n|-boost|p1a: Corviknight|def|1\n|move|p2a: Froslass|Blizzard|p1a: Corviknight|[spread] p1a,p1b\n|-resisted|p1b: Samurott|1\n|-damage|p1a: Corviknight|30/100\n|-damage|p1b: Samurott|0 fnt\n|faint|p1b: Samurott\n|\n|-weather|Snowscape|[upkeep]\n|-heal|p1a: Corviknight|36/100|[from] item: Leftovers\n|upkeep\n|\n|t:|1776731846\n|switch|p2b: Blastoise|Blastoise, L50, M|100/100\n|switch|p1b: Goodra|Goodra-Hisui, L50, M|100/100\n|-damage|p2b: Blastoise|88/100|[from] Spikes\n|turn|4\n|\n|t:|1776731863\n|move|p2a: Froslass|Protect|p2a: Froslass\n|-singleturn|p2a: Froslass|Protect\n|move|p2b: Blastoise|Fake Out|p1a: Corviknight\n|-resisted|p1a: Corviknight|1\n|-damage|p1a: Corviknight|34/100\n|cant|p1a: Corviknight|flinch\n|move|p1b: Goodra|Flash Cannon|p2a: Froslass\n|-activate|p2a: Froslass|move: Protect\n|\n|-weather|Snowscape|[upkeep]\n|-heal|p1a: Corviknight|40/100|[from] item: Leftovers\n|-heal|p2b: Blastoise|94/100|[from] item: Leftovers\n|-sideend|p1: ShoukoKun|move: Tailwind\n|upkeep\n|turn|5\n|\n|t:|1776731886\n|move|p2a: Froslass|Destiny Bond|p2a: Froslass\n|-singlemove|p2a: Froslass|Destiny Bond\n|move|p2b: Blastoise|Hydro Pump|p1a: Corviknight\n|-damage|p1a: Corviknight|9/100\n|move|p1a: Corviknight|Roost|p1a: Corviknight\n|-heal|p1a: Corviknight|59/100\n|-singleturn|p1a: Corviknight|move: Roost\n|move|p1b: Goodra|Flash Cannon|p2a: Froslass\n|-supereffective|p2a: Froslass|1\n|-damage|p2a: Froslass|0 fnt\n|faint|p2a: Froslass\n|-activate|p2a: Froslass|move: Destiny Bond\n|faint|p1b: Goodra\n|\n|-weather|none\n|-heal|p2b: Blastoise|99/100|[from] item: Leftovers\n|-heal|p1a: Corviknight|65/100|[from] item: Leftovers\n|-sideend|p2: ArticRecon12|move: Aurora Veil\n|upkeep\n|\n|t:|1776731901\n|switch|p2a: Clefable|Clefable, L50, F|100/100\n|switch|p1b: Gallade|Gallade, L50, M, shiny|100/100\n|-damage|p2a: Clefable|88/100|[from] Spikes\n|turn|6\n|\n|t:|1776731927\n|detailschange|p1b: Gallade|Gallade-Mega, L50, M, shiny\n|-mega|p1b: Gallade|Gallade|Galladite\n|move|p1b: Gallade|Protect|p1b: Gallade\n|-singleturn|p1b: Gallade|Protect\n|move|p2b: Blastoise|Hydro Pump|p1b: Gallade\n|-activate|p1b: Gallade|move: Protect\n|move|p1a: Corviknight|Tailwind|p1a: Corviknight\n|-sidestart|p1: ShoukoKun|move: Tailwind\n|move|p2a: Clefable|Moonblast|p1b: Gallade\n|-activate|p1b: Gallade|move: Protect\n|\n|-heal|p1a: Corviknight|71/100|[from] item: Leftovers\n|-heal|p2b: Blastoise|100/100|[from] item: Leftovers\n|upkeep\n|turn|7\n|\n|t:|1776731955\n|move|p1b: Gallade|Psycho Cut|p2a: Clefable\n|-damage|p2a: Clefable|53/100\n|move|p1a: Corviknight|Brave Bird|p2b: Blastoise\n|-damage|p2b: Blastoise|53/100\n|-damage|p1a: Corviknight|57/100|[from] Recoil\n|move|p2b: Blastoise|Hydro Pump|p1b: Gallade\n|-damage|p1b: Gallade|65/100\n|move|p2a: Clefable|Moonblast|p1b: Gallade\n|-supereffective|p1b: Gallade|1\n|-damage|p1b: Gallade|2/100\n|\n|-heal|p1a: Corviknight|62/100|[from] item: Leftovers\n|-heal|p2b: Blastoise|59/100|[from] item: Leftovers\n|upkeep\n|turn|8\n|\n|t:|1776731993\n|move|p1b: Gallade|Psycho Cut|p2a: Clefable\n|-damage|p2a: Clefable|22/100\n|-enditem|p2a: Clefable|Sitrus Berry|[eat]\n|-heal|p2a: Clefable|47/100|[from] item: Sitrus Berry\n|move|p1a: Corviknight|Brave Bird|p2a: Clefable\n|-damage|p2a: Clefable|18/100\n|-damage|p1a: Corviknight|53/100|[from] Recoil\n|move|p2b: Blastoise|Hydro Pump|p1a: Corviknight|[miss]\n|-miss|p2b: Blastoise|p1a: Corviknight\n|move|p2a: Clefable|Moonlight|p2a: Clefable\n|-heal|p2a: Clefable|68/100\n|\n|-heal|p1a: Corviknight|59/100|[from] item: Leftovers\n|-heal|p2b: Blastoise|65/100|[from] item: Leftovers\n|upkeep\n|turn|9\n|\n|t:|1776732024\n|move|p2a: Clefable|Follow Me|p2a: Clefable\n|-singleturn|p2a: Clefable|move: Follow Me\n|move|p1b: Gallade|Psycho Cut|p2a: Clefable\n|-damage|p2a: Clefable|34/100\n|move|p1a: Corviknight|Brave Bird|p2a: Clefable\n|-damage|p2a: Clefable|5/100\n|-damage|p1a: Corviknight|50/100|[from] Recoil\n|move|p2b: Blastoise|Hydro Pump|p1a: Corviknight\n|-damage|p1a: Corviknight|21/100\n|\n|-heal|p1a: Corviknight|27/100|[from] item: Leftovers\n|-heal|p2b: Blastoise|71/100|[from] item: Leftovers\n|-sideend|p1: ShoukoKun|move: Tailwind\n|upkeep\n|turn|10\n|\n|t:|1776732064\n|move|p1b: Gallade|Psycho Cut|p2a: Clefable\n|-damage|p2a: Clefable|0 fnt\n|faint|p2a: Clefable\n|move|p2b: Blastoise|Ice Beam|p1b: Gallade\n|-damage|p1b: Gallade|0 fnt\n|faint|p1b: Gallade\n|move|p1a: Corviknight|Roost|p1a: Corviknight\n|-heal|p1a: Corviknight|78/100\n|-singleturn|p1a: Corviknight|move: Roost\n|\n|-heal|p2b: Blastoise|77/100|[from] item: Leftovers\n|-heal|p1a: Corviknight|83/100|[from] item: Leftovers\n|upkeep\n|turn|11\n|\n|t:|1776732079\n|move|p2b: Blastoise|Hydro Pump|p1a: Corviknight|[miss]\n|-miss|p2b: Blastoise|p1a: Corviknight\n|move|p1a: Corviknight|Brave Bird|p2b: Blastoise\n|-damage|p2b: Blastoise|28/100\n|-damage|p1a: Corviknight|69/100|[from] Recoil\n|\n|-heal|p2b: Blastoise|34/100|[from] item: Leftovers\n|-heal|p1a: Corviknight|75/100|[from] item: Leftovers\n|upkeep\n|turn|12\n|\n|t:|1776732088\n|move|p2b: Blastoise|Hydro Pump|p1a: Corviknight\n|-damage|p1a: Corviknight|46/100\n|move|p1a: Corviknight|Brave Bird|p2b: Blastoise\n|-damage|p2b: Blastoise|0 fnt\n|faint|p2b: Blastoise\n|-damage|p1a: Corviknight|36/100|[from] Recoil\n|\n|win|ShoukoKun\n||ArticRecon12 is ready for game 3.\n||ShoukoKun is ready for game 3.\n|uhtml|next|Next: <a href=\"/battle-gen9championsvgc2026regma-2589537872\"><strong>Game 3 of 3</strong></a>\n|l| Bbob415\n|l| Realphoenixking\n",
  "uploadtime": 1776732505,
  "views": 6,
  "formatid": "gen9championsvgc2026regma",
  "rating": null,
  "private": 0,
  "password": null
}