{
  "id": "gen9championsvgc2026regma-2582830130",
  "format": "[Gen 9 Champions] VGC 2026 Reg M-A",
  "players": [
    "Yoda poppet",
    "KilamanolaVGC"
  ],
  "log": "|j|\u2606Yoda poppet\n|j|\u203dKilamanolaVGC\n|t:|1776117362\n|gametype|doubles\n|player|p1|Yoda poppet|artist-gen9|1317\n|player|p2|KilamanolaVGC|benga|1348\n|gen|9\n|tier|[Gen 9 Champions] VGC 2026 Reg M-A\n|rated|\n|rule|Species Clause: Limit one of each Pok\u00e9mon\n|rule|Item Clause: Limit 1 of each item\n|clearpoke\n|poke|p1|Chandelure, L50, M|\n|poke|p1|Whimsicott, L50, F|\n|poke|p1|Sneasler, L50, F|\n|poke|p1|Rotom-Wash, L50|\n|poke|p1|Garchomp, L50, M|\n|poke|p1|Kingambit, L50, M|\n|poke|p2|Floette-Eternal, L50, F|\n|poke|p2|Garchomp, L50, M|\n|poke|p2|Aerodactyl, L50, M|\n|poke|p2|Kingambit, L50, F|\n|poke|p2|Basculegion, L50, M|\n|poke|p2|Sneasler, L50, M|\n|teampreview|4\n|inactive|Battle timer is ON: inactive players will automatically lose when time's up. (requested by KilamanolaVGC)\nYoda poppet has agreed to open team sheets.\n|\n|t:|1776117389\n|teamsize|p1|4\n|teamsize|p2|4\n|start\n|switch|p1a: Whimsicott|Whimsicott, L50, F, shiny|100/100\n|switch|p1b: Sneasler|Sneasler, L50, F, shiny|100/100\n|switch|p2a: Aerodactyl|Aerodactyl, L50, M|100/100\n|switch|p2b: Sneasler|Sneasler, L50, M, shiny|100/100\n|-ability|p2a: Aerodactyl|Unnerve\n|turn|1\n|inactive|Yoda poppet has 30 seconds left.\n|\n|t:|1776117421\n|switch|p1a: Kingambit|Kingambit, L50, M|100/100\n|move|p2b: Sneasler|Fake Out|p1a: Kingambit\n|-resisted|p1a: Kingambit|1\n|-damage|p1a: Kingambit|95/100\n|move|p2a: Aerodactyl|Dual Wingbeat|p1b: Sneasler\n|-supereffective|p1b: Sneasler|1\n|-damage|p1b: Sneasler|33/100\n|-supereffective|p1b: Sneasler|1\n|-damage|p1b: Sneasler|0 fnt\n|faint|p1b: Sneasler\n|-hitcount|p1: Sneasler|2\n|\n|upkeep\n|\n|t:|1776117430\n|switch|p1b: Whimsicott|Whimsicott, L50, F, shiny|100/100\n|turn|2\n|\n|t:|1776117441\n|switch|p2b: Garchomp|Garchomp, L50, M, shiny|100/100\n|move|p1b: Whimsicott|Tailwind|p1b: Whimsicott\n|-sidestart|p1: Yoda poppet|move: Tailwind\n|move|p2a: Aerodactyl|Dual Wingbeat|p1b: Whimsicott\n|-supereffective|p1b: Whimsicott|1\n|-damage|p1b: Whimsicott|60/100\n|-supereffective|p1b: Whimsicott|1\n|-damage|p1b: Whimsicott|13/100\n|-hitcount|p1b: Whimsicott|2\n|move|p1a: Kingambit|Kowtow Cleave|p2a: Aerodactyl\n|-enditem|p2a: Aerodactyl|Focus Sash\n|-damage|p2a: Aerodactyl|1/100\n|\n|upkeep\n|turn|3\n|\n|t:|1776117457\n|move|p1b: Whimsicott|Moonblast|p2a: Aerodactyl\n|-damage|p2a: Aerodactyl|0 fnt\n|faint|p2a: Aerodactyl\n|move|p2b: Garchomp|Earthquake|p1a: Kingambit|[spread] p1a,p1b\n|-supereffective|p1a: Kingambit|1\n|-resisted|p1b: Whimsicott|1\n|-damage|p1a: Kingambit|36/100\n|-damage|p1b: Whimsicott|0 fnt\n|faint|p1b: Whimsicott\n|move|p1a: Kingambit|Swords Dance|p1a: Kingambit\n|-boost|p1a: Kingambit|atk|2\n|\n|upkeep\n|\n|t:|1776117468\n|switch|p2a: Sneasler|Sneasler, L50, M, shiny|100/100\n|switch|p1b: Chandelure|Chandelure, L50, M, shiny|100/100\n|turn|4\n|\n|t:|1776117483\n|detailschange|p1b: Chandelure|Chandelure-Mega, L50, M, shiny\n|-mega|p1b: Chandelure|Chandelure|Chandelurite\n|move|p1b: Chandelure|Heat Wave|p2b: Garchomp|[spread] p2a,p2b\n|-resisted|p2b: Garchomp|1\n|-damage|p2a: Sneasler|39/100\n|-damage|p2b: Garchomp|73/100\n|-status|p2b: Garchomp|brn\n|-enditem|p2b: Garchomp|Lum Berry|[eat]\n|-curestatus|p2b: Garchomp|brn|[msg]\n|move|p2a: Sneasler|Close Combat|p1a: Kingambit\n|-supereffective|p1a: Kingambit|2\n|-damage|p1a: Kingambit|0 fnt\n|-unboost|p2a: Sneasler|def|1\n|-unboost|p2a: Sneasler|spd|1\n|faint|p1a: Kingambit\n|-enditem|p2a: Sneasler|White Herb\n|-clearnegativeboost|p2a: Sneasler|[silent]\n|move|p2b: Garchomp|Rock Slide|p1b: Chandelure\n|-supereffective|p1b: Chandelure|1\n|-damage|p1b: Chandelure|38/100\n|\n|upkeep\n|turn|5\n|\n|t:|1776117507\n|move|p2a: Sneasler|Protect|p2a: Sneasler\n|-singleturn|p2a: Sneasler|Protect\n|move|p2b: Garchomp|Protect|p2b: Garchomp\n|-singleturn|p2b: Garchomp|Protect\n|move|p1b: Chandelure|Shadow Ball|p2b: Garchomp\n|-activate|p2b: Garchomp|move: Protect\n|\n|-sideend|p1: Yoda poppet|move: Tailwind\n|upkeep\n|turn|6\n|-message|Yoda poppet forfeited.\n|\n|win|KilamanolaVGC\n|raw|Yoda poppet's rating: 1317 &rarr; <strong>1299</strong><br />(-18 for losing)\n|raw|KilamanolaVGC's rating: 1348 &rarr; <strong>1366</strong><br />(+18 for winning)\n|l|\u2606Yoda poppet\n|player|p1|\n",
  "uploadtime": 1776117557,
  "views": 56,
  "formatid": "gen9championsvgc2026regma",
  "rating": 1299,
  "private": 0,
  "password": null
}