{
  "id": "gen9championsvgc2026regma-2583681647",
  "format": "[Gen 9 Champions] VGC 2026 Reg M-A",
  "players": [
    "DragonRyder90",
    "PXGL"
  ],
  "log": "|j|\u2606DragonRyder90\n|j|\u2606PXGL\n|t:|1776190711\n|gametype|doubles\n|player|p1|DragonRyder90|102|1046\n|player|p2|PXGL|dancer|1025\n|gen|9\n|tier|[Gen 9 Champions] VGC 2026 Reg M-A\n|rated|\n|rule|Species Clause: Limit one of each Pok\u00e9mon\n|rule|Item Clause: Limit 1 of each item\n|clearpoke\n|poke|p1|Froslass, L50, F|\n|poke|p1|Glaceon, L50, F|\n|poke|p1|Mamoswine, L50, F|\n|poke|p1|Rotom-Frost, L50|\n|poke|p1|Weavile, L50, M|\n|poke|p1|Ninetales-Alola, L50, M|\n|poke|p2|Incineroar, L50, F|\n|poke|p2|Tyranitar, L50, M|\n|poke|p2|Hydreigon, L50, M|\n|poke|p2|Sableye, L50, F|\n|poke|p2|Umbreon, L50, F|\n|poke|p2|Kingambit, L50, M|\n|teampreview|4\n|\n|t:|1776190740\n|teamsize|p1|4\n|teamsize|p2|4\n|start\n|switch|p1a: Ninetales|Ninetales-Alola, L50, M|100/100\n|switch|p1b: Weavile|Weavile, L50, M|100/100\n|switch|p2a: Incineroar|Incineroar, L50, F, shiny|100/100\n|switch|p2b: Kingambit|Kingambit, L50, M|100/100\n|-weather|Snowscape|[from] ability: Snow Warning|[of] p1a: Ninetales\n|-ability|p1b: Weavile|Pressure\n|-ability|p2a: Incineroar|Intimidate|boost\n|-unboost|p1a: Ninetales|atk|1\n|-unboost|p1b: Weavile|atk|1\n|turn|1\n|\n|t:|1776190770\n|move|p2b: Kingambit|Protect|p2b: Kingambit\n|-singleturn|p2b: Kingambit|Protect\n|move|p1b: Weavile|Fake Out|p2b: Kingambit\n|-activate|p2b: Kingambit|move: Protect\n|move|p2a: Incineroar|Fake Out|p1a: Ninetales\n|-damage|p1a: Ninetales|89/100\n|cant|p1a: Ninetales|flinch\n|\n|-weather|Snowscape|[upkeep]\n|upkeep\n|turn|2\n|\n|t:|1776190794\n|move|p1b: Weavile|Knock Off|p2a: Incineroar\n|-resisted|p2a: Incineroar|1\n|-damage|p2a: Incineroar|82/100\n|-enditem|p2a: Incineroar|Sitrus Berry|[from] move: Knock Off|[of] p1b: Weavile\n|move|p1a: Ninetales|Aurora Veil|p1a: Ninetales\n|-sidestart|p1: DragonRyder90|move: Aurora Veil\n|move|p2a: Incineroar|Flare Blitz|p1b: Weavile\n|-supereffective|p1b: Weavile|1\n|-damage|p1b: Weavile|32/100\n|-damage|p2a: Incineroar|66/100|[from] Recoil\n|move|p2b: Kingambit|Iron Head|p1b: Weavile\n|-supereffective|p1b: Weavile|1\n|-damage|p1b: Weavile|0 fnt\n|faint|p1b: Weavile\n|\n|-weather|Snowscape|[upkeep]\n|upkeep\n|\n|t:|1776190805\n|switch|p1b: Mamoswine|Mamoswine, L50, F|100/100\n|turn|3\n|\n|t:|1776190822\n|move|p1a: Ninetales|Moonblast|p2a: Incineroar\n|-damage|p2a: Incineroar|38/100\n|-unboost|p2a: Incineroar|spa|1\n|move|p1b: Mamoswine|Earthquake|p2a: Incineroar|[spread] p1a,p2a,p2b\n|-supereffective|p2a: Incineroar|1\n|-supereffective|p2b: Kingambit|1\n|-damage|p1a: Ninetales|57/100\n|-damage|p2a: Incineroar|0 fnt\n|-damage|p2b: Kingambit|37/100\n|faint|p2a: Incineroar\n|move|p2b: Kingambit|Iron Head|p1a: Ninetales\n|-supereffective|p1a: Ninetales|2\n|-damage|p1a: Ninetales|0 fnt\n|faint|p1a: Ninetales\n|\n|-weather|Snowscape|[upkeep]\n|upkeep\n|\n|t:|1776190837\n|switch|p1a: Froslass|Froslass, L50, F|100/100\n|switch|p2a: Umbreon|Umbreon, L50, F|100/100\n|turn|4\n|\n|t:|1776190850\n|detailschange|p1a: Froslass|Froslass-Mega, L50, F\n|-mega|p1a: Froslass|Froslass|Froslassite\n|move|p1a: Froslass|Blizzard|p2b: Kingambit|[spread] p2a,p2b\n|-resisted|p2b: Kingambit|1\n|-damage|p2a: Umbreon|72/100\n|-damage|p2b: Kingambit|13/100\n|move|p1b: Mamoswine|Icicle Crash|p2a: Umbreon\n|-damage|p2a: Umbreon|35/100\n|move|p2a: Umbreon|Yawn|p1a: Froslass\n|-start|p1a: Froslass|move: Yawn|[of] p2a: Umbreon\n|move|p2b: Kingambit|Kowtow Cleave|p1b: Mamoswine\n|-damage|p1b: Mamoswine|71/100\n|\n|-weather|Snowscape|[upkeep]\n|-heal|p2a: Umbreon|41/100|[from] item: Leftovers\n|upkeep\n|turn|5\n|\n|t:|1776190878\n|move|p2b: Kingambit|Protect|p2b: Kingambit\n|-singleturn|p2b: Kingambit|Protect\n|move|p1a: Froslass|Blizzard|p2b: Kingambit|[spread] p2a\n|-activate|p2b: Kingambit|move: Protect\n|-damage|p2a: Umbreon|15/100\n|move|p1b: Mamoswine|High Horsepower|p2a: Umbreon\n|-damage|p2a: Umbreon|0 fnt\n|faint|p2a: Umbreon\n|\n|-weather|none\n|-end|p1a: Froslass|move: Yawn|[silent]\n|-status|p1a: Froslass|slp\n|upkeep\n|\n|t:|1776190891\n|switch|p2a: Tyranitar|Tyranitar, L50, M|100/100\n|-weather|Sandstorm|[from] ability: Sand Stream|[of] p2a: Tyranitar\n|turn|6\n|\n|t:|1776190910\n|detailschange|p2a: Tyranitar|Tyranitar-Mega, L50, M\n|-mega|p2a: Tyranitar|Tyranitar|Tyranitarite\n|cant|p1a: Froslass|slp\n|move|p1b: Mamoswine|High Horsepower|p2a: Tyranitar\n|-supereffective|p2a: Tyranitar|1\n|-damage|p2a: Tyranitar|24/100\n|move|p2a: Tyranitar|Rock Slide|p1b: Mamoswine|[spread] p1a,p1b\n|-supereffective|p1a: Froslass|1\n|-damage|p1a: Froslass|24/100 slp\n|-damage|p1b: Mamoswine|46/100\n|move|p2b: Kingambit|Iron Head|p1b: Mamoswine\n|-supereffective|p1b: Mamoswine|1\n|-damage|p1b: Mamoswine|0 fnt\n|faint|p1b: Mamoswine\n|\n|-weather|Sandstorm|[upkeep]\n|-damage|p1a: Froslass|18/100 slp|[from] Sandstorm\n|-sideend|p1: DragonRyder90|move: Aurora Veil\n|upkeep\n|turn|7\n|\n|t:|1776190931\n|cant|p1a: Froslass|slp\n|move|p2a: Tyranitar|Rock Slide|p1a: Froslass\n|-supereffective|p1a: Froslass|1\n|-damage|p1a: Froslass|0 fnt\n|faint|p1a: Froslass\n|\n|win|PXGL\n|raw|DragonRyder90's rating: 1046 &rarr; <strong>1028</strong><br />(-18 for losing)\n|raw|PXGL's rating: 1025 &rarr; <strong>1063</strong><br />(+38 for winning)\n",
  "uploadtime": 1776190941,
  "views": 12,
  "formatid": "gen9championsvgc2026regma",
  "rating": 1028,
  "private": 0,
  "password": null
}