{
  "id": "gen9championsvgc2026regma-2587104758",
  "format": "[Gen 9 Champions] VGC 2026 Reg M-A",
  "players": [
    "mabsvsvsusbvs",
    "PlatSceptile"
  ],
  "log": "|j|\u2606mabsvsvsusbvs\n|j|\u2606PlatSceptile\n|t:|1776494027\n|gametype|doubles\n|player|p1|mabsvsvsusbvs|1|1083\n|player|p2|PlatSceptile|jacinthe|1139\n|gen|9\n|tier|[Gen 9 Champions] VGC 2026 Reg M-A\n|rated|\n|rule|Species Clause: Limit one of each Pok\u00e9mon\n|rule|Item Clause: Limit 1 of each item\n|clearpoke\n|poke|p1|Tyranitar, L50, M, shiny|\n|poke|p1|Garchomp, L50, F|\n|poke|p1|Rotom-Wash, L50|\n|poke|p1|Sinistcha, L50|\n|poke|p1|Sneasler, L50, M|\n|poke|p1|Corviknight, L50, M|\n|poke|p2|Lopunny, L50, F, shiny|\n|poke|p2|Incineroar, L50, F|\n|poke|p2|Delphox, L50, F|\n|poke|p2|Whimsicott, L50, F|\n|poke|p2|Aegislash, L50, M|\n|poke|p2|Milotic, L50, F|\n|teampreview|4\n|inactive|Battle timer is ON: inactive players will automatically lose when time's up. (requested by mabsvsvsusbvs)\n|inactive|PlatSceptile has 60 seconds left.\n|l|\u2606PlatSceptile\n|inactive|PlatSceptile disconnected and has a minute to reconnect!\n|player|p2|\n|j|\u2606PlatSceptile\n|inactive|PlatSceptile reconnected and has 40 seconds left.\n|player|p2|PlatSceptile|jacinthe|\n|inactive|PlatSceptile has 30 seconds left.\n|\n|t:|1776494114\n|teamsize|p1|4\n|teamsize|p2|4\n|start\n|switch|p1a: Rotom|Rotom-Wash, L50|100/100\n|switch|p1b: Corviknight|Corviknight, L50, M|100/100\n|switch|p2a: Aegislash|Aegislash, L50, M|100/100\n|switch|p2b: Whimsicott|Whimsicott, L50, F|100/100\n|turn|1\n|inactive|mabsvsvsusbvs has 30 seconds left.\n|inactive|PlatSceptile has 30 seconds left.\n|inactive|mabsvsvsusbvs has 20 seconds left.\n|\n|t:|1776494149\n|switch|p2a: Lopunny|Lopunny, L50, F, shiny|100/100\n|move|p2b: Whimsicott|Tailwind|p2b: Whimsicott\n|-sidestart|p2: PlatSceptile|move: Tailwind\n|move|p1a: Rotom|Thunderbolt|p2b: Whimsicott\n|-resisted|p2b: Whimsicott|1\n|-damage|p2b: Whimsicott|68/100\n|-status|p2b: Whimsicott|par\n|move|p1b: Corviknight|Tailwind|p1b: Corviknight\n|-sidestart|p1: mabsvsvsusbvs|move: Tailwind\n|\n|upkeep\n|turn|2\n|inactive|PlatSceptile has 30 seconds left.\n|\n|t:|1776494184\n|detailschange|p2a: Lopunny|Lopunny-Mega, L50, F, shiny\n|-mega|p2a: Lopunny|Lopunny|Lopunnite\n|move|p2a: Lopunny|Fake Out|p1a: Rotom\n|-damage|p1a: Rotom|69/100\n|move|p2b: Whimsicott|Encore|p1b: Corviknight\n|-start|p1b: Corviknight|Encore\n|cant|p1a: Rotom|flinch\n|move|p1b: Corviknight|Tailwind||[still]\n|-fail|p1b: Corviknight\n|\n|upkeep\n|turn|3\n|\n|t:|1776494204\n|switch|p1b: Garchomp|Garchomp, L50, F|100/100\n|move|p1a: Rotom|Thunderbolt|p2a: Lopunny\n|-damage|p2a: Lopunny|57/100\n|move|p2a: Lopunny|High Jump Kick|p1a: Rotom\n|-damage|p1a: Rotom|0 fnt\n|faint|p1a: Rotom\n|move|p2b: Whimsicott|Moonblast|p1b: Garchomp\n|-supereffective|p1b: Garchomp|1\n|-damage|p1b: Garchomp|22/100\n|\n|upkeep\n|\n|t:|1776494217\n|switch|p1a: Tyranitar|Tyranitar, L50, M, shiny|100/100\n|-weather|Sandstorm|[from] ability: Sand Stream|[of] p1a: Tyranitar\n|turn|4\n|inactive|PlatSceptile has 30 seconds left.\n|inactive|PlatSceptile has 20 seconds left.\n|\n|t:|1776494253\n|move|p1a: Tyranitar|Protect|p1a: Tyranitar\n|-singleturn|p1a: Tyranitar|Protect\n|move|p2b: Whimsicott|Tailwind||[still]\n|-fail|p2b: Whimsicott\n|move|p1b: Garchomp|Earthquake|p2b: Whimsicott|[spread] p2a,p2b\n|-activate|p1a: Tyranitar|move: Protect\n|-resisted|p2b: Whimsicott|1\n|-damage|p2a: Lopunny|12/100\n|-damage|p2b: Whimsicott|40/100 par\n|move|p2a: Lopunny|High Jump Kick|p1a: Tyranitar\n|-activate|p1a: Tyranitar|move: Protect\n|-damage|p2a: Lopunny|0 fnt|[from] highjumpkick\n|faint|p2a: Lopunny\n|\n|-weather|Sandstorm|[upkeep]\n|-damage|p2b: Whimsicott|34/100 par|[from] Sandstorm\n|-sideend|p2: PlatSceptile|move: Tailwind\n|-sideend|p1: mabsvsvsusbvs|move: Tailwind\n|upkeep\n|\n|t:|1776494273\n|switch|p2a: Aegislash|Aegislash, L50, M|100/100\n|turn|5\n|inactive|PlatSceptile has 30 seconds left.\n|\n|t:|1776494302\n|switch|p1a: Corviknight|Corviknight, L50, M|100/100\n|move|p2b: Whimsicott|Tailwind|p2b: Whimsicott\n|-sidestart|p2: PlatSceptile|move: Tailwind\n|move|p1b: Garchomp|Earthquake|p2a: Aegislash|[spread] p2a,p2b\n|-immune|p1a: Corviknight\n|-supereffective|p2a: Aegislash|1\n|-resisted|p2b: Whimsicott|1\n|-damage|p2a: Aegislash|36/100\n|-damage|p2b: Whimsicott|3/100 par\n|-formechange|p2a: Aegislash|Aegislash-Blade|\n|move|p2a: Aegislash|Iron Head|p1b: Garchomp|[miss]\n|-miss|p2a: Aegislash|p1b: Garchomp\n|\n|-weather|Sandstorm|[upkeep]\n|-damage|p2b: Whimsicott|0 fnt|[from] Sandstorm\n|faint|p2b: Whimsicott\n|upkeep\n|-message|PlatSceptile forfeited.\n|\n|win|mabsvsvsusbvs\n|raw|mabsvsvsusbvs's rating: 1083 &rarr; <strong>1115</strong><br />(+32 for winning)\n|raw|PlatSceptile's rating: 1139 &rarr; <strong>1110</strong><br />(-29 for losing)\n|l|\u2606PlatSceptile\n|player|p2|\n|l|\u2606mabsvsvsusbvs\n|player|p1|\n|j|\u2606PlatSceptile\n|player|p2|PlatSceptile|jacinthe|\n",
  "uploadtime": 1776494428,
  "views": 14,
  "formatid": "gen9championsvgc2026regma",
  "rating": 1110,
  "private": 0,
  "password": null
}