{
  "id": "gen9championsvgc2026regma-2584992891",
  "format": "[Gen 9 Champions] VGC 2026 Reg M-A",
  "players": [
    "darkina74",
    "meatball_gamming0"
  ],
  "log": "|j|\u2606darkina74\n|j|\u2606meatball_gamming0\n|t:|1776301410\n|gametype|doubles\n|player|p1|darkina74|miku-fairy|1027\n|player|p2|meatball_gamming0|wattson|1126\n|gen|9\n|tier|[Gen 9 Champions] VGC 2026 Reg M-A\n|rated|\n|rule|Species Clause: Limit one of each Pok\u00e9mon\n|rule|Item Clause: Limit 1 of each item\n|clearpoke\n|poke|p1|Farigiraf, L50, F|\n|poke|p1|Hatterene, L50, F|\n|poke|p1|Crabominable, L50, M|\n|poke|p1|Alcremie-Rainbow-Swirl, L50, F|\n|poke|p1|Incineroar, L50, F|\n|poke|p1|Sinistcha, L50|\n|poke|p2|Froslass, L50, F|\n|poke|p2|Garchomp, L50, M|\n|poke|p2|Rotom-Frost, L50|\n|poke|p2|Empoleon, L50, F|\n|poke|p2|Incineroar, L50, F|\n|poke|p2|Kingambit, L50, F|\n|teampreview|4\n|inactive|Battle timer is ON: inactive players will automatically lose when time's up. (requested by darkina74)\n|\n|t:|1776301441\n|teamsize|p1|4\n|teamsize|p2|4\n|start\n|switch|p1a: Frisk undertula|Farigiraf, L50, F|100/100\n|switch|p1b: Hola|Incineroar, L50, F|100/100\n|switch|p2a: Garchomp|Garchomp, L50, M|100/100\n|switch|p2b: Rotom|Rotom-Frost, L50|100/100\n|-ability|p1b: Hola|Intimidate|boost\n|-unboost|p2a: Garchomp|atk|1\n|-unboost|p2b: Rotom|atk|1\n|-enditem|p2a: Garchomp|White Herb\n|-clearnegativeboost|p2a: Garchomp|[silent]\n|turn|1\n|inactive|darkina74 has 30 seconds left.\n|inactive|meatball_gamming0 has 30 seconds left.\n|\n|t:|1776301471\n|move|p1b: Hola|Fake Out|p2a: Garchomp\n|-damage|p2a: Garchomp|88/100\n|-damage|p1b: Hola|88/100|[from] ability: Rough Skin|[of] p2a: Garchomp\n|move|p2b: Rotom|Blizzard|p1a: Frisk undertula|[spread] p1a,p1b\n|-resisted|p1b: Hola|1\n|-damage|p1a: Frisk undertula|60/100\n|-damage|p1b: Hola|72/100\n|cant|p2a: Garchomp|flinch\n|move|p1a: Frisk undertula|Trick Room|p1a: Frisk undertula\n|-fieldstart|move: Trick Room|[of] p1a: Frisk undertula\n|\n|-heal|p1a: Frisk undertula|66/100|[from] item: Leftovers\n|upkeep\n|turn|2\n|inactive|darkina74 has 30 seconds left.\n|\n|t:|1776301506\n|move|p1b: Hola|Parting Shot|p2a: Garchomp\n|-unboost|p2a: Garchomp|atk|1\n|-unboost|p2a: Garchomp|spa|1\n|\n|t:|1776301520\n|switch|p1b: Apple|Hatterene, L50, F|100/100|[from] Parting Shot\n|move|p1a: Frisk undertula|Calm Mind|p1a: Frisk undertula\n|-boost|p1a: Frisk undertula|spa|1\n|-boost|p1a: Frisk undertula|spd|1\n|move|p2a: Garchomp|Earthquake|p1a: Frisk undertula|[spread] p1a,p1b\n|-immune|p2b: Rotom|[from] ability: Levitate\n|-damage|p1a: Frisk undertula|42/100\n|-damage|p1b: Apple|74/100\n|move|p2b: Rotom|Blizzard|p1a: Frisk undertula|[spread] p1a,p1b\n|-damage|p1a: Frisk undertula|18/100\n|-damage|p1b: Apple|32/100\n|\n|-heal|p1a: Frisk undertula|24/100|[from] item: Leftovers\n|upkeep\n|turn|3\n|\n|t:|1776301544\n|move|p1b: Apple|Dazzling Gleam|p2b: Rotom|[spread] p2a,p2b\n|-supereffective|p2a: Garchomp|1\n|-damage|p2a: Garchomp|9/100\n|-damage|p2b: Rotom|57/100\n|move|p1a: Frisk undertula|Hyper Voice|p2a: Garchomp|[spread] p2a,p2b\n|-crit|p2a: Garchomp\n|-damage|p2a: Garchomp|0 fnt\n|-damage|p2b: Rotom|0 fnt\n|faint|p2a: Garchomp\n|faint|p2b: Rotom\n|\n|-heal|p1a: Frisk undertula|30/100|[from] item: Leftovers\n|upkeep\n|\n|t:|1776301557\n|switch|p2b: Incineroar|Incineroar, L50, F|100/100\n|switch|p2a: Froslass|Froslass, L50, F|100/100\n|-ability|p2b: Incineroar|Intimidate|boost\n|-unboost|p1a: Frisk undertula|atk|1\n|-unboost|p1b: Apple|atk|1\n|turn|4\n|\n|t:|1776301573\n|detailschange|p2a: Froslass|Froslass-Mega, L50, F\n|-mega|p2a: Froslass|Froslass|Froslassite\n|-weather|Snowscape|[from] ability: Snow Warning|[of] p2a: Froslass\n|move|p2b: Incineroar|Fake Out||[still]\n|cant|p1a: Frisk undertula|ability: Armor Tail|Fake Out|[of] p2b: Incineroar\n|move|p1b: Apple|Dazzling Gleam|p2b: Incineroar|[spread] p2a,p2b\n|-damage|p2a: Froslass|61/100\n|-damage|p2b: Incineroar|68/100\n|move|p1a: Frisk undertula|Psyshock|p2a: Froslass\n|-damage|p2a: Froslass|3/100\n|move|p2a: Froslass|Aurora Veil|p2a: Froslass\n|-sidestart|p2: meatball_gamming0|move: Aurora Veil\n|\n|-weather|Snowscape|[upkeep]\n|-heal|p1a: Frisk undertula|36/100|[from] item: Leftovers\n|upkeep\n|turn|5\n|\n|t:|1776301595\n|move|p2a: Froslass|Protect|p2a: Froslass\n|-singleturn|p2a: Froslass|Protect\n|move|p1b: Apple|Dazzling Gleam|p2b: Incineroar|[spread] p2b\n|-activate|p2a: Froslass|move: Protect\n|-damage|p2b: Incineroar|47/100\n|-enditem|p2b: Incineroar|Sitrus Berry|[eat]\n|-heal|p2b: Incineroar|72/100|[from] item: Sitrus Berry\n|move|p1a: Frisk undertula|Hyper Voice|p2a: Froslass|[spread] p2b\n|-activate|p2a: Froslass|move: Protect\n|-damage|p2b: Incineroar|46/100\n|move|p2b: Incineroar|Darkest Lariat|p1a: Frisk undertula\n|-supereffective|p1a: Frisk undertula|1\n|-damage|p1a: Frisk undertula|0 fnt\n|faint|p1a: Frisk undertula\n|\n|-weather|Snowscape|[upkeep]\n|-fieldend|move: Trick Room\n|upkeep\n|\n|t:|1776301617\n|switch|p1a: Hola|Incineroar, L50, F|72/100\n|-ability|p1a: Hola|Intimidate|boost\n|-unboost|p2a: Froslass|atk|1\n|-unboost|p2b: Incineroar|atk|1\n|turn|6\n|\n|t:|1776301635\n|move|p1a: Hola|Fake Out|p2b: Incineroar\n|-damage|p2b: Incineroar|38/100\n|move|p2a: Froslass|Blizzard|p1a: Hola|[spread] p1a,p1b\n|-resisted|p1a: Hola|1\n|-damage|p1a: Hola|55/100\n|-damage|p1b: Apple|0 fnt\n|faint|p1b: Apple\n|cant|p2b: Incineroar|flinch\n|\n|-weather|Snowscape|[upkeep]\n|upkeep\n|\n|t:|1776301643\n|switch|p1b: Yetigrejo|Crabominable, L50, M|100/100\n|turn|7\n|\n|t:|1776301659\n|detailschange|p1b: Yetigrejo|Crabominable-Mega, L50, M\n|-mega|p1b: Yetigrejo|Crabominable|Crabominite\n|move|p1b: Yetigrejo|Mach Punch|p2b: Incineroar\n|-supereffective|p2b: Incineroar|1\n|-damage|p2b: Incineroar|0 fnt\n|faint|p2b: Incineroar\n|move|p2a: Froslass|Blizzard|p1a: Hola|[spread] p1a,p1b\n|-resisted|p1a: Hola|1\n|-resisted|p1b: Yetigrejo|1\n|-damage|p1a: Hola|37/100\n|-damage|p1b: Yetigrejo|82/100\n|-enditem|p1a: Hola|Sitrus Berry|[eat]\n|-heal|p1a: Hola|62/100|[from] item: Sitrus Berry\n|move|p1a: Hola|Flare Blitz|p2a: Froslass\n|-supereffective|p2a: Froslass|1\n|-damage|p2a: Froslass|0 fnt\n|faint|p2a: Froslass\n|-damage|p1a: Hola|61/100|[from] Recoil\n|\n|win|darkina74\n|raw|darkina74's rating: 1027 &rarr; <strong>1073</strong><br />(+46 for winning)\n|raw|meatball_gamming0's rating: 1126 &rarr; <strong>1094</strong><br />(-32 for losing)\n|l|\u2606meatball_gamming0\n|player|p2|\n",
  "uploadtime": 1776301676,
  "views": 24,
  "formatid": "gen9championsvgc2026regma",
  "rating": 1073,
  "private": 0,
  "password": null
}