{
  "id": "gen9championsvgc2026regma-2580883584",
  "format": "[Gen 9 Champions] VGC 2026 Reg M-A",
  "players": [
    "PK_Willow",
    "ranned bats"
  ],
  "log": "|j|\u2606PK_Willow\n|j|\u2606ranned bats\n|t:|1775940335\n|gametype|doubles\n|player|p1|PK_Willow|miku-ground|1059\n|player|p2|ranned bats|winona|1018\n|gen|9\n|tier|[Gen 9 Champions] VGC 2026 Reg M-A\n|rated|\n|rule|Species Clause: Limit one of each Pok\u00e9mon\n|rule|Item Clause: Limit 1 of each item\n|clearpoke\n|poke|p1|Delphox, L50, M|\n|poke|p1|Garchomp, L50, M|\n|poke|p1|Excadrill, L50, F|\n|poke|p1|Tyranitar, L50, M|\n|poke|p1|Sneasler, L50, F|\n|poke|p1|Aerodactyl, L50, F|\n|poke|p2|Scizor, L50, M|\n|poke|p2|Venusaur, L50, M|\n|poke|p2|Charizard, L50, F|\n|poke|p2|Klefki, L50, F|\n|poke|p2|Basculegion, L50, M|\n|poke|p2|Goodra, L50, M|\n|teampreview|4\n|c|\u2606ranned bats|glhf\n|c|\u2606PK_Willow|u2\n|\n|t:|1775940354\n|teamsize|p1|4\n|teamsize|p2|4\n|start\n|switch|p1a: Sneasler|Sneasler, L50, F|100/100\n|switch|p1b: Aerodactyl|Aerodactyl, L50, F|100/100\n|switch|p2a: Klefki|Klefki, L50, F|100/100\n|switch|p2b: Basculegion|Basculegion, L50, M|100/100\n|-ability|p1b: Aerodactyl|Unnerve\n|turn|1\n|\n|t:|1775940391\n|switch|p1b: Garchomp|Garchomp, L50, M|100/100\n|move|p1a: Sneasler|Fake Out|p2a: Klefki\n|-resisted|p2a: Klefki|1\n|-damage|p2a: Klefki|94/100\n|cant|p2a: Klefki|flinch\n|move|p2b: Basculegion|Wave Crash|p1b: Garchomp\n|-damage|p1b: Garchomp|24/100\n|-damage|p2b: Basculegion|88/100|[from] ability: Rough Skin|[of] p1b: Garchomp\n|-damage|p2b: Basculegion|66/100|[from] Recoil\n|\n|upkeep\n|turn|2\n|\n|t:|1775940419\n|move|p2b: Basculegion|Aqua Jet|p1b: Garchomp\n|-damage|p1b: Garchomp|0 fnt\n|-damage|p2b: Basculegion|54/100|[from] ability: Rough Skin|[of] p1b: Garchomp\n|faint|p1b: Garchomp\n|move|p2a: Klefki|Reflect|p2a: Klefki\n|-sidestart|p2: ranned bats|Reflect\n|move|p1a: Sneasler|Close Combat|p2a: Klefki\n|-damage|p2a: Klefki|52/100\n|-unboost|p1a: Sneasler|def|1\n|-unboost|p1a: Sneasler|spd|1\n|-enditem|p1a: Sneasler|White Herb\n|-clearnegativeboost|p1a: Sneasler|[silent]\n|\n|upkeep\n|\n|t:|1775940434\n|switch|p1b: Aerodactyl|Aerodactyl, L50, F|100/100\n|-ability|p1b: Aerodactyl|Unnerve\n|turn|3\n|\n|t:|1775940459\n|detailschange|p1b: Aerodactyl|Aerodactyl-Mega, L50, F\n|-mega|p1b: Aerodactyl|Aerodactyl|Aerodactylite\n|move|p2b: Basculegion|Protect|p2b: Basculegion\n|-singleturn|p2b: Basculegion|Protect\n|move|p2a: Klefki|Rain Dance|p2a: Klefki\n|-weather|RainDance\n|move|p1a: Sneasler|Close Combat|p2a: Klefki\n|-damage|p2a: Klefki|15/100\n|-unboost|p1a: Sneasler|def|1\n|-unboost|p1a: Sneasler|spd|1\n|move|p1b: Aerodactyl|Crunch|p2b: Basculegion\n|-activate|p2b: Basculegion|move: Protect\n|\n|-weather|RainDance|[upkeep]\n|upkeep\n|turn|4\n|\n|t:|1775940480\n|switch|p2a: Charizard|Charizard, L50, F|100/100\n|move|p2b: Basculegion|Aqua Jet|p1b: Aerodactyl\n|-supereffective|p1b: Aerodactyl|1\n|-damage|p1b: Aerodactyl|4/100\n|move|p1a: Sneasler|Close Combat|p2a: Charizard\n|-resisted|p2a: Charizard|1\n|-damage|p2a: Charizard|66/100\n|-unboost|p1a: Sneasler|def|1\n|-unboost|p1a: Sneasler|spd|1\n|move|p1b: Aerodactyl|Crunch|p2b: Basculegion\n|-supereffective|p2b: Basculegion|1\n|-damage|p2b: Basculegion|1/100\n|\n|-weather|RainDance|[upkeep]\n|upkeep\n|turn|5\n|\n|t:|1775940499\n|switch|p1b: Delphox|Delphox, L50, M|100/100\n|move|p2b: Basculegion|Aqua Jet|p1a: Sneasler\n|-damage|p1a: Sneasler|0 fnt\n|faint|p1a: Sneasler\n|move|p2a: Charizard|Flame Charge|p1b: Delphox\n|-resisted|p1b: Delphox|1\n|-damage|p1b: Delphox|95/100\n|-boost|p2a: Charizard|spe|1\n|\n|-weather|RainDance|[upkeep]\n|upkeep\n|\n|t:|1775940505\n|switch|p1a: Aerodactyl|Aerodactyl-Mega, L50, F|4/100\n|turn|6\n|\n|t:|1775940514\n|move|p2b: Basculegion|Aqua Jet|p1a: Aerodactyl\n|-supereffective|p1a: Aerodactyl|1\n|-damage|p1a: Aerodactyl|0 fnt\n|faint|p1a: Aerodactyl\n|move|p2a: Charizard|Hurricane|p1b: Delphox\n|-damage|p1b: Delphox|31/100\n|move|p1b: Delphox|Heat Wave|p2a: Charizard|[spread] p2b\n|-miss|p1b: Delphox|p2a: Charizard\n|-resisted|p2b: Basculegion|1\n|-damage|p2b: Basculegion|0 fnt\n|faint|p2b: Basculegion\n|\n|-weather|RainDance|[upkeep]\n|-sideend|p2: ranned bats|Reflect\n|upkeep\n|\n|t:|1775940523\n|switch|p2b: Venusaur|Venusaur, L50, M|100/100\n|turn|7\n|\n|t:|1775940534\n|switch|p2a: Klefki|Klefki, L50, F|15/100\n|detailschange|p2b: Venusaur|Venusaur-Mega, L50, M\n|-mega|p2b: Venusaur|Venusaur|Venusaurite\n|move|p1b: Delphox|Heat Wave|p2a: Klefki|[spread] p2a,p2b\n|-supereffective|p2a: Klefki|1\n|-supereffective|p2b: Venusaur|1\n|-damage|p2a: Klefki|0 fnt\n|-damage|p2b: Venusaur|81/100\n|faint|p2a: Klefki\n|move|p2b: Venusaur|Weather Ball|p1b: Delphox\n|-supereffective|p1b: Delphox|1\n|-damage|p1b: Delphox|0 fnt\n|faint|p1b: Delphox\n|\n|win|ranned bats\n|raw|PK_Willow's rating: 1059 &rarr; <strong>1038</strong><br />(-21 for losing)\n|raw|ranned bats's rating: 1018 &rarr; <strong>1060</strong><br />(+42 for winning)\n|c|\u2606PK_Willow|gg\n|c|\u2606ranned bats|gg\n",
  "uploadtime": 1775940548,
  "views": 16,
  "formatid": "gen9championsvgc2026regma",
  "rating": 1038,
  "private": 0,
  "password": null
}