{
  "id": "gen9championsvgc2026regma-2583617866",
  "format": "[Gen 9 Champions] VGC 2026 Reg M-A",
  "players": [
    "Yakatu",
    "spamequake"
  ],
  "log": "|j|\u2606Yakatu\n|j|\u2606spamequake\n|t:|1776186843\n|gametype|doubles\n|player|p1|Yakatu|riley|1000\n|player|p2|spamequake|roughneck|1056\n|gen|9\n|tier|[Gen 9 Champions] VGC 2026 Reg M-A\n|rated|\n|rule|Species Clause: Limit one of each Pok\u00e9mon\n|rule|Item Clause: Limit 1 of each item\n|clearpoke\n|poke|p1|Incineroar, L50, M|\n|poke|p1|Garchomp, L50, M|\n|poke|p1|Corviknight, L50, M|\n|poke|p1|Sinistcha, L50|\n|poke|p1|Lucario, L50, M|\n|poke|p1|Ninetales-Alola, L50, M|\n|poke|p2|Froslass, L50, F|\n|poke|p2|Kingambit, L50, M|\n|poke|p2|Sneasler, L50, F|\n|poke|p2|Garchomp, L50, F|\n|poke|p2|Rotom-Heat, L50|\n|poke|p2|Farigiraf, L50, F|\n|teampreview|4\n|inactive|Battle timer is ON: inactive players will automatically lose when time's up. (requested by spamequake)\n|c|\u2606Yakatu|glhf\n|inactive|spamequake has 60 seconds left.\n|\n|t:|1776186880\n|teamsize|p1|4\n|teamsize|p2|4\n|start\n|switch|p1a: Incineroar|Incineroar, L50, M|100/100\n|switch|p1b: Ninetales|Ninetales-Alola, L50, M|100/100\n|switch|p2a: Sneasler|Sneasler, L50, F|100/100\n|switch|p2b: Froslass|Froslass, L50, F|100/100\n|-weather|Snowscape|[from] ability: Snow Warning|[of] p1b: Ninetales\n|-ability|p1a: Incineroar|Intimidate|boost\n|-unboost|p2a: Sneasler|atk|1\n|-unboost|p2b: Froslass|atk|1\n|-enditem|p2a: Sneasler|White Herb\n|-clearnegativeboost|p2a: Sneasler|[silent]\n|turn|1\n|\n|t:|1776186894\n|switch|p2b: Farigiraf|Farigiraf, L50, F|100/100\n|move|p2a: Sneasler|Close Combat|p1a: Incineroar\n|-supereffective|p1a: Incineroar|1\n|-damage|p1a: Incineroar|0 fnt\n|-unboost|p2a: Sneasler|def|1\n|-unboost|p2a: Sneasler|spd|1\n|faint|p1a: Incineroar\n|move|p1b: Ninetales|Aurora Veil|p1b: Ninetales\n|-sidestart|p1: Yakatu|move: Aurora Veil\n|\n|-weather|Snowscape|[upkeep]\n|upkeep\n|\n|t:|1776186906\n|switch|p1a: Sinistcha|Sinistcha, L50|100/100\n|turn|2\n|\n|t:|1776186920\n|move|p2b: Farigiraf|Helping Hand|p2a: Sneasler\n|-singleturn|p2a: Sneasler|Helping Hand|[of] p2b: Farigiraf\n|move|p2a: Sneasler|Rock Slide|p1b: Ninetales|[spread] p1a,p1b\n|-supereffective|p1b: Ninetales|1\n|-damage|p1a: Sinistcha|84/100\n|-damage|p1b: Ninetales|75/100\n|move|p1b: Ninetales|Blizzard|p2a: Sneasler|[spread] p2a,p2b\n|-damage|p2a: Sneasler|39/100\n|-damage|p2b: Farigiraf|76/100\n|move|p1a: Sinistcha|Matcha Gotcha|p2a: Sneasler|[spread] p2a,p2b\n|-resisted|p2a: Sneasler|1\n|-damage|p2a: Sneasler|11/100\n|-heal|p1a: Sinistcha|97/100|[from] drain|[of] p2a: Sneasler\n|-damage|p2b: Farigiraf|54/100\n|-heal|p1a: Sinistcha|100/100|[from] drain|[of] p2b: Farigiraf\n|-status|p2a: Sneasler|brn\n|\n|-weather|Snowscape|[upkeep]\n|-damage|p2a: Sneasler|5/100 brn|[from] brn\n|upkeep\n|turn|3\n|inactive|Yakatu has 30 seconds left.\n|inactive|spamequake has 30 seconds left.\n|inactive|spamequake has 20 seconds left.\n|\n|t:|1776186958\n|move|p2b: Farigiraf|Helping Hand|p2a: Sneasler\n|-singleturn|p2a: Sneasler|Helping Hand|[of] p2b: Farigiraf\n|move|p1b: Ninetales|Protect|p1b: Ninetales\n|-singleturn|p1b: Ninetales|Protect\n|move|p1a: Sinistcha|Protect|p1a: Sinistcha\n|-singleturn|p1a: Sinistcha|Protect\n|move|p2a: Sneasler|Dire Claw|p1b: Ninetales\n|-activate|p1b: Ninetales|move: Protect\n|\n|-weather|Snowscape|[upkeep]\n|-damage|p2a: Sneasler|0 fnt|[from] brn\n|faint|p2a: Sneasler\n|upkeep\n|\n|t:|1776186968\n|switch|p2a: Rotom|Rotom-Heat, L50|100/100\n|turn|4\n|\n|t:|1776186982\n|move|p1a: Sinistcha|Rage Powder|p1a: Sinistcha\n|-singleturn|p1a: Sinistcha|move: Rage Powder\n|move|p2a: Rotom|Overheat|p1a: Sinistcha\n|-supereffective|p1a: Sinistcha|1\n|-enditem|p1a: Sinistcha|Occa Berry|[eat]\n|-enditem|p1a: Sinistcha|Occa Berry|[weaken]\n|-damage|p1a: Sinistcha|61/100\n|-unboost|p2a: Rotom|spa|2\n|move|p1b: Ninetales|Blizzard|p2a: Rotom|[spread] p2a,p2b\n|-resisted|p2a: Rotom|1\n|-damage|p2a: Rotom|80/100\n|-damage|p2b: Farigiraf|28/100\n|-status|p2b: Farigiraf|frz\n|-enditem|p2b: Farigiraf|Sitrus Berry|[eat]\n|-heal|p2b: Farigiraf|53/100 frz|[from] item: Sitrus Berry\n|cant|p2b: Farigiraf|frz\n|\n|-weather|Snowscape|[upkeep]\n|upkeep\n|turn|5\n|\n|t:|1776187003\n|cant|p2b: Farigiraf|frz\n|move|p2a: Rotom|Overheat|p1a: Sinistcha|[miss]\n|-miss|p2a: Rotom|p1a: Sinistcha\n|move|p1b: Ninetales|Moonblast|p2b: Farigiraf\n|-damage|p2b: Farigiraf|23/100 frz\n|move|p1a: Sinistcha|Matcha Gotcha|p2a: Rotom|[spread] p2a,p2b\n|-resisted|p2a: Rotom|1\n|-damage|p2a: Rotom|62/100\n|-heal|p1a: Sinistcha|68/100|[from] drain|[of] p2a: Rotom\n|-damage|p2b: Farigiraf|4/100 frz\n|-heal|p1a: Sinistcha|80/100|[from] drain|[of] p2b: Farigiraf\n|-curestatus|p2b: Farigiraf|frz|[msg]\n|\n|-weather|none\n|-sideend|p1: Yakatu|move: Aurora Veil\n|upkeep\n|turn|6\n|inactive|Yakatu has 30 seconds left.\n|\n|t:|1776187029\n|move|p2b: Farigiraf|Helping Hand|p2a: Rotom\n|-singleturn|p2a: Rotom|Helping Hand|[of] p2b: Farigiraf\n|move|p2a: Rotom|Overheat|p1a: Sinistcha\n|-supereffective|p1a: Sinistcha|1\n|-damage|p1a: Sinistcha|0 fnt\n|-unboost|p2a: Rotom|spa|2\n|faint|p1a: Sinistcha\n|move|p1b: Ninetales|Moonblast|p2b: Farigiraf\n|-damage|p2b: Farigiraf|0 fnt\n|faint|p2b: Farigiraf\n|\n|upkeep\n|\n|t:|1776187038\n|switch|p1a: Lucario|Lucario, L50, M|100/100\n|switch|p2b: Froslass|Froslass, L50, F|100/100\n|turn|7\n|\n|t:|1776187051\n|detailschange|p2b: Froslass|Froslass-Mega, L50, F\n|-mega|p2b: Froslass|Froslass|Froslassite\n|-weather|Snowscape|[from] ability: Snow Warning|[of] p2b: Froslass\n|detailschange|p1a: Lucario|Lucario-Mega, L50, M\n|-mega|p1a: Lucario|Lucario|Lucarionite\n|move|p1b: Ninetales|Protect|p1b: Ninetales\n|-singleturn|p1b: Ninetales|Protect\n|move|p1a: Lucario|Bullet Punch|p2b: Froslass\n|-supereffective|p2b: Froslass|1\n|-damage|p2b: Froslass|35/100\n|move|p2a: Rotom|Overheat|p1b: Ninetales\n|-activate|p1b: Ninetales|move: Protect\n|move|p2b: Froslass|Shadow Ball|p1a: Lucario\n|-damage|p1a: Lucario|25/100\n|-unboost|p1a: Lucario|spd|1\n|\n|-weather|Snowscape|[upkeep]\n|upkeep\n|turn|8\n|inactive|spamequake has 30 seconds left.\n|-message|spamequake forfeited.\n|\n|win|Yakatu\n|raw|Yakatu's rating: 1000 &rarr; <strong>1046</strong><br />(+46 for winning)\n|raw|spamequake's rating: 1056 &rarr; <strong>1035</strong><br />(-21 for losing)\n|l|\u2606spamequake\n|player|p2|\n",
  "uploadtime": 1776187080,
  "views": 14,
  "formatid": "gen9championsvgc2026regma",
  "rating": 1035,
  "private": 0,
  "password": null
}