{
  "id": "gen9championsvgc2026regma-2582298911",
  "format": "[Gen 9 Champions] VGC 2026 Reg M-A",
  "players": [
    "jewnko",
    "evokenz"
  ],
  "log": "|j|\u2606jewnko\n|j|\u2606evokenz\n|t:|1776081088\n|gametype|doubles\n|player|p1|jewnko|shauntal|1122\n|player|p2|evokenz|265|1170\n|gen|9\n|tier|[Gen 9 Champions] VGC 2026 Reg M-A\n|rated|\n|rule|Species Clause: Limit one of each Pok\u00e9mon\n|rule|Item Clause: Limit 1 of each item\n|clearpoke\n|poke|p1|Golurk, L50|\n|poke|p1|Farigiraf, L50, M|\n|poke|p1|Rotom-Heat, L50|\n|poke|p1|Alcremie, L50, F|\n|poke|p1|Skarmory, L50, M|\n|poke|p1|Decidueye-Hisui, L50, M|\n|poke|p2|Dragapult, L50, F|\n|poke|p2|Sneasler, L50, F|\n|poke|p2|Incineroar, L50, F|\n|poke|p2|Maushold, L50|\n|poke|p2|Floette-Eternal, L50, F|\n|poke|p2|Kingambit, L50, M|\n|teampreview|4\n|inactive|Battle timer is ON: inactive players will automatically lose when time's up. (requested by jewnko)\njewnko rejected open team sheets.\n|\n|t:|1776081131\n|teamsize|p1|4\n|teamsize|p2|4\n|start\n|switch|p1a: Farigiraf|Farigiraf, L50, M|100/100\n|switch|p1b: Rotom|Rotom-Heat, L50|100/100\n|switch|p2a: Kingambit|Kingambit, L50, M|100/100\n|switch|p2b: Floette|Floette-Eternal, L50, F|100/100\n|turn|1\n|inactive|jewnko has 30 seconds left.\n|inactive|jewnko has 20 seconds left.\n|inactive|jewnko has 15 seconds left.\n|inactive|evokenz has 30 seconds left.\n|inactive|jewnko has 10 seconds left.\n|\n|t:|1776081177\n|detailschange|p2b: Floette|Floette-Mega, L50, F\n|-mega|p2b: Floette|Floette|Floettite\n|-ability|p2b: Floette|Fairy Aura\n|move|p2b: Floette|Calm Mind|p2b: Floette\n|-boost|p2b: Floette|spa|1\n|-boost|p2b: Floette|spd|1\n|move|p1b: Rotom|Will-O-Wisp|p2a: Kingambit\n|-status|p2a: Kingambit|brn\n|move|p2a: Kingambit|Kowtow Cleave|p1a: Farigiraf\n|-supereffective|p1a: Farigiraf|1\n|-damage|p1a: Farigiraf|45/100\n|move|p1a: Farigiraf|Trick Room|p1a: Farigiraf\n|-fieldstart|move: Trick Room|[of] p1a: Farigiraf\n|\n|-damage|p2a: Kingambit|95/100 brn|[from] brn\n|upkeep\n|turn|2\n|inactive|jewnko has 30 seconds left.\n|inactive|evokenz has 30 seconds left.\n|inactive|jewnko has 20 seconds left.\n|inactive|jewnko has 15 seconds left.\n|\n|t:|1776081220\n|switch|p1a: Golurk|Golurk, L50|100/100\n|move|p2a: Kingambit|Kowtow Cleave|p1a: Golurk\n|-supereffective|p1a: Golurk|1\n|-damage|p1a: Golurk|54/100\n|move|p1b: Rotom|Overheat|p2a: Kingambit\n|-supereffective|p2a: Kingambit|1\n|-crit|p2a: Kingambit\n|-damage|p2a: Kingambit|0 fnt\n|-unboost|p1b: Rotom|spa|2\n|faint|p2a: Kingambit\n|move|p2b: Floette|Calm Mind|p2b: Floette\n|-boost|p2b: Floette|spa|1\n|-boost|p2b: Floette|spd|1\n|\n|upkeep\n|\n|t:|1776081234\n|switch|p2a: Maushold|Maushold, L50|100/100\n|turn|3\n|\n|t:|1776081250\n|detailschange|p1a: Golurk|Golurk-Mega, L50\n|-mega|p1a: Golurk|Golurk|Golurkite\n|move|p2a: Maushold|Follow Me|p2a: Maushold\n|-singleturn|p2a: Maushold|move: Follow Me\n|move|p1a: Golurk|Poltergeist|p2a: Maushold\n|-immune|p2a: Maushold\n|move|p1b: Rotom|Discharge|p2a: Maushold|[spread] p2a,p2b\n|-immune|p1a: Golurk\n|-crit|p2b: Floette\n|-damage|p2a: Maushold|82/100\n|-damage|p2b: Floette|78/100\n|move|p2b: Floette|Dazzling Gleam|p1a: Golurk|[spread] p1a,p1b\n|-resisted|p1b: Rotom|1\n|-crit|p1b: Rotom\n|-damage|p1a: Golurk|0 fnt\n|-damage|p1b: Rotom|17/100\n|faint|p1a: Golurk\n|\n|upkeep\n|\n|t:|1776081258\n|switch|p1a: Decidueye|Decidueye-Hisui, L50, M|100/100\n|turn|4\n|\n|t:|1776081275\n|move|p2a: Maushold|Follow Me|p2a: Maushold\n|-singleturn|p2a: Maushold|move: Follow Me\n|move|p1a: Decidueye|Triple Arrows|p2a: Maushold\n|-supereffective|p2a: Maushold|1\n|-enditem|p2a: Maushold|Chople Berry|[eat]\n|-enditem|p2a: Maushold|Chople Berry|[weaken]\n|-damage|p2a: Maushold|29/100\n|-unboost|p2a: Maushold|def|1\n|move|p1b: Rotom|Overheat|p2a: Maushold|[miss]\n|-miss|p1b: Rotom|p2a: Maushold\n|move|p2b: Floette|Dazzling Gleam|p1a: Decidueye|[spread] p1a,p1b\n|-supereffective|p1a: Decidueye|1\n|-resisted|p1b: Rotom|1\n|-damage|p1a: Decidueye|0 fnt\n|-damage|p1b: Rotom|0 fnt\n|faint|p1a: Decidueye\n|faint|p1b: Rotom\n|\n|upkeep\n|\n|t:|1776081287\n|switch|p1a: Farigiraf|Farigiraf, L50, M|45/100\n|turn|5\n|\n|t:|1776081295\n|move|p2a: Maushold|Helping Hand|p2b: Floette\n|-singleturn|p2b: Floette|Helping Hand|[of] p2a: Maushold\n|move|p1a: Farigiraf|Hyper Voice|p2b: Floette|[spread] p2a,p2b\n|-damage|p2a: Maushold|0 fnt\n|-damage|p2b: Floette|70/100\n|faint|p2a: Maushold\n|move|p2b: Floette|Moonblast|p1a: Farigiraf\n|-damage|p1a: Farigiraf|0 fnt\n|faint|p1a: Farigiraf\n|\n|win|evokenz\n|raw|jewnko's rating: 1122 &rarr; <strong>1100</strong><br />(-22 for losing)\n|raw|evokenz's rating: 1170 &rarr; <strong>1192</strong><br />(+22 for winning)\n",
  "uploadtime": 1776081296,
  "views": 19,
  "formatid": "gen9championsvgc2026regma",
  "rating": 1100,
  "private": 0,
  "password": null
}