{
  "id": "gen9championsvgc2026regma-2580772427",
  "format": "[Gen 9 Champions] VGC 2026 Reg M-A",
  "players": [
    "jxan66",
    "shigeshigetokugawa"
  ],
  "log": "|j|\u2606jxan66\n|j|\u2606shigeshigetokugawa\n|t:|1775931247\n|gametype|doubles\n|player|p1|jxan66|alder|1120\n|player|p2|shigeshigetokugawa|ghetsis-gen5bw|1227\n|gen|9\n|tier|[Gen 9 Champions] VGC 2026 Reg M-A\n|rated|\n|rule|Species Clause: Limit one of each Pok\u00e9mon\n|rule|Item Clause: Limit 1 of each item\n|clearpoke\n|poke|p1|Charizard, L50, F|\n|poke|p1|Milotic, L50, M|\n|poke|p1|Incineroar, L50, F|\n|poke|p1|Sinistcha, L50|\n|poke|p1|Hydreigon, L50, M|\n|poke|p1|Sneasler, L50, M|\n|poke|p2|Floette-Eternal, L50, F|\n|poke|p2|Garchomp, L50, F|\n|poke|p2|Rotom-Wash, L50|\n|poke|p2|Talonflame, L50, M|\n|poke|p2|Aegislash, L50, F|\n|poke|p2|Maushold-Four, L50|\n|teampreview|4\n|l|\u2606shigeshigetokugawa\n|player|p2|\n|j|\u2606shigeshigetokugawa\n|player|p2|shigeshigetokugawa|ghetsis-gen5bw|\n|\n|t:|1775931300\n|teamsize|p1|4\n|teamsize|p2|4\n|start\n|switch|p1a: Sneasler|Sneasler, L50, M|100/100\n|switch|p1b: Milotic|Milotic, L50, M, shiny|100/100\n|switch|p2a: Rotom|Rotom-Wash, L50|100/100\n|switch|p2b: Talonflame|Talonflame, L50, M|100/100\n|turn|1\n|\n|t:|1775931314\n|move|p1b: Milotic|Protect|p1b: Milotic\n|-singleturn|p1b: Milotic|Protect\n|move|p1a: Sneasler|Fake Out|p2b: Talonflame\n|-damage|p2b: Talonflame|80/100\n|cant|p2b: Talonflame|flinch\n|move|p2a: Rotom|Thunderbolt|p1b: Milotic\n|-activate|p1b: Milotic|move: Protect\n|\n|upkeep\n|turn|2\n|\n|t:|1775931336\n|move|p2b: Talonflame|Tailwind|p2b: Talonflame\n|-sidestart|p2: shigeshigetokugawa|move: Tailwind\n|move|p2a: Rotom|Thunderbolt|p1b: Milotic\n|-supereffective|p1b: Milotic|1\n|-damage|p1b: Milotic|43/100\n|move|p1a: Sneasler|Close Combat|p2a: Rotom\n|-damage|p2a: Rotom|39/100\n|-unboost|p1a: Sneasler|def|1\n|-unboost|p1a: Sneasler|spd|1\n|-enditem|p2a: Rotom|Sitrus Berry|[eat]\n|-heal|p2a: Rotom|64/100|[from] item: Sitrus Berry\n|-enditem|p1a: Sneasler|White Herb\n|-clearnegativeboost|p1a: Sneasler|[silent]\n|move|p1b: Milotic|Scald|p2b: Talonflame\n|-supereffective|p2b: Talonflame|1\n|-damage|p2b: Talonflame|0 fnt\n|faint|p2b: Talonflame\n|\n|-heal|p1b: Milotic|49/100|[from] item: Leftovers\n|upkeep\n|\n|t:|1775931342\n|switch|p2b: Garchomp|Garchomp, L50, F|100/100\n|turn|3\n|\n|t:|1775931385\n|switch|p1a: Sinistcha|Sinistcha, L50|100/100\n|-heal|p1b: Milotic|73/100|[from] ability: Hospitality|[of] p1a: Sinistcha\n|move|p1b: Milotic|Protect|p1b: Milotic\n|-singleturn|p1b: Milotic|Protect\n|move|p2b: Garchomp|Earthquake|p1a: Sinistcha|[spread] p1a\n|-activate|p1b: Milotic|move: Protect\n|-immune|p2a: Rotom|[from] ability: Levitate\n|-resisted|p1a: Sinistcha|1\n|-damage|p1a: Sinistcha|80/100\n|move|p2a: Rotom|Volt Switch|p1a: Sinistcha\n|-resisted|p1a: Sinistcha|1\n|-damage|p1a: Sinistcha|55/100\n|\n|t:|1775931393\n|switch|p2a: Floette|Floette-Eternal, L50, F|100/100|[from] Volt Switch\n|\n|-heal|p1b: Milotic|79/100|[from] item: Leftovers\n|upkeep\n|turn|4\n|\n|t:|1775931410\n|detailschange|p2a: Floette|Floette-Mega, L50, F\n|-mega|p2a: Floette|Floette|Floettite\n|-ability|p2a: Floette|Fairy Aura\n|move|p2b: Garchomp|Protect|p2b: Garchomp\n|-singleturn|p2b: Garchomp|Protect\n|move|p2a: Floette|Calm Mind|p2a: Floette\n|-boost|p2a: Floette|spa|1\n|-boost|p2a: Floette|spd|1\n|move|p1b: Milotic|Icy Wind|p2a: Floette|[spread] p2a\n|-activate|p2b: Garchomp|move: Protect\n|-damage|p2a: Floette|94/100\n|-unboost|p2a: Floette|spe|1\n|move|p1a: Sinistcha|Matcha Gotcha|p2a: Floette|[spread] p2a\n|-activate|p2b: Garchomp|move: Protect\n|-damage|p2a: Floette|81/100\n|-heal|p1a: Sinistcha|64/100|[from] drain|[of] p2a: Floette\n|-status|p2a: Floette|brn\n|\n|-heal|p1b: Milotic|85/100|[from] item: Leftovers\n|-damage|p2a: Floette|75/100 brn|[from] brn\n|upkeep\n|turn|5\n|l|\u2606shigeshigetokugawa\n|player|p2|\n|j|\u2606shigeshigetokugawa\n|player|p2|shigeshigetokugawa|ghetsis-gen5bw|\n|inactive|Battle timer is ON: inactive players will automatically lose when time's up. (requested by shigeshigetokugawa)\n|\n|t:|1775931445\n|move|p1b: Milotic|Protect|p1b: Milotic\n|-singleturn|p1b: Milotic|Protect\n|move|p2b: Garchomp|Rock Slide|p1b: Milotic|[spread] \n|-activate|p1b: Milotic|move: Protect\n|-miss|p2b: Garchomp|p1a: Sinistcha\n|move|p2a: Floette|Dazzling Gleam|p1b: Milotic|[spread] p1a\n|-activate|p1b: Milotic|move: Protect\n|-damage|p1a: Sinistcha|0 fnt\n|faint|p1a: Sinistcha\n|\n|-heal|p1b: Milotic|91/100|[from] item: Leftovers\n|-damage|p2a: Floette|69/100 brn|[from] brn\n|-sideend|p2: shigeshigetokugawa|move: Tailwind\n|upkeep\n|\n|t:|1775931462\n|switch|p1a: Sneasler|Sneasler, L50, M|100/100\n|turn|6\n|\n|t:|1775931483\n|move|p2b: Garchomp|Protect|p2b: Garchomp\n|-singleturn|p2b: Garchomp|Protect\n|move|p2a: Floette|Protect|p2a: Floette\n|-singleturn|p2a: Floette|Protect\n|move|p1a: Sneasler|Fake Out|p2a: Floette\n|-activate|p2a: Floette|move: Protect\n|move|p1b: Milotic|Icy Wind|p2b: Garchomp|[spread] \n|-activate|p2a: Floette|move: Protect\n|-activate|p2b: Garchomp|move: Protect\n|\n|-heal|p1b: Milotic|97/100|[from] item: Leftovers\n|-damage|p2a: Floette|63/100 brn|[from] brn\n|upkeep\n|turn|7\n|inactive|jxan66 has 30 seconds left.\n|\n|t:|1775931511\n|switch|p2a: Rotom|Rotom-Wash, L50|64/100\n|move|p2b: Garchomp|Earthquake|p1b: Milotic|[spread] p1a,p1b\n|-immune|p2a: Rotom|[from] ability: Levitate\n|-supereffective|p1a: Sneasler|1\n|-damage|p1a: Sneasler|0 fnt\n|-damage|p1b: Milotic|45/100\n|faint|p1a: Sneasler\n|move|p1b: Milotic|Icy Wind|p2a: Rotom|[spread] p2a,p2b\n|-resisted|p2a: Rotom|1\n|-supereffective|p2b: Garchomp|2\n|-damage|p2a: Rotom|58/100\n|-damage|p2b: Garchomp|42/100\n|-unboost|p2a: Rotom|spe|1\n|-unboost|p2b: Garchomp|spe|1\n|\n|-heal|p1b: Milotic|51/100|[from] item: Leftovers\n|upkeep\n|\n|t:|1775931527\n|switch|p1a: Charizard|Charizard, L50, F|100/100\n|turn|8\n|\n|t:|1775931538\n|switch|p2b: Floette|Floette-Mega, L50, F|63/100 brn\n|-ability|p2b: Floette|Fairy Aura\n|detailschange|p1a: Charizard|Charizard-Mega-X, L50, F\n|-mega|p1a: Charizard|Charizard|Charizardite X\n|move|p1a: Charizard|Dragon Claw|p2b: Floette\n|-immune|p2b: Floette\n|move|p1b: Milotic|Recover|p1b: Milotic\n|-heal|p1b: Milotic|100/100\n|move|p2a: Rotom|Thunderbolt|p1b: Milotic\n|-supereffective|p1b: Milotic|1\n|-damage|p1b: Milotic|43/100\n|\n|-heal|p1b: Milotic|49/100|[from] item: Leftovers\n|-damage|p2b: Floette|57/100 brn|[from] brn\n|upkeep\n|turn|9\n|\n|t:|1775931560\n|move|p1a: Charizard|Protect|p1a: Charizard\n|-singleturn|p1a: Charizard|Protect\n|move|p2b: Floette|Dazzling Gleam|p1a: Charizard|[spread] p1b\n|-activate|p1a: Charizard|move: Protect\n|-damage|p1b: Milotic|10/100\n|move|p1b: Milotic|Recover|p1b: Milotic\n|-heal|p1b: Milotic|60/100\n|move|p2a: Rotom|Thunderbolt|p1b: Milotic\n|-supereffective|p1b: Milotic|1\n|-damage|p1b: Milotic|0 fnt\n|faint|p1b: Milotic\n|\n|-damage|p2b: Floette|50/100 brn|[from] brn\n|upkeep\n|turn|10\n|inactive|jxan66 has 30 seconds left.\n|inactive|jxan66 has 20 seconds left.\n|-message|jxan66 forfeited.\n|\n|win|shigeshigetokugawa\n|raw|jxan66's rating: 1120 &rarr; <strong>1102</strong><br />(-18 for losing)\n|raw|shigeshigetokugawa's rating: 1227 &rarr; <strong>1245</strong><br />(+18 for winning)\n|l|\u2606jxan66\n|player|p1|\n|l|\u2606shigeshigetokugawa\n|player|p2|\n",
  "uploadtime": 1775931632,
  "views": 56,
  "formatid": "gen9championsvgc2026regma",
  "rating": 1102,
  "private": 0,
  "password": null
}