{
  "id": "gen9championsvgc2026regma-2580688894",
  "format": "[Gen 9 Champions] VGC 2026 Reg M-A",
  "players": [
    "sknowing",
    "471 Scyther"
  ],
  "log": "|j|\u203dsknowing\n|j|\u2606471 Scyther\n|t:|1775924434\n|gametype|doubles\n|player|p1|sknowing|n|1071\n|player|p2|471 Scyther|101|1144\n|gen|9\n|tier|[Gen 9 Champions] VGC 2026 Reg M-A\n|rated|\n|rule|Species Clause: Limit one of each Pok\u00e9mon\n|rule|Item Clause: Limit 1 of each item\n|clearpoke\n|poke|p1|Chimecho, L50, M|\n|poke|p1|Kommo-o, L50, M|\n|poke|p1|Incineroar, L50, M|\n|poke|p1|Kingambit, L50, F|\n|poke|p1|Basculegion, L50, M|\n|poke|p1|Noivern, L50, M|\n|poke|p2|Gardevoir, L50, M|\n|poke|p2|Talonflame, L50, F|\n|poke|p2|Garchomp, L50, F|\n|poke|p2|Basculegion, L50, M|\n|poke|p2|Sneasler, L50, M|\n|poke|p2|Orthworm, L50, M|\n|teampreview|4\n|\n|t:|1775924478\n|teamsize|p1|4\n|teamsize|p2|4\n|start\n|switch|p1a: Chimecho|Chimecho, L50, M|100/100\n|switch|p1b: Incineroar|Incineroar, L50, M|100/100\n|switch|p2a: Talonflame|Talonflame, L50, F|100/100\n|switch|p2b: Orthworm|Orthworm, L50, M|100/100\n|-ability|p1b: Incineroar|Intimidate|boost\n|-unboost|p2a: Talonflame|atk|1\n|-unboost|p2b: Orthworm|atk|1\n|turn|1\n|\n|t:|1775924496\n|detailschange|p1a: Chimecho|Chimecho-Mega, L50, M\n|-mega|p1a: Chimecho|Chimecho|Chimechite\n|move|p2a: Talonflame|Tailwind|p2a: Talonflame\n|-sidestart|p2: 471 Scyther|move: Tailwind\n|move|p2b: Orthworm|Shed Tail|p2b: Orthworm\n|-start|p2b: Orthworm|Substitute|[from] move: Shed Tail\n|-damage|p2b: Orthworm|50/100\n|-enditem|p2b: Orthworm|Sitrus Berry|[eat]\n|-heal|p2b: Orthworm|75/100|[from] item: Sitrus Berry\n|\n|t:|1775924504\n|switch|p2b: Gardevoir|Gardevoir, L50, M, shiny|100/100|[from] Shed Tail\n|move|p1b: Incineroar|Flare Blitz|p2b: Gardevoir\n|-end|p2b: Gardevoir|Substitute\n|-damage|p1b: Incineroar|93/100|[from] Recoil|[of] p2b: Gardevoir\n|move|p1a: Chimecho|Trick Room|p1a: Chimecho\n|-fieldstart|move: Trick Room|[of] p1a: Chimecho\n|\n|upkeep\n|turn|2\n|\n|t:|1775924539\n|switch|p2a: Orthworm|Orthworm, L50, M|75/100\n|detailschange|p2b: Gardevoir|Gardevoir-Mega, L50, M, shiny\n|-mega|p2b: Gardevoir|Gardevoir|Gardevoirite\n|move|p1b: Incineroar|Parting Shot|p2a: Orthworm\n|-unboost|p2a: Orthworm|atk|1\n|-unboost|p2a: Orthworm|spa|1\n|\n|t:|1775924548\n|switch|p1b: Kommo-o|Kommo-o, L50, M|100/100|[from] Parting Shot\n|move|p1a: Chimecho|Flash Cannon|p2b: Gardevoir\n|-supereffective|p2b: Gardevoir|1\n|-damage|p2b: Gardevoir|19/100\n|-unboost|p2b: Gardevoir|spd|1\n|move|p2b: Gardevoir|Aura Sphere|p1a: Chimecho\n|-damage|p1a: Chimecho|68/100\n|\n|upkeep\n|turn|3\n|\n|t:|1775924569\n|move|p2b: Gardevoir|Protect|p2b: Gardevoir\n|-singleturn|p2b: Gardevoir|Protect\n|move|p1a: Chimecho|Boomburst|p2b: Gardevoir|[spread] p2a\n|-activate|p2b: Gardevoir|move: Protect\n|-immune|p1b: Kommo-o|[from] ability: Soundproof\n|-resisted|p2a: Orthworm|1\n|-crit|p2a: Orthworm\n|-damage|p2a: Orthworm|43/100\n|move|p1b: Kommo-o|Drain Punch|p2a: Orthworm\n|-supereffective|p2a: Orthworm|1\n|-damage|p2a: Orthworm|0 fnt\n|faint|p2a: Orthworm\n|\n|upkeep\n|\n|t:|1775924582\n|switch|p2a: Sneasler|Sneasler, L50, M|100/100\n|turn|4\n|\n|t:|1775924595\n|switch|p1a: Incineroar|Incineroar, L50, M|93/100\n|-ability|p1a: Incineroar|Intimidate|boost\n|-unboost|p2a: Sneasler|atk|1\n|-unboost|p2b: Gardevoir|atk|1\n|-enditem|p2a: Sneasler|White Herb\n|-clearnegativeboost|p2a: Sneasler|[silent]\n|move|p2a: Sneasler|Fake Out|p1a: Incineroar\n|-damage|p1a: Incineroar|83/100\n|move|p1b: Kommo-o|Poison Jab|p2b: Gardevoir\n|-supereffective|p2b: Gardevoir|1\n|-damage|p2b: Gardevoir|0 fnt\n|faint|p2b: Gardevoir\n|\n|-sideend|p2: 471 Scyther|move: Tailwind\n|upkeep\n|\n|t:|1775924608\n|switch|p2b: Talonflame|Talonflame, L50, F|100/100\n|turn|5\n|\n|t:|1775924622\n|move|p2b: Talonflame|Protect|p2b: Talonflame\n|-singleturn|p2b: Talonflame|Protect\n|move|p2a: Sneasler|Protect|p2a: Sneasler\n|-singleturn|p2a: Sneasler|Protect\n|move|p1a: Incineroar|Parting Shot|p2a: Sneasler\n|-activate|p2a: Sneasler|move: Protect\n|move|p1b: Kommo-o|Clanging Scales|p2b: Talonflame|[spread] \n|-activate|p2a: Sneasler|move: Protect\n|-activate|p2b: Talonflame|move: Protect\n|\n|-fieldend|move: Trick Room\n|upkeep\n|turn|6\n|\n|t:|1775924637\n|move|p2b: Talonflame|Dual Wingbeat|p1b: Kommo-o\n|-supereffective|p1b: Kommo-o|1\n|-damage|p1b: Kommo-o|68/100\n|-supereffective|p1b: Kommo-o|1\n|-damage|p1b: Kommo-o|37/100\n|-hitcount|p1b: Kommo-o|2\n|move|p2a: Sneasler|Close Combat|p1a: Incineroar\n|-supereffective|p1a: Incineroar|1\n|-damage|p1a: Incineroar|0 fnt\n|-unboost|p2a: Sneasler|def|1\n|-unboost|p2a: Sneasler|spd|1\n|faint|p1a: Incineroar\n|move|p1b: Kommo-o|Clanging Scales|p2b: Talonflame|[spread] p2a,p2b\n|-damage|p2a: Sneasler|39/100\n|-damage|p2b: Talonflame|53/100\n|-unboost|p1b: Kommo-o|def|1\n|\n|upkeep\n|\n|t:|1775924644\n|switch|p1a: Chimecho|Chimecho-Mega, L50, M|68/100\n|turn|7\n|\n|t:|1775924664\n|move|p2a: Sneasler|Close Combat|p1a: Chimecho\n|-damage|p1a: Chimecho|13/100\n|-unboost|p2a: Sneasler|def|1\n|-unboost|p2a: Sneasler|spd|1\n|move|p2b: Talonflame|Dual Wingbeat|p1b: Kommo-o\n|-supereffective|p1b: Kommo-o|1\n|-damage|p1b: Kommo-o|0 fnt\n|faint|p1b: Kommo-o\n|-hitcount|p1: Kommo-o|1\n|move|p1a: Chimecho|Boomburst|p2b: Talonflame|[spread] p2a,p2b\n|-damage|p2a: Sneasler|0 fnt\n|-damage|p2b: Talonflame|2/100\n|faint|p2a: Sneasler\n|\n|upkeep\n|\n|t:|1775924666\n|switch|p1b: Basculegion|Basculegion, L50, M, shiny|100/100\n|turn|8\n|\n|t:|1775924678\n|move|p1b: Basculegion|Aqua Jet|p2b: Talonflame\n|-supereffective|p2b: Talonflame|1\n|-damage|p2b: Talonflame|0 fnt\n|faint|p2b: Talonflame\n|\n|win|sknowing\n|raw|sknowing's rating: 1071 &rarr; <strong>1106</strong><br />(+35 for winning)\n|raw|471 Scyther's rating: 1144 &rarr; <strong>1114</strong><br />(-30 for losing)\n|l|\u2606471 Scyther\n|player|p2|\n",
  "uploadtime": 1775924692,
  "views": 13,
  "formatid": "gen9championsvgc2026regma",
  "rating": 1106,
  "private": 0,
  "password": null
}