{
  "id": "gen9championsvgc2026regma-2582653245",
  "format": "[Gen 9 Champions] VGC 2026 Reg M-A",
  "players": [
    "GeneticIvy",
    "Lordarkanum"
  ],
  "log": "|j|\u2606GeneticIvy\n|j|\u2606Lordarkanum\n|html|<table width=\"100%\"><tr><td align=\"left\">GeneticIvy</td><td align=\"right\">Lordarkanum</tr><tr><td align=\"left\"><i class=\"fa fa-circle-o\"></i> <i class=\"fa fa-circle-o\"></i> </td><td align=\"right\"><i class=\"fa fa-circle-o\"></i> <i class=\"fa fa-circle-o\"></i> </tr></table>\n|uhtml|bestof|<h2><strong>Game 1</strong> of <a href=\"/game-bestof3-gen9championsvgc2026regma-2582653244\">a best-of-3</a></h2>\n|t:|1776105143\n|gametype|doubles\n|player|p1|GeneticIvy|beauty-gen6xy|\n|player|p2|Lordarkanum|gambler|\n|gen|9\n|tier|[Gen 9 Champions] VGC 2026 Reg M-A\n|rule|Species Clause: Limit one of each Pok\u00e9mon\n|rule|Item Clause: Limit 1 of each item\n|raw|<div class=\"infobox\"><details class=\"readmore\" open><summary><strong>1 custom rule:</strong></summary> Best of = 3</details></div>\n|clearpoke\n|poke|p1|Medicham, L50, M|\n|poke|p1|Milotic, L50, F|\n|poke|p1|Maushold, L50|\n|poke|p1|Sinistcha, L50|\n|poke|p1|Tauros-Paldea-Blaze, L50, M|\n|poke|p1|Mudsdale, L50, M|\n|poke|p2|Meganium, L50, F|\n|poke|p2|Talonflame, L50, F|\n|poke|p2|Alcremie, L50, F|\n|poke|p2|Araquanid, L50, M|\n|poke|p2|Excadrill, L50, M|\n|poke|p2|Klefki, L50, F|\n|teampreview|4\n|c|\u2606Lordarkanum|glhf\n|c|\u2606GeneticIvy|gl and hf\n|c|\u2606Lordarkanum|kinda figured you would not bring ttar lol. my team is kinda crazy into it\n|c|\u2606GeneticIvy|I almost brought unerve ttar\n|j| k3ksmann\n|c|\u2606Lordarkanum|id have loved that\n|j| djrean\n|c|\u2606GeneticIvy|right? its a cool an interesting thing, not a very incorrect decision\n|\n|t:|1776105213\n|teamsize|p1|4\n|teamsize|p2|4\n|start\n|switch|p1a: Meg|Tauros-Paldea-Blaze, L50, M|100/100\n|switch|p1b: Mike Mitch Mo|Maushold, L50|100/100\n|switch|p2a: Here Comes The Sun|Meganium, L50, F, shiny|100/100\n|switch|p2b: Talonflame|Talonflame, L50, F|100/100\n|-ability|p1a: Meg|Intimidate|boost\n|-unboost|p2a: Here Comes The Sun|atk|1\n|-unboost|p2b: Talonflame|atk|1\n|turn|1\n|j| Bardo52\n|c| Bardo52|I just hope both teams lose\n|\n|t:|1776105256\n|switch|p1a: Moxie|Medicham, L50, M|100/100\n|switch|p2b: Excadrill|Excadrill, L50, M|100/100\n|detailschange|p2a: Here Comes The Sun|Meganium-Mega, L50, F, shiny\n|-mega|p2a: Here Comes The Sun|Meganium|Meganiumite\n|move|p2a: Here Comes The Sun|Protect|p2a: Here Comes The Sun\n|-singleturn|p2a: Here Comes The Sun|Protect\n|move|p1b: Mike Mitch Mo|Tidy Up|p1b: Mike Mitch Mo\n|-boost|p1b: Mike Mitch Mo|atk|1\n|-boost|p1b: Mike Mitch Mo|spe|1\n|\n|upkeep\n|turn|2\n|\n|t:|1776105291\n|switch|p2a: Talonflame|Talonflame, L50, F|100/100\n|detailschange|p1a: Moxie|Medicham-Mega, L50, M\n|-mega|p1a: Moxie|Medicham|Medichamite\n|move|p1b: Mike Mitch Mo|Bullet Seed|p2b: Excadrill\n|-crit|p2b: Excadrill\n|-damage|p2b: Excadrill|73/100\n|-damage|p2b: Excadrill|55/100\n|-damage|p2b: Excadrill|35/100\n|-damage|p2b: Excadrill|17/100\n|-hitcount|p2b: Excadrill|4\n|move|p2b: Excadrill|High Horsepower|p1a: Moxie\n|-damage|p1a: Moxie|45/100\n|move|p1a: Moxie|Poison Jab|p2a: Talonflame\n|-damage|p2a: Talonflame|56/100\n|\n|upkeep\n|turn|3\n|\n|t:|1776105329\n|move|p1b: Mike Mitch Mo|Population Bomb|p2a: Talonflame\n|-damage|p2a: Talonflame|37/100\n|-damage|p2a: Talonflame|18/100\n|-status|p1b: Mike Mitch Mo|brn|[from] ability: Flame Body|[of] p2a: Talonflame\n|-crit|p2a: Talonflame\n|-damage|p2a: Talonflame|2/100\n|-damage|p2a: Talonflame|0 fnt\n|faint|p2a: Talonflame\n|-hitcount|p2: Talonflame|4\n|move|p2b: Excadrill|High Horsepower|p1a: Moxie\n|-damage|p1a: Moxie|0 fnt\n|faint|p1a: Moxie\n|\n|-damage|p1b: Mike Mitch Mo|95/100 brn|[from] brn\n|upkeep\n|\n|t:|1776105345\n|switch|p2a: Here Comes The Sun|Meganium-Mega, L50, F, shiny|100/100\n|switch|p1a: Meg|Tauros-Paldea-Blaze, L50, M|100/100\n|-ability|p1a: Meg|Intimidate|boost\n|-unboost|p2a: Here Comes The Sun|atk|1\n|-unboost|p2b: Excadrill|atk|1\n|turn|4\n|\n|t:|1776105358\n|move|p1b: Mike Mitch Mo|Bullet Seed|p2b: Excadrill\n|-crit|p2b: Excadrill\n|-damage|p2b: Excadrill|3/100\n|-crit|p2b: Excadrill\n|-damage|p2b: Excadrill|0 fnt\n|faint|p2b: Excadrill\n|-hitcount|p2: Excadrill|2\n|move|p1a: Meg|Flare Blitz|p2a: Here Comes The Sun\n|-supereffective|p2a: Here Comes The Sun|1\n|-damage|p2a: Here Comes The Sun|11/100\n|-damage|p1a: Meg|64/100|[from] Recoil\n|move|p2a: Here Comes The Sun|Dazzling Gleam|p1a: Meg|[spread] p1a,p1b\n|-crit|p1b: Mike Mitch Mo\n|-damage|p1a: Meg|6/100\n|-damage|p1b: Mike Mitch Mo|15/100 brn\n|\n|-damage|p1b: Mike Mitch Mo|9/100 brn|[from] brn\n|upkeep\n|\n|t:|1776105361\n|switch|p2b: Alcremie|Alcremie, L50, F|100/100\n|turn|5\n|\n|t:|1776105378\n|switch|p1a: Miss Matcha|Sinistcha, L50|100/100\n|move|p2a: Here Comes The Sun|Protect|p2a: Here Comes The Sun\n|-singleturn|p2a: Here Comes The Sun|Protect\n|move|p1b: Mike Mitch Mo|Population Bomb|p2b: Alcremie\n|-damage|p2b: Alcremie|94/100\n|-damage|p2b: Alcremie|87/100\n|-damage|p2b: Alcremie|78/100\n|-damage|p2b: Alcremie|71/100\n|-damage|p2b: Alcremie|64/100\n|-damage|p2b: Alcremie|56/100\n|-hitcount|p2b: Alcremie|6\n|move|p2b: Alcremie|Dazzling Gleam|p1b: Mike Mitch Mo|[spread] p1a,p1b\n|-damage|p1a: Miss Matcha|75/100\n|-damage|p1b: Mike Mitch Mo|0 fnt\n|faint|p1b: Mike Mitch Mo\n|\n|upkeep\n|\n|t:|1776105394\n|switch|p1b: Meg|Tauros-Paldea-Blaze, L50, M|6/100\n|-ability|p1b: Meg|Intimidate|boost\n|-unboost|p2a: Here Comes The Sun|atk|1\n|-unboost|p2b: Alcremie|atk|1\n|turn|6\n|\n|t:|1776105413\n|move|p2a: Here Comes The Sun|Protect|p2a: Here Comes The Sun\n|-singleturn|p2a: Here Comes The Sun|Protect\n|move|p1b: Meg|Raging Bull|p2a: Here Comes The Sun\n|-activate|p2a: Here Comes The Sun|move: Protect\n|move|p2b: Alcremie|Dazzling Gleam|p1b: Meg|[spread] p1a,p1b\n|-damage|p1a: Miss Matcha|49/100\n|-damage|p1b: Meg|0 fnt\n|faint|p1b: Meg\n|move|p1a: Miss Matcha|Matcha Gotcha|p2a: Here Comes The Sun|[spread] p2b\n|-activate|p2a: Here Comes The Sun|move: Protect\n|-damage|p2b: Alcremie|33/100\n|-heal|p1a: Miss Matcha|61/100|[from] drain|[of] p2b: Alcremie\n|-enditem|p2b: Alcremie|Sitrus Berry|[eat]\n|-heal|p2b: Alcremie|58/100|[from] item: Sitrus Berry\n|\n|upkeep\n|turn|7\n|\n|t:|1776105429\n|move|p2a: Here Comes The Sun|Weather Ball|p1a: Miss Matcha\n|-supereffective|p1a: Miss Matcha|1\n|-damage|p1a: Miss Matcha|0 fnt\n|faint|p1a: Miss Matcha\n|\n|win|Lordarkanum\n||GeneticIvy is ready for game 2.\n||Lordarkanum is ready for game 2.\n|uhtml|next|Next: <a href=\"/battle-gen9championsvgc2026regma-2582657902\"><strong>Game 2 of 3</strong></a>\n|l| Bardo52\n",
  "uploadtime": 1776105661,
  "views": 23,
  "formatid": "gen9championsvgc2026regma",
  "rating": null,
  "private": 0,
  "password": null
}