{
  "id": "gen9championsvgc2026regma-2582767332",
  "format": "[Gen 9 Champions] VGC 2026 Reg M-A",
  "players": [
    "Miojo",
    "BigPurplePops"
  ],
  "log": "|j|\u2606Miojo\n|j|\u2606BigPurplePops\n|t:|1776112677\n|gametype|doubles\n|player|p1|Miojo|#irly|1000\n|player|p2|BigPurplePops|marshal|1083\n|gen|9\n|tier|[Gen 9 Champions] VGC 2026 Reg M-A\n|rated|\n|rule|Species Clause: Limit one of each Pok\u00e9mon\n|rule|Item Clause: Limit 1 of each item\n|clearpoke\n|poke|p1|Greninja-*, L50, F|\n|poke|p1|Glaceon, L50, F|\n|poke|p1|Ninetales-Alola, L50, F|\n|poke|p1|Incineroar, L50, M|\n|poke|p1|Whimsicott, L50, M|\n|poke|p1|Froslass, L50, F|\n|poke|p2|Crabominable, L50, M|\n|poke|p2|Chandelure, L50, F|\n|poke|p2|Slowking, L50, M|\n|poke|p2|Starmie, L50|\n|poke|p2|Maushold, L50|\n|poke|p2|Garchomp, L50, M|\n|teampreview|4\n|inactive|Battle timer is ON: inactive players will automatically lose when time's up. (requested by Miojo)\nMiojo rejected open team sheets.\n|c|\u2606BigPurplePops|Glhf\n|c|\u2606Miojo|u2\n|j| ghiteoff\n|j| mendigodaesquina\n|inactive|Miojo has 60 seconds left.\n|inactive|BigPurplePops has 60 seconds left.\n|inactive|Miojo has 30 seconds left.\n|inactive|BigPurplePops has 30 seconds left.\n|inactive|Miojo has 20 seconds left.\n|\n|t:|1776112754\n|teamsize|p1|4\n|teamsize|p2|4\n|start\n|switch|p1a: Incineroar|Incineroar, L50, M, shiny|100/100\n|switch|p1b: Whimsicott|Whimsicott, L50, M, shiny|100/100\n|switch|p2a: Slowking|Slowking, L50, M|100/100\n|switch|p2b: Chandelure|Chandelure, L50, F|100/100\n|-ability|p1a: Incineroar|Intimidate|boost\n|-unboost|p2a: Slowking|atk|1\n|-unboost|p2b: Chandelure|atk|1\n|turn|1\n|\n|t:|1776112767\n|move|p1b: Whimsicott|Tailwind|p1b: Whimsicott\n|-sidestart|p1: Miojo|move: Tailwind\n|move|p1a: Incineroar|Darkest Lariat|p2b: Chandelure\n|-supereffective|p2b: Chandelure|1\n|-damage|p2b: Chandelure|36/100\n|move|p2b: Chandelure|Overheat|p1b: Whimsicott|[miss]\n|-miss|p2b: Chandelure|p1b: Whimsicott\n|move|p2a: Slowking|Trick Room|p2a: Slowking\n|-fieldstart|move: Trick Room|[of] p2a: Slowking\n|\n|upkeep\n|turn|2\n|\n|t:|1776112787\n|move|p1b: Whimsicott|Encore|p2a: Slowking\n|-start|p2a: Slowking|Encore\n|-enditem|p2a: Slowking|Mental Herb\n|-end|p2a: Slowking|Encore\n|-prepare|p2a: Slowking|Chilly Reception|[premajor]\n|move|p2a: Slowking|Chilly Reception|p2a: Slowking\n|-weather|Snowscape\n|\n|t:|1776112794\n|switch|p2a: Crabominable|Crabominable, L50, M|100/100|[from] Chilly Reception\n|move|p2b: Chandelure|Overheat|p1b: Whimsicott\n|-supereffective|p1b: Whimsicott|1\n|-damage|p1b: Whimsicott|0 fnt\n|-unboost|p2b: Chandelure|spa|2\n|faint|p1b: Whimsicott\n|move|p1a: Incineroar|Darkest Lariat|p2a: Crabominable\n|-resisted|p2a: Crabominable|1\n|-damage|p2a: Crabominable|88/100\n|\n|-weather|Snowscape|[upkeep]\n|upkeep\n|\n|t:|1776112798\n|switch|p1b: Ninetales|Ninetales-Alola, L50, F, shiny|100/100\n|turn|3\n|\n|t:|1776112820\n|detailschange|p2a: Crabominable|Crabominable-Mega, L50, M\n|-mega|p2a: Crabominable|Crabominable|Crabominite\n|move|p2a: Crabominable|Rock Slide|p1b: Ninetales|[spread] p1a,p1b\n|-supereffective|p1a: Incineroar|1\n|-supereffective|p1b: Ninetales|1\n|-damage|p1a: Incineroar|61/100\n|-damage|p1b: Ninetales|48/100\n|move|p2b: Chandelure|Overheat|p1b: Ninetales\n|-supereffective|p1b: Ninetales|1\n|-damage|p1b: Ninetales|0 fnt\n|-unboost|p2b: Chandelure|spa|2\n|faint|p1b: Ninetales\n|move|p1a: Incineroar|Flare Blitz|p2a: Crabominable\n|-supereffective|p2a: Crabominable|1\n|-damage|p2a: Crabominable|31/100\n|-damage|p1a: Incineroar|39/100|[from] Recoil\n|\n|-weather|Snowscape|[upkeep]\n|upkeep\n|\n|t:|1776112826\n|switch|p1b: Greninja|Greninja, L50, F, shiny|100/100\n|turn|4\n|\n|t:|1776112840\n|detailschange|p1b: Greninja|Greninja-Mega, L50, F, shiny\n|-mega|p1b: Greninja|Greninja|Greninjite\n|move|p1b: Greninja|Water Shuriken|p2a: Crabominable\n|-start|p1b: Greninja|typechange|Water|[from] ability: Protean\n|-damage|p2a: Crabominable|25/100\n|-damage|p2a: Crabominable|18/100\n|-damage|p2a: Crabominable|10/100\n|-damage|p2a: Crabominable|4/100\n|-hitcount|p2a: Crabominable|4\n|move|p2a: Crabominable|Drain Punch|p1b: Greninja\n|-damage|p1b: Greninja|10/100\n|-heal|p2a: Crabominable|37/100|[from] drain|[of] p1b: Greninja\n|move|p2b: Chandelure|Memento|p1a: Incineroar\n|-unboost|p1a: Incineroar|atk|2\n|-unboost|p1a: Incineroar|spa|2\n|faint|p2b: Chandelure\n|move|p1a: Incineroar|Darkest Lariat|p2a: Crabominable\n|-resisted|p2a: Crabominable|1\n|-damage|p2a: Crabominable|32/100\n|\n|-weather|Snowscape|[upkeep]\n|-sideend|p1: Miojo|move: Tailwind\n|upkeep\n|\n|t:|1776112865\n|switch|p2b: Slowking|Slowking, L50, M|100/100\n|turn|5\n|\n|t:|1776112873\n|move|p2a: Crabominable|Protect|p2a: Crabominable\n|-singleturn|p2a: Crabominable|Protect\n|move|p1b: Greninja|Water Shuriken|p2a: Crabominable\n|-activate|p2a: Crabominable|move: Protect\n|move|p2b: Slowking|Psychic Noise|p1b: Greninja\n|-damage|p1b: Greninja|0 fnt\n|faint|p1b: Greninja\n|move|p1a: Incineroar|Darkest Lariat|p2b: Slowking\n|-supereffective|p2b: Slowking|1\n|-damage|p2b: Slowking|74/100\n|\n|-weather|Snowscape|[upkeep]\n|-fieldend|move: Trick Room\n|upkeep\n|turn|6\n|-message|Miojo forfeited.\n|\n|win|BigPurplePops\n|raw|Miojo's rating: 1000 &rarr; <strong>1000</strong><br />(+0 for losing)\n|raw|BigPurplePops's rating: 1083 &rarr; <strong>1104</strong><br />(+21 for winning)\n|l| ghiteoff\n|l|\u2606Miojo\n|player|p1|\n|c|\u2606BigPurplePops|Gg\n|l| mendigodaesquina\n",
  "uploadtime": 1776112894,
  "views": 13,
  "formatid": "gen9championsvgc2026regma",
  "rating": 1000,
  "private": 0,
  "password": null
}