{
  "id": "gen9championsvgc2026regma-2588485979",
  "format": "[Gen 9 Champions] VGC 2026 Reg M-A",
  "players": [
    "lessa_ped",
    "HaruTwinleaf"
  ],
  "log": "|j|\u2606lessa_ped\n|j|\u2606HaruTwinleaf\n|t:|1776637831\n|gametype|doubles\n|player|p1|lessa_ped|101|1052\n|player|p2|HaruTwinleaf|cyrus|1027\n|gen|9\n|tier|[Gen 9 Champions] VGC 2026 Reg M-A\n|rated|\n|rule|Species Clause: Limit one of each Pok\u00e9mon\n|rule|Item Clause: Limit 1 of each item\n|clearpoke\n|poke|p1|Archaludon, L50, F, shiny|\n|poke|p1|Pelipper, L50, M, shiny|\n|poke|p1|Sneasler, L50, F, shiny|\n|poke|p1|Incineroar, L50, F, shiny|\n|poke|p1|Basculegion, L50, M, shiny|\n|poke|p1|Meganium, L50, M|\n|poke|p2|Raichu-Alola, L50, M|\n|poke|p2|Empoleon, L50, M|\n|poke|p2|Volcarona, L50, F|\n|poke|p2|Tauros-Paldea-Combat, L50, M|\n|poke|p2|Rotom-Wash, L50, shiny|\n|poke|p2|Lycanroc-Dusk, L50, M|\n|teampreview|4\n|inactive|Battle timer is ON: inactive players will automatically lose when time's up. (requested by HaruTwinleaf)\n|inactive|lessa_ped has 60 seconds left.\n|\n|t:|1776637882\n|teamsize|p1|4\n|teamsize|p2|4\n|start\n|switch|p1a: Meganium|Meganium, L50, M|100/100\n|switch|p1b: Incineroar|Incineroar, L50, F, shiny|100/100\n|switch|p2a: Empoleon|Empoleon, L50, M|100/100\n|switch|p2b: Volcarona|Volcarona, L50, F|100/100\n|-ability|p1b: Incineroar|Intimidate|boost\n|-unboost|p2a: Empoleon|atk|1\n|-ability|p2a: Empoleon|Competitive|boost\n|-boost|p2a: Empoleon|spa|2\n|-unboost|p2b: Volcarona|atk|1\n|turn|1\n|inactive|lessa_ped has 30 seconds left.\n|\n|t:|1776637916\n|switch|p1b: Pelipper|Pelipper, L50, M, shiny|100/100\n|-weather|RainDance|[from] ability: Drizzle|[of] p1b: Pelipper\n|move|p1a: Meganium|Protect|p1a: Meganium\n|-singleturn|p1a: Meganium|Protect\n|move|p2a: Empoleon|Vacuum Wave|p1b: Pelipper\n|-resisted|p1b: Pelipper|1\n|-damage|p1b: Pelipper|82/100\n|move|p2b: Volcarona|Fiery Dance|p1a: Meganium\n|-activate|p1a: Meganium|move: Protect\n|\n|-weather|RainDance|[upkeep]\n|upkeep\n|turn|2\n|\n|t:|1776637940\n|detailschange|p1a: Meganium|Meganium-Mega, L50, M\n|-mega|p1a: Meganium|Meganium|Meganiumite\n|move|p2b: Volcarona|Fiery Dance|p1a: Meganium\n|-supereffective|p1a: Meganium|1\n|-damage|p1a: Meganium|74/100\n|-boost|p2b: Volcarona|spa|1\n|move|p1b: Pelipper|Tailwind|p1b: Pelipper\n|-sidestart|p1: lessa_ped|move: Tailwind\n|move|p1a: Meganium|Solar Beam||[still]\n|-prepare|p1a: Meganium|Solar Beam\n|-activate|p1a: Meganium|ability: Mega Sol\n|-anim|p1a: Meganium|Solar Beam|p2a: Empoleon\n|-damage|p2a: Empoleon|42/100\n|move|p2a: Empoleon|Ice Beam|p1a: Meganium\n|-supereffective|p1a: Meganium|1\n|-damage|p1a: Meganium|0 fnt\n|faint|p1a: Meganium\n|-heal|p2a: Empoleon|51/100|[from] item: Shell Bell|[of] p1: Meganium\n|\n|-weather|RainDance|[upkeep]\n|upkeep\n|\n|t:|1776637959\n|switch|p1a: Basculegion|Basculegion, L50, M, shiny|100/100\n|turn|3\n|\n|t:|1776637970\n|move|p2b: Volcarona|Protect|p2b: Volcarona\n|-singleturn|p2b: Volcarona|Protect\n|move|p1a: Basculegion|Last Respects|p2a: Empoleon\n|-damage|p2a: Empoleon|0 fnt\n|faint|p2a: Empoleon\n|move|p1b: Pelipper|Weather Ball|p2b: Volcarona\n|-activate|p2b: Volcarona|move: Protect\n|\n|-weather|RainDance|[upkeep]\n|upkeep\n|\n|t:|1776637980\n|switch|p2a: Raichu|Raichu-Alola, L50, M|100/100\n|turn|4\n|\n|t:|1776637991\n|move|p1a: Basculegion|Last Respects|p2a: Raichu\n|-supereffective|p2a: Raichu|1\n|-damage|p2a: Raichu|0 fnt\n|faint|p2a: Raichu\n|move|p1b: Pelipper|Weather Ball|p2b: Volcarona\n|-supereffective|p2b: Volcarona|1\n|-damage|p2b: Volcarona|37/100\n|move|p2b: Volcarona|Bug Buzz|p1a: Basculegion\n|-resisted|p1a: Basculegion|1\n|-damage|p1a: Basculegion|67/100\n|\n|-weather|RainDance|[upkeep]\n|-heal|p2b: Volcarona|43/100|[from] item: Leftovers\n|upkeep\n|\n|t:|1776638003\n|switch|p2a: Tauros|Tauros-Paldea-Combat, L50, M|100/100\n|-ability|p2a: Tauros|Intimidate|boost\n|-unboost|p1a: Basculegion|atk|1\n|-unboost|p1b: Pelipper|atk|1\n|turn|5\n|\n|t:|1776638019\n|move|p2b: Volcarona|Protect|p2b: Volcarona\n|-singleturn|p2b: Volcarona|Protect\n|move|p1a: Basculegion|Wave Crash|p2b: Volcarona\n|-activate|p2b: Volcarona|move: Protect\n|move|p1b: Pelipper|Hurricane|p2a: Tauros\n|-supereffective|p2a: Tauros|1\n|-damage|p2a: Tauros|0 fnt\n|faint|p2a: Tauros\n|\n|-weather|none\n|-heal|p2b: Volcarona|49/100|[from] item: Leftovers\n|-sideend|p1: lessa_ped|move: Tailwind\n|upkeep\n|turn|6\n|\n|t:|1776638034\n|move|p1a: Basculegion|Wave Crash|p2b: Volcarona\n|-supereffective|p2b: Volcarona|1\n|-damage|p2b: Volcarona|0 fnt\n|faint|p2b: Volcarona\n|-damage|p1a: Basculegion|51/100|[from] Recoil\n|\n|win|lessa_ped\n|raw|lessa_ped's rating: 1052 &rarr; <strong>1082</strong><br />(+30 for winning)\n|raw|HaruTwinleaf's rating: 1027 &rarr; <strong>1014</strong><br />(-13 for losing)\n",
  "uploadtime": 1776638036,
  "views": 9,
  "formatid": "gen9championsvgc2026regma",
  "rating": 1014,
  "private": 0,
  "password": null
}