{
  "id": "gen9championsvgc2026regma-2587716899",
  "format": "[Gen 9 Champions] VGC 2026 Reg M-A",
  "players": [
    "stupidlyunlucky",
    "idiota.mp3"
  ],
  "log": "|j|\u2606stupidlyunlucky\n|j|\u2606idiota.mp3\n|t:|1776556874\n|gametype|doubles\n|player|p1|stupidlyunlucky|265|1000\n|player|p2|idiota.mp3|buck|1037\n|gen|9\n|tier|[Gen 9 Champions] VGC 2026 Reg M-A\n|rated|\n|rule|Species Clause: Limit one of each Pok\u00e9mon\n|rule|Item Clause: Limit 1 of each item\n|clearpoke\n|poke|p1|Flapple, L50, F|\n|poke|p1|Sableye, L50, M|\n|poke|p1|Glalie, L50, F|\n|poke|p1|Gyarados, L50, F|\n|poke|p1|Tyranitar, L50, F|\n|poke|p1|Excadrill, L50, M|\n|poke|p2|Sableye, L50, M|\n|poke|p2|Toxapex, L50, M|\n|poke|p2|Clefable, L50, F|\n|poke|p2|Gliscor, L50, F|\n|poke|p2|Whimsicott, L50, M|\n|poke|p2|Farigiraf, L50, M|\n|teampreview|4\n|inactive|Battle timer is ON: inactive players will automatically lose when time's up. (requested by stupidlyunlucky)\n|\n|t:|1776556896\n|teamsize|p1|4\n|teamsize|p2|4\n|start\n|switch|p1a: Glalie|Glalie, L50, F|100/100\n|switch|p1b: Flapple|Flapple, L50, F|100/100\n|switch|p2a: Whimsicott|Whimsicott, L50, M|100/100\n|switch|p2b: Sableye|Sableye, L50, M|100/100\n|turn|1\n|inactive|idiota.mp3 has 30 seconds left.\n|\n|t:|1776556924\n|detailschange|p1a: Glalie|Glalie-Mega, L50, F\n|-mega|p1a: Glalie|Glalie|Glalitite\n|move|p1b: Flapple|Protect|p1b: Flapple\n|-singleturn|p1b: Flapple|Protect\n|move|p1a: Glalie|Explosion|p2a: Whimsicott|[spread] p2a,p2b\n|-activate|p1b: Flapple|move: Protect\n|-supereffective|p2a: Whimsicott|1\n|-enditem|p2a: Whimsicott|Focus Sash\n|-damage|p2a: Whimsicott|1/100\n|-damage|p2b: Sableye|0 fnt\n|faint|p1a: Glalie\n|faint|p2b: Sableye\n|move|p2a: Whimsicott|Trick Room|p2a: Whimsicott\n|-fieldstart|move: Trick Room|[of] p2a: Whimsicott\n|\n|upkeep\n|\n|t:|1776556943\n|switch|p2b: Gliscor|Gliscor, L50, F|100/100\n|switch|p1a: Sableye|Sableye, L50, M|100/100\n|turn|2\n|\n|t:|1776556958\n|switch|p1b: Gyarados|Gyarados, L50, F|100/100\n|-ability|p1b: Gyarados|Intimidate|boost\n|-unboost|p2a: Whimsicott|atk|1\n|-unboost|p2b: Gliscor|atk|1\n|move|p1a: Sableye|Will-O-Wisp|p2b: Gliscor\n|-status|p2b: Gliscor|brn\n|move|p2b: Gliscor|Toxic|p1a: Sableye\n|-status|p1a: Sableye|tox\n|move|p2a: Whimsicott|Endeavor|p1b: Gyarados\n|-damage|p1b: Gyarados|1/100\n|\n|-damage|p1a: Sableye|95/100 tox|[from] psn\n|-damage|p2b: Gliscor|95/100 brn|[from] brn\n|upkeep\n|turn|3\n|\n|t:|1776556982\n|move|p1b: Gyarados|Protect|p1b: Gyarados\n|-singleturn|p1b: Gyarados|Protect\n|move|p1a: Sableye|Light Screen|p1a: Sableye\n|-sidestart|p1: stupidlyunlucky|move: Light Screen\n|move|p2a: Whimsicott|Taunt|p1a: Sableye\n|-hint|Since gen 7, Dark is immune to Prankster moves.\n|-immune|p1a: Sableye\n|move|p2b: Gliscor|Earthquake|p1b: Gyarados|[spread] p2a,p1a\n|-activate|p1b: Gyarados|move: Protect\n|-resisted|p2a: Whimsicott|1\n|-damage|p2a: Whimsicott|0 fnt\n|-damage|p1a: Sableye|80/100 tox\n|faint|p2a: Whimsicott\n|\n|-heal|p1a: Sableye|86/100 tox|[from] item: Leftovers\n|-damage|p1a: Sableye|74/100 tox|[from] psn\n|-damage|p2b: Gliscor|89/100 brn|[from] brn\n|upkeep\n|\n|t:|1776556999\n|switch|p2a: Toxapex|Toxapex, L50, M|100/100\n|turn|4\n|\n|t:|1776557009\n|move|p1a: Sableye|Gravity|p1a: Sableye\n|-fieldstart|move: Gravity\n|move|p2a: Toxapex|Muddy Water|p1b: Gyarados|[spread] p1a,p1b\n|-resisted|p1b: Gyarados|1\n|-damage|p1a: Sableye|61/100 tox\n|-damage|p1b: Gyarados|0 fnt\n|faint|p1b: Gyarados\n|move|p2b: Gliscor|Substitute|p2b: Gliscor\n|-start|p2b: Gliscor|Substitute\n|-damage|p2b: Gliscor|64/100 brn\n|\n|-heal|p1a: Sableye|67/100 tox|[from] item: Leftovers\n|-damage|p1a: Sableye|49/100 tox|[from] psn\n|-damage|p2b: Gliscor|58/100 brn|[from] brn\n|upkeep\n|\n|t:|1776557013\n|switch|p1b: Flapple|Flapple, L50, F|100/100\n|turn|5\n|\n|t:|1776557027\n|move|p2a: Toxapex|Baneful Bunker|p2a: Toxapex\n|-singleturn|p2a: Toxapex|move: Protect\n|move|p1b: Flapple|Protect|p1b: Flapple\n|-singleturn|p1b: Flapple|Protect\n|move|p1a: Sableye|Will-O-Wisp|p2a: Toxapex\n|-activate|p2a: Toxapex|move: Protect\n|move|p2b: Gliscor|Toxic|p1b: Flapple\n|-activate|p1b: Flapple|move: Protect\n|\n|-heal|p1a: Sableye|55/100 tox|[from] item: Leftovers\n|-damage|p1a: Sableye|31/100 tox|[from] psn\n|-damage|p2b: Gliscor|52/100 brn|[from] brn\n|-fieldend|move: Trick Room\n|upkeep\n|turn|6\n|\n|t:|1776557044\n|move|p1a: Sableye|Will-O-Wisp|p2a: Toxapex\n|-status|p2a: Toxapex|brn\n|move|p2b: Gliscor|Toxic|p1b: Flapple\n|-status|p1b: Flapple|tox\n|move|p1b: Flapple|Grav Apple|p2a: Toxapex\n|-damage|p2a: Toxapex|34/100 brn\n|-unboost|p2a: Toxapex|def|1\n|move|p2a: Toxapex|Recover|p2a: Toxapex\n|-heal|p2a: Toxapex|84/100 brn\n|\n|-heal|p1a: Sableye|37/100 tox|[from] item: Leftovers\n|-heal|p2a: Toxapex|90/100 brn|[from] item: Leftovers\n|-damage|p1b: Flapple|94/100 tox|[from] psn\n|-damage|p1a: Sableye|7/100 tox|[from] psn\n|-damage|p2b: Gliscor|47/100 brn|[from] brn\n|-damage|p2a: Toxapex|84/100 brn|[from] brn\n|upkeep\n|turn|7\n|\n|t:|1776557067\n|move|p2a: Toxapex|Baneful Bunker|p2a: Toxapex\n|-singleturn|p2a: Toxapex|move: Protect\n|move|p1a: Sableye|Will-O-Wisp|p2a: Toxapex\n|-activate|p2a: Toxapex|move: Protect\n|move|p2b: Gliscor|Earthquake|p1b: Flapple|[spread] p1a,p1b\n|-activate|p2a: Toxapex|move: Protect\n|-resisted|p1b: Flapple|1\n|-damage|p1a: Sableye|0 fnt\n|-damage|p1b: Flapple|88/100 tox\n|faint|p1a: Sableye\n|move|p1b: Flapple|Dual Wingbeat|p2b: Gliscor\n|-activate|p2b: Gliscor|move: Substitute|[damage]\n|-end|p2b: Gliscor|Substitute\n|-hitcount|p2b: Gliscor|2\n|\n|-heal|p2a: Toxapex|90/100 brn|[from] item: Leftovers\n|-damage|p1b: Flapple|75/100 tox|[from] psn\n|-damage|p2b: Gliscor|41/100 brn|[from] brn\n|-damage|p2a: Toxapex|84/100 brn|[from] brn\n|-sideend|p1: stupidlyunlucky|move: Light Screen\n|upkeep\n|turn|8\n|inactive|idiota.mp3 has 30 seconds left.\n|\n|t:|1776557098\n|move|p2b: Gliscor|Protect|p2b: Gliscor\n|-singleturn|p2b: Gliscor|Protect\n|move|p1b: Flapple|Grav Apple|p2a: Toxapex\n|-damage|p2a: Toxapex|0 fnt\n|faint|p2a: Toxapex\n|\n|-damage|p1b: Flapple|57/100 tox|[from] psn\n|-damage|p2b: Gliscor|35/100 brn|[from] brn\n|-fieldend|move: Gravity\n|upkeep\n|turn|9\n|\n|t:|1776557112\n|move|p2b: Gliscor|Protect|p2b: Gliscor\n|-singleturn|p2b: Gliscor|Protect\n|move|p1b: Flapple|Grav Apple|p2b: Gliscor\n|-activate|p2b: Gliscor|move: Protect\n|\n|-damage|p1b: Flapple|32/100 tox|[from] psn\n|-damage|p2b: Gliscor|29/100 brn|[from] brn\n|upkeep\n|turn|10\n|\n|t:|1776557124\n|move|p2b: Gliscor|Substitute|p2b: Gliscor\n|-start|p2b: Gliscor|Substitute\n|-damage|p2b: Gliscor|4/100 brn\n|move|p1b: Flapple|Grav Apple|p2b: Gliscor\n|-end|p2b: Gliscor|Substitute\n|\n|-damage|p1b: Flapple|2/100 tox|[from] psn\n|-damage|p2b: Gliscor|0 fnt|[from] brn\n|faint|p2b: Gliscor\n|\n|win|stupidlyunlucky\n|raw|stupidlyunlucky's rating: 1000 &rarr; <strong>1044</strong><br />(+44 for winning)\n|raw|idiota.mp3's rating: 1037 &rarr; <strong>1020</strong><br />(-17 for losing)\n",
  "uploadtime": 1776557132,
  "views": 20,
  "formatid": "gen9championsvgc2026regma",
  "rating": 1020,
  "private": 0,
  "password": null
}