{
  "id": "gen9championsvgc2026regma-2580746056",
  "format": "[Gen 9 Champions] VGC 2026 Reg M-A",
  "players": [
    "Danilo-chan",
    "sammg"
  ],
  "log": "|j|\u2606Danilo-chan\n|j|\u2606sammg\n|t:|1775929077\n|gametype|doubles\n|player|p1|Danilo-chan|dancer|1156\n|player|p2|sammg|101|1254\n|gen|9\n|tier|[Gen 9 Champions] VGC 2026 Reg M-A\n|rated|\n|rule|Species Clause: Limit one of each Pok\u00e9mon\n|rule|Item Clause: Limit 1 of each item\n|clearpoke\n|poke|p1|Altaria, L50, M|\n|poke|p1|Garchomp, L50, M|\n|poke|p1|Kingambit, L50, F|\n|poke|p1|Talonflame, L50, M|\n|poke|p1|Farigiraf, L50, F|\n|poke|p1|Sinistcha, L50|\n|poke|p2|Maushold-Four, L50|\n|poke|p2|Floette-Eternal, L50, F|\n|poke|p2|Garchomp, L50, M|\n|poke|p2|Talonflame, L50, M|\n|poke|p2|Rotom-Wash, L50|\n|poke|p2|Aegislash, L50, M|\n|teampreview|4\n|inactive|Battle timer is ON: inactive players will automatically lose when time's up. (requested by sammg)\n|inactive|Danilo-chan also wants the timer to be on.\n|inactive|Danilo-chan has 60 seconds left.\n|inactive|sammg has 60 seconds left.\n|inactive|Danilo-chan has 30 seconds left.\n|inactive|Danilo-chan has 20 seconds left.\n|inactive|Danilo-chan has 15 seconds left.\n|inactive|Danilo-chan has 10 seconds left.\n|\n|t:|1775929162\n|teamsize|p1|4\n|teamsize|p2|4\n|start\n|switch|p1a: Talonflame|Talonflame, L50, M|100/100\n|switch|p1b: Garchomp|Garchomp, L50, M|100/100\n|switch|p2a: Garchomp|Garchomp, L50, M|100/100\n|switch|p2b: Talonflame|Talonflame, L50, M|100/100\n|turn|1\n|inactive|sammg has 30 seconds left.\n|inactive|Danilo-chan has 30 seconds left.\n|inactive|sammg has 20 seconds left.\n|inactive|sammg has 15 seconds left.\n|\n|t:|1775929202\n|switch|p1b: Kingambit|Kingambit, L50, F|100/100\n|move|p2b: Talonflame|Protect|p2b: Talonflame\n|-singleturn|p2b: Talonflame|Protect\n|move|p1a: Talonflame|Will-O-Wisp|p2a: Garchomp\n|-status|p2a: Garchomp|brn\n|move|p2a: Garchomp|Stone Edge|p1a: Talonflame\n|-supereffective|p1a: Talonflame|2\n|-enditem|p1a: Talonflame|Charti Berry|[eat]\n|-enditem|p1a: Talonflame|Charti Berry|[weaken]\n|-damage|p1a: Talonflame|45/100\n|\n|-damage|p2a: Garchomp|95/100 brn|[from] brn\n|upkeep\n|turn|2\n|inactive|Danilo-chan has 30 seconds left.\n|\n|t:|1775929237\n|switch|p1a: Farigiraf|Farigiraf, L50, F|100/100\n|move|p2b: Talonflame|Acrobatics||[still]\n|cant|p1a: Farigiraf|ability: Armor Tail|Acrobatics|[of] p2b: Talonflame\n|move|p2a: Garchomp|Stomping Tantrum|p1b: Kingambit\n|-supereffective|p1b: Kingambit|1\n|-damage|p1b: Kingambit|67/100\n|move|p1b: Kingambit|Kowtow Cleave|p2b: Talonflame\n|-crit|p2b: Talonflame\n|-damage|p2b: Talonflame|0 fnt\n|faint|p2b: Talonflame\n|\n|-damage|p2a: Garchomp|89/100 brn|[from] brn\n|upkeep\n|\n|t:|1775929249\n|switch|p2b: Maushold|Maushold-Four, L50|100/100\n|turn|3\n|\n|t:|1775929261\n|move|p1b: Kingambit|Protect|p1b: Kingambit\n|-singleturn|p1b: Kingambit|Protect\n|move|p2b: Maushold|Super Fang|p1b: Kingambit\n|-activate|p1b: Kingambit|move: Protect\n|move|p2a: Garchomp|Stomping Tantrum|p1b: Kingambit\n|-activate|p1b: Kingambit|move: Protect\n|move|p1a: Farigiraf|Foul Play|p2a: Garchomp\n|-damage|p2a: Garchomp|63/100 brn\n|-damage|p1a: Farigiraf|88/100|[from] ability: Rough Skin|[of] p2a: Garchomp\n|\n|-damage|p2a: Garchomp|57/100 brn|[from] brn\n|upkeep\n|turn|4\n|\n|t:|1775929279\n|move|p1a: Farigiraf|Helping Hand|p1b: Kingambit\n|-singleturn|p1b: Kingambit|Helping Hand|[of] p1a: Farigiraf\n|move|p1b: Kingambit|Sucker Punch|p2a: Garchomp\n|-damage|p2a: Garchomp|10/100 brn\n|-damage|p1b: Kingambit|55/100|[from] ability: Rough Skin|[of] p2a: Garchomp\n|move|p2b: Maushold|Super Fang|p1a: Farigiraf\n|-damage|p1a: Farigiraf|44/100\n|-enditem|p1a: Farigiraf|Sitrus Berry|[eat]\n|-heal|p1a: Farigiraf|69/100|[from] item: Sitrus Berry\n|move|p2a: Garchomp|Stomping Tantrum|p1b: Kingambit\n|-supereffective|p1b: Kingambit|1\n|-damage|p1b: Kingambit|20/100\n|\n|-damage|p2a: Garchomp|4/100 brn|[from] brn\n|upkeep\n|turn|5\n|inactive|sammg has 30 seconds left.\n|\n|t:|1775929305\n|move|p1b: Kingambit|Protect|p1b: Kingambit\n|-singleturn|p1b: Kingambit|Protect\n|move|p2b: Maushold|Follow Me|p2b: Maushold\n|-singleturn|p2b: Maushold|move: Follow Me\n|move|p2a: Garchomp|Stomping Tantrum|p1b: Kingambit\n|-activate|p1b: Kingambit|move: Protect\n|move|p1a: Farigiraf|Twin Beam|p2b: Maushold\n|-damage|p2b: Maushold|82/100\n|-damage|p2b: Maushold|62/100\n|-hitcount|p2b: Maushold|2\n|\n|-damage|p2a: Garchomp|0 fnt|[from] brn\n|faint|p2a: Garchomp\n|upkeep\n|\n|t:|1775929311\n|switch|p2a: Floette|Floette-Eternal, L50, F|100/100\n|turn|6\n|\n|t:|1775929336\n|switch|p1b: Talonflame|Talonflame, L50, M|45/100\n|detailschange|p2a: Floette|Floette-Mega, L50, F\n|-mega|p2a: Floette|Floette|Floettite\n|-ability|p2a: Floette|Fairy Aura\n|move|p2b: Maushold|Follow Me|p2b: Maushold\n|-singleturn|p2b: Maushold|move: Follow Me\n|move|p2a: Floette|Dazzling Gleam|p1b: Talonflame|[spread] p1a,p1b\n|-resisted|p1b: Talonflame|1\n|-damage|p1a: Farigiraf|18/100\n|-damage|p1b: Talonflame|5/100\n|move|p1a: Farigiraf|Trick Room|p1a: Farigiraf\n|-fieldstart|move: Trick Room|[of] p1a: Farigiraf\n|\n|upkeep\n|turn|7\n|inactive|Danilo-chan has 30 seconds left.\n|inactive|sammg has 30 seconds left.\n|\n|t:|1775929377\n|move|p2b: Maushold|Protect|p2b: Maushold\n|-singleturn|p2b: Maushold|Protect\n|move|p1a: Farigiraf|Twin Beam|p2b: Maushold\n|-activate|p2b: Maushold|move: Protect\n|move|p2a: Floette|Dazzling Gleam|p1b: Talonflame|[spread] p1a,p1b\n|-resisted|p1b: Talonflame|1\n|-damage|p1a: Farigiraf|0 fnt\n|-damage|p1b: Talonflame|0 fnt\n|faint|p1a: Farigiraf\n|faint|p1b: Talonflame\n|\n|upkeep\n|\n|t:|1775929385\n|switch|p1a: Garchomp|Garchomp, L50, M|100/100\n|switch|p1b: Kingambit|Kingambit, L50, F|20/100\n|turn|8\n|\n|t:|1775929396\n|move|p2b: Maushold|Follow Me|p2b: Maushold\n|-singleturn|p2b: Maushold|move: Follow Me\n|move|p1b: Kingambit|Iron Head|p2b: Maushold\n|-damage|p2b: Maushold|11/100\n|move|p2a: Floette|Dazzling Gleam|p1a: Garchomp|[spread] p1a,p1b\n|-supereffective|p1a: Garchomp|1\n|-damage|p1a: Garchomp|0 fnt\n|-damage|p1b: Kingambit|0 fnt\n|faint|p1a: Garchomp\n|faint|p1b: Kingambit\n|\n|win|sammg\n|raw|Danilo-chan's rating: 1156 &rarr; <strong>1138</strong><br />(-18 for losing)\n|raw|sammg's rating: 1254 &rarr; <strong>1272</strong><br />(+18 for winning)\n|l|\u2606sammg\n|player|p2|\n|l|\u2606Danilo-chan\n|player|p1|\n",
  "uploadtime": 1775929431,
  "views": 70,
  "formatid": "gen9championsvgc2026regma",
  "rating": 1138,
  "private": 0,
  "password": null
}