{
  "id": "gen9championsvgc2026regma-2588897337",
  "format": "[Gen 9 Champions] VGC 2026 Reg M-A",
  "players": [
    "bludemon13",
    "Cindy HK"
  ],
  "log": "|j|\u2606bludemon13\n|j|\u2606Cindy HK\n|t:|1776683649\n|gametype|doubles\n|player|p1|bludemon13|170|1112\n|player|p2|Cindy HK|101|1186\n|gen|9\n|tier|[Gen 9 Champions] VGC 2026 Reg M-A\n|rated|\n|rule|Species Clause: Limit one of each Pok\u00e9mon\n|rule|Item Clause: Limit 1 of each item\n|clearpoke\n|poke|p1|Tyranitar, L50, M|\n|poke|p1|Farigiraf, L50, M|\n|poke|p1|Machamp, L50, F|\n|poke|p1|Skeledirge, L50, M|\n|poke|p1|Steelix, L50, F|\n|poke|p1|Mimikyu, L50, F|\n|poke|p2|Excadrill, L50, F|\n|poke|p2|Tyranitar, L50, F|\n|poke|p2|Corviknight, L50, M|\n|poke|p2|Hydreigon, L50, F|\n|poke|p2|Rotom-Wash, L50|\n|poke|p2|Mimikyu, L50, M|\n|teampreview|4\n|inactive|Battle timer is ON: inactive players will automatically lose when time's up. (requested by bludemon13)\n|\n|t:|1776683694\n|teamsize|p1|4\n|teamsize|p2|4\n|start\n|switch|p1a: Farigiraf|Farigiraf, L50, M|100/100\n|switch|p1b: Steelix|Steelix, L50, F|100/100\n|switch|p2a: Corviknight|Corviknight, L50, M|100/100\n|switch|p2b: Rotom|Rotom-Wash, L50|100/100\n|turn|1\n|\n|t:|1776683707\n|move|p1b: Steelix|Protect|p1b: Steelix\n|-singleturn|p1b: Steelix|Protect\n|move|p2b: Rotom|Will-O-Wisp|p1b: Steelix\n|-activate|p1b: Steelix|move: Protect\n|move|p2a: Corviknight|Iron Defense|p2a: Corviknight\n|-boost|p2a: Corviknight|def|2\n|move|p1a: Farigiraf|Trick Room|p1a: Farigiraf\n|-fieldstart|move: Trick Room|[of] p1a: Farigiraf\n|\n|upkeep\n|turn|2\n|\n|t:|1776683728\n|detailschange|p1b: Steelix|Steelix-Mega, L50, F\n|-mega|p1b: Steelix|Steelix|Steelixite\n|move|p2b: Rotom|Protect|p2b: Rotom\n|-singleturn|p2b: Rotom|Protect\n|move|p1b: Steelix|Iron Defense|p1b: Steelix\n|-boost|p1b: Steelix|def|2\n|move|p1a: Farigiraf|Light Screen|p1a: Farigiraf\n|-sidestart|p1: bludemon13|move: Light Screen\n|move|p2a: Corviknight|Iron Defense|p2a: Corviknight\n|-boost|p2a: Corviknight|def|2\n|\n|upkeep\n|turn|3\n|\n|t:|1776683743\n|move|p1b: Steelix|Body Press|p2a: Corviknight\n|-damage|p2a: Corviknight|77/100\n|move|p1a: Farigiraf|Twin Beam|p2b: Rotom\n|-damage|p2b: Rotom|83/100\n|-damage|p2b: Rotom|66/100\n|-hitcount|p2b: Rotom|2\n|move|p2a: Corviknight|Iron Defense|p2a: Corviknight\n|-boost|p2a: Corviknight|def|2\n|move|p2b: Rotom|Will-O-Wisp|p1b: Steelix\n|-status|p1b: Steelix|brn\n|\n|-heal|p2a: Corviknight|83/100|[from] item: Leftovers\n|-damage|p1b: Steelix|94/100 brn|[from] brn\n|upkeep\n|turn|4\n|inactive|bludemon13 has 30 seconds left.\n|inactive|Cindy HK has 30 seconds left.\n|inactive|Cindy HK has 20 seconds left.\n|\n|t:|1776683779\n|move|p1b: Steelix|Iron Defense|p1b: Steelix\n|-boost|p1b: Steelix|def|2\n|move|p1a: Farigiraf|Twin Beam|p2b: Rotom\n|-crit|p2b: Rotom\n|-damage|p2b: Rotom|43/100\n|-enditem|p2b: Rotom|Sitrus Berry|[eat]\n|-heal|p2b: Rotom|67/100|[from] item: Sitrus Berry\n|-damage|p2b: Rotom|50/100\n|-hitcount|p2b: Rotom|2\n|move|p2a: Corviknight|Body Press|p1a: Farigiraf\n|-damage|p1a: Farigiraf|36/100\n|move|p2b: Rotom|Hydro Pump|p1b: Steelix\n|-supereffective|p1b: Steelix|1\n|-damage|p1b: Steelix|41/100 brn\n|\n|-heal|p2a: Corviknight|89/100|[from] item: Leftovers\n|-damage|p1b: Steelix|35/100 brn|[from] brn\n|upkeep\n|turn|5\n|inactive|bludemon13 has 30 seconds left.\n|\n|t:|1776683811\n|move|p1a: Farigiraf|Protect|p1a: Farigiraf\n|-singleturn|p1a: Farigiraf|Protect\n|move|p2b: Rotom|Protect|p2b: Rotom\n|-singleturn|p2b: Rotom|Protect\n|move|p1b: Steelix|Body Press|p2b: Rotom\n|-activate|p2b: Rotom|move: Protect\n|move|p2a: Corviknight|Roost|p2a: Corviknight\n|-heal|p2a: Corviknight|100/100\n|-singleturn|p2a: Corviknight|move: Roost\n|\n|-damage|p1b: Steelix|29/100 brn|[from] brn\n|-fieldend|move: Trick Room\n|upkeep\n|turn|6\n|\n|t:|1776683836\n|move|p2b: Rotom|Hydro Pump|p1b: Steelix\n|-supereffective|p1b: Steelix|1\n|-damage|p1b: Steelix|0 fnt\n|faint|p1b: Steelix\n|move|p2a: Corviknight|Body Press|p1a: Farigiraf\n|-damage|p1a: Farigiraf|0 fnt\n|faint|p1a: Farigiraf\n|\n|-sideend|p1: bludemon13|move: Light Screen\n|upkeep\n|\n|t:|1776683839\n|switch|p1a: Machamp|Machamp, L50, F|100/100\n|switch|p1b: Mimikyu|Mimikyu, L50, F|100/100\n|turn|7\n|-message|bludemon13 forfeited.\n|\n|win|Cindy HK\n|raw|bludemon13's rating: 1112 &rarr; <strong>1092</strong><br />(-20 for losing)\n|raw|Cindy HK's rating: 1186 &rarr; <strong>1206</strong><br />(+20 for winning)\n|l|\u2606bludemon13\n|player|p1|\n",
  "uploadtime": 1776683851,
  "views": 11,
  "formatid": "gen9championsvgc2026regma",
  "rating": 1092,
  "private": 0,
  "password": null
}