{
  "id": "gen9championsvgc2026regma-2586133956",
  "format": "[Gen 9 Champions] VGC 2026 Reg M-A",
  "players": [
    "jamppa500",
    "SilverVT"
  ],
  "log": "|j|\u2606jamppa500\n|j|\u2606SilverVT\n|t:|1776403194\n|gametype|doubles\n|player|p1|jamppa500|hiker|1448\n|player|p2|SilverVT|silver-masters|1490\n|gen|9\n|tier|[Gen 9 Champions] VGC 2026 Reg M-A\n|rated|\n|rule|Species Clause: Limit one of each Pok\u00e9mon\n|rule|Item Clause: Limit 1 of each item\n|clearpoke\n|poke|p1|Gardevoir, L50, F|\n|poke|p1|Kingambit, L50, F|\n|poke|p1|Milotic, L50, F|\n|poke|p1|Zoroark-Hisui, L50, F|\n|poke|p1|Machamp, L50, M|\n|poke|p1|Glimmora, L50, M|\n|poke|p2|Whimsicott, L50, F|\n|poke|p2|Gardevoir, L50, M|\n|poke|p2|Garchomp, L50, M|\n|poke|p2|Incineroar, L50, F|\n|poke|p2|Sneasler, L50, F|\n|poke|p2|Farigiraf, L50, F|\n|teampreview|4\n|inactive|Battle timer is ON: inactive players will automatically lose when time's up. (requested by SilverVT)\n|inactive|SilverVT has 60 seconds left.\n|\n|t:|1776403230\n|teamsize|p1|4\n|teamsize|p2|4\n|start\n|switch|p1a: Machamp|Machamp, L50, M|100/100\n|switch|p1b: Milotic|Milotic, L50, F|100/100\n|switch|p2a: Whimsicott|Whimsicott, L50, F|100/100\n|switch|p2b: Garchomp|Garchomp, L50, M|100/100\n|turn|1\n|inactive|SilverVT has 30 seconds left.\n|\n|t:|1776403263\n|move|p2a: Whimsicott|Protect|p2a: Whimsicott\n|-singleturn|p2a: Whimsicott|Protect\n|move|p1a: Machamp|Icy Wind|p2a: Whimsicott|[spread] p2b\n|-activate|p2a: Whimsicott|move: Protect\n|-supereffective|p2b: Garchomp|2\n|-damage|p2b: Garchomp|35/100\n|-unboost|p2b: Garchomp|spe|1\n|move|p1b: Milotic|Ice Beam|p2b: Garchomp\n|-supereffective|p2b: Garchomp|2\n|-damage|p2b: Garchomp|0 fnt\n|faint|p2b: Garchomp\n|\n|upkeep\n|\n|t:|1776403275\n|switch|p2b: Gardevoir|Gardevoir, L50, M|100/100\n|-ability|p2b: Gardevoir|Competitive|Trace|[from] ability: Trace|[of] p1b: Milotic\n|turn|2\n|\n|t:|1776403285\n|move|p2b: Gardevoir|Protect|p2b: Gardevoir\n|-singleturn|p2b: Gardevoir|Protect\n|move|p2a: Whimsicott|Tailwind|p2a: Whimsicott\n|-sidestart|p2: SilverVT|move: Tailwind\n|move|p1a: Machamp|Icy Wind|p2a: Whimsicott|[spread] p2a\n|-activate|p2b: Gardevoir|move: Protect\n|-supereffective|p2a: Whimsicott|1\n|-damage|p2a: Whimsicott|48/100\n|-unboost|p2a: Whimsicott|spe|1\n|move|p1b: Milotic|Ice Beam|p2a: Whimsicott\n|-supereffective|p2a: Whimsicott|1\n|-crit|p2a: Whimsicott\n|-damage|p2a: Whimsicott|0 fnt\n|faint|p2a: Whimsicott\n|\n|upkeep\n|\n|t:|1776403297\n|switch|p2a: Sneasler|Sneasler, L50, F|100/100\n|turn|3\n|\n|t:|1776403304\n|detailschange|p2b: Gardevoir|Gardevoir-Mega, L50, M\n|-mega|p2b: Gardevoir|Gardevoir|Gardevoirite\n|move|p2a: Sneasler|Dire Claw|p1a: Machamp\n|-resisted|p1a: Machamp|1\n|-damage|p1a: Machamp|57/100\n|replace|p1a: Zoroark|Zoroark-Hisui, L50, F\n|-end|p1a: Zoroark|Illusion\n|move|p2b: Gardevoir|Hyper Voice|p1b: Milotic|[spread] p1a,p1b\n|-damage|p1a: Zoroark|0 fnt\n|-damage|p1b: Milotic|58/100\n|faint|p1a: Zoroark\n|move|p1b: Milotic|Icy Wind|p2a: Sneasler|[spread] p2a,p2b\n|-damage|p2a: Sneasler|84/100\n|-damage|p2b: Gardevoir|91/100\n|-unboost|p2a: Sneasler|spe|1\n|-unboost|p2b: Gardevoir|spe|1\n|-enditem|p2a: Sneasler|White Herb\n|-clearnegativeboost|p2a: Sneasler|[silent]\n|\n|-heal|p1b: Milotic|64/100|[from] item: Leftovers\n|upkeep\n|\n|t:|1776403315\n|switch|p1a: Machamp|Machamp, L50, M|100/100\n|turn|4\n|\n|t:|1776403322\n|move|p1a: Machamp|Wide Guard|p1a: Machamp\n|-singleturn|p1a: Machamp|Wide Guard\n|move|p2a: Sneasler|Dire Claw|p1b: Milotic\n|-damage|p1b: Milotic|15/100\n|move|p2b: Gardevoir|Hyper Voice|p1a: Machamp|[spread] \n|-activate|p1a: Machamp|move: Wide Guard\n|-activate|p1b: Milotic|move: Wide Guard\n|move|p1b: Milotic|Icy Wind|p2b: Gardevoir|[spread] p2b\n|-miss|p1b: Milotic|p2a: Sneasler\n|-damage|p2b: Gardevoir|82/100\n|-unboost|p2b: Gardevoir|spe|1\n|\n|-heal|p1b: Milotic|21/100|[from] item: Leftovers\n|upkeep\n|turn|5\n|\n|t:|1776403346\n|move|p2a: Sneasler|Dire Claw|p1b: Milotic\n|-damage|p1b: Milotic|0 fnt\n|faint|p1b: Milotic\n|move|p2b: Gardevoir|Expanding Force|p1a: Machamp\n|-supereffective|p1a: Machamp|1\n|-enditem|p1a: Machamp|Focus Sash\n|-damage|p1a: Machamp|1/100\n|move|p1a: Machamp|Dynamic Punch|p2a: Sneasler\n|-resisted|p2a: Sneasler|1\n|-damage|p2a: Sneasler|38/100\n|-start|p2a: Sneasler|confusion\n|\n|-sideend|p2: SilverVT|move: Tailwind\n|upkeep\n|\n|t:|1776403358\n|switch|p1b: Gardevoir|Gardevoir, L50, F, shiny|100/100\n|turn|6\n|\n|t:|1776403370\n|detailschange|p1b: Gardevoir|Gardevoir-Mega, L50, F, shiny\n|-mega|p1b: Gardevoir|Gardevoir|Gardevoirite\n|move|p1a: Machamp|Bullet Punch|p2a: Sneasler\n|-damage|p2a: Sneasler|12/100\n|-activate|p2a: Sneasler|confusion\n|-damage|p2a: Sneasler|0 fnt|[from] confusion\n|faint|p2a: Sneasler\n|move|p1b: Gardevoir|Hyper Voice|p2b: Gardevoir\n|-damage|p2b: Gardevoir|27/100\n|move|p2b: Gardevoir|Hyper Voice|p1b: Gardevoir|[spread] p1a,p1b\n|-supereffective|p1a: Machamp|1\n|-damage|p1a: Machamp|0 fnt\n|-damage|p1b: Gardevoir|52/100\n|faint|p1a: Machamp\n|\n|upkeep\n|turn|7\n|j| gokua2\n|-message|SilverVT forfeited.\n|\n|win|jamppa500\n|raw|jamppa500's rating: 1448 &rarr; <strong>1470</strong><br />(+22 for winning)\n|raw|SilverVT's rating: 1490 &rarr; <strong>1468</strong><br />(-22 for losing)\n|l|\u2606SilverVT\n|player|p2|\n|l|\u2606jamppa500\n|player|p1|\n",
  "uploadtime": 1776403499,
  "views": 50,
  "formatid": "gen9championsvgc2026regma",
  "rating": 1468,
  "private": 0,
  "password": null
}