{
  "id": "gen9championsvgc2026regma-2580556532",
  "format": "[Gen 9 Champions] VGC 2026 Reg M-A",
  "players": [
    "Alaskan_fisher",
    "RyushinYuki"
  ],
  "log": "|j|\u2606Alaskan_fisher\n|j|\u2606RyushinYuki\n|t:|1775912504\n|gametype|doubles\n|player|p1|Alaskan_fisher|1|1160\n|player|p2|RyushinYuki|cynthia-masters|1229\n|gen|9\n|tier|[Gen 9 Champions] VGC 2026 Reg M-A\n|rated|\n|rule|Species Clause: Limit one of each Pok\u00e9mon\n|rule|Item Clause: Limit 1 of each item\n|clearpoke\n|poke|p1|Charizard, L50, M|\n|poke|p1|Garchomp, L50, M|\n|poke|p1|Incineroar, L50, M|\n|poke|p1|Whimsicott, L50, F|\n|poke|p1|Rotom-Wash, L50|\n|poke|p1|Sneasler, L50, M|\n|poke|p2|Corviknight, L50, F|\n|poke|p2|Tyranitar, L50, F|\n|poke|p2|Excadrill, L50, F|\n|poke|p2|Meganium, L50, M|\n|poke|p2|Sneasler, L50, F|\n|poke|p2|Rotom-Wash, L50|\n|teampreview|4\nAlaskan_fisher has agreed to open team sheets.\n|\n|t:|1775912569\n|teamsize|p1|4\n|teamsize|p2|4\n|start\n|switch|p1a: Garchomp|Garchomp, L50, M|100/100\n|switch|p1b: Charizard|Charizard, L50, M|100/100\n|switch|p2a: Rotom|Rotom-Wash, L50|100/100\n|switch|p2b: Sneasler|Sneasler, L50, F|100/100\n|turn|1\n|j| whitetimeshadow\n|l| whitetimeshadow\n|\n|t:|1775912598\n|move|p1b: Charizard|Protect|p1b: Charizard\n|-singleturn|p1b: Charizard|Protect\n|move|p2b: Sneasler|Fake Out|p1a: Garchomp\n|-damage|p1a: Garchomp|83/100\n|-damage|p2b: Sneasler|88/100|[from] ability: Rough Skin|[of] p1a: Garchomp\n|cant|p1a: Garchomp|flinch\n|move|p2a: Rotom|Will-O-Wisp|p1a: Garchomp\n|-status|p1a: Garchomp|brn\n|\n|-damage|p1a: Garchomp|77/100 brn|[from] brn\n|upkeep\n|turn|2\n|\n|t:|1775912626\n|detailschange|p1b: Charizard|Charizard-Mega-Y, L50, M\n|-mega|p1b: Charizard|Charizard|Charizardite Y\n|-weather|SunnyDay|[from] ability: Drought|[of] p1b: Charizard\n|move|p1a: Garchomp|Bulldoze|p2a: Rotom|[spread] p2b\n|-immune|p1b: Charizard\n|-immune|p2a: Rotom|[from] ability: Levitate\n|-supereffective|p2b: Sneasler|1\n|-damage|p2b: Sneasler|47/100\n|-unboost|p2b: Sneasler|spe|1\n|-enditem|p2b: Sneasler|White Herb\n|-clearnegativeboost|p2b: Sneasler|[silent]\n|move|p2b: Sneasler|Close Combat|p1a: Garchomp\n|-crit|p1a: Garchomp\n|-damage|p1a: Garchomp|0 fnt\n|-unboost|p2b: Sneasler|def|1\n|-unboost|p2b: Sneasler|spd|1\n|-damage|p2b: Sneasler|35/100|[from] ability: Rough Skin|[of] p1a: Garchomp\n|faint|p1a: Garchomp\n|move|p1b: Charizard|Solar Beam||[still]\n|-prepare|p1b: Charizard|Solar Beam\n|-anim|p1b: Charizard|Solar Beam|p2a: Rotom\n|-supereffective|p2a: Rotom|1\n|-damage|p2a: Rotom|0 fnt\n|faint|p2a: Rotom\n|\n|-weather|SunnyDay|[upkeep]\n|upkeep\n|\n|t:|1775912659\n|switch|p1a: Incineroar|Incineroar, L50, M|100/100\n|switch|p2a: Tyranitar|Tyranitar, L50, F|100/100\n|-weather|Sandstorm|[from] ability: Sand Stream|[of] p2a: Tyranitar\n|-ability|p1a: Incineroar|Intimidate|boost\n|-unboost|p2a: Tyranitar|atk|1\n|-unboost|p2b: Sneasler|atk|1\n|turn|3\n|\n|t:|1775912689\n|move|p2b: Sneasler|Protect|p2b: Sneasler\n|-singleturn|p2b: Sneasler|Protect\n|move|p1a: Incineroar|Fake Out|p2a: Tyranitar\n|-resisted|p2a: Tyranitar|1\n|-damage|p2a: Tyranitar|95/100\n|move|p1b: Charizard|Overheat|p2b: Sneasler\n|-activate|p2b: Sneasler|move: Protect\n|cant|p2a: Tyranitar|flinch\n|\n|-weather|Sandstorm|[upkeep]\n|-damage|p2b: Sneasler|29/100|[from] Sandstorm\n|-damage|p1b: Charizard|95/100|[from] Sandstorm\n|-damage|p1a: Incineroar|95/100|[from] Sandstorm\n|upkeep\n|turn|4\n|\n|t:|1775912714\n|switch|p1b: Sneasler|Sneasler, L50, M|100/100\n|move|p2b: Sneasler|Close Combat|p1a: Incineroar\n|-supereffective|p1a: Incineroar|1\n|-damage|p1a: Incineroar|10/100\n|-unboost|p2b: Sneasler|def|1\n|-unboost|p2b: Sneasler|spd|1\n|-enditem|p1a: Incineroar|Sitrus Berry|[eat]\n|-heal|p1a: Incineroar|35/100|[from] item: Sitrus Berry\n|move|p2a: Tyranitar|Rock Slide|p1a: Incineroar|[spread] p1b\n|-miss|p2a: Tyranitar|p1a: Incineroar\n|-resisted|p1b: Sneasler|1\n|-damage|p1b: Sneasler|82/100\n|move|p1a: Incineroar|Flare Blitz|p2b: Sneasler\n|-damage|p2b: Sneasler|0 fnt\n|faint|p2b: Sneasler\n|-damage|p1a: Incineroar|28/100|[from] Recoil\n|\n|-weather|Sandstorm|[upkeep]\n|-damage|p1b: Sneasler|76/100|[from] Sandstorm\n|-damage|p1a: Incineroar|22/100|[from] Sandstorm\n|upkeep\n|\n|t:|1775912731\n|switch|p2b: Excadrill|Excadrill, L50, F|100/100\n|turn|5\n|\n|t:|1775912773\n|move|p1b: Sneasler|Protect|p1b: Sneasler\n|-singleturn|p1b: Sneasler|Protect\n|move|p2a: Tyranitar|Protect|p2a: Tyranitar\n|-singleturn|p2a: Tyranitar|Protect\n|move|p2b: Excadrill|Earthquake|p1b: Sneasler|[spread] p1a\n|-activate|p2a: Tyranitar|move: Protect\n|-activate|p1b: Sneasler|move: Protect\n|-supereffective|p1a: Incineroar|1\n|-damage|p1a: Incineroar|0 fnt\n|faint|p1a: Incineroar\n|\n|-weather|Sandstorm|[upkeep]\n|-damage|p1b: Sneasler|70/100|[from] Sandstorm\n|upkeep\n|\n|t:|1775912783\n|switch|p1a: Charizard|Charizard-Mega-Y, L50, M|95/100\n|-weather|SunnyDay|[from] ability: Drought|[of] p1a: Charizard\n|turn|6\n|\n|t:|1775912794\n|detailschange|p2a: Tyranitar|Tyranitar-Mega, L50, F\n|-mega|p2a: Tyranitar|Tyranitar|Tyranitarite\n|-weather|Sandstorm|[from] ability: Sand Stream|[of] p2a: Tyranitar\n|move|p2b: Excadrill|High Horsepower|p1b: Sneasler\n|-supereffective|p1b: Sneasler|1\n|-damage|p1b: Sneasler|0 fnt\n|faint|p1b: Sneasler\n|move|p1a: Charizard|Weather Ball|p2b: Excadrill\n|-resisted|p2b: Excadrill|2\n|-damage|p2b: Excadrill|85/100\n|move|p2a: Tyranitar|Rock Slide|p1a: Charizard\n|-supereffective|p1a: Charizard|2\n|-crit|p1a: Charizard\n|-damage|p1a: Charizard|0 fnt\n|faint|p1a: Charizard\n|\n|win|RyushinYuki\n|raw|Alaskan_fisher's rating: 1160 &rarr; <strong>1140</strong><br />(-20 for losing)\n|raw|RyushinYuki's rating: 1229 &rarr; <strong>1249</strong><br />(+20 for winning)\n",
  "uploadtime": 1775912802,
  "views": 82,
  "formatid": "gen9championsvgc2026regma",
  "rating": 1140,
  "private": 0,
  "password": null
}