{
  "id": "gen9championsvgc2026regma-2581852804",
  "format": "[Gen 9 Champions] VGC 2026 Reg M-A",
  "players": [
    "Battlemoose32",
    "Timeline Lugia"
  ],
  "log": "|j|\u2606Battlemoose32\n|j|\u2606Timeline Lugia\n|t:|1776033802\n|gametype|doubles\n|player|p1|Battlemoose32|cynthia-gen4|1000\n|player|p2|Timeline Lugia|cynthia|1000\n|gen|9\n|tier|[Gen 9 Champions] VGC 2026 Reg M-A\n|rated|\n|rule|Species Clause: Limit one of each Pok\u00e9mon\n|rule|Item Clause: Limit 1 of each item\n|clearpoke\n|poke|p1|Zoroark-Hisui, L50, M|\n|poke|p1|Whimsicott, L50, M|\n|poke|p1|Archaludon, L50, F|\n|poke|p1|Incineroar, L50, M|\n|poke|p1|Pelipper, L50, F|\n|poke|p1|Dragonite, L50, F|\n|poke|p2|Froslass, L50, F|\n|poke|p2|Garchomp, L50, M|\n|poke|p2|Kingambit, L50, F|\n|poke|p2|Sinistcha, L50|\n|poke|p2|Aerodactyl, L50, F|\n|poke|p2|Primarina, L50, M|\n|teampreview|4\n|inactive|Battle timer is ON: inactive players will automatically lose when time's up. (requested by Battlemoose32)\n|inactive|Timeline Lugia also wants the timer to be on.\n|inactive|Battlemoose32 has 60 seconds left.\n|inactive|Timeline Lugia has 60 seconds left.\n|\n|t:|1776033852\n|teamsize|p1|4\n|teamsize|p2|4\n|start\n|switch|p1a: Pelipper|Pelipper, L50, F|100/100\n|switch|p1b: Archaludon|Archaludon, L50, F|100/100\n|switch|p2a: Aerodactyl|Aerodactyl, L50, F|100/100\n|switch|p2b: Kingambit|Kingambit, L50, F|100/100\n|-ability|p2a: Aerodactyl|Unnerve\n|-weather|RainDance|[from] ability: Drizzle|[of] p1a: Pelipper\n|turn|1\n|\n|t:|1776033875\n|move|p2a: Aerodactyl|Tailwind|p2a: Aerodactyl\n|-sidestart|p2: Timeline Lugia|move: Tailwind\n|move|p2b: Kingambit|Kowtow Cleave|p1b: Archaludon\n|-damage|p1b: Archaludon|57/100\n|-ability|p1b: Archaludon|Stamina|boost\n|-boost|p1b: Archaludon|def|1\n|move|p1b: Archaludon|Electro Shot||[still]\n|-prepare|p1b: Archaludon|Electro Shot\n|-boost|p1b: Archaludon|spa|1\n|-anim|p1b: Archaludon|Electro Shot|p2a: Aerodactyl\n|-supereffective|p2a: Aerodactyl|1\n|-enditem|p2a: Aerodactyl|Focus Sash\n|-damage|p2a: Aerodactyl|1/100\n|move|p1a: Pelipper|Tailwind|p1a: Pelipper\n|-sidestart|p1: Battlemoose32|move: Tailwind\n|\n|-weather|RainDance|[upkeep]\n|upkeep\n|turn|2\n|inactive|Timeline Lugia has 30 seconds left.\n|\n|t:|1776033901\n|move|p2a: Aerodactyl|Rock Slide|p1b: Archaludon|[spread] p1a,p1b\n|-supereffective|p1a: Pelipper|1\n|-resisted|p1b: Archaludon|1\n|-damage|p1a: Pelipper|32/100\n|-damage|p1b: Archaludon|52/100\n|-ability|p1b: Archaludon|Stamina|boost\n|-boost|p1b: Archaludon|def|1\n|move|p1b: Archaludon|Electro Shot||[still]\n|-prepare|p1b: Archaludon|Electro Shot\n|-boost|p1b: Archaludon|spa|1\n|-anim|p1b: Archaludon|Electro Shot|p2b: Kingambit\n|-damage|p2b: Kingambit|14/100\n|move|p1a: Pelipper|Weather Ball|p2a: Aerodactyl\n|-supereffective|p2a: Aerodactyl|1\n|-damage|p2a: Aerodactyl|0 fnt\n|faint|p2a: Aerodactyl\n|move|p2b: Kingambit|Kowtow Cleave|p1b: Archaludon\n|-damage|p1b: Archaludon|30/100\n|-ability|p1b: Archaludon|Stamina|boost\n|-boost|p1b: Archaludon|def|1\n|\n|-weather|RainDance|[upkeep]\n|upkeep\n|\n|t:|1776033924\n|switch|p2a: Froslass|Froslass, L50, F|100/100\n|turn|3\n|-activate|p1b: Archaludon|item: Quick Claw\n|\n|t:|1776033936\n|detailschange|p2a: Froslass|Froslass-Mega, L50, F\n|-mega|p2a: Froslass|Froslass|Froslassite\n|-weather|Snowscape|[from] ability: Snow Warning|[of] p2a: Froslass\n|move|p1b: Archaludon|Electro Shot||[still]\n|-prepare|p1b: Archaludon|Electro Shot\n|-boost|p1b: Archaludon|spa|1\n|move|p2a: Froslass|Blizzard|p1b: Archaludon|[spread] p1a,p1b\n|-damage|p1a: Pelipper|0 fnt\n|-damage|p1b: Archaludon|0 fnt\n|faint|p1a: Pelipper\n|faint|p1b: Archaludon\n|move|p2b: Kingambit|Kowtow Cleave|p1: Pelipper|[notarget]\n|-fail|p2b: Kingambit\n|\n|-weather|Snowscape|[upkeep]\n|upkeep\n|\n|t:|1776033949\n|switch|p1b: Incineroar|Incineroar, L50, M|100/100\n|switch|p1a: Dragonite|Dragonite, L50, F|100/100\n|-ability|p1b: Incineroar|Intimidate|boost\n|-unboost|p2a: Froslass|atk|1\n|-unboost|p2b: Kingambit|atk|1\n|-ability|p2b: Kingambit|Defiant|boost\n|-boost|p2b: Kingambit|atk|2\n|turn|4\n|inactive|Battlemoose32 has 30 seconds left.\n|\n|t:|1776033981\n|detailschange|p1a: Dragonite|Dragonite-Mega, L50, F\n|-mega|p1a: Dragonite|Dragonite|Dragoninite\n|move|p2b: Kingambit|Protect|p2b: Kingambit\n|-singleturn|p2b: Kingambit|Protect\n|move|p2a: Froslass|Aurora Veil|p2a: Froslass\n|-sidestart|p2: Timeline Lugia|move: Aurora Veil\n|move|p1a: Dragonite|Hurricane|p2b: Kingambit\n|-activate|p2b: Kingambit|move: Protect\n|move|p1b: Incineroar|Flare Blitz|p2b: Kingambit\n|-activate|p2b: Kingambit|move: Protect\n|\n|-weather|Snowscape|[upkeep]\n|-sideend|p1: Battlemoose32|move: Tailwind\n|-sideend|p2: Timeline Lugia|move: Tailwind\n|upkeep\n|turn|5\n|inactive|Battlemoose32 has 30 seconds left.\n|inactive|Battlemoose32 has 20 seconds left.\n|\n|t:|1776034017\n|move|p2b: Kingambit|Sucker Punch|p1a: Dragonite\n|-damage|p1a: Dragonite|68/100\n|move|p2a: Froslass|Blizzard|p1b: Incineroar|[spread] p1a,p1b\n|-supereffective|p1a: Dragonite|2\n|-resisted|p1b: Incineroar|1\n|-crit|p1b: Incineroar\n|-damage|p1a: Dragonite|0 fnt\n|-damage|p1b: Incineroar|66/100\n|faint|p1a: Dragonite\n|move|p1b: Incineroar|Flare Blitz|p2b: Kingambit\n|-supereffective|p2b: Kingambit|1\n|-damage|p2b: Kingambit|0 fnt\n|faint|p2b: Kingambit\n|-damage|p1b: Incineroar|61/100|[from] Recoil\n|\n|-weather|Snowscape|[upkeep]\n|upkeep\n|\n|t:|1776034026\n|switch|p2b: Primarina|Primarina, L50, M|100/100\n|turn|6\n|\n|t:|1776034038\n|move|p2a: Froslass|Blizzard|p1b: Incineroar\n|-resisted|p1b: Incineroar|1\n|-damage|p1b: Incineroar|27/100\n|move|p1b: Incineroar|Flare Blitz|p2a: Froslass\n|-supereffective|p2a: Froslass|1\n|-damage|p2a: Froslass|15/100\n|-damage|p1b: Incineroar|4/100|[from] Recoil\n|move|p2b: Primarina|Hyper Voice|p1b: Incineroar\n|-supereffective|p1b: Incineroar|1\n|-damage|p1b: Incineroar|0 fnt\n|faint|p1b: Incineroar\n|\n|win|Timeline Lugia\n|raw|Battlemoose32's rating: 1000 &rarr; <strong>1000</strong><br />(+0 for losing)\n|raw|Timeline Lugia's rating: 1000 &rarr; <strong>1040</strong><br />(+40 for winning)\n|l|\u2606Battlemoose32\n|player|p1|\n",
  "uploadtime": 1776034052,
  "views": 45,
  "formatid": "gen9championsvgc2026regma",
  "rating": 1000,
  "private": 0,
  "password": null
}