{
  "id": "gen9championsvgc2026regma-2589551444",
  "format": "[Gen 9 Champions] VGC 2026 Reg M-A",
  "players": [
    "TacoDad",
    "ConnerTEP"
  ],
  "log": "|j|\u2606TacoDad\n|j|\u2606ConnerTEP\n|t:|1776733373\n|gametype|doubles\n|player|p1|TacoDad|101|1381\n|player|p2|ConnerTEP|101|1392\n|gen|9\n|tier|[Gen 9 Champions] VGC 2026 Reg M-A\n|rated|\n|rule|Species Clause: Limit one of each Pok\u00e9mon\n|rule|Item Clause: Limit 1 of each item\n|clearpoke\n|poke|p1|Charizard, L50, M|\n|poke|p1|Sneasler, L50, M|\n|poke|p1|Aerodactyl, L50, M|\n|poke|p1|Aegislash, L50, F|\n|poke|p1|Milotic, L50, M|\n|poke|p1|Sinistcha, L50|\n|poke|p2|Lucario, L50, F|\n|poke|p2|Vivillon, L50, F|\n|poke|p2|Garchomp, L50, M|\n|poke|p2|Delphox, L50, M|\n|poke|p2|Basculegion, L50, M|\n|poke|p2|Ninetales-Alola, L50, F|\n|teampreview|4\n|inactive|Battle timer is ON: inactive players will automatically lose when time's up. (requested by ConnerTEP)\n|\n|t:|1776733398\n|teamsize|p1|4\n|teamsize|p2|4\n|start\n|switch|p1a: Aerodactyl|Aerodactyl, L50, M|100/100\n|switch|p1b: Charizard|Charizard, L50, M|100/100\n|switch|p2a: Delphox|Delphox, L50, M|100/100\n|switch|p2b: Basculegion|Basculegion, L50, M|100/100\n|-ability|p1a: Aerodactyl|Unnerve\n|turn|1\n|\n|t:|1776733422\n|detailschange|p2a: Delphox|Delphox-Mega, L50, M\n|-mega|p2a: Delphox|Delphox|Delphoxite\n|detailschange|p1b: Charizard|Charizard-Mega-X, L50, M\n|-mega|p1b: Charizard|Charizard|Charizardite X\n|move|p2b: Basculegion|Flip Turn|p1a: Aerodactyl\n|-supereffective|p1a: Aerodactyl|1\n|-enditem|p1a: Aerodactyl|Focus Sash\n|-damage|p1a: Aerodactyl|1/100\n|\n|t:|1776733428\n|switch|p2b: Garchomp|Garchomp, L50, M|100/100|[from] Flip Turn\n|move|p2a: Delphox|Psyshock|p1a: Aerodactyl\n|-damage|p1a: Aerodactyl|0 fnt\n|faint|p1a: Aerodactyl\n|move|p1b: Charizard|Scale Shot|p2b: Garchomp\n|-supereffective|p2b: Garchomp|1\n|-damage|p2b: Garchomp|75/100\n|-supereffective|p2b: Garchomp|1\n|-damage|p2b: Garchomp|48/100\n|-hitcount|p2b: Garchomp|2\n|-unboost|p1b: Charizard|def|1\n|-boost|p1b: Charizard|spe|1\n|\n|upkeep\n|\n|t:|1776733447\n|switch|p1a: Milotic|Milotic, L50, M|100/100\n|turn|2\n|\n|t:|1776733458\n|switch|p2b: Ninetales|Ninetales-Alola, L50, F|100/100\n|-weather|Snowscape|[from] ability: Snow Warning|[of] p2b: Ninetales\n|move|p2a: Delphox|Protect|p2a: Delphox\n|-singleturn|p2a: Delphox|Protect\n|move|p1b: Charizard|Scale Shot|p2b: Ninetales\n|-immune|p2b: Ninetales\n|move|p1a: Milotic|Scald|p2a: Delphox\n|-activate|p2a: Delphox|move: Protect\n|\n|-weather|Snowscape|[upkeep]\n|upkeep\n|turn|3\n|inactive|TacoDad has 30 seconds left.\n|\n|t:|1776733485\n|move|p1b: Charizard|Dragon Claw|p2a: Delphox\n|-damage|p2a: Delphox|22/100\n|move|p2a: Delphox|Psyshock|p1b: Charizard\n|-crit|p1b: Charizard\n|-damage|p1b: Charizard|0 fnt\n|faint|p1b: Charizard\n|move|p2b: Ninetales|Aurora Veil|p2b: Ninetales\n|-sidestart|p2: ConnerTEP|move: Aurora Veil\n|move|p1a: Milotic|Scald|p2a: Delphox\n|-supereffective|p2a: Delphox|1\n|-damage|p2a: Delphox|0 fnt\n|faint|p2a: Delphox\n|\n|-weather|Snowscape|[upkeep]\n|upkeep\n|\n|t:|1776733500\n|switch|p2a: Garchomp|Garchomp, L50, M|48/100\n|switch|p1b: Sinistcha|Sinistcha, L50|100/100\n|turn|4\n|\n|t:|1776733517\n|move|p2b: Ninetales|Blizzard|p1b: Sinistcha|[spread] p1a,p1b\n|-resisted|p1a: Milotic|1\n|-supereffective|p1b: Sinistcha|1\n|-damage|p1a: Milotic|87/100\n|-damage|p1b: Sinistcha|36/100\n|-enditem|p1b: Sinistcha|Sitrus Berry|[eat]\n|-heal|p1b: Sinistcha|61/100|[from] item: Sitrus Berry\n|move|p2a: Garchomp|Dragon Claw|p1b: Sinistcha\n|-damage|p1b: Sinistcha|21/100\n|move|p1a: Milotic|Ice Beam|p2a: Garchomp\n|-supereffective|p2a: Garchomp|2\n|-damage|p2a: Garchomp|0 fnt\n|faint|p2a: Garchomp\n|move|p1b: Sinistcha|Trick Room|p1b: Sinistcha\n|-fieldstart|move: Trick Room|[of] p1b: Sinistcha\n|\n|-weather|Snowscape|[upkeep]\n|-heal|p1a: Milotic|93/100|[from] item: Leftovers\n|upkeep\n|\n|t:|1776733529\n|switch|p2a: Basculegion|Basculegion, L50, M|100/100\n|turn|5\n|\n|t:|1776733546\n|move|p1b: Sinistcha|Matcha Gotcha|p2b: Ninetales|[spread] p2a,p2b\n|-supereffective|p2a: Basculegion|1\n|-damage|p2a: Basculegion|59/100\n|-heal|p1b: Sinistcha|44/100|[from] drain|[of] p2a: Basculegion\n|-damage|p2b: Ninetales|80/100\n|-heal|p1b: Sinistcha|53/100|[from] drain|[of] p2b: Ninetales\n|-status|p2a: Basculegion|brn\n|move|p1a: Milotic|Scald|p2a: Basculegion\n|-resisted|p2a: Basculegion|1\n|-damage|p2a: Basculegion|49/100 brn\n|move|p2b: Ninetales|Blizzard|p1a: Milotic|[spread] p1a,p1b\n|-resisted|p1a: Milotic|1\n|-supereffective|p1b: Sinistcha|1\n|-damage|p1a: Milotic|79/100\n|-damage|p1b: Sinistcha|0 fnt\n|faint|p1b: Sinistcha\n|move|p2a: Basculegion|Last Respects|p1a: Milotic\n|-damage|p1a: Milotic|47/100\n|\n|-weather|Snowscape|[upkeep]\n|-heal|p1a: Milotic|52/100|[from] item: Leftovers\n|-damage|p2a: Basculegion|43/100 brn|[from] brn\n|upkeep\n|turn|6\n|inactive|TacoDad has 30 seconds left.\n|inactive|TacoDad has 20 seconds left.\n|\n|t:|1776733581\n|move|p1a: Milotic|Protect|p1a: Milotic\n|-singleturn|p1a: Milotic|Protect\n|move|p2b: Ninetales|Blizzard|p1a: Milotic\n|-activate|p1a: Milotic|move: Protect\n|move|p2a: Basculegion|Last Respects|p1a: Milotic\n|-activate|p1a: Milotic|move: Protect\n|\n|-weather|none\n|-heal|p1a: Milotic|58/100|[from] item: Leftovers\n|-damage|p2a: Basculegion|37/100 brn|[from] brn\n|upkeep\n|turn|7\n|\n|t:|1776733593\n|move|p1a: Milotic|Recover|p1a: Milotic\n|-heal|p1a: Milotic|100/100\n|move|p2b: Ninetales|Blizzard|p1a: Milotic|[miss]\n|-miss|p2b: Ninetales|p1a: Milotic\n|move|p2a: Basculegion|Last Respects|p1a: Milotic\n|-damage|p1a: Milotic|63/100\n|\n|-heal|p1a: Milotic|69/100|[from] item: Leftovers\n|-damage|p2a: Basculegion|31/100 brn|[from] brn\n|-sideend|p2: ConnerTEP|move: Aurora Veil\n|upkeep\n|turn|8\n|\n|t:|1776733606\n|move|p1a: Milotic|Protect|p1a: Milotic\n|-singleturn|p1a: Milotic|Protect\n|move|p2b: Ninetales|Blizzard|p1a: Milotic\n|-activate|p1a: Milotic|move: Protect\n|move|p2a: Basculegion|Last Respects|p1a: Milotic\n|-activate|p1a: Milotic|move: Protect\n|\n|-heal|p1a: Milotic|75/100|[from] item: Leftovers\n|-damage|p2a: Basculegion|25/100 brn|[from] brn\n|-fieldend|move: Trick Room\n|upkeep\n|turn|9\n|\n|t:|1776733628\n|move|p2a: Basculegion|Last Respects|p1a: Milotic\n|-damage|p1a: Milotic|43/100\n|move|p2b: Ninetales|Blizzard|p1a: Milotic\n|-resisted|p1a: Milotic|1\n|-damage|p1a: Milotic|27/100\n|move|p1a: Milotic|Recover|p1a: Milotic\n|-heal|p1a: Milotic|77/100\n|\n|-heal|p1a: Milotic|83/100|[from] item: Leftovers\n|-damage|p2a: Basculegion|19/100 brn|[from] brn\n|upkeep\n|turn|10\n|\n|t:|1776733641\n|move|p1a: Milotic|Protect|p1a: Milotic\n|-singleturn|p1a: Milotic|Protect\n|move|p2a: Basculegion|Last Respects|p1a: Milotic\n|-activate|p1a: Milotic|move: Protect\n|move|p2b: Ninetales|Blizzard|p1a: Milotic\n|-activate|p1a: Milotic|move: Protect\n|\n|-heal|p1a: Milotic|89/100|[from] item: Leftovers\n|-damage|p2a: Basculegion|13/100 brn|[from] brn\n|upkeep\n|turn|11\n|\n|t:|1776733654\n|move|p2a: Basculegion|Last Respects|p1a: Milotic\n|-damage|p1a: Milotic|51/100\n|move|p2b: Ninetales|Blizzard|p1a: Milotic|[miss]\n|-miss|p2b: Ninetales|p1a: Milotic\n|move|p1a: Milotic|Recover|p1a: Milotic\n|-heal|p1a: Milotic|100/100\n|\n|-damage|p2a: Basculegion|7/100 brn|[from] brn\n|upkeep\n|turn|12\n|-message|ConnerTEP forfeited.\n|\n|win|TacoDad\n|raw|TacoDad's rating: 1381 &rarr; <strong>1402</strong><br />(+21 for winning)\n|raw|ConnerTEP's rating: 1392 &rarr; <strong>1371</strong><br />(-21 for losing)\n|l|\u2606ConnerTEP\n|player|p2|\n",
  "uploadtime": 1776733683,
  "views": 19,
  "formatid": "gen9championsvgc2026regma",
  "rating": 1371,
  "private": 0,
  "password": null
}