{
  "id": "gen9championsvgc2026regma-2589593389",
  "format": "[Gen 9 Champions] VGC 2026 Reg M-A",
  "players": [
    "ItsACritt",
    "jadee99"
  ],
  "log": "|init|battle\n|title|ItsACritt vs. jadee99\n|j|\u2606ItsACritt\n|j|\u2606jadee99\n|t:|1776737284\n|gametype|doubles\n|player|p1|ItsACritt|flannery-gen6|1149\n|player|p2|jadee99|266|1201\n|gen|9\n|tier|[Gen 9 Champions] VGC 2026 Reg M-A\n|rated|\n|rule|Species Clause: Limit one of each Pok\u00e9mon\n|rule|Item Clause: Limit 1 of each item\n|clearpoke\n|poke|p1|Froslass, L50, F|\n|poke|p1|Aerodactyl, L50, M, shiny|\n|poke|p1|Passimian, L50, M|\n|poke|p1|Gallade, L50, M, shiny|\n|poke|p1|Luxray, L50, F, shiny|\n|poke|p1|Farigiraf, L50, F|\n|poke|p2|Zoroark-Hisui, L50, M|\n|poke|p2|Garchomp, L50, M|\n|poke|p2|Milotic, L50, F|\n|poke|p2|Basculegion, L50, M|\n|poke|p2|Hydrapple, L50, F|\n|poke|p2|Tyranitar, L50, M|\n|teampreview|4\n|inactive|Battle timer is ON: inactive players will automatically lose when time's up. (requested by ItsACritt)\n|inactive|ItsACritt has 60 seconds left.\n|inactive|jadee99 has 60 seconds left.\n|inactive|jadee99 has 30 seconds left.\n|\n|t:|1776737351\n|teamsize|p1|4\n|teamsize|p2|4\n|start\n|switch|p1a: Aerodactyl|Aerodactyl, L50, M, shiny|100/100\n|switch|p1b: Gatorade|Gallade, L50, M, shiny|100/100\n|switch|p2a: Basculegion|Basculegion, L50, M|100/100\n|switch|p2b: Tyranitar|Tyranitar, L50, M|100/100\n|-weather|Sandstorm|[from] ability: Sand Stream|[of] p2b: Tyranitar\n|turn|1\n|\n|t:|1776737369\n|detailschange|p2b: Tyranitar|Tyranitar-Mega, L50, M\n|-mega|p2b: Tyranitar|Tyranitar|Tyranitarite\n|move|p1b: Gatorade|Protect|p1b: Gatorade\n|-singleturn|p1b: Gatorade|Protect\n|move|p1a: Aerodactyl|Tailwind|p1a: Aerodactyl\n|-sidestart|p1: ItsACritt|move: Tailwind\n|move|p2a: Basculegion|Bitter Malice|p1b: Gatorade\n|-activate|p1b: Gatorade|move: Protect\n|move|p2b: Tyranitar|Rock Slide|p1a: Aerodactyl|[spread] p1a\n|-activate|p1b: Gatorade|move: Protect\n|-supereffective|p1a: Aerodactyl|1\n|-enditem|p1a: Aerodactyl|Focus Sash\n|-damage|p1a: Aerodactyl|1/100\n|\n|-weather|Sandstorm|[upkeep]\n|-damage|p1b: Gatorade|95/100|[from] Sandstorm\n|-damage|p2a: Basculegion|94/100|[from] Sandstorm\n|upkeep\n|turn|2\n|\n|t:|1776737386\n|detailschange|p1b: Gatorade|Gallade-Mega, L50, M, shiny\n|-mega|p1b: Gatorade|Gallade|Galladite\n|move|p1a: Aerodactyl|Rock Slide|p2b: Tyranitar|[spread] p2a,p2b\n|-damage|p2a: Basculegion|41/100\n|-damage|p2b: Tyranitar|83/100\n|replace|p2a: Zoroark|Zoroark-Hisui, L50, M\n|-end|p2a: Zoroark|Illusion\n|move|p1b: Gatorade|Sacred Sword|p2b: Tyranitar\n|-supereffective|p2b: Tyranitar|2\n|-damage|p2b: Tyranitar|0 fnt\n|faint|p2b: Tyranitar\n|cant|p2a: Zoroark|flinch\n|\n|-weather|Sandstorm|[upkeep]\n|-damage|p1b: Gatorade|89/100|[from] Sandstorm\n|-damage|p2a: Zoroark|35/100|[from] Sandstorm\n|upkeep\n|\n|t:|1776737398\n|switch|p2b: Basculegion|Basculegion, L50, M|100/100\n|turn|3\n|\n|t:|1776737405\n|move|p1a: Aerodactyl|Rock Slide|p2a: Zoroark|[spread] p2b\n|-miss|p1a: Aerodactyl|p2a: Zoroark\n|-damage|p2b: Basculegion|70/100\n|move|p1b: Gatorade|Psycho Cut|p2b: Basculegion\n|-damage|p2b: Basculegion|15/100\n|move|p2b: Basculegion|Flip Turn|p1a: Aerodactyl\n|-supereffective|p1a: Aerodactyl|1\n|-damage|p1a: Aerodactyl|0 fnt\n|faint|p1a: Aerodactyl\n|\n|t:|1776737416\n|switch|p2b: Hydrapple|Hydrapple, L50, F|100/100|[from] Flip Turn\n|move|p2a: Zoroark|Bitter Malice|p1b: Gatorade\n|-supereffective|p1b: Gatorade|1\n|-damage|p1b: Gatorade|0 fnt\n|faint|p1b: Gatorade\n|\n|-weather|Sandstorm|[upkeep]\n|-damage|p2a: Zoroark|29/100|[from] Sandstorm\n|-damage|p2b: Hydrapple|94/100|[from] Sandstorm\n|upkeep\n|\n|t:|1776737421\n|switch|p1a: Luxray|Luxray, L50, F, shiny|100/100\n|switch|p1b: Passimian|Passimian, L50, M|100/100\n|-ability|p1a: Luxray|Intimidate|boost\n|-unboost|p2a: Zoroark|atk|1\n|-unboost|p2b: Hydrapple|atk|1\n|turn|4\n|-activate|p1b: Passimian|item: Quick Claw\n|\n|t:|1776737433\n|move|p1b: Passimian|Knock Off|p2a: Zoroark\n|-supereffective|p2a: Zoroark|1\n|-crit|p2a: Zoroark\n|-damage|p2a: Zoroark|0 fnt\n|-enditem|p2a: Zoroark|Focus Sash|[from] move: Knock Off|[of] p1b: Passimian\n|faint|p2a: Zoroark\n|move|p1a: Luxray|Ice Fang|p2b: Hydrapple\n|-supereffective|p2b: Hydrapple|2\n|-damage|p2b: Hydrapple|17/100\n|-status|p2b: Hydrapple|frz\n|-curestatus|p2b: Hydrapple|frz|[msg]\n|move|p2b: Hydrapple|Earth Power|p1a: Luxray\n|-supereffective|p1a: Luxray|1\n|-damage|p1a: Luxray|5/100\n|\n|-weather|Sandstorm|[upkeep]\n|-damage|p1a: Luxray|0 fnt|[from] Sandstorm\n|-damage|p1b: Passimian|94/100|[from] Sandstorm\n|-damage|p2b: Hydrapple|11/100|[from] Sandstorm\n|faint|p1a: Luxray\n|-sideend|p1: ItsACritt|move: Tailwind\n|upkeep\n|\n|t:|1776737446\n|switch|p2a: Basculegion|Basculegion, L50, M|15/100\n|turn|5\n|\n|t:|1776737449\n|move|p2a: Basculegion|Wave Crash|p1b: Passimian\n|-damage|p1b: Passimian|17/100\n|-damage|p2a: Basculegion|0 fnt|[from] Recoil\n|faint|p2a: Basculegion\n|move|p1b: Passimian|Rock Slide|p2b: Hydrapple|[miss]\n|-miss|p1b: Passimian|p2b: Hydrapple\n|move|p2b: Hydrapple|Syrup Bomb|p1b: Passimian\n|-damage|p1b: Passimian|0 fnt\n|faint|p1b: Passimian\n|\n|win|jadee99",
  "uploadtime": 1776737450,
  "rating": 1201,
  "source": "spectated"
}