{
  "id": "gen9championsvgc2026regma-2583508220",
  "format": "[Gen 9 Champions] VGC 2026 Reg M-A",
  "players": [
    "CoffeeMoffee",
    "forgottenbladelost"
  ],
  "log": "|j|\u2606CoffeeMoffee\n|j|\u2606forgottenbladelost\n|t:|1776180078\n|gametype|doubles\n|player|p1|CoffeeMoffee|scientist|1072\n|player|p2|forgottenbladelost|266|1129\n|gen|9\n|tier|[Gen 9 Champions] VGC 2026 Reg M-A\n|rated|\n|rule|Species Clause: Limit one of each Pok\u00e9mon\n|rule|Item Clause: Limit 1 of each item\n|clearpoke\n|poke|p1|Floette-Eternal, L50, F|\n|poke|p1|Kingambit, L50, M|\n|poke|p1|Garchomp, L50, F|\n|poke|p1|Incineroar, L50, M|\n|poke|p1|Rotom-Wash, L50|\n|poke|p1|Sinistcha, L50|\n|poke|p2|Golurk, L50|\n|poke|p2|Gardevoir, L50, M|\n|poke|p2|Typhlosion-Hisui, L50, M|\n|poke|p2|Torkoal, L50, M|\n|poke|p2|Mimikyu, L50, F|\n|poke|p2|Snorlax, L50, F|\n|teampreview|4\n|inactive|Battle timer is ON: inactive players will automatically lose when time's up. (requested by CoffeeMoffee)\n|c|\u2606forgottenbladelost|Gl\n|inactive|CoffeeMoffee has 60 seconds left.\n|\n|t:|1776180120\n|teamsize|p1|4\n|teamsize|p2|4\n|start\n|switch|p1a: Kingambit|Kingambit, L50, M, shiny|100/100\n|switch|p1b: Rotom|Rotom-Wash, L50, shiny|100/100\n|switch|p2a: Typhlosion|Typhlosion-Hisui, L50, M|100/100\n|switch|p2b: Torkoal|Torkoal, L50, M|100/100\n|-item|p1a: Kingambit|Black Glasses|[from] ability: Frisk|[of] p2a: Typhlosion\n|-item|p1b: Rotom|Choice Scarf|[from] ability: Frisk|[of] p2a: Typhlosion\n|-weather|SunnyDay|[from] ability: Drought|[of] p2b: Torkoal\n|turn|1\n|\n|t:|1776180137\n|switch|p2a: Mimikyu|Mimikyu, L50, F|100/100\n|move|p1a: Kingambit|Protect|p1a: Kingambit\n|-singleturn|p1a: Kingambit|Protect\n|move|p1b: Rotom|Hydro Pump|p2a: Mimikyu\n|-activate|p2a: Mimikyu|ability: Disguise\n|-damage|p2a: Mimikyu|100/100\n|detailschange|p2a: Mimikyu|Mimikyu-Busted, L50, F\n|-damage|p2a: Mimikyu|88/100|[from] pokemon: Mimikyu-Busted\n|move|p2b: Torkoal|Body Press|p1a: Kingambit\n|-activate|p1a: Kingambit|move: Protect\n|\n|-weather|SunnyDay|[upkeep]\n|upkeep\n|turn|2\n|inactive|CoffeeMoffee has 30 seconds left.\n|\n|t:|1776180166\n|move|p1b: Rotom|Hydro Pump|p2b: Torkoal\n|-supereffective|p2b: Torkoal|1\n|-damage|p2b: Torkoal|39/100\n|move|p1a: Kingambit|Iron Head|p2a: Mimikyu\n|-supereffective|p2a: Mimikyu|1\n|-damage|p2a: Mimikyu|0 fnt\n|faint|p2a: Mimikyu\n|move|p2b: Torkoal|Body Press|p1a: Kingambit\n|-supereffective|p1a: Kingambit|2\n|-damage|p1a: Kingambit|0 fnt\n|faint|p1a: Kingambit\n|\n|-weather|SunnyDay|[upkeep]\n|upkeep\n|\n|t:|1776180178\n|switch|p2a: Typhlosion|Typhlosion-Hisui, L50, M|100/100\n|switch|p1a: Garchomp|Garchomp, L50, F, shiny|100/100\n|-item|p1a: Garchomp|White Herb|[from] ability: Frisk|[of] p2a: Typhlosion\n|-item|p1b: Rotom|Choice Scarf|[from] ability: Frisk|[of] p2a: Typhlosion\n|turn|3\n|\n|t:|1776180187\n|move|p2b: Torkoal|Helping Hand|p2a: Typhlosion\n|-singleturn|p2a: Typhlosion|Helping Hand|[of] p2b: Torkoal\n|move|p2a: Typhlosion|Eruption|p1b: Rotom|[spread] p1a,p1b\n|-resisted|p1a: Garchomp|1\n|-resisted|p1b: Rotom|1\n|-damage|p1a: Garchomp|22/100\n|-damage|p1b: Rotom|11/100\n|move|p1b: Rotom|Hydro Pump|p2a: Typhlosion\n|-supereffective|p2a: Typhlosion|1\n|-damage|p2a: Typhlosion|24/100\n|move|p1a: Garchomp|Earthquake|p2a: Typhlosion|[spread] p2a,p2b\n|-immune|p1b: Rotom|[from] ability: Levitate\n|-supereffective|p2a: Typhlosion|1\n|-supereffective|p2b: Torkoal|1\n|-damage|p2a: Typhlosion|0 fnt\n|-damage|p2b: Torkoal|0 fnt\n|faint|p2a: Typhlosion\n|faint|p2b: Torkoal\n|\n|-weather|SunnyDay|[upkeep]\n|upkeep\n|\n|t:|1776180199\n|switch|p2b: Gardevoir|Gardevoir, L50, M|100/100\n|turn|4\n|\n|t:|1776180214\n|detailschange|p2b: Gardevoir|Gardevoir-Mega, L50, M\n|-mega|p2b: Gardevoir|Gardevoir|Gardevoirite\n|move|p1a: Garchomp|Protect|p1a: Garchomp\n|-singleturn|p1a: Garchomp|Protect\n|move|p1b: Rotom|Hydro Pump|p2b: Gardevoir\n|-damage|p2b: Gardevoir|77/100\n|move|p2b: Gardevoir|Hyper Voice|p1a: Garchomp|[spread] p1b\n|-activate|p1a: Garchomp|move: Protect\n|-damage|p1b: Rotom|0 fnt\n|faint|p1b: Rotom\n|\n|-weather|SunnyDay|[upkeep]\n|upkeep\n|\n|t:|1776180223\n|switch|p1b: Incineroar|Incineroar, L50, M, shiny|100/100\n|-ability|p1b: Incineroar|Intimidate|boost\n|-unboost|p2b: Gardevoir|atk|1\n|turn|5\n|\n|t:|1776180235\n|move|p2b: Gardevoir|Protect|p2b: Gardevoir\n|-singleturn|p2b: Gardevoir|Protect\n|move|p1b: Incineroar|Fake Out|p2b: Gardevoir\n|-activate|p2b: Gardevoir|move: Protect\n|move|p1a: Garchomp|Stomping Tantrum|p2b: Gardevoir\n|-activate|p2b: Gardevoir|move: Protect\n|\n|-weather|none\n|upkeep\n|turn|6\n|\n|t:|1776180247\n|move|p1a: Garchomp|Protect|p1a: Garchomp\n|-singleturn|p1a: Garchomp|Protect\n|move|p2b: Gardevoir|Hyper Voice|p1b: Incineroar|[spread] p1b\n|-activate|p1a: Garchomp|move: Protect\n|-damage|p1b: Incineroar|51/100\n|move|p1b: Incineroar|Throat Chop|p2b: Gardevoir\n|-damage|p2b: Gardevoir|21/100\n|-start|p2b: Gardevoir|Throat Chop|[silent]\n|\n|upkeep\n|turn|7\n|\n|t:|1776180261\n|move|p2b: Gardevoir|Protect|p2b: Gardevoir\n|-singleturn|p2b: Gardevoir|Protect\n|move|p1a: Garchomp|Stomping Tantrum|p2b: Gardevoir\n|-activate|p2b: Gardevoir|move: Protect\n|move|p1b: Incineroar|Flare Blitz|p2b: Gardevoir\n|-activate|p2b: Gardevoir|move: Protect\n|\n|-end|p2b: Gardevoir|Throat Chop|[silent]\n|upkeep\n|turn|8\n|\n|t:|1776180269\n|move|p1a: Garchomp|Stomping Tantrum|p2b: Gardevoir\n|-damage|p2b: Gardevoir|0 fnt\n|faint|p2b: Gardevoir\n|\n|win|CoffeeMoffee\n|raw|CoffeeMoffee's rating: 1072 &rarr; <strong>1106</strong><br />(+34 for winning)\n|raw|forgottenbladelost's rating: 1129 &rarr; <strong>1100</strong><br />(-29 for losing)\n|c|\u2606forgottenbladelost|GG\n",
  "uploadtime": 1776180275,
  "views": 31,
  "formatid": "gen9championsvgc2026regma",
  "rating": 1100,
  "private": 0,
  "password": null
}