{
  "id": "gen9championsvgc2026regma-2586086080",
  "format": "[Gen 9 Champions] VGC 2026 Reg M-A",
  "players": [
    "mr.timimf",
    "amo minha mulher"
  ],
  "log": "|j|\u2606mr.timimf\n|j|\u2606amo minha mulher\n|t:|1776397451\n|gametype|doubles\n|player|p1|mr.timimf|101|1071\n|player|p2|amo minha mulher|skyla|1060\n|gen|9\n|tier|[Gen 9 Champions] VGC 2026 Reg M-A\n|rated|\n|rule|Species Clause: Limit one of each Pok\u00e9mon\n|rule|Item Clause: Limit 1 of each item\n|clearpoke\n|poke|p1|Lucario, L50, F|\n|poke|p1|Aerodactyl, L50, F|\n|poke|p1|Milotic, L50, M|\n|poke|p1|Garchomp, L50, M|\n|poke|p1|Kangaskhan, L50, F|\n|poke|p1|Venusaur, L50, M|\n|poke|p2|Kingambit, L50, M|\n|poke|p2|Kangaskhan, L50, F|\n|poke|p2|Blastoise, L50, M|\n|poke|p2|Sinistcha, L50|\n|poke|p2|Aerodactyl, L50, F|\n|poke|p2|Farigiraf, L50, F|\n|teampreview|4\n|\n|t:|1776397482\n|teamsize|p1|4\n|teamsize|p2|4\n|start\n|switch|p1a: Lucario|Lucario, L50, F|100/100\n|switch|p1b: Venusaur|Venusaur, L50, M|100/100\n|switch|p2a: Blastoise|Blastoise, L50, M|100/100\n|switch|p2b: Farigiraf|Farigiraf, L50, F|100/100\n|turn|1\n|\n|t:|1776397499\n|detailschange|p1a: Lucario|Lucario-Mega, L50, F\n|-mega|p1a: Lucario|Lucario|Lucarionite\n|detailschange|p2a: Blastoise|Blastoise-Mega, L50, M\n|-mega|p2a: Blastoise|Blastoise|Blastoisinite\n|move|p1b: Venusaur|Helping Hand|p1a: Lucario\n|-singleturn|p1a: Lucario|Helping Hand|[of] p1b: Venusaur\n|move|p2a: Blastoise|Fake Out|p1b: Venusaur\n|-damage|p1b: Venusaur|91/100\n|move|p1a: Lucario|Drain Punch|p2b: Farigiraf\n|-damage|p2b: Farigiraf|35/100\n|-enditem|p2b: Farigiraf|Sitrus Berry|[eat]\n|-heal|p2b: Farigiraf|60/100|[from] item: Sitrus Berry\n|move|p2b: Farigiraf|Trick Room|p2b: Farigiraf\n|-fieldstart|move: Trick Room|[of] p2b: Farigiraf\n|\n|-heal|p1b: Venusaur|97/100|[from] item: Leftovers\n|upkeep\n|turn|2\n|inactive|Battle timer is ON: inactive players will automatically lose when time's up. (requested by mr.timimf)\n|\n|t:|1776397548\n|move|p2b: Farigiraf|Helping Hand|p2a: Blastoise\n|-singleturn|p2a: Blastoise|Helping Hand|[of] p2b: Farigiraf\n|move|p1a: Lucario|Protect|p1a: Lucario\n|-singleturn|p1a: Lucario|Protect\n|move|p2a: Blastoise|Dark Pulse|p1b: Venusaur\n|-damage|p1b: Venusaur|28/100\n|move|p1b: Venusaur|Giga Drain|p2a: Blastoise\n|-supereffective|p2a: Blastoise|1\n|-damage|p2a: Blastoise|51/100\n|-heal|p1b: Venusaur|54/100|[from] drain|[of] p2a: Blastoise\n|\n|-heal|p1b: Venusaur|60/100|[from] item: Leftovers\n|upkeep\n|turn|3\n|inactive|mr.timimf has 30 seconds left.\n|inactive|amo minha mulher has 30 seconds left.\n|\n|t:|1776397581\n|switch|p2a: Sinistcha|Sinistcha, L50|100/100\n|-heal|p2b: Farigiraf|84/100|[from] ability: Hospitality|[of] p2a: Sinistcha\n|move|p1b: Venusaur|Protect|p1b: Venusaur\n|-singleturn|p1b: Venusaur|Protect\n|move|p1a: Lucario|Bullet Punch||[still]\n|cant|p2b: Farigiraf|ability: Armor Tail|Bullet Punch|[of] p1a: Lucario\n|move|p2b: Farigiraf|Psychic|p1b: Venusaur\n|-activate|p1b: Venusaur|move: Protect\n|\n|-heal|p1b: Venusaur|66/100|[from] item: Leftovers\n|upkeep\n|turn|4\n|\n|t:|1776397606\n|switch|p1b: Garchomp|Garchomp, L50, M|100/100\n|move|p2b: Farigiraf|Psychic|p1a: Lucario\n|-damage|p1a: Lucario|46/100\n|move|p2a: Sinistcha|Matcha Gotcha|p1b: Garchomp|[spread] p1a\n|-miss|p2a: Sinistcha|p1b: Garchomp\n|-resisted|p1a: Lucario|1\n|-damage|p1a: Lucario|24/100\n|-status|p1a: Lucario|brn\n|move|p1a: Lucario|Meteor Mash|p2b: Farigiraf\n|-damage|p2b: Farigiraf|57/100\n|\n|-damage|p1a: Lucario|18/100 brn|[from] brn\n|upkeep\n|turn|5\n|\n|t:|1776397629\n|move|p1a: Lucario|Protect|p1a: Lucario\n|-singleturn|p1a: Lucario|Protect\n|move|p1b: Garchomp|Swords Dance|p1b: Garchomp\n|-boost|p1b: Garchomp|atk|2\n|move|p2b: Farigiraf|Trick Room|p2b: Farigiraf\n|-fieldend|move: Trick Room\n|move|p2a: Sinistcha|Trick Room|p2a: Sinistcha\n|-fieldstart|move: Trick Room|[of] p2a: Sinistcha\n|\n|-damage|p1a: Lucario|12/100 brn|[from] brn\n|upkeep\n|turn|6\n|\n|t:|1776397653\n|move|p2b: Farigiraf|Rain Dance|p2b: Farigiraf\n|-weather|RainDance\n|move|p2a: Sinistcha|Matcha Gotcha|p1a: Lucario|[spread] p1a,p1b\n|-resisted|p1a: Lucario|1\n|-damage|p1a: Lucario|0 fnt\n|-damage|p1b: Garchomp|68/100\n|faint|p1a: Lucario\n|move|p1b: Garchomp|Swords Dance|p1b: Garchomp\n|-boost|p1b: Garchomp|atk|2\n|\n|-weather|RainDance|[upkeep]\n|upkeep\n|\n|t:|1776397664\n|switch|p1a: Venusaur|Venusaur, L50, M|66/100\n|turn|7\n|\n|t:|1776397671\n|move|p1a: Venusaur|Helping Hand|p1b: Garchomp\n|-singleturn|p1b: Garchomp|Helping Hand|[of] p1a: Venusaur\n|move|p2b: Farigiraf|Psychic|p1a: Venusaur\n|-supereffective|p1a: Venusaur|1\n|-damage|p1a: Venusaur|0 fnt\n|faint|p1a: Venusaur\n|move|p2a: Sinistcha|Life Dew||[still]|[spread] p2a,p2b\n|-fail|p2a: Sinistcha|heal\n|-heal|p2b: Farigiraf|82/100\n|move|p1b: Garchomp|Rock Slide|p2b: Farigiraf|[spread] p2a,p2b\n|-damage|p2a: Sinistcha|16/100\n|-damage|p2b: Farigiraf|7/100\n|\n|-weather|RainDance|[upkeep]\n|upkeep\n|\n|t:|1776397683\n|switch|p1a: Aerodactyl|Aerodactyl, L50, F|100/100\n|turn|8\n|\n|t:|1776397708\n|move|p2b: Farigiraf|Psychic|p1b: Garchomp\n|-crit|p1b: Garchomp\n|-damage|p1b: Garchomp|3/100\n|move|p2a: Sinistcha|Matcha Gotcha|p1a: Aerodactyl|[spread] p1a,p1b\n|-damage|p1a: Aerodactyl|58/100\n|-heal|p2a: Sinistcha|36/100|[from] drain|[of] p1a: Aerodactyl\n|-damage|p1b: Garchomp|0 fnt\n|-heal|p2a: Sinistcha|37/100|[from] drain|[of] p1b: Garchomp\n|-status|p1a: Aerodactyl|brn\n|faint|p1b: Garchomp\n|move|p1a: Aerodactyl|Dual Wingbeat|p2a: Sinistcha|[miss]\n|-miss|p1a: Aerodactyl|p2a: Sinistcha\n|\n|-weather|RainDance|[upkeep]\n|-damage|p1a: Aerodactyl|52/100 brn|[from] brn\n|upkeep\n|turn|9\n|-message|mr.timimf forfeited.\n|\n|win|amo minha mulher\n|raw|mr.timimf's rating: 1071 &rarr; <strong>1050</strong><br />(-21 for losing)\n|raw|amo minha mulher's rating: 1060 &rarr; <strong>1092</strong><br />(+32 for winning)\n|l|\u2606mr.timimf\n|player|p1|\n",
  "uploadtime": 1776397727,
  "views": 17,
  "formatid": "gen9championsvgc2026regma",
  "rating": 1050,
  "private": 0,
  "password": null
}