{
  "id": "gen9championsvgc2026regma-2586576356",
  "format": "[Gen 9 Champions] VGC 2026 Reg M-A",
  "players": [
    "ereinya",
    "Navicula"
  ],
  "log": "|j|\u2606ereinya\n|j|\u2606Navicula\n|t:|1776444281\n|gametype|doubles\n|player|p1|ereinya|juggler|1184\n|player|p2|Navicula|scientist-gen4|1180\n|gen|9\n|tier|[Gen 9 Champions] VGC 2026 Reg M-A\n|rated|\n|rule|Species Clause: Limit one of each Pok\u00e9mon\n|rule|Item Clause: Limit 1 of each item\n|clearpoke\n|poke|p1|Charizard, L50, F|\n|poke|p1|Maushold-Four, L50|\n|poke|p1|Sneasler, L50, M|\n|poke|p1|Kingambit, L50, F|\n|poke|p1|Garchomp, L50, F|\n|poke|p1|Dragapult, L50, F|\n|poke|p2|Vaporeon, L50, M|\n|poke|p2|Primarina, L50, M|\n|poke|p2|Chimecho, L50, M|\n|poke|p2|Kommo-o, L50, M|\n|poke|p2|Audino, L50, M|\n|poke|p2|Corviknight, L50, M|\n|teampreview|4\n|inactive|Battle timer is ON: inactive players will automatically lose when time's up. (requested by ereinya)\n|\n|t:|1776444325\n|teamsize|p1|4\n|teamsize|p2|4\n|start\n|switch|p1a: Kingambit|Kingambit, L50, F|100/100\n|switch|p1b: Sneasler|Sneasler, L50, M, shiny|100/100\n|switch|p2a: Burke Brise Soleil|Vaporeon, L50, M|100/100\n|switch|p2b: Operaqua|Primarina, L50, M|100/100\n|turn|1\n|inactive|ereinya has 30 seconds left.\n|inactive|Navicula has 30 seconds left.\n|inactive|Navicula has 20 seconds left.\n|inactive|ereinya has 20 seconds left.\n|inactive|ereinya has 15 seconds left.\n|\n|t:|1776444374\n|switch|p2b: DING|Chimecho, L50, M|100/100\n|move|p1b: Sneasler|Feint|p2b: DING\n|-damage|p2b: DING|90/100\n|move|p2a: Burke Brise Soleil|Acid Armor|p2a: Burke Brise Soleil\n|-boost|p2a: Burke Brise Soleil|def|2\n|move|p1a: Kingambit|Iron Head|p2b: DING\n|-damage|p2b: DING|44/100\n|\n|upkeep\n|turn|2\n|\n|t:|1776444395\n|detailschange|p2b: DING|Chimecho-Mega, L50, M\n|-mega|p2b: DING|Chimecho|Chimechite\n|move|p1b: Sneasler|Dire Claw|p2a: Burke Brise Soleil\n|-damage|p2a: Burke Brise Soleil|84/100\n|-status|p2a: Burke Brise Soleil|par\n|move|p2b: DING|Wish|p2b: DING\n|move|p1a: Kingambit|Kowtow Cleave|p2b: DING\n|-supereffective|p2b: DING|1\n|-damage|p2b: DING|0 fnt\n|faint|p2b: DING\n|move|p2a: Burke Brise Soleil|Calm Mind|p2a: Burke Brise Soleil\n|-boost|p2a: Burke Brise Soleil|spa|1\n|-boost|p2a: Burke Brise Soleil|spd|1\n|\n|upkeep\n|\n|t:|1776444407\n|switch|p2b: Operaqua|Primarina, L50, M|100/100\n|turn|3\n|\n|t:|1776444422\n|move|p1b: Sneasler|Close Combat|p2a: Burke Brise Soleil\n|-damage|p2a: Burke Brise Soleil|60/100 par\n|-unboost|p1b: Sneasler|def|1\n|-unboost|p1b: Sneasler|spd|1\n|move|p2b: Operaqua|Psych Up|p2a: Burke Brise Soleil\n|-copyboost|p2b: Operaqua|p2a: Burke Brise Soleil|[from] move: Psych Up\n|move|p1a: Kingambit|Iron Head|p2b: Operaqua\n|-damage|p2b: Operaqua|75/100\n|move|p2a: Burke Brise Soleil|Acid Armor|p2a: Burke Brise Soleil\n|-boost|p2a: Burke Brise Soleil|def|2\n|\n|-heal|p2b: Operaqua|100/100|[from] move: Wish|[wisher] DING\n|upkeep\n|turn|4\n|\n|t:|1776444442\n|switch|p1b: Maushold|Maushold-Four, L50|100/100\n|move|p1a: Kingambit|Protect|p1a: Kingambit\n|-singleturn|p1a: Kingambit|Protect\n|move|p2b: Operaqua|Surf|p1b: Maushold|[spread] p1b\n|-activate|p1a: Kingambit|move: Protect\n|-heal|p2a: Burke Brise Soleil|84/100 par|[from] ability: Water Absorb|[of] p2b: Operaqua\n|-damage|p1b: Maushold|40/100\n|move|p2a: Burke Brise Soleil|Calm Mind|p2a: Burke Brise Soleil\n|-boost|p2a: Burke Brise Soleil|spa|1\n|-boost|p2a: Burke Brise Soleil|spd|1\n|\n|upkeep\n|turn|5\n|inactive|ereinya has 30 seconds left.\n|inactive|Navicula has 30 seconds left.\n|\n|t:|1776444473\n|move|p1b: Maushold|Super Fang|p2b: Operaqua\n|-damage|p2b: Operaqua|51/100\n|move|p2b: Operaqua|Surf|p1b: Maushold|[spread] p1a,p1b\n|-heal|p2a: Burke Brise Soleil|100/100 par|[from] ability: Water Absorb|[of] p2b: Operaqua\n|-crit|p1b: Maushold\n|-damage|p1a: Kingambit|65/100\n|-damage|p1b: Maushold|0 fnt\n|faint|p1b: Maushold\n|move|p1a: Kingambit|Kowtow Cleave|p2b: Operaqua\n|-resisted|p2b: Operaqua|1\n|-damage|p2b: Operaqua|36/100\n|move|p2a: Burke Brise Soleil|Acid Armor|p2a: Burke Brise Soleil\n|-boost|p2a: Burke Brise Soleil|def|2\n|\n|-heal|p2b: Operaqua|42/100|[from] item: Leftovers\n|upkeep\n|\n|t:|1776444490\n|switch|p1b: Sneasler|Sneasler, L50, M, shiny|100/100\n|turn|6\n|\n|t:|1776444504\n|move|p1b: Sneasler|Dire Claw|p2b: Operaqua\n|-supereffective|p2b: Operaqua|1\n|-damage|p2b: Operaqua|0 fnt\n|faint|p2b: Operaqua\n|move|p1a: Kingambit|Kowtow Cleave|p2a: Burke Brise Soleil\n|-damage|p2a: Burke Brise Soleil|90/100 par\n|move|p2a: Burke Brise Soleil|Baton Pass|p2a: Burke Brise Soleil\n|\n|t:|1776444511\n|switch|p2a: Corviknight|Corviknight, L50, M|100/100|[from] Baton Pass\n|\n|upkeep\n|\n|t:|1776444514\n|switch|p2b: Burke Brise Soleil|Vaporeon, L50, M|90/100 par\n|turn|7\n|\n|t:|1776444525\n|move|p1b: Sneasler|Close Combat|p2a: Corviknight\n|-damage|p2a: Corviknight|87/100\n|-unboost|p1b: Sneasler|def|1\n|-unboost|p1b: Sneasler|spd|1\n|move|p2a: Corviknight|Body Press|p1a: Kingambit\n|-supereffective|p1a: Kingambit|2\n|-damage|p1a: Kingambit|0 fnt\n|faint|p1a: Kingambit\n|-heal|p2a: Corviknight|95/100|[from] item: Shell Bell|[of] p1: Kingambit\n|move|p2b: Burke Brise Soleil|Acid Armor|p2b: Burke Brise Soleil\n|-boost|p2b: Burke Brise Soleil|def|2\n|\n|upkeep\n|\n|t:|1776444538\n|switch|p1a: Charizard|Charizard, L50, F|100/100\n|turn|8\n|l|\u2606ereinya\n|inactive|ereinya disconnected and has a minute to reconnect!\n|player|p1|\n|inactive|ereinya has 30 seconds left.\n|inactive|ereinya has 20 seconds left.\n|inactive|ereinya has 15 seconds left.\n|j|\u2606ereinya\n|inactive|ereinya reconnected and has 15 seconds left.\n|player|p1|ereinya|juggler|\n|inactive|ereinya has 10 seconds left.\n|\n|t:|1776444587\n|detailschange|p1a: Charizard|Charizard-Mega-Y, L50, F\n|-mega|p1a: Charizard|Charizard|Charizardite Y\n|-weather|SunnyDay|[from] ability: Drought|[of] p1a: Charizard\n|move|p1b: Sneasler|Dire Claw|p2a: Corviknight\n|-immune|p2a: Corviknight\n|move|p1a: Charizard|Heat Wave|p2b: Burke Brise Soleil|[spread] p2a,p2b\n|-supereffective|p2a: Corviknight|1\n|-resisted|p2b: Burke Brise Soleil|1\n|-damage|p2a: Corviknight|37/100\n|-damage|p2b: Burke Brise Soleil|67/100 par\n|move|p2a: Corviknight|Power Trip|p1a: Charizard\n|-damage|p1a: Charizard|42/100\n|-heal|p2a: Corviknight|43/100|[from] item: Shell Bell|[of] p1a: Charizard\n|move|p2b: Burke Brise Soleil|Icy Wind|p1b: Sneasler|[spread] p1a,p1b\n|-damage|p1a: Charizard|33/100\n|-damage|p1b: Sneasler|78/100\n|-unboost|p1a: Charizard|spe|1\n|-unboost|p1b: Sneasler|spe|1\n|\n|-weather|SunnyDay|[upkeep]\n|upkeep\n|turn|9\n|inactive|ereinya has 30 seconds left.\n|inactive|Navicula has 30 seconds left.\n|inactive|ereinya has 20 seconds left.\n|\n|t:|1776444622\n|move|p1b: Sneasler|Close Combat|p2a: Corviknight\n|-damage|p2a: Corviknight|31/100\n|-unboost|p1b: Sneasler|def|1\n|-unboost|p1b: Sneasler|spd|1\n|move|p2a: Corviknight|Power Trip|p1a: Charizard\n|-damage|p1a: Charizard|0 fnt\n|faint|p1a: Charizard\n|-heal|p2a: Corviknight|35/100|[from] item: Shell Bell|[of] p1: Charizard\n|move|p2b: Burke Brise Soleil|Icy Wind|p1b: Sneasler\n|-damage|p1b: Sneasler|44/100\n|-unboost|p1b: Sneasler|spe|1\n|\n|-weather|SunnyDay|[upkeep]\n|upkeep\n|turn|10\n|l|\u2606ereinya\n|inactive|ereinya disconnected and has a minute to reconnect!\n|player|p1|\n|inactive|ereinya has 30 seconds left.\n|inactive|ereinya has 20 seconds left.\n|inactive|ereinya has 15 seconds left.\n|inactive|ereinya has 10 seconds left.\n|inactive|ereinya has 5 seconds left.\n|-message|ereinya lost due to inactivity.\n|\n|win|Navicula\n|raw|ereinya's rating: 1184 &rarr; <strong>1159</strong><br />(-25 for losing)\n|raw|Navicula's rating: 1180 &rarr; <strong>1205</strong><br />(+25 for winning)\n",
  "uploadtime": 1776444697,
  "views": 20,
  "formatid": "gen9championsvgc2026regma",
  "rating": 1159,
  "private": 0,
  "password": null
}