{
  "id": "gen9championsvgc2026regma-2580725067",
  "format": "[Gen 9 Champions] VGC 2026 Reg M-A",
  "players": [
    "mianze",
    "Mekadokato"
  ],
  "log": "|j|\u2606mianze\n|j|\u2606Mekadokato\n|t:|1775927377\n|gametype|doubles\n|player|p1|mianze|swimmerf-gen4dp|1053\n|player|p2|Mekadokato|169|1156\n|gen|9\n|tier|[Gen 9 Champions] VGC 2026 Reg M-A\n|rated|\n|rule|Species Clause: Limit one of each Pok\u00e9mon\n|rule|Item Clause: Limit 1 of each item\n|clearpoke\n|poke|p1|Delphox, L50, F|\n|poke|p1|Maushold-Four, L50|\n|poke|p1|Incineroar, L50, M|\n|poke|p1|Whimsicott, L50, M|\n|poke|p1|Sinistcha, L50|\n|poke|p1|Sneasler, L50, F|\n|poke|p2|Palafin, L50, F|\n|poke|p2|Incineroar, L50, F|\n|poke|p2|Sinistcha, L50|\n|poke|p2|Raichu, L50, M|\n|poke|p2|Dragonite, L50, M|\n|poke|p2|Lucario, L50, F|\n|teampreview|4\n|\n|t:|1775927412\n|teamsize|p1|4\n|teamsize|p2|4\n|start\n|switch|p1a: Sneasler|Sneasler, L50, F|100/100\n|switch|p1b: Whimsicott|Whimsicott, L50, M|100/100\n|switch|p2a: Palafin|Palafin, L50, F|100/100\n|switch|p2b: Incineroar|Incineroar, L50, F, shiny|100/100\n|-ability|p2b: Incineroar|Intimidate|boost\n|-unboost|p1a: Sneasler|atk|1\n|-unboost|p1b: Whimsicott|atk|1\n|-enditem|p1a: Sneasler|White Herb\n|-clearnegativeboost|p1a: Sneasler|[silent]\n|turn|1\n|\n|t:|1775927447\n|detailschange|p2a: Palafin|Palafin-Hero, L50, F\n|switch|p2a: Raichu|Raichu, L50, M, shiny|100/100\n|move|p1a: Sneasler|Fake Out|p2b: Incineroar\n|-damage|p2b: Incineroar|88/100\n|move|p1b: Whimsicott|Tailwind|p1b: Whimsicott\n|-sidestart|p1: mianze|move: Tailwind\n|cant|p2b: Incineroar|flinch\n|\n|-heal|p2b: Incineroar|94/100|[from] item: Leftovers\n|upkeep\n|turn|2\n|\n|t:|1775927478\n|move|p2a: Raichu|Fake Out|p1a: Sneasler\n|-damage|p1a: Sneasler|86/100\n|move|p1b: Whimsicott|Light Screen|p1b: Whimsicott\n|-sidestart|p1: mianze|move: Light Screen\n|cant|p1a: Sneasler|flinch\n|move|p2b: Incineroar|Flare Blitz|p1b: Whimsicott\n|-supereffective|p1b: Whimsicott|1\n|-enditem|p1b: Whimsicott|Focus Sash\n|-damage|p1b: Whimsicott|1/100\n|-damage|p2b: Incineroar|67/100|[from] Recoil\n|\n|-heal|p2b: Incineroar|73/100|[from] item: Leftovers\n|upkeep\n|turn|3\n|\n|t:|1775927508\n|switch|p1b: Delphox|Delphox, L50, F|100/100\n|switch|p2b: Palafin|Palafin-Hero, L50, F|100/100\n|-activate|p2b: Palafin|ability: Zero to Hero\n|move|p1a: Sneasler|Close Combat|p2b: Palafin\n|-damage|p2b: Palafin|32/100\n|-unboost|p1a: Sneasler|def|1\n|-unboost|p1a: Sneasler|spd|1\n|move|p2a: Raichu|Volt Switch|p1b: Delphox\n|-damage|p1b: Delphox|76/100\n|\n|t:|1775927521\n|switch|p2a: Incineroar|Incineroar, L50, F, shiny|73/100|[from] Volt Switch\n|-ability|p2a: Incineroar|Intimidate|boost\n|-unboost|p1a: Sneasler|atk|1\n|-unboost|p1b: Delphox|atk|1\n|\n|-heal|p2a: Incineroar|79/100|[from] item: Leftovers\n|upkeep\n|turn|4\n|\n|t:|1775927547\n|detailschange|p1b: Delphox|Delphox-Mega, L50, F\n|-mega|p1b: Delphox|Delphox|Delphoxite\n|move|p2a: Incineroar|Fake Out|p1a: Sneasler\n|-damage|p1a: Sneasler|58/100\n|cant|p1a: Sneasler|flinch\n|move|p1b: Delphox|Psychic|p2b: Palafin\n|-damage|p2b: Palafin|0 fnt\n|faint|p2b: Palafin\n|\n|-heal|p2a: Incineroar|85/100|[from] item: Leftovers\n|-sideend|p1: mianze|move: Tailwind\n|upkeep\n|\n|t:|1775927569\n|switch|p2b: Lucario|Lucario, L50, F|100/100\n|turn|5\n|\n|t:|1775927590\n|detailschange|p2b: Lucario|Lucario-Mega, L50, F\n|-mega|p2b: Lucario|Lucario|Lucarionite\n|move|p1a: Sneasler|Close Combat|p2b: Lucario\n|-supereffective|p2b: Lucario|1\n|-damage|p2b: Lucario|0 fnt\n|-unboost|p1a: Sneasler|def|1\n|-unboost|p1a: Sneasler|spd|1\n|faint|p2b: Lucario\n|move|p1b: Delphox|Dazzling Gleam|p2a: Incineroar\n|-damage|p2a: Incineroar|51/100\n|move|p2a: Incineroar|Throat Chop|p1b: Delphox\n|-supereffective|p1b: Delphox|1\n|-damage|p1b: Delphox|0 fnt\n|faint|p1b: Delphox\n|\n|-heal|p2a: Incineroar|57/100|[from] item: Leftovers\n|upkeep\n|\n|t:|1775927610\n|switch|p1b: Whimsicott|Whimsicott, L50, M|1/100\n|switch|p2b: Raichu|Raichu, L50, M, shiny|100/100\n|turn|6\n|\n|t:|1775927638\n|switch|p1a: Maushold|Maushold-Four, L50|100/100\n|move|p1b: Whimsicott|Tailwind|p1b: Whimsicott\n|-sidestart|p1: mianze|move: Tailwind\n|move|p2b: Raichu|Volt Switch|p1a: Maushold\n|-damage|p1a: Maushold|78/100\n|move|p2a: Incineroar|Flare Blitz|p1a: Maushold\n|-damage|p1a: Maushold|12/100\n|-damage|p2a: Incineroar|37/100|[from] Recoil\n|\n|-heal|p2a: Incineroar|43/100|[from] item: Leftovers\n|-sideend|p1: mianze|move: Light Screen\n|upkeep\n|turn|7\n|\n|t:|1775927678\n|move|p1b: Whimsicott|Light Screen|p1b: Whimsicott\n|-sidestart|p1: mianze|move: Light Screen\n|move|p1a: Maushold|Encore|p2a: Incineroar\n|-start|p2a: Incineroar|Encore\n|move|p2b: Raichu|Volt Switch|p1a: Maushold\n|-damage|p1a: Maushold|0 fnt\n|faint|p1a: Maushold\n|move|p2a: Incineroar|Flare Blitz|p1b: Whimsicott\n|-supereffective|p1b: Whimsicott|1\n|-crit|p1b: Whimsicott\n|-damage|p1b: Whimsicott|0 fnt\n|faint|p1b: Whimsicott\n|-damage|p2a: Incineroar|43/100|[from] Recoil\n|\n|-heal|p2a: Incineroar|49/100|[from] item: Leftovers\n|upkeep\n|\n|t:|1775927696\n|switch|p1b: Sneasler|Sneasler, L50, F|58/100\n|turn|8\n|\n|t:|1775927717\n|move|p1b: Sneasler|Close Combat|p2a: Incineroar\n|-supereffective|p2a: Incineroar|1\n|-damage|p2a: Incineroar|0 fnt\n|-unboost|p1b: Sneasler|def|1\n|-unboost|p1b: Sneasler|spd|1\n|faint|p2a: Incineroar\n|move|p2b: Raichu|Volt Switch|p1b: Sneasler\n|-damage|p1b: Sneasler|18/100\n|\n|upkeep\n|turn|9\n|\n|t:|1775927726\n|move|p1b: Sneasler|Close Combat|p2b: Raichu\n|-enditem|p2b: Raichu|Focus Sash\n|-damage|p2b: Raichu|1/100\n|-unboost|p1b: Sneasler|def|1\n|-unboost|p1b: Sneasler|spd|1\n|move|p2b: Raichu|Volt Switch|p1b: Sneasler\n|-damage|p1b: Sneasler|0 fnt\n|faint|p1b: Sneasler\n|\n|win|Mekadokato\n|raw|mianze's rating: 1053 &rarr; <strong>1040</strong><br />(-13 for losing)\n|raw|Mekadokato's rating: 1156 &rarr; <strong>1174</strong><br />(+18 for winning)\n|c|\u2606Mekadokato|gg\n|l|\u2606mianze\n|player|p1|\n",
  "uploadtime": 1775927743,
  "views": 11,
  "formatid": "gen9championsvgc2026regma",
  "rating": 1040,
  "private": 0,
  "password": null
}