{
  "id": "gen9championsvgc2026regma-2585653504",
  "format": "[Gen 9 Champions] VGC 2026 Reg M-A",
  "players": [
    "jacrepid",
    "Desticate"
  ],
  "log": "|j|\u2606jacrepid\n|j|\u2606Desticate\n|t:|1776361475\n|gametype|doubles\n|player|p1|jacrepid|acetrainer-gen4dp|1110\n|player|p2|Desticate|266|1091\n|gen|9\n|tier|[Gen 9 Champions] VGC 2026 Reg M-A\n|rated|\n|rule|Species Clause: Limit one of each Pok\u00e9mon\n|rule|Item Clause: Limit 1 of each item\n|clearpoke\n|poke|p1|Floette-Eternal, L50, F|\n|poke|p1|Garchomp, L50, M|\n|poke|p1|Charizard, L50, F|\n|poke|p1|Sneasler, L50, M|\n|poke|p1|Whimsicott, L50, F|\n|poke|p1|Incineroar, L50, M|\n|poke|p2|Delphox, L50, F|\n|poke|p2|Garchomp, L50, F|\n|poke|p2|Kingambit, L50, M|\n|poke|p2|Aerodactyl, L50, M|\n|poke|p2|Sneasler, L50, F|\n|poke|p2|Primarina, L50, F|\n|teampreview|4\n|\n|t:|1776361506\n|teamsize|p1|4\n|teamsize|p2|4\n|start\n|switch|p1a: Floette|Floette-Eternal, L50, F|100/100\n|switch|p1b: Garchomp|Garchomp, L50, M|100/100\n|switch|p2a: Delphox|Delphox, L50, F|100/100\n|switch|p2b: Aerodactyl|Aerodactyl, L50, M|100/100\n|turn|1\n|\n|t:|1776361539\n|detailschange|p2a: Delphox|Delphox-Mega, L50, F\n|-mega|p2a: Delphox|Delphox|Delphoxite\n|move|p1b: Garchomp|Rock Slide|p2a: Delphox|[spread] p2a,p2b\n|-supereffective|p2a: Delphox|1\n|-supereffective|p2b: Aerodactyl|1\n|-damage|p2a: Delphox|35/100\n|-damage|p2b: Aerodactyl|31/100\n|cant|p2a: Delphox|flinch\n|move|p2b: Aerodactyl|Tailwind|p2b: Aerodactyl\n|-sidestart|p2: Desticate|move: Tailwind\n|move|p1a: Floette|Calm Mind|p1a: Floette\n|-boost|p1a: Floette|spa|1\n|-boost|p1a: Floette|spd|1\n|\n|upkeep\n|turn|2\n|\n|t:|1776361554\n|move|p1a: Floette|Protect|p1a: Floette\n|-singleturn|p1a: Floette|Protect\n|move|p2a: Delphox|Dazzling Gleam|p1b: Garchomp|[spread] p1b\n|-activate|p1a: Floette|move: Protect\n|-supereffective|p1b: Garchomp|1\n|-damage|p1b: Garchomp|46/100\n|move|p2b: Aerodactyl|Rock Slide|p1b: Garchomp|[spread] p1b\n|-activate|p1a: Floette|move: Protect\n|-resisted|p1b: Garchomp|1\n|-damage|p1b: Garchomp|33/100\n|cant|p1b: Garchomp|flinch\n|\n|upkeep\n|turn|3\n|\n|t:|1776361574\n|detailschange|p1a: Floette|Floette-Mega, L50, F\n|-mega|p1a: Floette|Floette|Floettite\n|-ability|p1a: Floette|Fairy Aura\n|move|p2a: Delphox|Dazzling Gleam|p1a: Floette|[spread] p1a,p1b\n|-supereffective|p1b: Garchomp|1\n|-damage|p1a: Floette|84/100\n|-damage|p1b: Garchomp|0 fnt\n|faint|p1b: Garchomp\n|move|p2b: Aerodactyl|Dual Wingbeat|p1a: Floette\n|-damage|p1a: Floette|60/100\n|-damage|p1a: Floette|36/100\n|-hitcount|p1a: Floette|2\n|move|p1a: Floette|Draining Kiss|p2b: Aerodactyl\n|-damage|p2b: Aerodactyl|0 fnt\n|-heal|p1a: Floette|58/100|[from] drain|[of] p2b: Aerodactyl\n|faint|p2b: Aerodactyl\n|\n|upkeep\n|\n|t:|1776361590\n|switch|p2b: Sneasler|Sneasler, L50, F, shiny|100/100\n|switch|p1b: Incineroar|Incineroar, L50, M|100/100\n|-ability|p1b: Incineroar|Intimidate|boost\n|-unboost|p2a: Delphox|atk|1\n|-unboost|p2b: Sneasler|atk|1\n|-enditem|p2b: Sneasler|White Herb\n|-clearnegativeboost|p2b: Sneasler|[silent]\n|turn|4\n|\n|t:|1776361606\n|move|p2a: Delphox|Protect|p2a: Delphox\n|-singleturn|p2a: Delphox|Protect\n|move|p2b: Sneasler|Fake Out|p1a: Floette\n|-damage|p1a: Floette|43/100\n|move|p1b: Incineroar|Fake Out|p2a: Delphox\n|-activate|p2a: Delphox|move: Protect\n|cant|p1a: Floette|flinch\n|\n|-sideend|p2: Desticate|move: Tailwind\n|upkeep\n|turn|5\n|\n|t:|1776361624\n|move|p1a: Floette|Protect|p1a: Floette\n|-singleturn|p1a: Floette|Protect\n|move|p2b: Sneasler|Dire Claw|p1a: Floette\n|-activate|p1a: Floette|move: Protect\n|move|p2a: Delphox|Dazzling Gleam|p1a: Floette|[spread] p1b\n|-activate|p1a: Floette|move: Protect\n|-damage|p1b: Incineroar|72/100\n|move|p1b: Incineroar|Flare Blitz|p2b: Sneasler\n|-damage|p2b: Sneasler|23/100\n|-damage|p1b: Incineroar|52/100|[from] Recoil\n|\n|upkeep\n|turn|6\n|\n|t:|1776361639\n|move|p1a: Floette|Protect||[still]\n|-fail|p1a: Floette\n|move|p2b: Sneasler|Dire Claw|p1a: Floette\n|-supereffective|p1a: Floette|1\n|-damage|p1a: Floette|0 fnt\n|faint|p1a: Floette\n|move|p2a: Delphox|Dazzling Gleam|p1b: Incineroar\n|-damage|p1b: Incineroar|20/100\n|move|p1b: Incineroar|Flare Blitz|p2b: Sneasler\n|-damage|p2b: Sneasler|0 fnt\n|faint|p2b: Sneasler\n|-damage|p1b: Incineroar|14/100|[from] Recoil\n|\n|upkeep\n|\n|t:|1776361651\n|switch|p2b: Primarina|Primarina, L50, F, shiny|100/100\n|switch|p1a: Sneasler|Sneasler, L50, M|100/100\n|turn|7\n|\n|t:|1776361657\n|move|p2a: Delphox|Protect|p2a: Delphox\n|-singleturn|p2a: Delphox|Protect\n|move|p2b: Primarina|Protect|p2b: Primarina\n|-singleturn|p2b: Primarina|Protect\n|move|p1a: Sneasler|Dire Claw|p2b: Primarina\n|-activate|p2b: Primarina|move: Protect\n|move|p1b: Incineroar|Darkest Lariat|p2a: Delphox\n|-activate|p2a: Delphox|move: Protect\n|\n|upkeep\n|turn|8\n|\n|t:|1776361676\n|move|p2a: Delphox|Dazzling Gleam|p1b: Incineroar|[spread] p1a,p1b\n|-damage|p1a: Sneasler|67/100\n|-damage|p1b: Incineroar|0 fnt\n|faint|p1b: Incineroar\n|move|p1a: Sneasler|Dire Claw|p2a: Delphox\n|-damage|p2a: Delphox|0 fnt\n|faint|p2a: Delphox\n|move|p2b: Primarina|Moonblast|p1a: Sneasler\n|-damage|p1a: Sneasler|5/100\n|\n|upkeep\n|turn|9\n|\n|t:|1776361688\n|move|p1a: Sneasler|Dire Claw|p2b: Primarina\n|-supereffective|p2b: Primarina|1\n|-damage|p2b: Primarina|12/100\n|-status|p2b: Primarina|slp\n|cant|p2b: Primarina|slp\n|\n|-heal|p2b: Primarina|18/100 slp|[from] item: Leftovers\n|upkeep\n|turn|10\n|c|\u2606Desticate|bruh ggg\n|\n|t:|1776361697\n|move|p1a: Sneasler|Dire Claw|p2b: Primarina\n|-supereffective|p2b: Primarina|1\n|-damage|p2b: Primarina|0 fnt\n|faint|p2b: Primarina\n|\n|win|jacrepid\n|raw|jacrepid's rating: 1110 &rarr; <strong>1134</strong><br />(+24 for winning)\n|raw|Desticate's rating: 1091 &rarr; <strong>1069</strong><br />(-22 for losing)\n",
  "uploadtime": 1776361697,
  "views": 23,
  "formatid": "gen9championsvgc2026regma",
  "rating": 1069,
  "private": 0,
  "password": null
}