{
  "id": "gen9championsvgc2026regma-2588238644",
  "format": "[Gen 9 Champions] VGC 2026 Reg M-A",
  "players": [
    "DavidTIS",
    "luzert"
  ],
  "log": "|j|\u2606DavidTIS\n|j|\u2606luzert\n|t:|1776617092\n|gametype|doubles\n|player|p1|DavidTIS|1|1174\n|player|p2|luzert|unknown|1101\n|gen|9\n|tier|[Gen 9 Champions] VGC 2026 Reg M-A\n|rated|\n|rule|Species Clause: Limit one of each Pok\u00e9mon\n|rule|Item Clause: Limit 1 of each item\n|clearpoke\n|poke|p1|Starmie, L50|\n|poke|p1|Lucario, L50, F|\n|poke|p1|Lycanroc-Dusk, L50, F|\n|poke|p1|Hydreigon, L50, F|\n|poke|p1|Slowbro-Galar, L50, F|\n|poke|p1|Skarmory, L50, M|\n|poke|p2|Meganium, L50, M|\n|poke|p2|Basculegion, L50, M|\n|poke|p2|Archaludon, L50, F|\n|poke|p2|Garchomp, L50, F|\n|poke|p2|Politoed, L50, M|\n|poke|p2|Talonflame, L50, M|\n|teampreview|4\n|inactive|Battle timer is ON: inactive players will automatically lose when time's up. (requested by DavidTIS)\n|c|\u2606luzert|gLHF\n|c|\u2606DavidTIS|glhf\n|inactive|DavidTIS has 60 seconds left.\n|c|\u2606luzert|Lycanroc-dusk :)\n|\n|t:|1776617151\n|teamsize|p1|4\n|teamsize|p2|4\n|start\n|switch|p1a: Slowbro|Slowbro-Galar, L50, F|100/100\n|switch|p1b: Lucario|Lucario, L50, F|100/100\n|switch|p2a: Talonflame|Talonflame, L50, M|100/100\n|switch|p2b: Politoed|Politoed, L50, M|100/100\n|-weather|RainDance|[from] ability: Drizzle|[of] p2b: Politoed\n|turn|1\n|\n|t:|1776617171\n|move|p2a: Talonflame|Tailwind|p2a: Talonflame\n|-sidestart|p2: luzert|move: Tailwind\n|move|p2b: Politoed|Weather Ball|p1a: Slowbro\n|-damage|p1a: Slowbro|24/100\n|move|p1b: Lucario|Dark Pulse|p2a: Talonflame\n|-damage|p2a: Talonflame|55/100\n|move|p1a: Slowbro|Shell Side Arm|p2a: Talonflame|[anim] Shell Side Arm Physical\n|-damage|p2a: Talonflame|0 fnt\n|-hint|Physical Shell Side Arm\n|faint|p2a: Talonflame\n|\n|-weather|RainDance|[upkeep]\n|-heal|p1a: Slowbro|30/100|[from] item: Leftovers\n|upkeep\n|\n|t:|1776617184\n|switch|p2a: Archaludon|Archaludon, L50, F|100/100\n|turn|2\n|c|\u2606DavidTIS|love lycanrock\n|c|\u2606luzert|Frr best gen 7 pokemon\n|\n|t:|1776617201\n|move|p1a: Slowbro|Protect|p1a: Slowbro\n|-singleturn|p1a: Slowbro|Protect\n|move|p2a: Archaludon|Electro Shot||[still]\n|-prepare|p2a: Archaludon|Electro Shot\n|-boost|p2a: Archaludon|spa|1\n|-anim|p2a: Archaludon|Electro Shot|p1b: Lucario\n|-damage|p1b: Lucario|0 fnt\n|faint|p1b: Lucario\n|move|p2b: Politoed|Weather Ball|p1a: Slowbro\n|-activate|p1a: Slowbro|move: Protect\n|\n|-weather|RainDance|[upkeep]\n|-heal|p1a: Slowbro|36/100|[from] item: Leftovers\n|upkeep\n|inactive|DavidTIS has 30 seconds left.\n|inactive|DavidTIS has 20 seconds left.\n|\n|t:|1776617236\n|switch|p1b: Starmie|Starmie, L50|100/100\n|turn|3\n|inactive|DavidTIS has 30 seconds left.\n|-activate|p1a: Slowbro|ability: Quick Draw\n|\n|t:|1776617267\n|detailschange|p1b: Starmie|Starmie-Mega, L50\n|-mega|p1b: Starmie|Starmie|Starminite\n|move|p1b: Starmie|Protect|p1b: Starmie\n|-singleturn|p1b: Starmie|Protect\n|move|p1a: Slowbro|Ice Punch|p2a: Archaludon\n|-damage|p2a: Archaludon|79/100\n|-ability|p2a: Archaludon|Stamina|boost\n|-boost|p2a: Archaludon|def|1\n|move|p2a: Archaludon|Electro Shot||[still]\n|-prepare|p2a: Archaludon|Electro Shot\n|-boost|p2a: Archaludon|spa|1\n|-anim|p2a: Archaludon|Electro Shot|p1b: Starmie\n|-activate|p1b: Starmie|move: Protect\n|move|p2b: Politoed|Weather Ball|p1a: Slowbro\n|-damage|p1a: Slowbro|0 fnt\n|faint|p1a: Slowbro\n|\n|-weather|RainDance|[upkeep]\n|-heal|p2a: Archaludon|85/100|[from] item: Leftovers\n|upkeep\n|\n|t:|1776617285\n|switch|p1a: Hydreigon|Hydreigon, L50, F|100/100\n|turn|4\n|\n|t:|1776617307\n|move|p2a: Archaludon|Draco Meteor|p1a: Hydreigon\n|-supereffective|p1a: Hydreigon|1\n|-damage|p1a: Hydreigon|0 fnt\n|-unboost|p2a: Archaludon|spa|2\n|faint|p1a: Hydreigon\n|move|p1b: Starmie|Psycho Cut|p2b: Politoed\n|-crit|p2b: Politoed\n|-damage|p2b: Politoed|0 fnt\n|faint|p2b: Politoed\n|\n|-weather|RainDance|[upkeep]\n|-heal|p2a: Archaludon|91/100|[from] item: Leftovers\n|-sideend|p2: luzert|move: Tailwind\n|upkeep\n|\n|t:|1776617327\n|switch|p2b: Basculegion|Basculegion, L50, M|100/100\n|turn|5\n|\n|t:|1776617335\n|move|p2b: Basculegion|Last Respects|p1b: Starmie\n|-supereffective|p1b: Starmie|1\n|-damage|p1b: Starmie|0 fnt\n|faint|p1b: Starmie\n|\n|win|luzert\n|raw|DavidTIS's rating: 1174 &rarr; <strong>1144</strong><br />(-30 for losing)\n|raw|luzert's rating: 1101 &rarr; <strong>1131</strong><br />(+30 for winning)\n|c|\u2606luzert|gg\n|c|\u2606DavidTIS|gg\n",
  "uploadtime": 1776617342,
  "views": 19,
  "formatid": "gen9championsvgc2026regma",
  "rating": 1131,
  "private": 0,
  "password": null
}