{
  "id": "gen9championsvgc2026regma-2581179746",
  "format": "[Gen 9 Champions] VGC 2026 Reg M-A",
  "players": [
    "xanduh7",
    "yuccamon"
  ],
  "log": "|j|\u2606xanduh7\n|j|\u2606yuccamon\n|t:|1775967757\n|gametype|doubles\n|player|p1|xanduh7|pokemaniac|1064\n|player|p2|yuccamon|169|1000\n|gen|9\n|tier|[Gen 9 Champions] VGC 2026 Reg M-A\n|rated|\n|rule|Species Clause: Limit one of each Pok\u00e9mon\n|rule|Item Clause: Limit 1 of each item\n|clearpoke\n|poke|p1|Kingambit, L50, M|\n|poke|p1|Incineroar, L50, M|\n|poke|p1|Kangaskhan, L50, F|\n|poke|p1|Medicham, L50, M|\n|poke|p1|Sinistcha-Masterpiece, L50|\n|poke|p1|Rhyperior, L50, M|\n|poke|p2|Palafin, L50, M|\n|poke|p2|Incineroar, L50, M|\n|poke|p2|Maushold, L50|\n|poke|p2|Garchomp, L50, M|\n|poke|p2|Whimsicott, L50, F|\n|poke|p2|Gengar, L50, F|\n|teampreview|4\n|inactive|Battle timer is ON: inactive players will automatically lose when time's up. (requested by xanduh7)\n|inactive|xanduh7 has 60 seconds left.\n|inactive|yuccamon has 60 seconds left.\n|inactive|xanduh7 has 30 seconds left.\n|inactive|xanduh7 has 20 seconds left.\n|inactive|xanduh7 has 15 seconds left.\n|\n|t:|1775967833\n|teamsize|p1|4\n|teamsize|p2|4\n|start\n|switch|p1a: Medicham|Medicham, L50, M, shiny|100/100\n|switch|p1b: Kingambit|Kingambit, L50, M, shiny|100/100\n|switch|p2a: Palafin|Palafin, L50, M|100/100\n|switch|p2b: Incineroar|Incineroar, L50, M|100/100\n|-ability|p2b: Incineroar|Intimidate|boost\n|-unboost|p1a: Medicham|atk|1\n|-unboost|p1b: Kingambit|atk|1\n|-ability|p1b: Kingambit|Defiant|boost\n|-boost|p1b: Kingambit|atk|2\n|turn|1\n|inactive|yuccamon has 30 seconds left.\n|\n|t:|1775967871\n|move|p2b: Incineroar|Fake Out|p1b: Kingambit\n|-resisted|p1b: Kingambit|1\n|-damage|p1b: Kingambit|96/100\n|move|p1a: Medicham|Skill Swap|p1b: Kingambit\n|-activate|p1a: Medicham|Skill Swap|||[of] p1b: Kingambit\n|move|p2a: Palafin|Flip Turn|p1a: Medicham\n|-damage|p1a: Medicham|51/100\n|\n|t:|1775967883\n|detailschange|p2a: Palafin|Palafin-Hero, L50, M\n|switch|p2a: Maushold|Maushold, L50|100/100|[from] Flip Turn\n|cant|p1b: Kingambit|flinch\n|\n|upkeep\n|turn|2\n|inactive|xanduh7 has 30 seconds left.\n|inactive|yuccamon has 30 seconds left.\n|inactive|yuccamon has 20 seconds left.\n|\n|t:|1775967921\n|switch|p1a: Incineroar|Incineroar, L50, M|100/100\n|-ability|p1a: Incineroar|Intimidate|boost\n|-unboost|p2a: Maushold|atk|1\n|-unboost|p2b: Incineroar|atk|1\n|switch|p2b: Palafin|Palafin-Hero, L50, M|100/100\n|-activate|p2b: Palafin|ability: Zero to Hero\n|move|p2a: Maushold|Rain Dance|p2a: Maushold\n|-weather|RainDance\n|move|p1b: Kingambit|Kowtow Cleave|p2b: Palafin\n|-damage|p2b: Palafin|0 fnt\n|faint|p2b: Palafin\n|\n|-weather|RainDance|[upkeep]\n|upkeep\n|\n|t:|1775967937\n|switch|p2b: Gengar|Gengar, L50, F|100/100\n|turn|3\n|inactive|yuccamon has 30 seconds left.\n|\n|t:|1775967965\n|detailschange|p2b: Gengar|Gengar-Mega, L50, F\n|-mega|p2b: Gengar|Gengar|Gengarite\n|move|p2a: Maushold|Follow Me|p2a: Maushold\n|-singleturn|p2a: Maushold|move: Follow Me\n|move|p2b: Gengar|Nasty Plot|p2b: Gengar\n|-boost|p2b: Gengar|spa|2\n|move|p1a: Incineroar|Parting Shot|p2a: Maushold\n|-unboost|p2a: Maushold|atk|1\n|-unboost|p2a: Maushold|spa|1\n|inactive|xanduh7 has 30 seconds left.\n|\n|t:|1775967994\n|switch|p1a: Sinistcha|Sinistcha-Masterpiece, L50|100/100|[from] Parting Shot\n|-heal|p1b: Kingambit|100/100|[from] ability: Hospitality|[of] p1a: Sinistcha\n|move|p1b: Kingambit|Kowtow Cleave|p2a: Maushold\n|-enditem|p2a: Maushold|Focus Sash\n|-damage|p2a: Maushold|1/100\n|\n|-weather|RainDance|[upkeep]\n|upkeep\n|turn|4\n|inactive|yuccamon has 30 seconds left.\n|\n|t:|1775968019\n|move|p2a: Maushold|Protect|p2a: Maushold\n|-singleturn|p2a: Maushold|Protect\n|move|p1b: Kingambit|Protect|p1b: Kingambit\n|-singleturn|p1b: Kingambit|Protect\n|move|p2b: Gengar|Shadow Ball|p1b: Kingambit\n|-activate|p1b: Kingambit|move: Protect\n|move|p1a: Sinistcha|Trick Room|p1a: Sinistcha\n|-fieldstart|move: Trick Room|[of] p1a: Sinistcha\n|\n|-weather|RainDance|[upkeep]\n|upkeep\n|turn|5\n|\n|t:|1775968040\n|move|p1a: Sinistcha|Rage Powder|p1a: Sinistcha\n|-singleturn|p1a: Sinistcha|move: Rage Powder\n|move|p2a: Maushold|Follow Me|p2a: Maushold\n|-singleturn|p2a: Maushold|move: Follow Me\n|move|p1b: Kingambit|Kowtow Cleave|p2a: Maushold\n|-damage|p2a: Maushold|0 fnt\n|faint|p2a: Maushold\n|move|p2b: Gengar|Sludge Bomb|p1a: Sinistcha\n|-damage|p1a: Sinistcha|0 fnt\n|faint|p1a: Sinistcha\n|\n|-weather|RainDance|[upkeep]\n|upkeep\n|\n|t:|1775968051\n|switch|p1a: Incineroar|Incineroar, L50, M|100/100\n|switch|p2a: Incineroar|Incineroar, L50, M|100/100\n|-ability|p1a: Incineroar|Intimidate|boost\n|-unboost|p2a: Incineroar|atk|1\n|-unboost|p2b: Gengar|atk|1\n|-ability|p2a: Incineroar|Intimidate|boost\n|-unboost|p1a: Incineroar|atk|1\n|-unboost|p1b: Kingambit|atk|1\n|turn|6\n|\n|t:|1775968073\n|move|p1a: Incineroar|Fake Out|p2a: Incineroar\n|-damage|p2a: Incineroar|93/100\n|cant|p2a: Incineroar|flinch\n|move|p1b: Kingambit|Kowtow Cleave|p2b: Gengar\n|-supereffective|p2b: Gengar|1\n|-damage|p2b: Gengar|0 fnt\n|faint|p2b: Gengar\n|\n|-weather|none\n|-heal|p2a: Incineroar|99/100|[from] item: Leftovers\n|upkeep\n|turn|7\n|-message|yuccamon forfeited.\n|\n|win|xanduh7\n|raw|xanduh7's rating: 1064 &rarr; <strong>1089</strong><br />(+25 for winning)\n|raw|yuccamon's rating: 1000 &rarr; <strong>1000</strong><br />(+0 for losing)\n|l|\u2606yuccamon\n|player|p2|\n",
  "uploadtime": 1775968088,
  "views": 12,
  "formatid": "gen9championsvgc2026regma",
  "rating": 1000,
  "private": 0,
  "password": null
}