{
  "id": "gen9championsvgc2026regma-2584915773",
  "format": "[Gen 9 Champions] VGC 2026 Reg M-A",
  "players": [
    "Orizor",
    "mr0ffline"
  ],
  "log": "|j|\u2606Orizor\n|j|\u2606mr0ffline\n|t:|1776294191\n|gametype|doubles\n|player|p1|Orizor|hilbert-wonderlauncher|1101\n|player|p2|mr0ffline|1|1079\n|gen|9\n|tier|[Gen 9 Champions] VGC 2026 Reg M-A\n|rated|\n|rule|Species Clause: Limit one of each Pok\u00e9mon\n|rule|Item Clause: Limit 1 of each item\n|clearpoke\n|poke|p1|Garchomp, L50, F|\n|poke|p1|Gengar, L50, F|\n|poke|p1|Incineroar, L50, F|\n|poke|p1|Basculegion, L50, M|\n|poke|p1|Talonflame, L50, F|\n|poke|p1|Lucario, L50, M|\n|poke|p2|Sinistcha, L50|\n|poke|p2|Incineroar, L50, M|\n|poke|p2|Kingambit, L50, F|\n|poke|p2|Kommo-o, L50, M|\n|poke|p2|Basculegion, L50, M|\n|poke|p2|Gengar, L50, M|\n|teampreview|4\n|inactive|Battle timer is ON: inactive players will automatically lose when time's up. (requested by Orizor)\n|inactive|Orizor has 60 seconds left.\n|inactive|mr0ffline has 60 seconds left.\n|\n|t:|1776294237\n|teamsize|p1|4\n|teamsize|p2|4\n|start\n|switch|p1a: Lucario|Lucario, L50, M|100/100\n|switch|p1b: Basculegion|Basculegion, L50, M|100/100\n|switch|p2a: Kingambit|Kingambit, L50, F|100/100\n|switch|p2b: Basculegion|Basculegion, L50, M|100/100\n|turn|1\n|inactive|Orizor has 30 seconds left.\n|\n|t:|1776294272\n|switch|p1b: Talonflame|Talonflame, L50, F|100/100\n|switch|p2b: Incineroar|Incineroar, L50, M|100/100\n|-ability|p2b: Incineroar|Intimidate|boost\n|-fail|p1a: Lucario|unboost|Attack|[from] ability: Inner Focus|[of] p1a: Lucario\n|-unboost|p1b: Talonflame|atk|1\n|detailschange|p1a: Lucario|Lucario-Mega, L50, M\n|-mega|p1a: Lucario|Lucario|Lucarionite\n|move|p1a: Lucario|Aura Sphere|p2a: Kingambit\n|-supereffective|p2a: Kingambit|2\n|-enditem|p2a: Kingambit|Chople Berry|[eat]\n|-enditem|p2a: Kingambit|Chople Berry|[weaken]\n|-damage|p2a: Kingambit|0 fnt\n|faint|p2a: Kingambit\n|\n|upkeep\n|\n|t:|1776294291\n|switch|p2a: Basculegion|Basculegion, L50, M|100/100\n|turn|2\n|\n|t:|1776294308\n|move|p1b: Talonflame|Quick Guard|p1b: Talonflame\n|-singleturn|p1b: Talonflame|Quick Guard\n|move|p2b: Incineroar|Fake Out|p1b: Talonflame\n|-activate|p1b: Talonflame|move: Quick Guard\n|move|p1a: Lucario|Aura Sphere|p2b: Incineroar\n|-supereffective|p2b: Incineroar|1\n|-damage|p2b: Incineroar|0 fnt\n|faint|p2b: Incineroar\n|move|p2a: Basculegion|Flip Turn|p1a: Lucario\n|-damage|p1a: Lucario|47/100\n|\n|t:|1776294315\n|switch|p2a: Sinistcha|Sinistcha, L50|100/100|[from] Flip Turn\n|\n|upkeep\n|\n|t:|1776294318\n|switch|p2b: Basculegion|Basculegion, L50, M|100/100\n|turn|3\n|\n|t:|1776294336\n|move|p1b: Talonflame|Tailwind|p1b: Talonflame\n|-sidestart|p1: Orizor|move: Tailwind\n|move|p1a: Lucario|Substitute|p1a: Lucario\n|-start|p1a: Lucario|Substitute\n|-damage|p1a: Lucario|22/100\n|move|p2b: Basculegion|Last Respects|p1b: Talonflame\n|-damage|p1b: Talonflame|0 fnt\n|faint|p1b: Talonflame\n|move|p2a: Sinistcha|Matcha Gotcha|p1a: Lucario\n|-resisted|p1a: Lucario|1\n|-activate|p1a: Lucario|move: Substitute|[damage]\n|\n|upkeep\n|\n|t:|1776294350\n|switch|p1b: Basculegion|Basculegion, L50, M|100/100\n|turn|4\n|\n|t:|1776294362\n|move|p1b: Basculegion|Last Respects|p2b: Basculegion\n|-supereffective|p2b: Basculegion|1\n|-damage|p2b: Basculegion|0 fnt\n|faint|p2b: Basculegion\n|move|p1a: Lucario|Flash Cannon|p2a: Sinistcha\n|-damage|p2a: Sinistcha|47/100\n|-enditem|p2a: Sinistcha|Sitrus Berry|[eat]\n|-heal|p2a: Sinistcha|71/100|[from] item: Sitrus Berry\n|move|p2a: Sinistcha|Matcha Gotcha|p1a: Lucario|[spread] p1a,p1b\n|-resisted|p1a: Lucario|1\n|-end|p1a: Lucario|Substitute\n|-heal|p2a: Sinistcha|72/100|[from] drain|[of] p1a: Lucario\n|-supereffective|p1b: Basculegion|1\n|-damage|p1b: Basculegion|40/100\n|-heal|p2a: Sinistcha|100/100|[from] drain|[of] p1b: Basculegion\n|\n|upkeep\n|turn|5\n|\n|t:|1776294368\n|move|p1b: Basculegion|Last Respects|p2a: Sinistcha\n|-supereffective|p2a: Sinistcha|1\n|-damage|p2a: Sinistcha|0 fnt\n|faint|p2a: Sinistcha\n|\n|win|Orizor\n|raw|Orizor's rating: 1101 &rarr; <strong>1124</strong><br />(+23 for winning)\n|raw|mr0ffline's rating: 1079 &rarr; <strong>1059</strong><br />(-20 for losing)\n|l|\u2606mr0ffline\n|player|p2|\n",
  "uploadtime": 1776294371,
  "views": 19,
  "formatid": "gen9championsvgc2026regma",
  "rating": 1059,
  "private": 0,
  "password": null
}