{
  "id": "gen9championsvgc2026regma-2586238446",
  "format": "[Gen 9 Champions] VGC 2026 Reg M-A",
  "players": [
    "zwcrazy",
    "buldupskill"
  ],
  "log": "|j|\u2606zwcrazy\n|j|\u2606buldupskill\n|t:|1776415994\n|gametype|doubles\n|player|p1|zwcrazy|beauty-gen4dp|1118\n|player|p2|buldupskill|hiker-gen4|1098\n|gen|9\n|tier|[Gen 9 Champions] VGC 2026 Reg M-A\n|rated|\n|rule|Species Clause: Limit one of each Pok\u00e9mon\n|rule|Item Clause: Limit 1 of each item\n|clearpoke\n|poke|p1|Kingambit, L50, F|\n|poke|p1|Sneasler, L50, F|\n|poke|p1|Talonflame, L50, F|\n|poke|p1|Garchomp, L50, M|\n|poke|p1|Froslass, L50, F|\n|poke|p1|Milotic, L50, F|\n|poke|p2|Tyranitar, L50, F|\n|poke|p2|Excadrill, L50, M|\n|poke|p2|Rotom-Wash, L50|\n|poke|p2|Sneasler, L50, M|\n|poke|p2|Corviknight, L50, M|\n|poke|p2|Serperior, L50, F|\n|teampreview|4\n|c|\u2606zwcrazy|sup bro\n|c|\u2606zwcrazy|gl\n|c|\u2606zwcrazy|!\nbuldupskill rejected open team sheets.\n|c|\u2606buldupskill|glhf\n|\n|t:|1776416041\n|teamsize|p1|4\n|teamsize|p2|4\n|start\n|switch|p1a: Talonflame|Talonflame, L50, F|100/100\n|switch|p1b: Froslass|Froslass, L50, F|100/100\n|switch|p2a: Tyranitar|Tyranitar, L50, F|100/100\n|switch|p2b: Excadrill|Excadrill, L50, M|100/100\n|-weather|Sandstorm|[from] ability: Sand Stream|[of] p2a: Tyranitar\n|turn|1\n|\n|t:|1776416060\n|detailschange|p2b: Excadrill|Excadrill-Mega, L50, M\n|-mega|p2b: Excadrill|Excadrill|Excadrite\n|detailschange|p1b: Froslass|Froslass-Mega, L50, F\n|-mega|p1b: Froslass|Froslass|Froslassite\n|-weather|Snowscape|[from] ability: Snow Warning|[of] p1b: Froslass\n|move|p1a: Talonflame|Tailwind|p1a: Talonflame\n|-sidestart|p1: zwcrazy|move: Tailwind\n|move|p1b: Froslass|Blizzard|p2b: Excadrill|[spread] p2a,p2b\n|-damage|p2a: Tyranitar|55/100\n|-damage|p2b: Excadrill|42/100\n|move|p2b: Excadrill|Rock Slide|p1b: Froslass|[spread] p1a,p1b\n|-supereffective|p1a: Talonflame|2\n|-supereffective|p1b: Froslass|1\n|-damage|p1a: Talonflame|0 fnt\n|-damage|p1b: Froslass|47/100\n|faint|p1a: Talonflame\n|move|p2a: Tyranitar|Rock Slide|p1b: Froslass\n|-supereffective|p1b: Froslass|1\n|-damage|p1b: Froslass|0 fnt\n|faint|p1b: Froslass\n|-heal|p2a: Tyranitar|60/100|[from] item: Shell Bell|[of] p1: Froslass\n|\n|-weather|Snowscape|[upkeep]\n|upkeep\n|\n|t:|1776416072\n|switch|p1a: Milotic|Milotic, L50, F|100/100\n|switch|p1b: Kingambit|Kingambit, L50, F|100/100\n|turn|2\n|\n|t:|1776416090\n|move|p2a: Tyranitar|Protect|p2a: Tyranitar\n|-singleturn|p2a: Tyranitar|Protect\n|move|p1a: Milotic|Muddy Water|p2a: Tyranitar|[spread] p2b\n|-activate|p2a: Tyranitar|move: Protect\n|-supereffective|p2b: Excadrill|1\n|-damage|p2b: Excadrill|0 fnt\n|faint|p2b: Excadrill\n|move|p1b: Kingambit|Swords Dance|p1b: Kingambit\n|-boost|p1b: Kingambit|atk|2\n|\n|-weather|Snowscape|[upkeep]\n|upkeep\n|\n|t:|1776416100\n|switch|p2b: Sneasler|Sneasler, L50, M|100/100\n|turn|3\n|\n|t:|1776416115\n|move|p1a: Milotic|Protect|p1a: Milotic\n|-singleturn|p1a: Milotic|Protect\n|move|p1b: Kingambit|Protect|p1b: Kingambit\n|-singleturn|p1b: Kingambit|Protect\n|move|p2b: Sneasler|Fake Out|p1b: Kingambit\n|-activate|p1b: Kingambit|move: Protect\n|move|p2a: Tyranitar|Rock Slide|p1b: Kingambit|[spread] \n|-activate|p1a: Milotic|move: Protect\n|-activate|p1b: Kingambit|move: Protect\n|\n|-weather|Snowscape|[upkeep]\n|upkeep\n|turn|4\n|\n|t:|1776416135\n|move|p1a: Milotic|Muddy Water|p2b: Sneasler|[spread] p2b\n|-miss|p1a: Milotic|p2a: Tyranitar\n|-damage|p2b: Sneasler|61/100\n|-unboost|p2b: Sneasler|accuracy|1\n|-enditem|p2b: Sneasler|White Herb\n|-clearnegativeboost|p2b: Sneasler|[silent]\n|move|p2b: Sneasler|Close Combat|p1b: Kingambit\n|-supereffective|p1b: Kingambit|2\n|-damage|p1b: Kingambit|0 fnt\n|-unboost|p2b: Sneasler|def|1\n|-unboost|p2b: Sneasler|spd|1\n|faint|p1b: Kingambit\n|move|p2a: Tyranitar|Rock Slide|p1a: Milotic\n|-crit|p1a: Milotic\n|-damage|p1a: Milotic|41/100\n|-heal|p2a: Tyranitar|67/100|[from] item: Shell Bell|[of] p1a: Milotic\n|\n|-weather|Snowscape|[upkeep]\n|-heal|p1a: Milotic|47/100|[from] item: Leftovers\n|-sideend|p1: zwcrazy|move: Tailwind\n|upkeep\n|turn|5\n|\n|t:|1776416157\n|move|p2b: Sneasler|Dire Claw|p1a: Milotic\n|-damage|p1a: Milotic|4/100\n|move|p2a: Tyranitar|Knock Off|p1a: Milotic\n|-damage|p1a: Milotic|0 fnt\n|-enditem|p1a: Milotic|Leftovers|[from] move: Knock Off|[of] p2a: Tyranitar\n|faint|p1a: Milotic\n|-heal|p2a: Tyranitar|68/100|[from] item: Shell Bell|[of] p1: Milotic\n|\n|win|buldupskill\n|raw|zwcrazy's rating: 1118 &rarr; <strong>1092</strong><br />(-26 for losing)\n|raw|buldupskill's rating: 1098 &rarr; <strong>1125</strong><br />(+27 for winning)\n|c|\u2606zwcrazy|gg\n",
  "uploadtime": 1776416163,
  "views": 23,
  "formatid": "gen9championsvgc2026regma",
  "rating": 1092,
  "private": 0,
  "password": null
}