{
  "id": "gen9championsvgc2026regma-2586937624",
  "format": "[Gen 9 Champions] VGC 2026 Reg M-A",
  "players": [
    "Redbloon",
    "Wo-Chien<3"
  ],
  "log": "|j|\u2606Redbloon\n|j|\u2606Wo-Chien<3\n|t:|1776473588\n|gametype|doubles\n|player|p1|Redbloon|102|1184\n|player|p2|Wo-Chien<3|miku-ground|1273\n|gen|9\n|tier|[Gen 9 Champions] VGC 2026 Reg M-A\n|rated|\n|rule|Species Clause: Limit one of each Pok\u00e9mon\n|rule|Item Clause: Limit 1 of each item\n|clearpoke\n|poke|p1|Farigiraf, L50, F|\n|poke|p1|Camerupt, L50, F|\n|poke|p1|Crabominable, L50, M|\n|poke|p1|Mimikyu, L50, M|\n|poke|p1|Drampa, L50, M|\n|poke|p1|Sinistcha-Masterpiece, L50|\n|poke|p2|Froslass, L50, F|\n|poke|p2|Rotom-Frost, L50|\n|poke|p2|Sneasler, L50, F|\n|poke|p2|Kingambit, L50, F|\n|poke|p2|Garchomp, L50, M|\n|poke|p2|Aerodactyl, L50, F|\n|teampreview|4\n|inactive|Battle timer is ON: inactive players will automatically lose when time's up. (requested by Redbloon)\n|\n|t:|1776473630\n|teamsize|p1|4\n|teamsize|p2|4\n|start\n|switch|p1a: Mimikyu|Mimikyu, L50, M|100/100\n|switch|p1b: Farigiraf|Farigiraf, L50, F|100/100\n|switch|p2a: Kingambit|Kingambit, L50, F|100/100\n|switch|p2b: Froslass|Froslass, L50, F|100/100\n|turn|1\n|\n|t:|1776473642\n|detailschange|p2b: Froslass|Froslass-Mega, L50, F\n|-mega|p2b: Froslass|Froslass|Froslassite\n|-weather|Snowscape|[from] ability: Snow Warning|[of] p2b: Froslass\n|move|p1b: Farigiraf|Protect|p1b: Farigiraf\n|-singleturn|p1b: Farigiraf|Protect\n|move|p2b: Froslass|Blizzard|p1b: Farigiraf|[spread] p1a\n|-activate|p1b: Farigiraf|move: Protect\n|-activate|p1a: Mimikyu|ability: Disguise\n|-damage|p1a: Mimikyu|100/100\n|detailschange|p1a: Mimikyu|Mimikyu-Busted, L50, M\n|-damage|p1a: Mimikyu|88/100|[from] pokemon: Mimikyu-Busted\n|move|p2a: Kingambit|Iron Head|p1a: Mimikyu\n|-supereffective|p1a: Mimikyu|1\n|-damage|p1a: Mimikyu|0 fnt\n|faint|p1a: Mimikyu\n|\n|-weather|Snowscape|[upkeep]\n|upkeep\n|\n|t:|1776473656\n|switch|p1a: Drampa|Drampa, L50, M|100/100\n|-ability|p1a: Drampa|Cloud Nine\n|turn|2\n|\n|t:|1776473671\n|move|p2b: Froslass|Blizzard|p1b: Farigiraf|[spread] p1b\n|-miss|p2b: Froslass|p1a: Drampa\n|-damage|p1b: Farigiraf|60/100\n|move|p2a: Kingambit|Kowtow Cleave|p1b: Farigiraf\n|-supereffective|p1b: Farigiraf|1\n|-enditem|p1b: Farigiraf|Colbur Berry|[eat]\n|-enditem|p1b: Farigiraf|Colbur Berry|[weaken]\n|-damage|p1b: Farigiraf|2/100\n|move|p1a: Drampa|Draco Meteor|p2b: Froslass\n|-damage|p2b: Froslass|23/100\n|-unboost|p1a: Drampa|spa|2\n|move|p1b: Farigiraf|Trick Room|p1b: Farigiraf\n|-fieldstart|move: Trick Room|[of] p1b: Farigiraf\n|\n|-weather|Snowscape|[upkeep]\n|upkeep\n|turn|3\n|inactive|Redbloon has 30 seconds left.\n|inactive|Wo-Chien<3 has 30 seconds left.\n|inactive|Redbloon has 20 seconds left.\n|\n|t:|1776473710\n|switch|p1a: Camerupt|Camerupt, L50, F|100/100\n|move|p2b: Froslass|Protect|p2b: Froslass\n|-singleturn|p2b: Froslass|Protect\n|move|p1b: Farigiraf|Psychic|p2b: Froslass\n|-activate|p2b: Froslass|move: Protect\n|move|p2a: Kingambit|Iron Head|p1b: Farigiraf\n|-damage|p1b: Farigiraf|0 fnt\n|faint|p1b: Farigiraf\n|\n|-weather|Snowscape|[upkeep]\n|upkeep\n|\n|t:|1776473719\n|switch|p1b: Drampa|Drampa, L50, M|100/100\n|-ability|p1b: Drampa|Cloud Nine\n|turn|4\n|\n|t:|1776473736\n|switch|p2b: Aerodactyl|Aerodactyl, L50, F|100/100\n|-ability|p2b: Aerodactyl|Unnerve\n|detailschange|p1a: Camerupt|Camerupt-Mega, L50, F\n|-mega|p1a: Camerupt|Camerupt|Cameruptite\n|move|p2a: Kingambit|Sucker Punch|p1a: Camerupt\n|-damage|p1a: Camerupt|52/100\n|move|p1a: Camerupt|Eruption|p2a: Kingambit|[spread] p2a,p2b\n|-supereffective|p2a: Kingambit|1\n|-resisted|p2b: Aerodactyl|1\n|-damage|p2a: Kingambit|30/100\n|-damage|p2b: Aerodactyl|77/100\n|move|p1b: Drampa|Tri Attack|p2a: Kingambit\n|-resisted|p2a: Kingambit|1\n|-damage|p2a: Kingambit|8/100\n|\n|-weather|Snowscape|[upkeep]\n|upkeep\n|turn|5\n|\n|t:|1776473759\n|move|p1a: Camerupt|Protect|p1a: Camerupt\n|-singleturn|p1a: Camerupt|Protect\n|move|p2a: Kingambit|Sucker Punch||[still]\n|-fail|p2a: Kingambit\n|move|p1b: Drampa|Hyper Voice|p2b: Aerodactyl|[spread] p2a,p2b\n|-resisted|p2a: Kingambit|1\n|-resisted|p2b: Aerodactyl|1\n|-damage|p2a: Kingambit|0 fnt\n|-damage|p2b: Aerodactyl|51/100\n|faint|p2a: Kingambit\n|move|p2b: Aerodactyl|Rock Slide|p1b: Drampa|[spread] p1b\n|-activate|p1a: Camerupt|move: Protect\n|-damage|p1b: Drampa|72/100\n|\n|-weather|none\n|upkeep\n|\n|t:|1776473769\n|switch|p2a: Sneasler|Sneasler, L50, F|100/100\n|turn|6\n|\n|t:|1776473778\n|move|p2a: Sneasler|Protect|p2a: Sneasler\n|-singleturn|p2a: Sneasler|Protect\n|move|p2b: Aerodactyl|Protect|p2b: Aerodactyl\n|-singleturn|p2b: Aerodactyl|Protect\n|move|p1a: Camerupt|Heat Wave|p2a: Sneasler|[spread] \n|-activate|p2a: Sneasler|move: Protect\n|-activate|p2b: Aerodactyl|move: Protect\n|move|p1b: Drampa|Hyper Voice|p2a: Sneasler|[spread] \n|-activate|p2a: Sneasler|move: Protect\n|-activate|p2b: Aerodactyl|move: Protect\n|\n|-fieldend|move: Trick Room\n|upkeep\n|turn|7\n|\n|t:|1776473788\n|move|p1a: Camerupt|Protect|p1a: Camerupt\n|-singleturn|p1a: Camerupt|Protect\n|move|p2b: Aerodactyl|Rock Slide|p1b: Drampa|[spread] p1b\n|-activate|p1a: Camerupt|move: Protect\n|-damage|p1b: Drampa|43/100\n|move|p2a: Sneasler|Close Combat|p1a: Camerupt\n|-activate|p1a: Camerupt|move: Protect\n|move|p1b: Drampa|Tri Attack|p2a: Sneasler\n|-crit|p2a: Sneasler\n|-damage|p2a: Sneasler|6/100\n|\n|upkeep\n|turn|8\n|\n|t:|1776473810\n|move|p2b: Aerodactyl|Rock Slide|p1b: Drampa|[spread] p1a,p1b\n|-damage|p1a: Camerupt|26/100\n|-damage|p1b: Drampa|14/100\n|move|p2a: Sneasler|Close Combat|p1a: Camerupt\n|-damage|p1a: Camerupt|0 fnt\n|-unboost|p2a: Sneasler|def|1\n|-unboost|p2a: Sneasler|spd|1\n|faint|p1a: Camerupt\n|-enditem|p2a: Sneasler|White Herb\n|-clearnegativeboost|p2a: Sneasler|[silent]\n|move|p1b: Drampa|Hyper Voice|p2b: Aerodactyl|[spread] p2a,p2b\n|-resisted|p2b: Aerodactyl|1\n|-crit|p2b: Aerodactyl\n|-damage|p2a: Sneasler|0 fnt\n|-damage|p2b: Aerodactyl|9/100\n|faint|p2a: Sneasler\n|\n|upkeep\n|\n|t:|1776473815\n|switch|p2a: Froslass|Froslass-Mega, L50, F|23/100\n|-weather|Snowscape|[from] ability: Snow Warning|[of] p2a: Froslass\n|turn|9\n|\n|t:|1776473826\n|move|p2b: Aerodactyl|Dual Wingbeat|p1b: Drampa\n|-damage|p1b: Drampa|0 fnt\n|faint|p1b: Drampa\n|-hitcount|p1: Drampa|1\n|\n|win|Wo-Chien<3\n|raw|Redbloon's rating: 1184 &rarr; <strong>1165</strong><br />(-19 for losing)\n|raw|Wo-Chien&lt;3's rating: 1273 &rarr; <strong>1292</strong><br />(+19 for winning)\n|l|\u2606Redbloon\n|player|p1|\n",
  "uploadtime": 1776473831,
  "views": 20,
  "formatid": "gen9championsvgc2026regma",
  "rating": 1165,
  "private": 0,
  "password": null
}