{
  "id": "gen9championsvgc2026regma-2581665896",
  "format": "[Gen 9 Champions] VGC 2026 Reg M-A",
  "players": [
    "tikmasjien",
    "StrikerMohamud"
  ],
  "log": "|j|\u2606tikmasjien\n|j|\u2606StrikerMohamud\n|t:|1776019129\n|gametype|doubles\n|player|p1|tikmasjien|102|1137\n|player|p2|StrikerMohamud|unknown|1177\n|gen|9\n|tier|[Gen 9 Champions] VGC 2026 Reg M-A\n|rated|\n|rule|Species Clause: Limit one of each Pok\u00e9mon\n|rule|Item Clause: Limit 1 of each item\n|clearpoke\n|poke|p1|Froslass, L50, F|\n|poke|p1|Rotom-Frost, L50|\n|poke|p1|Ceruledge, L50, M|\n|poke|p1|Corviknight, L50, M|\n|poke|p1|Krookodile, L50, M|\n|poke|p1|Primarina, L50, M|\n|poke|p2|Kangaskhan, L50, F|\n|poke|p2|Incineroar, L50, M|\n|poke|p2|Azumarill, L50, M|\n|poke|p2|Froslass, L50, F|\n|poke|p2|Garchomp, L50, M|\n|poke|p2|Talonflame, L50, F|\n|teampreview|4\n|inactive|Battle timer is ON: inactive players will automatically lose when time's up. (requested by tikmasjien)\nStrikerMohamud has agreed to open team sheets.\ntikmasjien has agreed to open team sheets.\n|showteam|p1|Froslass||Froslassite|SnowCloak|Blizzard,AuroraVeil,ShadowBall,Protect|||F|||50|]Rotom-Frost||NeverMeltIce|Levitate|Blizzard,Thunderbolt,Protect,NastyPlot||||||50|]Ceruledge||WhiteHerb|FlashFire|Taunt,CloseCombat,Poltergeist,Protect|||M|||50|]Corviknight||Leftovers|MirrorArmor|Tailwind,IronDefense,BodyPress,BraveBird|||M|||50|]Krookodile||ChoiceScarf|Intimidate|Earthquake,KnockOff,IronHead,StoneEdge|||M|||50|]Primarina||MysticWater|LiquidVoice|HyperVoice,DazzlingGleam,Blizzard,Protect|||M|||50|\n|showteam|p2|Kangaskhan||Kangaskhanite|Scrappy|FakeOut,DoubleEdge,LowKick,SuckerPunch|||F|||50|]Incineroar||ShucaBerry|Intimidate|FakeOut,ThroatChop,FlareBlitz,PartingShot|||M|||50|]Azumarill||SitrusBerry|HugePower|AquaJet,PlayRough,BellyDrum,Protect|||M|||50|]Froslass||Froslassite|SnowCloak|Blizzard,ShadowBall,AuroraVeil,Protect|||F|||50|]Garchomp||ChoiceScarf|SandVeil|Earthquake,StompingTantrum,DragonClaw,RockSlide|||M|||50|]Talonflame||SharpBeak|GaleWings|DualWingbeat,Taunt,Tailwind,QuickGuard|||F|||50|\n|inactive|StrikerMohamud has 60 seconds left.\n|\n|t:|1776019203\n|teamsize|p1|4\n|teamsize|p2|4\n|start\n|switch|p1a: Corviknight|Corviknight, L50, M|100/100\n|switch|p1b: Ceruledge|Ceruledge, L50, M|100/100\n|switch|p2a: Incineroar|Incineroar, L50, M, shiny|100/100\n|switch|p2b: Azumarill|Azumarill, L50, M, shiny|100/100\n|-ability|p2a: Incineroar|Intimidate|boost\n|-ability|p1a: Corviknight|Mirror Armor\n|-unboost|p2a: Incineroar|atk|1\n|-unboost|p1b: Ceruledge|atk|1\n|-enditem|p1b: Ceruledge|White Herb\n|-clearnegativeboost|p1b: Ceruledge|[silent]\n|turn|1\n|\n|t:|1776019224\n|switch|p2a: Kangaskhan|Kangaskhan, L50, F|100/100\n|move|p2b: Azumarill|Protect|p2b: Azumarill\n|-singleturn|p2b: Azumarill|Protect\n|move|p1b: Ceruledge|Poltergeist|p2b: Azumarill\n|-activate|p2b: Azumarill|move: Protect\n|move|p1a: Corviknight|Tailwind|p1a: Corviknight\n|-sidestart|p1: tikmasjien|move: Tailwind\n|\n|upkeep\n|turn|2\n|\n|t:|1776019237\n|move|p2a: Kangaskhan|Fake Out|p1b: Ceruledge\n|-damage|p1b: Ceruledge|76/100\n|cant|p1b: Ceruledge|flinch\n|move|p1a: Corviknight|Iron Defense|p1a: Corviknight\n|-boost|p1a: Corviknight|def|2\n|move|p2b: Azumarill|Belly Drum|p2b: Azumarill\n|-damage|p2b: Azumarill|50/100\n|-setboost|p2b: Azumarill|atk|6|[from] move: Belly Drum\n|-enditem|p2b: Azumarill|Sitrus Berry|[eat]\n|-heal|p2b: Azumarill|75/100|[from] item: Sitrus Berry\n|\n|upkeep\n|turn|3\n|\n|t:|1776019253\n|switch|p2a: Incineroar|Incineroar, L50, M, shiny|100/100\n|-ability|p2a: Incineroar|Intimidate|boost\n|-ability|p1a: Corviknight|Mirror Armor\n|-unboost|p2a: Incineroar|atk|1\n|-unboost|p1b: Ceruledge|atk|1\n|move|p2b: Azumarill|Aqua Jet|p1b: Ceruledge\n|-supereffective|p1b: Ceruledge|1\n|-damage|p1b: Ceruledge|0 fnt\n|faint|p1b: Ceruledge\n|move|p1a: Corviknight|Body Press|p2a: Incineroar\n|-supereffective|p2a: Incineroar|1\n|-damage|p2a: Incineroar|0 fnt\n|faint|p2a: Incineroar\n|\n|upkeep\n|\n|t:|1776019263\n|switch|p1b: Froslass|Froslass, L50, F|100/100\n|switch|p2a: Kangaskhan|Kangaskhan, L50, F|100/100\n|turn|4\n|\n|t:|1776019283\n|move|p1b: Froslass|Protect|p1b: Froslass\n|-singleturn|p1b: Froslass|Protect\n|move|p2a: Kangaskhan|Fake Out|p1b: Froslass\n|-activate|p1b: Froslass|move: Protect\n|move|p2b: Azumarill|Aqua Jet|p1a: Corviknight\n|-damage|p1a: Corviknight|71/100\n|move|p1a: Corviknight|Iron Defense|p1a: Corviknight\n|-boost|p1a: Corviknight|def|2\n|\n|-heal|p1a: Corviknight|77/100|[from] item: Leftovers\n|-sideend|p1: tikmasjien|move: Tailwind\n|upkeep\n|turn|5\n|\n|t:|1776019298\n|detailschange|p1b: Froslass|Froslass-Mega, L50, F\n|-mega|p1b: Froslass|Froslass|Froslassite\n|-weather|Snowscape|[from] ability: Snow Warning|[of] p1b: Froslass\n|detailschange|p2a: Kangaskhan|Kangaskhan-Mega, L50, F\n|-mega|p2a: Kangaskhan|Kangaskhan|Kangaskhanite\n|move|p2b: Azumarill|Aqua Jet|p1b: Froslass\n|-damage|p1b: Froslass|0 fnt\n|faint|p1b: Froslass\n|move|p2a: Kangaskhan|Low Kick|p1a: Corviknight\n|-damage|p1a: Corviknight|70/100\n|-damage|p1a: Corviknight|69/100\n|-hitcount|p1a: Corviknight|2\n|move|p1a: Corviknight|Body Press|p2a: Kangaskhan\n|-supereffective|p2a: Kangaskhan|1\n|-damage|p2a: Kangaskhan|0 fnt\n|faint|p2a: Kangaskhan\n|\n|-weather|Snowscape|[upkeep]\n|-heal|p1a: Corviknight|75/100|[from] item: Leftovers\n|upkeep\n|\n|t:|1776019310\n|switch|p1b: Krookodile|Krookodile, L50, M|100/100\n|switch|p2a: Talonflame|Talonflame, L50, F, shiny|100/100\n|-ability|p1b: Krookodile|Intimidate|boost\n|-unboost|p2a: Talonflame|atk|1\n|-unboost|p2b: Azumarill|atk|1\n|turn|6\n|\n|t:|1776019325\n|move|p2b: Azumarill|Aqua Jet|p1b: Krookodile\n|-supereffective|p1b: Krookodile|1\n|-damage|p1b: Krookodile|0 fnt\n|faint|p1b: Krookodile\n|move|p2a: Talonflame|Taunt|p1a: Corviknight\n|-start|p1a: Corviknight|move: Taunt\n|move|p1a: Corviknight|Brave Bird|p2b: Azumarill\n|-damage|p2b: Azumarill|33/100\n|-damage|p1a: Corviknight|62/100|[from] Recoil\n|\n|-weather|Snowscape|[upkeep]\n|-heal|p1a: Corviknight|68/100|[from] item: Leftovers\n|upkeep\n|turn|7\n|\n|t:|1776019348\n|move|p2b: Azumarill|Protect|p2b: Azumarill\n|-singleturn|p2b: Azumarill|Protect\n|move|p2a: Talonflame|Dual Wingbeat|p1a: Corviknight\n|-resisted|p1a: Corviknight|1\n|-damage|p1a: Corviknight|67/100\n|-resisted|p1a: Corviknight|1\n|-damage|p1a: Corviknight|65/100\n|-hitcount|p1a: Corviknight|2\n|move|p1a: Corviknight|Brave Bird|p2b: Azumarill\n|-activate|p2b: Azumarill|move: Protect\n|\n|-weather|Snowscape|[upkeep]\n|-heal|p1a: Corviknight|71/100|[from] item: Leftovers\n|upkeep\n|turn|8\n|\n|t:|1776019362\n|move|p2a: Talonflame|Dual Wingbeat|p1a: Corviknight\n|-resisted|p1a: Corviknight|1\n|-damage|p1a: Corviknight|70/100\n|-resisted|p1a: Corviknight|1\n|-damage|p1a: Corviknight|68/100\n|-hitcount|p1a: Corviknight|2\n|move|p2b: Azumarill|Aqua Jet|p1a: Corviknight\n|-damage|p1a: Corviknight|51/100\n|move|p1a: Corviknight|Brave Bird|p2b: Azumarill\n|-damage|p2b: Azumarill|0 fnt\n|faint|p2b: Azumarill\n|-damage|p1a: Corviknight|41/100|[from] Recoil\n|\n|-weather|Snowscape|[upkeep]\n|-heal|p1a: Corviknight|47/100|[from] item: Leftovers\n|-end|p1a: Corviknight|move: Taunt\n|upkeep\n|turn|9\n|\n|t:|1776019373\n|move|p2a: Talonflame|Dual Wingbeat|p1a: Corviknight\n|-resisted|p1a: Corviknight|1\n|-damage|p1a: Corviknight|46/100\n|-resisted|p1a: Corviknight|1\n|-damage|p1a: Corviknight|44/100\n|-hitcount|p1a: Corviknight|2\n|move|p1a: Corviknight|Body Press|p2a: Talonflame\n|-resisted|p2a: Talonflame|1\n|-damage|p2a: Talonflame|46/100\n|\n|-weather|none\n|-heal|p1a: Corviknight|50/100|[from] item: Leftovers\n|upkeep\n|turn|10\n|c|\u2606tikmasjien|Ggs\n|inactive|StrikerMohamud has 30 seconds left.\n|-message|StrikerMohamud forfeited.\n|\n|win|tikmasjien\n",
  "uploadtime": 1776019131,
  "views": 13,
  "formatid": "gen9championsvgc2026regma",
  "rating": null,
  "private": 0,
  "password": null
}