{
  "id": "gen9championsvgc2026regma-2585784807",
  "format": "[Gen 9 Champions] VGC 2026 Reg M-A",
  "players": [
    "pedroplay033",
    "Mentalsyndrome"
  ],
  "log": "|j|\u2606pedroplay033\n|j|\u2606Mentalsyndrome\n|t:|1776370435\n|gametype|doubles\n|player|p1|pedroplay033|n|1087\n|player|p2|Mentalsyndrome|2|1089\n|gen|9\n|tier|[Gen 9 Champions] VGC 2026 Reg M-A\n|rated|\n|rule|Species Clause: Limit one of each Pok\u00e9mon\n|rule|Item Clause: Limit 1 of each item\n|clearpoke\n|poke|p1|Meowstic, L50, M|\n|poke|p1|Alcremie, L50, F|\n|poke|p1|Garchomp, L50, M|\n|poke|p1|Beartic, L50, F|\n|poke|p1|Incineroar, L50, F|\n|poke|p1|Arbok, L50, F|\n|poke|p2|Tinkaton, L50, F|\n|poke|p2|Kangaskhan, L50, F|\n|poke|p2|Farigiraf, L50, M|\n|poke|p2|Camerupt, L50, M|\n|poke|p2|Gardevoir, L50, F|\n|poke|p2|Conkeldurr, L50, M|\n|teampreview|4\n|inactive|Battle timer is ON: inactive players will automatically lose when time's up. (requested by Mentalsyndrome)\npedroplay033 rejected open team sheets.\n|\n|t:|1776370462\n|teamsize|p1|4\n|teamsize|p2|4\n|start\n|switch|p1a: Meowstic|Meowstic, L50, M|100/100\n|switch|p1b: Alcremie|Alcremie, L50, F|100/100\n|switch|p2a: Kangaskhan|Kangaskhan, L50, F|100/100\n|switch|p2b: Farigiraf|Farigiraf, L50, M|100/100\n|turn|1\n|-activate|p1b: Alcremie|item: Quick Claw\n|\n|t:|1776370479\n|detailschange|p1a: Meowstic|Meowstic-M-Mega, L50, M\n|-mega|p1a: Meowstic|Meowstic|Meowsticite\n|-ability|p1a: Meowstic|Scrappy|Trace|[from] ability: Trace|[of] p2a: Kangaskhan\n|move|p1b: Alcremie|Decorate|p1a: Meowstic\n|-boost|p1a: Meowstic|atk|2\n|-boost|p1a: Meowstic|spa|2\n|move|p1a: Meowstic|Psychic|p2a: Kangaskhan\n|-damage|p2a: Kangaskhan|0 fnt\n|faint|p2a: Kangaskhan\n|move|p2b: Farigiraf|Trick Room|p2b: Farigiraf\n|-fieldstart|move: Trick Room|[of] p2b: Farigiraf\n|\n|upkeep\n|\n|t:|1776370488\n|switch|p2a: Camerupt|Camerupt, L50, M|100/100\n|turn|2\n|\n|t:|1776370500\n|detailschange|p2a: Camerupt|Camerupt-Mega, L50, M\n|-mega|p2a: Camerupt|Camerupt|Cameruptite\n|move|p2b: Farigiraf|Helping Hand|p2a: Camerupt\n|-singleturn|p2a: Camerupt|Helping Hand|[of] p2b: Farigiraf\n|move|p2a: Camerupt|Eruption|p1b: Alcremie|[spread] p1a,p1b\n|-damage|p1a: Meowstic|0 fnt\n|-damage|p1b: Alcremie|13/100\n|faint|p1a: Meowstic\n|move|p1b: Alcremie|Decorate|p1: Meowstic|[notarget]\n|-fail|p1b: Alcremie\n|\n|upkeep\n|\n|t:|1776370506\n|switch|p1a: Garchomp|Garchomp, L50, M|100/100\n|turn|3\n|\n|t:|1776370518\n|move|p2a: Camerupt|Protect|p2a: Camerupt\n|-singleturn|p2a: Camerupt|Protect\n|move|p1b: Alcremie|Protect|p1b: Alcremie\n|-singleturn|p1b: Alcremie|Protect\n|move|p2b: Farigiraf|Twin Beam|p1a: Garchomp\n|-damage|p1a: Garchomp|79/100\n|-damage|p1a: Garchomp|57/100\n|-hitcount|p1a: Garchomp|2\n|move|p1a: Garchomp|Earthquake|p2a: Camerupt|[spread] p2b\n|-activate|p1b: Alcremie|move: Protect\n|-activate|p2a: Camerupt|move: Protect\n|-damage|p2b: Farigiraf|65/100\n|\n|upkeep\n|turn|4\n|\n|t:|1776370524\n|switch|p1b: Incineroar|Incineroar, L50, F|100/100\n|-ability|p1b: Incineroar|Intimidate|boost\n|-unboost|p2a: Camerupt|atk|1\n|-unboost|p2b: Farigiraf|atk|1\n|move|p2a: Camerupt|Eruption|p1b: Incineroar|[spread] p1a,p1b\n|-resisted|p1a: Garchomp|1\n|-crit|p1a: Garchomp\n|-resisted|p1b: Incineroar|1\n|-damage|p1a: Garchomp|2/100\n|-damage|p1b: Incineroar|70/100\n|move|p1a: Garchomp|Earthquake|p2a: Camerupt|[spread] p1b,p2a,p2b\n|-supereffective|p1b: Incineroar|1\n|-supereffective|p2a: Camerupt|1\n|-damage|p1b: Incineroar|12/100\n|-damage|p2a: Camerupt|19/100\n|-damage|p2b: Farigiraf|30/100\n|-enditem|p1b: Incineroar|Sitrus Berry|[eat]\n|-heal|p1b: Incineroar|37/100|[from] item: Sitrus Berry\n|move|p2b: Farigiraf|Trick Room|p2b: Farigiraf\n|-fieldend|move: Trick Room\n|\n|upkeep\n|turn|5\n|\n|t:|1776370541\n|switch|p1b: Alcremie|Alcremie, L50, F|13/100\n|move|p2a: Camerupt|Protect|p2a: Camerupt\n|-singleturn|p2a: Camerupt|Protect\n|move|p1a: Garchomp|Earthquake|p2b: Farigiraf|[spread] p1b,p2b\n|-activate|p2a: Camerupt|move: Protect\n|-damage|p1b: Alcremie|0 fnt\n|-damage|p2b: Farigiraf|0 fnt\n|faint|p1b: Alcremie\n|faint|p2b: Farigiraf\n|\n|upkeep\n|\n|t:|1776370549\n|switch|p1b: Incineroar|Incineroar, L50, F|37/100\n|switch|p2b: Conkeldurr|Conkeldurr, L50, M|100/100\n|-ability|p1b: Incineroar|Intimidate|boost\n|-unboost|p2a: Camerupt|atk|1\n|-unboost|p2b: Conkeldurr|atk|1\n|turn|6\n|\n|t:|1776370553\n|move|p2b: Conkeldurr|Protect|p2b: Conkeldurr\n|-singleturn|p2b: Conkeldurr|Protect\n|move|p2a: Camerupt|Protect||[still]\n|-fail|p2a: Camerupt\n|move|p1b: Incineroar|Fake Out|p2b: Conkeldurr\n|-activate|p2b: Conkeldurr|move: Protect\n|move|p1a: Garchomp|Earthquake|p2a: Camerupt|[spread] p1b,p2a\n|-activate|p2b: Conkeldurr|move: Protect\n|-supereffective|p1b: Incineroar|1\n|-supereffective|p2a: Camerupt|1\n|-damage|p1b: Incineroar|0 fnt\n|-damage|p2a: Camerupt|0 fnt\n|faint|p1b: Incineroar\n|faint|p2a: Camerupt\n|\n|upkeep\n|turn|7\n|\n|t:|1776370565\n|move|p2b: Conkeldurr|Mach Punch|p1a: Garchomp\n|-damage|p1a: Garchomp|0 fnt\n|-damage|p2b: Conkeldurr|88/100|[from] ability: Rough Skin|[of] p1a: Garchomp\n|faint|p1a: Garchomp\n|\n|win|Mentalsyndrome\n|raw|pedroplay033's rating: 1087 &rarr; <strong>1064</strong><br />(-23 for losing)\n|raw|Mentalsyndrome's rating: 1089 &rarr; <strong>1115</strong><br />(+26 for winning)\n|l|\u2606pedroplay033\n|player|p1|\n",
  "uploadtime": 1776370572,
  "views": 16,
  "formatid": "gen9championsvgc2026regma",
  "rating": 1064,
  "private": 0,
  "password": null
}