{
  "id": "gen9championsvgc2026regma-2581602357",
  "format": "[Gen 9 Champions] VGC 2026 Reg M-A",
  "players": [
    "Treeckoguy1",
    "the bags12"
  ],
  "log": "|j|\u2606Treeckoguy1\n|j|\u2606the bags12\n|t:|1776014314\n|gametype|doubles\n|player|p1|Treeckoguy1|101|1156\n|player|p2|the bags12|falkner|1172\n|gen|9\n|tier|[Gen 9 Champions] VGC 2026 Reg M-A\n|rated|\n|rule|Species Clause: Limit one of each Pok\u00e9mon\n|rule|Item Clause: Limit 1 of each item\n|clearpoke\n|poke|p1|Politoed, L50, M|\n|poke|p1|Basculegion, L50, M|\n|poke|p1|Mimikyu, L50, M|\n|poke|p1|Avalugg-Hisui, L50, M|\n|poke|p1|Chesnaught, L50, M|\n|poke|p1|Dragonite, L50, F|\n|poke|p2|Scizor, L50, M|\n|poke|p2|Crabominable, L50, M|\n|poke|p2|Farigiraf, L50, F|\n|poke|p2|Ninetales-Alola, L50, M|\n|poke|p2|Clawitzer, L50, M|\n|poke|p2|Kingambit, L50, M|\n|teampreview|4\n|inactive|Battle timer is ON: inactive players will automatically lose when time's up. (requested by the bags12)\nthe bags12 rejected open team sheets.\n|inactive|Treeckoguy1 has 60 seconds left.\n|\n|t:|1776014360\n|teamsize|p1|4\n|teamsize|p2|4\n|start\n|switch|p1a: Mimikyu|Mimikyu, L50, M|100/100\n|switch|p1b: Basculegion|Basculegion, L50, M|100/100\n|switch|p2a: Infirafoaf|Farigiraf, L50, F|100/100\n|switch|p2b: Mobster|Clawitzer, L50, M|100/100\n|turn|1\n|\n|t:|1776014377\n|switch|p1a: Politoed|Politoed, L50, M|100/100\n|-weather|RainDance|[from] ability: Drizzle|[of] p1a: Politoed\n|move|p1b: Basculegion|Wave Crash|p2a: Infirafoaf\n|-damage|p2a: Infirafoaf|0 fnt\n|faint|p2a: Infirafoaf\n|-damage|p1b: Basculegion|62/100|[from] Recoil\n|move|p2b: Mobster|Water Pulse|p1a: Politoed\n|-resisted|p1a: Politoed|1\n|-damage|p1a: Politoed|63/100\n|\n|-weather|RainDance|[upkeep]\n|upkeep\n|\n|t:|1776014381\n|switch|p2a: Kang|Kingambit, L50, M, shiny|100/100\n|turn|2\n|\n|t:|1776014401\n|switch|p1b: Chesnaught|Chesnaught, L50, M|100/100\n|move|p2a: Kang|Sucker Punch||[still]\n|-fail|p2a: Kang\n|move|p1a: Politoed|Muddy Water|p2a: Kang|[spread] p2b\n|-miss|p1a: Politoed|p2a: Kang\n|-resisted|p2b: Mobster|1\n|-damage|p2b: Mobster|81/100\n|move|p2b: Mobster|Dragon Pulse|p1a: Politoed\n|-damage|p1a: Politoed|23/100\n|-enditem|p1a: Politoed|Sitrus Berry|[eat]\n|-heal|p1a: Politoed|48/100|[from] item: Sitrus Berry\n|\n|-weather|RainDance|[upkeep]\n|upkeep\n|turn|3\n|inactive|Treeckoguy1 has 30 seconds left.\n|inactive|Treeckoguy1 has 20 seconds left.\n|\n|t:|1776014436\n|switch|p1a: Basculegion|Basculegion, L50, M|62/100\n|move|p1b: Chesnaught|Iron Defense|p1b: Chesnaught\n|-boost|p1b: Chesnaught|def|2\n|move|p2b: Mobster|Dragon Pulse|p1b: Chesnaught\n|-damage|p1b: Chesnaught|58/100\n|move|p2a: Kang|Iron Head|p1b: Chesnaught\n|-damage|p1b: Chesnaught|44/100\n|\n|-weather|RainDance|[upkeep]\n|upkeep\n|turn|4\n|\n|t:|1776014453\n|move|p1a: Basculegion|Aqua Jet|p2a: Kang\n|-damage|p2a: Kang|66/100\n|move|p2a: Kang|Sucker Punch||[still]\n|-fail|p2a: Kang\n|move|p1b: Chesnaught|Body Press|p2b: Mobster\n|-damage|p2b: Mobster|0 fnt\n|faint|p2b: Mobster\n|\n|-weather|RainDance|[upkeep]\n|-heal|p2a: Kang|72/100|[from] item: Leftovers\n|upkeep\n|\n|t:|1776014461\n|switch|p2b: Mr.Yeti|Crabominable, L50, M, shiny|100/100\n|turn|5\n|\n|t:|1776014478\n|detailschange|p2b: Mr.Yeti|Crabominable-Mega, L50, M, shiny\n|-mega|p2b: Mr.Yeti|Crabominable|Crabominite\n|move|p1a: Basculegion|Aqua Jet|p2a: Kang\n|-damage|p2a: Kang|42/100\n|move|p1b: Chesnaught|Body Press|p2b: Mr.Yeti\n|-supereffective|p2b: Mr.Yeti|1\n|-damage|p2b: Mr.Yeti|0 fnt\n|faint|p2b: Mr.Yeti\n|move|p2a: Kang|Swords Dance|p2a: Kang\n|-boost|p2a: Kang|atk|2\n|\n|-weather|none\n|-heal|p2a: Kang|47/100|[from] item: Leftovers\n|upkeep\n|turn|6\n|\n|t:|1776014490\n|move|p1a: Basculegion|Aqua Jet|p2a: Kang\n|-damage|p2a: Kang|25/100\n|move|p1b: Chesnaught|Iron Defense|p1b: Chesnaught\n|-boost|p1b: Chesnaught|def|2\n|move|p2a: Kang|Iron Head|p1b: Chesnaught\n|-damage|p1b: Chesnaught|24/100\n|\n|-heal|p2a: Kang|31/100|[from] item: Leftovers\n|upkeep\n|turn|7\n|-message|the bags12 forfeited.\n|\n|win|Treeckoguy1\n|raw|Treeckoguy1's rating: 1156 &rarr; <strong>1182</strong><br />(+26 for winning)\n|raw|the bags12's rating: 1172 &rarr; <strong>1146</strong><br />(-26 for losing)\n|l|\u2606the bags12\n|player|p2|\n",
  "uploadtime": 1776014514,
  "views": 28,
  "formatid": "gen9championsvgc2026regma",
  "rating": 1146,
  "private": 0,
  "password": null
}