{
  "id": "gen9championsvgc2026regma-2587649092",
  "format": "[Gen 9 Champions] VGC 2026 Reg M-A",
  "players": [
    "subterrorguru69",
    "MersusNoctus"
  ],
  "log": "|j|\u203dsubterrorguru69\n|j|\u2606MersusNoctus\n|t:|1776550301\n|gametype|doubles\n|player|p1|subterrorguru69|hooligans|1201\n|player|p2|MersusNoctus|silver|1161\n|gen|9\n|tier|[Gen 9 Champions] VGC 2026 Reg M-A\n|rated|\n|rule|Species Clause: Limit one of each Pok\u00e9mon\n|rule|Item Clause: Limit 1 of each item\n|clearpoke\n|poke|p1|Aggron, L50, M, shiny|\n|poke|p1|Rotom-Wash, L50, shiny|\n|poke|p1|Sylveon, L50, F|\n|poke|p1|Whimsicott, L50, M, shiny|\n|poke|p1|Garchomp, L50, F|\n|poke|p1|Incineroar, L50, M|\n|poke|p2|Pelipper, L50, M|\n|poke|p2|Skarmory, L50, M|\n|poke|p2|Archaludon, L50, F|\n|poke|p2|Delphox, L50, F|\n|poke|p2|Gourgeist-Super, L50, F, shiny|\n|poke|p2|Garchomp, L50, F|\n|teampreview|4\n|inactive|Battle timer is ON: inactive players will automatically lose when time's up. (requested by subterrorguru69)\n|inactive|MersusNoctus has 60 seconds left.\n|\n|t:|1776550345\n|teamsize|p1|4\n|teamsize|p2|4\n|start\n|switch|p1a: Aggron|Aggron, L50, M, shiny|100/100\n|switch|p1b: Rotom|Rotom-Wash, L50, shiny|100/100\n|switch|p2a: Pelipper|Pelipper, L50, M|100/100\n|switch|p2b: Archaludon|Archaludon, L50, F|100/100\n|-weather|RainDance|[from] ability: Drizzle|[of] p2a: Pelipper\n|turn|1\n|\n|t:|1776550363\n|switch|p2a: Gourgeist|Gourgeist-Super, L50, F, shiny|100/100\n|detailschange|p1a: Aggron|Aggron-Mega, L50, M, shiny\n|-mega|p1a: Aggron|Aggron|Aggronite\n|move|p1b: Rotom|Thunder|p2a: Gourgeist\n|-resisted|p2a: Gourgeist|1\n|-damage|p2a: Gourgeist|75/100\n|move|p2b: Archaludon|Electro Shot||[still]\n|-prepare|p2b: Archaludon|Electro Shot\n|-boost|p2b: Archaludon|spa|1\n|-anim|p2b: Archaludon|Electro Shot|p1a: Aggron\n|-damage|p1a: Aggron|37/100\n|move|p1a: Aggron|Body Press|p2b: Archaludon\n|-supereffective|p2b: Archaludon|1\n|-damage|p2b: Archaludon|35/100\n|-ability|p2b: Archaludon|Stamina|boost\n|-boost|p2b: Archaludon|def|1\n|\n|-weather|RainDance|[upkeep]\n|-heal|p2b: Archaludon|41/100|[from] item: Leftovers\n|upkeep\n|turn|2\n|inactive|subterrorguru69 has 30 seconds left.\n|\n|t:|1776550393\n|move|p2a: Gourgeist|Ally Switch|p2a: Gourgeist\n|swap|p2a: Gourgeist|1|[from] move: Ally Switch\n|move|p1b: Rotom|Hydro Pump|p2b: Gourgeist\n|-resisted|p2b: Gourgeist|1\n|-damage|p2b: Gourgeist|34/100\n|move|p2a: Archaludon|Electro Shot||[still]\n|-prepare|p2a: Archaludon|Electro Shot\n|-boost|p2a: Archaludon|spa|1\n|-anim|p2a: Archaludon|Electro Shot|p1b: Rotom\n|-damage|p1b: Rotom|6/100\n|move|p1a: Aggron|Heavy Slam|p2a: Archaludon\n|-resisted|p2a: Archaludon|1\n|-damage|p2a: Archaludon|28/100\n|-ability|p2a: Archaludon|Stamina|boost\n|-boost|p2a: Archaludon|def|1\n|\n|-weather|RainDance|[upkeep]\n|-heal|p2a: Archaludon|34/100|[from] item: Leftovers\n|upkeep\n|turn|3\n|inactive|subterrorguru69 has 30 seconds left.\n|\n|t:|1776550422\n|move|p2b: Gourgeist|Ally Switch|p2b: Gourgeist\n|swap|p2b: Gourgeist|0|[from] move: Ally Switch\n|move|p1b: Rotom|Hydro Pump|p2a: Gourgeist\n|-resisted|p2a: Gourgeist|1\n|-damage|p2a: Gourgeist|0 fnt\n|faint|p2a: Gourgeist\n|move|p2b: Archaludon|Electro Shot||[still]\n|-prepare|p2b: Archaludon|Electro Shot\n|-boost|p2b: Archaludon|spa|1\n|-anim|p2b: Archaludon|Electro Shot|p1a: Aggron\n|-damage|p1a: Aggron|0 fnt\n|faint|p1a: Aggron\n|\n|-weather|RainDance|[upkeep]\n|-heal|p2b: Archaludon|40/100|[from] item: Leftovers\n|upkeep\n|\n|t:|1776550435\n|switch|p1a: Sylveon|Sylveon, L50, F|100/100\n|switch|p2a: Pelipper|Pelipper, L50, M|100/100\n|turn|4\n|\n|t:|1776550441\n|move|p1b: Rotom|Protect|p1b: Rotom\n|-singleturn|p1b: Rotom|Protect\n|move|p2b: Archaludon|Protect|p2b: Archaludon\n|-singleturn|p2b: Archaludon|Protect\n|move|p2a: Pelipper|Tailwind|p2a: Pelipper\n|-sidestart|p2: MersusNoctus|move: Tailwind\n|move|p1a: Sylveon|Hyper Voice|p2a: Pelipper|[spread] p2a\n|-activate|p2b: Archaludon|move: Protect\n|-crit|p2a: Pelipper\n|-damage|p2a: Pelipper|14/100\n|\n|-weather|RainDance|[upkeep]\n|-heal|p2b: Archaludon|46/100|[from] item: Leftovers\n|upkeep\n|turn|5\n|\n|t:|1776550465\n|move|p2b: Archaludon|Electro Shot||[still]\n|-prepare|p2b: Archaludon|Electro Shot\n|-boost|p2b: Archaludon|spa|1\n|-anim|p2b: Archaludon|Electro Shot|p1b: Rotom\n|-damage|p1b: Rotom|0 fnt\n|faint|p1b: Rotom\n|move|p2a: Pelipper|Hurricane|p1a: Sylveon\n|-damage|p1a: Sylveon|69/100\n|move|p1a: Sylveon|Hyper Voice|p2a: Pelipper|[spread] p2a,p2b\n|-damage|p2a: Pelipper|0 fnt\n|-damage|p2b: Archaludon|9/100\n|-ability|p2b: Archaludon|Stamina|boost\n|-boost|p2b: Archaludon|def|1\n|faint|p2a: Pelipper\n|\n|-weather|none\n|-heal|p2b: Archaludon|15/100|[from] item: Leftovers\n|-heal|p1a: Sylveon|75/100|[from] item: Leftovers\n|upkeep\n|\n|t:|1776550479\n|switch|p1b: Incineroar|Incineroar, L50, M|100/100\n|switch|p2a: Skarmory|Skarmory, L50, M|100/100\n|-ability|p1b: Incineroar|Intimidate|boost\n|-unboost|p2a: Skarmory|atk|1\n|-unboost|p2b: Archaludon|atk|1\n|turn|6\n|\n|t:|1776550490\n|move|p2b: Archaludon|Protect|p2b: Archaludon\n|-singleturn|p2b: Archaludon|Protect\n|move|p1b: Incineroar|Fake Out|p2b: Archaludon\n|-activate|p2b: Archaludon|move: Protect\n|move|p2a: Skarmory|Iron Head|p1a: Sylveon\n|-supereffective|p1a: Sylveon|1\n|-damage|p1a: Sylveon|24/100\n|move|p1a: Sylveon|Hyper Voice|p2b: Archaludon|[spread] p2a\n|-activate|p2b: Archaludon|move: Protect\n|-resisted|p2a: Skarmory|1\n|-damage|p2a: Skarmory|69/100\n|\n|-heal|p2b: Archaludon|21/100|[from] item: Leftovers\n|-heal|p1a: Sylveon|30/100|[from] item: Leftovers\n|upkeep\n|turn|7\n|\n|t:|1776550508\n|detailschange|p2a: Skarmory|Skarmory-Mega, L50, M\n|-mega|p2a: Skarmory|Skarmory|Skarmorite\n|move|p2a: Skarmory|Iron Head|p1a: Sylveon\n|-supereffective|p1a: Sylveon|1\n|-damage|p1a: Sylveon|0 fnt\n|faint|p1a: Sylveon\n|move|p2b: Archaludon|Aura Sphere|p1b: Incineroar\n|-supereffective|p1b: Incineroar|1\n|-damage|p1b: Incineroar|0 fnt\n|faint|p1b: Incineroar\n|\n|win|MersusNoctus\n|raw|subterrorguru69's rating: 1201 &rarr; <strong>1173</strong><br />(-28 for losing)\n|raw|MersusNoctus's rating: 1161 &rarr; <strong>1189</strong><br />(+28 for winning)\n|l|\u203dsubterrorguru69\n|player|p1|\n|c|\u2606MersusNoctus|Gg\n",
  "uploadtime": 1776550521,
  "views": 17,
  "formatid": "gen9championsvgc2026regma",
  "rating": 1173,
  "private": 0,
  "password": null
}