{
  "id": "gen9championsvgc2026regma-2588568065",
  "format": "[Gen 9 Champions] VGC 2026 Reg M-A",
  "players": [
    "kuruffman",
    "Johten"
  ],
  "log": "|j|\u2606kuruffman\n|j|\u2606Johten\n|t:|1776645782\n|gametype|doubles\n|player|p1|kuruffman|policeman-gen4|1131\n|player|p2|Johten|veteran|1208\n|gen|9\n|tier|[Gen 9 Champions] VGC 2026 Reg M-A\n|rated|\n|rule|Species Clause: Limit one of each Pok\u00e9mon\n|rule|Item Clause: Limit 1 of each item\n|clearpoke\n|poke|p1|Aerodactyl, L50, M|\n|poke|p1|Palafin, L50, F|\n|poke|p1|Incineroar, L50, F|\n|poke|p1|Sinistcha, L50|\n|poke|p1|Starmie, L50|\n|poke|p1|Garchomp, L50, M|\n|poke|p2|Talonflame, L50, M|\n|poke|p2|Milotic, L50, F|\n|poke|p2|Farigiraf, L50, M|\n|poke|p2|Heliolisk, L50, M|\n|poke|p2|Gardevoir, L50, F|\n|poke|p2|Delphox, L50, F|\n|teampreview|4\n|inactive|Battle timer is ON: inactive players will automatically lose when time's up. (requested by Johten)\n|\n|t:|1776645812\n|teamsize|p1|4\n|teamsize|p2|4\n|start\n|switch|p1a: Aerodactyl|Aerodactyl, L50, M|100/100\n|switch|p1b: Palafin|Palafin, L50, F|100/100\n|switch|p2a: Talonflame|Talonflame, L50, M|100/100\n|switch|p2b: Gardevoir|Gardevoir, L50, F|100/100\n|-ability|p1a: Aerodactyl|Unnerve\n|turn|1\n|\n|t:|1776645834\n|detailschange|p2b: Gardevoir|Gardevoir-Mega, L50, F\n|-mega|p2b: Gardevoir|Gardevoir|Gardevoirite\n|move|p1b: Palafin|Protect|p1b: Palafin\n|-singleturn|p1b: Palafin|Protect\n|move|p2a: Talonflame|Tailwind|p2a: Talonflame\n|-sidestart|p2: Johten|move: Tailwind\n|move|p2b: Gardevoir|Hyper Voice|p1a: Aerodactyl|[spread] p1a\n|-activate|p1b: Palafin|move: Protect\n|-damage|p1a: Aerodactyl|18/100\n|move|p1a: Aerodactyl|Tailwind|p1a: Aerodactyl\n|-sidestart|p1: kuruffman|move: Tailwind\n|\n|upkeep\n|turn|2\n|inactive|kuruffman has 30 seconds left.\n|\n|t:|1776645862\n|detailschange|p1b: Palafin|Palafin-Hero, L50, F\n|switch|p1b: Sinistcha|Sinistcha, L50|100/100\n|-heal|p1a: Aerodactyl|43/100|[from] ability: Hospitality|[of] p1b: Sinistcha\n|move|p2a: Talonflame|Dual Wingbeat|p1a: Aerodactyl\n|-resisted|p1a: Aerodactyl|1\n|-damage|p1a: Aerodactyl|28/100\n|-resisted|p1a: Aerodactyl|1\n|-damage|p1a: Aerodactyl|11/100\n|-hitcount|p1a: Aerodactyl|2\n|move|p1a: Aerodactyl|Rock Slide|p2a: Talonflame|[spread] p2a,p2b\n|-supereffective|p2a: Talonflame|2\n|-damage|p2a: Talonflame|0 fnt\n|-damage|p2b: Gardevoir|63/100\n|faint|p2a: Talonflame\n|move|p2b: Gardevoir|Moonblast|p1b: Sinistcha\n|-damage|p1b: Sinistcha|21/100\n|\n|-heal|p1b: Sinistcha|27/100|[from] item: Leftovers\n|upkeep\n|\n|t:|1776645879\n|switch|p2a: Milotic|Milotic, L50, F|100/100\n|turn|3\n|\n|t:|1776645899\n|move|p2b: Gardevoir|Protect|p2b: Gardevoir\n|-singleturn|p2b: Gardevoir|Protect\n|move|p1a: Aerodactyl|Rock Slide|p2a: Milotic|[spread] p2a\n|-activate|p2b: Gardevoir|move: Protect\n|-damage|p2a: Milotic|79/100\n|cant|p2a: Milotic|flinch\n|move|p1b: Sinistcha|Strength Sap|p2b: Gardevoir\n|-activate|p2b: Gardevoir|move: Protect\n|\n|-heal|p2a: Milotic|85/100|[from] item: Leftovers\n|-heal|p1b: Sinistcha|33/100|[from] item: Leftovers\n|upkeep\n|turn|4\n|\n|t:|1776645914\n|move|p1a: Aerodactyl|Rock Slide|p2b: Gardevoir|[spread] p2a,p2b\n|-damage|p2a: Milotic|61/100\n|-damage|p2b: Gardevoir|27/100\n|cant|p2b: Gardevoir|flinch\n|move|p2a: Milotic|Ice Beam|p1b: Sinistcha\n|-supereffective|p1b: Sinistcha|1\n|-damage|p1b: Sinistcha|0 fnt\n|faint|p1b: Sinistcha\n|\n|-heal|p2a: Milotic|68/100|[from] item: Leftovers\n|-sideend|p1: kuruffman|move: Tailwind\n|-sideend|p2: Johten|move: Tailwind\n|upkeep\n|\n|t:|1776645932\n|switch|p1b: Starmie|Starmie, L50|100/100\n|turn|5\n|\n|t:|1776645944\n|detailschange|p1b: Starmie|Starmie-Mega, L50\n|-mega|p1b: Starmie|Starmie|Starminite\n|move|p1b: Starmie|Protect|p1b: Starmie\n|-singleturn|p1b: Starmie|Protect\n|move|p2b: Gardevoir|Protect|p2b: Gardevoir\n|-singleturn|p2b: Gardevoir|Protect\n|move|p1a: Aerodactyl|Tailwind|p1a: Aerodactyl\n|-sidestart|p1: kuruffman|move: Tailwind\n|move|p2a: Milotic|Recover|p2a: Milotic\n|-heal|p2a: Milotic|100/100\n|\n|upkeep\n|turn|6\n|\n|t:|1776645958\n|switch|p2b: Heliolisk|Heliolisk, L50, M|100/100\n|move|p1a: Aerodactyl|Rock Slide|p2b: Heliolisk|[spread] p2a\n|-miss|p1a: Aerodactyl|p2b: Heliolisk\n|-damage|p2a: Milotic|80/100\n|move|p1b: Starmie|Skill Swap|p1a: Aerodactyl\n|-activate|p1b: Starmie|Skill Swap|||[of] p1a: Aerodactyl\n|-ability|p1b: Starmie|Unnerve\n|move|p2a: Milotic|Ice Beam|p1a: Aerodactyl\n|-supereffective|p1a: Aerodactyl|1\n|-damage|p1a: Aerodactyl|0 fnt\n|faint|p1a: Aerodactyl\n|\n|-heal|p2a: Milotic|86/100|[from] item: Leftovers\n|upkeep\n|\n|t:|1776645974\n|switch|p1a: Palafin|Palafin-Hero, L50, F|100/100\n|-activate|p1a: Palafin|ability: Zero to Hero\n|turn|7\n|\n|t:|1776645995\n|move|p2a: Milotic|Protect|p2a: Milotic\n|-singleturn|p2a: Milotic|Protect\n|move|p1b: Starmie|Zen Headbutt|p2a: Milotic\n|-activate|p2a: Milotic|move: Protect\n|move|p1a: Palafin|Wave Crash|p2b: Heliolisk\n|-immune|p2b: Heliolisk|[from] ability: Dry Skin\n|move|p2b: Heliolisk|Shed Tail|p2b: Heliolisk\n|-start|p2b: Heliolisk|Substitute|[from] move: Shed Tail\n|-damage|p2b: Heliolisk|50/100\n|\n|t:|1776646004\n|switch|p2b: Gardevoir|Gardevoir-Mega, L50, F|27/100|[from] Shed Tail\n|\n|-heal|p2a: Milotic|92/100|[from] item: Leftovers\n|upkeep\n|turn|8\n|\n|t:|1776646017\n|move|p2b: Gardevoir|Protect|p2b: Gardevoir\n|-singleturn|p2b: Gardevoir|Protect\n|move|p1a: Palafin|Jet Punch|p2b: Gardevoir\n|-activate|p2b: Gardevoir|move: Protect\n|move|p1b: Starmie|Liquidation|p2b: Gardevoir\n|-activate|p2b: Gardevoir|move: Protect\n|move|p2a: Milotic|Scald|p1b: Starmie\n|-resisted|p1b: Starmie|1\n|-damage|p1b: Starmie|83/100\n|\n|-heal|p2a: Milotic|98/100|[from] item: Leftovers\n|-sideend|p1: kuruffman|move: Tailwind\n|upkeep\n|turn|9\n|\n|t:|1776646035\n|move|p1a: Palafin|Jet Punch|p2b: Gardevoir\n|-end|p2b: Gardevoir|Substitute\n|move|p1b: Starmie|Liquidation|p2b: Gardevoir\n|-damage|p2b: Gardevoir|0 fnt\n|faint|p2b: Gardevoir\n|move|p2a: Milotic|Scald|p1b: Starmie\n|-resisted|p1b: Starmie|1\n|-damage|p1b: Starmie|65/100\n|\n|-heal|p2a: Milotic|100/100|[from] item: Leftovers\n|upkeep\n|\n|t:|1776646044\n|switch|p2b: Heliolisk|Heliolisk, L50, M|50/100\n|turn|10\n|\n|t:|1776646058\n|move|p2b: Heliolisk|Protect|p2b: Heliolisk\n|-singleturn|p2b: Heliolisk|Protect\n|move|p1a: Palafin|Jet Punch|p2a: Milotic\n|-resisted|p2a: Milotic|1\n|-crit|p2a: Milotic\n|-damage|p2a: Milotic|69/100\n|move|p1b: Starmie|Skill Swap|p2b: Heliolisk\n|-activate|p2b: Heliolisk|move: Protect\n|move|p2a: Milotic|Scald|p1b: Starmie\n|-resisted|p1b: Starmie|1\n|-damage|p1b: Starmie|48/100\n|\n|-heal|p2a: Milotic|75/100|[from] item: Leftovers\n|upkeep\n|turn|11\n|\n|t:|1776646080\n|move|p1a: Palafin|Jet Punch|p2a: Milotic\n|-resisted|p2a: Milotic|1\n|-damage|p2a: Milotic|54/100\n|move|p1b: Starmie|Skill Swap|p2b: Heliolisk\n|-activate|p1b: Starmie|Skill Swap|Dry Skin|Unnerve|[of] p2b: Heliolisk\n|-ability|p2b: Heliolisk|Unnerve\n|-enditem|p2b: Heliolisk|Sitrus Berry|[eat]\n|-heal|p2b: Heliolisk|75/100|[from] item: Sitrus Berry\n|move|p2b: Heliolisk|Volt Switch|p1b: Starmie\n|-supereffective|p1b: Starmie|1\n|-damage|p1b: Starmie|0 fnt\n|faint|p1b: Starmie\n|move|p2a: Milotic|Recover|p2a: Milotic\n|-heal|p2a: Milotic|100/100\n|\n|upkeep\n|turn|12\n|\n|t:|1776646097\n|move|p2b: Heliolisk|Protect|p2b: Heliolisk\n|-singleturn|p2b: Heliolisk|Protect\n|move|p1a: Palafin|Wave Crash|p2b: Heliolisk\n|-activate|p2b: Heliolisk|move: Protect\n|move|p2a: Milotic|Scald|p1a: Palafin\n|-resisted|p1a: Palafin|1\n|-damage|p1a: Palafin|84/100\n|\n|upkeep\n|turn|13\n|\n|t:|1776646107\n|move|p2b: Heliolisk|Volt Switch|p1a: Palafin\n|-supereffective|p1a: Palafin|1\n|-damage|p1a: Palafin|26/100\n|move|p1a: Palafin|Wave Crash|p2b: Heliolisk\n|-damage|p2b: Heliolisk|0 fnt\n|faint|p2b: Heliolisk\n|-damage|p1a: Palafin|3/100|[from] Recoil\n|move|p2a: Milotic|Scald|p1a: Palafin\n|-resisted|p1a: Palafin|1\n|-damage|p1a: Palafin|0 fnt\n|faint|p1a: Palafin\n|\n|win|Johten\n|raw|kuruffman's rating: 1131 &rarr; <strong>1111</strong><br />(-20 for losing)\n|raw|Johten's rating: 1208 &rarr; <strong>1228</strong><br />(+20 for winning)\n|l|\u2606kuruffman\n|player|p1|\n",
  "uploadtime": 1776646119,
  "views": 11,
  "formatid": "gen9championsvgc2026regma",
  "rating": 1111,
  "private": 0,
  "password": null
}