{
  "id": "gen9championsvgc2026regma-2584884727",
  "format": "[Gen 9 Champions] VGC 2026 Reg M-A",
  "players": [
    "JarelXD",
    "Jah_08"
  ],
  "log": "|j|\u2606JarelXD\n|j|\u2606Jah_08\n|t:|1776291441\n|gametype|doubles\n|player|p1|JarelXD|riley|1270\n|player|p2|Jah_08|alder|1228\n|gen|9\n|tier|[Gen 9 Champions] VGC 2026 Reg M-A\n|rated|\n|rule|Species Clause: Limit one of each Pok\u00e9mon\n|rule|Item Clause: Limit 1 of each item\n|clearpoke\n|poke|p1|Venusaur, L50, M|\n|poke|p1|Arcanine, L50, F|\n|poke|p1|Rotom-Wash, L50|\n|poke|p1|Garchomp, L50, M|\n|poke|p1|Sneasler, L50, F|\n|poke|p1|Corviknight, L50, M|\n|poke|p2|Excadrill, L50, M|\n|poke|p2|Whimsicott, L50, M|\n|poke|p2|Chandelure, L50, F|\n|poke|p2|Zoroark-Hisui, L50, M|\n|poke|p2|Basculegion, L50, M|\n|poke|p2|Hydreigon, L50, M|\n|teampreview|4\n|\n|t:|1776291473\n|teamsize|p1|4\n|teamsize|p2|4\n|start\n|switch|p1a: Arcanine|Arcanine, L50, F|100/100\n|switch|p1b: Rotom|Rotom-Wash, L50, shiny|100/100\n|switch|p2a: Excadrill|Excadrill, L50, M|100/100\n|switch|p2b: Basculegion|Basculegion, L50, M|100/100\n|-ability|p1a: Arcanine|Intimidate|boost\n|-unboost|p2a: Excadrill|atk|1\n|-unboost|p2b: Basculegion|atk|1\n|-ability|p2a: Excadrill|Mold Breaker\n|turn|1\n|inactive|Battle timer is ON: inactive players will automatically lose when time's up. (requested by Jah_08)\n|\n|t:|1776291489\n|move|p2a: Excadrill|Protect|p2a: Excadrill\n|-singleturn|p2a: Excadrill|Protect\n|move|p1b: Rotom|Hydro Pump|p2a: Excadrill\n|-activate|p2a: Excadrill|move: Protect\n|move|p2b: Basculegion|Flip Turn|p1a: Arcanine\n|-supereffective|p1a: Arcanine|1\n|-damage|p1a: Arcanine|52/100\n|\n|t:|1776291503\n|switch|p2b: Chandelure|Chandelure, L50, F|100/100|[from] Flip Turn\n|move|p1a: Arcanine|Will-O-Wisp|p2b: Chandelure\n|-start|p2b: Chandelure|ability: Flash Fire\n|\n|upkeep\n|turn|2\n|inactive|Jah_08 has 30 seconds left.\n|\n|t:|1776291533\n|detailschange|p2b: Chandelure|Chandelure-Mega, L50, F\n|-mega|p2b: Chandelure|Chandelure|Chandelurite\n|-end|p2b: Chandelure|ability: Flash Fire|[silent]\n|move|p1b: Rotom|Hydro Pump|p2b: Chandelure\n|-supereffective|p2b: Chandelure|1\n|-damage|p2b: Chandelure|3/100\n|move|p1a: Arcanine|Will-O-Wisp|p2a: Excadrill\n|-status|p2a: Excadrill|brn\n|move|p2a: Excadrill|High Horsepower|p1b: Rotom\n|-supereffective|p1b: Rotom|1\n|-damage|p1b: Rotom|58/100\n|move|p2b: Chandelure|Heat Wave|p1a: Arcanine|[spread] p1b\n|-miss|p2b: Chandelure|p1a: Arcanine\n|-resisted|p1b: Rotom|1\n|-damage|p1b: Rotom|21/100\n|\n|-damage|p2a: Excadrill|95/100 brn|[from] brn\n|upkeep\n|turn|3\n|inactive|Jah_08 has 30 seconds left.\n|\n|t:|1776291562\n|move|p1b: Rotom|Hydro Pump|p2a: Excadrill\n|-supereffective|p2a: Excadrill|1\n|-damage|p2a: Excadrill|0 fnt\n|faint|p2a: Excadrill\n|move|p1a: Arcanine|Snarl|p2b: Chandelure\n|-supereffective|p2b: Chandelure|1\n|-damage|p2b: Chandelure|0 fnt\n|faint|p2b: Chandelure\n|\n|upkeep\n|\n|t:|1776291573\n|switch|p2a: Whimsicott|Whimsicott, L50, M, shiny|100/100\n|switch|p2b: Basculegion|Basculegion, L50, M|100/100\n|turn|4\n|\n|t:|1776291586\n|switch|p1a: Venusaur|Venusaur, L50, M|100/100\n|move|p2a: Whimsicott|Encore||[still]\n|-fail|p2a: Whimsicott\n|move|p1b: Rotom|Hydro Pump|p2a: Whimsicott|[miss]\n|-miss|p1b: Rotom|p2a: Whimsicott\n|move|p2b: Basculegion|Last Respects|p1b: Rotom\n|-damage|p1b: Rotom|0 fnt\n|faint|p1b: Rotom\n|\n|upkeep\n|\n|t:|1776291593\n|switch|p1b: Arcanine|Arcanine, L50, F|52/100\n|-ability|p1b: Arcanine|Intimidate|boost\n|-unboost|p2a: Whimsicott|atk|1\n|-unboost|p2b: Basculegion|atk|1\n|turn|5\n|\n|t:|1776291608\n|detailschange|p1a: Venusaur|Venusaur-Mega, L50, M\n|-mega|p1a: Venusaur|Venusaur|Venusaurite\n|move|p2b: Basculegion|Last Respects|p1a: Venusaur\n|-damage|p1a: Venusaur|56/100\n|move|p1b: Arcanine|Flare Blitz|p2a: Whimsicott\n|-supereffective|p2a: Whimsicott|1\n|-damage|p2a: Whimsicott|0 fnt\n|faint|p2a: Whimsicott\n|-damage|p1b: Arcanine|24/100|[from] Recoil\n|-enditem|p1b: Arcanine|Sitrus Berry|[eat]\n|-heal|p1b: Arcanine|49/100|[from] item: Sitrus Berry\n|move|p1a: Venusaur|Giga Drain|p2b: Basculegion\n|-supereffective|p2b: Basculegion|1\n|-damage|p2b: Basculegion|24/100\n|-heal|p1a: Venusaur|96/100|[from] drain|[of] p2b: Basculegion\n|\n|upkeep\n|turn|6\n|\n|t:|1776291626\n|move|p1b: Arcanine|Protect|p1b: Arcanine\n|-singleturn|p1b: Arcanine|Protect\n|move|p2b: Basculegion|Last Respects|p1a: Venusaur\n|-damage|p1a: Venusaur|27/100\n|move|p1a: Venusaur|Giga Drain|p2b: Basculegion\n|-supereffective|p2b: Basculegion|1\n|-damage|p2b: Basculegion|0 fnt\n|-heal|p1a: Venusaur|40/100|[from] drain|[of] p2b: Basculegion\n|faint|p2b: Basculegion\n|\n|win|JarelXD\n|raw|JarelXD's rating: 1270 &rarr; <strong>1292</strong><br />(+22 for winning)\n|raw|Jah_08's rating: 1228 &rarr; <strong>1206</strong><br />(-22 for losing)\n|l|\u2606JarelXD\n|player|p1|\n",
  "uploadtime": 1776291639,
  "views": 22,
  "formatid": "gen9championsvgc2026regma",
  "rating": 1206,
  "private": 0,
  "password": null
}