{
  "id": "gen9championsvgc2026regma-2583606698",
  "format": "[Gen 9 Champions] VGC 2026 Reg M-A",
  "players": [
    "GymLeaderrrrr",
    "CoolTrainerBu"
  ],
  "log": "|j|\u2606GymLeaderrrrr\n|j|\u2606CoolTrainerBu\n|t:|1776186169\n|gametype|doubles\n|player|p1|GymLeaderrrrr|hilbert|1233\n|player|p2|CoolTrainerBu|2|1200\n|gen|9\n|tier|[Gen 9 Champions] VGC 2026 Reg M-A\n|rated|\n|rule|Species Clause: Limit one of each Pok\u00e9mon\n|rule|Item Clause: Limit 1 of each item\n|clearpoke\n|poke|p1|Talonflame, L50, M|\n|poke|p1|Excadrill, L50, M|\n|poke|p1|Sinistcha, L50|\n|poke|p1|Milotic, L50, M|\n|poke|p1|Tyranitar, L50, F|\n|poke|p1|Vanilluxe, L50, F|\n|poke|p2|Charizard, L50, F|\n|poke|p2|Whimsicott, L50, M|\n|poke|p2|Garchomp, L50, F|\n|poke|p2|Sneasler, L50, M|\n|poke|p2|Maushold, L50|\n|poke|p2|Incineroar, L50, M|\n|teampreview|4\n|inactive|Battle timer is ON: inactive players will automatically lose when time's up. (requested by GymLeaderrrrr)\n|\n|t:|1776186240\n|teamsize|p1|4\n|teamsize|p2|4\n|start\n|switch|p1a: Talonflame|Talonflame, L50, M|100/100\n|switch|p1b: Milotic|Milotic, L50, M|100/100\n|switch|p2a: Incineroar|Incineroar, L50, M|100/100\n|switch|p2b: Garchomp|Garchomp, L50, F|100/100\n|-ability|p2a: Incineroar|Intimidate|boost\n|-unboost|p1a: Talonflame|atk|1\n|-unboost|p1b: Milotic|atk|1\n|-ability|p1b: Milotic|Competitive|boost\n|-boost|p1b: Milotic|spa|2\n|turn|1\n|\n|t:|1776186265\n|move|p1a: Talonflame|Quick Guard|p1a: Talonflame\n|-singleturn|p1a: Talonflame|Quick Guard\n|move|p2a: Incineroar|Fake Out|p1a: Talonflame\n|-activate|p1a: Talonflame|move: Quick Guard\n|move|p2b: Garchomp|Rock Slide|p1a: Talonflame|[spread] p1a,p1b\n|-supereffective|p1a: Talonflame|2\n|-damage|p1a: Talonflame|0 fnt\n|-damage|p1b: Milotic|83/100\n|faint|p1a: Talonflame\n|move|p1b: Milotic|Muddy Water|p2a: Incineroar|[spread] p2a\n|-miss|p1b: Milotic|p2b: Garchomp\n|-supereffective|p2a: Incineroar|1\n|-damage|p2a: Incineroar|4/100\n|\n|upkeep\n|\n|t:|1776186279\n|switch|p1a: Vanilluxe|Vanilluxe, L50, F|100/100\n|-weather|Snowscape|[from] ability: Snow Warning|[of] p1a: Vanilluxe\n|turn|2\n|inactive|GymLeaderrrrr has 30 seconds left.\n|inactive|CoolTrainerBu has 30 seconds left.\n|\n|t:|1776186313\n|move|p2b: Garchomp|Protect|p2b: Garchomp\n|-singleturn|p2b: Garchomp|Protect\n|move|p1a: Vanilluxe|Blizzard|p2a: Incineroar|[spread] p2a\n|-activate|p2b: Garchomp|move: Protect\n|-resisted|p2a: Incineroar|1\n|-damage|p2a: Incineroar|0 fnt\n|faint|p2a: Incineroar\n|move|p1b: Milotic|Coil|p1b: Milotic\n|-boost|p1b: Milotic|atk|1\n|-boost|p1b: Milotic|def|1\n|-boost|p1b: Milotic|accuracy|1\n|\n|-weather|Snowscape|[upkeep]\n|upkeep\n|\n|t:|1776186324\n|switch|p2a: Sneasler|Sneasler, L50, M|100/100\n|turn|3\n|inactive|CoolTrainerBu has 30 seconds left.\n|\n|t:|1776186353\n|switch|p1a: Excadrill|Excadrill, L50, M|100/100\n|move|p2a: Sneasler|Close Combat|p1b: Milotic\n|-damage|p1b: Milotic|44/100\n|-unboost|p2a: Sneasler|def|1\n|-unboost|p2a: Sneasler|spd|1\n|-enditem|p1b: Milotic|Sitrus Berry|[eat]\n|-heal|p1b: Milotic|69/100|[from] item: Sitrus Berry\n|-enditem|p2a: Sneasler|White Herb\n|-clearnegativeboost|p2a: Sneasler|[silent]\n|move|p2b: Garchomp|Rock Slide|p1b: Milotic|[spread] p1a,p1b\n|-resisted|p1a: Excadrill|2\n|-damage|p1a: Excadrill|94/100\n|-damage|p1b: Milotic|57/100\n|move|p1b: Milotic|Muddy Water|p2b: Garchomp|[spread] p2a,p2b\n|-damage|p2a: Sneasler|25/100\n|-damage|p2b: Garchomp|35/100\n|-unboost|p2a: Sneasler|accuracy|1\n|\n|-weather|Snowscape|[upkeep]\n|upkeep\n|turn|4\n|inactive|GymLeaderrrrr has 30 seconds left.\n|inactive|CoolTrainerBu has 30 seconds left.\n|inactive|GymLeaderrrrr has 20 seconds left.\n|\n|t:|1776186389\n|move|p2a: Sneasler|Close Combat|p1a: Excadrill\n|-supereffective|p1a: Excadrill|1\n|-damage|p1a: Excadrill|0 fnt\n|-unboost|p2a: Sneasler|def|1\n|-unboost|p2a: Sneasler|spd|1\n|faint|p1a: Excadrill\n|move|p2b: Garchomp|Earthquake|p1b: Milotic|[spread] p2a,p1b\n|-supereffective|p2a: Sneasler|1\n|-damage|p2a: Sneasler|0 fnt\n|-damage|p1b: Milotic|33/100\n|faint|p2a: Sneasler\n|move|p1b: Milotic|Recover|p1b: Milotic\n|-heal|p1b: Milotic|83/100\n|\n|-weather|Snowscape|[upkeep]\n|upkeep\n|\n|t:|1776186402\n|switch|p2a: Maushold|Maushold, L50|100/100\n|switch|p1a: Vanilluxe|Vanilluxe, L50, F|100/100\n|turn|5\n|\n|t:|1776186413\n|move|p1a: Vanilluxe|Blizzard|p2a: Maushold|[spread] p2a,p2b\n|-supereffective|p2b: Garchomp|2\n|-enditem|p2b: Garchomp|Yache Berry|[eat]\n|-enditem|p2b: Garchomp|Yache Berry|[weaken]\n|-damage|p2a: Maushold|50/100\n|-damage|p2b: Garchomp|0 fnt\n|faint|p2b: Garchomp\n|move|p2a: Maushold|Taunt|p1b: Milotic\n|-start|p1b: Milotic|move: Taunt\n|move|p1b: Milotic|Muddy Water|p2a: Maushold\n|-damage|p2a: Maushold|0 fnt\n|faint|p2a: Maushold\n|\n|win|GymLeaderrrrr\n|raw|GymLeaderrrrr's rating: 1233 &rarr; <strong>1256</strong><br />(+23 for winning)\n|raw|CoolTrainerBu's rating: 1200 &rarr; <strong>1177</strong><br />(-23 for losing)\n|l|\u2606GymLeaderrrrr\n|player|p1|\n",
  "uploadtime": 1776186425,
  "views": 18,
  "formatid": "gen9championsvgc2026regma",
  "rating": 1177,
  "private": 0,
  "password": null
}