{
  "id": "gen9championsvgc2026regma-2585992835",
  "format": "[Gen 9 Champions] VGC 2026 Reg M-A",
  "players": [
    "JasmineThia",
    "elmanxas"
  ],
  "log": "|j|\u2606JasmineThia\n|j|\u2606elmanxas\n|t:|1776388334\n|gametype|doubles\n|player|p1|JasmineThia|selene-masters2|1207\n|player|p2|elmanxas|169|1108\n|gen|9\n|tier|[Gen 9 Champions] VGC 2026 Reg M-A\n|rated|\n|rule|Species Clause: Limit one of each Pok\u00e9mon\n|rule|Item Clause: Limit 1 of each item\n|clearpoke\n|poke|p1|Kangaskhan, L50, F|\n|poke|p1|Primarina, L50, M|\n|poke|p1|Aegislash, L50, F|\n|poke|p1|Dragonite, L50, F|\n|poke|p1|Farigiraf, L50, M|\n|poke|p1|Volcarona, L50, F|\n|poke|p2|Charizard, L50, M|\n|poke|p2|Garchomp, L50, F|\n|poke|p2|Aegislash, L50, F|\n|poke|p2|Milotic, L50, M|\n|poke|p2|Kingambit, L50, F|\n|poke|p2|Basculegion, L50, M|\n|teampreview|4\n|inactive|Battle timer is ON: inactive players will automatically lose when time's up. (requested by elmanxas)\nelmanxas rejected open team sheets.\n|inactive|elmanxas has 60 seconds left.\n|\n|t:|1776388372\n|teamsize|p1|4\n|teamsize|p2|4\n|start\n|switch|p1a: Dragonite|Dragonite, L50, F|100/100\n|switch|p1b: Primarina|Primarina, L50, M|100/100\n|switch|p2a: Garchomp|Garchomp, L50, F|100/100\n|switch|p2b: Aegislash|Aegislash, L50, F|100/100\n|turn|1\n|inactive|elmanxas has 30 seconds left.\n|inactive|elmanxas has 20 seconds left.\n|inactive|elmanxas has 15 seconds left.\n|\n|t:|1776388414\n|switch|p2a: Milotic|Milotic, L50, M|100/100\n|move|p1b: Primarina|Protect|p1b: Primarina\n|-singleturn|p1b: Primarina|Protect\n|move|p1a: Dragonite|Tailwind|p1a: Dragonite\n|-sidestart|p1: JasmineThia|move: Tailwind\n|-formechange|p2b: Aegislash|Aegislash-Blade|\n|move|p2b: Aegislash|Poltergeist|p1a: Dragonite\n|-activate|p1a: Dragonite|move: Poltergeist|Lum Berry\n|-damage|p1a: Dragonite|67/100\n|\n|upkeep\n|turn|2\n|\n|t:|1776388431\n|-formechange|p2b: Aegislash|Aegislash|\n|move|p2b: Aegislash|King's Shield|p2b: Aegislash\n|-singleturn|p2b: Aegislash|Protect\n|move|p1a: Dragonite|Scale Shot|p2a: Milotic|[miss]\n|-miss|p1a: Dragonite|p2a: Milotic\n|move|p1b: Primarina|Moonblast|p2a: Milotic\n|-damage|p2a: Milotic|69/100\n|move|p2a: Milotic|Icy Wind|p1a: Dragonite|[spread] p1a,p1b\n|-supereffective|p1a: Dragonite|2\n|-resisted|p1b: Primarina|1\n|-damage|p1a: Dragonite|28/100\n|-damage|p1b: Primarina|97/100\n|-unboost|p1a: Dragonite|spe|1\n|-unboost|p1b: Primarina|spe|1\n|\n|-heal|p2a: Milotic|75/100|[from] item: Leftovers\n|upkeep\n|turn|3\n|inactive|elmanxas has 30 seconds left.\n|\n|t:|1776388458\n|switch|p2b: Charizard|Charizard, L50, M|100/100\n|move|p1a: Dragonite|Scale Shot|p2a: Milotic\n|-damage|p2a: Milotic|63/100\n|-damage|p2a: Milotic|52/100\n|-hitcount|p2a: Milotic|2\n|-unboost|p1a: Dragonite|def|1\n|-boost|p1a: Dragonite|spe|1\n|move|p2a: Milotic|Icy Wind|p1b: Primarina|[spread] p1a,p1b\n|-supereffective|p1a: Dragonite|2\n|-resisted|p1b: Primarina|1\n|-damage|p1a: Dragonite|0 fnt\n|-damage|p1b: Primarina|92/100\n|-unboost|p1b: Primarina|spe|1\n|faint|p1a: Dragonite\n|move|p1b: Primarina|Moonblast|p2a: Milotic\n|-damage|p2a: Milotic|18/100\n|-unboost|p2a: Milotic|spa|1\n|-ability|p2a: Milotic|Competitive|boost\n|-boost|p2a: Milotic|spa|2\n|\n|-heal|p2a: Milotic|24/100|[from] item: Leftovers\n|upkeep\n|\n|t:|1776388462\n|switch|p1a: Volcarona|Volcarona, L50, F|100/100\n|turn|4\n|inactive|elmanxas has 30 seconds left.\n|inactive|elmanxas has 20 seconds left.\n|\n|t:|1776388499\n|detailschange|p2b: Charizard|Charizard-Mega-Y, L50, M\n|-mega|p2b: Charizard|Charizard|Charizardite Y\n|-weather|SunnyDay|[from] ability: Drought|[of] p2b: Charizard\n|move|p2b: Charizard|Protect|p2b: Charizard\n|-singleturn|p2b: Charizard|Protect\n|move|p2a: Milotic|Protect|p2a: Milotic\n|-singleturn|p2a: Milotic|Protect\n|move|p1a: Volcarona|Quiver Dance|p1a: Volcarona\n|-boost|p1a: Volcarona|spa|1\n|-boost|p1a: Volcarona|spd|1\n|-boost|p1a: Volcarona|spe|1\n|move|p1b: Primarina|Hyper Voice|p2a: Milotic|[spread] \n|-activate|p2a: Milotic|move: Protect\n|-activate|p2b: Charizard|move: Protect\n|\n|-weather|SunnyDay|[upkeep]\n|-heal|p2a: Milotic|30/100|[from] item: Leftovers\n|-sideend|p1: JasmineThia|move: Tailwind\n|upkeep\n|turn|5\n|inactive|elmanxas has 30 seconds left.\n|\n|t:|1776388525\n|move|p1a: Volcarona|Heat Wave|p2b: Charizard|[spread] p2a,p2b\n|-resisted|p2a: Milotic|1\n|-resisted|p2b: Charizard|1\n|-damage|p2a: Milotic|0 fnt\n|-damage|p2b: Charizard|65/100\n|faint|p2a: Milotic\n|move|p2b: Charizard|Solar Beam||[still]\n|-prepare|p2b: Charizard|Solar Beam\n|-anim|p2b: Charizard|Solar Beam|p1b: Primarina\n|-supereffective|p1b: Primarina|1\n|-damage|p1b: Primarina|11/100\n|move|p1b: Primarina|Hyper Voice|p2b: Charizard\n|-supereffective|p2b: Charizard|1\n|-damage|p2b: Charizard|23/100\n|\n|-weather|SunnyDay|[upkeep]\n|upkeep\n|\n|t:|1776388537\n|switch|p2a: Garchomp|Garchomp, L50, F|100/100\n|turn|6\n|\n|t:|1776388549\n|move|p2b: Charizard|Protect|p2b: Charizard\n|-singleturn|p2b: Charizard|Protect\n|move|p1a: Volcarona|Heat Wave|p2b: Charizard|[spread] p2a\n|-activate|p2b: Charizard|move: Protect\n|-resisted|p2a: Garchomp|1\n|-crit|p2a: Garchomp\n|-damage|p2a: Garchomp|41/100\n|-enditem|p2a: Garchomp|Sitrus Berry|[eat]\n|-heal|p2a: Garchomp|66/100|[from] item: Sitrus Berry\n|move|p2a: Garchomp|Rock Slide|p1b: Primarina|[spread] p1a,p1b\n|-supereffective|p1a: Volcarona|2\n|-enditem|p1a: Volcarona|Charti Berry|[eat]\n|-enditem|p1a: Volcarona|Charti Berry|[weaken]\n|-damage|p1a: Volcarona|65/100\n|-damage|p1b: Primarina|0 fnt\n|faint|p1b: Primarina\n|\n|-weather|SunnyDay|[upkeep]\n|upkeep\n|\n|t:|1776388552\n|switch|p1b: Farigiraf|Farigiraf, L50, M|100/100\n|turn|7\n|inactive|elmanxas has 30 seconds left.\n|\n|t:|1776388586\n|move|p1a: Volcarona|Protect|p1a: Volcarona\n|-singleturn|p1a: Volcarona|Protect\n|move|p2a: Garchomp|Rock Slide|p1b: Farigiraf|[spread] p1b\n|-activate|p1a: Volcarona|move: Protect\n|-damage|p1b: Farigiraf|84/100\n|move|p2b: Charizard|Heat Wave|p1b: Farigiraf|[spread] p1b\n|-activate|p1a: Volcarona|move: Protect\n|-damage|p1b: Farigiraf|27/100\n|move|p1b: Farigiraf|Psychic|p2a: Garchomp\n|-damage|p2a: Garchomp|32/100\n|\n|-weather|SunnyDay|[upkeep]\n|upkeep\n|turn|8\n|inactive|elmanxas has 30 seconds left.\n|inactive|elmanxas has 20 seconds left.\n|inactive|elmanxas has 15 seconds left.\n|\n|t:|1776388631\n|move|p1b: Farigiraf|Helping Hand|p1a: Volcarona\n|-singleturn|p1a: Volcarona|Helping Hand|[of] p1b: Farigiraf\n|move|p2b: Charizard|Protect|p2b: Charizard\n|-singleturn|p2b: Charizard|Protect\n|move|p1a: Volcarona|Heat Wave|p2a: Garchomp|[spread] p2a\n|-activate|p2b: Charizard|move: Protect\n|-resisted|p2a: Garchomp|1\n|-damage|p2a: Garchomp|0 fnt\n|faint|p2a: Garchomp\n|\n|-weather|none\n|upkeep\n|\n|t:|1776388641\n|switch|p2a: Aegislash|Aegislash, L50, F|100/100\n|turn|9\n|inactive|elmanxas has 30 seconds left.\n|\n|t:|1776388667\n|move|p1b: Farigiraf|Helping Hand|p1a: Volcarona\n|-singleturn|p1a: Volcarona|Helping Hand|[of] p1b: Farigiraf\n|-formechange|p2a: Aegislash|Aegislash-Blade|\n|move|p2a: Aegislash|Shadow Sneak||[still]\n|cant|p1b: Farigiraf|ability: Armor Tail|Shadow Sneak|[of] p2a: Aegislash\n|move|p1a: Volcarona|Heat Wave|p2a: Aegislash|[spread] p2a,p2b\n|-supereffective|p2a: Aegislash|1\n|-resisted|p2b: Charizard|1\n|-damage|p2a: Aegislash|0 fnt\n|-damage|p2b: Charizard|0 fnt\n|faint|p2a: Aegislash\n|faint|p2b: Charizard\n|\n|win|JasmineThia\n|raw|JasmineThia's rating: 1207 &rarr; <strong>1225</strong><br />(+18 for winning)\n|raw|elmanxas's rating: 1108 &rarr; <strong>1090</strong><br />(-18 for losing)\n|l|\u2606elmanxas\n|player|p2|\n",
  "uploadtime": 1776388678,
  "views": 18,
  "formatid": "gen9championsvgc2026regma",
  "rating": 1090,
  "private": 0,
  "password": null
}