{
  "id": "gen9championsvgc2026regma-2585894916",
  "format": "[Gen 9 Champions] VGC 2026 Reg M-A",
  "players": [
    "big guy big guy",
    "thegoldenmagic"
  ],
  "log": "|j|\u2606big guy big guy\n|j|\u2606thegoldenmagic\n|t:|1776379222\n|gametype|doubles\n|player|p1|big guy big guy|101|1127\n|player|p2|thegoldenmagic|policeman-gen4|1217\n|gen|9\n|tier|[Gen 9 Champions] VGC 2026 Reg M-A\n|rated|\n|rule|Species Clause: Limit one of each Pok\u00e9mon\n|rule|Item Clause: Limit 1 of each item\n|clearpoke\n|poke|p1|Excadrill, L50, F|\n|poke|p1|Milotic, L50, F|\n|poke|p1|Mimikyu, L50, M|\n|poke|p1|Tyranitar, L50, M|\n|poke|p1|Kommo-o, L50, F|\n|poke|p1|Morpeko, L50, M|\n|poke|p2|Scovillain, L50, F|\n|poke|p2|Incineroar, L50, M|\n|poke|p2|Farigiraf, L50, M|\n|poke|p2|Gallade, L50, M|\n|poke|p2|Kingambit, L50, F|\n|poke|p2|Pelipper, L50, M|\n|teampreview|4\n|inactive|Battle timer is ON: inactive players will automatically lose when time's up. (requested by big guy big guy)\n|inactive|big guy big guy has 60 seconds left.\n|\n|t:|1776379284\n|teamsize|p1|4\n|teamsize|p2|4\n|start\n|switch|p1a: Morpeko|Morpeko, L50, M|100/100\n|switch|p1b: Milotic|Milotic, L50, F|100/100\n|switch|p2a: Scovillain|Scovillain, L50, F|100/100\n|switch|p2b: Farigiraf|Farigiraf, L50, M, shiny|100/100\n|turn|1\n|\n|t:|1776379298\n|switch|p1b: Tyranitar|Tyranitar, L50, M|100/100\n|-weather|Sandstorm|[from] ability: Sand Stream|[of] p1b: Tyranitar\n|detailschange|p2a: Scovillain|Scovillain-Mega, L50, F\n|-mega|p2a: Scovillain|Scovillain|Scovillainite\n|move|p1a: Morpeko|Aura Wheel|p2b: Farigiraf\n|-damage|p2b: Farigiraf|50/100\n|-boost|p1a: Morpeko|spe|1\n|-enditem|p2b: Farigiraf|Sitrus Berry|[eat]\n|-heal|p2b: Farigiraf|74/100|[from] item: Sitrus Berry\n|move|p2a: Scovillain|Leaf Storm|p1b: Tyranitar\n|-supereffective|p1b: Tyranitar|1\n|-damage|p1b: Tyranitar|40/100\n|-unboost|p2a: Scovillain|spa|2\n|move|p2b: Farigiraf|Trick Room|p2b: Farigiraf\n|-fieldstart|move: Trick Room|[of] p2b: Farigiraf\n|\n|-weather|Sandstorm|[upkeep]\n|-damage|p2b: Farigiraf|68/100|[from] Sandstorm\n|-damage|p2a: Scovillain|95/100|[from] Sandstorm\n|-damage|p1a: Morpeko|95/100|[from] Sandstorm\n|-formechange|p1a: Morpeko|Morpeko-Hangry|\n|upkeep\n|turn|2\n|\n|t:|1776379322\n|switch|p1b: Milotic|Milotic, L50, F|100/100\n|move|p2a: Scovillain|Rage Powder|p2a: Scovillain\n|-singleturn|p2a: Scovillain|move: Rage Powder\n|move|p2b: Farigiraf|Nasty Plot|p2b: Farigiraf\n|-boost|p2b: Farigiraf|spa|2\n|move|p1a: Morpeko|Aura Wheel|p2a: Scovillain\n|-damage|p2a: Scovillain|47/100\n|-boost|p1a: Morpeko|spe|1\n|-status|p1a: Morpeko|brn|[from] ability: Spicy Spray|[of] p2a: Scovillain\n|\n|-weather|Sandstorm|[upkeep]\n|-damage|p2b: Farigiraf|62/100|[from] Sandstorm\n|-damage|p2a: Scovillain|41/100|[from] Sandstorm\n|-damage|p1b: Milotic|95/100|[from] Sandstorm\n|-damage|p1a: Morpeko|89/100 brn|[from] Sandstorm\n|-damage|p1a: Morpeko|83/100 brn|[from] brn\n|-formechange|p1a: Morpeko|Morpeko|\n|upkeep\n|turn|3\n|inactive|big guy big guy has 30 seconds left.\n|\n|t:|1776379347\n|move|p1a: Morpeko|Protect|p1a: Morpeko\n|-singleturn|p1a: Morpeko|Protect\n|move|p2b: Farigiraf|Hyper Voice|p1b: Milotic|[spread] p1b\n|-activate|p1a: Morpeko|move: Protect\n|-damage|p1b: Milotic|47/100\n|-enditem|p1b: Milotic|Sitrus Berry|[eat]\n|-heal|p1b: Milotic|71/100|[from] item: Sitrus Berry\n|move|p2a: Scovillain|Leaf Storm|p1b: Milotic\n|-supereffective|p1b: Milotic|1\n|-damage|p1b: Milotic|29/100\n|-unboost|p2a: Scovillain|spa|2\n|move|p1b: Milotic|Icy Wind|p2b: Farigiraf|[spread] p2a,p2b\n|-damage|p2a: Scovillain|32/100\n|-damage|p2b: Farigiraf|54/100\n|-unboost|p2a: Scovillain|spe|1\n|-unboost|p2b: Farigiraf|spe|1\n|-status|p1b: Milotic|brn|[from] ability: Spicy Spray|[of] p2a: Scovillain\n|\n|-weather|Sandstorm|[upkeep]\n|-damage|p2b: Farigiraf|48/100|[from] Sandstorm\n|-damage|p2a: Scovillain|26/100|[from] Sandstorm\n|-damage|p1b: Milotic|23/100 brn|[from] Sandstorm\n|-damage|p1a: Morpeko|77/100 brn|[from] Sandstorm\n|-damage|p1b: Milotic|17/100 brn|[from] brn\n|-damage|p1a: Morpeko|71/100 brn|[from] brn\n|-formechange|p1a: Morpeko|Morpeko-Hangry|\n|upkeep\n|turn|4\n|inactive|thegoldenmagic has 30 seconds left.\n|\n|t:|1776379380\n|move|p2a: Scovillain|Rage Powder|p2a: Scovillain\n|-singleturn|p2a: Scovillain|move: Rage Powder\n|move|p2b: Farigiraf|Nasty Plot|p2b: Farigiraf\n|-boost|p2b: Farigiraf|spa|2\n|move|p1b: Milotic|Scald|p2a: Scovillain\n|-damage|p2a: Scovillain|0 fnt\n|faint|p2a: Scovillain\n|move|p1a: Morpeko|Aura Wheel|p2b: Farigiraf\n|-supereffective|p2b: Farigiraf|1\n|-damage|p2b: Farigiraf|3/100\n|-boost|p1a: Morpeko|spe|1\n|\n|-weather|Sandstorm|[upkeep]\n|-damage|p2b: Farigiraf|0 fnt|[from] Sandstorm\n|-damage|p1b: Milotic|11/100 brn|[from] Sandstorm\n|-damage|p1a: Morpeko|65/100 brn|[from] Sandstorm\n|faint|p2b: Farigiraf\n|-damage|p1b: Milotic|5/100 brn|[from] brn\n|-damage|p1a: Morpeko|59/100 brn|[from] brn\n|-formechange|p1a: Morpeko|Morpeko|\n|upkeep\n|\n|t:|1776379389\n|switch|p2b: Gallade|Gallade, L50, M, shiny|100/100\n|switch|p2a: Pelipper|Pelipper, L50, M|100/100\n|-weather|RainDance|[from] ability: Drizzle|[of] p2a: Pelipper\n|turn|5\n|\n|t:|1776379399\n|switch|p1b: Tyranitar|Tyranitar, L50, M|40/100\n|-weather|Sandstorm|[from] ability: Sand Stream|[of] p1b: Tyranitar\n|move|p1a: Morpeko|Protect|p1a: Morpeko\n|-singleturn|p1a: Morpeko|Protect\n|move|p2a: Pelipper|Muddy Water|p1b: Tyranitar|[spread] \n|-activate|p1a: Morpeko|move: Protect\n|-miss|p2a: Pelipper|p1b: Tyranitar\n|move|p2b: Gallade|Sacred Sword|p1a: Morpeko\n|-activate|p1a: Morpeko|move: Protect\n|\n|-weather|Sandstorm|[upkeep]\n|-damage|p2a: Pelipper|95/100|[from] Sandstorm\n|-damage|p2b: Gallade|95/100|[from] Sandstorm\n|-damage|p1a: Morpeko|53/100 brn|[from] Sandstorm\n|-damage|p1a: Morpeko|47/100 brn|[from] brn\n|-fieldend|move: Trick Room\n|-formechange|p1a: Morpeko|Morpeko-Hangry|\n|upkeep\n|turn|6\n|\n|t:|1776379420\n|switch|p1b: Milotic|Milotic, L50, F|5/100 brn\n|move|p1a: Morpeko|Aura Wheel|p2b: Gallade\n|-damage|p2b: Gallade|62/100\n|-boost|p1a: Morpeko|spe|1\n|move|p2b: Gallade|Sacred Sword|p1b: Milotic\n|-damage|p1b: Milotic|0 fnt\n|faint|p1b: Milotic\n|move|p2a: Pelipper|Weather Ball|p1a: Morpeko\n|-damage|p1a: Morpeko|0 fnt\n|faint|p1a: Morpeko\n|\n|-weather|Sandstorm|[upkeep]\n|-damage|p2b: Gallade|56/100|[from] Sandstorm\n|-damage|p2a: Pelipper|89/100|[from] Sandstorm\n|upkeep\n|\n|t:|1776379426\n|switch|p1a: Excadrill|Excadrill, L50, F|100/100\n|switch|p1b: Tyranitar|Tyranitar, L50, M|40/100\n|turn|7\n|\n|t:|1776379443\n|detailschange|p1a: Excadrill|Excadrill-Mega, L50, F\n|-mega|p1a: Excadrill|Excadrill|Excadrite\n|move|p1a: Excadrill|Rock Slide|p2a: Pelipper|[spread] p2a,p2b\n|-supereffective|p2a: Pelipper|1\n|-resisted|p2b: Gallade|1\n|-damage|p2a: Pelipper|31/100\n|-damage|p2b: Gallade|40/100\n|move|p1b: Tyranitar|Rock Slide|p2b: Gallade|[spread] p2a\n|-miss|p1b: Tyranitar|p2b: Gallade\n|-supereffective|p2a: Pelipper|1\n|-damage|p2a: Pelipper|0 fnt\n|faint|p2a: Pelipper\n|cant|p2b: Gallade|flinch\n|\n|-weather|Sandstorm|[upkeep]\n|-damage|p2b: Gallade|34/100|[from] Sandstorm\n|upkeep\n|turn|8\n|\n|t:|1776379460\n|move|p1a: Excadrill|High Horsepower|p2b: Gallade|[miss]\n|-miss|p1a: Excadrill|p2b: Gallade\n|move|p2b: Gallade|Sacred Sword|p1b: Tyranitar\n|-supereffective|p1b: Tyranitar|2\n|-damage|p1b: Tyranitar|0 fnt\n|faint|p1b: Tyranitar\n|\n|-weather|Sandstorm|[upkeep]\n|-damage|p2b: Gallade|28/100|[from] Sandstorm\n|upkeep\n|turn|9\n|\n|t:|1776379473\n|move|p2b: Gallade|Protect|p2b: Gallade\n|-singleturn|p2b: Gallade|Protect\n|move|p1a: Excadrill|Iron Head|p2b: Gallade\n|-ability|p1a: Excadrill|Piercing Drill\n|-zbroken|p2b: Gallade\n|-damage|p2b: Gallade|8/100\n|\n|-weather|none\n|upkeep\n|turn|10\n|\n|t:|1776379480\n|move|p1a: Excadrill|Iron Head|p2b: Gallade\n|-damage|p2b: Gallade|0 fnt\n|faint|p2b: Gallade\n|\n|win|big guy big guy\n|raw|big guy big guy's rating: 1127 &rarr; <strong>1158</strong><br />(+31 for winning)\n|raw|thegoldenmagic's rating: 1217 &rarr; <strong>1186</strong><br />(-31 for losing)\n",
  "uploadtime": 1776379484,
  "views": 27,
  "formatid": "gen9championsvgc2026regma",
  "rating": 1158,
  "private": 0,
  "password": null
}