{
  "id": "gen9championsvgc2026regma-2585317436",
  "format": "[Gen 9 Champions] VGC 2026 Reg M-A",
  "players": [
    "gimbledoorf",
    "regidragon12138"
  ],
  "log": "|j|\u2606gimbledoorf\n|j|\u2606regidragon12138\n|t:|1776337162\n|gametype|doubles\n|player|p1|gimbledoorf|170|1261\n|player|p2|regidragon12138|266|1297\n|gen|9\n|tier|[Gen 9 Champions] VGC 2026 Reg M-A\n|rated|\n|rule|Species Clause: Limit one of each Pok\u00e9mon\n|rule|Item Clause: Limit 1 of each item\n|clearpoke\n|poke|p1|Crabominable, L50, F|\n|poke|p1|Slowking-Galar, L50, F|\n|poke|p1|Kingambit, L50, M|\n|poke|p1|Primarina, L50, F|\n|poke|p1|Incineroar, L50, M|\n|poke|p1|Sinistcha, L50|\n|poke|p2|Kommo-o, L50, M|\n|poke|p2|Gengar, L50, M|\n|poke|p2|Whimsicott, L50, M|\n|poke|p2|Basculegion, L50, M|\n|poke|p2|Incineroar, L50, M|\n|poke|p2|Tinkaton, L50, F|\n|teampreview|4\n|inactive|Battle timer is ON: inactive players will automatically lose when time's up. (requested by regidragon12138)\n|inactive|regidragon12138 has 60 seconds left.\n|\n|t:|1776337201\n|teamsize|p1|4\n|teamsize|p2|4\n|start\n|switch|p1a: Slowking|Slowking-Galar, L50, F|100/100\n|switch|p1b: Incineroar|Incineroar, L50, M|100/100\n|switch|p2a: Kommo-o|Kommo-o, L50, M|100/100\n|switch|p2b: Gengar|Gengar, L50, M|100/100\n|-ability|p1b: Incineroar|Intimidate|boost\n|-unboost|p2a: Kommo-o|atk|1\n|-unboost|p2b: Gengar|atk|1\n|turn|1\n|\n|t:|1776337215\n|detailschange|p2b: Gengar|Gengar-Mega, L50, M\n|-mega|p2b: Gengar|Gengar|Gengarite\n|move|p2b: Gengar|Protect|p2b: Gengar\n|-singleturn|p2b: Gengar|Protect\n|move|p1b: Incineroar|Fake Out|p2a: Kommo-o\n|-crit|p2a: Kommo-o\n|-damage|p2a: Kommo-o|85/100\n|cant|p2a: Kommo-o|flinch\n|move|p1a: Slowking|Trick Room|p1a: Slowking\n|-fieldstart|move: Trick Room|[of] p1a: Slowking\n|\n|-heal|p2a: Kommo-o|91/100|[from] item: Leftovers\n|upkeep\n|turn|2\n|\n|t:|1776337238\n|switch|p2b: Tinkaton|Tinkaton, L50, F|100/100\n|-prepare|p1a: Slowking|Chilly Reception|[premajor]\n|move|p1a: Slowking|Chilly Reception|p1a: Slowking\n|-weather|Snowscape\n|\n|t:|1776337243\n|switch|p1a: Crabominable|Crabominable, L50, F|100/100|[from] Chilly Reception\n|move|p1b: Incineroar|Throat Chop|p2b: Tinkaton\n|-resisted|p2b: Tinkaton|1\n|-damage|p2b: Tinkaton|84/100\n|-start|p2b: Tinkaton|Throat Chop|[silent]\n|move|p2a: Kommo-o|Aura Sphere|p1b: Incineroar\n|-supereffective|p1b: Incineroar|1\n|-damage|p1b: Incineroar|49/100\n|-enditem|p1b: Incineroar|Sitrus Berry|[eat]\n|-heal|p1b: Incineroar|74/100|[from] item: Sitrus Berry\n|\n|-weather|Snowscape|[upkeep]\n|-heal|p2a: Kommo-o|97/100|[from] item: Leftovers\n|upkeep\n|turn|3\n|\n|t:|1776337261\n|detailschange|p1a: Crabominable|Crabominable-Mega, L50, F\n|-mega|p1a: Crabominable|Crabominable|Crabominite\n|move|p1a: Crabominable|Protect|p1a: Crabominable\n|-singleturn|p1a: Crabominable|Protect\n|move|p2b: Tinkaton|Fake Out|p1a: Crabominable\n|-activate|p1a: Crabominable|move: Protect\n|move|p1b: Incineroar|Throat Chop|p2a: Kommo-o\n|-resisted|p2a: Kommo-o|1\n|-damage|p2a: Kommo-o|83/100\n|-start|p2a: Kommo-o|Throat Chop|[silent]\n|move|p2a: Kommo-o|Aura Sphere|p1a: Crabominable\n|-activate|p1a: Crabominable|move: Protect\n|\n|-weather|Snowscape|[upkeep]\n|-heal|p2a: Kommo-o|89/100|[from] item: Leftovers\n|-end|p2b: Tinkaton|Throat Chop|[silent]\n|upkeep\n|turn|4\n|\n|t:|1776337277\n|move|p2a: Kommo-o|Protect|p2a: Kommo-o\n|-singleturn|p2a: Kommo-o|Protect\n|move|p1a: Crabominable|Ice Hammer|p2a: Kommo-o\n|-activate|p2a: Kommo-o|move: Protect\n|move|p1b: Incineroar|Parting Shot|p2b: Tinkaton\n|-unboost|p2b: Tinkaton|atk|1\n|-unboost|p2b: Tinkaton|spa|1\n|\n|t:|1776337280\n|switch|p1b: Primarina|Primarina, L50, F|100/100|[from] Parting Shot\n|move|p2b: Tinkaton|Gigaton Hammer|p1a: Crabominable\n|-supereffective|p1a: Crabominable|1\n|-damage|p1a: Crabominable|73/100\n|\n|-weather|Snowscape|[upkeep]\n|-heal|p2a: Kommo-o|95/100|[from] item: Leftovers\n|-end|p2a: Kommo-o|Throat Chop|[silent]\n|upkeep\n|turn|5\n|\n|t:|1776337291\n|switch|p1a: Slowking|Slowking-Galar, L50, F|100/100\n|switch|p2a: Basculegion|Basculegion, L50, M|100/100\n|move|p1b: Primarina|Calm Mind|p1b: Primarina\n|-boost|p1b: Primarina|spa|1\n|-boost|p1b: Primarina|spd|1\n|move|p2b: Tinkaton|Substitute|p2b: Tinkaton\n|-start|p2b: Tinkaton|Substitute\n|-damage|p2b: Tinkaton|59/100\n|\n|-weather|Snowscape|[upkeep]\n|-fieldend|move: Trick Room\n|upkeep\n|turn|6\n|\n|t:|1776337304\n|move|p2a: Basculegion|Last Respects|p1a: Slowking\n|-supereffective|p1a: Slowking|1\n|-damage|p1a: Slowking|49/100\n|move|p2b: Tinkaton|Gigaton Hammer|p1b: Primarina\n|-damage|p1b: Primarina|68/100\n|move|p1b: Primarina|Moonblast|p2a: Basculegion\n|-damage|p2a: Basculegion|8/100\n|move|p1a: Slowking|Trick Room|p1a: Slowking\n|-fieldstart|move: Trick Room|[of] p1a: Slowking\n|\n|-weather|none\n|-heal|p1b: Primarina|74/100|[from] item: Leftovers\n|upkeep\n|turn|7\n|\n|t:|1776337324\n|move|p2b: Tinkaton|Protect|p2b: Tinkaton\n|-singleturn|p2b: Tinkaton|Protect\n|-prepare|p1a: Slowking|Chilly Reception|[premajor]\n|move|p1a: Slowking|Chilly Reception|p1a: Slowking\n|-weather|Snowscape\n|\n|t:|1776337329\n|switch|p1a: Crabominable|Crabominable-Mega, L50, F|73/100|[from] Chilly Reception\n|move|p1b: Primarina|Hyper Voice|p2a: Basculegion|[spread] p2a\n|-activate|p2b: Tinkaton|move: Protect\n|-resisted|p2a: Basculegion|1\n|-damage|p2a: Basculegion|0 fnt\n|faint|p2a: Basculegion\n|\n|-weather|Snowscape|[upkeep]\n|-heal|p1b: Primarina|80/100|[from] item: Leftovers\n|upkeep\n|-message|regidragon12138 forfeited.\n|\n|win|gimbledoorf\n|raw|gimbledoorf's rating: 1261 &rarr; <strong>1289</strong><br />(+28 for winning)\n|raw|regidragon12138's rating: 1297 &rarr; <strong>1269</strong><br />(-28 for losing)\n|l|\u2606regidragon12138\n|player|p2|\n",
  "uploadtime": 1776337364,
  "views": 29,
  "formatid": "gen9championsvgc2026regma",
  "rating": 1269,
  "private": 0,
  "password": null
}