{
  "id": "gen9championsvgc2026regma-2588101740",
  "format": "[Gen 9 Champions] VGC 2026 Reg M-A",
  "players": [
    "CaipisaurusRex",
    "Mikitrash"
  ],
  "log": "|j|\u2606CaipisaurusRex\n|j|\u2606Mikitrash\n|t:|1776604439\n|gametype|doubles\n|player|p1|CaipisaurusRex|169|1363\n|player|p2|Mikitrash|tourist|1389\n|gen|9\n|tier|[Gen 9 Champions] VGC 2026 Reg M-A\n|rated|\n|rule|Species Clause: Limit one of each Pok\u00e9mon\n|rule|Item Clause: Limit 1 of each item\n|clearpoke\n|poke|p1|Gengar, L50, F, shiny|\n|poke|p1|Basculegion, L50, M|\n|poke|p1|Sneasler, L50, M|\n|poke|p1|Pelipper, L50, F|\n|poke|p1|Meganium, L50, M|\n|poke|p1|Incineroar, L50, F|\n|poke|p2|Chandelure, L50, F, shiny|\n|poke|p2|Hydreigon, L50, M|\n|poke|p2|Whimsicott, L50, F|\n|poke|p2|Primarina, L50, F|\n|poke|p2|Tsareena, L50, F|\n|poke|p2|Excadrill, L50, F, shiny|\n|teampreview|4\n|\n|t:|1776604488\n|teamsize|p1|4\n|teamsize|p2|4\n|start\n|switch|p1a: Incineroar|Incineroar, L50, F|100/100\n|switch|p1b: Gengar|Gengar, L50, F, shiny|100/100\n|switch|p2a: Whimsicott|Whimsicott, L50, F|100/100\n|switch|p2b: Hydreigon|Hydreigon, L50, M|100/100\n|-ability|p1a: Incineroar|Intimidate|boost\n|-unboost|p2a: Whimsicott|atk|1\n|-unboost|p2b: Hydreigon|atk|1\n|turn|1\n|\n|t:|1776604507\n|switch|p2a: Tsareena|Tsareena, L50, F|100/100\n|detailschange|p1b: Gengar|Gengar-Mega, L50, F, shiny\n|-mega|p1b: Gengar|Gengar|Gengarite\n|move|p1a: Incineroar|Fake Out||[still]\n|cant|p2a: Tsareena|ability: Queenly Majesty|Fake Out|[of] p1a: Incineroar\n|move|p1b: Gengar|Sludge Bomb|p2a: Tsareena\n|-supereffective|p2a: Tsareena|1\n|-crit|p2a: Tsareena\n|-damage|p2a: Tsareena|0 fnt\n|faint|p2a: Tsareena\n|move|p2b: Hydreigon|Tailwind|p2b: Hydreigon\n|-sidestart|p2: Mikitrash|move: Tailwind\n|\n|upkeep\n|\n|t:|1776604526\n|switch|p2a: Chandelure|Chandelure, L50, F, shiny|100/100\n|turn|2\n|\n|t:|1776604541\n|move|p2a: Chandelure|Protect|p2a: Chandelure\n|-singleturn|p2a: Chandelure|Protect\n|move|p1b: Gengar|Protect|p1b: Gengar\n|-singleturn|p1b: Gengar|Protect\n|move|p2b: Hydreigon|Breaking Swipe|p1b: Gengar|[spread] p1a\n|-activate|p1b: Gengar|move: Protect\n|-damage|p1a: Incineroar|93/100\n|-unboost|p1a: Incineroar|atk|1\n|move|p1a: Incineroar|Parting Shot|p2a: Chandelure\n|-activate|p2a: Chandelure|move: Protect\n|\n|upkeep\n|turn|3\n|\n|t:|1776604555\n|switch|p1b: Pelipper|Pelipper, L50, F|100/100\n|-weather|RainDance|[from] ability: Drizzle|[of] p1b: Pelipper\n|detailschange|p2a: Chandelure|Chandelure-Mega, L50, F, shiny\n|-mega|p2a: Chandelure|Chandelure|Chandelurite\n|move|p2b: Hydreigon|Draco Meteor|p1a: Incineroar\n|-damage|p1a: Incineroar|50/100\n|-unboost|p2b: Hydreigon|spa|2\n|-enditem|p1a: Incineroar|Sitrus Berry|[eat]\n|-heal|p1a: Incineroar|74/100|[from] item: Sitrus Berry\n|move|p2a: Chandelure|Shadow Ball|p1b: Pelipper\n|-damage|p1b: Pelipper|6/100\n|-unboost|p1b: Pelipper|spd|1\n|move|p1a: Incineroar|Parting Shot|p2a: Chandelure\n|-unboost|p2a: Chandelure|atk|1\n|-unboost|p2a: Chandelure|spa|1\n|\n|t:|1776604582\n|switch|p1a: Gengar|Gengar-Mega, L50, F, shiny|100/100|[from] Parting Shot\n|\n|-weather|RainDance|[upkeep]\n|upkeep\n|turn|4\n|\n|t:|1776604597\n|switch|p2a: Whimsicott|Whimsicott, L50, F|100/100\n|move|p1a: Gengar|Protect|p1a: Gengar\n|-singleturn|p1a: Gengar|Protect\n|move|p2b: Hydreigon|Snarl|p1b: Pelipper|[spread] p1b\n|-activate|p1a: Gengar|move: Protect\n|-damage|p1b: Pelipper|0 fnt\n|faint|p1b: Pelipper\n|\n|-weather|RainDance|[upkeep]\n|-sideend|p2: Mikitrash|move: Tailwind\n|upkeep\n|\n|t:|1776604608\n|switch|p1b: Incineroar|Incineroar, L50, F|74/100\n|-ability|p1b: Incineroar|Intimidate|boost\n|-unboost|p2a: Whimsicott|atk|1\n|-unboost|p2b: Hydreigon|atk|1\n|turn|5\n|\n|t:|1776604616\n|move|p1b: Incineroar|Fake Out|p2a: Whimsicott\n|-damage|p2a: Whimsicott|89/100\n|cant|p2a: Whimsicott|flinch\n|move|p1a: Gengar|Sludge Bomb|p2a: Whimsicott\n|-supereffective|p2a: Whimsicott|2\n|-damage|p2a: Whimsicott|0 fnt\n|faint|p2a: Whimsicott\n|move|p2b: Hydreigon|Tailwind|p2b: Hydreigon\n|-sidestart|p2: Mikitrash|move: Tailwind\n|\n|-weather|RainDance|[upkeep]\n|upkeep\n|\n|t:|1776604622\n|switch|p2a: Chandelure|Chandelure-Mega, L50, F, shiny|100/100\n|turn|6\n|\n|t:|1776604637\n|move|p2a: Chandelure|Protect|p2a: Chandelure\n|-singleturn|p2a: Chandelure|Protect\n|move|p1a: Gengar|Protect|p1a: Gengar\n|-singleturn|p1a: Gengar|Protect\n|move|p2b: Hydreigon|Draco Meteor|p1b: Incineroar\n|-damage|p1b: Incineroar|53/100\n|-unboost|p2b: Hydreigon|spa|2\n|move|p1b: Incineroar|Parting Shot|p2b: Hydreigon\n|-unboost|p2b: Hydreigon|atk|1\n|-unboost|p2b: Hydreigon|spa|1\n|\n|t:|1776604646\n|switch|p1b: Basculegion|Basculegion, L50, M|100/100|[from] Parting Shot\n|\n|-weather|RainDance|[upkeep]\n|upkeep\n|turn|7\n|\n|t:|1776604664\n|switch|p1a: Incineroar|Incineroar, L50, F|53/100\n|-ability|p1a: Incineroar|Intimidate|boost\n|-unboost|p2a: Chandelure|atk|1\n|-unboost|p2b: Hydreigon|atk|1\n|move|p1b: Basculegion|Aqua Jet|p2a: Chandelure\n|-supereffective|p2a: Chandelure|1\n|-damage|p2a: Chandelure|3/100\n|move|p2b: Hydreigon|Snarl|p1b: Basculegion|[spread] p1a,p1b\n|-resisted|p1a: Incineroar|1\n|-supereffective|p1b: Basculegion|1\n|-damage|p1a: Incineroar|51/100\n|-damage|p1b: Basculegion|88/100\n|-unboost|p1a: Incineroar|spa|1\n|-unboost|p1b: Basculegion|spa|1\n|move|p2a: Chandelure|Shadow Ball|p1b: Basculegion\n|-supereffective|p1b: Basculegion|1\n|-damage|p1b: Basculegion|0 fnt\n|faint|p1b: Basculegion\n|\n|-weather|none\n|upkeep\n|\n|t:|1776604674\n|switch|p1b: Gengar|Gengar-Mega, L50, F, shiny|100/100\n|turn|8\n|\n|t:|1776604693\n|move|p2a: Chandelure|Protect|p2a: Chandelure\n|-singleturn|p2a: Chandelure|Protect\n|move|p1b: Gengar|Protect|p1b: Gengar\n|-singleturn|p1b: Gengar|Protect\n|move|p2b: Hydreigon|Snarl|p1b: Gengar|[spread] p1a\n|-activate|p1b: Gengar|move: Protect\n|-resisted|p1a: Incineroar|1\n|-damage|p1a: Incineroar|50/100\n|-unboost|p1a: Incineroar|spa|1\n|move|p1a: Incineroar|Darkest Lariat|p2a: Chandelure\n|-activate|p2a: Chandelure|move: Protect\n|\n|-sideend|p2: Mikitrash|move: Tailwind\n|upkeep\n|turn|9\n|\n|t:|1776604708\n|move|p1b: Gengar|Sludge Bomb|p2b: Hydreigon\n|-damage|p2b: Hydreigon|40/100\n|-enditem|p2b: Hydreigon|Sitrus Berry|[eat]\n|-heal|p2b: Hydreigon|64/100|[from] item: Sitrus Berry\n|move|p2b: Hydreigon|Snarl|p1b: Gengar|[spread] p1a,p1b\n|-resisted|p1a: Incineroar|1\n|-supereffective|p1b: Gengar|1\n|-damage|p1a: Incineroar|48/100\n|-damage|p1b: Gengar|87/100\n|-unboost|p1a: Incineroar|spa|1\n|-unboost|p1b: Gengar|spa|1\n|move|p2a: Chandelure|Shadow Ball|p1b: Gengar\n|-supereffective|p1b: Gengar|1\n|-damage|p1b: Gengar|0 fnt\n|faint|p1b: Gengar\n|move|p1a: Incineroar|Darkest Lariat|p2a: Chandelure\n|-supereffective|p2a: Chandelure|1\n|-damage|p2a: Chandelure|0 fnt\n|faint|p2a: Chandelure\n|\n|upkeep\n|turn|10\n|\n|t:|1776604724\n|move|p2b: Hydreigon|Draco Meteor|p1a: Incineroar\n|-damage|p1a: Incineroar|35/100\n|-unboost|p2b: Hydreigon|spa|1\n|move|p1a: Incineroar|Darkest Lariat|p2b: Hydreigon\n|-resisted|p2b: Hydreigon|1\n|-damage|p2b: Hydreigon|50/100\n|\n|upkeep\n|turn|11\n|\n|t:|1776604739\n|move|p2b: Hydreigon|Breaking Swipe|p1a: Incineroar\n|-damage|p1a: Incineroar|29/100\n|-unboost|p1a: Incineroar|atk|1\n|move|p1a: Incineroar|Darkest Lariat|p2b: Hydreigon\n|-resisted|p2b: Hydreigon|1\n|-damage|p2b: Hydreigon|38/100\n|\n|upkeep\n|turn|12\n|\n|t:|1776604749\n|move|p2b: Hydreigon|Draco Meteor|p1a: Incineroar\n|-damage|p1a: Incineroar|18/100\n|move|p1a: Incineroar|Darkest Lariat|p2b: Hydreigon\n|-resisted|p2b: Hydreigon|1\n|-damage|p2b: Hydreigon|27/100\n|\n|upkeep\n|turn|13\n|\n|t:|1776604762\n|move|p2b: Hydreigon|Draco Meteor|p1a: Incineroar\n|-damage|p1a: Incineroar|7/100\n|move|p1a: Incineroar|Flare Blitz|p2b: Hydreigon\n|-resisted|p2b: Hydreigon|1\n|-damage|p2b: Hydreigon|11/100\n|-damage|p1a: Incineroar|2/100|[from] Recoil\n|\n|upkeep\n|turn|14\n|\n|t:|1776604768\n|move|p2b: Hydreigon|Breaking Swipe|p1a: Incineroar\n|-damage|p1a: Incineroar|0 fnt\n|faint|p1a: Incineroar\n|\n|win|Mikitrash\n|raw|CaipisaurusRex's rating: 1363 &rarr; <strong>1344</strong><br />(-19 for losing)\n|raw|Mikitrash's rating: 1389 &rarr; <strong>1408</strong><br />(+19 for winning)\n",
  "uploadtime": 1776604770,
  "views": 15,
  "formatid": "gen9championsvgc2026regma",
  "rating": 1344,
  "private": 0,
  "password": null
}