{
  "id": "gen9championsvgc2026regma-2581292047",
  "format": "[Gen 9 Champions] VGC 2026 Reg M-A",
  "players": [
    "lilsxooby",
    "Stream EXO Crown"
  ],
  "log": "|j|\u2606lilsxooby\n|j|\u2606Stream EXO Crown\n|t:|1775982282\n|gametype|doubles\n|player|p1|lilsxooby|benga|1162\n|player|p2|Stream EXO Crown|parasollady|1264\n|gen|9\n|tier|[Gen 9 Champions] VGC 2026 Reg M-A\n|rated|\n|rule|Species Clause: Limit one of each Pok\u00e9mon\n|rule|Item Clause: Limit 1 of each item\n|clearpoke\n|poke|p1|Glimmora, L50, M|\n|poke|p1|Archaludon, L50, F|\n|poke|p1|Delphox, L50, F|\n|poke|p1|Kingambit, L50, M|\n|poke|p1|Milotic, L50, M|\n|poke|p1|Sinistcha-Masterpiece, L50|\n|poke|p2|Kingambit, L50, F|\n|poke|p2|Kommo-o, L50, M|\n|poke|p2|Arcanine-Hisui, L50, M|\n|poke|p2|Clefable, L50, F|\n|poke|p2|Froslass, L50, F|\n|poke|p2|Palafin, L50, M|\n|teampreview|4\n|c|\u2606lilsxooby|glhf!\n|c|\u2606Stream EXO Crown|u2\n|\n|t:|1775982323\n|teamsize|p1|4\n|teamsize|p2|4\n|start\n|switch|p1a: Milotic|Milotic, L50, M|100/100\n|switch|p1b: Archaludon|Archaludon, L50, F|100/100\n|switch|p2a: Clefable|Clefable, L50, F|100/100\n|switch|p2b: Palafin|Palafin, L50, M|100/100\n|turn|1\n|\n|t:|1775982333\n|detailschange|p2b: Palafin|Palafin-Hero, L50, M\n|switch|p2b: Kommo-o|Kommo-o, L50, M|100/100\n|move|p1a: Milotic|Icy Wind|p2b: Kommo-o|[spread] p2a,p2b\n|-supereffective|p2b: Kommo-o|1\n|-damage|p2a: Clefable|91/100\n|-damage|p2b: Kommo-o|82/100\n|-unboost|p2a: Clefable|spe|1\n|-unboost|p2b: Kommo-o|spe|1\n|move|p1b: Archaludon|Flash Cannon|p2a: Clefable\n|-supereffective|p2a: Clefable|1\n|-damage|p2a: Clefable|12/100\n|-unboost|p2a: Clefable|spd|1\n|-enditem|p2a: Clefable|Sitrus Berry|[eat]\n|-heal|p2a: Clefable|37/100|[from] item: Sitrus Berry\n|move|p2a: Clefable|Thunder Wave|p1b: Archaludon\n|-status|p1b: Archaludon|par\n|\n|-heal|p2b: Kommo-o|89/100|[from] item: Leftovers\n|upkeep\n|turn|2\n|\n|t:|1775982358\n|move|p2a: Clefable|Protect|p2a: Clefable\n|-singleturn|p2a: Clefable|Protect\n|move|p1a: Milotic|Scald|p2a: Clefable\n|-activate|p2a: Clefable|move: Protect\n|move|p2b: Kommo-o|Iron Defense|p2b: Kommo-o\n|-boost|p2b: Kommo-o|def|2\n|move|p1b: Archaludon|Dragon Pulse|p2b: Kommo-o\n|-supereffective|p2b: Kommo-o|1\n|-damage|p2b: Kommo-o|14/100\n|\n|-heal|p2b: Kommo-o|20/100|[from] item: Leftovers\n|upkeep\n|turn|3\n|\n|t:|1775982382\n|move|p2a: Clefable|Follow Me|p2a: Clefable\n|-singleturn|p2a: Clefable|move: Follow Me\n|move|p1a: Milotic|Icy Wind|p2a: Clefable|[spread] p2a,p2b\n|-supereffective|p2b: Kommo-o|1\n|-damage|p2a: Clefable|23/100\n|-damage|p2b: Kommo-o|0 fnt\n|-unboost|p2a: Clefable|spe|1\n|faint|p2b: Kommo-o\n|move|p1b: Archaludon|Flash Cannon|p2a: Clefable\n|-supereffective|p2a: Clefable|1\n|-damage|p2a: Clefable|0 fnt\n|faint|p2a: Clefable\n|\n|upkeep\n|\n|t:|1775982388\n|switch|p2b: Froslass|Froslass, L50, F|100/100\n|switch|p2a: Palafin|Palafin-Hero, L50, M|100/100\n|-activate|p2a: Palafin|ability: Zero to Hero\n|turn|4\n|\n|t:|1775982399\n|detailschange|p2b: Froslass|Froslass-Mega, L50, F\n|-mega|p2b: Froslass|Froslass|Froslassite\n|-weather|Snowscape|[from] ability: Snow Warning|[of] p2b: Froslass\n|move|p2b: Froslass|Blizzard|p1a: Milotic|[spread] p1a,p1b\n|-resisted|p1a: Milotic|1\n|-damage|p1a: Milotic|83/100\n|-damage|p1b: Archaludon|42/100 par\n|-ability|p1b: Archaludon|Stamina|boost\n|-boost|p1b: Archaludon|def|1\n|move|p1a: Milotic|Icy Wind|p2b: Froslass|[spread] p2a,p2b\n|-resisted|p2a: Palafin|1\n|-resisted|p2b: Froslass|1\n|-damage|p2a: Palafin|95/100\n|-damage|p2b: Froslass|94/100\n|-unboost|p2a: Palafin|spe|1\n|-unboost|p2b: Froslass|spe|1\n|move|p2a: Palafin|Close Combat|p1b: Archaludon\n|-supereffective|p1b: Archaludon|1\n|-damage|p1b: Archaludon|0 fnt\n|-unboost|p2a: Palafin|def|1\n|-unboost|p2a: Palafin|spd|1\n|faint|p1b: Archaludon\n|\n|-weather|Snowscape|[upkeep]\n|upkeep\n|\n|t:|1775982420\n|switch|p1b: Sinistcha|Sinistcha-Masterpiece, L50|100/100\n|-heal|p1a: Milotic|100/100|[from] ability: Hospitality|[of] p1b: Sinistcha\n|turn|5\n|\n|t:|1775982428\n|move|p2a: Palafin|Protect|p2a: Palafin\n|-singleturn|p2a: Palafin|Protect\n|move|p1a: Milotic|Scald|p2b: Froslass\n|-damage|p2b: Froslass|58/100\n|move|p2b: Froslass|Blizzard|p1a: Milotic|[spread] p1a,p1b\n|-resisted|p1a: Milotic|1\n|-supereffective|p1b: Sinistcha|1\n|-damage|p1a: Milotic|83/100\n|-damage|p1b: Sinistcha|0 fnt\n|faint|p1b: Sinistcha\n|\n|-weather|Snowscape|[upkeep]\n|upkeep\n|\n|t:|1775982435\n|switch|p1b: The Rock|Glimmora, L50, M, shiny|100/100\n|turn|6\n|\n|t:|1775982440\n|move|p1b: The Rock|Spiky Shield|p1b: The Rock\n|-singleturn|p1b: The Rock|move: Protect\n|move|p2b: Froslass|Protect|p2b: Froslass\n|-singleturn|p2b: Froslass|Protect\n|move|p1a: Milotic|Icy Wind|p2b: Froslass|[spread] p2a\n|-activate|p2b: Froslass|move: Protect\n|-resisted|p2a: Palafin|1\n|-damage|p2a: Palafin|87/100\n|-unboost|p2a: Palafin|spe|1\n|move|p2a: Palafin|Wave Crash|p1b: The Rock\n|-activate|p1b: The Rock|move: Protect\n|-damage|p2a: Palafin|75/100|[from] Spiky Shield|[of] p1b: The Rock\n|\n|-weather|Snowscape|[upkeep]\n|upkeep\n|turn|7\n|\n|t:|1775982460\n|detailschange|p1b: The Rock|Glimmora-Mega, L50, M, shiny\n|-mega|p1b: The Rock|Glimmora|Glimmoranite\n|move|p1b: The Rock|Sludge Wave|p2b: Froslass|[spread] p1a,p2a,p2b\n|-resisted|p2b: Froslass|1\n|-damage|p1a: Milotic|40/100\n|-damage|p2a: Palafin|0 fnt\n|-damage|p2b: Froslass|23/100\n|faint|p2a: Palafin\n|move|p1a: Milotic|Scald|p2b: Froslass\n|-damage|p2b: Froslass|0 fnt\n|faint|p2b: Froslass\n|\n|win|lilsxooby\n|raw|lilsxooby's rating: 1162 &rarr; <strong>1194</strong><br />(+32 for winning)\n|raw|Stream EXO Crown's rating: 1264 &rarr; <strong>1232</strong><br />(-32 for losing)\n|l|\u2606Stream EXO Crown\n|player|p2|\n|c|\u2606lilsxooby|gg\n|c|\u2606lilsxooby|wp!\n",
  "uploadtime": 1775982473,
  "views": 29,
  "formatid": "gen9championsvgc2026regma",
  "rating": 1194,
  "private": 0,
  "password": null
}