{
  "id": "gen9championsvgc2026regma-2583997436",
  "format": "[Gen 9 Champions] VGC 2026 Reg M-A",
  "players": [
    "CementTheBlock",
    "TLegend396"
  ],
  "log": "|j|\u2606CementTheBlock\n|j|\u2606TLegend396\n|t:|1776215320\n|gametype|doubles\n|player|p1|CementTheBlock|pokefanf|1195\n|player|p2|TLegend396|265|1134\n|gen|9\n|tier|[Gen 9 Champions] VGC 2026 Reg M-A\n|rated|\n|rule|Species Clause: Limit one of each Pok\u00e9mon\n|rule|Item Clause: Limit 1 of each item\n|clearpoke\n|poke|p1|Froslass, L50, F|\n|poke|p1|Arcanine-Hisui, L50, M|\n|poke|p1|Maushold, L50|\n|poke|p1|Espeon, L50, F|\n|poke|p1|Rotom-Wash, L50|\n|poke|p1|Dragapult, L50, F|\n|poke|p2|Farigiraf, L50, F|\n|poke|p2|Chandelure, L50, M|\n|poke|p2|Aerodactyl, L50, M|\n|poke|p2|Torkoal, L50, F|\n|poke|p2|Chesnaught, L50, M|\n|poke|p2|Feraligatr, L50, M|\n|teampreview|4\n|\n|t:|1776215387\n|teamsize|p1|4\n|teamsize|p2|4\n|start\n|switch|p1a: Espeon|Espeon, L50, F|100/100\n|switch|p1b: Rotom|Rotom-Wash, L50|100/100\n|switch|p2a: Farigiraf|Farigiraf, L50, F|100/100\n|switch|p2b: Chandelure|Chandelure, L50, M|100/100\n|turn|1\n|\n|t:|1776215432\n|switch|p2b: Chesnaught|Chesnaught, L50, M|100/100\n|move|p1a: Espeon|Imprison|p1a: Espeon\n|-start|p1a: Espeon|move: Imprison\n|move|p1b: Rotom|Hydro Pump|p2b: Chesnaught\n|-resisted|p2b: Chesnaught|1\n|-crit|p2b: Chesnaught\n|-damage|p2b: Chesnaught|52/100\n|cant|p2a: Farigiraf|move: Imprison|Trick Room\n|\n|upkeep\n|turn|2\n|\n|t:|1776215468\n|switch|p1b: Arcanine|Arcanine-Hisui, L50, M|100/100\n|-ability|p1b: Arcanine|Intimidate|boost\n|-unboost|p2a: Farigiraf|atk|1\n|-unboost|p2b: Chesnaught|atk|1\n|move|p1a: Espeon|Psychic Noise|p2b: Chesnaught\n|-supereffective|p2b: Chesnaught|1\n|-damage|p2b: Chesnaught|0 fnt\n|faint|p2b: Chesnaught\n|move|p2a: Farigiraf|Hyper Voice|p1a: Espeon|[spread] p1a,p1b\n|-resisted|p1b: Arcanine|1\n|-damage|p1a: Espeon|66/100\n|-damage|p1b: Arcanine|80/100\n|\n|upkeep\n|\n|t:|1776215486\n|switch|p2b: Chandelure|Chandelure, L50, M|100/100\n|turn|3\n|\n|t:|1776215498\n|move|p1a: Espeon|Psychic Noise|p2a: Farigiraf\n|-resisted|p2a: Farigiraf|1\n|-crit|p2a: Farigiraf\n|-damage|p2a: Farigiraf|73/100\n|-start|p2a: Farigiraf|move: Heal Block\n|move|p1b: Arcanine|Rock Slide|p2b: Chandelure|[spread] p2a,p2b\n|-supereffective|p2b: Chandelure|1\n|-damage|p2a: Farigiraf|47/100\n|-damage|p2b: Chandelure|32/100\n|move|p2b: Chandelure|Heat Wave|p1a: Espeon|[spread] p1a,p1b\n|-crit|p1a: Espeon\n|-resisted|p1b: Arcanine|2\n|-crit|p1b: Arcanine\n|-damage|p1a: Espeon|0 fnt\n|-damage|p1b: Arcanine|62/100\n|faint|p1a: Espeon\n|cant|p2a: Farigiraf|flinch\n|\n|upkeep\n|\n|t:|1776215516\n|switch|p1a: Rotom|Rotom-Wash, L50|100/100\n|turn|4\n|\n|t:|1776215553\n|move|p2b: Chandelure|Protect|p2b: Chandelure\n|-singleturn|p2b: Chandelure|Protect\n|move|p1b: Arcanine|Rock Slide|p2a: Farigiraf|[spread] p2a\n|-activate|p2b: Chandelure|move: Protect\n|-damage|p2a: Farigiraf|22/100\n|move|p1a: Rotom|Thunderbolt|p2a: Farigiraf\n|-damage|p2a: Farigiraf|0 fnt\n|faint|p2a: Farigiraf\n|\n|upkeep\n|\n|t:|1776215561\n|switch|p2a: Feraligatr|Feraligatr, L50, M|100/100\n|turn|5\n|\n|t:|1776215595\n|detailschange|p2a: Feraligatr|Feraligatr-Mega, L50, M\n|-mega|p2a: Feraligatr|Feraligatr|Feraligite\n|move|p1b: Arcanine|Will-O-Wisp|p2a: Feraligatr\n|-status|p2a: Feraligatr|brn\n|move|p1a: Rotom|Thunderbolt|p2a: Feraligatr\n|-damage|p2a: Feraligatr|59/100 brn\n|move|p2b: Chandelure|Energy Ball|p1a: Rotom\n|-supereffective|p1a: Rotom|1\n|-damage|p1a: Rotom|19/100\n|move|p2a: Feraligatr|Rock Slide|p1b: Arcanine|[spread] p1a,p1b\n|-supereffective|p1b: Arcanine|1\n|-damage|p1a: Rotom|5/100\n|-damage|p1b: Arcanine|32/100\n|\n|-heal|p1a: Rotom|11/100|[from] item: Leftovers\n|-damage|p2a: Feraligatr|53/100 brn|[from] brn\n|upkeep\n|turn|6\n|\n|t:|1776215628\n|move|p1b: Arcanine|Rock Slide|p2a: Feraligatr|[spread] p2a,p2b\n|-supereffective|p2b: Chandelure|1\n|-damage|p2a: Feraligatr|33/100 brn\n|-damage|p2b: Chandelure|0 fnt\n|faint|p2b: Chandelure\n|move|p1a: Rotom|Thunderbolt|p2a: Feraligatr\n|-damage|p2a: Feraligatr|0 fnt\n|faint|p2a: Feraligatr\n|\n|win|CementTheBlock\n|raw|CementTheBlock's rating: 1195 &rarr; <strong>1216</strong><br />(+21 for winning)\n|raw|TLegend396's rating: 1134 &rarr; <strong>1113</strong><br />(-21 for losing)\n",
  "uploadtime": 1776215706,
  "views": 28,
  "formatid": "gen9championsvgc2026regma",
  "rating": 1113,
  "private": 0,
  "password": null
}