{
  "id": "gen9championsvgc2026regma-2581453289",
  "format": "[Gen 9 Champions] VGC 2026 Reg M-A",
  "players": [
    "roodlethenoodle",
    "DerpCoach"
  ],
  "log": "|j|\u2606roodlethenoodle\n|j|\u2606DerpCoach\n|t:|1776001907\n|gametype|doubles\n|player|p1|roodlethenoodle|cilan|1236\n|player|p2|DerpCoach|170|1183\n|gen|9\n|tier|[Gen 9 Champions] VGC 2026 Reg M-A\n|rated|\n|rule|Species Clause: Limit one of each Pok\u00e9mon\n|rule|Item Clause: Limit 1 of each item\n|clearpoke\n|poke|p1|Incineroar, L50, F|\n|poke|p1|Floette-Eternal, L50, F|\n|poke|p1|Rotom-Wash, L50|\n|poke|p1|Garchomp, L50, F|\n|poke|p1|Sinistcha, L50|\n|poke|p1|Orthworm, L50, M|\n|poke|p2|Gardevoir, L50, M|\n|poke|p2|Farigiraf, L50, M|\n|poke|p2|Sneasler, L50, M|\n|poke|p2|Garchomp, L50, F|\n|poke|p2|Kingambit, L50, M|\n|poke|p2|Arcanine-Hisui, L50, M|\n|teampreview|4\nDerpCoach has agreed to open team sheets.\n|inactive|Battle timer is ON: inactive players will automatically lose when time's up. (requested by DerpCoach)\n|\n|t:|1776001931\n|teamsize|p1|4\n|teamsize|p2|4\n|start\n|switch|p1a: Orthworm|Orthworm, L50, M|100/100\n|switch|p1b: Garchomp|Garchomp, L50, F|100/100\n|switch|p2a: Gardevoir|Gardevoir, L50, M|100/100\n|switch|p2b: Farigiraf|Farigiraf, L50, M|100/100\n|-ability|p2a: Gardevoir|Rough Skin|Trace|[from] ability: Trace|[of] p1b: Garchomp\n|turn|1\n|\n|t:|1776001942\n|move|p2a: Gardevoir|Protect|p2a: Gardevoir\n|-singleturn|p2a: Gardevoir|Protect\n|move|p1b: Garchomp|Stomping Tantrum|p2a: Gardevoir\n|-activate|p2a: Gardevoir|move: Protect\n|move|p1a: Orthworm|Heavy Slam|p2a: Gardevoir\n|-activate|p2a: Gardevoir|move: Protect\n|move|p2b: Farigiraf|Trick Room|p2b: Farigiraf\n|-fieldstart|move: Trick Room|[of] p2b: Farigiraf\n|\n|upkeep\n|turn|2\n|\n|t:|1776001965\n|switch|p1b: Sinistcha|Sinistcha, L50|100/100\n|detailschange|p2a: Gardevoir|Gardevoir-Mega, L50, M\n|-mega|p2a: Gardevoir|Gardevoir|Gardevoirite\n|move|p2b: Farigiraf|Foul Play|p1a: Orthworm\n|-damage|p1a: Orthworm|88/100\n|move|p1a: Orthworm|Heavy Slam|p2a: Gardevoir\n|-supereffective|p2a: Gardevoir|1\n|-damage|p2a: Gardevoir|0 fnt\n|faint|p2a: Gardevoir\n|\n|upkeep\n|c|\u2606roodlethenoodle|WHAT?\n|\n|t:|1776001978\n|switch|p2a: Kingambit|Kingambit, L50, M|100/100\n|turn|3\n|c|\u2606roodlethenoodle|do you not have any bulk?\n|\n|t:|1776001997\n|move|p1b: Sinistcha|Protect|p1b: Sinistcha\n|-singleturn|p1b: Sinistcha|Protect\n|move|p2a: Kingambit|Kowtow Cleave|p1b: Sinistcha\n|-activate|p1b: Sinistcha|move: Protect\n|move|p2b: Farigiraf|Psychic|p1a: Orthworm\n|-resisted|p1a: Orthworm|1\n|-damage|p1a: Orthworm|69/100\n|move|p1a: Orthworm|Iron Defense|p1a: Orthworm\n|-boost|p1a: Orthworm|def|2\n|\n|upkeep\n|turn|4\n|c|\u2606DerpCoach|on what\n|c|\u2606roodlethenoodle|oh garde\n|c|\u2606roodlethenoodle|that should not ko\n|c|\u2606DerpCoach|full hp\n|\n|t:|1776002020\n|move|p2a: Kingambit|Kowtow Cleave|p1b: Sinistcha\n|-supereffective|p1b: Sinistcha|1\n|-damage|p1b: Sinistcha|0 fnt\n|faint|p1b: Sinistcha\n|move|p2b: Farigiraf|Psychic|p1a: Orthworm\n|-resisted|p1a: Orthworm|1\n|-crit|p1a: Orthworm\n|-damage|p1a: Orthworm|42/100\n|-enditem|p1a: Orthworm|Sitrus Berry|[eat]\n|-heal|p1a: Orthworm|67/100|[from] item: Sitrus Berry\n|move|p1a: Orthworm|Body Press|p2a: Kingambit\n|-supereffective|p2a: Kingambit|2\n|-damage|p2a: Kingambit|0 fnt\n|faint|p2a: Kingambit\n|\n|upkeep\n|inactive|DerpCoach has 30 seconds left.\n|c|\u2606DerpCoach|im p sure its a roll\n|\n|t:|1776002051\n|switch|p2a: Sneasler|Sneasler, L50, M|100/100\n|switch|p1b: Garchomp|Garchomp, L50, F|100/100\n|turn|5\n|c|\u2606roodlethenoodle|yea ima check\n|\n|t:|1776002069\n|move|p2a: Sneasler|Fake Out|p1b: Garchomp\n|-damage|p1b: Garchomp|86/100\n|-damage|p2a: Sneasler|88/100|[from] ability: Rough Skin|[of] p1b: Garchomp\n|move|p2b: Farigiraf|Psychic|p1a: Orthworm\n|-resisted|p1a: Orthworm|1\n|-damage|p1a: Orthworm|48/100\n|move|p1a: Orthworm|Body Press|p2b: Farigiraf\n|-damage|p2b: Farigiraf|66/100\n|cant|p1b: Garchomp|flinch\n|\n|-fieldend|move: Trick Room\n|upkeep\n|turn|6\n|inactive|roodlethenoodle has 30 seconds left.\n|\n|t:|1776002096\n|move|p2a: Sneasler|Close Combat|p1a: Orthworm\n|-supereffective|p1a: Orthworm|1\n|-damage|p1a: Orthworm|4/100\n|-unboost|p2a: Sneasler|def|1\n|-unboost|p2a: Sneasler|spd|1\n|move|p1b: Garchomp|Earthquake|p2a: Sneasler|[spread] p2a,p2b\n|-heal|p1a: Orthworm|29/100|[from] ability: Earth Eater|[of] p1b: Garchomp\n|-supereffective|p2a: Sneasler|1\n|-damage|p2a: Sneasler|0 fnt\n|-damage|p2b: Farigiraf|34/100\n|-enditem|p2b: Farigiraf|Sitrus Berry|[eat]\n|-heal|p2b: Farigiraf|58/100|[from] item: Sitrus Berry\n|faint|p2a: Sneasler\n|move|p1a: Orthworm|Body Press|p2b: Farigiraf\n|-damage|p2b: Farigiraf|17/100\n|move|p2b: Farigiraf|Psychic|p1b: Garchomp\n|-damage|p1b: Garchomp|49/100\n|\n|upkeep\n|turn|7\n|c|\u2606DerpCoach|i played horrible\n|\n|t:|1776002113\n|move|p1b: Garchomp|Earthquake|p2b: Farigiraf|[spread] p2b\n|-heal|p1a: Orthworm|54/100|[from] ability: Earth Eater|[of] p1b: Garchomp\n|-crit|p2b: Farigiraf\n|-damage|p2b: Farigiraf|0 fnt\n|faint|p2b: Farigiraf\n|\n|win|roodlethenoodle\n|raw|roodlethenoodle's rating: 1236 &rarr; <strong>1257</strong><br />(+21 for winning)\n|raw|DerpCoach's rating: 1183 &rarr; <strong>1162</strong><br />(-21 for losing)\n|l|\u2606DerpCoach\n|player|p2|\n|c|\u2606roodlethenoodle|nah that ko was just unexpected\n|c|\u2606roodlethenoodle|you played fine\n",
  "uploadtime": 1776002133,
  "views": 38,
  "formatid": "gen9championsvgc2026regma",
  "rating": 1162,
  "private": 0,
  "password": null
}