{
  "id": "gen9championsvgc2026regma-2582723283",
  "format": "[Gen 9 Champions] VGC 2026 Reg M-A",
  "players": [
    "golfewlick87",
    "arijimo"
  ],
  "log": "|j|\u2606golfewlick87\n|j|\u2606arijimo\n|t:|1776109685\n|gametype|doubles\n|player|p1|golfewlick87|1|1074\n|player|p2|arijimo|169|1119\n|gen|9\n|tier|[Gen 9 Champions] VGC 2026 Reg M-A\n|rated|\n|rule|Species Clause: Limit one of each Pok\u00e9mon\n|rule|Item Clause: Limit 1 of each item\n|clearpoke\n|poke|p1|Greninja-*, L50, M|\n|poke|p1|Pelipper, L50, M|\n|poke|p1|Basculegion, L50, M|\n|poke|p1|Archaludon, L50, M|\n|poke|p1|Maushold, L50|\n|poke|p1|Sneasler, L50, M|\n|poke|p2|Hawlucha, L50, F|\n|poke|p2|Snorlax, L50, F|\n|poke|p2|Incineroar, L50, M|\n|poke|p2|Sinistcha, L50|\n|poke|p2|Sylveon, L50, M|\n|poke|p2|Excadrill, L50, F|\n|teampreview|4\n|\n|t:|1776109723\n|teamsize|p1|4\n|teamsize|p2|4\n|start\n|switch|p1a: Greninja|Greninja, L50, M|100/100\n|switch|p1b: Pelipper|Pelipper, L50, M|100/100\n|switch|p2a: Hawlucha|Hawlucha, L50, F|100/100\n|switch|p2b: Snorlax|Snorlax, L50, F|100/100\n|-weather|RainDance|[from] ability: Drizzle|[of] p1b: Pelipper\n|turn|1\n|\n|t:|1776109745\n|detailschange|p1a: Greninja|Greninja-Mega, L50, M\n|-mega|p1a: Greninja|Greninja|Greninjite\n|detailschange|p2a: Hawlucha|Hawlucha-Mega, L50, F\n|-mega|p2a: Hawlucha|Hawlucha|Hawluchanite\n|move|p1a: Greninja|Ice Beam|p2a: Hawlucha\n|-start|p1a: Greninja|typechange|Ice|[from] ability: Protean\n|-supereffective|p2a: Hawlucha|1\n|-damage|p2a: Hawlucha|0 fnt\n|faint|p2a: Hawlucha\n|move|p1b: Pelipper|Hurricane|p2b: Snorlax\n|-damage|p2b: Snorlax|78/100\n|-start|p2b: Snorlax|confusion\n|-activate|p2b: Snorlax|confusion\n|move|p2b: Snorlax|Fissure|p1a: Greninja|[miss]\n|-miss|p2b: Snorlax|p1a: Greninja\n|\n|-weather|RainDance|[upkeep]\n|-heal|p2b: Snorlax|84/100|[from] item: Leftovers\n|upkeep\n|\n|t:|1776109756\n|switch|p2a: Sylveon|Sylveon, L50, M|100/100\n|turn|2\n|\n|t:|1776109769\n|-end|p2b: Snorlax|confusion\n|move|p2b: Snorlax|Protect|p2b: Snorlax\n|-singleturn|p2b: Snorlax|Protect\n|move|p1a: Greninja|Ice Beam|p2b: Snorlax\n|-activate|p2b: Snorlax|move: Protect\n|move|p2a: Sylveon|Hyper Voice|p1b: Pelipper|[spread] p1a,p1b\n|-damage|p1a: Greninja|51/100\n|-damage|p1b: Pelipper|34/100\n|move|p1b: Pelipper|Tailwind|p1b: Pelipper\n|-sidestart|p1: golfewlick87|move: Tailwind\n|\n|-weather|RainDance|[upkeep]\n|-heal|p2b: Snorlax|90/100|[from] item: Leftovers\n|upkeep\n|turn|3\n|\n|t:|1776109785\n|switch|p1b: Archaludon|Archaludon, L50, M|100/100\n|move|p1a: Greninja|Ice Beam|p2b: Snorlax\n|-damage|p2b: Snorlax|76/100\n|move|p2a: Sylveon|Hyper Voice|p1a: Greninja|[spread] p1a,p1b\n|-damage|p1a: Greninja|0 fnt\n|-damage|p1b: Archaludon|53/100\n|-ability|p1b: Archaludon|Stamina|boost\n|-boost|p1b: Archaludon|def|1\n|faint|p1a: Greninja\n|move|p2b: Snorlax|Body Slam|p1b: Archaludon\n|-resisted|p1b: Archaludon|1\n|-damage|p1b: Archaludon|42/100\n|-ability|p1b: Archaludon|Stamina|boost\n|-boost|p1b: Archaludon|def|1\n|\n|-weather|RainDance|[upkeep]\n|-heal|p2b: Snorlax|82/100|[from] item: Leftovers\n|upkeep\n|\n|t:|1776109803\n|switch|p1a: Pelipper|Pelipper, L50, M|34/100\n|turn|4\n|\n|t:|1776109839\n|switch|p2a: Sinistcha|Sinistcha, L50|100/100\n|-heal|p2b: Snorlax|100/100|[from] ability: Hospitality|[of] p2a: Sinistcha\n|move|p1b: Archaludon|Electro Shot||[still]\n|-prepare|p1b: Archaludon|Electro Shot\n|-boost|p1b: Archaludon|spa|1\n|-anim|p1b: Archaludon|Electro Shot|p2b: Snorlax\n|-damage|p2b: Snorlax|48/100\n|move|p1a: Pelipper|Hurricane|p2a: Sinistcha\n|-supereffective|p2a: Sinistcha|1\n|-damage|p2a: Sinistcha|39/100\n|move|p2b: Snorlax|Body Slam|p1a: Pelipper\n|-damage|p1a: Pelipper|0 fnt\n|faint|p1a: Pelipper\n|\n|-weather|RainDance|[upkeep]\n|-heal|p2b: Snorlax|54/100|[from] item: Leftovers\n|upkeep\n|\n|t:|1776109855\n|switch|p1a: Basculegion|Basculegion, L50, M|100/100\n|turn|5\n|\n|t:|1776109903\n|move|p2a: Sinistcha|Protect|p2a: Sinistcha\n|-singleturn|p2a: Sinistcha|Protect\n|move|p2b: Snorlax|Protect|p2b: Snorlax\n|-singleturn|p2b: Snorlax|Protect\n|move|p1a: Basculegion|Wave Crash|p2b: Snorlax\n|-activate|p2b: Snorlax|move: Protect\n|move|p1b: Archaludon|Flash Cannon|p2a: Sinistcha\n|-activate|p2a: Sinistcha|move: Protect\n|\n|-weather|none\n|-heal|p2b: Snorlax|60/100|[from] item: Leftovers\n|-sideend|p1: golfewlick87|move: Tailwind\n|upkeep\n|turn|6\n|\n|t:|1776109922\n|move|p2a: Sinistcha|Rage Powder|p2a: Sinistcha\n|-singleturn|p2a: Sinistcha|move: Rage Powder\n|move|p1a: Basculegion|Wave Crash|p2a: Sinistcha\n|-resisted|p2a: Sinistcha|1\n|-damage|p2a: Sinistcha|0 fnt\n|faint|p2a: Sinistcha\n|-damage|p1a: Basculegion|89/100|[from] Recoil\n|move|p1b: Archaludon|Flash Cannon|p2b: Snorlax\n|-damage|p2b: Snorlax|18/100\n|-unboost|p2b: Snorlax|spd|1\n|move|p2b: Snorlax|Crunch|p1a: Basculegion\n|-supereffective|p1a: Basculegion|1\n|-damage|p1a: Basculegion|30/100\n|-unboost|p1a: Basculegion|def|1\n|\n|-heal|p2b: Snorlax|24/100|[from] item: Leftovers\n|upkeep\n|\n|t:|1776109937\n|switch|p2a: Sylveon|Sylveon, L50, M|100/100\n|turn|7\n|\n|t:|1776109950\n|move|p1a: Basculegion|Wave Crash|p2b: Snorlax\n|-damage|p2b: Snorlax|0 fnt\n|faint|p2b: Snorlax\n|-damage|p1a: Basculegion|20/100|[from] Recoil\n|move|p2a: Sylveon|Hyper Voice|p1a: Basculegion|[spread] p1a,p1b\n|-damage|p1a: Basculegion|0 fnt\n|-damage|p1b: Archaludon|0 fnt\n|faint|p1a: Basculegion\n|faint|p1b: Archaludon\n|\n|win|arijimo\n|raw|golfewlick87's rating: 1074 &rarr; <strong>1056</strong><br />(-18 for losing)\n|raw|arijimo's rating: 1119 &rarr; <strong>1141</strong><br />(+22 for winning)\n|l|\u2606golfewlick87\n|player|p1|\n",
  "uploadtime": 1776110317,
  "views": 25,
  "formatid": "gen9championsvgc2026regma",
  "rating": 1056,
  "private": 0,
  "password": null
}