{
  "id": "gen9championsvgc2026regma-2587874396",
  "format": "[Gen 9 Champions] VGC 2026 Reg M-A",
  "players": [
    "Boredrake2",
    "nomissPlz"
  ],
  "log": "|j|\u2606Boredrake2\n|j|\u2606nomissPlz\n|t:|1776573258\n|gametype|doubles\n|player|p1|Boredrake2|steven|1461\n|player|p2|nomissPlz|liko|1549\n|gen|9\n|tier|[Gen 9 Champions] VGC 2026 Reg M-A\n|rated|\n|rule|Species Clause: Limit one of each Pok\u00e9mon\n|rule|Item Clause: Limit 1 of each item\n|clearpoke\n|poke|p1|Milotic, L50, M|\n|poke|p1|Farigiraf, L50, F|\n|poke|p1|Altaria, L50, M|\n|poke|p1|Volcarona, L50, M|\n|poke|p1|Aegislash, L50, M|\n|poke|p1|Garchomp, L50, F|\n|poke|p2|Scizor, L50, M|\n|poke|p2|Dragonite, L50, M|\n|poke|p2|Archaludon, L50, F|\n|poke|p2|Sneasler, L50, M|\n|poke|p2|Basculegion, L50, M|\n|poke|p2|Pelipper, L50, M|\n|teampreview|4\n|inactive|Battle timer is ON: inactive players will automatically lose when time's up. (requested by Boredrake2)\n|inactive|nomissPlz has 60 seconds left.\n|\n|t:|1776573307\n|teamsize|p1|4\n|teamsize|p2|4\n|start\n|switch|p1a: Milotic|Milotic, L50, M|100/100\n|switch|p1b: Altaria|Altaria, L50, M|100/100\n|switch|p2a: Sneasler|Sneasler, L50, M|100/100\n|switch|p2b: Scizor|Scizor, L50, M|100/100\n|-ability|p1b: Altaria|Cloud Nine\n|turn|1\n|\n|t:|1776573331\n|detailschange|p2b: Scizor|Scizor-Mega, L50, M\n|-mega|p2b: Scizor|Scizor|Scizorite\n|move|p2a: Sneasler|Taunt|p1a: Milotic\n|-start|p1a: Milotic|move: Taunt\n|move|p1b: Altaria|Will-O-Wisp|p2b: Scizor\n|-status|p2b: Scizor|brn\n|move|p1a: Milotic|Scald|p2a: Sneasler\n|-damage|p2a: Sneasler|46/100\n|move|p2b: Scizor|Swords Dance|p2b: Scizor\n|-boost|p2b: Scizor|atk|2\n|\n|-damage|p2b: Scizor|94/100 brn|[from] brn\n|upkeep\n|turn|2\n|inactive|Boredrake2 has 30 seconds left.\n|\n|t:|1776573360\n|move|p2a: Sneasler|Dire Claw|p1b: Altaria\n|-damage|p1b: Altaria|48/100\n|-status|p1b: Altaria|slp\n|cant|p1b: Altaria|slp\n|move|p1a: Milotic|Scald|p2b: Scizor\n|-damage|p2b: Scizor|55/100 brn\n|move|p2b: Scizor|Swords Dance|p2b: Scizor\n|-boost|p2b: Scizor|atk|2\n|\n|-damage|p2b: Scizor|49/100 brn|[from] brn\n|upkeep\n|turn|3\n|\n|t:|1776573378\n|switch|p1b: Volcarona|Volcarona, L50, M|100/100\n|move|p2b: Scizor|Bullet Punch|p1b: Volcarona\n|-resisted|p1b: Volcarona|1\n|-damage|p1b: Volcarona|55/100\n|move|p2a: Sneasler|Close Combat|p1a: Milotic\n|-damage|p1a: Milotic|26/100\n|-unboost|p2a: Sneasler|def|1\n|-unboost|p2a: Sneasler|spd|1\n|-enditem|p1a: Milotic|Sitrus Berry|[eat]\n|-heal|p1a: Milotic|51/100|[from] item: Sitrus Berry\n|-enditem|p2a: Sneasler|White Herb\n|-clearnegativeboost|p2a: Sneasler|[silent]\n|move|p1a: Milotic|Scald|p2b: Scizor\n|-damage|p2b: Scizor|9/100 brn\n|\n|-damage|p2b: Scizor|3/100 brn|[from] brn\n|-end|p1a: Milotic|move: Taunt\n|upkeep\n|turn|4\n|\n|t:|1776573403\n|move|p1b: Volcarona|Protect|p1b: Volcarona\n|-singleturn|p1b: Volcarona|Protect\n|move|p1a: Milotic|Protect|p1a: Milotic\n|-singleturn|p1a: Milotic|Protect\n|move|p2b: Scizor|Bullet Punch|p1b: Volcarona\n|-activate|p1b: Volcarona|move: Protect\n|move|p2a: Sneasler|Close Combat|p1a: Milotic\n|-activate|p1a: Milotic|move: Protect\n|\n|-damage|p2b: Scizor|0 fnt|[from] brn\n|faint|p2b: Scizor\n|upkeep\n|\n|t:|1776573413\n|switch|p2b: Pelipper|Pelipper, L50, M|100/100\n|-weather|RainDance|[from] ability: Drizzle|[of] p2b: Pelipper\n|turn|5\n|\n|t:|1776573421\n|move|p1b: Volcarona|Rage Powder|p1b: Volcarona\n|-singleturn|p1b: Volcarona|move: Rage Powder\n|move|p2a: Sneasler|Dire Claw|p1b: Volcarona\n|-damage|p1b: Volcarona|0 fnt\n|-status|p2a: Sneasler|brn|[from] ability: Flame Body|[of] p1b: Volcarona\n|faint|p1b: Volcarona\n|move|p2b: Pelipper|Hurricane|p1a: Milotic\n|-damage|p1a: Milotic|15/100\n|move|p1a: Milotic|Scald|p2a: Sneasler\n|-damage|p2a: Sneasler|0 fnt\n|faint|p2a: Sneasler\n|\n|-weather|RainDance|[upkeep]\n|upkeep\n|\n|t:|1776573438\n|switch|p2a: Basculegion|Basculegion, L50, M|100/100\n|switch|p1b: Altaria|Altaria, L50, M|48/100 slp\n|-ability|p1b: Altaria|Cloud Nine\n|turn|6\n|\n|t:|1776573452\n|detailschange|p1b: Altaria|Altaria-Mega, L50, M\n|-mega|p1b: Altaria|Altaria|Altarianite\n|move|p1a: Milotic|Protect|p1a: Milotic\n|-singleturn|p1a: Milotic|Protect\n|move|p2a: Basculegion|Last Respects|p1b: Altaria\n|-damage|p1b: Altaria|0 fnt\n|faint|p1b: Altaria\n|move|p2b: Pelipper|Hurricane|p1a: Milotic\n|-activate|p1a: Milotic|move: Protect\n|\n|-weather|RainDance|[upkeep]\n|upkeep\n|\n|t:|1776573462\n|switch|p1b: Aegislash|Aegislash, L50, M|100/100\n|turn|7\n|\n|t:|1776573469\n|move|p2a: Basculegion|Last Respects|p1b: Aegislash\n|-supereffective|p1b: Aegislash|1\n|-damage|p1b: Aegislash|0 fnt\n|faint|p1b: Aegislash\n|move|p2b: Pelipper|Hurricane|p1a: Milotic\n|-damage|p1a: Milotic|0 fnt\n|faint|p1a: Milotic\n|\n|win|nomissPlz\n|raw|Boredrake2's rating: 1461 &rarr; <strong>1446</strong><br />(-15 for losing)\n|raw|nomissPlz's rating: 1549 &rarr; <strong>1564</strong><br />(+15 for winning)\n|l|\u2606Boredrake2\n|player|p1|\n|l|\u2606nomissPlz\n|player|p2|\n",
  "uploadtime": 1776573507,
  "views": 14,
  "formatid": "gen9championsvgc2026regma",
  "rating": 1446,
  "private": 0,
  "password": null
}