{
  "id": "gen9championsvgc2026regma-2588498403",
  "format": "[Gen 9 Champions] VGC 2026 Reg M-A",
  "players": [
    "aroswing",
    "AnimeUma"
  ],
  "log": "|j|\u2606aroswing\n|j|\u2606AnimeUma\n|t:|1776638999\n|gametype|doubles\n|player|p1|aroswing|marnie|1278\n|player|p2|AnimeUma|emmet|1383\n|gen|9\n|tier|[Gen 9 Champions] VGC 2026 Reg M-A\n|rated|\n|rule|Species Clause: Limit one of each Pok\u00e9mon\n|rule|Item Clause: Limit 1 of each item\n|clearpoke\n|poke|p1|Rotom-Wash, L50, shiny|\n|poke|p1|Aerodactyl, L50, M|\n|poke|p1|Gardevoir, L50, F, shiny|\n|poke|p1|Garchomp, L50, F|\n|poke|p1|Gallade, L50, M|\n|poke|p1|Floette-Eternal, L50, F|\n|poke|p2|Pelipper, L50, F|\n|poke|p2|Basculegion, L50, M|\n|poke|p2|Archaludon, L50, F|\n|poke|p2|Sneasler, L50, F|\n|poke|p2|Dragonite, L50, M|\n|poke|p2|Incineroar, L50, M|\n|teampreview|4\n|inactive|Battle timer is ON: inactive players will automatically lose when time's up. (requested by aroswing)\n|inactive|aroswing has 60 seconds left.\n|\n|t:|1776639057\n|teamsize|p1|4\n|teamsize|p2|4\n|start\n|switch|p1a: Aerodactyl|Aerodactyl, L50, M|100/100\n|switch|p1b: Gardevoir|Gardevoir, L50, F, shiny|100/100\n|switch|p2a: Sneasler|Sneasler, L50, F|100/100\n|switch|p2b: Dragonite|Dragonite, L50, M|100/100\n|-ability|p1a: Aerodactyl|Unnerve\n|turn|1\n|\n|t:|1776639081\n|detailschange|p2b: Dragonite|Dragonite-Mega, L50, M\n|-mega|p2b: Dragonite|Dragonite|Dragoninite\n|move|p2a: Sneasler|Protect|p2a: Sneasler\n|-singleturn|p2a: Sneasler|Protect\n|move|p1b: Gardevoir|Icy Wind|p2a: Sneasler|[spread] p2b\n|-activate|p2a: Sneasler|move: Protect\n|-supereffective|p2b: Dragonite|2\n|-damage|p2b: Dragonite|75/100\n|-unboost|p2b: Dragonite|spe|1\n|move|p1a: Aerodactyl|Tailwind|p1a: Aerodactyl\n|-sidestart|p1: aroswing|move: Tailwind\n|move|p2b: Dragonite|Tailwind|p2b: Dragonite\n|-sidestart|p2: AnimeUma|move: Tailwind\n|\n|upkeep\n|turn|2\n|\n|t:|1776639102\n|switch|p2a: Basculegion|Basculegion, L50, M|100/100\n|move|p1b: Gardevoir|Icy Wind|p2a: Basculegion|[spread] p2a,p2b\n|-resisted|p2a: Basculegion|1\n|-supereffective|p2b: Dragonite|2\n|-damage|p2a: Basculegion|92/100\n|-damage|p2b: Dragonite|21/100\n|-unboost|p2a: Basculegion|spe|1\n|-unboost|p2b: Dragonite|spe|1\n|move|p1a: Aerodactyl|Dual Wingbeat|p2a: Basculegion\n|-damage|p2a: Basculegion|70/100\n|-damage|p2a: Basculegion|46/100\n|-hitcount|p2a: Basculegion|2\n|move|p2b: Dragonite|Draco Meteor|p1a: Aerodactyl\n|-enditem|p1a: Aerodactyl|Focus Sash\n|-damage|p1a: Aerodactyl|1/100\n|-unboost|p2b: Dragonite|spa|2\n|\n|upkeep\n|turn|3\n|\n|t:|1776639122\n|move|p2b: Dragonite|Protect|p2b: Dragonite\n|-singleturn|p2b: Dragonite|Protect\n|move|p2a: Basculegion|Aqua Jet|p1a: Aerodactyl\n|-supereffective|p1a: Aerodactyl|1\n|-damage|p1a: Aerodactyl|0 fnt\n|faint|p1a: Aerodactyl\n|move|p1b: Gardevoir|Icy Wind|p2a: Basculegion|[spread] p2a\n|-activate|p2b: Dragonite|move: Protect\n|-resisted|p2a: Basculegion|1\n|-damage|p2a: Basculegion|38/100\n|-unboost|p2a: Basculegion|spe|1\n|\n|upkeep\n|\n|t:|1776639132\n|switch|p1a: Floette|Floette-Eternal, L50, F|100/100\n|turn|4\n|\n|t:|1776639147\n|switch|p1b: Gallade|Gallade, L50, M|100/100\n|switch|p2b: Pelipper|Pelipper, L50, F|100/100\n|-weather|RainDance|[from] ability: Drizzle|[of] p2b: Pelipper\n|detailschange|p1a: Floette|Floette-Mega, L50, F\n|-mega|p1a: Floette|Floette|Floettite\n|-ability|p1a: Floette|Fairy Aura\n|move|p2a: Basculegion|Aqua Jet|p1a: Floette\n|-damage|p1a: Floette|66/100\n|move|p1a: Floette|Dazzling Gleam|p2a: Basculegion|[spread] p2a,p2b\n|-damage|p2a: Basculegion|0 fnt\n|-damage|p2b: Pelipper|25/100\n|faint|p2a: Basculegion\n|\n|-weather|RainDance|[upkeep]\n|-sideend|p2: AnimeUma|move: Tailwind\n|-sideend|p1: aroswing|move: Tailwind\n|upkeep\n|\n|t:|1776639158\n|switch|p2a: Sneasler|Sneasler, L50, F|100/100\n|turn|5\n|inactive|aroswing has 30 seconds left.\n|inactive|AnimeUma has 30 seconds left.\n|\n|t:|1776639197\n|move|p2a: Sneasler|Fake Out|p1b: Gallade\n|-damage|p1b: Gallade|80/100\n|move|p1a: Floette|Draining Kiss|p2b: Pelipper\n|-damage|p2b: Pelipper|0 fnt\n|-heal|p1a: Floette|80/100|[from] drain|[of] p2b: Pelipper\n|faint|p2b: Pelipper\n|cant|p1b: Gallade|flinch\n|\n|-weather|RainDance|[upkeep]\n|upkeep\n|\n|t:|1776639201\n|switch|p2b: Dragonite|Dragonite-Mega, L50, M|21/100\n|turn|6\n|\n|t:|1776639218\n|move|p2a: Sneasler|Dire Claw|p1a: Floette\n|-supereffective|p1a: Floette|1\n|-damage|p1a: Floette|0 fnt\n|faint|p1a: Floette\n|move|p2b: Dragonite|Hurricane|p1b: Gallade\n|-supereffective|p1b: Gallade|1\n|-damage|p1b: Gallade|0 fnt\n|faint|p1b: Gallade\n|\n|-weather|RainDance|[upkeep]\n|upkeep\n|\n|t:|1776639227\n|switch|p1b: Gardevoir|Gardevoir, L50, F, shiny|100/100\n|turn|7\n|\n|t:|1776639239\n|move|p2a: Sneasler|Protect|p2a: Sneasler\n|-singleturn|p2a: Sneasler|Protect\n|move|p1b: Gardevoir|Psychic|p2b: Dragonite\n|-damage|p2b: Dragonite|0 fnt\n|faint|p2b: Dragonite\n|\n|-weather|RainDance|[upkeep]\n|upkeep\n|turn|8\n|\n|t:|1776639245\n|move|p1b: Gardevoir|Psychic|p2a: Sneasler\n|-supereffective|p2a: Sneasler|2\n|-crit|p2a: Sneasler\n|-damage|p2a: Sneasler|0 fnt\n|faint|p2a: Sneasler\n|\n|win|aroswing\n|raw|aroswing's rating: 1278 &rarr; <strong>1310</strong><br />(+32 for winning)\n|raw|AnimeUma's rating: 1383 &rarr; <strong>1357</strong><br />(-26 for losing)\n|l|\u2606AnimeUma\n|player|p2|\n",
  "uploadtime": 1776639256,
  "views": 9,
  "formatid": "gen9championsvgc2026regma",
  "rating": 1310,
  "private": 0,
  "password": null
}