{
  "id": "gen9championsvgc2026regma-2583018475",
  "format": "[Gen 9 Champions] VGC 2026 Reg M-A",
  "players": [
    "lavandinaVGC",
    "Jah_08"
  ],
  "log": "|j|\u2606lavandinaVGC\n|j|\u2606Jah_08\n|t:|1776133805\n|gametype|doubles\n|player|p1|lavandinaVGC|169|1286\n|player|p2|Jah_08|alder|1304\n|gen|9\n|tier|[Gen 9 Champions] VGC 2026 Reg M-A\n|rated|\n|rule|Species Clause: Limit one of each Pok\u00e9mon\n|rule|Item Clause: Limit 1 of each item\n|clearpoke\n|poke|p1|Clefable, L50, M|\n|poke|p1|Corviknight, L50, M|\n|poke|p1|Charizard, L50, F|\n|poke|p1|Sneasler, L50, M|\n|poke|p1|Weavile, L50, M|\n|poke|p1|Rotom-Wash, L50|\n|poke|p2|Excadrill, L50, F|\n|poke|p2|Whimsicott, L50, F|\n|poke|p2|Chandelure, L50, M|\n|poke|p2|Zoroark-Hisui, L50, M|\n|poke|p2|Basculegion, L50, M|\n|poke|p2|Conkeldurr, L50, F|\n|teampreview|4\nJah_08 rejected open team sheets.\n|inactive|Battle timer is ON: inactive players will automatically lose when time's up. (requested by Jah_08)\n|\n|t:|1776133859\n|teamsize|p1|4\n|teamsize|p2|4\n|start\n|switch|p1a: Weavile|Weavile, L50, M|100/100\n|switch|p1b: Rotom|Rotom-Wash, L50|100/100\n|switch|p2a: Whimsicott|Whimsicott, L50, F, shiny|100/100\n|switch|p2b: Excadrill|Excadrill, L50, F|100/100\n|-ability|p1a: Weavile|Pressure\n|-ability|p2b: Excadrill|Mold Breaker\n|turn|1\n|\n|t:|1776133883\n|move|p2b: Excadrill|Protect|p2b: Excadrill\n|-singleturn|p2b: Excadrill|Protect\n|move|p2a: Whimsicott|Tailwind|p2a: Whimsicott\n|-sidestart|p2: Jah_08|move: Tailwind\n|move|p1a: Weavile|Triple Axel|p2a: Whimsicott\n|-supereffective|p2a: Whimsicott|1\n|-damage|p2a: Whimsicott|74/100\n|-supereffective|p2a: Whimsicott|1\n|-damage|p2a: Whimsicott|23/100\n|-supereffective|p2a: Whimsicott|1\n|-damage|p2a: Whimsicott|0 fnt\n|faint|p2a: Whimsicott\n|-hitcount|p2: Whimsicott|3\n|move|p1b: Rotom|Hydro Pump|p2b: Excadrill\n|-activate|p2b: Excadrill|move: Protect\n|\n|upkeep\n|\n|t:|1776133901\n|switch|p2a: Chandelure|Chandelure, L50, M|100/100\n|turn|2\n|\n|t:|1776133917\n|detailschange|p2a: Chandelure|Chandelure-Mega, L50, M\n|-mega|p2a: Chandelure|Chandelure|Chandelurite\n|move|p2a: Chandelure|Heat Wave|p1b: Rotom|[spread] p1a\n|-miss|p2a: Chandelure|p1b: Rotom\n|-supereffective|p1a: Weavile|1\n|-crit|p1a: Weavile\n|-enditem|p1a: Weavile|Focus Sash\n|-damage|p1a: Weavile|1/100\n|move|p2b: Excadrill|High Horsepower|p1b: Rotom\n|-supereffective|p1b: Rotom|1\n|-damage|p1b: Rotom|0 fnt\n|faint|p1b: Rotom\n|move|p1a: Weavile|Throat Chop|p2a: Chandelure\n|-supereffective|p2a: Chandelure|1\n|-damage|p2a: Chandelure|9/100\n|-start|p2a: Chandelure|Throat Chop|[silent]\n|\n|upkeep\n|inactive|lavandinaVGC has 30 seconds left.\n|\n|t:|1776133943\n|switch|p1b: Charizard|Charizard, L50, F|100/100\n|turn|3\n|\n|t:|1776133950\n|move|p2a: Chandelure|Protect|p2a: Chandelure\n|-singleturn|p2a: Chandelure|Protect\n|move|p1b: Charizard|Protect|p1b: Charizard\n|-singleturn|p1b: Charizard|Protect\n|move|p2b: Excadrill|Rock Slide|p1a: Weavile|[spread] p1a\n|-activate|p1b: Charizard|move: Protect\n|-supereffective|p1a: Weavile|1\n|-damage|p1a: Weavile|0 fnt\n|faint|p1a: Weavile\n|\n|-end|p2a: Chandelure|Throat Chop|[silent]\n|upkeep\n|\n|t:|1776133953\n|switch|p1a: Corviknight|Corviknight, L50, M|100/100\n|turn|4\n|\n|t:|1776133969\n|detailschange|p1b: Charizard|Charizard-Mega-X, L50, F\n|-mega|p1b: Charizard|Charizard|Charizardite X\n|move|p2a: Chandelure|Heat Wave|p1b: Charizard|[spread] p1a,p1b\n|-supereffective|p1a: Corviknight|1\n|-resisted|p1b: Charizard|2\n|-damage|p1a: Corviknight|21/100\n|-damage|p1b: Charizard|88/100\n|move|p2b: Excadrill|Rock Slide|p1a: Corviknight|[spread] p1a,p1b\n|-supereffective|p1b: Charizard|1\n|-damage|p1a: Corviknight|7/100\n|-damage|p1b: Charizard|50/100\n|move|p1b: Charizard|Dragon Claw|p2a: Chandelure\n|-damage|p2a: Chandelure|0 fnt\n|faint|p2a: Chandelure\n|move|p1a: Corviknight|Bulk Up|p1a: Corviknight\n|-boost|p1a: Corviknight|atk|1\n|-boost|p1a: Corviknight|def|1\n|\n|-heal|p1a: Corviknight|13/100|[from] item: Leftovers\n|-sideend|p2: Jah_08|move: Tailwind\n|upkeep\n|\n|t:|1776133989\n|switch|p2a: Basculegion|Basculegion, L50, M|100/100\n|turn|5\n|\n|t:|1776134002\n|move|p2a: Basculegion|Last Respects|p1b: Charizard\n|-damage|p1b: Charizard|0 fnt\n|faint|p1b: Charizard\n|move|p2b: Excadrill|Rock Slide|p1a: Corviknight\n|-damage|p1a: Corviknight|0 fnt\n|faint|p1a: Corviknight\n|\n|win|Jah_08\n|raw|lavandinaVGC's rating: 1286 &rarr; <strong>1262</strong><br />(-24 for losing)\n|raw|Jah_08's rating: 1304 &rarr; <strong>1323</strong><br />(+19 for winning)\n|l|\u2606lavandinaVGC\n|player|p1|\n",
  "uploadtime": 1776134011,
  "views": 22,
  "formatid": "gen9championsvgc2026regma",
  "rating": 1262,
  "private": 0,
  "password": null
}