{
  "id": "gen9championsvgc2026regma-2587255754",
  "format": "[Gen 9 Champions] VGC 2026 Reg M-A",
  "players": [
    "LordXaverius",
    "Nemeia982"
  ],
  "log": "|j|\u2606LordXaverius\n|j|\u2606Nemeia982\n|t:|1776515062\n|gametype|doubles\n|player|p1|LordXaverius|170|1099\n|player|p2|Nemeia982|waitress|1040\n|gen|9\n|tier|[Gen 9 Champions] VGC 2026 Reg M-A\n|rated|\n|rule|Species Clause: Limit one of each Pok\u00e9mon\n|rule|Item Clause: Limit 1 of each item\n|clearpoke\n|poke|p1|Golurk, L50|\n|poke|p1|Farigiraf, L50, F|\n|poke|p1|Incineroar, L50, F|\n|poke|p1|Torkoal, L50, M|\n|poke|p1|Sneasler, L50, M|\n|poke|p1|Venusaur, L50, F|\n|poke|p2|Beedrill, L50, M, shiny|\n|poke|p2|Scizor, L50, M|\n|poke|p2|Kleavor, L50, M|\n|poke|p2|Araquanid, L50, F, shiny|\n|poke|p2|Vivillon-Fancy, L50, F|\n|poke|p2|Volcarona, L50, M|\n|teampreview|4\n|inactive|Battle timer is ON: inactive players will automatically lose when time's up. (requested by LordXaverius)\nNemeia982 has agreed to open team sheets.\nLordXaverius has agreed to open team sheets.\n|showteam|p1|Golurk||Golurkite|IronFist|Poltergeist,IcePunch,HeadlongRush,Protect||||||50|]Farigiraf||SitrusBerry|ArmorTail|HyperVoice,Psychic,TrickRoom,HelpingHand|||F|||50|]Incineroar||ShucaBerry|Intimidate|FakeOut,FlareBlitz,ThroatChop,PartingShot|||F|||50|]Torkoal||Charcoal|Drought|Eruption,HeatWave,WeatherBall,Protect|||M|||50|]Sneasler||WhiteHerb|Unburden|FakeOut,CloseCombat,DireClaw,Coaching|||M|||50|]Venusaur||FocusSash|Chlorophyll|Protect,LeafStorm,SleepPowder,SludgeBomb|||F|||50|\n|showteam|p2|Beedrill||Beedrillite|Sniper|FellStinger,PoisonJab,Protect,Substitute|||M|||50|]Scizor||Scizorite|Technician|BulletPunch,BatonPass,SwordsDance,Trailblaze|||M|||50|]Kleavor||ScopeLens|Sharpness|XScissor,StoneEdge,CloseCombat,Protect|||M|||50|]Araquanid||MysticWater|WaterBubble|Liquidation,Waterfall,RainDance,StickyWeb|||F|||50|]Vivillon-Fancy||Leftovers|CompoundEyes|Hurricane,Tailwind,LightScreen,SleepPowder|||F|||50|]Volcarona||FocusSash|FlameBody|FieryDance,WillOWisp,QuiverDance,Protect|||M|||50|\n|inactive|LordXaverius has 60 seconds left.\n|\n|t:|1776515095\n|teamsize|p1|4\n|teamsize|p2|4\n|start\n|switch|p1a: Incineroar|Incineroar, L50, F|100/100\n|switch|p1b: Farigiraf|Farigiraf, L50, F|100/100\n|switch|p2a: Maomao|Vivillon-Fancy, L50, F|100/100\n|switch|p2b: Genos|Scizor, L50, M|100/100\n|-ability|p1a: Incineroar|Intimidate|boost\n|-unboost|p2a: Maomao|atk|1\n|-unboost|p2b: Genos|atk|1\n|turn|1\n|inactive|Nemeia982 has 30 seconds left.\n|\n|t:|1776515122\n|move|p1a: Incineroar|Fake Out|p2a: Maomao\n|-damage|p2a: Maomao|86/100\n|cant|p2a: Maomao|flinch\n|move|p2b: Genos|Swords Dance|p2b: Genos\n|-boost|p2b: Genos|atk|2\n|move|p1b: Farigiraf|Trick Room|p1b: Farigiraf\n|-fieldstart|move: Trick Room|[of] p1b: Farigiraf\n|\n|-heal|p2a: Maomao|91/100|[from] item: Leftovers\n|upkeep\n|turn|2\n|\n|t:|1776515138\n|move|p1b: Farigiraf|Hyper Voice|p2a: Maomao|[spread] p2a,p2b\n|-resisted|p2b: Genos|1\n|-damage|p2a: Maomao|49/100\n|-damage|p2b: Genos|79/100\n|move|p1a: Incineroar|Flare Blitz|p2b: Genos\n|-supereffective|p2b: Genos|2\n|-damage|p2b: Genos|0 fnt\n|faint|p2b: Genos\n|-damage|p1a: Incineroar|81/100|[from] Recoil\n|move|p2a: Maomao|Sleep Powder|p1b: Farigiraf\n|-status|p1b: Farigiraf|slp|[from] move: Sleep Powder\n|\n|-heal|p2a: Maomao|55/100|[from] item: Leftovers\n|upkeep\n|inactive|Nemeia982 has 30 seconds left.\n|\n|t:|1776515172\n|switch|p2b: Rem|Araquanid, L50, F, shiny|100/100\n|turn|3\n|\n|t:|1776515182\n|move|p2b: Rem|Liquidation|p1a: Incineroar\n|-supereffective|p1a: Incineroar|1\n|-damage|p1a: Incineroar|0 fnt\n|faint|p1a: Incineroar\n|cant|p1b: Farigiraf|slp\n|move|p2a: Maomao|Hurricane|p1b: Farigiraf\n|-damage|p1b: Farigiraf|70/100 slp\n|\n|-heal|p2a: Maomao|60/100|[from] item: Leftovers\n|upkeep\n|\n|t:|1776515185\n|switch|p1a: Torkoal|Torkoal, L50, M|100/100\n|-weather|SunnyDay|[from] ability: Drought|[of] p1a: Torkoal\n|turn|4\n|\n|t:|1776515202\n|cant|p1b: Farigiraf|slp\n|move|p1a: Torkoal|Eruption|p2a: Maomao|[spread] p2a,p2b\n|-supereffective|p2a: Maomao|1\n|-damage|p2a: Maomao|0 fnt\n|-damage|p2b: Rem|66/100\n|faint|p2a: Maomao\n|move|p2b: Rem|Rain Dance|p2b: Rem\n|-weather|RainDance\n|\n|-weather|RainDance|[upkeep]\n|upkeep\n|\n|t:|1776515210\n|switch|p2a: Mustang|Volcarona, L50, M|100/100\n|turn|5\n|\n|t:|1776515219\n|switch|p1a: Golurk|Golurk, L50|100/100\n|move|p2b: Rem|Liquidation|p1a: Golurk\n|-supereffective|p1a: Golurk|1\n|-crit|p1a: Golurk\n|-damage|p1a: Golurk|0 fnt\n|faint|p1a: Golurk\n|-curestatus|p1b: Farigiraf|slp|[msg]\n|move|p1b: Farigiraf|Hyper Voice|p2a: Mustang|[spread] p2a,p2b\n|-damage|p2a: Mustang|70/100\n|-damage|p2b: Rem|43/100\n|move|p2a: Mustang|Quiver Dance|p2a: Mustang\n|-boost|p2a: Mustang|spa|1\n|-boost|p2a: Mustang|spd|1\n|-boost|p2a: Mustang|spe|1\n|\n|-weather|RainDance|[upkeep]\n|-fieldend|move: Trick Room\n|upkeep\n|\n|t:|1776515224\n|switch|p1a: Torkoal|Torkoal, L50, M|100/100\n|-weather|SunnyDay|[from] ability: Drought|[of] p1a: Torkoal\n|turn|6\n|\n|t:|1776515244\n|move|p2a: Mustang|Fiery Dance|p1b: Farigiraf\n|-damage|p1b: Farigiraf|0 fnt\n|faint|p1b: Farigiraf\n|move|p2b: Rem|Liquidation|p1a: Torkoal\n|-supereffective|p1a: Torkoal|1\n|-damage|p1a: Torkoal|35/100\n|move|p1a: Torkoal|Weather Ball|p2b: Rem\n|-damage|p2b: Rem|12/100\n|\n|-weather|SunnyDay|[upkeep]\n|upkeep\n|turn|7\n|c|\u2606LordXaverius|gg\n|c|\u2606Nemeia982|gg\n|\n|t:|1776515260\n|move|p2a: Mustang|Fiery Dance|p1a: Torkoal\n|-resisted|p1a: Torkoal|1\n|-damage|p1a: Torkoal|0 fnt\n|-boost|p2a: Mustang|spa|1\n|faint|p1a: Torkoal\n|\n|win|Nemeia982\n|raw|LordXaverius's rating: 1099 &rarr; <strong>1070</strong><br />(-29 for losing)\n|raw|Nemeia982's rating: 1040 &rarr; <strong>1080</strong><br />(+40 for winning)\n|l|\u2606LordXaverius\n|player|p1|\n",
  "uploadtime": 1776515310,
  "views": 26,
  "formatid": "gen9championsvgc2026regma",
  "rating": 1070,
  "private": 0,
  "password": null
}