{
  "id": "gen9championsvgc2026regma-2585153111",
  "format": "[Gen 9 Champions] VGC 2026 Reg M-A",
  "players": [
    "jyotsha",
    "oilive"
  ],
  "log": "|j|\u2606jyotsha\n|j|\u2606oilive\n|t:|1776318332\n|gametype|doubles\n|player|p1|jyotsha|265|1210\n|player|p2|oilive|iris|1194\n|gen|9\n|tier|[Gen 9 Champions] VGC 2026 Reg M-A\n|rated|\n|rule|Species Clause: Limit one of each Pok\u00e9mon\n|rule|Item Clause: Limit 1 of each item\n|clearpoke\n|poke|p1|Torkoal, L50, F|\n|poke|p1|Basculegion, L50, M|\n|poke|p1|Delphox, L50, F|\n|poke|p1|Tauros-Paldea-Aqua, L50, M|\n|poke|p1|Sneasler, L50, F|\n|poke|p1|Skarmory, L50, M|\n|poke|p2|Araquanid, L50, M|\n|poke|p2|Hatterene, L50, F|\n|poke|p2|Tsareena, L50, F|\n|poke|p2|Maushold, L50|\n|poke|p2|Camerupt, L50, M|\n|poke|p2|Kingambit, L50, M|\n|teampreview|4\n|inactive|Battle timer is ON: inactive players will automatically lose when time's up. (requested by oilive)\n|inactive|jyotsha has 60 seconds left.\n|\n|t:|1776318408\n|teamsize|p1|4\n|teamsize|p2|4\n|start\n|switch|p1a: Torkoal|Torkoal, L50, F|100/100\n|switch|p1b: Delphox|Delphox, L50, F|100/100\n|switch|p2a: Hatterene|Hatterene, L50, F|100/100\n|switch|p2b: Araquanid|Araquanid, L50, M|100/100\n|-weather|SunnyDay|[from] ability: Drought|[of] p1a: Torkoal\n|turn|1\n|\n|t:|1776318426\n|detailschange|p1b: Delphox|Delphox-Mega, L50, F\n|-mega|p1b: Delphox|Delphox|Delphoxite\n|move|p2b: Araquanid|Wide Guard|p2b: Araquanid\n|-singleturn|p2b: Araquanid|Wide Guard\n|move|p1b: Delphox|Calm Mind|p1b: Delphox\n|-boost|p1b: Delphox|spa|1\n|-boost|p1b: Delphox|spd|1\n|move|p1a: Torkoal|Yawn|p2b: Araquanid\n|-start|p2b: Araquanid|move: Yawn|[of] p1a: Torkoal\n|move|p2a: Hatterene|Trick Room|p2a: Hatterene\n|-fieldstart|move: Trick Room|[of] p2a: Hatterene\n|\n|-weather|SunnyDay|[upkeep]\n|upkeep\n|turn|2\n|inactive|jyotsha has 30 seconds left.\n|inactive|oilive has 30 seconds left.\n|inactive|jyotsha has 20 seconds left.\n|inactive|oilive has 20 seconds left.\n|\n|t:|1776318466\n|move|p1a: Torkoal|Protect|p1a: Torkoal\n|-singleturn|p1a: Torkoal|Protect\n|move|p2a: Hatterene|Psychic|p1a: Torkoal\n|-activate|p1a: Torkoal|move: Protect\n|move|p2b: Araquanid|Liquidation|p1b: Delphox\n|-supereffective|p1b: Delphox|1\n|-damage|p1b: Delphox|16/100\n|move|p1b: Delphox|Calm Mind|p1b: Delphox\n|-boost|p1b: Delphox|spa|1\n|-boost|p1b: Delphox|spd|1\n|\n|-weather|SunnyDay|[upkeep]\n|-end|p2b: Araquanid|move: Yawn|[silent]\n|-status|p2b: Araquanid|slp\n|upkeep\n|turn|3\n|\n|t:|1776318481\n|move|p1b: Delphox|Protect|p1b: Delphox\n|-singleturn|p1b: Delphox|Protect\n|move|p1a: Torkoal|Weather Ball|p2a: Hatterene\n|-damage|p2a: Hatterene|55/100\n|move|p2a: Hatterene|Psychic|p1b: Delphox\n|-activate|p1b: Delphox|move: Protect\n|cant|p2b: Araquanid|slp\n|\n|-weather|SunnyDay|[upkeep]\n|upkeep\n|turn|4\n|\n|t:|1776318499\n|move|p1a: Torkoal|Weather Ball|p2a: Hatterene\n|-damage|p2a: Hatterene|9/100\n|move|p2a: Hatterene|Psychic|p1b: Delphox\n|-resisted|p1b: Delphox|1\n|-damage|p1b: Delphox|3/100\n|-unboost|p1b: Delphox|spd|1\n|cant|p2b: Araquanid|slp\n|move|p1b: Delphox|Heat Wave|p2a: Hatterene|[spread] p2a,p2b\n|-damage|p2a: Hatterene|0 fnt\n|-damage|p2b: Araquanid|60/100 slp\n|faint|p2a: Hatterene\n|\n|-weather|SunnyDay|[upkeep]\n|upkeep\n|\n|t:|1776318513\n|switch|p2a: Camerupt|Camerupt, L50, M|100/100\n|turn|5\n|\n|t:|1776318537\n|detailschange|p2a: Camerupt|Camerupt-Mega, L50, M\n|-mega|p2a: Camerupt|Camerupt|Cameruptite\n|move|p1a: Torkoal|Protect|p1a: Torkoal\n|-singleturn|p1a: Torkoal|Protect\n|move|p1b: Delphox|Protect|p1b: Delphox\n|-singleturn|p1b: Delphox|Protect\n|move|p2a: Camerupt|Earth Power|p1a: Torkoal\n|-activate|p1a: Torkoal|move: Protect\n|-curestatus|p2b: Araquanid|slp|[msg]\n|move|p2b: Araquanid|Liquidation|p1b: Delphox\n|-activate|p1b: Delphox|move: Protect\n|\n|-weather|none\n|-fieldend|move: Trick Room\n|upkeep\n|turn|6\n|inactive|oilive has 30 seconds left.\n|\n|t:|1776318568\n|move|p1a: Torkoal|Helping Hand|p1b: Delphox\n|-singleturn|p1b: Delphox|Helping Hand|[of] p1a: Torkoal\n|move|p2b: Araquanid|Protect|p2b: Araquanid\n|-singleturn|p2b: Araquanid|Protect\n|move|p1b: Delphox|Psychic|p2a: Camerupt\n|-damage|p2a: Camerupt|0 fnt\n|faint|p2a: Camerupt\n|\n|upkeep\n|\n|t:|1776318576\n|switch|p2a: Tsareena|Tsareena, L50, F|100/100\n|turn|7\n|-message|oilive forfeited.\n|\n|win|jyotsha\n|raw|jyotsha's rating: 1210 &rarr; <strong>1234</strong><br />(+24 for winning)\n|raw|oilive's rating: 1194 &rarr; <strong>1170</strong><br />(-24 for losing)\n",
  "uploadtime": 1776318580,
  "views": 25,
  "formatid": "gen9championsvgc2026regma",
  "rating": 1170,
  "private": 0,
  "password": null
}