{
  "id": "gen9championsvgc2026regma-2585535707",
  "format": "[Gen 9 Champions] VGC 2026 Reg M-A",
  "players": [
    "Future Alice haver",
    "Ledvinka"
  ],
  "log": "|j|\u2606Future Alice haver\n|j|\u2606Ledvinka\n|t:|1776353996\n|gametype|doubles\n|player|p1|Future Alice haver|kimonogirl|1143\n|player|p2|Ledvinka|jupiter|1201\n|gen|9\n|tier|[Gen 9 Champions] VGC 2026 Reg M-A\n|rated|\n|rule|Species Clause: Limit one of each Pok\u00e9mon\n|rule|Item Clause: Limit 1 of each item\n|clearpoke\n|poke|p1|Charizard, L50, F|\n|poke|p1|Venusaur, L50, F|\n|poke|p1|Orthworm, L50, M|\n|poke|p1|Garchomp, L50, F|\n|poke|p1|Maushold, L50|\n|poke|p1|Milotic, L50, M|\n|poke|p2|Incineroar, L50, F|\n|poke|p2|Archaludon, L50, F|\n|poke|p2|Basculegion, L50, M|\n|poke|p2|Pelipper, L50, F|\n|poke|p2|Gengar, L50, M|\n|poke|p2|Sneasler, L50, F|\n|teampreview|4\n|inactive|Battle timer is ON: inactive players will automatically lose when time's up. (requested by Ledvinka)\n|inactive|Future Alice haver has 60 seconds left.\n|inactive|Ledvinka has 60 seconds left.\n|inactive|Ledvinka has 30 seconds left.\n|inactive|Ledvinka has 20 seconds left.\n|\n|t:|1776354077\n|teamsize|p1|4\n|teamsize|p2|4\n|start\n|switch|p1a: Charizard|Charizard, L50, F|100/100\n|switch|p1b: Milotic|Milotic, L50, M|100/100\n|switch|p2a: Sneasler|Sneasler, L50, F|100/100\n|switch|p2b: Gengar|Gengar, L50, M, shiny|100/100\n|turn|1\n|inactive|Future Alice haver has 30 seconds left.\n|inactive|Future Alice haver has 20 seconds left.\n|inactive|Ledvinka has 30 seconds left.\n|\n|t:|1776354119\n|switch|p1b: Garchomp|Garchomp, L50, F|100/100\n|detailschange|p2b: Gengar|Gengar-Mega, L50, M, shiny\n|-mega|p2b: Gengar|Gengar|Gengarite\n|detailschange|p1a: Charizard|Charizard-Mega-Y, L50, F\n|-mega|p1a: Charizard|Charizard|Charizardite Y\n|-weather|SunnyDay|[from] ability: Drought|[of] p1a: Charizard\n|move|p1a: Charizard|Protect|p1a: Charizard\n|-singleturn|p1a: Charizard|Protect\n|move|p2a: Sneasler|Fake Out|p1a: Charizard\n|-activate|p1a: Charizard|move: Protect\n|move|p2b: Gengar|Sludge Bomb|p1b: Garchomp\n|-resisted|p1b: Garchomp|1\n|-damage|p1b: Garchomp|72/100\n|-status|p1b: Garchomp|psn\n|\n|-weather|SunnyDay|[upkeep]\n|-damage|p1b: Garchomp|60/100 psn|[from] psn\n|upkeep\n|turn|2\n|\n|t:|1776354139\n|move|p2b: Gengar|Protect|p2b: Gengar\n|-singleturn|p2b: Gengar|Protect\n|move|p2a: Sneasler|Protect|p2a: Sneasler\n|-singleturn|p2a: Sneasler|Protect\n|move|p1b: Garchomp|Earthquake|p2a: Sneasler|[spread] \n|-activate|p2a: Sneasler|move: Protect\n|-activate|p2b: Gengar|move: Protect\n|-immune|p1a: Charizard\n|move|p1a: Charizard|Heat Wave|p2b: Gengar|[spread] \n|-activate|p2a: Sneasler|move: Protect\n|-activate|p2b: Gengar|move: Protect\n|\n|-weather|SunnyDay|[upkeep]\n|-damage|p1b: Garchomp|48/100 psn|[from] psn\n|upkeep\n|turn|3\n|\n|t:|1776354161\n|switch|p2b: Pelipper|Pelipper, L50, F|100/100\n|-weather|RainDance|[from] ability: Drizzle|[of] p2b: Pelipper\n|move|p1b: Garchomp|Earthquake|p2b: Pelipper|[spread] p2a\n|-immune|p1a: Charizard\n|-immune|p2b: Pelipper\n|-supereffective|p2a: Sneasler|1\n|-damage|p2a: Sneasler|0 fnt\n|faint|p2a: Sneasler\n|move|p1a: Charizard|Heat Wave|p2b: Pelipper\n|-resisted|p2b: Pelipper|1\n|-damage|p2b: Pelipper|81/100\n|\n|-weather|RainDance|[upkeep]\n|-damage|p1b: Garchomp|36/100 psn|[from] psn\n|upkeep\n|\n|t:|1776354181\n|switch|p2a: Gengar|Gengar-Mega, L50, M, shiny|100/100\n|turn|4\n|\n|t:|1776354193\n|move|p1b: Garchomp|Earthquake|p2a: Gengar|[spread] p2a\n|-immune|p1a: Charizard\n|-immune|p2b: Pelipper\n|-supereffective|p2a: Gengar|1\n|-damage|p2a: Gengar|0 fnt\n|faint|p2a: Gengar\n|move|p1a: Charizard|Heat Wave|p2b: Pelipper|[miss]\n|-miss|p1a: Charizard|p2b: Pelipper\n|move|p2b: Pelipper|Weather Ball|p1a: Charizard\n|-supereffective|p1a: Charizard|1\n|-damage|p1a: Charizard|0 fnt\n|faint|p1a: Charizard\n|\n|-weather|RainDance|[upkeep]\n|-damage|p1b: Garchomp|24/100 psn|[from] psn\n|upkeep\n|\n|t:|1776354211\n|switch|p2a: Basculegion|Basculegion, L50, M|100/100\n|switch|p1a: Milotic|Milotic, L50, M|100/100\n|turn|5\n|inactive|Future Alice haver has 30 seconds left.\n|\n|t:|1776354237\n|move|p2a: Basculegion|Last Respects|p1b: Garchomp\n|-damage|p1b: Garchomp|0 fnt\n|faint|p1b: Garchomp\n|move|p1a: Milotic|Icy Wind|p2b: Pelipper|[spread] p2a,p2b\n|-resisted|p2a: Basculegion|1\n|-damage|p2a: Basculegion|94/100\n|-damage|p2b: Pelipper|66/100\n|-unboost|p2a: Basculegion|spe|1\n|-unboost|p2b: Pelipper|spe|1\n|move|p2b: Pelipper|Hurricane|p1a: Milotic\n|-damage|p1a: Milotic|64/100\n|\n|-weather|RainDance|[upkeep]\n|upkeep\n|\n|t:|1776354254\n|switch|p1b: Orthworm|Orthworm, L50, M|100/100\n|turn|6\n|\n|t:|1776354271\n|move|p2a: Basculegion|Last Respects|p1a: Milotic\n|-damage|p1a: Milotic|0 fnt\n|faint|p1a: Milotic\n|move|p1b: Orthworm|Body Press|p2b: Pelipper\n|-resisted|p2b: Pelipper|1\n|-damage|p2b: Pelipper|48/100\n|move|p2b: Pelipper|Weather Ball|p1b: Orthworm\n|-damage|p1b: Orthworm|0 fnt\n|faint|p1b: Orthworm\n|\n|win|Ledvinka\n|raw|Future Alice haver's rating: 1143 &rarr; <strong>1122</strong><br />(-21 for losing)\n|raw|Ledvinka's rating: 1201 &rarr; <strong>1222</strong><br />(+21 for winning)\n",
  "uploadtime": 1776354274,
  "views": 40,
  "formatid": "gen9championsvgc2026regma",
  "rating": 1122,
  "private": 0,
  "password": null
}