{
  "id": "gen9championsvgc2026regma-2583530869",
  "format": "[Gen 9 Champions] VGC 2026 Reg M-A",
  "players": [
    "TogoVGC",
    "Strin"
  ],
  "log": "|j|\u2606TogoVGC\n|j|\u2606Strin\n|t:|1776181500\n|gametype|doubles\n|player|p1|TogoVGC|101|1172\n|player|p2|Strin|265|1106\n|gen|9\n|tier|[Gen 9 Champions] VGC 2026 Reg M-A\n|rated|\n|rule|Species Clause: Limit one of each Pok\u00e9mon\n|rule|Item Clause: Limit 1 of each item\n|clearpoke\n|poke|p1|Rotom-Frost, L50|\n|poke|p1|Abomasnow, L50, F|\n|poke|p1|Samurott-Hisui, L50, F|\n|poke|p1|Glimmora, L50, F|\n|poke|p1|Talonflame, L50, F|\n|poke|p1|Lucario, L50, F|\n|poke|p2|Basculegion-F, L50, F|\n|poke|p2|Sableye, L50, F|\n|poke|p2|Incineroar, L50, M|\n|poke|p2|Meganium, L50, F|\n|poke|p2|Sneasler, L50, F|\n|poke|p2|Kingambit, L50, F|\n|teampreview|4\n|\n|t:|1776181530\n|teamsize|p1|4\n|teamsize|p2|4\n|start\n|switch|p1a: Samurott|Samurott-Hisui, L50, F|100/100\n|switch|p1b: Lucario|Lucario, L50, F|100/100\n|switch|p2a: Golden Child|Sableye, L50, F, shiny|100/100\n|switch|p2b: Ol' Bess|Basculegion-F, L50, F, shiny|100/100\n|turn|1\n|inactive|Battle timer is ON: inactive players will automatically lose when time's up. (requested by Strin)\n|\n|t:|1776181556\n|move|p1b: Lucario|Detect|p1b: Lucario\n|-singleturn|p1b: Lucario|Protect\n|move|p2a: Golden Child|Fake Out|p1a: Samurott\n|-damage|p1a: Samurott|91/100\n|move|p2b: Ol' Bess|Flip Turn|p1b: Lucario\n|-activate|p1b: Lucario|move: Protect\n|cant|p1a: Samurott|flinch\n|\n|upkeep\n|turn|2\n|inactive|Strin has 30 seconds left.\n|\n|t:|1776181592\n|switch|p2a: Bless You|Sneasler, L50, F, shiny|100/100\n|move|p2b: Ol' Bess|Flip Turn|p1b: Lucario\n|-damage|p1b: Lucario|63/100\n|\n|t:|1776181599\n|switch|p2b: Golden Child|Sableye, L50, F, shiny|100/100|[from] Flip Turn\n|move|p1b: Lucario|High Jump Kick|p2b: Golden Child\n|-immune|p2b: Golden Child\n|-damage|p1b: Lucario|14/100|[from] highjumpkick\n|move|p1a: Samurott|Aqua Cutter|p2a: Bless You\n|-damage|p2a: Bless You|5/100\n|\n|upkeep\n|turn|3\n|\n|t:|1776181620\n|switch|p1b: Rotom|Rotom-Frost, L50|100/100\n|move|p1a: Samurott|Protect|p1a: Samurott\n|-singleturn|p1a: Samurott|Protect\n|move|p2b: Golden Child|Fake Out|p1b: Rotom\n|-damage|p1b: Rotom|91/100\n|move|p2a: Bless You|Close Combat|p1a: Samurott\n|-activate|p1a: Samurott|move: Protect\n|\n|upkeep\n|turn|4\n|\n|t:|1776181633\n|switch|p1a: Abomasnow|Abomasnow, L50, F|100/100\n|-weather|Snowscape|[from] ability: Snow Warning|[of] p1a: Abomasnow\n|move|p2b: Golden Child|Quash|p1b: Rotom\n|-activate|p1b: Rotom|move: Quash\n|move|p2a: Bless You|Close Combat|p1b: Rotom\n|-supereffective|p1b: Rotom|1\n|-damage|p1b: Rotom|0 fnt\n|-unboost|p2a: Bless You|def|1\n|-unboost|p2a: Bless You|spd|1\n|faint|p1b: Rotom\n|-enditem|p2a: Bless You|White Herb\n|-clearnegativeboost|p2a: Bless You|[silent]\n|\n|-weather|Snowscape|[upkeep]\n|upkeep\n|\n|t:|1776181647\n|switch|p1b: Lucario|Lucario, L50, F|14/100\n|turn|5\n|\n|t:|1776181656\n|switch|p2a: Ol' Bess|Basculegion-F, L50, F, shiny|100/100\n|detailschange|p1a: Abomasnow|Abomasnow-Mega, L50, F\n|-mega|p1a: Abomasnow|Abomasnow|Abomasite\n|move|p2b: Golden Child|Rain Dance|p2b: Golden Child\n|-weather|RainDance\n|move|p1b: Lucario|Meteor Mash|p2b: Golden Child\n|-damage|p2b: Golden Child|43/100\n|move|p1a: Abomasnow|Blizzard|p2b: Golden Child|[spread] p2a,p2b\n|-resisted|p2a: Ol' Bess|1\n|-damage|p2a: Ol' Bess|77/100\n|-damage|p2b: Golden Child|0 fnt\n|faint|p2b: Golden Child\n|\n|-weather|RainDance|[upkeep]\n|upkeep\n|\n|t:|1776181671\n|switch|p2b: Bless You|Sneasler, L50, F, shiny|5/100\n|turn|6\n|\n|t:|1776181681\n|switch|p1a: Samurott|Samurott-Hisui, L50, F|91/100\n|move|p1b: Lucario|Upper Hand||[still]\n|-fail|p1b: Lucario\n|move|p2a: Ol' Bess|Muddy Water|p1b: Lucario|[spread] p1a,p1b\n|-resisted|p1a: Samurott|1\n|-damage|p1a: Samurott|48/100\n|-damage|p1b: Lucario|0 fnt\n|faint|p1b: Lucario\n|move|p2b: Bless You|Dire Claw|p1a: Samurott\n|-damage|p1a: Samurott|0 fnt\n|faint|p1a: Samurott\n|\n|-weather|RainDance|[upkeep]\n|upkeep\n|\n|t:|1776181684\n|switch|p1b: Abomasnow|Abomasnow-Mega, L50, F|100/100\n|-weather|Snowscape|[from] ability: Snow Warning|[of] p1b: Abomasnow\n|turn|7\n|\n|t:|1776181704\n|move|p2a: Ol' Bess|Muddy Water|p1b: Abomasnow\n|-resisted|p1b: Abomasnow|1\n|-damage|p1b: Abomasnow|74/100\n|move|p2b: Bless You|Dire Claw|p1b: Abomasnow\n|-supereffective|p1b: Abomasnow|1\n|-damage|p1b: Abomasnow|15/100\n|move|p1b: Abomasnow|Blizzard|p2b: Bless You|[spread] p2a,p2b\n|-resisted|p2a: Ol' Bess|1\n|-crit|p2a: Ol' Bess\n|-crit|p2b: Bless You\n|-damage|p2a: Ol' Bess|36/100\n|-damage|p2b: Bless You|0 fnt\n|faint|p2b: Bless You\n|\n|-weather|Snowscape|[upkeep]\n|upkeep\n|\n|t:|1776181713\n|switch|p2b: Deep Blue II|Kingambit, L50, F, shiny|100/100\n|turn|8\n|\n|t:|1776181733\n|move|p2a: Ol' Bess|Muddy Water|p1b: Abomasnow\n|-resisted|p1b: Abomasnow|1\n|-damage|p1b: Abomasnow|0 fnt\n|faint|p1b: Abomasnow\n|\n|win|Strin\n|raw|TogoVGC's rating: 1172 &rarr; <strong>1142</strong><br />(-30 for losing)\n|raw|Strin's rating: 1106 &rarr; <strong>1136</strong><br />(+30 for winning)\n",
  "uploadtime": 1776181904,
  "views": 19,
  "formatid": "gen9championsvgc2026regma",
  "rating": 1136,
  "private": 0,
  "password": null
}