{
  "id": "gen9championsvgc2026regma-2582178168",
  "format": "[Gen 9 Champions] VGC 2026 Reg M-A",
  "players": [
    "ester98",
    "King_Jamy"
  ],
  "log": "|j|\u2606ester98\n|j|\u2606King_Jamy\n|t:|1776067883\n|gametype|doubles\n|player|p1|ester98|lebanne|1224\n|player|p2|King_Jamy|colress|1296\n|gen|9\n|tier|[Gen 9 Champions] VGC 2026 Reg M-A\n|rated|\n|rule|Species Clause: Limit one of each Pok\u00e9mon\n|rule|Item Clause: Limit 1 of each item\n|clearpoke\n|poke|p1|Milotic, L50, F|\n|poke|p1|Tyranitar, L50, M|\n|poke|p1|Garchomp, L50, M|\n|poke|p1|Corviknight, L50, M|\n|poke|p1|Sinistcha, L50|\n|poke|p1|Sneasler, L50, M|\n|poke|p2|Froslass, L50, F|\n|poke|p2|Palafin, L50, F|\n|poke|p2|Kingambit, L50, F|\n|poke|p2|Arcanine-Hisui, L50, M|\n|poke|p2|Sinistcha, L50|\n|poke|p2|Sneasler, L50, M|\n|teampreview|4\nester98 has agreed to open team sheets.\n|\n|t:|1776067919\n|teamsize|p1|4\n|teamsize|p2|4\n|start\n|switch|p1a: Tyranitar|Tyranitar, L50, M|100/100\n|switch|p1b: Sneasler|Sneasler, L50, M|100/100\n|switch|p2a: Froslass|Froslass, L50, F|100/100\n|switch|p2b: Sinistcha|Sinistcha, L50|100/100\n|-weather|Sandstorm|[from] ability: Sand Stream|[of] p1a: Tyranitar\n|turn|1\n|inactive|Battle timer is ON: inactive players will automatically lose when time's up. (requested by ester98)\n|\n|t:|1776067995\n|detailschange|p2a: Froslass|Froslass-Mega, L50, F\n|-mega|p2a: Froslass|Froslass|Froslassite\n|-weather|Snowscape|[from] ability: Snow Warning|[of] p2a: Froslass\n|detailschange|p1a: Tyranitar|Tyranitar-Mega, L50, M\n|-mega|p1a: Tyranitar|Tyranitar|Tyranitarite\n|-weather|Sandstorm|[from] ability: Sand Stream|[of] p1a: Tyranitar\n|move|p2a: Froslass|Aurora Veil||[still]\n|-fail|p2a: Froslass\n|move|p1b: Sneasler|Dire Claw|p2b: Sinistcha\n|-damage|p2b: Sinistcha|58/100\n|move|p1a: Tyranitar|Rock Slide|p2b: Sinistcha|[spread] p2b\n|-miss|p1a: Tyranitar|p2a: Froslass\n|-damage|p2b: Sinistcha|30/100\n|-enditem|p2b: Sinistcha|Sitrus Berry|[eat]\n|-heal|p2b: Sinistcha|55/100|[from] item: Sitrus Berry\n|move|p2b: Sinistcha|Strength Sap|p1a: Tyranitar\n|-unboost|p1a: Tyranitar|atk|1\n|-heal|p2b: Sinistcha|100/100\n|\n|-weather|Sandstorm|[upkeep]\n|-damage|p2a: Froslass|94/100|[from] Sandstorm\n|-damage|p1b: Sneasler|95/100|[from] Sandstorm\n|-damage|p2b: Sinistcha|94/100|[from] Sandstorm\n|upkeep\n|turn|2\n|inactive|ester98 has 30 seconds left.\n|\n|t:|1776068030\n|switch|p2a: Sneasler|Sneasler, L50, M|100/100\n|move|p1b: Sneasler|Dire Claw|p2b: Sinistcha\n|-damage|p2b: Sinistcha|56/100\n|move|p1a: Tyranitar|Knock Off|p2b: Sinistcha\n|-supereffective|p2b: Sinistcha|1\n|-damage|p2b: Sinistcha|8/100\n|move|p2b: Sinistcha|Matcha Gotcha|p1a: Tyranitar|[spread] p1a,p1b\n|-supereffective|p1a: Tyranitar|1\n|-resisted|p1b: Sneasler|1\n|-damage|p1a: Tyranitar|77/100\n|-heal|p2b: Sinistcha|22/100|[from] drain|[of] p1a: Tyranitar\n|-damage|p1b: Sneasler|77/100\n|-heal|p2b: Sinistcha|31/100|[from] drain|[of] p1b: Sneasler\n|\n|-weather|Sandstorm|[upkeep]\n|-damage|p2a: Sneasler|95/100|[from] Sandstorm\n|-damage|p1b: Sneasler|71/100|[from] Sandstorm\n|-damage|p2b: Sinistcha|25/100|[from] Sandstorm\n|upkeep\n|turn|3\n|inactive|King_Jamy has 30 seconds left.\n|\n|t:|1776068056\n|switch|p2a: Arcanine|Arcanine-Hisui, L50, M|100/100\n|-ability|p2a: Arcanine|Intimidate|boost\n|-unboost|p1a: Tyranitar|atk|1\n|-unboost|p1b: Sneasler|atk|1\n|-enditem|p1b: Sneasler|White Herb\n|-clearnegativeboost|p1b: Sneasler|[silent]\n|switch|p1a: Sinistcha|Sinistcha, L50|100/100\n|-heal|p1b: Sneasler|96/100|[from] ability: Hospitality|[of] p1a: Sinistcha\n|move|p1b: Sneasler|Dire Claw|p2b: Sinistcha\n|-damage|p2b: Sinistcha|0 fnt\n|faint|p2b: Sinistcha\n|\n|-weather|Sandstorm|[upkeep]\n|-damage|p1b: Sneasler|90/100|[from] Sandstorm\n|-damage|p1a: Sinistcha|94/100|[from] Sandstorm\n|upkeep\n|\n|t:|1776068062\n|switch|p2b: Froslass|Froslass-Mega, L50, F|94/100\n|-weather|Snowscape|[from] ability: Snow Warning|[of] p2b: Froslass\n|turn|4\n|inactive|ester98 has 30 seconds left.\n|\n|t:|1776068089\n|switch|p2b: Sneasler|Sneasler, L50, M|95/100\n|switch|p1a: Tyranitar|Tyranitar-Mega, L50, M|77/100\n|-weather|Sandstorm|[from] ability: Sand Stream|[of] p1a: Tyranitar\n|move|p1b: Sneasler|Protect|p1b: Sneasler\n|-singleturn|p1b: Sneasler|Protect\n|move|p2a: Arcanine|Protect||[still]\n|-fail|p2a: Arcanine\n|\n|-weather|Sandstorm|[upkeep]\n|-damage|p1b: Sneasler|84/100|[from] Sandstorm\n|-damage|p2b: Sneasler|89/100|[from] Sandstorm\n|upkeep\n|turn|5\n|\n|t:|1776068101\n|switch|p2a: Froslass|Froslass-Mega, L50, F|94/100\n|-weather|Snowscape|[from] ability: Snow Warning|[of] p2a: Froslass\n|switch|p1a: Sinistcha|Sinistcha, L50|94/100\n|-heal|p1b: Sneasler|100/100|[from] ability: Hospitality|[of] p1a: Sinistcha\n|move|p1b: Sneasler|Close Combat|p2b: Sneasler\n|-resisted|p2b: Sneasler|1\n|-damage|p2b: Sneasler|28/100\n|-unboost|p1b: Sneasler|def|1\n|-unboost|p1b: Sneasler|spd|1\n|move|p2b: Sneasler|Close Combat|p1a: Sinistcha\n|-immune|p1a: Sinistcha\n|\n|-weather|Snowscape|[upkeep]\n|upkeep\n|turn|6\n|\n|t:|1776068117\n|switch|p1a: Tyranitar|Tyranitar-Mega, L50, M|77/100\n|-weather|Sandstorm|[from] ability: Sand Stream|[of] p1a: Tyranitar\n|move|p1b: Sneasler|Close Combat|p2b: Sneasler\n|-resisted|p2b: Sneasler|1\n|-damage|p2b: Sneasler|0 fnt\n|-unboost|p1b: Sneasler|def|1\n|-unboost|p1b: Sneasler|spd|1\n|faint|p2b: Sneasler\n|move|p2a: Froslass|Blizzard|p1a: Tyranitar|[spread] p1a,p1b\n|-damage|p1a: Tyranitar|55/100\n|-damage|p1b: Sneasler|0 fnt\n|-status|p1a: Tyranitar|frz\n|faint|p1b: Sneasler\n|\n|-weather|Sandstorm|[upkeep]\n|-damage|p2a: Froslass|88/100|[from] Sandstorm\n|upkeep\n|c|\u2606ester98|sob\n|\n|t:|1776068132\n|switch|p2b: Arcanine|Arcanine-Hisui, L50, M|100/100\n|switch|p1b: Corviknight|Corviknight, L50, M|100/100\n|-ability|p2b: Arcanine|Intimidate|boost\n|-unboost|p1a: Tyranitar|atk|1\n|-ability|p1b: Corviknight|Mirror Armor\n|-unboost|p2b: Arcanine|atk|1\n|turn|7\n|\n|t:|1776068138\n|move|p2a: Froslass|Blizzard|p1b: Corviknight|[spread] p1a\n|-miss|p2a: Froslass|p1b: Corviknight\n|-damage|p1a: Tyranitar|33/100 frz\n|move|p2b: Arcanine|Rock Slide|p1a: Tyranitar|[spread] p1a,p1b\n|-damage|p1a: Tyranitar|23/100 frz\n|-damage|p1b: Corviknight|87/100\n|cant|p1a: Tyranitar|frz\n|move|p1b: Corviknight|Bulk Up|p1b: Corviknight\n|-boost|p1b: Corviknight|atk|1\n|-boost|p1b: Corviknight|def|1\n|\n|-weather|Sandstorm|[upkeep]\n|-damage|p2a: Froslass|82/100|[from] Sandstorm\n|-heal|p1b: Corviknight|93/100|[from] item: Leftovers\n|upkeep\n|turn|8\n|\n|t:|1776068147\n|move|p2a: Froslass|Shadow Ball|p1b: Corviknight\n|-damage|p1b: Corviknight|56/100\n|move|p2b: Arcanine|Rock Slide|p1a: Tyranitar|[spread] p1b\n|-miss|p2b: Arcanine|p1a: Tyranitar\n|-damage|p1b: Corviknight|48/100\n|cant|p1a: Tyranitar|frz\n|cant|p1b: Corviknight|flinch\n|\n|-weather|Sandstorm|[upkeep]\n|-damage|p2a: Froslass|76/100|[from] Sandstorm\n|-heal|p1b: Corviknight|54/100|[from] item: Leftovers\n|upkeep\n|turn|9\n|\n|t:|1776068158\n|move|p2a: Froslass|Shadow Ball|p1b: Corviknight\n|-damage|p1b: Corviknight|19/100\n|-ability|p1b: Corviknight|Mirror Armor\n|-unboost|p2a: Froslass|spd|1\n|move|p2b: Arcanine|Flare Blitz|p1b: Corviknight\n|-supereffective|p1b: Corviknight|1\n|-damage|p1b: Corviknight|0 fnt\n|faint|p1b: Corviknight\n|-damage|p2b: Arcanine|94/100|[from] Recoil\n|-curestatus|p1a: Tyranitar|frz|[msg]\n|move|p1a: Tyranitar|Rock Slide|p2b: Arcanine|[spread] p2b\n|-miss|p1a: Tyranitar|p2a: Froslass\n|-supereffective|p2b: Arcanine|1\n|-damage|p2b: Arcanine|37/100\n|\n|-weather|Sandstorm|[upkeep]\n|-damage|p2a: Froslass|70/100|[from] Sandstorm\n|upkeep\n|c|\u2606ester98|sob\n|\n|t:|1776068171\n|switch|p1b: Sinistcha|Sinistcha, L50|94/100\n|-heal|p1a: Tyranitar|48/100|[from] ability: Hospitality|[of] p1b: Sinistcha\n|turn|10\n|\n|t:|1776068175\n|move|p1a: Tyranitar|Protect|p1a: Tyranitar\n|-singleturn|p1a: Tyranitar|Protect\n|move|p2a: Froslass|Blizzard|p1a: Tyranitar|[spread] p1b\n|-activate|p1a: Tyranitar|move: Protect\n|-supereffective|p1b: Sinistcha|1\n|-damage|p1b: Sinistcha|7/100\n|move|p2b: Arcanine|Rock Slide|p1a: Tyranitar|[spread] \n|-activate|p1a: Tyranitar|move: Protect\n|-miss|p2b: Arcanine|p1b: Sinistcha\n|move|p1b: Sinistcha|Trick Room|p1b: Sinistcha\n|-fieldstart|move: Trick Room|[of] p1b: Sinistcha\n|\n|-weather|none\n|upkeep\n|turn|11\n|\n|t:|1776068180\n|move|p1b: Sinistcha|Matcha Gotcha|p2a: Froslass|[spread] p2a,p2b\n|-damage|p2a: Froslass|27/100\n|-heal|p1b: Sinistcha|25/100|[from] drain|[of] p2a: Froslass\n|-damage|p2b: Arcanine|7/100\n|-heal|p1b: Sinistcha|39/100|[from] drain|[of] p2b: Arcanine\n|move|p1a: Tyranitar|Rock Slide|p2a: Froslass|[spread] p2a,p2b\n|-supereffective|p2a: Froslass|1\n|-supereffective|p2b: Arcanine|1\n|-damage|p2a: Froslass|0 fnt\n|-damage|p2b: Arcanine|0 fnt\n|faint|p2a: Froslass\n|faint|p2b: Arcanine\n|\n|win|ester98\n|raw|ester98's rating: 1224 &rarr; <strong>1254</strong><br />(+30 for winning)\n|raw|King_Jamy's rating: 1296 &rarr; <strong>1266</strong><br />(-30 for losing)\n|l|\u2606King_Jamy\n|player|p2|\n",
  "uploadtime": 1776068190,
  "views": 19,
  "formatid": "gen9championsvgc2026regma",
  "rating": 1254,
  "private": 0,
  "password": null
}