{
  "id": "gen9championsvgc2026regma-2588508222",
  "format": "[Gen 9 Champions] VGC 2026 Reg M-A",
  "players": [
    "Nightfront",
    "CJG727_"
  ],
  "log": "|j|\u2606Nightfront\n|j|\u2606CJG727_\n|html|<table width=\"100%\"><tr><td align=\"left\">Nightfront</td><td align=\"right\">CJG727_</tr><tr><td align=\"left\"><i class=\"fa fa-circle-o\"></i> <i class=\"fa fa-circle-o\"></i> </td><td align=\"right\"><i class=\"fa fa-circle-o\"></i> <i class=\"fa fa-circle-o\"></i> </tr></table>\n|uhtml|bestof|<h2><strong>Game 1</strong> of <a href=\"/game-bestof3-gen9championsvgc2026regma-2588508221\">a best-of-3</a></h2>\n|t:|1776639944\n|gametype|doubles\n|player|p1|Nightfront|winona-gen6|\n|player|p2|CJG727_|acetrainerf-gen4|\n|gen|9\n|tier|[Gen 9 Champions] VGC 2026 Reg M-A\n|rule|Species Clause: Limit one of each Pok\u00e9mon\n|rule|Item Clause: Limit 1 of each item\n|raw|<div class=\"infobox\"><details class=\"readmore\" open><summary><strong>1 custom rule:</strong></summary> Best of = 3</details></div>\n|clearpoke\n|poke|p1|Sneasler, L50, M|\n|poke|p1|Meowstic, L50, M|\n|poke|p1|Rotom-Fan, L50|\n|poke|p1|Goodra-Hisui, L50, M|\n|poke|p1|Venusaur, L50, M|\n|poke|p1|Mamoswine, L50, M|\n|poke|p2|Archaludon, L50, M|\n|poke|p2|Pelipper, L50, M|\n|poke|p2|Basculegion, L50, M|\n|poke|p2|Kangaskhan, L50, F|\n|poke|p2|Gallade, L50, M|\n|poke|p2|Orthworm, L50, F|\n|teampreview|4\nCJG727_ rejected open team sheets.\n|c|\u2606CJG727_|Glhf\n|\n|t:|1776639978\n|teamsize|p1|4\n|teamsize|p2|4\n|start\n|switch|p1a: Sneasler|Sneasler, L50, M|100/100\n|switch|p1b: Meowstic|Meowstic, L50, M|100/100\n|switch|p2a: Pelipper|Pelipper, L50, M|100/100\n|switch|p2b: Orthworm|Orthworm, L50, F|100/100\n|-weather|RainDance|[from] ability: Drizzle|[of] p2a: Pelipper\n|turn|1\n|\n|t:|1776639994\n|move|p1a: Sneasler|Fake Out|p2a: Pelipper\n|-damage|p2a: Pelipper|82/100\n|move|p1b: Meowstic|Charm|p2b: Orthworm\n|-unboost|p2b: Orthworm|atk|2\n|cant|p2a: Pelipper|flinch\n|move|p2b: Orthworm|Shed Tail|p2b: Orthworm\n|-start|p2b: Orthworm|Substitute|[from] move: Shed Tail\n|-damage|p2b: Orthworm|50/100\n|-enditem|p2b: Orthworm|Sitrus Berry|[eat]\n|-heal|p2b: Orthworm|75/100|[from] item: Sitrus Berry\n|\n|t:|1776640002\n|switch|p2b: Archaludon|Archaludon, L50, M|100/100|[from] Shed Tail\n|\n|-weather|RainDance|[upkeep]\n|upkeep\n|turn|2\n|\n|t:|1776640018\n|move|p1b: Meowstic|Light Screen|p1b: Meowstic\n|-sidestart|p1: Nightfront|move: Light Screen\n|move|p1a: Sneasler|Close Combat|p2b: Archaludon\n|-supereffective|p2b: Archaludon|1\n|-end|p2b: Archaludon|Substitute\n|-unboost|p1a: Sneasler|def|1\n|-unboost|p1a: Sneasler|spd|1\n|-enditem|p1a: Sneasler|White Herb\n|-clearnegativeboost|p1a: Sneasler|[silent]\n|move|p2b: Archaludon|Electro Shot||[still]\n|-prepare|p2b: Archaludon|Electro Shot\n|-boost|p2b: Archaludon|spa|1\n|-anim|p2b: Archaludon|Electro Shot|p1b: Meowstic\n|-damage|p1b: Meowstic|66/100\n|move|p2a: Pelipper|Hurricane|p1a: Sneasler\n|-supereffective|p1a: Sneasler|1\n|-damage|p1a: Sneasler|23/100\n|-start|p1a: Sneasler|confusion\n|\n|-weather|RainDance|[upkeep]\n|upkeep\n|turn|3\n|\n|t:|1776640039\n|move|p2b: Archaludon|Protect|p2b: Archaludon\n|-singleturn|p2b: Archaludon|Protect\n|-activate|p1a: Sneasler|confusion\n|move|p1a: Sneasler|Close Combat|p2b: Archaludon\n|-activate|p2b: Archaludon|move: Protect\n|move|p2a: Pelipper|Tailwind|p2a: Pelipper\n|-sidestart|p2: CJG727_|move: Tailwind\n|move|p1b: Meowstic|Psychic|p2a: Pelipper\n|-damage|p2a: Pelipper|33/100\n|\n|-weather|RainDance|[upkeep]\n|upkeep\n|turn|4\n|\n|t:|1776640061\n|-end|p1a: Sneasler|confusion\n|move|p1a: Sneasler|Close Combat|p2b: Archaludon\n|-supereffective|p2b: Archaludon|1\n|-enditem|p2b: Archaludon|Chople Berry|[eat]\n|-enditem|p2b: Archaludon|Chople Berry|[weaken]\n|-damage|p2b: Archaludon|56/100\n|-unboost|p1a: Sneasler|def|1\n|-unboost|p1a: Sneasler|spd|1\n|move|p2b: Archaludon|Electro Shot||[still]\n|-prepare|p2b: Archaludon|Electro Shot\n|-boost|p2b: Archaludon|spa|1\n|-anim|p2b: Archaludon|Electro Shot|p1a: Sneasler\n|-damage|p1a: Sneasler|0 fnt\n|faint|p1a: Sneasler\n|move|p2a: Pelipper|Hurricane|p1b: Meowstic\n|-damage|p1b: Meowstic|35/100\n|-start|p1b: Meowstic|confusion\n|-activate|p1b: Meowstic|confusion\n|-damage|p1b: Meowstic|30/100|[from] confusion\n|\n|-weather|RainDance|[upkeep]\n|upkeep\n|\n|t:|1776640072\n|switch|p1a: Goodra|Goodra-Hisui, L50, M|100/100\n|turn|5\n|c|\u2606Nightfront|I swear Hurricane confusion rates got buffed somehow\n|\n|t:|1776640094\n|switch|p2a: Orthworm|Orthworm, L50, F|75/100\n|move|p2b: Archaludon|Electro Shot||[still]\n|-prepare|p2b: Archaludon|Electro Shot\n|-boost|p2b: Archaludon|spa|1\n|-anim|p2b: Archaludon|Electro Shot|p1b: Meowstic\n|-damage|p1b: Meowstic|0 fnt\n|faint|p1b: Meowstic\n|move|p1a: Goodra|Shelter|p1a: Goodra\n|-boost|p1a: Goodra|def|2\n|\n|-weather|none\n|upkeep\n|\n|t:|1776640101\n|switch|p1b: Rotom|Rotom-Fan, L50|100/100\n|turn|6\n|\n|t:|1776640123\n|move|p2b: Archaludon|Draco Meteor|p1a: Goodra|[miss]\n|-miss|p2b: Archaludon|p1a: Goodra\n|move|p1b: Rotom|Thunderbolt|p2a: Orthworm\n|-damage|p2a: Orthworm|11/100\n|move|p2a: Orthworm|Body Press|p1a: Goodra\n|-supereffective|p1a: Goodra|1\n|-damage|p1a: Goodra|74/100\n|-ability|p1a: Goodra|Gooey\n|-unboost|p2a: Orthworm|spe|1\n|move|p1a: Goodra|Body Press|p2b: Archaludon\n|-supereffective|p2b: Archaludon|1\n|-damage|p2b: Archaludon|0 fnt\n|faint|p2b: Archaludon\n|\n|-heal|p1a: Goodra|80/100|[from] item: Leftovers\n|-sideend|p1: Nightfront|move: Light Screen\n|-sideend|p2: CJG727_|move: Tailwind\n|upkeep\n|\n|t:|1776640137\n|switch|p2b: Gallade|Gallade, L50, M|100/100\n|turn|7\n|\n|t:|1776640147\n|move|p1a: Goodra|Protect|p1a: Goodra\n|-singleturn|p1a: Goodra|Protect\n|move|p2b: Gallade|Rock Slide|p1a: Goodra|[spread] p1b\n|-activate|p1a: Goodra|move: Protect\n|-supereffective|p1b: Rotom|1\n|-damage|p1b: Rotom|58/100\n|cant|p1b: Rotom|flinch\n|move|p2a: Orthworm|Heavy Slam|p1b: Rotom\n|-resisted|p1b: Rotom|1\n|-damage|p1b: Rotom|35/100\n|\n|-heal|p1a: Goodra|86/100|[from] item: Leftovers\n|upkeep\n|turn|8\n|\n|t:|1776640165\n|move|p2b: Gallade|Rock Slide|p1a: Goodra|[spread] p1a,p1b\n|-resisted|p1a: Goodra|1\n|-supereffective|p1b: Rotom|1\n|-damage|p1a: Goodra|82/100\n|-damage|p1b: Rotom|0 fnt\n|faint|p1b: Rotom\n|move|p1a: Goodra|Body Press|p2b: Gallade\n|-resisted|p2b: Gallade|1\n|-damage|p2b: Gallade|62/100\n|move|p2a: Orthworm|Body Press|p1a: Goodra\n|-supereffective|p1a: Goodra|1\n|-damage|p1a: Goodra|57/100\n|-ability|p1a: Goodra|Gooey\n|-unboost|p2a: Orthworm|spe|1\n|\n|-heal|p1a: Goodra|63/100|[from] item: Leftovers\n|upkeep\n|turn|9\n|\n|t:|1776640187\n|switch|p2b: Pelipper|Pelipper, L50, M|33/100\n|-weather|RainDance|[from] ability: Drizzle|[of] p2b: Pelipper\n|move|p1a: Goodra|Body Press|p2a: Orthworm\n|-supereffective|p2a: Orthworm|1\n|-damage|p2a: Orthworm|0 fnt\n|faint|p2a: Orthworm\n|\n|-weather|RainDance|[upkeep]\n|-heal|p1a: Goodra|68/100|[from] item: Leftovers\n|upkeep\n|\n|t:|1776640194\n|switch|p2a: Gallade|Gallade, L50, M|62/100\n|turn|10\n|c|\u2606Nightfront|I love losing to hurricane confusions and rock slide flinches\n|\n|t:|1776640204\n|move|p2a: Gallade|Psycho Cut|p1a: Goodra\n|-resisted|p1a: Goodra|1\n|-damage|p1a: Goodra|58/100\n|move|p2b: Pelipper|Hurricane|p1a: Goodra\n|-resisted|p1a: Goodra|1\n|-damage|p1a: Goodra|43/100\n|move|p1a: Goodra|Draco Meteor|p2a: Gallade\n|-damage|p2a: Gallade|7/100\n|-unboost|p1a: Goodra|spa|2\n|\n|-weather|RainDance|[upkeep]\n|-heal|p1a: Goodra|49/100|[from] item: Leftovers\n|upkeep\n|turn|11\n|\n|t:|1776640217\n|move|p1a: Goodra|Protect|p1a: Goodra\n|-singleturn|p1a: Goodra|Protect\n|move|p2a: Gallade|Psycho Cut|p1a: Goodra\n|-activate|p1a: Goodra|move: Protect\n|move|p2b: Pelipper|Hurricane|p1a: Goodra\n|-activate|p1a: Goodra|move: Protect\n|\n|-weather|RainDance|[upkeep]\n|-heal|p1a: Goodra|55/100|[from] item: Leftovers\n|upkeep\n|turn|12\n|\n|t:|1776640229\n|move|p2a: Gallade|Psycho Cut|p1a: Goodra\n|-resisted|p1a: Goodra|1\n|-damage|p1a: Goodra|45/100\n|move|p2b: Pelipper|Hurricane|p1a: Goodra\n|-resisted|p1a: Goodra|1\n|-damage|p1a: Goodra|29/100\n|move|p1a: Goodra|Draco Meteor|p2b: Pelipper\n|-damage|p2b: Pelipper|0 fnt\n|-unboost|p1a: Goodra|spa|2\n|faint|p2b: Pelipper\n|\n|-weather|RainDance|[upkeep]\n|-heal|p1a: Goodra|35/100|[from] item: Leftovers\n|upkeep\n|turn|13\n|\n|t:|1776640239\n|move|p1a: Goodra|Protect|p1a: Goodra\n|-singleturn|p1a: Goodra|Protect\n|move|p2a: Gallade|Psycho Cut|p1a: Goodra\n|-activate|p1a: Goodra|move: Protect\n|\n|-weather|none\n|-heal|p1a: Goodra|41/100|[from] item: Leftovers\n|upkeep\n|turn|14\n|\n|t:|1776640241\n|move|p2a: Gallade|Psycho Cut|p1a: Goodra\n|-resisted|p1a: Goodra|1\n|-damage|p1a: Goodra|32/100\n|move|p1a: Goodra|Body Press|p2a: Gallade\n|-resisted|p2a: Gallade|1\n|-damage|p2a: Gallade|0 fnt\n|faint|p2a: Gallade\n|\n|win|Nightfront\n||Nightfront is ready for game 2.\n||CJG727_ is ready for game 2.\n|uhtml|next|Next: <a href=\"/battle-gen9championsvgc2026regma-2588511302\"><strong>Game 2 of 3</strong></a>\n",
  "uploadtime": 1776640916,
  "views": 7,
  "formatid": "gen9championsvgc2026regma",
  "rating": null,
  "private": 0,
  "password": null
}