{
  "id": "gen9championsvgc2026regma-2584021661",
  "format": "[Gen 9 Champions] VGC 2026 Reg M-A",
  "players": [
    "Venomzito",
    "Lioxim"
  ],
  "log": "|j|\u2606Venomzito\n|j|\u2606Lioxim\n|t:|1776217535\n|gametype|doubles\n|player|p1|Venomzito|benga|1163\n|player|p2|Lioxim|2|1265\n|gen|9\n|tier|[Gen 9 Champions] VGC 2026 Reg M-A\n|rated|\n|rule|Species Clause: Limit one of each Pok\u00e9mon\n|rule|Item Clause: Limit 1 of each item\n|clearpoke\n|poke|p1|Floette-Eternal, L50, F|\n|poke|p1|Incineroar, L50, M|\n|poke|p1|Sinistcha, L50|\n|poke|p1|Garchomp, L50, M|\n|poke|p1|Aerodactyl, L50, F|\n|poke|p1|Primarina, L50, M|\n|poke|p2|Tyranitar, L50, F|\n|poke|p2|Rotom-Wash, L50|\n|poke|p2|Garchomp, L50, M|\n|poke|p2|Corviknight, L50, F|\n|poke|p2|Sinistcha, L50|\n|poke|p2|Sneasler, L50, M|\n|teampreview|4\n|inactive|Battle timer is ON: inactive players will automatically lose when time's up. (requested by Venomzito)\n|\n|t:|1776217591\n|teamsize|p1|4\n|teamsize|p2|4\n|start\n|switch|p1a: Primarina|Primarina, L50, M, shiny|100/100\n|switch|p1b: Aerodactyl|Aerodactyl, L50, F, shiny|100/100\n|switch|p2a: Sneasler|Sneasler, L50, M|100/100\n|switch|p2b: Rotom|Rotom-Wash, L50|100/100\n|-ability|p1b: Aerodactyl|Unnerve\n|turn|1\n|\n|t:|1776217602\n|move|p1b: Aerodactyl|Dual Wingbeat|p2a: Sneasler\n|-supereffective|p2a: Sneasler|1\n|-damage|p2a: Sneasler|62/100\n|-supereffective|p2a: Sneasler|1\n|-damage|p2a: Sneasler|22/100\n|-hitcount|p2a: Sneasler|2\n|move|p2a: Sneasler|Dire Claw|p1a: Primarina\n|-supereffective|p1a: Primarina|1\n|-damage|p1a: Primarina|22/100\n|move|p2b: Rotom|Volt Switch|p1b: Aerodactyl\n|-supereffective|p1b: Aerodactyl|1\n|-damage|p1b: Aerodactyl|17/100\n|\n|t:|1776217611\n|switch|p2b: Sinistcha|Sinistcha, L50|100/100|[from] Volt Switch\n|-heal|p2a: Sneasler|47/100|[from] ability: Hospitality|[of] p2b: Sinistcha\n|move|p1a: Primarina|Moonblast|p2a: Sneasler\n|-damage|p2a: Sneasler|0 fnt\n|faint|p2a: Sneasler\n|\n|upkeep\n|\n|t:|1776217619\n|switch|p2a: Rotom|Rotom-Wash, L50|100/100\n|turn|2\n|\n|t:|1776217638\n|switch|p1a: Incineroar|Incineroar, L50, M, shiny|100/100\n|-ability|p1a: Incineroar|Intimidate|boost\n|-unboost|p2a: Rotom|atk|1\n|-unboost|p2b: Sinistcha|atk|1\n|switch|p2b: Corviknight|Corviknight, L50, F|100/100\n|move|p1b: Aerodactyl|Tailwind|p1b: Aerodactyl\n|-sidestart|p1: Venomzito|move: Tailwind\n|move|p2a: Rotom|Electroweb|p1b: Aerodactyl|[spread] p1a,p1b\n|-supereffective|p1b: Aerodactyl|1\n|-damage|p1a: Incineroar|86/100\n|-damage|p1b: Aerodactyl|0 fnt\n|-unboost|p1a: Incineroar|spe|1\n|faint|p1b: Aerodactyl\n|\n|upkeep\n|\n|t:|1776217643\n|switch|p1b: Primarina|Primarina, L50, M, shiny|22/100\n|turn|3\n|\n|t:|1776217651\n|move|p1b: Primarina|Moonblast|p2a: Rotom\n|-damage|p2a: Rotom|48/100\n|move|p2a: Rotom|Electroweb|p1a: Incineroar|[spread] p1a,p1b\n|-supereffective|p1b: Primarina|1\n|-damage|p1a: Incineroar|71/100\n|-damage|p1b: Primarina|0 fnt\n|-unboost|p1a: Incineroar|spe|1\n|faint|p1b: Primarina\n|move|p2b: Corviknight|Tailwind|p2b: Corviknight\n|-sidestart|p2: Lioxim|move: Tailwind\n|move|p1a: Incineroar|Flare Blitz|p2a: Rotom\n|-resisted|p2a: Rotom|1\n|-damage|p2a: Rotom|22/100\n|-damage|p1a: Incineroar|64/100|[from] Recoil\n|\n|-heal|p2a: Rotom|27/100|[from] item: Leftovers\n|upkeep\n|\n|t:|1776217655\n|switch|p1b: Floette|Floette-Eternal, L50, F|100/100\n|turn|4\n|\n|t:|1776217664\n|detailschange|p1b: Floette|Floette-Mega, L50, F\n|-mega|p1b: Floette|Floette|Floettite\n|-ability|p1b: Floette|Fairy Aura\n|move|p1b: Floette|Dazzling Gleam|p2a: Rotom|[spread] p2a,p2b\n|-resisted|p2b: Corviknight|1\n|-damage|p2a: Rotom|0 fnt\n|-damage|p2b: Corviknight|77/100\n|faint|p2a: Rotom\n|move|p2b: Corviknight|Iron Head|p1b: Floette\n|-supereffective|p1b: Floette|1\n|-damage|p1b: Floette|17/100\n|move|p1a: Incineroar|Flare Blitz|p2b: Corviknight\n|-supereffective|p2b: Corviknight|1\n|-enditem|p2b: Corviknight|Occa Berry|[eat]\n|-enditem|p2b: Corviknight|Occa Berry|[weaken]\n|-damage|p2b: Corviknight|37/100\n|-damage|p1a: Incineroar|51/100|[from] Recoil\n|\n|upkeep\n|\n|t:|1776217669\n|switch|p2a: Sinistcha|Sinistcha, L50|100/100\n|-heal|p2b: Corviknight|62/100|[from] ability: Hospitality|[of] p2a: Sinistcha\n|turn|5\n|\n|t:|1776217691\n|move|p1b: Floette|Protect|p1b: Floette\n|-singleturn|p1b: Floette|Protect\n|move|p2a: Sinistcha|Rage Powder|p2a: Sinistcha\n|-singleturn|p2a: Sinistcha|move: Rage Powder\n|move|p2b: Corviknight|Iron Head|p1b: Floette\n|-activate|p1b: Floette|move: Protect\n|move|p1a: Incineroar|Flare Blitz|p2a: Sinistcha\n|-supereffective|p2a: Sinistcha|1\n|-damage|p2a: Sinistcha|16/100\n|-enditem|p2a: Sinistcha|Sitrus Berry|[eat]\n|-heal|p2a: Sinistcha|41/100|[from] item: Sitrus Berry\n|-damage|p1a: Incineroar|25/100|[from] Recoil\n|-enditem|p1a: Incineroar|Sitrus Berry|[eat]\n|-heal|p1a: Incineroar|50/100|[from] item: Sitrus Berry\n|\n|-sideend|p1: Venomzito|move: Tailwind\n|upkeep\n|turn|6\n|\n|t:|1776217706\n|move|p1b: Floette|Protect||[still]\n|-fail|p1b: Floette\n|move|p2b: Corviknight|Roost|p2b: Corviknight\n|-heal|p2b: Corviknight|100/100\n|-singleturn|p2b: Corviknight|move: Roost\n|move|p2a: Sinistcha|Matcha Gotcha|p1b: Floette|[spread] p1a,p1b\n|-resisted|p1a: Incineroar|1\n|-damage|p1a: Incineroar|41/100\n|-heal|p2a: Sinistcha|47/100|[from] drain|[of] p1a: Incineroar\n|-damage|p1b: Floette|0 fnt\n|-heal|p2a: Sinistcha|54/100|[from] drain|[of] p1b: Floette\n|faint|p1b: Floette\n|move|p1a: Incineroar|Flare Blitz|p2a: Sinistcha\n|-supereffective|p2a: Sinistcha|1\n|-damage|p2a: Sinistcha|0 fnt\n|faint|p2a: Sinistcha\n|-damage|p1a: Incineroar|24/100|[from] Recoil\n|\n|-sideend|p2: Lioxim|move: Tailwind\n|upkeep\n|turn|7\n|inactive|Venomzito has 30 seconds left.\n|\n|t:|1776217731\n|move|p2b: Corviknight|Brave Bird|p1a: Incineroar\n|-damage|p1a: Incineroar|0 fnt\n|faint|p1a: Incineroar\n|-damage|p2b: Corviknight|92/100|[from] Recoil\n|\n|win|Lioxim\n|raw|Venomzito's rating: 1163 &rarr; <strong>1145</strong><br />(-18 for losing)\n|raw|Lioxim's rating: 1265 &rarr; <strong>1283</strong><br />(+18 for winning)\n",
  "uploadtime": 1776217734,
  "views": 16,
  "formatid": "gen9championsvgc2026regma",
  "rating": 1145,
  "private": 0,
  "password": null
}