{
  "id": "gen9championsvgc2026regma-2582084888",
  "format": "[Gen 9 Champions] VGC 2026 Reg M-A",
  "players": [
    "colnril",
    "It'sJustKen VGC"
  ],
  "log": "|j|\u2606colnril\n|j|\u2606It'sJustKen VGC\n|t:|1776055944\n|gametype|doubles\n|player|p1|colnril|170|1099\n|player|p2|It'sJustKen VGC|265|1168\n|gen|9\n|tier|[Gen 9 Champions] VGC 2026 Reg M-A\n|rated|\n|rule|Species Clause: Limit one of each Pok\u00e9mon\n|rule|Item Clause: Limit 1 of each item\n|clearpoke\n|poke|p1|Pelipper, L50, F|\n|poke|p1|Archaludon, L50, M|\n|poke|p1|Maushold-Four, L50|\n|poke|p1|Dragonite, L50, F|\n|poke|p1|Incineroar, L50, M|\n|poke|p1|Tauros-Paldea-Aqua, L50, M|\n|poke|p2|Kingambit, L50, M|\n|poke|p2|Clefable, L50, M|\n|poke|p2|Chimecho, L50, F|\n|poke|p2|Golurk, L50|\n|poke|p2|Torkoal, L50, M|\n|poke|p2|Hawlucha, L50, F|\n|teampreview|4\n|inactive|Battle timer is ON: inactive players will automatically lose when time's up. (requested by It'sJustKen VGC)\n|\n|t:|1776055961\n|teamsize|p1|4\n|teamsize|p2|4\n|start\n|switch|p1a: Archaludon|Archaludon, L50, M|100/100\n|switch|p1b: Maushold|Maushold-Four, L50|100/100\n|switch|p2a: Kingambit|Kingambit, L50, M|100/100\n|switch|p2b: Hawlucha|Hawlucha, L50, F|100/100\n|-ability|p2b: Hawlucha|Mold Breaker\n|turn|1\n|inactive|It'sJustKen VGC has 30 seconds left.\n|\n|t:|1776055994\n|detailschange|p2b: Hawlucha|Hawlucha-Mega, L50, F\n|-mega|p2b: Hawlucha|Hawlucha|Hawluchanite\n|move|p2b: Hawlucha|Entrainment|p2a: Kingambit\n|-ability|p2a: Kingambit|No Guard|Defiant|[from] move: Entrainment|[of] p2b: Hawlucha\n|move|p1b: Maushold|Beat Up|p1a: Archaludon\n|-damage|p1a: Archaludon|99/100\n|-ability|p1a: Archaludon|Stamina|boost\n|-boost|p1a: Archaludon|def|1\n|-damage|p1a: Archaludon|97/100\n|-ability|p1a: Archaludon|Stamina|boost\n|-boost|p1a: Archaludon|def|1\n|-damage|p1a: Archaludon|97/100\n|-ability|p1a: Archaludon|Stamina|boost\n|-boost|p1a: Archaludon|def|1\n|-damage|p1a: Archaludon|96/100\n|-ability|p1a: Archaludon|Stamina|boost\n|-boost|p1a: Archaludon|def|1\n|-hitcount|p1a: Archaludon|4\n|move|p1a: Archaludon|Aura Sphere|p2a: Kingambit\n|-supereffective|p2a: Kingambit|2\n|-damage|p2a: Kingambit|28/100\n|-enditem|p2a: Kingambit|Sitrus Berry|[eat]\n|-heal|p2a: Kingambit|53/100|[from] item: Sitrus Berry\n|move|p2a: Kingambit|Guillotine|p1a: Archaludon\n|-damage|p1a: Archaludon|0 fnt\n|faint|p1a: Archaludon\n|-ohko\n|\n|upkeep\n|inactive|colnril has 30 seconds left.\n|\n|t:|1776056023\n|switch|p1a: Tauros|Tauros-Paldea-Aqua, L50, M|100/100\n|-ability|p1a: Tauros|Intimidate|boost\n|-unboost|p2a: Kingambit|atk|1\n|-unboost|p2b: Hawlucha|atk|1\n|turn|2\n|\n|t:|1776056043\n|move|p2a: Kingambit|Protect|p2a: Kingambit\n|-singleturn|p2a: Kingambit|Protect\n|move|p1b: Maushold|Follow Me|p1b: Maushold\n|-singleturn|p1b: Maushold|move: Follow Me\n|move|p2b: Hawlucha|Close Combat|p1b: Maushold\n|-supereffective|p1b: Maushold|1\n|-enditem|p1b: Maushold|Chople Berry|[eat]\n|-enditem|p1b: Maushold|Chople Berry|[weaken]\n|-damage|p1b: Maushold|39/100\n|-unboost|p2b: Hawlucha|def|1\n|-unboost|p2b: Hawlucha|spd|1\n|move|p1a: Tauros|Close Combat|p2a: Kingambit\n|-activate|p2a: Kingambit|move: Protect\n|\n|upkeep\n|turn|3\n|\n|t:|1776056062\n|switch|p2a: Clefable|Clefable, L50, M|100/100\n|move|p2b: Hawlucha|Close Combat|p1b: Maushold\n|-supereffective|p1b: Maushold|1\n|-damage|p1b: Maushold|0 fnt\n|-unboost|p2b: Hawlucha|def|1\n|-unboost|p2b: Hawlucha|spd|1\n|faint|p1b: Maushold\n|move|p1a: Tauros|Close Combat|p2a: Clefable\n|-resisted|p2a: Clefable|1\n|-damage|p2a: Clefable|75/100\n|-unboost|p1a: Tauros|def|1\n|-unboost|p1a: Tauros|spd|1\n|\n|-heal|p2a: Clefable|81/100|[from] item: Leftovers\n|upkeep\n|\n|t:|1776056077\n|switch|p1b: Pelipper|Pelipper, L50, F|100/100\n|-weather|RainDance|[from] ability: Drizzle|[of] p1b: Pelipper\n|turn|4\n|inactive|It'sJustKen VGC has 30 seconds left.\n|inactive|It'sJustKen VGC has 20 seconds left.\n|\n|t:|1776056113\n|move|p2b: Hawlucha|Brave Bird|p1a: Tauros\n|-supereffective|p1a: Tauros|1\n|-damage|p1a: Tauros|0 fnt\n|faint|p1a: Tauros\n|-damage|p2b: Hawlucha|68/100|[from] Recoil\n|move|p1b: Pelipper|Tailwind|p1b: Pelipper\n|-sidestart|p1: colnril|move: Tailwind\n|move|p2a: Clefable|Moonblast|p1b: Pelipper\n|-damage|p1b: Pelipper|44/100\n|\n|-weather|RainDance|[upkeep]\n|-heal|p2a: Clefable|87/100|[from] item: Leftovers\n|upkeep\n|turn|5\n|inactive|colnril has 30 seconds left.\n|-message|colnril forfeited.\n|\n|win|It'sJustKen VGC\n|raw|colnril's rating: 1099 &rarr; <strong>1079</strong><br />(-20 for losing)\n|raw|It&apos;sJustKen VGC's rating: 1168 &rarr; <strong>1188</strong><br />(+20 for winning)\n|l|\u2606colnril\n|player|p1|\n",
  "uploadtime": 1776056142,
  "views": 9,
  "formatid": "gen9championsvgc2026regma",
  "rating": 1079,
  "private": 0,
  "password": null
}