{
  "id": "gen9championsvgc2026regma-2585997969",
  "format": "[Gen 9 Champions] VGC 2026 Reg M-A",
  "players": [
    "Phillip Blevin",
    "megasa dtret"
  ],
  "log": "|j|\u2606Phillip Blevin\n|j|\u2606megasa dtret\n|t:|1776388811\n|gametype|doubles\n|player|p1|Phillip Blevin|cynthia-masters4|1197\n|player|p2|megasa dtret|266|1097\n|gen|9\n|tier|[Gen 9 Champions] VGC 2026 Reg M-A\n|rated|\n|rule|Species Clause: Limit one of each Pok\u00e9mon\n|rule|Item Clause: Limit 1 of each item\n|clearpoke\n|poke|p1|Froslass, L50, F|\n|poke|p1|Corviknight, L50, F|\n|poke|p1|Sneasler, L50, F|\n|poke|p1|Rotom-Mow, L50|\n|poke|p1|Incineroar, L50, M|\n|poke|p1|Gyarados, L50, F|\n|poke|p2|Venusaur, L50, F|\n|poke|p2|Tyranitar, L50, F|\n|poke|p2|Excadrill, L50, F|\n|poke|p2|Rotom-Wash, L50|\n|poke|p2|Corviknight, L50, M|\n|poke|p2|Incineroar, L50, M|\n|teampreview|4\n|inactive|Battle timer is ON: inactive players will automatically lose when time's up. (requested by Phillip Blevin)\nPhillip Blevin has agreed to open team sheets.\n|inactive|megasa dtret has 60 seconds left.\n|\n|t:|1776388845\n|teamsize|p1|4\n|teamsize|p2|4\n|start\n|switch|p1a: Sneasler|Sneasler, L50, F|100/100\n|switch|p1b: Froslass|Froslass, L50, F|100/100\n|switch|p2a: Venusaur|Venusaur, L50, F|100/100\n|switch|p2b: Rotom|Rotom-Wash, L50|100/100\n|-ability|p1a: Sneasler|Pressure\n|turn|1\n|\n|t:|1776388860\n|detailschange|p1b: Froslass|Froslass-Mega, L50, F\n|-mega|p1b: Froslass|Froslass|Froslassite\n|-weather|Snowscape|[from] ability: Snow Warning|[of] p1b: Froslass\n|detailschange|p2a: Venusaur|Venusaur-Mega, L50, F\n|-mega|p2a: Venusaur|Venusaur|Venusaurite\n|move|p2b: Rotom|Protect|p2b: Rotom\n|-singleturn|p2b: Rotom|Protect\n|move|p1a: Sneasler|Fake Out|p2b: Rotom\n|-activate|p2b: Rotom|move: Protect\n|move|p1b: Froslass|Blizzard|p2a: Venusaur|[spread] p2a\n|-activate|p2b: Rotom|move: Protect\n|-supereffective|p2a: Venusaur|1\n|-damage|p2a: Venusaur|64/100\n|-status|p2a: Venusaur|frz\n|cant|p2a: Venusaur|frz\n|\n|-weather|Snowscape|[upkeep]\n|upkeep\n|turn|2\n|inactive|megasa dtret has 30 seconds left.\n|\n|t:|1776388889\n|move|p1b: Froslass|Aurora Veil|p1b: Froslass\n|-sidestart|p1: Phillip Blevin|move: Aurora Veil\n|move|p1a: Sneasler|Close Combat|p2b: Rotom\n|-damage|p2b: Rotom|37/100\n|-unboost|p1a: Sneasler|def|1\n|-unboost|p1a: Sneasler|spd|1\n|-enditem|p2b: Rotom|Sitrus Berry|[eat]\n|-heal|p2b: Rotom|62/100|[from] item: Sitrus Berry\n|-enditem|p1a: Sneasler|White Herb\n|-clearnegativeboost|p1a: Sneasler|[silent]\n|move|p2b: Rotom|Volt Switch|p1a: Sneasler\n|-damage|p1a: Sneasler|68/100\n|\n|t:|1776388901\n|switch|p2b: Tyranitar|Tyranitar, L50, F|100/100|[from] Volt Switch\n|-weather|Sandstorm|[from] ability: Sand Stream|[of] p2b: Tyranitar\n|cant|p2a: Venusaur|frz\n|\n|-weather|Sandstorm|[upkeep]\n|-damage|p1b: Froslass|94/100|[from] Sandstorm\n|-damage|p1a: Sneasler|62/100|[from] Sandstorm\n|-damage|p2a: Venusaur|58/100 frz|[from] Sandstorm\n|upkeep\n|turn|3\n|\n|t:|1776388913\n|move|p2b: Tyranitar|Protect|p2b: Tyranitar\n|-singleturn|p2b: Tyranitar|Protect\n|move|p1b: Froslass|Blizzard|p2b: Tyranitar|[spread] \n|-activate|p2b: Tyranitar|move: Protect\n|-miss|p1b: Froslass|p2a: Venusaur\n|move|p1a: Sneasler|Dire Claw|p2a: Venusaur\n|-damage|p2a: Venusaur|26/100 frz\n|-curestatus|p2a: Venusaur|frz|[msg]\n|move|p2a: Venusaur|Earth Power|p1a: Sneasler\n|-supereffective|p1a: Sneasler|1\n|-damage|p1a: Sneasler|3/100\n|\n|-weather|Sandstorm|[upkeep]\n|-damage|p1b: Froslass|88/100|[from] Sandstorm\n|-damage|p1a: Sneasler|0 fnt|[from] Sandstorm\n|-damage|p2a: Venusaur|20/100|[from] Sandstorm\n|faint|p1a: Sneasler\n|upkeep\n|\n|t:|1776388918\n|switch|p1a: Corviknight|Corviknight, L50, F|100/100\n|-ability|p1a: Corviknight|Pressure\n|turn|4\n|\n|t:|1776388932\n|switch|p2a: Rotom|Rotom-Wash, L50|62/100\n|move|p1b: Froslass|Shadow Ball|p2a: Rotom\n|-damage|p2a: Rotom|20/100\n|move|p1a: Corviknight|Bulk Up|p1a: Corviknight\n|-boost|p1a: Corviknight|atk|1\n|-boost|p1a: Corviknight|def|1\n|move|p2b: Tyranitar|Knock Off|p1b: Froslass\n|-supereffective|p1b: Froslass|1\n|-damage|p1b: Froslass|7/100\n|\n|-weather|Sandstorm|[upkeep]\n|-damage|p1b: Froslass|0 fnt|[from] Sandstorm\n|-damage|p2a: Rotom|14/100|[from] Sandstorm\n|faint|p1b: Froslass\n|upkeep\n|\n|t:|1776388939\n|switch|p1b: Gyarados|Gyarados, L50, F|100/100\n|-ability|p1b: Gyarados|Intimidate|boost\n|-unboost|p2a: Rotom|atk|1\n|-unboost|p2b: Tyranitar|atk|1\n|turn|5\n|\n|t:|1776388958\n|move|p1b: Gyarados|Protect|p1b: Gyarados\n|-singleturn|p1b: Gyarados|Protect\n|move|p2b: Tyranitar|Protect|p2b: Tyranitar\n|-singleturn|p2b: Tyranitar|Protect\n|move|p2a: Rotom|Volt Switch|p1b: Gyarados\n|-activate|p1b: Gyarados|move: Protect\n|move|p1a: Corviknight|Body Press|p2a: Rotom\n|-damage|p2a: Rotom|0 fnt\n|faint|p2a: Rotom\n|\n|-weather|Sandstorm|[upkeep]\n|-damage|p1b: Gyarados|94/100|[from] Sandstorm\n|upkeep\n|\n|t:|1776388960\n|switch|p2a: Excadrill|Excadrill, L50, F|100/100\n|turn|6\n|\n|t:|1776388973\n|move|p2a: Excadrill|Rock Slide|p1b: Gyarados|[spread] p1a,p1b\n|-supereffective|p1b: Gyarados|1\n|-damage|p1a: Corviknight|95/100\n|-damage|p1b: Gyarados|64/100\n|move|p1b: Gyarados|Waterfall|p2a: Excadrill\n|-supereffective|p2a: Excadrill|1\n|-enditem|p2a: Excadrill|Focus Sash\n|-damage|p2a: Excadrill|1/100\n|move|p1a: Corviknight|Body Press|p2b: Tyranitar\n|-supereffective|p2b: Tyranitar|2\n|-damage|p2b: Tyranitar|0 fnt\n|faint|p2b: Tyranitar\n|\n|-weather|none\n|-heal|p1a: Corviknight|100/100|[from] item: Leftovers\n|-sideend|p1: Phillip Blevin|move: Aurora Veil\n|upkeep\n|\n|t:|1776388983\n|switch|p2b: Venusaur|Venusaur-Mega, L50, F|20/100\n|turn|7\n|\n|t:|1776388989\n|move|p2a: Excadrill|Rock Slide|p1a: Corviknight|[spread] p1a,p1b\n|-supereffective|p1b: Gyarados|1\n|-damage|p1a: Corviknight|92/100\n|-damage|p1b: Gyarados|17/100\n|-enditem|p1b: Gyarados|Sitrus Berry|[eat]\n|-heal|p1b: Gyarados|42/100|[from] item: Sitrus Berry\n|move|p1b: Gyarados|Waterfall|p2a: Excadrill\n|-supereffective|p2a: Excadrill|1\n|-damage|p2a: Excadrill|0 fnt\n|faint|p2a: Excadrill\n|move|p2b: Venusaur|Giga Drain|p1b: Gyarados\n|-damage|p1b: Gyarados|4/100\n|-heal|p2b: Venusaur|40/100|[from] drain|[of] p1b: Gyarados\n|move|p1a: Corviknight|Brave Bird|p2b: Venusaur\n|-supereffective|p2b: Venusaur|1\n|-damage|p2b: Venusaur|0 fnt\n|faint|p2b: Venusaur\n|-damage|p1a: Corviknight|80/100|[from] Recoil\n|\n|win|Phillip Blevin\n|raw|Phillip Blevin's rating: 1197 &rarr; <strong>1215</strong><br />(+18 for winning)\n|raw|megasa dtret's rating: 1097 &rarr; <strong>1079</strong><br />(-18 for losing)\n",
  "uploadtime": 1776388989,
  "views": 19,
  "formatid": "gen9championsvgc2026regma",
  "rating": 1079,
  "private": 0,
  "password": null
}