{
  "id": "gen9championsvgc2026regma-2586652471",
  "format": "[Gen 9 Champions] VGC 2026 Reg M-A",
  "players": [
    "WTS Javii",
    "BroDontFuckWithMe"
  ],
  "log": "|j|\u2606WTS Javii\n|j|\u2606BroDontFuckWithMe\n|t:|1776449576\n|gametype|doubles\n|player|p1|WTS Javii|cynthia|1167\n|player|p2|BroDontFuckWithMe|170|1250\n|gen|9\n|tier|[Gen 9 Champions] VGC 2026 Reg M-A\n|rated|\n|rule|Species Clause: Limit one of each Pok\u00e9mon\n|rule|Item Clause: Limit 1 of each item\n|clearpoke\n|poke|p1|Charizard, L50, F|\n|poke|p1|Incineroar, L50, F|\n|poke|p1|Milotic, L50, F|\n|poke|p1|Tyranitar, L50, F|\n|poke|p1|Sneasler, L50, M|\n|poke|p1|Sinistcha, L50|\n|poke|p2|Starmie, L50|\n|poke|p2|Rotom-Heat, L50|\n|poke|p2|Excadrill, L50, M|\n|poke|p2|Sinistcha, L50|\n|poke|p2|Tyranitar, L50, F|\n|poke|p2|Gardevoir, L50, M|\n|teampreview|4\n|inactive|Battle timer is ON: inactive players will automatically lose when time's up. (requested by WTS Javii)\n|inactive|BroDontFuckWithMe has 60 seconds left.\n|\n|t:|1776449643\n|teamsize|p1|4\n|teamsize|p2|4\n|start\n|switch|p1a: Incineroar|Incineroar, L50, F|100/100\n|switch|p1b: Charizard|Charizard, L50, F|100/100\n|switch|p2a: Gardevoir|Gardevoir, L50, M|100/100\n|switch|p2b: Starmie|Starmie, L50|100/100\n|-ability|p1a: Incineroar|Intimidate|boost\n|-unboost|p2a: Gardevoir|atk|1\n|-unboost|p2b: Starmie|atk|1\n|turn|1\n|inactive|WTS Javii has 30 seconds left.\n|inactive|WTS Javii has 20 seconds left.\n|\n|t:|1776449684\n|detailschange|p1b: Charizard|Charizard-Mega-X, L50, F\n|-mega|p1b: Charizard|Charizard|Charizardite X\n|move|p2b: Starmie|Protect|p2b: Starmie\n|-singleturn|p2b: Starmie|Protect\n|move|p1a: Incineroar|Fake Out|p2a: Gardevoir\n|-damage|p2a: Gardevoir|81/100\n|cant|p2a: Gardevoir|flinch\n|move|p1b: Charizard|Dragon Dance|p1b: Charizard\n|-boost|p1b: Charizard|atk|1\n|-boost|p1b: Charizard|spe|1\n|\n|upkeep\n|turn|2\n|\n|t:|1776449697\n|switch|p1a: Sneasler|Sneasler, L50, M|100/100\n|detailschange|p2b: Starmie|Starmie-Mega, L50\n|-mega|p2b: Starmie|Starmie|Starminite\n|move|p1b: Charizard|Dragon Claw|p2b: Starmie\n|-damage|p2b: Starmie|1/100\n|move|p2a: Gardevoir|Dazzling Gleam|p1b: Charizard|[spread] p1a,p1b\n|-crit|p1b: Charizard\n|-damage|p1a: Sneasler|60/100\n|-damage|p1b: Charizard|42/100\n|move|p2b: Starmie|Zen Headbutt|p1b: Charizard\n|-damage|p1b: Charizard|0 fnt\n|faint|p1b: Charizard\n|\n|upkeep\n|\n|t:|1776449707\n|switch|p1b: Sinistcha|Sinistcha, L50|100/100\n|-heal|p1a: Sneasler|85/100|[from] ability: Hospitality|[of] p1b: Sinistcha\n|turn|3\n|\n|t:|1776449716\n|switch|p2a: Excadrill|Excadrill, L50, M|100/100\n|switch|p2b: Sinistcha|Sinistcha, L50|100/100\n|move|p1a: Sneasler|Dire Claw|p2a: Excadrill\n|-immune|p2a: Excadrill\n|move|p1b: Sinistcha|Trick Room|p1b: Sinistcha\n|-fieldstart|move: Trick Room|[of] p1b: Sinistcha\n|\n|upkeep\n|turn|4\n|\n|t:|1776449735\n|move|p1b: Sinistcha|Matcha Gotcha|p2b: Sinistcha|[spread] p2a,p2b\n|-resisted|p2b: Sinistcha|1\n|-damage|p2a: Excadrill|68/100\n|-damage|p2b: Sinistcha|90/100\n|move|p2b: Sinistcha|Matcha Gotcha|p1a: Sneasler|[spread] p1a,p1b\n|-resisted|p1a: Sneasler|1\n|-resisted|p1b: Sinistcha|1\n|-damage|p1a: Sneasler|68/100\n|-heal|p2b: Sinistcha|98/100|[from] drain|[of] p1a: Sneasler\n|-damage|p1b: Sinistcha|88/100\n|-heal|p2b: Sinistcha|100/100|[from] drain|[of] p1b: Sinistcha\n|-status|p1a: Sneasler|brn\n|-status|p1b: Sinistcha|brn\n|move|p2a: Excadrill|Earthquake|p1a: Sneasler|[spread] p2b,p1a,p1b\n|-resisted|p2b: Sinistcha|1\n|-supereffective|p1a: Sneasler|1\n|-resisted|p1b: Sinistcha|1\n|-damage|p2b: Sinistcha|82/100\n|-damage|p1a: Sneasler|0 fnt\n|-damage|p1b: Sinistcha|70/100 brn\n|faint|p1a: Sneasler\n|\n|-heal|p2b: Sinistcha|88/100|[from] item: Leftovers\n|-damage|p1b: Sinistcha|64/100 brn|[from] brn\n|upkeep\n|\n|t:|1776449739\n|switch|p1a: Incineroar|Incineroar, L50, F|100/100\n|-ability|p1a: Incineroar|Intimidate|boost\n|-unboost|p2a: Excadrill|atk|1\n|-unboost|p2b: Sinistcha|atk|1\n|turn|5\n|\n|t:|1776449750\n|move|p2a: Excadrill|Protect|p2a: Excadrill\n|-singleturn|p2a: Excadrill|Protect\n|move|p1b: Sinistcha|Life Dew||[still]|[spread] p1a,p1b\n|-fail|p1a: Incineroar|heal\n|-heal|p1b: Sinistcha|89/100 brn\n|move|p1a: Incineroar|Flare Blitz|p2a: Excadrill\n|-activate|p2a: Excadrill|move: Protect\n|move|p2b: Sinistcha|Strength Sap|p1a: Incineroar\n|-unboost|p1a: Incineroar|atk|1\n|-heal|p2b: Sinistcha|100/100\n|\n|-damage|p1b: Sinistcha|82/100 brn|[from] brn\n|upkeep\n|turn|6\n|l|\u2606WTS Javii\n|inactive|WTS Javii disconnected and has a minute to reconnect!\n|player|p1|\n|inactive|WTS Javii has 30 seconds left.\n|inactive|WTS Javii has 20 seconds left.\n|inactive|WTS Javii has 15 seconds left.\n|inactive|WTS Javii has 10 seconds left.\n|inactive|WTS Javii has 5 seconds left.\n|-message|WTS Javii lost due to inactivity.\n|\n|win|BroDontFuckWithMe\n|raw|WTS Javii's rating: 1167 &rarr; <strong>1148</strong><br />(-19 for losing)\n|raw|BroDontFuckWithMe's rating: 1250 &rarr; <strong>1269</strong><br />(+19 for winning)\n",
  "uploadtime": 1776449805,
  "views": 37,
  "formatid": "gen9championsvgc2026regma",
  "rating": 1148,
  "private": 0,
  "password": null
}