{
  "id": "gen9championsvgc2026regma-2583687147",
  "format": "[Gen 9 Champions] VGC 2026 Reg M-A",
  "players": [
    "Ackr0",
    "babonicplague"
  ],
  "log": "|j|\u2606Ackr0\n|j|\u2606babonicplague\n|t:|1776191049\n|gametype|doubles\n|player|p1|Ackr0|flannery|1281\n|player|p2|babonicplague|n|1250\n|gen|9\n|tier|[Gen 9 Champions] VGC 2026 Reg M-A\n|rated|\n|rule|Species Clause: Limit one of each Pok\u00e9mon\n|rule|Item Clause: Limit 1 of each item\n|clearpoke\n|poke|p1|Delphox, L50, F|\n|poke|p1|Incineroar, L50, M|\n|poke|p1|Garchomp, L50, F|\n|poke|p1|Aegislash, L50, F|\n|poke|p1|Sneasler, L50, M|\n|poke|p1|Hydreigon, L50, M|\n|poke|p2|Starmie, L50|\n|poke|p2|Pelipper, L50, M|\n|poke|p2|Sneasler, L50, M|\n|poke|p2|Archaludon, L50, F|\n|poke|p2|Sinistcha, L50|\n|poke|p2|Incineroar, L50, F|\n|teampreview|4\n|c|\u2606babonicplague|glhf\nAckr0 rejected open team sheets.\n|j| The Educated Fool\n|\n|t:|1776191121\n|teamsize|p1|4\n|teamsize|p2|4\n|start\n|switch|p1a: Sneasler|Sneasler, L50, M|100/100\n|switch|p1b: Hydreigon|Hydreigon, L50, M|100/100\n|switch|p2a: Starmie|Starmie, L50|100/100\n|switch|p2b: Pelipper|Pelipper, L50, M|100/100\n|-weather|RainDance|[from] ability: Drizzle|[of] p2b: Pelipper\n|turn|1\n|\n|t:|1776191152\n|switch|p2a: Incineroar|Incineroar, L50, F|100/100\n|-ability|p2a: Incineroar|Intimidate|boost\n|-unboost|p1a: Sneasler|atk|1\n|-unboost|p1b: Hydreigon|atk|1\n|-enditem|p1a: Sneasler|White Herb\n|-clearnegativeboost|p1a: Sneasler|[silent]\n|move|p1a: Sneasler|Fake Out|p2b: Pelipper\n|-damage|p2b: Pelipper|82/100\n|move|p1b: Hydreigon|Tailwind|p1b: Hydreigon\n|-sidestart|p1: Ackr0|move: Tailwind\n|cant|p2b: Pelipper|flinch\n|\n|-weather|RainDance|[upkeep]\n|upkeep\n|turn|2\n|\n|t:|1776191176\n|move|p2a: Incineroar|Fake Out|p1a: Sneasler\n|-damage|p1a: Sneasler|81/100\n|cant|p1a: Sneasler|flinch\n|move|p1b: Hydreigon|Draco Meteor|p2b: Pelipper\n|-damage|p2b: Pelipper|0 fnt\n|-unboost|p1b: Hydreigon|spa|2\n|faint|p2b: Pelipper\n|\n|-weather|RainDance|[upkeep]\n|upkeep\n|\n|t:|1776191189\n|switch|p2b: Starmie|Starmie, L50|100/100\n|turn|3\n|\n|t:|1776191201\n|detailschange|p2b: Starmie|Starmie-Mega, L50\n|-mega|p2b: Starmie|Starmie|Starminite\n|move|p2b: Starmie|Aqua Jet|p1a: Sneasler\n|-damage|p1a: Sneasler|0 fnt\n|faint|p1a: Sneasler\n|move|p1b: Hydreigon|Draco Meteor|p2a: Incineroar\n|-damage|p2a: Incineroar|74/100\n|-unboost|p1b: Hydreigon|spa|2\n|move|p2a: Incineroar|Parting Shot|p1b: Hydreigon\n|-unboost|p1b: Hydreigon|atk|1\n|-unboost|p1b: Hydreigon|spa|1\n|\n|t:|1776191212\n|switch|p2a: Archaludon|Archaludon, L50, F|100/100|[from] Parting Shot\n|\n|-weather|RainDance|[upkeep]\n|upkeep\n|\n|t:|1776191215\n|switch|p1a: Incineroar|Incineroar, L50, M|100/100\n|-ability|p1a: Incineroar|Intimidate|boost\n|-unboost|p2a: Archaludon|atk|1\n|-unboost|p2b: Starmie|atk|1\n|turn|4\n|\n|t:|1776191226\n|switch|p1b: Aegislash|Aegislash, L50, F, shiny|100/100\n|switch|p2a: Incineroar|Incineroar, L50, F|74/100\n|-ability|p2a: Incineroar|Intimidate|boost\n|-unboost|p1a: Incineroar|atk|1\n|-unboost|p1b: Aegislash|atk|1\n|move|p1a: Incineroar|Fake Out|p2b: Starmie\n|-damage|p2b: Starmie|92/100\n|cant|p2b: Starmie|flinch\n|\n|-weather|RainDance|[upkeep]\n|-sideend|p1: Ackr0|move: Tailwind\n|upkeep\n|turn|5\n|\n|t:|1776191255\n|switch|p2b: Archaludon|Archaludon, L50, F|100/100\n|move|p1a: Incineroar|Darkest Lariat|p2b: Archaludon\n|-damage|p2b: Archaludon|83/100\n|-formechange|p1b: Aegislash|Aegislash-Blade|\n|move|p1b: Aegislash|Sacred Sword|p2a: Incineroar\n|-supereffective|p2a: Incineroar|1\n|-damage|p2a: Incineroar|34/100\n|-enditem|p2a: Incineroar|Sitrus Berry|[eat]\n|-heal|p2a: Incineroar|59/100|[from] item: Sitrus Berry\n|move|p2a: Incineroar|Parting Shot|p1b: Aegislash\n|-unboost|p1b: Aegislash|atk|1\n|-unboost|p1b: Aegislash|spa|1\n|\n|t:|1776191267\n|switch|p2a: Starmie|Starmie-Mega, L50|92/100|[from] Parting Shot\n|\n|-weather|none\n|upkeep\n|turn|6\n|\n|t:|1776191300\n|-formechange|p1b: Aegislash|Aegislash|\n|move|p1b: Aegislash|King's Shield|p1b: Aegislash\n|-singleturn|p1b: Aegislash|Protect\n|move|p2b: Archaludon|Flash Cannon|p1a: Incineroar\n|-resisted|p1a: Incineroar|1\n|-damage|p1a: Incineroar|82/100\n|move|p2a: Starmie|Flip Turn|p1a: Incineroar\n|-supereffective|p1a: Incineroar|1\n|-damage|p1a: Incineroar|4/100\n|\n|t:|1776191309\n|switch|p2a: Incineroar|Incineroar, L50, F|59/100|[from] Flip Turn\n|-ability|p2a: Incineroar|Intimidate|boost\n|-unboost|p1a: Incineroar|atk|1\n|-unboost|p1b: Aegislash|atk|1\n|move|p1a: Incineroar|Parting Shot|p2b: Archaludon\n|-unboost|p2b: Archaludon|atk|1\n|-unboost|p2b: Archaludon|spa|1\n|\n|t:|1776191316\n|switch|p1a: Hydreigon|Hydreigon, L50, M|100/100|[from] Parting Shot\n|\n|upkeep\n|turn|7\n|\n|t:|1776191343\n|switch|p2b: Starmie|Starmie-Mega, L50|92/100\n|move|p1a: Hydreigon|Protect|p1a: Hydreigon\n|-singleturn|p1a: Hydreigon|Protect\n|move|p2a: Incineroar|Fake Out|p1a: Hydreigon\n|-activate|p1a: Hydreigon|move: Protect\n|-formechange|p1b: Aegislash|Aegislash-Blade|\n|move|p1b: Aegislash|Poltergeist||[still]\n|-fail|p1b: Aegislash\n|\n|upkeep\n|turn|8\n|\n|t:|1776191376\n|move|p2b: Starmie|Flip Turn|p1a: Hydreigon\n|-resisted|p1a: Hydreigon|1\n|-damage|p1a: Hydreigon|65/100\n|\n|t:|1776191379\n|switch|p2b: Archaludon|Archaludon, L50, F|83/100|[from] Flip Turn\n|move|p1a: Hydreigon|Draco Meteor|p2a: Incineroar|[miss]\n|-miss|p1a: Hydreigon|p2a: Incineroar\n|move|p1b: Aegislash|Sacred Sword|p2a: Incineroar\n|-supereffective|p2a: Incineroar|1\n|-damage|p2a: Incineroar|36/100\n|move|p2a: Incineroar|Parting Shot|p1b: Aegislash\n|-unboost|p1b: Aegislash|atk|1\n|-unboost|p1b: Aegislash|spa|1\n|\n|t:|1776191387\n|switch|p2a: Starmie|Starmie-Mega, L50|92/100|[from] Parting Shot\n|\n|upkeep\n|turn|9\n|\n|t:|1776191392\n|switch|p1b: Incineroar|Incineroar, L50, M|4/100\n|-ability|p1b: Incineroar|Intimidate|boost\n|-unboost|p2a: Starmie|atk|1\n|-unboost|p2b: Archaludon|atk|1\n|move|p1a: Hydreigon|Protect|p1a: Hydreigon\n|-singleturn|p1a: Hydreigon|Protect\n|move|p2b: Archaludon|Draco Meteor|p1a: Hydreigon\n|-activate|p1a: Hydreigon|move: Protect\n|move|p2a: Starmie|Waterfall|p1b: Incineroar\n|-supereffective|p1b: Incineroar|1\n|-damage|p1b: Incineroar|0 fnt\n|faint|p1b: Incineroar\n|\n|upkeep\n|\n|t:|1776191401\n|switch|p1b: Aegislash|Aegislash, L50, F, shiny|100/100\n|turn|10\n|\n|t:|1776191418\n|switch|p2a: Incineroar|Incineroar, L50, F|36/100\n|-ability|p2a: Incineroar|Intimidate|boost\n|-unboost|p1a: Hydreigon|atk|1\n|-unboost|p1b: Aegislash|atk|1\n|move|p2b: Archaludon|Draco Meteor|p1a: Hydreigon\n|-supereffective|p1a: Hydreigon|1\n|-damage|p1a: Hydreigon|0 fnt\n|-unboost|p2b: Archaludon|spa|2\n|faint|p1a: Hydreigon\n|-formechange|p1b: Aegislash|Aegislash-Blade|\n|move|p1b: Aegislash|Sacred Sword|p2b: Archaludon\n|-supereffective|p2b: Archaludon|1\n|-damage|p2b: Archaludon|49/100\n|\n|upkeep\n|turn|11\n|c|\u2606babonicplague|gg\n|-message|Ackr0 forfeited.\n|\n|win|babonicplague\n|raw|Ackr0's rating: 1281 &rarr; <strong>1254</strong><br />(-27 for losing)\n|raw|babonicplague's rating: 1250 &rarr; <strong>1277</strong><br />(+27 for winning)\n|l|\u2606Ackr0\n|player|p1|\n|l|\u2606babonicplague\n|player|p2|\n",
  "uploadtime": 1776192592,
  "views": 35,
  "formatid": "gen9championsvgc2026regma",
  "rating": 1254,
  "private": 0,
  "password": null
}