{
  "id": "gen9championsvgc2026regma-2587084478",
  "format": "[Gen 9 Champions] VGC 2026 Reg M-A",
  "players": [
    "JamesForWolf",
    "Gonaldinho"
  ],
  "log": "|j|\u2606JamesForWolf\n|j|\u2606Gonaldinho\n|t:|1776491222\n|gametype|doubles\n|player|p1|JamesForWolf|102|1134\n|player|p2|Gonaldinho|170|1126\n|gen|9\n|tier|[Gen 9 Champions] VGC 2026 Reg M-A\n|rated|\n|rule|Species Clause: Limit one of each Pok\u00e9mon\n|rule|Item Clause: Limit 1 of each item\n|clearpoke\n|poke|p1|Gardevoir, L50, M|\n|poke|p1|Maushold-Four, L50|\n|poke|p1|Sneasler, L50, F|\n|poke|p1|Garchomp, L50, M|\n|poke|p1|Kingambit, L50, F|\n|poke|p1|Aerodactyl, L50, M|\n|poke|p2|Froslass, L50, F|\n|poke|p2|Rotom-Frost, L50|\n|poke|p2|Orthworm, L50, F|\n|poke|p2|Garchomp, L50, M|\n|poke|p2|Basculegion, L50, M|\n|poke|p2|Incineroar, L50, F|\n|teampreview|4\nJamesForWolf has agreed to open team sheets.\n|inactive|Battle timer is ON: inactive players will automatically lose when time's up. (requested by Gonaldinho)\n|\n|t:|1776491292\n|teamsize|p1|4\n|teamsize|p2|4\n|start\n|switch|p1a: Gardevoir|Gardevoir, L50, M|100/100\n|switch|p1b: Kingambit|Kingambit, L50, F|100/100\n|switch|p2a: Garchomp|Garchomp, L50, M|100/100\n|switch|p2b: Orthworm|Orthworm, L50, F|100/100\n|turn|1\n|inactive|Gonaldinho has 30 seconds left.\n|inactive|Gonaldinho has 20 seconds left.\n|inactive|Gonaldinho has 15 seconds left.\n|inactive|Gonaldinho has 10 seconds left.\n|inactive|Gonaldinho has 5 seconds left.\n|\n|t:|1776491343\n|switch|p2a: Incineroar|Incineroar, L50, F|100/100\n|-ability|p2a: Incineroar|Intimidate|boost\n|-unboost|p1a: Gardevoir|atk|1\n|-unboost|p1b: Kingambit|atk|1\n|-ability|p1b: Kingambit|Defiant|boost\n|-boost|p1b: Kingambit|atk|2\n|detailschange|p1a: Gardevoir|Gardevoir-Mega, L50, M\n|-mega|p1a: Gardevoir|Gardevoir|Gardevoirite\n|move|p1b: Kingambit|Sucker Punch||[still]\n|-fail|p1b: Kingambit\n|move|p1a: Gardevoir|Hyper Voice|p2a: Incineroar|[spread] p2a,p2b\n|-resisted|p2b: Orthworm|1\n|-damage|p2a: Incineroar|64/100\n|-damage|p2b: Orthworm|63/100\n|move|p2b: Orthworm|Iron Defense|p2b: Orthworm\n|-boost|p2b: Orthworm|def|2\n|\n|upkeep\n|turn|2\n|inactive|JamesForWolf has 30 seconds left.\n|inactive|Gonaldinho has 30 seconds left.\n|inactive|JamesForWolf has 20 seconds left.\n|inactive|Gonaldinho has 20 seconds left.\n|inactive|JamesForWolf has 15 seconds left.\n|inactive|Gonaldinho has 15 seconds left.\n|inactive|JamesForWolf has 10 seconds left.\n|inactive|Gonaldinho has 10 seconds left.\n|inactive|JamesForWolf has 5 seconds left.\n|inactive|Gonaldinho has 5 seconds left.\n|\n|t:|1776491398\n|move|p2a: Incineroar|Fake Out|p1a: Gardevoir\n|-damage|p1a: Gardevoir|83/100\n|cant|p1a: Gardevoir|flinch\n|move|p2b: Orthworm|Body Press|p1b: Kingambit\n|-supereffective|p1b: Kingambit|2\n|-damage|p1b: Kingambit|0 fnt\n|faint|p1b: Kingambit\n|\n|upkeep\n|\n|t:|1776491411\n|switch|p1b: Maushold|Maushold-Four, L50|100/100\n|turn|3\n|inactive|Gonaldinho has 30 seconds left.\n|\n|t:|1776491438\n|move|p1b: Maushold|Follow Me|p1b: Maushold\n|-singleturn|p1b: Maushold|move: Follow Me\n|move|p1a: Gardevoir|Calm Mind|p1a: Gardevoir\n|-boost|p1a: Gardevoir|spa|1\n|-boost|p1a: Gardevoir|spd|1\n|move|p2b: Orthworm|Heavy Slam|p1b: Maushold\n|-damage|p1b: Maushold|52/100\n|move|p2a: Incineroar|Parting Shot|p1b: Maushold\n|-unboost|p1b: Maushold|atk|1\n|-unboost|p1b: Maushold|spa|1\n|\n|t:|1776491450\n|switch|p2a: Garchomp|Garchomp, L50, M|100/100|[from] Parting Shot\n|\n|upkeep\n|turn|4\n|\n|t:|1776491466\n|move|p2a: Garchomp|Protect|p2a: Garchomp\n|-singleturn|p2a: Garchomp|Protect\n|move|p1b: Maushold|Super Fang|p2b: Orthworm\n|-damage|p2b: Orthworm|32/100\n|-enditem|p2b: Orthworm|Sitrus Berry|[eat]\n|-heal|p2b: Orthworm|57/100|[from] item: Sitrus Berry\n|move|p1a: Gardevoir|Hyper Voice|p2b: Orthworm|[spread] p2b\n|-activate|p2a: Garchomp|move: Protect\n|-resisted|p2b: Orthworm|1\n|-damage|p2b: Orthworm|0 fnt\n|faint|p2b: Orthworm\n|\n|upkeep\n|\n|t:|1776491480\n|switch|p2b: Incineroar|Incineroar, L50, F|64/100\n|-ability|p2b: Incineroar|Intimidate|boost\n|-unboost|p1a: Gardevoir|atk|1\n|-unboost|p1b: Maushold|atk|1\n|turn|5\n|\n|t:|1776491498\n|move|p1b: Maushold|Protect|p1b: Maushold\n|-singleturn|p1b: Maushold|Protect\n|move|p1a: Gardevoir|Protect|p1a: Gardevoir\n|-singleturn|p1a: Gardevoir|Protect\n|move|p2b: Incineroar|Fake Out|p1a: Gardevoir\n|-activate|p1a: Gardevoir|move: Protect\n|move|p2a: Garchomp|Rock Slide|p1b: Maushold|[spread] \n|-activate|p1a: Gardevoir|move: Protect\n|-activate|p1b: Maushold|move: Protect\n|\n|upkeep\n|turn|6\n|\n|t:|1776491521\n|move|p2a: Garchomp|Protect|p2a: Garchomp\n|-singleturn|p2a: Garchomp|Protect\n|move|p1b: Maushold|Follow Me|p1b: Maushold\n|-singleturn|p1b: Maushold|move: Follow Me\n|move|p1a: Gardevoir|Hyper Voice|p2b: Incineroar|[spread] p2b\n|-activate|p2a: Garchomp|move: Protect\n|-damage|p2b: Incineroar|6/100\n|move|p2b: Incineroar|Flare Blitz|p1b: Maushold\n|-damage|p1b: Maushold|0 fnt\n|faint|p1b: Maushold\n|-damage|p2b: Incineroar|0 fnt|[from] Recoil\n|faint|p2b: Incineroar\n|\n|upkeep\n|\n|t:|1776491534\n|switch|p1b: Sneasler|Sneasler, L50, F|100/100\n|switch|p2b: Froslass|Froslass, L50, F|100/100\n|turn|7\n|inactive|Gonaldinho has 30 seconds left.\n|\n|t:|1776491565\n|detailschange|p2b: Froslass|Froslass-Mega, L50, F\n|-mega|p2b: Froslass|Froslass|Froslassite\n|-weather|Snowscape|[from] ability: Snow Warning|[of] p2b: Froslass\n|move|p1b: Sneasler|Fake Out|p2a: Garchomp\n|-damage|p2a: Garchomp|84/100\n|-damage|p1b: Sneasler|88/100|[from] ability: Rough Skin|[of] p2a: Garchomp\n|move|p2b: Froslass|Shadow Ball|p1a: Gardevoir\n|-supereffective|p1a: Gardevoir|1\n|-damage|p1a: Gardevoir|23/100\n|cant|p2a: Garchomp|flinch\n|move|p1a: Gardevoir|Hyper Voice|p2a: Garchomp|[spread] p2a,p2b\n|-supereffective|p2a: Garchomp|1\n|-damage|p2a: Garchomp|0 fnt\n|-damage|p2b: Froslass|7/100\n|faint|p2a: Garchomp\n|\n|-weather|Snowscape|[upkeep]\n|upkeep\n|turn|8\n|inactive|JamesForWolf has 30 seconds left.\n|\n|t:|1776491594\n|move|p2b: Froslass|Protect|p2b: Froslass\n|-singleturn|p2b: Froslass|Protect\n|move|p1b: Sneasler|Dire Claw|p2b: Froslass\n|-activate|p2b: Froslass|move: Protect\n|move|p1a: Gardevoir|Hyper Voice|p2b: Froslass\n|-activate|p2b: Froslass|move: Protect\n|\n|-weather|Snowscape|[upkeep]\n|upkeep\n|turn|9\n|\n|t:|1776491607\n|move|p2b: Froslass|Blizzard|p1a: Gardevoir|[spread] p1a,p1b\n|-damage|p1a: Gardevoir|0 fnt\n|-damage|p1b: Sneasler|29/100\n|-status|p1b: Sneasler|frz\n|faint|p1a: Gardevoir\n|cant|p1b: Sneasler|frz\n|\n|-weather|Snowscape|[upkeep]\n|upkeep\n|turn|10\n|c|\u2606JamesForWolf|YOU ARE SERIOUS WITH ME?\n|inactive|JamesForWolf has 30 seconds left.\n|c|\u2606JamesForWolf|4 match vs frosslass\n|c|\u2606JamesForWolf|4 frozens\n|inactive|JamesForWolf has 20 seconds left.\n|\n|t:|1776491644\n|move|p2b: Froslass|Shadow Ball|p1b: Sneasler\n|-damage|p1b: Sneasler|0 fnt\n|faint|p1b: Sneasler\n|\n|win|Gonaldinho\n|raw|JamesForWolf's rating: 1134 &rarr; <strong>1108</strong><br />(-26 for losing)\n|raw|Gonaldinho's rating: 1126 &rarr; <strong>1152</strong><br />(+26 for winning)\n",
  "uploadtime": 1776491650,
  "views": 16,
  "formatid": "gen9championsvgc2026regma",
  "rating": 1108,
  "private": 0,
  "password": null
}