{
  "id": "gen9championsvgc2026regma-2583271621",
  "format": "[Gen 9 Champions] VGC 2026 Reg M-A",
  "players": [
    "godfocker",
    "Capitology"
  ],
  "log": "|j|\u2606godfocker\n|j|\u2606Capitology\n|t:|1776161765\n|gametype|doubles\n|player|p1|godfocker|2|1266\n|player|p2|Capitology|shadowtriad|1257\n|gen|9\n|tier|[Gen 9 Champions] VGC 2026 Reg M-A\n|rated|\n|rule|Species Clause: Limit one of each Pok\u00e9mon\n|rule|Item Clause: Limit 1 of each item\n|clearpoke\n|poke|p1|Glimmora, L50, F|\n|poke|p1|Tyranitar, L50, F|\n|poke|p1|Rotom-Wash, L50|\n|poke|p1|Incineroar, L50, M|\n|poke|p1|Corviknight, L50, M|\n|poke|p1|Sinistcha, L50|\n|poke|p2|Volcarona, L50, M|\n|poke|p2|Froslass, L50, F|\n|poke|p2|Incineroar, L50, F|\n|poke|p2|Rotom-Frost, L50|\n|poke|p2|Sinistcha, L50|\n|poke|p2|Kingambit, L50, M|\n|teampreview|4\n|inactive|Battle timer is ON: inactive players will automatically lose when time's up. (requested by Capitology)\n|\n|t:|1776161803\n|teamsize|p1|4\n|teamsize|p2|4\n|start\n|switch|p1a: Glimmora|Glimmora, L50, F|100/100\n|switch|p1b: Rotom|Rotom-Wash, L50|100/100\n|switch|p2a: Volcarona|Volcarona, L50, M, shiny|100/100\n|switch|p2b: Froslass|Froslass, L50, F|100/100\n|turn|1\n|\n|t:|1776161816\n|detailschange|p2b: Froslass|Froslass-Mega, L50, F\n|-mega|p2b: Froslass|Froslass|Froslassite\n|-weather|Snowscape|[from] ability: Snow Warning|[of] p2b: Froslass\n|detailschange|p1a: Glimmora|Glimmora-Mega, L50, F\n|-mega|p1a: Glimmora|Glimmora|Glimmoranite\n|move|p1b: Rotom|Volt Switch|p2a: Volcarona\n|-damage|p2a: Volcarona|73/100\n|\n|t:|1776161824\n|switch|p1b: Tyranitar|Tyranitar, L50, F|100/100|[from] Volt Switch\n|-weather|Sandstorm|[from] ability: Sand Stream|[of] p1b: Tyranitar\n|move|p2b: Froslass|Aurora Veil||[still]\n|-fail|p2b: Froslass\n|move|p1a: Glimmora|Power Gem|p2a: Volcarona\n|-supereffective|p2a: Volcarona|2\n|-damage|p2a: Volcarona|0 fnt\n|faint|p2a: Volcarona\n|\n|-weather|Sandstorm|[upkeep]\n|-damage|p2b: Froslass|94/100|[from] Sandstorm\n|upkeep\n|\n|t:|1776161845\n|switch|p2a: Sinistcha|Sinistcha, L50|100/100\n|-heal|p2b: Froslass|100/100|[from] ability: Hospitality|[of] p2a: Sinistcha\n|turn|2\n|\n|t:|1776161857\n|switch|p2b: Kingambit|Kingambit, L50, M|100/100\n|move|p1a: Glimmora|Sludge Bomb|p2a: Sinistcha\n|-damage|p2a: Sinistcha|40/100\n|-enditem|p2a: Sinistcha|Sitrus Berry|[eat]\n|-heal|p2a: Sinistcha|65/100|[from] item: Sitrus Berry\n|move|p2a: Sinistcha|Matcha Gotcha|p1b: Tyranitar|[spread] p1a,p1b\n|-supereffective|p1b: Tyranitar|1\n|-damage|p1a: Glimmora|83/100\n|-heal|p2a: Sinistcha|72/100|[from] drain|[of] p1a: Glimmora\n|-damage|p1b: Tyranitar|72/100\n|-heal|p2a: Sinistcha|89/100|[from] drain|[of] p1b: Tyranitar\n|move|p1b: Tyranitar|Rock Slide|p2b: Kingambit|[spread] p2b\n|-miss|p1b: Tyranitar|p2a: Sinistcha\n|-resisted|p2b: Kingambit|1\n|-damage|p2b: Kingambit|87/100\n|\n|-weather|Sandstorm|[upkeep]\n|-damage|p2a: Sinistcha|83/100|[from] Sandstorm\n|upkeep\n|turn|3\n|inactive|Capitology has 30 seconds left.\n|\n|t:|1776161886\n|move|p1a: Glimmora|Sludge Bomb|p2a: Sinistcha\n|-damage|p2a: Sinistcha|28/100\n|move|p2a: Sinistcha|Matcha Gotcha|p1a: Glimmora|[spread] p1a,p1b\n|-supereffective|p1b: Tyranitar|1\n|-damage|p1a: Glimmora|63/100\n|-heal|p2a: Sinistcha|37/100|[from] drain|[of] p1a: Glimmora\n|-damage|p1b: Tyranitar|45/100\n|-heal|p2a: Sinistcha|52/100|[from] drain|[of] p1b: Tyranitar\n|-status|p1b: Tyranitar|brn\n|move|p1b: Tyranitar|Knock Off|p2a: Sinistcha\n|-supereffective|p2a: Sinistcha|1\n|-damage|p2a: Sinistcha|15/100\n|move|p2b: Kingambit|Swords Dance|p2b: Kingambit\n|-boost|p2b: Kingambit|atk|2\n|\n|-weather|Sandstorm|[upkeep]\n|-damage|p2a: Sinistcha|8/100|[from] Sandstorm\n|-damage|p1b: Tyranitar|40/100 brn|[from] brn\n|upkeep\n|turn|4\n|inactive|Capitology has 30 seconds left.\n|inactive|Capitology has 20 seconds left.\n|\n|t:|1776161923\n|switch|p2a: Froslass|Froslass-Mega, L50, F|100/100\n|-weather|Snowscape|[from] ability: Snow Warning|[of] p2a: Froslass\n|switch|p1b: Corviknight|Corviknight, L50, M|100/100\n|move|p1a: Glimmora|Protect|p1a: Glimmora\n|-singleturn|p1a: Glimmora|Protect\n|move|p2b: Kingambit|Sucker Punch||[still]\n|-fail|p2b: Kingambit\n|\n|-weather|Snowscape|[upkeep]\n|upkeep\n|turn|5\n|\n|t:|1776161948\n|switch|p1a: Tyranitar|Tyranitar, L50, F|40/100 brn\n|-weather|Sandstorm|[from] ability: Sand Stream|[of] p1a: Tyranitar\n|move|p2b: Kingambit|Sucker Punch||[still]\n|-fail|p2b: Kingambit\n|move|p2a: Froslass|Shadow Ball|p1b: Corviknight\n|-damage|p1b: Corviknight|55/100\n|move|p1b: Corviknight|Body Press|p2b: Kingambit\n|-supereffective|p2b: Kingambit|2\n|-damage|p2b: Kingambit|10/100\n|\n|-weather|Sandstorm|[upkeep]\n|-damage|p2a: Froslass|94/100|[from] Sandstorm\n|-heal|p1b: Corviknight|60/100|[from] item: Leftovers\n|-damage|p1a: Tyranitar|34/100 brn|[from] brn\n|upkeep\n|turn|6\n|inactive|godfocker has 30 seconds left.\n|inactive|godfocker has 20 seconds left.\n|\n|t:|1776161983\n|switch|p2a: Sinistcha|Sinistcha, L50|8/100\n|-heal|p2b: Kingambit|35/100|[from] ability: Hospitality|[of] p2a: Sinistcha\n|move|p2b: Kingambit|Protect|p2b: Kingambit\n|-singleturn|p2b: Kingambit|Protect\n|move|p1b: Corviknight|Tailwind|p1b: Corviknight\n|-sidestart|p1: godfocker|move: Tailwind\n|move|p1a: Tyranitar|Rock Slide|p2b: Kingambit|[spread] p2a\n|-activate|p2b: Kingambit|move: Protect\n|-damage|p2a: Sinistcha|0 fnt\n|faint|p2a: Sinistcha\n|\n|-weather|Sandstorm|[upkeep]\n|-heal|p1b: Corviknight|66/100|[from] item: Leftovers\n|-damage|p1a: Tyranitar|28/100 brn|[from] brn\n|upkeep\n|\n|t:|1776161999\n|switch|p2a: Froslass|Froslass-Mega, L50, F|94/100\n|-weather|Snowscape|[from] ability: Snow Warning|[of] p2a: Froslass\n|turn|7\n|\n|t:|1776162019\n|move|p2b: Kingambit|Sucker Punch|p1b: Corviknight\n|-damage|p1b: Corviknight|9/100\n|move|p2a: Froslass|Blizzard|p1a: Tyranitar|[spread] p1a,p1b\n|-damage|p1a: Tyranitar|0 fnt\n|-damage|p1b: Corviknight|0 fnt\n|faint|p1a: Tyranitar\n|faint|p1b: Corviknight\n|\n|-weather|Snowscape|[upkeep]\n|upkeep\n|\n|t:|1776162024\n|switch|p1b: Glimmora|Glimmora-Mega, L50, F|63/100\n|switch|p1a: Rotom|Rotom-Wash, L50|100/100\n|turn|8\n|\n|t:|1776162037\n|move|p1b: Glimmora|Protect|p1b: Glimmora\n|-singleturn|p1b: Glimmora|Protect\n|move|p2b: Kingambit|Sucker Punch||[still]\n|-fail|p2b: Kingambit\n|move|p1a: Rotom|Thunderbolt|p2b: Kingambit\n|-damage|p2b: Kingambit|0 fnt\n|faint|p2b: Kingambit\n|move|p2a: Froslass|Shadow Ball|p1a: Rotom\n|-damage|p1a: Rotom|40/100\n|\n|-weather|Snowscape|[upkeep]\n|upkeep\n|turn|9\n|\n|t:|1776162051\n|move|p2a: Froslass|Protect|p2a: Froslass\n|-singleturn|p2a: Froslass|Protect\n|move|p1a: Rotom|Thunderbolt|p2a: Froslass\n|-activate|p2a: Froslass|move: Protect\n|move|p1b: Glimmora|Power Gem|p2a: Froslass\n|-activate|p2a: Froslass|move: Protect\n|\n|-weather|Snowscape|[upkeep]\n|-sideend|p1: godfocker|move: Tailwind\n|upkeep\n|turn|10\n|\n|t:|1776162062\n|move|p1a: Rotom|Thunderbolt|p2a: Froslass\n|-damage|p2a: Froslass|43/100\n|move|p2a: Froslass|Blizzard|p1b: Glimmora|[spread] p1a,p1b\n|-resisted|p1a: Rotom|1\n|-damage|p1a: Rotom|9/100\n|-damage|p1b: Glimmora|8/100\n|move|p1b: Glimmora|Power Gem|p2a: Froslass\n|-supereffective|p2a: Froslass|1\n|-damage|p2a: Froslass|0 fnt\n|faint|p2a: Froslass\n|\n|win|godfocker\n|raw|godfocker's rating: 1266 &rarr; <strong>1290</strong><br />(+24 for winning)\n|raw|Capitology's rating: 1257 &rarr; <strong>1233</strong><br />(-24 for losing)\n|l|\u2606Capitology\n|player|p2|\n",
  "uploadtime": 1776162074,
  "views": 21,
  "formatid": "gen9championsvgc2026regma",
  "rating": 1233,
  "private": 0,
  "password": null
}