{
  "id": "gen9championsvgc2026regma-2588535065",
  "format": "[Gen 9 Champions] VGC 2026 Reg M-A",
  "players": [
    "Bhenfuehcdwcew",
    "lessa_ped"
  ],
  "log": "|j|\u2606Bhenfuehcdwcew\n|j|\u2606lessa_ped\n|t:|1776642553\n|gametype|doubles\n|player|p1|Bhenfuehcdwcew|170|1082\n|player|p2|lessa_ped|101|1110\n|gen|9\n|tier|[Gen 9 Champions] VGC 2026 Reg M-A\n|rated|\n|rule|Species Clause: Limit one of each Pok\u00e9mon\n|rule|Item Clause: Limit 1 of each item\n|clearpoke\n|poke|p1|Palafin, L50, M|\n|poke|p1|Kangaskhan, L50, F|\n|poke|p1|Pelipper, L50, F|\n|poke|p1|Archaludon, L50, M|\n|poke|p1|Meganium, L50, F|\n|poke|p1|Zoroark-Hisui, L50, M|\n|poke|p2|Gengar, L50, F|\n|poke|p2|Pelipper, L50, F|\n|poke|p2|Sinistcha, L50|\n|poke|p2|Sneasler, L50, M|\n|poke|p2|Kingambit, L50, M, shiny|\n|poke|p2|Incineroar, L50, F|\n|teampreview|4\n|inactive|Battle timer is ON: inactive players will automatically lose when time's up. (requested by Bhenfuehcdwcew)\n|inactive|lessa_ped has 60 seconds left.\n|\n|t:|1776642585\n|teamsize|p1|4\n|teamsize|p2|4\n|start\n|switch|p1a: Mega Palafin|Palafin, L50, M|100/100\n|switch|p1b: Zoroark?Hisui?|Kangaskhan, L50, F|100/100\n|switch|p2a: Sneasler|Sneasler, L50, M|100/100\n|switch|p2b: Sinistcha|Sinistcha, L50|100/100\n|turn|1\n|\n|t:|1776642608\n|detailschange|p1a: Mega Palafin|Palafin-Hero, L50, M\n|switch|p1a: A charizard|Meganium, L50, F|100/100\n|move|p1b: Zoroark?Hisui?|Protect|p1b: Zoroark?Hisui?\n|-singleturn|p1b: Zoroark?Hisui?|Protect\n|move|p2a: Sneasler|Close Combat|p1b: Zoroark?Hisui?\n|-activate|p1b: Zoroark?Hisui?|move: Protect\n|move|p2b: Sinistcha|Matcha Gotcha|p1b: Zoroark?Hisui?|[spread] \n|-activate|p1b: Zoroark?Hisui?|move: Protect\n|-miss|p2b: Sinistcha|p1a: A charizard\n|\n|upkeep\n|turn|2\n|inactive|Bhenfuehcdwcew has 30 seconds left.\n|inactive|lessa_ped has 30 seconds left.\n|inactive|Bhenfuehcdwcew has 20 seconds left.\n|inactive|lessa_ped has 20 seconds left.\n|\n|t:|1776642648\n|move|p1a: A charizard|Protect|p1a: A charizard\n|-singleturn|p1a: A charizard|Protect\n|move|p2b: Sinistcha|Protect|p2b: Sinistcha\n|-singleturn|p2b: Sinistcha|Protect\n|move|p2a: Sneasler|Close Combat|p1b: Zoroark?Hisui?\n|-immune|p1b: Zoroark?Hisui?\n|move|p1b: Zoroark?Hisui?|Dark Pulse|p2b: Sinistcha\n|-activate|p2b: Sinistcha|move: Protect\n|\n|upkeep\n|turn|3\n|\n|t:|1776642676\n|switch|p2a: Kingambit|Kingambit, L50, M, shiny|100/100\n|detailschange|p1a: A charizard|Meganium-Mega, L50, F\n|-mega|p1a: A charizard|Meganium|Meganiumite\n|move|p1b: Zoroark?Hisui?|Icy Wind|p2a: Kingambit|[spread] p2a,p2b\n|-resisted|p2a: Kingambit|1\n|-supereffective|p2b: Sinistcha|1\n|-damage|p2a: Kingambit|93/100\n|-damage|p2b: Sinistcha|66/100\n|-unboost|p2a: Kingambit|spe|1\n|-ability|p2a: Kingambit|Defiant|boost\n|-boost|p2a: Kingambit|atk|2\n|-unboost|p2b: Sinistcha|spe|1\n|move|p1a: A charizard|Weather Ball|p2b: Sinistcha\n|-supereffective|p2b: Sinistcha|1\n|-damage|p2b: Sinistcha|0 fnt\n|faint|p2b: Sinistcha\n|\n|upkeep\n|\n|t:|1776642690\n|switch|p2b: Sneasler|Sneasler, L50, M|100/100\n|turn|4\n|\n|t:|1776642700\n|move|p1b: Zoroark?Hisui?|Protect|p1b: Zoroark?Hisui?\n|-singleturn|p1b: Zoroark?Hisui?|Protect\n|move|p1a: A charizard|Protect|p1a: A charizard\n|-singleturn|p1a: A charizard|Protect\n|move|p2b: Sneasler|Fake Out|p1a: A charizard\n|-activate|p1a: A charizard|move: Protect\n|move|p2a: Kingambit|Kowtow Cleave|p1b: Zoroark?Hisui?\n|-activate|p1b: Zoroark?Hisui?|move: Protect\n|\n|upkeep\n|turn|5\n|\n|t:|1776642719\n|move|p2b: Sneasler|Dire Claw|p1a: A charizard\n|-supereffective|p1a: A charizard|2\n|-damage|p1a: A charizard|0 fnt\n|faint|p1a: A charizard\n|move|p1b: Zoroark?Hisui?|Bitter Malice|p2b: Sneasler\n|-damage|p2b: Sneasler|46/100\n|-unboost|p2b: Sneasler|atk|1\n|-enditem|p2b: Sneasler|White Herb\n|-clearnegativeboost|p2b: Sneasler|[silent]\n|move|p2a: Kingambit|Kowtow Cleave|p1b: Zoroark?Hisui?\n|-supereffective|p1b: Zoroark?Hisui?|1\n|-damage|p1b: Zoroark?Hisui?|0 fnt\n|replace|p1b: A kangaskhan|Zoroark-Hisui, L50, M\n|-end|p1b: A kangaskhan|Illusion\n|faint|p1b: A kangaskhan\n|\n|upkeep\n|\n|t:|1776642732\n|switch|p1b: Zoroark?Hisui?|Kangaskhan, L50, F|100/100\n|switch|p1a: Mega Palafin|Palafin-Hero, L50, M|100/100\n|-activate|p1a: Mega Palafin|ability: Zero to Hero\n|turn|6\n|\n|t:|1776642750\n|switch|p2b: Gengar|Gengar, L50, F|100/100\n|move|p2a: Kingambit|Protect|p2a: Kingambit\n|-singleturn|p2a: Kingambit|Protect\n|move|p1a: Mega Palafin|Wave Crash|p2b: Gengar\n|-damage|p2b: Gengar|0 fnt\n|faint|p2b: Gengar\n|-damage|p1a: Mega Palafin|69/100|[from] Recoil\n|move|p1b: Zoroark?Hisui?|Drain Punch|p2a: Kingambit\n|-activate|p2a: Kingambit|move: Protect\n|\n|upkeep\n|\n|t:|1776642760\n|switch|p2b: Sneasler|Sneasler, L50, M|46/100\n|turn|7\n|\n|t:|1776642778\n|move|p1b: Zoroark?Hisui?|Sucker Punch|p2a: Kingambit\n|-resisted|p2a: Kingambit|1\n|-damage|p2a: Kingambit|85/100\n|move|p1a: Mega Palafin|Wave Crash|p2b: Sneasler\n|-damage|p2b: Sneasler|0 fnt\n|faint|p2b: Sneasler\n|-damage|p1a: Mega Palafin|56/100|[from] Recoil\n|move|p2a: Kingambit|Kowtow Cleave|p1b: Zoroark?Hisui?\n|-damage|p1b: Zoroark?Hisui?|0 fnt\n|faint|p1b: Zoroark?Hisui?\n|\n|upkeep\n|turn|8\n|\n|t:|1776642791\n|move|p1a: Mega Palafin|Wave Crash|p2a: Kingambit\n|-damage|p2a: Kingambit|26/100\n|-damage|p1a: Mega Palafin|33/100|[from] Recoil\n|move|p2a: Kingambit|Kowtow Cleave|p1a: Mega Palafin\n|-crit|p1a: Mega Palafin\n|-damage|p1a: Mega Palafin|0 fnt\n|faint|p1a: Mega Palafin\n|\n|win|lessa_ped\n|raw|Bhenfuehcdwcew's rating: 1082 &rarr; <strong>1061</strong><br />(-21 for losing)\n|raw|lessa_ped's rating: 1110 &rarr; <strong>1133</strong><br />(+23 for winning)\n",
  "uploadtime": 1776642796,
  "views": 9,
  "formatid": "gen9championsvgc2026regma",
  "rating": 1061,
  "private": 0,
  "password": null
}