{
  "id": "gen9championsvgc2026regma-2586928971",
  "format": "[Gen 9 Champions] VGC 2026 Reg M-A",
  "players": [
    "jehlk",
    "ChazzItUp4200"
  ],
  "log": "|j|\u2606jehlk\n|j|\u2606ChazzItUp4200\n|t:|1776472749\n|gametype|doubles\n|player|p1|jehlk|cynthia-gen4|1350\n|player|p2|ChazzItUp4200|cheren-gen5bw2|1361\n|gen|9\n|tier|[Gen 9 Champions] VGC 2026 Reg M-A\n|rated|\n|rule|Species Clause: Limit one of each Pok\u00e9mon\n|rule|Item Clause: Limit 1 of each item\n|clearpoke\n|poke|p1|Garchomp, L50, M|\n|poke|p1|Typhlosion-Hisui, L50, M|\n|poke|p1|Meganium, L50, M|\n|poke|p1|Kingambit, L50, M|\n|poke|p1|Tauros-Paldea-Aqua, L50, M|\n|poke|p1|Aerodactyl, L50, M|\n|poke|p2|Glimmora, L50, F|\n|poke|p2|Talonflame, L50, M|\n|poke|p2|Farigiraf, L50, M|\n|poke|p2|Ninetales-Alola, L50, F|\n|poke|p2|Garchomp, L50, M|\n|poke|p2|Samurott-Hisui, L50, F|\n|teampreview|4\n|inactive|Battle timer is ON: inactive players will automatically lose when time's up. (requested by ChazzItUp4200)\n|inactive|jehlk has 60 seconds left.\n|inactive|ChazzItUp4200 has 60 seconds left.\n|inactive|jehlk has 30 seconds left.\n|inactive|ChazzItUp4200 has 30 seconds left.\n|inactive|jehlk has 20 seconds left.\n|inactive|jehlk has 15 seconds left.\n|inactive|jehlk has 10 seconds left.\n|inactive|jehlk has 5 seconds left.\n|\n|t:|1776472842\n|teamsize|p1|4\n|teamsize|p2|4\n|start\n|switch|p1a: Garchomp|Garchomp, L50, M|100/100\n|switch|p1b: Typhlosion|Typhlosion-Hisui, L50, M|100/100\n|switch|p2a: Johnny Joestar|Talonflame, L50, M, shiny|100/100\n|switch|p2b: Sandman|Garchomp, L50, M|100/100\n|-item|p2a: Johnny Joestar|Sharp Beak|[from] ability: Frisk|[of] p1b: Typhlosion\n|-item|p2b: Sandman|Soft Sand|[from] ability: Frisk|[of] p1b: Typhlosion\n|turn|1\n|\n|t:|1776472865\n|move|p2a: Johnny Joestar|Tailwind|p2a: Johnny Joestar\n|-sidestart|p2: ChazzItUp4200|move: Tailwind\n|move|p2b: Sandman|Earthquake|p1b: Typhlosion|[spread] p1a,p1b\n|-immune|p2a: Johnny Joestar\n|-supereffective|p1b: Typhlosion|1\n|-damage|p1a: Garchomp|51/100\n|-damage|p1b: Typhlosion|0 fnt\n|faint|p1b: Typhlosion\n|move|p1a: Garchomp|Dragon Claw|p2b: Sandman\n|-supereffective|p2b: Sandman|1\n|-damage|p2b: Sandman|0 fnt\n|-damage|p1a: Garchomp|39/100|[from] ability: Rough Skin|[of] p2b: Sandman\n|faint|p2b: Sandman\n|\n|upkeep\n|inactive|jehlk has 30 seconds left.\n|\n|t:|1776472900\n|switch|p2b: Slow Dancer|Ninetales-Alola, L50, F|100/100\n|switch|p1b: Kingambit|Kingambit, L50, M|100/100\n|-weather|Snowscape|[from] ability: Snow Warning|[of] p2b: Slow Dancer\n|turn|2\n|inactive|jehlk has 30 seconds left.\n|\n|t:|1776472928\n|move|p2a: Johnny Joestar|Flare Blitz|p1b: Kingambit\n|-supereffective|p1b: Kingambit|1\n|-damage|p1b: Kingambit|27/100\n|-damage|p2a: Johnny Joestar|68/100|[from] Recoil\n|move|p2b: Slow Dancer|Blizzard|p1a: Garchomp|[spread] p1a,p1b\n|-supereffective|p1a: Garchomp|2\n|-resisted|p1b: Kingambit|1\n|-damage|p1a: Garchomp|0 fnt\n|-damage|p1b: Kingambit|11/100\n|faint|p1a: Garchomp\n|move|p1b: Kingambit|Iron Head|p2b: Slow Dancer\n|-supereffective|p2b: Slow Dancer|2\n|-enditem|p2b: Slow Dancer|Focus Sash\n|-damage|p2b: Slow Dancer|1/100\n|\n|-weather|Snowscape|[upkeep]\n|upkeep\n|\n|t:|1776472944\n|switch|p1a: Meganium|Meganium, L50, M|100/100\n|turn|3\n|inactive|ChazzItUp4200 has 30 seconds left.\n|\n|t:|1776472970\n|detailschange|p1a: Meganium|Meganium-Mega, L50, M\n|-mega|p1a: Meganium|Meganium|Meganiumite\n|move|p1b: Kingambit|Sucker Punch|p2a: Johnny Joestar\n|-damage|p2a: Johnny Joestar|0 fnt\n|faint|p2a: Johnny Joestar\n|move|p2b: Slow Dancer|Blizzard|p1b: Kingambit|[spread] p1a,p1b\n|-supereffective|p1a: Meganium|1\n|-resisted|p1b: Kingambit|1\n|-damage|p1a: Meganium|39/100\n|-damage|p1b: Kingambit|0 fnt\n|faint|p1b: Kingambit\n|move|p1a: Meganium|Dazzling Gleam|p2b: Slow Dancer\n|-damage|p2b: Slow Dancer|0 fnt\n|faint|p2b: Slow Dancer\n|\n|-weather|Snowscape|[upkeep]\n|upkeep\n|\n|t:|1776472978\n|switch|p2b: Diego Brando|Samurott-Hisui, L50, F, shiny|100/100\n|turn|4\n|\n|t:|1776472984\n|move|p1a: Meganium|Protect|p1a: Meganium\n|-singleturn|p1a: Meganium|Protect\n|move|p2b: Diego Brando|Aqua Cutter|p1a: Meganium\n|-activate|p1a: Meganium|move: Protect\n|\n|-weather|Snowscape|[upkeep]\n|-sideend|p2: ChazzItUp4200|move: Tailwind\n|upkeep\n|turn|5\n|\n|t:|1776472990\n|move|p2b: Diego Brando|Aqua Cutter|p1a: Meganium\n|-resisted|p1a: Meganium|1\n|-crit|p1a: Meganium\n|-damage|p1a: Meganium|0 fnt\n|faint|p1a: Meganium\n|\n|win|ChazzItUp4200\n|raw|jehlk's rating: 1350 &rarr; <strong>1331</strong><br />(-19 for losing)\n|raw|ChazzItUp4200's rating: 1361 &rarr; <strong>1380</strong><br />(+19 for winning)\n|c|\u2606ChazzItUp4200|Ain\u2019t no way\n|c|\u2606ChazzItUp4200|WELP\n|c|\u2606ChazzItUp4200|gg bucko\n",
  "uploadtime": 1776473037,
  "views": 45,
  "formatid": "gen9championsvgc2026regma",
  "rating": 1331,
  "private": 0,
  "password": null
}