{
  "id": "gen9championsvgc2026regma-2587621624",
  "format": "[Gen 9 Champions] VGC 2026 Reg M-A",
  "players": [
    "SaylixB",
    "FallenTurtlle"
  ],
  "log": "|j|\u2606SaylixB\n|j|\u2606FallenTurtlle\n|t:|1776547748\n|gametype|doubles\n|player|p1|SaylixB|102|1201\n|player|p2|FallenTurtlle|serena|1232\n|gen|9\n|tier|[Gen 9 Champions] VGC 2026 Reg M-A\n|rated|\n|rule|Species Clause: Limit one of each Pok\u00e9mon\n|rule|Item Clause: Limit 1 of each item\n|clearpoke\n|poke|p1|Politoed, L50, M|\n|poke|p1|Dragonite, L50, M|\n|poke|p1|Basculegion, L50, M|\n|poke|p1|Archaludon, L50, M|\n|poke|p1|Sneasler, L50, M|\n|poke|p1|Sinistcha, L50|\n|poke|p2|Mamoswine, L50, F|\n|poke|p2|Aerodactyl, L50, F|\n|poke|p2|Incineroar, L50, M|\n|poke|p2|Meganium, L50, M, shiny|\n|poke|p2|Pelipper, L50, F|\n|poke|p2|Heliolisk, L50, F, shiny|\n|teampreview|4\n|inactive|Battle timer is ON: inactive players will automatically lose when time's up. (requested by SaylixB)\n|\n|t:|1776547768\n|teamsize|p1|4\n|teamsize|p2|4\n|start\n|switch|p1a: Basculegion|Basculegion, L50, M|100/100\n|switch|p1b: Sneasler|Sneasler, L50, M|100/100\n|switch|p2a: Meganium|Meganium, L50, M, shiny|100/100\n|switch|p2b: Mamoswine|Mamoswine, L50, F|100/100\n|turn|1\n|\n|t:|1776547780\n|switch|p2a: Incineroar|Incineroar, L50, M|100/100\n|-ability|p2a: Incineroar|Intimidate|boost\n|-unboost|p1a: Basculegion|atk|1\n|-unboost|p1b: Sneasler|atk|1\n|move|p1a: Basculegion|Flip Turn|p2b: Mamoswine\n|-supereffective|p2b: Mamoswine|1\n|-damage|p2b: Mamoswine|39/100\n|\n|t:|1776547789\n|switch|p1a: Politoed|Politoed, L50, M|100/100|[from] Flip Turn\n|-weather|RainDance|[from] ability: Drizzle|[of] p1a: Politoed\n|move|p1b: Sneasler|Dire Claw|p2a: Incineroar\n|-damage|p2a: Incineroar|79/100\n|move|p2b: Mamoswine|Icicle Crash|p1b: Sneasler\n|-damage|p1b: Sneasler|7/100\n|\n|-weather|RainDance|[upkeep]\n|-heal|p2a: Incineroar|85/100|[from] item: Leftovers\n|upkeep\n|turn|2\n|\n|t:|1776547806\n|switch|p1b: Basculegion|Basculegion, L50, M|100/100\n|switch|p2b: Heliolisk|Heliolisk, L50, F, shiny|100/100\n|move|p2a: Incineroar|Fake Out|p1b: Basculegion\n|-immune|p1b: Basculegion\n|move|p1a: Politoed|Weather Ball|p2a: Incineroar\n|-supereffective|p2a: Incineroar|1\n|-damage|p2a: Incineroar|0 fnt\n|faint|p2a: Incineroar\n|\n|-weather|RainDance|[upkeep]\n|upkeep\n|\n|t:|1776547812\n|switch|p2a: Meganium|Meganium, L50, M, shiny|100/100\n|turn|3\n|\n|t:|1776547834\n|detailschange|p2a: Meganium|Meganium-Mega, L50, M, shiny\n|-mega|p2a: Meganium|Meganium|Meganiumite\n|move|p1a: Politoed|Protect|p1a: Politoed\n|-singleturn|p1a: Politoed|Protect\n|move|p1b: Basculegion|Flip Turn|p2a: Meganium\n|-resisted|p2a: Meganium|1\n|-damage|p2a: Meganium|76/100\n|\n|t:|1776547840\n|switch|p1b: Archaludon|Archaludon, L50, M|100/100|[from] Flip Turn\n|move|p2b: Heliolisk|Electroweb|p1a: Politoed|[spread] \n|-activate|p1a: Politoed|move: Protect\n|-miss|p2b: Heliolisk|p1b: Archaludon\n|move|p2a: Meganium|Dazzling Gleam|p1a: Politoed|[spread] p1b\n|-activate|p1a: Politoed|move: Protect\n|-damage|p1b: Archaludon|44/100\n|\n|-weather|RainDance|[upkeep]\n|upkeep\n|turn|4\n|inactive|SaylixB has 30 seconds left.\n|inactive|SaylixB has 20 seconds left.\n|inactive|SaylixB has 15 seconds left.\n|inactive|SaylixB has 10 seconds left.\n|inactive|SaylixB has 5 seconds left.\n|\n|t:|1776547891\n|move|p2b: Heliolisk|Electroweb|p1b: Archaludon|[spread] p1a\n|-miss|p2b: Heliolisk|p1b: Archaludon\n|-supereffective|p1a: Politoed|1\n|-damage|p1a: Politoed|64/100\n|-unboost|p1a: Politoed|spe|1\n|move|p1b: Archaludon|Flash Cannon|p2a: Meganium\n|-supereffective|p2a: Meganium|1\n|-damage|p2a: Meganium|7/100\n|-unboost|p2a: Meganium|spd|1\n|move|p2a: Meganium|Dazzling Gleam|p1a: Politoed|[spread] p1a,p1b\n|-damage|p1a: Politoed|37/100\n|-damage|p1b: Archaludon|0 fnt\n|faint|p1b: Archaludon\n|move|p1a: Politoed|Weather Ball|p2b: Heliolisk\n|-immune|p2b: Heliolisk|[from] ability: Dry Skin\n|\n|-weather|RainDance|[upkeep]\n|-heal|p1a: Politoed|43/100|[from] item: Leftovers\n|upkeep\n|\n|t:|1776547909\n|switch|p1b: Sneasler|Sneasler, L50, M|7/100\n|turn|5\n|\n|t:|1776547924\n|move|p2b: Heliolisk|Protect|p2b: Heliolisk\n|-singleturn|p2b: Heliolisk|Protect\n|move|p1b: Sneasler|Fake Out|p2b: Heliolisk\n|-activate|p2b: Heliolisk|move: Protect\n|move|p2a: Meganium|Solar Beam||[still]\n|-prepare|p2a: Meganium|Solar Beam\n|-activate|p2a: Meganium|ability: Mega Sol\n|-anim|p2a: Meganium|Solar Beam|p1a: Politoed\n|-supereffective|p1a: Politoed|1\n|-damage|p1a: Politoed|0 fnt\n|faint|p1a: Politoed\n|\n|-weather|none\n|upkeep\n|\n|t:|1776547936\n|switch|p1a: Basculegion|Basculegion, L50, M|100/100\n|turn|6\n|inactive|FallenTurtlle has 30 seconds left.\n|\n|t:|1776547968\n|switch|p2b: Mamoswine|Mamoswine, L50, F|39/100\n|move|p1a: Basculegion|Last Respects|p2b: Mamoswine\n|-damage|p2b: Mamoswine|0 fnt\n|faint|p2b: Mamoswine\n|move|p1b: Sneasler|Dire Claw|p2a: Meganium\n|-supereffective|p2a: Meganium|2\n|-damage|p2a: Meganium|0 fnt\n|faint|p2a: Meganium\n|\n|upkeep\n|\n|t:|1776547971\n|switch|p2a: Heliolisk|Heliolisk, L50, F, shiny|100/100\n|turn|7\n|\n|t:|1776547983\n|move|p1a: Basculegion|Last Respects|p2a: Heliolisk\n|-immune|p2a: Heliolisk\n|move|p1b: Sneasler|Close Combat|p2a: Heliolisk\n|-supereffective|p2a: Heliolisk|1\n|-damage|p2a: Heliolisk|0 fnt\n|-unboost|p1b: Sneasler|def|1\n|-unboost|p1b: Sneasler|spd|1\n|faint|p2a: Heliolisk\n|\n|win|SaylixB\n|raw|SaylixB's rating: 1201 &rarr; <strong>1228</strong><br />(+27 for winning)\n|raw|FallenTurtlle's rating: 1232 &rarr; <strong>1205</strong><br />(-27 for losing)\n",
  "uploadtime": 1776547983,
  "views": 15,
  "formatid": "gen9championsvgc2026regma",
  "rating": 1205,
  "private": 0,
  "password": null
}