{
  "id": "gen9championsvgc2026regma-2586846884",
  "format": "[Gen 9 Champions] VGC 2026 Reg M-A",
  "players": [
    "riku797vgc5",
    "hipig109"
  ],
  "log": "|j|\u2606riku797vgc5\n|j|\u2606hipig109\n|t:|1776464917\n|gametype|doubles\n|player|p1|riku797vgc5|1|1245\n|player|p2|hipig109|1|1194\n|gen|9\n|tier|[Gen 9 Champions] VGC 2026 Reg M-A\n|rated|\n|rule|Species Clause: Limit one of each Pok\u00e9mon\n|rule|Item Clause: Limit 1 of each item\n|clearpoke\n|poke|p1|Kommo-o, L50, F|\n|poke|p1|Maushold, L50|\n|poke|p1|Incineroar, L50, M|\n|poke|p1|Gengar, L50, M|\n|poke|p1|Sinistcha, L50|\n|poke|p1|Kingambit, L50, M|\n|poke|p2|Jolteon, L50, M|\n|poke|p2|Arcanine-Hisui, L50, M|\n|poke|p2|Froslass, L50, F|\n|poke|p2|Garchomp, L50, F|\n|poke|p2|Hydreigon, L50, F|\n|poke|p2|Sneasler, L50, F|\n|teampreview|4\n|\n|t:|1776464956\n|teamsize|p1|4\n|teamsize|p2|4\n|start\n|switch|p1a: Incineroar|Incineroar, L50, M, shiny|100/100\n|switch|p1b: Kingambit|Kingambit, L50, M, shiny|100/100\n|switch|p2a: Froslass|Froslass, L50, F|100/100\n|switch|p2b: Sneasler|Sneasler, L50, F|100/100\n|-ability|p1a: Incineroar|Intimidate|boost\n|-unboost|p2a: Froslass|atk|1\n|-unboost|p2b: Sneasler|atk|1\n|-enditem|p2b: Sneasler|White Herb\n|-clearnegativeboost|p2b: Sneasler|[silent]\n|turn|1\n|\n|t:|1776464978\n|switch|p2a: Garchomp|Garchomp, L50, F|100/100\n|move|p1b: Kingambit|Protect|p1b: Kingambit\n|-singleturn|p1b: Kingambit|Protect\n|move|p2b: Sneasler|Close Combat|p1b: Kingambit\n|-activate|p1b: Kingambit|move: Protect\n|move|p1a: Incineroar|Parting Shot|p2a: Garchomp\n|-unboost|p2a: Garchomp|atk|1\n|-unboost|p2a: Garchomp|spa|1\n|\n|t:|1776464983\n|switch|p1a: Gengar|Gengar, L50, M, shiny|100/100|[from] Parting Shot\n|\n|upkeep\n|turn|2\n|\n|t:|1776464997\n|switch|p1b: Incineroar|Incineroar, L50, M, shiny|100/100\n|-ability|p1b: Incineroar|Intimidate|boost\n|-unboost|p2a: Garchomp|atk|1\n|-unboost|p2b: Sneasler|atk|1\n|detailschange|p1a: Gengar|Gengar-Mega, L50, M, shiny\n|-mega|p1a: Gengar|Gengar|Gengarite\n|move|p2b: Sneasler|Close Combat|p1b: Incineroar\n|-supereffective|p1b: Incineroar|1\n|-damage|p1b: Incineroar|22/100\n|-unboost|p2b: Sneasler|def|1\n|-unboost|p2b: Sneasler|spd|1\n|-enditem|p1b: Incineroar|Sitrus Berry|[eat]\n|-heal|p1b: Incineroar|47/100|[from] item: Sitrus Berry\n|move|p2a: Garchomp|Stomping Tantrum|p1a: Gengar\n|-supereffective|p1a: Gengar|1\n|-damage|p1a: Gengar|50/100\n|move|p1a: Gengar|Perish Song|p1a: Gengar\n|-start|p1a: Gengar|perish3|[silent]\n|-start|p1b: Incineroar|perish3|[silent]\n|-start|p2a: Garchomp|perish3|[silent]\n|-start|p2b: Sneasler|perish3|[silent]\n|-fieldactivate|move: Perish Song\n|\n|-start|p2b: Sneasler|perish3\n|-start|p2a: Garchomp|perish3\n|-start|p1a: Gengar|perish3\n|-start|p1b: Incineroar|perish3\n|upkeep\n|turn|3\n|\n|t:|1776465016\n|move|p1b: Incineroar|Fake Out|p2a: Garchomp\n|-damage|p2a: Garchomp|91/100\n|-damage|p1b: Incineroar|35/100|[from] ability: Rough Skin|[of] p2a: Garchomp\n|move|p2b: Sneasler|Close Combat|p1b: Incineroar\n|-supereffective|p1b: Incineroar|1\n|-damage|p1b: Incineroar|0 fnt\n|-unboost|p2b: Sneasler|def|1\n|-unboost|p2b: Sneasler|spd|1\n|faint|p1b: Incineroar\n|cant|p2a: Garchomp|flinch\n|move|p1a: Gengar|Disable|p2a: Garchomp\n|-start|p2a: Garchomp|Disable|Stomping Tantrum\n|\n|-start|p2b: Sneasler|perish2\n|-start|p2a: Garchomp|perish2\n|-start|p1a: Gengar|perish2\n|upkeep\n|\n|t:|1776465018\n|switch|p1b: Sinistcha|Sinistcha, L50|100/100\n|-heal|p1a: Gengar|75/100|[from] ability: Hospitality|[of] p1b: Sinistcha\n|turn|4\n|\n|t:|1776465028\n|move|p1a: Gengar|Protect|p1a: Gengar\n|-singleturn|p1a: Gengar|Protect\n|move|p2b: Sneasler|Rock Tomb|p1a: Gengar\n|-activate|p1a: Gengar|move: Protect\n|-activate|p2a: Garchomp|move: Struggle\n|move|p2a: Garchomp|Struggle|p1b: Sinistcha\n|-damage|p1b: Sinistcha|92/100\n|-damage|p2a: Garchomp|66/100|[from] recoil\n|move|p1b: Sinistcha|Life Dew|p1b: Sinistcha|[spread] p1a,p1b\n|-heal|p1a: Gengar|99/100\n|-heal|p1b: Sinistcha|100/100\n|\n|-start|p2b: Sneasler|perish1\n|-start|p2a: Garchomp|perish1\n|-start|p1a: Gengar|perish1\n|upkeep\n|turn|5\n|\n|t:|1776465039\n|switch|p1a: Kingambit|Kingambit, L50, M, shiny|100/100\n|move|p1b: Sinistcha|Rage Powder|p1b: Sinistcha\n|-singleturn|p1b: Sinistcha|move: Rage Powder\n|move|p2b: Sneasler|Rock Tomb|p1b: Sinistcha\n|-damage|p1b: Sinistcha|87/100\n|-unboost|p1b: Sinistcha|spe|1\n|-activate|p2a: Garchomp|move: Struggle\n|move|p2a: Garchomp|Struggle|p1b: Sinistcha\n|-damage|p1b: Sinistcha|79/100\n|-damage|p2a: Garchomp|41/100|[from] recoil\n|\n|-start|p2b: Sneasler|perish0\n|-start|p2a: Garchomp|perish0\n|upkeep\n|faint|p2b: Sneasler\n|faint|p2a: Garchomp\n|\n|t:|1776465041\n|switch|p2b: Hydreigon|Hydreigon, L50, F|100/100\n|switch|p2a: Froslass|Froslass, L50, F|100/100\n|turn|6\n|\n|t:|1776465062\n|detailschange|p2a: Froslass|Froslass-Mega, L50, F\n|-mega|p2a: Froslass|Froslass|Froslassite\n|-weather|Snowscape|[from] ability: Snow Warning|[of] p2a: Froslass\n|move|p1a: Kingambit|Protect|p1a: Kingambit\n|-singleturn|p1a: Kingambit|Protect\n|move|p1b: Sinistcha|Protect|p1b: Sinistcha\n|-singleturn|p1b: Sinistcha|Protect\n|move|p2a: Froslass|Blizzard|p1a: Kingambit|[spread] \n|-activate|p1a: Kingambit|move: Protect\n|-activate|p1b: Sinistcha|move: Protect\n|move|p2b: Hydreigon|Dark Pulse|p1b: Sinistcha\n|-activate|p1b: Sinistcha|move: Protect\n|\n|-weather|Snowscape|[upkeep]\n|upkeep\n|turn|7\n|\n|t:|1776465073\n|move|p1a: Kingambit|Sucker Punch|p2a: Froslass\n|-supereffective|p2a: Froslass|1\n|-damage|p2a: Froslass|9/100\n|move|p2a: Froslass|Blizzard|p1a: Kingambit|[spread] p1a,p1b\n|-resisted|p1a: Kingambit|1\n|-supereffective|p1b: Sinistcha|1\n|-damage|p1a: Kingambit|78/100\n|-damage|p1b: Sinistcha|0 fnt\n|faint|p1b: Sinistcha\n|move|p2b: Hydreigon|Dark Pulse|p1a: Kingambit\n|-resisted|p1a: Kingambit|1\n|-damage|p1a: Kingambit|58/100\n|\n|-weather|Snowscape|[upkeep]\n|upkeep\n|\n|t:|1776465076\n|switch|p1b: Gengar|Gengar-Mega, L50, M, shiny|99/100\n|turn|8\n|\n|t:|1776465086\n|move|p1a: Kingambit|Sucker Punch|p2a: Froslass\n|-supereffective|p2a: Froslass|1\n|-damage|p2a: Froslass|0 fnt\n|faint|p2a: Froslass\n|move|p1b: Gengar|Disable|p2b: Hydreigon\n|-start|p2b: Hydreigon|Disable|Dark Pulse\n|cant|p2b: Hydreigon|Disable|Dark Pulse\n|\n|-weather|Snowscape|[upkeep]\n|upkeep\n|turn|9\n|\n|t:|1776465099\n|move|p1b: Gengar|Perish Song|p1b: Gengar\n|-start|p1a: Kingambit|perish3|[silent]\n|-start|p1b: Gengar|perish3|[silent]\n|-start|p2b: Hydreigon|perish3|[silent]\n|-fieldactivate|move: Perish Song\n|move|p2b: Hydreigon|Draco Meteor|p1b: Gengar\n|-damage|p1b: Gengar|26/100\n|-unboost|p2b: Hydreigon|spa|2\n|move|p1a: Kingambit|Iron Head|p2b: Hydreigon\n|-damage|p2b: Hydreigon|45/100\n|-enditem|p2b: Hydreigon|Sitrus Berry|[eat]\n|-heal|p2b: Hydreigon|70/100|[from] item: Sitrus Berry\n|\n|-weather|Snowscape|[upkeep]\n|-start|p1b: Gengar|perish3\n|-start|p2b: Hydreigon|perish3\n|-start|p1a: Kingambit|perish3\n|upkeep\n|turn|10\n|-message|hipig109 forfeited.\n|\n|win|riku797vgc5\n|raw|riku797vgc5's rating: 1245 &rarr; <strong>1266</strong><br />(+21 for winning)\n|raw|hipig109's rating: 1194 &rarr; <strong>1173</strong><br />(-21 for losing)\n",
  "uploadtime": 1776465106,
  "views": 25,
  "formatid": "gen9championsvgc2026regma",
  "rating": 1173,
  "private": 0,
  "password": null
}