{
  "id": "gen9championsvgc2026regma-2586541330",
  "format": "[Gen 9 Champions] VGC 2026 Reg M-A",
  "players": [
    "masterzeroomc",
    "PhpRyV"
  ],
  "log": "|j|\u2606masterzeroomc\n|j|\u2606PhpRyV\n|t:|1776441771\n|gametype|doubles\n|player|p1|masterzeroomc|red|1191\n|player|p2|PhpRyV|pokemonbreeder-gen4|1123\n|gen|9\n|tier|[Gen 9 Champions] VGC 2026 Reg M-A\n|rated|\n|rule|Species Clause: Limit one of each Pok\u00e9mon\n|rule|Item Clause: Limit 1 of each item\n|clearpoke\n|poke|p1|Crabominable, L50, F|\n|poke|p1|Farigiraf, L50, M|\n|poke|p1|Incineroar, L50, F|\n|poke|p1|Sinistcha, L50|\n|poke|p1|Kingambit, L50, F|\n|poke|p1|Kangaskhan, L50, F|\n|poke|p2|Lycanroc-Dusk, L50, F|\n|poke|p2|Garchomp, L50, F|\n|poke|p2|Incineroar, L50, F|\n|poke|p2|Ceruledge, L50, F|\n|poke|p2|Rotom-Wash, L50|\n|poke|p2|Gallade, L50, M|\n|teampreview|4\n|inactive|Battle timer is ON: inactive players will automatically lose when time's up. (requested by masterzeroomc)\n|inactive|masterzeroomc has 60 seconds left.\n|inactive|PhpRyV has 60 seconds left.\n|inactive|masterzeroomc has 30 seconds left.\n|\n|t:|1776441839\n|teamsize|p1|4\n|teamsize|p2|4\n|start\n|switch|p1a: Farigiraf|Farigiraf, L50, M|100/100\n|switch|p1b: Crabominable|Crabominable, L50, F|100/100\n|switch|p2a: Rotom|Rotom-Wash, L50|100/100\n|switch|p2b: Easter|Incineroar, L50, F|100/100\n|-ability|p2b: Easter|Intimidate|boost\n|-unboost|p1a: Farigiraf|atk|1\n|-fail|p1b: Crabominable|unboost|Attack|[from] ability: Hyper Cutter|[of] p1b: Crabominable\n|turn|1\n|\n|t:|1776441863\n|move|p1b: Crabominable|Protect|p1b: Crabominable\n|-singleturn|p1b: Crabominable|Protect\n|move|p2a: Rotom|Hydro Pump|p1a: Farigiraf\n|-damage|p1a: Farigiraf|57/100\n|move|p2b: Easter|Darkest Lariat|p1a: Farigiraf\n|-supereffective|p1a: Farigiraf|1\n|-damage|p1a: Farigiraf|0 fnt\n|faint|p1a: Farigiraf\n|\n|upkeep\n|\n|t:|1776441866\n|switch|p1a: Incineroar|Incineroar, L50, F|100/100\n|-ability|p1a: Incineroar|Intimidate|boost\n|-unboost|p2a: Rotom|atk|1\n|-unboost|p2b: Easter|atk|1\n|turn|2\n|\n|t:|1776441881\n|detailschange|p1b: Crabominable|Crabominable-Mega, L50, F\n|-mega|p1b: Crabominable|Crabominable|Crabominite\n|move|p1a: Incineroar|Fake Out|p2b: Easter\n|-damage|p2b: Easter|88/100\n|move|p2a: Rotom|Discharge|p1a: Incineroar|[spread] p2b,p1a,p1b\n|-damage|p2b: Easter|59/100\n|-damage|p1a: Incineroar|67/100\n|-damage|p1b: Crabominable|75/100\n|-status|p1a: Incineroar|par\n|cant|p2b: Easter|flinch\n|move|p1b: Crabominable|Drain Punch|p2b: Easter\n|-supereffective|p2b: Easter|1\n|-damage|p2b: Easter|0 fnt\n|-heal|p1b: Crabominable|100/100|[from] drain|[of] p2b: Easter\n|faint|p2b: Easter\n|\n|upkeep\n|\n|t:|1776441896\n|switch|p2b: Garchomp|Garchomp, L50, F|100/100\n|turn|3\n|\n|t:|1776441913\n|move|p2b: Garchomp|Earthquake|p1b: Crabominable|[spread] p1a,p1b\n|-immune|p2a: Rotom|[from] ability: Levitate\n|-supereffective|p1a: Incineroar|1\n|-damage|p1a: Incineroar|0 fnt\n|-damage|p1b: Crabominable|73/100\n|faint|p1a: Incineroar\n|move|p2a: Rotom|Discharge|p1b: Crabominable|[spread] p1b\n|-immune|p2b: Garchomp\n|-damage|p1b: Crabominable|48/100\n|move|p1b: Crabominable|Drain Punch|p2a: Rotom\n|-damage|p2a: Rotom|38/100\n|-heal|p1b: Crabominable|72/100|[from] drain|[of] p2a: Rotom\n|\n|upkeep\n|\n|t:|1776441927\n|switch|p1a: Kingambit|Kingambit, L50, F|100/100\n|turn|4\n|\n|t:|1776441938\n|move|p2a: Rotom|Protect|p2a: Rotom\n|-singleturn|p2a: Rotom|Protect\n|move|p1a: Kingambit|Protect|p1a: Kingambit\n|-singleturn|p1a: Kingambit|Protect\n|move|p2b: Garchomp|Earthquake|p1b: Crabominable|[spread] p1b\n|-activate|p2a: Rotom|move: Protect\n|-activate|p1a: Kingambit|move: Protect\n|-damage|p1b: Crabominable|45/100\n|move|p1b: Crabominable|Ice Punch|p2b: Garchomp\n|-supereffective|p2b: Garchomp|2\n|-damage|p2b: Garchomp|0 fnt\n|-damage|p1b: Crabominable|32/100|[from] ability: Rough Skin|[of] p2b: Garchomp\n|faint|p2b: Garchomp\n|\n|upkeep\n|\n|t:|1776441943\n|switch|p2b: Gallade|Gallade, L50, M|100/100\n|turn|5\n|inactive|masterzeroomc has 30 seconds left.\n|inactive|masterzeroomc has 20 seconds left.\n|inactive|masterzeroomc has 15 seconds left.\n|\n|t:|1776441987\n|move|p1b: Crabominable|Protect|p1b: Crabominable\n|-singleturn|p1b: Crabominable|Protect\n|move|p2a: Rotom|Hydro Pump|p1b: Crabominable\n|-activate|p1b: Crabominable|move: Protect\n|move|p2b: Gallade|Sacred Sword|p1a: Kingambit\n|-supereffective|p1a: Kingambit|2\n|-damage|p1a: Kingambit|0 fnt\n|faint|p1a: Kingambit\n|\n|upkeep\n|turn|6\n|\n|t:|1776442000\n|move|p2a: Rotom|Hydro Pump|p1b: Crabominable\n|-damage|p1b: Crabominable|0 fnt\n|faint|p1b: Crabominable\n|\n|win|PhpRyV\n|raw|masterzeroomc's rating: 1191 &rarr; <strong>1161</strong><br />(-30 for losing)\n|raw|PhpRyV's rating: 1123 &rarr; <strong>1153</strong><br />(+30 for winning)\n|l|\u2606masterzeroomc\n|player|p1|\n",
  "uploadtime": 1776442007,
  "views": 25,
  "formatid": "gen9championsvgc2026regma",
  "rating": 1153,
  "private": 0,
  "password": null
}