{
  "id": "gen9championsvgc2026regma-2584723980",
  "format": "[Gen 9 Champions] VGC 2026 Reg M-A",
  "players": [
    "balzzzzz",
    "dkapflzksh"
  ],
  "log": "|j|\u2606balzzzzz\n|j|\u2606dkapflzksh\n|t:|1776279195\n|gametype|doubles\n|player|p1|balzzzzz|ballguy|1313\n|player|p2|dkapflzksh|scientist-gen4dp|1376\n|gen|9\n|tier|[Gen 9 Champions] VGC 2026 Reg M-A\n|rated|\n|rule|Species Clause: Limit one of each Pok\u00e9mon\n|rule|Item Clause: Limit 1 of each item\n|clearpoke\n|poke|p1|Aerodactyl, L50, F|\n|poke|p1|Glimmora, L50, M|\n|poke|p1|Incineroar, L50, F|\n|poke|p1|Sinistcha, L50|\n|poke|p1|Blastoise, L50, M|\n|poke|p1|Meganium, L50, M|\n|poke|p2|Pelipper, L50, M|\n|poke|p2|Basculegion, L50, M|\n|poke|p2|Dragonite, L50, M|\n|poke|p2|Archaludon, L50, F|\n|poke|p2|Incineroar, L50, F|\n|poke|p2|Floette-Eternal, L50, F|\n|teampreview|4\n|inactive|Battle timer is ON: inactive players will automatically lose when time's up. (requested by balzzzzz)\n|inactive|dkapflzksh has 60 seconds left.\nbalzzzzz rejected open team sheets.\n|\n|t:|1776279228\n|teamsize|p1|4\n|teamsize|p2|4\n|start\n|switch|p1a: Incineroar|Incineroar, L50, F, shiny|100/100\n|switch|p1b: Blastoise|Blastoise, L50, M|100/100\n|switch|p2a: Pelipper|Pelipper, L50, M, shiny|100/100\n|switch|p2b: Basculegion|Basculegion, L50, M, shiny|100/100\n|-weather|RainDance|[from] ability: Drizzle|[of] p2a: Pelipper\n|-ability|p1a: Incineroar|Intimidate|boost\n|-unboost|p2a: Pelipper|atk|1\n|-unboost|p2b: Basculegion|atk|1\n|turn|1\n|inactive|dkapflzksh has 30 seconds left.\n|\n|t:|1776279261\n|switch|p2a: Archaludon|Archaludon, L50, F, shiny|100/100\n|move|p2b: Basculegion|Liquidation|p1b: Blastoise\n|-resisted|p1b: Blastoise|1\n|-damage|p1b: Blastoise|77/100\n|-unboost|p1b: Blastoise|def|1\n|move|p1b: Blastoise|Shell Smash|p1b: Blastoise\n|-unboost|p1b: Blastoise|def|1\n|-unboost|p1b: Blastoise|spd|1\n|-boost|p1b: Blastoise|atk|2\n|-boost|p1b: Blastoise|spa|2\n|-boost|p1b: Blastoise|spe|2\n|move|p1a: Incineroar|Darkest Lariat|p2b: Basculegion\n|-supereffective|p2b: Basculegion|1\n|-enditem|p2b: Basculegion|Focus Sash\n|-damage|p2b: Basculegion|1/100\n|\n|-weather|RainDance|[upkeep]\n|-heal|p1b: Blastoise|83/100|[from] ability: Rain Dish\n|upkeep\n|turn|2\n|\n|t:|1776279284\n|move|p1b: Blastoise|Protect|p1b: Blastoise\n|-singleturn|p1b: Blastoise|Protect\n|move|p2b: Basculegion|Flip Turn|p1a: Incineroar\n|-supereffective|p1a: Incineroar|1\n|-damage|p1a: Incineroar|46/100\n|\n|t:|1776279294\n|switch|p2b: Pelipper|Pelipper, L50, M, shiny|100/100|[from] Flip Turn\n|move|p2a: Archaludon|Electro Shot||[still]\n|-prepare|p2a: Archaludon|Electro Shot\n|-boost|p2a: Archaludon|spa|1\n|-anim|p2a: Archaludon|Electro Shot|p1b: Blastoise\n|-activate|p1b: Blastoise|move: Protect\n|move|p1a: Incineroar|Parting Shot|p2a: Archaludon\n|-unboost|p2a: Archaludon|atk|1\n|-unboost|p2a: Archaludon|spa|1\n|\n|t:|1776279300\n|switch|p1a: Sinistcha|Sinistcha, L50|100/100|[from] Parting Shot\n|-heal|p1b: Blastoise|100/100|[from] ability: Hospitality|[of] p1a: Sinistcha\n|\n|-weather|RainDance|[upkeep]\n|upkeep\n|turn|3\n|\n|t:|1776279317\n|detailschange|p1b: Blastoise|Blastoise-Mega, L50, M\n|-mega|p1b: Blastoise|Blastoise|Blastoisinite\n|move|p1a: Sinistcha|Rage Powder|p1a: Sinistcha\n|-singleturn|p1a: Sinistcha|move: Rage Powder\n|move|p1b: Blastoise|Water Spout|p2a: Archaludon|[spread] p2a,p2b\n|-resisted|p2a: Archaludon|1\n|-resisted|p2b: Pelipper|1\n|-damage|p2a: Archaludon|13/100\n|-damage|p2b: Pelipper|0 fnt\n|-ability|p2a: Archaludon|Stamina|boost\n|-boost|p2a: Archaludon|def|1\n|faint|p2b: Pelipper\n|move|p2a: Archaludon|Electro Shot||[still]\n|-prepare|p2a: Archaludon|Electro Shot\n|-boost|p2a: Archaludon|spa|1\n|-anim|p2a: Archaludon|Electro Shot|p1a: Sinistcha\n|-resisted|p1a: Sinistcha|1\n|-damage|p1a: Sinistcha|70/100\n|\n|-weather|RainDance|[upkeep]\n|-heal|p2a: Archaludon|19/100|[from] item: Leftovers\n|upkeep\n|\n|t:|1776279337\n|switch|p2b: Floette|Floette-Eternal, L50, F|100/100\n|turn|4\n|\n|t:|1776279344\n|detailschange|p2b: Floette|Floette-Mega, L50, F\n|-mega|p2b: Floette|Floette|Floettite\n|-ability|p2b: Floette|Fairy Aura\n|move|p2a: Archaludon|Protect|p2a: Archaludon\n|-singleturn|p2a: Archaludon|Protect\n|move|p1a: Sinistcha|Rage Powder|p1a: Sinistcha\n|-singleturn|p1a: Sinistcha|move: Rage Powder\n|move|p1b: Blastoise|Water Spout|p2b: Floette|[spread] p2b\n|-activate|p2a: Archaludon|move: Protect\n|-damage|p2b: Floette|0 fnt\n|faint|p2b: Floette\n|\n|-weather|RainDance|[upkeep]\n|-heal|p2a: Archaludon|25/100|[from] item: Leftovers\n|upkeep\n|\n|t:|1776279362\n|switch|p2b: Basculegion|Basculegion, L50, M, shiny|1/100\n|turn|5\n|\n|t:|1776279371\n|move|p1a: Sinistcha|Rage Powder|p1a: Sinistcha\n|-singleturn|p1a: Sinistcha|move: Rage Powder\n|move|p1b: Blastoise|Water Spout|p2b: Basculegion|[spread] p2a,p2b\n|-resisted|p2a: Archaludon|1\n|-resisted|p2b: Basculegion|1\n|-damage|p2a: Archaludon|0 fnt\n|-damage|p2b: Basculegion|0 fnt\n|faint|p2a: Archaludon\n|faint|p2b: Basculegion\n|\n|win|balzzzzz\n|raw|balzzzzz's rating: 1313 &rarr; <strong>1337</strong><br />(+24 for winning)\n|raw|dkapflzksh's rating: 1376 &rarr; <strong>1352</strong><br />(-24 for losing)\n",
  "uploadtime": 1776279372,
  "views": 31,
  "formatid": "gen9championsvgc2026regma",
  "rating": 1337,
  "private": 0,
  "password": null
}