{
  "id": "gen9championsvgc2026regma-2580453074",
  "format": "[Gen 9 Champions] VGC 2026 Reg M-A",
  "players": [
    "sodarist",
    "scinxv"
  ],
  "log": "|j|\u2606sodarist\n|j|\u2606scinxv\n|t:|1775898823\n|gametype|doubles\n|player|p1|sodarist|steven|1000\n|player|p2|scinxv|clerkf|1026\n|gen|9\n|tier|[Gen 9 Champions] VGC 2026 Reg M-A\n|rated|\n|rule|Species Clause: Limit one of each Pok\u00e9mon\n|rule|Item Clause: Limit 1 of each item\n|clearpoke\n|poke|p1|Tyranitar, L50, M|\n|poke|p1|Whimsicott, L50, M|\n|poke|p1|Excadrill, L50, M|\n|poke|p1|Milotic, L50, M|\n|poke|p1|Meowscarada, L50, F|\n|poke|p1|Incineroar, L50, M|\n|poke|p2|Scizor, L50, M|\n|poke|p2|Incineroar, L50, F|\n|poke|p2|Garchomp, L50, F|\n|poke|p2|Basculegion, L50, M|\n|poke|p2|Pelipper, L50, M|\n|poke|p2|Meowscarada, L50, F|\n|teampreview|4\n|\n|t:|1775898871\n|teamsize|p1|4\n|teamsize|p2|4\n|start\n|switch|p1a: Milotic|Milotic, L50, M|100/100\n|switch|p1b: Whimsicott|Whimsicott, L50, M|100/100\n|switch|p2a: Basculegion|Basculegion, L50, M|100/100\n|switch|p2b: Garchomp|Garchomp, L50, F|100/100\n|turn|1\n|\n|t:|1775898893\n|move|p2b: Garchomp|Protect|p2b: Garchomp\n|-singleturn|p2b: Garchomp|Protect\n|move|p1b: Whimsicott|Tailwind|p1b: Whimsicott\n|-sidestart|p1: sodarist|move: Tailwind\n|move|p1a: Milotic|Ice Beam|p2b: Garchomp\n|-activate|p2b: Garchomp|move: Protect\n|move|p2a: Basculegion|Flip Turn|p1b: Whimsicott\n|-resisted|p1b: Whimsicott|1\n|-damage|p1b: Whimsicott|78/100\n|\n|t:|1775898905\n|switch|p2a: Meowscarada|Meowscarada, L50, F|100/100|[from] Flip Turn\n|\n|upkeep\n|turn|2\n|\n|t:|1775898922\n|switch|p1a: Tyranitar|Tyranitar, L50, M|100/100\n|-weather|Sandstorm|[from] ability: Sand Stream|[of] p1a: Tyranitar\n|switch|p2b: Basculegion|Basculegion, L50, M|100/100\n|move|p2a: Meowscarada|Protect|p2a: Meowscarada\n|-singleturn|p2a: Meowscarada|Protect\n|move|p1b: Whimsicott|Moonblast|p2b: Basculegion\n|-damage|p2b: Basculegion|59/100\n|\n|-weather|Sandstorm|[upkeep]\n|-damage|p1b: Whimsicott|72/100|[from] Sandstorm\n|-damage|p2b: Basculegion|53/100|[from] Sandstorm\n|-damage|p2a: Meowscarada|95/100|[from] Sandstorm\n|upkeep\n|turn|3\n|\n|t:|1775898953\n|switch|p2a: Scizor|Scizor, L50, M|100/100\n|detailschange|p1a: Tyranitar|Tyranitar-Mega, L50, M\n|-mega|p1a: Tyranitar|Tyranitar|Tyranitarite\n|move|p1b: Whimsicott|Helping Hand|p1a: Tyranitar\n|-singleturn|p1a: Tyranitar|Helping Hand|[of] p1b: Whimsicott\n|move|p1a: Tyranitar|Rock Slide|p2b: Basculegion|[spread] p2a,p2b\n|-damage|p2a: Scizor|52/100\n|-damage|p2b: Basculegion|0 fnt\n|faint|p2b: Basculegion\n|\n|-weather|Sandstorm|[upkeep]\n|-damage|p1b: Whimsicott|66/100|[from] Sandstorm\n|upkeep\n|\n|t:|1775898969\n|switch|p2b: Meowscarada|Meowscarada, L50, F|95/100\n|turn|4\n|\n|t:|1775898987\n|detailschange|p2a: Scizor|Scizor-Mega, L50, M\n|-mega|p2a: Scizor|Scizor|Scizorite\n|move|p1b: Whimsicott|Moonblast|p2b: Meowscarada\n|-supereffective|p2b: Meowscarada|1\n|-damage|p2b: Meowscarada|0 fnt\n|faint|p2b: Meowscarada\n|move|p1a: Tyranitar|Aerial Ace|p2a: Scizor\n|-damage|p2a: Scizor|35/100\n|move|p2a: Scizor|Bug Bite|p1b: Whimsicott\n|-damage|p1b: Whimsicott|2/100\n|\n|-weather|Sandstorm|[upkeep]\n|-damage|p1b: Whimsicott|0 fnt|[from] Sandstorm\n|faint|p1b: Whimsicott\n|-sideend|p1: sodarist|move: Tailwind\n|upkeep\n|\n|t:|1775899005\n|switch|p2b: Garchomp|Garchomp, L50, F|100/100\n|switch|p1b: Milotic|Milotic, L50, M|100/100\n|turn|5\n|-message|scinxv forfeited.\n|\n|win|sodarist\n|raw|sodarist's rating: 1000 &rarr; <strong>1043</strong><br />(+43 for winning)\n|raw|scinxv's rating: 1026 &rarr; <strong>1011</strong><br />(-15 for losing)\n|l|\u2606scinxv\n|player|p2|\n",
  "uploadtime": 1775899018,
  "views": 18,
  "formatid": "gen9championsvgc2026regma",
  "rating": 1011,
  "private": 0,
  "password": null
}