{
  "id": "gen9championsvgc2026regma-2587199582",
  "format": "[Gen 9 Champions] VGC 2026 Reg M-A",
  "players": [
    "Yaoshi",
    "Yhsnsh"
  ],
  "log": "|j|\u2606Yaoshi\n|j|\u203dYhsnsh\n|t:|1776507898\n|gametype|doubles\n|player|p1|Yaoshi|steven-masters3|1177\n|player|p2|Yhsnsh|266|1101\n|gen|9\n|tier|[Gen 9 Champions] VGC 2026 Reg M-A\n|rated|\n|rule|Species Clause: Limit one of each Pok\u00e9mon\n|rule|Item Clause: Limit 1 of each item\n|clearpoke\n|poke|p1|Ampharos, L50, M, shiny|\n|poke|p1|Reuniclus, L50, F, shiny|\n|poke|p1|Cofagrigus, L50, F, shiny|\n|poke|p1|Rhyperior, L50, F, shiny|\n|poke|p1|Drampa, L50, F, shiny|\n|poke|p1|Hatterene, L50, F|\n|poke|p2|Pelipper, L50, M|\n|poke|p2|Starmie, L50|\n|poke|p2|Archaludon, L50, F|\n|poke|p2|Basculegion, L50, M|\n|poke|p2|Incineroar, L50, F|\n|poke|p2|Sinistcha, L50|\n|teampreview|4\n|inactive|Battle timer is ON: inactive players will automatically lose when time's up. (requested by Yaoshi)\n|\n|t:|1776507928\n|teamsize|p1|4\n|teamsize|p2|4\n|start\n|switch|p1a: Cofagrigus|Cofagrigus, L50, F, shiny|100/100\n|switch|p1b: Rhyperior|Rhyperior, L50, F, shiny|100/100\n|switch|p2a: Pelipper|Pelipper, L50, M|100/100\n|switch|p2b: Basculegion|Basculegion, L50, M|100/100\n|-weather|RainDance|[from] ability: Drizzle|[of] p2a: Pelipper\n|turn|1\n|\n|t:|1776507945\n|move|p1b: Rhyperior|Protect|p1b: Rhyperior\n|-singleturn|p1b: Rhyperior|Protect\n|move|p2b: Basculegion|Last Respects|p1a: Cofagrigus\n|-supereffective|p1a: Cofagrigus|1\n|-damage|p1a: Cofagrigus|67/100\n|move|p2a: Pelipper|Weather Ball|p1b: Rhyperior\n|-activate|p1b: Rhyperior|move: Protect\n|move|p1a: Cofagrigus|Trick Room|p1a: Cofagrigus\n|-fieldstart|move: Trick Room|[of] p1a: Cofagrigus\n|\n|-weather|RainDance|[upkeep]\n|upkeep\n|turn|2\n|\n|t:|1776507969\n|move|p2b: Basculegion|Aqua Jet|p1b: Rhyperior\n|-supereffective|p1b: Rhyperior|2\n|-damage|p1b: Rhyperior|32/100\n|move|p1a: Cofagrigus|Shadow Ball|p2b: Basculegion\n|-supereffective|p2b: Basculegion|1\n|-damage|p2b: Basculegion|33/100\n|move|p1b: Rhyperior|Rock Slide|p2b: Basculegion|[spread] p2b\n|-miss|p1b: Rhyperior|p2a: Pelipper\n|-damage|p2b: Basculegion|0 fnt\n|faint|p2b: Basculegion\n|move|p2a: Pelipper|Weather Ball|p1b: Rhyperior\n|-supereffective|p1b: Rhyperior|2\n|-damage|p1b: Rhyperior|0 fnt\n|faint|p1b: Rhyperior\n|\n|-weather|RainDance|[upkeep]\n|upkeep\n|\n|t:|1776507987\n|switch|p1b: Ampharos|Ampharos, L50, M, shiny|100/100\n|switch|p2b: Starmie|Starmie, L50|100/100\n|turn|3\n|\n|t:|1776508008\n|switch|p1a: Hatterene|Hatterene, L50, F|100/100\n|detailschange|p1b: Ampharos|Ampharos-Mega, L50, M, shiny\n|-mega|p1b: Ampharos|Ampharos|Ampharosite\n|-ability|p1b: Ampharos|Mold Breaker\n|detailschange|p2b: Starmie|Starmie-Mega, L50\n|-mega|p2b: Starmie|Starmie|Starminite\n|move|p2a: Pelipper|Protect|p2a: Pelipper\n|-singleturn|p2a: Pelipper|Protect\n|move|p1b: Ampharos|Discharge|p2b: Starmie|[spread] p1a,p2b\n|-activate|p2a: Pelipper|move: Protect\n|-supereffective|p2b: Starmie|1\n|-damage|p1a: Hatterene|69/100\n|-damage|p2b: Starmie|0 fnt\n|-status|p1a: Hatterene|par\n|faint|p2b: Starmie\n|\n|-weather|RainDance|[upkeep]\n|-heal|p1a: Hatterene|75/100 par|[from] item: Leftovers\n|upkeep\n|\n|t:|1776508024\n|switch|p2b: Archaludon|Archaludon, L50, F|100/100\n|turn|4\n|\n|t:|1776508047\n|move|p1a: Hatterene|Dazzling Gleam|p2a: Pelipper|[spread] p2a,p2b\n|-damage|p2a: Pelipper|49/100\n|-damage|p2b: Archaludon|64/100\n|-ability|p2b: Archaludon|Stamina|boost\n|-boost|p2b: Archaludon|def|1\n|move|p1b: Ampharos|Focus Blast|p2b: Archaludon\n|-supereffective|p2b: Archaludon|1\n|-damage|p2b: Archaludon|0 fnt\n|faint|p2b: Archaludon\n|move|p2a: Pelipper|Hurricane|p1a: Hatterene\n|-damage|p1a: Hatterene|35/100 par\n|\n|-weather|RainDance|[upkeep]\n|-heal|p1a: Hatterene|41/100 par|[from] item: Leftovers\n|upkeep\n|turn|5\n|\n|t:|1776508061\n|move|p1a: Hatterene|Life Dew||[still]|[spread] p1a,p1b\n|-heal|p1a: Hatterene|66/100 par\n|-fail|p1b: Ampharos|heal\n|move|p1b: Ampharos|Discharge|p2a: Pelipper|[spread] p1a,p2a\n|-supereffective|p2a: Pelipper|2\n|-damage|p1a: Hatterene|32/100 par\n|-damage|p2a: Pelipper|0 fnt\n|faint|p2a: Pelipper\n|\n|win|Yaoshi\n|raw|Yaoshi's rating: 1177 &rarr; <strong>1197</strong><br />(+20 for winning)\n|raw|Yhsnsh's rating: 1101 &rarr; <strong>1081</strong><br />(-20 for losing)\n",
  "uploadtime": 1776508069,
  "views": 15,
  "formatid": "gen9championsvgc2026regma",
  "rating": 1081,
  "private": 0,
  "password": null
}