{
  "id": "gen9championsvgc2026regma-2585174208",
  "format": "[Gen 9 Champions] VGC 2026 Reg M-A",
  "players": [
    "aznkiri",
    "Eragonz"
  ],
  "log": "|j|\u2606aznkiri\n|j|\u2606Eragonz\n|t:|1776321029\n|gametype|doubles\n|player|p1|aznkiri|hilbert|1137\n|player|p2|Eragonz|palmer|1217\n|gen|9\n|tier|[Gen 9 Champions] VGC 2026 Reg M-A\n|rated|\n|rule|Species Clause: Limit one of each Pok\u00e9mon\n|rule|Item Clause: Limit 1 of each item\n|clearpoke\n|poke|p1|Heliolisk, L50, M|\n|poke|p1|Garchomp, L50, F|\n|poke|p1|Sneasler, L50, F|\n|poke|p1|Milotic, L50, F|\n|poke|p1|Chandelure, L50, F|\n|poke|p1|Whimsicott, L50, M|\n|poke|p2|Pelipper, L50, M|\n|poke|p2|Archaludon, L50, F|\n|poke|p2|Maushold-Four, L50|\n|poke|p2|Basculegion, L50, M|\n|poke|p2|Froslass, L50, F|\n|poke|p2|Sableye, L50, M|\n|teampreview|4\n|\n|t:|1776321065\n|teamsize|p1|4\n|teamsize|p2|4\n|start\n|switch|p1a: Heliolisk|Heliolisk, L50, M|100/100\n|switch|p1b: Sneasler|Sneasler, L50, F|100/100\n|switch|p2a: Froslass|Froslass, L50, F|100/100\n|switch|p2b: Sableye|Sableye, L50, M, shiny|100/100\n|turn|1\n|\n|t:|1776321107\n|move|p2a: Froslass|Protect|p2a: Froslass\n|-singleturn|p2a: Froslass|Protect\n|move|p2b: Sableye|Thunder Wave|p1b: Sneasler\n|-status|p1b: Sneasler|par\n|move|p1a: Heliolisk|Shed Tail|p1a: Heliolisk\n|-start|p1a: Heliolisk|Substitute|[from] move: Shed Tail\n|-damage|p1a: Heliolisk|50/100\n|\n|t:|1776321116\n|switch|p1a: Chandelure|Chandelure, L50, F|100/100|[from] Shed Tail\n|move|p1b: Sneasler|Dire Claw|p2a: Froslass\n|-activate|p2a: Froslass|move: Protect\n|\n|upkeep\n|turn|2\n|\n|t:|1776321138\n|switch|p1b: Heliolisk|Heliolisk, L50, M|50/100\n|detailschange|p2a: Froslass|Froslass-Mega, L50, F\n|-mega|p2a: Froslass|Froslass|Froslassite\n|-weather|Snowscape|[from] ability: Snow Warning|[of] p2a: Froslass\n|detailschange|p1a: Chandelure|Chandelure-Mega, L50, F\n|-mega|p1a: Chandelure|Chandelure|Chandelurite\n|move|p2b: Sableye|Disable||[still]\n|-fail|p2b: Sableye\n|move|p2a: Froslass|Aurora Veil|p2a: Froslass\n|-sidestart|p2: Eragonz|move: Aurora Veil\n|move|p1a: Chandelure|Heat Wave|p2b: Sableye|[spread] p2a,p2b\n|-supereffective|p2a: Froslass|1\n|-damage|p2a: Froslass|0 fnt\n|-damage|p2b: Sableye|37/100\n|faint|p2a: Froslass\n|\n|-weather|Snowscape|[upkeep]\n|upkeep\n|\n|t:|1776321157\n|switch|p2a: Pelipper|Pelipper, L50, M|100/100\n|-weather|RainDance|[from] ability: Drizzle|[of] p2a: Pelipper\n|turn|3\n|\n|t:|1776321169\n|switch|p2b: Archaludon|Archaludon, L50, F|100/100\n|move|p1b: Heliolisk|Thunderbolt|p2a: Pelipper\n|-supereffective|p2a: Pelipper|2\n|-enditem|p2a: Pelipper|Focus Sash\n|-damage|p2a: Pelipper|1/100\n|move|p2a: Pelipper|Tailwind|p2a: Pelipper\n|-sidestart|p2: Eragonz|move: Tailwind\n|move|p1a: Chandelure|Heat Wave|p2a: Pelipper|[spread] p2a,p2b\n|-resisted|p2a: Pelipper|1\n|-damage|p2a: Pelipper|0 fnt\n|-damage|p2b: Archaludon|73/100\n|-ability|p2b: Archaludon|Stamina|boost\n|-boost|p2b: Archaludon|def|1\n|faint|p2a: Pelipper\n|\n|-weather|RainDance|[upkeep]\n|-heal|p1b: Heliolisk|62/100|[from] ability: Dry Skin\n|-heal|p2b: Archaludon|79/100|[from] item: Leftovers\n|upkeep\n|\n|t:|1776321184\n|switch|p2a: Sableye|Sableye, L50, M, shiny|37/100\n|turn|4\n|\n|t:|1776321197\n|move|p2a: Sableye|Disable|p1a: Chandelure\n|-start|p1a: Chandelure|Disable|Heat Wave\n|move|p2b: Archaludon|Electro Shot||[still]\n|-prepare|p2b: Archaludon|Electro Shot\n|-boost|p2b: Archaludon|spa|1\n|-anim|p2b: Archaludon|Electro Shot|p1b: Heliolisk\n|-resisted|p1b: Heliolisk|1\n|-damage|p1b: Heliolisk|19/100\n|move|p1b: Heliolisk|Thunderbolt|p2a: Sableye\n|-damage|p2a: Sableye|6/100\n|move|p1a: Chandelure|Shadow Ball|p2b: Archaludon\n|-damage|p2b: Archaludon|22/100\n|-ability|p2b: Archaludon|Stamina|boost\n|-boost|p2b: Archaludon|def|1\n|\n|-weather|RainDance|[upkeep]\n|-heal|p1b: Heliolisk|31/100|[from] ability: Dry Skin\n|-heal|p2b: Archaludon|28/100|[from] item: Leftovers\n|upkeep\n|turn|5\n|\n|t:|1776321235\n|move|p2b: Archaludon|Protect|p2b: Archaludon\n|-singleturn|p2b: Archaludon|Protect\n|move|p1b: Heliolisk|Electroweb|p2a: Sableye|[spread] p2a\n|-activate|p2b: Archaludon|move: Protect\n|-damage|p2a: Sableye|0 fnt\n|faint|p2a: Sableye\n|move|p1a: Chandelure|Shadow Ball|p2b: Archaludon\n|-activate|p2b: Archaludon|move: Protect\n|\n|-weather|RainDance|[upkeep]\n|-heal|p1b: Heliolisk|44/100|[from] ability: Dry Skin\n|-heal|p2b: Archaludon|34/100|[from] item: Leftovers\n|upkeep\n|turn|6\n|-message|Eragonz forfeited.\n|\n|win|aznkiri\n|raw|aznkiri's rating: 1137 &rarr; <strong>1168</strong><br />(+31 for winning)\n|raw|Eragonz's rating: 1217 &rarr; <strong>1186</strong><br />(-31 for losing)\n|l|\u2606Eragonz\n|player|p2|\n",
  "uploadtime": 1776321256,
  "views": 17,
  "formatid": "gen9championsvgc2026regma",
  "rating": 1168,
  "private": 0,
  "password": null
}