{
  "id": "gen9championsvgc2026regma-2584199431",
  "format": "[Gen 9 Champions] VGC 2026 Reg M-A",
  "players": [
    "hydracrew1414",
    "CasualitoGaming"
  ],
  "log": "|j|\u2606hydracrew1414\n|j|\u2606CasualitoGaming\n|t:|1776237317\n|gametype|doubles\n|player|p1|hydracrew1414|101|1056\n|player|p2|CasualitoGaming|harlequin|1032\n|gen|9\n|tier|[Gen 9 Champions] VGC 2026 Reg M-A\n|rated|\n|rule|Species Clause: Limit one of each Pok\u00e9mon\n|rule|Item Clause: Limit 1 of each item\n|clearpoke\n|poke|p1|Crabominable, L50, F|\n|poke|p1|Mr. Rime, L50, F|\n|poke|p1|Clefable, L50, M|\n|poke|p1|Garganacl, L50, F|\n|poke|p1|Mudsdale, L50, F|\n|poke|p1|Tsareena, L50, F|\n|poke|p2|Froslass, L50, F|\n|poke|p2|Basculegion, L50, M|\n|poke|p2|Raichu, L50, F|\n|poke|p2|Meowscarada, L50, M|\n|poke|p2|Incineroar, L50, F|\n|poke|p2|Whimsicott, L50, F|\n|teampreview|4\n|\n|t:|1776237356\n|teamsize|p1|4\n|teamsize|p2|4\n|start\n|switch|p1a: Garganacl|Garganacl, L50, F|100/100\n|switch|p1b: Crabominable|Crabominable, L50, F|100/100\n|switch|p2a: Basculegion|Basculegion, L50, M|100/100\n|switch|p2b: Raichu|Raichu, L50, F|100/100\n|turn|1\n|inactive|Battle timer is ON: inactive players will automatically lose when time's up. (requested by hydracrew1414)\n|\n|t:|1776237384\n|switch|p1a: Tsareena|Tsareena, L50, F|100/100\n|move|p2b: Raichu|Fake Out||[still]\n|cant|p1a: Tsareena|ability: Queenly Majesty|Fake Out|[of] p2b: Raichu\n|move|p2a: Basculegion|Liquidation|p1a: Tsareena\n|-resisted|p1a: Tsareena|1\n|-damage|p1a: Tsareena|60/100\n|-unboost|p1a: Tsareena|def|1\n|move|p1b: Crabominable|Ice Hammer|p2b: Raichu\n|-enditem|p2b: Raichu|Focus Sash\n|-damage|p2b: Raichu|1/100\n|-unboost|p1b: Crabominable|spe|1\n|\n|upkeep\n|turn|2\n|inactive|CasualitoGaming has 30 seconds left.\n|inactive|hydracrew1414 has 30 seconds left.\n|\n|t:|1776237416\n|move|p2a: Basculegion|Protect|p2a: Basculegion\n|-singleturn|p2a: Basculegion|Protect\n|move|p1b: Crabominable|Mach Punch|p2b: Raichu\n|-damage|p2b: Raichu|0 fnt\n|faint|p2b: Raichu\n|move|p1a: Tsareena|Power Whip|p2a: Basculegion\n|-activate|p2a: Basculegion|move: Protect\n|\n|upkeep\n|\n|t:|1776237429\n|switch|p2b: Incineroar|Incineroar, L50, F|100/100\n|-ability|p2b: Incineroar|Intimidate|boost\n|-unboost|p1a: Tsareena|atk|1\n|-fail|p1b: Crabominable|unboost|Attack|[from] ability: Hyper Cutter|[of] p1b: Crabominable\n|turn|3\n|\n|t:|1776237447\n|detailschange|p1b: Crabominable|Crabominable-Mega, L50, F\n|-mega|p1b: Crabominable|Crabominable|Crabominite\n|move|p1a: Tsareena|Protect|p1a: Tsareena\n|-singleturn|p1a: Tsareena|Protect\n|move|p2a: Basculegion|Last Respects|p1b: Crabominable\n|-damage|p1b: Crabominable|49/100\n|move|p2b: Incineroar|Will-O-Wisp|p1b: Crabominable\n|-status|p1b: Crabominable|brn\n|move|p1b: Crabominable|Crabhammer|p2b: Incineroar\n|-supereffective|p2b: Incineroar|1\n|-damage|p2b: Incineroar|60/100\n|\n|-damage|p1b: Crabominable|44/100 brn|[from] brn\n|upkeep\n|turn|4\n|inactive|CasualitoGaming has 30 seconds left.\n|inactive|CasualitoGaming has 20 seconds left.\n|\n|t:|1776237486\n|move|p2a: Basculegion|Last Respects|p1a: Tsareena\n|-damage|p1a: Tsareena|0 fnt\n|faint|p1a: Tsareena\n|move|p2b: Incineroar|Parting Shot|p1b: Crabominable\n|-unboost|p1b: Crabominable|atk|1\n|-unboost|p1b: Crabominable|spa|1\n|\n|t:|1776237492\n|switch|p2b: Froslass|Froslass, L50, F|100/100|[from] Parting Shot\n|move|p1b: Crabominable|Crabhammer|p2b: Froslass\n|-crit|p2b: Froslass\n|-damage|p2b: Froslass|49/100\n|\n|-damage|p1b: Crabominable|38/100 brn|[from] brn\n|upkeep\n|\n|t:|1776237508\n|switch|p1a: Garganacl|Garganacl, L50, F|100/100\n|turn|5\n|\n|t:|1776237527\n|detailschange|p2b: Froslass|Froslass-Mega, L50, F\n|-mega|p2b: Froslass|Froslass|Froslassite\n|-weather|Snowscape|[from] ability: Snow Warning|[of] p2b: Froslass\n|move|p2b: Froslass|Hex|p1b: Crabominable\n|-damage|p1b: Crabominable|0 fnt\n|faint|p1b: Crabominable\n|move|p2a: Basculegion|Liquidation|p1a: Garganacl\n|-supereffective|p1a: Garganacl|1\n|-damage|p1a: Garganacl|0 fnt\n|faint|p1a: Garganacl\n|\n|-weather|Snowscape|[upkeep]\n|upkeep\n|inactive|hydracrew1414 has 30 seconds left.\n|l|\u2606hydracrew1414\n|inactive|hydracrew1414 disconnected and has a minute to reconnect!\n|player|p1|\n|inactive|hydracrew1414 has 20 seconds left.\n|inactive|hydracrew1414 has 15 seconds left.\n|inactive|hydracrew1414 has 10 seconds left.\n|inactive|hydracrew1414 has 5 seconds left.\n|-message|hydracrew1414 lost due to inactivity.\n|\n|win|CasualitoGaming\n|raw|hydracrew1414's rating: 1056 &rarr; <strong>1036</strong><br />(-20 for losing)\n|raw|CasualitoGaming's rating: 1032 &rarr; <strong>1070</strong><br />(+38 for winning)\n",
  "uploadtime": 1776237585,
  "views": 14,
  "formatid": "gen9championsvgc2026regma",
  "rating": 1036,
  "private": 0,
  "password": null
}