{
  "id": "gen9championsvgc2026regma-2582185016",
  "format": "[Gen 9 Champions] VGC 2026 Reg M-A",
  "players": [
    "Shifty38",
    "tekkenhanma"
  ],
  "log": "|j|\u2606Shifty38\n|j|\u2606tekkenhanma\n|t:|1776068711\n|gametype|doubles\n|player|p1|Shifty38|blaine|1107\n|player|p2|tekkenhanma|shadowtriad|1059\n|gen|9\n|tier|[Gen 9 Champions] VGC 2026 Reg M-A\n|rated|\n|rule|Species Clause: Limit one of each Pok\u00e9mon\n|rule|Item Clause: Limit 1 of each item\n|clearpoke\n|poke|p1|Slowking, L50, M|\n|poke|p1|Incineroar, L50, M|\n|poke|p1|Camerupt, L50, F|\n|poke|p1|Crabominable, L50, M|\n|poke|p1|Hatterene, L50, F|\n|poke|p1|Whimsicott, L50, F|\n|poke|p2|Delphox, L50, F|\n|poke|p2|Sneasler, L50, F|\n|poke|p2|Maushold-Four, L50|\n|poke|p2|Charizard, L50, F|\n|poke|p2|Milotic, L50, F|\n|poke|p2|Whimsicott, L50, F|\n|teampreview|4\n|inactive|Battle timer is ON: inactive players will automatically lose when time's up. (requested by tekkenhanma)\n|inactive|Shifty38 has 60 seconds left.\n|inactive|tekkenhanma has 60 seconds left.\n|\n|t:|1776068769\n|teamsize|p1|4\n|teamsize|p2|4\n|start\n|switch|p1a: Slowking|Slowking, L50, M|100/100\n|switch|p1b: Incineroar|Incineroar, L50, M|100/100\n|switch|p2a: Maushold|Maushold-Four, L50, shiny|100/100\n|switch|p2b: Delphox|Delphox, L50, F|100/100\n|-ability|p1b: Incineroar|Intimidate|boost\n|-unboost|p2a: Maushold|atk|1\n|-unboost|p2b: Delphox|atk|1\n|turn|1\n|inactive|tekkenhanma has 30 seconds left.\n|\n|t:|1776068797\n|detailschange|p2b: Delphox|Delphox-Mega, L50, F\n|-mega|p2b: Delphox|Delphox|Delphoxite\n|move|p2b: Delphox|Protect|p2b: Delphox\n|-singleturn|p2b: Delphox|Protect\n|move|p1b: Incineroar|Fake Out|p2b: Delphox\n|-activate|p2b: Delphox|move: Protect\n|move|p2a: Maushold|Taunt|p1a: Slowking\n|-immune|p1a: Slowking|[from] ability: Oblivious\n|move|p1a: Slowking|Trick Room|p1a: Slowking\n|-fieldstart|move: Trick Room|[of] p1a: Slowking\n|\n|upkeep\n|turn|2\n|inactive|tekkenhanma has 30 seconds left.\n|\n|t:|1776068830\n|move|p2a: Maushold|Follow Me|p2a: Maushold\n|-singleturn|p2a: Maushold|move: Follow Me\n|move|p1a: Slowking|Scald|p2a: Maushold\n|-damage|p2a: Maushold|56/100\n|move|p1b: Incineroar|Darkest Lariat|p2a: Maushold\n|-damage|p2a: Maushold|3/100\n|move|p2b: Delphox|Substitute|p2b: Delphox\n|-start|p2b: Delphox|Substitute\n|-damage|p2b: Delphox|75/100\n|\n|upkeep\n|turn|3\n|inactive|Shifty38 has 30 seconds left.\n|inactive|tekkenhanma has 30 seconds left.\n|\n|t:|1776068856\n|move|p2a: Maushold|Protect|p2a: Maushold\n|-singleturn|p2a: Maushold|Protect\n|move|p1a: Slowking|Scald|p2b: Delphox\n|-supereffective|p2b: Delphox|1\n|-end|p2b: Delphox|Substitute\n|move|p1b: Incineroar|Darkest Lariat|p2b: Delphox\n|-supereffective|p2b: Delphox|1\n|-damage|p2b: Delphox|4/100\n|move|p2b: Delphox|Shadow Ball|p1a: Slowking\n|-supereffective|p1a: Slowking|1\n|-damage|p1a: Slowking|56/100\n|\n|upkeep\n|turn|4\n|inactive|tekkenhanma has 30 seconds left.\n|\n|t:|1776068890\n|move|p2b: Delphox|Protect|p2b: Delphox\n|-singleturn|p2b: Delphox|Protect\n|move|p1a: Slowking|Scald|p2a: Maushold\n|-damage|p2a: Maushold|0 fnt\n|faint|p2a: Maushold\n|move|p1b: Incineroar|Darkest Lariat|p2b: Delphox\n|-activate|p2b: Delphox|move: Protect\n|\n|upkeep\n|\n|t:|1776068901\n|switch|p2a: Milotic|Milotic, L50, F, shiny|100/100\n|turn|5\n|\n|t:|1776068912\n|move|p2b: Delphox|Protect||[still]\n|-fail|p2b: Delphox\n|move|p1a: Slowking|Psychic Noise|p2a: Milotic\n|-damage|p2a: Milotic|81/100\n|-start|p2a: Milotic|move: Heal Block\n|move|p1b: Incineroar|Darkest Lariat|p2b: Delphox\n|-supereffective|p2b: Delphox|1\n|-damage|p2b: Delphox|0 fnt\n|faint|p2b: Delphox\n|move|p2a: Milotic|Icy Wind|p1b: Incineroar|[spread] p1a,p1b\n|-resisted|p1a: Slowking|1\n|-resisted|p1b: Incineroar|1\n|-damage|p1a: Slowking|50/100\n|-damage|p1b: Incineroar|97/100\n|-unboost|p1a: Slowking|spe|1\n|-unboost|p1b: Incineroar|spe|1\n|\n|-fieldend|move: Trick Room\n|upkeep\n|-message|tekkenhanma forfeited.\n|\n|win|Shifty38\n|raw|Shifty38's rating: 1107 &rarr; <strong>1129</strong><br />(+22 for winning)\n|raw|tekkenhanma's rating: 1059 &rarr; <strong>1043</strong><br />(-16 for losing)\n|l|\u2606tekkenhanma\n|player|p2|\n",
  "uploadtime": 1776068969,
  "views": 21,
  "formatid": "gen9championsvgc2026regma",
  "rating": 1043,
  "private": 0,
  "password": null
}