{
  "id": "gen9championsvgc2026regma-2583225307",
  "format": "[Gen 9 Champions] VGC 2026 Reg M-A",
  "players": [
    "sal19",
    "LeDGeNDaRY95"
  ],
  "log": "|j|\u2606sal19\n|j|\u2606LeDGeNDaRY95\n|t:|1776156766\n|gametype|doubles\n|player|p1|sal19|lucas|1299\n|player|p2|LeDGeNDaRY95|101|1309\n|gen|9\n|tier|[Gen 9 Champions] VGC 2026 Reg M-A\n|rated|\n|rule|Species Clause: Limit one of each Pok\u00e9mon\n|rule|Item Clause: Limit 1 of each item\n|clearpoke\n|poke|p1|Froslass, L50, F|\n|poke|p1|Kangaskhan, L50, F|\n|poke|p1|Incineroar, L50, F|\n|poke|p1|Sinistcha, L50|\n|poke|p1|Milotic, L50, M|\n|poke|p1|Sneasler, L50, M|\n|poke|p2|Whimsicott, L50, M|\n|poke|p2|Charizard, L50, F|\n|poke|p2|Garchomp, L50, F|\n|poke|p2|Typhlosion-Hisui, L50, F|\n|poke|p2|Torkoal, L50, F|\n|poke|p2|Sinistcha, L50|\n|teampreview|4\n|inactive|Battle timer is ON: inactive players will automatically lose when time's up. (requested by LeDGeNDaRY95)\n|inactive|LeDGeNDaRY95 has 60 seconds left.\n|\n|t:|1776156799\n|teamsize|p1|4\n|teamsize|p2|4\n|start\n|switch|p1a: Kangaskhan|Kangaskhan, L50, F|100/100\n|switch|p1b: Sneasler|Sneasler, L50, M|100/100\n|switch|p2a: Charizard|Charizard, L50, F, shiny|100/100\n|switch|p2b: Typhlosion|Typhlosion-Hisui, L50, F|100/100\n|-item|p1a: Kangaskhan|Kangaskhanite|[from] ability: Frisk|[of] p2b: Typhlosion\n|-item|p1b: Sneasler|Focus Sash|[from] ability: Frisk|[of] p2b: Typhlosion\n|turn|1\n|\n|t:|1776156823\n|detailschange|p2a: Charizard|Charizard-Mega-Y, L50, F, shiny\n|-mega|p2a: Charizard|Charizard|Charizardite Y\n|-weather|SunnyDay|[from] ability: Drought|[of] p2a: Charizard\n|detailschange|p1a: Kangaskhan|Kangaskhan-Mega, L50, F\n|-mega|p1a: Kangaskhan|Kangaskhan|Kangaskhanite\n|move|p2a: Charizard|Protect|p2a: Charizard\n|-singleturn|p2a: Charizard|Protect\n|move|p1a: Kangaskhan|Sucker Punch|p2b: Typhlosion\n|-supereffective|p2b: Typhlosion|1\n|-damage|p2b: Typhlosion|20/100\n|-supereffective|p2b: Typhlosion|1\n|-damage|p2b: Typhlosion|3/100\n|-hitcount|p2b: Typhlosion|2\n|move|p2b: Typhlosion|Eruption|p1b: Sneasler|[spread] p1a,p1b\n|-damage|p1a: Kangaskhan|99/100\n|-damage|p1b: Sneasler|96/100\n|move|p1b: Sneasler|Coaching|p1a: Kangaskhan\n|-boost|p1a: Kangaskhan|atk|1\n|-boost|p1a: Kangaskhan|def|1\n|\n|-weather|SunnyDay|[upkeep]\n|upkeep\n|turn|2\n|\n|t:|1776156847\n|switch|p2b: Sinistcha|Sinistcha, L50|100/100\n|move|p1b: Sneasler|Dire Claw|p2b: Sinistcha\n|-damage|p2b: Sinistcha|63/100\n|-status|p2b: Sinistcha|psn\n|move|p2a: Charizard|Heat Wave|p1b: Sneasler|[spread] p1a\n|-miss|p2a: Charizard|p1b: Sneasler\n|-damage|p1a: Kangaskhan|41/100\n|move|p1a: Kangaskhan|Double-Edge|p2a: Charizard\n|-damage|p2a: Charizard|0 fnt\n|faint|p2a: Charizard\n|-hitcount|p2: Charizard|1\n|-damage|p1a: Kangaskhan|16/100|[from] Recoil\n|\n|-weather|SunnyDay|[upkeep]\n|-damage|p2b: Sinistcha|50/100 psn|[from] psn\n|upkeep\n|-enditem|p2b: Sinistcha|Sitrus Berry|[eat]\n|-heal|p2b: Sinistcha|75/100 psn|[from] item: Sitrus Berry\n|\n|t:|1776156865\n|switch|p2a: Garchomp|Garchomp, L50, F|100/100\n|turn|3\n|inactive|sal19 has 30 seconds left.\n|\n|t:|1776156895\n|move|p1b: Sneasler|Protect|p1b: Sneasler\n|-singleturn|p1b: Sneasler|Protect\n|move|p2b: Sinistcha|Rage Powder|p2b: Sinistcha\n|-singleturn|p2b: Sinistcha|move: Rage Powder\n|move|p1a: Kangaskhan|Sucker Punch||[still]\n|-fail|p1a: Kangaskhan\n|move|p2a: Garchomp|Stomping Tantrum|p1b: Sneasler\n|-activate|p1b: Sneasler|move: Protect\n|\n|-weather|SunnyDay|[upkeep]\n|-damage|p2b: Sinistcha|63/100 psn|[from] psn\n|upkeep\n|turn|4\n|inactive|LeDGeNDaRY95 has 30 seconds left.\n|inactive|LeDGeNDaRY95 has 20 seconds left.\n|\n|t:|1776156932\n|switch|p1b: Incineroar|Incineroar, L50, F|100/100\n|-ability|p1b: Incineroar|Intimidate|boost\n|-unboost|p2a: Garchomp|atk|1\n|-unboost|p2b: Sinistcha|atk|1\n|move|p1a: Kangaskhan|Sucker Punch|p2a: Garchomp\n|-damage|p2a: Garchomp|63/100\n|-damage|p1a: Kangaskhan|4/100|[from] ability: Rough Skin|[of] p2a: Garchomp\n|-crit|p2a: Garchomp\n|-damage|p2a: Garchomp|48/100\n|-damage|p1a: Kangaskhan|0 fnt|[from] ability: Rough Skin|[of] p2a: Garchomp\n|faint|p1a: Kangaskhan\n|-hitcount|p2a: Garchomp|2\n|move|p2a: Garchomp|Stomping Tantrum|p1b: Incineroar\n|-supereffective|p1b: Incineroar|1\n|-damage|p1b: Incineroar|38/100\n|move|p2b: Sinistcha|Strength Sap|p1b: Incineroar\n|-unboost|p1b: Incineroar|atk|1\n|-heal|p2b: Sinistcha|100/100 psn\n|\n|-weather|SunnyDay|[upkeep]\n|-damage|p2b: Sinistcha|88/100 psn|[from] psn\n|upkeep\n|\n|t:|1776156956\n|switch|p1a: Milotic|Milotic, L50, M|100/100\n|turn|5\n|\n|t:|1776156966\n|switch|p2b: Typhlosion|Typhlosion-Hisui, L50, F|3/100\n|-item|p1a: Milotic|Leftovers|[from] ability: Frisk|[of] p2b: Typhlosion\n|-item|p1b: Incineroar|Chople Berry|[from] ability: Frisk|[of] p2b: Typhlosion\n|move|p2a: Garchomp|Protect|p2a: Garchomp\n|-singleturn|p2a: Garchomp|Protect\n|move|p1b: Incineroar|Fake Out|p2a: Garchomp\n|-activate|p2a: Garchomp|move: Protect\n|move|p1a: Milotic|Coil|p1a: Milotic\n|-boost|p1a: Milotic|atk|1\n|-boost|p1a: Milotic|def|1\n|-boost|p1a: Milotic|accuracy|1\n|\n|-weather|none\n|upkeep\n|turn|6\n|inactive|LeDGeNDaRY95 has 30 seconds left.\n|\n|t:|1776156991\n|move|p2b: Typhlosion|Shadow Ball|p1a: Milotic\n|-damage|p1a: Milotic|77/100\n|move|p2a: Garchomp|Stomping Tantrum|p1b: Incineroar\n|-supereffective|p1b: Incineroar|1\n|-damage|p1b: Incineroar|0 fnt\n|faint|p1b: Incineroar\n|move|p1a: Milotic|Muddy Water|p2a: Garchomp|[spread] p2a,p2b\n|-supereffective|p2b: Typhlosion|1\n|-damage|p2a: Garchomp|19/100\n|-damage|p2b: Typhlosion|0 fnt\n|faint|p2b: Typhlosion\n|\n|-heal|p1a: Milotic|83/100|[from] item: Leftovers\n|upkeep\n|\n|t:|1776157006\n|switch|p2b: Sinistcha|Sinistcha, L50|88/100 psn\n|switch|p1b: Sneasler|Sneasler, L50, M|96/100\n|-heal|p2a: Garchomp|44/100|[from] ability: Hospitality|[of] p2b: Sinistcha\n|turn|7\n|\n|t:|1776157017\n|move|p1b: Sneasler|Protect|p1b: Sneasler\n|-singleturn|p1b: Sneasler|Protect\n|move|p2a: Garchomp|Protect|p2a: Garchomp\n|-singleturn|p2a: Garchomp|Protect\n|move|p1a: Milotic|Hypnosis||[still]\n|-fail|p1a: Milotic\n|move|p2b: Sinistcha|Matcha Gotcha|p1b: Sneasler|[spread] p1a\n|-activate|p1b: Sneasler|move: Protect\n|-supereffective|p1a: Milotic|1\n|-damage|p1a: Milotic|50/100\n|-heal|p2b: Sinistcha|100/100 psn|[from] drain|[of] p1a: Milotic\n|-status|p1a: Milotic|brn\n|\n|-heal|p1a: Milotic|56/100 brn|[from] item: Leftovers\n|-damage|p2b: Sinistcha|88/100 psn|[from] psn\n|-damage|p1a: Milotic|50/100 brn|[from] brn\n|upkeep\n|turn|8\n|\n|t:|1776157042\n|move|p2b: Sinistcha|Rage Powder|p2b: Sinistcha\n|-singleturn|p2b: Sinistcha|move: Rage Powder\n|move|p1b: Sneasler|Close Combat|p2b: Sinistcha\n|-immune|p2b: Sinistcha\n|move|p2a: Garchomp|Stomping Tantrum|p1b: Sneasler\n|-supereffective|p1b: Sneasler|1\n|-damage|p1b: Sneasler|0 fnt\n|faint|p1b: Sneasler\n|move|p1a: Milotic|Hypnosis||[still]\n|-fail|p1a: Milotic\n|\n|-heal|p1a: Milotic|56/100 brn|[from] item: Leftovers\n|-damage|p2b: Sinistcha|75/100 psn|[from] psn\n|-damage|p1a: Milotic|50/100 brn|[from] brn\n|upkeep\n|turn|9\n|-message|sal19 forfeited.\n|\n|win|LeDGeNDaRY95\n|raw|sal19's rating: 1299 &rarr; <strong>1275</strong><br />(-24 for losing)\n|raw|LeDGeNDaRY95's rating: 1309 &rarr; <strong>1328</strong><br />(+19 for winning)\n|l|\u2606sal19\n|player|p1|\n",
  "uploadtime": 1776157077,
  "views": 56,
  "formatid": "gen9championsvgc2026regma",
  "rating": 1275,
  "private": 0,
  "password": null
}