{
  "id": "gen9championsvgc2026regma-2587620696",
  "format": "[Gen 9 Champions] VGC 2026 Reg M-A",
  "players": [
    "FernandaXP",
    "sluggopeej"
  ],
  "log": "|j|\u2606FernandaXP\n|j|\u2606sluggopeej\n|t:|1776547664\n|gametype|doubles\n|player|p1|FernandaXP|boarder|1464\n|player|p2|sluggopeej|102|1583\n|gen|9\n|tier|[Gen 9 Champions] VGC 2026 Reg M-A\n|rated|\n|rule|Species Clause: Limit one of each Pok\u00e9mon\n|rule|Item Clause: Limit 1 of each item\n|clearpoke\n|poke|p1|Froslass, L50, F|\n|poke|p1|Orthworm, L50, F|\n|poke|p1|Garchomp, L50, M|\n|poke|p1|Basculegion, L50, M|\n|poke|p1|Incineroar, L50, M|\n|poke|p1|Rotom-Frost, L50|\n|poke|p2|Meganium, L50, M|\n|poke|p2|Milotic, L50, M|\n|poke|p2|Kangaskhan, L50, F|\n|poke|p2|Aerodactyl, L50, M|\n|poke|p2|Sneasler, L50, F|\n|poke|p2|Typhlosion-Hisui, L50, M|\n|teampreview|4\n|inactive|Battle timer is ON: inactive players will automatically lose when time's up. (requested by FernandaXP)\n|inactive|sluggopeej has 60 seconds left.\n|\n|t:|1776547738\n|teamsize|p1|4\n|teamsize|p2|4\n|start\n|switch|p1a: Froslass|Froslass, L50, F|100/100\n|switch|p1b: Basculegion|Basculegion, L50, M|100/100\n|switch|p2a: Aerodactyl|Aerodactyl, L50, M|100/100\n|switch|p2b: Meganium|Meganium, L50, M|100/100\n|-ability|p2a: Aerodactyl|Unnerve\n|turn|1\n|inactive|FernandaXP has 30 seconds left.\n|\n|t:|1776547765\n|detailschange|p1a: Froslass|Froslass-Mega, L50, F\n|-mega|p1a: Froslass|Froslass|Froslassite\n|-weather|Snowscape|[from] ability: Snow Warning|[of] p1a: Froslass\n|detailschange|p2b: Meganium|Meganium-Mega, L50, M\n|-mega|p2b: Meganium|Meganium|Meganiumite\n|move|p1a: Froslass|Protect|p1a: Froslass\n|-singleturn|p1a: Froslass|Protect\n|move|p1b: Basculegion|Flip Turn|p2a: Aerodactyl\n|-supereffective|p2a: Aerodactyl|1\n|-enditem|p2a: Aerodactyl|Focus Sash\n|-damage|p2a: Aerodactyl|1/100\n|\n|t:|1776547775\n|switch|p1b: Incineroar|Incineroar, L50, M|100/100|[from] Flip Turn\n|-ability|p1b: Incineroar|Intimidate|boost\n|-unboost|p2a: Aerodactyl|atk|1\n|-unboost|p2b: Meganium|atk|1\n|move|p2a: Aerodactyl|Tailwind|p2a: Aerodactyl\n|-sidestart|p2: sluggopeej|move: Tailwind\n|move|p2b: Meganium|Weather Ball|p1a: Froslass\n|-activate|p1a: Froslass|move: Protect\n|\n|-weather|Snowscape|[upkeep]\n|upkeep\n|turn|2\n|inactive|FernandaXP has 30 seconds left.\n|\n|t:|1776547804\n|move|p2a: Aerodactyl|Protect|p2a: Aerodactyl\n|-singleturn|p2a: Aerodactyl|Protect\n|move|p2b: Meganium|Protect|p2b: Meganium\n|-singleturn|p2b: Meganium|Protect\n|move|p1b: Incineroar|Fake Out|p2b: Meganium\n|-activate|p2b: Meganium|move: Protect\n|move|p1a: Froslass|Blizzard|p2b: Meganium|[spread] \n|-activate|p2a: Aerodactyl|move: Protect\n|-activate|p2b: Meganium|move: Protect\n|\n|-weather|Snowscape|[upkeep]\n|upkeep\n|turn|3\n|inactive|sluggopeej has 30 seconds left.\n|\n|t:|1776547836\n|switch|p2b: Milotic|Milotic, L50, M|100/100\n|move|p1a: Froslass|Protect|p1a: Froslass\n|-singleturn|p1a: Froslass|Protect\n|move|p2a: Aerodactyl|Rock Slide|p1a: Froslass|[spread] p1b\n|-activate|p1a: Froslass|move: Protect\n|-supereffective|p1b: Incineroar|1\n|-damage|p1b: Incineroar|65/100\n|move|p1b: Incineroar|Parting Shot|p2b: Milotic\n|-unboost|p2b: Milotic|atk|1\n|-ability|p2b: Milotic|Competitive|boost\n|-boost|p2b: Milotic|spa|2\n|-unboost|p2b: Milotic|spa|1\n|-ability|p2b: Milotic|Competitive|boost\n|-boost|p2b: Milotic|spa|2\n|\n|t:|1776547854\n|switch|p1b: Basculegion|Basculegion, L50, M|100/100|[from] Parting Shot\n|\n|-weather|Snowscape|[upkeep]\n|upkeep\n|turn|4\n|\n|t:|1776547870\n|switch|p2a: Meganium|Meganium-Mega, L50, M|100/100\n|move|p1b: Basculegion|Aqua Jet|p2a: Meganium\n|-resisted|p2a: Meganium|1\n|-damage|p2a: Meganium|87/100\n|move|p2b: Milotic|Icy Wind|p1b: Basculegion|[spread] p1a,p1b\n|-resisted|p1a: Froslass|1\n|-resisted|p1b: Basculegion|1\n|-damage|p1a: Froslass|83/100\n|-damage|p1b: Basculegion|85/100\n|-unboost|p1a: Froslass|spe|1\n|-unboost|p1b: Basculegion|spe|1\n|move|p1a: Froslass|Shadow Ball|p2b: Milotic\n|-damage|p2b: Milotic|72/100\n|\n|-weather|Snowscape|[upkeep]\n|-heal|p2b: Milotic|78/100|[from] item: Leftovers\n|-sideend|p2: sluggopeej|move: Tailwind\n|upkeep\n|turn|5\n|inactive|FernandaXP has 30 seconds left.\n|inactive|sluggopeej has 30 seconds left.\n|inactive|sluggopeej has 20 seconds left.\n|inactive|sluggopeej has 15 seconds left.\n|inactive|sluggopeej has 10 seconds left.\n|\n|t:|1776547917\n|switch|p1b: Rotom|Rotom-Frost, L50|100/100\n|move|p2a: Meganium|Weather Ball|p1a: Froslass\n|-supereffective|p1a: Froslass|1\n|-damage|p1a: Froslass|0 fnt\n|faint|p1a: Froslass\n|move|p2b: Milotic|Coil|p2b: Milotic\n|-boost|p2b: Milotic|atk|1\n|-boost|p2b: Milotic|def|1\n|-boost|p2b: Milotic|accuracy|1\n|\n|-weather|none\n|-heal|p2b: Milotic|84/100|[from] item: Leftovers\n|upkeep\n|\n|t:|1776547929\n|switch|p1a: Basculegion|Basculegion, L50, M|85/100\n|turn|6\n|\n|t:|1776547943\n|move|p1b: Rotom|Helping Hand|p1a: Basculegion\n|-singleturn|p1a: Basculegion|Helping Hand|[of] p1b: Rotom\n|move|p2a: Meganium|Protect|p2a: Meganium\n|-singleturn|p2a: Meganium|Protect\n|move|p1a: Basculegion|Last Respects|p2a: Meganium\n|-activate|p2a: Meganium|move: Protect\n|move|p2b: Milotic|Hypnosis|p1b: Rotom\n|-status|p1b: Rotom|slp|[from] move: Hypnosis\n|\n|-heal|p2b: Milotic|90/100|[from] item: Leftovers\n|upkeep\n|turn|7\n|inactive|FernandaXP has 30 seconds left.\n|\n|t:|1776547974\n|move|p1a: Basculegion|Last Respects|p2b: Milotic\n|-damage|p2b: Milotic|44/100\n|move|p2a: Meganium|Weather Ball|p1b: Rotom\n|-supereffective|p1b: Rotom|1\n|-crit|p1b: Rotom\n|-damage|p1b: Rotom|0 fnt\n|faint|p1b: Rotom\n|move|p2b: Milotic|Muddy Water|p1a: Basculegion\n|-resisted|p1a: Basculegion|1\n|-damage|p1a: Basculegion|32/100\n|-unboost|p1a: Basculegion|accuracy|1\n|\n|-heal|p2b: Milotic|50/100|[from] item: Leftovers\n|upkeep\n|\n|t:|1776547986\n|switch|p1b: Incineroar|Incineroar, L50, M|65/100\n|-ability|p1b: Incineroar|Intimidate|boost\n|-unboost|p2a: Meganium|atk|1\n|-unboost|p2b: Milotic|atk|1\n|-ability|p2b: Milotic|Competitive|boost\n|-boost|p2b: Milotic|spa|2\n|turn|8\n|\n|t:|1776548000\n|move|p1b: Incineroar|Fake Out|p2b: Milotic\n|-damage|p2b: Milotic|42/100\n|move|p1a: Basculegion|Last Respects|p2b: Milotic|[miss]\n|-miss|p1a: Basculegion|p2b: Milotic\n|move|p2a: Meganium|Solar Beam||[still]\n|-prepare|p2a: Meganium|Solar Beam\n|-activate|p2a: Meganium|ability: Mega Sol\n|-anim|p2a: Meganium|Solar Beam|p1a: Basculegion\n|-supereffective|p1a: Basculegion|1\n|-damage|p1a: Basculegion|0 fnt\n|faint|p1a: Basculegion\n|cant|p2b: Milotic|flinch\n|\n|-heal|p2b: Milotic|48/100|[from] item: Leftovers\n|upkeep\n|turn|9\n|c|\u2606sluggopeej|gg\n|\n|t:|1776548014\n|move|p2a: Meganium|Dazzling Gleam|p1b: Incineroar\n|-damage|p1b: Incineroar|29/100\n|move|p2b: Milotic|Muddy Water|p1b: Incineroar\n|-supereffective|p1b: Incineroar|1\n|-damage|p1b: Incineroar|0 fnt\n|faint|p1b: Incineroar\n|\n|win|sluggopeej\n|raw|FernandaXP's rating: 1464 &rarr; <strong>1451</strong><br />(-13 for losing)\n|raw|sluggopeej's rating: 1583 &rarr; <strong>1596</strong><br />(+13 for winning)\n|c|\u2606FernandaXP|gg\n|l|\u2606FernandaXP\n|player|p1|\n|l|\u2606sluggopeej\n|player|p2|\n",
  "uploadtime": 1776548052,
  "views": 19,
  "formatid": "gen9championsvgc2026regma",
  "rating": 1451,
  "private": 0,
  "password": null
}