{
  "id": "gen9championsvgc2026regma-2585173997",
  "format": "[Gen 9 Champions] VGC 2026 Reg M-A",
  "players": [
    "quazyman97",
    "rgeee"
  ],
  "log": "|j|\u2606quazyman97\n|j|\u2606rgeee\n|t:|1776321001\n|gametype|doubles\n|player|p1|quazyman97|266|1047\n|player|p2|rgeee|266|1037\n|gen|9\n|tier|[Gen 9 Champions] VGC 2026 Reg M-A\n|rated|\n|rule|Species Clause: Limit one of each Pok\u00e9mon\n|rule|Item Clause: Limit 1 of each item\n|clearpoke\n|poke|p1|Chesnaught, L50, F|\n|poke|p1|Empoleon, L50, M|\n|poke|p1|Farigiraf, L50, F|\n|poke|p1|Aerodactyl, L50, F|\n|poke|p1|Incineroar, L50, M|\n|poke|p1|Dragapult, L50, M|\n|poke|p2|Zoroark-Hisui, L50, M|\n|poke|p2|Torkoal, L50, M|\n|poke|p2|Incineroar, L50, F|\n|poke|p2|Farigiraf, L50, M|\n|poke|p2|Kangaskhan, L50, F|\n|poke|p2|Audino, L50, F|\n|teampreview|4\n|\n|t:|1776321054\n|teamsize|p1|4\n|teamsize|p2|4\n|start\n|switch|p1a: Chesnaught|Chesnaught, L50, F|100/100\n|switch|p1b: Aerodactyl|Aerodactyl, L50, F|100/100\n|switch|p2a: Farigiraf|Farigiraf, L50, M|100/100\n|switch|p2b: Kangaskhan|Kangaskhan, L50, F|100/100\n|-ability|p1b: Aerodactyl|Unnerve\n|turn|1\n|\n|t:|1776321077\n|move|p2b: Kangaskhan|Fake Out|p1a: Chesnaught\n|-damage|p1a: Chesnaught|91/100\n|move|p1b: Aerodactyl|Tailwind|p1b: Aerodactyl\n|-sidestart|p1: quazyman97|move: Tailwind\n|move|p2a: Farigiraf|Will-O-Wisp|p1b: Aerodactyl\n|-status|p1b: Aerodactyl|brn\n|cant|p1a: Chesnaught|flinch\n|\n|-damage|p1b: Aerodactyl|95/100 brn|[from] brn\n|upkeep\n|turn|2\n|\n|t:|1776321093\n|detailschange|p2b: Kangaskhan|Kangaskhan-Mega, L50, F\n|-mega|p2b: Kangaskhan|Kangaskhan|Kangaskhanite\n|move|p2b: Kangaskhan|Sucker Punch|p1b: Aerodactyl\n|-damage|p1b: Aerodactyl|53/100 brn\n|-damage|p1b: Aerodactyl|43/100 brn\n|-hitcount|p1b: Aerodactyl|2\n|move|p1b: Aerodactyl|Rock Slide|p2b: Kangaskhan|[spread] p2a,p2b\n|-damage|p2a: Farigiraf|73/100\n|-damage|p2b: Kangaskhan|91/100\n|replace|p2a: Zoroark|Zoroark-Hisui, L50, M\n|-end|p2a: Zoroark|Illusion\n|move|p2a: Zoroark|Will-O-Wisp|p1a: Chesnaught|[miss]\n|-miss|p2a: Zoroark|p1a: Chesnaught\n|move|p1a: Chesnaught|Body Press|p2b: Kangaskhan\n|-supereffective|p2b: Kangaskhan|1\n|-damage|p2b: Kangaskhan|22/100\n|\n|-damage|p1b: Aerodactyl|37/100 brn|[from] brn\n|upkeep\n|turn|3\n|\n|t:|1776321127\n|switch|p2a: Farigiraf|Farigiraf, L50, M|100/100\n|move|p1b: Aerodactyl|Protect|p1b: Aerodactyl\n|-singleturn|p1b: Aerodactyl|Protect\n|move|p2b: Kangaskhan|Sucker Punch||[still]\n|-fail|p2b: Kangaskhan\n|move|p1a: Chesnaught|Leech Seed|p2a: Farigiraf\n|-start|p2a: Farigiraf|move: Leech Seed\n|\n|-damage|p2a: Farigiraf|88/100|[from] Leech Seed|[of] p1a: Chesnaught\n|-heal|p1a: Chesnaught|100/100|[silent]\n|-damage|p1b: Aerodactyl|32/100 brn|[from] brn\n|upkeep\n|turn|4\n|\n|t:|1776321145\n|move|p2b: Kangaskhan|Sucker Punch|p1b: Aerodactyl\n|-damage|p1b: Aerodactyl|0 fnt\n|faint|p1b: Aerodactyl\n|-hitcount|p1: Aerodactyl|1\n|move|p1a: Chesnaught|Leech Seed|p2b: Kangaskhan\n|-start|p2b: Kangaskhan|move: Leech Seed\n|move|p2a: Farigiraf|Trick Room|p2a: Farigiraf\n|-fieldstart|move: Trick Room|[of] p2a: Farigiraf\n|\n|-damage|p2a: Farigiraf|76/100|[from] Leech Seed|[of] p1a: Chesnaught\n|-damage|p2b: Kangaskhan|9/100|[from] Leech Seed|[of] p1a: Chesnaught\n|-sideend|p1: quazyman97|move: Tailwind\n|upkeep\n|\n|t:|1776321153\n|switch|p1b: Empoleon|Empoleon, L50, M|100/100\n|turn|5\n|\n|t:|1776321166\n|move|p1b: Empoleon|Hydro Pump|p2a: Farigiraf\n|-damage|p2a: Farigiraf|20/100\n|-enditem|p2a: Farigiraf|Sitrus Berry|[eat]\n|-heal|p2a: Farigiraf|45/100|[from] item: Sitrus Berry\n|move|p2a: Farigiraf|Psychic|p1a: Chesnaught\n|-supereffective|p1a: Chesnaught|1\n|-damage|p1a: Chesnaught|7/100\n|move|p1a: Chesnaught|Body Press|p2a: Farigiraf\n|-damage|p2a: Farigiraf|3/100\n|move|p2b: Kangaskhan|Drain Punch|p1b: Empoleon\n|-supereffective|p1b: Empoleon|1\n|-damage|p1b: Empoleon|47/100\n|-heal|p2b: Kangaskhan|34/100|[from] drain|[of] p1b: Empoleon\n|-supereffective|p1b: Empoleon|1\n|-damage|p1b: Empoleon|33/100\n|-heal|p2b: Kangaskhan|40/100|[from] drain|[of] p1b: Empoleon\n|-hitcount|p1b: Empoleon|2\n|\n|-heal|p1b: Empoleon|39/100|[from] item: Leftovers\n|-damage|p2a: Farigiraf|0 fnt|[from] Leech Seed|[of] p1a: Chesnaught\n|-heal|p1a: Chesnaught|10/100|[silent]\n|faint|p2a: Farigiraf\n|-damage|p2b: Kangaskhan|27/100|[from] Leech Seed|[of] p1a: Chesnaught\n|-heal|p1a: Chesnaught|24/100|[silent]\n|upkeep\n|\n|t:|1776321178\n|switch|p2a: Torkoal|Torkoal, L50, M|100/100\n|-weather|SunnyDay|[from] ability: Drought|[of] p2a: Torkoal\n|turn|6\n|\n|t:|1776321193\n|move|p1a: Chesnaught|Spiky Shield|p1a: Chesnaught\n|-singleturn|p1a: Chesnaught|move: Protect\n|move|p2a: Torkoal|Eruption|p1b: Empoleon|[spread] p1b\n|-activate|p1a: Chesnaught|move: Protect\n|-damage|p1b: Empoleon|0 fnt\n|faint|p1b: Empoleon\n|move|p2b: Kangaskhan|Drain Punch|p1a: Chesnaught\n|-activate|p1a: Chesnaught|move: Protect\n|-damage|p2b: Kangaskhan|15/100|[from] Spiky Shield|[of] p1a: Chesnaught\n|\n|-weather|SunnyDay|[upkeep]\n|-damage|p2b: Kangaskhan|3/100|[from] Leech Seed|[of] p1a: Chesnaught\n|-heal|p1a: Chesnaught|37/100|[silent]\n|upkeep\n|\n|t:|1776321206\n|switch|p1b: Dragapult|Dragapult, L50, M|100/100\n|turn|7\n|\n|t:|1776321218\n|switch|p2b: Kangaskhan|Kangaskhan-Mega, L50, F|73/100\n|move|p2a: Torkoal|Eruption|p1b: Dragapult|[spread] p1a,p1b\n|-supereffective|p1a: Chesnaught|1\n|-resisted|p1b: Dragapult|1\n|-damage|p1a: Chesnaught|0 fnt\n|-damage|p1b: Dragapult|42/100\n|faint|p1a: Chesnaught\n|move|p1b: Dragapult|Shadow Ball|p2a: Torkoal\n|-damage|p2a: Torkoal|53/100\n|\n|-weather|SunnyDay|[upkeep]\n|upkeep\n|turn|8\n|-message|quazyman97 forfeited.\n|\n|win|rgeee\n|raw|quazyman97's rating: 1047 &rarr; <strong>1029</strong><br />(-18 for losing)\n|raw|rgeee's rating: 1037 &rarr; <strong>1072</strong><br />(+35 for winning)\n|l|\u2606quazyman97\n|player|p1|\n",
  "uploadtime": 1776321233,
  "views": 17,
  "formatid": "gen9championsvgc2026regma",
  "rating": 1029,
  "private": 0,
  "password": null
}