{
  "id": "gen9championsvgc2026regma-2587803719",
  "format": "[Gen 9 Champions] VGC 2026 Reg M-A",
  "players": [
    "KilamanolaVGC",
    "romdawg"
  ],
  "log": "|j|\u203dKilamanolaVGC\n|j|\u2606romdawg\n|t:|1776565632\n|gametype|doubles\n|player|p1|KilamanolaVGC|benga|1304\n|player|p2|romdawg|170|1297\n|gen|9\n|tier|[Gen 9 Champions] VGC 2026 Reg M-A\n|rated|\n|rule|Species Clause: Limit one of each Pok\u00e9mon\n|rule|Item Clause: Limit 1 of each item\n|clearpoke\n|poke|p1|Scovillain, L50, M, shiny|\n|poke|p1|Sneasler, L50, M, shiny|\n|poke|p1|Pelipper, L50, M, shiny|\n|poke|p1|Basculegion, L50, M|\n|poke|p1|Aerodactyl, L50, M, shiny|\n|poke|p1|Archaludon, L50, F, shiny|\n|poke|p2|Pelipper, L50, M|\n|poke|p2|Farigiraf, L50, M|\n|poke|p2|Rotom-Wash, L50|\n|poke|p2|Aggron, L50, M|\n|poke|p2|Sneasler, L50, M|\n|poke|p2|Archaludon, L50, M|\n|teampreview|4\n|inactive|Battle timer is ON: inactive players will automatically lose when time's up. (requested by KilamanolaVGC)\nKilamanolaVGC has agreed to open team sheets.\n|inactive|KilamanolaVGC has 60 seconds left.\n|inactive|KilamanolaVGC has 30 seconds left.\n|\n|t:|1776565697\n|teamsize|p1|4\n|teamsize|p2|4\n|start\n|switch|p1a: Basculegion|Basculegion, L50, M|100/100\n|switch|p1b: Scovillain|Scovillain, L50, M, shiny|100/100\n|switch|p2a: Farigiraf|Farigiraf, L50, M|100/100\n|switch|p2b: Archaludon|Archaludon, L50, M|100/100\n|turn|1\n|inactive|KilamanolaVGC has 30 seconds left.\n|inactive|romdawg has 30 seconds left.\n|\n|t:|1776565732\n|move|p1a: Basculegion|Protect|p1a: Basculegion\n|-singleturn|p1a: Basculegion|Protect\n|move|p1b: Scovillain|Protect|p1b: Scovillain\n|-singleturn|p1b: Scovillain|Protect\n|move|p2b: Archaludon|Dragon Pulse|p1a: Basculegion\n|-activate|p1a: Basculegion|move: Protect\n|move|p2a: Farigiraf|Trick Room|p2a: Farigiraf\n|-fieldstart|move: Trick Room|[of] p2a: Farigiraf\n|\n|-ability|p1b: Scovillain|Moody|boost\n|-boost|p1b: Scovillain|spa|2\n|-unboost|p1b: Scovillain|spd|1\n|upkeep\n|turn|2\n|\n|t:|1776565751\n|detailschange|p1b: Scovillain|Scovillain-Mega, L50, M, shiny\n|-mega|p1b: Scovillain|Scovillain|Scovillainite\n|move|p2a: Farigiraf|Psychic|p1b: Scovillain\n|-crit|p1b: Scovillain\n|-damage|p1b: Scovillain|21/100\n|-status|p2a: Farigiraf|brn|[from] ability: Spicy Spray|[of] p1b: Scovillain\n|move|p1b: Scovillain|Overheat|p2a: Farigiraf\n|-damage|p2a: Farigiraf|5/100 brn\n|-unboost|p1b: Scovillain|spa|2\n|-enditem|p2a: Farigiraf|Sitrus Berry|[eat]\n|-heal|p2a: Farigiraf|30/100 brn|[from] item: Sitrus Berry\n|move|p2b: Archaludon|Dragon Pulse|p1a: Basculegion\n|-damage|p1a: Basculegion|54/100\n|move|p1a: Basculegion|Liquidation|p2a: Farigiraf\n|-damage|p2a: Farigiraf|0 fnt\n|faint|p2a: Farigiraf\n|\n|upkeep\n|\n|t:|1776565769\n|switch|p2a: Aggron|Aggron, L50, M|100/100\n|turn|3\n|inactive|romdawg has 30 seconds left.\n|inactive|romdawg has 20 seconds left.\n|inactive|KilamanolaVGC has 30 seconds left.\n|inactive|romdawg has 15 seconds left.\n|\n|t:|1776565810\n|detailschange|p2a: Aggron|Aggron-Mega, L50, M\n|-mega|p2a: Aggron|Aggron|Aggronite\n|move|p2a: Aggron|Heavy Slam|p1a: Basculegion\n|-resisted|p1a: Basculegion|1\n|-damage|p1a: Basculegion|27/100\n|move|p1b: Scovillain|Leech Seed|p2a: Aggron\n|-start|p2a: Aggron|move: Leech Seed\n|move|p2b: Archaludon|Dragon Pulse|p1b: Scovillain\n|-damage|p1b: Scovillain|0 fnt\n|-status|p2b: Archaludon|brn|[from] ability: Spicy Spray|[of] p1b: Scovillain\n|faint|p1b: Scovillain\n|move|p1a: Basculegion|Liquidation|p2a: Aggron\n|-damage|p2a: Aggron|80/100\n|-unboost|p2a: Aggron|def|1\n|\n|-damage|p2b: Archaludon|94/100 brn|[from] brn\n|upkeep\n|\n|t:|1776565823\n|switch|p1b: Pelipper|Pelipper, L50, M, shiny|100/100\n|-weather|RainDance|[from] ability: Drizzle|[of] p1b: Pelipper\n|turn|4\n|\n|t:|1776565846\n|move|p1b: Pelipper|Protect|p1b: Pelipper\n|-singleturn|p1b: Pelipper|Protect\n|move|p1a: Basculegion|Protect|p1a: Basculegion\n|-singleturn|p1a: Basculegion|Protect\n|move|p2a: Aggron|Heavy Slam|p1a: Basculegion\n|-activate|p1a: Basculegion|move: Protect\n|move|p2b: Archaludon|Electro Shot||[still]\n|-prepare|p2b: Archaludon|Electro Shot\n|-boost|p2b: Archaludon|spa|1\n|-anim|p2b: Archaludon|Electro Shot|p1b: Pelipper\n|-activate|p1b: Pelipper|move: Protect\n|\n|-weather|RainDance|[upkeep]\n|-heal|p2b: Archaludon|100/100 brn|[from] item: Leftovers\n|-damage|p2a: Aggron|68/100|[from] Leech Seed|[of] p1b: Pelipper\n|-damage|p2b: Archaludon|94/100 brn|[from] brn\n|upkeep\n|turn|5\n|inactive|romdawg has 30 seconds left.\n|inactive|KilamanolaVGC has 30 seconds left.\n|\n|t:|1776565885\n|switch|p1b: Archaludon|Archaludon, L50, F, shiny|100/100\n|move|p2a: Aggron|Heavy Slam|p1a: Basculegion\n|-resisted|p1a: Basculegion|1\n|-damage|p1a: Basculegion|3/100\n|move|p2b: Archaludon|Electro Shot||[still]\n|-prepare|p2b: Archaludon|Electro Shot\n|-boost|p2b: Archaludon|spa|1\n|-anim|p2b: Archaludon|Electro Shot|p1b: Archaludon\n|-resisted|p1b: Archaludon|1\n|-damage|p1b: Archaludon|47/100\n|move|p1a: Basculegion|Liquidation|p2a: Aggron\n|-damage|p2a: Aggron|15/100\n|\n|-weather|RainDance|[upkeep]\n|-heal|p2b: Archaludon|100/100 brn|[from] item: Leftovers\n|-damage|p2a: Aggron|2/100|[from] Leech Seed|[of] p1b: Archaludon\n|-heal|p1b: Archaludon|60/100|[silent]\n|-damage|p2b: Archaludon|94/100 brn|[from] brn\n|-fieldend|move: Trick Room\n|upkeep\n|turn|6\n|inactive|romdawg has 30 seconds left.\n|\n|t:|1776565911\n|move|p1a: Basculegion|Last Respects|p2b: Archaludon\n|-crit|p2b: Archaludon\n|-damage|p2b: Archaludon|39/100 brn\n|-ability|p2b: Archaludon|Stamina|boost\n|-boost|p2b: Archaludon|def|1\n|move|p1b: Archaludon|Dragon Pulse|p2b: Archaludon\n|-damage|p2b: Archaludon|0 fnt\n|faint|p2b: Archaludon\n|move|p2a: Aggron|Body Press|p1b: Archaludon\n|-supereffective|p1b: Archaludon|1\n|-damage|p1b: Archaludon|17/100\n|\n|-weather|RainDance|[upkeep]\n|-damage|p2a: Aggron|0 fnt|[from] Leech Seed|[of] p1b: Archaludon\n|-heal|p1b: Archaludon|18/100|[silent]\n|faint|p2a: Aggron\n|upkeep\n|\n|t:|1776565929\n|switch|p2b: Sneasler|Sneasler, L50, M|100/100\n|turn|7\n|\n|t:|1776565938\n|move|p1a: Basculegion|Protect|p1a: Basculegion\n|-singleturn|p1a: Basculegion|Protect\n|move|p1b: Archaludon|Dragon Pulse|p2b: Sneasler\n|-damage|p2b: Sneasler|40/100\n|move|p2b: Sneasler|Rock Slide|p1a: Basculegion|[spread] p1b\n|-activate|p1a: Basculegion|move: Protect\n|-resisted|p1b: Archaludon|1\n|-damage|p1b: Archaludon|9/100\n|\n|-weather|RainDance|[upkeep]\n|upkeep\n|turn|8\n|\n|t:|1776565953\n|move|p1a: Basculegion|Liquidation|p2b: Sneasler\n|-damage|p2b: Sneasler|0 fnt\n|faint|p2b: Sneasler\n|\n|win|KilamanolaVGC\n|raw|KilamanolaVGC's rating: 1304 &rarr; <strong>1324</strong><br />(+20 for winning)\n|raw|romdawg's rating: 1297 &rarr; <strong>1273</strong><br />(-24 for losing)\n|l|\u2606romdawg\n|player|p2|\n",
  "uploadtime": 1776565965,
  "views": 19,
  "formatid": "gen9championsvgc2026regma",
  "rating": 1273,
  "private": 0,
  "password": null
}