{
  "id": "gen9championsvgc2026regma-2588896932",
  "format": "[Gen 9 Champions] VGC 2026 Reg M-A",
  "players": [
    "Mr.Randotron",
    "DeDonutNoob"
  ],
  "log": "|j|\u2606Mr.Randotron\n|j|\u2606DeDonutNoob\n|t:|1776683610\n|gametype|doubles\n|player|p1|Mr.Randotron|gambler|1040\n|player|p2|DeDonutNoob|266|1129\n|gen|9\n|tier|[Gen 9 Champions] VGC 2026 Reg M-A\n|rated|\n|rule|Species Clause: Limit one of each Pok\u00e9mon\n|rule|Item Clause: Limit 1 of each item\n|clearpoke\n|poke|p1|Slowking-Galar, L50, M|\n|poke|p1|Incineroar, L50, M|\n|poke|p1|Sinistcha, L50|\n|poke|p1|Crabominable, L50, F, shiny|\n|poke|p1|Hatterene, L50, F, shiny|\n|poke|p1|Camerupt, L50, F|\n|poke|p2|Gardevoir, L50, F|\n|poke|p2|Sneasler, L50, M|\n|poke|p2|Arcanine-Hisui, L50, M|\n|poke|p2|Garchomp, L50, M|\n|poke|p2|Sinistcha-Masterpiece, L50|\n|poke|p2|Kingambit, L50, F|\n|teampreview|4\n|inactive|Battle timer is ON: inactive players will automatically lose when time's up. (requested by Mr.Randotron)\n|\n|t:|1776683636\n|teamsize|p1|4\n|teamsize|p2|4\n|start\n|switch|p1a: Slowking|Slowking-Galar, L50, M|100/100\n|switch|p1b: Incineroar|Incineroar, L50, M|100/100\n|switch|p2a: Sneasler|Sneasler, L50, M|100/100\n|switch|p2b: Arcanine|Arcanine-Hisui, L50, M|100/100\n|-ability|p2b: Arcanine|Intimidate|boost\n|-unboost|p1a: Slowking|atk|1\n|-unboost|p1b: Incineroar|atk|1\n|-ability|p1b: Incineroar|Intimidate|boost\n|-unboost|p2a: Sneasler|atk|1\n|-unboost|p2b: Arcanine|atk|1\n|-enditem|p2a: Sneasler|White Herb\n|-clearnegativeboost|p2a: Sneasler|[silent]\n|turn|1\n|\n|t:|1776683646\n|move|p2a: Sneasler|Fake Out|p1a: Slowking\n|-damage|p1a: Slowking|84/100\n|move|p1b: Incineroar|Fake Out|p2b: Arcanine\n|-resisted|p2b: Arcanine|1\n|-damage|p2b: Arcanine|97/100\n|cant|p2b: Arcanine|flinch\n|cant|p1a: Slowking|flinch\n|\n|upkeep\n|turn|2\n|\n|t:|1776683656\n|move|p2a: Sneasler|Taunt|p1a: Slowking\n|-start|p1a: Slowking|move: Taunt\n|move|p2b: Arcanine|Rock Slide|p1b: Incineroar|[spread] p1a,p1b\n|-supereffective|p1b: Incineroar|1\n|-damage|p1a: Slowking|61/100\n|-damage|p1b: Incineroar|61/100\n|move|p1b: Incineroar|Parting Shot|p2b: Arcanine\n|-unboost|p2b: Arcanine|atk|1\n|-unboost|p2b: Arcanine|spa|1\n|\n|t:|1776683669\n|switch|p1b: Sinistcha|Sinistcha, L50|100/100|[from] Parting Shot\n|-heal|p1a: Slowking|86/100|[from] ability: Hospitality|[of] p1b: Sinistcha\n|cant|p1a: Slowking|flinch\n|\n|upkeep\n|turn|3\n|\n|t:|1776683681\n|move|p2a: Sneasler|Gunk Shot|p1b: Sinistcha\n|-damage|p1b: Sinistcha|51/100\n|move|p2b: Arcanine|Flare Blitz|p1b: Sinistcha\n|-supereffective|p1b: Sinistcha|1\n|-enditem|p1b: Sinistcha|Occa Berry|[eat]\n|-enditem|p1b: Sinistcha|Occa Berry|[weaken]\n|-damage|p1b: Sinistcha|31/100\n|-damage|p2b: Arcanine|91/100|[from] Recoil\n|move|p1a: Slowking|Psychic Noise|p2a: Sneasler\n|-supereffective|p2a: Sneasler|2\n|-damage|p2a: Sneasler|0 fnt\n|faint|p2a: Sneasler\n|move|p1b: Sinistcha|Trick Room|p1b: Sinistcha\n|-fieldstart|move: Trick Room|[of] p1b: Sinistcha\n|\n|upkeep\n|\n|t:|1776683690\n|switch|p2a: Gardevoir|Gardevoir, L50, F|100/100\n|turn|4\n|\n|t:|1776683700\n|switch|p2a: Garchomp|Garchomp, L50, M|100/100\n|move|p1a: Slowking|Sludge Bomb|p2a: Garchomp\n|-resisted|p2a: Garchomp|1\n|-damage|p2a: Garchomp|75/100\n|move|p1b: Sinistcha|Matcha Gotcha|p2a: Garchomp|[spread] p2a\n|-miss|p1b: Sinistcha|p2b: Arcanine\n|-damage|p2a: Garchomp|49/100\n|-heal|p1b: Sinistcha|44/100|[from] drain|[of] p2a: Garchomp\n|move|p2b: Arcanine|Flare Blitz|p1a: Slowking\n|-damage|p1a: Slowking|56/100\n|-damage|p2b: Arcanine|81/100|[from] Recoil\n|\n|-end|p1a: Slowking|move: Taunt\n|upkeep\n|turn|5\n|\n|t:|1776683722\n|-prepare|p1a: Slowking|Chilly Reception|[premajor]\n|move|p1a: Slowking|Chilly Reception|p1a: Slowking\n|-weather|Snowscape\n|\n|t:|1776683727\n|switch|p1a: Incineroar|Incineroar, L50, M|61/100|[from] Chilly Reception\n|-ability|p1a: Incineroar|Intimidate|boost\n|-unboost|p2a: Garchomp|atk|1\n|-unboost|p2b: Arcanine|atk|1\n|move|p1b: Sinistcha|Matcha Gotcha|p2b: Arcanine|[spread] p2a\n|-miss|p1b: Sinistcha|p2b: Arcanine\n|-damage|p2a: Garchomp|23/100\n|-heal|p1b: Sinistcha|58/100|[from] drain|[of] p2a: Garchomp\n|move|p2b: Arcanine|Rock Slide|p1a: Incineroar|[spread] p1a,p1b\n|-supereffective|p1a: Incineroar|1\n|-damage|p1a: Incineroar|39/100\n|-damage|p1b: Sinistcha|50/100\n|move|p2a: Garchomp|Dragon Claw|p1a: Incineroar\n|-crit|p1a: Incineroar\n|-damage|p1a: Incineroar|0 fnt\n|faint|p1a: Incineroar\n|\n|-weather|Snowscape|[upkeep]\n|upkeep\n|\n|t:|1776683738\n|switch|p1a: Camerupt|Camerupt, L50, F|100/100\n|turn|6\n|inactive|DeDonutNoob has 30 seconds left.\n|inactive|DeDonutNoob has 20 seconds left.\n|inactive|DeDonutNoob has 15 seconds left.\n|inactive|DeDonutNoob has 10 seconds left.\n|inactive|DeDonutNoob has 5 seconds left.\n|\n|t:|1776683793\n|detailschange|p1a: Camerupt|Camerupt-Mega, L50, F\n|-mega|p1a: Camerupt|Camerupt|Cameruptite\n|move|p1a: Camerupt|Eruption|p2b: Arcanine|[spread] p2a,p2b\n|-resisted|p2a: Garchomp|1\n|-resisted|p2b: Arcanine|2\n|-damage|p2a: Garchomp|0 fnt\n|-damage|p2b: Arcanine|65/100\n|faint|p2a: Garchomp\n|move|p1b: Sinistcha|Matcha Gotcha|p2b: Arcanine\n|-damage|p2b: Arcanine|35/100\n|-heal|p1b: Sinistcha|67/100|[from] drain|[of] p2b: Arcanine\n|move|p2b: Arcanine|Flare Blitz|p1a: Camerupt\n|-resisted|p1a: Camerupt|1\n|-damage|p1a: Camerupt|90/100\n|-damage|p2b: Arcanine|32/100|[from] Recoil\n|\n|-weather|Snowscape|[upkeep]\n|upkeep\n|inactive|DeDonutNoob has 30 seconds left.\n|inactive|DeDonutNoob has 20 seconds left.\n|inactive|DeDonutNoob has 15 seconds left.\n|inactive|DeDonutNoob has 10 seconds left.\n|inactive|DeDonutNoob has 5 seconds left.\n|\n|t:|1776683848\n|switch|p2a: Gardevoir|Gardevoir, L50, F|100/100\n|turn|7\n|inactive|DeDonutNoob has 30 seconds left.\n|inactive|DeDonutNoob has 20 seconds left.\n|inactive|DeDonutNoob has 15 seconds left.\n|inactive|DeDonutNoob has 10 seconds left.\n|\n|t:|1776683895\n|move|p1a: Camerupt|Eruption|p2b: Arcanine|[spread] p2a,p2b\n|-resisted|p2b: Arcanine|2\n|-damage|p2a: Gardevoir|42/100\n|-damage|p2b: Arcanine|18/100\n|move|p1b: Sinistcha|Matcha Gotcha|p2b: Arcanine|[spread] p2a,p2b\n|-damage|p2a: Gardevoir|22/100\n|-heal|p1b: Sinistcha|76/100|[from] drain|[of] p2a: Gardevoir\n|-damage|p2b: Arcanine|0 fnt\n|-heal|p1b: Sinistcha|86/100|[from] drain|[of] p2b: Arcanine\n|faint|p2b: Arcanine\n|move|p2a: Gardevoir|Calm Mind|p2a: Gardevoir\n|-boost|p2a: Gardevoir|spa|1\n|-boost|p2a: Gardevoir|spd|1\n|\n|-weather|Snowscape|[upkeep]\n|-fieldend|move: Trick Room\n|upkeep\n|turn|8\n|-message|DeDonutNoob forfeited.\n|\n|win|Mr.Randotron\n|raw|Mr.Randotron's rating: 1040 &rarr; <strong>1083</strong><br />(+43 for winning)\n|raw|DeDonutNoob's rating: 1129 &rarr; <strong>1098</strong><br />(-31 for losing)\n",
  "uploadtime": 1776683908,
  "views": 9,
  "formatid": "gen9championsvgc2026regma",
  "rating": 1083,
  "private": 0,
  "password": null
}