{
  "id": "gen9championsvgc2026regma-2582928277",
  "format": "[Gen 9 Champions] VGC 2026 Reg M-A",
  "players": [
    "WS Hawk",
    "Vitalis24"
  ],
  "log": "|j|\u2606WS Hawk\n|j|\u2606Vitalis24\n|t:|1776125784\n|gametype|doubles\n|player|p1|WS Hawk|1|1128\n|player|p2|Vitalis24|crasherwake|1222\n|gen|9\n|tier|[Gen 9 Champions] VGC 2026 Reg M-A\n|rated|\n|rule|Species Clause: Limit one of each Pok\u00e9mon\n|rule|Item Clause: Limit 1 of each item\n|clearpoke\n|poke|p1|Froslass, L50, F|\n|poke|p1|Garchomp, L50, M|\n|poke|p1|Talonflame, L50, F|\n|poke|p1|Rotom-Wash, L50|\n|poke|p1|Sneasler, L50, F|\n|poke|p1|Kingambit, L50, M|\n|poke|p2|Manectric, L50, F|\n|poke|p2|Kingambit, L50, M|\n|poke|p2|Hatterene, L50, F|\n|poke|p2|Decidueye-Hisui, L50, M|\n|poke|p2|Pelipper, L50, F|\n|poke|p2|Basculegion, L50, M|\n|teampreview|4\n|inactive|Battle timer is ON: inactive players will automatically lose when time's up. (requested by WS Hawk)\n|inactive|Vitalis24 has 60 seconds left.\n|\n|t:|1776125842\n|teamsize|p1|4\n|teamsize|p2|4\n|start\n|switch|p1a: Garchomp|Garchomp, L50, M|100/100\n|switch|p1b: Talonflame|Talonflame, L50, F|100/100\n|switch|p2a: Manectric|Manectric, L50, F|100/100\n|switch|p2b: Hatterene|Hatterene, L50, F|100/100\n|turn|1\n|\n|t:|1776125860\n|detailschange|p2a: Manectric|Manectric-Mega, L50, F\n|-mega|p2a: Manectric|Manectric|Manectite\n|-ability|p2a: Manectric|Intimidate|boost\n|-unboost|p1a: Garchomp|atk|1\n|-unboost|p1b: Talonflame|atk|1\n|move|p1a: Garchomp|Earthquake|p2a: Manectric|[spread] p2a,p2b\n|-immune|p1b: Talonflame\n|-supereffective|p2a: Manectric|1\n|-damage|p2a: Manectric|14/100\n|-damage|p2b: Hatterene|73/100\n|move|p2a: Manectric|Thunderbolt|p1b: Talonflame\n|-supereffective|p1b: Talonflame|1\n|-enditem|p1b: Talonflame|Focus Sash\n|-damage|p1b: Talonflame|1/100\n|move|p1b: Talonflame|Flare Blitz|p2b: Hatterene\n|-damage|p2b: Hatterene|35/100\n|-enditem|p2b: Hatterene|Sitrus Berry|[eat]\n|-heal|p2b: Hatterene|60/100|[from] item: Sitrus Berry\n|-damage|p1b: Talonflame|0 fnt|[from] Recoil\n|faint|p1b: Talonflame\n|move|p2b: Hatterene|Trick Room|p2b: Hatterene\n|-fieldstart|move: Trick Room|[of] p2b: Hatterene\n|\n|upkeep\n|\n|t:|1776125868\n|switch|p1b: Froslass|Froslass, L50, F|100/100\n|turn|2\n|\n|t:|1776125885\n|switch|p1a: Sneasler|Sneasler, L50, F|100/100\n|detailschange|p1b: Froslass|Froslass-Mega, L50, F\n|-mega|p1b: Froslass|Froslass|Froslassite\n|-weather|Snowscape|[from] ability: Snow Warning|[of] p1b: Froslass\n|move|p2b: Hatterene|Dazzling Gleam|p1b: Froslass|[spread] p1a,p1b\n|-damage|p1a: Sneasler|58/100\n|-damage|p1b: Froslass|58/100\n|move|p1b: Froslass|Aurora Veil|p1b: Froslass\n|-sidestart|p1: WS Hawk|move: Aurora Veil\n|move|p2a: Manectric|Flamethrower|p1b: Froslass\n|-supereffective|p1b: Froslass|1\n|-damage|p1b: Froslass|7/100\n|\n|-weather|Snowscape|[upkeep]\n|upkeep\n|turn|3\n|\n|t:|1776125908\n|move|p1b: Froslass|Protect|p1b: Froslass\n|-singleturn|p1b: Froslass|Protect\n|move|p2b: Hatterene|Dazzling Gleam|p1a: Sneasler|[spread] p1a\n|-activate|p1b: Froslass|move: Protect\n|-damage|p1a: Sneasler|30/100\n|move|p1a: Sneasler|Dire Claw|p2b: Hatterene\n|-supereffective|p2b: Hatterene|1\n|-damage|p2b: Hatterene|0 fnt\n|faint|p2b: Hatterene\n|move|p2a: Manectric|Thunderbolt|p1a: Sneasler\n|-damage|p1a: Sneasler|0 fnt\n|faint|p1a: Sneasler\n|\n|-weather|Snowscape|[upkeep]\n|upkeep\n|inactive|Vitalis24 has 30 seconds left.\n|\n|t:|1776125939\n|switch|p2b: Pelipper|Pelipper, L50, F|100/100\n|switch|p1a: Garchomp|Garchomp, L50, M|100/100\n|-weather|RainDance|[from] ability: Drizzle|[of] p2b: Pelipper\n|turn|4\n|\n|t:|1776125962\n|move|p1b: Froslass|Protect|p1b: Froslass\n|-singleturn|p1b: Froslass|Protect\n|move|p2b: Pelipper|Hurricane|p1b: Froslass\n|-activate|p1b: Froslass|move: Protect\n|move|p2a: Manectric|Flamethrower|p1a: Garchomp\n|-resisted|p1a: Garchomp|1\n|-damage|p1a: Garchomp|95/100\n|move|p1a: Garchomp|Rock Slide|p2a: Manectric|[spread] p2a,p2b\n|-supereffective|p2b: Pelipper|1\n|-damage|p2a: Manectric|0 fnt\n|-damage|p2b: Pelipper|44/100\n|faint|p2a: Manectric\n|\n|-weather|RainDance|[upkeep]\n|upkeep\n|\n|t:|1776125974\n|switch|p2a: Decidueye|Decidueye-Hisui, L50, M|100/100\n|turn|5\n|\n|t:|1776125988\n|move|p1b: Froslass|Protect||[still]\n|-fail|p1b: Froslass\n|move|p2a: Decidueye|Triple Arrows|p1a: Garchomp\n|-crit|p1a: Garchomp\n|-damage|p1a: Garchomp|17/100\n|-unboost|p1a: Garchomp|def|1\n|move|p2b: Pelipper|Hurricane|p1b: Froslass\n|-damage|p1b: Froslass|0 fnt\n|faint|p1b: Froslass\n|move|p1a: Garchomp|Rock Slide|p2a: Decidueye|[spread] p2a,p2b\n|-resisted|p2a: Decidueye|1\n|-supereffective|p2b: Pelipper|1\n|-damage|p2a: Decidueye|90/100\n|-damage|p2b: Pelipper|0 fnt\n|faint|p2b: Pelipper\n|\n|-weather|RainDance|[upkeep]\n|-fieldend|move: Trick Room\n|upkeep\n|turn|6\n|\n|t:|1776126004\n|move|p1a: Garchomp|Rock Slide|p2a: Decidueye\n|-resisted|p2a: Decidueye|1\n|-damage|p2a: Decidueye|74/100\n|move|p2a: Decidueye|Triple Arrows|p1a: Garchomp\n|-damage|p1a: Garchomp|0 fnt\n|faint|p1a: Garchomp\n|\n|win|Vitalis24\n|raw|WS Hawk's rating: 1128 &rarr; <strong>1110</strong><br />(-18 for losing)\n|raw|Vitalis24's rating: 1222 &rarr; <strong>1240</strong><br />(+18 for winning)\n|l|\u2606WS Hawk\n|player|p1|\n",
  "uploadtime": 1776126015,
  "views": 24,
  "formatid": "gen9championsvgc2026regma",
  "rating": 1110,
  "private": 0,
  "password": null
}