{
  "id": "gen9championsvgc2026regma-2585517964",
  "format": "[Gen 9 Champions] VGC 2026 Reg M-A",
  "players": [
    "txoklo",
    "Autismic2"
  ],
  "log": "|j|\u2606txoklo\n|j|\u2606Autismic2\n|t:|1776352872\n|gametype|doubles\n|player|p1|txoklo|2|1067\n|player|p2|Autismic2|170|1052\n|gen|9\n|tier|[Gen 9 Champions] VGC 2026 Reg M-A\n|rated|\n|rule|Species Clause: Limit one of each Pok\u00e9mon\n|rule|Item Clause: Limit 1 of each item\n|clearpoke\n|poke|p1|Aegislash, L50, M|\n|poke|p1|Floette-Eternal, L50, F|\n|poke|p1|Talonflame, L50, M|\n|poke|p1|Garchomp, L50, F|\n|poke|p1|Incineroar, L50, F|\n|poke|p1|Rotom-Wash, L50|\n|poke|p2|Gengar, L50, M|\n|poke|p2|Zoroark-Hisui, L50, M|\n|poke|p2|Kommo-o, L50, M|\n|poke|p2|Incineroar, L50, M|\n|poke|p2|Scizor, L50, F|\n|poke|p2|Rotom-Wash, L50|\n|teampreview|4\n|inactive|Battle timer is ON: inactive players will automatically lose when time's up. (requested by Autismic2)\n|inactive|txoklo has 60 seconds left.\n|inactive|txoklo has 30 seconds left.\n|\n|t:|1776352939\n|teamsize|p1|4\n|teamsize|p2|4\n|start\n|switch|p1a: Talonflame|Talonflame, L50, M|100/100\n|switch|p1b: Garchomp|Garchomp, L50, F|100/100\n|switch|p2a: Gengar|Gengar, L50, M|100/100\n|switch|p2b: Incineroar|Incineroar, L50, M|100/100\n|-ability|p2b: Incineroar|Intimidate|boost\n|-unboost|p1a: Talonflame|atk|1\n|-unboost|p1b: Garchomp|atk|1\n|turn|1\n|\n|t:|1776352963\n|switch|p1b: Incineroar|Incineroar, L50, F|100/100\n|-ability|p1b: Incineroar|Intimidate|boost\n|-unboost|p2a: Gengar|atk|1\n|-unboost|p2b: Incineroar|atk|1\n|detailschange|p2a: Gengar|Gengar-Mega, L50, M\n|-mega|p2a: Gengar|Gengar|Gengarite\n|move|p2b: Incineroar|Fake Out|p1b: Incineroar\n|-damage|p1b: Incineroar|94/100\n|move|p1a: Talonflame|Tailwind|p1a: Talonflame\n|-sidestart|p1: txoklo|move: Tailwind\n|move|p2a: Gengar|Perish Song|p2a: Gengar\n|-start|p1a: Talonflame|perish3|[silent]\n|-start|p1b: Incineroar|perish3|[silent]\n|-start|p2a: Gengar|perish3|[silent]\n|-start|p2b: Incineroar|perish3|[silent]\n|-fieldactivate|move: Perish Song\n|\n|-heal|p1b: Incineroar|99/100|[from] item: Leftovers\n|-start|p1a: Talonflame|perish3\n|-start|p2a: Gengar|perish3\n|-start|p1b: Incineroar|perish3\n|-start|p2b: Incineroar|perish3\n|upkeep\n|turn|2\n|\n|t:|1776352988\n|move|p2a: Gengar|Protect|p2a: Gengar\n|-singleturn|p2a: Gengar|Protect\n|move|p2b: Incineroar|Protect|p2b: Incineroar\n|-singleturn|p2b: Incineroar|Protect\n|move|p1b: Incineroar|Fake Out|p2a: Gengar\n|-activate|p2a: Gengar|move: Protect\n|move|p1a: Talonflame|Acrobatics|p2a: Gengar\n|-activate|p2a: Gengar|move: Protect\n|\n|-heal|p1b: Incineroar|100/100|[from] item: Leftovers\n|-start|p1a: Talonflame|perish2\n|-start|p2a: Gengar|perish2\n|-start|p1b: Incineroar|perish2\n|-start|p2b: Incineroar|perish2\n|upkeep\n|turn|3\n|inactive|Autismic2 has 30 seconds left.\n|\n|t:|1776353016\n|switch|p2a: Scizor|Scizor, L50, F|100/100\n|move|p1a: Talonflame|Acrobatics|p2a: Scizor\n|-damage|p2a: Scizor|75/100\n|move|p1b: Incineroar|Flare Blitz|p2a: Scizor\n|-supereffective|p2a: Scizor|2\n|-damage|p2a: Scizor|0 fnt\n|faint|p2a: Scizor\n|-damage|p1b: Incineroar|79/100|[from] Recoil\n|move|p2b: Incineroar|Parting Shot|p1a: Talonflame\n|-unboost|p1a: Talonflame|atk|1\n|-unboost|p1a: Talonflame|spa|1\n|\n|t:|1776353025\n|switch|p2b: Gengar|Gengar-Mega, L50, M|100/100|[from] Parting Shot\n|\n|-heal|p1b: Incineroar|85/100|[from] item: Leftovers\n|-start|p1a: Talonflame|perish1\n|-start|p1b: Incineroar|perish1\n|upkeep\n|\n|t:|1776353030\n|switch|p2a: Kommo-o|Kommo-o, L50, M|100/100\n|turn|4\n|\n|t:|1776353041\n|move|p2b: Gengar|Protect|p2b: Gengar\n|-singleturn|p2b: Gengar|Protect\n|move|p2a: Kommo-o|Protect|p2a: Kommo-o\n|-singleturn|p2a: Kommo-o|Protect\n|move|p1a: Talonflame|Acrobatics|p2a: Kommo-o\n|-activate|p2a: Kommo-o|move: Protect\n|move|p1b: Incineroar|Darkest Lariat|p2b: Gengar\n|-activate|p2b: Gengar|move: Protect\n|\n|-heal|p1b: Incineroar|91/100|[from] item: Leftovers\n|-start|p1a: Talonflame|perish0\n|-start|p1b: Incineroar|perish0\n|-sideend|p1: txoklo|move: Tailwind\n|faint|p1a: Talonflame\n|faint|p1b: Incineroar\n|upkeep\n|\n|t:|1776353056\n|switch|p1a: Floette|Floette-Eternal, L50, F|100/100\n|switch|p1b: Garchomp|Garchomp, L50, F|100/100\n|turn|5\n|inactive|Autismic2 has 30 seconds left.\n|inactive|Autismic2 has 20 seconds left.\n|\n|t:|1776353091\n|switch|p2a: Incineroar|Incineroar, L50, M|100/100\n|-ability|p2a: Incineroar|Intimidate|boost\n|-unboost|p1a: Floette|atk|1\n|-unboost|p1b: Garchomp|atk|1\n|move|p2b: Gengar|Perish Song|p2b: Gengar\n|-start|p1a: Floette|perish3|[silent]\n|-start|p1b: Garchomp|perish3|[silent]\n|-start|p2a: Incineroar|perish3|[silent]\n|-start|p2b: Gengar|perish3|[silent]\n|-fieldactivate|move: Perish Song\n|move|p1b: Garchomp|Dragon Claw|p2a: Incineroar\n|-damage|p2a: Incineroar|75/100\n|move|p1a: Floette|Calm Mind|p1a: Floette\n|-boost|p1a: Floette|spa|1\n|-boost|p1a: Floette|spd|1\n|\n|-start|p2b: Gengar|perish3\n|-start|p1b: Garchomp|perish3\n|-start|p1a: Floette|perish3\n|-start|p2a: Incineroar|perish3\n|upkeep\n|turn|6\n|\n|t:|1776353116\n|move|p2b: Gengar|Protect|p2b: Gengar\n|-singleturn|p2b: Gengar|Protect\n|move|p1b: Garchomp|Protect|p1b: Garchomp\n|-singleturn|p1b: Garchomp|Protect\n|move|p2a: Incineroar|Protect|p2a: Incineroar\n|-singleturn|p2a: Incineroar|Protect\n|move|p1a: Floette|Calm Mind|p1a: Floette\n|-boost|p1a: Floette|spa|1\n|-boost|p1a: Floette|spd|1\n|\n|-start|p2b: Gengar|perish2\n|-start|p1b: Garchomp|perish2\n|-start|p1a: Floette|perish2\n|-start|p2a: Incineroar|perish2\n|upkeep\n|turn|7\n|\n|t:|1776353136\n|move|p2b: Gengar|Shadow Ball|p1a: Floette\n|-damage|p1a: Floette|80/100\n|-unboost|p1a: Floette|spd|1\n|move|p1b: Garchomp|Rock Slide|p2b: Gengar|[spread] p2a,p2b\n|-supereffective|p2a: Incineroar|1\n|-damage|p2a: Incineroar|50/100\n|-damage|p2b: Gengar|81/100\n|-enditem|p2a: Incineroar|Sitrus Berry|[eat]\n|-heal|p2a: Incineroar|75/100|[from] item: Sitrus Berry\n|move|p1a: Floette|Dazzling Gleam|p2b: Gengar|[spread] p2a,p2b\n|-resisted|p2b: Gengar|1\n|-damage|p2a: Incineroar|27/100\n|-damage|p2b: Gengar|49/100\n|cant|p2a: Incineroar|flinch\n|\n|-start|p2b: Gengar|perish1\n|-start|p1b: Garchomp|perish1\n|-start|p1a: Floette|perish1\n|-start|p2a: Incineroar|perish1\n|upkeep\n|turn|8\n|c|\u2606txoklo|gg\n|inactive|txoklo has 30 seconds left.\n|\n|t:|1776353162\n|move|p2b: Gengar|Protect|p2b: Gengar\n|-singleturn|p2b: Gengar|Protect\n|move|p2a: Incineroar|Protect|p2a: Incineroar\n|-singleturn|p2a: Incineroar|Protect\n|move|p1b: Garchomp|Earthquake|p2a: Incineroar|[spread] p1a\n|-activate|p2a: Incineroar|move: Protect\n|-activate|p2b: Gengar|move: Protect\n|-damage|p1a: Floette|50/100\n|move|p1a: Floette|Dazzling Gleam|p2a: Incineroar|[spread] \n|-activate|p2a: Incineroar|move: Protect\n|-activate|p2b: Gengar|move: Protect\n|\n|-start|p2b: Gengar|perish0\n|-start|p1b: Garchomp|perish0\n|-start|p1a: Floette|perish0\n|-start|p2a: Incineroar|perish0\n|faint|p2b: Gengar\n|faint|p1b: Garchomp\n|faint|p1a: Floette\n|faint|p2a: Incineroar\n|\n|win|Autismic2\n|raw|txoklo's rating: 1067 &rarr; <strong>1046</strong><br />(-21 for losing)\n|raw|Autismic2's rating: 1052 &rarr; <strong>1086</strong><br />(+34 for winning)\n",
  "uploadtime": 1776353175,
  "views": 31,
  "formatid": "gen9championsvgc2026regma",
  "rating": 1046,
  "private": 0,
  "password": null
}