{
  "id": "gen9championsvgc2026regma-2582787636",
  "format": "[Gen 9 Champions] VGC 2026 Reg M-A",
  "players": [
    "DavidTIS",
    "byebyebirdie1"
  ],
  "log": "|j|\u2606DavidTIS\n|j|\u2606byebyebirdie1\n|t:|1776114138\n|gametype|doubles\n|player|p1|DavidTIS|265|1083\n|player|p2|byebyebirdie1|266|1040\n|gen|9\n|tier|[Gen 9 Champions] VGC 2026 Reg M-A\n|rated|\n|rule|Species Clause: Limit one of each Pok\u00e9mon\n|rule|Item Clause: Limit 1 of each item\n|clearpoke\n|poke|p1|Starmie, L50|\n|poke|p1|Lucario, L50, F|\n|poke|p1|Lycanroc-Dusk, L50, M|\n|poke|p1|Hydreigon, L50, M|\n|poke|p1|Slowbro-Galar, L50, M|\n|poke|p1|Charizard, L50, F|\n|poke|p2|Floette-Eternal, L50, F|\n|poke|p2|Sinistcha, L50|\n|poke|p2|Aerodactyl, L50, F|\n|poke|p2|Garchomp, L50, F|\n|poke|p2|Incineroar, L50, M|\n|poke|p2|Rotom-Wash, L50|\n|teampreview|4\n|inactive|Battle timer is ON: inactive players will automatically lose when time's up. (requested by DavidTIS)\n|\n|t:|1776114186\n|teamsize|p1|4\n|teamsize|p2|4\n|start\n|switch|p1a: Starmie|Starmie, L50|100/100\n|switch|p1b: Lucario|Lucario, L50, F|100/100\n|switch|p2a: Floette|Floette-Eternal, L50, F|100/100\n|switch|p2b: Incineroar|Incineroar, L50, M|100/100\n|-ability|p2b: Incineroar|Intimidate|boost\n|-unboost|p1a: Starmie|atk|1\n|-fail|p1b: Lucario|unboost|Attack|[from] ability: Inner Focus|[of] p1b: Lucario\n|turn|1\n|inactive|DavidTIS has 30 seconds left.\n|inactive|DavidTIS has 20 seconds left.\n|\n|t:|1776114227\n|switch|p2a: Rotom|Rotom-Wash, L50|100/100\n|move|p1a: Starmie|Protect|p1a: Starmie\n|-singleturn|p1a: Starmie|Protect\n|move|p2b: Incineroar|Fake Out|p1a: Starmie\n|-activate|p1a: Starmie|move: Protect\n|move|p1b: Lucario|Flash Cannon|p2a: Rotom\n|-resisted|p2a: Rotom|2\n|-damage|p2a: Rotom|90/100\n|\n|upkeep\n|turn|2\n|\n|t:|1776114250\n|switch|p1b: Hydreigon|Hydreigon, L50, M|100/100\n|detailschange|p1a: Starmie|Starmie-Mega, L50\n|-mega|p1a: Starmie|Starmie|Starminite\n|move|p1a: Starmie|Liquidation|p2b: Incineroar\n|-supereffective|p2b: Incineroar|1\n|-crit|p2b: Incineroar\n|-damage|p2b: Incineroar|0 fnt\n|faint|p2b: Incineroar\n|move|p2a: Rotom|Volt Switch|p1a: Starmie\n|-supereffective|p1a: Starmie|1\n|-damage|p1a: Starmie|23/100\n|inactive|byebyebirdie1 has 30 seconds left.\n|\n|t:|1776114275\n|switch|p2a: Floette|Floette-Eternal, L50, F|100/100|[from] Volt Switch\n|\n|upkeep\n|\n|t:|1776114285\n|switch|p2b: Rotom|Rotom-Wash, L50|90/100\n|turn|3\n|inactive|DavidTIS has 30 seconds left.\n|inactive|byebyebirdie1 has 30 seconds left.\n|\n|t:|1776114312\n|detailschange|p2a: Floette|Floette-Mega, L50, F\n|-mega|p2a: Floette|Floette|Floettite\n|-ability|p2a: Floette|Fairy Aura\n|move|p1b: Hydreigon|Protect|p1b: Hydreigon\n|-singleturn|p1b: Hydreigon|Protect\n|move|p1a: Starmie|Liquidation|p2a: Floette\n|-damage|p2a: Floette|55/100\n|move|p2a: Floette|Dazzling Gleam|p1a: Starmie|[spread] p1a\n|-activate|p1b: Hydreigon|move: Protect\n|-damage|p1a: Starmie|0 fnt\n|faint|p1a: Starmie\n|move|p2b: Rotom|Volt Switch|p1b: Hydreigon\n|-activate|p1b: Hydreigon|move: Protect\n|\n|upkeep\n|\n|t:|1776114332\n|switch|p1a: Lucario|Lucario, L50, F|100/100\n|turn|4\n|\n|t:|1776114349\n|switch|p1b: Slowbro|Slowbro-Galar, L50, M|100/100\n|move|p2a: Floette|Protect|p2a: Floette\n|-singleturn|p2a: Floette|Protect\n|move|p1a: Lucario|Steel Beam|p2a: Floette\n|-activate|p2a: Floette|move: Protect\n|-damage|p1a: Lucario|50/100|[from] steelbeam\n|move|p2b: Rotom|Hydro Pump|p1a: Lucario\n|-damage|p1a: Lucario|0 fnt\n|faint|p1a: Lucario\n|\n|upkeep\n|\n|t:|1776114356\n|switch|p1a: Hydreigon|Hydreigon, L50, M|100/100\n|turn|5\n|inactive|byebyebirdie1 has 30 seconds left.\n|-activate|p1b: Slowbro|ability: Quick Draw\n|\n|t:|1776114385\n|move|p1b: Slowbro|Shell Side Arm|p2a: Floette|[anim] Shell Side Arm Physical\n|-supereffective|p2a: Floette|1\n|-damage|p2a: Floette|0 fnt\n|-hint|Physical Shell Side Arm\n|faint|p2a: Floette\n|move|p1a: Hydreigon|Draco Meteor|p2b: Rotom\n|-damage|p2b: Rotom|10/100\n|-unboost|p1a: Hydreigon|spa|2\n|-enditem|p2b: Rotom|Sitrus Berry|[eat]\n|-heal|p2b: Rotom|35/100|[from] item: Sitrus Berry\n|-enditem|p1a: Hydreigon|White Herb\n|-clearnegativeboost|p1a: Hydreigon|[silent]\n|move|p2b: Rotom|Thunderbolt|p1b: Slowbro\n|-damage|p1b: Slowbro|52/100\n|\n|-heal|p1b: Slowbro|58/100|[from] item: Leftovers\n|upkeep\n|\n|t:|1776114401\n|switch|p2a: Garchomp|Garchomp, L50, F|100/100\n|turn|6\n|\n|t:|1776114418\n|move|p2a: Garchomp|Dragon Claw|p1a: Hydreigon\n|-supereffective|p1a: Hydreigon|1\n|-damage|p1a: Hydreigon|0 fnt\n|faint|p1a: Hydreigon\n|move|p2b: Rotom|Hydro Pump|p1b: Slowbro\n|-damage|p1b: Slowbro|3/100\n|move|p1b: Slowbro|Ice Punch|p2a: Garchomp\n|-supereffective|p2a: Garchomp|2\n|-damage|p2a: Garchomp|8/100\n|-status|p2a: Garchomp|frz\n|-damage|p1b: Slowbro|0 fnt|[from] ability: Rough Skin|[of] p2a: Garchomp\n|faint|p1b: Slowbro\n|\n|win|byebyebirdie1\n|raw|DavidTIS's rating: 1083 &rarr; <strong>1058</strong><br />(-25 for losing)\n|raw|byebyebirdie1's rating: 1040 &rarr; <strong>1078</strong><br />(+38 for winning)\n",
  "uploadtime": 1776114427,
  "views": 49,
  "formatid": "gen9championsvgc2026regma",
  "rating": 1058,
  "private": 0,
  "password": null
}