{
  "id": "gen9championsvgc2026regma-2582494296",
  "format": "[Gen 9 Champions] VGC 2026 Reg M-A",
  "players": [
    "crow76vgc",
    "Jadedragon61"
  ],
  "log": "|j|\u2606crow76vgc\n|j|\u2606Jadedragon61\n|t:|1776095277\n|gametype|doubles\n|player|p1|crow76vgc|janitor|1078\n|player|p2|Jadedragon61|beni-ninja|1171\n|gen|9\n|tier|[Gen 9 Champions] VGC 2026 Reg M-A\n|rated|\n|rule|Species Clause: Limit one of each Pok\u00e9mon\n|rule|Item Clause: Limit 1 of each item\n|clearpoke\n|poke|p1|Garchomp, L50, M|\n|poke|p1|Aerodactyl, L50, M|\n|poke|p1|Tyranitar, L50, F|\n|poke|p1|Orthworm, L50, F|\n|poke|p1|Rotom-Wash, L50|\n|poke|p1|Sinistcha, L50|\n|poke|p2|Pelipper, L50, F|\n|poke|p2|Dragonite, L50, M|\n|poke|p2|Quaquaval, L50, F|\n|poke|p2|Archaludon, L50, M|\n|poke|p2|Incineroar, L50, F|\n|poke|p2|Sinistcha, L50|\n|teampreview|4\n|inactive|Battle timer is ON: inactive players will automatically lose when time's up. (requested by Jadedragon61)\n|inactive|crow76vgc also wants the timer to be on.\n|\n|t:|1776095301\n|teamsize|p1|4\n|teamsize|p2|4\n|start\n|switch|p1a: Sinistcha|Sinistcha, L50|100/100\n|switch|p1b: Rotom|Rotom-Wash, L50|100/100\n|switch|p2a: Incineroar|Incineroar, L50, F|100/100\n|switch|p2b: Quaquaval|Quaquaval, L50, F|100/100\n|-ability|p2a: Incineroar|Intimidate|boost\n|-unboost|p1a: Sinistcha|atk|1\n|-unboost|p1b: Rotom|atk|1\n|turn|1\n|\n|t:|1776095314\n|move|p2b: Quaquaval|Protect|p2b: Quaquaval\n|-singleturn|p2b: Quaquaval|Protect\n|move|p1b: Rotom|Hydro Pump|p2a: Incineroar\n|-supereffective|p2a: Incineroar|1\n|-damage|p2a: Incineroar|29/100\n|move|p2a: Incineroar|Throat Chop|p1a: Sinistcha\n|-supereffective|p1a: Sinistcha|1\n|-damage|p1a: Sinistcha|47/100\n|-start|p1a: Sinistcha|Throat Chop|[silent]\n|-enditem|p1a: Sinistcha|Sitrus Berry|[eat]\n|-heal|p1a: Sinistcha|72/100|[from] item: Sitrus Berry\n|move|p1a: Sinistcha|Trick Room|p1a: Sinistcha\n|-fieldstart|move: Trick Room|[of] p1a: Sinistcha\n|\n|-heal|p2a: Incineroar|35/100|[from] item: Leftovers\n|upkeep\n|turn|2\n|\n|t:|1776095331\n|switch|p2b: Dragonite|Dragonite, L50, M, shiny|100/100\n|move|p2a: Incineroar|Throat Chop|p1a: Sinistcha\n|-supereffective|p1a: Sinistcha|1\n|-damage|p1a: Sinistcha|18/100\n|move|p1a: Sinistcha|Matcha Gotcha|p2a: Incineroar|[spread] p2a,p2b\n|-resisted|p2a: Incineroar|1\n|-resisted|p2b: Dragonite|2\n|-damage|p2a: Incineroar|27/100\n|-heal|p1a: Sinistcha|24/100|[from] drain|[of] p2a: Incineroar\n|-damage|p2b: Dragonite|95/100\n|-heal|p1a: Sinistcha|29/100|[from] drain|[of] p2b: Dragonite\n|move|p1b: Rotom|Hydro Pump|p2a: Incineroar\n|-supereffective|p2a: Incineroar|1\n|-damage|p2a: Incineroar|0 fnt\n|faint|p2a: Incineroar\n|\n|-end|p1a: Sinistcha|Throat Chop|[silent]\n|upkeep\n|\n|t:|1776095344\n|switch|p2a: Quaquaval|Quaquaval, L50, F|100/100\n|turn|3\n|\n|t:|1776095364\n|switch|p1b: Tyranitar|Tyranitar, L50, F|100/100\n|-weather|Sandstorm|[from] ability: Sand Stream|[of] p1b: Tyranitar\n|detailschange|p2b: Dragonite|Dragonite-Mega, L50, M, shiny\n|-mega|p2b: Dragonite|Dragonite|Dragoninite\n|move|p1a: Sinistcha|Matcha Gotcha|p2b: Dragonite|[spread] p2b\n|-miss|p1a: Sinistcha|p2a: Quaquaval\n|-resisted|p2b: Dragonite|2\n|-damage|p2b: Dragonite|90/100\n|-heal|p1a: Sinistcha|32/100|[from] drain|[of] p2b: Dragonite\n|move|p2b: Dragonite|Hurricane|p1a: Sinistcha\n|-supereffective|p1a: Sinistcha|1\n|-damage|p1a: Sinistcha|0 fnt\n|faint|p1a: Sinistcha\n|move|p2a: Quaquaval|Close Combat|p1b: Tyranitar\n|-supereffective|p1b: Tyranitar|2\n|-damage|p1b: Tyranitar|0 fnt\n|-unboost|p2a: Quaquaval|def|1\n|-unboost|p2a: Quaquaval|spd|1\n|faint|p1b: Tyranitar\n|-ability|p2a: Quaquaval|Moxie|boost\n|-boost|p2a: Quaquaval|atk|1\n|\n|-weather|Sandstorm|[upkeep]\n|-damage|p2b: Dragonite|84/100|[from] Sandstorm\n|-damage|p2a: Quaquaval|94/100|[from] Sandstorm\n|upkeep\n|inactive|crow76vgc has 30 seconds left.\n|inactive|crow76vgc has 20 seconds left.\n|inactive|crow76vgc has 15 seconds left.\n|inactive|crow76vgc has 10 seconds left.\n|inactive|crow76vgc has 5 seconds left.\n|\n|t:|1776095417\n|switch|p1a: Rotom|Rotom-Wash, L50|100/100\n|switch|p1b: Garchomp|Garchomp, L50, M|100/100\n|turn|4\n|\n|t:|1776095429\n|detailschange|p1b: Garchomp|Garchomp-Mega, L50, M\n|-mega|p1b: Garchomp|Garchomp|Garchompite\n|move|p1b: Garchomp|Dragon Claw|p2b: Dragonite\n|-supereffective|p2b: Dragonite|1\n|-damage|p2b: Dragonite|0 fnt\n|faint|p2b: Dragonite\n|move|p2a: Quaquaval|Close Combat|p1a: Rotom\n|-damage|p1a: Rotom|0 fnt\n|-unboost|p2a: Quaquaval|def|1\n|-unboost|p2a: Quaquaval|spd|1\n|faint|p1a: Rotom\n|-ability|p2a: Quaquaval|Moxie|boost\n|-boost|p2a: Quaquaval|atk|1\n|\n|-weather|Sandstorm|[upkeep]\n|-damage|p2a: Quaquaval|88/100|[from] Sandstorm\n|upkeep\n|\n|t:|1776095438\n|switch|p2b: Pelipper|Pelipper, L50, F|100/100\n|-weather|RainDance|[from] ability: Drizzle|[of] p2b: Pelipper\n|turn|5\n|\n|t:|1776095451\n|move|p2a: Quaquaval|Protect|p2a: Quaquaval\n|-singleturn|p2a: Quaquaval|Protect\n|move|p1b: Garchomp|Dragon Claw|p2a: Quaquaval\n|-activate|p2a: Quaquaval|move: Protect\n|move|p2b: Pelipper|Weather Ball|p1b: Garchomp\n|-damage|p1b: Garchomp|41/100\n|\n|-weather|RainDance|[upkeep]\n|-fieldend|move: Trick Room\n|upkeep\n|turn|6\n|-message|crow76vgc forfeited.\n|\n|win|Jadedragon61\n|raw|crow76vgc's rating: 1078 &rarr; <strong>1062</strong><br />(-16 for losing)\n|raw|Jadedragon61's rating: 1171 &rarr; <strong>1189</strong><br />(+18 for winning)\n|l|\u2606crow76vgc\n|player|p1|\n",
  "uploadtime": 1776095463,
  "views": 9,
  "formatid": "gen9championsvgc2026regma",
  "rating": 1062,
  "private": 0,
  "password": null
}