{
  "id": "gen9championsvgc2026regma-2585075898",
  "format": "[Gen 9 Champions] VGC 2026 Reg M-A",
  "players": [
    "TheKingofGlers",
    "blankk22"
  ],
  "log": "|j|\u2606TheKingofGlers\n|j|\u2606blankk22\n|t:|1776309246\n|gametype|doubles\n|player|p1|TheKingofGlers|clair|1129\n|player|p2|blankk22|koga|1132\n|gen|9\n|tier|[Gen 9 Champions] VGC 2026 Reg M-A\n|rated|\n|rule|Species Clause: Limit one of each Pok\u00e9mon\n|rule|Item Clause: Limit 1 of each item\n|clearpoke\n|poke|p1|Volcarona, L50, F|\n|poke|p1|Sinistcha, L50|\n|poke|p1|Tyranitar, L50, M|\n|poke|p1|Aerodactyl, L50, F|\n|poke|p1|Garchomp, L50, M|\n|poke|p1|Excadrill, L50, F|\n|poke|p2|Tyranitar, L50, F|\n|poke|p2|Garchomp, L50, M|\n|poke|p2|Rotom-Wash, L50|\n|poke|p2|Sneasler, L50, F|\n|poke|p2|Incineroar, L50, F|\n|poke|p2|Aerodactyl, L50, M|\n|teampreview|4\n|\n|t:|1776309269\n|teamsize|p1|4\n|teamsize|p2|4\n|start\n|switch|p1a: Volcarona|Volcarona, L50, F|100/100\n|switch|p1b: Excadrill|Excadrill, L50, F|100/100\n|switch|p2a: Sneasler|Sneasler, L50, F|100/100\n|switch|p2b: Incineroar|Incineroar, L50, F|100/100\n|-ability|p2b: Incineroar|Intimidate|boost\n|-unboost|p1a: Volcarona|atk|1\n|-unboost|p1b: Excadrill|atk|1\n|turn|1\n|\n|t:|1776309283\n|switch|p1b: Sinistcha|Sinistcha, L50|100/100\n|move|p1a: Volcarona|Protect|p1a: Volcarona\n|-singleturn|p1a: Volcarona|Protect\n|move|p2a: Sneasler|Fake Out|p1a: Volcarona\n|-activate|p1a: Volcarona|move: Protect\n|move|p2b: Incineroar|Fake Out|p1b: Sinistcha\n|-immune|p1b: Sinistcha\n|\n|upkeep\n|turn|2\n|\n|t:|1776309303\n|move|p2a: Sneasler|Dire Claw|p1b: Sinistcha\n|-damage|p1b: Sinistcha|63/100\n|move|p1a: Volcarona|Fiery Dance|p2a: Sneasler\n|-damage|p2a: Sneasler|55/100\n|-boost|p1a: Volcarona|spa|1\n|move|p2b: Incineroar|Parting Shot|p1a: Volcarona\n|-unboost|p1a: Volcarona|atk|1\n|-unboost|p1a: Volcarona|spa|1\n|\n|t:|1776309321\n|switch|p2b: Tyranitar|Tyranitar, L50, F|100/100|[from] Parting Shot\n|-weather|Sandstorm|[from] ability: Sand Stream|[of] p2b: Tyranitar\n|move|p1b: Sinistcha|Strength Sap|p2b: Tyranitar\n|-unboost|p2b: Tyranitar|atk|1\n|-heal|p1b: Sinistcha|100/100\n|\n|-weather|Sandstorm|[upkeep]\n|-damage|p2a: Sneasler|50/100|[from] Sandstorm\n|-damage|p1a: Volcarona|94/100|[from] Sandstorm\n|-damage|p1b: Sinistcha|94/100|[from] Sandstorm\n|-heal|p1a: Volcarona|100/100|[from] item: Leftovers\n|upkeep\n|turn|3\n|inactive|Battle timer is ON: inactive players will automatically lose when time's up. (requested by TheKingofGlers)\n|\n|t:|1776309355\n|switch|p2a: Rotom|Rotom-Wash, L50|100/100\n|switch|p1a: Garchomp|Garchomp, L50, M|100/100\n|move|p2b: Tyranitar|Rock Slide|p1b: Sinistcha|[spread] p1a,p1b\n|-resisted|p1a: Garchomp|1\n|-damage|p1a: Garchomp|92/100\n|-damage|p1b: Sinistcha|77/100\n|cant|p1b: Sinistcha|flinch\n|\n|-weather|Sandstorm|[upkeep]\n|-damage|p2a: Rotom|95/100|[from] Sandstorm\n|-damage|p1b: Sinistcha|71/100|[from] Sandstorm\n|-heal|p2a: Rotom|100/100|[from] item: Leftovers\n|upkeep\n|turn|4\n|inactive|TheKingofGlers has 30 seconds left.\n|\n|t:|1776309381\n|move|p1b: Sinistcha|Rage Powder|p1b: Sinistcha\n|-singleturn|p1b: Sinistcha|move: Rage Powder\n|move|p1a: Garchomp|Stomping Tantrum|p2b: Tyranitar\n|-supereffective|p2b: Tyranitar|1\n|-damage|p2b: Tyranitar|38/100\n|move|p2b: Tyranitar|Knock Off|p1b: Sinistcha\n|-supereffective|p1b: Sinistcha|1\n|-damage|p1b: Sinistcha|13/100\n|-enditem|p1b: Sinistcha|Sitrus Berry|[from] move: Knock Off|[of] p2b: Tyranitar\n|move|p2a: Rotom|Hydro Pump|p1b: Sinistcha\n|-resisted|p1b: Sinistcha|1\n|-damage|p1b: Sinistcha|0 fnt\n|faint|p1b: Sinistcha\n|\n|-weather|Sandstorm|[upkeep]\n|-damage|p2a: Rotom|95/100|[from] Sandstorm\n|-heal|p2a: Rotom|100/100|[from] item: Leftovers\n|upkeep\n|\n|t:|1776309392\n|switch|p1b: Excadrill|Excadrill, L50, F|100/100\n|turn|5\n|\n|t:|1776309411\n|move|p2b: Tyranitar|Protect|p2b: Tyranitar\n|-singleturn|p2b: Tyranitar|Protect\n|move|p1b: Excadrill|Iron Head|p2b: Tyranitar\n|-activate|p2b: Tyranitar|move: Protect\n|move|p1a: Garchomp|Rock Slide|p2a: Rotom|[spread] p2a\n|-activate|p2b: Tyranitar|move: Protect\n|-damage|p2a: Rotom|80/100\n|move|p2a: Rotom|Will-O-Wisp|p1a: Garchomp\n|-status|p1a: Garchomp|brn\n|\n|-weather|Sandstorm|[upkeep]\n|-damage|p2a: Rotom|75/100|[from] Sandstorm\n|-heal|p2a: Rotom|80/100|[from] item: Leftovers\n|-damage|p1a: Garchomp|86/100 brn|[from] brn\n|upkeep\n|turn|6\n|inactive|blankk22 has 30 seconds left.\n|\n|t:|1776309438\n|switch|p1b: Volcarona|Volcarona, L50, F|100/100\n|switch|p2b: Incineroar|Incineroar, L50, F|100/100\n|-ability|p2b: Incineroar|Intimidate|boost\n|-unboost|p1a: Garchomp|atk|1\n|-unboost|p1b: Volcarona|atk|1\n|move|p1a: Garchomp|Dragon Claw|p2a: Rotom\n|-damage|p2a: Rotom|66/100\n|move|p2a: Rotom|Hydro Pump|p1b: Volcarona\n|-supereffective|p1b: Volcarona|1\n|-damage|p1b: Volcarona|9/100\n|\n|-weather|none\n|-heal|p2a: Rotom|72/100|[from] item: Leftovers\n|-heal|p1b: Volcarona|15/100|[from] item: Leftovers\n|-damage|p1a: Garchomp|80/100 brn|[from] brn\n|upkeep\n|turn|7\n|\n|t:|1776309462\n|move|p1b: Volcarona|Protect|p1b: Volcarona\n|-singleturn|p1b: Volcarona|Protect\n|move|p2b: Incineroar|Fake Out|p1a: Garchomp\n|-damage|p1a: Garchomp|68/100 brn\n|cant|p1a: Garchomp|flinch\n|move|p2a: Rotom|Hydro Pump|p1b: Volcarona\n|-activate|p1b: Volcarona|move: Protect\n|\n|-heal|p2a: Rotom|78/100|[from] item: Leftovers\n|-heal|p1b: Volcarona|21/100|[from] item: Leftovers\n|-damage|p1a: Garchomp|62/100 brn|[from] brn\n|upkeep\n|turn|8\n|inactive|TheKingofGlers has 30 seconds left.\n|\n|t:|1776309495\n|move|p1b: Volcarona|Rage Powder|p1b: Volcarona\n|-singleturn|p1b: Volcarona|move: Rage Powder\n|move|p1a: Garchomp|Rock Slide|p2a: Rotom|[spread] p2a,p2b\n|-supereffective|p2b: Incineroar|1\n|-damage|p2a: Rotom|72/100\n|-damage|p2b: Incineroar|89/100\n|move|p2a: Rotom|Hydro Pump|p1b: Volcarona|[miss]\n|-miss|p2a: Rotom|p1b: Volcarona\n|move|p2b: Incineroar|Throat Chop|p1b: Volcarona\n|-damage|p1b: Volcarona|0 fnt\n|faint|p1b: Volcarona\n|\n|-heal|p2a: Rotom|78/100|[from] item: Leftovers\n|-damage|p1a: Garchomp|56/100 brn|[from] brn\n|upkeep\n|\n|t:|1776309505\n|switch|p1b: Excadrill|Excadrill, L50, F|100/100\n|turn|9\n|\n|t:|1776309516\n|move|p1b: Excadrill|Rock Slide|p2b: Incineroar|[spread] p2a,p2b\n|-supereffective|p2b: Incineroar|1\n|-damage|p2a: Rotom|53/100\n|-damage|p2b: Incineroar|42/100\n|-enditem|p2b: Incineroar|Sitrus Berry|[eat]\n|-heal|p2b: Incineroar|67/100|[from] item: Sitrus Berry\n|move|p1a: Garchomp|Rock Slide|p2b: Incineroar|[spread] p2b\n|-miss|p1a: Garchomp|p2a: Rotom\n|-supereffective|p2b: Incineroar|1\n|-damage|p2b: Incineroar|56/100\n|cant|p2a: Rotom|flinch\n|cant|p2b: Incineroar|flinch\n|\n|-heal|p2a: Rotom|59/100|[from] item: Leftovers\n|-damage|p1a: Garchomp|50/100 brn|[from] brn\n|upkeep\n|turn|10\n|\n|t:|1776309536\n|move|p1b: Excadrill|Rock Slide|p2b: Incineroar|[spread] p2a,p2b\n|-supereffective|p2b: Incineroar|1\n|-damage|p2a: Rotom|35/100\n|-damage|p2b: Incineroar|13/100\n|move|p1a: Garchomp|Rock Slide|p2b: Incineroar|[spread] p2a,p2b\n|-supereffective|p2b: Incineroar|1\n|-damage|p2a: Rotom|29/100\n|-damage|p2b: Incineroar|2/100\n|cant|p2a: Rotom|flinch\n|cant|p2b: Incineroar|flinch\n|\n|-heal|p2a: Rotom|35/100|[from] item: Leftovers\n|-damage|p1a: Garchomp|44/100 brn|[from] brn\n|upkeep\n|turn|11\n|inactive|blankk22 has 30 seconds left.\n|\n|t:|1776309565\n|move|p2a: Rotom|Protect|p2a: Rotom\n|-singleturn|p2a: Rotom|Protect\n|move|p1b: Excadrill|Rock Slide|p2b: Incineroar|[spread] p2b\n|-activate|p2a: Rotom|move: Protect\n|-supereffective|p2b: Incineroar|1\n|-damage|p2b: Incineroar|0 fnt\n|faint|p2b: Incineroar\n|move|p1a: Garchomp|Dragon Claw|p2a: Rotom\n|-activate|p2a: Rotom|move: Protect\n|\n|-heal|p2a: Rotom|40/100|[from] item: Leftovers\n|-damage|p1a: Garchomp|38/100 brn|[from] brn\n|upkeep\n|\n|t:|1776309568\n|switch|p2b: Sneasler|Sneasler, L50, F|50/100\n|turn|12\n|\n|t:|1776309587\n|move|p2b: Sneasler|Fake Out|p1a: Garchomp|[miss]\n|-miss|p2b: Sneasler|p1a: Garchomp\n|move|p1b: Excadrill|Rock Slide|p2b: Sneasler|[spread] p2a,p2b\n|-resisted|p2b: Sneasler|1\n|-damage|p2a: Rotom|15/100\n|-damage|p2b: Sneasler|31/100\n|move|p1a: Garchomp|Stomping Tantrum|p2b: Sneasler\n|-supereffective|p2b: Sneasler|1\n|-damage|p2b: Sneasler|0 fnt\n|faint|p2b: Sneasler\n|cant|p2a: Rotom|flinch\n|\n|-heal|p2a: Rotom|21/100|[from] item: Leftovers\n|-damage|p1a: Garchomp|32/100 brn|[from] brn\n|upkeep\n|\n|t:|1776309590\n|switch|p2b: Tyranitar|Tyranitar, L50, F|38/100\n|-weather|Sandstorm|[from] ability: Sand Stream|[of] p2b: Tyranitar\n|turn|13\n|c|\u2606TheKingofGlers|we COOKIN\n|inactive|blankk22 has 30 seconds left.\n|\n|t:|1776309617\n|detailschange|p2b: Tyranitar|Tyranitar-Mega, L50, F\n|-mega|p2b: Tyranitar|Tyranitar|Tyranitarite\n|move|p1b: Excadrill|Rock Slide|p2b: Tyranitar|[spread] p2a,p2b\n|-damage|p2a: Rotom|0 fnt\n|-damage|p2b: Tyranitar|19/100\n|faint|p2a: Rotom\n|move|p1a: Garchomp|Stomping Tantrum|p2b: Tyranitar\n|-supereffective|p2b: Tyranitar|1\n|-damage|p2b: Tyranitar|3/100\n|cant|p2b: Tyranitar|flinch\n|\n|-weather|Sandstorm|[upkeep]\n|-damage|p1a: Garchomp|26/100 brn|[from] brn\n|upkeep\n|turn|14\n|\n|t:|1776309632\n|move|p2b: Tyranitar|Protect|p2b: Tyranitar\n|-singleturn|p2b: Tyranitar|Protect\n|move|p1b: Excadrill|Rock Slide|p2b: Tyranitar\n|-activate|p2b: Tyranitar|move: Protect\n|move|p1a: Garchomp|Dragon Claw|p2b: Tyranitar\n|-activate|p2b: Tyranitar|move: Protect\n|\n|-weather|Sandstorm|[upkeep]\n|-damage|p1a: Garchomp|20/100 brn|[from] brn\n|upkeep\n|turn|15\n|\n|t:|1776309648\n|move|p1b: Excadrill|Rock Slide|p2b: Tyranitar\n|-damage|p2b: Tyranitar|0 fnt\n|faint|p2b: Tyranitar\n|\n|win|TheKingofGlers\n|raw|TheKingofGlers's rating: 1129 &rarr; <strong>1154</strong><br />(+25 for winning)\n|raw|blankk22's rating: 1132 &rarr; <strong>1107</strong><br />(-25 for losing)\n|l|\u2606blankk22\n|player|p2|\n",
  "uploadtime": 1776309657,
  "views": 22,
  "formatid": "gen9championsvgc2026regma",
  "rating": 1107,
  "private": 0,
  "password": null
}