{
  "id": "gen9championsvgc2026regma-2586917018",
  "format": "[Gen 9 Champions] VGC 2026 Reg M-A",
  "players": [
    "ChazzItUp4200",
    "Marshadow27"
  ],
  "log": "|j|\u2606ChazzItUp4200\n|j|\u2606Marshadow27\n|t:|1776471580\n|gametype|doubles\n|player|p1|ChazzItUp4200|cheren-gen5bw2|1320\n|player|p2|Marshadow27|blue-gen3champion|1364\n|gen|9\n|tier|[Gen 9 Champions] VGC 2026 Reg M-A\n|rated|\n|rule|Species Clause: Limit one of each Pok\u00e9mon\n|rule|Item Clause: Limit 1 of each item\n|clearpoke\n|poke|p1|Glimmora, L50, F|\n|poke|p1|Talonflame, L50, M|\n|poke|p1|Farigiraf, L50, M|\n|poke|p1|Ninetales-Alola, L50, M|\n|poke|p1|Garchomp, L50, F|\n|poke|p1|Samurott-Hisui, L50, F|\n|poke|p2|Umbreon, L50, F|\n|poke|p2|Talonflame, L50, M|\n|poke|p2|Ninetales-Alola, L50, M|\n|poke|p2|Sinistcha, L50|\n|poke|p2|Gardevoir, L50, F|\n|poke|p2|Sneasler, L50, F|\n|teampreview|4\n|inactive|Battle timer is ON: inactive players will automatically lose when time's up. (requested by ChazzItUp4200)\n|inactive|ChazzItUp4200 has 60 seconds left.\n|inactive|Marshadow27 has 60 seconds left.\n|\n|t:|1776471648\n|teamsize|p1|4\n|teamsize|p2|4\n|start\n|switch|p1a: Gyro Zeppeli|Glimmora, L50, F|100/100\n|switch|p1b: PocoLoco|Farigiraf, L50, M|100/100\n|switch|p2a: Umbreon|Umbreon, L50, F|100/100\n|switch|p2b: Sinistcha|Sinistcha, L50|100/100\n|turn|1\n|\n|t:|1776471659\n|detailschange|p1a: Gyro Zeppeli|Glimmora-Mega, L50, F\n|-mega|p1a: Gyro Zeppeli|Glimmora|Glimmoranite\n|move|p1a: Gyro Zeppeli|Sludge Bomb|p2a: Umbreon\n|-damage|p2a: Umbreon|50/100\n|move|p1b: PocoLoco|Imprison|p1b: PocoLoco\n|-start|p1b: PocoLoco|move: Imprison\n|move|p2b: Sinistcha|Matcha Gotcha|p1b: PocoLoco|[spread] p1a,p1b\n|-damage|p1a: Gyro Zeppeli|74/100\n|-damage|p1b: PocoLoco|73/100\n|-status|p1a: Gyro Zeppeli|brn\n|-status|p1b: PocoLoco|brn\n|move|p2a: Umbreon|Calm Mind|p2a: Umbreon\n|-boost|p2a: Umbreon|spa|1\n|-boost|p2a: Umbreon|spd|1\n|\n|-heal|p2a: Umbreon|56/100|[from] item: Leftovers\n|-damage|p1a: Gyro Zeppeli|67/100 brn|[from] brn\n|-damage|p1b: PocoLoco|67/100 brn|[from] brn\n|upkeep\n|turn|2\n|inactive|Marshadow27 has 30 seconds left.\n|inactive|ChazzItUp4200 has 30 seconds left.\n|\n|t:|1776471694\n|move|p2a: Umbreon|Protect|p2a: Umbreon\n|-singleturn|p2a: Umbreon|Protect\n|move|p1a: Gyro Zeppeli|Sludge Bomb|p2b: Sinistcha\n|-damage|p2b: Sinistcha|37/100\n|-enditem|p2b: Sinistcha|Sitrus Berry|[eat]\n|-heal|p2b: Sinistcha|62/100|[from] item: Sitrus Berry\n|move|p1b: PocoLoco|Psychic|p2b: Sinistcha\n|-damage|p2b: Sinistcha|21/100\n|move|p2b: Sinistcha|Matcha Gotcha|p1b: PocoLoco|[spread] p1a,p1b\n|-damage|p1a: Gyro Zeppeli|37/100 brn\n|-heal|p2b: Sinistcha|35/100|[from] drain|[of] p1a: Gyro Zeppeli\n|-damage|p1b: PocoLoco|42/100 brn\n|-heal|p2b: Sinistcha|51/100|[from] drain|[of] p1b: PocoLoco\n|\n|-heal|p2a: Umbreon|62/100|[from] item: Leftovers\n|-damage|p1a: Gyro Zeppeli|31/100 brn|[from] brn\n|-damage|p1b: PocoLoco|35/100 brn|[from] brn\n|upkeep\n|turn|3\n|inactive|ChazzItUp4200 has 30 seconds left.\n|\n|t:|1776471720\n|move|p1a: Gyro Zeppeli|Sludge Bomb|p2a: Umbreon\n|-damage|p2a: Umbreon|29/100\n|move|p1b: PocoLoco|Dazzling Gleam|p2b: Sinistcha|[spread] p2a,p2b\n|-supereffective|p2a: Umbreon|1\n|-damage|p2a: Umbreon|11/100\n|-damage|p2b: Sinistcha|32/100\n|move|p2b: Sinistcha|Matcha Gotcha|p1a: Gyro Zeppeli|[spread] p1a,p1b\n|-damage|p1a: Gyro Zeppeli|1/100 brn\n|-heal|p2b: Sinistcha|45/100|[from] drain|[of] p1a: Gyro Zeppeli\n|-damage|p1b: PocoLoco|9/100 brn\n|-heal|p2b: Sinistcha|62/100|[from] drain|[of] p1b: PocoLoco\n|move|p2a: Umbreon|Calm Mind|p2a: Umbreon\n|-boost|p2a: Umbreon|spa|1\n|-boost|p2a: Umbreon|spd|1\n|\n|-heal|p2a: Umbreon|17/100|[from] item: Leftovers\n|-damage|p1a: Gyro Zeppeli|0 fnt|[from] brn\n|faint|p1a: Gyro Zeppeli\n|-damage|p1b: PocoLoco|2/100 brn|[from] brn\n|upkeep\n|\n|t:|1776471731\n|switch|p1a: Johnny Joestar|Talonflame, L50, M, shiny|100/100\n|turn|4\n|\n|t:|1776471747\n|move|p2a: Umbreon|Protect|p2a: Umbreon\n|-singleturn|p2a: Umbreon|Protect\n|move|p1a: Johnny Joestar|Brave Bird|p2b: Sinistcha\n|-supereffective|p2b: Sinistcha|1\n|-damage|p2b: Sinistcha|0 fnt\n|faint|p2b: Sinistcha\n|-damage|p1a: Johnny Joestar|77/100|[from] Recoil\n|move|p1b: PocoLoco|Dazzling Gleam|p2a: Umbreon\n|-activate|p2a: Umbreon|move: Protect\n|\n|-heal|p2a: Umbreon|23/100|[from] item: Leftovers\n|-damage|p1b: PocoLoco|0 fnt|[from] brn\n|faint|p1b: PocoLoco\n|upkeep\n|\n|t:|1776471752\n|switch|p1b: Sandman|Garchomp, L50, F|100/100\n|switch|p2b: Sneasler|Sneasler, L50, F|100/100\n|turn|5\n|\n|t:|1776471767\n|move|p2b: Sneasler|Fake Out|p1b: Sandman\n|-damage|p1b: Sandman|85/100\n|-damage|p2b: Sneasler|88/100|[from] ability: Rough Skin|[of] p1b: Sandman\n|move|p1a: Johnny Joestar|Brave Bird|p2b: Sneasler\n|-supereffective|p2b: Sneasler|1\n|-damage|p2b: Sneasler|0 fnt\n|faint|p2b: Sneasler\n|-damage|p1a: Johnny Joestar|48/100|[from] Recoil\n|cant|p1b: Sandman|flinch\n|move|p2a: Umbreon|Baton Pass|p2a: Umbreon\n|\n|t:|1776471774\n|switch|p2a: Gardevoir|Gardevoir, L50, F|100/100|[from] Baton Pass\n|-ability|p2a: Gardevoir|Rough Skin|Trace|[from] ability: Trace|[of] p1b: Sandman\n|\n|upkeep\n|\n|t:|1776471775\n|switch|p2b: Umbreon|Umbreon, L50, F|23/100\n|turn|6\n|\n|t:|1776471784\n|detailschange|p2a: Gardevoir|Gardevoir-Mega, L50, F\n|-mega|p2a: Gardevoir|Gardevoir|Gardevoirite\n|move|p1a: Johnny Joestar|Brave Bird|p2a: Gardevoir\n|-damage|p2a: Gardevoir|0 fnt\n|faint|p2a: Gardevoir\n|-damage|p1a: Johnny Joestar|18/100|[from] Recoil\n|move|p1b: Sandman|Earthquake|p2b: Umbreon|[spread] p2b\n|-immune|p1a: Johnny Joestar\n|-damage|p2b: Umbreon|0 fnt\n|faint|p2b: Umbreon\n|\n|win|ChazzItUp4200\n|raw|ChazzItUp4200's rating: 1320 &rarr; <strong>1343</strong><br />(+23 for winning)\n|raw|Marshadow27's rating: 1364 &rarr; <strong>1341</strong><br />(-23 for losing)\n|c|\u2606ChazzItUp4200|LOL\n|c|\u2606Marshadow27|lol\n|c|\u2606Marshadow27|crazy dmg\n|c|\u2606ChazzItUp4200|I\u2019m so sorry but I didn\u2019t expect that\n|c|\u2606ChazzItUp4200|gg\n|c|\u2606Marshadow27|gg\n",
  "uploadtime": 1776471822,
  "views": 30,
  "formatid": "gen9championsvgc2026regma",
  "rating": 1341,
  "private": 0,
  "password": null
}