{
  "id": "gen9championsvgc2026regma-2581443026",
  "format": "[Gen 9 Champions] VGC 2026 Reg M-A",
  "players": [
    "Plznis",
    "Jah_08"
  ],
  "log": "|j|\u2606Plznis\n|j|\u2606Jah_08\n|t:|1776000901\n|gametype|doubles\n|player|p1|Plznis|pokemaniac|1206\n|player|p2|Jah_08|2|1220\n|gen|9\n|tier|[Gen 9 Champions] VGC 2026 Reg M-A\n|rated|\n|rule|Species Clause: Limit one of each Pok\u00e9mon\n|rule|Item Clause: Limit 1 of each item\n|clearpoke\n|poke|p1|Mimikyu, L50, F|\n|poke|p1|Aggron, L50, M|\n|poke|p1|Sinistcha, L50|\n|poke|p1|Farigiraf, L50, M|\n|poke|p1|Primarina, L50, F|\n|poke|p1|Torkoal, L50, M|\n|poke|p2|Basculegion, L50, M|\n|poke|p2|Zoroark-Hisui, L50, M|\n|poke|p2|Conkeldurr, L50, F|\n|poke|p2|Whimsicott, L50, F|\n|poke|p2|Chandelure, L50, M|\n|poke|p2|Vanilluxe, L50, M|\n|teampreview|4\n|\n|t:|1776000944\n|teamsize|p1|4\n|teamsize|p2|4\n|start\n|switch|p1a: Farigiraf|Farigiraf, L50, M|100/100\n|switch|p1b: Aggron|Aggron, L50, M|100/100\n|switch|p2a: Basculegion|Basculegion, L50, M|100/100\n|switch|p2b: Chandelure|Chandelure, L50, M|100/100\n|turn|1\n|inactive|Battle timer is ON: inactive players will automatically lose when time's up. (requested by Plznis)\n|inactive|Jah_08 has 60 seconds left.\n|inactive|Plznis has 60 seconds left.\n|\n|t:|1776000983\n|move|p1b: Aggron|Protect|p1b: Aggron\n|-singleturn|p1b: Aggron|Protect\n|move|p2a: Basculegion|Wave Crash|p1a: Farigiraf\n|-damage|p1a: Farigiraf|31/100\n|-damage|p2a: Basculegion|74/100|[from] Recoil\n|move|p2b: Chandelure|Sludge Bomb|p1a: Farigiraf\n|-damage|p1a: Farigiraf|4/100\n|move|p1a: Farigiraf|Trick Room|p1a: Farigiraf\n|-fieldstart|move: Trick Room|[of] p1a: Farigiraf\n|\n|upkeep\n|turn|2\n|inactive|Jah_08 has 30 seconds left.\n|\n|t:|1776001009\n|detailschange|p1b: Aggron|Aggron-Mega, L50, M\n|-mega|p1b: Aggron|Aggron|Aggronite\n|move|p1b: Aggron|Iron Defense|p1b: Aggron\n|-boost|p1b: Aggron|def|2\n|move|p1a: Farigiraf|Foul Play|p2b: Chandelure\n|-supereffective|p2b: Chandelure|1\n|-damage|p2b: Chandelure|16/100\n|replace|p2b: Zoroark|Zoroark-Hisui, L50, M\n|-end|p2b: Zoroark|Illusion\n|move|p2b: Zoroark|Will-O-Wisp|p1b: Aggron|[miss]\n|-miss|p2b: Zoroark|p1b: Aggron\n|move|p2a: Basculegion|Wave Crash|p1a: Farigiraf\n|-damage|p1a: Farigiraf|0 fnt\n|faint|p1a: Farigiraf\n|-damage|p2a: Basculegion|72/100|[from] Recoil\n|\n|upkeep\n|\n|t:|1776001028\n|switch|p1a: Sinistcha|Sinistcha, L50|100/100\n|turn|3\n|inactive|Jah_08 has 30 seconds left.\n|\n|t:|1776001059\n|switch|p2a: Vanilluxe|Vanilluxe, L50, M|100/100\n|-weather|Snowscape|[from] ability: Snow Warning|[of] p2a: Vanilluxe\n|move|p1b: Aggron|Iron Defense|p1b: Aggron\n|-boost|p1b: Aggron|def|2\n|move|p1a: Sinistcha|Matcha Gotcha|p2a: Vanilluxe|[spread] p2a,p2b\n|-damage|p2a: Vanilluxe|75/100\n|-damage|p2b: Zoroark|0 fnt\n|faint|p2b: Zoroark\n|\n|-weather|Snowscape|[upkeep]\n|upkeep\n|\n|t:|1776001074\n|switch|p2b: Chandelure|Chandelure, L50, M|100/100\n|turn|4\n|\n|t:|1776001087\n|switch|p1a: Torkoal|Torkoal, L50, M|100/100\n|-weather|SunnyDay|[from] ability: Drought|[of] p1a: Torkoal\n|detailschange|p2b: Chandelure|Chandelure-Mega, L50, M\n|-mega|p2b: Chandelure|Chandelure|Chandelurite\n|move|p2a: Vanilluxe|Protect|p2a: Vanilluxe\n|-singleturn|p2a: Vanilluxe|Protect\n|move|p1b: Aggron|Heavy Slam|p2a: Vanilluxe\n|-activate|p2a: Vanilluxe|move: Protect\n|move|p2b: Chandelure|Heat Wave|p1b: Aggron|[spread] p1a,p1b\n|-resisted|p1a: Torkoal|1\n|-supereffective|p1b: Aggron|1\n|-damage|p1a: Torkoal|55/100\n|-damage|p1b: Aggron|9/100\n|\n|-weather|SunnyDay|[upkeep]\n|upkeep\n|turn|5\n|inactive|Jah_08 has 30 seconds left.\n|\n|t:|1776001120\n|switch|p2a: Basculegion|Basculegion, L50, M|72/100\n|move|p1a: Torkoal|Heat Wave|p2a: Basculegion|[spread] p2a,p2b\n|-resisted|p2a: Basculegion|1\n|-resisted|p2b: Chandelure|1\n|-damage|p2a: Basculegion|37/100\n|-damage|p2b: Chandelure|65/100\n|move|p1b: Aggron|Heavy Slam|p2b: Chandelure\n|-resisted|p2b: Chandelure|1\n|-damage|p2b: Chandelure|35/100\n|move|p2b: Chandelure|Heat Wave|p1a: Torkoal|[spread] p1a,p1b\n|-resisted|p1a: Torkoal|1\n|-supereffective|p1b: Aggron|1\n|-damage|p1a: Torkoal|6/100\n|-damage|p1b: Aggron|0 fnt\n|faint|p1b: Aggron\n|\n|-weather|SunnyDay|[upkeep]\n|-fieldend|move: Trick Room\n|upkeep\n|\n|t:|1776001137\n|switch|p1b: Sinistcha|Sinistcha, L50|100/100\n|-heal|p1a: Torkoal|31/100|[from] ability: Hospitality|[of] p1b: Sinistcha\n|turn|6\n|\n|t:|1776001149\n|move|p1a: Torkoal|Protect|p1a: Torkoal\n|-singleturn|p1a: Torkoal|Protect\n|move|p2a: Basculegion|Last Respects|p1b: Sinistcha\n|-supereffective|p1b: Sinistcha|1\n|-damage|p1b: Sinistcha|0 fnt\n|faint|p1b: Sinistcha\n|move|p2b: Chandelure|Heat Wave|p1a: Torkoal\n|-activate|p1a: Torkoal|move: Protect\n|\n|-weather|SunnyDay|[upkeep]\n|upkeep\n|turn|7\n|-message|Plznis forfeited.\n|\n|win|Jah_08\n|raw|Plznis's rating: 1206 &rarr; <strong>1182</strong><br />(-24 for losing)\n|raw|Jah_08's rating: 1220 &rarr; <strong>1244</strong><br />(+24 for winning)\n|l|\u2606Plznis\n|player|p1|\n",
  "uploadtime": 1776001177,
  "views": 15,
  "formatid": "gen9championsvgc2026regma",
  "rating": 1182,
  "private": 0,
  "password": null
}