{
  "id": "gen9championsvgc2026regma-2585719739",
  "format": "[Gen 9 Champions] VGC 2026 Reg M-A",
  "players": [
    "JaiKapur",
    "warwarwarwar"
  ],
  "log": "|j|\u2606JaiKapur\n|j|\u2606warwarwarwar\n|t:|1776365908\n|gametype|doubles\n|player|p1|JaiKapur|1|1064\n|player|p2|warwarwarwar|2|1049\n|gen|9\n|tier|[Gen 9 Champions] VGC 2026 Reg M-A\n|rated|\n|rule|Species Clause: Limit one of each Pok\u00e9mon\n|rule|Item Clause: Limit 1 of each item\n|clearpoke\n|poke|p1|Kangaskhan, L50, F|\n|poke|p1|Zoroark-Hisui, L50, F|\n|poke|p1|Pelipper, L50, M|\n|poke|p1|Primarina, L50, M|\n|poke|p1|Sinistcha, L50|\n|poke|p1|Krookodile, L50, M|\n|poke|p2|Meganium, L50, M|\n|poke|p2|Archaludon, L50, F|\n|poke|p2|Pelipper, L50, M|\n|poke|p2|Basculegion, L50, M|\n|poke|p2|Zoroark-Hisui, L50, M|\n|poke|p2|Orthworm, L50, F|\n|teampreview|4\n|inactive|Battle timer is ON: inactive players will automatically lose when time's up. (requested by warwarwarwar)\n|\n|t:|1776365967\n|teamsize|p1|4\n|teamsize|p2|4\n|start\n|switch|p1a: Tim|Kangaskhan, L50, F|100/100\n|switch|p1b: Wmans|Krookodile, L50, M|100/100\n|switch|p2a: Basculegion|Basculegion, L50, M|100/100\n|switch|p2b: Pelipper|Pelipper, L50, M|100/100\n|-ability|p1b: Wmans|Intimidate|boost\n|-unboost|p2a: Basculegion|atk|1\n|-unboost|p2b: Pelipper|atk|1\n|-weather|RainDance|[from] ability: Drizzle|[of] p2b: Pelipper\n|turn|1\n|inactive|warwarwarwar has 30 seconds left.\n|inactive|JaiKapur has 30 seconds left.\n|inactive|warwarwarwar has 20 seconds left.\n|\n|t:|1776366007\n|move|p2a: Basculegion|Wave Crash|p1b: Wmans\n|-supereffective|p1b: Wmans|1\n|-damage|p1b: Wmans|0 fnt\n|faint|p1b: Wmans\n|-damage|p2a: Basculegion|71/100|[from] Recoil\n|move|p1a: Tim|Bitter Malice|p2a: Basculegion\n|-supereffective|p2a: Basculegion|1\n|-crit|p2a: Basculegion\n|-damage|p2a: Basculegion|0 fnt\n|faint|p2a: Basculegion\n|move|p2b: Pelipper|Tailwind|p2b: Pelipper\n|-sidestart|p2: warwarwarwar|move: Tailwind\n|\n|-weather|RainDance|[upkeep]\n|upkeep\n|\n|t:|1776366022\n|switch|p1b: ArianaTimdae|Primarina, L50, M|100/100\n|switch|p2a: Archaludon|Archaludon, L50, F|100/100\n|turn|2\n|\n|t:|1776366040\n|move|p1a: Tim|Detect|p1a: Tim\n|-singleturn|p1a: Tim|Protect\n|move|p2a: Archaludon|Electro Shot||[still]\n|-prepare|p2a: Archaludon|Electro Shot\n|-boost|p2a: Archaludon|spa|1\n|-anim|p2a: Archaludon|Electro Shot|p1b: ArianaTimdae\n|-supereffective|p1b: ArianaTimdae|1\n|-damage|p1b: ArianaTimdae|0 fnt\n|faint|p1b: ArianaTimdae\n|move|p2b: Pelipper|Hurricane|p1a: Tim\n|-activate|p1a: Tim|move: Protect\n|\n|-weather|RainDance|[upkeep]\n|upkeep\n|\n|t:|1776366050\n|switch|p1b: Tim|Kangaskhan, L50, F|100/100\n|turn|3\n|inactive|JaiKapur has 30 seconds left.\n|\n|t:|1776366076\n|detailschange|p1b: Tim|Kangaskhan-Mega, L50, F\n|-mega|p1b: Tim|Kangaskhan|Kangaskhanite\n|move|p2a: Archaludon|Protect|p2a: Archaludon\n|-singleturn|p2a: Archaludon|Protect\n|move|p1a: Tim|Bitter Malice|p2a: Archaludon\n|-activate|p2a: Archaludon|move: Protect\n|move|p2b: Pelipper|U-turn|p1b: Tim\n|-damage|p1b: Tim|95/100\n|\n|t:|1776366085\n|switch|p2b: Meganium|Meganium, L50, M|100/100|[from] U-turn\n|move|p1b: Tim|Brick Break|p2a: Archaludon\n|-activate|p2a: Archaludon|move: Protect\n|\n|-weather|RainDance|[upkeep]\n|upkeep\n|turn|4\n|\n|t:|1776366100\n|detailschange|p2b: Meganium|Meganium-Mega, L50, M\n|-mega|p2b: Meganium|Meganium|Meganiumite\n|move|p2a: Archaludon|Aura Sphere|p1b: Tim\n|-supereffective|p1b: Tim|1\n|-damage|p1b: Tim|19/100\n|move|p2b: Meganium|Solar Beam||[still]\n|-prepare|p2b: Meganium|Solar Beam\n|-activate|p2b: Meganium|ability: Mega Sol\n|-anim|p2b: Meganium|Solar Beam|p1b: Tim\n|-damage|p1b: Tim|0 fnt\n|faint|p1b: Tim\n|move|p1a: Tim|Bitter Malice|p2a: Archaludon\n|-damage|p2a: Archaludon|62/100\n|-unboost|p2a: Archaludon|atk|1\n|\n|-weather|RainDance|[upkeep]\n|-sideend|p2: warwarwarwar|move: Tailwind\n|upkeep\n|turn|5\n|-message|JaiKapur forfeited.\n|\n|win|warwarwarwar\n|raw|JaiKapur's rating: 1064 &rarr; <strong>1044</strong><br />(-20 for losing)\n|raw|warwarwarwar's rating: 1049 &rarr; <strong>1083</strong><br />(+34 for winning)\n|l|\u2606JaiKapur\n|player|p1|\n",
  "uploadtime": 1776366119,
  "views": 16,
  "formatid": "gen9championsvgc2026regma",
  "rating": 1044,
  "private": 0,
  "password": null
}