{
  "id": "gen9championsvgc2026regma-2582544433",
  "format": "[Gen 9 Champions] VGC 2026 Reg M-A",
  "players": [
    "borjaocerin",
    "LUWITE"
  ],
  "log": "|j|\u2606borjaocerin\n|j|\u2606LUWITE\n|t:|1776098420\n|gametype|doubles\n|player|p1|borjaocerin|102|1172\n|player|p2|LUWITE|ghetsis|1258\n|gen|9\n|tier|[Gen 9 Champions] VGC 2026 Reg M-A\n|rated|\n|rule|Species Clause: Limit one of each Pok\u00e9mon\n|rule|Item Clause: Limit 1 of each item\n|clearpoke\n|poke|p1|Excadrill, L50, F|\n|poke|p1|Dragapult, L50, F|\n|poke|p1|Incineroar, L50, F|\n|poke|p1|Tyranitar, L50, F|\n|poke|p1|Rotom-Wash, L50|\n|poke|p1|Sneasler, L50, F|\n|poke|p2|Sneasler, L50, M|\n|poke|p2|Kingambit, L50, F|\n|poke|p2|Clefable, L50, F|\n|poke|p2|Delphox, L50, M|\n|poke|p2|Dragonite, L50, M|\n|poke|p2|Basculegion, L50, M|\n|teampreview|4\nLUWITE rejected open team sheets.\n|\n|t:|1776098451\n|teamsize|p1|4\n|teamsize|p2|4\n|start\n|switch|p1a: Incineroar|Incineroar, L50, F|100/100\n|switch|p1b: Tyranitar|Tyranitar, L50, F, shiny|100/100\n|switch|p2a: Basculegion|Basculegion, L50, M|100/100\n|switch|p2b: Dragonite|Dragonite, L50, M|100/100\n|-weather|Sandstorm|[from] ability: Sand Stream|[of] p1b: Tyranitar\n|-ability|p1a: Incineroar|Intimidate|boost\n|-unboost|p2a: Basculegion|atk|1\n|-fail|p2b: Dragonite|unboost|Attack|[from] ability: Inner Focus|[of] p2b: Dragonite\n|turn|1\n|\n|t:|1776098465\n|detailschange|p1b: Tyranitar|Tyranitar-Mega, L50, F, shiny\n|-mega|p1b: Tyranitar|Tyranitar|Tyranitarite\n|move|p2b: Dragonite|Protect|p2b: Dragonite\n|-singleturn|p2b: Dragonite|Protect\n|move|p1a: Incineroar|Fake Out|p2b: Dragonite\n|-activate|p2b: Dragonite|move: Protect\n|move|p2a: Basculegion|Flip Turn|p1b: Tyranitar\n|-supereffective|p1b: Tyranitar|1\n|-damage|p1b: Tyranitar|71/100\n|\n|t:|1776098475\n|switch|p2a: Sneasler|Sneasler, L50, M|100/100|[from] Flip Turn\n|move|p1b: Tyranitar|Knock Off|p2a: Sneasler\n|-resisted|p2a: Sneasler|1\n|-damage|p2a: Sneasler|48/100\n|-enditem|p2a: Sneasler|Focus Sash|[from] move: Knock Off|[of] p1b: Tyranitar\n|\n|-weather|Sandstorm|[upkeep]\n|-damage|p2a: Sneasler|42/100|[from] Sandstorm\n|-damage|p2b: Dragonite|95/100|[from] Sandstorm\n|-damage|p1a: Incineroar|95/100|[from] Sandstorm\n|-heal|p1a: Incineroar|100/100|[from] item: Leftovers\n|upkeep\n|turn|2\n|\n|t:|1776098497\n|switch|p1b: Dragapult|Dragapult, L50, F|100/100\n|move|p2a: Sneasler|Close Combat|p1a: Incineroar\n|-supereffective|p1a: Incineroar|1\n|-damage|p1a: Incineroar|0 fnt\n|-unboost|p2a: Sneasler|def|1\n|-unboost|p2a: Sneasler|spd|1\n|faint|p1a: Incineroar\n|move|p2b: Dragonite|Scale Shot|p1b: Dragapult\n|-supereffective|p1b: Dragapult|1\n|-damage|p1b: Dragapult|59/100\n|-supereffective|p1b: Dragapult|1\n|-damage|p1b: Dragapult|18/100\n|-supereffective|p1b: Dragapult|1\n|-damage|p1b: Dragapult|0 fnt\n|faint|p1b: Dragapult\n|-hitcount|p1: Dragapult|3\n|-unboost|p2b: Dragonite|def|1\n|-boost|p2b: Dragonite|spe|1\n|\n|-weather|Sandstorm|[upkeep]\n|-damage|p2a: Sneasler|36/100|[from] Sandstorm\n|-damage|p2b: Dragonite|89/100|[from] Sandstorm\n|upkeep\n|\n|t:|1776098505\n|switch|p1b: Excadrill|Excadrill, L50, F, shiny|100/100\n|switch|p1a: Tyranitar|Tyranitar-Mega, L50, F, shiny|71/100\n|turn|3\n|\n|t:|1776098517\n|move|p2a: Sneasler|Protect|p2a: Sneasler\n|-singleturn|p2a: Sneasler|Protect\n|move|p2b: Dragonite|Protect|p2b: Dragonite\n|-singleturn|p2b: Dragonite|Protect\n|move|p1b: Excadrill|High Horsepower|p2a: Sneasler\n|-activate|p2a: Sneasler|move: Protect\n|move|p1a: Tyranitar|Ice Punch|p2b: Dragonite\n|-activate|p2b: Dragonite|move: Protect\n|\n|-weather|Sandstorm|[upkeep]\n|-damage|p2a: Sneasler|30/100|[from] Sandstorm\n|-damage|p2b: Dragonite|83/100|[from] Sandstorm\n|upkeep\n|turn|4\n|\n|t:|1776098531\n|move|p2b: Dragonite|Extreme Speed|p1b: Excadrill\n|-resisted|p1b: Excadrill|1\n|-damage|p1b: Excadrill|77/100\n|move|p2a: Sneasler|Close Combat|p1b: Excadrill\n|-supereffective|p1b: Excadrill|1\n|-damage|p1b: Excadrill|0 fnt\n|-unboost|p2a: Sneasler|def|1\n|-unboost|p2a: Sneasler|spd|1\n|faint|p1b: Excadrill\n|move|p1a: Tyranitar|Ice Punch|p2b: Dragonite\n|-supereffective|p2b: Dragonite|2\n|-damage|p2b: Dragonite|0 fnt\n|faint|p2b: Dragonite\n|\n|-weather|Sandstorm|[upkeep]\n|-damage|p2a: Sneasler|24/100|[from] Sandstorm\n|upkeep\n|\n|t:|1776098545\n|switch|p2b: Basculegion|Basculegion, L50, M|100/100\n|turn|5\n|\n|t:|1776098548\n|move|p2a: Sneasler|Close Combat|p1a: Tyranitar\n|-supereffective|p1a: Tyranitar|2\n|-damage|p1a: Tyranitar|0 fnt\n|-unboost|p2a: Sneasler|def|1\n|-unboost|p2a: Sneasler|spd|1\n|faint|p1a: Tyranitar\n|\n|win|LUWITE\n|raw|borjaocerin's rating: 1172 &rarr; <strong>1153</strong><br />(-19 for losing)\n|raw|LUWITE's rating: 1258 &rarr; <strong>1277</strong><br />(+19 for winning)\n|l|\u2606borjaocerin\n|player|p1|\n",
  "uploadtime": 1776098641,
  "views": 11,
  "formatid": "gen9championsvgc2026regma",
  "rating": 1153,
  "private": 0,
  "password": null
}