{
  "id": "gen9championsvgc2026regma-2585715667",
  "format": "[Gen 9 Champions] VGC 2026 Reg M-A",
  "players": [
    "ihopeafairmatch",
    "Kazuma Yato"
  ],
  "log": "|j|\u2606ihopeafairmatch\n|j|\u2606Kazuma Yato\n|t:|1776365640\n|gametype|doubles\n|player|p1|ihopeafairmatch|ghetsis|1225\n|player|p2|Kazuma Yato|2|1207\n|gen|9\n|tier|[Gen 9 Champions] VGC 2026 Reg M-A\n|rated|\n|rule|Species Clause: Limit one of each Pok\u00e9mon\n|rule|Item Clause: Limit 1 of each item\n|clearpoke\n|poke|p1|Gengar, L50, M|\n|poke|p1|Garganacl, L50, F|\n|poke|p1|Tauros-Paldea-Aqua, L50, M|\n|poke|p1|Dragonite, L50, F|\n|poke|p1|Kangaskhan, L50, F|\n|poke|p1|Sinistcha, L50|\n|poke|p2|Aerodactyl, L50, F|\n|poke|p2|Maushold, L50|\n|poke|p2|Garchomp, L50, M|\n|poke|p2|Delphox, L50, M|\n|poke|p2|Aegislash, L50, M|\n|poke|p2|Floette-Eternal, L50, F|\n|teampreview|4\n|inactive|Battle timer is ON: inactive players will automatically lose when time's up. (requested by ihopeafairmatch)\n|inactive|Kazuma Yato has 60 seconds left.\n|inactive|Kazuma Yato has 30 seconds left.\n|\n|t:|1776365702\n|teamsize|p1|4\n|teamsize|p2|4\n|start\n|switch|p1a: Garganacl|Garganacl, L50, F|100/100\n|switch|p1b: Tauros|Tauros-Paldea-Aqua, L50, M|100/100\n|switch|p2a: Delphox|Delphox, L50, M|100/100\n|switch|p2b: Garchomp|Garchomp, L50, M|100/100\n|-ability|p1b: Tauros|Intimidate|boost\n|-unboost|p2a: Delphox|atk|1\n|-unboost|p2b: Garchomp|atk|1\n|turn|1\n|\n|t:|1776365718\n|detailschange|p2a: Delphox|Delphox-Mega, L50, M\n|-mega|p2a: Delphox|Delphox|Delphoxite\n|move|p2a: Delphox|Protect|p2a: Delphox\n|-singleturn|p2a: Delphox|Protect\n|move|p1b: Tauros|Protect|p1b: Tauros\n|-singleturn|p1b: Tauros|Protect\n|move|p2b: Garchomp|Earthquake|p1b: Tauros|[spread] p1a\n|-activate|p2a: Delphox|move: Protect\n|-activate|p1b: Tauros|move: Protect\n|-supereffective|p1a: Garganacl|1\n|-damage|p1a: Garganacl|67/100\n|move|p1a: Garganacl|Salt Cure|p2a: Delphox\n|-activate|p2a: Delphox|move: Protect\n|\n|-heal|p1a: Garganacl|73/100|[from] item: Leftovers\n|upkeep\n|turn|2\n|inactive|Kazuma Yato has 30 seconds left.\n|inactive|Kazuma Yato has 20 seconds left.\n|\n|t:|1776365758\n|move|p1b: Tauros|Aqua Jet|p2a: Delphox\n|-supereffective|p2a: Delphox|1\n|-damage|p2a: Delphox|32/100\n|move|p2a: Delphox|Encore|p1b: Tauros\n|-start|p1b: Tauros|Encore\n|move|p2b: Garchomp|Earthquake|p1b: Tauros|[spread] p1a,p1b\n|-immune|p2a: Delphox|[from] ability: Levitate\n|-supereffective|p1a: Garganacl|1\n|-damage|p1a: Garganacl|37/100\n|-damage|p1b: Tauros|65/100\n|move|p1a: Garganacl|Salt Cure|p2a: Delphox\n|-supereffective|p2a: Delphox|1\n|-damage|p2a: Delphox|0 fnt\n|faint|p2a: Delphox\n|\n|-heal|p1a: Garganacl|43/100|[from] item: Leftovers\n|upkeep\n|\n|t:|1776365776\n|switch|p2a: Aerodactyl|Aerodactyl, L50, F|100/100\n|-ability|p2a: Aerodactyl|Unnerve\n|turn|3\n|\n|t:|1776365782\n|move|p1a: Garganacl|Wide Guard|p1a: Garganacl\n|-singleturn|p1a: Garganacl|Wide Guard\n|move|p1b: Tauros|Aqua Jet|p2a: Aerodactyl\n|-supereffective|p2a: Aerodactyl|1\n|-damage|p2a: Aerodactyl|37/100\n|move|p2a: Aerodactyl|Rock Slide|p1b: Tauros|[spread] \n|-activate|p1a: Garganacl|move: Wide Guard\n|-activate|p1b: Tauros|move: Wide Guard\n|move|p2b: Garchomp|Earthquake|p1b: Tauros|[spread] \n|-activate|p1a: Garganacl|move: Wide Guard\n|-activate|p1b: Tauros|move: Wide Guard\n|-immune|p2a: Aerodactyl\n|\n|-heal|p1a: Garganacl|49/100|[from] item: Leftovers\n|upkeep\n|turn|4\n|\n|t:|1776365796\n|switch|p2a: Maushold|Maushold, L50|100/100\n|move|p1b: Tauros|Aqua Jet|p2a: Maushold\n|-damage|p2a: Maushold|73/100\n|move|p2b: Garchomp|Stomping Tantrum|p1a: Garganacl\n|-supereffective|p1a: Garganacl|1\n|-damage|p1a: Garganacl|0 fnt\n|faint|p1a: Garganacl\n|\n|upkeep\n|\n|t:|1776365807\n|switch|p1a: Kangaskhan|Kangaskhan, L50, F|100/100\n|turn|5\n|\n|t:|1776365832\n|detailschange|p1a: Kangaskhan|Kangaskhan-Mega, L50, F\n|-mega|p1a: Kangaskhan|Kangaskhan|Kangaskhanite\n|move|p2a: Maushold|Protect|p2a: Maushold\n|-singleturn|p2a: Maushold|Protect\n|move|p2b: Garchomp|Protect|p2b: Garchomp\n|-singleturn|p2b: Garchomp|Protect\n|move|p1b: Tauros|Aqua Jet|p2a: Maushold\n|-activate|p2a: Maushold|move: Protect\n|move|p1a: Kangaskhan|Drain Punch|p2a: Maushold\n|-activate|p2a: Maushold|move: Protect\n|\n|-end|p1b: Tauros|Encore\n|upkeep\n|turn|6\n|inactive|ihopeafairmatch has 30 seconds left.\n|\n|t:|1776365865\n|switch|p1b: Dragonite|Dragonite, L50, F|100/100\n|move|p2a: Maushold|Super Fang|p1a: Kangaskhan\n|-damage|p1a: Kangaskhan|50/100\n|move|p2b: Garchomp|Stomping Tantrum|p1a: Kangaskhan\n|-damage|p1a: Kangaskhan|21/100\n|move|p1a: Kangaskhan|Drain Punch|p2a: Maushold\n|-supereffective|p2a: Maushold|1\n|-enditem|p2a: Maushold|Chople Berry|[eat]\n|-enditem|p2a: Maushold|Chople Berry|[weaken]\n|-damage|p2a: Maushold|41/100\n|-heal|p1a: Kangaskhan|35/100|[from] drain|[of] p2a: Maushold\n|-supereffective|p2a: Maushold|1\n|-damage|p2a: Maushold|27/100\n|-heal|p1a: Kangaskhan|41/100|[from] drain|[of] p2a: Maushold\n|-hitcount|p2a: Maushold|2\n|\n|upkeep\n|turn|7\n|\n|t:|1776365888\n|move|p1a: Kangaskhan|Sucker Punch|p2a: Maushold\n|-damage|p2a: Maushold|0 fnt\n|faint|p2a: Maushold\n|-hitcount|p2: Maushold|1\n|move|p2b: Garchomp|Rock Slide|p1a: Kangaskhan|[spread] p1a,p1b\n|-supereffective|p1b: Dragonite|1\n|-damage|p1a: Kangaskhan|31/100\n|-damage|p1b: Dragonite|71/100\n|move|p1b: Dragonite|Scale Shot|p2b: Garchomp\n|-supereffective|p2b: Garchomp|1\n|-damage|p2b: Garchomp|75/100\n|-supereffective|p2b: Garchomp|1\n|-damage|p2b: Garchomp|48/100\n|-supereffective|p2b: Garchomp|1\n|-damage|p2b: Garchomp|17/100\n|-hitcount|p2b: Garchomp|3\n|-unboost|p1b: Dragonite|def|1\n|-boost|p1b: Dragonite|spe|1\n|\n|upkeep\n|\n|t:|1776365897\n|switch|p2a: Aerodactyl|Aerodactyl, L50, F|37/100\n|-ability|p2a: Aerodactyl|Unnerve\n|turn|8\n|\n|t:|1776365906\n|move|p2b: Garchomp|Protect|p2b: Garchomp\n|-singleturn|p2b: Garchomp|Protect\n|move|p1b: Dragonite|Tailwind|p1b: Dragonite\n|-sidestart|p1: ihopeafairmatch|move: Tailwind\n|move|p1a: Kangaskhan|Drain Punch|p2a: Aerodactyl\n|-damage|p2a: Aerodactyl|0 fnt\n|-heal|p1a: Kangaskhan|45/100|[from] drain|[of] p2a: Aerodactyl\n|faint|p2a: Aerodactyl\n|-hitcount|p2: Aerodactyl|1\n|\n|upkeep\n|turn|9\n|-message|Kazuma Yato forfeited.\n|\n|win|ihopeafairmatch\n|raw|ihopeafairmatch's rating: 1225 &rarr; <strong>1249</strong><br />(+24 for winning)\n|raw|Kazuma Yato's rating: 1207 &rarr; <strong>1183</strong><br />(-24 for losing)\n|l|\u2606Kazuma Yato\n|player|p2|\n|l|\u2606ihopeafairmatch\n|player|p1|\n|j|\u2606Kazuma Yato\n|player|p2|Kazuma Yato|2|\n",
  "uploadtime": 1776365923,
  "views": 20,
  "formatid": "gen9championsvgc2026regma",
  "rating": 1183,
  "private": 0,
  "password": null
}