{
  "id": "gen9championsvgc2026regma-2582508101",
  "format": "[Gen 9 Champions] VGC 2026 Reg M-A",
  "players": [
    "thealex610",
    "Davidngtigtig"
  ],
  "log": "|j|\u2606thealex610\n|j|\u203dDavidngtigtig\n|t:|1776096153\n|gametype|doubles\n|player|p1|thealex610|265|1139\n|player|p2|Davidngtigtig|101|1220\n|gen|9\n|tier|[Gen 9 Champions] VGC 2026 Reg M-A\n|rated|\n|rule|Species Clause: Limit one of each Pok\u00e9mon\n|rule|Item Clause: Limit 1 of each item\n|clearpoke\n|poke|p1|Sneasler, L50, M|\n|poke|p1|Talonflame, L50, F|\n|poke|p1|Milotic, L50, F|\n|poke|p1|Aegislash, L50, F|\n|poke|p1|Scizor, L50, F|\n|poke|p1|Tyranitar, L50, F|\n|poke|p2|Starmie, L50|\n|poke|p2|Incineroar, L50, M|\n|poke|p2|Archaludon, L50, F|\n|poke|p2|Pelipper, L50, M|\n|poke|p2|Mamoswine, L50, F|\n|poke|p2|Gengar, L50, M|\n|teampreview|4\n|inactive|Battle timer is ON: inactive players will automatically lose when time's up. (requested by thealex610)\n|\n|t:|1776096186\n|teamsize|p1|4\n|teamsize|p2|4\n|start\n|switch|p1a: Milotic|Milotic, L50, F|100/100\n|switch|p1b: Sneasler|Sneasler, L50, M|100/100\n|switch|p2a: Incineroar|Incineroar, L50, M|100/100\n|switch|p2b: Mamoswine|Mamoswine, L50, F|100/100\n|-ability|p2a: Incineroar|Intimidate|boost\n|-unboost|p1a: Milotic|atk|1\n|-ability|p1a: Milotic|Competitive|boost\n|-boost|p1a: Milotic|spa|2\n|-unboost|p1b: Sneasler|atk|1\n|-enditem|p1b: Sneasler|White Herb\n|-clearnegativeboost|p1b: Sneasler|[silent]\n|turn|1\n|\n|t:|1776096207\n|move|p1b: Sneasler|Fake Out|p2a: Incineroar\n|-damage|p2a: Incineroar|87/100\n|cant|p2a: Incineroar|flinch\n|move|p1a: Milotic|Scald|p2b: Mamoswine\n|-supereffective|p2b: Mamoswine|1\n|-enditem|p2b: Mamoswine|Focus Sash\n|-damage|p2b: Mamoswine|1/100\n|move|p2b: Mamoswine|High Horsepower|p1b: Sneasler\n|-supereffective|p1b: Sneasler|1\n|-damage|p1b: Sneasler|0 fnt\n|faint|p1b: Sneasler\n|\n|upkeep\n|\n|t:|1776096220\n|switch|p1b: Aegislash|Aegislash, L50, F|100/100\n|turn|2\n|\n|t:|1776096234\n|switch|p2b: Pelipper|Pelipper, L50, M|100/100\n|-weather|RainDance|[from] ability: Drizzle|[of] p2b: Pelipper\n|-formechange|p1b: Aegislash|Aegislash-Blade|\n|move|p1b: Aegislash|Shadow Sneak|p2b: Pelipper\n|-damage|p2b: Pelipper|77/100\n|move|p1a: Milotic|Scald|p2a: Incineroar\n|-supereffective|p2a: Incineroar|1\n|-damage|p2a: Incineroar|0 fnt\n|faint|p2a: Incineroar\n|\n|-weather|RainDance|[upkeep]\n|upkeep\n|\n|t:|1776096247\n|switch|p2a: Archaludon|Archaludon, L50, F|100/100\n|turn|3\n|\n|t:|1776096263\n|switch|p1b: Tyranitar|Tyranitar, L50, F|100/100\n|-weather|Sandstorm|[from] ability: Sand Stream|[of] p1b: Tyranitar\n|move|p2a: Archaludon|Electro Shot||[still]\n|-prepare|p2a: Archaludon|Electro Shot\n|-boost|p2a: Archaludon|spa|1\n|move|p1a: Milotic|Icy Wind|p2b: Pelipper|[spread] p2a,p2b\n|-damage|p2a: Archaludon|64/100\n|-damage|p2b: Pelipper|53/100\n|-unboost|p2a: Archaludon|spe|1\n|-unboost|p2b: Pelipper|spe|1\n|move|p2b: Pelipper|Hurricane|p1b: Tyranitar\n|-resisted|p1b: Tyranitar|1\n|-damage|p1b: Tyranitar|87/100\n|\n|-weather|Sandstorm|[upkeep]\n|-damage|p1a: Milotic|95/100|[from] Sandstorm\n|-damage|p2b: Pelipper|47/100|[from] Sandstorm\n|upkeep\n|turn|4\n|inactive|thealex610 has 30 seconds left.\n|inactive|thealex610 has 20 seconds left.\n|-activate|p2b: Pelipper|item: Quick Claw\n|\n|t:|1776096301\n|move|p1a: Milotic|Protect|p1a: Milotic\n|-singleturn|p1a: Milotic|Protect\n|move|p2b: Pelipper|Wide Guard|p2b: Pelipper\n|-singleturn|p2b: Pelipper|Wide Guard\n|move|p2a: Archaludon|Electro Shot|p1a: Milotic|[from] lockedmove\n|-activate|p1a: Milotic|move: Protect\n|move|p1b: Tyranitar|Rock Slide|p2a: Archaludon|[spread] \n|-activate|p2a: Archaludon|move: Wide Guard\n|-activate|p2b: Pelipper|move: Wide Guard\n|\n|-weather|Sandstorm|[upkeep]\n|-damage|p1a: Milotic|89/100|[from] Sandstorm\n|-damage|p2b: Pelipper|41/100|[from] Sandstorm\n|upkeep\n|turn|5\n|inactive|thealex610 has 30 seconds left.\n|inactive|Davidngtigtig has 30 seconds left.\n|\n|t:|1776096330\n|switch|p1a: Aegislash|Aegislash, L50, F|100/100\n|switch|p2b: Mamoswine|Mamoswine, L50, F|1/100\n|move|p2a: Archaludon|Protect|p2a: Archaludon\n|-singleturn|p2a: Archaludon|Protect\n|move|p1b: Tyranitar|Knock Off|p2b: Mamoswine\n|-damage|p2b: Mamoswine|0 fnt\n|faint|p2b: Mamoswine\n|\n|-weather|Sandstorm|[upkeep]\n|upkeep\n|\n|t:|1776096340\n|switch|p2b: Pelipper|Pelipper, L50, M|41/100\n|-weather|RainDance|[from] ability: Drizzle|[of] p2b: Pelipper\n|turn|6\n|\n|t:|1776096358\n|detailschange|p1b: Tyranitar|Tyranitar-Mega, L50, F\n|-mega|p1b: Tyranitar|Tyranitar|Tyranitarite\n|-weather|Sandstorm|[from] ability: Sand Stream|[of] p1b: Tyranitar\n|move|p2b: Pelipper|Wide Guard|p2b: Pelipper\n|-singleturn|p2b: Pelipper|Wide Guard\n|move|p1b: Tyranitar|Knock Off|p2b: Pelipper\n|-damage|p2b: Pelipper|0 fnt\n|-enditem|p2b: Pelipper|Quick Claw|[from] move: Knock Off|[of] p1b: Tyranitar\n|faint|p2b: Pelipper\n|move|p2a: Archaludon|Flash Cannon|p1b: Tyranitar\n|-supereffective|p1b: Tyranitar|1\n|-damage|p1b: Tyranitar|11/100\n|-formechange|p1a: Aegislash|Aegislash-Blade|\n|move|p1a: Aegislash|Sacred Sword|p2a: Archaludon\n|-supereffective|p2a: Archaludon|1\n|-damage|p2a: Archaludon|7/100\n|\n|-weather|Sandstorm|[upkeep]\n|upkeep\n|turn|7\n|-message|Davidngtigtig forfeited.\n|\n|win|thealex610\n|raw|thealex610's rating: 1139 &rarr; <strong>1170</strong><br />(+31 for winning)\n|raw|Davidngtigtig's rating: 1220 &rarr; <strong>1189</strong><br />(-31 for losing)\n|l|\u203dDavidngtigtig\n|player|p2|\n",
  "uploadtime": 1776096383,
  "views": 42,
  "formatid": "gen9championsvgc2026regma",
  "rating": 1170,
  "private": 0,
  "password": null
}