{
  "id": "gen9championsvgc2026regma-2586906153",
  "format": "[Gen 9 Champions] VGC 2026 Reg M-A",
  "players": [
    "loklastaji",
    "craft123"
  ],
  "log": "|j|\u2606loklastaji\n|j|\u2606craft123\n|t:|1776470522\n|gametype|doubles\n|player|p1|loklastaji|2|1148\n|player|p2|craft123|170|1213\n|gen|9\n|tier|[Gen 9 Champions] VGC 2026 Reg M-A\n|rated|\n|rule|Species Clause: Limit one of each Pok\u00e9mon\n|rule|Item Clause: Limit 1 of each item\n|clearpoke\n|poke|p1|Samurott-Hisui, L50, M|\n|poke|p1|Delphox, L50, F|\n|poke|p1|Tinkaton, L50, F|\n|poke|p1|Decidueye-Hisui, L50, F|\n|poke|p1|Altaria, L50, F|\n|poke|p1|Farigiraf, L50, F|\n|poke|p2|Sinistcha, L50|\n|poke|p2|Goodra-Hisui, L50, M|\n|poke|p2|Sneasler, L50, F|\n|poke|p2|Delphox, L50, M|\n|poke|p2|Rotom-Wash, L50|\n|poke|p2|Whimsicott, L50, F|\n|teampreview|4\n|\n|t:|1776470550\n|teamsize|p1|4\n|teamsize|p2|4\n|start\n|switch|p1a: Delphox|Delphox, L50, F|100/100\n|switch|p1b: Decidueye|Decidueye-Hisui, L50, F|100/100\n|switch|p2a: Sneasler|Sneasler, L50, F|100/100\n|switch|p2b: Rotom|Rotom-Wash, L50|100/100\n|turn|1\n|inactive|Battle timer is ON: inactive players will automatically lose when time's up. (requested by craft123)\n|\n|t:|1776470570\n|move|p1a: Delphox|Protect|p1a: Delphox\n|-singleturn|p1a: Delphox|Protect\n|move|p2b: Rotom|Hydro Pump|p1a: Delphox\n|-activate|p1a: Delphox|move: Protect\n|move|p1b: Decidueye|Leaf Blade|p2b: Rotom\n|-supereffective|p2b: Rotom|1\n|-damage|p2b: Rotom|3/100\n|move|p2a: Sneasler|Dire Claw|p1b: Decidueye\n|-supereffective|p1b: Decidueye|1\n|-damage|p1b: Decidueye|0 fnt\n|faint|p1b: Decidueye\n|\n|upkeep\n|\n|t:|1776470587\n|switch|p1b: Tinkaton|Tinkaton, L50, F|100/100\n|turn|2\n|\n|t:|1776470600\n|switch|p2b: Sinistcha|Sinistcha, L50|100/100\n|switch|p2a: Goodra|Goodra-Hisui, L50, M|100/100\n|detailschange|p1a: Delphox|Delphox-Mega, L50, F\n|-mega|p1a: Delphox|Delphox|Delphoxite\n|move|p1b: Tinkaton|Fake Out|p2b: Sinistcha\n|-immune|p2b: Sinistcha\n|move|p1a: Delphox|Nasty Plot|p1a: Delphox\n|-boost|p1a: Delphox|spa|2\n|\n|upkeep\n|turn|3\n|inactive|craft123 has 30 seconds left.\n|\n|t:|1776470635\n|move|p2b: Sinistcha|Protect|p2b: Sinistcha\n|-singleturn|p2b: Sinistcha|Protect\n|move|p1a: Delphox|Heat Wave|p2b: Sinistcha|[spread] p2a\n|-activate|p2b: Sinistcha|move: Protect\n|-damage|p2a: Goodra|49/100\n|move|p1b: Tinkaton|Play Rough|p2a: Goodra\n|-damage|p2a: Goodra|21/100\n|move|p2a: Goodra|Body Press|p1b: Tinkaton\n|-damage|p1b: Tinkaton|74/100\n|\n|upkeep\n|turn|4\n|\n|t:|1776470659\n|switch|p2b: Sneasler|Sneasler, L50, F|100/100\n|move|p1a: Delphox|Expanding Force|p2b: Sneasler\n|-supereffective|p2b: Sneasler|2\n|-damage|p2b: Sneasler|0 fnt\n|faint|p2b: Sneasler\n|move|p1b: Tinkaton|Play Rough|p2a: Goodra\n|-damage|p2a: Goodra|0 fnt\n|faint|p2a: Goodra\n|\n|upkeep\n|\n|t:|1776470664\n|switch|p2b: Sinistcha|Sinistcha, L50|100/100\n|switch|p2a: Rotom|Rotom-Wash, L50|3/100\n|-heal|p2a: Rotom|27/100|[from] ability: Hospitality|[of] p2b: Sinistcha\n|turn|5\n|\n|t:|1776470685\n|move|p1a: Delphox|Protect|p1a: Delphox\n|-singleturn|p1a: Delphox|Protect\n|move|p1b: Tinkaton|Protect|p1b: Tinkaton\n|-singleturn|p1b: Tinkaton|Protect\n|move|p2b: Sinistcha|Rage Powder|p2b: Sinistcha\n|-singleturn|p2b: Sinistcha|move: Rage Powder\n|move|p2a: Rotom|Hydro Pump|p1a: Delphox\n|-activate|p1a: Delphox|move: Protect\n|\n|upkeep\n|turn|6\n|\n|t:|1776470703\n|switch|p1a: Samurott|Samurott-Hisui, L50, M|100/100\n|move|p2a: Rotom|Hydro Pump|p1a: Samurott\n|-resisted|p1a: Samurott|1\n|-damage|p1a: Samurott|61/100\n|move|p1b: Tinkaton|Gigaton Hammer|p2a: Rotom\n|-resisted|p2a: Rotom|2\n|-damage|p2a: Rotom|10/100\n|move|p2b: Sinistcha|Life Dew||[still]|[spread] p2a,p2b\n|-heal|p2a: Rotom|35/100\n|-fail|p2b: Sinistcha|heal\n|\n|upkeep\n|turn|7\n|inactive|loklastaji has 30 seconds left.\n|inactive|craft123 has 30 seconds left.\n|inactive|loklastaji has 20 seconds left.\n|\n|t:|1776470743\n|switch|p1b: Delphox|Delphox-Mega, L50, F|100/100\n|move|p2b: Sinistcha|Rage Powder|p2b: Sinistcha\n|-singleturn|p2b: Sinistcha|move: Rage Powder\n|move|p1a: Samurott|Sucker Punch||[still]\n|-fail|p1a: Samurott\n|move|p2a: Rotom|Hydro Pump|p1b: Delphox\n|-supereffective|p1b: Delphox|1\n|-damage|p1b: Delphox|4/100\n|\n|upkeep\n|turn|8\n|\n|t:|1776470765\n|move|p2a: Rotom|Hydro Pump|p1a: Samurott\n|-resisted|p1a: Samurott|1\n|-damage|p1a: Samurott|22/100\n|move|p1b: Delphox|Heat Wave|p2a: Rotom|[spread] p2a,p2b\n|-resisted|p2a: Rotom|1\n|-supereffective|p2b: Sinistcha|1\n|-damage|p2a: Rotom|9/100\n|-damage|p2b: Sinistcha|16/100\n|-enditem|p2b: Sinistcha|Sitrus Berry|[eat]\n|-heal|p2b: Sinistcha|41/100|[from] item: Sitrus Berry\n|move|p1a: Samurott|Ceaseless Edge|p2a: Rotom|[miss]\n|-miss|p1a: Samurott|p2a: Rotom\n|move|p2b: Sinistcha|Matcha Gotcha|p1b: Delphox|[spread] p1a,p1b\n|-supereffective|p1a: Samurott|1\n|-resisted|p1b: Delphox|1\n|-damage|p1a: Samurott|0 fnt\n|-heal|p2b: Sinistcha|51/100|[from] drain|[of] p1a: Samurott\n|-damage|p1b: Delphox|0 fnt\n|-heal|p2b: Sinistcha|53/100|[from] drain|[of] p1b: Delphox\n|faint|p1a: Samurott\n|faint|p1b: Delphox\n|\n|upkeep\n|\n|t:|1776470788\n|switch|p1b: Tinkaton|Tinkaton, L50, F|74/100\n|turn|9\n|\n|t:|1776470792\n|move|p1b: Tinkaton|Fake Out|p2a: Rotom\n|-damage|p2a: Rotom|0 fnt\n|faint|p2a: Rotom\n|move|p2b: Sinistcha|Life Dew|p2b: Sinistcha\n|-heal|p2b: Sinistcha|78/100\n|\n|upkeep\n|turn|10\n|\n|t:|1776470800\n|move|p2b: Sinistcha|Protect|p2b: Sinistcha\n|-singleturn|p2b: Sinistcha|Protect\n|move|p1b: Tinkaton|Gigaton Hammer|p2b: Sinistcha\n|-activate|p2b: Sinistcha|move: Protect\n|\n|upkeep\n|turn|11\n|\n|t:|1776470808\n|move|p1b: Tinkaton|Play Rough|p2b: Sinistcha\n|-damage|p2b: Sinistcha|53/100\n|move|p2b: Sinistcha|Matcha Gotcha|p1b: Tinkaton\n|-resisted|p1b: Tinkaton|1\n|-damage|p1b: Tinkaton|55/100\n|-heal|p2b: Sinistcha|61/100|[from] drain|[of] p1b: Tinkaton\n|\n|upkeep\n|turn|12\n|\n|t:|1776470821\n|move|p1b: Tinkaton|Gigaton Hammer|p2b: Sinistcha\n|-damage|p2b: Sinistcha|19/100\n|move|p2b: Sinistcha|Life Dew|p2b: Sinistcha\n|-heal|p2b: Sinistcha|44/100\n|\n|upkeep\n|turn|13\n|\n|t:|1776470828\n|move|p1b: Tinkaton|Play Rough|p2b: Sinistcha\n|-damage|p2b: Sinistcha|20/100\n|move|p2b: Sinistcha|Matcha Gotcha|p1b: Tinkaton\n|-resisted|p1b: Tinkaton|1\n|-damage|p1b: Tinkaton|37/100\n|-heal|p2b: Sinistcha|29/100|[from] drain|[of] p1b: Tinkaton\n|\n|upkeep\n|turn|14\n|\n|t:|1776470843\n|move|p2b: Sinistcha|Protect|p2b: Sinistcha\n|-singleturn|p2b: Sinistcha|Protect\n|move|p1b: Tinkaton|Play Rough|p2b: Sinistcha\n|-activate|p2b: Sinistcha|move: Protect\n|\n|upkeep\n|turn|15\n|\n|t:|1776470851\n|move|p1b: Tinkaton|Gigaton Hammer|p2b: Sinistcha\n|-damage|p2b: Sinistcha|0 fnt\n|faint|p2b: Sinistcha\n|\n|win|loklastaji\n|raw|loklastaji's rating: 1148 &rarr; <strong>1178</strong><br />(+30 for winning)\n|raw|craft123's rating: 1213 &rarr; <strong>1183</strong><br />(-30 for losing)\n|l|\u2606craft123\n|player|p2|\n",
  "uploadtime": 1776470879,
  "views": 21,
  "formatid": "gen9championsvgc2026regma",
  "rating": 1178,
  "private": 0,
  "password": null
}