{
  "id": "gen9championsvgc2026regma-2585072196",
  "format": "[Gen 9 Champions] VGC 2026 Reg M-A",
  "players": [
    "KrustyMoist",
    "alex1075"
  ],
  "log": "|j|\u2606KrustyMoist\n|j|\u2606alex1075\n|t:|1776308885\n|gametype|doubles\n|player|p1|KrustyMoist|iris-gen5bw2|1097\n|player|p2|alex1075|lance|1072\n|gen|9\n|tier|[Gen 9 Champions] VGC 2026 Reg M-A\n|rated|\n|rule|Species Clause: Limit one of each Pok\u00e9mon\n|rule|Item Clause: Limit 1 of each item\n|clearpoke\n|poke|p1|Froslass, L50, F|\n|poke|p1|Rotom-Frost, L50|\n|poke|p1|Garchomp, L50, F|\n|poke|p1|Sneasler, L50, F|\n|poke|p1|Kingambit, L50, M|\n|poke|p1|Garganacl, L50, M|\n|poke|p2|Incineroar, L50, M|\n|poke|p2|Gengar, L50, F|\n|poke|p2|Kommo-o, L50, F|\n|poke|p2|Blastoise, L50, M|\n|poke|p2|Primarina, L50, M|\n|poke|p2|Altaria, L50, M|\n|teampreview|4\n|inactive|Battle timer is ON: inactive players will automatically lose when time's up. (requested by KrustyMoist)\nalex1075 rejected open team sheets.\n|inactive|KrustyMoist has 60 seconds left.\n|\n|t:|1776308936\n|teamsize|p1|4\n|teamsize|p2|4\n|start\n|switch|p1a: Kingambit|Kingambit, L50, M|100/100\n|switch|p1b: Rotom|Rotom-Frost, L50|100/100\n|switch|p2a: Gengar|Gengar, L50, F|100/100\n|switch|p2b: Incineroar|Incineroar, L50, M|100/100\n|-ability|p2b: Incineroar|Intimidate|boost\n|-unboost|p1a: Kingambit|atk|1\n|-ability|p1a: Kingambit|Defiant|boost\n|-boost|p1a: Kingambit|atk|2\n|-unboost|p1b: Rotom|atk|1\n|turn|1\n|\n|t:|1776308952\n|detailschange|p2a: Gengar|Gengar-Mega, L50, F\n|-mega|p2a: Gengar|Gengar|Gengarite\n|move|p1a: Kingambit|Protect|p1a: Kingambit\n|-singleturn|p1a: Kingambit|Protect\n|move|p2b: Incineroar|Fake Out|p1a: Kingambit\n|-activate|p1a: Kingambit|move: Protect\n|move|p2a: Gengar|Perish Song|p2a: Gengar\n|-start|p1a: Kingambit|perish3|[silent]\n|-start|p1b: Rotom|perish3|[silent]\n|-start|p2a: Gengar|perish3|[silent]\n|-start|p2b: Incineroar|perish3|[silent]\n|-fieldactivate|move: Perish Song\n|move|p1b: Rotom|Thunderbolt|p2a: Gengar\n|-damage|p2a: Gengar|57/100\n|\n|-start|p2a: Gengar|perish3\n|-start|p1b: Rotom|perish3\n|-start|p2b: Incineroar|perish3\n|-start|p1a: Kingambit|perish3\n|upkeep\n|turn|2\n|\n|t:|1776308974\n|move|p2a: Gengar|Protect|p2a: Gengar\n|-singleturn|p2a: Gengar|Protect\n|move|p2b: Incineroar|Protect|p2b: Incineroar\n|-singleturn|p2b: Incineroar|Protect\n|move|p1b: Rotom|Thunderbolt|p2b: Incineroar\n|-activate|p2b: Incineroar|move: Protect\n|move|p1a: Kingambit|Kowtow Cleave|p2a: Gengar\n|-activate|p2a: Gengar|move: Protect\n|\n|-start|p2a: Gengar|perish2\n|-start|p1b: Rotom|perish2\n|-start|p2b: Incineroar|perish2\n|-start|p1a: Kingambit|perish2\n|upkeep\n|turn|3\n|inactive|alex1075 has 30 seconds left.\n|\n|t:|1776308999\n|switch|p2a: Kommo-o|Kommo-o, L50, F|100/100\n|move|p1b: Rotom|Thunderbolt|p2a: Kommo-o\n|-resisted|p2a: Kommo-o|1\n|-damage|p2a: Kommo-o|81/100\n|move|p2b: Incineroar|Parting Shot|p1a: Kingambit\n|-unboost|p1a: Kingambit|atk|1\n|-ability|p1a: Kingambit|Defiant|boost\n|-boost|p1a: Kingambit|atk|2\n|-unboost|p1a: Kingambit|spa|1\n|-ability|p1a: Kingambit|Defiant|boost\n|-boost|p1a: Kingambit|atk|2\n|\n|t:|1776309012\n|switch|p2b: Gengar|Gengar-Mega, L50, F|57/100|[from] Parting Shot\n|move|p1a: Kingambit|Kowtow Cleave|p2a: Kommo-o\n|-resisted|p2a: Kommo-o|1\n|-damage|p2a: Kommo-o|37/100\n|\n|-heal|p2a: Kommo-o|43/100|[from] item: Leftovers\n|-start|p1b: Rotom|perish1\n|-start|p1a: Kingambit|perish1\n|upkeep\n|turn|4\n|\n|t:|1776309028\n|move|p2b: Gengar|Protect|p2b: Gengar\n|-singleturn|p2b: Gengar|Protect\n|move|p2a: Kommo-o|Protect|p2a: Kommo-o\n|-singleturn|p2a: Kommo-o|Protect\n|move|p1b: Rotom|Blizzard|p2a: Kommo-o|[spread] \n|-activate|p2a: Kommo-o|move: Protect\n|-activate|p2b: Gengar|move: Protect\n|move|p1a: Kingambit|Kowtow Cleave|p2b: Gengar\n|-activate|p2b: Gengar|move: Protect\n|\n|-heal|p2a: Kommo-o|49/100|[from] item: Leftovers\n|-start|p1b: Rotom|perish0\n|-start|p1a: Kingambit|perish0\n|faint|p1b: Rotom\n|faint|p1a: Kingambit\n|upkeep\n|\n|t:|1776309037\n|switch|p1b: Garganacl|Garganacl, L50, M|100/100\n|switch|p1a: Froslass|Froslass, L50, F|100/100\n|turn|5\n|inactive|alex1075 has 30 seconds left.\n|\n|t:|1776309067\n|switch|p2a: Incineroar|Incineroar, L50, M|100/100\n|-ability|p2a: Incineroar|Intimidate|boost\n|-unboost|p1a: Froslass|atk|1\n|-unboost|p1b: Garganacl|atk|1\n|detailschange|p1a: Froslass|Froslass-Mega, L50, F\n|-mega|p1a: Froslass|Froslass|Froslassite\n|-weather|Snowscape|[from] ability: Snow Warning|[of] p1a: Froslass\n|move|p2b: Gengar|Shadow Ball|p1a: Froslass\n|-supereffective|p1a: Froslass|1\n|-damage|p1a: Froslass|0 fnt\n|faint|p1a: Froslass\n|move|p1b: Garganacl|Body Press|p2a: Incineroar\n|-supereffective|p2a: Incineroar|1\n|-damage|p2a: Incineroar|60/100\n|\n|-weather|Snowscape|[upkeep]\n|upkeep\n|turn|6\n|\n|t:|1776309084\n|move|p2a: Incineroar|Fake Out|p1b: Garganacl\n|-resisted|p1b: Garganacl|1\n|-damage|p1b: Garganacl|97/100\n|move|p2b: Gengar|Perish Song|p2b: Gengar\n|-start|p1b: Garganacl|perish3|[silent]\n|-start|p2a: Incineroar|perish3|[silent]\n|-start|p2b: Gengar|perish3|[silent]\n|-fieldactivate|move: Perish Song\n|cant|p1b: Garganacl|flinch\n|\n|-weather|Snowscape|[upkeep]\n|-heal|p1b: Garganacl|100/100|[from] item: Leftovers\n|-start|p2b: Gengar|perish3\n|-start|p2a: Incineroar|perish3\n|-start|p1b: Garganacl|perish3\n|upkeep\n|turn|7\n|\n|t:|1776309098\n|move|p2b: Gengar|Protect|p2b: Gengar\n|-singleturn|p2b: Gengar|Protect\n|move|p2a: Incineroar|Protect|p2a: Incineroar\n|-singleturn|p2a: Incineroar|Protect\n|move|p1b: Garganacl|Salt Cure|p2a: Incineroar\n|-activate|p2a: Incineroar|move: Protect\n|\n|-weather|Snowscape|[upkeep]\n|-start|p2b: Gengar|perish2\n|-start|p2a: Incineroar|perish2\n|-start|p1b: Garganacl|perish2\n|upkeep\n|turn|8\n|\n|t:|1776309118\n|move|p2b: Gengar|Substitute|p2b: Gengar\n|-start|p2b: Gengar|Substitute\n|-damage|p2b: Gengar|33/100\n|move|p2a: Incineroar|Parting Shot|p1b: Garganacl\n|-unboost|p1b: Garganacl|atk|1\n|-unboost|p1b: Garganacl|spa|1\n|\n|t:|1776309125\n|switch|p2a: Primarina|Primarina, L50, M|100/100|[from] Parting Shot\n|move|p1b: Garganacl|Salt Cure|p2a: Primarina\n|-damage|p2a: Primarina|91/100\n|-start|p2a: Primarina|Salt Cure\n|\n|-weather|Snowscape|[upkeep]\n|-damage|p2a: Primarina|79/100|[from] Salt Cure\n|-start|p2b: Gengar|perish1\n|-start|p1b: Garganacl|perish1\n|upkeep\n|turn|9\n|c|\u2606alex1075|GG\n|\n|t:|1776309141\n|switch|p2b: Incineroar|Incineroar, L50, M|60/100\n|-ability|p2b: Incineroar|Intimidate|boost\n|-unboost|p1b: Garganacl|atk|1\n|move|p2a: Primarina|Protect|p2a: Primarina\n|-singleturn|p2a: Primarina|Protect\n|move|p1b: Garganacl|Rock Slide|p2a: Primarina|[spread] p2b\n|-activate|p2a: Primarina|move: Protect\n|-supereffective|p2b: Incineroar|1\n|-damage|p2b: Incineroar|45/100\n|-enditem|p2b: Incineroar|Sitrus Berry|[eat]\n|-heal|p2b: Incineroar|70/100|[from] item: Sitrus Berry\n|\n|-weather|none\n|-damage|p2a: Primarina|66/100|[from] Salt Cure\n|-start|p1b: Garganacl|perish0\n|faint|p1b: Garganacl\n|\n|win|alex1075\n|raw|KrustyMoist's rating: 1097 &rarr; <strong>1071</strong><br />(-26 for losing)\n|raw|alex1075's rating: 1072 &rarr; <strong>1103</strong><br />(+31 for winning)\n|l|\u2606KrustyMoist\n|player|p1|\n",
  "uploadtime": 1776309157,
  "views": 20,
  "formatid": "gen9championsvgc2026regma",
  "rating": 1071,
  "private": 0,
  "password": null
}