{
  "id": "gen9championsvgc2026regma-2587994495",
  "format": "[Gen 9 Champions] VGC 2026 Reg M-A",
  "players": [
    "lowtiergimmick",
    "aarpar3"
  ],
  "log": "|j|\u2606lowtiergimmick\n|j|\u2606aarpar3\n|t:|1776590216\n|gametype|doubles\n|player|p1|lowtiergimmick|1|1091\n|player|p2|aarpar3|101|1144\n|gen|9\n|tier|[Gen 9 Champions] VGC 2026 Reg M-A\n|rated|\n|rule|Species Clause: Limit one of each Pok\u00e9mon\n|rule|Item Clause: Limit 1 of each item\n|clearpoke\n|poke|p1|Aggron, L50, F, shiny|\n|poke|p1|Milotic, L50, M|\n|poke|p1|Sinistcha-Masterpiece, L50|\n|poke|p1|Pelipper, L50, M|\n|poke|p1|Basculegion, L50, M|\n|poke|p1|Dragonite, L50, M|\n|poke|p2|Decidueye-Hisui, L50, M|\n|poke|p2|Reuniclus, L50, F|\n|poke|p2|Azumarill, L50, F|\n|poke|p2|Scizor, L50, F|\n|poke|p2|Ninetales-Alola, L50, F|\n|poke|p2|Milotic, L50, F|\n|teampreview|4\n|inactive|Battle timer is ON: inactive players will automatically lose when time's up. (requested by aarpar3)\n|\n|t:|1776590237\n|teamsize|p1|4\n|teamsize|p2|4\n|start\n|switch|p1a: The Wall\u2122|Aggron, L50, F, shiny|100/100\n|switch|p1b: Basculegion|Basculegion, L50, M|100/100\n|switch|p2a: Decidueye|Decidueye-Hisui, L50, M|100/100\n|switch|p2b: Reuniclus|Reuniclus, L50, F|100/100\n|turn|1\n|\n|t:|1776590257\n|detailschange|p1a: The Wall\u2122|Aggron-Mega, L50, F, shiny\n|-mega|p1a: The Wall\u2122|Aggron|Aggronite\n|move|p2a: Decidueye|Sucker Punch|p1b: Basculegion\n|-supereffective|p1b: Basculegion|1\n|-damage|p1b: Basculegion|35/100\n|move|p1b: Basculegion|Flip Turn|p2b: Reuniclus\n|-damage|p2b: Reuniclus|65/100\n|\n|t:|1776590267\n|switch|p1b: Pelipper|Pelipper, L50, M|100/100|[from] Flip Turn\n|-weather|RainDance|[from] ability: Drizzle|[of] p1b: Pelipper\n|move|p1a: The Wall\u2122|Iron Defense|p1a: The Wall\u2122\n|-boost|p1a: The Wall\u2122|def|2\n|move|p2b: Reuniclus|Trick Room|p2b: Reuniclus\n|-fieldstart|move: Trick Room|[of] p2b: Reuniclus\n|\n|-weather|RainDance|[upkeep]\n|upkeep\n|turn|2\n|inactive|lowtiergimmick has 30 seconds left.\n|inactive|aarpar3 has 30 seconds left.\n|\n|t:|1776590300\n|switch|p2b: Scizor|Scizor, L50, F|100/100\n|move|p1a: The Wall\u2122|Body Press|p2a: Decidueye\n|-damage|p2a: Decidueye|13/100\n|move|p2a: Decidueye|Triple Arrows|p1a: The Wall\u2122\n|-supereffective|p1a: The Wall\u2122|1\n|-crit|p1a: The Wall\u2122\n|-damage|p1a: The Wall\u2122|45/100\n|move|p1b: Pelipper|Hurricane|p2b: Scizor\n|-damage|p2b: Scizor|34/100\n|-start|p2b: Scizor|confusion\n|\n|-weather|RainDance|[upkeep]\n|upkeep\n|turn|3\n|inactive|aarpar3 has 30 seconds left.\n|\n|t:|1776590330\n|detailschange|p2b: Scizor|Scizor-Mega, L50, F\n|-mega|p2b: Scizor|Scizor|Scizorite\n|move|p1a: The Wall\u2122|Protect|p1a: The Wall\u2122\n|-singleturn|p1a: The Wall\u2122|Protect\n|move|p2a: Decidueye|Sucker Punch||[still]\n|-fail|p2a: Decidueye\n|-activate|p2b: Scizor|confusion\n|move|p2b: Scizor|Bullet Punch|p1a: The Wall\u2122\n|-activate|p1a: The Wall\u2122|move: Protect\n|move|p1b: Pelipper|Hurricane|p2a: Decidueye\n|-supereffective|p2a: Decidueye|2\n|-damage|p2a: Decidueye|0 fnt\n|faint|p2a: Decidueye\n|\n|-weather|RainDance|[upkeep]\n|upkeep\n|\n|t:|1776590346\n|switch|p2a: Ninetales|Ninetales-Alola, L50, F|100/100\n|-weather|Snowscape|[from] ability: Snow Warning|[of] p2a: Ninetales\n|turn|4\n|\n|t:|1776590358\n|switch|p1b: Sinistcha|Sinistcha-Masterpiece, L50|100/100\n|-heal|p1a: The Wall\u2122|69/100|[from] ability: Hospitality|[of] p1b: Sinistcha\n|-end|p2b: Scizor|confusion\n|move|p2b: Scizor|Bullet Punch|p1a: The Wall\u2122\n|-resisted|p1a: The Wall\u2122|1\n|-damage|p1a: The Wall\u2122|65/100\n|move|p1a: The Wall\u2122|Heavy Slam|p2a: Ninetales\n|-supereffective|p2a: Ninetales|2\n|-crit|p2a: Ninetales\n|-enditem|p2a: Ninetales|Focus Sash\n|-damage|p2a: Ninetales|1/100\n|move|p2a: Ninetales|Blizzard|p1b: Sinistcha|[spread] p1a,p1b\n|-resisted|p1a: The Wall\u2122|1\n|-supereffective|p1b: Sinistcha|1\n|-damage|p1a: The Wall\u2122|55/100\n|-damage|p1b: Sinistcha|53/100\n|\n|-weather|Snowscape|[upkeep]\n|upkeep\n|turn|5\n|inactive|lowtiergimmick has 30 seconds left.\n|\n|t:|1776590384\n|move|p1a: The Wall\u2122|Iron Defense|p1a: The Wall\u2122\n|-boost|p1a: The Wall\u2122|def|2\n|move|p1b: Sinistcha|Life Dew|p1b: Sinistcha|[spread] p1a,p1b\n|-heal|p1a: The Wall\u2122|80/100\n|-heal|p1b: Sinistcha|79/100\n|move|p2b: Scizor|Dual Wingbeat|p1b: Sinistcha\n|-supereffective|p1b: Sinistcha|1\n|-damage|p1b: Sinistcha|42/100\n|-enditem|p1b: Sinistcha|Sitrus Berry|[eat]\n|-heal|p1b: Sinistcha|66/100|[from] item: Sitrus Berry\n|-supereffective|p1b: Sinistcha|1\n|-damage|p1b: Sinistcha|29/100\n|-hitcount|p1b: Sinistcha|2\n|move|p2a: Ninetales|Blizzard|p1a: The Wall\u2122|[spread] p1a,p1b\n|-resisted|p1a: The Wall\u2122|1\n|-supereffective|p1b: Sinistcha|1\n|-damage|p1a: The Wall\u2122|69/100\n|-damage|p1b: Sinistcha|0 fnt\n|faint|p1b: Sinistcha\n|\n|-weather|Snowscape|[upkeep]\n|-fieldend|move: Trick Room\n|upkeep\n|\n|t:|1776590407\n|switch|p1b: Pelipper|Pelipper, L50, M|100/100\n|-weather|RainDance|[from] ability: Drizzle|[of] p1b: Pelipper\n|turn|6\n|\n|t:|1776590418\n|move|p1b: Pelipper|Protect|p1b: Pelipper\n|-singleturn|p1b: Pelipper|Protect\n|move|p2b: Scizor|Bullet Punch|p1b: Pelipper\n|-activate|p1b: Pelipper|move: Protect\n|move|p2a: Ninetales|Icy Wind|p1a: The Wall\u2122|[spread] p1a\n|-activate|p1b: Pelipper|move: Protect\n|-resisted|p1a: The Wall\u2122|1\n|-damage|p1a: The Wall\u2122|65/100\n|-unboost|p1a: The Wall\u2122|spe|1\n|move|p1a: The Wall\u2122|Body Press|p2a: Ninetales\n|-damage|p2a: Ninetales|0 fnt\n|faint|p2a: Ninetales\n|\n|-weather|RainDance|[upkeep]\n|upkeep\n|\n|t:|1776590431\n|switch|p2a: Reuniclus|Reuniclus, L50, F|98/100\n|turn|7\n|\n|t:|1776590449\n|move|p2b: Scizor|Bullet Punch|p1b: Pelipper\n|-resisted|p1b: Pelipper|1\n|-damage|p1b: Pelipper|76/100\n|move|p1b: Pelipper|Hurricane|p2a: Reuniclus\n|-damage|p2a: Reuniclus|52/100\n|-start|p2a: Reuniclus|confusion\n|move|p1a: The Wall\u2122|Body Press|p2a: Reuniclus\n|-resisted|p2a: Reuniclus|1\n|-damage|p2a: Reuniclus|0 fnt\n|faint|p2a: Reuniclus\n|\n|-weather|RainDance|[upkeep]\n|upkeep\n|turn|8\n|\n|t:|1776590464\n|move|p1b: Pelipper|Tailwind|p1b: Pelipper\n|-sidestart|p1: lowtiergimmick|move: Tailwind\n|move|p2b: Scizor|Dual Wingbeat|p1b: Pelipper\n|-damage|p1b: Pelipper|41/100\n|-damage|p1b: Pelipper|7/100\n|-hitcount|p1b: Pelipper|2\n|move|p1a: The Wall\u2122|Iron Defense|p1a: The Wall\u2122\n|-boost|p1a: The Wall\u2122|def|2\n|\n|-weather|RainDance|[upkeep]\n|upkeep\n|turn|9\n|\n|t:|1776590486\n|move|p2b: Scizor|Bullet Punch|p1b: Pelipper\n|-resisted|p1b: Pelipper|1\n|-damage|p1b: Pelipper|0 fnt\n|faint|p1b: Pelipper\n|move|p1a: The Wall\u2122|Iron Defense|p1a: The Wall\u2122\n|-boost|p1a: The Wall\u2122|def|0\n|\n|-weather|RainDance|[upkeep]\n|upkeep\n|\n|t:|1776590488\n|switch|p1b: Basculegion|Basculegion, L50, M|35/100\n|turn|10\n|\n|t:|1776590502\n|move|p1b: Basculegion|Aqua Jet|p1a: The Wall\u2122\n|-damage|p1a: The Wall\u2122|59/100\n|move|p2b: Scizor|Bullet Punch|p1b: Basculegion\n|-resisted|p1b: Basculegion|1\n|-damage|p1b: Basculegion|9/100\n|move|p1a: The Wall\u2122|Iron Defense|p1a: The Wall\u2122\n|-boost|p1a: The Wall\u2122|def|0\n|\n|-weather|none\n|upkeep\n|turn|11\n|\n|t:|1776590517\n|move|p1a: The Wall\u2122|Protect|p1a: The Wall\u2122\n|-singleturn|p1a: The Wall\u2122|Protect\n|move|p1b: Basculegion|Aqua Jet|p1a: The Wall\u2122\n|-activate|p1a: The Wall\u2122|move: Protect\n|move|p2b: Scizor|Bullet Punch|p1b: Basculegion\n|-resisted|p1b: Basculegion|1\n|-damage|p1b: Basculegion|0 fnt\n|faint|p1b: Basculegion\n|\n|-sideend|p1: lowtiergimmick|move: Tailwind\n|upkeep\n|turn|12\n|\n|t:|1776590536\n|move|p2b: Scizor|Dual Wingbeat|p1a: The Wall\u2122\n|-resisted|p1a: The Wall\u2122|1\n|-damage|p1a: The Wall\u2122|58/100\n|-resisted|p1a: The Wall\u2122|1\n|-damage|p1a: The Wall\u2122|56/100\n|-hitcount|p1a: The Wall\u2122|2\n|move|p1a: The Wall\u2122|Body Press|p2b: Scizor\n|-damage|p2b: Scizor|0 fnt\n|faint|p2b: Scizor\n|\n|win|lowtiergimmick\n|raw|lowtiergimmick's rating: 1091 &rarr; <strong>1121</strong><br />(+30 for winning)\n|raw|aarpar3's rating: 1144 &rarr; <strong>1115</strong><br />(-29 for losing)\n|c|\u2606aarpar3|ggs\\\n|l|\u2606aarpar3\n|player|p2|\n",
  "uploadtime": 1776590690,
  "views": 11,
  "formatid": "gen9championsvgc2026regma",
  "rating": 1115,
  "private": 0,
  "password": null
}