{
  "id": "gen9championsvgc2026regma-2584316270",
  "format": "[Gen 9 Champions] VGC 2026 Reg M-A",
  "players": [
    "LUMK",
    "stonegebet"
  ],
  "log": "|j|\u2606LUMK\n|j|\u2606stonegebet\n|t:|1776250471\n|gametype|doubles\n|player|p1|LUMK|preschooler|1110\n|player|p2|stonegebet|zinzolin|1047\n|gen|9\n|tier|[Gen 9 Champions] VGC 2026 Reg M-A\n|rated|\n|rule|Species Clause: Limit one of each Pok\u00e9mon\n|rule|Item Clause: Limit 1 of each item\n|clearpoke\n|poke|p1|Audino, L50, F|\n|poke|p1|Palafin, L50, F|\n|poke|p1|Dragonite, L50, M|\n|poke|p1|Ninetales-Alola, L50, F|\n|poke|p1|Kingambit, L50, M|\n|poke|p1|Sneasler, L50, F|\n|poke|p2|Incineroar, L50, F|\n|poke|p2|Watchog, L50, M|\n|poke|p2|Lucario, L50, M|\n|poke|p2|Milotic, L50, M|\n|poke|p2|Hydreigon, L50, M|\n|poke|p2|Sylveon, L50, F|\n|teampreview|4\nLUMK rejected open team sheets.\n|inactive|Battle timer is ON: inactive players will automatically lose when time's up. (requested by LUMK)\n|c|\u2606stonegebet|gl hf\n|c|\u2606LUMK|glhf\n|inactive|stonegebet has 60 seconds left.\n|\n|t:|1776250533\n|teamsize|p1|4\n|teamsize|p2|4\n|start\n|switch|p1a: Palafin|Palafin, L50, F|100/100\n|switch|p1b: Audino|Audino, L50, F|100/100\n|switch|p2a: SQL|Watchog, L50, M, shiny|100/100\n|switch|p2b: Lucario|Lucario, L50, M|100/100\n|turn|1\n|\n|t:|1776250553\n|detailschange|p2b: Lucario|Lucario-Mega, L50, M\n|-mega|p2b: Lucario|Lucario|Lucarionite\n|detailschange|p1b: Audino|Audino-Mega, L50, F\n|-mega|p1b: Audino|Audino|Audinite\n|move|p2b: Lucario|Protect|p2b: Lucario\n|-singleturn|p2b: Lucario|Protect\n|move|p1a: Palafin|Flip Turn|p2b: Lucario\n|-activate|p2b: Lucario|move: Protect\n|move|p2a: SQL|Thunder Wave|p1a: Palafin|[miss]\n|-miss|p2a: SQL|p1a: Palafin\n|move|p1b: Audino|Trick Room|p1b: Audino\n|-fieldstart|move: Trick Room|[of] p1b: Audino\n|\n|upkeep\n|turn|2\n|inactive|stonegebet has 30 seconds left.\n|\n|t:|1776250588\n|switch|p1b: Ninetales|Ninetales-Alola, L50, F|100/100\n|-weather|Snowscape|[from] ability: Snow Warning|[of] p1b: Ninetales\n|move|p2a: SQL|Super Fang|p1a: Palafin|[miss]\n|-miss|p2a: SQL|p1a: Palafin\n|move|p1a: Palafin|Flip Turn|p2b: Lucario\n|-damage|p2b: Lucario|71/100\n|c|\u2606stonegebet|watchog\n|c|\u2606LUMK|lol\n|\n|t:|1776250608\n|detailschange|p1a: Palafin|Palafin-Hero, L50, F\n|switch|p1a: Audino|Audino-Mega, L50, F|100/100|[from] Flip Turn\n|move|p2b: Lucario|Meteor Mash|p1b: Ninetales\n|-supereffective|p1b: Ninetales|2\n|-damage|p1b: Ninetales|0 fnt\n|-boost|p2b: Lucario|atk|1\n|faint|p1b: Ninetales\n|\n|-weather|Snowscape|[upkeep]\n|upkeep\n|\n|t:|1776250615\n|switch|p1b: Sneasler|Sneasler, L50, F|100/100\n|turn|3\n|\n|t:|1776250627\n|switch|p2b: Incineroar|Incineroar, L50, F|100/100\n|-ability|p2b: Incineroar|Intimidate|boost\n|-unboost|p1a: Audino|atk|1\n|-unboost|p1b: Sneasler|atk|1\n|-enditem|p1b: Sneasler|White Herb\n|-clearnegativeboost|p1b: Sneasler|[silent]\n|move|p1a: Audino|After You|p1b: Sneasler\n|-activate|p1b: Sneasler|move: After You\n|move|p1b: Sneasler|Close Combat|p2b: Incineroar\n|-supereffective|p2b: Incineroar|1\n|-damage|p2b: Incineroar|0 fnt\n|-unboost|p1b: Sneasler|def|1\n|-unboost|p1b: Sneasler|spd|1\n|faint|p2b: Incineroar\n|move|p2a: SQL|Thunder Wave|p1b: Sneasler\n|-status|p1b: Sneasler|par\n|\n|-weather|Snowscape|[upkeep]\n|upkeep\n|\n|t:|1776250646\n|switch|p2b: Lucario|Lucario-Mega, L50, M|71/100\n|turn|4\n|\n|t:|1776250660\n|move|p1a: Audino|Helping Hand|p1b: Sneasler\n|-singleturn|p1b: Sneasler|Helping Hand|[of] p1a: Audino\n|move|p2a: SQL|Helping Hand|p2b: Lucario\n|-singleturn|p2b: Lucario|Helping Hand|[of] p2a: SQL\n|move|p2b: Lucario|Extreme Speed|p1b: Sneasler\n|-damage|p1b: Sneasler|0 fnt\n|faint|p1b: Sneasler\n|\n|-weather|Snowscape|[upkeep]\n|upkeep\n|\n|t:|1776250667\n|switch|p1b: Palafin|Palafin-Hero, L50, F|100/100\n|-activate|p1b: Palafin|ability: Zero to Hero\n|turn|5\n|\n|t:|1776250677\n|move|p2b: Lucario|Protect|p2b: Lucario\n|-singleturn|p2b: Lucario|Protect\n|move|p1a: Audino|Life Dew||[still]|[still]|[spread] \n|-fail|p1a: Audino|heal\n|-fail|p1b: Palafin|heal\n|move|p2a: SQL|Super Fang|p1b: Palafin\n|-damage|p1b: Palafin|50/100\n|move|p1b: Palafin|Liquidation|p2b: Lucario\n|-activate|p2b: Lucario|move: Protect\n|\n|-weather|Snowscape|[upkeep]\n|-fieldend|move: Trick Room\n|upkeep\n|turn|6\n|\n|t:|1776250691\n|move|p1b: Palafin|Protect|p1b: Palafin\n|-singleturn|p1b: Palafin|Protect\n|move|p2b: Lucario|Close Combat|p1b: Palafin\n|-activate|p1b: Palafin|move: Protect\n|move|p2a: SQL|Super Fang|p1a: Audino\n|-damage|p1a: Audino|50/100\n|move|p1a: Audino|Life Dew|p1a: Audino|[spread] p1a,p1b\n|-heal|p1a: Audino|76/100\n|-heal|p1b: Palafin|75/100\n|\n|-weather|none\n|upkeep\n|turn|7\n|\n|t:|1776250704\n|move|p2a: SQL|Helping Hand|p2b: Lucario\n|-singleturn|p2b: Lucario|Helping Hand|[of] p2a: SQL\n|move|p2b: Lucario|Close Combat|p1b: Palafin\n|-crit|p1b: Palafin\n|-damage|p1b: Palafin|0 fnt\n|-unboost|p2b: Lucario|def|1\n|-unboost|p2b: Lucario|spd|1\n|faint|p1b: Palafin\n|move|p1a: Audino|Life Dew|p1a: Audino\n|-heal|p1a: Audino|100/100\n|\n|upkeep\n|turn|8\n|c|\u2606stonegebet|gg\n|-message|LUMK forfeited.\n|\n|win|stonegebet\n|raw|LUMK's rating: 1110 &rarr; <strong>1081</strong><br />(-29 for losing)\n|raw|stonegebet's rating: 1047 &rarr; <strong>1086</strong><br />(+39 for winning)\n|l|\u2606LUMK\n|player|p1|\n",
  "uploadtime": 1776250715,
  "views": 25,
  "formatid": "gen9championsvgc2026regma",
  "rating": 1081,
  "private": 0,
  "password": null
}