{
  "id": "gen9championsvgc2026regma-2589456120",
  "format": "[Gen 9 Champions] VGC 2026 Reg M-A",
  "players": [
    "wazawaa",
    "Enekos"
  ],
  "log": "|j|\u2606wazawaa\n|j|\u2606Enekos\n|t:|1776724546\n|gametype|doubles\n|player|p1|wazawaa|fisherman-gen4|1031\n|player|p2|Enekos|steven|1066\n|gen|9\n|tier|[Gen 9 Champions] VGC 2026 Reg M-A\n|rated|\n|rule|Species Clause: Limit one of each Pok\u00e9mon\n|rule|Item Clause: Limit 1 of each item\n|clearpoke\n|poke|p1|Chandelure, L50, M, shiny|\n|poke|p1|Aerodactyl, L50, M|\n|poke|p1|Milotic, L50, F|\n|poke|p1|Archaludon, L50, F|\n|poke|p1|Sneasler, L50, F|\n|poke|p1|Sinistcha, L50|\n|poke|p2|Gyarados, L50, M, shiny|\n|poke|p2|Aerodactyl, L50, M|\n|poke|p2|Oranguru, L50, F|\n|poke|p2|Armarouge, L50, M, shiny|\n|poke|p2|Sylveon, L50, F|\n|poke|p2|Aegislash, L50, M, shiny|\n|teampreview|4\n|inactive|Battle timer is ON: inactive players will automatically lose when time's up. (requested by wazawaa)\n|inactive|Enekos has 60 seconds left.\n|\n|t:|1776724588\n|teamsize|p1|4\n|teamsize|p2|4\n|start\n|switch|p1a: Chandelure|Chandelure, L50, M, shiny|100/100\n|switch|p1b: Sinistcha|Sinistcha, L50|100/100\n|switch|p2a: Gyarados|Gyarados, L50, M, shiny|100/100\n|switch|p2b: Oranguru|Oranguru, L50, F|100/100\n|-ability|p2a: Gyarados|Intimidate|boost\n|-unboost|p1a: Chandelure|atk|1\n|-unboost|p1b: Sinistcha|atk|1\n|turn|1\n|\n|t:|1776724612\n|detailschange|p2a: Gyarados|Gyarados-Mega, L50, M, shiny\n|-mega|p2a: Gyarados|Gyarados|Gyaradosite\n|-ability|p2a: Gyarados|Mold Breaker\n|detailschange|p1a: Chandelure|Chandelure-Mega, L50, M, shiny\n|-mega|p1a: Chandelure|Chandelure|Chandelurite\n|move|p1b: Sinistcha|Rage Powder|p1b: Sinistcha\n|-singleturn|p1b: Sinistcha|move: Rage Powder\n|move|p2a: Gyarados|Waterfall|p1b: Sinistcha\n|-resisted|p1b: Sinistcha|1\n|-damage|p1b: Sinistcha|75/100\n|move|p1a: Chandelure|Calm Mind|p1a: Chandelure\n|-boost|p1a: Chandelure|spa|1\n|-boost|p1a: Chandelure|spd|1\n|move|p2b: Oranguru|Hyper Voice|p1b: Sinistcha|[spread] \n|-immune|p1a: Chandelure\n|-immune|p1b: Sinistcha\n|\n|upkeep\n|turn|2\n|inactive|wazawaa has 30 seconds left.\n|\n|t:|1776724638\n|switch|p2b: Armarouge|Armarouge, L50, M, shiny|100/100\n|move|p1b: Sinistcha|Rage Powder|p1b: Sinistcha\n|-singleturn|p1b: Sinistcha|move: Rage Powder\n|move|p2a: Gyarados|Waterfall|p1b: Sinistcha\n|-resisted|p1b: Sinistcha|1\n|-damage|p1b: Sinistcha|49/100\n|move|p1a: Chandelure|Calm Mind|p1a: Chandelure\n|-boost|p1a: Chandelure|spa|1\n|-boost|p1a: Chandelure|spd|1\n|\n|upkeep\n|turn|3\n|inactive|wazawaa has 30 seconds left.\n|inactive|Enekos has 30 seconds left.\n|inactive|wazawaa has 20 seconds left.\n|inactive|wazawaa has 15 seconds left.\n|\n|t:|1776724679\n|move|p1a: Chandelure|Protect|p1a: Chandelure\n|-singleturn|p1a: Chandelure|Protect\n|move|p2a: Gyarados|Dragon Dance|p2a: Gyarados\n|-boost|p2a: Gyarados|atk|1\n|-boost|p2a: Gyarados|spe|1\n|move|p2b: Armarouge|Armor Cannon|p1b: Sinistcha\n|-supereffective|p1b: Sinistcha|1\n|-damage|p1b: Sinistcha|0 fnt\n|-unboost|p2b: Armarouge|def|1\n|-unboost|p2b: Armarouge|spd|1\n|faint|p1b: Sinistcha\n|-enditem|p2b: Armarouge|White Herb\n|-clearnegativeboost|p2b: Armarouge|[silent]\n|\n|upkeep\n|\n|t:|1776724691\n|switch|p1b: Archaludon|Archaludon, L50, F|100/100\n|turn|4\n|\n|t:|1776724702\n|move|p2a: Gyarados|Waterfall|p1a: Chandelure\n|-supereffective|p1a: Chandelure|1\n|-damage|p1a: Chandelure|0 fnt\n|faint|p1a: Chandelure\n|move|p1b: Archaludon|Thunder|p2a: Gyarados\n|-supereffective|p2a: Gyarados|1\n|-damage|p2a: Gyarados|54/100\n|-status|p2a: Gyarados|par\n|move|p2b: Armarouge|Armor Cannon|p1b: Archaludon\n|-damage|p1b: Archaludon|20/100\n|-unboost|p2b: Armarouge|def|1\n|-unboost|p2b: Armarouge|spd|1\n|-ability|p1b: Archaludon|Stamina|boost\n|-boost|p1b: Archaludon|def|1\n|\n|upkeep\n|\n|t:|1776724721\n|switch|p1a: Milotic|Milotic, L50, F|100/100\n|turn|5\n|\n|t:|1776724743\n|move|p2b: Armarouge|Protect|p2b: Armarouge\n|-singleturn|p2b: Armarouge|Protect\n|move|p2a: Gyarados|Protect|p2a: Gyarados\n|-singleturn|p2a: Gyarados|Protect\n|move|p1b: Archaludon|Thunder|p2a: Gyarados\n|-activate|p2a: Gyarados|move: Protect\n|move|p1a: Milotic|Scald|p2b: Armarouge\n|-activate|p2b: Armarouge|move: Protect\n|\n|upkeep\n|turn|6\n|-message|wazawaa forfeited.\n|\n|win|Enekos\n|raw|wazawaa's rating: 1031 &rarr; <strong>1018</strong><br />(-13 for losing)\n|raw|Enekos's rating: 1066 &rarr; <strong>1093</strong><br />(+27 for winning)\n|l|\u2606wazawaa\n|player|p1|\n",
  "uploadtime": 1776724817,
  "views": 5,
  "formatid": "gen9championsvgc2026regma",
  "rating": 1018,
  "private": 0,
  "password": null
}