{
  "id": "gen9championsvgc2026regma-2580472113",
  "format": "[Gen 9 Champions] VGC 2026 Reg M-A",
  "players": [
    "Viophire",
    "RookieHj"
  ],
  "log": "|j|\u2606Viophire\n|j|\u2606RookieHj\n|html|<table width=\"100%\"><tr><td align=\"left\">Viophire</td><td align=\"right\">RookieHj</tr><tr><td align=\"left\"><i class=\"fa fa-circle-o\"></i> <i class=\"fa fa-circle-o\"></i> </td><td align=\"right\"><i class=\"fa fa-circle-o\"></i> <i class=\"fa fa-circle-o\"></i> </tr></table>\n|uhtml|bestof|<h2><strong>Game 1</strong> of <a href=\"/game-bestof3-gen9championsvgc2026regma-2580472111\">a best-of-3</a></h2>\n|t:|1775901616\n|gametype|doubles\n|player|p1|Viophire|rosa|\n|player|p2|RookieHj|266|\n|gen|9\n|tier|[Gen 9 Champions] VGC 2026 Reg M-A\n|rated|Tournament battle\n|rule|Species Clause: Limit one of each Pok\u00e9mon\n|rule|Item Clause: Limit 1 of each item\n|raw|<div class=\"infobox\"><details class=\"readmore\" open><summary><strong>2 custom rules:</strong></summary> best of=3, force open team sheets</details></div>\n|clearpoke\n|poke|p1|Charizard, L50, F|\n|poke|p1|Sneasler, L50, F|\n|poke|p1|Whimsicott, L50, M|\n|poke|p1|Garchomp, L50, M|\n|poke|p1|Basculegion, L50, M|\n|poke|p1|Incineroar, L50, F|\n|poke|p2|Gengar, L50, F|\n|poke|p2|Kingambit, L50, M|\n|poke|p2|Sinistcha-Masterpiece, L50|\n|poke|p2|Incineroar, L50, M|\n|poke|p2|Kommo-o, L50, M|\n|poke|p2|Sneasler, L50, F|\n|teampreview|4\n|showteam|p1|Charizard||CharizarditeX|Blaze|FlareBlitz,DragonClaw,Roost,Protect|||F|||50|]Sneasler||WhiteHerb|Unburden|FakeOut,Protect,CloseCombat,DireClaw|||F|||50|]Whimsicott||FocusSash|Prankster|Tailwind,Moonblast,LightScreen,Protect|||M|||50|]Garchomp||Leftovers|RoughSkin|ScaleShot,Earthquake,RockSlide,Protect|||M|||50|]Basculegion||ChoiceScarf|Adaptability|FlipTurn,LastRespects,WaveCrash,PsychicFangs|||M|||50|]Incineroar||SitrusBerry|Intimidate|FakeOut,FlareBlitz,PartingShot,DarkestLariat|||F|||50|\n|showteam|p2|Gengar||Gengarite|CursedBody|ShadowBall,Protect,PerishSong,Substitute|||F|||50|]Kingambit||ChopleBerry|Defiant|Protect,IronHead,LowKick,SuckerPunch|||M|||50|]Sinistcha-Masterpiece||SitrusBerry|Hospitality|MatchaGotcha,LifeDew,RagePowder,Protect||||||50|]Incineroar||ShucaBerry|Intimidate|FakeOut,Protect,PartingShot,ThroatChop|||M|||50|]Kommo-o||Leftovers|Soundproof|FocusBlast,ClangingScales,ClangorousSoul,Protect|||M|||50|]Sneasler||WhiteHerb|Unburden|CloseCombat,FakeOut,Protect,GunkShot|||F|||50|\nViophire has agreed to open team sheets.\n|\n|t:|1775901737\n|teamsize|p1|4\n|teamsize|p2|4\n|start\n|switch|p1a: Nice Nature|Incineroar, L50, F|100/100\n|switch|p1b: Sunday Silence|Basculegion, L50, M|100/100\n|switch|p2a: Gengar|Gengar, L50, F, shiny|100/100\n|switch|p2b: Incineroar|Incineroar, L50, M|100/100\n|-ability|p2b: Incineroar|Intimidate|boost\n|-unboost|p1a: Nice Nature|atk|1\n|-unboost|p1b: Sunday Silence|atk|1\n|-ability|p1a: Nice Nature|Intimidate|boost\n|-unboost|p2a: Gengar|atk|1\n|-unboost|p2b: Incineroar|atk|1\n|turn|1\n|j| bartussi\n|\n|t:|1775901778\n|move|p2a: Gengar|Protect|p2a: Gengar\n|-singleturn|p2a: Gengar|Protect\n|move|p2b: Incineroar|Protect|p2b: Incineroar\n|-singleturn|p2b: Incineroar|Protect\n|move|p1a: Nice Nature|Fake Out|p2b: Incineroar\n|-activate|p2b: Incineroar|move: Protect\n|move|p1b: Sunday Silence|Wave Crash|p2a: Gengar\n|-activate|p2a: Gengar|move: Protect\n|\n|upkeep\n|turn|2\n|l| bartussi\n|j| Franconcino\n|l|\u2606Viophire\n|player|p1|\n|\n|t:|1775901864\n|switch|p1b: Mejiro Ardan|Charizard, L50, F|100/100\n|detailschange|p2a: Gengar|Gengar-Mega, L50, F, shiny\n|-mega|p2a: Gengar|Gengar|Gengarite\n|move|p2a: Gengar|Shadow Ball|p1b: Mejiro Ardan\n|-damage|p1b: Mejiro Ardan|50/100\n|move|p2b: Incineroar|Parting Shot|p1b: Mejiro Ardan\n|-unboost|p1b: Mejiro Ardan|atk|1\n|-unboost|p1b: Mejiro Ardan|spa|1\n|j|\u2606Viophire\n|player|p1|Viophire|rosa|\n|l| Franconcino\n|\n|t:|1775901879\n|switch|p2b: Kommo-o|Kommo-o, L50, M|100/100|[from] Parting Shot\n|move|p1a: Nice Nature|Parting Shot|p2a: Gengar\n|-unboost|p2a: Gengar|atk|1\n|-unboost|p2a: Gengar|spa|1\n|\n|t:|1775901912\n|switch|p1a: Nishino Flower|Sneasler, L50, F|100/100|[from] Parting Shot\n|\n|upkeep\n|turn|3\n|\n|t:|1775901942\n|detailschange|p1b: Mejiro Ardan|Charizard-Mega-X, L50, F\n|-mega|p1b: Mejiro Ardan|Charizard|Charizardite X\n|move|p2a: Gengar|Protect|p2a: Gengar\n|-singleturn|p2a: Gengar|Protect\n|move|p1b: Mejiro Ardan|Protect|p1b: Mejiro Ardan\n|-singleturn|p1b: Mejiro Ardan|Protect\n|move|p2b: Kommo-o|Protect|p2b: Kommo-o\n|-singleturn|p2b: Kommo-o|Protect\n|move|p1a: Nishino Flower|Dire Claw|p2b: Kommo-o\n|-activate|p2b: Kommo-o|move: Protect\n|\n|upkeep\n|turn|4\n|\n|t:|1775901981\n|switch|p2a: Incineroar|Incineroar, L50, M|100/100\n|-ability|p2a: Incineroar|Intimidate|boost\n|-unboost|p1a: Nishino Flower|atk|1\n|-unboost|p1b: Mejiro Ardan|atk|1\n|-enditem|p1a: Nishino Flower|White Herb\n|-clearnegativeboost|p1a: Nishino Flower|[silent]\n|move|p1a: Nishino Flower|Close Combat|p2b: Kommo-o\n|-damage|p2b: Kommo-o|41/100\n|-unboost|p1a: Nishino Flower|def|1\n|-unboost|p1a: Nishino Flower|spd|1\n|move|p1b: Mejiro Ardan|Roost|p1b: Mejiro Ardan\n|-heal|p1b: Mejiro Ardan|100/100\n|-singleturn|p1b: Mejiro Ardan|move: Roost\n|move|p2b: Kommo-o|Clanging Scales|p1a: Nishino Flower|[spread] p1a,p1b\n|-supereffective|p1b: Mejiro Ardan|1\n|-damage|p1a: Nishino Flower|16/100\n|-damage|p1b: Mejiro Ardan|4/100\n|-unboost|p2b: Kommo-o|def|1\n|\n|-heal|p2b: Kommo-o|47/100|[from] item: Leftovers\n|upkeep\n|turn|5\n|\n|t:|1775902012\n|switch|p1b: Sunday Silence|Basculegion, L50, M|100/100\n|move|p1a: Nishino Flower|Protect|p1a: Nishino Flower\n|-singleturn|p1a: Nishino Flower|Protect\n|move|p2a: Incineroar|Fake Out|p1a: Nishino Flower\n|-activate|p1a: Nishino Flower|move: Protect\n|move|p2b: Kommo-o|Clangorous Soul|p2b: Kommo-o\n|-boost|p2b: Kommo-o|atk|1\n|-boost|p2b: Kommo-o|def|1\n|-boost|p2b: Kommo-o|spa|1\n|-boost|p2b: Kommo-o|spd|1\n|-boost|p2b: Kommo-o|spe|1\n|-damage|p2b: Kommo-o|14/100\n|\n|-heal|p2b: Kommo-o|20/100|[from] item: Leftovers\n|upkeep\n|turn|6\n|j| fangyusuhe\n|l| fangyusuhe\n|\n|t:|1775902055\n|switch|p1a: Nice Nature|Incineroar, L50, F|100/100\n|-ability|p1a: Nice Nature|Intimidate|boost\n|-unboost|p2a: Incineroar|atk|1\n|-unboost|p2b: Kommo-o|atk|1\n|switch|p2a: Sinistcha|Sinistcha-Masterpiece, L50|100/100\n|-heal|p2b: Kommo-o|45/100|[from] ability: Hospitality|[of] p2a: Sinistcha\n|move|p2b: Kommo-o|Protect|p2b: Kommo-o\n|-singleturn|p2b: Kommo-o|Protect\n|move|p1b: Sunday Silence|Flip Turn|p2b: Kommo-o\n|-activate|p2b: Kommo-o|move: Protect\n|\n|-heal|p2b: Kommo-o|50/100|[from] item: Leftovers\n|upkeep\n|turn|7\n|\n|t:|1775902108\n|switch|p2a: Incineroar|Incineroar, L50, M|100/100\n|-ability|p2a: Incineroar|Intimidate|boost\n|-unboost|p1a: Nice Nature|atk|1\n|-unboost|p1b: Sunday Silence|atk|1\n|move|p1b: Sunday Silence|Flip Turn|p2b: Kommo-o\n|-resisted|p2b: Kommo-o|1\n|-damage|p2b: Kommo-o|37/100\n|\n|t:|1775902116\n|switch|p1b: Nishino Flower|Sneasler, L50, F|16/100|[from] Flip Turn\n|move|p2b: Kommo-o|Focus Blast|p1a: Nice Nature\n|-supereffective|p1a: Nice Nature|1\n|-damage|p1a: Nice Nature|0 fnt\n|faint|p1a: Nice Nature\n|\n|-heal|p2b: Kommo-o|43/100|[from] item: Leftovers\n|upkeep\n|\n|t:|1775902122\n|switch|p1a: Sunday Silence|Basculegion, L50, M|100/100\n|turn|8\n|\n|t:|1775902162\n|move|p2b: Kommo-o|Protect|p2b: Kommo-o\n|-singleturn|p2b: Kommo-o|Protect\n|move|p1b: Nishino Flower|Fake Out|p2a: Incineroar\n|-damage|p2a: Incineroar|89/100\n|cant|p2a: Incineroar|flinch\n|move|p1a: Sunday Silence|Psychic Fangs|p2b: Kommo-o\n|-activate|p2b: Kommo-o|move: Protect\n|\n|-heal|p2b: Kommo-o|49/100|[from] item: Leftovers\n|upkeep\n|turn|9\n|\n|t:|1775902207\n|switch|p1b: Mejiro Ardan|Charizard-Mega-X, L50, F|4/100\n|switch|p2a: Sinistcha|Sinistcha-Masterpiece, L50|100/100\n|-heal|p2b: Kommo-o|74/100|[from] ability: Hospitality|[of] p2a: Sinistcha\n|move|p1a: Sunday Silence|Psychic Fangs|p2b: Kommo-o\n|-supereffective|p2b: Kommo-o|1\n|-damage|p2b: Kommo-o|22/100\n|move|p2b: Kommo-o|Clanging Scales|p1a: Sunday Silence|[spread] p1a,p1b\n|-supereffective|p1b: Mejiro Ardan|1\n|-damage|p1a: Sunday Silence|29/100\n|-damage|p1b: Mejiro Ardan|0 fnt\n|faint|p1b: Mejiro Ardan\n|-unboost|p2b: Kommo-o|def|1\n|\n|-heal|p2b: Kommo-o|27/100|[from] item: Leftovers\n|upkeep\n|\n|t:|1775902217\n|switch|p1b: Nishino Flower|Sneasler, L50, F|16/100\n|turn|10\n|\n|t:|1775902242\n|move|p2b: Kommo-o|Protect|p2b: Kommo-o\n|-singleturn|p2b: Kommo-o|Protect\n|move|p2a: Sinistcha|Protect|p2a: Sinistcha\n|-singleturn|p2a: Sinistcha|Protect\n|move|p1a: Sunday Silence|Psychic Fangs|p2b: Kommo-o\n|-activate|p2b: Kommo-o|move: Protect\n|move|p1b: Nishino Flower|Dire Claw|p2a: Sinistcha\n|-activate|p2a: Sinistcha|move: Protect\n|\n|-heal|p2b: Kommo-o|33/100|[from] item: Leftovers\n|upkeep\n|turn|11\n|\n|t:|1775902250\n|move|p2a: Sinistcha|Rage Powder|p2a: Sinistcha\n|-singleturn|p2a: Sinistcha|move: Rage Powder\n|move|p1a: Sunday Silence|Psychic Fangs|p2a: Sinistcha\n|-damage|p2a: Sinistcha|76/100\n|move|p2b: Kommo-o|Clangorous Soul||[still]\n|-fail|p2b: Kommo-o\n|move|p1b: Nishino Flower|Dire Claw|p2a: Sinistcha\n|-damage|p2a: Sinistcha|39/100\n|-enditem|p2a: Sinistcha|Sitrus Berry|[eat]\n|-heal|p2a: Sinistcha|64/100|[from] item: Sitrus Berry\n|\n|-heal|p2b: Kommo-o|39/100|[from] item: Leftovers\n|upkeep\n|turn|12\n|\n|t:|1775902266\n|move|p2a: Sinistcha|Rage Powder|p2a: Sinistcha\n|-singleturn|p2a: Sinistcha|move: Rage Powder\n|move|p1a: Sunday Silence|Psychic Fangs|p2a: Sinistcha\n|-damage|p2a: Sinistcha|38/100\n|move|p2b: Kommo-o|Clanging Scales|p1b: Nishino Flower|[spread] p1a,p1b\n|-damage|p1a: Sunday Silence|0 fnt\n|-damage|p1b: Nishino Flower|0 fnt\n|faint|p1a: Sunday Silence\n|faint|p1b: Nishino Flower\n|\n|win|RookieHj\n||RookieHj is ready for game 2.\n||Viophire is ready for game 2.\n|uhtml|next|Next: <a href=\"/battle-gen9championsvgc2026regma-2580476782\"><strong>Game 2 of 3</strong></a>\n|l|\u2606Viophire\n|player|p1|\n|l|\u2606RookieHj\n|player|p2|\n|j| fangyusuhe\n",
  "uploadtime": 1775902388,
  "views": 16,
  "formatid": "gen9championsvgc2026regma",
  "rating": null,
  "private": 0,
  "password": null
}