{
  "id": "gen9championsvgc2026regma-2584453369",
  "format": "[Gen 9 Champions] VGC 2026 Reg M-A",
  "players": [
    "ChronicNikos",
    "Nomad3929"
  ],
  "log": "|j|\u2606ChronicNikos\n|j|\u2606Nomad3929\n|t:|1776261925\n|gametype|doubles\n|player|p1|ChronicNikos|cynthia-gen4|1248\n|player|p2|Nomad3929|102|1335\n|gen|9\n|tier|[Gen 9 Champions] VGC 2026 Reg M-A\n|rated|\n|rule|Species Clause: Limit one of each Pok\u00e9mon\n|rule|Item Clause: Limit 1 of each item\n|clearpoke\n|poke|p1|Gengar, L50, F|\n|poke|p1|Incineroar, L50, M|\n|poke|p1|Tsareena, L50, F|\n|poke|p1|Politoed, L50, M|\n|poke|p1|Archaludon, L50, F|\n|poke|p1|Basculegion, L50, M|\n|poke|p2|Starmie, L50|\n|poke|p2|Garchomp, L50, M|\n|poke|p2|Incineroar, L50, M|\n|poke|p2|Vivillon-Modern, L50, F|\n|poke|p2|Sneasler, L50, F|\n|poke|p2|Kingambit, L50, F|\n|teampreview|4\n|inactive|Battle timer is ON: inactive players will automatically lose when time's up. (requested by Nomad3929)\nChronicNikos has agreed to open team sheets.\n|j| VirtuaSphere\nNomad3929 has agreed to open team sheets.\n|showteam|p1|Gengar||Gengarite|CursedBody|Protect,PerishSong,ShadowBall,SludgeBomb|||F|||50|]Incineroar||SitrusBerry|Intimidate|Protect,FakeOut,PartingShot,DarkestLariat|||M|||50|]Tsareena||FocusSash|QueenlyMajesty|Protect,TripleAxel,PowerWhip,LowKick|||F|||50|]Politoed||Leftovers|Drizzle|Protect,IceBeam,PerishSong,WeatherBall|||M|||50|]Archaludon||DragonFang|Sturdy|Protect,ElectroShot,FlashCannon,DracoMeteor|||F|||50|]Basculegion||ChoiceScarf|Adaptability|FlipTurn,IcyWind,Liquidation,LastRespects|||M|||50|\n|showteam|p2|Starmie||Starminite|NaturalCure|Liquidation,ZenHeadbutt,IceSpinner,Protect||||||50|]Garchomp||ChoiceScarf|RoughSkin|Earthquake,RockSlide,DragonClaw,StompingTantrum|||M|||50|]Incineroar||SitrusBerry|Intimidate|FlareBlitz,DarkestLariat,PartingShot,FakeOut|||M|||50|]Vivillon-Modern||FocusSash|CompoundEyes|SleepPowder,Tailwind,Hurricane,RainDance|||F|||50|]Sneasler||WhiteHerb|Unburden|RockSlide,CloseCombat,FakeOut,DireClaw|||F|||50|]Kingambit||BlackGlasses|Defiant|KowtowCleave,SuckerPunch,SwordsDance,Protect|||F|||50|\n|inactive|ChronicNikos has 60 seconds left.\n|inactive|ChronicNikos has 30 seconds left.\n|inactive|ChronicNikos has 20 seconds left.\n|inactive|ChronicNikos has 15 seconds left.\n|inactive|ChronicNikos has 10 seconds left.\n|inactive|ChronicNikos has 5 seconds left.\n|\n|t:|1776262015\n|teamsize|p1|4\n|teamsize|p2|4\n|start\n|switch|p1a: Time2SayGB|Politoed, L50, M|100/100\n|switch|p1b: Tri-Hard|Basculegion, L50, M|100/100\n|switch|p2a: Vivillon|Vivillon-Modern, L50, F|100/100\n|switch|p2b: Sneasler|Sneasler, L50, F|100/100\n|-weather|RainDance|[from] ability: Drizzle|[of] p1a: Time2SayGB\n|turn|1\n|inactive|ChronicNikos has 30 seconds left.\n|inactive|ChronicNikos has 20 seconds left.\n|\n|t:|1776262055\n|move|p2b: Sneasler|Fake Out|p1a: Time2SayGB\n|-damage|p1a: Time2SayGB|87/100\n|move|p1b: Tri-Hard|Liquidation|p2b: Sneasler\n|-damage|p2b: Sneasler|0 fnt\n|faint|p2b: Sneasler\n|move|p2a: Vivillon|Tailwind|p2a: Vivillon\n|-sidestart|p2: Nomad3929|move: Tailwind\n|cant|p1a: Time2SayGB|flinch\n|\n|-weather|RainDance|[upkeep]\n|-heal|p1a: Time2SayGB|93/100|[from] item: Leftovers\n|upkeep\n|\n|t:|1776262071\n|switch|p2b: Starmie|Starmie, L50|100/100\n|turn|2\n|\n|t:|1776262092\n|detailschange|p2b: Starmie|Starmie-Mega, L50\n|-mega|p2b: Starmie|Starmie|Starminite\n|move|p2b: Starmie|Zen Headbutt|p1a: Time2SayGB\n|-damage|p1a: Time2SayGB|19/100\n|move|p2a: Vivillon|Sleep Powder|p1b: Tri-Hard\n|-status|p1b: Tri-Hard|slp|[from] move: Sleep Powder\n|cant|p1b: Tri-Hard|slp\n|cant|p1a: Time2SayGB|flinch\n|\n|-weather|RainDance|[upkeep]\n|-heal|p1a: Time2SayGB|25/100|[from] item: Leftovers\n|upkeep\n|turn|3\n|\n|t:|1776262105\n|move|p1a: Time2SayGB|Protect|p1a: Time2SayGB\n|-singleturn|p1a: Time2SayGB|Protect\n|move|p2b: Starmie|Zen Headbutt|p1b: Tri-Hard\n|-damage|p1b: Tri-Hard|6/100 slp\n|move|p2a: Vivillon|Hurricane|p1a: Time2SayGB\n|-activate|p1a: Time2SayGB|move: Protect\n|cant|p1b: Tri-Hard|slp\n|\n|-weather|RainDance|[upkeep]\n|-heal|p1a: Time2SayGB|31/100|[from] item: Leftovers\n|upkeep\n|turn|4\n|\n|t:|1776262130\n|move|p1a: Time2SayGB|Protect|p1a: Time2SayGB\n|-singleturn|p1a: Time2SayGB|Protect\n|move|p2b: Starmie|Liquidation|p1b: Tri-Hard\n|-resisted|p1b: Tri-Hard|1\n|-damage|p1b: Tri-Hard|0 fnt\n|faint|p1b: Tri-Hard\n|move|p2a: Vivillon|Sleep Powder|p1a: Time2SayGB\n|-activate|p1a: Time2SayGB|move: Protect\n|\n|-weather|RainDance|[upkeep]\n|-heal|p1a: Time2SayGB|38/100|[from] item: Leftovers\n|-sideend|p2: Nomad3929|move: Tailwind\n|upkeep\n|\n|t:|1776262143\n|switch|p1b: AllThingsMustDie|Gengar, L50, F, shiny|100/100\n|turn|5\n|inactive|Nomad3929 has 30 seconds left.\n|inactive|Nomad3929 has 20 seconds left.\n|\n|t:|1776262178\n|detailschange|p1b: AllThingsMustDie|Gengar-Mega, L50, F, shiny\n|-mega|p1b: AllThingsMustDie|Gengar|Gengarite\n|move|p1b: AllThingsMustDie|Sludge Bomb|p2a: Vivillon\n|-crit|p2a: Vivillon\n|-enditem|p2a: Vivillon|Focus Sash\n|-damage|p2a: Vivillon|1/100\n|-status|p2a: Vivillon|psn\n|move|p2b: Starmie|Liquidation|p1b: AllThingsMustDie\n|-damage|p1b: AllThingsMustDie|0 fnt\n|faint|p1b: AllThingsMustDie\n|move|p2a: Vivillon|Hurricane|p1a: Time2SayGB\n|-damage|p1a: Time2SayGB|9/100\n|move|p1a: Time2SayGB|Perish Song|p1a: Time2SayGB\n|-start|p1a: Time2SayGB|perish3|[silent]\n|-start|p2a: Vivillon|perish3|[silent]\n|-start|p2b: Starmie|perish3|[silent]\n|-fieldactivate|move: Perish Song\n|\n|-weather|none\n|-heal|p1a: Time2SayGB|15/100|[from] item: Leftovers\n|-damage|p2a: Vivillon|0 fnt|[from] psn\n|faint|p2a: Vivillon\n|-start|p2b: Starmie|perish3\n|-start|p1a: Time2SayGB|perish3\n|upkeep\n|\n|t:|1776262198\n|switch|p1b: GambolShroud|Tsareena, L50, F|100/100\n|switch|p2a: Garchomp|Garchomp, L50, M|100/100\n|turn|6\n|\n|t:|1776262213\n|move|p1b: GambolShroud|Protect|p1b: GambolShroud\n|-singleturn|p1b: GambolShroud|Protect\n|move|p1a: Time2SayGB|Protect|p1a: Time2SayGB\n|-singleturn|p1a: Time2SayGB|Protect\n|move|p2a: Garchomp|Dragon Claw|p1a: Time2SayGB\n|-activate|p1a: Time2SayGB|move: Protect\n|move|p2b: Starmie|Ice Spinner|p1b: GambolShroud\n|-activate|p1b: GambolShroud|move: Protect\n|\n|-heal|p1a: Time2SayGB|21/100|[from] item: Leftovers\n|-start|p2b: Starmie|perish2\n|-start|p1a: Time2SayGB|perish2\n|upkeep\n|turn|7\n|inactive|ChronicNikos has 30 seconds left.\n|\n|t:|1776262239\n|move|p2a: Garchomp|Dragon Claw|p1a: Time2SayGB\n|-damage|p1a: Time2SayGB|0 fnt\n|faint|p1a: Time2SayGB\n|move|p2b: Starmie|Ice Spinner|p1b: GambolShroud\n|-supereffective|p1b: GambolShroud|1\n|-enditem|p1b: GambolShroud|Focus Sash\n|-damage|p1b: GambolShroud|1/100\n|move|p1b: GambolShroud|Triple Axel|p2a: Garchomp\n|-supereffective|p2a: Garchomp|2\n|-damage|p2a: Garchomp|68/100\n|-damage|p1b: GambolShroud|0 fnt|[from] ability: Rough Skin|[of] p2a: Garchomp\n|faint|p1b: GambolShroud\n|\n|win|Nomad3929\n|-hitcount|p2a: Garchomp|1\n|raw|ChronicNikos's rating: 1248 &rarr; <strong>1229</strong><br />(-19 for losing)\n|raw|Nomad3929's rating: 1335 &rarr; <strong>1350</strong><br />(+15 for winning)\n|l|\u2606ChronicNikos\n|player|p1|\n",
  "uploadtime": 1776262260,
  "views": 29,
  "formatid": "gen9championsvgc2026regma",
  "rating": 1229,
  "private": 0,
  "password": null
}