{
  "id": "gen9championsvgc2026regma-2583330689",
  "format": "[Gen 9 Champions] VGC 2026 Reg M-A",
  "players": [
    "Raidum",
    "KogaAF1219"
  ],
  "log": "|j|\u2606Raidum\n|j|\u2606KogaAF1219\n|t:|1776167534\n|gametype|doubles\n|player|p1|Raidum|richboy-gen4|1170\n|player|p2|KogaAF1219|koga|1220\n|gen|9\n|tier|[Gen 9 Champions] VGC 2026 Reg M-A\n|rated|\n|rule|Species Clause: Limit one of each Pok\u00e9mon\n|rule|Item Clause: Limit 1 of each item\n|clearpoke\n|poke|p1|Basculegion, L50, M|\n|poke|p1|Sneasler, L50, M|\n|poke|p1|Pelipper, L50, F|\n|poke|p1|Archaludon, L50, M|\n|poke|p1|Meganium, L50, M|\n|poke|p1|Incineroar, L50, F|\n|poke|p2|Torkoal, L50, F|\n|poke|p2|Venusaur, L50, F|\n|poke|p2|Incineroar, L50, M|\n|poke|p2|Farigiraf, L50, M|\n|poke|p2|Rotom-Fan, L50|\n|poke|p2|Excadrill, L50, F|\n|teampreview|4\n|inactive|Battle timer is ON: inactive players will automatically lose when time's up. (requested by KogaAF1219)\nKogaAF1219 has agreed to open team sheets.\n|\n|t:|1776167586\n|teamsize|p1|4\n|teamsize|p2|4\n|start\n|switch|p1a: Incineroar|Incineroar, L50, F|100/100\n|switch|p1b: Basculegion|Basculegion, L50, M|100/100\n|switch|p2a: Rotom|Rotom-Fan, L50|100/100\n|switch|p2b: Excadrill|Excadrill, L50, F|100/100\n|-ability|p2b: Excadrill|Mold Breaker\n|-ability|p1a: Incineroar|Intimidate|boost\n|-unboost|p2a: Rotom|atk|1\n|-unboost|p2b: Excadrill|atk|1\n|turn|1\n|inactive|Raidum has 30 seconds left.\n|\n|t:|1776167614\n|move|p2b: Excadrill|Protect|p2b: Excadrill\n|-singleturn|p2b: Excadrill|Protect\n|move|p1a: Incineroar|Fake Out|p2b: Excadrill\n|-activate|p2b: Excadrill|move: Protect\n|move|p2a: Rotom|Discharge|p1a: Incineroar|[spread] p1a,p1b\n|-activate|p2b: Excadrill|move: Protect\n|-supereffective|p1b: Basculegion|1\n|-damage|p1a: Incineroar|78/100\n|-damage|p1b: Basculegion|45/100\n|move|p1b: Basculegion|Flip Turn|p2a: Rotom\n|-damage|p2a: Rotom|57/100\n|inactive|Raidum has 30 seconds left.\n|\n|t:|1776167644\n|switch|p1b: Meganium|Meganium, L50, M|100/100|[from] Flip Turn\n|\n|upkeep\n|turn|2\n|\n|t:|1776167661\n|move|p1b: Meganium|Protect|p1b: Meganium\n|-singleturn|p1b: Meganium|Protect\n|move|p2a: Rotom|Discharge|p1b: Meganium|[spread] p1a\n|-activate|p1b: Meganium|move: Protect\n|-immune|p2b: Excadrill\n|-damage|p1a: Incineroar|57/100\n|move|p2b: Excadrill|Rock Slide|p1b: Meganium|[spread] p1a\n|-activate|p1b: Meganium|move: Protect\n|-supereffective|p1a: Incineroar|1\n|-damage|p1a: Incineroar|32/100\n|move|p1a: Incineroar|Flare Blitz|p2b: Excadrill\n|-supereffective|p2b: Excadrill|1\n|-enditem|p2b: Excadrill|Focus Sash\n|-damage|p2b: Excadrill|1/100\n|-damage|p1a: Incineroar|1/100|[from] Recoil\n|\n|upkeep\n|turn|3\n|inactive|Raidum has 30 seconds left.\n|\n|t:|1776167694\n|detailschange|p1b: Meganium|Meganium-Mega, L50, M\n|-mega|p1b: Meganium|Meganium|Meganiumite\n|move|p2a: Rotom|Discharge|p1b: Meganium|[spread] p1a,p1b\n|-immune|p2b: Excadrill\n|-resisted|p1b: Meganium|1\n|-damage|p1a: Incineroar|0 fnt\n|-damage|p1b: Meganium|91/100\n|-status|p1b: Meganium|par\n|faint|p1a: Incineroar\n|move|p2b: Excadrill|Rock Slide|p1b: Meganium\n|-damage|p1b: Meganium|76/100 par\n|move|p1b: Meganium|Dazzling Gleam|p2b: Excadrill|[spread] p2a,p2b\n|-resisted|p2b: Excadrill|1\n|-damage|p2a: Rotom|15/100\n|-damage|p2b: Excadrill|0 fnt\n|faint|p2b: Excadrill\n|\n|upkeep\n|\n|t:|1776167716\n|switch|p2b: Venusaur|Venusaur, L50, F|100/100\n|switch|p1a: Pelipper|Pelipper, L50, F|100/100\n|-weather|RainDance|[from] ability: Drizzle|[of] p1a: Pelipper\n|turn|4\n|inactive|Raidum has 30 seconds left.\n|inactive|Raidum has 20 seconds left.\n|inactive|Raidum has 15 seconds left.\n|inactive|Raidum has 10 seconds left.\n|\n|t:|1776167765\n|switch|p2a: Torkoal|Torkoal, L50, F|100/100\n|-weather|SunnyDay|[from] ability: Drought|[of] p2a: Torkoal\n|cant|p1b: Meganium|par\n|move|p2b: Venusaur|Sleep Powder|p1a: Pelipper\n|-status|p1a: Pelipper|slp|[from] move: Sleep Powder\n|cant|p1a: Pelipper|slp\n|\n|-weather|SunnyDay|[upkeep]\n|upkeep\n|turn|5\n|inactive|Raidum has 30 seconds left.\n|inactive|Raidum has 20 seconds left.\n|\n|t:|1776167802\n|switch|p1b: Basculegion|Basculegion, L50, M|45/100\n|move|p2b: Venusaur|Energy Ball|p1a: Pelipper\n|-damage|p1a: Pelipper|43/100 slp\n|-enditem|p1a: Pelipper|Sitrus Berry|[eat]\n|-heal|p1a: Pelipper|68/100 slp|[from] item: Sitrus Berry\n|-curestatus|p1a: Pelipper|slp|[msg]\n|move|p1a: Pelipper|Tailwind|p1a: Pelipper\n|-sidestart|p1: Raidum|move: Tailwind\n|move|p2a: Torkoal|Eruption|p1b: Basculegion|[spread] p1a,p1b\n|-resisted|p1a: Pelipper|1\n|-resisted|p1b: Basculegion|1\n|-damage|p1a: Pelipper|9/100\n|-damage|p1b: Basculegion|0 fnt\n|faint|p1b: Basculegion\n|\n|-weather|SunnyDay|[upkeep]\n|upkeep\n|\n|t:|1776167816\n|switch|p1b: Meganium|Meganium-Mega, L50, M|76/100 par\n|turn|6\n|\n|t:|1776167826\n|move|p2b: Venusaur|Energy Ball|p1a: Pelipper\n|-damage|p1a: Pelipper|0 fnt\n|faint|p1a: Pelipper\n|cant|p1b: Meganium|par\n|move|p2a: Torkoal|Eruption|p1b: Meganium\n|-supereffective|p1b: Meganium|1\n|-damage|p1b: Meganium|0 fnt\n|faint|p1b: Meganium\n|\n|win|KogaAF1219\n|raw|Raidum's rating: 1170 &rarr; <strong>1149</strong><br />(-21 for losing)\n|raw|KogaAF1219's rating: 1220 &rarr; <strong>1241</strong><br />(+21 for winning)\n|l|\u2606Raidum\n|player|p1|\n",
  "uploadtime": 1776167833,
  "views": 19,
  "formatid": "gen9championsvgc2026regma",
  "rating": 1149,
  "private": 0,
  "password": null
}