{
  "id": "gen9championsvgc2026regma-2587332328",
  "format": "[Gen 9 Champions] VGC 2026 Reg M-A",
  "players": [
    "discomi",
    "Poke_Marcos_23"
  ],
  "log": "|j|\u2606discomi\n|j|\u2606Poke_Marcos_23\n|t:|1776522805\n|gametype|doubles\n|player|p1|discomi|101|1325\n|player|p2|Poke_Marcos_23|ethan|1364\n|gen|9\n|tier|[Gen 9 Champions] VGC 2026 Reg M-A\n|rated|\n|rule|Species Clause: Limit one of each Pok\u00e9mon\n|rule|Item Clause: Limit 1 of each item\n|clearpoke\n|poke|p1|Kangaskhan, L50, F|\n|poke|p1|Blastoise, L50, M|\n|poke|p1|Aegislash, L50, M|\n|poke|p1|Garchomp, L50, F|\n|poke|p1|Aerodactyl, L50, F|\n|poke|p1|Kingambit, L50, F|\n|poke|p2|Floette-Eternal, L50, F|\n|poke|p2|Milotic, L50, M|\n|poke|p2|Incineroar, L50, F|\n|poke|p2|Kingambit, L50, M|\n|poke|p2|Sneasler, L50, F|\n|poke|p2|Garchomp, L50, M|\n|teampreview|4\n|\n|t:|1776522847\n|teamsize|p1|4\n|teamsize|p2|4\n|start\n|switch|p1a: Aerodactyl|Aerodactyl, L50, F|100/100\n|switch|p1b: Kingambit|Kingambit, L50, F|100/100\n|switch|p2a: Milotic|Milotic, L50, M|100/100\n|switch|p2b: Sneasler|Sneasler, L50, F|100/100\n|-ability|p1a: Aerodactyl|Unnerve\n|turn|1\n|\n|t:|1776522860\n|move|p1a: Aerodactyl|Protect|p1a: Aerodactyl\n|-singleturn|p1a: Aerodactyl|Protect\n|move|p1b: Kingambit|Protect|p1b: Kingambit\n|-singleturn|p1b: Kingambit|Protect\n|move|p2b: Sneasler|Fake Out|p1a: Aerodactyl\n|-activate|p1a: Aerodactyl|move: Protect\n|move|p2a: Milotic|Coil|p2a: Milotic\n|-boost|p2a: Milotic|atk|1\n|-boost|p2a: Milotic|def|1\n|-boost|p2a: Milotic|accuracy|1\n|\n|upkeep\n|turn|2\n|\n|t:|1776522874\n|detailschange|p1a: Aerodactyl|Aerodactyl-Mega, L50, F\n|-mega|p1a: Aerodactyl|Aerodactyl|Aerodactylite\n|move|p1a: Aerodactyl|Dual Wingbeat|p2b: Sneasler\n|-supereffective|p2b: Sneasler|1\n|-damage|p2b: Sneasler|6/100\n|-supereffective|p2b: Sneasler|1\n|-damage|p2b: Sneasler|0 fnt\n|faint|p2b: Sneasler\n|-hitcount|p2: Sneasler|2\n|move|p2a: Milotic|Coil|p2a: Milotic\n|-boost|p2a: Milotic|atk|1\n|-boost|p2a: Milotic|def|1\n|-boost|p2a: Milotic|accuracy|1\n|move|p1b: Kingambit|Swords Dance|p1b: Kingambit\n|-boost|p1b: Kingambit|atk|2\n|\n|upkeep\n|\n|t:|1776522884\n|switch|p2b: Garchomp|Garchomp, L50, M|100/100\n|turn|3\n|\n|t:|1776522895\n|move|p1b: Kingambit|Sucker Punch|p2b: Garchomp\n|-damage|p2b: Garchomp|1/100\n|-damage|p1b: Kingambit|88/100|[from] ability: Rough Skin|[of] p2b: Garchomp\n|move|p2b: Garchomp|Stomping Tantrum|p1b: Kingambit\n|-supereffective|p1b: Kingambit|1\n|-damage|p1b: Kingambit|32/100\n|move|p1a: Aerodactyl|Rock Slide|p2b: Garchomp|[spread] p2a,p2b\n|-resisted|p2b: Garchomp|1\n|-damage|p2a: Milotic|87/100\n|-damage|p2b: Garchomp|0 fnt\n|faint|p2b: Garchomp\n|move|p2a: Milotic|Hypnosis|p1a: Aerodactyl\n|-status|p1a: Aerodactyl|slp|[from] move: Hypnosis\n|\n|-heal|p2a: Milotic|93/100|[from] item: Leftovers\n|upkeep\n|\n|t:|1776522898\n|switch|p2b: Floette|Floette-Eternal, L50, F|100/100\n|turn|4\n|\n|t:|1776522921\n|detailschange|p2b: Floette|Floette-Mega, L50, F\n|-mega|p2b: Floette|Floette|Floettite\n|-ability|p2b: Floette|Fairy Aura\n|cant|p1a: Aerodactyl|slp\n|move|p2b: Floette|Calm Mind|p2b: Floette\n|-boost|p2b: Floette|spa|1\n|-boost|p2b: Floette|spd|1\n|move|p2a: Milotic|Muddy Water|p1b: Kingambit|[spread] p1a,p1b\n|-supereffective|p1a: Aerodactyl|1\n|-damage|p1a: Aerodactyl|46/100 slp\n|-damage|p1b: Kingambit|9/100\n|move|p1b: Kingambit|Kowtow Cleave|p2b: Floette\n|-resisted|p2b: Floette|1\n|-damage|p2b: Floette|40/100\n|\n|-heal|p2a: Milotic|99/100|[from] item: Leftovers\n|upkeep\n|turn|5\n|\n|t:|1776522946\n|move|p2b: Floette|Protect|p2b: Floette\n|-singleturn|p2b: Floette|Protect\n|move|p1b: Kingambit|Protect|p1b: Kingambit\n|-singleturn|p1b: Kingambit|Protect\n|-curestatus|p1a: Aerodactyl|slp|[msg]\n|move|p1a: Aerodactyl|Tailwind|p1a: Aerodactyl\n|-sidestart|p1: discomi|move: Tailwind\n|move|p2a: Milotic|Muddy Water|p1a: Aerodactyl|[spread] p1a\n|-activate|p1b: Kingambit|move: Protect\n|-supereffective|p1a: Aerodactyl|1\n|-crit|p1a: Aerodactyl\n|-damage|p1a: Aerodactyl|0 fnt\n|faint|p1a: Aerodactyl\n|\n|-heal|p2a: Milotic|100/100|[from] item: Leftovers\n|upkeep\n|\n|t:|1776522963\n|switch|p1a: Kangaskhan|Kangaskhan, L50, F|100/100\n|turn|6\n|\n|t:|1776522971\n|move|p1a: Kangaskhan|Fake Out|p2b: Floette\n|-damage|p2b: Floette|16/100\n|cant|p2b: Floette|flinch\n|move|p1b: Kingambit|Kowtow Cleave|p2b: Floette\n|-resisted|p2b: Floette|1\n|-damage|p2b: Floette|0 fnt\n|faint|p2b: Floette\n|move|p2a: Milotic|Hypnosis|p1a: Kangaskhan\n|-status|p1a: Kangaskhan|slp|[from] move: Hypnosis\n|\n|upkeep\n|turn|7\n|\n|t:|1776522986\n|move|p1b: Kingambit|Protect|p1b: Kingambit\n|-singleturn|p1b: Kingambit|Protect\n|cant|p1a: Kangaskhan|slp\n|move|p2a: Milotic|Muddy Water|p1a: Kangaskhan|[spread] p1a\n|-activate|p1b: Kingambit|move: Protect\n|-damage|p1a: Kangaskhan|78/100 slp\n|\n|upkeep\n|turn|8\n|\n|t:|1776522998\n|-curestatus|p1a: Kangaskhan|slp|[msg]\n|move|p1a: Kangaskhan|Last Resort|p2a: Milotic\n|-damage|p2a: Milotic|61/100\n|move|p1b: Kingambit|Kowtow Cleave|p2a: Milotic\n|-damage|p2a: Milotic|0 fnt\n|faint|p2a: Milotic\n|\n|win|discomi\n|raw|discomi's rating: 1325 &rarr; <strong>1347</strong><br />(+22 for winning)\n|raw|Poke_Marcos_23's rating: 1364 &rarr; <strong>1342</strong><br />(-22 for losing)\n|l|\u2606Poke_Marcos_23\n|player|p2|\n",
  "uploadtime": 1776523015,
  "views": 26,
  "formatid": "gen9championsvgc2026regma",
  "rating": 1342,
  "private": 0,
  "password": null
}