{
  "id": "gen9championsvgc2026regma-2586763108",
  "format": "[Gen 9 Champions] VGC 2026 Reg M-A",
  "players": [
    "cezarz7209",
    "Aeterna Act 2"
  ],
  "log": "|j|\u2606cezarz7209\n|j|\u2606Aeterna Act 2\n|t:|1776457970\n|gametype|doubles\n|player|p1|cezarz7209|2|1017\n|player|p2|Aeterna Act 2|marnie|1101\n|gen|9\n|tier|[Gen 9 Champions] VGC 2026 Reg M-A\n|rated|\n|rule|Species Clause: Limit one of each Pok\u00e9mon\n|rule|Item Clause: Limit 1 of each item\n|clearpoke\n|poke|p1|Charizard, L50, F|\n|poke|p1|Venusaur, L50, F|\n|poke|p1|Milotic, L50, F|\n|poke|p1|Whimsicott, L50, F|\n|poke|p1|Archaludon, L50, F|\n|poke|p1|Sneasler, L50, F|\n|poke|p2|Aggron, L50, M|\n|poke|p2|Sinistcha, L50|\n|poke|p2|Incineroar, L50, M|\n|poke|p2|Alakazam, L50, M|\n|poke|p2|Rotom-Wash, L50|\n|poke|p2|Drampa, L50, M|\n|teampreview|4\n|c|\u2606cezarz7209|gl hf\n|\n|t:|1776458024\n|teamsize|p1|4\n|teamsize|p2|4\n|start\n|switch|p1a: Charizard|Charizard, L50, F|100/100\n|switch|p1b: Sneasler|Sneasler, L50, F|100/100\n|switch|p2a: Drampa|Drampa, L50, M|100/100\n|switch|p2b: Alakazam|Alakazam, L50, M|100/100\n|-ability|p2a: Drampa|Cloud Nine\n|turn|1\n|\n|t:|1776458069\n|detailschange|p1a: Charizard|Charizard-Mega-X, L50, F\n|-mega|p1a: Charizard|Charizard|Charizardite X\n|move|p2a: Drampa|Protect|p2a: Drampa\n|-singleturn|p2a: Drampa|Protect\n|move|p1b: Sneasler|Close Combat|p2b: Alakazam\n|-resisted|p2b: Alakazam|1\n|-damage|p2b: Alakazam|28/100\n|-unboost|p1b: Sneasler|def|1\n|-unboost|p1b: Sneasler|spd|1\n|-enditem|p1b: Sneasler|White Herb\n|-clearnegativeboost|p1b: Sneasler|[silent]\n|move|p2b: Alakazam|Psychic|p1b: Sneasler\n|-supereffective|p1b: Sneasler|2\n|-damage|p1b: Sneasler|0 fnt\n|faint|p1b: Sneasler\n|move|p1a: Charizard|Flare Blitz|p2b: Alakazam\n|-crit|p2b: Alakazam\n|-damage|p2b: Alakazam|0 fnt\n|faint|p2b: Alakazam\n|-damage|p1a: Charizard|94/100|[from] Recoil\n|\n|upkeep\n|\n|t:|1776458095\n|switch|p1b: Archaludon|Archaludon, L50, F|100/100\n|switch|p2b: Rotom|Rotom-Wash, L50|100/100\n|turn|2\n|\n|t:|1776458124\n|detailschange|p2a: Drampa|Drampa-Mega, L50, M\n|-mega|p2a: Drampa|Drampa|Drampanite\n|move|p2b: Rotom|Hydro Pump|p1a: Charizard\n|-damage|p1a: Charizard|42/100\n|move|p1b: Archaludon|Thunderbolt|p2b: Rotom\n|-damage|p2b: Rotom|58/100\n|move|p1a: Charizard|Dragon Dance|p1a: Charizard\n|-boost|p1a: Charizard|atk|1\n|-boost|p1a: Charizard|spe|1\n|move|p2a: Drampa|Earth Power|p1a: Charizard\n|-supereffective|p1a: Charizard|1\n|-damage|p1a: Charizard|0 fnt\n|faint|p1a: Charizard\n|\n|upkeep\n|\n|t:|1776458137\n|switch|p1a: Milotic|Milotic, L50, F, shiny|100/100\n|turn|3\n|\n|t:|1776458155\n|switch|p2b: Sinistcha|Sinistcha, L50|100/100\n|move|p1b: Archaludon|Thunderbolt|p2b: Sinistcha\n|-resisted|p2b: Sinistcha|1\n|-damage|p2b: Sinistcha|81/100\n|move|p1a: Milotic|Icy Wind|p2a: Drampa|[spread] p2a,p2b\n|-supereffective|p2a: Drampa|1\n|-supereffective|p2b: Sinistcha|1\n|-damage|p2a: Drampa|84/100\n|-damage|p2b: Sinistcha|57/100\n|-unboost|p2a: Drampa|spe|1\n|-unboost|p2b: Sinistcha|spe|1\n|move|p2a: Drampa|Earth Power|p1b: Archaludon\n|-supereffective|p1b: Archaludon|1\n|-ability|p1b: Archaludon|Sturdy\n|-damage|p1b: Archaludon|1/100\n|-unboost|p1b: Archaludon|spd|1\n|\n|-heal|p2b: Sinistcha|63/100|[from] item: Leftovers\n|upkeep\n|turn|4\n|\n|t:|1776458180\n|move|p2b: Sinistcha|Rage Powder|p2b: Sinistcha\n|-singleturn|p2b: Sinistcha|move: Rage Powder\n|move|p1b: Archaludon|Thunderbolt|p2b: Sinistcha\n|-resisted|p2b: Sinistcha|1\n|-damage|p2b: Sinistcha|44/100\n|move|p1a: Milotic|Scald|p2b: Sinistcha\n|-resisted|p2b: Sinistcha|1\n|-damage|p2b: Sinistcha|29/100\n|move|p2a: Drampa|Hyper Voice|p1b: Archaludon|[spread] p1a,p1b\n|-resisted|p1b: Archaludon|1\n|-damage|p1a: Milotic|71/100\n|-damage|p1b: Archaludon|0 fnt\n|faint|p1b: Archaludon\n|\n|-heal|p1a: Milotic|77/100|[from] item: Leftovers\n|-heal|p2b: Sinistcha|35/100|[from] item: Leftovers\n|upkeep\n|turn|5\n|c|\u2606cezarz7209|ggs\n|-message|cezarz7209 forfeited.\n|\n|win|Aeterna Act 2\n|raw|cezarz7209's rating: 1017 &rarr; <strong>1007</strong><br />(-10 for losing)\n|raw|Aeterna Act 2's rating: 1101 &rarr; <strong>1120</strong><br />(+19 for winning)\n",
  "uploadtime": 1776458201,
  "views": 28,
  "formatid": "gen9championsvgc2026regma",
  "rating": 1007,
  "private": 0,
  "password": null
}