{
  "id": "gen9championsvgc2026regma-2587267346",
  "format": "[Gen 9 Champions] VGC 2026 Reg M-A",
  "players": [
    "skyslurp",
    "henitusec"
  ],
  "log": "|j|\u2606skyslurp\n|j|\u2606henitusec\n|t:|1776516374\n|gametype|doubles\n|player|p1|skyslurp|265|1132\n|player|p2|henitusec|steven-masters|1155\n|gen|9\n|tier|[Gen 9 Champions] VGC 2026 Reg M-A\n|rated|\n|rule|Species Clause: Limit one of each Pok\u00e9mon\n|rule|Item Clause: Limit 1 of each item\n|clearpoke\n|poke|p1|Farigiraf, L50, F|\n|poke|p1|Milotic, L50, M|\n|poke|p1|Incineroar, L50, M|\n|poke|p1|Drampa, L50, M|\n|poke|p1|Crabominable, L50, M|\n|poke|p1|Corviknight, L50, M|\n|poke|p2|Froslass, L50, F|\n|poke|p2|Garchomp, L50, M|\n|poke|p2|Rotom-Frost, L50|\n|poke|p2|Empoleon, L50, M|\n|poke|p2|Incineroar, L50, M|\n|poke|p2|Kingambit, L50, M|\n|teampreview|4\n|inactive|Battle timer is ON: inactive players will automatically lose when time's up. (requested by henitusec)\n|inactive|skyslurp also wants the timer to be on.\n|inactive|henitusec has 60 seconds left.\nskyslurp has agreed to open team sheets.\n|\n|t:|1776516410\n|teamsize|p1|4\n|teamsize|p2|4\n|start\n|switch|p1a: Corviknight|Corviknight, L50, M|100/100\n|switch|p1b: Farigiraf|Farigiraf, L50, F|100/100\n|switch|p2a: Froslass|Froslass, L50, F|100/100\n|switch|p2b: Rotom|Rotom-Frost, L50|100/100\n|turn|1\n|inactive|skyslurp has 30 seconds left.\n|\n|t:|1776516439\n|detailschange|p2a: Froslass|Froslass-Mega, L50, F\n|-mega|p2a: Froslass|Froslass|Froslassite\n|-weather|Snowscape|[from] ability: Snow Warning|[of] p2a: Froslass\n|move|p2b: Rotom|Blizzard|p1b: Farigiraf|[spread] p1a,p1b\n|-crit|p1a: Corviknight\n|-damage|p1a: Corviknight|49/100\n|-damage|p1b: Farigiraf|74/100\n|move|p2a: Froslass|Blizzard|p1b: Farigiraf|[spread] p1a,p1b\n|-damage|p1a: Corviknight|0 fnt\n|-damage|p1b: Farigiraf|33/100\n|faint|p1a: Corviknight\n|move|p1b: Farigiraf|Trick Room|p1b: Farigiraf\n|-fieldstart|move: Trick Room|[of] p1b: Farigiraf\n|\n|-weather|Snowscape|[upkeep]\n|upkeep\n|\n|t:|1776516451\n|switch|p1a: Milotic|Milotic, L50, M|100/100\n|turn|2\n|\n|t:|1776516471\n|move|p1a: Milotic|Life Dew||[still]|[spread] p1a,p1b\n|-fail|p1a: Milotic|heal\n|-heal|p1b: Farigiraf|58/100\n|move|p2a: Froslass|Blizzard|p1b: Farigiraf|[spread] p1a,p1b\n|-resisted|p1a: Milotic|1\n|-damage|p1a: Milotic|85/100\n|-damage|p1b: Farigiraf|19/100\n|move|p2b: Rotom|Blizzard|p1a: Milotic|[spread] p1a,p1b\n|-resisted|p1a: Milotic|1\n|-damage|p1a: Milotic|73/100\n|-damage|p1b: Farigiraf|0 fnt\n|faint|p1b: Farigiraf\n|\n|-weather|Snowscape|[upkeep]\n|-heal|p1a: Milotic|79/100|[from] item: Leftovers\n|upkeep\n|\n|t:|1776516474\n|switch|p1b: Crabominable|Crabominable, L50, M|100/100\n|turn|3\n|\n|t:|1776516490\n|detailschange|p1b: Crabominable|Crabominable-Mega, L50, M\n|-mega|p1b: Crabominable|Crabominable|Crabominite\n|move|p1b: Crabominable|Drain Punch|p2b: Rotom\n|-supereffective|p2b: Rotom|1\n|-damage|p2b: Rotom|0 fnt\n|faint|p2b: Rotom\n|move|p1a: Milotic|Scald|p2a: Froslass\n|-damage|p2a: Froslass|64/100\n|move|p2a: Froslass|Aurora Veil|p2a: Froslass\n|-sidestart|p2: henitusec|move: Aurora Veil\n|\n|-weather|Snowscape|[upkeep]\n|-heal|p1a: Milotic|85/100|[from] item: Leftovers\n|upkeep\n|\n|t:|1776516510\n|switch|p2b: Incineroar|Incineroar, L50, M|100/100\n|-ability|p2b: Incineroar|Intimidate|boost\n|-unboost|p1a: Milotic|atk|1\n|-ability|p1a: Milotic|Competitive|boost\n|-boost|p1a: Milotic|spa|2\n|-unboost|p1b: Crabominable|atk|1\n|turn|4\n|inactive|henitusec has 30 seconds left.\n|\n|t:|1776516542\n|move|p2b: Incineroar|Fake Out|p1b: Crabominable\n|-crit|p1b: Crabominable\n|-damage|p1b: Crabominable|89/100\n|cant|p1b: Crabominable|flinch\n|move|p1a: Milotic|Scald|p2b: Incineroar\n|-supereffective|p2b: Incineroar|1\n|-damage|p2b: Incineroar|37/100\n|-enditem|p2b: Incineroar|Sitrus Berry|[eat]\n|-heal|p2b: Incineroar|62/100|[from] item: Sitrus Berry\n|move|p2a: Froslass|Blizzard|p1b: Crabominable|[spread] p1a,p1b\n|-resisted|p1a: Milotic|1\n|-resisted|p1b: Crabominable|1\n|-damage|p1a: Milotic|70/100\n|-damage|p1b: Crabominable|68/100\n|\n|-weather|Snowscape|[upkeep]\n|-heal|p1a: Milotic|76/100|[from] item: Leftovers\n|upkeep\n|turn|5\n|\n|t:|1776516561\n|move|p1b: Crabominable|Drain Punch|p2b: Incineroar\n|-supereffective|p2b: Incineroar|1\n|-damage|p2b: Incineroar|12/100\n|-heal|p1b: Crabominable|92/100|[from] drain|[of] p2b: Incineroar\n|move|p2b: Incineroar|Darkest Lariat|p1a: Milotic\n|-damage|p1a: Milotic|33/100\n|move|p1a: Milotic|Scald|p2b: Incineroar\n|-supereffective|p2b: Incineroar|1\n|-damage|p2b: Incineroar|0 fnt\n|faint|p2b: Incineroar\n|move|p2a: Froslass|Shadow Ball|p1a: Milotic\n|-damage|p1a: Milotic|5/100\n|\n|-weather|none\n|-heal|p1a: Milotic|11/100|[from] item: Leftovers\n|-fieldend|move: Trick Room\n|upkeep\n|\n|t:|1776516576\n|switch|p2b: Empoleon|Empoleon, L50, M|100/100\n|turn|6\n|\n|t:|1776516588\n|move|p1a: Milotic|Protect|p1a: Milotic\n|-singleturn|p1a: Milotic|Protect\n|move|p2a: Froslass|Shadow Ball|p1a: Milotic\n|-activate|p1a: Milotic|move: Protect\n|move|p2b: Empoleon|Flash Cannon|p1b: Crabominable\n|-supereffective|p1b: Crabominable|1\n|-damage|p1b: Crabominable|29/100\n|move|p1b: Crabominable|Drain Punch|p2b: Empoleon\n|-supereffective|p2b: Empoleon|1\n|-damage|p2b: Empoleon|46/100\n|-heal|p1b: Crabominable|55/100|[from] drain|[of] p2b: Empoleon\n|\n|-heal|p2b: Empoleon|52/100|[from] item: Leftovers\n|-heal|p1a: Milotic|17/100|[from] item: Leftovers\n|upkeep\n|turn|7\n|\n|t:|1776516609\n|move|p2b: Empoleon|Protect|p2b: Empoleon\n|-singleturn|p2b: Empoleon|Protect\n|move|p1b: Crabominable|Mach Punch|p2b: Empoleon\n|-activate|p2b: Empoleon|move: Protect\n|move|p2a: Froslass|Shadow Ball|p1a: Milotic\n|-damage|p1a: Milotic|0 fnt\n|faint|p1a: Milotic\n|\n|-heal|p2b: Empoleon|58/100|[from] item: Leftovers\n|-sideend|p2: henitusec|move: Aurora Veil\n|upkeep\n|turn|8\n|-message|skyslurp forfeited.\n|\n|win|henitusec\n|raw|skyslurp's rating: 1132 &rarr; <strong>1109</strong><br />(-23 for losing)\n|raw|henitusec's rating: 1155 &rarr; <strong>1178</strong><br />(+23 for winning)\n|l|\u2606skyslurp\n|player|p1|\n",
  "uploadtime": 1776516622,
  "views": 12,
  "formatid": "gen9championsvgc2026regma",
  "rating": 1109,
  "private": 0,
  "password": null
}