{
  "id": "gen9championsvgc2026regma-2584205927",
  "format": "[Gen 9 Champions] VGC 2026 Reg M-A",
  "players": [
    "Pyro.D.Mario",
    "revan07"
  ],
  "log": "|j|\u2606Pyro.D.Mario\n|j|\u2606revan07\n|t:|1776238085\n|gametype|doubles\n|player|p1|Pyro.D.Mario|265|1121\n|player|p2|revan07|1|1079\n|gen|9\n|tier|[Gen 9 Champions] VGC 2026 Reg M-A\n|rated|\n|rule|Species Clause: Limit one of each Pok\u00e9mon\n|rule|Item Clause: Limit 1 of each item\n|clearpoke\n|poke|p1|Sableye, L50, M|\n|poke|p1|Garchomp, L50, M|\n|poke|p1|Espathra, L50, F|\n|poke|p1|Lucario, L50, M|\n|poke|p1|Gardevoir, L50, M|\n|poke|p1|Chandelure, L50, M|\n|poke|p2|Aggron, L50, F|\n|poke|p2|Aegislash, L50, F|\n|poke|p2|Excadrill, L50, F|\n|poke|p2|Tyranitar, L50, M|\n|poke|p2|Sneasler, L50, M|\n|poke|p2|Incineroar, L50, F|\n|teampreview|4\n|inactive|Battle timer is ON: inactive players will automatically lose when time's up. (requested by revan07)\n|inactive|Pyro.D.Mario has 60 seconds left.\n|\n|t:|1776238128\n|teamsize|p1|4\n|teamsize|p2|4\n|start\n|switch|p1a: Sableye|Sableye, L50, M, shiny|100/100\n|switch|p1b: Espathra|Espathra, L50, F|100/100\n|switch|p2a: Incineroar|Incineroar, L50, F|100/100\n|switch|p2b: Sneasler|Sneasler, L50, M|100/100\n|-ability|p2a: Incineroar|Intimidate|boost\n|-unboost|p1a: Sableye|atk|1\n|-unboost|p1b: Espathra|atk|1\n|turn|1\n|inactive|Pyro.D.Mario has 30 seconds left.\n|\n|t:|1776238157\n|move|p1b: Espathra|Protect|p1b: Espathra\n|-singleturn|p1b: Espathra|Protect\n|move|p2b: Sneasler|Fake Out|p1b: Espathra\n|-activate|p1b: Espathra|move: Protect\n|move|p1a: Sableye|Fake Out|p2a: Incineroar\n|-damage|p2a: Incineroar|95/100\n|cant|p2a: Incineroar|flinch\n|\n|-ability|p1b: Espathra|Speed Boost|boost\n|-boost|p1b: Espathra|spe|1\n|upkeep\n|turn|2\n|\n|t:|1776238180\n|move|p1a: Sableye|Gravity|p1a: Sableye\n|-fieldstart|move: Gravity\n|move|p1b: Espathra|Hypnosis|p2a: Incineroar\n|-status|p2a: Incineroar|slp|[from] move: Hypnosis\n|cant|p2a: Incineroar|slp\n|move|p2b: Sneasler|Close Combat|p1b: Espathra\n|-resisted|p1b: Espathra|1\n|-damage|p1b: Espathra|48/100\n|-unboost|p2b: Sneasler|def|1\n|-unboost|p2b: Sneasler|spd|1\n|-enditem|p2b: Sneasler|White Herb\n|-clearnegativeboost|p2b: Sneasler|[silent]\n|\n|-ability|p1b: Espathra|Speed Boost|boost\n|-boost|p1b: Espathra|spe|1\n|upkeep\n|turn|3\n|\n|t:|1776238196\n|switch|p1a: Lucario|Lucario, L50, M, shiny|100/100\n|move|p1b: Espathra|Lumina Crash|p2b: Sneasler\n|-supereffective|p2b: Sneasler|2\n|-damage|p2b: Sneasler|0 fnt\n|faint|p2b: Sneasler\n|cant|p2a: Incineroar|slp\n|\n|-ability|p1b: Espathra|Speed Boost|boost\n|-boost|p1b: Espathra|spe|1\n|upkeep\n|\n|t:|1776238203\n|switch|p2b: Aggron|Aggron, L50, F|100/100\n|turn|4\n|\n|t:|1776238211\n|detailschange|p1a: Lucario|Lucario-Mega, L50, M, shiny\n|-mega|p1a: Lucario|Lucario|Lucarionite\n|detailschange|p2b: Aggron|Aggron-Mega, L50, F\n|-mega|p2b: Aggron|Aggron|Aggronite\n|move|p1b: Espathra|Hypnosis|p2b: Aggron\n|-status|p2b: Aggron|slp|[from] move: Hypnosis\n|-curestatus|p2a: Incineroar|slp|[msg]\n|move|p2a: Incineroar|Parting Shot|p1a: Lucario\n|-unboost|p1a: Lucario|atk|1\n|-unboost|p1a: Lucario|spa|1\n|\n|t:|1776238219\n|switch|p2a: Tyranitar|Tyranitar, L50, M|100/100|[from] Parting Shot\n|-weather|Sandstorm|[from] ability: Sand Stream|[of] p2a: Tyranitar\n|move|p1a: Lucario|Cross Chop|p2a: Tyranitar\n|-supereffective|p2a: Tyranitar|2\n|-crit|p2a: Tyranitar\n|-enditem|p2a: Tyranitar|Chople Berry|[eat]\n|-enditem|p2a: Tyranitar|Chople Berry|[weaken]\n|-damage|p2a: Tyranitar|0 fnt\n|faint|p2a: Tyranitar\n|cant|p2b: Aggron|slp\n|\n|-weather|Sandstorm|[upkeep]\n|-damage|p1b: Espathra|42/100|[from] Sandstorm\n|-ability|p1b: Espathra|Speed Boost|boost\n|-boost|p1b: Espathra|spe|1\n|upkeep\n|\n|t:|1776238224\n|switch|p2a: Incineroar|Incineroar, L50, F|95/100\n|-ability|p2a: Incineroar|Intimidate|boost\n|-unboost|p1a: Lucario|atk|1\n|-unboost|p1b: Espathra|atk|1\n|turn|5\n|\n|t:|1776238235\n|switch|p1a: Garchomp|Garchomp, L50, M|100/100\n|move|p1b: Espathra|Hypnosis|p2a: Incineroar\n|-status|p2a: Incineroar|slp|[from] move: Hypnosis\n|cant|p2a: Incineroar|slp\n|-curestatus|p2b: Aggron|slp|[msg]\n|move|p2b: Aggron|Body Press|p1b: Espathra\n|-resisted|p1b: Espathra|1\n|-damage|p1b: Espathra|14/100\n|\n|-weather|Sandstorm|[upkeep]\n|-damage|p1b: Espathra|9/100|[from] Sandstorm\n|-damage|p2a: Incineroar|89/100 slp|[from] Sandstorm\n|-ability|p1b: Espathra|Speed Boost|boost\n|-boost|p1b: Espathra|spe|1\n|upkeep\n|turn|6\n|\n|t:|1776238251\n|move|p1b: Espathra|Protect|p1b: Espathra\n|-singleturn|p1b: Espathra|Protect\n|cant|p2a: Incineroar|slp\n|move|p1a: Garchomp|Earthquake|p2a: Incineroar|[spread] p2a,p2b\n|-activate|p1b: Espathra|move: Protect\n|-supereffective|p2a: Incineroar|1\n|-supereffective|p2b: Aggron|1\n|-damage|p2a: Incineroar|0 fnt\n|-damage|p2b: Aggron|73/100\n|faint|p2a: Incineroar\n|move|p2b: Aggron|Iron Defense|p2b: Aggron\n|-boost|p2b: Aggron|def|2\n|\n|-weather|Sandstorm|[upkeep]\n|-damage|p1b: Espathra|3/100|[from] Sandstorm\n|-fieldend|move: Gravity\n|-ability|p1b: Espathra|Speed Boost|boost\n|-boost|p1b: Espathra|spe|1\n|upkeep\n|turn|7\n|\n|t:|1776238271\n|switch|p1a: Lucario|Lucario-Mega, L50, M, shiny|100/100\n|move|p1b: Espathra|Hypnosis|p2b: Aggron\n|-status|p2b: Aggron|slp|[from] move: Hypnosis\n|cant|p2b: Aggron|slp\n|\n|-weather|Sandstorm|[upkeep]\n|-damage|p1b: Espathra|0 fnt|[from] Sandstorm\n|faint|p1b: Espathra\n|upkeep\n|\n|t:|1776238276\n|switch|p1b: Sableye|Sableye, L50, M, shiny|100/100\n|turn|8\n|\n|t:|1776238282\n|move|p1b: Sableye|Gravity|p1b: Sableye\n|-fieldstart|move: Gravity\n|move|p1a: Lucario|Cross Chop|p2b: Aggron\n|-supereffective|p2b: Aggron|1\n|-damage|p2b: Aggron|42/100 slp\n|cant|p2b: Aggron|slp\n|\n|-weather|none\n|upkeep\n|turn|9\n|c|\u2606revan07|Youre an actual fuckwit\n|l|\u2606revan07\n|inactive|revan07 disconnected and has a minute to reconnect!\n|player|p2|\n|inactive|revan07 has 30 seconds left.\n|inactive|revan07 has 20 seconds left.\n|inactive|revan07 has 15 seconds left.\n|inactive|revan07 has 10 seconds left.\n|inactive|revan07 has 5 seconds left.\n|-message|revan07 lost due to inactivity.\n|\n|win|Pyro.D.Mario\n",
  "uploadtime": 1776238291,
  "views": 14,
  "formatid": "gen9championsvgc2026regma",
  "rating": null,
  "private": 0,
  "password": null
}