{
  "id": "gen9championsvgc2026regma-2583972520",
  "format": "[Gen 9 Champions] VGC 2026 Reg M-A",
  "players": [
    "FoxyOwl",
    "GooNinja12"
  ],
  "log": "|j|\u2606FoxyOwl\n|j|\u2606GooNinja12\n|t:|1776213096\n|gametype|doubles\n|player|p1|FoxyOwl|red|1000\n|player|p2|GooNinja12|ingo|1050\n|gen|9\n|tier|[Gen 9 Champions] VGC 2026 Reg M-A\n|rated|\n|rule|Species Clause: Limit one of each Pok\u00e9mon\n|rule|Item Clause: Limit 1 of each item\n|clearpoke\n|poke|p1|Aerodactyl, L50, M|\n|poke|p1|Delphox, L50, F|\n|poke|p1|Primarina, L50, F|\n|poke|p1|Decidueye-Hisui, L50, M|\n|poke|p1|Garchomp, L50, F|\n|poke|p1|Kingambit, L50, F|\n|poke|p2|Charizard, L50, F|\n|poke|p2|Incineroar, L50, M|\n|poke|p2|Venusaur, L50, F|\n|poke|p2|Sneasler, L50, M|\n|poke|p2|Rotom-Wash, L50|\n|poke|p2|Garchomp, L50, M|\n|teampreview|4\n|inactive|Battle timer is ON: inactive players will automatically lose when time's up. (requested by GooNinja12)\n|\n|t:|1776213114\n|teamsize|p1|4\n|teamsize|p2|4\n|start\n|switch|p1a: Aerodactyl|Aerodactyl, L50, M, shiny|100/100\n|switch|p1b: Garchomp|Garchomp, L50, F, shiny|100/100\n|switch|p2a: Sneasler|Sneasler, L50, M|100/100\n|switch|p2b: Incineroar|Incineroar, L50, M|100/100\n|-ability|p1a: Aerodactyl|Unnerve\n|-ability|p2b: Incineroar|Intimidate|boost\n|-unboost|p1a: Aerodactyl|atk|1\n|-unboost|p1b: Garchomp|atk|1\n|turn|1\n|inactive|FoxyOwl has 30 seconds left.\n|\n|t:|1776213139\n|move|p1a: Aerodactyl|Protect|p1a: Aerodactyl\n|-singleturn|p1a: Aerodactyl|Protect\n|move|p2a: Sneasler|Fake Out|p1a: Aerodactyl\n|-activate|p1a: Aerodactyl|move: Protect\n|move|p1b: Garchomp|Earthquake|p2a: Sneasler|[spread] p2a,p2b\n|-activate|p1a: Aerodactyl|move: Protect\n|-supereffective|p2a: Sneasler|1\n|-supereffective|p2b: Incineroar|1\n|-damage|p2a: Sneasler|0 fnt\n|-damage|p2b: Incineroar|31/100\n|faint|p2a: Sneasler\n|move|p2b: Incineroar|Parting Shot|p1b: Garchomp\n|-unboost|p1b: Garchomp|atk|1\n|-unboost|p1b: Garchomp|spa|1\n|\n|t:|1776213151\n|switch|p2b: Rotom|Rotom-Wash, L50, shiny|100/100|[from] Parting Shot\n|\n|upkeep\n|\n|t:|1776213153\n|switch|p2a: Charizard|Charizard, L50, F, shiny|100/100\n|turn|2\n|\n|t:|1776213166\n|detailschange|p2a: Charizard|Charizard-Mega-Y, L50, F, shiny\n|-mega|p2a: Charizard|Charizard|Charizardite Y\n|-weather|SunnyDay|[from] ability: Drought|[of] p2a: Charizard\n|move|p2a: Charizard|Protect|p2a: Charizard\n|-singleturn|p2a: Charizard|Protect\n|move|p1a: Aerodactyl|Rock Slide|p2b: Rotom|[spread] p2b\n|-activate|p2a: Charizard|move: Protect\n|-damage|p2b: Rotom|84/100\n|move|p1b: Garchomp|Dragon Claw|p2a: Charizard\n|-activate|p2a: Charizard|move: Protect\n|move|p2b: Rotom|Thunderbolt|p1a: Aerodactyl\n|-supereffective|p1a: Aerodactyl|1\n|-enditem|p1a: Aerodactyl|Focus Sash\n|-damage|p1a: Aerodactyl|1/100\n|\n|-weather|SunnyDay|[upkeep]\n|-heal|p2b: Rotom|90/100|[from] item: Leftovers\n|upkeep\n|turn|3\n|inactive|GooNinja12 has 30 seconds left.\n|\n|t:|1776213194\n|switch|p2b: Incineroar|Incineroar, L50, M|31/100\n|-ability|p2b: Incineroar|Intimidate|boost\n|-unboost|p1a: Aerodactyl|atk|1\n|-unboost|p1b: Garchomp|atk|1\n|move|p1a: Aerodactyl|Rock Slide|p2a: Charizard|[spread] p2a,p2b\n|-supereffective|p2a: Charizard|2\n|-supereffective|p2b: Incineroar|1\n|-damage|p2a: Charizard|22/100\n|-damage|p2b: Incineroar|6/100\n|move|p2a: Charizard|Heat Wave|p1a: Aerodactyl|[spread] p1a,p1b\n|-resisted|p1a: Aerodactyl|1\n|-resisted|p1b: Garchomp|1\n|-damage|p1a: Aerodactyl|0 fnt\n|-damage|p1b: Garchomp|65/100\n|-status|p1b: Garchomp|brn\n|-enditem|p2b: Incineroar|Sitrus Berry|[eat]\n|-heal|p2b: Incineroar|31/100|[from] item: Sitrus Berry\n|faint|p1a: Aerodactyl\n|move|p1b: Garchomp|Earthquake|p2a: Charizard|[spread] p2b\n|-immune|p2a: Charizard\n|-supereffective|p2b: Incineroar|1\n|-damage|p2b: Incineroar|12/100\n|\n|-weather|SunnyDay|[upkeep]\n|-damage|p1b: Garchomp|59/100 brn|[from] brn\n|upkeep\n|\n|t:|1776213203\n|switch|p1a: Delphox|Delphox, L50, F, shiny|100/100\n|turn|4\n|\n|t:|1776213220\n|detailschange|p1a: Delphox|Delphox-Mega, L50, F, shiny\n|-mega|p1a: Delphox|Delphox|Delphoxite\n|move|p1a: Delphox|Protect|p1a: Delphox\n|-singleturn|p1a: Delphox|Protect\n|move|p2a: Charizard|Protect|p2a: Charizard\n|-singleturn|p2a: Charizard|Protect\n|move|p1b: Garchomp|Dragon Claw|p2a: Charizard\n|-activate|p2a: Charizard|move: Protect\n|move|p2b: Incineroar|Darkest Lariat|p1a: Delphox\n|-activate|p1a: Delphox|move: Protect\n|\n|-weather|SunnyDay|[upkeep]\n|-damage|p1b: Garchomp|53/100 brn|[from] brn\n|upkeep\n|turn|5\n|\n|t:|1776213239\n|switch|p2a: Rotom|Rotom-Wash, L50, shiny|90/100\n|move|p1a: Delphox|Heat Wave|p2a: Rotom|[spread] p2a,p2b\n|-resisted|p2a: Rotom|1\n|-resisted|p2b: Incineroar|1\n|-crit|p2b: Incineroar\n|-damage|p2a: Rotom|60/100\n|-damage|p2b: Incineroar|0 fnt\n|faint|p2b: Incineroar\n|move|p1b: Garchomp|Dragon Claw|p2a: Rotom\n|-damage|p2a: Rotom|50/100\n|\n|-weather|SunnyDay|[upkeep]\n|-heal|p2a: Rotom|56/100|[from] item: Leftovers\n|-damage|p1b: Garchomp|48/100 brn|[from] brn\n|upkeep\n|\n|t:|1776213245\n|switch|p2b: Charizard|Charizard-Mega-Y, L50, F, shiny|22/100\n|turn|6\n|\n|t:|1776213269\n|move|p2b: Charizard|Protect|p2b: Charizard\n|-singleturn|p2b: Charizard|Protect\n|move|p1a: Delphox|Psyshock|p2a: Rotom\n|-damage|p2a: Rotom|10/100\n|move|p1b: Garchomp|Dragon Claw|p2a: Rotom\n|-damage|p2a: Rotom|0 fnt\n|faint|p2a: Rotom\n|\n|-weather|none\n|-damage|p1b: Garchomp|42/100 brn|[from] brn\n|upkeep\n|turn|7\n|\n|t:|1776213280\n|move|p1a: Delphox|Psyshock|p2b: Charizard\n|-damage|p2b: Charizard|0 fnt\n|faint|p2b: Charizard\n|\n|win|FoxyOwl\n|raw|FoxyOwl's rating: 1000 &rarr; <strong>1046</strong><br />(+46 for winning)\n|raw|GooNinja12's rating: 1050 &rarr; <strong>1030</strong><br />(-20 for losing)\n|l|\u2606GooNinja12\n|player|p2|\n",
  "uploadtime": 1776213302,
  "views": 16,
  "formatid": "gen9championsvgc2026regma",
  "rating": 1030,
  "private": 0,
  "password": null
}