{
  "id": "gen9championsvgc2026regma-2586058031",
  "format": "[Gen 9 Champions] VGC 2026 Reg M-A",
  "players": [
    "Infern64",
    "ssndss"
  ],
  "log": "|j|\u2606Infern64\n|j|\u2606ssndss\n|t:|1776394568\n|gametype|doubles\n|player|p1|Infern64|169|1117\n|player|p2|ssndss|102|1214\n|gen|9\n|tier|[Gen 9 Champions] VGC 2026 Reg M-A\n|rated|\n|rule|Species Clause: Limit one of each Pok\u00e9mon\n|rule|Item Clause: Limit 1 of each item\n|clearpoke\n|poke|p1|Camerupt, L50, F|\n|poke|p1|Torkoal, L50, F|\n|poke|p1|Venusaur, L50, F|\n|poke|p1|Maushold, L50|\n|poke|p1|Farigiraf, L50, F|\n|poke|p1|Primarina, L50, F|\n|poke|p2|Kingambit, L50, M|\n|poke|p2|Incineroar, L50, M|\n|poke|p2|Farigiraf, L50, M|\n|poke|p2|Crabominable, L50, F|\n|poke|p2|Azumarill, L50, M|\n|poke|p2|Torkoal, L50, M|\n|teampreview|4\n|\n|t:|1776394582\n|teamsize|p1|4\n|teamsize|p2|4\n|start\n|switch|p1a: Camerupt|Camerupt, L50, F|100/100\n|switch|p1b: Maushold|Maushold, L50|100/100\n|switch|p2a: Incineroar|Incineroar, L50, M|100/100\n|switch|p2b: Farigiraf|Farigiraf, L50, M|100/100\n|-ability|p2a: Incineroar|Intimidate|boost\n|-unboost|p1a: Camerupt|atk|1\n|-unboost|p1b: Maushold|atk|1\n|turn|1\n|\n|t:|1776394612\n|switch|p1a: Torkoal|Torkoal, L50, F|100/100\n|-weather|SunnyDay|[from] ability: Drought|[of] p1a: Torkoal\n|move|p2a: Incineroar|Fake Out|p1b: Maushold\n|-damage|p1b: Maushold|83/100\n|cant|p1b: Maushold|flinch\n|move|p2b: Farigiraf|Trick Room|p2b: Farigiraf\n|-fieldstart|move: Trick Room|[of] p2b: Farigiraf\n|\n|-weather|SunnyDay|[upkeep]\n|upkeep\n|turn|2\n|\n|t:|1776394643\n|switch|p2a: Azumarill|Azumarill, L50, M|100/100\n|move|p1a: Torkoal|Eruption|p2a: Azumarill|[spread] p2a,p2b\n|-resisted|p2a: Azumarill|1\n|-damage|p2a: Azumarill|54/100\n|-damage|p2b: Farigiraf|31/100\n|move|p2b: Farigiraf|Hyper Voice|p1b: Maushold|[spread] p1a,p1b\n|-crit|p1a: Torkoal\n|-damage|p1a: Torkoal|61/100\n|-damage|p1b: Maushold|52/100\n|move|p1b: Maushold|Population Bomb|p2b: Farigiraf\n|-damage|p2b: Farigiraf|27/100\n|-damage|p2b: Farigiraf|22/100\n|-damage|p2b: Farigiraf|18/100\n|-damage|p2b: Farigiraf|13/100\n|-damage|p2b: Farigiraf|9/100\n|-damage|p2b: Farigiraf|4/100\n|-damage|p2b: Farigiraf|0 fnt\n|faint|p2b: Farigiraf\n|-hitcount|p2: Farigiraf|7\n|\n|-weather|SunnyDay|[upkeep]\n|upkeep\n|\n|t:|1776394666\n|switch|p2b: Kingambit|Kingambit, L50, M|100/100\n|turn|3\n|\n|t:|1776394672\n|move|p2b: Kingambit|Sucker Punch|p1a: Torkoal\n|-damage|p1a: Torkoal|34/100\n|move|p2a: Azumarill|Aqua Jet|p1a: Torkoal\n|-supereffective|p1a: Torkoal|1\n|-damage|p1a: Torkoal|21/100\n|move|p1a: Torkoal|Heat Wave|p2b: Kingambit|[spread] p2a,p2b\n|-resisted|p2a: Azumarill|1\n|-supereffective|p2b: Kingambit|1\n|-damage|p2a: Azumarill|23/100\n|-damage|p2b: Kingambit|0 fnt\n|-enditem|p2a: Azumarill|Sitrus Berry|[eat]\n|-heal|p2a: Azumarill|48/100|[from] item: Sitrus Berry\n|faint|p2b: Kingambit\n|move|p1b: Maushold|Population Bomb|p2a: Azumarill\n|-damage|p2a: Azumarill|43/100\n|-damage|p2a: Azumarill|39/100\n|-damage|p2a: Azumarill|35/100\n|-damage|p2a: Azumarill|30/100\n|-damage|p2a: Azumarill|26/100\n|-damage|p2a: Azumarill|22/100\n|-damage|p2a: Azumarill|17/100\n|-damage|p2a: Azumarill|13/100\n|-damage|p2a: Azumarill|9/100\n|-damage|p2a: Azumarill|4/100\n|-hitcount|p2a: Azumarill|10\n|\n|-weather|SunnyDay|[upkeep]\n|upkeep\n|\n|t:|1776394696\n|switch|p2b: Incineroar|Incineroar, L50, M|100/100\n|-ability|p2b: Incineroar|Intimidate|boost\n|-unboost|p1a: Torkoal|atk|1\n|-unboost|p1b: Maushold|atk|1\n|turn|4\n|\n|t:|1776394712\n|move|p1a: Torkoal|Protect|p1a: Torkoal\n|-singleturn|p1a: Torkoal|Protect\n|move|p2b: Incineroar|Fake Out|p1a: Torkoal\n|-activate|p1a: Torkoal|move: Protect\n|move|p2a: Azumarill|Aqua Jet|p1a: Torkoal\n|-activate|p1a: Torkoal|move: Protect\n|move|p1b: Maushold|Population Bomb|p2a: Azumarill\n|-damage|p2a: Azumarill|1/100\n|-damage|p2a: Azumarill|0 fnt\n|faint|p2a: Azumarill\n|-hitcount|p2: Azumarill|2\n|\n|-weather|SunnyDay|[upkeep]\n|upkeep\n|turn|5\n|\n|t:|1776394743\n|switch|p1b: Venusaur|Venusaur, L50, F|100/100\n|move|p1a: Torkoal|Heat Wave|p2b: Incineroar\n|-resisted|p2b: Incineroar|1\n|-damage|p2b: Incineroar|63/100\n|move|p2b: Incineroar|Throat Chop|p1a: Torkoal\n|-damage|p1a: Torkoal|0 fnt\n|faint|p1a: Torkoal\n|\n|-weather|none\n|-fieldend|move: Trick Room\n|upkeep\n|\n|t:|1776394754\n|switch|p1a: Maushold|Maushold, L50|52/100\n|turn|6\n|inactive|Battle timer is ON: inactive players will automatically lose when time's up. (requested by ssndss)\n|\n|t:|1776394770\n|move|p1a: Maushold|After You|p1b: Venusaur\n|-activate|p1b: Venusaur|move: After You\n|move|p1b: Venusaur|Sludge Bomb|p2b: Incineroar\n|-damage|p2b: Incineroar|25/100\n|move|p2b: Incineroar|Flare Blitz|p1b: Venusaur\n|-supereffective|p1b: Venusaur|1\n|-damage|p1b: Venusaur|0 fnt\n|faint|p1b: Venusaur\n|-damage|p2b: Incineroar|0 fnt|[from] Recoil\n|faint|p2b: Incineroar\n|\n|win|Infern64\n|raw|Infern64's rating: 1117 &rarr; <strong>1149</strong><br />(+32 for winning)\n|raw|ssndss's rating: 1214 &rarr; <strong>1182</strong><br />(-32 for losing)\n|l|\u2606ssndss\n|player|p2|\n",
  "uploadtime": 1776394796,
  "views": 16,
  "formatid": "gen9championsvgc2026regma",
  "rating": 1149,
  "private": 0,
  "password": null
}