{
  "id": "gen9championsvgc2026regma-2584390624",
  "format": "[Gen 9 Champions] VGC 2026 Reg M-A",
  "players": [
    "ZenoixV2",
    "noahguyvgc"
  ],
  "log": "|j|\u2606ZenoixV2\n|j|\u2606noahguyvgc\n|t:|1776257340\n|gametype|doubles\n|player|p1|ZenoixV2|wattson|1325\n|player|p2|noahguyvgc|roxie|1283\n|gen|9\n|tier|[Gen 9 Champions] VGC 2026 Reg M-A\n|rated|\n|rule|Species Clause: Limit one of each Pok\u00e9mon\n|rule|Item Clause: Limit 1 of each item\n|clearpoke\n|poke|p1|Meganium, L50, M|\n|poke|p1|Aerodactyl, L50, M|\n|poke|p1|Basculegion, L50, M|\n|poke|p1|Sneasler, L50, M|\n|poke|p1|Garchomp, L50, F|\n|poke|p1|Corviknight, L50, M|\n|poke|p2|Floette-Eternal, L50, F|\n|poke|p2|Incineroar, L50, M|\n|poke|p2|Sinistcha, L50|\n|poke|p2|Aerodactyl, L50, M|\n|poke|p2|Maushold, L50|\n|poke|p2|Basculegion, L50, M|\n|teampreview|4\n|inactive|Battle timer is ON: inactive players will automatically lose when time's up. (requested by noahguyvgc)\n|inactive|ZenoixV2 also wants the timer to be on.\n|inactive|noahguyvgc has 60 seconds left.\n|\n|t:|1776257397\n|teamsize|p1|4\n|teamsize|p2|4\n|start\n|switch|p1a: Sneasler|Sneasler, L50, M|100/100\n|switch|p1b: Corviknight|Corviknight, L50, M|100/100\n|switch|p2a: Aerodactyl|Aerodactyl, L50, M|100/100\n|switch|p2b: Floette|Floette-Eternal, L50, F|100/100\n|-ability|p2a: Aerodactyl|Unnerve\n|turn|1\n|\n|t:|1776257417\n|detailschange|p2b: Floette|Floette-Mega, L50, F\n|-mega|p2b: Floette|Floette|Floettite\n|-ability|p2b: Floette|Fairy Aura\n|move|p1a: Sneasler|Fake Out|p2a: Aerodactyl\n|-resisted|p2a: Aerodactyl|1\n|-crit|p2a: Aerodactyl\n|-damage|p2a: Aerodactyl|82/100\n|cant|p2a: Aerodactyl|flinch\n|move|p2b: Floette|Calm Mind|p2b: Floette\n|-boost|p2b: Floette|spa|1\n|-boost|p2b: Floette|spd|1\n|move|p1b: Corviknight|Tailwind|p1b: Corviknight\n|-sidestart|p1: ZenoixV2|move: Tailwind\n|\n|upkeep\n|turn|2\n|\n|t:|1776257431\n|move|p2b: Floette|Protect|p2b: Floette\n|-singleturn|p2b: Floette|Protect\n|move|p1a: Sneasler|Dire Claw|p2b: Floette\n|-activate|p2b: Floette|move: Protect\n|move|p1b: Corviknight|Iron Head|p2b: Floette\n|-activate|p2b: Floette|move: Protect\n|move|p2a: Aerodactyl|Tailwind|p2a: Aerodactyl\n|-sidestart|p2: noahguyvgc|move: Tailwind\n|\n|upkeep\n|turn|3\n|\n|t:|1776257447\n|switch|p2b: Maushold|Maushold, L50|100/100\n|move|p2a: Aerodactyl|Dual Wingbeat|p1a: Sneasler\n|-supereffective|p1a: Sneasler|1\n|-damage|p1a: Sneasler|42/100\n|-supereffective|p1a: Sneasler|1\n|-damage|p1a: Sneasler|0 fnt\n|faint|p1a: Sneasler\n|-hitcount|p1: Sneasler|2\n|move|p1b: Corviknight|Iron Head|p2b: Maushold\n|-damage|p2b: Maushold|69/100\n|\n|upkeep\n|\n|t:|1776257462\n|switch|p1a: Basculegion|Basculegion, L50, M|100/100\n|turn|4\n|\n|t:|1776257473\n|move|p2a: Aerodactyl|Protect|p2a: Aerodactyl\n|-singleturn|p2a: Aerodactyl|Protect\n|move|p1a: Basculegion|Flip Turn|p2a: Aerodactyl\n|-activate|p2a: Aerodactyl|move: Protect\n|move|p2b: Maushold|Super Fang|p1b: Corviknight\n|-damage|p1b: Corviknight|51/100\n|move|p1b: Corviknight|Body Press|p2b: Maushold\n|-supereffective|p2b: Maushold|1\n|-enditem|p2b: Maushold|Chople Berry|[eat]\n|-enditem|p2b: Maushold|Chople Berry|[weaken]\n|-damage|p2b: Maushold|52/100\n|\n|-heal|p1b: Corviknight|56/100|[from] item: Leftovers\n|-sideend|p1: ZenoixV2|move: Tailwind\n|upkeep\n|turn|5\n|\n|t:|1776257494\n|move|p2b: Maushold|Follow Me|p2b: Maushold\n|-singleturn|p2b: Maushold|move: Follow Me\n|move|p2a: Aerodactyl|Rock Slide|p1b: Corviknight|[spread] p1a,p1b\n|-damage|p1a: Basculegion|70/100\n|-damage|p1b: Corviknight|34/100\n|move|p1a: Basculegion|Flip Turn|p2b: Maushold\n|-damage|p2b: Maushold|18/100\n|\n|t:|1776257501\n|switch|p1a: Meganium|Meganium, L50, M|100/100|[from] Flip Turn\n|cant|p1b: Corviknight|flinch\n|\n|-heal|p1b: Corviknight|39/100|[from] item: Leftovers\n|-sideend|p2: noahguyvgc|move: Tailwind\n|upkeep\n|turn|6\n|\n|t:|1776257518\n|detailschange|p1a: Meganium|Meganium-Mega, L50, M\n|-mega|p1a: Meganium|Meganium|Meganiumite\n|move|p2b: Maushold|Helping Hand|p2a: Aerodactyl\n|-singleturn|p2a: Aerodactyl|Helping Hand|[of] p2b: Maushold\n|move|p2a: Aerodactyl|Dual Wingbeat|p1a: Meganium\n|-supereffective|p1a: Meganium|1\n|-damage|p1a: Meganium|47/100\n|-supereffective|p1a: Meganium|1\n|-damage|p1a: Meganium|0 fnt\n|faint|p1a: Meganium\n|-hitcount|p1: Meganium|2\n|move|p1b: Corviknight|Tailwind|p1b: Corviknight\n|-sidestart|p1: ZenoixV2|move: Tailwind\n|\n|-heal|p1b: Corviknight|45/100|[from] item: Leftovers\n|upkeep\n|\n|t:|1776257530\n|switch|p1a: Basculegion|Basculegion, L50, M|70/100\n|turn|7\n|\n|t:|1776257538\n|move|p2a: Aerodactyl|Protect|p2a: Aerodactyl\n|-singleturn|p2a: Aerodactyl|Protect\n|move|p2b: Maushold|Protect|p2b: Maushold\n|-singleturn|p2b: Maushold|Protect\n|move|p1a: Basculegion|Last Respects|p2a: Aerodactyl\n|-activate|p2a: Aerodactyl|move: Protect\n|move|p1b: Corviknight|Body Press|p2b: Maushold\n|-activate|p2b: Maushold|move: Protect\n|\n|-heal|p1b: Corviknight|51/100|[from] item: Leftovers\n|upkeep\n|turn|8\n|\n|t:|1776257549\n|move|p2b: Maushold|Follow Me|p2b: Maushold\n|-singleturn|p2b: Maushold|move: Follow Me\n|move|p1a: Basculegion|Last Respects|p2b: Maushold\n|-immune|p2b: Maushold\n|move|p1b: Corviknight|Body Press|p2b: Maushold\n|-supereffective|p2b: Maushold|1\n|-damage|p2b: Maushold|0 fnt\n|faint|p2b: Maushold\n|move|p2a: Aerodactyl|Tailwind|p2a: Aerodactyl\n|-sidestart|p2: noahguyvgc|move: Tailwind\n|\n|-heal|p1b: Corviknight|56/100|[from] item: Leftovers\n|upkeep\n|\n|t:|1776257553\n|switch|p2b: Floette|Floette-Mega, L50, F|100/100\n|-ability|p2b: Floette|Fairy Aura\n|turn|9\n|\n|t:|1776257564\n|move|p2b: Floette|Protect|p2b: Floette\n|-singleturn|p2b: Floette|Protect\n|move|p1a: Basculegion|Last Respects|p2b: Floette\n|-activate|p2b: Floette|move: Protect\n|move|p2a: Aerodactyl|Rock Slide|p1a: Basculegion|[spread] p1a,p1b\n|-damage|p1a: Basculegion|41/100\n|-damage|p1b: Corviknight|31/100\n|move|p1b: Corviknight|Iron Head|p2a: Aerodactyl\n|-supereffective|p2a: Aerodactyl|1\n|-damage|p2a: Aerodactyl|0 fnt\n|faint|p2a: Aerodactyl\n|\n|-heal|p1b: Corviknight|36/100|[from] item: Leftovers\n|-sideend|p1: ZenoixV2|move: Tailwind\n|upkeep\n|\n|t:|1776257575\n|switch|p2a: Basculegion|Basculegion, L50, M|100/100\n|turn|10\n|\n|t:|1776257585\n|move|p2a: Basculegion|Last Respects|p1a: Basculegion\n|-supereffective|p1a: Basculegion|1\n|-damage|p1a: Basculegion|0 fnt\n|faint|p1a: Basculegion\n|move|p2b: Floette|Moonblast|p1b: Corviknight\n|-resisted|p1b: Corviknight|1\n|-damage|p1b: Corviknight|0 fnt\n|faint|p1b: Corviknight\n|\n|win|noahguyvgc\n|raw|ZenoixV2's rating: 1325 &rarr; <strong>1303</strong><br />(-22 for losing)\n|raw|noahguyvgc's rating: 1283 &rarr; <strong>1311</strong><br />(+28 for winning)\n",
  "uploadtime": 1776257590,
  "views": 53,
  "formatid": "gen9championsvgc2026regma",
  "rating": 1303,
  "private": 0,
  "password": null
}