{
  "id": "gen9championsvgc2026regma-2581221345",
  "format": "[Gen 9 Champions] VGC 2026 Reg M-A",
  "players": [
    "CementTheBlock",
    "lonelyherbivore"
  ],
  "log": "|j|\u2606CementTheBlock\n|j|\u2606lonelyherbivore\n|t:|1775972535\n|gametype|doubles\n|player|p1|CementTheBlock|102|1071\n|player|p2|lonelyherbivore|acerola|1000\n|gen|9\n|tier|[Gen 9 Champions] VGC 2026 Reg M-A\n|rated|\n|rule|Species Clause: Limit one of each Pok\u00e9mon\n|rule|Item Clause: Limit 1 of each item\n|clearpoke\n|poke|p1|Palafin, L50, F|\n|poke|p1|Sinistcha, L50|\n|poke|p1|Orthworm, L50, F|\n|poke|p1|Garchomp, L50, F|\n|poke|p1|Glimmora, L50, M|\n|poke|p1|Armarouge, L50, M|\n|poke|p2|Froslass, L50, F|\n|poke|p2|Aerodactyl, L50, M|\n|poke|p2|Whimsicott, L50, M|\n|poke|p2|Sneasler, L50, M|\n|poke|p2|Tyranitar, L50, M|\n|poke|p2|Orthworm, L50, M|\n|teampreview|4\n|\n|t:|1775972570\n|teamsize|p1|4\n|teamsize|p2|4\n|start\n|switch|p1a: Armarouge|Armarouge, L50, M|100/100\n|switch|p1b: Palafin|Palafin, L50, F|100/100\n|switch|p2a: Orthworm|Orthworm, L50, M, shiny|100/100\n|switch|p2b: Whimsicott|Whimsicott, L50, M, shiny|100/100\n|turn|1\n|\n|t:|1775972610\n|switch|p2a: Tyranitar|Tyranitar, L50, M|100/100\n|-ability|p2a: Tyranitar|Unnerve\n|move|p1b: Palafin|Protect|p1b: Palafin\n|-singleturn|p1b: Palafin|Protect\n|move|p2b: Whimsicott|Stun Spore|p1b: Palafin\n|-activate|p1b: Palafin|move: Protect\n|move|p1a: Armarouge|Armor Cannon|p2b: Whimsicott\n|-supereffective|p2b: Whimsicott|1\n|-damage|p2b: Whimsicott|0 fnt\n|-unboost|p1a: Armarouge|def|1\n|-unboost|p1a: Armarouge|spd|1\n|faint|p2b: Whimsicott\n|\n|upkeep\n|\n|t:|1775972628\n|switch|p2b: Orthworm|Orthworm, L50, M, shiny|100/100\n|turn|2\n|\n|t:|1775972644\n|detailschange|p1b: Palafin|Palafin-Hero, L50, F\n|switch|p1b: Sinistcha|Sinistcha, L50|100/100\n|switch|p1a: Garchomp|Garchomp, L50, F|100/100\n|move|p2b: Orthworm|Shed Tail|p2b: Orthworm\n|-start|p2b: Orthworm|Substitute|[from] move: Shed Tail\n|-damage|p2b: Orthworm|50/100\n|\n|t:|1775972652\n|switch|p2b: Froslass|Froslass, L50, F, shiny|100/100|[from] Shed Tail\n|move|p2a: Tyranitar|Dark Pulse|p1a: Garchomp\n|-damage|p1a: Garchomp|60/100\n|\n|upkeep\n|turn|3\n|\n|t:|1775972677\n|detailschange|p2b: Froslass|Froslass-Mega, L50, F, shiny\n|-mega|p2b: Froslass|Froslass|Froslassite\n|-weather|Snowscape|[from] ability: Snow Warning|[of] p2b: Froslass\n|move|p2b: Froslass|Protect|p2b: Froslass\n|-singleturn|p2b: Froslass|Protect\n|move|p1b: Sinistcha|Protect|p1b: Sinistcha\n|-singleturn|p1b: Sinistcha|Protect\n|move|p1a: Garchomp|Earthquake|p2a: Tyranitar|[spread] p2a\n|-activate|p1b: Sinistcha|move: Protect\n|-activate|p2b: Froslass|move: Protect\n|-supereffective|p2a: Tyranitar|1\n|-damage|p2a: Tyranitar|33/100\n|move|p2a: Tyranitar|Blizzard|p1a: Garchomp|[spread] p1a\n|-activate|p1b: Sinistcha|move: Protect\n|-supereffective|p1a: Garchomp|2\n|-damage|p1a: Garchomp|0 fnt\n|faint|p1a: Garchomp\n|\n|-weather|Snowscape|[upkeep]\n|upkeep\n|\n|t:|1775972699\n|switch|p1a: Palafin|Palafin-Hero, L50, F|100/100\n|-activate|p1a: Palafin|ability: Zero to Hero\n|turn|4\n|\n|t:|1775972717\n|move|p1a: Palafin|Jet Punch|p2a: Tyranitar\n|-supereffective|p2a: Tyranitar|1\n|-damage|p2a: Tyranitar|0 fnt\n|faint|p2a: Tyranitar\n|move|p2b: Froslass|Blizzard|p1a: Palafin|[spread] p1a,p1b\n|-resisted|p1a: Palafin|1\n|-supereffective|p1b: Sinistcha|1\n|-damage|p1a: Palafin|73/100\n|-damage|p1b: Sinistcha|22/100\n|move|p1b: Sinistcha|Trick Room|p1b: Sinistcha\n|-fieldstart|move: Trick Room|[of] p1b: Sinistcha\n|\n|-weather|Snowscape|[upkeep]\n|-heal|p1b: Sinistcha|28/100|[from] item: Leftovers\n|upkeep\n|\n|t:|1775972727\n|switch|p2a: Orthworm|Orthworm, L50, M, shiny|50/100\n|turn|5\n|\n|t:|1775972747\n|move|p2a: Orthworm|Rock Slide|p1b: Sinistcha|[spread] p1a,p1b\n|-damage|p1a: Palafin|58/100\n|-damage|p1b: Sinistcha|16/100\n|cant|p1b: Sinistcha|flinch\n|move|p1a: Palafin|Wave Crash|p2a: Orthworm\n|-damage|p2a: Orthworm|0 fnt\n|faint|p2a: Orthworm\n|-damage|p1a: Palafin|42/100|[from] Recoil\n|move|p2b: Froslass|Nasty Plot|p2b: Froslass\n|-boost|p2b: Froslass|spa|2\n|\n|-weather|Snowscape|[upkeep]\n|-heal|p1b: Sinistcha|22/100|[from] item: Leftovers\n|upkeep\n|turn|6\n|\n|t:|1775972777\n|move|p2b: Froslass|Protect|p2b: Froslass\n|-singleturn|p2b: Froslass|Protect\n|move|p1b: Sinistcha|Shadow Ball|p2b: Froslass\n|-activate|p2b: Froslass|move: Protect\n|move|p1a: Palafin|Wave Crash|p2b: Froslass\n|-activate|p2b: Froslass|move: Protect\n|\n|-weather|Snowscape|[upkeep]\n|-heal|p1b: Sinistcha|29/100|[from] item: Leftovers\n|upkeep\n|turn|7\n|\n|t:|1775972792\n|move|p1b: Sinistcha|Shadow Ball|p2b: Froslass\n|-supereffective|p2b: Froslass|1\n|-end|p2b: Froslass|Substitute\n|move|p1a: Palafin|Wave Crash|p2b: Froslass\n|-damage|p2b: Froslass|5/100\n|-damage|p1a: Palafin|16/100|[from] Recoil\n|move|p2b: Froslass|Shadow Ball|p1a: Palafin\n|-damage|p1a: Palafin|0 fnt\n|faint|p1a: Palafin\n|\n|-weather|none\n|-heal|p1b: Sinistcha|35/100|[from] item: Leftovers\n|upkeep\n|\n|t:|1775972807\n|switch|p1a: Armarouge|Armarouge, L50, M|100/100\n|turn|8\n|\n|t:|1775972831\n|move|p2b: Froslass|Protect|p2b: Froslass\n|-singleturn|p2b: Froslass|Protect\n|move|p1a: Armarouge|Trick Room|p1a: Armarouge\n|-fieldend|move: Trick Room\n|move|p1b: Sinistcha|Trick Room|p1b: Sinistcha\n|-fieldstart|move: Trick Room|[of] p1b: Sinistcha\n|\n|-heal|p1b: Sinistcha|41/100|[from] item: Leftovers\n|upkeep\n|turn|9\n|\n|t:|1775972844\n|move|p1a: Armarouge|Armor Cannon|p2b: Froslass\n|-supereffective|p2b: Froslass|1\n|-damage|p2b: Froslass|0 fnt\n|-unboost|p1a: Armarouge|def|1\n|-unboost|p1a: Armarouge|spd|1\n|faint|p2b: Froslass\n|\n|win|CementTheBlock\n|raw|CementTheBlock's rating: 1071 &rarr; <strong>1094</strong><br />(+23 for winning)\n|raw|lonelyherbivore's rating: 1000 &rarr; <strong>1000</strong><br />(+0 for losing)\n|c|\u2606CementTheBlock|GG\n|l|\u2606lonelyherbivore\n|player|p2|\n",
  "uploadtime": 1775972881,
  "views": 17,
  "formatid": "gen9championsvgc2026regma",
  "rating": 1000,
  "private": 0,
  "password": null
}