{
  "id": "gen9championsvgc2026regma-2585879689",
  "format": "[Gen 9 Champions] VGC 2026 Reg M-A",
  "players": [
    "warestrdyfugihij",
    "Neutralzr"
  ],
  "log": "|j|\u2606warestrdyfugihij\n|j|\u2606Neutralzr\n|t:|1776377884\n|gametype|doubles\n|player|p1|warestrdyfugihij|1|1078\n|player|p2|Neutralzr|lance|1134\n|gen|9\n|tier|[Gen 9 Champions] VGC 2026 Reg M-A\n|rated|\n|rule|Species Clause: Limit one of each Pok\u00e9mon\n|rule|Item Clause: Limit 1 of each item\n|clearpoke\n|poke|p1|Lopunny, L50, M|\n|poke|p1|Aerodactyl, L50, M|\n|poke|p1|Clefable, L50, M|\n|poke|p1|Typhlosion-Hisui, L50, M|\n|poke|p1|Kingambit, L50, F|\n|poke|p1|Rotom-Wash, L50|\n|poke|p2|Mimikyu, L50, F|\n|poke|p2|Milotic, L50, F|\n|poke|p2|Charizard, L50, M|\n|poke|p2|Aerodactyl, L50, F|\n|poke|p2|Incineroar, L50, F|\n|poke|p2|Sinistcha-Masterpiece, L50|\n|teampreview|4\n|inactive|Battle timer is ON: inactive players will automatically lose when time's up. (requested by Neutralzr)\n|inactive|Neutralzr has 60 seconds left.\n|inactive|Neutralzr has 30 seconds left.\n|\n|t:|1776377952\n|teamsize|p1|4\n|teamsize|p2|4\n|start\n|switch|p1a: Lopunny|Lopunny, L50, M|100/100\n|switch|p1b: Aerodactyl|Aerodactyl, L50, M|100/100\n|switch|p2a: Mimikyu|Mimikyu, L50, F|100/100\n|switch|p2b: Milotic|Milotic, L50, F, shiny|100/100\n|turn|1\n|inactive|warestrdyfugihij has 30 seconds left.\n|\n|t:|1776377983\n|detailschange|p1a: Lopunny|Lopunny-Mega, L50, M\n|-mega|p1a: Lopunny|Lopunny|Lopunnite\n|move|p1a: Lopunny|U-turn|p2a: Mimikyu\n|-activate|p2a: Mimikyu|ability: Disguise\n|-damage|p2a: Mimikyu|100/100\n|detailschange|p2a: Mimikyu|Mimikyu-Busted, L50, F\n|-damage|p2a: Mimikyu|88/100|[from] pokemon: Mimikyu-Busted\n|\n|t:|1776377991\n|switch|p1a: Rotom|Rotom-Wash, L50|100/100|[from] U-turn\n|move|p1b: Aerodactyl|Rock Slide|p2a: Mimikyu|[spread] p2a,p2b\n|-damage|p2a: Mimikyu|44/100\n|-damage|p2b: Milotic|80/100\n|move|p2a: Mimikyu|Swords Dance|p2a: Mimikyu\n|-boost|p2a: Mimikyu|atk|2\n|move|p2b: Milotic|Scald|p1b: Aerodactyl\n|-supereffective|p1b: Aerodactyl|1\n|-damage|p1b: Aerodactyl|14/100\n|-status|p1b: Aerodactyl|brn\n|\n|-heal|p2b: Milotic|86/100|[from] item: Leftovers\n|-damage|p1b: Aerodactyl|8/100 brn|[from] brn\n|upkeep\n|turn|2\n|inactive|Neutralzr has 30 seconds left.\n|inactive|Neutralzr has 20 seconds left.\n|inactive|Neutralzr has 15 seconds left.\n|inactive|Neutralzr has 10 seconds left.\n|\n|t:|1776378040\n|switch|p2b: Sinistcha|Sinistcha-Masterpiece, L50|100/100\n|-heal|p2a: Mimikyu|69/100|[from] ability: Hospitality|[of] p2b: Sinistcha\n|move|p1b: Aerodactyl|Tailwind|p1b: Aerodactyl\n|-sidestart|p1: warestrdyfugihij|move: Tailwind\n|move|p1a: Rotom|Thunderbolt|p2a: Mimikyu\n|-damage|p2a: Mimikyu|13/100\n|move|p2a: Mimikyu|Play Rough|p1a: Rotom\n|-damage|p1a: Rotom|20/100\n|\n|-heal|p1a: Rotom|26/100|[from] item: Leftovers\n|-damage|p1b: Aerodactyl|2/100 brn|[from] brn\n|upkeep\n|turn|3\n|\n|t:|1776378061\n|move|p2b: Sinistcha|Rage Powder|p2b: Sinistcha\n|-singleturn|p2b: Sinistcha|move: Rage Powder\n|move|p2a: Mimikyu|Shadow Sneak|p1b: Aerodactyl\n|-damage|p1b: Aerodactyl|0 fnt\n|faint|p1b: Aerodactyl\n|move|p1a: Rotom|Volt Switch|p2b: Sinistcha\n|-resisted|p2b: Sinistcha|1\n|-crit|p2b: Sinistcha\n|-damage|p2b: Sinistcha|79/100\n|\n|t:|1776378071\n|switch|p1a: Typhlosion|Typhlosion-Hisui, L50, M|100/100|[from] Volt Switch\n|\n|upkeep\n|\n|t:|1776378075\n|switch|p1b: Lopunny|Lopunny-Mega, L50, M|100/100\n|turn|4\n|\n|t:|1776378084\n|switch|p2b: Milotic|Milotic, L50, F, shiny|86/100\n|move|p2a: Mimikyu|Protect|p2a: Mimikyu\n|-singleturn|p2a: Mimikyu|Protect\n|move|p1b: Lopunny|Fake Out|p2b: Milotic\n|-damage|p2b: Milotic|67/100\n|move|p1a: Typhlosion|Eruption|p2b: Milotic|[spread] p2b\n|-activate|p2a: Mimikyu|move: Protect\n|-resisted|p2b: Milotic|1\n|-damage|p2b: Milotic|47/100\n|\n|-heal|p2b: Milotic|52/100|[from] item: Leftovers\n|upkeep\n|turn|5\n|\n|t:|1776378103\n|move|p2a: Mimikyu|Shadow Sneak|p1a: Typhlosion\n|-supereffective|p1a: Typhlosion|1\n|-damage|p1a: Typhlosion|0 fnt\n|faint|p1a: Typhlosion\n|move|p1b: Lopunny|Close Combat|p2b: Milotic\n|-damage|p2b: Milotic|0 fnt\n|-unboost|p1b: Lopunny|def|1\n|-unboost|p1b: Lopunny|spd|1\n|faint|p2b: Milotic\n|\n|-sideend|p1: warestrdyfugihij|move: Tailwind\n|upkeep\n|\n|t:|1776378122\n|switch|p1a: Rotom|Rotom-Wash, L50|26/100\n|switch|p2b: Sinistcha|Sinistcha-Masterpiece, L50|79/100\n|-heal|p2a: Mimikyu|38/100|[from] ability: Hospitality|[of] p2b: Sinistcha\n|turn|6\n|\n|t:|1776378135\n|move|p2b: Sinistcha|Rage Powder|p2b: Sinistcha\n|-singleturn|p2b: Sinistcha|move: Rage Powder\n|move|p2a: Mimikyu|Shadow Sneak|p1a: Rotom\n|-crit|p1a: Rotom\n|-damage|p1a: Rotom|0 fnt\n|faint|p1a: Rotom\n|move|p1b: Lopunny|Triple Axel|p2b: Sinistcha\n|-supereffective|p2b: Sinistcha|1\n|-damage|p2b: Sinistcha|64/100\n|-supereffective|p2b: Sinistcha|1\n|-damage|p2b: Sinistcha|37/100\n|-enditem|p2b: Sinistcha|Sitrus Berry|[eat]\n|-heal|p2b: Sinistcha|62/100|[from] item: Sitrus Berry\n|-supereffective|p2b: Sinistcha|1\n|-damage|p2b: Sinistcha|24/100\n|-hitcount|p2b: Sinistcha|3\n|\n|upkeep\n|turn|7\n|-message|warestrdyfugihij forfeited.\n|\n|win|Neutralzr\n|raw|warestrdyfugihij's rating: 1078 &rarr; <strong>1060</strong><br />(-18 for losing)\n|raw|Neutralzr's rating: 1134 &rarr; <strong>1155</strong><br />(+21 for winning)\n|l|\u2606warestrdyfugihij\n|player|p1|\n",
  "uploadtime": 1776378158,
  "views": 18,
  "formatid": "gen9championsvgc2026regma",
  "rating": 1060,
  "private": 0,
  "password": null
}