{
  "id": "gen9championsvgc2026regma-2585515929",
  "format": "[Gen 9 Champions] VGC 2026 Reg M-A",
  "players": [
    "alegamer2004",
    "mrzed03"
  ],
  "log": "|j|\u2606alegamer2004\n|j|\u2606mrzed03\n|t:|1776352741\n|gametype|doubles\n|player|p1|alegamer2004|bugcatcher-gen4dp|1222\n|player|p2|mrzed03|170|1181\n|gen|9\n|tier|[Gen 9 Champions] VGC 2026 Reg M-A\n|rated|\n|rule|Species Clause: Limit one of each Pok\u00e9mon\n|rule|Item Clause: Limit 1 of each item\n|clearpoke\n|poke|p1|Passimian, L50, F|\n|poke|p1|Aerodactyl, L50, F|\n|poke|p1|Tyranitar, L50, F|\n|poke|p1|Excadrill, L50, M|\n|poke|p1|Rotom-Wash, L50|\n|poke|p1|Gengar, L50, M|\n|poke|p2|Pelipper, L50, M|\n|poke|p2|Basculegion, L50, M|\n|poke|p2|Archaludon, L50, F|\n|poke|p2|Palafin, L50, M|\n|poke|p2|Meganium, L50, M|\n|poke|p2|Gyarados, L50, M|\n|teampreview|4\n|inactive|Battle timer is ON: inactive players will automatically lose when time's up. (requested by mrzed03)\n|inactive|mrzed03 has 60 seconds left.\n|\n|t:|1776352780\n|teamsize|p1|4\n|teamsize|p2|4\n|start\n|switch|p1a: Rotom|Rotom-Wash, L50|100/100\n|switch|p1b: Gengar|Gengar, L50, M|100/100\n|switch|p2a: hi :3|Pelipper, L50, M|100/100\n|switch|p2b: brb|Palafin, L50, M|100/100\n|-weather|RainDance|[from] ability: Drizzle|[of] p2a: hi :3\n|turn|1\n|inactive|alegamer2004 has 30 seconds left.\n|inactive|mrzed03 has 30 seconds left.\n|inactive|alegamer2004 has 20 seconds left.\n|inactive|alegamer2004 has 15 seconds left.\n|\n|t:|1776352823\n|detailschange|p1b: Gengar|Gengar-Mega, L50, M\n|-mega|p1b: Gengar|Gengar|Gengarite\n|move|p2b: brb|Protect|p2b: brb\n|-singleturn|p2b: brb|Protect\n|move|p1b: Gengar|Nasty Plot|p1b: Gengar\n|-boost|p1b: Gengar|spa|2\n|move|p2a: hi :3|Tailwind|p2a: hi :3\n|-sidestart|p2: mrzed03|move: Tailwind\n|move|p1a: Rotom|Thunderbolt|p2b: brb\n|-activate|p2b: brb|move: Protect\n|\n|-weather|RainDance|[upkeep]\n|upkeep\n|turn|2\n|inactive|mrzed03 has 30 seconds left.\n|\n|t:|1776352852\n|move|p2b: brb|Protect||[still]\n|-fail|p2b: brb\n|move|p1b: Gengar|Protect|p1b: Gengar\n|-singleturn|p1b: Gengar|Protect\n|move|p1a: Rotom|Protect|p1a: Rotom\n|-singleturn|p1a: Rotom|Protect\n|move|p2a: hi :3|U-turn|p1b: Gengar\n|-activate|p1b: Gengar|move: Protect\n|\n|-weather|RainDance|[upkeep]\n|upkeep\n|turn|3\n|\n|t:|1776352874\n|switch|p1a: Tyranitar|Tyranitar, L50, F|100/100\n|-weather|Sandstorm|[from] ability: Sand Stream|[of] p1a: Tyranitar\n|move|p2b: brb|Protect|p2b: brb\n|-singleturn|p2b: brb|Protect\n|move|p2a: hi :3|Hurricane|p1b: Gengar\n|-damage|p1b: Gengar|43/100\n|move|p1b: Gengar|Sludge Bomb|p2a: hi :3\n|-enditem|p2a: hi :3|Focus Sash\n|-damage|p2a: hi :3|1/100\n|\n|-weather|Sandstorm|[upkeep]\n|-damage|p2b: brb|94/100|[from] Sandstorm\n|-damage|p2a: hi :3|0 fnt|[from] Sandstorm\n|-damage|p1b: Gengar|37/100|[from] Sandstorm\n|faint|p2a: hi :3\n|upkeep\n|\n|t:|1776352891\n|switch|p2a: philadelphia|Meganium, L50, M|100/100\n|turn|4\n|inactive|mrzed03 has 30 seconds left.\n|\n|t:|1776352918\n|detailschange|p2a: philadelphia|Meganium-Mega, L50, M\n|-mega|p2a: philadelphia|Meganium|Meganiumite\n|move|p2b: brb|Protect||[still]\n|-fail|p2b: brb\n|move|p1b: Gengar|Protect|p1b: Gengar\n|-singleturn|p1b: Gengar|Protect\n|move|p1a: Tyranitar|Protect|p1a: Tyranitar\n|-singleturn|p1a: Tyranitar|Protect\n|move|p2a: philadelphia|Solar Beam||[still]\n|-prepare|p2a: philadelphia|Solar Beam\n|-activate|p2a: philadelphia|ability: Mega Sol\n|-anim|p2a: philadelphia|Solar Beam|p1a: Tyranitar\n|-activate|p1a: Tyranitar|move: Protect\n|\n|-weather|Sandstorm|[upkeep]\n|-damage|p2b: brb|88/100|[from] Sandstorm\n|-damage|p2a: philadelphia|95/100|[from] Sandstorm\n|-damage|p1b: Gengar|31/100|[from] Sandstorm\n|-sideend|p2: mrzed03|move: Tailwind\n|upkeep\n|turn|5\n|\n|t:|1776352942\n|move|p2b: brb|Protect|p2b: brb\n|-singleturn|p2b: brb|Protect\n|move|p2a: philadelphia|Protect|p2a: philadelphia\n|-singleturn|p2a: philadelphia|Protect\n|move|p1b: Gengar|Sludge Bomb|p2a: philadelphia\n|-activate|p2a: philadelphia|move: Protect\n|move|p1a: Tyranitar|Rock Slide|p2a: philadelphia|[spread] \n|-activate|p2a: philadelphia|move: Protect\n|-activate|p2b: brb|move: Protect\n|\n|-weather|Sandstorm|[upkeep]\n|-damage|p2b: brb|82/100|[from] Sandstorm\n|-damage|p1b: Gengar|25/100|[from] Sandstorm\n|-damage|p2a: philadelphia|89/100|[from] Sandstorm\n|upkeep\n|turn|6\n|c|\u2606alegamer2004|bro\n|c|\u2606alegamer2004|it doesnt benefit you to keep protecting the palafin\n|c|\u2606alegamer2004|I want him on the field\n|c|\u2606alegamer2004|hes weak\n|c|\u2606alegamer2004|hes not in hero form\n|inactive|alegamer2004 has 30 seconds left.\n|c|\u2606mrzed03|ITS SASH\n|c|\u2606mrzed03|and trapped\n|inactive|alegamer2004 has 20 seconds left.\n|c|\u2606mrzed03|I can't do anything else\n|inactive|alegamer2004 has 15 seconds left.\n|c|\u2606alegamer2004|prolly stop protecting tho\n|inactive|alegamer2004 has 10 seconds left.\n|\n|t:|1776352991\n|move|p2b: brb|Protect||[still]\n|-fail|p2b: brb\n|move|p1b: Gengar|Sludge Bomb|p2a: philadelphia\n|-supereffective|p2a: philadelphia|2\n|-damage|p2a: philadelphia|0 fnt\n|faint|p2a: philadelphia\n|move|p1a: Tyranitar|Rock Slide|p2b: brb\n|-damage|p2b: brb|26/100\n|\n|-weather|Sandstorm|[upkeep]\n|-damage|p2b: brb|20/100|[from] Sandstorm\n|-damage|p1b: Gengar|19/100|[from] Sandstorm\n|upkeep\n|c|\u2606mrzed03|I can't not click a move\n|c|\u2606alegamer2004|wait\n|c|\u2606alegamer2004|is it scarfed\n|c|\u2606mrzed03|that's not an option\n|c|\u2606alegamer2004|not sash\n|c|\u2606mrzed03|ah yes scarf mb\n|\n|t:|1776353012\n|switch|p2a: a second plane|Archaludon, L50, F|100/100\n|turn|7\n|c|\u2606alegamer2004|damn\n|c|\u2606alegamer2004|unfort\n|c|\u2606alegamer2004|why protect if scarf tho\n|c|\u2606mrzed03|cause I forgot about shadow tag\n|inactive|mrzed03 has 30 seconds left.\n|c|\u2606alegamer2004|no but like\n|inactive|mrzed03 has 20 seconds left.\n|c|\u2606mrzed03|and people usually double it turn 1\n|inactive|mrzed03 has 15 seconds left.\n|c|\u2606alegamer2004|why put protect on the movelist\n|inactive|mrzed03 has 10 seconds left.\n|c|\u2606alegamer2004|if youre scarfed\n|inactive|mrzed03 has 5 seconds left.\n|\n|t:|1776353063\n|move|p2b: brb|Protect|p2b: brb\n|-singleturn|p2b: brb|Protect\n|move|p1b: Gengar|Protect|p1b: Gengar\n|-singleturn|p1b: Gengar|Protect\n|move|p2a: a second plane|Draco Meteor|p1b: Gengar\n|-activate|p1b: Gengar|move: Protect\n|move|p1a: Tyranitar|Low Kick|p2a: a second plane\n|-supereffective|p2a: a second plane|1\n|-damage|p2a: a second plane|57/100\n|-ability|p2a: a second plane|Stamina|boost\n|-boost|p2a: a second plane|def|1\n|\n|-weather|none\n|-heal|p2a: a second plane|63/100|[from] item: Leftovers\n|upkeep\n|turn|8\n|c|\u2606mrzed03|cause it's good on turn one\n|c|\u2606mrzed03|but I get you\n|\n|t:|1776353082\n|move|p2b: brb|Protect||[still]\n|-fail|p2b: brb\n|move|p1b: Gengar|Shadow Ball|p2a: a second plane\n|-crit|p2a: a second plane\n|-damage|p2a: a second plane|0 fnt\n|faint|p2a: a second plane\n|move|p1a: Tyranitar|Low Kick|p2b: brb\n|-damage|p2b: brb|0 fnt\n|faint|p2b: brb\n|\n|win|alegamer2004\n|raw|alegamer2004's rating: 1222 &rarr; <strong>1244</strong><br />(+22 for winning)\n|raw|mrzed03's rating: 1181 &rarr; <strong>1159</strong><br />(-22 for losing)\n|c|\u2606mrzed03|ggs\n|c|\u2606alegamer2004|sorry that went that way\n|c|\u2606alegamer2004|ggs\n|c|\u2606mrzed03|np\n|l|\u2606mrzed03\n|player|p2|\n",
  "uploadtime": 1776353095,
  "views": 26,
  "formatid": "gen9championsvgc2026regma",
  "rating": 1159,
  "private": 0,
  "password": null
}