{
  "id": "gen9championsvgc2026regma-2582632706",
  "format": "[Gen 9 Champions] VGC 2026 Reg M-A",
  "players": [
    "jokicbesthorse",
    "themegaisiug"
  ],
  "log": "|j|\u2606jokicbesthorse\n|j|\u2606themegaisiug\n|t:|1776103869\n|gametype|doubles\n|player|p1|jokicbesthorse|169|1175\n|player|p2|themegaisiug|boarder|1147\n|gen|9\n|tier|[Gen 9 Champions] VGC 2026 Reg M-A\n|rated|\n|rule|Species Clause: Limit one of each Pok\u00e9mon\n|rule|Item Clause: Limit 1 of each item\n|clearpoke\n|poke|p1|Dragapult, L50, M|\n|poke|p1|Delphox, L50, F|\n|poke|p1|Sneasler, L50, F|\n|poke|p1|Aerodactyl, L50, F|\n|poke|p1|Tyranitar, L50, M|\n|poke|p1|Rotom-Wash, L50|\n|poke|p2|Aerodactyl, L50, M|\n|poke|p2|Floette-Eternal, L50, F|\n|poke|p2|Incineroar, L50, F|\n|poke|p2|Sinistcha, L50|\n|poke|p2|Sneasler, L50, F|\n|poke|p2|Kingambit, L50, M|\n|teampreview|4\n|\n|t:|1776103934\n|teamsize|p1|4\n|teamsize|p2|4\n|start\n|switch|p1a: Sneasler|Sneasler, L50, F, shiny|100/100\n|switch|p1b: Dragapult|Dragapult, L50, M|100/100\n|switch|p2a: Floette|Floette-Eternal, L50, F|100/100\n|switch|p2b: Aerodactyl|Aerodactyl, L50, M|100/100\n|-ability|p2b: Aerodactyl|Unnerve\n|turn|1\n|inactive|Battle timer is ON: inactive players will automatically lose when time's up. (requested by jokicbesthorse)\n|\n|t:|1776103957\n|move|p2b: Aerodactyl|Protect|p2b: Aerodactyl\n|-singleturn|p2b: Aerodactyl|Protect\n|move|p2a: Floette|Protect|p2a: Floette\n|-singleturn|p2a: Floette|Protect\n|move|p1b: Dragapult|Dragon Darts|p2b: Aerodactyl\n|-activate|p2a: Floette|move: Protect\n|move|p1a: Sneasler|Dire Claw|p2a: Floette\n|-activate|p2a: Floette|move: Protect\n|\n|upkeep\n|turn|2\n|\n|t:|1776103975\n|detailschange|p2a: Floette|Floette-Mega, L50, F\n|-mega|p2a: Floette|Floette|Floettite\n|-ability|p2a: Floette|Fairy Aura\n|move|p1b: Dragapult|Dragon Darts|p2b: Aerodactyl\n|-damage|p2b: Aerodactyl|60/100\n|-anim|p1b: Dragapult|Dragon Darts|p2b: Aerodactyl\n|-damage|p2b: Aerodactyl|22/100\n|move|p2b: Aerodactyl|Dual Wingbeat|p1a: Sneasler\n|-supereffective|p1a: Sneasler|1\n|-damage|p1a: Sneasler|42/100\n|-supereffective|p1a: Sneasler|1\n|-damage|p1a: Sneasler|0 fnt\n|faint|p1a: Sneasler\n|-hitcount|p1: Sneasler|2\n|move|p2a: Floette|Calm Mind|p2a: Floette\n|-boost|p2a: Floette|spa|1\n|-boost|p2a: Floette|spd|1\n|\n|upkeep\n|inactive|jokicbesthorse has 30 seconds left.\n|\n|t:|1776104002\n|switch|p1a: Rotom|Rotom-Wash, L50|100/100\n|turn|3\n|\n|t:|1776104018\n|switch|p2b: Incineroar|Incineroar, L50, F|100/100\n|-ability|p2b: Incineroar|Intimidate|boost\n|-unboost|p1a: Rotom|atk|1\n|-fail|p1b: Dragapult|unboost|[from] ability: Clear Body|[of] p1b: Dragapult\n|move|p1a: Rotom|Electroweb|p2a: Floette|[spread] p2b\n|-miss|p1a: Rotom|p2a: Floette\n|-damage|p2b: Incineroar|84/100\n|-unboost|p2b: Incineroar|spe|1\n|move|p1b: Dragapult|Dragon Dance|p1b: Dragapult\n|-boost|p1b: Dragapult|atk|1\n|-boost|p1b: Dragapult|spe|1\n|move|p2a: Floette|Moonblast|p1a: Rotom\n|-damage|p1a: Rotom|0 fnt\n|faint|p1a: Rotom\n|\n|upkeep\n|\n|t:|1776104035\n|switch|p1a: Delphox|Delphox, L50, F, shiny|100/100\n|turn|4\n|\n|t:|1776104044\n|detailschange|p1a: Delphox|Delphox-Mega, L50, F, shiny\n|-mega|p1a: Delphox|Delphox|Delphoxite\n|move|p2a: Floette|Protect|p2a: Floette\n|-singleturn|p2a: Floette|Protect\n|move|p1b: Dragapult|Phantom Force||[still]\n|-prepare|p1b: Dragapult|Phantom Force\n|move|p1a: Delphox|Focus Blast|p2b: Incineroar\n|-supereffective|p2b: Incineroar|1\n|-enditem|p2b: Incineroar|Chople Berry|[eat]\n|-enditem|p2b: Incineroar|Chople Berry|[weaken]\n|-damage|p2b: Incineroar|40/100\n|move|p2b: Incineroar|Throat Chop|p1b: Dragapult|[miss]\n|-miss|p2b: Incineroar|p1b: Dragapult\n|\n|upkeep\n|turn|5\n|\n|t:|1776104065\n|switch|p2a: Aerodactyl|Aerodactyl, L50, M|22/100\n|-ability|p2a: Aerodactyl|Unnerve\n|move|p1b: Dragapult|Phantom Force|p2a: Aerodactyl|[from] lockedmove\n|-damage|p2a: Aerodactyl|0 fnt\n|faint|p2a: Aerodactyl\n|move|p1a: Delphox|Focus Blast|p2b: Incineroar\n|-supereffective|p2b: Incineroar|1\n|-damage|p2b: Incineroar|0 fnt\n|faint|p2b: Incineroar\n|\n|upkeep\n|\n|t:|1776104074\n|switch|p2a: Floette|Floette-Mega, L50, F|100/100\n|switch|p2b: Kingambit|Kingambit, L50, M|100/100\n|-ability|p2a: Floette|Fairy Aura\n|turn|6\n|\n|t:|1776104097\n|move|p2b: Kingambit|Sucker Punch||[still]\n|-fail|p2b: Kingambit\n|move|p1b: Dragapult|Phantom Force||[still]\n|-prepare|p1b: Dragapult|Phantom Force\n|move|p1a: Delphox|Will-O-Wisp|p2b: Kingambit\n|-status|p2b: Kingambit|brn\n|move|p2a: Floette|Moonblast|p1b: Dragapult|[miss]\n|-miss|p2a: Floette|p1b: Dragapult\n|\n|-damage|p2b: Kingambit|95/100 brn|[from] brn\n|upkeep\n|turn|7\n|\n|t:|1776104110\n|move|p2a: Floette|Protect|p2a: Floette\n|-singleturn|p2a: Floette|Protect\n|move|p2b: Kingambit|Protect|p2b: Kingambit\n|-singleturn|p2b: Kingambit|Protect\n|move|p1b: Dragapult|Phantom Force|p2a: Floette|[from] lockedmove\n|-activate|p2a: Floette|move: Phantom Force|[broken]\n|-damage|p2a: Floette|34/100\n|move|p1a: Delphox|Focus Blast|p2b: Kingambit\n|-activate|p2b: Kingambit|move: Protect\n|\n|-damage|p2b: Kingambit|89/100 brn|[from] brn\n|upkeep\n|turn|8\n|\n|t:|1776104128\n|move|p1a: Delphox|Protect|p1a: Delphox\n|-singleturn|p1a: Delphox|Protect\n|move|p2b: Kingambit|Sucker Punch|p1b: Dragapult\n|-supereffective|p1b: Dragapult|1\n|-damage|p1b: Dragapult|50/100\n|move|p1b: Dragapult|Phantom Force||[still]\n|-prepare|p1b: Dragapult|Phantom Force\n|move|p2a: Floette|Dazzling Gleam|p1a: Delphox|[spread] \n|-miss|p2a: Floette|p1b: Dragapult\n|-activate|p1a: Delphox|move: Protect\n|\n|-damage|p2b: Kingambit|83/100 brn|[from] brn\n|upkeep\n|turn|9\n|\n|t:|1776104143\n|move|p2b: Kingambit|Sucker Punch|p1a: Delphox\n|-supereffective|p1a: Delphox|1\n|-damage|p1a: Delphox|34/100\n|move|p1b: Dragapult|Phantom Force|p2a: Floette|[from] lockedmove\n|-damage|p2a: Floette|0 fnt\n|faint|p2a: Floette\n|move|p1a: Delphox|Focus Blast|p2b: Kingambit|[miss]\n|-miss|p1a: Delphox|p2b: Kingambit\n|\n|-damage|p2b: Kingambit|77/100 brn|[from] brn\n|upkeep\n|turn|10\n|\n|t:|1776104166\n|move|p1a: Delphox|Protect|p1a: Delphox\n|-singleturn|p1a: Delphox|Protect\n|move|p2b: Kingambit|Protect|p2b: Kingambit\n|-singleturn|p2b: Kingambit|Protect\n|move|p1b: Dragapult|Dragon Darts|p2b: Kingambit\n|-activate|p2b: Kingambit|move: Protect\n|\n|-damage|p2b: Kingambit|72/100 brn|[from] brn\n|upkeep\n|turn|11\n|\n|t:|1776104179\n|move|p2b: Kingambit|Sucker Punch||[still]\n|-fail|p2b: Kingambit\n|move|p1b: Dragapult|Dragon Darts|p2b: Kingambit\n|-resisted|p2b: Kingambit|1\n|-damage|p2b: Kingambit|58/100 brn\n|-anim|p1b: Dragapult|Dragon Darts|p2b: Kingambit\n|-resisted|p2b: Kingambit|1\n|-damage|p2b: Kingambit|44/100 brn\n|move|p1a: Delphox|Will-O-Wisp|p2b: Kingambit\n|-fail|p2b: Kingambit|brn\n|\n|-damage|p2b: Kingambit|38/100 brn|[from] brn\n|upkeep\n|turn|12\n|l|\u2606themegaisiug\n|inactive|themegaisiug disconnected and has a minute to reconnect!\n|player|p2|\n|j|\u2606themegaisiug\n|inactive|themegaisiug reconnected and has 50 seconds left.\n|player|p2|themegaisiug|boarder|\n|\n|t:|1776104195\n|move|p2b: Kingambit|Sucker Punch|p1a: Delphox\n|-supereffective|p1a: Delphox|1\n|-damage|p1a: Delphox|0 fnt\n|faint|p1a: Delphox\n|move|p1b: Dragapult|Dragon Darts|p2b: Kingambit\n|-resisted|p2b: Kingambit|1\n|-damage|p2b: Kingambit|25/100 brn\n|-anim|p1b: Dragapult|Dragon Darts|p2b: Kingambit\n|-resisted|p2b: Kingambit|1\n|-damage|p2b: Kingambit|11/100 brn\n|\n|-damage|p2b: Kingambit|5/100 brn|[from] brn\n|upkeep\n|turn|13\n|l|\u2606themegaisiug\n|inactive|themegaisiug disconnected and has a minute to reconnect!\n|player|p2|\n|j|\u2606themegaisiug\n|inactive|themegaisiug reconnected and has 50 seconds left.\n|player|p2|themegaisiug|boarder|\n|\n|t:|1776104206\n|move|p1b: Dragapult|Protect|p1b: Dragapult\n|-singleturn|p1b: Dragapult|Protect\n|move|p2b: Kingambit|Sucker Punch||[still]\n|-fail|p2b: Kingambit\n|\n|-damage|p2b: Kingambit|0 fnt|[from] brn\n|faint|p2b: Kingambit\n|\n|win|jokicbesthorse\n|raw|jokicbesthorse's rating: 1175 &rarr; <strong>1198</strong><br />(+23 for winning)\n|raw|themegaisiug's rating: 1147 &rarr; <strong>1124</strong><br />(-23 for losing)\n",
  "uploadtime": 1776104208,
  "views": 14,
  "formatid": "gen9championsvgc2026regma",
  "rating": 1124,
  "private": 0,
  "password": null
}