{
  "id": "gen9championsvgc2026regma-2582709862",
  "format": "[Gen 9 Champions] VGC 2026 Reg M-A",
  "players": [
    "Cerule",
    "athletic seafood"
  ],
  "log": "|j|\u2606Cerule\n|j|\u2606athletic seafood\n|t:|1776108797\n|gametype|doubles\n|player|p1|Cerule|1|1078\n|player|p2|athletic seafood|colress|1166\n|gen|9\n|tier|[Gen 9 Champions] VGC 2026 Reg M-A\n|rated|\n|rule|Species Clause: Limit one of each Pok\u00e9mon\n|rule|Item Clause: Limit 1 of each item\n|clearpoke\n|poke|p1|Pelipper, L50, M|\n|poke|p1|Archaludon, L50, F|\n|poke|p1|Starmie, L50|\n|poke|p1|Meganium, L50, F|\n|poke|p1|Basculegion-F, L50, F|\n|poke|p1|Vaporeon, L50, F|\n|poke|p2|Incineroar, L50, F|\n|poke|p2|Farigiraf, L50, M|\n|poke|p2|Golurk, L50|\n|poke|p2|Sneasler, L50, M|\n|poke|p2|Torkoal, L50, M|\n|poke|p2|Venusaur, L50, M|\n|teampreview|4\nCerule rejected open team sheets.\n|inactive|Battle timer is ON: inactive players will automatically lose when time's up. (requested by Cerule)\n|\n|t:|1776108840\n|teamsize|p1|4\n|teamsize|p2|4\n|start\n|switch|p1a: Pelipper|Pelipper, L50, M|100/100\n|switch|p1b: Starmie|Starmie, L50|100/100\n|switch|p2a: Incineroar|Incineroar, L50, F|100/100\n|switch|p2b: Farigiraf|Farigiraf, L50, M|100/100\n|-weather|RainDance|[from] ability: Drizzle|[of] p1a: Pelipper\n|-ability|p2a: Incineroar|Intimidate|boost\n|-unboost|p1a: Pelipper|atk|1\n|-unboost|p1b: Starmie|atk|1\n|turn|1\n|\n|t:|1776108858\n|detailschange|p1b: Starmie|Starmie-Mega, L50\n|-mega|p1b: Starmie|Starmie|Starminite\n|move|p1a: Pelipper|Protect|p1a: Pelipper\n|-singleturn|p1a: Pelipper|Protect\n|move|p2a: Incineroar|Fake Out|p1b: Starmie\n|-damage|p1b: Starmie|82/100\n|cant|p1b: Starmie|flinch\n|move|p2b: Farigiraf|Trick Room|p2b: Farigiraf\n|-fieldstart|move: Trick Room|[of] p2b: Farigiraf\n|\n|-weather|RainDance|[upkeep]\n|upkeep\n|turn|2\n|\n|t:|1776108882\n|switch|p1b: Archaludon|Archaludon, L50, F|100/100\n|move|p2b: Farigiraf|Psychic|p1a: Pelipper\n|-damage|p1a: Pelipper|50/100\n|-enditem|p1a: Pelipper|Sitrus Berry|[eat]\n|-heal|p1a: Pelipper|74/100|[from] item: Sitrus Berry\n|move|p2a: Incineroar|Parting Shot|p1a: Pelipper\n|-unboost|p1a: Pelipper|atk|1\n|-unboost|p1a: Pelipper|spa|1\n|\n|t:|1776108891\n|switch|p2a: Golurk|Golurk, L50|100/100|[from] Parting Shot\n|move|p1a: Pelipper|Surf|p2b: Farigiraf|[spread] p1b,p2a,p2b\n|-resisted|p1b: Archaludon|1\n|-supereffective|p2a: Golurk|1\n|-damage|p1b: Archaludon|90/100\n|-damage|p2a: Golurk|53/100\n|-damage|p2b: Farigiraf|79/100\n|-ability|p1b: Archaludon|Stamina|boost\n|-boost|p1b: Archaludon|def|1\n|\n|-weather|RainDance|[upkeep]\n|upkeep\n|turn|3\n|inactive|Cerule has 30 seconds left.\n|\n|t:|1776108919\n|switch|p2b: Torkoal|Torkoal, L50, M|100/100\n|-weather|SunnyDay|[from] ability: Drought|[of] p2b: Torkoal\n|switch|p1a: Vaporeon|Vaporeon, L50, F|100/100\n|detailschange|p2a: Golurk|Golurk-Mega, L50\n|-mega|p2a: Golurk|Golurk|Golurkite\n|move|p2a: Golurk|Headlong Rush|p1b: Archaludon\n|-supereffective|p1b: Archaludon|1\n|-damage|p1b: Archaludon|0 fnt\n|-unboost|p2a: Golurk|def|1\n|-unboost|p2a: Golurk|spd|1\n|faint|p1b: Archaludon\n|\n|-weather|SunnyDay|[upkeep]\n|upkeep\n|\n|t:|1776108933\n|switch|p1b: Pelipper|Pelipper, L50, M|74/100\n|-weather|RainDance|[from] ability: Drizzle|[of] p1b: Pelipper\n|turn|4\n|\n|t:|1776108950\n|switch|p2b: Farigiraf|Farigiraf, L50, M|79/100\n|move|p2a: Golurk|Protect|p2a: Golurk\n|-singleturn|p2a: Golurk|Protect\n|move|p1a: Vaporeon|Substitute|p1a: Vaporeon\n|-start|p1a: Vaporeon|Substitute\n|-damage|p1a: Vaporeon|76/100\n|move|p1b: Pelipper|Surf|p2a: Golurk|[spread] p2b\n|-activate|p2a: Golurk|move: Protect\n|-heal|p1a: Vaporeon|100/100|[from] ability: Water Absorb|[of] p1b: Pelipper\n|-damage|p2b: Farigiraf|52/100\n|\n|-weather|RainDance|[upkeep]\n|upkeep\n|turn|5\n|inactive|Cerule has 30 seconds left.\n|\n|t:|1776108981\n|move|p1b: Pelipper|Protect|p1b: Pelipper\n|-singleturn|p1b: Pelipper|Protect\n|move|p2a: Golurk|Ice Punch|p1b: Pelipper\n|-ability|p2a: Golurk|Unseen Fist\n|-zbroken|p1b: Pelipper\n|-damage|p1b: Pelipper|68/100\n|move|p2b: Farigiraf|Psychic|p1b: Pelipper\n|-activate|p1b: Pelipper|move: Protect\n|move|p1a: Vaporeon|Icy Wind|p2a: Golurk|[spread] p2a,p2b\n|-supereffective|p2a: Golurk|1\n|-damage|p2a: Golurk|24/100\n|-damage|p2b: Farigiraf|42/100\n|-unboost|p2a: Golurk|spe|1\n|-unboost|p2b: Farigiraf|spe|1\n|\n|-weather|RainDance|[upkeep]\n|-fieldend|move: Trick Room\n|upkeep\n|turn|6\n|inactive|Cerule has 30 seconds left.\n|\n|t:|1776109006\n|switch|p2a: Torkoal|Torkoal, L50, M|100/100\n|-weather|SunnyDay|[from] ability: Drought|[of] p2a: Torkoal\n|move|p1b: Pelipper|Surf|p2b: Farigiraf|[spread] p2a,p2b\n|-immune|p1a: Vaporeon|[from] ability: Water Absorb\n|-supereffective|p2a: Torkoal|1\n|-damage|p2a: Torkoal|72/100\n|-damage|p2b: Farigiraf|34/100\n|move|p1a: Vaporeon|Icy Wind|p2a: Torkoal|[spread] p2a,p2b\n|-resisted|p2a: Torkoal|1\n|-crit|p2b: Farigiraf\n|-damage|p2a: Torkoal|65/100\n|-damage|p2b: Farigiraf|20/100\n|-unboost|p2a: Torkoal|spe|1\n|-unboost|p2b: Farigiraf|spe|1\n|move|p2b: Farigiraf|Trick Room|p2b: Farigiraf\n|-fieldstart|move: Trick Room|[of] p2b: Farigiraf\n|\n|-weather|SunnyDay|[upkeep]\n|upkeep\n|turn|7\n|\n|t:|1776109030\n|switch|p1b: Starmie|Starmie-Mega, L50|82/100\n|move|p2b: Farigiraf|Helping Hand|p2a: Torkoal\n|-singleturn|p2a: Torkoal|Helping Hand|[of] p2b: Farigiraf\n|move|p2a: Torkoal|Eruption|p1b: Starmie|[spread] p1a,p1b\n|-resisted|p1a: Vaporeon|1\n|-activate|p1a: Vaporeon|move: Substitute|[damage]\n|-resisted|p1b: Starmie|1\n|-damage|p1b: Starmie|41/100\n|move|p1a: Vaporeon|Yawn|p2a: Torkoal\n|-start|p2a: Torkoal|move: Yawn|[of] p1a: Vaporeon\n|\n|-weather|SunnyDay|[upkeep]\n|upkeep\n|turn|8\n|\n|t:|1776109055\n|switch|p2b: Incineroar|Incineroar, L50, F|100/100\n|-ability|p2b: Incineroar|Intimidate|boost\n|-immune|p1a: Vaporeon\n|-unboost|p1b: Starmie|atk|1\n|switch|p1b: Pelipper|Pelipper, L50, M|68/100\n|-weather|RainDance|[from] ability: Drizzle|[of] p1b: Pelipper\n|move|p2a: Torkoal|Protect|p2a: Torkoal\n|-singleturn|p2a: Torkoal|Protect\n|move|p1a: Vaporeon|Icy Wind|p2a: Torkoal|[spread] \n|-activate|p2a: Torkoal|move: Protect\n|-miss|p1a: Vaporeon|p2b: Incineroar\n|\n|-weather|RainDance|[upkeep]\n|-end|p2a: Torkoal|move: Yawn|[silent]\n|-status|p2a: Torkoal|slp\n|upkeep\n|turn|9\n|inactive|Cerule has 30 seconds left.\n|inactive|athletic seafood has 30 seconds left.\n|\n|t:|1776109088\n|switch|p2a: Golurk|Golurk-Mega, L50|24/100\n|move|p2b: Incineroar|Fake Out|p1b: Pelipper\n|-damage|p1b: Pelipper|58/100\n|move|p1a: Vaporeon|Icy Wind|p2a: Golurk|[spread] p2b\n|-miss|p1a: Vaporeon|p2a: Golurk\n|-resisted|p2b: Incineroar|1\n|-crit|p2b: Incineroar\n|-damage|p2b: Incineroar|94/100\n|-unboost|p2b: Incineroar|spe|1\n|cant|p1b: Pelipper|flinch\n|\n|-weather|RainDance|[upkeep]\n|upkeep\n|turn|10\n|\n|t:|1776109110\n|move|p2b: Incineroar|Darkest Lariat|p1a: Vaporeon\n|-end|p1a: Vaporeon|Substitute\n|move|p2a: Golurk|Headlong Rush|p1a: Vaporeon\n|-damage|p1a: Vaporeon|17/100\n|-unboost|p2a: Golurk|def|1\n|-unboost|p2a: Golurk|spd|1\n|move|p1a: Vaporeon|Flip Turn|p2a: Golurk\n|-supereffective|p2a: Golurk|1\n|-damage|p2a: Golurk|0 fnt\n|faint|p2a: Golurk\n|inactive|Cerule has 30 seconds left.\n|\n|t:|1776109139\n|switch|p1a: Starmie|Starmie-Mega, L50|41/100|[from] Flip Turn\n|move|p1b: Pelipper|Surf|p2b: Incineroar|[spread] p1a,p2b\n|-resisted|p1a: Starmie|1\n|-supereffective|p2b: Incineroar|1\n|-damage|p1a: Starmie|22/100\n|-damage|p2b: Incineroar|36/100\n|\n|-weather|RainDance|[upkeep]\n|-fieldend|move: Trick Room\n|upkeep\n|\n|t:|1776109148\n|switch|p2a: Torkoal|Torkoal, L50, M|65/100 slp\n|-weather|SunnyDay|[from] ability: Drought|[of] p2a: Torkoal\n|turn|11\n|\n|t:|1776109161\n|move|p1a: Starmie|Flip Turn|p2b: Incineroar\n|-supereffective|p2b: Incineroar|1\n|-crit|p2b: Incineroar\n|-damage|p2b: Incineroar|0 fnt\n|faint|p2b: Incineroar\n|\n|t:|1776109166\n|switch|p1a: Vaporeon|Vaporeon, L50, F|17/100|[from] Flip Turn\n|move|p1b: Pelipper|Surf|p2a: Torkoal|[spread] p2a\n|-heal|p1a: Vaporeon|41/100|[from] ability: Water Absorb|[of] p1b: Pelipper\n|-supereffective|p2a: Torkoal|1\n|-damage|p2a: Torkoal|33/100 slp\n|cant|p2a: Torkoal|slp\n|\n|-weather|SunnyDay|[upkeep]\n|-heal|p1a: Vaporeon|47/100|[from] item: Leftovers\n|upkeep\n|-message|athletic seafood forfeited.\n|\n|win|Cerule\n|raw|Cerule's rating: 1078 &rarr; <strong>1113</strong><br />(+35 for winning)\n|raw|athletic seafood's rating: 1166 &rarr; <strong>1135</strong><br />(-31 for losing)\n|c|\u2606Cerule|ggs\n|l|\u2606athletic seafood\n|player|p2|\n",
  "uploadtime": 1776109179,
  "views": 13,
  "formatid": "gen9championsvgc2026regma",
  "rating": 1113,
  "private": 0,
  "password": null
}