{
  "id": "gen9championsvgc2026regma-2588065812",
  "format": "[Gen 9 Champions] VGC 2026 Reg M-A",
  "players": [
    "ghost of chilvary",
    "lumiiine"
  ],
  "log": "|j|\u2606ghost of chilvary\n|j|\u2606lumiiine\n|t:|1776600173\n|gametype|doubles\n|player|p1|ghost of chilvary|cynthia|1089\n|player|p2|lumiiine|101|1000\n|gen|9\n|tier|[Gen 9 Champions] VGC 2026 Reg M-A\n|rated|\n|rule|Species Clause: Limit one of each Pok\u00e9mon\n|rule|Item Clause: Limit 1 of each item\n|clearpoke\n|poke|p1|Victreebel, L50, F|\n|poke|p1|Incineroar, L50, F, shiny|\n|poke|p1|Ninetales, L50, F, shiny|\n|poke|p1|Meganium, L50, F|\n|poke|p1|Whimsicott, L50, F, shiny|\n|poke|p1|Trevenant, L50, F, shiny|\n|poke|p2|Glalie, L50, M|\n|poke|p2|Whimsicott, L50, F|\n|poke|p2|Pelipper, L50, M|\n|poke|p2|Basculegion, L50, M|\n|poke|p2|Incineroar, L50, M|\n|poke|p2|Archaludon, L50, M|\n|teampreview|4\n|\n|t:|1776600197\n|teamsize|p1|4\n|teamsize|p2|4\n|start\n|switch|p1a: Incineroar|Incineroar, L50, F, shiny|100/100\n|switch|p1b: Whimsicott|Whimsicott, L50, F, shiny|100/100\n|switch|p2a: Glalie|Glalie, L50, M|100/100\n|switch|p2b: Whimsicott|Whimsicott, L50, F|100/100\n|-ability|p1a: Incineroar|Intimidate|boost\n|-unboost|p2a: Glalie|atk|1\n|-unboost|p2b: Whimsicott|atk|1\n|turn|1\n|\n|t:|1776600214\n|move|p2a: Glalie|Protect|p2a: Glalie\n|-singleturn|p2a: Glalie|Protect\n|move|p2b: Whimsicott|Tailwind|p2b: Whimsicott\n|-sidestart|p2: lumiiine|move: Tailwind\n|move|p1b: Whimsicott|Tailwind|p1b: Whimsicott\n|-sidestart|p1: ghost of chilvary|move: Tailwind\n|move|p1a: Incineroar|Blaze Kick|p2a: Glalie\n|-activate|p2a: Glalie|move: Protect\n|\n|-ability|p2a: Glalie|Moody|boost\n|-boost|p2a: Glalie|spd|2\n|-unboost|p2a: Glalie|def|1\n|upkeep\n|turn|2\n|\n|t:|1776600237\n|switch|p1b: Ninetales|Ninetales, L50, F, shiny|100/100\n|-weather|SunnyDay|[from] ability: Drought|[of] p1b: Ninetales\n|detailschange|p2a: Glalie|Glalie-Mega, L50, M\n|-mega|p2a: Glalie|Glalie|Glalitite\n|move|p2b: Whimsicott|Encore||[still]\n|-fail|p2b: Whimsicott\n|move|p2a: Glalie|Explosion|p1b: Ninetales|[spread] p2b,p1a,p1b\n|-supereffective|p2b: Whimsicott|1\n|-resisted|p1a: Incineroar|1\n|-resisted|p1b: Ninetales|1\n|-enditem|p2b: Whimsicott|Focus Sash\n|-damage|p2b: Whimsicott|1/100\n|-damage|p1a: Incineroar|58/100\n|-damage|p1b: Ninetales|38/100\n|faint|p2a: Glalie\n|move|p1a: Incineroar|Blaze Kick|p2b: Whimsicott\n|-supereffective|p2b: Whimsicott|1\n|-crit|p2b: Whimsicott\n|-damage|p2b: Whimsicott|0 fnt\n|faint|p2b: Whimsicott\n|\n|-weather|SunnyDay|[upkeep]\n|upkeep\n|\n|t:|1776600254\n|switch|p2b: Incineroar|Incineroar, L50, M|100/100\n|switch|p2a: Archaludon|Archaludon, L50, M|100/100\n|-ability|p2b: Incineroar|Intimidate|boost\n|-unboost|p1a: Incineroar|atk|1\n|-unboost|p1b: Ninetales|atk|1\n|turn|3\n|\n|t:|1776600278\n|move|p1b: Ninetales|Protect|p1b: Ninetales\n|-singleturn|p1b: Ninetales|Protect\n|move|p2b: Incineroar|Fake Out|p1a: Incineroar\n|-damage|p1a: Incineroar|44/100\n|move|p2a: Archaludon|Snarl|p1b: Ninetales|[spread] p1a\n|-activate|p1b: Ninetales|move: Protect\n|-resisted|p1a: Incineroar|1\n|-damage|p1a: Incineroar|37/100\n|-unboost|p1a: Incineroar|spa|1\n|cant|p1a: Incineroar|flinch\n|\n|-weather|SunnyDay|[upkeep]\n|upkeep\n|turn|4\n|l|\u2606lumiiine\n|player|p2|\n|j|\u2606lumiiine\n|player|p2|lumiiine|101|\n|n|\u2606lumiiine|lumiiine\n|inactive|Battle timer is ON: inactive players will automatically lose when time's up. (requested by ghost of chilvary)\n|\n|t:|1776600373\n|move|p1b: Ninetales|Weather Ball|p2a: Archaludon\n|-damage|p2a: Archaludon|5/100\n|-ability|p2a: Archaludon|Stamina|boost\n|-boost|p2a: Archaludon|def|1\n|move|p2a: Archaludon|Dragon Pulse|p1a: Incineroar\n|-damage|p1a: Incineroar|0 fnt\n|faint|p1a: Incineroar\n|move|p2b: Incineroar|Crunch|p1b: Ninetales\n|-damage|p1b: Ninetales|0 fnt\n|faint|p1b: Ninetales\n|\n|-weather|SunnyDay|[upkeep]\n|-heal|p2a: Archaludon|11/100|[from] item: Leftovers\n|-sideend|p2: lumiiine|move: Tailwind\n|-sideend|p1: ghost of chilvary|move: Tailwind\n|upkeep\n|\n|t:|1776600388\n|switch|p1b: Whimsicott|Whimsicott, L50, F, shiny|100/100\n|switch|p1a: Meganium|Meganium, L50, F|100/100\n|turn|5\n|\n|t:|1776600408\n|detailschange|p1a: Meganium|Meganium-Mega, L50, F\n|-mega|p1a: Meganium|Meganium|Meganiumite\n|move|p1a: Meganium|Protect|p1a: Meganium\n|-singleturn|p1a: Meganium|Protect\n|move|p1b: Whimsicott|Tailwind|p1b: Whimsicott\n|-sidestart|p1: ghost of chilvary|move: Tailwind\n|move|p2a: Archaludon|Flash Cannon|p1b: Whimsicott\n|-supereffective|p1b: Whimsicott|1\n|-damage|p1b: Whimsicott|0 fnt\n|faint|p1b: Whimsicott\n|move|p2b: Incineroar|Flare Blitz|p1a: Meganium\n|-activate|p1a: Meganium|move: Protect\n|\n|-weather|SunnyDay|[upkeep]\n|-heal|p2a: Archaludon|17/100|[from] item: Leftovers\n|upkeep\n|turn|6\n|\n|t:|1776600430\n|move|p1a: Meganium|Weather Ball|p2a: Archaludon\n|-damage|p2a: Archaludon|0 fnt\n|faint|p2a: Archaludon\n|move|p2b: Incineroar|Flare Blitz|p1a: Meganium\n|-supereffective|p1a: Meganium|1\n|-damage|p1a: Meganium|0 fnt\n|faint|p1a: Meganium\n|-damage|p2b: Incineroar|64/100|[from] Recoil\n|\n|win|lumiiine\n|raw|ghost of chilvary's rating: 1089 &rarr; <strong>1060</strong><br />(-29 for losing)\n|raw|lumiiine's rating: 1000 &rarr; <strong>1050</strong><br />(+50 for winning)\n|l|\u2606ghost of chilvary\n|player|p1|\n|c|\u2606lumiiine|ggs\n",
  "uploadtime": 1776600449,
  "views": 21,
  "formatid": "gen9championsvgc2026regma",
  "rating": 1050,
  "private": 0,
  "password": null
}