{
  "id": "gen9championsvgc2026regma-2584735625",
  "format": "[Gen 9 Champions] VGC 2026 Reg M-A",
  "players": [
    "yinyangchu",
    "jbest15"
  ],
  "log": "|j|\u2606yinyangchu\n|j|\u2606jbest15\n|t:|1776279998\n|gametype|doubles\n|player|p1|yinyangchu|170|1121\n|player|p2|jbest15|170|1078\n|gen|9\n|tier|[Gen 9 Champions] VGC 2026 Reg M-A\n|rated|\n|rule|Species Clause: Limit one of each Pok\u00e9mon\n|rule|Item Clause: Limit 1 of each item\n|clearpoke\n|poke|p1|Tyranitar, L50, M|\n|poke|p1|Aerodactyl, L50, M|\n|poke|p1|Palafin, L50, M|\n|poke|p1|Arcanine-Hisui, L50, F|\n|poke|p1|Excadrill, L50, M|\n|poke|p1|Meganium, L50, F|\n|poke|p2|Whimsicott, L50, M|\n|poke|p2|Conkeldurr, L50, F|\n|poke|p2|Incineroar, L50, M|\n|poke|p2|Farigiraf, L50, M|\n|poke|p2|Milotic, L50, M|\n|poke|p2|Venusaur, L50, F|\n|teampreview|4\n|inactive|Battle timer is ON: inactive players will automatically lose when time's up. (requested by jbest15)\njbest15 rejected open team sheets.\n|inactive|yinyangchu has 60 seconds left.\n|inactive|yinyangchu has 30 seconds left.\n|inactive|yinyangchu has 20 seconds left.\n|inactive|yinyangchu has 15 seconds left.\n|inactive|yinyangchu has 10 seconds left.\n|inactive|yinyangchu has 5 seconds left.\n|\n|t:|1776280120\n|teamsize|p1|4\n|teamsize|p2|4\n|start\n|switch|p1a: Palafin|Palafin, L50, M|100/100\n|switch|p1b: Meganium|Meganium, L50, F|100/100\n|switch|p2a: Milotic|Milotic, L50, M|100/100\n|switch|p2b: Farigiraf|Farigiraf, L50, M|100/100\n|turn|1\n|\n|t:|1776280139\n|detailschange|p1b: Meganium|Meganium-Mega, L50, F\n|-mega|p1b: Meganium|Meganium|Meganiumite\n|move|p1a: Palafin|Flip Turn|p2b: Farigiraf\n|-damage|p2b: Farigiraf|79/100\n|\n|t:|1776280151\n|detailschange|p1a: Palafin|Palafin-Hero, L50, M\n|switch|p1a: Aerodactyl|Aerodactyl, L50, M|100/100|[from] Flip Turn\n|-ability|p1a: Aerodactyl|Unnerve\n|move|p2a: Milotic|Scald|p1a: Aerodactyl\n|-supereffective|p1a: Aerodactyl|1\n|-enditem|p1a: Aerodactyl|Passho Berry|[eat]\n|-enditem|p1a: Aerodactyl|Passho Berry|[weaken]\n|-damage|p1a: Aerodactyl|64/100\n|-status|p1a: Aerodactyl|brn\n|move|p1b: Meganium|Solar Beam||[still]\n|-prepare|p1b: Meganium|Solar Beam\n|-activate|p1b: Meganium|ability: Mega Sol\n|-anim|p1b: Meganium|Solar Beam|p2a: Milotic\n|-supereffective|p2a: Milotic|1\n|-damage|p2a: Milotic|10/100\n|move|p2b: Farigiraf|Trick Room|p2b: Farigiraf\n|-fieldstart|move: Trick Room|[of] p2b: Farigiraf\n|\n|-damage|p1a: Aerodactyl|58/100 brn|[from] brn\n|upkeep\n|turn|2\n|inactive|yinyangchu has 30 seconds left.\n|inactive|jbest15 has 30 seconds left.\n|inactive|yinyangchu has 20 seconds left.\n|\n|t:|1776280186\n|move|p1a: Aerodactyl|Protect|p1a: Aerodactyl\n|-singleturn|p1a: Aerodactyl|Protect\n|move|p2b: Farigiraf|Hyper Voice|p1b: Meganium|[spread] p1b\n|-activate|p1a: Aerodactyl|move: Protect\n|-damage|p1b: Meganium|74/100\n|move|p1b: Meganium|Dazzling Gleam|p2b: Farigiraf|[spread] p2a,p2b\n|-damage|p2a: Milotic|0 fnt\n|-damage|p2b: Farigiraf|40/100\n|faint|p2a: Milotic\n|\n|-damage|p1a: Aerodactyl|52/100 brn|[from] brn\n|upkeep\n|\n|t:|1776280201\n|switch|p2a: Conkeldurr|Conkeldurr, L50, F|100/100\n|turn|3\n|inactive|yinyangchu has 30 seconds left.\n|\n|t:|1776280229\n|switch|p1a: Palafin|Palafin-Hero, L50, M|100/100\n|-activate|p1a: Palafin|ability: Zero to Hero\n|move|p2a: Conkeldurr|Drain Punch|p1a: Palafin\n|-damage|p1a: Palafin|53/100\n|move|p2b: Farigiraf|Hyper Voice|p1b: Meganium|[spread] p1a,p1b\n|-damage|p1a: Palafin|23/100\n|-damage|p1b: Meganium|47/100\n|move|p1b: Meganium|Dazzling Gleam|p2a: Conkeldurr|[spread] p2a,p2b\n|-supereffective|p2a: Conkeldurr|1\n|-damage|p2a: Conkeldurr|20/100\n|-damage|p2b: Farigiraf|4/100\n|\n|-heal|p2a: Conkeldurr|26/100|[from] item: Leftovers\n|upkeep\n|turn|4\n|inactive|yinyangchu has 30 seconds left.\n|\n|t:|1776280259\n|switch|p1a: Aerodactyl|Aerodactyl, L50, M|52/100 brn\n|-ability|p1a: Aerodactyl|Unnerve\n|move|p2a: Conkeldurr|Drain Punch|p1a: Aerodactyl\n|-damage|p1a: Aerodactyl|0 fnt\n|-heal|p2a: Conkeldurr|48/100|[from] drain|[of] p1a: Aerodactyl\n|faint|p1a: Aerodactyl\n|move|p2b: Farigiraf|Hyper Voice|p1b: Meganium\n|-damage|p1b: Meganium|7/100\n|move|p1b: Meganium|Synthesis|p1b: Meganium\n|-heal|p1b: Meganium|74/100\n|\n|-heal|p2a: Conkeldurr|54/100|[from] item: Leftovers\n|upkeep\n|\n|t:|1776280272\n|switch|p1a: Excadrill|Excadrill, L50, M|100/100\n|turn|5\n|\n|t:|1776280288\n|move|p1a: Excadrill|Protect|p1a: Excadrill\n|-singleturn|p1a: Excadrill|Protect\n|move|p2a: Conkeldurr|Drain Punch|p1b: Meganium\n|-resisted|p1b: Meganium|1\n|-damage|p1b: Meganium|56/100\n|-heal|p2a: Conkeldurr|61/100|[from] drain|[of] p1b: Meganium\n|move|p2b: Farigiraf|Hyper Voice|p1a: Excadrill|[spread] p1b\n|-activate|p1a: Excadrill|move: Protect\n|-damage|p1b: Meganium|26/100\n|move|p1b: Meganium|Synthesis|p1b: Meganium\n|-heal|p1b: Meganium|93/100\n|\n|-heal|p2a: Conkeldurr|67/100|[from] item: Leftovers\n|-fieldend|move: Trick Room\n|upkeep\n|turn|6\n|inactive|jbest15 has 30 seconds left.\n|inactive|jbest15 has 20 seconds left.\n|inactive|yinyangchu has 30 seconds left.\n|\n|t:|1776280334\n|move|p2a: Conkeldurr|Mach Punch|p1a: Excadrill\n|-supereffective|p1a: Excadrill|1\n|-damage|p1a: Excadrill|42/100\n|move|p1a: Excadrill|Earthquake|p2a: Conkeldurr|[spread] p1b,p2a,p2b\n|-resisted|p1b: Meganium|1\n|-damage|p1b: Meganium|74/100\n|-damage|p2a: Conkeldurr|32/100\n|-damage|p2b: Farigiraf|0 fnt\n|faint|p2b: Farigiraf\n|move|p1b: Meganium|Dazzling Gleam|p2a: Conkeldurr\n|-supereffective|p2a: Conkeldurr|1\n|-damage|p2a: Conkeldurr|0 fnt\n|faint|p2a: Conkeldurr\n|\n|upkeep\n|\n|t:|1776280345\n|switch|p2a: Venusaur|Venusaur, L50, F|100/100\n|turn|7\n|\n|t:|1776280367\n|detailschange|p2a: Venusaur|Venusaur-Mega, L50, F\n|-mega|p2a: Venusaur|Venusaur|Venusaurite\n|move|p1a: Excadrill|Earthquake|p2a: Venusaur|[spread] p1b,p2a\n|-resisted|p1b: Meganium|1\n|-crit|p2a: Venusaur\n|-damage|p1b: Meganium|54/100\n|-damage|p2a: Venusaur|58/100\n|move|p1b: Meganium|Weather Ball|p2a: Venusaur\n|-supereffective|p2a: Venusaur|1\n|-damage|p2a: Venusaur|8/100\n|move|p2a: Venusaur|Leech Seed|p1a: Excadrill|[miss]\n|-miss|p2a: Venusaur|p1a: Excadrill\n|\n|upkeep\n|turn|8\n|-message|jbest15 forfeited.\n|\n|win|yinyangchu\n|raw|yinyangchu's rating: 1121 &rarr; <strong>1143</strong><br />(+22 for winning)\n|raw|jbest15's rating: 1078 &rarr; <strong>1059</strong><br />(-19 for losing)\n|l|\u2606jbest15\n|player|p2|\n",
  "uploadtime": 1776280379,
  "views": 16,
  "formatid": "gen9championsvgc2026regma",
  "rating": 1059,
  "private": 0,
  "password": null
}