{
  "id": "gen9championsvgc2026regma-2581441623",
  "format": "[Gen 9 Champions] VGC 2026 Reg M-A",
  "players": [
    "DerpCoach",
    "imfinking"
  ],
  "log": "|j|\u2606DerpCoach\n|j|\u2606imfinking\n|t:|1776000762\n|gametype|doubles\n|player|p1|DerpCoach|170|1108\n|player|p2|imfinking|sada|1103\n|gen|9\n|tier|[Gen 9 Champions] VGC 2026 Reg M-A\n|rated|\n|rule|Species Clause: Limit one of each Pok\u00e9mon\n|rule|Item Clause: Limit 1 of each item\n|clearpoke\n|poke|p1|Gardevoir, L50, F|\n|poke|p1|Farigiraf, L50, M|\n|poke|p1|Sneasler, L50, M|\n|poke|p1|Garchomp, L50, F|\n|poke|p1|Kingambit, L50, M|\n|poke|p1|Arcanine-Hisui, L50, M|\n|poke|p2|Venusaur, L50, M|\n|poke|p2|Farigiraf, L50, M|\n|poke|p2|Golurk, L50|\n|poke|p2|Charizard, L50, M|\n|poke|p2|Torkoal, L50, M|\n|poke|p2|Incineroar, L50, M|\n|teampreview|4\nDerpCoach has agreed to open team sheets.\n|\n|t:|1776000837\n|teamsize|p1|4\n|teamsize|p2|4\n|start\n|switch|p1a: Gardevoir|Gardevoir, L50, F|100/100\n|switch|p1b: Arcanine|Arcanine-Hisui, L50, M|100/100\n|switch|p2a: PING AS|Incineroar, L50, M|100/100\n|switch|p2b: he stole my drinky|Farigiraf, L50, M|100/100\n|-ability|p1b: Arcanine|Intimidate|boost\n|-unboost|p2a: PING AS|atk|1\n|-unboost|p2b: he stole my drinky|atk|1\n|-ability|p2a: PING AS|Intimidate|boost\n|-unboost|p1a: Gardevoir|atk|1\n|-unboost|p1b: Arcanine|atk|1\n|-ability|p1a: Gardevoir|Intimidate|Trace|[from] ability: Trace|[of] p2a: PING AS\n|-ability|p1a: Gardevoir|Intimidate|boost\n|-unboost|p2a: PING AS|atk|1\n|-unboost|p2b: he stole my drinky|atk|1\n|turn|1\n|\n|t:|1776000866\n|switch|p1b: Kingambit|Kingambit, L50, M|100/100\n|detailschange|p1a: Gardevoir|Gardevoir-Mega, L50, F\n|-mega|p1a: Gardevoir|Gardevoir|Gardevoirite\n|move|p2a: PING AS|Fake Out|p1b: Kingambit\n|-resisted|p1b: Kingambit|1\n|-damage|p1b: Kingambit|98/100\n|move|p1a: Gardevoir|Hyper Voice|p2b: he stole my drinky|[spread] p2a,p2b\n|-damage|p2a: PING AS|49/100\n|-damage|p2b: he stole my drinky|56/100\n|-enditem|p2a: PING AS|Sitrus Berry|[eat]\n|-heal|p2a: PING AS|73/100|[from] item: Sitrus Berry\n|move|p2b: he stole my drinky|Trick Room|p2b: he stole my drinky\n|-fieldstart|move: Trick Room|[of] p2b: he stole my drinky\n|\n|-heal|p2b: he stole my drinky|62/100|[from] item: Leftovers\n|upkeep\n|turn|2\n|\n|t:|1776000894\n|move|p1b: Kingambit|Kowtow Cleave|p2b: he stole my drinky\n|-supereffective|p2b: he stole my drinky|1\n|-damage|p2b: he stole my drinky|0 fnt\n|faint|p2b: he stole my drinky\n|move|p2a: PING AS|Flare Blitz|p1b: Kingambit\n|-supereffective|p1b: Kingambit|1\n|-damage|p1b: Kingambit|62/100\n|-damage|p2a: PING AS|61/100|[from] Recoil\n|move|p1a: Gardevoir|Hyper Voice|p2a: PING AS\n|-damage|p2a: PING AS|0 fnt\n|faint|p2a: PING AS\n|\n|upkeep\n|\n|t:|1776000905\n|switch|p2b: or is it the bagel|Torkoal, L50, M|100/100\n|switch|p2a: you must die|Golurk, L50|100/100\n|-weather|SunnyDay|[from] ability: Drought|[of] p2b: or is it the bagel\n|turn|3\n|j| Mochuelo70\n|\n|t:|1776000929\n|detailschange|p2a: you must die|Golurk-Mega, L50\n|-mega|p2a: you must die|Golurk|Golurkite\n|move|p1a: Gardevoir|Protect|p1a: Gardevoir\n|-singleturn|p1a: Gardevoir|Protect\n|move|p2b: or is it the bagel|Eruption|p1a: Gardevoir|[spread] p1b\n|-activate|p1a: Gardevoir|move: Protect\n|-supereffective|p1b: Kingambit|1\n|-damage|p1b: Kingambit|0 fnt\n|faint|p1b: Kingambit\n|move|p2a: you must die|Headlong Rush|p1a: Gardevoir\n|-ability|p2a: you must die|Unseen Fist\n|-zbroken|p1a: Gardevoir\n|-damage|p1a: Gardevoir|73/100\n|-unboost|p2a: you must die|def|1\n|-unboost|p2a: you must die|spd|1\n|\n|-weather|SunnyDay|[upkeep]\n|upkeep\n|\n|t:|1776000976\n|switch|p1b: Garchomp|Garchomp, L50, F|100/100\n|turn|4\n|\n|t:|1776000991\n|move|p2b: or is it the bagel|Eruption|p1a: Gardevoir|[spread] p1a,p1b\n|-resisted|p1b: Garchomp|1\n|-damage|p1a: Gardevoir|13/100\n|-damage|p1b: Garchomp|57/100\n|move|p2a: you must die|Headlong Rush|p1b: Garchomp\n|-damage|p1b: Garchomp|0 fnt\n|-unboost|p2a: you must die|def|1\n|-unboost|p2a: you must die|spd|1\n|-damage|p2a: you must die|88/100|[from] ability: Rough Skin|[of] p1b: Garchomp\n|faint|p1b: Garchomp\n|move|p1a: Gardevoir|Hyper Voice|p2b: or is it the bagel|[spread] p2a,p2b\n|-resisted|p2b: or is it the bagel|1\n|-damage|p2a: you must die|0 fnt\n|-damage|p2b: or is it the bagel|57/100\n|faint|p2a: you must die\n|\n|-weather|SunnyDay|[upkeep]\n|upkeep\n|\n|t:|1776001009\n|switch|p1b: Arcanine|Arcanine-Hisui, L50, M|100/100\n|-ability|p1b: Arcanine|Intimidate|boost\n|-unboost|p2b: or is it the bagel|atk|1\n|turn|5\n|\n|t:|1776001015\n|move|p1a: Gardevoir|Protect|p1a: Gardevoir\n|-singleturn|p1a: Gardevoir|Protect\n|move|p1b: Arcanine|Protect|p1b: Arcanine\n|-singleturn|p1b: Arcanine|Protect\n|move|p2b: or is it the bagel|Body Press|p1b: Arcanine\n|-activate|p1b: Arcanine|move: Protect\n|\n|-weather|SunnyDay|[upkeep]\n|-fieldend|move: Trick Room\n|upkeep\n|turn|6\n|\n|t:|1776001022\n|move|p1b: Arcanine|Rock Slide|p2b: or is it the bagel\n|-supereffective|p2b: or is it the bagel|1\n|-damage|p2b: or is it the bagel|19/100\n|move|p1a: Gardevoir|Psychic|p2b: or is it the bagel\n|-damage|p2b: or is it the bagel|0 fnt\n|faint|p2b: or is it the bagel\n|\n|win|DerpCoach\n|raw|DerpCoach's rating: 1108 &rarr; <strong>1133</strong><br />(+25 for winning)\n|raw|imfinking's rating: 1103 &rarr; <strong>1078</strong><br />(-25 for losing)\n|l|\u2606imfinking\n|player|p2|\n",
  "uploadtime": 1776001026,
  "views": 25,
  "formatid": "gen9championsvgc2026regma",
  "rating": 1078,
  "private": 0,
  "password": null
}