{
  "id": "gen9championsvgc2026regma-2582636328",
  "format": "[Gen 9 Champions] VGC 2026 Reg M-A",
  "players": [
    "godv10",
    "Kalaphant"
  ],
  "log": "|j|\u2606godv10\n|j|\u2606Kalaphant\n|t:|1776104091\n|gametype|doubles\n|player|p1|godv10|1|1197\n|player|p2|Kalaphant|1|1138\n|gen|9\n|tier|[Gen 9 Champions] VGC 2026 Reg M-A\n|rated|\n|rule|Species Clause: Limit one of each Pok\u00e9mon\n|rule|Item Clause: Limit 1 of each item\n|clearpoke\n|poke|p1|Delphox, L50, F|\n|poke|p1|Basculegion, L50, M|\n|poke|p1|Clefable, L50, F|\n|poke|p1|Kingambit, L50, M|\n|poke|p1|Dragonite, L50, F|\n|poke|p1|Sneasler, L50, M|\n|poke|p2|Gengar, L50, M|\n|poke|p2|Politoed, L50, M|\n|poke|p2|Whimsicott, L50, M|\n|poke|p2|Incineroar, L50, F|\n|poke|p2|Charizard, L50, M|\n|poke|p2|Sneasler, L50, M|\n|teampreview|4\n|inactive|Battle timer is ON: inactive players will automatically lose when time's up. (requested by Kalaphant)\n|inactive|godv10 also wants the timer to be on.\n|c|\u2606Kalaphant|glhf\nKalaphant has agreed to open team sheets.\n|c|\u2606godv10|gl\n|\n|t:|1776104111\n|teamsize|p1|4\n|teamsize|p2|4\n|start\n|switch|p1a: Delphox|Delphox, L50, F|100/100\n|switch|p1b: Basculegion|Basculegion, L50, M|100/100\n|switch|p2a: Gengar|Gengar, L50, M|100/100\n|switch|p2b: Incineroar|Incineroar, L50, F|100/100\n|-ability|p2b: Incineroar|Intimidate|boost\n|-unboost|p1a: Delphox|atk|1\n|-unboost|p1b: Basculegion|atk|1\n|turn|1\n|inactive|Kalaphant has 30 seconds left.\n|inactive|godv10 has 30 seconds left.\n|\n|t:|1776104143\n|switch|p2a: Whimsicott|Whimsicott, L50, M|100/100\n|move|p1a: Delphox|Protect|p1a: Delphox\n|-singleturn|p1a: Delphox|Protect\n|move|p1b: Basculegion|Wave Crash|p2b: Incineroar\n|-supereffective|p2b: Incineroar|1\n|-damage|p2b: Incineroar|21/100\n|-damage|p1b: Basculegion|73/100|[from] Recoil\n|move|p2b: Incineroar|Throat Chop|p1b: Basculegion\n|-supereffective|p1b: Basculegion|1\n|-damage|p1b: Basculegion|0 fnt\n|faint|p1b: Basculegion\n|\n|upkeep\n|\n|t:|1776104157\n|switch|p1b: Sneasler|Sneasler, L50, M|100/100\n|turn|2\n|\n|t:|1776104170\n|detailschange|p1a: Delphox|Delphox-Mega, L50, F\n|-mega|p1a: Delphox|Delphox|Delphoxite\n|move|p1b: Sneasler|Fake Out|p2a: Whimsicott\n|-damage|p2a: Whimsicott|86/100\n|cant|p2a: Whimsicott|flinch\n|move|p1a: Delphox|Heat Wave|p2b: Incineroar|[spread] p2a,p2b\n|-supereffective|p2a: Whimsicott|1\n|-resisted|p2b: Incineroar|1\n|-damage|p2a: Whimsicott|0 fnt\n|-damage|p2b: Incineroar|3/100\n|faint|p2a: Whimsicott\n|move|p2b: Incineroar|Parting Shot|p1b: Sneasler\n|-unboost|p1b: Sneasler|atk|1\n|-unboost|p1b: Sneasler|spa|1\n|\n|t:|1776104192\n|switch|p2b: Gengar|Gengar, L50, M|100/100|[from] Parting Shot\n|\n|upkeep\n|\n|t:|1776104195\n|switch|p2a: Incineroar|Incineroar, L50, F|3/100\n|-ability|p2a: Incineroar|Intimidate|boost\n|-unboost|p1a: Delphox|atk|1\n|-unboost|p1b: Sneasler|atk|1\n|turn|3\n|\n|t:|1776104217\n|detailschange|p2b: Gengar|Gengar-Mega, L50, M\n|-mega|p2b: Gengar|Gengar|Gengarite\n|move|p1a: Delphox|Protect|p1a: Delphox\n|-singleturn|p1a: Delphox|Protect\n|move|p2a: Incineroar|Fake Out|p1b: Sneasler\n|-damage|p1b: Sneasler|84/100\n|cant|p1b: Sneasler|flinch\n|move|p2b: Gengar|Perish Song|p2b: Gengar\n|-start|p1a: Delphox|perish3|[silent]\n|-start|p1b: Sneasler|perish3|[silent]\n|-start|p2a: Incineroar|perish3|[silent]\n|-start|p2b: Gengar|perish3|[silent]\n|-fieldactivate|move: Perish Song\n|\n|-start|p1a: Delphox|perish3\n|-start|p1b: Sneasler|perish3\n|-start|p2b: Gengar|perish3\n|-start|p2a: Incineroar|perish3\n|upkeep\n|turn|4\n|\n|t:|1776104242\n|move|p2b: Gengar|Protect|p2b: Gengar\n|-singleturn|p2b: Gengar|Protect\n|move|p1a: Delphox|Psychic|p2b: Gengar\n|-activate|p2b: Gengar|move: Protect\n|move|p1b: Sneasler|Dire Claw|p2a: Incineroar\n|-damage|p2a: Incineroar|0 fnt\n|faint|p2a: Incineroar\n|\n|-start|p1a: Delphox|perish2\n|-start|p1b: Sneasler|perish2\n|-start|p2b: Gengar|perish2\n|upkeep\n|\n|t:|1776104254\n|switch|p2a: Politoed|Politoed, L50, M|100/100\n|-weather|RainDance|[from] ability: Drizzle|[of] p2a: Politoed\n|turn|5\n|\n|t:|1776104276\n|move|p2a: Politoed|Protect|p2a: Politoed\n|-singleturn|p2a: Politoed|Protect\n|move|p1a: Delphox|Psychic|p2b: Gengar\n|-supereffective|p2b: Gengar|1\n|-crit|p2b: Gengar\n|-damage|p2b: Gengar|0 fnt\n|faint|p2b: Gengar\n|move|p1b: Sneasler|Dire Claw|p2a: Politoed\n|-activate|p2a: Politoed|move: Protect\n|\n|-weather|RainDance|[upkeep]\n|-start|p1a: Delphox|perish1\n|-start|p1b: Sneasler|perish1\n|upkeep\n|turn|6\n|\n|t:|1776104293\n|switch|p1a: Clefable|Clefable, L50, F|100/100\n|move|p1b: Sneasler|Close Combat|p2a: Politoed\n|-damage|p2a: Politoed|74/100\n|-unboost|p1b: Sneasler|def|1\n|-unboost|p1b: Sneasler|spd|1\n|move|p2a: Politoed|Weather Ball|p1a: Clefable\n|-damage|p1a: Clefable|56/100\n|\n|-weather|RainDance|[upkeep]\n|-start|p1b: Sneasler|perish0\n|upkeep\n|faint|p1b: Sneasler\n|\n|t:|1776104304\n|switch|p1b: Delphox|Delphox-Mega, L50, F|100/100\n|turn|7\n|\n|t:|1776104310\n|move|p1a: Clefable|Follow Me|p1a: Clefable\n|-singleturn|p1a: Clefable|move: Follow Me\n|move|p1b: Delphox|Psychic|p2a: Politoed\n|-damage|p2a: Politoed|33/100\n|-enditem|p2a: Politoed|Sitrus Berry|[eat]\n|-heal|p2a: Politoed|58/100|[from] item: Sitrus Berry\n|move|p2a: Politoed|Perish Song|p2a: Politoed\n|-start|p1a: Clefable|perish3|[silent]\n|-start|p1b: Delphox|perish3|[silent]\n|-start|p2a: Politoed|perish3|[silent]\n|-fieldactivate|move: Perish Song\n|\n|-weather|RainDance|[upkeep]\n|-start|p1b: Delphox|perish3\n|-start|p2a: Politoed|perish3\n|-start|p1a: Clefable|perish3\n|upkeep\n|turn|8\n|\n|t:|1776104326\n|move|p2a: Politoed|Protect|p2a: Politoed\n|-singleturn|p2a: Politoed|Protect\n|move|p1a: Clefable|Follow Me|p1a: Clefable\n|-singleturn|p1a: Clefable|move: Follow Me\n|move|p1b: Delphox|Psychic|p2a: Politoed\n|-activate|p2a: Politoed|move: Protect\n|\n|-weather|RainDance|[upkeep]\n|-start|p1b: Delphox|perish2\n|-start|p2a: Politoed|perish2\n|-start|p1a: Clefable|perish2\n|upkeep\n|turn|9\n|inactive|Kalaphant has 30 seconds left.\n|\n|t:|1776104351\n|move|p1a: Clefable|Helping Hand|p1b: Delphox\n|-singleturn|p1b: Delphox|Helping Hand|[of] p1a: Clefable\n|move|p2a: Politoed|Protect||[still]\n|-fail|p2a: Politoed\n|move|p1b: Delphox|Psychic|p2a: Politoed\n|-damage|p2a: Politoed|0 fnt\n|faint|p2a: Politoed\n|\n|win|godv10\n|raw|godv10's rating: 1197 &rarr; <strong>1218</strong><br />(+21 for winning)\n|raw|Kalaphant's rating: 1138 &rarr; <strong>1117</strong><br />(-21 for losing)\n",
  "uploadtime": 1776104352,
  "views": 18,
  "formatid": "gen9championsvgc2026regma",
  "rating": 1117,
  "private": 0,
  "password": null
}