{
  "id": "gen9championsvgc2026regma-2582985797",
  "format": "[Gen 9 Champions] VGC 2026 Reg M-A",
  "players": [
    "Zhm/r",
    "PentaKillMew"
  ],
  "log": "|j|\u2606Zhm/r\n|j|\u2606PentaKillMew\n|t:|1776130893\n|gametype|doubles\n|player|p1|Zhm/r|clown|1172\n|player|p2|PentaKillMew|102|1159\n|gen|9\n|tier|[Gen 9 Champions] VGC 2026 Reg M-A\n|rated|\n|rule|Species Clause: Limit one of each Pok\u00e9mon\n|rule|Item Clause: Limit 1 of each item\n|clearpoke\n|poke|p1|Aggron, L50, F|\n|poke|p1|Slowbro, L50, F|\n|poke|p1|Incineroar, L50, M|\n|poke|p1|Sinistcha, L50|\n|poke|p1|Garchomp, L50, F|\n|poke|p1|Tyranitar, L50, M|\n|poke|p2|Alakazam, L50, F|\n|poke|p2|Meowstic, L50, M|\n|poke|p2|Sneasler, L50, M|\n|poke|p2|Sinistcha, L50|\n|poke|p2|Floette-Eternal, L50, F|\n|poke|p2|Garchomp, L50, F|\n|teampreview|4\n|\n|t:|1776130928\n|teamsize|p1|4\n|teamsize|p2|4\n|start\n|switch|p1a: Aggron|Aggron, L50, F|100/100\n|switch|p1b: Slowbro|Slowbro, L50, F|100/100\n|switch|p2a: Meowstic|Meowstic, L50, M|100/100\n|switch|p2b: Alakazam|Alakazam, L50, F|100/100\n|turn|1\n|\n|t:|1776130946\n|detailschange|p2b: Alakazam|Alakazam-Mega, L50, F\n|-mega|p2b: Alakazam|Alakazam|Alakazite\n|-ability|p2b: Alakazam|Regenerator|Trace|[from] ability: Trace|[of] p1b: Slowbro\n|detailschange|p1a: Aggron|Aggron-Mega, L50, F\n|-mega|p1a: Aggron|Aggron|Aggronite\n|move|p2a: Meowstic|Imprison|p2a: Meowstic\n|-start|p2a: Meowstic|move: Imprison\n|move|p2b: Alakazam|Focus Blast|p1a: Aggron\n|-supereffective|p1a: Aggron|1\n|-damage|p1a: Aggron|30/100\n|move|p1a: Aggron|Heavy Slam|p2a: Meowstic\n|-damage|p2a: Meowstic|11/100\n|cant|p1b: Slowbro|move: Imprison|Trick Room\n|\n|upkeep\n|turn|2\n|\n|t:|1776130997\n|switch|p1a: Sinistcha|Sinistcha, L50|100/100\n|move|p2a: Meowstic|Psychic Terrain|p2a: Meowstic\n|-fieldstart|move: Psychic Terrain\n|move|p2b: Alakazam|Expanding Force|p1a: Sinistcha|[spread] p1a,p1b\n|-resisted|p1b: Slowbro|1\n|-damage|p1a: Sinistcha|35/100\n|-damage|p1b: Slowbro|74/100\n|-enditem|p1a: Sinistcha|Sitrus Berry|[eat]\n|-heal|p1a: Sinistcha|59/100|[from] item: Sitrus Berry\n|move|p1b: Slowbro|Light Screen|p1b: Slowbro\n|-sidestart|p1: Zhm/r|move: Light Screen\n|\n|-heal|p1b: Slowbro|80/100|[from] item: Leftovers\n|upkeep\n|turn|3\n|\n|t:|1776131012\n|move|p2b: Alakazam|Calm Mind|p2b: Alakazam\n|-boost|p2b: Alakazam|spa|1\n|-boost|p2b: Alakazam|spd|1\n|move|p2a: Meowstic|Expanding Force|p1a: Sinistcha|[spread] p1a,p1b\n|-resisted|p1b: Slowbro|1\n|-damage|p1a: Sinistcha|33/100\n|-damage|p1b: Slowbro|68/100\n|move|p1a: Sinistcha|Shadow Ball|p2b: Alakazam\n|-supereffective|p2b: Alakazam|1\n|-damage|p2b: Alakazam|49/100\n|-unboost|p2b: Alakazam|spd|1\n|move|p1b: Slowbro|Scald|p2a: Meowstic\n|-damage|p2a: Meowstic|0 fnt\n|faint|p2a: Meowstic\n|\n|-heal|p1b: Slowbro|74/100|[from] item: Leftovers\n|upkeep\n|\n|t:|1776131022\n|switch|p2a: Sinistcha|Sinistcha, L50|100/100\n|-heal|p2b: Alakazam|74/100|[from] ability: Hospitality|[of] p2a: Sinistcha\n|turn|4\n|\n|t:|1776131038\n|switch|p1b: Incineroar|Incineroar, L50, M|100/100\n|-ability|p1b: Incineroar|Intimidate|boost\n|-unboost|p2a: Sinistcha|atk|1\n|-unboost|p2b: Alakazam|atk|1\n|move|p2b: Alakazam|Expanding Force|p1a: Sinistcha|[spread] p1a\n|-immune|p1b: Incineroar\n|-damage|p1a: Sinistcha|0 fnt\n|faint|p1a: Sinistcha\n|move|p2a: Sinistcha|Matcha Gotcha|p1b: Incineroar\n|-resisted|p1b: Incineroar|1\n|-damage|p1b: Incineroar|89/100\n|\n|upkeep\n|\n|t:|1776131053\n|switch|p1a: Aggron|Aggron-Mega, L50, F|30/100\n|turn|5\n|\n|t:|1776131068\n|move|p1a: Aggron|Protect|p1a: Aggron\n|-singleturn|p1a: Aggron|Protect\n|move|p2b: Alakazam|Expanding Force|p1b: Incineroar|[spread] \n|-activate|p1a: Aggron|move: Protect\n|-immune|p1b: Incineroar\n|move|p2a: Sinistcha|Strength Sap|p1b: Incineroar\n|-unboost|p1b: Incineroar|atk|1\n|move|p1b: Incineroar|Lash Out|p2b: Alakazam\n|-supereffective|p2b: Alakazam|1\n|-damage|p2b: Alakazam|0 fnt\n|faint|p2b: Alakazam\n|\n|upkeep\n|\n|t:|1776131079\n|switch|p2b: Garchomp|Garchomp, L50, F|100/100\n|turn|6\n|\n|t:|1776131115\n|switch|p1a: Slowbro|Slowbro, L50, F|100/100\n|move|p2b: Garchomp|Earthquake|p1b: Incineroar|[spread] p2a,p1a,p1b\n|-resisted|p2a: Sinistcha|1\n|-supereffective|p1b: Incineroar|1\n|-damage|p2a: Sinistcha|84/100\n|-damage|p1a: Slowbro|66/100\n|-damage|p1b: Incineroar|11/100\n|move|p2a: Sinistcha|Strength Sap|p1a: Slowbro\n|-unboost|p1a: Slowbro|atk|1\n|-heal|p2a: Sinistcha|100/100\n|move|p1b: Incineroar|Flare Blitz|p2a: Sinistcha\n|-supereffective|p2a: Sinistcha|1\n|-damage|p2a: Sinistcha|35/100\n|-enditem|p2a: Sinistcha|Sitrus Berry|[eat]\n|-heal|p2a: Sinistcha|60/100|[from] item: Sitrus Berry\n|-damage|p1b: Incineroar|0 fnt|[from] Recoil\n|faint|p1b: Incineroar\n|\n|-heal|p1a: Slowbro|72/100|[from] item: Leftovers\n|-sideend|p1: Zhm/r|move: Light Screen\n|-fieldend|move: Psychic Terrain\n|upkeep\n|\n|t:|1776131134\n|switch|p1b: Aggron|Aggron-Mega, L50, F|30/100\n|turn|7\n|\n|t:|1776131150\n|move|p1b: Aggron|Protect|p1b: Aggron\n|-singleturn|p1b: Aggron|Protect\n|move|p2b: Garchomp|Earthquake|p1b: Aggron|[spread] p2a,p1a\n|-activate|p1b: Aggron|move: Protect\n|-resisted|p2a: Sinistcha|1\n|-damage|p2a: Sinistcha|45/100\n|-damage|p1a: Slowbro|32/100\n|move|p2a: Sinistcha|Strength Sap|p1b: Aggron\n|-activate|p1b: Aggron|move: Protect\n|move|p1a: Slowbro|Trick Room|p1a: Slowbro\n|-fieldstart|move: Trick Room|[of] p1a: Slowbro\n|\n|-heal|p1a: Slowbro|38/100|[from] item: Leftovers\n|upkeep\n|turn|8\n|\n|t:|1776131175\n|move|p1a: Slowbro|Scald|p2b: Garchomp\n|-damage|p2b: Garchomp|71/100\n|-status|p2b: Garchomp|brn\n|move|p1b: Aggron|Iron Head|p2a: Sinistcha\n|-damage|p2a: Sinistcha|21/100\n|cant|p2a: Sinistcha|flinch\n|move|p2b: Garchomp|Earthquake|p1b: Aggron|[spread] p2a,p1a,p1b\n|-resisted|p2a: Sinistcha|1\n|-supereffective|p1b: Aggron|1\n|-damage|p2a: Sinistcha|13/100\n|-damage|p1a: Slowbro|18/100\n|-damage|p1b: Aggron|14/100\n|\n|-heal|p1a: Slowbro|24/100|[from] item: Leftovers\n|-damage|p2b: Garchomp|65/100 brn|[from] brn\n|upkeep\n|turn|9\n|\n|t:|1776131199\n|move|p1b: Aggron|Protect|p1b: Aggron\n|-singleturn|p1b: Aggron|Protect\n|move|p1a: Slowbro|Scald|p2a: Sinistcha\n|-resisted|p2a: Sinistcha|1\n|-damage|p2a: Sinistcha|0 fnt\n|faint|p2a: Sinistcha\n|move|p2b: Garchomp|Earthquake|p1a: Slowbro|[spread] p1a\n|-activate|p1b: Aggron|move: Protect\n|-damage|p1a: Slowbro|4/100\n|\n|-heal|p1a: Slowbro|10/100|[from] item: Leftovers\n|-damage|p2b: Garchomp|59/100 brn|[from] brn\n|upkeep\n|turn|10\n|\n|t:|1776131215\n|move|p1a: Slowbro|Scald|p2b: Garchomp\n|-damage|p2b: Garchomp|26/100 brn\n|move|p1b: Aggron|Body Press|p2b: Garchomp\n|-crit|p2b: Garchomp\n|-damage|p2b: Garchomp|0 fnt\n|faint|p2b: Garchomp\n|\n|win|Zhm/r\n|raw|Zhm&#x2f;r's rating: 1172 &rarr; <strong>1196</strong><br />(+24 for winning)\n|raw|PentaKillMew's rating: 1159 &rarr; <strong>1135</strong><br />(-24 for losing)\n",
  "uploadtime": 1776131222,
  "views": 14,
  "formatid": "gen9championsvgc2026regma",
  "rating": 1135,
  "private": 0,
  "password": null
}