{
  "id": "gen9championsvgc2026regma-2582291733",
  "format": "[Gen 9 Champions] VGC 2026 Reg M-A",
  "players": [
    "Burgerboy18",
    "theilldigi"
  ],
  "log": "|j|\u2606Burgerboy18\n|j|\u2606theilldigi\n|t:|1776080416\n|gametype|doubles\n|player|p1|Burgerboy18|169|1107\n|player|p2|theilldigi|101|1107\n|gen|9\n|tier|[Gen 9 Champions] VGC 2026 Reg M-A\n|rated|\n|rule|Species Clause: Limit one of each Pok\u00e9mon\n|rule|Item Clause: Limit 1 of each item\n|clearpoke\n|poke|p1|Scizor, L50, F|\n|poke|p1|Gengar, L50, F|\n|poke|p1|Aerodactyl, L50, F|\n|poke|p1|Raichu, L50, M|\n|poke|p1|Tauros-Paldea-Aqua, L50, M|\n|poke|p1|Sylveon, L50, M|\n|poke|p2|Lopunny, L50, F|\n|poke|p2|Incineroar, L50, M|\n|poke|p2|Primarina, L50, F|\n|poke|p2|Sneasler, L50, M|\n|poke|p2|Typhlosion-Hisui, L50, M|\n|poke|p2|Tsareena, L50, F|\n|teampreview|4\n|\n|t:|1776080453\n|teamsize|p1|4\n|teamsize|p2|4\n|start\n|switch|p1a: Raichu|Raichu, L50, M|100/100\n|switch|p1b: Aerodactyl|Aerodactyl, L50, F|100/100\n|switch|p2a: Incineroar|Incineroar, L50, M|100/100\n|switch|p2b: Tsareena|Tsareena, L50, F|100/100\n|-ability|p1b: Aerodactyl|Unnerve\n|-ability|p2a: Incineroar|Intimidate|boost\n|-unboost|p1a: Raichu|atk|1\n|-unboost|p1b: Aerodactyl|atk|1\n|turn|1\n|inactive|Battle timer is ON: inactive players will automatically lose when time's up. (requested by Burgerboy18)\n|\n|t:|1776080471\n|move|p1a: Raichu|Fake Out||[still]\n|cant|p2b: Tsareena|ability: Queenly Majesty|Fake Out|[of] p1a: Raichu\n|move|p2a: Incineroar|Fake Out|p1b: Aerodactyl\n|-resisted|p1b: Aerodactyl|1\n|-damage|p1b: Aerodactyl|93/100\n|cant|p1b: Aerodactyl|flinch\n|move|p2b: Tsareena|Sunny Day|p2b: Tsareena\n|-weather|SunnyDay\n|\n|-weather|SunnyDay|[upkeep]\n|upkeep\n|turn|2\n|\n|t:|1776080493\n|move|p1b: Aerodactyl|Tailwind|p1b: Aerodactyl\n|-sidestart|p1: Burgerboy18|move: Tailwind\n|move|p1a: Raichu|Encore|p2a: Incineroar\n|-start|p2a: Incineroar|Encore\n|move|p2a: Incineroar|Fake Out||[still]\n|-hint|Fake Out only works on your first turn out.\n|-fail|p2a: Incineroar\n|move|p2b: Tsareena|U-turn|p1b: Aerodactyl\n|-resisted|p1b: Aerodactyl|1\n|-damage|p1b: Aerodactyl|78/100\n|\n|t:|1776080499\n|switch|p2b: Typhlosion|Typhlosion-Hisui, L50, M|100/100|[from] U-turn\n|-item|p1a: Raichu|Shuca Berry|[from] ability: Frisk|[of] p2b: Typhlosion\n|-item|p1b: Aerodactyl|Focus Sash|[from] ability: Frisk|[of] p2b: Typhlosion\n|\n|-weather|SunnyDay|[upkeep]\n|upkeep\n|turn|3\n|\n|t:|1776080513\n|switch|p2a: Tsareena|Tsareena, L50, F|100/100\n|move|p1b: Aerodactyl|Rock Slide|p2a: Tsareena|[spread] p2a,p2b\n|-supereffective|p2b: Typhlosion|1\n|-damage|p2a: Tsareena|85/100\n|-damage|p2b: Typhlosion|51/100\n|move|p1a: Raichu|Thunderbolt|p2b: Typhlosion\n|-damage|p2b: Typhlosion|14/100\n|move|p2b: Typhlosion|Eruption|p1b: Aerodactyl|[spread] p1a,p1b\n|-resisted|p1b: Aerodactyl|1\n|-damage|p1a: Raichu|84/100\n|-damage|p1b: Aerodactyl|69/100\n|\n|-weather|SunnyDay|[upkeep]\n|upkeep\n|turn|4\n|\n|t:|1776080532\n|move|p1b: Aerodactyl|Dual Wingbeat|p2a: Tsareena\n|-supereffective|p2a: Tsareena|1\n|-crit|p2a: Tsareena\n|-damage|p2a: Tsareena|30/100\n|-supereffective|p2a: Tsareena|1\n|-damage|p2a: Tsareena|8/100\n|-hitcount|p2a: Tsareena|2\n|move|p1a: Raichu|Encore|p2b: Typhlosion\n|-start|p2b: Typhlosion|Encore\n|move|p2b: Typhlosion|Eruption|p1a: Raichu|[spread] p1a,p1b\n|-resisted|p1b: Aerodactyl|1\n|-damage|p1a: Raichu|67/100\n|-damage|p1b: Aerodactyl|59/100\n|move|p2a: Tsareena|Trop Kick|p1a: Raichu\n|-damage|p1a: Raichu|3/100\n|-unboost|p1a: Raichu|atk|1\n|\n|-weather|SunnyDay|[upkeep]\n|upkeep\n|turn|5\n|\n|t:|1776080551\n|move|p2a: Tsareena|Protect|p2a: Tsareena\n|-singleturn|p2a: Tsareena|Protect\n|move|p1b: Aerodactyl|Rock Slide|p2a: Tsareena|[spread] p2b\n|-activate|p2a: Tsareena|move: Protect\n|-supereffective|p2b: Typhlosion|1\n|-damage|p2b: Typhlosion|0 fnt\n|faint|p2b: Typhlosion\n|move|p1a: Raichu|Volt Switch|p2a: Tsareena\n|-activate|p2a: Tsareena|move: Protect\n|\n|-weather|none\n|-sideend|p1: Burgerboy18|move: Tailwind\n|upkeep\n|\n|t:|1776080558\n|switch|p2b: Incineroar|Incineroar, L50, M|100/100\n|-ability|p2b: Incineroar|Intimidate|boost\n|-unboost|p1a: Raichu|atk|1\n|-unboost|p1b: Aerodactyl|atk|1\n|turn|6\n|\n|t:|1776080585\n|move|p1b: Aerodactyl|Protect|p1b: Aerodactyl\n|-singleturn|p1b: Aerodactyl|Protect\n|move|p2b: Incineroar|Fake Out|p1a: Raichu\n|-crit|p1a: Raichu\n|-damage|p1a: Raichu|0 fnt\n|faint|p1a: Raichu\n|move|p2a: Tsareena|Trop Kick|p1b: Aerodactyl\n|-activate|p1b: Aerodactyl|move: Protect\n|\n|upkeep\n|\n|t:|1776080588\n|switch|p1a: Gengar|Gengar, L50, F|100/100\n|turn|7\n|\n|t:|1776080608\n|detailschange|p1a: Gengar|Gengar-Mega, L50, F\n|-mega|p1a: Gengar|Gengar|Gengarite\n|move|p2a: Tsareena|Protect|p2a: Tsareena\n|-singleturn|p2a: Tsareena|Protect\n|move|p1b: Aerodactyl|Rock Slide|p2a: Tsareena|[spread] p2b\n|-activate|p2a: Tsareena|move: Protect\n|-supereffective|p2b: Incineroar|1\n|-damage|p2b: Incineroar|83/100\n|move|p1a: Gengar|Sludge Wave|p2a: Tsareena|[spread] p1b,p2b\n|-activate|p2a: Tsareena|move: Protect\n|-resisted|p1b: Aerodactyl|1\n|-damage|p1b: Aerodactyl|27/100\n|-damage|p2b: Incineroar|45/100\n|cant|p2b: Incineroar|flinch\n|\n|upkeep\n|turn|8\n|\n|t:|1776080633\n|move|p2a: Tsareena|Protect||[still]\n|-fail|p2a: Tsareena\n|move|p1b: Aerodactyl|Rock Slide|p2a: Tsareena|[spread] p2a,p2b\n|-supereffective|p2b: Incineroar|1\n|-damage|p2a: Tsareena|0 fnt\n|-damage|p2b: Incineroar|26/100\n|faint|p2a: Tsareena\n|move|p1a: Gengar|Sludge Wave|p2b: Incineroar|[spread] p1b,p2b\n|-resisted|p1b: Aerodactyl|1\n|-damage|p1b: Aerodactyl|0 fnt\n|-damage|p2b: Incineroar|0 fnt\n|faint|p1b: Aerodactyl\n|faint|p2b: Incineroar\n|\n|upkeep\n|\n|t:|1776080644\n|switch|p1b: Sylveon|Sylveon, L50, M|100/100\n|switch|p2b: Lopunny|Lopunny, L50, F, shiny|100/100\n|turn|9\n|-message|theilldigi forfeited.\n|\n|win|Burgerboy18\n|raw|Burgerboy18's rating: 1107 &rarr; <strong>1132</strong><br />(+25 for winning)\n|raw|theilldigi's rating: 1107 &rarr; <strong>1082</strong><br />(-25 for losing)\n|l|\u2606theilldigi\n|player|p2|\n",
  "uploadtime": 1776080418,
  "views": 18,
  "formatid": "gen9championsvgc2026regma",
  "rating": 1082,
  "private": 0,
  "password": null
}