{
  "id": "gen9championsvgc2026regma-2582431052",
  "format": "[Gen 9 Champions] VGC 2026 Reg M-A",
  "players": [
    "Gordon Gambley",
    "ivanissimo"
  ],
  "log": "|j|\u2606Gordon Gambley\n|j|\u2606ivanissimo\n|html|<table width=\"100%\"><tr><td align=\"left\">Gordon Gambley</td><td align=\"right\">ivanissimo</tr><tr><td align=\"left\"><i class=\"fa fa-circle\"></i> <i class=\"fa fa-circle-o\"></i> </td><td align=\"right\"><i class=\"fa fa-circle-o\"></i> <i class=\"fa fa-circle\"></i> </tr></table>\n|uhtml|bestof|<h2><strong>Game 3</strong> of <a href=\"/game-bestof3-gen9championsvgc2026regma-2582424599\">a best-of-3</a></h2>\n|t:|1776091233\n|gametype|doubles\n|player|p1|Gordon Gambley|gambler|\n|player|p2|ivanissimo|2|\n|gen|9\n|tier|[Gen 9 Champions] VGC 2026 Reg M-A\n|rated|Tournament battle\n|rule|Species Clause: Limit one of each Pok\u00e9mon\n|rule|Item Clause: Limit 1 of each item\n|raw|<div class=\"infobox\"><details class=\"readmore\" open><summary><strong>2 custom rules:</strong></summary> Force Open Team Sheets, Best of = 3</details></div>\n|clearpoke\n|poke|p1|Scizor, L50, M|\n|poke|p1|Basculegion, L50, M|\n|poke|p1|Dragonite, L50, M|\n|poke|p1|Sneasler, L50, F|\n|poke|p1|Incineroar, L50, F|\n|poke|p1|Politoed, L50, F|\n|poke|p2|Typhlosion-Hisui, L50, M|\n|poke|p2|Charizard, L50, F|\n|poke|p2|Venusaur, L50, M|\n|poke|p2|Rotom-Wash, L50|\n|poke|p2|Aerodactyl, L50, F|\n|poke|p2|Garchomp, L50, F|\n|teampreview|4\n|showteam|p1|Scizor||Scizorite|Technician|BulletPunch,BugBite,SwordsDance,Protect|||M|||50|]Basculegion||ChoiceScarf|SwiftSwim|WaveCrash,LastRespects,FlipTurn,AquaJet|||M|||50|]Dragonite||LumBerry|Multiscale|DragonClaw,ExtremeSpeed,AerialAce,Protect|||M|||50|]Sneasler||WhiteHerb|Unburden|FakeOut,CloseCombat,DireClaw,Protect|||F|||50|]Incineroar||SitrusBerry|Intimidate|FlareBlitz,PartingShot,FakeOut,DarkestLariat|||F|||50|]Politoed||Leftovers|Drizzle|WeatherBall,Encore,IcyWind,Protect|||F|||50|\n|showteam|p2|Typhlosion-Hisui||ChoiceScarf|Blaze|Eruption,HeatWave,ShadowBall,Overheat|||M|||50|]Charizard||CharizarditeY|Blaze|HeatWave,SolarBeam,WeatherBall,Protect|||F|||50|]Venusaur||Venusaurite|Chlorophyll|SleepPowder,GigaDrain,SludgeBomb,Protect|||M|||50|]Rotom-Wash||Leftovers|Levitate|Thunderbolt,WillOWisp,LightScreen,Electroweb||||||50|]Aerodactyl||FocusSash|Unnerve|RockSlide,Tailwind,WideGuard,Taunt|||F|||50|]Garchomp||LumBerry|RoughSkin|Earthquake,DragonClaw,RockSlide,Protect|||F|||50|\n|inactive|Battle timer is ON: inactive players will automatically lose when time's up. (requested by Gordon Gambley)\n|inactive|ivanissimo has 60 seconds left.\n|\n|t:|1776091283\n|teamsize|p1|4\n|teamsize|p2|4\n|start\n|switch|p1a: Incineroar|Incineroar, L50, F|100/100\n|switch|p1b: Dragonite|Dragonite, L50, M|100/100\n|switch|p2a: Aerodactyl|Aerodactyl, L50, F|100/100\n|switch|p2b: Rotom|Rotom-Wash, L50|100/100\n|-ability|p2a: Aerodactyl|Unnerve\n|-ability|p1a: Incineroar|Intimidate|boost\n|-unboost|p2a: Aerodactyl|atk|1\n|-unboost|p2b: Rotom|atk|1\n|turn|1\n|\n|t:|1776091298\n|move|p1a: Incineroar|Fake Out|p2a: Aerodactyl\n|-resisted|p2a: Aerodactyl|1\n|-damage|p2a: Aerodactyl|91/100\n|cant|p2a: Aerodactyl|flinch\n|move|p1b: Dragonite|Dragon Claw|p2b: Rotom\n|-damage|p2b: Rotom|62/100\n|move|p2b: Rotom|Electroweb|p1a: Incineroar|[spread] p1b\n|-miss|p2b: Rotom|p1a: Incineroar\n|-damage|p1b: Dragonite|93/100\n|-unboost|p1b: Dragonite|spe|1\n|\n|-heal|p2b: Rotom|68/100|[from] item: Leftovers\n|upkeep\n|turn|2\n|\n|t:|1776091318\n|switch|p1b: Scizor|Scizor, L50, M|100/100\n|move|p2a: Aerodactyl|Rock Slide|p1a: Incineroar|[spread] p1a,p1b\n|-supereffective|p1a: Incineroar|1\n|-damage|p1a: Incineroar|74/100\n|-damage|p1b: Scizor|83/100\n|move|p2b: Rotom|Electroweb|p1a: Incineroar|[spread] p1a,p1b\n|-damage|p1a: Incineroar|61/100\n|-damage|p1b: Scizor|66/100\n|-unboost|p1a: Incineroar|spe|1\n|-unboost|p1b: Scizor|spe|1\n|move|p1a: Incineroar|Darkest Lariat|p2b: Rotom\n|-damage|p2b: Rotom|37/100\n|\n|-heal|p2b: Rotom|43/100|[from] item: Leftovers\n|upkeep\n|turn|3\n|\n|t:|1776091343\n|switch|p2a: Charizard|Charizard, L50, F|100/100\n|detailschange|p1b: Scizor|Scizor-Mega, L50, M\n|-mega|p1b: Scizor|Scizor|Scizorite\n|move|p1b: Scizor|Bullet Punch|p2a: Charizard\n|-resisted|p2a: Charizard|1\n|-damage|p2a: Charizard|77/100\n|move|p2b: Rotom|Will-O-Wisp|p1b: Scizor\n|-status|p1b: Scizor|brn\n|move|p1a: Incineroar|Darkest Lariat|p2b: Rotom\n|-damage|p2b: Rotom|15/100\n|\n|-heal|p2b: Rotom|20/100|[from] item: Leftovers\n|-damage|p1b: Scizor|60/100 brn|[from] brn\n|upkeep\n|turn|4\n|\n|t:|1776091360\n|detailschange|p2a: Charizard|Charizard-Mega-Y, L50, F\n|-mega|p2a: Charizard|Charizard|Charizardite Y\n|-weather|SunnyDay|[from] ability: Drought|[of] p2a: Charizard\n|move|p1b: Scizor|Protect|p1b: Scizor\n|-singleturn|p1b: Scizor|Protect\n|move|p2a: Charizard|Heat Wave|p1b: Scizor|[spread] p1a\n|-activate|p1b: Scizor|move: Protect\n|-resisted|p1a: Incineroar|1\n|-damage|p1a: Incineroar|32/100\n|-enditem|p1a: Incineroar|Sitrus Berry|[eat]\n|-heal|p1a: Incineroar|57/100|[from] item: Sitrus Berry\n|move|p2b: Rotom|Thunderbolt|p1a: Incineroar\n|-damage|p1a: Incineroar|32/100\n|move|p1a: Incineroar|Parting Shot|p2a: Charizard\n|-unboost|p2a: Charizard|atk|1\n|-unboost|p2a: Charizard|spa|1\n|\n|t:|1776091364\n|switch|p1a: Dragonite|Dragonite, L50, M|93/100|[from] Parting Shot\n|\n|-weather|SunnyDay|[upkeep]\n|-heal|p2b: Rotom|26/100|[from] item: Leftovers\n|-damage|p1b: Scizor|53/100 brn|[from] brn\n|upkeep\n|turn|5\n|\n|t:|1776091378\n|switch|p1b: Politoed|Politoed, L50, F|100/100\n|-weather|RainDance|[from] ability: Drizzle|[of] p1b: Politoed\n|move|p1a: Dragonite|Extreme Speed|p2b: Rotom\n|-damage|p2b: Rotom|0 fnt\n|faint|p2b: Rotom\n|move|p2a: Charizard|Heat Wave|p1b: Politoed|[spread] p1a,p1b\n|-resisted|p1a: Dragonite|1\n|-resisted|p1b: Politoed|1\n|-damage|p1a: Dragonite|85/100\n|-damage|p1b: Politoed|94/100\n|-status|p1a: Dragonite|brn\n|-enditem|p1a: Dragonite|Lum Berry|[eat]\n|-curestatus|p1a: Dragonite|brn|[msg]\n|\n|-weather|RainDance|[upkeep]\n|-heal|p1b: Politoed|100/100|[from] item: Leftovers\n|upkeep\n|\n|t:|1776091385\n|switch|p2b: Aerodactyl|Aerodactyl, L50, F|91/100\n|-ability|p2b: Aerodactyl|Unnerve\n|turn|6\n|\n|t:|1776091397\n|switch|p2a: Venusaur|Venusaur, L50, M|100/100\n|switch|p1a: Scizor|Scizor-Mega, L50, M|53/100 brn\n|move|p2b: Aerodactyl|Tailwind|p2b: Aerodactyl\n|-sidestart|p2: ivanissimo|move: Tailwind\n|move|p1b: Politoed|Weather Ball|p2b: Aerodactyl\n|-supereffective|p2b: Aerodactyl|1\n|-damage|p2b: Aerodactyl|0 fnt\n|faint|p2b: Aerodactyl\n|\n|-weather|RainDance|[upkeep]\n|-damage|p1a: Scizor|47/100 brn|[from] brn\n|upkeep\n|\n|t:|1776091406\n|switch|p2b: Charizard|Charizard-Mega-Y, L50, F|77/100\n|-weather|SunnyDay|[from] ability: Drought|[of] p2b: Charizard\n|turn|7\n|\n|t:|1776091423\n|switch|p1b: Incineroar|Incineroar, L50, F|32/100\n|-ability|p1b: Incineroar|Intimidate|boost\n|-unboost|p2a: Venusaur|atk|1\n|-unboost|p2b: Charizard|atk|1\n|move|p1a: Scizor|Bullet Punch|p2b: Charizard\n|-resisted|p2b: Charizard|1\n|-damage|p2b: Charizard|65/100\n|move|p2a: Venusaur|Sludge Bomb|p1b: Incineroar\n|-damage|p1b: Incineroar|0 fnt\n|faint|p1b: Incineroar\n|move|p2b: Charizard|Heat Wave|p1a: Scizor\n|-supereffective|p1a: Scizor|2\n|-damage|p1a: Scizor|0 fnt\n|faint|p1a: Scizor\n|\n|-weather|SunnyDay|[upkeep]\n|upkeep\n|\n|t:|1776091427\n|switch|p1a: Dragonite|Dragonite, L50, M|85/100\n|switch|p1b: Politoed|Politoed, L50, F|100/100\n|-weather|RainDance|[from] ability: Drizzle|[of] p1b: Politoed\n|turn|8\n|inactive|ivanissimo has 30 seconds left.\n|\n|t:|1776091455\n|move|p2b: Charizard|Weather Ball|p1b: Politoed\n|-resisted|p1b: Politoed|1\n|-damage|p1b: Politoed|72/100\n|move|p2a: Venusaur|Giga Drain|p1b: Politoed\n|-supereffective|p1b: Politoed|1\n|-damage|p1b: Politoed|9/100\n|move|p1a: Dragonite|Aerial Ace|p2a: Venusaur\n|-supereffective|p2a: Venusaur|1\n|-damage|p2a: Venusaur|27/100\n|move|p1b: Politoed|Icy Wind|p2b: Charizard|[spread] p2a,p2b\n|-supereffective|p2a: Venusaur|1\n|-damage|p2a: Venusaur|5/100\n|-damage|p2b: Charizard|56/100\n|-unboost|p2a: Venusaur|spe|1\n|-unboost|p2b: Charizard|spe|1\n|\n|-weather|RainDance|[upkeep]\n|-heal|p1b: Politoed|16/100|[from] item: Leftovers\n|upkeep\n|turn|9\n|\n|t:|1776091474\n|move|p1b: Politoed|Protect|p1b: Politoed\n|-singleturn|p1b: Politoed|Protect\n|move|p1a: Dragonite|Extreme Speed|p2a: Venusaur\n|-damage|p2a: Venusaur|0 fnt\n|faint|p2a: Venusaur\n|move|p2b: Charizard|Weather Ball|p1a: Dragonite\n|-resisted|p1a: Dragonite|1\n|-damage|p1a: Dragonite|53/100\n|\n|-weather|RainDance|[upkeep]\n|-heal|p1b: Politoed|22/100|[from] item: Leftovers\n|-sideend|p2: ivanissimo|move: Tailwind\n|upkeep\n|turn|10\n|\n|t:|1776091480\n|move|p1a: Dragonite|Dragon Claw|p2b: Charizard\n|-damage|p2b: Charizard|2/100\n|move|p1b: Politoed|Weather Ball|p2b: Charizard\n|-supereffective|p2b: Charizard|1\n|-damage|p2b: Charizard|0 fnt\n|faint|p2b: Charizard\n|\n|win|Gordon Gambley\n",
  "uploadtime": 1776091483,
  "views": 9,
  "formatid": "gen9championsvgc2026regma",
  "rating": null,
  "private": 0,
  "password": null
}