{
  "id": "gen9championsvgc2026regma-2585879047",
  "format": "[Gen 9 Champions] VGC 2026 Reg M-A",
  "players": [
    "good evening 47",
    "33N"
  ],
  "log": "|j|\u2606good evening 47\n|j|\u260633N\n|t:|1776377824\n|gametype|doubles\n|player|p1|good evening 47|gentleman-gen4|1192\n|player|p2|33N|265|1159\n|gen|9\n|tier|[Gen 9 Champions] VGC 2026 Reg M-A\n|rated|\n|rule|Species Clause: Limit one of each Pok\u00e9mon\n|rule|Item Clause: Limit 1 of each item\n|clearpoke\n|poke|p1|Noivern, L50, F|\n|poke|p1|Garchomp, L50, M|\n|poke|p1|Goodra-Hisui, L50, M|\n|poke|p1|Hydreigon, L50, M|\n|poke|p1|Dragonite, L50, M|\n|poke|p1|Milotic, L50, M|\n|poke|p2|Floette-Eternal, L50, F|\n|poke|p2|Pelipper, L50, F|\n|poke|p2|Archaludon, L50, M|\n|poke|p2|Incineroar, L50, M|\n|poke|p2|Meganium, L50, M|\n|poke|p2|Basculegion, L50, M|\n|teampreview|4\n|\n|t:|1776377858\n|teamsize|p1|4\n|teamsize|p2|4\n|start\n|switch|p1a: Noivern|Noivern, L50, F|100/100\n|switch|p1b: Goodra|Goodra-Hisui, L50, M|100/100\n|switch|p2a: William Stiener|Pelipper, L50, F|100/100\n|switch|p2b: Squilliam|Archaludon, L50, M|100/100\n|-weather|RainDance|[from] ability: Drizzle|[of] p2a: William Stiener\n|turn|1\n|inactive|Battle timer is ON: inactive players will automatically lose when time's up. (requested by 33N)\n|\n|t:|1776377873\n|move|p1a: Noivern|Tailwind|p1a: Noivern\n|-sidestart|p1: good evening 47|move: Tailwind\n|move|p1b: Goodra|Thunder|p2a: William Stiener\n|-supereffective|p2a: William Stiener|2\n|-crit|p2a: William Stiener\n|-damage|p2a: William Stiener|0 fnt\n|faint|p2a: William Stiener\n|move|p2b: Squilliam|Electro Shot||[still]\n|-prepare|p2b: Squilliam|Electro Shot\n|-boost|p2b: Squilliam|spa|1\n|-anim|p2b: Squilliam|Electro Shot|p1a: Noivern\n|-damage|p1a: Noivern|25/100\n|\n|-weather|RainDance|[upkeep]\n|upkeep\n|\n|t:|1776377885\n|switch|p2a: Andrew's Housemate|Incineroar, L50, M|100/100\n|-ability|p2a: Andrew's Housemate|Intimidate|boost\n|-unboost|p1a: Noivern|atk|1\n|-unboost|p1b: Goodra|atk|1\n|turn|2\n|\n|t:|1776377894\n|move|p1b: Goodra|Protect|p1b: Goodra\n|-singleturn|p1b: Goodra|Protect\n|move|p2a: Andrew's Housemate|Fake Out|p1b: Goodra\n|-activate|p1b: Goodra|move: Protect\n|move|p1a: Noivern|Dragon Cheer|p1b: Goodra\n|-start|p1b: Goodra|move: Dragon Cheer\n|move|p2b: Squilliam|Electro Shot||[still]\n|-prepare|p2b: Squilliam|Electro Shot\n|-boost|p2b: Squilliam|spa|1\n|-anim|p2b: Squilliam|Electro Shot|p1a: Noivern\n|-damage|p1a: Noivern|0 fnt\n|faint|p1a: Noivern\n|\n|-weather|RainDance|[upkeep]\n|upkeep\n|\n|t:|1776377902\n|switch|p1a: Milotic|Milotic, L50, M|100/100\n|turn|3\n|\n|t:|1776377926\n|move|p1a: Milotic|Muddy Water|p2a: Andrew's Housemate|[spread] p2a,p2b\n|-supereffective|p2a: Andrew's Housemate|1\n|-resisted|p2b: Squilliam|1\n|-damage|p2a: Andrew's Housemate|23/100\n|-damage|p2b: Squilliam|74/100\n|-unboost|p2a: Andrew's Housemate|accuracy|1\n|-ability|p2b: Squilliam|Stamina|boost\n|-boost|p2b: Squilliam|def|1\n|move|p1b: Goodra|Draco Meteor|p2b: Squilliam\n|-crit|p2b: Squilliam\n|-damage|p2b: Squilliam|0 fnt\n|-unboost|p1b: Goodra|spa|2\n|faint|p2b: Squilliam\n|move|p2a: Andrew's Housemate|Parting Shot|p1b: Goodra\n|-unboost|p1b: Goodra|atk|1\n|-unboost|p1b: Goodra|spa|1\n|\n|t:|1776377938\n|switch|p2a: William|Floette-Eternal, L50, F|100/100|[from] Parting Shot\n|\n|-weather|RainDance|[upkeep]\n|upkeep\n|\n|t:|1776377943\n|switch|p2b: Andrew's Housemate|Incineroar, L50, M|23/100\n|-ability|p2b: Andrew's Housemate|Intimidate|boost\n|-unboost|p1a: Milotic|atk|1\n|-ability|p1a: Milotic|Competitive|boost\n|-boost|p1a: Milotic|spa|2\n|-unboost|p1b: Goodra|atk|1\n|turn|4\n|\n|t:|1776377956\n|detailschange|p2a: William|Floette-Mega, L50, F\n|-mega|p2a: William|Floette|Floettite\n|-ability|p2a: William|Fairy Aura\n|move|p2b: Andrew's Housemate|Fake Out|p1b: Goodra\n|-resisted|p1b: Goodra|1\n|-damage|p1b: Goodra|95/100\n|move|p1a: Milotic|Icy Wind|p2a: William|[spread] p2a,p2b\n|-resisted|p2b: Andrew's Housemate|1\n|-damage|p2a: William|77/100\n|-damage|p2b: Andrew's Housemate|10/100\n|-unboost|p2a: William|spe|1\n|-unboost|p2b: Andrew's Housemate|spe|1\n|cant|p1b: Goodra|flinch\n|move|p2a: William|Dazzling Gleam|p1a: Milotic|[spread] p1a,p1b\n|-damage|p1a: Milotic|62/100\n|-damage|p1b: Goodra|64/100\n|\n|-weather|RainDance|[upkeep]\n|-heal|p1a: Milotic|68/100|[from] item: Leftovers\n|-sideend|p1: good evening 47|move: Tailwind\n|upkeep\n|turn|5\n|-message|33N forfeited.\n|\n|win|good evening 47\n|raw|good evening 47's rating: 1192 &rarr; <strong>1215</strong><br />(+23 for winning)\n|raw|33N's rating: 1159 &rarr; <strong>1136</strong><br />(-23 for losing)\n",
  "uploadtime": 1776377977,
  "views": 23,
  "formatid": "gen9championsvgc2026regma",
  "rating": 1136,
  "private": 0,
  "password": null
}