{
  "id": "gen9championsvgc2026regma-2582269564",
  "format": "[Gen 9 Champions] VGC 2026 Reg M-A",
  "players": [
    "nandosgude",
    "poi poiloi"
  ],
  "log": "|j|\u2606nandosgude\n|j|\u2606poi poiloi\n|t:|1776078201\n|gametype|doubles\n|player|p1|nandosgude|2|1053\n|player|p2|poi poiloi|266|1030\n|gen|9\n|tier|[Gen 9 Champions] VGC 2026 Reg M-A\n|rated|\n|rule|Species Clause: Limit one of each Pok\u00e9mon\n|rule|Item Clause: Limit 1 of each item\n|clearpoke\n|poke|p1|Incineroar, L50, F|\n|poke|p1|Kommo-o, L50, M|\n|poke|p1|Rotom-Wash, L50|\n|poke|p1|Floette-Eternal, L50, F|\n|poke|p1|Aegislash, L50, M|\n|poke|p1|Tyranitar, L50, F|\n|poke|p2|Beedrill, L50, M|\n|poke|p2|Mr. Rime, L50, F|\n|poke|p2|Politoed, L50, F|\n|poke|p2|Archaludon, L50, F|\n|poke|p2|Wyrdeer, L50, F|\n|poke|p2|Mimikyu, L50, F|\n|teampreview|4\n|inactive|Battle timer is ON: inactive players will automatically lose when time's up. (requested by poi poiloi)\n|\n|t:|1776078235\n|teamsize|p1|4\n|teamsize|p2|4\n|start\n|switch|p1a: Incineroar|Incineroar, L50, F, shiny|100/100\n|switch|p1b: Floette|Floette-Eternal, L50, F|100/100\n|switch|p2a: Archaludon|Archaludon, L50, F|100/100\n|switch|p2b: Wyrdeer|Wyrdeer, L50, F|100/100\n|-ability|p2b: Wyrdeer|Intimidate|boost\n|-unboost|p1a: Incineroar|atk|1\n|-unboost|p1b: Floette|atk|1\n|-ability|p1a: Incineroar|Intimidate|boost\n|-unboost|p2a: Archaludon|atk|1\n|-unboost|p2b: Wyrdeer|atk|1\n|turn|1\n|inactive|poi poiloi has 30 seconds left.\n|\n|t:|1776078267\n|detailschange|p1b: Floette|Floette-Mega, L50, F\n|-mega|p1b: Floette|Floette|Floettite\n|-ability|p1b: Floette|Fairy Aura\n|move|p1a: Incineroar|Fake Out|p2a: Archaludon\n|-resisted|p2a: Archaludon|1\n|-damage|p2a: Archaludon|97/100\n|-ability|p2a: Archaludon|Stamina|boost\n|-boost|p2a: Archaludon|def|1\n|move|p1b: Floette|Calm Mind|p1b: Floette\n|-boost|p1b: Floette|spa|1\n|-boost|p1b: Floette|spd|1\n|cant|p2a: Archaludon|flinch\n|move|p2b: Wyrdeer|Thunder|p1a: Incineroar\n|-damage|p1a: Incineroar|70/100\n|-status|p1a: Incineroar|par\n|\n|-heal|p2a: Archaludon|100/100|[from] item: Leftovers\n|upkeep\n|turn|2\n|inactive|nandosgude has 30 seconds left.\n|inactive|poi poiloi has 30 seconds left.\n|-activate|p2b: Wyrdeer|item: Quick Claw\n|\n|t:|1776078296\n|switch|p2a: Mr. Rime|Mr. Rime, L50, F, shiny|100/100\n|move|p2b: Wyrdeer|Psych Up|p1b: Floette\n|-copyboost|p2b: Wyrdeer|p1b: Floette|[from] move: Psych Up\n|move|p1b: Floette|Dazzling Gleam|p2a: Mr. Rime|[spread] p2b\n|-miss|p1b: Floette|p2a: Mr. Rime\n|-damage|p2b: Wyrdeer|52/100\n|move|p1a: Incineroar|Parting Shot|p2a: Mr. Rime\n|-unboost|p2a: Mr. Rime|atk|1\n|-unboost|p2a: Mr. Rime|spa|1\n|\n|t:|1776078311\n|switch|p1a: Tyranitar|Tyranitar, L50, F, shiny|100/100|[from] Parting Shot\n|-weather|Sandstorm|[from] ability: Sand Stream|[of] p1a: Tyranitar\n|\n|-weather|Sandstorm|[upkeep]\n|-damage|p1b: Floette|94/100|[from] Sandstorm\n|-damage|p2a: Mr. Rime|95/100|[from] Sandstorm\n|-damage|p2b: Wyrdeer|46/100|[from] Sandstorm\n|upkeep\n|turn|3\n|inactive|nandosgude has 30 seconds left.\n|inactive|poi poiloi has 30 seconds left.\n|inactive|nandosgude has 20 seconds left.\n|inactive|nandosgude has 15 seconds left.\n|\n|t:|1776078352\n|move|p2a: Mr. Rime|Fake Out|p1b: Floette\n|-damage|p1b: Floette|89/100\n|cant|p1b: Floette|flinch\n|move|p2b: Wyrdeer|Thunder|p1b: Floette\n|-damage|p1b: Floette|63/100\n|move|p1a: Tyranitar|Rock Slide|p2a: Mr. Rime|[spread] p2b\n|-miss|p1a: Tyranitar|p2a: Mr. Rime\n|-damage|p2b: Wyrdeer|9/100\n|\n|-weather|Sandstorm|[upkeep]\n|-damage|p1b: Floette|57/100|[from] Sandstorm\n|-damage|p2a: Mr. Rime|89/100|[from] Sandstorm\n|-damage|p2b: Wyrdeer|2/100|[from] Sandstorm\n|upkeep\n|turn|4\n|inactive|nandosgude has 30 seconds left.\n|inactive|poi poiloi has 30 seconds left.\n|\n|t:|1776078380\n|switch|p2a: Archaludon|Archaludon, L50, F|100/100\n|move|p1b: Floette|Dazzling Gleam|p2a: Archaludon|[spread] p2a,p2b\n|-damage|p2a: Archaludon|35/100\n|-damage|p2b: Wyrdeer|0 fnt\n|-ability|p2a: Archaludon|Stamina|boost\n|-boost|p2a: Archaludon|def|1\n|faint|p2b: Wyrdeer\n|move|p1a: Tyranitar|Rock Slide|p2a: Archaludon\n|-resisted|p2a: Archaludon|1\n|-damage|p2a: Archaludon|25/100\n|-ability|p2a: Archaludon|Stamina|boost\n|-boost|p2a: Archaludon|def|1\n|\n|-weather|Sandstorm|[upkeep]\n|-damage|p1b: Floette|51/100|[from] Sandstorm\n|-heal|p2a: Archaludon|31/100|[from] item: Leftovers\n|upkeep\n|\n|t:|1776078399\n|switch|p2b: Mr. Rime|Mr. Rime, L50, F, shiny|89/100\n|turn|5\n|\n|t:|1776078407\n|move|p1b: Floette|Protect|p1b: Floette\n|-singleturn|p1b: Floette|Protect\n|move|p2a: Archaludon|Snarl|p1a: Tyranitar|[spread] p1a\n|-activate|p1b: Floette|move: Protect\n|-resisted|p1a: Tyranitar|1\n|-damage|p1a: Tyranitar|97/100\n|-unboost|p1a: Tyranitar|spa|1\n|move|p2b: Mr. Rime|Iron Defense|p2b: Mr. Rime\n|-boost|p2b: Mr. Rime|def|2\n|move|p1a: Tyranitar|Low Kick|p2a: Archaludon\n|-supereffective|p2a: Archaludon|1\n|-damage|p2a: Archaludon|9/100\n|-ability|p2a: Archaludon|Stamina|boost\n|-boost|p2a: Archaludon|def|1\n|\n|-weather|Sandstorm|[upkeep]\n|-damage|p1b: Floette|45/100|[from] Sandstorm\n|-damage|p2b: Mr. Rime|83/100|[from] Sandstorm\n|-heal|p2a: Archaludon|16/100|[from] item: Leftovers\n|upkeep\n|turn|6\n|\n|t:|1776078432\n|move|p1b: Floette|Dazzling Gleam|p2b: Mr. Rime|[spread] p2a,p2b\n|-damage|p2a: Archaludon|0 fnt\n|-damage|p2b: Mr. Rime|42/100\n|faint|p2a: Archaludon\n|move|p2b: Mr. Rime|Baton Pass|p2b: Mr. Rime\n|\n|t:|1776078437\n|switch|p2b: Beedrill|Beedrill, L50, M|100/100|[from] Baton Pass\n|move|p1a: Tyranitar|Low Kick|p2b: Beedrill\n|-resisted|p2b: Beedrill|2\n|-damage|p2b: Beedrill|93/100\n|\n|-weather|none\n|upkeep\n|\n|t:|1776078446\n|switch|p2a: Mr. Rime|Mr. Rime, L50, F, shiny|42/100\n|turn|7\n|inactive|nandosgude has 30 seconds left.\n|\n|t:|1776078475\n|detailschange|p2b: Beedrill|Beedrill-Mega, L50, M\n|-mega|p2b: Beedrill|Beedrill|Beedrillite\n|move|p1b: Floette|Protect|p1b: Floette\n|-singleturn|p1b: Floette|Protect\n|move|p2a: Mr. Rime|Fake Out|p1a: Tyranitar\n|-resisted|p1a: Tyranitar|1\n|-damage|p1a: Tyranitar|94/100\n|move|p2b: Beedrill|Focus Energy|p2b: Beedrill\n|-start|p2b: Beedrill|move: Focus Energy\n|cant|p1a: Tyranitar|flinch\n|\n|upkeep\n|turn|8\n|\n|t:|1776078500\n|move|p2b: Beedrill|Drill Run|p1a: Tyranitar|[miss]\n|-miss|p2b: Beedrill|p1a: Tyranitar\n|move|p1b: Floette|Dazzling Gleam|p2a: Mr. Rime|[spread] p2a,p2b\n|-resisted|p2b: Beedrill|1\n|-damage|p2a: Mr. Rime|0 fnt\n|-damage|p2b: Beedrill|42/100\n|faint|p2a: Mr. Rime\n|move|p1a: Tyranitar|Rock Slide|p2b: Beedrill\n|-supereffective|p2b: Beedrill|1\n|-damage|p2b: Beedrill|0 fnt\n|faint|p2b: Beedrill\n|\n|win|nandosgude\n|raw|nandosgude's rating: 1053 &rarr; <strong>1083</strong><br />(+30 for winning)\n|raw|poi poiloi's rating: 1030 &rarr; <strong>1016</strong><br />(-14 for losing)\n|l|\u2606poi poiloi\n|player|p2|\n",
  "uploadtime": 1776078516,
  "views": 13,
  "formatid": "gen9championsvgc2026regma",
  "rating": 1016,
  "private": 0,
  "password": null
}