{
  "id": "gen9championsvgc2026regma-2584161130",
  "format": "[Gen 9 Champions] VGC 2026 Reg M-A",
  "players": [
    "B3ns0nR3gularShow",
    "Neekz0"
  ],
  "log": "|j|\u2606B3ns0nR3gularShow\n|j|\u2606Neekz0\n|t:|1776232507\n|gametype|doubles\n|player|p1|B3ns0nR3gularShow|swimmer-gen4|1095\n|player|p2|Neekz0|170|1088\n|gen|9\n|tier|[Gen 9 Champions] VGC 2026 Reg M-A\n|rated|\n|rule|Species Clause: Limit one of each Pok\u00e9mon\n|rule|Item Clause: Limit 1 of each item\n|clearpoke\n|poke|p1|Palafin, L50, F|\n|poke|p1|Pelipper, L50, F|\n|poke|p1|Whimsicott, L50, M|\n|poke|p1|Starmie, L50|\n|poke|p1|Dragapult, L50, M|\n|poke|p1|Dragonite, L50, M|\n|poke|p2|Chandelure, L50, F|\n|poke|p2|Oranguru, L50, M|\n|poke|p2|Whimsicott, L50, M|\n|poke|p2|Meganium, L50, M|\n|poke|p2|Sneasler, L50, F|\n|poke|p2|Corviknight, L50, M|\n|teampreview|4\n|inactive|Battle timer is ON: inactive players will automatically lose when time's up. (requested by B3ns0nR3gularShow)\nB3ns0nR3gularShow has agreed to open team sheets.\n|\n|t:|1776232526\n|teamsize|p1|4\n|teamsize|p2|4\n|start\n|switch|p1a: Pelipper|Pelipper, L50, F|100/100\n|switch|p1b: Starmie|Starmie, L50|100/100\n|switch|p2a: Chandelure|Chandelure, L50, F|100/100\n|switch|p2b: Oranguru|Oranguru, L50, M|100/100\n|-weather|RainDance|[from] ability: Drizzle|[of] p1a: Pelipper\n|turn|1\n|\n|t:|1776232540\n|switch|p1b: Dragapult|Dragapult, L50, M|100/100\n|switch|p2a: Corviknight|Corviknight, L50, M|100/100\n|move|p1a: Pelipper|Weather Ball|p2a: Corviknight\n|-damage|p2a: Corviknight|30/100\n|move|p2b: Oranguru|Trick Room|p2b: Oranguru\n|-fieldstart|move: Trick Room|[of] p2b: Oranguru\n|\n|-weather|RainDance|[upkeep]\n|-heal|p2a: Corviknight|36/100|[from] item: Leftovers\n|upkeep\n|turn|2\n|\n|t:|1776232559\n|move|p2b: Oranguru|Instruct||[still]\n|-fail|p2b: Oranguru\n|move|p2a: Corviknight|Brave Bird|p1a: Pelipper\n|-damage|p1a: Pelipper|54/100\n|-damage|p2a: Corviknight|25/100|[from] Recoil\n|move|p1a: Pelipper|Weather Ball|p2a: Corviknight\n|-damage|p2a: Corviknight|0 fnt\n|faint|p2a: Corviknight\n|move|p1b: Dragapult|Shadow Ball|p2b: Oranguru\n|-immune|p2b: Oranguru\n|\n|-weather|RainDance|[upkeep]\n|upkeep\n|\n|t:|1776232567\n|switch|p2a: Chandelure|Chandelure, L50, F|100/100\n|turn|3\n|\n|t:|1776232585\n|detailschange|p2a: Chandelure|Chandelure-Mega, L50, F\n|-mega|p2a: Chandelure|Chandelure|Chandelurite\n|move|p2b: Oranguru|Psychic|p1a: Pelipper\n|-damage|p1a: Pelipper|2/100\n|move|p2a: Chandelure|Minimize|p2a: Chandelure\n|-boost|p2a: Chandelure|evasion|2\n|move|p1a: Pelipper|Hurricane|p2a: Chandelure\n|-damage|p2a: Chandelure|55/100\n|move|p1b: Dragapult|Thunder|p2b: Oranguru\n|-damage|p2b: Oranguru|74/100\n|\n|-weather|RainDance|[upkeep]\n|upkeep\n|turn|4\n|\n|t:|1776232603\n|move|p2b: Oranguru|Instruct|p2a: Chandelure\n|-singleturn|p2a: Chandelure|move: Instruct|[of] p2b: Oranguru\n|move|p2a: Chandelure|Minimize|p2a: Chandelure\n|-boost|p2a: Chandelure|evasion|2\n|move|p2a: Chandelure|Minimize|p2a: Chandelure\n|-boost|p2a: Chandelure|evasion|2\n|move|p1a: Pelipper|Tailwind|p1a: Pelipper\n|-sidestart|p1: B3ns0nR3gularShow|move: Tailwind\n|move|p1b: Dragapult|Hydro Pump|p2a: Chandelure|[miss]\n|-miss|p1b: Dragapult|p2a: Chandelure\n|\n|-weather|RainDance|[upkeep]\n|upkeep\n|turn|5\n|\n|t:|1776232618\n|move|p2b: Oranguru|Instruct|p2a: Chandelure\n|-singleturn|p2a: Chandelure|move: Instruct|[of] p2b: Oranguru\n|move|p2a: Chandelure|Minimize|p2a: Chandelure\n|-boost|p2a: Chandelure|evasion|0\n|move|p2a: Chandelure|Shadow Ball|p1a: Pelipper\n|-damage|p1a: Pelipper|0 fnt\n|faint|p1a: Pelipper\n|move|p1b: Dragapult|Hydro Pump|p2a: Chandelure\n|-supereffective|p2a: Chandelure|1\n|-damage|p2a: Chandelure|0 fnt\n|faint|p2a: Chandelure\n|\n|-weather|none\n|-fieldend|move: Trick Room\n|upkeep\n|c|\u2606Neekz0|6 evasion bruh wtf\n|c|\u2606Neekz0|how u hitting hydro pump through +6\n|\n|t:|1776232640\n|switch|p1a: Palafin|Palafin, L50, F|100/100\n|switch|p2a: Whimsicott|Whimsicott, L50, M|100/100\n|turn|6\n|inactive|B3ns0nR3gularShow has 30 seconds left.\n|\n|t:|1776232673\n|detailschange|p1a: Palafin|Palafin-Hero, L50, F\n|switch|p1a: Starmie|Starmie, L50|100/100\n|move|p1b: Dragapult|Hydro Pump|p2b: Oranguru\n|-damage|p2b: Oranguru|47/100\n|move|p2a: Whimsicott|Moonblast|p1b: Dragapult\n|-supereffective|p1b: Dragapult|1\n|-damage|p1b: Dragapult|4/100\n|move|p2b: Oranguru|Trick Room|p2b: Oranguru\n|-fieldstart|move: Trick Room|[of] p2b: Oranguru\n|\n|upkeep\n|turn|7\n|\n|t:|1776232692\n|detailschange|p1a: Starmie|Starmie-Mega, L50\n|-mega|p1a: Starmie|Starmie|Starminite\n|move|p2b: Oranguru|Instruct|p2a: Whimsicott\n|-singleturn|p2a: Whimsicott|move: Instruct|[of] p2b: Oranguru\n|move|p2a: Whimsicott|Moonblast|p1b: Dragapult\n|-supereffective|p1b: Dragapult|1\n|-damage|p1b: Dragapult|0 fnt\n|faint|p1b: Dragapult\n|move|p2a: Whimsicott|Moonblast|p1a: Starmie\n|-damage|p1a: Starmie|55/100\n|move|p1a: Starmie|Avalanche|p2a: Whimsicott\n|-supereffective|p2a: Whimsicott|1\n|-enditem|p2a: Whimsicott|Focus Sash\n|-damage|p2a: Whimsicott|1/100\n|\n|-sideend|p1: B3ns0nR3gularShow|move: Tailwind\n|upkeep\n|\n|t:|1776232704\n|switch|p1b: Palafin|Palafin-Hero, L50, F|100/100\n|-activate|p1b: Palafin|ability: Zero to Hero\n|turn|8\n|\n|t:|1776232722\n|move|p2a: Whimsicott|Protect|p2a: Whimsicott\n|-singleturn|p2a: Whimsicott|Protect\n|move|p1a: Starmie|Aqua Jet|p2a: Whimsicott\n|-activate|p2a: Whimsicott|move: Protect\n|move|p2b: Oranguru|Psychic|p1b: Palafin\n|-damage|p1b: Palafin|71/100\n|-unboost|p1b: Palafin|spd|1\n|-enditem|p1b: Palafin|White Herb\n|-clearnegativeboost|p1b: Palafin|[silent]\n|move|p1b: Palafin|Close Combat|p2b: Oranguru\n|-damage|p2b: Oranguru|0 fnt\n|-unboost|p1b: Palafin|def|1\n|-unboost|p1b: Palafin|spd|1\n|faint|p2b: Oranguru\n|\n|upkeep\n|turn|9\n|-message|Neekz0 forfeited.\n|\n|win|B3ns0nR3gularShow\n|raw|B3ns0nR3gularShow's rating: 1095 &rarr; <strong>1120</strong><br />(+25 for winning)\n|raw|Neekz0's rating: 1088 &rarr; <strong>1065</strong><br />(-23 for losing)\n|l|\u2606Neekz0\n|player|p2|\n",
  "uploadtime": 1776232737,
  "views": 21,
  "formatid": "gen9championsvgc2026regma",
  "rating": 1065,
  "private": 0,
  "password": null
}