{
  "id": "gen9championsvgc2026regma-2585646493",
  "format": "[Gen 9 Champions] VGC 2026 Reg M-A",
  "players": [
    "Izgris",
    "Dr.Glaedun"
  ],
  "log": "|j|\u2606Izgris\n|j|\u2606Dr.Glaedun\n|t:|1776361026\n|gametype|doubles\n|player|p1|Izgris|sage|1000\n|player|p2|Dr.Glaedun|gentleman-gen4|1047\n|gen|9\n|tier|[Gen 9 Champions] VGC 2026 Reg M-A\n|rated|\n|rule|Species Clause: Limit one of each Pok\u00e9mon\n|rule|Item Clause: Limit 1 of each item\n|clearpoke\n|poke|p1|Charizard, L50, M|\n|poke|p1|Venusaur, L50, F|\n|poke|p1|Excadrill, L50, F|\n|poke|p1|Hawlucha, L50, F|\n|poke|p1|Avalugg-Hisui, L50, F|\n|poke|p1|Cofagrigus, L50, F|\n|poke|p2|Hawlucha, L50, M|\n|poke|p2|Excadrill, L50, F|\n|poke|p2|Kingambit, L50, F|\n|poke|p2|Whimsicott, L50, M|\n|poke|p2|Weavile, L50, M|\n|poke|p2|Tyranitar, L50, F|\n|teampreview|4\n|\n|t:|1776361047\n|teamsize|p1|4\n|teamsize|p2|4\n|start\n|switch|p1a: Hawlucha|Hawlucha, L50, F|100/100\n|switch|p1b: Excadrill|Excadrill, L50, F|100/100\n|switch|p2a: Whimsicott|Whimsicott, L50, M|100/100\n|switch|p2b: Hawlucha|Hawlucha, L50, M|100/100\n|turn|1\n|\n|t:|1776361071\n|detailschange|p1a: Hawlucha|Hawlucha-Mega, L50, F\n|-mega|p1a: Hawlucha|Hawlucha|Hawluchanite\n|detailschange|p2b: Hawlucha|Hawlucha-Mega, L50, M\n|-mega|p2b: Hawlucha|Hawlucha|Hawluchanite\n|move|p1a: Hawlucha|Entrainment|p1b: Excadrill\n|-ability|p1b: Excadrill|No Guard|Sand Rush|[from] move: Entrainment|[of] p1a: Hawlucha\n|move|p2a: Whimsicott|Moonblast|p1a: Hawlucha\n|-supereffective|p1a: Hawlucha|1\n|-damage|p1a: Hawlucha|33/100\n|move|p2b: Hawlucha|Brave Bird|p1a: Hawlucha\n|-supereffective|p1a: Hawlucha|1\n|-damage|p1a: Hawlucha|0 fnt\n|faint|p1a: Hawlucha\n|-damage|p2b: Hawlucha|91/100|[from] Recoil\n|move|p1b: Excadrill|Horn Drill|p2a: Whimsicott\n|-damage|p2a: Whimsicott|0 fnt\n|faint|p2a: Whimsicott\n|-ohko\n|\n|upkeep\n|inactive|Battle timer is ON: inactive players will automatically lose when time's up. (requested by Dr.Glaedun)\n|\n|t:|1776361092\n|switch|p1a: Charizard|Charizard, L50, M, shiny|100/100\n|switch|p2a: Tyranitar|Tyranitar, L50, F|100/100\n|-weather|Sandstorm|[from] ability: Sand Stream|[of] p2a: Tyranitar\n|turn|2\n|\n|t:|1776361110\n|move|p2b: Hawlucha|Close Combat|p1b: Excadrill\n|-supereffective|p1b: Excadrill|1\n|-damage|p1b: Excadrill|0 fnt\n|-unboost|p2b: Hawlucha|def|1\n|-unboost|p2b: Hawlucha|spd|1\n|faint|p1b: Excadrill\n|move|p1a: Charizard|Flamethrower|p2b: Hawlucha\n|-crit|p2b: Hawlucha\n|-damage|p2b: Hawlucha|0 fnt\n|faint|p2b: Hawlucha\n|move|p2a: Tyranitar|Low Kick|p1a: Charizard\n|-resisted|p1a: Charizard|1\n|-damage|p1a: Charizard|83/100\n|\n|-weather|Sandstorm|[upkeep]\n|-damage|p1a: Charizard|77/100|[from] Sandstorm\n|upkeep\n|\n|t:|1776361123\n|switch|p2b: Kingambit|Kingambit, L50, F|100/100\n|switch|p1b: Venusaur|Venusaur, L50, F|100/100\n|turn|3\n|\n|t:|1776361133\n|move|p1a: Charizard|Flamethrower|p2b: Kingambit\n|-supereffective|p2b: Kingambit|1\n|-damage|p2b: Kingambit|0 fnt\n|faint|p2b: Kingambit\n|move|p1b: Venusaur|Giga Drain|p2a: Tyranitar\n|-supereffective|p2a: Tyranitar|1\n|-damage|p2a: Tyranitar|60/100\n|move|p2a: Tyranitar|Rock Slide|p1b: Venusaur|[spread] p1a,p1b\n|-supereffective|p1a: Charizard|2\n|-damage|p1a: Charizard|0 fnt\n|-damage|p1b: Venusaur|60/100\n|faint|p1a: Charizard\n|\n|-weather|Sandstorm|[upkeep]\n|-damage|p1b: Venusaur|55/100|[from] Sandstorm\n|upkeep\n|turn|4\n|\n|t:|1776361147\n|move|p1b: Venusaur|Giga Drain|p2a: Tyranitar\n|-supereffective|p2a: Tyranitar|1\n|-damage|p2a: Tyranitar|16/100\n|-heal|p1b: Venusaur|79/100|[from] drain|[of] p2a: Tyranitar\n|move|p2a: Tyranitar|Knock Off|p1b: Venusaur\n|-damage|p1b: Venusaur|13/100\n|-enditem|p1b: Venusaur|Focus Sash|[from] move: Knock Off|[of] p2a: Tyranitar\n|\n|-weather|Sandstorm|[upkeep]\n|-damage|p1b: Venusaur|7/100|[from] Sandstorm\n|upkeep\n|turn|5\n|\n|t:|1776361157\n|move|p2a: Tyranitar|Protect|p2a: Tyranitar\n|-singleturn|p2a: Tyranitar|Protect\n|move|p1b: Venusaur|Giga Drain|p2a: Tyranitar\n|-activate|p2a: Tyranitar|move: Protect\n|\n|-weather|Sandstorm|[upkeep]\n|-damage|p1b: Venusaur|1/100|[from] Sandstorm\n|upkeep\n|turn|6\n|\n|t:|1776361164\n|move|p1b: Venusaur|Protect|p1b: Venusaur\n|-singleturn|p1b: Venusaur|Protect\n|move|p2a: Tyranitar|Protect||[still]\n|-fail|p2a: Tyranitar\n|\n|-weather|none\n|upkeep\n|turn|7\n|c|\u2606Izgris|gg\n|c|\u2606Dr.Glaedun|ya\n|\n|t:|1776361175\n|move|p1b: Venusaur|Giga Drain|p2a: Tyranitar\n|-supereffective|p2a: Tyranitar|1\n|-damage|p2a: Tyranitar|0 fnt\n|-heal|p1b: Venusaur|10/100|[from] drain|[of] p2a: Tyranitar\n|faint|p2a: Tyranitar\n|\n|win|Izgris\n|raw|Izgris's rating: 1000 &rarr; <strong>1045</strong><br />(+45 for winning)\n|raw|Dr.Glaedun's rating: 1047 &rarr; <strong>1028</strong><br />(-19 for losing)\n|l|\u2606Dr.Glaedun\n|player|p2|\n",
  "uploadtime": 1776361180,
  "views": 27,
  "formatid": "gen9championsvgc2026regma",
  "rating": 1028,
  "private": 0,
  "password": null
}