{
  "id": "gen9championsvgc2026regma-2582002254",
  "format": "[Gen 9 Champions] VGC 2026 Reg M-A",
  "players": [
    "bunnu",
    "VenVGC"
  ],
  "log": "|j|\u2606bunnu\n|j|\u2606VenVGC\n|t:|1776047295\n|gametype|doubles\n|player|p1|bunnu|2|1099\n|player|p2|VenVGC|266|1121\n|gen|9\n|tier|[Gen 9 Champions] VGC 2026 Reg M-A\n|rated|\n|rule|Species Clause: Limit one of each Pok\u00e9mon\n|rule|Item Clause: Limit 1 of each item\n|clearpoke\n|poke|p1|Pikachu, L50, M|\n|poke|p1|Hatterene, L50, F|\n|poke|p1|Farigiraf, L50, F|\n|poke|p1|Azumarill, L50, M|\n|poke|p1|Sinistcha, L50|\n|poke|p1|Torkoal, L50, M|\n|poke|p2|Gengar, L50, F|\n|poke|p2|Meganium, L50, M|\n|poke|p2|Politoed, L50, M|\n|poke|p2|Sinistcha, L50|\n|poke|p2|Incineroar, L50, M|\n|poke|p2|Sableye, L50, M|\n|teampreview|4\n|inactive|Battle timer is ON: inactive players will automatically lose when time's up. (requested by bunnu)\n|\n|t:|1776047348\n|teamsize|p1|4\n|teamsize|p2|4\n|start\n|switch|p1a: Farigiraf|Farigiraf, L50, F|100/100\n|switch|p1b: Pikachu|Pikachu, L50, M|100/100\n|switch|p2a: Sableye|Sableye, L50, M|100/100\n|switch|p2b: Meganium|Meganium, L50, M|100/100\n|turn|1\n|\n|t:|1776047364\n|move|p1b: Pikachu|Fake Out|p2b: Meganium\n|-damage|p2b: Meganium|88/100\n|move|p2a: Sableye|Light Screen|p2a: Sableye\n|-sidestart|p2: VenVGC|move: Light Screen\n|cant|p2b: Meganium|flinch\n|move|p1a: Farigiraf|Trick Room|p1a: Farigiraf\n|-fieldstart|move: Trick Room|[of] p1a: Farigiraf\n|\n|upkeep\n|turn|2\n|\n|t:|1776047384\n|switch|p1b: Torkoal|Torkoal, L50, M|100/100\n|-weather|SunnyDay|[from] ability: Drought|[of] p1b: Torkoal\n|move|p2a: Sableye|Reflect|p2a: Sableye\n|-sidestart|p2: VenVGC|Reflect\n|move|p1a: Farigiraf|Psychic|p2b: Meganium\n|-damage|p2b: Meganium|66/100\n|move|p2b: Meganium|Leech Seed|p1a: Farigiraf\n|-start|p1a: Farigiraf|move: Leech Seed\n|\n|-weather|SunnyDay|[upkeep]\n|-damage|p1a: Farigiraf|88/100|[from] Leech Seed|[of] p2b: Meganium\n|-heal|p2b: Meganium|82/100|[silent]\n|upkeep\n|turn|3\n|\n|t:|1776047401\n|switch|p2a: Politoed|Politoed, L50, M|100/100\n|-weather|RainDance|[from] ability: Drizzle|[of] p2a: Politoed\n|switch|p1a: Sinistcha|Sinistcha, L50|100/100\n|move|p1b: Torkoal|Eruption|p2a: Politoed|[spread] p2a,p2b\n|-resisted|p2a: Politoed|1\n|-supereffective|p2b: Meganium|1\n|-damage|p2a: Politoed|92/100\n|-damage|p2b: Meganium|52/100\n|move|p2b: Meganium|Weather Ball|p1b: Torkoal\n|-supereffective|p1b: Torkoal|1\n|-damage|p1b: Torkoal|27/100\n|\n|-weather|RainDance|[upkeep]\n|upkeep\n|turn|4\n|\n|t:|1776047424\n|detailschange|p2b: Meganium|Meganium-Mega, L50, M\n|-mega|p2b: Meganium|Meganium|Meganiumite\n|move|p1b: Torkoal|Protect|p1b: Torkoal\n|-singleturn|p1b: Torkoal|Protect\n|move|p1a: Sinistcha|Matcha Gotcha|p2a: Politoed|[spread] p2a,p2b\n|-supereffective|p2a: Politoed|1\n|-resisted|p2b: Meganium|1\n|-damage|p2a: Politoed|50/100\n|-damage|p2b: Meganium|44/100\n|-status|p2a: Politoed|brn\n|move|p2a: Politoed|Muddy Water|p1a: Sinistcha|[spread] \n|-activate|p1b: Torkoal|move: Protect\n|-miss|p2a: Politoed|p1a: Sinistcha\n|move|p2b: Meganium|Weather Ball|p1a: Sinistcha\n|-supereffective|p1a: Sinistcha|1\n|-damage|p1a: Sinistcha|0 fnt\n|faint|p1a: Sinistcha\n|\n|-weather|RainDance|[upkeep]\n|-damage|p2a: Politoed|44/100 brn|[from] brn\n|upkeep\n|\n|t:|1776047448\n|switch|p1a: Farigiraf|Farigiraf, L50, F|88/100\n|turn|5\n|\n|t:|1776047464\n|switch|p1b: Pikachu|Pikachu, L50, M|100/100\n|move|p1a: Farigiraf|Hyper Voice|p2a: Politoed|[spread] p2a,p2b\n|-damage|p2a: Politoed|25/100 brn\n|-damage|p2b: Meganium|29/100\n|move|p2a: Politoed|Muddy Water|p1a: Farigiraf|[spread] p1a,p1b\n|-damage|p1a: Farigiraf|59/100\n|-damage|p1b: Pikachu|32/100\n|move|p2b: Meganium|Synthesis|p2b: Meganium\n|-heal|p2b: Meganium|96/100\n|\n|-weather|RainDance|[upkeep]\n|-damage|p2a: Politoed|19/100 brn|[from] brn\n|-sideend|p2: VenVGC|move: Light Screen\n|-fieldend|move: Trick Room\n|upkeep\n|turn|6\n|inactive|VenVGC has 30 seconds left.\n|\n|t:|1776047494\n|switch|p2a: Sableye|Sableye, L50, M|100/100\n|move|p1b: Pikachu|Fake Out|p2b: Meganium\n|-damage|p2b: Meganium|89/100\n|cant|p2b: Meganium|flinch\n|move|p1a: Farigiraf|Trick Room|p1a: Farigiraf\n|-fieldstart|move: Trick Room|[of] p1a: Farigiraf\n|\n|-weather|RainDance|[upkeep]\n|-sideend|p2: VenVGC|Reflect\n|upkeep\n|turn|7\n|\n|t:|1776047515\n|move|p2a: Sableye|Light Screen|p2a: Sableye\n|-sidestart|p2: VenVGC|move: Light Screen\n|move|p1a: Farigiraf|Psychic|p2b: Meganium\n|-damage|p2b: Meganium|70/100\n|move|p1b: Pikachu|Thunderbolt|p2a: Sableye\n|-damage|p2a: Sableye|58/100\n|move|p2b: Meganium|Solar Beam||[still]\n|-prepare|p2b: Meganium|Solar Beam\n|-activate|p2b: Meganium|ability: Mega Sol\n|-anim|p2b: Meganium|Solar Beam|p1a: Farigiraf\n|-damage|p1a: Farigiraf|7/100\n|\n|-weather|none\n|upkeep\n|turn|8\n|\n|t:|1776047536\n|move|p2a: Sableye|Reflect|p2a: Sableye\n|-sidestart|p2: VenVGC|Reflect\n|move|p1a: Farigiraf|Psychic|p2a: Sableye\n|-immune|p2a: Sableye\n|move|p1b: Pikachu|Thunderbolt|p2a: Sableye\n|-damage|p2a: Sableye|14/100\n|move|p2b: Meganium|Solar Beam||[still]\n|-prepare|p2b: Meganium|Solar Beam\n|-activate|p2b: Meganium|ability: Mega Sol\n|-anim|p2b: Meganium|Solar Beam|p1a: Farigiraf\n|-damage|p1a: Farigiraf|0 fnt\n|faint|p1a: Farigiraf\n|\n|upkeep\n|\n|t:|1776047551\n|switch|p1a: Torkoal|Torkoal, L50, M|27/100\n|-weather|SunnyDay|[from] ability: Drought|[of] p1a: Torkoal\n|turn|9\n|\n|t:|1776047561\n|switch|p2a: Politoed|Politoed, L50, M|19/100 brn\n|-weather|RainDance|[from] ability: Drizzle|[of] p2a: Politoed\n|move|p1a: Torkoal|Weather Ball|p2b: Meganium\n|-resisted|p2b: Meganium|1\n|-damage|p2b: Meganium|59/100\n|move|p1b: Pikachu|Thunderbolt|p2a: Politoed\n|-supereffective|p2a: Politoed|1\n|-damage|p2a: Politoed|0 fnt\n|faint|p2a: Politoed\n|move|p2b: Meganium|Solar Beam||[still]\n|-prepare|p2b: Meganium|Solar Beam\n|-activate|p2b: Meganium|ability: Mega Sol\n|-anim|p2b: Meganium|Solar Beam|p1b: Pikachu\n|-damage|p1b: Pikachu|0 fnt\n|faint|p1b: Pikachu\n|\n|-weather|RainDance|[upkeep]\n|upkeep\n|\n|t:|1776047579\n|switch|p2a: Sableye|Sableye, L50, M|14/100\n|turn|10\n|-message|bunnu forfeited.\n|\n|win|VenVGC\n|raw|bunnu's rating: 1099 &rarr; <strong>1076</strong><br />(-23 for losing)\n|raw|VenVGC's rating: 1121 &rarr; <strong>1144</strong><br />(+23 for winning)\n|l|\u2606bunnu\n|player|p1|\n",
  "uploadtime": 1776047586,
  "views": 9,
  "formatid": "gen9championsvgc2026regma",
  "rating": 1076,
  "private": 0,
  "password": null
}