{
  "id": "gen9championsvgc2026regma-2582457153",
  "format": "[Gen 9 Champions] VGC 2026 Reg M-A",
  "players": [
    "angel1425",
    "ApplinFan773"
  ],
  "log": "|j|\u2606angel1425\n|j|\u2606ApplinFan773\n|t:|1776092929\n|gametype|doubles\n|player|p1|angel1425|volkner|1119\n|player|p2|ApplinFan773|hau-masters|1045\n|gen|9\n|tier|[Gen 9 Champions] VGC 2026 Reg M-A\n|rated|\n|rule|Species Clause: Limit one of each Pok\u00e9mon\n|rule|Item Clause: Limit 1 of each item\n|clearpoke\n|poke|p1|Dragonite, L50, F|\n|poke|p1|Pelipper, L50, F|\n|poke|p1|Basculegion, L50, M|\n|poke|p1|Sinistcha, L50|\n|poke|p1|Kingambit, L50, F|\n|poke|p1|Orthworm, L50, F|\n|poke|p2|Meganium, L50, F|\n|poke|p2|Basculegion, L50, M|\n|poke|p2|Dragonite, L50, F|\n|poke|p2|Archaludon, L50, M|\n|poke|p2|Pelipper, L50, F|\n|poke|p2|Incineroar, L50, M|\n|teampreview|4\n|inactive|Battle timer is ON: inactive players will automatically lose when time's up. (requested by ApplinFan773)\n|inactive|angel1425 also wants the timer to be on.\n|c|\u2606ApplinFan773|Glhf\n|inactive|angel1425 has 60 seconds left.\n|\n|t:|1776092975\n|teamsize|p1|4\n|teamsize|p2|4\n|start\n|switch|p1a: Orthworm|Orthworm, L50, F|100/100\n|switch|p1b: Kingambit|Kingambit, L50, F|100/100\n|switch|p2a: Calypso|Pelipper, L50, F, shiny|100/100\n|switch|p2b: Sterling|Archaludon, L50, M, shiny|100/100\n|-weather|RainDance|[from] ability: Drizzle|[of] p2a: Calypso\n|turn|1\n|inactive|ApplinFan773 has 30 seconds left.\n|\n|t:|1776093008\n|move|p2a: Calypso|Tailwind|p2a: Calypso\n|-sidestart|p2: ApplinFan773|move: Tailwind\n|move|p2b: Sterling|Electro Shot||[still]\n|-prepare|p2b: Sterling|Electro Shot\n|-boost|p2b: Sterling|spa|1\n|-anim|p2b: Sterling|Electro Shot|p1b: Kingambit\n|-damage|p1b: Kingambit|32/100\n|move|p1a: Orthworm|Shed Tail|p1a: Orthworm\n|-start|p1a: Orthworm|Substitute|[from] move: Shed Tail\n|-damage|p1a: Orthworm|50/100\n|-enditem|p1a: Orthworm|Sitrus Berry|[eat]\n|-heal|p1a: Orthworm|75/100|[from] item: Sitrus Berry\n|\n|t:|1776093023\n|switch|p1a: Dragonite|Dragonite, L50, F|100/100|[from] Shed Tail\n|move|p1b: Kingambit|Swords Dance|p1b: Kingambit\n|-boost|p1b: Kingambit|atk|2\n|\n|-weather|RainDance|[upkeep]\n|upkeep\n|turn|2\n|\n|t:|1776093033\n|detailschange|p1a: Dragonite|Dragonite-Mega, L50, F\n|-mega|p1a: Dragonite|Dragonite|Dragoninite\n|move|p1b: Kingambit|Sucker Punch|p2b: Sterling\n|-damage|p2b: Sterling|31/100\n|-ability|p2b: Sterling|Stamina|boost\n|-boost|p2b: Sterling|def|1\n|move|p2a: Calypso|Muddy Water|p1a: Dragonite|[spread] p1a\n|-miss|p2a: Calypso|p1b: Kingambit\n|-resisted|p1a: Dragonite|1\n|-activate|p1a: Dragonite|move: Substitute|[damage]\n|move|p2b: Sterling|Electro Shot||[still]\n|-prepare|p2b: Sterling|Electro Shot\n|-boost|p2b: Sterling|spa|1\n|-anim|p2b: Sterling|Electro Shot|p1a: Dragonite\n|-end|p1a: Dragonite|Substitute\n|move|p1a: Dragonite|Draco Meteor|p2b: Sterling\n|-damage|p2b: Sterling|0 fnt\n|-unboost|p1a: Dragonite|spa|2\n|faint|p2b: Sterling\n|\n|-weather|RainDance|[upkeep]\n|upkeep\n|c|\u2606ApplinFan773|I sold\n|inactive|ApplinFan773 has 30 seconds left.\n|\n|t:|1776093058\n|switch|p2b: Nova|Dragonite, L50, F|100/100\n|turn|3\n|\n|t:|1776093081\n|switch|p1a: Orthworm|Orthworm, L50, F|75/100\n|move|p2b: Nova|Protect|p2b: Nova\n|-singleturn|p2b: Nova|Protect\n|move|p1b: Kingambit|Sucker Punch|p2a: Calypso\n|-enditem|p2a: Calypso|Focus Sash\n|-damage|p2a: Calypso|1/100\n|move|p2a: Calypso|Muddy Water|p1b: Kingambit|[spread] p1a\n|-miss|p2a: Calypso|p1b: Kingambit\n|-damage|p1a: Orthworm|11/100\n|\n|-weather|RainDance|[upkeep]\n|upkeep\n|turn|4\n|inactive|ApplinFan773 has 30 seconds left.\n|inactive|angel1425 has 30 seconds left.\n|inactive|ApplinFan773 has 20 seconds left.\n|inactive|angel1425 has 20 seconds left.\n|inactive|ApplinFan773 has 15 seconds left.\n|inactive|ApplinFan773 has 10 seconds left.\n|inactive|ApplinFan773 has 5 seconds left.\n|\n|t:|1776093135\n|switch|p2a: JohnCenaroar|Incineroar, L50, M|100/100\n|-ability|p2a: JohnCenaroar|Intimidate|boost\n|-unboost|p1a: Orthworm|atk|1\n|-unboost|p1b: Kingambit|atk|1\n|-ability|p1b: Kingambit|Defiant|boost\n|-boost|p1b: Kingambit|atk|2\n|move|p2b: Nova|Extreme Speed|p1a: Orthworm\n|-resisted|p1a: Orthworm|1\n|-damage|p1a: Orthworm|4/100\n|move|p1b: Kingambit|Sucker Punch||[still]\n|-fail|p1b: Kingambit\n|move|p1a: Orthworm|Body Press|p2a: JohnCenaroar\n|-supereffective|p2a: JohnCenaroar|1\n|-enditem|p2a: JohnCenaroar|Chople Berry|[eat]\n|-enditem|p2a: JohnCenaroar|Chople Berry|[weaken]\n|-damage|p2a: JohnCenaroar|70/100\n|\n|-weather|RainDance|[upkeep]\n|-sideend|p2: ApplinFan773|move: Tailwind\n|upkeep\n|turn|5\n|inactive|ApplinFan773 has 30 seconds left.\n|\n|t:|1776093165\n|detailschange|p2b: Nova|Dragonite-Mega, L50, F\n|-mega|p2b: Nova|Dragonite|Dragoninite\n|move|p1b: Kingambit|Protect|p1b: Kingambit\n|-singleturn|p1b: Kingambit|Protect\n|move|p2a: JohnCenaroar|Fake Out|p1a: Orthworm\n|-resisted|p1a: Orthworm|1\n|-damage|p1a: Orthworm|0 fnt\n|faint|p1a: Orthworm\n|move|p2b: Nova|Hurricane|p1b: Kingambit\n|-activate|p1b: Kingambit|move: Protect\n|\n|-weather|none\n|upkeep\n|\n|t:|1776093186\n|switch|p1a: Dragonite|Dragonite-Mega, L50, F|100/100\n|turn|6\n|inactive|angel1425 has 30 seconds left.\n|\n|t:|1776093212\n|switch|p2b: Calypso|Pelipper, L50, F, shiny|1/100\n|-weather|RainDance|[from] ability: Drizzle|[of] p2b: Calypso\n|move|p1b: Kingambit|Sucker Punch||[still]\n|-fail|p1b: Kingambit\n|move|p1a: Dragonite|Draco Meteor|p2b: Calypso\n|-damage|p2b: Calypso|0 fnt\n|-unboost|p1a: Dragonite|spa|2\n|faint|p2b: Calypso\n|move|p2a: JohnCenaroar|Will-O-Wisp|p1b: Kingambit\n|-status|p1b: Kingambit|brn\n|\n|-weather|RainDance|[upkeep]\n|-damage|p1b: Kingambit|27/100 brn|[from] brn\n|upkeep\n|\n|t:|1776093228\n|switch|p2b: Nova|Dragonite-Mega, L50, F|100/100\n|turn|7\n|inactive|ApplinFan773 has 30 seconds left.\n|\n|t:|1776093261\n|move|p1b: Kingambit|Sucker Punch|p2b: Nova\n|-damage|p2b: Nova|73/100\n|move|p2b: Nova|Hurricane|p1b: Kingambit\n|-resisted|p1b: Kingambit|1\n|-damage|p1b: Kingambit|0 fnt\n|faint|p1b: Kingambit\n|move|p1a: Dragonite|Weather Ball|p2a: JohnCenaroar\n|-supereffective|p2a: JohnCenaroar|1\n|-damage|p2a: JohnCenaroar|25/100\n|move|p2a: JohnCenaroar|Darkest Lariat|p1a: Dragonite\n|-damage|p1a: Dragonite|87/100\n|\n|-weather|RainDance|[upkeep]\n|upkeep\n|\n|t:|1776093274\n|switch|p1b: Basculegion|Basculegion, L50, M|100/100\n|turn|8\n|\n|t:|1776093296\n|move|p1b: Basculegion|Last Respects|p2b: Nova\n|-damage|p2b: Nova|16/100\n|move|p2b: Nova|Dragon Pulse|p1a: Dragonite\n|-supereffective|p1a: Dragonite|1\n|-damage|p1a: Dragonite|4/100\n|move|p1a: Dragonite|Weather Ball|p2a: JohnCenaroar\n|-supereffective|p2a: JohnCenaroar|1\n|-crit|p2a: JohnCenaroar\n|-damage|p2a: JohnCenaroar|0 fnt\n|faint|p2a: JohnCenaroar\n|\n|-weather|RainDance|[upkeep]\n|upkeep\n|turn|9\n|c|\u2606ApplinFan773|NOOOOOOOO\n|c|\u2606ApplinFan773|\ud83d\ude2d\n|inactive|ApplinFan773 has 30 seconds left.\n|c|\u2606ApplinFan773|gg wp\n|inactive|ApplinFan773 has 20 seconds left.\n|\n|t:|1776093331\n|move|p2b: Nova|Extreme Speed|p1a: Dragonite\n|-damage|p1a: Dragonite|0 fnt\n|faint|p1a: Dragonite\n|move|p1b: Basculegion|Last Respects|p2b: Nova\n|-damage|p2b: Nova|0 fnt\n|faint|p2b: Nova\n|\n|win|angel1425\n|raw|angel1425's rating: 1119 &rarr; <strong>1139</strong><br />(+20 for winning)\n|raw|ApplinFan773's rating: 1045 &rarr; <strong>1032</strong><br />(-13 for losing)\n",
  "uploadtime": 1776093344,
  "views": 18,
  "formatid": "gen9championsvgc2026regma",
  "rating": 1032,
  "private": 0,
  "password": null
}