{
  "id": "gen9championsvgc2026regma-2584568193",
  "format": "[Gen 9 Champions] VGC 2026 Reg M-A",
  "players": [
    "gangstabrowt",
    "patatataaaaa"
  ],
  "log": "|j|\u2606gangstabrowt\n|j|\u2606patatataaaaa\n|t:|1776269300\n|gametype|doubles\n|player|p1|gangstabrowt|elesa|1159\n|player|p2|patatataaaaa|unknown|1086\n|gen|9\n|tier|[Gen 9 Champions] VGC 2026 Reg M-A\n|rated|\n|rule|Species Clause: Limit one of each Pok\u00e9mon\n|rule|Item Clause: Limit 1 of each item\n|clearpoke\n|poke|p1|Heracross, L50, F|\n|poke|p1|Aerodactyl, L50, F|\n|poke|p1|Pelipper, L50, M|\n|poke|p1|Basculegion, L50, M|\n|poke|p1|Kangaskhan, L50, F|\n|poke|p1|Tauros-Paldea-Aqua, L50, M|\n|poke|p2|Avalugg, L50, M|\n|poke|p2|Aggron, L50, M|\n|poke|p2|Mimikyu, L50, F|\n|poke|p2|Slowking, L50, F|\n|poke|p2|Torkoal, L50, M|\n|poke|p2|Venusaur, L50, F|\n|teampreview|4\n|inactive|Battle timer is ON: inactive players will automatically lose when time's up. (requested by gangstabrowt)\n|inactive|gangstabrowt has 60 seconds left.\n|inactive|patatataaaaa has 60 seconds left.\n|inactive|gangstabrowt has 30 seconds left.\n|\n|t:|1776269363\n|teamsize|p1|4\n|teamsize|p2|4\n|start\n|switch|p1a: Potential Mon|Heracross, L50, F, shiny|100/100\n|switch|p1b: Tauros|Tauros-Paldea-Aqua, L50, M|100/100\n|switch|p2a: Pablo|Slowking, L50, F|100/100\n|switch|p2b: isborg|Avalugg, L50, M|100/100\n|-ability|p1b: Tauros|Intimidate|boost\n|-unboost|p2a: Pablo|atk|1\n|-unboost|p2b: isborg|atk|1\n|turn|1\n|inactive|patatataaaaa has 30 seconds left.\n|\n|t:|1776269389\n|detailschange|p1a: Potential Mon|Heracross-Mega, L50, F, shiny\n|-mega|p1a: Potential Mon|Heracross|Heracronite\n|move|p2b: isborg|Protect|p2b: isborg\n|-singleturn|p2b: isborg|Protect\n|move|p1b: Tauros|Close Combat|p2a: Pablo\n|-resisted|p2a: Pablo|1\n|-damage|p2a: Pablo|74/100\n|-unboost|p1b: Tauros|def|1\n|-unboost|p1b: Tauros|spd|1\n|-enditem|p1b: Tauros|White Herb\n|-clearnegativeboost|p1b: Tauros|[silent]\n|move|p1a: Potential Mon|Trailblaze|p2a: Pablo\n|-supereffective|p2a: Pablo|1\n|-damage|p2a: Pablo|30/100\n|-boost|p1a: Potential Mon|spe|1\n|-prepare|p2a: Pablo|Chilly Reception|[premajor]\n|move|p2a: Pablo|Chilly Reception|p2a: Pablo\n|-weather|Snowscape\n|\n|t:|1776269409\n|switch|p2a: patata|Venusaur, L50, F|100/100|[from] Chilly Reception\n|\n|-weather|Snowscape|[upkeep]\n|upkeep\n|turn|2\n|inactive|patatataaaaa has 30 seconds left.\n|\n|t:|1776269435\n|switch|p2a: Pablo|Slowking, L50, F|63/100\n|move|p1a: Potential Mon|Pin Missile|p2a: Pablo\n|-supereffective|p2a: Pablo|1\n|-damage|p2a: Pablo|31/100\n|-supereffective|p2a: Pablo|1\n|-damage|p2a: Pablo|0 fnt\n|faint|p2a: Pablo\n|-hitcount|p2: Pablo|2\n|move|p1b: Tauros|Close Combat|p2b: isborg\n|-supereffective|p2b: isborg|1\n|-damage|p2b: isborg|52/100\n|-unboost|p1b: Tauros|def|1\n|-unboost|p1b: Tauros|spd|1\n|move|p2b: isborg|Aurora Veil|p2b: isborg\n|-sidestart|p2: patatataaaaa|move: Aurora Veil\n|\n|-weather|Snowscape|[upkeep]\n|-heal|p2b: isborg|57/100|[from] ability: Ice Body\n|-heal|p2b: isborg|63/100|[from] item: Leftovers\n|upkeep\n|inactive|patatataaaaa has 30 seconds left.\n|\n|t:|1776269462\n|switch|p2a: trotuga|Torkoal, L50, M|100/100\n|-weather|SunnyDay|[from] ability: Drought|[of] p2a: trotuga\n|turn|3\n|inactive|patatataaaaa has 30 seconds left.\n|inactive|patatataaaaa has 20 seconds left.\n|\n|t:|1776269498\n|switch|p1b: Pelipper|Pelipper, L50, M|100/100\n|-weather|RainDance|[from] ability: Drizzle|[of] p1b: Pelipper\n|move|p1a: Potential Mon|Close Combat|p2a: trotuga\n|-damage|p2a: trotuga|49/100\n|-unboost|p1a: Potential Mon|def|1\n|-unboost|p1a: Potential Mon|spd|1\n|move|p2a: trotuga|Shell Smash|p2a: trotuga\n|-unboost|p2a: trotuga|def|1\n|-unboost|p2a: trotuga|spd|1\n|-boost|p2a: trotuga|atk|2\n|-boost|p2a: trotuga|spa|2\n|-boost|p2a: trotuga|spe|2\n|-enditem|p2a: trotuga|White Herb\n|-clearnegativeboost|p2a: trotuga|[silent]\n|move|p2b: isborg|Heavy Slam|p1a: Potential Mon\n|-damage|p1a: Potential Mon|63/100\n|\n|-weather|RainDance|[upkeep]\n|-heal|p2b: isborg|69/100|[from] item: Leftovers\n|upkeep\n|turn|4\n|inactive|gangstabrowt has 30 seconds left.\n|inactive|patatataaaaa has 30 seconds left.\n|inactive|patatataaaaa has 20 seconds left.\n|inactive|patatataaaaa has 15 seconds left.\n|\n|t:|1776269543\n|switch|p2b: patata|Venusaur, L50, F|100/100\n|move|p1b: Pelipper|Wide Guard|p1b: Pelipper\n|-singleturn|p1b: Pelipper|Wide Guard\n|move|p1a: Potential Mon|Close Combat|p2a: trotuga\n|-damage|p2a: trotuga|0 fnt\n|-unboost|p1a: Potential Mon|def|1\n|-unboost|p1a: Potential Mon|spd|1\n|faint|p2a: trotuga\n|\n|-weather|RainDance|[upkeep]\n|upkeep\n|\n|t:|1776269553\n|switch|p2a: isborg|Avalugg, L50, M|69/100\n|turn|5\n|inactive|patatataaaaa has 30 seconds left.\n|\n|t:|1776269585\n|switch|p1a: Tauros|Tauros-Paldea-Aqua, L50, M|100/100\n|-ability|p1a: Tauros|Intimidate|boost\n|-unboost|p2a: isborg|atk|1\n|-unboost|p2b: patata|atk|1\n|move|p2b: patata|Sludge Bomb|p1a: Tauros\n|-damage|p1a: Tauros|34/100\n|-status|p1a: Tauros|psn\n|move|p1b: Pelipper|Hurricane|p2b: patata\n|-supereffective|p2b: patata|1\n|-damage|p2b: patata|46/100\n|move|p2a: isborg|Icicle Crash|p1b: Pelipper\n|-damage|p1b: Pelipper|74/100\n|\n|-weather|RainDance|[upkeep]\n|-heal|p1b: Pelipper|80/100|[from] item: Leftovers\n|-heal|p2a: isborg|75/100|[from] item: Leftovers\n|-damage|p1a: Tauros|22/100 psn|[from] psn\n|upkeep\n|turn|6\n|inactive|gangstabrowt has 30 seconds left.\n|\n|t:|1776269613\n|move|p1a: Tauros|Close Combat|p2a: isborg\n|-supereffective|p2a: isborg|1\n|-damage|p2a: isborg|31/100\n|-unboost|p1a: Tauros|def|1\n|-unboost|p1a: Tauros|spd|1\n|move|p2b: patata|Synthesis|p2b: patata\n|-heal|p2b: patata|71/100\n|move|p1b: Pelipper|Hurricane|p2b: patata\n|-supereffective|p2b: patata|1\n|-damage|p2b: patata|15/100\n|move|p2a: isborg|Icicle Crash|p1b: Pelipper\n|-damage|p1b: Pelipper|53/100\n|\n|-weather|RainDance|[upkeep]\n|-heal|p1b: Pelipper|59/100|[from] item: Leftovers\n|-heal|p2a: isborg|37/100|[from] item: Leftovers\n|-damage|p1a: Tauros|10/100 psn|[from] psn\n|-sideend|p2: patatataaaaa|move: Aurora Veil\n|upkeep\n|turn|7\n|inactive|patatataaaaa has 30 seconds left.\n|\n|t:|1776269643\n|move|p2a: isborg|Protect|p2a: isborg\n|-singleturn|p2a: isborg|Protect\n|move|p1a: Tauros|Close Combat|p2a: isborg\n|-activate|p2a: isborg|move: Protect\n|move|p2b: patata|Sludge Bomb|p1b: Pelipper\n|-crit|p1b: Pelipper\n|-damage|p1b: Pelipper|0 fnt\n|faint|p1b: Pelipper\n|\n|-weather|none\n|-heal|p2a: isborg|42/100|[from] item: Leftovers\n|-damage|p1a: Tauros|0 fnt|[from] psn\n|faint|p1a: Tauros\n|upkeep\n|\n|t:|1776269652\n|switch|p1a: Potential Mon|Heracross-Mega, L50, F, shiny|63/100\n|switch|p1b: Basculegion|Basculegion, L50, M|100/100\n|turn|8\n|\n|t:|1776269672\n|move|p1b: Basculegion|Last Respects|p2a: isborg\n|-damage|p2a: isborg|0 fnt\n|faint|p2a: isborg\n|move|p1a: Potential Mon|Pin Missile|p2b: patata\n|-damage|p2b: patata|0 fnt\n|faint|p2b: patata\n|-hitcount|p2: patata|1\n|\n|win|gangstabrowt\n|raw|gangstabrowt's rating: 1159 &rarr; <strong>1179</strong><br />(+20 for winning)\n|raw|patatataaaaa's rating: 1086 &rarr; <strong>1068</strong><br />(-18 for losing)\n",
  "uploadtime": 1776269685,
  "views": 19,
  "formatid": "gen9championsvgc2026regma",
  "rating": 1068,
  "private": 0,
  "password": null
}