{
  "id": "gen9championsvgc2026regma-2583062837",
  "format": "[Gen 9 Champions] VGC 2026 Reg M-A",
  "players": [
    "BOKha",
    "AtomicTwilight"
  ],
  "log": "|j|\u2606BOKha\n|j|\u2606AtomicTwilight\n|t:|1776137949\n|gametype|doubles\n|player|p1|BOKha|wattson|1145\n|player|p2|AtomicTwilight|swimmerf-gen4|1073\n|gen|9\n|tier|[Gen 9 Champions] VGC 2026 Reg M-A\n|rated|\n|rule|Species Clause: Limit one of each Pok\u00e9mon\n|rule|Item Clause: Limit 1 of each item\n|clearpoke\n|poke|p1|Klefki, L50, M|\n|poke|p1|Garchomp, L50, F|\n|poke|p1|Tyranitar, L50, M|\n|poke|p1|Chesnaught, L50, F|\n|poke|p1|Sinistcha, L50|\n|poke|p1|Gyarados, L50, F|\n|poke|p2|Primarina, L50, F|\n|poke|p2|Gengar, L50, F|\n|poke|p2|Pelipper, L50, F|\n|poke|p2|Palafin, L50, F|\n|poke|p2|Incineroar, L50, M|\n|poke|p2|Archaludon, L50, M|\n|teampreview|4\nAtomicTwilight has agreed to open team sheets.\n|inactive|Battle timer is ON: inactive players will automatically lose when time's up. (requested by BOKha)\n|\n|t:|1776137978\n|teamsize|p1|4\n|teamsize|p2|4\n|start\n|switch|p1a: Klefki|Klefki, L50, M|100/100\n|switch|p1b: Garchomp|Garchomp, L50, F|100/100\n|switch|p2a: Gengar|Gengar, L50, F|100/100\n|switch|p2b: Incineroar|Incineroar, L50, M|100/100\n|-ability|p2b: Incineroar|Intimidate|boost\n|-unboost|p1a: Klefki|atk|1\n|-unboost|p1b: Garchomp|atk|1\n|turn|1\n|inactive|AtomicTwilight has 30 seconds left.\n|\n|t:|1776138009\n|detailschange|p2a: Gengar|Gengar-Mega, L50, F\n|-mega|p2a: Gengar|Gengar|Gengarite\n|move|p1a: Klefki|Protect|p1a: Klefki\n|-singleturn|p1a: Klefki|Protect\n|move|p1b: Garchomp|Protect|p1b: Garchomp\n|-singleturn|p1b: Garchomp|Protect\n|move|p2b: Incineroar|Fake Out|p1b: Garchomp\n|-activate|p1b: Garchomp|move: Protect\n|move|p2a: Gengar|Sludge Bomb|p1b: Garchomp\n|-activate|p1b: Garchomp|move: Protect\n|\n|upkeep\n|turn|2\n|\n|t:|1776138024\n|move|p2a: Gengar|Protect|p2a: Gengar\n|-singleturn|p2a: Gengar|Protect\n|move|p1b: Garchomp|Earthquake|p2a: Gengar|[spread] p1a,p2b\n|-activate|p2a: Gengar|move: Protect\n|-supereffective|p1a: Klefki|1\n|-supereffective|p2b: Incineroar|1\n|-damage|p1a: Klefki|55/100\n|-damage|p2b: Incineroar|52/100\n|move|p2b: Incineroar|Parting Shot|p1b: Garchomp\n|-unboost|p1b: Garchomp|atk|1\n|-unboost|p1b: Garchomp|spa|1\n|\n|t:|1776138035\n|switch|p2b: Palafin|Palafin, L50, F|100/100|[from] Parting Shot\n|move|p1a: Klefki|Trick Room|p1a: Klefki\n|-fieldstart|move: Trick Room|[of] p1a: Klefki\n|\n|upkeep\n|turn|3\n|inactive|AtomicTwilight has 30 seconds left.\n|inactive|AtomicTwilight has 20 seconds left.\n|inactive|AtomicTwilight has 15 seconds left.\n|\n|t:|1776138079\n|detailschange|p2b: Palafin|Palafin-Hero, L50, F\n|switch|p2b: Incineroar|Incineroar, L50, M|52/100\n|-ability|p2b: Incineroar|Intimidate|boost\n|-unboost|p1a: Klefki|atk|1\n|-unboost|p1b: Garchomp|atk|1\n|switch|p2a: Primarina|Primarina, L50, F|100/100\n|detailschange|p1b: Garchomp|Garchomp-Mega, L50, F\n|-mega|p1b: Garchomp|Garchomp|Garchompite\n|move|p1a: Klefki|Sandstorm|p1a: Klefki\n|-weather|Sandstorm\n|move|p1b: Garchomp|Earthquake|p2a: Primarina|[spread] p1a,p2a,p2b\n|-supereffective|p1a: Klefki|1\n|-supereffective|p2b: Incineroar|1\n|-damage|p1a: Klefki|11/100\n|-damage|p2a: Primarina|68/100\n|-damage|p2b: Incineroar|9/100\n|-enditem|p2b: Incineroar|Sitrus Berry|[eat]\n|-heal|p2b: Incineroar|34/100|[from] item: Sitrus Berry\n|\n|-weather|Sandstorm|[upkeep]\n|-damage|p2a: Primarina|63/100|[from] Sandstorm\n|-damage|p2b: Incineroar|28/100|[from] Sandstorm\n|-heal|p2a: Primarina|68/100|[from] item: Leftovers\n|upkeep\n|turn|4\n|\n|t:|1776138101\n|move|p1b: Garchomp|Protect|p1b: Garchomp\n|-singleturn|p1b: Garchomp|Protect\n|move|p1a: Klefki|Sandstorm||[still]\n|-fail|p1a: Klefki\n|move|p2a: Primarina|Calm Mind|p2a: Primarina\n|-boost|p2a: Primarina|spa|1\n|-boost|p2a: Primarina|spd|1\n|move|p2b: Incineroar|Will-O-Wisp|p1b: Garchomp\n|-activate|p1b: Garchomp|move: Protect\n|\n|-weather|Sandstorm|[upkeep]\n|-damage|p2a: Primarina|63/100|[from] Sandstorm\n|-damage|p2b: Incineroar|22/100|[from] Sandstorm\n|-heal|p2a: Primarina|68/100|[from] item: Leftovers\n|upkeep\n|turn|5\n|\n|t:|1776138118\n|switch|p1a: Chesnaught|Chesnaught, L50, F|100/100\n|move|p2a: Primarina|Moonblast|p1b: Garchomp\n|-supereffective|p1b: Garchomp|1\n|-damage|p1b: Garchomp|0 fnt\n|faint|p1b: Garchomp\n|move|p2b: Incineroar|Parting Shot|p1a: Chesnaught\n|-unboost|p1a: Chesnaught|atk|1\n|-unboost|p1a: Chesnaught|spa|1\n|-message|BOKha forfeited.\n|\n|win|AtomicTwilight\n|raw|BOKha's rating: 1145 &rarr; <strong>1115</strong><br />(-30 for losing)\n|raw|AtomicTwilight's rating: 1073 &rarr; <strong>1108</strong><br />(+35 for winning)\n|l|\u2606BOKha\n|player|p1|\n",
  "uploadtime": 1776138128,
  "views": 14,
  "formatid": "gen9championsvgc2026regma",
  "rating": 1108,
  "private": 0,
  "password": null
}