{
  "id": "gen9championsvgc2026regma-2583388137",
  "format": "[Gen 9 Champions] VGC 2026 Reg M-A",
  "players": [
    "lokimaru777",
    "Golurk365"
  ],
  "log": "|j|\u2606lokimaru777\n|j|\u2606Golurk365\n|t:|1776172201\n|gametype|doubles\n|player|p1|lokimaru777|dawn|1097\n|player|p2|Golurk365|hugh|1046\n|gen|9\n|tier|[Gen 9 Champions] VGC 2026 Reg M-A\n|rated|\n|rule|Species Clause: Limit one of each Pok\u00e9mon\n|rule|Item Clause: Limit 1 of each item\n|clearpoke\n|poke|p1|Basculegion, L50, M|\n|poke|p1|Sneasler, L50, M|\n|poke|p1|Kangaskhan, L50, F|\n|poke|p1|Farigiraf, L50, M|\n|poke|p1|Kingambit, L50, F|\n|poke|p1|Incineroar, L50, M|\n|poke|p2|Golurk, L50|\n|poke|p2|Whimsicott, L50, F|\n|poke|p2|Basculegion, L50, M|\n|poke|p2|Incineroar, L50, F|\n|poke|p2|Tyranitar, L50, M|\n|poke|p2|Archaludon, L50, F|\n|teampreview|4\n|inactive|Battle timer is ON: inactive players will automatically lose when time's up. (requested by Golurk365)\n|\n|t:|1776172228\n|teamsize|p1|4\n|teamsize|p2|4\n|start\n|switch|p1a: Incineroar|Incineroar, L50, M|100/100\n|switch|p1b: Farigiraf|Farigiraf, L50, M|100/100\n|switch|p2a: Archaludon|Archaludon, L50, F|100/100\n|switch|p2b: Whimsicott|Whimsicott, L50, F|100/100\n|-ability|p1a: Incineroar|Intimidate|boost\n|-unboost|p2a: Archaludon|atk|1\n|-unboost|p2b: Whimsicott|atk|1\n|-enditem|p2a: Archaludon|White Herb\n|-clearnegativeboost|p2a: Archaludon|[silent]\n|turn|1\n|inactive|Golurk365 has 30 seconds left.\n|\n|t:|1776172257\n|switch|p2b: Tyranitar|Tyranitar, L50, M|100/100\n|-weather|Sandstorm|[from] ability: Sand Stream|[of] p2b: Tyranitar\n|move|p1a: Incineroar|Fake Out|p2b: Tyranitar\n|-resisted|p2b: Tyranitar|1\n|-damage|p2b: Tyranitar|94/100\n|move|p2a: Archaludon|Flash Cannon|p1b: Farigiraf\n|-crit|p1b: Farigiraf\n|-damage|p1b: Farigiraf|39/100\n|move|p1b: Farigiraf|Trick Room|p1b: Farigiraf\n|-fieldstart|move: Trick Room|[of] p1b: Farigiraf\n|\n|-weather|Sandstorm|[upkeep]\n|-damage|p1b: Farigiraf|33/100|[from] Sandstorm\n|-damage|p1a: Incineroar|95/100|[from] Sandstorm\n|-heal|p1b: Farigiraf|39/100|[from] item: Leftovers\n|upkeep\n|turn|2\n|inactive|Golurk365 has 30 seconds left.\n|\n|t:|1776172286\n|switch|p1b: Kingambit|Kingambit, L50, F|100/100\n|move|p1a: Incineroar|Parting Shot|p2a: Archaludon\n|-unboost|p2a: Archaludon|atk|1\n|-unboost|p2a: Archaludon|spa|1\n|\n|t:|1776172293\n|switch|p1a: Kangaskhan|Kangaskhan, L50, F|100/100|[from] Parting Shot\n|move|p2b: Tyranitar|High Horsepower|p1b: Kingambit\n|-supereffective|p1b: Kingambit|1\n|-damage|p1b: Kingambit|45/100\n|move|p2a: Archaludon|Dragon Pulse|p1a: Kangaskhan\n|-damage|p1a: Kangaskhan|72/100\n|\n|-weather|Sandstorm|[upkeep]\n|-damage|p1a: Kangaskhan|65/100|[from] Sandstorm\n|upkeep\n|turn|3\n|\n|t:|1776172317\n|detailschange|p1a: Kangaskhan|Kangaskhan-Mega, L50, F\n|-mega|p1a: Kangaskhan|Kangaskhan|Kangaskhanite\n|move|p1a: Kangaskhan|Fake Out|p2a: Archaludon\n|-resisted|p2a: Archaludon|1\n|-damage|p2a: Archaludon|90/100\n|-resisted|p2a: Archaludon|1\n|-damage|p2a: Archaludon|88/100\n|-hitcount|p2a: Archaludon|2\n|move|p1b: Kingambit|Low Kick|p2b: Tyranitar\n|-supereffective|p2b: Tyranitar|2\n|-enditem|p2b: Tyranitar|Chople Berry|[eat]\n|-enditem|p2b: Tyranitar|Chople Berry|[weaken]\n|-damage|p2b: Tyranitar|3/100\n|move|p2b: Tyranitar|Rock Slide|p1a: Kangaskhan|[spread] p1a,p1b\n|-resisted|p1b: Kingambit|1\n|-damage|p1a: Kangaskhan|35/100\n|-damage|p1b: Kingambit|32/100\n|cant|p2a: Archaludon|flinch\n|\n|-weather|Sandstorm|[upkeep]\n|-damage|p1a: Kangaskhan|29/100|[from] Sandstorm\n|upkeep\n|turn|4\n|inactive|lokimaru777 has 30 seconds left.\n|inactive|Golurk365 has 30 seconds left.\n|\n|t:|1776172345\n|move|p1b: Kingambit|Low Kick|p2a: Archaludon\n|-supereffective|p2a: Archaludon|1\n|-damage|p2a: Archaludon|28/100\n|move|p2b: Tyranitar|Rock Slide|p1a: Kangaskhan|[spread] p1a,p1b\n|-resisted|p1b: Kingambit|1\n|-damage|p1a: Kangaskhan|2/100\n|-damage|p1b: Kingambit|19/100\n|move|p1a: Kangaskhan|Drain Punch|p2a: Archaludon\n|-supereffective|p2a: Archaludon|1\n|-damage|p2a: Archaludon|0 fnt\n|-heal|p1a: Kangaskhan|13/100|[from] drain|[of] p2a: Archaludon\n|faint|p2a: Archaludon\n|-hitcount|p2: Archaludon|1\n|\n|-weather|Sandstorm|[upkeep]\n|-damage|p1a: Kangaskhan|7/100|[from] Sandstorm\n|upkeep\n|\n|t:|1776172360\n|switch|p2a: Golurk|Golurk, L50|100/100\n|turn|5\n|\n|t:|1776172372\n|detailschange|p2a: Golurk|Golurk-Mega, L50\n|-mega|p2a: Golurk|Golurk|Golurkite\n|move|p2a: Golurk|Protect|p2a: Golurk\n|-singleturn|p2a: Golurk|Protect\n|move|p1b: Kingambit|Sucker Punch||[still]\n|-fail|p1b: Kingambit\n|move|p1a: Kangaskhan|Sucker Punch||[still]\n|-fail|p1a: Kangaskhan\n|move|p2b: Tyranitar|Rock Slide|p1b: Kingambit|[spread] p1a,p1b\n|-resisted|p1b: Kingambit|1\n|-damage|p1a: Kangaskhan|0 fnt\n|-damage|p1b: Kingambit|6/100\n|faint|p1a: Kangaskhan\n|\n|-weather|none\n|-fieldend|move: Trick Room\n|upkeep\n|\n|t:|1776172386\n|switch|p1a: Incineroar|Incineroar, L50, M|95/100\n|-ability|p1a: Incineroar|Intimidate|boost\n|-unboost|p2a: Golurk|atk|1\n|-unboost|p2b: Tyranitar|atk|1\n|turn|6\n|\n|t:|1776172394\n|switch|p2a: Whimsicott|Whimsicott, L50, F|100/100\n|move|p1a: Incineroar|Fake Out|p2b: Tyranitar\n|-resisted|p2b: Tyranitar|1\n|-damage|p2b: Tyranitar|0 fnt\n|faint|p2b: Tyranitar\n|move|p1b: Kingambit|Sucker Punch||[still]\n|-fail|p1b: Kingambit\n|\n|upkeep\n|\n|t:|1776172400\n|switch|p2b: Golurk|Golurk-Mega, L50|100/100\n|turn|7\n|\n|t:|1776172416\n|switch|p1a: Farigiraf|Farigiraf, L50, M|39/100\n|move|p1b: Kingambit|Sucker Punch|p2b: Golurk\n|-supereffective|p2b: Golurk|1\n|-damage|p2b: Golurk|13/100\n|move|p2a: Whimsicott|Moonblast|p1b: Kingambit\n|-damage|p1b: Kingambit|0 fnt\n|faint|p1b: Kingambit\n|move|p2b: Golurk|Headlong Rush|p1a: Farigiraf\n|-damage|p1a: Farigiraf|0 fnt\n|-unboost|p2b: Golurk|def|1\n|-unboost|p2b: Golurk|spd|1\n|faint|p1a: Farigiraf\n|\n|upkeep\n|\n|t:|1776172430\n|switch|p1b: Incineroar|Incineroar, L50, M|95/100\n|-ability|p1b: Incineroar|Intimidate|boost\n|-unboost|p2a: Whimsicott|atk|1\n|-unboost|p2b: Golurk|atk|1\n|turn|8\n|\n|t:|1776172440\n|move|p2a: Whimsicott|Moonblast|p1b: Incineroar\n|-damage|p1b: Incineroar|72/100\n|move|p2b: Golurk|Headlong Rush|p1b: Incineroar\n|-supereffective|p1b: Incineroar|1\n|-damage|p1b: Incineroar|0 fnt\n|-unboost|p2b: Golurk|def|1\n|-unboost|p2b: Golurk|spd|1\n|faint|p1b: Incineroar\n|\n|win|Golurk365\n|raw|lokimaru777's rating: 1097 &rarr; <strong>1069</strong><br />(-28 for losing)\n|raw|Golurk365's rating: 1046 &rarr; <strong>1084</strong><br />(+38 for winning)\n|l|\u2606lokimaru777\n|player|p1|\n",
  "uploadtime": 1776172445,
  "views": 11,
  "formatid": "gen9championsvgc2026regma",
  "rating": 1069,
  "private": 0,
  "password": null
}