{
  "id": "gen9championsvgc2026regma-2587686715",
  "format": "[Gen 9 Champions] VGC 2026 Reg M-A",
  "players": [
    "WumblesNSuch",
    "sturdy=quit"
  ],
  "log": "|j|\u2606WumblesNSuch\n|j|\u2606sturdy=quit\n|t:|1776553887\n|gametype|doubles\n|player|p1|WumblesNSuch|blue|1174\n|player|p2|sturdy=quit|265|1108\n|gen|9\n|tier|[Gen 9 Champions] VGC 2026 Reg M-A\n|rated|\n|rule|Species Clause: Limit one of each Pok\u00e9mon\n|rule|Item Clause: Limit 1 of each item\n|clearpoke\n|poke|p1|Azumarill, L50, F|\n|poke|p1|Gengar, L50, F|\n|poke|p1|Pelipper, L50, F|\n|poke|p1|Archaludon, L50, F|\n|poke|p1|Sinistcha, L50|\n|poke|p1|Garchomp, L50, M|\n|poke|p2|Manectric, L50, M|\n|poke|p2|Incineroar, L50, F|\n|poke|p2|Rotom-Mow, L50|\n|poke|p2|Diggersby, L50, M|\n|poke|p2|Conkeldurr, L50, M|\n|poke|p2|Tinkaton, L50, F|\n|teampreview|4\n|inactive|Battle timer is ON: inactive players will automatically lose when time's up. (requested by sturdy=quit)\n|inactive|sturdy=quit has 60 seconds left.\n|\n|t:|1776553921\n|teamsize|p1|4\n|teamsize|p2|4\n|start\n|switch|p1a: Gengar|Gengar, L50, F|100/100\n|switch|p1b: Garchomp|Garchomp, L50, M|100/100\n|switch|p2a: Diggersby|Diggersby, L50, M|100/100\n|switch|p2b: Manectric|Manectric, L50, M|100/100\n|turn|1\n|inactive|WumblesNSuch has 30 seconds left.\n|\n|t:|1776553948\n|switch|p2b: Rotom|Rotom-Mow, L50|100/100\n|detailschange|p1a: Gengar|Gengar-Mega, L50, F\n|-mega|p1a: Gengar|Gengar|Gengarite\n|move|p2a: Diggersby|Earthquake|p1a: Gengar|[spread] p1a,p1b\n|-immune|p2b: Rotom|[from] ability: Levitate\n|-supereffective|p1a: Gengar|1\n|-damage|p1a: Gengar|0 fnt\n|-damage|p1b: Garchomp|53/100\n|faint|p1a: Gengar\n|move|p1b: Garchomp|Dragon Claw|p2b: Rotom\n|-damage|p2b: Rotom|65/100\n|\n|upkeep\n|\n|t:|1776553960\n|switch|p1a: Pelipper|Pelipper, L50, F|100/100\n|-weather|RainDance|[from] ability: Drizzle|[of] p1a: Pelipper\n|turn|2\n|\n|t:|1776553982\n|switch|p2a: Incineroar|Incineroar, L50, F|100/100\n|-ability|p2a: Incineroar|Intimidate|boost\n|-unboost|p1a: Pelipper|atk|1\n|-unboost|p1b: Garchomp|atk|1\n|-enditem|p1b: Garchomp|White Herb\n|-clearnegativeboost|p1b: Garchomp|[silent]\n|move|p1a: Pelipper|Muddy Water|p2a: Incineroar|[spread] p2a,p2b\n|-supereffective|p2a: Incineroar|1\n|-resisted|p2b: Rotom|1\n|-damage|p2a: Incineroar|35/100\n|-damage|p2b: Rotom|46/100\n|-enditem|p2a: Incineroar|Sitrus Berry|[eat]\n|-heal|p2a: Incineroar|60/100|[from] item: Sitrus Berry\n|move|p1b: Garchomp|Dragon Claw|p2b: Rotom\n|-damage|p2b: Rotom|8/100\n|move|p2b: Rotom|Volt Switch|p1a: Pelipper\n|-supereffective|p1a: Pelipper|2\n|-damage|p1a: Pelipper|0 fnt\n|faint|p1a: Pelipper\n|\n|t:|1776553995\n|switch|p2b: Manectric|Manectric, L50, M|100/100|[from] Volt Switch\n|\n|-weather|RainDance|[upkeep]\n|upkeep\n|\n|t:|1776553999\n|switch|p1a: Azumarill|Azumarill, L50, F|100/100\n|turn|3\n|\n|t:|1776554017\n|detailschange|p2b: Manectric|Manectric-Mega, L50, M\n|-mega|p2b: Manectric|Manectric|Manectite\n|-ability|p2b: Manectric|Intimidate|boost\n|-unboost|p1a: Azumarill|atk|1\n|-unboost|p1b: Garchomp|atk|1\n|move|p1a: Azumarill|Protect|p1a: Azumarill\n|-singleturn|p1a: Azumarill|Protect\n|move|p2a: Incineroar|Fake Out|p1b: Garchomp\n|-damage|p1b: Garchomp|37/100\n|-damage|p2a: Incineroar|48/100|[from] ability: Rough Skin|[of] p1b: Garchomp\n|move|p2b: Manectric|Volt Switch|p1a: Azumarill\n|-activate|p1a: Azumarill|move: Protect\n|cant|p1b: Garchomp|flinch\n|\n|-weather|RainDance|[upkeep]\n|upkeep\n|turn|4\n|inactive|sturdy=quit has 30 seconds left.\n|\n|t:|1776554042\n|move|p1a: Azumarill|Aqua Jet|p2a: Incineroar\n|-supereffective|p2a: Incineroar|1\n|-damage|p2a: Incineroar|0 fnt\n|faint|p2a: Incineroar\n|move|p2b: Manectric|Volt Switch|p1a: Azumarill\n|-supereffective|p1a: Azumarill|1\n|-damage|p1a: Azumarill|26/100\n|\n|t:|1776554050\n|switch|p2b: Rotom|Rotom-Mow, L50|8/100|[from] Volt Switch\n|move|p1b: Garchomp|Rock Slide|p2b: Rotom|[miss]\n|-miss|p1b: Garchomp|p2b: Rotom\n|\n|-weather|RainDance|[upkeep]\n|upkeep\n|\n|t:|1776554057\n|switch|p2a: Diggersby|Diggersby, L50, M|100/100\n|turn|5\n|\n|t:|1776554067\n|switch|p2b: Manectric|Manectric-Mega, L50, M|100/100\n|-ability|p2b: Manectric|Intimidate|boost\n|-unboost|p1a: Azumarill|atk|1\n|-unboost|p1b: Garchomp|atk|1\n|move|p1a: Azumarill|Aqua Jet|p2a: Diggersby\n|-supereffective|p2a: Diggersby|1\n|-damage|p2a: Diggersby|35/100\n|move|p2a: Diggersby|Earthquake|p1b: Garchomp|[spread] p2b,p1a,p1b\n|-supereffective|p2b: Manectric|1\n|-damage|p2b: Manectric|0 fnt\n|-damage|p1a: Azumarill|0 fnt\n|-damage|p1b: Garchomp|0 fnt\n|faint|p2b: Manectric\n|faint|p1a: Azumarill\n|faint|p1b: Garchomp\n|\n|win|sturdy=quit\n|raw|WumblesNSuch's rating: 1174 &rarr; <strong>1144</strong><br />(-30 for losing)\n|raw|sturdy=quit's rating: 1108 &rarr; <strong>1138</strong><br />(+30 for winning)\n",
  "uploadtime": 1776554067,
  "views": 11,
  "formatid": "gen9championsvgc2026regma",
  "rating": 1138,
  "private": 0,
  "password": null
}