{
  "id": "gen9championsvgc2026regma-2589413079",
  "format": "[Gen 9 Champions] VGC 2026 Reg M-A",
  "players": [
    "flachmatucht",
    "rileyscott64"
  ],
  "log": "|j|\u2606flachmatucht\n|j|\u2606rileyscott64\n|t:|1776720883\n|gametype|doubles\n|player|p1|flachmatucht|102|1147\n|player|p2|rileyscott64|169|1173\n|gen|9\n|tier|[Gen 9 Champions] VGC 2026 Reg M-A\n|rated|\n|rule|Species Clause: Limit one of each Pok\u00e9mon\n|rule|Item Clause: Limit 1 of each item\n|clearpoke\n|poke|p1|Froslass, L50, F|\n|poke|p1|Clefable, L50, M|\n|poke|p1|Beartic, L50, F|\n|poke|p1|Aegislash, L50, M|\n|poke|p1|Incineroar, L50, M|\n|poke|p1|Sinistcha-Masterpiece, L50|\n|poke|p2|Scizor, L50, F|\n|poke|p2|Kangaskhan, L50, F|\n|poke|p2|Quaquaval, L50, F|\n|poke|p2|Incineroar, L50, F|\n|poke|p2|Sinistcha, L50|\n|poke|p2|Sneasler, L50, F|\n|teampreview|4\nflachmatucht has agreed to open team sheets.\nrileyscott64 rejected open team sheets.\n|inactive|Battle timer is ON: inactive players will automatically lose when time's up. (requested by flachmatucht)\n|\n|t:|1776720914\n|teamsize|p1|4\n|teamsize|p2|4\n|start\n|switch|p1a: Froslass|Froslass, L50, F|100/100\n|switch|p1b: Beartic|Beartic, L50, F|100/100\n|switch|p2a: Quaquaval|Quaquaval, L50, F|100/100\n|switch|p2b: Sneasler|Sneasler, L50, F|100/100\n|turn|1\n|inactive|flachmatucht has 30 seconds left.\n|inactive|flachmatucht has 20 seconds left.\n|inactive|flachmatucht has 15 seconds left.\n|\n|t:|1776720956\n|detailschange|p1a: Froslass|Froslass-Mega, L50, F\n|-mega|p1a: Froslass|Froslass|Froslassite\n|-weather|Snowscape|[from] ability: Snow Warning|[of] p1a: Froslass\n|move|p2b: Sneasler|Fake Out|p1b: Beartic\n|-damage|p1b: Beartic|89/100\n|move|p2a: Quaquaval|Close Combat|p1b: Beartic\n|-supereffective|p1b: Beartic|1\n|-damage|p1b: Beartic|0 fnt\n|-unboost|p2a: Quaquaval|def|1\n|-unboost|p2a: Quaquaval|spd|1\n|faint|p1b: Beartic\n|-ability|p2a: Quaquaval|Moxie|boost\n|-boost|p2a: Quaquaval|atk|1\n|move|p1a: Froslass|Blizzard|p2b: Sneasler|[spread] p2a,p2b\n|-resisted|p2a: Quaquaval|1\n|-damage|p2a: Quaquaval|46/100\n|-damage|p2b: Sneasler|34/100\n|-status|p2a: Quaquaval|frz\n|\n|-weather|Snowscape|[upkeep]\n|upkeep\n|\n|t:|1776720976\n|switch|p1b: Incineroar|Incineroar, L50, M|100/100\n|-ability|p1b: Incineroar|Intimidate|boost\n|-unboost|p2a: Quaquaval|atk|1\n|-unboost|p2b: Sneasler|atk|1\n|-enditem|p2b: Sneasler|White Herb\n|-clearnegativeboost|p2b: Sneasler|[silent]\n|turn|2\n|\n|t:|1776720987\n|move|p2b: Sneasler|Protect|p2b: Sneasler\n|-singleturn|p2b: Sneasler|Protect\n|move|p1b: Incineroar|Fake Out|p2b: Sneasler\n|-activate|p2b: Sneasler|move: Protect\n|cant|p2a: Quaquaval|frz\n|move|p1a: Froslass|Blizzard|p2a: Quaquaval|[spread] p2a\n|-activate|p2b: Sneasler|move: Protect\n|-resisted|p2a: Quaquaval|1\n|-damage|p2a: Quaquaval|0 fnt\n|faint|p2a: Quaquaval\n|\n|-weather|Snowscape|[upkeep]\n|upkeep\n|\n|t:|1776721001\n|switch|p2a: Scizor|Scizor, L50, F|100/100\n|turn|3\n|\n|t:|1776721008\n|switch|p1a: Clefable|Clefable, L50, M|100/100\n|detailschange|p2a: Scizor|Scizor-Mega, L50, F\n|-mega|p2a: Scizor|Scizor|Scizorite\n|move|p2a: Scizor|Bullet Punch|p1a: Clefable\n|-supereffective|p1a: Clefable|1\n|-damage|p1a: Clefable|41/100\n|move|p2b: Sneasler|Close Combat|p1b: Incineroar\n|-supereffective|p1b: Incineroar|1\n|-damage|p1b: Incineroar|0 fnt\n|-unboost|p2b: Sneasler|def|1\n|-unboost|p2b: Sneasler|spd|1\n|faint|p1b: Incineroar\n|\n|-weather|Snowscape|[upkeep]\n|-heal|p1a: Clefable|47/100|[from] item: Leftovers\n|upkeep\n|\n|t:|1776721017\n|switch|p1b: Froslass|Froslass-Mega, L50, F|100/100\n|turn|4\n|\n|t:|1776721029\n|move|p1a: Clefable|Follow Me|p1a: Clefable\n|-singleturn|p1a: Clefable|move: Follow Me\n|move|p2b: Sneasler|Dire Claw|p1a: Clefable\n|-supereffective|p1a: Clefable|1\n|-damage|p1a: Clefable|0 fnt\n|faint|p1a: Clefable\n|move|p1b: Froslass|Aurora Veil|p1b: Froslass\n|-sidestart|p1: flachmatucht|move: Aurora Veil\n|move|p2a: Scizor|Swords Dance|p2a: Scizor\n|-boost|p2a: Scizor|atk|2\n|\n|-weather|Snowscape|[upkeep]\n|upkeep\n|turn|5\n|\n|t:|1776721043\n|move|p2a: Scizor|Bullet Punch|p1b: Froslass\n|-supereffective|p1b: Froslass|1\n|-damage|p1b: Froslass|0 fnt\n|faint|p1b: Froslass\n|\n|win|rileyscott64\n|raw|flachmatucht's rating: 1147 &rarr; <strong>1124</strong><br />(-23 for losing)\n|raw|rileyscott64's rating: 1173 &rarr; <strong>1196</strong><br />(+23 for winning)\n|l|\u2606flachmatucht\n|player|p1|\n",
  "uploadtime": 1776721048,
  "views": 6,
  "formatid": "gen9championsvgc2026regma",
  "rating": 1124,
  "private": 0,
  "password": null
}