{
  "id": "gen9championsvgc2026regma-2582806667",
  "format": "[Gen 9 Champions] VGC 2026 Reg M-A",
  "players": [
    "Spplaart",
    "Heracross Catcher"
  ],
  "log": "|j|\u2606Spplaart\n|j|\u2606Heracross Catcher\n|t:|1776115555\n|gametype|doubles\n|player|p1|Spplaart|hiker-gen4|1139\n|player|p2|Heracross Catcher|baker|1102\n|gen|9\n|tier|[Gen 9 Champions] VGC 2026 Reg M-A\n|rated|\n|rule|Species Clause: Limit one of each Pok\u00e9mon\n|rule|Item Clause: Limit 1 of each item\n|clearpoke\n|poke|p1|Tyranitar, L50, F|\n|poke|p1|Charizard, L50, F|\n|poke|p1|Whimsicott, L50, F|\n|poke|p1|Incineroar, L50, F|\n|poke|p1|Sneasler, L50, F|\n|poke|p1|Greninja-*, L50, F|\n|poke|p2|Kangaskhan, L50, F|\n|poke|p2|Talonflame, L50, F|\n|poke|p2|Zoroark-Hisui, L50, F|\n|poke|p2|Typhlosion-Hisui, L50, M|\n|poke|p2|Kingambit, L50, F|\n|poke|p2|Vivillon-Icy Snow, L50, F|\n|teampreview|4\n|\n|t:|1776115639\n|teamsize|p1|4\n|teamsize|p2|4\n|start\n|switch|p1a: Tyranitart|Tyranitar, L50, F|100/100\n|switch|p1b: Greninja|Greninja, L50, F|100/100\n|switch|p2a: Kangaskhan|Kangaskhan, L50, F|100/100\n|switch|p2b: Vivillon|Vivillon-Icy Snow, L50, F|100/100\n|-weather|Sandstorm|[from] ability: Sand Stream|[of] p1a: Tyranitart\n|turn|1\n|\n|t:|1776115662\n|detailschange|p2a: Kangaskhan|Kangaskhan-Mega, L50, F\n|-mega|p2a: Kangaskhan|Kangaskhan|Kangaskhanite\n|move|p2a: Kangaskhan|Fake Out|p1b: Greninja\n|-damage|p1b: Greninja|64/100\n|-damage|p1b: Greninja|55/100\n|-hitcount|p1b: Greninja|2\n|cant|p1b: Greninja|flinch\n|move|p2b: Vivillon|Sleep Powder|p1a: Tyranitart\n|-status|p1a: Tyranitart|slp|[from] move: Sleep Powder\n|cant|p1a: Tyranitart|slp\n|\n|-weather|Sandstorm|[upkeep]\n|-damage|p1b: Greninja|49/100|[from] Sandstorm\n|-damage|p2b: Vivillon|95/100|[from] Sandstorm\n|-damage|p2a: Kangaskhan|94/100|[from] Sandstorm\n|upkeep\n|turn|2\n|\n|t:|1776115690\n|move|p2b: Vivillon|Rage Powder|p2b: Vivillon\n|-singleturn|p2b: Vivillon|move: Rage Powder\n|move|p1b: Greninja|Weather Ball|p2b: Vivillon\n|-start|p1b: Greninja|typechange|Rock|[from] ability: Protean\n|-supereffective|p2b: Vivillon|2\n|-damage|p2b: Vivillon|0 fnt\n|faint|p2b: Vivillon\n|move|p2a: Kangaskhan|Double-Edge|p1b: Greninja\n|-resisted|p1b: Greninja|1\n|-damage|p1b: Greninja|0 fnt\n|faint|p1b: Greninja\n|-hitcount|p1: Greninja|1\n|-damage|p2a: Kangaskhan|81/100|[from] Recoil\n|cant|p1a: Tyranitart|slp\n|\n|-weather|Sandstorm|[upkeep]\n|-damage|p2a: Kangaskhan|75/100|[from] Sandstorm\n|upkeep\n|\n|t:|1776115704\n|switch|p1b: Charizart|Charizard, L50, F|100/100\n|switch|p2b: Talonflame|Talonflame, L50, F|100/100\n|turn|3\n|\n|t:|1776115729\n|detailschange|p1b: Charizart|Charizard-Mega-Y, L50, F\n|-mega|p1b: Charizart|Charizard|Charizardite Y\n|-weather|SunnyDay|[from] ability: Drought|[of] p1b: Charizart\n|move|p2b: Talonflame|Hyper Voice|p1b: Charizart|[spread] p1a,p1b\n|-resisted|p1a: Tyranitart|1\n|-damage|p1a: Tyranitart|83/100 slp\n|-damage|p1b: Charizart|61/100\n|move|p1b: Charizart|Heat Wave|p2a: Kangaskhan|[spread] p2a\n|-miss|p1b: Charizart|p2b: Talonflame\n|-damage|p2a: Kangaskhan|14/100\n|move|p2a: Kangaskhan|Double-Edge|p1b: Charizart\n|-damage|p1b: Charizart|0 fnt\n|faint|p1b: Charizart\n|-hitcount|p1: Charizart|1\n|-damage|p2a: Kangaskhan|0 fnt|[from] Recoil\n|faint|p2a: Kangaskhan\n|-curestatus|p1a: Tyranitart|slp|[msg]\n|move|p1a: Tyranitart|Rock Slide|p2b: Talonflame\n|-damage|p2b: Talonflame|7/100\n|replace|p2b: Zoroark|Zoroark-Hisui, L50, F\n|-end|p2b: Zoroark|Illusion\n|\n|-weather|SunnyDay|[upkeep]\n|upkeep\n|\n|t:|1776115753\n|switch|p1b: Hate|Incineroar, L50, F|100/100\n|switch|p2a: Talonflame|Talonflame, L50, F|100/100\n|-ability|p1b: Hate|Intimidate|boost\n|-unboost|p2a: Talonflame|atk|1\n|-unboost|p2b: Zoroark|atk|1\n|turn|4\n|\n|t:|1776115762\n|move|p2a: Talonflame|Upper Hand|p1b: Hate\n|-supereffective|p1b: Hate|1\n|-damage|p1b: Hate|79/100\n|cant|p1b: Hate|flinch\n|move|p2b: Zoroark|Focus Blast|p1a: Tyranitart\n|-supereffective|p1a: Tyranitart|2\n|-damage|p1a: Tyranitart|0 fnt\n|faint|p1a: Tyranitart\n|\n|-weather|SunnyDay|[upkeep]\n|upkeep\n|turn|5\n|c|\u2606Spplaart|I hope you experience tragedy soon\n|-message|Spplaart forfeited.\n|\n|win|Heracross Catcher\n|raw|Spplaart's rating: 1139 &rarr; <strong>1111</strong><br />(-28 for losing)\n|raw|Heracross Catcher's rating: 1102 &rarr; <strong>1130</strong><br />(+28 for winning)\n||Ladder isn't responding, score probably updated but might not have (Forbidden).\n|l|\u2606Spplaart\n|player|p1|\n",
  "uploadtime": 1776115800,
  "views": 15,
  "formatid": "gen9championsvgc2026regma",
  "rating": 1111,
  "private": 0,
  "password": null
}