{
  "id": "gen9championsvgc2026regma-2585057055",
  "format": "[Gen 9 Champions] VGC 2026 Reg M-A",
  "players": [
    "acrophobicavian",
    "mydekq"
  ],
  "log": "|j|\u2606acrophobicavian\n|j|\u2606mydekq\n|t:|1776307418\n|gametype|doubles\n|player|p1|acrophobicavian|colress-gen7|1130\n|player|p2|mydekq|170|1156\n|gen|9\n|tier|[Gen 9 Champions] VGC 2026 Reg M-A\n|rated|\n|rule|Species Clause: Limit one of each Pok\u00e9mon\n|rule|Item Clause: Limit 1 of each item\n|clearpoke\n|poke|p1|Sableye, L50, F|\n|poke|p1|Gardevoir, L50, M|\n|poke|p1|Milotic, L50, M|\n|poke|p1|Sinistcha, L50|\n|poke|p1|Lucario, L50, M|\n|poke|p1|Rotom-Heat, L50|\n|poke|p2|Garchomp, L50, F|\n|poke|p2|Rotom-Frost, L50|\n|poke|p2|Incineroar, L50, F|\n|poke|p2|Aerodactyl, L50, F|\n|poke|p2|Basculegion, L50, M|\n|poke|p2|Froslass, L50, F|\n|teampreview|4\n|\n|t:|1776307480\n|teamsize|p1|4\n|teamsize|p2|4\n|start\n|switch|p1a: MMMMM. BEEP.|Rotom-Heat, L50|100/100\n|switch|p1b: Aurora|Milotic, L50, M|100/100\n|switch|p2a: Garchomp|Garchomp, L50, F|100/100\n|switch|p2b: Rotom|Rotom-Frost, L50|100/100\n|turn|1\n|\n|t:|1776307520\n|switch|p2a: Basculegion|Basculegion, L50, M|100/100\n|move|p1a: MMMMM. BEEP.|Will-O-Wisp|p2a: Basculegion\n|-status|p2a: Basculegion|brn\n|move|p2b: Rotom|Thunderbolt|p1b: Aurora\n|-supereffective|p1b: Aurora|1\n|-damage|p1b: Aurora|37/100\n|move|p1b: Aurora|Icy Wind|p2a: Basculegion|[spread] p2a,p2b\n|-resisted|p2a: Basculegion|1\n|-resisted|p2b: Rotom|1\n|-damage|p2a: Basculegion|95/100 brn\n|-damage|p2b: Rotom|95/100\n|-unboost|p2a: Basculegion|spe|1\n|-unboost|p2b: Rotom|spe|1\n|\n|-heal|p1b: Aurora|43/100|[from] item: Leftovers\n|-damage|p2a: Basculegion|89/100 brn|[from] brn\n|upkeep\n|turn|2\n|\n|t:|1776307546\n|switch|p1a: President|Sinistcha, L50|100/100\n|-heal|p1b: Aurora|68/100|[from] ability: Hospitality|[of] p1a: President\n|move|p2a: Basculegion|Wave Crash|p1a: President\n|-resisted|p1a: President|1\n|-damage|p1a: President|87/100\n|-damage|p2a: Basculegion|85/100 brn|[from] Recoil\n|move|p1b: Aurora|Icy Wind|p2a: Basculegion|[spread] p2b\n|-miss|p1b: Aurora|p2a: Basculegion\n|-resisted|p2b: Rotom|1\n|-crit|p2b: Rotom\n|-damage|p2b: Rotom|87/100\n|-unboost|p2b: Rotom|spe|1\n|move|p2b: Rotom|Thunderbolt|p1b: Aurora\n|-supereffective|p1b: Aurora|1\n|-damage|p1b: Aurora|2/100\n|-status|p1b: Aurora|par\n|\n|-heal|p1b: Aurora|8/100 par|[from] item: Leftovers\n|-damage|p2a: Basculegion|79/100 brn|[from] brn\n|upkeep\n|turn|3\n|\n|t:|1776307575\n|switch|p2a: Garchomp|Garchomp, L50, F|100/100\n|cant|p1b: Aurora|par\n|move|p1a: President|Matcha Gotcha|p2b: Rotom|[spread] p2a\n|-miss|p1a: President|p2b: Rotom\n|-damage|p2a: Garchomp|74/100\n|-heal|p1a: President|100/100|[from] drain|[of] p2a: Garchomp\n|move|p2b: Rotom|Discharge|p1b: Aurora|[spread] p1a,p1b\n|-immune|p2a: Garchomp\n|-resisted|p1a: President|1\n|-supereffective|p1b: Aurora|1\n|-damage|p1a: President|82/100\n|-damage|p1b: Aurora|0 fnt\n|faint|p1b: Aurora\n|\n|upkeep\n|\n|t:|1776307594\n|switch|p1b: MMMMM. BEEP.|Rotom-Heat, L50|100/100\n|turn|4\n|\n|t:|1776307604\n|switch|p2a: Incineroar|Incineroar, L50, F|100/100\n|-ability|p2a: Incineroar|Intimidate|boost\n|-unboost|p1a: President|atk|1\n|-unboost|p1b: MMMMM. BEEP.|atk|1\n|move|p1b: MMMMM. BEEP.|Will-O-Wisp|p2a: Incineroar\n|-immune|p2a: Incineroar\n|move|p1a: President|Matcha Gotcha|p2b: Rotom|[spread] p2a,p2b\n|-resisted|p2a: Incineroar|1\n|-damage|p2a: Incineroar|89/100\n|-heal|p1a: President|89/100|[from] drain|[of] p2a: Incineroar\n|-damage|p2b: Rotom|57/100\n|-heal|p1a: President|100/100|[from] drain|[of] p2b: Rotom\n|-status|p2b: Rotom|brn\n|move|p2b: Rotom|Blizzard|p1b: MMMMM. BEEP.|[spread] p1b\n|-miss|p2b: Rotom|p1a: President\n|-resisted|p1b: MMMMM. BEEP.|1\n|-damage|p1b: MMMMM. BEEP.|78/100\n|\n|-damage|p2b: Rotom|51/100 brn|[from] brn\n|upkeep\n|turn|5\n|\n|t:|1776307630\n|move|p2a: Incineroar|Fake Out|p1b: MMMMM. BEEP.\n|-crit|p1b: MMMMM. BEEP.\n|-damage|p1b: MMMMM. BEEP.|61/100\n|cant|p1b: MMMMM. BEEP.|flinch\n|move|p1a: President|Matcha Gotcha|p2b: Rotom|[spread] p2a\n|-miss|p1a: President|p2b: Rotom\n|-resisted|p2a: Incineroar|1\n|-damage|p2a: Incineroar|77/100\n|move|p2b: Rotom|Blizzard|p1b: MMMMM. BEEP.|[spread] p1a\n|-miss|p2b: Rotom|p1b: MMMMM. BEEP.\n|-supereffective|p1a: President|1\n|-damage|p1a: President|4/100\n|\n|-damage|p2b: Rotom|45/100 brn|[from] brn\n|upkeep\n|-enditem|p2b: Rotom|Sitrus Berry|[eat]\n|-heal|p2b: Rotom|69/100 brn|[from] item: Sitrus Berry\n|turn|6\n|\n|t:|1776307684\n|move|p1b: MMMMM. BEEP.|Overheat|p2b: Rotom\n|-supereffective|p2b: Rotom|1\n|-damage|p2b: Rotom|0 fnt\n|-unboost|p1b: MMMMM. BEEP.|spa|2\n|faint|p2b: Rotom\n|move|p1a: President|Strength Sap|p2a: Incineroar\n|-unboost|p2a: Incineroar|atk|1\n|-heal|p1a: President|83/100\n|move|p2a: Incineroar|Flare Blitz|p1a: President\n|-supereffective|p1a: President|1\n|-enditem|p1a: President|Occa Berry|[eat]\n|-enditem|p1a: President|Occa Berry|[weaken]\n|-damage|p1a: President|59/100\n|-damage|p2a: Incineroar|70/100|[from] Recoil\n|\n|upkeep\n|c|\u2606mydekq|hitler\n|\n|t:|1776307718\n|switch|p2b: Basculegion|Basculegion, L50, M|79/100 brn\n|turn|7\n|\n|t:|1776307732\n|switch|p2a: Garchomp|Garchomp, L50, F|74/100\n|move|p2b: Basculegion|Last Respects|p1a: President\n|-supereffective|p1a: President|1\n|-damage|p1a: President|12/100\n|move|p1b: MMMMM. BEEP.|Volt Switch|p2a: Garchomp\n|-immune|p2a: Garchomp\n|move|p1a: President|Strength Sap|p2b: Basculegion\n|-unboost|p2b: Basculegion|atk|1\n|-heal|p1a: President|100/100\n|\n|-damage|p2b: Basculegion|73/100 brn|[from] brn\n|upkeep\n|turn|8\n|c|\u2606mydekq|HITLER\n|\n|t:|1776307769\n|switch|p2a: Incineroar|Incineroar, L50, F|70/100\n|-ability|p2a: Incineroar|Intimidate|boost\n|-unboost|p1a: President|atk|1\n|-unboost|p1b: MMMMM. BEEP.|atk|1\n|move|p2b: Basculegion|Last Respects|p1a: President\n|-supereffective|p1a: President|1\n|-damage|p1a: President|65/100\n|move|p1b: MMMMM. BEEP.|Volt Switch|p2b: Basculegion\n|-supereffective|p2b: Basculegion|1\n|-damage|p2b: Basculegion|37/100 brn\n|\n|t:|1776307779\n|switch|p1b: Manic|Gardevoir, L50, M|100/100|[from] Volt Switch\n|-ability|p1b: Manic|Intimidate|Trace|[from] ability: Trace|[of] p2a: Incineroar\n|-ability|p1b: Manic|Intimidate|boost\n|-unboost|p2a: Incineroar|atk|1\n|-unboost|p2b: Basculegion|atk|1\n|move|p1a: President|Strength Sap|p2a: Incineroar\n|-unboost|p2a: Incineroar|atk|1\n|-heal|p1a: President|100/100\n|\n|-damage|p2b: Basculegion|30/100 brn|[from] brn\n|upkeep\n|turn|9\n|-message|mydekq forfeited.\n|\n|win|acrophobicavian\n|raw|acrophobicavian's rating: 1130 &rarr; <strong>1157</strong><br />(+27 for winning)\n|raw|mydekq's rating: 1156 &rarr; <strong>1129</strong><br />(-27 for losing)\n|l|\u2606mydekq\n|player|p2|\n",
  "uploadtime": 1776307801,
  "views": 23,
  "formatid": "gen9championsvgc2026regma",
  "rating": 1129,
  "private": 0,
  "password": null
}