{
  "id": "gen9championsvgc2026regma-2581509412",
  "format": "[Gen 9 Champions] VGC 2026 Reg M-A",
  "players": [
    "SimMikaze",
    "MingulinSelmo"
  ],
  "log": "|j|\u2606SimMikaze\n|j|\u2606MingulinSelmo\n|t:|1776006890\n|gametype|doubles\n|player|p1|SimMikaze|miku-ghost|1099\n|player|p2|MingulinSelmo|shauntal|1157\n|gen|9\n|tier|[Gen 9 Champions] VGC 2026 Reg M-A\n|rated|\n|rule|Species Clause: Limit one of each Pok\u00e9mon\n|rule|Item Clause: Limit 1 of each item\n|clearpoke\n|poke|p1|Delphox, L50, F|\n|poke|p1|Garchomp, L50, F|\n|poke|p1|Orthworm, L50, M|\n|poke|p1|Incineroar, L50, M|\n|poke|p1|Sneasler, L50, F|\n|poke|p1|Basculegion, L50, M|\n|poke|p2|Whimsicott, L50, M|\n|poke|p2|Ditto, L50|\n|poke|p2|Milotic, L50, M|\n|poke|p2|Zoroark, L50, M|\n|poke|p2|Froslass, L50, F|\n|poke|p2|Incineroar, L50, M|\n|teampreview|4\n|inactive|Battle timer is ON: inactive players will automatically lose when time's up. (requested by MingulinSelmo)\n|inactive|SimMikaze has 60 seconds left.\n|inactive|MingulinSelmo has 60 seconds left.\n|\n|t:|1776006934\n|teamsize|p1|4\n|teamsize|p2|4\n|start\n|switch|p1a: Sneasler|Sneasler, L50, F|100/100\n|switch|p1b: Orthworm|Orthworm, L50, M|100/100\n|switch|p2a: The one|Froslass, L50, F|100/100\n|switch|p2b: Who|Whimsicott, L50, M|100/100\n|turn|1\n|\n|t:|1776006957\n|switch|p2b: The one|Froslass, L50, F|100/100\n|move|p1a: Sneasler|Fake Out|p2b: The one\n|-immune|p2b: The one\n|move|p2a: The one|Psychic|p1a: Sneasler\n|-supereffective|p1a: Sneasler|2\n|-damage|p1a: Sneasler|0 fnt\n|faint|p1a: Sneasler\n|move|p1b: Orthworm|Shed Tail|p1b: Orthworm\n|-start|p1b: Orthworm|Substitute|[from] move: Shed Tail\n|-damage|p1b: Orthworm|50/100\n|-enditem|p1b: Orthworm|Sitrus Berry|[eat]\n|-heal|p1b: Orthworm|75/100|[from] item: Sitrus Berry\n|\n|t:|1776006976\n|switch|p1b: Delphox|Delphox, L50, F|100/100|[from] Shed Tail\n|\n|upkeep\n|c|\u2606SimMikaze|That was funny\n|\n|t:|1776006997\n|switch|p1a: Basculegion|Basculegion, L50, M|100/100\n|turn|2\n|\n|t:|1776007021\n|switch|p2a: Guess|Milotic, L50, M|100/100\n|detailschange|p1b: Delphox|Delphox-Mega, L50, F\n|-mega|p1b: Delphox|Delphox|Delphoxite\n|move|p2b: The one|Protect|p2b: The one\n|-singleturn|p2b: The one|Protect\n|move|p1b: Delphox|Heat Wave|p2b: The one|[spread] p2a\n|-activate|p2b: The one|move: Protect\n|-resisted|p2a: Guess|1\n|-damage|p2a: Guess|86/100\n|move|p1a: Basculegion|Flip Turn|p2a: Guess\n|-resisted|p2a: Guess|1\n|-crit|p2a: Guess\n|-damage|p2a: Guess|58/100\n|\n|t:|1776007027\n|switch|p1a: Orthworm|Orthworm, L50, M|75/100|[from] Flip Turn\n|\n|-heal|p2a: Guess|63/100|[from] item: Leftovers\n|upkeep\n|turn|3\n|inactive|SimMikaze has 30 seconds left.\n|\n|t:|1776007054\n|switch|p2b: Who|Whimsicott, L50, M|100/100\n|move|p1b: Delphox|Heat Wave|p2b: Who|[spread] p2a,p2b\n|-resisted|p2a: Guess|1\n|-supereffective|p2b: Who|1\n|-damage|p2a: Guess|48/100\n|-enditem|p2b: Who|Focus Sash\n|-damage|p2b: Who|1/100\n|move|p2a: Guess|Scald|p1b: Delphox\n|-supereffective|p1b: Delphox|1\n|-end|p1b: Delphox|Substitute\n|move|p1a: Orthworm|Heavy Slam|p2b: Who\n|-supereffective|p2b: Who|1\n|-damage|p2b: Who|0 fnt\n|faint|p2b: Who\n|\n|-heal|p2a: Guess|53/100|[from] item: Leftovers\n|upkeep\n|\n|t:|1776007070\n|switch|p2b: The one|Froslass, L50, F|100/100\n|turn|4\n|\n|t:|1776007095\n|move|p2b: The one|Dark Pulse|p1b: Delphox\n|-supereffective|p1b: Delphox|1\n|-damage|p1b: Delphox|40/100\n|move|p1b: Delphox|Heat Wave|p2b: The one|[spread] p2a,p2b\n|-resisted|p2a: Guess|1\n|-damage|p2a: Guess|36/100\n|-damage|p2b: The one|33/100\n|replace|p2b: I|Zoroark, L50, M\n|-end|p2b: I|Illusion\n|move|p2a: Guess|Life Dew|p2a: Guess|[spread] p2a,p2b\n|-heal|p2a: Guess|62/100\n|-heal|p2b: I|57/100\n|move|p1a: Orthworm|Heavy Slam|p2b: I\n|-damage|p2b: I|9/100\n|\n|-heal|p2a: Guess|68/100|[from] item: Leftovers\n|upkeep\n|turn|5\n|inactive|SimMikaze has 30 seconds left.\n|inactive|MingulinSelmo has 30 seconds left.\n|inactive|SimMikaze has 20 seconds left.\n|\n|t:|1776007130\n|move|p1b: Delphox|Protect|p1b: Delphox\n|-singleturn|p1b: Delphox|Protect\n|move|p2b: I|Dark Pulse|p1b: Delphox\n|-activate|p1b: Delphox|move: Protect\n|move|p2a: Guess|Scald|p1a: Orthworm\n|-damage|p1a: Orthworm|12/100\n|move|p1a: Orthworm|Heavy Slam|p2b: I\n|-damage|p2b: I|0 fnt\n|faint|p2b: I\n|\n|-heal|p2a: Guess|73/100|[from] item: Leftovers\n|upkeep\n|\n|t:|1776007141\n|switch|p2b: The one|Froslass, L50, F|100/100\n|turn|6\n|\n|t:|1776007154\n|move|p2b: The one|Protect|p2b: The one\n|-singleturn|p2b: The one|Protect\n|move|p1b: Delphox|Heat Wave|p2b: The one|[spread] p2a\n|-activate|p2b: The one|move: Protect\n|-resisted|p2a: Guess|1\n|-damage|p2a: Guess|59/100\n|move|p2a: Guess|Scald|p1b: Delphox\n|-supereffective|p1b: Delphox|1\n|-damage|p1b: Delphox|0 fnt\n|faint|p1b: Delphox\n|move|p1a: Orthworm|Heavy Slam|p2b: The one\n|-activate|p2b: The one|move: Protect\n|\n|-heal|p2a: Guess|65/100|[from] item: Leftovers\n|upkeep\n|\n|t:|1776007158\n|switch|p1b: Basculegion|Basculegion, L50, M|100/100\n|turn|7\n|\n|t:|1776007180\n|detailschange|p2b: The one|Froslass-Mega, L50, F\n|-mega|p2b: The one|Froslass|Froslassite\n|-weather|Snowscape|[from] ability: Snow Warning|[of] p2b: The one\n|move|p1b: Basculegion|Last Respects|p2b: The one\n|-supereffective|p2b: The one|1\n|-damage|p2b: The one|0 fnt\n|faint|p2b: The one\n|move|p2a: Guess|Alluring Voice|p1b: Basculegion\n|-damage|p1b: Basculegion|74/100\n|move|p1a: Orthworm|Body Press|p2a: Guess\n|-damage|p2a: Guess|32/100\n|\n|-weather|Snowscape|[upkeep]\n|-heal|p2a: Guess|38/100|[from] item: Leftovers\n|upkeep\n|turn|8\n|\n|t:|1776007194\n|move|p1b: Basculegion|Last Respects|p2a: Guess\n|-damage|p2a: Guess|0 fnt\n|faint|p2a: Guess\n|\n|win|SimMikaze\n|raw|SimMikaze's rating: 1099 &rarr; <strong>1128</strong><br />(+29 for winning)\n|raw|MingulinSelmo's rating: 1157 &rarr; <strong>1128</strong><br />(-29 for losing)\n|l|\u2606MingulinSelmo\n|player|p2|\n",
  "uploadtime": 1776007196,
  "views": 17,
  "formatid": "gen9championsvgc2026regma",
  "rating": 1128,
  "private": 0,
  "password": null
}