{
  "id": "gen9championsvgc2026regma-2583659473",
  "format": "[Gen 9 Champions] VGC 2026 Reg M-A",
  "players": [
    "1#miraidonhater",
    "soundless_wind"
  ],
  "log": "|j|\u26061#miraidonhater\n|j|\u2606soundless_wind\n|t:|1776189333\n|gametype|doubles\n|player|p1|1#miraidonhater|n|1199\n|player|p2|soundless_wind|dragontamer|1266\n|gen|9\n|tier|[Gen 9 Champions] VGC 2026 Reg M-A\n|rated|\n|rule|Species Clause: Limit one of each Pok\u00e9mon\n|rule|Item Clause: Limit 1 of each item\n|clearpoke\n|poke|p1|Aggron, L50, F|\n|poke|p1|Sinistcha, L50|\n|poke|p1|Tyranitar, L50, F|\n|poke|p1|Reuniclus, L50, F|\n|poke|p1|Clefable, L50, F|\n|poke|p1|Sneasler, L50, M|\n|poke|p2|Farigiraf, L50, F|\n|poke|p2|Incineroar, L50, M|\n|poke|p2|Charizard, L50, M|\n|poke|p2|Whimsicott, L50, F|\n|poke|p2|Garchomp, L50, M|\n|poke|p2|Sneasler, L50, M|\n|teampreview|4\n|j| porygon-epilepz\n|\n|t:|1776189375\n|teamsize|p1|4\n|teamsize|p2|4\n|start\n|switch|p1a: Reuniclus|Reuniclus, L50, F|100/100\n|switch|p1b: Tyranitar|Tyranitar, L50, F|100/100\n|switch|p2a: Sneasler|Sneasler, L50, M|100/100\n|switch|p2b: Garchomp|Garchomp, L50, M|100/100\n|-weather|Sandstorm|[from] ability: Sand Stream|[of] p1b: Tyranitar\n|turn|1\n|inactive|Battle timer is ON: inactive players will automatically lose when time's up. (requested by soundless_wind)\n|\n|t:|1776189402\n|move|p1b: Tyranitar|Protect|p1b: Tyranitar\n|-singleturn|p1b: Tyranitar|Protect\n|move|p1a: Reuniclus|Protect|p1a: Reuniclus\n|-singleturn|p1a: Reuniclus|Protect\n|move|p2b: Garchomp|Dragon Claw|p1a: Reuniclus\n|-activate|p1a: Reuniclus|move: Protect\n|move|p2a: Sneasler|Dire Claw|p1a: Reuniclus\n|-activate|p1a: Reuniclus|move: Protect\n|\n|-weather|Sandstorm|[upkeep]\n|-damage|p2a: Sneasler|95/100|[from] Sandstorm\n|upkeep\n|turn|2\n|\n|t:|1776189422\n|switch|p1b: Clefable|Clefable, L50, F|100/100\n|move|p2b: Garchomp|Dragon Claw|p1a: Reuniclus\n|-crit|p1a: Reuniclus\n|-damage|p1a: Reuniclus|37/100\n|move|p2a: Sneasler|Close Combat|p1b: Clefable\n|-resisted|p1b: Clefable|1\n|-damage|p1b: Clefable|74/100\n|-unboost|p2a: Sneasler|def|1\n|-unboost|p2a: Sneasler|spd|1\n|-enditem|p2a: Sneasler|White Herb\n|-clearnegativeboost|p2a: Sneasler|[silent]\n|move|p1a: Reuniclus|Psychic|p2a: Sneasler\n|-supereffective|p2a: Sneasler|2\n|-damage|p2a: Sneasler|0 fnt\n|faint|p2a: Sneasler\n|\n|-weather|Sandstorm|[upkeep]\n|-damage|p1b: Clefable|68/100|[from] Sandstorm\n|-heal|p1a: Reuniclus|43/100|[from] item: Leftovers\n|upkeep\n|\n|t:|1776189445\n|switch|p2a: Incineroar|Incineroar, L50, M|100/100\n|-ability|p2a: Incineroar|Intimidate|boost\n|-unboost|p1a: Reuniclus|atk|1\n|-unboost|p1b: Clefable|atk|1\n|turn|3\n|\n|t:|1776189459\n|switch|p2b: Whimsicott|Whimsicott, L50, F|100/100\n|move|p1a: Reuniclus|Protect|p1a: Reuniclus\n|-singleturn|p1a: Reuniclus|Protect\n|move|p2a: Incineroar|Darkest Lariat|p1a: Reuniclus\n|-activate|p1a: Reuniclus|move: Protect\n|move|p1b: Clefable|Life Dew|p1b: Clefable|[spread] p1a,p1b\n|-heal|p1a: Reuniclus|68/100\n|-heal|p1b: Clefable|94/100\n|\n|-weather|Sandstorm|[upkeep]\n|-damage|p2b: Whimsicott|95/100|[from] Sandstorm\n|-damage|p2a: Incineroar|95/100|[from] Sandstorm\n|-damage|p1b: Clefable|88/100|[from] Sandstorm\n|-heal|p1a: Reuniclus|74/100|[from] item: Leftovers\n|upkeep\n|turn|4\n|\n|t:|1776189479\n|move|p1b: Clefable|Follow Me|p1b: Clefable\n|-singleturn|p1b: Clefable|move: Follow Me\n|move|p2b: Whimsicott|Sunny Day|p2b: Whimsicott\n|-weather|SunnyDay\n|move|p2a: Incineroar|Flare Blitz|p1b: Clefable\n|-damage|p1b: Clefable|19/100\n|-damage|p2a: Incineroar|68/100|[from] Recoil\n|move|p1a: Reuniclus|Trick Room|p1a: Reuniclus\n|-fieldstart|move: Trick Room|[of] p1a: Reuniclus\n|\n|-weather|SunnyDay|[upkeep]\n|-heal|p1a: Reuniclus|80/100|[from] item: Leftovers\n|upkeep\n|turn|5\n|\n|t:|1776189500\n|move|p1a: Reuniclus|Psychic|p2b: Whimsicott\n|-damage|p2b: Whimsicott|19/100\n|move|p2a: Incineroar|Darkest Lariat|p1a: Reuniclus\n|-supereffective|p1a: Reuniclus|1\n|-damage|p1a: Reuniclus|0 fnt\n|faint|p1a: Reuniclus\n|move|p1b: Clefable|Moonblast|p2a: Incineroar\n|-damage|p2a: Incineroar|33/100\n|-enditem|p2a: Incineroar|Sitrus Berry|[eat]\n|-heal|p2a: Incineroar|58/100|[from] item: Sitrus Berry\n|move|p2b: Whimsicott|Moonblast|p1b: Clefable\n|-damage|p1b: Clefable|0 fnt\n|faint|p1b: Clefable\n|\n|-weather|SunnyDay|[upkeep]\n|upkeep\n|\n|t:|1776189512\n|switch|p1a: Aggron|Aggron, L50, F|100/100\n|switch|p1b: Tyranitar|Tyranitar, L50, F|100/100\n|-weather|Sandstorm|[from] ability: Sand Stream|[of] p1b: Tyranitar\n|turn|6\n|\n|t:|1776189529\n|detailschange|p1a: Aggron|Aggron-Mega, L50, F\n|-mega|p1a: Aggron|Aggron|Aggronite\n|move|p2b: Whimsicott|Sunny Day|p2b: Whimsicott\n|-weather|SunnyDay\n|move|p1a: Aggron|Iron Defense|p1a: Aggron\n|-boost|p1a: Aggron|def|2\n|move|p1b: Tyranitar|Rock Slide|p2a: Incineroar|[spread] p2a,p2b\n|-supereffective|p2a: Incineroar|1\n|-damage|p2a: Incineroar|0 fnt\n|-damage|p2b: Whimsicott|0 fnt\n|faint|p2a: Incineroar\n|faint|p2b: Whimsicott\n|\n|-weather|SunnyDay|[upkeep]\n|upkeep\n|\n|t:|1776189540\n|switch|p2b: Garchomp|Garchomp, L50, M|100/100\n|turn|7\n|\n|t:|1776189553\n|move|p1a: Aggron|Iron Defense|p1a: Aggron\n|-boost|p1a: Aggron|def|2\n|move|p1b: Tyranitar|Crunch|p2b: Garchomp\n|-damage|p2b: Garchomp|56/100\n|-damage|p1b: Tyranitar|88/100|[from] ability: Rough Skin|[of] p2b: Garchomp\n|move|p2b: Garchomp|Stomping Tantrum|p1b: Tyranitar\n|-supereffective|p1b: Tyranitar|1\n|-damage|p1b: Tyranitar|25/100\n|\n|-weather|SunnyDay|[upkeep]\n|upkeep\n|turn|8\n|\n|t:|1776189567\n|move|p1a: Aggron|Body Press|p2b: Garchomp\n|-damage|p2b: Garchomp|0 fnt\n|-damage|p1a: Aggron|88/100|[from] ability: Rough Skin|[of] p2b: Garchomp\n|faint|p2b: Garchomp\n|\n|win|1#miraidonhater\n|raw|1#miraidonhater's rating: 1199 &rarr; <strong>1229</strong><br />(+30 for winning)\n|raw|soundless_wind's rating: 1266 &rarr; <strong>1236</strong><br />(-30 for losing)\n",
  "uploadtime": 1776189338,
  "views": 41,
  "formatid": "gen9championsvgc2026regma",
  "rating": 1229,
  "private": 0,
  "password": null
}