{
  "id": "gen9championsvgc2026regma-2582424338",
  "format": "[Gen 9 Champions] VGC 2026 Reg M-A",
  "players": [
    "Haruahex",
    "Nexxus3000"
  ],
  "log": "|j|\u2606Haruahex\n|j|\u2606Nexxus3000\n|t:|1776090793\n|gametype|doubles\n|player|p1|Haruahex|steven|1109\n|player|p2|Nexxus3000|265|1077\n|gen|9\n|tier|[Gen 9 Champions] VGC 2026 Reg M-A\n|rated|\n|rule|Species Clause: Limit one of each Pok\u00e9mon\n|rule|Item Clause: Limit 1 of each item\n|clearpoke\n|poke|p1|Gardevoir, L50, M|\n|poke|p1|Froslass, L50, F|\n|poke|p1|Floette-Eternal, L50, F|\n|poke|p1|Incineroar, L50, M|\n|poke|p1|Sneasler, L50, F|\n|poke|p1|Tyranitar, L50, F|\n|poke|p2|Altaria, L50, M|\n|poke|p2|Incineroar, L50, M|\n|poke|p2|Maushold-Four, L50|\n|poke|p2|Kingambit, L50, F|\n|poke|p2|Victreebel, L50, F|\n|poke|p2|Rotom-Wash, L50|\n|teampreview|4\n|\n|t:|1776090812\n|teamsize|p1|4\n|teamsize|p2|4\n|start\n|switch|p1a: Sneasler|Sneasler, L50, F|100/100\n|switch|p1b: Incineroar|Incineroar, L50, M|100/100\n|switch|p2a: Kingambit|Kingambit, L50, F|100/100\n|switch|p2b: Rotom|Rotom-Wash, L50|100/100\n|-ability|p1b: Incineroar|Intimidate|boost\n|-unboost|p2a: Kingambit|atk|1\n|-ability|p2a: Kingambit|Defiant|boost\n|-boost|p2a: Kingambit|atk|2\n|-unboost|p2b: Rotom|atk|1\n|turn|1\n|inactive|Battle timer is ON: inactive players will automatically lose when time's up. (requested by Haruahex)\n|\n|t:|1776090834\n|switch|p2a: Incineroar|Incineroar, L50, M|100/100\n|-ability|p2a: Incineroar|Intimidate|boost\n|-unboost|p1a: Sneasler|atk|1\n|-unboost|p1b: Incineroar|atk|1\n|-enditem|p1a: Sneasler|White Herb\n|-clearnegativeboost|p1a: Sneasler|[silent]\n|move|p1a: Sneasler|Fake Out|p2a: Incineroar\n|-damage|p2a: Incineroar|92/100\n|move|p1b: Incineroar|Fake Out|p2b: Rotom\n|-damage|p2b: Rotom|94/100\n|cant|p2b: Rotom|flinch\n|\n|upkeep\n|turn|2\n|\n|t:|1776090854\n|move|p2a: Incineroar|Fake Out|p1a: Sneasler\n|-damage|p1a: Sneasler|81/100\n|cant|p1a: Sneasler|flinch\n|move|p2b: Rotom|Hydro Pump|p1b: Incineroar\n|-supereffective|p1b: Incineroar|1\n|-damage|p1b: Incineroar|35/100\n|-enditem|p1b: Incineroar|Sitrus Berry|[eat]\n|-heal|p1b: Incineroar|60/100|[from] item: Sitrus Berry\n|move|p1b: Incineroar|Parting Shot|p2b: Rotom\n|-unboost|p2b: Rotom|atk|1\n|-unboost|p2b: Rotom|spa|1\n|\n|t:|1776090867\n|switch|p1b: Tyranitar|Tyranitar, L50, F|100/100|[from] Parting Shot\n|-weather|Sandstorm|[from] ability: Sand Stream|[of] p1b: Tyranitar\n|\n|-weather|Sandstorm|[upkeep]\n|-damage|p1a: Sneasler|75/100|[from] Sandstorm\n|-damage|p2b: Rotom|88/100|[from] Sandstorm\n|-damage|p2a: Incineroar|86/100|[from] Sandstorm\n|upkeep\n|turn|3\n|\n|t:|1776090882\n|move|p1a: Sneasler|Close Combat|p2a: Incineroar\n|-supereffective|p2a: Incineroar|1\n|-damage|p2a: Incineroar|0 fnt\n|-unboost|p1a: Sneasler|def|1\n|-unboost|p1a: Sneasler|spd|1\n|faint|p2a: Incineroar\n|move|p2b: Rotom|Will-O-Wisp|p1b: Tyranitar\n|-status|p1b: Tyranitar|brn\n|move|p1b: Tyranitar|Knock Off|p2b: Rotom\n|-damage|p2b: Rotom|68/100\n|-enditem|p2b: Rotom|Rindo Berry|[from] move: Knock Off|[of] p1b: Tyranitar\n|\n|-weather|Sandstorm|[upkeep]\n|-damage|p1a: Sneasler|70/100|[from] Sandstorm\n|-damage|p2b: Rotom|62/100|[from] Sandstorm\n|-damage|p1b: Tyranitar|95/100 brn|[from] brn\n|upkeep\n|\n|t:|1776090897\n|switch|p2a: Altaria|Altaria, L50, M|100/100\n|-ability|p2a: Altaria|Cloud Nine\n|turn|4\n|\n|t:|1776090907\n|switch|p1a: Incineroar|Incineroar, L50, M|60/100\n|-ability|p1a: Incineroar|Intimidate|boost\n|-unboost|p2a: Altaria|atk|1\n|-unboost|p2b: Rotom|atk|1\n|move|p2b: Rotom|Hydro Pump|p1b: Tyranitar\n|-supereffective|p1b: Tyranitar|1\n|-damage|p1b: Tyranitar|49/100 brn\n|move|p2a: Altaria|Will-O-Wisp|p1a: Incineroar\n|-immune|p1a: Incineroar\n|move|p1b: Tyranitar|Rock Slide|p2a: Altaria|[spread] p2a,p2b\n|-supereffective|p2a: Altaria|1\n|-damage|p2a: Altaria|71/100\n|-damage|p2b: Rotom|50/100\n|\n|-weather|Sandstorm|[upkeep]\n|-damage|p1b: Tyranitar|43/100 brn|[from] brn\n|upkeep\n|turn|5\n|\n|t:|1776090927\n|move|p2a: Altaria|Protect|p2a: Altaria\n|-singleturn|p2a: Altaria|Protect\n|move|p1a: Incineroar|Fake Out|p2b: Rotom\n|-damage|p2b: Rotom|41/100\n|cant|p2b: Rotom|flinch\n|move|p1b: Tyranitar|Rock Slide|p2a: Altaria|[spread] p2b\n|-activate|p2a: Altaria|move: Protect\n|-damage|p2b: Rotom|30/100\n|\n|-weather|Sandstorm|[upkeep]\n|-damage|p1b: Tyranitar|37/100 brn|[from] brn\n|upkeep\n|turn|6\n|\n|t:|1776090944\n|detailschange|p2a: Altaria|Altaria-Mega, L50, M\n|-mega|p2a: Altaria|Altaria|Altarianite\n|move|p2b: Rotom|Hydro Pump|p1a: Incineroar\n|-supereffective|p1a: Incineroar|1\n|-crit|p1a: Incineroar\n|-damage|p1a: Incineroar|0 fnt\n|faint|p1a: Incineroar\n|move|p2a: Altaria|Hyper Voice|p1b: Tyranitar\n|-supereffective|p1b: Tyranitar|1\n|-damage|p1b: Tyranitar|0 fnt\n|faint|p1b: Tyranitar\n|\n|-weather|none\n|upkeep\n|\n|t:|1776090956\n|switch|p1b: Sneasler|Sneasler, L50, F|70/100\n|switch|p1a: Froslass|Froslass, L50, F|100/100\n|turn|7\n|\n|t:|1776090965\n|detailschange|p1a: Froslass|Froslass-Mega, L50, F\n|-mega|p1a: Froslass|Froslass|Froslassite\n|-weather|Snowscape|[from] ability: Snow Warning|[of] p1a: Froslass\n|move|p2a: Altaria|Protect|p2a: Altaria\n|-singleturn|p2a: Altaria|Protect\n|move|p1b: Sneasler|Fake Out|p2b: Rotom\n|-damage|p2b: Rotom|18/100\n|move|p1a: Froslass|Blizzard|p2b: Rotom|[spread] p2b\n|-activate|p2a: Altaria|move: Protect\n|-resisted|p2b: Rotom|1\n|-damage|p2b: Rotom|0 fnt\n|faint|p2b: Rotom\n|\n|-weather|Snowscape|[upkeep]\n|upkeep\n|\n|t:|1776090976\n|switch|p2b: Kingambit|Kingambit, L50, F|100/100\n|turn|8\n|\n|t:|1776090987\n|move|p2b: Kingambit|Sucker Punch|p1a: Froslass\n|-supereffective|p1a: Froslass|1\n|-damage|p1a: Froslass|0 fnt\n|faint|p1a: Froslass\n|move|p1b: Sneasler|Close Combat|p2b: Kingambit\n|-supereffective|p2b: Kingambit|2\n|-damage|p2b: Kingambit|0 fnt\n|-unboost|p1b: Sneasler|def|1\n|-unboost|p1b: Sneasler|spd|1\n|faint|p2b: Kingambit\n|move|p2a: Altaria|Draco Meteor|p1b: Sneasler\n|-crit|p1b: Sneasler\n|-damage|p1b: Sneasler|0 fnt\n|-unboost|p2a: Altaria|spa|2\n|faint|p1b: Sneasler\n|\n|win|Nexxus3000\n|raw|Haruahex's rating: 1109 &rarr; <strong>1082</strong><br />(-27 for losing)\n|raw|Nexxus3000's rating: 1077 &rarr; <strong>1108</strong><br />(+31 for winning)\n|l|\u2606Haruahex\n|player|p1|\n",
  "uploadtime": 1776091009,
  "views": 12,
  "formatid": "gen9championsvgc2026regma",
  "rating": 1082,
  "private": 0,
  "password": null
}