{
  "id": "gen9championsvgc2026regma-2586942558",
  "format": "[Gen 9 Champions] VGC 2026 Reg M-A",
  "players": [
    "mykulvgc",
    "hoover5722"
  ],
  "log": "|j|\u2606mykulvgc\n|j|\u2606hoover5722\n|t:|1776474068\n|gametype|doubles\n|player|p1|mykulvgc|chuck|1203\n|player|p2|hoover5722|265|1170\n|gen|9\n|tier|[Gen 9 Champions] VGC 2026 Reg M-A\n|rated|\n|rule|Species Clause: Limit one of each Pok\u00e9mon\n|rule|Item Clause: Limit 1 of each item\n|clearpoke\n|poke|p1|Garchomp, L50, F|\n|poke|p1|Delphox, L50, F|\n|poke|p1|Whimsicott, L50, F|\n|poke|p1|Lucario, L50, M|\n|poke|p1|Farigiraf, L50, M|\n|poke|p1|Gyarados, L50, F|\n|poke|p2|Talonflame, L50, F|\n|poke|p2|Archaludon, L50, F|\n|poke|p2|Sinistcha, L50|\n|poke|p2|Glimmora, L50, M|\n|poke|p2|Lycanroc-Dusk, L50, F|\n|poke|p2|Rotom-Wash, L50|\n|teampreview|4\n|inactive|Battle timer is ON: inactive players will automatically lose when time's up. (requested by mykulvgc)\n|inactive|mykulvgc has 60 seconds left.\n|\n|t:|1776474112\n|teamsize|p1|4\n|teamsize|p2|4\n|start\n|switch|p1a: Whimsicott|Whimsicott, L50, F|100/100\n|switch|p1b: Lucario|Lucario, L50, M|100/100\n|switch|p2a: Talonflame|Talonflame, L50, F|100/100\n|switch|p2b: Glimmora|Glimmora, L50, M|100/100\n|turn|1\n|\n|t:|1776474135\n|detailschange|p1b: Lucario|Lucario-Mega, L50, M\n|-mega|p1b: Lucario|Lucario|Lucarionite\n|detailschange|p2b: Glimmora|Glimmora-Mega, L50, M\n|-mega|p2b: Glimmora|Glimmora|Glimmoranite\n|move|p2a: Talonflame|Tailwind|p2a: Talonflame\n|-sidestart|p2: hoover5722|move: Tailwind\n|move|p1a: Whimsicott|Tailwind|p1a: Whimsicott\n|-sidestart|p1: mykulvgc|move: Tailwind\n|move|p1b: Lucario|Steel Beam|p2b: Glimmora\n|-supereffective|p2b: Glimmora|1\n|-damage|p2b: Glimmora|0 fnt\n|-damage|p1b: Lucario|50/100|[from] steelbeam\n|faint|p2b: Glimmora\n|\n|upkeep\n|c|\u2606hoover5722|u fucking weirdo who tf runs steel beam\n|n|\u203dhoover5722|hoover5722\n|c|~|/log hoover5722 was locked from talking by Artemis. (\u2606hoover5722: u fucking weirdo who tf runs steel beam)\n|c|~|/raw <small>This action was done automatically. Want to learn more about the AI? <a href=\"https://www.smogon.com/forums/threads/3570628/#post-9056769\">Visit the information thread</a>.</small>\n|inactive|hoover5722 has 30 seconds left.\n|\n|t:|1776474168\n|switch|p2b: Lycanroc|Lycanroc-Dusk, L50, F, shiny|100/100\n|turn|2\n|\n|t:|1776474180\n|switch|p1b: Gyarados|Gyarados, L50, F|100/100\n|-ability|p1b: Gyarados|Intimidate|boost\n|-unboost|p2a: Talonflame|atk|1\n|-unboost|p2b: Lycanroc|atk|1\n|move|p2a: Talonflame|Dual Wingbeat|p1a: Whimsicott\n|-supereffective|p1a: Whimsicott|1\n|-damage|p1a: Whimsicott|75/100\n|-supereffective|p1a: Whimsicott|1\n|-damage|p1a: Whimsicott|50/100\n|-hitcount|p1a: Whimsicott|2\n|move|p2b: Lycanroc|Close Combat|p1b: Gyarados\n|-resisted|p1b: Gyarados|1\n|-damage|p1b: Gyarados|82/100\n|-unboost|p2b: Lycanroc|def|1\n|-unboost|p2b: Lycanroc|spd|1\n|move|p1a: Whimsicott|Moonblast|p2b: Lycanroc\n|-damage|p2b: Lycanroc|40/100\n|\n|-heal|p1b: Gyarados|88/100|[from] item: Leftovers\n|upkeep\n|turn|3\n|\n|t:|1776474195\n|switch|p2b: Rotom|Rotom-Wash, L50|100/100\n|move|p2a: Talonflame|Dual Wingbeat|p1a: Whimsicott\n|-supereffective|p1a: Whimsicott|1\n|-damage|p1a: Whimsicott|25/100\n|-supereffective|p1a: Whimsicott|1\n|-damage|p1a: Whimsicott|0 fnt\n|faint|p1a: Whimsicott\n|-hitcount|p1: Whimsicott|2\n|move|p1b: Gyarados|Waterfall|p2a: Talonflame\n|-supereffective|p2a: Talonflame|1\n|-crit|p2a: Talonflame\n|-enditem|p2a: Talonflame|Focus Sash\n|-damage|p2a: Talonflame|1/100\n|\n|-heal|p1b: Gyarados|94/100|[from] item: Leftovers\n|upkeep\n|\n|t:|1776474205\n|switch|p1a: Garchomp|Garchomp, L50, F|100/100\n|turn|4\n|inactive|hoover5722 has 30 seconds left.\n|\n|t:|1776474239\n|move|p2a: Talonflame|Will-O-Wisp|p1a: Garchomp\n|-status|p1a: Garchomp|brn\n|move|p1a: Garchomp|Rock Slide|p2a: Talonflame|[spread] p2a,p2b\n|-supereffective|p2a: Talonflame|2\n|-damage|p2a: Talonflame|0 fnt\n|-damage|p2b: Rotom|90/100\n|faint|p2a: Talonflame\n|move|p2b: Rotom|Hydro Pump|p1a: Garchomp\n|-damage|p1a: Garchomp|46/100 brn\n|move|p1b: Gyarados|Crunch|p2b: Rotom\n|-damage|p2b: Rotom|55/100\n|\n|-heal|p1b: Gyarados|99/100|[from] item: Leftovers\n|-damage|p1a: Garchomp|40/100 brn|[from] brn\n|-sideend|p2: hoover5722|move: Tailwind\n|-sideend|p1: mykulvgc|move: Tailwind\n|upkeep\n|\n|t:|1776474250\n|switch|p2a: Lycanroc|Lycanroc-Dusk, L50, F, shiny|40/100\n|turn|5\n|\n|t:|1776474255\n|move|p2a: Lycanroc|Rock Slide|p1a: Garchomp|[spread] p1b\n|-miss|p2a: Lycanroc|p1a: Garchomp\n|-supereffective|p1b: Gyarados|1\n|-damage|p1b: Gyarados|43/100\n|move|p1a: Garchomp|Earthquake|p2a: Lycanroc|[spread] p2a\n|-immune|p1b: Gyarados\n|-immune|p2b: Rotom|[from] ability: Levitate\n|-supereffective|p2a: Lycanroc|1\n|-damage|p2a: Lycanroc|0 fnt\n|faint|p2a: Lycanroc\n|move|p2b: Rotom|Thunderbolt|p1b: Gyarados\n|-supereffective|p1b: Gyarados|2\n|-damage|p1b: Gyarados|0 fnt\n|faint|p1b: Gyarados\n|\n|-damage|p1a: Garchomp|34/100 brn|[from] brn\n|upkeep\n|\n|t:|1776474266\n|switch|p1b: Lucario|Lucario-Mega, L50, M|50/100\n|turn|6\n|\n|t:|1776474277\n|move|p1b: Lucario|Close Combat|p2b: Rotom\n|-damage|p2b: Rotom|0 fnt\n|-unboost|p1b: Lucario|def|1\n|-unboost|p1b: Lucario|spd|1\n|faint|p2b: Rotom\n|\n|win|mykulvgc\n",
  "uploadtime": 1776474151,
  "views": 12,
  "formatid": "gen9championsvgc2026regma",
  "rating": null,
  "private": 0,
  "password": null
}