{
  "id": "gen9championsvgc2026regma-2580460247",
  "format": "[Gen 9 Champions] VGC 2026 Reg M-A",
  "players": [
    "dandnd1",
    "Effe97"
  ],
  "log": "|j|\u2606dandnd1\n|j|\u2606Effe97\n|t:|1775899889\n|gametype|doubles\n|player|p1|dandnd1|dawn-gen4pt|1168\n|player|p2|Effe97|veteran|1257\n|gen|9\n|tier|[Gen 9 Champions] VGC 2026 Reg M-A\n|rated|\n|rule|Species Clause: Limit one of each Pok\u00e9mon\n|rule|Item Clause: Limit 1 of each item\n|clearpoke\n|poke|p1|Blastoise, L50, M|\n|poke|p1|Farigiraf, L50, M|\n|poke|p1|Kingambit, L50, F|\n|poke|p1|Tyranitar, L50, M|\n|poke|p1|Incineroar, L50, F|\n|poke|p1|Sinistcha, L50|\n|poke|p2|Tyranitar, L50, M|\n|poke|p2|Corviknight, L50, F|\n|poke|p2|Primarina, L50, F|\n|poke|p2|Incineroar, L50, M|\n|poke|p2|Excadrill, L50, M|\n|poke|p2|Sinistcha, L50|\n|teampreview|4\n|inactive|Battle timer is ON: inactive players will automatically lose when time's up. (requested by dandnd1)\n|inactive|Effe97 also wants the timer to be on.\ndandnd1 has agreed to open team sheets.\n|inactive|Effe97 has 60 seconds left.\n|\n|t:|1775899924\n|teamsize|p1|4\n|teamsize|p2|4\n|start\n|switch|p1a: Blastoise|Blastoise, L50, M|100/100\n|switch|p1b: Sinistcha|Sinistcha, L50|100/100\n|switch|p2a: Primarina|Primarina, L50, F|100/100\n|switch|p2b: Excadrill|Excadrill, L50, M|100/100\n|turn|1\n|inactive|Effe97 no longer wants the timer on, but the timer is staying on because dandnd1 still does.\n|inactive|Effe97 has 30 seconds left.\n|\n|t:|1775899949\n|move|p2a: Primarina|Protect|p2a: Primarina\n|-singleturn|p2a: Primarina|Protect\n|move|p2b: Excadrill|Earthquake|p1b: Sinistcha|[spread] p1a,p1b\n|-activate|p2a: Primarina|move: Protect\n|-resisted|p1b: Sinistcha|1\n|-damage|p1a: Blastoise|60/100\n|-damage|p1b: Sinistcha|81/100\n|move|p1a: Blastoise|Shell Smash|p1a: Blastoise\n|-unboost|p1a: Blastoise|def|1\n|-unboost|p1a: Blastoise|spd|1\n|-boost|p1a: Blastoise|atk|2\n|-boost|p1a: Blastoise|spa|2\n|-boost|p1a: Blastoise|spe|2\n|-enditem|p1a: Blastoise|White Herb\n|-clearnegativeboost|p1a: Blastoise|[silent]\n|move|p1b: Sinistcha|Matcha Gotcha|p2a: Primarina|[spread] \n|-activate|p2a: Primarina|move: Protect\n|-miss|p1b: Sinistcha|p2b: Excadrill\n|\n|upkeep\n|turn|2\n|inactive|dandnd1 has 30 seconds left.\n|inactive|Effe97 has 30 seconds left.\n|\n|t:|1775899984\n|switch|p2b: Sinistcha|Sinistcha, L50|100/100\n|move|p1a: Blastoise|Water Spout|p2a: Primarina|[spread] p2a,p2b\n|-resisted|p2a: Primarina|1\n|-resisted|p2b: Sinistcha|1\n|-damage|p2a: Primarina|76/100\n|-damage|p2b: Sinistcha|70/100\n|move|p2a: Primarina|Haze|p2a: Primarina\n|-clearallboost\n|move|p1b: Sinistcha|Life Dew|p1b: Sinistcha|[spread] p1a,p1b\n|-heal|p1a: Blastoise|85/100\n|-heal|p1b: Sinistcha|100/100\n|\n|upkeep\n|turn|3\n|\n|t:|1775900003\n|move|p2a: Primarina|Moonblast|p1a: Blastoise\n|-damage|p1a: Blastoise|33/100\n|move|p1a: Blastoise|Ice Beam|p2b: Sinistcha\n|-supereffective|p2b: Sinistcha|1\n|-damage|p2b: Sinistcha|10/100\n|-enditem|p2b: Sinistcha|Sitrus Berry|[eat]\n|-heal|p2b: Sinistcha|35/100|[from] item: Sitrus Berry\n|move|p2b: Sinistcha|Matcha Gotcha|p1b: Sinistcha|[spread] p1a,p1b\n|-supereffective|p1a: Blastoise|1\n|-resisted|p1b: Sinistcha|1\n|-damage|p1a: Blastoise|0 fnt\n|-heal|p2b: Sinistcha|52/100|[from] drain|[of] p1a: Blastoise\n|-damage|p1b: Sinistcha|90/100\n|-heal|p2b: Sinistcha|57/100|[from] drain|[of] p1b: Sinistcha\n|faint|p1a: Blastoise\n|move|p1b: Sinistcha|Matcha Gotcha|p2a: Primarina|[spread] p2a,p2b\n|-supereffective|p2a: Primarina|1\n|-resisted|p2b: Sinistcha|1\n|-damage|p2a: Primarina|31/100\n|-heal|p1b: Sinistcha|100/100|[from] drain|[of] p2a: Primarina\n|-damage|p2b: Sinistcha|44/100\n|-status|p2b: Sinistcha|brn\n|\n|-damage|p2b: Sinistcha|38/100 brn|[from] brn\n|upkeep\n|inactive|dandnd1 has 30 seconds left.\n|\n|t:|1775900029\n|switch|p1a: Tyranitar|Tyranitar, L50, M|100/100\n|-weather|Sandstorm|[from] ability: Sand Stream|[of] p1a: Tyranitar\n|turn|4\n|\n|t:|1775900036\n|detailschange|p1a: Tyranitar|Tyranitar-Mega, L50, M\n|-mega|p1a: Tyranitar|Tyranitar|Tyranitarite\n|move|p2b: Sinistcha|Rage Powder|p2b: Sinistcha\n|-singleturn|p2b: Sinistcha|move: Rage Powder\n|move|p2a: Primarina|Hyper Voice|p1a: Tyranitar|[spread] p1a,p1b\n|-supereffective|p1a: Tyranitar|1\n|-resisted|p1b: Sinistcha|1\n|-damage|p1a: Tyranitar|68/100\n|-damage|p1b: Sinistcha|85/100\n|move|p1a: Tyranitar|Rock Slide|p2a: Primarina|[spread] p2a,p2b\n|-damage|p2a: Primarina|0 fnt\n|-damage|p2b: Sinistcha|8/100 brn\n|faint|p2a: Primarina\n|move|p1b: Sinistcha|Matcha Gotcha|p2b: Sinistcha\n|-resisted|p2b: Sinistcha|1\n|-damage|p2b: Sinistcha|0 fnt\n|-heal|p1b: Sinistcha|89/100|[from] drain|[of] p2b: Sinistcha\n|faint|p2b: Sinistcha\n|\n|-weather|Sandstorm|[upkeep]\n|-damage|p1b: Sinistcha|83/100|[from] Sandstorm\n|upkeep\n|\n|t:|1775900046\n|switch|p2a: Tyranitar|Tyranitar, L50, M|100/100\n|switch|p2b: Excadrill|Excadrill, L50, M|100/100\n|turn|5\n|\n|t:|1775900058\n|switch|p1a: Incineroar|Incineroar, L50, F|100/100\n|-ability|p1a: Incineroar|Intimidate|boost\n|-unboost|p2a: Tyranitar|atk|1\n|-unboost|p2b: Excadrill|atk|1\n|detailschange|p2a: Tyranitar|Tyranitar-Mega, L50, M\n|-mega|p2a: Tyranitar|Tyranitar|Tyranitarite\n|move|p2b: Excadrill|Iron Head|p1a: Incineroar\n|-resisted|p1a: Incineroar|1\n|-damage|p1a: Incineroar|88/100\n|move|p2a: Tyranitar|Crunch|p1b: Sinistcha\n|-supereffective|p1b: Sinistcha|1\n|-damage|p1b: Sinistcha|28/100\n|move|p1b: Sinistcha|Matcha Gotcha|p2b: Excadrill|[spread] p2b\n|-miss|p1b: Sinistcha|p2a: Tyranitar\n|-damage|p2b: Excadrill|70/100\n|-heal|p1b: Sinistcha|44/100|[from] drain|[of] p2b: Excadrill\n|-status|p2b: Excadrill|brn\n|\n|-weather|Sandstorm|[upkeep]\n|-damage|p1b: Sinistcha|38/100|[from] Sandstorm\n|-damage|p1a: Incineroar|82/100|[from] Sandstorm\n|-damage|p2b: Excadrill|64/100 brn|[from] brn\n|upkeep\n|turn|6\n|\n|t:|1775900081\n|move|p2b: Excadrill|Protect|p2b: Excadrill\n|-singleturn|p2b: Excadrill|Protect\n|move|p2a: Tyranitar|Protect|p2a: Tyranitar\n|-singleturn|p2a: Tyranitar|Protect\n|move|p1a: Incineroar|Fake Out|p2a: Tyranitar\n|-activate|p2a: Tyranitar|move: Protect\n|move|p1b: Sinistcha|Matcha Gotcha|p2b: Excadrill|[spread] \n|-activate|p2a: Tyranitar|move: Protect\n|-activate|p2b: Excadrill|move: Protect\n|\n|-weather|Sandstorm|[upkeep]\n|-damage|p1b: Sinistcha|32/100|[from] Sandstorm\n|-damage|p1a: Incineroar|76/100|[from] Sandstorm\n|-damage|p2b: Excadrill|58/100 brn|[from] brn\n|upkeep\n|turn|7\n|\n|t:|1775900094\n|move|p1b: Sinistcha|Protect|p1b: Sinistcha\n|-singleturn|p1b: Sinistcha|Protect\n|move|p2b: Excadrill|High Horsepower|p1a: Incineroar\n|-supereffective|p1a: Incineroar|1\n|-damage|p1a: Incineroar|45/100\n|-enditem|p1a: Incineroar|Sitrus Berry|[eat]\n|-heal|p1a: Incineroar|69/100|[from] item: Sitrus Berry\n|move|p2a: Tyranitar|Crunch|p1b: Sinistcha\n|-activate|p1b: Sinistcha|move: Protect\n|move|p1a: Incineroar|Parting Shot|p2a: Tyranitar\n|-unboost|p2a: Tyranitar|atk|1\n|-unboost|p2a: Tyranitar|spa|1\n|\n|t:|1775900108\n|switch|p1a: Tyranitar|Tyranitar-Mega, L50, M|68/100|[from] Parting Shot\n|\n|-weather|Sandstorm|[upkeep]\n|-damage|p1b: Sinistcha|26/100|[from] Sandstorm\n|-damage|p2b: Excadrill|52/100 brn|[from] brn\n|upkeep\n|turn|8\n|\n|t:|1775900120\n|switch|p1b: Incineroar|Incineroar, L50, F|69/100\n|-ability|p1b: Incineroar|Intimidate|boost\n|-unboost|p2a: Tyranitar|atk|1\n|-unboost|p2b: Excadrill|atk|1\n|move|p2b: Excadrill|High Horsepower|p1a: Tyranitar\n|-supereffective|p1a: Tyranitar|1\n|-damage|p1a: Tyranitar|50/100\n|move|p2a: Tyranitar|Crunch|p1b: Incineroar\n|-resisted|p1b: Incineroar|1\n|-damage|p1b: Incineroar|62/100\n|move|p1a: Tyranitar|Low Kick|p2a: Tyranitar\n|-supereffective|p2a: Tyranitar|2\n|-damage|p2a: Tyranitar|0 fnt\n|faint|p2a: Tyranitar\n|\n|-weather|none\n|-damage|p2b: Excadrill|46/100 brn|[from] brn\n|upkeep\n|turn|9\n|\n|t:|1775900143\n|move|p1b: Incineroar|Fake Out|p2b: Excadrill\n|-resisted|p2b: Excadrill|1\n|-damage|p2b: Excadrill|38/100 brn\n|cant|p2b: Excadrill|flinch\n|move|p1a: Tyranitar|Low Kick|p2b: Excadrill\n|-supereffective|p2b: Excadrill|1\n|-damage|p2b: Excadrill|0 fnt\n|faint|p2b: Excadrill\n|\n|win|dandnd1\n|raw|dandnd1's rating: 1168 &rarr; <strong>1199</strong><br />(+31 for winning)\n|raw|Effe97's rating: 1257 &rarr; <strong>1226</strong><br />(-31 for losing)\n",
  "uploadtime": 1775900151,
  "views": 18,
  "formatid": "gen9championsvgc2026regma",
  "rating": 1199,
  "private": 0,
  "password": null
}