{
  "id": "gen9championsvgc2026regma-2581802403",
  "format": "[Gen 9 Champions] VGC 2026 Reg M-A",
  "players": [
    "doledragon",
    "RelaxedRoselia"
  ],
  "log": "|j|\u2606doledragon\n|j|\u2606RelaxedRoselia\n|t:|1776029602\n|gametype|doubles\n|player|p1|doledragon|juggler|1000\n|player|p2|RelaxedRoselia|170|1082\n|gen|9\n|tier|[Gen 9 Champions] VGC 2026 Reg M-A\n|rated|\n|rule|Species Clause: Limit one of each Pok\u00e9mon\n|rule|Item Clause: Limit 1 of each item\n|clearpoke\n|poke|p1|Glimmora, L50, F|\n|poke|p1|Kingambit, L50, M|\n|poke|p1|Tyranitar, L50, M|\n|poke|p1|Incineroar, L50, M|\n|poke|p1|Meganium, L50, F|\n|poke|p1|Aerodactyl, L50, M|\n|poke|p2|Crabominable, L50, F|\n|poke|p2|Sinistcha, L50|\n|poke|p2|Farigiraf, L50, M|\n|poke|p2|Kingambit, L50, M|\n|poke|p2|Sneasler, L50, M|\n|poke|p2|Rotom-Heat, L50|\n|teampreview|4\n|inactive|Battle timer is ON: inactive players will automatically lose when time's up. (requested by RelaxedRoselia)\n|\n|t:|1776029641\n|teamsize|p1|4\n|teamsize|p2|4\n|start\n|switch|p1a: REO Speedwagon|Aerodactyl, L50, M|100/100\n|switch|p1b: Magnus Carlson|Kingambit, L50, M|100/100\n|switch|p2a: Farigiraf|Farigiraf, L50, M|100/100\n|switch|p2b: Sneasler|Sneasler, L50, M|100/100\n|-ability|p1a: REO Speedwagon|Unnerve\n|turn|1\n|\n|t:|1776029656\n|move|p2b: Sneasler|Fake Out|p1b: Magnus Carlson\n|-resisted|p1b: Magnus Carlson|1\n|-damage|p1b: Magnus Carlson|96/100\n|move|p1a: REO Speedwagon|Taunt|p2a: Farigiraf\n|-start|p2a: Farigiraf|move: Taunt\n|cant|p1b: Magnus Carlson|flinch\n|cant|p2a: Farigiraf|move: Taunt|Trick Room\n|\n|upkeep\n|turn|2\n|\n|t:|1776029678\n|move|p1b: Magnus Carlson|Protect|p1b: Magnus Carlson\n|-singleturn|p1b: Magnus Carlson|Protect\n|move|p1a: REO Speedwagon|Dual Wingbeat|p2b: Sneasler\n|-supereffective|p2b: Sneasler|1\n|-damage|p2b: Sneasler|54/100\n|-supereffective|p2b: Sneasler|1\n|-damage|p2b: Sneasler|4/100\n|-hitcount|p2b: Sneasler|2\n|move|p2b: Sneasler|Close Combat|p1b: Magnus Carlson\n|-activate|p1b: Magnus Carlson|move: Protect\n|move|p2a: Farigiraf|Hyper Voice|p1a: REO Speedwagon|[spread] p1a\n|-activate|p1b: Magnus Carlson|move: Protect\n|-resisted|p1a: REO Speedwagon|1\n|-damage|p1a: REO Speedwagon|84/100\n|\n|upkeep\n|turn|3\n|inactive|doledragon has 30 seconds left.\n|inactive|RelaxedRoselia has 30 seconds left.\n|\n|t:|1776029710\n|switch|p1b: Regina George|Glimmora, L50, F, shiny|100/100\n|switch|p2a: Kingambit|Kingambit, L50, M|100/100\n|move|p1a: REO Speedwagon|Rock Slide|p2b: Sneasler|[spread] p2a,p2b\n|-resisted|p2a: Kingambit|1\n|-resisted|p2b: Sneasler|1\n|-damage|p2a: Kingambit|93/100\n|-damage|p2b: Sneasler|0 fnt\n|faint|p2b: Sneasler\n|\n|upkeep\n|\n|t:|1776029722\n|switch|p2b: Crabominable|Crabominable, L50, F|100/100\n|turn|4\n|\n|t:|1776029745\n|detailschange|p2b: Crabominable|Crabominable-Mega, L50, F\n|-mega|p2b: Crabominable|Crabominable|Crabominite\n|move|p1a: REO Speedwagon|Dual Wingbeat|p2b: Crabominable\n|-supereffective|p2b: Crabominable|1\n|-damage|p2b: Crabominable|79/100\n|-supereffective|p2b: Crabominable|1\n|-damage|p2b: Crabominable|57/100\n|-hitcount|p2b: Crabominable|2\n|move|p1b: Regina George|Earth Power|p2a: Kingambit\n|-supereffective|p2a: Kingambit|1\n|-crit|p2a: Kingambit\n|-damage|p2a: Kingambit|0 fnt\n|faint|p2a: Kingambit\n|move|p2b: Crabominable|Ice Hammer|p1a: REO Speedwagon|[miss]\n|-miss|p2b: Crabominable|p1a: REO Speedwagon\n|\n|upkeep\n|\n|t:|1776029760\n|switch|p2a: Farigiraf|Farigiraf, L50, M|100/100\n|turn|5\n|\n|t:|1776029772\n|move|p1b: Regina George|Spiky Shield|p1b: Regina George\n|-singleturn|p1b: Regina George|move: Protect\n|move|p1a: REO Speedwagon|Taunt|p2a: Farigiraf\n|-start|p2a: Farigiraf|move: Taunt\n|move|p2a: Farigiraf|Psychic|p1b: Regina George\n|-activate|p1b: Regina George|move: Protect\n|move|p2b: Crabominable|Drain Punch|p1a: REO Speedwagon\n|-damage|p1a: REO Speedwagon|6/100\n|-heal|p2b: Crabominable|94/100|[from] drain|[of] p1a: REO Speedwagon\n|\n|upkeep\n|turn|6\n|inactive|doledragon has 30 seconds left.\n|\n|t:|1776029805\n|move|p1a: REO Speedwagon|Dual Wingbeat|p2b: Crabominable\n|-supereffective|p2b: Crabominable|1\n|-damage|p2b: Crabominable|73/100\n|-supereffective|p2b: Crabominable|1\n|-damage|p2b: Crabominable|51/100\n|-hitcount|p2b: Crabominable|2\n|move|p1b: Regina George|Sludge Bomb|p2a: Farigiraf\n|-damage|p2a: Farigiraf|62/100\n|-status|p2a: Farigiraf|psn\n|move|p2a: Farigiraf|Hyper Voice|p1b: Regina George|[spread] p1a,p1b\n|-resisted|p1a: REO Speedwagon|1\n|-resisted|p1b: Regina George|1\n|-damage|p1a: REO Speedwagon|0 fnt\n|-damage|p1b: Regina George|84/100\n|faint|p1a: REO Speedwagon\n|move|p2b: Crabominable|Rock Slide|p1b: Regina George\n|-damage|p1b: Regina George|40/100\n|-activate|p1b: Regina George|ability: Toxic Debris\n|-sidestart|p2: RelaxedRoselia|move: Toxic Spikes\n|\n|-damage|p2a: Farigiraf|50/100 psn|[from] psn\n|upkeep\n|\n|t:|1776029824\n|switch|p1a: Little Foot|Meganium, L50, F, shiny|100/100\n|turn|7\n|\n|t:|1776029833\n|detailschange|p1a: Little Foot|Meganium-Mega, L50, F, shiny\n|-mega|p1a: Little Foot|Meganium|Meganiumite\n|move|p1b: Regina George|Sludge Bomb|p2a: Farigiraf\n|-damage|p2a: Farigiraf|11/100 psn\n|move|p1a: Little Foot|Weather Ball|p2b: Crabominable\n|-supereffective|p2b: Crabominable|1\n|-damage|p2b: Crabominable|0 fnt\n|faint|p2b: Crabominable\n|move|p2a: Farigiraf|Psychic|p1b: Regina George\n|-supereffective|p1b: Regina George|1\n|-damage|p1b: Regina George|0 fnt\n|faint|p1b: Regina George\n|\n|-damage|p2a: Farigiraf|0 fnt|[from] psn\n|faint|p2a: Farigiraf\n|\n|win|doledragon\n|raw|doledragon's rating: 1000 &rarr; <strong>1049</strong><br />(+49 for winning)\n|raw|RelaxedRoselia's rating: 1082 &rarr; <strong>1055</strong><br />(-27 for losing)\n",
  "uploadtime": 1776029850,
  "views": 13,
  "formatid": "gen9championsvgc2026regma",
  "rating": 1049,
  "private": 0,
  "password": null
}