{
  "id": "gen9championsvgc2026regma-2580884570",
  "format": "[Gen 9 Champions] VGC 2026 Reg M-A",
  "players": [
    "Reebookpump",
    "PPYYY"
  ],
  "log": "|j|\u2606Reebookpump\n|j|\u2606PPYYY\n|t:|1775940415\n|gametype|doubles\n|player|p1|Reebookpump|red-masters|\n|player|p2|PPYYY|miku-water|\n|gen|9\n|tier|[Gen 9 Champions] VGC 2026 Reg M-A\n|rated|Tournament battle\n|rule|Species Clause: Limit one of each Pok\u00e9mon\n|rule|Item Clause: Limit 1 of each item\n|raw|<div class=\"infobox\"><details class=\"readmore\" open><summary><strong>1 custom rule:</strong></summary> Force Open Team Sheets</details></div>\n|clearpoke\n|poke|p1|Scizor, L50, F|\n|poke|p1|Palafin, L50, M|\n|poke|p1|Pelipper, L50, F|\n|poke|p1|Incineroar, L50, M|\n|poke|p1|Dragonite, L50, M|\n|poke|p1|Sinistcha-Masterpiece, L50|\n|poke|p2|Gengar, L50, M|\n|poke|p2|Hydreigon, L50, F|\n|poke|p2|Corviknight, L50, M|\n|poke|p2|Incineroar, L50, M|\n|poke|p2|Typhlosion-Hisui, L50, F|\n|poke|p2|Milotic, L50, M|\n|teampreview|4\n|showteam|p1|Scizor||Scizorite|Technician|BugBite,BulletPunch,SwordsDance,Protect|||F|||50|]Palafin||MysticWater|ZerotoHero|WaveCrash,JetPunch,FlipTurn,Protect|||M|||50|]Pelipper||FocusSash|Drizzle|Hurricane,WeatherBall,Tailwind,Protect|||F|||50|]Incineroar||ChopleBerry|Intimidate|FakeOut,FlareBlitz,ThroatChop,PartingShot|||M|||50|]Dragonite||Dragoninite|InnerFocus|Hurricane,DracoMeteor,DragonPulse,Protect|||M|||50|]Sinistcha-Masterpiece||SitrusBerry|Hospitality|MatchaGotcha,RagePowder,LifeDew,TrickRoom||||||50|\n|showteam|p2|Gengar||Gengarite|CursedBody|SludgeBomb,ShadowBall,Taunt,Protect|||M|||50|]Hydreigon||FocusSash|Levitate|DracoMeteor,Snarl,Tailwind,Protect|||F|||50|]Corviknight||MentalHerb|MirrorArmor|BodyPress,BraveBird,IronDefense,Roost|||M|||50|]Incineroar||SitrusBerry|Intimidate|FakeOut,FlareBlitz,DarkestLariat,PartingShot|||M|||50|]Typhlosion-Hisui||ChoiceScarf|Frisk|Eruption,Overheat,HeatWave,ShadowBall|||F|||50|]Milotic||Leftovers|Competitive|MuddyWater,Coil,Hypnosis,Protect|||M|||50|\n|\n|t:|1775940524\n|teamsize|p1|4\n|teamsize|p2|4\n|start\n|switch|p1a: Scizor|Scizor, L50, F, shiny|100/100\n|switch|p1b: Palafin|Palafin, L50, M|100/100\n|switch|p2a: al|Gengar, L50, M|100/100\n|switch|p2b: llal|Corviknight, L50, M|100/100\n|turn|1\n|\n|t:|1775940583\n|detailschange|p2a: al|Gengar-Mega, L50, M\n|-mega|p2a: al|Gengar|Gengarite\n|detailschange|p1a: Scizor|Scizor-Mega, L50, F, shiny\n|-mega|p1a: Scizor|Scizor|Scizorite\n|move|p2a: al|Protect|p2a: al\n|-singleturn|p2a: al|Protect\n|move|p1b: Palafin|Flip Turn|p2a: al\n|-activate|p2a: al|move: Protect\n|move|p1a: Scizor|Swords Dance|p1a: Scizor\n|-boost|p1a: Scizor|atk|2\n|move|p2b: llal|Iron Defense|p2b: llal\n|-boost|p2b: llal|def|2\n|\n|upkeep\n|turn|2\n|\n|t:|1775940605\n|switch|p2a: lall|Incineroar, L50, M|100/100\n|-ability|p2a: lall|Intimidate|boost\n|-unboost|p1a: Scizor|atk|1\n|-unboost|p1b: Palafin|atk|1\n|move|p1a: Scizor|Bullet Punch|p2a: lall\n|-resisted|p2a: lall|1\n|-damage|p2a: lall|81/100\n|move|p1b: Palafin|Flip Turn|p2a: lall\n|-supereffective|p2a: lall|1\n|-damage|p2a: lall|53/100\n|\n|t:|1775940617\n|detailschange|p1b: Palafin|Palafin-Hero, L50, M\n|switch|p1b: Pelipper|Pelipper, L50, F, shiny|100/100|[from] Flip Turn\n|-weather|RainDance|[from] ability: Drizzle|[of] p1b: Pelipper\n|move|p2b: llal|Body Press|p1a: Scizor\n|-damage|p1a: Scizor|64/100\n|\n|-weather|RainDance|[upkeep]\n|upkeep\n|turn|3\n|\n|t:|1775940649\n|switch|p2a: lal|Hydreigon, L50, F|100/100\n|move|p1b: Pelipper|Weather Ball|p2a: lal\n|-resisted|p2a: lal|1\n|-damage|p2a: lal|63/100\n|move|p1a: Scizor|Swords Dance|p1a: Scizor\n|-boost|p1a: Scizor|atk|2\n|move|p2b: llal|Body Press|p1a: Scizor\n|-damage|p1a: Scizor|29/100\n|\n|-weather|RainDance|[upkeep]\n|upkeep\n|turn|4\n|\n|t:|1775940677\n|switch|p2a: lall|Incineroar, L50, M|53/100\n|-ability|p2a: lall|Intimidate|boost\n|-unboost|p1a: Scizor|atk|1\n|-unboost|p1b: Pelipper|atk|1\n|switch|p1b: Sinistcha|Sinistcha-Masterpiece, L50, shiny|100/100\n|-heal|p1a: Scizor|54/100|[from] ability: Hospitality|[of] p1b: Sinistcha\n|move|p1a: Scizor|Bug Bite|p2a: lall\n|-damage|p2a: lall|0 fnt\n|-enditem|p2a: lall|Sitrus Berry|[from] stealeat|[move] Bug Bite|[of] p1a: Scizor\n|-heal|p1a: Scizor|79/100|[from] item: Sitrus Berry\n|faint|p2a: lall\n|move|p2b: llal|Body Press|p1a: Scizor\n|-damage|p1a: Scizor|45/100\n|\n|-weather|RainDance|[upkeep]\n|upkeep\n|\n|t:|1775940687\n|switch|p2a: al|Gengar-Mega, L50, M|100/100\n|turn|5\n|j| Edu781\n|\n|t:|1775940706\n|move|p2a: al|Protect|p2a: al\n|-singleturn|p2a: al|Protect\n|move|p1a: Scizor|Bullet Punch|p2a: al\n|-activate|p2a: al|move: Protect\n|move|p1b: Sinistcha|Life Dew||[still]|[spread] p1a,p1b\n|-heal|p1a: Scizor|70/100\n|-fail|p1b: Sinistcha|heal\n|move|p2b: llal|Iron Defense|p2b: llal\n|-boost|p2b: llal|def|2\n|\n|-weather|RainDance|[upkeep]\n|upkeep\n|turn|6\n|\n|t:|1775940719\n|move|p1b: Sinistcha|Rage Powder|p1b: Sinistcha\n|-singleturn|p1b: Sinistcha|move: Rage Powder\n|move|p1a: Scizor|Bullet Punch|p2a: al\n|-damage|p2a: al|0 fnt\n|faint|p2a: al\n|move|p2b: llal|Iron Defense|p2b: llal\n|-boost|p2b: llal|def|2\n|\n|-weather|none\n|upkeep\n|\n|t:|1775940723\n|switch|p2a: lal|Hydreigon, L50, F|63/100\n|turn|7\n|\n|t:|1775940738\n|move|p2a: lal|Protect|p2a: lal\n|-singleturn|p2a: lal|Protect\n|move|p1a: Scizor|Bullet Punch|p2a: lal\n|-activate|p2a: lal|move: Protect\n|move|p1b: Sinistcha|Matcha Gotcha|p2b: llal|[spread] p2b\n|-activate|p2a: lal|move: Protect\n|-resisted|p2b: llal|2\n|-damage|p2b: llal|96/100\n|move|p2b: llal|Brave Bird|p1b: Sinistcha\n|-supereffective|p1b: Sinistcha|1\n|-damage|p1b: Sinistcha|29/100\n|-enditem|p1b: Sinistcha|Sitrus Berry|[eat]\n|-heal|p1b: Sinistcha|53/100|[from] item: Sitrus Berry\n|-damage|p2b: llal|75/100|[from] Recoil\n|\n|upkeep\n|turn|8\n|\n|t:|1775940751\n|switch|p1b: Pelipper|Pelipper, L50, F, shiny|100/100\n|-weather|RainDance|[from] ability: Drizzle|[of] p1b: Pelipper\n|move|p1a: Scizor|Bullet Punch|p2a: lal\n|-damage|p2a: lal|0 fnt\n|faint|p2a: lal\n|move|p2b: llal|Roost|p2b: llal\n|-heal|p2b: llal|100/100\n|-singleturn|p2b: llal|move: Roost\n|\n|-weather|RainDance|[upkeep]\n|upkeep\n|turn|9\n|\n|t:|1775940768\n|move|p1b: Pelipper|Weather Ball|p2b: llal\n|-damage|p2b: llal|46/100\n|move|p1a: Scizor|Bug Bite|p2b: llal\n|-resisted|p2b: llal|2\n|-damage|p2b: llal|40/100\n|move|p2b: llal|Brave Bird|p1b: Pelipper\n|-damage|p1b: Pelipper|49/100\n|-damage|p2b: llal|29/100|[from] Recoil\n|\n|-weather|RainDance|[upkeep]\n|upkeep\n|turn|10\n|\n|t:|1775940778\n|move|p1b: Pelipper|Weather Ball|p2b: llal\n|-damage|p2b: llal|0 fnt\n|faint|p2b: llal\n|\n|win|Reebookpump\n|n|\u2606Reebookpump|reebookpump\n|n|\u2606PPYYY|ppyyy\n|n| Edu781|edu781\n|l|\u2606Reebookpump\n|player|p1|\n",
  "uploadtime": 1775940780,
  "views": 9,
  "formatid": "gen9championsvgc2026regma",
  "rating": null,
  "private": 0,
  "password": null
}