{
  "id": "gen9championsvgc2026regma-2588712688",
  "format": "[Gen 9 Champions] VGC 2026 Reg M-A",
  "players": [
    "Snipado",
    "NotMugen"
  ],
  "log": "|j|\u2606Snipado\n|j|\u2606NotMugen\n|t:|1776660827\n|gametype|doubles\n|player|p1|Snipado|hiker-gen4|1171\n|player|p2|NotMugen|n|1158\n|gen|9\n|tier|[Gen 9 Champions] VGC 2026 Reg M-A\n|rated|\n|rule|Species Clause: Limit one of each Pok\u00e9mon\n|rule|Item Clause: Limit 1 of each item\n|clearpoke\n|poke|p1|Gardevoir, L50, M, shiny|\n|poke|p1|Garchomp, L50, F|\n|poke|p1|Kingambit, L50, F|\n|poke|p1|Basculegion, L50, M|\n|poke|p1|Maushold-Four, L50|\n|poke|p1|Talonflame, L50, M|\n|poke|p2|Sinistcha, L50|\n|poke|p2|Tyranitar, L50, M|\n|poke|p2|Incineroar, L50, F|\n|poke|p2|Excadrill, L50, M|\n|poke|p2|Corviknight, L50, M|\n|poke|p2|Dragonite, L50, M|\n|teampreview|4\n|\n|t:|1776660868\n|teamsize|p1|4\n|teamsize|p2|4\n|start\n|switch|p1a: Talonflame|Talonflame, L50, M|100/100\n|switch|p1b: Garchomp|Garchomp, L50, F|100/100\n|switch|p2a: Aouga|Incineroar, L50, F|100/100\n|switch|p2b: Bird|Corviknight, L50, M|100/100\n|-ability|p2a: Aouga|Intimidate|boost\n|-unboost|p1a: Talonflame|atk|1\n|-unboost|p1b: Garchomp|atk|1\n|-enditem|p1a: Talonflame|White Herb\n|-clearnegativeboost|p1a: Talonflame|[silent]\n|turn|1\n|\n|t:|1776660884\n|move|p2a: Aouga|Fake Out|p1a: Talonflame\n|-damage|p1a: Talonflame|82/100\n|cant|p1a: Talonflame|flinch\n|move|p1b: Garchomp|Swords Dance|p1b: Garchomp\n|-boost|p1b: Garchomp|atk|2\n|move|p2b: Bird|Tailwind|p2b: Bird\n|-sidestart|p2: NotMugen|move: Tailwind\n|\n|upkeep\n|turn|2\n|\n|t:|1776660906\n|move|p1b: Garchomp|Protect|p1b: Garchomp\n|-singleturn|p1b: Garchomp|Protect\n|move|p1a: Talonflame|Tailwind|p1a: Talonflame\n|-sidestart|p1: Snipado|move: Tailwind\n|move|p2b: Bird|Bulk Up|p2b: Bird\n|-boost|p2b: Bird|atk|1\n|-boost|p2b: Bird|def|1\n|move|p2a: Aouga|Parting Shot|p1b: Garchomp\n|-activate|p1b: Garchomp|move: Protect\n|\n|upkeep\n|turn|3\n|\n|t:|1776660929\n|move|p1a: Talonflame|Will-O-Wisp|p2b: Bird\n|-status|p2b: Bird|brn\n|move|p1b: Garchomp|Earthquake|p2a: Aouga|[spread] p2a\n|-immune|p1a: Talonflame\n|-immune|p2b: Bird\n|-supereffective|p2a: Aouga|1\n|-damage|p2a: Aouga|0 fnt\n|faint|p2a: Aouga\n|move|p2b: Bird|Brave Bird|p1a: Talonflame\n|-damage|p1a: Talonflame|36/100\n|-damage|p2b: Bird|86/100 brn|[from] Recoil\n|\n|-heal|p2b: Bird|91/100 brn|[from] item: Leftovers\n|-damage|p2b: Bird|86/100 brn|[from] brn\n|upkeep\n|\n|t:|1776660937\n|switch|p2a: Big T|Tyranitar, L50, M|100/100\n|-weather|Sandstorm|[from] ability: Sand Stream|[of] p2a: Big T\n|turn|4\n|\n|t:|1776660950\n|detailschange|p2a: Big T|Tyranitar-Mega, L50, M\n|-mega|p2a: Big T|Tyranitar|Tyranitarite\n|move|p2a: Big T|Protect|p2a: Big T\n|-singleturn|p2a: Big T|Protect\n|move|p1a: Talonflame|Overheat|p2b: Bird\n|-supereffective|p2b: Bird|1\n|-damage|p2b: Bird|6/100 brn\n|-unboost|p1a: Talonflame|spa|2\n|move|p1b: Garchomp|Earthquake|p2b: Bird|[spread] \n|-activate|p2a: Big T|move: Protect\n|-immune|p1a: Talonflame\n|-immune|p2b: Bird\n|move|p2b: Bird|Bulk Up|p2b: Bird\n|-boost|p2b: Bird|atk|1\n|-boost|p2b: Bird|def|1\n|\n|-weather|Sandstorm|[upkeep]\n|-damage|p1a: Talonflame|30/100|[from] Sandstorm\n|-heal|p2b: Bird|11/100 brn|[from] item: Leftovers\n|-damage|p2b: Bird|6/100 brn|[from] brn\n|-sideend|p2: NotMugen|move: Tailwind\n|upkeep\n|turn|5\n|\n|t:|1776660975\n|switch|p2a: General Sipper|Sinistcha, L50|100/100\n|-heal|p2b: Bird|30/100 brn|[from] ability: Hospitality|[of] p2a: General Sipper\n|move|p1a: Talonflame|Will-O-Wisp|p2a: General Sipper\n|-status|p2a: General Sipper|brn\n|move|p1b: Garchomp|Earthquake|p2a: General Sipper|[spread] p2a\n|-immune|p1a: Talonflame\n|-immune|p2b: Bird\n|-resisted|p2a: General Sipper|1\n|-damage|p2a: General Sipper|77/100 brn\n|move|p2b: Bird|Tailwind|p2b: Bird\n|-sidestart|p2: NotMugen|move: Tailwind\n|\n|-weather|Sandstorm|[upkeep]\n|-damage|p1a: Talonflame|24/100|[from] Sandstorm\n|-damage|p2a: General Sipper|70/100 brn|[from] Sandstorm\n|-heal|p2b: Bird|36/100 brn|[from] item: Leftovers\n|-damage|p2a: General Sipper|64/100 brn|[from] brn\n|-damage|p2b: Bird|30/100 brn|[from] brn\n|-sideend|p1: Snipado|move: Tailwind\n|upkeep\n|turn|6\n|\n|t:|1776661004\n|move|p1a: Talonflame|Tailwind|p1a: Talonflame\n|-sidestart|p1: Snipado|move: Tailwind\n|move|p1b: Garchomp|Dragon Claw|p2b: Bird\n|-resisted|p2b: Bird|1\n|-damage|p2b: Bird|18/100 brn\n|move|p2a: General Sipper|Shadow Ball|p1a: Talonflame\n|-damage|p1a: Talonflame|0 fnt\n|faint|p1a: Talonflame\n|move|p2b: Bird|Bulk Up|p2b: Bird\n|-boost|p2b: Bird|atk|1\n|-boost|p2b: Bird|def|1\n|\n|-weather|Sandstorm|[upkeep]\n|-damage|p2a: General Sipper|58/100 brn|[from] Sandstorm\n|-heal|p2b: Bird|24/100 brn|[from] item: Leftovers\n|-damage|p2a: General Sipper|52/100 brn|[from] brn\n|-damage|p2b: Bird|18/100 brn|[from] brn\n|upkeep\n|\n|t:|1776661019\n|switch|p1a: Gardevoir|Gardevoir, L50, M, shiny|100/100\n|turn|7\n|\n|t:|1776661051\n|detailschange|p1a: Gardevoir|Gardevoir-Mega, L50, M, shiny\n|-mega|p1a: Gardevoir|Gardevoir|Gardevoirite\n|move|p1b: Garchomp|Dragon Claw|p2a: General Sipper\n|-damage|p2a: General Sipper|0 fnt\n|faint|p2a: General Sipper\n|move|p1a: Gardevoir|Hyper Voice|p2b: Bird\n|-resisted|p2b: Bird|1\n|-damage|p2b: Bird|0 fnt\n|faint|p2b: Bird\n|\n|-weather|Sandstorm|[upkeep]\n|-damage|p1a: Gardevoir|95/100|[from] Sandstorm\n|upkeep\n|-message|NotMugen forfeited.\n|\n|win|Snipado\n|raw|Snipado's rating: 1171 &rarr; <strong>1195</strong><br />(+24 for winning)\n|raw|NotMugen's rating: 1158 &rarr; <strong>1134</strong><br />(-24 for losing)\n|l|\u2606NotMugen\n|player|p2|\n",
  "uploadtime": 1776661501,
  "views": 6,
  "formatid": "gen9championsvgc2026regma",
  "rating": 1134,
  "private": 0,
  "password": null
}