{
  "id": "gen9championsvgc2026regma-2580870245",
  "format": "[Gen 9 Champions] VGC 2026 Reg M-A",
  "players": [
    "finishedfiend",
    "Unpuzzled"
  ],
  "log": "|j|\u2606finishedfiend\n|j|\u2606Unpuzzled\n|t:|1775939244\n|gametype|doubles\n|player|p1|finishedfiend|elesa|1046\n|player|p2|Unpuzzled|266|1000\n|gen|9\n|tier|[Gen 9 Champions] VGC 2026 Reg M-A\n|rated|\n|rule|Species Clause: Limit one of each Pok\u00e9mon\n|rule|Item Clause: Limit 1 of each item\n|clearpoke\n|poke|p1|Gardevoir, L50, M|\n|poke|p1|Aerodactyl, L50, M|\n|poke|p1|Sneasler, L50, F|\n|poke|p1|Charizard, L50, F|\n|poke|p1|Venusaur, L50, M|\n|poke|p1|Rotom-Wash, L50|\n|poke|p2|Skarmory, L50, M|\n|poke|p2|Politoed, L50, M|\n|poke|p2|Arcanine-Hisui, L50, M|\n|poke|p2|Chesnaught, L50, F|\n|poke|p2|Slowking-Galar, L50, F|\n|poke|p2|Goodra-Hisui, L50, M|\n|teampreview|4\n|\n|t:|1775939285\n|teamsize|p1|4\n|teamsize|p2|4\n|start\n|switch|p1a: Gardevoir|Gardevoir, L50, M|100/100\n|switch|p1b: Aerodactyl|Aerodactyl, L50, M|100/100\n|switch|p2a: Chesnaught|Chesnaught, L50, F, shiny|100/100\n|switch|p2b: Politoed|Politoed, L50, M|100/100\n|-ability|p1b: Aerodactyl|Unnerve\n|-weather|RainDance|[from] ability: Drizzle|[of] p2b: Politoed\n|turn|1\n|\n|t:|1775939323\n|switch|p2a: Goodra|Goodra-Hisui, L50, M|100/100\n|move|p1a: Gardevoir|Moonblast|p2a: Goodra\n|-damage|p2a: Goodra|63/100\n|move|p1b: Aerodactyl|Tailwind|p1b: Aerodactyl\n|-sidestart|p1: finishedfiend|move: Tailwind\n|move|p2b: Politoed|Ice Beam|p1b: Aerodactyl\n|-supereffective|p1b: Aerodactyl|1\n|-damage|p1b: Aerodactyl|52/100\n|\n|-weather|RainDance|[upkeep]\n|upkeep\n|turn|2\n|\n|t:|1775939355\n|switch|p1a: Charizard|Charizard, L50, F|100/100\n|move|p2b: Politoed|Helping Hand|p2a: Goodra\n|-singleturn|p2a: Goodra|Helping Hand|[of] p2b: Politoed\n|move|p1b: Aerodactyl|Protect|p1b: Aerodactyl\n|-singleturn|p1b: Aerodactyl|Protect\n|move|p2a: Goodra|Flash Cannon|p1a: Charizard\n|-resisted|p1a: Charizard|1\n|-damage|p1a: Charizard|65/100\n|\n|-weather|RainDance|[upkeep]\n|upkeep\n|turn|3\n|\n|t:|1775939401\n|detailschange|p1a: Charizard|Charizard-Mega-Y, L50, F\n|-mega|p1a: Charizard|Charizard|Charizardite Y\n|-weather|SunnyDay|[from] ability: Drought|[of] p1a: Charizard\n|move|p1b: Aerodactyl|Rock Slide|p2b: Politoed|[spread] p2a,p2b\n|-resisted|p2a: Goodra|1\n|-damage|p2a: Goodra|54/100\n|-damage|p2b: Politoed|80/100\n|move|p1a: Charizard|Brick Break|p2a: Goodra\n|-supereffective|p2a: Goodra|1\n|-damage|p2a: Goodra|23/100\n|-ability|p2a: Goodra|Gooey\n|-unboost|p1a: Charizard|spe|1\n|move|p2b: Politoed|Ice Beam|p1b: Aerodactyl\n|-supereffective|p1b: Aerodactyl|1\n|-crit|p1b: Aerodactyl\n|-damage|p1b: Aerodactyl|0 fnt\n|faint|p1b: Aerodactyl\n|move|p2a: Goodra|Dragon Pulse|p1a: Charizard\n|-damage|p1a: Charizard|28/100\n|\n|-weather|SunnyDay|[upkeep]\n|upkeep\n|\n|t:|1775939433\n|switch|p1b: Rotom|Rotom-Wash, L50|100/100\n|turn|4\n|\n|t:|1775939451\n|move|p1b: Rotom|Thunderbolt|p2b: Politoed\n|-supereffective|p2b: Politoed|1\n|-damage|p2b: Politoed|15/100\n|move|p1a: Charizard|Brick Break|p2a: Goodra\n|-supereffective|p2a: Goodra|1\n|-damage|p2a: Goodra|0 fnt\n|-ability|p2a: Goodra|Gooey\n|-unboost|p1a: Charizard|spe|1\n|faint|p2a: Goodra\n|move|p2b: Politoed|Chilling Water|p1a: Charizard\n|-supereffective|p1a: Charizard|1\n|-damage|p1a: Charizard|13/100\n|-unboost|p1a: Charizard|atk|1\n|\n|-weather|SunnyDay|[upkeep]\n|-sideend|p1: finishedfiend|move: Tailwind\n|upkeep\n|\n|t:|1775939470\n|switch|p2a: Slowking|Slowking-Galar, L50, F|100/100\n|turn|5\n|\n|t:|1775939480\n|switch|p1a: Gardevoir|Gardevoir, L50, M|100/100\n|move|p2b: Politoed|Protect|p2b: Politoed\n|-singleturn|p2b: Politoed|Protect\n|move|p1b: Rotom|Thunderbolt|p2b: Politoed\n|-activate|p2b: Politoed|move: Protect\n|move|p2a: Slowking|Trick Room|p2a: Slowking\n|-fieldstart|move: Trick Room|[of] p2a: Slowking\n|\n|-weather|SunnyDay|[upkeep]\n|upkeep\n|turn|6\n|\n|t:|1775939517\n|move|p1b: Rotom|Protect|p1b: Rotom\n|-singleturn|p1b: Rotom|Protect\n|move|p2a: Slowking|Light Screen|p2a: Slowking\n|-sidestart|p2: Unpuzzled|move: Light Screen\n|move|p2b: Politoed|Ice Beam|p1a: Gardevoir\n|-damage|p1a: Gardevoir|76/100\n|move|p1a: Gardevoir|Trick Room|p1a: Gardevoir\n|-fieldend|move: Trick Room\n|\n|-weather|SunnyDay|[upkeep]\n|upkeep\n|turn|7\n|\n|t:|1775939546\n|switch|p1a: Charizard|Charizard-Mega-Y, L50, F|13/100\n|move|p1b: Rotom|Thunderbolt|p2b: Politoed\n|-supereffective|p2b: Politoed|1\n|-damage|p2b: Politoed|0 fnt\n|faint|p2b: Politoed\n|move|p2a: Slowking|Sludge Bomb|p1a: Charizard\n|-damage|p1a: Charizard|0 fnt\n|faint|p1a: Charizard\n|\n|-weather|none\n|upkeep\n|\n|t:|1775939556\n|switch|p1a: Gardevoir|Gardevoir, L50, M|76/100\n|switch|p2b: Chesnaught|Chesnaught, L50, F, shiny|100/100\n|turn|8\n|\n|t:|1775939572\n|move|p1a: Gardevoir|Trick|p2a: Slowking\n|-activate|p1a: Gardevoir|move: Trick|[of] p2a: Slowking\n|-item|p2a: Slowking|Choice Scarf|[from] move: Trick\n|-item|p1a: Gardevoir|Leftovers|[from] move: Trick\n|move|p1b: Rotom|Will-O-Wisp|p2b: Chesnaught\n|-status|p2b: Chesnaught|brn\n|move|p2b: Chesnaught|Seed Bomb|p1b: Rotom\n|-supereffective|p1b: Rotom|1\n|-damage|p1b: Rotom|48/100\n|move|p2a: Slowking|Sludge Bomb|p1a: Gardevoir\n|-supereffective|p1a: Gardevoir|1\n|-damage|p1a: Gardevoir|0 fnt\n|faint|p1a: Gardevoir\n|\n|-damage|p2b: Chesnaught|94/100 brn|[from] brn\n|upkeep\n|turn|9\n|-message|finishedfiend forfeited.\n|\n|win|Unpuzzled\n|raw|finishedfiend's rating: 1046 &rarr; <strong>1027</strong><br />(-19 for losing)\n|raw|Unpuzzled's rating: 1000 &rarr; <strong>1045</strong><br />(+45 for winning)\n|l|\u2606finishedfiend\n|player|p1|\n",
  "uploadtime": 1775939610,
  "views": 27,
  "formatid": "gen9championsvgc2026regma",
  "rating": 1027,
  "private": 0,
  "password": null
}