{
  "id": "gen9championsvgc2026regma-2588309248",
  "format": "[Gen 9 Champions] VGC 2026 Reg M-A",
  "players": [
    "benniOVYalt",
    "PyProd."
  ],
  "log": "|j|\u2606benniOVYalt\n|j|\u2606PyProd.\n|t:|1776622931\n|gametype|doubles\n|player|p1|benniOVYalt|psychic-gen4|1329\n|player|p2|PyProd.|#lcplxiskittycommittee|1310\n|gen|9\n|tier|[Gen 9 Champions] VGC 2026 Reg M-A\n|rated|\n|rule|Species Clause: Limit one of each Pok\u00e9mon\n|rule|Item Clause: Limit 1 of each item\n|clearpoke\n|poke|p1|Scizor, L50, F|\n|poke|p1|Pelipper, L50, F|\n|poke|p1|Basculegion, L50, M|\n|poke|p1|Incineroar, L50, F|\n|poke|p1|Archaludon, L50, M|\n|poke|p1|Dragonite, L50, F|\n|poke|p2|Aerodactyl, L50, M|\n|poke|p2|Garchomp, L50, F|\n|poke|p2|Floette-Eternal, L50, F|\n|poke|p2|Arcanine-Hisui, L50, F|\n|poke|p2|Sneasler, L50, M|\n|poke|p2|Rotom-Wash, L50|\n|teampreview|4\n|\n|t:|1776622959\n|teamsize|p1|4\n|teamsize|p2|4\n|start\n|switch|p1a: Scizor|Scizor, L50, F|100/100\n|switch|p1b: Basculegion|Basculegion, L50, M|100/100\n|switch|p2a: Rotom|Rotom-Wash, L50|100/100\n|switch|p2b: Garchomp|Garchomp, L50, F|100/100\n|turn|1\n|\n|t:|1776622992\n|detailschange|p1a: Scizor|Scizor-Mega, L50, F\n|-mega|p1a: Scizor|Scizor|Scizorite\n|move|p1a: Scizor|Protect|p1a: Scizor\n|-singleturn|p1a: Scizor|Protect\n|move|p2a: Rotom|Electroweb|p1a: Scizor|[spread] p1b\n|-activate|p1a: Scizor|move: Protect\n|-supereffective|p1b: Basculegion|1\n|-damage|p1b: Basculegion|63/100\n|-unboost|p1b: Basculegion|spe|1\n|move|p2b: Garchomp|Earthquake|p1b: Basculegion|[spread] p1b\n|-activate|p1a: Scizor|move: Protect\n|-immune|p2a: Rotom|[from] ability: Levitate\n|-damage|p1b: Basculegion|4/100\n|move|p1b: Basculegion|Flip Turn|p2b: Garchomp\n|-damage|p2b: Garchomp|55/100\n|-damage|p1b: Basculegion|0 fnt|[from] ability: Rough Skin|[of] p2b: Garchomp\n|faint|p1b: Basculegion\n|\n|upkeep\n|\n|t:|1776623011\n|switch|p1b: Incineroar|Incineroar, L50, F|100/100\n|-ability|p1b: Incineroar|Intimidate|boost\n|-unboost|p2a: Rotom|atk|1\n|-unboost|p2b: Garchomp|atk|1\n|turn|2\n|c|\u2606benniOVYalt|damn\n|c|\u2606benniOVYalt|sometiems you just gotta love the cts behavior\n|\n|t:|1776623026\n|switch|p2a: Sneasler|Sneasler, L50, M|100/100\n|-ability|p2a: Sneasler|Pressure\n|move|p1b: Incineroar|Fake Out|p2a: Sneasler\n|-damage|p2a: Sneasler|86/100\n|move|p2b: Garchomp|Earthquake|p1b: Incineroar|[spread] p2a,p1a,p1b\n|-supereffective|p2a: Sneasler|1\n|-supereffective|p1b: Incineroar|1\n|-damage|p2a: Sneasler|12/100\n|-damage|p1a: Scizor|76/100\n|-damage|p1b: Incineroar|49/100\n|-enditem|p1b: Incineroar|Sitrus Berry|[eat]\n|-heal|p1b: Incineroar|74/100|[from] item: Sitrus Berry\n|move|p1a: Scizor|Swords Dance|p1a: Scizor\n|-boost|p1a: Scizor|atk|2\n|\n|upkeep\n|turn|3\n|\n|t:|1776623047\n|move|p2a: Sneasler|Fake Out|p1a: Scizor\n|-resisted|p1a: Scizor|1\n|-damage|p1a: Scizor|71/100\n|cant|p1a: Scizor|flinch\n|move|p2b: Garchomp|Stomping Tantrum|p1b: Incineroar\n|-supereffective|p1b: Incineroar|1\n|-damage|p1b: Incineroar|17/100\n|move|p1b: Incineroar|Parting Shot|p2b: Garchomp\n|-unboost|p2b: Garchomp|atk|1\n|-unboost|p2b: Garchomp|spa|1\n|\n|t:|1776623049\n|switch|p1b: Pelipper|Pelipper, L50, F|100/100|[from] Parting Shot\n|-weather|RainDance|[from] ability: Drizzle|[of] p1b: Pelipper\n|\n|-weather|RainDance|[upkeep]\n|upkeep\n|turn|4\n|\n|t:|1776623064\n|switch|p2a: Rotom|Rotom-Wash, L50|100/100\n|move|p1a: Scizor|Bullet Punch|p2a: Rotom\n|-resisted|p2a: Rotom|2\n|-damage|p2a: Rotom|79/100\n|move|p2b: Garchomp|Earthquake|p1a: Scizor|[spread] p1a\n|-immune|p2a: Rotom|[from] ability: Levitate\n|-immune|p1b: Pelipper\n|-damage|p1a: Scizor|54/100\n|move|p1b: Pelipper|Tailwind|p1b: Pelipper\n|-sidestart|p1: benniOVYalt|move: Tailwind\n|\n|-weather|RainDance|[upkeep]\n|upkeep\n|turn|5\n|\n|t:|1776623078\n|switch|p2b: Sneasler|Sneasler, L50, M|12/100\n|-ability|p2b: Sneasler|Pressure\n|move|p1b: Pelipper|Hurricane|p2a: Rotom\n|-resisted|p2a: Rotom|1\n|-damage|p2a: Rotom|51/100\n|move|p2a: Rotom|Will-O-Wisp|p1a: Scizor\n|-status|p1a: Scizor|brn\n|move|p1a: Scizor|Bug Bite|p2a: Rotom\n|-damage|p2a: Rotom|0 fnt\n|faint|p2a: Rotom\n|\n|-weather|RainDance|[upkeep]\n|-damage|p1a: Scizor|47/100 brn|[from] brn\n|upkeep\n|\n|t:|1776623088\n|switch|p2a: Floette|Floette-Eternal, L50, F|100/100\n|turn|6\n|c|\u2606benniOVYalt|fuck me\n|\n|t:|1776623099\n|detailschange|p2a: Floette|Floette-Mega, L50, F\n|-mega|p2a: Floette|Floette|Floettite\n|-ability|p2a: Floette|Fairy Aura\n|move|p1a: Scizor|Protect|p1a: Scizor\n|-singleturn|p1a: Scizor|Protect\n|move|p2b: Sneasler|Fake Out|p1a: Scizor\n|-activate|p1a: Scizor|move: Protect\n|move|p1b: Pelipper|Muddy Water|p2a: Floette|[spread] p2b\n|-miss|p1b: Pelipper|p2a: Floette\n|-damage|p2b: Sneasler|0 fnt\n|faint|p2b: Sneasler\n|move|p2a: Floette|Dazzling Gleam|p1a: Scizor|[spread] p1b\n|-activate|p1a: Scizor|move: Protect\n|-damage|p1b: Pelipper|20/100\n|\n|-weather|RainDance|[upkeep]\n|-damage|p1a: Scizor|41/100 brn|[from] brn\n|upkeep\n|\n|t:|1776623103\n|switch|p2b: Garchomp|Garchomp, L50, F|55/100\n|turn|7\n|\n|t:|1776623111\n|move|p2b: Garchomp|Protect|p2b: Garchomp\n|-singleturn|p2b: Garchomp|Protect\n|move|p2a: Floette|Protect|p2a: Floette\n|-singleturn|p2a: Floette|Protect\n|move|p1a: Scizor|Bullet Punch|p2a: Floette\n|-activate|p2a: Floette|move: Protect\n|move|p1b: Pelipper|Muddy Water|p2a: Floette|[spread] \n|-activate|p2a: Floette|move: Protect\n|-activate|p2b: Garchomp|move: Protect\n|\n|-weather|none\n|-damage|p1a: Scizor|35/100 brn|[from] brn\n|-sideend|p1: benniOVYalt|move: Tailwind\n|upkeep\n|turn|8\n|\n|t:|1776623127\n|move|p1a: Scizor|Bullet Punch|p2a: Floette\n|-supereffective|p2a: Floette|1\n|-damage|p2a: Floette|27/100\n|move|p2b: Garchomp|Stomping Tantrum|p1a: Scizor\n|-damage|p1a: Scizor|0 fnt\n|faint|p1a: Scizor\n|move|p2a: Floette|Dazzling Gleam|p1b: Pelipper\n|-damage|p1b: Pelipper|0 fnt\n|faint|p1b: Pelipper\n|\n|upkeep\n|-message|benniOVYalt forfeited.\n|\n|win|PyProd.\n|raw|benniOVYalt's rating: 1329 &rarr; <strong>1308</strong><br />(-21 for losing)\n|raw|PyProd.'s rating: 1310 &rarr; <strong>1331</strong><br />(+21 for winning)\n|l|\u2606benniOVYalt\n|player|p1|\n|c|\u2606PyProd.|yyyyup\n",
  "uploadtime": 1776623137,
  "views": 17,
  "formatid": "gen9championsvgc2026regma",
  "rating": 1308,
  "private": 0,
  "password": null
}