{
  "id": "gen9championsvgc2026regma-2586637983",
  "format": "[Gen 9 Champions] VGC 2026 Reg M-A",
  "players": [
    "Im_Neutro",
    "Plopy14"
  ],
  "log": "|j|\u2606Im_Neutro\n|j|\u2606Plopy14\n|t:|1776448587\n|gametype|doubles\n|player|p1|Im_Neutro|steven|\n|player|p2|Plopy14|bugcatcher|\n|gen|9\n|tier|[Gen 9 Champions] VGC 2026 Reg M-A\n|rated|Tournament battle\n|rule|Species Clause: Limit one of each Pok\u00e9mon\n|rule|Item Clause: Limit 1 of each item\n|raw|<div class=\"infobox\"><details class=\"readmore\" open><summary><strong>1 custom rule:</strong></summary> Force Open Team Sheets</details></div>\n|clearpoke\n|poke|p1|Milotic, L50, F|\n|poke|p1|Gengar, L50, M|\n|poke|p1|Whimsicott, L50, F|\n|poke|p1|Scizor, L50, F|\n|poke|p1|Garchomp, L50, M|\n|poke|p1|Farigiraf, L50, M|\n|poke|p2|Tyranitar, L50, F|\n|poke|p2|Corviknight, L50, M|\n|poke|p2|Sneasler, L50, F|\n|poke|p2|Sinistcha, L50|\n|poke|p2|Garchomp, L50, F|\n|poke|p2|Rotom-Wash, L50|\n|teampreview|4\n|showteam|p1|Milotic||SitrusBerry|Competitive|Recover,Scald,RainDance,IceBeam|||F|||50|]Gengar||Gengarite|CursedBody|Disable,ShadowBall,Protect,SludgeBomb|||M|||50|]Whimsicott||FocusSash|Prankster|Encore,Moonblast,Protect,Tailwind|||F|||50|]Scizor||MetalCoat|Technician|Protect,SwordsDance,BrickBreak,BulletPunch|||F|||50|]Garchomp||ChoiceScarf|RoughSkin|RockSlide,StompingTantrum,DragonClaw,Earthquake|||M|||50|]Farigiraf||MentalHerb|ArmorTail|HyperVoice,Imprison,TrickRoom,Psychic|||M|||50|\n|showteam|p2|Tyranitar||Tyranitarite|SandStream|RockSlide,KnockOff,DragonDance,Protect|||F|||50|]Corviknight||Leftovers|MirrorArmor|Roost,BraveBird,Tailwind,IronHead|||M|||50|]Sneasler||WhiteHerb|Unburden|DireClaw,CloseCombat,FakeOut,Protect|||F|||50|]Sinistcha||SitrusBerry|Hospitality|MatchaGotcha,LifeDew,RagePowder,Protect||||||50|]Garchomp||FocusSash|RoughSkin|Earthquake,DragonClaw,RockSlide,Protect|||F|||50|]Rotom-Wash||ChoiceScarf|Levitate|Electroweb,HydroPump,VoltSwitch,Trick||||||50|\n|inactive|Battle timer is ON: inactive players will automatically lose when time's up. (requested by Im_Neutro)\n|inactive|Im_Neutro has 60 seconds left.\n|inactive|Plopy14 has 60 seconds left.\n|\n|t:|1776448644\n|teamsize|p1|4\n|teamsize|p2|4\n|start\n|switch|p1a: Scizor|Scizor, L50, F, shiny|100/100\n|switch|p1b: Gengar|Gengar, L50, M, shiny|100/100\n|switch|p2a: Tyranitar|Tyranitar, L50, F|100/100\n|switch|p2b: Corviknight|Corviknight, L50, M|100/100\n|-weather|Sandstorm|[from] ability: Sand Stream|[of] p2a: Tyranitar\n|turn|1\n|inactive|Plopy14 has 30 seconds left.\n|\n|t:|1776448676\n|detailschange|p1b: Gengar|Gengar-Mega, L50, M, shiny\n|-mega|p1b: Gengar|Gengar|Gengarite\n|detailschange|p2a: Tyranitar|Tyranitar-Mega, L50, F\n|-mega|p2a: Tyranitar|Tyranitar|Tyranitarite\n|move|p1b: Gengar|Protect|p1b: Gengar\n|-singleturn|p1b: Gengar|Protect\n|move|p2a: Tyranitar|Rock Slide|p1a: Scizor|[spread] p1a\n|-activate|p1b: Gengar|move: Protect\n|-damage|p1a: Scizor|70/100\n|move|p2b: Corviknight|Tailwind|p2b: Corviknight\n|-sidestart|p2: Plopy14|move: Tailwind\n|move|p1a: Scizor|Swords Dance|p1a: Scizor\n|-boost|p1a: Scizor|atk|2\n|\n|-weather|Sandstorm|[upkeep]\n|-damage|p1b: Gengar|95/100|[from] Sandstorm\n|upkeep\n|turn|2\n|inactive|Im_Neutro has 30 seconds left.\n|inactive|Plopy14 has 30 seconds left.\n|inactive|Im_Neutro has 20 seconds left.\n|inactive|Im_Neutro has 15 seconds left.\n|inactive|Im_Neutro has 10 seconds left.\n|\n|t:|1776448724\n|switch|p1b: Garchomp|Garchomp, L50, M|100/100\n|move|p2a: Tyranitar|Protect|p2a: Tyranitar\n|-singleturn|p2a: Tyranitar|Protect\n|move|p1a: Scizor|Bullet Punch|p2a: Tyranitar\n|-activate|p2a: Tyranitar|move: Protect\n|move|p2b: Corviknight|Brave Bird|p1a: Scizor\n|-damage|p1a: Scizor|24/100\n|-damage|p2b: Corviknight|87/100|[from] Recoil\n|\n|-weather|Sandstorm|[upkeep]\n|-heal|p2b: Corviknight|93/100|[from] item: Leftovers\n|upkeep\n|turn|3\n|\n|t:|1776448738\n|switch|p2a: Rotom|Rotom-Wash, L50|100/100\n|move|p1a: Scizor|Bullet Punch|p2a: Rotom\n|-resisted|p2a: Rotom|2\n|-crit|p2a: Rotom\n|-damage|p2a: Rotom|61/100\n|move|p1b: Garchomp|Rock Slide|p2a: Rotom|[spread] p2a,p2b\n|-damage|p2a: Rotom|34/100\n|-damage|p2b: Corviknight|73/100\n|move|p2b: Corviknight|Brave Bird|p1a: Scizor\n|-damage|p1a: Scizor|0 fnt\n|faint|p1a: Scizor\n|-damage|p2b: Corviknight|66/100|[from] Recoil\n|\n|-weather|Sandstorm|[upkeep]\n|-damage|p2a: Rotom|28/100|[from] Sandstorm\n|-heal|p2b: Corviknight|72/100|[from] item: Leftovers\n|upkeep\n|\n|t:|1776448750\n|switch|p1a: Whimsicott|Whimsicott, L50, F, shiny|100/100\n|turn|4\n|inactive|Plopy14 has 30 seconds left.\n|inactive|Plopy14 has 20 seconds left.\n|inactive|Plopy14 has 15 seconds left.\n|inactive|Plopy14 has 10 seconds left.\n|inactive|Plopy14 has 5 seconds left.\n|\n|t:|1776448802\n|move|p1a: Whimsicott|Tailwind|p1a: Whimsicott\n|-sidestart|p1: Im_Neutro|move: Tailwind\n|move|p1b: Garchomp|Rock Slide|p2b: Corviknight|[spread] p2a,p2b\n|-damage|p2a: Rotom|0 fnt\n|-damage|p2b: Corviknight|54/100\n|faint|p2a: Rotom\n|cant|p2b: Corviknight|flinch\n|\n|-weather|Sandstorm|[upkeep]\n|-damage|p1a: Whimsicott|95/100|[from] Sandstorm\n|-heal|p2b: Corviknight|60/100|[from] item: Leftovers\n|-sideend|p2: Plopy14|move: Tailwind\n|upkeep\n|\n|t:|1776448808\n|switch|p2a: Garchomp|Garchomp, L50, F|100/100\n|turn|5\n|\n|t:|1776448822\n|move|p2a: Garchomp|Protect|p2a: Garchomp\n|-singleturn|p2a: Garchomp|Protect\n|move|p1b: Garchomp|Rock Slide|p2a: Garchomp|[spread] p2b\n|-activate|p2a: Garchomp|move: Protect\n|-damage|p2b: Corviknight|41/100\n|move|p1a: Whimsicott|Moonblast|p2a: Garchomp\n|-activate|p2a: Garchomp|move: Protect\n|move|p2b: Corviknight|Brave Bird|p1a: Whimsicott\n|-supereffective|p1a: Whimsicott|1\n|-damage|p1a: Whimsicott|14/100\n|-damage|p2b: Corviknight|18/100|[from] Recoil\n|\n|-weather|none\n|-heal|p2b: Corviknight|24/100|[from] item: Leftovers\n|upkeep\n|turn|6\n|j| ohko_muk\n|l| ohko_muk\n|\n|t:|1776448834\n|switch|p2a: Tyranitar|Tyranitar-Mega, L50, F|100/100\n|-weather|Sandstorm|[from] ability: Sand Stream|[of] p2a: Tyranitar\n|move|p1a: Whimsicott|Encore|p2a: Tyranitar\n|-hint|Since gen 7, Dark is immune to Prankster moves.\n|-immune|p2a: Tyranitar\n|move|p1b: Garchomp|Rock Slide|p2b: Corviknight|[spread] p2a,p2b\n|-damage|p2a: Tyranitar|86/100\n|-damage|p2b: Corviknight|7/100\n|cant|p2b: Corviknight|flinch\n|\n|-weather|Sandstorm|[upkeep]\n|-damage|p1a: Whimsicott|8/100|[from] Sandstorm\n|-heal|p2b: Corviknight|13/100|[from] item: Leftovers\n|upkeep\n|turn|7\n|\n|t:|1776448857\n|move|p1a: Whimsicott|Protect|p1a: Whimsicott\n|-singleturn|p1a: Whimsicott|Protect\n|move|p1b: Garchomp|Rock Slide|p2b: Corviknight|[spread] p2a,p2b\n|-damage|p2a: Tyranitar|72/100\n|-damage|p2b: Corviknight|0 fnt\n|faint|p2b: Corviknight\n|cant|p2a: Tyranitar|flinch\n|\n|-weather|Sandstorm|[upkeep]\n|-damage|p1a: Whimsicott|2/100|[from] Sandstorm\n|-sideend|p1: Im_Neutro|move: Tailwind\n|upkeep\n|\n|t:|1776448863\n|switch|p2b: Garchomp|Garchomp, L50, F|100/100\n|turn|8\n|\n|t:|1776448878\n|move|p2b: Garchomp|Protect|p2b: Garchomp\n|-singleturn|p2b: Garchomp|Protect\n|move|p1a: Whimsicott|Tailwind|p1a: Whimsicott\n|-sidestart|p1: Im_Neutro|move: Tailwind\n|move|p1b: Garchomp|Rock Slide|p2b: Garchomp|[spread] p2a\n|-activate|p2b: Garchomp|move: Protect\n|-damage|p2a: Tyranitar|57/100\n|cant|p2a: Tyranitar|flinch\n|\n|-weather|Sandstorm|[upkeep]\n|-damage|p1a: Whimsicott|0 fnt|[from] Sandstorm\n|faint|p1a: Whimsicott\n|upkeep\n|c|\u2606Plopy14|CAN I MOVE\n|\n|t:|1776448887\n|switch|p1a: Gengar|Gengar-Mega, L50, M, shiny|95/100\n|turn|9\n|c|\u2606Im_Neutro|xd\n|\n|t:|1776448912\n|move|p2a: Tyranitar|Protect|p2a: Tyranitar\n|-singleturn|p2a: Tyranitar|Protect\n|move|p1b: Garchomp|Rock Slide|p2a: Tyranitar|[spread] p2b\n|-activate|p2a: Tyranitar|move: Protect\n|-resisted|p2b: Garchomp|1\n|-damage|p2b: Garchomp|90/100\n|move|p1a: Gengar|Shadow Ball|p2b: Garchomp\n|-damage|p2b: Garchomp|33/100\n|move|p2b: Garchomp|Earthquake|p1a: Gengar|[spread] p1a,p1b\n|-activate|p2a: Tyranitar|move: Protect\n|-supereffective|p1a: Gengar|1\n|-damage|p1a: Gengar|0 fnt\n|-damage|p1b: Garchomp|62/100\n|faint|p1a: Gengar\n|\n|-weather|Sandstorm|[upkeep]\n|upkeep\n|turn|10\n|\n|t:|1776448930\n|move|p1b: Garchomp|Rock Slide|p2a: Tyranitar|[spread] p2a,p2b\n|-resisted|p2b: Garchomp|1\n|-damage|p2a: Tyranitar|43/100\n|-damage|p2b: Garchomp|23/100\n|move|p2b: Garchomp|Dragon Claw|p1b: Garchomp\n|-supereffective|p1b: Garchomp|1\n|-damage|p1b: Garchomp|0 fnt\n|-damage|p2b: Garchomp|11/100|[from] ability: Rough Skin|[of] p1b: Garchomp\n|faint|p1b: Garchomp\n|\n|win|Plopy14\n|n|\u2606Im_Neutro|imneutro\n|n|\u2606Plopy14|plopy14\n",
  "uploadtime": 1776448931,
  "views": 21,
  "formatid": "gen9championsvgc2026regma",
  "rating": null,
  "private": 0,
  "password": null
}