{
  "id": "gen9championsvgc2026regma-2588201349",
  "format": "[Gen 9 Champions] VGC 2026 Reg M-A",
  "players": [
    "CaliberChamp",
    "bobbyseegul"
  ],
  "log": "|j|\u2606CaliberChamp\n|j|\u2606bobbyseegul\n|t:|1776613908\n|gametype|doubles\n|player|p1|CaliberChamp|red-masters|1123\n|player|p2|bobbyseegul|2|1198\n|gen|9\n|tier|[Gen 9 Champions] VGC 2026 Reg M-A\n|rated|\n|rule|Species Clause: Limit one of each Pok\u00e9mon\n|rule|Item Clause: Limit 1 of each item\n|clearpoke\n|poke|p1|Greninja, L50, M|\n|poke|p1|Aegislash, L50, F, shiny|\n|poke|p1|Hawlucha, L50, M|\n|poke|p1|Klefki, L50, F|\n|poke|p1|Aurorus, L50, F, shiny|\n|poke|p1|Noivern, L50, F|\n|poke|p2|Incineroar, L50, F|\n|poke|p2|Kommo-o, L50, M|\n|poke|p2|Tyranitar, L50, M|\n|poke|p2|Gengar, L50, F|\n|poke|p2|Kingambit, L50, F|\n|poke|p2|Sinistcha-Masterpiece, L50|\n|teampreview|4\n|inactive|Battle timer is ON: inactive players will automatically lose when time's up. (requested by CaliberChamp)\n|\n|t:|1776613962\n|teamsize|p1|4\n|teamsize|p2|4\n|start\n|switch|p1a: Noivern|Noivern, L50, F|100/100\n|switch|p1b: Greninja|Greninja, L50, M|100/100\n|switch|p2a: Incineroar|Incineroar, L50, F|100/100\n|switch|p2b: Gengar|Gengar, L50, F|100/100\n|-ability|p2a: Incineroar|Intimidate|boost\n|-unboost|p1a: Noivern|atk|1\n|-unboost|p1b: Greninja|atk|1\n|turn|1\n|inactive|CaliberChamp has 30 seconds left.\n|\n|t:|1776613990\n|detailschange|p1b: Greninja|Greninja-Mega, L50, M\n|-mega|p1b: Greninja|Greninja|Greninjite\n|detailschange|p2b: Gengar|Gengar-Mega, L50, F\n|-mega|p2b: Gengar|Gengar|Gengarite\n|move|p2a: Incineroar|Fake Out|p1b: Greninja\n|-damage|p1b: Greninja|84/100\n|cant|p1b: Greninja|flinch\n|move|p2b: Gengar|Perish Song|p2b: Gengar\n|-start|p1a: Noivern|perish3|[silent]\n|-start|p1b: Greninja|perish3|[silent]\n|-start|p2a: Incineroar|perish3|[silent]\n|-start|p2b: Gengar|perish3|[silent]\n|-fieldactivate|move: Perish Song\n|move|p1a: Noivern|Tailwind|p1a: Noivern\n|-sidestart|p1: CaliberChamp|move: Tailwind\n|\n|-start|p1b: Greninja|perish3\n|-start|p1a: Noivern|perish3\n|-start|p2b: Gengar|perish3\n|-start|p2a: Incineroar|perish3\n|upkeep\n|turn|2\n|inactive|CaliberChamp has 30 seconds left.\n|inactive|bobbyseegul has 30 seconds left.\n|inactive|bobbyseegul has 20 seconds left.\n|inactive|bobbyseegul has 15 seconds left.\n|\n|t:|1776614034\n|move|p2b: Gengar|Protect|p2b: Gengar\n|-singleturn|p2b: Gengar|Protect\n|move|p1b: Greninja|Sludge Wave|p2b: Gengar|[spread] p2a\n|-start|p1b: Greninja|typechange|Poison|[from] ability: Protean\n|-activate|p2b: Gengar|move: Protect\n|-activate|p1a: Noivern|ability: Telepathy\n|-damage|p2a: Incineroar|66/100\n|move|p1a: Noivern|Super Fang|p2a: Incineroar\n|-damage|p2a: Incineroar|33/100\n|move|p2a: Incineroar|Parting Shot|p1b: Greninja\n|-unboost|p1b: Greninja|atk|1\n|-unboost|p1b: Greninja|spa|1\n|inactive|bobbyseegul has 30 seconds left.\n|\n|t:|1776614059\n|switch|p2a: Kommo-o|Kommo-o, L50, M|100/100|[from] Parting Shot\n|\n|-start|p1b: Greninja|perish2\n|-start|p1a: Noivern|perish2\n|-start|p2b: Gengar|perish2\n|upkeep\n|turn|3\n|\n|t:|1776614077\n|move|p1b: Greninja|Hydro Cannon|p2b: Gengar\n|-damage|p2b: Gengar|56/100\n|-mustrecharge|p1b: Greninja\n|move|p1a: Noivern|Draco Meteor|p2b: Gengar\n|-damage|p2b: Gengar|0 fnt\n|-unboost|p1a: Noivern|spa|2\n|faint|p2b: Gengar\n|move|p2a: Kommo-o|Clangorous Soul|p2a: Kommo-o\n|-boost|p2a: Kommo-o|atk|1\n|-boost|p2a: Kommo-o|def|1\n|-boost|p2a: Kommo-o|spa|1\n|-boost|p2a: Kommo-o|spd|1\n|-boost|p2a: Kommo-o|spe|1\n|-damage|p2a: Kommo-o|68/100\n|\n|-heal|p2a: Kommo-o|74/100|[from] item: Leftovers\n|-start|p1b: Greninja|perish1\n|-start|p1a: Noivern|perish1\n|upkeep\n|\n|t:|1776614087\n|switch|p2b: Sinistcha|Sinistcha-Masterpiece, L50|100/100\n|-heal|p2a: Kommo-o|99/100|[from] ability: Hospitality|[of] p2b: Sinistcha\n|turn|4\n|\n|t:|1776614104\n|switch|p1a: Aurorus|Aurorus, L50, F, shiny|100/100\n|-weather|Snowscape|[from] ability: Snow Warning|[of] p1a: Aurorus\n|cant|p1b: Greninja|recharge\n|move|p2a: Kommo-o|Clangorous Soul|p2a: Kommo-o\n|-boost|p2a: Kommo-o|atk|1\n|-boost|p2a: Kommo-o|def|1\n|-boost|p2a: Kommo-o|spa|1\n|-boost|p2a: Kommo-o|spd|1\n|-boost|p2a: Kommo-o|spe|1\n|-damage|p2a: Kommo-o|66/100\n|move|p2b: Sinistcha|Life Dew||[still]|[spread] p2a,p2b\n|-heal|p2a: Kommo-o|91/100\n|-fail|p2b: Sinistcha|heal\n|\n|-weather|Snowscape|[upkeep]\n|-heal|p2a: Kommo-o|97/100|[from] item: Leftovers\n|-start|p1b: Greninja|perish0\n|-sideend|p1: CaliberChamp|move: Tailwind\n|upkeep\n|faint|p1b: Greninja\n|inactive|CaliberChamp has 30 seconds left.\n|\n|t:|1776614130\n|switch|p1b: Noivern|Noivern, L50, F|100/100\n|turn|5\n|\n|t:|1776614139\n|move|p1a: Aurorus|Protect|p1a: Aurorus\n|-singleturn|p1a: Aurorus|Protect\n|move|p2b: Sinistcha|Rage Powder|p2b: Sinistcha\n|-singleturn|p2b: Sinistcha|move: Rage Powder\n|move|p2a: Kommo-o|Clanging Scales|p1a: Aurorus|[spread] p1b\n|-activate|p1a: Aurorus|move: Protect\n|-supereffective|p1b: Noivern|1\n|-enditem|p1b: Noivern|Focus Sash\n|-damage|p1b: Noivern|1/100\n|-unboost|p2a: Kommo-o|def|1\n|move|p1b: Noivern|Tailwind|p1b: Noivern\n|-sidestart|p1: CaliberChamp|move: Tailwind\n|\n|-weather|Snowscape|[upkeep]\n|-heal|p2a: Kommo-o|100/100|[from] item: Leftovers\n|upkeep\n|turn|6\n|\n|t:|1776614158\n|move|p2b: Sinistcha|Rage Powder|p2b: Sinistcha\n|-singleturn|p2b: Sinistcha|move: Rage Powder\n|move|p1b: Noivern|Heat Wave|p2a: Kommo-o|[spread] p2a,p2b\n|-resisted|p2a: Kommo-o|1\n|-crit|p2a: Kommo-o\n|-supereffective|p2b: Sinistcha|1\n|-damage|p2a: Kommo-o|83/100\n|-damage|p2b: Sinistcha|58/100\n|move|p2a: Kommo-o|Clanging Scales|p1a: Aurorus|[spread] p1a,p1b\n|-supereffective|p1b: Noivern|1\n|-damage|p1a: Aurorus|44/100\n|-damage|p1b: Noivern|0 fnt\n|faint|p1b: Noivern\n|-unboost|p2a: Kommo-o|def|1\n|move|p1a: Aurorus|Aurora Veil|p1a: Aurorus\n|-sidestart|p1: CaliberChamp|move: Aurora Veil\n|\n|-weather|Snowscape|[upkeep]\n|-heal|p2a: Kommo-o|89/100|[from] item: Leftovers\n|upkeep\n|\n|t:|1776614174\n|switch|p1b: Hawlucha|Hawlucha, L50, M|100/100\n|turn|7\n|inactive|CaliberChamp has 30 seconds left.\n|\n|t:|1776614207\n|switch|p2b: Incineroar|Incineroar, L50, F|33/100\n|-ability|p2b: Incineroar|Intimidate|boost\n|-unboost|p1a: Aurorus|atk|1\n|-unboost|p1b: Hawlucha|atk|1\n|-enditem|p1b: Hawlucha|White Herb\n|-clearnegativeboost|p1b: Hawlucha|[silent]\n|move|p1b: Hawlucha|Acrobatics|p2a: Kommo-o\n|-supereffective|p2a: Kommo-o|1\n|-damage|p2a: Kommo-o|0 fnt\n|faint|p2a: Kommo-o\n|move|p1a: Aurorus|Freeze-Dry|p2b: Incineroar\n|-resisted|p2b: Incineroar|1\n|-damage|p2b: Incineroar|20/100\n|\n|-weather|Snowscape|[upkeep]\n|upkeep\n|\n|t:|1776614217\n|switch|p2a: Sinistcha|Sinistcha-Masterpiece, L50|58/100\n|-heal|p2b: Incineroar|45/100|[from] ability: Hospitality|[of] p2a: Sinistcha\n|turn|8\n|\n|t:|1776614237\n|move|p1b: Hawlucha|Detect|p1b: Hawlucha\n|-singleturn|p1b: Hawlucha|Protect\n|move|p1a: Aurorus|Freeze-Dry|p2a: Sinistcha\n|-supereffective|p2a: Sinistcha|1\n|-damage|p2a: Sinistcha|3/100\n|-enditem|p2a: Sinistcha|Sitrus Berry|[eat]\n|-heal|p2a: Sinistcha|27/100|[from] item: Sitrus Berry\n|move|p2a: Sinistcha|Matcha Gotcha|p1a: Aurorus|[spread] p1a\n|-activate|p1b: Hawlucha|move: Protect\n|-supereffective|p1a: Aurorus|1\n|-damage|p1a: Aurorus|18/100\n|-heal|p2a: Sinistcha|44/100|[from] drain|[of] p1a: Aurorus\n|move|p2b: Incineroar|Flare Blitz|p1b: Hawlucha\n|-activate|p1b: Hawlucha|move: Protect\n|\n|-weather|none\n|-sideend|p1: CaliberChamp|move: Tailwind\n|upkeep\n|turn|9\n|inactive|CaliberChamp has 30 seconds left.\n|\n|t:|1776614263\n|move|p2a: Sinistcha|Protect|p2a: Sinistcha\n|-singleturn|p2a: Sinistcha|Protect\n|move|p1b: Hawlucha|Acrobatics|p2a: Sinistcha\n|-activate|p2a: Sinistcha|move: Protect\n|move|p2b: Incineroar|Flare Blitz|p1a: Aurorus\n|-damage|p1a: Aurorus|0 fnt\n|faint|p1a: Aurorus\n|-damage|p2b: Incineroar|38/100|[from] Recoil\n|\n|upkeep\n|turn|10\n|\n|t:|1776614282\n|move|p1b: Hawlucha|Acrobatics|p2a: Sinistcha\n|-supereffective|p2a: Sinistcha|1\n|-damage|p2a: Sinistcha|0 fnt\n|faint|p2a: Sinistcha\n|move|p2b: Incineroar|Flare Blitz|p1b: Hawlucha\n|-damage|p1b: Hawlucha|56/100\n|-damage|p2b: Incineroar|27/100|[from] Recoil\n|\n|-sideend|p1: CaliberChamp|move: Aurora Veil\n|upkeep\n|turn|11\n|\n|t:|1776614293\n|move|p1b: Hawlucha|Close Combat|p2b: Incineroar\n|-supereffective|p2b: Incineroar|1\n|-damage|p2b: Incineroar|0 fnt\n|-unboost|p1b: Hawlucha|def|1\n|-unboost|p1b: Hawlucha|spd|1\n|faint|p2b: Incineroar\n|\n|win|CaliberChamp\n|raw|CaliberChamp's rating: 1123 &rarr; <strong>1153</strong><br />(+30 for winning)\n|raw|bobbyseegul's rating: 1198 &rarr; <strong>1168</strong><br />(-30 for losing)\n|l|\u2606bobbyseegul\n|player|p2|\n",
  "uploadtime": 1776614306,
  "views": 14,
  "formatid": "gen9championsvgc2026regma",
  "rating": 1153,
  "private": 0,
  "password": null
}