{
  "id": "gen9championsvgc2026regma-2585847754",
  "format": "[Gen 9 Champions] VGC 2026 Reg M-A",
  "players": [
    "KUTF1",
    "bosilek"
  ],
  "log": "|j|\u2606KUTF1\n|j|\u2606bosilek\n|t:|1776375218\n|gametype|doubles\n|player|p1|KUTF1|harlequin|1418\n|player|p2|bosilek|102|1401\n|gen|9\n|tier|[Gen 9 Champions] VGC 2026 Reg M-A\n|rated|\n|rule|Species Clause: Limit one of each Pok\u00e9mon\n|rule|Item Clause: Limit 1 of each item\n|clearpoke\n|poke|p1|Drampa, L50, M|\n|poke|p1|Emboar, L50, F|\n|poke|p1|Decidueye-Hisui, L50, M|\n|poke|p1|Kingambit, L50, M|\n|poke|p1|Farigiraf, L50, M|\n|poke|p1|Incineroar, L50, M|\n|poke|p2|Charizard, L50, M|\n|poke|p2|Garchomp, L50, M|\n|poke|p2|Venusaur, L50, M|\n|poke|p2|Sneasler, L50, M|\n|poke|p2|Incineroar, L50, F|\n|poke|p2|Milotic, L50, F|\n|teampreview|4\n|inactive|Battle timer is ON: inactive players will automatically lose when time's up. (requested by KUTF1)\n|inactive|bosilek has 60 seconds left.\n|\n|t:|1776375263\n|teamsize|p1|4\n|teamsize|p2|4\n|start\n|switch|p1a: Yoo Mira|Farigiraf, L50, M|100/100\n|switch|p1b: The Gourd|Incineroar, L50, M|100/100\n|switch|p2a: Milotic|Milotic, L50, F|100/100\n|switch|p2b: Charizard|Charizard, L50, M|100/100\n|-ability|p1b: The Gourd|Intimidate|boost\n|-unboost|p2a: Milotic|atk|1\n|-ability|p2a: Milotic|Competitive|boost\n|-boost|p2a: Milotic|spa|2\n|-unboost|p2b: Charizard|atk|1\n|turn|1\n|inactive|bosilek has 30 seconds left.\n|\n|t:|1776375289\n|detailschange|p2b: Charizard|Charizard-Mega-Y, L50, M\n|-mega|p2b: Charizard|Charizard|Charizardite Y\n|-weather|SunnyDay|[from] ability: Drought|[of] p2b: Charizard\n|move|p1b: The Gourd|Fake Out|p2b: Charizard\n|-damage|p2b: Charizard|80/100\n|cant|p2b: Charizard|flinch\n|move|p2a: Milotic|Scald|p1b: The Gourd\n|-supereffective|p1b: The Gourd|1\n|-damage|p1b: The Gourd|40/100\n|-enditem|p1b: The Gourd|Sitrus Berry|[eat]\n|-heal|p1b: The Gourd|65/100|[from] item: Sitrus Berry\n|move|p1a: Yoo Mira|Trick Room|p1a: Yoo Mira\n|-fieldstart|move: Trick Room|[of] p1a: Yoo Mira\n|\n|-weather|SunnyDay|[upkeep]\n|upkeep\n|turn|2\n|inactive|bosilek has 30 seconds left.\n|\n|t:|1776375317\n|move|p1a: Yoo Mira|Psychic|p2a: Milotic\n|-damage|p2a: Milotic|76/100\n|move|p1b: The Gourd|Darkest Lariat|p2a: Milotic\n|-damage|p2a: Milotic|28/100\n|move|p2a: Milotic|Scald|p1b: The Gourd\n|-supereffective|p1b: The Gourd|1\n|-damage|p1b: The Gourd|5/100\n|move|p2b: Charizard|Heat Wave|p1b: The Gourd|[spread] p1a,p1b\n|-crit|p1a: Yoo Mira\n|-resisted|p1b: The Gourd|1\n|-damage|p1a: Yoo Mira|22/100\n|-damage|p1b: The Gourd|0 fnt\n|faint|p1b: The Gourd\n|\n|-weather|SunnyDay|[upkeep]\n|-heal|p2a: Milotic|34/100|[from] item: Leftovers\n|upkeep\n|\n|t:|1776375322\n|switch|p1b: Guendoowun|Drampa, L50, M, shiny|100/100\n|-ability|p1b: Guendoowun|Cloud Nine\n|turn|3\n|\n|t:|1776375338\n|detailschange|p1b: Guendoowun|Drampa-Mega, L50, M, shiny\n|-mega|p1b: Guendoowun|Drampa|Drampanite\n|move|p2a: Milotic|Protect|p2a: Milotic\n|-singleturn|p2a: Milotic|Protect\n|move|p1b: Guendoowun|Hyper Voice|p2b: Charizard|[spread] p2b\n|-activate|p2a: Milotic|move: Protect\n|-damage|p2b: Charizard|32/100\n|move|p1a: Yoo Mira|Hyper Voice|p2a: Milotic|[spread] p2b\n|-activate|p2a: Milotic|move: Protect\n|-damage|p2b: Charizard|7/100\n|move|p2b: Charizard|Heat Wave|p1a: Yoo Mira|[spread] p1a,p1b\n|-resisted|p1b: Guendoowun|1\n|-damage|p1a: Yoo Mira|0 fnt\n|-damage|p1b: Guendoowun|69/100\n|faint|p1a: Yoo Mira\n|\n|-weather|SunnyDay|[upkeep]\n|-heal|p2a: Milotic|40/100|[from] item: Leftovers\n|upkeep\n|\n|t:|1776375342\n|switch|p1a: Jin Mori|Emboar, L50, F, shiny|100/100\n|turn|4\n|inactive|bosilek has 30 seconds left.\n|inactive|bosilek has 20 seconds left.\n|inactive|bosilek has 15 seconds left.\n|inactive|bosilek has 10 seconds left.\n|inactive|bosilek has 5 seconds left.\n|\n|t:|1776375394\n|move|p1b: Guendoowun|Hyper Voice|p2a: Milotic|[spread] p2a,p2b\n|-damage|p2a: Milotic|8/100\n|-damage|p2b: Charizard|0 fnt\n|faint|p2b: Charizard\n|move|p1a: Jin Mori|Close Combat|p2a: Milotic\n|-damage|p2a: Milotic|0 fnt\n|-unboost|p1a: Jin Mori|def|1\n|-unboost|p1a: Jin Mori|spd|1\n|faint|p2a: Milotic\n|\n|-weather|SunnyDay|[upkeep]\n|upkeep\n|\n|t:|1776375404\n|switch|p2a: Sneasler|Sneasler, L50, M|100/100\n|switch|p2b: Garchomp|Garchomp, L50, M, shiny|100/100\n|turn|5\n|\n|t:|1776375414\n|move|p2a: Sneasler|Fake Out|p1b: Guendoowun\n|-damage|p1b: Guendoowun|57/100\n|cant|p1b: Guendoowun|flinch\n|move|p1a: Jin Mori|Flare Blitz|p2a: Sneasler\n|-damage|p2a: Sneasler|0 fnt\n|faint|p2a: Sneasler\n|-damage|p1a: Jin Mori|77/100|[from] Recoil\n|move|p2b: Garchomp|Stomping Tantrum|p1a: Jin Mori\n|-supereffective|p1a: Jin Mori|1\n|-damage|p1a: Jin Mori|0 fnt\n|faint|p1a: Jin Mori\n|\n|-weather|none\n|-fieldend|move: Trick Room\n|upkeep\n|turn|6\n|\n|t:|1776375426\n|move|p2b: Garchomp|Stomping Tantrum|p1b: Guendoowun\n|-damage|p1b: Guendoowun|18/100\n|-ability|p1b: Guendoowun|Berserk|boost\n|-boost|p1b: Guendoowun|spa|1\n|move|p1b: Guendoowun|Draco Meteor|p2b: Garchomp\n|-supereffective|p2b: Garchomp|1\n|-damage|p2b: Garchomp|0 fnt\n|-unboost|p1b: Guendoowun|spa|2\n|faint|p2b: Garchomp\n|\n|win|KUTF1\n|raw|KUTF1's rating: 1418 &rarr; <strong>1437</strong><br />(+19 for winning)\n|raw|bosilek's rating: 1401 &rarr; <strong>1382</strong><br />(-19 for losing)\n",
  "uploadtime": 1776375429,
  "views": 27,
  "formatid": "gen9championsvgc2026regma",
  "rating": 1382,
  "private": 0,
  "password": null
}