{
  "id": "gen9championsvgc2026regma-2585838485",
  "format": "[Gen 9 Champions] VGC 2026 Reg M-A",
  "players": [
    "Skols",
    "godfocker"
  ],
  "log": "|j|\u2606Skols\n|j|\u2606godfocker\n|t:|1776374480\n|gametype|doubles\n|player|p1|Skols|266|1368\n|player|p2|godfocker|265|1402\n|gen|9\n|tier|[Gen 9 Champions] VGC 2026 Reg M-A\n|rated|\n|rule|Species Clause: Limit one of each Pok\u00e9mon\n|rule|Item Clause: Limit 1 of each item\n|clearpoke\n|poke|p1|Aegislash, L50, F|\n|poke|p1|Tyranitar, L50, M|\n|poke|p1|Gyarados, L50, M|\n|poke|p1|Garchomp, L50, M|\n|poke|p1|Whimsicott, L50, F|\n|poke|p1|Delphox, L50, F|\n|poke|p2|Froslass, L50, F|\n|poke|p2|Sneasler, L50, M|\n|poke|p2|Kingambit, L50, M|\n|poke|p2|Aerodactyl, L50, F|\n|poke|p2|Incineroar, L50, M|\n|poke|p2|Rotom-Wash, L50|\n|teampreview|4\n|inactive|Battle timer is ON: inactive players will automatically lose when time's up. (requested by Skols)\n|j| BattleTest19\n|l| BattleTest19\n|inactive|godfocker has 60 seconds left.\n|\n|t:|1776374531\n|teamsize|p1|4\n|teamsize|p2|4\n|start\n|switch|p1a: Whimsicott|Whimsicott, L50, F|100/100\n|switch|p1b: Garchomp|Garchomp, L50, M|100/100\n|switch|p2a: Aerodactyl|Aerodactyl, L50, F|100/100\n|switch|p2b: Froslass|Froslass, L50, F|100/100\n|-ability|p2a: Aerodactyl|Unnerve\n|turn|1\n|inactive|Skols has 30 seconds left.\n|inactive|Skols has 20 seconds left.\n|inactive|Skols has 15 seconds left.\n|\n|t:|1776374575\n|switch|p1a: Gyarados|Gyarados, L50, M|100/100\n|-ability|p1a: Gyarados|Intimidate|boost\n|-unboost|p2a: Aerodactyl|atk|1\n|-unboost|p2b: Froslass|atk|1\n|move|p2a: Aerodactyl|Dual Wingbeat|p1a: Gyarados\n|-damage|p1a: Gyarados|89/100\n|-damage|p1a: Gyarados|77/100\n|-hitcount|p1a: Gyarados|2\n|move|p2b: Froslass|Substitute|p2b: Froslass\n|-start|p2b: Froslass|Substitute\n|-damage|p2b: Froslass|76/100\n|move|p1b: Garchomp|Earthquake|p2a: Aerodactyl|[spread] p2b\n|-immune|p1a: Gyarados\n|-immune|p2a: Aerodactyl\n|-end|p2b: Froslass|Substitute\n|\n|upkeep\n|turn|2\n|inactive|Skols has 30 seconds left.\n|\n|t:|1776374605\n|switch|p1b: Delphox|Delphox, L50, F|100/100\n|detailschange|p2b: Froslass|Froslass-Mega, L50, F\n|-mega|p2b: Froslass|Froslass|Froslassite\n|-weather|Snowscape|[from] ability: Snow Warning|[of] p2b: Froslass\n|move|p2a: Aerodactyl|Tailwind|p2a: Aerodactyl\n|-sidestart|p2: godfocker|move: Tailwind\n|move|p2b: Froslass|Blizzard|p1b: Delphox|[spread] p1a,p1b\n|-resisted|p1b: Delphox|1\n|-damage|p1a: Gyarados|39/100\n|-damage|p1b: Delphox|74/100\n|move|p1a: Gyarados|Waterfall|p2a: Aerodactyl\n|-supereffective|p2a: Aerodactyl|1\n|-enditem|p2a: Aerodactyl|Focus Sash\n|-damage|p2a: Aerodactyl|1/100\n|\n|-weather|Snowscape|[upkeep]\n|upkeep\n|turn|3\n|inactive|godfocker has 30 seconds left.\n|\n|t:|1776374631\n|detailschange|p1b: Delphox|Delphox-Mega, L50, F\n|-mega|p1b: Delphox|Delphox|Delphoxite\n|move|p1b: Delphox|Protect|p1b: Delphox\n|-singleturn|p1b: Delphox|Protect\n|move|p2a: Aerodactyl|Rock Slide|p1b: Delphox|[spread] p1a\n|-activate|p1b: Delphox|move: Protect\n|-supereffective|p1a: Gyarados|1\n|-damage|p1a: Gyarados|6/100\n|move|p2b: Froslass|Shadow Ball|p1b: Delphox\n|-activate|p1b: Delphox|move: Protect\n|move|p1a: Gyarados|Thunder Wave|p2b: Froslass|[miss]\n|-miss|p1a: Gyarados|p2b: Froslass\n|\n|-weather|Snowscape|[upkeep]\n|upkeep\n|turn|4\n|\n|t:|1776374649\n|switch|p1b: Garchomp|Garchomp, L50, M|100/100\n|move|p2a: Aerodactyl|Rock Slide|p1a: Gyarados|[spread] p1a,p1b\n|-supereffective|p1a: Gyarados|1\n|-resisted|p1b: Garchomp|1\n|-damage|p1a: Gyarados|0 fnt\n|-damage|p1b: Garchomp|92/100\n|faint|p1a: Gyarados\n|move|p2b: Froslass|Shadow Ball|p1b: Garchomp\n|-damage|p1b: Garchomp|44/100\n|-unboost|p1b: Garchomp|spd|1\n|\n|-weather|Snowscape|[upkeep]\n|upkeep\n|\n|t:|1776374662\n|switch|p1a: Whimsicott|Whimsicott, L50, F|100/100\n|turn|5\n|\n|t:|1776374670\n|switch|p2a: Incineroar|Incineroar, L50, M|100/100\n|-ability|p2a: Incineroar|Intimidate|boost\n|-unboost|p1a: Whimsicott|atk|1\n|-unboost|p1b: Garchomp|atk|1\n|move|p1a: Whimsicott|Protect|p1a: Whimsicott\n|-singleturn|p1a: Whimsicott|Protect\n|move|p1b: Garchomp|Protect|p1b: Garchomp\n|-singleturn|p1b: Garchomp|Protect\n|move|p2b: Froslass|Blizzard|p1a: Whimsicott|[spread] \n|-activate|p1a: Whimsicott|move: Protect\n|-activate|p1b: Garchomp|move: Protect\n|\n|-weather|Snowscape|[upkeep]\n|-sideend|p2: godfocker|move: Tailwind\n|upkeep\n|turn|6\n|\n|t:|1776374685\n|switch|p1b: Delphox|Delphox-Mega, L50, F|74/100\n|move|p2a: Incineroar|Fake Out|p1b: Delphox\n|-damage|p1b: Delphox|58/100\n|move|p1a: Whimsicott|Tailwind|p1a: Whimsicott\n|-sidestart|p1: Skols|move: Tailwind\n|move|p2b: Froslass|Blizzard|p1a: Whimsicott|[spread] p1a,p1b\n|-supereffective|p1a: Whimsicott|1\n|-resisted|p1b: Delphox|1\n|-enditem|p1a: Whimsicott|Focus Sash\n|-damage|p1a: Whimsicott|1/100\n|-damage|p1b: Delphox|36/100\n|\n|-weather|none\n|upkeep\n|turn|7\n|inactive|godfocker has 30 seconds left.\n|inactive|godfocker has 20 seconds left.\n|inactive|godfocker has 15 seconds left.\n|inactive|godfocker has 10 seconds left.\n|\n|t:|1776374732\n|switch|p1a: Garchomp|Garchomp, L50, M|44/100\n|switch|p2b: Aerodactyl|Aerodactyl, L50, F|1/100\n|-ability|p2b: Aerodactyl|Unnerve\n|move|p1b: Delphox|Protect|p1b: Delphox\n|-singleturn|p1b: Delphox|Protect\n|move|p2a: Incineroar|Throat Chop|p1b: Delphox\n|-activate|p1b: Delphox|move: Protect\n|\n|upkeep\n|turn|8\n|inactive|godfocker has 30 seconds left.\n|\n|t:|1776374758\n|move|p1b: Delphox|Psyshock|p2b: Aerodactyl\n|-damage|p2b: Aerodactyl|0 fnt\n|faint|p2b: Aerodactyl\n|move|p1a: Garchomp|Earthquake|p2a: Incineroar|[spread] p2a\n|-immune|p1b: Delphox|[from] ability: Levitate\n|-supereffective|p2a: Incineroar|1\n|-damage|p2a: Incineroar|7/100\n|move|p2a: Incineroar|Throat Chop|p1b: Delphox\n|-supereffective|p1b: Delphox|1\n|-damage|p1b: Delphox|0 fnt\n|faint|p1b: Delphox\n|\n|upkeep\n|inactive|godfocker has 30 seconds left.\n|\n|t:|1776374789\n|switch|p1b: Whimsicott|Whimsicott, L50, F|1/100\n|switch|p2b: Kingambit|Kingambit, L50, M|100/100\n|turn|9\n|inactive|Skols has 30 seconds left.\n|\n|t:|1776374816\n|move|p1b: Whimsicott|Protect|p1b: Whimsicott\n|-singleturn|p1b: Whimsicott|Protect\n|move|p1a: Garchomp|Protect|p1a: Garchomp\n|-singleturn|p1a: Garchomp|Protect\n|move|p2b: Kingambit|Sucker Punch||[still]\n|-fail|p2b: Kingambit\n|move|p2a: Incineroar|Throat Chop|p1b: Whimsicott\n|-activate|p1b: Whimsicott|move: Protect\n|\n|-sideend|p1: Skols|move: Tailwind\n|upkeep\n|turn|10\n|\n|t:|1776374830\n|move|p1b: Whimsicott|Tailwind|p1b: Whimsicott\n|-sidestart|p1: Skols|move: Tailwind\n|move|p2b: Kingambit|Sucker Punch|p1a: Garchomp\n|-damage|p1a: Garchomp|0 fnt\n|faint|p1a: Garchomp\n|move|p2a: Incineroar|Throat Chop|p1b: Whimsicott\n|-resisted|p1b: Whimsicott|1\n|-damage|p1b: Whimsicott|0 fnt\n|faint|p1b: Whimsicott\n|\n|win|godfocker\n|raw|Skols's rating: 1368 &rarr; <strong>1350</strong><br />(-18 for losing)\n|raw|godfocker's rating: 1402 &rarr; <strong>1420</strong><br />(+18 for winning)\n",
  "uploadtime": 1776374840,
  "views": 27,
  "formatid": "gen9championsvgc2026regma",
  "rating": 1350,
  "private": 0,
  "password": null
}