{
  "id": "gen9championsvgc2026regma-2585742884",
  "format": "[Gen 9 Champions] VGC 2026 Reg M-A",
  "players": [
    "123heyhey123",
    "13thskaven"
  ],
  "log": "|j|\u2606123heyhey123\n|j|\u260613thskaven\n|t:|1776367492\n|gametype|doubles\n|player|p1|123heyhey123|2|1048\n|player|p2|13thskaven|rocketgrunt|1022\n|gen|9\n|tier|[Gen 9 Champions] VGC 2026 Reg M-A\n|rated|\n|rule|Species Clause: Limit one of each Pok\u00e9mon\n|rule|Item Clause: Limit 1 of each item\n|clearpoke\n|poke|p1|Gengar, L50, F|\n|poke|p1|Glimmora, L50, F|\n|poke|p1|Primarina, L50, M|\n|poke|p1|Rhyperior, L50, F|\n|poke|p1|Dragonite, L50, F|\n|poke|p1|Whimsicott, L50, F|\n|poke|p2|Starmie, L50|\n|poke|p2|Kangaskhan, L50, F|\n|poke|p2|Gyarados, L50, M|\n|poke|p2|Aerodactyl, L50, F|\n|poke|p2|Drampa, L50, F|\n|poke|p2|Slowbro-Galar, L50, F|\n|teampreview|4\n|\n|t:|1776367529\n|teamsize|p1|4\n|teamsize|p2|4\n|start\n|switch|p1a: Primarina|Primarina, L50, M|100/100\n|switch|p1b: Gengar|Gengar, L50, F|100/100\n|switch|p2a: Gyarados|Gyarados, L50, M|100/100\n|switch|p2b: Slowbro|Slowbro-Galar, L50, F|100/100\n|-ability|p2a: Gyarados|Intimidate|boost\n|-unboost|p1a: Primarina|atk|1\n|-unboost|p1b: Gengar|atk|1\n|turn|1\n|\n|t:|1776367558\n|move|p1b: Gengar|Shadow Ball|p2b: Slowbro\n|-supereffective|p2b: Slowbro|1\n|-damage|p2b: Slowbro|23/100\n|move|p2a: Gyarados|Thunder Wave|p1b: Gengar\n|-status|p1b: Gengar|par\n|move|p1a: Primarina|Perish Song|p1a: Primarina\n|-start|p1a: Primarina|perish3|[silent]\n|-start|p1b: Gengar|perish3|[silent]\n|-start|p2a: Gyarados|perish3|[silent]\n|-start|p2b: Slowbro|perish3|[silent]\n|-fieldactivate|move: Perish Song\n|move|p2b: Slowbro|Shell Side Arm|p1a: Primarina|[anim] Shell Side Arm Physical\n|-supereffective|p1a: Primarina|1\n|-damage|p1a: Primarina|12/100\n|-hint|Physical Shell Side Arm\n|\n|-start|p2a: Gyarados|perish3\n|-start|p1b: Gengar|perish3\n|-start|p1a: Primarina|perish3\n|-start|p2b: Slowbro|perish3\n|upkeep\n|turn|2\n|-activate|p2b: Slowbro|ability: Quick Draw\n|\n|t:|1776367592\n|move|p2a: Gyarados|Helping Hand|p2b: Slowbro\n|-singleturn|p2b: Slowbro|Helping Hand|[of] p2a: Gyarados\n|move|p2b: Slowbro|Earthquake|p1a: Primarina|[spread] p1a,p1b\n|-immune|p2a: Gyarados\n|-supereffective|p1b: Gengar|1\n|-damage|p1a: Primarina|0 fnt\n|-damage|p1b: Gengar|0 fnt\n|faint|p1a: Primarina\n|faint|p1b: Gengar\n|\n|-start|p2a: Gyarados|perish2\n|-start|p2b: Slowbro|perish2\n|upkeep\n|\n|t:|1776367608\n|switch|p1b: Rhyperior|Rhyperior, L50, F|100/100\n|switch|p1a: Dragonite|Dragonite, L50, F|100/100\n|turn|3\n|\n|t:|1776367638\n|detailschange|p1a: Dragonite|Dragonite-Mega, L50, F\n|-mega|p1a: Dragonite|Dragonite|Dragoninite\n|move|p1a: Dragonite|Ice Spinner|p2a: Gyarados\n|-damage|p2a: Gyarados|74/100\n|move|p2a: Gyarados|Waterfall|p1b: Rhyperior\n|-supereffective|p1b: Rhyperior|2\n|-damage|p1b: Rhyperior|25/100\n|move|p1b: Rhyperior|Rock Slide|p2b: Slowbro|[spread] p2a\n|-miss|p1b: Rhyperior|p2b: Slowbro\n|-supereffective|p2a: Gyarados|1\n|-damage|p2a: Gyarados|5/100\n|-enditem|p2a: Gyarados|Sitrus Berry|[eat]\n|-heal|p2a: Gyarados|30/100|[from] item: Sitrus Berry\n|move|p2b: Slowbro|Earthquake|p1b: Rhyperior|[spread] p1b\n|-immune|p2a: Gyarados\n|-immune|p1a: Dragonite\n|-supereffective|p1b: Rhyperior|1\n|-damage|p1b: Rhyperior|0 fnt\n|faint|p1b: Rhyperior\n|\n|-start|p2a: Gyarados|perish1\n|-start|p2b: Slowbro|perish1\n|upkeep\n|turn|4\n|-activate|p2b: Slowbro|ability: Quick Draw\n|\n|t:|1776367673\n|move|p2b: Slowbro|Shell Side Arm|p1a: Dragonite|[anim] Shell Side Arm Physical\n|-damage|p1a: Dragonite|79/100\n|-hint|Physical Shell Side Arm\n|move|p1a: Dragonite|Rock Slide|p2b: Slowbro|[spread] p2a,p2b\n|-supereffective|p2a: Gyarados|1\n|-damage|p2a: Gyarados|0 fnt\n|-damage|p2b: Slowbro|5/100\n|faint|p2a: Gyarados\n|\n|-start|p2b: Slowbro|perish0\n|upkeep\n|faint|p2b: Slowbro\n|\n|t:|1776367687\n|switch|p2a: Kangaskhan|Kangaskhan, L50, F|100/100\n|switch|p2b: Starmie|Starmie, L50|100/100\n|turn|5\n|\n|t:|1776367705\n|detailschange|p2b: Starmie|Starmie-Mega, L50\n|-mega|p2b: Starmie|Starmie|Starminite\n|move|p2a: Kangaskhan|Fake Out|p1a: Dragonite\n|-damage|p1a: Dragonite|59/100\n|move|p2b: Starmie|Ice Spinner|p1a: Dragonite\n|-supereffective|p1a: Dragonite|2\n|-damage|p1a: Dragonite|0 fnt\n|faint|p1a: Dragonite\n|\n|win|13thskaven\n|raw|123heyhey123's rating: 1048 &rarr; <strong>1030</strong><br />(-18 for losing)\n|raw|13thskaven's rating: 1022 &rarr; <strong>1061</strong><br />(+39 for winning)\n|l|\u2606123heyhey123\n|player|p1|\n",
  "uploadtime": 1776367719,
  "views": 19,
  "formatid": "gen9championsvgc2026regma",
  "rating": 1030,
  "private": 0,
  "password": null
}