{
  "id": "gen9championsvgc2026regma-2581484095",
  "format": "[Gen 9 Champions] VGC 2026 Reg M-A",
  "players": [
    "darksol1111",
    "alices1213"
  ],
  "log": "|j|\u2606darksol1111\n|j|\u2606alices1213\n|t:|1776004736\n|gametype|doubles\n|player|p1|darksol1111|veteran|1082\n|player|p2|alices1213|101|1121\n|gen|9\n|tier|[Gen 9 Champions] VGC 2026 Reg M-A\n|rated|\n|rule|Species Clause: Limit one of each Pok\u00e9mon\n|rule|Item Clause: Limit 1 of each item\n|clearpoke\n|poke|p1|Charizard, L50, M|\n|poke|p1|Venusaur, L50, F|\n|poke|p1|Rotom-Wash, L50|\n|poke|p1|Garchomp, L50, F|\n|poke|p1|Sneasler, L50, F|\n|poke|p1|Incineroar, L50, F|\n|poke|p2|Floette-Eternal, L50, F|\n|poke|p2|Maushold, L50|\n|poke|p2|Garchomp, L50, M|\n|poke|p2|Talonflame, L50, F|\n|poke|p2|Rotom-Wash, L50|\n|poke|p2|Aegislash, L50, F|\n|teampreview|4\n|\n|t:|1776004807\n|teamsize|p1|4\n|teamsize|p2|4\n|start\n|switch|p1a: Incineroar|Incineroar, L50, F, shiny|100/100\n|switch|p1b: Garchomp|Garchomp, L50, F, shiny|100/100\n|switch|p2a: Garchomp|Garchomp, L50, M|100/100\n|switch|p2b: Rotom|Rotom-Wash, L50|100/100\n|-ability|p1a: Incineroar|Intimidate|boost\n|-unboost|p2a: Garchomp|atk|1\n|-unboost|p2b: Rotom|atk|1\n|turn|1\n|inactive|Battle timer is ON: inactive players will automatically lose when time's up. (requested by darksol1111)\n|\n|t:|1776004852\n|move|p1a: Incineroar|Fake Out|p2b: Rotom\n|-damage|p2b: Rotom|86/100\n|move|p1b: Garchomp|Dragon Claw|p2a: Garchomp\n|-supereffective|p2a: Garchomp|1\n|-damage|p2a: Garchomp|5/100\n|-damage|p1b: Garchomp|88/100|[from] ability: Rough Skin|[of] p2a: Garchomp\n|move|p2a: Garchomp|Earthquake|p1b: Garchomp|[spread] p1a,p1b\n|-immune|p2b: Rotom|[from] ability: Levitate\n|-supereffective|p1a: Incineroar|1\n|-damage|p1a: Incineroar|41/100\n|-damage|p1b: Garchomp|55/100\n|-enditem|p1a: Incineroar|Sitrus Berry|[eat]\n|-heal|p1a: Incineroar|66/100|[from] item: Sitrus Berry\n|cant|p2b: Rotom|flinch\n|\n|upkeep\n|turn|2\n|\n|t:|1776004872\n|move|p2a: Garchomp|Protect|p2a: Garchomp\n|-singleturn|p2a: Garchomp|Protect\n|move|p1b: Garchomp|Dragon Claw|p2a: Garchomp\n|-activate|p2a: Garchomp|move: Protect\n|move|p2b: Rotom|Hydro Pump|p1a: Incineroar\n|-supereffective|p1a: Incineroar|1\n|-damage|p1a: Incineroar|0 fnt\n|faint|p1a: Incineroar\n|\n|upkeep\n|\n|t:|1776004881\n|switch|p1a: Charizard|Charizard, L50, M, shiny|100/100\n|turn|3\n|inactive|alices1213 has 30 seconds left.\n|inactive|alices1213 has 20 seconds left.\n|\n|t:|1776004921\n|switch|p2a: Aegislash|Aegislash, L50, F|100/100\n|detailschange|p1a: Charizard|Charizard-Mega-Y, L50, M, shiny\n|-mega|p1a: Charizard|Charizard|Charizardite Y\n|-weather|SunnyDay|[from] ability: Drought|[of] p1a: Charizard\n|move|p1b: Garchomp|Dragon Claw|p2a: Aegislash\n|-resisted|p2a: Aegislash|1\n|-damage|p2a: Aegislash|82/100\n|move|p1a: Charizard|Solar Beam||[still]\n|-prepare|p1a: Charizard|Solar Beam\n|-anim|p1a: Charizard|Solar Beam|p2b: Rotom\n|-supereffective|p2b: Rotom|1\n|-damage|p2b: Rotom|0 fnt\n|faint|p2b: Rotom\n|\n|-weather|SunnyDay|[upkeep]\n|upkeep\n|\n|t:|1776004936\n|switch|p2b: Floette|Floette-Eternal, L50, F|100/100\n|turn|4\n|\n|t:|1776004955\n|switch|p1b: Venusaur|Venusaur, L50, F, shiny|100/100\n|detailschange|p2b: Floette|Floette-Mega, L50, F\n|-mega|p2b: Floette|Floette|Floettite\n|-ability|p2b: Floette|Fairy Aura\n|move|p1a: Charizard|Weather Ball|p2a: Aegislash\n|-supereffective|p2a: Aegislash|1\n|-damage|p2a: Aegislash|0 fnt\n|faint|p2a: Aegislash\n|move|p2b: Floette|Dazzling Gleam|p1b: Venusaur|[spread] p1a,p1b\n|-resisted|p1a: Charizard|1\n|-resisted|p1b: Venusaur|1\n|-damage|p1a: Charizard|73/100\n|-damage|p1b: Venusaur|74/100\n|\n|-weather|SunnyDay|[upkeep]\n|upkeep\n|\n|t:|1776004968\n|switch|p2a: Garchomp|Garchomp, L50, M|5/100\n|turn|5\n|\n|t:|1776004979\n|move|p1b: Venusaur|Sludge Bomb|p2a: Garchomp\n|-resisted|p2a: Garchomp|1\n|-damage|p2a: Garchomp|0 fnt\n|faint|p2a: Garchomp\n|move|p1a: Charizard|Weather Ball|p2b: Floette\n|-damage|p2b: Floette|39/100\n|move|p2b: Floette|Dazzling Gleam|p1a: Charizard|[spread] p1a,p1b\n|-resisted|p1a: Charizard|1\n|-resisted|p1b: Venusaur|1\n|-crit|p1b: Venusaur\n|-damage|p1a: Charizard|48/100\n|-damage|p1b: Venusaur|31/100\n|\n|-weather|SunnyDay|[upkeep]\n|upkeep\n|turn|6\n|-message|alices1213 forfeited.\n|\n|win|darksol1111\n|raw|darksol1111's rating: 1082 &rarr; <strong>1113</strong><br />(+31 for winning)\n|raw|alices1213's rating: 1121 &rarr; <strong>1093</strong><br />(-28 for losing)\n|l|\u2606alices1213\n|player|p2|\n|c|\u2606darksol1111|gg\n",
  "uploadtime": 1776004996,
  "views": 13,
  "formatid": "gen9championsvgc2026regma",
  "rating": 1093,
  "private": 0,
  "password": null
}