{
  "id": "gen9championsvgc2026regma-2588944498",
  "format": "[Gen 9 Champions] VGC 2026 Reg M-A",
  "players": [
    "glubbyyank",
    "GHWGYXY"
  ],
  "log": "|j|\u2606glubbyyank\n|j|\u2606GHWGYXY\n|t:|1776688262\n|gametype|doubles\n|player|p1|glubbyyank|byron|1157\n|player|p2|GHWGYXY|caitlin|1157\n|gen|9\n|tier|[Gen 9 Champions] VGC 2026 Reg M-A\n|rated|\n|rule|Species Clause: Limit one of each Pok\u00e9mon\n|rule|Item Clause: Limit 1 of each item\n|clearpoke\n|poke|p1|Aggron, L50, F|\n|poke|p1|Sneasler, L50, F|\n|poke|p1|Aerodactyl, L50, M|\n|poke|p1|Sinistcha, L50|\n|poke|p1|Tyranitar, L50, M|\n|poke|p1|Hydreigon, L50, M|\n|poke|p2|Floette-Eternal, L50, F|\n|poke|p2|Incineroar, L50, F|\n|poke|p2|Aerodactyl, L50, F|\n|poke|p2|Rotom-Wash, L50|\n|poke|p2|Sneasler, L50, F|\n|poke|p2|Garchomp, L50, M|\n|teampreview|4\n|inactive|Battle timer is ON: inactive players will automatically lose when time's up. (requested by GHWGYXY)\n|\n|t:|1776688313\n|teamsize|p1|4\n|teamsize|p2|4\n|start\n|switch|p1a: Aggron|Aggron, L50, F|100/100\n|switch|p1b: Tyranitar|Tyranitar, L50, M|100/100\n|switch|p2a: Sneasler|Sneasler, L50, F|100/100\n|switch|p2b: Rotom|Rotom-Wash, L50|100/100\n|-weather|Sandstorm|[from] ability: Sand Stream|[of] p1b: Tyranitar\n|turn|1\n|\n|t:|1776688332\n|detailschange|p1a: Aggron|Aggron-Mega, L50, F\n|-mega|p1a: Aggron|Aggron|Aggronite\n|move|p1b: Tyranitar|Protect|p1b: Tyranitar\n|-singleturn|p1b: Tyranitar|Protect\n|move|p2a: Sneasler|Fake Out|p1b: Tyranitar\n|-activate|p1b: Tyranitar|move: Protect\n|move|p2b: Rotom|Hydro Pump|p1a: Aggron\n|-damage|p1a: Aggron|58/100\n|move|p1a: Aggron|Iron Defense|p1a: Aggron\n|-boost|p1a: Aggron|def|2\n|\n|-weather|Sandstorm|[upkeep]\n|-damage|p2b: Rotom|95/100|[from] Sandstorm\n|-damage|p2a: Sneasler|94/100|[from] Sandstorm\n|upkeep\n|turn|2\n|\n|t:|1776688354\n|switch|p2b: Incineroar|Incineroar, L50, F|100/100\n|-ability|p2b: Incineroar|Intimidate|boost\n|-unboost|p1a: Aggron|atk|1\n|-unboost|p1b: Tyranitar|atk|1\n|move|p2a: Sneasler|Close Combat|p1b: Tyranitar\n|-supereffective|p1b: Tyranitar|2\n|-enditem|p1b: Tyranitar|Focus Sash\n|-damage|p1b: Tyranitar|1/100\n|-unboost|p2a: Sneasler|def|1\n|-unboost|p2a: Sneasler|spd|1\n|-enditem|p2a: Sneasler|White Herb\n|-clearnegativeboost|p2a: Sneasler|[silent]\n|move|p1b: Tyranitar|Rock Slide|p2b: Incineroar|[spread] p2a,p2b\n|-resisted|p2a: Sneasler|1\n|-supereffective|p2b: Incineroar|1\n|-damage|p2a: Sneasler|78/100\n|-damage|p2b: Incineroar|64/100\n|move|p1a: Aggron|Body Press|p2b: Incineroar\n|-supereffective|p2b: Incineroar|1\n|-damage|p2b: Incineroar|0 fnt\n|faint|p2b: Incineroar\n|\n|-weather|Sandstorm|[upkeep]\n|-damage|p2a: Sneasler|71/100|[from] Sandstorm\n|upkeep\n|\n|t:|1776688364\n|switch|p2b: Floette|Floette-Eternal, L50, F|100/100\n|turn|3\n|inactive|glubbyyank has 30 seconds left.\n|\n|t:|1776688398\n|switch|p1b: Sinistcha|Sinistcha, L50|100/100\n|-heal|p1a: Aggron|83/100|[from] ability: Hospitality|[of] p1b: Sinistcha\n|detailschange|p2b: Floette|Floette-Mega, L50, F\n|-mega|p2b: Floette|Floette|Floettite\n|-ability|p2b: Floette|Fairy Aura\n|move|p1a: Aggron|Protect|p1a: Aggron\n|-singleturn|p1a: Aggron|Protect\n|move|p2a: Sneasler|Close Combat|p1a: Aggron\n|-activate|p1a: Aggron|move: Protect\n|move|p2b: Floette|Dazzling Gleam|p1a: Aggron|[spread] p1b\n|-activate|p1a: Aggron|move: Protect\n|-damage|p1b: Sinistcha|56/100\n|\n|-weather|Sandstorm|[upkeep]\n|-damage|p2a: Sneasler|65/100|[from] Sandstorm\n|-damage|p2b: Floette|94/100|[from] Sandstorm\n|-damage|p1b: Sinistcha|50/100|[from] Sandstorm\n|upkeep\n|turn|4\n|inactive|glubbyyank has 30 seconds left.\n|\n|t:|1776688430\n|move|p2b: Floette|Protect|p2b: Floette\n|-singleturn|p2b: Floette|Protect\n|move|p1b: Sinistcha|Rage Powder|p1b: Sinistcha\n|-singleturn|p1b: Sinistcha|move: Rage Powder\n|move|p2a: Sneasler|Close Combat|p1b: Sinistcha\n|-immune|p1b: Sinistcha\n|move|p1a: Aggron|Heavy Slam|p2b: Floette\n|-activate|p2b: Floette|move: Protect\n|\n|-weather|Sandstorm|[upkeep]\n|-damage|p2a: Sneasler|59/100|[from] Sandstorm\n|-damage|p2b: Floette|88/100|[from] Sandstorm\n|-damage|p1b: Sinistcha|44/100|[from] Sandstorm\n|upkeep\n|turn|5\n|\n|t:|1776688440\n|switch|p2b: Rotom|Rotom-Wash, L50|95/100\n|move|p1b: Sinistcha|Rage Powder|p1b: Sinistcha\n|-singleturn|p1b: Sinistcha|move: Rage Powder\n|move|p2a: Sneasler|Dire Claw|p1b: Sinistcha\n|-damage|p1b: Sinistcha|9/100\n|-status|p1b: Sinistcha|par\n|move|p1a: Aggron|Heavy Slam|p2b: Rotom\n|-resisted|p2b: Rotom|2\n|-damage|p2b: Rotom|82/100\n|\n|-weather|none\n|upkeep\n|turn|6\n|\n|t:|1776688463\n|switch|p1b: Tyranitar|Tyranitar, L50, M|1/100\n|-weather|Sandstorm|[from] ability: Sand Stream|[of] p1b: Tyranitar\n|move|p2a: Sneasler|Close Combat|p1a: Aggron\n|-supereffective|p1a: Aggron|1\n|-damage|p1a: Aggron|59/100\n|-unboost|p2a: Sneasler|def|1\n|-unboost|p2a: Sneasler|spd|1\n|move|p2b: Rotom|Volt Switch|p1b: Tyranitar\n|-damage|p1b: Tyranitar|0 fnt\n|faint|p1b: Tyranitar\n|\n|t:|1776688471\n|switch|p2b: Floette|Floette-Mega, L50, F|88/100|[from] Volt Switch\n|-ability|p2b: Floette|Fairy Aura\n|move|p1a: Aggron|Iron Defense|p1a: Aggron\n|-boost|p1a: Aggron|def|2\n|\n|-weather|Sandstorm|[upkeep]\n|-damage|p2a: Sneasler|53/100|[from] Sandstorm\n|-damage|p2b: Floette|82/100|[from] Sandstorm\n|upkeep\n|\n|t:|1776688487\n|switch|p1b: Sinistcha|Sinistcha, L50|9/100 par\n|-heal|p1a: Aggron|84/100|[from] ability: Hospitality|[of] p1b: Sinistcha\n|turn|7\n|inactive|glubbyyank has 30 seconds left.\n|\n|t:|1776688518\n|move|p2a: Sneasler|Dire Claw|p1b: Sinistcha\n|-damage|p1b: Sinistcha|0 fnt\n|faint|p1b: Sinistcha\n|move|p2b: Floette|Calm Mind|p2b: Floette\n|-boost|p2b: Floette|spa|1\n|-boost|p2b: Floette|spd|1\n|move|p1a: Aggron|Heavy Slam|p2a: Sneasler\n|-damage|p2a: Sneasler|0 fnt\n|faint|p2a: Sneasler\n|\n|-weather|Sandstorm|[upkeep]\n|-damage|p2b: Floette|76/100|[from] Sandstorm\n|upkeep\n|\n|t:|1776688530\n|switch|p2a: Rotom|Rotom-Wash, L50|82/100\n|switch|p1b: Sneasler|Sneasler, L50, F|100/100\n|turn|8\n|inactive|glubbyyank has 30 seconds left.\n|\n|t:|1776688555\n|move|p2b: Floette|Protect|p2b: Floette\n|-singleturn|p2b: Floette|Protect\n|move|p1b: Sneasler|Fake Out|p2a: Rotom\n|-damage|p2a: Rotom|67/100\n|cant|p2a: Rotom|flinch\n|move|p1a: Aggron|Body Press|p2a: Rotom\n|-damage|p2a: Rotom|0 fnt\n|faint|p2a: Rotom\n|\n|-weather|Sandstorm|[upkeep]\n|-damage|p1b: Sneasler|95/100|[from] Sandstorm\n|-damage|p2b: Floette|70/100|[from] Sandstorm\n|upkeep\n|turn|9\n|inactive|glubbyyank has 30 seconds left.\n|\n|t:|1776688588\n|move|p1b: Sneasler|Dire Claw|p2b: Floette\n|-supereffective|p2b: Floette|1\n|-damage|p2b: Floette|0 fnt\n|faint|p2b: Floette\n|\n|win|glubbyyank\n|raw|glubbyyank's rating: 1157 &rarr; <strong>1182</strong><br />(+25 for winning)\n|raw|GHWGYXY's rating: 1157 &rarr; <strong>1132</strong><br />(-25 for losing)\n|l|\u2606GHWGYXY\n|player|p2|\n",
  "uploadtime": 1776688596,
  "views": 15,
  "formatid": "gen9championsvgc2026regma",
  "rating": 1132,
  "private": 0,
  "password": null
}