{
  "id": "gen9championsvgc2026regma-2585834866",
  "format": "[Gen 9 Champions] VGC 2026 Reg M-A",
  "players": [
    "josefall",
    "toxicBLenthusiast"
  ],
  "log": "|j|\u2606josefall\n|j|\u2606toxicBLenthusiast\n|t:|1776374196\n|gametype|doubles\n|player|p1|josefall|nate|1110\n|player|p2|toxicBLenthusiast|102|1101\n|gen|9\n|tier|[Gen 9 Champions] VGC 2026 Reg M-A\n|rated|\n|rule|Species Clause: Limit one of each Pok\u00e9mon\n|rule|Item Clause: Limit 1 of each item\n|clearpoke\n|poke|p1|Froslass, L50, F|\n|poke|p1|Weavile, L50, F|\n|poke|p1|Arcanine-Hisui, L50, M|\n|poke|p1|Tyranitar, L50, F|\n|poke|p1|Garchomp, L50, F|\n|poke|p1|Volcarona, L50, F|\n|poke|p2|Floette-Eternal, L50, F|\n|poke|p2|Kingambit, L50, F|\n|poke|p2|Delphox, L50, F|\n|poke|p2|Incineroar, L50, F|\n|poke|p2|Sneasler, L50, M|\n|poke|p2|Garchomp, L50, M|\n|teampreview|4\n|inactive|Battle timer is ON: inactive players will automatically lose when time's up. (requested by toxicBLenthusiast)\n|\n|t:|1776374243\n|teamsize|p1|4\n|teamsize|p2|4\n|start\n|switch|p1a: Arcanine|Arcanine-Hisui, L50, M|100/100\n|switch|p1b: Froslass|Froslass, L50, F|100/100\n|switch|p2a: Incineroar|Incineroar, L50, F|100/100\n|switch|p2b: Garchomp|Garchomp, L50, M|100/100\n|-ability|p1a: Arcanine|Intimidate|boost\n|-unboost|p2a: Incineroar|atk|1\n|-unboost|p2b: Garchomp|atk|1\n|-ability|p2a: Incineroar|Intimidate|boost\n|-unboost|p1a: Arcanine|atk|1\n|-unboost|p1b: Froslass|atk|1\n|turn|1\n|inactive|josefall has 30 seconds left.\n|inactive|toxicBLenthusiast has 30 seconds left.\n|\n|t:|1776374274\n|switch|p2b: Delphox|Delphox, L50, F|100/100\n|detailschange|p1b: Froslass|Froslass-Mega, L50, F\n|-mega|p1b: Froslass|Froslass|Froslassite\n|-weather|Snowscape|[from] ability: Snow Warning|[of] p1b: Froslass\n|move|p1a: Arcanine|Extreme Speed|p2a: Incineroar\n|-damage|p2a: Incineroar|90/100\n|move|p1b: Froslass|Aurora Veil|p1b: Froslass\n|-sidestart|p1: josefall|move: Aurora Veil\n|move|p2a: Incineroar|Parting Shot|p1b: Froslass\n|-unboost|p1b: Froslass|atk|1\n|-unboost|p1b: Froslass|spa|1\n|\n|t:|1776374286\n|switch|p2a: Garchomp|Garchomp, L50, M|100/100|[from] Parting Shot\n|\n|-weather|Snowscape|[upkeep]\n|upkeep\n|turn|2\n|\n|t:|1776374299\n|switch|p1a: Volcarona|Volcarona, L50, F|100/100\n|switch|p2a: Incineroar|Incineroar, L50, F|90/100\n|-ability|p2a: Incineroar|Intimidate|boost\n|-unboost|p1a: Volcarona|atk|1\n|-unboost|p1b: Froslass|atk|1\n|detailschange|p2b: Delphox|Delphox-Mega, L50, F\n|-mega|p2b: Delphox|Delphox|Delphoxite\n|move|p2b: Delphox|Encore|p1b: Froslass\n|-start|p1b: Froslass|Encore\n|move|p1b: Froslass|Aurora Veil||[still]\n|-fail|p1b: Froslass\n|\n|-weather|Snowscape|[upkeep]\n|-heal|p2a: Incineroar|96/100|[from] item: Leftovers\n|upkeep\n|turn|3\n|\n|t:|1776374316\n|switch|p1b: Tyranitar|Tyranitar, L50, F|100/100\n|-weather|Sandstorm|[from] ability: Sand Stream|[of] p1b: Tyranitar\n|move|p2a: Incineroar|Fake Out|p1a: Volcarona\n|-damage|p1a: Volcarona|93/100\n|move|p2b: Delphox|Heat Wave|p1b: Tyranitar|[spread] p1a,p1b\n|-resisted|p1b: Tyranitar|1\n|-damage|p1a: Volcarona|72/100\n|-damage|p1b: Tyranitar|94/100\n|cant|p1a: Volcarona|flinch\n|\n|-weather|Sandstorm|[upkeep]\n|-damage|p2b: Delphox|95/100|[from] Sandstorm\n|-damage|p1a: Volcarona|66/100|[from] Sandstorm\n|-damage|p2a: Incineroar|90/100|[from] Sandstorm\n|-heal|p2a: Incineroar|96/100|[from] item: Leftovers\n|upkeep\n|turn|4\n|\n|t:|1776374338\n|switch|p2b: Garchomp|Garchomp, L50, M|100/100\n|move|p1a: Volcarona|Rage Powder|p1a: Volcarona\n|-singleturn|p1a: Volcarona|move: Rage Powder\n|move|p2a: Incineroar|Parting Shot|p1a: Volcarona\n|-unboost|p1a: Volcarona|atk|1\n|-unboost|p1a: Volcarona|spa|1\n|\n|t:|1776374345\n|switch|p2a: Sneasler|Sneasler, L50, M|100/100|[from] Parting Shot\n|move|p1b: Tyranitar|Dragon Dance|p1b: Tyranitar\n|-boost|p1b: Tyranitar|atk|1\n|-boost|p1b: Tyranitar|spe|1\n|\n|-weather|Sandstorm|[upkeep]\n|-damage|p2a: Sneasler|95/100|[from] Sandstorm\n|-damage|p1a: Volcarona|60/100|[from] Sandstorm\n|upkeep\n|turn|5\n|\n|t:|1776374363\n|move|p2a: Sneasler|Protect|p2a: Sneasler\n|-singleturn|p2a: Sneasler|Protect\n|move|p2b: Garchomp|Protect|p2b: Garchomp\n|-singleturn|p2b: Garchomp|Protect\n|move|p1b: Tyranitar|Earthquake|p2a: Sneasler|[spread] p1a\n|-activate|p2a: Sneasler|move: Protect\n|-activate|p2b: Garchomp|move: Protect\n|-crit|p1a: Volcarona\n|-damage|p1a: Volcarona|3/100\n|-enditem|p1a: Volcarona|Sitrus Berry|[eat]\n|-heal|p1a: Volcarona|28/100|[from] item: Sitrus Berry\n|move|p1a: Volcarona|String Shot|p2b: Garchomp|[spread] \n|-activate|p2a: Sneasler|move: Protect\n|-activate|p2b: Garchomp|move: Protect\n|\n|-weather|Sandstorm|[upkeep]\n|-damage|p2a: Sneasler|89/100|[from] Sandstorm\n|-damage|p1a: Volcarona|22/100|[from] Sandstorm\n|-sideend|p1: josefall|move: Aurora Veil\n|upkeep\n|turn|6\n|\n|t:|1776374387\n|switch|p2b: Incineroar|Incineroar, L50, F|96/100\n|-ability|p2b: Incineroar|Intimidate|boost\n|-unboost|p1a: Volcarona|atk|1\n|-unboost|p1b: Tyranitar|atk|1\n|move|p2a: Sneasler|Close Combat|p1b: Tyranitar\n|-supereffective|p1b: Tyranitar|2\n|-damage|p1b: Tyranitar|0 fnt\n|-unboost|p2a: Sneasler|def|1\n|-unboost|p2a: Sneasler|spd|1\n|faint|p1b: Tyranitar\n|-enditem|p2a: Sneasler|White Herb\n|-clearnegativeboost|p2a: Sneasler|[silent]\n|move|p1a: Volcarona|String Shot|p2a: Sneasler|[spread] p2a,p2b\n|-unboost|p2a: Sneasler|spe|2\n|-unboost|p2b: Incineroar|spe|2\n|\n|-weather|Sandstorm|[upkeep]\n|-damage|p2a: Sneasler|83/100|[from] Sandstorm\n|-damage|p1a: Volcarona|16/100|[from] Sandstorm\n|-damage|p2b: Incineroar|90/100|[from] Sandstorm\n|-heal|p2b: Incineroar|96/100|[from] item: Leftovers\n|upkeep\n|\n|t:|1776374395\n|switch|p1b: Froslass|Froslass-Mega, L50, F|100/100\n|-weather|Snowscape|[from] ability: Snow Warning|[of] p1b: Froslass\n|turn|7\n|\n|t:|1776374420\n|switch|p2a: Delphox|Delphox-Mega, L50, F|95/100\n|move|p2b: Incineroar|Fake Out|p1a: Volcarona\n|-damage|p1a: Volcarona|5/100\n|move|p1b: Froslass|Nasty Plot|p1b: Froslass\n|-boost|p1b: Froslass|spa|2\n|cant|p1a: Volcarona|flinch\n|\n|-weather|Snowscape|[upkeep]\n|-heal|p2b: Incineroar|100/100|[from] item: Leftovers\n|upkeep\n|turn|8\n|\n|t:|1776374438\n|move|p1a: Volcarona|Rage Powder|p1a: Volcarona\n|-singleturn|p1a: Volcarona|move: Rage Powder\n|move|p2a: Delphox|Encore|p1a: Volcarona\n|-start|p1a: Volcarona|Encore\n|move|p1b: Froslass|Blizzard|p2b: Incineroar|[spread] p2a,p2b\n|-resisted|p2a: Delphox|1\n|-resisted|p2b: Incineroar|1\n|-damage|p2a: Delphox|51/100\n|-damage|p2b: Incineroar|51/100\n|move|p2b: Incineroar|Flare Blitz|p1a: Volcarona\n|-damage|p1a: Volcarona|0 fnt\n|faint|p1a: Volcarona\n|-damage|p2b: Incineroar|50/100|[from] Recoil\n|\n|-weather|Snowscape|[upkeep]\n|-heal|p2b: Incineroar|55/100|[from] item: Leftovers\n|upkeep\n|\n|t:|1776374448\n|switch|p1a: Arcanine|Arcanine-Hisui, L50, M|100/100\n|-ability|p1a: Arcanine|Intimidate|boost\n|-unboost|p2a: Delphox|atk|1\n|-unboost|p2b: Incineroar|atk|1\n|turn|9\n|\n|t:|1776374466\n|switch|p2b: Garchomp|Garchomp, L50, M|100/100\n|move|p2a: Delphox|Protect|p2a: Delphox\n|-singleturn|p2a: Delphox|Protect\n|move|p1a: Arcanine|Rock Slide|p2a: Delphox|[spread] p2b\n|-activate|p2a: Delphox|move: Protect\n|-resisted|p2b: Garchomp|1\n|-damage|p2b: Garchomp|91/100\n|move|p1b: Froslass|Blizzard|p2b: Garchomp|[spread] p2b\n|-activate|p2a: Delphox|move: Protect\n|-supereffective|p2b: Garchomp|2\n|-damage|p2b: Garchomp|0 fnt\n|faint|p2b: Garchomp\n|\n|-weather|Snowscape|[upkeep]\n|upkeep\n|\n|t:|1776374480\n|switch|p2b: Sneasler|Sneasler, L50, M|83/100\n|turn|10\n|\n|t:|1776374494\n|move|p2b: Sneasler|Fake Out|p1a: Arcanine\n|-resisted|p1a: Arcanine|1\n|-damage|p1a: Arcanine|90/100\n|cant|p1a: Arcanine|flinch\n|move|p2a: Delphox|Heat Wave|p1a: Arcanine|[spread] p1a,p1b\n|-resisted|p1a: Arcanine|2\n|-supereffective|p1b: Froslass|1\n|-damage|p1a: Arcanine|79/100\n|-damage|p1b: Froslass|24/100\n|move|p1b: Froslass|Blizzard|p2a: Delphox|[spread] p2a,p2b\n|-resisted|p2a: Delphox|1\n|-damage|p2a: Delphox|9/100\n|-damage|p2b: Sneasler|0 fnt\n|faint|p2b: Sneasler\n|\n|-weather|Snowscape|[upkeep]\n|upkeep\n|\n|t:|1776374506\n|switch|p2b: Incineroar|Incineroar, L50, F|55/100\n|-ability|p2b: Incineroar|Intimidate|boost\n|-unboost|p1a: Arcanine|atk|1\n|-unboost|p1b: Froslass|atk|1\n|turn|11\n|\n|t:|1776374517\n|move|p1b: Froslass|Protect|p1b: Froslass\n|-singleturn|p1b: Froslass|Protect\n|move|p2b: Incineroar|Fake Out|p1a: Arcanine\n|-resisted|p1a: Arcanine|1\n|-damage|p1a: Arcanine|72/100\n|cant|p1a: Arcanine|flinch\n|move|p2a: Delphox|Heat Wave|p1b: Froslass|[spread] p1a\n|-activate|p1b: Froslass|move: Protect\n|-resisted|p1a: Arcanine|2\n|-damage|p1a: Arcanine|61/100\n|\n|-weather|none\n|-heal|p2b: Incineroar|61/100|[from] item: Leftovers\n|upkeep\n|turn|12\n|\n|t:|1776374532\n|move|p2a: Delphox|Protect|p2a: Delphox\n|-singleturn|p2a: Delphox|Protect\n|move|p1a: Arcanine|Rock Slide|p2a: Delphox|[spread] p2b\n|-activate|p2a: Delphox|move: Protect\n|-supereffective|p2b: Incineroar|1\n|-damage|p2b: Incineroar|41/100\n|move|p1b: Froslass|Blizzard|p2a: Delphox|[spread] p2b\n|-activate|p2a: Delphox|move: Protect\n|-resisted|p2b: Incineroar|1\n|-damage|p2b: Incineroar|0 fnt\n|faint|p2b: Incineroar\n|\n|upkeep\n|turn|13\n|\n|t:|1776374545\n|move|p1a: Arcanine|Rock Slide|p2a: Delphox\n|-supereffective|p2a: Delphox|1\n|-damage|p2a: Delphox|0 fnt\n|faint|p2a: Delphox\n|\n|win|josefall\n|raw|josefall's rating: 1110 &rarr; <strong>1134</strong><br />(+24 for winning)\n|raw|toxicBLenthusiast's rating: 1101 &rarr; <strong>1077</strong><br />(-24 for losing)\n|l|\u2606toxicBLenthusiast\n|player|p2|\n",
  "uploadtime": 1776374560,
  "views": 15,
  "formatid": "gen9championsvgc2026regma",
  "rating": 1077,
  "private": 0,
  "password": null
}