{
  "id": "gen9championsvgc2026regma-2580984243",
  "format": "[Gen 9 Champions] VGC 2026 Reg M-A",
  "players": [
    "520zhb",
    "bujo0n"
  ],
  "log": "|j|\u2606520zhb\n|j|\u2606bujo0n\n|t:|1775949018\n|gametype|doubles\n|player|p1|520zhb|169|1294\n|player|p2|bujo0n|pokemaniac|1272\n|gen|9\n|tier|[Gen 9 Champions] VGC 2026 Reg M-A\n|rated|\n|rule|Species Clause: Limit one of each Pok\u00e9mon\n|rule|Item Clause: Limit 1 of each item\n|clearpoke\n|poke|p1|Floette-Eternal, L50, F|\n|poke|p1|Gengar, L50, M|\n|poke|p1|Maushold, L50|\n|poke|p1|Archaludon, L50, M|\n|poke|p1|Politoed, L50, M|\n|poke|p1|Incineroar, L50, M|\n|poke|p2|Gengar, L50, M|\n|poke|p2|Incineroar, L50, M|\n|poke|p2|Kingambit, L50, M|\n|poke|p2|Kommo-o, L50, F|\n|poke|p2|Sinistcha-Masterpiece, L50|\n|poke|p2|Tyranitar, L50, M|\n|teampreview|4\n|inactive|Battle timer is ON: inactive players will automatically lose when time's up. (requested by 520zhb)\n|j| gE1xjZRtuhW2DdT0AK\n|inactive|520zhb has 60 seconds left.\n|inactive|bujo0n has 60 seconds left.\n|\n|t:|1775949052\n|teamsize|p1|4\n|teamsize|p2|4\n|start\n|switch|p1a: Gengar|Gengar, L50, M|100/100\n|switch|p1b: Incineroar|Incineroar, L50, M|100/100\n|switch|p2a: Gengar|Gengar, L50, M, shiny|100/100\n|switch|p2b: Incineroar|Incineroar, L50, M, shiny|100/100\n|-ability|p1b: Incineroar|Intimidate|boost\n|-unboost|p2a: Gengar|atk|1\n|-unboost|p2b: Incineroar|atk|1\n|-ability|p2b: Incineroar|Intimidate|boost\n|-unboost|p1a: Gengar|atk|1\n|-unboost|p1b: Incineroar|atk|1\n|turn|1\n|\n|t:|1775949070\n|detailschange|p1a: Gengar|Gengar-Mega, L50, M\n|-mega|p1a: Gengar|Gengar|Gengarite\n|detailschange|p2a: Gengar|Gengar-Mega, L50, M, shiny\n|-mega|p2a: Gengar|Gengar|Gengarite\n|move|p1b: Incineroar|Fake Out|p2b: Incineroar\n|-damage|p2b: Incineroar|94/100\n|cant|p2b: Incineroar|flinch\n|move|p1a: Gengar|Shadow Ball|p2a: Gengar\n|-supereffective|p2a: Gengar|1\n|-damage|p2a: Gengar|0 fnt\n|faint|p2a: Gengar\n|\n|upkeep\n|\n|t:|1775949083\n|switch|p2a: Kingambit|Kingambit, L50, M, shiny|100/100\n|turn|2\n|\n|t:|1775949100\n|move|p1a: Gengar|Protect|p1a: Gengar\n|-singleturn|p1a: Gengar|Protect\n|move|p2a: Kingambit|Sucker Punch||[still]\n|-fail|p2a: Kingambit\n|move|p1b: Incineroar|Close Combat|p2a: Kingambit\n|-supereffective|p2a: Kingambit|2\n|-enditem|p2a: Kingambit|Chople Berry|[eat]\n|-enditem|p2a: Kingambit|Chople Berry|[weaken]\n|-damage|p2a: Kingambit|72/100\n|-unboost|p1b: Incineroar|def|1\n|-unboost|p1b: Incineroar|spd|1\n|move|p2b: Incineroar|Throat Chop|p1a: Gengar\n|-activate|p1a: Gengar|move: Protect\n|\n|upkeep\n|turn|3\n|\n|t:|1775949117\n|switch|p1a: Archaludon|Archaludon, L50, M|100/100\n|move|p1b: Incineroar|Close Combat|p2a: Kingambit\n|-supereffective|p2a: Kingambit|2\n|-damage|p2a: Kingambit|12/100\n|-unboost|p1b: Incineroar|def|1\n|-unboost|p1b: Incineroar|spd|1\n|move|p2b: Incineroar|Throat Chop|p1a: Archaludon\n|-damage|p1a: Archaludon|85/100\n|-start|p1a: Archaludon|Throat Chop|[silent]\n|-ability|p1a: Archaludon|Stamina|boost\n|-boost|p1a: Archaludon|def|1\n|move|p2a: Kingambit|Low Kick|p1b: Incineroar\n|-supereffective|p1b: Incineroar|1\n|-damage|p1b: Incineroar|8/100\n|\n|-heal|p1a: Archaludon|91/100|[from] item: Leftovers\n|upkeep\n|turn|4\n|inactive|520zhb has 30 seconds left.\n|inactive|bujo0n has 30 seconds left.\n|inactive|bujo0n has 20 seconds left.\n|\n|t:|1775949160\n|move|p2a: Kingambit|Protect|p2a: Kingambit\n|-singleturn|p2a: Kingambit|Protect\n|move|p1a: Archaludon|Electro Shot||[still]\n|-prepare|p1a: Archaludon|Electro Shot\n|-boost|p1a: Archaludon|spa|1\n|move|p1b: Incineroar|Parting Shot|p2b: Incineroar\n|-unboost|p2b: Incineroar|atk|1\n|-unboost|p2b: Incineroar|spa|1\n|\n|t:|1775949168\n|switch|p1b: Politoed|Politoed, L50, M|100/100|[from] Parting Shot\n|move|p2b: Incineroar|Throat Chop|p1b: Politoed\n|-damage|p1b: Politoed|86/100\n|-start|p1b: Politoed|Throat Chop|[silent]\n|\n|-heal|p1a: Archaludon|97/100|[from] item: Leftovers\n|-end|p1a: Archaludon|Throat Chop|[silent]\n|upkeep\n|turn|5\n|inactive|bujo0n has 30 seconds left.\n|\n|t:|1775949198\n|switch|p2b: Tyranitar|Tyranitar, L50, M, shiny|100/100\n|-weather|Sandstorm|[from] ability: Sand Stream|[of] p2b: Tyranitar\n|move|p1a: Archaludon|Electro Shot|p2a: Kingambit|[from] lockedmove\n|-damage|p2a: Kingambit|0 fnt\n|faint|p2a: Kingambit\n|move|p1b: Politoed|Ice Beam|p2b: Tyranitar\n|-damage|p2b: Tyranitar|82/100\n|\n|-weather|Sandstorm|[upkeep]\n|-damage|p1b: Politoed|80/100|[from] Sandstorm\n|-heal|p1a: Archaludon|100/100|[from] item: Leftovers\n|-end|p1b: Politoed|Throat Chop|[silent]\n|upkeep\n|\n|t:|1775949203\n|switch|p2a: Incineroar|Incineroar, L50, M, shiny|94/100\n|-ability|p2a: Incineroar|Intimidate|boost\n|-unboost|p1a: Archaludon|atk|1\n|-unboost|p1b: Politoed|atk|1\n|turn|6\n|\n|t:|1775949224\n|move|p2a: Incineroar|Fake Out|p1b: Politoed\n|-damage|p1b: Politoed|69/100\n|move|p2b: Tyranitar|Low Kick|p1a: Archaludon\n|-supereffective|p1a: Archaludon|1\n|-crit|p1a: Archaludon\n|-damage|p1a: Archaludon|42/100\n|-ability|p1a: Archaludon|Stamina|boost\n|-boost|p1a: Archaludon|def|1\n|move|p1a: Archaludon|Aura Sphere|p2b: Tyranitar\n|-supereffective|p2b: Tyranitar|2\n|-damage|p2b: Tyranitar|0 fnt\n|faint|p2b: Tyranitar\n|cant|p1b: Politoed|flinch\n|\n|-weather|Sandstorm|[upkeep]\n|-damage|p1b: Politoed|62/100|[from] Sandstorm\n|-damage|p2a: Incineroar|88/100|[from] Sandstorm\n|-heal|p1a: Archaludon|48/100|[from] item: Leftovers\n|upkeep\n|turn|7\n|inactive|bujo0n has 30 seconds left.\n|\n|t:|1775949252\n|switch|p1b: Incineroar|Incineroar, L50, M|8/100\n|-ability|p1b: Incineroar|Intimidate|boost\n|-unboost|p2a: Incineroar|atk|1\n|move|p1a: Archaludon|Aura Sphere|p2a: Incineroar\n|-supereffective|p2a: Incineroar|1\n|-damage|p2a: Incineroar|27/100\n|move|p2a: Incineroar|Throat Chop|p1b: Incineroar\n|-resisted|p1b: Incineroar|1\n|-damage|p1b: Incineroar|1/100\n|-start|p1b: Incineroar|Throat Chop|[silent]\n|\n|-weather|Sandstorm|[upkeep]\n|-damage|p1b: Incineroar|0 fnt|[from] Sandstorm\n|-damage|p2a: Incineroar|21/100|[from] Sandstorm\n|faint|p1b: Incineroar\n|-heal|p1a: Archaludon|55/100|[from] item: Leftovers\n|upkeep\n|\n|t:|1775949268\n|switch|p1b: Gengar|Gengar-Mega, L50, M|100/100\n|turn|8\n|\n|t:|1775949280\n|move|p1b: Gengar|Shadow Ball|p2a: Incineroar\n|-resisted|p2a: Incineroar|1\n|-damage|p2a: Incineroar|5/100\n|move|p1a: Archaludon|Aura Sphere|p2a: Incineroar\n|-supereffective|p2a: Incineroar|1\n|-damage|p2a: Incineroar|0 fnt\n|faint|p2a: Incineroar\n|\n|win|520zhb\n|raw|520zhb's rating: 1294 &rarr; <strong>1317</strong><br />(+23 for winning)\n|raw|bujo0n's rating: 1272 &rarr; <strong>1249</strong><br />(-23 for losing)\n|l|\u2606bujo0n\n|player|p2|\n",
  "uploadtime": 1775949302,
  "views": 20,
  "formatid": "gen9championsvgc2026regma",
  "rating": 1249,
  "private": 0,
  "password": null
}