{
  "id": "gen9championsvgc2026regma-2583760812",
  "format": "[Gen 9 Champions] VGC 2026 Reg M-A",
  "players": [
    "crispychriscream",
    "porpal_goji"
  ],
  "log": "|j|\u2606crispychriscream\n|j|\u2606porpal_goji\n|t:|1776195884\n|gametype|doubles\n|player|p1|crispychriscream|266|1123\n|player|p2|porpal_goji|clair|1117\n|gen|9\n|tier|[Gen 9 Champions] VGC 2026 Reg M-A\n|rated|\n|rule|Species Clause: Limit one of each Pok\u00e9mon\n|rule|Item Clause: Limit 1 of each item\n|clearpoke\n|poke|p1|Gengar, L50, F|\n|poke|p1|Incineroar, L50, M|\n|poke|p1|Blastoise, L50, M|\n|poke|p1|Whimsicott, L50, M|\n|poke|p1|Hatterene, L50, F|\n|poke|p1|Archaludon, L50, F|\n|poke|p2|Whimsicott, L50, M|\n|poke|p2|Orthworm, L50, F|\n|poke|p2|Charizard, L50, M|\n|poke|p2|Sneasler, L50, F|\n|poke|p2|Froslass, L50, F|\n|poke|p2|Vaporeon, L50, M|\n|teampreview|4\n|\n|t:|1776195942\n|teamsize|p1|4\n|teamsize|p2|4\n|start\n|switch|p1a: Incineroar|Incineroar, L50, M|100/100\n|switch|p1b: Hatterene|Hatterene, L50, F|100/100\n|switch|p2a: Whimsicott|Whimsicott, L50, M|100/100\n|switch|p2b: Orthworm|Orthworm, L50, F|100/100\n|-ability|p1a: Incineroar|Intimidate|boost\n|-unboost|p2a: Whimsicott|atk|1\n|-unboost|p2b: Orthworm|atk|1\n|turn|1\n|\n|t:|1776195957\n|move|p2b: Orthworm|Protect|p2b: Orthworm\n|-singleturn|p2b: Orthworm|Protect\n|move|p1a: Incineroar|Fake Out|p2b: Orthworm\n|-activate|p2b: Orthworm|move: Protect\n|move|p2a: Whimsicott|Tailwind|p2a: Whimsicott\n|-sidestart|p2: porpal_goji|move: Tailwind\n|move|p1b: Hatterene|Trick Room|p1b: Hatterene\n|-fieldstart|move: Trick Room|[of] p1b: Hatterene\n|\n|upkeep\n|turn|2\n|\n|t:|1776195980\n|switch|p2b: Charizard|Charizard, L50, M|100/100\n|move|p2a: Whimsicott|Encore|p1b: Hatterene\n|move|p1b: Hatterene|Encore||[from] ability: Magic Bounce|[still]\n|-fail|p1b: Hatterene\n|move|p1b: Hatterene|Nuzzle|p2a: Whimsicott\n|-resisted|p2a: Whimsicott|1\n|-damage|p2a: Whimsicott|98/100\n|-status|p2a: Whimsicott|par\n|move|p1a: Incineroar|Flare Blitz|p2b: Charizard\n|-resisted|p2b: Charizard|1\n|-damage|p2b: Charizard|57/100\n|-damage|p1a: Incineroar|90/100|[from] Recoil\n|\n|upkeep\n|turn|3\n|\n|t:|1776195999\n|detailschange|p2b: Charizard|Charizard-Mega-X, L50, M\n|-mega|p2b: Charizard|Charizard|Charizardite X\n|move|p1b: Hatterene|Nuzzle|p2b: Charizard\n|-resisted|p2b: Charizard|1\n|-damage|p2b: Charizard|55/100\n|-status|p2b: Charizard|par\n|move|p1a: Incineroar|Parting Shot|p2b: Charizard\n|-unboost|p2b: Charizard|atk|1\n|-unboost|p2b: Charizard|spa|1\n|\n|t:|1776196007\n|switch|p1a: Archaludon|Archaludon, L50, F|100/100|[from] Parting Shot\n|move|p2b: Charizard|Dragon Dance|p2b: Charizard\n|-boost|p2b: Charizard|atk|1\n|-boost|p2b: Charizard|spe|1\n|move|p2a: Whimsicott|Trick Room|p2a: Whimsicott\n|-fieldend|move: Trick Room\n|\n|upkeep\n|turn|4\n|-activate|p1b: Hatterene|item: Quick Claw\n|\n|t:|1776196025\n|move|p2b: Charizard|Flare Blitz|p1a: Archaludon\n|-damage|p1a: Archaludon|29/100\n|-ability|p1a: Archaludon|Stamina|boost\n|-boost|p1a: Archaludon|def|1\n|-damage|p2b: Charizard|29/100 par|[from] Recoil\n|move|p2a: Whimsicott|Moonblast|p1a: Archaludon\n|-damage|p1a: Archaludon|3/100\n|-ability|p1a: Archaludon|Stamina|boost\n|-boost|p1a: Archaludon|def|1\n|move|p1a: Archaludon|Foul Play|p2b: Charizard\n|-damage|p2b: Charizard|0 fnt\n|faint|p2b: Charizard\n|move|p1b: Hatterene|Trick Room|p1b: Hatterene\n|-fieldstart|move: Trick Room|[of] p1b: Hatterene\n|\n|-heal|p1a: Archaludon|9/100|[from] item: Leftovers\n|-sideend|p2: porpal_goji|move: Tailwind\n|upkeep\n|\n|t:|1776196035\n|switch|p2b: Orthworm|Orthworm, L50, F|100/100\n|turn|5\n|-activate|p1b: Hatterene|item: Quick Claw\n|\n|t:|1776196052\n|move|p1b: Hatterene|Nuzzle|p2b: Orthworm\n|-damage|p2b: Orthworm|98/100\n|-status|p2b: Orthworm|par\n|move|p2b: Orthworm|Shed Tail|p2b: Orthworm\n|-start|p2b: Orthworm|Substitute|[from] move: Shed Tail\n|-damage|p2b: Orthworm|47/100 par\n|-enditem|p2b: Orthworm|Sitrus Berry|[eat]\n|-heal|p2b: Orthworm|72/100 par|[from] item: Sitrus Berry\n|\n|t:|1776196060\n|switch|p2b: Sneasler|Sneasler, L50, F|100/100|[from] Shed Tail\n|move|p2a: Whimsicott|Moonblast|p1a: Archaludon\n|-damage|p1a: Archaludon|0 fnt\n|faint|p1a: Archaludon\n|\n|upkeep\n|\n|t:|1776196067\n|switch|p1a: Incineroar|Incineroar, L50, M|90/100\n|-ability|p1a: Incineroar|Intimidate|boost\n|-unboost|p2a: Whimsicott|atk|1\n|-immune|p2b: Sneasler\n|turn|6\n|-activate|p1b: Hatterene|item: Quick Claw\n|\n|t:|1776196080\n|move|p1b: Hatterene|Nuzzle|p2b: Sneasler\n|-activate|p2b: Sneasler|move: Substitute|[damage]\n|move|p1a: Incineroar|Flare Blitz|p2b: Sneasler\n|-end|p2b: Sneasler|Substitute\n|-damage|p1a: Incineroar|85/100|[from] Recoil|[of] p2b: Sneasler\n|move|p2b: Sneasler|Close Combat|p1a: Incineroar\n|-supereffective|p1a: Incineroar|1\n|-damage|p1a: Incineroar|0 fnt\n|-unboost|p2b: Sneasler|def|1\n|-unboost|p2b: Sneasler|spd|1\n|faint|p1a: Incineroar\n|-enditem|p2b: Sneasler|White Herb\n|-clearnegativeboost|p2b: Sneasler|[silent]\n|move|p2a: Whimsicott|Trick Room|p2a: Whimsicott\n|-fieldend|move: Trick Room\n|\n|upkeep\n|\n|t:|1776196092\n|switch|p1a: Gengar|Gengar, L50, F|100/100\n|turn|7\n|\n|t:|1776196107\n|detailschange|p1a: Gengar|Gengar-Mega, L50, F\n|-mega|p1a: Gengar|Gengar|Gengarite\n|move|p1a: Gengar|Protect|p1a: Gengar\n|-singleturn|p1a: Gengar|Protect\n|move|p2a: Whimsicott|Tailwind|p2a: Whimsicott\n|-sidestart|p2: porpal_goji|move: Tailwind\n|move|p2b: Sneasler|Dire Claw|p1b: Hatterene\n|-supereffective|p1b: Hatterene|1\n|-damage|p1b: Hatterene|0 fnt\n|faint|p1b: Hatterene\n|\n|upkeep\n|turn|8\n|\n|t:|1776196121\n|cant|p2a: Whimsicott|par\n|move|p2b: Sneasler|Dire Claw|p1a: Gengar\n|-resisted|p1a: Gengar|2\n|-damage|p1a: Gengar|89/100\n|move|p1a: Gengar|Shadow Ball|p2b: Sneasler\n|-damage|p2b: Sneasler|35/100\n|\n|upkeep\n|turn|9\n|\n|t:|1776196139\n|move|p1a: Gengar|Protect|p1a: Gengar\n|-singleturn|p1a: Gengar|Protect\n|move|p2b: Sneasler|Dire Claw|p1a: Gengar\n|-activate|p1a: Gengar|move: Protect\n|move|p2a: Whimsicott|Moonblast|p1a: Gengar\n|-activate|p1a: Gengar|move: Protect\n|\n|upkeep\n|turn|10\n|\n|t:|1776196149\n|move|p2a: Whimsicott|Encore|p1a: Gengar\n|-start|p1a: Gengar|Encore\n|move|p1a: Gengar|Protect||[still]\n|-fail|p1a: Gengar\n|move|p2b: Sneasler|Dire Claw|p1a: Gengar\n|-resisted|p1a: Gengar|2\n|-damage|p1a: Gengar|77/100\n|\n|-sideend|p2: porpal_goji|move: Tailwind\n|upkeep\n|turn|11\n|inactive|Battle timer is ON: inactive players will automatically lose when time's up. (requested by crispychriscream)\n|\n|t:|1776196161\n|move|p1a: Gengar|Protect|p1a: Gengar\n|-singleturn|p1a: Gengar|Protect\n|move|p2b: Sneasler|Dire Claw|p1a: Gengar\n|-activate|p1a: Gengar|move: Protect\n|move|p2a: Whimsicott|Moonblast|p2b: Sneasler\n|-damage|p2b: Sneasler|0 fnt\n|faint|p2b: Sneasler\n|\n|upkeep\n|\n|t:|1776196165\n|switch|p2b: Orthworm|Orthworm, L50, F|72/100 par\n|turn|12\n|\n|t:|1776196172\n|move|p1a: Gengar|Protect||[still]\n|-fail|p1a: Gengar\n|move|p2a: Whimsicott|Moonblast|p1a: Gengar\n|-resisted|p1a: Gengar|1\n|-damage|p1a: Gengar|60/100\n|move|p2b: Orthworm|Iron Head|p1a: Gengar\n|-damage|p1a: Gengar|33/100\n|\n|-end|p1a: Gengar|Encore\n|upkeep\n|turn|13\n|\n|t:|1776196184\n|cant|p2a: Whimsicott|par\n|move|p1a: Gengar|Disable|p2b: Orthworm\n|-start|p2b: Orthworm|Disable|Iron Head\n|cant|p2b: Orthworm|Disable|Iron Head\n|\n|upkeep\n|turn|14\n|\n|t:|1776196199\n|move|p2b: Orthworm|Protect|p2b: Orthworm\n|-singleturn|p2b: Orthworm|Protect\n|move|p2a: Whimsicott|Encore|p1a: Gengar\n|-start|p1a: Gengar|Encore\n|move|p1a: Gengar|Disable|p2a: Whimsicott\n|-start|p2a: Whimsicott|Disable|Encore\n|\n|upkeep\n|turn|15\n|\n|t:|1776196209\n|move|p2b: Orthworm|Helping Hand|p2a: Whimsicott\n|-singleturn|p2a: Whimsicott|Helping Hand|[of] p2b: Orthworm\n|move|p1a: Gengar|Disable||[still]\n|-fail|p1a: Gengar\n|move|p2a: Whimsicott|Moonblast|p1a: Gengar\n|-resisted|p1a: Gengar|1\n|-damage|p1a: Gengar|13/100\n|\n|upkeep\n|turn|16\n|\n|t:|1776196220\n|move|p2b: Orthworm|Helping Hand|p2a: Whimsicott\n|-singleturn|p2a: Whimsicott|Helping Hand|[of] p2b: Orthworm\n|move|p1a: Gengar|Disable||[still]\n|-fail|p1a: Gengar\n|cant|p2a: Whimsicott|par\n|\n|-end|p1a: Gengar|Encore\n|-end|p2b: Orthworm|Disable\n|upkeep\n|turn|17\n|\n|t:|1776196231\n|move|p1a: Gengar|Disable|p2b: Orthworm\n|-start|p2b: Orthworm|Disable|Helping Hand\n|move|p2a: Whimsicott|Moonblast|p1a: Gengar\n|-resisted|p1a: Gengar|1\n|-damage|p1a: Gengar|0 fnt\n|faint|p1a: Gengar\n|\n|win|porpal_goji\n|raw|crispychriscream's rating: 1123 &rarr; <strong>1098</strong><br />(-25 for losing)\n|raw|porpal_goji's rating: 1117 &rarr; <strong>1142</strong><br />(+25 for winning)\n",
  "uploadtime": 1776196233,
  "views": 24,
  "formatid": "gen9championsvgc2026regma",
  "rating": 1098,
  "private": 0,
  "password": null
}