{
  "id": "gen9championsvgc2026regma-2588818810",
  "format": "[Gen 9 Champions] VGC 2026 Reg M-A",
  "players": [
    "penetano",
    "Milchgruetze"
  ],
  "log": "|j|\u2606penetano\n|j|\u2606Milchgruetze\n|t:|1776674682\n|gametype|doubles\n|player|p1|penetano|n|1063\n|player|p2|Milchgruetze|266|1000\n|gen|9\n|tier|[Gen 9 Champions] VGC 2026 Reg M-A\n|rated|\n|rule|Species Clause: Limit one of each Pok\u00e9mon\n|rule|Item Clause: Limit 1 of each item\n|clearpoke\n|poke|p1|Froslass, L50, F|\n|poke|p1|Ninetales-Alola, L50, M|\n|poke|p1|Rotom-Wash, L50|\n|poke|p1|Kommo-o, L50, F|\n|poke|p1|Aerodactyl, L50, M|\n|poke|p1|Greninja, L50, M|\n|poke|p2|Gallade, L50, M|\n|poke|p2|Heliolisk, L50, M|\n|poke|p2|Empoleon, L50, F|\n|poke|p2|Incineroar, L50, F|\n|poke|p2|Sinistcha, L50|\n|poke|p2|Altaria, L50, F|\n|teampreview|4\nMilchgruetze rejected open team sheets.\n|inactive|Battle timer is ON: inactive players will automatically lose when time's up. (requested by penetano)\n|inactive|Milchgruetze has 60 seconds left.\n|inactive|Milchgruetze has 30 seconds left.\n|inactive|Milchgruetze has 20 seconds left.\n|inactive|Milchgruetze has 15 seconds left.\n|inactive|Milchgruetze has 10 seconds left.\n|inactive|Milchgruetze has 5 seconds left.\n|\n|t:|1776674788\n|teamsize|p1|4\n|teamsize|p2|4\n|start\n|switch|p1a: Froslass|Froslass, L50, F|100/100\n|switch|p1b: Rotom|Rotom-Wash, L50|100/100\n|switch|p2a: Incineroar|Incineroar, L50, F|100/100\n|switch|p2b: Heliolisk|Heliolisk, L50, M|100/100\n|-ability|p2a: Incineroar|Intimidate|boost\n|-unboost|p1a: Froslass|atk|1\n|-unboost|p1b: Rotom|atk|1\n|turn|1\n|\n|t:|1776674802\n|detailschange|p1a: Froslass|Froslass-Mega, L50, F\n|-mega|p1a: Froslass|Froslass|Froslassite\n|-weather|Snowscape|[from] ability: Snow Warning|[of] p1a: Froslass\n|move|p1b: Rotom|Protect|p1b: Rotom\n|-singleturn|p1b: Rotom|Protect\n|move|p2a: Incineroar|Fake Out|p1b: Rotom\n|-activate|p1b: Rotom|move: Protect\n|move|p2b: Heliolisk|Rain Dance|p2b: Heliolisk\n|-weather|RainDance\n|move|p1a: Froslass|Aurora Veil||[still]\n|-fail|p1a: Froslass\n|\n|-weather|RainDance|[upkeep]\n|upkeep\n|turn|2\n|inactive|Milchgruetze has 30 seconds left.\n|\n|t:|1776674832\n|move|p1a: Froslass|Protect|p1a: Froslass\n|-singleturn|p1a: Froslass|Protect\n|move|p2b: Heliolisk|Electroweb|p1a: Froslass|[spread] \n|-activate|p1a: Froslass|move: Protect\n|-miss|p2b: Heliolisk|p1b: Rotom\n|move|p1b: Rotom|Hydro Pump|p2a: Incineroar|[miss]\n|-miss|p1b: Rotom|p2a: Incineroar\n|move|p2a: Incineroar|Parting Shot|p1b: Rotom\n|-unboost|p1b: Rotom|atk|1\n|-unboost|p1b: Rotom|spa|1\n|\n|t:|1776674847\n|switch|p2a: Empoleon|Empoleon, L50, F|100/100|[from] Parting Shot\n|\n|-weather|RainDance|[upkeep]\n|upkeep\n|turn|3\n|\n|t:|1776674864\n|switch|p1a: Kommo-o|Kommo-o, L50, F|100/100\n|move|p2b: Heliolisk|Electroweb|p1a: Kommo-o|[spread] p1a,p1b\n|-resisted|p1a: Kommo-o|1\n|-damage|p1a: Kommo-o|89/100\n|-damage|p1b: Rotom|77/100\n|-unboost|p1a: Kommo-o|spe|1\n|-unboost|p1b: Rotom|spe|1\n|move|p1b: Rotom|Volt Switch|p2a: Empoleon\n|-supereffective|p2a: Empoleon|1\n|-damage|p2a: Empoleon|50/100\n|\n|t:|1776674873\n|switch|p1b: Froslass|Froslass-Mega, L50, F|100/100|[from] Volt Switch\n|-weather|Snowscape|[from] ability: Snow Warning|[of] p1b: Froslass\n|move|p2a: Empoleon|Surf|p1a: Kommo-o|[spread] p1a,p1b\n|-immune|p2b: Heliolisk|[from] ability: Dry Skin\n|-resisted|p1a: Kommo-o|1\n|-damage|p1a: Kommo-o|68/100\n|-damage|p1b: Froslass|47/100\n|\n|-weather|Snowscape|[upkeep]\n|upkeep\n|turn|4\n|\n|t:|1776674892\n|move|p2a: Empoleon|Protect|p2a: Empoleon\n|-singleturn|p2a: Empoleon|Protect\n|move|p2b: Heliolisk|Rain Dance|p2b: Heliolisk\n|-weather|RainDance\n|move|p1b: Froslass|Blizzard|p2b: Heliolisk|[spread] \n|-activate|p2a: Empoleon|move: Protect\n|-miss|p1b: Froslass|p2b: Heliolisk\n|move|p1a: Kommo-o|Aura Sphere|p2b: Heliolisk\n|-supereffective|p2b: Heliolisk|1\n|-damage|p2b: Heliolisk|10/100\n|-heal|p1a: Kommo-o|77/100|[from] item: Shell Bell|[of] p2b: Heliolisk\n|\n|-weather|RainDance|[upkeep]\n|-heal|p2b: Heliolisk|22/100|[from] ability: Dry Skin\n|upkeep\n|turn|5\n|inactive|Milchgruetze has 30 seconds left.\n|\n|t:|1776674920\n|switch|p1b: Rotom|Rotom-Wash, L50|77/100\n|move|p2b: Heliolisk|Electroweb|p1b: Rotom|[spread] p1a,p1b\n|-resisted|p1a: Kommo-o|1\n|-damage|p1a: Kommo-o|66/100\n|-damage|p1b: Rotom|53/100\n|-unboost|p1a: Kommo-o|spe|1\n|-unboost|p1b: Rotom|spe|1\n|move|p2a: Empoleon|Surf|p1b: Rotom|[spread] p1a,p1b\n|-heal|p2b: Heliolisk|47/100|[from] ability: Dry Skin|[of] p2a: Empoleon\n|-resisted|p1a: Kommo-o|1\n|-resisted|p1b: Rotom|1\n|-damage|p1a: Kommo-o|28/100\n|-damage|p1b: Rotom|14/100\n|-enditem|p1b: Rotom|Sitrus Berry|[eat]\n|-heal|p1b: Rotom|38/100|[from] item: Sitrus Berry\n|move|p1a: Kommo-o|Clangorous Soul||[still]\n|-fail|p1a: Kommo-o\n|\n|-weather|RainDance|[upkeep]\n|-heal|p2b: Heliolisk|59/100|[from] ability: Dry Skin\n|upkeep\n|turn|6\n|inactive|penetano has 30 seconds left.\n|inactive|Milchgruetze has 30 seconds left.\n|inactive|Milchgruetze has 20 seconds left.\n|\n|t:|1776674957\n|switch|p1a: Froslass|Froslass-Mega, L50, F|47/100\n|-weather|Snowscape|[from] ability: Snow Warning|[of] p1a: Froslass\n|move|p2b: Heliolisk|Volt Switch|p1b: Rotom\n|-damage|p1b: Rotom|0 fnt\n|faint|p1b: Rotom\n|\n|t:|1776674976\n|switch|p2b: Incineroar|Incineroar, L50, F|100/100|[from] Volt Switch\n|-ability|p2b: Incineroar|Intimidate|boost\n|-unboost|p1a: Froslass|atk|1\n|move|p2a: Empoleon|Flash Cannon|p1a: Froslass\n|-supereffective|p1a: Froslass|1\n|-damage|p1a: Froslass|0 fnt\n|faint|p1a: Froslass\n|\n|-weather|Snowscape|[upkeep]\n|upkeep\n|\n|t:|1776674981\n|switch|p1a: Kommo-o|Kommo-o, L50, F|28/100\n|switch|p1b: Aerodactyl|Aerodactyl, L50, M|100/100\n|turn|7\n|inactive|Milchgruetze has 30 seconds left.\n|\n|t:|1776675015\n|move|p1b: Aerodactyl|Protect|p1b: Aerodactyl\n|-singleturn|p1b: Aerodactyl|Protect\n|move|p1a: Kommo-o|Protect|p1a: Kommo-o\n|-singleturn|p1a: Kommo-o|Protect\n|move|p2b: Incineroar|Fake Out|p1a: Kommo-o\n|-activate|p1a: Kommo-o|move: Protect\n|move|p2a: Empoleon|Surf|p1a: Kommo-o|[spread] p2b\n|-activate|p1a: Kommo-o|move: Protect\n|-activate|p1b: Aerodactyl|move: Protect\n|-supereffective|p2b: Incineroar|1\n|-damage|p2b: Incineroar|23/100\n|-enditem|p2b: Incineroar|Sitrus Berry|[eat]\n|-heal|p2b: Incineroar|48/100|[from] item: Sitrus Berry\n|\n|-weather|Snowscape|[upkeep]\n|upkeep\n|turn|8\n|inactive|Milchgruetze has 30 seconds left.\n|inactive|penetano has 30 seconds left.\n|inactive|Milchgruetze has 20 seconds left.\n|inactive|Milchgruetze has 15 seconds left.\n|\n|t:|1776675058\n|move|p2a: Empoleon|Protect|p2a: Empoleon\n|-singleturn|p2a: Empoleon|Protect\n|move|p1b: Aerodactyl|Rock Slide|p2a: Empoleon|[spread] p2b\n|-activate|p2a: Empoleon|move: Protect\n|-supereffective|p2b: Incineroar|1\n|-damage|p2b: Incineroar|9/100\n|move|p1a: Kommo-o|Aura Sphere|p2a: Empoleon\n|-activate|p2a: Empoleon|move: Protect\n|move|p2b: Incineroar|Parting Shot|p1b: Aerodactyl\n|-unboost|p1b: Aerodactyl|atk|1\n|-unboost|p1b: Aerodactyl|spa|1\n|\n|t:|1776675073\n|switch|p2b: Heliolisk|Heliolisk, L50, M|59/100|[from] Parting Shot\n|\n|-weather|Snowscape|[upkeep]\n|upkeep\n|turn|9\n|inactive|Milchgruetze has 30 seconds left.\n|\n|t:|1776675102\n|switch|p2a: Gallade|Gallade, L50, M|100/100\n|move|p1b: Aerodactyl|Tailwind|p1b: Aerodactyl\n|-sidestart|p1: penetano|move: Tailwind\n|move|p1a: Kommo-o|Aura Sphere|p2a: Gallade\n|-resisted|p2a: Gallade|1\n|-damage|p2a: Gallade|84/100\n|-heal|p1a: Kommo-o|30/100|[from] item: Shell Bell|[of] p2a: Gallade\n|move|p2b: Heliolisk|Weather Ball|p1a: Kommo-o\n|-supereffective|p1a: Kommo-o|1\n|-damage|p1a: Kommo-o|0 fnt\n|faint|p1a: Kommo-o\n|\n|-weather|Snowscape|[upkeep]\n|upkeep\n|turn|10\n|inactive|Milchgruetze has 30 seconds left.\n|\n|t:|1776675134\n|detailschange|p2a: Gallade|Gallade-Mega, L50, M\n|-mega|p2a: Gallade|Gallade|Galladite\n|move|p1b: Aerodactyl|Dual Wingbeat|p2a: Gallade\n|-supereffective|p2a: Gallade|1\n|-damage|p2a: Gallade|50/100\n|-supereffective|p2a: Gallade|1\n|-damage|p2a: Gallade|21/100\n|-hitcount|p2a: Gallade|2\n|move|p2b: Heliolisk|Volt Switch|p1b: Aerodactyl\n|-supereffective|p1b: Aerodactyl|1\n|-damage|p1b: Aerodactyl|14/100\n|\n|t:|1776675148\n|switch|p2b: Empoleon|Empoleon, L50, F|50/100|[from] Volt Switch\n|move|p2a: Gallade|Trick Room|p2a: Gallade\n|-fieldstart|move: Trick Room|[of] p2a: Gallade\n|\n|-weather|none\n|upkeep\n|turn|11\n|-message|penetano forfeited.\n|\n|win|Milchgruetze\n|raw|penetano's rating: 1063 &rarr; <strong>1040</strong><br />(-23 for losing)\n|raw|Milchgruetze's rating: 1000 &rarr; <strong>1047</strong><br />(+47 for winning)\n|l|\u2606penetano\n|player|p1|\n",
  "uploadtime": 1776675181,
  "views": 11,
  "formatid": "gen9championsvgc2026regma",
  "rating": 1040,
  "private": 0,
  "password": null
}