{
  "id": "gen9championsvgc2026regma-2586755516",
  "format": "[Gen 9 Champions] VGC 2026 Reg M-A",
  "players": [
    "RandomGuyInSchool",
    "09090909sarah"
  ],
  "log": "|j|\u2606RandomGuyInSchool\n|j|\u260609090909sarah\n|t:|1776457366\n|gametype|doubles\n|player|p1|RandomGuyInSchool|schoolkid-gen4|1119\n|player|p2|09090909sarah|skyla|1210\n|gen|9\n|tier|[Gen 9 Champions] VGC 2026 Reg M-A\n|rated|\n|rule|Species Clause: Limit one of each Pok\u00e9mon\n|rule|Item Clause: Limit 1 of each item\n|clearpoke\n|poke|p1|Kangaskhan, L50, F|\n|poke|p1|Sinistcha, L50|\n|poke|p1|Sneasler, L50, M|\n|poke|p1|Talonflame, L50, F|\n|poke|p1|Corviknight, L50, F|\n|poke|p1|Primarina, L50, F|\n|poke|p2|Aerodactyl, L50, M|\n|poke|p2|Garchomp, L50, F|\n|poke|p2|Sinistcha, L50|\n|poke|p2|Snorlax, L50, F|\n|poke|p2|Blastoise, L50, M|\n|poke|p2|Tinkaton, L50, F|\n|teampreview|4\n|inactive|Battle timer is ON: inactive players will automatically lose when time's up. (requested by RandomGuyInSchool)\nRandomGuyInSchool rejected open team sheets.\n|inactive|RandomGuyInSchool has 60 seconds left.\n|inactive|RandomGuyInSchool has 30 seconds left.\n|\n|t:|1776457431\n|teamsize|p1|4\n|teamsize|p2|4\n|start\n|switch|p1a: Sneasler|Sneasler, L50, M|100/100\n|switch|p1b: Kangaskhan|Kangaskhan, L50, F|100/100\n|switch|p2a: Blastoise|Blastoise, L50, M|100/100\n|switch|p2b: Aerodactyl|Aerodactyl, L50, M|100/100\n|-ability|p2b: Aerodactyl|Unnerve\n|turn|1\n|inactive|RandomGuyInSchool has 30 seconds left.\n|inactive|RandomGuyInSchool has 20 seconds left.\n|\n|t:|1776457468\n|detailschange|p1b: Kangaskhan|Kangaskhan-Mega, L50, F\n|-mega|p1b: Kangaskhan|Kangaskhan|Kangaskhanite\n|move|p2b: Aerodactyl|Protect|p2b: Aerodactyl\n|-singleturn|p2b: Aerodactyl|Protect\n|move|p1b: Kangaskhan|Fake Out|p2a: Blastoise\n|-damage|p2a: Blastoise|79/100\n|-damage|p2a: Blastoise|73/100\n|-hitcount|p2a: Blastoise|2\n|move|p1a: Sneasler|Coaching|p1b: Kangaskhan\n|-boost|p1b: Kangaskhan|atk|1\n|-boost|p1b: Kangaskhan|def|1\n|cant|p2a: Blastoise|flinch\n|\n|upkeep\n|turn|2\n|c|\u260609090909sarah|Serious bro?\n|inactive|RandomGuyInSchool has 30 seconds left.\n|inactive|09090909sarah has 30 seconds left.\n|c|\u2606RandomGuyInSchool|what\n|inactive|RandomGuyInSchool has 20 seconds left.\n|inactive|09090909sarah has 20 seconds left.\n|inactive|RandomGuyInSchool has 15 seconds left.\n|inactive|09090909sarah has 15 seconds left.\n|inactive|RandomGuyInSchool has 10 seconds left.\n|inactive|RandomGuyInSchool has 5 seconds left.\n|\n|t:|1776457520\n|switch|p2a: Sinistcha|Sinistcha, L50|100/100\n|move|p1b: Kangaskhan|Sucker Punch||[still]\n|-fail|p1b: Kangaskhan\n|move|p2b: Aerodactyl|Dual Wingbeat|p1a: Sneasler\n|-supereffective|p1a: Sneasler|1\n|-damage|p1a: Sneasler|46/100\n|-supereffective|p1a: Sneasler|1\n|-damage|p1a: Sneasler|0 fnt\n|faint|p1a: Sneasler\n|-hitcount|p1: Sneasler|2\n|\n|upkeep\n|\n|t:|1776457533\n|switch|p1a: Corviknight|Corviknight, L50, F|100/100\n|turn|3\n|c|\u260609090909sarah|Dual wingbeat on Sneasler\n|c|\u260609090909sarah|...\n|c|\u2606RandomGuyInSchool|double fake out\n|inactive|09090909sarah has 30 seconds left.\n|inactive|09090909sarah has 20 seconds left.\n|\n|t:|1776457572\n|move|p1b: Kangaskhan|Protect|p1b: Kangaskhan\n|-singleturn|p1b: Kangaskhan|Protect\n|move|p2b: Aerodactyl|Tailwind|p2b: Aerodactyl\n|-sidestart|p2: 09090909sarah|move: Tailwind\n|move|p2a: Sinistcha|Matcha Gotcha|p1a: Corviknight|[spread] p1a\n|-activate|p1b: Kangaskhan|move: Protect\n|-resisted|p1a: Corviknight|2\n|-damage|p1a: Corviknight|95/100\n|move|p1a: Corviknight|Brave Bird|p2a: Sinistcha\n|-supereffective|p2a: Sinistcha|1\n|-damage|p2a: Sinistcha|47/100\n|-damage|p1a: Corviknight|77/100|[from] Recoil\n|\n|-heal|p1a: Corviknight|83/100|[from] item: Leftovers\n|upkeep\n|turn|4\n|inactive|RandomGuyInSchool has 30 seconds left.\n|inactive|09090909sarah has 30 seconds left.\n|inactive|09090909sarah has 20 seconds left.\n|inactive|09090909sarah has 15 seconds left.\n|inactive|09090909sarah has 10 seconds left.\n|\n|t:|1776457619\n|move|p1b: Kangaskhan|Sucker Punch|p2b: Aerodactyl\n|-damage|p2b: Aerodactyl|49/100\n|-damage|p2b: Aerodactyl|37/100\n|-hitcount|p2b: Aerodactyl|2\n|move|p2b: Aerodactyl|Rock Slide|p1b: Kangaskhan|[spread] p1a,p1b\n|-damage|p1a: Corviknight|67/100\n|-damage|p1b: Kangaskhan|87/100\n|move|p2a: Sinistcha|Matcha Gotcha|p1a: Corviknight|[spread] p1a,p1b\n|-resisted|p1a: Corviknight|2\n|-damage|p1a: Corviknight|63/100\n|-heal|p2a: Sinistcha|49/100|[from] drain|[of] p1a: Corviknight\n|-damage|p1b: Kangaskhan|68/100\n|-heal|p2a: Sinistcha|60/100|[from] drain|[of] p1b: Kangaskhan\n|move|p1a: Corviknight|Brave Bird|p2a: Sinistcha\n|-supereffective|p2a: Sinistcha|1\n|-damage|p2a: Sinistcha|9/100\n|-damage|p1a: Corviknight|46/100|[from] Recoil\n|\n|-heal|p1a: Corviknight|51/100|[from] item: Leftovers\n|upkeep\n|turn|5\n|inactive|RandomGuyInSchool has 30 seconds left.\n|inactive|09090909sarah has 30 seconds left.\n|\n|t:|1776457655\n|switch|p2b: Blastoise|Blastoise, L50, M|73/100\n|switch|p2a: Tinkaton|Tinkaton, L50, F|100/100\n|-ability|p2a: Tinkaton|Mold Breaker\n|move|p1b: Kangaskhan|Protect|p1b: Kangaskhan\n|-singleturn|p1b: Kangaskhan|Protect\n|move|p1a: Corviknight|Brave Bird|p2a: Tinkaton\n|-resisted|p2a: Tinkaton|1\n|-damage|p2a: Tinkaton|78/100\n|-damage|p1a: Corviknight|44/100|[from] Recoil\n|\n|-heal|p1a: Corviknight|50/100|[from] item: Leftovers\n|upkeep\n|turn|6\n|inactive|09090909sarah has 30 seconds left.\n|\n|t:|1776457683\n|switch|p1a: Sinistcha|Sinistcha, L50|100/100\n|-heal|p1b: Kangaskhan|93/100|[from] ability: Hospitality|[of] p1a: Sinistcha\n|detailschange|p2b: Blastoise|Blastoise-Mega, L50, M\n|-mega|p2b: Blastoise|Blastoise|Blastoisinite\n|move|p2a: Tinkaton|Fake Out|p1b: Kangaskhan\n|-crit|p1b: Kangaskhan\n|-damage|p1b: Kangaskhan|82/100\n|cant|p1b: Kangaskhan|flinch\n|move|p2b: Blastoise|Water Spout|p1b: Kangaskhan|[spread] p1a,p1b\n|-resisted|p1a: Sinistcha|1\n|-damage|p1a: Sinistcha|79/100\n|-damage|p1b: Kangaskhan|39/100\n|\n|-sideend|p2: 09090909sarah|move: Tailwind\n|upkeep\n|turn|7\n|inactive|RandomGuyInSchool has 30 seconds left.\n|inactive|09090909sarah has 30 seconds left.\n|inactive|RandomGuyInSchool has 20 seconds left.\n|inactive|RandomGuyInSchool has 15 seconds left.\n|inactive|09090909sarah has 20 seconds left.\n|inactive|RandomGuyInSchool has 10 seconds left.\n|inactive|09090909sarah has 15 seconds left.\n|\n|t:|1776457731\n|switch|p2b: Sinistcha|Sinistcha, L50|9/100\n|-heal|p2a: Tinkaton|100/100|[from] ability: Hospitality|[of] p2b: Sinistcha\n|move|p1b: Kangaskhan|Protect|p1b: Kangaskhan\n|-singleturn|p1b: Kangaskhan|Protect\n|move|p2a: Tinkaton|Gigaton Hammer|p1a: Sinistcha\n|-damage|p1a: Sinistcha|34/100\n|move|p1a: Sinistcha|Strength Sap|p2a: Tinkaton\n|-unboost|p2a: Tinkaton|atk|1\n|-heal|p1a: Sinistcha|94/100\n|\n|upkeep\n|turn|8\n|inactive|RandomGuyInSchool has 30 seconds left.\n|\n|t:|1776457758\n|move|p2a: Tinkaton|Helping Hand|p2b: Sinistcha\n|-singleturn|p2b: Sinistcha|Helping Hand|[of] p2a: Tinkaton\n|move|p1a: Sinistcha|Rage Powder|p1a: Sinistcha\n|-singleturn|p1a: Sinistcha|move: Rage Powder\n|move|p1b: Kangaskhan|Double-Edge|p2a: Tinkaton\n|-resisted|p2a: Tinkaton|1\n|-damage|p2a: Tinkaton|46/100\n|-resisted|p2a: Tinkaton|1\n|-crit|p2a: Tinkaton\n|-damage|p2a: Tinkaton|28/100\n|-hitcount|p2a: Tinkaton|2\n|-damage|p1b: Kangaskhan|18/100|[from] Recoil\n|move|p2b: Sinistcha|Matcha Gotcha|p1b: Kangaskhan|[spread] p1a,p1b\n|-resisted|p1a: Sinistcha|1\n|-damage|p1a: Sinistcha|79/100\n|-heal|p2b: Sinistcha|17/100|[from] drain|[of] p1a: Sinistcha\n|-damage|p1b: Kangaskhan|0 fnt\n|-heal|p2b: Sinistcha|27/100|[from] drain|[of] p1b: Kangaskhan\n|faint|p1b: Kangaskhan\n|\n|upkeep\n|\n|t:|1776457766\n|switch|p1b: Corviknight|Corviknight, L50, F|50/100\n|turn|9\n|inactive|09090909sarah has 30 seconds left.\n|\n|t:|1776457801\n|switch|p2a: Aerodactyl|Aerodactyl, L50, M|37/100\n|-ability|p2a: Aerodactyl|Unnerve\n|move|p2b: Sinistcha|Protect|p2b: Sinistcha\n|-singleturn|p2b: Sinistcha|Protect\n|move|p1b: Corviknight|Roost|p1b: Corviknight\n|-heal|p1b: Corviknight|99/100\n|-singleturn|p1b: Corviknight|move: Roost\n|move|p1a: Sinistcha|Trick Room|p1a: Sinistcha\n|-fieldstart|move: Trick Room|[of] p1a: Sinistcha\n|\n|-heal|p1b: Corviknight|100/100|[from] item: Leftovers\n|upkeep\n|turn|10\n|inactive|09090909sarah has 30 seconds left.\n|\n|t:|1776457828\n|switch|p2b: Tinkaton|Tinkaton, L50, F|28/100\n|-ability|p2b: Tinkaton|Mold Breaker\n|move|p1a: Sinistcha|Strength Sap|p2a: Aerodactyl\n|-unboost|p2a: Aerodactyl|atk|1\n|-heal|p1a: Sinistcha|100/100\n|move|p1b: Corviknight|Brave Bird|p2b: Tinkaton\n|-resisted|p2b: Tinkaton|1\n|-damage|p2b: Tinkaton|5/100\n|-damage|p1b: Corviknight|92/100|[from] Recoil\n|move|p2a: Aerodactyl|Dual Wingbeat|p1a: Sinistcha\n|-supereffective|p1a: Sinistcha|1\n|-damage|p1a: Sinistcha|79/100\n|-supereffective|p1a: Sinistcha|1\n|-damage|p1a: Sinistcha|58/100\n|-hitcount|p1a: Sinistcha|2\n|\n|-heal|p1b: Corviknight|98/100|[from] item: Leftovers\n|upkeep\n|turn|11\n|inactive|RandomGuyInSchool has 30 seconds left.\n|inactive|09090909sarah has 30 seconds left.\n|\n|t:|1776457857\n|move|p2b: Tinkaton|Fake Out|p1b: Corviknight\n|-resisted|p1b: Corviknight|1\n|-damage|p1b: Corviknight|95/100\n|move|p1a: Sinistcha|Strength Sap|p2a: Aerodactyl\n|-unboost|p2a: Aerodactyl|atk|1\n|-heal|p1a: Sinistcha|100/100\n|cant|p1b: Corviknight|flinch\n|move|p2a: Aerodactyl|Dual Wingbeat|p1a: Sinistcha\n|-supereffective|p1a: Sinistcha|1\n|-damage|p1a: Sinistcha|86/100\n|-supereffective|p1a: Sinistcha|1\n|-damage|p1a: Sinistcha|69/100\n|-hitcount|p1a: Sinistcha|2\n|\n|-heal|p1b: Corviknight|100/100|[from] item: Leftovers\n|upkeep\n|turn|12\n|inactive|09090909sarah has 30 seconds left.\n|inactive|RandomGuyInSchool has 30 seconds left.\n|inactive|09090909sarah has 20 seconds left.\n|inactive|09090909sarah has 15 seconds left.\n|inactive|09090909sarah has 10 seconds left.\n|\n|t:|1776457902\n|switch|p2a: Blastoise|Blastoise-Mega, L50, M|73/100\n|move|p1a: Sinistcha|Strength Sap|p2a: Blastoise\n|-unboost|p2a: Blastoise|atk|1\n|-heal|p1a: Sinistcha|100/100\n|move|p1b: Corviknight|Brave Bird|p2b: Tinkaton\n|-resisted|p2b: Tinkaton|1\n|-damage|p2b: Tinkaton|0 fnt\n|faint|p2b: Tinkaton\n|-damage|p1b: Corviknight|99/100|[from] Recoil\n|\n|-heal|p1b: Corviknight|100/100|[from] item: Leftovers\n|upkeep\n|\n|t:|1776457915\n|switch|p2b: Aerodactyl|Aerodactyl, L50, M|37/100\n|-ability|p2b: Aerodactyl|Unnerve\n|turn|13\n|\n|t:|1776457939\n|move|p2a: Blastoise|Protect|p2a: Blastoise\n|-singleturn|p2a: Blastoise|Protect\n|move|p2b: Aerodactyl|Protect|p2b: Aerodactyl\n|-singleturn|p2b: Aerodactyl|Protect\n|move|p1a: Sinistcha|Matcha Gotcha|p2a: Blastoise|[spread] \n|-activate|p2a: Blastoise|move: Protect\n|-activate|p2b: Aerodactyl|move: Protect\n|move|p1b: Corviknight|Body Press|p2b: Aerodactyl\n|-activate|p2b: Aerodactyl|move: Protect\n|\n|-fieldend|move: Trick Room\n|upkeep\n|turn|14\n|inactive|09090909sarah has 30 seconds left.\n|inactive|09090909sarah has 20 seconds left.\n|inactive|RandomGuyInSchool has 30 seconds left.\n|inactive|09090909sarah has 15 seconds left.\n|inactive|09090909sarah has 10 seconds left.\n|inactive|RandomGuyInSchool has 20 seconds left.\n|inactive|RandomGuyInSchool has 15 seconds left.\n|\n|t:|1776457982\n|move|p2b: Aerodactyl|Dual Wingbeat|p1a: Sinistcha|[miss]\n|-miss|p2b: Aerodactyl|p1a: Sinistcha\n|move|p2a: Blastoise|Water Spout|p1b: Corviknight|[spread] p1a,p1b\n|-resisted|p1a: Sinistcha|1\n|-crit|p1b: Corviknight\n|-damage|p1a: Sinistcha|80/100\n|-damage|p1b: Corviknight|31/100\n|move|p1b: Corviknight|Body Press|p2a: Blastoise\n|-damage|p2a: Blastoise|47/100\n|move|p1a: Sinistcha|Matcha Gotcha|p2b: Aerodactyl|[spread] p2a,p2b\n|-supereffective|p2a: Blastoise|1\n|-damage|p2a: Blastoise|1/100\n|-heal|p1a: Sinistcha|100/100|[from] drain|[of] p2a: Blastoise\n|-damage|p2b: Aerodactyl|6/100\n|-status|p2a: Blastoise|brn\n|-status|p2b: Aerodactyl|brn\n|\n|-heal|p1b: Corviknight|37/100|[from] item: Leftovers\n|-damage|p2b: Aerodactyl|0 fnt|[from] brn\n|faint|p2b: Aerodactyl\n|-damage|p2a: Blastoise|0 fnt|[from] brn\n|faint|p2a: Blastoise\n|upkeep\n|inactive|09090909sarah has 10 seconds left this turn.\n|inactive|09090909sarah has 5 seconds left.\n|-message|09090909sarah lost due to inactivity.\n|\n|win|RandomGuyInSchool\n|raw|RandomGuyInSchool's rating: 1119 &rarr; <strong>1150</strong><br />(+31 for winning)\n|raw|09090909sarah's rating: 1210 &rarr; <strong>1179</strong><br />(-31 for losing)\n|c|\u2606RandomGuyInSchool|ggwp\n|c|\u260609090909sarah|What?\n|c|\u260609090909sarah|But I have sinistcha\n|c|\u2606RandomGuyInSchool|Brave bird\n|c|\u2606RandomGuyInSchool|i still would have won\n|c|\u260609090909sarah|Yes but...\n|c|\u260609090909sarah|I have sinistcha\n|c|\u2606RandomGuyInSchool|and i have corv\n|c|\u260609090909sarah|If you miss for bright powder?\n|c|\u260609090909sarah|Nono\n|c|\u2606RandomGuyInSchool|are you bright powder\n|c|\u260609090909sarah|This is not fair\n|l|\u260609090909sarah\n|player|p2|\n|c|\u2606RandomGuyInSchool|wanna rematch\n",
  "uploadtime": 1776458008,
  "views": 30,
  "formatid": "gen9championsvgc2026regma",
  "rating": 1150,
  "private": 0,
  "password": null
}