{
  "id": "gen9championsvgc2026regma-2580856662",
  "format": "[Gen 9 Champions] VGC 2026 Reg M-A",
  "players": [
    "ghost_ew",
    "avilaisaac81507"
  ],
  "log": "|j|\u2606ghost_ew\n|j|\u203davilaisaac81507\n|t:|1775938129\n|gametype|doubles\n|player|p1|ghost_ew|101|1000\n|player|p2|avilaisaac81507|1|1000\n|gen|9\n|tier|[Gen 9 Champions] VGC 2026 Reg M-A\n|rated|\n|rule|Species Clause: Limit one of each Pok\u00e9mon\n|rule|Item Clause: Limit 1 of each item\n|clearpoke\n|poke|p1|Pelipper, L50, F|\n|poke|p1|Basculegion, L50, M|\n|poke|p1|Archaludon, L50, M|\n|poke|p1|Incineroar, L50, M|\n|poke|p1|Sinistcha, L50|\n|poke|p1|Kangaskhan, L50, F|\n|poke|p2|Meganium, L50, F|\n|poke|p2|Pelipper, L50, M|\n|poke|p2|Archaludon, L50, M|\n|poke|p2|Politoed, L50, M|\n|teampreview|4\n|inactive|Battle timer is ON: inactive players will automatically lose when time's up. (requested by avilaisaac81507)\nghost_ew has agreed to open team sheets.\n|\n|t:|1775938178\n|teamsize|p1|4\n|teamsize|p2|4\n|start\n|switch|p1a: Archaludon|Archaludon, L50, M|100/100\n|switch|p1b: Pelipper|Pelipper, L50, F|100/100\n|switch|p2a: Politoed|Politoed, L50, M|100/100\n|switch|p2b: Archaludon|Archaludon, L50, M|100/100\n|-weather|RainDance|[from] ability: Drizzle|[of] p1b: Pelipper\n|turn|1\n|inactive|ghost_ew has 30 seconds left.\n|\n|t:|1775938205\n|move|p1b: Pelipper|Protect|p1b: Pelipper\n|-singleturn|p1b: Pelipper|Protect\n|move|p2a: Politoed|Protect|p2a: Politoed\n|-singleturn|p2a: Politoed|Protect\n|move|p2b: Archaludon|Electro Shot||[still]\n|-prepare|p2b: Archaludon|Electro Shot\n|-boost|p2b: Archaludon|spa|1\n|-anim|p2b: Archaludon|Electro Shot|p1b: Pelipper\n|-activate|p1b: Pelipper|move: Protect\n|move|p1a: Archaludon|Electro Shot||[still]\n|-prepare|p1a: Archaludon|Electro Shot\n|-boost|p1a: Archaludon|spa|1\n|-anim|p1a: Archaludon|Electro Shot|p2a: Politoed\n|-activate|p2a: Politoed|move: Protect\n|\n|-weather|RainDance|[upkeep]\n|upkeep\n|turn|2\n|inactive|ghost_ew has 30 seconds left.\n|inactive|avilaisaac81507 has 30 seconds left.\n|\n|t:|1775938237\n|switch|p1b: Kangaskhan|Kangaskhan, L50, F|100/100\n|move|p1a: Archaludon|Electro Shot||[still]\n|-prepare|p1a: Archaludon|Electro Shot\n|-boost|p1a: Archaludon|spa|1\n|-anim|p1a: Archaludon|Electro Shot|p2a: Politoed\n|-supereffective|p2a: Politoed|1\n|-enditem|p2a: Politoed|Focus Sash\n|-damage|p2a: Politoed|1/100\n|move|p2b: Archaludon|Dragon Pulse|p1a: Archaludon\n|-damage|p1a: Archaludon|5/100\n|move|p2a: Politoed|Icy Wind|p1a: Archaludon|[spread] p1b\n|-miss|p2a: Politoed|p1a: Archaludon\n|-damage|p1b: Kangaskhan|91/100\n|-unboost|p1b: Kangaskhan|spe|1\n|\n|-weather|RainDance|[upkeep]\n|upkeep\n|turn|3\n|inactive|ghost_ew has 30 seconds left.\n|inactive|avilaisaac81507 has 30 seconds left.\n|inactive|ghost_ew has 20 seconds left.\n|inactive|avilaisaac81507 has 20 seconds left.\n|inactive|avilaisaac81507 has 15 seconds left.\n|inactive|avilaisaac81507 has 10 seconds left.\n|\n|t:|1775938284\n|detailschange|p1b: Kangaskhan|Kangaskhan-Mega, L50, F\n|-mega|p1b: Kangaskhan|Kangaskhan|Kangaskhanite\n|move|p2b: Archaludon|Electro Shot||[still]\n|-prepare|p2b: Archaludon|Electro Shot\n|-boost|p2b: Archaludon|spa|1\n|-anim|p2b: Archaludon|Electro Shot|p1b: Kangaskhan\n|-damage|p1b: Kangaskhan|25/100\n|move|p1a: Archaludon|Electro Shot||[still]\n|-prepare|p1a: Archaludon|Electro Shot\n|-boost|p1a: Archaludon|spa|1\n|-anim|p1a: Archaludon|Electro Shot|p2a: Politoed\n|-supereffective|p2a: Politoed|1\n|-damage|p2a: Politoed|0 fnt\n|faint|p2a: Politoed\n|move|p1b: Kangaskhan|Low Kick|p2b: Archaludon\n|-supereffective|p2b: Archaludon|1\n|-damage|p2b: Archaludon|47/100\n|-ability|p2b: Archaludon|Stamina|boost\n|-boost|p2b: Archaludon|def|1\n|-supereffective|p2b: Archaludon|1\n|-damage|p2b: Archaludon|40/100\n|-ability|p2b: Archaludon|Stamina|boost\n|-boost|p2b: Archaludon|def|1\n|-hitcount|p2b: Archaludon|2\n|\n|-weather|RainDance|[upkeep]\n|-heal|p2b: Archaludon|46/100|[from] item: Leftovers\n|upkeep\n|\n|t:|1775938295\n|switch|p2a: Meganium|Meganium, L50, F|100/100\n|turn|4\n|inactive|ghost_ew has 30 seconds left.\n|inactive|avilaisaac81507 has 30 seconds left.\n|inactive|ghost_ew has 20 seconds left.\n|inactive|ghost_ew has 15 seconds left.\n|inactive|ghost_ew has 10 seconds left.\n|\n|t:|1775938342\n|detailschange|p2a: Meganium|Meganium-Mega, L50, F\n|-mega|p2a: Meganium|Meganium|Meganiumite\n|move|p2b: Archaludon|Dragon Pulse|p1a: Archaludon\n|-crit|p1a: Archaludon\n|-damage|p1a: Archaludon|0 fnt\n|faint|p1a: Archaludon\n|move|p2a: Meganium|Synthesis|p2a: Meganium\n|-fail|p2a: Meganium|heal\n|move|p1b: Kangaskhan|Low Kick|p2b: Archaludon\n|-supereffective|p2b: Archaludon|1\n|-damage|p2b: Archaludon|19/100\n|-ability|p2b: Archaludon|Stamina|boost\n|-boost|p2b: Archaludon|def|1\n|-supereffective|p2b: Archaludon|1\n|-damage|p2b: Archaludon|14/100\n|-ability|p2b: Archaludon|Stamina|boost\n|-boost|p2b: Archaludon|def|1\n|-hitcount|p2b: Archaludon|2\n|\n|-weather|RainDance|[upkeep]\n|-heal|p2b: Archaludon|20/100|[from] item: Leftovers\n|upkeep\n|\n|t:|1775938358\n|switch|p1a: Incineroar|Incineroar, L50, M|100/100\n|-ability|p1a: Incineroar|Intimidate|boost\n|-unboost|p2a: Meganium|atk|1\n|-unboost|p2b: Archaludon|atk|1\n|turn|5\n|inactive|ghost_ew has 30 seconds left.\n|inactive|avilaisaac81507 has 30 seconds left.\n|inactive|avilaisaac81507 has 20 seconds left.\n|\n|t:|1775938395\n|move|p1a: Incineroar|Fake Out|p2a: Meganium\n|-damage|p2a: Meganium|91/100\n|move|p2b: Archaludon|Electro Shot||[still]\n|-prepare|p2b: Archaludon|Electro Shot\n|-boost|p2b: Archaludon|spa|1\n|-anim|p2b: Archaludon|Electro Shot|p1a: Incineroar\n|-damage|p1a: Incineroar|7/100\n|cant|p2a: Meganium|flinch\n|move|p1b: Kangaskhan|Low Kick|p2b: Archaludon\n|-supereffective|p2b: Archaludon|1\n|-damage|p2b: Archaludon|2/100\n|-ability|p2b: Archaludon|Stamina|boost\n|-boost|p2b: Archaludon|def|1\n|-supereffective|p2b: Archaludon|1\n|-damage|p2b: Archaludon|0 fnt\n|faint|p2b: Archaludon\n|-hitcount|p2: Archaludon|2\n|\n|-weather|none\n|upkeep\n|\n|t:|1775938403\n|switch|p2b: Pelipper|Pelipper, L50, M|100/100\n|-weather|RainDance|[from] ability: Drizzle|[of] p2b: Pelipper\n|turn|6\n|inactive|ghost_ew has 30 seconds left.\n|\n|t:|1775938436\n|move|p2a: Meganium|Earth Power|p1a: Incineroar\n|-supereffective|p1a: Incineroar|1\n|-damage|p1a: Incineroar|0 fnt\n|faint|p1a: Incineroar\n|move|p2b: Pelipper|Weather Ball|p1b: Kangaskhan\n|-damage|p1b: Kangaskhan|0 fnt\n|faint|p1b: Kangaskhan\n|\n|-weather|RainDance|[upkeep]\n|upkeep\n|\n|t:|1775938448\n|switch|p1b: Pelipper|Pelipper, L50, F|100/100\n|turn|7\n|\n|t:|1775938455\n|move|p1b: Pelipper|Hurricane|p2a: Meganium\n|-supereffective|p2a: Meganium|1\n|-damage|p2a: Meganium|10/100\n|-start|p2a: Meganium|confusion\n|-activate|p2a: Meganium|confusion\n|-damage|p2a: Meganium|5/100|[from] confusion\n|move|p2b: Pelipper|Hurricane|p1b: Pelipper\n|-damage|p1b: Pelipper|25/100\n|\n|-weather|RainDance|[upkeep]\n|upkeep\n|turn|8\n|\n|t:|1775938471\n|move|p1b: Pelipper|Hurricane|p2b: Pelipper\n|-damage|p2b: Pelipper|36/100\n|-activate|p2a: Meganium|confusion\n|move|p2a: Meganium|Synthesis|p2a: Meganium\n|-heal|p2a: Meganium|72/100\n|move|p2b: Pelipper|Hurricane|p1b: Pelipper\n|-damage|p1b: Pelipper|0 fnt\n|faint|p1b: Pelipper\n|\n|win|avilaisaac81507\n|raw|ghost_ew's rating: 1000 &rarr; <strong>1000</strong><br />(+0 for losing)\n|raw|avilaisaac81507's rating: 1000 &rarr; <strong>1040</strong><br />(+40 for winning)\n|l|\u2606ghost_ew\n|player|p1|\n",
  "uploadtime": 1775938484,
  "views": 12,
  "formatid": "gen9championsvgc2026regma",
  "rating": 1000,
  "private": 0,
  "password": null
}