{
  "id": "gen9championsvgc2026regma-2585944992",
  "format": "[Gen 9 Champions] VGC 2026 Reg M-A",
  "players": [
    "SangoTheGoat",
    "dem0n2011"
  ],
  "log": "|j|\u2606SangoTheGoat\n|j|\u203ddem0n2011\n|t:|1776383835\n|gametype|doubles\n|player|p1|SangoTheGoat|drayden|1105\n|player|p2|dem0n2011|benga|1120\n|gen|9\n|tier|[Gen 9 Champions] VGC 2026 Reg M-A\n|rated|\n|rule|Species Clause: Limit one of each Pok\u00e9mon\n|rule|Item Clause: Limit 1 of each item\n|clearpoke\n|poke|p1|Manectric, L50, M|\n|poke|p1|Rotom-Wash, L50|\n|poke|p1|Garchomp, L50, F|\n|poke|p1|Incineroar, L50, F|\n|poke|p1|Sinistcha, L50|\n|poke|p1|Milotic, L50, M|\n|poke|p2|Abomasnow, L50, M|\n|poke|p2|Farigiraf, L50, F|\n|poke|p2|Gyarados, L50, M|\n|poke|p2|Feraligatr, L50, M|\n|poke|p2|Sneasler, L50, F|\n|poke|p2|Kingambit, L50, M|\n|teampreview|4\n|inactive|Battle timer is ON: inactive players will automatically lose when time's up. (requested by SangoTheGoat)\n|inactive|dem0n2011 has 60 seconds left.\n|\n|t:|1776383867\n|teamsize|p1|4\n|teamsize|p2|4\n|start\n|switch|p1a: Manectric|Manectric, L50, M|100/100\n|switch|p1b: Rotom|Rotom-Wash, L50|100/100\n|switch|p2a: Farigiraf|Farigiraf, L50, F|100/100\n|switch|p2b: Abomasnow|Abomasnow, L50, M, shiny|100/100\n|-weather|Snowscape|[from] ability: Snow Warning|[of] p2b: Abomasnow\n|turn|1\n|inactive|SangoTheGoat has 30 seconds left.\n|\n|t:|1776383897\n|move|p2b: Abomasnow|Protect|p2b: Abomasnow\n|-singleturn|p2b: Abomasnow|Protect\n|move|p1b: Rotom|Trick|p2a: Farigiraf\n|-activate|p1b: Rotom|move: Trick|[of] p2a: Farigiraf\n|-item|p2a: Farigiraf|Choice Scarf|[from] move: Trick\n|-item|p1b: Rotom|Colbur Berry|[from] move: Trick\n|move|p1a: Manectric|Overheat|p2b: Abomasnow\n|-activate|p2b: Abomasnow|move: Protect\n|move|p2a: Farigiraf|Trick Room|p2a: Farigiraf\n|-fieldstart|move: Trick Room|[of] p2a: Farigiraf\n|\n|-weather|Snowscape|[upkeep]\n|upkeep\n|turn|2\n|inactive|SangoTheGoat has 30 seconds left.\n|inactive|dem0n2011 has 30 seconds left.\n|\n|t:|1776383928\n|switch|p2a: Kingambit|Kingambit, L50, M|100/100\n|detailschange|p2b: Abomasnow|Abomasnow-Mega, L50, M, shiny\n|-mega|p2b: Abomasnow|Abomasnow|Abomasite\n|move|p2b: Abomasnow|Earth Power|p1a: Manectric\n|-supereffective|p1a: Manectric|1\n|-damage|p1a: Manectric|0 fnt\n|faint|p1a: Manectric\n|move|p1b: Rotom|Discharge|p2a: Kingambit|[spread] p2a,p2b\n|-resisted|p2b: Abomasnow|1\n|-damage|p2a: Kingambit|73/100\n|-damage|p2b: Abomasnow|89/100\n|-status|p2b: Abomasnow|par\n|\n|-weather|Snowscape|[upkeep]\n|upkeep\n|\n|t:|1776383943\n|switch|p1a: Milotic|Milotic, L50, M|100/100\n|turn|3\n|\n|t:|1776383961\n|move|p2b: Abomasnow|Giga Drain|p1a: Milotic\n|-supereffective|p1a: Milotic|1\n|-damage|p1a: Milotic|41/100\n|-heal|p2b: Abomasnow|100/100 par|[from] drain|[of] p1a: Milotic\n|move|p2a: Kingambit|Kowtow Cleave|p1a: Milotic\n|-damage|p1a: Milotic|0 fnt\n|faint|p1a: Milotic\n|move|p1b: Rotom|Volt Switch|p2b: Abomasnow\n|-resisted|p2b: Abomasnow|1\n|-damage|p2b: Abomasnow|88/100 par\n|\n|t:|1776383969\n|switch|p1b: Garchomp|Garchomp, L50, F|100/100|[from] Volt Switch\n|\n|-weather|Snowscape|[upkeep]\n|upkeep\n|\n|t:|1776383970\n|switch|p1a: Rotom|Rotom-Wash, L50|100/100\n|turn|4\n|\n|t:|1776383976\n|move|p2a: Kingambit|Protect|p2a: Kingambit\n|-singleturn|p2a: Kingambit|Protect\n|move|p1b: Garchomp|Protect|p1b: Garchomp\n|-singleturn|p1b: Garchomp|Protect\n|move|p2b: Abomasnow|Blizzard|p1b: Garchomp|[spread] p1a\n|-activate|p1b: Garchomp|move: Protect\n|-resisted|p1a: Rotom|1\n|-damage|p1a: Rotom|69/100\n|move|p1a: Rotom|Discharge|p2a: Kingambit|[spread] p2b\n|-activate|p1b: Garchomp|move: Protect\n|-activate|p2a: Kingambit|move: Protect\n|-resisted|p2b: Abomasnow|1\n|-damage|p2b: Abomasnow|76/100 par\n|\n|-weather|Snowscape|[upkeep]\n|upkeep\n|turn|5\n|-message|SangoTheGoat forfeited.\n|\n|win|dem0n2011\n|raw|SangoTheGoat's rating: 1105 &rarr; <strong>1081</strong><br />(-24 for losing)\n|raw|dem0n2011's rating: 1120 &rarr; <strong>1144</strong><br />(+24 for winning)\n|l|\u2606SangoTheGoat\n|player|p1|\n",
  "uploadtime": 1776383989,
  "views": 14,
  "formatid": "gen9championsvgc2026regma",
  "rating": 1081,
  "private": 0,
  "password": null
}