{
  "id": "gen9championsvgc2026regma-2581149910",
  "format": "[Gen 9 Champions] VGC 2026 Reg M-A",
  "players": [
    "HappyW",
    "Rhicu"
  ],
  "log": "|j|\u2606HappyW\n|j|\u2606Rhicu\n|t:|1775964690\n|gametype|doubles\n|player|p1|HappyW|akari|1048\n|player|p2|Rhicu|benga|1116\n|gen|9\n|tier|[Gen 9 Champions] VGC 2026 Reg M-A\n|rated|\n|rule|Species Clause: Limit one of each Pok\u00e9mon\n|rule|Item Clause: Limit 1 of each item\n|clearpoke\n|poke|p1|Altaria, L50, M|\n|poke|p1|Sneasler, L50, M|\n|poke|p1|Delphox, L50, F|\n|poke|p1|Whimsicott, L50, M|\n|poke|p1|Rotom-Wash, L50|\n|poke|p1|Kingambit, L50, M|\n|poke|p2|Floette-Eternal, L50, F|\n|poke|p2|Whimsicott, L50, F|\n|poke|p2|Aerodactyl, L50, F|\n|poke|p2|Sinistcha-Masterpiece, L50|\n|poke|p2|Farigiraf, L50, F|\n|poke|p2|Arcanine, L50, F|\n|teampreview|4\n|inactive|Battle timer is ON: inactive players will automatically lose when time's up. (requested by HappyW)\n|inactive|HappyW has 60 seconds left.\n|inactive|Rhicu has 60 seconds left.\n|\n|t:|1775964746\n|teamsize|p1|4\n|teamsize|p2|4\n|start\n|switch|p1a: Kingambit|Kingambit, L50, M|100/100\n|switch|p1b: Rotom|Rotom-Wash, L50|100/100\n|switch|p2a: Whimsicott|Whimsicott, L50, F|100/100\n|switch|p2b: Aerodactyl|Aerodactyl, L50, F|100/100\n|-ability|p2b: Aerodactyl|Unnerve\n|turn|1\n|inactive|Rhicu has 30 seconds left.\n|\n|t:|1775964780\n|move|p2a: Whimsicott|Tailwind|p2a: Whimsicott\n|-sidestart|p2: Rhicu|move: Tailwind\n|move|p2b: Aerodactyl|Rock Slide|p1b: Rotom|[spread] p1a,p1b\n|-resisted|p1a: Kingambit|1\n|-damage|p1a: Kingambit|90/100\n|-damage|p1b: Rotom|74/100\n|move|p1b: Rotom|Thunderbolt|p2b: Aerodactyl\n|-supereffective|p2b: Aerodactyl|1\n|-enditem|p2b: Aerodactyl|Focus Sash\n|-damage|p2b: Aerodactyl|1/100\n|cant|p1a: Kingambit|flinch\n|\n|-heal|p1b: Rotom|80/100|[from] item: Leftovers\n|upkeep\n|turn|2\n|inactive|HappyW has 30 seconds left.\n|inactive|Rhicu has 30 seconds left.\n|inactive|Rhicu has 20 seconds left.\n|\n|t:|1775964820\n|move|p1b: Rotom|Protect|p1b: Rotom\n|-singleturn|p1b: Rotom|Protect\n|move|p2b: Aerodactyl|Stone Edge|p1b: Rotom\n|-activate|p1b: Rotom|move: Protect\n|move|p2a: Whimsicott|Moonblast|p1b: Rotom\n|-activate|p1b: Rotom|move: Protect\n|move|p1a: Kingambit|Iron Head|p2a: Whimsicott\n|-supereffective|p2a: Whimsicott|1\n|-damage|p2a: Whimsicott|0 fnt\n|faint|p2a: Whimsicott\n|\n|-heal|p1b: Rotom|86/100|[from] item: Leftovers\n|upkeep\n|\n|t:|1775964824\n|switch|p2a: Arcanine|Arcanine, L50, F|100/100\n|-ability|p2a: Arcanine|Intimidate|boost\n|-unboost|p1a: Kingambit|atk|1\n|-ability|p1a: Kingambit|Defiant|boost\n|-boost|p1a: Kingambit|atk|2\n|-unboost|p1b: Rotom|atk|1\n|turn|3\n|inactive|HappyW has 30 seconds left.\n|inactive|HappyW has 20 seconds left.\n|inactive|HappyW has 15 seconds left.\n|inactive|HappyW has 10 seconds left.\n|\n|t:|1775964871\n|move|p1a: Kingambit|Sucker Punch||[still]\n|-fail|p1a: Kingambit\n|move|p2b: Aerodactyl|Rock Slide|p1b: Rotom|[spread] p1a,p1b\n|-resisted|p1a: Kingambit|1\n|-crit|p1b: Rotom\n|-damage|p1a: Kingambit|79/100\n|-damage|p1b: Rotom|46/100\n|move|p2a: Arcanine|Will-O-Wisp|p1a: Kingambit\n|-status|p1a: Kingambit|brn\n|move|p1b: Rotom|Thunderbolt|p2b: Aerodactyl\n|-supereffective|p2b: Aerodactyl|1\n|-damage|p2b: Aerodactyl|0 fnt\n|faint|p2b: Aerodactyl\n|\n|-heal|p1b: Rotom|52/100|[from] item: Leftovers\n|-damage|p1a: Kingambit|73/100 brn|[from] brn\n|upkeep\n|\n|t:|1775964890\n|switch|p2b: Floette|Floette-Eternal, L50, F|100/100\n|turn|4\n|\n|t:|1775964903\n|detailschange|p2b: Floette|Floette-Mega, L50, F\n|-mega|p2b: Floette|Floette|Floettite\n|-ability|p2b: Floette|Fairy Aura\n|move|p1a: Kingambit|Protect|p1a: Kingambit\n|-singleturn|p1a: Kingambit|Protect\n|move|p2b: Floette|Dazzling Gleam|p1a: Kingambit|[spread] p1b\n|-activate|p1a: Kingambit|move: Protect\n|-damage|p1b: Rotom|0 fnt\n|faint|p1b: Rotom\n|move|p2a: Arcanine|Scorching Sands|p1a: Kingambit\n|-activate|p1a: Kingambit|move: Protect\n|\n|-damage|p1a: Kingambit|67/100 brn|[from] brn\n|-sideend|p2: Rhicu|move: Tailwind\n|upkeep\n|\n|t:|1775964915\n|switch|p1b: Delphox|Delphox, L50, F|100/100\n|turn|5\n|\n|t:|1775964929\n|detailschange|p1b: Delphox|Delphox-Mega, L50, F\n|-mega|p1b: Delphox|Delphox|Delphoxite\n|move|p1a: Kingambit|Sucker Punch|p2a: Arcanine\n|-damage|p2a: Arcanine|72/100\n|move|p1b: Delphox|Mystical Fire|p2b: Floette\n|-damage|p2b: Floette|60/100\n|-unboost|p2b: Floette|spa|1\n|move|p2b: Floette|Dazzling Gleam|p1a: Kingambit|[spread] p1a,p1b\n|-resisted|p1b: Delphox|1\n|-damage|p1a: Kingambit|40/100 brn\n|-damage|p1b: Delphox|85/100\n|move|p2a: Arcanine|Scorching Sands|p1a: Kingambit\n|-supereffective|p1a: Kingambit|1\n|-damage|p1a: Kingambit|0 fnt\n|faint|p1a: Kingambit\n|\n|upkeep\n|\n|t:|1775964940\n|switch|p1a: Sneasler|Sneasler, L50, M|100/100\n|turn|6\n|\n|t:|1775964949\n|move|p2b: Floette|Protect|p2b: Floette\n|-singleturn|p2b: Floette|Protect\n|move|p2a: Arcanine|Protect|p2a: Arcanine\n|-singleturn|p2a: Arcanine|Protect\n|move|p1a: Sneasler|Dire Claw|p2b: Floette\n|-activate|p2b: Floette|move: Protect\n|move|p1b: Delphox|Encore|p2a: Arcanine\n|-activate|p2a: Arcanine|move: Protect\n|\n|upkeep\n|turn|7\n|\n|t:|1775964969\n|move|p1a: Sneasler|Close Combat|p2a: Arcanine\n|-damage|p2a: Arcanine|13/100\n|-unboost|p1a: Sneasler|def|1\n|-unboost|p1a: Sneasler|spd|1\n|-enditem|p1a: Sneasler|White Herb\n|-clearnegativeboost|p1a: Sneasler|[silent]\n|move|p1b: Delphox|Encore|p2b: Floette\n|-start|p2b: Floette|Encore\n|move|p2b: Floette|Protect|p2b: Floette\n|-singleturn|p2b: Floette|Protect\n|move|p2a: Arcanine|Will-O-Wisp|p1a: Sneasler|[miss]\n|-miss|p2a: Arcanine|p1a: Sneasler\n|\n|upkeep\n|turn|8\n|\n|t:|1775964989\n|move|p2b: Floette|Protect||[still]\n|-fail|p2b: Floette\n|move|p2a: Arcanine|Extreme Speed|p1b: Delphox\n|-damage|p1b: Delphox|56/100\n|move|p1a: Sneasler|Dire Claw|p2b: Floette\n|-supereffective|p2b: Floette|1\n|-damage|p2b: Floette|0 fnt\n|faint|p2b: Floette\n|move|p1b: Delphox|Psyshock|p2a: Arcanine\n|-damage|p2a: Arcanine|0 fnt\n|faint|p2a: Arcanine\n|\n|win|HappyW\n|raw|HappyW's rating: 1048 &rarr; <strong>1087</strong><br />(+39 for winning)\n|raw|Rhicu's rating: 1116 &rarr; <strong>1086</strong><br />(-30 for losing)\n|l|\u2606Rhicu\n|player|p2|\n",
  "uploadtime": 1775965044,
  "views": 27,
  "formatid": "gen9championsvgc2026regma",
  "rating": 1086,
  "private": 0,
  "password": null
}