{
  "id": "gen9championsvgc2026regma-2587528194",
  "format": "[Gen 9 Champions] VGC 2026 Reg M-A",
  "players": [
    "Blu3 Mag1c",
    "GruvTrain"
  ],
  "log": "|j|\u203dBlu3 Mag1c\n|j|\u2606GruvTrain\n|t:|1776539539\n|gametype|doubles\n|player|p1|Blu3 Mag1c|101|1080\n|player|p2|GruvTrain|scientistf|1088\n|gen|9\n|tier|[Gen 9 Champions] VGC 2026 Reg M-A\n|rated|\n|rule|Species Clause: Limit one of each Pok\u00e9mon\n|rule|Item Clause: Limit 1 of each item\n|clearpoke\n|poke|p1|Dragapult, L50, M|\n|poke|p1|Tinkaton, L50, F|\n|poke|p1|Garchomp, L50, M|\n|poke|p1|Rotom-Wash, L50|\n|poke|p1|Corviknight, L50, M|\n|poke|p1|Slowking, L50, M|\n|poke|p2|Sableye, L50, F|\n|poke|p2|Ampharos, L50, F|\n|poke|p2|Milotic, L50, M|\n|poke|p2|Incineroar, L50, M|\n|poke|p2|Farigiraf, L50, F|\n|poke|p2|Kingambit, L50, F|\n|teampreview|4\n|inactive|Battle timer is ON: inactive players will automatically lose when time's up. (requested by GruvTrain)\nGruvTrain rejected open team sheets.\n|inactive|Blu3 Mag1c has 60 seconds left.\n|inactive|GruvTrain has 60 seconds left.\n|inactive|Blu3 Mag1c has 30 seconds left.\n|\n|t:|1776539605\n|teamsize|p1|4\n|teamsize|p2|4\n|start\n|switch|p1a: Corviknight|Corviknight, L50, M|100/100\n|switch|p1b: Garchomp|Garchomp, L50, M|100/100\n|switch|p2a: Milotic|Milotic, L50, M|100/100\n|switch|p2b: Sableye|Sableye, L50, F|100/100\n|-ability|p1a: Corviknight|Pressure\n|turn|1\n|\n|t:|1776539622\n|move|p1b: Garchomp|Protect|p1b: Garchomp\n|-singleturn|p1b: Garchomp|Protect\n|move|p2b: Sableye|Will-O-Wisp|p1b: Garchomp\n|-activate|p1b: Garchomp|move: Protect\n|move|p2a: Milotic|Icy Wind|p1b: Garchomp|[spread] p1a\n|-activate|p1b: Garchomp|move: Protect\n|-damage|p1a: Corviknight|91/100\n|-unboost|p1a: Corviknight|spe|1\n|move|p1a: Corviknight|Tailwind|p1a: Corviknight\n|-sidestart|p1: Blu3 Mag1c|move: Tailwind\n|\n|upkeep\n|turn|2\n|inactive|Blu3 Mag1c has 30 seconds left.\n|inactive|GruvTrain has 30 seconds left.\n|\n|t:|1776539651\n|detailschange|p1b: Garchomp|Garchomp-Mega, L50, M\n|-mega|p1b: Garchomp|Garchomp|Garchompite\n|move|p2b: Sableye|Encore|p1b: Garchomp\n|-start|p1b: Garchomp|Encore\n|move|p1b: Garchomp|Protect||[still]\n|-fail|p1b: Garchomp\n|move|p1a: Corviknight|Brave Bird|p2a: Milotic\n|-damage|p2a: Milotic|65/100\n|-damage|p1a: Corviknight|81/100|[from] Recoil\n|-heal|p1a: Corviknight|85/100|[from] item: Shell Bell|[of] p2a: Milotic\n|move|p2a: Milotic|Ice Beam|p1b: Garchomp\n|-supereffective|p1b: Garchomp|2\n|-damage|p1b: Garchomp|15/100\n|\n|-heal|p2a: Milotic|70/100|[from] item: Leftovers\n|upkeep\n|turn|3\n|inactive|Blu3 Mag1c has 30 seconds left.\n|inactive|GruvTrain has 30 seconds left.\n|\n|t:|1776539678\n|switch|p1b: Rotom|Rotom-Wash, L50|100/100\n|move|p2b: Sableye|Will-O-Wisp|p1a: Corviknight\n|-status|p1a: Corviknight|brn\n|move|p1a: Corviknight|Brave Bird|p2a: Milotic\n|-damage|p2a: Milotic|55/100\n|-damage|p1a: Corviknight|80/100 brn|[from] Recoil\n|-heal|p1a: Corviknight|82/100 brn|[from] item: Shell Bell|[of] p2a: Milotic\n|move|p2a: Milotic|Scald|p1a: Corviknight\n|-damage|p1a: Corviknight|55/100 brn\n|\n|-heal|p2a: Milotic|60/100|[from] item: Leftovers\n|-damage|p1a: Corviknight|49/100 brn|[from] brn\n|upkeep\n|turn|4\n|inactive|GruvTrain has 30 seconds left.\n|inactive|GruvTrain has 20 seconds left.\n|\n|t:|1776539715\n|switch|p2a: Ampharos|Ampharos, L50, F|100/100\n|move|p1a: Corviknight|Protect|p1a: Corviknight\n|-singleturn|p1a: Corviknight|Protect\n|move|p2b: Sableye|Will-O-Wisp|p1b: Rotom\n|-status|p1b: Rotom|brn\n|move|p1b: Rotom|Thunderbolt|p2a: Ampharos\n|-resisted|p2a: Ampharos|1\n|-damage|p2a: Ampharos|85/100\n|\n|-damage|p1b: Rotom|95/100 brn|[from] brn\n|-damage|p1a: Corviknight|43/100 brn|[from] brn\n|-sideend|p1: Blu3 Mag1c|move: Tailwind\n|upkeep\n|turn|5\n|\n|t:|1776539738\n|switch|p1b: Garchomp|Garchomp-Mega, L50, M|15/100\n|detailschange|p2a: Ampharos|Ampharos-Mega, L50, F\n|-mega|p2a: Ampharos|Ampharos|Ampharosite\n|-ability|p2a: Ampharos|Mold Breaker\n|move|p2b: Sableye|Encore||[still]\n|-fail|p2b: Sableye\n|move|p2a: Ampharos|Thunderbolt|p1b: Garchomp\n|-immune|p1b: Garchomp\n|move|p1a: Corviknight|Tailwind|p1a: Corviknight\n|-sidestart|p1: Blu3 Mag1c|move: Tailwind\n|\n|-damage|p1a: Corviknight|38/100 brn|[from] brn\n|upkeep\n|turn|6\n|\n|t:|1776539761\n|move|p2b: Sableye|Quash|p1b: Garchomp\n|-activate|p1b: Garchomp|move: Quash\n|move|p1a: Corviknight|Iron Head|p2b: Sableye\n|-damage|p2b: Sableye|86/100\n|-heal|p1a: Corviknight|39/100 brn|[from] item: Shell Bell|[of] p2b: Sableye\n|move|p2a: Ampharos|Dazzling Gleam|p1a: Corviknight|[spread] p1a,p1b\n|-resisted|p1a: Corviknight|1\n|-supereffective|p1b: Garchomp|1\n|-damage|p1a: Corviknight|26/100 brn\n|-damage|p1b: Garchomp|0 fnt\n|faint|p1b: Garchomp\n|\n|-damage|p1a: Corviknight|20/100 brn|[from] brn\n|upkeep\n|\n|t:|1776539775\n|switch|p1b: Dragapult|Dragapult, L50, M|100/100\n|turn|7\n|\n|t:|1776539789\n|move|p2b: Sableye|Quash|p1b: Dragapult\n|-activate|p1b: Dragapult|move: Quash\n|move|p1a: Corviknight|Iron Head|p2b: Sableye\n|-damage|p2b: Sableye|69/100\n|-heal|p1a: Corviknight|21/100 brn|[from] item: Shell Bell|[of] p2b: Sableye\n|move|p2a: Ampharos|Dragon Pulse|p1b: Dragapult\n|-supereffective|p1b: Dragapult|1\n|-enditem|p1b: Dragapult|Focus Sash\n|-damage|p1b: Dragapult|1/100\n|move|p1b: Dragapult|U-turn|p2b: Sableye\n|-damage|p2b: Sableye|47/100\n|\n|t:|1776539802\n|switch|p1b: Rotom|Rotom-Wash, L50|95/100 brn|[from] U-turn\n|\n|-heal|p1b: Rotom|100/100 brn|[from] item: Leftovers\n|-damage|p1b: Rotom|95/100 brn|[from] brn\n|-damage|p1a: Corviknight|15/100 brn|[from] brn\n|upkeep\n|turn|8\n|\n|t:|1776539815\n|move|p1a: Corviknight|Protect|p1a: Corviknight\n|-singleturn|p1a: Corviknight|Protect\n|move|p2b: Sableye|Quash|p1b: Rotom\n|-activate|p1b: Rotom|move: Quash\n|move|p2a: Ampharos|Thunderbolt|p1b: Rotom\n|-damage|p1b: Rotom|43/100 brn\n|move|p1b: Rotom|Will-O-Wisp|p2b: Sableye\n|-status|p2b: Sableye|brn\n|\n|-heal|p1b: Rotom|48/100 brn|[from] item: Leftovers\n|-damage|p1b: Rotom|43/100 brn|[from] brn\n|-damage|p1a: Corviknight|9/100 brn|[from] brn\n|-damage|p2b: Sableye|41/100 brn|[from] brn\n|-sideend|p1: Blu3 Mag1c|move: Tailwind\n|upkeep\n|turn|9\n|\n|t:|1776539837\n|move|p2b: Sableye|Quash|p1b: Rotom\n|-activate|p1b: Rotom|move: Quash\n|move|p2a: Ampharos|Thunderbolt|p1b: Rotom\n|-damage|p1b: Rotom|0 fnt\n|faint|p1b: Rotom\n|move|p1a: Corviknight|Tailwind|p1a: Corviknight\n|-sidestart|p1: Blu3 Mag1c|move: Tailwind\n|\n|-damage|p1a: Corviknight|3/100 brn|[from] brn\n|-damage|p2b: Sableye|36/100 brn|[from] brn\n|upkeep\n|c|\u2606GruvTrain|gg\n|\n|t:|1776539847\n|switch|p1b: Dragapult|Dragapult, L50, M|1/100\n|turn|10\n|\n|t:|1776539859\n|move|p1b: Dragapult|Protect|p1b: Dragapult\n|-singleturn|p1b: Dragapult|Protect\n|move|p2b: Sableye|Quash|p1b: Dragapult\n|-activate|p1b: Dragapult|move: Protect\n|move|p1a: Corviknight|Brave Bird|p2b: Sableye\n|-damage|p2b: Sableye|10/100 brn\n|-damage|p1a: Corviknight|0 fnt|[from] Recoil\n|faint|p1a: Corviknight\n|move|p2a: Ampharos|Dazzling Gleam|p1b: Dragapult\n|-activate|p1b: Dragapult|move: Protect\n|\n|-damage|p2b: Sableye|4/100 brn|[from] brn\n|upkeep\n|turn|11\n|\n|t:|1776539875\n|move|p1b: Dragapult|Protect||[still]\n|-fail|p1b: Dragapult\n|move|p2b: Sableye|Quash||[still]\n|-fail|p2b: Sableye\n|move|p2a: Ampharos|Dragon Pulse|p1b: Dragapult\n|-supereffective|p1b: Dragapult|1\n|-damage|p1b: Dragapult|0 fnt\n|faint|p1b: Dragapult\n|\n|win|GruvTrain\n|raw|Blu3 Mag1c's rating: 1080 &rarr; <strong>1059</strong><br />(-21 for losing)\n|raw|GruvTrain's rating: 1088 &rarr; <strong>1114</strong><br />(+26 for winning)\n|l|\u203dBlu3 Mag1c\n|player|p1|\n",
  "uploadtime": 1776539965,
  "views": 14,
  "formatid": "gen9championsvgc2026regma",
  "rating": 1059,
  "private": 0,
  "password": null
}