{
  "id": "gen9championsvgc2026regma-2584672471",
  "format": "[Gen 9 Champions] VGC 2026 Reg M-A",
  "players": [
    "Ace_Remnant",
    "XenGg07"
  ],
  "log": "|j|\u2606Ace_Remnant\n|j|\u2606XenGg07\n|t:|1776275852\n|gametype|doubles\n|player|p1|Ace_Remnant|n|1091\n|player|p2|XenGg07|red|1089\n|gen|9\n|tier|[Gen 9 Champions] VGC 2026 Reg M-A\n|rated|\n|rule|Species Clause: Limit one of each Pok\u00e9mon\n|rule|Item Clause: Limit 1 of each item\n|clearpoke\n|poke|p1|Milotic, L50, F|\n|poke|p1|Floette-Eternal, L50, F|\n|poke|p1|Typhlosion-Hisui, L50, M|\n|poke|p1|Kingambit, L50, M|\n|poke|p1|Pelipper, L50, M|\n|poke|p1|Sneasler, L50, M|\n|poke|p2|Tyranitar, L50, M|\n|poke|p2|Aegislash, L50, M|\n|poke|p2|Excadrill, L50, M|\n|poke|p2|Sinistcha-Masterpiece, L50|\n|poke|p2|Farigiraf, L50, M|\n|poke|p2|Rotom-Wash, L50|\n|teampreview|4\n|inactive|Battle timer is ON: inactive players will automatically lose when time's up. (requested by Ace_Remnant)\n|inactive|XenGg07 also wants the timer to be on.\n|\n|t:|1776275869\n|teamsize|p1|4\n|teamsize|p2|4\n|start\n|switch|p1a: Milotic|Milotic, L50, F|100/100\n|switch|p1b: Floette|Floette-Eternal, L50, F|100/100\n|switch|p2a: Tyranitar|Tyranitar, L50, M|100/100\n|switch|p2b: Aegislash|Aegislash, L50, M|100/100\n|-weather|Sandstorm|[from] ability: Sand Stream|[of] p2a: Tyranitar\n|turn|1\n|\n|t:|1776275890\n|detailschange|p1b: Floette|Floette-Mega, L50, F\n|-mega|p1b: Floette|Floette|Floettite\n|-ability|p1b: Floette|Fairy Aura\n|move|p2a: Tyranitar|Protect|p2a: Tyranitar\n|-singleturn|p2a: Tyranitar|Protect\n|move|p2b: Aegislash|King's Shield|p2b: Aegislash\n|-singleturn|p2b: Aegislash|Protect\n|move|p1b: Floette|Dazzling Gleam|p2b: Aegislash|[spread] \n|-activate|p2a: Tyranitar|move: Protect\n|-activate|p2b: Aegislash|move: Protect\n|move|p1a: Milotic|Muddy Water|p2b: Aegislash|[spread] \n|-activate|p2a: Tyranitar|move: Protect\n|-activate|p2b: Aegislash|move: Protect\n|\n|-weather|Sandstorm|[upkeep]\n|-damage|p1b: Floette|94/100|[from] Sandstorm\n|-damage|p1a: Milotic|95/100|[from] Sandstorm\n|-heal|p1a: Milotic|100/100|[from] item: Leftovers\n|upkeep\n|turn|2\n|\n|t:|1776275912\n|detailschange|p2a: Tyranitar|Tyranitar-Mega, L50, M\n|-mega|p2a: Tyranitar|Tyranitar|Tyranitarite\n|move|p2b: Aegislash|Wide Guard|p2b: Aegislash\n|-singleturn|p2b: Aegislash|Wide Guard\n|move|p1b: Floette|Dazzling Gleam|p2a: Tyranitar|[spread] \n|-activate|p2a: Tyranitar|move: Wide Guard\n|-activate|p2b: Aegislash|move: Wide Guard\n|move|p1a: Milotic|Muddy Water|p2b: Aegislash|[spread] \n|-activate|p2a: Tyranitar|move: Wide Guard\n|-activate|p2b: Aegislash|move: Wide Guard\n|move|p2a: Tyranitar|Rock Slide|p1a: Milotic|[spread] p1a,p1b\n|-damage|p1a: Milotic|56/100\n|-damage|p1b: Floette|43/100\n|\n|-weather|Sandstorm|[upkeep]\n|-damage|p1b: Floette|37/100|[from] Sandstorm\n|-damage|p1a: Milotic|50/100|[from] Sandstorm\n|-heal|p1a: Milotic|56/100|[from] item: Leftovers\n|upkeep\n|turn|3\n|inactive|XenGg07 has 30 seconds left.\n|\n|t:|1776275941\n|switch|p2a: Rotom|Rotom-Wash, L50|100/100\n|move|p1b: Floette|Dazzling Gleam|p2b: Aegislash|[spread] p2a,p2b\n|-resisted|p2b: Aegislash|1\n|-damage|p2a: Rotom|56/100\n|-damage|p2b: Aegislash|80/100\n|move|p1a: Milotic|Muddy Water|p2b: Aegislash|[spread] p2a,p2b\n|-resisted|p2a: Rotom|1\n|-damage|p2a: Rotom|43/100\n|-damage|p2b: Aegislash|57/100\n|-enditem|p2a: Rotom|Sitrus Berry|[eat]\n|-heal|p2a: Rotom|68/100|[from] item: Sitrus Berry\n|-formechange|p2b: Aegislash|Aegislash-Blade|\n|move|p2b: Aegislash|Flash Cannon|p1b: Floette\n|-supereffective|p1b: Floette|1\n|-damage|p1b: Floette|0 fnt\n|faint|p1b: Floette\n|\n|-weather|Sandstorm|[upkeep]\n|-damage|p1a: Milotic|50/100|[from] Sandstorm\n|-damage|p2a: Rotom|62/100|[from] Sandstorm\n|-heal|p1a: Milotic|56/100|[from] item: Leftovers\n|upkeep\n|\n|t:|1776275962\n|switch|p1b: Kingambit|Kingambit, L50, M|100/100\n|turn|4\n|\n|t:|1776275969\n|-formechange|p2b: Aegislash|Aegislash|\n|move|p2b: Aegislash|King's Shield|p2b: Aegislash\n|-singleturn|p2b: Aegislash|Protect\n|move|p1b: Kingambit|Sucker Punch||[still]\n|-fail|p1b: Kingambit\n|move|p1a: Milotic|Muddy Water|p2a: Rotom|[spread] p2a\n|-activate|p2b: Aegislash|move: Protect\n|-resisted|p2a: Rotom|1\n|-damage|p2a: Rotom|48/100\n|move|p2a: Rotom|Thunderbolt|p1a: Milotic\n|-supereffective|p1a: Milotic|1\n|-damage|p1a: Milotic|3/100\n|\n|-weather|Sandstorm|[upkeep]\n|-damage|p1a: Milotic|0 fnt|[from] Sandstorm\n|-damage|p2a: Rotom|42/100|[from] Sandstorm\n|faint|p1a: Milotic\n|upkeep\n|\n|t:|1776275985\n|switch|p1a: Typhlosion|Typhlosion-Hisui, L50, M|100/100\n|-item|p2b: Aegislash|Spell Tag|[from] ability: Frisk|[of] p1a: Typhlosion\n|turn|5\n|\n|t:|1776275996\n|move|p2b: Aegislash|Wide Guard|p2b: Aegislash\n|-singleturn|p2b: Aegislash|Wide Guard\n|move|p1b: Kingambit|Sucker Punch||[still]\n|-fail|p1b: Kingambit\n|move|p1a: Typhlosion|Eruption|p2a: Rotom|[spread] \n|-activate|p2a: Rotom|move: Wide Guard\n|-activate|p2b: Aegislash|move: Wide Guard\n|move|p2a: Rotom|Will-O-Wisp|p1b: Kingambit\n|-status|p1b: Kingambit|brn\n|\n|-weather|none\n|-damage|p1b: Kingambit|94/100 brn|[from] brn\n|upkeep\n|turn|6\n|\n|t:|1776276012\n|move|p2b: Aegislash|Wide Guard|p2b: Aegislash\n|-singleturn|p2b: Aegislash|Wide Guard\n|move|p1b: Kingambit|Sucker Punch||[still]\n|-fail|p1b: Kingambit\n|move|p1a: Typhlosion|Eruption|p2a: Rotom|[spread] \n|-activate|p2a: Rotom|move: Wide Guard\n|-activate|p2b: Aegislash|move: Wide Guard\n|move|p2a: Rotom|Hydro Pump|p1a: Typhlosion\n|-supereffective|p1a: Typhlosion|1\n|-damage|p1a: Typhlosion|0 fnt\n|faint|p1a: Typhlosion\n|\n|-damage|p1b: Kingambit|88/100 brn|[from] brn\n|upkeep\n|turn|7\n|\n|t:|1776276028\n|switch|p2a: Tyranitar|Tyranitar-Mega, L50, M|100/100\n|-weather|Sandstorm|[from] ability: Sand Stream|[of] p2a: Tyranitar\n|move|p2b: Aegislash|King's Shield||[still]\n|-fail|p2b: Aegislash\n|move|p1b: Kingambit|Sucker Punch||[still]\n|-fail|p1b: Kingambit\n|\n|-weather|Sandstorm|[upkeep]\n|-damage|p1b: Kingambit|82/100 brn|[from] brn\n|upkeep\n|turn|8\n|inactive|XenGg07 has 30 seconds left.\n|\n|t:|1776276055\n|move|p1b: Kingambit|Sucker Punch|p2b: Aegislash\n|-supereffective|p2b: Aegislash|1\n|-damage|p2b: Aegislash|26/100\n|move|p2a: Tyranitar|Low Kick|p1b: Kingambit\n|-supereffective|p1b: Kingambit|2\n|-damage|p1b: Kingambit|0 fnt\n|faint|p1b: Kingambit\n|\n|win|XenGg07\n|raw|Ace_Remnant's rating: 1091 &rarr; <strong>1067</strong><br />(-24 for losing)\n|raw|XenGg07's rating: 1089 &rarr; <strong>1116</strong><br />(+27 for winning)\n",
  "uploadtime": 1776276062,
  "views": 20,
  "formatid": "gen9championsvgc2026regma",
  "rating": 1067,
  "private": 0,
  "password": null
}