{
  "id": "gen9championsvgc2026regma-2581344253",
  "format": "[Gen 9 Champions] VGC 2026 Reg M-A",
  "players": [
    "MetherVGC",
    "aggsapphire"
  ],
  "log": "|j|\u2606MetherVGC\n|j|\u2606aggsapphire\n|t:|1775989463\n|gametype|doubles\n|player|p1|MetherVGC|lance|1072\n|player|p2|aggsapphire|266|1153\n|gen|9\n|tier|[Gen 9 Champions] VGC 2026 Reg M-A\n|rated|\n|rule|Species Clause: Limit one of each Pok\u00e9mon\n|rule|Item Clause: Limit 1 of each item\n|clearpoke\n|poke|p1|Kingambit, L50, M|\n|poke|p1|Sneasler, L50, M|\n|poke|p1|Incineroar, L50, M|\n|poke|p1|Dragonite, L50, M|\n|poke|p1|Venusaur, L50, M|\n|poke|p1|Basculegion, L50, M|\n|poke|p2|Charizard, L50, F|\n|poke|p2|Venusaur, L50, F|\n|poke|p2|Incineroar, L50, M|\n|poke|p2|Rotom-Wash, L50|\n|poke|p2|Garchomp, L50, F|\n|poke|p2|Sneasler, L50, F|\n|teampreview|4\nMetherVGC has agreed to open team sheets.\n|inactive|Battle timer is ON: inactive players will automatically lose when time's up. (requested by MetherVGC)\n|inactive|aggsapphire has 60 seconds left.\n|\n|t:|1775989548\n|teamsize|p1|4\n|teamsize|p2|4\n|start\n|switch|p1a: Basculegion|Basculegion, L50, M|100/100\n|switch|p1b: Incineroar|Incineroar, L50, M|100/100\n|switch|p2a: Rotom|Rotom-Wash, L50|100/100\n|switch|p2b: Garchomp|Garchomp, L50, F|100/100\n|-ability|p1b: Incineroar|Intimidate|boost\n|-unboost|p2a: Rotom|atk|1\n|-unboost|p2b: Garchomp|atk|1\n|turn|1\n|inactive|MetherVGC has 30 seconds left.\n|\n|t:|1775989574\n|move|p1b: Incineroar|Fake Out|p2a: Rotom\n|-damage|p2a: Rotom|89/100\n|move|p1a: Basculegion|Flip Turn|p2b: Garchomp\n|-damage|p2b: Garchomp|69/100\n|-damage|p1a: Basculegion|88/100|[from] ability: Rough Skin|[of] p2b: Garchomp\n|\n|t:|1775989580\n|switch|p1a: Dragonite|Dragonite, L50, M|100/100|[from] Flip Turn\n|move|p2b: Garchomp|Dragon Claw|p1a: Dragonite\n|-supereffective|p1a: Dragonite|1\n|-damage|p1a: Dragonite|68/100\n|cant|p2a: Rotom|flinch\n|\n|upkeep\n|turn|2\n|inactive|MetherVGC has 30 seconds left.\n|\n|t:|1775989605\n|switch|p1b: Basculegion|Basculegion, L50, M|88/100\n|detailschange|p1a: Dragonite|Dragonite-Mega, L50, M\n|-mega|p1a: Dragonite|Dragonite|Dragoninite\n|move|p2b: Garchomp|Protect|p2b: Garchomp\n|-singleturn|p2b: Garchomp|Protect\n|move|p1a: Dragonite|Protect|p1a: Dragonite\n|-singleturn|p1a: Dragonite|Protect\n|move|p2a: Rotom|Eerie Impulse|p1a: Dragonite\n|-activate|p1a: Dragonite|move: Protect\n|\n|upkeep\n|turn|3\n|\n|t:|1775989626\n|switch|p1a: Incineroar|Incineroar, L50, M|100/100\n|-ability|p1a: Incineroar|Intimidate|boost\n|-unboost|p2a: Rotom|atk|1\n|-unboost|p2b: Garchomp|atk|1\n|move|p1b: Basculegion|Flip Turn|p2b: Garchomp\n|-damage|p2b: Garchomp|38/100\n|-damage|p1b: Basculegion|76/100|[from] ability: Rough Skin|[of] p2b: Garchomp\n|\n|t:|1775989637\n|switch|p1b: Dragonite|Dragonite-Mega, L50, M|68/100|[from] Flip Turn\n|move|p2b: Garchomp|Dragon Claw|p1a: Incineroar\n|-damage|p1a: Incineroar|78/100\n|move|p2a: Rotom|Eerie Impulse|p1a: Incineroar\n|-unboost|p1a: Incineroar|spa|2\n|\n|upkeep\n|turn|4\n|inactive|aggsapphire has 30 seconds left.\n|\n|t:|1775989665\n|move|p1a: Incineroar|Fake Out|p2a: Rotom\n|-damage|p2a: Rotom|76/100\n|move|p2b: Garchomp|Rock Slide|p1b: Dragonite|[spread] p1a,p1b\n|-supereffective|p1a: Incineroar|1\n|-supereffective|p1b: Dragonite|1\n|-damage|p1a: Incineroar|59/100\n|-damage|p1b: Dragonite|49/100\n|move|p1b: Dragonite|Roost|p1b: Dragonite\n|-heal|p1b: Dragonite|99/100\n|-singleturn|p1b: Dragonite|move: Roost\n|cant|p2a: Rotom|flinch\n|\n|upkeep\n|turn|5\n|\n|t:|1775989689\n|move|p1b: Dragonite|Protect|p1b: Dragonite\n|-singleturn|p1b: Dragonite|Protect\n|move|p2b: Garchomp|Dragon Claw|p1b: Dragonite\n|-activate|p1b: Dragonite|move: Protect\n|move|p2a: Rotom|Electroweb|p1a: Incineroar|[spread] p1a\n|-activate|p1b: Dragonite|move: Protect\n|-damage|p1a: Incineroar|43/100\n|-unboost|p1a: Incineroar|spe|1\n|move|p1a: Incineroar|Parting Shot|p2a: Rotom\n|-unboost|p2a: Rotom|atk|1\n|-unboost|p2a: Rotom|spa|1\n|\n|t:|1775989701\n|switch|p1a: Basculegion|Basculegion, L50, M|76/100|[from] Parting Shot\n|\n|upkeep\n|turn|6\n|\n|t:|1775989710\n|move|p1a: Basculegion|Flip Turn|p2a: Rotom\n|-resisted|p2a: Rotom|1\n|-damage|p2a: Rotom|60/100\n|\n|t:|1775989715\n|switch|p1a: Incineroar|Incineroar, L50, M|43/100|[from] Flip Turn\n|-ability|p1a: Incineroar|Intimidate|boost\n|-unboost|p2a: Rotom|atk|1\n|-unboost|p2b: Garchomp|atk|1\n|move|p2b: Garchomp|Dragon Claw|p1b: Dragonite\n|-supereffective|p1b: Dragonite|1\n|-damage|p1b: Dragonite|66/100\n|move|p1b: Dragonite|Dragon Pulse|p2a: Rotom\n|-damage|p2a: Rotom|15/100\n|move|p2a: Rotom|Eerie Impulse|p1b: Dragonite\n|-unboost|p1b: Dragonite|spa|2\n|\n|upkeep\n|turn|7\n|\n|t:|1775989739\n|move|p1a: Incineroar|Fake Out|p2a: Rotom\n|-damage|p2a: Rotom|3/100\n|move|p2b: Garchomp|Rock Slide|p1a: Incineroar|[spread] p1a,p1b\n|-supereffective|p1a: Incineroar|1\n|-supereffective|p1b: Dragonite|1\n|-damage|p1a: Incineroar|26/100\n|-damage|p1b: Dragonite|51/100\n|move|p1b: Dragonite|Roost|p1b: Dragonite\n|-heal|p1b: Dragonite|100/100\n|-singleturn|p1b: Dragonite|move: Roost\n|cant|p2a: Rotom|flinch\n|\n|upkeep\n|turn|8\n|inactive|MetherVGC has 30 seconds left.\n|\n|t:|1775989767\n|switch|p1a: Basculegion|Basculegion, L50, M|76/100\n|move|p2b: Garchomp|Earthquake|p1b: Dragonite|[spread] p1a\n|-immune|p2a: Rotom|[from] ability: Levitate\n|-immune|p1b: Dragonite\n|-damage|p1a: Basculegion|56/100\n|move|p1b: Dragonite|Dragon Pulse|p2b: Garchomp\n|-supereffective|p2b: Garchomp|1\n|-enditem|p2b: Garchomp|Haban Berry|[eat]\n|-enditem|p2b: Garchomp|Haban Berry|[weaken]\n|-damage|p2b: Garchomp|10/100\n|move|p2a: Rotom|Volt Switch|p1b: Dragonite\n|-damage|p1b: Dragonite|93/100\n|\n|t:|1775989782\n|switch|p2a: Sneasler|Sneasler, L50, F|100/100|[from] Volt Switch\n|\n|upkeep\n|turn|9\n|inactive|aggsapphire has 30 seconds left.\n|\n|t:|1775989815\n|switch|p1b: Incineroar|Incineroar, L50, M|26/100\n|-ability|p1b: Incineroar|Intimidate|boost\n|-unboost|p2a: Sneasler|atk|1\n|-unboost|p2b: Garchomp|atk|1\n|-enditem|p2a: Sneasler|White Herb\n|-clearnegativeboost|p2a: Sneasler|[silent]\n|move|p2a: Sneasler|Close Combat|p1a: Basculegion\n|-immune|p1a: Basculegion\n|move|p1a: Basculegion|Flip Turn|p2a: Sneasler\n|-damage|p2a: Sneasler|44/100\n|\n|t:|1775989827\n|switch|p1a: Dragonite|Dragonite-Mega, L50, M|93/100|[from] Flip Turn\n|move|p2b: Garchomp|Dragon Claw|p1a: Dragonite\n|-supereffective|p1a: Dragonite|1\n|-crit|p1a: Dragonite\n|-damage|p1a: Dragonite|0 fnt\n|faint|p1a: Dragonite\n|\n|upkeep\n|\n|t:|1775989835\n|switch|p1a: Basculegion|Basculegion, L50, M|56/100\n|turn|10\n|\n|t:|1775989842\n|move|p2a: Sneasler|Protect|p2a: Sneasler\n|-singleturn|p2a: Sneasler|Protect\n|move|p1b: Incineroar|Fake Out|p2a: Sneasler\n|-activate|p2a: Sneasler|move: Protect\n|move|p1a: Basculegion|Aqua Jet|p2b: Garchomp\n|-damage|p2b: Garchomp|0 fnt\n|-damage|p1a: Basculegion|43/100|[from] ability: Rough Skin|[of] p2b: Garchomp\n|faint|p2b: Garchomp\n|\n|upkeep\n|\n|t:|1775989857\n|switch|p2b: Venusaur|Venusaur, L50, F|100/100\n|turn|11\n|\n|t:|1775989879\n|move|p1a: Basculegion|Aqua Jet|p2a: Sneasler\n|-damage|p2a: Sneasler|6/100\n|move|p2a: Sneasler|Dire Claw|p1a: Basculegion\n|-resisted|p1a: Basculegion|1\n|-damage|p1a: Basculegion|16/100\n|-status|p1a: Basculegion|psn\n|move|p2b: Venusaur|Earth Power|p1b: Incineroar\n|-supereffective|p1b: Incineroar|1\n|-damage|p1b: Incineroar|0 fnt\n|faint|p1b: Incineroar\n|\n|-damage|p1a: Basculegion|4/100 psn|[from] psn\n|upkeep\n|\n|t:|1775989888\n|switch|p1b: Sneasler|Sneasler, L50, M|100/100\n|turn|12\n|\n|t:|1775989907\n|switch|p2b: Rotom|Rotom-Wash, L50|3/100\n|move|p2a: Sneasler|Protect|p2a: Sneasler\n|-singleturn|p2a: Sneasler|Protect\n|move|p1a: Basculegion|Aqua Jet|p2b: Rotom\n|-resisted|p2b: Rotom|1\n|-damage|p2b: Rotom|0 fnt\n|faint|p2b: Rotom\n|move|p1b: Sneasler|Dire Claw|p2a: Sneasler\n|-activate|p2a: Sneasler|move: Protect\n|\n|-damage|p1a: Basculegion|0 fnt|[from] psn\n|faint|p1a: Basculegion\n|upkeep\n|\n|t:|1775989922\n|switch|p2b: Venusaur|Venusaur, L50, F|100/100\n|turn|13\n|inactive|aggsapphire has 30 seconds left.\n|\n|t:|1775989952\n|move|p2a: Sneasler|Dire Claw|p1b: Sneasler\n|-resisted|p1b: Sneasler|1\n|-damage|p1b: Sneasler|60/100\n|move|p1b: Sneasler|Dire Claw|p2b: Venusaur\n|-damage|p2b: Venusaur|55/100\n|move|p2b: Venusaur|Earth Power|p1b: Sneasler\n|-supereffective|p1b: Sneasler|1\n|-damage|p1b: Sneasler|0 fnt\n|faint|p1b: Sneasler\n|\n|win|aggsapphire\n|raw|MetherVGC's rating: 1072 &rarr; <strong>1056</strong><br />(-16 for losing)\n|raw|aggsapphire's rating: 1153 &rarr; <strong>1172</strong><br />(+19 for winning)\n|l|\u2606MetherVGC\n|player|p1|\n",
  "uploadtime": 1775989965,
  "views": 16,
  "formatid": "gen9championsvgc2026regma",
  "rating": 1056,
  "private": 0,
  "password": null
}