{
  "id": "gen9championsvgc2026regma-2588119893",
  "format": "[Gen 9 Champions] VGC 2026 Reg M-A",
  "players": [
    "rajyesh1",
    "Spikeyrs"
  ],
  "log": "|j|\u2606rajyesh1\n|j|\u2606Spikeyrs\n|t:|1776606412\n|gametype|doubles\n|player|p1|rajyesh1|unknown|1264\n|player|p2|Spikeyrs|265|1226\n|gen|9\n|tier|[Gen 9 Champions] VGC 2026 Reg M-A\n|rated|\n|rule|Species Clause: Limit one of each Pok\u00e9mon\n|rule|Item Clause: Limit 1 of each item\n|clearpoke\n|poke|p1|Charizard, L50, M|\n|poke|p1|Venusaur, L50, F|\n|poke|p1|Garchomp, L50, F|\n|poke|p1|Rotom-Wash, L50|\n|poke|p1|Sneasler, L50, M|\n|poke|p1|Incineroar, L50, M|\n|poke|p2|Lopunny, L50, M|\n|poke|p2|Sinistcha, L50|\n|poke|p2|Samurott-Hisui, L50, F|\n|poke|p2|Ninetales-Alola, L50, F|\n|poke|p2|Arcanine-Hisui, L50, F|\n|poke|p2|Corviknight, L50, M|\n|teampreview|4\n|inactive|Battle timer is ON: inactive players will automatically lose when time's up. (requested by Spikeyrs)\n|inactive|rajyesh1 also wants the timer to be on.\n|inactive|rajyesh1 has 60 seconds left.\n|inactive|rajyesh1 has 30 seconds left.\n|inactive|rajyesh1 has 20 seconds left.\n|\n|t:|1776606486\n|teamsize|p1|4\n|teamsize|p2|4\n|start\n|switch|p1a: Sneasler|Sneasler, L50, M|100/100\n|switch|p1b: Rotom|Rotom-Wash, L50|100/100\n|switch|p2a: Corviknight|Corviknight, L50, M|100/100\n|switch|p2b: Lopunny|Lopunny, L50, M|100/100\n|turn|1\n|inactive|rajyesh1 has 30 seconds left.\n|inactive|rajyesh1 has 20 seconds left.\n|\n|t:|1776606525\n|switch|p1b: Incineroar|Incineroar, L50, M|100/100\n|-ability|p1b: Incineroar|Intimidate|boost\n|-ability|p2a: Corviknight|Mirror Armor\n|-unboost|p1b: Incineroar|atk|1\n|-unboost|p2b: Lopunny|atk|1\n|detailschange|p2b: Lopunny|Lopunny-Mega, L50, M\n|-mega|p2b: Lopunny|Lopunny|Lopunnite\n|move|p2b: Lopunny|Fake Out|p1a: Sneasler\n|-damage|p1a: Sneasler|73/100\n|cant|p1a: Sneasler|flinch\n|move|p2a: Corviknight|Tailwind|p2a: Corviknight\n|-sidestart|p2: Spikeyrs|move: Tailwind\n|\n|upkeep\n|turn|2\n|inactive|rajyesh1 has 30 seconds left.\n|\n|t:|1776606558\n|switch|p1a: Charizard|Charizard, L50, M|100/100\n|move|p1b: Incineroar|Fake Out|p2a: Corviknight\n|-resisted|p2a: Corviknight|1\n|-damage|p2a: Corviknight|96/100\n|move|p2b: Lopunny|Close Combat|p1b: Incineroar\n|-supereffective|p1b: Incineroar|1\n|-damage|p1b: Incineroar|20/100\n|-unboost|p2b: Lopunny|def|1\n|-unboost|p2b: Lopunny|spd|1\n|-enditem|p1b: Incineroar|Sitrus Berry|[eat]\n|-heal|p1b: Incineroar|45/100|[from] item: Sitrus Berry\n|cant|p2a: Corviknight|flinch\n|\n|upkeep\n|turn|3\n|inactive|rajyesh1 has 30 seconds left.\n|inactive|Spikeyrs has 30 seconds left.\n|\n|t:|1776606589\n|switch|p2a: Samurott|Samurott-Hisui, L50, F|100/100\n|detailschange|p1a: Charizard|Charizard-Mega-Y, L50, M\n|-mega|p1a: Charizard|Charizard|Charizardite Y\n|-weather|SunnyDay|[from] ability: Drought|[of] p1a: Charizard\n|move|p2b: Lopunny|U-turn|p1b: Incineroar\n|-damage|p1b: Incineroar|29/100\n|\n|t:|1776606597\n|switch|p2b: Ninetales|Ninetales-Alola, L50, F|100/100|[from] U-turn\n|-weather|Snowscape|[from] ability: Snow Warning|[of] p2b: Ninetales\n|move|p1a: Charizard|Heat Wave|p2b: Ninetales|[spread] p2a\n|-miss|p1a: Charizard|p2b: Ninetales\n|-resisted|p2a: Samurott|1\n|-damage|p2a: Samurott|79/100\n|move|p1b: Incineroar|Flare Blitz|p2a: Samurott\n|-resisted|p2a: Samurott|1\n|-damage|p2a: Samurott|56/100\n|-damage|p1b: Incineroar|22/100|[from] Recoil\n|\n|-weather|Snowscape|[upkeep]\n|upkeep\n|turn|4\n|inactive|rajyesh1 has 30 seconds left.\n|\n|t:|1776606629\n|switch|p1a: Rotom|Rotom-Wash, L50|100/100\n|move|p2b: Ninetales|Aurora Veil|p2b: Ninetales\n|-sidestart|p2: Spikeyrs|move: Aurora Veil\n|move|p2a: Samurott|Flip Turn|p1b: Incineroar\n|-supereffective|p1b: Incineroar|1\n|-damage|p1b: Incineroar|0 fnt\n|faint|p1b: Incineroar\n|\n|t:|1776606645\n|switch|p2a: Corviknight|Corviknight, L50, M|96/100|[from] Flip Turn\n|\n|-weather|Snowscape|[upkeep]\n|-sideend|p2: Spikeyrs|move: Tailwind\n|upkeep\n|\n|t:|1776606651\n|switch|p1b: Charizard|Charizard-Mega-Y, L50, M|100/100\n|-weather|SunnyDay|[from] ability: Drought|[of] p1b: Charizard\n|turn|5\n|\n|t:|1776606673\n|switch|p2b: Lopunny|Lopunny-Mega, L50, M|100/100\n|move|p1b: Charizard|Heat Wave|p2a: Corviknight|[spread] p2a,p2b\n|-supereffective|p2a: Corviknight|1\n|-damage|p2a: Corviknight|3/100\n|-damage|p2b: Lopunny|44/100\n|-enditem|p2a: Corviknight|Sitrus Berry|[eat]\n|-heal|p2a: Corviknight|28/100|[from] item: Sitrus Berry\n|move|p1a: Rotom|Thunderbolt|p2b: Lopunny\n|-damage|p2b: Lopunny|10/100\n|move|p2a: Corviknight|Tailwind|p2a: Corviknight\n|-sidestart|p2: Spikeyrs|move: Tailwind\n|\n|-weather|SunnyDay|[upkeep]\n|upkeep\n|turn|6\n|\n|t:|1776606697\n|move|p1b: Charizard|Protect|p1b: Charizard\n|-singleturn|p1b: Charizard|Protect\n|move|p2b: Lopunny|Close Combat|p1a: Rotom\n|-damage|p1a: Rotom|41/100\n|-unboost|p2b: Lopunny|def|1\n|-unboost|p2b: Lopunny|spd|1\n|move|p2a: Corviknight|Brave Bird|p1b: Charizard\n|-activate|p1b: Charizard|move: Protect\n|move|p1a: Rotom|Thunderbolt|p2b: Lopunny\n|-damage|p2b: Lopunny|0 fnt\n|faint|p2b: Lopunny\n|\n|-weather|SunnyDay|[upkeep]\n|-heal|p1a: Rotom|46/100|[from] item: Leftovers\n|upkeep\n|\n|t:|1776606708\n|switch|p2b: Ninetales|Ninetales-Alola, L50, F|100/100\n|-weather|Snowscape|[from] ability: Snow Warning|[of] p2b: Ninetales\n|turn|7\n|\n|t:|1776606723\n|switch|p1b: Sneasler|Sneasler, L50, M|73/100\n|move|p1a: Rotom|Protect|p1a: Rotom\n|-singleturn|p1a: Rotom|Protect\n|move|p2b: Ninetales|Blizzard|p1a: Rotom|[spread] p1b\n|-activate|p1a: Rotom|move: Protect\n|-crit|p1b: Sneasler\n|-damage|p1b: Sneasler|13/100\n|move|p2a: Corviknight|Brave Bird|p1b: Sneasler\n|-supereffective|p1b: Sneasler|1\n|-damage|p1b: Sneasler|0 fnt\n|faint|p1b: Sneasler\n|-damage|p2a: Corviknight|24/100|[from] Recoil\n|\n|-weather|Snowscape|[upkeep]\n|-heal|p1a: Rotom|52/100|[from] item: Leftovers\n|upkeep\n|\n|t:|1776606739\n|switch|p1b: Charizard|Charizard-Mega-Y, L50, M|100/100\n|-weather|SunnyDay|[from] ability: Drought|[of] p1b: Charizard\n|turn|8\n|\n|t:|1776606764\n|switch|p2b: Samurott|Samurott-Hisui, L50, F|56/100\n|move|p1b: Charizard|Protect|p1b: Charizard\n|-singleturn|p1b: Charizard|Protect\n|move|p2a: Corviknight|Brave Bird|p1a: Rotom\n|-resisted|p1a: Rotom|1\n|-crit|p1a: Rotom\n|-damage|p1a: Rotom|22/100\n|-damage|p2a: Corviknight|16/100|[from] Recoil\n|move|p1a: Rotom|Thunderbolt|p2b: Samurott\n|-supereffective|p2b: Samurott|1\n|-crit|p2b: Samurott\n|-damage|p2b: Samurott|0 fnt\n|faint|p2b: Samurott\n|\n|-weather|SunnyDay|[upkeep]\n|-heal|p1a: Rotom|27/100|[from] item: Leftovers\n|-sideend|p2: Spikeyrs|move: Tailwind\n|-sideend|p2: Spikeyrs|move: Aurora Veil\n|upkeep\n|\n|t:|1776606775\n|switch|p2b: Ninetales|Ninetales-Alola, L50, F|100/100\n|-weather|Snowscape|[from] ability: Snow Warning|[of] p2b: Ninetales\n|turn|9\n|\n|t:|1776606791\n|move|p2b: Ninetales|Blizzard|p1b: Charizard|[spread] p1a,p1b\n|-resisted|p1a: Rotom|1\n|-damage|p1a: Rotom|10/100\n|-damage|p1b: Charizard|69/100\n|-status|p1b: Charizard|frz\n|cant|p1b: Charizard|frz\n|move|p1a: Rotom|Thunderbolt|p2b: Ninetales\n|-damage|p2b: Ninetales|59/100\n|move|p2a: Corviknight|Brave Bird|p1b: Charizard\n|-damage|p1b: Charizard|2/100 frz\n|-damage|p2a: Corviknight|0 fnt|[from] Recoil\n|faint|p2a: Corviknight\n|\n|-weather|Snowscape|[upkeep]\n|-heal|p1a: Rotom|16/100|[from] item: Leftovers\n|upkeep\n|turn|10\n|c|\u2606Spikeyrs|crazy\n|c|\u2606rajyesh1|beuh\n|\n|t:|1776606815\n|move|p2b: Ninetales|Blizzard|p1a: Rotom|[spread] p1a,p1b\n|-resisted|p1a: Rotom|1\n|-damage|p1a: Rotom|0 fnt\n|-damage|p1b: Charizard|0 fnt\n|faint|p1a: Rotom\n|faint|p1b: Charizard\n|\n|win|Spikeyrs\n|raw|rajyesh1's rating: 1264 &rarr; <strong>1236</strong><br />(-28 for losing)\n|raw|Spikeyrs's rating: 1226 &rarr; <strong>1254</strong><br />(+28 for winning)\n|c|\u2606Spikeyrs|sorry man\n|c|\u2606rajyesh1|gg\n|c|\u2606Spikeyrs|gg\n|c|\u2606rajyesh1|nah thats how the game works\n|l|\u2606Spikeyrs\n|player|p2|\n|c|\u2606rajyesh1|should have been more carefull\n",
  "uploadtime": 1776606839,
  "views": 13,
  "formatid": "gen9championsvgc2026regma",
  "rating": 1236,
  "private": 0,
  "password": null
}