{
  "id": "gen9championsvgc2026regma-2580442787",
  "format": "[Gen 9 Champions] VGC 2026 Reg M-A",
  "players": [
    "25th_mang",
    "Huy844485"
  ],
  "log": "|j|\u260625th_mang\n|j|\u2606Huy844485\n|t:|1775897262\n|gametype|doubles\n|player|p1|25th_mang|ballguy|1118\n|player|p2|Huy844485|169|1092\n|gen|9\n|tier|[Gen 9 Champions] VGC 2026 Reg M-A\n|rated|\n|rule|Species Clause: Limit one of each Pok\u00e9mon\n|rule|Item Clause: Limit 1 of each item\n|clearpoke\n|poke|p1|Crabominable, L50, M|\n|poke|p1|Farigiraf, L50, M|\n|poke|p1|Incineroar, L50, M|\n|poke|p1|Archaludon, L50, F|\n|poke|p1|Pelipper, L50, M|\n|poke|p1|Sinistcha, L50|\n|poke|p2|Froslass, L50, F|\n|poke|p2|Rotom-Frost, L50|\n|poke|p2|Garchomp, L50, M|\n|poke|p2|Incineroar, L50, M|\n|poke|p2|Kingambit, L50, F|\n|poke|p2|Sneasler, L50, F|\n|teampreview|4\n|inactive|Battle timer is ON: inactive players will automatically lose when time's up. (requested by 25th_mang)\n|inactive|25th_mang has 60 seconds left.\n|inactive|Huy844485 has 60 seconds left.\n|inactive|25th_mang has 30 seconds left.\n|inactive|25th_mang has 20 seconds left.\n|\n|t:|1775897335\n|teamsize|p1|4\n|teamsize|p2|4\n|start\n|switch|p1a: Flip|Farigiraf, L50, M|100/100\n|switch|p1b: Doomscroll|Archaludon, L50, F|100/100\n|switch|p2a: Froslass|Froslass, L50, F, shiny|100/100\n|switch|p2b: Incineroar|Incineroar, L50, M|100/100\n|-ability|p2b: Incineroar|Intimidate|boost\n|-unboost|p1a: Flip|atk|1\n|-unboost|p1b: Doomscroll|atk|1\n|turn|1\n|inactive|25th_mang has 30 seconds left.\n|inactive|25th_mang has 20 seconds left.\n|inactive|25th_mang has 15 seconds left.\n|inactive|25th_mang has 10 seconds left.\n|\n|t:|1775897384\n|detailschange|p2a: Froslass|Froslass-Mega, L50, F, shiny\n|-mega|p2a: Froslass|Froslass|Froslassite\n|-weather|Snowscape|[from] ability: Snow Warning|[of] p2a: Froslass\n|move|p2a: Froslass|Aurora Veil|p2a: Froslass\n|-sidestart|p2: Huy844485|move: Aurora Veil\n|move|p1b: Doomscroll|Flash Cannon|p2a: Froslass\n|-supereffective|p2a: Froslass|1\n|-damage|p2a: Froslass|24/100\n|move|p2b: Incineroar|Parting Shot|p1b: Doomscroll\n|-unboost|p1b: Doomscroll|atk|1\n|-unboost|p1b: Doomscroll|spa|1\n|\n|t:|1775897395\n|switch|p2b: Kingambit|Kingambit, L50, F|100/100|[from] Parting Shot\n|move|p1a: Flip|Trick Room|p1a: Flip\n|-fieldstart|move: Trick Room|[of] p1a: Flip\n|\n|-weather|Snowscape|[upkeep]\n|upkeep\n|turn|2\n|inactive|25th_mang has 30 seconds left.\n|inactive|25th_mang has 20 seconds left.\n|inactive|25th_mang has 15 seconds left.\n|\n|t:|1775897438\n|switch|p2a: Incineroar|Incineroar, L50, M|100/100\n|-ability|p2a: Incineroar|Intimidate|boost\n|-unboost|p1a: Flip|atk|1\n|-unboost|p1b: Doomscroll|atk|1\n|move|p1a: Flip|Helping Hand|p1b: Doomscroll\n|-singleturn|p1b: Doomscroll|Helping Hand|[of] p1a: Flip\n|move|p2b: Kingambit|Kowtow Cleave|p1a: Flip\n|-supereffective|p1a: Flip|1\n|-damage|p1a: Flip|5/100\n|move|p1b: Doomscroll|Dragon Pulse|p2a: Incineroar\n|-damage|p2a: Incineroar|74/100\n|\n|-weather|Snowscape|[upkeep]\n|upkeep\n|turn|3\n|inactive|Huy844485 has 30 seconds left.\n|inactive|Huy844485 has 20 seconds left.\n|inactive|Huy844485 has 15 seconds left.\n|inactive|Huy844485 has 10 seconds left.\n|\n|t:|1775897487\n|switch|p1b: My Direction|Sinistcha, L50|100/100\n|-heal|p1a: Flip|29/100|[from] ability: Hospitality|[of] p1b: My Direction\n|move|p2a: Incineroar|Fake Out||[still]\n|cant|p1a: Flip|ability: Armor Tail|Fake Out|[of] p2a: Incineroar\n|move|p2b: Kingambit|Iron Head|p1a: Flip\n|-damage|p1a: Flip|0 fnt\n|faint|p1a: Flip\n|\n|-weather|Snowscape|[upkeep]\n|upkeep\n|inactive|25th_mang has 30 seconds left.\n|inactive|25th_mang has 20 seconds left.\n|inactive|25th_mang has 15 seconds left.\n|inactive|25th_mang has 10 seconds left.\n|\n|t:|1775897533\n|switch|p1a: Hockey Reference|Crabominable, L50, M|100/100\n|turn|4\n|\n|t:|1775897547\n|detailschange|p1a: Hockey Reference|Crabominable-Mega, L50, M\n|-mega|p1a: Hockey Reference|Crabominable|Crabominite\n|move|p2b: Kingambit|Protect|p2b: Kingambit\n|-singleturn|p2b: Kingambit|Protect\n|move|p1b: My Direction|Rage Powder|p1b: My Direction\n|-singleturn|p1b: My Direction|move: Rage Powder\n|move|p1a: Hockey Reference|Drain Punch|p2a: Incineroar\n|-supereffective|p2a: Incineroar|1\n|-damage|p2a: Incineroar|11/100\n|-enditem|p2a: Incineroar|Sitrus Berry|[eat]\n|-heal|p2a: Incineroar|36/100|[from] item: Sitrus Berry\n|move|p2a: Incineroar|Flare Blitz|p1b: My Direction\n|-supereffective|p1b: My Direction|1\n|-damage|p1b: My Direction|29/100\n|-enditem|p1b: My Direction|Sitrus Berry|[eat]\n|-heal|p1b: My Direction|53/100|[from] item: Sitrus Berry\n|-damage|p2a: Incineroar|15/100|[from] Recoil\n|\n|-weather|Snowscape|[upkeep]\n|upkeep\n|turn|5\n|inactive|Huy844485 has 30 seconds left.\n|\n|t:|1775897577\n|switch|p2a: Froslass|Froslass-Mega, L50, F, shiny|24/100\n|move|p1b: My Direction|Rage Powder|p1b: My Direction\n|-singleturn|p1b: My Direction|move: Rage Powder\n|move|p1a: Hockey Reference|Drain Punch|p2b: Kingambit\n|-supereffective|p2b: Kingambit|2\n|-crit|p2b: Kingambit\n|-damage|p2b: Kingambit|0 fnt\n|faint|p2b: Kingambit\n|\n|-weather|none\n|-sideend|p2: Huy844485|move: Aurora Veil\n|-fieldend|move: Trick Room\n|upkeep\n|\n|t:|1775897592\n|switch|p2b: Incineroar|Incineroar, L50, M|15/100\n|-ability|p2b: Incineroar|Intimidate|boost\n|-unboost|p1a: Hockey Reference|atk|1\n|-unboost|p1b: My Direction|atk|1\n|turn|6\n|\n|t:|1775897614\n|move|p2b: Incineroar|Fake Out|p1a: Hockey Reference\n|-damage|p1a: Hockey Reference|92/100\n|move|p1b: My Direction|Rage Powder|p1b: My Direction\n|-singleturn|p1b: My Direction|move: Rage Powder\n|move|p2a: Froslass|Blizzard|p1a: Hockey Reference|[spread] p1b\n|-miss|p2a: Froslass|p1a: Hockey Reference\n|-supereffective|p1b: My Direction|1\n|-damage|p1b: My Direction|0 fnt\n|faint|p1b: My Direction\n|cant|p1a: Hockey Reference|flinch\n|\n|upkeep\n|\n|t:|1775897617\n|switch|p1b: Doomscroll|Archaludon, L50, F|100/100\n|turn|7\n|\n|t:|1775897631\n|switch|p2b: Garchomp|Garchomp, L50, M|100/100\n|move|p2a: Froslass|Protect|p2a: Froslass\n|-singleturn|p2a: Froslass|Protect\n|move|p1a: Hockey Reference|Protect|p1a: Hockey Reference\n|-singleturn|p1a: Hockey Reference|Protect\n|move|p1b: Doomscroll|Dragon Pulse|p2b: Garchomp\n|-supereffective|p2b: Garchomp|1\n|-damage|p2b: Garchomp|0 fnt\n|faint|p2b: Garchomp\n|\n|upkeep\n|\n|t:|1775897640\n|switch|p2b: Incineroar|Incineroar, L50, M|15/100\n|-ability|p2b: Incineroar|Intimidate|boost\n|-unboost|p1a: Hockey Reference|atk|1\n|-unboost|p1b: Doomscroll|atk|1\n|turn|8\n|-message|Huy844485 forfeited.\n|\n|win|25th_mang\n|raw|25th_mang's rating: 1118 &rarr; <strong>1141</strong><br />(+23 for winning)\n|raw|Huy844485's rating: 1092 &rarr; <strong>1070</strong><br />(-22 for losing)\n|l|\u2606Huy844485\n|player|p2|\n",
  "uploadtime": 1775897679,
  "views": 21,
  "formatid": "gen9championsvgc2026regma",
  "rating": 1070,
  "private": 0,
  "password": null
}