{
  "id": "gen9championsvgc2026regma-2580595591",
  "format": "[Gen 9 Champions] VGC 2026 Reg M-A",
  "players": [
    "prawnwizard",
    "sjysjy"
  ],
  "log": "|j|\u2606prawnwizard\n|j|\u2606sjysjy\n|t:|1775916471\n|gametype|doubles\n|player|p1|prawnwizard|harlequin|1263\n|player|p2|sjysjy|101|1203\n|gen|9\n|tier|[Gen 9 Champions] VGC 2026 Reg M-A\n|rated|\n|rule|Species Clause: Limit one of each Pok\u00e9mon\n|rule|Item Clause: Limit 1 of each item\n|clearpoke\n|poke|p1|Glimmora, L50, M|\n|poke|p1|Sableye, L50, F|\n|poke|p1|Rotom-Heat, L50|\n|poke|p1|Kingambit, L50, M|\n|poke|p1|Torkoal, L50, F|\n|poke|p1|Sinistcha, L50|\n|poke|p2|Gengar, L50, M|\n|poke|p2|Garchomp, L50, F|\n|poke|p2|Whimsicott, L50, M|\n|poke|p2|Typhlosion-Hisui, L50, F|\n|poke|p2|Kingambit, L50, M|\n|poke|p2|Rotom-Wash, L50|\n|teampreview|4\n|inactive|Battle timer is ON: inactive players will automatically lose when time's up. (requested by prawnwizard)\n|\n|t:|1775916495\n|teamsize|p1|4\n|teamsize|p2|4\n|start\n|switch|p1a: Glimmora|Glimmora, L50, M|100/100\n|switch|p1b: Rotom|Rotom-Heat, L50|100/100\n|switch|p2a: Garchomp|Garchomp, L50, F|100/100\n|switch|p2b: Kingambit|Kingambit, L50, M|100/100\n|turn|1\n|\n|t:|1775916513\n|switch|p2b: Rotom|Rotom-Wash, L50|100/100\n|detailschange|p1a: Glimmora|Glimmora-Mega, L50, M\n|-mega|p1a: Glimmora|Glimmora|Glimmoranite\n|move|p2a: Garchomp|Protect|p2a: Garchomp\n|-singleturn|p2a: Garchomp|Protect\n|move|p1a: Glimmora|Spiky Shield|p1a: Glimmora\n|-singleturn|p1a: Glimmora|move: Protect\n|move|p1b: Rotom|Trick|p2a: Garchomp\n|-activate|p2a: Garchomp|move: Protect\n|\n|upkeep\n|turn|2\n|\n|t:|1775916534\n|switch|p1a: Sableye|Sableye, L50, F|100/100\n|move|p1b: Rotom|Trick|p2a: Garchomp\n|-activate|p1b: Rotom|move: Trick|[of] p2a: Garchomp\n|-item|p2a: Garchomp|Choice Scarf|[from] move: Trick\n|-item|p1b: Rotom|Leftovers|[from] move: Trick\n|move|p2a: Garchomp|Earthquake|p1a: Sableye|[spread] p1a\n|-immune|p2b: Rotom|[from] ability: Levitate\n|-immune|p1b: Rotom|[from] ability: Levitate\n|-damage|p1a: Sableye|45/100\n|move|p2b: Rotom|Volt Switch|p1b: Rotom\n|-resisted|p1b: Rotom|1\n|-damage|p1b: Rotom|83/100\n|\n|t:|1775916547\n|switch|p2b: Gengar|Gengar, L50, M|100/100|[from] Volt Switch\n|\n|-heal|p1b: Rotom|88/100|[from] item: Leftovers\n|upkeep\n|turn|3\n|\n|t:|1775916564\n|switch|p1b: Kingambit|Kingambit, L50, M|100/100\n|detailschange|p2b: Gengar|Gengar-Mega, L50, M\n|-mega|p2b: Gengar|Gengar|Gengarite\n|move|p2b: Gengar|Protect|p2b: Gengar\n|-singleturn|p2b: Gengar|Protect\n|move|p1a: Sableye|Disable|p2a: Garchomp\n|-start|p2a: Garchomp|Disable|Earthquake\n|cant|p2a: Garchomp|Disable|Earthquake\n|\n|upkeep\n|turn|4\n|\n|t:|1775916577\n|switch|p2a: Rotom|Rotom-Wash, L50|100/100\n|switch|p2b: Kingambit|Kingambit, L50, M|100/100\n|move|p1a: Sableye|Encore|p2b: Kingambit\n|-hint|Since gen 7, Dark is immune to Prankster moves.\n|-immune|p2b: Kingambit\n|move|p1b: Kingambit|Kowtow Cleave|p2b: Kingambit\n|-resisted|p2b: Kingambit|1\n|-damage|p2b: Kingambit|76/100\n|\n|upkeep\n|turn|5\n|\n|t:|1775916599\n|move|p1a: Sableye|Taunt|p2a: Rotom\n|-start|p2a: Rotom|move: Taunt\n|move|p2a: Rotom|Hydro Pump|p1a: Sableye\n|-damage|p1a: Sableye|0 fnt\n|faint|p1a: Sableye\n|move|p2b: Kingambit|Low Kick|p1b: Kingambit\n|-supereffective|p1b: Kingambit|2\n|-damage|p1b: Kingambit|0 fnt\n|faint|p1b: Kingambit\n|\n|upkeep\n|-message|prawnwizard forfeited.\n|\n|win|sjysjy\n|raw|prawnwizard's rating: 1263 &rarr; <strong>1234</strong><br />(-29 for losing)\n|raw|sjysjy's rating: 1203 &rarr; <strong>1232</strong><br />(+29 for winning)\n|l|\u2606prawnwizard\n|player|p1|\n",
  "uploadtime": 1775916612,
  "views": 33,
  "formatid": "gen9championsvgc2026regma",
  "rating": 1232,
  "private": 0,
  "password": null
}