{
  "id": "gen9championsvgc2026regma-2580971632",
  "format": "[Gen 9 Champions] VGC 2026 Reg M-A",
  "players": [
    "wanwii",
    "waaaawaaidk"
  ],
  "log": "|j|\u2606wanwii\n|j|\u2606waaaawaaidk\n|t:|1775947874\n|gametype|doubles\n|player|p1|wanwii|2|1072\n|player|p2|waaaawaaidk|lacey|1000\n|gen|9\n|tier|[Gen 9 Champions] VGC 2026 Reg M-A\n|rated|\n|rule|Species Clause: Limit one of each Pok\u00e9mon\n|rule|Item Clause: Limit 1 of each item\n|clearpoke\n|poke|p1|Floette-Eternal, L50, F|\n|poke|p1|Maushold, L50|\n|poke|p1|Garchomp, L50, F|\n|poke|p1|Talonflame, L50, M|\n|poke|p1|Rotom-Wash, L50|\n|poke|p1|Aegislash, L50, F|\n|poke|p2|Slowbro, L50, F|\n|poke|p2|Simipour, L50, F|\n|poke|p2|Garchomp, L50, M|\n|poke|p2|Sinistcha, L50|\n|poke|p2|Rotom-Heat, L50|\n|poke|p2|Sneasler, L50, F|\n|teampreview|4\nwanwii has agreed to open team sheets.\n|inactive|Battle timer is ON: inactive players will automatically lose when time's up. (requested by wanwii)\n|\n|t:|1775947900\n|teamsize|p1|4\n|teamsize|p2|4\n|start\n|switch|p1a: Maushold|Maushold, L50|100/100\n|switch|p1b: Floette|Floette-Eternal, L50, F|100/100\n|switch|p2a: Slowbro|Slowbro, L50, F, shiny|100/100\n|switch|p2b: Simipour|Simipour, L50, F|100/100\n|turn|1\n|\n|t:|1775947913\n|move|p2b: Simipour|Fake Out|p1b: Floette\n|-damage|p1b: Floette|92/100\n|move|p1a: Maushold|Follow Me|p1a: Maushold\n|-singleturn|p1a: Maushold|move: Follow Me\n|cant|p1b: Floette|flinch\n|move|p2a: Slowbro|Amnesia|p2a: Slowbro\n|-boost|p2a: Slowbro|spd|2\n|\n|upkeep\n|turn|2\n|inactive|waaaawaaidk has 30 seconds left.\n|\n|t:|1775947939\n|detailschange|p1b: Floette|Floette-Mega, L50, F\n|-mega|p1b: Floette|Floette|Floettite\n|-ability|p1b: Floette|Fairy Aura\n|move|p1a: Maushold|Super Fang|p2a: Slowbro\n|-damage|p2a: Slowbro|50/100\n|move|p2b: Simipour|Flip Turn|p1a: Maushold\n|-damage|p1a: Maushold|75/100\n|\n|t:|1775947946\n|switch|p2b: Sneasler|Sneasler, L50, F|100/100|[from] Flip Turn\n|move|p1b: Floette|Calm Mind|p1b: Floette\n|-boost|p1b: Floette|spa|1\n|-boost|p1b: Floette|spd|1\n|move|p2a: Slowbro|Body Press|p1a: Maushold\n|-supereffective|p1a: Maushold|1\n|-damage|p1a: Maushold|7/100\n|\n|upkeep\n|turn|3\n|\n|t:|1775947961\n|move|p2b: Sneasler|Fake Out|p1b: Floette\n|-crit|p1b: Floette\n|-damage|p1b: Floette|75/100\n|move|p1a: Maushold|Follow Me|p1a: Maushold\n|-singleturn|p1a: Maushold|move: Follow Me\n|cant|p1b: Floette|flinch\n|move|p2a: Slowbro|Body Press|p1a: Maushold\n|-supereffective|p1a: Maushold|1\n|-damage|p1a: Maushold|0 fnt\n|faint|p1a: Maushold\n|\n|upkeep\n|\n|t:|1775947964\n|switch|p1a: Talonflame|Talonflame, L50, M|100/100\n|turn|4\n|\n|t:|1775947970\n|move|p1a: Talonflame|Tailwind|p1a: Talonflame\n|-sidestart|p1: wanwii|move: Tailwind\n|move|p1b: Floette|Dazzling Gleam|p2a: Slowbro|[spread] p2a,p2b\n|-crit|p2b: Sneasler\n|-damage|p2a: Slowbro|18/100\n|-damage|p2b: Sneasler|0 fnt\n|faint|p2b: Sneasler\n|move|p2a: Slowbro|Slack Off|p2a: Slowbro\n|-heal|p2a: Slowbro|68/100\n|\n|upkeep\n|inactive|waaaawaaidk has 30 seconds left.\n|\n|t:|1775948004\n|switch|p2b: Garchomp|Garchomp, L50, M|100/100\n|turn|5\n|\n|t:|1775948018\n|detailschange|p2a: Slowbro|Slowbro-Mega, L50, F, shiny\n|-mega|p2a: Slowbro|Slowbro|Slowbronite\n|move|p1a: Talonflame|Acrobatics|p2a: Slowbro\n|-damage|p2a: Slowbro|46/100\n|move|p1b: Floette|Moonblast|p2b: Garchomp\n|-supereffective|p2b: Garchomp|1\n|-damage|p2b: Garchomp|0 fnt\n|faint|p2b: Garchomp\n|move|p2a: Slowbro|Amnesia|p2a: Slowbro\n|-boost|p2a: Slowbro|spd|2\n|\n|upkeep\n|\n|t:|1775948026\n|switch|p2b: Simipour|Simipour, L50, F|100/100\n|turn|6\n|\n|t:|1775948031\n|move|p1b: Floette|Protect|p1b: Floette\n|-singleturn|p1b: Floette|Protect\n|move|p2b: Simipour|Fake Out|p1a: Talonflame\n|-damage|p1a: Talonflame|86/100\n|cant|p1a: Talonflame|flinch\n|move|p2a: Slowbro|Slack Off|p2a: Slowbro\n|-heal|p2a: Slowbro|96/100\n|\n|upkeep\n|turn|7\n|\n|t:|1775948053\n|move|p1a: Talonflame|Acrobatics|p2b: Simipour\n|-damage|p2b: Simipour|22/100\n|move|p1b: Floette|Moonblast|p2b: Simipour\n|-damage|p2b: Simipour|0 fnt\n|faint|p2b: Simipour\n|move|p2a: Slowbro|Iron Defense|p2a: Slowbro\n|-boost|p2a: Slowbro|def|2\n|\n|-sideend|p1: wanwii|move: Tailwind\n|upkeep\n|turn|8\n|\n|t:|1775948067\n|move|p1a: Talonflame|Acrobatics|p2a: Slowbro\n|-damage|p2a: Slowbro|84/100\n|move|p1b: Floette|Moonblast|p2a: Slowbro\n|-damage|p2a: Slowbro|52/100\n|move|p2a: Slowbro|Iron Defense|p2a: Slowbro\n|-boost|p2a: Slowbro|def|2\n|\n|upkeep\n|turn|9\n|\n|t:|1775948071\n|move|p1a: Talonflame|Acrobatics|p2a: Slowbro\n|-damage|p2a: Slowbro|43/100\n|move|p1b: Floette|Moonblast|p2a: Slowbro\n|-damage|p2a: Slowbro|10/100\n|move|p2a: Slowbro|Slack Off|p2a: Slowbro\n|-heal|p2a: Slowbro|60/100\n|\n|upkeep\n|turn|10\n|\n|t:|1775948076\n|move|p1a: Talonflame|Acrobatics|p2a: Slowbro\n|-damage|p2a: Slowbro|52/100\n|move|p1b: Floette|Moonblast|p2a: Slowbro\n|-damage|p2a: Slowbro|18/100\n|move|p2a: Slowbro|Slack Off|p2a: Slowbro\n|-heal|p2a: Slowbro|68/100\n|\n|upkeep\n|turn|11\n|\n|t:|1775948081\n|move|p1a: Talonflame|Acrobatics|p2a: Slowbro\n|-damage|p2a: Slowbro|60/100\n|move|p1b: Floette|Moonblast|p2a: Slowbro\n|-damage|p2a: Slowbro|28/100\n|move|p2a: Slowbro|Body Press|p1b: Floette\n|-resisted|p1b: Floette|1\n|-damage|p1b: Floette|18/100\n|\n|upkeep\n|turn|12\n|\n|t:|1775948090\n|move|p1b: Floette|Protect|p1b: Floette\n|-singleturn|p1b: Floette|Protect\n|move|p1a: Talonflame|Acrobatics|p2a: Slowbro\n|-damage|p2a: Slowbro|21/100\n|move|p2a: Slowbro|Slack Off|p2a: Slowbro\n|-heal|p2a: Slowbro|71/100\n|\n|upkeep\n|turn|13\n|\n|t:|1775948096\n|move|p1a: Talonflame|Acrobatics|p2a: Slowbro\n|-damage|p2a: Slowbro|63/100\n|move|p1b: Floette|Moonblast|p2a: Slowbro\n|-damage|p2a: Slowbro|29/100\n|move|p2a: Slowbro|Body Press|p1b: Floette\n|-resisted|p1b: Floette|1\n|-damage|p1b: Floette|0 fnt\n|faint|p1b: Floette\n|\n|upkeep\n|\n|t:|1775948098\n|switch|p1b: Garchomp|Garchomp, L50, F|100/100\n|turn|14\n|\n|t:|1775948108\n|move|p1a: Talonflame|Acrobatics|p2a: Slowbro\n|-damage|p2a: Slowbro|20/100\n|move|p1b: Garchomp|Earthquake|p2a: Slowbro|[spread] p2a\n|-immune|p1a: Talonflame\n|-damage|p2a: Slowbro|12/100\n|move|p2a: Slowbro|Slack Off|p2a: Slowbro\n|-heal|p2a: Slowbro|62/100\n|\n|upkeep\n|turn|15\n|\n|t:|1775948112\n|move|p1a: Talonflame|Acrobatics|p2a: Slowbro\n|-damage|p2a: Slowbro|54/100\n|move|p1b: Garchomp|Earthquake|p2a: Slowbro|[spread] p2a\n|-immune|p1a: Talonflame\n|-damage|p2a: Slowbro|45/100\n|move|p2a: Slowbro|Slack Off|p2a: Slowbro\n|-heal|p2a: Slowbro|95/100\n|\n|upkeep\n|turn|16\n|\n|t:|1775948117\n|move|p1a: Talonflame|Acrobatics|p2a: Slowbro\n|-damage|p2a: Slowbro|88/100\n|move|p1b: Garchomp|Earthquake|p2a: Slowbro|[spread] p2a\n|-immune|p1a: Talonflame\n|-damage|p2a: Slowbro|79/100\n|move|p2a: Slowbro|Body Press|p1b: Garchomp\n|-damage|p1b: Garchomp|0 fnt\n|-damage|p2a: Slowbro|67/100|[from] ability: Rough Skin|[of] p1b: Garchomp\n|faint|p1b: Garchomp\n|\n|upkeep\n|turn|17\n|\n|t:|1775948123\n|move|p1a: Talonflame|Acrobatics|p2a: Slowbro\n|-damage|p2a: Slowbro|59/100\n|move|p2a: Slowbro|Body Press|p1a: Talonflame\n|-resisted|p1a: Talonflame|1\n|-damage|p1a: Talonflame|1/100\n|\n|upkeep\n|turn|18\n|\n|t:|1775948126\n|move|p1a: Talonflame|Acrobatics|p2a: Slowbro\n|-damage|p2a: Slowbro|52/100\n|move|p2a: Slowbro|Body Press|p1a: Talonflame\n|-resisted|p1a: Talonflame|1\n|-damage|p1a: Talonflame|0 fnt\n|faint|p1a: Talonflame\n|\n|win|waaaawaaidk\n|raw|wanwii's rating: 1072 &rarr; <strong>1047</strong><br />(-25 for losing)\n|raw|waaaawaaidk's rating: 1000 &rarr; <strong>1048</strong><br />(+48 for winning)\n|l|\u2606wanwii\n|player|p1|\n",
  "uploadtime": 1775948128,
  "views": 26,
  "formatid": "gen9championsvgc2026regma",
  "rating": 1047,
  "private": 0,
  "password": null
}