{
  "id": "gen9championsvgc2026regma-2585122373",
  "format": "[Gen 9 Champions] VGC 2026 Reg M-A",
  "players": [
    "seabear2112",
    "Mentalsyndrome"
  ],
  "log": "|j|\u2606seabear2112\n|j|\u2606Mentalsyndrome\n|t:|1776314378\n|gametype|doubles\n|player|p1|seabear2112|guitarist|1272\n|player|p2|Mentalsyndrome|101|1190\n|gen|9\n|tier|[Gen 9 Champions] VGC 2026 Reg M-A\n|rated|\n|rule|Species Clause: Limit one of each Pok\u00e9mon\n|rule|Item Clause: Limit 1 of each item\n|clearpoke\n|poke|p1|Glimmora, L50, M|\n|poke|p1|Talonflame, L50, F|\n|poke|p1|Rotom-Wash, L50|\n|poke|p1|Garchomp, L50, M|\n|poke|p1|Floette-Eternal, L50, F|\n|poke|p1|Aegislash, L50, M|\n|poke|p2|Maushold, L50|\n|poke|p2|Farigiraf, L50, M|\n|poke|p2|Hydrapple, L50, M|\n|poke|p2|Crabominable, L50, F|\n|poke|p2|Hatterene, L50, F|\n|poke|p2|Lucario, L50, F|\n|teampreview|4\n|inactive|Battle timer is ON: inactive players will automatically lose when time's up. (requested by Mentalsyndrome)\n|inactive|Mentalsyndrome has 60 seconds left.\n|\n|t:|1776314429\n|teamsize|p1|4\n|teamsize|p2|4\n|start\n|switch|p1a: Holt|Rotom-Wash, L50|100/100\n|switch|p1b: Linetti|Floette-Eternal, L50, F|100/100\n|switch|p2a: Maushold|Maushold, L50|100/100\n|switch|p2b: Farigiraf|Farigiraf, L50, M|100/100\n|turn|1\n|\n|t:|1776314448\n|switch|p2b: Hydrapple|Hydrapple, L50, M|100/100\n|-ability|p2b: Hydrapple|Supersweet Syrup\n|-unboost|p1a: Holt|evasion|1\n|-unboost|p1b: Linetti|evasion|1\n|detailschange|p1b: Linetti|Floette-Mega, L50, F\n|-mega|p1b: Linetti|Floette|Floettite\n|-ability|p1b: Linetti|Fairy Aura\n|move|p2a: Maushold|Population Bomb|p1a: Holt\n|-damage|p1a: Holt|88/100\n|-damage|p1a: Holt|74/100\n|-damage|p1a: Holt|62/100\n|-damage|p1a: Holt|48/100\n|-enditem|p1a: Holt|Sitrus Berry|[eat]\n|-heal|p1a: Holt|73/100|[from] item: Sitrus Berry\n|-damage|p1a: Holt|60/100\n|-damage|p1a: Holt|46/100\n|-damage|p1a: Holt|30/100\n|-damage|p1a: Holt|16/100\n|-damage|p1a: Holt|2/100\n|-damage|p1a: Holt|0 fnt\n|faint|p1a: Holt\n|-hitcount|p1: Holt|10\n|move|p1b: Linetti|Calm Mind|p1b: Linetti\n|-boost|p1b: Linetti|spa|1\n|-boost|p1b: Linetti|spd|1\n|\n|upkeep\n|inactive|seabear2112 has 30 seconds left.\n|inactive|seabear2112 has 20 seconds left.\n|\n|t:|1776314486\n|switch|p1a: Peralta|Aegislash, L50, M|100/100\n|turn|2\n|\n|t:|1776314494\n|move|p1b: Linetti|Protect|p1b: Linetti\n|-singleturn|p1b: Linetti|Protect\n|move|p2a: Maushold|Population Bomb|p1b: Linetti\n|-activate|p1b: Linetti|move: Protect\n|-formechange|p1a: Peralta|Aegislash-Blade|\n|move|p1a: Peralta|Sacred Sword|p2a: Maushold\n|-supereffective|p2a: Maushold|1\n|-damage|p2a: Maushold|0 fnt\n|faint|p2a: Maushold\n|move|p2b: Hydrapple|Draco Meteor|p1a: Peralta\n|-resisted|p1a: Peralta|1\n|-damage|p1a: Peralta|34/100\n|-unboost|p2b: Hydrapple|spa|2\n|\n|upkeep\n|\n|t:|1776314497\n|switch|p2a: Farigiraf|Farigiraf, L50, M|100/100\n|turn|3\n|\n|t:|1776314517\n|-formechange|p1a: Peralta|Aegislash|\n|move|p1a: Peralta|King's Shield|p1a: Peralta\n|-singleturn|p1a: Peralta|Protect\n|move|p1b: Linetti|Dazzling Gleam|p2b: Hydrapple|[spread] p2a,p2b\n|-supereffective|p2b: Hydrapple|1\n|-damage|p2a: Farigiraf|39/100\n|-damage|p2b: Hydrapple|0 fnt\n|faint|p2b: Hydrapple\n|move|p2a: Farigiraf|Trick Room|p2a: Farigiraf\n|-fieldstart|move: Trick Room|[of] p2a: Farigiraf\n|\n|upkeep\n|\n|t:|1776314519\n|switch|p2b: Crabominable|Crabominable, L50, F|100/100\n|turn|4\n|\n|t:|1776314538\n|detailschange|p2b: Crabominable|Crabominable-Mega, L50, F\n|-mega|p2b: Crabominable|Crabominable|Crabominite\n|move|p2a: Farigiraf|Helping Hand|p2b: Crabominable\n|-singleturn|p2b: Crabominable|Helping Hand|[of] p2a: Farigiraf\n|move|p2b: Crabominable|Ice Hammer|p1a: Peralta\n|-resisted|p1a: Peralta|1\n|-crit|p1a: Peralta\n|-damage|p1a: Peralta|0 fnt\n|-unboost|p2b: Crabominable|spe|1\n|faint|p1a: Peralta\n|move|p1b: Linetti|Draining Kiss|p2b: Crabominable\n|-supereffective|p2b: Crabominable|1\n|-damage|p2b: Crabominable|8/100\n|\n|upkeep\n|\n|t:|1776314552\n|switch|p1a: Jeffords|Garchomp, L50, M|100/100\n|turn|5\n|\n|t:|1776314564\n|move|p2b: Crabominable|Ice Hammer|p1a: Jeffords\n|-supereffective|p1a: Jeffords|2\n|-damage|p1a: Jeffords|0 fnt\n|-unboost|p2b: Crabominable|spe|1\n|-damage|p2b: Crabominable|0 fnt|[from] ability: Rough Skin|[of] p1a: Jeffords\n|faint|p1a: Jeffords\n|faint|p2b: Crabominable\n|move|p2a: Farigiraf|Hyper Voice|p1b: Linetti\n|-damage|p1b: Linetti|83/100\n|move|p1b: Linetti|Dazzling Gleam|p2a: Farigiraf\n|-damage|p2a: Farigiraf|0 fnt\n|faint|p2a: Farigiraf\n|\n|win|seabear2112\n|raw|seabear2112's rating: 1272 &rarr; <strong>1291</strong><br />(+19 for winning)\n|raw|Mentalsyndrome's rating: 1190 &rarr; <strong>1171</strong><br />(-19 for losing)\n",
  "uploadtime": 1776314567,
  "views": 21,
  "formatid": "gen9championsvgc2026regma",
  "rating": 1171,
  "private": 0,
  "password": null
}