{
  "id": "gen9championsvgc2026regma-2587509267",
  "format": "[Gen 9 Champions] VGC 2026 Reg M-A",
  "players": [
    "Sheepsoft",
    "s11verflame"
  ],
  "log": "|j|\u2606Sheepsoft\n|j|\u2606s11verflame\n|t:|1776537881\n|gametype|doubles\n|player|p1|Sheepsoft|maid|1123\n|player|p2|s11verflame|n|1102\n|gen|9\n|tier|[Gen 9 Champions] VGC 2026 Reg M-A\n|rated|\n|rule|Species Clause: Limit one of each Pok\u00e9mon\n|rule|Item Clause: Limit 1 of each item\n|clearpoke\n|poke|p1|Hydreigon, L50, F|\n|poke|p1|Aegislash, L50, F|\n|poke|p1|Whimsicott, L50, F|\n|poke|p1|Garchomp, L50, M|\n|poke|p1|Delphox, L50, M|\n|poke|p1|Sneasler, L50, F|\n|poke|p2|Meganium, L50, F|\n|poke|p2|Talonflame, L50, F|\n|poke|p2|Gyarados, L50, M|\n|poke|p2|Garchomp, L50, F|\n|poke|p2|Rotom-Wash, L50|\n|poke|p2|Kingambit, L50, F, shiny|\n|teampreview|4\n|\n|t:|1776537941\n|teamsize|p1|4\n|teamsize|p2|4\n|start\n|switch|p1a: Whimsicott|Whimsicott, L50, F|100/100\n|switch|p1b: Garchomp|Garchomp, L50, M|100/100\n|switch|p2a: Talonflame|Talonflame, L50, F|100/100\n|switch|p2b: Gyarados|Gyarados, L50, M|100/100\n|-ability|p2b: Gyarados|Intimidate|boost\n|-unboost|p1a: Whimsicott|atk|1\n|-unboost|p1b: Garchomp|atk|1\n|turn|1\n|\n|t:|1776537985\n|move|p1a: Whimsicott|Tailwind|p1a: Whimsicott\n|-sidestart|p1: Sheepsoft|move: Tailwind\n|move|p2a: Talonflame|Tailwind|p2a: Talonflame\n|-sidestart|p2: s11verflame|move: Tailwind\n|move|p1b: Garchomp|Rock Slide|p2a: Talonflame|[spread] p2a,p2b\n|-supereffective|p2a: Talonflame|2\n|-supereffective|p2b: Gyarados|1\n|-damage|p2a: Talonflame|22/100\n|-damage|p2b: Gyarados|77/100\n|move|p2b: Gyarados|Taunt|p1a: Whimsicott\n|-start|p1a: Whimsicott|move: Taunt\n|\n|-heal|p2b: Gyarados|83/100|[from] item: Leftovers\n|upkeep\n|turn|2\n|\n|t:|1776538055\n|switch|p1a: Aegislash|Aegislash, L50, F|100/100\n|switch|p2b: Rotom|Rotom-Wash, L50|100/100\n|move|p2a: Talonflame|Brave Bird|p1a: Aegislash\n|-resisted|p1a: Aegislash|1\n|-damage|p1a: Aegislash|75/100\n|-damage|p2a: Talonflame|14/100|[from] Recoil\n|move|p1b: Garchomp|Rock Slide|p2b: Rotom|[spread] p2a,p2b\n|-supereffective|p2a: Talonflame|2\n|-damage|p2a: Talonflame|0 fnt\n|-damage|p2b: Rotom|88/100\n|faint|p2a: Talonflame\n|\n|upkeep\n|\n|t:|1776538071\n|switch|p2a: Gyarados|Gyarados, L50, M|83/100\n|-ability|p2a: Gyarados|Intimidate|boost\n|-unboost|p1a: Aegislash|atk|1\n|-unboost|p1b: Garchomp|atk|1\n|turn|3\n|\n|t:|1776538086\n|switch|p1b: Sneasler|Sneasler, L50, F|100/100\n|move|p2a: Gyarados|Thunder Wave|p1a: Aegislash\n|-status|p1a: Aegislash|par\n|move|p2b: Rotom|Will-O-Wisp|p1b: Sneasler\n|-status|p1b: Sneasler|brn\n|move|p1a: Aegislash|Substitute|p1a: Aegislash\n|-start|p1a: Aegislash|Substitute\n|-damage|p1a: Aegislash|50/100 par\n|-enditem|p1a: Aegislash|Sitrus Berry|[eat]\n|-heal|p1a: Aegislash|75/100 par|[from] item: Sitrus Berry\n|\n|-heal|p2a: Gyarados|89/100|[from] item: Leftovers\n|-damage|p1b: Sneasler|95/100 brn|[from] brn\n|upkeep\n|turn|4\n|\n|t:|1776538122\n|switch|p2a: Meganium|Meganium, L50, F|100/100\n|move|p1b: Sneasler|Coaching|p1a: Aegislash\n|-boost|p1a: Aegislash|atk|1\n|-boost|p1a: Aegislash|def|1\n|move|p2b: Rotom|Hydro Pump|p1b: Sneasler\n|-damage|p1b: Sneasler|39/100 brn\n|cant|p1a: Aegislash|par\n|\n|-damage|p1b: Sneasler|34/100 brn|[from] brn\n|-sideend|p2: s11verflame|move: Tailwind\n|-sideend|p1: Sheepsoft|move: Tailwind\n|upkeep\n|turn|5\n|\n|t:|1776538152\n|switch|p2a: Gyarados|Gyarados, L50, M|89/100\n|-ability|p2a: Gyarados|Intimidate|boost\n|-immune|p1a: Aegislash\n|-unboost|p1b: Sneasler|atk|1\n|-enditem|p1b: Sneasler|White Herb\n|-clearnegativeboost|p1b: Sneasler|[silent]\n|move|p1b: Sneasler|Close Combat|p2b: Rotom\n|-damage|p2b: Rotom|56/100\n|-unboost|p1b: Sneasler|def|1\n|-unboost|p1b: Sneasler|spd|1\n|move|p2b: Rotom|Hydro Pump|p1b: Sneasler\n|-damage|p1b: Sneasler|0 fnt\n|faint|p1b: Sneasler\n|cant|p1a: Aegislash|par\n|\n|-heal|p2a: Gyarados|95/100|[from] item: Leftovers\n|upkeep\n|\n|t:|1776538169\n|switch|p1b: Garchomp|Garchomp, L50, M|100/100\n|turn|6\n|\n|t:|1776538188\n|move|p1b: Garchomp|Rock Slide|p2a: Gyarados|[spread] p2a\n|-miss|p1b: Garchomp|p2b: Rotom\n|-supereffective|p2a: Gyarados|1\n|-damage|p2a: Gyarados|58/100\n|cant|p2a: Gyarados|flinch\n|move|p2b: Rotom|Will-O-Wisp|p1b: Garchomp\n|-status|p1b: Garchomp|brn\n|-formechange|p1a: Aegislash|Aegislash-Blade|\n|move|p1a: Aegislash|Poltergeist|p2b: Rotom\n|-activate|p2b: Rotom|move: Poltergeist|Sitrus Berry\n|-damage|p2b: Rotom|0 fnt\n|faint|p2b: Rotom\n|\n|-heal|p2a: Gyarados|64/100|[from] item: Leftovers\n|-damage|p1b: Garchomp|95/100 brn|[from] brn\n|upkeep\n|\n|t:|1776538207\n|switch|p2b: Meganium|Meganium, L50, F|100/100\n|turn|7\n|\n|t:|1776538238\n|detailschange|p2b: Meganium|Meganium-Mega, L50, F\n|-mega|p2b: Meganium|Meganium|Meganiumite\n|move|p2a: Gyarados|Helping Hand|p2b: Meganium\n|-singleturn|p2b: Meganium|Helping Hand|[of] p2a: Gyarados\n|-formechange|p1a: Aegislash|Aegislash|\n|move|p1a: Aegislash|King's Shield|p1a: Aegislash\n|-singleturn|p1a: Aegislash|Protect\n|move|p1b: Garchomp|Rock Slide|p2a: Gyarados|[spread] p2a,p2b\n|-supereffective|p2a: Gyarados|1\n|-damage|p2a: Gyarados|47/100\n|-damage|p2b: Meganium|91/100\n|move|p2b: Meganium|Dazzling Gleam|p1b: Garchomp|[spread] p1b\n|-activate|p1a: Aegislash|move: Protect\n|-supereffective|p1b: Garchomp|1\n|-damage|p1b: Garchomp|0 fnt\n|faint|p1b: Garchomp\n|\n|-heal|p2a: Gyarados|53/100|[from] item: Leftovers\n|upkeep\n|\n|t:|1776538254\n|switch|p1b: Whimsicott|Whimsicott, L50, F|100/100\n|turn|8\n|\n|t:|1776538277\n|move|p1b: Whimsicott|Encore|p2a: Gyarados\n|-start|p2a: Gyarados|Encore\n|move|p2a: Gyarados|Helping Hand|p2b: Meganium\n|-singleturn|p2b: Meganium|Helping Hand|[of] p2a: Gyarados\n|move|p2b: Meganium|Weather Ball|p1b: Whimsicott\n|-supereffective|p1b: Whimsicott|1\n|-enditem|p1b: Whimsicott|Focus Sash\n|-damage|p1b: Whimsicott|1/100\n|-formechange|p1a: Aegislash|Aegislash-Blade|\n|move|p1a: Aegislash|Iron Head|p2b: Meganium\n|-supereffective|p2b: Meganium|1\n|-damage|p2b: Meganium|7/100\n|\n|-heal|p2a: Gyarados|59/100|[from] item: Leftovers\n|upkeep\n|turn|9\n|\n|t:|1776538306\n|move|p2a: Gyarados|Helping Hand|p2b: Meganium\n|-singleturn|p2b: Meganium|Helping Hand|[of] p2a: Gyarados\n|-formechange|p1a: Aegislash|Aegislash|\n|move|p1a: Aegislash|King's Shield|p1a: Aegislash\n|-singleturn|p1a: Aegislash|Protect\n|move|p1b: Whimsicott|Moonblast|p2b: Meganium\n|-damage|p2b: Meganium|0 fnt\n|faint|p2b: Meganium\n|\n|-heal|p2a: Gyarados|65/100|[from] item: Leftovers\n|upkeep\n|turn|10\n|\n|t:|1776538321\n|move|p2a: Gyarados|Helping Hand|p2: Meganium|[notarget]\n|-fail|p2a: Gyarados\n|move|p1b: Whimsicott|Moonblast|p2a: Gyarados\n|-crit|p2a: Gyarados\n|-damage|p2a: Gyarados|26/100\n|-formechange|p1a: Aegislash|Aegislash-Blade|\n|move|p1a: Aegislash|Poltergeist|p2a: Gyarados\n|-activate|p2a: Gyarados|move: Poltergeist|Leftovers\n|-damage|p2a: Gyarados|0 fnt\n|faint|p2a: Gyarados\n|\n|win|Sheepsoft\n|raw|Sheepsoft's rating: 1123 &rarr; <strong>1146</strong><br />(+23 for winning)\n|raw|s11verflame's rating: 1102 &rarr; <strong>1079</strong><br />(-23 for losing)\n",
  "uploadtime": 1776538333,
  "views": 14,
  "formatid": "gen9championsvgc2026regma",
  "rating": 1079,
  "private": 0,
  "password": null
}