{
  "id": "gen9championsvgc2026regma-2582325746",
  "format": "[Gen 9 Champions] VGC 2026 Reg M-A",
  "players": [
    "d33rinheadlightss",
    "DonkeyVGCP"
  ],
  "log": "|j|\u2606d33rinheadlightss\n|j|\u2606DonkeyVGCP\n|t:|1776083527\n|gametype|doubles\n|player|p1|d33rinheadlightss|1|1060\n|player|p2|DonkeyVGCP|2|1075\n|gen|9\n|tier|[Gen 9 Champions] VGC 2026 Reg M-A\n|rated|\n|rule|Species Clause: Limit one of each Pok\u00e9mon\n|rule|Item Clause: Limit 1 of each item\n|clearpoke\n|poke|p1|Froslass, L50, F|\n|poke|p1|Rotom-Frost, L50|\n|poke|p1|Incineroar, L50, F|\n|poke|p1|Garchomp, L50, F|\n|poke|p1|Empoleon, L50, M|\n|poke|p1|Kingambit, L50, F|\n|poke|p2|Dragapult, L50, M|\n|poke|p2|Charizard, L50, M|\n|poke|p2|Maushold-Four, L50|\n|poke|p2|Venusaur, L50, F|\n|poke|p2|Incineroar, L50, F|\n|poke|p2|Sneasler, L50, M|\n|teampreview|4\n|inactive|Battle timer is ON: inactive players will automatically lose when time's up. (requested by DonkeyVGCP)\n|inactive|d33rinheadlightss also wants the timer to be on.\n|inactive|d33rinheadlightss has 60 seconds left.\n|inactive|DonkeyVGCP has 60 seconds left.\n|inactive|DonkeyVGCP has 30 seconds left.\n|inactive|DonkeyVGCP has 20 seconds left.\n|\n|t:|1776083601\n|teamsize|p1|4\n|teamsize|p2|4\n|start\n|switch|p1a: Froslass|Froslass, L50, F, shiny|100/100\n|switch|p1b: Garchomp|Garchomp, L50, F, shiny|100/100\n|switch|p2a: Sneasler|Sneasler, L50, M, shiny|100/100\n|switch|p2b: Dragapult|Dragapult, L50, M|100/100\n|turn|1\n|inactive|d33rinheadlightss has 30 seconds left.\n|\n|t:|1776083629\n|detailschange|p1a: Froslass|Froslass-Mega, L50, F, shiny\n|-mega|p1a: Froslass|Froslass|Froslassite\n|-weather|Snowscape|[from] ability: Snow Warning|[of] p1a: Froslass\n|move|p2b: Dragapult|Substitute|p2b: Dragapult\n|-start|p2b: Dragapult|Substitute\n|-damage|p2b: Dragapult|75/100\n|move|p2a: Sneasler|Close Combat|p1b: Garchomp\n|-damage|p1b: Garchomp|41/100\n|-unboost|p2a: Sneasler|def|1\n|-unboost|p2a: Sneasler|spd|1\n|-enditem|p2a: Sneasler|White Herb\n|-clearnegativeboost|p2a: Sneasler|[silent]\n|move|p1a: Froslass|Aurora Veil|p1a: Froslass\n|-sidestart|p1: d33rinheadlightss|move: Aurora Veil\n|move|p1b: Garchomp|Dragon Claw|p2b: Dragapult\n|-supereffective|p2b: Dragapult|1\n|-end|p2b: Dragapult|Substitute\n|\n|-weather|Snowscape|[upkeep]\n|-heal|p2b: Dragapult|82/100|[from] item: Leftovers\n|upkeep\n|turn|2\n|inactive|d33rinheadlightss has 30 seconds left.\n|inactive|DonkeyVGCP has 30 seconds left.\n|inactive|DonkeyVGCP has 20 seconds left.\n|inactive|DonkeyVGCP has 15 seconds left.\n|inactive|DonkeyVGCP has 10 seconds left.\n|inactive|DonkeyVGCP has 5 seconds left.\n|\n|t:|1776083681\n|move|p2b: Dragapult|Protect|p2b: Dragapult\n|-singleturn|p2b: Dragapult|Protect\n|move|p1b: Garchomp|Protect|p1b: Garchomp\n|-singleturn|p1b: Garchomp|Protect\n|move|p2a: Sneasler|Dire Claw|p1a: Froslass\n|-resisted|p1a: Froslass|1\n|-damage|p1a: Froslass|84/100\n|-status|p1a: Froslass|psn\n|move|p1a: Froslass|Blizzard|p2b: Dragapult|[spread] p2a\n|-activate|p2b: Dragapult|move: Protect\n|-damage|p2a: Sneasler|34/100\n|-status|p2a: Sneasler|frz\n|\n|-weather|Snowscape|[upkeep]\n|-heal|p2b: Dragapult|88/100|[from] item: Leftovers\n|-damage|p1a: Froslass|72/100 psn|[from] psn\n|upkeep\n|turn|3\n|inactive|d33rinheadlightss has 30 seconds left.\n|inactive|d33rinheadlightss has 20 seconds left.\n|inactive|d33rinheadlightss has 15 seconds left.\n|inactive|d33rinheadlightss has 10 seconds left.\n|\n|t:|1776083730\n|switch|p1a: Rotom|Rotom-Frost, L50, shiny|100/100\n|cant|p2a: Sneasler|frz\n|move|p2b: Dragapult|Substitute|p2b: Dragapult\n|-start|p2b: Dragapult|Substitute\n|-damage|p2b: Dragapult|63/100\n|move|p1b: Garchomp|Earthquake|p2b: Dragapult|[spread] p2a,p2b\n|-immune|p1a: Rotom|[from] ability: Levitate\n|-end|p2b: Dragapult|Substitute\n|-supereffective|p2a: Sneasler|1\n|-damage|p2a: Sneasler|0 fnt\n|faint|p2a: Sneasler\n|\n|-weather|Snowscape|[upkeep]\n|-heal|p2b: Dragapult|69/100|[from] item: Leftovers\n|upkeep\n|\n|t:|1776083744\n|switch|p2a: Charizard|Charizard, L50, M, shiny|100/100\n|turn|4\n|\n|t:|1776083767\n|switch|p2a: Incineroar|Incineroar, L50, F|100/100\n|-ability|p2a: Incineroar|Intimidate|boost\n|-unboost|p1a: Rotom|atk|1\n|-unboost|p1b: Garchomp|atk|1\n|-enditem|p1b: Garchomp|White Herb\n|-clearnegativeboost|p1b: Garchomp|[silent]\n|move|p1a: Rotom|Thunderbolt|p2a: Incineroar\n|-damage|p2a: Incineroar|59/100\n|move|p2b: Dragapult|Substitute|p2b: Dragapult\n|-start|p2b: Dragapult|Substitute\n|-damage|p2b: Dragapult|44/100\n|move|p1b: Garchomp|Dragon Claw|p2b: Dragapult\n|-supereffective|p2b: Dragapult|1\n|-end|p2b: Dragapult|Substitute\n|\n|-weather|Snowscape|[upkeep]\n|-heal|p2b: Dragapult|50/100|[from] item: Leftovers\n|upkeep\n|turn|5\n|inactive|DonkeyVGCP has 30 seconds left.\n|\n|t:|1776083797\n|switch|p1a: Empoleon|Empoleon, L50, M, shiny|100/100\n|move|p2b: Dragapult|Substitute|p2b: Dragapult\n|-start|p2b: Dragapult|Substitute\n|-damage|p2b: Dragapult|25/100\n|move|p1b: Garchomp|Rock Slide|p2a: Incineroar|[spread] p2a\n|-miss|p1b: Garchomp|p2b: Dragapult\n|-supereffective|p2a: Incineroar|1\n|-damage|p2a: Incineroar|26/100\n|-enditem|p2a: Incineroar|Sitrus Berry|[eat]\n|-heal|p2a: Incineroar|51/100|[from] item: Sitrus Berry\n|move|p2a: Incineroar|Parting Shot|p1b: Garchomp\n|-unboost|p1b: Garchomp|atk|1\n|-unboost|p1b: Garchomp|spa|1\n|\n|t:|1776083810\n|switch|p2a: Charizard|Charizard, L50, M, shiny|100/100|[from] Parting Shot\n|\n|-weather|none\n|-heal|p2b: Dragapult|32/100|[from] item: Leftovers\n|-sideend|p1: d33rinheadlightss|move: Aurora Veil\n|upkeep\n|turn|6\n|inactive|d33rinheadlightss has 30 seconds left.\n|inactive|d33rinheadlightss has 20 seconds left.\n|inactive|d33rinheadlightss has 15 seconds left.\n|inactive|DonkeyVGCP has 30 seconds left.\n|inactive|d33rinheadlightss has 10 seconds left.\n|inactive|DonkeyVGCP has 20 seconds left.\n|\n|t:|1776083863\n|switch|p1b: Rotom|Rotom-Frost, L50, shiny|100/100\n|move|p2a: Charizard|Protect|p2a: Charizard\n|-singleturn|p2a: Charizard|Protect\n|move|p2b: Dragapult|Dragon Darts|p1b: Rotom\n|-damage|p1b: Rotom|64/100\n|-anim|p2b: Dragapult|Dragon Darts|p1a: Empoleon\n|-resisted|p1a: Empoleon|1\n|-damage|p1a: Empoleon|88/100\n|move|p1a: Empoleon|Water Pulse|p2a: Charizard\n|-activate|p2a: Charizard|move: Protect\n|\n|-heal|p2b: Dragapult|38/100|[from] item: Leftovers\n|-heal|p1a: Empoleon|94/100|[from] item: Leftovers\n|upkeep\n|turn|7\n|inactive|d33rinheadlightss has 30 seconds left.\n|inactive|DonkeyVGCP has 30 seconds left.\n|\n|t:|1776083892\n|switch|p2a: Incineroar|Incineroar, L50, F|51/100\n|-ability|p2a: Incineroar|Intimidate|boost\n|-unboost|p1a: Empoleon|atk|1\n|-ability|p1a: Empoleon|Competitive|boost\n|-boost|p1a: Empoleon|spa|2\n|-unboost|p1b: Rotom|atk|1\n|move|p1a: Empoleon|Protect|p1a: Empoleon\n|-singleturn|p1a: Empoleon|Protect\n|move|p1b: Rotom|Volt Switch|p2a: Incineroar\n|-damage|p2a: Incineroar|22/100\n|\n|t:|1776083906\n|switch|p1b: Froslass|Froslass-Mega, L50, F, shiny|72/100 psn|[from] Volt Switch\n|-weather|Snowscape|[from] ability: Snow Warning|[of] p1b: Froslass\n|move|p2b: Dragapult|Dragon Darts|p1b: Froslass\n|-damage|p1b: Froslass|47/100 psn\n|-anim|p2b: Dragapult|Dragon Darts|p1b: Froslass\n|-damage|p1b: Froslass|18/100 psn\n|\n|-weather|Snowscape|[upkeep]\n|-heal|p2b: Dragapult|44/100|[from] item: Leftovers\n|-heal|p1a: Empoleon|99/100|[from] item: Leftovers\n|-damage|p1b: Froslass|6/100 psn|[from] psn\n|upkeep\n|turn|8\n|\n|t:|1776083923\n|move|p2a: Incineroar|Fake Out|p1a: Empoleon\n|-resisted|p1a: Empoleon|1\n|-damage|p1a: Empoleon|94/100\n|move|p2b: Dragapult|Dragon Darts|p1b: Froslass\n|-damage|p1b: Froslass|0 fnt\n|-anim|p2b: Dragapult|Dragon Darts|p1a: Empoleon\n|-resisted|p1a: Empoleon|1\n|-damage|p1a: Empoleon|81/100\n|faint|p1b: Froslass\n|cant|p1a: Empoleon|flinch\n|\n|-weather|Snowscape|[upkeep]\n|-heal|p2b: Dragapult|50/100|[from] item: Leftovers\n|-heal|p1a: Empoleon|87/100|[from] item: Leftovers\n|upkeep\n|\n|t:|1776083941\n|switch|p1b: Garchomp|Garchomp, L50, F, shiny|41/100\n|turn|9\n|\n|t:|1776083965\n|move|p2b: Dragapult|Protect|p2b: Dragapult\n|-singleturn|p2b: Dragapult|Protect\n|move|p1a: Empoleon|Protect|p1a: Empoleon\n|-singleturn|p1a: Empoleon|Protect\n|move|p1b: Garchomp|Earthquake|p2b: Dragapult|[spread] p2a\n|-activate|p1a: Empoleon|move: Protect\n|-activate|p2b: Dragapult|move: Protect\n|-supereffective|p2a: Incineroar|1\n|-crit|p2a: Incineroar\n|-damage|p2a: Incineroar|0 fnt\n|faint|p2a: Incineroar\n|\n|-weather|Snowscape|[upkeep]\n|-heal|p2b: Dragapult|57/100|[from] item: Leftovers\n|-heal|p1a: Empoleon|93/100|[from] item: Leftovers\n|upkeep\n|\n|t:|1776083972\n|switch|p2a: Charizard|Charizard, L50, M, shiny|100/100\n|turn|10\n|\n|t:|1776083980\n|detailschange|p2a: Charizard|Charizard-Mega-Y, L50, M, shiny\n|-mega|p2a: Charizard|Charizard|Charizardite Y\n|-weather|SunnyDay|[from] ability: Drought|[of] p2a: Charizard\n|move|p2b: Dragapult|Dragon Darts|p1b: Garchomp\n|-supereffective|p1b: Garchomp|1\n|-damage|p1b: Garchomp|0 fnt\n|-anim|p2b: Dragapult|Dragon Darts|p1a: Empoleon\n|-resisted|p1a: Empoleon|1\n|-damage|p1a: Empoleon|79/100\n|faint|p1b: Garchomp\n|move|p2a: Charizard|Weather Ball|p1a: Empoleon\n|-damage|p1a: Empoleon|0 fnt\n|faint|p1a: Empoleon\n|\n|-weather|SunnyDay|[upkeep]\n|-heal|p2b: Dragapult|63/100|[from] item: Leftovers\n|upkeep\n|\n|t:|1776083988\n|switch|p1a: Rotom|Rotom-Frost, L50, shiny|64/100\n|turn|11\n|\n|t:|1776083997\n|move|p2a: Charizard|Protect|p2a: Charizard\n|-singleturn|p2a: Charizard|Protect\n|move|p1a: Rotom|Thunderbolt|p2a: Charizard\n|-activate|p2a: Charizard|move: Protect\n|move|p2b: Dragapult|Dragon Dance|p2b: Dragapult\n|-boost|p2b: Dragapult|atk|1\n|-boost|p2b: Dragapult|spe|1\n|\n|-weather|SunnyDay|[upkeep]\n|-heal|p2b: Dragapult|69/100|[from] item: Leftovers\n|upkeep\n|turn|12\n|-message|d33rinheadlightss forfeited.\n|\n|win|DonkeyVGCP\n|raw|d33rinheadlightss's rating: 1060 &rarr; <strong>1042</strong><br />(-18 for losing)\n|raw|DonkeyVGCP's rating: 1075 &rarr; <strong>1103</strong><br />(+28 for winning)\n|l|\u2606d33rinheadlightss\n|player|p1|\n",
  "uploadtime": 1776084002,
  "views": 11,
  "formatid": "gen9championsvgc2026regma",
  "rating": 1042,
  "private": 0,
  "password": null
}