{
  "id": "gen9championsvgc2026regma-2588558111",
  "format": "[Gen 9 Champions] VGC 2026 Reg M-A",
  "players": [
    "BLK DG",
    "Typostyty"
  ],
  "log": "|j|\u2606BLK DG\n|j|\u2606Typostyty\n|t:|1776644815\n|gametype|doubles\n|player|p1|BLK DG|irida|1061\n|player|p2|Typostyty|102|1081\n|gen|9\n|tier|[Gen 9 Champions] VGC 2026 Reg M-A\n|rated|\n|rule|Species Clause: Limit one of each Pok\u00e9mon\n|rule|Item Clause: Limit 1 of each item\n|clearpoke\n|poke|p1|Meganium, L50, M|\n|poke|p1|Incineroar, L50, F|\n|poke|p1|Whimsicott, L50, F|\n|poke|p1|Garchomp, L50, M|\n|poke|p1|Rotom-Wash, L50|\n|poke|p1|Sneasler, L50, M|\n|poke|p2|Delphox, L50, F|\n|poke|p2|Garchomp, L50, F|\n|poke|p2|Kingambit, L50, F|\n|poke|p2|Sneasler, L50, M|\n|poke|p2|Rotom-Wash, L50|\n|poke|p2|Whimsicott, L50, M|\n|teampreview|4\nTypostyty has agreed to open team sheets.\n|inactive|Battle timer is ON: inactive players will automatically lose when time's up. (requested by BLK DG)\n|inactive|Typostyty has 60 seconds left.\n|\n|t:|1776644895\n|teamsize|p1|4\n|teamsize|p2|4\n|start\n|switch|p1a: Garchomp|Garchomp, L50, M|100/100\n|switch|p1b: Rotom|Rotom-Wash, L50|100/100\n|switch|p2a: Sneasler|Sneasler, L50, M|100/100\n|switch|p2b: Whimsicott|Whimsicott, L50, M|100/100\n|turn|1\n|inactive|Typostyty has 30 seconds left.\n|\n|t:|1776644925\n|switch|p2a: Rotom|Rotom-Wash, L50|100/100\n|move|p2b: Whimsicott|Tailwind|p2b: Whimsicott\n|-sidestart|p2: Typostyty|move: Tailwind\n|move|p1a: Garchomp|Earthquake|p2b: Whimsicott|[spread] p2b\n|-immune|p1b: Rotom|[from] ability: Levitate\n|-immune|p2a: Rotom|[from] ability: Levitate\n|-resisted|p2b: Whimsicott|1\n|-damage|p2b: Whimsicott|73/100\n|move|p1b: Rotom|Volt Switch|p2a: Rotom\n|-damage|p2a: Rotom|63/100\n|\n|t:|1776644938\n|switch|p1b: Whimsicott|Whimsicott, L50, F|100/100|[from] Volt Switch\n|\n|upkeep\n|turn|2\n|inactive|Typostyty has 30 seconds left.\n|\n|t:|1776644966\n|switch|p2b: Sneasler|Sneasler, L50, M|100/100\n|switch|p1a: Rotom|Rotom-Wash, L50|100/100\n|move|p1b: Whimsicott|Tailwind|p1b: Whimsicott\n|-sidestart|p1: BLK DG|move: Tailwind\n|move|p2a: Rotom|Volt Switch|p1a: Rotom\n|-damage|p1a: Rotom|68/100\n|\n|t:|1776644987\n|switch|p2a: Whimsicott|Whimsicott, L50, M|73/100|[from] Volt Switch\n|\n|-heal|p1a: Rotom|74/100|[from] item: Leftovers\n|upkeep\n|turn|3\n|\n|t:|1776645008\n|move|p1b: Whimsicott|Moonblast|p2b: Sneasler\n|-damage|p2b: Sneasler|64/100\n|move|p2a: Whimsicott|Moonblast|p1a: Rotom\n|-damage|p1a: Rotom|36/100\n|move|p2b: Sneasler|Dire Claw|p1a: Rotom\n|-damage|p1a: Rotom|3/100\n|-status|p1a: Rotom|psn\n|move|p1a: Rotom|Thunderbolt|p2b: Sneasler\n|-damage|p2b: Sneasler|19/100\n|\n|-heal|p1a: Rotom|9/100 psn|[from] item: Leftovers\n|-damage|p1a: Rotom|0 fnt|[from] psn\n|faint|p1a: Rotom\n|upkeep\n|\n|t:|1776645023\n|switch|p1a: Garchomp|Garchomp, L50, M|100/100\n|turn|4\n|\n|t:|1776645044\n|switch|p2b: Rotom|Rotom-Wash, L50|63/100\n|move|p1a: Garchomp|Rock Slide|p2a: Whimsicott|[spread] p2a,p2b\n|-damage|p2a: Whimsicott|41/100\n|-damage|p2b: Rotom|35/100\n|move|p1b: Whimsicott|Moonblast|p2a: Whimsicott\n|-damage|p2a: Whimsicott|0 fnt\n|faint|p2a: Whimsicott\n|\n|-sideend|p2: Typostyty|move: Tailwind\n|upkeep\n|\n|t:|1776645059\n|switch|p2a: Delphox|Delphox, L50, F|100/100\n|turn|5\n|inactive|Typostyty has 30 seconds left.\n|\n|t:|1776645092\n|detailschange|p2a: Delphox|Delphox-Mega, L50, F\n|-mega|p2a: Delphox|Delphox|Delphoxite\n|move|p1a: Garchomp|Rock Slide|p2b: Rotom|[spread] p2a,p2b\n|-supereffective|p2a: Delphox|1\n|-damage|p2a: Delphox|39/100\n|-damage|p2b: Rotom|11/100\n|move|p1b: Whimsicott|Moonblast|p2a: Delphox\n|-resisted|p2a: Delphox|1\n|-damage|p2a: Delphox|27/100\n|move|p2b: Rotom|Volt Switch|p1b: Whimsicott\n|-resisted|p1b: Whimsicott|1\n|-damage|p1b: Whimsicott|80/100\n|\n|t:|1776645103\n|switch|p2b: Sneasler|Sneasler, L50, M|19/100|[from] Volt Switch\n|move|p2a: Delphox|Heat Wave|p1a: Garchomp|[spread] p1a,p1b\n|-resisted|p1a: Garchomp|1\n|-supereffective|p1b: Whimsicott|1\n|-damage|p1a: Garchomp|76/100\n|-damage|p1b: Whimsicott|0 fnt\n|faint|p1b: Whimsicott\n|\n|-sideend|p1: BLK DG|move: Tailwind\n|upkeep\n|\n|t:|1776645109\n|switch|p1b: Meganium|Meganium, L50, M|100/100\n|turn|6\n|inactive|Typostyty has 30 seconds left.\n|inactive|Typostyty has 20 seconds left.\n|inactive|Typostyty has 15 seconds left.\n|inactive|Typostyty has 10 seconds left.\n|\n|t:|1776645157\n|move|p1b: Meganium|Protect|p1b: Meganium\n|-singleturn|p1b: Meganium|Protect\n|move|p2b: Sneasler|Fake Out|p1a: Garchomp\n|-damage|p1a: Garchomp|62/100\n|-damage|p2b: Sneasler|7/100|[from] ability: Rough Skin|[of] p1a: Garchomp\n|cant|p1a: Garchomp|flinch\n|move|p2a: Delphox|Heat Wave|p1a: Garchomp|[spread] p1a\n|-activate|p1b: Meganium|move: Protect\n|-resisted|p1a: Garchomp|1\n|-damage|p1a: Garchomp|36/100\n|\n|upkeep\n|turn|7\n|inactive|Typostyty has 30 seconds left.\n|inactive|Typostyty has 20 seconds left.\n|inactive|Typostyty has 15 seconds left.\n|inactive|Typostyty has 10 seconds left.\n|\n|t:|1776645207\n|switch|p2b: Rotom|Rotom-Wash, L50|11/100\n|detailschange|p1b: Meganium|Meganium-Mega, L50, M\n|-mega|p1b: Meganium|Meganium|Meganiumite\n|move|p2a: Delphox|Protect|p2a: Delphox\n|-singleturn|p2a: Delphox|Protect\n|move|p1a: Garchomp|Rock Slide|p2b: Rotom|[spread] p2b\n|-activate|p2a: Delphox|move: Protect\n|-damage|p2b: Rotom|0 fnt\n|faint|p2b: Rotom\n|move|p1b: Meganium|Dazzling Gleam|p2a: Delphox\n|-activate|p2a: Delphox|move: Protect\n|\n|upkeep\n|\n|t:|1776645220\n|switch|p2b: Sneasler|Sneasler, L50, M|7/100\n|turn|8\n|inactive|Typostyty has 30 seconds left.\n|\n|t:|1776645246\n|move|p1b: Meganium|Protect|p1b: Meganium\n|-singleturn|p1b: Meganium|Protect\n|move|p2b: Sneasler|Fake Out|p1a: Garchomp\n|-damage|p1a: Garchomp|23/100\n|-damage|p2b: Sneasler|0 fnt|[from] ability: Rough Skin|[of] p1a: Garchomp\n|faint|p2b: Sneasler\n|cant|p1a: Garchomp|flinch\n|move|p2a: Delphox|Psychic|p1a: Garchomp\n|-damage|p1a: Garchomp|0 fnt\n|faint|p1a: Garchomp\n|\n|upkeep\n|turn|9\n|\n|t:|1776645264\n|move|p2a: Delphox|Encore|p1b: Meganium\n|-start|p1b: Meganium|Encore\n|move|p1b: Meganium|Protect||[still]\n|-fail|p1b: Meganium\n|\n|upkeep\n|turn|10\n|\n|t:|1776645270\n|move|p1b: Meganium|Protect|p1b: Meganium\n|-singleturn|p1b: Meganium|Protect\n|move|p2a: Delphox|Heat Wave|p1b: Meganium\n|-activate|p1b: Meganium|move: Protect\n|\n|upkeep\n|turn|11\n|\n|t:|1776645272\n|move|p1b: Meganium|Protect||[still]\n|-fail|p1b: Meganium\n|move|p2a: Delphox|Heat Wave|p1b: Meganium\n|-supereffective|p1b: Meganium|1\n|-damage|p1b: Meganium|0 fnt\n|faint|p1b: Meganium\n|\n|win|Typostyty\n|raw|BLK DG's rating: 1061 &rarr; <strong>1043</strong><br />(-18 for losing)\n|raw|Typostyty's rating: 1081 &rarr; <strong>1107</strong><br />(+26 for winning)\n|c|\u2606Typostyty|gg\n|c|\u2606BLK DG|gg\n|l|\u2606Typostyty\n|player|p2|\n",
  "uploadtime": 1776645299,
  "views": 9,
  "formatid": "gen9championsvgc2026regma",
  "rating": 1043,
  "private": 0,
  "password": null
}