{
  "id": "gen9championsvgc2026regma-2583162454",
  "format": "[Gen 9 Champions] VGC 2026 Reg M-A",
  "players": [
    "irkenn",
    "mightybeans"
  ],
  "log": "|j|\u2606irkenn\n|j|\u2606mightybeans\n|t:|1776149617\n|gametype|doubles\n|player|p1|irkenn|265|1049\n|player|p2|mightybeans|101|1144\n|gen|9\n|tier|[Gen 9 Champions] VGC 2026 Reg M-A\n|rated|\n|rule|Species Clause: Limit one of each Pok\u00e9mon\n|rule|Item Clause: Limit 1 of each item\n|clearpoke\n|poke|p1|Hawlucha, L50, F|\n|poke|p1|Dragapult, L50, M|\n|poke|p1|Ninetales-Alola, L50, F|\n|poke|p1|Meowscarada, L50, M|\n|poke|p1|Volcarona, L50, M|\n|poke|p1|Arcanine-Hisui, L50, F|\n|poke|p2|Arbok, L50, F|\n|poke|p2|Hydreigon, L50, M|\n|poke|p2|Clefable, L50, F|\n|poke|p2|Medicham, L50, F|\n|poke|p2|Golurk, L50|\n|poke|p2|Gallade, L50, M|\n|teampreview|4\n|\n|t:|1776149649\n|teamsize|p1|4\n|teamsize|p2|4\n|start\n|switch|p1a: Ninetales|Ninetales-Alola, L50, F|100/100\n|switch|p1b: Arcanine|Arcanine-Hisui, L50, F|100/100\n|switch|p2a: Arbok|Arbok, L50, F|100/100\n|switch|p2b: Medicham|Medicham, L50, F|100/100\n|-weather|Snowscape|[from] ability: Snow Warning|[of] p1a: Ninetales\n|-ability|p2a: Arbok|Intimidate|boost\n|-unboost|p1a: Ninetales|atk|1\n|-unboost|p1b: Arcanine|atk|1\n|turn|1\n|\n|t:|1776149686\n|move|p2b: Medicham|Protect|p2b: Medicham\n|-singleturn|p2b: Medicham|Protect\n|move|p1b: Arcanine|Head Smash|p2b: Medicham\n|-activate|p2b: Medicham|move: Protect\n|move|p1a: Ninetales|Aurora Veil|p1a: Ninetales\n|-sidestart|p1: irkenn|move: Aurora Veil\n|move|p2a: Arbok|Gunk Shot|p1a: Ninetales\n|-supereffective|p1a: Ninetales|1\n|-damage|p1a: Ninetales|42/100\n|\n|-weather|Snowscape|[upkeep]\n|upkeep\n|turn|2\n|\n|t:|1776149715\n|move|p1b: Arcanine|Head Smash|p2b: Medicham|[miss]\n|-miss|p1b: Arcanine|p2b: Medicham\n|move|p1a: Ninetales|Dazzling Gleam|p2a: Arbok|[spread] p2a,p2b\n|-resisted|p2a: Arbok|1\n|-supereffective|p2b: Medicham|1\n|-damage|p2a: Arbok|87/100\n|-damage|p2b: Medicham|71/100\n|move|p2a: Arbok|Coil|p2a: Arbok\n|-boost|p2a: Arbok|atk|1\n|-boost|p2a: Arbok|def|1\n|-boost|p2a: Arbok|accuracy|1\n|move|p2b: Medicham|Trick Room|p2b: Medicham\n|-fieldstart|move: Trick Room|[of] p2b: Medicham\n|\n|-weather|Snowscape|[upkeep]\n|upkeep\n|turn|3\n|\n|t:|1776149762\n|move|p2b: Medicham|Skill Swap|p2a: Arbok\n|-activate|p2b: Medicham|Skill Swap|||[of] p2a: Arbok\n|-ability|p2b: Medicham|Intimidate|boost\n|-unboost|p1a: Ninetales|atk|1\n|-unboost|p1b: Arcanine|atk|1\n|move|p2a: Arbok|Gunk Shot|p1a: Ninetales\n|-supereffective|p1a: Ninetales|1\n|-damage|p1a: Ninetales|0 fnt\n|faint|p1a: Ninetales\n|move|p1b: Arcanine|Head Smash|p2b: Medicham\n|-resisted|p2b: Medicham|1\n|-damage|p2b: Medicham|45/100\n|\n|-weather|Snowscape|[upkeep]\n|upkeep\n|\n|t:|1776149781\n|switch|p1a: Volcarona|Volcarona, L50, M|100/100\n|turn|4\n|\n|t:|1776149795\n|switch|p2b: Clefable|Clefable, L50, F|100/100\n|switch|p1b: Hawlucha|Hawlucha, L50, F, shiny|100/100\n|move|p1a: Volcarona|Protect|p1a: Volcarona\n|-singleturn|p1a: Volcarona|Protect\n|move|p2a: Arbok|Breaking Swipe|p1b: Hawlucha|[spread] p1b\n|-activate|p1a: Volcarona|move: Protect\n|-damage|p1b: Hawlucha|68/100\n|-unboost|p1b: Hawlucha|atk|1\n|\n|-weather|Snowscape|[upkeep]\n|upkeep\n|turn|5\n|\n|t:|1776149817\n|detailschange|p1b: Hawlucha|Hawlucha-Mega, L50, F, shiny\n|-mega|p1b: Hawlucha|Hawlucha|Hawluchanite\n|move|p2a: Arbok|Protect|p2a: Arbok\n|-singleturn|p2a: Arbok|Protect\n|move|p1a: Volcarona|Rage Powder|p1a: Volcarona\n|-singleturn|p1a: Volcarona|move: Rage Powder\n|move|p2b: Clefable|Calm Mind|p2b: Clefable\n|-boost|p2b: Clefable|spa|1\n|-boost|p2b: Clefable|spd|1\n|move|p1b: Hawlucha|Zen Headbutt|p2a: Arbok\n|-activate|p2a: Arbok|move: Protect\n|\n|-weather|none\n|-sideend|p1: irkenn|move: Aurora Veil\n|upkeep\n|turn|6\n|\n|t:|1776149847\n|move|p1a: Volcarona|Rage Powder|p1a: Volcarona\n|-singleturn|p1a: Volcarona|move: Rage Powder\n|move|p2b: Clefable|Moonblast|p1a: Volcarona\n|-resisted|p1a: Volcarona|1\n|-damage|p1a: Volcarona|68/100\n|move|p2a: Arbok|Gunk Shot|p1a: Volcarona\n|-damage|p1a: Volcarona|0 fnt\n|faint|p1a: Volcarona\n|move|p1b: Hawlucha|Zen Headbutt|p2a: Arbok\n|-supereffective|p2a: Arbok|1\n|-damage|p2a: Arbok|43/100\n|-enditem|p2a: Arbok|Sitrus Berry|[eat]\n|-heal|p2a: Arbok|68/100|[from] item: Sitrus Berry\n|\n|-fieldend|move: Trick Room\n|upkeep\n|\n|t:|1776149859\n|switch|p1a: Arcanine|Arcanine-Hisui, L50, F|100/100\n|turn|7\n|\n|t:|1776149876\n|move|p1b: Hawlucha|Protect|p1b: Hawlucha\n|-singleturn|p1b: Hawlucha|Protect\n|move|p1a: Arcanine|Rock Slide|p2a: Arbok|[spread] p2a,p2b\n|-damage|p2a: Arbok|37/100\n|-damage|p2b: Clefable|72/100\n|move|p2a: Arbok|Breaking Swipe|p1a: Arcanine|[spread] p1a\n|-activate|p1b: Hawlucha|move: Protect\n|-damage|p1a: Arcanine|52/100\n|-unboost|p1a: Arcanine|atk|1\n|move|p2b: Clefable|Life Dew|p2b: Clefable|[spread] p2a,p2b\n|-heal|p2a: Arbok|62/100\n|-heal|p2b: Clefable|97/100\n|\n|-heal|p2b: Clefable|100/100|[from] item: Leftovers\n|upkeep\n|turn|8\n|\n|t:|1776149915\n|move|p1a: Arcanine|Rock Slide|p2a: Arbok|[spread] p2a,p2b\n|-damage|p2a: Arbok|40/100\n|-damage|p2b: Clefable|82/100\n|move|p1b: Hawlucha|Zen Headbutt|p2a: Arbok\n|-supereffective|p2a: Arbok|1\n|-crit|p2a: Arbok\n|-damage|p2a: Arbok|0 fnt\n|faint|p2a: Arbok\n|move|p2b: Clefable|Moonblast|p1b: Hawlucha\n|-supereffective|p1b: Hawlucha|1\n|-damage|p1b: Hawlucha|0 fnt\n|faint|p1b: Hawlucha\n|\n|-heal|p2b: Clefable|88/100|[from] item: Leftovers\n|upkeep\n|\n|t:|1776149927\n|switch|p2a: Golurk|Golurk, L50|100/100\n|turn|9\n|\n|t:|1776149937\n|detailschange|p2a: Golurk|Golurk-Mega, L50\n|-mega|p2a: Golurk|Golurk|Golurkite\n|move|p1a: Arcanine|Rock Slide|p2a: Golurk|[spread] p2a,p2b\n|-resisted|p2a: Golurk|1\n|-damage|p2a: Golurk|92/100\n|-damage|p2b: Clefable|69/100\n|move|p2b: Clefable|Moonblast|p1a: Arcanine\n|-resisted|p1a: Arcanine|1\n|-damage|p1a: Arcanine|12/100\n|cant|p2a: Golurk|flinch\n|\n|-heal|p2b: Clefable|75/100|[from] item: Leftovers\n|upkeep\n|turn|10\n|\n|t:|1776149949\n|move|p1a: Arcanine|Rock Slide|p2b: Clefable|[spread] p2a,p2b\n|-resisted|p2a: Golurk|1\n|-damage|p2a: Golurk|85/100\n|-damage|p2b: Clefable|57/100\n|move|p2b: Clefable|Moonblast|p1a: Arcanine\n|-resisted|p1a: Arcanine|1\n|-damage|p1a: Arcanine|0 fnt\n|faint|p1a: Arcanine\n|\n|win|mightybeans\n|raw|irkenn's rating: 1049 &rarr; <strong>1036</strong><br />(-13 for losing)\n|raw|mightybeans's rating: 1144 &rarr; <strong>1162</strong><br />(+18 for winning)\n|c|\u2606mightybeans|u just got arbokd\n|c|\u2606irkenn|true :c\n|c|\u2606mightybeans|gg\n|c|\u2606irkenn|gg\n",
  "uploadtime": 1776149967,
  "views": 21,
  "formatid": "gen9championsvgc2026regma",
  "rating": 1036,
  "private": 0,
  "password": null
}