{
  "id": "gen9championsvgc2026regma-2589421586",
  "format": "[Gen 9 Champions] VGC 2026 Reg M-A",
  "players": [
    "muffinmcbluffin",
    "dartfrog33"
  ],
  "log": "|j|\u203dmuffinmcbluffin\n|j|\u2606dartfrog33\n|t:|1776721571\n|gametype|doubles\n|player|p1|muffinmcbluffin|2|1325\n|player|p2|dartfrog33|juggler|1364\n|gen|9\n|tier|[Gen 9 Champions] VGC 2026 Reg M-A\n|rated|\n|rule|Species Clause: Limit one of each Pok\u00e9mon\n|rule|Item Clause: Limit 1 of each item\n|clearpoke\n|poke|p1|Tyranitar, L50, F|\n|poke|p1|Corviknight, L50, F|\n|poke|p1|Rotom-Wash, L50|\n|poke|p1|Tauros-Paldea-Blaze, L50, M|\n|poke|p1|Sinistcha, L50|\n|poke|p1|Garchomp, L50, M|\n|poke|p2|Floette-Eternal, L50, F, shiny|\n|poke|p2|Kingambit, L50, F, shiny|\n|poke|p2|Sneasler, L50, F, shiny|\n|poke|p2|Garchomp, L50, F, shiny|\n|poke|p2|Basculegion, L50, M, shiny|\n|poke|p2|Froslass, L50, F, shiny|\n|teampreview|4\nmuffinmcbluffin has agreed to open team sheets.\n|\n|t:|1776721626\n|teamsize|p1|4\n|teamsize|p2|4\n|start\n|switch|p1a: Sinistcha|Sinistcha, L50|100/100\n|switch|p1b: Rotom|Rotom-Wash, L50|100/100\n|switch|p2a: Froslass|Froslass, L50, F, shiny|100/100\n|switch|p2b: Sneasler|Sneasler, L50, F, shiny|100/100\n|turn|1\n|\n|t:|1776721645\n|switch|p1b: Tyranitar|Tyranitar, L50, F|100/100\n|-weather|Sandstorm|[from] ability: Sand Stream|[of] p1b: Tyranitar\n|detailschange|p2a: Froslass|Froslass-Mega, L50, F, shiny\n|-mega|p2a: Froslass|Froslass|Froslassite\n|-weather|Snowscape|[from] ability: Snow Warning|[of] p2a: Froslass\n|move|p2b: Sneasler|Fake Out|p1b: Tyranitar\n|-resisted|p1b: Tyranitar|1\n|-damage|p1b: Tyranitar|95/100\n|-status|p1b: Tyranitar|psn|[from] ability: Poison Touch|[of] p2b: Sneasler\n|move|p2a: Froslass|Blizzard|p1b: Tyranitar|[spread] p1a,p1b\n|-supereffective|p1a: Sinistcha|1\n|-damage|p1a: Sinistcha|23/100\n|-damage|p1b: Tyranitar|58/100 psn\n|-enditem|p1a: Sinistcha|Sitrus Berry|[eat]\n|-heal|p1a: Sinistcha|48/100|[from] item: Sitrus Berry\n|move|p1a: Sinistcha|Trick Room|p1a: Sinistcha\n|-fieldstart|move: Trick Room|[of] p1a: Sinistcha\n|\n|-weather|Snowscape|[upkeep]\n|-damage|p1b: Tyranitar|46/100 psn|[from] psn\n|upkeep\n|turn|2\n|\n|t:|1776721697\n|switch|p2a: Garchomp|Garchomp, L50, F, shiny|100/100\n|detailschange|p1b: Tyranitar|Tyranitar-Mega, L50, F\n|-mega|p1b: Tyranitar|Tyranitar|Tyranitarite\n|-weather|Sandstorm|[from] ability: Sand Stream|[of] p1b: Tyranitar\n|move|p1b: Tyranitar|Protect|p1b: Tyranitar\n|-singleturn|p1b: Tyranitar|Protect\n|move|p2b: Sneasler|Protect|p2b: Sneasler\n|-singleturn|p2b: Sneasler|Protect\n|move|p1a: Sinistcha|Matcha Gotcha|p2a: Garchomp|[spread] p2a\n|-activate|p2b: Sneasler|move: Protect\n|-damage|p2a: Garchomp|80/100\n|-heal|p1a: Sinistcha|61/100|[from] drain|[of] p2a: Garchomp\n|-status|p2a: Garchomp|brn\n|\n|-weather|Sandstorm|[upkeep]\n|-damage|p1a: Sinistcha|54/100|[from] Sandstorm\n|-damage|p2b: Sneasler|95/100|[from] Sandstorm\n|-damage|p1b: Tyranitar|34/100 psn|[from] psn\n|-damage|p2a: Garchomp|74/100 brn|[from] brn\n|upkeep\n|turn|3\n|\n|t:|1776721732\n|switch|p1b: Corviknight|Corviknight, L50, F|100/100\n|move|p1a: Sinistcha|Matcha Gotcha|p2a: Garchomp|[spread] p2a,p2b\n|-resisted|p2b: Sneasler|1\n|-damage|p2a: Garchomp|51/100 brn\n|-heal|p1a: Sinistcha|68/100|[from] drain|[of] p2a: Garchomp\n|-damage|p2b: Sneasler|78/100\n|-heal|p1a: Sinistcha|76/100|[from] drain|[of] p2b: Sneasler\n|-status|p2b: Sneasler|brn\n|move|p2a: Garchomp|Rock Slide|p1a: Sinistcha|[spread] p1a,p1b\n|-damage|p1a: Sinistcha|67/100\n|-damage|p1b: Corviknight|93/100\n|move|p2b: Sneasler|Close Combat|p1b: Corviknight\n|-damage|p1b: Corviknight|67/100\n|-unboost|p2b: Sneasler|def|1\n|-unboost|p2b: Sneasler|spd|1\n|\n|-weather|Sandstorm|[upkeep]\n|-damage|p1a: Sinistcha|61/100|[from] Sandstorm\n|-damage|p2b: Sneasler|72/100 brn|[from] Sandstorm\n|-heal|p1b: Corviknight|73/100|[from] item: Leftovers\n|-damage|p2a: Garchomp|45/100 brn|[from] brn\n|-damage|p2b: Sneasler|67/100 brn|[from] brn\n|upkeep\n|turn|4\n|c|\u2606dartfrog33|wtf are these burns\n|\n|t:|1776721788\n|move|p1b: Corviknight|Iron Defense|p1b: Corviknight\n|-boost|p1b: Corviknight|def|2\n|move|p1a: Sinistcha|Matcha Gotcha|p2a: Garchomp|[spread] p2a,p2b\n|-resisted|p2b: Sneasler|1\n|-damage|p2a: Garchomp|23/100 brn\n|-heal|p1a: Sinistcha|74/100|[from] drain|[of] p2a: Garchomp\n|-damage|p2b: Sneasler|40/100 brn\n|-heal|p1a: Sinistcha|85/100|[from] drain|[of] p2b: Sneasler\n|move|p2a: Garchomp|Rock Slide|p1b: Corviknight|[spread] p1a,p1b\n|-damage|p1a: Sinistcha|77/100\n|-damage|p1b: Corviknight|69/100\n|move|p2b: Sneasler|Dire Claw|p1a: Sinistcha\n|-damage|p1a: Sinistcha|58/100\n|\n|-weather|Sandstorm|[upkeep]\n|-damage|p1a: Sinistcha|52/100|[from] Sandstorm\n|-damage|p2b: Sneasler|34/100 brn|[from] Sandstorm\n|-heal|p1b: Corviknight|75/100|[from] item: Leftovers\n|-damage|p2a: Garchomp|17/100 brn|[from] brn\n|-damage|p2b: Sneasler|28/100 brn|[from] brn\n|upkeep\n|turn|5\n|\n|t:|1776721817\n|move|p2a: Garchomp|Protect|p2a: Garchomp\n|-singleturn|p2a: Garchomp|Protect\n|move|p2b: Sneasler|Protect|p2b: Sneasler\n|-singleturn|p2b: Sneasler|Protect\n|move|p1b: Corviknight|Roost|p1b: Corviknight\n|-heal|p1b: Corviknight|100/100\n|-singleturn|p1b: Corviknight|move: Roost\n|move|p1a: Sinistcha|Matcha Gotcha|p2a: Garchomp|[spread] \n|-activate|p2a: Garchomp|move: Protect\n|-activate|p2b: Sneasler|move: Protect\n|\n|-weather|Sandstorm|[upkeep]\n|-damage|p1a: Sinistcha|45/100|[from] Sandstorm\n|-damage|p2b: Sneasler|22/100 brn|[from] Sandstorm\n|-damage|p2a: Garchomp|11/100 brn|[from] brn\n|-damage|p2b: Sneasler|17/100 brn|[from] brn\n|-fieldend|move: Trick Room\n|upkeep\n|turn|6\n|\n|t:|1776721846\n|move|p2b: Sneasler|Dire Claw|p1a: Sinistcha\n|-damage|p1a: Sinistcha|23/100\n|-status|p1a: Sinistcha|psn\n|move|p2a: Garchomp|Rock Slide|p1a: Sinistcha|[spread] p1a,p1b\n|-damage|p1a: Sinistcha|15/100 psn\n|-damage|p1b: Corviknight|97/100\n|move|p1b: Corviknight|Iron Defense|p1b: Corviknight\n|-boost|p1b: Corviknight|def|2\n|cant|p1a: Sinistcha|flinch\n|\n|-weather|none\n|-heal|p1b: Corviknight|100/100|[from] item: Leftovers\n|-damage|p1a: Sinistcha|2/100 psn|[from] psn\n|-damage|p2b: Sneasler|11/100 brn|[from] brn\n|-damage|p2a: Garchomp|5/100 brn|[from] brn\n|upkeep\n|turn|7\n|\n|t:|1776721866\n|move|p2b: Sneasler|Close Combat|p1b: Corviknight\n|-damage|p1b: Corviknight|92/100\n|-unboost|p2b: Sneasler|def|1\n|-unboost|p2b: Sneasler|spd|1\n|move|p2a: Garchomp|Rock Slide|p1a: Sinistcha|[spread] p1a,p1b\n|-damage|p1a: Sinistcha|0 fnt\n|-damage|p1b: Corviknight|89/100\n|faint|p1a: Sinistcha\n|move|p1b: Corviknight|Iron Defense|p1b: Corviknight\n|-boost|p1b: Corviknight|def|2\n|\n|-heal|p1b: Corviknight|95/100|[from] item: Leftovers\n|-damage|p2b: Sneasler|5/100 brn|[from] brn\n|-damage|p2a: Garchomp|0 fnt|[from] brn\n|faint|p2a: Garchomp\n|upkeep\n|\n|t:|1776721883\n|switch|p2a: Basculegion|Basculegion, L50, M, shiny|100/100\n|switch|p1a: Rotom|Rotom-Wash, L50|100/100\n|turn|8\n|\n|t:|1776721899\n|move|p1a: Rotom|Thunderbolt|p2a: Basculegion\n|-supereffective|p2a: Basculegion|1\n|-damage|p2a: Basculegion|22/100\n|-enditem|p2a: Basculegion|Sitrus Berry|[eat]\n|-heal|p2a: Basculegion|47/100|[from] item: Sitrus Berry\n|move|p2b: Sneasler|Close Combat|p1a: Rotom\n|-damage|p1a: Rotom|56/100\n|-unboost|p2b: Sneasler|def|1\n|-unboost|p2b: Sneasler|spd|1\n|move|p2a: Basculegion|Last Respects|p1a: Rotom\n|-damage|p1a: Rotom|0 fnt\n|faint|p1a: Rotom\n|move|p1b: Corviknight|Brave Bird|p2a: Basculegion\n|-damage|p2a: Basculegion|4/100\n|-damage|p1b: Corviknight|80/100|[from] Recoil\n|\n|-heal|p1b: Corviknight|86/100|[from] item: Leftovers\n|-damage|p2b: Sneasler|0 fnt|[from] brn\n|faint|p2b: Sneasler\n|upkeep\n|\n|t:|1776721919\n|switch|p2b: Froslass|Froslass-Mega, L50, F, shiny|100/100\n|switch|p1a: Tyranitar|Tyranitar-Mega, L50, F|34/100 psn\n|-weather|Snowscape|[from] ability: Snow Warning|[of] p2b: Froslass\n|-weather|Sandstorm|[from] ability: Sand Stream|[of] p1a: Tyranitar\n|turn|9\n|\n|t:|1776721937\n|move|p2b: Froslass|Protect|p2b: Froslass\n|-singleturn|p2b: Froslass|Protect\n|move|p2a: Basculegion|Protect|p2a: Basculegion\n|-singleturn|p2a: Basculegion|Protect\n|move|p1a: Tyranitar|Protect|p1a: Tyranitar\n|-singleturn|p1a: Tyranitar|Protect\n|move|p1b: Corviknight|Roost|p1b: Corviknight\n|-heal|p1b: Corviknight|100/100\n|-singleturn|p1b: Corviknight|move: Roost\n|\n|-weather|Sandstorm|[upkeep]\n|-damage|p2b: Froslass|94/100|[from] Sandstorm\n|-damage|p2a: Basculegion|0 fnt|[from] Sandstorm\n|faint|p2a: Basculegion\n|-damage|p1a: Tyranitar|22/100 psn|[from] psn\n|upkeep\n|turn|10\n|\n|t:|1776721969\n|move|p2b: Froslass|Substitute|p2b: Froslass\n|-start|p2b: Froslass|Substitute\n|-damage|p2b: Froslass|69/100\n|move|p1a: Tyranitar|Rock Slide|p2b: Froslass\n|-supereffective|p2b: Froslass|1\n|-end|p2b: Froslass|Substitute\n|move|p1b: Corviknight|Brave Bird|p2b: Froslass\n|-damage|p2b: Froslass|20/100\n|-damage|p1b: Corviknight|86/100|[from] Recoil\n|\n|-weather|Sandstorm|[upkeep]\n|-damage|p2b: Froslass|13/100|[from] Sandstorm\n|-heal|p1b: Corviknight|92/100|[from] item: Leftovers\n|-damage|p1a: Tyranitar|10/100 psn|[from] psn\n|upkeep\n|turn|11\n|\n|t:|1776721982\n|move|p2b: Froslass|Protect|p2b: Froslass\n|-singleturn|p2b: Froslass|Protect\n|move|p1a: Tyranitar|Rock Slide|p2b: Froslass\n|-activate|p2b: Froslass|move: Protect\n|move|p1b: Corviknight|Roost|p1b: Corviknight\n|-heal|p1b: Corviknight|100/100\n|-singleturn|p1b: Corviknight|move: Roost\n|\n|-weather|Sandstorm|[upkeep]\n|-damage|p2b: Froslass|7/100|[from] Sandstorm\n|-damage|p1a: Tyranitar|0 fnt|[from] psn\n|faint|p1a: Tyranitar\n|upkeep\n|turn|12\n|\n|t:|1776721995\n|move|p2b: Froslass|Shadow Ball|p1b: Corviknight\n|-damage|p1b: Corviknight|71/100\n|move|p1b: Corviknight|Roost|p1b: Corviknight\n|-heal|p1b: Corviknight|100/100\n|-singleturn|p1b: Corviknight|move: Roost\n|\n|-weather|Sandstorm|[upkeep]\n|-damage|p2b: Froslass|1/100|[from] Sandstorm\n|upkeep\n|turn|13\n|\n|t:|1776722004\n|move|p2b: Froslass|Shadow Ball|p1b: Corviknight\n|-damage|p1b: Corviknight|69/100\n|move|p1b: Corviknight|Roost|p1b: Corviknight\n|-heal|p1b: Corviknight|100/100\n|-singleturn|p1b: Corviknight|move: Roost\n|\n|-weather|none\n|upkeep\n|turn|14\n|\n|t:|1776722015\n|move|p2b: Froslass|Shadow Ball|p1b: Corviknight\n|-damage|p1b: Corviknight|73/100\n|move|p1b: Corviknight|Brave Bird|p2b: Froslass\n|-damage|p2b: Froslass|0 fnt\n|faint|p2b: Froslass\n|-damage|p1b: Corviknight|72/100|[from] Recoil\n|\n|win|muffinmcbluffin\n|raw|muffinmcbluffin's rating: 1325 &rarr; <strong>1347</strong><br />(+22 for winning)\n|raw|dartfrog33's rating: 1364 &rarr; <strong>1342</strong><br />(-22 for losing)\n|l|\u2606dartfrog33\n|player|p2|\n",
  "uploadtime": 1776722028,
  "views": 6,
  "formatid": "gen9championsvgc2026regma",
  "rating": 1342,
  "private": 0,
  "password": null
}