{
  "id": "gen9championsvgc2026regma-2586819044",
  "format": "[Gen 9 Champions] VGC 2026 Reg M-A",
  "players": [
    "YucaPol",
    "iamsoselfconscius"
  ],
  "log": "|j|\u2606YucaPol\n|j|\u203diamsoselfconscius\n|t:|1776462495\n|gametype|doubles\n|player|p1|YucaPol|pokemonbreeder-gen4|1084\n|player|p2|iamsoselfconscius|169|1027\n|gen|9\n|tier|[Gen 9 Champions] VGC 2026 Reg M-A\n|rated|\n|rule|Species Clause: Limit one of each Pok\u00e9mon\n|rule|Item Clause: Limit 1 of each item\n|clearpoke\n|poke|p1|Hydrapple, L50, F|\n|poke|p1|Spiritomb, L50, M|\n|poke|p1|Incineroar, L50, M|\n|poke|p1|Clawitzer, L50, M|\n|poke|p1|Sinistcha, L50|\n|poke|p1|Steelix, L50, M|\n|poke|p2|Excadrill, L50, F|\n|poke|p2|Talonflame, L50, M|\n|poke|p2|Milotic, L50, M|\n|poke|p2|Froslass, L50, F|\n|poke|p2|Meowscarada, L50, M|\n|poke|p2|Glimmora, L50, F|\n|teampreview|4\n|\n|t:|1776462521\n|teamsize|p1|4\n|teamsize|p2|4\n|start\n|switch|p1a: Spiritomb|Spiritomb, L50, M|100/100\n|switch|p1b: Incineroar|Incineroar, L50, M|100/100\n|switch|p2a: Excadrill|Excadrill, L50, F|100/100\n|switch|p2b: Talonflame|Talonflame, L50, M|100/100\n|-ability|p1b: Incineroar|Intimidate|boost\n|-unboost|p2a: Excadrill|atk|1\n|-unboost|p2b: Talonflame|atk|1\n|-ability|p1a: Spiritomb|Pressure\n|turn|1\n|inactive|Battle timer is ON: inactive players will automatically lose when time's up. (requested by YucaPol)\n|\n|t:|1776462572\n|move|p2a: Excadrill|Protect|p2a: Excadrill\n|-singleturn|p2a: Excadrill|Protect\n|move|p1b: Incineroar|Fake Out|p2a: Excadrill\n|-activate|p2a: Excadrill|move: Protect\n|move|p2b: Talonflame|Dual Wingbeat|p1a: Spiritomb\n|-damage|p1a: Spiritomb|88/100\n|-damage|p1a: Spiritomb|74/100\n|-hitcount|p1a: Spiritomb|2\n|move|p1a: Spiritomb|Trick Room|p1a: Spiritomb\n|-fieldstart|move: Trick Room|[of] p1a: Spiritomb\n|\n|upkeep\n|turn|2\n|\n|t:|1776462591\n|move|p2b: Talonflame|Protect|p2b: Talonflame\n|-singleturn|p2b: Talonflame|Protect\n|move|p1a: Spiritomb|Will-O-Wisp|p2a: Excadrill|[miss]\n|-miss|p1a: Spiritomb|p2a: Excadrill\n|move|p1b: Incineroar|Parting Shot|p2b: Talonflame\n|-activate|p2b: Talonflame|move: Protect\n|move|p2a: Excadrill|Earthquake|p1a: Spiritomb|[spread] p1a,p1b\n|-activate|p2b: Talonflame|move: Protect\n|-supereffective|p1b: Incineroar|1\n|-damage|p1a: Spiritomb|46/100\n|-damage|p1b: Incineroar|49/100\n|-enditem|p1b: Incineroar|Sitrus Berry|[eat]\n|-heal|p1b: Incineroar|74/100|[from] item: Sitrus Berry\n|\n|upkeep\n|turn|3\n|inactive|YucaPol has 30 seconds left.\n|inactive|iamsoselfconscius has 30 seconds left.\n|inactive|YucaPol has 20 seconds left.\n|inactive|iamsoselfconscius has 20 seconds left.\n|inactive|YucaPol has 15 seconds left.\n|inactive|iamsoselfconscius has 15 seconds left.\n|inactive|YucaPol has 10 seconds left.\n|inactive|iamsoselfconscius has 10 seconds left.\n|inactive|YucaPol has 5 seconds left.\n|inactive|iamsoselfconscius has 5 seconds left.\n|\n|t:|1776462645\n|switch|p2a: Meowscarada|Meowscarada, L50, M|100/100\n|move|p1a: Spiritomb|Will-O-Wisp|p2a: Meowscarada\n|-status|p2a: Meowscarada|brn\n|move|p1b: Incineroar|Parting Shot|p2b: Talonflame\n|-unboost|p2b: Talonflame|atk|1\n|-unboost|p2b: Talonflame|spa|1\n|\n|t:|1776462658\n|switch|p1b: Hydrapple|Hydrapple, L50, F|100/100|[from] Parting Shot\n|-ability|p1b: Hydrapple|Supersweet Syrup\n|-unboost|p2a: Meowscarada|evasion|1\n|-unboost|p2b: Talonflame|evasion|1\n|move|p2b: Talonflame|Dual Wingbeat|p1b: Hydrapple\n|-supereffective|p1b: Hydrapple|1\n|-damage|p1b: Hydrapple|83/100\n|-supereffective|p1b: Hydrapple|1\n|-damage|p1b: Hydrapple|65/100\n|-hitcount|p1b: Hydrapple|2\n|\n|-damage|p2a: Meowscarada|95/100 brn|[from] brn\n|upkeep\n|turn|4\n|inactive|YucaPol has 30 seconds left.\n|\n|t:|1776462688\n|move|p1a: Spiritomb|Shadow Ball|p2b: Talonflame\n|-damage|p2b: Talonflame|61/100\n|move|p1b: Hydrapple|Draco Meteor|p2a: Meowscarada\n|-damage|p2a: Meowscarada|0 fnt\n|-unboost|p1b: Hydrapple|spa|2\n|faint|p2a: Meowscarada\n|-enditem|p1b: Hydrapple|White Herb\n|-clearnegativeboost|p1b: Hydrapple|[silent]\n|move|p2b: Talonflame|Dual Wingbeat|p1b: Hydrapple\n|-supereffective|p1b: Hydrapple|1\n|-damage|p1b: Hydrapple|47/100\n|-supereffective|p1b: Hydrapple|1\n|-damage|p1b: Hydrapple|30/100\n|-hitcount|p1b: Hydrapple|2\n|\n|upkeep\n|\n|t:|1776462705\n|switch|p2a: Froslass|Froslass, L50, F|100/100\n|turn|5\n|\n|t:|1776462714\n|switch|p1b: Incineroar|Incineroar, L50, M|74/100\n|-ability|p1b: Incineroar|Intimidate|boost\n|-unboost|p2a: Froslass|atk|1\n|-unboost|p2b: Talonflame|atk|1\n|move|p2a: Froslass|Protect|p2a: Froslass\n|-singleturn|p2a: Froslass|Protect\n|move|p1a: Spiritomb|Snarl|p2b: Talonflame|[spread] p2b\n|-activate|p2a: Froslass|move: Protect\n|-damage|p2b: Talonflame|41/100\n|-unboost|p2b: Talonflame|spa|1\n|move|p2b: Talonflame|Tailwind|p2b: Talonflame\n|-sidestart|p2: iamsoselfconscius|move: Tailwind\n|\n|-fieldend|move: Trick Room\n|upkeep\n|turn|6\n|inactive|iamsoselfconscius has 30 seconds left.\n|\n|t:|1776462748\n|switch|p2b: Excadrill|Excadrill, L50, F|100/100\n|detailschange|p2a: Froslass|Froslass-Mega, L50, F\n|-mega|p2a: Froslass|Froslass|Froslassite\n|-weather|Snowscape|[from] ability: Snow Warning|[of] p2a: Froslass\n|move|p1b: Incineroar|Fake Out|p2b: Excadrill\n|-resisted|p2b: Excadrill|1\n|-damage|p2b: Excadrill|92/100\n|move|p2a: Froslass|Blizzard|p1a: Spiritomb|[spread] p1a,p1b\n|-resisted|p1b: Incineroar|1\n|-damage|p1a: Spiritomb|2/100\n|-damage|p1b: Incineroar|56/100\n|move|p1a: Spiritomb|Trick Room|p1a: Spiritomb\n|-fieldstart|move: Trick Room|[of] p1a: Spiritomb\n|\n|-weather|Snowscape|[upkeep]\n|upkeep\n|turn|7\n|-message|iamsoselfconscius forfeited.\n|\n|win|YucaPol\n|raw|YucaPol's rating: 1084 &rarr; <strong>1107</strong><br />(+23 for winning)\n|raw|iamsoselfconscius's rating: 1027 &rarr; <strong>1015</strong><br />(-12 for losing)\n|l|\u203diamsoselfconscius\n|player|p2|\n",
  "uploadtime": 1776462883,
  "views": 25,
  "formatid": "gen9championsvgc2026regma",
  "rating": 1015,
  "private": 0,
  "password": null
}