{
  "id": "gen9championsvgc2026regma-2587865603",
  "format": "[Gen 9 Champions] VGC 2026 Reg M-A",
  "players": [
    "orionsayshi",
    "paranorman01"
  ],
  "log": "|j|\u2606orionsayshi\n|j|\u2606paranorman01\n|t:|1776572220\n|gametype|doubles\n|player|p1|orionsayshi|elesa|1108\n|player|p2|paranorman01|101|1085\n|gen|9\n|tier|[Gen 9 Champions] VGC 2026 Reg M-A\n|rated|\n|rule|Species Clause: Limit one of each Pok\u00e9mon\n|rule|Item Clause: Limit 1 of each item\n|clearpoke\n|poke|p1|Incineroar, L50, F|\n|poke|p1|Gengar, L50, F|\n|poke|p1|Sableye, L50, F|\n|poke|p1|Bellibolt, L50, M|\n|poke|p1|Sinistcha, L50|\n|poke|p1|Kommo-o, L50, M|\n|poke|p2|Gyarados, L50, M|\n|poke|p2|Ditto, L50|\n|poke|p2|Beedrill, L50, M|\n|poke|p2|Clefable, L50, M|\n|poke|p2|Mimikyu, L50, F|\n|poke|p2|Kangaskhan, L50, F|\n|teampreview|4\n|\n|t:|1776572256\n|teamsize|p1|4\n|teamsize|p2|4\n|start\n|switch|p1a: Sableye|Sableye, L50, F|100/100\n|switch|p1b: Bellibolt|Bellibolt, L50, M|100/100\n|switch|p2a: Fih|Gyarados, L50, M|100/100\n|switch|p2b: Mih(mikyu)|Mimikyu, L50, F|100/100\n|-ability|p2a: Fih|Intimidate|boost\n|-unboost|p1a: Sableye|atk|1\n|-unboost|p1b: Bellibolt|atk|1\n|turn|1\n|\n|t:|1776572278\n|switch|p2a: Dih(tto)|Ditto, L50|100/100\n|-transform|p2a: Dih(tto)|p1b: Bellibolt|[from] ability: Imposter\n|move|p1a: Sableye|Gravity|p1a: Sableye\n|-fieldstart|move: Gravity\n|move|p2b: Mih(mikyu)|Play Rough|p1a: Sableye\n|-supereffective|p1a: Sableye|1\n|-damage|p1a: Sableye|27/100\n|move|p1b: Bellibolt|Zap Cannon|p2a: Dih(tto)\n|-resisted|p2a: Dih(tto)|1\n|-damage|p2a: Dih(tto)|62/100\n|-start|p2a: Dih(tto)|Charge|Zap Cannon|[from] ability: Electromorphosis\n|\n|upkeep\n|turn|2\n|-activate|p2b: Mih(mikyu)|item: Quick Claw\n|\n|t:|1776572341\n|move|p1a: Sableye|Disable|p2b: Mih(mikyu)\n|-start|p2b: Mih(mikyu)|Disable|Play Rough\n|cant|p2b: Mih(mikyu)|Disable|Play Rough\n|move|p2a: Dih(tto)|Zap Cannon|p1a: Sableye\n|-damage|p1a: Sableye|0 fnt\n|faint|p1a: Sableye\n|-end|p2a: Dih(tto)|Charge|[silent]\n|move|p1b: Bellibolt|Volt Switch|p2a: Dih(tto)\n|-resisted|p2a: Dih(tto)|1\n|-damage|p2a: Dih(tto)|40/100\n|-start|p2a: Dih(tto)|Charge|Volt Switch|[from] ability: Electromorphosis\n|\n|t:|1776572351\n|switch|p1b: Kommo-o|Kommo-o, L50, M|100/100|[from] Volt Switch\n|\n|upkeep\n|\n|t:|1776572353\n|switch|p1a: Gengar|Gengar, L50, F|100/100\n|turn|3\n|-activate|p2b: Mih(mikyu)|item: Quick Claw\n|\n|t:|1776572375\n|detailschange|p1a: Gengar|Gengar-Mega, L50, F\n|-mega|p1a: Gengar|Gengar|Gengarite\n|move|p2b: Mih(mikyu)|Shadow Sneak|p1a: Gengar\n|-supereffective|p1a: Gengar|1\n|-crit|p1a: Gengar\n|-damage|p1a: Gengar|35/100\n|move|p1a: Gengar|Hypnosis|p2b: Mih(mikyu)\n|-status|p2b: Mih(mikyu)|slp|[from] move: Hypnosis\n|move|p1b: Kommo-o|Body Press|p2a: Dih(tto)\n|-damage|p2a: Dih(tto)|0 fnt\n|faint|p2a: Dih(tto)\n|\n|upkeep\n|\n|t:|1776572395\n|switch|p2a: Bih|Beedrill, L50, M|100/100\n|turn|4\n|-activate|p2b: Mih(mikyu)|item: Quick Claw\n|\n|t:|1776572414\n|detailschange|p2a: Bih|Beedrill-Mega, L50, M\n|-mega|p2a: Bih|Beedrill|Beedrillite\n|cant|p2b: Mih(mikyu)|slp\n|move|p1a: Gengar|Hypnosis|p2a: Bih\n|-status|p2a: Bih|slp|[from] move: Hypnosis\n|cant|p2a: Bih|slp\n|move|p1b: Kommo-o|Clangorous Soul|p1b: Kommo-o\n|-boost|p1b: Kommo-o|atk|1\n|-boost|p1b: Kommo-o|def|1\n|-boost|p1b: Kommo-o|spa|1\n|-boost|p1b: Kommo-o|spd|1\n|-boost|p1b: Kommo-o|spe|1\n|-damage|p1b: Kommo-o|68/100\n|\n|upkeep\n|turn|5\n|-activate|p2b: Mih(mikyu)|item: Quick Claw\n|\n|t:|1776572448\n|cant|p2b: Mih(mikyu)|slp\n|move|p1a: Gengar|Shadow Ball|p2b: Mih(mikyu)\n|-activate|p2b: Mih(mikyu)|ability: Disguise\n|-damage|p2b: Mih(mikyu)|100/100 slp\n|detailschange|p2b: Mih(mikyu)|Mimikyu-Busted, L50, F\n|-damage|p2b: Mih(mikyu)|88/100 slp|[from] pokemon: Mimikyu-Busted\n|cant|p2a: Bih|slp\n|move|p1b: Kommo-o|Clanging Scales|p2b: Mih(mikyu)|[spread] p2a\n|-immune|p2b: Mih(mikyu)\n|-damage|p2a: Bih|31/100 slp\n|-unboost|p1b: Kommo-o|def|1\n|\n|-end|p2b: Mih(mikyu)|Disable\n|-fieldend|move: Gravity\n|upkeep\n|turn|6\n|\n|t:|1776572469\n|-curestatus|p2b: Mih(mikyu)|slp|[msg]\n|move|p2b: Mih(mikyu)|Shadow Sneak|p1a: Gengar\n|-supereffective|p1a: Gengar|1\n|-damage|p1a: Gengar|0 fnt\n|faint|p1a: Gengar\n|-curestatus|p2a: Bih|slp|[msg]\n|move|p2a: Bih|Drill Run|p1b: Kommo-o\n|-damage|p1b: Kommo-o|37/100\n|move|p1b: Kommo-o|Clanging Scales|p2a: Bih|[spread] p2a\n|-immune|p2b: Mih(mikyu)\n|-damage|p2a: Bih|0 fnt\n|faint|p2a: Bih\n|-unboost|p1b: Kommo-o|def|1\n|\n|upkeep\n|\n|t:|1776572482\n|switch|p1a: Bellibolt|Bellibolt, L50, M|100/100\n|switch|p2a: Fih|Gyarados, L50, M|100/100\n|-ability|p2a: Fih|Intimidate|boost\n|-unboost|p1a: Bellibolt|atk|1\n|-unboost|p1b: Kommo-o|atk|1\n|turn|7\n|inactive|Battle timer is ON: inactive players will automatically lose when time's up. (requested by orionsayshi)\n|\n|t:|1776572508\n|move|p2b: Mih(mikyu)|Shadow Sneak|p1b: Kommo-o\n|-damage|p1b: Kommo-o|15/100\n|move|p1b: Kommo-o|Body Press|p2a: Fih\n|-resisted|p2a: Fih|1\n|-damage|p2a: Fih|89/100\n|move|p2a: Fih|Waterfall|p1a: Bellibolt\n|-damage|p1a: Bellibolt|58/100\n|-start|p1a: Bellibolt|Charge|Waterfall|[from] ability: Electromorphosis\n|move|p1a: Bellibolt|Parabolic Charge|p2b: Mih(mikyu)|[spread] p1b,p2a,p2b\n|-resisted|p1b: Kommo-o|1\n|-supereffective|p2a: Fih|2\n|-damage|p1b: Kommo-o|0 fnt\n|-heal|p1a: Bellibolt|63/100|[from] drain|[of] p1b: Kommo-o\n|-damage|p2a: Fih|0 fnt\n|-heal|p1a: Bellibolt|100/100|[from] drain|[of] p2a: Fih\n|-damage|p2b: Mih(mikyu)|31/100\n|faint|p1b: Kommo-o\n|faint|p2a: Fih\n|-end|p1a: Bellibolt|Charge|[silent]\n|\n|upkeep\n|turn|8\n|\n|t:|1776572531\n|move|p2b: Mih(mikyu)|Drain Punch|p1a: Bellibolt\n|-damage|p1a: Bellibolt|82/100\n|-heal|p2b: Mih(mikyu)|45/100|[from] drain|[of] p1a: Bellibolt\n|-start|p1a: Bellibolt|Charge|Drain Punch|[from] ability: Electromorphosis\n|move|p1a: Bellibolt|Volt Switch|p2b: Mih(mikyu)\n|-damage|p2b: Mih(mikyu)|0 fnt\n|faint|p2b: Mih(mikyu)\n|-end|p1a: Bellibolt|Charge|[silent]\n|\n|win|orionsayshi\n|raw|orionsayshi's rating: 1108 &rarr; <strong>1131</strong><br />(+23 for winning)\n|raw|paranorman01's rating: 1085 &rarr; <strong>1064</strong><br />(-21 for losing)\n",
  "uploadtime": 1776572535,
  "views": 7,
  "formatid": "gen9championsvgc2026regma",
  "rating": 1064,
  "private": 0,
  "password": null
}