{
  "id": "gen9championsvgc2026regma-2584540231",
  "format": "[Gen 9 Champions] VGC 2026 Reg M-A",
  "players": [
    "tschoel",
    "Nebulash.dedede"
  ],
  "log": "|j|\u2606tschoel\n|j|\u2606Nebulash.dedede\n|t:|1776267518\n|gametype|doubles\n|player|p1|tschoel|265|1040\n|player|p2|Nebulash.dedede|2|1126\n|gen|9\n|tier|[Gen 9 Champions] VGC 2026 Reg M-A\n|rated|\n|rule|Species Clause: Limit one of each Pok\u00e9mon\n|rule|Item Clause: Limit 1 of each item\n|clearpoke\n|poke|p1|Dragonite, L50, F|\n|poke|p1|Arcanine, L50, M|\n|poke|p1|Tyranitar, L50, F|\n|poke|p1|Corviknight, L50, M|\n|poke|p1|Sinistcha, L50|\n|poke|p1|Sneasler, L50, M|\n|poke|p2|Aggron, L50, M|\n|poke|p2|Tyranitar, L50, M|\n|poke|p2|Floette-Eternal, L50, F|\n|poke|p2|Whimsicott, L50, M|\n|poke|p2|Rotom-Heat, L50|\n|poke|p2|Milotic, L50, F|\n|teampreview|4\n|\n|t:|1776267555\n|teamsize|p1|4\n|teamsize|p2|4\n|start\n|switch|p1a: Sneasler|Sneasler, L50, M|100/100\n|switch|p1b: Corviknight|Corviknight, L50, M|100/100\n|switch|p2a: Aggron|Aggron, L50, M|100/100\n|switch|p2b: Tyranitar|Tyranitar, L50, M|100/100\n|-weather|Sandstorm|[from] ability: Sand Stream|[of] p2b: Tyranitar\n|turn|1\n|inactive|Battle timer is ON: inactive players will automatically lose when time's up. (requested by tschoel)\n|\n|t:|1776267579\n|switch|p2b: Milotic|Milotic, L50, F|100/100\n|detailschange|p2a: Aggron|Aggron-Mega, L50, M\n|-mega|p2a: Aggron|Aggron|Aggronite\n|move|p1a: Sneasler|Coaching|p1b: Corviknight\n|-boost|p1b: Corviknight|atk|1\n|-boost|p1b: Corviknight|def|1\n|move|p1b: Corviknight|Iron Defense|p1b: Corviknight\n|-boost|p1b: Corviknight|def|2\n|move|p2a: Aggron|Iron Defense|p2a: Aggron\n|-boost|p2a: Aggron|def|2\n|\n|-weather|Sandstorm|[upkeep]\n|-damage|p1a: Sneasler|95/100|[from] Sandstorm\n|-damage|p2b: Milotic|94/100|[from] Sandstorm\n|-heal|p2b: Milotic|100/100|[from] item: Leftovers\n|upkeep\n|turn|2\n|inactive|tschoel has 30 seconds left.\n|\n|t:|1776267607\n|move|p1a: Sneasler|Close Combat|p2b: Milotic\n|-damage|p2b: Milotic|45/100\n|-unboost|p1a: Sneasler|def|1\n|-unboost|p1a: Sneasler|spd|1\n|-enditem|p1a: Sneasler|White Herb\n|-clearnegativeboost|p1a: Sneasler|[silent]\n|move|p2b: Milotic|Scald|p1b: Corviknight\n|-damage|p1b: Corviknight|78/100\n|-status|p1b: Corviknight|brn\n|move|p1b: Corviknight|Body Press|p2b: Milotic\n|-damage|p2b: Milotic|22/100\n|move|p2a: Aggron|Body Press|p1b: Corviknight\n|-damage|p1b: Corviknight|47/100 brn\n|\n|-weather|Sandstorm|[upkeep]\n|-damage|p1a: Sneasler|89/100|[from] Sandstorm\n|-damage|p2b: Milotic|16/100|[from] Sandstorm\n|-heal|p2b: Milotic|22/100|[from] item: Leftovers\n|-heal|p1b: Corviknight|53/100 brn|[from] item: Leftovers\n|-damage|p1b: Corviknight|47/100 brn|[from] brn\n|upkeep\n|turn|3\n|inactive|tschoel has 30 seconds left.\n|\n|t:|1776267639\n|switch|p1a: Sinistcha|Sinistcha, L50|100/100\n|-heal|p1b: Corviknight|72/100 brn|[from] ability: Hospitality|[of] p1a: Sinistcha\n|move|p2b: Milotic|Scald|p1a: Sinistcha\n|-resisted|p1a: Sinistcha|1\n|-damage|p1a: Sinistcha|87/100\n|move|p1b: Corviknight|Body Press|p2b: Milotic\n|-damage|p2b: Milotic|0 fnt\n|faint|p2b: Milotic\n|move|p2a: Aggron|Iron Defense|p2a: Aggron\n|-boost|p2a: Aggron|def|2\n|\n|-weather|Sandstorm|[upkeep]\n|-damage|p1a: Sinistcha|81/100|[from] Sandstorm\n|-heal|p1b: Corviknight|78/100 brn|[from] item: Leftovers\n|-damage|p1b: Corviknight|72/100 brn|[from] brn\n|upkeep\n|\n|t:|1776267643\n|switch|p2b: Rotom|Rotom-Heat, L50|100/100\n|turn|4\n|\n|t:|1776267667\n|switch|p1a: Tyranitar|Tyranitar, L50, F|100/100\n|move|p2b: Rotom|Overheat|p1a: Tyranitar\n|-resisted|p1a: Tyranitar|1\n|-damage|p1a: Tyranitar|89/100\n|-unboost|p2b: Rotom|spa|2\n|move|p1b: Corviknight|Body Press|p2b: Rotom\n|-damage|p2b: Rotom|73/100\n|move|p2a: Aggron|Body Press|p1b: Corviknight\n|-damage|p1b: Corviknight|32/100 brn\n|\n|-weather|Sandstorm|[upkeep]\n|-damage|p2b: Rotom|66/100|[from] Sandstorm\n|-heal|p1b: Corviknight|38/100 brn|[from] item: Leftovers\n|-damage|p1b: Corviknight|32/100 brn|[from] brn\n|upkeep\n|turn|5\n|inactive|tschoel has 30 seconds left.\n|\n|t:|1776267697\n|switch|p2b: Tyranitar|Tyranitar, L50, M|100/100\n|move|p1a: Tyranitar|Protect|p1a: Tyranitar\n|-singleturn|p1a: Tyranitar|Protect\n|move|p1b: Corviknight|Body Press|p2a: Aggron\n|-supereffective|p2a: Aggron|1\n|-damage|p2a: Aggron|95/100\n|move|p2a: Aggron|Body Press|p1a: Tyranitar\n|-activate|p1a: Tyranitar|move: Protect\n|\n|-weather|none\n|-heal|p1b: Corviknight|38/100 brn|[from] item: Leftovers\n|-damage|p1b: Corviknight|32/100 brn|[from] brn\n|upkeep\n|turn|6\n|inactive|Nebulash.dedede has 30 seconds left.\n|inactive|Nebulash.dedede has 20 seconds left.\n|inactive|Nebulash.dedede has 15 seconds left.\n|\n|t:|1776267738\n|switch|p1a: Sinistcha|Sinistcha, L50|81/100\n|-heal|p1b: Corviknight|57/100 brn|[from] ability: Hospitality|[of] p1a: Sinistcha\n|move|p2b: Tyranitar|Low Kick|p1a: Sinistcha\n|-immune|p1a: Sinistcha\n|move|p1b: Corviknight|Body Press|p2b: Tyranitar\n|-supereffective|p2b: Tyranitar|2\n|-damage|p2b: Tyranitar|2/100\n|move|p2a: Aggron|Body Press|p1b: Corviknight\n|-damage|p1b: Corviknight|17/100 brn\n|\n|-heal|p1b: Corviknight|23/100 brn|[from] item: Leftovers\n|-damage|p1b: Corviknight|17/100 brn|[from] brn\n|upkeep\n|turn|7\n|inactive|tschoel has 30 seconds left.\n|inactive|tschoel has 20 seconds left.\n|inactive|tschoel has 15 seconds left.\n|inactive|tschoel has 10 seconds left.\n|\n|t:|1776267787\n|switch|p2b: Rotom|Rotom-Heat, L50|66/100\n|move|p1b: Corviknight|Protect|p1b: Corviknight\n|-singleturn|p1b: Corviknight|Protect\n|move|p1a: Sinistcha|Rage Powder|p1a: Sinistcha\n|-singleturn|p1a: Sinistcha|move: Rage Powder\n|move|p2a: Aggron|Rock Slide|p1a: Sinistcha|[spread] p1a\n|-activate|p1b: Corviknight|move: Protect\n|-damage|p1a: Sinistcha|63/100\n|\n|-heal|p1b: Corviknight|23/100 brn|[from] item: Leftovers\n|-damage|p1b: Corviknight|17/100 brn|[from] brn\n|upkeep\n|turn|8\n|\n|t:|1776267803\n|switch|p1a: Tyranitar|Tyranitar, L50, F|89/100\n|-weather|Sandstorm|[from] ability: Sand Stream|[of] p1a: Tyranitar\n|move|p2b: Rotom|Protect|p2b: Rotom\n|-singleturn|p2b: Rotom|Protect\n|move|p1b: Corviknight|Body Press|p2b: Rotom\n|-activate|p2b: Rotom|move: Protect\n|move|p2a: Aggron|Rock Slide|p1b: Corviknight|[spread] p1a,p1b\n|-damage|p1a: Tyranitar|72/100\n|-damage|p1b: Corviknight|10/100 brn\n|\n|-weather|Sandstorm|[upkeep]\n|-damage|p2b: Rotom|60/100|[from] Sandstorm\n|-heal|p1b: Corviknight|16/100 brn|[from] item: Leftovers\n|-damage|p1b: Corviknight|10/100 brn|[from] brn\n|upkeep\n|turn|9\n|\n|t:|1776267827\n|switch|p2b: Tyranitar|Tyranitar, L50, M|2/100\n|move|p1b: Corviknight|Protect|p1b: Corviknight\n|-singleturn|p1b: Corviknight|Protect\n|move|p1a: Tyranitar|Protect|p1a: Tyranitar\n|-singleturn|p1a: Tyranitar|Protect\n|move|p2a: Aggron|Rock Slide|p1a: Tyranitar|[spread] \n|-activate|p1a: Tyranitar|move: Protect\n|-activate|p1b: Corviknight|move: Protect\n|\n|-weather|Sandstorm|[upkeep]\n|-heal|p1b: Corviknight|16/100 brn|[from] item: Leftovers\n|-damage|p1b: Corviknight|10/100 brn|[from] brn\n|upkeep\n|turn|10\n|\n|t:|1776267843\n|switch|p1a: Sinistcha|Sinistcha, L50|63/100\n|-heal|p1b: Corviknight|35/100 brn|[from] ability: Hospitality|[of] p1a: Sinistcha\n|move|p2b: Tyranitar|Crunch|p1a: Sinistcha\n|-supereffective|p1a: Sinistcha|1\n|-damage|p1a: Sinistcha|0 fnt\n|faint|p1a: Sinistcha\n|move|p1b: Corviknight|Body Press|p2b: Tyranitar\n|-supereffective|p2b: Tyranitar|2\n|-damage|p2b: Tyranitar|0 fnt\n|faint|p2b: Tyranitar\n|move|p2a: Aggron|Rock Slide|p1b: Corviknight\n|-damage|p1b: Corviknight|27/100 brn\n|\n|-weather|Sandstorm|[upkeep]\n|-heal|p1b: Corviknight|33/100 brn|[from] item: Leftovers\n|-damage|p1b: Corviknight|27/100 brn|[from] brn\n|upkeep\n|c|\u2606Nebulash.dedede|The waaaaaalll\n|\n|t:|1776267863\n|switch|p2b: Rotom|Rotom-Heat, L50|60/100\n|switch|p1a: Sneasler|Sneasler, L50, M|89/100\n|turn|11\n|\n|t:|1776267890\n|switch|p1b: Tyranitar|Tyranitar, L50, F|72/100\n|move|p1a: Sneasler|Fake Out|p2a: Aggron\n|-resisted|p2a: Aggron|1\n|-damage|p2a: Aggron|94/100\n|move|p2b: Rotom|Thunderbolt|p1a: Sneasler\n|-damage|p1a: Sneasler|43/100\n|-status|p1a: Sneasler|par\n|cant|p2a: Aggron|flinch\n|\n|-weather|Sandstorm|[upkeep]\n|-damage|p2b: Rotom|54/100|[from] Sandstorm\n|-damage|p1a: Sneasler|37/100 par|[from] Sandstorm\n|upkeep\n|turn|12\n|\n|t:|1776267913\n|detailschange|p1b: Tyranitar|Tyranitar-Mega, L50, F\n|-mega|p1b: Tyranitar|Tyranitar|Tyranitarite\n|move|p2b: Rotom|Thunderbolt|p1a: Sneasler\n|-damage|p1a: Sneasler|0 fnt\n|faint|p1a: Sneasler\n|move|p1b: Tyranitar|Rock Slide|p2a: Aggron|[spread] p2a,p2b\n|-resisted|p2a: Aggron|1\n|-supereffective|p2b: Rotom|1\n|-damage|p2a: Aggron|91/100\n|-damage|p2b: Rotom|0 fnt\n|faint|p2b: Rotom\n|move|p2a: Aggron|Body Press|p1b: Tyranitar\n|-supereffective|p1b: Tyranitar|2\n|-damage|p1b: Tyranitar|0 fnt\n|faint|p1b: Tyranitar\n|\n|-weather|none\n|upkeep\n|-message|tschoel forfeited.\n|\n|win|Nebulash.dedede\n|raw|tschoel's rating: 1040 &rarr; <strong>1028</strong><br />(-12 for losing)\n|raw|Nebulash.dedede's rating: 1126 &rarr; <strong>1145</strong><br />(+19 for winning)\n|l|\u2606tschoel\n|player|p1|\n",
  "uploadtime": 1776267928,
  "views": 28,
  "formatid": "gen9championsvgc2026regma",
  "rating": 1028,
  "private": 0,
  "password": null
}