{
  "id": "gen9championsvgc2026regma-2586807592",
  "format": "[Gen 9 Champions] VGC 2026 Reg M-A",
  "players": [
    "otaviopps04",
    "adityanair212"
  ],
  "log": "|j|\u2606otaviopps04\n|j|\u2606adityanair212\n|t:|1776461533\n|gametype|doubles\n|player|p1|otaviopps04|linebacker|1120\n|player|p2|adityanair212|ghetsis-gen5bw|1125\n|gen|9\n|tier|[Gen 9 Champions] VGC 2026 Reg M-A\n|rated|\n|rule|Species Clause: Limit one of each Pok\u00e9mon\n|rule|Item Clause: Limit 1 of each item\n|clearpoke\n|poke|p1|Scovillain, L50, M|\n|poke|p1|Dragapult, L50, M|\n|poke|p1|Gyarados, L50, M|\n|poke|p1|Tyranitar, L50, F|\n|poke|p1|Garchomp, L50, F|\n|poke|p1|Corviknight, L50, F|\n|poke|p2|Froslass, L50, F|\n|poke|p2|Garchomp, L50, F|\n|poke|p2|Rotom-Frost, L50|\n|poke|p2|Empoleon, L50, M|\n|poke|p2|Incineroar, L50, F|\n|poke|p2|Kingambit, L50, F|\n|teampreview|4\n|inactive|Battle timer is ON: inactive players will automatically lose when time's up. (requested by otaviopps04)\n|inactive|adityanair212 has 60 seconds left.\n|\n|t:|1776461574\n|teamsize|p1|4\n|teamsize|p2|4\n|start\n|switch|p1a: Scovillain|Scovillain, L50, M|100/100\n|switch|p1b: Dragapult|Dragapult, L50, M|100/100\n|switch|p2a: Garchomp|Garchomp, L50, F|100/100\n|switch|p2b: Rotom|Rotom-Frost, L50|100/100\n|turn|1\n|inactive|otaviopps04 has 30 seconds left.\n|\n|t:|1776461600\n|switch|p1b: Tyranitar|Tyranitar, L50, F|100/100\n|-weather|Sandstorm|[from] ability: Sand Stream|[of] p1b: Tyranitar\n|move|p2b: Rotom|Electroweb|p1a: Scovillain|[spread] p1a,p1b\n|-resisted|p1a: Scovillain|1\n|-damage|p1a: Scovillain|87/100\n|-damage|p1b: Tyranitar|88/100\n|-unboost|p1a: Scovillain|spe|1\n|-unboost|p1b: Tyranitar|spe|1\n|move|p2a: Garchomp|Dragon Claw|p1b: Tyranitar\n|-damage|p1b: Tyranitar|57/100\n|move|p1a: Scovillain|Flamethrower|p2b: Rotom\n|-supereffective|p2b: Rotom|1\n|-damage|p2b: Rotom|6/100\n|\n|-weather|Sandstorm|[upkeep]\n|-damage|p2b: Rotom|0 fnt|[from] Sandstorm\n|-damage|p1a: Scovillain|81/100|[from] Sandstorm\n|faint|p2b: Rotom\n|-ability|p1a: Scovillain|Moody|boost\n|-boost|p1a: Scovillain|spe|2\n|-unboost|p1a: Scovillain|atk|1\n|upkeep\n|inactive|adityanair212 has 30 seconds left.\n|\n|t:|1776461628\n|switch|p2b: Incineroar|Incineroar, L50, F|100/100\n|-ability|p2b: Incineroar|Intimidate|boost\n|-unboost|p1a: Scovillain|atk|1\n|-unboost|p1b: Tyranitar|atk|1\n|turn|2\n|\n|t:|1776461650\n|move|p2b: Incineroar|Fake Out|p1b: Tyranitar\n|-resisted|p1b: Tyranitar|1\n|-damage|p1b: Tyranitar|51/100\n|move|p2a: Garchomp|Rock Slide|p1a: Scovillain|[spread] p1a,p1b\n|-supereffective|p1a: Scovillain|1\n|-damage|p1a: Scovillain|42/100\n|-damage|p1b: Tyranitar|34/100\n|move|p1a: Scovillain|Leech Seed|p2a: Garchomp\n|-start|p2a: Garchomp|move: Leech Seed\n|cant|p1b: Tyranitar|flinch\n|\n|-weather|Sandstorm|[upkeep]\n|-damage|p1a: Scovillain|37/100|[from] Sandstorm\n|-damage|p2b: Incineroar|95/100|[from] Sandstorm\n|-damage|p2a: Garchomp|88/100|[from] Leech Seed|[of] p1a: Scovillain\n|-heal|p1a: Scovillain|50/100|[silent]\n|-ability|p1a: Scovillain|Moody|boost\n|-boost|p1a: Scovillain|spd|2\n|-unboost|p1a: Scovillain|def|1\n|upkeep\n|turn|3\n|inactive|adityanair212 has 30 seconds left.\n|\n|t:|1776461677\n|move|p1a: Scovillain|Protect|p1a: Scovillain\n|-singleturn|p1a: Scovillain|Protect\n|move|p2a: Garchomp|Earthquake|p1b: Tyranitar|[spread] p2b,p1b\n|-activate|p1a: Scovillain|move: Protect\n|-supereffective|p2b: Incineroar|1\n|-crit|p2b: Incineroar\n|-supereffective|p1b: Tyranitar|1\n|-damage|p2b: Incineroar|0 fnt\n|-damage|p1b: Tyranitar|0 fnt\n|faint|p2b: Incineroar\n|faint|p1b: Tyranitar\n|\n|-weather|Sandstorm|[upkeep]\n|-damage|p1a: Scovillain|44/100|[from] Sandstorm\n|-damage|p2a: Garchomp|75/100|[from] Leech Seed|[of] p1a: Scovillain\n|-heal|p1a: Scovillain|57/100|[silent]\n|-ability|p1a: Scovillain|Moody|boost\n|-boost|p1a: Scovillain|atk|2\n|-unboost|p1a: Scovillain|def|1\n|upkeep\n|c|\u2606adityanair212|word\n|\n|t:|1776461693\n|switch|p1b: Dragapult|Dragapult, L50, M|100/100\n|switch|p2b: Froslass|Froslass, L50, F|100/100\n|turn|4\n|\n|t:|1776461707\n|detailschange|p2b: Froslass|Froslass-Mega, L50, F\n|-mega|p2b: Froslass|Froslass|Froslassite\n|-weather|Snowscape|[from] ability: Snow Warning|[of] p2b: Froslass\n|detailschange|p1a: Scovillain|Scovillain-Mega, L50, M\n|-mega|p1a: Scovillain|Scovillain|Scovillainite\n|move|p1b: Dragapult|Dragon Darts|p2a: Garchomp\n|-supereffective|p2a: Garchomp|1\n|-damage|p2a: Garchomp|30/100\n|-anim|p1b: Dragapult|Dragon Darts|p2b: Froslass\n|-damage|p2b: Froslass|74/100\n|move|p2b: Froslass|Blizzard|p1a: Scovillain|[spread] p1a,p1b\n|-supereffective|p1b: Dragapult|1\n|-damage|p1a: Scovillain|29/100\n|-damage|p1b: Dragapult|0 fnt\n|-status|p2b: Froslass|brn|[from] ability: Spicy Spray|[of] p1a: Scovillain\n|faint|p1b: Dragapult\n|move|p2a: Garchomp|Dragon Claw|p1a: Scovillain\n|-damage|p1a: Scovillain|0 fnt\n|-status|p2a: Garchomp|brn|[from] ability: Spicy Spray|[of] p1a: Scovillain\n|faint|p1a: Scovillain\n|\n|-weather|Snowscape|[upkeep]\n|-damage|p2b: Froslass|68/100 brn|[from] brn\n|-damage|p2a: Garchomp|24/100 brn|[from] brn\n|upkeep\n|\n|t:|1776461723\n|switch|p1b: Corviknight|Corviknight, L50, F|100/100\n|turn|5\n|\n|t:|1776461744\n|move|p2b: Froslass|Aurora Veil|p2b: Froslass\n|-sidestart|p2: adityanair212|move: Aurora Veil\n|move|p2a: Garchomp|Rock Slide|p1b: Corviknight\n|-damage|p1b: Corviknight|92/100\n|move|p1b: Corviknight|Roost|p1b: Corviknight\n|-heal|p1b: Corviknight|100/100\n|-singleturn|p1b: Corviknight|move: Roost\n|\n|-weather|Snowscape|[upkeep]\n|-damage|p2b: Froslass|62/100 brn|[from] brn\n|-damage|p2a: Garchomp|18/100 brn|[from] brn\n|upkeep\n|turn|6\n|\n|t:|1776461761\n|move|p2b: Froslass|Shadow Ball|p1b: Corviknight\n|-damage|p1b: Corviknight|53/100\n|-ability|p1b: Corviknight|Mirror Armor\n|-unboost|p2b: Froslass|spd|1\n|move|p2a: Garchomp|Rock Slide|p1b: Corviknight|[miss]\n|-miss|p2a: Garchomp|p1b: Corviknight\n|move|p1b: Corviknight|Body Press|p2b: Froslass\n|-immune|p2b: Froslass\n|\n|-weather|Snowscape|[upkeep]\n|-heal|p1b: Corviknight|59/100|[from] item: Leftovers\n|-damage|p2b: Froslass|56/100 brn|[from] brn\n|-damage|p2a: Garchomp|12/100 brn|[from] brn\n|upkeep\n|turn|7\n|\n|t:|1776461777\n|move|p2b: Froslass|Shadow Ball|p1b: Corviknight\n|-damage|p1b: Corviknight|15/100\n|move|p2a: Garchomp|Rock Slide|p1b: Corviknight|[miss]\n|-miss|p2a: Garchomp|p1b: Corviknight\n|move|p1b: Corviknight|Roost|p1b: Corviknight\n|-heal|p1b: Corviknight|65/100\n|-singleturn|p1b: Corviknight|move: Roost\n|\n|-weather|Snowscape|[upkeep]\n|-heal|p1b: Corviknight|71/100|[from] item: Leftovers\n|-damage|p2b: Froslass|49/100 brn|[from] brn\n|-damage|p2a: Garchomp|6/100 brn|[from] brn\n|upkeep\n|turn|8\n|\n|t:|1776461787\n|move|p2b: Froslass|Shadow Ball|p1b: Corviknight\n|-damage|p1b: Corviknight|24/100\n|move|p2a: Garchomp|Rock Slide|p1b: Corviknight|[miss]\n|-miss|p2a: Garchomp|p1b: Corviknight\n|move|p1b: Corviknight|Roost|p1b: Corviknight\n|-heal|p1b: Corviknight|74/100\n|-singleturn|p1b: Corviknight|move: Roost\n|\n|-weather|none\n|-heal|p1b: Corviknight|79/100|[from] item: Leftovers\n|-damage|p2b: Froslass|43/100 brn|[from] brn\n|-damage|p2a: Garchomp|0 fnt|[from] brn\n|faint|p2a: Garchomp\n|upkeep\n|turn|9\n|\n|t:|1776461802\n|move|p2b: Froslass|Shadow Ball|p1b: Corviknight\n|-damage|p1b: Corviknight|33/100\n|move|p1b: Corviknight|Roost|p1b: Corviknight\n|-heal|p1b: Corviknight|83/100\n|-singleturn|p1b: Corviknight|move: Roost\n|\n|-heal|p1b: Corviknight|89/100|[from] item: Leftovers\n|-damage|p2b: Froslass|37/100 brn|[from] brn\n|-sideend|p2: adityanair212|move: Aurora Veil\n|upkeep\n|turn|10\n|\n|t:|1776461808\n|move|p2b: Froslass|Shadow Ball|p1b: Corviknight\n|-damage|p1b: Corviknight|42/100\n|move|p1b: Corviknight|Brave Bird|p2b: Froslass\n|-damage|p2b: Froslass|0 fnt\n|faint|p2b: Froslass\n|-damage|p1b: Corviknight|33/100|[from] Recoil\n|\n|win|otaviopps04\n|raw|otaviopps04's rating: 1120 &rarr; <strong>1145</strong><br />(+25 for winning)\n|raw|adityanair212's rating: 1125 &rarr; <strong>1100</strong><br />(-25 for losing)\n|l|\u2606otaviopps04\n|player|p1|\n|c|\u2606adityanair212|disgusting\n",
  "uploadtime": 1776461809,
  "views": 23,
  "formatid": "gen9championsvgc2026regma",
  "rating": 1100,
  "private": 0,
  "password": null
}