{
  "id": "gen9championsvgc2026regma-2588044350",
  "format": "[Gen 9 Champions] VGC 2026 Reg M-A",
  "players": [
    "Lopvd",
    "Fango 17"
  ],
  "log": "|j|\u2606Lopvd\n|j|\u2606Fango 17\n|t:|1776597334\n|gametype|doubles\n|player|p1|Lopvd|lucas-gen4pt|1206\n|player|p2|Fango 17|rood|1204\n|gen|9\n|tier|[Gen 9 Champions] VGC 2026 Reg M-A\n|rated|\n|rule|Species Clause: Limit one of each Pok\u00e9mon\n|rule|Item Clause: Limit 1 of each item\n|clearpoke\n|poke|p1|Milotic, L50, M|\n|poke|p1|Sneasler, L50, M|\n|poke|p1|Kingambit, L50, M|\n|poke|p1|Alakazam, L50, F|\n|poke|p1|Whimsicott, L50, F|\n|poke|p1|Incineroar, L50, M|\n|poke|p2|Crabominable, L50, F|\n|poke|p2|Sinistcha, L50|\n|poke|p2|Torkoal, L50, F|\n|poke|p2|Oranguru, L50, F|\n|poke|p2|Kingambit, L50, F|\n|poke|p2|Drampa, L50, F|\n|teampreview|4\n|inactive|Battle timer is ON: inactive players will automatically lose when time's up. (requested by Lopvd)\n|inactive|Lopvd has 60 seconds left.\n|inactive|Fango 17 has 60 seconds left.\n|\n|t:|1776597377\n|teamsize|p1|4\n|teamsize|p2|4\n|start\n|switch|p1a: Kingambit|Kingambit, L50, M|100/100\n|switch|p1b: Sneasler|Sneasler, L50, M|100/100\n|switch|p2a: Oranguru|Oranguru, L50, F|100/100\n|switch|p2b: Torkoal|Torkoal, L50, F|100/100\n|-weather|SunnyDay|[from] ability: Drought|[of] p2b: Torkoal\n|turn|1\n|inactive|Lopvd has 30 seconds left.\n|inactive|Lopvd has 20 seconds left.\n|inactive|Lopvd has 15 seconds left.\n|\n|t:|1776597418\n|move|p2a: Oranguru|Protect|p2a: Oranguru\n|-singleturn|p2a: Oranguru|Protect\n|move|p1a: Kingambit|Sucker Punch|p2b: Torkoal\n|-damage|p2b: Torkoal|63/100\n|move|p1b: Sneasler|Close Combat|p2b: Torkoal\n|-damage|p2b: Torkoal|8/100\n|-unboost|p1b: Sneasler|def|1\n|-unboost|p1b: Sneasler|spd|1\n|-enditem|p1b: Sneasler|White Herb\n|-clearnegativeboost|p1b: Sneasler|[silent]\n|move|p2b: Torkoal|Heat Wave|p1a: Kingambit|[spread] p1a,p1b\n|-supereffective|p1a: Kingambit|1\n|-damage|p1a: Kingambit|2/100\n|-damage|p1b: Sneasler|27/100\n|\n|-weather|SunnyDay|[upkeep]\n|upkeep\n|turn|2\n|\n|t:|1776597443\n|switch|p2b: Sinistcha|Sinistcha, L50|100/100\n|move|p1b: Sneasler|Dire Claw|p2b: Sinistcha\n|-damage|p2b: Sinistcha|62/100\n|move|p1a: Kingambit|Kowtow Cleave|p2a: Oranguru\n|-supereffective|p2a: Oranguru|1\n|-crit|p2a: Oranguru\n|-damage|p2a: Oranguru|0 fnt\n|faint|p2a: Oranguru\n|\n|-weather|SunnyDay|[upkeep]\n|upkeep\n|\n|t:|1776597451\n|switch|p2a: Drampa|Drampa, L50, F|100/100\n|turn|3\n|\n|t:|1776597462\n|detailschange|p2a: Drampa|Drampa-Mega, L50, F\n|-mega|p2a: Drampa|Drampa|Drampanite\n|move|p2b: Sinistcha|Rage Powder|p2b: Sinistcha\n|-singleturn|p2b: Sinistcha|move: Rage Powder\n|move|p1a: Kingambit|Sucker Punch||[still]\n|-fail|p1a: Kingambit\n|move|p1b: Sneasler|Close Combat|p2b: Sinistcha\n|-immune|p2b: Sinistcha\n|move|p2a: Drampa|Hyper Voice|p1b: Sneasler|[spread] p1a,p1b\n|-resisted|p1a: Kingambit|1\n|-damage|p1a: Kingambit|0 fnt\n|-damage|p1b: Sneasler|0 fnt\n|faint|p1a: Kingambit\n|faint|p1b: Sneasler\n|\n|-weather|SunnyDay|[upkeep]\n|upkeep\n|\n|t:|1776597474\n|switch|p1b: Milotic|Milotic, L50, M|100/100\n|switch|p1a: Incineroar|Incineroar, L50, M|100/100\n|-ability|p1a: Incineroar|Intimidate|boost\n|-unboost|p2a: Drampa|atk|1\n|-unboost|p2b: Sinistcha|atk|1\n|turn|4\n|\n|t:|1776597486\n|move|p2a: Drampa|Protect|p2a: Drampa\n|-singleturn|p2a: Drampa|Protect\n|move|p1b: Milotic|Ice Beam|p2a: Drampa\n|-activate|p2a: Drampa|move: Protect\n|move|p1a: Incineroar|Flare Blitz|p2b: Sinistcha\n|-supereffective|p2b: Sinistcha|1\n|-damage|p2b: Sinistcha|0 fnt\n|faint|p2b: Sinistcha\n|-damage|p1a: Incineroar|83/100|[from] Recoil\n|\n|-weather|SunnyDay|[upkeep]\n|upkeep\n|\n|t:|1776597493\n|switch|p2b: Torkoal|Torkoal, L50, F|8/100\n|turn|5\n|\n|t:|1776597507\n|move|p2b: Torkoal|Protect|p2b: Torkoal\n|-singleturn|p2b: Torkoal|Protect\n|move|p1b: Milotic|Ice Beam|p2a: Drampa\n|-supereffective|p2a: Drampa|1\n|-damage|p2a: Drampa|60/100\n|move|p1a: Incineroar|Darkest Lariat|p2b: Torkoal\n|-activate|p2b: Torkoal|move: Protect\n|move|p2a: Drampa|Earth Power|p1a: Incineroar\n|-supereffective|p1a: Incineroar|1\n|-crit|p1a: Incineroar\n|-damage|p1a: Incineroar|0 fnt\n|faint|p1a: Incineroar\n|\n|-weather|none\n|upkeep\n|turn|6\n|\n|t:|1776597526\n|move|p1b: Milotic|Scald|p2b: Torkoal\n|-supereffective|p2b: Torkoal|1\n|-damage|p2b: Torkoal|0 fnt\n|faint|p2b: Torkoal\n|move|p2a: Drampa|Draco Meteor|p1b: Milotic\n|-damage|p1b: Milotic|38/100\n|-unboost|p2a: Drampa|spa|2\n|\n|-heal|p1b: Milotic|44/100|[from] item: Leftovers\n|upkeep\n|turn|7\n|\n|t:|1776597537\n|move|p1b: Milotic|Recover|p1b: Milotic\n|-heal|p1b: Milotic|94/100\n|move|p2a: Drampa|Draco Meteor|p1b: Milotic\n|-damage|p1b: Milotic|64/100\n|-unboost|p2a: Drampa|spa|2\n|\n|-heal|p1b: Milotic|70/100|[from] item: Leftovers\n|upkeep\n|turn|8\n|\n|t:|1776597545\n|move|p1b: Milotic|Ice Beam|p2a: Drampa\n|-supereffective|p2a: Drampa|1\n|-damage|p2a: Drampa|20/100\n|-ability|p2a: Drampa|Berserk|boost\n|-boost|p2a: Drampa|spa|1\n|move|p2a: Drampa|Draco Meteor|p1b: Milotic\n|-crit|p1b: Milotic\n|-damage|p1b: Milotic|0 fnt\n|-unboost|p2a: Drampa|spa|2\n|faint|p1b: Milotic\n|\n|win|Fango 17\n|raw|Lopvd's rating: 1206 &rarr; <strong>1181</strong><br />(-25 for losing)\n|raw|Fango 17's rating: 1204 &rarr; <strong>1229</strong><br />(+25 for winning)\n",
  "uploadtime": 1776597558,
  "views": 12,
  "formatid": "gen9championsvgc2026regma",
  "rating": 1181,
  "private": 0,
  "password": null
}