{
  "id": "gen9championsvgc2026regma-2582052538",
  "format": "[Gen 9 Champions] VGC 2026 Reg M-A",
  "players": [
    "Kitsune.Post",
    "Yersi03"
  ],
  "log": "|j|\u2606Kitsune.Post\n|j|\u2606Yersi03\n|t:|1776052238\n|gametype|doubles\n|player|p1|Kitsune.Post|medium|1087\n|player|p2|Yersi03|lance|1088\n|gen|9\n|tier|[Gen 9 Champions] VGC 2026 Reg M-A\n|rated|\n|rule|Species Clause: Limit one of each Pok\u00e9mon\n|rule|Item Clause: Limit 1 of each item\n|clearpoke\n|poke|p1|Dragonite, L50, M|\n|poke|p1|Ditto, L50|\n|poke|p1|Charizard, L50, F|\n|poke|p1|Sylveon, L50, M|\n|poke|p1|Lucario, L50, F|\n|poke|p1|Whimsicott, L50, F|\n|poke|p2|Aggron, L50, M|\n|poke|p2|Sinistcha, L50|\n|poke|p2|Araquanid, L50, M|\n|poke|p2|Rotom-Heat, L50|\n|poke|p2|Garchomp, L50, F|\n|poke|p2|Hatterene, L50, F|\n|teampreview|4\n|\n|t:|1776052264\n|teamsize|p1|4\n|teamsize|p2|4\n|start\n|switch|p1a: Sylveon|Sylveon, L50, M|100/100\n|switch|p1b: Whimsicott|Whimsicott, L50, F|100/100\n|switch|p2a: Rotom|Rotom-Heat, L50|100/100\n|switch|p2b: Garchomp|Garchomp, L50, F|100/100\n|turn|1\n|\n|t:|1776052288\n|switch|p2b: Aggron|Aggron, L50, M|100/100\n|move|p1b: Whimsicott|Tailwind|p1b: Whimsicott\n|-sidestart|p1: Kitsune.Post|move: Tailwind\n|move|p2a: Rotom|Trick|p1b: Whimsicott\n|-activate|p2a: Rotom|move: Trick|[of] p1b: Whimsicott\n|-item|p1b: Whimsicott|Choice Scarf|[from] move: Trick\n|-item|p2a: Rotom|Focus Sash|[from] move: Trick\n|move|p1a: Sylveon|Hyper Voice|p2b: Aggron|[spread] p2a,p2b\n|-resisted|p2a: Rotom|1\n|-resisted|p2b: Aggron|1\n|-damage|p2a: Rotom|72/100\n|-damage|p2b: Aggron|81/100\n|\n|upkeep\n|turn|2\n|\n|t:|1776052325\n|detailschange|p2b: Aggron|Aggron-Mega, L50, M\n|-mega|p2b: Aggron|Aggron|Aggronite\n|move|p1b: Whimsicott|Leech Seed|p2b: Aggron\n|-start|p2b: Aggron|move: Leech Seed\n|move|p1a: Sylveon|Mystical Fire|p2b: Aggron\n|-supereffective|p2b: Aggron|1\n|-damage|p2b: Aggron|47/100\n|-unboost|p2b: Aggron|spa|1\n|move|p2a: Rotom|Overheat|p1b: Whimsicott\n|-supereffective|p1b: Whimsicott|1\n|-damage|p1b: Whimsicott|0 fnt\n|-unboost|p2a: Rotom|spa|2\n|faint|p1b: Whimsicott\n|move|p2b: Aggron|Iron Defense|p2b: Aggron\n|-boost|p2b: Aggron|def|2\n|\n|upkeep\n|\n|t:|1776052343\n|switch|p1b: Ditto|Ditto, L50|100/100\n|-transform|p1b: Ditto|p2a: Rotom|[from] ability: Imposter\n|turn|3\n|\n|t:|1776052352\n|switch|p2a: Sinistcha|Sinistcha, L50|100/100\n|-heal|p2b: Aggron|72/100|[from] ability: Hospitality|[of] p2a: Sinistcha\n|move|p1a: Sylveon|Protect|p1a: Sylveon\n|-singleturn|p1a: Sylveon|Protect\n|move|p2b: Aggron|Protect|p2b: Aggron\n|-singleturn|p2b: Aggron|Protect\n|move|p1b: Ditto|Overheat|p2b: Aggron\n|-activate|p2b: Aggron|move: Protect\n|\n|-damage|p2b: Aggron|60/100|[from] Leech Seed|[of] p1b: Ditto\n|upkeep\n|turn|4\n|\n|t:|1776052379\n|switch|p1b: Charizard|Charizard, L50, F|100/100\n|move|p1a: Sylveon|Mystical Fire|p2b: Aggron\n|-supereffective|p2b: Aggron|1\n|-damage|p2b: Aggron|27/100\n|-unboost|p2b: Aggron|spa|1\n|move|p2a: Sinistcha|Life Dew||[still]|[spread] p2a,p2b\n|-fail|p2a: Sinistcha|heal\n|-heal|p2b: Aggron|52/100\n|move|p2b: Aggron|Heavy Slam|p1a: Sylveon\n|-supereffective|p1a: Sylveon|1\n|-damage|p1a: Sylveon|0 fnt\n|faint|p1a: Sylveon\n|\n|-damage|p2b: Aggron|39/100|[from] Leech Seed|[of] p1b: Charizard\n|-sideend|p1: Kitsune.Post|move: Tailwind\n|upkeep\n|\n|t:|1776052392\n|switch|p1a: Ditto|Ditto, L50|100/100\n|-transform|p1a: Ditto|p2b: Aggron|[from] ability: Imposter\n|turn|5\n|\n|t:|1776052426\n|detailschange|p1b: Charizard|Charizard-Mega-Y, L50, F\n|-mega|p1b: Charizard|Charizard|Charizardite Y\n|-weather|SunnyDay|[from] ability: Drought|[of] p1b: Charizard\n|move|p1b: Charizard|Heat Wave|p2b: Aggron|[spread] p2a,p2b\n|-supereffective|p2a: Sinistcha|1\n|-supereffective|p2b: Aggron|1\n|-damage|p2a: Sinistcha|0 fnt\n|-damage|p2b: Aggron|0 fnt\n|faint|p2a: Sinistcha\n|faint|p2b: Aggron\n|move|p1a: Ditto|Body Press|p2: Sinistcha|[notarget]\n|-fail|p1a: Ditto\n|\n|-weather|SunnyDay|[upkeep]\n|upkeep\n|\n|t:|1776052432\n|switch|p2a: Garchomp|Garchomp, L50, F|100/100\n|switch|p2b: Rotom|Rotom-Heat, L50|72/100\n|turn|6\n|\n|t:|1776052446\n|move|p2a: Garchomp|Earthquake|p1b: Charizard|[spread] p1a\n|-immune|p2b: Rotom|[from] ability: Levitate\n|-immune|p1b: Charizard\n|-supereffective|p1a: Ditto|1\n|-damage|p1a: Ditto|83/100\n|move|p1b: Charizard|Heat Wave|p2a: Garchomp|[spread] p2a,p2b\n|-resisted|p2a: Garchomp|1\n|-resisted|p2b: Rotom|1\n|-damage|p2a: Garchomp|68/100\n|-damage|p2b: Rotom|30/100\n|move|p2b: Rotom|Thunderbolt|p1b: Charizard\n|-supereffective|p1b: Charizard|1\n|-damage|p1b: Charizard|5/100\n|move|p1a: Ditto|Body Press|p2a: Garchomp\n|-crit|p2a: Garchomp\n|-damage|p2a: Garchomp|0 fnt\n|faint|p2a: Garchomp\n|\n|-weather|SunnyDay|[upkeep]\n|upkeep\n|turn|7\n|-message|Yersi03 forfeited.\n|\n|win|Kitsune.Post\n|raw|Kitsune.Post's rating: 1087 &rarr; <strong>1114</strong><br />(+27 for winning)\n|raw|Yersi03's rating: 1088 &rarr; <strong>1065</strong><br />(-23 for losing)\n|l|\u2606Yersi03\n|player|p2|\n",
  "uploadtime": 1776052472,
  "views": 20,
  "formatid": "gen9championsvgc2026regma",
  "rating": 1065,
  "private": 0,
  "password": null
}