{
  "id": "gen9championsvgc2026regma-2585710915",
  "format": "[Gen 9 Champions] VGC 2026 Reg M-A",
  "players": [
    "hamcook",
    "Dizzy slayz"
  ],
  "log": "|j|\u2606hamcook\n|j|\u2606Dizzy slayz\n|t:|1776365320\n|gametype|doubles\n|player|p1|hamcook|cynthia-gen4|1395\n|player|p2|Dizzy slayz|266|1383\n|gen|9\n|tier|[Gen 9 Champions] VGC 2026 Reg M-A\n|rated|\n|rule|Species Clause: Limit one of each Pok\u00e9mon\n|rule|Item Clause: Limit 1 of each item\n|clearpoke\n|poke|p1|Farigiraf, L50, M|\n|poke|p1|Sinistcha, L50|\n|poke|p1|Blastoise, L50, M|\n|poke|p1|Politoed, L50, F|\n|poke|p1|Torkoal, L50, F|\n|poke|p1|Kingambit, L50, M|\n|poke|p2|Gallade, L50, M|\n|poke|p2|Skarmory, L50, F|\n|poke|p2|Archaludon, L50, F|\n|poke|p2|Basculegion, L50, M|\n|poke|p2|Whimsicott, L50, F|\n|poke|p2|Pelipper, L50, M|\n|teampreview|4\nDizzy slayz rejected open team sheets.\n|inactive|Battle timer is ON: inactive players will automatically lose when time's up. (requested by hamcook)\n|inactive|Dizzy slayz has 60 seconds left.\n|\n|t:|1776365390\n|teamsize|p1|4\n|teamsize|p2|4\n|start\n|switch|p1a: Farigiraf|Farigiraf, L50, M|100/100\n|switch|p1b: Blastoise|Blastoise, L50, M|100/100\n|switch|p2a: Gallade|Gallade, L50, M|100/100\n|switch|p2b: Basculegion|Basculegion, L50, M|100/100\n|turn|1\n|\n|t:|1776365409\n|detailschange|p2a: Gallade|Gallade-Mega, L50, M\n|-mega|p2a: Gallade|Gallade|Galladite\n|detailschange|p1b: Blastoise|Blastoise-Mega, L50, M\n|-mega|p1b: Blastoise|Blastoise|Blastoisinite\n|move|p1b: Blastoise|Fake Out|p2a: Gallade\n|-damage|p2a: Gallade|90/100\n|move|p2a: Gallade|Psycho Cut|p1b: Blastoise\n|-damage|p1b: Blastoise|69/100\n|move|p2b: Basculegion|Wave Crash|p1a: Farigiraf\n|-damage|p1a: Farigiraf|22/100\n|-enditem|p1a: Farigiraf|Sitrus Berry|[eat]\n|-heal|p1a: Farigiraf|47/100|[from] item: Sitrus Berry\n|-damage|p2b: Basculegion|73/100|[from] Recoil\n|move|p1a: Farigiraf|Trick Room|p1a: Farigiraf\n|-fieldstart|move: Trick Room|[of] p1a: Farigiraf\n|\n|upkeep\n|turn|2\n|inactive|hamcook has 30 seconds left.\n|\n|t:|1776365436\n|move|p1a: Farigiraf|Psychic|p2b: Basculegion\n|-damage|p2b: Basculegion|30/100\n|move|p1b: Blastoise|Water Spout|p2b: Basculegion|[spread] p2a,p2b\n|-resisted|p2b: Basculegion|1\n|-damage|p2a: Gallade|44/100\n|-damage|p2b: Basculegion|4/100\n|move|p2b: Basculegion|Wave Crash|p1a: Farigiraf\n|-damage|p1a: Farigiraf|0 fnt\n|faint|p1a: Farigiraf\n|-damage|p2b: Basculegion|0 fnt|[from] Recoil\n|faint|p2b: Basculegion\n|move|p2a: Gallade|Drain Punch|p1b: Blastoise\n|-damage|p1b: Blastoise|37/100\n|-heal|p2a: Gallade|63/100|[from] drain|[of] p1b: Blastoise\n|\n|upkeep\n|\n|t:|1776365455\n|switch|p1a: Torkoal|Torkoal, L50, F|100/100\n|switch|p2b: Archaludon|Archaludon, L50, F|100/100\n|-weather|SunnyDay|[from] ability: Drought|[of] p1a: Torkoal\n|turn|3\n|\n|t:|1776365466\n|switch|p2a: Pelipper|Pelipper, L50, M|100/100\n|-weather|RainDance|[from] ability: Drizzle|[of] p2a: Pelipper\n|move|p1a: Torkoal|Eruption|p2a: Pelipper|[spread] p2a,p2b\n|-resisted|p2a: Pelipper|1\n|-damage|p2a: Pelipper|87/100\n|-damage|p2b: Archaludon|77/100\n|-ability|p2b: Archaludon|Stamina|boost\n|-boost|p2b: Archaludon|def|1\n|move|p1b: Blastoise|Aura Sphere|p2b: Archaludon\n|-supereffective|p2b: Archaludon|1\n|-damage|p2b: Archaludon|0 fnt\n|faint|p2b: Archaludon\n|\n|-weather|RainDance|[upkeep]\n|-heal|p2a: Pelipper|93/100|[from] item: Leftovers\n|upkeep\n|\n|t:|1776365484\n|switch|p2b: Gallade|Gallade-Mega, L50, M|63/100\n|turn|4\n|\n|t:|1776365497\n|move|p2a: Pelipper|Wide Guard|p2a: Pelipper\n|-singleturn|p2a: Pelipper|Wide Guard\n|move|p1a: Torkoal|Weather Ball|p2b: Gallade\n|-damage|p2b: Gallade|18/100\n|move|p1b: Blastoise|Aura Sphere|p2b: Gallade\n|-resisted|p2b: Gallade|1\n|-damage|p2b: Gallade|0 fnt\n|faint|p2b: Gallade\n|\n|-weather|RainDance|[upkeep]\n|-heal|p2a: Pelipper|99/100|[from] item: Leftovers\n|upkeep\n|turn|5\n|inactive|Dizzy slayz has 30 seconds left.\n|inactive|hamcook has 30 seconds left.\n|inactive|Dizzy slayz has 20 seconds left.\n|inactive|Dizzy slayz has 15 seconds left.\n|inactive|Dizzy slayz has 10 seconds left.\n|inactive|Dizzy slayz has 5 seconds left.\n|\n|t:|1776365553\n|move|p1a: Torkoal|Ancient Power|p2a: Pelipper\n|-supereffective|p2a: Pelipper|1\n|-damage|p2a: Pelipper|63/100\n|move|p1b: Blastoise|Dark Pulse|p2a: Pelipper\n|-damage|p2a: Pelipper|11/100\n|cant|p2a: Pelipper|flinch\n|\n|-weather|RainDance|[upkeep]\n|-heal|p2a: Pelipper|17/100|[from] item: Leftovers\n|-fieldend|move: Trick Room\n|upkeep\n|turn|6\n|inactive|Dizzy slayz has 30 seconds left.\n|inactive|Dizzy slayz has 20 seconds left.\n|inactive|Dizzy slayz has 15 seconds left.\n|inactive|Dizzy slayz has 10 seconds left.\n|inactive|Dizzy slayz has 5 seconds left.\n|\n|t:|1776365608\n|move|p2a: Pelipper|Hurricane|p1a: Torkoal\n|-damage|p1a: Torkoal|47/100\n|move|p1b: Blastoise|Dark Pulse|p2a: Pelipper\n|-damage|p2a: Pelipper|0 fnt\n|faint|p2a: Pelipper\n|\n|win|hamcook\n|raw|hamcook's rating: 1395 &rarr; <strong>1414</strong><br />(+19 for winning)\n|raw|Dizzy slayz's rating: 1383 &rarr; <strong>1364</strong><br />(-19 for losing)\n",
  "uploadtime": 1776365622,
  "views": 32,
  "formatid": "gen9championsvgc2026regma",
  "rating": 1364,
  "private": 0,
  "password": null
}