{
  "id": "gen9championsvgc2026regma-2583579266",
  "format": "[Gen 9 Champions] VGC 2026 Reg M-A",
  "players": [
    "rock lovers",
    "SoyGomezLoco"
  ],
  "log": "|j|\u2606rock lovers\n|j|\u2606SoyGomezLoco\n|t:|1776184510\n|gametype|doubles\n|player|p1|rock lovers|skierf|1000\n|player|p2|SoyGomezLoco|hiker-gen4|1040\n|gen|9\n|tier|[Gen 9 Champions] VGC 2026 Reg M-A\n|rated|\n|rule|Species Clause: Limit one of each Pok\u00e9mon\n|rule|Item Clause: Limit 1 of each item\n|clearpoke\n|poke|p1|Dragonite, L50, M|\n|poke|p1|Pelipper, L50, F|\n|poke|p1|Palafin, L50, F|\n|poke|p1|Archaludon, L50, F|\n|poke|p1|Incineroar, L50, M|\n|poke|p1|Sinistcha, L50|\n|poke|p2|Alakazam, L50, M|\n|poke|p2|Drampa, L50, M|\n|poke|p2|Sinistcha, L50|\n|poke|p2|Basculegion, L50, M|\n|poke|p2|Pelipper, L50, F|\n|poke|p2|Scizor, L50, M|\n|teampreview|4\n|\n|t:|1776184559\n|teamsize|p1|4\n|teamsize|p2|4\n|start\n|switch|p1a: Dragonite|Dragonite, L50, M, shiny|100/100\n|switch|p1b: Pelipper|Pelipper, L50, F, shiny|100/100\n|switch|p2a: Tio Drampa|Drampa, L50, M|100/100\n|switch|p2b: ELMago|Alakazam, L50, M, shiny|100/100\n|-weather|RainDance|[from] ability: Drizzle|[of] p1b: Pelipper\n|turn|1\n|\n|t:|1776184602\n|detailschange|p1a: Dragonite|Dragonite-Mega, L50, M, shiny\n|-mega|p1a: Dragonite|Dragonite|Dragoninite\n|detailschange|p2a: Tio Drampa|Drampa-Mega, L50, M\n|-mega|p2a: Tio Drampa|Drampa|Drampanite\n|move|p2a: Tio Drampa|Protect|p2a: Tio Drampa\n|-singleturn|p2a: Tio Drampa|Protect\n|move|p2b: ELMago|Speed Swap|p2a: Tio Drampa\n|-activate|p2a: Tio Drampa|move: Protect\n|move|p1a: Dragonite|Hurricane|p2b: ELMago\n|-damage|p2b: ELMago|28/100\n|move|p1b: Pelipper|Hurricane|p2b: ELMago\n|-crit|p2b: ELMago\n|-damage|p2b: ELMago|0 fnt\n|faint|p2b: ELMago\n|\n|-weather|RainDance|[upkeep]\n|upkeep\n|\n|t:|1776184620\n|switch|p2b: CapituloMuerto|Basculegion, L50, M|100/100\n|turn|2\n|\n|t:|1776184636\n|move|p1a: Dragonite|Protect|p1a: Dragonite\n|-singleturn|p1a: Dragonite|Protect\n|move|p2b: CapituloMuerto|Last Respects|p1a: Dragonite\n|-activate|p1a: Dragonite|move: Protect\n|move|p1b: Pelipper|Tailwind|p1b: Pelipper\n|-sidestart|p1: rock lovers|move: Tailwind\n|move|p2a: Tio Drampa|Hyper Voice|p1b: Pelipper|[spread] p1b\n|-activate|p1a: Dragonite|move: Protect\n|-damage|p1b: Pelipper|28/100\n|\n|-weather|RainDance|[upkeep]\n|upkeep\n|turn|3\n|\n|t:|1776184663\n|move|p1b: Pelipper|Wide Guard|p1b: Pelipper\n|-singleturn|p1b: Pelipper|Wide Guard\n|move|p1a: Dragonite|Hurricane|p2b: CapituloMuerto\n|-damage|p2b: CapituloMuerto|28/100\n|move|p2b: CapituloMuerto|Last Respects|p1a: Dragonite\n|-damage|p1a: Dragonite|76/100\n|move|p2a: Tio Drampa|Hyper Voice|p1b: Pelipper|[spread] \n|-activate|p1a: Dragonite|move: Wide Guard\n|-activate|p1b: Pelipper|move: Wide Guard\n|\n|-weather|RainDance|[upkeep]\n|upkeep\n|turn|4\n|\n|t:|1776184695\n|switch|p1b: Palafin|Palafin, L50, F, shiny|100/100\n|move|p1a: Dragonite|Hurricane|p2b: CapituloMuerto\n|-damage|p2b: CapituloMuerto|0 fnt\n|faint|p2b: CapituloMuerto\n|move|p2a: Tio Drampa|Calm Mind|p2a: Tio Drampa\n|-boost|p2a: Tio Drampa|spa|1\n|-boost|p2a: Tio Drampa|spd|1\n|\n|-weather|RainDance|[upkeep]\n|upkeep\n|\n|t:|1776184705\n|switch|p2b: Escusado|Pelipper, L50, F|100/100\n|turn|5\n|\n|t:|1776184719\n|detailschange|p1b: Palafin|Palafin-Hero, L50, F, shiny\n|switch|p1b: Sinistcha|Sinistcha, L50|100/100\n|-heal|p1a: Dragonite|100/100|[from] ability: Hospitality|[of] p1b: Sinistcha\n|move|p1a: Dragonite|Protect|p1a: Dragonite\n|-singleturn|p1a: Dragonite|Protect\n|move|p2b: Escusado|Tailwind|p2b: Escusado\n|-sidestart|p2: SoyGomezLoco|move: Tailwind\n|move|p2a: Tio Drampa|Hyper Voice|p1b: Sinistcha|[spread] \n|-activate|p1a: Dragonite|move: Protect\n|-immune|p1b: Sinistcha\n|\n|-weather|none\n|-sideend|p1: rock lovers|move: Tailwind\n|upkeep\n|turn|6\n|\n|t:|1776184769\n|switch|p1a: Pelipper|Pelipper, L50, F, shiny|28/100\n|-weather|RainDance|[from] ability: Drizzle|[of] p1a: Pelipper\n|switch|p1b: Palafin|Palafin-Hero, L50, F, shiny|100/100\n|-activate|p1b: Palafin|ability: Zero to Hero\n|move|p2b: Escusado|Hurricane|p1b: Palafin\n|-crit|p1b: Palafin\n|-damage|p1b: Palafin|39/100\n|-start|p1b: Palafin|confusion\n|move|p2a: Tio Drampa|Hyper Voice|p1b: Palafin|[spread] p1a,p1b\n|-damage|p1a: Pelipper|0 fnt\n|-damage|p1b: Palafin|0 fnt\n|faint|p1a: Pelipper\n|faint|p1b: Palafin\n|\n|-weather|RainDance|[upkeep]\n|upkeep\n|\n|t:|1776184785\n|switch|p1b: Dragonite|Dragonite-Mega, L50, M, shiny|100/100\n|switch|p1a: Sinistcha|Sinistcha, L50|100/100\n|turn|7\n|\n|t:|1776184806\n|move|p1b: Dragonite|Protect|p1b: Dragonite\n|-singleturn|p1b: Dragonite|Protect\n|move|p2b: Escusado|Hurricane|p1a: Sinistcha\n|-supereffective|p1a: Sinistcha|1\n|-crit|p1a: Sinistcha\n|-damage|p1a: Sinistcha|0 fnt\n|faint|p1a: Sinistcha\n|move|p2a: Tio Drampa|Hyper Voice|p1b: Dragonite\n|-activate|p1b: Dragonite|move: Protect\n|\n|-weather|RainDance|[upkeep]\n|upkeep\n|turn|8\n|\n|t:|1776184820\n|move|p2b: Escusado|Hurricane|p1b: Dragonite\n|-damage|p1b: Dragonite|84/100\n|move|p1b: Dragonite|Draco Meteor|p2a: Tio Drampa\n|-supereffective|p2a: Tio Drampa|1\n|-damage|p2a: Tio Drampa|5/100\n|-unboost|p1b: Dragonite|spa|2\n|-ability|p2a: Tio Drampa|Berserk|boost\n|-boost|p2a: Tio Drampa|spa|1\n|move|p2a: Tio Drampa|Hyper Voice|p1b: Dragonite\n|-crit|p1b: Dragonite\n|-damage|p1b: Dragonite|0 fnt\n|faint|p1b: Dragonite\n|\n|win|SoyGomezLoco\n|raw|rock lovers's rating: 1000 &rarr; <strong>1000</strong><br />(+0 for losing)\n|raw|SoyGomezLoco's rating: 1040 &rarr; <strong>1070</strong><br />(+30 for winning)\n|l|\u2606rock lovers\n|player|p1|\n",
  "uploadtime": 1776184842,
  "views": 17,
  "formatid": "gen9championsvgc2026regma",
  "rating": 1000,
  "private": 0,
  "password": null
}