{
  "id": "gen9championsvgc2026regma-2581408829",
  "format": "[Gen 9 Champions] VGC 2026 Reg M-A",
  "players": [
    "Bimboddue",
    "BANKAI_545"
  ],
  "log": "|j|\u2606Bimboddue\n|j|\u2606BANKAI_545\n|t:|1775997401\n|gametype|doubles\n|player|p1|Bimboddue|101|1236\n|player|p2|BANKAI_545|n|1266\n|gen|9\n|tier|[Gen 9 Champions] VGC 2026 Reg M-A\n|rated|\n|rule|Species Clause: Limit one of each Pok\u00e9mon\n|rule|Item Clause: Limit 1 of each item\n|clearpoke\n|poke|p1|Emboar, L50, M|\n|poke|p1|Primarina, L50, M|\n|poke|p1|Farigiraf, L50, F|\n|poke|p1|Tyranitar, L50, M|\n|poke|p1|Scizor, L50, F|\n|poke|p1|Klefki, L50, M|\n|poke|p2|Gengar, L50, F|\n|poke|p2|Incineroar, L50, M|\n|poke|p2|Sinistcha-Masterpiece, L50|\n|poke|p2|Kingambit, L50, F|\n|poke|p2|Tyranitar, L50, M|\n|poke|p2|Rotom-Heat, L50|\n|teampreview|4\n|inactive|Battle timer is ON: inactive players will automatically lose when time's up. (requested by BANKAI_545)\nBimboddue has agreed to open team sheets.\n|inactive|Bimboddue has 60 seconds left.\n|\n|t:|1775997459\n|teamsize|p1|4\n|teamsize|p2|4\n|start\n|switch|p1a: Farigiraf|Farigiraf, L50, F|100/100\n|switch|p1b: Tyranitar|Tyranitar, L50, M|100/100\n|switch|p2a: roar!|Incineroar, L50, M|100/100\n|switch|p2b: gengy|Gengar, L50, F, shiny|100/100\n|-ability|p1b: Tyranitar|Unnerve\n|-ability|p2a: roar!|Intimidate|boost\n|-unboost|p1a: Farigiraf|atk|1\n|-unboost|p1b: Tyranitar|atk|1\n|turn|1\n|inactive|Bimboddue has 30 seconds left.\n|\n|t:|1775997491\n|switch|p1a: Klefki|Klefki, L50, M|100/100\n|detailschange|p2b: gengy|Gengar-Mega, L50, F, shiny\n|-mega|p2b: gengy|Gengar|Gengarite\n|move|p2b: gengy|Perish Song|p2b: gengy\n|-start|p1a: Klefki|perish3|[silent]\n|-start|p1b: Tyranitar|perish3|[silent]\n|-start|p2a: roar!|perish3|[silent]\n|-start|p2b: gengy|perish3|[silent]\n|-fieldactivate|move: Perish Song\n|move|p2a: roar!|Throat Chop|p1a: Klefki\n|-resisted|p1a: Klefki|1\n|-damage|p1a: Klefki|88/100\n|-start|p1a: Klefki|Throat Chop|[silent]\n|move|p1b: Tyranitar|Knock Off|p2b: gengy\n|-supereffective|p2b: gengy|1\n|-damage|p2b: gengy|16/100\n|\n|-start|p2b: gengy|perish3\n|-start|p1a: Klefki|perish3\n|-start|p2a: roar!|perish3\n|-start|p1b: Tyranitar|perish3\n|upkeep\n|turn|2\n|inactive|Bimboddue has 30 seconds left.\n|\n|t:|1775997517\n|move|p2b: gengy|Protect|p2b: gengy\n|-singleturn|p2b: gengy|Protect\n|move|p2a: roar!|Protect|p2a: roar!\n|-singleturn|p2a: roar!|Protect\n|move|p1a: Klefki|Draining Kiss|p2a: roar!\n|-activate|p2a: roar!|move: Protect\n|move|p1b: Tyranitar|Rock Slide|p2b: gengy|[spread] \n|-activate|p2a: roar!|move: Protect\n|-activate|p2b: gengy|move: Protect\n|\n|-end|p1a: Klefki|Throat Chop|[silent]\n|-start|p2b: gengy|perish2\n|-start|p1a: Klefki|perish2\n|-start|p2a: roar!|perish2\n|-start|p1b: Tyranitar|perish2\n|upkeep\n|turn|3\n|\n|t:|1775997542\n|switch|p2b: macha bowl|Sinistcha-Masterpiece, L50, shiny|100/100\n|move|p1b: Tyranitar|Rock Slide|p2a: roar!|[spread] p2a,p2b\n|-supereffective|p2a: roar!|1\n|-damage|p2a: roar!|62/100\n|-damage|p2b: macha bowl|84/100\n|move|p2a: roar!|Parting Shot|p2b: macha bowl\n|-unboost|p2b: macha bowl|atk|1\n|-unboost|p2b: macha bowl|spa|1\n|\n|t:|1775997551\n|switch|p2a: gengy|Gengar-Mega, L50, F, shiny|16/100|[from] Parting Shot\n|move|p1a: Klefki|Trick Room|p1a: Klefki\n|-fieldstart|move: Trick Room|[of] p1a: Klefki\n|\n|-start|p1b: Tyranitar|perish1\n|-start|p1a: Klefki|perish1\n|upkeep\n|turn|4\n|inactive|Bimboddue has 30 seconds left.\n|\n|t:|1775997585\n|move|p2b: macha bowl|Protect|p2b: macha bowl\n|-singleturn|p2b: macha bowl|Protect\n|move|p2a: gengy|Protect|p2a: gengy\n|-singleturn|p2a: gengy|Protect\n|move|p1a: Klefki|Reflect|p1a: Klefki\n|-sidestart|p1: Bimboddue|Reflect\n|move|p1b: Tyranitar|Knock Off|p2b: macha bowl\n|-activate|p2b: macha bowl|move: Protect\n|\n|-start|p1b: Tyranitar|perish0\n|-start|p1a: Klefki|perish0\n|faint|p1b: Tyranitar\n|faint|p1a: Klefki\n|upkeep\n|\n|t:|1775997598\n|switch|p1b: Farigiraf|Farigiraf, L50, F|100/100\n|switch|p1a: Emboar|Emboar, L50, M|100/100\n|turn|5\n|\n|t:|1775997617\n|detailschange|p1a: Emboar|Emboar-Mega, L50, M\n|-mega|p1a: Emboar|Emboar|Emboarite\n|-ability|p1a: Emboar|Mold Breaker\n|move|p2b: macha bowl|Rage Powder|p2b: macha bowl\n|-singleturn|p2b: macha bowl|move: Rage Powder\n|move|p1b: Farigiraf|Psychic|p2b: macha bowl\n|-damage|p2b: macha bowl|48/100\n|-enditem|p2b: macha bowl|Sitrus Berry|[eat]\n|-heal|p2b: macha bowl|73/100|[from] item: Sitrus Berry\n|move|p1a: Emboar|Flare Blitz|p2b: macha bowl\n|-supereffective|p2b: macha bowl|1\n|-crit|p2b: macha bowl\n|-damage|p2b: macha bowl|0 fnt\n|faint|p2b: macha bowl\n|-damage|p1a: Emboar|79/100|[from] Recoil\n|move|p2a: gengy|Perish Song|p2a: gengy\n|-start|p1a: Emboar|perish3|[silent]\n|-start|p1b: Farigiraf|perish3|[silent]\n|-start|p2a: gengy|perish3|[silent]\n|-fieldactivate|move: Perish Song\n|\n|-start|p1b: Farigiraf|perish3\n|-start|p1a: Emboar|perish3\n|-start|p2a: gengy|perish3\n|upkeep\n|\n|t:|1775997633\n|switch|p2b: roar!|Incineroar, L50, M|62/100\n|-ability|p2b: roar!|Intimidate|boost\n|-unboost|p1a: Emboar|atk|1\n|-unboost|p1b: Farigiraf|atk|1\n|turn|6\n|\n|t:|1775997645\n|move|p2b: roar!|Protect|p2b: roar!\n|-singleturn|p2b: roar!|Protect\n|move|p2a: gengy|Protect|p2a: gengy\n|-singleturn|p2a: gengy|Protect\n|move|p1b: Farigiraf|Calm Mind|p1b: Farigiraf\n|-boost|p1b: Farigiraf|spa|1\n|-boost|p1b: Farigiraf|spd|1\n|move|p1a: Emboar|Hammer Arm|p2b: roar!\n|-activate|p2b: roar!|move: Protect\n|\n|-start|p1b: Farigiraf|perish2\n|-start|p1a: Emboar|perish2\n|-start|p2a: gengy|perish2\n|upkeep\n|turn|7\n|\n|t:|1775997662\n|switch|p2a: Rotom|Rotom-Heat, L50, shiny|100/100\n|move|p2b: roar!|Parting Shot|p1a: Emboar\n|-unboost|p1a: Emboar|atk|1\n|-unboost|p1a: Emboar|spa|1\n|\n|t:|1775997667\n|switch|p2b: gengy|Gengar-Mega, L50, F, shiny|16/100|[from] Parting Shot\n|move|p1b: Farigiraf|Psychic|p2a: Rotom\n|-damage|p2a: Rotom|55/100\n|move|p1a: Emboar|Hammer Arm|p2b: gengy\n|-immune|p2b: gengy\n|\n|-heal|p2a: Rotom|60/100|[from] item: Leftovers\n|-start|p1b: Farigiraf|perish1\n|-start|p1a: Emboar|perish1\n|-fieldend|move: Trick Room\n|upkeep\n|turn|8\n|c|\u2606Bimboddue|gg\n|c|\u2606BANKAI_545|ggs\n|\n|t:|1775997689\n|move|p1b: Farigiraf|Helping Hand|p1a: Emboar\n|-singleturn|p1a: Emboar|Helping Hand|[of] p1b: Farigiraf\n|move|p2b: gengy|Protect|p2b: gengy\n|-singleturn|p2b: gengy|Protect\n|move|p2a: Rotom|Protect|p2a: Rotom\n|-singleturn|p2a: Rotom|Protect\n|move|p1a: Emboar|Protect||[still]\n|-fail|p1a: Emboar\n|\n|-heal|p2a: Rotom|66/100|[from] item: Leftovers\n|-start|p1a: Emboar|perish0\n|-start|p1b: Farigiraf|perish0\n|-sideend|p1: Bimboddue|Reflect\n|faint|p1a: Emboar\n|faint|p1b: Farigiraf\n|\n|win|BANKAI_545\n|raw|Bimboddue's rating: 1236 &rarr; <strong>1213</strong><br />(-23 for losing)\n|raw|BANKAI_545's rating: 1266 &rarr; <strong>1289</strong><br />(+23 for winning)\n",
  "uploadtime": 1775997705,
  "views": 28,
  "formatid": "gen9championsvgc2026regma",
  "rating": 1213,
  "private": 0,
  "password": null
}