{
  "id": "gen9championsvgc2026regma-2584385753",
  "format": "[Gen 9 Champions] VGC 2026 Reg M-A",
  "players": [
    "lowladdertestdummy",
    "rtyu890+"
  ],
  "log": "|j|\u2606lowladdertestdummy\n|j|\u2606rtyu890+\n|t:|1776256943\n|gametype|doubles\n|player|p1|lowladdertestdummy|caitlin|1166\n|player|p2|rtyu890+|266|1113\n|gen|9\n|tier|[Gen 9 Champions] VGC 2026 Reg M-A\n|rated|\n|rule|Species Clause: Limit one of each Pok\u00e9mon\n|rule|Item Clause: Limit 1 of each item\n|clearpoke\n|poke|p1|Gengar, L50, F|\n|poke|p1|Sinistcha, L50|\n|poke|p1|Incineroar, L50, F|\n|poke|p1|Sneasler, L50, M|\n|poke|p1|Blastoise, L50, F|\n|poke|p1|Orthworm, L50, M|\n|poke|p2|Crabominable, L50, F|\n|poke|p2|Hatterene, L50, F|\n|poke|p2|Incineroar, L50, F|\n|poke|p2|Sinistcha, L50|\n|poke|p2|Aerodactyl, L50, F|\n|poke|p2|Sneasler, L50, M|\n|teampreview|4\n|inactive|Battle timer is ON: inactive players will automatically lose when time's up. (requested by rtyu890+)\n|inactive|lowladdertestdummy has 60 seconds left.\n|inactive|rtyu890+ has 60 seconds left.\n|\n|t:|1776256986\n|teamsize|p1|4\n|teamsize|p2|4\n|start\n|switch|p1a: Blastoise|Blastoise, L50, F|100/100\n|switch|p1b: glue|Sneasler, L50, M|100/100\n|switch|p2a: Hatterene|Hatterene, L50, F|100/100\n|switch|p2b: Sinistcha|Sinistcha, L50|100/100\n|turn|1\n|\n|t:|1776256997\n|detailschange|p1a: Blastoise|Blastoise-Mega, L50, F\n|-mega|p1a: Blastoise|Blastoise|Blastoisinite\n|move|p1b: glue|Fake Out|p2a: Hatterene\n|-damage|p2a: Hatterene|82/100\n|move|p2b: Sinistcha|Rage Powder|p2b: Sinistcha\n|-singleturn|p2b: Sinistcha|move: Rage Powder\n|move|p1a: Blastoise|Shell Smash|p1a: Blastoise\n|-unboost|p1a: Blastoise|def|1\n|-unboost|p1a: Blastoise|spd|1\n|-boost|p1a: Blastoise|atk|2\n|-boost|p1a: Blastoise|spa|2\n|-boost|p1a: Blastoise|spe|2\n|cant|p2a: Hatterene|flinch\n|\n|upkeep\n|turn|2\n|\n|t:|1776257017\n|move|p2b: Sinistcha|Rage Powder|p2b: Sinistcha\n|-singleturn|p2b: Sinistcha|move: Rage Powder\n|move|p1a: Blastoise|Water Spout|p2b: Sinistcha|[spread] p2a,p2b\n|-resisted|p2b: Sinistcha|1\n|-crit|p2b: Sinistcha\n|-damage|p2a: Hatterene|0 fnt\n|-damage|p2b: Sinistcha|0 fnt\n|faint|p2a: Hatterene\n|faint|p2b: Sinistcha\n|move|p1b: glue|Dire Claw|p1a: Blastoise\n|-damage|p1a: Blastoise|45/100\n|\n|upkeep\n|c|\u2606lowladdertestdummy|MISCLICK\n|c|\u2606lowladdertestdummy|OOPS\n|\n|t:|1776257026\n|switch|p2b: Incineroar|Incineroar, L50, F|100/100\n|switch|p2a: Crabominable|Crabominable, L50, F|100/100\n|-ability|p2b: Incineroar|Intimidate|boost\n|-unboost|p1a: Blastoise|atk|1\n|-unboost|p1b: glue|atk|1\n|turn|3\n|\n|t:|1776257040\n|switch|p1b: ze cat|Incineroar, L50, F|100/100\n|-ability|p1b: ze cat|Intimidate|boost\n|-unboost|p2a: Crabominable|atk|1\n|-unboost|p2b: Incineroar|atk|1\n|detailschange|p2a: Crabominable|Crabominable-Mega, L50, F\n|-mega|p2a: Crabominable|Crabominable|Crabominite\n|move|p1a: Blastoise|Protect|p1a: Blastoise\n|-singleturn|p1a: Blastoise|Protect\n|move|p2b: Incineroar|Fake Out|p1a: Blastoise\n|-activate|p1a: Blastoise|move: Protect\n|move|p2a: Crabominable|Ice Hammer|p1b: ze cat\n|-resisted|p1b: ze cat|1\n|-damage|p1b: ze cat|77/100\n|-unboost|p2a: Crabominable|spe|1\n|\n|upkeep\n|turn|4\n|\n|t:|1776257062\n|move|p1b: ze cat|Fake Out|p2a: Crabominable\n|-damage|p2a: Crabominable|93/100\n|cant|p2a: Crabominable|flinch\n|move|p1a: Blastoise|Water Spout|p2a: Crabominable|[spread] p2a,p2b\n|-supereffective|p2b: Incineroar|1\n|-damage|p2a: Crabominable|39/100\n|-damage|p2b: Incineroar|2/100\n|move|p2b: Incineroar|Darkest Lariat|p1b: ze cat\n|-resisted|p1b: ze cat|1\n|-damage|p1b: ze cat|65/100\n|\n|-heal|p2b: Incineroar|8/100|[from] item: Leftovers\n|upkeep\n|turn|5\n|\n|t:|1776257082\n|switch|p1b: glue|Sneasler, L50, M|100/100\n|move|p2a: Crabominable|Mach Punch|p1a: Blastoise\n|-damage|p1a: Blastoise|17/100\n|move|p1a: Blastoise|Water Spout|p2b: Incineroar|[spread] p2a,p2b\n|-supereffective|p2b: Incineroar|1\n|-damage|p2a: Crabominable|15/100\n|-damage|p2b: Incineroar|0 fnt\n|faint|p2b: Incineroar\n|\n|upkeep\n|turn|6\n|\n|t:|1776257097\n|move|p1b: glue|Fake Out|p2a: Crabominable\n|-damage|p2a: Crabominable|5/100\n|cant|p2a: Crabominable|flinch\n|move|p1a: Blastoise|Dark Pulse|p2a: Crabominable\n|-resisted|p2a: Crabominable|1\n|-crit|p2a: Crabominable\n|-damage|p2a: Crabominable|0 fnt\n|faint|p2a: Crabominable\n|\n|win|lowladdertestdummy\n|raw|lowladdertestdummy's rating: 1166 &rarr; <strong>1187</strong><br />(+21 for winning)\n|raw|rtyu890+'s rating: 1113 &rarr; <strong>1092</strong><br />(-21 for losing)\n|c|\u2606lowladdertestdummy|ggs\n",
  "uploadtime": 1776257110,
  "views": 28,
  "formatid": "gen9championsvgc2026regma",
  "rating": 1092,
  "private": 0,
  "password": null
}