{
  "id": "gen9championsvgc2026regma-2581223518",
  "format": "[Gen 9 Champions] VGC 2026 Reg M-A",
  "players": [
    "Frontrunner643",
    "JasmineThia"
  ],
  "log": "|j|\u2606Frontrunner643\n|j|\u2606JasmineThia\n|t:|1775972809\n|gametype|doubles\n|player|p1|Frontrunner643|102|1115\n|player|p2|JasmineThia|selene-masters2|1202\n|gen|9\n|tier|[Gen 9 Champions] VGC 2026 Reg M-A\n|rated|\n|rule|Species Clause: Limit one of each Pok\u00e9mon\n|rule|Item Clause: Limit 1 of each item\n|clearpoke\n|poke|p1|Froslass, L50, F|\n|poke|p1|Orthworm, L50, F|\n|poke|p1|Garchomp, L50, F|\n|poke|p1|Incineroar, L50, F|\n|poke|p1|Rotom-Frost, L50|\n|poke|p1|Basculegion, L50, M|\n|poke|p2|Meowscarada, L50, F|\n|poke|p2|Kommo-o, L50, F|\n|poke|p2|Rotom-Wash, L50|\n|poke|p2|Gengar, L50, F|\n|poke|p2|Whimsicott, L50, F|\n|poke|p2|Arcanine-Hisui, L50, M|\n|teampreview|4\n|inactive|Battle timer is ON: inactive players will automatically lose when time's up. (requested by JasmineThia)\n|\n|t:|1775972835\n|teamsize|p1|4\n|teamsize|p2|4\n|start\n|switch|p1a: Orthworm|Orthworm, L50, F, shiny|100/100\n|switch|p1b: Garchomp|Garchomp, L50, F|100/100\n|switch|p2a: Whimsicott|Whimsicott, L50, F|100/100\n|switch|p2b: Gengar|Gengar, L50, F|100/100\n|turn|1\n|\n|t:|1775972849\n|detailschange|p2b: Gengar|Gengar-Mega, L50, F\n|-mega|p2b: Gengar|Gengar|Gengarite\n|move|p2b: Gengar|Shadow Ball|p1b: Garchomp\n|-damage|p1b: Garchomp|41/100\n|move|p2a: Whimsicott|Moonblast|p1b: Garchomp\n|-supereffective|p1b: Garchomp|1\n|-damage|p1b: Garchomp|0 fnt\n|faint|p1b: Garchomp\n|move|p1a: Orthworm|Shed Tail|p1a: Orthworm\n|-start|p1a: Orthworm|Substitute|[from] move: Shed Tail\n|-damage|p1a: Orthworm|50/100\n|-enditem|p1a: Orthworm|Sitrus Berry|[eat]\n|-heal|p1a: Orthworm|75/100|[from] item: Sitrus Berry\n|\n|t:|1775972864\n|switch|p1a: Froslass|Froslass, L50, F, shiny|100/100|[from] Shed Tail\n|\n|upkeep\n|\n|t:|1775972868\n|switch|p1b: Basculegion|Basculegion, L50, M|100/100\n|turn|2\n|\n|t:|1775972882\n|move|p1a: Froslass|Protect|p1a: Froslass\n|-singleturn|p1a: Froslass|Protect\n|move|p2a: Whimsicott|Tailwind|p2a: Whimsicott\n|-sidestart|p2: JasmineThia|move: Tailwind\n|move|p2b: Gengar|Shadow Ball|p1b: Basculegion\n|-supereffective|p1b: Basculegion|1\n|-damage|p1b: Basculegion|0 fnt\n|faint|p1b: Basculegion\n|\n|upkeep\n|\n|t:|1775972893\n|switch|p1b: Orthworm|Orthworm, L50, F, shiny|75/100\n|turn|3\n|\n|t:|1775972903\n|detailschange|p1a: Froslass|Froslass-Mega, L50, F, shiny\n|-mega|p1a: Froslass|Froslass|Froslassite\n|-weather|Snowscape|[from] ability: Snow Warning|[of] p1a: Froslass\n|move|p2a: Whimsicott|Encore|p1a: Froslass\n|-start|p1a: Froslass|Encore\n|move|p1a: Froslass|Protect|p1a: Froslass\n|-singleturn|p1a: Froslass|Protect\n|move|p2b: Gengar|Shadow Ball|p1b: Orthworm\n|-damage|p1b: Orthworm|0 fnt\n|faint|p1b: Orthworm\n|\n|-weather|Snowscape|[upkeep]\n|upkeep\n|turn|4\n|\n|t:|1775972918\n|move|p1a: Froslass|Protect||[still]\n|-fail|p1a: Froslass\n|move|p2b: Gengar|Shadow Ball|p1a: Froslass\n|-supereffective|p1a: Froslass|1\n|-end|p1a: Froslass|Substitute\n|move|p2a: Whimsicott|Moonblast|p1a: Froslass\n|-damage|p1a: Froslass|57/100\n|-unboost|p1a: Froslass|spa|1\n|\n|-weather|Snowscape|[upkeep]\n|upkeep\n|turn|5\n|\n|t:|1775972931\n|move|p1a: Froslass|Protect|p1a: Froslass\n|-singleturn|p1a: Froslass|Protect\n|move|p2b: Gengar|Sludge Bomb|p1a: Froslass\n|-activate|p1a: Froslass|move: Protect\n|move|p2a: Whimsicott|Moonblast|p1a: Froslass\n|-activate|p1a: Froslass|move: Protect\n|\n|-weather|Snowscape|[upkeep]\n|-end|p1a: Froslass|Encore\n|-sideend|p2: JasmineThia|move: Tailwind\n|upkeep\n|turn|6\n|\n|t:|1775972943\n|move|p2a: Whimsicott|Encore|p1a: Froslass\n|-start|p1a: Froslass|Encore\n|move|p1a: Froslass|Protect||[still]\n|-fail|p1a: Froslass\n|move|p2b: Gengar|Disable|p1a: Froslass\n|-start|p1a: Froslass|Disable|Protect\n|\n|-weather|Snowscape|[upkeep]\n|upkeep\n|turn|7\n|\n|t:|1775972953\n|move|p2a: Whimsicott|Tailwind|p2a: Whimsicott\n|-sidestart|p2: JasmineThia|move: Tailwind\n|move|p2b: Gengar|Sludge Bomb|p1a: Froslass\n|-resisted|p1a: Froslass|1\n|-damage|p1a: Froslass|21/100\n|-activate|p1a: Froslass|move: Struggle\n|move|p1a: Froslass|Struggle|p2a: Whimsicott\n|-damage|p2a: Whimsicott|87/100\n|-damage|p1a: Froslass|0 fnt|[from] recoil\n|faint|p1a: Froslass\n|\n|win|JasmineThia\n|raw|Frontrunner643's rating: 1115 &rarr; <strong>1096</strong><br />(-19 for losing)\n|raw|JasmineThia's rating: 1202 &rarr; <strong>1221</strong><br />(+19 for winning)\n",
  "uploadtime": 1775972958,
  "views": 23,
  "formatid": "gen9championsvgc2026regma",
  "rating": 1096,
  "private": 0,
  "password": null
}