{
  "id": "gen9championsvgc2026regma-2582773385",
  "format": "[Gen 9 Champions] VGC 2026 Reg M-A",
  "players": [
    "SxHards",
    "hyunbelievable"
  ],
  "log": "|j|\u2606SxHards\n|j|\u2606hyunbelievable\n|t:|1776113106\n|gametype|doubles\n|player|p1|SxHards|fisherman-gen4|1163\n|player|p2|hyunbelievable|guzma|1174\n|gen|9\n|tier|[Gen 9 Champions] VGC 2026 Reg M-A\n|rated|\n|rule|Species Clause: Limit one of each Pok\u00e9mon\n|rule|Item Clause: Limit 1 of each item\n|clearpoke\n|poke|p1|Lucario, L50, M|\n|poke|p1|Ampharos, L50, F|\n|poke|p1|Farigiraf, L50, M|\n|poke|p1|Incineroar, L50, F|\n|poke|p1|Primarina, L50, F|\n|poke|p1|Sinistcha, L50|\n|poke|p2|Floette-Eternal, L50, F|\n|poke|p2|Aerodactyl, L50, M|\n|poke|p2|Excadrill, L50, F|\n|poke|p2|Tyranitar, L50, F|\n|poke|p2|Orthworm, L50, F|\n|poke|p2|Rotom-Heat, L50|\n|teampreview|4\n|inactive|Battle timer is ON: inactive players will automatically lose when time's up. (requested by SxHards)\n|\n|t:|1776113122\n|teamsize|p1|4\n|teamsize|p2|4\n|start\n|switch|p1a: Incineroar|Incineroar, L50, F|100/100\n|switch|p1b: Farigiraf|Farigiraf, L50, M|100/100\n|switch|p2a: Floette|Floette-Eternal, L50, F|100/100\n|switch|p2b: Orthworm|Orthworm, L50, F|100/100\n|-ability|p1a: Incineroar|Intimidate|boost\n|-unboost|p2a: Floette|atk|1\n|-unboost|p2b: Orthworm|atk|1\n|turn|1\n|\n|t:|1776113134\n|detailschange|p2a: Floette|Floette-Mega, L50, F\n|-mega|p2a: Floette|Floette|Floettite\n|-ability|p2a: Floette|Fairy Aura\n|move|p1a: Incineroar|Fake Out|p2b: Orthworm\n|-resisted|p2b: Orthworm|1\n|-damage|p2b: Orthworm|97/100\n|move|p2a: Floette|Calm Mind|p2a: Floette\n|-boost|p2a: Floette|spa|1\n|-boost|p2a: Floette|spd|1\n|cant|p2b: Orthworm|flinch\n|move|p1b: Farigiraf|Trick Room|p1b: Farigiraf\n|-fieldstart|move: Trick Room|[of] p1b: Farigiraf\n|\n|upkeep\n|turn|2\n|\n|t:|1776113153\n|move|p2b: Orthworm|Helping Hand|p2a: Floette\n|-singleturn|p2a: Floette|Helping Hand|[of] p2b: Orthworm\n|move|p1b: Farigiraf|Psychic|p2a: Floette\n|-damage|p2a: Floette|84/100\n|move|p1a: Incineroar|Flare Blitz|p2a: Floette\n|-damage|p2a: Floette|34/100\n|-damage|p1a: Incineroar|86/100|[from] Recoil\n|move|p2a: Floette|Moonblast|p1a: Incineroar\n|-damage|p1a: Incineroar|0 fnt\n|faint|p1a: Incineroar\n|\n|upkeep\n|\n|t:|1776113165\n|switch|p1a: Primarina|Primarina, L50, F|100/100\n|turn|3\n|\n|t:|1776113171\n|move|p2a: Floette|Protect|p2a: Floette\n|-singleturn|p2a: Floette|Protect\n|move|p1a: Primarina|Hyper Voice|p2b: Orthworm|[spread] p2b\n|-activate|p2a: Floette|move: Protect\n|-damage|p2b: Orthworm|36/100\n|-enditem|p2b: Orthworm|Sitrus Berry|[eat]\n|-heal|p2b: Orthworm|60/100|[from] item: Sitrus Berry\n|move|p1b: Farigiraf|Psychic|p2a: Floette\n|-activate|p2a: Floette|move: Protect\n|move|p2b: Orthworm|Shed Tail|p2b: Orthworm\n|-start|p2b: Orthworm|Substitute|[from] move: Shed Tail\n|-damage|p2b: Orthworm|10/100\n|\n|t:|1776113182\n|switch|p2b: Excadrill|Excadrill, L50, F|100/100|[from] Shed Tail\n|\n|upkeep\n|turn|4\n|\n|t:|1776113190\n|move|p1a: Primarina|Hyper Voice|p2b: Excadrill|[spread] p2a,p2b\n|-supereffective|p2b: Excadrill|1\n|-damage|p2a: Floette|15/100\n|-enditem|p2b: Excadrill|Focus Sash\n|-damage|p2b: Excadrill|1/100\n|move|p1b: Farigiraf|Hyper Voice|p2b: Excadrill|[spread] p2a,p2b\n|-resisted|p2b: Excadrill|1\n|-damage|p2a: Floette|3/100\n|-damage|p2b: Excadrill|0 fnt\n|faint|p2b: Excadrill\n|move|p2a: Floette|Draining Kiss|p1b: Farigiraf\n|-damage|p1b: Farigiraf|59/100\n|-heal|p2a: Floette|42/100|[from] drain|[of] p1b: Farigiraf\n|\n|upkeep\n|c|\u2606hyunbelievable|oh crud i forgot about sound moves\n|\n|t:|1776113208\n|switch|p2b: Tyranitar|Tyranitar, L50, F|100/100\n|-weather|Sandstorm|[from] ability: Sand Stream|[of] p2b: Tyranitar\n|turn|5\n|\n|t:|1776113220\n|switch|p1a: Sinistcha|Sinistcha, L50|100/100\n|-heal|p1b: Farigiraf|84/100|[from] ability: Hospitality|[of] p1a: Sinistcha\n|move|p1b: Farigiraf|Protect|p1b: Farigiraf\n|-singleturn|p1b: Farigiraf|Protect\n|move|p2b: Tyranitar|Protect|p2b: Tyranitar\n|-singleturn|p2b: Tyranitar|Protect\n|move|p2a: Floette|Draining Kiss|p1b: Farigiraf\n|-activate|p1b: Farigiraf|move: Protect\n|\n|-weather|Sandstorm|[upkeep]\n|-damage|p1b: Farigiraf|77/100|[from] Sandstorm\n|-damage|p1a: Sinistcha|94/100|[from] Sandstorm\n|-damage|p2a: Floette|36/100|[from] Sandstorm\n|-fieldend|move: Trick Room\n|upkeep\n|turn|6\n|\n|t:|1776113239\n|move|p1a: Sinistcha|Rage Powder|p1a: Sinistcha\n|-singleturn|p1a: Sinistcha|move: Rage Powder\n|move|p2a: Floette|Calm Mind|p2a: Floette\n|-boost|p2a: Floette|spa|1\n|-boost|p2a: Floette|spd|1\n|move|p2b: Tyranitar|Knock Off|p1a: Sinistcha\n|-supereffective|p1a: Sinistcha|1\n|-damage|p1a: Sinistcha|0 fnt\n|-enditem|p1a: Sinistcha|Occa Berry|[from] move: Knock Off|[of] p2b: Tyranitar\n|faint|p1a: Sinistcha\n|move|p1b: Farigiraf|Trick Room|p1b: Farigiraf\n|-fieldstart|move: Trick Room|[of] p1b: Farigiraf\n|\n|-weather|Sandstorm|[upkeep]\n|-damage|p1b: Farigiraf|71/100|[from] Sandstorm\n|-damage|p2a: Floette|30/100|[from] Sandstorm\n|upkeep\n|\n|t:|1776113250\n|switch|p1a: Primarina|Primarina, L50, F|100/100\n|turn|7\n|\n|t:|1776113257\n|switch|p2b: Orthworm|Orthworm, L50, F|10/100\n|move|p1a: Primarina|Hyper Voice|p2b: Orthworm|[spread] p2a,p2b\n|-damage|p2a: Floette|17/100\n|-damage|p2b: Orthworm|0 fnt\n|faint|p2b: Orthworm\n|move|p1b: Farigiraf|Psychic|p2a: Floette\n|-damage|p2a: Floette|4/100\n|-unboost|p2a: Floette|spd|1\n|move|p2a: Floette|Draining Kiss|p1b: Farigiraf\n|-damage|p1b: Farigiraf|10/100\n|-heal|p2a: Floette|62/100|[from] drain|[of] p1b: Farigiraf\n|-enditem|p1b: Farigiraf|Sitrus Berry|[eat]\n|-heal|p1b: Farigiraf|35/100|[from] item: Sitrus Berry\n|\n|-weather|Sandstorm|[upkeep]\n|-damage|p1a: Primarina|94/100|[from] Sandstorm\n|-damage|p1b: Farigiraf|29/100|[from] Sandstorm\n|-damage|p2a: Floette|56/100|[from] Sandstorm\n|-heal|p1a: Primarina|100/100|[from] item: Leftovers\n|upkeep\n|\n|t:|1776113262\n|switch|p2b: Tyranitar|Tyranitar, L50, F|100/100\n|turn|8\n|\n|t:|1776113281\n|move|p1b: Farigiraf|Protect|p1b: Farigiraf\n|-singleturn|p1b: Farigiraf|Protect\n|move|p2b: Tyranitar|Protect|p2b: Tyranitar\n|-singleturn|p2b: Tyranitar|Protect\n|move|p1a: Primarina|Hyper Voice|p2b: Tyranitar|[spread] p2a\n|-activate|p2b: Tyranitar|move: Protect\n|-damage|p2a: Floette|40/100\n|move|p2a: Floette|Draining Kiss|p1a: Primarina\n|-damage|p1a: Primarina|39/100\n|-heal|p2a: Floette|85/100|[from] drain|[of] p1a: Primarina\n|\n|-weather|Sandstorm|[upkeep]\n|-damage|p1a: Primarina|33/100|[from] Sandstorm\n|-damage|p1b: Farigiraf|23/100|[from] Sandstorm\n|-damage|p2a: Floette|79/100|[from] Sandstorm\n|-heal|p1a: Primarina|39/100|[from] item: Leftovers\n|upkeep\n|turn|9\n|\n|t:|1776113302\n|move|p1a: Primarina|Hyper Voice|p2b: Tyranitar|[spread] p2a,p2b\n|-supereffective|p2b: Tyranitar|1\n|-damage|p2a: Floette|62/100\n|-damage|p2b: Tyranitar|56/100\n|move|p1b: Farigiraf|Psychic|p2a: Floette\n|-damage|p2a: Floette|47/100\n|move|p2b: Tyranitar|Rock Slide|p1a: Primarina|[spread] p1a,p1b\n|-damage|p1a: Primarina|3/100\n|-damage|p1b: Farigiraf|0 fnt\n|faint|p1b: Farigiraf\n|move|p2a: Floette|Draining Kiss|p1a: Primarina\n|-damage|p1a: Primarina|0 fnt\n|-heal|p2a: Floette|49/100|[from] drain|[of] p1a: Primarina\n|faint|p1a: Primarina\n|\n|win|hyunbelievable\n|raw|SxHards's rating: 1163 &rarr; <strong>1139</strong><br />(-24 for losing)\n|raw|hyunbelievable's rating: 1174 &rarr; <strong>1198</strong><br />(+24 for winning)\n|c|\u2606hyunbelievable|ggwp\n|l|\u2606SxHards\n|player|p1|\n",
  "uploadtime": 1776113311,
  "views": 15,
  "formatid": "gen9championsvgc2026regma",
  "rating": 1139,
  "private": 0,
  "password": null
}