{
  "id": "gen9championsvgc2026regma-2586326637",
  "format": "[Gen 9 Champions] VGC 2026 Reg M-A",
  "players": [
    "gabpok",
    "CORE!lysta"
  ],
  "log": "|j|\u2606gabpok\n|j|\u2606CORE!lysta\n|t:|1776425581\n|gametype|doubles\n|player|p1|gabpok|emmet|1031\n|player|p2|CORE!lysta|rosa|1075\n|gen|9\n|tier|[Gen 9 Champions] VGC 2026 Reg M-A\n|rated|\n|rule|Species Clause: Limit one of each Pok\u00e9mon\n|rule|Item Clause: Limit 1 of each item\n|clearpoke\n|poke|p1|Incineroar, L50, M|\n|poke|p1|Sneasler, L50, M|\n|poke|p1|Basculegion, L50, M|\n|poke|p1|Heracross, L50, F|\n|poke|p1|Pelipper, L50, F|\n|poke|p1|Sableye, L50, F|\n|poke|p2|Glaceon, L50, M|\n|poke|p2|Froslass, L50, F|\n|poke|p2|Hatterene, L50, F|\n|poke|p2|Primarina, L50, F|\n|poke|p2|Incineroar, L50, M|\n|poke|p2|Sneasler, L50, F|\n|teampreview|4\nCORE!lysta rejected open team sheets.\n|inactive|Battle timer is ON: inactive players will automatically lose when time's up. (requested by gabpok)\n|\n|t:|1776425636\n|teamsize|p1|4\n|teamsize|p2|4\n|start\n|switch|p1a: Heracross|Heracross, L50, F|100/100\n|switch|p1b: Sableye|Sableye, L50, F|100/100\n|switch|p2a: Hatterene|Hatterene, L50, F|100/100\n|switch|p2b: Froslass|Froslass, L50, F|100/100\n|turn|1\n|inactive|gabpok has 30 seconds left.\n|inactive|CORE!lysta has 30 seconds left.\n|\n|t:|1776425666\n|detailschange|p2b: Froslass|Froslass-Mega, L50, F\n|-mega|p2b: Froslass|Froslass|Froslassite\n|-weather|Snowscape|[from] ability: Snow Warning|[of] p2b: Froslass\n|detailschange|p1a: Heracross|Heracross-Mega, L50, F\n|-mega|p1a: Heracross|Heracross|Heracronite\n|move|p1b: Sableye|Light Screen|p1b: Sableye\n|-sidestart|p1: gabpok|move: Light Screen\n|move|p2b: Froslass|Aurora Veil|p2b: Froslass\n|-sidestart|p2: CORE!lysta|move: Aurora Veil\n|move|p1a: Heracross|Pin Missile|p2a: Hatterene\n|-damage|p2a: Hatterene|84/100\n|-damage|p2a: Hatterene|68/100\n|-damage|p2a: Hatterene|50/100\n|-enditem|p2a: Hatterene|Sitrus Berry|[eat]\n|-heal|p2a: Hatterene|75/100|[from] item: Sitrus Berry\n|-damage|p2a: Hatterene|59/100\n|-damage|p2a: Hatterene|42/100\n|-hitcount|p2a: Hatterene|5\n|move|p2a: Hatterene|Trick Room|p2a: Hatterene\n|-fieldstart|move: Trick Room|[of] p2a: Hatterene\n|\n|-weather|Snowscape|[upkeep]\n|upkeep\n|turn|2\n|inactive|gabpok has 30 seconds left.\n|inactive|CORE!lysta has 30 seconds left.\n|\n|t:|1776425696\n|move|p1b: Sableye|Quash|p2a: Hatterene\n|-activate|p2a: Hatterene|move: Quash\n|move|p1a: Heracross|Rock Blast|p2a: Hatterene\n|-damage|p2a: Hatterene|30/100\n|-damage|p2a: Hatterene|19/100\n|-damage|p2a: Hatterene|9/100\n|-damage|p2a: Hatterene|0 fnt\n|faint|p2a: Hatterene\n|-hitcount|p2: Hatterene|4\n|move|p2b: Froslass|Blizzard|p1b: Sableye|[spread] p1a,p1b\n|-damage|p1a: Heracross|68/100\n|-damage|p1b: Sableye|56/100\n|\n|-weather|Snowscape|[upkeep]\n|upkeep\n|\n|t:|1776425714\n|switch|p2a: Glaceon|Glaceon, L50, M|100/100\n|turn|3\n|inactive|CORE!lysta has 30 seconds left.\n|\n|t:|1776425739\n|switch|p1b: Pelipper|Pelipper, L50, F|100/100\n|-weather|RainDance|[from] ability: Drizzle|[of] p1b: Pelipper\n|move|p2a: Glaceon|Blizzard|p1a: Heracross|[spread] p1a,p1b\n|-damage|p1a: Heracross|39/100\n|-damage|p1b: Pelipper|66/100\n|move|p1a: Heracross|Rock Blast|p2b: Froslass\n|-supereffective|p2b: Froslass|1\n|-damage|p2b: Froslass|77/100\n|-supereffective|p2b: Froslass|1\n|-damage|p2b: Froslass|51/100\n|-supereffective|p2b: Froslass|1\n|-damage|p2b: Froslass|28/100\n|-supereffective|p2b: Froslass|1\n|-damage|p2b: Froslass|2/100\n|-supereffective|p2b: Froslass|1\n|-damage|p2b: Froslass|0 fnt\n|faint|p2b: Froslass\n|-hitcount|p2: Froslass|5\n|\n|-weather|RainDance|[upkeep]\n|upkeep\n|\n|t:|1776425756\n|switch|p2b: Primarina|Primarina, L50, F|100/100\n|turn|4\n|\n|t:|1776425776\n|move|p1b: Pelipper|Wide Guard|p1b: Pelipper\n|-singleturn|p1b: Pelipper|Wide Guard\n|move|p2b: Primarina|Moonblast|p1a: Heracross\n|-supereffective|p1a: Heracross|1\n|-damage|p1a: Heracross|0 fnt\n|faint|p1a: Heracross\n|move|p2a: Glaceon|Freeze-Dry|p1b: Pelipper\n|-supereffective|p1b: Pelipper|2\n|-crit|p1b: Pelipper\n|-damage|p1b: Pelipper|0 fnt\n|faint|p1b: Pelipper\n|\n|-weather|RainDance|[upkeep]\n|upkeep\n|\n|t:|1776425781\n|switch|p1b: Sneasler|Sneasler, L50, M|100/100\n|switch|p1a: Sableye|Sableye, L50, F|56/100\n|turn|5\n|inactive|CORE!lysta has 30 seconds left.\n|\n|t:|1776425809\n|move|p1a: Sableye|Quash|p2b: Primarina\n|-activate|p2b: Primarina|move: Quash\n|move|p2a: Glaceon|Blizzard|p1b: Sneasler|[spread] p1a,p1b\n|-damage|p1a: Sableye|16/100\n|-damage|p1b: Sneasler|62/100\n|move|p1b: Sneasler|Dire Claw|p2b: Primarina\n|-supereffective|p2b: Primarina|1\n|-damage|p2b: Primarina|41/100\n|move|p2b: Primarina|Hyper Voice|p1b: Sneasler|[spread] p1a,p1b\n|-damage|p1a: Sableye|0 fnt\n|-damage|p1b: Sneasler|3/100\n|faint|p1a: Sableye\n|\n|-weather|RainDance|[upkeep]\n|-sideend|p1: gabpok|move: Light Screen\n|-sideend|p2: CORE!lysta|move: Aurora Veil\n|-fieldend|move: Trick Room\n|upkeep\n|turn|6\n|\n|t:|1776425826\n|move|p1b: Sneasler|Dire Claw|p2b: Primarina\n|-supereffective|p2b: Primarina|1\n|-damage|p2b: Primarina|0 fnt\n|faint|p2b: Primarina\n|move|p2a: Glaceon|Freeze-Dry|p1b: Sneasler\n|-damage|p1b: Sneasler|0 fnt\n|faint|p1b: Sneasler\n|\n|win|CORE!lysta\n|raw|gabpok's rating: 1031 &rarr; <strong>1018</strong><br />(-13 for losing)\n|raw|CORE!lysta's rating: 1075 &rarr; <strong>1100</strong><br />(+25 for winning)\n|l|\u2606gabpok\n|player|p1|\n",
  "uploadtime": 1776425836,
  "views": 23,
  "formatid": "gen9championsvgc2026regma",
  "rating": 1018,
  "private": 0,
  "password": null
}