{
  "id": "gen9championsvgc2026regma-2584794014",
  "format": "[Gen 9 Champions] VGC 2026 Reg M-A",
  "players": [
    "academic_idiot",
    "bladusa"
  ],
  "log": "|j|\u203dacademic_idiot\n|j|\u2606bladusa\n|t:|1776284123\n|gametype|doubles\n|player|p1|academic_idiot|ethan|1115\n|player|p2|bladusa|101|1181\n|gen|9\n|tier|[Gen 9 Champions] VGC 2026 Reg M-A\n|rated|\n|rule|Species Clause: Limit one of each Pok\u00e9mon\n|rule|Item Clause: Limit 1 of each item\n|clearpoke\n|poke|p1|Gengar, L50, M|\n|poke|p1|Gyarados, L50, F|\n|poke|p1|Incineroar, L50, M|\n|poke|p1|Sinistcha, L50|\n|poke|p1|Sneasler, L50, F|\n|poke|p1|Kingambit, L50, M|\n|poke|p2|Chesnaught, L50, F|\n|poke|p2|Farigiraf, L50, M|\n|poke|p2|Lucario, L50, M|\n|poke|p2|Aerodactyl, L50, M|\n|poke|p2|Primarina, L50, M|\n|poke|p2|Volcarona, L50, M|\n|teampreview|4\n|\n|t:|1776284155\n|teamsize|p1|4\n|teamsize|p2|4\n|start\n|switch|p1a: Sneasler|Sneasler, L50, F|100/100\n|switch|p1b: Kingambit|Kingambit, L50, M|100/100\n|switch|p2a: Chesnaught|Chesnaught, L50, F|100/100\n|switch|p2b: Volcarona|Volcarona, L50, M|100/100\n|turn|1\n|\n|t:|1776284177\n|move|p2a: Chesnaught|Spiky Shield|p2a: Chesnaught\n|-singleturn|p2a: Chesnaught|move: Protect\n|move|p1a: Sneasler|Dire Claw|p2b: Volcarona\n|-damage|p2b: Volcarona|60/100\n|move|p2b: Volcarona|Will-O-Wisp|p1a: Sneasler\n|-status|p1a: Sneasler|brn\n|move|p1b: Kingambit|Kowtow Cleave|p2b: Volcarona\n|-damage|p2b: Volcarona|0 fnt\n|-status|p1b: Kingambit|brn|[from] ability: Flame Body|[of] p2b: Volcarona\n|faint|p2b: Volcarona\n|\n|-damage|p1a: Sneasler|94/100 brn|[from] brn\n|-damage|p1b: Kingambit|95/100 brn|[from] brn\n|upkeep\n|\n|t:|1776284198\n|switch|p2b: Aerodactyl|Aerodactyl, L50, M|100/100\n|-ability|p2b: Aerodactyl|Unnerve\n|turn|2\n|\n|t:|1776284210\n|switch|p1b: Sinistcha|Sinistcha, L50|100/100\n|-heal|p1a: Sneasler|100/100 brn|[from] ability: Hospitality|[of] p1b: Sinistcha\n|detailschange|p2a: Chesnaught|Chesnaught-Mega, L50, F\n|-mega|p2a: Chesnaught|Chesnaught|Chesnaughtite\n|move|p2b: Aerodactyl|Dual Wingbeat|p1a: Sneasler\n|-supereffective|p1a: Sneasler|1\n|-damage|p1a: Sneasler|46/100 brn\n|-supereffective|p1a: Sneasler|1\n|-damage|p1a: Sneasler|0 fnt\n|faint|p1a: Sneasler\n|-hitcount|p1: Sneasler|2\n|move|p2a: Chesnaught|Iron Defense|p2a: Chesnaught\n|-boost|p2a: Chesnaught|def|2\n|\n|upkeep\n|\n|t:|1776284226\n|switch|p1a: Gyarados|Gyarados, L50, F|100/100\n|-ability|p1a: Gyarados|Intimidate|boost\n|-unboost|p2a: Chesnaught|atk|1\n|-unboost|p2b: Aerodactyl|atk|1\n|turn|3\n|\n|t:|1776284237\n|detailschange|p1a: Gyarados|Gyarados-Mega, L50, F\n|-mega|p1a: Gyarados|Gyarados|Gyaradosite\n|-ability|p1a: Gyarados|Mold Breaker\n|move|p1b: Sinistcha|Rage Powder|p1b: Sinistcha\n|-singleturn|p1b: Sinistcha|move: Rage Powder\n|move|p2b: Aerodactyl|Dual Wingbeat|p1b: Sinistcha|[miss]\n|-miss|p2b: Aerodactyl|p1b: Sinistcha\n|move|p1a: Gyarados|Dragon Dance|p1a: Gyarados\n|-boost|p1a: Gyarados|atk|1\n|-boost|p1a: Gyarados|spe|1\n|move|p2a: Chesnaught|Leech Seed|p1a: Gyarados\n|-start|p1a: Gyarados|move: Leech Seed\n|\n|-damage|p1a: Gyarados|88/100|[from] Leech Seed|[of] p2a: Chesnaught\n|upkeep\n|turn|4\n|\n|t:|1776284257\n|move|p2b: Aerodactyl|Tailwind|p2b: Aerodactyl\n|-sidestart|p2: bladusa|move: Tailwind\n|move|p1a: Gyarados|Waterfall|p2b: Aerodactyl\n|-supereffective|p2b: Aerodactyl|1\n|-enditem|p2b: Aerodactyl|Focus Sash\n|-damage|p2b: Aerodactyl|1/100\n|move|p2a: Chesnaught|Body Press|p1a: Gyarados\n|-supereffective|p1a: Gyarados|1\n|-damage|p1a: Gyarados|0 fnt\n|faint|p1a: Gyarados\n|move|p1b: Sinistcha|Strength Sap|p2a: Chesnaught\n|-unboost|p2a: Chesnaught|atk|1\n|\n|upkeep\n|\n|t:|1776284271\n|switch|p1a: Kingambit|Kingambit, L50, M|95/100 brn\n|turn|5\n|\n|t:|1776284280\n|move|p2b: Aerodactyl|Protect|p2b: Aerodactyl\n|-singleturn|p2b: Aerodactyl|Protect\n|move|p1a: Kingambit|Protect|p1a: Kingambit\n|-singleturn|p1a: Kingambit|Protect\n|move|p2a: Chesnaught|Body Press|p1a: Kingambit\n|-activate|p1a: Kingambit|move: Protect\n|move|p1b: Sinistcha|Matcha Gotcha|p2b: Aerodactyl|[spread] p2a\n|-activate|p2b: Aerodactyl|move: Protect\n|-resisted|p2a: Chesnaught|1\n|-damage|p2a: Chesnaught|93/100\n|\n|-damage|p1a: Kingambit|89/100 brn|[from] brn\n|upkeep\n|turn|6\n|\n|t:|1776284299\n|switch|p2b: Primarina|Primarina, L50, M|100/100\n|move|p1a: Kingambit|Protect|p1a: Kingambit\n|-singleturn|p1a: Kingambit|Protect\n|move|p2a: Chesnaught|Body Press|p1a: Kingambit\n|-activate|p1a: Kingambit|move: Protect\n|move|p1b: Sinistcha|Matcha Gotcha|p2a: Chesnaught|[spread] p2a,p2b\n|-resisted|p2a: Chesnaught|1\n|-supereffective|p2b: Primarina|1\n|-damage|p2a: Chesnaught|85/100\n|-damage|p2b: Primarina|58/100\n|-status|p2b: Primarina|brn\n|\n|-heal|p2b: Primarina|64/100 brn|[from] item: Leftovers\n|-damage|p2b: Primarina|58/100 brn|[from] brn\n|-damage|p1a: Kingambit|83/100 brn|[from] brn\n|upkeep\n|turn|7\n|\n|t:|1776284323\n|move|p2b: Primarina|Protect|p2b: Primarina\n|-singleturn|p2b: Primarina|Protect\n|move|p1b: Sinistcha|Rage Powder|p1b: Sinistcha\n|-singleturn|p1b: Sinistcha|move: Rage Powder\n|move|p2a: Chesnaught|Body Press|p1a: Kingambit\n|-supereffective|p1a: Kingambit|2\n|-damage|p1a: Kingambit|0 fnt\n|faint|p1a: Kingambit\n|\n|-heal|p2b: Primarina|64/100 brn|[from] item: Leftovers\n|-damage|p2b: Primarina|58/100 brn|[from] brn\n|-sideend|p2: bladusa|move: Tailwind\n|upkeep\n|turn|8\n|\n|t:|1776284348\n|move|p1b: Sinistcha|Matcha Gotcha|p2b: Primarina|[spread] p2a,p2b\n|-resisted|p2a: Chesnaught|1\n|-supereffective|p2b: Primarina|1\n|-damage|p2a: Chesnaught|77/100\n|-damage|p2b: Primarina|19/100 brn\n|move|p2b: Primarina|Moonblast|p1b: Sinistcha\n|-damage|p1b: Sinistcha|61/100\n|move|p2a: Chesnaught|Iron Defense|p2a: Chesnaught\n|-boost|p2a: Chesnaught|def|2\n|\n|-heal|p1b: Sinistcha|67/100|[from] item: Leftovers\n|-heal|p2b: Primarina|25/100 brn|[from] item: Leftovers\n|-damage|p2b: Primarina|19/100 brn|[from] brn\n|upkeep\n|turn|9\n|\n|t:|1776284369\n|move|p1b: Sinistcha|Matcha Gotcha|p2b: Primarina|[spread] p2b\n|-miss|p1b: Sinistcha|p2a: Chesnaught\n|-supereffective|p2b: Primarina|1\n|-damage|p2b: Primarina|0 fnt\n|-heal|p1b: Sinistcha|77/100|[from] drain|[of] p2b: Primarina\n|faint|p2b: Primarina\n|move|p2a: Chesnaught|Iron Defense|p2a: Chesnaught\n|-boost|p2a: Chesnaught|def|2\n|\n|-heal|p1b: Sinistcha|84/100|[from] item: Leftovers\n|upkeep\n|\n|t:|1776284381\n|switch|p2b: Aerodactyl|Aerodactyl, L50, M|1/100\n|-ability|p2b: Aerodactyl|Unnerve\n|turn|10\n|\n|t:|1776284392\n|move|p2b: Aerodactyl|Dual Wingbeat|p1b: Sinistcha\n|-supereffective|p1b: Sinistcha|1\n|-damage|p1b: Sinistcha|50/100\n|-supereffective|p1b: Sinistcha|1\n|-damage|p1b: Sinistcha|20/100\n|-hitcount|p1b: Sinistcha|2\n|move|p1b: Sinistcha|Matcha Gotcha|p2a: Chesnaught|[spread] p2a,p2b\n|-resisted|p2a: Chesnaught|1\n|-damage|p2a: Chesnaught|70/100\n|-heal|p1b: Sinistcha|24/100|[from] drain|[of] p2a: Chesnaught\n|-damage|p2b: Aerodactyl|0 fnt\n|-heal|p1b: Sinistcha|24/100|[from] drain|[of] p2b: Aerodactyl\n|faint|p2b: Aerodactyl\n|move|p2a: Chesnaught|Iron Defense|p2a: Chesnaught\n|-boost|p2a: Chesnaught|def|0\n|\n|-heal|p1b: Sinistcha|30/100|[from] item: Leftovers\n|upkeep\n|turn|11\n|-message|bladusa forfeited.\n|\n|win|academic_idiot\n|raw|academic_idiot's rating: 1115 &rarr; <strong>1145</strong><br />(+30 for winning)\n|raw|bladusa's rating: 1181 &rarr; <strong>1151</strong><br />(-30 for losing)\n|l|\u2606bladusa\n|player|p2|\n",
  "uploadtime": 1776284412,
  "views": 23,
  "formatid": "gen9championsvgc2026regma",
  "rating": 1145,
  "private": 0,
  "password": null
}