{
  "id": "gen9championsvgc2026regma-2584278931",
  "format": "[Gen 9 Champions] VGC 2026 Reg M-A",
  "players": [
    "manzan444",
    "eladioguardiola"
  ],
  "log": "|j|\u2606manzan444\n|j|\u2606eladioguardiola\n|t:|1776246433\n|gametype|doubles\n|player|p1|manzan444|2|\n|player|p2|eladioguardiola|veteran|\n|gen|9\n|tier|[Gen 9 Champions] VGC 2026 Reg M-A\n|rule|Species Clause: Limit one of each Pok\u00e9mon\n|rule|Item Clause: Limit 1 of each item\n|clearpoke\n|poke|p1|Pelipper, L50, F|\n|poke|p1|Kingambit, L50, M|\n|poke|p1|Meganium, L50, F|\n|poke|p1|Garchomp, L50, F|\n|poke|p1|Raichu, L50, M|\n|poke|p1|Sneasler, L50, F|\n|poke|p2|Hydreigon, L50, M|\n|poke|p2|Venusaur, L50, F|\n|poke|p2|Clawitzer, L50, M|\n|poke|p2|Gengar, L50, F|\n|poke|p2|Golurk, L50|\n|poke|p2|Talonflame, L50, F|\n|teampreview|4\neladioguardiola rejected open team sheets.\n|\n|t:|1776246478\n|teamsize|p1|4\n|teamsize|p2|4\n|start\n|switch|p1a: Raichu|Raichu, L50, M|100/100\n|switch|p1b: Pelipper|Pelipper, L50, F|100/100\n|switch|p2a: Venusaur|Venusaur, L50, F|100/100\n|switch|p2b: Hydreigon|Hydreigon, L50, M|100/100\n|-weather|RainDance|[from] ability: Drizzle|[of] p1b: Pelipper\n|turn|1\n|\n|t:|1776246499\n|detailschange|p2a: Venusaur|Venusaur-Mega, L50, F\n|-mega|p2a: Venusaur|Venusaur|Venusaurite\n|move|p1a: Raichu|Fake Out|p2a: Venusaur\n|-damage|p2a: Venusaur|94/100\n|move|p2b: Hydreigon|Tailwind|p2b: Hydreigon\n|-sidestart|p2: eladioguardiola|move: Tailwind\n|cant|p2a: Venusaur|flinch\n|move|p1b: Pelipper|Tailwind|p1b: Pelipper\n|-sidestart|p1: manzan444|move: Tailwind\n|\n|-weather|RainDance|[upkeep]\n|upkeep\n|turn|2\n|\n|t:|1776246517\n|move|p1a: Raichu|Nuzzle|p2b: Hydreigon\n|-resisted|p2b: Hydreigon|1\n|-damage|p2b: Hydreigon|97/100\n|-status|p2b: Hydreigon|par\n|move|p2a: Venusaur|Earth Power|p1a: Raichu\n|-supereffective|p1a: Raichu|1\n|-enditem|p1a: Raichu|Focus Sash\n|-damage|p1a: Raichu|1/100\n|move|p1b: Pelipper|Hurricane|p2a: Venusaur\n|-supereffective|p2a: Venusaur|1\n|-damage|p2a: Venusaur|14/100\n|-start|p2a: Venusaur|confusion\n|move|p2b: Hydreigon|Draco Meteor|p1b: Pelipper\n|-damage|p1b: Pelipper|5/100\n|-unboost|p2b: Hydreigon|spa|2\n|-enditem|p1b: Pelipper|Sitrus Berry|[eat]\n|-heal|p1b: Pelipper|30/100|[from] item: Sitrus Berry\n|\n|-weather|RainDance|[upkeep]\n|-heal|p2b: Hydreigon|100/100 par|[from] item: Leftovers\n|upkeep\n|turn|3\n|\n|t:|1776246556\n|switch|p1a: Kingambit|Kingambit, L50, M|100/100\n|-activate|p2a: Venusaur|confusion\n|move|p2a: Venusaur|Protect|p2a: Venusaur\n|-singleturn|p2a: Venusaur|Protect\n|move|p1b: Pelipper|Weather Ball|p2a: Venusaur\n|-activate|p2a: Venusaur|move: Protect\n|move|p2b: Hydreigon|Dark Pulse|p1a: Kingambit\n|-resisted|p1a: Kingambit|1\n|-damage|p1a: Kingambit|90/100\n|\n|-weather|RainDance|[upkeep]\n|upkeep\n|turn|4\n|\n|t:|1776246575\n|-end|p2a: Venusaur|confusion\n|move|p2a: Venusaur|Earth Power|p1a: Kingambit\n|-supereffective|p1a: Kingambit|1\n|-damage|p1a: Kingambit|22/100\n|move|p1b: Pelipper|Hurricane|p2a: Venusaur\n|-supereffective|p2a: Venusaur|1\n|-damage|p2a: Venusaur|0 fnt\n|faint|p2a: Venusaur\n|move|p1a: Kingambit|Swords Dance|p1a: Kingambit\n|-boost|p1a: Kingambit|atk|2\n|move|p2b: Hydreigon|Dark Pulse|p1b: Pelipper\n|-damage|p1b: Pelipper|0 fnt\n|faint|p1b: Pelipper\n|\n|-weather|RainDance|[upkeep]\n|-sideend|p1: manzan444|move: Tailwind\n|-sideend|p2: eladioguardiola|move: Tailwind\n|upkeep\n|\n|t:|1776246595\n|switch|p2a: Clawitzer|Clawitzer, L50, M|100/100\n|switch|p1b: Sneasler|Sneasler, L50, F|100/100\n|turn|5\n|\n|t:|1776246651\n|move|p2a: Clawitzer|Protect|p2a: Clawitzer\n|-singleturn|p2a: Clawitzer|Protect\n|move|p1b: Sneasler|Fake Out|p2b: Hydreigon\n|-damage|p2b: Hydreigon|87/100 par\n|move|p1a: Kingambit|Sucker Punch||[still]\n|-fail|p1a: Kingambit\n|cant|p2b: Hydreigon|flinch\n|\n|-weather|none\n|-heal|p2b: Hydreigon|93/100 par|[from] item: Leftovers\n|upkeep\n|turn|6\n|\n|t:|1776246676\n|switch|p2b: Gengar|Gengar, L50, F|100/100\n|move|p1b: Sneasler|Close Combat|p2b: Gengar\n|-immune|p2b: Gengar\n|move|p2a: Clawitzer|Aura Sphere|p1a: Kingambit\n|-supereffective|p1a: Kingambit|2\n|-crit|p1a: Kingambit\n|-damage|p1a: Kingambit|0 fnt\n|faint|p1a: Kingambit\n|\n|upkeep\n|\n|t:|1776246685\n|switch|p1a: Raichu|Raichu, L50, M|1/100\n|turn|7\n|\n|t:|1776246699\n|move|p2a: Clawitzer|Protect|p2a: Clawitzer\n|-singleturn|p2a: Clawitzer|Protect\n|move|p1b: Sneasler|Dire Claw|p2a: Clawitzer\n|-activate|p2a: Clawitzer|move: Protect\n|move|p1a: Raichu|Nuzzle|p2b: Gengar\n|-damage|p2b: Gengar|89/100\n|-status|p2b: Gengar|par\n|cant|p2b: Gengar|par\n|\n|upkeep\n|turn|8\n|\n|t:|1776246719\n|move|p1b: Sneasler|Dire Claw|p2b: Gengar\n|-resisted|p2b: Gengar|2\n|-damage|p2b: Gengar|67/100 par\n|move|p1a: Raichu|Thunderbolt|p2a: Clawitzer\n|-supereffective|p2a: Clawitzer|1\n|-damage|p2a: Clawitzer|20/100\n|-enditem|p2a: Clawitzer|Sitrus Berry|[eat]\n|-heal|p2a: Clawitzer|44/100|[from] item: Sitrus Berry\n|move|p2a: Clawitzer|Water Pulse|p1b: Sneasler\n|-damage|p1b: Sneasler|36/100\n|-start|p1b: Sneasler|confusion\n|move|p2b: Gengar|Dazzling Gleam|p1a: Raichu|[spread] p1a,p1b\n|-damage|p1a: Raichu|0 fnt\n|-damage|p1b: Sneasler|6/100\n|faint|p1a: Raichu\n|\n|upkeep\n|turn|9\n|\n|t:|1776246743\n|-activate|p1b: Sneasler|confusion\n|move|p1b: Sneasler|Coaching|p1: Raichu|[notarget]\n|-fail|p1b: Sneasler\n|move|p2a: Clawitzer|Heal Pulse|p2b: Gengar\n|-heal|p2b: Gengar|100/100 par\n|move|p2b: Gengar|Shadow Ball|p1b: Sneasler\n|-damage|p1b: Sneasler|0 fnt\n|faint|p1b: Sneasler\n|\n|win|eladioguardiola\n|c|\u2606manzan444|gg\n|c|\u2606eladioguardiola|Y la mega?\n|c|\u2606manzan444|pase\n|c|\u2606eladioguardiola|10000 de iq\n",
  "uploadtime": 1776246779,
  "views": 21,
  "formatid": "gen9championsvgc2026regma",
  "rating": null,
  "private": 0,
  "password": null
}