{
  "id": "gen9championsvgc2026regma-2588328249",
  "format": "[Gen 9 Champions] VGC 2026 Reg M-A",
  "players": [
    "variskano",
    "ohfxld"
  ],
  "log": "|j|\u2606variskano\n|j|\u2606ohfxld\n|t:|1776624486\n|gametype|doubles\n|player|p1|variskano|169|1227\n|player|p2|ohfxld|n|1180\n|gen|9\n|tier|[Gen 9 Champions] VGC 2026 Reg M-A\n|rated|\n|rule|Species Clause: Limit one of each Pok\u00e9mon\n|rule|Item Clause: Limit 1 of each item\n|clearpoke\n|poke|p1|Sneasler, L50, M|\n|poke|p1|Meowscarada, L50, F|\n|poke|p1|Floette-Eternal, L50, F|\n|poke|p1|Whimsicott, L50, M|\n|poke|p1|Primarina, L50, F|\n|poke|p1|Incineroar, L50, F|\n|poke|p2|Delphox, L50, M, shiny|\n|poke|p2|Torkoal, L50, M|\n|poke|p2|Primarina, L50, F, shiny|\n|poke|p2|Mimikyu, L50, M|\n|poke|p2|Tyranitar, L50, M, shiny|\n|poke|p2|Meowstic, L50, M|\n|teampreview|4\n|inactive|Battle timer is ON: inactive players will automatically lose when time's up. (requested by variskano)\nohfxld rejected open team sheets.\n|\n|t:|1776624511\n|teamsize|p1|4\n|teamsize|p2|4\n|start\n|switch|p1a: Primarina|Primarina, L50, F|100/100\n|switch|p1b: Floette|Floette-Eternal, L50, F|100/100\n|switch|p2a: Meowstic|Meowstic, L50, M|100/100\n|switch|p2b: Delphox|Delphox, L50, M, shiny|100/100\n|turn|1\n|\n|t:|1776624521\n|detailschange|p1b: Floette|Floette-Mega, L50, F\n|-mega|p1b: Floette|Floette|Floettite\n|-ability|p1b: Floette|Fairy Aura\n|detailschange|p2b: Delphox|Delphox-Mega, L50, M, shiny\n|-mega|p2b: Delphox|Delphox|Delphoxite\n|move|p2b: Delphox|Protect|p2b: Delphox\n|-singleturn|p2b: Delphox|Protect\n|move|p2a: Meowstic|Psychic Terrain|p2a: Meowstic\n|-fieldstart|move: Psychic Terrain\n|move|p1b: Floette|Dazzling Gleam|p2b: Delphox|[spread] p2a\n|-activate|p2b: Delphox|move: Protect\n|-damage|p2a: Meowstic|45/100\n|move|p1a: Primarina|Hyper Voice|p2b: Delphox|[spread] p2a\n|-activate|p2b: Delphox|move: Protect\n|-damage|p2a: Meowstic|0 fnt\n|faint|p2a: Meowstic\n|\n|upkeep\n|\n|t:|1776624529\n|switch|p2a: Torkoal|Torkoal, L50, M|100/100\n|-weather|SunnyDay|[from] ability: Drought|[of] p2a: Torkoal\n|turn|2\n|\n|t:|1776624552\n|move|p1b: Floette|Protect|p1b: Floette\n|-singleturn|p1b: Floette|Protect\n|move|p2b: Delphox|Heat Wave|p1b: Floette|[spread] p1a\n|-activate|p1b: Floette|move: Protect\n|-resisted|p1a: Primarina|1\n|-damage|p1a: Primarina|73/100\n|move|p1a: Primarina|Hyper Voice|p2b: Delphox|[spread] p2a,p2b\n|-supereffective|p2a: Torkoal|1\n|-supereffective|p2b: Delphox|1\n|-damage|p2a: Torkoal|39/100\n|-damage|p2b: Delphox|63/100\n|move|p2a: Torkoal|Solar Beam||[still]\n|-prepare|p2a: Torkoal|Solar Beam\n|-anim|p2a: Torkoal|Solar Beam|p1a: Primarina\n|-supereffective|p1a: Primarina|1\n|-damage|p1a: Primarina|8/100\n|\n|-weather|SunnyDay|[upkeep]\n|upkeep\n|turn|3\n|-activate|p2a: Torkoal|item: Quick Claw\n|\n|t:|1776624574\n|move|p1a: Primarina|Protect|p1a: Primarina\n|-singleturn|p1a: Primarina|Protect\n|move|p2a: Torkoal|Heat Wave|p1a: Primarina|[spread] p1b\n|-activate|p1a: Primarina|move: Protect\n|-damage|p1b: Floette|60/100\n|move|p2b: Delphox|Heat Wave|p1b: Floette|[spread] p1b\n|-activate|p1a: Primarina|move: Protect\n|-damage|p1b: Floette|4/100\n|move|p1b: Floette|Moonblast|p2b: Delphox\n|-resisted|p2b: Delphox|1\n|-damage|p2b: Delphox|29/100\n|\n|-weather|SunnyDay|[upkeep]\n|upkeep\n|turn|4\n|-activate|p2a: Torkoal|item: Quick Claw\n|\n|t:|1776624596\n|move|p1b: Floette|Protect|p1b: Floette\n|-singleturn|p1b: Floette|Protect\n|move|p2a: Torkoal|Heat Wave|p1b: Floette|[spread] p1a\n|-activate|p1b: Floette|move: Protect\n|-resisted|p1a: Primarina|1\n|-damage|p1a: Primarina|0 fnt\n|faint|p1a: Primarina\n|move|p2b: Delphox|Heat Wave|p1b: Floette\n|-activate|p1b: Floette|move: Protect\n|\n|-weather|SunnyDay|[upkeep]\n|upkeep\n|\n|t:|1776624606\n|switch|p1a: Incineroar|Incineroar, L50, F|100/100\n|-ability|p1a: Incineroar|Intimidate|boost\n|-unboost|p2a: Torkoal|atk|1\n|-unboost|p2b: Delphox|atk|1\n|turn|5\n|\n|t:|1776624622\n|move|p2b: Delphox|Protect|p2b: Delphox\n|-singleturn|p2b: Delphox|Protect\n|move|p1a: Incineroar|Fake Out|p2b: Delphox\n|-hint|Psychic Terrain doesn't affect airborne Pok\u00e9mon.\n|-activate|p2b: Delphox|move: Protect\n|move|p1b: Floette|Dazzling Gleam|p2a: Torkoal|[spread] p2a\n|-activate|p2b: Delphox|move: Protect\n|-resisted|p2a: Torkoal|1\n|-damage|p2a: Torkoal|8/100\n|move|p2a: Torkoal|Heat Wave|p1b: Floette|[spread] p1a,p1b\n|-resisted|p1a: Incineroar|1\n|-crit|p1a: Incineroar\n|-damage|p1a: Incineroar|73/100\n|-damage|p1b: Floette|0 fnt\n|faint|p1b: Floette\n|\n|-weather|SunnyDay|[upkeep]\n|-fieldend|move: Psychic Terrain\n|upkeep\n|\n|t:|1776624631\n|switch|p1b: Sneasler|Sneasler, L50, M|100/100\n|turn|6\n|\n|t:|1776624651\n|move|p1b: Sneasler|Fake Out|p2a: Torkoal\n|-damage|p2a: Torkoal|0 fnt\n|faint|p2a: Torkoal\n|move|p2b: Delphox|Focus Blast|p1a: Incineroar|[miss]\n|-miss|p2b: Delphox|p1a: Incineroar\n|move|p1a: Incineroar|Flare Blitz|p2b: Delphox\n|-resisted|p2b: Delphox|1\n|-damage|p2b: Delphox|0 fnt\n|faint|p2b: Delphox\n|-damage|p1a: Incineroar|65/100|[from] Recoil\n|\n|-weather|none\n|upkeep\n|\n|t:|1776624659\n|switch|p2b: Primarina|Primarina, L50, F, shiny|100/100\n|turn|7\n|\n|t:|1776624672\n|move|p1b: Sneasler|Dire Claw|p2b: Primarina\n|-supereffective|p2b: Primarina|1\n|-damage|p2b: Primarina|22/100\n|move|p1a: Incineroar|Parting Shot|p2b: Primarina\n|-unboost|p2b: Primarina|atk|1\n|-unboost|p2b: Primarina|spa|1\n|move|p2b: Primarina|Hyper Voice|p1a: Incineroar|[spread] p1a,p1b\n|-supereffective|p1a: Incineroar|1\n|-damage|p1a: Incineroar|35/100\n|-damage|p1b: Sneasler|76/100\n|\n|-heal|p2b: Primarina|28/100|[from] item: Leftovers\n|upkeep\n|turn|8\n|c|\u2606ohfxld|ggs\n|\n|t:|1776624685\n|move|p1b: Sneasler|Dire Claw|p2b: Primarina\n|-supereffective|p2b: Primarina|1\n|-damage|p2b: Primarina|0 fnt\n|faint|p2b: Primarina\n|\n|win|variskano\n|raw|variskano's rating: 1227 &rarr; <strong>1249</strong><br />(+22 for winning)\n|raw|ohfxld's rating: 1180 &rarr; <strong>1158</strong><br />(-22 for losing)\n|l|\u2606ohfxld\n|player|p2|\n|c|\u2606variskano|Ggs\n",
  "uploadtime": 1776624704,
  "views": 27,
  "formatid": "gen9championsvgc2026regma",
  "rating": 1158,
  "private": 0,
  "password": null
}