{
  "id": "gen9championsvgc2026regma-2584539548",
  "format": "[Gen 9 Champions] VGC 2026 Reg M-A",
  "players": [
    "Zeedee",
    "truck freak 64"
  ],
  "log": "|j|\u2606Zeedee\n|j|\u2606truck freak 64\n|t:|1776267475\n|gametype|doubles\n|player|p1|Zeedee|caitlin|\n|player|p2|truck freak 64|melony|\n|gen|9\n|tier|[Gen 9 Champions] VGC 2026 Reg M-A\n|rule|Species Clause: Limit one of each Pok\u00e9mon\n|rule|Item Clause: Limit 1 of each item\n|clearpoke\n|poke|p1|Incineroar, L50, F|\n|poke|p1|Sylveon, L50, F|\n|poke|p1|Sneasler, L50, M|\n|poke|p1|Rotom-Wash, L50|\n|poke|p1|Aggron, L50, M|\n|poke|p1|Sinistcha, L50|\n|poke|p2|Sneasler, L50, F|\n|poke|p2|Incineroar, L50, M|\n|poke|p2|Dragonite, L50, M|\n|poke|p2|Basculegion, L50, M|\n|poke|p2|Sinistcha-Masterpiece, L50|\n|poke|p2|Delphox, L50, F|\n|teampreview|4\n|\n|t:|1776267499\n|teamsize|p1|4\n|teamsize|p2|4\n|start\n|switch|p1a: bridget|Sylveon, L50, F, shiny|100/100\n|switch|p1b: mitski|Rotom-Wash, L50|100/100\n|switch|p2a: bon jovy.|Dragonite, L50, M|100/100\n|switch|p2b: The Sneasler|Sneasler, L50, F|100/100\n|turn|1\n|\n|t:|1776267550\n|move|p2b: The Sneasler|Fake Out|p1a: bridget\n|-crit|p1a: bridget\n|-damage|p1a: bridget|64/100\n|move|p2a: bon jovy.|Extreme Speed|p1b: mitski\n|-damage|p1b: mitski|69/100\n|move|p1b: mitski|Volt Switch|p2a: bon jovy.\n|-damage|p2a: bon jovy.|75/100\n|\n|t:|1776267571\n|switch|p1b: mercy overwat|Sinistcha, L50|100/100|[from] Volt Switch\n|-heal|p1a: bridget|89/100|[from] ability: Hospitality|[of] p1b: mercy overwat\n|cant|p1a: bridget|flinch\n|\n|upkeep\n|turn|2\n|\n|t:|1776267596\n|move|p1a: bridget|Protect|p1a: bridget\n|-singleturn|p1a: bridget|Protect\n|move|p2a: bon jovy.|Extreme Speed|p1a: bridget\n|-activate|p1a: bridget|move: Protect\n|move|p2b: The Sneasler|Dire Claw|p1a: bridget\n|-activate|p1a: bridget|move: Protect\n|move|p1b: mercy overwat|Strength Sap|p2b: The Sneasler\n|-unboost|p2b: The Sneasler|atk|1\n|-enditem|p2b: The Sneasler|White Herb\n|-clearnegativeboost|p2b: The Sneasler|[silent]\n|\n|upkeep\n|turn|3\n|\n|t:|1776267615\n|switch|p1a: inceleroar|Incineroar, L50, F|100/100\n|-ability|p1a: inceleroar|Intimidate|boost\n|-fail|p2a: bon jovy.|unboost|Attack|[from] ability: Inner Focus|[of] p2a: bon jovy.\n|-unboost|p2b: The Sneasler|atk|1\n|move|p2a: bon jovy.|Extreme Speed|p1a: inceleroar\n|-damage|p1a: inceleroar|74/100\n|move|p1b: mercy overwat|Rage Powder|p1b: mercy overwat\n|-singleturn|p1b: mercy overwat|move: Rage Powder\n|move|p2b: The Sneasler|Dire Claw|p1b: mercy overwat\n|-damage|p1b: mercy overwat|79/100\n|\n|-heal|p1b: mercy overwat|85/100|[from] item: Leftovers\n|upkeep\n|turn|4\n|\n|t:|1776267639\n|move|p1a: inceleroar|Fake Out|p2b: The Sneasler\n|-damage|p2b: The Sneasler|80/100\n|cant|p2b: The Sneasler|flinch\n|move|p2a: bon jovy.|Scale Shot|p1b: mercy overwat\n|-damage|p1b: mercy overwat|76/100\n|-damage|p1b: mercy overwat|67/100\n|-damage|p1b: mercy overwat|58/100\n|-damage|p1b: mercy overwat|50/100\n|-hitcount|p1b: mercy overwat|4\n|-unboost|p2a: bon jovy.|def|1\n|-boost|p2a: bon jovy.|spe|1\n|move|p1b: mercy overwat|Matcha Gotcha|p2a: bon jovy.|[spread] p2a,p2b\n|-resisted|p2a: bon jovy.|2\n|-resisted|p2b: The Sneasler|1\n|-damage|p2a: bon jovy.|70/100\n|-heal|p1b: mercy overwat|53/100|[from] drain|[of] p2a: bon jovy.\n|-damage|p2b: The Sneasler|65/100\n|-heal|p1b: mercy overwat|59/100|[from] drain|[of] p2b: The Sneasler\n|\n|-heal|p1b: mercy overwat|66/100|[from] item: Leftovers\n|upkeep\n|turn|5\n|\n|t:|1776267667\n|move|p2b: The Sneasler|Close Combat|p1a: inceleroar\n|-supereffective|p1a: inceleroar|1\n|-damage|p1a: inceleroar|0 fnt\n|-unboost|p2b: The Sneasler|def|1\n|-unboost|p2b: The Sneasler|spd|1\n|faint|p1a: inceleroar\n|move|p2a: bon jovy.|Haze|p2a: bon jovy.\n|-clearallboost\n|move|p1b: mercy overwat|Strength Sap|p2a: bon jovy.\n|-unboost|p2a: bon jovy.|atk|1\n|-heal|p1b: mercy overwat|100/100\n|\n|upkeep\n|\n|t:|1776267683\n|switch|p1a: mitski|Rotom-Wash, L50|69/100\n|turn|6\n|\n|t:|1776267695\n|move|p2b: The Sneasler|Dire Claw|p1b: mercy overwat\n|-damage|p1b: mercy overwat|63/100\n|move|p1a: mitski|Trick|p2a: bon jovy.\n|-activate|p1a: mitski|move: Trick|[of] p2a: bon jovy.\n|-item|p2a: bon jovy.|Choice Scarf|[from] move: Trick\n|-item|p1a: mitski|Lum Berry|[from] move: Trick\n|move|p2a: bon jovy.|Scale Shot|p1a: mitski\n|-damage|p1a: mitski|59/100\n|-crit|p1a: mitski\n|-damage|p1a: mitski|34/100\n|-damage|p1a: mitski|24/100\n|-hitcount|p1a: mitski|3\n|-unboost|p2a: bon jovy.|def|1\n|-boost|p2a: bon jovy.|spe|1\n|move|p1b: mercy overwat|Matcha Gotcha|p2b: The Sneasler|[spread] p2a\n|-miss|p1b: mercy overwat|p2b: The Sneasler\n|-resisted|p2a: bon jovy.|2\n|-damage|p2a: bon jovy.|65/100\n|-heal|p1b: mercy overwat|66/100|[from] drain|[of] p2a: bon jovy.\n|-status|p2a: bon jovy.|brn\n|\n|-heal|p1b: mercy overwat|72/100|[from] item: Leftovers\n|-damage|p2a: bon jovy.|59/100 brn|[from] brn\n|upkeep\n|turn|7\n|\n|t:|1776267734\n|move|p2b: The Sneasler|Dire Claw|p1b: mercy overwat\n|-damage|p1b: mercy overwat|34/100\n|move|p2a: bon jovy.|Scale Shot|p1a: mitski\n|-damage|p1a: mitski|19/100\n|-damage|p1a: mitski|14/100\n|-damage|p1a: mitski|9/100\n|-hitcount|p1a: mitski|3\n|-unboost|p2a: bon jovy.|def|1\n|-boost|p2a: bon jovy.|spe|1\n|move|p1a: mitski|Hydro Pump|p2b: The Sneasler\n|-damage|p2b: The Sneasler|0 fnt\n|faint|p2b: The Sneasler\n|move|p1b: mercy overwat|Strength Sap|p2a: bon jovy.\n|-unboost|p2a: bon jovy.|atk|1\n|-heal|p1b: mercy overwat|92/100\n|\n|-heal|p1b: mercy overwat|98/100|[from] item: Leftovers\n|-damage|p2a: bon jovy.|53/100 brn|[from] brn\n|upkeep\n|\n|t:|1776267753\n|switch|p2b: Sinistcha|Sinistcha-Masterpiece, L50|100/100\n|-heal|p2a: bon jovy.|78/100 brn|[from] ability: Hospitality|[of] p2b: Sinistcha\n|turn|8\n|\n|t:|1776267766\n|switch|p1a: bridget|Sylveon, L50, F, shiny|89/100\n|move|p2a: bon jovy.|Scale Shot|p1a: bridget\n|-immune|p1a: bridget\n|move|p1b: mercy overwat|Life Dew|p1b: mercy overwat|[spread] p1a,p1b\n|-heal|p1a: bridget|100/100\n|-heal|p1b: mercy overwat|100/100\n|move|p2b: Sinistcha|Matcha Gotcha|p1b: mercy overwat|[spread] p1a,p1b\n|-resisted|p1b: mercy overwat|1\n|-damage|p1a: bridget|83/100\n|-damage|p1b: mercy overwat|89/100\n|-status|p1a: bridget|brn\n|\n|-heal|p1b: mercy overwat|95/100|[from] item: Leftovers\n|-damage|p2a: bon jovy.|73/100 brn|[from] brn\n|-damage|p1a: bridget|77/100 brn|[from] brn\n|upkeep\n|turn|9\n|\n|t:|1776267786\n|switch|p2a: kibby :3|Incineroar, L50, M|100/100\n|-ability|p2a: kibby :3|Intimidate|boost\n|-unboost|p1a: bridget|atk|1\n|-unboost|p1b: mercy overwat|atk|1\n|move|p1b: mercy overwat|Life Dew|p1b: mercy overwat|[spread] p1a,p1b\n|-heal|p1a: bridget|100/100 brn\n|-heal|p1b: mercy overwat|100/100\n|move|p2b: Sinistcha|Reflect|p2b: Sinistcha\n|-sidestart|p2: truck freak 64|Reflect\n|move|p1a: bridget|Calm Mind|p1a: bridget\n|-boost|p1a: bridget|spa|1\n|-boost|p1a: bridget|spd|1\n|\n|-damage|p1a: bridget|95/100 brn|[from] brn\n|upkeep\n|turn|10\n|\n|t:|1776267821\n|move|p1b: mercy overwat|Life Dew||[still]|[spread] p1a,p1b\n|-heal|p1a: bridget|100/100 brn\n|-fail|p1b: mercy overwat|heal\n|move|p2b: Sinistcha|Matcha Gotcha|p1a: bridget|[spread] p1a,p1b\n|-resisted|p1b: mercy overwat|1\n|-damage|p1a: bridget|89/100 brn\n|-damage|p1b: mercy overwat|87/100\n|move|p2a: kibby :3|Parting Shot|p1a: bridget\n|-unboost|p1a: bridget|atk|1\n|-unboost|p1a: bridget|spa|1\n|\n|t:|1776267831\n|switch|p2a: bon jovy.|Dragonite, L50, M|73/100 brn|[from] Parting Shot\n|move|p1a: bridget|Hyper Voice|p2b: Sinistcha|[spread] p2a,p2b\n|-supereffective|p2a: bon jovy.|1\n|-damage|p2a: bon jovy.|0 fnt\n|-damage|p2b: Sinistcha|49/100\n|faint|p2a: bon jovy.\n|\n|-heal|p1b: mercy overwat|93/100|[from] item: Leftovers\n|-heal|p2b: Sinistcha|55/100|[from] item: Leftovers\n|-damage|p1a: bridget|84/100 brn|[from] brn\n|upkeep\n|\n|t:|1776267841\n|switch|p2a: kibby :3|Incineroar, L50, M|100/100\n|-ability|p2a: kibby :3|Intimidate|boost\n|-unboost|p1a: bridget|atk|1\n|-unboost|p1b: mercy overwat|atk|1\n|turn|11\n|\n|t:|1776267857\n|move|p2a: kibby :3|Fake Out|p1a: bridget\n|-crit|p1a: bridget\n|-damage|p1a: bridget|61/100 brn\n|move|p1b: mercy overwat|Life Dew|p1b: mercy overwat|[spread] p1a,p1b\n|-heal|p1a: bridget|86/100 brn\n|-heal|p1b: mercy overwat|100/100\n|move|p2b: Sinistcha|Matcha Gotcha|p1a: bridget|[spread] p1a,p1b\n|-resisted|p1b: mercy overwat|1\n|-damage|p1a: bridget|75/100 brn\n|-heal|p2b: Sinistcha|62/100|[from] drain|[of] p1a: bridget\n|-damage|p1b: mercy overwat|88/100\n|-heal|p2b: Sinistcha|70/100|[from] drain|[of] p1b: mercy overwat\n|cant|p1a: bridget|flinch\n|\n|-heal|p2b: Sinistcha|77/100|[from] item: Leftovers\n|-heal|p1b: mercy overwat|94/100|[from] item: Leftovers\n|-damage|p1a: bridget|69/100 brn|[from] brn\n|upkeep\n|turn|12\n|\n|t:|1776267880\n|move|p2b: Sinistcha|Protect|p2b: Sinistcha\n|-singleturn|p2b: Sinistcha|Protect\n|move|p1b: mercy overwat|Strength Sap|p2a: kibby :3\n|-unboost|p2a: kibby :3|atk|1\n|-heal|p1b: mercy overwat|100/100\n|move|p2a: kibby :3|Earthquake|p1b: mercy overwat|[spread] p1a,p1b\n|-activate|p2b: Sinistcha|move: Protect\n|-crit|p1a: bridget\n|-resisted|p1b: mercy overwat|1\n|-damage|p1a: bridget|27/100 brn\n|-damage|p1b: mercy overwat|95/100\n|move|p1a: bridget|Hyper Voice|p2b: Sinistcha|[spread] p2a\n|-activate|p2b: Sinistcha|move: Protect\n|-damage|p2a: kibby :3|52/100\n|\n|-heal|p1b: mercy overwat|100/100|[from] item: Leftovers\n|-heal|p2b: Sinistcha|83/100|[from] item: Leftovers\n|-damage|p1a: bridget|21/100 brn|[from] brn\n|upkeep\n|turn|13\n|\n|t:|1776267899\n|move|p1a: bridget|Protect|p1a: bridget\n|-singleturn|p1a: bridget|Protect\n|move|p1b: mercy overwat|Life Dew||[still]|[spread] p1a,p1b\n|-heal|p1a: bridget|46/100 brn\n|-fail|p1b: mercy overwat|heal\n|move|p2b: Sinistcha|Life Dew|p2b: Sinistcha|[spread] p2a,p2b\n|-heal|p2a: kibby :3|78/100\n|-heal|p2b: Sinistcha|100/100\n|move|p2a: kibby :3|Earthquake|p1a: bridget|[spread] p2b,p1b\n|-activate|p1a: bridget|move: Protect\n|-resisted|p2b: Sinistcha|1\n|-resisted|p1b: mercy overwat|1\n|-damage|p2b: Sinistcha|97/100\n|-damage|p1b: mercy overwat|95/100\n|\n|-heal|p2b: Sinistcha|100/100|[from] item: Leftovers\n|-heal|p1b: mercy overwat|100/100|[from] item: Leftovers\n|-damage|p1a: bridget|40/100 brn|[from] brn\n|-sideend|p2: truck freak 64|Reflect\n|upkeep\n|turn|14\n|\n|t:|1776267927\n|move|p1b: mercy overwat|Life Dew||[still]|[spread] p1a,p1b\n|-heal|p1a: bridget|65/100 brn\n|-fail|p1b: mercy overwat|heal\n|move|p2b: Sinistcha|Matcha Gotcha|p1b: mercy overwat|[spread] p1a,p1b\n|-resisted|p1b: mercy overwat|1\n|-damage|p1a: bridget|54/100 brn\n|-damage|p1b: mercy overwat|88/100\n|move|p2a: kibby :3|Earthquake|p1a: bridget|[spread] p2b,p1a,p1b\n|-resisted|p2b: Sinistcha|1\n|-resisted|p1b: mercy overwat|1\n|-damage|p2b: Sinistcha|96/100\n|-damage|p1a: bridget|34/100 brn\n|-damage|p1b: mercy overwat|84/100\n|move|p1a: bridget|Hyper Voice|p2a: kibby :3|[spread] p2a,p2b\n|-damage|p2a: kibby :3|36/100\n|-damage|p2b: Sinistcha|44/100\n|-enditem|p2a: kibby :3|Sitrus Berry|[eat]\n|-heal|p2a: kibby :3|61/100|[from] item: Sitrus Berry\n|\n|-heal|p1b: mercy overwat|90/100|[from] item: Leftovers\n|-heal|p2b: Sinistcha|50/100|[from] item: Leftovers\n|-damage|p1a: bridget|28/100 brn|[from] brn\n|upkeep\n|turn|15\n|\n|t:|1776267946\n|move|p1a: bridget|Protect|p1a: bridget\n|-singleturn|p1a: bridget|Protect\n|move|p2b: Sinistcha|Life Dew|p2b: Sinistcha|[spread] p2a,p2b\n|-heal|p2a: kibby :3|86/100\n|-heal|p2b: Sinistcha|75/100\n|move|p1b: mercy overwat|Life Dew|p1b: mercy overwat|[spread] p1a,p1b\n|-heal|p1a: bridget|53/100 brn\n|-heal|p1b: mercy overwat|100/100\n|move|p2a: kibby :3|Earthquake|p1b: mercy overwat|[spread] p2b,p1b\n|-activate|p1a: bridget|move: Protect\n|-resisted|p2b: Sinistcha|1\n|-resisted|p1b: mercy overwat|1\n|-damage|p2b: Sinistcha|69/100\n|-damage|p1b: mercy overwat|96/100\n|\n|-heal|p1b: mercy overwat|100/100|[from] item: Leftovers\n|-heal|p2b: Sinistcha|75/100|[from] item: Leftovers\n|-damage|p1a: bridget|48/100 brn|[from] brn\n|upkeep\n|turn|16\n|\n|t:|1776267958\n|move|p1b: mercy overwat|Strength Sap|p2a: kibby :3\n|-unboost|p2a: kibby :3|atk|1\n|move|p2b: Sinistcha|Life Dew|p2b: Sinistcha|[spread] p2a,p2b\n|-heal|p2a: kibby :3|100/100\n|-heal|p2b: Sinistcha|100/100\n|move|p1a: bridget|Mystical Fire|p2b: Sinistcha\n|-supereffective|p2b: Sinistcha|1\n|-damage|p2b: Sinistcha|44/100\n|-unboost|p2b: Sinistcha|spa|1\n|move|p2a: kibby :3|Earthquake|p1a: bridget|[spread] p2b,p1a,p1b\n|-resisted|p2b: Sinistcha|1\n|-resisted|p1b: mercy overwat|1\n|-damage|p2b: Sinistcha|40/100\n|-damage|p1a: bridget|35/100 brn\n|-damage|p1b: mercy overwat|97/100\n|\n|-heal|p1b: mercy overwat|100/100|[from] item: Leftovers\n|-heal|p2b: Sinistcha|46/100|[from] item: Leftovers\n|-damage|p1a: bridget|29/100 brn|[from] brn\n|upkeep\n|turn|17\n|\n|t:|1776267986\n|move|p2b: Sinistcha|Life Dew||[still]|[spread] p2a,p2b\n|-fail|p2a: kibby :3|heal\n|-heal|p2b: Sinistcha|72/100\n|move|p1b: mercy overwat|Strength Sap|p2a: kibby :3\n|-unboost|p2a: kibby :3|atk|1\n|move|p2a: kibby :3|Earthquake|p1b: mercy overwat|[spread] p2b,p1a,p1b\n|-resisted|p2b: Sinistcha|1\n|-crit|p1a: bridget\n|-resisted|p1b: mercy overwat|1\n|-damage|p2b: Sinistcha|68/100\n|-damage|p1a: bridget|0 fnt\n|-damage|p1b: mercy overwat|98/100\n|faint|p1a: bridget\n|\n|-heal|p2b: Sinistcha|74/100|[from] item: Leftovers\n|-heal|p1b: mercy overwat|100/100|[from] item: Leftovers\n|upkeep\n|\n|t:|1776268000\n|switch|p1a: mitski|Rotom-Wash, L50|9/100\n|turn|18\n|\n|t:|1776268008\n|move|p1a: mitski|Hydro Pump|p2a: kibby :3\n|-supereffective|p2a: kibby :3|1\n|-damage|p2a: kibby :3|11/100\n|move|p2b: Sinistcha|Matcha Gotcha|p1b: mercy overwat|[spread] p1a,p1b\n|-supereffective|p1a: mitski|1\n|-crit|p1a: mitski\n|-resisted|p1b: mercy overwat|1\n|-damage|p1a: mitski|0 fnt\n|-heal|p2b: Sinistcha|79/100|[from] drain|[of] p1a: mitski\n|-damage|p1b: mercy overwat|92/100\n|-heal|p2b: Sinistcha|84/100|[from] drain|[of] p1b: mercy overwat\n|faint|p1a: mitski\n|move|p1b: mercy overwat|Matcha Gotcha|p2a: kibby :3|[spread] p2a\n|-miss|p1b: mercy overwat|p2b: Sinistcha\n|-resisted|p2a: kibby :3|1\n|-damage|p2a: kibby :3|0 fnt\n|-heal|p1b: mercy overwat|97/100|[from] drain|[of] p2a: kibby :3\n|faint|p2a: kibby :3\n|\n|-heal|p1b: mercy overwat|100/100|[from] item: Leftovers\n|-heal|p2b: Sinistcha|90/100|[from] item: Leftovers\n|upkeep\n|turn|19\n|\n|t:|1776268032\n|move|p2b: Sinistcha|Matcha Gotcha|p1b: mercy overwat\n|-resisted|p1b: mercy overwat|1\n|-damage|p1b: mercy overwat|90/100\n|-heal|p2b: Sinistcha|97/100|[from] drain|[of] p1b: mercy overwat\n|move|p1b: mercy overwat|Matcha Gotcha|p2b: Sinistcha\n|-resisted|p2b: Sinistcha|1\n|-damage|p2b: Sinistcha|81/100\n|-heal|p1b: mercy overwat|97/100|[from] drain|[of] p2b: Sinistcha\n|-status|p2b: Sinistcha|brn\n|\n|-heal|p1b: mercy overwat|100/100|[from] item: Leftovers\n|-heal|p2b: Sinistcha|87/100 brn|[from] item: Leftovers\n|-damage|p2b: Sinistcha|81/100 brn|[from] brn\n|upkeep\n|turn|20\n|\n|t:|1776268047\n|move|p1b: mercy overwat|Matcha Gotcha|p2b: Sinistcha\n|-resisted|p2b: Sinistcha|1\n|-damage|p2b: Sinistcha|61/100 brn\n|move|p2b: Sinistcha|Matcha Gotcha|p1b: mercy overwat\n|-resisted|p1b: mercy overwat|1\n|-damage|p1b: mercy overwat|90/100\n|-heal|p2b: Sinistcha|68/100 brn|[from] drain|[of] p1b: mercy overwat\n|\n|-heal|p2b: Sinistcha|74/100 brn|[from] item: Leftovers\n|-heal|p1b: mercy overwat|96/100|[from] item: Leftovers\n|-damage|p2b: Sinistcha|68/100 brn|[from] brn\n|upkeep\n|turn|21\n|\n|t:|1776268059\n|move|p1b: mercy overwat|Matcha Gotcha|p2b: Sinistcha\n|-resisted|p2b: Sinistcha|1\n|-damage|p2b: Sinistcha|50/100 brn\n|-heal|p1b: mercy overwat|100/100|[from] drain|[of] p2b: Sinistcha\n|move|p2b: Sinistcha|Matcha Gotcha|p1b: mercy overwat\n|-resisted|p1b: mercy overwat|1\n|-damage|p1b: mercy overwat|89/100\n|-heal|p2b: Sinistcha|58/100 brn|[from] drain|[of] p1b: mercy overwat\n|\n|-heal|p1b: mercy overwat|95/100|[from] item: Leftovers\n|-heal|p2b: Sinistcha|64/100 brn|[from] item: Leftovers\n|-damage|p2b: Sinistcha|58/100 brn|[from] brn\n|upkeep\n|turn|22\n|\n|t:|1776268076\n|move|p2b: Sinistcha|Matcha Gotcha|p1b: mercy overwat\n|-resisted|p1b: mercy overwat|1\n|-damage|p1b: mercy overwat|84/100\n|-heal|p2b: Sinistcha|65/100 brn|[from] drain|[of] p1b: mercy overwat\n|move|p1b: mercy overwat|Matcha Gotcha|p2b: Sinistcha\n|-resisted|p2b: Sinistcha|1\n|-damage|p2b: Sinistcha|46/100 brn\n|-heal|p1b: mercy overwat|92/100|[from] drain|[of] p2b: Sinistcha\n|\n|-heal|p1b: mercy overwat|98/100|[from] item: Leftovers\n|-heal|p2b: Sinistcha|53/100 brn|[from] item: Leftovers\n|-damage|p2b: Sinistcha|46/100 brn|[from] brn\n|upkeep\n|turn|23\n|\n|t:|1776268090\n|move|p2b: Sinistcha|Matcha Gotcha|p1b: mercy overwat\n|-resisted|p1b: mercy overwat|1\n|-damage|p1b: mercy overwat|86/100\n|-heal|p2b: Sinistcha|54/100 brn|[from] drain|[of] p1b: mercy overwat\n|move|p1b: mercy overwat|Matcha Gotcha|p2b: Sinistcha|[miss]\n|-miss|p1b: mercy overwat|p2b: Sinistcha\n|\n|-heal|p2b: Sinistcha|60/100 brn|[from] item: Leftovers\n|-heal|p1b: mercy overwat|92/100|[from] item: Leftovers\n|-damage|p2b: Sinistcha|54/100 brn|[from] brn\n|upkeep\n|turn|24\n|\n|t:|1776268094\n|move|p1b: mercy overwat|Matcha Gotcha|p2b: Sinistcha\n|-resisted|p2b: Sinistcha|1\n|-damage|p2b: Sinistcha|35/100 brn\n|-heal|p1b: mercy overwat|99/100|[from] drain|[of] p2b: Sinistcha\n|move|p2b: Sinistcha|Matcha Gotcha|p1b: mercy overwat\n|-resisted|p1b: mercy overwat|1\n|-damage|p1b: mercy overwat|88/100\n|-heal|p2b: Sinistcha|43/100 brn|[from] drain|[of] p1b: mercy overwat\n|\n|-heal|p2b: Sinistcha|49/100 brn|[from] item: Leftovers\n|-heal|p1b: mercy overwat|94/100|[from] item: Leftovers\n|-damage|p2b: Sinistcha|43/100 brn|[from] brn\n|upkeep\n|turn|25\n|\n|t:|1776268103\n|move|p1b: mercy overwat|Matcha Gotcha|p2b: Sinistcha|[miss]\n|-miss|p1b: mercy overwat|p2b: Sinistcha\n|move|p2b: Sinistcha|Matcha Gotcha|p1b: mercy overwat\n|-resisted|p1b: mercy overwat|1\n|-damage|p1b: mercy overwat|82/100\n|-heal|p2b: Sinistcha|50/100 brn|[from] drain|[of] p1b: mercy overwat\n|\n|-heal|p2b: Sinistcha|57/100 brn|[from] item: Leftovers\n|-heal|p1b: mercy overwat|88/100|[from] item: Leftovers\n|-damage|p2b: Sinistcha|50/100 brn|[from] brn\n|upkeep\n|turn|26\n|\n|t:|1776268112\n|move|p1b: mercy overwat|Matcha Gotcha|p2b: Sinistcha\n|-resisted|p2b: Sinistcha|1\n|-damage|p2b: Sinistcha|32/100 brn\n|-heal|p1b: mercy overwat|96/100|[from] drain|[of] p2b: Sinistcha\n|move|p2b: Sinistcha|Matcha Gotcha|p1b: mercy overwat\n|-resisted|p1b: mercy overwat|1\n|-damage|p1b: mercy overwat|84/100\n|-heal|p2b: Sinistcha|40/100 brn|[from] drain|[of] p1b: mercy overwat\n|\n|-heal|p2b: Sinistcha|46/100 brn|[from] item: Leftovers\n|-heal|p1b: mercy overwat|90/100|[from] item: Leftovers\n|-damage|p2b: Sinistcha|40/100 brn|[from] brn\n|upkeep\n|turn|27\n|\n|t:|1776268121\n|move|p2b: Sinistcha|Matcha Gotcha|p1b: mercy overwat|[miss]\n|-miss|p2b: Sinistcha|p1b: mercy overwat\n|move|p1b: mercy overwat|Matcha Gotcha|p2b: Sinistcha|[miss]\n|-miss|p1b: mercy overwat|p2b: Sinistcha\n|\n|-heal|p2b: Sinistcha|46/100 brn|[from] item: Leftovers\n|-heal|p1b: mercy overwat|97/100|[from] item: Leftovers\n|-damage|p2b: Sinistcha|40/100 brn|[from] brn\n|upkeep\n|turn|28\n|\n|t:|1776268126\n|move|p1b: mercy overwat|Matcha Gotcha|p2b: Sinistcha\n|-resisted|p2b: Sinistcha|1\n|-damage|p2b: Sinistcha|22/100 brn\n|-heal|p1b: mercy overwat|100/100|[from] drain|[of] p2b: Sinistcha\n|move|p2b: Sinistcha|Matcha Gotcha|p1b: mercy overwat\n|-resisted|p1b: mercy overwat|1\n|-damage|p1b: mercy overwat|89/100\n|-heal|p2b: Sinistcha|29/100 brn|[from] drain|[of] p1b: mercy overwat\n|\n|-heal|p1b: mercy overwat|95/100|[from] item: Leftovers\n|-heal|p2b: Sinistcha|35/100 brn|[from] item: Leftovers\n|-damage|p2b: Sinistcha|29/100 brn|[from] brn\n|upkeep\n|turn|29\n|\n|t:|1776268140\n|move|p2b: Sinistcha|Matcha Gotcha|p1b: mercy overwat\n|-resisted|p1b: mercy overwat|1\n|-damage|p1b: mercy overwat|85/100\n|-heal|p2b: Sinistcha|35/100 brn|[from] drain|[of] p1b: mercy overwat\n|move|p1b: mercy overwat|Matcha Gotcha|p2b: Sinistcha\n|-resisted|p2b: Sinistcha|1\n|-damage|p2b: Sinistcha|17/100 brn\n|-heal|p1b: mercy overwat|93/100|[from] drain|[of] p2b: Sinistcha\n|\n|-heal|p2b: Sinistcha|23/100 brn|[from] item: Leftovers\n|-heal|p1b: mercy overwat|99/100|[from] item: Leftovers\n|-damage|p2b: Sinistcha|17/100 brn|[from] brn\n|upkeep\n|turn|30\n|\n|t:|1776268156\n|move|p1b: mercy overwat|Matcha Gotcha|p2b: Sinistcha\n|-resisted|p2b: Sinistcha|1\n|-damage|p2b: Sinistcha|0 fnt\n|-heal|p1b: mercy overwat|100/100|[from] drain|[of] p2b: Sinistcha\n|faint|p2b: Sinistcha\n|\n|win|Zeedee\n",
  "uploadtime": 1776268171,
  "views": 24,
  "formatid": "gen9championsvgc2026regma",
  "rating": null,
  "private": 0,
  "password": null
}