{
  "id": "gen9championsvgc2026regma-2581595662",
  "format": "[Gen 9 Champions] VGC 2026 Reg M-A",
  "players": [
    "Bygravy",
    "Hggvsyeb"
  ],
  "log": "|j|\u203dBygravy\n|j|\u2606Hggvsyeb\n|t:|1776013772\n|gametype|doubles\n|player|p1|Bygravy|drayden|1037\n|player|p2|Hggvsyeb|brycenman|1050\n|gen|9\n|tier|[Gen 9 Champions] VGC 2026 Reg M-A\n|rated|\n|rule|Species Clause: Limit one of each Pok\u00e9mon\n|rule|Item Clause: Limit 1 of each item\n|clearpoke\n|poke|p1|Tyranitar, L50, M|\n|poke|p1|Garchomp, L50, M|\n|poke|p1|Sneasler, L50, M|\n|poke|p1|Rotom-Wash, L50|\n|poke|p1|Whimsicott, L50, M|\n|poke|p1|Floette-Eternal, L50, F|\n|poke|p2|Floette-Eternal, L50, F|\n|poke|p2|Incineroar, L50, F|\n|poke|p2|Sinistcha, L50|\n|poke|p2|Basculegion, L50, M|\n|poke|p2|Pelipper, L50, F|\n|poke|p2|Sneasler, L50, F|\n|teampreview|4\n|inactive|Battle timer is ON: inactive players will automatically lose when time's up. (requested by Bygravy)\n|\n|t:|1776013811\n|teamsize|p1|4\n|teamsize|p2|4\n|start\n|switch|p1a: Rotom|Rotom-Wash, L50|100/100\n|switch|p1b: Floette|Floette-Eternal, L50, F|100/100\n|switch|p2a: Floette|Floette-Eternal, L50, F|100/100\n|switch|p2b: Sinistcha|Sinistcha, L50|100/100\n|turn|1\n|inactive|Bygravy has 30 seconds left.\n|\n|t:|1776013837\n|detailschange|p1b: Floette|Floette-Mega, L50, F\n|-mega|p1b: Floette|Floette|Floettite\n|-ability|p1b: Floette|Fairy Aura\n|detailschange|p2a: Floette|Floette-Mega, L50, F\n|-mega|p2a: Floette|Floette|Floettite\n|-ability|p2a: Floette|Fairy Aura\n|move|p1a: Rotom|Protect|p1a: Rotom\n|-singleturn|p1a: Rotom|Protect\n|move|p2b: Sinistcha|Rage Powder|p2b: Sinistcha\n|-singleturn|p2b: Sinistcha|move: Rage Powder\n|move|p1b: Floette|Moonblast|p2b: Sinistcha\n|-damage|p2b: Sinistcha|31/100\n|move|p2a: Floette|Calm Mind|p2a: Floette\n|-boost|p2a: Floette|spa|1\n|-boost|p2a: Floette|spd|1\n|\n|-heal|p2b: Sinistcha|37/100|[from] item: Leftovers\n|upkeep\n|turn|2\n|inactive|Bygravy has 30 seconds left.\n|inactive|Hggvsyeb has 30 seconds left.\n|\n|t:|1776013868\n|switch|p2b: Pelipper|Pelipper, L50, F|100/100\n|-weather|RainDance|[from] ability: Drizzle|[of] p2b: Pelipper\n|move|p1b: Floette|Protect|p1b: Floette\n|-singleturn|p1b: Floette|Protect\n|move|p1a: Rotom|Hydro Pump|p2b: Pelipper|[miss]\n|-miss|p1a: Rotom|p2b: Pelipper\n|move|p2a: Floette|Draining Kiss|p1a: Rotom\n|-damage|p1a: Rotom|20/100\n|\n|-weather|RainDance|[upkeep]\n|-heal|p1a: Rotom|26/100|[from] item: Leftovers\n|upkeep\n|turn|3\n|\n|t:|1776013888\n|move|p1b: Floette|Calm Mind|p1b: Floette\n|-boost|p1b: Floette|spa|1\n|-boost|p1b: Floette|spd|1\n|move|p1a: Rotom|Thunderbolt|p2b: Pelipper\n|-supereffective|p2b: Pelipper|2\n|-enditem|p2b: Pelipper|Focus Sash\n|-damage|p2b: Pelipper|1/100\n|move|p2b: Pelipper|Tailwind|p2b: Pelipper\n|-sidestart|p2: Hggvsyeb|move: Tailwind\n|move|p2a: Floette|Calm Mind|p2a: Floette\n|-boost|p2a: Floette|spa|1\n|-boost|p2a: Floette|spd|1\n|\n|-weather|RainDance|[upkeep]\n|-heal|p1a: Rotom|31/100|[from] item: Leftovers\n|upkeep\n|turn|4\n|\n|t:|1776013912\n|move|p2b: Pelipper|Hurricane|p1b: Floette\n|-damage|p1b: Floette|76/100\n|move|p2a: Floette|Dazzling Gleam|p1a: Rotom|[spread] p1a,p1b\n|-damage|p1a: Rotom|0 fnt\n|-damage|p1b: Floette|12/100\n|faint|p1a: Rotom\n|move|p1b: Floette|Dazzling Gleam|p2b: Pelipper|[spread] p2a,p2b\n|-crit|p2b: Pelipper\n|-damage|p2a: Floette|75/100\n|-damage|p2b: Pelipper|0 fnt\n|faint|p2b: Pelipper\n|\n|-weather|RainDance|[upkeep]\n|upkeep\n|\n|t:|1776013927\n|switch|p1a: Tyranitar|Tyranitar, L50, M|100/100\n|switch|p2b: Sinistcha|Sinistcha, L50|37/100\n|-weather|Sandstorm|[from] ability: Sand Stream|[of] p1a: Tyranitar\n|-heal|p2a: Floette|99/100|[from] ability: Hospitality|[of] p2b: Sinistcha\n|turn|5\n|\n|t:|1776013949\n|move|p2a: Floette|Dazzling Gleam|p1b: Floette|[spread] p1a,p1b\n|-supereffective|p1a: Tyranitar|1\n|-damage|p1a: Tyranitar|0 fnt\n|-damage|p1b: Floette|0 fnt\n|faint|p1a: Tyranitar\n|faint|p1b: Floette\n|move|p2b: Sinistcha|Matcha Gotcha|p1: Tyranitar|[notarget]\n|-fail|p2b: Sinistcha\n|\n|-weather|Sandstorm|[upkeep]\n|-damage|p2a: Floette|94/100|[from] Sandstorm\n|-damage|p2b: Sinistcha|31/100|[from] Sandstorm\n|-heal|p2b: Sinistcha|37/100|[from] item: Leftovers\n|upkeep\n|-message|Bygravy forfeited.\n|\n|win|Hggvsyeb\n|raw|Bygravy's rating: 1037 &rarr; <strong>1022</strong><br />(-15 for losing)\n|raw|Hggvsyeb's rating: 1050 &rarr; <strong>1081</strong><br />(+31 for winning)\n|l|\u203dBygravy\n|player|p1|\n",
  "uploadtime": 1776013961,
  "views": 13,
  "formatid": "gen9championsvgc2026regma",
  "rating": 1022,
  "private": 0,
  "password": null
}