{
  "id": "gen9championsvgc2026regma-2585075885",
  "format": "[Gen 9 Champions] VGC 2026 Reg M-A",
  "players": [
    "BadasShesho",
    "angemorgs"
  ],
  "log": "|j|\u2606BadasShesho\n|j|\u2606angemorgs\n|t:|1776309244\n|gametype|doubles\n|player|p1|BadasShesho|alain|1222\n|player|p2|angemorgs|backersf|1228\n|gen|9\n|tier|[Gen 9 Champions] VGC 2026 Reg M-A\n|rated|\n|rule|Species Clause: Limit one of each Pok\u00e9mon\n|rule|Item Clause: Limit 1 of each item\n|clearpoke\n|poke|p1|Gengar, L50, M|\n|poke|p1|Whimsicott, L50, M|\n|poke|p1|Palafin, L50, F|\n|poke|p1|Maushold, L50|\n|poke|p1|Sneasler, L50, M|\n|poke|p1|Milotic, L50, M|\n|poke|p2|Floette-Eternal, L50, F|\n|poke|p2|Garchomp, L50, M|\n|poke|p2|Sneasler, L50, F|\n|poke|p2|Rotom-Wash, L50|\n|poke|p2|Aerodactyl, L50, M|\n|poke|p2|Incineroar, L50, M|\n|teampreview|4\n|\n|t:|1776309281\n|teamsize|p1|4\n|teamsize|p2|4\n|start\n|switch|p1a: Milotic|Milotic, L50, M|100/100\n|switch|p1b: Palafin|Palafin, L50, F|100/100\n|switch|p2a: Aerodactyl|Aerodactyl, L50, M|100/100\n|switch|p2b: Sneasler|Sneasler, L50, F|100/100\n|-ability|p2a: Aerodactyl|Unnerve\n|turn|1\n|inactive|Battle timer is ON: inactive players will automatically lose when time's up. (requested by angemorgs)\n|\n|t:|1776309298\n|move|p2b: Sneasler|Fake Out|p1b: Palafin\n|-damage|p1b: Palafin|82/100\n|move|p2a: Aerodactyl|Tailwind|p2a: Aerodactyl\n|-sidestart|p2: angemorgs|move: Tailwind\n|cant|p1b: Palafin|flinch\n|move|p1a: Milotic|Surf|p2a: Aerodactyl|[spread] p1b,p2a,p2b\n|-resisted|p1b: Palafin|1\n|-supereffective|p2a: Aerodactyl|1\n|-damage|p1b: Palafin|63/100\n|-damage|p2a: Aerodactyl|18/100\n|-damage|p2b: Sneasler|67/100\n|\n|upkeep\n|turn|2\n|inactive|BadasShesho has 30 seconds left.\n|inactive|angemorgs has 30 seconds left.\n|\n|t:|1776309325\n|switch|p2a: Rotom|Rotom-Wash, L50|100/100\n|detailschange|p1b: Palafin|Palafin-Hero, L50, F\n|switch|p1b: Whimsicott|Whimsicott, L50, M|100/100\n|move|p2b: Sneasler|Close Combat|p1a: Milotic\n|-damage|p1a: Milotic|42/100\n|-unboost|p2b: Sneasler|def|1\n|-unboost|p2b: Sneasler|spd|1\n|-enditem|p2b: Sneasler|White Herb\n|-clearnegativeboost|p2b: Sneasler|[silent]\n|move|p1a: Milotic|Surf|p2a: Rotom|[spread] p1b,p2a,p2b\n|-resisted|p1b: Whimsicott|1\n|-resisted|p2a: Rotom|1\n|-damage|p1b: Whimsicott|83/100\n|-damage|p2a: Rotom|86/100\n|-damage|p2b: Sneasler|31/100\n|\n|-heal|p1a: Milotic|48/100|[from] item: Leftovers\n|upkeep\n|turn|3\n|\n|t:|1776309342\n|move|p1b: Whimsicott|Tailwind|p1b: Whimsicott\n|-sidestart|p1: BadasShesho|move: Tailwind\n|move|p2b: Sneasler|Dire Claw|p1b: Whimsicott\n|-supereffective|p1b: Whimsicott|2\n|-damage|p1b: Whimsicott|0 fnt\n|faint|p1b: Whimsicott\n|move|p2a: Rotom|Volt Switch|p1a: Milotic\n|-supereffective|p1a: Milotic|1\n|-crit|p1a: Milotic\n|-damage|p1a: Milotic|0 fnt\n|faint|p1a: Milotic\n|\n|t:|1776309353\n|switch|p2a: Floette|Floette-Eternal, L50, F|100/100|[from] Volt Switch\n|\n|upkeep\n|\n|t:|1776309356\n|switch|p1b: Palafin|Palafin-Hero, L50, F|63/100\n|switch|p1a: Gengar|Gengar, L50, M, shiny|100/100\n|-activate|p1b: Palafin|ability: Zero to Hero\n|turn|4\n|inactive|angemorgs has 30 seconds left.\n|\n|t:|1776309383\n|detailschange|p2a: Floette|Floette-Mega, L50, F\n|-mega|p2a: Floette|Floette|Floettite\n|-ability|p2a: Floette|Fairy Aura\n|move|p1b: Palafin|Jet Punch|p2b: Sneasler\n|-damage|p2b: Sneasler|0 fnt\n|faint|p2b: Sneasler\n|move|p1a: Gengar|Sludge Wave|p2a: Floette|[spread] p1b,p2a\n|-supereffective|p2a: Floette|1\n|-damage|p1b: Palafin|16/100\n|-damage|p2a: Floette|46/100\n|move|p2a: Floette|Dazzling Gleam|p1b: Palafin|[spread] p1a,p1b\n|-resisted|p1a: Gengar|1\n|-damage|p1a: Gengar|63/100\n|-damage|p1b: Palafin|0 fnt\n|faint|p1b: Palafin\n|\n|-sideend|p2: angemorgs|move: Tailwind\n|upkeep\n|\n|t:|1776309396\n|switch|p2b: Rotom|Rotom-Wash, L50|86/100\n|turn|5\n|\n|t:|1776309403\n|detailschange|p1a: Gengar|Gengar-Mega, L50, M, shiny\n|-mega|p1a: Gengar|Gengar|Gengarite\n|move|p2a: Floette|Protect|p2a: Floette\n|-singleturn|p2a: Floette|Protect\n|move|p1a: Gengar|Sludge Wave|p2a: Floette|[spread] p2b\n|-activate|p2a: Floette|move: Protect\n|-damage|p2b: Rotom|35/100\n|move|p2b: Rotom|Hydro Pump|p1a: Gengar\n|-damage|p1a: Gengar|7/100\n|\n|upkeep\n|turn|6\n|\n|t:|1776309423\n|move|p1a: Gengar|Sludge Wave|p2b: Rotom|[spread] p2a,p2b\n|-supereffective|p2a: Floette|1\n|-damage|p2a: Floette|0 fnt\n|-damage|p2b: Rotom|0 fnt\n|faint|p2a: Floette\n|faint|p2b: Rotom\n|\n|-sideend|p1: BadasShesho|move: Tailwind\n|upkeep\n|\n|t:|1776309426\n|switch|p2b: Aerodactyl|Aerodactyl, L50, M|18/100\n|-ability|p2b: Aerodactyl|Unnerve\n|turn|7\n|\n|t:|1776309437\n|move|p1a: Gengar|Protect|p1a: Gengar\n|-singleturn|p1a: Gengar|Protect\n|move|p2b: Aerodactyl|Dual Wingbeat|p1a: Gengar\n|-activate|p1a: Gengar|move: Protect\n|\n|upkeep\n|turn|8\n|\n|t:|1776309445\n|move|p2b: Aerodactyl|Dual Wingbeat|p1a: Gengar|[miss]\n|-miss|p2b: Aerodactyl|p1a: Gengar\n|move|p1a: Gengar|Shadow Ball|p2b: Aerodactyl\n|-damage|p2b: Aerodactyl|0 fnt\n|faint|p2b: Aerodactyl\n|\n|win|BadasShesho\n",
  "uploadtime": 1776309246,
  "views": 22,
  "formatid": "gen9championsvgc2026regma",
  "rating": null,
  "private": 0,
  "password": null
}