{
  "id": "gen9championsvgc2026regma-2582298373",
  "format": "[Gen 9 Champions] VGC 2026 Reg M-A",
  "players": [
    "CappyCappy",
    "RealRukiRuki"
  ],
  "log": "|j|\u2606CappyCappy\n|j|\u2606RealRukiRuki\n|t:|1776081040\n|gametype|doubles\n|player|p1|CappyCappy|miku-fairy|1172\n|player|p2|RealRukiRuki|sabrina|1234\n|gen|9\n|tier|[Gen 9 Champions] VGC 2026 Reg M-A\n|rated|\n|rule|Species Clause: Limit one of each Pok\u00e9mon\n|rule|Item Clause: Limit 1 of each item\n|clearpoke\n|poke|p1|Sneasler, L50, M|\n|poke|p1|Incineroar, L50, M|\n|poke|p1|Sinistcha, L50|\n|poke|p1|Kingambit, L50, F|\n|poke|p1|Aerodactyl, L50, F|\n|poke|p1|Floette-Eternal, L50, F|\n|poke|p2|Glalie, L50, F|\n|poke|p2|Ninetales-Alola, L50, F|\n|poke|p2|Incineroar, L50, F|\n|poke|p2|Sneasler, L50, F|\n|poke|p2|Rotom-Wash, L50|\n|poke|p2|Froslass, L50, F|\n|teampreview|4\n|inactive|Battle timer is ON: inactive players will automatically lose when time's up. (requested by CappyCappy)\n|\n|t:|1776081060\n|teamsize|p1|4\n|teamsize|p2|4\n|start\n|switch|p1a: Floette|Floette-Eternal, L50, F|100/100\n|switch|p1b: Incineroar|Incineroar, L50, M|100/100\n|switch|p2a: Sneasler|Sneasler, L50, F|100/100\n|switch|p2b: Ninetales|Ninetales-Alola, L50, F|100/100\n|-weather|Snowscape|[from] ability: Snow Warning|[of] p2b: Ninetales\n|-ability|p1b: Incineroar|Intimidate|boost\n|-unboost|p2a: Sneasler|atk|1\n|-unboost|p2b: Ninetales|atk|1\n|-enditem|p2a: Sneasler|White Herb\n|-clearnegativeboost|p2a: Sneasler|[silent]\n|turn|1\n|inactive|CappyCappy has 30 seconds left.\n|inactive|CappyCappy has 20 seconds left.\n|inactive|CappyCappy has 15 seconds left.\n|inactive|CappyCappy has 10 seconds left.\n|\n|t:|1776081108\n|detailschange|p1a: Floette|Floette-Mega, L50, F\n|-mega|p1a: Floette|Floette|Floettite\n|-ability|p1a: Floette|Fairy Aura\n|move|p2a: Sneasler|Fake Out|p1b: Incineroar\n|-damage|p1b: Incineroar|86/100\n|cant|p1b: Incineroar|flinch\n|move|p2b: Ninetales|Aurora Veil|p2b: Ninetales\n|-sidestart|p2: RealRukiRuki|move: Aurora Veil\n|move|p1a: Floette|Dazzling Gleam|p2a: Sneasler|[spread] p2a,p2b\n|-damage|p2a: Sneasler|57/100\n|-damage|p2b: Ninetales|64/100\n|\n|-weather|Snowscape|[upkeep]\n|upkeep\n|turn|2\n|\n|t:|1776081127\n|switch|p1a: Aerodactyl|Aerodactyl, L50, F|100/100\n|move|p2a: Sneasler|Dire Claw|p1a: Aerodactyl\n|-resisted|p1a: Aerodactyl|1\n|-damage|p1a: Aerodactyl|68/100\n|-status|p1a: Aerodactyl|par\n|move|p2b: Ninetales|Blizzard|p1a: Aerodactyl|[spread] p1a,p1b\n|-supereffective|p1a: Aerodactyl|1\n|-resisted|p1b: Incineroar|1\n|-damage|p1a: Aerodactyl|10/100 par\n|-damage|p1b: Incineroar|74/100\n|move|p1b: Incineroar|Flare Blitz|p2a: Sneasler\n|-damage|p2a: Sneasler|0 fnt\n|faint|p2a: Sneasler\n|-damage|p1b: Incineroar|59/100|[from] Recoil\n|\n|-weather|Snowscape|[upkeep]\n|upkeep\n|\n|t:|1776081143\n|switch|p2a: Rotom|Rotom-Wash, L50|100/100\n|turn|3\n|\n|t:|1776081149\n|move|p1a: Aerodactyl|Protect|p1a: Aerodactyl\n|-singleturn|p1a: Aerodactyl|Protect\n|move|p2a: Rotom|Electroweb|p1b: Incineroar|[spread] p1b\n|-activate|p1a: Aerodactyl|move: Protect\n|-damage|p1b: Incineroar|41/100\n|-unboost|p1b: Incineroar|spe|1\n|-enditem|p1b: Incineroar|Sitrus Berry|[eat]\n|-heal|p1b: Incineroar|66/100|[from] item: Sitrus Berry\n|move|p2b: Ninetales|Moonblast|p1b: Incineroar\n|-damage|p1b: Incineroar|36/100\n|move|p1b: Incineroar|Flare Blitz|p2b: Ninetales\n|-supereffective|p2b: Ninetales|1\n|-damage|p2b: Ninetales|0 fnt\n|faint|p2b: Ninetales\n|-damage|p1b: Incineroar|17/100|[from] Recoil\n|\n|-weather|Snowscape|[upkeep]\n|upkeep\n|\n|t:|1776081154\n|switch|p2b: Froslass|Froslass, L50, F|100/100\n|turn|4\n|\n|t:|1776081166\n|move|p2a: Rotom|Electroweb|p1a: Aerodactyl|[spread] p1a,p1b\n|-supereffective|p1a: Aerodactyl|1\n|-damage|p1a: Aerodactyl|0 fnt\n|-damage|p1b: Incineroar|0 fnt\n|faint|p1a: Aerodactyl\n|faint|p1b: Incineroar\n|move|p2b: Froslass|Shadow Ball|p1: Aerodactyl|[notarget]\n|-fail|p2b: Froslass\n|\n|-weather|Snowscape|[upkeep]\n|upkeep\n|\n|t:|1776081169\n|switch|p1a: Floette|Floette-Mega, L50, F|100/100\n|switch|p1b: Sneasler|Sneasler, L50, M|100/100\n|-ability|p1a: Floette|Fairy Aura\n|turn|5\n|inactive|CappyCappy has 30 seconds left.\n|\n|t:|1776081195\n|move|p2b: Froslass|Protect|p2b: Froslass\n|-singleturn|p2b: Froslass|Protect\n|move|p1b: Sneasler|Fake Out|p2a: Rotom\n|-damage|p2a: Rotom|87/100\n|cant|p2a: Rotom|flinch\n|move|p1a: Floette|Moonblast|p2b: Froslass\n|-activate|p2b: Froslass|move: Protect\n|\n|-weather|none\n|-sideend|p2: RealRukiRuki|move: Aurora Veil\n|upkeep\n|turn|6\n|\n|t:|1776081210\n|detailschange|p2b: Froslass|Froslass-Mega, L50, F\n|-mega|p2b: Froslass|Froslass|Froslassite\n|-weather|Snowscape|[from] ability: Snow Warning|[of] p2b: Froslass\n|move|p2a: Rotom|Electroweb|p1b: Sneasler|[spread] p1a,p1b\n|-damage|p1a: Floette|82/100\n|-damage|p1b: Sneasler|72/100\n|-unboost|p1a: Floette|spe|1\n|-unboost|p1b: Sneasler|spe|1\n|-enditem|p1b: Sneasler|White Herb\n|-clearnegativeboost|p1b: Sneasler|[silent]\n|move|p1b: Sneasler|Dire Claw|p2b: Froslass\n|-resisted|p2b: Froslass|1\n|-damage|p2b: Froslass|76/100\n|move|p2b: Froslass|Aurora Veil|p2b: Froslass\n|-sidestart|p2: RealRukiRuki|move: Aurora Veil\n|move|p1a: Floette|Moonblast|p2b: Froslass\n|-damage|p2b: Froslass|16/100\n|\n|-weather|Snowscape|[upkeep]\n|upkeep\n|turn|7\n|inactive|CappyCappy has 30 seconds left.\n|\n|t:|1776081238\n|move|p1b: Sneasler|Protect|p1b: Sneasler\n|-singleturn|p1b: Sneasler|Protect\n|move|p2a: Rotom|Electroweb|p1a: Floette|[spread] p1a\n|-activate|p1b: Sneasler|move: Protect\n|-damage|p1a: Floette|66/100\n|-unboost|p1a: Floette|spe|1\n|move|p2b: Froslass|Blizzard|p1a: Floette|[spread] p1a\n|-activate|p1b: Sneasler|move: Protect\n|-damage|p1a: Floette|24/100\n|move|p1a: Floette|Dazzling Gleam|p2a: Rotom|[spread] p2a,p2b\n|-crit|p2b: Froslass\n|-damage|p2a: Rotom|39/100\n|-damage|p2b: Froslass|0 fnt\n|faint|p2b: Froslass\n|\n|-weather|Snowscape|[upkeep]\n|upkeep\n|turn|8\n|inactive|CappyCappy has 30 seconds left.\n|\n|t:|1776081267\n|move|p1b: Sneasler|Close Combat|p2a: Rotom\n|-damage|p2a: Rotom|0 fnt\n|-unboost|p1b: Sneasler|def|1\n|-unboost|p1b: Sneasler|spd|1\n|faint|p2a: Rotom\n|\n|win|CappyCappy\n|raw|CappyCappy's rating: 1172 &rarr; <strong>1201</strong><br />(+29 for winning)\n|raw|RealRukiRuki's rating: 1234 &rarr; <strong>1205</strong><br />(-29 for losing)\n",
  "uploadtime": 1776081268,
  "views": 23,
  "formatid": "gen9championsvgc2026regma",
  "rating": 1201,
  "private": 0,
  "password": null
}