{
  "id": "gen9championsvgc2026regma-2587483355",
  "format": "[Gen 9 Champions] VGC 2026 Reg M-A",
  "players": [
    "Cocodoko89",
    "antinn"
  ],
  "log": "|j|\u2606Cocodoko89\n|j|\u2606antinn\n|t:|1776535640\n|gametype|doubles\n|player|p1|Cocodoko89|2|1154\n|player|p2|antinn|shadowtriad|1059\n|gen|9\n|tier|[Gen 9 Champions] VGC 2026 Reg M-A\n|rated|\n|rule|Species Clause: Limit one of each Pok\u00e9mon\n|rule|Item Clause: Limit 1 of each item\n|clearpoke\n|poke|p1|Sylveon, L50, M|\n|poke|p1|Charizard, L50, F|\n|poke|p1|Sneasler, L50, F|\n|poke|p1|Rotom-Heat, L50|\n|poke|p1|Aegislash, L50, M|\n|poke|p1|Venusaur, L50, M|\n|poke|p2|Sableye, L50, M|\n|poke|p2|Flapple, L50, M|\n|poke|p2|Gengar, L50, F|\n|poke|p2|Weavile, L50, F|\n|poke|p2|Tauros, L50, M|\n|poke|p2|Arbok, L50, M|\n|teampreview|4\n|\n|t:|1776535688\n|teamsize|p1|4\n|teamsize|p2|4\n|start\n|switch|p1a: Charizard|Charizard, L50, F|100/100\n|switch|p1b: Rotom|Rotom-Heat, L50|100/100\n|switch|p2a: Dizzy|Tauros, L50, M|100/100\n|switch|p2b: Sableye|Sableye, L50, M|100/100\n|turn|1\n|\n|t:|1776535702\n|detailschange|p1a: Charizard|Charizard-Mega-Y, L50, F\n|-mega|p1a: Charizard|Charizard|Charizardite Y\n|-weather|SunnyDay|[from] ability: Drought|[of] p1a: Charizard\n|move|p1b: Rotom|Helping Hand|p1a: Charizard\n|-singleturn|p1a: Charizard|Helping Hand|[of] p1b: Rotom\n|move|p2b: Sableye|Fake Out|p1b: Rotom\n|-damage|p1b: Rotom|93/100\n|move|p2a: Dizzy|Rock Tomb|p1a: Charizard\n|-supereffective|p1a: Charizard|2\n|-damage|p1a: Charizard|0 fnt\n|faint|p1a: Charizard\n|\n|-weather|SunnyDay|[upkeep]\n|-heal|p1b: Rotom|99/100|[from] item: Leftovers\n|upkeep\n|\n|t:|1776535719\n|switch|p1a: Sneasler|Sneasler, L50, F|100/100\n|turn|2\n|c|\u2606antinn|XD\n|\n|t:|1776535735\n|switch|p2a: Gengar|Gengar, L50, F|100/100\n|move|p2b: Sableye|Encore|p1b: Rotom\n|-start|p1b: Rotom|Encore\n|move|p1b: Rotom|Helping Hand|p1a: Sneasler\n|-singleturn|p1a: Sneasler|Helping Hand|[of] p1b: Rotom\n|move|p1a: Sneasler|Close Combat|p2a: Gengar\n|-immune|p2a: Gengar\n|\n|-weather|SunnyDay|[upkeep]\n|-heal|p1b: Rotom|100/100|[from] item: Leftovers\n|upkeep\n|turn|3\n|inactive|Battle timer is ON: inactive players will automatically lose when time's up. (requested by antinn)\n|inactive|Cocodoko89 has 60 seconds left.\n|inactive|Cocodoko89 has 30 seconds left.\n|inactive|Cocodoko89 has 20 seconds left.\n|inactive|Cocodoko89 has 15 seconds left.\n|inactive|Cocodoko89 has 10 seconds left.\n|inactive|Cocodoko89 has 5 seconds left.\n|\n|t:|1776535868\n|detailschange|p2a: Gengar|Gengar-Mega, L50, F\n|-mega|p2a: Gengar|Gengar|Gengarite\n|move|p1b: Rotom|Helping Hand|p1a: Sneasler\n|-singleturn|p1a: Sneasler|Helping Hand|[of] p1b: Rotom\n|move|p1a: Sneasler|Fake Out||[still]\n|-hint|Fake Out only works on your first turn out.\n|-fail|p1a: Sneasler\n|move|p2b: Sableye|Encore|p1a: Sneasler\n|-start|p1a: Sneasler|Encore\n|move|p2a: Gengar|Shadow Ball|p1a: Sneasler\n|-damage|p1a: Sneasler|33/100\n|\n|-weather|SunnyDay|[upkeep]\n|upkeep\n|turn|4\n|inactive|Cocodoko89 has 30 seconds left.\n|inactive|Cocodoko89 has 20 seconds left.\n|inactive|Cocodoko89 has 15 seconds left.\n|inactive|Cocodoko89 has 10 seconds left.\n|inactive|Cocodoko89 has 5 seconds left.\n|\n|t:|1776535923\n|move|p1b: Rotom|Helping Hand|p1a: Sneasler\n|-singleturn|p1a: Sneasler|Helping Hand|[of] p1b: Rotom\n|move|p2b: Sableye|Feint|p1a: Sneasler\n|-damage|p1a: Sneasler|25/100\n|move|p2a: Gengar|Shadow Ball|p1b: Rotom\n|-damage|p1b: Rotom|59/100\n|-activate|p1a: Sneasler|move: Struggle\n|move|p1a: Sneasler|Struggle|p2b: Sableye\n|-damage|p2b: Sableye|67/100\n|-damage|p1a: Sneasler|0 fnt|[from] recoil\n|faint|p1a: Sneasler\n|\n|-weather|SunnyDay|[upkeep]\n|-heal|p1b: Rotom|65/100|[from] item: Leftovers\n|-end|p1b: Rotom|Encore\n|upkeep\n|inactive|Cocodoko89 has 30 seconds left.\n|inactive|Cocodoko89 has 20 seconds left.\n|inactive|Cocodoko89 has 15 seconds left.\n|inactive|Cocodoko89 has 10 seconds left.\n|inactive|Cocodoko89 has 5 seconds left.\n|\n|t:|1776535978\n|switch|p1a: Aegislash|Aegislash, L50, M|100/100\n|turn|5\n|inactive|Cocodoko89 has 30 seconds left.\n|inactive|Cocodoko89 has 20 seconds left.\n|inactive|Cocodoko89 has 15 seconds left.\n|inactive|Cocodoko89 has 10 seconds left.\n|inactive|Cocodoko89 has 5 seconds left.\n|inactive|antinn has 30 seconds left.\n|\n|t:|1776536034\n|move|p2b: Sableye|Gravity|p2b: Sableye\n|-fieldstart|move: Gravity\n|move|p2a: Gengar|Hypnosis|p1a: Aegislash\n|-status|p1a: Aegislash|slp|[from] move: Hypnosis\n|move|p1b: Rotom|Electroweb|p2b: Sableye|[spread] p2a,p2b\n|-damage|p2a: Gengar|80/100\n|-damage|p2b: Sableye|50/100\n|-unboost|p2a: Gengar|spe|1\n|-unboost|p2b: Sableye|spe|1\n|cant|p1a: Aegislash|slp\n|\n|-weather|none\n|-heal|p1b: Rotom|71/100|[from] item: Leftovers\n|upkeep\n|turn|6\n|inactive|Cocodoko89 has 30 seconds left.\n|inactive|antinn has 30 seconds left.\n|inactive|Cocodoko89 has 20 seconds left.\n|inactive|Cocodoko89 has 15 seconds left.\n|inactive|Cocodoko89 has 10 seconds left.\n|inactive|Cocodoko89 has 5 seconds left.\n|\n|t:|1776536089\n|switch|p2b: Dizzy|Tauros, L50, M|100/100\n|move|p2a: Gengar|Shadow Ball|p1a: Aegislash\n|-supereffective|p1a: Aegislash|1\n|-damage|p1a: Aegislash|9/100 slp\n|-enditem|p1a: Aegislash|Sitrus Berry|[eat]\n|-heal|p1a: Aegislash|34/100 slp|[from] item: Sitrus Berry\n|move|p1b: Rotom|Electroweb|p2a: Gengar|[spread] p2a,p2b\n|-crit|p2b: Dizzy\n|-damage|p2a: Gengar|59/100\n|-damage|p2b: Dizzy|68/100\n|-unboost|p2a: Gengar|spe|1\n|-unboost|p2b: Dizzy|spe|1\n|cant|p1a: Aegislash|slp\n|\n|-heal|p1b: Rotom|77/100|[from] item: Leftovers\n|upkeep\n|turn|7\n|inactive|Cocodoko89 has 30 seconds left.\n|inactive|antinn has 30 seconds left.\n|inactive|Cocodoko89 has 20 seconds left.\n|inactive|antinn has 20 seconds left.\n|inactive|Cocodoko89 has 15 seconds left.\n|inactive|antinn has 15 seconds left.\n|inactive|Cocodoko89 has 10 seconds left.\n|inactive|Cocodoko89 has 5 seconds left.\n|\n|t:|1776536144\n|move|p2b: Dizzy|Rock Tomb|p1b: Rotom\n|-supereffective|p1b: Rotom|1\n|-damage|p1b: Rotom|42/100\n|move|p1b: Rotom|Electroweb|p2b: Dizzy|[spread] p2a,p2b\n|-crit|p2a: Gengar\n|-damage|p2a: Gengar|25/100\n|-damage|p2b: Dizzy|45/100\n|-unboost|p2a: Gengar|spe|1\n|-unboost|p2b: Dizzy|spe|1\n|-enditem|p2b: Dizzy|Sitrus Berry|[eat]\n|-heal|p2b: Dizzy|70/100|[from] item: Sitrus Berry\n|move|p2a: Gengar|Shadow Ball|p1a: Aegislash\n|-supereffective|p1a: Aegislash|1\n|-damage|p1a: Aegislash|0 fnt\n|faint|p1a: Aegislash\n|\n|-heal|p1b: Rotom|48/100|[from] item: Leftovers\n|upkeep\n|turn|8\n|inactive|Cocodoko89 has 30 seconds left.\n|inactive|antinn has 30 seconds left.\n|inactive|Cocodoko89 has 20 seconds left.\n|inactive|antinn has 20 seconds left.\n|inactive|Cocodoko89 has 15 seconds left.\n|inactive|Cocodoko89 has 10 seconds left.\n|inactive|Cocodoko89 has 5 seconds left.\n|\n|t:|1776536199\n|switch|p2a: Sableye|Sableye, L50, M|50/100\n|move|p1b: Rotom|Electroweb|p2b: Dizzy|[spread] p2a,p2b\n|-damage|p2a: Sableye|31/100\n|-damage|p2b: Dizzy|47/100\n|-unboost|p2a: Sableye|spe|1\n|-unboost|p2b: Dizzy|spe|1\n|move|p2b: Dizzy|Rock Tomb|p1b: Rotom\n|-supereffective|p1b: Rotom|1\n|-damage|p1b: Rotom|11/100\n|\n|-heal|p1b: Rotom|17/100|[from] item: Leftovers\n|upkeep\n|turn|9\n|inactive|Cocodoko89 has 30 seconds left.\n|c|\u2606antinn|Bro\n|c|\u2606antinn|I'm sorry\n|inactive|Cocodoko89 has 20 seconds left.\n|inactive|Cocodoko89 has 15 seconds left.\n|inactive|Cocodoko89 has 10 seconds left.\n|inactive|Cocodoko89 has 5 seconds left.\n|c|\u2606antinn|I'm learning how to make good gravity team\n|\n|t:|1776536254\n|move|p2a: Sableye|Fake Out|p1b: Rotom\n|-damage|p1b: Rotom|8/100\n|cant|p1b: Rotom|flinch\n|move|p2b: Dizzy|Rock Tomb|p1b: Rotom\n|-supereffective|p1b: Rotom|1\n|-damage|p1b: Rotom|0 fnt\n|faint|p1b: Rotom\n|\n|win|antinn\n|raw|Cocodoko89's rating: 1109 &rarr; <strong>1080</strong><br />(-29 for losing)\n|raw|antinn's rating: 1059 &rarr; <strong>1095</strong><br />(+36 for winning)\n|c|\u2606antinn|Don't take it personaly\n|l|\u2606Cocodoko89\n|player|p1|\n",
  "uploadtime": 1776536269,
  "views": 19,
  "formatid": "gen9championsvgc2026regma",
  "rating": 1080,
  "private": 0,
  "password": null
}