{
  "id": "gen9championsvgc2026regma-2585964289",
  "format": "[Gen 9 Champions] VGC 2026 Reg M-A",
  "players": [
    "ImYuukiShiro",
    "Kalaphant"
  ],
  "log": "|j|\u2606ImYuukiShiro\n|j|\u2606Kalaphant\n|t:|1776385658\n|gametype|doubles\n|player|p1|ImYuukiShiro|colress|1195\n|player|p2|Kalaphant|1|1168\n|gen|9\n|tier|[Gen 9 Champions] VGC 2026 Reg M-A\n|rated|\n|rule|Species Clause: Limit one of each Pok\u00e9mon\n|rule|Item Clause: Limit 1 of each item\n|clearpoke\n|poke|p1|Lopunny, L50, M|\n|poke|p1|Aegislash, L50, M|\n|poke|p1|Aerodactyl, L50, F|\n|poke|p1|Milotic, L50, F|\n|poke|p1|Sinistcha, L50|\n|poke|p1|Incineroar, L50, F|\n|poke|p2|Gengar, L50, M|\n|poke|p2|Garchomp, L50, M|\n|poke|p2|Typhlosion, L50, F|\n|poke|p2|Incineroar, L50, F|\n|poke|p2|Sneasler, L50, F|\n|poke|p2|Sinistcha, L50|\n|teampreview|4\n|inactive|Battle timer is ON: inactive players will automatically lose when time's up. (requested by Kalaphant)\n|c|\u2606Kalaphant|glhf\nKalaphant has agreed to open team sheets.\n|inactive|ImYuukiShiro has 60 seconds left.\n|\n|t:|1776385691\n|teamsize|p1|4\n|teamsize|p2|4\n|start\n|switch|p1a: Lopunny|Lopunny, L50, M, shiny|100/100\n|switch|p1b: Aegislash|Aegislash, L50, M, shiny|100/100\n|switch|p2a: Garchomp|Garchomp, L50, M|100/100\n|switch|p2b: Typhlosion|Typhlosion, L50, F|100/100\n|turn|1\n|inactive|Kalaphant has 30 seconds left.\n|\n|t:|1776385716\n|detailschange|p1a: Lopunny|Lopunny-Mega, L50, M, shiny\n|-mega|p1a: Lopunny|Lopunny|Lopunnite\n|move|p2a: Garchomp|Earthquake|p1b: Aegislash|[spread] p2b,p1a,p1b\n|-supereffective|p2b: Typhlosion|1\n|-supereffective|p1b: Aegislash|1\n|-enditem|p2b: Typhlosion|Focus Sash\n|-damage|p2b: Typhlosion|1/100\n|-damage|p1a: Lopunny|41/100\n|-damage|p1b: Aegislash|36/100\n|move|p1a: Lopunny|Triple Axel|p2a: Garchomp|[miss]\n|-miss|p1a: Lopunny|p2a: Garchomp\n|move|p2b: Typhlosion|Heat Wave|p1a: Lopunny|[spread] p1b\n|-miss|p2b: Typhlosion|p1a: Lopunny\n|-supereffective|p1b: Aegislash|1\n|-damage|p1b: Aegislash|0 fnt\n|faint|p1b: Aegislash\n|\n|upkeep\n|\n|t:|1776385729\n|switch|p1b: Aerodactyl|Aerodactyl, L50, F|100/100\n|-ability|p1b: Aerodactyl|Unnerve\n|turn|2\n|\n|t:|1776385745\n|move|p1a: Lopunny|Protect|p1a: Lopunny\n|-singleturn|p1a: Lopunny|Protect\n|move|p2a: Garchomp|Earthquake|p1b: Aerodactyl|[spread] p2b\n|-activate|p1a: Lopunny|move: Protect\n|-immune|p1b: Aerodactyl\n|-supereffective|p2b: Typhlosion|1\n|-damage|p2b: Typhlosion|0 fnt\n|faint|p2b: Typhlosion\n|move|p1b: Aerodactyl|Tailwind|p1b: Aerodactyl\n|-sidestart|p1: ImYuukiShiro|move: Tailwind\n|\n|upkeep\n|\n|t:|1776385753\n|switch|p2b: Incineroar|Incineroar, L50, F|100/100\n|-ability|p2b: Incineroar|Intimidate|boost\n|-fail|p1a: Lopunny|unboost|Attack|[from] ability: Scrappy|[of] p1a: Lopunny\n|-unboost|p1b: Aerodactyl|atk|1\n|turn|3\n|\n|t:|1776385765\n|move|p2b: Incineroar|Fake Out|p1b: Aerodactyl\n|-resisted|p1b: Aerodactyl|1\n|-damage|p1b: Aerodactyl|92/100\n|move|p1a: Lopunny|Triple Axel|p2a: Garchomp\n|-supereffective|p2a: Garchomp|2\n|-damage|p2a: Garchomp|70/100\n|-hitcount|p2a: Garchomp|1\n|cant|p1b: Aerodactyl|flinch\n|move|p2a: Garchomp|Earthquake|p1b: Aerodactyl|[spread] p2b,p1a\n|-immune|p1b: Aerodactyl\n|-supereffective|p2b: Incineroar|1\n|-damage|p2b: Incineroar|31/100\n|-damage|p1a: Lopunny|0 fnt\n|faint|p1a: Lopunny\n|\n|upkeep\n|\n|t:|1776385777\n|switch|p1a: Incineroar|Incineroar, L50, F|100/100\n|-ability|p1a: Incineroar|Intimidate|boost\n|-unboost|p2a: Garchomp|atk|1\n|-unboost|p2b: Incineroar|atk|1\n|turn|4\n|\n|t:|1776385787\n|move|p1a: Incineroar|Fake Out|p2a: Garchomp\n|-damage|p2a: Garchomp|59/100\n|move|p1b: Aerodactyl|Rock Slide|p2a: Garchomp|[spread] p2a,p2b\n|-resisted|p2a: Garchomp|1\n|-supereffective|p2b: Incineroar|1\n|-damage|p2a: Garchomp|50/100\n|-damage|p2b: Incineroar|3/100\n|cant|p2a: Garchomp|flinch\n|cant|p2b: Incineroar|flinch\n|\n|upkeep\n|turn|5\n|c|\u2606ImYuukiShiro|Idk why i even bother with triple axel\n|c|\u2606ImYuukiShiro|lost me the game\n|\n|t:|1776385805\n|move|p1a: Incineroar|Protect|p1a: Incineroar\n|-singleturn|p1a: Incineroar|Protect\n|move|p1b: Aerodactyl|Rock Slide|p2a: Garchomp|[spread] p2a,p2b\n|-resisted|p2a: Garchomp|1\n|-crit|p2a: Garchomp\n|-supereffective|p2b: Incineroar|1\n|-damage|p2a: Garchomp|31/100\n|-damage|p2b: Incineroar|0 fnt\n|faint|p2b: Incineroar\n|move|p2a: Garchomp|Earthquake|p1b: Aerodactyl|[spread] \n|-activate|p1a: Incineroar|move: Protect\n|-immune|p1b: Aerodactyl\n|\n|-sideend|p1: ImYuukiShiro|move: Tailwind\n|upkeep\n|\n|t:|1776385815\n|switch|p2b: Gengar|Gengar, L50, M|100/100\n|turn|6\n|\n|t:|1776385822\n|detailschange|p2b: Gengar|Gengar-Mega, L50, M\n|-mega|p2b: Gengar|Gengar|Gengarite\n|move|p1b: Aerodactyl|Protect|p1b: Aerodactyl\n|-singleturn|p1b: Aerodactyl|Protect\n|move|p2a: Garchomp|Earthquake|p1a: Incineroar|[spread] p2b,p1a\n|-activate|p1b: Aerodactyl|move: Protect\n|-supereffective|p2b: Gengar|1\n|-supereffective|p1a: Incineroar|1\n|-damage|p2b: Gengar|39/100\n|-damage|p1a: Incineroar|55/100\n|move|p2b: Gengar|Perish Song|p2b: Gengar\n|-start|p1a: Incineroar|perish3|[silent]\n|-start|p1b: Aerodactyl|perish3|[silent]\n|-start|p2a: Garchomp|perish3|[silent]\n|-start|p2b: Gengar|perish3|[silent]\n|-fieldactivate|move: Perish Song\n|move|p1a: Incineroar|Darkest Lariat|p2b: Gengar\n|-supereffective|p2b: Gengar|1\n|-damage|p2b: Gengar|0 fnt\n|faint|p2b: Gengar\n|\n|-start|p2a: Garchomp|perish3\n|-start|p1b: Aerodactyl|perish3\n|-start|p1a: Incineroar|perish3\n|upkeep\n|turn|7\n|c|\u2606ImYuukiShiro|oh good lord man\n|inactive|ImYuukiShiro has 30 seconds left.\n|\n|t:|1776385852\n|move|p2a: Garchomp|Earthquake|p1a: Incineroar|[spread] p1a\n|-immune|p1b: Aerodactyl\n|-supereffective|p1a: Incineroar|1\n|-damage|p1a: Incineroar|12/100\n|-enditem|p1a: Incineroar|Sitrus Berry|[eat]\n|-heal|p1a: Incineroar|37/100|[from] item: Sitrus Berry\n|move|p1b: Aerodactyl|Dual Wingbeat|p2a: Garchomp\n|-damage|p2a: Garchomp|18/100\n|-damage|p2a: Garchomp|6/100\n|-hitcount|p2a: Garchomp|2\n|move|p1a: Incineroar|Darkest Lariat|p2a: Garchomp\n|-damage|p2a: Garchomp|0 fnt\n|faint|p2a: Garchomp\n|\n|win|ImYuukiShiro\n|raw|ImYuukiShiro's rating: 1195 &rarr; <strong>1218</strong><br />(+23 for winning)\n|raw|Kalaphant's rating: 1168 &rarr; <strong>1145</strong><br />(-23 for losing)\n",
  "uploadtime": 1776385852,
  "views": 18,
  "formatid": "gen9championsvgc2026regma",
  "rating": 1145,
  "private": 0,
  "password": null
}