{
  "id": "gen9championsvgc2026regma-2587961386",
  "format": "[Gen 9 Champions] VGC 2026 Reg M-A",
  "players": [
    "cheertestacc",
    "Killian.s.kay"
  ],
  "log": "|j|\u2606cheertestacc\n|j|\u2606Killian.s.kay\n|t:|1776585266\n|gametype|doubles\n|player|p1|cheertestacc|swimmer-gen4dp|1150\n|player|p2|Killian.s.kay|101|1076\n|gen|9\n|tier|[Gen 9 Champions] VGC 2026 Reg M-A\n|rated|\n|rule|Species Clause: Limit one of each Pok\u00e9mon\n|rule|Item Clause: Limit 1 of each item\n|clearpoke\n|poke|p1|Charizard, L50, M|\n|poke|p1|Whimsicott, L50, M|\n|poke|p1|Venusaur, L50, M|\n|poke|p1|Garchomp, L50, F|\n|poke|p1|Basculegion, L50, M|\n|poke|p1|Sneasler, L50, M|\n|poke|p2|Blastoise, L50, F|\n|poke|p2|Heliolisk, L50, M|\n|poke|p2|Sneasler, L50, M|\n|poke|p2|Incineroar, L50, M|\n|poke|p2|Aerodactyl, L50, M|\n|poke|p2|Manectric, L50, M|\n|teampreview|4\n|inactive|Battle timer is ON: inactive players will automatically lose when time's up. (requested by cheertestacc)\n|inactive|cheertestacc has 60 seconds left.\n|inactive|Killian.s.kay has 60 seconds left.\n|\n|t:|1776585310\n|teamsize|p1|4\n|teamsize|p2|4\n|start\n|switch|p1a: Sneasler|Sneasler, L50, M|100/100\n|switch|p1b: Whimsicott|Whimsicott, L50, M|100/100\n|switch|p2a: Aerodactyl|Aerodactyl, L50, M|100/100\n|switch|p2b: Sneasler|Sneasler, L50, M|100/100\n|-ability|p2a: Aerodactyl|Unnerve\n|turn|1\n|inactive|Killian.s.kay has 30 seconds left.\n|\n|t:|1776585341\n|move|p1a: Sneasler|Upper Hand|p2b: Sneasler\n|-resisted|p2b: Sneasler|1\n|-damage|p2b: Sneasler|68/100\n|cant|p2b: Sneasler|flinch\n|move|p2a: Aerodactyl|Dual Wingbeat|p1a: Sneasler\n|-supereffective|p1a: Sneasler|1\n|-damage|p1a: Sneasler|42/100\n|-supereffective|p1a: Sneasler|1\n|-damage|p1a: Sneasler|0 fnt\n|faint|p1a: Sneasler\n|-hitcount|p1: Sneasler|2\n|move|p1b: Whimsicott|Moonblast|p2a: Aerodactyl\n|-damage|p2a: Aerodactyl|48/100\n|\n|upkeep\n|\n|t:|1776585356\n|switch|p1a: Charizard|Charizard, L50, M|100/100\n|turn|2\n|\n|t:|1776585377\n|detailschange|p1a: Charizard|Charizard-Mega-Y, L50, M\n|-mega|p1a: Charizard|Charizard|Charizardite Y\n|-weather|SunnyDay|[from] ability: Drought|[of] p1a: Charizard\n|move|p1b: Whimsicott|Tailwind|p1b: Whimsicott\n|-sidestart|p1: cheertestacc|move: Tailwind\n|move|p1a: Charizard|Heat Wave|p2a: Aerodactyl|[spread] p2a\n|-miss|p1a: Charizard|p2b: Sneasler\n|-resisted|p2a: Aerodactyl|1\n|-damage|p2a: Aerodactyl|2/100\n|move|p2a: Aerodactyl|Tailwind|p2a: Aerodactyl\n|-sidestart|p2: Killian.s.kay|move: Tailwind\n|move|p2b: Sneasler|Rain Dance|p2b: Sneasler\n|-weather|RainDance\n|\n|-weather|RainDance|[upkeep]\n|upkeep\n|turn|3\n|inactive|cheertestacc has 30 seconds left.\n|inactive|Killian.s.kay has 30 seconds left.\n|\n|t:|1776585413\n|switch|p1a: Venusaur|Venusaur, L50, M|100/100\n|move|p2a: Aerodactyl|Wide Guard|p2a: Aerodactyl\n|-singleturn|p2a: Aerodactyl|Wide Guard\n|move|p1b: Whimsicott|Encore|p2b: Sneasler\n|-start|p2b: Sneasler|Encore\n|move|p2b: Sneasler|Rain Dance||[still]\n|-fail|p2b: Sneasler\n|\n|-weather|RainDance|[upkeep]\n|upkeep\n|turn|4\n|\n|t:|1776585430\n|switch|p2b: Incineroar|Incineroar, L50, M|100/100\n|-ability|p2b: Incineroar|Intimidate|boost\n|-unboost|p1a: Venusaur|atk|1\n|-unboost|p1b: Whimsicott|atk|1\n|move|p1b: Whimsicott|Encore|p2a: Aerodactyl\n|-start|p2a: Aerodactyl|Encore\n|move|p2a: Aerodactyl|Wide Guard|p2a: Aerodactyl\n|-singleturn|p2a: Aerodactyl|Wide Guard\n|move|p1a: Venusaur|Sleep Powder|p2b: Incineroar\n|-status|p2b: Incineroar|slp|[from] move: Sleep Powder\n|\n|-weather|RainDance|[upkeep]\n|upkeep\n|turn|5\n|inactive|cheertestacc has 30 seconds left.\n|inactive|Killian.s.kay has 30 seconds left.\n|-activate|p1a: Venusaur|item: Quick Claw\n|\n|t:|1776585460\n|switch|p2a: Sneasler|Sneasler, L50, M|68/100\n|move|p1a: Venusaur|Weather Ball|p2b: Incineroar\n|-supereffective|p2b: Incineroar|1\n|-damage|p2b: Incineroar|25/100 slp\n|move|p1b: Whimsicott|Moonblast|p2b: Incineroar\n|-damage|p2b: Incineroar|0 fnt\n|faint|p2b: Incineroar\n|\n|-weather|RainDance|[upkeep]\n|-sideend|p2: Killian.s.kay|move: Tailwind\n|-sideend|p1: cheertestacc|move: Tailwind\n|upkeep\n|\n|t:|1776585480\n|switch|p2b: Aerodactyl|Aerodactyl, L50, M|2/100\n|-ability|p2b: Aerodactyl|Unnerve\n|turn|6\n|-activate|p1a: Venusaur|item: Quick Claw\n|\n|t:|1776585500\n|switch|p1b: Charizard|Charizard-Mega-Y, L50, M|100/100\n|-weather|SunnyDay|[from] ability: Drought|[of] p1b: Charizard\n|move|p2a: Sneasler|Fake Out|p1b: Charizard\n|-damage|p1b: Charizard|79/100\n|move|p1a: Venusaur|Sleep Powder|p2a: Sneasler\n|-status|p2a: Sneasler|slp|[from] move: Sleep Powder\n|move|p2b: Aerodactyl|Dual Wingbeat|p1a: Venusaur\n|-supereffective|p1a: Venusaur|1\n|-damage|p1a: Venusaur|62/100\n|-supereffective|p1a: Venusaur|1\n|-damage|p1a: Venusaur|22/100\n|-hitcount|p1a: Venusaur|2\n|\n|-weather|SunnyDay|[upkeep]\n|upkeep\n|turn|7\n|-message|Killian.s.kay forfeited.\n|\n|win|cheertestacc\n|raw|cheertestacc's rating: 1150 &rarr; <strong>1170</strong><br />(+20 for winning)\n|raw|Killian.s.kay's rating: 1076 &rarr; <strong>1059</strong><br />(-17 for losing)\n|l|\u2606Killian.s.kay\n|player|p2|\n",
  "uploadtime": 1776585522,
  "views": 8,
  "formatid": "gen9championsvgc2026regma",
  "rating": 1059,
  "private": 0,
  "password": null
}