{
  "id": "gen9championsvgc2026regma-2585551580",
  "format": "[Gen 9 Champions] VGC 2026 Reg M-A",
  "players": [
    "HelloThere72",
    "giansw"
  ],
  "log": "|j|\u2606HelloThere72\n|j|\u2606giansw\n|t:|1776354993\n|gametype|doubles\n|player|p1|HelloThere72|rood|1116\n|player|p2|giansw|1|1060\n|gen|9\n|tier|[Gen 9 Champions] VGC 2026 Reg M-A\n|rated|\n|rule|Species Clause: Limit one of each Pok\u00e9mon\n|rule|Item Clause: Limit 1 of each item\n|clearpoke\n|poke|p1|Floette-Eternal, L50, F|\n|poke|p1|Feraligatr, L50, F|\n|poke|p1|Incineroar, L50, M|\n|poke|p1|Aerodactyl, L50, M|\n|poke|p1|Aegislash, L50, M|\n|poke|p1|Tyranitar, L50, F|\n|poke|p2|Kangaskhan, L50, F|\n|poke|p2|Glimmora, L50, M|\n|poke|p2|Basculegion, L50, M|\n|poke|p2|Incineroar, L50, F|\n|poke|p2|Sneasler, L50, F|\n|poke|p2|Whimsicott, L50, F|\n|teampreview|4\n|inactive|Battle timer is ON: inactive players will automatically lose when time's up. (requested by HelloThere72)\n|inactive|HelloThere72 has 60 seconds left.\n|\n|t:|1776355034\n|teamsize|p1|4\n|teamsize|p2|4\n|start\n|switch|p1a: Aegislash|Aegislash, L50, M|100/100\n|switch|p1b: Feraligatr|Feraligatr, L50, F|100/100\n|switch|p2a: Whimsicott|Whimsicott, L50, F|100/100\n|switch|p2b: Sneasler|Sneasler, L50, F, shiny|100/100\n|turn|1\n|\n|t:|1776355044\n|move|p1b: Feraligatr|Protect|p1b: Feraligatr\n|-singleturn|p1b: Feraligatr|Protect\n|move|p2a: Whimsicott|Tailwind|p2a: Whimsicott\n|-sidestart|p2: giansw|move: Tailwind\n|move|p2b: Sneasler|Dire Claw|p1b: Feraligatr\n|-activate|p1b: Feraligatr|move: Protect\n|-formechange|p1a: Aegislash|Aegislash-Blade|\n|move|p1a: Aegislash|Flash Cannon|p2a: Whimsicott\n|-supereffective|p2a: Whimsicott|1\n|-enditem|p2a: Whimsicott|Focus Sash\n|-damage|p2a: Whimsicott|1/100\n|\n|upkeep\n|turn|2\n|inactive|HelloThere72 has 30 seconds left.\n|\n|t:|1776355073\n|switch|p1b: Aerodactyl|Aerodactyl, L50, M|100/100\n|-ability|p1b: Aerodactyl|Unnerve\n|move|p2b: Sneasler|Protect|p2b: Sneasler\n|-singleturn|p2b: Sneasler|Protect\n|move|p2a: Whimsicott|Endeavor|p1b: Aerodactyl\n|-damage|p1b: Aerodactyl|1/100\n|move|p1a: Aegislash|Shadow Ball|p2b: Sneasler\n|-activate|p2b: Sneasler|move: Protect\n|\n|upkeep\n|turn|3\n|\n|t:|1776355095\n|move|p1b: Aerodactyl|Protect|p1b: Aerodactyl\n|-singleturn|p1b: Aerodactyl|Protect\n|move|p2b: Sneasler|Substitute|p2b: Sneasler\n|-start|p2b: Sneasler|Substitute\n|-damage|p2b: Sneasler|76/100\n|move|p2a: Whimsicott|Moonblast|p1b: Aerodactyl\n|-activate|p1b: Aerodactyl|move: Protect\n|move|p1a: Aegislash|Shadow Ball|p2b: Sneasler\n|-end|p2b: Sneasler|Substitute\n|\n|upkeep\n|turn|4\n|inactive|HelloThere72 has 30 seconds left.\n|\n|t:|1776355122\n|switch|p1b: Floette|Floette-Eternal, L50, F|100/100\n|move|p2b: Sneasler|Protect|p2b: Sneasler\n|-singleturn|p2b: Sneasler|Protect\n|move|p2a: Whimsicott|Moonblast|p1b: Floette\n|-damage|p1b: Floette|75/100\n|move|p1a: Aegislash|Shadow Ball|p2b: Sneasler\n|-activate|p2b: Sneasler|move: Protect\n|\n|-sideend|p2: giansw|move: Tailwind\n|upkeep\n|turn|5\n|\n|t:|1776355145\n|switch|p1b: Aerodactyl|Aerodactyl, L50, M|1/100\n|-ability|p1b: Aerodactyl|Unnerve\n|move|p2a: Whimsicott|Tailwind|p2a: Whimsicott\n|-sidestart|p2: giansw|move: Tailwind\n|move|p2b: Sneasler|Dire Claw|p1b: Aerodactyl\n|-resisted|p1b: Aerodactyl|1\n|-damage|p1b: Aerodactyl|0 fnt\n|faint|p1b: Aerodactyl\n|move|p1a: Aegislash|Shadow Ball|p2b: Sneasler\n|-damage|p2b: Sneasler|1/100\n|-unboost|p2b: Sneasler|spd|1\n|-enditem|p2b: Sneasler|Sitrus Berry|[eat]\n|-heal|p2b: Sneasler|26/100|[from] item: Sitrus Berry\n|\n|upkeep\n|\n|t:|1776355159\n|switch|p1b: Feraligatr|Feraligatr, L50, F|100/100\n|turn|6\n|\n|t:|1776355177\n|move|p2b: Sneasler|Protect|p2b: Sneasler\n|-singleturn|p2b: Sneasler|Protect\n|move|p1a: Aegislash|Shadow Sneak|p2a: Whimsicott\n|-damage|p2a: Whimsicott|0 fnt\n|faint|p2a: Whimsicott\n|move|p1b: Feraligatr|Dragon Dance|p1b: Feraligatr\n|-boost|p1b: Feraligatr|atk|1\n|-boost|p1b: Feraligatr|spe|1\n|\n|upkeep\n|\n|t:|1776355185\n|switch|p2a: Kangaskhan|Kangaskhan, L50, F|100/100\n|turn|7\n|\n|t:|1776355210\n|detailschange|p2a: Kangaskhan|Kangaskhan-Mega, L50, F\n|-mega|p2a: Kangaskhan|Kangaskhan|Kangaskhanite\n|move|p1b: Feraligatr|Protect|p1b: Feraligatr\n|-singleturn|p1b: Feraligatr|Protect\n|move|p2a: Kangaskhan|Fake Out|p1b: Feraligatr\n|-activate|p1b: Feraligatr|move: Protect\n|move|p2b: Sneasler|Dire Claw|p1b: Feraligatr\n|-activate|p1b: Feraligatr|move: Protect\n|move|p1a: Aegislash|Shadow Ball|p2b: Sneasler\n|-damage|p2b: Sneasler|0 fnt\n|faint|p2b: Sneasler\n|\n|upkeep\n|\n|t:|1776355224\n|switch|p2b: Incineroar|Incineroar, L50, F, shiny|100/100\n|turn|8\n|\n|t:|1776355250\n|detailschange|p1b: Feraligatr|Feraligatr-Mega, L50, F\n|-mega|p1b: Feraligatr|Feraligatr|Feraligite\n|-formechange|p1a: Aegislash|Aegislash|\n|move|p1a: Aegislash|King's Shield|p1a: Aegislash\n|-singleturn|p1a: Aegislash|Protect\n|move|p2b: Incineroar|Fake Out|p1b: Feraligatr\n|-damage|p1b: Feraligatr|88/100\n|move|p2a: Kangaskhan|Sucker Punch||[still]\n|-fail|p2a: Kangaskhan\n|cant|p1b: Feraligatr|flinch\n|\n|-sideend|p2: giansw|move: Tailwind\n|upkeep\n|turn|9\n|\n|t:|1776355272\n|move|p2a: Kangaskhan|Sucker Punch|p1a: Aegislash\n|-supereffective|p1a: Aegislash|1\n|-damage|p1a: Aegislash|54/100\n|-supereffective|p1a: Aegislash|1\n|-damage|p1a: Aegislash|43/100\n|-hitcount|p1a: Aegislash|2\n|move|p1b: Feraligatr|Liquidation|p2b: Incineroar\n|-supereffective|p2b: Incineroar|1\n|-damage|p2b: Incineroar|0 fnt\n|faint|p2b: Incineroar\n|-formechange|p1a: Aegislash|Aegislash-Blade|\n|move|p1a: Aegislash|Flash Cannon|p2a: Kangaskhan\n|-damage|p2a: Kangaskhan|50/100\n|\n|upkeep\n|turn|10\n|\n|t:|1776355287\n|-formechange|p1a: Aegislash|Aegislash|\n|move|p1a: Aegislash|King's Shield|p1a: Aegislash\n|-singleturn|p1a: Aegislash|Protect\n|move|p1b: Feraligatr|Double-Edge|p2a: Kangaskhan\n|-damage|p2a: Kangaskhan|0 fnt\n|faint|p2a: Kangaskhan\n|-damage|p1b: Feraligatr|72/100|[from] Recoil\n|\n|win|HelloThere72\n|raw|HelloThere72's rating: 1116 &rarr; <strong>1137</strong><br />(+21 for winning)\n|raw|giansw's rating: 1060 &rarr; <strong>1044</strong><br />(-16 for losing)\n|l|\u2606giansw\n|player|p2|\n",
  "uploadtime": 1776355298,
  "views": 27,
  "formatid": "gen9championsvgc2026regma",
  "rating": 1044,
  "private": 0,
  "password": null
}