{
  "id": "gen9championsvgc2026regma-2583790439",
  "format": "[Gen 9 Champions] VGC 2026 Reg M-A",
  "players": [
    "Jortiz23",
    "CoolTrainerBu"
  ],
  "log": "|j|\u203dJortiz23\n|j|\u2606CoolTrainerBu\n|t:|1776197909\n|gametype|doubles\n|player|p1|Jortiz23|2|1325\n|player|p2|CoolTrainerBu|2|1274\n|gen|9\n|tier|[Gen 9 Champions] VGC 2026 Reg M-A\n|rated|\n|rule|Species Clause: Limit one of each Pok\u00e9mon\n|rule|Item Clause: Limit 1 of each item\n|clearpoke\n|poke|p1|Incineroar, L50, M|\n|poke|p1|Sneasler, L50, F|\n|poke|p1|Kingambit, L50, M|\n|poke|p1|Sinistcha, L50|\n|poke|p1|Gengar, L50, M|\n|poke|p1|Rotom-Wash, L50|\n|poke|p2|Charizard, L50, M|\n|poke|p2|Whimsicott, L50, M|\n|poke|p2|Garchomp, L50, M|\n|poke|p2|Sneasler, L50, M|\n|poke|p2|Maushold, L50|\n|poke|p2|Incineroar, L50, F|\n|teampreview|4\n|inactive|Battle timer is ON: inactive players will automatically lose when time's up. (requested by CoolTrainerBu)\n|inactive|CoolTrainerBu has 60 seconds left.\n|\n|t:|1776197962\n|teamsize|p1|4\n|teamsize|p2|4\n|start\n|switch|p1a: Incineroar|Incineroar, L50, M|100/100\n|switch|p1b: Gengar|Gengar, L50, M, shiny|100/100\n|switch|p2a: Sneasler|Sneasler, L50, M|100/100\n|switch|p2b: Charizard|Charizard, L50, M|100/100\n|-ability|p1a: Incineroar|Intimidate|boost\n|-unboost|p2a: Sneasler|atk|1\n|-unboost|p2b: Charizard|atk|1\n|-enditem|p2a: Sneasler|White Herb\n|-clearnegativeboost|p2a: Sneasler|[silent]\n|turn|1\n|inactive|CoolTrainerBu has 30 seconds left.\n|inactive|CoolTrainerBu has 20 seconds left.\n|\n|t:|1776198000\n|switch|p2a: Incineroar|Incineroar, L50, F|100/100\n|-ability|p2a: Incineroar|Intimidate|boost\n|-unboost|p1a: Incineroar|atk|1\n|-unboost|p1b: Gengar|atk|1\n|detailschange|p1b: Gengar|Gengar-Mega, L50, M, shiny\n|-mega|p1b: Gengar|Gengar|Gengarite\n|detailschange|p2b: Charizard|Charizard-Mega-Y, L50, M\n|-mega|p2b: Charizard|Charizard|Charizardite Y\n|-weather|SunnyDay|[from] ability: Drought|[of] p2b: Charizard\n|move|p1a: Incineroar|Fake Out|p2b: Charizard\n|-damage|p2b: Charizard|92/100\n|move|p1b: Gengar|Perish Song|p1b: Gengar\n|-start|p1a: Incineroar|perish3|[silent]\n|-start|p1b: Gengar|perish3|[silent]\n|-start|p2a: Incineroar|perish3|[silent]\n|-start|p2b: Charizard|perish3|[silent]\n|-fieldactivate|move: Perish Song\n|cant|p2b: Charizard|flinch\n|\n|-weather|SunnyDay|[upkeep]\n|-start|p1b: Gengar|perish3\n|-start|p2b: Charizard|perish3\n|-start|p2a: Incineroar|perish3\n|-start|p1a: Incineroar|perish3\n|upkeep\n|turn|2\n|inactive|CoolTrainerBu has 30 seconds left.\n|\n|t:|1776198034\n|move|p1b: Gengar|Protect|p1b: Gengar\n|-singleturn|p1b: Gengar|Protect\n|move|p2b: Charizard|Protect|p2b: Charizard\n|-singleturn|p2b: Charizard|Protect\n|move|p1a: Incineroar|Protect|p1a: Incineroar\n|-singleturn|p1a: Incineroar|Protect\n|move|p2a: Incineroar|Parting Shot|p1a: Incineroar\n|-activate|p1a: Incineroar|move: Protect\n|\n|-weather|SunnyDay|[upkeep]\n|-start|p1b: Gengar|perish2\n|-start|p2b: Charizard|perish2\n|-start|p2a: Incineroar|perish2\n|-start|p1a: Incineroar|perish2\n|upkeep\n|turn|3\n|\n|t:|1776198058\n|switch|p1b: Sinistcha|Sinistcha, L50|100/100\n|move|p2b: Charizard|Weather Ball|p1b: Sinistcha\n|-supereffective|p1b: Sinistcha|1\n|-damage|p1b: Sinistcha|0 fnt\n|faint|p1b: Sinistcha\n|move|p2a: Incineroar|Flare Blitz|p1a: Incineroar\n|-resisted|p1a: Incineroar|1\n|-crit|p1a: Incineroar\n|-damage|p1a: Incineroar|39/100\n|-damage|p2a: Incineroar|80/100|[from] Recoil\n|move|p1a: Incineroar|Parting Shot|p2a: Incineroar\n|-unboost|p2a: Incineroar|atk|1\n|-unboost|p2a: Incineroar|spa|1\n|\n|t:|1776198064\n|switch|p1a: Gengar|Gengar-Mega, L50, M, shiny|100/100|[from] Parting Shot\n|\n|-weather|SunnyDay|[upkeep]\n|-start|p2b: Charizard|perish1\n|-start|p2a: Incineroar|perish1\n|upkeep\n|\n|t:|1776198077\n|switch|p1b: Incineroar|Incineroar, L50, M|39/100\n|-ability|p1b: Incineroar|Intimidate|boost\n|-unboost|p2a: Incineroar|atk|1\n|-unboost|p2b: Charizard|atk|1\n|turn|4\n|\n|t:|1776198086\n|move|p1a: Gengar|Protect|p1a: Gengar\n|-singleturn|p1a: Gengar|Protect\n|move|p1b: Incineroar|Protect|p1b: Incineroar\n|-singleturn|p1b: Incineroar|Protect\n|move|p2b: Charizard|Weather Ball|p1a: Gengar\n|-activate|p1a: Gengar|move: Protect\n|move|p2a: Incineroar|Parting Shot|p1b: Incineroar\n|-activate|p1b: Incineroar|move: Protect\n|\n|-weather|SunnyDay|[upkeep]\n|-start|p2b: Charizard|perish0\n|-start|p2a: Incineroar|perish0\n|faint|p2b: Charizard\n|faint|p2a: Incineroar\n|upkeep\n|\n|t:|1776198099\n|switch|p2b: Maushold|Maushold, L50|100/100\n|switch|p2a: Sneasler|Sneasler, L50, M|100/100\n|turn|5\n|\n|t:|1776198115\n|move|p1a: Gengar|Perish Song|p1a: Gengar\n|-start|p1a: Gengar|perish3|[silent]\n|-start|p1b: Incineroar|perish3|[silent]\n|-start|p2a: Sneasler|perish3|[silent]\n|-start|p2b: Maushold|perish3|[silent]\n|-fieldactivate|move: Perish Song\n|move|p2b: Maushold|Taunt|p1a: Gengar\n|-start|p1a: Gengar|move: Taunt\n|move|p2a: Sneasler|Close Combat|p1b: Incineroar\n|-supereffective|p1b: Incineroar|1\n|-damage|p1b: Incineroar|0 fnt\n|-unboost|p2a: Sneasler|def|1\n|-unboost|p2a: Sneasler|spd|1\n|faint|p1b: Incineroar\n|\n|-weather|none\n|-start|p1a: Gengar|perish3\n|-start|p2b: Maushold|perish3\n|-start|p2a: Sneasler|perish3\n|upkeep\n|\n|t:|1776198123\n|switch|p1b: Sneasler|Sneasler, L50, F|100/100\n|turn|6\n|inactive|Jortiz23 has 30 seconds left.\n|inactive|CoolTrainerBu has 30 seconds left.\n|\n|t:|1776198149\n|move|p1b: Sneasler|Fake Out|p2b: Maushold\n|-damage|p2b: Maushold|85/100\n|cant|p2b: Maushold|flinch\n|move|p1a: Gengar|Shadow Ball|p2a: Sneasler\n|-damage|p2a: Sneasler|30/100\n|-unboost|p2a: Sneasler|spd|1\n|move|p2a: Sneasler|Rock Tomb|p1a: Gengar\n|-damage|p1a: Gengar|71/100\n|-unboost|p1a: Gengar|spe|1\n|\n|-start|p2b: Maushold|perish2\n|-start|p2a: Sneasler|perish2\n|-start|p1a: Gengar|perish2\n|upkeep\n|turn|7\n|inactive|Jortiz23 has 30 seconds left.\n|\n|t:|1776198180\n|move|p2b: Maushold|Follow Me|p2b: Maushold\n|-singleturn|p2b: Maushold|move: Follow Me\n|move|p1b: Sneasler|Close Combat|p2b: Maushold\n|-supereffective|p2b: Maushold|1\n|-enditem|p2b: Maushold|Chople Berry|[eat]\n|-enditem|p2b: Maushold|Chople Berry|[weaken]\n|-damage|p2b: Maushold|21/100\n|-unboost|p1b: Sneasler|def|1\n|-unboost|p1b: Sneasler|spd|1\n|-enditem|p1b: Sneasler|White Herb\n|-clearnegativeboost|p1b: Sneasler|[silent]\n|move|p2a: Sneasler|Close Combat|p1b: Sneasler\n|-resisted|p1b: Sneasler|1\n|-damage|p1b: Sneasler|48/100\n|-unboost|p2a: Sneasler|def|1\n|-unboost|p2a: Sneasler|spd|1\n|move|p1a: Gengar|Shadow Ball|p2b: Maushold\n|-immune|p2b: Maushold\n|\n|-start|p2b: Maushold|perish1\n|-start|p2a: Sneasler|perish1\n|-start|p1a: Gengar|perish1\n|upkeep\n|turn|8\n|inactive|CoolTrainerBu has 30 seconds left.\n|\n|t:|1776198206\n|move|p1b: Sneasler|Protect|p1b: Sneasler\n|-singleturn|p1b: Sneasler|Protect\n|move|p2b: Maushold|Follow Me|p2b: Maushold\n|-singleturn|p2b: Maushold|move: Follow Me\n|move|p2a: Sneasler|Close Combat|p1b: Sneasler\n|-activate|p1b: Sneasler|move: Protect\n|move|p1a: Gengar|Shadow Ball|p2b: Maushold\n|-immune|p2b: Maushold\n|\n|-end|p1a: Gengar|move: Taunt\n|-start|p2b: Maushold|perish0\n|-start|p2a: Sneasler|perish0\n|-start|p1a: Gengar|perish0\n|faint|p2b: Maushold\n|faint|p2a: Sneasler\n|faint|p1a: Gengar\n|\n|win|Jortiz23\n|raw|Jortiz23's rating: 1325 &rarr; <strong>1342</strong><br />(+17 for winning)\n|raw|CoolTrainerBu's rating: 1274 &rarr; <strong>1253</strong><br />(-21 for losing)\n|l|\u203dJortiz23\n|player|p1|\n",
  "uploadtime": 1776198220,
  "views": 24,
  "formatid": "gen9championsvgc2026regma",
  "rating": 1253,
  "private": 0,
  "password": null
}