{
  "id": "gen9championsvgc2026regma-2583027864",
  "format": "[Gen 9 Champions] VGC 2026 Reg M-A",
  "players": [
    "skibidisigma6741",
    "bigsjt"
  ],
  "log": "|j|\u2606skibidisigma6741\n|j|\u2606bigsjt\n|t:|1776134663\n|gametype|doubles\n|player|p1|skibidisigma6741|101|1102\n|player|p2|bigsjt|2|1178\n|gen|9\n|tier|[Gen 9 Champions] VGC 2026 Reg M-A\n|rated|\n|rule|Species Clause: Limit one of each Pok\u00e9mon\n|rule|Item Clause: Limit 1 of each item\n|clearpoke\n|poke|p1|Golurk, L50|\n|poke|p1|Farigiraf, L50, M|\n|poke|p1|Sneasler, L50, F|\n|poke|p1|Venusaur, L50, M|\n|poke|p1|Torkoal, L50, F|\n|poke|p1|Incineroar, L50, M|\n|poke|p2|Charizard, L50, M|\n|poke|p2|Whimsicott, L50, F|\n|poke|p2|Rotom-Wash, L50|\n|poke|p2|Garchomp, L50, F|\n|poke|p2|Sneasler, L50, M|\n|poke|p2|Kingambit, L50, F|\n|teampreview|4\n|\n|t:|1776134684\n|teamsize|p1|4\n|teamsize|p2|4\n|start\n|switch|p1a: Golurk|Golurk, L50, shiny|100/100\n|switch|p1b: Farigiraf|Farigiraf, L50, M|100/100\n|switch|p2a: Charizard|Charizard, L50, M|100/100\n|switch|p2b: Whimsicott|Whimsicott, L50, F|100/100\n|turn|1\n|\n|t:|1776134696\n|detailschange|p2a: Charizard|Charizard-Mega-Y, L50, M\n|-mega|p2a: Charizard|Charizard|Charizardite Y\n|-weather|SunnyDay|[from] ability: Drought|[of] p2a: Charizard\n|detailschange|p1a: Golurk|Golurk-Mega, L50, shiny\n|-mega|p1a: Golurk|Golurk|Golurkite\n|move|p1a: Golurk|Protect|p1a: Golurk\n|-singleturn|p1a: Golurk|Protect\n|move|p2a: Charizard|Solar Beam||[still]\n|-prepare|p2a: Charizard|Solar Beam\n|-anim|p2a: Charizard|Solar Beam|p1a: Golurk\n|-activate|p1a: Golurk|move: Protect\n|move|p2b: Whimsicott|Dazzling Gleam|p1b: Farigiraf|[spread] p1b\n|-activate|p1a: Golurk|move: Protect\n|-damage|p1b: Farigiraf|83/100\n|move|p1b: Farigiraf|Trick Room|p1b: Farigiraf\n|-fieldstart|move: Trick Room|[of] p1b: Farigiraf\n|\n|-weather|SunnyDay|[upkeep]\n|upkeep\n|turn|2\n|\n|t:|1776134722\n|move|p2b: Whimsicott|Protect|p2b: Whimsicott\n|-singleturn|p2b: Whimsicott|Protect\n|move|p2a: Charizard|Protect|p2a: Charizard\n|-singleturn|p2a: Charizard|Protect\n|move|p1a: Golurk|Poltergeist|p2a: Charizard\n|-activate|p2a: Charizard|move: Protect\n|move|p1b: Farigiraf|Hyper Voice|p2b: Whimsicott|[spread] \n|-activate|p2a: Charizard|move: Protect\n|-activate|p2b: Whimsicott|move: Protect\n|\n|-weather|SunnyDay|[upkeep]\n|upkeep\n|turn|3\n|\n|t:|1776134737\n|switch|p2b: Rotom|Rotom-Wash, L50|100/100\n|switch|p2a: Kingambit|Kingambit, L50, F|100/100\n|move|p1a: Golurk|Poltergeist||[still]\n|-fail|p1a: Golurk\n|move|p1b: Farigiraf|Hyper Voice|p2a: Kingambit|[spread] p2a,p2b\n|-resisted|p2a: Kingambit|1\n|-damage|p2a: Kingambit|88/100\n|-damage|p2b: Rotom|65/100\n|\n|-weather|SunnyDay|[upkeep]\n|upkeep\n|turn|4\n|c|\u2606skibidisigma6741|yo no item rotom?\n|c|\u2606skibidisigma6741|gigachad\n|c|\u2606skibidisigma6741|ur him for this shit what the fuck\n|\n|t:|1776134766\n|move|p2b: Rotom|Protect|p2b: Rotom\n|-singleturn|p2b: Rotom|Protect\n|move|p2a: Kingambit|Kowtow Cleave|p1b: Farigiraf\n|-supereffective|p1b: Farigiraf|1\n|-damage|p1b: Farigiraf|0 fnt\n|faint|p1b: Farigiraf\n|move|p1a: Golurk|Headlong Rush|p2a: Kingambit\n|-supereffective|p2a: Kingambit|1\n|-damage|p2a: Kingambit|0 fnt\n|-unboost|p1a: Golurk|def|1\n|-unboost|p1a: Golurk|spd|1\n|faint|p2a: Kingambit\n|-end|p2a: Kingambit|fallenundefined|[silent]\n|\n|-weather|SunnyDay|[upkeep]\n|upkeep\n|\n|t:|1776134783\n|switch|p2a: Whimsicott|Whimsicott, L50, F|100/100\n|switch|p1b: Sneasler|Sneasler, L50, F|100/100\n|turn|5\n|\n|t:|1776134813\n|move|p1b: Sneasler|Fake Out|p2b: Rotom\n|-damage|p2b: Rotom|45/100\n|move|p2a: Whimsicott|Tailwind|p2a: Whimsicott\n|-sidestart|p2: bigsjt|move: Tailwind\n|move|p1a: Golurk|Ice Punch|p2b: Rotom\n|-resisted|p2b: Rotom|1\n|-damage|p2b: Rotom|23/100\n|cant|p2b: Rotom|flinch\n|\n|-weather|none\n|-fieldend|move: Trick Room\n|upkeep\n|turn|6\n|\n|t:|1776134837\n|move|p1a: Golurk|Protect|p1a: Golurk\n|-singleturn|p1a: Golurk|Protect\n|move|p2b: Rotom|Hydro Pump|p1a: Golurk\n|-activate|p1a: Golurk|move: Protect\n|move|p2a: Whimsicott|Dazzling Gleam|p1b: Sneasler|[spread] p1b\n|-activate|p1a: Golurk|move: Protect\n|-damage|p1b: Sneasler|79/100\n|move|p1b: Sneasler|Dire Claw|p2b: Rotom\n|-damage|p2b: Rotom|0 fnt\n|faint|p2b: Rotom\n|\n|upkeep\n|\n|t:|1776134841\n|switch|p2b: Charizard|Charizard-Mega-Y, L50, M|100/100\n|-weather|SunnyDay|[from] ability: Drought|[of] p2b: Charizard\n|turn|7\n|\n|t:|1776134855\n|switch|p1a: Incineroar|Incineroar, L50, M|100/100\n|-ability|p1a: Incineroar|Intimidate|boost\n|-unboost|p2a: Whimsicott|atk|1\n|-unboost|p2b: Charizard|atk|1\n|move|p2a: Whimsicott|Encore|p1a: Incineroar\n|-hint|Since gen 7, Dark is immune to Prankster moves.\n|-immune|p1a: Incineroar\n|move|p2b: Charizard|Heat Wave|p1b: Sneasler|[spread] p1a,p1b\n|-resisted|p1a: Incineroar|1\n|-damage|p1a: Incineroar|73/100\n|-damage|p1b: Sneasler|0 fnt\n|faint|p1b: Sneasler\n|\n|-weather|SunnyDay|[upkeep]\n|upkeep\n|\n|t:|1776134864\n|switch|p1b: Golurk|Golurk-Mega, L50, shiny|100/100\n|turn|8\n|\n|t:|1776134892\n|move|p1b: Golurk|Protect|p1b: Golurk\n|-singleturn|p1b: Golurk|Protect\n|move|p2b: Charizard|Solar Beam||[still]\n|-prepare|p2b: Charizard|Solar Beam\n|-anim|p2b: Charizard|Solar Beam|p1b: Golurk\n|-activate|p1b: Golurk|move: Protect\n|move|p2a: Whimsicott|Dazzling Gleam|p1b: Golurk|[spread] p1a\n|-activate|p1b: Golurk|move: Protect\n|-damage|p1a: Incineroar|59/100\n|move|p1a: Incineroar|Flare Blitz|p2a: Whimsicott\n|-supereffective|p2a: Whimsicott|1\n|-enditem|p2a: Whimsicott|Focus Sash\n|-damage|p2a: Whimsicott|1/100\n|-damage|p1a: Incineroar|32/100|[from] Recoil\n|\n|-weather|SunnyDay|[upkeep]\n|-sideend|p2: bigsjt|move: Tailwind\n|upkeep\n|turn|9\n|\n|t:|1776134911\n|move|p2a: Whimsicott|Encore|p1b: Golurk\n|-start|p1b: Golurk|Encore\n|move|p1b: Golurk|Protect|p1b: Golurk\n|-singleturn|p1b: Golurk|Protect\n|move|p2b: Charizard|Scorching Sands|p1a: Incineroar\n|-supereffective|p1a: Incineroar|1\n|-enditem|p1a: Incineroar|Shuca Berry|[eat]\n|-enditem|p1a: Incineroar|Shuca Berry|[weaken]\n|-damage|p1a: Incineroar|9/100\n|move|p1a: Incineroar|Darkest Lariat|p2a: Whimsicott\n|-resisted|p2a: Whimsicott|1\n|-damage|p2a: Whimsicott|0 fnt\n|faint|p2a: Whimsicott\n|\n|-weather|SunnyDay|[upkeep]\n|upkeep\n|turn|10\n|\n|t:|1776134924\n|move|p1b: Golurk|Protect||[still]\n|-fail|p1b: Golurk\n|move|p2b: Charizard|Scorching Sands|p1a: Incineroar\n|-supereffective|p1a: Incineroar|1\n|-damage|p1a: Incineroar|0 fnt\n|faint|p1a: Incineroar\n|\n|-weather|SunnyDay|[upkeep]\n|upkeep\n|turn|11\n|\n|t:|1776134929\n|move|p1b: Golurk|Protect|p1b: Golurk\n|-singleturn|p1b: Golurk|Protect\n|move|p2b: Charizard|Solar Beam||[still]\n|-prepare|p2b: Charizard|Solar Beam\n|-anim|p2b: Charizard|Solar Beam|p1b: Golurk\n|-activate|p1b: Golurk|move: Protect\n|\n|-weather|none\n|-end|p1b: Golurk|Encore\n|upkeep\n|turn|12\n|c|\u2606skibidisigma6741|if i miss this i lose\n|\n|t:|1776134958\n|move|p2b: Charizard|Heat Wave|p1b: Golurk\n|-damage|p1b: Golurk|47/100\n|move|p1b: Golurk|Poltergeist|p2b: Charizard\n|-activate|p2b: Charizard|move: Poltergeist|Charizardite Y\n|-damage|p2b: Charizard|0 fnt\n|faint|p2b: Charizard\n|\n|win|skibidisigma6741\n|raw|skibidisigma6741's rating: 1102 &rarr; <strong>1132</strong><br />(+30 for winning)\n|raw|bigsjt's rating: 1178 &rarr; <strong>1148</strong><br />(-30 for losing)\n|l|\u2606bigsjt\n|player|p2|\n|c|\u2606skibidisigma6741|gg\n",
  "uploadtime": 1776134758,
  "views": 20,
  "formatid": "gen9championsvgc2026regma",
  "rating": 1132,
  "private": 0,
  "password": null
}