{
  "id": "gen9championsvgc2026regma-2587797579",
  "format": "[Gen 9 Champions] VGC 2026 Reg M-A",
  "players": [
    "Heartway",
    "sheepygraphics"
  ],
  "log": "|j|\u2606Heartway\n|j|\u2606sheepygraphics\n|t:|1776565011\n|gametype|doubles\n|player|p1|Heartway|169|1044\n|player|p2|sheepygraphics|bianca|1062\n|gen|9\n|tier|[Gen 9 Champions] VGC 2026 Reg M-A\n|rated|\n|rule|Species Clause: Limit one of each Pok\u00e9mon\n|rule|Item Clause: Limit 1 of each item\n|clearpoke\n|poke|p1|Ariados, L50, F|\n|poke|p1|Gengar, L50, M|\n|poke|p1|Sneasler, L50, M|\n|poke|p1|Glimmora, L50, M|\n|poke|p1|Toxapex, L50, F|\n|poke|p1|Slowbro-Galar, L50, M|\n|poke|p2|Meganium, L50, F|\n|poke|p2|Talonflame, L50, M|\n|poke|p2|Rampardos, L50, M|\n|poke|p2|Dragonite, L50, M|\n|poke|p2|Gengar, L50, M|\n|poke|p2|Mr. Rime, L50, M|\n|teampreview|4\n|\n|t:|1776565034\n|teamsize|p1|4\n|teamsize|p2|4\n|start\n|switch|p1a: Ariados|Ariados, L50, F|100/100\n|switch|p1b: Sneasler|Sneasler, L50, M|100/100\n|switch|p2a: Megumi|Meganium, L50, F|100/100\n|switch|p2b: Taka|Talonflame, L50, M|100/100\n|turn|1\n|\n|t:|1776565066\n|detailschange|p2a: Megumi|Meganium-Mega, L50, F\n|-mega|p2a: Megumi|Meganium|Meganiumite\n|move|p2a: Megumi|Protect|p2a: Megumi\n|-singleturn|p2a: Megumi|Protect\n|move|p1b: Sneasler|Fake Out|p2b: Taka\n|-damage|p2b: Taka|79/100\n|cant|p2b: Taka|flinch\n|move|p1a: Ariados|Toxic Thread|p2b: Taka\n|-unboost|p2b: Taka|spe|2\n|-status|p2b: Taka|psn\n|\n|-damage|p2b: Taka|66/100 psn|[from] psn\n|upkeep\n|turn|2\n|\n|t:|1776565109\n|move|p2a: Megumi|Protect|p2a: Megumi\n|-singleturn|p2a: Megumi|Protect\n|move|p1b: Sneasler|Dire Claw|p2a: Megumi\n|-activate|p2a: Megumi|move: Protect\n|move|p2b: Taka|Tailwind|p2b: Taka\n|-sidestart|p2: sheepygraphics|move: Tailwind\n|move|p1a: Ariados|Toxic Thread|p2a: Megumi\n|-activate|p2a: Megumi|move: Protect\n|\n|-damage|p2b: Taka|54/100 psn|[from] psn\n|upkeep\n|turn|3\n|\n|t:|1776565125\n|move|p2a: Megumi|Dazzling Gleam|p1b: Sneasler|[spread] p1a,p1b\n|-resisted|p1a: Ariados|1\n|-damage|p1a: Ariados|80/100\n|-damage|p1b: Sneasler|58/100\n|move|p2b: Taka|Dual Wingbeat|p1b: Sneasler\n|-supereffective|p1b: Sneasler|1\n|-damage|p1b: Sneasler|8/100\n|-supereffective|p1b: Sneasler|1\n|-damage|p1b: Sneasler|0 fnt\n|faint|p1b: Sneasler\n|-hitcount|p1: Sneasler|2\n|move|p1a: Ariados|Toxic Thread|p2a: Megumi\n|-unboost|p2a: Megumi|spe|2\n|-status|p2a: Megumi|psn\n|\n|-damage|p2b: Taka|42/100 psn|[from] psn\n|-damage|p2a: Megumi|88/100 psn|[from] psn\n|upkeep\n|\n|t:|1776565138\n|switch|p1b: Slowbro|Slowbro-Galar, L50, M|100/100\n|turn|4\n|\n|t:|1776565150\n|move|p2b: Taka|U-turn|p1b: Slowbro\n|-damage|p1b: Slowbro|82/100\n|\n|t:|1776565154\n|switch|p2b: Paru|Rampardos, L50, M|100/100|[from] U-turn\n|-ability|p2b: Paru|Mold Breaker\n|move|p2a: Megumi|Weather Ball|p1a: Ariados\n|-supereffective|p1a: Ariados|1\n|-damage|p1a: Ariados|0 fnt\n|faint|p1a: Ariados\n|move|p1b: Slowbro|Shell Side Arm|p2a: Megumi|[anim] Shell Side Arm Special\n|-supereffective|p2a: Megumi|2\n|-damage|p2a: Megumi|0 fnt\n|-hint|Special Shell Side Arm\n|faint|p2a: Megumi\n|\n|upkeep\n|\n|t:|1776565167\n|switch|p2a: Chapu|Mr. Rime, L50, M|100/100\n|switch|p1a: Glimmora|Glimmora, L50, M|100/100\n|turn|5\n|\n|t:|1776565188\n|detailschange|p1a: Glimmora|Glimmora-Mega, L50, M\n|-mega|p1a: Glimmora|Glimmora|Glimmoranite\n|move|p2a: Chapu|Helping Hand|p2b: Paru\n|-singleturn|p2b: Paru|Helping Hand|[of] p2a: Chapu\n|move|p1a: Glimmora|Protect|p1a: Glimmora\n|-singleturn|p1a: Glimmora|Protect\n|move|p2b: Paru|Rock Slide|p1a: Glimmora|[spread] \n|-activate|p1a: Glimmora|move: Protect\n|-miss|p2b: Paru|p1b: Slowbro\n|move|p1b: Slowbro|Flamethrower|p2a: Chapu\n|-supereffective|p2a: Chapu|1\n|-damage|p2a: Chapu|39/100\n|\n|-heal|p2a: Chapu|45/100|[from] item: Leftovers\n|-sideend|p2: sheepygraphics|move: Tailwind\n|upkeep\n|turn|6\n|-activate|p1b: Slowbro|ability: Quick Draw\n|\n|t:|1776565249\n|move|p2a: Chapu|Helping Hand|p2b: Paru\n|-singleturn|p2b: Paru|Helping Hand|[of] p2a: Chapu\n|move|p1b: Slowbro|Ice Beam|p2b: Paru\n|-damage|p2b: Paru|50/100\n|move|p1a: Glimmora|Earth Power|p2b: Paru\n|-supereffective|p2b: Paru|1\n|-damage|p2b: Paru|0 fnt\n|faint|p2b: Paru\n|\n|-heal|p2a: Chapu|51/100|[from] item: Leftovers\n|upkeep\n|\n|t:|1776565260\n|switch|p2b: Taka|Talonflame, L50, M|42/100 psn\n|turn|7\n|-activate|p1b: Slowbro|item: Quick Claw\n|\n|t:|1776565268\n|move|p1b: Slowbro|Flamethrower|p2a: Chapu\n|-supereffective|p2a: Chapu|1\n|-damage|p2a: Chapu|0 fnt\n|faint|p2a: Chapu\n|move|p2b: Taka|Tailwind|p2b: Taka\n|-sidestart|p2: sheepygraphics|move: Tailwind\n|move|p1a: Glimmora|Power Gem|p2b: Taka\n|-supereffective|p2b: Taka|2\n|-enditem|p2b: Taka|Charti Berry|[eat]\n|-enditem|p2b: Taka|Charti Berry|[weaken]\n|-damage|p2b: Taka|0 fnt\n|faint|p2b: Taka\n|\n|win|Heartway\n|raw|Heartway's rating: 1044 &rarr; <strong>1079</strong><br />(+35 for winning)\n|raw|sheepygraphics's rating: 1062 &rarr; <strong>1042</strong><br />(-20 for losing)\n",
  "uploadtime": 1776565276,
  "views": 23,
  "formatid": "gen9championsvgc2026regma",
  "rating": 1042,
  "private": 0,
  "password": null
}