{
  "id": "gen9championsvgc2026regma-2581160252",
  "format": "[Gen 9 Champions] VGC 2026 Reg M-A",
  "players": [
    "Inseertnamehere",
    "Oras_4996"
  ],
  "log": "|j|\u2606Inseertnamehere\n|j|\u2606Oras_4996\n|t:|1775965720\n|gametype|doubles\n|player|p1|Inseertnamehere|2|1202\n|player|p2|Oras_4996|pokemaniac|1184\n|gen|9\n|tier|[Gen 9 Champions] VGC 2026 Reg M-A\n|rated|\n|rule|Species Clause: Limit one of each Pok\u00e9mon\n|rule|Item Clause: Limit 1 of each item\n|clearpoke\n|poke|p1|Floette-Eternal, L50, F|\n|poke|p1|Incineroar, L50, M|\n|poke|p1|Rotom-Wash, L50|\n|poke|p1|Glimmora, L50, M|\n|poke|p1|Whimsicott, L50, F|\n|poke|p1|Garchomp, L50, M|\n|poke|p2|Delphox, L50, M|\n|poke|p2|Garchomp, L50, M|\n|poke|p2|Whimsicott, L50, M|\n|poke|p2|Incineroar, L50, F|\n|poke|p2|Sinistcha, L50|\n|poke|p2|Kingambit, L50, M|\n|teampreview|4\n|inactive|Battle timer is ON: inactive players will automatically lose when time's up. (requested by Inseertnamehere)\n|\n|t:|1775965773\n|teamsize|p1|4\n|teamsize|p2|4\n|start\n|switch|p1a: Floette|Floette-Eternal, L50, F|100/100\n|switch|p1b: Incineroar|Incineroar, L50, M|100/100\n|switch|p2a: Kingambit|Kingambit, L50, M, shiny|100/100\n|switch|p2b: Sinistcha|Sinistcha, L50, shiny|100/100\n|-ability|p1b: Incineroar|Intimidate|boost\n|-unboost|p2a: Kingambit|atk|1\n|-ability|p2a: Kingambit|Defiant|boost\n|-boost|p2a: Kingambit|atk|2\n|-unboost|p2b: Sinistcha|atk|1\n|turn|1\n|\n|t:|1775965795\n|move|p1a: Floette|Protect|p1a: Floette\n|-singleturn|p1a: Floette|Protect\n|move|p2a: Kingambit|Protect|p2a: Kingambit\n|-singleturn|p2a: Kingambit|Protect\n|move|p2b: Sinistcha|Matcha Gotcha|p1b: Incineroar|[spread] p1b\n|-activate|p1a: Floette|move: Protect\n|-resisted|p1b: Incineroar|1\n|-damage|p1b: Incineroar|88/100\n|move|p1b: Incineroar|Taunt|p2b: Sinistcha\n|-start|p2b: Sinistcha|move: Taunt\n|\n|upkeep\n|turn|2\n|inactive|Oras_4996 has 30 seconds left.\n|\n|t:|1775965826\n|detailschange|p1a: Floette|Floette-Mega, L50, F\n|-mega|p1a: Floette|Floette|Floettite\n|-ability|p1a: Floette|Fairy Aura\n|move|p1a: Floette|Moonblast|p2a: Kingambit\n|-damage|p2a: Kingambit|34/100\n|move|p2b: Sinistcha|Matcha Gotcha|p1a: Floette|[spread] p1a,p1b\n|-resisted|p1b: Incineroar|1\n|-damage|p1a: Floette|79/100\n|-damage|p1b: Incineroar|75/100\n|move|p1b: Incineroar|Flare Blitz|p2a: Kingambit\n|-supereffective|p2a: Kingambit|1\n|-damage|p2a: Kingambit|0 fnt\n|faint|p2a: Kingambit\n|-damage|p1b: Incineroar|64/100|[from] Recoil\n|\n|upkeep\n|\n|t:|1775965841\n|switch|p2a: Garchomp|Garchomp, L50, M, shiny|100/100\n|turn|3\n|\n|t:|1775965849\n|move|p2a: Garchomp|Earthquake|p1b: Incineroar|[spread] p2b,p1a,p1b\n|-resisted|p2b: Sinistcha|1\n|-supereffective|p1b: Incineroar|1\n|-damage|p2b: Sinistcha|76/100\n|-damage|p1a: Floette|26/100\n|-damage|p1b: Incineroar|0 fnt\n|faint|p1b: Incineroar\n|move|p1a: Floette|Dazzling Gleam|p2a: Garchomp|[spread] p2a,p2b\n|-supereffective|p2a: Garchomp|1\n|-damage|p2a: Garchomp|4/100\n|-damage|p2b: Sinistcha|24/100\n|move|p2b: Sinistcha|Matcha Gotcha|p1a: Floette\n|-damage|p1a: Floette|0 fnt\n|-heal|p2b: Sinistcha|37/100|[from] drain|[of] p1a: Floette\n|faint|p1a: Floette\n|\n|upkeep\n|\n|t:|1775965857\n|switch|p1a: Whimsicott|Whimsicott, L50, F|100/100\n|switch|p1b: Garchomp|Garchomp, L50, M|100/100\n|turn|4\n|\n|t:|1775965871\n|move|p2a: Garchomp|Earthquake|p1b: Garchomp|[spread] p2b,p1a,p1b\n|-resisted|p2b: Sinistcha|1\n|-resisted|p1a: Whimsicott|1\n|-damage|p2b: Sinistcha|15/100\n|-damage|p1a: Whimsicott|70/100\n|-damage|p1b: Garchomp|56/100\n|move|p1b: Garchomp|Dragon Claw|p2b: Sinistcha\n|-damage|p2b: Sinistcha|0 fnt\n|faint|p2b: Sinistcha\n|move|p1a: Whimsicott|Moonblast|p2a: Garchomp\n|-supereffective|p2a: Garchomp|1\n|-damage|p2a: Garchomp|0 fnt\n|faint|p2a: Garchomp\n|\n|upkeep\n|\n|t:|1775965883\n|switch|p2b: Delphox|Delphox, L50, M, shiny|100/100\n|turn|5\n|\n|t:|1775965893\n|detailschange|p2b: Delphox|Delphox-Mega, L50, M, shiny\n|-mega|p2b: Delphox|Delphox|Delphoxite\n|move|p1a: Whimsicott|Tailwind|p1a: Whimsicott\n|-sidestart|p1: Inseertnamehere|move: Tailwind\n|move|p1b: Garchomp|Rock Slide|p2b: Delphox|[miss]\n|-miss|p1b: Garchomp|p2b: Delphox\n|move|p2b: Delphox|Dazzling Gleam|p1b: Garchomp|[spread] p1a,p1b\n|-supereffective|p1b: Garchomp|1\n|-enditem|p1b: Garchomp|Roseli Berry|[eat]\n|-enditem|p1b: Garchomp|Roseli Berry|[weaken]\n|-damage|p1a: Whimsicott|28/100\n|-damage|p1b: Garchomp|28/100\n|\n|upkeep\n|turn|6\n|\n|t:|1775965908\n|move|p1b: Garchomp|Rock Slide|p2b: Delphox\n|-supereffective|p2b: Delphox|1\n|-damage|p2b: Delphox|19/100\n|move|p1a: Whimsicott|Moonblast|p2b: Delphox\n|-resisted|p2b: Delphox|1\n|-damage|p2b: Delphox|2/100\n|move|p2b: Delphox|Dazzling Gleam|p1a: Whimsicott|[spread] p1a,p1b\n|-supereffective|p1b: Garchomp|1\n|-damage|p1a: Whimsicott|0 fnt\n|-damage|p1b: Garchomp|0 fnt\n|faint|p1a: Whimsicott\n|faint|p1b: Garchomp\n|\n|win|Oras_4996\n|raw|Inseertnamehere's rating: 1202 &rarr; <strong>1176</strong><br />(-26 for losing)\n|raw|Oras_4996's rating: 1184 &rarr; <strong>1210</strong><br />(+26 for winning)\n|l|\u2606Inseertnamehere\n|player|p1|\n",
  "uploadtime": 1775965919,
  "views": 13,
  "formatid": "gen9championsvgc2026regma",
  "rating": 1176,
  "private": 0,
  "password": null
}