{
  "id": "gen9championsvgc2026regma-2586752940",
  "format": "[Gen 9 Champions] VGC 2026 Reg M-A",
  "players": [
    "Quaza15",
    "Alexdoga05"
  ],
  "log": "|j|\u2606Quaza15\n|j|\u2606Alexdoga05\n|t:|1776457171\n|gametype|doubles\n|player|p1|Quaza15|ruinmaniac|1307\n|player|p2|Alexdoga05|colress|1376\n|gen|9\n|tier|[Gen 9 Champions] VGC 2026 Reg M-A\n|rated|\n|rule|Species Clause: Limit one of each Pok\u00e9mon\n|rule|Item Clause: Limit 1 of each item\n|clearpoke\n|poke|p1|Aerodactyl, L50, M|\n|poke|p1|Garchomp, L50, F|\n|poke|p1|Mamoswine, L50, F|\n|poke|p1|Charizard, L50, F|\n|poke|p1|Kingambit, L50, F|\n|poke|p1|Rotom-Wash, L50|\n|poke|p2|Kingambit, L50, F|\n|poke|p2|Kangaskhan, L50, F|\n|poke|p2|Aerodactyl, L50, F|\n|poke|p2|Blastoise, L50, M|\n|poke|p2|Farigiraf, L50, M|\n|poke|p2|Sinistcha, L50|\n|teampreview|4\n|inactive|Battle timer is ON: inactive players will automatically lose when time's up. (requested by Alexdoga05)\n|\n|t:|1776457233\n|teamsize|p1|4\n|teamsize|p2|4\n|start\n|switch|p1a: Kingambit|Kingambit, L50, F|100/100\n|switch|p1b: Garchomp|Garchomp, L50, F|100/100\n|switch|p2a: Blastoise|Blastoise, L50, M|100/100\n|switch|p2b: Farigiraf|Farigiraf, L50, M, shiny|100/100\n|turn|1\n|\n|t:|1776457257\n|detailschange|p2a: Blastoise|Blastoise-Mega, L50, M\n|-mega|p2a: Blastoise|Blastoise|Blastoisinite\n|move|p2a: Blastoise|Fake Out|p1a: Kingambit\n|-resisted|p1a: Kingambit|1\n|-damage|p1a: Kingambit|97/100\n|move|p1b: Garchomp|Dragon Claw|p2b: Farigiraf\n|-damage|p2b: Farigiraf|66/100\n|cant|p1a: Kingambit|flinch\n|move|p2b: Farigiraf|Trick Room|p2b: Farigiraf\n|-fieldstart|move: Trick Room|[of] p2b: Farigiraf\n|\n|upkeep\n|turn|2\n|\n|t:|1776457274\n|move|p1a: Kingambit|Kowtow Cleave|p2a: Blastoise\n|-damage|p2a: Blastoise|60/100\n|move|p2b: Farigiraf|Rain Dance|p2b: Farigiraf\n|-weather|RainDance\n|move|p2a: Blastoise|Water Spout|p1b: Garchomp|[spread] p1a,p1b\n|-damage|p1a: Kingambit|42/100\n|-damage|p1b: Garchomp|47/100\n|-enditem|p1b: Garchomp|Sitrus Berry|[eat]\n|-heal|p1b: Garchomp|72/100|[from] item: Sitrus Berry\n|move|p1b: Garchomp|Dragon Claw|p2b: Farigiraf\n|-damage|p2b: Farigiraf|35/100\n|-enditem|p2b: Farigiraf|Sitrus Berry|[eat]\n|-heal|p2b: Farigiraf|60/100|[from] item: Sitrus Berry\n|\n|-weather|RainDance|[upkeep]\n|upkeep\n|turn|3\n|\n|t:|1776457290\n|move|p2b: Farigiraf|Helping Hand|p2a: Blastoise\n|-singleturn|p2a: Blastoise|Helping Hand|[of] p2b: Farigiraf\n|move|p1a: Kingambit|Kowtow Cleave|p2a: Blastoise\n|-damage|p2a: Blastoise|23/100\n|move|p2a: Blastoise|Water Pulse|p1b: Garchomp\n|-crit|p1b: Garchomp\n|-damage|p1b: Garchomp|0 fnt\n|faint|p1b: Garchomp\n|\n|-weather|RainDance|[upkeep]\n|upkeep\n|\n|t:|1776457298\n|switch|p1b: Charizard|Charizard, L50, F|100/100\n|turn|4\n|\n|t:|1776457307\n|move|p1b: Charizard|Protect|p1b: Charizard\n|-singleturn|p1b: Charizard|Protect\n|move|p1a: Kingambit|Kowtow Cleave|p2b: Farigiraf\n|-supereffective|p2b: Farigiraf|1\n|-damage|p2b: Farigiraf|0 fnt\n|faint|p2b: Farigiraf\n|move|p2a: Blastoise|Water Pulse|p1a: Kingambit\n|-damage|p1a: Kingambit|0 fnt\n|faint|p1a: Kingambit\n|\n|-weather|RainDance|[upkeep]\n|upkeep\n|\n|t:|1776457316\n|switch|p1a: Mamoswine|Mamoswine, L50, F|100/100\n|switch|p2b: Kingambit|Kingambit, L50, F, shiny|100/100\n|turn|5\n|\n|t:|1776457331\n|detailschange|p1b: Charizard|Charizard-Mega-Y, L50, F\n|-mega|p1b: Charizard|Charizard|Charizardite Y\n|-weather|SunnyDay|[from] ability: Drought|[of] p1b: Charizard\n|move|p2b: Kingambit|Kowtow Cleave|p1b: Charizard\n|-damage|p1b: Charizard|30/100\n|move|p2a: Blastoise|Water Pulse|p1b: Charizard\n|-supereffective|p1b: Charizard|1\n|-damage|p1b: Charizard|0 fnt\n|faint|p1b: Charizard\n|move|p1a: Mamoswine|High Horsepower|p2b: Kingambit\n|-supereffective|p2b: Kingambit|1\n|-damage|p2b: Kingambit|15/100\n|\n|-weather|SunnyDay|[upkeep]\n|-fieldend|move: Trick Room\n|upkeep\n|turn|6\n|\n|t:|1776457345\n|move|p2b: Kingambit|Sucker Punch|p1a: Mamoswine\n|-damage|p1a: Mamoswine|45/100\n|move|p1a: Mamoswine|High Horsepower|p2b: Kingambit\n|-supereffective|p2b: Kingambit|1\n|-damage|p2b: Kingambit|0 fnt\n|faint|p2b: Kingambit\n|move|p2a: Blastoise|Water Pulse|p1a: Mamoswine\n|-supereffective|p1a: Mamoswine|1\n|-damage|p1a: Mamoswine|0 fnt\n|faint|p1a: Mamoswine\n|\n|win|Alexdoga05\n|raw|Quaza15's rating: 1307 &rarr; <strong>1291</strong><br />(-16 for losing)\n|raw|Alexdoga05's rating: 1376 &rarr; <strong>1392</strong><br />(+16 for winning)\n",
  "uploadtime": 1776457345,
  "views": 38,
  "formatid": "gen9championsvgc2026regma",
  "rating": 1291,
  "private": 0,
  "password": null
}