{
  "id": "gen9championsvgc2026regma-2588430681",
  "format": "[Gen 9 Champions] VGC 2026 Reg M-A",
  "players": [
    "1ejuan",
    "sneedjak"
  ],
  "log": "|j|\u26061ejuan\n|j|\u2606sneedjak\n|t:|1776632892\n|gametype|doubles\n|player|p1|1ejuan|170|1240\n|player|p2|sneedjak|170|1302\n|gen|9\n|tier|[Gen 9 Champions] VGC 2026 Reg M-A\n|rated|\n|rule|Species Clause: Limit one of each Pok\u00e9mon\n|rule|Item Clause: Limit 1 of each item\n|clearpoke\n|poke|p1|Froslass, L50, F|\n|poke|p1|Aerodactyl, L50, M|\n|poke|p1|Sneasler, L50, F|\n|poke|p1|Sinistcha, L50|\n|poke|p1|Gyarados, L50, F|\n|poke|p1|Kingambit, L50, M|\n|poke|p2|Aerodactyl, L50, M|\n|poke|p2|Sinistcha, L50|\n|poke|p2|Kingambit, L50, M|\n|poke|p2|Excadrill, L50, F|\n|poke|p2|Tyranitar, L50, F|\n|poke|p2|Incineroar, L50, F|\n|teampreview|4\n|\n|t:|1776632910\n|teamsize|p1|4\n|teamsize|p2|4\n|start\n|switch|p1a: Kingambit|Kingambit, L50, M|100/100\n|switch|p1b: Gyarados|Gyarados, L50, F|100/100\n|switch|p2a: rock star!|Aerodactyl, L50, M|100/100\n|switch|p2b: this rocks!|Tyranitar, L50, F|100/100\n|-ability|p2a: rock star!|Unnerve\n|-ability|p1b: Gyarados|Intimidate|boost\n|-unboost|p2a: rock star!|atk|1\n|-unboost|p2b: this rocks!|atk|1\n|-weather|Sandstorm|[from] ability: Sand Stream|[of] p2b: this rocks!\n|turn|1\n|\n|t:|1776632945\n|move|p2b: this rocks!|Protect|p2b: this rocks!\n|-singleturn|p2b: this rocks!|Protect\n|move|p2a: rock star!|Tailwind|p2a: rock star!\n|-sidestart|p2: sneedjak|move: Tailwind\n|move|p1b: Gyarados|Dragon Dance|p1b: Gyarados\n|-boost|p1b: Gyarados|atk|1\n|-boost|p1b: Gyarados|spe|1\n|move|p1a: Kingambit|Iron Head|p2b: this rocks!\n|-activate|p2b: this rocks!|move: Protect\n|\n|-weather|Sandstorm|[upkeep]\n|-damage|p1b: Gyarados|95/100|[from] Sandstorm\n|upkeep\n|turn|2\n|\n|t:|1776632969\n|detailschange|p2b: this rocks!|Tyranitar-Mega, L50, F\n|-mega|p2b: this rocks!|Tyranitar|Tyranitarite\n|move|p1a: Kingambit|Protect|p1a: Kingambit\n|-singleturn|p1a: Kingambit|Protect\n|move|p2a: rock star!|Rock Slide|p1a: Kingambit|[spread] p1b\n|-activate|p1a: Kingambit|move: Protect\n|-supereffective|p1b: Gyarados|1\n|-damage|p1b: Gyarados|52/100\n|move|p2b: this rocks!|Rock Slide|p1a: Kingambit|[spread] p1b\n|-activate|p1a: Kingambit|move: Protect\n|-supereffective|p1b: Gyarados|1\n|-damage|p1b: Gyarados|0 fnt\n|faint|p1b: Gyarados\n|\n|-weather|Sandstorm|[upkeep]\n|upkeep\n|\n|t:|1776632986\n|switch|p1b: Froslass|Froslass, L50, F|100/100\n|turn|3\n|\n|t:|1776632999\n|switch|p1a: Sneasler|Sneasler, L50, F|100/100\n|detailschange|p1b: Froslass|Froslass-Mega, L50, F\n|-mega|p1b: Froslass|Froslass|Froslassite\n|-weather|Snowscape|[from] ability: Snow Warning|[of] p1b: Froslass\n|move|p2a: rock star!|Rock Slide|p1a: Sneasler|[spread] p1a\n|-miss|p2a: rock star!|p1b: Froslass\n|-resisted|p1a: Sneasler|1\n|-damage|p1a: Sneasler|87/100\n|move|p2b: this rocks!|Rock Slide|p1b: Froslass|[spread] p1a,p1b\n|-resisted|p1a: Sneasler|1\n|-supereffective|p1b: Froslass|1\n|-damage|p1a: Sneasler|65/100\n|-damage|p1b: Froslass|47/100\n|move|p1b: Froslass|Blizzard|p2b: this rocks!|[spread] p2a,p2b\n|-supereffective|p2a: rock star!|1\n|-enditem|p2a: rock star!|Focus Sash\n|-damage|p2a: rock star!|1/100\n|-damage|p2b: this rocks!|60/100\n|\n|-weather|Snowscape|[upkeep]\n|upkeep\n|turn|4\n|\n|t:|1776633028\n|switch|p2a: Sinistcha|Sinistcha, L50|100/100\n|-heal|p2b: this rocks!|85/100|[from] ability: Hospitality|[of] p2a: Sinistcha\n|move|p1a: Sneasler|Fake Out|p2a: Sinistcha\n|-immune|p2a: Sinistcha\n|move|p2b: this rocks!|Rock Slide|p1b: Froslass|[spread] p1a,p1b\n|-resisted|p1a: Sneasler|1\n|-supereffective|p1b: Froslass|1\n|-damage|p1a: Sneasler|44/100\n|-damage|p1b: Froslass|0 fnt\n|faint|p1b: Froslass\n|\n|-weather|Snowscape|[upkeep]\n|-sideend|p2: sneedjak|move: Tailwind\n|upkeep\n|\n|t:|1776633042\n|switch|p1b: Kingambit|Kingambit, L50, M|100/100\n|turn|5\n|\n|t:|1776633049\n|move|p2a: Sinistcha|Rage Powder|p2a: Sinistcha\n|-singleturn|p2a: Sinistcha|move: Rage Powder\n|move|p1a: Sneasler|Close Combat|p2a: Sinistcha\n|-immune|p2a: Sinistcha\n|move|p2b: this rocks!|Stomping Tantrum|p1a: Sneasler\n|-supereffective|p1a: Sneasler|1\n|-damage|p1a: Sneasler|0 fnt\n|faint|p1a: Sneasler\n|move|p1b: Kingambit|Kowtow Cleave|p2a: Sinistcha\n|-supereffective|p2a: Sinistcha|1\n|-damage|p2a: Sinistcha|21/100\n|\n|-weather|Snowscape|[upkeep]\n|upkeep\n|turn|6\n|\n|t:|1776633064\n|move|p2b: this rocks!|Stomping Tantrum|p1b: Kingambit\n|-supereffective|p1b: Kingambit|1\n|-crit|p1b: Kingambit\n|-damage|p1b: Kingambit|26/100\n|move|p2a: Sinistcha|Strength Sap|p1b: Kingambit\n|-unboost|p1b: Kingambit|atk|1\n|-ability|p1b: Kingambit|Defiant|boost\n|-boost|p1b: Kingambit|atk|2\n|-heal|p2a: Sinistcha|100/100\n|move|p1b: Kingambit|Kowtow Cleave|p2a: Sinistcha\n|-supereffective|p2a: Sinistcha|1\n|-damage|p2a: Sinistcha|0 fnt\n|faint|p2a: Sinistcha\n|\n|-weather|Snowscape|[upkeep]\n|upkeep\n|\n|t:|1776633074\n|switch|p2a: rock star!|Aerodactyl, L50, M|1/100\n|-ability|p2a: rock star!|Unnerve\n|turn|7\n|\n|t:|1776633084\n|move|p1b: Kingambit|Sucker Punch|p2b: this rocks!\n|-resisted|p2b: this rocks!|1\n|-damage|p2b: this rocks!|64/100\n|move|p2a: rock star!|Rock Slide|p1b: Kingambit|[miss]\n|-miss|p2a: rock star!|p1b: Kingambit\n|move|p2b: this rocks!|Stomping Tantrum|p1b: Kingambit\n|-supereffective|p1b: Kingambit|1\n|-crit|p1b: Kingambit\n|-damage|p1b: Kingambit|0 fnt\n|faint|p1b: Kingambit\n|\n|win|sneedjak\n|raw|1ejuan's rating: 1240 &rarr; <strong>1219</strong><br />(-21 for losing)\n|raw|sneedjak's rating: 1302 &rarr; <strong>1318</strong><br />(+16 for winning)\n",
  "uploadtime": 1776633093,
  "views": 14,
  "formatid": "gen9championsvgc2026regma",
  "rating": 1219,
  "private": 0,
  "password": null
}