{
  "id": "gen9championsvgc2026regma-2581580031",
  "format": "[Gen 9 Champions] VGC 2026 Reg M-A",
  "players": [
    "xLeoCSx",
    "Bruthathechosen"
  ],
  "log": "|j|\u2606xLeoCSx\n|j|\u2606Bruthathechosen\n|t:|1776012554\n|gametype|doubles\n|player|p1|xLeoCSx|ghetsis|1048\n|player|p2|Bruthathechosen|roxie|1098\n|gen|9\n|tier|[Gen 9 Champions] VGC 2026 Reg M-A\n|rated|\n|rule|Species Clause: Limit one of each Pok\u00e9mon\n|rule|Item Clause: Limit 1 of each item\n|clearpoke\n|poke|p1|Espathra, L50, F|\n|poke|p1|Sableye, L50, M|\n|poke|p1|Charizard, L50, M|\n|poke|p1|Milotic, L50, F|\n|poke|p1|Garchomp, L50, F|\n|poke|p1|Gardevoir, L50, F|\n|poke|p2|Kingambit, L50, M|\n|poke|p2|Farigiraf, L50, F|\n|poke|p2|Kangaskhan, L50, F|\n|poke|p2|Sneasler, L50, F|\n|poke|p2|Incineroar, L50, F|\n|poke|p2|Pelipper, L50, F|\n|teampreview|4\n|\n|t:|1776012619\n|teamsize|p1|4\n|teamsize|p2|4\n|start\n|switch|p1a: Sableye|Sableye, L50, M|100/100\n|switch|p1b: Espathra|Espathra, L50, F|100/100\n|switch|p2a: Kangaskhan|Kangaskhan, L50, F|100/100\n|switch|p2b: Farigiraf|Farigiraf, L50, F|100/100\n|turn|1\n|\n|t:|1776012645\n|switch|p2b: Kingambit|Kingambit, L50, M|100/100\n|move|p2a: Kangaskhan|Fake Out|p1a: Sableye\n|-damage|p1a: Sableye|79/100\n|cant|p1a: Sableye|flinch\n|move|p1b: Espathra|Hypnosis|p2b: Kingambit\n|-status|p2b: Kingambit|slp|[from] move: Hypnosis\n|\n|-ability|p1b: Espathra|Speed Boost|boost\n|-boost|p1b: Espathra|spe|1\n|upkeep\n|turn|2\n|\n|t:|1776012677\n|switch|p2b: Farigiraf|Farigiraf, L50, F|100/100\n|move|p1a: Sableye|Gravity|p1a: Sableye\n|-fieldstart|move: Gravity\n|move|p1b: Espathra|Hypnosis|p2a: Kangaskhan\n|-status|p2a: Kangaskhan|slp|[from] move: Hypnosis\n|cant|p2a: Kangaskhan|slp\n|\n|-ability|p1b: Espathra|Speed Boost|boost\n|-boost|p1b: Espathra|spe|1\n|upkeep\n|turn|3\n|\n|t:|1776012700\n|switch|p1a: Charizard|Charizard, L50, M|100/100\n|move|p1b: Espathra|Hypnosis|p2b: Farigiraf\n|-status|p2b: Farigiraf|slp|[from] move: Hypnosis\n|cant|p2a: Kangaskhan|slp\n|cant|p2b: Farigiraf|slp\n|\n|-ability|p1b: Espathra|Speed Boost|boost\n|-boost|p1b: Espathra|spe|1\n|upkeep\n|turn|4\n|\n|t:|1776012726\n|detailschange|p1a: Charizard|Charizard-Mega-Y, L50, M\n|-mega|p1a: Charizard|Charizard|Charizardite Y\n|-weather|SunnyDay|[from] ability: Drought|[of] p1a: Charizard\n|detailschange|p2a: Kangaskhan|Kangaskhan-Mega, L50, F\n|-mega|p2a: Kangaskhan|Kangaskhan|Kangaskhanite\n|move|p1b: Espathra|Lumina Crash|p2a: Kangaskhan\n|-damage|p2a: Kangaskhan|75/100 slp\n|-unboost|p2a: Kangaskhan|spd|2\n|move|p1a: Charizard|Heat Wave|p2a: Kangaskhan|[spread] p2a,p2b\n|-damage|p2a: Kangaskhan|0 fnt\n|-damage|p2b: Farigiraf|35/100 slp\n|faint|p2a: Kangaskhan\n|-curestatus|p2b: Farigiraf|slp|[msg]\n|move|p2b: Farigiraf|Trick Room|p2b: Farigiraf\n|-fieldstart|move: Trick Room|[of] p2b: Farigiraf\n|\n|-weather|SunnyDay|[upkeep]\n|-ability|p1b: Espathra|Speed Boost|boost\n|-boost|p1b: Espathra|spe|1\n|upkeep\n|\n|t:|1776012737\n|switch|p2a: Pelipper|Pelipper, L50, F|100/100\n|-weather|RainDance|[from] ability: Drizzle|[of] p2a: Pelipper\n|turn|5\n|\n|t:|1776012753\n|switch|p2a: Kingambit|Kingambit, L50, M|100/100 slp\n|switch|p1a: Sableye|Sableye, L50, M|79/100\n|move|p1b: Espathra|Protect|p1b: Espathra\n|-singleturn|p1b: Espathra|Protect\n|move|p2b: Farigiraf|Trick Room|p2b: Farigiraf\n|-fieldend|move: Trick Room\n|\n|-weather|RainDance|[upkeep]\n|-ability|p1b: Espathra|Speed Boost|boost\n|-boost|p1b: Espathra|spe|1\n|upkeep\n|turn|6\n|\n|t:|1776012774\n|switch|p1b: Charizard|Charizard-Mega-Y, L50, M|100/100\n|-weather|SunnyDay|[from] ability: Drought|[of] p1b: Charizard\n|move|p2b: Farigiraf|Psychic|p1a: Sableye\n|-immune|p1a: Sableye\n|cant|p2a: Kingambit|slp\n|move|p1a: Sableye|Foul Play|p2b: Farigiraf\n|-supereffective|p2b: Farigiraf|1\n|-enditem|p2b: Farigiraf|Colbur Berry|[eat]\n|-enditem|p2b: Farigiraf|Colbur Berry|[weaken]\n|-damage|p2b: Farigiraf|12/100\n|\n|-weather|SunnyDay|[upkeep]\n|-fieldend|move: Gravity\n|upkeep\n|turn|7\n|-message|Bruthathechosen forfeited.\n|\n|win|xLeoCSx\n|raw|xLeoCSx's rating: 1048 &rarr; <strong>1085</strong><br />(+37 for winning)\n|raw|Bruthathechosen's rating: 1098 &rarr; <strong>1070</strong><br />(-28 for losing)\n",
  "uploadtime": 1776012806,
  "views": 15,
  "formatid": "gen9championsvgc2026regma",
  "rating": 1070,
  "private": 0,
  "password": null
}