{
  "id": "gen9championsvgc2026regma-2584264235",
  "format": "[Gen 9 Champions] VGC 2026 Reg M-A",
  "players": [
    "SimMikaze",
    "thingdz"
  ],
  "log": "|j|\u2606SimMikaze\n|j|\u2606thingdz\n|t:|1776244805\n|gametype|doubles\n|player|p1|SimMikaze|miku-ghost|1221\n|player|p2|thingdz|2|1180\n|gen|9\n|tier|[Gen 9 Champions] VGC 2026 Reg M-A\n|rated|\n|rule|Species Clause: Limit one of each Pok\u00e9mon\n|rule|Item Clause: Limit 1 of each item\n|clearpoke\n|poke|p1|Gengar, L50, M|\n|poke|p1|Maushold, L50|\n|poke|p1|Whimsicott, L50, M|\n|poke|p1|Incineroar, L50, M|\n|poke|p1|Empoleon, L50, M|\n|poke|p1|Kommo-o, L50, F|\n|poke|p2|Tyranitar, L50, M|\n|poke|p2|Whimsicott, L50, F|\n|poke|p2|Ninetales-Alola, L50, M|\n|poke|p2|Froslass, L50, F|\n|poke|p2|Incineroar, L50, F|\n|poke|p2|Kingambit, L50, M|\n|teampreview|4\n|inactive|Battle timer is ON: inactive players will automatically lose when time's up. (requested by thingdz)\n|\n|t:|1776244821\n|teamsize|p1|4\n|teamsize|p2|4\n|start\n|switch|p1a: Gengar|Gengar, L50, M, shiny|100/100\n|switch|p1b: Whimsicott|Whimsicott, L50, M|100/100\n|switch|p2a: Whimsicott|Whimsicott, L50, F|100/100\n|switch|p2b: Incineroar|Incineroar, L50, F|100/100\n|-ability|p2b: Incineroar|Intimidate|boost\n|-unboost|p1a: Gengar|atk|1\n|-unboost|p1b: Whimsicott|atk|1\n|turn|1\n|\n|t:|1776244836\n|detailschange|p1a: Gengar|Gengar-Mega, L50, M, shiny\n|-mega|p1a: Gengar|Gengar|Gengarite\n|move|p1b: Whimsicott|Protect|p1b: Whimsicott\n|-singleturn|p1b: Whimsicott|Protect\n|move|p1a: Gengar|Protect|p1a: Gengar\n|-singleturn|p1a: Gengar|Protect\n|move|p2a: Whimsicott|U-turn|p1a: Gengar\n|-activate|p1a: Gengar|move: Protect\n|move|p2b: Incineroar|Darkest Lariat|p1a: Gengar\n|-activate|p1a: Gengar|move: Protect\n|\n|upkeep\n|turn|2\n|inactive|SimMikaze has 30 seconds left.\n|inactive|SimMikaze has 20 seconds left.\n|\n|t:|1776244878\n|switch|p1b: Kommo-o|Kommo-o, L50, F|100/100\n|move|p2a: Whimsicott|Tailwind|p2a: Whimsicott\n|-sidestart|p2: thingdz|move: Tailwind\n|move|p1a: Gengar|Perish Song|p1a: Gengar\n|-start|p1a: Gengar|perish3|[silent]\n|-immune|p1b: Kommo-o|[from] ability: Soundproof\n|-start|p2a: Whimsicott|perish3|[silent]\n|-start|p2b: Incineroar|perish3|[silent]\n|-fieldactivate|move: Perish Song\n|move|p2b: Incineroar|Darkest Lariat|p1a: Gengar\n|-supereffective|p1a: Gengar|1\n|-damage|p1a: Gengar|0 fnt\n|faint|p1a: Gengar\n|\n|-start|p2a: Whimsicott|perish3\n|-start|p2b: Incineroar|perish3\n|upkeep\n|\n|t:|1776244895\n|switch|p1a: Empoleon|Empoleon, L50, M|100/100\n|turn|3\n|\n|t:|1776244912\n|move|p2a: Whimsicott|Moonblast|p1b: Kommo-o\n|-supereffective|p1b: Kommo-o|2\n|-damage|p1b: Kommo-o|0 fnt\n|faint|p1b: Kommo-o\n|move|p2b: Incineroar|Parting Shot|p1a: Empoleon\n|-unboost|p1a: Empoleon|atk|1\n|-ability|p1a: Empoleon|Competitive|boost\n|-boost|p1a: Empoleon|spa|2\n|-unboost|p1a: Empoleon|spa|1\n|-ability|p1a: Empoleon|Competitive|boost\n|-boost|p1a: Empoleon|spa|2\n|\n|t:|1776244916\n|switch|p2b: Kingambit|Kingambit, L50, M|100/100|[from] Parting Shot\n|move|p1a: Empoleon|Aqua Ring|p1a: Empoleon\n|-start|p1a: Empoleon|Aqua Ring\n|\n|-start|p2a: Whimsicott|perish2\n|upkeep\n|\n|t:|1776244920\n|switch|p1b: Whimsicott|Whimsicott, L50, M|100/100\n|turn|4\n|\n|t:|1776244940\n|move|p1b: Whimsicott|Protect|p1b: Whimsicott\n|-singleturn|p1b: Whimsicott|Protect\n|move|p2a: Whimsicott|U-turn|p1b: Whimsicott\n|-activate|p1b: Whimsicott|move: Protect\n|move|p2b: Kingambit|Kowtow Cleave|p1a: Empoleon\n|-damage|p1a: Empoleon|60/100\n|move|p1a: Empoleon|Flash Cannon|p2a: Whimsicott\n|-supereffective|p2a: Whimsicott|1\n|-enditem|p2a: Whimsicott|Focus Sash\n|-damage|p2a: Whimsicott|1/100\n|\n|-heal|p1a: Empoleon|65/100|[from] item: Leftovers\n|-heal|p1a: Empoleon|71/100|[from] Aqua Ring\n|-start|p2a: Whimsicott|perish1\n|upkeep\n|turn|5\n|\n|t:|1776244959\n|move|p2a: Whimsicott|Taunt|p1b: Whimsicott\n|-start|p1b: Whimsicott|move: Taunt\n|-enditem|p1b: Whimsicott|Mental Herb\n|-end|p1b: Whimsicott|move: Taunt\n|move|p1b: Whimsicott|Tailwind|p1b: Whimsicott\n|-sidestart|p1: SimMikaze|move: Tailwind\n|move|p1a: Empoleon|Hydro Pump|p2b: Kingambit\n|-damage|p2b: Kingambit|0 fnt\n|faint|p2b: Kingambit\n|\n|-heal|p1a: Empoleon|77/100|[from] item: Leftovers\n|-heal|p1a: Empoleon|83/100|[from] Aqua Ring\n|-start|p2a: Whimsicott|perish0\n|-sideend|p2: thingdz|move: Tailwind\n|faint|p2a: Whimsicott\n|upkeep\n|\n|t:|1776244969\n|switch|p2a: Froslass|Froslass, L50, F|100/100\n|switch|p2b: Incineroar|Incineroar, L50, F|100/100\n|-ability|p2b: Incineroar|Intimidate|boost\n|-unboost|p1a: Empoleon|atk|1\n|-ability|p1a: Empoleon|Competitive|boost\n|-boost|p1a: Empoleon|spa|2\n|-unboost|p1b: Whimsicott|atk|1\n|turn|6\n|\n|t:|1776244990\n|detailschange|p2a: Froslass|Froslass-Mega, L50, F\n|-mega|p2a: Froslass|Froslass|Froslassite\n|-weather|Snowscape|[from] ability: Snow Warning|[of] p2a: Froslass\n|move|p1b: Whimsicott|Protect|p1b: Whimsicott\n|-singleturn|p1b: Whimsicott|Protect\n|move|p1a: Empoleon|Protect|p1a: Empoleon\n|-singleturn|p1a: Empoleon|Protect\n|move|p2b: Incineroar|Fake Out|p1a: Empoleon\n|-activate|p1a: Empoleon|move: Protect\n|move|p2a: Froslass|Shadow Ball|p1a: Empoleon\n|-activate|p1a: Empoleon|move: Protect\n|\n|-weather|Snowscape|[upkeep]\n|-heal|p1a: Empoleon|88/100|[from] item: Leftovers\n|-heal|p1a: Empoleon|94/100|[from] Aqua Ring\n|upkeep\n|turn|7\n|\n|t:|1776245014\n|move|p1b: Whimsicott|Fake Tears|p2b: Incineroar\n|-hint|Since gen 7, Dark is immune to Prankster moves.\n|-immune|p2b: Incineroar\n|move|p2a: Froslass|Shadow Ball|p1a: Empoleon\n|-crit|p1a: Empoleon\n|-damage|p1a: Empoleon|36/100\n|move|p1a: Empoleon|Flash Cannon|p2a: Froslass\n|-supereffective|p2a: Froslass|1\n|-damage|p2a: Froslass|0 fnt\n|faint|p2a: Froslass\n|move|p2b: Incineroar|Flare Blitz|p1a: Empoleon\n|-damage|p1a: Empoleon|0 fnt\n|faint|p1a: Empoleon\n|-damage|p2b: Incineroar|88/100|[from] Recoil\n|\n|-weather|Snowscape|[upkeep]\n|upkeep\n|turn|8\n|c|\u2606SimMikaze|That was a misclick\n|c|\u2606SimMikaze|And wtf crit\n|inactive|SimMikaze has 30 seconds left.\n|-message|SimMikaze forfeited.\n|\n|win|thingdz\n|raw|SimMikaze's rating: 1221 &rarr; <strong>1193</strong><br />(-28 for losing)\n|raw|thingdz's rating: 1180 &rarr; <strong>1208</strong><br />(+28 for winning)\n",
  "uploadtime": 1776245044,
  "views": 19,
  "formatid": "gen9championsvgc2026regma",
  "rating": 1193,
  "private": 0,
  "password": null
}