{
  "id": "gen9championsvgc2026regma-2580493010",
  "format": "[Gen 9 Champions] VGC 2026 Reg M-A",
  "players": [
    "kynshi",
    "swing1016"
  ],
  "log": "|j|\u2606kynshi\n|j|\u2606swing1016\n|t:|1775904503\n|gametype|doubles\n|player|p1|kynshi|265|1078\n|player|p2|swing1016|169|1103\n|gen|9\n|tier|[Gen 9 Champions] VGC 2026 Reg M-A\n|rated|\n|rule|Species Clause: Limit one of each Pok\u00e9mon\n|rule|Item Clause: Limit 1 of each item\n|clearpoke\n|poke|p1|Whimsicott, L50, F|\n|poke|p1|Charizard, L50, M|\n|poke|p1|Garchomp, L50, F|\n|poke|p1|Incineroar, L50, M|\n|poke|p1|Gyarados, L50, F|\n|poke|p1|Sneasler, L50, M|\n|poke|p2|Tsareena, L50, F|\n|poke|p2|Altaria, L50, F|\n|poke|p2|Whimsicott, L50, M|\n|poke|p2|Sneasler, L50, M|\n|poke|p2|Kingambit, L50, M|\n|poke|p2|Chandelure, L50, M|\n|teampreview|4\n|inactive|Battle timer is ON: inactive players will automatically lose when time's up. (requested by kynshi)\n|inactive|swing1016 also wants the timer to be on.\n|inactive|kynshi has 60 seconds left.\n|inactive|swing1016 has 60 seconds left.\n|\n|t:|1775904545\n|teamsize|p1|4\n|teamsize|p2|4\n|start\n|switch|p1a: Whimsicott|Whimsicott, L50, F|100/100\n|switch|p1b: Sneasler|Sneasler, L50, M|100/100\n|switch|p2a: Whimsicott|Whimsicott, L50, M|100/100\n|switch|p2b: Sneasler|Sneasler, L50, M|100/100\n|turn|1\n|inactive|kynshi has 30 seconds left.\n|inactive|swing1016 has 30 seconds left.\n|inactive|kynshi has 20 seconds left.\n|\n|t:|1775904584\n|move|p1a: Whimsicott|Protect|p1a: Whimsicott\n|-singleturn|p1a: Whimsicott|Protect\n|move|p2b: Sneasler|Fake Out|p1a: Whimsicott\n|-activate|p1a: Whimsicott|move: Protect\n|move|p2a: Whimsicott|Tailwind|p2a: Whimsicott\n|-sidestart|p2: swing1016|move: Tailwind\n|move|p1b: Sneasler|Dire Claw|p2a: Whimsicott\n|-supereffective|p2a: Whimsicott|2\n|-enditem|p2a: Whimsicott|Focus Sash\n|-damage|p2a: Whimsicott|1/100\n|\n|upkeep\n|turn|2\n|inactive|kynshi has 30 seconds left.\n|inactive|kynshi has 20 seconds left.\n|inactive|kynshi has 15 seconds left.\n|inactive|kynshi has 10 seconds left.\n|\n|t:|1775904631\n|move|p1a: Whimsicott|Encore|p2b: Sneasler\n|-start|p2b: Sneasler|Encore\n|move|p2b: Sneasler|Fake Out||[still]\n|-hint|Fake Out only works on your first turn out.\n|-fail|p2b: Sneasler\n|move|p2a: Whimsicott|Moonblast|p1b: Sneasler\n|-damage|p1b: Sneasler|59/100\n|move|p1b: Sneasler|Taunt|p2a: Whimsicott\n|-start|p2a: Whimsicott|move: Taunt\n|\n|upkeep\n|turn|3\n|inactive|kynshi has 30 seconds left.\n|\n|t:|1775904665\n|switch|p2b: Chandelure|Chandelure, L50, M|100/100\n|move|p2a: Whimsicott|Moonblast|p1b: Sneasler\n|-damage|p1b: Sneasler|16/100\n|move|p1a: Whimsicott|Moonblast|p2b: Chandelure\n|-resisted|p2b: Chandelure|1\n|-damage|p2b: Chandelure|72/100\n|move|p1b: Sneasler|Dire Claw|p2b: Chandelure\n|-resisted|p2b: Chandelure|1\n|-damage|p2b: Chandelure|37/100\n|-status|p2b: Chandelure|slp\n|\n|upkeep\n|turn|4\n|inactive|kynshi has 30 seconds left.\n|\n|t:|1775904699\n|move|p1b: Sneasler|Protect|p1b: Sneasler\n|-singleturn|p1b: Sneasler|Protect\n|move|p2a: Whimsicott|Moonblast|p1b: Sneasler\n|-activate|p1b: Sneasler|move: Protect\n|cant|p2b: Chandelure|slp\n|move|p1a: Whimsicott|Moonblast|p2b: Chandelure\n|-resisted|p2b: Chandelure|1\n|-damage|p2b: Chandelure|11/100 slp\n|\n|-sideend|p2: swing1016|move: Tailwind\n|upkeep\n|turn|5\n|inactive|kynshi has 30 seconds left.\n|\n|t:|1775904728\n|move|p1a: Whimsicott|Tailwind|p1a: Whimsicott\n|-sidestart|p1: kynshi|move: Tailwind\n|move|p1b: Sneasler|Dire Claw|p2a: Whimsicott\n|-supereffective|p2a: Whimsicott|2\n|-damage|p2a: Whimsicott|0 fnt\n|faint|p2a: Whimsicott\n|cant|p2b: Chandelure|slp\n|\n|upkeep\n|\n|t:|1775904739\n|switch|p2a: Sneasler|Sneasler, L50, M|100/100\n|turn|6\n|\n|t:|1775904748\n|move|p1a: Whimsicott|Protect|p1a: Whimsicott\n|-singleturn|p1a: Whimsicott|Protect\n|move|p1b: Sneasler|Protect|p1b: Sneasler\n|-singleturn|p1b: Sneasler|Protect\n|move|p2a: Sneasler|Fake Out|p1b: Sneasler\n|-activate|p1b: Sneasler|move: Protect\n|-curestatus|p2b: Chandelure|slp|[msg]\n|move|p2b: Chandelure|Heat Wave|p1a: Whimsicott|[spread] \n|-activate|p1a: Whimsicott|move: Protect\n|-activate|p1b: Sneasler|move: Protect\n|\n|upkeep\n|turn|7\n|inactive|kynshi has 30 seconds left.\n|inactive|kynshi has 20 seconds left.\n|\n|t:|1775904785\n|move|p2b: Chandelure|Protect|p2b: Chandelure\n|-singleturn|p2b: Chandelure|Protect\n|move|p1a: Whimsicott|Encore|p2a: Sneasler\n|-start|p2a: Sneasler|Encore\n|move|p2a: Sneasler|Fake Out||[still]\n|-hint|Fake Out only works on your first turn out.\n|-fail|p2a: Sneasler\n|move|p1b: Sneasler|Dire Claw|p2b: Chandelure\n|-activate|p2b: Chandelure|move: Protect\n|\n|upkeep\n|turn|8\n|\n|t:|1775904803\n|switch|p1b: Garchomp|Garchomp, L50, F|100/100\n|switch|p2a: Altaria|Altaria, L50, F|100/100\n|-ability|p2a: Altaria|Cloud Nine\n|move|p2b: Chandelure|Protect||[still]\n|-fail|p2b: Chandelure\n|move|p1a: Whimsicott|Encore|p2b: Chandelure\n|-start|p2b: Chandelure|Encore\n|\n|-sideend|p1: kynshi|move: Tailwind\n|upkeep\n|turn|9\n|inactive|kynshi has 30 seconds left.\n|\n|t:|1775904833\n|switch|p2b: Sneasler|Sneasler, L50, M|100/100\n|move|p1a: Whimsicott|Tailwind|p1a: Whimsicott\n|-sidestart|p1: kynshi|move: Tailwind\n|move|p1b: Garchomp|Dragon Claw|p2a: Altaria\n|-supereffective|p2a: Altaria|1\n|-damage|p2a: Altaria|11/100\n|-enditem|p2a: Altaria|Sitrus Berry|[eat]\n|-heal|p2a: Altaria|36/100|[from] item: Sitrus Berry\n|move|p2a: Altaria|Draco Meteor|p1b: Garchomp|[miss]\n|-miss|p2a: Altaria|p1b: Garchomp\n|\n|upkeep\n|turn|10\n|inactive|kynshi has 30 seconds left.\n|inactive|swing1016 has 30 seconds left.\n|inactive|kynshi has 20 seconds left.\n|inactive|kynshi has 15 seconds left.\n|inactive|kynshi has 10 seconds left.\n|\n|t:|1775904880\n|move|p1a: Whimsicott|Protect|p1a: Whimsicott\n|-singleturn|p1a: Whimsicott|Protect\n|move|p1b: Garchomp|Protect|p1b: Garchomp\n|-singleturn|p1b: Garchomp|Protect\n|move|p2b: Sneasler|Dire Claw|p1a: Whimsicott\n|-activate|p1a: Whimsicott|move: Protect\n|move|p2a: Altaria|Draco Meteor|p1b: Garchomp\n|-activate|p1b: Garchomp|move: Protect\n|\n|upkeep\n|turn|11\n|inactive|kynshi has 30 seconds left.\n|\n|t:|1775904914\n|switch|p1a: Incineroar|Incineroar, L50, M|100/100\n|-ability|p1a: Incineroar|Intimidate|boost\n|-unboost|p2a: Altaria|atk|1\n|-unboost|p2b: Sneasler|atk|1\n|-enditem|p2b: Sneasler|White Herb\n|-clearnegativeboost|p2b: Sneasler|[silent]\n|move|p2b: Sneasler|Dire Claw|p1a: Incineroar\n|-damage|p1a: Incineroar|63/100\n|move|p1b: Garchomp|Dragon Claw|p2a: Altaria\n|-supereffective|p2a: Altaria|1\n|-damage|p2a: Altaria|0 fnt\n|faint|p2a: Altaria\n|\n|upkeep\n|\n|t:|1775904926\n|switch|p2a: Chandelure|Chandelure, L50, M|11/100\n|turn|12\n|\n|t:|1775904938\n|detailschange|p2a: Chandelure|Chandelure-Mega, L50, M\n|-mega|p2a: Chandelure|Chandelure|Chandelurite\n|move|p1a: Incineroar|Fake Out|p2b: Sneasler\n|-damage|p2b: Sneasler|81/100\n|cant|p2b: Sneasler|flinch\n|move|p1b: Garchomp|Earthquake|p2a: Chandelure|[spread] p1a,p2a,p2b\n|-supereffective|p1a: Incineroar|1\n|-supereffective|p2a: Chandelure|1\n|-supereffective|p2b: Sneasler|1\n|-damage|p1a: Incineroar|0 fnt\n|-damage|p2a: Chandelure|0 fnt\n|-damage|p2b: Sneasler|0 fnt\n|faint|p1a: Incineroar\n|faint|p2a: Chandelure\n|faint|p2b: Sneasler\n|\n|win|kynshi\n|raw|kynshi's rating: 1078 &rarr; <strong>1108</strong><br />(+30 for winning)\n|raw|swing1016's rating: 1103 &rarr; <strong>1076</strong><br />(-27 for losing)\n|l|\u2606swing1016\n|player|p2|\n|c|\u2606kynshi|gg\n",
  "uploadtime": 1775904967,
  "views": 22,
  "formatid": "gen9championsvgc2026regma",
  "rating": 1076,
  "private": 0,
  "password": null
}