{
  "id": "gen9championsvgc2026regma-2580352307",
  "format": "[Gen 9 Champions] VGC 2026 Reg M-A",
  "players": [
    "SpikeMike",
    "Jhffhjnmkcf"
  ],
  "log": "|j|\u2606SpikeMike\n|j|\u2606Jhffhjnmkcf\n|t:|1775884085\n|gametype|doubles\n|player|p1|SpikeMike|molayne|1108\n|player|p2|Jhffhjnmkcf|169|1043\n|gen|9\n|tier|[Gen 9 Champions] VGC 2026 Reg M-A\n|rated|\n|rule|Species Clause: Limit one of each Pok\u00e9mon\n|rule|Item Clause: Limit 1 of each item\n|clearpoke\n|poke|p1|Lucario, L50, F|\n|poke|p1|Pelipper, L50, F|\n|poke|p1|Archaludon, L50, F|\n|poke|p1|Sinistcha-Masterpiece, L50|\n|poke|p1|Garchomp, L50, F|\n|poke|p1|Incineroar, L50, M|\n|poke|p2|Gengar, L50, F|\n|poke|p2|Milotic, L50, F|\n|poke|p2|Whimsicott, L50, F|\n|poke|p2|Incineroar, L50, M|\n|poke|p2|Sneasler, L50, F|\n|poke|p2|Sinistcha, L50|\n|teampreview|4\n|inactive|Battle timer is ON: inactive players will automatically lose when time's up. (requested by Jhffhjnmkcf)\n|\n|t:|1775884126\n|teamsize|p1|4\n|teamsize|p2|4\n|start\n|switch|p1a: Invincible|Lucario, L50, F, shiny|100/100\n|switch|p1b: Tai Lung|Incineroar, L50, M|100/100\n|switch|p2a: Gengar|Gengar, L50, F|100/100\n|switch|p2b: Sinistcha|Sinistcha, L50|100/100\n|-ability|p1b: Tai Lung|Intimidate|boost\n|-unboost|p2a: Gengar|atk|1\n|-unboost|p2b: Sinistcha|atk|1\n|turn|1\n|inactive|SpikeMike has 30 seconds left.\n|\n|t:|1775884151\n|detailschange|p2a: Gengar|Gengar-Mega, L50, F\n|-mega|p2a: Gengar|Gengar|Gengarite\n|detailschange|p1a: Invincible|Lucario-Mega, L50, F, shiny\n|-mega|p1a: Invincible|Lucario|Lucarionite\n|move|p2b: Sinistcha|Rage Powder|p2b: Sinistcha\n|-singleturn|p2b: Sinistcha|move: Rage Powder\n|move|p2a: Gengar|Perish Song|p2a: Gengar\n|-start|p1a: Invincible|perish3|[silent]\n|-start|p1b: Tai Lung|perish3|[silent]\n|-start|p2a: Gengar|perish3|[silent]\n|-start|p2b: Sinistcha|perish3|[silent]\n|-fieldactivate|move: Perish Song\n|move|p1a: Invincible|Flash Cannon|p2b: Sinistcha\n|-crit|p2b: Sinistcha\n|-damage|p2b: Sinistcha|0 fnt\n|faint|p2b: Sinistcha\n|move|p1b: Tai Lung|Darkest Lariat|p2a: Gengar\n|-supereffective|p2a: Gengar|1\n|-damage|p2a: Gengar|0 fnt\n|faint|p2a: Gengar\n|\n|-start|p1a: Invincible|perish3\n|-start|p1b: Tai Lung|perish3\n|upkeep\n|\n|t:|1775884165\n|switch|p2a: Sneasler|Sneasler, L50, F|100/100\n|switch|p2b: Milotic|Milotic, L50, F|100/100\n|turn|2\n|\n|t:|1775884173\n|switch|p1b: Paddington|Sinistcha-Masterpiece, L50|100/100\n|move|p1a: Invincible|Detect|p1a: Invincible\n|-singleturn|p1a: Invincible|Protect\n|move|p2a: Sneasler|Fake Out|p1a: Invincible\n|-activate|p1a: Invincible|move: Protect\n|move|p2b: Milotic|Muddy Water|p1b: Paddington|[spread] p1b\n|-activate|p1a: Invincible|move: Protect\n|-resisted|p1b: Paddington|1\n|-damage|p1b: Paddington|84/100\n|\n|-start|p1a: Invincible|perish2\n|upkeep\n|turn|3\n|inactive|SpikeMike has 30 seconds left.\n|\n|t:|1775884200\n|switch|p1a: Maverick|Garchomp, L50, F, shiny|100/100\n|switch|p1b: Tai Lung|Incineroar, L50, M|100/100\n|-ability|p1b: Tai Lung|Intimidate|boost\n|-unboost|p2a: Sneasler|atk|1\n|-unboost|p2b: Milotic|atk|1\n|-ability|p2b: Milotic|Competitive|boost\n|-boost|p2b: Milotic|spa|2\n|move|p2a: Sneasler|Close Combat|p1a: Maverick\n|-damage|p1a: Maverick|52/100\n|-unboost|p2a: Sneasler|def|1\n|-unboost|p2a: Sneasler|spd|1\n|-damage|p2a: Sneasler|88/100|[from] ability: Rough Skin|[of] p1a: Maverick\n|move|p2b: Milotic|Ice Beam|p1b: Tai Lung\n|-resisted|p1b: Tai Lung|1\n|-damage|p1b: Tai Lung|77/100\n|\n|upkeep\n|turn|4\n|inactive|SpikeMike has 30 seconds left.\n|inactive|SpikeMike has 20 seconds left.\n|\n|t:|1775884239\n|move|p2a: Sneasler|Protect|p2a: Sneasler\n|-singleturn|p2a: Sneasler|Protect\n|move|p1b: Tai Lung|Fake Out|p2b: Milotic\n|-damage|p2b: Milotic|89/100\n|move|p1a: Maverick|Earthquake|p2b: Milotic|[spread] p1b,p2b\n|-activate|p2a: Sneasler|move: Protect\n|-supereffective|p1b: Tai Lung|1\n|-damage|p1b: Tai Lung|5/100\n|-damage|p2b: Milotic|49/100\n|cant|p2b: Milotic|flinch\n|\n|-heal|p2b: Milotic|54/100|[from] item: Leftovers\n|upkeep\n|turn|5\n|\n|t:|1775884252\n|switch|p1b: Paddington|Sinistcha-Masterpiece, L50|84/100\n|-heal|p1a: Maverick|77/100|[from] ability: Hospitality|[of] p1b: Paddington\n|move|p2a: Sneasler|Dire Claw|p1b: Paddington\n|-damage|p1b: Paddington|58/100\n|-status|p1b: Paddington|psn\n|move|p1a: Maverick|Earthquake|p2a: Sneasler|[spread] p1b,p2a,p2b\n|-resisted|p1b: Paddington|1\n|-supereffective|p2a: Sneasler|1\n|-damage|p1b: Paddington|39/100 psn\n|-damage|p2a: Sneasler|0 fnt\n|-damage|p2b: Milotic|9/100\n|-enditem|p1b: Paddington|Sitrus Berry|[eat]\n|-heal|p1b: Paddington|63/100 psn|[from] item: Sitrus Berry\n|faint|p2a: Sneasler\n|move|p2b: Milotic|Ice Beam|p1a: Maverick\n|-supereffective|p1a: Maverick|2\n|-damage|p1a: Maverick|0 fnt\n|faint|p1a: Maverick\n|\n|-heal|p2b: Milotic|15/100|[from] item: Leftovers\n|-damage|p1b: Paddington|51/100 psn|[from] psn\n|upkeep\n|\n|t:|1775884264\n|switch|p1a: Invincible|Lucario-Mega, L50, F, shiny|100/100\n|turn|6\n|\n|t:|1775884276\n|move|p1a: Invincible|Aura Sphere|p2b: Milotic\n|-damage|p2b: Milotic|0 fnt\n|faint|p2b: Milotic\n|\n|win|SpikeMike\n|raw|SpikeMike's rating: 1108 &rarr; <strong>1128</strong><br />(+20 for winning)\n|raw|Jhffhjnmkcf's rating: 1043 &rarr; <strong>1030</strong><br />(-13 for losing)\n|c|\u2606SpikeMike|ggwp\n",
  "uploadtime": 1775884282,
  "views": 10,
  "formatid": "gen9championsvgc2026regma",
  "rating": 1030,
  "private": 0,
  "password": null
}