{
  "id": "gen9championsvgc2026regma-2585122783",
  "format": "[Gen 9 Champions] VGC 2026 Reg M-A",
  "players": [
    "mnmnmnmnm6",
    "askeru"
  ],
  "log": "|j|\u2606mnmnmnmnm6\n|j|\u2606askeru\n|t:|1776314428\n|gametype|doubles\n|player|p1|mnmnmnmnm6|chuck|1120\n|player|p2|askeru|aromalady|1199\n|gen|9\n|tier|[Gen 9 Champions] VGC 2026 Reg M-A\n|rated|\n|rule|Species Clause: Limit one of each Pok\u00e9mon\n|rule|Item Clause: Limit 1 of each item\n|clearpoke\n|poke|p1|Gardevoir, L50, F|\n|poke|p1|Dragapult, L50, F|\n|poke|p1|Incineroar, L50, M|\n|poke|p1|Aegislash, L50, M|\n|poke|p1|Farigiraf, L50, F|\n|poke|p1|Crabominable, L50, M|\n|poke|p2|Gardevoir, L50, F|\n|poke|p2|Umbreon, L50, F|\n|poke|p2|Ninetales, L50, F|\n|poke|p2|Clefable, L50, M|\n|poke|p2|Sneasler, L50, M|\n|poke|p2|Corviknight, L50, M|\n|teampreview|4\n|inactive|Battle timer is ON: inactive players will automatically lose when time's up. (requested by mnmnmnmnm6)\n|\n|t:|1776314456\n|teamsize|p1|4\n|teamsize|p2|4\n|start\n|switch|p1a: Gardevoir|Gardevoir, L50, F|100/100\n|switch|p1b: Dragapult|Dragapult, L50, F|100/100\n|switch|p2a: Ninetales|Ninetales, L50, F|100/100\n|switch|p2b: Clefable|Clefable, L50, M|100/100\n|-weather|SunnyDay|[from] ability: Drought|[of] p2a: Ninetales\n|turn|1\n|\n|t:|1776314475\n|detailschange|p1a: Gardevoir|Gardevoir-Mega, L50, F\n|-mega|p1a: Gardevoir|Gardevoir|Gardevoirite\n|move|p2b: Clefable|Protect|p2b: Clefable\n|-singleturn|p2b: Clefable|Protect\n|move|p1b: Dragapult|Psychic Fangs|p2b: Clefable\n|-activate|p2b: Clefable|move: Protect\n|move|p1a: Gardevoir|Hyper Voice|p2a: Ninetales|[spread] p2a\n|-activate|p2b: Clefable|move: Protect\n|-resisted|p2a: Ninetales|1\n|-damage|p2a: Ninetales|75/100\n|move|p2a: Ninetales|Nasty Plot|p2a: Ninetales\n|-boost|p2a: Ninetales|spa|2\n|\n|-weather|SunnyDay|[upkeep]\n|upkeep\n|turn|2\n|\n|t:|1776314490\n|move|p2b: Clefable|Follow Me|p2b: Clefable\n|-singleturn|p2b: Clefable|move: Follow Me\n|move|p1b: Dragapult|Dragon Darts|p2b: Clefable\n|-immune|p2b: Clefable\n|move|p1a: Gardevoir|Hyper Voice|p2a: Ninetales|[spread] p2a,p2b\n|-resisted|p2a: Ninetales|1\n|-damage|p2a: Ninetales|52/100\n|-damage|p2b: Clefable|48/100\n|-enditem|p2b: Clefable|Sitrus Berry|[eat]\n|-heal|p2b: Clefable|73/100|[from] item: Sitrus Berry\n|move|p2a: Ninetales|Baton Pass|p2a: Ninetales\n|\n|t:|1776314501\n|switch|p2a: Gardevoir|Gardevoir, L50, F|100/100|[from] Baton Pass\n|-ability|p2a: Gardevoir|Pixilate|Trace|[from] ability: Trace|[of] p1a: Gardevoir\n|\n|-weather|SunnyDay|[upkeep]\n|upkeep\n|turn|3\n|\n|t:|1776314521\n|detailschange|p2a: Gardevoir|Gardevoir-Mega, L50, F\n|-mega|p2a: Gardevoir|Gardevoir|Gardevoirite\n|move|p2b: Clefable|Follow Me|p2b: Clefable\n|-singleturn|p2b: Clefable|move: Follow Me\n|move|p1b: Dragapult|Thunder Wave|p2b: Clefable\n|-status|p2b: Clefable|par\n|move|p1a: Gardevoir|Hyper Voice|p2b: Clefable|[spread] p2a,p2b\n|-damage|p2a: Gardevoir|57/100\n|-damage|p2b: Clefable|25/100 par\n|move|p2a: Gardevoir|Trick Room|p2a: Gardevoir\n|-fieldstart|move: Trick Room|[of] p2a: Gardevoir\n|\n|-weather|SunnyDay|[upkeep]\n|upkeep\n|turn|4\n|\n|t:|1776314540\n|cant|p2b: Clefable|par\n|move|p1a: Gardevoir|Protect|p1a: Gardevoir\n|-singleturn|p1a: Gardevoir|Protect\n|move|p2a: Gardevoir|Hyper Voice|p1b: Dragapult|[spread] p1b\n|-activate|p1a: Gardevoir|move: Protect\n|-supereffective|p1b: Dragapult|1\n|-enditem|p1b: Dragapult|Roseli Berry|[eat]\n|-enditem|p1b: Dragapult|Roseli Berry|[weaken]\n|-damage|p1b: Dragapult|0 fnt\n|faint|p1b: Dragapult\n|\n|-weather|SunnyDay|[upkeep]\n|upkeep\n|\n|t:|1776314550\n|switch|p1b: Aegislash|Aegislash, L50, M|100/100\n|turn|5\n|\n|t:|1776314559\n|move|p2b: Clefable|Helping Hand|p2a: Gardevoir\n|-singleturn|p2a: Gardevoir|Helping Hand|[of] p2b: Clefable\n|move|p1b: Aegislash|Wide Guard|p1b: Aegislash\n|-singleturn|p1b: Aegislash|Wide Guard\n|move|p2a: Gardevoir|Hyper Voice|p1b: Aegislash|[spread] \n|-activate|p1a: Gardevoir|move: Wide Guard\n|-activate|p1b: Aegislash|move: Wide Guard\n|move|p1a: Gardevoir|Hyper Voice|p2b: Clefable|[spread] p2a,p2b\n|-crit|p2a: Gardevoir\n|-damage|p2a: Gardevoir|0 fnt\n|-damage|p2b: Clefable|0 fnt\n|faint|p2a: Gardevoir\n|faint|p2b: Clefable\n|\n|-weather|none\n|upkeep\n|\n|t:|1776314576\n|switch|p2b: Sneasler|Sneasler, L50, M|100/100\n|switch|p2a: Ninetales|Ninetales, L50, F|52/100\n|-weather|SunnyDay|[from] ability: Drought|[of] p2a: Ninetales\n|turn|6\n|inactive|mnmnmnmnm6 has 30 seconds left.\n|\n|t:|1776314607\n|move|p1a: Gardevoir|Protect|p1a: Gardevoir\n|-singleturn|p1a: Gardevoir|Protect\n|move|p2b: Sneasler|Fake Out|p1a: Gardevoir\n|-activate|p1a: Gardevoir|move: Protect\n|-formechange|p1b: Aegislash|Aegislash-Blade|\n|move|p1b: Aegislash|Shadow Ball|p2b: Sneasler\n|-damage|p2b: Sneasler|36/100\n|move|p2a: Ninetales|Nasty Plot|p2a: Ninetales\n|-boost|p2a: Ninetales|spa|2\n|\n|-weather|SunnyDay|[upkeep]\n|upkeep\n|turn|7\n|inactive|mnmnmnmnm6 has 30 seconds left.\n|inactive|mnmnmnmnm6 has 20 seconds left.\n|inactive|mnmnmnmnm6 has 15 seconds left.\n|\n|t:|1776314650\n|-formechange|p1b: Aegislash|Aegislash|\n|move|p1b: Aegislash|King's Shield|p1b: Aegislash\n|-singleturn|p1b: Aegislash|Protect\n|move|p2a: Ninetales|Protect|p2a: Ninetales\n|-singleturn|p2a: Ninetales|Protect\n|move|p2b: Sneasler|Protect|p2b: Sneasler\n|-singleturn|p2b: Sneasler|Protect\n|move|p1a: Gardevoir|Psychic|p2b: Sneasler\n|-activate|p2b: Sneasler|move: Protect\n|\n|-weather|SunnyDay|[upkeep]\n|-fieldend|move: Trick Room\n|upkeep\n|turn|8\n|inactive|askeru has 30 seconds left.\n|inactive|askeru has 20 seconds left.\n|\n|t:|1776314688\n|move|p1a: Gardevoir|Protect|p1a: Gardevoir\n|-singleturn|p1a: Gardevoir|Protect\n|move|p2b: Sneasler|Rock Tomb|p1a: Gardevoir\n|-activate|p1a: Gardevoir|move: Protect\n|move|p2a: Ninetales|Mystical Fire|p1b: Aegislash\n|-supereffective|p1b: Aegislash|1\n|-damage|p1b: Aegislash|0 fnt\n|faint|p1b: Aegislash\n|\n|-weather|SunnyDay|[upkeep]\n|upkeep\n|\n|t:|1776314696\n|switch|p1b: Farigiraf|Farigiraf, L50, F|100/100\n|turn|9\n|\n|t:|1776314717\n|move|p2b: Sneasler|Close Combat|p1b: Farigiraf\n|-damage|p1b: Farigiraf|38/100\n|-unboost|p2b: Sneasler|def|1\n|-unboost|p2b: Sneasler|spd|1\n|-enditem|p2b: Sneasler|White Herb\n|-clearnegativeboost|p2b: Sneasler|[silent]\n|move|p1a: Gardevoir|Psychic|p2b: Sneasler\n|-supereffective|p2b: Sneasler|2\n|-crit|p2b: Sneasler\n|-damage|p2b: Sneasler|0 fnt\n|faint|p2b: Sneasler\n|move|p2a: Ninetales|Mystical Fire|p1a: Gardevoir\n|-damage|p1a: Gardevoir|0 fnt\n|faint|p1a: Gardevoir\n|move|p1b: Farigiraf|Psychic|p2a: Ninetales\n|-damage|p2a: Ninetales|15/100\n|-unboost|p2a: Ninetales|spd|1\n|\n|-weather|SunnyDay|[upkeep]\n|upkeep\n|turn|10\n|\n|t:|1776314736\n|move|p1b: Farigiraf|Protect|p1b: Farigiraf\n|-singleturn|p1b: Farigiraf|Protect\n|move|p2a: Ninetales|Mystical Fire|p1b: Farigiraf\n|-activate|p1b: Farigiraf|move: Protect\n|\n|-weather|none\n|upkeep\n|turn|11\n|\n|t:|1776314743\n|move|p2a: Ninetales|Mystical Fire|p1b: Farigiraf\n|-damage|p1b: Farigiraf|0 fnt\n|faint|p1b: Farigiraf\n|\n|win|askeru\n|raw|mnmnmnmnm6's rating: 1120 &rarr; <strong>1101</strong><br />(-19 for losing)\n|raw|askeru's rating: 1199 &rarr; <strong>1218</strong><br />(+19 for winning)\n|c|\u2606askeru|gg\n",
  "uploadtime": 1776314754,
  "views": 23,
  "formatid": "gen9championsvgc2026regma",
  "rating": 1101,
  "private": 0,
  "password": null
}