{
  "id": "gen9championsvgc2026regma-2581888114",
  "format": "[Gen 9 Champions] VGC 2026 Reg M-A",
  "players": [
    "GrxmIsTaken",
    "L_Yami_H"
  ],
  "log": "|j|\u2606GrxmIsTaken\n|j|\u2606L_Yami_H\n|t:|1776036922\n|gametype|doubles\n|player|p1|GrxmIsTaken|blaine|1111\n|player|p2|L_Yami_H|ghetsis|1186\n|gen|9\n|tier|[Gen 9 Champions] VGC 2026 Reg M-A\n|rated|\n|rule|Species Clause: Limit one of each Pok\u00e9mon\n|rule|Item Clause: Limit 1 of each item\n|clearpoke\n|poke|p1|Golurk, L50|\n|poke|p1|Farigiraf, L50, M|\n|poke|p1|Torkoal, L50, F|\n|poke|p1|Venusaur, L50, F|\n|poke|p1|Sneasler, L50, F|\n|poke|p1|Incineroar, L50, M|\n|poke|p2|Sableye, L50, M|\n|poke|p2|Victreebel, L50, F|\n|poke|p2|Farigiraf, L50, M|\n|poke|p2|Araquanid, L50, F|\n|poke|p2|Arcanine, L50, M|\n|poke|p2|Raichu, L50, M|\n|teampreview|4\n|inactive|Battle timer is ON: inactive players will automatically lose when time's up. (requested by GrxmIsTaken)\n|inactive|GrxmIsTaken has 60 seconds left.\n|\n|t:|1776036967\n|teamsize|p1|4\n|teamsize|p2|4\n|start\n|switch|p1a: Torkoal|Torkoal, L50, F|100/100\n|switch|p1b: Venusaur|Venusaur, L50, F|100/100\n|switch|p2a: Yami|Sableye, L50, M|100/100\n|switch|p2b: Gabu|Arcanine, L50, M|100/100\n|-ability|p2b: Gabu|Intimidate|boost\n|-unboost|p1a: Torkoal|atk|1\n|-unboost|p1b: Venusaur|atk|1\n|-weather|SunnyDay|[from] ability: Drought|[of] p1a: Torkoal\n|turn|1\n|\n|t:|1776036989\n|move|p2a: Yami|Fake Out|p1b: Venusaur\n|-damage|p1b: Venusaur|88/100\n|cant|p1b: Venusaur|flinch\n|move|p2b: Gabu|Snarl|p1a: Torkoal|[spread] p1a,p1b\n|-damage|p1a: Torkoal|87/100\n|-damage|p1b: Venusaur|80/100\n|-unboost|p1a: Torkoal|spa|1\n|-unboost|p1b: Venusaur|spa|1\n|move|p1a: Torkoal|Eruption|p2a: Yami|[spread] p2a,p2b\n|-resisted|p2b: Gabu|1\n|-damage|p2a: Yami|18/100\n|-damage|p2b: Gabu|79/100\n|\n|-weather|SunnyDay|[upkeep]\n|upkeep\n|turn|2\n|\n|t:|1776037013\n|switch|p1b: Incineroar|Incineroar, L50, M|100/100\n|-ability|p1b: Incineroar|Intimidate|boost\n|-unboost|p2a: Yami|atk|1\n|-unboost|p2b: Gabu|atk|1\n|move|p2a: Yami|Skill Swap|p1b: Incineroar\n|-hint|Since gen 7, Dark is immune to Prankster moves.\n|-immune|p1b: Incineroar\n|move|p2b: Gabu|Heat Wave|p1a: Torkoal|[spread] p1a,p1b\n|-resisted|p1a: Torkoal|1\n|-resisted|p1b: Incineroar|1\n|-damage|p1a: Torkoal|63/100\n|-damage|p1b: Incineroar|84/100\n|move|p1a: Torkoal|Heat Wave|p2a: Yami|[spread] p2a,p2b\n|-resisted|p2b: Gabu|1\n|-damage|p2a: Yami|0 fnt\n|-damage|p2b: Gabu|64/100\n|faint|p2a: Yami\n|\n|-weather|SunnyDay|[upkeep]\n|upkeep\n|\n|t:|1776037020\n|switch|p2a: Weeber|Araquanid, L50, F|100/100\n|turn|3\n|\n|t:|1776037032\n|switch|p2b: J.H|Farigiraf, L50, M|100/100\n|move|p1b: Incineroar|Fake Out||[still]\n|cant|p2b: J.H|ability: Armor Tail|Fake Out|[of] p1b: Incineroar\n|move|p2a: Weeber|Liquidation|p1b: Incineroar\n|-supereffective|p1b: Incineroar|1\n|-damage|p1b: Incineroar|24/100\n|-unboost|p1b: Incineroar|def|1\n|move|p1a: Torkoal|Heat Wave|p2b: J.H|[spread] p2a\n|-miss|p1a: Torkoal|p2b: J.H\n|-damage|p2a: Weeber|84/100\n|\n|-weather|SunnyDay|[upkeep]\n|-heal|p2a: Weeber|90/100|[from] item: Leftovers\n|upkeep\n|turn|4\n|\n|t:|1776037051\n|move|p1b: Incineroar|Throat Chop|p2b: J.H\n|-supereffective|p2b: J.H|1\n|-damage|p2b: J.H|50/100\n|-start|p2b: J.H|Throat Chop|[silent]\n|move|p2b: J.H|Twin Beam|p1a: Torkoal\n|-damage|p1a: Torkoal|28/100\n|-damage|p1a: Torkoal|0 fnt\n|faint|p1a: Torkoal\n|-hitcount|p1: Torkoal|2\n|move|p2a: Weeber|Leech Life|p1b: Incineroar\n|-damage|p1b: Incineroar|0 fnt\n|-heal|p2a: Weeber|100/100|[from] drain|[of] p1b: Incineroar\n|faint|p1b: Incineroar\n|\n|-weather|SunnyDay|[upkeep]\n|upkeep\n|\n|t:|1776037063\n|switch|p1b: Venusaur|Venusaur, L50, F|80/100\n|switch|p1a: Golurk|Golurk, L50|100/100\n|turn|5\n|\n|t:|1776037074\n|detailschange|p1a: Golurk|Golurk-Mega, L50\n|-mega|p1a: Golurk|Golurk|Golurkite\n|move|p2a: Weeber|Protect|p2a: Weeber\n|-singleturn|p2a: Weeber|Protect\n|move|p1b: Venusaur|Sludge Bomb|p2a: Weeber\n|-activate|p2a: Weeber|move: Protect\n|move|p1a: Golurk|Poltergeist|p2a: Weeber\n|-activate|p2a: Weeber|move: Protect\n|move|p2b: J.H|Trick Room|p2b: J.H\n|-fieldstart|move: Trick Room|[of] p2b: J.H\n|\n|-weather|none\n|-end|p2b: J.H|Throat Chop|[silent]\n|upkeep\n|turn|6\n|\n|t:|1776037097\n|move|p1a: Golurk|Protect|p1a: Golurk\n|-singleturn|p1a: Golurk|Protect\n|move|p2a: Weeber|Liquidation|p1a: Golurk\n|-activate|p1a: Golurk|move: Protect\n|move|p2b: J.H|Twin Beam|p1b: Venusaur\n|-supereffective|p1b: Venusaur|1\n|-damage|p1b: Venusaur|34/100\n|-supereffective|p1b: Venusaur|1\n|-damage|p1b: Venusaur|0 fnt\n|faint|p1b: Venusaur\n|-hitcount|p1: Venusaur|2\n|\n|upkeep\n|turn|7\n|-message|GrxmIsTaken forfeited.\n|\n|win|L_Yami_H\n|raw|GrxmIsTaken's rating: 1111 &rarr; <strong>1091</strong><br />(-20 for losing)\n|raw|L_Yami_H's rating: 1186 &rarr; <strong>1206</strong><br />(+20 for winning)\n|l|\u2606GrxmIsTaken\n|player|p1|\n",
  "uploadtime": 1776037110,
  "views": 14,
  "formatid": "gen9championsvgc2026regma",
  "rating": 1091,
  "private": 0,
  "password": null
}