{
  "id": "gen9championsvgc2026regma-2582856227",
  "format": "[Gen 9 Champions] VGC 2026 Reg M-A",
  "players": [
    "cabrino",
    "OrtegaFX"
  ],
  "log": "|j|\u2606cabrino\n|j|\u2606OrtegaFX\n|t:|1776119505\n|gametype|doubles\n|player|p1|cabrino|depotagent|1490\n|player|p2|OrtegaFX|n|1500\n|gen|9\n|tier|[Gen 9 Champions] VGC 2026 Reg M-A\n|rated|\n|rule|Species Clause: Limit one of each Pok\u00e9mon\n|rule|Item Clause: Limit 1 of each item\n|clearpoke\n|poke|p1|Charizard, L50, M|\n|poke|p1|Aerodactyl, L50, F|\n|poke|p1|Garchomp, L50, M|\n|poke|p1|Farigiraf, L50, M|\n|poke|p1|Sneasler, L50, M|\n|poke|p1|Kingambit, L50, M|\n|poke|p2|Charizard, L50, M|\n|poke|p2|Whimsicott, L50, F|\n|poke|p2|Garchomp, L50, F|\n|poke|p2|Farigiraf, L50, F|\n|poke|p2|Sneasler, L50, F|\n|poke|p2|Kingambit, L50, M|\n|teampreview|4\n|inactive|Battle timer is ON: inactive players will automatically lose when time's up. (requested by OrtegaFX)\n|inactive|OrtegaFX has 60 seconds left.\n|inactive|OrtegaFX has 30 seconds left.\n|l|\u2606cabrino\n|inactive|cabrino disconnected and has a minute to reconnect!\n|player|p1|\n|inactive|OrtegaFX has 20 seconds left.\n|j|\u2606cabrino\n|inactive|cabrino reconnected.\n|player|p1|cabrino|depotagent|\n|inactive|OrtegaFX has 15 seconds left.\n|inactive|OrtegaFX has 10 seconds left.\n|inactive|OrtegaFX has 5 seconds left.\n|\n|t:|1776119593\n|teamsize|p1|4\n|teamsize|p2|4\n|start\n|switch|p1a: Garchalipe|Garchomp, L50, M|100/100\n|switch|p1b: AeroNarfi|Aerodactyl, L50, F, shiny|100/100\n|switch|p2a: Whimsicott|Whimsicott, L50, F, shiny|100/100\n|switch|p2b: Charizard|Charizard, L50, M, shiny|100/100\n|-ability|p1b: AeroNarfi|Unnerve\n|turn|1\n|\n|t:|1776119617\n|move|p2b: Charizard|Protect|p2b: Charizard\n|-singleturn|p2b: Charizard|Protect\n|move|p1b: AeroNarfi|Tailwind|p1b: AeroNarfi\n|-sidestart|p1: cabrino|move: Tailwind\n|move|p1a: Garchalipe|Rock Slide|p2a: Whimsicott|[spread] p2a\n|-activate|p2b: Charizard|move: Protect\n|-damage|p2a: Whimsicott|71/100\n|move|p2a: Whimsicott|Moonblast|p1a: Garchalipe\n|-supereffective|p1a: Garchalipe|1\n|-crit|p1a: Garchalipe\n|-damage|p1a: Garchalipe|0 fnt\n|faint|p1a: Garchalipe\n|\n|upkeep\n|\n|t:|1776119633\n|switch|p1a: Pugsy Hunter|Sneasler, L50, M, shiny|100/100\n|turn|2\n|inactive|OrtegaFX has 30 seconds left.\n|\n|t:|1776119666\n|switch|p2b: Sneasler|Sneasler, L50, F|100/100\n|move|p1a: Pugsy Hunter|Fake Out|p2a: Whimsicott\n|-damage|p2a: Whimsicott|51/100\n|cant|p2a: Whimsicott|flinch\n|move|p1b: AeroNarfi|Dual Wingbeat|p2a: Whimsicott\n|-supereffective|p2a: Whimsicott|1\n|-damage|p2a: Whimsicott|0 fnt\n|faint|p2a: Whimsicott\n|-hitcount|p2: Whimsicott|1\n|\n|upkeep\n|\n|t:|1776119686\n|switch|p2a: Garchomp|Garchomp, L50, F|100/100\n|turn|3\n|j| ElGuille7\n|inactive|OrtegaFX has 30 seconds left.\n|inactive|OrtegaFX has 20 seconds left.\n|inactive|OrtegaFX has 15 seconds left.\n|\n|t:|1776119729\n|move|p1b: AeroNarfi|Protect|p1b: AeroNarfi\n|-singleturn|p1b: AeroNarfi|Protect\n|move|p2b: Sneasler|Fake Out|p1b: AeroNarfi\n|-activate|p1b: AeroNarfi|move: Protect\n|move|p1a: Pugsy Hunter|Close Combat|p2a: Garchomp\n|-damage|p2a: Garchomp|37/100\n|-unboost|p1a: Pugsy Hunter|def|1\n|-unboost|p1a: Pugsy Hunter|spd|1\n|-damage|p1a: Pugsy Hunter|88/100|[from] ability: Rough Skin|[of] p2a: Garchomp\n|-enditem|p1a: Pugsy Hunter|White Herb\n|-clearnegativeboost|p1a: Pugsy Hunter|[silent]\n|move|p2a: Garchomp|Rock Slide|p1a: Pugsy Hunter|[spread] p1a\n|-activate|p1b: AeroNarfi|move: Protect\n|-resisted|p1a: Pugsy Hunter|1\n|-damage|p1a: Pugsy Hunter|71/100\n|\n|upkeep\n|turn|4\n|\n|t:|1776119753\n|move|p1a: Pugsy Hunter|Close Combat|p2a: Garchomp\n|-damage|p2a: Garchomp|0 fnt\n|-unboost|p1a: Pugsy Hunter|def|1\n|-unboost|p1a: Pugsy Hunter|spd|1\n|-damage|p1a: Pugsy Hunter|58/100|[from] ability: Rough Skin|[of] p2a: Garchomp\n|faint|p2a: Garchomp\n|move|p1b: AeroNarfi|Dual Wingbeat|p2b: Sneasler\n|-supereffective|p2b: Sneasler|1\n|-damage|p2b: Sneasler|35/100\n|-supereffective|p2b: Sneasler|1\n|-damage|p2b: Sneasler|0 fnt\n|faint|p2b: Sneasler\n|-hitcount|p2: Sneasler|2\n|\n|-sideend|p1: cabrino|move: Tailwind\n|upkeep\n|\n|t:|1776119759\n|switch|p2b: Charizard|Charizard, L50, M, shiny|100/100\n|turn|5\n|\n|t:|1776119768\n|detailschange|p2b: Charizard|Charizard-Mega-Y, L50, M, shiny\n|-mega|p2b: Charizard|Charizard|Charizardite Y\n|-weather|SunnyDay|[from] ability: Drought|[of] p2b: Charizard\n|move|p1a: Pugsy Hunter|Rock Tomb|p2b: Charizard\n|-supereffective|p2b: Charizard|2\n|-damage|p2b: Charizard|8/100\n|-unboost|p2b: Charizard|spe|1\n|move|p1b: AeroNarfi|Tailwind|p1b: AeroNarfi\n|-sidestart|p1: cabrino|move: Tailwind\n|move|p2b: Charizard|Heat Wave|p1a: Pugsy Hunter|[spread] p1a,p1b\n|-resisted|p1b: AeroNarfi|1\n|-damage|p1a: Pugsy Hunter|0 fnt\n|-damage|p1b: AeroNarfi|52/100\n|-status|p1b: AeroNarfi|brn\n|faint|p1a: Pugsy Hunter\n|\n|-weather|SunnyDay|[upkeep]\n|-damage|p1b: AeroNarfi|46/100 brn|[from] brn\n|upkeep\n|j| Meitenkunkunkun\n|\n|t:|1776119780\n|switch|p1a: Cabrizard|Charizard, L50, M, shiny|100/100\n|turn|6\n|\n|t:|1776119787\n|detailschange|p1a: Cabrizard|Charizard-Mega-Y, L50, M, shiny\n|-mega|p1a: Cabrizard|Charizard|Charizardite Y\n|move|p1b: AeroNarfi|Rock Slide|p2b: Charizard\n|-supereffective|p2b: Charizard|2\n|-damage|p2b: Charizard|0 fnt\n|faint|p2b: Charizard\n|\n|win|cabrino\n|raw|cabrino's rating: 1490 &rarr; <strong>1511</strong><br />(+21 for winning)\n|raw|OrtegaFX's rating: 1500 &rarr; <strong>1479</strong><br />(-21 for losing)\n|l|\u2606OrtegaFX\n|player|p2|\n|l| Meitenkunkunkun\n",
  "uploadtime": 1776120019,
  "views": 83,
  "formatid": "gen9championsvgc2026regma",
  "rating": 1479,
  "private": 0,
  "password": null
}