{
  "id": "gen9championsvgc2026regma-2583813232",
  "format": "[Gen 9 Champions] VGC 2026 Reg M-A",
  "players": [
    "loneluna",
    "Pandyc"
  ],
  "log": "|j|\u2606loneluna\n|j|\u2606Pandyc\n|t:|1776199676\n|gametype|doubles\n|player|p1|loneluna|hilbert|1075\n|player|p2|Pandyc|caitlin|1030\n|gen|9\n|tier|[Gen 9 Champions] VGC 2026 Reg M-A\n|rated|\n|rule|Species Clause: Limit one of each Pok\u00e9mon\n|rule|Item Clause: Limit 1 of each item\n|clearpoke\n|poke|p1|Whimsicott, L50, F|\n|poke|p1|Armarouge, L50, F|\n|poke|p1|Primarina, L50, M|\n|poke|p1|Kangaskhan, L50, F|\n|poke|p1|Aerodactyl, L50, F|\n|poke|p1|Kingambit, L50, M|\n|poke|p2|Gardevoir, L50, M|\n|poke|p2|Incineroar, L50, M|\n|poke|p2|Sinistcha, L50|\n|poke|p2|Garchomp, L50, F|\n|poke|p2|Rotom-Wash, L50|\n|poke|p2|Aerodactyl, L50, F|\n|teampreview|4\n|inactive|Battle timer is ON: inactive players will automatically lose when time's up. (requested by loneluna)\n|inactive|Pandyc has 60 seconds left.\n|\n|t:|1776199755\n|teamsize|p1|4\n|teamsize|p2|4\n|start\n|switch|p1a: Whimsicott|Whimsicott, L50, F, shiny|100/100\n|switch|p1b: Kangaskhan|Kangaskhan, L50, F|100/100\n|switch|p2a: Garchomp|Garchomp, L50, F|100/100\n|switch|p2b: Rotom|Rotom-Wash, L50|100/100\n|turn|1\n|\n|t:|1776199775\n|detailschange|p1b: Kangaskhan|Kangaskhan-Mega, L50, F\n|-mega|p1b: Kangaskhan|Kangaskhan|Kangaskhanite\n|move|p2a: Garchomp|Protect|p2a: Garchomp\n|-singleturn|p2a: Garchomp|Protect\n|move|p1a: Whimsicott|Tailwind|p1a: Whimsicott\n|-sidestart|p1: loneluna|move: Tailwind\n|move|p1b: Kangaskhan|Double-Edge|p2b: Rotom\n|-damage|p2b: Rotom|27/100\n|-enditem|p2b: Rotom|Sitrus Berry|[eat]\n|-heal|p2b: Rotom|52/100|[from] item: Sitrus Berry\n|-damage|p2b: Rotom|36/100\n|-hitcount|p2b: Rotom|2\n|-damage|p1b: Kangaskhan|79/100|[from] Recoil\n|move|p2b: Rotom|Will-O-Wisp|p1b: Kangaskhan\n|-status|p1b: Kangaskhan|brn\n|\n|-damage|p1b: Kangaskhan|73/100 brn|[from] brn\n|upkeep\n|turn|2\n|inactive|Pandyc has 30 seconds left.\n|\n|t:|1776199802\n|switch|p2a: Incineroar|Incineroar, L50, M|100/100\n|-ability|p2a: Incineroar|Intimidate|boost\n|-unboost|p1a: Whimsicott|atk|1\n|-unboost|p1b: Kangaskhan|atk|1\n|move|p2b: Rotom|Protect|p2b: Rotom\n|-singleturn|p2b: Rotom|Protect\n|move|p1a: Whimsicott|Moonblast|p2a: Incineroar\n|-damage|p2a: Incineroar|76/100\n|move|p1b: Kangaskhan|Double-Edge|p2b: Rotom\n|-activate|p2b: Rotom|move: Protect\n|\n|-damage|p1b: Kangaskhan|67/100 brn|[from] brn\n|upkeep\n|turn|3\n|\n|t:|1776199826\n|switch|p2b: Garchomp|Garchomp, L50, F|100/100\n|move|p2a: Incineroar|Fake Out|p1a: Whimsicott\n|-damage|p1a: Whimsicott|88/100\n|cant|p1a: Whimsicott|flinch\n|move|p1b: Kangaskhan|Double-Edge|p2a: Incineroar\n|-damage|p2a: Incineroar|58/100\n|-damage|p2a: Incineroar|54/100\n|-hitcount|p2a: Incineroar|2\n|-damage|p1b: Kangaskhan|59/100 brn|[from] Recoil\n|\n|-damage|p1b: Kangaskhan|53/100 brn|[from] brn\n|upkeep\n|turn|4\n|inactive|loneluna has 30 seconds left.\n|inactive|Pandyc has 30 seconds left.\n|inactive|Pandyc has 20 seconds left.\n|inactive|Pandyc has 15 seconds left.\n|\n|t:|1776199866\n|switch|p2b: Rotom|Rotom-Wash, L50|36/100\n|move|p1a: Whimsicott|Encore|p2a: Incineroar\n|-hint|Since gen 7, Dark is immune to Prankster moves.\n|-immune|p2a: Incineroar\n|move|p1b: Kangaskhan|Double-Edge|p2b: Rotom\n|-damage|p2b: Rotom|13/100\n|-crit|p2b: Rotom\n|-damage|p2b: Rotom|1/100\n|-hitcount|p2b: Rotom|2\n|-damage|p1b: Kangaskhan|45/100 brn|[from] Recoil\n|move|p2a: Incineroar|Flare Blitz|p1a: Whimsicott\n|-supereffective|p1a: Whimsicott|1\n|-damage|p1a: Whimsicott|0 fnt\n|faint|p1a: Whimsicott\n|-damage|p2a: Incineroar|29/100|[from] Recoil\n|\n|-damage|p1b: Kangaskhan|39/100 brn|[from] brn\n|-sideend|p1: loneluna|move: Tailwind\n|upkeep\n|\n|t:|1776199877\n|switch|p1a: Primarina|Primarina, L50, M|100/100\n|turn|5\n|inactive|Pandyc has 30 seconds left.\n|\n|t:|1776199909\n|move|p2b: Rotom|Protect|p2b: Rotom\n|-singleturn|p2b: Rotom|Protect\n|move|p1b: Kangaskhan|Sucker Punch||[still]\n|-fail|p1b: Kangaskhan\n|move|p2a: Incineroar|Throat Chop|p1a: Primarina\n|-resisted|p1a: Primarina|1\n|-damage|p1a: Primarina|86/100\n|-start|p1a: Primarina|Throat Chop|[silent]\n|cant|p1a: Primarina|move: Throat Chop\n|\n|-heal|p1a: Primarina|92/100|[from] item: Leftovers\n|-damage|p1b: Kangaskhan|33/100 brn|[from] brn\n|upkeep\n|turn|6\n|\n|t:|1776199932\n|move|p1b: Kangaskhan|Sucker Punch|p2b: Rotom\n|-damage|p2b: Rotom|0 fnt\n|faint|p2b: Rotom\n|-hitcount|p2: Rotom|1\n|move|p2a: Incineroar|Parting Shot|p1a: Primarina\n|-unboost|p1a: Primarina|atk|1\n|-unboost|p1a: Primarina|spa|1\n|\n|t:|1776199940\n|switch|p2a: Gardevoir|Gardevoir, L50, M|100/100|[from] Parting Shot\n|move|p1a: Primarina|Moonblast|p2a: Gardevoir\n|-damage|p2a: Gardevoir|73/100\n|\n|-heal|p1a: Primarina|98/100|[from] item: Leftovers\n|-damage|p1b: Kangaskhan|26/100 brn|[from] brn\n|-end|p1a: Primarina|Throat Chop|[silent]\n|upkeep\n|\n|t:|1776199951\n|switch|p2b: Garchomp|Garchomp, L50, F|100/100\n|turn|7\n|\n|t:|1776199962\n|switch|p1a: Kingambit|Kingambit, L50, M|100/100\n|move|p2b: Garchomp|Earthquake|p1b: Kangaskhan|[spread] p1a,p1b\n|-activate|p2a: Gardevoir|ability: Telepathy\n|-supereffective|p1a: Kingambit|1\n|-damage|p1a: Kingambit|37/100\n|-damage|p1b: Kangaskhan|0 fnt\n|faint|p1b: Kangaskhan\n|move|p2a: Gardevoir|Psychic|p1a: Kingambit\n|-immune|p1a: Kingambit\n|\n|upkeep\n|\n|t:|1776199972\n|switch|p1b: Primarina|Primarina, L50, M|98/100\n|turn|8\n|\n|t:|1776199981\n|move|p1a: Kingambit|Protect|p1a: Kingambit\n|-singleturn|p1a: Kingambit|Protect\n|move|p2b: Garchomp|Earthquake|p1a: Kingambit|[spread] p1b\n|-activate|p1a: Kingambit|move: Protect\n|-activate|p2a: Gardevoir|ability: Telepathy\n|-damage|p1b: Primarina|51/100\n|move|p2a: Gardevoir|Psychic|p1b: Primarina\n|-damage|p1b: Primarina|14/100\n|move|p1b: Primarina|Moonblast|p2b: Garchomp\n|-supereffective|p2b: Garchomp|1\n|-damage|p2b: Garchomp|0 fnt\n|faint|p2b: Garchomp\n|\n|-heal|p1b: Primarina|20/100|[from] item: Leftovers\n|upkeep\n|\n|t:|1776199996\n|switch|p2b: Incineroar|Incineroar, L50, M|29/100\n|-ability|p2b: Incineroar|Intimidate|boost\n|-unboost|p1a: Kingambit|atk|1\n|-ability|p1a: Kingambit|Defiant|boost\n|-boost|p1a: Kingambit|atk|2\n|-unboost|p1b: Primarina|atk|1\n|turn|9\n|\n|t:|1776200009\n|detailschange|p2a: Gardevoir|Gardevoir-Mega, L50, M\n|-mega|p2a: Gardevoir|Gardevoir|Gardevoirite\n|move|p2b: Incineroar|Fake Out|p1a: Kingambit\n|-resisted|p1a: Kingambit|1\n|-damage|p1a: Kingambit|33/100\n|cant|p1a: Kingambit|flinch\n|move|p2a: Gardevoir|Hyper Voice|p1a: Kingambit|[spread] p1a,p1b\n|-damage|p1a: Kingambit|0 fnt\n|-damage|p1b: Primarina|0 fnt\n|faint|p1a: Kingambit\n|faint|p1b: Primarina\n|\n|win|Pandyc\n|raw|loneluna's rating: 1075 &rarr; <strong>1051</strong><br />(-24 for losing)\n|raw|Pandyc's rating: 1030 &rarr; <strong>1070</strong><br />(+40 for winning)\n|l|\u2606loneluna\n|player|p1|\n",
  "uploadtime": 1776200020,
  "views": 16,
  "formatid": "gen9championsvgc2026regma",
  "rating": 1051,
  "private": 0,
  "password": null
}