{
  "id": "gen9championsvgc2026regma-2581816603",
  "format": "[Gen 9 Champions] VGC 2026 Reg M-A",
  "players": [
    "Tabula Rasa (TB)",
    "Duck-Monke"
  ],
  "log": "|j|\u2606Tabula Rasa (TB)\n|j|\u2606Duck-Monke\n|t:|1776030757\n|gametype|doubles\n|player|p1|Tabula Rasa (TB)|zinzolin|1186\n|player|p2|Duck-Monke|170|1107\n|gen|9\n|tier|[Gen 9 Champions] VGC 2026 Reg M-A\n|rated|\n|rule|Species Clause: Limit one of each Pok\u00e9mon\n|rule|Item Clause: Limit 1 of each item\n|clearpoke\n|poke|p1|Dragapult, L50, M|\n|poke|p1|Dragonite, L50, M|\n|poke|p1|Pelipper, L50, M|\n|poke|p1|Basculegion, L50, M|\n|poke|p1|Meowstic, L50, M|\n|poke|p1|Kingambit, L50, M|\n|poke|p2|Scizor, L50, M|\n|poke|p2|Milotic, L50, M|\n|poke|p2|Incineroar, L50, F|\n|poke|p2|Floette-Eternal, L50, F|\n|poke|p2|Aerodactyl, L50, F|\n|poke|p2|Garchomp, L50, M|\n|teampreview|4\n|inactive|Battle timer is ON: inactive players will automatically lose when time's up. (requested by Tabula Rasa (TB))\n|inactive|Duck-Monke has 60 seconds left.\n|\n|t:|1776030793\n|teamsize|p1|4\n|teamsize|p2|4\n|start\n|switch|p1a: Druid|Basculegion, L50, M, shiny|100/100\n|switch|p1b: Fin|Pelipper, L50, M, shiny|100/100\n|switch|p2a: Floette|Floette-Eternal, L50, F|100/100\n|switch|p2b: Incineroar|Incineroar, L50, F|100/100\n|-weather|RainDance|[from] ability: Drizzle|[of] p1b: Fin\n|-ability|p2b: Incineroar|Intimidate|boost\n|-unboost|p1a: Druid|atk|1\n|-unboost|p1b: Fin|atk|1\n|turn|1\n|inactive|Duck-Monke has 30 seconds left.\n|\n|t:|1776030828\n|detailschange|p2a: Floette|Floette-Mega, L50, F\n|-mega|p2a: Floette|Floette|Floettite\n|-ability|p2a: Floette|Fairy Aura\n|move|p1b: Fin|Helping Hand|p1a: Druid\n|-singleturn|p1a: Druid|Helping Hand|[of] p1b: Fin\n|move|p2b: Incineroar|Fake Out|p1b: Fin\n|-damage|p1b: Fin|86/100\n|move|p1a: Druid|Wave Crash|p2a: Floette\n|-damage|p2a: Floette|0 fnt\n|faint|p2a: Floette\n|-damage|p1a: Druid|74/100|[from] Recoil\n|\n|-weather|RainDance|[upkeep]\n|upkeep\n|\n|t:|1776030845\n|switch|p2a: Aerodactyl|Aerodactyl, L50, F|100/100\n|-ability|p2a: Aerodactyl|Unnerve\n|turn|2\n|\n|t:|1776030858\n|switch|p2b: Milotic|Milotic, L50, M|100/100\n|move|p1a: Druid|Wave Crash|p2a: Aerodactyl\n|-supereffective|p2a: Aerodactyl|1\n|-enditem|p2a: Aerodactyl|Focus Sash\n|-damage|p2a: Aerodactyl|1/100\n|-damage|p1a: Druid|48/100|[from] Recoil\n|move|p2a: Aerodactyl|Tailwind|p2a: Aerodactyl\n|-sidestart|p2: Duck-Monke|move: Tailwind\n|move|p1b: Fin|Tailwind|p1b: Fin\n|-sidestart|p1: Tabula Rasa (TB)|move: Tailwind\n|\n|-weather|RainDance|[upkeep]\n|upkeep\n|turn|3\n|\n|t:|1776030871\n|move|p2a: Aerodactyl|Protect|p2a: Aerodactyl\n|-singleturn|p2a: Aerodactyl|Protect\n|move|p1a: Druid|Aqua Jet|p2a: Aerodactyl\n|-activate|p2a: Aerodactyl|move: Protect\n|move|p1b: Fin|Hurricane|p2b: Milotic\n|-damage|p2b: Milotic|63/100\n|-start|p2b: Milotic|confusion\n|-activate|p2b: Milotic|confusion\n|move|p2b: Milotic|Icy Wind|p1b: Fin|[spread] p1a,p1b\n|-resisted|p1a: Druid|1\n|-crit|p1a: Druid\n|-damage|p1a: Druid|38/100\n|-damage|p1b: Fin|63/100\n|-unboost|p1a: Druid|spe|1\n|-unboost|p1b: Fin|spe|1\n|\n|-weather|RainDance|[upkeep]\n|-heal|p2b: Milotic|69/100|[from] item: Leftovers\n|upkeep\n|turn|4\n|\n|t:|1776030892\n|switch|p2a: Incineroar|Incineroar, L50, F|100/100\n|-ability|p2a: Incineroar|Intimidate|boost\n|-unboost|p1a: Druid|atk|1\n|-unboost|p1b: Fin|atk|1\n|move|p1a: Druid|Wave Crash|p2a: Incineroar\n|-supereffective|p2a: Incineroar|1\n|-crit|p2a: Incineroar\n|-damage|p2a: Incineroar|0 fnt\n|faint|p2a: Incineroar\n|-damage|p1a: Druid|4/100|[from] Recoil\n|-activate|p2b: Milotic|confusion\n|move|p2b: Milotic|Scald|p1a: Druid\n|-resisted|p1a: Druid|1\n|-damage|p1a: Druid|0 fnt\n|faint|p1a: Druid\n|move|p1b: Fin|Hurricane|p2b: Milotic\n|-damage|p2b: Milotic|32/100\n|\n|-weather|RainDance|[upkeep]\n|-heal|p2b: Milotic|38/100|[from] item: Leftovers\n|upkeep\n|\n|t:|1776030910\n|switch|p1a: Br\u00f6dy|Meowstic, L50, M, shiny|100/100\n|switch|p2a: Aerodactyl|Aerodactyl, L50, F|1/100\n|-ability|p2a: Aerodactyl|Unnerve\n|turn|5\n|\n|t:|1776030915\n|move|p1a: Br\u00f6dy|Fake Tears|p2a: Aerodactyl\n|-unboost|p2a: Aerodactyl|spd|2\n|move|p2a: Aerodactyl|Rock Slide|p1b: Fin|[spread] p1a,p1b\n|-supereffective|p1b: Fin|1\n|-damage|p1a: Br\u00f6dy|67/100\n|-damage|p1b: Fin|0 fnt\n|faint|p1b: Fin\n|-activate|p2b: Milotic|confusion\n|move|p2b: Milotic|Life Dew|p2b: Milotic|[spread] p2a,p2b\n|-heal|p2a: Aerodactyl|26/100\n|-heal|p2b: Milotic|63/100\n|\n|-weather|none\n|-heal|p2b: Milotic|69/100|[from] item: Leftovers\n|-sideend|p1: Tabula Rasa (TB)|move: Tailwind\n|-sideend|p2: Duck-Monke|move: Tailwind\n|upkeep\n|inactive|Tabula Rasa (TB) has 30 seconds left.\n|\n|t:|1776030950\n|switch|p1b: Thrax|Dragonite, L50, M, shiny|100/100\n|turn|6\n|\n|t:|1776030962\n|detailschange|p1b: Thrax|Dragonite-Mega, L50, M, shiny\n|-mega|p1b: Thrax|Dragonite|Dragoninite\n|move|p1a: Br\u00f6dy|Rain Dance|p1a: Br\u00f6dy\n|-weather|RainDance\n|move|p2a: Aerodactyl|Rock Slide|p1b: Thrax|[spread] p1a,p1b\n|-supereffective|p1b: Thrax|1\n|-damage|p1a: Br\u00f6dy|34/100\n|-damage|p1b: Thrax|76/100\n|move|p1b: Thrax|Thunder|p2a: Aerodactyl\n|-supereffective|p2a: Aerodactyl|1\n|-damage|p2a: Aerodactyl|0 fnt\n|faint|p2a: Aerodactyl\n|-activate|p2b: Milotic|confusion\n|-damage|p2b: Milotic|64/100|[from] confusion\n|\n|-weather|RainDance|[upkeep]\n|-heal|p2b: Milotic|70/100|[from] item: Leftovers\n|upkeep\n|turn|7\n|c|\u2606Duck-Monke|rip\n|c|\u2606Duck-Monke|unlucky\n|\n|t:|1776030982\n|-end|p2b: Milotic|confusion\n|move|p2b: Milotic|Protect|p2b: Milotic\n|-singleturn|p2b: Milotic|Protect\n|move|p1a: Br\u00f6dy|Fake Tears|p2b: Milotic\n|-activate|p2b: Milotic|move: Protect\n|move|p1b: Thrax|Thunder|p2b: Milotic\n|-activate|p2b: Milotic|move: Protect\n|\n|-weather|RainDance|[upkeep]\n|-heal|p2b: Milotic|76/100|[from] item: Leftovers\n|upkeep\n|turn|8\n|c|\u2606Duck-Monke|shit that sucks\n|c|\u2606Duck-Monke|gg\n|\n|t:|1776031004\n|move|p1a: Br\u00f6dy|Fake Tears|p2b: Milotic\n|-unboost|p2b: Milotic|spd|2\n|-ability|p2b: Milotic|Competitive|boost\n|-boost|p2b: Milotic|spa|2\n|move|p1b: Thrax|Thunder|p2b: Milotic\n|-supereffective|p2b: Milotic|1\n|-damage|p2b: Milotic|0 fnt\n|faint|p2b: Milotic\n|\n|win|Tabula Rasa (TB)\n",
  "uploadtime": 1776030998,
  "views": 10,
  "formatid": "gen9championsvgc2026regma",
  "rating": null,
  "private": 0,
  "password": null
}