{
  "id": "gen9championsvgc2026regma-2580473548",
  "format": "[Gen 9 Champions] VGC 2026 Reg M-A",
  "players": [
    "sdfgg",
    "sahamas"
  ],
  "log": "|j|\u2606sdfgg\n|j|\u2606sahamas\n|t:|1775901820\n|gametype|doubles\n|player|p1|sdfgg|cynthia-gen4|1000\n|player|p2|sahamas|101|1000\n|gen|9\n|tier|[Gen 9 Champions] VGC 2026 Reg M-A\n|rated|\n|rule|Species Clause: Limit one of each Pok\u00e9mon\n|rule|Item Clause: Limit 1 of each item\n|clearpoke\n|poke|p1|Sneasler, L50, F|\n|poke|p1|Farigiraf, L50, M|\n|poke|p1|Incineroar, L50, F|\n|poke|p1|Dragapult, L50, F|\n|poke|p1|Whimsicott, L50, F|\n|poke|p1|Milotic, L50, M|\n|poke|p2|Pelipper, L50, F|\n|poke|p2|Sylveon, L50, F|\n|poke|p2|Tyranitar, L50, M|\n|poke|p2|Rotom-Wash, L50|\n|poke|p2|Dragonite, L50, M|\n|poke|p2|Palafin, L50, F|\n|teampreview|4\n|\n|t:|1775901862\n|teamsize|p1|4\n|teamsize|p2|4\n|start\n|switch|p1a: Dragapult|Dragapult, L50, F|100/100\n|switch|p1b: Sneasler|Sneasler, L50, F|100/100\n|switch|p2a: Pelipper|Pelipper, L50, F, shiny|100/100\n|switch|p2b: Palafin|Palafin, L50, F, shiny|100/100\n|-weather|RainDance|[from] ability: Drizzle|[of] p2a: Pelipper\n|turn|1\n|inactive|Battle timer is ON: inactive players will automatically lose when time's up. (requested by sahamas)\n|\n|t:|1775901905\n|move|p1b: Sneasler|Fake Out|p2a: Pelipper\n|-damage|p2a: Pelipper|85/100\n|move|p1a: Dragapult|Phantom Force||[still]\n|-prepare|p1a: Dragapult|Phantom Force\n|move|p2b: Palafin|Flip Turn|p1b: Sneasler\n|-damage|p1b: Sneasler|34/100\n|\n|t:|1775901915\n|detailschange|p2b: Palafin|Palafin-Hero, L50, F, shiny\n|switch|p2b: Rotom|Rotom-Wash, L50, shiny|100/100|[from] Flip Turn\n|cant|p2a: Pelipper|flinch\n|\n|-weather|RainDance|[upkeep]\n|upkeep\n|turn|2\n|\n|t:|1775901936\n|move|p1b: Sneasler|Protect|p1b: Sneasler\n|-singleturn|p1b: Sneasler|Protect\n|move|p2b: Rotom|Volt Switch|p1b: Sneasler\n|-activate|p1b: Sneasler|move: Protect\n|move|p1a: Dragapult|Phantom Force|p2b: Rotom|[from] lockedmove\n|-damage|p2b: Rotom|33/100\n|move|p2a: Pelipper|Tailwind|p2a: Pelipper\n|-sidestart|p2: sahamas|move: Tailwind\n|\n|-weather|RainDance|[upkeep]\n|upkeep\n|turn|3\n|inactive|sdfgg has 30 seconds left.\n|inactive|sdfgg has 20 seconds left.\n|inactive|sdfgg has 15 seconds left.\n|inactive|sdfgg has 10 seconds left.\n|inactive|sdfgg has 5 seconds left.\n|\n|t:|1775901987\n|switch|p1b: Whimsicott|Whimsicott, L50, F|100/100\n|move|p2b: Rotom|Volt Switch|p1b: Whimsicott\n|-resisted|p1b: Whimsicott|1\n|-damage|p1b: Whimsicott|75/100\n|\n|t:|1775901995\n|switch|p2b: Sylveon|Sylveon, L50, F, shiny|100/100|[from] Volt Switch\n|move|p1a: Dragapult|Phantom Force||[still]\n|-prepare|p1a: Dragapult|Phantom Force\n|move|p2a: Pelipper|Icy Wind|p1a: Dragapult|[spread] p1b\n|-miss|p2a: Pelipper|p1a: Dragapult\n|-supereffective|p1b: Whimsicott|1\n|-damage|p1b: Whimsicott|42/100\n|-unboost|p1b: Whimsicott|spe|1\n|\n|-weather|RainDance|[upkeep]\n|upkeep\n|turn|4\n|\n|t:|1775902013\n|move|p1b: Whimsicott|Worry Seed|p2b: Sylveon\n|-ability|p2b: Sylveon|Insomnia|Pixilate|[from] move: Worry Seed\n|move|p1a: Dragapult|Phantom Force|p2b: Sylveon|[from] lockedmove\n|-damage|p2b: Sylveon|25/100\n|move|p2a: Pelipper|Hurricane|p1b: Whimsicott\n|-supereffective|p1b: Whimsicott|1\n|-damage|p1b: Whimsicott|0 fnt\n|faint|p1b: Whimsicott\n|move|p2b: Sylveon|Calm Mind|p2b: Sylveon\n|-boost|p2b: Sylveon|spa|1\n|-boost|p2b: Sylveon|spd|1\n|\n|-weather|RainDance|[upkeep]\n|upkeep\n|\n|t:|1775902028\n|switch|p1b: Sneasler|Sneasler, L50, F|34/100\n|turn|5\n|\n|t:|1775902040\n|move|p2b: Sylveon|Protect|p2b: Sylveon\n|-singleturn|p2b: Sylveon|Protect\n|move|p1b: Sneasler|Fake Out|p2b: Sylveon\n|-activate|p2b: Sylveon|move: Protect\n|move|p1a: Dragapult|Dragon Darts|p2a: Pelipper\n|-damage|p2a: Pelipper|58/100\n|-anim|p1a: Dragapult|Dragon Darts|p2a: Pelipper\n|-damage|p2a: Pelipper|32/100\n|move|p2a: Pelipper|Icy Wind|p1a: Dragapult|[spread] p1a,p1b\n|-supereffective|p1a: Dragapult|1\n|-damage|p1a: Dragapult|61/100\n|-damage|p1b: Sneasler|17/100\n|-unboost|p1b: Sneasler|spe|1\n|-enditem|p1b: Sneasler|White Herb\n|-clearnegativeboost|p1b: Sneasler|[silent]\n|\n|-weather|none\n|-sideend|p2: sahamas|move: Tailwind\n|upkeep\n|turn|6\n|inactive|sahamas has 30 seconds left.\n|\n|t:|1775902070\n|move|p1b: Sneasler|Dire Claw|p2b: Sylveon\n|-supereffective|p2b: Sylveon|1\n|-damage|p2b: Sylveon|0 fnt\n|faint|p2b: Sylveon\n|move|p1a: Dragapult|Dragon Darts|p2a: Pelipper\n|-damage|p2a: Pelipper|7/100\n|-anim|p1a: Dragapult|Dragon Darts|p2a: Pelipper\n|-damage|p2a: Pelipper|0 fnt\n|faint|p2a: Pelipper\n|\n|upkeep\n|\n|t:|1775902080\n|switch|p2a: Palafin|Palafin-Hero, L50, F, shiny|100/100\n|switch|p2b: Rotom|Rotom-Wash, L50, shiny|33/100\n|-activate|p2a: Palafin|ability: Zero to Hero\n|turn|7\n|\n|t:|1775902103\n|switch|p1b: Incineroar|Incineroar, L50, F|100/100\n|-ability|p1b: Incineroar|Intimidate|boost\n|-unboost|p2a: Palafin|atk|1\n|-unboost|p2b: Rotom|atk|1\n|move|p2a: Palafin|Jet Punch|p1b: Incineroar\n|-supereffective|p1b: Incineroar|1\n|-damage|p1b: Incineroar|40/100\n|-enditem|p1b: Incineroar|Sitrus Berry|[eat]\n|-heal|p1b: Incineroar|65/100|[from] item: Sitrus Berry\n|move|p2b: Rotom|Thunder|p1a: Dragapult\n|-resisted|p1a: Dragapult|1\n|-damage|p1a: Dragapult|24/100\n|-status|p1a: Dragapult|par\n|cant|p1a: Dragapult|par\n|\n|upkeep\n|turn|8\n|inactive|sdfgg has 30 seconds left.\n|inactive|sdfgg has 20 seconds left.\n|inactive|sahamas has 30 seconds left.\n|inactive|sahamas has 20 seconds left.\n|\n|t:|1775902149\n|move|p1b: Incineroar|Fake Out|p2b: Rotom\n|-damage|p2b: Rotom|18/100\n|move|p2a: Palafin|Jet Punch|p1b: Incineroar\n|-supereffective|p1b: Incineroar|1\n|-damage|p1b: Incineroar|2/100\n|cant|p2b: Rotom|flinch\n|move|p1a: Dragapult|Phantom Force||[still]\n|-prepare|p1a: Dragapult|Phantom Force\n|\n|upkeep\n|turn|9\n|\n|t:|1775902161\n|move|p1b: Incineroar|Protect|p1b: Incineroar\n|-singleturn|p1b: Incineroar|Protect\n|move|p2a: Palafin|Jet Punch|p1b: Incineroar\n|-activate|p1b: Incineroar|move: Protect\n|move|p2b: Rotom|Thunder|p1a: Dragapult|[miss]\n|-miss|p2b: Rotom|p1a: Dragapult\n|move|p1a: Dragapult|Phantom Force|p2b: Rotom|[from] lockedmove\n|-damage|p2b: Rotom|0 fnt\n|faint|p2b: Rotom\n|\n|upkeep\n|turn|10\n|\n|t:|1775902182\n|switch|p1b: Sneasler|Sneasler, L50, F|17/100\n|move|p2a: Palafin|Jet Punch|p1a: Dragapult\n|-resisted|p1a: Dragapult|1\n|-damage|p1a: Dragapult|0 fnt\n|faint|p1a: Dragapult\n|\n|upkeep\n|\n|t:|1775902188\n|switch|p1a: Incineroar|Incineroar, L50, F|2/100\n|-ability|p1a: Incineroar|Intimidate|boost\n|-unboost|p2a: Palafin|atk|1\n|turn|11\n|\n|t:|1775902196\n|move|p1a: Incineroar|Fake Out|p2a: Palafin\n|-damage|p2a: Palafin|89/100\n|cant|p2a: Palafin|flinch\n|move|p1b: Sneasler|Dire Claw|p2a: Palafin\n|-damage|p2a: Palafin|44/100\n|-status|p2a: Palafin|psn\n|\n|-damage|p2a: Palafin|32/100 psn|[from] psn\n|upkeep\n|turn|12\n|\n|t:|1775902212\n|move|p1b: Sneasler|Protect|p1b: Sneasler\n|-singleturn|p1b: Sneasler|Protect\n|move|p1a: Incineroar|Protect|p1a: Incineroar\n|-singleturn|p1a: Incineroar|Protect\n|move|p2a: Palafin|Jet Punch|p1b: Sneasler\n|-activate|p1b: Sneasler|move: Protect\n|\n|-damage|p2a: Palafin|19/100 psn|[from] psn\n|upkeep\n|turn|13\n|\n|t:|1775902223\n|move|p2a: Palafin|Jet Punch|p1b: Sneasler\n|-damage|p1b: Sneasler|0 fnt\n|faint|p1b: Sneasler\n|move|p1a: Incineroar|Flare Blitz|p2a: Palafin\n|-resisted|p2a: Palafin|1\n|-damage|p2a: Palafin|0 fnt\n|faint|p2a: Palafin\n|-damage|p1a: Incineroar|0 fnt|[from] Recoil\n|faint|p1a: Incineroar\n|\n|win|sdfgg\n|raw|sdfgg's rating: 1000 &rarr; <strong>1040</strong><br />(+40 for winning)\n|raw|sahamas's rating: 1000 &rarr; <strong>1000</strong><br />(+0 for losing)\n|l|\u2606sahamas\n|player|p2|\n",
  "uploadtime": 1775902234,
  "views": 22,
  "formatid": "gen9championsvgc2026regma",
  "rating": 1000,
  "private": 0,
  "password": null
}