{
  "id": "gen9championsvgc2026regma-2587735037",
  "format": "[Gen 9 Champions] VGC 2026 Reg M-A",
  "players": [
    "Squittzle",
    "Wubba Dub Dub"
  ],
  "log": "|j|\u2606Squittzle\n|j|\u2606Wubba Dub Dub\n|t:|1776558702\n|gametype|doubles\n|player|p1|Squittzle|2|1451\n|player|p2|Wubba Dub Dub|n|1461\n|gen|9\n|tier|[Gen 9 Champions] VGC 2026 Reg M-A\n|rated|\n|rule|Species Clause: Limit one of each Pok\u00e9mon\n|rule|Item Clause: Limit 1 of each item\n|clearpoke\n|poke|p1|Zoroark-Hisui, L50, M|\n|poke|p1|Floette-Eternal, L50, F|\n|poke|p1|Kingambit, L50, M|\n|poke|p1|Talonflame, L50, M|\n|poke|p1|Kommo-o, L50, M|\n|poke|p1|Starmie, L50|\n|poke|p2|Delphox, L50, M|\n|poke|p2|Sneasler, L50, F|\n|poke|p2|Kingambit, L50, F|\n|poke|p2|Basculegion, L50, M|\n|poke|p2|Garchomp, L50, F|\n|poke|p2|Whimsicott, L50, M|\n|teampreview|4\n|inactive|Battle timer is ON: inactive players will automatically lose when time's up. (requested by Squittzle)\n|\n|t:|1776558729\n|teamsize|p1|4\n|teamsize|p2|4\n|start\n|switch|p1a: Talonflame|Talonflame, L50, M|100/100\n|switch|p1b: Kingambit|Kingambit, L50, M|100/100\n|switch|p2a: Basculegion|Basculegion, L50, M|100/100\n|switch|p2b: Sneasler|Sneasler, L50, F|100/100\n|turn|1\n|j| Dinkleburg4201\n|\n|t:|1776558743\n|switch|p2a: Whimsicott|Whimsicott, L50, M|100/100\n|move|p1a: Talonflame|Protect|p1a: Talonflame\n|-singleturn|p1a: Talonflame|Protect\n|move|p2b: Sneasler|Close Combat|p1b: Kingambit\n|-immune|p1b: Kingambit\n|move|p1b: Kingambit|Psychic|p2b: Sneasler\n|-supereffective|p2b: Sneasler|2\n|-damage|p2b: Sneasler|0 fnt\n|faint|p2b: Sneasler\n|\n|upkeep\n|\n|t:|1776558762\n|switch|p2b: Delphox|Delphox, L50, M|100/100\n|turn|2\n|\n|t:|1776558777\n|detailschange|p2b: Delphox|Delphox-Mega, L50, M\n|-mega|p2b: Delphox|Delphox|Delphoxite\n|move|p2b: Delphox|Protect|p2b: Delphox\n|-singleturn|p2b: Delphox|Protect\n|move|p1a: Talonflame|Dual Wingbeat|p2a: Whimsicott\n|-supereffective|p2a: Whimsicott|1\n|-damage|p2a: Whimsicott|48/100\n|-supereffective|p2a: Whimsicott|1\n|-damage|p2a: Whimsicott|0 fnt\n|faint|p2a: Whimsicott\n|-hitcount|p2: Whimsicott|2\n|move|p1b: Kingambit|Shadow Ball|p2b: Delphox\n|-activate|p2b: Delphox|move: Protect\n|\n|upkeep\n|c|\u2606Wubba Dub Dub|gg wp\n|c|\u2606Wubba Dub Dub|fun gimmick\n|\n|t:|1776558791\n|switch|p2a: Basculegion|Basculegion, L50, M|100/100\n|turn|3\n|\n|t:|1776558812\n|move|p2a: Basculegion|Aqua Jet|p1a: Talonflame\n|-supereffective|p1a: Talonflame|1\n|-damage|p1a: Talonflame|19/100\n|move|p2b: Delphox|Heat Wave|p1b: Kingambit|[spread] p1a,p1b\n|-resisted|p1a: Talonflame|1\n|-damage|p1a: Talonflame|0 fnt\n|-damage|p1b: Kingambit|12/100\n|replace|p1b: Zoroark|Zoroark-Hisui, L50, M\n|-end|p1b: Zoroark|Illusion\n|faint|p1a: Talonflame\n|move|p1b: Zoroark|Shadow Ball|p2b: Delphox\n|-supereffective|p2b: Delphox|1\n|-damage|p2b: Delphox|28/100\n|-unboost|p2b: Delphox|spd|1\n|\n|upkeep\n|\n|t:|1776558824\n|switch|p1a: Kommo-o|Kommo-o, L50, M|100/100\n|turn|4\n|\n|t:|1776558830\n|move|p2a: Basculegion|Aqua Jet|p1b: Zoroark\n|-damage|p1b: Zoroark|0 fnt\n|faint|p1b: Zoroark\n|move|p1a: Kommo-o|Clanging Scales|p2b: Delphox|[spread] p2a,p2b\n|-damage|p2a: Basculegion|54/100\n|-damage|p2b: Delphox|0 fnt\n|faint|p2b: Delphox\n|-unboost|p1a: Kommo-o|def|1\n|\n|upkeep\n|\n|t:|1776558836\n|switch|p1b: Kingambit|Kingambit, L50, M|100/100\n|turn|5\n|c|\u2606Wubba Dub Dub|scarf kommo is crazzy lol\n|-message|Wubba Dub Dub forfeited.\n|\n|win|Squittzle\n|raw|Squittzle's rating: 1451 &rarr; <strong>1472</strong><br />(+21 for winning)\n|raw|Wubba Dub Dub's rating: 1461 &rarr; <strong>1440</strong><br />(-21 for losing)\n|l|\u2606Wubba Dub Dub\n|player|p2|\n|l|\u2606Squittzle\n|player|p1|\n",
  "uploadtime": 1776558857,
  "views": 21,
  "formatid": "gen9championsvgc2026regma",
  "rating": 1440,
  "private": 0,
  "password": null
}