{
  "id": "gen9championsvgc2026regma-2589408116",
  "format": "[Gen 9 Champions] VGC 2026 Reg M-A",
  "players": [
    "hrl_hammy",
    "jonathan53332"
  ],
  "log": "|j|\u2606hrl_hammy\n|j|\u2606jonathan53332\n|t:|1776720484\n|gametype|doubles\n|player|p1|hrl_hammy|iris-gen5bw2|1077\n|player|p2|jonathan53332|266|1047\n|gen|9\n|tier|[Gen 9 Champions] VGC 2026 Reg M-A\n|rated|\n|rule|Species Clause: Limit one of each Pok\u00e9mon\n|rule|Item Clause: Limit 1 of each item\n|clearpoke\n|poke|p1|Golurk, L50|\n|poke|p1|Farigiraf, L50, M|\n|poke|p1|Incineroar, L50, F|\n|poke|p1|Torkoal, L50, M|\n|poke|p1|Sneasler, L50, M|\n|poke|p1|Venusaur, L50, F|\n|poke|p2|Meganium, L50, M, shiny|\n|poke|p2|Pelipper, L50, M|\n|poke|p2|Primarina, L50, M|\n|poke|p2|Sinistcha-Masterpiece, L50, shiny|\n|poke|p2|Archaludon, L50, F, shiny|\n|poke|p2|Empoleon, L50, F|\n|teampreview|4\n|\n|t:|1776720503\n|teamsize|p1|4\n|teamsize|p2|4\n|start\n|switch|p1a: Torkoal|Torkoal, L50, M|100/100\n|switch|p1b: Venusaur|Venusaur, L50, F|100/100\n|switch|p2a: Pelipper|Pelipper, L50, M|100/100\n|switch|p2b: Meganium|Meganium, L50, M, shiny|100/100\n|-weather|RainDance|[from] ability: Drizzle|[of] p2a: Pelipper\n|-weather|SunnyDay|[from] ability: Drought|[of] p1a: Torkoal\n|turn|1\n|\n|t:|1776720528\n|switch|p2a: Primarina|Primarina, L50, M|100/100\n|move|p1b: Venusaur|Sleep Powder|p2a: Primarina\n|-status|p2a: Primarina|slp|[from] move: Sleep Powder\n|move|p2b: Meganium|Dazzling Gleam|p1a: Torkoal|[spread] p1a,p1b\n|-resisted|p1a: Torkoal|1\n|-resisted|p1b: Venusaur|1\n|-damage|p1a: Torkoal|91/100\n|-damage|p1b: Venusaur|91/100\n|move|p1a: Torkoal|Eruption|p2a: Primarina|[spread] p2a,p2b\n|-resisted|p2a: Primarina|1\n|-supereffective|p2b: Meganium|1\n|-damage|p2a: Primarina|71/100 slp\n|-damage|p2b: Meganium|0 fnt\n|faint|p2b: Meganium\n|\n|-weather|SunnyDay|[upkeep]\n|-heal|p2a: Primarina|76/100 slp|[from] item: Leftovers\n|upkeep\n|\n|t:|1776720537\n|switch|p2b: Pelipper|Pelipper, L50, M|100/100\n|-weather|RainDance|[from] ability: Drizzle|[of] p2b: Pelipper\n|turn|2\n|\n|t:|1776720549\n|switch|p1a: Farigiraf|Farigiraf, L50, M|100/100\n|move|p1b: Venusaur|Sludge Bomb|p2a: Primarina\n|-supereffective|p2a: Primarina|1\n|-damage|p2a: Primarina|11/100 slp\n|move|p2b: Pelipper|Hurricane|p1b: Venusaur\n|-supereffective|p1b: Venusaur|1\n|-damage|p1b: Venusaur|0 fnt\n|faint|p1b: Venusaur\n|cant|p2a: Primarina|slp\n|\n|-weather|RainDance|[upkeep]\n|-heal|p2a: Primarina|17/100 slp|[from] item: Leftovers\n|upkeep\n|\n|t:|1776720568\n|switch|p1b: Torkoal|Torkoal, L50, M|91/100\n|-weather|SunnyDay|[from] ability: Drought|[of] p1b: Torkoal\n|turn|3\n|\n|t:|1776720573\n|switch|p2b: Empoleon|Empoleon, L50, F|100/100\n|move|p1b: Torkoal|Protect|p1b: Torkoal\n|-singleturn|p1b: Torkoal|Protect\n|cant|p2a: Primarina|slp\n|move|p1a: Farigiraf|Trick Room|p1a: Farigiraf\n|-fieldstart|move: Trick Room|[of] p1a: Farigiraf\n|\n|-weather|SunnyDay|[upkeep]\n|-heal|p2a: Primarina|23/100 slp|[from] item: Leftovers\n|upkeep\n|turn|4\n|\n|t:|1776720592\n|move|p1a: Farigiraf|Helping Hand|p1b: Torkoal\n|-singleturn|p1b: Torkoal|Helping Hand|[of] p1a: Farigiraf\n|move|p1b: Torkoal|Eruption|p2b: Empoleon|[spread] p2a,p2b\n|-resisted|p2a: Primarina|1\n|-crit|p2a: Primarina\n|-damage|p2a: Primarina|0 fnt\n|-damage|p2b: Empoleon|0 fnt\n|faint|p2a: Primarina\n|faint|p2b: Empoleon\n|\n|-weather|SunnyDay|[upkeep]\n|upkeep\n|\n|t:|1776720598\n|switch|p2b: Pelipper|Pelipper, L50, M|100/100\n|-weather|RainDance|[from] ability: Drizzle|[of] p2b: Pelipper\n|turn|5\n|\n|t:|1776720610\n|switch|p1b: Golurk|Golurk, L50|100/100\n|move|p1a: Farigiraf|Psychic|p2b: Pelipper\n|-damage|p2b: Pelipper|32/100\n|move|p2b: Pelipper|Hurricane|p1b: Golurk\n|-damage|p1b: Golurk|41/100\n|\n|-weather|RainDance|[upkeep]\n|upkeep\n|turn|6\n|\n|t:|1776720623\n|detailschange|p1b: Golurk|Golurk-Mega, L50\n|-mega|p1b: Golurk|Golurk|Golurkite\n|move|p1a: Farigiraf|Helping Hand|p1b: Golurk\n|-singleturn|p1b: Golurk|Helping Hand|[of] p1a: Farigiraf\n|move|p1b: Golurk|Poltergeist|p2b: Pelipper\n|-activate|p2b: Pelipper|move: Poltergeist|Focus Sash\n|-damage|p2b: Pelipper|0 fnt\n|faint|p2b: Pelipper\n|\n|win|hrl_hammy\n|raw|hrl_hammy's rating: 1077 &rarr; <strong>1103</strong><br />(+26 for winning)\n|raw|jonathan53332's rating: 1047 &rarr; <strong>1031</strong><br />(-16 for losing)\n",
  "uploadtime": 1776720627,
  "views": 5,
  "formatid": "gen9championsvgc2026regma",
  "rating": 1031,
  "private": 0,
  "password": null
}