{
  "id": "gen9championsvgc2026regma-2586250425",
  "format": "[Gen 9 Champions] VGC 2026 Reg M-A",
  "players": [
    "Svago?",
    "Yaves 1243"
  ],
  "log": "|j|\u2606Svago?\n|j|\u2606Yaves 1243\n|t:|1776417376\n|gametype|doubles\n|player|p1|Svago?|1|1149\n|player|p2|Yaves 1243|102|1111\n|gen|9\n|tier|[Gen 9 Champions] VGC 2026 Reg M-A\n|rated|\n|rule|Species Clause: Limit one of each Pok\u00e9mon\n|rule|Item Clause: Limit 1 of each item\n|clearpoke\n|poke|p1|Scizor, L50, F|\n|poke|p1|Basculegion, L50, M|\n|poke|p1|Incineroar, L50, M|\n|poke|p1|Sneasler, L50, M|\n|poke|p1|Ninetales-Alola, L50, F|\n|poke|p1|Glimmora, L50, F|\n|poke|p2|Golurk, L50|\n|poke|p2|Oranguru, L50, F|\n|poke|p2|Milotic, L50, M|\n|poke|p2|Talonflame, L50, M|\n|poke|p2|Chesnaught, L50, M|\n|poke|p2|Scizor, L50, M|\n|teampreview|4\n|\n|t:|1776417462\n|teamsize|p1|4\n|teamsize|p2|4\n|start\n|switch|p1a: Scizor|Scizor, L50, F|100/100\n|switch|p1b: Basculegion|Basculegion, L50, M|100/100\n|switch|p2a: Talonflame|Talonflame, L50, M|100/100\n|switch|p2b: Milotic|Milotic, L50, M|100/100\n|turn|1\n|\n|t:|1776417509\n|move|p1a: Scizor|Protect|p1a: Scizor\n|-singleturn|p1a: Scizor|Protect\n|move|p1b: Basculegion|Flip Turn|p2a: Talonflame\n|-supereffective|p2a: Talonflame|1\n|-damage|p2a: Talonflame|0 fnt\n|faint|p2a: Talonflame\n|\n|t:|1776417517\n|switch|p1b: Ninetales|Ninetales-Alola, L50, F|100/100|[from] Flip Turn\n|-weather|Snowscape|[from] ability: Snow Warning|[of] p1b: Ninetales\n|move|p2b: Milotic|Scald|p1a: Scizor\n|-activate|p1a: Scizor|move: Protect\n|\n|-weather|Snowscape|[upkeep]\n|upkeep\n|\n|t:|1776417528\n|switch|p2a: Oranguru|Oranguru, L50, F, shiny|100/100\n|turn|2\n|\n|t:|1776417542\n|detailschange|p1a: Scizor|Scizor-Mega, L50, F\n|-mega|p1a: Scizor|Scizor|Scizorite\n|move|p1b: Ninetales|Aurora Veil|p1b: Ninetales\n|-sidestart|p1: Svago?|move: Aurora Veil\n|move|p1a: Scizor|Swords Dance|p1a: Scizor\n|-boost|p1a: Scizor|atk|2\n|move|p2b: Milotic|Scald|p1a: Scizor\n|-damage|p1a: Scizor|79/100\n|-status|p1a: Scizor|brn\n|move|p2a: Oranguru|Trick Room|p2a: Oranguru\n|-fieldstart|move: Trick Room|[of] p2a: Oranguru\n|\n|-weather|Snowscape|[upkeep]\n|-damage|p1a: Scizor|73/100 brn|[from] brn\n|upkeep\n|turn|3\n|\n|t:|1776417571\n|move|p2a: Oranguru|Hyper Voice|p1b: Ninetales|[spread] p1a,p1b\n|-resisted|p1a: Scizor|1\n|-damage|p1a: Scizor|65/100 brn\n|-damage|p1b: Ninetales|80/100\n|move|p2b: Milotic|Muddy Water|p1a: Scizor|[spread] p1b\n|-miss|p2b: Milotic|p1a: Scizor\n|-crit|p1b: Ninetales\n|-damage|p1b: Ninetales|26/100\n|-enditem|p1b: Ninetales|Sitrus Berry|[eat]\n|-heal|p1b: Ninetales|50/100|[from] item: Sitrus Berry\n|move|p1a: Scizor|Swords Dance|p1a: Scizor\n|-boost|p1a: Scizor|atk|2\n|move|p1b: Ninetales|Freeze-Dry|p2b: Milotic\n|-supereffective|p2b: Milotic|1\n|-damage|p2b: Milotic|61/100\n|\n|-weather|Snowscape|[upkeep]\n|-heal|p2b: Milotic|67/100|[from] item: Leftovers\n|-damage|p1a: Scizor|59/100 brn|[from] brn\n|upkeep\n|turn|4\n|\n|t:|1776417608\n|move|p2a: Oranguru|Instruct|p2b: Milotic\n|-singleturn|p2b: Milotic|move: Instruct|[of] p2a: Oranguru\n|move|p2b: Milotic|Muddy Water|p1b: Ninetales|[spread] p1a,p1b\n|-damage|p1a: Scizor|42/100 brn\n|-damage|p1b: Ninetales|28/100\n|-unboost|p1a: Scizor|accuracy|1\n|move|p2b: Milotic|Muddy Water|p1a: Scizor|[spread] p1a,p1b\n|-damage|p1a: Scizor|24/100 brn\n|-damage|p1b: Ninetales|4/100\n|move|p1a: Scizor|Bug Bite|p2a: Oranguru\n|-supereffective|p2a: Oranguru|1\n|-enditem|p2a: Oranguru|Focus Sash\n|-damage|p2a: Oranguru|1/100\n|move|p1b: Ninetales|Freeze-Dry|p2b: Milotic\n|-supereffective|p2b: Milotic|1\n|-damage|p2b: Milotic|28/100\n|\n|-weather|Snowscape|[upkeep]\n|-heal|p2b: Milotic|34/100|[from] item: Leftovers\n|-damage|p1a: Scizor|17/100 brn|[from] brn\n|upkeep\n|turn|5\n|\n|t:|1776417647\n|move|p1a: Scizor|Bullet Punch|p2a: Oranguru\n|-damage|p2a: Oranguru|0 fnt\n|faint|p2a: Oranguru\n|move|p2b: Milotic|Muddy Water|p1a: Scizor|[spread] p1a,p1b\n|-damage|p1a: Scizor|2/100 brn\n|-damage|p1b: Ninetales|0 fnt\n|faint|p1b: Ninetales\n|\n|-weather|none\n|-heal|p2b: Milotic|40/100|[from] item: Leftovers\n|-damage|p1a: Scizor|0 fnt|[from] brn\n|faint|p1a: Scizor\n|upkeep\n|\n|t:|1776417661\n|switch|p2a: Golurk|Golurk, L50, shiny|100/100\n|switch|p1a: Incineroar|Incineroar, L50, M|100/100\n|switch|p1b: Basculegion|Basculegion, L50, M|100/100\n|-ability|p1a: Incineroar|Intimidate|boost\n|-unboost|p2a: Golurk|atk|1\n|-unboost|p2b: Milotic|atk|1\n|-ability|p2b: Milotic|Competitive|boost\n|-boost|p2b: Milotic|spa|2\n|turn|6\n|\n|t:|1776417688\n|detailschange|p2a: Golurk|Golurk-Mega, L50, shiny\n|-mega|p2a: Golurk|Golurk|Golurkite\n|move|p1a: Incineroar|Fake Out|p2b: Milotic\n|-damage|p2b: Milotic|27/100\n|move|p2a: Golurk|Poltergeist|p1b: Basculegion\n|-activate|p1b: Basculegion|move: Poltergeist|Choice Scarf\n|-supereffective|p1b: Basculegion|1\n|-damage|p1b: Basculegion|15/100\n|cant|p2b: Milotic|flinch\n|move|p1b: Basculegion|Wave Crash|p2a: Golurk\n|-supereffective|p2a: Golurk|1\n|-damage|p2a: Golurk|0 fnt\n|faint|p2a: Golurk\n|-damage|p1b: Basculegion|0 fnt|[from] Recoil\n|faint|p1b: Basculegion\n|\n|-heal|p2b: Milotic|33/100|[from] item: Leftovers\n|-sideend|p1: Svago?|move: Aurora Veil\n|-fieldend|move: Trick Room\n|upkeep\n|turn|7\n|-message|Yaves 1243 forfeited.\n|\n|win|Svago?\n|raw|Svago?'s rating: 1149 &rarr; <strong>1171</strong><br />(+22 for winning)\n|raw|Yaves 1243's rating: 1111 &rarr; <strong>1089</strong><br />(-22 for losing)\n|l|\u2606Yaves 1243\n|player|p2|\n",
  "uploadtime": 1776417727,
  "views": 44,
  "formatid": "gen9championsvgc2026regma",
  "rating": 1089,
  "private": 0,
  "password": null
}