{
  "id": "gen9championsvgc2026regma-2580601139",
  "format": "[Gen 9 Champions] VGC 2026 Reg M-A",
  "players": [
    "merijn2018",
    "5wamp"
  ],
  "log": "|j|\u2606merijn2018\n|j|\u26065wamp\n|html|<table width=\"100%\"><tr><td align=\"left\">merijn2018</td><td align=\"right\">5wamp</tr><tr><td align=\"left\"><i class=\"fa fa-circle-o\"></i> <i class=\"fa fa-circle-o\"></i> </td><td align=\"right\"><i class=\"fa fa-circle-o\"></i> <i class=\"fa fa-circle\"></i> </tr></table>\n|uhtml|bestof|<h2><strong>Game 2</strong> of <a href=\"/game-bestof3-gen9championsvgc2026regma-2580599686\">a best-of-3</a></h2>\n|t:|1775916998\n|gametype|doubles\n|player|p1|merijn2018|silver|\n|player|p2|5wamp|carmine-festival|\n|gen|9\n|tier|[Gen 9 Champions] VGC 2026 Reg M-A\n|rated|Tournament battle\n|rule|Species Clause: Limit one of each Pok\u00e9mon\n|rule|Item Clause: Limit 1 of each item\n|raw|<div class=\"infobox\"><details class=\"readmore\" open><summary><strong>2 custom rules:</strong></summary> Force Open Team Sheets, Best of = 3</details></div>\n|clearpoke\n|poke|p1|Chandelure, L50, F|\n|poke|p1|Hydreigon, L50, M|\n|poke|p1|Milotic, L50, F|\n|poke|p1|Sinistcha, L50|\n|poke|p1|Kingambit, L50, F|\n|poke|p1|Klefki, L50, F|\n|poke|p2|Floette-Eternal, L50, F|\n|poke|p2|Garchomp, L50, F|\n|poke|p2|Aegislash, L50, M|\n|poke|p2|Milotic, L50, F|\n|poke|p2|Sinistcha, L50|\n|poke|p2|Incineroar, L50, M|\n|teampreview|4\n|showteam|p1|Chandelure||Chandelurite|FlashFire|HeatWave,ShadowBall,CalmMind,Protect|||F|||50|]Hydreigon||LumBerry|Levitate|DarkPulse,EarthPower,Tailwind,Protect|||M|||50|]Milotic||Leftovers|Competitive|Scald,IceBeam,LifeDew,Protect|||F|||50|]Sinistcha||SitrusBerry|Hospitality|MatchaGotcha,TrickRoom,LifeDew,RagePowder||||||50|]Kingambit||ChopleBerry|Defiant|IronHead,KowtowCleave,SuckerPunch,Protect|||F|||50|]Klefki||ShucaBerry|Prankster|Psychic,SunnyDay,LightScreen,Reflect|||F|||50|\n|showteam|p2|Floette-Eternal||Floettite|FlowerVeil|Moonblast,DazzlingGleam,CalmMind,Protect|||F|||50|]Garchomp||LumBerry|SandVeil|StompingTantrum,DragonClaw,RockSlide,Protect|||F|||50|]Aegislash||SpellTag|StanceChange|Poltergeist,ShadowSneak,SacredSword,KingsShield|||M|||50|]Milotic||Leftovers|Competitive|Scald,IceBeam,Recover,Protect|||F|||50|]Sinistcha||OccaBerry|Hospitality|MatchaGotcha,StrengthSap,RagePowder,TrickRoom||||||50|]Incineroar||SitrusBerry|Intimidate|FakeOut,FlareBlitz,ThroatChop,PartingShot|||M|||50|\n|inactive|Battle timer is ON: inactive players will automatically lose when time's up. (requested by 5wamp)\n|\n|t:|1775917016\n|teamsize|p1|4\n|teamsize|p2|4\n|start\n|switch|p1a: Sinistcha|Sinistcha, L50|100/100\n|switch|p1b: Kingambit|Kingambit, L50, F|100/100\n|switch|p2a: Floette|Floette-Eternal, L50, F|100/100\n|switch|p2b: Garchomp|Garchomp, L50, F|100/100\n|turn|1\n|j| Very Pogger Name\n|\n|t:|1775917033\n|detailschange|p2a: Floette|Floette-Mega, L50, F\n|-mega|p2a: Floette|Floette|Floettite\n|-ability|p2a: Floette|Fairy Aura\n|move|p1b: Kingambit|Protect|p1b: Kingambit\n|-singleturn|p1b: Kingambit|Protect\n|move|p2b: Garchomp|Dragon Claw|p1a: Sinistcha\n|-damage|p1a: Sinistcha|73/100\n|move|p2a: Floette|Dazzling Gleam|p1a: Sinistcha|[spread] p1a\n|-activate|p1b: Kingambit|move: Protect\n|-damage|p1a: Sinistcha|21/100\n|-enditem|p1a: Sinistcha|Sitrus Berry|[eat]\n|-heal|p1a: Sinistcha|45/100|[from] item: Sitrus Berry\n|move|p1a: Sinistcha|Trick Room|p1a: Sinistcha\n|-fieldstart|move: Trick Room|[of] p1a: Sinistcha\n|\n|upkeep\n|turn|2\n|\n|t:|1775917048\n|move|p2a: Floette|Protect|p2a: Floette\n|-singleturn|p2a: Floette|Protect\n|move|p2b: Garchomp|Protect|p2b: Garchomp\n|-singleturn|p2b: Garchomp|Protect\n|move|p1b: Kingambit|Iron Head|p2a: Floette\n|-activate|p2a: Floette|move: Protect\n|move|p1a: Sinistcha|Life Dew||[still]|[spread] p1a,p1b\n|-heal|p1a: Sinistcha|71/100\n|-fail|p1b: Kingambit|heal\n|\n|upkeep\n|turn|3\n|\n|t:|1775917059\n|move|p1a: Sinistcha|Rage Powder|p1a: Sinistcha\n|-singleturn|p1a: Sinistcha|move: Rage Powder\n|move|p1b: Kingambit|Iron Head|p2a: Floette\n|-supereffective|p2a: Floette|1\n|-damage|p2a: Floette|0 fnt\n|faint|p2a: Floette\n|move|p2b: Garchomp|Stomping Tantrum|p1a: Sinistcha\n|-resisted|p1a: Sinistcha|1\n|-damage|p1a: Sinistcha|56/100\n|\n|upkeep\n|\n|t:|1775917067\n|switch|p2a: Milotic|Milotic, L50, F|100/100\n|turn|4\n|\n|t:|1775917074\n|move|p2a: Milotic|Protect|p2a: Milotic\n|-singleturn|p2a: Milotic|Protect\n|move|p2b: Garchomp|Protect|p2b: Garchomp\n|-singleturn|p2b: Garchomp|Protect\n|move|p1b: Kingambit|Kowtow Cleave|p2b: Garchomp\n|-activate|p2b: Garchomp|move: Protect\n|move|p1a: Sinistcha|Matcha Gotcha|p2a: Milotic|[spread] \n|-activate|p2a: Milotic|move: Protect\n|-activate|p2b: Garchomp|move: Protect\n|\n|upkeep\n|turn|5\n|\n|t:|1775917079\n|move|p1b: Kingambit|Kowtow Cleave|p2b: Garchomp\n|-crit|p2b: Garchomp\n|-damage|p2b: Garchomp|24/100\n|move|p1a: Sinistcha|Matcha Gotcha|p2a: Milotic|[spread] p2a,p2b\n|-supereffective|p2a: Milotic|1\n|-damage|p2a: Milotic|65/100\n|-heal|p1a: Sinistcha|76/100|[from] drain|[of] p2a: Milotic\n|-damage|p2b: Garchomp|0 fnt\n|-heal|p1a: Sinistcha|89/100|[from] drain|[of] p2b: Garchomp\n|-status|p2a: Milotic|brn\n|faint|p2b: Garchomp\n|move|p2a: Milotic|Ice Beam|p1a: Sinistcha\n|-supereffective|p1a: Sinistcha|1\n|-damage|p1a: Sinistcha|28/100\n|\n|-heal|p2a: Milotic|71/100 brn|[from] item: Leftovers\n|-damage|p2a: Milotic|65/100 brn|[from] brn\n|-fieldend|move: Trick Room\n|upkeep\n|\n|t:|1775917085\n|switch|p2b: Sinistcha|Sinistcha, L50|100/100\n|-heal|p2a: Milotic|90/100 brn|[from] ability: Hospitality|[of] p2b: Sinistcha\n|turn|6\n|\n|t:|1775917092\n|move|p1a: Sinistcha|Rage Powder|p1a: Sinistcha\n|-singleturn|p1a: Sinistcha|move: Rage Powder\n|move|p2a: Milotic|Ice Beam|p1a: Sinistcha\n|-supereffective|p1a: Sinistcha|1\n|-damage|p1a: Sinistcha|0 fnt\n|faint|p1a: Sinistcha\n|move|p2b: Sinistcha|Matcha Gotcha|p1b: Kingambit\n|-resisted|p1b: Kingambit|1\n|-damage|p1b: Kingambit|86/100\n|move|p1b: Kingambit|Kowtow Cleave|p2b: Sinistcha\n|-supereffective|p2b: Sinistcha|1\n|-damage|p2b: Sinistcha|12/100\n|\n|-heal|p2a: Milotic|96/100 brn|[from] item: Leftovers\n|-damage|p2a: Milotic|90/100 brn|[from] brn\n|upkeep\n|\n|t:|1775917101\n|switch|p1a: Klefki|Klefki, L50, F|100/100\n|turn|7\n|j| Zavok65\n|\n|t:|1775917119\n|move|p1b: Kingambit|Protect|p1b: Kingambit\n|-singleturn|p1b: Kingambit|Protect\n|move|p2a: Milotic|Scald|p1b: Kingambit\n|-activate|p1b: Kingambit|move: Protect\n|move|p1a: Klefki|Psychic|p2b: Sinistcha\n|-damage|p2b: Sinistcha|0 fnt\n|faint|p2b: Sinistcha\n|\n|-heal|p2a: Milotic|96/100 brn|[from] item: Leftovers\n|-damage|p2a: Milotic|90/100 brn|[from] brn\n|upkeep\n|turn|8\n|\n|t:|1775917128\n|move|p1a: Klefki|Sunny Day|p1a: Klefki\n|-weather|SunnyDay\n|move|p2a: Milotic|Scald|p1b: Kingambit\n|-damage|p1b: Kingambit|71/100\n|move|p1b: Kingambit|Kowtow Cleave|p2a: Milotic\n|-damage|p2a: Milotic|47/100 brn\n|\n|-weather|SunnyDay|[upkeep]\n|-heal|p2a: Milotic|52/100 brn|[from] item: Leftovers\n|-damage|p2a: Milotic|47/100 brn|[from] brn\n|upkeep\n|turn|9\n|-message|5wamp forfeited.\n|\n|win|merijn2018\n",
  "uploadtime": 1775917134,
  "views": 8,
  "formatid": "gen9championsvgc2026regma",
  "rating": null,
  "private": 0,
  "password": null
}