{
  "id": "gen9championsvgc2026regma-2586015539",
  "format": "[Gen 9 Champions] VGC 2026 Reg M-A",
  "players": [
    "wheezsumbeez",
    "Saachan46"
  ],
  "log": "|j|\u2606wheezsumbeez\n|j|\u2606Saachan46\n|t:|1776390468\n|gametype|doubles\n|player|p1|wheezsumbeez|roxie|1102\n|player|p2|Saachan46|170|1180\n|gen|9\n|tier|[Gen 9 Champions] VGC 2026 Reg M-A\n|rated|\n|rule|Species Clause: Limit one of each Pok\u00e9mon\n|rule|Item Clause: Limit 1 of each item\n|clearpoke\n|poke|p1|Toxapex, L50, F|\n|poke|p1|Azumarill, L50, F|\n|poke|p1|Venusaur, L50, M|\n|poke|p1|Rotom-Wash, L50|\n|poke|p1|Noivern, L50, F|\n|poke|p1|Gyarados, L50, M|\n|poke|p2|Floette-Eternal, L50, F|\n|poke|p2|Aegislash, L50, M|\n|poke|p2|Incineroar, L50, M|\n|poke|p2|Sneasler, L50, M|\n|poke|p2|Rotom-Wash, L50|\n|poke|p2|Greninja-*, L50, F|\n|teampreview|4\n|\n|t:|1776390511\n|teamsize|p1|4\n|teamsize|p2|4\n|start\n|switch|p1a: Toxapex|Toxapex, L50, F|100/100\n|switch|p1b: Venusaur|Venusaur, L50, M|100/100\n|switch|p2a: Greninja|Greninja, L50, F|100/100\n|switch|p2b: Incineroar|Incineroar, L50, M|100/100\n|-ability|p2b: Incineroar|Intimidate|boost\n|-unboost|p1a: Toxapex|atk|1\n|-unboost|p1b: Venusaur|atk|1\n|turn|1\n|\n|t:|1776390542\n|detailschange|p2a: Greninja|Greninja-Mega, L50, F\n|-mega|p2a: Greninja|Greninja|Greninjite\n|detailschange|p1b: Venusaur|Venusaur-Mega, L50, M\n|-mega|p1b: Venusaur|Venusaur|Venusaurite\n|move|p2b: Incineroar|Helping Hand|p2a: Greninja\n|-singleturn|p2a: Greninja|Helping Hand|[of] p2b: Incineroar\n|move|p2a: Greninja|Extrasensory|p1b: Venusaur\n|-start|p2a: Greninja|typechange|Psychic|[from] ability: Protean\n|-supereffective|p1b: Venusaur|1\n|-damage|p1b: Venusaur|0 fnt\n|faint|p1b: Venusaur\n|move|p1a: Toxapex|Rain Dance|p1a: Toxapex\n|-weather|RainDance\n|\n|-weather|RainDance|[upkeep]\n|upkeep\n|inactive|Battle timer is ON: inactive players will automatically lose when time's up. (requested by Saachan46)\n|c|\u2606wheezsumbeez|what the fuck\n|c|\u2606wheezsumbeez|i thought i was max hp\n|c|\u2606wheezsumbeez|how the hell did that kill off no specs\n|\n|t:|1776390588\n|switch|p1b: Azumarill|Azumarill, L50, F|100/100\n|turn|2\n|inactive|Saachan46 has 30 seconds left.\n|\n|t:|1776390614\n|switch|p1a: Rotom|Rotom-Wash, L50|100/100\n|move|p2b: Incineroar|Helping Hand|p2a: Greninja\n|-singleturn|p2a: Greninja|Helping Hand|[of] p2b: Incineroar\n|move|p1b: Azumarill|Aqua Jet|p2a: Greninja\n|-damage|p2a: Greninja|36/100\n|move|p2a: Greninja|Extrasensory|p1a: Rotom\n|-damage|p1a: Rotom|5/100\n|\n|-weather|RainDance|[upkeep]\n|upkeep\n|turn|3\n|inactive|wheezsumbeez has 30 seconds left.\n|inactive|Saachan46 has 30 seconds left.\n|\n|t:|1776390644\n|move|p2a: Greninja|Water Shuriken|p1a: Rotom\n|-resisted|p1a: Rotom|1\n|-damage|p1a: Rotom|0 fnt\n|faint|p1a: Rotom\n|-hitcount|p1: Rotom|1\n|move|p1b: Azumarill|Aqua Jet|p2a: Greninja\n|-damage|p2a: Greninja|0 fnt\n|faint|p2a: Greninja\n|move|p2b: Incineroar|Parting Shot|p1b: Azumarill\n|-unboost|p1b: Azumarill|atk|1\n|-unboost|p1b: Azumarill|spa|1\n|\n|t:|1776390653\n|switch|p2b: Sneasler|Sneasler, L50, M|100/100|[from] Parting Shot\n|\n|-weather|RainDance|[upkeep]\n|upkeep\n|inactive|wheezsumbeez has 30 seconds left.\n|\n|t:|1776390680\n|switch|p2a: Incineroar|Incineroar, L50, M|100/100\n|switch|p1a: Toxapex|Toxapex, L50, F|100/100\n|-ability|p2a: Incineroar|Intimidate|boost\n|-unboost|p1a: Toxapex|atk|1\n|-unboost|p1b: Azumarill|atk|1\n|turn|4\n|\n|t:|1776390700\n|move|p1b: Azumarill|Protect|p1b: Azumarill\n|-singleturn|p1b: Azumarill|Protect\n|move|p2a: Incineroar|Fake Out|p1b: Azumarill\n|-activate|p1b: Azumarill|move: Protect\n|move|p2b: Sneasler|Dire Claw|p1b: Azumarill\n|-activate|p1b: Azumarill|move: Protect\n|move|p1a: Toxapex|Muddy Water|p2b: Sneasler|[spread] p2a,p2b\n|-supereffective|p2a: Incineroar|1\n|-damage|p2a: Incineroar|62/100\n|-damage|p2b: Sneasler|73/100\n|\n|-weather|RainDance|[upkeep]\n|upkeep\n|turn|5\n|\n|t:|1776390719\n|move|p2a: Incineroar|Helping Hand|p2b: Sneasler\n|-singleturn|p2b: Sneasler|Helping Hand|[of] p2a: Incineroar\n|move|p1b: Azumarill|Aqua Jet|p2b: Sneasler\n|-damage|p2b: Sneasler|34/100\n|move|p2b: Sneasler|Dire Claw|p1b: Azumarill\n|-supereffective|p1b: Azumarill|1\n|-damage|p1b: Azumarill|0 fnt\n|faint|p1b: Azumarill\n|move|p1a: Toxapex|Infestation|p2a: Incineroar\n|-damage|p2a: Incineroar|59/100\n|-activate|p2a: Incineroar|move: Infestation|[of] p1a: Toxapex\n|\n|-weather|none\n|-damage|p2a: Incineroar|47/100|[from] move: Infestation|[partiallytrapped]\n|upkeep\n|-enditem|p2a: Incineroar|Sitrus Berry|[eat]\n|-heal|p2a: Incineroar|71/100|[from] item: Sitrus Berry\n|turn|6\n|\n|t:|1776390736\n|move|p2b: Sneasler|Protect|p2b: Sneasler\n|-singleturn|p2b: Sneasler|Protect\n|move|p2a: Incineroar|Parting Shot|p1a: Toxapex\n|-unboost|p1a: Toxapex|atk|1\n|-unboost|p1a: Toxapex|spa|1\n|\n|t:|1776390740\n|switch|p2a: Aegislash|Aegislash, L50, M|100/100|[from] Parting Shot\n|move|p1a: Toxapex|Infestation|p2b: Sneasler\n|-activate|p2b: Sneasler|move: Protect\n|\n|upkeep\n|turn|7\n|\n|t:|1776390751\n|move|p2b: Sneasler|Close Combat|p1a: Toxapex\n|-resisted|p1a: Toxapex|1\n|-damage|p1a: Toxapex|78/100\n|-unboost|p2b: Sneasler|def|1\n|-unboost|p2b: Sneasler|spd|1\n|-enditem|p2b: Sneasler|White Herb\n|-clearnegativeboost|p2b: Sneasler|[silent]\n|-formechange|p2a: Aegislash|Aegislash-Blade|\n|move|p2a: Aegislash|Poltergeist|p1a: Toxapex\n|-activate|p1a: Toxapex|move: Poltergeist|Mental Herb\n|-crit|p1a: Toxapex\n|-damage|p1a: Toxapex|0 fnt\n|faint|p1a: Toxapex\n|\n|win|Saachan46\n|raw|wheezsumbeez's rating: 1102 &rarr; <strong>1083</strong><br />(-19 for losing)\n|raw|Saachan46's rating: 1180 &rarr; <strong>1199</strong><br />(+19 for winning)\n",
  "uploadtime": 1776390752,
  "views": 36,
  "formatid": "gen9championsvgc2026regma",
  "rating": 1083,
  "private": 0,
  "password": null
}