{
  "id": "gen9championsvgc2026regma-2587006330",
  "format": "[Gen 9 Champions] VGC 2026 Reg M-A",
  "players": [
    "ZBTRACKS",
    "TsunamiofInk"
  ],
  "log": "|j|\u2606ZBTRACKS\n|j|\u2606TsunamiofInk\n|t:|1776480501\n|gametype|doubles\n|player|p1|ZBTRACKS|265|1000\n|player|p2|TsunamiofInk|169|1099\n|gen|9\n|tier|[Gen 9 Champions] VGC 2026 Reg M-A\n|rated|\n|rule|Species Clause: Limit one of each Pok\u00e9mon\n|rule|Item Clause: Limit 1 of each item\n|clearpoke\n|poke|p1|Farigiraf, L50, M|\n|poke|p1|Absol, L50, M|\n|poke|p1|Golurk, L50|\n|poke|p1|Rotom-Wash, L50|\n|poke|p1|Incineroar, L50, F|\n|poke|p1|Sinistcha, L50|\n|poke|p2|Snorlax, L50, F|\n|poke|p2|Sinistcha, L50|\n|poke|p2|Incineroar, L50, F|\n|poke|p2|Torkoal, L50, M|\n|poke|p2|Slowbro, L50, F|\n|poke|p2|Ninetales-Alola, L50, F|\n|teampreview|4\nZBTRACKS rejected open team sheets.\n|\n|t:|1776480550\n|teamsize|p1|4\n|teamsize|p2|4\n|start\n|switch|p1a: Farigiraf|Farigiraf, L50, M|100/100\n|switch|p1b: Absol|Absol, L50, M|100/100\n|switch|p2a: Snorlax|Snorlax, L50, F|100/100\n|switch|p2b: Ninetales|Ninetales-Alola, L50, F|100/100\n|-weather|Snowscape|[from] ability: Snow Warning|[of] p2b: Ninetales\n|turn|1\n|\n|t:|1776480602\n|move|p1b: Absol|Protect|p1b: Absol\n|-singleturn|p1b: Absol|Protect\n|move|p2b: Ninetales|Aurora Veil|p2b: Ninetales\n|-sidestart|p2: TsunamiofInk|move: Aurora Veil\n|move|p2a: Snorlax|Belly Drum|p2a: Snorlax\n|-damage|p2a: Snorlax|50/100\n|-setboost|p2a: Snorlax|atk|6|[from] move: Belly Drum\n|-enditem|p2a: Snorlax|Sitrus Berry|[eat]\n|-heal|p2a: Snorlax|75/100|[from] item: Sitrus Berry\n|move|p1a: Farigiraf|Trick Room|p1a: Farigiraf\n|-fieldstart|move: Trick Room|[of] p1a: Farigiraf\n|\n|-weather|Snowscape|[upkeep]\n|upkeep\n|turn|2\n|\n|t:|1776480619\n|switch|p2b: Sinistcha|Sinistcha, L50|100/100\n|-heal|p2a: Snorlax|99/100|[from] ability: Hospitality|[of] p2b: Sinistcha\n|move|p2a: Snorlax|Body Slam|p1b: Absol\n|-damage|p1b: Absol|0 fnt\n|faint|p1b: Absol\n|move|p1a: Farigiraf|Beat Up|p1: Absol|[notarget]\n|-fail|p1a: Farigiraf\n|\n|-weather|Snowscape|[upkeep]\n|upkeep\n|\n|t:|1776480642\n|switch|p1b: Golurk|Golurk, L50|100/100\n|turn|3\n|\n|t:|1776480658\n|detailschange|p1b: Golurk|Golurk-Mega, L50\n|-mega|p1b: Golurk|Golurk|Golurkite\n|move|p1a: Farigiraf|Protect|p1a: Farigiraf\n|-singleturn|p1a: Farigiraf|Protect\n|move|p2a: Snorlax|High Horsepower|p1b: Golurk\n|-damage|p1b: Golurk|0 fnt\n|faint|p1b: Golurk\n|move|p2b: Sinistcha|Matcha Gotcha|p1a: Farigiraf\n|-activate|p1a: Farigiraf|move: Protect\n|\n|-weather|Snowscape|[upkeep]\n|upkeep\n|\n|t:|1776480673\n|switch|p1b: Sinistcha|Sinistcha, L50|100/100\n|turn|4\n|\n|t:|1776480687\n|move|p2b: Sinistcha|Rage Powder|p2b: Sinistcha\n|-singleturn|p2b: Sinistcha|move: Rage Powder\n|move|p2a: Snorlax|High Horsepower|p1b: Sinistcha\n|-resisted|p1b: Sinistcha|1\n|-damage|p1b: Sinistcha|59/100\n|move|p1b: Sinistcha|Strength Sap|p2a: Snorlax\n|-unboost|p2a: Snorlax|atk|1\n|-heal|p1b: Sinistcha|100/100\n|move|p1a: Farigiraf|Psychic|p2b: Sinistcha\n|-damage|p2b: Sinistcha|73/100\n|\n|-weather|Snowscape|[upkeep]\n|upkeep\n|turn|5\n|\n|t:|1776480707\n|move|p2a: Snorlax|Body Slam|p1a: Farigiraf\n|-enditem|p1a: Farigiraf|Focus Sash\n|-damage|p1a: Farigiraf|1/100\n|-status|p1a: Farigiraf|par\n|move|p1a: Farigiraf|Psychic|p2b: Sinistcha\n|-damage|p2b: Sinistcha|47/100\n|-unboost|p2b: Sinistcha|spd|1\n|move|p1b: Sinistcha|Matcha Gotcha|p2b: Sinistcha|[spread] p2a,p2b\n|-resisted|p2b: Sinistcha|1\n|-damage|p2a: Snorlax|90/100\n|-damage|p2b: Sinistcha|37/100\n|-status|p2a: Snorlax|brn\n|move|p2b: Sinistcha|Matcha Gotcha|p1b: Sinistcha|[spread] p1a,p1b\n|-resisted|p1b: Sinistcha|1\n|-damage|p1a: Farigiraf|0 fnt\n|-heal|p2b: Sinistcha|38/100|[from] drain|[of] p1a: Farigiraf\n|-damage|p1b: Sinistcha|85/100\n|-heal|p2b: Sinistcha|45/100|[from] drain|[of] p1b: Sinistcha\n|-status|p1b: Sinistcha|brn\n|faint|p1a: Farigiraf\n|\n|-weather|none\n|-heal|p1b: Sinistcha|92/100 brn|[from] item: Leftovers\n|-damage|p2a: Snorlax|84/100 brn|[from] brn\n|-damage|p1b: Sinistcha|85/100 brn|[from] brn\n|-sideend|p2: TsunamiofInk|move: Aurora Veil\n|-fieldend|move: Trick Room\n|upkeep\n|turn|6\n|\n|t:|1776480745\n|move|p1b: Sinistcha|Strength Sap|p2a: Snorlax\n|-unboost|p2a: Snorlax|atk|1\n|-heal|p1b: Sinistcha|100/100 brn\n|move|p2a: Snorlax|High Horsepower|p1b: Sinistcha\n|-resisted|p1b: Sinistcha|1\n|-damage|p1b: Sinistcha|84/100 brn\n|move|p2b: Sinistcha|Trick Room|p2b: Sinistcha\n|-fieldstart|move: Trick Room|[of] p2b: Sinistcha\n|\n|-heal|p1b: Sinistcha|90/100 brn|[from] item: Leftovers\n|-damage|p2a: Snorlax|78/100 brn|[from] brn\n|-damage|p1b: Sinistcha|84/100 brn|[from] brn\n|upkeep\n|turn|7\n|\n|t:|1776480760\n|switch|p2b: Slowbro|Slowbro, L50, F|100/100\n|move|p2a: Snorlax|High Horsepower|p1b: Sinistcha\n|-resisted|p1b: Sinistcha|1\n|-damage|p1b: Sinistcha|67/100 brn\n|move|p1b: Sinistcha|Matcha Gotcha|p2b: Slowbro|[spread] p2a,p2b\n|-supereffective|p2b: Slowbro|1\n|-damage|p2a: Snorlax|64/100 brn\n|-heal|p1b: Sinistcha|77/100 brn|[from] drain|[of] p2a: Snorlax\n|-damage|p2b: Slowbro|49/100\n|-heal|p1b: Sinistcha|100/100 brn|[from] drain|[of] p2b: Slowbro\n|\n|-damage|p2a: Snorlax|58/100 brn|[from] brn\n|-damage|p1b: Sinistcha|94/100 brn|[from] brn\n|upkeep\n|turn|8\n|\n|t:|1776480778\n|detailschange|p2b: Slowbro|Slowbro-Mega, L50, F\n|-mega|p2b: Slowbro|Slowbro|Slowbronite\n|move|p2a: Snorlax|High Horsepower|p1b: Sinistcha\n|-resisted|p1b: Sinistcha|1\n|-damage|p1b: Sinistcha|79/100 brn\n|move|p2b: Slowbro|Flamethrower|p1b: Sinistcha\n|-supereffective|p1b: Sinistcha|1\n|-damage|p1b: Sinistcha|0 fnt\n|faint|p1b: Sinistcha\n|\n|win|TsunamiofInk\n|raw|ZBTRACKS's rating: 1000 &rarr; <strong>1000</strong><br />(+0 for losing)\n|raw|TsunamiofInk's rating: 1099 &rarr; <strong>1117</strong><br />(+18 for winning)\n|l|\u2606TsunamiofInk\n|player|p2|\n",
  "uploadtime": 1776480819,
  "views": 16,
  "formatid": "gen9championsvgc2026regma",
  "rating": 1000,
  "private": 0,
  "password": null
}