{
  "id": "gen9championsvgc2026regma-2584088740",
  "format": "[Gen 9 Champions] VGC 2026 Reg M-A",
  "players": [
    "lanceiv",
    "rosegoesboom06"
  ],
  "log": "|j|\u2606lanceiv\n|j|\u2606rosegoesboom06\n|t:|1776223934\n|gametype|doubles\n|player|p1|lanceiv|101|1166\n|player|p2|rosegoesboom06|steven|1133\n|gen|9\n|tier|[Gen 9 Champions] VGC 2026 Reg M-A\n|rated|\n|rule|Species Clause: Limit one of each Pok\u00e9mon\n|rule|Item Clause: Limit 1 of each item\n|clearpoke\n|poke|p1|Floette-Eternal, L50, F|\n|poke|p1|Sinistcha, L50|\n|poke|p1|Aerodactyl, L50, M|\n|poke|p1|Incineroar, L50, F|\n|poke|p1|Aegislash, L50, F|\n|poke|p1|Milotic, L50, M|\n|poke|p2|Oranguru, L50, M|\n|poke|p2|Rampardos, L50, F|\n|poke|p2|Scizor, L50, F|\n|poke|p2|Ampharos, L50, M|\n|poke|p2|Sneasler, L50, F|\n|poke|p2|Charizard, L50, M|\n|teampreview|4\n|inactive|Battle timer is ON: inactive players will automatically lose when time's up. (requested by lanceiv)\n|inactive|lanceiv has 60 seconds left.\n|\n|t:|1776223980\n|teamsize|p1|4\n|teamsize|p2|4\n|start\n|switch|p1a: Aegislash|Aegislash, L50, F, shiny|100/100\n|switch|p1b: Aerodactyl|Aerodactyl, L50, M, shiny|100/100\n|switch|p2a: Oranguru|Oranguru, L50, M|100/100\n|switch|p2b: Rampardos|Rampardos, L50, F|100/100\n|-ability|p1b: Aerodactyl|Unnerve\n|turn|1\n|\n|t:|1776224000\n|move|p2b: Rampardos|Protect|p2b: Rampardos\n|-singleturn|p2b: Rampardos|Protect\n|move|p1b: Aerodactyl|Dual Wingbeat|p2a: Oranguru\n|-damage|p2a: Oranguru|82/100\n|-damage|p2a: Oranguru|64/100\n|-hitcount|p2a: Oranguru|2\n|-formechange|p1a: Aegislash|Aegislash-Blade|\n|move|p1a: Aegislash|Sacred Sword|p2a: Oranguru\n|-damage|p2a: Oranguru|25/100\n|move|p2a: Oranguru|Trick Room|p2a: Oranguru\n|-fieldstart|move: Trick Room|[of] p2a: Oranguru\n|\n|upkeep\n|turn|2\n|\n|t:|1776224016\n|-formechange|p1a: Aegislash|Aegislash|\n|move|p1a: Aegislash|King's Shield|p1a: Aegislash\n|-singleturn|p1a: Aegislash|Protect\n|move|p1b: Aerodactyl|Protect|p1b: Aerodactyl\n|-singleturn|p1b: Aerodactyl|Protect\n|move|p2b: Rampardos|Fire Punch|p1a: Aegislash\n|-activate|p1a: Aegislash|move: Protect\n|-unboost|p2b: Rampardos|atk|1\n|move|p2a: Oranguru|Instruct|p2b: Rampardos\n|-singleturn|p2b: Rampardos|move: Instruct|[of] p2a: Oranguru\n|move|p2b: Rampardos|Fire Punch|p1a: Aegislash\n|-activate|p1a: Aegislash|move: Protect\n|-unboost|p2b: Rampardos|atk|1\n|\n|upkeep\n|turn|3\n|\n|t:|1776224037\n|switch|p1a: Milotic|Milotic, L50, M, shiny|100/100\n|move|p2b: Rampardos|Rock Slide|p1a: Milotic|[spread] p1a,p1b\n|-supereffective|p1b: Aerodactyl|1\n|-damage|p1a: Milotic|79/100\n|-damage|p1b: Aerodactyl|11/100\n|move|p2a: Oranguru|Knock Off|p1a: Milotic\n|-damage|p1a: Milotic|68/100\n|-enditem|p1a: Milotic|Leftovers|[from] move: Knock Off|[of] p2a: Oranguru\n|move|p1b: Aerodactyl|Rock Slide|p2a: Oranguru|[spread] p2a,p2b\n|-damage|p2a: Oranguru|0 fnt\n|-damage|p2b: Rampardos|66/100\n|faint|p2a: Oranguru\n|\n|upkeep\n|\n|t:|1776224052\n|switch|p2a: Sneasler|Sneasler, L50, F|100/100\n|turn|4\n|\n|t:|1776224066\n|move|p1a: Milotic|Protect|p1a: Milotic\n|-singleturn|p1a: Milotic|Protect\n|move|p1b: Aerodactyl|Protect|p1b: Aerodactyl\n|-singleturn|p1b: Aerodactyl|Protect\n|move|p2a: Sneasler|Fake Out|p1a: Milotic\n|-activate|p1a: Milotic|move: Protect\n|move|p2b: Rampardos|Rock Slide|p1a: Milotic|[spread] \n|-activate|p1a: Milotic|move: Protect\n|-activate|p1b: Aerodactyl|move: Protect\n|\n|upkeep\n|turn|5\n|inactive|rosegoesboom06 has 30 seconds left.\n|inactive|rosegoesboom06 has 20 seconds left.\n|inactive|rosegoesboom06 has 15 seconds left.\n|inactive|rosegoesboom06 has 10 seconds left.\n|\n|t:|1776224115\n|switch|p1b: Aegislash|Aegislash, L50, F, shiny|100/100\n|move|p2b: Rampardos|Rock Slide|p1a: Milotic|[spread] p1a,p1b\n|-resisted|p1b: Aegislash|1\n|-damage|p1a: Milotic|45/100\n|-damage|p1b: Aegislash|90/100\n|move|p1a: Milotic|Scald|p2b: Rampardos\n|-supereffective|p2b: Rampardos|1\n|-damage|p2b: Rampardos|0 fnt\n|faint|p2b: Rampardos\n|move|p2a: Sneasler|Dire Claw|p1a: Milotic\n|-damage|p1a: Milotic|6/100\n|\n|-fieldend|move: Trick Room\n|upkeep\n|\n|t:|1776224127\n|switch|p2b: Scizor|Scizor, L50, F|100/100\n|turn|6\n|\n|t:|1776224142\n|detailschange|p2b: Scizor|Scizor-Mega, L50, F\n|-mega|p2b: Scizor|Scizor|Scizorite\n|move|p2a: Sneasler|Dire Claw|p1a: Milotic\n|-damage|p1a: Milotic|0 fnt\n|faint|p1a: Milotic\n|move|p2b: Scizor|Swords Dance|p2b: Scizor\n|-boost|p2b: Scizor|atk|2\n|-formechange|p1b: Aegislash|Aegislash-Blade|\n|move|p1b: Aegislash|Poltergeist|p2b: Scizor\n|-activate|p2b: Scizor|move: Poltergeist|Scizorite\n|-damage|p2b: Scizor|44/100\n|\n|upkeep\n|\n|t:|1776224154\n|switch|p1a: Aerodactyl|Aerodactyl, L50, M, shiny|11/100\n|-ability|p1a: Aerodactyl|Unnerve\n|turn|7\n|\n|t:|1776224171\n|move|p1a: Aerodactyl|Protect|p1a: Aerodactyl\n|-singleturn|p1a: Aerodactyl|Protect\n|move|p2b: Scizor|Protect|p2b: Scizor\n|-singleturn|p2b: Scizor|Protect\n|-formechange|p1b: Aegislash|Aegislash|\n|move|p1b: Aegislash|King's Shield|p1b: Aegislash\n|-singleturn|p1b: Aegislash|Protect\n|move|p2a: Sneasler|Dire Claw|p1a: Aerodactyl\n|-activate|p1a: Aerodactyl|move: Protect\n|\n|upkeep\n|turn|8\n|\n|t:|1776224194\n|move|p2b: Scizor|Bullet Punch|p1b: Aegislash\n|-resisted|p1b: Aegislash|1\n|-damage|p1b: Aegislash|60/100\n|move|p1a: Aerodactyl|Dual Wingbeat|p2b: Scizor\n|-damage|p2b: Scizor|30/100\n|-crit|p2b: Scizor\n|-damage|p2b: Scizor|10/100\n|-hitcount|p2b: Scizor|2\n|move|p2a: Sneasler|Dire Claw|p1a: Aerodactyl\n|-resisted|p1a: Aerodactyl|1\n|-damage|p1a: Aerodactyl|0 fnt\n|faint|p1a: Aerodactyl\n|-formechange|p1b: Aegislash|Aegislash-Blade|\n|move|p1b: Aegislash|Poltergeist|p2b: Scizor\n|-activate|p2b: Scizor|move: Poltergeist|Scizorite\n|-damage|p2b: Scizor|0 fnt\n|faint|p2b: Scizor\n|\n|upkeep\n|\n|t:|1776224209\n|switch|p1a: Floette|Floette-Eternal, L50, F|100/100\n|turn|9\n|\n|t:|1776224218\n|detailschange|p1a: Floette|Floette-Mega, L50, F\n|-mega|p1a: Floette|Floette|Floettite\n|-ability|p1a: Floette|Fairy Aura\n|move|p2a: Sneasler|Dire Claw|p1a: Floette\n|-supereffective|p1a: Floette|1\n|-damage|p1a: Floette|0 fnt\n|faint|p1a: Floette\n|move|p1b: Aegislash|Poltergeist|p2a: Sneasler\n|-activate|p2a: Sneasler|move: Poltergeist|Focus Sash\n|-enditem|p2a: Sneasler|Focus Sash\n|-damage|p2a: Sneasler|1/100\n|\n|upkeep\n|turn|10\n|c|\u2606lanceiv|gg\n|\n|t:|1776224234\n|move|p1b: Aegislash|Shadow Sneak|p2a: Sneasler\n|-damage|p2a: Sneasler|0 fnt\n|faint|p2a: Sneasler\n|\n|win|lanceiv\n|raw|lanceiv's rating: 1166 &rarr; <strong>1189</strong><br />(+23 for winning)\n|raw|rosegoesboom06's rating: 1133 &rarr; <strong>1110</strong><br />(-23 for losing)\n|l|\u2606rosegoesboom06\n|player|p2|\n",
  "uploadtime": 1776224242,
  "views": 30,
  "formatid": "gen9championsvgc2026regma",
  "rating": 1110,
  "private": 0,
  "password": null
}