{
  "id": "gen9championsvgc2026regma-2582266448",
  "format": "[Gen 9 Champions] VGC 2026 Reg M-A",
  "players": [
    "quiqueee",
    "RijdendeRechter"
  ],
  "log": "|j|\u2606quiqueee\n|j|\u2606RijdendeRechter\n|t:|1776077868\n|gametype|doubles\n|player|p1|quiqueee|ghetsis|1308\n|player|p2|RijdendeRechter|roughneck-gen4|1398\n|gen|9\n|tier|[Gen 9 Champions] VGC 2026 Reg M-A\n|rated|\n|rule|Species Clause: Limit one of each Pok\u00e9mon\n|rule|Item Clause: Limit 1 of each item\n|clearpoke\n|poke|p1|Aggron, L50, F|\n|poke|p1|Whimsicott, L50, M|\n|poke|p1|Sneasler, L50, M|\n|poke|p1|Typhlosion-Hisui, L50, M|\n|poke|p1|Absol, L50, M|\n|poke|p1|Dragapult, L50, F|\n|poke|p2|Floette-Eternal, L50, F|\n|poke|p2|Basculegion, L50, M|\n|poke|p2|Sneasler, L50, M|\n|poke|p2|Incineroar, L50, F|\n|poke|p2|Aegislash, L50, M|\n|poke|p2|Kleavor, L50, F|\n|teampreview|4\n|\n|t:|1776077904\n|teamsize|p1|4\n|teamsize|p2|4\n|start\n|switch|p1a: Whimsicott|Whimsicott, L50, M|100/100\n|switch|p1b: Absol|Absol, L50, M|100/100\n|switch|p2a: Kleavor|Kleavor, L50, F|100/100\n|switch|p2b: Incineroar|Incineroar, L50, F|100/100\n|-ability|p2b: Incineroar|Intimidate|boost\n|-unboost|p1a: Whimsicott|atk|1\n|-unboost|p1b: Absol|atk|1\n|turn|1\n|\n|t:|1776077937\n|move|p2b: Incineroar|Fake Out|p1b: Absol\n|-damage|p1b: Absol|81/100\n|move|p1a: Whimsicott|Tailwind|p1a: Whimsicott\n|-sidestart|p1: quiqueee|move: Tailwind\n|cant|p1b: Absol|flinch\n|move|p2a: Kleavor|Tailwind|p2a: Kleavor\n|-sidestart|p2: RijdendeRechter|move: Tailwind\n|\n|upkeep\n|turn|2\n|\n|t:|1776077952\n|switch|p2a: Floette|Floette-Eternal, L50, F|100/100\n|move|p1a: Whimsicott|Moonblast|p2a: Floette\n|-damage|p2a: Floette|72/100\n|move|p1b: Absol|Night Slash|p2a: Floette\n|-resisted|p2a: Floette|1\n|-crit|p2a: Floette\n|-damage|p2a: Floette|35/100\n|move|p2b: Incineroar|Parting Shot|p1b: Absol\n|-unboost|p1b: Absol|atk|1\n|-unboost|p1b: Absol|spa|1\n|\n|t:|1776077963\n|switch|p2b: Kleavor|Kleavor, L50, F|100/100|[from] Parting Shot\n|\n|upkeep\n|turn|3\n|\n|t:|1776077973\n|detailschange|p2a: Floette|Floette-Mega, L50, F\n|-mega|p2a: Floette|Floette|Floettite\n|-ability|p2a: Floette|Fairy Aura\n|move|p1a: Whimsicott|Moonblast|p2b: Kleavor\n|-damage|p2b: Kleavor|27/100\n|move|p2a: Floette|Draining Kiss|p1b: Absol\n|-supereffective|p1b: Absol|1\n|-crit|p1b: Absol\n|-damage|p1b: Absol|0 fnt\n|-heal|p2a: Floette|86/100|[from] drain|[of] p1b: Absol\n|faint|p1b: Absol\n|move|p2b: Kleavor|Stone Axe|p1a: Whimsicott|[miss]\n|-miss|p2b: Kleavor|p1a: Whimsicott\n|\n|upkeep\n|\n|t:|1776077987\n|switch|p1b: Sneasler|Sneasler, L50, M|100/100\n|turn|4\n|\n|t:|1776077999\n|move|p2a: Floette|Protect|p2a: Floette\n|-singleturn|p2a: Floette|Protect\n|move|p1a: Whimsicott|Moonblast|p2b: Kleavor\n|-damage|p2b: Kleavor|0 fnt\n|faint|p2b: Kleavor\n|move|p1b: Sneasler|Dire Claw|p2a: Floette\n|-activate|p2a: Floette|move: Protect\n|\n|-sideend|p2: RijdendeRechter|move: Tailwind\n|-sideend|p1: quiqueee|move: Tailwind\n|upkeep\n|\n|t:|1776078005\n|switch|p2b: Aegislash|Aegislash, L50, M|100/100\n|turn|5\n|\n|t:|1776078018\n|switch|p2a: Incineroar|Incineroar, L50, F|100/100\n|-ability|p2a: Incineroar|Intimidate|boost\n|-unboost|p1a: Whimsicott|atk|1\n|-unboost|p1b: Sneasler|atk|1\n|-enditem|p1b: Sneasler|White Herb\n|-clearnegativeboost|p1b: Sneasler|[silent]\n|move|p1b: Sneasler|Dire Claw|p2a: Incineroar\n|-damage|p2a: Incineroar|60/100\n|-status|p2a: Incineroar|psn\n|move|p1a: Whimsicott|Moonblast|p2a: Incineroar\n|-damage|p2a: Incineroar|34/100 psn\n|-enditem|p2a: Incineroar|Sitrus Berry|[eat]\n|-heal|p2a: Incineroar|58/100 psn|[from] item: Sitrus Berry\n|-formechange|p2b: Aegislash|Aegislash-Blade|\n|move|p2b: Aegislash|Shadow Ball|p1b: Sneasler\n|-damage|p1b: Sneasler|39/100\n|\n|-damage|p2a: Incineroar|46/100 psn|[from] psn\n|upkeep\n|turn|6\n|\n|t:|1776078044\n|move|p2a: Incineroar|Fake Out|p1a: Whimsicott\n|-damage|p1a: Whimsicott|84/100\n|cant|p1a: Whimsicott|flinch\n|move|p1b: Sneasler|Dire Claw|p2a: Incineroar\n|-damage|p2a: Incineroar|2/100 psn\n|move|p2b: Aegislash|Shadow Ball|p1b: Sneasler\n|-damage|p1b: Sneasler|0 fnt\n|faint|p1b: Sneasler\n|\n|-damage|p2a: Incineroar|0 fnt|[from] psn\n|faint|p2a: Incineroar\n|upkeep\n|\n|t:|1776078059\n|switch|p1b: Aggron|Aggron, L50, F|100/100\n|switch|p2a: Floette|Floette-Mega, L50, F|86/100\n|-ability|p2a: Floette|Fairy Aura\n|turn|7\n|\n|t:|1776078068\n|detailschange|p1b: Aggron|Aggron-Mega, L50, F\n|-mega|p1b: Aggron|Aggron|Aggronite\n|move|p2a: Floette|Protect|p2a: Floette\n|-singleturn|p2a: Floette|Protect\n|move|p1a: Whimsicott|Tailwind|p1a: Whimsicott\n|-sidestart|p1: quiqueee|move: Tailwind\n|move|p1b: Aggron|Heavy Slam|p2a: Floette\n|-activate|p2a: Floette|move: Protect\n|move|p2b: Aegislash|Flash Cannon|p1a: Whimsicott\n|-supereffective|p1a: Whimsicott|1\n|-damage|p1a: Whimsicott|0 fnt\n|faint|p1a: Whimsicott\n|\n|upkeep\n|turn|8\n|\n|t:|1776078083\n|-formechange|p2b: Aegislash|Aegislash|\n|move|p2b: Aegislash|King's Shield|p2b: Aegislash\n|-singleturn|p2b: Aegislash|Protect\n|move|p1b: Aggron|Heavy Slam|p2a: Floette\n|-supereffective|p2a: Floette|1\n|-damage|p2a: Floette|0 fnt\n|faint|p2a: Floette\n|\n|upkeep\n|turn|9\n|\n|t:|1776078095\n|move|p1b: Aggron|Iron Defense|p1b: Aggron\n|-boost|p1b: Aggron|def|2\n|-formechange|p2b: Aegislash|Aegislash-Blade|\n|move|p2b: Aegislash|Shadow Ball|p1b: Aggron\n|-damage|p1b: Aggron|33/100\n|\n|upkeep\n|turn|10\n|\n|t:|1776078103\n|-formechange|p2b: Aegislash|Aegislash|\n|move|p2b: Aegislash|King's Shield|p2b: Aegislash\n|-singleturn|p2b: Aegislash|Protect\n|move|p1b: Aggron|Heavy Slam|p2b: Aegislash\n|-activate|p2b: Aegislash|move: Protect\n|-unboost|p1b: Aggron|atk|1\n|\n|-sideend|p1: quiqueee|move: Tailwind\n|upkeep\n|turn|11\n|\n|t:|1776078113\n|move|p1b: Aggron|Heavy Slam|p2b: Aegislash\n|-resisted|p2b: Aegislash|1\n|-damage|p2b: Aegislash|85/100\n|-formechange|p2b: Aegislash|Aegislash-Blade|\n|move|p2b: Aegislash|Shadow Ball|p1b: Aggron\n|-damage|p1b: Aggron|0 fnt\n|faint|p1b: Aggron\n|\n|win|RijdendeRechter\n|raw|quiqueee's rating: 1308 &rarr; <strong>1293</strong><br />(-15 for losing)\n|raw|RijdendeRechter's rating: 1398 &rarr; <strong>1413</strong><br />(+15 for winning)\n|l|\u2606quiqueee\n|player|p1|\n|j| jspe1212121\n|l| jspe1212121\n",
  "uploadtime": 1776078246,
  "views": 21,
  "formatid": "gen9championsvgc2026regma",
  "rating": 1293,
  "private": 0,
  "password": null
}