{
  "id": "gen9championsvgc2026regma-2584478613",
  "format": "[Gen 9 Champions] VGC 2026 Reg M-A",
  "players": [
    "Orizor",
    "WHERE'S D RUM"
  ],
  "log": "|j|\u2606Orizor\n|j|\u2606WHERE'S D RUM\n|t:|1776263565\n|gametype|doubles\n|player|p1|Orizor|hilbert-wonderlauncher|1080\n|player|p2|WHERE'S D RUM|biker|1000\n|gen|9\n|tier|[Gen 9 Champions] VGC 2026 Reg M-A\n|rated|\n|rule|Species Clause: Limit one of each Pok\u00e9mon\n|rule|Item Clause: Limit 1 of each item\n|clearpoke\n|poke|p1|Garchomp, L50, F|\n|poke|p1|Gengar, L50, F|\n|poke|p1|Incineroar, L50, F|\n|poke|p1|Basculegion, L50, M|\n|poke|p1|Talonflame, L50, M|\n|poke|p1|Lucario, L50, M|\n|poke|p2|Pelipper, L50, M|\n|poke|p2|Archaludon, L50, M|\n|poke|p2|Starmie, L50|\n|poke|p2|Basculegion, L50, M|\n|poke|p2|Kingambit, L50, M|\n|poke|p2|Ditto, L50|\n|teampreview|4\n|inactive|Battle timer is ON: inactive players will automatically lose when time's up. (requested by Orizor)\n|inactive|WHERE'S D RUM also wants the timer to be on.\n|l|\u2606Orizor\n|inactive|Orizor disconnected and has a minute to reconnect!\n|player|p1|\n|inactive|Orizor has 30 seconds to reconnect!\n|j|\u2606Orizor\n|inactive|Orizor reconnected and has 50 seconds left.\n|player|p1|Orizor|hilbert-wonderlauncher|\n|\n|t:|1776263616\n|teamsize|p1|4\n|teamsize|p2|4\n|start\n|switch|p1a: Basculegion|Basculegion, L50, M|100/100\n|switch|p1b: Talonflame|Talonflame, L50, M|100/100\n|switch|p2a: Pelipper|Pelipper, L50, M|100/100\n|switch|p2b: Archaludon|Archaludon, L50, M|100/100\n|-weather|RainDance|[from] ability: Drizzle|[of] p2a: Pelipper\n|turn|1\n|\n|t:|1776263628\n|move|p1b: Talonflame|Brave Bird|p2a: Pelipper\n|-crit|p2a: Pelipper\n|-enditem|p2a: Pelipper|Focus Sash\n|-damage|p2a: Pelipper|1/100\n|-damage|p1b: Talonflame|71/100|[from] Recoil\n|move|p1a: Basculegion|Flip Turn|p2a: Pelipper\n|-resisted|p2a: Pelipper|1\n|-damage|p2a: Pelipper|0 fnt\n|faint|p2a: Pelipper\n|\n|t:|1776263636\n|switch|p1a: Garchomp|Garchomp, L50, F|100/100|[from] Flip Turn\n|move|p2b: Archaludon|Electro Shot||[still]\n|-prepare|p2b: Archaludon|Electro Shot\n|-boost|p2b: Archaludon|spa|1\n|-anim|p2b: Archaludon|Electro Shot|p1a: Garchomp\n|-immune|p1a: Garchomp\n|\n|-weather|RainDance|[upkeep]\n|upkeep\n|\n|t:|1776263646\n|switch|p2a: Ditto|Ditto, L50|100/100\n|-transform|p2a: Ditto|p1b: Talonflame|[from] ability: Imposter\n|turn|2\n|l|\u2606Orizor\n|inactive|Orizor disconnected and has a minute to reconnect!\n|player|p1|\n|j|\u2606Orizor\n|inactive|Orizor reconnected and has 45 seconds left.\n|player|p1|Orizor|hilbert-wonderlauncher|\n|\n|t:|1776263667\n|move|p2a: Ditto|Tailwind|p2a: Ditto\n|-sidestart|p2: WHERE'S D RUM|move: Tailwind\n|move|p2b: Archaludon|Dragon Pulse|p1a: Garchomp\n|-supereffective|p1a: Garchomp|1\n|-damage|p1a: Garchomp|0 fnt\n|faint|p1a: Garchomp\n|move|p1b: Talonflame|Tailwind|p1b: Talonflame\n|-sidestart|p1: Orizor|move: Tailwind\n|\n|-weather|RainDance|[upkeep]\n|upkeep\n|\n|t:|1776263676\n|switch|p1a: Lucario|Lucario, L50, M|100/100\n|turn|3\n|l|\u2606Orizor\n|inactive|Orizor disconnected and has a minute to reconnect!\n|player|p1|\n|\n|t:|1776263696\n|switch|p2a: Starmie|Starmie, L50|100/100\n|detailschange|p1a: Lucario|Lucario-Mega, L50, M\n|-mega|p1a: Lucario|Lucario|Lucarionite\n|move|p1b: Talonflame|Feint|p2b: Archaludon\n|-resisted|p2b: Archaludon|1\n|-damage|p2b: Archaludon|97/100\n|-ability|p2b: Archaludon|Stamina|boost\n|-boost|p2b: Archaludon|def|1\n|move|p1a: Lucario|Aura Sphere|p2b: Archaludon\n|-supereffective|p2b: Archaludon|1\n|-damage|p2b: Archaludon|0 fnt\n|faint|p2b: Archaludon\n|\n|-weather|RainDance|[upkeep]\n|upkeep\n|j|\u2606Orizor\n|inactive|Orizor reconnected.\n|player|p1|Orizor|hilbert-wonderlauncher|\n|\n|t:|1776263712\n|switch|p2b: Ditto|Ditto, L50|100/100\n|-transform|p2b: Ditto|p1a: Lucario|[from] ability: Imposter\n|turn|4\n|l|\u2606Orizor\n|inactive|Orizor disconnected and has a minute to reconnect!\n|player|p1|\n|j|\u2606Orizor\n|inactive|Orizor reconnected and has 50 seconds left.\n|player|p1|Orizor|hilbert-wonderlauncher|\n|\n|t:|1776263725\n|detailschange|p2a: Starmie|Starmie-Mega, L50\n|-mega|p2a: Starmie|Starmie|Starminite\n|move|p1b: Talonflame|Feint|p2b: Ditto\n|-resisted|p2b: Ditto|1\n|-damage|p2b: Ditto|95/100\n|move|p2b: Ditto|Aura Sphere|p1a: Lucario\n|-supereffective|p1a: Lucario|1\n|-damage|p1a: Lucario|0 fnt\n|faint|p1a: Lucario\n|move|p2a: Starmie|Waterfall|p1b: Talonflame\n|-supereffective|p1b: Talonflame|1\n|-damage|p1b: Talonflame|0 fnt\n|faint|p1b: Talonflame\n|\n|-weather|RainDance|[upkeep]\n|upkeep\n|\n|t:|1776263732\n|switch|p1b: Basculegion|Basculegion, L50, M|100/100\n|turn|5\n|\n|t:|1776263741\n|move|p2b: Ditto|Aura Sphere|p1b: Basculegion\n|-immune|p1b: Basculegion\n|move|p1b: Basculegion|Last Respects|p2a: Starmie\n|-supereffective|p2a: Starmie|1\n|-damage|p2a: Starmie|0 fnt\n|faint|p2a: Starmie\n|\n|-weather|none\n|-sideend|p1: Orizor|move: Tailwind\n|-sideend|p2: WHERE'S D RUM|move: Tailwind\n|upkeep\n|turn|6\n|c|\u2606Orizor|Ggwp\n|-message|WHERE'S D RUM forfeited.\n|\n|win|Orizor\n|raw|Orizor's rating: 1080 &rarr; <strong>1102</strong><br />(+22 for winning)\n|raw|WHERE&apos;S D RUM's rating: 1000 &rarr; <strong>1000</strong><br />(+0 for losing)\n|l|\u2606WHERE'S D RUM\n|player|p2|\n",
  "uploadtime": 1776263751,
  "views": 18,
  "formatid": "gen9championsvgc2026regma",
  "rating": 1000,
  "private": 0,
  "password": null
}