{
  "id": "gen9championsvgc2026regma-2583083389",
  "format": "[Gen 9 Champions] VGC 2026 Reg M-A",
  "players": [
    "ErinHallow",
    "LaserDedenee"
  ],
  "log": "|j|\u2606ErinHallow\n|j|\u2606LaserDedenee\n|t:|1776140088\n|gametype|doubles\n|player|p1|ErinHallow|rika|1165\n|player|p2|LaserDedenee|2|1175\n|gen|9\n|tier|[Gen 9 Champions] VGC 2026 Reg M-A\n|rated|\n|rule|Species Clause: Limit one of each Pok\u00e9mon\n|rule|Item Clause: Limit 1 of each item\n|clearpoke\n|poke|p1|Charizard, L50, M|\n|poke|p1|Whimsicott, L50, M|\n|poke|p1|Incineroar, L50, F|\n|poke|p1|Sinistcha, L50|\n|poke|p1|Corviknight, L50, F|\n|poke|p1|Rotom-Wash, L50|\n|poke|p2|Incineroar, L50, F|\n|poke|p2|Torkoal, L50, M|\n|poke|p2|Crabominable, L50, M|\n|poke|p2|Sinistcha, L50|\n|poke|p2|Farigiraf, L50, M|\n|poke|p2|Ampharos, L50, M|\n|teampreview|4\n|\n|t:|1776140141\n|teamsize|p1|4\n|teamsize|p2|4\n|start\n|switch|p1a: Charizard|Charizard, L50, M|100/100\n|switch|p1b: Incineroar|Incineroar, L50, F|100/100\n|switch|p2a: Farigiraf|Farigiraf, L50, M|100/100\n|switch|p2b: Incineroar|Incineroar, L50, F|100/100\n|-ability|p1b: Incineroar|Intimidate|boost\n|-unboost|p2a: Farigiraf|atk|1\n|-unboost|p2b: Incineroar|atk|1\n|-ability|p2b: Incineroar|Intimidate|boost\n|-unboost|p1a: Charizard|atk|1\n|-unboost|p1b: Incineroar|atk|1\n|-enditem|p2b: Incineroar|White Herb\n|-clearnegativeboost|p2b: Incineroar|[silent]\n|turn|1\n|\n|t:|1776140165\n|move|p2b: Incineroar|Fake Out|p1a: Charizard\n|-damage|p1a: Charizard|81/100\n|cant|p1a: Charizard|flinch\n|move|p1b: Incineroar|Darkest Lariat|p2a: Farigiraf\n|-supereffective|p2a: Farigiraf|1\n|-enditem|p2a: Farigiraf|Colbur Berry|[eat]\n|-enditem|p2a: Farigiraf|Colbur Berry|[weaken]\n|-damage|p2a: Farigiraf|73/100\n|move|p2a: Farigiraf|Trick Room|p2a: Farigiraf\n|-fieldstart|move: Trick Room|[of] p2a: Farigiraf\n|\n|upkeep\n|turn|2\n|\n|t:|1776140198\n|switch|p1a: Sinistcha|Sinistcha, L50|100/100\n|move|p2a: Farigiraf|Hyper Voice|p1b: Incineroar|[spread] p1b\n|-immune|p1a: Sinistcha\n|-damage|p1b: Incineroar|74/100\n|move|p2b: Incineroar|Close Combat|p1b: Incineroar\n|-supereffective|p1b: Incineroar|1\n|-damage|p1b: Incineroar|0 fnt\n|-unboost|p2b: Incineroar|def|1\n|-unboost|p2b: Incineroar|spd|1\n|faint|p1b: Incineroar\n|\n|upkeep\n|\n|t:|1776140209\n|switch|p1b: Charizard|Charizard, L50, M|81/100\n|turn|3\n|\n|t:|1776140242\n|move|p1a: Sinistcha|Protect|p1a: Sinistcha\n|-singleturn|p1a: Sinistcha|Protect\n|move|p1b: Charizard|Protect|p1b: Charizard\n|-singleturn|p1b: Charizard|Protect\n|move|p2a: Farigiraf|Psychic|p1a: Sinistcha\n|-activate|p1a: Sinistcha|move: Protect\n|move|p2b: Incineroar|Flare Blitz|p1a: Sinistcha\n|-activate|p1a: Sinistcha|move: Protect\n|\n|upkeep\n|turn|4\n|\n|t:|1776140261\n|switch|p1a: Rotom|Rotom-Wash, L50|100/100\n|detailschange|p1b: Charizard|Charizard-Mega-X, L50, M\n|-mega|p1b: Charizard|Charizard|Charizardite X\n|move|p2b: Incineroar|Flare Blitz|p1a: Rotom\n|-resisted|p1a: Rotom|1\n|-damage|p1a: Rotom|62/100\n|-status|p1a: Rotom|brn\n|-damage|p2b: Incineroar|92/100|[from] Recoil\n|move|p2a: Farigiraf|Psychic|p1a: Rotom\n|-damage|p1a: Rotom|2/100 brn\n|move|p1b: Charizard|Flare Blitz|p2a: Farigiraf\n|-damage|p2a: Farigiraf|0 fnt\n|faint|p2a: Farigiraf\n|-damage|p1b: Charizard|50/100|[from] Recoil\n|\n|-damage|p1a: Rotom|0 fnt|[from] brn\n|faint|p1a: Rotom\n|upkeep\n|\n|t:|1776140278\n|switch|p2a: Ampharos|Ampharos, L50, M|100/100\n|switch|p1a: Sinistcha|Sinistcha, L50|100/100\n|-heal|p1b: Charizard|74/100|[from] ability: Hospitality|[of] p1a: Sinistcha\n|turn|5\n|inactive|Battle timer is ON: inactive players will automatically lose when time's up. (requested by LaserDedenee)\n|\n|t:|1776140315\n|switch|p2b: Crabominable|Crabominable, L50, M|100/100\n|detailschange|p2a: Ampharos|Ampharos-Mega, L50, M\n|-mega|p2a: Ampharos|Ampharos|Ampharosite\n|-ability|p2a: Ampharos|Mold Breaker\n|move|p1a: Sinistcha|Protect|p1a: Sinistcha\n|-singleturn|p1a: Sinistcha|Protect\n|move|p1b: Charizard|Protect|p1b: Charizard\n|-singleturn|p1b: Charizard|Protect\n|move|p2a: Ampharos|Substitute|p2a: Ampharos\n|-start|p2a: Ampharos|Substitute\n|-damage|p2a: Ampharos|76/100\n|\n|-fieldend|move: Trick Room\n|upkeep\n|turn|6\n|inactive|ErinHallow has 30 seconds left.\n|inactive|LaserDedenee has 30 seconds left.\n|\n|t:|1776140349\n|move|p2b: Crabominable|Protect|p2b: Crabominable\n|-singleturn|p2b: Crabominable|Protect\n|move|p1a: Sinistcha|Rage Powder|p1a: Sinistcha\n|-singleturn|p1a: Sinistcha|move: Rage Powder\n|move|p1b: Charizard|Flare Blitz|p2b: Crabominable\n|-activate|p2b: Crabominable|move: Protect\n|move|p2a: Ampharos|Dragon Pulse|p1a: Sinistcha\n|-damage|p1a: Sinistcha|54/100\n|\n|-heal|p1a: Sinistcha|61/100|[from] item: Leftovers\n|upkeep\n|turn|7\n|\n|t:|1776140366\n|switch|p2b: Incineroar|Incineroar, L50, F|92/100\n|-ability|p2b: Incineroar|Intimidate|boost\n|-unboost|p1a: Sinistcha|atk|1\n|-unboost|p1b: Charizard|atk|1\n|move|p1a: Sinistcha|Rage Powder|p1a: Sinistcha\n|-singleturn|p1a: Sinistcha|move: Rage Powder\n|move|p1b: Charizard|Flare Blitz|p2b: Incineroar\n|-resisted|p2b: Incineroar|1\n|-damage|p2b: Incineroar|62/100\n|-damage|p1b: Charizard|62/100|[from] Recoil\n|move|p2a: Ampharos|Dragon Pulse|p1a: Sinistcha\n|-damage|p1a: Sinistcha|16/100\n|\n|-heal|p1a: Sinistcha|22/100|[from] item: Leftovers\n|upkeep\n|turn|8\n|inactive|LaserDedenee has 30 seconds left.\n|\n|t:|1776140392\n|move|p1a: Sinistcha|Rage Powder|p1a: Sinistcha\n|-singleturn|p1a: Sinistcha|move: Rage Powder\n|move|p1b: Charizard|Dragon Claw|p2a: Ampharos\n|-supereffective|p2a: Ampharos|1\n|-end|p2a: Ampharos|Substitute\n|move|p2b: Incineroar|Darkest Lariat|p1a: Sinistcha\n|-supereffective|p1a: Sinistcha|1\n|-damage|p1a: Sinistcha|0 fnt\n|faint|p1a: Sinistcha\n|move|p2a: Ampharos|Dragon Pulse|p1b: Charizard\n|-supereffective|p1b: Charizard|1\n|-damage|p1b: Charizard|0 fnt\n|faint|p1b: Charizard\n|\n|win|LaserDedenee\n|raw|ErinHallow's rating: 1165 &rarr; <strong>1141</strong><br />(-24 for losing)\n|raw|LaserDedenee's rating: 1175 &rarr; <strong>1199</strong><br />(+24 for winning)\n|l|\u2606ErinHallow\n|player|p1|\n",
  "uploadtime": 1776140412,
  "views": 46,
  "formatid": "gen9championsvgc2026regma",
  "rating": 1141,
  "private": 0,
  "password": null
}