{
  "id": "gen9championsvgc2026regma-2583176671",
  "format": "[Gen 9 Champions] VGC 2026 Reg M-A",
  "players": [
    "chang21",
    "Giftedyewsucks"
  ],
  "log": "|j|\u2606chang21\n|j|\u2606Giftedyewsucks\n|t:|1776151294\n|gametype|doubles\n|player|p1|chang21|266|1416\n|player|p2|Giftedyewsucks|2|1506\n|gen|9\n|tier|[Gen 9 Champions] VGC 2026 Reg M-A\n|rated|\n|rule|Species Clause: Limit one of each Pok\u00e9mon\n|rule|Item Clause: Limit 1 of each item\n|clearpoke\n|poke|p1|Incineroar, L50, F|\n|poke|p1|Delphox, L50, M|\n|poke|p1|Sneasler, L50, M|\n|poke|p1|Floette-Eternal, L50, F|\n|poke|p1|Kingambit, L50, M|\n|poke|p1|Garchomp, L50, M|\n|poke|p2|Kingambit, L50, M|\n|poke|p2|Sneasler, L50, F|\n|poke|p2|Delphox, L50, F|\n|poke|p2|Whimsicott, L50, M|\n|poke|p2|Garchomp, L50, F|\n|poke|p2|Rotom-Wash, L50|\n|teampreview|4\n|\n|t:|1776151319\n|teamsize|p1|4\n|teamsize|p2|4\n|start\n|switch|p1a: Floette|Floette-Eternal, L50, F|100/100\n|switch|p1b: Sneasler|Sneasler, L50, M|100/100\n|switch|p2a: Kingambit|Kingambit, L50, M|100/100\n|switch|p2b: Delphox|Delphox, L50, F|100/100\n|turn|1\n|j| daedae007\n|\n|t:|1776151373\n|switch|p1a: Garchomp|Garchomp, L50, M|100/100\n|detailschange|p2b: Delphox|Delphox-Mega, L50, F\n|-mega|p2b: Delphox|Delphox|Delphoxite\n|move|p2a: Kingambit|Protect|p2a: Kingambit\n|-singleturn|p2a: Kingambit|Protect\n|move|p1b: Sneasler|Fake Out|p2b: Delphox\n|-damage|p2b: Delphox|81/100\n|cant|p2b: Delphox|flinch\n|\n|upkeep\n|turn|2\n|inactive|Battle timer is ON: inactive players will automatically lose when time's up. (requested by chang21)\n|\n|t:|1776151395\n|switch|p2a: Garchomp|Garchomp, L50, F|100/100\n|move|p2b: Delphox|Protect|p2b: Delphox\n|-singleturn|p2b: Delphox|Protect\n|move|p1b: Sneasler|Protect|p1b: Sneasler\n|-singleturn|p1b: Sneasler|Protect\n|move|p1a: Garchomp|Rock Slide|p2a: Garchomp|[spread] p2a\n|-activate|p2b: Delphox|move: Protect\n|-resisted|p2a: Garchomp|1\n|-damage|p2a: Garchomp|91/100\n|\n|upkeep\n|turn|3\n|\n|t:|1776151410\n|switch|p2b: Kingambit|Kingambit, L50, M|100/100\n|switch|p1b: Incineroar|Incineroar, L50, F|100/100\n|-ability|p1b: Incineroar|Intimidate|boost\n|-unboost|p2a: Garchomp|atk|1\n|-unboost|p2b: Kingambit|atk|1\n|-ability|p2b: Kingambit|Defiant|boost\n|-boost|p2b: Kingambit|atk|2\n|move|p2a: Garchomp|Earthquake|p1b: Incineroar|[spread] p2b,p1a,p1b\n|-supereffective|p2b: Kingambit|1\n|-supereffective|p1b: Incineroar|1\n|-damage|p2b: Kingambit|57/100\n|-damage|p1a: Garchomp|73/100\n|-damage|p1b: Incineroar|50/100\n|move|p1a: Garchomp|Dragon Claw|p2b: Kingambit\n|-resisted|p2b: Kingambit|1\n|-damage|p2b: Kingambit|42/100\n|\n|-heal|p1b: Incineroar|56/100|[from] item: Leftovers\n|upkeep\n|turn|4\n|inactive|chang21 has 30 seconds left.\n|inactive|chang21 has 20 seconds left.\n|inactive|chang21 has 15 seconds left.\n|\n|t:|1776151451\n|switch|p2a: Sneasler|Sneasler, L50, F|100/100\n|move|p2b: Kingambit|Protect|p2b: Kingambit\n|-singleturn|p2b: Kingambit|Protect\n|move|p1b: Incineroar|Fake Out|p2b: Kingambit\n|-activate|p2b: Kingambit|move: Protect\n|move|p1a: Garchomp|Dragon Claw|p2a: Sneasler\n|-damage|p2a: Sneasler|24/100\n|\n|-heal|p1b: Incineroar|62/100|[from] item: Leftovers\n|upkeep\n|turn|5\n|\n|t:|1776151466\n|switch|p1b: Sneasler|Sneasler, L50, M|100/100\n|move|p1a: Garchomp|Protect|p1a: Garchomp\n|-singleturn|p1a: Garchomp|Protect\n|move|p2b: Kingambit|Sucker Punch||[still]\n|-fail|p2b: Kingambit\n|move|p2a: Sneasler|Close Combat|p1b: Sneasler\n|-resisted|p1b: Sneasler|1\n|-damage|p1b: Sneasler|44/100\n|-unboost|p2a: Sneasler|def|1\n|-unboost|p2a: Sneasler|spd|1\n|-enditem|p2a: Sneasler|White Herb\n|-clearnegativeboost|p2a: Sneasler|[silent]\n|\n|upkeep\n|turn|6\n|inactive|chang21 has 30 seconds left.\n|\n|t:|1776151501\n|move|p2a: Sneasler|Protect|p2a: Sneasler\n|-singleturn|p2a: Sneasler|Protect\n|move|p2b: Kingambit|Protect|p2b: Kingambit\n|-singleturn|p2b: Kingambit|Protect\n|move|p1b: Sneasler|Fake Out|p2b: Kingambit\n|-activate|p2b: Kingambit|move: Protect\n|move|p1a: Garchomp|Dragon Claw|p2a: Sneasler\n|-activate|p2a: Sneasler|move: Protect\n|\n|upkeep\n|turn|7\n|inactive|chang21 has 30 seconds left.\n|\n|t:|1776151527\n|switch|p1a: Floette|Floette-Eternal, L50, F|100/100\n|move|p2b: Kingambit|Sucker Punch||[still]\n|-fail|p2b: Kingambit\n|move|p2a: Sneasler|Close Combat|p1b: Sneasler\n|-resisted|p1b: Sneasler|1\n|-damage|p1b: Sneasler|0 fnt\n|-unboost|p2a: Sneasler|def|1\n|-unboost|p2a: Sneasler|spd|1\n|faint|p1b: Sneasler\n|\n|upkeep\n|\n|t:|1776151540\n|switch|p1b: Incineroar|Incineroar, L50, F|62/100\n|-ability|p1b: Incineroar|Intimidate|boost\n|-unboost|p2a: Sneasler|atk|1\n|-unboost|p2b: Kingambit|atk|1\n|-ability|p2b: Kingambit|Defiant|boost\n|-boost|p2b: Kingambit|atk|2\n|turn|8\n|\n|t:|1776151554\n|detailschange|p1a: Floette|Floette-Mega, L50, F\n|-mega|p1a: Floette|Floette|Floettite\n|-ability|p1a: Floette|Fairy Aura\n|move|p2a: Sneasler|Protect|p2a: Sneasler\n|-singleturn|p2a: Sneasler|Protect\n|move|p2b: Kingambit|Protect|p2b: Kingambit\n|-singleturn|p2b: Kingambit|Protect\n|move|p1b: Incineroar|Fake Out|p2a: Sneasler\n|-activate|p2a: Sneasler|move: Protect\n|move|p1a: Floette|Calm Mind|p1a: Floette\n|-boost|p1a: Floette|spa|1\n|-boost|p1a: Floette|spd|1\n|\n|-heal|p1b: Incineroar|68/100|[from] item: Leftovers\n|upkeep\n|turn|9\n|\n|t:|1776151576\n|move|p2b: Kingambit|Sucker Punch|p1a: Floette\n|-resisted|p1a: Floette|1\n|-damage|p1a: Floette|49/100\n|move|p2a: Sneasler|Close Combat|p1b: Incineroar\n|-supereffective|p1b: Incineroar|1\n|-damage|p1b: Incineroar|0 fnt\n|-unboost|p2a: Sneasler|def|1\n|-unboost|p2a: Sneasler|spd|1\n|faint|p1b: Incineroar\n|move|p1a: Floette|Draining Kiss|p2b: Kingambit\n|-damage|p2b: Kingambit|0 fnt\n|-heal|p1a: Floette|84/100|[from] drain|[of] p2b: Kingambit\n|faint|p2b: Kingambit\n|\n|upkeep\n|\n|t:|1776151595\n|switch|p1b: Garchomp|Garchomp, L50, M|73/100\n|switch|p2b: Delphox|Delphox-Mega, L50, F|81/100\n|turn|10\n|inactive|chang21 has 30 seconds left.\n|\n|t:|1776151630\n|switch|p2a: Garchomp|Garchomp, L50, F|91/100\n|move|p1a: Floette|Protect|p1a: Floette\n|-singleturn|p1a: Floette|Protect\n|move|p2b: Delphox|Psychic|p1b: Garchomp\n|-damage|p1b: Garchomp|16/100\n|-enditem|p1b: Garchomp|Sitrus Berry|[eat]\n|-heal|p1b: Garchomp|41/100|[from] item: Sitrus Berry\n|move|p1b: Garchomp|Rock Slide|p2b: Delphox|[spread] p2a,p2b\n|-resisted|p2a: Garchomp|1\n|-supereffective|p2b: Delphox|1\n|-damage|p2a: Garchomp|81/100\n|-damage|p2b: Delphox|26/100\n|\n|upkeep\n|turn|11\n|\n|t:|1776151652\n|move|p2a: Garchomp|Earthquake|p1a: Floette|[spread] p1a,p1b\n|-immune|p2b: Delphox|[from] ability: Levitate\n|-damage|p1a: Floette|36/100\n|-damage|p1b: Garchomp|0 fnt\n|faint|p1b: Garchomp\n|move|p2b: Delphox|Heat Wave|p1a: Floette\n|-crit|p1a: Floette\n|-damage|p1a: Floette|0 fnt\n|faint|p1a: Floette\n|\n|win|Giftedyewsucks\n|raw|chang21's rating: 1416 &rarr; <strong>1401</strong><br />(-15 for losing)\n|raw|Giftedyewsucks's rating: 1506 &rarr; <strong>1521</strong><br />(+15 for winning)\n|l|\u2606chang21\n|player|p1|\n|l|\u2606Giftedyewsucks\n|player|p2|\n",
  "uploadtime": 1776151682,
  "views": 41,
  "formatid": "gen9championsvgc2026regma",
  "rating": 1401,
  "private": 0,
  "password": null
}