{
  "id": "gen9championsvgc2026regma-2581225146",
  "format": "[Gen 9 Champions] VGC 2026 Reg M-A",
  "players": [
    "Marolio_XDD",
    "specs koraidon"
  ],
  "log": "|j|\u2606Marolio_XDD\n|j|\u2606specs koraidon\n|t:|1775973007\n|gametype|doubles\n|player|p1|Marolio_XDD|iris-gen5bw2|1030\n|player|p2|specs koraidon|swimmer-gen4|1000\n|gen|9\n|tier|[Gen 9 Champions] VGC 2026 Reg M-A\n|rated|\n|rule|Species Clause: Limit one of each Pok\u00e9mon\n|rule|Item Clause: Limit 1 of each item\n|clearpoke\n|poke|p1|Dragonite, L50, M|\n|poke|p1|Pelipper, L50, M|\n|poke|p1|Archaludon, L50, F|\n|poke|p1|Politoed, L50, M|\n|poke|p1|Basculegion, L50, M|\n|poke|p1|Whimsicott, L50, F|\n|poke|p2|Delphox, L50, M|\n|poke|p2|Whimsicott, L50, M|\n|poke|p2|Maushold, L50|\n|poke|p2|Basculegion, L50, M|\n|poke|p2|Dragapult, L50, F|\n|poke|p2|Sneasler, L50, F|\n|teampreview|4\n|\n|t:|1775973037\n|teamsize|p1|4\n|teamsize|p2|4\n|start\n|switch|p1a: Dragonite|Dragonite, L50, M, shiny|100/100\n|switch|p1b: Pelipper|Pelipper, L50, M|100/100\n|switch|p2a: Dragapult|Dragapult, L50, F|100/100\n|switch|p2b: Sneasler|Sneasler, L50, F|100/100\n|-weather|RainDance|[from] ability: Drizzle|[of] p1b: Pelipper\n|turn|1\n|inactive|Battle timer is ON: inactive players will automatically lose when time's up. (requested by Marolio_XDD)\n|\n|t:|1775973059\n|detailschange|p1a: Dragonite|Dragonite-Mega, L50, M, shiny\n|-mega|p1a: Dragonite|Dragonite|Dragoninite\n|move|p2b: Sneasler|Fake Out|p1a: Dragonite\n|-damage|p1a: Dragonite|93/100\n|move|p2a: Dragapult|Light Screen|p2a: Dragapult\n|-sidestart|p2: specs koraidon|move: Light Screen\n|cant|p1a: Dragonite|flinch\n|move|p1b: Pelipper|Hurricane|p2a: Dragapult\n|-damage|p2a: Dragapult|60/100\n|-start|p2a: Dragapult|confusion\n|\n|-weather|RainDance|[upkeep]\n|upkeep\n|turn|2\n|\n|t:|1775973075\n|-activate|p2a: Dragapult|confusion\n|move|p2a: Dragapult|Draco Meteor|p1a: Dragonite\n|-supereffective|p1a: Dragonite|1\n|-damage|p1a: Dragonite|3/100\n|-unboost|p2a: Dragapult|spa|2\n|move|p2b: Sneasler|Dire Claw|p1b: Pelipper\n|-damage|p1b: Pelipper|46/100\n|-status|p1b: Pelipper|slp\n|move|p1a: Dragonite|Hurricane|p2b: Sneasler\n|-supereffective|p2b: Sneasler|1\n|-damage|p2b: Sneasler|0 fnt\n|faint|p2b: Sneasler\n|cant|p1b: Pelipper|slp\n|\n|-weather|RainDance|[upkeep]\n|upkeep\n|\n|t:|1775973088\n|switch|p2b: Delphox|Delphox, L50, M|100/100\n|turn|3\n|inactive|Marolio_XDD has 30 seconds left.\n|\n|t:|1775973118\n|detailschange|p2b: Delphox|Delphox-Mega, L50, M\n|-mega|p2b: Delphox|Delphox|Delphoxite\n|-activate|p2a: Dragapult|confusion\n|move|p2a: Dragapult|Draco Meteor|p1b: Pelipper\n|-damage|p1b: Pelipper|6/100 slp\n|-unboost|p2a: Dragapult|spa|2\n|move|p2b: Delphox|Nasty Plot|p2b: Delphox\n|-boost|p2b: Delphox|spa|2\n|move|p1a: Dragonite|Weather Ball|p2b: Delphox\n|-supereffective|p2b: Delphox|1\n|-damage|p2b: Delphox|34/100\n|-curestatus|p1b: Pelipper|slp|[msg]\n|move|p1b: Pelipper|Tailwind|p1b: Pelipper\n|-sidestart|p1: Marolio_XDD|move: Tailwind\n|\n|-weather|RainDance|[upkeep]\n|upkeep\n|turn|4\n|\n|t:|1775973135\n|move|p2b: Delphox|Protect|p2b: Delphox\n|-singleturn|p2b: Delphox|Protect\n|move|p1a: Dragonite|Weather Ball|p2b: Delphox\n|-activate|p2b: Delphox|move: Protect\n|-end|p2a: Dragapult|confusion\n|move|p2a: Dragapult|Shadow Ball|p1b: Pelipper\n|-damage|p1b: Pelipper|0 fnt\n|faint|p1b: Pelipper\n|\n|-weather|RainDance|[upkeep]\n|upkeep\n|\n|t:|1775973143\n|switch|p1b: Basculegion|Basculegion, L50, M|100/100\n|turn|5\n|-message|specs koraidon forfeited.\n|\n|win|Marolio_XDD\n|raw|Marolio_XDD's rating: 1030 &rarr; <strong>1062</strong><br />(+32 for winning)\n|raw|specs koraidon's rating: 1000 &rarr; <strong>1000</strong><br />(+0 for losing)\n|l|\u2606specs koraidon\n|player|p2|\n",
  "uploadtime": 1775973154,
  "views": 12,
  "formatid": "gen9championsvgc2026regma",
  "rating": 1000,
  "private": 0,
  "password": null
}