{
  "id": "gen9championsvgc2026regma-2584824636",
  "format": "[Gen 9 Champions] VGC 2026 Reg M-A",
  "players": [
    "robdog7",
    "ToniToniChoppr"
  ],
  "log": "|j|\u2606robdog7\n|j|\u2606ToniToniChoppr\n|t:|1776286476\n|gametype|doubles\n|player|p1|robdog7|boarder|1102\n|player|p2|ToniToniChoppr|dawn|1185\n|gen|9\n|tier|[Gen 9 Champions] VGC 2026 Reg M-A\n|rated|\n|rule|Species Clause: Limit one of each Pok\u00e9mon\n|rule|Item Clause: Limit 1 of each item\n|clearpoke\n|poke|p1|Tyranitar, L50, M|\n|poke|p1|Corviknight, L50, F|\n|poke|p1|Primarina, L50, M|\n|poke|p1|Incineroar, L50, M|\n|poke|p1|Excadrill, L50, M|\n|poke|p1|Sinistcha, L50|\n|poke|p2|Meganium, L50, M|\n|poke|p2|Feraligatr, L50, M|\n|poke|p2|Typhlosion, L50, M|\n|poke|p2|Tyranitar, L50, M|\n|poke|p2|Gliscor, L50, M|\n|poke|p2|Farigiraf, L50, F|\n|teampreview|4\n|\n|t:|1776286558\n|teamsize|p1|4\n|teamsize|p2|4\n|start\n|switch|p1a: Tyranitar|Tyranitar, L50, M, shiny|100/100\n|switch|p1b: Incineroar|Incineroar, L50, M|100/100\n|switch|p2a: Gliscor|Gliscor, L50, M|100/100\n|switch|p2b: Meganium|Meganium, L50, M|100/100\n|-weather|Sandstorm|[from] ability: Sand Stream|[of] p1a: Tyranitar\n|-ability|p1b: Incineroar|Intimidate|boost\n|-unboost|p2a: Gliscor|atk|1\n|-unboost|p2b: Meganium|atk|1\n|turn|1\n|\n|t:|1776286593\n|switch|p2b: Tyranitar|Tyranitar, L50, M|100/100\n|move|p1b: Incineroar|Fake Out|p2b: Tyranitar\n|-resisted|p2b: Tyranitar|1\n|-damage|p2b: Tyranitar|94/100\n|move|p2a: Gliscor|Tailwind|p2a: Gliscor\n|-sidestart|p2: ToniToniChoppr|move: Tailwind\n|move|p1a: Tyranitar|Crunch|p2b: Tyranitar\n|-resisted|p2b: Tyranitar|1\n|-damage|p2b: Tyranitar|71/100\n|\n|-weather|Sandstorm|[upkeep]\n|-damage|p1b: Incineroar|95/100|[from] Sandstorm\n|upkeep\n|turn|2\n|\n|t:|1776286621\n|move|p1a: Tyranitar|Protect|p1a: Tyranitar\n|-singleturn|p1a: Tyranitar|Protect\n|move|p1b: Incineroar|Protect|p1b: Incineroar\n|-singleturn|p1b: Incineroar|Protect\n|move|p2a: Gliscor|High Horsepower|p1b: Incineroar\n|-activate|p1b: Incineroar|move: Protect\n|move|p2b: Tyranitar|Brick Break|p1a: Tyranitar\n|-activate|p1a: Tyranitar|move: Protect\n|\n|-weather|Sandstorm|[upkeep]\n|-damage|p1b: Incineroar|89/100|[from] Sandstorm\n|upkeep\n|turn|3\n|\n|t:|1776286655\n|switch|p1a: Sinistcha|Sinistcha, L50|100/100\n|-heal|p1b: Incineroar|100/100|[from] ability: Hospitality|[of] p1a: Sinistcha\n|move|p2a: Gliscor|High Horsepower|p1b: Incineroar\n|-supereffective|p1b: Incineroar|1\n|-enditem|p1b: Incineroar|Shuca Berry|[eat]\n|-enditem|p1b: Incineroar|Shuca Berry|[weaken]\n|-damage|p1b: Incineroar|78/100\n|move|p2b: Tyranitar|Knock Off|p1a: Sinistcha\n|-supereffective|p1a: Sinistcha|1\n|-damage|p1a: Sinistcha|20/100\n|-enditem|p1a: Sinistcha|Sitrus Berry|[from] move: Knock Off|[of] p2b: Tyranitar\n|move|p1b: Incineroar|Flare Blitz|p2a: Gliscor|[miss]\n|-miss|p1b: Incineroar|p2a: Gliscor\n|\n|-weather|Sandstorm|[upkeep]\n|-damage|p1a: Sinistcha|14/100|[from] Sandstorm\n|-damage|p1b: Incineroar|72/100|[from] Sandstorm\n|upkeep\n|turn|4\n|\n|t:|1776286689\n|move|p1a: Sinistcha|Rage Powder|p1a: Sinistcha\n|-singleturn|p1a: Sinistcha|move: Rage Powder\n|move|p2a: Gliscor|High Horsepower|p1a: Sinistcha\n|-resisted|p1a: Sinistcha|1\n|-damage|p1a: Sinistcha|3/100\n|move|p2b: Tyranitar|Rock Slide|p1a: Sinistcha|[spread] p1a,p1b\n|-supereffective|p1b: Incineroar|1\n|-damage|p1a: Sinistcha|0 fnt\n|-damage|p1b: Incineroar|18/100\n|faint|p1a: Sinistcha\n|move|p1b: Incineroar|Parting Shot|p2b: Tyranitar\n|-unboost|p2b: Tyranitar|atk|1\n|-unboost|p2b: Tyranitar|spa|1\n|\n|t:|1776286702\n|switch|p1b: Excadrill|Excadrill, L50, M, shiny|100/100|[from] Parting Shot\n|\n|-weather|Sandstorm|[upkeep]\n|-sideend|p2: ToniToniChoppr|move: Tailwind\n|upkeep\n|\n|t:|1776286710\n|switch|p1a: Incineroar|Incineroar, L50, M|18/100\n|-ability|p1a: Incineroar|Intimidate|boost\n|-unboost|p2a: Gliscor|atk|1\n|-unboost|p2b: Tyranitar|atk|1\n|turn|5\n|\n|t:|1776286728\n|move|p1a: Incineroar|Fake Out|p2a: Gliscor|[miss]\n|-miss|p1a: Incineroar|p2a: Gliscor\n|move|p1b: Excadrill|Rock Slide|p2a: Gliscor|[spread] p2b\n|-miss|p1b: Excadrill|p2a: Gliscor\n|-damage|p2b: Tyranitar|50/100\n|move|p2a: Gliscor|Tailwind|p2a: Gliscor\n|-sidestart|p2: ToniToniChoppr|move: Tailwind\n|cant|p2b: Tyranitar|flinch\n|\n|-weather|none\n|upkeep\n|turn|6\n|\n|t:|1776286751\n|switch|p2b: Meganium|Meganium, L50, M|100/100\n|move|p1a: Incineroar|Protect|p1a: Incineroar\n|-singleturn|p1a: Incineroar|Protect\n|move|p2a: Gliscor|High Horsepower|p1a: Incineroar\n|-activate|p1a: Incineroar|move: Protect\n|move|p1b: Excadrill|Iron Head|p2b: Meganium\n|-damage|p2b: Meganium|51/100\n|\n|upkeep\n|turn|7\n|\n|t:|1776286778\n|detailschange|p2b: Meganium|Meganium-Mega, L50, M\n|-mega|p2b: Meganium|Meganium|Meganiumite\n|move|p1b: Excadrill|Protect|p1b: Excadrill\n|-singleturn|p1b: Excadrill|Protect\n|move|p2a: Gliscor|High Horsepower|p1b: Excadrill\n|-activate|p1b: Excadrill|move: Protect\n|move|p2b: Meganium|Dazzling Gleam|p1a: Incineroar|[spread] p1a\n|-activate|p1b: Excadrill|move: Protect\n|-damage|p1a: Incineroar|0 fnt\n|faint|p1a: Incineroar\n|\n|upkeep\n|\n|t:|1776286788\n|switch|p1a: Tyranitar|Tyranitar, L50, M, shiny|100/100\n|-weather|Sandstorm|[from] ability: Sand Stream|[of] p1a: Tyranitar\n|turn|8\n|inactive|Battle timer is ON: inactive players will automatically lose when time's up. (requested by robdog7)\n|\n|t:|1776286838\n|detailschange|p1a: Tyranitar|Tyranitar-Mega, L50, M, shiny\n|-mega|p1a: Tyranitar|Tyranitar|Tyranitarite\n|move|p1a: Tyranitar|Protect|p1a: Tyranitar\n|-singleturn|p1a: Tyranitar|Protect\n|move|p2a: Gliscor|High Horsepower|p1b: Excadrill\n|-supereffective|p1b: Excadrill|1\n|-damage|p1b: Excadrill|38/100\n|move|p1b: Excadrill|Iron Head|p2b: Meganium\n|-supereffective|p2b: Meganium|1\n|-damage|p2b: Meganium|0 fnt\n|faint|p2b: Meganium\n|\n|-weather|Sandstorm|[upkeep]\n|-sideend|p2: ToniToniChoppr|move: Tailwind\n|upkeep\n|inactive|ToniToniChoppr has 30 seconds left.\n|\n|t:|1776286872\n|switch|p2b: Typhlosion|Typhlosion, L50, M, shiny|100/100\n|turn|9\n|inactive|ToniToniChoppr has 30 seconds left.\n|\n|t:|1776286904\n|move|p1b: Excadrill|High Horsepower|p2b: Typhlosion\n|-supereffective|p2b: Typhlosion|1\n|-damage|p2b: Typhlosion|0 fnt\n|faint|p2b: Typhlosion\n|move|p2a: Gliscor|Tailwind|p2a: Gliscor\n|-sidestart|p2: ToniToniChoppr|move: Tailwind\n|move|p1a: Tyranitar|Crunch|p2a: Gliscor\n|-damage|p2a: Gliscor|51/100\n|\n|-weather|Sandstorm|[upkeep]\n|upkeep\n|\n|t:|1776286915\n|switch|p2b: Tyranitar|Tyranitar, L50, M|50/100\n|turn|10\n|inactive|ToniToniChoppr has 30 seconds left.\n|\n|t:|1776286953\n|move|p1a: Tyranitar|Protect|p1a: Tyranitar\n|-singleturn|p1a: Tyranitar|Protect\n|move|p2a: Gliscor|High Horsepower|p1b: Excadrill|[miss]\n|-miss|p2a: Gliscor|p1b: Excadrill\n|move|p1b: Excadrill|Iron Head|p2b: Tyranitar\n|-supereffective|p2b: Tyranitar|1\n|-damage|p2b: Tyranitar|0 fnt\n|faint|p2b: Tyranitar\n|\n|-weather|Sandstorm|[upkeep]\n|upkeep\n|turn|11\n|-message|ToniToniChoppr forfeited.\n|\n|win|robdog7\n|raw|robdog7's rating: 1102 &rarr; <strong>1133</strong><br />(+31 for winning)\n|raw|ToniToniChoppr's rating: 1185 &rarr; <strong>1154</strong><br />(-31 for losing)\n|l|\u2606ToniToniChoppr\n|player|p2|\n",
  "uploadtime": 1776286965,
  "views": 20,
  "formatid": "gen9championsvgc2026regma",
  "rating": 1133,
  "private": 0,
  "password": null
}