{
  "id": "gen9championsvgc2026regma-2587276701",
  "format": "[Gen 9 Champions] VGC 2026 Reg M-A",
  "players": [
    "Leu_vgc",
    "mangoat007"
  ],
  "log": "|j|\u2606Leu_vgc\n|j|\u2606mangoat007\n|t:|1776517422\n|gametype|doubles\n|player|p1|Leu_vgc|acetrainer|1418\n|player|p2|mangoat007|scientistf|1405\n|gen|9\n|tier|[Gen 9 Champions] VGC 2026 Reg M-A\n|rated|\n|rule|Species Clause: Limit one of each Pok\u00e9mon\n|rule|Item Clause: Limit 1 of each item\n|clearpoke\n|poke|p1|Garchomp, L50, F, shiny|\n|poke|p1|Tyranitar, L50, F, shiny|\n|poke|p1|Manectric, L50, F, shiny|\n|poke|p1|Primarina, L50, F, shiny|\n|poke|p1|Farigiraf, L50, F, shiny|\n|poke|p1|Corviknight, L50, M, shiny|\n|poke|p2|Tyranitar, L50, M, shiny|\n|poke|p2|Gengar, L50, F, shiny|\n|poke|p2|Excadrill, L50, M, shiny|\n|poke|p2|Hydreigon, L50, M, shiny|\n|poke|p2|Incineroar, L50, M, shiny|\n|poke|p2|Corviknight, L50, M, shiny|\n|teampreview|4\n|inactive|Battle timer is ON: inactive players will automatically lose when time's up. (requested by mangoat007)\n|\n|t:|1776517468\n|teamsize|p1|4\n|teamsize|p2|4\n|start\n|switch|p1a: Manectric|Manectric, L50, F, shiny|100/100\n|switch|p1b: Farigiraf|Farigiraf, L50, F, shiny|100/100\n|switch|p2a: King Gidorah|Hydreigon, L50, M, shiny|100/100\n|switch|p2b: Tigris|Incineroar, L50, M, shiny|100/100\n|-ability|p2b: Tigris|Intimidate|boost\n|-unboost|p1a: Manectric|atk|1\n|-unboost|p1b: Farigiraf|atk|1\n|turn|1\n|\n|t:|1776517488\n|detailschange|p1a: Manectric|Manectric-Mega, L50, F, shiny\n|-mega|p1a: Manectric|Manectric|Manectite\n|-ability|p1a: Manectric|Intimidate|boost\n|-unboost|p2a: King Gidorah|atk|1\n|-unboost|p2b: Tigris|atk|1\n|move|p2a: King Gidorah|Snarl|p1a: Manectric|[spread] p1a,p1b\n|-supereffective|p1b: Farigiraf|1\n|-damage|p1a: Manectric|78/100\n|-damage|p1b: Farigiraf|57/100\n|-unboost|p1a: Manectric|spa|1\n|-unboost|p1b: Farigiraf|spa|1\n|move|p1a: Manectric|Snarl|p2a: King Gidorah|[spread] p2a,p2b\n|-resisted|p2a: King Gidorah|1\n|-crit|p2a: King Gidorah\n|-resisted|p2b: Tigris|1\n|-damage|p2a: King Gidorah|90/100\n|-damage|p2b: Tigris|97/100\n|-unboost|p2a: King Gidorah|spa|1\n|-unboost|p2b: Tigris|spa|1\n|move|p2b: Tigris|Darkest Lariat|p1b: Farigiraf\n|-supereffective|p1b: Farigiraf|1\n|-damage|p1b: Farigiraf|11/100\n|-enditem|p1b: Farigiraf|Sitrus Berry|[eat]\n|-heal|p1b: Farigiraf|36/100|[from] item: Sitrus Berry\n|move|p1b: Farigiraf|Trick Room|p1b: Farigiraf\n|-fieldstart|move: Trick Room|[of] p1b: Farigiraf\n|\n|upkeep\n|turn|2\n|inactive|mangoat007 has 30 seconds left.\n|\n|t:|1776517514\n|switch|p1b: Tyranitar|Tyranitar, L50, F, shiny|100/100\n|-weather|Sandstorm|[from] ability: Sand Stream|[of] p1b: Tyranitar\n|move|p2b: Tigris|Darkest Lariat|p1b: Tyranitar\n|-resisted|p1b: Tyranitar|1\n|-damage|p1b: Tyranitar|92/100\n|move|p1a: Manectric|Volt Switch|p2b: Tigris\n|-damage|p2b: Tigris|79/100\n|\n|t:|1776517523\n|switch|p1a: Primarina|Primarina, L50, F, shiny|100/100|[from] Volt Switch\n|move|p2a: King Gidorah|Snarl|p1b: Tyranitar|[spread] p1a,p1b\n|-resisted|p1a: Primarina|1\n|-resisted|p1b: Tyranitar|1\n|-damage|p1a: Primarina|95/100\n|-damage|p1b: Tyranitar|88/100\n|-unboost|p1a: Primarina|spa|1\n|-unboost|p1b: Tyranitar|spa|1\n|\n|-weather|Sandstorm|[upkeep]\n|-damage|p2b: Tigris|73/100|[from] Sandstorm\n|-damage|p1a: Primarina|89/100|[from] Sandstorm\n|-damage|p2a: King Gidorah|84/100|[from] Sandstorm\n|-heal|p1a: Primarina|95/100|[from] item: Leftovers\n|upkeep\n|turn|3\n|\n|t:|1776517546\n|switch|p2a: Rodan|Corviknight, L50, M, shiny|100/100\n|move|p1b: Tyranitar|Low Kick|p2a: Rodan\n|-damage|p2a: Rodan|80/100\n|move|p2b: Tigris|Parting Shot|p1b: Tyranitar\n|-unboost|p1b: Tyranitar|atk|1\n|-unboost|p1b: Tyranitar|spa|1\n|\n|t:|1776517555\n|switch|p2b: Tiamat|Gengar, L50, F, shiny|100/100|[from] Parting Shot\n|move|p1a: Primarina|Calm Mind|p1a: Primarina\n|-boost|p1a: Primarina|spa|1\n|-boost|p1a: Primarina|spd|1\n|\n|-weather|Sandstorm|[upkeep]\n|-damage|p1a: Primarina|89/100|[from] Sandstorm\n|-damage|p2b: Tiamat|94/100|[from] Sandstorm\n|-heal|p1a: Primarina|95/100|[from] item: Leftovers\n|-heal|p2a: Rodan|85/100|[from] item: Leftovers\n|upkeep\n|turn|4\n|\n|t:|1776517570\n|detailschange|p2b: Tiamat|Gengar-Mega, L50, F, shiny\n|-mega|p2b: Tiamat|Gengar|Gengarite\n|move|p2b: Tiamat|Protect|p2b: Tiamat\n|-singleturn|p2b: Tiamat|Protect\n|move|p1b: Tyranitar|Knock Off|p2b: Tiamat\n|-activate|p2b: Tiamat|move: Protect\n|move|p1a: Primarina|Hyper Voice|p2a: Rodan|[spread] p2a\n|-activate|p2b: Tiamat|move: Protect\n|-damage|p2a: Rodan|57/100\n|move|p2a: Rodan|Bulk Up|p2a: Rodan\n|-boost|p2a: Rodan|atk|1\n|-boost|p2a: Rodan|def|1\n|\n|-weather|Sandstorm|[upkeep]\n|-damage|p1a: Primarina|89/100|[from] Sandstorm\n|-damage|p2b: Tiamat|88/100|[from] Sandstorm\n|-heal|p1a: Primarina|95/100|[from] item: Leftovers\n|-heal|p2a: Rodan|63/100|[from] item: Leftovers\n|upkeep\n|turn|5\n|\n|t:|1776517593\n|switch|p2b: Tigris|Incineroar, L50, M, shiny|73/100\n|-ability|p2b: Tigris|Intimidate|boost\n|-unboost|p1a: Primarina|atk|1\n|-unboost|p1b: Tyranitar|atk|1\n|move|p1b: Tyranitar|Knock Off|p2b: Tigris\n|-resisted|p2b: Tigris|1\n|-damage|p2b: Tigris|60/100\n|-enditem|p2b: Tigris|Sitrus Berry|[from] move: Knock Off|[of] p1b: Tyranitar\n|move|p1a: Primarina|Hyper Voice|p2a: Rodan|[spread] p2a,p2b\n|-supereffective|p2b: Tigris|1\n|-damage|p2a: Rodan|35/100\n|-damage|p2b: Tigris|3/100\n|move|p2a: Rodan|Body Press|p1b: Tyranitar\n|-supereffective|p1b: Tyranitar|2\n|-enditem|p1b: Tyranitar|Chople Berry|[eat]\n|-enditem|p1b: Tyranitar|Chople Berry|[weaken]\n|-damage|p1b: Tyranitar|41/100\n|\n|-weather|Sandstorm|[upkeep]\n|-damage|p2b: Tigris|0 fnt|[from] Sandstorm\n|-damage|p1a: Primarina|89/100|[from] Sandstorm\n|faint|p2b: Tigris\n|-heal|p1a: Primarina|95/100|[from] item: Leftovers\n|-heal|p2a: Rodan|40/100|[from] item: Leftovers\n|-fieldend|move: Trick Room\n|upkeep\n|\n|t:|1776517613\n|switch|p2b: Tiamat|Gengar-Mega, L50, F, shiny|88/100\n|turn|6\n|\n|t:|1776517623\n|move|p2b: Tiamat|Sludge Bomb|p1a: Primarina\n|-supereffective|p1a: Primarina|1\n|-damage|p1a: Primarina|29/100\n|-status|p1a: Primarina|psn\n|move|p2a: Rodan|Brave Bird|p1a: Primarina\n|-damage|p1a: Primarina|0 fnt\n|faint|p1a: Primarina\n|-damage|p2a: Rodan|32/100|[from] Recoil\n|move|p1b: Tyranitar|Knock Off|p2b: Tiamat\n|-supereffective|p2b: Tiamat|1\n|-damage|p2b: Tiamat|36/100\n|\n|-weather|none\n|-heal|p2a: Rodan|38/100|[from] item: Leftovers\n|upkeep\n|\n|t:|1776517633\n|switch|p1a: Manectric|Manectric-Mega, L50, F, shiny|78/100\n|-ability|p1a: Manectric|Intimidate|boost\n|-ability|p2a: Rodan|Mirror Armor\n|-unboost|p1a: Manectric|atk|1\n|-unboost|p2b: Tiamat|atk|1\n|turn|7\n|\n|t:|1776517650\n|move|p2b: Tiamat|Protect|p2b: Tiamat\n|-singleturn|p2b: Tiamat|Protect\n|move|p1a: Manectric|Volt Switch|p2a: Rodan\n|-supereffective|p2a: Rodan|1\n|-damage|p2a: Rodan|0 fnt\n|faint|p2a: Rodan\n|\n|t:|1776517653\n|switch|p1a: Farigiraf|Farigiraf, L50, F, shiny|36/100|[from] Volt Switch\n|move|p1b: Tyranitar|Knock Off|p2b: Tiamat\n|-activate|p2b: Tiamat|move: Protect\n|\n|upkeep\n|\n|t:|1776517655\n|switch|p2a: King Gidorah|Hydreigon, L50, M, shiny|84/100\n|turn|8\n|\n|t:|1776517670\n|move|p2a: King Gidorah|Draco Meteor|p1b: Tyranitar\n|-damage|p1b: Tyranitar|0 fnt\n|-unboost|p2a: King Gidorah|spa|2\n|faint|p1b: Tyranitar\n|move|p2b: Tiamat|Shadow Ball|p1a: Farigiraf\n|-immune|p1a: Farigiraf\n|move|p1a: Farigiraf|Twin Beam|p2b: Tiamat\n|-supereffective|p2b: Tiamat|1\n|-damage|p2b: Tiamat|0 fnt\n|faint|p2b: Tiamat\n|-hitcount|p2: Tiamat|1\n|\n|upkeep\n|\n|t:|1776517676\n|switch|p1b: Manectric|Manectric-Mega, L50, F, shiny|78/100\n|-ability|p1b: Manectric|Intimidate|boost\n|-unboost|p2a: King Gidorah|atk|1\n|turn|9\n|-message|mangoat007 forfeited.\n|\n|win|Leu_vgc\n|raw|Leu_vgc's rating: 1418 &rarr; <strong>1437</strong><br />(+19 for winning)\n|raw|mangoat007's rating: 1405 &rarr; <strong>1386</strong><br />(-19 for losing)\n|l|\u2606mangoat007\n|player|p2|\n",
  "uploadtime": 1776517685,
  "views": 32,
  "formatid": "gen9championsvgc2026regma",
  "rating": 1386,
  "private": 0,
  "password": null
}