{
  "id": "gen9championsvgc2026regma-2588968809",
  "format": "[Gen 9 Champions] VGC 2026 Reg M-A",
  "players": [
    "kuzwarrior",
    "Venusaur-Saurr"
  ],
  "log": "|j|\u2606kuzwarrior\n|j|\u203dVenusaur-Saurr\n|html|<table width=\"100%\"><tr><td align=\"left\">kuzwarrior</td><td align=\"right\">Venusaur-Saurr</tr><tr><td align=\"left\"><i class=\"fa fa-circle\"></i> <i class=\"fa fa-circle-o\"></i> <i class=\"fa fa-circle-o\"></i> </td><td align=\"right\"><i class=\"fa fa-circle-o\"></i> <i class=\"fa fa-circle-o\"></i> <i class=\"fa fa-circle\"></i> </tr></table>\n|uhtml|bestof|<h2><strong>Game 3</strong> of <a href=\"/game-bestof5-gen9championsvgc2026regma-2588960431\">a best-of-5</a></h2>\n|t:|1776690367\n|gametype|doubles\n|player|p1|kuzwarrior|volkner|\n|player|p2|Venusaur-Saurr|riley|\n|gen|9\n|tier|[Gen 9 Champions] VGC 2026 Reg M-A\n|rule|Species Clause: Limit one of each Pok\u00e9mon\n|rule|Item Clause: Limit 1 of each item\n|raw|<div class=\"infobox\"><details class=\"readmore\" open><summary><strong>1 custom rule:</strong></summary> Best of = 5</details></div>\n|clearpoke\n|poke|p1|Drampa, L50, F|\n|poke|p1|Golurk, L50|\n|poke|p1|Kingambit, L50, F|\n|poke|p1|Farigiraf, L50, M|\n|poke|p1|Slowbro, L50, M|\n|poke|p1|Torkoal, L50, F|\n|poke|p2|Aerodactyl, L50, M|\n|poke|p2|Meowstic, L50, M|\n|poke|p2|Ninetales-Alola, L50, M|\n|poke|p2|Torkoal, L50, M|\n|poke|p2|Greninja, L50, F|\n|poke|p2|Venusaur, L50, F|\n|teampreview|4\n|\n|t:|1776690407\n|teamsize|p1|4\n|teamsize|p2|4\n|start\n|switch|p1a: Drampa|Drampa, L50, F|100/100\n|switch|p1b: Farigiraf|Farigiraf, L50, M|100/100\n|switch|p2a: Aerodactyl|Aerodactyl, L50, M|100/100\n|switch|p2b: Venusaur|Venusaur, L50, F|100/100\n|-ability|p2a: Aerodactyl|Pressure\n|turn|1\n|\n|t:|1776690424\n|detailschange|p1a: Drampa|Drampa-Mega, L50, F\n|-mega|p1a: Drampa|Drampa|Drampanite\n|move|p2a: Aerodactyl|Taunt|p1b: Farigiraf\n|-start|p1b: Farigiraf|move: Taunt\n|move|p2b: Venusaur|Sleep Powder|p1a: Drampa\n|-status|p1a: Drampa|slp|[from] move: Sleep Powder\n|move|p1b: Farigiraf|Dazzling Gleam|p2b: Venusaur|[spread] p2a,p2b\n|-resisted|p2b: Venusaur|1\n|-damage|p2a: Aerodactyl|80/100\n|-damage|p2b: Venusaur|92/100\n|cant|p1a: Drampa|slp\n|\n|upkeep\n|turn|2\n|\n|t:|1776690444\n|switch|p1b: Kingambit|Kingambit, L50, F|100/100\n|move|p2a: Aerodactyl|Rock Slide|p1a: Drampa|[spread] p1a,p1b\n|-resisted|p1b: Kingambit|1\n|-damage|p1a: Drampa|80/100 slp\n|-damage|p1b: Kingambit|91/100\n|move|p2b: Venusaur|Energy Ball|p1b: Kingambit\n|-resisted|p1b: Kingambit|1\n|-damage|p1b: Kingambit|72/100\n|-unboost|p1b: Kingambit|spd|1\n|-ability|p1b: Kingambit|Defiant|boost\n|-boost|p1b: Kingambit|atk|2\n|-curestatus|p1a: Drampa|slp|[msg]\n|move|p1a: Drampa|Dragon Pulse|p2a: Aerodactyl\n|-damage|p2a: Aerodactyl|0 fnt\n|faint|p2a: Aerodactyl\n|\n|upkeep\n|\n|t:|1776690453\n|switch|p2a: Greninja|Greninja, L50, F|100/100\n|turn|3\n|\n|t:|1776690471\n|switch|p2b: Torkoal|Torkoal, L50, M|100/100\n|-weather|SunnyDay|[from] ability: Drought|[of] p2b: Torkoal\n|move|p2a: Greninja|Weather Ball|p1b: Kingambit\n|-start|p2a: Greninja|typechange|Fire|[from] ability: Protean\n|-supereffective|p1b: Kingambit|1\n|-damage|p1b: Kingambit|0 fnt\n|faint|p1b: Kingambit\n|move|p1a: Drampa|Hyper Voice|p2b: Torkoal|[spread] p2a,p2b\n|-damage|p2a: Greninja|28/100\n|-damage|p2b: Torkoal|51/100\n|\n|-weather|SunnyDay|[upkeep]\n|upkeep\n|\n|t:|1776690486\n|switch|p1b: Farigiraf|Farigiraf, L50, M|100/100\n|turn|4\n|\n|t:|1776690507\n|move|p2a: Greninja|Weather Ball|p1b: Farigiraf\n|-damage|p1b: Farigiraf|33/100\n|-enditem|p1b: Farigiraf|Sitrus Berry|[eat]\n|-heal|p1b: Farigiraf|57/100|[from] item: Sitrus Berry\n|move|p1a: Drampa|Hyper Voice|p2b: Torkoal|[spread] p2a,p2b\n|-damage|p2a: Greninja|0 fnt\n|-damage|p2b: Torkoal|3/100\n|-enditem|p2b: Torkoal|Sitrus Berry|[eat]\n|-heal|p2b: Torkoal|28/100|[from] item: Sitrus Berry\n|faint|p2a: Greninja\n|move|p2b: Torkoal|Heat Wave|p1b: Farigiraf|[spread] p1a,p1b\n|-resisted|p1a: Drampa|1\n|-damage|p1a: Drampa|59/100\n|-damage|p1b: Farigiraf|16/100\n|move|p1b: Farigiraf|Trick Room|p1b: Farigiraf\n|-fieldstart|move: Trick Room|[of] p1b: Farigiraf\n|\n|-weather|SunnyDay|[upkeep]\n|upkeep\n|\n|t:|1776690513\n|switch|p2a: Venusaur|Venusaur, L50, F|92/100\n|turn|5\n|\n|t:|1776690529\n|detailschange|p2a: Venusaur|Venusaur-Mega, L50, F\n|-mega|p2a: Venusaur|Venusaur|Venusaurite\n|move|p1b: Farigiraf|Helping Hand|p1a: Drampa\n|-singleturn|p1a: Drampa|Helping Hand|[of] p1b: Farigiraf\n|move|p2b: Torkoal|Heat Wave|p1b: Farigiraf|[spread] p1a,p1b\n|-resisted|p1a: Drampa|1\n|-damage|p1a: Drampa|40/100\n|-damage|p1b: Farigiraf|0 fnt\n|faint|p1b: Farigiraf\n|-ability|p1a: Drampa|Berserk|boost\n|-boost|p1a: Drampa|spa|1\n|move|p1a: Drampa|Hyper Voice|p2b: Torkoal|[spread] p2a,p2b\n|-damage|p2a: Venusaur|0 fnt\n|-damage|p2b: Torkoal|0 fnt\n|faint|p2a: Venusaur\n|faint|p2b: Torkoal\n|\n|win|kuzwarrior\n||Venusaur-Saurr is ready for game 4.\n|inactive|kuzwarrior has 30 seconds to confirm battle start!\n",
  "uploadtime": 1776690544,
  "views": 1,
  "formatid": "gen9championsvgc2026regma",
  "rating": null,
  "private": 0,
  "password": null
}