{
  "id": "gen9championsvgc2026regma-2586778282",
  "format": "[Gen 9 Champions] VGC 2026 Reg M-A",
  "players": [
    "CoolTrainerBu",
    "TrainerEge2"
  ],
  "log": "|j|\u2606CoolTrainerBu\n|j|\u2606TrainerEge2\n|t:|1776459167\n|gametype|doubles\n|player|p1|CoolTrainerBu|102|1220\n|player|p2|TrainerEge2|hugh|1230\n|gen|9\n|tier|[Gen 9 Champions] VGC 2026 Reg M-A\n|rated|\n|rule|Species Clause: Limit one of each Pok\u00e9mon\n|rule|Item Clause: Limit 1 of each item\n|clearpoke\n|poke|p1|Charizard, L50, F|\n|poke|p1|Whimsicott, L50, M|\n|poke|p1|Garchomp, L50, F|\n|poke|p1|Sneasler, L50, F|\n|poke|p1|Maushold, L50|\n|poke|p1|Incineroar, L50, F|\n|poke|p2|Pelipper, L50, F|\n|poke|p2|Basculegion, L50, M|\n|poke|p2|Sneasler, L50, F|\n|poke|p2|Floette-Eternal, L50, F|\n|poke|p2|Rotom-Wash, L50|\n|poke|p2|Dragonite, L50, M|\n|teampreview|4\n|inactive|Battle timer is ON: inactive players will automatically lose when time's up. (requested by TrainerEge2)\n|\n|t:|1776459210\n|teamsize|p1|4\n|teamsize|p2|4\n|start\n|switch|p1a: Charizard|Charizard, L50, F|100/100\n|switch|p1b: Whimsicott|Whimsicott, L50, M|100/100\n|switch|p2a: Or\u00e7un \u00c7.|Sneasler, L50, F|100/100\n|switch|p2b: washing zapp|Rotom-Wash, L50|100/100\n|turn|1\n|inactive|TrainerEge2 has 30 seconds left.\n|\n|t:|1776459237\n|detailschange|p1a: Charizard|Charizard-Mega-Y, L50, F\n|-mega|p1a: Charizard|Charizard|Charizardite Y\n|-weather|SunnyDay|[from] ability: Drought|[of] p1a: Charizard\n|move|p1a: Charizard|Protect|p1a: Charizard\n|-singleturn|p1a: Charizard|Protect\n|move|p2a: Or\u00e7un \u00c7.|Fake Out|p1b: Whimsicott\n|-damage|p1b: Whimsicott|78/100\n|cant|p1b: Whimsicott|flinch\n|move|p2b: washing zapp|Hydro Pump|p1a: Charizard\n|-activate|p1a: Charizard|move: Protect\n|\n|-weather|SunnyDay|[upkeep]\n|upkeep\n|turn|2\n|inactive|CoolTrainerBu has 30 seconds left.\n|\n|t:|1776459266\n|move|p1b: Whimsicott|Sunny Day||[still]\n|-fail|p1b: Whimsicott\n|move|p2a: Or\u00e7un \u00c7.|Close Combat|p1a: Charizard\n|-resisted|p1a: Charizard|1\n|-damage|p1a: Charizard|65/100\n|-unboost|p2a: Or\u00e7un \u00c7.|def|1\n|-unboost|p2a: Or\u00e7un \u00c7.|spd|1\n|-enditem|p2a: Or\u00e7un \u00c7.|White Herb\n|-clearnegativeboost|p2a: Or\u00e7un \u00c7.|[silent]\n|move|p1a: Charizard|Solar Beam||[still]\n|-prepare|p1a: Charizard|Solar Beam\n|-anim|p1a: Charizard|Solar Beam|p2b: washing zapp\n|-supereffective|p2b: washing zapp|1\n|-damage|p2b: washing zapp|0 fnt\n|faint|p2b: washing zapp\n|\n|-weather|SunnyDay|[upkeep]\n|upkeep\n|\n|t:|1776459283\n|switch|p2b: Megidolaon|Floette-Eternal, L50, F|100/100\n|turn|3\n|inactive|CoolTrainerBu has 30 seconds left.\n|\n|t:|1776459313\n|detailschange|p2b: Megidolaon|Floette-Mega, L50, F\n|-mega|p2b: Megidolaon|Floette|Floettite\n|-ability|p2b: Megidolaon|Fairy Aura\n|move|p1b: Whimsicott|Tailwind|p1b: Whimsicott\n|-sidestart|p1: CoolTrainerBu|move: Tailwind\n|move|p2a: Or\u00e7un \u00c7.|Acrobatics|p1b: Whimsicott\n|-supereffective|p1b: Whimsicott|1\n|-damage|p1b: Whimsicott|0 fnt\n|faint|p1b: Whimsicott\n|move|p1a: Charizard|Heat Wave|p2b: Megidolaon|[spread] p2b\n|-miss|p1a: Charizard|p2a: Or\u00e7un \u00c7.\n|-damage|p2b: Megidolaon|44/100\n|move|p2b: Megidolaon|Calm Mind|p2b: Megidolaon\n|-boost|p2b: Megidolaon|spa|1\n|-boost|p2b: Megidolaon|spd|1\n|\n|-weather|SunnyDay|[upkeep]\n|upkeep\n|\n|t:|1776459327\n|switch|p1b: Garchomp|Garchomp, L50, F|100/100\n|turn|4\n|\n|t:|1776459339\n|move|p2a: Or\u00e7un \u00c7.|Acrobatics|p1a: Charizard\n|-damage|p1a: Charizard|20/100\n|move|p1b: Garchomp|Earthquake|p2a: Or\u00e7un \u00c7.|[spread] p2a,p2b\n|-immune|p1a: Charizard\n|-supereffective|p2a: Or\u00e7un \u00c7.|1\n|-damage|p2a: Or\u00e7un \u00c7.|0 fnt\n|-damage|p2b: Megidolaon|0 fnt\n|faint|p2a: Or\u00e7un \u00c7.\n|faint|p2b: Megidolaon\n|move|p1a: Charizard|Heat Wave|p2: Or\u00e7un \u00c7.|[notarget]\n|-fail|p1a: Charizard\n|\n|-weather|SunnyDay|[upkeep]\n|upkeep\n|\n|t:|1776459346\n|switch|p2b: Nah I'd Respect|Basculegion, L50, M|100/100\n|turn|5\n|\n|t:|1776459359\n|move|p1b: Garchomp|Earthquake|p2b: Nah I'd Respect|[spread] p2b\n|-immune|p1a: Charizard\n|-damage|p2b: Nah I'd Respect|49/100\n|move|p1a: Charizard|Solar Beam||[still]\n|-prepare|p1a: Charizard|Solar Beam\n|-anim|p1a: Charizard|Solar Beam|p2b: Nah I'd Respect\n|-supereffective|p2b: Nah I'd Respect|1\n|-damage|p2b: Nah I'd Respect|0 fnt\n|faint|p2b: Nah I'd Respect\n|\n|win|CoolTrainerBu\n|raw|CoolTrainerBu's rating: 1220 &rarr; <strong>1246</strong><br />(+26 for winning)\n|raw|TrainerEge2's rating: 1230 &rarr; <strong>1204</strong><br />(-26 for losing)\n|l|\u2606TrainerEge2\n|player|p2|\n",
  "uploadtime": 1776459376,
  "views": 35,
  "formatid": "gen9championsvgc2026regma",
  "rating": 1204,
  "private": 0,
  "password": null
}