{
  "id": "gen9championsvgc2026regma-2584256592",
  "format": "[Gen 9 Champions] VGC 2026 Reg M-A",
  "players": [
    "lucio m",
    "Nokuty"
  ],
  "log": "|j|\u2606lucio m\n|j|\u2606Nokuty\n|t:|1776243945\n|gametype|doubles\n|player|p1|lucio m|2|1267\n|player|p2|Nokuty|brawly|1257\n|gen|9\n|tier|[Gen 9 Champions] VGC 2026 Reg M-A\n|rated|\n|rule|Species Clause: Limit one of each Pok\u00e9mon\n|rule|Item Clause: Limit 1 of each item\n|clearpoke\n|poke|p1|Charizard, L50, M|\n|poke|p1|Meganium, L50, M|\n|poke|p1|Corviknight, L50, F|\n|poke|p1|Garchomp, L50, F|\n|poke|p1|Gengar, L50, M|\n|poke|p1|Rotom-Wash, L50|\n|poke|p2|Scovillain, L50, F|\n|poke|p2|Incineroar, L50, F|\n|poke|p2|Farigiraf, L50, M|\n|poke|p2|Gallade, L50, M|\n|poke|p2|Kingambit, L50, F|\n|poke|p2|Pelipper, L50, M|\n|teampreview|4\n|\n|t:|1776243996\n|teamsize|p1|4\n|teamsize|p2|4\n|start\n|switch|p1a: Gengar|Gengar, L50, M|100/100\n|switch|p1b: Corviknight|Corviknight, L50, F|100/100\n|switch|p2a: Incineroar|Incineroar, L50, F|100/100\n|switch|p2b: Farigiraf|Farigiraf, L50, M, shiny|100/100\n|-ability|p2a: Incineroar|Intimidate|boost\n|-unboost|p1a: Gengar|atk|1\n|-ability|p1b: Corviknight|Mirror Armor\n|-unboost|p2a: Incineroar|atk|1\n|-enditem|p2a: Incineroar|White Herb\n|-clearnegativeboost|p2a: Incineroar|[silent]\n|turn|1\n|inactive|Battle timer is ON: inactive players will automatically lose when time's up. (requested by lucio m)\n|\n|t:|1776244017\n|move|p2a: Incineroar|Fake Out|p1b: Corviknight\n|-resisted|p1b: Corviknight|1\n|-damage|p1b: Corviknight|96/100\n|cant|p1b: Corviknight|flinch\n|move|p1a: Gengar|Trick Room|p1a: Gengar\n|-fieldstart|move: Trick Room|[of] p1a: Gengar\n|move|p2b: Farigiraf|Trick Room|p2b: Farigiraf\n|-fieldend|move: Trick Room\n|\n|-heal|p1b: Corviknight|100/100|[from] item: Leftovers\n|upkeep\n|turn|2\n|\n|t:|1776244030\n|move|p1b: Corviknight|Iron Defense|p1b: Corviknight\n|-boost|p1b: Corviknight|def|2\n|move|p2a: Incineroar|Flare Blitz|p1b: Corviknight\n|-supereffective|p1b: Corviknight|1\n|-crit|p1b: Corviknight\n|-damage|p1b: Corviknight|0 fnt\n|faint|p1b: Corviknight\n|-damage|p2a: Incineroar|67/100|[from] Recoil\n|move|p1a: Gengar|Trick Room|p1a: Gengar\n|-fieldstart|move: Trick Room|[of] p1a: Gengar\n|move|p2b: Farigiraf|Trick Room|p2b: Farigiraf\n|-fieldend|move: Trick Room\n|\n|upkeep\n|\n|t:|1776244038\n|switch|p1b: Charizard|Charizard, L50, M|100/100\n|turn|3\n|\n|t:|1776244060\n|switch|p1a: Garchomp|Garchomp, L50, F|100/100\n|detailschange|p1b: Charizard|Charizard-Mega-Y, L50, M\n|-mega|p1b: Charizard|Charizard|Charizardite Y\n|-weather|SunnyDay|[from] ability: Drought|[of] p1b: Charizard\n|move|p1b: Charizard|Overheat|p2b: Farigiraf\n|-damage|p2b: Farigiraf|0 fnt\n|-unboost|p1b: Charizard|spa|2\n|faint|p2b: Farigiraf\n|move|p2a: Incineroar|Darkest Lariat|p1a: Garchomp\n|-damage|p1a: Garchomp|56/100\n|-damage|p2a: Incineroar|54/100|[from] ability: Rough Skin|[of] p1a: Garchomp\n|\n|-weather|SunnyDay|[upkeep]\n|upkeep\n|\n|t:|1776244076\n|switch|p2b: Felipe|Pelipper, L50, M|100/100\n|-weather|RainDance|[from] ability: Drizzle|[of] p2b: Felipe\n|turn|4\n|\n|t:|1776244089\n|switch|p1b: Gengar|Gengar, L50, M|100/100\n|switch|p2a: Scovillain|Scovillain, L50, F|100/100\n|move|p1a: Garchomp|Rock Slide|p2a: Scovillain|[spread] p2a,p2b\n|-supereffective|p2a: Scovillain|1\n|-supereffective|p2b: Felipe|1\n|-damage|p2a: Scovillain|50/100\n|-damage|p2b: Felipe|61/100\n|cant|p2b: Felipe|flinch\n|\n|-weather|RainDance|[upkeep]\n|-ability|p2a: Scovillain|Moody|boost\n|-boost|p2a: Scovillain|spe|2\n|-unboost|p2a: Scovillain|spa|1\n|upkeep\n|turn|5\n|inactive|Nokuty has 30 seconds left.\n|inactive|lucio m has 30 seconds left.\n|\n|t:|1776244127\n|detailschange|p2a: Scovillain|Scovillain-Mega, L50, F\n|-mega|p2a: Scovillain|Scovillain|Scovillainite\n|move|p2a: Scovillain|Rage Powder|p2a: Scovillain\n|-singleturn|p2a: Scovillain|move: Rage Powder\n|move|p1a: Garchomp|Rock Slide|p2b: Felipe|[spread] p2a,p2b\n|-supereffective|p2a: Scovillain|1\n|-supereffective|p2b: Felipe|1\n|-damage|p2a: Scovillain|11/100\n|-damage|p2b: Felipe|21/100\n|-status|p1a: Garchomp|brn|[from] ability: Spicy Spray|[of] p2a: Scovillain\n|move|p1b: Gengar|Sludge Bomb|p2a: Scovillain\n|-supereffective|p2a: Scovillain|1\n|-damage|p2a: Scovillain|0 fnt\n|-status|p1b: Gengar|brn|[from] ability: Spicy Spray|[of] p2a: Scovillain\n|faint|p2a: Scovillain\n|move|p2b: Felipe|Hurricane|p1b: Gengar\n|-damage|p1b: Gengar|12/100 brn\n|\n|-weather|RainDance|[upkeep]\n|-damage|p1a: Garchomp|50/100 brn|[from] brn\n|-damage|p1b: Gengar|6/100 brn|[from] brn\n|upkeep\n|\n|t:|1776244147\n|switch|p2a: Incineroar|Incineroar, L50, F|54/100\n|-ability|p2a: Incineroar|Intimidate|boost\n|-unboost|p1a: Garchomp|atk|1\n|-unboost|p1b: Gengar|atk|1\n|turn|6\n|\n|t:|1776244164\n|move|p2a: Incineroar|Fake Out|p1a: Garchomp\n|-damage|p1a: Garchomp|36/100 brn\n|-damage|p2a: Incineroar|42/100|[from] ability: Rough Skin|[of] p1a: Garchomp\n|cant|p1a: Garchomp|flinch\n|move|p1b: Gengar|Destiny Bond|p1b: Gengar\n|-singlemove|p1b: Gengar|Destiny Bond\n|move|p2b: Felipe|Muddy Water|p1b: Gengar|[spread] p1b\n|-miss|p2b: Felipe|p1a: Garchomp\n|-damage|p1b: Gengar|0 fnt\n|faint|p1b: Gengar\n|-activate|p1b: Gengar|move: Destiny Bond\n|faint|p2b: Felipe\n|\n|-weather|RainDance|[upkeep]\n|-damage|p1a: Garchomp|30/100 brn|[from] brn\n|upkeep\n|\n|t:|1776244168\n|switch|p1b: Charizard|Charizard-Mega-Y, L50, M|100/100\n|-weather|SunnyDay|[from] ability: Drought|[of] p1b: Charizard\n|turn|7\n|\n|t:|1776244190\n|move|p1a: Garchomp|Rock Slide|p2a: Incineroar\n|-supereffective|p2a: Incineroar|1\n|-damage|p2a: Incineroar|26/100\n|move|p1b: Charizard|Overheat|p2a: Incineroar\n|-resisted|p2a: Incineroar|1\n|-damage|p2a: Incineroar|0 fnt\n|-unboost|p1b: Charizard|spa|2\n|faint|p2a: Incineroar\n|\n|win|lucio m\n|raw|lucio m's rating: 1267 &rarr; <strong>1291</strong><br />(+24 for winning)\n|raw|Nokuty's rating: 1257 &rarr; <strong>1233</strong><br />(-24 for losing)\n|l|\u2606Nokuty\n|player|p2|\n",
  "uploadtime": 1776244197,
  "views": 26,
  "formatid": "gen9championsvgc2026regma",
  "rating": 1233,
  "private": 0,
  "password": null
}