{
  "id": "gen9championsvgc2026regma-2588830123",
  "format": "[Gen 9 Champions] VGC 2026 Reg M-A",
  "players": [
    "Djinnkiwi",
    "Ghuuug"
  ],
  "log": "|j|\u2606Djinnkiwi\n|j|\u2606Ghuuug\n|t:|1776676050\n|gametype|doubles\n|player|p1|Djinnkiwi|veteran|1090\n|player|p2|Ghuuug|hiker-gen4|1126\n|gen|9\n|tier|[Gen 9 Champions] VGC 2026 Reg M-A\n|rated|\n|rule|Species Clause: Limit one of each Pok\u00e9mon\n|rule|Item Clause: Limit 1 of each item\n|clearpoke\n|poke|p1|Pelipper, L50, M|\n|poke|p1|Toxicroak, L50, F|\n|poke|p1|Dragonite, L50, M|\n|poke|p1|Archaludon, L50, F|\n|poke|p1|Basculegion, L50, M|\n|poke|p1|Incineroar, L50, F|\n|poke|p2|Mamoswine, L50, M|\n|poke|p2|Talonflame, L50, F|\n|poke|p2|Floette-Eternal, L50, F|\n|poke|p2|Rotom-Wash, L50|\n|poke|p2|Kangaskhan, L50, F|\n|poke|p2|Sinistcha, L50|\n|teampreview|4\nDjinnkiwi has agreed to open team sheets.\n|inactive|Battle timer is ON: inactive players will automatically lose when time's up. (requested by Djinnkiwi)\n|\n|t:|1776676102\n|teamsize|p1|4\n|teamsize|p2|4\n|start\n|switch|p1a: Pelipper|Pelipper, L50, M|100/100\n|switch|p1b: Toxicroak|Toxicroak, L50, F|100/100\n|switch|p2a: Kangaskhan|Kangaskhan, L50, F|100/100\n|switch|p2b: Rotom|Rotom-Wash, L50|100/100\n|-weather|RainDance|[from] ability: Drizzle|[of] p1a: Pelipper\n|turn|1\n|\n|t:|1776676122\n|move|p1a: Pelipper|Protect|p1a: Pelipper\n|-singleturn|p1a: Pelipper|Protect\n|move|p2a: Kangaskhan|Fake Out|p1a: Pelipper\n|-activate|p1a: Pelipper|move: Protect\n|move|p1b: Toxicroak|Fake Out|p2b: Rotom\n|-damage|p2b: Rotom|82/100\n|cant|p2b: Rotom|flinch\n|\n|-weather|RainDance|[upkeep]\n|upkeep\n|turn|2\n|\n|t:|1776676142\n|move|p2a: Kangaskhan|Protect|p2a: Kangaskhan\n|-singleturn|p2a: Kangaskhan|Protect\n|move|p2b: Rotom|Discharge|p1a: Pelipper|[spread] p1a,p1b\n|-activate|p2a: Kangaskhan|move: Protect\n|-supereffective|p1a: Pelipper|2\n|-enditem|p1a: Pelipper|Focus Sash\n|-damage|p1a: Pelipper|1/100\n|-damage|p1b: Toxicroak|57/100\n|move|p1b: Toxicroak|Close Combat|p2a: Kangaskhan\n|-activate|p2a: Kangaskhan|move: Protect\n|move|p1a: Pelipper|Tailwind|p1a: Pelipper\n|-sidestart|p1: Djinnkiwi|move: Tailwind\n|\n|-weather|RainDance|[upkeep]\n|-heal|p1b: Toxicroak|70/100|[from] ability: Dry Skin\n|upkeep\n|turn|3\n|\n|t:|1776676162\n|switch|p2a: Sinistcha|Sinistcha, L50|100/100\n|-heal|p2b: Rotom|100/100|[from] ability: Hospitality|[of] p2a: Sinistcha\n|move|p1b: Toxicroak|Close Combat|p2a: Sinistcha\n|-immune|p2a: Sinistcha\n|move|p1a: Pelipper|Surf|p2a: Sinistcha|[spread] p2a,p2b\n|-heal|p1b: Toxicroak|95/100|[from] ability: Dry Skin|[of] p1a: Pelipper\n|-resisted|p2a: Sinistcha|1\n|-resisted|p2b: Rotom|1\n|-damage|p2a: Sinistcha|80/100\n|-damage|p2b: Rotom|68/100\n|move|p2b: Rotom|Discharge|p1b: Toxicroak|[spread] p2a,p1a,p1b\n|-resisted|p2a: Sinistcha|1\n|-supereffective|p1a: Pelipper|2\n|-damage|p2a: Sinistcha|67/100\n|-damage|p1a: Pelipper|0 fnt\n|-damage|p1b: Toxicroak|51/100\n|faint|p1a: Pelipper\n|\n|-weather|RainDance|[upkeep]\n|-heal|p1b: Toxicroak|64/100|[from] ability: Dry Skin\n|upkeep\n|\n|t:|1776676166\n|switch|p1a: Archaludon|Archaludon, L50, F|100/100\n|turn|4\n|inactive|Ghuuug has 30 seconds left.\n|\n|t:|1776676198\n|switch|p2b: Mamoswine|Mamoswine, L50, M|100/100\n|move|p1b: Toxicroak|Poison Jab|p2a: Sinistcha\n|-damage|p2a: Sinistcha|34/100\n|-enditem|p2a: Sinistcha|Sitrus Berry|[eat]\n|-heal|p2a: Sinistcha|59/100|[from] item: Sitrus Berry\n|move|p1a: Archaludon|Electro Shot||[still]\n|-prepare|p1a: Archaludon|Electro Shot\n|-boost|p1a: Archaludon|spa|1\n|-anim|p1a: Archaludon|Electro Shot|p2b: Mamoswine\n|-immune|p2b: Mamoswine\n|move|p2a: Sinistcha|Strength Sap|p1b: Toxicroak\n|-unboost|p1b: Toxicroak|atk|1\n|-heal|p2a: Sinistcha|100/100\n|-enditem|p1b: Toxicroak|White Herb\n|-clearnegativeboost|p1b: Toxicroak|[silent]\n|\n|-weather|RainDance|[upkeep]\n|-heal|p1b: Toxicroak|76/100|[from] ability: Dry Skin\n|upkeep\n|turn|5\n|inactive|Ghuuug has 30 seconds left.\n|\n|t:|1776676224\n|move|p2a: Sinistcha|Rage Powder|p2a: Sinistcha\n|-singleturn|p2a: Sinistcha|move: Rage Powder\n|move|p1b: Toxicroak|Close Combat|p2a: Sinistcha\n|-immune|p2a: Sinistcha\n|move|p1a: Archaludon|Electro Shot||[still]\n|-prepare|p1a: Archaludon|Electro Shot\n|-boost|p1a: Archaludon|spa|1\n|-anim|p1a: Archaludon|Electro Shot|p2a: Sinistcha\n|-resisted|p2a: Sinistcha|1\n|-damage|p2a: Sinistcha|63/100\n|move|p2b: Mamoswine|High Horsepower|p1a: Archaludon\n|-supereffective|p1a: Archaludon|1\n|-damage|p1a: Archaludon|18/100\n|-ability|p1a: Archaludon|Stamina|boost\n|-boost|p1a: Archaludon|def|1\n|\n|-weather|none\n|-heal|p1a: Archaludon|24/100|[from] item: Leftovers\n|-sideend|p1: Djinnkiwi|move: Tailwind\n|upkeep\n|turn|6\n|\n|t:|1776676243\n|move|p2a: Sinistcha|Rage Powder|p2a: Sinistcha\n|-singleturn|p2a: Sinistcha|move: Rage Powder\n|move|p2b: Mamoswine|Earthquake|p1a: Archaludon|[spread] p2a,p1a,p1b\n|-resisted|p2a: Sinistcha|1\n|-supereffective|p1a: Archaludon|1\n|-supereffective|p1b: Toxicroak|1\n|-damage|p2a: Sinistcha|48/100\n|-damage|p1a: Archaludon|0 fnt\n|-damage|p1b: Toxicroak|0 fnt\n|faint|p1a: Archaludon\n|faint|p1b: Toxicroak\n|\n|upkeep\n|\n|t:|1776676247\n|switch|p1b: Dragonite|Dragonite, L50, M|100/100\n|turn|7\n|\n|t:|1776676253\n|detailschange|p1b: Dragonite|Dragonite-Mega, L50, M\n|-mega|p1b: Dragonite|Dragonite|Dragoninite\n|move|p2a: Sinistcha|Rage Powder|p2a: Sinistcha\n|-singleturn|p2a: Sinistcha|move: Rage Powder\n|move|p1b: Dragonite|Ice Beam|p2a: Sinistcha\n|-supereffective|p2a: Sinistcha|1\n|-damage|p2a: Sinistcha|0 fnt\n|faint|p2a: Sinistcha\n|move|p2b: Mamoswine|Icicle Spear|p1b: Dragonite\n|-supereffective|p1b: Dragonite|2\n|-damage|p1b: Dragonite|72/100\n|-supereffective|p1b: Dragonite|2\n|-damage|p1b: Dragonite|12/100\n|-supereffective|p1b: Dragonite|2\n|-damage|p1b: Dragonite|0 fnt\n|faint|p1b: Dragonite\n|-hitcount|p1: Dragonite|3\n|\n|win|Ghuuug\n|raw|Djinnkiwi's rating: 1090 &rarr; <strong>1069</strong><br />(-21 for losing)\n|raw|Ghuuug's rating: 1126 &rarr; <strong>1148</strong><br />(+22 for winning)\n|l|\u2606Djinnkiwi\n|player|p1|\n",
  "uploadtime": 1776676280,
  "views": 16,
  "formatid": "gen9championsvgc2026regma",
  "rating": 1069,
  "private": 0,
  "password": null
}