{
  "id": "gen9championsvgc2026regma-2587929998",
  "format": "[Gen 9 Champions] VGC 2026 Reg M-A",
  "players": [
    "custom_puppet",
    "mew2724"
  ],
  "log": "|j|\u2606custom_puppet\n|j|\u2606mew2724\n|t:|1776580588\n|gametype|doubles\n|player|p1|custom_puppet|bianca|1000\n|player|p2|mew2724|101|1001\n|gen|9\n|tier|[Gen 9 Champions] VGC 2026 Reg M-A\n|rated|\n|rule|Species Clause: Limit one of each Pok\u00e9mon\n|rule|Item Clause: Limit 1 of each item\n|clearpoke\n|poke|p1|Incineroar, L50, F|\n|poke|p1|Farigiraf, L50, M|\n|poke|p1|Hatterene, L50, F|\n|poke|p1|Torkoal, L50, M|\n|poke|p1|Kingambit, L50, F, shiny|\n|poke|p1|Charizard, L50, F|\n|poke|p2|Scovillain, L50, F|\n|poke|p2|Typhlosion-Hisui, L50, M|\n|poke|p2|Aegislash, L50, F|\n|poke|p2|Dragonite, L50, M|\n|poke|p2|Rotom-Wash, L50|\n|poke|p2|Arcanine-Hisui, L50, F|\n|teampreview|4\nmew2724 rejected open team sheets.\n|\n|t:|1776580632\n|teamsize|p1|4\n|teamsize|p2|4\n|start\n|switch|p1a: Incineroar|Incineroar, L50, F|100/100\n|switch|p1b: Farigiraf|Farigiraf, L50, M|100/100\n|switch|p2a: Arcanine|Arcanine-Hisui, L50, F|100/100\n|switch|p2b: Scovillain|Scovillain, L50, F|100/100\n|-ability|p1a: Incineroar|Intimidate|boost\n|-unboost|p2a: Arcanine|atk|1\n|-unboost|p2b: Scovillain|atk|1\n|turn|1\n|inactive|Battle timer is ON: inactive players will automatically lose when time's up. (requested by mew2724)\n|\n|t:|1776580648\n|move|p2a: Arcanine|Protect|p2a: Arcanine\n|-singleturn|p2a: Arcanine|Protect\n|move|p2b: Scovillain|Protect|p2b: Scovillain\n|-singleturn|p2b: Scovillain|Protect\n|move|p1a: Incineroar|Fake Out|p2b: Scovillain\n|-activate|p2b: Scovillain|move: Protect\n|move|p1b: Farigiraf|Trick Room|p1b: Farigiraf\n|-fieldstart|move: Trick Room|[of] p1b: Farigiraf\n|\n|-ability|p2b: Scovillain|Moody|boost\n|-boost|p2b: Scovillain|def|2\n|-unboost|p2b: Scovillain|spd|1\n|upkeep\n|turn|2\n|inactive|custom_puppet has 30 seconds left.\n|\n|t:|1776580676\n|detailschange|p2b: Scovillain|Scovillain-Mega, L50, F\n|-mega|p2b: Scovillain|Scovillain|Scovillainite\n|move|p2b: Scovillain|Rage Powder|p2b: Scovillain\n|-singleturn|p2b: Scovillain|move: Rage Powder\n|move|p1b: Farigiraf|Hyper Voice|p2b: Scovillain|[spread] p2a,p2b\n|-resisted|p2a: Arcanine|1\n|-damage|p2a: Arcanine|81/100\n|-damage|p2b: Scovillain|53/100\n|-status|p1b: Farigiraf|brn|[from] ability: Spicy Spray|[of] p2b: Scovillain\n|move|p1a: Incineroar|Darkest Lariat|p2b: Scovillain\n|-damage|p2b: Scovillain|4/100\n|-immune|p1a: Incineroar\n|move|p2a: Arcanine|Head Smash|p1a: Incineroar\n|-supereffective|p1a: Incineroar|1\n|-damage|p1a: Incineroar|10/100\n|-enditem|p1a: Incineroar|Sitrus Berry|[eat]\n|-heal|p1a: Incineroar|35/100|[from] item: Sitrus Berry\n|\n|-damage|p1b: Farigiraf|94/100 brn|[from] brn\n|upkeep\n|turn|3\n|inactive|custom_puppet has 30 seconds left.\n|inactive|mew2724 has 30 seconds left.\n|inactive|mew2724 has 20 seconds left.\n|inactive|mew2724 has 15 seconds left.\n|inactive|mew2724 has 10 seconds left.\n|\n|t:|1776580724\n|move|p2b: Scovillain|Protect|p2b: Scovillain\n|-singleturn|p2b: Scovillain|Protect\n|move|p2a: Arcanine|Protect|p2a: Arcanine\n|-singleturn|p2a: Arcanine|Protect\n|move|p1a: Incineroar|Parting Shot|p2a: Arcanine\n|-activate|p2a: Arcanine|move: Protect\n|move|p1b: Farigiraf|Hyper Voice|p2b: Scovillain|[spread] \n|-activate|p2a: Arcanine|move: Protect\n|-activate|p2b: Scovillain|move: Protect\n|\n|-heal|p1b: Farigiraf|100/100 brn|[from] item: Leftovers\n|-damage|p1b: Farigiraf|94/100 brn|[from] brn\n|upkeep\n|turn|4\n|\n|t:|1776580749\n|switch|p2a: Aegislash|Aegislash, L50, F|100/100\n|move|p2b: Scovillain|Rage Powder|p2b: Scovillain\n|-singleturn|p2b: Scovillain|move: Rage Powder\n|move|p1a: Incineroar|Parting Shot|p2b: Scovillain\n|-unboost|p2b: Scovillain|atk|1\n|-unboost|p2b: Scovillain|spa|1\n|\n|t:|1776580762\n|switch|p1a: Torkoal|Torkoal, L50, M|100/100|[from] Parting Shot\n|-weather|SunnyDay|[from] ability: Drought|[of] p1a: Torkoal\n|move|p1b: Farigiraf|Hyper Voice|p2a: Aegislash|[spread] p2b\n|-immune|p2a: Aegislash\n|-damage|p2b: Scovillain|0 fnt\n|faint|p2b: Scovillain\n|\n|-weather|SunnyDay|[upkeep]\n|-heal|p1b: Farigiraf|100/100 brn|[from] item: Leftovers\n|-damage|p1b: Farigiraf|94/100 brn|[from] brn\n|upkeep\n|\n|t:|1776580778\n|switch|p2b: Arcanine|Arcanine-Hisui, L50, F|81/100\n|turn|5\n|inactive|custom_puppet has 30 seconds left.\n|\n|t:|1776580804\n|switch|p1b: Charizard|Charizard, L50, F|100/100\n|move|p2a: Aegislash|King's Shield|p2a: Aegislash\n|-singleturn|p2a: Aegislash|Protect\n|move|p2b: Arcanine|Protect|p2b: Arcanine\n|-singleturn|p2b: Arcanine|Protect\n|move|p1a: Torkoal|Overheat|p2a: Aegislash\n|-activate|p2a: Aegislash|move: Protect\n|\n|-weather|SunnyDay|[upkeep]\n|-damage|p1b: Charizard|88/100|[from] ability: Solar Power|[of] p1b: Charizard\n|-fieldend|move: Trick Room\n|upkeep\n|turn|6\n|\n|t:|1776580826\n|detailschange|p1b: Charizard|Charizard-Mega-Y, L50, F\n|-mega|p1b: Charizard|Charizard|Charizardite Y\n|move|p1b: Charizard|Protect|p1b: Charizard\n|-singleturn|p1b: Charizard|Protect\n|move|p2b: Arcanine|Head Smash|p1b: Charizard\n|-activate|p1b: Charizard|move: Protect\n|-formechange|p2a: Aegislash|Aegislash-Blade|\n|move|p2a: Aegislash|Shadow Claw|p1a: Torkoal\n|-crit|p1a: Torkoal\n|-damage|p1a: Torkoal|67/100\n|move|p1a: Torkoal|Overheat|p2a: Aegislash\n|-supereffective|p2a: Aegislash|1\n|-damage|p2a: Aegislash|0 fnt\n|-unboost|p1a: Torkoal|spa|2\n|faint|p2a: Aegislash\n|-enditem|p1a: Torkoal|White Herb\n|-clearnegativeboost|p1a: Torkoal|[silent]\n|\n|-weather|SunnyDay|[upkeep]\n|upkeep\n|\n|t:|1776580838\n|switch|p2a: Rotom|Rotom-Wash, L50|100/100\n|turn|7\n|\n|t:|1776580863\n|switch|p1b: Incineroar|Incineroar, L50, F|35/100\n|-ability|p1b: Incineroar|Intimidate|boost\n|-unboost|p2a: Rotom|atk|1\n|-unboost|p2b: Arcanine|atk|1\n|move|p2a: Rotom|Protect|p2a: Rotom\n|-singleturn|p2a: Rotom|Protect\n|move|p2b: Arcanine|Head Smash|p1b: Incineroar\n|-supereffective|p1b: Incineroar|1\n|-damage|p1b: Incineroar|0 fnt\n|faint|p1b: Incineroar\n|move|p1a: Torkoal|Will-O-Wisp|p2b: Arcanine\n|-immune|p2b: Arcanine\n|\n|-weather|SunnyDay|[upkeep]\n|upkeep\n|\n|t:|1776580882\n|switch|p1b: Farigiraf|Farigiraf, L50, M|94/100 brn\n|turn|8\n|\n|t:|1776580900\n|move|p2b: Arcanine|Protect|p2b: Arcanine\n|-singleturn|p2b: Arcanine|Protect\n|move|p2a: Rotom|Dark Pulse|p1b: Farigiraf\n|-supereffective|p1b: Farigiraf|1\n|-damage|p1b: Farigiraf|49/100 brn\n|move|p1a: Torkoal|Curse|p1a: Torkoal\n|-unboost|p1a: Torkoal|spe|1\n|-boost|p1a: Torkoal|atk|1\n|-boost|p1a: Torkoal|def|1\n|move|p1b: Farigiraf|Trick Room|p1b: Farigiraf\n|-fieldstart|move: Trick Room|[of] p1b: Farigiraf\n|\n|-weather|none\n|-heal|p1b: Farigiraf|56/100 brn|[from] item: Leftovers\n|-damage|p1b: Farigiraf|49/100 brn|[from] brn\n|upkeep\n|turn|9\n|inactive|custom_puppet has 30 seconds left.\n|\n|t:|1776580926\n|move|p2b: Arcanine|Protect||[still]\n|-fail|p2b: Arcanine\n|move|p1a: Torkoal|Gyro Ball|p2b: Arcanine\n|-crit|p2b: Arcanine\n|-damage|p2b: Arcanine|0 fnt\n|faint|p2b: Arcanine\n|move|p1b: Farigiraf|Calm Mind|p1b: Farigiraf\n|-boost|p1b: Farigiraf|spa|1\n|-boost|p1b: Farigiraf|spd|1\n|move|p2a: Rotom|Discharge|p1a: Torkoal|[spread] p1a,p1b\n|-damage|p1a: Torkoal|24/100\n|-damage|p1b: Farigiraf|29/100 brn\n|-status|p1a: Torkoal|par\n|\n|-heal|p1b: Farigiraf|35/100 brn|[from] item: Leftovers\n|-damage|p1b: Farigiraf|29/100 brn|[from] brn\n|upkeep\n|turn|10\n|\n|t:|1776580950\n|move|p1a: Torkoal|Overheat|p2a: Rotom\n|-resisted|p2a: Rotom|1\n|-damage|p2a: Rotom|69/100\n|-unboost|p1a: Torkoal|spa|2\n|move|p1b: Farigiraf|Hyper Voice|p2a: Rotom\n|-damage|p2a: Rotom|0 fnt\n|faint|p2a: Rotom\n|\n|win|custom_puppet\n|raw|custom_puppet's rating: 1000 &rarr; <strong>1040</strong><br />(+40 for winning)\n|raw|mew2724's rating: 1001 &rarr; <strong>1000</strong><br />(-1 for losing)\n|l|\u2606mew2724\n|player|p2|\n",
  "uploadtime": 1776580967,
  "views": 33,
  "formatid": "gen9championsvgc2026regma",
  "rating": 1000,
  "private": 0,
  "password": null
}