{
  "id": "gen9championsvgc2026regma-2585507200",
  "format": "[Gen 9 Champions] VGC 2026 Reg M-A",
  "players": [
    "punishedmelody",
    "loneluna"
  ],
  "log": "|j|\u2606punishedmelody\n|j|\u2606loneluna\n|t:|1776352178\n|gametype|doubles\n|player|p1|punishedmelody|taunie|1136\n|player|p2|loneluna|hilbert|1176\n|gen|9\n|tier|[Gen 9 Champions] VGC 2026 Reg M-A\n|rated|\n|rule|Species Clause: Limit one of each Pok\u00e9mon\n|rule|Item Clause: Limit 1 of each item\n|clearpoke\n|poke|p1|Scizor, L50, F|\n|poke|p1|Sneasler, L50, F|\n|poke|p1|Sinistcha, L50|\n|poke|p1|Rotom-Wash, L50|\n|poke|p1|Tyranitar, L50, M|\n|poke|p1|Arcanine, L50, F|\n|poke|p2|Torkoal, L50, F|\n|poke|p2|Farigiraf, L50, F|\n|poke|p2|Crabominable, L50, F|\n|poke|p2|Hatterene, L50, F|\n|poke|p2|Sinistcha, L50|\n|poke|p2|Venusaur, L50, F|\n|teampreview|4\n|inactive|Battle timer is ON: inactive players will automatically lose when time's up. (requested by punishedmelody)\n|\n|t:|1776352229\n|teamsize|p1|4\n|teamsize|p2|4\n|start\n|switch|p1a: Rotom|Rotom-Wash, L50|100/100\n|switch|p1b: Arcanine|Arcanine, L50, F|100/100\n|switch|p2a: Torkoal|Torkoal, L50, F|100/100\n|switch|p2b: Venusaur|Venusaur, L50, F|100/100\n|-ability|p1b: Arcanine|Intimidate|boost\n|-unboost|p2a: Torkoal|atk|1\n|-unboost|p2b: Venusaur|atk|1\n|-weather|SunnyDay|[from] ability: Drought|[of] p2a: Torkoal\n|turn|1\n|\n|t:|1776352242\n|move|p2a: Torkoal|Protect|p2a: Torkoal\n|-singleturn|p2a: Torkoal|Protect\n|move|p2b: Venusaur|Sleep Powder|p1b: Arcanine|[miss]\n|-miss|p2b: Venusaur|p1b: Arcanine\n|move|p1a: Rotom|Volt Switch|p2a: Torkoal\n|-activate|p2a: Torkoal|move: Protect\n|move|p1b: Arcanine|Snarl|p2b: Venusaur|[spread] p2b\n|-activate|p2a: Torkoal|move: Protect\n|-damage|p2b: Venusaur|85/100\n|-unboost|p2b: Venusaur|spa|1\n|\n|-weather|SunnyDay|[upkeep]\n|upkeep\n|turn|2\n|\n|t:|1776352260\n|switch|p1a: Tyranitar|Tyranitar, L50, M|100/100\n|-weather|Sandstorm|[from] ability: Sand Stream|[of] p1a: Tyranitar\n|switch|p2a: Sinistcha|Sinistcha, L50|100/100\n|-heal|p2b: Venusaur|100/100|[from] ability: Hospitality|[of] p2a: Sinistcha\n|move|p2b: Venusaur|Sleep Powder|p1b: Arcanine\n|-status|p1b: Arcanine|slp|[from] move: Sleep Powder\n|cant|p1b: Arcanine|slp\n|\n|-weather|Sandstorm|[upkeep]\n|-damage|p2b: Venusaur|95/100|[from] Sandstorm\n|-damage|p1b: Arcanine|94/100 slp|[from] Sandstorm\n|-damage|p2a: Sinistcha|94/100|[from] Sandstorm\n|-heal|p1b: Arcanine|100/100 slp|[from] item: Leftovers\n|upkeep\n|turn|3\n|\n|t:|1776352283\n|switch|p1a: Scizor|Scizor, L50, F|100/100\n|move|p2b: Venusaur|Sleep Powder|p1a: Scizor\n|-status|p1a: Scizor|slp|[from] move: Sleep Powder\n|cant|p1b: Arcanine|slp\n|move|p2a: Sinistcha|Trick Room|p2a: Sinistcha\n|-fieldstart|move: Trick Room|[of] p2a: Sinistcha\n|\n|-weather|Sandstorm|[upkeep]\n|-damage|p2a: Sinistcha|88/100|[from] Sandstorm\n|-damage|p1b: Arcanine|94/100 slp|[from] Sandstorm\n|-damage|p2b: Venusaur|89/100|[from] Sandstorm\n|-heal|p1b: Arcanine|100/100 slp|[from] item: Leftovers\n|upkeep\n|turn|4\n|\n|t:|1776352296\n|switch|p2b: Torkoal|Torkoal, L50, F|100/100\n|-weather|SunnyDay|[from] ability: Drought|[of] p2b: Torkoal\n|move|p2a: Sinistcha|Shadow Ball|p1b: Arcanine\n|-damage|p1b: Arcanine|59/100 slp\n|-unboost|p1b: Arcanine|spd|1\n|-curestatus|p1b: Arcanine|slp|[msg]\n|move|p1b: Arcanine|Burn Up|p2b: Torkoal\n|-resisted|p2b: Torkoal|1\n|-damage|p2b: Torkoal|34/100\n|-start|p1b: Arcanine|typechange|???|[from] move: Burn Up\n|cant|p1a: Scizor|slp\n|\n|-weather|SunnyDay|[upkeep]\n|-heal|p1b: Arcanine|65/100|[from] item: Leftovers\n|upkeep\n|turn|5\n|\n|t:|1776352307\n|switch|p1a: Tyranitar|Tyranitar, L50, M|100/100\n|-weather|Sandstorm|[from] ability: Sand Stream|[of] p1a: Tyranitar\n|move|p2b: Torkoal|Heat Wave|p1b: Arcanine|[spread] p1a,p1b\n|-resisted|p1a: Tyranitar|1\n|-damage|p1a: Tyranitar|90/100\n|-damage|p1b: Arcanine|6/100\n|move|p2a: Sinistcha|Matcha Gotcha|p1a: Tyranitar|[spread] p1a,p1b\n|-supereffective|p1a: Tyranitar|1\n|-damage|p1a: Tyranitar|54/100\n|-heal|p2a: Sinistcha|100/100|[from] drain|[of] p1a: Tyranitar\n|-damage|p1b: Arcanine|0 fnt\n|faint|p1b: Arcanine\n|\n|-weather|Sandstorm|[upkeep]\n|-damage|p2b: Torkoal|28/100|[from] Sandstorm\n|-damage|p2a: Sinistcha|94/100|[from] Sandstorm\n|upkeep\n|\n|t:|1776352315\n|switch|p1b: Rotom|Rotom-Wash, L50|100/100\n|turn|6\n|\n|t:|1776352332\n|move|p2b: Torkoal|Weather Ball|p1b: Rotom\n|-crit|p1b: Rotom\n|-damage|p1b: Rotom|45/100\n|move|p1a: Tyranitar|Knock Off|p2a: Sinistcha\n|-supereffective|p2a: Sinistcha|1\n|-damage|p2a: Sinistcha|0 fnt\n|-enditem|p2a: Sinistcha|Sitrus Berry|[from] move: Knock Off|[of] p1a: Tyranitar\n|faint|p2a: Sinistcha\n|move|p1b: Rotom|Volt Switch|p2b: Torkoal\n|-damage|p2b: Torkoal|0 fnt\n|faint|p2b: Torkoal\n|\n|t:|1776352344\n|switch|p1b: Scizor|Scizor, L50, F|100/100 slp|[from] Volt Switch\n|\n|-weather|Sandstorm|[upkeep]\n|upkeep\n|\n|t:|1776352348\n|switch|p2b: Crabominable|Crabominable, L50, F|100/100\n|switch|p2a: Venusaur|Venusaur, L50, F|89/100\n|turn|7\n|\n|t:|1776352361\n|switch|p1b: Rotom|Rotom-Wash, L50|45/100\n|detailschange|p2b: Crabominable|Crabominable-Mega, L50, F\n|-mega|p2b: Crabominable|Crabominable|Crabominite\n|move|p1a: Tyranitar|Protect|p1a: Tyranitar\n|-singleturn|p1a: Tyranitar|Protect\n|move|p2b: Crabominable|Drain Punch|p1a: Tyranitar\n|-activate|p1a: Tyranitar|move: Protect\n|move|p2a: Venusaur|Earth Power|p1b: Rotom\n|-immune|p1b: Rotom|[from] ability: Levitate\n|\n|-weather|Sandstorm|[upkeep]\n|-damage|p2b: Crabominable|95/100|[from] Sandstorm\n|-damage|p2a: Venusaur|83/100|[from] Sandstorm\n|-damage|p1b: Rotom|39/100|[from] Sandstorm\n|-fieldend|move: Trick Room\n|upkeep\n|turn|8\n|\n|t:|1776352377\n|move|p2b: Crabominable|Mach Punch|p1a: Tyranitar\n|-supereffective|p1a: Tyranitar|2\n|-damage|p1a: Tyranitar|0 fnt\n|faint|p1a: Tyranitar\n|move|p1b: Rotom|Electroweb|p2b: Crabominable|[spread] p2a,p2b\n|-resisted|p2a: Venusaur|1\n|-damage|p2a: Venusaur|74/100\n|-damage|p2b: Crabominable|80/100\n|-unboost|p2a: Venusaur|spe|1\n|-unboost|p2b: Crabominable|spe|1\n|move|p2a: Venusaur|Energy Ball|p1b: Rotom\n|-supereffective|p1b: Rotom|1\n|-damage|p1b: Rotom|0 fnt\n|faint|p1b: Rotom\n|\n|-weather|Sandstorm|[upkeep]\n|-damage|p2a: Venusaur|68/100|[from] Sandstorm\n|-damage|p2b: Crabominable|74/100|[from] Sandstorm\n|upkeep\n|\n|t:|1776352381\n|switch|p1b: Scizor|Scizor, L50, F|100/100 slp\n|turn|9\n|\n|t:|1776352394\n|detailschange|p1b: Scizor|Scizor-Mega, L50, F\n|-mega|p1b: Scizor|Scizor|Scizorite\n|-curestatus|p1b: Scizor|slp|[msg]\n|move|p1b: Scizor|Protect|p1b: Scizor\n|-singleturn|p1b: Scizor|Protect\n|move|p2a: Venusaur|Earth Power|p1b: Scizor\n|-activate|p1b: Scizor|move: Protect\n|move|p2b: Crabominable|Drain Punch|p1b: Scizor\n|-activate|p1b: Scizor|move: Protect\n|\n|-weather|none\n|upkeep\n|turn|10\n|\n|t:|1776352405\n|move|p2b: Crabominable|Protect|p2b: Crabominable\n|-singleturn|p2b: Crabominable|Protect\n|move|p1b: Scizor|Dual Wingbeat|p2a: Venusaur\n|-supereffective|p2a: Venusaur|1\n|-damage|p2a: Venusaur|3/100\n|-supereffective|p2a: Venusaur|1\n|-damage|p2a: Venusaur|0 fnt\n|faint|p2a: Venusaur\n|-hitcount|p2: Venusaur|2\n|\n|upkeep\n|turn|11\n|\n|t:|1776352417\n|move|p1b: Scizor|Bullet Punch|p2b: Crabominable\n|-supereffective|p2b: Crabominable|1\n|-damage|p2b: Crabominable|24/100\n|move|p2b: Crabominable|Drain Punch|p1b: Scizor\n|-damage|p1b: Scizor|43/100\n|-heal|p2b: Crabominable|45/100|[from] drain|[of] p1b: Scizor\n|\n|upkeep\n|turn|12\n|\n|t:|1776352426\n|move|p1b: Scizor|Bullet Punch|p2b: Crabominable\n|-supereffective|p2b: Crabominable|1\n|-damage|p2b: Crabominable|0 fnt\n|faint|p2b: Crabominable\n|\n|win|punishedmelody\n|raw|punishedmelody's rating: 1136 &rarr; <strong>1164</strong><br />(+28 for winning)\n|raw|loneluna's rating: 1176 &rarr; <strong>1148</strong><br />(-28 for losing)\n|l|\u2606loneluna\n|player|p2|\n",
  "uploadtime": 1776352431,
  "views": 35,
  "formatid": "gen9championsvgc2026regma",
  "rating": 1148,
  "private": 0,
  "password": null
}