{
  "id": "gen9championsvgc2026regma-2588541735",
  "format": "[Gen 9 Champions] VGC 2026 Reg M-A",
  "players": [
    "sdlt 2krl coolguy",
    "criptomoneda"
  ],
  "log": "|j|\u2606sdlt 2krl coolguy\n|j|\u2606criptomoneda\n|t:|1776643194\n|gametype|doubles\n|player|p1|sdlt 2krl coolguy|leon-masters2|1175\n|player|p2|criptomoneda|pilot|1108\n|gen|9\n|tier|[Gen 9 Champions] VGC 2026 Reg M-A\n|rated|\n|rule|Species Clause: Limit one of each Pok\u00e9mon\n|rule|Item Clause: Limit 1 of each item\n|clearpoke\n|poke|p1|Floette-Eternal, L50, F|\n|poke|p1|Incineroar, L50, M|\n|poke|p1|Sinistcha, L50|\n|poke|p1|Garchomp, L50, F|\n|poke|p1|Sneasler, L50, F|\n|poke|p1|Kingambit, L50, F|\n|poke|p2|Drampa, L50, M|\n|poke|p2|Alakazam, L50, M|\n|poke|p2|Sinistcha, L50|\n|poke|p2|Pelipper, L50, F|\n|poke|p2|Basculegion, L50, M|\n|poke|p2|Scizor, L50, F|\n|teampreview|4\n|inactive|Battle timer is ON: inactive players will automatically lose when time's up. (requested by sdlt 2krl coolguy)\n|inactive|criptomoneda also wants the timer to be on.\n|\n|t:|1776643211\n|teamsize|p1|4\n|teamsize|p2|4\n|start\n|switch|p1a: Floette|Floette-Eternal, L50, F|100/100\n|switch|p1b: Incineroar|Incineroar, L50, M|100/100\n|switch|p2a: grumpi|Drampa, L50, M|100/100\n|switch|p2b: gen1|Alakazam, L50, M|100/100\n|-ability|p1b: Incineroar|Intimidate|boost\n|-unboost|p2a: grumpi|atk|1\n|-fail|p2b: gen1|unboost|Attack|[from] ability: Inner Focus|[of] p2b: gen1\n|turn|1\n|\n|t:|1776643235\n|detailschange|p1a: Floette|Floette-Mega, L50, F\n|-mega|p1a: Floette|Floette|Floettite\n|-ability|p1a: Floette|Fairy Aura\n|detailschange|p2a: grumpi|Drampa-Mega, L50, M\n|-mega|p2a: grumpi|Drampa|Drampanite\n|move|p1b: Incineroar|Fake Out|p2b: gen1\n|-damage|p2b: gen1|76/100\n|move|p2b: gen1|Light Screen|p2b: gen1\n|-sidestart|p2: criptomoneda|move: Light Screen\n|move|p1a: Floette|Calm Mind|p1a: Floette\n|-boost|p1a: Floette|spa|1\n|-boost|p1a: Floette|spd|1\n|move|p2a: grumpi|Calm Mind|p2a: grumpi\n|-boost|p2a: grumpi|spa|1\n|-boost|p2a: grumpi|spd|1\n|\n|upkeep\n|turn|2\n|\n|t:|1776643254\n|move|p2b: gen1|Reflect|p2b: gen1\n|-sidestart|p2: criptomoneda|Reflect\n|move|p1a: Floette|Dazzling Gleam|p2b: gen1|[spread] p2a,p2b\n|-supereffective|p2a: grumpi|1\n|-damage|p2a: grumpi|51/100\n|-damage|p2b: gen1|5/100\n|move|p1b: Incineroar|Parting Shot|p2a: grumpi\n|-unboost|p2a: grumpi|atk|1\n|-unboost|p2a: grumpi|spa|1\n|\n|t:|1776643261\n|switch|p1b: Kingambit|Kingambit, L50, F|100/100|[from] Parting Shot\n|move|p2a: grumpi|Calm Mind|p2a: grumpi\n|-boost|p2a: grumpi|spa|1\n|-boost|p2a: grumpi|spd|1\n|\n|upkeep\n|turn|3\n|inactive|criptomoneda has 30 seconds left.\n|\n|t:|1776643286\n|switch|p2b: labubu|Sinistcha, L50|100/100\n|-heal|p2a: grumpi|76/100|[from] ability: Hospitality|[of] p2b: labubu\n|move|p1b: Kingambit|Sucker Punch||[still]\n|-fail|p1b: Kingambit\n|move|p1a: Floette|Dazzling Gleam|p2b: labubu|[spread] p2a,p2b\n|-supereffective|p2a: grumpi|1\n|-damage|p2a: grumpi|37/100\n|-damage|p2b: labubu|49/100\n|-enditem|p2b: labubu|Sitrus Berry|[eat]\n|-heal|p2b: labubu|74/100|[from] item: Sitrus Berry\n|-ability|p2a: grumpi|Berserk|boost\n|-boost|p2a: grumpi|spa|1\n|move|p2a: grumpi|Calm Mind|p2a: grumpi\n|-boost|p2a: grumpi|spa|1\n|-boost|p2a: grumpi|spd|1\n|\n|upkeep\n|turn|4\n|\n|t:|1776643301\n|move|p2a: grumpi|Protect|p2a: grumpi\n|-singleturn|p2a: grumpi|Protect\n|move|p1a: Floette|Dazzling Gleam|p2a: grumpi|[spread] p2b\n|-activate|p2a: grumpi|move: Protect\n|-damage|p2b: labubu|15/100\n|move|p1b: Kingambit|Kowtow Cleave|p2b: labubu\n|-supereffective|p2b: labubu|1\n|-damage|p2b: labubu|0 fnt\n|faint|p2b: labubu\n|\n|upkeep\n|\n|t:|1776643310\n|switch|p2b: gen1|Alakazam, L50, M|5/100\n|turn|5\n|\n|t:|1776643319\n|move|p1b: Kingambit|Sucker Punch|p2a: grumpi\n|-damage|p2a: grumpi|10/100\n|move|p2b: gen1|Speed Swap|p2a: grumpi\n|-activate|p2b: gen1|move: Speed Swap|[of] p2a: grumpi\n|move|p2a: grumpi|Hyper Voice|p1b: Kingambit|[spread] p1a,p1b\n|-resisted|p1b: Kingambit|1\n|-damage|p1a: Floette|51/100\n|-damage|p1b: Kingambit|46/100\n|move|p1a: Floette|Dazzling Gleam|p2a: grumpi|[spread] p2a,p2b\n|-supereffective|p2a: grumpi|1\n|-damage|p2a: grumpi|0 fnt\n|-damage|p2b: gen1|0 fnt\n|faint|p2a: grumpi\n|faint|p2b: gen1\n|\n|-sideend|p2: criptomoneda|move: Light Screen\n|upkeep\n|\n|t:|1776643330\n|switch|p2b: duracel|Basculegion, L50, M|100/100\n|turn|6\n|\n|t:|1776643336\n|move|p1b: Kingambit|Sucker Punch|p2b: duracel\n|-supereffective|p2b: duracel|1\n|-damage|p2b: duracel|12/100\n|move|p2b: duracel|Wave Crash|p1a: Floette\n|-damage|p1a: Floette|0 fnt\n|faint|p1a: Floette\n|-damage|p2b: duracel|0 fnt|[from] Recoil\n|faint|p2b: duracel\n|\n|win|sdlt 2krl coolguy\n|raw|sdlt 2krl coolguy's rating: 1175 &rarr; <strong>1195</strong><br />(+20 for winning)\n|raw|criptomoneda's rating: 1108 &rarr; <strong>1088</strong><br />(-20 for losing)\n",
  "uploadtime": 1776643336,
  "views": 5,
  "formatid": "gen9championsvgc2026regma",
  "rating": 1088,
  "private": 0,
  "password": null
}