{
  "id": "gen9championsvgc2026regma-2581899260",
  "format": "[Gen 9 Champions] VGC 2026 Reg M-A",
  "players": [
    "miratrice",
    "isalynne4"
  ],
  "log": "|j|\u2606miratrice\n|j|\u2606isalynne4\n|t:|1776037931\n|gametype|doubles\n|player|p1|miratrice|psychicf-gen4|\n|player|p2|isalynne4|shauntal|\n|gen|9\n|tier|[Gen 9 Champions] VGC 2026 Reg M-A\n|rule|Species Clause: Limit one of each Pok\u00e9mon\n|rule|Item Clause: Limit 1 of each item\n|clearpoke\n|poke|p1|Torkoal, L50, M|\n|poke|p1|Lopunny, L50, M|\n|poke|p1|Volcarona, L50, M|\n|poke|p1|Gallade, L50, M|\n|poke|p1|Aerodactyl, L50, M|\n|poke|p1|Victreebel, L50, M|\n|poke|p2|Pelipper, L50, M|\n|poke|p2|Basculegion, L50, M|\n|poke|p2|Excadrill, L50, M|\n|poke|p2|Incineroar, L50, M|\n|poke|p2|Whimsicott, L50, F|\n|poke|p2|Sneasler, L50, M|\n|teampreview|4\n|\n|t:|1776038027\n|teamsize|p1|4\n|teamsize|p2|4\n|start\n|switch|p1a: Victreebel|Victreebel, L50, M|100/100\n|switch|p1b: Torkoal|Torkoal, L50, M|100/100\n|switch|p2a: Gato de fogo|Incineroar, L50, M|100/100\n|switch|p2b: Broca|Excadrill, L50, M|100/100\n|-ability|p2a: Gato de fogo|Intimidate|boost\n|-unboost|p1a: Victreebel|atk|1\n|-unboost|p1b: Torkoal|atk|1\n|-weather|SunnyDay|[from] ability: Drought|[of] p1b: Torkoal\n|turn|1\n|\n|t:|1776038070\n|switch|p1a: Lopunny|Lopunny, L50, M|100/100\n|detailschange|p2b: Broca|Excadrill-Mega, L50, M\n|-mega|p2b: Broca|Excadrill|Excadrite\n|move|p1b: Torkoal|Protect|p1b: Torkoal\n|-singleturn|p1b: Torkoal|Protect\n|move|p2b: Broca|Iron Head|p1b: Torkoal\n|-resisted|p1b: Torkoal|1\n|-ability|p2b: Broca|Piercing Drill\n|-zbroken|p1b: Torkoal\n|-damage|p1b: Torkoal|96/100\n|move|p2a: Gato de fogo|Flare Blitz|p1a: Lopunny\n|-damage|p1a: Lopunny|0 fnt\n|faint|p1a: Lopunny\n|-damage|p2a: Gato de fogo|75/100|[from] Recoil\n|\n|-weather|SunnyDay|[upkeep]\n|-heal|p2a: Gato de fogo|81/100|[from] item: Leftovers\n|upkeep\n|\n|t:|1776038094\n|switch|p1a: Victreebel|Victreebel, L50, M|100/100\n|turn|2\n|\n|t:|1776038116\n|move|p1a: Victreebel|Sleep Powder|p2b: Broca|[miss]\n|-miss|p1a: Victreebel|p2b: Broca\n|move|p2b: Broca|Rock Slide|p1b: Torkoal|[spread] p1a,p1b\n|-supereffective|p1b: Torkoal|1\n|-damage|p1a: Victreebel|65/100\n|-damage|p1b: Torkoal|61/100\n|move|p2a: Gato de fogo|Flare Blitz|p1a: Victreebel\n|-supereffective|p1a: Victreebel|1\n|-damage|p1a: Victreebel|0 fnt\n|faint|p1a: Victreebel\n|-damage|p2a: Gato de fogo|62/100|[from] Recoil\n|move|p1b: Torkoal|Earth Power|p2a: Gato de fogo\n|-supereffective|p2a: Gato de fogo|1\n|-damage|p2a: Gato de fogo|13/100\n|\n|-weather|SunnyDay|[upkeep]\n|-heal|p2a: Gato de fogo|19/100|[from] item: Leftovers\n|upkeep\n|\n|t:|1776038125\n|switch|p1a: Aerodactyl|Aerodactyl, L50, M|100/100\n|-ability|p1a: Aerodactyl|Unnerve\n|turn|3\n|\n|t:|1776038145\n|detailschange|p1a: Aerodactyl|Aerodactyl-Mega, L50, M\n|-mega|p1a: Aerodactyl|Aerodactyl|Aerodactylite\n|move|p1a: Aerodactyl|Rock Slide|p2a: Gato de fogo|[spread] p2a,p2b\n|-supereffective|p2a: Gato de fogo|1\n|-resisted|p2b: Broca|2\n|-damage|p2a: Gato de fogo|0 fnt\n|-damage|p2b: Broca|95/100\n|faint|p2a: Gato de fogo\n|cant|p2b: Broca|flinch\n|move|p1b: Torkoal|Flamethrower|p2b: Broca\n|-supereffective|p2b: Broca|1\n|-damage|p2b: Broca|0 fnt\n|faint|p2b: Broca\n|\n|-weather|SunnyDay|[upkeep]\n|upkeep\n|\n|t:|1776038156\n|switch|p2b: Djabo|Whimsicott, L50, F|100/100\n|switch|p2a: Peixe fritavel|Basculegion, L50, M|100/100\n|turn|4\n|\n|t:|1776038183\n|move|p2b: Djabo|Protect|p2b: Djabo\n|-singleturn|p2b: Djabo|Protect\n|move|p1a: Aerodactyl|Rock Slide|p2a: Peixe fritavel|[spread] p2a\n|-activate|p2b: Djabo|move: Protect\n|-damage|p2a: Peixe fritavel|59/100\n|cant|p2a: Peixe fritavel|flinch\n|move|p1b: Torkoal|Flamethrower|p2b: Djabo\n|-activate|p2b: Djabo|move: Protect\n|\n|-weather|SunnyDay|[upkeep]\n|upkeep\n|turn|5\n|\n|t:|1776038221\n|move|p2b: Djabo|Tailwind|p2b: Djabo\n|-sidestart|p2: isalynne4|move: Tailwind\n|move|p2a: Peixe fritavel|Wave Crash|p1b: Torkoal\n|-supereffective|p1b: Torkoal|1\n|-damage|p1b: Torkoal|24/100\n|-damage|p2a: Peixe fritavel|48/100|[from] Recoil\n|move|p1a: Aerodactyl|Rock Slide|p2a: Peixe fritavel|[spread] p2a,p2b\n|-damage|p2a: Peixe fritavel|6/100\n|-damage|p2b: Djabo|70/100\n|move|p1b: Torkoal|Flamethrower|p2a: Peixe fritavel\n|-resisted|p2a: Peixe fritavel|1\n|-damage|p2a: Peixe fritavel|0 fnt\n|faint|p2a: Peixe fritavel\n|\n|-weather|none\n|upkeep\n|turn|6\n|\n|t:|1776038241\n|move|p2b: Djabo|Moonblast|p1b: Torkoal\n|-resisted|p1b: Torkoal|1\n|-damage|p1b: Torkoal|0 fnt\n|faint|p1b: Torkoal\n|move|p1a: Aerodactyl|Dual Wingbeat|p2b: Djabo|[miss]\n|-miss|p1a: Aerodactyl|p2b: Djabo\n|\n|upkeep\n|turn|7\n|\n|t:|1776038253\n|move|p2b: Djabo|Protect|p2b: Djabo\n|-singleturn|p2b: Djabo|Protect\n|move|p1a: Aerodactyl|Dual Wingbeat|p2b: Djabo\n|-activate|p2b: Djabo|move: Protect\n|\n|upkeep\n|turn|8\n|\n|t:|1776038263\n|move|p1a: Aerodactyl|Protect|p1a: Aerodactyl\n|-singleturn|p1a: Aerodactyl|Protect\n|move|p2b: Djabo|Moonblast|p1a: Aerodactyl\n|-activate|p1a: Aerodactyl|move: Protect\n|\n|-sideend|p2: isalynne4|move: Tailwind\n|upkeep\n|turn|9\n|\n|t:|1776038269\n|move|p1a: Aerodactyl|Dual Wingbeat|p2b: Djabo\n|-supereffective|p2b: Djabo|1\n|-damage|p2b: Djabo|10/100\n|-supereffective|p2b: Djabo|1\n|-damage|p2b: Djabo|0 fnt\n|faint|p2b: Djabo\n|-hitcount|p2: Djabo|2\n|\n|win|miratrice\n|l|\u2606isalynne4\n|player|p2|\n",
  "uploadtime": 1776038289,
  "views": 17,
  "formatid": "gen9championsvgc2026regma",
  "rating": null,
  "private": 0,
  "password": null
}