{
  "id": "gen9championsvgc2026regma-2584276621",
  "format": "[Gen 9 Champions] VGC 2026 Reg M-A",
  "players": [
    "alone0007",
    "Akvagirl"
  ],
  "log": "|j|\u2606alone0007\n|j|\u2606Akvagirl\n|t:|1776246188\n|gametype|doubles\n|player|p1|alone0007|ghetsis|1168\n|player|p2|Akvagirl|170|1130\n|gen|9\n|tier|[Gen 9 Champions] VGC 2026 Reg M-A\n|rated|\n|rule|Species Clause: Limit one of each Pok\u00e9mon\n|rule|Item Clause: Limit 1 of each item\n|clearpoke\n|poke|p1|Floette-Eternal, L50, F|\n|poke|p1|Incineroar, L50, M|\n|poke|p1|Sneasler, L50, M|\n|poke|p1|Garchomp, L50, M|\n|poke|p1|Ninetales-Alola, L50, M|\n|poke|p1|Sinistcha, L50|\n|poke|p2|Pelipper, L50, M|\n|poke|p2|Manectric, L50, F|\n|poke|p2|Sinistcha, L50|\n|poke|p2|Archaludon, L50, M|\n|poke|p2|Basculegion, L50, M|\n|poke|p2|Sneasler, L50, M|\n|teampreview|4\n|inactive|Battle timer is ON: inactive players will automatically lose when time's up. (requested by alone0007)\n|j| romonessa\n|l| romonessa\n|j| romonessa\n|l| romonessa\n|inactive|Akvagirl has 60 seconds left.\n|\n|t:|1776246233\n|teamsize|p1|4\n|teamsize|p2|4\n|start\n|switch|p1a: Sinistcha|Sinistcha, L50|100/100\n|switch|p1b: Floette|Floette-Eternal, L50, F|100/100\n|switch|p2a: Pelipper|Pelipper, L50, M|100/100\n|switch|p2b: Sneasler|Sneasler, L50, M|100/100\n|-weather|RainDance|[from] ability: Drizzle|[of] p2a: Pelipper\n|turn|1\n|inactive|Akvagirl has 30 seconds left.\n|inactive|Akvagirl has 20 seconds left.\n|\n|t:|1776246272\n|detailschange|p1b: Floette|Floette-Mega, L50, F\n|-mega|p1b: Floette|Floette|Floettite\n|-ability|p1b: Floette|Fairy Aura\n|move|p2b: Sneasler|Fake Out|p1b: Floette\n|-damage|p1b: Floette|83/100\n|move|p1a: Sinistcha|Rage Powder|p1a: Sinistcha\n|-singleturn|p1a: Sinistcha|move: Rage Powder\n|cant|p1b: Floette|flinch\n|move|p2a: Pelipper|Hurricane|p1a: Sinistcha\n|-supereffective|p1a: Sinistcha|1\n|-crit|p1a: Sinistcha\n|-damage|p1a: Sinistcha|0 fnt\n|faint|p1a: Sinistcha\n|\n|-weather|RainDance|[upkeep]\n|upkeep\n|\n|t:|1776246285\n|switch|p1a: Ninetales|Ninetales-Alola, L50, M|100/100\n|-weather|Snowscape|[from] ability: Snow Warning|[of] p1a: Ninetales\n|turn|2\n|inactive|Akvagirl has 30 seconds left.\n|inactive|Akvagirl has 20 seconds left.\n|inactive|Akvagirl has 15 seconds left.\n|inactive|Akvagirl has 10 seconds left.\n|inactive|Akvagirl has 5 seconds left.\n|\n|t:|1776246337\n|switch|p2a: Archaludon|Archaludon, L50, M|100/100\n|move|p2b: Sneasler|Dire Claw|p1b: Floette\n|-supereffective|p1b: Floette|1\n|-damage|p1b: Floette|0 fnt\n|faint|p1b: Floette\n|move|p1a: Ninetales|Aurora Veil|p1a: Ninetales\n|-sidestart|p1: alone0007|move: Aurora Veil\n|\n|-weather|Snowscape|[upkeep]\n|upkeep\n|\n|t:|1776246350\n|switch|p1b: Garchomp|Garchomp, L50, M|100/100\n|turn|3\n|\n|t:|1776246364\n|switch|p2b: Pelipper|Pelipper, L50, M|100/100\n|-weather|RainDance|[from] ability: Drizzle|[of] p2b: Pelipper\n|move|p1a: Ninetales|Protect|p1a: Ninetales\n|-singleturn|p1a: Ninetales|Protect\n|move|p2a: Archaludon|Protect|p2a: Archaludon\n|-singleturn|p2a: Archaludon|Protect\n|move|p1b: Garchomp|Earthquake|p2b: Pelipper|[spread] \n|-activate|p1a: Ninetales|move: Protect\n|-activate|p2a: Archaludon|move: Protect\n|-immune|p2b: Pelipper\n|\n|-weather|RainDance|[upkeep]\n|upkeep\n|turn|4\n|inactive|Akvagirl has 30 seconds left.\n|\n|t:|1776246398\n|switch|p2a: Sinistcha|Sinistcha, L50|100/100\n|move|p2b: Pelipper|Protect|p2b: Pelipper\n|-singleturn|p2b: Pelipper|Protect\n|move|p1a: Ninetales|Icy Wind|p2a: Sinistcha|[spread] p2a\n|-activate|p2b: Pelipper|move: Protect\n|-supereffective|p2a: Sinistcha|1\n|-damage|p2a: Sinistcha|79/100\n|-unboost|p2a: Sinistcha|spe|1\n|move|p1b: Garchomp|Earthquake|p2b: Pelipper|[spread] p1a,p2a\n|-activate|p2b: Pelipper|move: Protect\n|-resisted|p2a: Sinistcha|1\n|-damage|p1a: Ninetales|64/100\n|-damage|p2a: Sinistcha|57/100\n|\n|-weather|RainDance|[upkeep]\n|upkeep\n|turn|5\n|inactive|Akvagirl has 30 seconds left.\n|inactive|Akvagirl has 20 seconds left.\n|inactive|Akvagirl has 15 seconds left.\n|\n|t:|1776246441\n|switch|p2a: Archaludon|Archaludon, L50, M|100/100\n|move|p1a: Ninetales|Blizzard|p2a: Archaludon|[spread] \n|-miss|p1a: Ninetales|p2a: Archaludon\n|-miss|p1a: Ninetales|p2b: Pelipper\n|move|p1b: Garchomp|Dragon Claw|p2b: Pelipper\n|-damage|p2b: Pelipper|45/100\n|move|p2b: Pelipper|Tailwind|p2b: Pelipper\n|-sidestart|p2: Akvagirl|move: Tailwind\n|\n|-weather|RainDance|[upkeep]\n|upkeep\n|turn|6\n|inactive|Akvagirl has 30 seconds left.\n|inactive|Akvagirl has 20 seconds left.\n|\n|t:|1776246478\n|move|p2b: Pelipper|Hurricane|p1b: Garchomp\n|-damage|p1b: Garchomp|63/100\n|move|p2a: Archaludon|Electro Shot||[still]\n|-prepare|p2a: Archaludon|Electro Shot\n|-boost|p2a: Archaludon|spa|1\n|-anim|p2a: Archaludon|Electro Shot|p1a: Ninetales\n|-damage|p1a: Ninetales|25/100\n|move|p1a: Ninetales|Blizzard|p2b: Pelipper|[spread] \n|-miss|p1a: Ninetales|p2a: Archaludon\n|-miss|p1a: Ninetales|p2b: Pelipper\n|move|p1b: Garchomp|Earthquake|p2b: Pelipper|[spread] p1a,p2a\n|-immune|p2b: Pelipper\n|-supereffective|p2a: Archaludon|1\n|-damage|p1a: Ninetales|0 fnt\n|-damage|p2a: Archaludon|37/100\n|-ability|p2a: Archaludon|Stamina|boost\n|-boost|p2a: Archaludon|def|1\n|faint|p1a: Ninetales\n|\n|-weather|RainDance|[upkeep]\n|-heal|p2a: Archaludon|43/100|[from] item: Leftovers\n|-sideend|p1: alone0007|move: Aurora Veil\n|upkeep\n|turn|7\n|\n|t:|1776246502\n|switch|p2b: Sinistcha|Sinistcha, L50|57/100\n|-heal|p2a: Archaludon|68/100|[from] ability: Hospitality|[of] p2b: Sinistcha\n|move|p2a: Archaludon|Protect|p2a: Archaludon\n|-singleturn|p2a: Archaludon|Protect\n|move|p1b: Garchomp|Earthquake|p2a: Archaludon|[spread] p2b\n|-activate|p2a: Archaludon|move: Protect\n|-resisted|p2b: Sinistcha|1\n|-damage|p2b: Sinistcha|38/100\n|-enditem|p2b: Sinistcha|Sitrus Berry|[eat]\n|-heal|p2b: Sinistcha|62/100|[from] item: Sitrus Berry\n|\n|-weather|none\n|-heal|p2a: Archaludon|74/100|[from] item: Leftovers\n|upkeep\n|turn|8\n|l|\u2606alone0007\n|inactive|alone0007 disconnected and has a minute to reconnect!\n|player|p1|\n|inactive|alone0007 has 30 seconds left.\n|inactive|alone0007 has 20 seconds left.\n|inactive|alone0007 has 15 seconds left.\n|inactive|alone0007 has 10 seconds left.\n|inactive|alone0007 has 5 seconds left.\n|-message|alone0007 lost due to inactivity.\n|\n|win|Akvagirl\n|raw|alone0007's rating: 1168 &rarr; <strong>1140</strong><br />(-28 for losing)\n|raw|Akvagirl's rating: 1130 &rarr; <strong>1158</strong><br />(+28 for winning)\n",
  "uploadtime": 1776246559,
  "views": 26,
  "formatid": "gen9championsvgc2026regma",
  "rating": 1140,
  "private": 0,
  "password": null
}