{
  "id": "gen9championsvgc2026regma-2588528138",
  "format": "[Gen 9 Champions] VGC 2026 Reg M-A",
  "players": [
    "regitron 21",
    "SolomonMLG"
  ],
  "log": "|j|\u2606regitron 21\n|j|\u2606SolomonMLG\n|t:|1776641884\n|gametype|doubles\n|player|p1|regitron 21|n|1158\n|player|p2|SolomonMLG|riley|1062\n|gen|9\n|tier|[Gen 9 Champions] VGC 2026 Reg M-A\n|rated|\n|rule|Species Clause: Limit one of each Pok\u00e9mon\n|rule|Item Clause: Limit 1 of each item\n|clearpoke\n|poke|p1|Aegislash, L50, M|\n|poke|p1|Froslass, L50, F|\n|poke|p1|Incineroar, L50, F|\n|poke|p1|Sneasler, L50, F|\n|poke|p1|Rotom-Wash, L50|\n|poke|p1|Volcarona, L50, M|\n|poke|p2|Gallade, L50, M|\n|poke|p2|Lucario, L50, M|\n|poke|p2|Greninja, L50, M, shiny|\n|poke|p2|Sinistcha, L50, shiny|\n|poke|p2|Sableye, L50, M, shiny|\n|poke|p2|Pelipper, L50, M, shiny|\n|teampreview|4\n|inactive|Battle timer is ON: inactive players will automatically lose when time's up. (requested by SolomonMLG)\nSolomonMLG rejected open team sheets.\n|c|\u2606regitron 21|hey good luck bud\n|c|\u2606regitron 21|cool team\n|inactive|regitron 21 has 60 seconds left.\n|inactive|SolomonMLG has 60 seconds left.\n|\n|t:|1776641923\n|teamsize|p1|4\n|teamsize|p2|4\n|start\n|switch|p1a: Rotom|Rotom-Wash, L50|100/100\n|switch|p1b: Aegislash|Aegislash, L50, M|100/100\n|switch|p2a: Sableye|Sableye, L50, M, shiny|100/100\n|switch|p2b: Greninja|Greninja, L50, M, shiny|100/100\n|turn|1\n|\n|t:|1776641943\n|move|p2a: Sableye|Fake Out|p1a: Rotom\n|-damage|p1a: Rotom|90/100\n|cant|p1a: Rotom|flinch\n|move|p2b: Greninja|Dark Pulse|p1b: Aegislash\n|-start|p2b: Greninja|typechange|Dark|[from] ability: Protean\n|-supereffective|p1b: Aegislash|1\n|-damage|p1b: Aegislash|42/100\n|-formechange|p1b: Aegislash|Aegislash-Blade|\n|move|p1b: Aegislash|Sacred Sword|p2b: Greninja\n|-supereffective|p2b: Greninja|1\n|-damage|p2b: Greninja|0 fnt\n|faint|p2b: Greninja\n|\n|upkeep\n|\n|t:|1776641961\n|switch|p2b: Lucario|Lucario, L50, M|100/100\n|turn|2\n|\n|t:|1776641980\n|move|p2b: Lucario|Protect|p2b: Lucario\n|-singleturn|p2b: Lucario|Protect\n|-formechange|p1b: Aegislash|Aegislash|\n|move|p1b: Aegislash|King's Shield|p1b: Aegislash\n|-singleturn|p1b: Aegislash|Protect\n|move|p2a: Sableye|Thunder Wave|p1b: Aegislash\n|-status|p1b: Aegislash|par\n|move|p1a: Rotom|Will-O-Wisp|p2b: Lucario\n|-activate|p2b: Lucario|move: Protect\n|\n|upkeep\n|turn|3\n|inactive|regitron 21 has 30 seconds left.\n|\n|t:|1776642009\n|switch|p1b: Volcarona|Volcarona, L50, M|100/100\n|detailschange|p2b: Lucario|Lucario-Mega, L50, M\n|-mega|p2b: Lucario|Lucario|Lucarionite\n|move|p1a: Rotom|Will-O-Wisp|p2b: Lucario\n|-status|p2b: Lucario|brn\n|move|p2b: Lucario|Close Combat|p1a: Rotom\n|-damage|p1a: Rotom|23/100\n|-unboost|p2b: Lucario|def|1\n|-unboost|p2b: Lucario|spd|1\n|move|p2a: Sableye|Foul Play|p1b: Volcarona\n|-damage|p1b: Volcarona|74/100\n|\n|-heal|p1b: Volcarona|79/100|[from] item: Leftovers\n|-damage|p2b: Lucario|94/100 brn|[from] brn\n|upkeep\n|turn|4\n|inactive|SolomonMLG has 30 seconds left.\n|inactive|SolomonMLG has 20 seconds left.\n|\n|t:|1776642046\n|switch|p1a: Aegislash|Aegislash, L50, M|42/100 par\n|move|p2a: Sableye|Thunder Wave|p1b: Volcarona\n|-status|p1b: Volcarona|par\n|move|p2b: Lucario|Close Combat|p1b: Volcarona\n|-resisted|p1b: Volcarona|1\n|-damage|p1b: Volcarona|49/100 par\n|-unboost|p2b: Lucario|def|1\n|-unboost|p2b: Lucario|spd|1\n|move|p1b: Volcarona|Fiery Dance|p2b: Lucario\n|-supereffective|p2b: Lucario|1\n|-damage|p2b: Lucario|0 fnt\n|faint|p2b: Lucario\n|\n|-heal|p1b: Volcarona|55/100 par|[from] item: Leftovers\n|upkeep\n|\n|t:|1776642057\n|switch|p2b: Pelipper|Pelipper, L50, M, shiny|100/100\n|-weather|RainDance|[from] ability: Drizzle|[of] p2b: Pelipper\n|turn|5\n|\n|t:|1776642072\n|switch|p1a: Rotom|Rotom-Wash, L50|23/100\n|move|p1b: Volcarona|Protect|p1b: Volcarona\n|-singleturn|p1b: Volcarona|Protect\n|move|p2b: Pelipper|Tailwind|p2b: Pelipper\n|-sidestart|p2: SolomonMLG|move: Tailwind\n|move|p2a: Sableye|Foul Play|p1a: Rotom\n|-damage|p1a: Rotom|0 fnt\n|faint|p1a: Rotom\n|\n|-weather|RainDance|[upkeep]\n|-heal|p1b: Volcarona|60/100 par|[from] item: Leftovers\n|upkeep\n|\n|t:|1776642080\n|switch|p1a: Froslass|Froslass, L50, F|100/100\n|turn|6\n|\n|t:|1776642090\n|detailschange|p1a: Froslass|Froslass-Mega, L50, F\n|-mega|p1a: Froslass|Froslass|Froslassite\n|-weather|Snowscape|[from] ability: Snow Warning|[of] p1a: Froslass\n|move|p2a: Sableye|Rain Dance|p2a: Sableye\n|-weather|RainDance\n|move|p1a: Froslass|Nasty Plot|p1a: Froslass\n|-boost|p1a: Froslass|spa|2\n|move|p2b: Pelipper|Hurricane|p1b: Volcarona\n|-supereffective|p1b: Volcarona|1\n|-damage|p1b: Volcarona|0 fnt\n|faint|p1b: Volcarona\n|\n|-weather|RainDance|[upkeep]\n|upkeep\n|\n|t:|1776642099\n|switch|p1b: Aegislash|Aegislash, L50, M|42/100 par\n|turn|7\n|\n|t:|1776642116\n|move|p2b: Pelipper|Wide Guard|p2b: Pelipper\n|-singleturn|p2b: Pelipper|Wide Guard\n|move|p1a: Froslass|Blizzard|p2b: Pelipper|[spread] \n|-activate|p2a: Sableye|move: Wide Guard\n|-activate|p2b: Pelipper|move: Wide Guard\n|move|p2a: Sableye|Foul Play|p1b: Aegislash\n|-supereffective|p1b: Aegislash|1\n|-damage|p1b: Aegislash|0 fnt\n|faint|p1b: Aegislash\n|\n|-weather|RainDance|[upkeep]\n|upkeep\n|turn|8\n|\n|t:|1776642139\n|move|p1a: Froslass|Shadow Ball|p2b: Pelipper\n|-damage|p2b: Pelipper|5/100\n|-unboost|p2b: Pelipper|spd|1\n|move|p2b: Pelipper|Weather Ball|p1a: Froslass\n|-damage|p1a: Froslass|41/100\n|move|p2a: Sableye|Foul Play|p1a: Froslass\n|-supereffective|p1a: Froslass|1\n|-damage|p1a: Froslass|0 fnt\n|faint|p1a: Froslass\n|\n|win|SolomonMLG\n|raw|regitron 21's rating: 1158 &rarr; <strong>1126</strong><br />(-32 for losing)\n|raw|SolomonMLG's rating: 1062 &rarr; <strong>1101</strong><br />(+39 for winning)\n|c|\u2606regitron 21|gg\n|c|\u2606regitron 21|nice team\n",
  "uploadtime": 1776642148,
  "views": 8,
  "formatid": "gen9championsvgc2026regma",
  "rating": 1101,
  "private": 0,
  "password": null
}