{
  "id": "gen9championsvgc2026regma-2585032807",
  "format": "[Gen 9 Champions] VGC 2026 Reg M-A",
  "players": [
    "joyfuljokester",
    "scerlo"
  ],
  "log": "|j|\u2606joyfuljokester\n|j|\u2606scerlo\n|t:|1776305146\n|gametype|doubles\n|player|p1|joyfuljokester|266|1067\n|player|p2|scerlo|pokemaniac|1099\n|gen|9\n|tier|[Gen 9 Champions] VGC 2026 Reg M-A\n|rated|\n|rule|Species Clause: Limit one of each Pok\u00e9mon\n|rule|Item Clause: Limit 1 of each item\n|clearpoke\n|poke|p1|Greninja-*, L50, F|\n|poke|p1|Gardevoir, L50, M|\n|poke|p1|Farigiraf, L50, M|\n|poke|p1|Golurk, L50|\n|poke|p1|Corviknight, L50, M|\n|poke|p1|Cofagrigus, L50, M|\n|poke|p2|Blastoise, L50, F|\n|poke|p2|Incineroar, L50, M|\n|poke|p2|Tyranitar, L50, F|\n|poke|p2|Sinistcha, L50|\n|poke|p2|Excadrill, L50, F|\n|poke|p2|Typhlosion-Hisui, L50, F|\n|teampreview|4\n|inactive|Battle timer is ON: inactive players will automatically lose when time's up. (requested by joyfuljokester)\n|\n|t:|1776305187\n|teamsize|p1|4\n|teamsize|p2|4\n|start\n|switch|p1a: Greninja|Greninja, L50, F|100/100\n|switch|p1b: Gardevoir|Gardevoir, L50, M|100/100\n|switch|p2a: Blastoise|Blastoise, L50, F, shiny|100/100\n|switch|p2b: Sinistcha|Sinistcha, L50|100/100\n|-ability|p1b: Gardevoir|Torrent|Trace|[from] ability: Trace|[of] p2a: Blastoise\n|turn|1\n|\n|t:|1776305211\n|detailschange|p2a: Blastoise|Blastoise-Mega, L50, F, shiny\n|-mega|p2a: Blastoise|Blastoise|Blastoisinite\n|detailschange|p1b: Gardevoir|Gardevoir-Mega, L50, M\n|-mega|p1b: Gardevoir|Gardevoir|Gardevoirite\n|move|p2b: Sinistcha|Rage Powder|p2b: Sinistcha\n|-singleturn|p2b: Sinistcha|move: Rage Powder\n|move|p1a: Greninja|Round|p2b: Sinistcha\n|-start|p1a: Greninja|typechange|Normal|[from] ability: Protean\n|-immune|p2b: Sinistcha\n|move|p1b: Gardevoir|Round|p2b: Sinistcha|[from] move: Round\n|-damage|p2b: Sinistcha|10/100\n|-enditem|p2b: Sinistcha|Sitrus Berry|[eat]\n|-heal|p2b: Sinistcha|35/100|[from] item: Sitrus Berry\n|move|p2a: Blastoise|Shell Smash|p2a: Blastoise\n|-unboost|p2a: Blastoise|def|1\n|-unboost|p2a: Blastoise|spd|1\n|-boost|p2a: Blastoise|atk|2\n|-boost|p2a: Blastoise|spa|2\n|-boost|p2a: Blastoise|spe|2\n|\n|upkeep\n|turn|2\n|inactive|joyfuljokester has 30 seconds left.\n|inactive|scerlo has 30 seconds left.\n|inactive|joyfuljokester has 20 seconds left.\n|inactive|scerlo has 20 seconds left.\n|\n|t:|1776305250\n|move|p1a: Greninja|Round|p2a: Blastoise\n|-damage|p2a: Blastoise|63/100\n|move|p1b: Gardevoir|Round|p2a: Blastoise|[from] move: Round\n|-damage|p2a: Blastoise|0 fnt\n|faint|p2a: Blastoise\n|move|p2b: Sinistcha|Matcha Gotcha|p1b: Gardevoir|[spread] \n|-miss|p2b: Sinistcha|p1a: Greninja\n|-miss|p2b: Sinistcha|p1b: Gardevoir\n|\n|upkeep\n|inactive|scerlo has 30 seconds left.\n|\n|t:|1776305279\n|switch|p2a: Incineroar|Incineroar, L50, M|100/100\n|-ability|p2a: Incineroar|Intimidate|boost\n|-unboost|p1a: Greninja|atk|1\n|-unboost|p1b: Gardevoir|atk|1\n|turn|3\n|\n|t:|1776305293\n|move|p2a: Incineroar|Fake Out|p1a: Greninja\n|-damage|p1a: Greninja|83/100\n|cant|p1a: Greninja|flinch\n|move|p1b: Gardevoir|Round|p2b: Sinistcha\n|-damage|p2b: Sinistcha|0 fnt\n|faint|p2b: Sinistcha\n|\n|upkeep\n|\n|t:|1776305300\n|switch|p2b: Excadrill|Excadrill, L50, F|100/100\n|turn|4\n|\n|t:|1776305324\n|switch|p1a: Golurk|Golurk, L50|100/100\n|move|p1b: Gardevoir|Protect|p1b: Gardevoir\n|-singleturn|p1b: Gardevoir|Protect\n|move|p2b: Excadrill|Iron Head|p1b: Gardevoir\n|-activate|p1b: Gardevoir|move: Protect\n|move|p2a: Incineroar|Flare Blitz|p1a: Golurk\n|-damage|p1a: Golurk|53/100\n|-damage|p2a: Incineroar|87/100|[from] Recoil\n|\n|upkeep\n|turn|5\n|\n|t:|1776305344\n|switch|p1b: Farigiraf|Farigiraf, L50, M|100/100\n|move|p2b: Excadrill|Iron Head|p1b: Farigiraf\n|-damage|p1b: Farigiraf|66/100\n|move|p2a: Incineroar|Darkest Lariat|p1a: Golurk\n|-supereffective|p1a: Golurk|1\n|-damage|p1a: Golurk|0 fnt\n|faint|p1a: Golurk\n|\n|upkeep\n|\n|t:|1776305354\n|switch|p1a: Greninja|Greninja, L50, F|83/100\n|turn|6\n|\n|t:|1776305369\n|move|p1a: Greninja|Hydro Pump|p2a: Incineroar\n|-start|p1a: Greninja|typechange|Water|[from] ability: Protean\n|-supereffective|p2a: Incineroar|1\n|-damage|p2a: Incineroar|14/100\n|move|p2b: Excadrill|Rock Slide|p1a: Greninja|[spread] p1a,p1b\n|-damage|p1a: Greninja|49/100\n|-damage|p1b: Farigiraf|50/100\n|move|p2a: Incineroar|Darkest Lariat|p1b: Farigiraf\n|-supereffective|p1b: Farigiraf|1\n|-damage|p1b: Farigiraf|4/100\n|move|p1b: Farigiraf|Trick Room|p1b: Farigiraf\n|-fieldstart|move: Trick Room|[of] p1b: Farigiraf\n|\n|upkeep\n|turn|7\n|\n|t:|1776305390\n|move|p1b: Farigiraf|Foul Play|p2b: Excadrill\n|-damage|p2b: Excadrill|49/100\n|move|p2a: Incineroar|Darkest Lariat|p1a: Greninja\n|-damage|p1a: Greninja|0 fnt\n|faint|p1a: Greninja\n|move|p2b: Excadrill|Rock Slide|p1b: Farigiraf\n|-damage|p1b: Farigiraf|0 fnt\n|faint|p1b: Farigiraf\n|\n|upkeep\n|\n|t:|1776305397\n|switch|p1b: Gardevoir|Gardevoir-Mega, L50, M|100/100\n|turn|8\n|\n|t:|1776305419\n|move|p2b: Excadrill|Protect|p2b: Excadrill\n|-singleturn|p2b: Excadrill|Protect\n|move|p2a: Incineroar|Flare Blitz|p1b: Gardevoir\n|-damage|p1b: Gardevoir|28/100\n|-damage|p2a: Incineroar|0 fnt|[from] Recoil\n|faint|p2a: Incineroar\n|move|p1b: Gardevoir|Mystical Fire|p2b: Excadrill\n|-activate|p2b: Excadrill|move: Protect\n|\n|upkeep\n|turn|9\n|\n|t:|1776305429\n|move|p1b: Gardevoir|Mystical Fire|p2b: Excadrill\n|-supereffective|p2b: Excadrill|1\n|-damage|p2b: Excadrill|0 fnt\n|faint|p2b: Excadrill\n|\n|win|joyfuljokester\n|raw|joyfuljokester's rating: 1067 &rarr; <strong>1100</strong><br />(+33 for winning)\n|raw|scerlo's rating: 1099 &rarr; <strong>1072</strong><br />(-27 for losing)\n|l|\u2606joyfuljokester\n|player|p1|\n",
  "uploadtime": 1776305437,
  "views": 26,
  "formatid": "gen9championsvgc2026regma",
  "rating": 1072,
  "private": 0,
  "password": null
}