{
  "id": "gen9championsvgc2026regma-2584569086",
  "format": "[Gen 9 Champions] VGC 2026 Reg M-A",
  "players": [
    "cunnybapist",
    "alvxrzz_"
  ],
  "log": "|j|\u2606cunnybapist\n|j|\u2606alvxrzz_\n|t:|1776269356\n|gametype|doubles\n|player|p1|cunnybapist|caitlin|1200\n|player|p2|alvxrzz_|2|1103\n|gen|9\n|tier|[Gen 9 Champions] VGC 2026 Reg M-A\n|rated|\n|rule|Species Clause: Limit one of each Pok\u00e9mon\n|rule|Item Clause: Limit 1 of each item\n|clearpoke\n|poke|p1|Incineroar, L50, M|\n|poke|p1|Pelipper, L50, F|\n|poke|p1|Basculegion, L50, M|\n|poke|p1|Farigiraf, L50, M|\n|poke|p1|Floette-Eternal, L50, F|\n|poke|p1|Archaludon, L50, M|\n|poke|p2|Whimsicott, L50, F|\n|poke|p2|Sneasler, L50, M|\n|poke|p2|Kingambit, L50, M|\n|poke|p2|Garchomp, L50, M|\n|poke|p2|Incineroar, L50, M|\n|poke|p2|Delphox, L50, M|\n|teampreview|4\n|\n|t:|1776269381\n|teamsize|p1|4\n|teamsize|p2|4\n|start\n|switch|p1a: Archaludon|Archaludon, L50, M|100/100\n|switch|p1b: Pelipper|Pelipper, L50, F|100/100\n|switch|p2a: Kingambit|Kingambit, L50, M|100/100\n|switch|p2b: Sneasler|Sneasler, L50, M|100/100\n|-ability|p2b: Sneasler|Pressure\n|-weather|RainDance|[from] ability: Drizzle|[of] p1b: Pelipper\n|turn|1\n|\n|t:|1776269401\n|move|p1a: Archaludon|Protect|p1a: Archaludon\n|-singleturn|p1a: Archaludon|Protect\n|move|p2a: Kingambit|Sucker Punch||[still]\n|-fail|p2a: Kingambit\n|move|p2b: Sneasler|Close Combat|p1a: Archaludon\n|-activate|p1a: Archaludon|move: Protect\n|move|p1b: Pelipper|Hurricane|p2b: Sneasler\n|-supereffective|p2b: Sneasler|1\n|-enditem|p2b: Sneasler|Focus Sash\n|-damage|p2b: Sneasler|1/100\n|\n|-weather|RainDance|[upkeep]\n|upkeep\n|turn|2\n|\n|t:|1776269429\n|switch|p1a: Floette|Floette-Eternal, L50, F|100/100\n|move|p2b: Sneasler|Close Combat|p1a: Floette\n|-resisted|p1a: Floette|1\n|-damage|p1a: Floette|72/100\n|-unboost|p2b: Sneasler|def|1\n|-unboost|p2b: Sneasler|spd|1\n|move|p1b: Pelipper|Weather Ball|p2b: Sneasler\n|-damage|p2b: Sneasler|0 fnt\n|faint|p2b: Sneasler\n|move|p2a: Kingambit|Kowtow Cleave|p1a: Floette\n|-resisted|p1a: Floette|1\n|-damage|p1a: Floette|43/100\n|\n|-weather|RainDance|[upkeep]\n|upkeep\n|\n|t:|1776269447\n|switch|p2b: Whimsicott|Whimsicott, L50, F|100/100\n|turn|3\n|\n|t:|1776269466\n|switch|p1a: Archaludon|Archaludon, L50, M|100/100\n|move|p2b: Whimsicott|Tailwind|p2b: Whimsicott\n|-sidestart|p2: alvxrzz_|move: Tailwind\n|move|p2a: Kingambit|Iron Head|p1a: Archaludon\n|-resisted|p1a: Archaludon|1\n|-damage|p1a: Archaludon|84/100\n|-ability|p1a: Archaludon|Stamina|boost\n|-boost|p1a: Archaludon|def|1\n|move|p1b: Pelipper|Tailwind|p1b: Pelipper\n|-sidestart|p1: cunnybapist|move: Tailwind\n|\n|-weather|RainDance|[upkeep]\n|upkeep\n|turn|4\n|\n|t:|1776269488\n|move|p2b: Whimsicott|Encore|p1b: Pelipper\n|-start|p1b: Pelipper|Encore\n|move|p2a: Kingambit|Sucker Punch|p1a: Archaludon\n|-damage|p1a: Archaludon|62/100\n|-ability|p1a: Archaludon|Stamina|boost\n|-boost|p1a: Archaludon|def|1\n|move|p1b: Pelipper|Tailwind||[still]\n|-fail|p1b: Pelipper\n|move|p1a: Archaludon|Electro Shot||[still]\n|-prepare|p1a: Archaludon|Electro Shot\n|-boost|p1a: Archaludon|spa|1\n|-anim|p1a: Archaludon|Electro Shot|p2a: Kingambit\n|-damage|p2a: Kingambit|24/100\n|\n|-weather|RainDance|[upkeep]\n|upkeep\n|turn|5\n|\n|t:|1776269504\n|switch|p1b: Floette|Floette-Eternal, L50, F|43/100\n|move|p2a: Kingambit|Sucker Punch|p1a: Archaludon\n|-damage|p1a: Archaludon|47/100\n|-ability|p1a: Archaludon|Stamina|boost\n|-boost|p1a: Archaludon|def|1\n|move|p2b: Whimsicott|Dazzling Gleam|p1b: Floette|[spread] p1a,p1b\n|-damage|p1a: Archaludon|19/100\n|-damage|p1b: Floette|23/100\n|-ability|p1a: Archaludon|Stamina|boost\n|-boost|p1a: Archaludon|def|1\n|move|p1a: Archaludon|Electro Shot||[still]\n|-prepare|p1a: Archaludon|Electro Shot\n|-boost|p1a: Archaludon|spa|1\n|-anim|p1a: Archaludon|Electro Shot|p2a: Kingambit\n|-damage|p2a: Kingambit|0 fnt\n|faint|p2a: Kingambit\n|\n|-weather|none\n|upkeep\n|\n|t:|1776269522\n|switch|p2a: Delphox|Delphox, L50, M, shiny|100/100\n|turn|6\n|\n|t:|1776269536\n|switch|p1a: Incineroar|Incineroar, L50, M|100/100\n|-ability|p1a: Incineroar|Intimidate|boost\n|-unboost|p2a: Delphox|atk|1\n|-unboost|p2b: Whimsicott|atk|1\n|detailschange|p2a: Delphox|Delphox-Mega, L50, M, shiny\n|-mega|p2a: Delphox|Delphox|Delphoxite\n|detailschange|p1b: Floette|Floette-Mega, L50, F\n|-mega|p1b: Floette|Floette|Floettite\n|-ability|p1b: Floette|Fairy Aura\n|move|p2a: Delphox|Heat Wave|p1a: Incineroar|[spread] p1a,p1b\n|-resisted|p1a: Incineroar|1\n|-damage|p1a: Incineroar|85/100\n|-damage|p1b: Floette|0 fnt\n|faint|p1b: Floette\n|move|p2b: Whimsicott|Dazzling Gleam|p1a: Incineroar\n|-damage|p1a: Incineroar|60/100\n|\n|-sideend|p1: cunnybapist|move: Tailwind\n|-sideend|p2: alvxrzz_|move: Tailwind\n|upkeep\n|\n|t:|1776269550\n|switch|p1b: Pelipper|Pelipper, L50, F|100/100\n|-weather|RainDance|[from] ability: Drizzle|[of] p1b: Pelipper\n|turn|7\n|\n|t:|1776269570\n|move|p2b: Whimsicott|Protect|p2b: Whimsicott\n|-singleturn|p2b: Whimsicott|Protect\n|move|p2a: Delphox|Protect|p2a: Delphox\n|-singleturn|p2a: Delphox|Protect\n|move|p1a: Incineroar|Fake Out|p2b: Whimsicott\n|-activate|p2b: Whimsicott|move: Protect\n|move|p1b: Pelipper|Hurricane|p2b: Whimsicott\n|-activate|p2b: Whimsicott|move: Protect\n|\n|-weather|RainDance|[upkeep]\n|upkeep\n|turn|8\n|\n|t:|1776269584\n|move|p2a: Delphox|Dazzling Gleam|p1a: Incineroar|[spread] p1a,p1b\n|-damage|p1a: Incineroar|41/100\n|-damage|p1b: Pelipper|61/100\n|-enditem|p1a: Incineroar|Sitrus Berry|[eat]\n|-heal|p1a: Incineroar|66/100|[from] item: Sitrus Berry\n|move|p2b: Whimsicott|Dazzling Gleam|p1b: Pelipper|[spread] p1a,p1b\n|-damage|p1a: Incineroar|50/100\n|-damage|p1b: Pelipper|26/100\n|move|p1b: Pelipper|Weather Ball|p2a: Delphox\n|-supereffective|p2a: Delphox|1\n|-damage|p2a: Delphox|0 fnt\n|faint|p2a: Delphox\n|move|p1a: Incineroar|Taunt|p2b: Whimsicott\n|-start|p2b: Whimsicott|move: Taunt\n|\n|-weather|RainDance|[upkeep]\n|upkeep\n|turn|9\n|\n|t:|1776269601\n|move|p2b: Whimsicott|Dazzling Gleam|p1a: Incineroar|[spread] p1a,p1b\n|-damage|p1a: Incineroar|33/100\n|-damage|p1b: Pelipper|0 fnt\n|faint|p1b: Pelipper\n|move|p1a: Incineroar|Flare Blitz|p2b: Whimsicott\n|-supereffective|p2b: Whimsicott|1\n|-damage|p2b: Whimsicott|45/100\n|-status|p2b: Whimsicott|brn\n|-damage|p1a: Incineroar|18/100|[from] Recoil\n|\n|-weather|RainDance|[upkeep]\n|-damage|p2b: Whimsicott|39/100 brn|[from] brn\n|upkeep\n|\n|t:|1776269605\n|switch|p1b: Archaludon|Archaludon, L50, M|19/100\n|turn|10\n|\n|t:|1776269614\n|move|p2b: Whimsicott|Dazzling Gleam|p1b: Archaludon|[spread] p1a,p1b\n|-damage|p1a: Incineroar|1/100\n|-damage|p1b: Archaludon|0 fnt\n|faint|p1b: Archaludon\n|-heal|p2b: Whimsicott|44/100 brn|[from] item: Shell Bell|[of] p1: Archaludon\n|move|p1a: Incineroar|Flare Blitz|p2b: Whimsicott\n|-supereffective|p2b: Whimsicott|1\n|-damage|p2b: Whimsicott|0 fnt\n|faint|p2b: Whimsicott\n|-damage|p1a: Incineroar|0 fnt|[from] Recoil\n|faint|p1a: Incineroar\n|\n|win|cunnybapist\n|raw|cunnybapist's rating: 1200 &rarr; <strong>1218</strong><br />(+18 for winning)\n|raw|alvxrzz_'s rating: 1103 &rarr; <strong>1085</strong><br />(-18 for losing)\n|c|\u2606alvxrzz_|NO FUCKING WAY\n|c|\u2606cunnybapist|Yess\n|c|\u2606alvxrzz_|1%\n|c|\u2606alvxrzz_|DEADASS\n|c|\u2606cunnybapist|Still works\n|c|\u2606alvxrzz_|i mean ggs\n|c|\u2606cunnybapist|Ggs\n|c|\u2606alvxrzz_|but god damn\n|c|\u2606cunnybapist|Yeah\n|l|\u2606alvxrzz_\n|player|p2|\n",
  "uploadtime": 1776269668,
  "views": 24,
  "formatid": "gen9championsvgc2026regma",
  "rating": 1085,
  "private": 0,
  "password": null
}