{
  "id": "gen9championsvgc2026regma-2580553201",
  "format": "[Gen 9 Champions] VGC 2026 Reg M-A",
  "players": [
    "leholyjuan",
    "Grandpa Seedot VGC"
  ],
  "log": "|j|\u203dleholyjuan\n|j|\u2606Grandpa Seedot VGC\n|html|<table width=\"100%\"><tr><td align=\"left\">leholyjuan</td><td align=\"right\">Grandpa Seedot VGC</tr><tr><td align=\"left\"><i class=\"fa fa-circle-o\"></i> <i class=\"fa fa-circle-o\"></i> </td><td align=\"right\"><i class=\"fa fa-circle-o\"></i> <i class=\"fa fa-circle-o\"></i> </tr></table>\n|uhtml|bestof|<h2><strong>Game 1</strong> of <a href=\"/game-bestof3-gen9championsvgc2026regma-2580553200\">a best-of-3</a></h2>\n|t:|1775912132\n|gametype|doubles\n|player|p1|leholyjuan|265|\n|player|p2|Grandpa Seedot VGC|brycenman|\n|gen|9\n|tier|[Gen 9 Champions] VGC 2026 Reg M-A\n|rated|Tournament battle\n|rule|Species Clause: Limit one of each Pok\u00e9mon\n|rule|Item Clause: Limit 1 of each item\n|raw|<div class=\"infobox\"><details class=\"readmore\" open><summary><strong>2 custom rules:</strong></summary> Force Open Team Sheets, Best of = 3</details></div>\n|clearpoke\n|poke|p1|Sneasler, L50, M|\n|poke|p1|Froslass, L50, F|\n|poke|p1|Whimsicott, L50, F|\n|poke|p1|Floette-Eternal, L50, F|\n|poke|p1|Incineroar, L50, M|\n|poke|p1|Maushold-Four, L50|\n|poke|p2|Starmie, L50|\n|poke|p2|Pelipper, L50, M|\n|poke|p2|Archaludon, L50, M|\n|poke|p2|Whimsicott, L50, F|\n|poke|p2|Sneasler, L50, F|\n|poke|p2|Maushold, L50|\n|teampreview|4\n|showteam|p1|Sneasler||FocusSash|PoisonTouch|FakeOut,Protect,DireClaw,CloseCombat|||M|||50|]Froslass||Froslassite|CursedBody|Blizzard,Protect,DestinyBond,AuroraVeil|||F|||50|]Whimsicott||BrightPowder|Prankster|Tailwind,Moonblast,Encore,FakeTears|||F|||50|]Floette-Eternal||Floettite|FlowerVeil|Moonblast,CalmMind,Protect,Synthesis|||F|||50|]Incineroar||SitrusBerry|Intimidate|FakeOut,PartingShot,WillOWisp,FlareBlitz|||M|||50|]Maushold-Four||KingsRock|FriendGuard|SuperFang,Protect,FollowMe,PopulationBomb||||||50|\n|showteam|p2|Starmie||Starminite|Illuminate|Liquidation,PsychoCut,Protect,FlipTurn||||||50|]Pelipper||FocusSash|Drizzle|WeatherBall,Hurricane,Tailwind,Protect|||M|||50|]Archaludon||Leftovers|Stamina|ElectroShot,FlashCannon,DragonPulse,Protect|||M|||50|]Whimsicott||BrightPowder|Prankster|Tailwind,Moonblast,Encore,Protect|||F|||50|]Sneasler||WhiteHerb|Unburden|DireClaw,CloseCombat,Protect,FakeOut|||F|||50|]Maushold||SitrusBerry|FriendGuard|PopulationBomb,FollowMe,Protect,Encore||||||50|\n|inactive|Battle timer is ON: inactive players will automatically lose when time's up. (requested by Grandpa Seedot VGC)\nGrandpa Seedot VGC has agreed to open team sheets.\n|inactive|leholyjuan also wants the timer to be on.\n|inactive|leholyjuan has 60 seconds left.\n|\n|t:|1775912171\n|teamsize|p1|4\n|teamsize|p2|4\n|start\n|switch|p1a: Incineroar|Incineroar, L50, M|100/100\n|switch|p1b: Whimsicott|Whimsicott, L50, F|100/100\n|switch|p2a: Starmie|Starmie, L50|100/100\n|switch|p2b: Sneasler|Sneasler, L50, F|100/100\n|-ability|p1a: Incineroar|Intimidate|boost\n|-unboost|p2a: Starmie|atk|1\n|-unboost|p2b: Sneasler|atk|1\n|-enditem|p2b: Sneasler|White Herb\n|-clearnegativeboost|p2b: Sneasler|[silent]\n|turn|1\n|\n|t:|1775912188\n|detailschange|p2a: Starmie|Starmie-Mega, L50\n|-mega|p2a: Starmie|Starmie|Starminite\n|move|p2b: Sneasler|Fake Out|p1a: Incineroar\n|-damage|p1a: Incineroar|86/100\n|cant|p1a: Incineroar|flinch\n|move|p1b: Whimsicott|Tailwind|p1b: Whimsicott\n|-sidestart|p1: leholyjuan|move: Tailwind\n|move|p2a: Starmie|Flip Turn|p1a: Incineroar\n|-supereffective|p1a: Incineroar|1\n|-damage|p1a: Incineroar|14/100\n|-enditem|p1a: Incineroar|Sitrus Berry|[eat]\n|-heal|p1a: Incineroar|39/100|[from] item: Sitrus Berry\n|\n|t:|1775912198\n|switch|p2a: Pelipper|Pelipper, L50, M|100/100|[from] Flip Turn\n|-weather|RainDance|[from] ability: Drizzle|[of] p2a: Pelipper\n|\n|-weather|RainDance|[upkeep]\n|upkeep\n|turn|2\n|\n|t:|1775912213\n|move|p1b: Whimsicott|Encore|p2b: Sneasler\n|-start|p2b: Sneasler|Encore\n|move|p2b: Sneasler|Fake Out||[still]\n|-hint|Fake Out only works on your first turn out.\n|-fail|p2b: Sneasler\n|move|p1a: Incineroar|Parting Shot|p2a: Pelipper\n|-unboost|p2a: Pelipper|atk|1\n|-unboost|p2a: Pelipper|spa|1\n|\n|t:|1775912219\n|switch|p1a: Froslass|Froslass, L50, F|100/100|[from] Parting Shot\n|move|p2a: Pelipper|Tailwind|p2a: Pelipper\n|-sidestart|p2: Grandpa Seedot VGC|move: Tailwind\n|\n|-weather|RainDance|[upkeep]\n|upkeep\n|turn|3\n|j| Raynobi\n|j| Diego.LC\n|\n|t:|1775912227\n|switch|p2b: Archaludon|Archaludon, L50, M|100/100\n|switch|p2a: Starmie|Starmie-Mega, L50|100/100\n|detailschange|p1a: Froslass|Froslass-Mega, L50, F\n|-mega|p1a: Froslass|Froslass|Froslassite\n|-weather|Snowscape|[from] ability: Snow Warning|[of] p1a: Froslass\n|move|p1b: Whimsicott|Fake Tears|p2b: Archaludon\n|-unboost|p2b: Archaludon|spd|2\n|move|p1a: Froslass|Blizzard|p2a: Starmie|[spread] p2a,p2b\n|-resisted|p2a: Starmie|1\n|-damage|p2a: Starmie|72/100\n|-damage|p2b: Archaludon|0 fnt\n|faint|p2b: Archaludon\n|\n|-weather|Snowscape|[upkeep]\n|upkeep\n|\n|t:|1775912237\n|switch|p2b: Pelipper|Pelipper, L50, M|100/100\n|-weather|RainDance|[from] ability: Drizzle|[of] p2b: Pelipper\n|turn|4\n|\n|t:|1775912254\n|switch|p1a: Incineroar|Incineroar, L50, M|39/100\n|-ability|p1a: Incineroar|Intimidate|boost\n|-unboost|p2a: Starmie|atk|1\n|-unboost|p2b: Pelipper|atk|1\n|move|p2b: Pelipper|Protect|p2b: Pelipper\n|-singleturn|p2b: Pelipper|Protect\n|move|p1b: Whimsicott|Fake Tears|p2b: Pelipper\n|-activate|p2b: Pelipper|move: Protect\n|move|p2a: Starmie|Liquidation|p1a: Incineroar\n|-supereffective|p1a: Incineroar|1\n|-damage|p1a: Incineroar|0 fnt\n|faint|p1a: Incineroar\n|\n|-weather|RainDance|[upkeep]\n|-sideend|p1: leholyjuan|move: Tailwind\n|upkeep\n|l| Diego.LC\n|\n|t:|1775912266\n|switch|p1a: Froslass|Froslass-Mega, L50, F|100/100\n|-weather|Snowscape|[from] ability: Snow Warning|[of] p1a: Froslass\n|turn|5\n|\n|t:|1775912276\n|switch|p2b: Sneasler|Sneasler, L50, F|100/100\n|move|p1b: Whimsicott|Fake Tears|p2a: Starmie\n|-unboost|p2a: Starmie|spd|2\n|move|p2a: Starmie|Flip Turn|p1a: Froslass\n|-damage|p1a: Froslass|60/100\n|\n|t:|1775912281\n|switch|p2a: Pelipper|Pelipper, L50, M|100/100|[from] Flip Turn\n|-weather|RainDance|[from] ability: Drizzle|[of] p2a: Pelipper\n|move|p1a: Froslass|Blizzard|p2b: Sneasler|[spread] p2a,p2b\n|-damage|p2a: Pelipper|28/100\n|-damage|p2b: Sneasler|39/100\n|\n|-weather|RainDance|[upkeep]\n|-sideend|p2: Grandpa Seedot VGC|move: Tailwind\n|upkeep\n|turn|6\n|\n|t:|1775912306\n|move|p1a: Froslass|Protect|p1a: Froslass\n|-singleturn|p1a: Froslass|Protect\n|move|p1b: Whimsicott|Tailwind|p1b: Whimsicott\n|-sidestart|p1: leholyjuan|move: Tailwind\n|move|p2b: Sneasler|Dire Claw|p1b: Whimsicott\n|-supereffective|p1b: Whimsicott|2\n|-damage|p1b: Whimsicott|0 fnt\n|faint|p1b: Whimsicott\n|move|p2a: Pelipper|Tailwind|p2a: Pelipper\n|-sidestart|p2: Grandpa Seedot VGC|move: Tailwind\n|\n|-weather|RainDance|[upkeep]\n|upkeep\n|\n|t:|1775912313\n|switch|p1b: Maushold|Maushold-Four, L50|100/100\n|turn|7\n|\n|t:|1775912326\n|move|p2b: Sneasler|Close Combat|p1b: Maushold\n|-supereffective|p1b: Maushold|1\n|-damage|p1b: Maushold|0 fnt\n|-unboost|p2b: Sneasler|def|1\n|-unboost|p2b: Sneasler|spd|1\n|faint|p1b: Maushold\n|move|p1a: Froslass|Blizzard|p2b: Sneasler|[spread] p2b\n|-miss|p1a: Froslass|p2a: Pelipper\n|-damage|p2b: Sneasler|0 fnt\n|faint|p2b: Sneasler\n|move|p2a: Pelipper|Hurricane|p1a: Froslass\n|-damage|p1a: Froslass|0 fnt\n|faint|p1a: Froslass\n|\n|win|Grandpa Seedot VGC\n||Grandpa Seedot VGC is ready for game 2.\n|l|\u203dleholyjuan\n|player|p1|\n||leholyjuan is ready for game 2.\n|uhtml|next|Next: <a href=\"/battle-gen9championsvgc2026regma-2580555000\"><strong>Game 2 of 3</strong></a>\n",
  "uploadtime": 1775912338,
  "views": 24,
  "formatid": "gen9championsvgc2026regma",
  "rating": null,
  "private": 0,
  "password": null
}