{
  "id": "gen9championsvgc2026regma-2582852011",
  "format": "[Gen 9 Champions] VGC 2026 Reg M-A",
  "players": [
    "Pooskay",
    "the same as here"
  ],
  "log": "|j|\u2606Pooskay\n|j|\u2606the same as here\n|t:|1776119153\n|gametype|doubles\n|player|p1|Pooskay|ninjaboy|1041\n|player|p2|the same as here|janitor|1077\n|gen|9\n|tier|[Gen 9 Champions] VGC 2026 Reg M-A\n|rated|\n|rule|Species Clause: Limit one of each Pok\u00e9mon\n|rule|Item Clause: Limit 1 of each item\n|clearpoke\n|poke|p1|Crabominable, L50, M|\n|poke|p1|Farigiraf, L50, M|\n|poke|p1|Incineroar, L50, F|\n|poke|p1|Excadrill, L50, F|\n|poke|p1|Kingambit, L50, F|\n|poke|p1|Hatterene, L50, F|\n|poke|p2|Floette-Eternal, L50, F|\n|poke|p2|Sinistcha, L50|\n|poke|p2|Incineroar, L50, F|\n|poke|p2|Gyarados, L50, M|\n|poke|p2|Garchomp, L50, M|\n|poke|p2|Glimmora, L50, M|\n|teampreview|4\n|inactive|Battle timer is ON: inactive players will automatically lose when time's up. (requested by Pooskay)\n|inactive|the same as here has 60 seconds left.\n|\n|t:|1776119192\n|teamsize|p1|4\n|teamsize|p2|4\n|start\n|switch|p1a: Kingambit|Kingambit, L50, F|100/100\n|switch|p1b: Farigiraf|Farigiraf, L50, M|100/100\n|switch|p2a: Ye old Gyara|Gyarados, L50, M|100/100\n|switch|p2b: Eden Hazards|Glimmora, L50, M|100/100\n|-ability|p2a: Ye old Gyara|Intimidate|boost\n|-unboost|p1a: Kingambit|atk|1\n|-ability|p1a: Kingambit|Defiant|boost\n|-boost|p1a: Kingambit|atk|2\n|-unboost|p1b: Farigiraf|atk|1\n|turn|1\n|\n|t:|1776119213\n|detailschange|p2b: Eden Hazards|Glimmora-Mega, L50, M\n|-mega|p2b: Eden Hazards|Glimmora|Glimmoranite\n|move|p2b: Eden Hazards|Earth Power|p1a: Kingambit\n|-supereffective|p1a: Kingambit|1\n|-damage|p1a: Kingambit|47/100\n|move|p2a: Ye old Gyara|Taunt|p1b: Farigiraf\n|-start|p1b: Farigiraf|move: Taunt\n|-enditem|p1b: Farigiraf|Mental Herb\n|-end|p1b: Farigiraf|move: Taunt\n|move|p1a: Kingambit|Throat Chop|p2b: Eden Hazards\n|-damage|p2b: Eden Hazards|28/100\n|-start|p2b: Eden Hazards|Throat Chop|[silent]\n|move|p1b: Farigiraf|Trick Room|p1b: Farigiraf\n|-fieldstart|move: Trick Room|[of] p1b: Farigiraf\n|\n|upkeep\n|turn|2\n|\n|t:|1776119233\n|move|p2b: Eden Hazards|Spiky Shield|p2b: Eden Hazards\n|-singleturn|p2b: Eden Hazards|move: Protect\n|move|p1a: Kingambit|Throat Chop|p2b: Eden Hazards\n|-activate|p2b: Eden Hazards|move: Protect\n|-damage|p1a: Kingambit|35/100|[from] Spiky Shield|[of] p2b: Eden Hazards\n|move|p1b: Farigiraf|Foul Play|p2a: Ye old Gyara\n|-damage|p2a: Ye old Gyara|73/100\n|move|p2a: Ye old Gyara|Waterfall|p1a: Kingambit\n|-damage|p1a: Kingambit|4/100\n|\n|-heal|p2a: Ye old Gyara|79/100|[from] item: Leftovers\n|-end|p2b: Eden Hazards|Throat Chop|[silent]\n|upkeep\n|turn|3\n|\n|t:|1776119253\n|switch|p1a: Incineroar|Incineroar, L50, F|100/100\n|-ability|p1a: Incineroar|Intimidate|boost\n|-unboost|p2a: Ye old Gyara|atk|1\n|-unboost|p2b: Eden Hazards|atk|1\n|switch|p2b: The difference|Incineroar, L50, F|100/100\n|-ability|p2b: The difference|Intimidate|boost\n|-unboost|p1a: Incineroar|atk|1\n|-unboost|p1b: Farigiraf|atk|1\n|move|p1b: Farigiraf|Psychic|p2b: The difference\n|-immune|p2b: The difference\n|move|p2a: Ye old Gyara|Waterfall|p1a: Incineroar\n|-supereffective|p1a: Incineroar|1\n|-damage|p1a: Incineroar|65/100\n|\n|-heal|p1a: Incineroar|71/100|[from] item: Leftovers\n|-heal|p2a: Ye old Gyara|85/100|[from] item: Leftovers\n|upkeep\n|turn|4\n|inactive|Pooskay has 30 seconds left.\n|inactive|the same as here has 30 seconds left.\n|\n|t:|1776119281\n|move|p1a: Incineroar|Fake Out|p2b: The difference\n|-damage|p2b: The difference|93/100\n|move|p1b: Farigiraf|Psychic|p2a: Ye old Gyara\n|-damage|p2a: Ye old Gyara|61/100\n|cant|p2b: The difference|flinch\n|move|p2a: Ye old Gyara|Thunder Wave|p1b: Farigiraf\n|-status|p1b: Farigiraf|par\n|\n|-heal|p1a: Incineroar|77/100|[from] item: Leftovers\n|-heal|p2a: Ye old Gyara|67/100|[from] item: Leftovers\n|upkeep\n|turn|5\n|\n|t:|1776119301\n|move|p1b: Farigiraf|Foul Play|p2a: Ye old Gyara\n|-damage|p2a: Ye old Gyara|49/100\n|move|p1a: Incineroar|Parting Shot|p2b: The difference\n|-unboost|p2b: The difference|atk|1\n|-unboost|p2b: The difference|spa|1\n|\n|t:|1776119309\n|switch|p1a: Excadrill|Excadrill, L50, F|100/100|[from] Parting Shot\n|-ability|p1a: Excadrill|Mold Breaker\n|move|p2b: The difference|Parting Shot|p1a: Excadrill\n|-unboost|p1a: Excadrill|atk|1\n|-unboost|p1a: Excadrill|spa|1\n|\n|t:|1776119320\n|switch|p2b: Piano|Garchomp, L50, M|100/100|[from] Parting Shot\n|move|p2a: Ye old Gyara|Taunt|p1b: Farigiraf\n|-start|p1b: Farigiraf|move: Taunt\n|\n|-heal|p2a: Ye old Gyara|55/100|[from] item: Leftovers\n|-fieldend|move: Trick Room\n|upkeep\n|turn|6\n|\n|t:|1776119345\n|detailschange|p1a: Excadrill|Excadrill-Mega, L50, F\n|-mega|p1a: Excadrill|Excadrill|Excadrite\n|move|p2b: Piano|Stomping Tantrum|p1a: Excadrill\n|-supereffective|p1a: Excadrill|1\n|-damage|p1a: Excadrill|30/100\n|move|p1a: Excadrill|High Horsepower|p2b: Piano\n|-damage|p2b: Piano|64/100\n|-damage|p1a: Excadrill|18/100|[from] ability: Rough Skin|[of] p2b: Piano\n|move|p2a: Ye old Gyara|Waterfall|p1a: Excadrill\n|-supereffective|p1a: Excadrill|1\n|-damage|p1a: Excadrill|0 fnt\n|faint|p1a: Excadrill\n|move|p1b: Farigiraf|Foul Play|p2b: Piano\n|-damage|p2b: Piano|30/100\n|-damage|p1b: Farigiraf|88/100 par|[from] ability: Rough Skin|[of] p2b: Piano\n|\n|-heal|p2a: Ye old Gyara|61/100|[from] item: Leftovers\n|upkeep\n|\n|t:|1776119361\n|switch|p1a: Incineroar|Incineroar, L50, F|77/100\n|-ability|p1a: Incineroar|Intimidate|boost\n|-unboost|p2a: Ye old Gyara|atk|1\n|-unboost|p2b: Piano|atk|1\n|turn|7\n|\n|t:|1776119377\n|switch|p2a: Eden Hazards|Glimmora-Mega, L50, M|28/100\n|move|p2b: Piano|Protect|p2b: Piano\n|-singleturn|p2b: Piano|Protect\n|move|p1a: Incineroar|Fake Out|p2b: Piano\n|-activate|p2b: Piano|move: Protect\n|move|p1b: Farigiraf|Foul Play|p2b: Piano\n|-activate|p2b: Piano|move: Protect\n|\n|-heal|p1a: Incineroar|83/100|[from] item: Leftovers\n|upkeep\n|turn|8\n|\n|t:|1776119392\n|move|p1a: Incineroar|Protect|p1a: Incineroar\n|-singleturn|p1a: Incineroar|Protect\n|move|p2b: Piano|Dragon Claw|p1b: Farigiraf\n|-damage|p1b: Farigiraf|65/100 par\n|move|p2a: Eden Hazards|Power Gem|p1b: Farigiraf\n|-damage|p1b: Farigiraf|9/100 par\n|move|p1b: Farigiraf|Psychic|p2a: Eden Hazards\n|-supereffective|p2a: Eden Hazards|1\n|-damage|p2a: Eden Hazards|0 fnt\n|faint|p2a: Eden Hazards\n|\n|-heal|p1a: Incineroar|89/100|[from] item: Leftovers\n|-end|p1b: Farigiraf|move: Taunt\n|upkeep\n|\n|t:|1776119400\n|switch|p2a: Ye old Gyara|Gyarados, L50, M|61/100\n|-ability|p2a: Ye old Gyara|Intimidate|boost\n|-unboost|p1a: Incineroar|atk|1\n|-unboost|p1b: Farigiraf|atk|1\n|turn|9\n|\n|t:|1776119415\n|move|p1b: Farigiraf|Helping Hand|p1a: Incineroar\n|-singleturn|p1a: Incineroar|Helping Hand|[of] p1b: Farigiraf\n|move|p2b: Piano|Rock Slide|p1a: Incineroar|[spread] p1a,p1b\n|-supereffective|p1a: Incineroar|1\n|-damage|p1a: Incineroar|66/100\n|-damage|p1b: Farigiraf|0 fnt\n|faint|p1b: Farigiraf\n|move|p2a: Ye old Gyara|Waterfall|p1a: Incineroar\n|-supereffective|p1a: Incineroar|1\n|-damage|p1a: Incineroar|11/100\n|move|p1a: Incineroar|Flare Blitz|p2b: Piano\n|-resisted|p2b: Piano|1\n|-damage|p2b: Piano|0 fnt\n|-damage|p1a: Incineroar|0 fnt|[from] ability: Rough Skin|[of] p2b: Piano\n|faint|p2b: Piano\n|faint|p1a: Incineroar\n|\n|-heal|p2a: Ye old Gyara|67/100|[from] item: Leftovers\n|upkeep\n|\n|t:|1776119431\n|switch|p2b: The difference|Incineroar, L50, F|93/100\n|switch|p1b: Kingambit|Kingambit, L50, F|4/100\n|-ability|p2b: The difference|Intimidate|boost\n|-unboost|p1b: Kingambit|atk|1\n|-ability|p1b: Kingambit|Defiant|boost\n|-boost|p1b: Kingambit|atk|2\n|turn|10\n|\n|t:|1776119437\n|move|p2b: The difference|Fake Out|p1b: Kingambit\n|-resisted|p1b: Kingambit|1\n|-damage|p1b: Kingambit|0 fnt\n|faint|p1b: Kingambit\n|\n|win|the same as here\n|raw|Pooskay's rating: 1041 &rarr; <strong>1027</strong><br />(-14 for losing)\n|raw|the same as here's rating: 1077 &rarr; <strong>1103</strong><br />(+26 for winning)\n|c|\u2606Pooskay|gg\n|l|\u2606Pooskay\n|player|p1|\n|c|\u2606the same as here|GG\n",
  "uploadtime": 1776119446,
  "views": 11,
  "formatid": "gen9championsvgc2026regma",
  "rating": 1027,
  "private": 0,
  "password": null
}