{
  "id": "gen9championsvgc2026regma-2581561720",
  "format": "[Gen 9 Champions] VGC 2026 Reg M-A",
  "players": [
    "vousetesmesfils",
    "razgriz-001"
  ],
  "log": "|j|\u2606vousetesmesfils\n|j|\u2606razgriz-001\n|t:|1776011122\n|gametype|doubles\n|player|p1|vousetesmesfils|n|\n|player|p2|razgriz-001|169|\n|gen|9\n|tier|[Gen 9 Champions] VGC 2026 Reg M-A\n|rule|Species Clause: Limit one of each Pok\u00e9mon\n|rule|Item Clause: Limit 1 of each item\n|clearpoke\n|poke|p1|Gengar, L50, F|\n|poke|p1|Politoed, L50, F|\n|poke|p1|Archaludon, L50, F|\n|poke|p1|Incineroar, L50, M|\n|poke|p1|Sinistcha-Masterpiece, L50|\n|poke|p1|Beartic, L50, M|\n|poke|p2|Floette-Eternal, L50, F|\n|poke|p2|Pelipper, L50, F|\n|poke|p2|Basculegion, L50, M|\n|poke|p2|Garchomp, L50, M|\n|poke|p2|Incineroar, L50, M|\n|poke|p2|Sinistcha, L50|\n|teampreview|4\n|inactive|Battle timer is ON: inactive players will automatically lose when time's up. (requested by vousetesmesfils)\n|\n|t:|1776011137\n|teamsize|p1|4\n|teamsize|p2|4\n|start\n|switch|p1a: Gengar|Gengar, L50, F|100/100\n|switch|p1b: Politoed|Politoed, L50, F|100/100\n|switch|p2a: Garchomp|Garchomp, L50, M|100/100\n|switch|p2b: Pelipper|Pelipper, L50, F|100/100\n|-weather|RainDance|[from] ability: Drizzle|[of] p2b: Pelipper\n|turn|1\n|inactive|vousetesmesfils has 30 seconds left.\n|\n|t:|1776011164\n|detailschange|p1a: Gengar|Gengar-Mega, L50, F\n|-mega|p1a: Gengar|Gengar|Gengarite\n|move|p1a: Gengar|Protect|p1a: Gengar\n|-singleturn|p1a: Gengar|Protect\n|move|p2a: Garchomp|Earthquake|p1b: Politoed|[spread] p1b\n|-activate|p1a: Gengar|move: Protect\n|-immune|p2b: Pelipper\n|-damage|p1b: Politoed|63/100\n|move|p2b: Pelipper|Tailwind|p2b: Pelipper\n|-sidestart|p2: razgriz-001|move: Tailwind\n|move|p1b: Politoed|Encore|p2b: Pelipper\n|-start|p2b: Pelipper|Encore\n|\n|-weather|RainDance|[upkeep]\n|-heal|p1b: Politoed|70/100|[from] item: Leftovers\n|upkeep\n|turn|2\n|inactive|vousetesmesfils has 30 seconds left.\n|inactive|vousetesmesfils has 20 seconds left.\n|\n|t:|1776011204\n|move|p2a: Garchomp|Earthquake|p1a: Gengar|[spread] p1a,p1b\n|-immune|p2b: Pelipper\n|-supereffective|p1a: Gengar|1\n|-damage|p1a: Gengar|3/100\n|-damage|p1b: Politoed|33/100\n|move|p2b: Pelipper|Tailwind||[still]\n|-fail|p2b: Pelipper\n|move|p1a: Gengar|Disable|p2a: Garchomp\n|-start|p2a: Garchomp|Disable|Earthquake\n|move|p1b: Politoed|Encore|p2a: Garchomp\n|-start|p2a: Garchomp|Encore\n|\n|-weather|RainDance|[upkeep]\n|-heal|p1b: Politoed|39/100|[from] item: Leftovers\n|upkeep\n|turn|3\n|\n|t:|1776011223\n|move|p1a: Gengar|Protect|p1a: Gengar\n|-singleturn|p1a: Gengar|Protect\n|-activate|p2a: Garchomp|move: Struggle\n|move|p2a: Garchomp|Struggle|p1b: Politoed\n|-damage|p1b: Politoed|23/100\n|-damage|p2a: Garchomp|75/100|[from] recoil\n|move|p2b: Pelipper|Tailwind||[still]\n|-fail|p2b: Pelipper\n|move|p1b: Politoed|Perish Song|p1b: Politoed\n|-start|p1a: Gengar|perish3|[silent]\n|-start|p1b: Politoed|perish3|[silent]\n|-start|p2a: Garchomp|perish3|[silent]\n|-start|p2b: Pelipper|perish3|[silent]\n|-fieldactivate|move: Perish Song\n|\n|-weather|RainDance|[upkeep]\n|-heal|p1b: Politoed|29/100|[from] item: Leftovers\n|-start|p2a: Garchomp|perish3\n|-start|p2b: Pelipper|perish3\n|-start|p1a: Gengar|perish3\n|-start|p1b: Politoed|perish3\n|upkeep\n|turn|4\n|\n|t:|1776011244\n|-activate|p2a: Garchomp|move: Struggle\n|move|p2a: Garchomp|Struggle|p1b: Politoed\n|-damage|p1b: Politoed|12/100\n|-damage|p2a: Garchomp|50/100|[from] recoil\n|move|p2b: Pelipper|Tailwind||[still]\n|-fail|p2b: Pelipper\n|move|p1a: Gengar|Disable|p2b: Pelipper\n|-start|p2b: Pelipper|Disable|Tailwind\n|move|p1b: Politoed|Encore||[still]\n|-fail|p1b: Politoed\n|\n|-weather|RainDance|[upkeep]\n|-heal|p1b: Politoed|18/100|[from] item: Leftovers\n|-end|p2b: Pelipper|Encore\n|-start|p2a: Garchomp|perish2\n|-start|p2b: Pelipper|perish2\n|-start|p1a: Gengar|perish2\n|-start|p1b: Politoed|perish2\n|-sideend|p2: razgriz-001|move: Tailwind\n|upkeep\n|turn|5\n|inactive|razgriz-001 has 30 seconds left.\n|\n|t:|1776011272\n|switch|p1b: Incineroar|Incineroar, L50, M|100/100\n|-ability|p1b: Incineroar|Intimidate|boost\n|-unboost|p2a: Garchomp|atk|1\n|-unboost|p2b: Pelipper|atk|1\n|-enditem|p2a: Garchomp|White Herb\n|-clearnegativeboost|p2a: Garchomp|[silent]\n|move|p1a: Gengar|Protect|p1a: Gengar\n|-singleturn|p1a: Gengar|Protect\n|-activate|p2a: Garchomp|move: Struggle\n|move|p2a: Garchomp|Struggle|p1b: Incineroar\n|-damage|p1b: Incineroar|85/100\n|-damage|p2a: Garchomp|25/100|[from] recoil\n|move|p2b: Pelipper|Weather Ball|p1a: Gengar\n|-activate|p1a: Gengar|move: Protect\n|\n|-weather|none\n|-end|p2a: Garchomp|Encore\n|-start|p1a: Gengar|perish1\n|-start|p2a: Garchomp|perish1\n|-start|p2b: Pelipper|perish1\n|upkeep\n|turn|6\n|inactive|razgriz-001 has 30 seconds left.\n|\n|t:|1776011304\n|switch|p1a: Archaludon|Archaludon, L50, F|100/100\n|move|p1b: Incineroar|Fake Out|p2a: Garchomp\n|-damage|p2a: Garchomp|15/100\n|cant|p2a: Garchomp|flinch\n|move|p2b: Pelipper|Hurricane|p1a: Archaludon\n|-resisted|p1a: Archaludon|1\n|-damage|p1a: Archaludon|70/100\n|-ability|p1a: Archaludon|Stamina|boost\n|-boost|p1a: Archaludon|def|1\n|\n|-end|p2a: Garchomp|Disable\n|-start|p2a: Garchomp|perish0\n|-start|p2b: Pelipper|perish0\n|upkeep\n|faint|p2a: Garchomp\n|faint|p2b: Pelipper\n|\n|t:|1776011316\n|switch|p2a: Incineroar|Incineroar, L50, M|100/100\n|switch|p2b: Floette|Floette-Eternal, L50, F|100/100\n|-ability|p2a: Incineroar|Intimidate|boost\n|-unboost|p1a: Archaludon|atk|1\n|-unboost|p1b: Incineroar|atk|1\n|turn|7\n|\n|t:|1776011327\n|detailschange|p2b: Floette|Floette-Mega, L50, F\n|-mega|p2b: Floette|Floette|Floettite\n|-ability|p2b: Floette|Fairy Aura\n|move|p1a: Archaludon|Protect|p1a: Archaludon\n|-singleturn|p1a: Archaludon|Protect\n|move|p2a: Incineroar|Fake Out|p1a: Archaludon\n|-activate|p1a: Archaludon|move: Protect\n|move|p2b: Floette|Calm Mind|p2b: Floette\n|-boost|p2b: Floette|spa|1\n|-boost|p2b: Floette|spd|1\n|move|p1b: Incineroar|Parting Shot|p2b: Floette\n|-unboost|p2b: Floette|atk|1\n|-unboost|p2b: Floette|spa|1\n|\n|t:|1776011342\n|switch|p1b: Gengar|Gengar-Mega, L50, F|3/100|[from] Parting Shot\n|\n|upkeep\n|turn|8\n|\n|t:|1776011350\n|move|p1b: Gengar|Perish Song|p1b: Gengar\n|-start|p1a: Archaludon|perish3|[silent]\n|-start|p1b: Gengar|perish3|[silent]\n|-start|p2a: Incineroar|perish3|[silent]\n|-start|p2b: Floette|perish3|[silent]\n|-fieldactivate|move: Perish Song\n|move|p2b: Floette|Calm Mind|p2b: Floette\n|-boost|p2b: Floette|spa|1\n|-boost|p2b: Floette|spd|1\n|move|p1a: Archaludon|Flash Cannon|p2b: Floette\n|-supereffective|p2b: Floette|1\n|-damage|p2b: Floette|59/100\n|move|p2a: Incineroar|Darkest Lariat|p1b: Gengar\n|-supereffective|p1b: Gengar|1\n|-damage|p1b: Gengar|0 fnt\n|faint|p1b: Gengar\n|\n|-start|p2b: Floette|perish3\n|-start|p1a: Archaludon|perish3\n|-start|p2a: Incineroar|perish3\n|upkeep\n|\n|t:|1776011361\n|switch|p1b: Incineroar|Incineroar, L50, M|85/100\n|-ability|p1b: Incineroar|Intimidate|boost\n|-unboost|p2a: Incineroar|atk|1\n|-unboost|p2b: Floette|atk|1\n|turn|9\n|\n|t:|1776011372\n|move|p1a: Archaludon|Protect|p1a: Archaludon\n|-singleturn|p1a: Archaludon|Protect\n|move|p1b: Incineroar|Fake Out|p2b: Floette\n|-damage|p2b: Floette|50/100\n|cant|p2b: Floette|flinch\n|move|p2a: Incineroar|Will-O-Wisp|p1a: Archaludon\n|-activate|p1a: Archaludon|move: Protect\n|\n|-start|p2b: Floette|perish2\n|-start|p1a: Archaludon|perish2\n|-start|p2a: Incineroar|perish2\n|upkeep\n|turn|10\n|inactive|vousetesmesfils has 30 seconds left.\n|\n|t:|1776011401\n|move|p2b: Floette|Draining Kiss|p1a: Archaludon\n|-damage|p1a: Archaludon|7/100\n|-heal|p2b: Floette|100/100|[from] drain|[of] p1a: Archaludon\n|-ability|p1a: Archaludon|Stamina|boost\n|-boost|p1a: Archaludon|def|1\n|move|p1a: Archaludon|Flash Cannon|p2b: Floette\n|-supereffective|p2b: Floette|1\n|-damage|p2b: Floette|59/100\n|move|p2a: Incineroar|Darkest Lariat|p1a: Archaludon\n|-damage|p1a: Archaludon|0 fnt\n|faint|p1a: Archaludon\n|move|p1b: Incineroar|Parting Shot|p2b: Floette\n|-unboost|p2b: Floette|atk|1\n|-unboost|p2b: Floette|spa|1\n|\n|t:|1776011410\n|switch|p1b: Politoed|Politoed, L50, F|18/100|[from] Parting Shot\n|-weather|RainDance|[from] ability: Drizzle|[of] p1b: Politoed\n|\n|-weather|RainDance|[upkeep]\n|-heal|p1b: Politoed|24/100|[from] item: Leftovers\n|-start|p2b: Floette|perish1\n|-start|p2a: Incineroar|perish1\n|upkeep\n|\n|t:|1776011412\n|switch|p1a: Incineroar|Incineroar, L50, M|85/100\n|-ability|p1a: Incineroar|Intimidate|boost\n|-unboost|p2a: Incineroar|atk|1\n|-unboost|p2b: Floette|atk|1\n|turn|11\n|\n|t:|1776011420\n|move|p1b: Politoed|Protect|p1b: Politoed\n|-singleturn|p1b: Politoed|Protect\n|move|p1a: Incineroar|Protect|p1a: Incineroar\n|-singleturn|p1a: Incineroar|Protect\n|move|p2b: Floette|Draining Kiss|p1a: Incineroar\n|-activate|p1a: Incineroar|move: Protect\n|move|p2a: Incineroar|Darkest Lariat|p1b: Politoed\n|-activate|p1b: Politoed|move: Protect\n|\n|-weather|RainDance|[upkeep]\n|-heal|p1b: Politoed|30/100|[from] item: Leftovers\n|-start|p2b: Floette|perish0\n|-start|p2a: Incineroar|perish0\n|faint|p2b: Floette\n|faint|p2a: Incineroar\n|\n|win|vousetesmesfils\n|l|\u2606razgriz-001\n|player|p2|\n",
  "uploadtime": 1776011424,
  "views": 16,
  "formatid": "gen9championsvgc2026regma",
  "rating": null,
  "private": 0,
  "password": null
}