{
  "id": "gen9championsvgc2026regma-2582117885",
  "format": "[Gen 9 Champions] VGC 2026 Reg M-A",
  "players": [
    "25th_mang",
    "strikeyguy"
  ],
  "log": "|j|\u260625th_mang\n|j|\u2606strikeyguy\n|t:|1776060196\n|gametype|doubles\n|player|p1|25th_mang|ballguy|1286\n|player|p2|strikeyguy|biker-gen4|1192\n|gen|9\n|tier|[Gen 9 Champions] VGC 2026 Reg M-A\n|rated|\n|rule|Species Clause: Limit one of each Pok\u00e9mon\n|rule|Item Clause: Limit 1 of each item\n|clearpoke\n|poke|p1|Crabominable, L50, F|\n|poke|p1|Farigiraf, L50, M|\n|poke|p1|Incineroar, L50, F|\n|poke|p1|Archaludon, L50, M|\n|poke|p1|Pelipper, L50, M|\n|poke|p1|Sinistcha, L50|\n|poke|p2|Starmie, L50|\n|poke|p2|Sinistcha, L50|\n|poke|p2|Ninetales-Alola, L50, F|\n|poke|p2|Scizor, L50, F|\n|poke|p2|Garchomp, L50, F|\n|poke|p2|Incineroar, L50, M|\n|teampreview|4\n|inactive|Battle timer is ON: inactive players will automatically lose when time's up. (requested by 25th_mang)\n|inactive|25th_mang has 60 seconds left.\n|inactive|strikeyguy has 60 seconds left.\n|\n|t:|1776060241\n|teamsize|p1|4\n|teamsize|p2|4\n|start\n|switch|p1a: Flip|Farigiraf, L50, M|100/100\n|switch|p1b: Hockey Reference|Crabominable, L50, F|100/100\n|switch|p2a: Incineroar|Incineroar, L50, M|100/100\n|switch|p2b: Starmie|Starmie, L50, shiny|100/100\n|-ability|p2a: Incineroar|Intimidate|boost\n|-unboost|p1a: Flip|atk|1\n|-fail|p1b: Hockey Reference|unboost|Attack|[from] ability: Hyper Cutter|[of] p1b: Hockey Reference\n|turn|1\n|\n|t:|1776060259\n|detailschange|p2b: Starmie|Starmie-Mega, L50, shiny\n|-mega|p2b: Starmie|Starmie|Starminite\n|move|p1b: Hockey Reference|Protect|p1b: Hockey Reference\n|-singleturn|p1b: Hockey Reference|Protect\n|move|p2b: Starmie|Liquidation|p1a: Flip\n|-damage|p1a: Flip|38/100\n|-unboost|p1a: Flip|def|1\n|move|p2a: Incineroar|Will-O-Wisp|p1b: Hockey Reference\n|-activate|p1b: Hockey Reference|move: Protect\n|move|p1a: Flip|Trick Room|p1a: Flip\n|-fieldstart|move: Trick Room|[of] p1a: Flip\n|\n|upkeep\n|turn|2\n|inactive|strikeyguy has 30 seconds left.\n|\n|t:|1776060295\n|switch|p1a: Roar|Incineroar, L50, F|100/100\n|-ability|p1a: Roar|Intimidate|boost\n|-unboost|p2a: Incineroar|atk|1\n|-unboost|p2b: Starmie|atk|1\n|detailschange|p1b: Hockey Reference|Crabominable-Mega, L50, F\n|-mega|p1b: Hockey Reference|Crabominable|Crabominite\n|move|p1b: Hockey Reference|Drain Punch|p2a: Incineroar\n|-supereffective|p2a: Incineroar|1\n|-damage|p2a: Incineroar|0 fnt\n|faint|p2a: Incineroar\n|move|p2b: Starmie|Liquidation|p1b: Hockey Reference\n|-damage|p1b: Hockey Reference|62/100\n|-unboost|p1b: Hockey Reference|def|1\n|\n|upkeep\n|\n|t:|1776060315\n|switch|p2a: Garchomp|Garchomp, L50, F|100/100\n|turn|3\n|inactive|25th_mang has 30 seconds left.\n|inactive|strikeyguy has 30 seconds left.\n|inactive|25th_mang has 20 seconds left.\n|inactive|strikeyguy has 20 seconds left.\n|\n|t:|1776060354\n|move|p1a: Roar|Fake Out|p2b: Starmie\n|-damage|p2b: Starmie|84/100\n|move|p1b: Hockey Reference|Ice Hammer|p2a: Garchomp\n|-supereffective|p2a: Garchomp|2\n|-enditem|p2a: Garchomp|Focus Sash\n|-damage|p2a: Garchomp|1/100\n|-unboost|p1b: Hockey Reference|spe|1\n|-damage|p1b: Hockey Reference|50/100|[from] ability: Rough Skin|[of] p2a: Garchomp\n|move|p2a: Garchomp|Earthquake|p1b: Hockey Reference|[spread] p2b,p1a,p1b\n|-supereffective|p1a: Roar|1\n|-damage|p2b: Starmie|33/100\n|-damage|p1a: Roar|31/100\n|-damage|p1b: Hockey Reference|8/100\n|cant|p2b: Starmie|flinch\n|\n|upkeep\n|turn|4\n|\n|t:|1776060376\n|switch|p1a: My Direction|Sinistcha, L50|100/100\n|-heal|p1b: Hockey Reference|33/100|[from] ability: Hospitality|[of] p1a: My Direction\n|move|p2b: Starmie|Aqua Jet|p1b: Hockey Reference\n|-damage|p1b: Hockey Reference|4/100\n|move|p1b: Hockey Reference|Thunder Punch|p2b: Starmie\n|-supereffective|p2b: Starmie|1\n|-damage|p2b: Starmie|0 fnt\n|faint|p2b: Starmie\n|move|p2a: Garchomp|Rock Slide|p1b: Hockey Reference|[spread] p1a,p1b\n|-damage|p1a: My Direction|84/100\n|-damage|p1b: Hockey Reference|0 fnt\n|faint|p1b: Hockey Reference\n|\n|upkeep\n|\n|t:|1776060392\n|switch|p1b: Roar|Incineroar, L50, F|31/100\n|switch|p2b: Ninetales|Ninetales-Alola, L50, F|100/100\n|-ability|p1b: Roar|Intimidate|boost\n|-unboost|p2a: Garchomp|atk|1\n|-unboost|p2b: Ninetales|atk|1\n|-weather|Snowscape|[from] ability: Snow Warning|[of] p2b: Ninetales\n|turn|5\n|\n|t:|1776060410\n|move|p1a: My Direction|Matcha Gotcha|p2b: Ninetales|[spread] p2b\n|-miss|p1a: My Direction|p2a: Garchomp\n|-damage|p2b: Ninetales|74/100\n|-heal|p1a: My Direction|98/100|[from] drain|[of] p2b: Ninetales\n|move|p1b: Roar|Flare Blitz|p2b: Ninetales\n|-supereffective|p2b: Ninetales|1\n|-enditem|p2b: Ninetales|Occa Berry|[eat]\n|-enditem|p2b: Ninetales|Occa Berry|[weaken]\n|-damage|p2b: Ninetales|30/100\n|-damage|p1b: Roar|17/100|[from] Recoil\n|move|p2a: Garchomp|Rock Slide|p1b: Roar|[spread] p1a\n|-miss|p2a: Garchomp|p1b: Roar\n|-damage|p1a: My Direction|87/100\n|move|p2b: Ninetales|Aurora Veil|p2b: Ninetales\n|-sidestart|p2: strikeyguy|move: Aurora Veil\n|\n|-weather|Snowscape|[upkeep]\n|-fieldend|move: Trick Room\n|upkeep\n|turn|6\n|inactive|25th_mang has 30 seconds left.\n|\n|t:|1776060440\n|switch|p1b: Flip|Farigiraf, L50, M|38/100\n|move|p2b: Ninetales|Blizzard|p1a: My Direction|[spread] p1a,p1b\n|-supereffective|p1a: My Direction|1\n|-damage|p1a: My Direction|39/100\n|-damage|p1b: Flip|17/100\n|-enditem|p1a: My Direction|Sitrus Berry|[eat]\n|-heal|p1a: My Direction|63/100|[from] item: Sitrus Berry\n|move|p2a: Garchomp|Rock Slide|p1a: My Direction|[spread] p1b\n|-miss|p2a: Garchomp|p1a: My Direction\n|-damage|p1b: Flip|6/100\n|move|p1a: My Direction|Trick Room|p1a: My Direction\n|-fieldstart|move: Trick Room|[of] p1a: My Direction\n|\n|-weather|Snowscape|[upkeep]\n|upkeep\n|turn|7\n|\n|t:|1776060456\n|move|p1b: Flip|Hyper Voice|p2b: Ninetales|[spread] p2a,p2b\n|-damage|p2a: Garchomp|0 fnt\n|-damage|p2b: Ninetales|12/100\n|faint|p2a: Garchomp\n|move|p1a: My Direction|Matcha Gotcha|p2b: Ninetales\n|-damage|p2b: Ninetales|0 fnt\n|-heal|p1a: My Direction|70/100|[from] drain|[of] p2b: Ninetales\n|faint|p2b: Ninetales\n|\n|win|25th_mang\n|raw|25th_mang's rating: 1286 &rarr; <strong>1304</strong><br />(+18 for winning)\n|raw|strikeyguy's rating: 1192 &rarr; <strong>1174</strong><br />(-18 for losing)\n|l|\u2606strikeyguy\n|player|p2|\n",
  "uploadtime": 1776060464,
  "views": 18,
  "formatid": "gen9championsvgc2026regma",
  "rating": 1174,
  "private": 0,
  "password": null
}