{
  "id": "gen9championsvgc2026regma-2587049492",
  "format": "[Gen 9 Champions] VGC 2026 Reg M-A",
  "players": [
    "Kirbo5500",
    "Proverbs 3"
  ],
  "log": "|j|\u2606Kirbo5500\n|j|\u2606Proverbs 3\n|t:|1776486775\n|gametype|doubles\n|player|p1|Kirbo5500|2|1189\n|player|p2|Proverbs 3|169|1092\n|gen|9\n|tier|[Gen 9 Champions] VGC 2026 Reg M-A\n|rated|\n|rule|Species Clause: Limit one of each Pok\u00e9mon\n|rule|Item Clause: Limit 1 of each item\n|clearpoke\n|poke|p1|Meganium, L50, M|\n|poke|p1|Primarina, L50, F|\n|poke|p1|Incineroar, L50, M|\n|poke|p1|Garchomp, L50, M|\n|poke|p1|Talonflame, L50, M|\n|poke|p1|Lucario, L50, M|\n|poke|p2|Volcarona, L50, F|\n|poke|p2|Luxray, L50, F, shiny|\n|poke|p2|Sinistcha, L50|\n|poke|p2|Garchomp, L50, F|\n|poke|p2|Gengar, L50, F, shiny|\n|poke|p2|Politoed, L50, F, shiny|\n|teampreview|4\n|inactive|Battle timer is ON: inactive players will automatically lose when time's up. (requested by Proverbs 3)\n|\n|t:|1776486793\n|teamsize|p1|4\n|teamsize|p2|4\n|start\n|switch|p1a: Garchomp|Garchomp, L50, M|100/100\n|switch|p1b: Incineroar|Incineroar, L50, M|100/100\n|switch|p2a: Politoed|Politoed, L50, F, shiny|100/100\n|switch|p2b: Gengar|Gengar, L50, F, shiny|100/100\n|-weather|RainDance|[from] ability: Drizzle|[of] p2a: Politoed\n|-ability|p1b: Incineroar|Intimidate|boost\n|-unboost|p2a: Politoed|atk|1\n|-unboost|p2b: Gengar|atk|1\n|turn|1\n|\n|t:|1776486813\n|detailschange|p2b: Gengar|Gengar-Mega, L50, F, shiny\n|-mega|p2b: Gengar|Gengar|Gengarite\n|move|p2b: Gengar|Protect|p2b: Gengar\n|-singleturn|p2b: Gengar|Protect\n|move|p1b: Incineroar|Fake Out|p2a: Politoed\n|-damage|p2a: Politoed|85/100\n|move|p1a: Garchomp|Stealth Rock|p2b: Gengar\n|-sidestart|p2: Proverbs 3|move: Stealth Rock\n|cant|p2a: Politoed|flinch\n|\n|-weather|RainDance|[upkeep]\n|upkeep\n|turn|2\n|inactive|Proverbs 3 has 30 seconds left.\n|inactive|Proverbs 3 has 20 seconds left.\n|inactive|Kirbo5500 has 30 seconds left.\n|\n|t:|1776486854\n|switch|p2b: Luxray|Luxray, L50, F, shiny|100/100\n|-damage|p2b: Luxray|88/100|[from] Stealth Rock\n|-ability|p2b: Luxray|Intimidate|boost\n|-unboost|p1a: Garchomp|atk|1\n|-unboost|p1b: Incineroar|atk|1\n|move|p1a: Garchomp|Protect|p1a: Garchomp\n|-singleturn|p1a: Garchomp|Protect\n|move|p2a: Politoed|Perish Song|p2a: Politoed\n|-start|p1a: Garchomp|perish3|[silent]\n|-start|p1b: Incineroar|perish3|[silent]\n|-start|p2a: Politoed|perish3|[silent]\n|-start|p2b: Luxray|perish3|[silent]\n|-fieldactivate|move: Perish Song\n|move|p1b: Incineroar|Darkest Lariat|p2b: Luxray\n|-damage|p2b: Luxray|56/100\n|\n|-weather|RainDance|[upkeep]\n|-start|p1a: Garchomp|perish3\n|-start|p2a: Politoed|perish3\n|-start|p2b: Luxray|perish3\n|-start|p1b: Incineroar|perish3\n|upkeep\n|turn|3\n|inactive|Kirbo5500 has 30 seconds left.\n|inactive|Proverbs 3 has 30 seconds left.\n|\n|t:|1776486880\n|switch|p1a: Lucario|Lucario, L50, M|100/100\n|move|p2a: Politoed|Icy Wind|p1a: Lucario|[spread] p1a,p1b\n|-resisted|p1a: Lucario|1\n|-resisted|p1b: Incineroar|1\n|-crit|p1b: Incineroar\n|-damage|p1a: Lucario|92/100\n|-damage|p1b: Incineroar|92/100\n|-unboost|p1a: Lucario|spe|1\n|-unboost|p1b: Incineroar|spe|1\n|move|p2b: Luxray|Volt Switch|p1b: Incineroar\n|-damage|p1b: Incineroar|69/100\n|\n|t:|1776486891\n|switch|p2b: Gengar|Gengar-Mega, L50, F, shiny|100/100|[from] Volt Switch\n|-damage|p2b: Gengar|89/100|[from] Stealth Rock\n|move|p1b: Incineroar|Parting Shot|p2b: Gengar\n|-unboost|p2b: Gengar|atk|1\n|-unboost|p2b: Gengar|spa|1\n|\n|t:|1776486895\n|switch|p1b: Garchomp|Garchomp, L50, M|100/100|[from] Parting Shot\n|\n|-weather|RainDance|[upkeep]\n|-start|p2a: Politoed|perish2\n|upkeep\n|turn|4\n|inactive|Proverbs 3 has 30 seconds left.\n|inactive|Proverbs 3 has 20 seconds left.\n|inactive|Proverbs 3 has 15 seconds left.\n|inactive|Proverbs 3 has 10 seconds left.\n|inactive|Proverbs 3 has 5 seconds left.\n|\n|t:|1776486950\n|move|p1a: Lucario|Protect|p1a: Lucario\n|-singleturn|p1a: Lucario|Protect\n|move|p2b: Gengar|Shadow Ball|p1a: Lucario\n|-activate|p1a: Lucario|move: Protect\n|move|p1b: Garchomp|Earthquake|p2b: Gengar|[spread] p2a,p2b\n|-activate|p1a: Lucario|move: Protect\n|-supereffective|p2b: Gengar|1\n|-damage|p2a: Politoed|30/100\n|-damage|p2b: Gengar|0 fnt\n|faint|p2b: Gengar\n|move|p2a: Politoed|Perish Song|p2a: Politoed\n|-start|p1a: Lucario|perish3|[silent]\n|-start|p1b: Garchomp|perish3|[silent]\n|-fieldactivate|move: Perish Song\n|\n|-weather|RainDance|[upkeep]\n|-start|p1b: Garchomp|perish3\n|-start|p1a: Lucario|perish3\n|-start|p2a: Politoed|perish1\n|upkeep\n|c|\u2606Kirbo5500|You aint Wolfey LMAO\n|inactive|Proverbs 3 has 30 seconds left.\n|inactive|Proverbs 3 has 20 seconds left.\n|inactive|Proverbs 3 has 15 seconds left.\n|inactive|Proverbs 3 has 10 seconds left.\n|inactive|Proverbs 3 has 5 seconds left.\n|\n|t:|1776487005\n|switch|p2b: Luxray|Luxray, L50, F, shiny|56/100\n|-damage|p2b: Luxray|43/100|[from] Stealth Rock\n|-ability|p2b: Luxray|Intimidate|boost\n|-fail|p1a: Lucario|unboost|Attack|[from] ability: Inner Focus|[of] p1a: Lucario\n|-unboost|p1b: Garchomp|atk|1\n|turn|5\n|inactive|Kirbo5500 has 30 seconds left.\n|inactive|Proverbs 3 has 30 seconds left.\n|-message|Proverbs 3 forfeited.\n|\n|win|Kirbo5500\n|raw|Kirbo5500's rating: 1189 &rarr; <strong>1207</strong><br />(+18 for winning)\n|raw|Proverbs 3's rating: 1092 &rarr; <strong>1075</strong><br />(-17 for losing)\n|l|\u2606Proverbs 3\n|player|p2|\n",
  "uploadtime": 1776487036,
  "views": 22,
  "formatid": "gen9championsvgc2026regma",
  "rating": 1075,
  "private": 0,
  "password": null
}