{
  "id": "gen9championsvgc2026regma-2581720577",
  "format": "[Gen 9 Champions] VGC 2026 Reg M-A",
  "players": [
    "RealLinny",
    "reddev94"
  ],
  "log": "|j|\u2606RealLinny\n|j|\u2606reddev94\n|t:|1776023276\n|gametype|doubles\n|player|p1|RealLinny|cheren-gen5bw2|1200\n|player|p2|reddev94|170|1306\n|gen|9\n|tier|[Gen 9 Champions] VGC 2026 Reg M-A\n|rated|\n|rule|Species Clause: Limit one of each Pok\u00e9mon\n|rule|Item Clause: Limit 1 of each item\n|clearpoke\n|poke|p1|Froslass, L50, F|\n|poke|p1|Kingambit, L50, F|\n|poke|p1|Whimsicott, L50, M|\n|poke|p1|Basculegion, L50, M|\n|poke|p1|Incineroar, L50, F|\n|poke|p1|Sneasler, L50, F|\n|poke|p2|Froslass, L50, F|\n|poke|p2|Garchomp, L50, F|\n|poke|p2|Rotom-Frost, L50|\n|poke|p2|Incineroar, L50, F|\n|poke|p2|Sneasler, L50, F|\n|poke|p2|Primarina, L50, F|\n|teampreview|4\n|inactive|Battle timer is ON: inactive players will automatically lose when time's up. (requested by RealLinny)\n|\n|t:|1776023305\n|teamsize|p1|4\n|teamsize|p2|4\n|start\n|switch|p1a: Kingambit|Kingambit, L50, F|100/100\n|switch|p1b: Basculegion|Basculegion, L50, M|100/100\n|switch|p2a: Garchomp|Garchomp, L50, F|100/100\n|switch|p2b: Sneasler|Sneasler, L50, F|100/100\n|turn|1\n|inactive|RealLinny has 30 seconds left.\n|inactive|RealLinny has 20 seconds left.\n|inactive|RealLinny has 15 seconds left.\n|inactive|RealLinny has 10 seconds left.\n|\n|t:|1776023356\n|move|p2b: Sneasler|Protect|p2b: Sneasler\n|-singleturn|p2b: Sneasler|Protect\n|move|p1a: Kingambit|Sucker Punch||[still]\n|-fail|p1a: Kingambit\n|move|p1b: Basculegion|Wave Crash|p2a: Garchomp\n|-damage|p2a: Garchomp|27/100\n|-damage|p1b: Basculegion|88/100|[from] ability: Rough Skin|[of] p2a: Garchomp\n|-damage|p1b: Basculegion|65/100|[from] Recoil\n|move|p2a: Garchomp|Earthquake|p1a: Kingambit|[spread] p1a,p1b\n|-activate|p2b: Sneasler|move: Protect\n|-supereffective|p1a: Kingambit|1\n|-damage|p1a: Kingambit|38/100\n|-damage|p1b: Basculegion|13/100\n|\n|upkeep\n|turn|2\n|inactive|reddev94 has 30 seconds left.\n|\n|t:|1776023382\n|switch|p2b: Rotom|Rotom-Frost, L50|100/100\n|move|p1a: Kingambit|Protect|p1a: Kingambit\n|-singleturn|p1a: Kingambit|Protect\n|move|p1b: Basculegion|Wave Crash|p2b: Rotom\n|-damage|p2b: Rotom|0 fnt\n|faint|p2b: Rotom\n|-damage|p1b: Basculegion|0 fnt|[from] Recoil\n|faint|p1b: Basculegion\n|move|p2a: Garchomp|Earthquake|p1a: Kingambit\n|-activate|p1a: Kingambit|move: Protect\n|\n|upkeep\n|\n|t:|1776023394\n|switch|p2b: Sneasler|Sneasler, L50, F|100/100\n|switch|p1b: Froslass|Froslass, L50, F|100/100\n|turn|3\n|\n|t:|1776023411\n|switch|p2a: Primarina|Primarina, L50, F|100/100\n|detailschange|p1b: Froslass|Froslass-Mega, L50, F\n|-mega|p1b: Froslass|Froslass|Froslassite\n|-weather|Snowscape|[from] ability: Snow Warning|[of] p1b: Froslass\n|move|p1a: Kingambit|Sucker Punch|p2b: Sneasler\n|-resisted|p2b: Sneasler|1\n|-damage|p2b: Sneasler|68/100\n|move|p1b: Froslass|Blizzard|p2a: Primarina|[spread] p2a,p2b\n|-resisted|p2a: Primarina|1\n|-damage|p2a: Primarina|79/100\n|-damage|p2b: Sneasler|9/100\n|move|p2b: Sneasler|Dire Claw|p1b: Froslass\n|-resisted|p1b: Froslass|1\n|-damage|p1b: Froslass|74/100\n|\n|-weather|Snowscape|[upkeep]\n|-heal|p2a: Primarina|85/100|[from] item: Leftovers\n|upkeep\n|turn|4\n|inactive|RealLinny has 30 seconds left.\n|\n|t:|1776023439\n|move|p2b: Sneasler|Protect|p2b: Sneasler\n|-singleturn|p2b: Sneasler|Protect\n|move|p1a: Kingambit|Sucker Punch||[still]\n|-fail|p1a: Kingambit\n|move|p1b: Froslass|Shadow Ball|p2a: Primarina\n|-damage|p2a: Primarina|45/100\n|move|p2a: Primarina|Hyper Voice|p1a: Kingambit|[spread] p1a,p1b\n|-damage|p1a: Kingambit|2/100\n|-damage|p1b: Froslass|33/100\n|\n|-weather|Snowscape|[upkeep]\n|-heal|p2a: Primarina|52/100|[from] item: Leftovers\n|upkeep\n|turn|5\n|inactive|reddev94 has 30 seconds left.\n|\n|t:|1776023474\n|move|p2a: Primarina|Protect|p2a: Primarina\n|-singleturn|p2a: Primarina|Protect\n|move|p1a: Kingambit|Sucker Punch||[still]\n|-fail|p1a: Kingambit\n|move|p1b: Froslass|Blizzard|p2b: Sneasler|[spread] p2b\n|-activate|p2a: Primarina|move: Protect\n|-damage|p2b: Sneasler|0 fnt\n|faint|p2b: Sneasler\n|\n|-weather|Snowscape|[upkeep]\n|-heal|p2a: Primarina|58/100|[from] item: Leftovers\n|upkeep\n|\n|t:|1776023481\n|switch|p2b: Garchomp|Garchomp, L50, F|27/100\n|turn|6\n|\n|t:|1776023497\n|move|p1b: Froslass|Protect|p1b: Froslass\n|-singleturn|p1b: Froslass|Protect\n|move|p2b: Garchomp|Protect|p2b: Garchomp\n|-singleturn|p2b: Garchomp|Protect\n|move|p1a: Kingambit|Sucker Punch||[still]\n|-fail|p1a: Kingambit\n|move|p2a: Primarina|Hyper Voice|p1b: Froslass|[spread] p1a\n|-activate|p1b: Froslass|move: Protect\n|-damage|p1a: Kingambit|0 fnt\n|faint|p1a: Kingambit\n|\n|-weather|Snowscape|[upkeep]\n|-heal|p2a: Primarina|64/100|[from] item: Leftovers\n|upkeep\n|\n|t:|1776023505\n|switch|p1a: Whimsicott|Whimsicott, L50, M|100/100\n|turn|7\n|\n|t:|1776023520\n|move|p2b: Garchomp|Protect||[still]\n|-fail|p2b: Garchomp\n|move|p1b: Froslass|Shadow Ball|p2a: Primarina\n|-damage|p2a: Primarina|27/100\n|move|p1a: Whimsicott|Moonblast|p2a: Primarina\n|-damage|p2a: Primarina|0 fnt\n|faint|p2a: Primarina\n|\n|-weather|none\n|upkeep\n|turn|8\n|-message|reddev94 forfeited.\n|\n|win|RealLinny\n|raw|RealLinny's rating: 1200 &rarr; <strong>1232</strong><br />(+32 for winning)\n|raw|reddev94's rating: 1306 &rarr; <strong>1280</strong><br />(-26 for losing)\n|l|\u2606reddev94\n|player|p2|\n|l|\u2606RealLinny\n|player|p1|\n|j|\u2606RealLinny\n|player|p1|RealLinny|cheren-gen5bw2|\n",
  "uploadtime": 1776023570,
  "views": 36,
  "formatid": "gen9championsvgc2026regma",
  "rating": 1232,
  "private": 0,
  "password": null
}