{
  "id": "gen9championsvgc2026regma-2584255695",
  "format": "[Gen 9 Champions] VGC 2026 Reg M-A",
  "players": [
    "somearth",
    "RandomGuyInSchool"
  ],
  "log": "|j|\u2606somearth\n|j|\u2606RandomGuyInSchool\n|t:|1776243836\n|gametype|doubles\n|player|p1|somearth|169|1064\n|player|p2|RandomGuyInSchool|schoolkid-gen4|1070\n|gen|9\n|tier|[Gen 9 Champions] VGC 2026 Reg M-A\n|rated|\n|rule|Species Clause: Limit one of each Pok\u00e9mon\n|rule|Item Clause: Limit 1 of each item\n|clearpoke\n|poke|p1|Pelipper, L50, F|\n|poke|p1|Meganium, L50, F|\n|poke|p1|Farigiraf, L50, M|\n|poke|p1|Incineroar, L50, F|\n|poke|p1|Floette-Eternal, L50, F|\n|poke|p1|Kingambit, L50, F|\n|poke|p2|Tyranitar, L50, M|\n|poke|p2|Excadrill, L50, M|\n|poke|p2|Aerodactyl, L50, F|\n|poke|p2|Sinistcha, L50|\n|poke|p2|Incineroar, L50, F|\n|poke|p2|Rotom-Wash, L50|\n|teampreview|4\n|inactive|Battle timer is ON: inactive players will automatically lose when time's up. (requested by somearth)\n|inactive|RandomGuyInSchool also wants the timer to be on.\n|inactive|somearth has 60 seconds left.\n|inactive|RandomGuyInSchool has 60 seconds left.\nRandomGuyInSchool rejected open team sheets.\n|\n|t:|1776243895\n|teamsize|p1|4\n|teamsize|p2|4\n|start\n|switch|p1a: Farigiraf|Farigiraf, L50, M|100/100\n|switch|p1b: Meganium|Meganium, L50, F|100/100\n|switch|p2a: Rotom|Rotom-Wash, L50|100/100\n|switch|p2b: Excadrill|Excadrill, L50, M|100/100\n|turn|1\n|inactive|somearth has 30 seconds left.\n|\n|t:|1776243921\n|detailschange|p1b: Meganium|Meganium-Mega, L50, F\n|-mega|p1b: Meganium|Meganium|Meganiumite\n|move|p2a: Rotom|Volt Switch|p1a: Farigiraf\n|-damage|p1a: Farigiraf|66/100\n|\n|t:|1776243927\n|switch|p2a: Sinistcha|Sinistcha, L50|100/100|[from] Volt Switch\n|move|p2b: Excadrill|Iron Head|p1b: Meganium\n|-supereffective|p1b: Meganium|1\n|-damage|p1b: Meganium|17/100\n|move|p1b: Meganium|Swords Dance|p1b: Meganium\n|-boost|p1b: Meganium|atk|2\n|move|p1a: Farigiraf|Trick Room|p1a: Farigiraf\n|-fieldstart|move: Trick Room|[of] p1a: Farigiraf\n|\n|upkeep\n|turn|2\n|inactive|somearth has 30 seconds left.\n|\n|t:|1776243961\n|move|p2b: Excadrill|Protect|p2b: Excadrill\n|-singleturn|p2b: Excadrill|Protect\n|move|p1a: Farigiraf|Gravity|p1a: Farigiraf\n|-fieldstart|move: Gravity\n|move|p1b: Meganium|Earthquake|p2a: Sinistcha|[spread] p1a,p2a\n|-activate|p2b: Excadrill|move: Protect\n|-resisted|p2a: Sinistcha|1\n|-damage|p1a: Farigiraf|17/100\n|-damage|p2a: Sinistcha|80/100\n|move|p2a: Sinistcha|Trick Room|p2a: Sinistcha\n|-fieldend|move: Trick Room\n|\n|upkeep\n|turn|3\n|inactive|somearth has 30 seconds left.\n|inactive|RandomGuyInSchool has 30 seconds left.\n|\n|t:|1776243994\n|switch|p1b: Pelipper|Pelipper, L50, F|100/100\n|-weather|RainDance|[from] ability: Drizzle|[of] p1b: Pelipper\n|move|p2b: Excadrill|Iron Head|p1b: Pelipper\n|-resisted|p1b: Pelipper|1\n|-damage|p1b: Pelipper|67/100\n|move|p2a: Sinistcha|Matcha Gotcha|p1a: Farigiraf|[spread] p1a,p1b\n|-damage|p1a: Farigiraf|0 fnt\n|-heal|p2a: Sinistcha|90/100|[from] drain|[of] p1a: Farigiraf\n|-damage|p1b: Pelipper|25/100\n|-heal|p2a: Sinistcha|100/100|[from] drain|[of] p1b: Pelipper\n|faint|p1a: Farigiraf\n|\n|-weather|RainDance|[upkeep]\n|upkeep\n|\n|t:|1776244011\n|switch|p1a: Kingambit|Kingambit, L50, F|100/100\n|turn|4\n|\n|t:|1776244034\n|move|p2a: Sinistcha|Rage Powder|p2a: Sinistcha\n|-singleturn|p2a: Sinistcha|move: Rage Powder\n|move|p1b: Pelipper|Tailwind|p1b: Pelipper\n|-sidestart|p1: somearth|move: Tailwind\n|move|p1a: Kingambit|Kowtow Cleave|p2a: Sinistcha\n|-supereffective|p2a: Sinistcha|1\n|-damage|p2a: Sinistcha|5/100\n|-enditem|p2a: Sinistcha|Sitrus Berry|[eat]\n|-heal|p2a: Sinistcha|30/100|[from] item: Sitrus Berry\n|move|p2b: Excadrill|Earthquake|p1a: Kingambit|[spread] p2a,p1a,p1b\n|-resisted|p2a: Sinistcha|1\n|-supereffective|p1a: Kingambit|1\n|-damage|p2a: Sinistcha|3/100\n|-damage|p1a: Kingambit|19/100\n|-damage|p1b: Pelipper|0 fnt\n|faint|p1b: Pelipper\n|\n|-weather|RainDance|[upkeep]\n|upkeep\n|\n|t:|1776244047\n|switch|p1b: Meganium|Meganium-Mega, L50, F|17/100\n|turn|5\n|\n|t:|1776244066\n|switch|p2a: Rotom|Rotom-Wash, L50|100/100\n|move|p2b: Excadrill|Protect|p2b: Excadrill\n|-singleturn|p2b: Excadrill|Protect\n|move|p1a: Kingambit|Sucker Punch||[still]\n|-fail|p1a: Kingambit\n|move|p1b: Meganium|Weather Ball|p2b: Excadrill\n|-activate|p2b: Excadrill|move: Protect\n|\n|-weather|RainDance|[upkeep]\n|upkeep\n|turn|6\n|inactive|somearth has 30 seconds left.\n|\n|t:|1776244095\n|switch|p2b: Tyranitar|Tyranitar, L50, M|100/100\n|-weather|Sandstorm|[from] ability: Sand Stream|[of] p2b: Tyranitar\n|move|p1b: Meganium|Earthquake|p2b: Tyranitar|[spread] p1a,p2a,p2b\n|-supereffective|p1a: Kingambit|1\n|-supereffective|p2a: Rotom|1\n|-supereffective|p2b: Tyranitar|1\n|-damage|p1a: Kingambit|0 fnt\n|-damage|p2a: Rotom|45/100\n|-damage|p2b: Tyranitar|66/100\n|faint|p1a: Kingambit\n|move|p2a: Rotom|Hydro Pump|p1b: Meganium\n|-resisted|p1b: Meganium|1\n|-damage|p1b: Meganium|0 fnt\n|faint|p1b: Meganium\n|\n|win|RandomGuyInSchool\n|raw|somearth's rating: 1064 &rarr; <strong>1045</strong><br />(-19 for losing)\n|raw|RandomGuyInSchool's rating: 1070 &rarr; <strong>1099</strong><br />(+29 for winning)\n|l|\u2606somearth\n|player|p1|\n",
  "uploadtime": 1776244110,
  "views": 18,
  "formatid": "gen9championsvgc2026regma",
  "rating": 1045,
  "private": 0,
  "password": null
}