{
  "id": "gen9championsvgc2026regma-2585072345",
  "format": "[Gen 9 Champions] VGC 2026 Reg M-A",
  "players": [
    "mimrat6",
    "1Anything"
  ],
  "log": "|j|\u2606mimrat6\n|j|\u26061Anything\n|t:|1776308899\n|gametype|doubles\n|player|p1|mimrat6|backersf|1253\n|player|p2|1Anything|1|1291\n|gen|9\n|tier|[Gen 9 Champions] VGC 2026 Reg M-A\n|rated|\n|rule|Species Clause: Limit one of each Pok\u00e9mon\n|rule|Item Clause: Limit 1 of each item\n|clearpoke\n|poke|p1|Tyranitar, L50, M|\n|poke|p1|Meganium, L50, M|\n|poke|p1|Basculegion, L50, M|\n|poke|p1|Garchomp, L50, F|\n|poke|p1|Sneasler, L50, F|\n|poke|p1|Aerodactyl, L50, F|\n|poke|p2|Charizard, L50, M|\n|poke|p2|Whimsicott, L50, M|\n|poke|p2|Basculegion, L50, M|\n|poke|p2|Farigiraf, L50, M|\n|poke|p2|Kangaskhan, L50, F|\n|poke|p2|Sneasler, L50, F|\n|teampreview|4\n|inactive|Battle timer is ON: inactive players will automatically lose when time's up. (requested by mimrat6)\n|inactive|mimrat6 has 60 seconds left.\n|inactive|mimrat6 has 30 seconds left.\n|\n|t:|1776309004\n|teamsize|p1|4\n|teamsize|p2|4\n|start\n|switch|p1a: Aerodactyl|Aerodactyl, L50, F|100/100\n|switch|p1b: Basculegion|Basculegion, L50, M|100/100\n|switch|p2a: Sneasler|Sneasler, L50, F|100/100\n|switch|p2b: Kangaskhan|Kangaskhan, L50, F|100/100\n|-ability|p1a: Aerodactyl|Unnerve\n|turn|1\n|inactive|mimrat6 has 30 seconds left.\n|inactive|1Anything has 30 seconds left.\n|inactive|1Anything has 20 seconds left.\n|inactive|1Anything has 15 seconds left.\n|\n|t:|1776309045\n|switch|p1b: Garchomp|Garchomp, L50, F, shiny|100/100\n|detailschange|p2b: Kangaskhan|Kangaskhan-Mega, L50, F\n|-mega|p2b: Kangaskhan|Kangaskhan|Kangaskhanite\n|move|p1a: Aerodactyl|Protect|p1a: Aerodactyl\n|-singleturn|p1a: Aerodactyl|Protect\n|move|p2a: Sneasler|Fake Out|p1a: Aerodactyl\n|-activate|p1a: Aerodactyl|move: Protect\n|move|p2b: Kangaskhan|Sucker Punch||[still]\n|-fail|p2b: Kangaskhan\n|\n|upkeep\n|turn|2\n|inactive|1Anything has 30 seconds left.\n|inactive|1Anything has 20 seconds left.\n|\n|t:|1776309084\n|switch|p2a: Basculegion|Basculegion, L50, M|100/100\n|move|p2b: Kangaskhan|Sucker Punch||[still]\n|-fail|p2b: Kangaskhan\n|move|p1a: Aerodactyl|Tailwind|p1a: Aerodactyl\n|-sidestart|p1: mimrat6|move: Tailwind\n|move|p1b: Garchomp|Earthquake|p2b: Kangaskhan|[spread] p2a,p2b\n|-immune|p1a: Aerodactyl\n|-damage|p2a: Basculegion|49/100\n|-damage|p2b: Kangaskhan|72/100\n|\n|upkeep\n|turn|3\n|\n|t:|1776309105\n|switch|p1a: Basculegion|Basculegion, L50, M|100/100\n|move|p1b: Garchomp|Dragon Claw|p2a: Basculegion\n|-damage|p2a: Basculegion|0 fnt\n|faint|p2a: Basculegion\n|move|p2b: Kangaskhan|Drain Punch|p1a: Basculegion\n|-immune|p1a: Basculegion\n|\n|upkeep\n|\n|t:|1776309129\n|switch|p2a: Sneasler|Sneasler, L50, F|100/100\n|turn|4\n|inactive|mimrat6 has 30 seconds left.\n|\n|t:|1776309163\n|switch|p1a: Tyranitar|Tyranitar, L50, M|100/100\n|-weather|Sandstorm|[from] ability: Sand Stream|[of] p1a: Tyranitar\n|move|p1b: Garchomp|Protect|p1b: Garchomp\n|-singleturn|p1b: Garchomp|Protect\n|move|p2b: Kangaskhan|Sucker Punch||[still]\n|-fail|p2b: Kangaskhan\n|move|p2a: Sneasler|Close Combat|p1b: Garchomp\n|-activate|p1b: Garchomp|move: Protect\n|\n|-weather|Sandstorm|[upkeep]\n|-damage|p2a: Sneasler|95/100|[from] Sandstorm\n|-damage|p2b: Kangaskhan|66/100|[from] Sandstorm\n|upkeep\n|turn|5\n|inactive|1Anything has 30 seconds left.\n|inactive|mimrat6 has 30 seconds left.\n|\n|t:|1776309198\n|switch|p2a: Farigiraf|Farigiraf, L50, M|100/100\n|move|p1a: Tyranitar|Protect|p1a: Tyranitar\n|-singleturn|p1a: Tyranitar|Protect\n|move|p1b: Garchomp|Dragon Claw|p2a: Farigiraf\n|-damage|p2a: Farigiraf|63/100\n|move|p2b: Kangaskhan|Drain Punch|p1a: Tyranitar\n|-activate|p1a: Tyranitar|move: Protect\n|\n|-weather|Sandstorm|[upkeep]\n|-damage|p2b: Kangaskhan|59/100|[from] Sandstorm\n|-damage|p2a: Farigiraf|57/100|[from] Sandstorm\n|-sideend|p1: mimrat6|move: Tailwind\n|upkeep\n|turn|6\n|inactive|mimrat6 has 30 seconds left.\n|inactive|1Anything has 30 seconds left.\n|inactive|mimrat6 has 20 seconds left.\n|inactive|1Anything has 20 seconds left.\n|\n|t:|1776309236\n|switch|p1a: Basculegion|Basculegion, L50, M|100/100\n|move|p1b: Garchomp|Stomping Tantrum|p2b: Kangaskhan\n|-damage|p2b: Kangaskhan|31/100\n|move|p2b: Kangaskhan|Drain Punch|p1a: Basculegion\n|-immune|p1a: Basculegion\n|move|p2a: Farigiraf|Psychic|p1a: Basculegion\n|-damage|p1a: Basculegion|64/100\n|\n|-weather|Sandstorm|[upkeep]\n|-damage|p1a: Basculegion|58/100|[from] Sandstorm\n|-damage|p2b: Kangaskhan|25/100|[from] Sandstorm\n|-damage|p2a: Farigiraf|51/100|[from] Sandstorm\n|upkeep\n|turn|7\n|inactive|mimrat6 has 30 seconds left.\n|inactive|1Anything has 30 seconds left.\n|\n|t:|1776309268\n|switch|p1a: Aerodactyl|Aerodactyl, L50, F|100/100\n|-ability|p1a: Aerodactyl|Unnerve\n|move|p2b: Kangaskhan|Sucker Punch||[still]\n|-fail|p2b: Kangaskhan\n|move|p1b: Garchomp|Earthquake|p2a: Farigiraf|[spread] p2a,p2b\n|-immune|p1a: Aerodactyl\n|-damage|p2a: Farigiraf|16/100\n|-damage|p2b: Kangaskhan|0 fnt\n|faint|p2b: Kangaskhan\n|move|p2a: Farigiraf|Psychic|p1b: Garchomp\n|-damage|p1b: Garchomp|67/100\n|\n|-weather|Sandstorm|[upkeep]\n|-damage|p2a: Farigiraf|10/100|[from] Sandstorm\n|upkeep\n|\n|t:|1776309271\n|switch|p2b: Sneasler|Sneasler, L50, F|95/100\n|turn|8\n|-message|1Anything forfeited.\n|\n|win|mimrat6\n|raw|mimrat6's rating: 1253 &rarr; <strong>1281</strong><br />(+28 for winning)\n|raw|1Anything's rating: 1291 &rarr; <strong>1263</strong><br />(-28 for losing)\n|l|\u26061Anything\n|player|p2|\n",
  "uploadtime": 1776309289,
  "views": 45,
  "formatid": "gen9championsvgc2026regma",
  "rating": 1263,
  "private": 0,
  "password": null
}