{
  "id": "gen9championsvgc2026regma-2581237959",
  "format": "[Gen 9 Champions] VGC 2026 Reg M-A",
  "players": [
    "iiApreachless",
    "waiseng"
  ],
  "log": "|j|\u2606iiApreachless\n|j|\u2606waiseng\n|t:|1775974649\n|gametype|doubles\n|player|p1|iiApreachless|1|1347\n|player|p2|waiseng|giovanni|1344\n|gen|9\n|tier|[Gen 9 Champions] VGC 2026 Reg M-A\n|rated|\n|rule|Species Clause: Limit one of each Pok\u00e9mon\n|rule|Item Clause: Limit 1 of each item\n|clearpoke\n|poke|p1|Incineroar, L50, M|\n|poke|p1|Sneasler, L50, M|\n|poke|p1|Charizard, L50, F|\n|poke|p1|Whimsicott, L50, M|\n|poke|p1|Garchomp, L50, F|\n|poke|p1|Sinistcha, L50|\n|poke|p2|Aerodactyl, L50, M|\n|poke|p2|Basculegion, L50, M|\n|poke|p2|Chandelure, L50, F|\n|poke|p2|Clefable, L50, F|\n|poke|p2|Conkeldurr, L50, M|\n|poke|p2|Kingambit, L50, M|\n|teampreview|4\n|\n|t:|1775974684\n|teamsize|p1|4\n|teamsize|p2|4\n|start\n|switch|p1a: Garchomp|Garchomp, L50, F|100/100\n|switch|p1b: Sinistcha|Sinistcha, L50|100/100\n|switch|p2a: Aerodactyl|Aerodactyl, L50, M|100/100\n|switch|p2b: Chandelure|Chandelure, L50, F|100/100\n|turn|1\n|j| gE1xjZRtuhW2DdT0AK\n|inactive|Battle timer is ON: inactive players will automatically lose when time's up. (requested by waiseng)\n|\n|t:|1775974727\n|detailschange|p2a: Aerodactyl|Aerodactyl-Mega, L50, M\n|-mega|p2a: Aerodactyl|Aerodactyl|Aerodactylite\n|move|p2a: Aerodactyl|Dual Wingbeat|p1b: Sinistcha\n|-supereffective|p1b: Sinistcha|1\n|-damage|p1b: Sinistcha|52/100\n|-supereffective|p1b: Sinistcha|1\n|-crit|p1b: Sinistcha\n|-damage|p1b: Sinistcha|0 fnt\n|faint|p1b: Sinistcha\n|-hitcount|p1: Sinistcha|2\n|move|p1a: Garchomp|Rock Slide|p2a: Aerodactyl|[spread] p2a,p2b\n|-supereffective|p2a: Aerodactyl|1\n|-supereffective|p2b: Chandelure|1\n|-damage|p2a: Aerodactyl|55/100\n|-damage|p2b: Chandelure|55/100\n|move|p2b: Chandelure|Shadow Ball|p1a: Garchomp\n|-damage|p1a: Garchomp|51/100\n|\n|upkeep\n|\n|t:|1775974745\n|switch|p1b: Sneasler|Sneasler, L50, M|100/100\n|turn|2\n|\n|t:|1775974760\n|switch|p2b: Kingambit|Kingambit, L50, M|100/100\n|move|p2a: Aerodactyl|Protect|p2a: Aerodactyl\n|-singleturn|p2a: Aerodactyl|Protect\n|move|p1b: Sneasler|Fake Out|p2a: Aerodactyl\n|-activate|p2a: Aerodactyl|move: Protect\n|move|p1a: Garchomp|Rock Slide|p2a: Aerodactyl|[spread] p2b\n|-activate|p2a: Aerodactyl|move: Protect\n|-resisted|p2b: Kingambit|1\n|-damage|p2b: Kingambit|93/100\n|\n|upkeep\n|turn|3\n|inactive|iiApreachless has 30 seconds left.\n|\n|t:|1775974795\n|switch|p1b: Charizard|Charizard, L50, F|100/100\n|move|p2b: Kingambit|Sucker Punch|p1a: Garchomp\n|-damage|p1a: Garchomp|5/100\n|-damage|p2b: Kingambit|81/100|[from] ability: Rough Skin|[of] p1a: Garchomp\n|move|p2a: Aerodactyl|Dual Wingbeat|p1b: Charizard\n|-damage|p1b: Charizard|66/100\n|-damage|p1b: Charizard|27/100\n|-hitcount|p1b: Charizard|2\n|move|p1a: Garchomp|Earthquake|p2b: Kingambit|[spread] p2b\n|-immune|p1b: Charizard\n|-immune|p2a: Aerodactyl\n|-supereffective|p2b: Kingambit|1\n|-damage|p2b: Kingambit|21/100\n|\n|upkeep\n|turn|4\n|inactive|iiApreachless has 30 seconds left.\n|\n|t:|1775974824\n|move|p1b: Charizard|Protect|p1b: Charizard\n|-singleturn|p1b: Charizard|Protect\n|move|p2b: Kingambit|Sucker Punch||[still]\n|-fail|p2b: Kingambit\n|move|p2a: Aerodactyl|Rock Slide|p1b: Charizard|[spread] p1a\n|-activate|p1b: Charizard|move: Protect\n|-resisted|p1a: Garchomp|1\n|-damage|p1a: Garchomp|0 fnt\n|faint|p1a: Garchomp\n|\n|upkeep\n|j| Tian15\n|\n|t:|1775974834\n|switch|p1a: Sneasler|Sneasler, L50, M|100/100\n|turn|5\n|\n|t:|1775974844\n|detailschange|p1b: Charizard|Charizard-Mega-Y, L50, F\n|-mega|p1b: Charizard|Charizard|Charizardite Y\n|-weather|SunnyDay|[from] ability: Drought|[of] p1b: Charizard\n|move|p2a: Aerodactyl|Protect|p2a: Aerodactyl\n|-singleturn|p2a: Aerodactyl|Protect\n|move|p2b: Kingambit|Protect|p2b: Kingambit\n|-singleturn|p2b: Kingambit|Protect\n|move|p1a: Sneasler|Close Combat|p2b: Kingambit\n|-activate|p2b: Kingambit|move: Protect\n|move|p1b: Charizard|Solar Beam||[still]\n|-prepare|p1b: Charizard|Solar Beam\n|-anim|p1b: Charizard|Solar Beam|p2a: Aerodactyl\n|-activate|p2a: Aerodactyl|move: Protect\n|\n|-weather|SunnyDay|[upkeep]\n|upkeep\n|turn|6\n|\n|t:|1775974864\n|move|p1b: Charizard|Protect|p1b: Charizard\n|-singleturn|p1b: Charizard|Protect\n|move|p2b: Kingambit|Sucker Punch||[still]\n|-fail|p2b: Kingambit\n|move|p2a: Aerodactyl|Dual Wingbeat|p1a: Sneasler\n|-supereffective|p1a: Sneasler|1\n|-damage|p1a: Sneasler|15/100\n|-supereffective|p1a: Sneasler|1\n|-damage|p1a: Sneasler|0 fnt\n|faint|p1a: Sneasler\n|-hitcount|p1: Sneasler|2\n|\n|-weather|SunnyDay|[upkeep]\n|upkeep\n|turn|7\n|\n|t:|1775974881\n|move|p2b: Kingambit|Sucker Punch|p1b: Charizard\n|-crit|p1b: Charizard\n|-damage|p1b: Charizard|0 fnt\n|faint|p1b: Charizard\n|\n|win|waiseng\n|raw|iiApreachless's rating: 1347 &rarr; <strong>1327</strong><br />(-20 for losing)\n|raw|waiseng's rating: 1344 &rarr; <strong>1364</strong><br />(+20 for winning)\n|l|\u2606iiApreachless\n|player|p1|\n",
  "uploadtime": 1775974958,
  "views": 31,
  "formatid": "gen9championsvgc2026regma",
  "rating": 1327,
  "private": 0,
  "password": null
}