{
  "id": "gen9championsvgc2026regma-2580462617",
  "format": "[Gen 9 Champions] VGC 2026 Reg M-A",
  "players": [
    "ohko_muk",
    "imobile12345"
  ],
  "log": "|j|\u2606ohko_muk\n|j|\u2606imobile12345\n|t:|1775900237\n|gametype|doubles\n|player|p1|ohko_muk|gambler|\n|player|p2|imobile12345|169|\n|gen|9\n|tier|[Gen 9 Champions] VGC 2026 Reg M-A\n|rated|Tournament battle\n|rule|Species Clause: Limit one of each Pok\u00e9mon\n|rule|Item Clause: Limit 1 of each item\n|clearpoke\n|poke|p1|Delphox, L50, F|\n|poke|p1|Garchomp, L50, F|\n|poke|p1|Incineroar, L50, M|\n|poke|p1|Sneasler, L50, M|\n|poke|p1|Floette-Eternal, L50, F|\n|poke|p1|Kingambit, L50, M|\n|poke|p2|Maushold, L50|\n|poke|p2|Garchomp, L50, M|\n|poke|p2|Talonflame, L50, F|\n|poke|p2|Rotom-Wash, L50|\n|poke|p2|Aegislash, L50, M|\n|poke|p2|Floette-Eternal, L50, F|\n|teampreview|4\n|j| reanschawrzer\n|j|@Therazer456\n|j| tastyfloop\n|j| mysticmarshtomp\n|j| LamXYZ\n|j| Arkoos2011\n|j| Lyiter\n|l| Lyiter\n|\n|t:|1775900326\n|teamsize|p1|4\n|teamsize|p2|4\n|start\n|switch|p1a: Delphox|Delphox, L50, F|100/100\n|switch|p1b: Sneasler|Sneasler, L50, M|100/100\n|switch|p2a: Garchomp|Garchomp, L50, M|100/100\n|switch|p2b: Maushold|Maushold, L50|100/100\n|-ability|p1b: Sneasler|Pressure\n|turn|1\n|j| I said NO FURRY\n|l|@Therazer456\n|inactive|Battle timer is ON: inactive players will automatically lose when time's up. (requested by ohko_muk)\n|\n|t:|1775900350\n|switch|p2b: Aegislash|Aegislash, L50, M|100/100\n|detailschange|p1a: Delphox|Delphox-Mega, L50, F\n|-mega|p1a: Delphox|Delphox|Delphoxite\n|move|p2a: Garchomp|Protect|p2a: Garchomp\n|-singleturn|p2a: Garchomp|Protect\n|move|p1b: Sneasler|Fake Out|p2a: Garchomp\n|-activate|p2a: Garchomp|move: Protect\n|move|p1a: Delphox|Psychic|p2a: Garchomp\n|-activate|p2a: Garchomp|move: Protect\n|\n|upkeep\n|turn|2\n|j| lolgz\n|j| lteg\n|\n|t:|1775900373\n|move|p1a: Delphox|Heat Wave|p2a: Garchomp|[spread] p2a,p2b\n|-resisted|p2a: Garchomp|1\n|-supereffective|p2b: Aegislash|1\n|-crit|p2b: Aegislash\n|-damage|p2a: Garchomp|82/100\n|-damage|p2b: Aegislash|6/100\n|move|p1b: Sneasler|Close Combat|p2a: Garchomp\n|-damage|p2a: Garchomp|6/100\n|-unboost|p1b: Sneasler|def|1\n|-unboost|p1b: Sneasler|spd|1\n|-damage|p1b: Sneasler|88/100|[from] ability: Rough Skin|[of] p2a: Garchomp\n|-enditem|p1b: Sneasler|White Herb\n|-clearnegativeboost|p1b: Sneasler|[silent]\n|move|p2a: Garchomp|Stomping Tantrum|p1b: Sneasler\n|-supereffective|p1b: Sneasler|1\n|-crit|p1b: Sneasler\n|-damage|p1b: Sneasler|0 fnt\n|faint|p1b: Sneasler\n|-formechange|p2b: Aegislash|Aegislash-Blade|\n|move|p2b: Aegislash|Poltergeist|p1a: Delphox\n|-activate|p1a: Delphox|move: Poltergeist|Delphoxite\n|-supereffective|p1a: Delphox|1\n|-damage|p1a: Delphox|0 fnt\n|faint|p1a: Delphox\n|\n|upkeep\n|\n|t:|1775900382\n|switch|p1a: Garchomp|Garchomp, L50, F|100/100\n|switch|p1b: Kingambit|Kingambit, L50, M|100/100\n|turn|3\n|\n|t:|1775900403\n|move|p2a: Garchomp|Protect|p2a: Garchomp\n|-singleturn|p2a: Garchomp|Protect\n|move|p1b: Kingambit|Protect|p1b: Kingambit\n|-singleturn|p1b: Kingambit|Protect\n|move|p2b: Aegislash|Shadow Sneak|p1a: Garchomp\n|-damage|p1a: Garchomp|75/100\n|-damage|p2b: Aegislash|0 fnt|[from] ability: Rough Skin|[of] p1a: Garchomp\n|faint|p2b: Aegislash\n|move|p1a: Garchomp|Earthquake|p2a: Garchomp|[spread] \n|-activate|p1b: Kingambit|move: Protect\n|-activate|p2a: Garchomp|move: Protect\n|\n|upkeep\n|\n|t:|1775900418\n|switch|p2b: Maushold|Maushold, L50|100/100\n|turn|4\n|l| Arkoos2011\n|\n|t:|1775900430\n|move|p2b: Maushold|Follow Me|p2b: Maushold\n|-singleturn|p2b: Maushold|move: Follow Me\n|move|p2a: Garchomp|Earthquake|p1b: Kingambit|[spread] p2b,p1a,p1b\n|-supereffective|p1b: Kingambit|1\n|-damage|p2b: Maushold|39/100\n|-damage|p1a: Garchomp|32/100\n|-damage|p1b: Kingambit|29/100\n|-enditem|p1a: Garchomp|Sitrus Berry|[eat]\n|-heal|p1a: Garchomp|56/100|[from] item: Sitrus Berry\n|move|p1a: Garchomp|Rock Slide|p2a: Garchomp|[spread] p2b\n|-miss|p1a: Garchomp|p2a: Garchomp\n|-damage|p2b: Maushold|15/100\n|move|p1b: Kingambit|Iron Head|p2b: Maushold\n|-damage|p2b: Maushold|0 fnt\n|faint|p2b: Maushold\n|\n|upkeep\n|\n|t:|1775900444\n|switch|p2b: Talonflame|Talonflame, L50, F|100/100\n|turn|5\n|\n|t:|1775900455\n|move|p2b: Talonflame|Acrobatics|p1a: Garchomp\n|-damage|p1a: Garchomp|13/100\n|-damage|p2b: Talonflame|88/100|[from] ability: Rough Skin|[of] p1a: Garchomp\n|move|p1b: Kingambit|Sucker Punch||[still]\n|-fail|p1b: Kingambit\n|move|p2a: Garchomp|Earthquake|p1a: Garchomp|[spread] p1a,p1b\n|-immune|p2b: Talonflame\n|-supereffective|p1b: Kingambit|1\n|-damage|p1a: Garchomp|0 fnt\n|-damage|p1b: Kingambit|0 fnt\n|faint|p1a: Garchomp\n|faint|p1b: Kingambit\n|\n|win|imobile12345\n|n|\u2606ohko_muk|ohkomuk\n|n|\u2606imobile12345|imobile12345\n|n| reanschawrzer|reanschawrzer\n|n| tastyfloop|tastyfloop\n|n| mysticmarshtomp|mysticmarshtomp\n|n| LamXYZ|lamxyz\n|n| I said NO FURRY|isaidnofurry\n|n| lolgz|lolgz\n|n| lteg|lteg\n",
  "uploadtime": 1775900455,
  "views": 16,
  "formatid": "gen9championsvgc2026regma",
  "rating": null,
  "private": 0,
  "password": null
}