{
  "id": "gen9championsvgc2026regma-2581101861",
  "format": "[Gen 9 Champions] VGC 2026 Reg M-A",
  "players": [
    "DeepestButton",
    "Aeziolu"
  ],
  "log": "|j|\u2606DeepestButton\n|j|\u2606Aeziolu\n|html|<table width=\"100%\"><tr><td align=\"left\">DeepestButton</td><td align=\"right\">Aeziolu</tr><tr><td align=\"left\"><i class=\"fa fa-circle\"></i> <i class=\"fa fa-circle-o\"></i> </td><td align=\"right\"><i class=\"fa fa-circle-o\"></i> <i class=\"fa fa-circle\"></i> </tr></table>\n|uhtml|bestof|<h2><strong>Game 3</strong> of <a href=\"/game-bestof3-gen9championsvgc2026regma-2581095683\">a best-of-3</a></h2>\n|t:|1775960014\n|gametype|doubles\n|player|p1|DeepestButton|hiker-gen4|\n|player|p2|Aeziolu|wally|\n|gen|9\n|tier|[Gen 9 Champions] VGC 2026 Reg M-A\n|rule|Species Clause: Limit one of each Pok\u00e9mon\n|rule|Item Clause: Limit 1 of each item\n|raw|<div class=\"infobox\"><details class=\"readmore\" open><summary><strong>1 custom rule:</strong></summary> Best of = 3</details></div>\n|clearpoke\n|poke|p1|Floette-Eternal, L50, F|\n|poke|p1|Hatterene, L50, F|\n|poke|p1|Aerodactyl, L50, F|\n|poke|p1|Incineroar, L50, F|\n|poke|p1|Azumarill, L50, F|\n|poke|p1|Garchomp, L50, F|\n|poke|p2|Dragonite, L50, M|\n|poke|p2|Lucario, L50, F|\n|poke|p2|Rotom-Wash, L50|\n|poke|p2|Whimsicott, L50, F|\n|poke|p2|Incineroar, L50, M|\n|poke|p2|Gengar, L50, M|\n|teampreview|4\nAeziolu has agreed to open team sheets.\n|j| Augodyne\n|j| frokathan\n|\n|t:|1775960048\n|teamsize|p1|4\n|teamsize|p2|4\n|start\n|switch|p1a: Floette|Floette-Eternal, L50, F|100/100\n|switch|p1b: Hatterene|Hatterene, L50, F|100/100\n|switch|p2a: Gengar|Gengar, L50, M|100/100\n|switch|p2b: Lucario|Lucario, L50, F|100/100\n|turn|1\n|c| Augodyne|unfortunate doesn't even begin to describe\n|\n|t:|1775960089\n|detailschange|p2a: Gengar|Gengar-Mega, L50, M\n|-mega|p2a: Gengar|Gengar|Gengarite\n|detailschange|p1a: Floette|Floette-Mega, L50, F\n|-mega|p1a: Floette|Floette|Floettite\n|-ability|p1a: Floette|Fairy Aura\n|move|p1b: Hatterene|Protect|p1b: Hatterene\n|-singleturn|p1b: Hatterene|Protect\n|move|p2a: Gengar|Sludge Bomb|p1a: Floette\n|-supereffective|p1a: Floette|1\n|-damage|p1a: Floette|3/100\n|-status|p1a: Floette|psn\n|move|p1a: Floette|Psychic|p2a: Gengar\n|-supereffective|p2a: Gengar|1\n|-damage|p2a: Gengar|1/100\n|move|p2b: Lucario|Meteor Mash|p1b: Hatterene\n|-activate|p1b: Hatterene|move: Protect\n|\n|-damage|p1a: Floette|0 fnt|[from] psn\n|faint|p1a: Floette\n|upkeep\n|l| frokathan\n|\n|t:|1775960108\n|switch|p1a: Azumarill|Azumarill, L50, F|100/100\n|turn|2\n|j| frokathan\n|\n|t:|1775960122\n|switch|p2a: Rotom|Rotom-Wash, L50|100/100\n|move|p1a: Azumarill|Aqua Jet|p2a: Rotom\n|-resisted|p2a: Rotom|1\n|-damage|p2a: Rotom|91/100\n|move|p2b: Lucario|Meteor Mash|p1b: Hatterene\n|-supereffective|p1b: Hatterene|1\n|-damage|p1b: Hatterene|0 fnt\n|-boost|p2b: Lucario|atk|1\n|faint|p1b: Hatterene\n|\n|-heal|p2a: Rotom|97/100|[from] item: Leftovers\n|upkeep\n|\n|t:|1775960131\n|switch|p1b: Garchomp|Garchomp, L50, F|100/100\n|turn|3\n|c| Augodyne|the extra point from champions mattered\n|\n|t:|1775960169\n|move|p2b: Lucario|Protect|p2b: Lucario\n|-singleturn|p2b: Lucario|Protect\n|move|p1b: Garchomp|Stomping Tantrum|p2b: Lucario\n|-activate|p2b: Lucario|move: Protect\n|move|p2a: Rotom|Will-O-Wisp|p1b: Garchomp|[miss]\n|-miss|p2a: Rotom|p1b: Garchomp\n|move|p1a: Azumarill|Play Rough|p2a: Rotom\n|-damage|p2a: Rotom|43/100\n|\n|-heal|p2a: Rotom|48/100|[from] item: Leftovers\n|upkeep\n|turn|4\n|\n|t:|1775960205\n|move|p2b: Lucario|Bullet Punch|p1a: Azumarill\n|-damage|p1a: Azumarill|71/100\n|move|p1b: Garchomp|Stomping Tantrum|p2b: Lucario\n|-supereffective|p2b: Lucario|1\n|-damage|p2b: Lucario|0 fnt\n|faint|p2b: Lucario\n|move|p2a: Rotom|Volt Switch|p1a: Azumarill\n|-supereffective|p1a: Azumarill|1\n|-damage|p1a: Azumarill|16/100\n|\n|t:|1775960218\n|switch|p2a: Gengar|Gengar-Mega, L50, M|1/100|[from] Volt Switch\n|move|p1a: Azumarill|Play Rough|p2a: Gengar\n|-resisted|p2a: Gengar|1\n|-damage|p2a: Gengar|0 fnt\n|faint|p2a: Gengar\n|\n|upkeep\n|\n|t:|1775960220\n|switch|p2a: Rotom|Rotom-Wash, L50|48/100\n|switch|p2b: Whimsicott|Whimsicott, L50, F|100/100\n|turn|5\n|\n|t:|1775960240\n|move|p2b: Whimsicott|Encore|p1b: Garchomp\n|-start|p1b: Garchomp|Encore\n|move|p1b: Garchomp|Stomping Tantrum|p2a: Rotom\n|-immune|p2a: Rotom|[from] ability: Levitate\n|move|p2a: Rotom|Volt Switch|p1a: Azumarill\n|-supereffective|p1a: Azumarill|1\n|-damage|p1a: Azumarill|0 fnt\n|faint|p1a: Azumarill\n|\n|-heal|p2a: Rotom|54/100|[from] item: Leftovers\n|upkeep\n|turn|6\n|c| Augodyne|encore does random targeting\n|\n|t:|1775960255\n|move|p1b: Garchomp|Stomping Tantrum|p2a: Rotom\n|-immune|p2a: Rotom|[from] ability: Levitate\n|move|p2b: Whimsicott|Moonblast|p1b: Garchomp\n|-supereffective|p1b: Garchomp|1\n|-damage|p1b: Garchomp|37/100\n|move|p2a: Rotom|Will-O-Wisp|p1b: Garchomp\n|-status|p1b: Garchomp|brn\n|\n|-heal|p2a: Rotom|60/100|[from] item: Leftovers\n|-damage|p1b: Garchomp|31/100 brn|[from] brn\n|upkeep\n|turn|7\n|\n|t:|1775960270\n|move|p1b: Garchomp|Stomping Tantrum|p2a: Rotom\n|-immune|p2a: Rotom|[from] ability: Levitate\n|move|p2b: Whimsicott|Moonblast|p1b: Garchomp\n|-supereffective|p1b: Garchomp|1\n|-damage|p1b: Garchomp|0 fnt\n|faint|p1b: Garchomp\n|\n|win|Aeziolu\n|l|\u2606DeepestButton\n|player|p1|\n",
  "uploadtime": 1775960284,
  "views": 9,
  "formatid": "gen9championsvgc2026regma",
  "rating": null,
  "private": 0,
  "password": null
}