{
  "id": "gen9championsvgc2026regma-2580564398",
  "format": "[Gen 9 Champions] VGC 2026 Reg M-A",
  "players": [
    "lilyflows",
    "MegaCharizard54"
  ],
  "log": "|j|\u2606lilyflows\n|j|\u2606MegaCharizard54\n|t:|1775913346\n|gametype|doubles\n|player|p1|lilyflows|n|1014\n|player|p2|MegaCharizard54|169|1037\n|gen|9\n|tier|[Gen 9 Champions] VGC 2026 Reg M-A\n|rated|\n|rule|Species Clause: Limit one of each Pok\u00e9mon\n|rule|Item Clause: Limit 1 of each item\n|clearpoke\n|poke|p1|Floette-Eternal, L50, F|\n|poke|p1|Garchomp, L50, F|\n|poke|p1|Whimsicott, L50, M|\n|poke|p1|Incineroar, L50, M|\n|poke|p1|Corviknight, L50, M|\n|poke|p1|Azumarill, L50, M|\n|poke|p2|Hawlucha, L50, F|\n|poke|p2|Excadrill, L50, F|\n|poke|p2|Tyranitar, L50, F|\n|poke|p2|Incineroar, L50, F|\n|poke|p2|Whimsicott, L50, F|\n|poke|p2|Ceruledge, L50, M|\n|teampreview|4\n|inactive|Battle timer is ON: inactive players will automatically lose when time's up. (requested by lilyflows)\n|inactive|MegaCharizard54 has 60 seconds left.\n|\n|t:|1775913385\n|teamsize|p1|4\n|teamsize|p2|4\n|start\n|switch|p1a: Whimsicott|Whimsicott, L50, M|100/100\n|switch|p1b: Incineroar|Incineroar, L50, M|100/100\n|switch|p2a: Whimsicott|Whimsicott, L50, F|100/100\n|switch|p2b: Incineroar|Incineroar, L50, F|100/100\n|-ability|p1b: Incineroar|Intimidate|boost\n|-unboost|p2a: Whimsicott|atk|1\n|-unboost|p2b: Incineroar|atk|1\n|-ability|p2b: Incineroar|Intimidate|boost\n|-unboost|p1a: Whimsicott|atk|1\n|-unboost|p1b: Incineroar|atk|1\n|turn|1\n|\n|t:|1775913401\n|move|p1b: Incineroar|Fake Out|p2a: Whimsicott\n|-damage|p2a: Whimsicott|89/100\n|move|p2b: Incineroar|Fake Out|p1b: Incineroar\n|-damage|p1b: Incineroar|91/100\n|move|p1a: Whimsicott|Tailwind|p1a: Whimsicott\n|-sidestart|p1: lilyflows|move: Tailwind\n|cant|p2a: Whimsicott|flinch\n|\n|-heal|p1b: Incineroar|96/100|[from] item: Leftovers\n|upkeep\n|turn|2\n|\n|t:|1775913417\n|move|p1a: Whimsicott|Encore|p2b: Incineroar\n|-hint|Since gen 7, Dark is immune to Prankster moves.\n|-immune|p2b: Incineroar\n|move|p2a: Whimsicott|Tailwind|p2a: Whimsicott\n|-sidestart|p2: MegaCharizard54|move: Tailwind\n|move|p1b: Incineroar|Darkest Lariat|p2a: Whimsicott\n|-resisted|p2a: Whimsicott|1\n|-damage|p2a: Whimsicott|73/100\n|move|p2b: Incineroar|Flare Blitz|p1a: Whimsicott\n|-supereffective|p1a: Whimsicott|1\n|-damage|p1a: Whimsicott|23/100\n|-damage|p2b: Incineroar|82/100|[from] Recoil\n|\n|-heal|p1b: Incineroar|100/100|[from] item: Leftovers\n|upkeep\n|turn|3\n|inactive|MegaCharizard54 has 30 seconds left.\n|\n|t:|1775913451\n|switch|p2a: Excadrill|Excadrill, L50, F|100/100\n|move|p1a: Whimsicott|Encore||[still]\n|-fail|p1a: Whimsicott\n|move|p1b: Incineroar|Parting Shot|p2b: Incineroar\n|-unboost|p2b: Incineroar|atk|1\n|-unboost|p2b: Incineroar|spa|1\n|\n|t:|1775913460\n|switch|p1b: Garchomp|Garchomp, L50, F|100/100|[from] Parting Shot\n|move|p2b: Incineroar|Parting Shot|p1b: Garchomp\n|-unboost|p1b: Garchomp|atk|1\n|-unboost|p1b: Garchomp|spa|1\n|\n|t:|1775913468\n|switch|p2b: Hawlucha|Hawlucha, L50, F|100/100|[from] Parting Shot\n|\n|upkeep\n|turn|4\n|\n|t:|1775913487\n|detailschange|p2b: Hawlucha|Hawlucha-Mega, L50, F\n|-mega|p2b: Hawlucha|Hawlucha|Hawluchanite\n|move|p2b: Hawlucha|Entrainment|p2a: Excadrill\n|-ability|p2a: Excadrill|No Guard|Sand Rush|[from] move: Entrainment|[of] p2b: Hawlucha\n|move|p1b: Garchomp|Earthquake|p2a: Excadrill|[spread] p1a,p2a\n|-immune|p2b: Hawlucha\n|-resisted|p1a: Whimsicott|1\n|-supereffective|p2a: Excadrill|1\n|-damage|p1a: Whimsicott|9/100\n|-damage|p2a: Excadrill|28/100\n|move|p1a: Whimsicott|Giga Drain|p2a: Excadrill\n|-damage|p2a: Excadrill|0 fnt\n|-heal|p1a: Whimsicott|29/100|[from] drain|[of] p2a: Excadrill\n|faint|p2a: Excadrill\n|\n|-sideend|p1: lilyflows|move: Tailwind\n|upkeep\n|\n|t:|1775913505\n|switch|p2a: Incineroar|Incineroar, L50, F|82/100\n|-ability|p2a: Incineroar|Intimidate|boost\n|-unboost|p1a: Whimsicott|atk|1\n|-unboost|p1b: Garchomp|atk|1\n|turn|5\n|\n|t:|1775913518\n|move|p1b: Garchomp|Protect|p1b: Garchomp\n|-singleturn|p1b: Garchomp|Protect\n|move|p2a: Incineroar|Fake Out|p1b: Garchomp\n|-activate|p1b: Garchomp|move: Protect\n|move|p1a: Whimsicott|Tailwind|p1a: Whimsicott\n|-sidestart|p1: lilyflows|move: Tailwind\n|move|p2b: Hawlucha|Close Combat|p1b: Garchomp\n|-activate|p1b: Garchomp|move: Protect\n|\n|-sideend|p2: MegaCharizard54|move: Tailwind\n|upkeep\n|turn|6\n|inactive|lilyflows has 30 seconds left.\n|inactive|MegaCharizard54 has 30 seconds left.\n|\n|t:|1775913547\n|switch|p1b: Floette|Floette-Eternal, L50, F|100/100\n|switch|p1a: Incineroar|Incineroar, L50, M|100/100\n|-ability|p1a: Incineroar|Intimidate|boost\n|-unboost|p2a: Incineroar|atk|1\n|-unboost|p2b: Hawlucha|atk|1\n|move|p2b: Hawlucha|Close Combat|p1b: Floette\n|-resisted|p1b: Floette|1\n|-damage|p1b: Floette|63/100\n|-unboost|p2b: Hawlucha|def|1\n|-unboost|p2b: Hawlucha|spd|1\n|move|p2a: Incineroar|Flare Blitz|p1a: Incineroar\n|-resisted|p1a: Incineroar|1\n|-damage|p1a: Incineroar|80/100\n|-damage|p2a: Incineroar|75/100|[from] Recoil\n|\n|-heal|p1a: Incineroar|85/100|[from] item: Leftovers\n|upkeep\n|turn|7\n|inactive|lilyflows has 30 seconds left.\n|inactive|MegaCharizard54 has 30 seconds left.\n|-message|MegaCharizard54 forfeited.\n|\n|win|lilyflows\n|raw|lilyflows's rating: 1014 &rarr; <strong>1054</strong><br />(+40 for winning)\n|raw|MegaCharizard54's rating: 1037 &rarr; <strong>1020</strong><br />(-17 for losing)\n|l|\u2606MegaCharizard54\n|player|p2|\n",
  "uploadtime": 1775913581,
  "views": 10,
  "formatid": "gen9championsvgc2026regma",
  "rating": 1020,
  "private": 0,
  "password": null
}