{
  "id": "gen9championsvgc2026regma-2582104072",
  "format": "[Gen 9 Champions] VGC 2026 Reg M-A",
  "players": [
    "DanceGym1",
    "Hiyoko Saionji TrD"
  ],
  "log": "|j|\u2606DanceGym1\n|j|\u2606Hiyoko Saionji TrD\n|t:|1776058372\n|gametype|doubles\n|player|p1|DanceGym1|wallace-masters|1125\n|player|p2|Hiyoko Saionji TrD|erika-masters3|1115\n|gen|9\n|tier|[Gen 9 Champions] VGC 2026 Reg M-A\n|rated|\n|rule|Species Clause: Limit one of each Pok\u00e9mon\n|rule|Item Clause: Limit 1 of each item\n|clearpoke\n|poke|p1|Heracross, L50, F|\n|poke|p1|Whimsicott, L50, F|\n|poke|p1|Clawitzer, L50, F|\n|poke|p1|Incineroar, L50, M|\n|poke|p1|Dragonite, L50, M|\n|poke|p1|Gengar, L50, M|\n|poke|p2|Chandelure, L50, F|\n|poke|p2|Tsareena, L50, F|\n|poke|p2|Whimsicott, L50, M|\n|poke|p2|Maushold-Four, L50|\n|poke|p2|Kleavor, L50, M|\n|poke|p2|Mamoswine, L50, M|\n|teampreview|4\n|\n|t:|1776058418\n|teamsize|p1|4\n|teamsize|p2|4\n|start\n|switch|p1a: Super Bug Blast|Heracross, L50, F|100/100\n|switch|p1b: No Guard Punish|Whimsicott, L50, F|100/100\n|switch|p2a: Whimsicott|Whimsicott, L50, M|100/100\n|switch|p2b: Kleavor|Kleavor, L50, M|100/100\n|turn|1\n|l|\u2606Hiyoko Saionji TrD\n|player|p2|\n|\n|t:|1776058465\n|detailschange|p1a: Super Bug Blast|Heracross-Mega, L50, F\n|-mega|p1a: Super Bug Blast|Heracross|Heracronite\n|move|p1b: No Guard Punish|Worry Seed|p2b: Kleavor\n|-ability|p2b: Kleavor|Insomnia|Sharpness|[from] move: Worry Seed\n|move|p2b: Kleavor|Stone Axe|p1b: No Guard Punish\n|-damage|p1b: No Guard Punish|64/100\n|-sidestart|p1: DanceGym1|move: Stealth Rock\n|move|p2a: Whimsicott|Moonblast|p1a: Super Bug Blast\n|-supereffective|p1a: Super Bug Blast|1\n|-damage|p1a: Super Bug Blast|20/100\n|move|p1a: Super Bug Blast|Rock Blast|p2b: Kleavor\n|-supereffective|p2b: Kleavor|1\n|-crit|p2b: Kleavor\n|-damage|p2b: Kleavor|64/100\n|-supereffective|p2b: Kleavor|1\n|-damage|p2b: Kleavor|42/100\n|-supereffective|p2b: Kleavor|1\n|-damage|p2b: Kleavor|15/100\n|-supereffective|p2b: Kleavor|1\n|-damage|p2b: Kleavor|0 fnt\n|faint|p2b: Kleavor\n|-hitcount|p2: Kleavor|4\n|\n|upkeep\n|j|\u2606Hiyoko Saionji TrD\n|player|p2|Hiyoko Saionji TrD|erika-masters3|\n|\n|t:|1776058535\n|switch|p2b: Tsareena|Tsareena, L50, F|100/100\n|turn|2\n|\n|t:|1776058553\n|move|p1a: Super Bug Blast|Protect|p1a: Super Bug Blast\n|-singleturn|p1a: Super Bug Blast|Protect\n|move|p1b: No Guard Punish|Tailwind|p1b: No Guard Punish\n|-sidestart|p1: DanceGym1|move: Tailwind\n|move|p2a: Whimsicott|Moonblast|p1a: Super Bug Blast\n|-activate|p1a: Super Bug Blast|move: Protect\n|move|p2b: Tsareena|Trop Kick|p1b: No Guard Punish\n|-resisted|p1b: No Guard Punish|1\n|-damage|p1b: No Guard Punish|39/100\n|-unboost|p1b: No Guard Punish|atk|1\n|\n|upkeep\n|turn|3\n|\n|t:|1776058597\n|move|p2a: Whimsicott|Tailwind|p2a: Whimsicott\n|-sidestart|p2: Hiyoko Saionji TrD|move: Tailwind\n|move|p1a: Super Bug Blast|Pin Missile|p2b: Tsareena\n|-supereffective|p2b: Tsareena|1\n|-damage|p2b: Tsareena|66/100\n|-supereffective|p2b: Tsareena|1\n|-damage|p2b: Tsareena|29/100\n|-supereffective|p2b: Tsareena|1\n|-damage|p2b: Tsareena|0 fnt\n|faint|p2b: Tsareena\n|-hitcount|p2: Tsareena|3\n|move|p1b: No Guard Punish|Dazzling Gleam|p2a: Whimsicott\n|-damage|p2a: Whimsicott|63/100\n|\n|upkeep\n|\n|t:|1776058610\n|switch|p2b: Chandelure|Chandelure, L50, F|100/100\n|turn|4\n|\n|t:|1776058633\n|detailschange|p2b: Chandelure|Chandelure-Mega, L50, F\n|-mega|p2b: Chandelure|Chandelure|Chandelurite\n|move|p2b: Chandelure|Protect|p2b: Chandelure\n|-singleturn|p2b: Chandelure|Protect\n|move|p2a: Whimsicott|Moonblast|p1b: No Guard Punish\n|-damage|p1b: No Guard Punish|1/100\n|-unboost|p1b: No Guard Punish|spa|1\n|move|p1a: Super Bug Blast|Pin Missile|p2a: Whimsicott\n|-damage|p2a: Whimsicott|38/100\n|-damage|p2a: Whimsicott|14/100\n|-damage|p2a: Whimsicott|0 fnt\n|faint|p2a: Whimsicott\n|-hitcount|p2: Whimsicott|3\n|move|p1b: No Guard Punish|Dazzling Gleam|p2b: Chandelure\n|-activate|p2b: Chandelure|move: Protect\n|\n|upkeep\n|turn|5\n|\n|t:|1776058658\n|move|p1b: No Guard Punish|Protect|p1b: No Guard Punish\n|-singleturn|p1b: No Guard Punish|Protect\n|move|p1a: Super Bug Blast|Protect|p1a: Super Bug Blast\n|-singleturn|p1a: Super Bug Blast|Protect\n|move|p2b: Chandelure|Heat Wave|p1a: Super Bug Blast|[spread] \n|-activate|p1a: Super Bug Blast|move: Protect\n|-activate|p1b: No Guard Punish|move: Protect\n|\n|-sideend|p1: DanceGym1|move: Tailwind\n|upkeep\n|turn|6\n|\n|t:|1776058675\n|switch|p1a: Water Type|Clawitzer, L50, F|100/100\n|-damage|p1a: Water Type|88/100|[from] Stealth Rock\n|move|p1b: No Guard Punish|Tailwind|p1b: No Guard Punish\n|-sidestart|p1: DanceGym1|move: Tailwind\n|move|p2b: Chandelure|Heat Wave|p1b: No Guard Punish|[spread] p1a,p1b\n|-resisted|p1a: Water Type|1\n|-supereffective|p1b: No Guard Punish|1\n|-damage|p1a: Water Type|56/100\n|-damage|p1b: No Guard Punish|0 fnt\n|faint|p1b: No Guard Punish\n|\n|-sideend|p2: Hiyoko Saionji TrD|move: Tailwind\n|upkeep\n|\n|t:|1776058686\n|switch|p1b: Super Bug Blast|Heracross-Mega, L50, F|20/100\n|-damage|p1b: Super Bug Blast|8/100|[from] Stealth Rock\n|turn|7\n|\n|t:|1776058695\n|move|p1b: Super Bug Blast|Rock Blast|p2b: Chandelure\n|-supereffective|p2b: Chandelure|1\n|-damage|p2b: Chandelure|71/100\n|-supereffective|p2b: Chandelure|1\n|-damage|p2b: Chandelure|41/100\n|-supereffective|p2b: Chandelure|1\n|-damage|p2b: Chandelure|11/100\n|-supereffective|p2b: Chandelure|1\n|-damage|p2b: Chandelure|0 fnt\n|faint|p2b: Chandelure\n|-hitcount|p2: Chandelure|4\n|\n|win|DanceGym1\n|raw|DanceGym1's rating: 1125 &rarr; <strong>1149</strong><br />(+24 for winning)\n|raw|Hiyoko Saionji TrD's rating: 1115 &rarr; <strong>1091</strong><br />(-24 for losing)\n|l|\u2606Hiyoko Saionji TrD\n|player|p2|\n",
  "uploadtime": 1776058704,
  "views": 14,
  "formatid": "gen9championsvgc2026regma",
  "rating": 1091,
  "private": 0,
  "password": null
}