{
  "id": "gen9championsvgc2026regma-2587215857",
  "format": "[Gen 9 Champions] VGC 2026 Reg M-A",
  "players": [
    "Xedivad",
    "smile of heaven"
  ],
  "log": "|j|\u2606Xedivad\n|j|\u2606smile of heaven\n|t:|1776510119\n|gametype|doubles\n|player|p1|Xedivad|morty|1109\n|player|p2|smile of heaven|hilbert|1089\n|gen|9\n|tier|[Gen 9 Champions] VGC 2026 Reg M-A\n|rated|\n|rule|Species Clause: Limit one of each Pok\u00e9mon\n|rule|Item Clause: Limit 1 of each item\n|clearpoke\n|poke|p1|Floette-Eternal, L50, F|\n|poke|p1|Sinistcha, L50|\n|poke|p1|Incineroar, L50, M|\n|poke|p1|Rotom-Frost, L50|\n|poke|p1|Talonflame, L50, F|\n|poke|p1|Ninetales-Alola, L50, F|\n|poke|p2|Incineroar, L50, M|\n|poke|p2|Gengar, L50, F|\n|poke|p2|Sinistcha-Masterpiece, L50|\n|poke|p2|Kingambit, L50, M|\n|poke|p2|Tyranitar, L50, M|\n|poke|p2|Kommo-o, L50, F|\n|teampreview|4\n|\n|t:|1776510172\n|teamsize|p1|4\n|teamsize|p2|4\n|start\n|switch|p1a: Talonflame|Talonflame, L50, F|100/100\n|switch|p1b: Incineroar|Incineroar, L50, M|100/100\n|switch|p2a: Tyranitar|Tyranitar, L50, M|100/100\n|switch|p2b: Gengar|Gengar, L50, F|100/100\n|-weather|Sandstorm|[from] ability: Sand Stream|[of] p2a: Tyranitar\n|-ability|p1b: Incineroar|Intimidate|boost\n|-unboost|p2a: Tyranitar|atk|1\n|-unboost|p2b: Gengar|atk|1\n|turn|1\n|\n|t:|1776510194\n|detailschange|p2b: Gengar|Gengar-Mega, L50, F\n|-mega|p2b: Gengar|Gengar|Gengarite\n|move|p1b: Incineroar|Fake Out|p2a: Tyranitar\n|-resisted|p2a: Tyranitar|1\n|-damage|p2a: Tyranitar|95/100\n|move|p1a: Talonflame|Tailwind|p1a: Talonflame\n|-sidestart|p1: Xedivad|move: Tailwind\n|cant|p2a: Tyranitar|flinch\n|move|p2b: Gengar|Substitute|p2b: Gengar\n|-start|p2b: Gengar|Substitute\n|-damage|p2b: Gengar|76/100\n|\n|-weather|Sandstorm|[upkeep]\n|-damage|p1a: Talonflame|95/100|[from] Sandstorm\n|-damage|p1b: Incineroar|95/100|[from] Sandstorm\n|-damage|p2b: Gengar|70/100|[from] Sandstorm\n|upkeep\n|turn|2\n|\n|t:|1776510220\n|move|p1a: Talonflame|Brave Bird|p2b: Gengar\n|-end|p2b: Gengar|Substitute\n|-damage|p1a: Talonflame|86/100|[from] Recoil|[of] p2b: Gengar\n|move|p1b: Incineroar|Parting Shot|p2a: Tyranitar\n|-unboost|p2a: Tyranitar|atk|1\n|-unboost|p2a: Tyranitar|spa|1\n|\n|t:|1776510227\n|switch|p1b: Ninetales|Ninetales-Alola, L50, F|100/100|[from] Parting Shot\n|-weather|Snowscape|[from] ability: Snow Warning|[of] p1b: Ninetales\n|move|p2a: Tyranitar|Rock Slide|p1b: Ninetales|[spread] p1a\n|-miss|p2a: Tyranitar|p1b: Ninetales\n|-supereffective|p1a: Talonflame|2\n|-damage|p1a: Talonflame|0 fnt\n|faint|p1a: Talonflame\n|move|p2b: Gengar|Shadow Ball|p1b: Ninetales\n|-damage|p1b: Ninetales|54/100\n|-unboost|p1b: Ninetales|spd|1\n|\n|-weather|Snowscape|[upkeep]\n|upkeep\n|\n|t:|1776510234\n|switch|p1a: Incineroar|Incineroar, L50, M|95/100\n|-ability|p1a: Incineroar|Intimidate|boost\n|-unboost|p2a: Tyranitar|atk|1\n|-unboost|p2b: Gengar|atk|1\n|turn|3\n|\n|t:|1776510267\n|switch|p2a: Incineroar|Incineroar, L50, M|100/100\n|-ability|p2a: Incineroar|Intimidate|boost\n|-unboost|p1a: Incineroar|atk|1\n|-unboost|p1b: Ninetales|atk|1\n|move|p2b: Gengar|Protect|p2b: Gengar\n|-singleturn|p2b: Gengar|Protect\n|move|p1a: Incineroar|Fake Out|p2a: Incineroar\n|-damage|p2a: Incineroar|94/100\n|move|p1b: Ninetales|Aurora Veil|p1b: Ninetales\n|-sidestart|p1: Xedivad|move: Aurora Veil\n|\n|-weather|Snowscape|[upkeep]\n|upkeep\n|turn|4\n|\n|t:|1776510285\n|move|p2a: Incineroar|Fake Out|p1a: Incineroar\n|-damage|p1a: Incineroar|88/100\n|move|p1b: Ninetales|Blizzard|p2b: Gengar|[spread] p2a,p2b\n|-resisted|p2a: Incineroar|1\n|-damage|p2a: Incineroar|84/100\n|-damage|p2b: Gengar|39/100\n|cant|p1a: Incineroar|flinch\n|move|p2b: Gengar|Perish Song|p2b: Gengar\n|-start|p1a: Incineroar|perish3|[silent]\n|-start|p1b: Ninetales|perish3|[silent]\n|-start|p2a: Incineroar|perish3|[silent]\n|-start|p2b: Gengar|perish3|[silent]\n|-fieldactivate|move: Perish Song\n|\n|-weather|Snowscape|[upkeep]\n|-start|p1b: Ninetales|perish3\n|-start|p1a: Incineroar|perish3\n|-start|p2b: Gengar|perish3\n|-start|p2a: Incineroar|perish3\n|-sideend|p1: Xedivad|move: Tailwind\n|upkeep\n|turn|5\n|inactive|Battle timer is ON: inactive players will automatically lose when time's up. (requested by Xedivad)\n|\n|t:|1776510318\n|move|p1b: Ninetales|Blizzard|p2b: Gengar|[spread] p2a,p2b\n|-resisted|p2a: Incineroar|1\n|-damage|p2a: Incineroar|73/100\n|-damage|p2b: Gengar|6/100\n|move|p2b: Gengar|Substitute|p2b: Gengar\n|-fail|p2b: Gengar|move: Substitute|[weak]\n|move|p1a: Incineroar|Parting Shot|p2a: Incineroar\n|-unboost|p2a: Incineroar|atk|1\n|-unboost|p2a: Incineroar|spa|1\n|\n|t:|1776510326\n|switch|p1a: Floette|Floette-Eternal, L50, F|100/100|[from] Parting Shot\n|move|p2a: Incineroar|Parting Shot|p1a: Floette\n|-unboost|p1a: Floette|atk|1\n|-unboost|p1a: Floette|spa|1\n|\n|t:|1776510332\n|switch|p2a: Kingambit|Kingambit, L50, M|100/100|[from] Parting Shot\n|\n|-weather|Snowscape|[upkeep]\n|-start|p1b: Ninetales|perish2\n|-start|p2b: Gengar|perish2\n|upkeep\n|turn|6\n|inactive|smile of heaven has 30 seconds left.\n|\n|t:|1776510361\n|detailschange|p1a: Floette|Floette-Mega, L50, F\n|-mega|p1a: Floette|Floette|Floettite\n|-ability|p1a: Floette|Fairy Aura\n|move|p2b: Gengar|Protect|p2b: Gengar\n|-singleturn|p2b: Gengar|Protect\n|move|p1b: Ninetales|Blizzard|p2a: Kingambit|[spread] p2a\n|-activate|p2b: Gengar|move: Protect\n|-resisted|p2a: Kingambit|1\n|-damage|p2a: Kingambit|86/100\n|move|p1a: Floette|Draining Kiss|p2b: Gengar\n|-activate|p2b: Gengar|move: Protect\n|move|p2a: Kingambit|Iron Head|p1a: Floette\n|-supereffective|p1a: Floette|1\n|-damage|p1a: Floette|37/100\n|\n|-weather|none\n|-start|p1b: Ninetales|perish1\n|-start|p2b: Gengar|perish1\n|upkeep\n|turn|7\n|inactive|smile of heaven has 30 seconds left.\n|\n|t:|1776510391\n|switch|p2b: Incineroar|Incineroar, L50, M|73/100\n|-ability|p2b: Incineroar|Intimidate|boost\n|-unboost|p1a: Floette|atk|1\n|-unboost|p1b: Ninetales|atk|1\n|move|p1b: Ninetales|Blizzard|p2b: Incineroar|[spread] p2a,p2b\n|-resisted|p2a: Kingambit|1\n|-resisted|p2b: Incineroar|1\n|-damage|p2a: Kingambit|72/100\n|-damage|p2b: Incineroar|62/100\n|move|p1a: Floette|Draining Kiss|p2a: Kingambit\n|-damage|p2a: Kingambit|50/100\n|-heal|p1a: Floette|59/100|[from] drain|[of] p2a: Kingambit\n|move|p2a: Kingambit|Iron Head|p1a: Floette\n|-supereffective|p1a: Floette|1\n|-damage|p1a: Floette|0 fnt\n|faint|p1a: Floette\n|\n|-start|p1b: Ninetales|perish0\n|-sideend|p1: Xedivad|move: Aurora Veil\n|upkeep\n|faint|p1b: Ninetales\n|inactive|Xedivad has 30 seconds left.\n|inactive|Xedivad has 20 seconds left.\n|-message|Xedivad forfeited.\n|\n|win|smile of heaven\n|raw|Xedivad's rating: 1109 &rarr; <strong>1083</strong><br />(-26 for losing)\n|raw|smile of heaven's rating: 1089 &rarr; <strong>1117</strong><br />(+28 for winning)\n|l|\u2606Xedivad\n|player|p1|\n",
  "uploadtime": 1776510437,
  "views": 16,
  "formatid": "gen9championsvgc2026regma",
  "rating": 1083,
  "private": 0,
  "password": null
}