{
  "id": "gen9championsvgc2026regma-2587878487",
  "format": "[Gen 9 Champions] VGC 2026 Reg M-A",
  "players": [
    "Lockton",
    "Xyaolang_lee"
  ],
  "log": "|j|\u2606Lockton\n|j|\u2606Xyaolang_lee\n|t:|1776573739\n|gametype|doubles\n|player|p1|Lockton|dragontamer|1171\n|player|p2|Xyaolang_lee|170|1148\n|gen|9\n|tier|[Gen 9 Champions] VGC 2026 Reg M-A\n|rated|\n|rule|Species Clause: Limit one of each Pok\u00e9mon\n|rule|Item Clause: Limit 1 of each item\n|clearpoke\n|poke|p1|Beedrill, L50, M, shiny|\n|poke|p1|Sylveon, L50, M, shiny|\n|poke|p1|Kommo-o, L50, F, shiny|\n|poke|p1|Incineroar, L50, M|\n|poke|p1|Garchomp, L50, F|\n|poke|p1|Sinistcha, L50|\n|poke|p2|Audino, L50, M|\n|poke|p2|Tinkaton, L50, F|\n|poke|p2|Toxapex, L50, M|\n|poke|p2|Corviknight, L50, M|\n|poke|p2|Politoed, L50, M|\n|poke|p2|Basculegion-F, L50, F|\n|teampreview|4\n|\n|t:|1776573785\n|teamsize|p1|4\n|teamsize|p2|4\n|start\n|switch|p1a: Beedrill|Beedrill, L50, M, shiny|100/100\n|switch|p1b: Incineroar|Incineroar, L50, M|100/100\n|switch|p2a: Tinkaton|Tinkaton, L50, F|100/100\n|switch|p2b: Audino|Audino, L50, M|100/100\n|-ability|p2a: Tinkaton|Mold Breaker\n|-ability|p1b: Incineroar|Intimidate|boost\n|-unboost|p2a: Tinkaton|atk|1\n|-unboost|p2b: Audino|atk|1\n|turn|1\n|\n|t:|1776573826\n|detailschange|p1a: Beedrill|Beedrill-Mega, L50, M, shiny\n|-mega|p1a: Beedrill|Beedrill|Beedrillite\n|move|p2a: Tinkaton|Fake Out|p1b: Incineroar\n|-damage|p1b: Incineroar|94/100\n|cant|p1b: Incineroar|flinch\n|move|p1a: Beedrill|U-turn|p2b: Audino\n|-damage|p2b: Audino|44/100\n|\n|t:|1776573837\n|switch|p1a: Garchomp|Garchomp, L50, F|100/100|[from] U-turn\n|move|p2b: Audino|Trick Room|p2b: Audino\n|-fieldstart|move: Trick Room|[of] p2b: Audino\n|\n|upkeep\n|turn|2\n|\n|t:|1776573867\n|detailschange|p2b: Audino|Audino-Mega, L50, M\n|-mega|p2b: Audino|Audino|Audinite\n|move|p2b: Audino|Dazzling Gleam|p1a: Garchomp|[spread] p1a,p1b\n|-supereffective|p1a: Garchomp|1\n|-damage|p1a: Garchomp|53/100\n|-damage|p1b: Incineroar|75/100\n|move|p1b: Incineroar|Parting Shot|p2a: Tinkaton\n|-unboost|p2a: Tinkaton|atk|1\n|-unboost|p2a: Tinkaton|spa|1\n|\n|t:|1776573876\n|switch|p1b: Sinistcha|Sinistcha, L50|100/100|[from] Parting Shot\n|-heal|p1a: Garchomp|78/100|[from] ability: Hospitality|[of] p1b: Sinistcha\n|move|p2a: Tinkaton|Play Rough|p1b: Sinistcha\n|-damage|p1b: Sinistcha|85/100\n|move|p1a: Garchomp|Earthquake|p2a: Tinkaton|[spread] p1b,p2a,p2b\n|-resisted|p1b: Sinistcha|1\n|-supereffective|p2a: Tinkaton|1\n|-damage|p1b: Sinistcha|67/100\n|-damage|p2a: Tinkaton|4/100\n|-damage|p2b: Audino|17/100\n|-enditem|p2a: Tinkaton|Sitrus Berry|[eat]\n|-heal|p2a: Tinkaton|29/100|[from] item: Sitrus Berry\n|\n|upkeep\n|turn|3\n|\n|t:|1776573924\n|switch|p1a: Beedrill|Beedrill-Mega, L50, M, shiny|100/100\n|move|p2b: Audino|Dazzling Gleam|p1a: Beedrill|[spread] p1a,p1b\n|-resisted|p1a: Beedrill|1\n|-damage|p1a: Beedrill|80/100\n|-damage|p1b: Sinistcha|45/100\n|move|p1b: Sinistcha|Matcha Gotcha|p2a: Tinkaton|[spread] p2a,p2b\n|-resisted|p2a: Tinkaton|1\n|-damage|p2a: Tinkaton|18/100\n|-heal|p1b: Sinistcha|51/100|[from] drain|[of] p2a: Tinkaton\n|-damage|p2b: Audino|0 fnt\n|-heal|p1b: Sinistcha|61/100|[from] drain|[of] p2b: Audino\n|faint|p2b: Audino\n|move|p2a: Tinkaton|Knock Off|p1b: Sinistcha\n|-supereffective|p1b: Sinistcha|1\n|-damage|p1b: Sinistcha|40/100\n|-enditem|p1b: Sinistcha|Kasib Berry|[from] move: Knock Off|[of] p2a: Tinkaton\n|\n|upkeep\n|\n|t:|1776573941\n|switch|p2b: Corviknight|Corviknight, L50, M|100/100\n|turn|4\n|\n|t:|1776573958\n|switch|p2a: Toxapex|Toxapex, L50, M|100/100\n|move|p1b: Sinistcha|Protect|p1b: Sinistcha\n|-singleturn|p1b: Sinistcha|Protect\n|move|p2b: Corviknight|Brave Bird|p1b: Sinistcha\n|-activate|p1b: Sinistcha|move: Protect\n|move|p1a: Beedrill|U-turn|p2a: Toxapex\n|-resisted|p2a: Toxapex|1\n|-damage|p2a: Toxapex|77/100\n|\n|t:|1776573986\n|switch|p1a: Incineroar|Incineroar, L50, M|75/100|[from] U-turn\n|-ability|p1a: Incineroar|Intimidate|boost\n|-unboost|p2a: Toxapex|atk|1\n|-ability|p2b: Corviknight|Mirror Armor\n|-unboost|p1a: Incineroar|atk|1\n|\n|-heal|p2a: Toxapex|83/100|[from] item: Leftovers\n|upkeep\n|turn|5\n|\n|t:|1776574010\n|move|p1a: Incineroar|Fake Out|p2b: Corviknight\n|-resisted|p2b: Corviknight|1\n|-damage|p2b: Corviknight|99/100\n|move|p2a: Toxapex|Toxic Spikes|p1b: Sinistcha\n|-sidestart|p1: Lockton|move: Toxic Spikes\n|cant|p2b: Corviknight|flinch\n|move|p1b: Sinistcha|Life Dew|p1b: Sinistcha|[spread] p1a,p1b\n|-heal|p1a: Incineroar|100/100\n|-heal|p1b: Sinistcha|65/100\n|\n|-heal|p2a: Toxapex|88/100|[from] item: Leftovers\n|-fieldend|move: Trick Room\n|upkeep\n|turn|6\n|\n|t:|1776574033\n|switch|p1b: Garchomp|Garchomp, L50, F|78/100\n|-status|p1b: Garchomp|psn\n|move|p1a: Incineroar|Flare Blitz|p2b: Corviknight\n|-supereffective|p2b: Corviknight|1\n|-enditem|p2b: Corviknight|Occa Berry|[eat]\n|-enditem|p2b: Corviknight|Occa Berry|[weaken]\n|-damage|p2b: Corviknight|78/100\n|-damage|p1a: Incineroar|94/100|[from] Recoil\n|move|p2b: Corviknight|Tailwind|p2b: Corviknight\n|-sidestart|p2: Xyaolang_lee|move: Tailwind\n|move|p2a: Toxapex|Poison Jab|p1b: Garchomp\n|-resisted|p1b: Garchomp|1\n|-crit|p1b: Garchomp\n|-damage|p1b: Garchomp|58/100 psn\n|-damage|p2a: Toxapex|76/100|[from] ability: Rough Skin|[of] p1b: Garchomp\n|\n|-heal|p2a: Toxapex|82/100|[from] item: Leftovers\n|-damage|p1b: Garchomp|45/100 psn|[from] psn\n|upkeep\n|-enditem|p1b: Garchomp|Sitrus Berry|[eat]\n|-heal|p1b: Garchomp|70/100 psn|[from] item: Sitrus Berry\n|turn|7\n|\n|t:|1776574076\n|move|p2a: Toxapex|Baneful Bunker|p2a: Toxapex\n|-singleturn|p2a: Toxapex|move: Protect\n|move|p2b: Corviknight|Body Press|p1b: Garchomp\n|-damage|p1b: Garchomp|48/100 psn\n|-damage|p2b: Corviknight|66/100|[from] ability: Rough Skin|[of] p1b: Garchomp\n|move|p1b: Garchomp|Rock Slide|p2a: Toxapex|[spread] p2b\n|-activate|p2a: Toxapex|move: Protect\n|-damage|p2b: Corviknight|54/100\n|move|p1a: Incineroar|Flare Blitz|p2b: Corviknight\n|-supereffective|p2b: Corviknight|1\n|-damage|p2b: Corviknight|16/100\n|-damage|p1a: Incineroar|81/100|[from] Recoil\n|\n|-heal|p2a: Toxapex|88/100|[from] item: Leftovers\n|-damage|p1b: Garchomp|35/100 psn|[from] psn\n|upkeep\n|turn|8\n|\n|t:|1776574130\n|move|p1b: Garchomp|Protect|p1b: Garchomp\n|-singleturn|p1b: Garchomp|Protect\n|move|p2b: Corviknight|Roost|p2b: Corviknight\n|-heal|p2b: Corviknight|66/100\n|-singleturn|p2b: Corviknight|move: Roost\n|move|p2a: Toxapex|Poison Jab|p1a: Incineroar\n|-damage|p1a: Incineroar|64/100\n|-status|p1a: Incineroar|psn\n|move|p1a: Incineroar|Parting Shot|p2a: Toxapex\n|-unboost|p2a: Toxapex|atk|1\n|-unboost|p2a: Toxapex|spa|1\n|\n|t:|1776574143\n|switch|p1a: Sinistcha|Sinistcha, L50|65/100|[from] Parting Shot\n|-status|p1a: Sinistcha|psn\n|-heal|p1b: Garchomp|60/100 psn|[from] ability: Hospitality|[of] p1a: Sinistcha\n|\n|-heal|p2a: Toxapex|93/100|[from] item: Leftovers\n|-damage|p1b: Garchomp|48/100 psn|[from] psn\n|-damage|p1a: Sinistcha|53/100 psn|[from] psn\n|upkeep\n|turn|9\n|inactive|Battle timer is ON: inactive players will automatically lose when time's up. (requested by Lockton)\n|\n|t:|1776574185\n|switch|p2a: Tinkaton|Tinkaton, L50, F|18/100\n|-ability|p2a: Tinkaton|Mold Breaker\n|move|p1a: Sinistcha|Protect|p1a: Sinistcha\n|-singleturn|p1a: Sinistcha|Protect\n|move|p2b: Corviknight|Body Press|p1b: Garchomp\n|-crit|p1b: Garchomp\n|-damage|p1b: Garchomp|8/100 psn\n|-damage|p2b: Corviknight|54/100|[from] ability: Rough Skin|[of] p1b: Garchomp\n|move|p1b: Garchomp|Earthquake|p2b: Corviknight|[spread] p2a\n|-activate|p1a: Sinistcha|move: Protect\n|-immune|p2b: Corviknight\n|-supereffective|p2a: Tinkaton|1\n|-damage|p2a: Tinkaton|0 fnt\n|faint|p2a: Tinkaton\n|\n|-damage|p1b: Garchomp|0 fnt|[from] psn\n|faint|p1b: Garchomp\n|-damage|p1a: Sinistcha|40/100 psn|[from] psn\n|-sideend|p2: Xyaolang_lee|move: Tailwind\n|upkeep\n|inactive|Lockton has 30 seconds left.\n|\n|t:|1776574213\n|switch|p1b: Incineroar|Incineroar, L50, M|64/100 psn\n|switch|p2a: Toxapex|Toxapex, L50, M|93/100\n|-ability|p1b: Incineroar|Intimidate|boost\n|-unboost|p2a: Toxapex|atk|1\n|-ability|p2b: Corviknight|Mirror Armor\n|-unboost|p1b: Incineroar|atk|1\n|turn|10\n|\n|t:|1776574228\n|move|p1b: Incineroar|Fake Out|p2b: Corviknight\n|-resisted|p2b: Corviknight|1\n|-damage|p2b: Corviknight|52/100\n|move|p1a: Sinistcha|Life Dew|p1a: Sinistcha|[spread] p1a,p1b\n|-heal|p1a: Sinistcha|66/100 psn\n|-heal|p1b: Incineroar|89/100 psn\n|cant|p2b: Corviknight|flinch\n|move|p2a: Toxapex|Poison Jab|p1a: Sinistcha\n|-crit|p1a: Sinistcha\n|-damage|p1a: Sinistcha|28/100 psn\n|\n|-heal|p2a: Toxapex|99/100|[from] item: Leftovers\n|-damage|p1a: Sinistcha|16/100 psn|[from] psn\n|-damage|p1b: Incineroar|77/100 psn|[from] psn\n|upkeep\n|turn|11\n|inactive|Lockton has 30 seconds left.\n|\n|t:|1776574256\n|switch|p1a: Beedrill|Beedrill-Mega, L50, M, shiny|80/100\n|-sideend|p1: Lockton|move: Toxic Spikes|[of] p1a: Beedrill\n|move|p1b: Incineroar|Flare Blitz|p2b: Corviknight\n|-supereffective|p2b: Corviknight|1\n|-damage|p2b: Corviknight|13/100\n|-damage|p1b: Incineroar|64/100 psn|[from] Recoil\n|move|p2b: Corviknight|Tailwind|p2b: Corviknight\n|-sidestart|p2: Xyaolang_lee|move: Tailwind\n|move|p2a: Toxapex|Poison Jab|p1a: Beedrill\n|-resisted|p1a: Beedrill|1\n|-crit|p1a: Beedrill\n|-damage|p1a: Beedrill|33/100\n|\n|-heal|p2a: Toxapex|100/100|[from] item: Leftovers\n|-damage|p1b: Incineroar|51/100 psn|[from] psn\n|upkeep\n|turn|12\n|inactive|Lockton has 30 seconds left.\n|\n|t:|1776574290\n|move|p1a: Beedrill|U-turn|p2a: Toxapex\n|-resisted|p2a: Toxapex|1\n|-damage|p2a: Toxapex|78/100\n|\n|t:|1776574293\n|switch|p1a: Sinistcha|Sinistcha, L50|16/100 psn|[from] U-turn\n|-heal|p1b: Incineroar|76/100 psn|[from] ability: Hospitality|[of] p1a: Sinistcha\n|move|p2b: Corviknight|Body Press|p1a: Sinistcha\n|-immune|p1a: Sinistcha\n|move|p2a: Toxapex|Poison Jab|p1a: Sinistcha\n|-crit|p1a: Sinistcha\n|-damage|p1a: Sinistcha|0 fnt\n|faint|p1a: Sinistcha\n|move|p1b: Incineroar|Flare Blitz|p2b: Corviknight\n|-supereffective|p2b: Corviknight|1\n|-damage|p2b: Corviknight|0 fnt\n|faint|p2b: Corviknight\n|-damage|p1b: Incineroar|72/100 psn|[from] Recoil\n|\n|-heal|p2a: Toxapex|83/100|[from] item: Leftovers\n|-damage|p1b: Incineroar|60/100 psn|[from] psn\n|upkeep\n|\n|t:|1776574314\n|switch|p1a: Beedrill|Beedrill-Mega, L50, M, shiny|33/100\n|turn|13\n|\n|t:|1776574326\n|move|p1a: Beedrill|Poison Jab|p2a: Toxapex\n|-resisted|p2a: Toxapex|1\n|-damage|p2a: Toxapex|57/100\n|move|p2a: Toxapex|Recover|p2a: Toxapex\n|-heal|p2a: Toxapex|100/100\n|move|p1b: Incineroar|Throat Chop|p2a: Toxapex\n|-damage|p2a: Toxapex|83/100\n|-start|p2a: Toxapex|Throat Chop|[silent]\n|\n|-heal|p2a: Toxapex|88/100|[from] item: Leftovers\n|-damage|p1b: Incineroar|48/100 psn|[from] psn\n|upkeep\n|turn|14\n|\n|t:|1776574343\n|move|p1a: Beedrill|Poison Jab|p2a: Toxapex\n|-resisted|p2a: Toxapex|1\n|-damage|p2a: Toxapex|64/100\n|move|p2a: Toxapex|Poison Jab|p1a: Beedrill\n|-resisted|p1a: Beedrill|1\n|-damage|p1a: Beedrill|13/100\n|move|p1b: Incineroar|Throat Chop|p2a: Toxapex\n|-damage|p2a: Toxapex|46/100\n|\n|-heal|p2a: Toxapex|51/100|[from] item: Leftovers\n|-damage|p1b: Incineroar|35/100 psn|[from] psn\n|-end|p2a: Toxapex|Throat Chop|[silent]\n|-sideend|p2: Xyaolang_lee|move: Tailwind\n|upkeep\n|turn|15\n|\n|t:|1776574360\n|move|p1a: Beedrill|Protect|p1a: Beedrill\n|-singleturn|p1a: Beedrill|Protect\n|move|p2a: Toxapex|Baneful Bunker|p2a: Toxapex\n|-singleturn|p2a: Toxapex|move: Protect\n|move|p1b: Incineroar|Throat Chop|p2a: Toxapex\n|-activate|p2a: Toxapex|move: Protect\n|\n|-heal|p2a: Toxapex|57/100|[from] item: Leftovers\n|-damage|p1b: Incineroar|23/100 psn|[from] psn\n|upkeep\n|turn|16\n|\n|t:|1776574378\n|move|p1a: Beedrill|Poison Jab|p2a: Toxapex\n|-resisted|p2a: Toxapex|1\n|-damage|p2a: Toxapex|34/100\n|move|p1b: Incineroar|Throat Chop|p2a: Toxapex\n|-damage|p2a: Toxapex|18/100\n|-start|p2a: Toxapex|Throat Chop|[silent]\n|move|p2a: Toxapex|Recover|p2a: Toxapex\n|-heal|p2a: Toxapex|69/100\n|\n|-heal|p2a: Toxapex|74/100|[from] item: Leftovers\n|-damage|p1b: Incineroar|10/100 psn|[from] psn\n|upkeep\n|turn|17\n|\n|t:|1776574391\n|move|p2a: Toxapex|Baneful Bunker|p2a: Toxapex\n|-singleturn|p2a: Toxapex|move: Protect\n|move|p1a: Beedrill|Poison Jab|p2a: Toxapex\n|-activate|p2a: Toxapex|move: Protect\n|move|p1b: Incineroar|Throat Chop|p2a: Toxapex\n|-activate|p2a: Toxapex|move: Protect\n|\n|-heal|p2a: Toxapex|80/100|[from] item: Leftovers\n|-damage|p1b: Incineroar|0 fnt|[from] psn\n|faint|p1b: Incineroar\n|-end|p2a: Toxapex|Throat Chop|[silent]\n|upkeep\n|turn|18\n|\n|t:|1776574403\n|move|p1a: Beedrill|Poison Jab|p2a: Toxapex\n|-resisted|p2a: Toxapex|1\n|-damage|p2a: Toxapex|53/100\n|move|p2a: Toxapex|Poison Jab|p1a: Beedrill\n|-resisted|p1a: Beedrill|1\n|-crit|p1a: Beedrill\n|-damage|p1a: Beedrill|0 fnt\n|faint|p1a: Beedrill\n|\n|win|Xyaolang_lee\n|raw|Lockton's rating: 1171 &rarr; <strong>1144</strong><br />(-27 for losing)\n|raw|Xyaolang_lee's rating: 1148 &rarr; <strong>1175</strong><br />(+27 for winning)\n|l|\u2606Lockton\n|player|p1|\n",
  "uploadtime": 1776574412,
  "views": 31,
  "formatid": "gen9championsvgc2026regma",
  "rating": 1144,
  "private": 0,
  "password": null
}