{
  "id": "gen9championsvgc2026regma-2586194617",
  "format": "[Gen 9 Champions] VGC 2026 Reg M-A",
  "players": [
    "StrawberryBalloons",
    "rainingdown0"
  ],
  "log": "|j|\u203dStrawberryBalloons\n|j|\u2606rainingdown0\n|t:|1776410926\n|gametype|doubles\n|player|p1|StrawberryBalloons|fisherman-gen4|1346\n|player|p2|rainingdown0|waitress|1420\n|gen|9\n|tier|[Gen 9 Champions] VGC 2026 Reg M-A\n|rated|\n|rule|Species Clause: Limit one of each Pok\u00e9mon\n|rule|Item Clause: Limit 1 of each item\n|clearpoke\n|poke|p1|Meganium, L50, M|\n|poke|p1|Milotic, L50, M|\n|poke|p1|Aggron, L50, M|\n|poke|p1|Sinistcha, L50|\n|poke|p1|Incineroar, L50, M|\n|poke|p1|Sneasler, L50, M|\n|poke|p2|Tyranitar, L50, F|\n|poke|p2|Excadrill, L50, F|\n|poke|p2|Talonflame, L50, M|\n|poke|p2|Sinistcha, L50|\n|poke|p2|Sneasler, L50, F|\n|poke|p2|Milotic, L50, M|\n|teampreview|4\n|inactive|Battle timer is ON: inactive players will automatically lose when time's up. (requested by rainingdown0)\n|inactive|StrawberryBalloons also wants the timer to be on.\n|\n|t:|1776410945\n|teamsize|p1|4\n|teamsize|p2|4\n|start\n|switch|p1a: Aggron|Aggron, L50, M|100/100\n|switch|p1b: Sneasler|Sneasler, L50, M|100/100\n|switch|p2a: Tyranitar|Tyranitar, L50, F|100/100\n|switch|p2b: Excadrill|Excadrill, L50, F|100/100\n|-weather|Sandstorm|[from] ability: Sand Stream|[of] p2a: Tyranitar\n|turn|1\n|\n|t:|1776410961\n|detailschange|p2a: Tyranitar|Tyranitar-Mega, L50, F\n|-mega|p2a: Tyranitar|Tyranitar|Tyranitarite\n|detailschange|p1a: Aggron|Aggron-Mega, L50, M\n|-mega|p1a: Aggron|Aggron|Aggronite\n|move|p2b: Excadrill|Protect|p2b: Excadrill\n|-singleturn|p2b: Excadrill|Protect\n|move|p1b: Sneasler|Fake Out|p2b: Excadrill\n|-activate|p2b: Excadrill|move: Protect\n|move|p2a: Tyranitar|Rock Slide|p1a: Aggron|[spread] p1a,p1b\n|-resisted|p1a: Aggron|1\n|-resisted|p1b: Sneasler|1\n|-damage|p1a: Aggron|91/100\n|-damage|p1b: Sneasler|68/100\n|move|p1a: Aggron|Iron Defense|p1a: Aggron\n|-boost|p1a: Aggron|def|2\n|\n|-weather|Sandstorm|[upkeep]\n|-damage|p1b: Sneasler|63/100|[from] Sandstorm\n|upkeep\n|turn|2\n|\n|t:|1776410990\n|switch|p1b: Incineroar|Incineroar, L50, M|100/100\n|-ability|p1b: Incineroar|Intimidate|boost\n|-unboost|p2a: Tyranitar|atk|1\n|-unboost|p2b: Excadrill|atk|1\n|switch|p2a: Talonflame|Talonflame, L50, M|100/100\n|move|p2b: Excadrill|Earthquake|p1a: Aggron|[spread] p1a,p1b\n|-immune|p2a: Talonflame\n|-supereffective|p1a: Aggron|1\n|-supereffective|p1b: Incineroar|1\n|-damage|p1a: Aggron|81/100\n|-damage|p1b: Incineroar|43/100\n|-enditem|p1b: Incineroar|Sitrus Berry|[eat]\n|-heal|p1b: Incineroar|68/100|[from] item: Sitrus Berry\n|move|p1a: Aggron|Iron Defense|p1a: Aggron\n|-boost|p1a: Aggron|def|2\n|\n|-weather|Sandstorm|[upkeep]\n|-damage|p2a: Talonflame|95/100|[from] Sandstorm\n|-damage|p1b: Incineroar|62/100|[from] Sandstorm\n|-heal|p2a: Talonflame|100/100|[from] item: Leftovers\n|upkeep\n|turn|3\n|inactive|rainingdown0 has 30 seconds left.\n|\n|t:|1776411024\n|move|p1b: Incineroar|Fake Out|p2a: Talonflame\n|-damage|p2a: Talonflame|86/100\n|move|p2b: Excadrill|Earthquake|p1b: Incineroar|[spread] p1a,p1b\n|-immune|p2a: Talonflame\n|-supereffective|p1a: Aggron|1\n|-supereffective|p1b: Incineroar|1\n|-damage|p1a: Aggron|74/100\n|-damage|p1b: Incineroar|10/100\n|cant|p2a: Talonflame|flinch\n|move|p1a: Aggron|Body Press|p2b: Excadrill\n|-supereffective|p2b: Excadrill|1\n|-enditem|p2b: Excadrill|Focus Sash\n|-damage|p2b: Excadrill|1/100\n|\n|-weather|Sandstorm|[upkeep]\n|-damage|p2a: Talonflame|80/100|[from] Sandstorm\n|-damage|p1b: Incineroar|4/100|[from] Sandstorm\n|-heal|p2a: Talonflame|86/100|[from] item: Leftovers\n|upkeep\n|turn|4\n|\n|t:|1776411048\n|switch|p1b: Sinistcha|Sinistcha, L50|100/100\n|-heal|p1a: Aggron|99/100|[from] ability: Hospitality|[of] p1b: Sinistcha\n|move|p2b: Excadrill|Earthquake|p1a: Aggron|[spread] p1a,p1b\n|-immune|p2a: Talonflame\n|-supereffective|p1a: Aggron|1\n|-resisted|p1b: Sinistcha|1\n|-damage|p1a: Aggron|90/100\n|-damage|p1b: Sinistcha|87/100\n|move|p2a: Talonflame|Tailwind|p2a: Talonflame\n|-sidestart|p2: rainingdown0|move: Tailwind\n|move|p1a: Aggron|Body Press|p2a: Talonflame\n|-resisted|p2a: Talonflame|1\n|-damage|p2a: Talonflame|15/100\n|\n|-weather|Sandstorm|[upkeep]\n|-damage|p2a: Talonflame|9/100|[from] Sandstorm\n|-damage|p1b: Sinistcha|81/100|[from] Sandstorm\n|-heal|p2a: Talonflame|15/100|[from] item: Leftovers\n|upkeep\n|turn|5\n|inactive|StrawberryBalloons has 30 seconds left.\n|inactive|rainingdown0 has 30 seconds left.\n|\n|t:|1776411077\n|switch|p1b: Incineroar|Incineroar, L50, M|4/100\n|-ability|p1b: Incineroar|Intimidate|boost\n|-unboost|p2a: Talonflame|atk|1\n|-unboost|p2b: Excadrill|atk|1\n|move|p2b: Excadrill|Earthquake|p1b: Incineroar|[spread] p1a,p1b\n|-immune|p2a: Talonflame\n|-supereffective|p1a: Aggron|1\n|-supereffective|p1b: Incineroar|1\n|-damage|p1a: Aggron|85/100\n|-damage|p1b: Incineroar|0 fnt\n|faint|p1b: Incineroar\n|move|p2a: Talonflame|Brave Bird|p1a: Aggron\n|-resisted|p1a: Aggron|1\n|-damage|p1a: Aggron|84/100\n|-damage|p2a: Talonflame|14/100|[from] Recoil\n|move|p1a: Aggron|Body Press|p2b: Excadrill\n|-supereffective|p2b: Excadrill|1\n|-damage|p2b: Excadrill|0 fnt\n|faint|p2b: Excadrill\n|\n|-weather|none\n|-heal|p2a: Talonflame|20/100|[from] item: Leftovers\n|upkeep\n|\n|t:|1776411099\n|switch|p2b: Milotic|Milotic, L50, M|100/100\n|switch|p1b: Sneasler|Sneasler, L50, M|63/100\n|turn|6\n|\n|t:|1776411109\n|move|p2a: Talonflame|Upper Hand||[still]\n|-fail|p2a: Talonflame\n|move|p2b: Milotic|Scald|p1a: Aggron\n|-damage|p1a: Aggron|51/100\n|move|p1b: Sneasler|Rock Slide|p2a: Talonflame|[spread] p2a,p2b\n|-supereffective|p2a: Talonflame|2\n|-damage|p2a: Talonflame|0 fnt\n|-damage|p2b: Milotic|78/100\n|faint|p2a: Talonflame\n|move|p1a: Aggron|Body Press|p2b: Milotic\n|-damage|p2b: Milotic|0 fnt\n|faint|p2b: Milotic\n|\n|upkeep\n|\n|t:|1776411125\n|switch|p2b: Tyranitar|Tyranitar-Mega, L50, F|100/100\n|-weather|Sandstorm|[from] ability: Sand Stream|[of] p2b: Tyranitar\n|turn|7\n|\n|t:|1776411130\n|move|p2b: Tyranitar|Rock Slide|p1b: Sneasler|[spread] p1a,p1b\n|-resisted|p1a: Aggron|1\n|-resisted|p1b: Sneasler|1\n|-damage|p1a: Aggron|47/100\n|-damage|p1b: Sneasler|32/100\n|move|p1b: Sneasler|Coaching|p1a: Aggron\n|-boost|p1a: Aggron|atk|1\n|-boost|p1a: Aggron|def|1\n|cant|p1a: Aggron|flinch\n|\n|-weather|Sandstorm|[upkeep]\n|-damage|p1b: Sneasler|26/100|[from] Sandstorm\n|-sideend|p2: rainingdown0|move: Tailwind\n|upkeep\n|turn|8\n|\n|t:|1776411145\n|switch|p1b: Sinistcha|Sinistcha, L50|81/100\n|-heal|p1a: Aggron|72/100|[from] ability: Hospitality|[of] p1b: Sinistcha\n|move|p2b: Tyranitar|Rock Slide|p1a: Aggron|[spread] p1a,p1b\n|-resisted|p1a: Aggron|1\n|-damage|p1a: Aggron|70/100\n|-damage|p1b: Sinistcha|48/100\n|move|p1a: Aggron|Body Press|p2b: Tyranitar\n|-supereffective|p2b: Tyranitar|2\n|-damage|p2b: Tyranitar|0 fnt\n|faint|p2b: Tyranitar\n|\n|win|StrawberryBalloons\n|raw|StrawberryBalloons's rating: 1346 &rarr; <strong>1370</strong><br />(+24 for winning)\n|raw|rainingdown0's rating: 1420 &rarr; <strong>1396</strong><br />(-24 for losing)\n|l|\u2606rainingdown0\n|player|p2|\n",
  "uploadtime": 1776411162,
  "views": 33,
  "formatid": "gen9championsvgc2026regma",
  "rating": 1370,
  "private": 0,
  "password": null
}