{
  "id": "gen9championsvgc2026regma-2585063236",
  "format": "[Gen 9 Champions] VGC 2026 Reg M-A",
  "players": [
    "AzYNtoro",
    "rorbert"
  ],
  "log": "|j|\u2606AzYNtoro\n|j|\u2606rorbert\n|t:|1776308007\n|gametype|doubles\n|player|p1|AzYNtoro|265|1212\n|player|p2|rorbert|grimsley|1163\n|gen|9\n|tier|[Gen 9 Champions] VGC 2026 Reg M-A\n|rated|\n|rule|Species Clause: Limit one of each Pok\u00e9mon\n|rule|Item Clause: Limit 1 of each item\n|clearpoke\n|poke|p1|Gengar, L50, M|\n|poke|p1|Pelipper, L50, M|\n|poke|p1|Whimsicott, L50, M|\n|poke|p1|Maushold-Four, L50|\n|poke|p1|Gyarados, L50, F|\n|poke|p1|Archaludon, L50, F|\n|poke|p2|Dragonite, L50, M|\n|poke|p2|Aggron, L50, M|\n|poke|p2|Pelipper, L50, M|\n|poke|p2|Sinistcha, L50|\n|poke|p2|Incineroar, L50, F|\n|poke|p2|Basculegion, L50, M|\n|teampreview|4\nrorbert has agreed to open team sheets.\nAzYNtoro rejected open team sheets.\n|inactive|Battle timer is ON: inactive players will automatically lose when time's up. (requested by AzYNtoro)\n|\n|t:|1776308045\n|teamsize|p1|4\n|teamsize|p2|4\n|start\n|switch|p1a: Whimsicott|Whimsicott, L50, M|100/100\n|switch|p1b: Maushold|Maushold-Four, L50|100/100\n|switch|p2a: Incineroar|Incineroar, L50, F|100/100\n|switch|p2b: Basculegion|Basculegion, L50, M|100/100\n|-ability|p2a: Incineroar|Intimidate|boost\n|-unboost|p1a: Whimsicott|atk|1\n|-unboost|p1b: Maushold|atk|1\n|turn|1\n|inactive|rorbert has 30 seconds left.\n|inactive|rorbert has 20 seconds left.\n|\n|t:|1776308082\n|move|p2a: Incineroar|Fake Out|p1a: Whimsicott\n|-damage|p1a: Whimsicott|89/100\n|cant|p1a: Whimsicott|flinch\n|move|p2b: Basculegion|Flip Turn|p1b: Maushold\n|-damage|p1b: Maushold|54/100\n|\n|t:|1776308090\n|switch|p2b: Pelipper|Pelipper, L50, M|100/100|[from] Flip Turn\n|-weather|RainDance|[from] ability: Drizzle|[of] p2b: Pelipper\n|move|p1b: Maushold|Super Fang|p2a: Incineroar\n|-damage|p2a: Incineroar|50/100\n|\n|-weather|RainDance|[upkeep]\n|upkeep\n|turn|2\n|inactive|rorbert has 30 seconds left.\n|\n|t:|1776308124\n|move|p1a: Whimsicott|Tailwind|p1a: Whimsicott\n|-sidestart|p1: AzYNtoro|move: Tailwind\n|move|p1b: Maushold|Encore|p2a: Incineroar\n|-start|p2a: Incineroar|Encore\n|move|p2a: Incineroar|Fake Out||[still]\n|-hint|Fake Out only works on your first turn out.\n|-fail|p2a: Incineroar\n|move|p2b: Pelipper|Tailwind|p2b: Pelipper\n|-sidestart|p2: rorbert|move: Tailwind\n|\n|-weather|RainDance|[upkeep]\n|upkeep\n|turn|3\n|\n|t:|1776308147\n|switch|p1b: Archaludon|Archaludon, L50, F|100/100\n|switch|p2a: Dragonite|Dragonite, L50, M|100/100\n|move|p1a: Whimsicott|Encore|p2b: Pelipper\n|-start|p2b: Pelipper|Encore\n|move|p2b: Pelipper|Tailwind||[still]\n|-fail|p2b: Pelipper\n|\n|-weather|RainDance|[upkeep]\n|upkeep\n|turn|4\n|inactive|AzYNtoro has 30 seconds left.\n|inactive|rorbert has 30 seconds left.\n|\n|t:|1776308181\n|switch|p2b: Incineroar|Incineroar, L50, F|50/100\n|-ability|p2b: Incineroar|Intimidate|boost\n|-unboost|p1a: Whimsicott|atk|1\n|-unboost|p1b: Archaludon|atk|1\n|detailschange|p2a: Dragonite|Dragonite-Mega, L50, M\n|-mega|p2a: Dragonite|Dragonite|Dragoninite\n|move|p2a: Dragonite|Hurricane|p1a: Whimsicott\n|-supereffective|p1a: Whimsicott|1\n|-damage|p1a: Whimsicott|0 fnt\n|faint|p1a: Whimsicott\n|move|p1b: Archaludon|Electro Shot||[still]\n|-prepare|p1b: Archaludon|Electro Shot\n|-boost|p1b: Archaludon|spa|1\n|-anim|p1b: Archaludon|Electro Shot|p2a: Dragonite\n|-damage|p2a: Dragonite|75/100\n|\n|-weather|RainDance|[upkeep]\n|upkeep\n|\n|t:|1776308197\n|switch|p1a: Gyarados|Gyarados, L50, F, shiny|100/100\n|-ability|p1a: Gyarados|Intimidate|boost\n|-unboost|p2a: Dragonite|atk|1\n|-unboost|p2b: Incineroar|atk|1\n|turn|5\n|inactive|rorbert has 30 seconds left.\n|inactive|rorbert has 20 seconds left.\n|\n|t:|1776308237\n|detailschange|p1a: Gyarados|Gyarados-Mega, L50, F, shiny\n|-mega|p1a: Gyarados|Gyarados|Gyaradosite\n|-ability|p1a: Gyarados|Mold Breaker\n|move|p2b: Incineroar|Fake Out|p1a: Gyarados\n|-damage|p1a: Gyarados|94/100\n|move|p2a: Dragonite|Draco Meteor|p1b: Archaludon\n|-damage|p1b: Archaludon|33/100\n|-unboost|p2a: Dragonite|spa|2\n|-ability|p1b: Archaludon|Stamina|boost\n|-boost|p1b: Archaludon|def|1\n|move|p1b: Archaludon|Electro Shot||[still]\n|-prepare|p1b: Archaludon|Electro Shot\n|-boost|p1b: Archaludon|spa|1\n|-anim|p1b: Archaludon|Electro Shot|p2a: Dragonite\n|-damage|p2a: Dragonite|0 fnt\n|faint|p2a: Dragonite\n|cant|p1a: Gyarados|flinch\n|\n|-weather|none\n|-heal|p1b: Archaludon|40/100|[from] item: Leftovers\n|-sideend|p2: rorbert|move: Tailwind\n|-sideend|p1: AzYNtoro|move: Tailwind\n|upkeep\n|\n|t:|1776308256\n|switch|p2a: Basculegion|Basculegion, L50, M|100/100\n|turn|6\n|\n|t:|1776308273\n|switch|p2b: Pelipper|Pelipper, L50, M|100/100\n|-weather|RainDance|[from] ability: Drizzle|[of] p2b: Pelipper\n|move|p1b: Archaludon|Protect|p1b: Archaludon\n|-singleturn|p1b: Archaludon|Protect\n|move|p2a: Basculegion|Last Respects|p1b: Archaludon\n|-activate|p1b: Archaludon|move: Protect\n|move|p1a: Gyarados|Crunch|p2a: Basculegion\n|-supereffective|p2a: Basculegion|1\n|-damage|p2a: Basculegion|0 fnt\n|faint|p2a: Basculegion\n|\n|-weather|RainDance|[upkeep]\n|-heal|p1b: Archaludon|46/100|[from] item: Leftovers\n|upkeep\n|\n|t:|1776308279\n|switch|p2a: Incineroar|Incineroar, L50, F|50/100\n|-ability|p2a: Incineroar|Intimidate|boost\n|-unboost|p1a: Gyarados|atk|1\n|-unboost|p1b: Archaludon|atk|1\n|turn|7\n|\n|t:|1776308296\n|move|p2a: Incineroar|Fake Out|p1b: Archaludon\n|-resisted|p1b: Archaludon|1\n|-damage|p1b: Archaludon|43/100\n|-ability|p1b: Archaludon|Stamina|boost\n|-boost|p1b: Archaludon|def|1\n|move|p2b: Pelipper|Hurricane|p1a: Gyarados\n|-damage|p1a: Gyarados|55/100\n|cant|p1b: Archaludon|flinch\n|move|p1a: Gyarados|Aqua Tail|p2a: Incineroar\n|-supereffective|p2a: Incineroar|1\n|-damage|p2a: Incineroar|0 fnt\n|faint|p2a: Incineroar\n|\n|-weather|RainDance|[upkeep]\n|-heal|p1b: Archaludon|49/100|[from] item: Leftovers\n|upkeep\n|turn|8\n|c|\u2606AzYNtoro|gg\n|inactive|rorbert has 30 seconds left.\n|inactive|rorbert has 20 seconds left.\n|inactive|rorbert has 15 seconds left.\n|c|\u2606rorbert|gg\n|\n|t:|1776308340\n|move|p2b: Pelipper|Hurricane|p1a: Gyarados\n|-damage|p1a: Gyarados|15/100\n|move|p1b: Archaludon|Electro Shot||[still]\n|-prepare|p1b: Archaludon|Electro Shot\n|-boost|p1b: Archaludon|spa|1\n|-anim|p1b: Archaludon|Electro Shot|p2b: Pelipper\n|-supereffective|p2b: Pelipper|2\n|-enditem|p2b: Pelipper|Focus Sash\n|-damage|p2b: Pelipper|1/100\n|move|p1a: Gyarados|Crunch|p2b: Pelipper\n|-damage|p2b: Pelipper|0 fnt\n|faint|p2b: Pelipper\n|\n|win|AzYNtoro\n|raw|AzYNtoro's rating: 1212 &rarr; <strong>1233</strong><br />(+21 for winning)\n|raw|rorbert's rating: 1163 &rarr; <strong>1142</strong><br />(-21 for losing)\n",
  "uploadtime": 1776308353,
  "views": 36,
  "formatid": "gen9championsvgc2026regma",
  "rating": 1142,
  "private": 0,
  "password": null
}