{
  "id": "gen9championsvgc2026regma-2583819716",
  "format": "[Gen 9 Champions] VGC 2026 Reg M-A",
  "players": [
    "JimmiBunnie",
    "Kronoskiller"
  ],
  "log": "|j|\u2606JimmiBunnie\n|j|\u2606Kronoskiller\n|t:|1776200207\n|gametype|doubles\n|player|p1|JimmiBunnie|pokekid|1126\n|player|p2|Kronoskiller|scientistf|1069\n|gen|9\n|tier|[Gen 9 Champions] VGC 2026 Reg M-A\n|rated|\n|rule|Species Clause: Limit one of each Pok\u00e9mon\n|rule|Item Clause: Limit 1 of each item\n|clearpoke\n|poke|p1|Lopunny, L50, M|\n|poke|p1|Garchomp, L50, F|\n|poke|p1|Incineroar, L50, M|\n|poke|p1|Rotom-Wash, L50|\n|poke|p1|Whimsicott, L50, F|\n|poke|p1|Sinistcha, L50|\n|poke|p2|Orthworm, L50, M|\n|poke|p2|Basculegion, L50, M|\n|poke|p2|Incineroar, L50, M|\n|poke|p2|Rotom-Frost, L50|\n|poke|p2|Froslass, L50, F|\n|poke|p2|Garchomp, L50, F|\n|teampreview|4\nKronoskiller has agreed to open team sheets.\n|\n|t:|1776200219\n|teamsize|p1|4\n|teamsize|p2|4\n|start\n|switch|p1a: Incineroar|Incineroar, L50, M|100/100\n|switch|p1b: Rotom|Rotom-Wash, L50|100/100\n|switch|p2a: Garchomp|Garchomp, L50, F|100/100\n|switch|p2b: Orthworm|Orthworm, L50, M|100/100\n|-ability|p1a: Incineroar|Intimidate|boost\n|-unboost|p2a: Garchomp|atk|1\n|-unboost|p2b: Orthworm|atk|1\n|turn|1\n|\n|t:|1776200238\n|move|p2a: Garchomp|Earthquake|p1b: Rotom|[spread] p1a\n|-immune|p2b: Orthworm|[from] ability: Earth Eater\n|-immune|p1b: Rotom|[from] ability: Levitate\n|-supereffective|p1a: Incineroar|1\n|-damage|p1a: Incineroar|59/100\n|move|p1b: Rotom|Hydro Pump|p2a: Garchomp\n|-damage|p2a: Garchomp|50/100\n|move|p1a: Incineroar|Flare Blitz|p2b: Orthworm\n|-supereffective|p2b: Orthworm|1\n|-damage|p2b: Orthworm|43/100\n|-enditem|p2b: Orthworm|Sitrus Berry|[eat]\n|-heal|p2b: Orthworm|68/100|[from] item: Sitrus Berry\n|-damage|p1a: Incineroar|42/100|[from] Recoil\n|-enditem|p1a: Incineroar|Sitrus Berry|[eat]\n|-heal|p1a: Incineroar|67/100|[from] item: Sitrus Berry\n|move|p2b: Orthworm|Iron Defense|p2b: Orthworm\n|-boost|p2b: Orthworm|def|2\n|\n|upkeep\n|turn|2\n|\n|t:|1776200273\n|move|p2a: Garchomp|Earthquake|p1b: Rotom|[spread] p1a\n|-heal|p2b: Orthworm|93/100|[from] ability: Earth Eater|[of] p2a: Garchomp\n|-immune|p1b: Rotom|[from] ability: Levitate\n|-supereffective|p1a: Incineroar|1\n|-damage|p1a: Incineroar|22/100\n|move|p1b: Rotom|Hydro Pump|p2a: Garchomp\n|-damage|p2a: Garchomp|0 fnt\n|faint|p2a: Garchomp\n|move|p1a: Incineroar|Flare Blitz|p2b: Orthworm\n|-supereffective|p2b: Orthworm|1\n|-damage|p2b: Orthworm|61/100\n|-status|p2b: Orthworm|brn\n|-damage|p1a: Incineroar|13/100|[from] Recoil\n|move|p2b: Orthworm|Body Press|p1a: Incineroar\n|-supereffective|p1a: Incineroar|1\n|-damage|p1a: Incineroar|0 fnt\n|faint|p1a: Incineroar\n|\n|-damage|p2b: Orthworm|55/100 brn|[from] brn\n|upkeep\n|\n|t:|1776200294\n|switch|p2a: Incineroar|Incineroar, L50, M|100/100\n|switch|p1a: Lopunny|Lopunny, L50, M|100/100\n|turn|3\n|\n|t:|1776200308\n|detailschange|p1a: Lopunny|Lopunny-Mega, L50, M\n|-mega|p1a: Lopunny|Lopunny|Lopunnite\n|move|p2a: Incineroar|Fake Out|p1a: Lopunny\n|-damage|p1a: Lopunny|86/100\n|cant|p1a: Lopunny|flinch\n|move|p1b: Rotom|Hydro Pump|p2a: Incineroar\n|-supereffective|p2a: Incineroar|1\n|-damage|p2a: Incineroar|25/100\n|move|p2b: Orthworm|Shed Tail|p2b: Orthworm\n|-start|p2b: Orthworm|Substitute|[from] move: Shed Tail\n|-damage|p2b: Orthworm|4/100 brn\n|\n|t:|1776200315\n|switch|p2b: Froslass|Froslass, L50, F|100/100|[from] Shed Tail\n|\n|upkeep\n|turn|4\n|\n|t:|1776200326\n|switch|p2a: Orthworm|Orthworm, L50, M|4/100 brn\n|detailschange|p2b: Froslass|Froslass-Mega, L50, F\n|-mega|p2b: Froslass|Froslass|Froslassite\n|-weather|Snowscape|[from] ability: Snow Warning|[of] p2b: Froslass\n|move|p1a: Lopunny|Close Combat|p2b: Froslass\n|-supereffective|p2b: Froslass|1\n|-end|p2b: Froslass|Substitute\n|-unboost|p1a: Lopunny|def|1\n|-unboost|p1a: Lopunny|spd|1\n|move|p2b: Froslass|Blizzard|p1b: Rotom|[spread] p1a,p1b\n|-resisted|p1b: Rotom|1\n|-damage|p1a: Lopunny|0 fnt\n|-damage|p1b: Rotom|74/100\n|faint|p1a: Lopunny\n|move|p1b: Rotom|Hydro Pump|p2a: Orthworm\n|-damage|p2a: Orthworm|0 fnt\n|faint|p2a: Orthworm\n|\n|-weather|Snowscape|[upkeep]\n|-heal|p1b: Rotom|79/100|[from] item: Leftovers\n|upkeep\n|\n|t:|1776200344\n|switch|p1a: Garchomp|Garchomp, L50, F|100/100\n|switch|p2a: Incineroar|Incineroar, L50, M|25/100\n|turn|5\n|\n|t:|1776200369\n|move|p2b: Froslass|Shadow Ball|p1b: Rotom\n|-damage|p1b: Rotom|34/100\n|move|p1a: Garchomp|Rock Slide|p2b: Froslass|[spread] p2a,p2b\n|-supereffective|p2a: Incineroar|1\n|-supereffective|p2b: Froslass|1\n|-damage|p2a: Incineroar|0 fnt\n|-damage|p2b: Froslass|56/100\n|faint|p2a: Incineroar\n|move|p1b: Rotom|Hydro Pump|p2b: Froslass\n|-damage|p2b: Froslass|0 fnt\n|faint|p2b: Froslass\n|\n|win|JimmiBunnie\n|raw|JimmiBunnie's rating: 1126 &rarr; <strong>1147</strong><br />(+21 for winning)\n|raw|Kronoskiller's rating: 1069 &rarr; <strong>1052</strong><br />(-17 for losing)\n|l|\u2606Kronoskiller\n|player|p2|\n",
  "uploadtime": 1776200384,
  "views": 18,
  "formatid": "gen9championsvgc2026regma",
  "rating": 1052,
  "private": 0,
  "password": null
}