{
  "id": "gen9championsvgc2026regma-2588121151",
  "format": "[Gen 9 Champions] VGC 2026 Reg M-A",
  "players": [
    "literaldog121212",
    "GGH2O"
  ],
  "log": "|j|\u2606literaldog121212\n|j|\u2606GGH2O\n|t:|1776606545\n|gametype|doubles\n|player|p1|literaldog121212|hanbei-conquest|1105\n|player|p2|GGH2O|1|1082\n|gen|9\n|tier|[Gen 9 Champions] VGC 2026 Reg M-A\n|rated|\n|rule|Species Clause: Limit one of each Pok\u00e9mon\n|rule|Item Clause: Limit 1 of each item\n|clearpoke\n|poke|p1|Dragonite, L50, F, shiny|\n|poke|p1|Kingambit, L50, F, shiny|\n|poke|p1|Sableye, L50, F|\n|poke|p1|Palafin, L50, F, shiny|\n|poke|p1|Typhlosion-Hisui, L50, M|\n|poke|p1|Meganium, L50, F|\n|poke|p2|Charizard, L50, M|\n|poke|p2|Kingambit, L50, F|\n|poke|p2|Incineroar, L50, M|\n|poke|p2|Floette-Eternal, L50, F|\n|poke|p2|Aerodactyl, L50, F|\n|poke|p2|Sneasler, L50, M|\n|teampreview|4\n|inactive|Battle timer is ON: inactive players will automatically lose when time's up. (requested by literaldog121212)\n|inactive|literaldog121212 has 60 seconds left.\n|inactive|GGH2O has 60 seconds left.\n|\n|t:|1776606595\n|teamsize|p1|4\n|teamsize|p2|4\n|start\n|switch|p1a: blythe|Sableye, L50, F|100/100\n|switch|p1b: buddy|Palafin, L50, F, shiny|100/100\n|switch|p2a: Floette|Floette-Eternal, L50, F|100/100\n|switch|p2b: Incineroar|Incineroar, L50, M|100/100\n|-ability|p2b: Incineroar|Intimidate|boost\n|-unboost|p1a: blythe|atk|1\n|-unboost|p1b: buddy|atk|1\n|turn|1\n|inactive|GGH2O has 30 seconds left.\n|\n|t:|1776606621\n|detailschange|p2a: Floette|Floette-Mega, L50, F\n|-mega|p2a: Floette|Floette|Floettite\n|-ability|p2a: Floette|Fairy Aura\n|move|p1a: blythe|Fake Out|p2a: Floette\n|-damage|p2a: Floette|94/100\n|move|p2b: Incineroar|Fake Out|p1a: blythe\n|-immune|p1a: blythe\n|cant|p2a: Floette|flinch\n|move|p1b: buddy|Flip Turn|p2b: Incineroar\n|-supereffective|p2b: Incineroar|1\n|-damage|p2b: Incineroar|64/100\n|\n|t:|1776606631\n|detailschange|p1b: buddy|Palafin-Hero, L50, F, shiny\n|switch|p1b: agamemnon|Kingambit, L50, F, shiny|100/100|[from] Flip Turn\n|\n|upkeep\n|turn|2\n|inactive|literaldog121212 has 30 seconds left.\n|\n|t:|1776606664\n|switch|p1a: buddy|Palafin-Hero, L50, F, shiny|100/100\n|-activate|p1a: buddy|ability: Zero to Hero\n|move|p2a: Floette|Protect|p2a: Floette\n|-singleturn|p2a: Floette|Protect\n|move|p1b: agamemnon|Protect|p1b: agamemnon\n|-singleturn|p1b: agamemnon|Protect\n|move|p2b: Incineroar|Flare Blitz|p1b: agamemnon\n|-activate|p1b: agamemnon|move: Protect\n|\n|upkeep\n|turn|3\n|inactive|GGH2O has 30 seconds left.\n|\n|t:|1776606699\n|switch|p2a: Aerodactyl|Aerodactyl, L50, F|100/100\n|-ability|p2a: Aerodactyl|Unnerve\n|switch|p1b: rawr.next question|Dragonite, L50, F, shiny|100/100\n|move|p1a: buddy|Flip Turn|p2b: Incineroar\n|-supereffective|p2b: Incineroar|1\n|-damage|p2b: Incineroar|0 fnt\n|faint|p2b: Incineroar\n|\n|t:|1776606704\n|switch|p1a: blythe|Sableye, L50, F|100/100|[from] Flip Turn\n|\n|upkeep\n|\n|t:|1776606725\n|switch|p2b: Floette|Floette-Mega, L50, F|94/100\n|-ability|p2b: Floette|Fairy Aura\n|turn|4\n|inactive|literaldog121212 has 30 seconds left.\n|inactive|GGH2O has 30 seconds left.\n|inactive|literaldog121212 has 20 seconds left.\n|inactive|literaldog121212 has 15 seconds left.\n|\n|t:|1776606770\n|detailschange|p1b: rawr.next question|Dragonite-Mega, L50, F, shiny\n|-mega|p1b: rawr.next question|Dragonite|Dragoninite\n|move|p1a: blythe|Fake Out|p2b: Floette\n|-damage|p2b: Floette|87/100\n|move|p2a: Aerodactyl|Tailwind|p2a: Aerodactyl\n|-sidestart|p2: GGH2O|move: Tailwind\n|cant|p2b: Floette|flinch\n|move|p1b: rawr.next question|Icy Wind|p2a: Aerodactyl|[spread] p2a,p2b\n|-supereffective|p2a: Aerodactyl|1\n|-crit|p2a: Aerodactyl\n|-crit|p2b: Floette\n|-damage|p2a: Aerodactyl|43/100\n|-damage|p2b: Floette|71/100\n|-unboost|p2a: Aerodactyl|spe|1\n|-unboost|p2b: Floette|spe|1\n|\n|upkeep\n|turn|5\n|inactive|literaldog121212 has 30 seconds left.\n|inactive|literaldog121212 has 20 seconds left.\n|\n|t:|1776606808\n|move|p1b: rawr.next question|Protect|p1b: rawr.next question\n|-singleturn|p1b: rawr.next question|Protect\n|move|p1a: blythe|Encore|p2a: Aerodactyl\n|-start|p2a: Aerodactyl|Encore\n|move|p2a: Aerodactyl|Tailwind||[still]\n|-fail|p2a: Aerodactyl\n|move|p2b: Floette|Dazzling Gleam|p1b: rawr.next question|[spread] p1a\n|-activate|p1b: rawr.next question|move: Protect\n|-supereffective|p1a: blythe|1\n|-damage|p1a: blythe|0 fnt\n|faint|p1a: blythe\n|\n|upkeep\n|\n|t:|1776606827\n|switch|p1a: agamemnon|Kingambit, L50, F, shiny|100/100\n|turn|6\n|inactive|GGH2O has 30 seconds left.\n|inactive|literaldog121212 has 30 seconds left.\n|\n|t:|1776606857\n|switch|p2a: Kingambit|Kingambit, L50, F|100/100\n|switch|p1b: buddy|Palafin-Hero, L50, F, shiny|100/100\n|move|p2b: Floette|Dazzling Gleam|p1b: buddy|[spread] p1a,p1b\n|-damage|p1a: agamemnon|59/100\n|-damage|p1b: buddy|54/100\n|move|p1a: agamemnon|Iron Head|p2b: Floette\n|-supereffective|p2b: Floette|1\n|-damage|p2b: Floette|0 fnt\n|faint|p2b: Floette\n|\n|upkeep\n|\n|t:|1776606871\n|switch|p2b: Aerodactyl|Aerodactyl, L50, F|43/100\n|-ability|p2b: Aerodactyl|Unnerve\n|turn|7\n|inactive|GGH2O has 30 seconds left.\n|inactive|literaldog121212 has 30 seconds left.\n|\n|t:|1776606907\n|switch|p1b: rawr.next question|Dragonite-Mega, L50, F, shiny|100/100\n|move|p1a: agamemnon|Protect|p1a: agamemnon\n|-singleturn|p1a: agamemnon|Protect\n|move|p2b: Aerodactyl|Rock Slide|p1b: rawr.next question|[spread] p1b\n|-activate|p1a: agamemnon|move: Protect\n|-supereffective|p1b: rawr.next question|1\n|-damage|p1b: rawr.next question|75/100\n|move|p2a: Kingambit|Kowtow Cleave|p1b: rawr.next question\n|-damage|p1b: rawr.next question|27/100\n|\n|-sideend|p2: GGH2O|move: Tailwind\n|upkeep\n|turn|8\n|\n|t:|1776606935\n|move|p2b: Aerodactyl|Protect|p2b: Aerodactyl\n|-singleturn|p2b: Aerodactyl|Protect\n|move|p1b: rawr.next question|Protect|p1b: rawr.next question\n|-singleturn|p1b: rawr.next question|Protect\n|move|p1a: agamemnon|Sucker Punch||[still]\n|-fail|p1a: agamemnon\n|move|p2a: Kingambit|Sucker Punch||[still]\n|-fail|p2a: Kingambit\n|\n|upkeep\n|turn|9\n|inactive|GGH2O has 30 seconds left.\n|inactive|GGH2O has 20 seconds left.\n|inactive|GGH2O has 15 seconds left.\n|inactive|literaldog121212 has 30 seconds left.\n|inactive|literaldog121212 has 20 seconds left.\n|inactive|literaldog121212 has 15 seconds left.\n|inactive|literaldog121212 has 10 seconds left.\n|inactive|literaldog121212 has 5 seconds left.\n|\n|t:|1776607015\n|move|p2a: Kingambit|Protect|p2a: Kingambit\n|-singleturn|p2a: Kingambit|Protect\n|move|p1a: agamemnon|Sucker Punch|p2b: Aerodactyl\n|-damage|p2b: Aerodactyl|0 fnt\n|faint|p2b: Aerodactyl\n|move|p1b: rawr.next question|Draco Meteor|p2a: Kingambit\n|-activate|p2a: Kingambit|move: Protect\n|\n|upkeep\n|turn|10\n|\n|t:|1776607038\n|move|p1b: rawr.next question|Protect|p1b: rawr.next question\n|-singleturn|p1b: rawr.next question|Protect\n|move|p2a: Kingambit|Sucker Punch||[still]\n|-fail|p2a: Kingambit\n|move|p1a: agamemnon|Kowtow Cleave|p2a: Kingambit\n|-resisted|p2a: Kingambit|1\n|-damage|p2a: Kingambit|82/100\n|\n|upkeep\n|turn|11\n|\n|t:|1776607055\n|move|p2a: Kingambit|Sucker Punch|p1b: rawr.next question\n|-crit|p1b: rawr.next question\n|-damage|p1b: rawr.next question|0 fnt\n|faint|p1b: rawr.next question\n|move|p1a: agamemnon|Kowtow Cleave|p2a: Kingambit\n|-resisted|p2a: Kingambit|1\n|-damage|p2a: Kingambit|65/100\n|\n|upkeep\n|\n|t:|1776607057\n|switch|p1b: buddy|Palafin-Hero, L50, F, shiny|54/100\n|turn|12\n|\n|t:|1776607078\n|move|p1b: buddy|Jet Punch|p2a: Kingambit\n|-damage|p2a: Kingambit|30/100\n|move|p1a: agamemnon|Kowtow Cleave|p2a: Kingambit\n|-resisted|p2a: Kingambit|1\n|-damage|p2a: Kingambit|13/100\n|move|p2a: Kingambit|Kowtow Cleave|p1b: buddy\n|-damage|p1b: buddy|0 fnt\n|faint|p1b: buddy\n|\n|upkeep\n|turn|13\n|\n|t:|1776607095\n|move|p2a: Kingambit|Protect|p2a: Kingambit\n|-singleturn|p2a: Kingambit|Protect\n|move|p1a: agamemnon|Kowtow Cleave|p2a: Kingambit\n|-activate|p2a: Kingambit|move: Protect\n|\n|upkeep\n|turn|14\n|c|\u2606literaldog121212|duel of the ages\n|\n|t:|1776607108\n|move|p1a: agamemnon|Protect|p1a: agamemnon\n|-singleturn|p1a: agamemnon|Protect\n|move|p2a: Kingambit|Sucker Punch||[still]\n|-fail|p2a: Kingambit\n|\n|upkeep\n|turn|15\n|\n|t:|1776607115\n|move|p1a: agamemnon|Kowtow Cleave|p2a: Kingambit\n|-resisted|p2a: Kingambit|1\n|-damage|p2a: Kingambit|0 fnt\n|faint|p2a: Kingambit\n|\n|win|literaldog121212\n|raw|literaldog121212's rating: 1105 &rarr; <strong>1128</strong><br />(+23 for winning)\n|raw|GGH2O's rating: 1082 &rarr; <strong>1061</strong><br />(-21 for losing)\n|c|\u2606literaldog121212|gg\n",
  "uploadtime": 1776607145,
  "views": 6,
  "formatid": "gen9championsvgc2026regma",
  "rating": 1061,
  "private": 0,
  "password": null
}