{
  "id": "gen9championsvgc2026regma-2585182344",
  "format": "[Gen 9 Champions] VGC 2026 Reg M-A",
  "players": [
    "tubbatub",
    "dylan03y"
  ],
  "log": "|j|\u2606tubbatub\n|j|\u2606dylan03y\n|t:|1776322027\n|gametype|doubles\n|player|p1|tubbatub|fantina|1042\n|player|p2|dylan03y|101|1117\n|gen|9\n|tier|[Gen 9 Champions] VGC 2026 Reg M-A\n|rated|\n|rule|Species Clause: Limit one of each Pok\u00e9mon\n|rule|Item Clause: Limit 1 of each item\n|clearpoke\n|poke|p1|Froslass, L50, F|\n|poke|p1|Glimmora, L50, M|\n|poke|p1|Mamoswine, L50, M|\n|poke|p1|Incineroar, L50, F|\n|poke|p1|Aerodactyl, L50, M|\n|poke|p1|Sneasler, L50, F|\n|poke|p2|Gengar, L50, M|\n|poke|p2|Incineroar, L50, M|\n|poke|p2|Toxapex, L50, F|\n|poke|p2|Politoed, L50, F|\n|poke|p2|Glimmora, L50, M|\n|poke|p2|Corviknight, L50, M|\n|teampreview|4\n|inactive|Battle timer is ON: inactive players will automatically lose when time's up. (requested by tubbatub)\n|inactive|dylan03y has 60 seconds left.\n|\n|t:|1776322065\n|teamsize|p1|4\n|teamsize|p2|4\n|start\n|switch|p1a: Glimmora|Glimmora, L50, M|100/100\n|switch|p1b: Incineroar|Incineroar, L50, F|100/100\n|switch|p2a: Glimmora|Glimmora, L50, M|100/100\n|switch|p2b: Toxapex|Toxapex, L50, F|100/100\n|-ability|p1b: Incineroar|Intimidate|boost\n|-unboost|p2a: Glimmora|atk|1\n|-unboost|p2b: Toxapex|atk|1\n|turn|1\n|\n|t:|1776322087\n|move|p2a: Glimmora|Spiky Shield|p2a: Glimmora\n|-singleturn|p2a: Glimmora|move: Protect\n|move|p2b: Toxapex|Baneful Bunker|p2b: Toxapex\n|-singleturn|p2b: Toxapex|move: Protect\n|move|p1b: Incineroar|Fake Out|p2a: Glimmora\n|-activate|p2a: Glimmora|move: Protect\n|-damage|p1b: Incineroar|88/100|[from] Spiky Shield|[of] p2a: Glimmora\n|move|p1a: Glimmora|Earth Power|p2b: Toxapex\n|-activate|p2b: Toxapex|move: Protect\n|\n|upkeep\n|turn|2\n|inactive|tubbatub has 30 seconds left.\n|inactive|dylan03y has 30 seconds left.\n|\n|t:|1776322116\n|switch|p2b: Corviknight|Corviknight, L50, M|100/100\n|-ability|p2b: Corviknight|Unnerve\n|move|p1a: Glimmora|Earth Power|p2b: Corviknight\n|-immune|p2b: Corviknight\n|move|p2a: Glimmora|Power Gem|p1b: Incineroar\n|-supereffective|p1b: Incineroar|1\n|-damage|p1b: Incineroar|32/100\n|move|p1b: Incineroar|Throat Chop|p2a: Glimmora\n|-damage|p2a: Glimmora|72/100\n|-start|p2a: Glimmora|Throat Chop|[silent]\n|-activate|p2a: Glimmora|ability: Toxic Debris\n|-sidestart|p1: tubbatub|move: Toxic Spikes\n|\n|upkeep\n|turn|3\n|inactive|tubbatub has 30 seconds left.\n|inactive|dylan03y has 30 seconds left.\n|inactive|dylan03y has 20 seconds left.\n|inactive|dylan03y has 15 seconds left.\n|inactive|tubbatub has 20 seconds left.\n|\n|t:|1776322163\n|switch|p2b: Politoed|Politoed, L50, F|100/100\n|-weather|RainDance|[from] ability: Drizzle|[of] p2b: Politoed\n|switch|p1b: Sneasler|Sneasler, L50, F|100/100\n|-sideend|p1: tubbatub|move: Toxic Spikes|[of] p1b: Sneasler\n|move|p1a: Glimmora|Earth Power|p2a: Glimmora\n|-supereffective|p2a: Glimmora|2\n|-damage|p2a: Glimmora|0 fnt\n|faint|p2a: Glimmora\n|\n|-weather|RainDance|[upkeep]\n|upkeep\n|\n|t:|1776322183\n|switch|p2a: Toxapex|Toxapex, L50, F|100/100\n|turn|4\n|\n|t:|1776322206\n|switch|p1a: Aerodactyl|Aerodactyl, L50, M|100/100\n|-ability|p1a: Aerodactyl|Unnerve\n|move|p2a: Toxapex|Baneful Bunker|p2a: Toxapex\n|-singleturn|p2a: Toxapex|move: Protect\n|move|p1b: Sneasler|Dire Claw|p2b: Politoed\n|-damage|p2b: Politoed|53/100\n|-status|p2b: Politoed|psn\n|move|p2b: Politoed|Weather Ball|p1a: Aerodactyl\n|-supereffective|p1a: Aerodactyl|1\n|-enditem|p1a: Aerodactyl|Focus Sash\n|-damage|p1a: Aerodactyl|1/100\n|\n|-weather|RainDance|[upkeep]\n|-damage|p2b: Politoed|41/100 psn|[from] psn\n|upkeep\n|turn|5\n|\n|t:|1776322228\n|switch|p2b: Corviknight|Corviknight, L50, M|100/100\n|-ability|p2b: Corviknight|Unnerve\n|move|p1a: Aerodactyl|Tailwind|p1a: Aerodactyl\n|-sidestart|p1: tubbatub|move: Tailwind\n|move|p1b: Sneasler|Dire Claw|p2b: Corviknight\n|-immune|p2b: Corviknight\n|move|p2a: Toxapex|Liquidation|p1a: Aerodactyl\n|-supereffective|p1a: Aerodactyl|1\n|-damage|p1a: Aerodactyl|0 fnt\n|faint|p1a: Aerodactyl\n|\n|-weather|RainDance|[upkeep]\n|upkeep\n|\n|t:|1776322250\n|switch|p1a: Incineroar|Incineroar, L50, F|32/100\n|-ability|p1a: Incineroar|Intimidate|boost\n|-unboost|p2a: Toxapex|atk|1\n|-unboost|p2b: Corviknight|atk|1\n|turn|6\n|\n|t:|1776322266\n|move|p1b: Sneasler|Throat Chop|p2b: Corviknight\n|-damage|p2b: Corviknight|80/100\n|-start|p2b: Corviknight|Throat Chop|[silent]\n|move|p1a: Incineroar|Throat Chop|p2b: Corviknight\n|-damage|p2b: Corviknight|59/100\n|move|p2b: Corviknight|Heavy Slam|p1b: Sneasler\n|-damage|p1b: Sneasler|85/100\n|move|p2a: Toxapex|Liquidation|p1a: Incineroar\n|-supereffective|p1a: Incineroar|1\n|-damage|p1a: Incineroar|0 fnt\n|faint|p1a: Incineroar\n|\n|-weather|RainDance|[upkeep]\n|upkeep\n|\n|t:|1776322276\n|switch|p1a: Glimmora|Glimmora, L50, M|100/100\n|turn|7\n|inactive|tubbatub has 30 seconds left.\n|\n|t:|1776322305\n|detailschange|p1a: Glimmora|Glimmora-Mega, L50, M\n|-mega|p1a: Glimmora|Glimmora|Glimmoranite\n|move|p1b: Sneasler|Throat Chop|p2b: Corviknight\n|-damage|p2b: Corviknight|41/100\n|move|p1a: Glimmora|Power Gem|p2b: Corviknight\n|-damage|p2b: Corviknight|0 fnt\n|faint|p2b: Corviknight\n|move|p2a: Toxapex|Liquidation|p1a: Glimmora\n|-supereffective|p1a: Glimmora|1\n|-damage|p1a: Glimmora|51/100\n|\n|-weather|none\n|upkeep\n|\n|t:|1776322316\n|switch|p2b: Politoed|Politoed, L50, F|41/100 psn\n|-enditem|p2b: Politoed|Sitrus Berry|[eat]\n|-heal|p2b: Politoed|66/100 psn|[from] item: Sitrus Berry\n|-weather|RainDance|[from] ability: Drizzle|[of] p2b: Politoed\n|turn|8\n|inactive|dylan03y has 30 seconds left.\n|\n|t:|1776322347\n|move|p1b: Sneasler|Close Combat|p2b: Politoed\n|-crit|p2b: Politoed\n|-damage|p2b: Politoed|0 fnt\n|-unboost|p1b: Sneasler|def|1\n|-unboost|p1b: Sneasler|spd|1\n|faint|p2b: Politoed\n|-enditem|p1b: Sneasler|White Herb\n|-clearnegativeboost|p1b: Sneasler|[silent]\n|move|p1a: Glimmora|Earth Power|p2a: Toxapex\n|-supereffective|p2a: Toxapex|1\n|-damage|p2a: Toxapex|44/100\n|move|p2a: Toxapex|Liquidation|p1a: Glimmora\n|-supereffective|p1a: Glimmora|1\n|-damage|p1a: Glimmora|2/100\n|\n|-weather|RainDance|[upkeep]\n|-heal|p2a: Toxapex|50/100|[from] item: Leftovers\n|-sideend|p1: tubbatub|move: Tailwind\n|upkeep\n|turn|9\n|\n|t:|1776322369\n|move|p2a: Toxapex|Baneful Bunker|p2a: Toxapex\n|-singleturn|p2a: Toxapex|move: Protect\n|move|p1b: Sneasler|Throat Chop|p2a: Toxapex\n|-activate|p2a: Toxapex|move: Protect\n|move|p1a: Glimmora|Earth Power|p2a: Toxapex\n|-activate|p2a: Toxapex|move: Protect\n|\n|-weather|RainDance|[upkeep]\n|-heal|p2a: Toxapex|56/100|[from] item: Leftovers\n|upkeep\n|turn|10\n|\n|t:|1776322382\n|move|p1b: Sneasler|Dire Claw|p2a: Toxapex\n|-resisted|p2a: Toxapex|1\n|-damage|p2a: Toxapex|41/100\n|-status|p2a: Toxapex|par\n|move|p1a: Glimmora|Earth Power|p2a: Toxapex\n|-supereffective|p2a: Toxapex|1\n|-damage|p2a: Toxapex|0 fnt\n|faint|p2a: Toxapex\n|\n|win|tubbatub\n|raw|tubbatub's rating: 1042 &rarr; <strong>1083</strong><br />(+41 for winning)\n|raw|dylan03y's rating: 1117 &rarr; <strong>1087</strong><br />(-30 for losing)\n|l|\u2606dylan03y\n|player|p2|\n",
  "uploadtime": 1776322390,
  "views": 17,
  "formatid": "gen9championsvgc2026regma",
  "rating": 1083,
  "private": 0,
  "password": null
}