{
  "id": "gen9championsvgc2026regma-2589415156",
  "format": "[Gen 9 Champions] VGC 2026 Reg M-A",
  "players": [
    "jonathan53332",
    "8akevinn"
  ],
  "log": "|j|\u2606jonathan53332\n|j|\u26068akevinn\n|t:|1776721049\n|gametype|doubles\n|player|p1|jonathan53332|266|1005\n|player|p2|8akevinn|pokemaniac|1093\n|gen|9\n|tier|[Gen 9 Champions] VGC 2026 Reg M-A\n|rated|\n|rule|Species Clause: Limit one of each Pok\u00e9mon\n|rule|Item Clause: Limit 1 of each item\n|clearpoke\n|poke|p1|Meganium, L50, F, shiny|\n|poke|p1|Pelipper, L50, F|\n|poke|p1|Primarina, L50, M|\n|poke|p1|Sinistcha-Masterpiece, L50, shiny|\n|poke|p1|Archaludon, L50, M, shiny|\n|poke|p1|Empoleon, L50, M|\n|poke|p2|Meganium, L50, F|\n|poke|p2|Ninetales-Alola, L50, M|\n|poke|p2|Whimsicott, L50, F, shiny|\n|poke|p2|Zoroark-Hisui, L50, M, shiny|\n|poke|p2|Raichu, L50, M|\n|poke|p2|Lycanroc-Dusk, L50, M|\n|teampreview|4\n|inactive|Battle timer is ON: inactive players will automatically lose when time's up. (requested by 8akevinn)\n|inactive|jonathan53332 has 60 seconds left.\n|\n|t:|1776721087\n|teamsize|p1|4\n|teamsize|p2|4\n|start\n|switch|p1a: Primarina|Primarina, L50, M|100/100\n|switch|p1b: Pelipper|Pelipper, L50, F|100/100\n|switch|p2a: Raichu|Raichu, L50, M|100/100\n|switch|p2b: Whimsicott|Whimsicott, L50, F, shiny|100/100\n|-weather|RainDance|[from] ability: Drizzle|[of] p1b: Pelipper\n|turn|1\n|\n|t:|1776721104\n|move|p2a: Raichu|Fake Out|p1b: Pelipper\n|-damage|p1b: Pelipper|89/100\n|move|p2b: Whimsicott|Tailwind|p2b: Whimsicott\n|-sidestart|p2: 8akevinn|move: Tailwind\n|cant|p1b: Pelipper|flinch\n|move|p1a: Primarina|Hyper Voice|p2a: Raichu|[spread] p2a,p2b\n|-resisted|p2b: Whimsicott|1\n|-damage|p2a: Raichu|2/100\n|-damage|p2b: Whimsicott|52/100\n|\n|-weather|RainDance|[upkeep]\n|upkeep\n|turn|2\n|\n|t:|1776721122\n|switch|p1b: Archaludon|Archaludon, L50, M, shiny|100/100\n|move|p2b: Whimsicott|Moonblast|p1a: Primarina\n|-damage|p1a: Primarina|74/100\n|move|p2a: Raichu|Volt Switch|p1b: Archaludon\n|-resisted|p1b: Archaludon|1\n|-damage|p1b: Archaludon|78/100\n|-ability|p1b: Archaludon|Stamina|boost\n|-boost|p1b: Archaludon|def|1\n|\n|t:|1776721134\n|switch|p2a: Miki|Meganium, L50, F|100/100|[from] Volt Switch\n|move|p1a: Primarina|Hyper Voice|p2b: Whimsicott|[spread] p2a,p2b\n|-resisted|p2a: Miki|1\n|-resisted|p2b: Whimsicott|1\n|-damage|p2a: Miki|75/100\n|-damage|p2b: Whimsicott|5/100\n|\n|-weather|RainDance|[upkeep]\n|-heal|p1a: Primarina|79/100|[from] item: Leftovers\n|upkeep\n|turn|3\n|\n|t:|1776721150\n|switch|p2b: Ninetales|Ninetales-Alola, L50, M|100/100\n|-weather|Snowscape|[from] ability: Snow Warning|[of] p2b: Ninetales\n|detailschange|p2a: Miki|Meganium-Mega, L50, F\n|-mega|p2a: Miki|Meganium|Meganiumite\n|move|p2a: Miki|Weather Ball|p1b: Archaludon\n|-damage|p1b: Archaludon|0 fnt\n|faint|p1b: Archaludon\n|move|p1a: Primarina|Hyper Voice|p2a: Miki|[spread] p2a,p2b\n|-resisted|p2a: Miki|1\n|-damage|p2a: Miki|59/100\n|-damage|p2b: Ninetales|60/100\n|\n|-weather|Snowscape|[upkeep]\n|-heal|p2b: Ninetales|67/100|[from] item: Leftovers\n|-heal|p1a: Primarina|85/100|[from] item: Leftovers\n|upkeep\n|\n|t:|1776721161\n|switch|p1b: Pelipper|Pelipper, L50, F|89/100\n|-weather|RainDance|[from] ability: Drizzle|[of] p1b: Pelipper\n|turn|4\n|\n|t:|1776721182\n|move|p2b: Ninetales|Dazzling Gleam|p1a: Primarina|[spread] p1a,p1b\n|-damage|p1a: Primarina|67/100\n|-damage|p1b: Pelipper|55/100\n|move|p2a: Miki|Dazzling Gleam|p1b: Pelipper|[spread] p1a,p1b\n|-damage|p1a: Primarina|38/100\n|-damage|p1b: Pelipper|0 fnt\n|faint|p1b: Pelipper\n|move|p1a: Primarina|Hyper Voice|p2b: Ninetales|[spread] p2a,p2b\n|-resisted|p2a: Miki|1\n|-damage|p2a: Miki|35/100\n|-damage|p2b: Ninetales|13/100\n|\n|-weather|RainDance|[upkeep]\n|-heal|p2b: Ninetales|19/100|[from] item: Leftovers\n|-heal|p1a: Primarina|44/100|[from] item: Leftovers\n|-sideend|p2: 8akevinn|move: Tailwind\n|upkeep\n|\n|t:|1776721192\n|switch|p1b: Meganium|Meganium, L50, F, shiny|100/100\n|turn|5\n|\n|t:|1776721206\n|switch|p2b: Whimsicott|Whimsicott, L50, F, shiny|5/100\n|detailschange|p1b: Meganium|Meganium-Mega, L50, F, shiny\n|-mega|p1b: Meganium|Meganium|Meganiumite\n|move|p2a: Miki|Protect|p2a: Miki\n|-singleturn|p2a: Miki|Protect\n|move|p1b: Meganium|Weather Ball|p2a: Miki\n|-activate|p2a: Miki|move: Protect\n|move|p1a: Primarina|Hyper Voice|p2a: Miki|[spread] p2b\n|-activate|p2a: Miki|move: Protect\n|-resisted|p2b: Whimsicott|1\n|-damage|p2b: Whimsicott|0 fnt\n|faint|p2b: Whimsicott\n|\n|-weather|RainDance|[upkeep]\n|-heal|p1a: Primarina|50/100|[from] item: Leftovers\n|upkeep\n|inactive|8akevinn has 30 seconds left.\n|\n|t:|1776721237\n|switch|p2b: Raichu|Raichu, L50, M|2/100\n|turn|6\n|\n|t:|1776721252\n|move|p2b: Raichu|Volt Switch|p1a: Primarina\n|-supereffective|p1a: Primarina|1\n|-damage|p1a: Primarina|0 fnt\n|faint|p1a: Primarina\n|\n|t:|1776721256\n|switch|p2b: Ninetales|Ninetales-Alola, L50, M|19/100|[from] Volt Switch\n|-weather|Snowscape|[from] ability: Snow Warning|[of] p2b: Ninetales\n|move|p1b: Meganium|Weather Ball|p2a: Miki\n|-supereffective|p2a: Miki|1\n|-damage|p2a: Miki|0 fnt\n|faint|p2a: Miki\n|\n|-weather|Snowscape|[upkeep]\n|-heal|p2b: Ninetales|25/100|[from] item: Leftovers\n|upkeep\n|\n|t:|1776721269\n|switch|p2a: Raichu|Raichu, L50, M|2/100\n|turn|7\n|\n|t:|1776721276\n|move|p2a: Raichu|Fake Out|p1b: Meganium\n|-damage|p1b: Meganium|91/100\n|cant|p1b: Meganium|flinch\n|move|p2b: Ninetales|Blizzard|p1b: Meganium\n|-supereffective|p1b: Meganium|1\n|-damage|p1b: Meganium|17/100\n|-status|p1b: Meganium|frz\n|\n|-weather|Snowscape|[upkeep]\n|-heal|p2b: Ninetales|31/100|[from] item: Leftovers\n|upkeep\n|turn|8\n|l|\u2606jonathan53332\n|inactive|jonathan53332 disconnected and has a minute to reconnect!\n|player|p1|\n|\n|t:|1776721292\n|move|p2a: Raichu|Volt Switch|p1b: Meganium\n|-resisted|p1b: Meganium|1\n|-damage|p1b: Meganium|2/100 frz\n|-curestatus|p1b: Meganium|frz|[msg]\n|move|p1b: Meganium|Dazzling Gleam|p2b: Ninetales|[spread] p2a,p2b\n|-damage|p2a: Raichu|0 fnt\n|-damage|p2b: Ninetales|0 fnt\n|faint|p2a: Raichu\n|faint|p2b: Ninetales\n|\n|win|jonathan53332\n|raw|jonathan53332's rating: 1005 &rarr; <strong>1054</strong><br />(+49 for winning)\n|raw|8akevinn's rating: 1093 &rarr; <strong>1063</strong><br />(-30 for losing)\n|j|\u2606jonathan53332\n|player|p1|jonathan53332|266|\n|l|\u26068akevinn\n|player|p2|\n",
  "uploadtime": 1776721343,
  "views": 6,
  "formatid": "gen9championsvgc2026regma",
  "rating": 1054,
  "private": 0,
  "password": null
}