{
  "id": "gen9championsvgc2026regma-2587345829",
  "format": "[Gen 9 Champions] VGC 2026 Reg M-A",
  "players": [
    "cunnybapist",
    "Pastor/Sinner"
  ],
  "log": "|j|\u2606cunnybapist\n|j|\u2606Pastor/Sinner\n|t:|1776524000\n|gametype|doubles\n|player|p1|cunnybapist|caitlin|1181\n|player|p2|Pastor/Sinner|1|1239\n|gen|9\n|tier|[Gen 9 Champions] VGC 2026 Reg M-A\n|rated|\n|rule|Species Clause: Limit one of each Pok\u00e9mon\n|rule|Item Clause: Limit 1 of each item\n|clearpoke\n|poke|p1|Maushold-Four, L50|\n|poke|p1|Pelipper, L50, F|\n|poke|p1|Basculegion, L50, M|\n|poke|p1|Sinistcha, L50|\n|poke|p1|Floette-Eternal, L50, F|\n|poke|p1|Sneasler, L50, F|\n|poke|p2|Tyranitar, L50, F, shiny|\n|poke|p2|Aerodactyl, L50, F|\n|poke|p2|Vanilluxe, L50, F|\n|poke|p2|Milotic, L50, F, shiny|\n|poke|p2|Floette-Eternal, L50, F|\n|poke|p2|Volcarona, L50, F|\n|teampreview|4\n|inactive|Battle timer is ON: inactive players will automatically lose when time's up. (requested by Pastor/Sinner)\n|\n|t:|1776524033\n|teamsize|p1|4\n|teamsize|p2|4\n|start\n|switch|p1a: Basculegion|Basculegion, L50, M|100/100\n|switch|p1b: Maushold|Maushold-Four, L50|100/100\n|switch|p2a: Drumsticks|Vanilluxe, L50, F|100/100\n|switch|p2b: Floette|Floette-Eternal, L50, F|100/100\n|-weather|Snowscape|[from] ability: Snow Warning|[of] p2a: Drumsticks\n|turn|1\n|\n|t:|1776524049\n|move|p2b: Floette|Protect|p2b: Floette\n|-singleturn|p2b: Floette|Protect\n|move|p1b: Maushold|Follow Me|p1b: Maushold\n|-singleturn|p1b: Maushold|move: Follow Me\n|move|p1a: Basculegion|Wave Crash|p2b: Floette\n|-activate|p2b: Floette|move: Protect\n|move|p2a: Drumsticks|Aurora Veil|p2a: Drumsticks\n|-sidestart|p2: Pastor/Sinner|move: Aurora Veil\n|\n|-weather|Snowscape|[upkeep]\n|upkeep\n|turn|2\n|\n|t:|1776524065\n|switch|p1b: Pelipper|Pelipper, L50, F|100/100\n|-weather|RainDance|[from] ability: Drizzle|[of] p1b: Pelipper\n|switch|p2b: Ten Twinkies|Milotic, L50, F, shiny|100/100\n|move|p1a: Basculegion|Wave Crash|p2b: Ten Twinkies\n|-resisted|p2b: Ten Twinkies|1\n|-damage|p2b: Ten Twinkies|66/100\n|-damage|p1a: Basculegion|89/100|[from] Recoil\n|move|p2a: Drumsticks|Blizzard|p1b: Pelipper|[spread] p1a,p1b\n|-resisted|p1a: Basculegion|1\n|-damage|p1a: Basculegion|66/100\n|-damage|p1b: Pelipper|29/100\n|\n|-weather|RainDance|[upkeep]\n|-heal|p2b: Ten Twinkies|72/100|[from] item: Leftovers\n|upkeep\n|turn|3\n|\n|t:|1776524093\n|move|p1b: Pelipper|Protect|p1b: Pelipper\n|-singleturn|p1b: Pelipper|Protect\n|move|p1a: Basculegion|Wave Crash|p2a: Drumsticks\n|-damage|p2a: Drumsticks|11/100\n|-damage|p1a: Basculegion|42/100|[from] Recoil\n|move|p2b: Ten Twinkies|Muddy Water|p1a: Basculegion|[spread] p1a\n|-activate|p1b: Pelipper|move: Protect\n|-resisted|p1a: Basculegion|1\n|-damage|p1a: Basculegion|17/100\n|move|p2a: Drumsticks|Freeze-Dry|p1a: Basculegion\n|-supereffective|p1a: Basculegion|1\n|-damage|p1a: Basculegion|0 fnt\n|faint|p1a: Basculegion\n|\n|-weather|RainDance|[upkeep]\n|-heal|p2b: Ten Twinkies|78/100|[from] item: Leftovers\n|upkeep\n|\n|t:|1776524104\n|switch|p1a: Floette|Floette-Eternal, L50, F|100/100\n|turn|4\n|\n|t:|1776524119\n|switch|p1b: Maushold|Maushold-Four, L50|100/100\n|detailschange|p1a: Floette|Floette-Mega, L50, F\n|-mega|p1a: Floette|Floette|Floettite\n|-ability|p1a: Floette|Fairy Aura\n|move|p1a: Floette|Calm Mind|p1a: Floette\n|-boost|p1a: Floette|spa|1\n|-boost|p1a: Floette|spd|1\n|move|p2b: Ten Twinkies|Icy Wind|p1a: Floette|[spread] p1a,p1b\n|-damage|p1a: Floette|97/100\n|-damage|p1b: Maushold|89/100\n|-unboost|p1a: Floette|spe|1\n|-unboost|p1b: Maushold|spe|1\n|move|p2a: Drumsticks|Blizzard|p1a: Floette|[spread] p1a\n|-miss|p2a: Drumsticks|p1b: Maushold\n|-damage|p1a: Floette|81/100\n|\n|-weather|RainDance|[upkeep]\n|-heal|p2b: Ten Twinkies|84/100|[from] item: Leftovers\n|upkeep\n|turn|5\n|\n|t:|1776524142\n|move|p2b: Ten Twinkies|Muddy Water|p1a: Floette|[spread] p1a,p1b\n|-damage|p1a: Floette|68/100\n|-damage|p1b: Maushold|51/100\n|move|p2a: Drumsticks|Blizzard|p1a: Floette|[spread] p1a,p1b\n|-damage|p1a: Floette|55/100\n|-damage|p1b: Maushold|8/100\n|move|p1b: Maushold|Population Bomb|p2b: Ten Twinkies\n|-damage|p2b: Ten Twinkies|81/100\n|-hitcount|p2b: Ten Twinkies|1\n|move|p1a: Floette|Moonblast|p2b: Ten Twinkies\n|-damage|p2b: Ten Twinkies|32/100\n|\n|-weather|RainDance|[upkeep]\n|-heal|p2b: Ten Twinkies|38/100|[from] item: Leftovers\n|-sideend|p2: Pastor/Sinner|move: Aurora Veil\n|upkeep\n|turn|6\n|inactive|cunnybapist has 30 seconds left.\n|inactive|cunnybapist has 20 seconds left.\n|\n|t:|1776524179\n|move|p1b: Maushold|Follow Me|p1b: Maushold\n|-singleturn|p1b: Maushold|move: Follow Me\n|move|p2b: Ten Twinkies|Recover|p2b: Ten Twinkies\n|-heal|p2b: Ten Twinkies|88/100\n|move|p2a: Drumsticks|Freeze-Dry|p1b: Maushold\n|-damage|p1b: Maushold|0 fnt\n|faint|p1b: Maushold\n|move|p1a: Floette|Moonblast|p2b: Ten Twinkies\n|-damage|p2b: Ten Twinkies|20/100\n|\n|-weather|none\n|-heal|p2b: Ten Twinkies|27/100|[from] item: Leftovers\n|upkeep\n|\n|t:|1776524186\n|switch|p1b: Pelipper|Pelipper, L50, F|29/100\n|-weather|RainDance|[from] ability: Drizzle|[of] p1b: Pelipper\n|turn|7\n|\n|t:|1776524201\n|move|p1b: Pelipper|Tailwind|p1b: Pelipper\n|-sidestart|p1: cunnybapist|move: Tailwind\n|move|p1a: Floette|Moonblast|p2b: Ten Twinkies\n|-damage|p2b: Ten Twinkies|0 fnt\n|faint|p2b: Ten Twinkies\n|move|p2a: Drumsticks|Freeze-Dry|p1b: Pelipper\n|-supereffective|p1b: Pelipper|2\n|-damage|p1b: Pelipper|0 fnt\n|faint|p1b: Pelipper\n|\n|-weather|RainDance|[upkeep]\n|upkeep\n|\n|t:|1776524217\n|switch|p2b: Volcarona|Volcarona, L50, F|100/100\n|turn|8\n|\n|t:|1776524228\n|move|p1a: Floette|Moonblast|p2a: Drumsticks|[miss]\n|-miss|p1a: Floette|p2a: Drumsticks\n|move|p2b: Volcarona|Quiver Dance|p2b: Volcarona\n|-boost|p2b: Volcarona|spa|1\n|-boost|p2b: Volcarona|spd|1\n|-boost|p2b: Volcarona|spe|1\n|move|p2a: Drumsticks|Blizzard|p1a: Floette\n|-damage|p1a: Floette|26/100\n|\n|-weather|RainDance|[upkeep]\n|upkeep\n|turn|9\n|\n|t:|1776524246\n|move|p2b: Volcarona|Quiver Dance|p2b: Volcarona\n|-boost|p2b: Volcarona|spa|1\n|-boost|p2b: Volcarona|spd|1\n|-boost|p2b: Volcarona|spe|1\n|move|p1a: Floette|Draining Kiss|p2b: Volcarona\n|-resisted|p2b: Volcarona|1\n|-damage|p2b: Volcarona|87/100\n|-heal|p1a: Floette|35/100|[from] drain|[of] p2b: Volcarona\n|move|p2a: Drumsticks|Blizzard|p1a: Floette|[miss]\n|-miss|p2a: Drumsticks|p1a: Floette\n|\n|-weather|RainDance|[upkeep]\n|upkeep\n|turn|10\n|-message|cunnybapist forfeited.\n|\n|win|Pastor/Sinner\n|raw|cunnybapist's rating: 1181 &rarr; <strong>1160</strong><br />(-21 for losing)\n|raw|Pastor&#x2f;Sinner's rating: 1239 &rarr; <strong>1260</strong><br />(+21 for winning)\n|l|\u2606cunnybapist\n|player|p1|\n",
  "uploadtime": 1776524260,
  "views": 40,
  "formatid": "gen9championsvgc2026regma",
  "rating": 1160,
  "private": 0,
  "password": null
}