{
  "id": "gen9championsvgc2026regma-2586196232",
  "format": "[Gen 9 Champions] VGC 2026 Reg M-A",
  "players": [
    "slash123123",
    "itsmemaoh"
  ],
  "log": "|j|\u2606slash123123\n|j|\u2606itsmemaoh\n|t:|1776411118\n|gametype|doubles\n|player|p1|slash123123|rancher|1122\n|player|p2|itsmemaoh|1|1041\n|gen|9\n|tier|[Gen 9 Champions] VGC 2026 Reg M-A\n|rated|\n|rule|Species Clause: Limit one of each Pok\u00e9mon\n|rule|Item Clause: Limit 1 of each item\n|clearpoke\n|poke|p1|Scovillain, L50, M|\n|poke|p1|Primarina, L50, F|\n|poke|p1|Kommo-o, L50, M|\n|poke|p1|Sinistcha, L50|\n|poke|p1|Corviknight, L50, M|\n|poke|p1|Aerodactyl, L50, M|\n|poke|p2|Tyranitar, L50, F|\n|poke|p2|Aerodactyl, L50, F|\n|poke|p2|Garchomp, L50, F|\n|poke|p2|Aegislash, L50, F|\n|poke|p2|Rotom-Wash, L50|\n|poke|p2|Incineroar, L50, M|\n|teampreview|4\n|\n|t:|1776411162\n|teamsize|p1|4\n|teamsize|p2|4\n|start\n|switch|p1a: Scovillain|Scovillain, L50, M|100/100\n|switch|p1b: Corviknight|Corviknight, L50, M|100/100\n|switch|p2a: Aerodactyl|Aerodactyl, L50, F|100/100\n|switch|p2b: Garchomp|Garchomp, L50, F|100/100\n|-ability|p2a: Aerodactyl|Unnerve\n|-ability|p1b: Corviknight|Pressure\n|turn|1\n|\n|t:|1776411184\n|detailschange|p1a: Scovillain|Scovillain-Mega, L50, M\n|-mega|p1a: Scovillain|Scovillain|Scovillainite\n|move|p1a: Scovillain|Rage Powder|p1a: Scovillain\n|-singleturn|p1a: Scovillain|move: Rage Powder\n|move|p2b: Garchomp|Poison Jab|p1a: Scovillain\n|-supereffective|p1a: Scovillain|1\n|-crit|p1a: Scovillain\n|-damage|p1a: Scovillain|20/100\n|-status|p2b: Garchomp|brn|[from] ability: Spicy Spray|[of] p1a: Scovillain\n|move|p2a: Aerodactyl|Tailwind|p2a: Aerodactyl\n|-sidestart|p2: itsmemaoh|move: Tailwind\n|move|p1b: Corviknight|Iron Defense|p1b: Corviknight\n|-boost|p1b: Corviknight|def|2\n|\n|-damage|p2b: Garchomp|94/100 brn|[from] brn\n|upkeep\n|turn|2\n|\n|t:|1776411204\n|switch|p2a: Incineroar|Incineroar, L50, M|100/100\n|-ability|p2a: Incineroar|Intimidate|boost\n|-unboost|p1a: Scovillain|atk|1\n|-unboost|p1b: Corviknight|atk|1\n|move|p1a: Scovillain|Protect|p1a: Scovillain\n|-singleturn|p1a: Scovillain|Protect\n|move|p2b: Garchomp|Poison Jab|p1a: Scovillain\n|-activate|p1a: Scovillain|move: Protect\n|move|p1b: Corviknight|Iron Defense|p1b: Corviknight\n|-boost|p1b: Corviknight|def|2\n|\n|-damage|p2b: Garchomp|88/100 brn|[from] brn\n|upkeep\n|turn|3\n|\n|t:|1776411244\n|switch|p1a: Sinistcha|Sinistcha, L50|100/100\n|move|p2a: Incineroar|Fake Out|p1b: Corviknight\n|-resisted|p1b: Corviknight|1\n|-damage|p1b: Corviknight|99/100\n|move|p2b: Garchomp|Poison Jab|p1a: Sinistcha\n|-damage|p1a: Sinistcha|91/100\n|cant|p1b: Corviknight|flinch\n|\n|-damage|p2b: Garchomp|82/100 brn|[from] brn\n|upkeep\n|turn|4\n|\n|t:|1776411268\n|switch|p2b: Aerodactyl|Aerodactyl, L50, F|100/100\n|-ability|p2b: Aerodactyl|Unnerve\n|move|p2a: Incineroar|Flare Blitz|p1b: Corviknight\n|-supereffective|p1b: Corviknight|1\n|-damage|p1b: Corviknight|63/100\n|-damage|p2a: Incineroar|86/100|[from] Recoil\n|move|p1a: Sinistcha|Matcha Gotcha|p2b: Aerodactyl|[spread] p2b\n|-miss|p1a: Sinistcha|p2a: Incineroar\n|-damage|p2b: Aerodactyl|67/100\n|-heal|p1a: Sinistcha|100/100|[from] drain|[of] p2b: Aerodactyl\n|move|p1b: Corviknight|Body Press|p2a: Incineroar\n|-supereffective|p2a: Incineroar|1\n|-damage|p2a: Incineroar|0 fnt\n|faint|p2a: Incineroar\n|\n|-sideend|p2: itsmemaoh|move: Tailwind\n|upkeep\n|\n|t:|1776411287\n|switch|p2a: Garchomp|Garchomp, L50, F|82/100 brn\n|turn|5\n|\n|t:|1776411293\n|switch|p1a: Scovillain|Scovillain-Mega, L50, M|20/100\n|move|p2a: Garchomp|Rock Slide|p1b: Corviknight|[spread] p1a,p1b\n|-supereffective|p1a: Scovillain|1\n|-damage|p1a: Scovillain|3/100\n|-damage|p1b: Corviknight|61/100\n|move|p2b: Aerodactyl|Dual Wingbeat|p1a: Scovillain\n|-supereffective|p1a: Scovillain|1\n|-damage|p1a: Scovillain|0 fnt\n|-status|p2b: Aerodactyl|brn|[from] ability: Spicy Spray|[of] p1a: Scovillain\n|faint|p1a: Scovillain\n|-hitcount|p1: Scovillain|1\n|move|p1b: Corviknight|Roost|p1b: Corviknight\n|-heal|p1b: Corviknight|100/100\n|-singleturn|p1b: Corviknight|move: Roost\n|\n|-damage|p2a: Garchomp|76/100 brn|[from] brn\n|-damage|p2b: Aerodactyl|61/100 brn|[from] brn\n|upkeep\n|-message|itsmemaoh forfeited.\n|\n|win|slash123123\n|raw|slash123123's rating: 1122 &rarr; <strong>1141</strong><br />(+19 for winning)\n|raw|itsmemaoh's rating: 1041 &rarr; <strong>1029</strong><br />(-12 for losing)\n|l|\u2606itsmemaoh\n|player|p2|\n",
  "uploadtime": 1776411316,
  "views": 28,
  "formatid": "gen9championsvgc2026regma",
  "rating": 1029,
  "private": 0,
  "password": null
}