{
  "id": "gen9championsvgc2026regma-2584203457",
  "format": "[Gen 9 Champions] VGC 2026 Reg M-A",
  "players": [
    "Toshinori4",
    "soten soten"
  ],
  "log": "|j|\u2606Toshinori4\n|j|\u2606soten soten\n|t:|1776237797\n|gametype|doubles\n|player|p1|Toshinori4|102|1285\n|player|p2|soten soten|hilbert|1350\n|gen|9\n|tier|[Gen 9 Champions] VGC 2026 Reg M-A\n|rated|\n|rule|Species Clause: Limit one of each Pok\u00e9mon\n|rule|Item Clause: Limit 1 of each item\n|clearpoke\n|poke|p1|Golurk, L50|\n|poke|p1|Venusaur, L50, M|\n|poke|p1|Torkoal, L50, M|\n|poke|p1|Sneasler, L50, M|\n|poke|p1|Incineroar, L50, F|\n|poke|p1|Farigiraf, L50, M|\n|poke|p2|Gallade, L50, M|\n|poke|p2|Floette-Eternal, L50, F|\n|poke|p2|Incineroar, L50, F|\n|poke|p2|Sinistcha, L50|\n|poke|p2|Aegislash, L50, M|\n|poke|p2|Palafin, L50, F|\n|teampreview|4\n|inactive|Battle timer is ON: inactive players will automatically lose when time's up. (requested by soten soten)\n|\n|t:|1776237828\n|teamsize|p1|4\n|teamsize|p2|4\n|start\n|switch|p1a: Farigiraf|Farigiraf, L50, M|100/100\n|switch|p1b: Sneasler|Sneasler, L50, M|100/100\n|switch|p2a: Gallade|Gallade, L50, M|100/100\n|switch|p2b: Palafin|Palafin, L50, F|100/100\n|turn|1\n|\n|t:|1776237842\n|detailschange|p2a: Gallade|Gallade-Mega, L50, M\n|-mega|p2a: Gallade|Gallade|Galladite\n|move|p1b: Sneasler|Fake Out|p2b: Palafin\n|-damage|p2b: Palafin|88/100\n|move|p2a: Gallade|Zen Headbutt|p1b: Sneasler\n|-supereffective|p1b: Sneasler|2\n|-damage|p1b: Sneasler|0 fnt\n|faint|p1b: Sneasler\n|cant|p2b: Palafin|flinch\n|move|p1a: Farigiraf|Trick Room|p1a: Farigiraf\n|-fieldstart|move: Trick Room|[of] p1a: Farigiraf\n|\n|upkeep\n|\n|t:|1776237851\n|switch|p1b: Torkoal|Torkoal, L50, M|100/100\n|-weather|SunnyDay|[from] ability: Drought|[of] p1b: Torkoal\n|turn|2\n|\n|t:|1776237859\n|detailschange|p2b: Palafin|Palafin-Hero, L50, F\n|switch|p2b: Incineroar|Incineroar, L50, F|100/100\n|-ability|p2b: Incineroar|Intimidate|boost\n|-unboost|p1a: Farigiraf|atk|1\n|-unboost|p1b: Torkoal|atk|1\n|move|p2a: Gallade|Protect|p2a: Gallade\n|-singleturn|p2a: Gallade|Protect\n|move|p1b: Torkoal|Weather Ball|p2a: Gallade\n|-activate|p2a: Gallade|move: Protect\n|move|p1a: Farigiraf|Psychic|p2b: Incineroar\n|-immune|p2b: Incineroar\n|\n|-weather|SunnyDay|[upkeep]\n|upkeep\n|turn|3\n|\n|t:|1776237868\n|move|p1b: Torkoal|Protect|p1b: Torkoal\n|-singleturn|p1b: Torkoal|Protect\n|move|p1a: Farigiraf|Hyper Voice|p2b: Incineroar|[spread] p2a,p2b\n|-damage|p2a: Gallade|72/100\n|-damage|p2b: Incineroar|78/100\n|move|p2b: Incineroar|Flare Blitz|p1a: Farigiraf\n|-damage|p1a: Farigiraf|39/100\n|-enditem|p1a: Farigiraf|Sitrus Berry|[eat]\n|-heal|p1a: Farigiraf|64/100|[from] item: Sitrus Berry\n|-damage|p2b: Incineroar|55/100|[from] Recoil\n|move|p2a: Gallade|Close Combat|p1a: Farigiraf\n|-damage|p1a: Farigiraf|0 fnt\n|-unboost|p2a: Gallade|def|1\n|-unboost|p2a: Gallade|spd|1\n|faint|p1a: Farigiraf\n|\n|-weather|SunnyDay|[upkeep]\n|upkeep\n|\n|t:|1776237870\n|switch|p1a: Golurk|Golurk, L50|100/100\n|turn|4\n|\n|t:|1776237885\n|switch|p2b: Sinistcha|Sinistcha, L50|100/100\n|-heal|p2a: Gallade|97/100|[from] ability: Hospitality|[of] p2b: Sinistcha\n|detailschange|p1a: Golurk|Golurk-Mega, L50\n|-mega|p1a: Golurk|Golurk|Golurkite\n|move|p2a: Gallade|Protect|p2a: Gallade\n|-singleturn|p2a: Gallade|Protect\n|move|p1b: Torkoal|Eruption|p2b: Sinistcha|[spread] p2b\n|-activate|p2a: Gallade|move: Protect\n|-supereffective|p2b: Sinistcha|1\n|-damage|p2b: Sinistcha|0 fnt\n|faint|p2b: Sinistcha\n|move|p1a: Golurk|Headlong Rush|p2a: Gallade\n|-ability|p1a: Golurk|Unseen Fist\n|-zbroken|p2a: Gallade\n|-damage|p2a: Gallade|58/100\n|-unboost|p1a: Golurk|def|1\n|-unboost|p1a: Golurk|spd|1\n|\n|-weather|SunnyDay|[upkeep]\n|upkeep\n|\n|t:|1776237890\n|switch|p2b: Incineroar|Incineroar, L50, F|55/100\n|-ability|p2b: Incineroar|Intimidate|boost\n|-unboost|p1a: Golurk|atk|1\n|-unboost|p1b: Torkoal|atk|1\n|turn|5\n|\n|t:|1776237909\n|switch|p2a: Palafin|Palafin-Hero, L50, F|88/100\n|-activate|p2a: Palafin|ability: Zero to Hero\n|move|p2b: Incineroar|Fake Out|p1b: Torkoal\n|-damage|p1b: Torkoal|91/100\n|cant|p1b: Torkoal|flinch\n|move|p1a: Golurk|Poltergeist|p2a: Palafin|[miss]\n|-miss|p1a: Golurk|p2a: Palafin\n|\n|-weather|SunnyDay|[upkeep]\n|-fieldend|move: Trick Room\n|upkeep\n|turn|6\n|inactive|Toshinori4 has 30 seconds left.\n|\n|t:|1776237937\n|move|p2a: Palafin|Protect|p2a: Palafin\n|-singleturn|p2a: Palafin|Protect\n|move|p1a: Golurk|Protect|p1a: Golurk\n|-singleturn|p1a: Golurk|Protect\n|move|p2b: Incineroar|Flare Blitz|p1a: Golurk\n|-activate|p1a: Golurk|move: Protect\n|move|p1b: Torkoal|Eruption|p2b: Incineroar|[spread] p2b\n|-activate|p2a: Palafin|move: Protect\n|-resisted|p2b: Incineroar|1\n|-damage|p2b: Incineroar|21/100\n|-enditem|p2b: Incineroar|Sitrus Berry|[eat]\n|-heal|p2b: Incineroar|46/100|[from] item: Sitrus Berry\n|\n|-weather|none\n|upkeep\n|turn|7\n|\n|t:|1776237948\n|move|p2a: Palafin|Wave Crash|p1b: Torkoal\n|-supereffective|p1b: Torkoal|1\n|-damage|p1b: Torkoal|0 fnt\n|faint|p1b: Torkoal\n|-damage|p2a: Palafin|64/100|[from] Recoil\n|move|p2b: Incineroar|Will-O-Wisp|p1a: Golurk\n|-status|p1a: Golurk|brn\n|move|p1a: Golurk|Poltergeist|p2a: Palafin\n|-activate|p2a: Palafin|move: Poltergeist|Mystic Water\n|-damage|p2a: Palafin|41/100\n|\n|-damage|p1a: Golurk|95/100 brn|[from] brn\n|upkeep\n|turn|8\n|-message|Toshinori4 forfeited.\n|\n|win|soten soten\n|raw|Toshinori4's rating: 1285 &rarr; <strong>1265</strong><br />(-20 for losing)\n|raw|soten soten's rating: 1350 &rarr; <strong>1366</strong><br />(+16 for winning)\n|l|\u2606Toshinori4\n|player|p1|\n",
  "uploadtime": 1776237957,
  "views": 29,
  "formatid": "gen9championsvgc2026regma",
  "rating": 1265,
  "private": 0,
  "password": null
}