{
  "id": "gen9championsvgc2026regma-2581136978",
  "format": "[Gen 9 Champions] VGC 2026 Reg M-A",
  "players": [
    "GHWGYXY",
    "dffortini"
  ],
  "log": "|j|\u2606GHWGYXY\n|j|\u2606dffortini\n|t:|1775963433\n|gametype|doubles\n|player|p1|GHWGYXY|caitlin|1079\n|player|p2|dffortini|gentleman-gen4|1010\n|gen|9\n|tier|[Gen 9 Champions] VGC 2026 Reg M-A\n|rated|\n|rule|Species Clause: Limit one of each Pok\u00e9mon\n|rule|Item Clause: Limit 1 of each item\n|clearpoke\n|poke|p1|Charizard, L50, F|\n|poke|p1|Incineroar, L50, M|\n|poke|p1|Whimsicott, L50, M|\n|poke|p1|Sneasler, L50, M|\n|poke|p1|Rotom-Wash, L50|\n|poke|p1|Garchomp, L50, F|\n|poke|p2|Drampa, L50, M|\n|poke|p2|Garchomp, L50, F|\n|poke|p2|Orthworm, L50, M|\n|poke|p2|Zoroark-Hisui, L50, M|\n|poke|p2|Emolga, L50, F|\n|poke|p2|Ditto, L50|\n|teampreview|4\ndffortini rejected open team sheets.\n|\n|t:|1775963497\n|teamsize|p1|4\n|teamsize|p2|4\n|start\n|switch|p1a: Garchomp|Garchomp, L50, F|100/100\n|switch|p1b: Sneasler|Sneasler, L50, M|100/100\n|switch|p2a: Orthworm|Orthworm, L50, M|100/100\n|switch|p2b: Garchomp|Garchomp, L50, F|100/100\n|turn|1\n|j| hltsp\n|\n|t:|1775963521\n|switch|p2a: Orthworm|Orthworm, L50, M|100/100\n|move|p1b: Sneasler|Fake Out|p2b: Garchomp\n|-damage|p2b: Garchomp|87/100\n|move|p1a: Garchomp|Dragon Claw|p2b: Garchomp\n|-supereffective|p2b: Garchomp|1\n|-damage|p2b: Garchomp|4/100\n|cant|p2b: Garchomp|flinch\n|\n|upkeep\n|turn|2\n|\n|t:|1775963569\n|move|p1a: Garchomp|Dragon Claw|p2a: Orthworm\n|-damage|p2a: Orthworm|10/100\n|replace|p2a: Zoroark|Zoroark-Hisui, L50, M\n|-end|p2a: Zoroark|Illusion\n|move|p1b: Sneasler|Close Combat|p2b: Garchomp\n|-damage|p2b: Garchomp|0 fnt\n|-unboost|p1b: Sneasler|def|1\n|-unboost|p1b: Sneasler|spd|1\n|faint|p2b: Garchomp\n|-enditem|p1b: Sneasler|White Herb\n|-clearnegativeboost|p1b: Sneasler|[silent]\n|move|p2a: Zoroark|Icy Wind|p1a: Garchomp|[spread] p1a,p1b\n|-supereffective|p1a: Garchomp|2\n|-damage|p1a: Garchomp|33/100\n|-damage|p1b: Sneasler|81/100\n|-unboost|p1a: Garchomp|spe|1\n|-unboost|p1b: Sneasler|spe|1\n|\n|upkeep\n|inactive|Battle timer is ON: inactive players will automatically lose when time's up. (requested by GHWGYXY)\n|\n|t:|1775963596\n|switch|p2b: Drampa|Drampa, L50, M|100/100\n|turn|3\n|\n|t:|1775963612\n|switch|p1a: Whimsicott|Whimsicott, L50, M|100/100\n|detailschange|p2b: Drampa|Drampa-Mega, L50, M\n|-mega|p2b: Drampa|Drampa|Drampanite\n|move|p1b: Sneasler|Protect|p1b: Sneasler\n|-singleturn|p1b: Sneasler|Protect\n|move|p2a: Zoroark|Will-O-Wisp|p1b: Sneasler\n|-activate|p1b: Sneasler|move: Protect\n|move|p2b: Drampa|Hyper Voice|p1a: Whimsicott|[spread] p1a\n|-activate|p1b: Sneasler|move: Protect\n|-damage|p1a: Whimsicott|30/100\n|\n|upkeep\n|turn|4\n|inactive|GHWGYXY has 30 seconds left.\n|\n|t:|1775963638\n|move|p2b: Drampa|Protect|p2b: Drampa\n|-singleturn|p2b: Drampa|Protect\n|move|p1b: Sneasler|Close Combat|p2b: Drampa\n|-activate|p2b: Drampa|move: Protect\n|move|p1a: Whimsicott|Moonblast|p2a: Zoroark\n|-damage|p2a: Zoroark|0 fnt\n|faint|p2a: Zoroark\n|\n|upkeep\n|\n|t:|1775963650\n|switch|p2a: Orthworm|Orthworm, L50, M|100/100\n|turn|5\n|\n|t:|1775963659\n|move|p1a: Whimsicott|Encore|p2b: Drampa\n|-start|p2b: Drampa|Encore\n|move|p2b: Drampa|Protect|p2b: Drampa\n|-singleturn|p2b: Drampa|Protect\n|move|p1b: Sneasler|Close Combat|p2a: Orthworm\n|-supereffective|p2a: Orthworm|1\n|-crit|p2a: Orthworm\n|-damage|p2a: Orthworm|0 fnt\n|-unboost|p1b: Sneasler|def|1\n|-unboost|p1b: Sneasler|spd|1\n|faint|p2a: Orthworm\n|\n|upkeep\n|turn|6\n|-message|dffortini forfeited.\n|\n|win|GHWGYXY\n|raw|GHWGYXY's rating: 1079 &rarr; <strong>1102</strong><br />(+23 for winning)\n|raw|dffortini's rating: 1010 &rarr; <strong>1001</strong><br />(-9 for losing)\n|l|\u2606dffortini\n|player|p2|\n",
  "uploadtime": 1775963672,
  "views": 11,
  "formatid": "gen9championsvgc2026regma",
  "rating": 1001,
  "private": 0,
  "password": null
}