{
  "id": "gen9championsvgc2026regma-2588922422",
  "format": "[Gen 9 Champions] VGC 2026 Reg M-A",
  "players": [
    "Mambrilla",
    "Tony V"
  ],
  "log": "|j|\u2606Mambrilla\n|j|\u2606Tony V\n|t:|1776686172\n|gametype|doubles\n|player|p1|Mambrilla|bugcatcher-gen4dp|1142\n|player|p2|Tony V|170|1085\n|gen|9\n|tier|[Gen 9 Champions] VGC 2026 Reg M-A\n|rated|\n|rule|Species Clause: Limit one of each Pok\u00e9mon\n|rule|Item Clause: Limit 1 of each item\n|clearpoke\n|poke|p1|Chimecho, L50, F|\n|poke|p1|Vivillon-Elegant, L50, M|\n|poke|p1|Farigiraf, L50, M|\n|poke|p1|Kingambit, L50, M, shiny|\n|poke|p1|Pelipper, L50, M|\n|poke|p1|Orthworm, L50, M, shiny|\n|poke|p2|Glimmora, L50, M|\n|poke|p2|Ninetales-Alola, L50, F|\n|poke|p2|Garchomp, L50, F|\n|poke|p2|Gyarados, L50, F|\n|poke|p2|Corviknight, L50, M|\n|poke|p2|Rotom-Heat, L50|\n|teampreview|4\n|\n|t:|1776686224\n|teamsize|p1|4\n|teamsize|p2|4\n|start\n|switch|p1a: Orthworm|Orthworm, L50, M, shiny|100/100\n|switch|p1b: Farigiraf|Farigiraf, L50, M|100/100\n|switch|p2a: Garchomp|Garchomp, L50, F|100/100\n|switch|p2b: Rotom|Rotom-Heat, L50|100/100\n|turn|1\n|\n|t:|1776686265\n|move|p2b: Rotom|Thunderbolt|p1b: Farigiraf\n|-damage|p1b: Farigiraf|61/100\n|move|p2a: Garchomp|Scale Shot|p1b: Farigiraf\n|-damage|p1b: Farigiraf|50/100\n|-damage|p1b: Farigiraf|40/100\n|-damage|p1b: Farigiraf|29/100\n|-hitcount|p1b: Farigiraf|3\n|-unboost|p2a: Garchomp|def|1\n|-boost|p2a: Garchomp|spe|1\n|-enditem|p2a: Garchomp|White Herb\n|-clearnegativeboost|p2a: Garchomp|[silent]\n|move|p1a: Orthworm|Shed Tail|p1a: Orthworm\n|-start|p1a: Orthworm|Substitute|[from] move: Shed Tail\n|-damage|p1a: Orthworm|50/100\n|-enditem|p1a: Orthworm|Sitrus Berry|[eat]\n|-heal|p1a: Orthworm|75/100|[from] item: Sitrus Berry\n|\n|t:|1776686276\n|switch|p1a: Chimecho|Chimecho, L50, F|100/100|[from] Shed Tail\n|move|p1b: Farigiraf|Trick Room|p1b: Farigiraf\n|-fieldstart|move: Trick Room|[of] p1b: Farigiraf\n|\n|upkeep\n|turn|2\n|\n|t:|1776686295\n|detailschange|p1a: Chimecho|Chimecho-Mega, L50, F\n|-mega|p1a: Chimecho|Chimecho|Chimechite\n|move|p1b: Farigiraf|Light Screen|p1b: Farigiraf\n|-sidestart|p1: Mambrilla|move: Light Screen\n|move|p1a: Chimecho|Cosmic Power|p1a: Chimecho\n|-boost|p1a: Chimecho|def|1\n|-boost|p1a: Chimecho|spd|1\n|move|p2b: Rotom|Thunderbolt|p1b: Farigiraf\n|-damage|p1b: Farigiraf|2/100\n|move|p2a: Garchomp|Earthquake|p1a: Chimecho|[spread] p1b\n|-immune|p2b: Rotom|[from] ability: Levitate\n|-immune|p1a: Chimecho|[from] ability: Levitate\n|-damage|p1b: Farigiraf|0 fnt\n|faint|p1b: Farigiraf\n|\n|upkeep\n|\n|t:|1776686309\n|switch|p1b: Orthworm|Orthworm, L50, M, shiny|75/100\n|turn|3\n|\n|t:|1776686321\n|switch|p2b: Gyarados|Gyarados, L50, F|100/100\n|-ability|p2b: Gyarados|Intimidate|boost\n|-immune|p1a: Chimecho\n|-unboost|p1b: Orthworm|atk|1\n|move|p2a: Garchomp|Protect|p2a: Garchomp\n|-singleturn|p2a: Garchomp|Protect\n|move|p1a: Chimecho|Cosmic Power|p1a: Chimecho\n|-boost|p1a: Chimecho|def|1\n|-boost|p1a: Chimecho|spd|1\n|move|p1b: Orthworm|Body Press|p2a: Garchomp\n|-activate|p2a: Garchomp|move: Protect\n|\n|upkeep\n|turn|4\n|\n|t:|1776686352\n|move|p1b: Orthworm|Body Press|p2b: Gyarados\n|-resisted|p2b: Gyarados|1\n|-damage|p2b: Gyarados|82/100\n|move|p1a: Chimecho|Cosmic Power|p1a: Chimecho\n|-boost|p1a: Chimecho|def|1\n|-boost|p1a: Chimecho|spd|1\n|move|p2b: Gyarados|Dragon Dance|p2b: Gyarados\n|-boost|p2b: Gyarados|atk|1\n|-boost|p2b: Gyarados|spe|1\n|move|p2a: Garchomp|Scale Shot|p1a: Chimecho\n|-resisted|p1a: Chimecho|1\n|-activate|p1a: Chimecho|move: Substitute|[damage]\n|-resisted|p1a: Chimecho|1\n|-activate|p1a: Chimecho|move: Substitute|[damage]\n|-resisted|p1a: Chimecho|1\n|-activate|p1a: Chimecho|move: Substitute|[damage]\n|-hitcount|p1a: Chimecho|3\n|-unboost|p2a: Garchomp|def|1\n|-boost|p2a: Garchomp|spe|1\n|\n|upkeep\n|turn|5\n|\n|t:|1776686374\n|move|p2b: Gyarados|Protect|p2b: Gyarados\n|-singleturn|p2b: Gyarados|Protect\n|move|p2a: Garchomp|Protect|p2a: Garchomp\n|-singleturn|p2a: Garchomp|Protect\n|move|p1a: Chimecho|Stored Power|p2b: Gyarados\n|-activate|p2b: Gyarados|move: Protect\n|move|p1b: Orthworm|Shed Tail|p1b: Orthworm\n|-start|p1b: Orthworm|Substitute|[from] move: Shed Tail\n|-damage|p1b: Orthworm|25/100\n|\n|t:|1776686402\n|switch|p1b: Vivillon|Vivillon-Elegant, L50, M|100/100|[from] Shed Tail\n|\n|-fieldend|move: Trick Room\n|upkeep\n|turn|6\n|\n|t:|1776686416\n|move|p2a: Garchomp|Rock Slide|p1b: Vivillon|[spread] p1a,p1b\n|-resisted|p1a: Chimecho|1\n|-activate|p1a: Chimecho|move: Substitute|[damage]\n|-supereffective|p1b: Vivillon|2\n|-end|p1b: Vivillon|Substitute\n|move|p2b: Gyarados|Dragon Dance|p2b: Gyarados\n|-boost|p2b: Gyarados|atk|1\n|-boost|p2b: Gyarados|spe|1\n|move|p1b: Vivillon|Sleep Powder|p2a: Garchomp|[miss]\n|-miss|p1b: Vivillon|p2a: Garchomp\n|move|p1a: Chimecho|Stored Power|p2b: Gyarados\n|-damage|p2b: Gyarados|20/100\n|\n|-sideend|p1: Mambrilla|move: Light Screen\n|upkeep\n|turn|7\n|\n|t:|1776686439\n|move|p2b: Gyarados|Protect|p2b: Gyarados\n|-singleturn|p2b: Gyarados|Protect\n|move|p2a: Garchomp|Rock Slide|p1b: Vivillon|[spread] p1a,p1b\n|-resisted|p1a: Chimecho|1\n|-activate|p1a: Chimecho|move: Substitute|[damage]\n|-supereffective|p1b: Vivillon|2\n|-enditem|p1b: Vivillon|Focus Sash\n|-damage|p1b: Vivillon|1/100\n|cant|p1b: Vivillon|flinch\n|move|p1a: Chimecho|Cosmic Power|p1a: Chimecho\n|-boost|p1a: Chimecho|def|1\n|-boost|p1a: Chimecho|spd|1\n|\n|upkeep\n|turn|8\n|\n|t:|1776686463\n|detailschange|p2b: Gyarados|Gyarados-Mega, L50, F\n|-mega|p2b: Gyarados|Gyarados|Gyaradosite\n|-ability|p2b: Gyarados|Mold Breaker\n|move|p2a: Garchomp|Rock Slide|p1b: Vivillon|[spread] p1b\n|-miss|p2a: Garchomp|p1a: Chimecho\n|-supereffective|p1b: Vivillon|2\n|-damage|p1b: Vivillon|0 fnt\n|faint|p1b: Vivillon\n|move|p2b: Gyarados|Crunch|p1a: Chimecho\n|-supereffective|p1a: Chimecho|1\n|-end|p1a: Chimecho|Substitute\n|move|p1a: Chimecho|Stored Power|p2a: Garchomp\n|-damage|p2a: Garchomp|9/100\n|\n|upkeep\n|\n|t:|1776686476\n|switch|p1b: Orthworm|Orthworm, L50, M, shiny|25/100\n|turn|9\n|\n|t:|1776686487\n|move|p1b: Orthworm|Helping Hand|p1a: Chimecho\n|-singleturn|p1a: Chimecho|Helping Hand|[of] p1b: Orthworm\n|move|p2a: Garchomp|Rock Slide|p1b: Orthworm|[spread] p1a,p1b\n|-resisted|p1a: Chimecho|1\n|-resisted|p1b: Orthworm|1\n|-damage|p1a: Chimecho|98/100\n|-damage|p1b: Orthworm|18/100\n|move|p2b: Gyarados|Crunch|p1a: Chimecho\n|-supereffective|p1a: Chimecho|1\n|-damage|p1a: Chimecho|36/100\n|move|p1a: Chimecho|Dazzling Gleam|p2a: Garchomp|[spread] p2a,p2b\n|-supereffective|p2a: Garchomp|1\n|-supereffective|p2b: Gyarados|1\n|-damage|p2a: Garchomp|0 fnt\n|-damage|p2b: Gyarados|0 fnt\n|faint|p2a: Garchomp\n|faint|p2b: Gyarados\n|\n|upkeep\n|\n|t:|1776686503\n|switch|p2a: Rotom|Rotom-Heat, L50|100/100\n|switch|p2b: Ninetales|Ninetales-Alola, L50, F|100/100\n|-weather|Snowscape|[from] ability: Snow Warning|[of] p2b: Ninetales\n|turn|10\n|\n|t:|1776686543\n|move|p2a: Rotom|Overheat|p1a: Chimecho\n|-supereffective|p1a: Chimecho|1\n|-damage|p1a: Chimecho|0 fnt\n|-unboost|p2a: Rotom|spa|2\n|faint|p1a: Chimecho\n|move|p2b: Ninetales|Aurora Veil|p2b: Ninetales\n|-sidestart|p2: Tony V|move: Aurora Veil\n|move|p1b: Orthworm|Iron Head|p2b: Ninetales\n|-supereffective|p2b: Ninetales|2\n|-damage|p2b: Ninetales|36/100\n|\n|-weather|Snowscape|[upkeep]\n|upkeep\n|turn|11\n|-message|Mambrilla forfeited.\n|\n|win|Tony V\n|raw|Mambrilla's rating: 1142 &rarr; <strong>1113</strong><br />(-29 for losing)\n|raw|Tony V's rating: 1085 &rarr; <strong>1117</strong><br />(+32 for winning)\n|l|\u2606Mambrilla\n|player|p1|\n",
  "uploadtime": 1776686559,
  "views": 7,
  "formatid": "gen9championsvgc2026regma",
  "rating": 1113,
  "private": 0,
  "password": null
}