{
  "id": "gen9championsvgc2026regma-2583759481",
  "format": "[Gen 9 Champions] VGC 2026 Reg M-A",
  "players": [
    "bruhperiod",
    "mattnot3"
  ],
  "log": "|j|\u2606bruhperiod\n|j|\u2606mattnot3\n|t:|1776195792\n|gametype|doubles\n|player|p1|bruhperiod|riley|1367\n|player|p2|mattnot3|pokemonbreeder-gen4|1425\n|gen|9\n|tier|[Gen 9 Champions] VGC 2026 Reg M-A\n|rated|\n|rule|Species Clause: Limit one of each Pok\u00e9mon\n|rule|Item Clause: Limit 1 of each item\n|clearpoke\n|poke|p1|Floette-Eternal, L50, F|\n|poke|p1|Garchomp, L50, M|\n|poke|p1|Talonflame, L50, M|\n|poke|p1|Rotom-Wash, L50|\n|poke|p1|Maushold, L50|\n|poke|p1|Aegislash, L50, M|\n|poke|p2|Kommo-o, L50, M|\n|poke|p2|Scizor, L50, M|\n|poke|p2|Sinistcha, L50|\n|poke|p2|Aerodactyl, L50, M|\n|poke|p2|Incineroar, L50, F|\n|poke|p2|Primarina, L50, M|\n|teampreview|4\n|inactive|Battle timer is ON: inactive players will automatically lose when time's up. (requested by mattnot3)\n|inactive|mattnot3 has 60 seconds left.\n|inactive|mattnot3 has 30 seconds left.\n|j| itastelikeiron\n|inactive|mattnot3 has 20 seconds left.\n|\n|t:|1776195865\n|teamsize|p1|4\n|teamsize|p2|4\n|start\n|switch|p1a: Rotom|Rotom-Wash, L50|100/100\n|switch|p1b: Talonflame|Talonflame, L50, M|100/100\n|switch|p2a: Scizor|Scizor, L50, M|100/100\n|switch|p2b: Aerodactyl|Aerodactyl, L50, M|100/100\n|-ability|p2b: Aerodactyl|Unnerve\n|turn|1\n|inactive|mattnot3 has 30 seconds left.\n|\n|t:|1776195894\n|move|p1b: Talonflame|Protect|p1b: Talonflame\n|-singleturn|p1b: Talonflame|Protect\n|move|p2a: Scizor|Protect|p2a: Scizor\n|-singleturn|p2a: Scizor|Protect\n|move|p2b: Aerodactyl|Tailwind|p2b: Aerodactyl\n|-sidestart|p2: mattnot3|move: Tailwind\n|move|p1a: Rotom|Electroweb|p2a: Scizor|[spread] p2b\n|-activate|p2a: Scizor|move: Protect\n|-supereffective|p2b: Aerodactyl|1\n|-damage|p2b: Aerodactyl|42/100\n|-unboost|p2b: Aerodactyl|spe|1\n|\n|upkeep\n|turn|2\n|\n|t:|1776195907\n|detailschange|p2a: Scizor|Scizor-Mega, L50, M\n|-mega|p2a: Scizor|Scizor|Scizorite\n|move|p2a: Scizor|Bullet Punch|p1b: Talonflame\n|-resisted|p1b: Talonflame|1\n|-damage|p1b: Talonflame|71/100\n|move|p2b: Aerodactyl|Rock Slide|p1a: Rotom|[spread] p1a,p1b\n|-supereffective|p1b: Talonflame|2\n|-damage|p1a: Rotom|71/100\n|-damage|p1b: Talonflame|0 fnt\n|faint|p1b: Talonflame\n|move|p1a: Rotom|Electroweb|p2a: Scizor|[spread] p2a,p2b\n|-supereffective|p2b: Aerodactyl|1\n|-damage|p2a: Scizor|80/100\n|-damage|p2b: Aerodactyl|0 fnt\n|-unboost|p2a: Scizor|spe|1\n|faint|p2b: Aerodactyl\n|\n|upkeep\n|\n|t:|1776195923\n|switch|p2b: Sinistcha|Sinistcha, L50|100/100\n|switch|p1b: Garchomp|Garchomp, L50, M|100/100\n|-heal|p2a: Scizor|100/100|[from] ability: Hospitality|[of] p2b: Sinistcha\n|turn|3\n|\n|t:|1776195933\n|switch|p2a: Primarina|Primarina, L50, M|100/100\n|move|p1b: Garchomp|Stomping Tantrum|p2a: Primarina\n|-damage|p2a: Primarina|34/100\n|move|p2b: Sinistcha|Matcha Gotcha|p1a: Rotom|[spread] p1a,p1b\n|-supereffective|p1a: Rotom|1\n|-damage|p1a: Rotom|2/100\n|-damage|p1b: Garchomp|63/100\n|-enditem|p1a: Rotom|Sitrus Berry|[eat]\n|-heal|p1a: Rotom|27/100|[from] item: Sitrus Berry\n|move|p1a: Rotom|Volt Switch|p2a: Primarina\n|-supereffective|p2a: Primarina|1\n|-damage|p2a: Primarina|0 fnt\n|faint|p2a: Primarina\n|\n|t:|1776195940\n|switch|p1a: Floette|Floette-Eternal, L50, F|100/100|[from] Volt Switch\n|\n|upkeep\n|\n|t:|1776195947\n|switch|p2a: Scizor|Scizor-Mega, L50, M|100/100\n|turn|4\n|\n|t:|1776195956\n|move|p1b: Garchomp|Protect|p1b: Garchomp\n|-singleturn|p1b: Garchomp|Protect\n|move|p1a: Floette|Protect|p1a: Floette\n|-singleturn|p1a: Floette|Protect\n|move|p2a: Scizor|Swords Dance|p2a: Scizor\n|-boost|p2a: Scizor|atk|2\n|move|p2b: Sinistcha|Matcha Gotcha|p1a: Floette|[spread] \n|-activate|p1a: Floette|move: Protect\n|-activate|p1b: Garchomp|move: Protect\n|\n|-sideend|p2: mattnot3|move: Tailwind\n|upkeep\n|turn|5\n|\n|t:|1776195977\n|switch|p1a: Rotom|Rotom-Wash, L50|27/100\n|move|p2b: Sinistcha|Rage Powder|p2b: Sinistcha\n|-singleturn|p2b: Sinistcha|move: Rage Powder\n|move|p2a: Scizor|Bullet Punch|p1a: Rotom\n|-resisted|p1a: Rotom|2\n|-damage|p1a: Rotom|6/100\n|move|p1b: Garchomp|Earthquake|p2a: Scizor|[spread] p2a,p2b\n|-immune|p1a: Rotom|[from] ability: Levitate\n|-resisted|p2b: Sinistcha|1\n|-damage|p2a: Scizor|60/100\n|-damage|p2b: Sinistcha|80/100\n|\n|upkeep\n|turn|6\n|\n|t:|1776195992\n|move|p2a: Scizor|Protect|p2a: Scizor\n|-singleturn|p2a: Scizor|Protect\n|move|p1b: Garchomp|Earthquake|p2b: Sinistcha|[spread] \n|-activate|p2a: Scizor|move: Protect\n|-immune|p1a: Rotom|[from] ability: Levitate\n|-miss|p1b: Garchomp|p2b: Sinistcha\n|move|p1a: Rotom|Electroweb|p2b: Sinistcha|[spread] p2b\n|-activate|p2a: Scizor|move: Protect\n|-resisted|p2b: Sinistcha|1\n|-damage|p2b: Sinistcha|68/100\n|-unboost|p2b: Sinistcha|spe|1\n|move|p2b: Sinistcha|Trick Room|p2b: Sinistcha\n|-fieldstart|move: Trick Room|[of] p2b: Sinistcha\n|\n|upkeep\n|turn|7\n|-message|bruhperiod forfeited.\n|\n|win|mattnot3\n|raw|bruhperiod's rating: 1367 &rarr; <strong>1350</strong><br />(-17 for losing)\n|raw|mattnot3's rating: 1425 &rarr; <strong>1442</strong><br />(+17 for winning)\n|l|\u2606bruhperiod\n|player|p1|\n",
  "uploadtime": 1776196003,
  "views": 60,
  "formatid": "gen9championsvgc2026regma",
  "rating": 1350,
  "private": 0,
  "password": null
}