{
  "id": "gen9championsvgc2026regma-2582109998",
  "format": "[Gen 9 Champions] VGC 2026 Reg M-A",
  "players": [
    "Hakkuryuuu",
    "WhiteBoySharia"
  ],
  "log": "|j|\u2606Hakkuryuuu\n|j|\u2606WhiteBoySharia\n|t:|1776059148\n|gametype|doubles\n|player|p1|Hakkuryuuu|2|1201\n|player|p2|WhiteBoySharia|kieran|1285\n|gen|9\n|tier|[Gen 9 Champions] VGC 2026 Reg M-A\n|rated|\n|rule|Species Clause: Limit one of each Pok\u00e9mon\n|rule|Item Clause: Limit 1 of each item\n|clearpoke\n|poke|p1|Corviknight, L50, M|\n|poke|p1|Incineroar, L50, M|\n|poke|p1|Floette-Eternal, L50, F|\n|poke|p1|Sinistcha, L50|\n|poke|p1|Garchomp, L50, M|\n|poke|p1|Tyranitar, L50, M|\n|poke|p2|Incineroar, L50, M|\n|poke|p2|Charizard, L50, M|\n|poke|p2|Venusaur, L50, F|\n|poke|p2|Whimsicott, L50, F|\n|poke|p2|Archaludon, L50, M|\n|poke|p2|Garchomp, L50, F|\n|teampreview|4\n|inactive|Battle timer is ON: inactive players will automatically lose when time's up. (requested by WhiteBoySharia)\n|inactive|Hakkuryuuu has 60 seconds left.\n|\n|t:|1776059195\n|teamsize|p1|4\n|teamsize|p2|4\n|start\n|switch|p1a: Corviknight|Corviknight, L50, M|100/100\n|switch|p1b: Garchomp|Garchomp, L50, M|100/100\n|switch|p2a: Whimsicott|Whimsicott, L50, F, shiny|100/100\n|switch|p2b: Venusaur|Venusaur, L50, F|100/100\n|turn|1\n|\n|t:|1776059209\n|move|p2a: Whimsicott|Sunny Day|p2a: Whimsicott\n|-weather|SunnyDay\n|move|p2b: Venusaur|Sleep Powder|p1a: Corviknight\n|-status|p1a: Corviknight|slp|[from] move: Sleep Powder\n|move|p1b: Garchomp|Earthquake|p2b: Venusaur|[spread] p2a,p2b\n|-immune|p1a: Corviknight\n|-resisted|p2a: Whimsicott|1\n|-damage|p2a: Whimsicott|74/100\n|-damage|p2b: Venusaur|37/100\n|cant|p1a: Corviknight|slp\n|\n|-weather|SunnyDay|[upkeep]\n|upkeep\n|turn|2\n|\n|t:|1776059221\n|move|p2b: Venusaur|Sleep Powder|p1b: Garchomp|[miss]\n|-miss|p2b: Venusaur|p1b: Garchomp\n|move|p1b: Garchomp|Earthquake|p2b: Venusaur|[spread] p2a,p2b\n|-immune|p1a: Corviknight\n|-resisted|p2a: Whimsicott|1\n|-damage|p2a: Whimsicott|47/100\n|-damage|p2b: Venusaur|0 fnt\n|faint|p2b: Venusaur\n|move|p2a: Whimsicott|Moonblast|p1b: Garchomp\n|-supereffective|p1b: Garchomp|1\n|-damage|p1b: Garchomp|41/100\n|-curestatus|p1a: Corviknight|slp|[msg]\n|move|p1a: Corviknight|Tailwind|p1a: Corviknight\n|-sidestart|p1: Hakkuryuuu|move: Tailwind\n|\n|-weather|SunnyDay|[upkeep]\n|upkeep\n|l|\u2606Hakkuryuuu\n|inactive|Hakkuryuuu disconnected and has a minute to reconnect!\n|player|p1|\n|j|\u2606Hakkuryuuu\n|inactive|Hakkuryuuu reconnected.\n|player|p1|Hakkuryuuu|2|\n|\n|t:|1776059232\n|switch|p2b: Charizard|Charizard, L50, M|100/100\n|turn|3\n|l|\u2606Hakkuryuuu\n|inactive|Hakkuryuuu disconnected and has a minute to reconnect!\n|player|p1|\n|j|\u2606Hakkuryuuu\n|inactive|Hakkuryuuu reconnected and has 40 seconds left.\n|player|p1|Hakkuryuuu|2|\n|l|\u2606Hakkuryuuu\n|inactive|Hakkuryuuu disconnected and has a minute to reconnect!\n|player|p1|\n|inactive|Hakkuryuuu has 30 seconds left.\n|inactive|Hakkuryuuu has 20 seconds left.\n|j|\u2606Hakkuryuuu\n|inactive|Hakkuryuuu reconnected and has 20 seconds left.\n|player|p1|Hakkuryuuu|2|\n|inactive|Hakkuryuuu has 15 seconds left.\n|\n|t:|1776059273\n|switch|p1a: Floette|Floette-Eternal, L50, F|100/100\n|detailschange|p2b: Charizard|Charizard-Mega-Y, L50, M\n|-mega|p2b: Charizard|Charizard|Charizardite Y\n|move|p2a: Whimsicott|Encore|p1b: Garchomp\n|-start|p1b: Garchomp|Encore\n|move|p1b: Garchomp|Earthquake|p2b: Charizard|[spread] p1a,p2a\n|-immune|p2b: Charizard\n|-resisted|p2a: Whimsicott|1\n|-damage|p1a: Floette|42/100\n|-damage|p2a: Whimsicott|22/100\n|move|p2b: Charizard|Heat Wave|p1a: Floette|[spread] p1a,p1b\n|-resisted|p1b: Garchomp|1\n|-damage|p1a: Floette|0 fnt\n|-damage|p1b: Garchomp|5/100\n|-status|p1b: Garchomp|brn\n|faint|p1a: Floette\n|\n|-weather|SunnyDay|[upkeep]\n|-damage|p1b: Garchomp|0 fnt|[from] brn\n|faint|p1b: Garchomp\n|upkeep\n|\n|t:|1776059290\n|switch|p1b: Corviknight|Corviknight, L50, M|100/100\n|switch|p1a: Tyranitar|Tyranitar, L50, M|100/100\n|-weather|Sandstorm|[from] ability: Sand Stream|[of] p1a: Tyranitar\n|turn|4\n|\n|t:|1776059305\n|switch|p2b: Garchomp|Garchomp, L50, F|100/100\n|move|p2a: Whimsicott|Tailwind|p2a: Whimsicott\n|-sidestart|p2: WhiteBoySharia|move: Tailwind\n|move|p1b: Corviknight|Tailwind||[still]\n|-fail|p1b: Corviknight\n|move|p1a: Tyranitar|Rock Slide|p2a: Whimsicott|[spread] \n|-miss|p1a: Tyranitar|p2a: Whimsicott\n|-miss|p1a: Tyranitar|p2b: Garchomp\n|\n|-weather|Sandstorm|[upkeep]\n|-damage|p2a: Whimsicott|16/100|[from] Sandstorm\n|upkeep\n|turn|5\n|-message|Hakkuryuuu forfeited.\n|\n|win|WhiteBoySharia\n|raw|Hakkuryuuu's rating: 1201 &rarr; <strong>1182</strong><br />(-19 for losing)\n|raw|WhiteBoySharia's rating: 1285 &rarr; <strong>1304</strong><br />(+19 for winning)\n|l|\u2606Hakkuryuuu\n|player|p1|\n",
  "uploadtime": 1776059315,
  "views": 12,
  "formatid": "gen9championsvgc2026regma",
  "rating": 1182,
  "private": 0,
  "password": null
}