{
  "id": "gen9championsvgc2026regma-2587189183",
  "format": "[Gen 9 Champions] VGC 2026 Reg M-A",
  "players": [
    "Kolakoala44",
    "drwyz"
  ],
  "log": "|j|\u2606Kolakoala44\n|j|\u2606drwyz\n|t:|1776506428\n|gametype|doubles\n|player|p1|Kolakoala44|steven|1070\n|player|p2|drwyz|giovanni|1106\n|gen|9\n|tier|[Gen 9 Champions] VGC 2026 Reg M-A\n|rated|\n|rule|Species Clause: Limit one of each Pok\u00e9mon\n|rule|Item Clause: Limit 1 of each item\n|clearpoke\n|poke|p1|Politoed, L50, F|\n|poke|p1|Gengar, L50, M|\n|poke|p1|Incineroar, L50, F|\n|poke|p1|Palafin, L50, F|\n|poke|p1|Whimsicott, L50, M|\n|poke|p1|Kommo-o, L50, M|\n|poke|p2|Farigiraf, L50, F|\n|poke|p2|Sableye, L50, F|\n|poke|p2|Milotic, L50, F|\n|poke|p2|Scovillain, L50, M|\n|poke|p2|Rotom-Wash, L50|\n|poke|p2|Arcanine, L50, M|\n|teampreview|4\n|inactive|Battle timer is ON: inactive players will automatically lose when time's up. (requested by drwyz)\n|inactive|drwyz has 60 seconds left.\n|\n|t:|1776506485\n|teamsize|p1|4\n|teamsize|p2|4\n|start\n|switch|p1a: Gengar|Gengar, L50, M|100/100\n|switch|p1b: Whimsicott|Whimsicott, L50, M|100/100\n|switch|p2a: Professor X|Farigiraf, L50, F|100/100\n|switch|p2b: Medusa|Milotic, L50, F|100/100\n|turn|1\n|\n|t:|1776506508\n|switch|p2b: Gems for Eyes|Sableye, L50, F|100/100\n|detailschange|p1a: Gengar|Gengar-Mega, L50, M\n|-mega|p1a: Gengar|Gengar|Gengarite\n|move|p1a: Gengar|Perish Song|p1a: Gengar\n|-start|p1a: Gengar|perish3|[silent]\n|-start|p1b: Whimsicott|perish3|[silent]\n|-start|p2a: Professor X|perish3|[silent]\n|-start|p2b: Gems for Eyes|perish3|[silent]\n|-fieldactivate|move: Perish Song\n|move|p1b: Whimsicott|Moonblast|p2a: Professor X\n|-damage|p2a: Professor X|78/100\n|move|p2a: Professor X|Trick Room|p2a: Professor X\n|-fieldstart|move: Trick Room|[of] p2a: Professor X\n|\n|-start|p2b: Gems for Eyes|perish3\n|-start|p2a: Professor X|perish3\n|-start|p1b: Whimsicott|perish3\n|-start|p1a: Gengar|perish3\n|upkeep\n|turn|2\n|\n|t:|1776506533\n|move|p1a: Gengar|Protect|p1a: Gengar\n|-singleturn|p1a: Gengar|Protect\n|move|p2b: Gems for Eyes|Hex|p1a: Gengar\n|-activate|p1a: Gengar|move: Protect\n|move|p2a: Professor X|Light Screen|p2a: Professor X\n|-sidestart|p2: drwyz|move: Light Screen\n|move|p1b: Whimsicott|Moonblast|p2b: Gems for Eyes\n|-supereffective|p2b: Gems for Eyes|1\n|-damage|p2b: Gems for Eyes|59/100\n|\n|-heal|p2b: Gems for Eyes|65/100|[from] item: Leftovers\n|-start|p2b: Gems for Eyes|perish2\n|-start|p2a: Professor X|perish2\n|-start|p1b: Whimsicott|perish2\n|-start|p1a: Gengar|perish2\n|upkeep\n|turn|3\n|inactive|drwyz has 30 seconds left.\n|\n|t:|1776506559\n|move|p2b: Gems for Eyes|Hex|p1a: Gengar\n|-supereffective|p1a: Gengar|1\n|-damage|p1a: Gengar|61/100\n|move|p2a: Professor X|Reflect|p2a: Professor X\n|-sidestart|p2: drwyz|Reflect\n|move|p1b: Whimsicott|Moonblast|p2b: Gems for Eyes\n|-supereffective|p2b: Gems for Eyes|1\n|-damage|p2b: Gems for Eyes|22/100\n|move|p1a: Gengar|Shadow Ball|p2b: Gems for Eyes\n|-damage|p2b: Gems for Eyes|0 fnt\n|faint|p2b: Gems for Eyes\n|\n|-start|p2a: Professor X|perish1\n|-start|p1b: Whimsicott|perish1\n|-start|p1a: Gengar|perish1\n|upkeep\n|inactive|drwyz has 30 seconds left.\n|\n|t:|1776506586\n|switch|p2b: Medusa|Milotic, L50, F|100/100\n|turn|4\n|inactive|drwyz has 30 seconds left.\n|\n|t:|1776506614\n|switch|p1a: Politoed|Politoed, L50, F|100/100\n|-weather|RainDance|[from] ability: Drizzle|[of] p1a: Politoed\n|move|p1b: Whimsicott|Protect|p1b: Whimsicott\n|-singleturn|p1b: Whimsicott|Protect\n|move|p2a: Professor X|Protect|p2a: Professor X\n|-singleturn|p2a: Professor X|Protect\n|move|p2b: Medusa|Ice Beam|p1b: Whimsicott\n|-activate|p1b: Whimsicott|move: Protect\n|\n|-weather|RainDance|[upkeep]\n|-start|p2a: Professor X|perish0\n|-start|p1b: Whimsicott|perish0\n|faint|p2a: Professor X\n|faint|p1b: Whimsicott\n|upkeep\n|\n|t:|1776506631\n|switch|p2a: Carolina Reaper|Scovillain, L50, M|100/100\n|switch|p1b: Gengar|Gengar-Mega, L50, M|61/100\n|turn|5\n|inactive|Kolakoala44 has 30 seconds left.\n|\n|t:|1776506665\n|detailschange|p2a: Carolina Reaper|Scovillain-Mega, L50, M\n|-mega|p2a: Carolina Reaper|Scovillain|Scovillainite\n|move|p2a: Carolina Reaper|Leech Seed|p1b: Gengar|[miss]\n|-miss|p2a: Carolina Reaper|p1b: Gengar\n|move|p2b: Medusa|Scald|p1b: Gengar\n|-damage|p1b: Gengar|8/100\n|-status|p1b: Gengar|brn\n|move|p1a: Politoed|Perish Song|p1a: Politoed\n|-start|p1a: Politoed|perish3|[silent]\n|-start|p1b: Gengar|perish3|[silent]\n|-start|p2a: Carolina Reaper|perish3|[silent]\n|-start|p2b: Medusa|perish3|[silent]\n|-fieldactivate|move: Perish Song\n|move|p1b: Gengar|Disable|p2b: Medusa\n|-start|p2b: Medusa|Disable|Scald\n|\n|-weather|RainDance|[upkeep]\n|-damage|p1b: Gengar|2/100 brn|[from] brn\n|-start|p2a: Carolina Reaper|perish3\n|-start|p2b: Medusa|perish3\n|-start|p1a: Politoed|perish3\n|-start|p1b: Gengar|perish3\n|-fieldend|move: Trick Room\n|upkeep\n|turn|6\n|inactive|Kolakoala44 has 30 seconds left.\n|inactive|drwyz has 30 seconds left.\n|\n|t:|1776506691\n|move|p1b: Gengar|Disable|p2a: Carolina Reaper\n|-start|p2a: Carolina Reaper|Disable|Leech Seed\n|move|p1a: Politoed|Encore|p2a: Carolina Reaper\n|-start|p2a: Carolina Reaper|Encore\n|move|p2b: Medusa|Ice Beam|p1a: Politoed\n|-resisted|p1a: Politoed|1\n|-damage|p1a: Politoed|91/100\n|cant|p2a: Carolina Reaper|Disable|Leech Seed\n|\n|-weather|RainDance|[upkeep]\n|-heal|p1a: Politoed|97/100|[from] item: Leftovers\n|-damage|p1b: Gengar|0 fnt|[from] brn\n|faint|p1b: Gengar\n|-start|p1a: Politoed|perish2\n|-start|p2b: Medusa|perish2\n|-start|p2a: Carolina Reaper|perish2\n|-sideend|p2: drwyz|move: Light Screen\n|upkeep\n|\n|t:|1776506704\n|switch|p1b: Incineroar|Incineroar, L50, F|100/100\n|-ability|p1b: Incineroar|Intimidate|boost\n|-unboost|p2a: Carolina Reaper|atk|1\n|-unboost|p2b: Medusa|atk|1\n|-ability|p2b: Medusa|Competitive|boost\n|-boost|p2b: Medusa|spa|2\n|turn|7\n|inactive|drwyz has 30 seconds left.\n|c|\u2606drwyz|trash team, your comp is banned in normal Ou so you abuse it here\n|-message|drwyz forfeited.\n|\n|win|Kolakoala44\n|raw|Kolakoala44's rating: 1070 &rarr; <strong>1103</strong><br />(+33 for winning)\n|raw|drwyz's rating: 1106 &rarr; <strong>1078</strong><br />(-28 for losing)\n|l|\u2606drwyz\n|player|p2|\n",
  "uploadtime": 1776506777,
  "views": 30,
  "formatid": "gen9championsvgc2026regma",
  "rating": 1078,
  "private": 0,
  "password": null
}