{
  "id": "gen9championsvgc2026regma-2586074402",
  "format": "[Gen 9 Champions] VGC 2026 Reg M-A",
  "players": [
    "Mentalsyndrome",
    "sicle"
  ],
  "log": "|j|\u2606Mentalsyndrome\n|j|\u2606sicle\n|t:|1776396229\n|gametype|doubles\n|player|p1|Mentalsyndrome|101|1200\n|player|p2|sicle|1|1198\n|gen|9\n|tier|[Gen 9 Champions] VGC 2026 Reg M-A\n|rated|\n|rule|Species Clause: Limit one of each Pok\u00e9mon\n|rule|Item Clause: Limit 1 of each item\n|clearpoke\n|poke|p1|Charizard, L50, M|\n|poke|p1|Basculegion, L50, M|\n|poke|p1|Incineroar, L50, M|\n|poke|p1|Sneasler, L50, F|\n|poke|p1|Garchomp, L50, F|\n|poke|p1|Venusaur, L50, F|\n|poke|p2|Arcanine, L50, F|\n|poke|p2|Alakazam, L50, F|\n|poke|p2|Sinistcha, L50|\n|poke|p2|Milotic, L50, F|\n|poke|p2|Drampa, L50, F|\n|poke|p2|Aggron, L50, F|\n|teampreview|4\n|inactive|Battle timer is ON: inactive players will automatically lose when time's up. (requested by Mentalsyndrome)\n|inactive|Mentalsyndrome has 60 seconds left.\n|\n|t:|1776396282\n|teamsize|p1|4\n|teamsize|p2|4\n|start\n|switch|p1a: Charizard|Charizard, L50, M|100/100\n|switch|p1b: Venusaur|Venusaur, L50, F|100/100\n|switch|p2a: Alakazam|Alakazam, L50, F|100/100\n|switch|p2b: Milotic|Milotic, L50, F|100/100\n|turn|1\n|\n|t:|1776396295\n|switch|p1b: Incineroar|Incineroar, L50, M|100/100\n|-ability|p1b: Incineroar|Intimidate|boost\n|-fail|p2a: Alakazam|unboost|Attack|[from] ability: Inner Focus|[of] p2a: Alakazam\n|-unboost|p2b: Milotic|atk|1\n|-ability|p2b: Milotic|Competitive|boost\n|-boost|p2b: Milotic|spa|2\n|detailschange|p1a: Charizard|Charizard-Mega-Y, L50, M\n|-mega|p1a: Charizard|Charizard|Charizardite Y\n|-weather|SunnyDay|[from] ability: Drought|[of] p1a: Charizard\n|move|p2a: Alakazam|Light Screen|p2a: Alakazam\n|-sidestart|p2: sicle|move: Light Screen\n|move|p1a: Charizard|Heat Wave|p2b: Milotic|[spread] p2a\n|-miss|p1a: Charizard|p2b: Milotic\n|-damage|p2a: Alakazam|45/100\n|move|p2b: Milotic|Icy Wind|p1b: Incineroar|[spread] p1a,p1b\n|-resisted|p1b: Incineroar|1\n|-damage|p1a: Charizard|81/100\n|-damage|p1b: Incineroar|93/100\n|-unboost|p1a: Charizard|spe|1\n|-unboost|p1b: Incineroar|spe|1\n|\n|-weather|SunnyDay|[upkeep]\n|upkeep\n|turn|2\n|inactive|Mentalsyndrome has 30 seconds left.\n|inactive|sicle has 30 seconds left.\n|inactive|Mentalsyndrome has 20 seconds left.\n|inactive|Mentalsyndrome has 15 seconds left.\n|\n|t:|1776396337\n|switch|p1a: Venusaur|Venusaur, L50, F|100/100\n|move|p2b: Milotic|Protect|p2b: Milotic\n|-singleturn|p2b: Milotic|Protect\n|move|p2a: Alakazam|Reflect|p2a: Alakazam\n|-sidestart|p2: sicle|Reflect\n|move|p1b: Incineroar|Throat Chop|p2a: Alakazam\n|-supereffective|p2a: Alakazam|1\n|-damage|p2a: Alakazam|0 fnt\n|faint|p2a: Alakazam\n|\n|-weather|SunnyDay|[upkeep]\n|upkeep\n|\n|t:|1776396349\n|switch|p2a: Drampa|Drampa, L50, F|100/100\n|-ability|p2a: Drampa|Cloud Nine\n|turn|3\n|\n|t:|1776396365\n|detailschange|p2a: Drampa|Drampa-Mega, L50, F\n|-mega|p2a: Drampa|Drampa|Drampanite\n|move|p1a: Venusaur|Sleep Powder|p2b: Milotic\n|-status|p2b: Milotic|slp|[from] move: Sleep Powder\n|cant|p2b: Milotic|slp\n|move|p1b: Incineroar|Parting Shot|p2a: Drampa\n|-unboost|p2a: Drampa|atk|1\n|-unboost|p2a: Drampa|spa|1\n|\n|t:|1776396374\n|switch|p1b: Sneasler|Sneasler, L50, F|100/100|[from] Parting Shot\n|move|p2a: Drampa|Hyper Voice|p1b: Sneasler|[spread] p1a,p1b\n|-damage|p1a: Venusaur|68/100\n|-damage|p1b: Sneasler|57/100\n|\n|-weather|SunnyDay|[upkeep]\n|upkeep\n|turn|4\n|\n|t:|1776396385\n|switch|p2a: Sinistcha|Sinistcha, L50|100/100\n|move|p1a: Venusaur|Energy Ball|p2b: Milotic\n|-supereffective|p2b: Milotic|1\n|-damage|p2b: Milotic|61/100 slp\n|move|p1b: Sneasler|Close Combat|p2a: Sinistcha\n|-immune|p2a: Sinistcha\n|cant|p2b: Milotic|slp\n|\n|-weather|SunnyDay|[upkeep]\n|-heal|p2b: Milotic|67/100 slp|[from] item: Leftovers\n|upkeep\n|turn|5\n|\n|t:|1776396405\n|switch|p1b: Incineroar|Incineroar, L50, M|93/100\n|-ability|p1b: Incineroar|Intimidate|boost\n|-unboost|p2a: Sinistcha|atk|1\n|-unboost|p2b: Milotic|atk|1\n|-ability|p2b: Milotic|Competitive|boost\n|-boost|p2b: Milotic|spa|2\n|-curestatus|p2b: Milotic|slp|[msg]\n|move|p2b: Milotic|Protect|p2b: Milotic\n|-singleturn|p2b: Milotic|Protect\n|move|p1a: Venusaur|Energy Ball|p2b: Milotic\n|-activate|p2b: Milotic|move: Protect\n|move|p2a: Sinistcha|Trick Room|p2a: Sinistcha\n|-fieldstart|move: Trick Room|[of] p2a: Sinistcha\n|\n|-weather|none\n|-heal|p2b: Milotic|73/100|[from] item: Leftovers\n|-sideend|p2: sicle|move: Light Screen\n|upkeep\n|turn|6\n|\n|t:|1776396429\n|move|p1b: Incineroar|Fake Out|p2b: Milotic\n|-damage|p2b: Milotic|66/100\n|move|p2a: Sinistcha|Rage Powder|p2a: Sinistcha\n|-singleturn|p2a: Sinistcha|move: Rage Powder\n|cant|p2b: Milotic|flinch\n|move|p1a: Venusaur|Energy Ball|p2b: Milotic\n|-supereffective|p2b: Milotic|1\n|-damage|p2b: Milotic|10/100\n|\n|-heal|p2b: Milotic|16/100|[from] item: Leftovers\n|-sideend|p2: sicle|Reflect\n|upkeep\n|turn|7\n|\n|t:|1776396447\n|move|p2b: Milotic|Protect|p2b: Milotic\n|-singleturn|p2b: Milotic|Protect\n|move|p1b: Incineroar|Throat Chop|p2b: Milotic\n|-activate|p2b: Milotic|move: Protect\n|move|p2a: Sinistcha|Life Dew||[still]|[spread] p2a,p2b\n|-fail|p2a: Sinistcha|heal\n|-heal|p2b: Milotic|41/100\n|move|p1a: Venusaur|Sludge Bomb|p2a: Sinistcha\n|-damage|p2a: Sinistcha|58/100\n|\n|-heal|p2b: Milotic|47/100|[from] item: Leftovers\n|upkeep\n|turn|8\n|\n|t:|1776396468\n|move|p1b: Incineroar|Throat Chop|p2b: Milotic\n|-damage|p2b: Milotic|16/100\n|-start|p2b: Milotic|Throat Chop|[silent]\n|move|p2a: Sinistcha|Life Dew|p2a: Sinistcha|[spread] p2a,p2b\n|-heal|p2a: Sinistcha|84/100\n|-heal|p2b: Milotic|41/100\n|move|p2b: Milotic|Scald|p1b: Incineroar\n|-supereffective|p1b: Incineroar|1\n|-damage|p1b: Incineroar|0 fnt\n|faint|p1b: Incineroar\n|move|p1a: Venusaur|Energy Ball|p2b: Milotic\n|-supereffective|p2b: Milotic|1\n|-damage|p2b: Milotic|0 fnt\n|faint|p2b: Milotic\n|\n|upkeep\n|\n|t:|1776396479\n|switch|p1b: Charizard|Charizard-Mega-Y, L50, M|81/100\n|switch|p2b: Drampa|Drampa-Mega, L50, F|100/100\n|-weather|SunnyDay|[from] ability: Drought|[of] p1b: Charizard\n|turn|9\n|\n|t:|1776396492\n|move|p1b: Charizard|Protect|p1b: Charizard\n|-singleturn|p1b: Charizard|Protect\n|move|p2b: Drampa|Hyper Voice|p1a: Venusaur|[spread] p1a\n|-activate|p1b: Charizard|move: Protect\n|-damage|p1a: Venusaur|18/100\n|move|p2a: Sinistcha|Matcha Gotcha|p1b: Charizard|[spread] p1a\n|-activate|p1b: Charizard|move: Protect\n|-resisted|p1a: Venusaur|2\n|-damage|p1a: Venusaur|11/100\n|-heal|p2a: Sinistcha|87/100|[from] drain|[of] p1a: Venusaur\n|move|p1a: Venusaur|Sleep Powder|p2b: Drampa\n|-status|p2b: Drampa|slp|[from] move: Sleep Powder\n|\n|-weather|SunnyDay|[upkeep]\n|-fieldend|move: Trick Room\n|upkeep\n|turn|10\n|\n|t:|1776396508\n|move|p1a: Venusaur|Sludge Bomb|p2b: Drampa\n|-damage|p2b: Drampa|62/100 slp\n|move|p1b: Charizard|Heat Wave|p2b: Drampa|[spread] p2a,p2b\n|-supereffective|p2a: Sinistcha|1\n|-resisted|p2b: Drampa|1\n|-damage|p2a: Sinistcha|0 fnt\n|-damage|p2b: Drampa|33/100 slp\n|faint|p2a: Sinistcha\n|-ability|p2b: Drampa|Berserk|boost\n|-boost|p2b: Drampa|spa|1\n|cant|p2b: Drampa|slp\n|\n|-weather|SunnyDay|[upkeep]\n|upkeep\n|turn|11\n|-message|sicle forfeited.\n|\n|win|Mentalsyndrome\n|raw|Mentalsyndrome's rating: 1200 &rarr; <strong>1225</strong><br />(+25 for winning)\n|raw|sicle's rating: 1198 &rarr; <strong>1173</strong><br />(-25 for losing)\n|l|\u2606sicle\n|player|p2|\n",
  "uploadtime": 1776396522,
  "views": 16,
  "formatid": "gen9championsvgc2026regma",
  "rating": 1173,
  "private": 0,
  "password": null
}