{
  "id": "gen9championsvgc2026regma-2584724833",
  "format": "[Gen 9 Champions] VGC 2026 Reg M-A",
  "players": [
    "Staryu Shuriken",
    "donglewongledongle"
  ],
  "log": "|j|\u2606Staryu Shuriken\n|j|\u2606donglewongledongle\n|t:|1776279255\n|gametype|doubles\n|player|p1|Staryu Shuriken|worker|1226\n|player|p2|donglewongledongle|266|1152\n|gen|9\n|tier|[Gen 9 Champions] VGC 2026 Reg M-A\n|rated|\n|rule|Species Clause: Limit one of each Pok\u00e9mon\n|rule|Item Clause: Limit 1 of each item\n|clearpoke\n|poke|p1|Kingambit, L50, F|\n|poke|p1|Garchomp, L50, F|\n|poke|p1|Rotom-Wash, L50|\n|poke|p1|Weavile, L50, F|\n|poke|p1|Chandelure, L50, M|\n|poke|p1|Clefable, L50, F|\n|poke|p2|Gengar, L50, F|\n|poke|p2|Infernape, L50, M|\n|poke|p2|Pelipper, L50, F|\n|poke|p2|Basculegion, L50, M|\n|poke|p2|Garchomp, L50, F|\n|poke|p2|Whimsicott, L50, F|\n|teampreview|4\n|\n|t:|1776279310\n|teamsize|p1|4\n|teamsize|p2|4\n|start\n|switch|p1a: Rotom|Rotom-Wash, L50|100/100\n|switch|p1b: Weavile|Weavile, L50, F|100/100\n|switch|p2a: Whimsicott|Whimsicott, L50, F|100/100\n|switch|p2b: Infernape|Infernape, L50, M|100/100\n|turn|1\n|\n|t:|1776279339\n|switch|p1b: Chandelure|Chandelure, L50, M, shiny|100/100\n|move|p2a: Whimsicott|Protect|p2a: Whimsicott\n|-singleturn|p2a: Whimsicott|Protect\n|move|p2b: Infernape|Fake Out|p1a: Rotom\n|-damage|p1a: Rotom|88/100\n|cant|p1a: Rotom|flinch\n|\n|upkeep\n|turn|2\n|\n|t:|1776279359\n|switch|p2b: Pelipper|Pelipper, L50, F|100/100\n|-weather|RainDance|[from] ability: Drizzle|[of] p2b: Pelipper\n|move|p2a: Whimsicott|Tailwind|p2a: Whimsicott\n|-sidestart|p2: donglewongledongle|move: Tailwind\n|move|p1a: Rotom|Electroweb|p2b: Pelipper|[spread] p2a,p2b\n|-resisted|p2a: Whimsicott|1\n|-supereffective|p2b: Pelipper|2\n|-damage|p2a: Whimsicott|84/100\n|-damage|p2b: Pelipper|14/100\n|-unboost|p2a: Whimsicott|spe|1\n|-unboost|p2b: Pelipper|spe|1\n|-enditem|p2b: Pelipper|Sitrus Berry|[eat]\n|-heal|p2b: Pelipper|39/100|[from] item: Sitrus Berry\n|move|p1b: Chandelure|Heat Wave|p2b: Pelipper|[spread] p2a,p2b\n|-supereffective|p2a: Whimsicott|1\n|-resisted|p2b: Pelipper|1\n|-damage|p2a: Whimsicott|28/100\n|-damage|p2b: Pelipper|30/100\n|\n|-weather|RainDance|[upkeep]\n|upkeep\n|turn|3\n|\n|t:|1776279395\n|switch|p2b: Infernape|Infernape, L50, M|100/100\n|detailschange|p1b: Chandelure|Chandelure-Mega, L50, M, shiny\n|-mega|p1b: Chandelure|Chandelure|Chandelurite\n|move|p2a: Whimsicott|Encore|p1b: Chandelure\n|-start|p1b: Chandelure|Encore\n|move|p1a: Rotom|Electroweb|p2a: Whimsicott|[spread] p2a,p2b\n|-resisted|p2a: Whimsicott|1\n|-damage|p2a: Whimsicott|14/100\n|-damage|p2b: Infernape|74/100\n|-unboost|p2a: Whimsicott|spe|1\n|-unboost|p2b: Infernape|spe|1\n|move|p1b: Chandelure|Heat Wave|p2b: Infernape|[spread] p2a,p2b\n|-supereffective|p2a: Whimsicott|1\n|-resisted|p2b: Infernape|1\n|-damage|p2a: Whimsicott|0 fnt\n|-damage|p2b: Infernape|58/100\n|faint|p2a: Whimsicott\n|\n|-weather|RainDance|[upkeep]\n|upkeep\n|\n|t:|1776279403\n|switch|p2a: Basculegion|Basculegion, L50, M|100/100\n|turn|4\n|\n|t:|1776279431\n|move|p2b: Infernape|Fake Out|p1a: Rotom\n|-damage|p1a: Rotom|77/100\n|move|p2a: Basculegion|Wave Crash|p1b: Chandelure\n|-supereffective|p1b: Chandelure|1\n|-damage|p1b: Chandelure|0 fnt\n|faint|p1b: Chandelure\n|-damage|p2a: Basculegion|73/100|[from] Recoil\n|cant|p1a: Rotom|flinch\n|\n|-weather|RainDance|[upkeep]\n|upkeep\n|\n|t:|1776279443\n|switch|p1b: Kingambit|Kingambit, L50, F|100/100\n|turn|5\n|\n|t:|1776279465\n|switch|p2a: Pelipper|Pelipper, L50, F|30/100\n|move|p1b: Kingambit|Sucker Punch||[still]\n|-fail|p1b: Kingambit\n|move|p2b: Infernape|Aura Sphere|p1b: Kingambit\n|-supereffective|p1b: Kingambit|2\n|-enditem|p1b: Kingambit|Chople Berry|[eat]\n|-enditem|p1b: Kingambit|Chople Berry|[weaken]\n|-damage|p1b: Kingambit|30/100\n|move|p1a: Rotom|Electroweb|p2a: Pelipper|[spread] p2a,p2b\n|-supereffective|p2a: Pelipper|2\n|-crit|p2b: Infernape\n|-damage|p2a: Pelipper|0 fnt\n|-damage|p2b: Infernape|15/100\n|-unboost|p2b: Infernape|spe|1\n|faint|p2a: Pelipper\n|\n|-weather|RainDance|[upkeep]\n|-sideend|p2: donglewongledongle|move: Tailwind\n|upkeep\n|\n|t:|1776279475\n|switch|p2a: Basculegion|Basculegion, L50, M|73/100\n|turn|6\n|\n|t:|1776279485\n|move|p2a: Basculegion|Aqua Jet|p1b: Kingambit\n|-damage|p1b: Kingambit|2/100\n|move|p1b: Kingambit|Sucker Punch||[still]\n|-fail|p1b: Kingambit\n|move|p1a: Rotom|Electroweb|p2b: Infernape|[spread] p2a,p2b\n|-supereffective|p2a: Basculegion|1\n|-damage|p2a: Basculegion|33/100\n|-damage|p2b: Infernape|0 fnt\n|-unboost|p2a: Basculegion|spe|1\n|faint|p2b: Infernape\n|\n|-weather|none\n|upkeep\n|turn|7\n|-message|donglewongledongle forfeited.\n|\n|win|Staryu Shuriken\n|raw|Staryu Shuriken's rating: 1226 &rarr; <strong>1246</strong><br />(+20 for winning)\n|raw|donglewongledongle's rating: 1152 &rarr; <strong>1132</strong><br />(-20 for losing)\n|l|\u2606donglewongledongle\n|player|p2|\n|l|\u2606Staryu Shuriken\n|player|p1|\n|j|\u2606Staryu Shuriken\n|player|p1|Staryu Shuriken|worker|\n",
  "uploadtime": 1776279500,
  "views": 22,
  "formatid": "gen9championsvgc2026regma",
  "rating": 1132,
  "private": 0,
  "password": null
}