{
  "id": "gen9championsvgc2026regma-2582336753",
  "format": "[Gen 9 Champions] VGC 2026 Reg M-A",
  "players": [
    "knightsnail",
    "randomn1ck"
  ],
  "log": "|j|\u2606knightsnail\n|j|\u2606randomn1ck\n|t:|1776084449\n|gametype|doubles\n|player|p1|knightsnail|102|1060\n|player|p2|randomn1ck|2|1137\n|gen|9\n|tier|[Gen 9 Champions] VGC 2026 Reg M-A\n|rated|\n|rule|Species Clause: Limit one of each Pok\u00e9mon\n|rule|Item Clause: Limit 1 of each item\n|clearpoke\n|poke|p1|Typhlosion-Hisui, L50, F|\n|poke|p1|Charizard, L50, F|\n|poke|p1|Venusaur, L50, M|\n|poke|p1|Garchomp, L50, F|\n|poke|p1|Whimsicott, L50, F|\n|poke|p1|Sneasler, L50, M|\n|poke|p2|Charizard, L50, M|\n|poke|p2|Venusaur, L50, M|\n|poke|p2|Garchomp, L50, M|\n|poke|p2|Sneasler, L50, F|\n|poke|p2|Gardevoir, L50, F|\n|poke|p2|Aegislash, L50, M|\n|teampreview|4\n|\n|t:|1776084479\n|teamsize|p1|4\n|teamsize|p2|4\n|start\n|switch|p1a: Typhlosion|Typhlosion-Hisui, L50, F|100/100\n|switch|p1b: Charizard|Charizard, L50, F|100/100\n|switch|p2a: Gardevoir|Gardevoir, L50, F, shiny|100/100\n|switch|p2b: Garchomp|Garchomp, L50, M, shiny|100/100\n|-item|p2a: Gardevoir|Choice Scarf|[from] ability: Frisk|[of] p1a: Typhlosion\n|-item|p2b: Garchomp|White Herb|[from] ability: Frisk|[of] p1a: Typhlosion\n|turn|1\n|\n|t:|1776084502\n|detailschange|p1b: Charizard|Charizard-Mega-Y, L50, F\n|-mega|p1b: Charizard|Charizard|Charizardite Y\n|-weather|SunnyDay|[from] ability: Drought|[of] p1b: Charizard\n|move|p1a: Typhlosion|Eruption|p2b: Garchomp|[spread] p2a,p2b\n|-resisted|p2b: Garchomp|1\n|-damage|p2a: Gardevoir|11/100\n|-damage|p2b: Garchomp|55/100\n|move|p2a: Gardevoir|Icy Wind|p1a: Typhlosion|[spread] p1a,p1b\n|-resisted|p1a: Typhlosion|1\n|-damage|p1a: Typhlosion|92/100\n|-damage|p1b: Charizard|88/100\n|-unboost|p1a: Typhlosion|spe|1\n|-unboost|p1b: Charizard|spe|1\n|move|p2b: Garchomp|Rock Slide|p1b: Charizard|[spread] p1a,p1b\n|-supereffective|p1a: Typhlosion|1\n|-supereffective|p1b: Charizard|2\n|-damage|p1a: Typhlosion|30/100\n|-damage|p1b: Charizard|0 fnt\n|faint|p1b: Charizard\n|\n|-weather|SunnyDay|[upkeep]\n|upkeep\n|\n|t:|1776084520\n|switch|p1b: Venusaur|Venusaur, L50, M|100/100\n|turn|2\n|\n|t:|1776084529\n|move|p1b: Venusaur|Solar Beam||[still]\n|-prepare|p1b: Venusaur|Solar Beam\n|-anim|p1b: Venusaur|Solar Beam|p2b: Garchomp\n|-damage|p2b: Garchomp|0 fnt\n|faint|p2b: Garchomp\n|move|p2a: Gardevoir|Icy Wind|p1b: Venusaur|[spread] p1a,p1b\n|-resisted|p1a: Typhlosion|1\n|-supereffective|p1b: Venusaur|1\n|-damage|p1a: Typhlosion|22/100\n|-damage|p1b: Venusaur|66/100\n|-unboost|p1a: Typhlosion|spe|1\n|-unboost|p1b: Venusaur|spe|1\n|move|p1a: Typhlosion|Eruption|p2a: Gardevoir\n|-damage|p2a: Gardevoir|0 fnt\n|faint|p2a: Gardevoir\n|\n|-weather|SunnyDay|[upkeep]\n|upkeep\n|\n|t:|1776084536\n|switch|p2b: Sneasler|Sneasler, L50, F|100/100\n|switch|p2a: Charizard|Charizard, L50, M, shiny|100/100\n|turn|3\n|\n|t:|1776084551\n|switch|p1b: Garchomp|Garchomp, L50, F|100/100\n|detailschange|p2a: Charizard|Charizard-Mega-Y, L50, M, shiny\n|-mega|p2a: Charizard|Charizard|Charizardite Y\n|move|p2b: Sneasler|Fake Out|p1b: Garchomp\n|-damage|p1b: Garchomp|86/100\n|-damage|p2b: Sneasler|88/100|[from] ability: Rough Skin|[of] p1b: Garchomp\n|move|p2a: Charizard|Heat Wave|p1b: Garchomp|[spread] p1a,p1b\n|-resisted|p1a: Typhlosion|1\n|-resisted|p1b: Garchomp|1\n|-damage|p1a: Typhlosion|0 fnt\n|-damage|p1b: Garchomp|54/100\n|faint|p1a: Typhlosion\n|\n|-weather|SunnyDay|[upkeep]\n|-heal|p1b: Garchomp|60/100|[from] item: Leftovers\n|upkeep\n|\n|t:|1776084564\n|switch|p1a: Venusaur|Venusaur, L50, M|66/100\n|turn|4\n|\n|t:|1776084577\n|move|p1a: Venusaur|Protect|p1a: Venusaur\n|-singleturn|p1a: Venusaur|Protect\n|move|p2b: Sneasler|Protect|p2b: Sneasler\n|-singleturn|p2b: Sneasler|Protect\n|move|p2a: Charizard|Protect|p2a: Charizard\n|-singleturn|p2a: Charizard|Protect\n|move|p1b: Garchomp|Earthquake|p2a: Charizard|[spread] \n|-activate|p1a: Venusaur|move: Protect\n|-activate|p2a: Charizard|move: Protect\n|-activate|p2b: Sneasler|move: Protect\n|\n|-weather|SunnyDay|[upkeep]\n|-heal|p1b: Garchomp|66/100|[from] item: Leftovers\n|upkeep\n|turn|5\n|\n|t:|1776084595\n|move|p1a: Venusaur|Sludge Bomb|p2a: Charizard\n|-damage|p2a: Charizard|52/100\n|move|p2b: Sneasler|Close Combat|p1b: Garchomp\n|-damage|p1b: Garchomp|0 fnt\n|-unboost|p2b: Sneasler|def|1\n|-unboost|p2b: Sneasler|spd|1\n|-damage|p2b: Sneasler|76/100|[from] ability: Rough Skin|[of] p1b: Garchomp\n|faint|p1b: Garchomp\n|move|p2a: Charizard|Heat Wave|p1a: Venusaur\n|-supereffective|p1a: Venusaur|1\n|-damage|p1a: Venusaur|0 fnt\n|faint|p1a: Venusaur\n|\n|win|randomn1ck\n|raw|knightsnail's rating: 1060 &rarr; <strong>1045</strong><br />(-15 for losing)\n|raw|randomn1ck's rating: 1137 &rarr; <strong>1157</strong><br />(+20 for winning)\n",
  "uploadtime": 1776084608,
  "views": 18,
  "formatid": "gen9championsvgc2026regma",
  "rating": 1045,
  "private": 0,
  "password": null
}