{
  "id": "gen9championsvgc2026regma-2587278615",
  "format": "[Gen 9 Champions] VGC 2026 Reg M-A",
  "players": [
    "uhhh88",
    "kenben2"
  ],
  "log": "|j|\u2606uhhh88\n|j|\u2606kenben2\n|t:|1776517626\n|gametype|doubles\n|player|p1|uhhh88|101|1103\n|player|p2|kenben2|170|1038\n|gen|9\n|tier|[Gen 9 Champions] VGC 2026 Reg M-A\n|rated|\n|rule|Species Clause: Limit one of each Pok\u00e9mon\n|rule|Item Clause: Limit 1 of each item\n|clearpoke\n|poke|p1|Araquanid, L50, M|\n|poke|p1|Vivillon, L50, F|\n|poke|p1|Volcarona, L50, M|\n|poke|p1|Scizor, L50, M|\n|poke|p1|Pinsir, L50, M|\n|poke|p1|Kleavor, L50, F|\n|poke|p2|Crabominable, L50, M|\n|poke|p2|Hatterene, L50, F|\n|poke|p2|Goodra-Hisui, L50, F|\n|poke|p2|Sinistcha-Masterpiece, L50|\n|poke|p2|Chandelure, L50, M|\n|poke|p2|Tauros-Paldea-Aqua, L50, M|\n|teampreview|4\n|inactive|Battle timer is ON: inactive players will automatically lose when time's up. (requested by uhhh88)\n|inactive|kenben2 has 60 seconds left.\n|\n|t:|1776517667\n|teamsize|p1|4\n|teamsize|p2|4\n|start\n|switch|p1a: Vivillon|Vivillon, L50, F|100/100\n|switch|p1b: Araquanid|Araquanid, L50, M|100/100\n|switch|p2a: the puncher|Crabominable, L50, M|100/100\n|switch|p2b: the bouncer|Hatterene, L50, F|100/100\n|turn|1\n|\n|t:|1776517691\n|detailschange|p2a: the puncher|Crabominable-Mega, L50, M\n|-mega|p2a: the puncher|Crabominable|Crabominite\n|move|p1a: Vivillon|Hurricane|p2b: the bouncer|[miss]\n|-miss|p1a: Vivillon|p2b: the bouncer\n|move|p1b: Araquanid|Hydro Pump|p2b: the bouncer\n|-damage|p2b: the bouncer|32/100\n|move|p2a: the puncher|Bulk Up|p2a: the puncher\n|-boost|p2a: the puncher|atk|1\n|-boost|p2a: the puncher|def|1\n|move|p2b: the bouncer|Trick Room|p2b: the bouncer\n|-fieldstart|move: Trick Room|[of] p2b: the bouncer\n|\n|-heal|p2b: the bouncer|38/100|[from] item: Leftovers\n|upkeep\n|turn|2\n|\n|t:|1776517715\n|move|p1b: Araquanid|Wide Guard|p1b: Araquanid\n|-singleturn|p1b: Araquanid|Wide Guard\n|move|p2b: the bouncer|Calm Mind|p2b: the bouncer\n|-boost|p2b: the bouncer|spa|1\n|-boost|p2b: the bouncer|spd|1\n|move|p2a: the puncher|Ice Hammer|p1a: Vivillon|[miss]\n|-miss|p2a: the puncher|p1a: Vivillon\n|move|p1a: Vivillon|Sleep Powder|p2a: the puncher\n|-status|p2a: the puncher|slp|[from] move: Sleep Powder\n|\n|-heal|p2b: the bouncer|44/100|[from] item: Leftovers\n|upkeep\n|turn|3\n|\n|t:|1776517737\n|move|p1b: Araquanid|Wide Guard|p1b: Araquanid\n|-singleturn|p1b: Araquanid|Wide Guard\n|move|p2b: the bouncer|Baton Pass|p2b: the bouncer\n|\n|t:|1776517741\n|switch|p2b: the gooer|Goodra-Hisui, L50, F|100/100|[from] Baton Pass\n|cant|p2a: the puncher|slp\n|move|p1a: Vivillon|Hurricane|p2b: the gooer|[miss]\n|-miss|p1a: Vivillon|p2b: the gooer\n|\n|upkeep\n|turn|4\n|\n|t:|1776517755\n|cant|p2a: the puncher|slp\n|move|p2b: the gooer|Thunderbolt|p1b: Araquanid\n|-supereffective|p1b: Araquanid|1\n|-damage|p1b: Araquanid|13/100\n|move|p1b: Araquanid|Ice Beam|p2b: the gooer\n|-damage|p2b: the gooer|88/100\n|move|p1a: Vivillon|Hurricane|p2a: the puncher\n|-supereffective|p2a: the puncher|1\n|-damage|p2a: the puncher|20/100 slp\n|\n|upkeep\n|turn|5\n|inactive|uhhh88 has 30 seconds left.\n|\n|t:|1776517781\n|-curestatus|p2a: the puncher|slp|[msg]\n|move|p2a: the puncher|Drain Punch|p1b: Araquanid\n|-resisted|p1b: Araquanid|1\n|-damage|p1b: Araquanid|0 fnt\n|-heal|p2a: the puncher|25/100|[from] drain|[of] p1b: Araquanid\n|faint|p1b: Araquanid\n|move|p2b: the gooer|Thunderbolt|p1a: Vivillon\n|-supereffective|p1a: Vivillon|1\n|-enditem|p1a: Vivillon|Focus Sash\n|-damage|p1a: Vivillon|1/100\n|-heal|p2b: the gooer|99/100|[from] item: Shell Bell|[of] p1a: Vivillon\n|move|p1a: Vivillon|Pollen Puff|p2b: the gooer\n|-resisted|p2b: the gooer|1\n|-damage|p2b: the gooer|90/100\n|\n|-fieldend|move: Trick Room\n|upkeep\n|\n|t:|1776517791\n|switch|p1b: Scizor|Scizor, L50, M|100/100\n|turn|6\n|\n|t:|1776517807\n|switch|p2a: the bouncer|Hatterene, L50, F|44/100\n|move|p1b: Scizor|Bullet Punch|p2a: the bouncer\n|-supereffective|p2a: the bouncer|1\n|-damage|p2a: the bouncer|0 fnt\n|faint|p2a: the bouncer\n|move|p1a: Vivillon|Sleep Powder|p2b: the gooer\n|-status|p2b: the gooer|slp|[from] move: Sleep Powder\n|cant|p2b: the gooer|slp\n|\n|upkeep\n|\n|t:|1776517816\n|switch|p2a: the lamp|Chandelure, L50, M|100/100\n|turn|7\n|\n|t:|1776517827\n|move|p2a: the lamp|Protect|p2a: the lamp\n|-singleturn|p2a: the lamp|Protect\n|move|p1a: Vivillon|Sleep Powder|p2a: the lamp\n|-activate|p2a: the lamp|move: Protect\n|move|p1b: Scizor|Swords Dance|p1b: Scizor\n|-boost|p1b: Scizor|atk|2\n|-curestatus|p2b: the gooer|slp|[msg]\n|move|p2b: the gooer|Thunderbolt|p1a: Vivillon\n|-supereffective|p1a: Vivillon|1\n|-damage|p1a: Vivillon|0 fnt\n|faint|p1a: Vivillon\n|-heal|p2b: the gooer|90/100|[from] item: Shell Bell|[of] p1: Vivillon\n|\n|upkeep\n|\n|t:|1776517835\n|switch|p1a: Pinsir|Pinsir, L50, M|100/100\n|turn|8\n|inactive|uhhh88 has 30 seconds left.\n|\n|t:|1776517868\n|move|p1a: Pinsir|Detect|p1a: Pinsir\n|-singleturn|p1a: Pinsir|Protect\n|move|p1b: Scizor|Protect|p1b: Scizor\n|-singleturn|p1b: Scizor|Protect\n|move|p2a: the lamp|Heat Wave|p1b: Scizor|[spread] \n|-activate|p1a: Pinsir|move: Protect\n|-activate|p1b: Scizor|move: Protect\n|move|p2b: the gooer|Thunderbolt|p1a: Pinsir\n|-activate|p1a: Pinsir|move: Protect\n|\n|upkeep\n|turn|9\n|\n|t:|1776517884\n|detailschange|p1a: Pinsir|Pinsir-Mega, L50, M\n|-mega|p1a: Pinsir|Pinsir|Pinsirite\n|move|p2a: the lamp|Heat Wave|p1b: Scizor|[spread] p1a\n|-miss|p2a: the lamp|p1b: Scizor\n|-supereffective|p1a: Pinsir|1\n|-damage|p1a: Pinsir|13/100\n|-status|p1a: Pinsir|brn\n|move|p1a: Pinsir|Body Slam|p2a: the lamp\n|-damage|p2a: the lamp|57/100\n|move|p1b: Scizor|Close Combat|p2b: the gooer\n|-supereffective|p2b: the gooer|1\n|-damage|p2b: the gooer|0 fnt\n|-unboost|p1b: Scizor|def|1\n|-unboost|p1b: Scizor|spd|1\n|faint|p2b: the gooer\n|-enditem|p1b: Scizor|White Herb\n|-clearnegativeboost|p1b: Scizor|[silent]\n|\n|-damage|p1a: Pinsir|7/100 brn|[from] brn\n|upkeep\n|\n|t:|1776517901\n|switch|p2b: the puncher|Crabominable-Mega, L50, M|25/100\n|turn|10\n|\n|t:|1776517922\n|move|p1a: Pinsir|Quick Attack|p2a: the lamp\n|-damage|p2a: the lamp|36/100\n|move|p1b: Scizor|Bullet Punch|p2a: the lamp\n|-resisted|p2a: the lamp|1\n|-crit|p2a: the lamp\n|-damage|p2a: the lamp|0 fnt\n|faint|p2a: the lamp\n|move|p2b: the puncher|Drain Punch|p1b: Scizor\n|-damage|p1b: Scizor|41/100\n|-heal|p2b: the puncher|50/100|[from] drain|[of] p1b: Scizor\n|\n|-damage|p1a: Pinsir|1/100 brn|[from] brn\n|upkeep\n|turn|11\n|c|\u2606uhhh88|gg\n|\n|t:|1776517944\n|move|p2b: the puncher|Protect|p2b: the puncher\n|-singleturn|p2b: the puncher|Protect\n|move|p1a: Pinsir|Quick Attack|p2b: the puncher\n|-activate|p2b: the puncher|move: Protect\n|move|p1b: Scizor|Bullet Punch|p2b: the puncher\n|-activate|p2b: the puncher|move: Protect\n|\n|-damage|p1a: Pinsir|0 fnt|[from] brn\n|faint|p1a: Pinsir\n|upkeep\n|turn|12\n|c|\u2606uhhh88|gg\n|\n|t:|1776517957\n|move|p1b: Scizor|Close Combat|p2b: the puncher\n|-supereffective|p2b: the puncher|1\n|-damage|p2b: the puncher|0 fnt\n|-unboost|p1b: Scizor|def|1\n|-unboost|p1b: Scizor|spd|1\n|faint|p2b: the puncher\n|\n|win|uhhh88\n|raw|uhhh88's rating: 1103 &rarr; <strong>1123</strong><br />(+20 for winning)\n|raw|kenben2's rating: 1038 &rarr; <strong>1025</strong><br />(-13 for losing)\n|c|\u2606uhhh88|gg\n|l|\u2606kenben2\n|player|p2|\n",
  "uploadtime": 1776518011,
  "views": 21,
  "formatid": "gen9championsvgc2026regma",
  "rating": 1025,
  "private": 0,
  "password": null
}