{
  "id": "gen9championsvgc2026regma-2584476539",
  "format": "[Gen 9 Champions] VGC 2026 Reg M-A",
  "players": [
    "MrOktagon",
    "smp on whimsicott"
  ],
  "log": "|j|\u2606MrOktagon\n|j|\u2606smp on whimsicott\n|t:|1776263430\n|gametype|doubles\n|player|p1|MrOktagon|265|1306\n|player|p2|smp on whimsicott|artist-gen4|1320\n|gen|9\n|tier|[Gen 9 Champions] VGC 2026 Reg M-A\n|rated|\n|rule|Species Clause: Limit one of each Pok\u00e9mon\n|rule|Item Clause: Limit 1 of each item\n|clearpoke\n|poke|p1|Gengar, L50, M|\n|poke|p1|Venusaur, L50, M|\n|poke|p1|Incineroar, L50, M|\n|poke|p1|Ninetales, L50, M|\n|poke|p1|Kommo-o, L50, F|\n|poke|p1|Kingambit, L50, M|\n|poke|p2|Floette-Eternal, L50, F|\n|poke|p2|Aegislash, L50, M|\n|poke|p2|Talonflame, L50, F|\n|poke|p2|Basculegion, L50, M|\n|poke|p2|Milotic, L50, F|\n|poke|p2|Garchomp, L50, M|\n|teampreview|4\n|j| Magia Beyser\n|\n|t:|1776263457\n|teamsize|p1|4\n|teamsize|p2|4\n|start\n|switch|p1a: Gengar|Gengar, L50, M|100/100\n|switch|p1b: Venusaur|Venusaur, L50, M|100/100\n|switch|p2a: Garchomp|Garchomp, L50, M|100/100\n|switch|p2b: Basculegion|Basculegion, L50, M|100/100\n|turn|1\n|\n|t:|1776263476\n|detailschange|p1a: Gengar|Gengar-Mega, L50, M\n|-mega|p1a: Gengar|Gengar|Gengarite\n|move|p1a: Gengar|Protect|p1a: Gengar\n|-singleturn|p1a: Gengar|Protect\n|move|p1b: Venusaur|Protect|p1b: Venusaur\n|-singleturn|p1b: Venusaur|Protect\n|move|p2b: Basculegion|Flip Turn|p1a: Gengar\n|-activate|p1a: Gengar|move: Protect\n|move|p2a: Garchomp|Earthquake|p1a: Gengar|[spread] p2b\n|-activate|p1a: Gengar|move: Protect\n|-activate|p1b: Venusaur|move: Protect\n|-damage|p2b: Basculegion|53/100\n|\n|upkeep\n|turn|2\n|\n|t:|1776263500\n|switch|p1a: Ninetales|Ninetales, L50, M|100/100\n|-weather|SunnyDay|[from] ability: Drought|[of] p1a: Ninetales\n|move|p1b: Venusaur|Leaf Storm|p2b: Basculegion\n|-supereffective|p2b: Basculegion|1\n|-damage|p2b: Basculegion|0 fnt\n|-unboost|p1b: Venusaur|spa|2\n|faint|p2b: Basculegion\n|move|p2a: Garchomp|Dragon Claw|p1a: Ninetales\n|-damage|p1a: Ninetales|40/100\n|\n|-weather|SunnyDay|[upkeep]\n|upkeep\n|\n|t:|1776263507\n|switch|p2b: Talonflame|Talonflame, L50, F|100/100\n|turn|3\n|\n|t:|1776263520\n|switch|p1a: Incineroar|Incineroar, L50, M|100/100\n|-ability|p1a: Incineroar|Intimidate|boost\n|-unboost|p2a: Garchomp|atk|1\n|-unboost|p2b: Talonflame|atk|1\n|-enditem|p2a: Garchomp|White Herb\n|-clearnegativeboost|p2a: Garchomp|[silent]\n|move|p1b: Venusaur|Protect|p1b: Venusaur\n|-singleturn|p1b: Venusaur|Protect\n|move|p2b: Talonflame|Tailwind|p2b: Talonflame\n|-sidestart|p2: smp on whimsicott|move: Tailwind\n|move|p2a: Garchomp|Earthquake|p1b: Venusaur|[spread] p1a\n|-activate|p1b: Venusaur|move: Protect\n|-immune|p2b: Talonflame\n|-supereffective|p1a: Incineroar|1\n|-damage|p1a: Incineroar|34/100\n|\n|-weather|SunnyDay|[upkeep]\n|upkeep\n|turn|4\n|\n|t:|1776263543\n|move|p1a: Incineroar|Fake Out|p2b: Talonflame\n|-damage|p2b: Talonflame|84/100\n|cant|p2b: Talonflame|flinch\n|move|p2a: Garchomp|Earthquake|p1b: Venusaur|[spread] p1a,p1b\n|-immune|p2b: Talonflame\n|-supereffective|p1a: Incineroar|1\n|-damage|p1a: Incineroar|0 fnt\n|-damage|p1b: Venusaur|50/100\n|faint|p1a: Incineroar\n|move|p1b: Venusaur|Sleep Powder|p2a: Garchomp\n|-status|p2a: Garchomp|slp|[from] move: Sleep Powder\n|\n|-weather|SunnyDay|[upkeep]\n|upkeep\n|\n|t:|1776263557\n|switch|p1a: Gengar|Gengar-Mega, L50, M|100/100\n|turn|5\n|\n|t:|1776263566\n|move|p1b: Venusaur|Protect|p1b: Venusaur\n|-singleturn|p1b: Venusaur|Protect\n|move|p2b: Talonflame|Dual Wingbeat|p1a: Gengar\n|-damage|p1a: Gengar|84/100\n|-damage|p1a: Gengar|68/100\n|-hitcount|p1a: Gengar|2\n|cant|p2a: Garchomp|slp\n|move|p1a: Gengar|Shadow Ball|p2b: Talonflame\n|-damage|p2b: Talonflame|12/100\n|\n|-weather|SunnyDay|[upkeep]\n|upkeep\n|turn|6\n|\n|t:|1776263606\n|move|p2b: Talonflame|Protect|p2b: Talonflame\n|-singleturn|p2b: Talonflame|Protect\n|move|p1b: Venusaur|Protect|p1b: Venusaur\n|-singleturn|p1b: Venusaur|Protect\n|-curestatus|p2a: Garchomp|slp|[msg]\n|move|p2a: Garchomp|Earthquake|p1b: Venusaur|[spread] p1a\n|-activate|p2b: Talonflame|move: Protect\n|-activate|p1b: Venusaur|move: Protect\n|-supereffective|p1a: Gengar|1\n|-damage|p1a: Gengar|0 fnt\n|faint|p1a: Gengar\n|\n|-weather|none\n|-sideend|p2: smp on whimsicott|move: Tailwind\n|upkeep\n|\n|t:|1776263616\n|switch|p1a: Ninetales|Ninetales, L50, M|40/100\n|-weather|SunnyDay|[from] ability: Drought|[of] p1a: Ninetales\n|turn|7\n|\n|t:|1776263624\n|move|p1b: Venusaur|Sludge Bomb|p2b: Talonflame\n|-damage|p2b: Talonflame|0 fnt\n|faint|p2b: Talonflame\n|move|p1a: Ninetales|Overheat|p2a: Garchomp\n|-resisted|p2a: Garchomp|1\n|-damage|p2a: Garchomp|60/100\n|-unboost|p1a: Ninetales|spa|2\n|move|p2a: Garchomp|Earthquake|p1a: Ninetales|[spread] p1a,p1b\n|-supereffective|p1a: Ninetales|1\n|-damage|p1a: Ninetales|0 fnt\n|-damage|p1b: Venusaur|2/100\n|faint|p1a: Ninetales\n|\n|-weather|SunnyDay|[upkeep]\n|upkeep\n|\n|t:|1776263626\n|switch|p2b: Aegislash|Aegislash, L50, M|100/100\n|turn|8\n|-message|MrOktagon forfeited.\n|\n|win|smp on whimsicott\n|raw|MrOktagon's rating: 1306 &rarr; <strong>1287</strong><br />(-19 for losing)\n|raw|smp on whimsicott's rating: 1320 &rarr; <strong>1339</strong><br />(+19 for winning)\n",
  "uploadtime": 1776263638,
  "views": 42,
  "formatid": "gen9championsvgc2026regma",
  "rating": 1287,
  "private": 0,
  "password": null
}