{
  "id": "gen9championsvgc2026regma-2585371579",
  "format": "[Gen 9 Champions] VGC 2026 Reg M-A",
  "players": [
    "iccr",
    "Meatheadjr"
  ],
  "log": "|j|\u2606iccr\n|j|\u2606Meatheadjr\n|t:|1776342206\n|gametype|doubles\n|player|p1|iccr|265|1182\n|player|p2|Meatheadjr|170|1143\n|gen|9\n|tier|[Gen 9 Champions] VGC 2026 Reg M-A\n|rated|\n|rule|Species Clause: Limit one of each Pok\u00e9mon\n|rule|Item Clause: Limit 1 of each item\n|clearpoke\n|poke|p1|Pelipper, L50, F|\n|poke|p1|Basculegion-F, L50, F|\n|poke|p1|Starmie, L50|\n|poke|p1|Sneasler, L50, M|\n|poke|p1|Sableye, L50, M|\n|poke|p1|Dragapult, L50, M|\n|poke|p2|Garchomp, L50, M|\n|poke|p2|Charizard, L50, M|\n|poke|p2|Empoleon, L50, F|\n|poke|p2|Sylveon, L50, M|\n|poke|p2|Kingambit, L50, M|\n|poke|p2|Scizor, L50, F|\n|teampreview|4\n|inactive|Battle timer is ON: inactive players will automatically lose when time's up. (requested by iccr)\n|inactive|Meatheadjr also wants the timer to be on.\n|\n|t:|1776342234\n|teamsize|p1|4\n|teamsize|p2|4\n|start\n|switch|p1a: Sneasler|Sneasler, L50, M|100/100\n|switch|p1b: Basculegion|Basculegion-F, L50, F, shiny|100/100\n|switch|p2a: Kingambit|Kingambit, L50, M, shiny|100/100\n|switch|p2b: Charizard|Charizard, L50, M, shiny|100/100\n|turn|1\n|\n|t:|1776342246\n|detailschange|p2b: Charizard|Charizard-Mega-Y, L50, M, shiny\n|-mega|p2b: Charizard|Charizard|Charizardite Y\n|-weather|SunnyDay|[from] ability: Drought|[of] p2b: Charizard\n|move|p1a: Sneasler|Fake Out|p2b: Charizard\n|-damage|p2b: Charizard|79/100\n|move|p2a: Kingambit|Sucker Punch|p1b: Basculegion\n|-supereffective|p1b: Basculegion|1\n|-damage|p1b: Basculegion|0 fnt\n|faint|p1b: Basculegion\n|cant|p2b: Charizard|flinch\n|\n|-weather|SunnyDay|[upkeep]\n|upkeep\n|\n|t:|1776342255\n|switch|p1b: Pelipper|Pelipper, L50, F|100/100\n|-weather|RainDance|[from] ability: Drizzle|[of] p1b: Pelipper\n|turn|2\n|\n|t:|1776342269\n|switch|p2b: Garchomp|Garchomp, L50, M, shiny|100/100\n|move|p2a: Kingambit|Protect|p2a: Kingambit\n|-singleturn|p2a: Kingambit|Protect\n|move|p1a: Sneasler|Close Combat|p2a: Kingambit\n|-activate|p2a: Kingambit|move: Protect\n|move|p1b: Pelipper|Tailwind|p1b: Pelipper\n|-sidestart|p1: iccr|move: Tailwind\n|\n|-weather|RainDance|[upkeep]\n|upkeep\n|turn|3\n|\n|t:|1776342287\n|switch|p1b: Starmie|Starmie, L50, shiny|100/100\n|switch|p2a: Charizard|Charizard-Mega-Y, L50, M, shiny|79/100\n|-weather|SunnyDay|[from] ability: Drought|[of] p2a: Charizard\n|move|p1a: Sneasler|Dire Claw|p2b: Garchomp\n|-resisted|p2b: Garchomp|1\n|-damage|p2b: Garchomp|79/100\n|-damage|p1a: Sneasler|88/100|[from] ability: Rough Skin|[of] p2b: Garchomp\n|move|p2b: Garchomp|Rock Slide|p1b: Starmie|[spread] p1a,p1b\n|-resisted|p1a: Sneasler|1\n|-damage|p1a: Sneasler|72/100\n|-damage|p1b: Starmie|79/100\n|\n|-weather|SunnyDay|[upkeep]\n|upkeep\n|turn|4\n|inactive|Meatheadjr has 30 seconds left.\n|\n|t:|1776342316\n|switch|p1a: Pelipper|Pelipper, L50, F|100/100\n|-weather|RainDance|[from] ability: Drizzle|[of] p1a: Pelipper\n|detailschange|p1b: Starmie|Starmie-Mega, L50, shiny\n|-mega|p1b: Starmie|Starmie|Starminite\n|move|p1b: Starmie|Liquidation|p2b: Garchomp\n|-damage|p2b: Garchomp|0 fnt\n|-damage|p1b: Starmie|67/100|[from] ability: Rough Skin|[of] p2b: Garchomp\n|faint|p2b: Garchomp\n|move|p2a: Charizard|Hurricane|p1a: Pelipper\n|-enditem|p1a: Pelipper|Focus Sash\n|-damage|p1a: Pelipper|1/100\n|\n|-weather|RainDance|[upkeep]\n|upkeep\n|\n|t:|1776342330\n|switch|p2b: Kingambit|Kingambit, L50, M, shiny|100/100\n|turn|5\n|\n|t:|1776342341\n|move|p1b: Starmie|Protect|p1b: Starmie\n|-singleturn|p1b: Starmie|Protect\n|move|p2a: Charizard|Protect|p2a: Charizard\n|-singleturn|p2a: Charizard|Protect\n|move|p2b: Kingambit|Protect|p2b: Kingambit\n|-singleturn|p2b: Kingambit|Protect\n|move|p1a: Pelipper|Weather Ball|p2a: Charizard\n|-activate|p2a: Charizard|move: Protect\n|\n|-weather|RainDance|[upkeep]\n|-sideend|p1: iccr|move: Tailwind\n|upkeep\n|turn|6\n|\n|t:|1776342359\n|switch|p1b: Sneasler|Sneasler, L50, M|72/100\n|move|p2b: Kingambit|Sucker Punch||[still]\n|-fail|p2b: Kingambit\n|move|p2a: Charizard|Heat Wave|p1a: Pelipper|[spread] p1a,p1b\n|-resisted|p1a: Pelipper|1\n|-damage|p1a: Pelipper|0 fnt\n|-damage|p1b: Sneasler|45/100\n|faint|p1a: Pelipper\n|\n|-weather|RainDance|[upkeep]\n|upkeep\n|\n|t:|1776342367\n|switch|p1a: Starmie|Starmie-Mega, L50, shiny|67/100\n|turn|7\n|\n|t:|1776342372\n|move|p2a: Charizard|Protect|p2a: Charizard\n|-singleturn|p2a: Charizard|Protect\n|move|p1a: Starmie|Protect|p1a: Starmie\n|-singleturn|p1a: Starmie|Protect\n|move|p2b: Kingambit|Protect|p2b: Kingambit\n|-singleturn|p2b: Kingambit|Protect\n|move|p1b: Sneasler|Close Combat|p1a: Starmie\n|-activate|p1a: Starmie|move: Protect\n|\n|-weather|RainDance|[upkeep]\n|upkeep\n|turn|8\n|\n|t:|1776342392\n|move|p1a: Starmie|Protect||[still]\n|-fail|p1a: Starmie\n|move|p2b: Kingambit|Sucker Punch||[still]\n|-fail|p2b: Kingambit\n|move|p1b: Sneasler|Close Combat|p2b: Kingambit\n|-supereffective|p2b: Kingambit|2\n|-enditem|p2b: Kingambit|Chople Berry|[eat]\n|-enditem|p2b: Kingambit|Chople Berry|[weaken]\n|-damage|p2b: Kingambit|3/100\n|-unboost|p1b: Sneasler|def|1\n|-unboost|p1b: Sneasler|spd|1\n|-enditem|p1b: Sneasler|White Herb\n|-clearnegativeboost|p1b: Sneasler|[silent]\n|move|p2a: Charizard|Hurricane|p1b: Sneasler\n|-supereffective|p1b: Sneasler|1\n|-damage|p1b: Sneasler|0 fnt\n|faint|p1b: Sneasler\n|\n|-weather|none\n|upkeep\n|turn|9\n|\n|t:|1776342402\n|move|p1a: Starmie|Aqua Jet|p2b: Kingambit\n|-damage|p2b: Kingambit|0 fnt\n|faint|p2b: Kingambit\n|move|p2a: Charizard|Heat Wave|p1a: Starmie\n|-resisted|p1a: Starmie|1\n|-damage|p1a: Starmie|39/100\n|\n|upkeep\n|\n|t:|1776342404\n|switch|p2b: Sylveon|Sylveon, L50, M|100/100\n|turn|10\n|\n|t:|1776342415\n|move|p2b: Sylveon|Protect|p2b: Sylveon\n|-singleturn|p2b: Sylveon|Protect\n|move|p2a: Charizard|Heat Wave|p1a: Starmie\n|-resisted|p1a: Starmie|1\n|-damage|p1a: Starmie|12/100\n|move|p1a: Starmie|Liquidation|p2b: Sylveon\n|-activate|p2b: Sylveon|move: Protect\n|\n|upkeep\n|turn|11\n|\n|t:|1776342424\n|move|p1a: Starmie|Aqua Jet|p2a: Charizard\n|-supereffective|p2a: Charizard|1\n|-crit|p2a: Charizard\n|-damage|p2a: Charizard|0 fnt\n|faint|p2a: Charizard\n|move|p2b: Sylveon|Hyper Voice|p1a: Starmie\n|-damage|p1a: Starmie|0 fnt\n|faint|p1a: Starmie\n|\n|win|Meatheadjr\n|raw|iccr's rating: 1182 &rarr; <strong>1154</strong><br />(-28 for losing)\n|raw|Meatheadjr's rating: 1143 &rarr; <strong>1171</strong><br />(+28 for winning)\n",
  "uploadtime": 1776342433,
  "views": 29,
  "formatid": "gen9championsvgc2026regma",
  "rating": 1154,
  "private": 0,
  "password": null
}