{
  "id": "gen9championsvgc2026regma-2587847151",
  "format": "[Gen 9 Champions] VGC 2026 Reg M-A",
  "players": [
    "MrKwan",
    "bielp104"
  ],
  "log": "|j|\u2606MrKwan\n|j|\u2606bielp104\n|t:|1776570160\n|gametype|doubles\n|player|p1|MrKwan|169|1423\n|player|p2|bielp104|1|1443\n|gen|9\n|tier|[Gen 9 Champions] VGC 2026 Reg M-A\n|rated|\n|rule|Species Clause: Limit one of each Pok\u00e9mon\n|rule|Item Clause: Limit 1 of each item\n|clearpoke\n|poke|p1|Torkoal, L50, M|\n|poke|p1|Lopunny, L50, F|\n|poke|p1|Aerodactyl, L50, F|\n|poke|p1|Sinistcha, L50|\n|poke|p1|Azumarill, L50, F|\n|poke|p1|Kangaskhan, L50, F|\n|poke|p2|Meganium, L50, F|\n|poke|p2|Primarina, L50, F|\n|poke|p2|Sneasler, L50, F|\n|poke|p2|Pelipper, L50, F|\n|poke|p2|Basculegion, L50, M|\n|poke|p2|Archaludon, L50, F|\n|teampreview|4\n|inactive|Battle timer is ON: inactive players will automatically lose when time's up. (requested by bielp104)\n|\n|t:|1776570208\n|teamsize|p1|4\n|teamsize|p2|4\n|start\n|switch|p1a: Kangaskhan|Kangaskhan, L50, F|100/100\n|switch|p1b: Azumarill|Azumarill, L50, F|100/100\n|switch|p2a: Sneasler|Sneasler, L50, F|100/100\n|switch|p2b: Pelipper|Pelipper, L50, F|100/100\n|-weather|RainDance|[from] ability: Drizzle|[of] p2b: Pelipper\n|turn|1\n|inactive|MrKwan has 30 seconds left.\n|inactive|bielp104 has 30 seconds left.\n|inactive|MrKwan has 20 seconds left.\n|inactive|MrKwan has 15 seconds left.\n|\n|t:|1776570256\n|detailschange|p1a: Kangaskhan|Kangaskhan-Mega, L50, F\n|-mega|p1a: Kangaskhan|Kangaskhan|Kangaskhanite\n|move|p2a: Sneasler|Fake Out|p1a: Kangaskhan\n|-damage|p1a: Kangaskhan|85/100\n|cant|p1a: Kangaskhan|flinch\n|move|p2b: Pelipper|Hurricane|p1a: Kangaskhan\n|-damage|p1a: Kangaskhan|36/100\n|-start|p1a: Kangaskhan|confusion\n|move|p1b: Azumarill|Belly Drum|p1b: Azumarill\n|-damage|p1b: Azumarill|50/100\n|-setboost|p1b: Azumarill|atk|6|[from] move: Belly Drum\n|-enditem|p1b: Azumarill|Sitrus Berry|[eat]\n|-heal|p1b: Azumarill|75/100|[from] item: Sitrus Berry\n|\n|-weather|RainDance|[upkeep]\n|upkeep\n|turn|2\n|\n|t:|1776570274\n|move|p1b: Azumarill|Aqua Jet|p2a: Sneasler\n|-damage|p2a: Sneasler|0 fnt\n|faint|p2a: Sneasler\n|-activate|p1a: Kangaskhan|confusion\n|-damage|p1a: Kangaskhan|21/100|[from] confusion\n|move|p2b: Pelipper|Hurricane|p1a: Kangaskhan\n|-crit|p1a: Kangaskhan\n|-damage|p1a: Kangaskhan|0 fnt\n|faint|p1a: Kangaskhan\n|\n|-weather|RainDance|[upkeep]\n|upkeep\n|\n|t:|1776570298\n|switch|p2a: Archaludon|Archaludon, L50, F|100/100\n|switch|p1a: Sinistcha|Sinistcha, L50|100/100\n|-heal|p1b: Azumarill|99/100|[from] ability: Hospitality|[of] p1a: Sinistcha\n|turn|3\n|\n|t:|1776570313\n|switch|p1a: Torkoal|Torkoal, L50, M|100/100\n|-weather|SunnyDay|[from] ability: Drought|[of] p1a: Torkoal\n|move|p2a: Archaludon|Electro Shot||[still]\n|-prepare|p2a: Archaludon|Electro Shot\n|-boost|p2a: Archaludon|spa|1\n|move|p2b: Pelipper|Hurricane|p1a: Torkoal\n|-damage|p1a: Torkoal|33/100\n|-start|p1a: Torkoal|confusion\n|move|p1b: Azumarill|Play Rough|p2a: Archaludon\n|-damage|p2a: Archaludon|0 fnt\n|faint|p2a: Archaludon\n|\n|-weather|SunnyDay|[upkeep]\n|upkeep\n|\n|t:|1776570327\n|switch|p2a: Meganium|Meganium, L50, F|100/100\n|turn|4\n|\n|t:|1776570341\n|detailschange|p2a: Meganium|Meganium-Mega, L50, F\n|-mega|p2a: Meganium|Meganium|Meganiumite\n|move|p1b: Azumarill|Protect|p1b: Azumarill\n|-singleturn|p1b: Azumarill|Protect\n|move|p2b: Pelipper|Wide Guard|p2b: Pelipper\n|-singleturn|p2b: Pelipper|Wide Guard\n|move|p2a: Meganium|Solar Beam||[still]\n|-prepare|p2a: Meganium|Solar Beam\n|-anim|p2a: Meganium|Solar Beam|p1b: Azumarill\n|-activate|p1b: Azumarill|move: Protect\n|-activate|p1a: Torkoal|confusion\n|-damage|p1a: Torkoal|26/100|[from] confusion\n|\n|-weather|SunnyDay|[upkeep]\n|upkeep\n|turn|5\n|\n|t:|1776570357\n|switch|p1b: Sinistcha|Sinistcha, L50|100/100\n|-heal|p1a: Torkoal|51/100|[from] ability: Hospitality|[of] p1b: Sinistcha\n|move|p2b: Pelipper|Wide Guard|p2b: Pelipper\n|-singleturn|p2b: Pelipper|Wide Guard\n|move|p2a: Meganium|Solar Beam||[still]\n|-prepare|p2a: Meganium|Solar Beam\n|-anim|p2a: Meganium|Solar Beam|p1b: Sinistcha\n|-resisted|p1b: Sinistcha|1\n|-damage|p1b: Sinistcha|57/100\n|-activate|p1a: Torkoal|confusion\n|move|p1a: Torkoal|Flamethrower|p2a: Meganium\n|-supereffective|p2a: Meganium|1\n|-damage|p2a: Meganium|0 fnt\n|faint|p2a: Meganium\n|\n|-weather|SunnyDay|[upkeep]\n|upkeep\n|turn|6\n|\n|t:|1776570378\n|move|p1b: Sinistcha|Shadow Ball|p2b: Pelipper\n|-damage|p2b: Pelipper|26/100\n|move|p2b: Pelipper|Hurricane|p1b: Sinistcha\n|-supereffective|p1b: Sinistcha|1\n|-damage|p1b: Sinistcha|0 fnt\n|faint|p1b: Sinistcha\n|-activate|p1a: Torkoal|confusion\n|move|p1a: Torkoal|Solar Beam||[still]\n|-prepare|p1a: Torkoal|Solar Beam\n|-anim|p1a: Torkoal|Solar Beam|p2b: Pelipper\n|-damage|p2b: Pelipper|0 fnt\n|faint|p2b: Pelipper\n|\n|win|MrKwan\n|raw|MrKwan's rating: 1423 &rarr; <strong>1444</strong><br />(+21 for winning)\n|raw|bielp104's rating: 1443 &rarr; <strong>1422</strong><br />(-21 for losing)\n|l|\u2606bielp104\n|player|p2|\n|l|\u2606MrKwan\n|player|p1|\n",
  "uploadtime": 1776570428,
  "views": 18,
  "formatid": "gen9championsvgc2026regma",
  "rating": 1422,
  "private": 0,
  "password": null
}