{
  "id": "gen9championsvgc2026regma-2584527981",
  "format": "[Gen 9 Champions] VGC 2026 Reg M-A",
  "players": [
    "Fizzayyy",
    "Jollepapu"
  ],
  "log": "|j|\u2606Fizzayyy\n|j|\u2606Jollepapu\n|t:|1776266745\n|gametype|doubles\n|player|p1|Fizzayyy|102|1107\n|player|p2|Jollepapu|ethan|1050\n|gen|9\n|tier|[Gen 9 Champions] VGC 2026 Reg M-A\n|rated|\n|rule|Species Clause: Limit one of each Pok\u00e9mon\n|rule|Item Clause: Limit 1 of each item\n|clearpoke\n|poke|p1|Incineroar, L50, M|\n|poke|p1|Dragapult, L50, M|\n|poke|p1|Palafin, L50, M|\n|poke|p1|Froslass, L50, F|\n|poke|p1|Sinistcha-Masterpiece, L50|\n|poke|p1|Whimsicott, L50, M|\n|poke|p2|Dragonite, L50, F|\n|poke|p2|Pelipper, L50, M|\n|poke|p2|Primarina, L50, M|\n|poke|p2|Sneasler, L50, F|\n|poke|p2|Rotom-Wash, L50|\n|poke|p2|Gliscor, L50, F|\n|teampreview|4\n|inactive|Battle timer is ON: inactive players will automatically lose when time's up. (requested by Jollepapu)\n|\n|t:|1776266781\n|teamsize|p1|4\n|teamsize|p2|4\n|start\n|switch|p1a: Sinistcha|Sinistcha-Masterpiece, L50, shiny|100/100\n|switch|p1b: Dragapult|Dragapult, L50, M|100/100\n|switch|p2a: Anti-Incin|Sneasler, L50, F, shiny|100/100\n|switch|p2b: MyHusband|Primarina, L50, M|100/100\n|turn|1\n|inactive|Jollepapu has 30 seconds left.\n|\n|t:|1776266809\n|move|p1b: Dragapult|Protect|p1b: Dragapult\n|-singleturn|p1b: Dragapult|Protect\n|move|p2a: Anti-Incin|Taunt|p1a: Sinistcha\n|-start|p1a: Sinistcha|move: Taunt\n|move|p2b: MyHusband|Calm Mind|p2b: MyHusband\n|-boost|p2b: MyHusband|spa|1\n|-boost|p2b: MyHusband|spd|1\n|move|p1a: Sinistcha|Matcha Gotcha|p2a: Anti-Incin|[spread] p2a,p2b\n|-resisted|p2a: Anti-Incin|1\n|-supereffective|p2b: MyHusband|1\n|-damage|p2a: Anti-Incin|83/100\n|-damage|p2b: MyHusband|70/100\n|\n|-heal|p2b: MyHusband|77/100|[from] item: Leftovers\n|upkeep\n|turn|2\n|inactive|Jollepapu has 30 seconds left.\n|\n|t:|1776266834\n|move|p1b: Dragapult|Phantom Force||[still]\n|-prepare|p1b: Dragapult|Phantom Force\n|move|p2a: Anti-Incin|Dire Claw|p1a: Sinistcha\n|-damage|p1a: Sinistcha|62/100\n|move|p2b: MyHusband|Moonblast|p1b: Dragapult|[miss]\n|-miss|p2b: MyHusband|p1b: Dragapult\n|move|p1a: Sinistcha|Matcha Gotcha|p2a: Anti-Incin|[spread] p2a,p2b\n|-resisted|p2a: Anti-Incin|1\n|-supereffective|p2b: MyHusband|1\n|-damage|p2a: Anti-Incin|66/100\n|-heal|p1a: Sinistcha|70/100|[from] drain|[of] p2a: Anti-Incin\n|-damage|p2b: MyHusband|49/100\n|-heal|p1a: Sinistcha|84/100|[from] drain|[of] p2b: MyHusband\n|\n|-heal|p2b: MyHusband|55/100|[from] item: Leftovers\n|-heal|p1a: Sinistcha|90/100|[from] item: Leftovers\n|upkeep\n|turn|3\n|inactive|Jollepapu has 30 seconds left.\n|\n|t:|1776266860\n|move|p2b: MyHusband|Protect|p2b: MyHusband\n|-singleturn|p2b: MyHusband|Protect\n|move|p1b: Dragapult|Phantom Force|p2b: MyHusband|[from] lockedmove\n|-activate|p2b: MyHusband|move: Phantom Force|[broken]\n|-damage|p2b: MyHusband|0 fnt\n|faint|p2b: MyHusband\n|move|p2a: Anti-Incin|Dire Claw|p1a: Sinistcha\n|-damage|p1a: Sinistcha|51/100\n|move|p1a: Sinistcha|Matcha Gotcha|p2a: Anti-Incin\n|-resisted|p2a: Anti-Incin|1\n|-damage|p2a: Anti-Incin|41/100\n|-heal|p1a: Sinistcha|63/100|[from] drain|[of] p2a: Anti-Incin\n|\n|-heal|p1a: Sinistcha|69/100|[from] item: Leftovers\n|-end|p1a: Sinistcha|move: Taunt\n|upkeep\n|\n|t:|1776266877\n|switch|p2b: Titan|Dragonite, L50, F|100/100\n|turn|4\n|\n|t:|1776266897\n|detailschange|p2b: Titan|Dragonite-Mega, L50, F\n|-mega|p2b: Titan|Dragonite|Dragoninite\n|move|p1a: Sinistcha|Rage Powder|p1a: Sinistcha\n|-singleturn|p1a: Sinistcha|move: Rage Powder\n|move|p1b: Dragapult|Dragon Dance|p1b: Dragapult\n|-boost|p1b: Dragapult|atk|1\n|-boost|p1b: Dragapult|spe|1\n|move|p2a: Anti-Incin|Dire Claw|p1a: Sinistcha\n|-damage|p1a: Sinistcha|30/100\n|move|p2b: Titan|Hurricane|p1a: Sinistcha|[miss]\n|-miss|p2b: Titan|p1a: Sinistcha\n|\n|-heal|p1a: Sinistcha|36/100|[from] item: Leftovers\n|upkeep\n|turn|5\n|\n|t:|1776266921\n|move|p1a: Sinistcha|Rage Powder|p1a: Sinistcha\n|-singleturn|p1a: Sinistcha|move: Rage Powder\n|move|p1b: Dragapult|Dragon Darts|p2b: Titan\n|-supereffective|p2b: Titan|1\n|-damage|p2b: Titan|56/100\n|-anim|p1b: Dragapult|Dragon Darts|p2a: Anti-Incin\n|-damage|p2a: Anti-Incin|0 fnt\n|faint|p2a: Anti-Incin\n|move|p2b: Titan|Hurricane|p1a: Sinistcha\n|-supereffective|p1a: Sinistcha|1\n|-crit|p1a: Sinistcha\n|-damage|p1a: Sinistcha|0 fnt\n|faint|p1a: Sinistcha\n|\n|upkeep\n|\n|t:|1776266934\n|switch|p2a: Ralsei|Pelipper, L50, M, shiny|100/100\n|switch|p1a: Incineroar|Incineroar, L50, M|100/100\n|-weather|RainDance|[from] ability: Drizzle|[of] p2a: Ralsei\n|-ability|p1a: Incineroar|Intimidate|boost\n|-unboost|p2a: Ralsei|atk|1\n|-unboost|p2b: Titan|atk|1\n|turn|6\n|\n|t:|1776266951\n|move|p1a: Incineroar|Fake Out|p2a: Ralsei\n|-damage|p2a: Ralsei|93/100\n|move|p1b: Dragapult|Dragon Darts|p2b: Titan\n|-supereffective|p2b: Titan|1\n|-damage|p2b: Titan|0 fnt\n|-anim|p1b: Dragapult|Dragon Darts|p2a: Ralsei\n|-damage|p2a: Ralsei|55/100\n|faint|p2b: Titan\n|cant|p2a: Ralsei|flinch\n|\n|-weather|RainDance|[upkeep]\n|upkeep\n|turn|7\n|-message|Jollepapu forfeited.\n|\n|win|Fizzayyy\n|raw|Fizzayyy's rating: 1107 &rarr; <strong>1128</strong><br />(+21 for winning)\n|raw|Jollepapu's rating: 1050 &rarr; <strong>1035</strong><br />(-15 for losing)\n|l|\u2606Jollepapu\n|player|p2|\n",
  "uploadtime": 1776266983,
  "views": 32,
  "formatid": "gen9championsvgc2026regma",
  "rating": 1035,
  "private": 0,
  "password": null
}