{
  "id": "gen9championsvgc2026regma-2584656939",
  "format": "[Gen 9 Champions] VGC 2026 Reg M-A",
  "players": [
    "icon21",
    "Gelatina79"
  ],
  "log": "|j|\u2606icon21\n|j|\u2606Gelatina79\n|t:|1776274871\n|gametype|doubles\n|player|p1|icon21|ghetsis-gen5bw|1169\n|player|p2|Gelatina79|artist-gen4|1110\n|gen|9\n|tier|[Gen 9 Champions] VGC 2026 Reg M-A\n|rated|\n|rule|Species Clause: Limit one of each Pok\u00e9mon\n|rule|Item Clause: Limit 1 of each item\n|clearpoke\n|poke|p1|Aggron, L50, M|\n|poke|p1|Farigiraf, L50, F|\n|poke|p1|Sinistcha, L50|\n|poke|p1|Incineroar, L50, F|\n|poke|p1|Pelipper, L50, M|\n|poke|p1|Archaludon, L50, M|\n|poke|p2|Tyranitar, L50, M|\n|poke|p2|Incineroar, L50, M|\n|poke|p2|Gengar, L50, M|\n|poke|p2|Excadrill, L50, M|\n|poke|p2|Kommo-o, L50, M|\n|poke|p2|Sinistcha, L50|\n|teampreview|4\n|inactive|Battle timer is ON: inactive players will automatically lose when time's up. (requested by Gelatina79)\n|inactive|Gelatina79 has 60 seconds left.\n|\n|t:|1776274916\n|teamsize|p1|4\n|teamsize|p2|4\n|start\n|switch|p1a: Aggron|Aggron, L50, M|100/100\n|switch|p1b: Farigiraf|Farigiraf, L50, F|100/100\n|switch|p2a: Gengar|Gengar, L50, M|100/100\n|switch|p2b: Kommo-o|Kommo-o, L50, M|100/100\n|turn|1\n|\n|t:|1776274937\n|detailschange|p2a: Gengar|Gengar-Mega, L50, M\n|-mega|p2a: Gengar|Gengar|Gengarite\n|detailschange|p1a: Aggron|Aggron-Mega, L50, M\n|-mega|p1a: Aggron|Aggron|Aggronite\n|move|p2a: Gengar|Will-O-Wisp|p1a: Aggron\n|-status|p1a: Aggron|brn\n|move|p2b: Kommo-o|Clangorous Soul|p2b: Kommo-o\n|-boost|p2b: Kommo-o|atk|1\n|-boost|p2b: Kommo-o|def|1\n|-boost|p2b: Kommo-o|spa|1\n|-boost|p2b: Kommo-o|spd|1\n|-boost|p2b: Kommo-o|spe|1\n|-damage|p2b: Kommo-o|68/100\n|move|p1a: Aggron|Iron Defense|p1a: Aggron\n|-boost|p1a: Aggron|def|2\n|move|p1b: Farigiraf|Trick Room|p1b: Farigiraf\n|-fieldstart|move: Trick Room|[of] p1b: Farigiraf\n|\n|-heal|p2b: Kommo-o|73/100|[from] item: Leftovers\n|-damage|p1a: Aggron|94/100 brn|[from] brn\n|upkeep\n|turn|2\n|inactive|icon21 has 30 seconds left.\n|inactive|Gelatina79 has 30 seconds left.\n|\n|t:|1776274971\n|move|p2a: Gengar|Protect|p2a: Gengar\n|-singleturn|p2a: Gengar|Protect\n|move|p2b: Kommo-o|Protect|p2b: Kommo-o\n|-singleturn|p2b: Kommo-o|Protect\n|move|p1a: Aggron|Body Press|p2b: Kommo-o\n|-activate|p2b: Kommo-o|move: Protect\n|move|p1b: Farigiraf|Psychic|p2b: Kommo-o\n|-activate|p2b: Kommo-o|move: Protect\n|\n|-heal|p2b: Kommo-o|79/100|[from] item: Leftovers\n|-damage|p1a: Aggron|88/100 brn|[from] brn\n|upkeep\n|turn|3\n|inactive|Gelatina79 has 30 seconds left.\n|\n|t:|1776275004\n|switch|p2b: Incineroar|Incineroar, L50, M|100/100\n|-ability|p2b: Incineroar|Intimidate|boost\n|-unboost|p1a: Aggron|atk|1\n|-unboost|p1b: Farigiraf|atk|1\n|move|p1a: Aggron|Body Press|p2b: Incineroar\n|-supereffective|p2b: Incineroar|1\n|-enditem|p2b: Incineroar|Chople Berry|[eat]\n|-enditem|p2b: Incineroar|Chople Berry|[weaken]\n|-damage|p2b: Incineroar|66/100\n|move|p1b: Farigiraf|Psychic|p2b: Incineroar\n|-immune|p2b: Incineroar\n|move|p2a: Gengar|Shadow Ball|p1a: Aggron\n|-damage|p1a: Aggron|52/100 brn\n|\n|-damage|p1a: Aggron|46/100 brn|[from] brn\n|upkeep\n|turn|4\n|\n|t:|1776275029\n|move|p1a: Aggron|Body Press|p2b: Incineroar\n|-supereffective|p2b: Incineroar|1\n|-damage|p2b: Incineroar|0 fnt\n|faint|p2b: Incineroar\n|move|p1b: Farigiraf|Hyper Voice|p2a: Gengar\n|-immune|p2a: Gengar\n|move|p2a: Gengar|Shadow Ball|p1a: Aggron\n|-damage|p1a: Aggron|7/100 brn\n|\n|-damage|p1a: Aggron|0 fnt|[from] brn\n|faint|p1a: Aggron\n|upkeep\n|\n|t:|1776275041\n|switch|p1a: Sinistcha|Sinistcha, L50|100/100\n|switch|p2b: Kommo-o|Kommo-o, L50, M|79/100\n|turn|5\n|\n|t:|1776275060\n|move|p2b: Kommo-o|Protect|p2b: Kommo-o\n|-singleturn|p2b: Kommo-o|Protect\n|move|p2a: Gengar|Protect|p2a: Gengar\n|-singleturn|p2a: Gengar|Protect\n|move|p1b: Farigiraf|Psychic|p2b: Kommo-o\n|-activate|p2b: Kommo-o|move: Protect\n|move|p1a: Sinistcha|Shadow Ball|p2a: Gengar\n|-activate|p2a: Gengar|move: Protect\n|\n|-heal|p2b: Kommo-o|85/100|[from] item: Leftovers\n|-fieldend|move: Trick Room\n|upkeep\n|turn|6\n|\n|t:|1776275075\n|move|p1a: Sinistcha|Protect|p1a: Sinistcha\n|-singleturn|p1a: Sinistcha|Protect\n|move|p2a: Gengar|Shadow Ball|p1a: Sinistcha\n|-activate|p1a: Sinistcha|move: Protect\n|move|p2b: Kommo-o|Clanging Scales|p1b: Farigiraf|[spread] p1b\n|-activate|p1a: Sinistcha|move: Protect\n|-damage|p1b: Farigiraf|60/100\n|-unboost|p2b: Kommo-o|def|1\n|move|p1b: Farigiraf|Trick Room|p1b: Farigiraf\n|-fieldstart|move: Trick Room|[of] p1b: Farigiraf\n|\n|-heal|p2b: Kommo-o|91/100|[from] item: Leftovers\n|upkeep\n|turn|7\n|\n|t:|1776275095\n|move|p2b: Kommo-o|Protect|p2b: Kommo-o\n|-singleturn|p2b: Kommo-o|Protect\n|move|p1b: Farigiraf|Psychic|p2a: Gengar\n|-supereffective|p2a: Gengar|1\n|-damage|p2a: Gengar|0 fnt\n|faint|p2a: Gengar\n|move|p1a: Sinistcha|Shadow Ball|p2b: Kommo-o\n|-activate|p2b: Kommo-o|move: Protect\n|\n|-heal|p2b: Kommo-o|97/100|[from] item: Leftovers\n|upkeep\n|\n|t:|1776275102\n|switch|p2a: Excadrill|Excadrill, L50, M|100/100\n|turn|8\n|\n|t:|1776275114\n|move|p1b: Farigiraf|Psychic|p2b: Kommo-o\n|-supereffective|p2b: Kommo-o|1\n|-damage|p2b: Kommo-o|0 fnt\n|faint|p2b: Kommo-o\n|move|p1a: Sinistcha|Shadow Ball|p2a: Excadrill\n|-damage|p2a: Excadrill|49/100\n|move|p2a: Excadrill|High Horsepower|p1b: Farigiraf\n|-damage|p1b: Farigiraf|6/100\n|\n|upkeep\n|turn|9\n|\n|t:|1776275129\n|move|p1b: Farigiraf|Psychic|p2a: Excadrill\n|-resisted|p2a: Excadrill|1\n|-damage|p2a: Excadrill|19/100\n|move|p1a: Sinistcha|Shadow Ball|p2a: Excadrill\n|-damage|p2a: Excadrill|0 fnt\n|faint|p2a: Excadrill\n|\n|win|icon21\n|raw|icon21's rating: 1169 &rarr; <strong>1190</strong><br />(+21 for winning)\n|raw|Gelatina79's rating: 1110 &rarr; <strong>1089</strong><br />(-21 for losing)\n",
  "uploadtime": 1776275137,
  "views": 20,
  "formatid": "gen9championsvgc2026regma",
  "rating": 1089,
  "private": 0,
  "password": null
}