{
  "id": "gen9championsvgc2026regma-2583996998",
  "format": "[Gen 9 Champions] VGC 2026 Reg M-A",
  "players": [
    "01tinn",
    "NoxxinVGC"
  ],
  "log": "|j|\u260601tinn\n|j|\u2606NoxxinVGC\n|t:|1776215285\n|gametype|doubles\n|player|p1|01tinn|ethan|1141\n|player|p2|NoxxinVGC|giovanni|1239\n|gen|9\n|tier|[Gen 9 Champions] VGC 2026 Reg M-A\n|rated|\n|rule|Species Clause: Limit one of each Pok\u00e9mon\n|rule|Item Clause: Limit 1 of each item\n|clearpoke\n|poke|p1|Starmie, L50|\n|poke|p1|Whimsicott, L50, F|\n|poke|p1|Tauros-Paldea-Blaze, L50, M|\n|poke|p1|Corviknight, L50, M|\n|poke|p1|Raichu, L50, M|\n|poke|p1|Hydreigon, L50, F|\n|poke|p2|Delphox, L50, F|\n|poke|p2|Basculegion, L50, M|\n|poke|p2|Clefable, L50, M|\n|poke|p2|Kingambit, L50, M|\n|poke|p2|Dragonite, L50, M|\n|poke|p2|Sneasler, L50, M|\n|teampreview|4\n|inactive|Battle timer is ON: inactive players will automatically lose when time's up. (requested by NoxxinVGC)\nNoxxinVGC rejected open team sheets.\n|\n|t:|1776215308\n|teamsize|p1|4\n|teamsize|p2|4\n|start\n|switch|p1a: Markab|Tauros-Paldea-Blaze, L50, M|100/100\n|switch|p1b: Raichu|Raichu, L50, M|100/100\n|switch|p2a: Delphox|Delphox, L50, F, shiny|100/100\n|switch|p2b: Basculegion|Basculegion, L50, M|100/100\n|-ability|p1a: Markab|Intimidate|boost\n|-unboost|p2a: Delphox|atk|1\n|-unboost|p2b: Basculegion|atk|1\n|turn|1\n|\n|t:|1776215330\n|switch|p2b: Sneasler|Sneasler, L50, M|100/100\n|detailschange|p2a: Delphox|Delphox-Mega, L50, F, shiny\n|-mega|p2a: Delphox|Delphox|Delphoxite\n|move|p2a: Delphox|Protect|p2a: Delphox\n|-singleturn|p2a: Delphox|Protect\n|move|p1a: Markab|High Horsepower|p2a: Delphox\n|-activate|p2a: Delphox|move: Protect\n|move|p1b: Raichu|Nuzzle|p2b: Sneasler\n|-damage|p2b: Sneasler|88/100\n|-status|p2b: Sneasler|par\n|\n|upkeep\n|turn|2\n|inactive|NoxxinVGC has 30 seconds left.\n|inactive|01tinn has 30 seconds left.\n|inactive|NoxxinVGC has 20 seconds left.\n|\n|t:|1776215366\n|move|p2a: Delphox|Heat Wave|p1b: Raichu|[spread] p1b\n|-miss|p2a: Delphox|p1a: Markab\n|-damage|p1b: Raichu|46/100\n|move|p1a: Markab|High Horsepower|p2b: Sneasler\n|-supereffective|p2b: Sneasler|1\n|-damage|p2b: Sneasler|0 fnt\n|faint|p2b: Sneasler\n|move|p1b: Raichu|Volt Switch|p2a: Delphox\n|-damage|p2a: Delphox|80/100\n|\n|t:|1776215379\n|switch|p1b: Tempus|Starmie, L50|100/100|[from] Volt Switch\n|\n|upkeep\n|\n|t:|1776215384\n|switch|p2b: Kingambit|Kingambit, L50, M|100/100\n|turn|3\n|\n|t:|1776215401\n|switch|p1b: Raichu|Raichu, L50, M|46/100\n|move|p2b: Kingambit|Sucker Punch||[still]\n|-fail|p2b: Kingambit\n|move|p1a: Markab|High Horsepower|p2b: Kingambit\n|-supereffective|p2b: Kingambit|1\n|-damage|p2b: Kingambit|52/100\n|move|p2a: Delphox|Psychic|p1a: Markab\n|-supereffective|p1a: Markab|1\n|-damage|p1a: Markab|0 fnt\n|faint|p1a: Markab\n|\n|upkeep\n|\n|t:|1776215415\n|switch|p1a: Tempus|Starmie, L50|100/100\n|turn|4\n|\n|t:|1776215424\n|detailschange|p1a: Tempus|Starmie-Mega, L50\n|-mega|p1a: Tempus|Starmie|Starminite\n|move|p2a: Delphox|Protect|p2a: Delphox\n|-singleturn|p2a: Delphox|Protect\n|move|p1b: Raichu|Fake Out|p2b: Kingambit\n|-resisted|p2b: Kingambit|1\n|-damage|p2b: Kingambit|49/100\n|move|p1a: Tempus|Liquidation|p2b: Kingambit\n|-damage|p2b: Kingambit|0 fnt\n|faint|p2b: Kingambit\n|\n|upkeep\n|\n|t:|1776215434\n|switch|p2b: Basculegion|Basculegion, L50, M|100/100\n|turn|5\n|\n|t:|1776215446\n|move|p1a: Tempus|Protect|p1a: Tempus\n|-singleturn|p1a: Tempus|Protect\n|move|p2a: Delphox|Psychic|p1b: Raichu\n|-damage|p1b: Raichu|0 fnt\n|faint|p1b: Raichu\n|move|p2b: Basculegion|Last Respects|p1a: Tempus\n|-activate|p1a: Tempus|move: Protect\n|\n|upkeep\n|\n|t:|1776215457\n|switch|p1b: Najstella|Whimsicott, L50, F|100/100\n|turn|6\n|\n|t:|1776215478\n|move|p2a: Delphox|Protect|p2a: Delphox\n|-singleturn|p2a: Delphox|Protect\n|move|p1b: Najstella|Encore|p2a: Delphox\n|-activate|p2a: Delphox|move: Protect\n|move|p2b: Basculegion|Last Respects|p1a: Tempus\n|-supereffective|p1a: Tempus|1\n|-crit|p1a: Tempus\n|-damage|p1a: Tempus|0 fnt\n|faint|p1a: Tempus\n|\n|upkeep\n|turn|7\n|\n|t:|1776215490\n|move|p2a: Delphox|Heat Wave|p1b: Najstella\n|-supereffective|p1b: Najstella|1\n|-enditem|p1b: Najstella|Focus Sash\n|-damage|p1b: Najstella|1/100\n|move|p2b: Basculegion|Last Respects|p1b: Najstella\n|-damage|p1b: Najstella|0 fnt\n|faint|p1b: Najstella\n|\n|win|NoxxinVGC\n|raw|01tinn's rating: 1141 &rarr; <strong>1123</strong><br />(-18 for losing)\n|raw|NoxxinVGC's rating: 1239 &rarr; <strong>1257</strong><br />(+18 for winning)\n",
  "uploadtime": 1776215491,
  "views": 16,
  "formatid": "gen9championsvgc2026regma",
  "rating": 1123,
  "private": 0,
  "password": null
}