{
  "id": "gen9championsvgc2026regma-2580420804",
  "format": "[Gen 9 Champions] VGC 2026 Reg M-A",
  "players": [
    "Noobilio",
    "ray amyrand"
  ],
  "log": "|j|\u2606Noobilio\n|j|\u2606ray amyrand\n|t:|1775893888\n|gametype|doubles\n|player|p1|Noobilio|nurse|1177\n|player|p2|ray amyrand|102|1219\n|gen|9\n|tier|[Gen 9 Champions] VGC 2026 Reg M-A\n|rated|\n|rule|Species Clause: Limit one of each Pok\u00e9mon\n|rule|Item Clause: Limit 1 of each item\n|clearpoke\n|poke|p1|Hawlucha, L50, F|\n|poke|p1|Floette-Eternal, L50, F|\n|poke|p1|Incineroar, L50, F|\n|poke|p1|Sinistcha, L50|\n|poke|p1|Snorlax, L50, F|\n|poke|p1|Rotom-Wash, L50|\n|poke|p2|Aggron, L50, M|\n|poke|p2|Basculegion, L50, M|\n|poke|p2|Pelipper, L50, F|\n|poke|p2|Incineroar, L50, F|\n|poke|p2|Sinistcha, L50|\n|poke|p2|Hydreigon, L50, F|\n|teampreview|4\n|inactive|Battle timer is ON: inactive players will automatically lose when time's up. (requested by ray amyrand)\n|inactive|Noobilio has 60 seconds left.\n|\n|t:|1775893955\n|teamsize|p1|4\n|teamsize|p2|4\n|start\n|switch|p1a: Hawlucha|Hawlucha, L50, F, shiny|100/100\n|switch|p1b: Snorlax|Snorlax, L50, F|100/100\n|switch|p2a: Aggron|Aggron, L50, M|100/100\n|switch|p2b: Pelipper|Pelipper, L50, F|100/100\n|-ability|p1a: Hawlucha|Mold Breaker\n|-weather|RainDance|[from] ability: Drizzle|[of] p2b: Pelipper\n|turn|1\n|inactive|ray amyrand has 30 seconds left.\n|\n|t:|1775893988\n|detailschange|p1a: Hawlucha|Hawlucha-Mega, L50, F, shiny\n|-mega|p1a: Hawlucha|Hawlucha|Hawluchanite\n|move|p1a: Hawlucha|Entrainment|p1b: Snorlax\n|-ability|p1b: Snorlax|No Guard|Thick Fat|[from] move: Entrainment|[of] p1a: Hawlucha\n|move|p2b: Pelipper|Tailwind|p2b: Pelipper\n|-sidestart|p2: ray amyrand|move: Tailwind\n|move|p2a: Aggron|Iron Defense|p2a: Aggron\n|-boost|p2a: Aggron|def|2\n|move|p1b: Snorlax|Fissure|p2a: Aggron\n|-immune|p2a: Aggron|[from] ability: Sturdy\n|\n|-weather|RainDance|[upkeep]\n|upkeep\n|turn|2\n|inactive|Noobilio has 30 seconds left.\n|inactive|ray amyrand has 30 seconds left.\n|\n|t:|1775894016\n|detailschange|p2a: Aggron|Aggron-Mega, L50, M\n|-mega|p2a: Aggron|Aggron|Aggronite\n|move|p2b: Pelipper|Hurricane|p1b: Snorlax\n|-damage|p1b: Snorlax|72/100\n|move|p1a: Hawlucha|High Jump Kick|p2a: Aggron\n|-supereffective|p2a: Aggron|1\n|-damage|p2a: Aggron|80/100\n|move|p2a: Aggron|Body Press|p1b: Snorlax\n|-supereffective|p1b: Snorlax|1\n|-damage|p1b: Snorlax|0 fnt\n|faint|p1b: Snorlax\n|\n|-weather|RainDance|[upkeep]\n|upkeep\n|\n|t:|1775894027\n|switch|p1b: Sinistcha|Sinistcha, L50|100/100\n|turn|3\n|\n|t:|1775894039\n|switch|p2b: Sinistcha|Sinistcha, L50|100/100\n|-heal|p2a: Aggron|100/100|[from] ability: Hospitality|[of] p2b: Sinistcha\n|move|p1b: Sinistcha|Rage Powder|p1b: Sinistcha\n|-singleturn|p1b: Sinistcha|move: Rage Powder\n|move|p1a: Hawlucha|Brave Bird|p2b: Sinistcha\n|-supereffective|p2b: Sinistcha|1\n|-damage|p2b: Sinistcha|0 fnt\n|faint|p2b: Sinistcha\n|-damage|p1a: Hawlucha|68/100|[from] Recoil\n|move|p2a: Aggron|Iron Defense|p2a: Aggron\n|-boost|p2a: Aggron|def|2\n|\n|-weather|RainDance|[upkeep]\n|upkeep\n|\n|t:|1775894049\n|switch|p2b: Hydreigon|Hydreigon, L50, F, shiny|100/100\n|turn|4\n|\n|t:|1775894055\n|move|p1b: Sinistcha|Rage Powder|p1b: Sinistcha\n|-singleturn|p1b: Sinistcha|move: Rage Powder\n|move|p2b: Hydreigon|Snarl|p1a: Hawlucha|[spread] p1a,p1b\n|-resisted|p1a: Hawlucha|1\n|-supereffective|p1b: Sinistcha|1\n|-damage|p1a: Hawlucha|57/100\n|-damage|p1b: Sinistcha|60/100\n|-unboost|p1a: Hawlucha|spa|1\n|-unboost|p1b: Sinistcha|spa|1\n|move|p1a: Hawlucha|High Jump Kick|p2b: Hydreigon\n|-supereffective|p2b: Hydreigon|1\n|-damage|p2b: Hydreigon|0 fnt\n|faint|p2b: Hydreigon\n|move|p2a: Aggron|Heavy Slam|p1b: Sinistcha\n|-damage|p1b: Sinistcha|9/100\n|-enditem|p1b: Sinistcha|Sitrus Berry|[eat]\n|-heal|p1b: Sinistcha|34/100|[from] item: Sitrus Berry\n|\n|-weather|RainDance|[upkeep]\n|-sideend|p2: ray amyrand|move: Tailwind\n|upkeep\n|\n|t:|1775894059\n|switch|p2b: Pelipper|Pelipper, L50, F|100/100\n|turn|5\n|\n|t:|1775894082\n|move|p1b: Sinistcha|Rage Powder|p1b: Sinistcha\n|-singleturn|p1b: Sinistcha|move: Rage Powder\n|move|p1a: Hawlucha|Brave Bird|p2b: Pelipper\n|-damage|p2b: Pelipper|28/100\n|-damage|p1a: Hawlucha|39/100|[from] Recoil\n|move|p2b: Pelipper|Hurricane|p1b: Sinistcha\n|-supereffective|p1b: Sinistcha|1\n|-damage|p1b: Sinistcha|0 fnt\n|faint|p1b: Sinistcha\n|move|p2a: Aggron|Body Press|p1a: Hawlucha\n|-resisted|p1a: Hawlucha|1\n|-damage|p1a: Hawlucha|0 fnt\n|faint|p1a: Hawlucha\n|\n|-weather|none\n|upkeep\n|\n|t:|1775894091\n|switch|p1a: Incineroar|Incineroar, L50, F|100/100\n|-ability|p1a: Incineroar|Intimidate|boost\n|-unboost|p2a: Aggron|atk|1\n|-unboost|p2b: Pelipper|atk|1\n|turn|6\n|\n|t:|1775894096\n|move|p2b: Pelipper|Tailwind|p2b: Pelipper\n|-sidestart|p2: ray amyrand|move: Tailwind\n|move|p2a: Aggron|Body Press|p1a: Incineroar\n|-supereffective|p1a: Incineroar|1\n|-damage|p1a: Incineroar|0 fnt\n|faint|p1a: Incineroar\n|\n|win|ray amyrand\n|raw|Noobilio's rating: 1177 &rarr; <strong>1155</strong><br />(-22 for losing)\n|raw|ray amyrand's rating: 1219 &rarr; <strong>1241</strong><br />(+22 for winning)\n",
  "uploadtime": 1775894099,
  "views": 30,
  "formatid": "gen9championsvgc2026regma",
  "rating": 1155,
  "private": 0,
  "password": null
}