{
  "id": "gen9championsvgc2026regma-2585596163",
  "format": "[Gen 9 Champions] VGC 2026 Reg M-A",
  "players": [
    "SameLife",
    "Astraision"
  ],
  "log": "|j|\u2606SameLife\n|j|\u2606Astraision\n|t:|1776357836\n|gametype|doubles\n|player|p1|SameLife|doctor|1324\n|player|p2|Astraision|iris-gen5bw2|1304\n|gen|9\n|tier|[Gen 9 Champions] VGC 2026 Reg M-A\n|rated|\n|rule|Species Clause: Limit one of each Pok\u00e9mon\n|rule|Item Clause: Limit 1 of each item\n|clearpoke\n|poke|p1|Gardevoir, L50, F|\n|poke|p1|Gengar, L50, M|\n|poke|p1|Hydreigon, L50, M|\n|poke|p1|Incineroar, L50, M|\n|poke|p1|Scizor, L50, M|\n|poke|p1|Gyarados, L50, F|\n|poke|p2|Charizard, L50, M|\n|poke|p2|Venusaur, L50, M|\n|poke|p2|Garchomp, L50, M|\n|poke|p2|Rotom-Wash, L50|\n|poke|p2|Sneasler, L50, M|\n|poke|p2|Incineroar, L50, M|\n|teampreview|4\n|inactive|Battle timer is ON: inactive players will automatically lose when time's up. (requested by Astraision)\n|inactive|SameLife has 60 seconds left.\n|inactive|SameLife has 30 seconds left.\n|inactive|SameLife has 20 seconds left.\n|inactive|SameLife has 15 seconds left.\n|inactive|SameLife has 10 seconds left.\n|inactive|SameLife has 5 seconds left.\n|\n|t:|1776357928\n|teamsize|p1|4\n|teamsize|p2|4\n|start\n|switch|p1a: Gardevoir|Gardevoir, L50, F|100/100\n|switch|p1b: Gengar|Gengar, L50, M|100/100\n|switch|p2a: Sneasler|Sneasler, L50, M|100/100\n|switch|p2b: Charizard|Charizard, L50, M|100/100\n|-ability|p1a: Gardevoir|Solar Power|Trace|[from] ability: Trace|[of] p2b: Charizard\n|turn|1\n|c|\u2606Astraision|Bro this is not worlds\n|c|\u2606Astraision|Taking a full minute turn one is idiotic not smart\n|inactive|Astraision has 30 seconds left.\n|\n|t:|1776357957\n|detailschange|p2b: Charizard|Charizard-Mega-Y, L50, M\n|-mega|p2b: Charizard|Charizard|Charizardite Y\n|-weather|SunnyDay|[from] ability: Drought|[of] p2b: Charizard\n|move|p1a: Gardevoir|Protect|p1a: Gardevoir\n|-singleturn|p1a: Gardevoir|Protect\n|move|p2a: Sneasler|Dire Claw|p1a: Gardevoir\n|-activate|p1a: Gardevoir|move: Protect\n|move|p1b: Gengar|Shadow Ball|p2a: Sneasler\n|-damage|p2a: Sneasler|39/100\n|move|p2b: Charizard|Heat Wave|p1b: Gengar|[spread] p1b\n|-activate|p1a: Gardevoir|move: Protect\n|-enditem|p1b: Gengar|Focus Sash\n|-damage|p1b: Gengar|1/100\n|-status|p1b: Gengar|brn\n|\n|-weather|SunnyDay|[upkeep]\n|-damage|p1a: Gardevoir|88/100|[from] ability: Solar Power|[of] p1a: Gardevoir\n|-damage|p1b: Gengar|0 fnt|[from] brn\n|faint|p1b: Gengar\n|upkeep\n|n|!SameLife|samelife\n|c|\u2606Astraision|All that time to lose turn one\n|inactive|SameLife has 30 seconds left.\n|\n|t:|1776357983\n|switch|p1b: Scizor|Scizor, L50, M|100/100\n|turn|2\n|c|\u2606Astraision|Crazy\n|\n|t:|1776357999\n|switch|p2a: Garchomp|Garchomp, L50, M|100/100\n|detailschange|p1a: Gardevoir|Gardevoir-Mega, L50, F\n|-mega|p1a: Gardevoir|Gardevoir|Gardevoirite\n|move|p1b: Scizor|Bullet Punch|p2a: Garchomp\n|-damage|p2a: Garchomp|61/100\n|-damage|p1b: Scizor|88/100|[from] ability: Rough Skin|[of] p2a: Garchomp\n|move|p2b: Charizard|Heat Wave|p1a: Gardevoir|[spread] p1a,p1b\n|-supereffective|p1b: Scizor|2\n|-damage|p1a: Gardevoir|32/100\n|-damage|p1b: Scizor|0 fnt\n|faint|p1b: Scizor\n|move|p1a: Gardevoir|Psyshock|p2b: Charizard\n|-damage|p2b: Charizard|23/100\n|\n|-weather|SunnyDay|[upkeep]\n|upkeep\n|\n|t:|1776358005\n|switch|p1b: Hydreigon|Hydreigon, L50, M|100/100\n|turn|3\n|\n|t:|1776358012\n|move|p2b: Charizard|Protect|p2b: Charizard\n|-singleturn|p2b: Charizard|Protect\n|move|p1a: Gardevoir|Protect|p1a: Gardevoir\n|-singleturn|p1a: Gardevoir|Protect\n|move|p2a: Garchomp|Earthquake|p1b: Hydreigon|[spread] \n|-activate|p2b: Charizard|move: Protect\n|-activate|p1a: Gardevoir|move: Protect\n|-immune|p1b: Hydreigon|[from] ability: Levitate\n|move|p1b: Hydreigon|Tailwind|p1b: Hydreigon\n|-sidestart|p1: SameLife|move: Tailwind\n|\n|-weather|SunnyDay|[upkeep]\n|upkeep\n|turn|4\n|\n|t:|1776358031\n|switch|p2b: Sneasler|Sneasler, L50, M|39/100\n|move|p1b: Hydreigon|Dark Pulse|p2a: Garchomp\n|-damage|p2a: Garchomp|19/100\n|move|p1a: Gardevoir|Hyper Voice|p2a: Garchomp|[spread] p2a,p2b\n|-supereffective|p2a: Garchomp|1\n|-damage|p2a: Garchomp|0 fnt\n|-damage|p2b: Sneasler|0 fnt\n|faint|p2a: Garchomp\n|faint|p2b: Sneasler\n|\n|-weather|SunnyDay|[upkeep]\n|upkeep\n|\n|t:|1776358040\n|switch|p2b: Charizard|Charizard-Mega-Y, L50, M|23/100\n|switch|p2a: Venusaur|Venusaur, L50, M|100/100\n|turn|5\n|\n|t:|1776358051\n|move|p1a: Gardevoir|Protect|p1a: Gardevoir\n|-singleturn|p1a: Gardevoir|Protect\n|move|p2b: Charizard|Protect|p2b: Charizard\n|-singleturn|p2b: Charizard|Protect\n|move|p1b: Hydreigon|Dark Pulse|p2b: Charizard\n|-activate|p2b: Charizard|move: Protect\n|move|p2a: Venusaur|Sleep Powder|p1a: Gardevoir\n|-activate|p1a: Gardevoir|move: Protect\n|\n|-weather|none\n|upkeep\n|turn|6\n|\n|t:|1776358063\n|move|p2b: Charizard|Protect||[still]\n|-fail|p2b: Charizard\n|move|p2a: Venusaur|Protect|p2a: Venusaur\n|-singleturn|p2a: Venusaur|Protect\n|move|p1b: Hydreigon|Dark Pulse|p2b: Charizard\n|-damage|p2b: Charizard|0 fnt\n|faint|p2b: Charizard\n|move|p1a: Gardevoir|Psyshock|p2a: Venusaur\n|-activate|p2a: Venusaur|move: Protect\n|\n|-sideend|p1: SameLife|move: Tailwind\n|upkeep\n|turn|7\n|\n|t:|1776358072\n|move|p1a: Gardevoir|Protect|p1a: Gardevoir\n|-singleturn|p1a: Gardevoir|Protect\n|move|p1b: Hydreigon|Tailwind|p1b: Hydreigon\n|-sidestart|p1: SameLife|move: Tailwind\n|move|p2a: Venusaur|Sleep Powder|p1a: Gardevoir\n|-activate|p1a: Gardevoir|move: Protect\n|\n|upkeep\n|turn|8\n|\n|t:|1776358077\n|move|p2a: Venusaur|Protect|p2a: Venusaur\n|-singleturn|p2a: Venusaur|Protect\n|move|p1b: Hydreigon|Dark Pulse|p2a: Venusaur\n|-activate|p2a: Venusaur|move: Protect\n|move|p1a: Gardevoir|Psyshock|p2a: Venusaur\n|-activate|p2a: Venusaur|move: Protect\n|\n|upkeep\n|turn|9\n|\n|t:|1776358091\n|move|p1b: Hydreigon|Dark Pulse|p2a: Venusaur\n|-damage|p2a: Venusaur|52/100\n|move|p1a: Gardevoir|Psyshock|p2a: Venusaur\n|-supereffective|p2a: Venusaur|1\n|-damage|p2a: Venusaur|0 fnt\n|faint|p2a: Venusaur\n|\n|win|SameLife\n",
  "uploadtime": 1776357976,
  "views": 19,
  "formatid": "gen9championsvgc2026regma",
  "rating": null,
  "private": 0,
  "password": null
}