{
  "id": "gen9championsvgc2026regma-2586023081",
  "format": "[Gen 9 Champions] VGC 2026 Reg M-A",
  "players": [
    "sewaddlegeo",
    "ascii_ch"
  ],
  "log": "|j|\u2606sewaddlegeo\n|j|\u2606ascii_ch\n|t:|1776391203\n|gametype|doubles\n|player|p1|sewaddlegeo|preschooler|1087\n|player|p2|ascii_ch|miku-ghost|1043\n|gen|9\n|tier|[Gen 9 Champions] VGC 2026 Reg M-A\n|rated|\n|rule|Species Clause: Limit one of each Pok\u00e9mon\n|rule|Item Clause: Limit 1 of each item\n|clearpoke\n|poke|p1|Toxicroak, L50, F|\n|poke|p1|Blastoise, L50, M|\n|poke|p1|Sableye, L50, F|\n|poke|p1|Sinistcha-Masterpiece, L50|\n|poke|p1|Basculegion, L50, M|\n|poke|p1|Goodra-Hisui, L50, M|\n|poke|p2|Zoroark-Hisui, L50, M|\n|poke|p2|Chimecho, L50, F|\n|poke|p2|Incineroar, L50, F|\n|poke|p2|Mimikyu, L50, F|\n|poke|p2|Sneasler, L50, M|\n|poke|p2|Rotom-Wash, L50|\n|teampreview|4\n|inactive|Battle timer is ON: inactive players will automatically lose when time's up. (requested by sewaddlegeo)\n|inactive|sewaddlegeo has 60 seconds left.\n|\n|t:|1776391256\n|teamsize|p1|4\n|teamsize|p2|4\n|start\n|switch|p1a: Blastoise|Blastoise, L50, M|100/100\n|switch|p1b: Sableye|Sableye, L50, F|100/100\n|switch|p2a: Mimikyu|Mimikyu, L50, F|100/100\n|switch|p2b: Rotom|Rotom-Wash, L50|100/100\n|turn|1\n|\n|t:|1776391269\n|move|p1b: Sableye|Light Screen|p1b: Sableye\n|-sidestart|p1: sewaddlegeo|move: Light Screen\n|move|p2b: Rotom|Trick|p1a: Blastoise\n|-activate|p2b: Rotom|move: Trick|[of] p1a: Blastoise\n|-item|p1a: Blastoise|Choice Scarf|[from] move: Trick\n|-item|p2b: Rotom|White Herb|[from] move: Trick\n|move|p1a: Blastoise|Shell Smash|p1a: Blastoise\n|-unboost|p1a: Blastoise|def|1\n|-unboost|p1a: Blastoise|spd|1\n|-boost|p1a: Blastoise|atk|2\n|-boost|p1a: Blastoise|spa|2\n|-boost|p1a: Blastoise|spe|2\n|move|p2a: Mimikyu|Play Rough|p1b: Sableye\n|-supereffective|p1b: Sableye|1\n|-damage|p1b: Sableye|9/100\n|\n|-heal|p1b: Sableye|15/100|[from] item: Leftovers\n|upkeep\n|turn|2\n|c|\u2606sewaddlegeo|Sweet\n|\n|t:|1776391293\n|switch|p1a: Goodra|Goodra-Hisui, L50, M|100/100\n|move|p1b: Sableye|Reflect|p1b: Sableye\n|-sidestart|p1: sewaddlegeo|Reflect\n|move|p2b: Rotom|Volt Switch|p1a: Goodra\n|-resisted|p1a: Goodra|1\n|-damage|p1a: Goodra|93/100\n|\n|t:|1776391302\n|switch|p2b: Chimecho|Chimecho, L50, F|100/100|[from] Volt Switch\n|move|p2a: Mimikyu|Play Rough|p1b: Sableye\n|-supereffective|p1b: Sableye|1\n|-damage|p1b: Sableye|0 fnt\n|faint|p1b: Sableye\n|\n|upkeep\n|c|\u2606sewaddlegeo|Trick is such an awesome move\n|\n|t:|1776391322\n|switch|p1b: Blastoise|Blastoise, L50, M|100/100\n|turn|3\n|\n|t:|1776391334\n|detailschange|p2b: Chimecho|Chimecho-Mega, L50, F\n|-mega|p2b: Chimecho|Chimecho|Chimechite\n|move|p1b: Blastoise|Flash Cannon|p2a: Mimikyu\n|-activate|p2a: Mimikyu|ability: Disguise\n|-damage|p2a: Mimikyu|100/100\n|detailschange|p2a: Mimikyu|Mimikyu-Busted, L50, F\n|-damage|p2a: Mimikyu|88/100|[from] pokemon: Mimikyu-Busted\n|move|p1a: Goodra|Flash Cannon|p2a: Mimikyu\n|-supereffective|p2a: Mimikyu|1\n|-damage|p2a: Mimikyu|5/100\n|move|p2b: Chimecho|Calm Mind|p2b: Chimecho\n|-boost|p2b: Chimecho|spa|1\n|-boost|p2b: Chimecho|spd|1\n|move|p2a: Mimikyu|Trick Room|p2a: Mimikyu\n|-fieldstart|move: Trick Room|[of] p2a: Mimikyu\n|\n|upkeep\n|turn|4\n|inactive|sewaddlegeo has 30 seconds left.\n|inactive|sewaddlegeo has 20 seconds left.\n|\n|t:|1776391374\n|switch|p1b: Basculegion|Basculegion, L50, M|100/100\n|move|p2b: Chimecho|Calm Mind|p2b: Chimecho\n|-boost|p2b: Chimecho|spa|1\n|-boost|p2b: Chimecho|spd|1\n|move|p1a: Goodra|Surf|p2a: Mimikyu|[spread] p1b,p2a,p2b\n|-resisted|p1b: Basculegion|1\n|-crit|p2b: Chimecho\n|-damage|p1b: Basculegion|93/100\n|-damage|p2a: Mimikyu|0 fnt\n|-damage|p2b: Chimecho|70/100\n|faint|p2a: Mimikyu\n|\n|upkeep\n|\n|t:|1776391385\n|switch|p2a: Rotom|Rotom-Wash, L50|100/100\n|turn|5\n|inactive|ascii_ch has 30 seconds left.\n|inactive|ascii_ch has 20 seconds left.\n|\n|t:|1776391420\n|move|p2b: Chimecho|Calm Mind|p2b: Chimecho\n|-boost|p2b: Chimecho|spa|1\n|-boost|p2b: Chimecho|spd|1\n|move|p1a: Goodra|Dragon Pulse|p2a: Rotom\n|-damage|p2a: Rotom|58/100\n|move|p2a: Rotom|Thunderbolt|p1b: Basculegion\n|-supereffective|p1b: Basculegion|1\n|-damage|p1b: Basculegion|41/100\n|move|p1b: Basculegion|Phantom Force||[still]\n|-prepare|p1b: Basculegion|Phantom Force\n|\n|-sideend|p1: sewaddlegeo|move: Light Screen\n|upkeep\n|turn|6\n|inactive|ascii_ch has 30 seconds left.\n|inactive|ascii_ch has 20 seconds left.\n|inactive|ascii_ch has 15 seconds left.\n|\n|t:|1776391463\n|move|p2b: Chimecho|Recover|p2b: Chimecho\n|-heal|p2b: Chimecho|100/100\n|move|p1a: Goodra|Dragon Pulse|p2a: Rotom\n|-damage|p2a: Rotom|10/100\n|move|p2a: Rotom|Trick|p1a: Goodra\n|-activate|p2a: Rotom|move: Trick|[of] p1a: Goodra\n|-item|p1a: Goodra|White Herb|[from] move: Trick\n|-item|p2a: Rotom|Sitrus Berry|[from] move: Trick\n|-enditem|p2a: Rotom|Sitrus Berry|[eat]\n|-heal|p2a: Rotom|35/100|[from] item: Sitrus Berry\n|move|p1b: Basculegion|Phantom Force|p2b: Chimecho|[from] lockedmove\n|-supereffective|p2b: Chimecho|1\n|-damage|p2b: Chimecho|44/100\n|\n|-sideend|p1: sewaddlegeo|Reflect\n|upkeep\n|turn|7\n|inactive|sewaddlegeo has 30 seconds left.\n|\n|t:|1776391494\n|move|p2b: Chimecho|Recover|p2b: Chimecho\n|-heal|p2b: Chimecho|94/100\n|move|p1a: Goodra|Dragon Pulse|p2a: Rotom\n|-damage|p2a: Rotom|0 fnt\n|faint|p2a: Rotom\n|move|p1b: Basculegion|Phantom Force||[still]\n|-prepare|p1b: Basculegion|Phantom Force\n|\n|-fieldend|move: Trick Room\n|upkeep\n|\n|t:|1776391502\n|switch|p2a: Sneasler|Sneasler, L50, M|100/100\n|turn|8\n|\n|t:|1776391520\n|move|p1b: Basculegion|Phantom Force|p2b: Chimecho|[from] lockedmove\n|-supereffective|p2b: Chimecho|1\n|-damage|p2b: Chimecho|41/100\n|move|p2a: Sneasler|Close Combat|p1a: Goodra\n|-supereffective|p1a: Goodra|1\n|-crit|p1a: Goodra\n|-damage|p1a: Goodra|0 fnt\n|-unboost|p2a: Sneasler|def|1\n|-unboost|p2a: Sneasler|spd|1\n|-ability|p1a: Goodra|Gooey\n|-unboost|p2a: Sneasler|spe|1\n|faint|p1a: Goodra\n|-enditem|p2a: Sneasler|White Herb\n|-clearnegativeboost|p2a: Sneasler|[silent]\n|move|p2b: Chimecho|Flash Cannon|p1b: Basculegion\n|-resisted|p1b: Basculegion|1\n|-damage|p1b: Basculegion|0 fnt\n|faint|p1b: Basculegion\n|\n|upkeep\n|\n|t:|1776391531\n|switch|p1b: Blastoise|Blastoise, L50, M|100/100\n|turn|9\n|\n|t:|1776391544\n|move|p2a: Sneasler|Coaching|p2b: Chimecho\n|-boost|p2b: Chimecho|atk|1\n|-boost|p2b: Chimecho|def|1\n|move|p1b: Blastoise|Surf|p2a: Sneasler|[spread] p2a,p2b\n|-damage|p2a: Sneasler|62/100\n|-damage|p2b: Chimecho|31/100\n|move|p2b: Chimecho|Recover|p2b: Chimecho\n|-heal|p2b: Chimecho|81/100\n|\n|upkeep\n|turn|10\n|c|\u2606sewaddlegeo|Gg\n|c|\u2606sewaddlegeo|Love your chimecho\n|c|\u2606ascii_ch|ty\n|c|\u2606sewaddlegeo|Hit me with that stored power\n|inactive|sewaddlegeo has 30 seconds left.\n|\n|t:|1776391572\n|move|p2a: Sneasler|Dire Claw|p1b: Blastoise\n|-damage|p1b: Blastoise|62/100\n|-status|p1b: Blastoise|slp\n|cant|p1b: Blastoise|slp\n|move|p2b: Chimecho|Boomburst|p1b: Blastoise|[spread] p2a,p1b\n|-damage|p2a: Sneasler|0 fnt\n|-damage|p1b: Blastoise|0 fnt\n|faint|p2a: Sneasler\n|faint|p1b: Blastoise\n|\n|win|ascii_ch\n|raw|sewaddlegeo's rating: 1087 &rarr; <strong>1061</strong><br />(-26 for losing)\n|raw|ascii_ch's rating: 1043 &rarr; <strong>1081</strong><br />(+38 for winning)\n|c|\u2606ascii_ch|LOL\n|c|\u2606ascii_ch|i dont actually have it\n|c|\u2606sewaddlegeo|Boooo\n|c|\u2606sewaddlegeo|Its so goo though\n|c|\u2606ascii_ch|yeah\n|c|\u2606sewaddlegeo|Have you tried running jt?\n|c|\u2606ascii_ch|the team gets mogged by dark types is what me and my oomf whos working on it found\n|c|\u2606sewaddlegeo|Ah\n|c|\u2606sewaddlegeo|Ok thats fair\n|c|\u2606ascii_ch|and with gambit and incin as some of the most played its kinda rough\n|c|\u2606sewaddlegeo|Thats true\n|c|\u2606sewaddlegeo|Gotta be original\n|c|\u2606ascii_ch|so we ended on boomburst\n|c|\u2606sewaddlegeo|Mhm\n|c|\u2606ascii_ch|which is why we have 2 ghost types\n|c|\u2606sewaddlegeo|Thats fair\n|c|\u2606sewaddlegeo|Oooh\n",
  "uploadtime": 1776391700,
  "views": 23,
  "formatid": "gen9championsvgc2026regma",
  "rating": 1061,
  "private": 0,
  "password": null
}