{
  "id": "gen9championsvgc2026regma-2587848747",
  "format": "[Gen 9 Champions] VGC 2026 Reg M-A",
  "players": [
    "Sores",
    "lonoVGC"
  ],
  "log": "|j|\u2606Sores\n|j|\u2606lonoVGC\n|t:|1776570335\n|gametype|doubles\n|player|p1|Sores|veteran|1405\n|player|p2|lonoVGC|unknownf|1451\n|gen|9\n|tier|[Gen 9 Champions] VGC 2026 Reg M-A\n|rated|\n|rule|Species Clause: Limit one of each Pok\u00e9mon\n|rule|Item Clause: Limit 1 of each item\n|clearpoke\n|poke|p1|Delphox, L50, F|\n|poke|p1|Garchomp, L50, M|\n|poke|p1|Milotic, L50, M, shiny|\n|poke|p1|Sinistcha-Masterpiece, L50|\n|poke|p1|Orthworm, L50, M|\n|poke|p1|Liepard, L50, M|\n|poke|p2|Gardevoir, L50, F, shiny|\n|poke|p2|Incineroar, L50, M, shiny|\n|poke|p2|Maushold-Four, L50|\n|poke|p2|Sneasler, L50, M|\n|poke|p2|Kingambit, L50, F|\n|poke|p2|Garchomp, L50, M|\n|teampreview|4\n|j| atheill\n|inactive|Battle timer is ON: inactive players will automatically lose when time's up. (requested by Sores)\n|\n|t:|1776570362\n|teamsize|p1|4\n|teamsize|p2|4\n|start\n|switch|p1a: Delphox|Delphox, L50, F|100/100\n|switch|p1b: Liepard|Liepard, L50, M|100/100\n|switch|p2a: Gardevoir|Gardevoir, L50, F, shiny|100/100\n|switch|p2b: Garchomp|Garchomp, L50, M|100/100\n|-ability|p2a: Gardevoir|Blaze|Trace|[from] ability: Trace|[of] p1a: Delphox\n|turn|1\n|\n|t:|1776570383\n|detailschange|p1a: Delphox|Delphox-Mega, L50, F\n|-mega|p1a: Delphox|Delphox|Delphoxite\n|move|p2a: Gardevoir|Protect|p2a: Gardevoir\n|-singleturn|p2a: Gardevoir|Protect\n|move|p1b: Liepard|Fake Out|p2a: Gardevoir\n|-activate|p2a: Gardevoir|move: Protect\n|move|p2b: Garchomp|Rock Slide|p1a: Delphox|[spread] p1a,p1b\n|-supereffective|p1a: Delphox|1\n|-damage|p1a: Delphox|45/100\n|-damage|p1b: Liepard|57/100\n|cant|p1a: Delphox|flinch\n|\n|upkeep\n|turn|2\n|inactive|Sores has 30 seconds left.\n|\n|t:|1776570411\n|switch|p1a: Sinistcha|Sinistcha-Masterpiece, L50|100/100\n|-heal|p1b: Liepard|82/100|[from] ability: Hospitality|[of] p1a: Sinistcha\n|detailschange|p2a: Gardevoir|Gardevoir-Mega, L50, F, shiny\n|-mega|p2a: Gardevoir|Gardevoir|Gardevoirite\n|move|p1b: Liepard|Encore|p2a: Gardevoir\n|-start|p2a: Gardevoir|Encore\n|move|p2a: Gardevoir|Protect||[still]\n|-fail|p2a: Gardevoir\n|move|p2b: Garchomp|Rock Slide|p1b: Liepard|[spread] p1a,p1b\n|-damage|p1a: Sinistcha|84/100\n|-damage|p1b: Liepard|37/100\n|\n|upkeep\n|turn|3\n|\n|t:|1776570430\n|switch|p1b: Milotic|Milotic, L50, M, shiny|100/100\n|switch|p2a: Incineroar|Incineroar, L50, M, shiny|100/100\n|-ability|p2a: Incineroar|Intimidate|boost\n|-unboost|p1a: Sinistcha|atk|1\n|-unboost|p1b: Milotic|atk|1\n|-ability|p1b: Milotic|Competitive|boost\n|-boost|p1b: Milotic|spa|2\n|move|p2b: Garchomp|Rock Slide|p1a: Sinistcha|[spread] p1a,p1b\n|-damage|p1a: Sinistcha|65/100\n|-damage|p1b: Milotic|84/100\n|move|p1a: Sinistcha|Matcha Gotcha|p2b: Garchomp|[spread] p2b\n|-miss|p1a: Sinistcha|p2a: Incineroar\n|-damage|p2b: Garchomp|68/100\n|-heal|p1a: Sinistcha|82/100|[from] drain|[of] p2b: Garchomp\n|-status|p2b: Garchomp|brn\n|\n|-heal|p1b: Milotic|90/100|[from] item: Leftovers\n|-damage|p2b: Garchomp|62/100 brn|[from] brn\n|upkeep\n|turn|4\n|inactive|Sores has 30 seconds left.\n|inactive|lonoVGC has 30 seconds left.\n|\n|t:|1776570464\n|move|p2b: Garchomp|Rock Slide|p1a: Sinistcha|[spread] p1a,p1b\n|-damage|p1a: Sinistcha|75/100\n|-damage|p1b: Milotic|82/100\n|move|p1b: Milotic|Muddy Water|p2b: Garchomp|[spread] p2a,p2b\n|-supereffective|p2a: Incineroar|1\n|-damage|p2a: Incineroar|22/100\n|-damage|p2b: Garchomp|11/100 brn\n|-unboost|p2b: Garchomp|accuracy|1\n|-enditem|p2a: Incineroar|Sitrus Berry|[eat]\n|-heal|p2a: Incineroar|47/100|[from] item: Sitrus Berry\n|cant|p1a: Sinistcha|flinch\n|move|p2a: Incineroar|Parting Shot|p1a: Sinistcha\n|-unboost|p1a: Sinistcha|atk|1\n|-unboost|p1a: Sinistcha|spa|1\n|inactive|lonoVGC has 30 seconds left.\n|inactive|lonoVGC has 20 seconds left.\n|\n|t:|1776570499\n|switch|p2a: Gardevoir|Gardevoir-Mega, L50, F, shiny|100/100|[from] Parting Shot\n|\n|-heal|p1b: Milotic|88/100|[from] item: Leftovers\n|-damage|p2b: Garchomp|5/100 brn|[from] brn\n|upkeep\n|turn|5\n|\n|t:|1776570517\n|move|p2b: Garchomp|Rock Slide|p1a: Sinistcha|[spread] p1b\n|-miss|p2b: Garchomp|p1a: Sinistcha\n|-damage|p1b: Milotic|80/100\n|move|p2a: Gardevoir|Hyper Voice|p1a: Sinistcha|[spread] p1a,p1b\n|-damage|p1a: Sinistcha|27/100\n|-damage|p1b: Milotic|46/100\n|move|p1b: Milotic|Hypnosis|p2a: Gardevoir|[miss]\n|-miss|p1b: Milotic|p2a: Gardevoir\n|move|p1a: Sinistcha|Matcha Gotcha|p2a: Gardevoir|[spread] p2a,p2b\n|-damage|p2a: Gardevoir|85/100\n|-heal|p1a: Sinistcha|35/100|[from] drain|[of] p2a: Gardevoir\n|-damage|p2b: Garchomp|0 fnt\n|-heal|p1a: Sinistcha|38/100|[from] drain|[of] p2b: Garchomp\n|-status|p2a: Gardevoir|brn\n|faint|p2b: Garchomp\n|\n|-heal|p1b: Milotic|51/100|[from] item: Leftovers\n|-damage|p2a: Gardevoir|79/100 brn|[from] brn\n|upkeep\n|\n|t:|1776570532\n|switch|p2b: Sneasler|Sneasler, L50, M|100/100\n|turn|6\n|\n|t:|1776570549\n|switch|p1a: Liepard|Liepard, L50, M|37/100\n|move|p1b: Milotic|Protect|p1b: Milotic\n|-singleturn|p1b: Milotic|Protect\n|move|p2b: Sneasler|Close Combat|p1b: Milotic\n|-activate|p1b: Milotic|move: Protect\n|move|p2a: Gardevoir|Hyper Voice|p1a: Liepard|[spread] p1a\n|-activate|p1b: Milotic|move: Protect\n|-supereffective|p1a: Liepard|1\n|-damage|p1a: Liepard|0 fnt\n|faint|p1a: Liepard\n|\n|-heal|p1b: Milotic|57/100|[from] item: Leftovers\n|-damage|p2a: Gardevoir|73/100 brn|[from] brn\n|upkeep\n|\n|t:|1776570561\n|switch|p1a: Delphox|Delphox-Mega, L50, F|45/100\n|turn|7\n|\n|t:|1776570578\n|move|p1a: Delphox|Psyshock|p2b: Sneasler\n|-supereffective|p2b: Sneasler|2\n|-damage|p2b: Sneasler|0 fnt\n|faint|p2b: Sneasler\n|move|p2a: Gardevoir|Hyper Voice|p1b: Milotic|[spread] p1a,p1b\n|-resisted|p1a: Delphox|1\n|-damage|p1a: Delphox|22/100\n|-damage|p1b: Milotic|27/100\n|move|p1b: Milotic|Muddy Water|p2a: Gardevoir\n|-damage|p2a: Gardevoir|19/100 brn\n|\n|-heal|p1b: Milotic|33/100|[from] item: Leftovers\n|-damage|p2a: Gardevoir|13/100 brn|[from] brn\n|upkeep\n|\n|t:|1776570582\n|switch|p2b: Incineroar|Incineroar, L50, M, shiny|47/100\n|-ability|p2b: Incineroar|Intimidate|boost\n|-unboost|p1a: Delphox|atk|1\n|-unboost|p1b: Milotic|atk|1\n|-ability|p1b: Milotic|Competitive|boost\n|-boost|p1b: Milotic|spa|2\n|turn|8\n|\n|t:|1776570593\n|move|p1a: Delphox|Protect|p1a: Delphox\n|-singleturn|p1a: Delphox|Protect\n|move|p1b: Milotic|Protect|p1b: Milotic\n|-singleturn|p1b: Milotic|Protect\n|move|p2b: Incineroar|Fake Out|p1a: Delphox\n|-activate|p1a: Delphox|move: Protect\n|move|p2a: Gardevoir|Hyper Voice|p1b: Milotic|[spread] \n|-activate|p1a: Delphox|move: Protect\n|-activate|p1b: Milotic|move: Protect\n|\n|-heal|p1b: Milotic|39/100|[from] item: Leftovers\n|-damage|p2a: Gardevoir|7/100 brn|[from] brn\n|upkeep\n|turn|9\n|-message|lonoVGC forfeited.\n|\n|win|Sores\n|raw|Sores's rating: 1405 &rarr; <strong>1428</strong><br />(+23 for winning)\n|raw|lonoVGC's rating: 1451 &rarr; <strong>1428</strong><br />(-23 for losing)\n|l| atheill\n",
  "uploadtime": 1776570657,
  "views": 15,
  "formatid": "gen9championsvgc2026regma",
  "rating": 1428,
  "private": 0,
  "password": null
}