{
  "id": "gen9championsvgc2026regma-2585658529",
  "format": "[Gen 9 Champions] VGC 2026 Reg M-A",
  "players": [
    "h2obama",
    "bajajablast"
  ],
  "log": "|j|\u2606h2obama\n|j|\u2606bajajablast\n|t:|1776361792\n|gametype|doubles\n|player|p1|h2obama|266|1085\n|player|p2|bajajablast|policeman-gen4|1000\n|gen|9\n|tier|[Gen 9 Champions] VGC 2026 Reg M-A\n|rated|\n|rule|Species Clause: Limit one of each Pok\u00e9mon\n|rule|Item Clause: Limit 1 of each item\n|clearpoke\n|poke|p1|Gengar, L50, F|\n|poke|p1|Scovillain, L50, F|\n|poke|p1|Rotom-Wash, L50|\n|poke|p1|Mimikyu, L50, F|\n|poke|p1|Garchomp, L50, F|\n|poke|p1|Aerodactyl, L50, F|\n|poke|p2|Gengar, L50, F|\n|poke|p2|Tauros-Paldea-Blaze, L50, M|\n|poke|p2|Kingambit, L50, F|\n|poke|p2|Araquanid, L50, M|\n|poke|p2|Kangaskhan, L50, F|\n|poke|p2|Sinistcha, L50|\n|teampreview|4\n|inactive|Battle timer is ON: inactive players will automatically lose when time's up. (requested by bajajablast)\nbajajablast has agreed to open team sheets.\n|inactive|h2obama has 60 seconds left.\n|\n|t:|1776361828\n|teamsize|p1|4\n|teamsize|p2|4\n|start\n|switch|p1a: Scovillain|Scovillain, L50, F|100/100\n|switch|p1b: Rotom|Rotom-Wash, L50|100/100\n|switch|p2a: Araquanid|Araquanid, L50, M|100/100\n|switch|p2b: Tauros|Tauros-Paldea-Blaze, L50, M|100/100\n|-ability|p2b: Tauros|Intimidate|boost\n|-unboost|p1a: Scovillain|atk|1\n|-unboost|p1b: Rotom|atk|1\n|turn|1\n|inactive|bajajablast has 30 seconds left.\n|inactive|bajajablast has 20 seconds left.\n|\n|t:|1776361865\n|move|p2a: Araquanid|Wide Guard|p2a: Araquanid\n|-singleturn|p2a: Araquanid|Wide Guard\n|move|p2b: Tauros|Raging Bull|p1a: Scovillain\n|-damage|p1a: Scovillain|55/100\n|move|p1b: Rotom|Hydro Pump|p2b: Tauros|[miss]\n|-miss|p1b: Rotom|p2b: Tauros\n|move|p1a: Scovillain|Leech Seed|p2a: Araquanid\n|-start|p2a: Araquanid|move: Leech Seed\n|\n|-damage|p2a: Araquanid|88/100|[from] Leech Seed|[of] p1a: Scovillain\n|-heal|p1a: Scovillain|67/100|[silent]\n|upkeep\n|turn|2\n|inactive|h2obama has 30 seconds left.\n|inactive|h2obama has 20 seconds left.\n|\n|t:|1776361901\n|move|p1a: Scovillain|Rage Powder|p1a: Scovillain\n|-singleturn|p1a: Scovillain|move: Rage Powder\n|move|p2b: Tauros|Close Combat|p1a: Scovillain\n|-damage|p1a: Scovillain|12/100\n|-unboost|p2b: Tauros|def|1\n|-unboost|p2b: Tauros|spd|1\n|-enditem|p2b: Tauros|White Herb\n|-clearnegativeboost|p2b: Tauros|[silent]\n|move|p1b: Rotom|Electroweb|p2b: Tauros|[spread] p2a,p2b\n|-supereffective|p2a: Araquanid|1\n|-damage|p2a: Araquanid|64/100\n|-damage|p2b: Tauros|74/100\n|-unboost|p2a: Araquanid|spe|1\n|-unboost|p2b: Tauros|spe|1\n|move|p2a: Araquanid|Icy Wind|p1b: Rotom|[spread] p1a,p1b\n|-resisted|p1b: Rotom|1\n|-damage|p1a: Scovillain|3/100\n|-damage|p1b: Rotom|97/100\n|-unboost|p1a: Scovillain|spe|1\n|-unboost|p1b: Rotom|spe|1\n|\n|-damage|p2a: Araquanid|52/100|[from] Leech Seed|[of] p1a: Scovillain\n|-heal|p1a: Scovillain|15/100|[silent]\n|upkeep\n|turn|3\n|inactive|bajajablast has 30 seconds left.\n|\n|t:|1776361926\n|move|p1a: Scovillain|Protect|p1a: Scovillain\n|-singleturn|p1a: Scovillain|Protect\n|move|p2b: Tauros|Trailblaze|p1b: Rotom\n|-supereffective|p1b: Rotom|1\n|-damage|p1b: Rotom|60/100\n|-boost|p2b: Tauros|spe|1\n|move|p1b: Rotom|Hydro Pump|p2b: Tauros\n|-supereffective|p2b: Tauros|1\n|-damage|p2b: Tauros|0 fnt\n|faint|p2b: Tauros\n|move|p2a: Araquanid|Liquidation|p1b: Rotom\n|-resisted|p1b: Rotom|1\n|-damage|p1b: Rotom|34/100\n|-enditem|p1b: Rotom|Sitrus Berry|[eat]\n|-heal|p1b: Rotom|59/100|[from] item: Sitrus Berry\n|\n|-damage|p2a: Araquanid|39/100|[from] Leech Seed|[of] p1a: Scovillain\n|-heal|p1a: Scovillain|27/100|[silent]\n|upkeep\n|\n|t:|1776361935\n|switch|p2b: Sinistcha|Sinistcha, L50|100/100\n|-heal|p2a: Araquanid|64/100|[from] ability: Hospitality|[of] p2b: Sinistcha\n|turn|4\n|\n|t:|1776361954\n|switch|p1a: Garchomp|Garchomp, L50, F|100/100\n|move|p1b: Rotom|Protect|p1b: Rotom\n|-singleturn|p1b: Rotom|Protect\n|move|p2b: Sinistcha|Matcha Gotcha|p1b: Rotom|[spread] p1a\n|-activate|p1b: Rotom|move: Protect\n|-damage|p1a: Garchomp|76/100\n|move|p2a: Araquanid|Liquidation|p1a: Garchomp\n|-damage|p1a: Garchomp|40/100\n|-damage|p2a: Araquanid|52/100|[from] ability: Rough Skin|[of] p1a: Garchomp\n|\n|-heal|p1a: Garchomp|46/100|[from] item: Leftovers\n|-damage|p2a: Araquanid|39/100|[from] Leech Seed|[of] p1a: Garchomp\n|-heal|p1a: Garchomp|55/100|[silent]\n|upkeep\n|turn|5\n|inactive|h2obama has 30 seconds left.\n|\n|t:|1776361981\n|move|p1a: Garchomp|Protect|p1a: Garchomp\n|-singleturn|p1a: Garchomp|Protect\n|move|p1b: Rotom|Hex|p2b: Sinistcha\n|-supereffective|p2b: Sinistcha|1\n|-damage|p2b: Sinistcha|57/100\n|move|p2b: Sinistcha|Matcha Gotcha|p1a: Garchomp|[spread] p1b\n|-activate|p1a: Garchomp|move: Protect\n|-supereffective|p1b: Rotom|1\n|-damage|p1b: Rotom|4/100\n|-heal|p2b: Sinistcha|80/100|[from] drain|[of] p1b: Rotom\n|move|p2a: Araquanid|Liquidation|p1a: Garchomp\n|-activate|p1a: Garchomp|move: Protect\n|\n|-heal|p1a: Garchomp|61/100|[from] item: Leftovers\n|-damage|p2a: Araquanid|27/100|[from] Leech Seed|[of] p1a: Garchomp\n|-heal|p1a: Garchomp|70/100|[silent]\n|upkeep\n|turn|6\n|\n|t:|1776361997\n|move|p1a: Garchomp|Rock Slide|p2a: Araquanid|[spread] p2a,p2b\n|-supereffective|p2a: Araquanid|1\n|-damage|p2a: Araquanid|0 fnt\n|-damage|p2b: Sinistcha|63/100\n|faint|p2a: Araquanid\n|move|p1b: Rotom|Hex|p2b: Sinistcha\n|-supereffective|p2b: Sinistcha|1\n|-damage|p2b: Sinistcha|18/100\n|-enditem|p2b: Sinistcha|Sitrus Berry|[eat]\n|-heal|p2b: Sinistcha|43/100|[from] item: Sitrus Berry\n|cant|p2b: Sinistcha|flinch\n|\n|-heal|p1a: Garchomp|76/100|[from] item: Leftovers\n|upkeep\n|\n|t:|1776362008\n|switch|p2a: Kangaskhan|Kangaskhan, L50, F|100/100\n|turn|7\n|\n|t:|1776362018\n|detailschange|p2a: Kangaskhan|Kangaskhan-Mega, L50, F\n|-mega|p2a: Kangaskhan|Kangaskhan|Kangaskhanite\n|move|p1a: Garchomp|Protect|p1a: Garchomp\n|-singleturn|p1a: Garchomp|Protect\n|move|p1b: Rotom|Protect|p1b: Rotom\n|-singleturn|p1b: Rotom|Protect\n|move|p2a: Kangaskhan|Fake Out|p1b: Rotom\n|-activate|p1b: Rotom|move: Protect\n|move|p2b: Sinistcha|Matcha Gotcha|p1b: Rotom|[spread] \n|-activate|p1a: Garchomp|move: Protect\n|-activate|p1b: Rotom|move: Protect\n|\n|-heal|p1a: Garchomp|82/100|[from] item: Leftovers\n|upkeep\n|turn|8\n|inactive|h2obama has 30 seconds left.\n|\n|t:|1776362044\n|move|p2a: Kangaskhan|Facade|p1a: Garchomp\n|-damage|p1a: Garchomp|50/100\n|-damage|p2a: Kangaskhan|88/100|[from] ability: Rough Skin|[of] p1a: Garchomp\n|-damage|p1a: Garchomp|43/100\n|-damage|p2a: Kangaskhan|76/100|[from] ability: Rough Skin|[of] p1a: Garchomp\n|-hitcount|p1a: Garchomp|2\n|move|p1a: Garchomp|Rock Slide|p2b: Sinistcha|[spread] p2a\n|-miss|p1a: Garchomp|p2b: Sinistcha\n|-damage|p2a: Kangaskhan|55/100\n|move|p1b: Rotom|Hex|p2b: Sinistcha\n|-supereffective|p2b: Sinistcha|1\n|-damage|p2b: Sinistcha|4/100\n|move|p2b: Sinistcha|Matcha Gotcha|p1b: Rotom|[spread] p1a,p1b\n|-crit|p1a: Garchomp\n|-supereffective|p1b: Rotom|1\n|-damage|p1a: Garchomp|11/100\n|-heal|p2b: Sinistcha|25/100|[from] drain|[of] p1a: Garchomp\n|-damage|p1b: Rotom|0 fnt\n|-heal|p2b: Sinistcha|27/100|[from] drain|[of] p1b: Rotom\n|-status|p1a: Garchomp|brn\n|faint|p1b: Rotom\n|\n|-heal|p1a: Garchomp|17/100 brn|[from] item: Leftovers\n|-damage|p1a: Garchomp|11/100 brn|[from] brn\n|upkeep\n|\n|t:|1776362056\n|switch|p1b: Scovillain|Scovillain, L50, F|27/100\n|turn|9\n|\n|t:|1776362065\n|detailschange|p1b: Scovillain|Scovillain-Mega, L50, F\n|-mega|p1b: Scovillain|Scovillain|Scovillainite\n|move|p1b: Scovillain|Rage Powder|p1b: Scovillain\n|-singleturn|p1b: Scovillain|move: Rage Powder\n|move|p2a: Kangaskhan|Drain Punch|p1b: Scovillain\n|-damage|p1b: Scovillain|5/100\n|-heal|p2a: Kangaskhan|66/100|[from] drain|[of] p1b: Scovillain\n|-status|p2a: Kangaskhan|brn|[from] ability: Spicy Spray|[of] p1b: Scovillain\n|-damage|p1b: Scovillain|2/100\n|-heal|p2a: Kangaskhan|67/100 brn|[from] drain|[of] p1b: Scovillain\n|-hitcount|p1b: Scovillain|2\n|move|p1a: Garchomp|Rock Slide|p2b: Sinistcha|[spread] p2a,p2b\n|-damage|p2a: Kangaskhan|57/100 brn\n|-damage|p2b: Sinistcha|19/100\n|move|p2b: Sinistcha|Matcha Gotcha|p1a: Garchomp|[spread] p1a,p1b\n|-resisted|p1b: Scovillain|2\n|-damage|p1a: Garchomp|0 fnt\n|-heal|p2b: Sinistcha|26/100|[from] drain|[of] p1a: Garchomp\n|-damage|p1b: Scovillain|0 fnt\n|-heal|p2b: Sinistcha|27/100|[from] drain|[of] p1b: Scovillain\n|-status|p2b: Sinistcha|brn|[from] ability: Spicy Spray|[of] p1b: Scovillain\n|faint|p1a: Garchomp\n|faint|p1b: Scovillain\n|\n|-damage|p2a: Kangaskhan|50/100 brn|[from] brn\n|-damage|p2b: Sinistcha|21/100 brn|[from] brn\n|upkeep\n|\n|t:|1776362082\n|switch|p1b: Aerodactyl|Aerodactyl, L50, F|100/100\n|-ability|p1b: Aerodactyl|Unnerve\n|turn|10\n|\n|t:|1776362091\n|move|p1b: Aerodactyl|Protect|p1b: Aerodactyl\n|-singleturn|p1b: Aerodactyl|Protect\n|move|p2a: Kangaskhan|Drain Punch|p1b: Aerodactyl\n|-activate|p1b: Aerodactyl|move: Protect\n|move|p2b: Sinistcha|Matcha Gotcha|p1b: Aerodactyl\n|-activate|p1b: Aerodactyl|move: Protect\n|\n|-damage|p2a: Kangaskhan|44/100 brn|[from] brn\n|-damage|p2b: Sinistcha|15/100 brn|[from] brn\n|upkeep\n|turn|11\n|\n|t:|1776362097\n|move|p1b: Aerodactyl|Rock Slide|p2a: Kangaskhan|[spread] p2a,p2b\n|-damage|p2a: Kangaskhan|19/100 brn\n|-damage|p2b: Sinistcha|0 fnt\n|faint|p2b: Sinistcha\n|move|p2a: Kangaskhan|Drain Punch|p1b: Aerodactyl\n|-damage|p1b: Aerodactyl|78/100\n|-heal|p2a: Kangaskhan|29/100 brn|[from] drain|[of] p1b: Aerodactyl\n|-damage|p1b: Aerodactyl|74/100\n|-heal|p2a: Kangaskhan|31/100 brn|[from] drain|[of] p1b: Aerodactyl\n|-hitcount|p1b: Aerodactyl|2\n|\n|-damage|p2a: Kangaskhan|25/100 brn|[from] brn\n|upkeep\n|turn|12\n|\n|t:|1776362109\n|move|p1b: Aerodactyl|Protect|p1b: Aerodactyl\n|-singleturn|p1b: Aerodactyl|Protect\n|move|p2a: Kangaskhan|Drain Punch|p1b: Aerodactyl\n|-activate|p1b: Aerodactyl|move: Protect\n|\n|-damage|p2a: Kangaskhan|19/100 brn|[from] brn\n|upkeep\n|turn|13\n|\n|t:|1776362116\n|move|p1b: Aerodactyl|Dual Wingbeat|p2a: Kangaskhan\n|-damage|p2a: Kangaskhan|0 fnt\n|faint|p2a: Kangaskhan\n|-hitcount|p2: Kangaskhan|1\n|\n|win|h2obama\n|raw|h2obama's rating: 1085 &rarr; <strong>1106</strong><br />(+21 for winning)\n|raw|bajajablast's rating: 1000 &rarr; <strong>1000</strong><br />(+0 for losing)\n|c|\u2606bajajablast|gg\n|c|\u2606h2obama|gg\n|l|\u2606bajajablast\n|player|p2|\n",
  "uploadtime": 1776362128,
  "views": 34,
  "formatid": "gen9championsvgc2026regma",
  "rating": 1000,
  "private": 0,
  "password": null
}