{
  "id": "gen9championsvgc2026regma-2581521116",
  "format": "[Gen 9 Champions] VGC 2026 Reg M-A",
  "players": [
    "ThePeasent",
    "Steerix"
  ],
  "log": "|j|\u2606ThePeasent\n|j|\u2606Steerix\n|t:|1776007851\n|gametype|doubles\n|player|p1|ThePeasent|170|1152\n|player|p2|Steerix|102|1107\n|gen|9\n|tier|[Gen 9 Champions] VGC 2026 Reg M-A\n|rated|\n|rule|Species Clause: Limit one of each Pok\u00e9mon\n|rule|Item Clause: Limit 1 of each item\n|clearpoke\n|poke|p1|Glimmora, L50, F|\n|poke|p1|Tyranitar, L50, F|\n|poke|p1|Excadrill, L50, M|\n|poke|p1|Milotic, L50, F|\n|poke|p1|Sneasler, L50, F|\n|poke|p1|Rotom-Wash, L50|\n|poke|p2|Delphox, L50, F|\n|poke|p2|Garchomp, L50, F|\n|poke|p2|Glimmora, L50, M|\n|poke|p2|Meowscarada, L50, F|\n|poke|p2|Rotom-Wash, L50|\n|poke|p2|Sneasler, L50, M|\n|teampreview|4\n|inactive|Battle timer is ON: inactive players will automatically lose when time's up. (requested by ThePeasent)\nThePeasent has agreed to open team sheets.\n|\n|t:|1776007873\n|teamsize|p1|4\n|teamsize|p2|4\n|start\n|switch|p1a: Glimmora|Glimmora, L50, F|100/100\n|switch|p1b: Milotic|Milotic, L50, F|100/100\n|switch|p2a: Delphox|Delphox, L50, F|100/100\n|switch|p2b: Garchomp|Garchomp, L50, F|100/100\n|turn|1\n|\n|t:|1776007891\n|switch|p2a: Rotom|Rotom-Wash, L50|100/100\n|detailschange|p1a: Glimmora|Glimmora-Mega, L50, F\n|-mega|p1a: Glimmora|Glimmora|Glimmoranite\n|move|p1a: Glimmora|Spiky Shield|p1a: Glimmora\n|-singleturn|p1a: Glimmora|move: Protect\n|move|p2b: Garchomp|Earthquake|p1a: Glimmora|[spread] p1b\n|-activate|p1a: Glimmora|move: Protect\n|-immune|p2a: Rotom|[from] ability: Levitate\n|-damage|p1b: Milotic|72/100\n|move|p1b: Milotic|Icy Wind|p2b: Garchomp|[spread] p2b\n|-miss|p1b: Milotic|p2a: Rotom\n|-supereffective|p2b: Garchomp|2\n|-enditem|p2b: Garchomp|Yache Berry|[eat]\n|-enditem|p2b: Garchomp|Yache Berry|[weaken]\n|-damage|p2b: Garchomp|80/100\n|-unboost|p2b: Garchomp|spe|1\n|\n|-heal|p1b: Milotic|78/100|[from] item: Leftovers\n|upkeep\n|turn|2\n|inactive|ThePeasent has 30 seconds left.\n|inactive|ThePeasent has 20 seconds left.\n|inactive|ThePeasent has 15 seconds left.\n|\n|t:|1776007931\n|move|p1a: Glimmora|Sludge Bomb|p2b: Garchomp\n|-resisted|p2b: Garchomp|1\n|-damage|p2b: Garchomp|44/100\n|move|p2b: Garchomp|Earthquake|p1a: Glimmora|[spread] p1a,p1b\n|-immune|p2a: Rotom|[from] ability: Levitate\n|-supereffective|p1a: Glimmora|2\n|-damage|p1a: Glimmora|0 fnt\n|-damage|p1b: Milotic|51/100\n|faint|p1a: Glimmora\n|move|p2a: Rotom|Hydro Pump|p1b: Milotic\n|-resisted|p1b: Milotic|1\n|-damage|p1b: Milotic|33/100\n|move|p1b: Milotic|Icy Wind|p2b: Garchomp|[spread] p2a,p2b\n|-resisted|p2a: Rotom|1\n|-supereffective|p2b: Garchomp|2\n|-damage|p2a: Rotom|96/100\n|-damage|p2b: Garchomp|0 fnt\n|-unboost|p2a: Rotom|spe|1\n|faint|p2b: Garchomp\n|\n|-heal|p1b: Milotic|39/100|[from] item: Leftovers\n|-heal|p2a: Rotom|100/100|[from] item: Leftovers\n|upkeep\n|\n|t:|1776007946\n|switch|p2b: Sneasler|Sneasler, L50, M|100/100\n|switch|p1a: Sneasler|Sneasler, L50, F|100/100\n|-ability|p1a: Sneasler|Pressure\n|turn|3\n|\n|t:|1776007953\n|switch|p1b: Tyranitar|Tyranitar, L50, F|100/100\n|-weather|Sandstorm|[from] ability: Sand Stream|[of] p1b: Tyranitar\n|move|p2b: Sneasler|Fake Out|p1a: Sneasler\n|-damage|p1a: Sneasler|74/100\n|cant|p1a: Sneasler|flinch\n|move|p2a: Rotom|Volt Switch|p1a: Sneasler\n|-damage|p1a: Sneasler|24/100\n|\n|t:|1776007962\n|switch|p2a: Delphox|Delphox, L50, F|100/100|[from] Volt Switch\n|\n|-weather|Sandstorm|[upkeep]\n|-damage|p2b: Sneasler|95/100|[from] Sandstorm\n|-damage|p1a: Sneasler|18/100|[from] Sandstorm\n|-damage|p2a: Delphox|95/100|[from] Sandstorm\n|upkeep\n|turn|4\n|\n|t:|1776007974\n|detailschange|p2a: Delphox|Delphox-Mega, L50, F\n|-mega|p2a: Delphox|Delphox|Delphoxite\n|move|p2a: Delphox|Psyshock|p1a: Sneasler\n|-supereffective|p1a: Sneasler|2\n|-damage|p1a: Sneasler|0 fnt\n|faint|p1a: Sneasler\n|move|p2b: Sneasler|Close Combat|p1b: Tyranitar\n|-supereffective|p1b: Tyranitar|2\n|-enditem|p1b: Tyranitar|Chople Berry|[eat]\n|-enditem|p1b: Tyranitar|Chople Berry|[weaken]\n|-damage|p1b: Tyranitar|0 fnt\n|-unboost|p2b: Sneasler|def|1\n|-unboost|p2b: Sneasler|spd|1\n|faint|p1b: Tyranitar\n|-enditem|p2b: Sneasler|White Herb\n|-clearnegativeboost|p2b: Sneasler|[silent]\n|\n|-weather|Sandstorm|[upkeep]\n|-damage|p2b: Sneasler|89/100|[from] Sandstorm\n|-damage|p2a: Delphox|89/100|[from] Sandstorm\n|upkeep\n|inactive|ThePeasent has 30 seconds left.\n|\n|t:|1776007999\n|switch|p1b: Milotic|Milotic, L50, F|39/100\n|turn|5\n|\n|t:|1776008008\n|move|p2b: Sneasler|Close Combat|p1b: Milotic\n|-damage|p1b: Milotic|0 fnt\n|-unboost|p2b: Sneasler|def|1\n|-unboost|p2b: Sneasler|spd|1\n|faint|p1b: Milotic\n|\n|win|Steerix\n|raw|ThePeasent's rating: 1152 &rarr; <strong>1124</strong><br />(-28 for losing)\n|raw|Steerix's rating: 1107 &rarr; <strong>1135</strong><br />(+28 for winning)\n",
  "uploadtime": 1776008014,
  "views": 31,
  "formatid": "gen9championsvgc2026regma",
  "rating": 1124,
  "private": 0,
  "password": null
}