{
  "id": "gen9championsvgc2026regma-2584892275",
  "format": "[Gen 9 Champions] VGC 2026 Reg M-A",
  "players": [
    "bielp104",
    "Leemo1218"
  ],
  "log": "|j|\u2606bielp104\n|j|\u2606Leemo1218\n|t:|1776292097\n|gametype|doubles\n|player|p1|bielp104|265|1282\n|player|p2|Leemo1218|riley|1189\n|gen|9\n|tier|[Gen 9 Champions] VGC 2026 Reg M-A\n|rated|\n|rule|Species Clause: Limit one of each Pok\u00e9mon\n|rule|Item Clause: Limit 1 of each item\n|clearpoke\n|poke|p1|Meganium, L50, F|\n|poke|p1|Primarina, L50, F|\n|poke|p1|Sneasler, L50, F|\n|poke|p1|Pelipper, L50, F|\n|poke|p1|Basculegion, L50, M|\n|poke|p1|Milotic, L50, F|\n|poke|p2|Incineroar, L50, M|\n|poke|p2|Garchomp, L50, F|\n|poke|p2|Gengar, L50, M|\n|poke|p2|Kingambit, L50, F|\n|poke|p2|Maushold-Four, L50|\n|poke|p2|Ditto, L50|\n|teampreview|4\n|inactive|Battle timer is ON: inactive players will automatically lose when time's up. (requested by Leemo1218)\n|\n|t:|1776292126\n|teamsize|p1|4\n|teamsize|p2|4\n|start\n|switch|p1a: Pelipper|Pelipper, L50, F|100/100\n|switch|p1b: Basculegion|Basculegion, L50, M|100/100\n|switch|p2a: Gengar|Gengar, L50, M|100/100\n|switch|p2b: Maushold|Maushold-Four, L50|100/100\n|-weather|RainDance|[from] ability: Drizzle|[of] p1a: Pelipper\n|turn|1\n|\n|t:|1776292147\n|detailschange|p2a: Gengar|Gengar-Mega, L50, M\n|-mega|p2a: Gengar|Gengar|Gengarite\n|move|p1b: Basculegion|Protect|p1b: Basculegion\n|-singleturn|p1b: Basculegion|Protect\n|move|p2b: Maushold|Follow Me|p2b: Maushold\n|-singleturn|p2b: Maushold|move: Follow Me\n|move|p2a: Gengar|Shadow Ball|p1b: Basculegion\n|-activate|p1b: Basculegion|move: Protect\n|move|p1a: Pelipper|Weather Ball|p2b: Maushold|[miss]\n|-miss|p1a: Pelipper|p2b: Maushold\n|\n|-weather|RainDance|[upkeep]\n|upkeep\n|turn|2\n|\n|t:|1776292172\n|move|p2b: Maushold|Follow Me|p2b: Maushold\n|-singleturn|p2b: Maushold|move: Follow Me\n|move|p1b: Basculegion|Last Respects|p2b: Maushold\n|-immune|p2b: Maushold\n|move|p2a: Gengar|Shadow Ball|p1b: Basculegion\n|-supereffective|p1b: Basculegion|1\n|-damage|p1b: Basculegion|0 fnt\n|faint|p1b: Basculegion\n|move|p1a: Pelipper|Weather Ball|p2b: Maushold\n|-damage|p2b: Maushold|46/100\n|\n|-weather|RainDance|[upkeep]\n|upkeep\n|\n|t:|1776292184\n|switch|p1b: Milotic|Milotic, L50, F|100/100\n|turn|3\n|\n|t:|1776292200\n|move|p1b: Milotic|Protect|p1b: Milotic\n|-singleturn|p1b: Milotic|Protect\n|move|p2b: Maushold|Follow Me|p2b: Maushold\n|-singleturn|p2b: Maushold|move: Follow Me\n|move|p2a: Gengar|Sludge Bomb|p1a: Pelipper\n|-damage|p1a: Pelipper|5/100\n|-status|p1a: Pelipper|psn\n|move|p1a: Pelipper|Tailwind|p1a: Pelipper\n|-sidestart|p1: bielp104|move: Tailwind\n|\n|-weather|RainDance|[upkeep]\n|-damage|p1a: Pelipper|0 fnt|[from] psn\n|faint|p1a: Pelipper\n|upkeep\n|\n|t:|1776292213\n|switch|p1a: Sneasler|Sneasler, L50, F|100/100\n|turn|4\n|\n|t:|1776292224\n|move|p2a: Gengar|Protect|p2a: Gengar\n|-singleturn|p2a: Gengar|Protect\n|move|p2b: Maushold|Protect|p2b: Maushold\n|-singleturn|p2b: Maushold|Protect\n|move|p1a: Sneasler|Close Combat|p2b: Maushold\n|-activate|p2b: Maushold|move: Protect\n|move|p1b: Milotic|Scald|p2a: Gengar\n|-activate|p2a: Gengar|move: Protect\n|\n|-weather|RainDance|[upkeep]\n|upkeep\n|turn|5\n|\n|t:|1776292240\n|switch|p2a: Kingambit|Kingambit, L50, F|100/100\n|switch|p2b: Garchomp|Garchomp, L50, F|100/100\n|move|p1a: Sneasler|Close Combat|p2b: Garchomp\n|-damage|p2b: Garchomp|32/100\n|-unboost|p1a: Sneasler|def|1\n|-unboost|p1a: Sneasler|spd|1\n|-damage|p1a: Sneasler|88/100|[from] ability: Rough Skin|[of] p2b: Garchomp\n|move|p1b: Milotic|Scald|p2a: Kingambit\n|-damage|p2a: Kingambit|55/100\n|\n|-weather|none\n|upkeep\n|turn|6\n|inactive|Leemo1218 has 30 seconds left.\n|\n|t:|1776292269\n|move|p2b: Garchomp|Protect|p2b: Garchomp\n|-singleturn|p2b: Garchomp|Protect\n|move|p2a: Kingambit|Protect|p2a: Kingambit\n|-singleturn|p2a: Kingambit|Protect\n|move|p1a: Sneasler|Close Combat|p2a: Kingambit\n|-activate|p2a: Kingambit|move: Protect\n|move|p1b: Milotic|Ice Beam|p2b: Garchomp\n|-activate|p2b: Garchomp|move: Protect\n|\n|-sideend|p1: bielp104|move: Tailwind\n|upkeep\n|turn|7\n|\n|t:|1776292283\n|switch|p2a: Gengar|Gengar-Mega, L50, M|100/100\n|move|p1a: Sneasler|Close Combat|p2a: Gengar\n|-immune|p2a: Gengar\n|move|p2b: Garchomp|Stomping Tantrum|p1a: Sneasler\n|-supereffective|p1a: Sneasler|1\n|-damage|p1a: Sneasler|0 fnt\n|faint|p1a: Sneasler\n|move|p1b: Milotic|Ice Beam|p2b: Garchomp\n|-supereffective|p2b: Garchomp|2\n|-damage|p2b: Garchomp|0 fnt\n|faint|p2b: Garchomp\n|\n|upkeep\n|\n|t:|1776292297\n|switch|p2b: Maushold|Maushold-Four, L50|46/100\n|turn|8\n|\n|t:|1776292303\n|move|p2b: Maushold|Follow Me|p2b: Maushold\n|-singleturn|p2b: Maushold|move: Follow Me\n|move|p2a: Gengar|Sludge Bomb|p1b: Milotic\n|-damage|p1b: Milotic|61/100\n|-status|p1b: Milotic|psn\n|move|p1b: Milotic|Scald|p2b: Maushold\n|-damage|p2b: Maushold|18/100\n|\n|-heal|p1b: Milotic|67/100 psn|[from] item: Leftovers\n|-damage|p1b: Milotic|55/100 psn|[from] psn\n|upkeep\n|turn|9\n|\n|t:|1776292315\n|move|p2b: Maushold|Follow Me|p2b: Maushold\n|-singleturn|p2b: Maushold|move: Follow Me\n|move|p2a: Gengar|Sludge Bomb|p1b: Milotic\n|-damage|p1b: Milotic|14/100 psn\n|move|p1b: Milotic|Scald|p2b: Maushold\n|-damage|p2b: Maushold|0 fnt\n|faint|p2b: Maushold\n|\n|-heal|p1b: Milotic|20/100 psn|[from] item: Leftovers\n|-damage|p1b: Milotic|8/100 psn|[from] psn\n|upkeep\n|\n|t:|1776292322\n|switch|p2b: Kingambit|Kingambit, L50, F|55/100\n|turn|10\n|\n|t:|1776292328\n|move|p2b: Kingambit|Sucker Punch|p1b: Milotic\n|-damage|p1b: Milotic|0 fnt\n|faint|p1b: Milotic\n|\n|win|Leemo1218\n|raw|bielp104's rating: 1282 &rarr; <strong>1250</strong><br />(-32 for losing)\n|raw|Leemo1218's rating: 1189 &rarr; <strong>1221</strong><br />(+32 for winning)\n",
  "uploadtime": 1776292331,
  "views": 38,
  "formatid": "gen9championsvgc2026regma",
  "rating": 1221,
  "private": 0,
  "password": null
}