{
  "id": "gen9championsvgc2026regma-2584860695",
  "format": "[Gen 9 Champions] VGC 2026 Reg M-A",
  "players": [
    "Techwiz_101",
    "nilsfjeld"
  ],
  "log": "|j|\u2606Techwiz_101\n|j|\u2606nilsfjeld\n|t:|1776289415\n|gametype|doubles\n|player|p1|Techwiz_101|102|1206\n|player|p2|nilsfjeld|2|1123\n|gen|9\n|tier|[Gen 9 Champions] VGC 2026 Reg M-A\n|rated|\n|rule|Species Clause: Limit one of each Pok\u00e9mon\n|rule|Item Clause: Limit 1 of each item\n|clearpoke\n|poke|p1|Zoroark-Hisui, L50, M|\n|poke|p1|Gallade, L50, M|\n|poke|p1|Liepard, L50, M|\n|poke|p1|Araquanid, L50, M|\n|poke|p1|Aggron, L50, M|\n|poke|p1|Weavile, L50, F|\n|poke|p2|Glimmora, L50, F|\n|poke|p2|Whimsicott, L50, F|\n|poke|p2|Gyarados, L50, F|\n|poke|p2|Typhlosion-Hisui, L50, F|\n|poke|p2|Aggron, L50, F|\n|poke|p2|Sinistcha, L50|\n|teampreview|4\n|inactive|Battle timer is ON: inactive players will automatically lose when time's up. (requested by nilsfjeld)\n|\n|t:|1776289438\n|teamsize|p1|4\n|teamsize|p2|4\n|start\n|switch|p1a: Liepard|Liepard, L50, M|100/100\n|switch|p1b: Aggron|Aggron, L50, M|100/100\n|switch|p2a: Glimmora|Glimmora, L50, F|100/100\n|switch|p2b: Aggron|Aggron, L50, F|100/100\n|turn|1\n|inactive|Techwiz_101 has 30 seconds left.\n|\n|t:|1776289464\n|switch|p2a: Sinistcha|Sinistcha, L50|100/100\n|detailschange|p1b: Aggron|Aggron-Mega, L50, M\n|-mega|p1b: Aggron|Aggron|Aggronite\n|detailschange|p2b: Aggron|Aggron-Mega, L50, F\n|-mega|p2b: Aggron|Aggron|Aggronite\n|move|p1a: Liepard|Icy Wind|p2a: Sinistcha|[spread] p2a\n|-miss|p1a: Liepard|p2b: Aggron\n|-supereffective|p2a: Sinistcha|1\n|-damage|p2a: Sinistcha|70/100\n|-unboost|p2a: Sinistcha|spe|1\n|move|p1b: Aggron|Heavy Slam|p2a: Sinistcha\n|-damage|p2a: Sinistcha|28/100\n|-enditem|p2a: Sinistcha|Sitrus Berry|[eat]\n|-heal|p2a: Sinistcha|52/100|[from] item: Sitrus Berry\n|move|p2b: Aggron|Iron Defense|p2b: Aggron\n|-boost|p2b: Aggron|def|2\n|\n|upkeep\n|turn|2\n|\n|t:|1776289488\n|switch|p2a: Gyarados|Gyarados, L50, F, shiny|100/100\n|-ability|p2a: Gyarados|Intimidate|boost\n|-unboost|p1a: Liepard|atk|1\n|-unboost|p1b: Aggron|atk|1\n|move|p1a: Liepard|Bitter Malice|p2a: Gyarados\n|-damage|p2a: Gyarados|75/100\n|-unboost|p2a: Gyarados|atk|1\n|move|p1b: Aggron|Body Press|p2b: Aggron\n|-supereffective|p2b: Aggron|1\n|-damage|p2b: Aggron|86/100\n|move|p2b: Aggron|Body Press|p1a: Liepard\n|-immune|p1a: Liepard\n|\n|upkeep\n|turn|3\n|inactive|Techwiz_101 has 30 seconds left.\n|\n|t:|1776289515\n|switch|p1a: Liepard|Liepard, L50, M|100/100\n|move|p1b: Aggron|Protect|p1b: Aggron\n|-singleturn|p1b: Aggron|Protect\n|move|p2a: Gyarados|Crunch|p1a: Liepard\n|-resisted|p1a: Liepard|1\n|-damage|p1a: Liepard|89/100\n|move|p2b: Aggron|Body Press|p1b: Aggron\n|-activate|p1b: Aggron|move: Protect\n|\n|upkeep\n|turn|4\n|\n|t:|1776289536\n|move|p1a: Liepard|Fake Out|p2b: Aggron\n|-resisted|p2b: Aggron|1\n|-damage|p2b: Aggron|85/100\n|move|p2a: Gyarados|Thunder Wave|p1a: Liepard|[miss]\n|-miss|p2a: Gyarados|p1a: Liepard\n|move|p1b: Aggron|Stone Edge|p2a: Gyarados\n|-supereffective|p2a: Gyarados|1\n|-damage|p2a: Gyarados|30/100\n|cant|p2b: Aggron|flinch\n|\n|upkeep\n|turn|5\n|\n|t:|1776289561\n|switch|p2a: Sinistcha|Sinistcha, L50|52/100\n|-heal|p2b: Aggron|100/100|[from] ability: Hospitality|[of] p2a: Sinistcha\n|switch|p1b: Aggron|Aggron-Mega, L50, M|100/100\n|move|p1a: Liepard|Encore||[still]\n|-fail|p1a: Liepard\n|move|p2b: Aggron|Body Press|p1b: Aggron\n|-immune|p1b: Aggron\n|\n|upkeep\n|turn|6\n|inactive|Techwiz_101 has 30 seconds left.\n|\n|t:|1776289589\n|switch|p2a: Gyarados|Gyarados, L50, F, shiny|30/100\n|-ability|p2a: Gyarados|Intimidate|boost\n|-unboost|p1a: Liepard|atk|1\n|-unboost|p1b: Aggron|atk|1\n|move|p1a: Liepard|Encore|p2b: Aggron\n|-start|p2b: Aggron|Encore\n|move|p1b: Aggron|Bitter Malice|p2a: Gyarados\n|-damage|p2a: Gyarados|1/100\n|-unboost|p2a: Gyarados|atk|1\n|move|p2b: Aggron|Body Press|p1a: Liepard\n|-supereffective|p1a: Liepard|1\n|-damage|p1a: Liepard|0 fnt\n|faint|p1a: Liepard\n|\n|upkeep\n|\n|t:|1776289607\n|switch|p1a: Gallade|Gallade, L50, M|100/100\n|turn|7\n|\n|t:|1776289623\n|move|p1a: Gallade|Sacred Sword|p2b: Aggron\n|-supereffective|p2b: Aggron|1\n|-damage|p2b: Aggron|59/100\n|move|p1b: Aggron|Icy Wind|p2b: Aggron|[spread] p2a,p2b\n|-resisted|p2b: Aggron|1\n|-damage|p2a: Gyarados|0 fnt\n|-damage|p2b: Aggron|51/100\n|-unboost|p2b: Aggron|spe|1\n|faint|p2a: Gyarados\n|move|p2b: Aggron|Body Press|p1a: Gallade\n|-resisted|p1a: Gallade|1\n|-damage|p1a: Gallade|20/100\n|\n|upkeep\n|\n|t:|1776289635\n|switch|p2a: Glimmora|Glimmora, L50, F|100/100\n|turn|8\n|\n|t:|1776289655\n|move|p1a: Gallade|Sacred Sword|p2a: Glimmora\n|-damage|p2a: Glimmora|14/100\n|-activate|p2a: Glimmora|ability: Toxic Debris\n|-sidestart|p1: Techwiz_101|move: Toxic Spikes\n|move|p1b: Aggron|Icy Wind|p2a: Glimmora|[spread] p2b\n|-miss|p1b: Aggron|p2a: Glimmora\n|-resisted|p2b: Aggron|1\n|-damage|p2b: Aggron|42/100\n|-unboost|p2b: Aggron|spe|1\n|move|p2a: Glimmora|Power Gem|p1a: Gallade\n|-resisted|p1a: Gallade|1\n|-damage|p1a: Gallade|0 fnt\n|faint|p1a: Gallade\n|move|p2b: Aggron|Body Press|p1b: Aggron\n|-immune|p1b: Aggron\n|\n|-end|p2b: Aggron|Encore\n|upkeep\n|\n|t:|1776289672\n|switch|p1a: Aggron|Aggron-Mega, L50, M|100/100\n|turn|9\n|\n|t:|1776289687\n|switch|p2a: Sinistcha|Sinistcha, L50|52/100\n|-heal|p2b: Aggron|67/100|[from] ability: Hospitality|[of] p2a: Sinistcha\n|move|p1b: Aggron|Bitter Malice|p2b: Aggron\n|-damage|p2b: Aggron|24/100\n|-unboost|p2b: Aggron|atk|1\n|move|p1a: Aggron|Heavy Slam|p2a: Sinistcha\n|-damage|p2a: Sinistcha|6/100\n|move|p2b: Aggron|Iron Defense|p2b: Aggron\n|-boost|p2b: Aggron|def|2\n|\n|upkeep\n|turn|10\n|inactive|Techwiz_101 has 30 seconds left.\n|\n|t:|1776289718\n|switch|p2a: Glimmora|Glimmora, L50, F|14/100\n|move|p2b: Aggron|Protect|p2b: Aggron\n|-singleturn|p2b: Aggron|Protect\n|move|p1b: Aggron|Bitter Malice|p2b: Aggron\n|-activate|p2b: Aggron|move: Protect\n|move|p1a: Aggron|Heavy Slam|p2a: Glimmora\n|-supereffective|p2a: Glimmora|1\n|-damage|p2a: Glimmora|0 fnt\n|-activate|p2a: Glimmora|ability: Toxic Debris\n|-sidestart|p1: Techwiz_101|move: Toxic Spikes\n|faint|p2a: Glimmora\n|\n|upkeep\n|\n|t:|1776289729\n|switch|p2a: Sinistcha|Sinistcha, L50|6/100\n|-heal|p2b: Aggron|49/100|[from] ability: Hospitality|[of] p2a: Sinistcha\n|turn|11\n|\n|t:|1776289753\n|move|p1b: Aggron|Icy Wind|p2a: Sinistcha|[spread] p2a,p2b\n|-supereffective|p2a: Sinistcha|1\n|-resisted|p2b: Aggron|1\n|-damage|p2a: Sinistcha|0 fnt\n|-damage|p2b: Aggron|40/100\n|-unboost|p2b: Aggron|spe|1\n|faint|p2a: Sinistcha\n|move|p1a: Aggron|Heavy Slam|p2b: Aggron\n|-resisted|p2b: Aggron|1\n|-damage|p2b: Aggron|38/100\n|move|p2b: Aggron|Heavy Slam|p1b: Aggron\n|-damage|p1b: Aggron|27/100\n|replace|p1b: Zoroark|Zoroark-Hisui, L50, M\n|-end|p1b: Zoroark|Illusion\n|\n|upkeep\n|turn|12\n|\n|t:|1776289769\n|move|p1b: Zoroark|Bitter Malice|p2b: Aggron\n|-damage|p2b: Aggron|0 fnt\n|faint|p2b: Aggron\n|\n|win|Techwiz_101\n|raw|Techwiz_101's rating: 1206 &rarr; <strong>1225</strong><br />(+19 for winning)\n|raw|nilsfjeld's rating: 1123 &rarr; <strong>1104</strong><br />(-19 for losing)\n|l|\u2606nilsfjeld\n|player|p2|\n",
  "uploadtime": 1776289775,
  "views": 28,
  "formatid": "gen9championsvgc2026regma",
  "rating": 1104,
  "private": 0,
  "password": null
}