{
  "id": "gen9championsvgc2026regma-2585075003",
  "format": "[Gen 9 Champions] VGC 2026 Reg M-A",
  "players": [
    "superclemm",
    "srpelea"
  ],
  "log": "|j|\u2606superclemm\n|j|\u2606srpelea\n|t:|1776309158\n|gametype|doubles\n|player|p1|superclemm|backpacker|1115\n|player|p2|srpelea|n|1205\n|gen|9\n|tier|[Gen 9 Champions] VGC 2026 Reg M-A\n|rated|\n|rule|Species Clause: Limit one of each Pok\u00e9mon\n|rule|Item Clause: Limit 1 of each item\n|clearpoke\n|poke|p1|Tyranitar, L50, M|\n|poke|p1|Alakazam, L50, F|\n|poke|p1|Floette-Eternal, L50, F|\n|poke|p1|Aerodactyl, L50, F|\n|poke|p1|Rotom-Heat, L50|\n|poke|p1|Snorlax, L50, F|\n|poke|p2|Sneasler, L50, F|\n|poke|p2|Incineroar, L50, M|\n|poke|p2|Kingambit, L50, M|\n|poke|p2|Floette-Eternal, L50, F|\n|poke|p2|Sinistcha, L50|\n|poke|p2|Garchomp, L50, M|\n|teampreview|4\n|inactive|Battle timer is ON: inactive players will automatically lose when time's up. (requested by srpelea)\n|\n|t:|1776309183\n|teamsize|p1|4\n|teamsize|p2|4\n|start\n|switch|p1a: Aerodactyl|Aerodactyl, L50, F|100/100\n|switch|p1b: Floette|Floette-Eternal, L50, F|100/100\n|switch|p2a: Sneasler|Sneasler, L50, F|100/100\n|switch|p2b: Kingambit|Kingambit, L50, M|100/100\n|turn|1\n|inactive|superclemm has 30 seconds left.\n|\n|t:|1776309212\n|move|p1b: Floette|Protect|p1b: Floette\n|-singleturn|p1b: Floette|Protect\n|move|p1a: Aerodactyl|Tailwind|p1a: Aerodactyl\n|-sidestart|p1: superclemm|move: Tailwind\n|move|p2a: Sneasler|Dire Claw|p1b: Floette\n|-activate|p1b: Floette|move: Protect\n|move|p2b: Kingambit|Iron Head|p1a: Aerodactyl\n|-supereffective|p1a: Aerodactyl|1\n|-damage|p1a: Aerodactyl|0 fnt\n|faint|p1a: Aerodactyl\n|\n|upkeep\n|inactive|superclemm has 30 seconds left.\n|inactive|superclemm has 20 seconds left.\n|\n|t:|1776309249\n|switch|p1a: Alakazam|Alakazam, L50, F|100/100\n|turn|2\n|\n|t:|1776309266\n|detailschange|p1b: Floette|Floette-Mega, L50, F\n|-mega|p1b: Floette|Floette|Floettite\n|-ability|p1b: Floette|Fairy Aura\n|move|p2a: Sneasler|Protect|p2a: Sneasler\n|-singleturn|p2a: Sneasler|Protect\n|move|p2b: Kingambit|Sucker Punch|p1a: Alakazam\n|-supereffective|p1a: Alakazam|1\n|-enditem|p1a: Alakazam|Focus Sash\n|-damage|p1a: Alakazam|1/100\n|move|p1a: Alakazam|Psyshock|p2a: Sneasler\n|-activate|p2a: Sneasler|move: Protect\n|move|p1b: Floette|Light of Ruin|p2b: Kingambit\n|-damage|p2b: Kingambit|0 fnt\n|faint|p2b: Kingambit\n|-damage|p1b: Floette|32/100|[from] Recoil\n|\n|upkeep\n|\n|t:|1776309290\n|switch|p2b: Incineroar|Incineroar, L50, M|100/100\n|-ability|p2b: Incineroar|Intimidate|boost\n|-fail|p1a: Alakazam|unboost|Attack|[from] ability: Inner Focus|[of] p1a: Alakazam\n|-unboost|p1b: Floette|atk|1\n|turn|3\n|\n|t:|1776309310\n|move|p2b: Incineroar|Fake Out|p1a: Alakazam\n|-damage|p1a: Alakazam|0 fnt\n|faint|p1a: Alakazam\n|move|p1b: Floette|Dazzling Gleam|p2b: Incineroar|[spread] p2a,p2b\n|-damage|p2a: Sneasler|34/100\n|-damage|p2b: Incineroar|54/100\n|move|p2a: Sneasler|Dire Claw|p1b: Floette\n|-supereffective|p1b: Floette|1\n|-damage|p1b: Floette|0 fnt\n|faint|p1b: Floette\n|\n|upkeep\n|\n|t:|1776309319\n|switch|p1b: Rotom|Rotom-Heat, L50|100/100\n|turn|4\n|\n|t:|1776309330\n|move|p1b: Rotom|Trick|p2b: Incineroar\n|-activate|p1b: Rotom|move: Trick|[of] p2b: Incineroar\n|-item|p2b: Incineroar|Choice Scarf|[from] move: Trick\n|-item|p1b: Rotom|Sitrus Berry|[from] move: Trick\n|move|p2a: Sneasler|Close Combat|p1b: Rotom\n|-damage|p1b: Rotom|33/100\n|-unboost|p2a: Sneasler|def|1\n|-unboost|p2a: Sneasler|spd|1\n|-enditem|p1b: Rotom|Sitrus Berry|[eat]\n|-heal|p1b: Rotom|58/100|[from] item: Sitrus Berry\n|move|p2b: Incineroar|Parting Shot|p1b: Rotom\n|-unboost|p1b: Rotom|atk|1\n|-unboost|p1b: Rotom|spa|1\n|\n|t:|1776309343\n|switch|p2b: Floette|Floette-Eternal, L50, F|100/100|[from] Parting Shot\n|\n|-sideend|p1: superclemm|move: Tailwind\n|upkeep\n|turn|5\n|l|\u2606superclemm\n|inactive|superclemm disconnected and has a minute to reconnect!\n|player|p1|\n|inactive|superclemm has 30 seconds left.\n|inactive|superclemm has 20 seconds left.\n|inactive|superclemm has 15 seconds left.\n|inactive|superclemm has 10 seconds left.\n|inactive|superclemm has 5 seconds left.\n|-message|superclemm lost due to inactivity.\n|\n|win|srpelea\n|raw|superclemm's rating: 1115 &rarr; <strong>1096</strong><br />(-19 for losing)\n|raw|srpelea's rating: 1205 &rarr; <strong>1224</strong><br />(+19 for winning)\n",
  "uploadtime": 1776309422,
  "views": 23,
  "formatid": "gen9championsvgc2026regma",
  "rating": 1096,
  "private": 0,
  "password": null
}