{
  "id": "gen9championsvgc2026regma-2581461596",
  "format": "[Gen 9 Champions] VGC 2026 Reg M-A",
  "players": [
    "reenipix",
    "SnipezZ987"
  ],
  "log": "|j|\u2606reenipix\n|j|\u2606SnipezZ987\n|t:|1776002690\n|gametype|doubles\n|player|p1|reenipix|170|1028\n|player|p2|SnipezZ987|265|1000\n|gen|9\n|tier|[Gen 9 Champions] VGC 2026 Reg M-A\n|rated|\n|rule|Species Clause: Limit one of each Pok\u00e9mon\n|rule|Item Clause: Limit 1 of each item\n|clearpoke\n|poke|p1|Garchomp, L50, M|\n|poke|p1|Whimsicott, L50, M|\n|poke|p1|Orthworm, L50, F|\n|poke|p1|Incineroar, L50, F|\n|poke|p1|Basculegion, L50, M|\n|poke|p1|Floette-Eternal, L50, F|\n|poke|p2|Charizard, L50, M|\n|poke|p2|Whimsicott, L50, M|\n|poke|p2|Jolteon, L50, F|\n|poke|p2|Typhlosion-Hisui, L50, M|\n|poke|p2|Clefable, L50, F|\n|poke|p2|Garchomp, L50, F|\n|teampreview|4\n|inactive|Battle timer is ON: inactive players will automatically lose when time's up. (requested by SnipezZ987)\nreenipix rejected open team sheets.\n|inactive|SnipezZ987 has 60 seconds left.\n|\n|t:|1776002733\n|teamsize|p1|4\n|teamsize|p2|4\n|start\n|switch|p1a: Garchomp|Garchomp, L50, M, shiny|100/100\n|switch|p1b: Whimsicott|Whimsicott, L50, M, shiny|100/100\n|switch|p2a: Charizard|Charizard, L50, M|100/100\n|switch|p2b: Whimsicott|Whimsicott, L50, M|100/100\n|turn|1\n|inactive|SnipezZ987 has 30 seconds left.\n|\n|t:|1776002765\n|detailschange|p1a: Garchomp|Garchomp-Mega, L50, M, shiny\n|-mega|p1a: Garchomp|Garchomp|Garchompite\n|move|p2a: Charizard|Protect|p2a: Charizard\n|-singleturn|p2a: Charizard|Protect\n|move|p2b: Whimsicott|Tailwind|p2b: Whimsicott\n|-sidestart|p2: SnipezZ987|move: Tailwind\n|move|p1b: Whimsicott|Tailwind|p1b: Whimsicott\n|-sidestart|p1: reenipix|move: Tailwind\n|move|p1a: Garchomp|Rock Slide|p2b: Whimsicott|[spread] p2b\n|-activate|p2a: Charizard|move: Protect\n|-damage|p2b: Whimsicott|63/100\n|\n|upkeep\n|turn|2\n|inactive|reenipix has 30 seconds left.\n|\n|t:|1776002792\n|detailschange|p2a: Charizard|Charizard-Mega-Y, L50, M\n|-mega|p2a: Charizard|Charizard|Charizardite Y\n|-weather|SunnyDay|[from] ability: Drought|[of] p2a: Charizard\n|move|p1b: Whimsicott|Encore|p2a: Charizard\n|-start|p2a: Charizard|Encore\n|move|p2a: Charizard|Protect||[still]\n|-fail|p2a: Charizard\n|move|p2b: Whimsicott|Moonblast|p1a: Garchomp\n|-supereffective|p1a: Garchomp|1\n|-damage|p1a: Garchomp|26/100\n|-unboost|p1a: Garchomp|spa|1\n|move|p1a: Garchomp|Rock Slide|p2a: Charizard|[spread] p2a,p2b\n|-supereffective|p2a: Charizard|2\n|-damage|p2a: Charizard|0 fnt\n|-damage|p2b: Whimsicott|30/100\n|faint|p2a: Charizard\n|\n|-weather|SunnyDay|[upkeep]\n|upkeep\n|\n|t:|1776002809\n|switch|p2a: Typhlosion|Typhlosion-Hisui, L50, M|100/100\n|-item|p1a: Garchomp|Garchompite|[from] ability: Frisk|[of] p2a: Typhlosion\n|-item|p1b: Whimsicott|Focus Sash|[from] ability: Frisk|[of] p2a: Typhlosion\n|turn|3\n|inactive|reenipix has 30 seconds left.\n|\n|t:|1776002836\n|move|p1a: Garchomp|Protect|p1a: Garchomp\n|-singleturn|p1a: Garchomp|Protect\n|move|p2a: Typhlosion|Protect|p2a: Typhlosion\n|-singleturn|p2a: Typhlosion|Protect\n|move|p1b: Whimsicott|Encore|p2b: Whimsicott\n|-start|p2b: Whimsicott|Encore\n|move|p2b: Whimsicott|Moonblast|p1b: Whimsicott\n|-damage|p1b: Whimsicott|60/100\n|\n|-weather|SunnyDay|[upkeep]\n|upkeep\n|turn|4\n|inactive|reenipix has 30 seconds left.\n|\n|t:|1776002865\n|move|p1b: Whimsicott|Tickle|p2a: Typhlosion\n|-unboost|p2a: Typhlosion|atk|1\n|-unboost|p2a: Typhlosion|def|1\n|move|p2b: Whimsicott|Moonblast|p1a: Garchomp\n|-supereffective|p1a: Garchomp|1\n|-damage|p1a: Garchomp|0 fnt\n|faint|p1a: Garchomp\n|move|p2a: Typhlosion|Eruption|p1b: Whimsicott\n|-supereffective|p1b: Whimsicott|1\n|-damage|p1b: Whimsicott|0 fnt\n|faint|p1b: Whimsicott\n|\n|-weather|SunnyDay|[upkeep]\n|-sideend|p1: reenipix|move: Tailwind\n|-sideend|p2: SnipezZ987|move: Tailwind\n|upkeep\n|\n|t:|1776002874\n|switch|p1a: Basculegion|Basculegion, L50, M, shiny|100/100\n|switch|p1b: Incineroar|Incineroar, L50, F|100/100\n|-ability|p1b: Incineroar|Intimidate|boost\n|-unboost|p2a: Typhlosion|atk|1\n|-unboost|p2b: Whimsicott|atk|1\n|turn|5\n|\n|t:|1776002893\n|move|p2a: Typhlosion|Protect|p2a: Typhlosion\n|-singleturn|p2a: Typhlosion|Protect\n|move|p1b: Incineroar|Fake Out|p2b: Whimsicott\n|-damage|p2b: Whimsicott|11/100\n|move|p1a: Basculegion|Wave Crash|p2a: Typhlosion\n|-activate|p2a: Typhlosion|move: Protect\n|cant|p2b: Whimsicott|flinch\n|\n|-weather|SunnyDay|[upkeep]\n|-end|p2b: Whimsicott|Encore\n|upkeep\n|turn|6\n|\n|t:|1776002910\n|switch|p2a: Clefable|Clefable, L50, F|100/100\n|move|p2b: Whimsicott|Tailwind|p2b: Whimsicott\n|-sidestart|p2: SnipezZ987|move: Tailwind\n|move|p1a: Basculegion|Wave Crash|p2a: Clefable\n|-damage|p2a: Clefable|61/100\n|-damage|p1a: Basculegion|87/100|[from] Recoil\n|move|p1b: Incineroar|Flare Blitz|p2b: Whimsicott\n|-supereffective|p2b: Whimsicott|1\n|-damage|p2b: Whimsicott|0 fnt\n|faint|p2b: Whimsicott\n|-damage|p1b: Incineroar|98/100|[from] Recoil\n|\n|-weather|none\n|-heal|p2a: Clefable|67/100|[from] item: Leftovers\n|upkeep\n|\n|t:|1776002918\n|switch|p2b: Typhlosion|Typhlosion-Hisui, L50, M|100/100\n|-item|p1a: Basculegion|Choice Scarf|[from] ability: Frisk|[of] p2b: Typhlosion\n|-item|p1b: Incineroar|Lum Berry|[from] ability: Frisk|[of] p2b: Typhlosion\n|turn|7\n|\n|t:|1776002933\n|move|p2a: Clefable|Follow Me|p2a: Clefable\n|-singleturn|p2a: Clefable|move: Follow Me\n|move|p2b: Typhlosion|Eruption|p1b: Incineroar|[spread] p1a,p1b\n|-resisted|p1a: Basculegion|1\n|-resisted|p1b: Incineroar|1\n|-damage|p1a: Basculegion|50/100\n|-damage|p1b: Incineroar|68/100\n|move|p1a: Basculegion|Wave Crash|p2a: Clefable\n|-crit|p2a: Clefable\n|-damage|p2a: Clefable|0 fnt\n|-start|p1a: Basculegion|Attract|[from] ability: Cute Charm|[of] p2a: Clefable\n|faint|p2a: Clefable\n|-damage|p1a: Basculegion|28/100|[from] Recoil\n|-end|p1a: Basculegion|Attract|[silent]\n|move|p1b: Incineroar|Darkest Lariat|p2b: Typhlosion\n|-supereffective|p2b: Typhlosion|1\n|-damage|p2b: Typhlosion|0 fnt\n|faint|p2b: Typhlosion\n|\n|win|reenipix\n|raw|reenipix's rating: 1028 &rarr; <strong>1061</strong><br />(+33 for winning)\n|raw|SnipezZ987's rating: 1000 &rarr; <strong>1000</strong><br />(+0 for losing)\n",
  "uploadtime": 1776002950,
  "views": 25,
  "formatid": "gen9championsvgc2026regma",
  "rating": 1000,
  "private": 0,
  "password": null
}