{
  "id": "gen9championsvgc2026regma-2581691435",
  "format": "[Gen 9 Champions] VGC 2026 Reg M-A",
  "players": [
    "Gonzacs",
    "OddToaster"
  ],
  "log": "|j|\u2606Gonzacs\n|j|\u2606OddToaster\n|t:|1776021055\n|gametype|doubles\n|player|p1|Gonzacs|hilbert-wonderlauncher|1233\n|player|p2|OddToaster|clerkf|1193\n|gen|9\n|tier|[Gen 9 Champions] VGC 2026 Reg M-A\n|rated|\n|rule|Species Clause: Limit one of each Pok\u00e9mon\n|rule|Item Clause: Limit 1 of each item\n|clearpoke\n|poke|p1|Talonflame, L50, F|\n|poke|p1|Garchomp, L50, M|\n|poke|p1|Rotom-Wash, L50|\n|poke|p1|Kingambit, L50, M|\n|poke|p1|Sinistcha, L50|\n|poke|p1|Floette-Eternal, L50, F|\n|poke|p2|Charizard, L50, M|\n|poke|p2|Whimsicott, L50, F|\n|poke|p2|Incineroar, L50, F|\n|poke|p2|Garchomp, L50, F|\n|poke|p2|Gardevoir, L50, M|\n|poke|p2|Rotom-Wash, L50|\n|teampreview|4\n|inactive|Battle timer is ON: inactive players will automatically lose when time's up. (requested by OddToaster)\n|\n|t:|1776021101\n|teamsize|p1|4\n|teamsize|p2|4\n|start\n|switch|p1a: Talonflame|Talonflame, L50, F|100/100\n|switch|p1b: Garchomp|Garchomp, L50, M|100/100\n|switch|p2a: Gardevoir|Gardevoir, L50, M|100/100\n|switch|p2b: Whimsicott|Whimsicott, L50, F|100/100\n|turn|1\n|\n|t:|1776021123\n|move|p1a: Talonflame|Tailwind|p1a: Talonflame\n|-sidestart|p1: Gonzacs|move: Tailwind\n|move|p1b: Garchomp|Swords Dance|p1b: Garchomp\n|-boost|p1b: Garchomp|atk|2\n|move|p2a: Gardevoir|Moonblast|p1a: Talonflame\n|-resisted|p1a: Talonflame|1\n|-damage|p1a: Talonflame|61/100\n|move|p2b: Whimsicott|Moonblast|p1a: Talonflame\n|-resisted|p1a: Talonflame|1\n|-damage|p1a: Talonflame|32/100\n|\n|upkeep\n|turn|2\n|\n|t:|1776021136\n|move|p2b: Whimsicott|Tailwind|p2b: Whimsicott\n|-sidestart|p2: OddToaster|move: Tailwind\n|move|p1a: Talonflame|Dual Wingbeat|p2b: Whimsicott\n|-supereffective|p2b: Whimsicott|1\n|-damage|p2b: Whimsicott|55/100\n|-supereffective|p2b: Whimsicott|1\n|-damage|p2b: Whimsicott|3/100\n|-hitcount|p2b: Whimsicott|2\n|move|p2a: Gardevoir|Moonblast|p1b: Garchomp\n|-supereffective|p1b: Garchomp|1\n|-damage|p1b: Garchomp|0 fnt\n|faint|p1b: Garchomp\n|\n|upkeep\n|\n|t:|1776021156\n|switch|p1b: Kingambit|Kingambit, L50, M|100/100\n|turn|3\n|\n|t:|1776021171\n|switch|p2a: Charizard|Charizard, L50, M|100/100\n|switch|p2b: Rotom|Rotom-Wash, L50|100/100\n|move|p1b: Kingambit|Sucker Punch||[still]\n|-fail|p1b: Kingambit\n|move|p1a: Talonflame|Dual Wingbeat|p2a: Charizard\n|-damage|p2a: Charizard|83/100\n|-damage|p2a: Charizard|64/100\n|-hitcount|p2a: Charizard|2\n|\n|upkeep\n|turn|4\n|\n|t:|1776021190\n|move|p2a: Charizard|Protect|p2a: Charizard\n|-singleturn|p2a: Charizard|Protect\n|move|p1b: Kingambit|Sucker Punch||[still]\n|-fail|p1b: Kingambit\n|move|p1a: Talonflame|Will-O-Wisp|p2b: Rotom\n|-status|p2b: Rotom|brn\n|move|p2b: Rotom|Will-O-Wisp|p1b: Kingambit|[miss]\n|-miss|p2b: Rotom|p1b: Kingambit\n|\n|-damage|p2b: Rotom|95/100 brn|[from] brn\n|-sideend|p1: Gonzacs|move: Tailwind\n|upkeep\n|turn|5\n|\n|t:|1776021214\n|move|p2a: Charizard|Protect|p2a: Charizard\n|-singleturn|p2a: Charizard|Protect\n|move|p1b: Kingambit|Protect|p1b: Kingambit\n|-singleturn|p1b: Kingambit|Protect\n|move|p2b: Rotom|Thunderbolt|p1a: Talonflame\n|-supereffective|p1a: Talonflame|1\n|-damage|p1a: Talonflame|0 fnt\n|faint|p1a: Talonflame\n|\n|-heal|p2b: Rotom|100/100 brn|[from] item: Leftovers\n|-damage|p2b: Rotom|95/100 brn|[from] brn\n|-sideend|p2: OddToaster|move: Tailwind\n|upkeep\n|\n|t:|1776021225\n|switch|p1a: Floette|Floette-Eternal, L50, F|100/100\n|turn|6\n|\n|t:|1776021240\n|detailschange|p1a: Floette|Floette-Mega, L50, F\n|-mega|p1a: Floette|Floette|Floettite\n|-ability|p1a: Floette|Fairy Aura\n|detailschange|p2a: Charizard|Charizard-Mega-Y, L50, M\n|-mega|p2a: Charizard|Charizard|Charizardite Y\n|-weather|SunnyDay|[from] ability: Drought|[of] p2a: Charizard\n|move|p1b: Kingambit|Sucker Punch|p2a: Charizard\n|-damage|p2a: Charizard|11/100\n|move|p1a: Floette|Calm Mind|p1a: Floette\n|-boost|p1a: Floette|spa|1\n|-boost|p1a: Floette|spd|1\n|move|p2b: Rotom|Thunderbolt|p1b: Kingambit\n|-damage|p1b: Kingambit|61/100\n|move|p2a: Charizard|Heat Wave|p1b: Kingambit|[spread] p1a,p1b\n|-supereffective|p1b: Kingambit|1\n|-damage|p1a: Floette|67/100\n|-damage|p1b: Kingambit|0 fnt\n|faint|p1b: Kingambit\n|\n|-weather|SunnyDay|[upkeep]\n|-heal|p2b: Rotom|100/100 brn|[from] item: Leftovers\n|-damage|p2b: Rotom|95/100 brn|[from] brn\n|upkeep\n|turn|7\n|inactive|Gonzacs has 30 seconds left.\n|\n|t:|1776021267\n|switch|p2a: Gardevoir|Gardevoir, L50, M|100/100\n|move|p1a: Floette|Calm Mind|p1a: Floette\n|-boost|p1a: Floette|spa|1\n|-boost|p1a: Floette|spd|1\n|move|p2b: Rotom|Thunderbolt|p1a: Floette\n|-damage|p1a: Floette|51/100\n|\n|-weather|SunnyDay|[upkeep]\n|-heal|p2b: Rotom|100/100 brn|[from] item: Leftovers\n|-damage|p2b: Rotom|95/100 brn|[from] brn\n|upkeep\n|turn|8\n|\n|t:|1776021288\n|move|p2a: Gardevoir|Moonblast|p1a: Floette\n|-damage|p1a: Floette|22/100\n|move|p1a: Floette|Dazzling Gleam|p2a: Gardevoir|[spread] p2a,p2b\n|-damage|p2a: Gardevoir|10/100\n|-damage|p2b: Rotom|0 fnt\n|faint|p2b: Rotom\n|\n|-weather|SunnyDay|[upkeep]\n|upkeep\n|\n|t:|1776021291\n|switch|p2b: Whimsicott|Whimsicott, L50, F|3/100\n|turn|9\n|\n|t:|1776021299\n|move|p2b: Whimsicott|Tailwind|p2b: Whimsicott\n|-sidestart|p2: OddToaster|move: Tailwind\n|move|p2a: Gardevoir|Moonblast|p1a: Floette\n|-damage|p1a: Floette|0 fnt\n|faint|p1a: Floette\n|\n|win|OddToaster\n|raw|Gonzacs's rating: 1233 &rarr; <strong>1205</strong><br />(-28 for losing)\n|raw|OddToaster's rating: 1193 &rarr; <strong>1221</strong><br />(+28 for winning)\n|l|\u2606Gonzacs\n|player|p1|\n",
  "uploadtime": 1776021309,
  "views": 19,
  "formatid": "gen9championsvgc2026regma",
  "rating": 1205,
  "private": 0,
  "password": null
}