{
  "id": "gen9championsvgc2026regma-2582752251",
  "format": "[Gen 9 Champions] VGC 2026 Reg M-A",
  "players": [
    "dillrpg",
    "haemori_ruri"
  ],
  "log": "|j|\u2606dillrpg\n|j|\u2606haemori_ruri\n|t:|1776111644\n|gametype|doubles\n|player|p1|dillrpg|1|1042\n|player|p2|haemori_ruri|swimmerf-gen4|1071\n|gen|9\n|tier|[Gen 9 Champions] VGC 2026 Reg M-A\n|rated|\n|rule|Species Clause: Limit one of each Pok\u00e9mon\n|rule|Item Clause: Limit 1 of each item\n|clearpoke\n|poke|p1|Scovillain, L50, F|\n|poke|p1|Conkeldurr, L50, M|\n|poke|p1|Hatterene, L50, F|\n|poke|p1|Ampharos, L50, M|\n|poke|p1|Snorlax, L50, F|\n|poke|p1|Aggron, L50, F|\n|poke|p2|Froslass, L50, F|\n|poke|p2|Gyarados, L50, M|\n|poke|p2|Clefable, L50, F|\n|poke|p2|Jolteon, L50, M|\n|poke|p2|Basculegion, L50, M|\n|poke|p2|Wyrdeer, L50, F|\n|teampreview|4\n|\n|t:|1776111666\n|teamsize|p1|4\n|teamsize|p2|4\n|start\n|switch|p1a: Scovillain|Scovillain, L50, F|100/100\n|switch|p1b: Hatterene|Hatterene, L50, F|100/100\n|switch|p2a: Froslass|Froslass, L50, F|100/100\n|switch|p2b: Wyrdeer|Wyrdeer, L50, F|100/100\n|-ability|p2b: Wyrdeer|Intimidate|boost\n|-unboost|p1a: Scovillain|atk|1\n|-unboost|p1b: Hatterene|atk|1\n|turn|1\n|\n|t:|1776111695\n|detailschange|p2a: Froslass|Froslass-Mega, L50, F\n|-mega|p2a: Froslass|Froslass|Froslassite\n|-weather|Snowscape|[from] ability: Snow Warning|[of] p2a: Froslass\n|detailschange|p1a: Scovillain|Scovillain-Mega, L50, F\n|-mega|p1a: Scovillain|Scovillain|Scovillainite\n|move|p1a: Scovillain|Rage Powder|p1a: Scovillain\n|-singleturn|p1a: Scovillain|move: Rage Powder\n|move|p2a: Froslass|Blizzard|p1b: Hatterene|[spread] p1a,p1b\n|-damage|p1a: Scovillain|54/100\n|-damage|p1b: Hatterene|60/100\n|-status|p2a: Froslass|brn|[from] ability: Spicy Spray|[of] p1a: Scovillain\n|move|p2b: Wyrdeer|Body Slam|p1a: Scovillain\n|-damage|p1a: Scovillain|27/100\n|-status|p2b: Wyrdeer|brn|[from] ability: Spicy Spray|[of] p1a: Scovillain\n|move|p1b: Hatterene|Trick Room|p1b: Hatterene\n|-fieldstart|move: Trick Room|[of] p1b: Hatterene\n|\n|-weather|Snowscape|[upkeep]\n|-damage|p2b: Wyrdeer|94/100 brn|[from] brn\n|-damage|p2a: Froslass|94/100 brn|[from] brn\n|upkeep\n|turn|2\n|\n|t:|1776111725\n|switch|p1b: Conkeldurr|Conkeldurr, L50, M|100/100\n|switch|p2b: Jolteon|Jolteon, L50, M|100/100\n|move|p1a: Scovillain|Flamethrower|p2a: Froslass\n|-supereffective|p2a: Froslass|1\n|-damage|p2a: Froslass|5/100 brn\n|move|p2a: Froslass|Aurora Veil|p2a: Froslass\n|-sidestart|p2: haemori_ruri|move: Aurora Veil\n|\n|-weather|Snowscape|[upkeep]\n|-damage|p2a: Froslass|0 fnt|[from] brn\n|faint|p2a: Froslass\n|upkeep\n|\n|t:|1776111738\n|switch|p2a: Gyarados|Gyarados, L50, M|100/100\n|turn|3\n|\n|t:|1776111751\n|switch|p2a: Wyrdeer|Wyrdeer, L50, F|94/100 brn\n|-ability|p2a: Wyrdeer|Intimidate|boost\n|-unboost|p1a: Scovillain|atk|1\n|-unboost|p1b: Conkeldurr|atk|1\n|move|p1a: Scovillain|Rage Powder|p1a: Scovillain\n|-singleturn|p1a: Scovillain|move: Rage Powder\n|move|p1b: Conkeldurr|Brutal Swing|p2a: Wyrdeer|[spread] p1a,p2a,p2b\n|-supereffective|p2a: Wyrdeer|1\n|-damage|p1a: Scovillain|17/100\n|-damage|p2a: Wyrdeer|82/100 brn\n|-damage|p2b: Jolteon|85/100\n|-status|p1b: Conkeldurr|brn|[from] ability: Spicy Spray|[of] p1a: Scovillain\n|move|p2b: Jolteon|Alluring Voice|p1a: Scovillain\n|-resisted|p1a: Scovillain|1\n|-damage|p1a: Scovillain|3/100\n|-status|p2b: Jolteon|brn|[from] ability: Spicy Spray|[of] p1a: Scovillain\n|\n|-weather|Snowscape|[upkeep]\n|-damage|p1b: Conkeldurr|94/100 brn|[from] brn\n|-damage|p2a: Wyrdeer|75/100 brn|[from] brn\n|-damage|p2b: Jolteon|79/100 brn|[from] brn\n|upkeep\n|turn|4\n|\n|t:|1776111778\n|move|p1a: Scovillain|Helping Hand|p1b: Conkeldurr\n|-singleturn|p1b: Conkeldurr|Helping Hand|[of] p1a: Scovillain\n|move|p1b: Conkeldurr|Drain Punch|p2b: Jolteon\n|-damage|p2b: Jolteon|0 fnt\n|-heal|p1b: Conkeldurr|100/100 brn|[from] drain|[of] p2b: Jolteon\n|faint|p2b: Jolteon\n|move|p2a: Wyrdeer|Psychic Noise|p1b: Conkeldurr\n|-supereffective|p1b: Conkeldurr|1\n|-damage|p1b: Conkeldurr|41/100 brn\n|-start|p1b: Conkeldurr|move: Heal Block\n|\n|-weather|Snowscape|[upkeep]\n|-damage|p1b: Conkeldurr|35/100 brn|[from] brn\n|-damage|p2a: Wyrdeer|69/100 brn|[from] brn\n|upkeep\n|\n|t:|1776111785\n|switch|p2b: Gyarados|Gyarados, L50, M|100/100\n|turn|5\n|\n|t:|1776111808\n|move|p1a: Scovillain|Helping Hand|p1b: Conkeldurr\n|-singleturn|p1b: Conkeldurr|Helping Hand|[of] p1a: Scovillain\n|move|p1b: Conkeldurr|Brutal Swing|p2b: Gyarados|[spread] p1a,p2a,p2b\n|-supereffective|p2a: Wyrdeer|1\n|-damage|p1a: Scovillain|0 fnt\n|-damage|p2a: Wyrdeer|37/100 brn\n|-damage|p2b: Gyarados|80/100\n|faint|p1a: Scovillain\n|move|p2a: Wyrdeer|Psychic Noise|p1b: Conkeldurr\n|-supereffective|p1b: Conkeldurr|1\n|-damage|p1b: Conkeldurr|0 fnt\n|faint|p1b: Conkeldurr\n|move|p2b: Gyarados|Dragon Dance|p2b: Gyarados\n|-boost|p2b: Gyarados|atk|1\n|-boost|p2b: Gyarados|spe|1\n|\n|-weather|none\n|-damage|p2a: Wyrdeer|31/100 brn|[from] brn\n|-fieldend|move: Trick Room\n|upkeep\n|\n|t:|1776111815\n|switch|p1a: Aggron|Aggron, L50, F|100/100\n|switch|p1b: Hatterene|Hatterene, L50, F|60/100\n|turn|6\n|\n|t:|1776111838\n|move|p2b: Gyarados|Waterfall|p1b: Hatterene\n|-damage|p1b: Hatterene|0 fnt\n|faint|p1b: Hatterene\n|-ability|p2b: Gyarados|Moxie|boost\n|-boost|p2b: Gyarados|atk|1\n|move|p2a: Wyrdeer|Psychic Noise|p1a: Aggron\n|-resisted|p1a: Aggron|1\n|-damage|p1a: Aggron|84/100\n|-start|p1a: Aggron|move: Heal Block\n|move|p1a: Aggron|Iron Defense|p1a: Aggron\n|-boost|p1a: Aggron|def|2\n|\n|-damage|p2a: Wyrdeer|25/100 brn|[from] brn\n|-sideend|p2: haemori_ruri|move: Aurora Veil\n|upkeep\n|turn|7\n|\n|t:|1776111853\n|move|p2b: Gyarados|Waterfall|p1a: Aggron\n|-supereffective|p1a: Aggron|1\n|-damage|p1a: Aggron|34/100\n|move|p2a: Wyrdeer|Psychic Noise|p1a: Aggron|[miss]\n|-miss|p2a: Wyrdeer|p1a: Aggron\n|move|p1a: Aggron|Head Smash|p2b: Gyarados\n|-supereffective|p2b: Gyarados|1\n|-enditem|p2b: Gyarados|Charti Berry|[eat]\n|-enditem|p2b: Gyarados|Charti Berry|[weaken]\n|-damage|p2b: Gyarados|0 fnt\n|faint|p2b: Gyarados\n|\n|-damage|p2a: Wyrdeer|19/100 brn|[from] brn\n|-end|p1a: Aggron|move: Heal Block\n|upkeep\n|turn|8\n|\n|t:|1776111873\n|move|p2a: Wyrdeer|Psychic Noise|p1a: Aggron\n|-resisted|p1a: Aggron|1\n|-damage|p1a: Aggron|17/100\n|-start|p1a: Aggron|move: Heal Block\n|move|p1a: Aggron|Double-Edge|p2a: Wyrdeer\n|-damage|p2a: Wyrdeer|0 fnt\n|faint|p2a: Wyrdeer\n|\n|win|dillrpg\n|raw|dillrpg's rating: 1042 &rarr; <strong>1079</strong><br />(+37 for winning)\n|raw|haemori_ruri's rating: 1071 &rarr; <strong>1049</strong><br />(-22 for losing)\n|l|\u2606haemori_ruri\n|player|p2|\n",
  "uploadtime": 1776111887,
  "views": 21,
  "formatid": "gen9championsvgc2026regma",
  "rating": 1049,
  "private": 0,
  "password": null
}