{
  "id": "gen9championsvgc2026regma-2583777654",
  "format": "[Gen 9 Champions] VGC 2026 Reg M-A",
  "players": [
    "random1213",
    "LudwigVonHohenheim"
  ],
  "log": "|j|\u2606random1213\n|j|\u2606LudwigVonHohenheim\n|t:|1776197013\n|gametype|doubles\n|player|p1|random1213|unknownf|1145\n|player|p2|LudwigVonHohenheim|grimsley|1185\n|gen|9\n|tier|[Gen 9 Champions] VGC 2026 Reg M-A\n|rated|\n|rule|Species Clause: Limit one of each Pok\u00e9mon\n|rule|Item Clause: Limit 1 of each item\n|clearpoke\n|poke|p1|Runerigus, L50, F|\n|poke|p1|Farigiraf, L50, F|\n|poke|p1|Kingambit, L50, F|\n|poke|p1|Tyranitar, L50, M|\n|poke|p1|Sinistcha, L50|\n|poke|p1|Clefable, L50, M|\n|poke|p2|Vivillon, L50, M|\n|poke|p2|Incineroar, L50, F|\n|poke|p2|Garchomp, L50, M|\n|poke|p2|Lucario, L50, F|\n|poke|p2|Primarina, L50, F|\n|poke|p2|Farigiraf, L50, F|\n|teampreview|4\n|inactive|Battle timer is ON: inactive players will automatically lose when time's up. (requested by random1213)\n|inactive|random1213 has 60 seconds left.\n|inactive|LudwigVonHohenheim has 60 seconds left.\n|\n|t:|1776197062\n|teamsize|p1|4\n|teamsize|p2|4\n|start\n|switch|p1a: Farigiraf|Farigiraf, L50, F|100/100\n|switch|p1b: Clefable|Clefable, L50, M|100/100\n|switch|p2a: Vivillon|Vivillon, L50, M|100/100\n|switch|p2b: Garchomp|Garchomp, L50, M|100/100\n|turn|1\n|\n|t:|1776197083\n|move|p2a: Vivillon|Sleep Powder|p1a: Farigiraf\n|-status|p1a: Farigiraf|slp|[from] move: Sleep Powder\n|move|p2b: Garchomp|Rock Slide|p1a: Farigiraf|[spread] p1a,p1b\n|-damage|p1a: Farigiraf|78/100 slp\n|-damage|p1b: Clefable|81/100\n|cant|p1b: Clefable|flinch\n|cant|p1a: Farigiraf|slp\n|\n|-heal|p1a: Farigiraf|84/100 slp|[from] item: Leftovers\n|upkeep\n|turn|2\n|c|\u2606random1213|hooooly\n|inactive|LudwigVonHohenheim has 30 seconds left.\n|\n|t:|1776197108\n|move|p2a: Vivillon|Sleep Powder|p1b: Clefable\n|-status|p1b: Clefable|slp|[from] move: Sleep Powder\n|move|p2b: Garchomp|Earthquake|p1b: Clefable|[spread] p1a,p1b\n|-immune|p2a: Vivillon\n|-damage|p1a: Farigiraf|30/100 slp\n|-damage|p1b: Clefable|40/100 slp\n|cant|p1b: Clefable|slp\n|cant|p1a: Farigiraf|slp\n|\n|-heal|p1a: Farigiraf|36/100 slp|[from] item: Leftovers\n|upkeep\n|turn|3\n|inactive|random1213 has 30 seconds left.\n|inactive|random1213 has 20 seconds left.\n|\n|t:|1776197146\n|-curestatus|p1a: Farigiraf|slp|[msg]\n|move|p1a: Farigiraf|Protect|p1a: Farigiraf\n|-singleturn|p1a: Farigiraf|Protect\n|move|p2a: Vivillon|Hurricane|p1b: Clefable\n|-damage|p1b: Clefable|0 fnt\n|faint|p1b: Clefable\n|move|p2b: Garchomp|Earthquake|p1a: Farigiraf|[spread] \n|-activate|p1a: Farigiraf|move: Protect\n|-immune|p2a: Vivillon\n|\n|-heal|p1a: Farigiraf|42/100|[from] item: Leftovers\n|upkeep\n|\n|t:|1776197160\n|switch|p1b: Tyranitar|Tyranitar, L50, M|100/100\n|-weather|Sandstorm|[from] ability: Sand Stream|[of] p1b: Tyranitar\n|turn|4\n|inactive|random1213 has 30 seconds left.\n|\n|t:|1776197186\n|detailschange|p1b: Tyranitar|Tyranitar-Mega, L50, M\n|-mega|p1b: Tyranitar|Tyranitar|Tyranitarite\n|move|p2a: Vivillon|Tailwind|p2a: Vivillon\n|-sidestart|p2: LudwigVonHohenheim|move: Tailwind\n|move|p2b: Garchomp|Earthquake|p1b: Tyranitar|[spread] p1a,p1b\n|-immune|p2a: Vivillon\n|-supereffective|p1b: Tyranitar|1\n|-damage|p1a: Farigiraf|0 fnt\n|-damage|p1b: Tyranitar|41/100\n|faint|p1a: Farigiraf\n|move|p1b: Tyranitar|Rock Slide|p2a: Vivillon|[spread] p2a,p2b\n|-supereffective|p2a: Vivillon|2\n|-resisted|p2b: Garchomp|1\n|-enditem|p2a: Vivillon|Focus Sash\n|-damage|p2a: Vivillon|1/100\n|-damage|p2b: Garchomp|83/100\n|\n|-weather|Sandstorm|[upkeep]\n|-damage|p2a: Vivillon|0 fnt|[from] Sandstorm\n|faint|p2a: Vivillon\n|upkeep\n|\n|t:|1776197204\n|switch|p2a: Incineroar|Incineroar, L50, F|100/100\n|switch|p1a: Kingambit|Kingambit, L50, F|100/100\n|-ability|p2a: Incineroar|Intimidate|boost\n|-unboost|p1a: Kingambit|atk|1\n|-ability|p1a: Kingambit|Defiant|boost\n|-boost|p1a: Kingambit|atk|2\n|-unboost|p1b: Tyranitar|atk|1\n|turn|5\n|\n|t:|1776197221\n|move|p2a: Incineroar|Fake Out|p1a: Kingambit\n|-resisted|p1a: Kingambit|1\n|-damage|p1a: Kingambit|95/100\n|cant|p1a: Kingambit|flinch\n|move|p2b: Garchomp|Earthquake|p1b: Tyranitar|[spread] p2a,p1a,p1b\n|-supereffective|p2a: Incineroar|1\n|-supereffective|p1a: Kingambit|1\n|-supereffective|p1b: Tyranitar|1\n|-damage|p2a: Incineroar|0 fnt\n|-damage|p1a: Kingambit|8/100\n|-damage|p1b: Tyranitar|0 fnt\n|faint|p2a: Incineroar\n|faint|p1b: Tyranitar\n|\n|-weather|Sandstorm|[upkeep]\n|upkeep\n|\n|t:|1776197237\n|switch|p2a: Lucario|Lucario, L50, F|100/100\n|turn|6\n|\n|t:|1776197245\n|move|p2a: Lucario|Vacuum Wave|p1a: Kingambit\n|-supereffective|p1a: Kingambit|2\n|-enditem|p1a: Kingambit|Chople Berry|[eat]\n|-enditem|p1a: Kingambit|Chople Berry|[weaken]\n|-damage|p1a: Kingambit|0 fnt\n|faint|p1a: Kingambit\n|\n|win|LudwigVonHohenheim\n|raw|random1213's rating: 1145 &rarr; <strong>1123</strong><br />(-22 for losing)\n|raw|LudwigVonHohenheim's rating: 1185 &rarr; <strong>1207</strong><br />(+22 for winning)\n|l|\u2606LudwigVonHohenheim\n|player|p2|\n|j|\u2606LudwigVonHohenheim\n|player|p2|LudwigVonHohenheim|grimsley|\n",
  "uploadtime": 1776197601,
  "views": 22,
  "formatid": "gen9championsvgc2026regma",
  "rating": 1123,
  "private": 0,
  "password": null
}