{
  "id": "gen9championsvgc2026regma-2586747204",
  "format": "[Gen 9 Champions] VGC 2026 Reg M-A",
  "players": [
    "zugasteam",
    "yngtgr"
  ],
  "log": "|j|\u2606zugasteam\n|j|\u2606yngtgr\n|t:|1776456729\n|gametype|doubles\n|player|p1|zugasteam|1|\n|player|p2|yngtgr|266|\n|gen|9\n|tier|[Gen 9 Champions] VGC 2026 Reg M-A\n|rated|Tournament battle\n|rule|Species Clause: Limit one of each Pok\u00e9mon\n|rule|Item Clause: Limit 1 of each item\n|raw|<div class=\"infobox\"><details class=\"readmore\" open><summary><strong>1 custom rule:</strong></summary> Force Open Team Sheets</details></div>\n|clearpoke\n|poke|p1|Delphox, L50, F|\n|poke|p1|Kingambit, L50, M|\n|poke|p1|Clefable, L50, M|\n|poke|p1|Sneasler, L50, F|\n|poke|p1|Basculegion, L50, M|\n|poke|p1|Dragonite, L50, F|\n|poke|p2|Gengar, L50, F|\n|poke|p2|Incineroar, L50, F|\n|poke|p2|Kommo-o, L50, F|\n|poke|p2|Sinistcha, L50|\n|poke|p2|Tyranitar, L50, F|\n|poke|p2|Basculegion, L50, M|\n|teampreview|4\n|showteam|p1|Delphox||Delphoxite|Blaze|HeatWave,Psychic,Substitute,Protect|||F|||50|]Kingambit||BlackGlasses|Defiant|KowtowCleave,SuckerPunch,SwordsDance,Protect|||M|||50|]Clefable||SitrusBerry|Unaware|Moonblast,FollowMe,HelpingHand,Protect|||M|||50|]Sneasler||FocusSash|Unburden|CloseCombat,DireClaw,FakeOut,Protect|||F|||50|]Basculegion||ChoiceScarf|Adaptability|WaveCrash,LastRespects,FlipTurn,AquaJet|||M|||50|]Dragonite||LumBerry|Multiscale|ScaleShot,ExtremeSpeed,Haze,Protect|||F|||50|\n|showteam|p2|Gengar||Gengarite|CursedBody|ShadowBall,PerishSong,Taunt,Protect|||F|||50|]Incineroar||SitrusBerry|Intimidate|FakeOut,PartingShot,ThroatChop,Protect|||F|||50|]Kommo-o||Leftovers|Soundproof|ClangorousSoul,ClangingScales,AuraSphere,Protect|||F|||50|]Sinistcha||KasibBerry|Hospitality|MatchaGotcha,RagePowder,LifeDew,Protect||||||50|]Tyranitar||FocusSash|SandStream|RockSlide,KnockOff,LowKick,Protect|||F|||50|]Basculegion||ChoiceScarf|Adaptability|WaveCrash,LastRespects,FlipTurn,AquaJet|||M|||50|\n|j| Bosse12345\n|inactive|Battle timer is ON: inactive players will automatically lose when time's up. (requested by zugasteam)\n|j| VanillaBobcat\n|l| VanillaBobcat\n|inactive|yngtgr has 60 seconds left.\n|\n|t:|1776456798\n|teamsize|p1|4\n|teamsize|p2|4\n|start\n|switch|p1a: Delphox|Delphox, L50, F|100/100\n|switch|p1b: Sneasler|Sneasler, L50, F|100/100\n|switch|p2a: Sinistcha|Sinistcha, L50, shiny|100/100\n|switch|p2b: Basculegion|Basculegion, L50, M|100/100\n|turn|1\n|j| OnToTheOther\n|\n|t:|1776456830\n|switch|p2a: Gengar|Gengar, L50, F|100/100\n|detailschange|p1a: Delphox|Delphox-Mega, L50, F\n|-mega|p1a: Delphox|Delphox|Delphoxite\n|move|p1a: Delphox|Protect|p1a: Delphox\n|-singleturn|p1a: Delphox|Protect\n|move|p2b: Basculegion|Wave Crash|p1a: Delphox\n|-activate|p1a: Delphox|move: Protect\n|move|p1b: Sneasler|Dire Claw|p2a: Gengar\n|-resisted|p2a: Gengar|2\n|-damage|p2a: Gengar|84/100\n|-start|p1b: Sneasler|Disable|Dire Claw|[from] ability: Cursed Body|[of] p2a: Gengar\n|\n|upkeep\n|turn|2\n|inactive|yngtgr has 30 seconds left.\n|inactive|yngtgr has 20 seconds left.\n|\n|t:|1776456866\n|switch|p1a: Basculegion|Basculegion, L50, M|100/100\n|switch|p1b: Kingambit|Kingambit, L50, M|100/100\n|detailschange|p2a: Gengar|Gengar-Mega, L50, F\n|-mega|p2a: Gengar|Gengar|Gengarite\n|move|p2b: Basculegion|Wave Crash|p1a: Basculegion\n|-resisted|p1a: Basculegion|1\n|-damage|p1a: Basculegion|51/100\n|-damage|p2b: Basculegion|84/100|[from] Recoil\n|move|p2a: Gengar|Taunt|p1b: Kingambit\n|-start|p1b: Kingambit|move: Taunt\n|\n|upkeep\n|turn|3\n|inactive|zugasteam has 30 seconds left.\n|\n|t:|1776456893\n|switch|p2b: Kommo-o|Kommo-o, L50, F|100/100\n|move|p2a: Gengar|Protect|p2a: Gengar\n|-singleturn|p2a: Gengar|Protect\n|move|p1b: Kingambit|Sucker Punch||[still]\n|-fail|p1b: Kingambit\n|move|p1a: Basculegion|Last Respects|p2b: Kommo-o\n|-damage|p2b: Kommo-o|72/100\n|\n|-heal|p2b: Kommo-o|78/100|[from] item: Leftovers\n|upkeep\n|turn|4\n|inactive|zugasteam has 30 seconds left.\n|inactive|yngtgr has 30 seconds left.\n|inactive|zugasteam has 20 seconds left.\n|\n|t:|1776456930\n|switch|p1a: Delphox|Delphox-Mega, L50, F|100/100\n|switch|p2a: Sinistcha|Sinistcha, L50, shiny|100/100\n|-heal|p2b: Kommo-o|100/100|[from] ability: Hospitality|[of] p2a: Sinistcha\n|move|p1b: Kingambit|Sucker Punch||[still]\n|-fail|p1b: Kingambit\n|move|p2b: Kommo-o|Aura Sphere|p1b: Kingambit\n|-supereffective|p1b: Kingambit|2\n|-damage|p1b: Kingambit|0 fnt\n|faint|p1b: Kingambit\n|\n|upkeep\n|\n|t:|1776456943\n|switch|p1b: Sneasler|Sneasler, L50, F|100/100\n|turn|5\n|\n|t:|1776456960\n|switch|p2a: Basculegion|Basculegion, L50, M|84/100\n|move|p1b: Sneasler|Fake Out|p2b: Kommo-o\n|-crit|p2b: Kommo-o\n|-damage|p2b: Kommo-o|79/100\n|move|p1a: Delphox|Substitute|p1a: Delphox\n|-start|p1a: Delphox|Substitute\n|-damage|p1a: Delphox|76/100\n|cant|p2b: Kommo-o|flinch\n|\n|-heal|p2b: Kommo-o|85/100|[from] item: Leftovers\n|upkeep\n|turn|6\n|\n|t:|1776456975\n|move|p1a: Delphox|Protect|p1a: Delphox\n|-singleturn|p1a: Delphox|Protect\n|move|p2a: Basculegion|Flip Turn|p1a: Delphox\n|-activate|p1a: Delphox|move: Protect\n|move|p1b: Sneasler|Dire Claw|p2a: Basculegion\n|-resisted|p2a: Basculegion|1\n|-damage|p2a: Basculegion|57/100\n|move|p2b: Kommo-o|Clangorous Soul|p2b: Kommo-o\n|-boost|p2b: Kommo-o|atk|1\n|-boost|p2b: Kommo-o|def|1\n|-boost|p2b: Kommo-o|spa|1\n|-boost|p2b: Kommo-o|spd|1\n|-boost|p2b: Kommo-o|spe|1\n|-damage|p2b: Kommo-o|52/100\n|\n|-heal|p2b: Kommo-o|58/100|[from] item: Leftovers\n|upkeep\n|turn|7\n|inactive|yngtgr has 30 seconds left.\n|\n|t:|1776457001\n|move|p2b: Kommo-o|Clanging Scales|p1b: Sneasler|[spread] p1a,p1b\n|-damage|p1a: Delphox|30/100\n|-damage|p1b: Sneasler|36/100\n|-unboost|p2b: Kommo-o|def|1\n|move|p2a: Basculegion|Flip Turn|p1a: Delphox\n|-supereffective|p1a: Delphox|1\n|-crit|p1a: Delphox\n|-end|p1a: Delphox|Substitute\n|inactive|yngtgr has 30 seconds left.\n|inactive|yngtgr has 20 seconds left.\n|\n|t:|1776457041\n|switch|p2a: Sinistcha|Sinistcha, L50, shiny|100/100|[from] Flip Turn\n|-heal|p2b: Kommo-o|83/100|[from] ability: Hospitality|[of] p2a: Sinistcha\n|move|p1a: Delphox|Psychic|p2b: Kommo-o\n|-supereffective|p2b: Kommo-o|1\n|-damage|p2b: Kommo-o|17/100\n|move|p1b: Sneasler|Dire Claw|p2b: Kommo-o\n|-damage|p2b: Kommo-o|0 fnt\n|faint|p2b: Kommo-o\n|\n|upkeep\n|j| vroummm\n|\n|t:|1776457058\n|switch|p2b: Basculegion|Basculegion, L50, M|57/100\n|turn|8\n|\n|t:|1776457073\n|move|p2b: Basculegion|Last Respects|p1a: Delphox\n|-supereffective|p1a: Delphox|1\n|-damage|p1a: Delphox|0 fnt\n|faint|p1a: Delphox\n|move|p1b: Sneasler|Dire Claw|p2a: Sinistcha\n|-crit|p2a: Sinistcha\n|-damage|p2a: Sinistcha|36/100\n|-status|p2a: Sinistcha|psn\n|move|p2a: Sinistcha|Life Dew|p2a: Sinistcha|[spread] p2a,p2b\n|-heal|p2a: Sinistcha|62/100 psn\n|-heal|p2b: Basculegion|82/100\n|\n|-damage|p2a: Sinistcha|49/100 psn|[from] psn\n|upkeep\n|\n|t:|1776457084\n|switch|p1a: Basculegion|Basculegion, L50, M|51/100\n|turn|9\n|\n|t:|1776457090\n|move|p2a: Sinistcha|Rage Powder|p2a: Sinistcha\n|-singleturn|p2a: Sinistcha|move: Rage Powder\n|move|p2b: Basculegion|Last Respects|p1a: Basculegion\n|-supereffective|p1a: Basculegion|1\n|-damage|p1a: Basculegion|0 fnt\n|faint|p1a: Basculegion\n|move|p1b: Sneasler|Dire Claw|p2a: Sinistcha\n|-damage|p2a: Sinistcha|6/100 psn\n|\n|-damage|p2a: Sinistcha|0 fnt|[from] psn\n|faint|p2a: Sinistcha\n|upkeep\n|\n|t:|1776457097\n|switch|p2a: Gengar|Gengar-Mega, L50, F|84/100\n|turn|10\n|-message|zugasteam forfeited.\n|\n|win|yngtgr\n|n|\u2606zugasteam|zugasteam\n|n|\u2606yngtgr|yngtgr\n|n| Bosse12345|bosse12345\n|n| OnToTheOther|ontotheother\n|n| vroummm|vroummm\n|l|\u2606zugasteam\n|player|p1|\n|l| Bosse12345\n|l| vroummm\n",
  "uploadtime": 1776458099,
  "views": 28,
  "formatid": "gen9championsvgc2026regma",
  "rating": null,
  "private": 0,
  "password": null
}