{
  "id": "gen9championsvgc2026regma-2582743665",
  "format": "[Gen 9 Champions] VGC 2026 Reg M-A",
  "players": [
    "ballafjong",
    "urki65"
  ],
  "log": "|j|\u2606ballafjong\n|j|\u2606urki65\n|t:|1776111058\n|gametype|doubles\n|player|p1|ballafjong|169|1095\n|player|p2|urki65|tuberf|1052\n|gen|9\n|tier|[Gen 9 Champions] VGC 2026 Reg M-A\n|rated|\n|rule|Species Clause: Limit one of each Pok\u00e9mon\n|rule|Item Clause: Limit 1 of each item\n|clearpoke\n|poke|p1|Clefable, L50, F|\n|poke|p1|Politoed, L50, F|\n|poke|p1|Incineroar, L50, M|\n|poke|p1|Bastiodon, L50, M|\n|poke|p1|Garchomp, L50, M|\n|poke|p1|Maushold-Four, L50|\n|poke|p2|Gengar, L50, M|\n|poke|p2|Politoed, L50, F|\n|poke|p2|Vivillon, L50, M|\n|poke|p2|Incineroar, L50, F|\n|poke|p2|Basculegion, L50, M|\n|poke|p2|Archaludon, L50, M|\n|teampreview|4\nurki65 rejected open team sheets.\n|\n|t:|1776111113\n|teamsize|p1|4\n|teamsize|p2|4\n|start\n|switch|p1a: Incineroar|Incineroar, L50, M|100/100\n|switch|p1b: Bastiodon|Bastiodon, L50, M|100/100\n|switch|p2a: Gengar|Gengar, L50, M|100/100\n|switch|p2b: Incineroar|Incineroar, L50, F|100/100\n|-ability|p1a: Incineroar|Intimidate|boost\n|-unboost|p2a: Gengar|atk|1\n|-unboost|p2b: Incineroar|atk|1\n|-ability|p2b: Incineroar|Intimidate|boost\n|-unboost|p1a: Incineroar|atk|1\n|-unboost|p1b: Bastiodon|atk|1\n|turn|1\n|\n|t:|1776111145\n|switch|p2a: Basculegion|Basculegion, L50, M|100/100\n|move|p2b: Incineroar|Fake Out|p1a: Incineroar\n|-damage|p1a: Incineroar|93/100\n|cant|p1a: Incineroar|flinch\n|move|p1b: Bastiodon|Iron Defense|p1b: Bastiodon\n|-boost|p1b: Bastiodon|def|2\n|\n|upkeep\n|turn|2\n|\n|t:|1776111166\n|move|p2a: Basculegion|Wave Crash|p1b: Bastiodon\n|-supereffective|p1b: Bastiodon|1\n|-damage|p1b: Bastiodon|63/100\n|-damage|p2a: Basculegion|90/100|[from] Recoil\n|move|p1a: Incineroar|Parting Shot|p2a: Basculegion\n|-unboost|p2a: Basculegion|atk|1\n|-unboost|p2a: Basculegion|spa|1\n|\n|t:|1776111173\n|switch|p1a: Garchomp|Garchomp, L50, M|100/100|[from] Parting Shot\n|move|p2b: Incineroar|Parting Shot|p1a: Garchomp\n|-unboost|p1a: Garchomp|atk|1\n|-unboost|p1a: Garchomp|spa|1\n|\n|t:|1776111182\n|switch|p2b: Gengar|Gengar, L50, M|100/100|[from] Parting Shot\n|move|p1b: Bastiodon|Body Press|p2b: Gengar\n|-immune|p2b: Gengar\n|\n|upkeep\n|turn|3\n|\n|t:|1776111198\n|switch|p1a: Incineroar|Incineroar, L50, M|93/100\n|-ability|p1a: Incineroar|Intimidate|boost\n|-unboost|p2a: Basculegion|atk|1\n|-unboost|p2b: Gengar|atk|1\n|switch|p2a: Incineroar|Incineroar, L50, F|100/100\n|-ability|p2a: Incineroar|Intimidate|boost\n|-unboost|p1a: Incineroar|atk|1\n|-unboost|p1b: Bastiodon|atk|1\n|detailschange|p2b: Gengar|Gengar-Mega, L50, M\n|-mega|p2b: Gengar|Gengar|Gengarite\n|move|p2b: Gengar|Protect|p2b: Gengar\n|-singleturn|p2b: Gengar|Protect\n|move|p1b: Bastiodon|Iron Defense|p1b: Bastiodon\n|-boost|p1b: Bastiodon|def|2\n|\n|upkeep\n|turn|4\n|\n|t:|1776111216\n|move|p1a: Incineroar|Fake Out|p2a: Incineroar\n|-damage|p2a: Incineroar|95/100\n|cant|p2a: Incineroar|flinch\n|move|p2b: Gengar|Perish Song|p2b: Gengar\n|-start|p1a: Incineroar|perish3|[silent]\n|-immune|p1b: Bastiodon|[from] ability: Soundproof\n|-start|p2a: Incineroar|perish3|[silent]\n|-start|p2b: Gengar|perish3|[silent]\n|-fieldactivate|move: Perish Song\n|move|p1b: Bastiodon|Body Press|p2a: Incineroar\n|-supereffective|p2a: Incineroar|1\n|-enditem|p2a: Incineroar|Chople Berry|[eat]\n|-enditem|p2a: Incineroar|Chople Berry|[weaken]\n|-damage|p2a: Incineroar|29/100\n|\n|-start|p2b: Gengar|perish3\n|-start|p1a: Incineroar|perish3\n|-start|p2a: Incineroar|perish3\n|upkeep\n|turn|5\n|\n|t:|1776111252\n|switch|p2b: Basculegion|Basculegion, L50, M|90/100\n|move|p2a: Incineroar|Protect|p2a: Incineroar\n|-singleturn|p2a: Incineroar|Protect\n|move|p1a: Incineroar|Parting Shot|p2a: Incineroar\n|-activate|p2a: Incineroar|move: Protect\n|move|p1b: Bastiodon|Body Press|p2a: Incineroar\n|-activate|p2a: Incineroar|move: Protect\n|\n|-start|p1a: Incineroar|perish2\n|-start|p2a: Incineroar|perish2\n|upkeep\n|turn|6\n|\n|t:|1776111280\n|switch|p2a: Gengar|Gengar-Mega, L50, M|100/100\n|move|p2b: Basculegion|Wave Crash|p1b: Bastiodon\n|-supereffective|p1b: Bastiodon|1\n|-damage|p1b: Bastiodon|37/100\n|-damage|p2b: Basculegion|83/100|[from] Recoil\n|move|p1a: Incineroar|Parting Shot|p2b: Basculegion\n|-unboost|p2b: Basculegion|atk|1\n|-unboost|p2b: Basculegion|spa|1\n|\n|t:|1776111285\n|switch|p1a: Garchomp|Garchomp, L50, M|100/100|[from] Parting Shot\n|move|p1b: Bastiodon|Iron Defense|p1b: Bastiodon\n|-boost|p1b: Bastiodon|def|2\n|\n|upkeep\n|turn|7\n|\n|t:|1776111307\n|move|p1b: Bastiodon|Wide Guard|p1b: Bastiodon\n|-singleturn|p1b: Bastiodon|Wide Guard\n|move|p1a: Garchomp|Earthquake|p2b: Basculegion|[spread] p2a,p2b\n|-activate|p1b: Bastiodon|move: Wide Guard\n|-supereffective|p2a: Gengar|1\n|-damage|p2a: Gengar|0 fnt\n|-damage|p2b: Basculegion|41/100\n|faint|p2a: Gengar\n|move|p2b: Basculegion|Wave Crash|p1a: Garchomp\n|-damage|p1a: Garchomp|64/100\n|-damage|p2b: Basculegion|29/100|[from] ability: Rough Skin|[of] p1a: Garchomp\n|-damage|p2b: Basculegion|17/100|[from] Recoil\n|\n|upkeep\n|\n|t:|1776111319\n|switch|p2a: Incineroar|Incineroar, L50, F|29/100\n|-ability|p2a: Incineroar|Intimidate|boost\n|-unboost|p1a: Garchomp|atk|1\n|-unboost|p1b: Bastiodon|atk|1\n|turn|8\n|\n|t:|1776111329\n|switch|p1a: Incineroar|Incineroar, L50, M|93/100\n|-ability|p1a: Incineroar|Intimidate|boost\n|-unboost|p2a: Incineroar|atk|1\n|-unboost|p2b: Basculegion|atk|1\n|move|p2a: Incineroar|Fake Out|p1a: Incineroar\n|-damage|p1a: Incineroar|87/100\n|move|p2b: Basculegion|Wave Crash|p1b: Bastiodon\n|-supereffective|p1b: Bastiodon|1\n|-damage|p1b: Bastiodon|26/100\n|-damage|p2b: Basculegion|14/100|[from] Recoil\n|move|p1b: Bastiodon|Body Press|p2a: Incineroar\n|-supereffective|p2a: Incineroar|1\n|-damage|p2a: Incineroar|0 fnt\n|faint|p2a: Incineroar\n|\n|upkeep\n|\n|t:|1776111342\n|switch|p2a: Archaludon|Archaludon, L50, M|100/100\n|turn|9\n|\n|t:|1776111350\n|move|p2b: Basculegion|Wave Crash|p1b: Bastiodon\n|-supereffective|p1b: Bastiodon|1\n|-damage|p1b: Bastiodon|15/100\n|-damage|p2b: Basculegion|11/100|[from] Recoil\n|move|p2a: Archaludon|Flash Cannon|p1b: Bastiodon\n|-damage|p1b: Bastiodon|0 fnt\n|faint|p1b: Bastiodon\n|move|p1a: Incineroar|Parting Shot|p2a: Archaludon\n|-unboost|p2a: Archaludon|atk|1\n|-unboost|p2a: Archaludon|spa|1\n|\n|t:|1776111357\n|switch|p1a: Garchomp|Garchomp, L50, M|64/100|[from] Parting Shot\n|\n|upkeep\n|\n|t:|1776111362\n|switch|p1b: Clefable|Clefable, L50, F|100/100\n|turn|10\n|\n|t:|1776111371\n|detailschange|p1b: Clefable|Clefable-Mega, L50, F\n|-mega|p1b: Clefable|Clefable|Clefablite\n|move|p1a: Garchomp|Earthquake|p2a: Archaludon|[spread] p2a,p2b\n|-immune|p1b: Clefable\n|-supereffective|p2a: Archaludon|1\n|-damage|p2a: Archaludon|48/100\n|-damage|p2b: Basculegion|0 fnt\n|-ability|p2a: Archaludon|Stamina|boost\n|-boost|p2a: Archaludon|def|1\n|faint|p2b: Basculegion\n|move|p2a: Archaludon|Flash Cannon|p1b: Clefable\n|-supereffective|p1b: Clefable|1\n|-damage|p1b: Clefable|59/100\n|move|p1b: Clefable|Calm Mind|p1b: Clefable\n|-boost|p1b: Clefable|spa|1\n|-boost|p1b: Clefable|spd|1\n|\n|-heal|p2a: Archaludon|54/100|[from] item: Leftovers\n|upkeep\n|turn|11\n|\n|t:|1776111389\n|switch|p1a: Incineroar|Incineroar, L50, M|87/100\n|-ability|p1a: Incineroar|Intimidate|boost\n|-unboost|p2a: Archaludon|atk|1\n|move|p1b: Clefable|Protect|p1b: Clefable\n|-singleturn|p1b: Clefable|Protect\n|move|p2a: Archaludon|Flash Cannon|p1b: Clefable\n|-activate|p1b: Clefable|move: Protect\n|\n|-heal|p2a: Archaludon|60/100|[from] item: Leftovers\n|upkeep\n|turn|12\n|\n|t:|1776111402\n|move|p2a: Archaludon|Protect|p2a: Archaludon\n|-singleturn|p2a: Archaludon|Protect\n|move|p1a: Incineroar|Fake Out|p2a: Archaludon\n|-activate|p2a: Archaludon|move: Protect\n|move|p1b: Clefable|Moonblast|p2a: Archaludon\n|-activate|p2a: Archaludon|move: Protect\n|\n|-heal|p2a: Archaludon|66/100|[from] item: Leftovers\n|upkeep\n|turn|13\n|\n|t:|1776111415\n|move|p1b: Clefable|Protect|p1b: Clefable\n|-singleturn|p1b: Clefable|Protect\n|move|p2a: Archaludon|Flash Cannon|p1b: Clefable\n|-activate|p1b: Clefable|move: Protect\n|move|p1a: Incineroar|Parting Shot|p2a: Archaludon\n|-unboost|p2a: Archaludon|atk|1\n|-unboost|p2a: Archaludon|spa|1\n|\n|t:|1776111419\n|switch|p1a: Garchomp|Garchomp, L50, M|64/100|[from] Parting Shot\n|\n|-heal|p2a: Archaludon|72/100|[from] item: Leftovers\n|upkeep\n|turn|14\n|\n|t:|1776111427\n|move|p1a: Garchomp|Earthquake|p2a: Archaludon|[spread] p2a\n|-immune|p1b: Clefable\n|-supereffective|p2a: Archaludon|1\n|-damage|p2a: Archaludon|38/100\n|-ability|p2a: Archaludon|Stamina|boost\n|-boost|p2a: Archaludon|def|1\n|move|p2a: Archaludon|Draco Meteor|p1a: Garchomp\n|-supereffective|p1a: Garchomp|1\n|-damage|p1a: Garchomp|0 fnt\n|-unboost|p2a: Archaludon|spa|2\n|faint|p1a: Garchomp\n|move|p1b: Clefable|Moonblast|p2a: Archaludon\n|-crit|p2a: Archaludon\n|-damage|p2a: Archaludon|0 fnt\n|faint|p2a: Archaludon\n|\n|win|ballafjong\n|raw|ballafjong's rating: 1095 &rarr; <strong>1118</strong><br />(+23 for winning)\n|raw|urki65's rating: 1052 &rarr; <strong>1036</strong><br />(-16 for losing)\n|l|\u2606urki65\n|player|p2|\n",
  "uploadtime": 1776111439,
  "views": 12,
  "formatid": "gen9championsvgc2026regma",
  "rating": 1036,
  "private": 0,
  "password": null
}