{
  "id": "gen9championsvgc2026regma-2582595166",
  "format": "[Gen 9 Champions] VGC 2026 Reg M-A",
  "players": [
    "xershhhhh",
    "Juya"
  ],
  "log": "|j|\u2606xershhhhh\n|j|\u2606Juya\n|t:|1776101555\n|gametype|doubles\n|player|p1|xershhhhh|169|1127\n|player|p2|Juya|265|1170\n|gen|9\n|tier|[Gen 9 Champions] VGC 2026 Reg M-A\n|rated|\n|rule|Species Clause: Limit one of each Pok\u00e9mon\n|rule|Item Clause: Limit 1 of each item\n|clearpoke\n|poke|p1|Gengar, L50, M|\n|poke|p1|Incineroar, L50, F|\n|poke|p1|Sinistcha, L50|\n|poke|p1|Kommo-o, L50, F|\n|poke|p1|Tyranitar, L50, M|\n|poke|p1|Kingambit, L50, M|\n|poke|p2|Gengar, L50, F|\n|poke|p2|Azumarill, L50, M|\n|poke|p2|Kommo-o, L50, M|\n|poke|p2|Tsareena, L50, F|\n|poke|p2|Incineroar, L50, F|\n|poke|p2|Corviknight, L50, F|\n|teampreview|4\n|inactive|Battle timer is ON: inactive players will automatically lose when time's up. (requested by Juya)\n|inactive|xershhhhh has 60 seconds left.\n|\n|t:|1776101611\n|teamsize|p1|4\n|teamsize|p2|4\n|start\n|switch|p1a: Gengar|Gengar, L50, M|100/100\n|switch|p1b: Incineroar|Incineroar, L50, F|100/100\n|switch|p2a: Kommo-o|Kommo-o, L50, M|100/100\n|switch|p2b: Tsareena|Tsareena, L50, F|100/100\n|-ability|p1b: Incineroar|Intimidate|boost\n|-unboost|p2a: Kommo-o|atk|1\n|-unboost|p2b: Tsareena|atk|1\n|-enditem|p2a: Kommo-o|White Herb\n|-clearnegativeboost|p2a: Kommo-o|[silent]\n|turn|1\n|\n|t:|1776101621\n|detailschange|p1a: Gengar|Gengar-Mega, L50, M\n|-mega|p1a: Gengar|Gengar|Gengarite\n|move|p1b: Incineroar|Fake Out||[still]\n|cant|p2b: Tsareena|ability: Queenly Majesty|Fake Out|[of] p1b: Incineroar\n|move|p1a: Gengar|Perish Song|p1a: Gengar\n|-start|p1a: Gengar|perish3|[silent]\n|-start|p1b: Incineroar|perish3|[silent]\n|-start|p2a: Kommo-o|perish3|[silent]\n|-start|p2b: Tsareena|perish3|[silent]\n|-fieldactivate|move: Perish Song\n|move|p2a: Kommo-o|Close Combat|p1b: Incineroar\n|-supereffective|p1b: Incineroar|1\n|-damage|p1b: Incineroar|11/100\n|-unboost|p2a: Kommo-o|def|1\n|-unboost|p2a: Kommo-o|spd|1\n|move|p2b: Tsareena|Zen Headbutt|p1a: Gengar\n|-supereffective|p1a: Gengar|1\n|-damage|p1a: Gengar|56/100\n|\n|-start|p1a: Gengar|perish3\n|-start|p2a: Kommo-o|perish3\n|-start|p2b: Tsareena|perish3\n|-start|p1b: Incineroar|perish3\n|upkeep\n|turn|2\n|inactive|Juya has 30 seconds left.\n|\n|t:|1776101647\n|switch|p1b: Sinistcha|Sinistcha, L50, shiny|100/100\n|-heal|p1a: Gengar|81/100|[from] ability: Hospitality|[of] p1b: Sinistcha\n|move|p1a: Gengar|Protect|p1a: Gengar\n|-singleturn|p1a: Gengar|Protect\n|move|p2a: Kommo-o|Close Combat|p1b: Sinistcha\n|-immune|p1b: Sinistcha\n|move|p2b: Tsareena|Triple Axel|p1a: Gengar\n|-activate|p1a: Gengar|move: Protect\n|\n|-start|p1a: Gengar|perish2\n|-start|p2a: Kommo-o|perish2\n|-start|p2b: Tsareena|perish2\n|upkeep\n|turn|3\n|inactive|xershhhhh has 30 seconds left.\n|inactive|xershhhhh has 20 seconds left.\n|inactive|xershhhhh has 15 seconds left.\n|\n|t:|1776101688\n|move|p1a: Gengar|Substitute|p1a: Gengar\n|-start|p1a: Gengar|Substitute\n|-damage|p1a: Gengar|56/100\n|move|p2a: Kommo-o|Throat Chop|p1a: Gengar\n|-supereffective|p1a: Gengar|1\n|-end|p1a: Gengar|Substitute\n|move|p2b: Tsareena|Zen Headbutt|p1a: Gengar\n|-supereffective|p1a: Gengar|1\n|-crit|p1a: Gengar\n|-damage|p1a: Gengar|0 fnt\n|faint|p1a: Gengar\n|move|p1b: Sinistcha|Life Dew||[still]\n|-fail|p1b: Sinistcha|heal\n|\n|-start|p2a: Kommo-o|perish1\n|-start|p2b: Tsareena|perish1\n|upkeep\n|\n|t:|1776101699\n|switch|p1a: Kommo-o|Kommo-o, L50, F, shiny|100/100\n|turn|4\n|\n|t:|1776101714\n|switch|p2a: Corviknight|Corviknight, L50, F|100/100\n|switch|p2b: Azumarill|Azumarill, L50, M|100/100\n|move|p1a: Kommo-o|Clangorous Soul|p1a: Kommo-o\n|-boost|p1a: Kommo-o|atk|1\n|-boost|p1a: Kommo-o|def|1\n|-boost|p1a: Kommo-o|spa|1\n|-boost|p1a: Kommo-o|spd|1\n|-boost|p1a: Kommo-o|spe|1\n|-damage|p1a: Kommo-o|68/100\n|move|p1b: Sinistcha|Matcha Gotcha|p2b: Azumarill|[spread] p2a\n|-miss|p1b: Sinistcha|p2b: Azumarill\n|-resisted|p2a: Corviknight|2\n|-damage|p2a: Corviknight|95/100\n|\n|-heal|p1a: Kommo-o|74/100|[from] item: Leftovers\n|-heal|p2a: Corviknight|100/100|[from] item: Leftovers\n|upkeep\n|turn|5\n|\n|t:|1776101737\n|move|p1b: Sinistcha|Rage Powder|p1b: Sinistcha\n|-singleturn|p1b: Sinistcha|move: Rage Powder\n|move|p1a: Kommo-o|Aura Sphere|p2a: Corviknight\n|-damage|p2a: Corviknight|39/100\n|move|p2a: Corviknight|Tailwind|p2a: Corviknight\n|-sidestart|p2: Juya|move: Tailwind\n|move|p2b: Azumarill|Play Rough|p1b: Sinistcha\n|-damage|p1b: Sinistcha|46/100\n|-enditem|p1b: Sinistcha|Sitrus Berry|[eat]\n|-heal|p1b: Sinistcha|71/100|[from] item: Sitrus Berry\n|\n|-heal|p1a: Kommo-o|79/100|[from] item: Leftovers\n|-heal|p2a: Corviknight|45/100|[from] item: Leftovers\n|upkeep\n|turn|6\n|\n|t:|1776101750\n|move|p2a: Corviknight|Protect|p2a: Corviknight\n|-singleturn|p2a: Corviknight|Protect\n|move|p1b: Sinistcha|Rage Powder|p1b: Sinistcha\n|-singleturn|p1b: Sinistcha|move: Rage Powder\n|move|p1a: Kommo-o|Aura Sphere|p2a: Corviknight\n|-activate|p2a: Corviknight|move: Protect\n|move|p2b: Azumarill|Play Rough|p1b: Sinistcha\n|-damage|p1b: Sinistcha|18/100\n|\n|-heal|p1a: Kommo-o|85/100|[from] item: Leftovers\n|-heal|p2a: Corviknight|50/100|[from] item: Leftovers\n|upkeep\n|turn|7\n|\n|t:|1776101766\n|switch|p2a: Kommo-o|Kommo-o, L50, M|100/100\n|move|p1a: Kommo-o|Aura Sphere|p2a: Kommo-o\n|-immune|p2a: Kommo-o|[from] ability: Bulletproof\n|move|p2b: Azumarill|Play Rough|p1a: Kommo-o|[miss]\n|-miss|p2b: Azumarill|p1a: Kommo-o\n|move|p1b: Sinistcha|Matcha Gotcha|p2a: Kommo-o|[spread] p2a,p2b\n|-resisted|p2a: Kommo-o|1\n|-supereffective|p2b: Azumarill|1\n|-damage|p2a: Kommo-o|88/100\n|-heal|p1b: Sinistcha|25/100|[from] drain|[of] p2a: Kommo-o\n|-damage|p2b: Azumarill|56/100\n|-heal|p1b: Sinistcha|50/100|[from] drain|[of] p2b: Azumarill\n|\n|-heal|p1a: Kommo-o|91/100|[from] item: Leftovers\n|upkeep\n|turn|8\n|\n|t:|1776101782\n|move|p1a: Kommo-o|Protect|p1a: Kommo-o\n|-singleturn|p1a: Kommo-o|Protect\n|move|p1b: Sinistcha|Protect|p1b: Sinistcha\n|-singleturn|p1b: Sinistcha|Protect\n|move|p2a: Kommo-o|Dragon Claw|p1a: Kommo-o\n|-activate|p1a: Kommo-o|move: Protect\n|move|p2b: Azumarill|Perish Song|p2b: Azumarill\n|-start|p1a: Kommo-o|perish3|[silent]\n|-start|p1b: Sinistcha|perish3|[silent]\n|-start|p2a: Kommo-o|perish3|[silent]\n|-start|p2b: Azumarill|perish3|[silent]\n|-fieldactivate|move: Perish Song\n|\n|-heal|p1a: Kommo-o|97/100|[from] item: Leftovers\n|-start|p2a: Kommo-o|perish3\n|-start|p1a: Kommo-o|perish3\n|-start|p2b: Azumarill|perish3\n|-start|p1b: Sinistcha|perish3\n|-sideend|p2: Juya|move: Tailwind\n|upkeep\n|turn|9\n|\n|t:|1776101809\n|move|p1a: Kommo-o|Clanging Scales|p2a: Kommo-o|[spread] p2a\n|-immune|p2b: Azumarill\n|-supereffective|p2a: Kommo-o|1\n|-crit|p2a: Kommo-o\n|-damage|p2a: Kommo-o|0 fnt\n|faint|p2a: Kommo-o\n|-unboost|p1a: Kommo-o|def|1\n|move|p1b: Sinistcha|Matcha Gotcha|p2b: Azumarill\n|-supereffective|p2b: Azumarill|1\n|-damage|p2b: Azumarill|0 fnt\n|-heal|p1b: Sinistcha|82/100|[from] drain|[of] p2b: Azumarill\n|faint|p2b: Azumarill\n|\n|-heal|p1a: Kommo-o|100/100|[from] item: Leftovers\n|-start|p1a: Kommo-o|perish2\n|-start|p1b: Sinistcha|perish2\n|upkeep\n|\n|t:|1776101821\n|switch|p2a: Corviknight|Corviknight, L50, F|50/100\n|switch|p2b: Tsareena|Tsareena, L50, F|100/100\n|turn|10\n|\n|t:|1776101829\n|switch|p1b: Incineroar|Incineroar, L50, F|11/100\n|-ability|p1b: Incineroar|Intimidate|boost\n|-ability|p2a: Corviknight|Mirror Armor\n|-unboost|p1b: Incineroar|atk|1\n|-unboost|p2b: Tsareena|atk|1\n|move|p1a: Kommo-o|Clanging Scales|p2a: Corviknight|[spread] p2a,p2b\n|-resisted|p2a: Corviknight|1\n|-damage|p2a: Corviknight|24/100\n|-damage|p2b: Tsareena|34/100\n|-unboost|p1a: Kommo-o|def|1\n|move|p2b: Tsareena|Triple Axel|p1a: Kommo-o\n|-supereffective|p1a: Kommo-o|1\n|-damage|p1a: Kommo-o|86/100\n|-hitcount|p1a: Kommo-o|1\n|move|p2a: Corviknight|Drill Peck|p1b: Incineroar\n|-damage|p1b: Incineroar|0 fnt\n|faint|p1b: Incineroar\n|\n|-heal|p1a: Kommo-o|92/100|[from] item: Leftovers\n|-heal|p2a: Corviknight|30/100|[from] item: Leftovers\n|-start|p1a: Kommo-o|perish1\n|upkeep\n|\n|t:|1776101839\n|switch|p1b: Sinistcha|Sinistcha, L50, shiny|82/100\n|-heal|p1a: Kommo-o|100/100|[from] ability: Hospitality|[of] p1b: Sinistcha\n|turn|11\n|\n|t:|1776101852\n|move|p2b: Tsareena|Protect|p2b: Tsareena\n|-singleturn|p2b: Tsareena|Protect\n|move|p2a: Corviknight|Protect|p2a: Corviknight\n|-singleturn|p2a: Corviknight|Protect\n|move|p1a: Kommo-o|Clanging Scales|p2b: Tsareena|[spread] \n|-activate|p2a: Corviknight|move: Protect\n|-activate|p2b: Tsareena|move: Protect\n|move|p1b: Sinistcha|Matcha Gotcha|p2b: Tsareena|[spread] \n|-activate|p2a: Corviknight|move: Protect\n|-activate|p2b: Tsareena|move: Protect\n|\n|-heal|p2a: Corviknight|36/100|[from] item: Leftovers\n|-start|p1a: Kommo-o|perish0\n|faint|p1a: Kommo-o\n|upkeep\n|turn|12\n|\n|t:|1776101871\n|move|p2b: Tsareena|Triple Axel|p1b: Sinistcha\n|-supereffective|p1b: Sinistcha|1\n|-damage|p1b: Sinistcha|73/100\n|-supereffective|p1b: Sinistcha|1\n|-damage|p1b: Sinistcha|56/100\n|-hitcount|p1b: Sinistcha|2\n|move|p1b: Sinistcha|Matcha Gotcha|p2b: Tsareena|[spread] p2a,p2b\n|-resisted|p2a: Corviknight|2\n|-resisted|p2b: Tsareena|1\n|-damage|p2a: Corviknight|30/100\n|-heal|p1b: Sinistcha|59/100|[from] drain|[of] p2a: Corviknight\n|-damage|p2b: Tsareena|21/100\n|-heal|p1b: Sinistcha|66/100|[from] drain|[of] p2b: Tsareena\n|move|p2a: Corviknight|Drill Peck|p1b: Sinistcha\n|-supereffective|p1b: Sinistcha|1\n|-damage|p1b: Sinistcha|14/100\n|\n|-heal|p2a: Corviknight|36/100|[from] item: Leftovers\n|upkeep\n|turn|13\n|\n|t:|1776101892\n|move|p2b: Tsareena|Triple Axel|p1b: Sinistcha\n|-supereffective|p1b: Sinistcha|1\n|-damage|p1b: Sinistcha|3/100\n|-supereffective|p1b: Sinistcha|1\n|-damage|p1b: Sinistcha|0 fnt\n|faint|p1b: Sinistcha\n|-hitcount|p1: Sinistcha|2\n|\n|win|Juya\n|raw|xershhhhh's rating: 1127 &rarr; <strong>1105</strong><br />(-22 for losing)\n|raw|Juya's rating: 1170 &rarr; <strong>1192</strong><br />(+22 for winning)\n|l|\u2606xershhhhh\n|player|p1|\n",
  "uploadtime": 1776101900,
  "views": 13,
  "formatid": "gen9championsvgc2026regma",
  "rating": 1105,
  "private": 0,
  "password": null
}