{
  "id": "gen9championsvgc2026regma-2581662095",
  "format": "[Gen 9 Champions] VGC 2026 Reg M-A",
  "players": [
    "menci",
    "Lycopoky"
  ],
  "log": "|j|\u2606menci\n|j|\u2606Lycopoky\n|t:|1776018849\n|gametype|doubles\n|player|p1|menci|miku-ghost|\n|player|p2|Lycopoky|ballguy|\n|gen|9\n|tier|[Gen 9 Champions] VGC 2026 Reg M-A\n|rated|Tournament battle\n|rule|Species Clause: Limit one of each Pok\u00e9mon\n|rule|Item Clause: Limit 1 of each item\n|clearpoke\n|poke|p1|Dragonite, L50, M|\n|poke|p1|Pelipper, L50, F|\n|poke|p1|Basculegion, L50, M|\n|poke|p1|Sinistcha, L50|\n|poke|p1|Archaludon, L50, M|\n|poke|p1|Incineroar, L50, F|\n|poke|p2|Kommo-o, L50, F|\n|poke|p2|Tyranitar, L50, M|\n|poke|p2|Excadrill, L50, F|\n|poke|p2|Gengar, L50, F|\n|poke|p2|Sinistcha, L50|\n|poke|p2|Incineroar, L50, M|\n|teampreview|4\n|inactive|Battle timer is ON: inactive players will automatically lose when time's up. (requested by Lycopoky)\nLycopoky has agreed to open team sheets.\n|c|\u2606Lycopoky|glhf!\n|c|\u2606menci|u2\n|inactive|menci has 60 seconds left.\n|\n|t:|1776018888\n|teamsize|p1|4\n|teamsize|p2|4\n|start\n|switch|p1a: Incineroar|Incineroar, L50, F|100/100\n|switch|p1b: Archaludon|Archaludon, L50, M|100/100\n|switch|p2a: Kommo-o|Kommo-o, L50, F, shiny|100/100\n|switch|p2b: Gengar|Gengar, L50, F|100/100\n|-ability|p1a: Incineroar|Intimidate|boost\n|-unboost|p2a: Kommo-o|atk|1\n|-unboost|p2b: Gengar|atk|1\n|turn|1\n|\n|t:|1776018909\n|switch|p2b: Incineroar|Incineroar, L50, M, shiny|100/100\n|-ability|p2b: Incineroar|Intimidate|boost\n|-unboost|p1a: Incineroar|atk|1\n|-unboost|p1b: Archaludon|atk|1\n|move|p2a: Kommo-o|Protect|p2a: Kommo-o\n|-singleturn|p2a: Kommo-o|Protect\n|move|p1a: Incineroar|Darkest Lariat|p2b: Incineroar\n|-resisted|p2b: Incineroar|1\n|-damage|p2b: Incineroar|91/100\n|move|p1b: Archaludon|Dragon Pulse|p2a: Kommo-o\n|-activate|p2a: Kommo-o|move: Protect\n|\n|upkeep\n|turn|2\n|\n|t:|1776018932\n|move|p2b: Incineroar|Fake Out|p1b: Archaludon\n|-resisted|p1b: Archaludon|1\n|-damage|p1b: Archaludon|97/100\n|-ability|p1b: Archaludon|Stamina|boost\n|-boost|p1b: Archaludon|def|1\n|move|p2a: Kommo-o|Clangorous Soul|p2a: Kommo-o\n|-boost|p2a: Kommo-o|atk|1\n|-boost|p2a: Kommo-o|def|1\n|-boost|p2a: Kommo-o|spa|1\n|-boost|p2a: Kommo-o|spd|1\n|-boost|p2a: Kommo-o|spe|1\n|-damage|p2a: Kommo-o|68/100\n|move|p1a: Incineroar|Parting Shot|p2a: Kommo-o\n|-unboost|p2a: Kommo-o|atk|1\n|-unboost|p2a: Kommo-o|spa|1\n|\n|t:|1776018945\n|switch|p1a: Pelipper|Pelipper, L50, F|100/100|[from] Parting Shot\n|-weather|RainDance|[from] ability: Drizzle|[of] p1a: Pelipper\n|cant|p1b: Archaludon|flinch\n|\n|-weather|RainDance|[upkeep]\n|-heal|p1b: Archaludon|100/100|[from] item: Leftovers\n|upkeep\n|turn|3\n|inactive|menci has 30 seconds left.\n|inactive|menci has 20 seconds left.\n|\n|t:|1776018981\n|move|p2b: Incineroar|Helping Hand|p2a: Kommo-o\n|-singleturn|p2a: Kommo-o|Helping Hand|[of] p2b: Incineroar\n|move|p2a: Kommo-o|Aura Sphere|p1b: Archaludon\n|-supereffective|p1b: Archaludon|1\n|-damage|p1b: Archaludon|0 fnt\n|faint|p1b: Archaludon\n|move|p1a: Pelipper|Tailwind|p1a: Pelipper\n|-sidestart|p1: menci|move: Tailwind\n|\n|-weather|RainDance|[upkeep]\n|upkeep\n|\n|t:|1776018989\n|switch|p1b: Dragonite|Dragonite, L50, M|100/100\n|turn|4\n|\n|t:|1776019006\n|detailschange|p1b: Dragonite|Dragonite-Mega, L50, M\n|-mega|p1b: Dragonite|Dragonite|Dragoninite\n|move|p2a: Kommo-o|Protect|p2a: Kommo-o\n|-singleturn|p2a: Kommo-o|Protect\n|move|p1b: Dragonite|Hurricane|p2b: Incineroar\n|-damage|p2b: Incineroar|38/100\n|-enditem|p2b: Incineroar|Sitrus Berry|[eat]\n|-heal|p2b: Incineroar|63/100|[from] item: Sitrus Berry\n|move|p1a: Pelipper|Hurricane|p2a: Kommo-o\n|-activate|p2a: Kommo-o|move: Protect\n|move|p2b: Incineroar|Parting Shot|p1b: Dragonite\n|-unboost|p1b: Dragonite|atk|1\n|-unboost|p1b: Dragonite|spa|1\n|\n|t:|1776019010\n|switch|p2b: Tyranitar|Tyranitar, L50, M, shiny|100/100|[from] Parting Shot\n|-weather|Sandstorm|[from] ability: Sand Stream|[of] p2b: Tyranitar\n|\n|-weather|Sandstorm|[upkeep]\n|-damage|p1b: Dragonite|95/100|[from] Sandstorm\n|-damage|p1a: Pelipper|95/100|[from] Sandstorm\n|upkeep\n|turn|5\n|\n|t:|1776019024\n|switch|p1a: Incineroar|Incineroar, L50, F|100/100\n|-ability|p1a: Incineroar|Intimidate|boost\n|-unboost|p2a: Kommo-o|atk|1\n|-unboost|p2b: Tyranitar|atk|1\n|move|p1b: Dragonite|Hurricane|p2a: Kommo-o|[miss]\n|-miss|p1b: Dragonite|p2a: Kommo-o\n|move|p2a: Kommo-o|Clanging Scales|p1a: Incineroar|[spread] p1a,p1b\n|-supereffective|p1b: Dragonite|1\n|-damage|p1a: Incineroar|59/100\n|-damage|p1b: Dragonite|18/100\n|-unboost|p2a: Kommo-o|def|1\n|move|p2b: Tyranitar|Rock Slide|p1a: Incineroar|[spread] p1a,p1b\n|-supereffective|p1a: Incineroar|1\n|-supereffective|p1b: Dragonite|1\n|-damage|p1a: Incineroar|22/100\n|-damage|p1b: Dragonite|0 fnt\n|faint|p1b: Dragonite\n|\n|-weather|Sandstorm|[upkeep]\n|-damage|p1a: Incineroar|16/100|[from] Sandstorm\n|upkeep\n|j| wagie get in cagie\n|-message|menci forfeited.\n|\n|win|Lycopoky\n|n|\u2606menci|menci\n|n|\u2606Lycopoky|lycopoky\n|n| wagie get in cagie|wagiegetincagie\n|l|\u2606menci\n|player|p1|\n|c|\u2606Lycopoky|ggwp!\n",
  "uploadtime": 1776019035,
  "views": 28,
  "formatid": "gen9championsvgc2026regma",
  "rating": null,
  "private": 0,
  "password": null
}