{
  "id": "gen9championsvgc2026regma-2582761385",
  "format": "[Gen 9 Champions] VGC 2026 Reg M-A",
  "players": [
    "datbishgames",
    "heyitsmegiff"
  ],
  "log": "|j|\u2606datbishgames\n|j|\u2606heyitsmegiff\n|t:|1776112262\n|gametype|doubles\n|player|p1|datbishgames|mira|1251\n|player|p2|heyitsmegiff|hiker-gen4|1206\n|gen|9\n|tier|[Gen 9 Champions] VGC 2026 Reg M-A\n|rated|\n|rule|Species Clause: Limit one of each Pok\u00e9mon\n|rule|Item Clause: Limit 1 of each item\n|clearpoke\n|poke|p1|Charizard, L50, F|\n|poke|p1|Victreebel, L50, F|\n|poke|p1|Golurk, L50|\n|poke|p1|Oranguru, L50, M|\n|poke|p1|Bellibolt, L50, F|\n|poke|p1|Orthworm, L50, F|\n|poke|p2|Tyranitar, L50, F|\n|poke|p2|Steelix, L50, M|\n|poke|p2|Garchomp, L50, F|\n|poke|p2|Sinistcha, L50|\n|poke|p2|Talonflame, L50, M|\n|poke|p2|Gyarados, L50, M|\n|teampreview|4\n|inactive|Battle timer is ON: inactive players will automatically lose when time's up. (requested by datbishgames)\nheyitsmegiff has agreed to open team sheets.\n|inactive|datbishgames has 60 seconds left.\n|inactive|heyitsmegiff has 60 seconds left.\n|\n|t:|1776112310\n|teamsize|p1|4\n|teamsize|p2|4\n|start\n|switch|p1a: Orthworm|Orthworm, L50, F|100/100\n|switch|p1b: Oranguru|Oranguru, L50, M|100/100\n|switch|p2a: Tyranitar|Tyranitar, L50, F|100/100\n|switch|p2b: Talonflame|Talonflame, L50, M|100/100\n|-weather|Sandstorm|[from] ability: Sand Stream|[of] p2a: Tyranitar\n|turn|1\n|inactive|heyitsmegiff has 30 seconds left.\n|\n|t:|1776112336\n|move|p2b: Talonflame|Flare Blitz|p1a: Orthworm\n|-supereffective|p1a: Orthworm|1\n|-damage|p1a: Orthworm|21/100\n|-enditem|p1a: Orthworm|Sitrus Berry|[eat]\n|-heal|p1a: Orthworm|46/100|[from] item: Sitrus Berry\n|-damage|p2b: Talonflame|71/100|[from] Recoil\n|move|p2a: Tyranitar|Knock Off|p1b: Oranguru\n|-supereffective|p1b: Oranguru|1\n|-damage|p1b: Oranguru|14/100\n|-enditem|p1b: Oranguru|Mental Herb|[from] move: Knock Off|[of] p2a: Tyranitar\n|move|p1a: Orthworm|Shed Tail|p1a: Orthworm\n|-fail|p1a: Orthworm|move: Shed Tail|[weak]\n|move|p1b: Oranguru|Trick Room|p1b: Oranguru\n|-fieldstart|move: Trick Room|[of] p1b: Oranguru\n|\n|-weather|Sandstorm|[upkeep]\n|-damage|p1b: Oranguru|8/100|[from] Sandstorm\n|-damage|p2b: Talonflame|65/100|[from] Sandstorm\n|upkeep\n|turn|2\n|inactive|heyitsmegiff has 30 seconds left.\n|inactive|heyitsmegiff has 20 seconds left.\n|inactive|heyitsmegiff has 15 seconds left.\n|\n|t:|1776112376\n|switch|p1b: Golurk|Golurk, L50|100/100\n|move|p2a: Tyranitar|Protect|p2a: Tyranitar\n|-singleturn|p2a: Tyranitar|Protect\n|move|p1a: Orthworm|Body Press|p2a: Tyranitar\n|-activate|p2a: Tyranitar|move: Protect\n|move|p2b: Talonflame|Flare Blitz|p1a: Orthworm\n|-supereffective|p1a: Orthworm|1\n|-damage|p1a: Orthworm|0 fnt\n|faint|p1a: Orthworm\n|-damage|p2b: Talonflame|48/100|[from] Recoil\n|\n|-weather|Sandstorm|[upkeep]\n|-damage|p2b: Talonflame|42/100|[from] Sandstorm\n|upkeep\n|\n|t:|1776112387\n|switch|p1a: Oranguru|Oranguru, L50, M|8/100\n|turn|3\n|inactive|heyitsmegiff has 30 seconds left.\n|inactive|heyitsmegiff has 20 seconds left.\n|\n|t:|1776112425\n|switch|p2a: Gyarados|Gyarados, L50, M|100/100\n|-ability|p2a: Gyarados|Intimidate|boost\n|-unboost|p1a: Oranguru|atk|1\n|-unboost|p1b: Golurk|atk|1\n|detailschange|p1b: Golurk|Golurk-Mega, L50\n|-mega|p1b: Golurk|Golurk|Golurkite\n|move|p2b: Talonflame|Protect|p2b: Talonflame\n|-singleturn|p2b: Talonflame|Protect\n|move|p1b: Golurk|Hammer Arm|p2a: Gyarados\n|-resisted|p2a: Gyarados|1\n|-damage|p2a: Gyarados|87/100\n|-unboost|p1b: Golurk|spe|1\n|move|p1a: Oranguru|Instruct|p1b: Golurk\n|-singleturn|p1b: Golurk|move: Instruct|[of] p1a: Oranguru\n|move|p1b: Golurk|Hammer Arm|p2a: Gyarados\n|-resisted|p2a: Gyarados|1\n|-damage|p2a: Gyarados|74/100\n|-unboost|p1b: Golurk|spe|1\n|\n|-weather|Sandstorm|[upkeep]\n|-damage|p1a: Oranguru|2/100|[from] Sandstorm\n|-damage|p2a: Gyarados|68/100|[from] Sandstorm\n|-damage|p2b: Talonflame|36/100|[from] Sandstorm\n|upkeep\n|turn|4\n|inactive|heyitsmegiff has 30 seconds left.\n|\n|t:|1776112459\n|switch|p1b: Victreebel|Victreebel, L50, F|100/100\n|switch|p2a: Steelix|Steelix, L50, M, shiny|100/100\n|switch|p2b: Tyranitar|Tyranitar, L50, F|100/100\n|move|p1a: Oranguru|Hyper Voice|p2a: Steelix|[spread] p2a,p2b\n|-resisted|p2a: Steelix|1\n|-resisted|p2b: Tyranitar|1\n|-damage|p2a: Steelix|87/100\n|-damage|p2b: Tyranitar|94/100\n|\n|-weather|Sandstorm|[upkeep]\n|-damage|p1a: Oranguru|0 fnt|[from] Sandstorm\n|-damage|p1b: Victreebel|95/100|[from] Sandstorm\n|faint|p1a: Oranguru\n|upkeep\n|\n|t:|1776112468\n|switch|p1a: Golurk|Golurk-Mega, L50|100/100\n|turn|5\n|\n|t:|1776112486\n|switch|p2b: Gyarados|Gyarados, L50, M|68/100\n|-ability|p2b: Gyarados|Intimidate|boost\n|-unboost|p1a: Golurk|atk|1\n|-unboost|p1b: Victreebel|atk|1\n|detailschange|p2a: Steelix|Steelix-Mega, L50, M, shiny\n|-mega|p2a: Steelix|Steelix|Steelixite\n|move|p2a: Steelix|High Horsepower|p1b: Victreebel\n|-damage|p1b: Victreebel|0 fnt\n|faint|p1b: Victreebel\n|move|p1a: Golurk|Hammer Arm|p2b: Gyarados|[miss]\n|-miss|p1a: Golurk|p2b: Gyarados\n|\n|-weather|none\n|-fieldend|move: Trick Room\n|upkeep\n|turn|6\n|-message|datbishgames forfeited.\n|\n|win|heyitsmegiff\n|raw|datbishgames's rating: 1251 &rarr; <strong>1223</strong><br />(-28 for losing)\n|raw|heyitsmegiff's rating: 1206 &rarr; <strong>1234</strong><br />(+28 for winning)\n|l|\u2606datbishgames\n|player|p1|\n",
  "uploadtime": 1776112500,
  "views": 22,
  "formatid": "gen9championsvgc2026regma",
  "rating": 1223,
  "private": 0,
  "password": null
}