{
  "id": "gen9championsvgc2026regma-2584812337",
  "format": "[Gen 9 Champions] VGC 2026 Reg M-A",
  "players": [
    "thewxfr",
    "gasertheegyptain"
  ],
  "log": "|j|\u2606thewxfr\n|j|\u2606gasertheegyptain\n|t:|1776285502\n|gametype|doubles\n|player|p1|thewxfr|1|\n|player|p2|gasertheegyptain|unknown|\n|gen|9\n|tier|[Gen 9 Champions] VGC 2026 Reg M-A\n|rule|Species Clause: Limit one of each Pok\u00e9mon\n|rule|Item Clause: Limit 1 of each item\n|clearpoke\n|poke|p1|Alakazam, L50, M|\n|poke|p1|Gardevoir, L50, F|\n|poke|p1|Toucannon, L50, M|\n|poke|p1|Mudsdale, L50, F|\n|poke|p1|Vivillon, L50, M|\n|poke|p1|Scovillain, L50, F|\n|poke|p2|Charizard, L50, F|\n|poke|p2|Alcremie, L50, F|\n|poke|p2|Basculegion, L50, M|\n|poke|p2|Sinistcha-Masterpiece, L50|\n|poke|p2|Gardevoir, L50, M|\n|poke|p2|Sneasler, L50, F|\n|teampreview|4\n|c|\u2606gasertheegyptain|took you long enough\nthewxfr rejected open team sheets.\n|c|\u2606thewxfr|listen you see the mons i'm using\n|c|\u2606thewxfr|obviously had to think about this one lmaooo\n|c|\u2606gasertheegyptain|yeah yeah dude focus sash rage powder vivllion used it before\n|c|\u2606thewxfr|nope\n|c|\u2606thewxfr|that would be to not know me to think i'd use this\n|c|\u2606thewxfr|it's even the opposite\n|c|\u2606gasertheegyptain|huh\n|c|\u2606thewxfr|>:)\n|\n|t:|1776285586\n|teamsize|p1|4\n|teamsize|p2|4\n|start\n|switch|p1a: Toucannon|Toucannon, L50, M|100/100\n|switch|p1b: Mudsdale|Mudsdale, L50, F|100/100\n|switch|p2a: Sneasler|Sneasler, L50, F|100/100\n|switch|p2b: Charizard|Charizard, L50, F|100/100\n|turn|1\n|c|\u2606thewxfr|you'll see soon enough (if i can even use it)\n|\n|t:|1776285625\n|-singleturn|p1a: Toucannon|move: Beak Blast\n|move|p2a: Sneasler|Fake Out|p1a: Toucannon\n|-damage|p1a: Toucannon|89/100\n|-status|p2a: Sneasler|brn\n|move|p2b: Charizard|Dragon Dance|p2b: Charizard\n|-boost|p2b: Charizard|atk|1\n|-boost|p2b: Charizard|spe|1\n|cant|p1a: Toucannon|flinch\n|move|p1b: Mudsdale|Roar|p2b: Charizard\n|drag|p2b: Basculegion|Basculegion, L50, M|100/100\n|\n|-damage|p2a: Sneasler|95/100 brn|[from] brn\n|upkeep\n|turn|2\n|c|\u2606thewxfr|knew it\n|c|\u2606gasertheegyptain|fuck me\n|\n|t:|1776285651\n|move|p2b: Basculegion|Wave Crash|p1b: Mudsdale\n|-supereffective|p1b: Mudsdale|1\n|-damage|p1b: Mudsdale|0 fnt\n|faint|p1b: Mudsdale\n|-damage|p2b: Basculegion|66/100|[from] Recoil\n|move|p2a: Sneasler|Dire Claw|p1a: Toucannon\n|-crit|p1a: Toucannon\n|-damage|p1a: Toucannon|65/100\n|move|p1a: Toucannon|Rock Blast|p1: Mudsdale|[notarget]\n|-fail|p1a: Toucannon\n|\n|-damage|p2a: Sneasler|89/100 brn|[from] brn\n|upkeep\n|\n|t:|1776285656\n|switch|p1b: Scovillain|Scovillain, L50, F|100/100\n|turn|3\n|\n|t:|1776285665\n|switch|p2b: Charizard|Charizard, L50, F|100/100\n|detailschange|p1b: Scovillain|Scovillain-Mega, L50, F\n|-mega|p1b: Scovillain|Scovillain|Scovillainite\n|-singleturn|p1a: Toucannon|move: Beak Blast\n|move|p1b: Scovillain|Helping Hand|p1a: Toucannon\n|-singleturn|p1a: Toucannon|Helping Hand|[of] p1b: Scovillain\n|move|p2a: Sneasler|Dire Claw|p1b: Scovillain\n|-supereffective|p1b: Scovillain|1\n|-damage|p1b: Scovillain|69/100\n|move|p1a: Toucannon|Beak Blast|p2b: Charizard\n|-damage|p2b: Charizard|0 fnt\n|faint|p2b: Charizard\n|\n|-damage|p2a: Sneasler|83/100 brn|[from] brn\n|upkeep\n|\n|t:|1776285678\n|switch|p2b: Gardevoir|Gardevoir, L50, M|100/100\n|-ability|p2b: Gardevoir|Skill Link|Trace|[from] ability: Trace|[of] p1a: Toucannon\n|turn|4\n|c|\u2606gasertheegyptain|!dt skill link\n|c|\u2606gasertheegyptain|/raw <ul class=\"utilichart\"><li class=\"result\"><span class=\"col namecol\"><a href=\"https://dex.pokemonshowdown.com/abilities/skilllink\">Skill Link</a></span> <span class=\"col abilitydesccol\">This Pokemon's multi-hit attacks always hit the maximum number of times.</span> </li><li style=\"clear:both\"></li></ul>\n|c|\u2606gasertheegyptain|/raw <font size=\"1\"><font color=\"#686868\">Gen:</font> 4</font>\n\n|c|\u2606gasertheegyptain|you bastard\n|c|\u2606gasertheegyptain|i knew it\n|c|\u2606thewxfr|i'm actually using it for Stamina\n|\n|t:|1776285707\n|-singleturn|p1a: Toucannon|move: Beak Blast\n|move|p2b: Gardevoir|Protect|p2b: Gardevoir\n|-singleturn|p2b: Gardevoir|Protect\n|move|p1b: Scovillain|Rage Powder|p1b: Scovillain\n|-singleturn|p1b: Scovillain|move: Rage Powder\n|move|p2a: Sneasler|Dire Claw|p1b: Scovillain\n|-supereffective|p1b: Scovillain|1\n|-damage|p1b: Scovillain|35/100\n|move|p1a: Toucannon|Beak Blast|p2b: Gardevoir\n|-activate|p2b: Gardevoir|move: Protect\n|\n|-damage|p2a: Sneasler|78/100 brn|[from] brn\n|upkeep\n|turn|5\n|c|\u2606thewxfr|but its not the strat i wanted to show lol\n|\n|t:|1776285719\n|switch|p2b: Basculegion|Basculegion, L50, M|66/100\n|-singleturn|p1a: Toucannon|move: Beak Blast\n|move|p1b: Scovillain|Helping Hand|p1a: Toucannon\n|-singleturn|p1a: Toucannon|Helping Hand|[of] p1b: Scovillain\n|move|p2a: Sneasler|Dire Claw|p1b: Scovillain\n|-supereffective|p1b: Scovillain|1\n|-damage|p1b: Scovillain|0 fnt\n|faint|p1b: Scovillain\n|move|p1a: Toucannon|Beak Blast|p2b: Basculegion\n|-damage|p2b: Basculegion|0 fnt\n|faint|p2b: Basculegion\n|\n|-damage|p2a: Sneasler|72/100 brn|[from] brn\n|upkeep\n|\n|t:|1776285731\n|switch|p2b: Gardevoir|Gardevoir, L50, M|100/100\n|switch|p1b: Vivillon|Vivillon, L50, M|100/100\n|-ability|p2b: Gardevoir|Friend Guard|Trace|[from] ability: Trace|[of] p1b: Vivillon\n|turn|6\n|\n|t:|1776285744\n|detailschange|p2b: Gardevoir|Gardevoir-Mega, L50, M\n|-mega|p2b: Gardevoir|Gardevoir|Gardevoirite\n|-singleturn|p1a: Toucannon|move: Beak Blast\n|move|p2a: Sneasler|Dire Claw|p1a: Toucannon\n|-damage|p1a: Toucannon|53/100\n|move|p2b: Gardevoir|Hyper Voice|p1a: Toucannon|[spread] p1a,p1b\n|-damage|p1a: Toucannon|6/100\n|-damage|p1b: Vivillon|12/100\n|-enditem|p1a: Toucannon|Sitrus Berry|[eat]\n|-heal|p1a: Toucannon|30/100|[from] item: Sitrus Berry\n|move|p1b: Vivillon|Pollen Puff|p1a: Toucannon\n|-heal|p1a: Toucannon|80/100\n|move|p1a: Toucannon|Beak Blast|p2b: Gardevoir\n|-crit|p2b: Gardevoir\n|-damage|p2b: Gardevoir|0 fnt\n|faint|p2b: Gardevoir\n|\n|-damage|p2a: Sneasler|66/100 brn|[from] brn\n|upkeep\n|turn|7\n|c|\u2606thewxfr|now\n|c|\u2606thewxfr|die\n|\n|t:|1776285764\n|-singleturn|p1a: Toucannon|move: Beak Blast\n|move|p2a: Sneasler|Protect|p2a: Sneasler\n|-singleturn|p2a: Sneasler|Protect\n|move|p1b: Vivillon|Air Cutter|p2a: Sneasler\n|-activate|p2a: Sneasler|move: Protect\n|move|p1a: Toucannon|Beak Blast|p2a: Sneasler\n|-activate|p2a: Sneasler|move: Protect\n|\n|-damage|p2a: Sneasler|60/100 brn|[from] brn\n|upkeep\n|turn|8\n|c|\u2606thewxfr|:D\n|\n|t:|1776285774\n|-singleturn|p1a: Toucannon|move: Beak Blast\n|move|p2a: Sneasler|Dire Claw|p1b: Vivillon\n|-damage|p1b: Vivillon|0 fnt\n|faint|p1b: Vivillon\n|move|p1a: Toucannon|Beak Blast|p2a: Sneasler\n|-supereffective|p2a: Sneasler|1\n|-damage|p2a: Sneasler|0 fnt\n|faint|p2a: Sneasler\n|\n|win|thewxfr\n|c|\u2606thewxfr|still not my strat but\n|c|\u2606thewxfr|it works lmfaooo\n|c|\u2606gasertheegyptain|fuck\n|c|\u2606gasertheegyptain|dang gg ig\n|c|\u2606thewxfr|insane i won with those mons\n|c|\u2606gasertheegyptain|thats insane\n",
  "uploadtime": 1776285793,
  "views": 18,
  "formatid": "gen9championsvgc2026regma",
  "rating": null,
  "private": 0,
  "password": null
}