{
  "id": "gen9championsvgc2026regma-2584854531",
  "format": "[Gen 9 Champions] VGC 2026 Reg M-A",
  "players": [
    "Fredbear&Memes",
    "Nerazzurro"
  ],
  "log": "|j|\u2606Fredbear&Memes\n|j|\u2606Nerazzurro\n|t:|1776288903\n|gametype|doubles\n|player|p1|Fredbear&Memes|corbeau|1111\n|player|p2|Nerazzurro|cyrus|1012\n|gen|9\n|tier|[Gen 9 Champions] VGC 2026 Reg M-A\n|rated|\n|rule|Species Clause: Limit one of each Pok\u00e9mon\n|rule|Item Clause: Limit 1 of each item\n|clearpoke\n|poke|p1|Meganium, L50, M|\n|poke|p1|Dragapult, L50, M|\n|poke|p1|Zoroark-Hisui, L50, M|\n|poke|p1|Kingambit, L50, M|\n|poke|p1|Aerodactyl, L50, M|\n|poke|p1|Sneasler, L50, F|\n|poke|p2|Sneasler, L50, M|\n|poke|p2|Tyranitar, L50, F|\n|poke|p2|Rotom-Wash, L50|\n|poke|p2|Excadrill, L50, M|\n|poke|p2|Dragapult, L50, M|\n|poke|p2|Meganium, L50, F|\n|teampreview|4\n|inactive|Battle timer is ON: inactive players will automatically lose when time's up. (requested by Nerazzurro)\n|inactive|Fredbear&Memes has 60 seconds left.\n|\n|t:|1776288936\n|teamsize|p1|4\n|teamsize|p2|4\n|start\n|switch|p1a: Aerodactyl|Aerodactyl, L50, M|100/100\n|switch|p1b: Sneasler|Sneasler, L50, F|100/100\n|switch|p2a: Sneasler|Sneasler, L50, M|100/100\n|switch|p2b: Rotom|Rotom-Wash, L50|100/100\n|-ability|p1a: Aerodactyl|Unnerve\n|turn|1\n|\n|t:|1776288959\n|move|p2a: Sneasler|Protect|p2a: Sneasler\n|-singleturn|p2a: Sneasler|Protect\n|move|p1b: Sneasler|Fake Out|p2b: Rotom\n|-damage|p2b: Rotom|87/100\n|move|p1a: Aerodactyl|Tailwind|p1a: Aerodactyl\n|-sidestart|p1: Fredbear&Memes|move: Tailwind\n|cant|p2b: Rotom|flinch\n|\n|upkeep\n|turn|2\n|\n|t:|1776288977\n|switch|p2a: Excadrill|Excadrill, L50, M|100/100\n|move|p1a: Aerodactyl|Dual Wingbeat|p2a: Excadrill\n|-resisted|p2a: Excadrill|1\n|-damage|p2a: Excadrill|88/100\n|-resisted|p2a: Excadrill|1\n|-damage|p2a: Excadrill|75/100\n|-hitcount|p2a: Excadrill|2\n|move|p1b: Sneasler|Dire Claw|p2b: Rotom\n|-damage|p2b: Rotom|48/100\n|move|p2b: Rotom|Thunderbolt|p1a: Aerodactyl\n|-supereffective|p1a: Aerodactyl|1\n|-damage|p1a: Aerodactyl|5/100\n|\n|upkeep\n|turn|3\n|inactive|Fredbear&Memes has 30 seconds left.\n|\n|t:|1776289003\n|move|p2a: Excadrill|Protect|p2a: Excadrill\n|-singleturn|p2a: Excadrill|Protect\n|move|p1a: Aerodactyl|Rock Slide|p2b: Rotom|[spread] p2b\n|-activate|p2a: Excadrill|move: Protect\n|-damage|p2b: Rotom|23/100\n|move|p1b: Sneasler|Close Combat|p2a: Excadrill\n|-activate|p2a: Excadrill|move: Protect\n|move|p2b: Rotom|Thunderbolt|p1a: Aerodactyl\n|-supereffective|p1a: Aerodactyl|1\n|-damage|p1a: Aerodactyl|0 fnt\n|-enditem|p2b: Rotom|Sitrus Berry|[eat]\n|-heal|p2b: Rotom|48/100|[from] item: Sitrus Berry\n|faint|p1a: Aerodactyl\n|\n|upkeep\n|\n|t:|1776289017\n|switch|p1a: Meganium|Meganium, L50, M|100/100\n|turn|4\n|\n|t:|1776289030\n|switch|p2a: Sneasler|Sneasler, L50, M|100/100\n|detailschange|p1a: Meganium|Meganium-Mega, L50, M\n|-mega|p1a: Meganium|Meganium|Meganiumite\n|move|p1b: Sneasler|Close Combat|p2b: Rotom\n|-damage|p2b: Rotom|0 fnt\n|-unboost|p1b: Sneasler|def|1\n|-unboost|p1b: Sneasler|spd|1\n|faint|p2b: Rotom\n|-enditem|p1b: Sneasler|White Herb\n|-clearnegativeboost|p1b: Sneasler|[silent]\n|move|p1a: Meganium|Weather Ball|p2a: Sneasler\n|-damage|p2a: Sneasler|15/100\n|\n|-sideend|p1: Fredbear&Memes|move: Tailwind\n|upkeep\n|inactive|Nerazzurro has 30 seconds left.\n|\n|t:|1776289056\n|switch|p2b: Excadrill|Excadrill, L50, M|75/100\n|turn|5\n|\n|t:|1776289080\n|move|p2a: Sneasler|Fake Out|p1b: Sneasler\n|-damage|p1b: Sneasler|74/100\n|cant|p1b: Sneasler|flinch\n|move|p2b: Excadrill|Iron Head|p1a: Meganium\n|-supereffective|p1a: Meganium|1\n|-crit|p1a: Meganium\n|-damage|p1a: Meganium|0 fnt\n|faint|p1a: Meganium\n|\n|upkeep\n|\n|t:|1776289089\n|switch|p1a: Kingambit|Kingambit, L50, M, shiny|100/100\n|turn|6\n|\n|t:|1776289110\n|switch|p2a: Tyranitar|Tyranitar, L50, F|100/100\n|-weather|Sandstorm|[from] ability: Sand Stream|[of] p2a: Tyranitar\n|move|p2b: Excadrill|Protect|p2b: Excadrill\n|-singleturn|p2b: Excadrill|Protect\n|move|p1a: Kingambit|Protect|p1a: Kingambit\n|-singleturn|p1a: Kingambit|Protect\n|move|p1b: Sneasler|Close Combat|p2a: Tyranitar\n|-supereffective|p2a: Tyranitar|2\n|-damage|p2a: Tyranitar|0 fnt\n|-unboost|p1b: Sneasler|def|1\n|-unboost|p1b: Sneasler|spd|1\n|faint|p2a: Tyranitar\n|\n|-weather|Sandstorm|[upkeep]\n|-damage|p1b: Sneasler|68/100|[from] Sandstorm\n|upkeep\n|\n|t:|1776289124\n|switch|p2a: Sneasler|Sneasler, L50, M|15/100\n|turn|7\n|inactive|Fredbear&Memes has 30 seconds left.\n|inactive|Fredbear&Memes has 20 seconds left.\n|inactive|Fredbear&Memes has 15 seconds left.\n|inactive|Fredbear&Memes has 10 seconds left.\n|\n|t:|1776289173\n|move|p1b: Sneasler|Protect|p1b: Sneasler\n|-singleturn|p1b: Sneasler|Protect\n|move|p2a: Sneasler|Fake Out|p1b: Sneasler\n|-activate|p1b: Sneasler|move: Protect\n|move|p1a: Kingambit|Sucker Punch|p2b: Excadrill\n|-crit|p2b: Excadrill\n|-damage|p2b: Excadrill|0 fnt\n|faint|p2b: Excadrill\n|\n|-weather|Sandstorm|[upkeep]\n|-damage|p1b: Sneasler|62/100|[from] Sandstorm\n|-damage|p2a: Sneasler|10/100|[from] Sandstorm\n|upkeep\n|turn|8\n|-message|Nerazzurro forfeited.\n|\n|win|Fredbear&Memes\n|raw|Fredbear&amp;Memes's rating: 1111 &rarr; <strong>1129</strong><br />(+18 for winning)\n|raw|Nerazzurro's rating: 1012 &rarr; <strong>1003</strong><br />(-9 for losing)\n|l|\u2606Nerazzurro\n|player|p2|\n",
  "uploadtime": 1776289188,
  "views": 23,
  "formatid": "gen9championsvgc2026regma",
  "rating": 1003,
  "private": 0,
  "password": null
}