{
  "id": "gen9championsvgc2026regma-2584043857",
  "format": "[Gen 9 Champions] VGC 2026 Reg M-A",
  "players": [
    "yukideee",
    "skarovgc"
  ],
  "log": "|j|\u2606yukideee\n|j|\u2606skarovgc\n|t:|1776219594\n|gametype|doubles\n|player|p1|yukideee|cynthia-masters4|1000\n|player|p2|skarovgc|170|1000\n|gen|9\n|tier|[Gen 9 Champions] VGC 2026 Reg M-A\n|rated|\n|rule|Species Clause: Limit one of each Pok\u00e9mon\n|rule|Item Clause: Limit 1 of each item\n|clearpoke\n|poke|p1|Sinistcha-Masterpiece, L50|\n|poke|p1|Pelipper, L50, F|\n|poke|p1|Basculegion, L50, M|\n|poke|p1|Scizor, L50, F|\n|poke|p1|Alakazam, L50, M|\n|poke|p1|Drampa, L50, M|\n|poke|p2|Gardevoir, L50, F|\n|poke|p2|Garchomp, L50, F|\n|poke|p2|Sinistcha, L50|\n|poke|p2|Incineroar, L50, F|\n|poke|p2|Basculegion, L50, M|\n|poke|p2|Aerodactyl, L50, M|\n|teampreview|4\n|inactive|Battle timer is ON: inactive players will automatically lose when time's up. (requested by yukideee)\nyukideee rejected open team sheets.\n|inactive|skarovgc has 60 seconds left.\n|\n|t:|1776219657\n|teamsize|p1|4\n|teamsize|p2|4\n|start\n|switch|p1a: Alakazam|Alakazam, L50, M|100/100\n|switch|p1b: Drampa|Drampa, L50, M|100/100\n|switch|p2a: Garchomp|Garchomp, L50, F|100/100\n|switch|p2b: Sinistcha|Sinistcha, L50|100/100\n|-ability|p1b: Drampa|Cloud Nine\n|turn|1\n|inactive|yukideee has 30 seconds left.\n|inactive|skarovgc has 30 seconds left.\n|\n|t:|1776219689\n|move|p1b: Drampa|Protect|p1b: Drampa\n|-singleturn|p1b: Drampa|Protect\n|move|p2b: Sinistcha|Rage Powder|p2b: Sinistcha\n|-singleturn|p2b: Sinistcha|move: Rage Powder\n|move|p1a: Alakazam|Reflect|p1a: Alakazam\n|-sidestart|p1: yukideee|Reflect\n|move|p2a: Garchomp|Dragon Claw|p1b: Drampa\n|-activate|p1b: Drampa|move: Protect\n|\n|upkeep\n|turn|2\n|inactive|skarovgc has 30 seconds left.\n|inactive|skarovgc has 20 seconds left.\n|inactive|skarovgc has 15 seconds left.\n|\n|t:|1776219733\n|switch|p2b: Gardevoir|Gardevoir, L50, F|100/100\n|switch|p1b: Pelipper|Pelipper, L50, F|100/100\n|-weather|RainDance|[from] ability: Drizzle|[of] p1b: Pelipper\n|move|p1a: Alakazam|Light Screen|p1a: Alakazam\n|-sidestart|p1: yukideee|move: Light Screen\n|move|p2a: Garchomp|Earthquake|p1a: Alakazam|[spread] p1a\n|-activate|p2b: Gardevoir|ability: Telepathy\n|-immune|p1b: Pelipper\n|-damage|p1a: Alakazam|31/100\n|\n|-weather|RainDance|[upkeep]\n|upkeep\n|turn|3\n|inactive|yukideee has 30 seconds left.\n|inactive|skarovgc has 30 seconds left.\n|\n|t:|1776219765\n|switch|p1a: Basculegion|Basculegion, L50, M|100/100\n|detailschange|p2b: Gardevoir|Gardevoir-Mega, L50, F\n|-mega|p2b: Gardevoir|Gardevoir|Gardevoirite\n|move|p2a: Garchomp|Rock Slide|p1a: Basculegion|[spread] p1a,p1b\n|-supereffective|p1b: Pelipper|1\n|-damage|p1a: Basculegion|85/100\n|-damage|p1b: Pelipper|76/100\n|move|p2b: Gardevoir|Calm Mind|p2b: Gardevoir\n|-boost|p2b: Gardevoir|spa|1\n|-boost|p2b: Gardevoir|spd|1\n|cant|p1b: Pelipper|flinch\n|\n|-weather|RainDance|[upkeep]\n|upkeep\n|turn|4\n|inactive|yukideee has 30 seconds left.\n|inactive|skarovgc has 30 seconds left.\n|inactive|yukideee has 20 seconds left.\n|\n|t:|1776219800\n|switch|p2a: Sinistcha|Sinistcha, L50|100/100\n|move|p1a: Basculegion|Wave Crash|p2b: Gardevoir\n|-damage|p2b: Gardevoir|0 fnt\n|faint|p2b: Gardevoir\n|-damage|p1a: Basculegion|61/100|[from] Recoil\n|move|p1b: Pelipper|Weather Ball|p2a: Sinistcha\n|-resisted|p2a: Sinistcha|1\n|-damage|p2a: Sinistcha|68/100\n|\n|-weather|RainDance|[upkeep]\n|-heal|p2a: Sinistcha|74/100|[from] item: Leftovers\n|upkeep\n|\n|t:|1776219819\n|switch|p2b: Basculegion|Basculegion, L50, M|100/100\n|turn|5\n|\n|t:|1776219827\n|move|p1a: Basculegion|Protect|p1a: Basculegion\n|-singleturn|p1a: Basculegion|Protect\n|move|p2a: Sinistcha|Rage Powder|p2a: Sinistcha\n|-singleturn|p2a: Sinistcha|move: Rage Powder\n|move|p2b: Basculegion|Last Respects|p1a: Basculegion\n|-activate|p1a: Basculegion|move: Protect\n|move|p1b: Pelipper|Tailwind|p1b: Pelipper\n|-sidestart|p1: yukideee|move: Tailwind\n|\n|-weather|RainDance|[upkeep]\n|-heal|p2a: Sinistcha|80/100|[from] item: Leftovers\n|-sideend|p1: yukideee|Reflect\n|upkeep\n|turn|6\n|\n|t:|1776219843\n|move|p2b: Basculegion|Protect|p2b: Basculegion\n|-singleturn|p2b: Basculegion|Protect\n|move|p1a: Basculegion|Last Respects|p2b: Basculegion\n|-activate|p2b: Basculegion|move: Protect\n|move|p1b: Pelipper|Hurricane|p2a: Sinistcha\n|-supereffective|p2a: Sinistcha|1\n|-crit|p2a: Sinistcha\n|-damage|p2a: Sinistcha|0 fnt\n|faint|p2a: Sinistcha\n|\n|-weather|none\n|-sideend|p1: yukideee|move: Light Screen\n|upkeep\n|\n|t:|1776219856\n|switch|p2a: Garchomp|Garchomp, L50, F|100/100\n|turn|7\n|\n|t:|1776219869\n|switch|p1b: Alakazam|Alakazam, L50, M|31/100\n|move|p1a: Basculegion|Last Respects|p2b: Basculegion\n|-supereffective|p2b: Basculegion|1\n|-damage|p2b: Basculegion|37/100\n|move|p2a: Garchomp|Rock Slide|p1b: Alakazam|[spread] p1a,p1b\n|-damage|p1a: Basculegion|36/100\n|-damage|p1b: Alakazam|0 fnt\n|faint|p1b: Alakazam\n|move|p2b: Basculegion|Last Respects|p1a: Basculegion\n|-supereffective|p1a: Basculegion|1\n|-damage|p1a: Basculegion|0 fnt\n|faint|p1a: Basculegion\n|\n|upkeep\n|\n|t:|1776219878\n|switch|p1b: Pelipper|Pelipper, L50, F|76/100\n|switch|p1a: Drampa|Drampa, L50, M|100/100\n|-weather|RainDance|[from] ability: Drizzle|[of] p1b: Pelipper\n|-ability|p1a: Drampa|Cloud Nine\n|turn|8\n|inactive|skarovgc has 30 seconds left.\n|\n|t:|1776219906\n|detailschange|p1a: Drampa|Drampa-Mega, L50, M\n|-mega|p1a: Drampa|Drampa|Drampanite\n|move|p1b: Pelipper|Hurricane|p2a: Garchomp\n|-damage|p2a: Garchomp|58/100\n|-start|p2a: Garchomp|confusion\n|-activate|p2a: Garchomp|confusion\n|-damage|p2a: Garchomp|43/100|[from] confusion\n|move|p2b: Basculegion|Wave Crash|p1a: Drampa\n|-resisted|p1a: Drampa|1\n|-damage|p1a: Drampa|33/100\n|-damage|p2b: Basculegion|19/100|[from] Recoil\n|-ability|p1a: Drampa|Berserk|boost\n|-boost|p1a: Drampa|spa|1\n|move|p1a: Drampa|Earth Power|p2a: Garchomp\n|-damage|p2a: Garchomp|0 fnt\n|faint|p2a: Garchomp\n|\n|-weather|RainDance|[upkeep]\n|-sideend|p1: yukideee|move: Tailwind\n|upkeep\n|turn|9\n|inactive|skarovgc has 30 seconds left.\n|\n|t:|1776219931\n|move|p1a: Drampa|Protect|p1a: Drampa\n|-singleturn|p1a: Drampa|Protect\n|move|p2b: Basculegion|Wave Crash|p1a: Drampa\n|-activate|p1a: Drampa|move: Protect\n|move|p1b: Pelipper|Hurricane|p2b: Basculegion\n|-damage|p2b: Basculegion|0 fnt\n|faint|p2b: Basculegion\n|\n|win|yukideee\n|raw|yukideee's rating: 1000 &rarr; <strong>1040</strong><br />(+40 for winning)\n|raw|skarovgc's rating: 1000 &rarr; <strong>1000</strong><br />(+0 for losing)\n",
  "uploadtime": 1776219932,
  "views": 17,
  "formatid": "gen9championsvgc2026regma",
  "rating": 1000,
  "private": 0,
  "password": null
}