{
  "id": "gen9championsvgc2026regma-2588629062",
  "format": "[Gen 9 Champions] VGC 2026 Reg M-A",
  "players": [
    "Tiguh",
    "alkdfe"
  ],
  "log": "|j|\u2606Tiguh\n|j|\u2606alkdfe\n|t:|1776651702\n|gametype|doubles\n|player|p1|Tiguh|266|1142\n|player|p2|alkdfe|elesa|1189\n|gen|9\n|tier|[Gen 9 Champions] VGC 2026 Reg M-A\n|rated|\n|rule|Species Clause: Limit one of each Pok\u00e9mon\n|rule|Item Clause: Limit 1 of each item\n|clearpoke\n|poke|p1|Charizard, L50, M|\n|poke|p1|Scizor, L50, M|\n|poke|p1|Sneasler, L50, F|\n|poke|p1|Incineroar, L50, F|\n|poke|p1|Sinistcha, L50|\n|poke|p1|Milotic, L50, F|\n|poke|p2|Tyranitar, L50, F|\n|poke|p2|Excadrill, L50, M|\n|poke|p2|Corviknight, L50, F|\n|poke|p2|Meganium, L50, M|\n|poke|p2|Sneasler, L50, M|\n|poke|p2|Kingambit, L50, M|\n|teampreview|4\n|inactive|Battle timer is ON: inactive players will automatically lose when time's up. (requested by alkdfe)\n|inactive|alkdfe has 60 seconds left.\n|\n|t:|1776651747\n|teamsize|p1|4\n|teamsize|p2|4\n|start\n|switch|p1a: Charizard|Charizard, L50, M|100/100\n|switch|p1b: Sneasler|Sneasler, L50, F|100/100\n|switch|p2a: Kingambit|Kingambit, L50, M|100/100\n|switch|p2b: Tyranitar|Tyranitar, L50, F|100/100\n|-weather|Sandstorm|[from] ability: Sand Stream|[of] p2b: Tyranitar\n|turn|1\n|inactive|Tiguh has 30 seconds left.\n|\n|t:|1776651773\n|detailschange|p1a: Charizard|Charizard-Mega-X, L50, M\n|-mega|p1a: Charizard|Charizard|Charizardite X\n|move|p2a: Kingambit|Protect|p2a: Kingambit\n|-singleturn|p2a: Kingambit|Protect\n|move|p2b: Tyranitar|Rock Slide|p1b: Sneasler|[spread] p1a,p1b\n|-supereffective|p1a: Charizard|1\n|-resisted|p1b: Sneasler|1\n|-damage|p1a: Charizard|38/100\n|-damage|p1b: Sneasler|77/100\n|move|p1b: Sneasler|Close Combat|p2b: Tyranitar\n|-supereffective|p2b: Tyranitar|2\n|-damage|p2b: Tyranitar|0 fnt\n|-unboost|p1b: Sneasler|def|1\n|-unboost|p1b: Sneasler|spd|1\n|faint|p2b: Tyranitar\n|move|p1a: Charizard|Dragon Dance|p1a: Charizard\n|-boost|p1a: Charizard|atk|1\n|-boost|p1a: Charizard|spe|1\n|\n|-weather|Sandstorm|[upkeep]\n|-damage|p1a: Charizard|32/100|[from] Sandstorm\n|-damage|p1b: Sneasler|71/100|[from] Sandstorm\n|upkeep\n|\n|t:|1776651792\n|switch|p2b: Corviknight|Corviknight, L50, F|100/100\n|turn|2\n|\n|t:|1776651802\n|move|p2a: Kingambit|Sucker Punch|p1a: Charizard\n|-damage|p1a: Charizard|0 fnt\n|faint|p1a: Charizard\n|move|p1b: Sneasler|Close Combat|p2a: Kingambit\n|-supereffective|p2a: Kingambit|2\n|-damage|p2a: Kingambit|0 fnt\n|-unboost|p1b: Sneasler|def|1\n|-unboost|p1b: Sneasler|spd|1\n|faint|p2a: Kingambit\n|move|p2b: Corviknight|Brave Bird|p1b: Sneasler\n|-supereffective|p1b: Sneasler|1\n|-damage|p1b: Sneasler|0 fnt\n|faint|p1b: Sneasler\n|-damage|p2b: Corviknight|83/100|[from] Recoil\n|\n|-weather|Sandstorm|[upkeep]\n|-heal|p2b: Corviknight|89/100|[from] item: Leftovers\n|upkeep\n|\n|t:|1776651819\n|switch|p1b: Sinistcha|Sinistcha, L50|100/100\n|switch|p1a: Incineroar|Incineroar, L50, F|100/100\n|switch|p2a: Meganium|Meganium, L50, M|100/100\n|-ability|p1a: Incineroar|Intimidate|boost\n|-unboost|p2a: Meganium|atk|1\n|-ability|p2b: Corviknight|Mirror Armor\n|-unboost|p1a: Incineroar|atk|1\n|turn|3\n|\n|t:|1776651843\n|detailschange|p2a: Meganium|Meganium-Mega, L50, M\n|-mega|p2a: Meganium|Meganium|Meganiumite\n|move|p2a: Meganium|Protect|p2a: Meganium\n|-singleturn|p2a: Meganium|Protect\n|move|p1a: Incineroar|Fake Out|p2a: Meganium\n|-activate|p2a: Meganium|move: Protect\n|move|p2b: Corviknight|Tailwind|p2b: Corviknight\n|-sidestart|p2: alkdfe|move: Tailwind\n|move|p1b: Sinistcha|Matcha Gotcha|p2b: Corviknight|[spread] p2b\n|-activate|p2a: Meganium|move: Protect\n|-resisted|p2b: Corviknight|2\n|-damage|p2b: Corviknight|82/100\n|\n|-weather|Sandstorm|[upkeep]\n|-damage|p2a: Meganium|95/100|[from] Sandstorm\n|-damage|p1a: Incineroar|94/100|[from] Sandstorm\n|-damage|p1b: Sinistcha|94/100|[from] Sandstorm\n|-heal|p2b: Corviknight|88/100|[from] item: Leftovers\n|upkeep\n|turn|4\n|\n|t:|1776651866\n|move|p2a: Meganium|Dazzling Gleam|p1a: Incineroar|[spread] p1a,p1b\n|-damage|p1a: Incineroar|65/100\n|-damage|p1b: Sinistcha|60/100\n|move|p2b: Corviknight|Brave Bird|p1a: Incineroar\n|-damage|p1a: Incineroar|32/100\n|-damage|p2b: Corviknight|78/100|[from] Recoil\n|move|p1a: Incineroar|Flare Blitz|p2a: Meganium\n|-supereffective|p2a: Meganium|1\n|-damage|p2a: Meganium|37/100\n|-damage|p1a: Incineroar|14/100|[from] Recoil\n|move|p1b: Sinistcha|Trick Room|p1b: Sinistcha\n|-fieldstart|move: Trick Room|[of] p1b: Sinistcha\n|\n|-weather|Sandstorm|[upkeep]\n|-damage|p1b: Sinistcha|54/100|[from] Sandstorm\n|-damage|p1a: Incineroar|8/100|[from] Sandstorm\n|-damage|p2a: Meganium|31/100|[from] Sandstorm\n|-heal|p2b: Corviknight|83/100|[from] item: Leftovers\n|upkeep\n|turn|5\n|\n|t:|1776651887\n|move|p2a: Meganium|Protect|p2a: Meganium\n|-singleturn|p2a: Meganium|Protect\n|move|p1b: Sinistcha|Matcha Gotcha|p2a: Meganium|[spread] \n|-activate|p2a: Meganium|move: Protect\n|-miss|p1b: Sinistcha|p2b: Corviknight\n|move|p1a: Incineroar|Flare Blitz|p2b: Corviknight\n|-supereffective|p2b: Corviknight|1\n|-damage|p2b: Corviknight|41/100\n|-damage|p1a: Incineroar|0 fnt|[from] Recoil\n|faint|p1a: Incineroar\n|move|p2b: Corviknight|Bulk Up|p2b: Corviknight\n|-boost|p2b: Corviknight|atk|1\n|-boost|p2b: Corviknight|def|1\n|\n|-weather|none\n|-heal|p2b: Corviknight|47/100|[from] item: Leftovers\n|upkeep\n|turn|6\n|-message|Tiguh forfeited.\n|\n|win|alkdfe\n|raw|Tiguh's rating: 1142 &rarr; <strong>1120</strong><br />(-22 for losing)\n|raw|alkdfe's rating: 1189 &rarr; <strong>1211</strong><br />(+22 for winning)\n|l|\u2606Tiguh\n|player|p1|\n",
  "uploadtime": 1776651906,
  "views": 4,
  "formatid": "gen9championsvgc2026regma",
  "rating": 1120,
  "private": 0,
  "password": null
}