{
  "id": "gen9championsvgc2026regma-2588502580",
  "format": "[Gen 9 Champions] VGC 2026 Reg M-A",
  "players": [
    "LordHelixDisciple",
    "CappyCappy"
  ],
  "log": "|j|\u2606LordHelixDisciple\n|j|\u2606CappyCappy\n|t:|1776639397\n|gametype|doubles\n|player|p1|LordHelixDisciple|2|\n|player|p2|CappyCappy|miku-fairy|\n|gen|9\n|tier|[Gen 9 Champions] VGC 2026 Reg M-A\n|rule|Species Clause: Limit one of each Pok\u00e9mon\n|rule|Item Clause: Limit 1 of each item\n|clearpoke\n|poke|p1|Torkoal, L50, F|\n|poke|p1|Oranguru, L50, M|\n|poke|p1|Whimsicott, L50, M|\n|poke|p1|Camerupt, L50, M|\n|poke|p1|Incineroar, L50, F|\n|poke|p1|Vaporeon, L50, M|\n|poke|p2|Sneasler, L50, M|\n|poke|p2|Incineroar, L50, M|\n|poke|p2|Kingambit, L50, M|\n|poke|p2|Aerodactyl, L50, M|\n|poke|p2|Floette-Eternal, L50, F|\n|poke|p2|Delphox, L50, F|\n|teampreview|4\n|inactive|Battle timer is ON: inactive players will automatically lose when time's up. (requested by LordHelixDisciple)\n|c|\u2606LordHelixDisciple|mega floette :sob:\n|inactive|LordHelixDisciple has 60 seconds left.\n|inactive|CappyCappy has 60 seconds left.\nCappyCappy has agreed to open team sheets.\nLordHelixDisciple has agreed to open team sheets.\n|showteam|p1|Torkoal||Charcoal|Drought|Eruption,Flamethrower,Protect,SolarBeam|||F|||50|]Oranguru||Leftovers|InnerFocus|Instruct,TrickRoom,Protect,Psychic|||M|||50|]Whimsicott||FocusSash|Prankster|Encore,Tailwind,SunnyDay,Moonblast|||M|||50|]Camerupt||Cameruptite|SolidRock|EarthPower,Eruption,HeatWave,Protect|||M|||50|]Incineroar||SitrusBerry|Intimidate|DarkestLariat,FakeOut,PartingShot,FlareBlitz|||F|||50|]Vaporeon||RindoBerry|WaterAbsorb|Protect,Scald,IceBeam,Wish|||M|||50|\n|showteam|p2|Sneasler||WhiteHerb|Unburden|DireClaw,CloseCombat,FakeOut,Protect|||M|||50|]Incineroar||SitrusBerry|Intimidate|FakeOut,FlareBlitz,DarkestLariat,PartingShot|||M|||50|]Kingambit||ChopleBerry|Defiant|IronHead,KowtowCleave,SuckerPunch,Protect|||M|||50|]Aerodactyl||FocusSash|RockHead|DualWingbeat,RockSlide,Tailwind,Protect|||M|||50|]Floette-Eternal||Floettite|FlowerVeil|Moonblast,DazzlingGleam,CalmMind,Protect|||F|||50|]Delphox||Delphoxite|Blaze|Psychic,HeatWave,FocusBlast,Protect|||F|||50|\n|c|\u2606CappyCappy|not into fire :) dw\n|inactive|LordHelixDisciple has 30 seconds left.\n|inactive|LordHelixDisciple has 20 seconds left.\n|inactive|LordHelixDisciple has 15 seconds left.\n|\n|t:|1776639474\n|teamsize|p1|4\n|teamsize|p2|4\n|start\n|switch|p1a: Oranguru|Oranguru, L50, M|100/100\n|switch|p1b: Incineroar|Incineroar, L50, F|100/100\n|switch|p2a: Incineroar|Incineroar, L50, M|100/100\n|switch|p2b: Kingambit|Kingambit, L50, M|100/100\n|-ability|p1b: Incineroar|Intimidate|boost\n|-unboost|p2a: Incineroar|atk|1\n|-unboost|p2b: Kingambit|atk|1\n|-ability|p2b: Kingambit|Defiant|boost\n|-boost|p2b: Kingambit|atk|2\n|-ability|p2a: Incineroar|Intimidate|boost\n|-fail|p1a: Oranguru|unboost|Attack|[from] ability: Inner Focus|[of] p1a: Oranguru\n|-unboost|p1b: Incineroar|atk|1\n|turn|1\n|\n|t:|1776639486\n|move|p1b: Incineroar|Fake Out|p2b: Kingambit\n|-resisted|p2b: Kingambit|1\n|-damage|p2b: Kingambit|98/100\n|move|p2a: Incineroar|Fake Out|p1a: Oranguru\n|-damage|p1a: Oranguru|94/100\n|cant|p2b: Kingambit|flinch\n|move|p1a: Oranguru|Trick Room|p1a: Oranguru\n|-fieldstart|move: Trick Room|[of] p1a: Oranguru\n|\n|-heal|p1a: Oranguru|99/100|[from] item: Leftovers\n|upkeep\n|turn|2\n|c|\u2606LordHelixDisciple|!dt inner focus\n|c|\u2606LordHelixDisciple|/raw <ul class=\"utilichart\"><li class=\"result\"><span class=\"col namecol\"><a href=\"https://dex.pokemonshowdown.com/abilities/innerfocus\">Inner Focus</a></span> <span class=\"col abilitydesccol\">This Pokemon cannot be made to flinch. Immune to Intimidate.</span> </li><li style=\"clear:both\"></li></ul>\n|c|\u2606LordHelixDisciple|/raw <font size=\"1\"><font color=\"#686868\">Gen:</font> 3&nbsp;|&ThickSpace;&#10003; Ignored by Mold Breaker</font>\n\n|inactive|LordHelixDisciple has 30 seconds left.\n|inactive|LordHelixDisciple has 20 seconds left.\n|inactive|LordHelixDisciple has 15 seconds left.\n|inactive|LordHelixDisciple has 10 seconds left.\n|\n|t:|1776639536\n|switch|p1a: Torkoal|Torkoal, L50, F|100/100\n|-weather|SunnyDay|[from] ability: Drought|[of] p1a: Torkoal\n|move|p2b: Kingambit|Protect|p2b: Kingambit\n|-singleturn|p2b: Kingambit|Protect\n|move|p2a: Incineroar|Darkest Lariat|p1a: Torkoal\n|-damage|p1a: Torkoal|80/100\n|move|p1b: Incineroar|Flare Blitz|p2b: Kingambit\n|-activate|p2b: Kingambit|move: Protect\n|\n|-weather|SunnyDay|[upkeep]\n|upkeep\n|turn|3\n|\n|t:|1776639560\n|move|p2b: Kingambit|Sucker Punch|p1a: Torkoal\n|-damage|p1a: Torkoal|30/100\n|move|p1a: Torkoal|Eruption|p2a: Incineroar|[spread] p2a,p2b\n|-resisted|p2a: Incineroar|1\n|-supereffective|p2b: Kingambit|1\n|-damage|p2a: Incineroar|88/100\n|-damage|p2b: Kingambit|50/100\n|move|p2a: Incineroar|Flare Blitz|p1a: Torkoal\n|-resisted|p1a: Torkoal|1\n|-damage|p1a: Torkoal|7/100\n|-damage|p2a: Incineroar|81/100|[from] Recoil\n|move|p1b: Incineroar|Parting Shot|p2a: Incineroar\n|-unboost|p2a: Incineroar|atk|1\n|-unboost|p2a: Incineroar|spa|1\n|c|\u2606LordHelixDisciple|damn sucker lol\n|\n|t:|1776639574\n|switch|p1b: Camerupt|Camerupt, L50, M|100/100|[from] Parting Shot\n|\n|-weather|SunnyDay|[upkeep]\n|upkeep\n|turn|4\n|\n|t:|1776639590\n|detailschange|p1b: Camerupt|Camerupt-Mega, L50, M\n|-mega|p1b: Camerupt|Camerupt|Cameruptite\n|move|p1a: Torkoal|Protect|p1a: Torkoal\n|-singleturn|p1a: Torkoal|Protect\n|move|p2b: Kingambit|Sucker Punch|p1b: Camerupt\n|-damage|p1b: Camerupt|39/100\n|move|p1b: Camerupt|Heat Wave|p2a: Incineroar|[spread] p2b\n|-miss|p1b: Camerupt|p2a: Incineroar\n|-supereffective|p2b: Kingambit|1\n|-damage|p2b: Kingambit|0 fnt\n|faint|p2b: Kingambit\n|move|p2a: Incineroar|Parting Shot|p1b: Camerupt\n|-unboost|p1b: Camerupt|atk|1\n|-unboost|p1b: Camerupt|spa|1\n|\n|t:|1776639600\n|switch|p2a: Delphox|Delphox, L50, F|100/100|[from] Parting Shot\n|\n|-weather|SunnyDay|[upkeep]\n|upkeep\n|\n|t:|1776639606\n|switch|p2b: Incineroar|Incineroar, L50, M|81/100\n|-ability|p2b: Incineroar|Intimidate|boost\n|-unboost|p1a: Torkoal|atk|1\n|-unboost|p1b: Camerupt|atk|1\n|turn|5\n|\n|t:|1776639628\n|detailschange|p2a: Delphox|Delphox-Mega, L50, F\n|-mega|p2a: Delphox|Delphox|Delphoxite\n|move|p2b: Incineroar|Fake Out|p1a: Torkoal\n|-damage|p1a: Torkoal|0 fnt\n|faint|p1a: Torkoal\n|move|p1b: Camerupt|Earth Power|p2b: Incineroar\n|-supereffective|p2b: Incineroar|1\n|-damage|p2b: Incineroar|0 fnt\n|faint|p2b: Incineroar\n|move|p2a: Delphox|Heat Wave|p1b: Camerupt\n|-resisted|p1b: Camerupt|1\n|-damage|p1b: Camerupt|0 fnt\n|faint|p1b: Camerupt\n|\n|-weather|SunnyDay|[upkeep]\n|-fieldend|move: Trick Room\n|upkeep\n|\n|t:|1776639637\n|switch|p2b: Sneasler|Sneasler, L50, M|100/100\n|switch|p1a: Oranguru|Oranguru, L50, M|99/100\n|switch|p1b: Incineroar|Incineroar, L50, F|100/100\n|-ability|p1b: Incineroar|Intimidate|boost\n|-unboost|p2a: Delphox|atk|1\n|-unboost|p2b: Sneasler|atk|1\n|-enditem|p2b: Sneasler|White Herb\n|-clearnegativeboost|p2b: Sneasler|[silent]\n|turn|6\n|\n|t:|1776639659\n|move|p2b: Sneasler|Fake Out|p1b: Incineroar\n|-damage|p1b: Incineroar|88/100\n|cant|p1b: Incineroar|flinch\n|move|p2a: Delphox|Focus Blast|p1b: Incineroar\n|-supereffective|p1b: Incineroar|1\n|-damage|p1b: Incineroar|0 fnt\n|faint|p1b: Incineroar\n|move|p1a: Oranguru|Trick Room|p1a: Oranguru\n|-fieldstart|move: Trick Room|[of] p1a: Oranguru\n|\n|-weather|none\n|-heal|p1a: Oranguru|100/100|[from] item: Leftovers\n|upkeep\n|turn|7\n|c|\u2606CappyCappy|Focus Blast delphox is silly\n|c|\u2606LordHelixDisciple|orangoru buff\n|c|\u2606CappyCappy|i cant believe that worked\n|inactive|CappyCappy has 30 seconds left.\n|inactive|CappyCappy has 20 seconds left.\n|\n|t:|1776639699\n|move|p1a: Oranguru|Psychic|p2b: Sneasler\n|-supereffective|p2b: Sneasler|2\n|-damage|p2b: Sneasler|0 fnt\n|faint|p2b: Sneasler\n|move|p2a: Delphox|Heat Wave|p1a: Oranguru\n|-damage|p1a: Oranguru|48/100\n|\n|-heal|p1a: Oranguru|54/100|[from] item: Leftovers\n|upkeep\n|turn|8\n|c|\u2606LordHelixDisciple|kinda funny tbh\n|\n|t:|1776639709\n|move|p1a: Oranguru|Protect|p1a: Oranguru\n|-singleturn|p1a: Oranguru|Protect\n|move|p2a: Delphox|Heat Wave|p1a: Oranguru\n|-activate|p1a: Oranguru|move: Protect\n|\n|-heal|p1a: Oranguru|60/100|[from] item: Leftovers\n|upkeep\n|turn|9\n|\n|t:|1776639719\n|move|p2a: Delphox|Protect|p2a: Delphox\n|-singleturn|p2a: Delphox|Protect\n|move|p1a: Oranguru|Psychic|p2a: Delphox\n|-activate|p2a: Delphox|move: Protect\n|\n|-heal|p1a: Oranguru|66/100|[from] item: Leftovers\n|upkeep\n|turn|10\n|\n|t:|1776639726\n|move|p1a: Oranguru|Psychic|p2a: Delphox\n|-resisted|p2a: Delphox|1\n|-damage|p2a: Delphox|87/100\n|-unboost|p2a: Delphox|spd|1\n|move|p2a: Delphox|Heat Wave|p1a: Oranguru\n|-damage|p1a: Oranguru|14/100\n|\n|-heal|p1a: Oranguru|20/100|[from] item: Leftovers\n|-fieldend|move: Trick Room\n|upkeep\n|turn|11\n|c|\u2606LordHelixDisciple|gg\n|\n|t:|1776639734\n|move|p1a: Oranguru|Protect|p1a: Oranguru\n|-singleturn|p1a: Oranguru|Protect\n|move|p2a: Delphox|Heat Wave|p1a: Oranguru\n|-activate|p1a: Oranguru|move: Protect\n|\n|-heal|p1a: Oranguru|26/100|[from] item: Leftovers\n|upkeep\n|turn|12\n|c|\u2606CappyCappy|gg!\n|c|\u2606LordHelixDisciple|not going to stop me from using protect tho lol\n|\n|t:|1776639746\n|move|p1a: Oranguru|Protect||[still]\n|-fail|p1a: Oranguru\n|move|p2a: Delphox|Heat Wave|p1a: Oranguru|[miss]\n|-miss|p2a: Delphox|p1a: Oranguru\n|\n|-heal|p1a: Oranguru|32/100|[from] item: Leftovers\n|upkeep\n|turn|13\n|c|\u2606LordHelixDisciple|shiii\n|c|\u2606CappyCappy|hahahahaha\n|c|\u2606CappyCappy|one more chance!1\n|c|\u2606LordHelixDisciple|oh miss\n|\n|t:|1776639755\n|move|p1a: Oranguru|Protect|p1a: Oranguru\n|-singleturn|p1a: Oranguru|Protect\n|move|p2a: Delphox|Heat Wave|p1a: Oranguru\n|-activate|p1a: Oranguru|move: Protect\n|\n|-heal|p1a: Oranguru|39/100|[from] item: Leftovers\n|upkeep\n|turn|14\n|\n|t:|1776639758\n|move|p1a: Oranguru|Protect|p1a: Oranguru\n|-singleturn|p1a: Oranguru|Protect\n|move|p2a: Delphox|Heat Wave|p1a: Oranguru\n|-activate|p1a: Oranguru|move: Protect\n|\n|-heal|p1a: Oranguru|45/100|[from] item: Leftovers\n|upkeep\n|turn|15\n|\n|t:|1776639762\n|move|p2a: Delphox|Heat Wave|p1a: Oranguru\n|-damage|p1a: Oranguru|0 fnt\n|faint|p1a: Oranguru\n|\n|win|CappyCappy\n",
  "uploadtime": 1776639762,
  "views": 9,
  "formatid": "gen9championsvgc2026regma",
  "rating": null,
  "private": 0,
  "password": null
}