{
  "id": "gen9championsvgc2026regma-2588194479",
  "format": "[Gen 9 Champions] VGC 2026 Reg M-A",
  "players": [
    "ShadowBocchi",
    "slslumi"
  ],
  "log": "|j|\u2606ShadowBocchi\n|j|\u2606slslumi\n|t:|1776613301\n|gametype|doubles\n|player|p1|ShadowBocchi|acetrainerf|1049\n|player|p2|slslumi|101|1112\n|gen|9\n|tier|[Gen 9 Champions] VGC 2026 Reg M-A\n|rated|\n|rule|Species Clause: Limit one of each Pok\u00e9mon\n|rule|Item Clause: Limit 1 of each item\n|clearpoke\n|poke|p1|Lucario, L50, F, shiny|\n|poke|p1|Whimsicott, L50, F|\n|poke|p1|Dragapult, L50, F|\n|poke|p1|Sableye, L50, F|\n|poke|p1|Polteageist, L50|\n|poke|p1|Maushold, L50|\n|poke|p2|Pelipper, L50, F|\n|poke|p2|Basculegion, L50, M|\n|poke|p2|Archaludon, L50, F|\n|poke|p2|Scizor, L50, F|\n|poke|p2|Garchomp, L50, F|\n|poke|p2|Sinistcha, L50|\n|teampreview|4\n|\n|t:|1776613334\n|teamsize|p1|4\n|teamsize|p2|4\n|start\n|switch|p1a: Sableye|Sableye, L50, F|100/100\n|switch|p1b: Polteageist|Polteageist, L50|100/100\n|switch|p2a: Pelipper|Pelipper, L50, F|100/100\n|switch|p2b: Basculegion|Basculegion, L50, M|100/100\n|-weather|RainDance|[from] ability: Drizzle|[of] p2a: Pelipper\n|turn|1\n|\n|t:|1776613348\n|move|p1a: Sableye|Quash|p2b: Basculegion\n|-activate|p2b: Basculegion|move: Quash\n|move|p1b: Polteageist|Shadow Ball|p2b: Basculegion\n|-supereffective|p2b: Basculegion|1\n|-damage|p2b: Basculegion|0 fnt\n|faint|p2b: Basculegion\n|move|p2a: Pelipper|Weather Ball|p1b: Polteageist\n|-damage|p1b: Polteageist|22/100\n|\n|-weather|RainDance|[upkeep]\n|upkeep\n|\n|t:|1776613358\n|switch|p2b: Archaludon|Archaludon, L50, F|100/100\n|turn|2\n|\n|t:|1776613373\n|move|p1a: Sableye|Disable|p2a: Pelipper\n|-start|p2a: Pelipper|Disable|Weather Ball\n|move|p1b: Polteageist|Shadow Ball|p2b: Archaludon\n|-damage|p2b: Archaludon|41/100\n|-ability|p2b: Archaludon|Stamina|boost\n|-boost|p2b: Archaludon|def|1\n|move|p2b: Archaludon|Electro Shot||[still]\n|-prepare|p2b: Archaludon|Electro Shot\n|-boost|p2b: Archaludon|spa|1\n|-anim|p2b: Archaludon|Electro Shot|p1a: Sableye\n|-damage|p1a: Sableye|19/100\n|-enditem|p1a: Sableye|Sitrus Berry|[eat]\n|-heal|p1a: Sableye|44/100|[from] item: Sitrus Berry\n|move|p2a: Pelipper|Tailwind|p2a: Pelipper\n|-sidestart|p2: slslumi|move: Tailwind\n|\n|-weather|RainDance|[upkeep]\n|-heal|p2b: Archaludon|47/100|[from] item: Leftovers\n|upkeep\n|turn|3\n|\n|t:|1776613405\n|move|p1a: Sableye|Encore|p2a: Pelipper\n|-start|p2a: Pelipper|Encore\n|move|p2b: Archaludon|Electro Shot||[still]\n|-prepare|p2b: Archaludon|Electro Shot\n|-boost|p2b: Archaludon|spa|1\n|-anim|p2b: Archaludon|Electro Shot|p1a: Sableye\n|-damage|p1a: Sableye|0 fnt\n|faint|p1a: Sableye\n|move|p1b: Polteageist|Shadow Ball|p2b: Archaludon\n|-damage|p2b: Archaludon|0 fnt\n|faint|p2b: Archaludon\n|move|p2a: Pelipper|Tailwind||[still]\n|-fail|p2a: Pelipper\n|\n|-weather|RainDance|[upkeep]\n|upkeep\n|\n|t:|1776613422\n|switch|p2b: Scizor|Scizor, L50, F|100/100\n|switch|p1a: Whimsicott|Whimsicott, L50, F|100/100\n|turn|4\n|\n|t:|1776613434\n|detailschange|p2b: Scizor|Scizor-Mega, L50, F\n|-mega|p2b: Scizor|Scizor|Scizorite\n|move|p2b: Scizor|Bullet Punch|p1a: Whimsicott\n|-supereffective|p1a: Whimsicott|1\n|-enditem|p1a: Whimsicott|Focus Sash\n|-damage|p1a: Whimsicott|1/100\n|move|p1a: Whimsicott|Tailwind|p1a: Whimsicott\n|-sidestart|p1: ShadowBocchi|move: Tailwind\n|move|p1b: Polteageist|Shadow Ball|p2b: Scizor\n|-damage|p2b: Scizor|61/100\n|move|p2a: Pelipper|Tailwind||[still]\n|-fail|p2a: Pelipper\n|\n|-weather|RainDance|[upkeep]\n|upkeep\n|turn|5\n|\n|t:|1776613484\n|switch|p1a: Lucario|Lucario, L50, F, shiny|100/100\n|move|p2b: Scizor|Bullet Punch|p1b: Polteageist\n|-damage|p1b: Polteageist|0 fnt\n|faint|p1b: Polteageist\n|move|p2a: Pelipper|Tailwind||[still]\n|-fail|p2a: Pelipper\n|\n|-weather|none\n|-end|p2a: Pelipper|Encore\n|-end|p2a: Pelipper|Disable\n|-sideend|p2: slslumi|move: Tailwind\n|upkeep\n|\n|t:|1776613496\n|switch|p1b: Whimsicott|Whimsicott, L50, F|1/100\n|turn|6\n|\n|t:|1776613507\n|detailschange|p1a: Lucario|Lucario-Mega, L50, F, shiny\n|-mega|p1a: Lucario|Lucario|Lucarionite\n|move|p1b: Whimsicott|Encore|p2a: Pelipper\n|-start|p2a: Pelipper|Encore\n|move|p2b: Scizor|Bullet Punch|p1b: Whimsicott\n|-supereffective|p1b: Whimsicott|1\n|-damage|p1b: Whimsicott|0 fnt\n|faint|p1b: Whimsicott\n|move|p1a: Lucario|Rock Slide|p2a: Pelipper|[spread] p2a,p2b\n|-supereffective|p2a: Pelipper|1\n|-damage|p2a: Pelipper|51/100\n|-damage|p2b: Scizor|45/100\n|move|p2a: Pelipper|Tailwind|p2a: Pelipper\n|-sidestart|p2: slslumi|move: Tailwind\n|\n|upkeep\n|turn|7\n|\n|t:|1776613529\n|move|p1a: Lucario|Close Combat|p2b: Scizor\n|-damage|p2b: Scizor|0 fnt\n|-unboost|p1a: Lucario|def|1\n|-unboost|p1a: Lucario|spd|1\n|faint|p2b: Scizor\n|move|p2a: Pelipper|Tailwind||[still]\n|-fail|p2a: Pelipper\n|\n|-sideend|p1: ShadowBocchi|move: Tailwind\n|upkeep\n|turn|8\n|-message|slslumi forfeited.\n|\n|win|ShadowBocchi\n|raw|ShadowBocchi's rating: 1049 &rarr; <strong>1088</strong><br />(+39 for winning)\n|raw|slslumi's rating: 1112 &rarr; <strong>1083</strong><br />(-29 for losing)\n|l|\u2606slslumi\n|player|p2|\n",
  "uploadtime": 1776613659,
  "views": 9,
  "formatid": "gen9championsvgc2026regma",
  "rating": 1083,
  "private": 0,
  "password": null
}