{
  "id": "gen9championsvgc2026regma-2588073775",
  "format": "[Gen 9 Champions] VGC 2026 Reg M-A",
  "players": [
    "HeyPog",
    "tarakan"
  ],
  "log": "|j|\u2606HeyPog\n|j|\u203dtarakan\n|t:|1776601177\n|gametype|doubles\n|player|p1|HeyPog|266|1261\n|player|p2|tarakan|roxie|1334\n|gen|9\n|tier|[Gen 9 Champions] VGC 2026 Reg M-A\n|rated|\n|rule|Species Clause: Limit one of each Pok\u00e9mon\n|rule|Item Clause: Limit 1 of each item\n|clearpoke\n|poke|p1|Pelipper, L50, F|\n|poke|p1|Archaludon, L50, M|\n|poke|p1|Dragonite, L50, F|\n|poke|p1|Sneasler, L50, M|\n|poke|p1|Basculegion, L50, M|\n|poke|p1|Rotom-Heat, L50|\n|poke|p2|Blastoise, L50, M|\n|poke|p2|Sneasler, L50, F|\n|poke|p2|Gengar, L50, M|\n|poke|p2|Ceruledge, L50, F|\n|poke|p2|Hydreigon, L50, M|\n|poke|p2|Liepard, L50, F|\n|teampreview|4\n|inactive|Battle timer is ON: inactive players will automatically lose when time's up. (requested by HeyPog)\n|\n|t:|1776601198\n|teamsize|p1|4\n|teamsize|p2|4\n|start\n|switch|p1a: Pelipper|Pelipper, L50, F|100/100\n|switch|p1b: Sneasler|Sneasler, L50, M|100/100\n|switch|p2a: Gengar|Gengar, L50, M|100/100\n|switch|p2b: Liepard|Liepard, L50, F|100/100\n|-weather|RainDance|[from] ability: Drizzle|[of] p1a: Pelipper\n|turn|1\n|\n|t:|1776601211\n|detailschange|p2a: Gengar|Gengar-Mega, L50, M\n|-mega|p2a: Gengar|Gengar|Gengarite\n|move|p2b: Liepard|Protect|p2b: Liepard\n|-singleturn|p2b: Liepard|Protect\n|move|p2a: Gengar|Protect|p2a: Gengar\n|-singleturn|p2a: Gengar|Protect\n|move|p1b: Sneasler|Close Combat|p2b: Liepard\n|-activate|p2b: Liepard|move: Protect\n|move|p1a: Pelipper|Icy Wind|p2a: Gengar|[spread] \n|-activate|p2a: Gengar|move: Protect\n|-activate|p2b: Liepard|move: Protect\n|\n|-weather|RainDance|[upkeep]\n|upkeep\n|turn|2\n|\n|t:|1776601230\n|move|p2b: Liepard|Yawn|p1a: Pelipper\n|-start|p1a: Pelipper|move: Yawn|[of] p2b: Liepard\n|move|p2a: Gengar|Disable|p1b: Sneasler\n|-start|p1b: Sneasler|Disable|Close Combat\n|cant|p1b: Sneasler|Disable|Close Combat\n|move|p1a: Pelipper|Icy Wind|p2a: Gengar|[spread] p2a,p2b\n|-damage|p2a: Gengar|89/100\n|-damage|p2b: Liepard|79/100\n|-unboost|p2a: Gengar|spe|1\n|-unboost|p2b: Liepard|spe|1\n|\n|-weather|RainDance|[upkeep]\n|upkeep\n|turn|3\n|\n|t:|1776601251\n|move|p2b: Liepard|Protect|p2b: Liepard\n|-singleturn|p2b: Liepard|Protect\n|move|p2a: Gengar|Protect|p2a: Gengar\n|-singleturn|p2a: Gengar|Protect\n|move|p1b: Sneasler|U-turn|p2b: Liepard\n|-activate|p2b: Liepard|move: Protect\n|move|p1a: Pelipper|Weather Ball|p2a: Gengar\n|-activate|p2a: Gengar|move: Protect\n|\n|-weather|RainDance|[upkeep]\n|-end|p1a: Pelipper|move: Yawn|[silent]\n|-status|p1a: Pelipper|slp\n|upkeep\n|turn|4\n|inactive|tarakan has 30 seconds left.\n|-activate|p1a: Pelipper|item: Quick Claw\n|\n|t:|1776601281\n|cant|p1a: Pelipper|slp\n|move|p1b: Sneasler|U-turn|p2b: Liepard\n|-supereffective|p2b: Liepard|1\n|-damage|p2b: Liepard|0 fnt\n|faint|p2b: Liepard\n|\n|t:|1776601291\n|switch|p1b: Archaludon|Archaludon, L50, M|100/100|[from] U-turn\n|move|p2a: Gengar|Shadow Ball|p1b: Archaludon\n|-damage|p1b: Archaludon|44/100\n|-ability|p1b: Archaludon|Stamina|boost\n|-boost|p1b: Archaludon|def|1\n|\n|-weather|RainDance|[upkeep]\n|-heal|p1b: Archaludon|50/100|[from] item: Leftovers\n|upkeep\n|\n|t:|1776601295\n|switch|p2b: Hydreigon|Hydreigon, L50, M|100/100\n|turn|5\n|\n|t:|1776601309\n|move|p2b: Hydreigon|Tailwind|p2b: Hydreigon\n|-sidestart|p2: tarakan|move: Tailwind\n|move|p2a: Gengar|Shadow Ball|p1b: Archaludon\n|-damage|p1b: Archaludon|0 fnt\n|faint|p1b: Archaludon\n|cant|p1a: Pelipper|slp\n|\n|-weather|none\n|upkeep\n|\n|t:|1776601317\n|switch|p1b: Sneasler|Sneasler, L50, M|100/100\n|turn|6\n|\n|t:|1776601331\n|move|p2b: Hydreigon|Protect|p2b: Hydreigon\n|-singleturn|p2b: Hydreigon|Protect\n|move|p1b: Sneasler|Fake Out|p2b: Hydreigon\n|-activate|p2b: Hydreigon|move: Protect\n|move|p2a: Gengar|Sludge Wave|p1a: Pelipper|[spread] p1a,p1b\n|-activate|p2b: Hydreigon|move: Protect\n|-resisted|p1b: Sneasler|1\n|-damage|p1a: Pelipper|51/100 slp\n|-damage|p1b: Sneasler|70/100\n|-curestatus|p1a: Pelipper|slp|[msg]\n|move|p1a: Pelipper|Icy Wind|p2a: Gengar|[spread] p2a\n|-activate|p2b: Hydreigon|move: Protect\n|-damage|p2a: Gengar|76/100\n|-unboost|p2a: Gengar|spe|1\n|\n|upkeep\n|turn|7\n|inactive|tarakan has 30 seconds left.\n|inactive|tarakan has 20 seconds left.\n|-activate|p1a: Pelipper|item: Quick Claw\n|\n|t:|1776601367\n|move|p1a: Pelipper|Muddy Water|p2a: Gengar|[spread] p2a,p2b\n|-resisted|p2b: Hydreigon|1\n|-damage|p2a: Gengar|45/100\n|-damage|p2b: Hydreigon|87/100\n|move|p2b: Hydreigon|Dragon Pulse|p1b: Sneasler\n|-damage|p1b: Sneasler|7/100\n|move|p2a: Gengar|Shadow Ball|p1b: Sneasler\n|-damage|p1b: Sneasler|0 fnt\n|faint|p1b: Sneasler\n|\n|-heal|p2b: Hydreigon|93/100|[from] item: Leftovers\n|upkeep\n|\n|t:|1776601375\n|switch|p1b: Basculegion|Basculegion, L50, M|100/100\n|turn|8\n|\n|t:|1776601387\n|switch|p2a: Blastoise|Blastoise, L50, M|100/100\n|move|p1b: Basculegion|Protect|p1b: Basculegion\n|-singleturn|p1b: Basculegion|Protect\n|move|p2b: Hydreigon|Dark Pulse|p1b: Basculegion\n|-activate|p1b: Basculegion|move: Protect\n|move|p1a: Pelipper|Hurricane|p2a: Blastoise|[miss]\n|-miss|p1a: Pelipper|p2a: Blastoise\n|\n|-heal|p2b: Hydreigon|99/100|[from] item: Leftovers\n|-sideend|p2: tarakan|move: Tailwind\n|upkeep\n|turn|9\n|-activate|p1a: Pelipper|item: Quick Claw\n|\n|t:|1776601409\n|move|p1a: Pelipper|Hurricane|p2a: Blastoise\n|-damage|p2a: Blastoise|67/100\n|move|p2b: Hydreigon|Dark Pulse|p1b: Basculegion\n|-supereffective|p1b: Basculegion|1\n|-damage|p1b: Basculegion|10/100\n|move|p1b: Basculegion|Last Respects|p2a: Blastoise\n|-damage|p2a: Blastoise|2/100\n|-enditem|p2a: Blastoise|Sitrus Berry|[eat]\n|-heal|p2a: Blastoise|27/100|[from] item: Sitrus Berry\n|move|p2a: Blastoise|Icy Wind|p1b: Basculegion|[spread] p1a,p1b\n|-resisted|p1b: Basculegion|1\n|-damage|p1a: Pelipper|39/100\n|-damage|p1b: Basculegion|4/100\n|-unboost|p1a: Pelipper|spe|1\n|-unboost|p1b: Basculegion|spe|1\n|\n|-heal|p2b: Hydreigon|100/100|[from] item: Leftovers\n|upkeep\n|turn|10\n|\n|t:|1776601427\n|move|p1b: Basculegion|Protect|p1b: Basculegion\n|-singleturn|p1b: Basculegion|Protect\n|move|p2b: Hydreigon|Dark Pulse|p1a: Pelipper\n|-damage|p1a: Pelipper|0 fnt\n|faint|p1a: Pelipper\n|move|p2a: Blastoise|Icy Wind|p1b: Basculegion\n|-activate|p1b: Basculegion|move: Protect\n|\n|upkeep\n|turn|11\n|\n|t:|1776601435\n|move|p2b: Hydreigon|Dark Pulse|p1b: Basculegion\n|-supereffective|p1b: Basculegion|1\n|-damage|p1b: Basculegion|0 fnt\n|faint|p1b: Basculegion\n|\n|win|tarakan\n|raw|HeyPog's rating: 1261 &rarr; <strong>1241</strong><br />(-20 for losing)\n|raw|tarakan's rating: 1334 &rarr; <strong>1350</strong><br />(+16 for winning)\n|l|\u2606HeyPog\n|player|p1|\n",
  "uploadtime": 1776601440,
  "views": 14,
  "formatid": "gen9championsvgc2026regma",
  "rating": 1241,
  "private": 0,
  "password": null
}