{
  "id": "gen9championsvgc2026regma-2584722788",
  "format": "[Gen 9 Champions] VGC 2026 Reg M-A",
  "players": [
    "Bicycle Bandy",
    "LeviathanWT"
  ],
  "log": "|j|\u2606Bicycle Bandy\n|j|\u2606LeviathanWT\n|t:|1776279117\n|gametype|doubles\n|player|p1|Bicycle Bandy|101|1262\n|player|p2|LeviathanWT|lance|1307\n|gen|9\n|tier|[Gen 9 Champions] VGC 2026 Reg M-A\n|rated|\n|rule|Species Clause: Limit one of each Pok\u00e9mon\n|rule|Item Clause: Limit 1 of each item\n|clearpoke\n|poke|p1|Meganium, L50, M|\n|poke|p1|Milotic, L50, F|\n|poke|p1|Talonflame, L50, M|\n|poke|p1|Arcanine-Hisui, L50, F|\n|poke|p1|Tyranitar, L50, F|\n|poke|p1|Goodra-Hisui, L50, M|\n|poke|p2|Tsareena, L50, F|\n|poke|p2|Pelipper, L50, M|\n|poke|p2|Meganium, L50, F|\n|poke|p2|Glimmora, L50, F|\n|poke|p2|Basculegion, L50, M|\n|poke|p2|Sneasler, L50, F|\n|teampreview|4\n|\n|t:|1776279151\n|teamsize|p1|4\n|teamsize|p2|4\n|start\n|switch|p1a: Talonflame|Talonflame, L50, M, shiny|100/100\n|switch|p1b: Meganium|Meganium, L50, M|100/100\n|switch|p2a: Tsareena|Tsareena, L50, F|100/100\n|switch|p2b: Sneasler|Sneasler, L50, F|100/100\n|turn|1\n|\n|t:|1776279175\n|switch|p1b: Goodra|Goodra-Hisui, L50, M|100/100\n|move|p2b: Sneasler|Fake Out|p1a: Talonflame\n|-damage|p1a: Talonflame|79/100\n|cant|p1a: Talonflame|flinch\n|move|p2a: Tsareena|Triple Axel|p1b: Goodra\n|-damage|p1b: Goodra|93/100\n|-hitcount|p1b: Goodra|1\n|\n|-heal|p1b: Goodra|99/100|[from] item: Leftovers\n|upkeep\n|turn|2\n|\n|t:|1776279210\n|switch|p2b: Pelipper|Pelipper, L50, M|100/100\n|-weather|RainDance|[from] ability: Drizzle|[of] p2b: Pelipper\n|move|p1a: Talonflame|Dual Wingbeat|p2b: Pelipper\n|-damage|p2b: Pelipper|76/100\n|-damage|p2b: Pelipper|52/100\n|-hitcount|p2b: Pelipper|2\n|move|p2a: Tsareena|Low Kick|p1b: Goodra\n|-supereffective|p1b: Goodra|1\n|-damage|p1b: Goodra|10/100\n|move|p1b: Goodra|Breaking Swipe|p2a: Tsareena|[spread] p2a,p2b\n|-damage|p2a: Tsareena|72/100\n|-damage|p2b: Pelipper|23/100\n|-unboost|p2a: Tsareena|atk|1\n|-unboost|p2b: Pelipper|atk|1\n|\n|-weather|RainDance|[upkeep]\n|-heal|p1b: Goodra|16/100|[from] item: Leftovers\n|upkeep\n|turn|3\n|\n|t:|1776279263\n|switch|p1b: Meganium|Meganium, L50, M|100/100\n|move|p2b: Pelipper|Protect|p2b: Pelipper\n|-singleturn|p2b: Pelipper|Protect\n|move|p1a: Talonflame|Dual Wingbeat|p2b: Pelipper\n|-activate|p2b: Pelipper|move: Protect\n|move|p2a: Tsareena|Triple Axel|p1a: Talonflame\n|-damage|p1a: Talonflame|72/100\n|-damage|p1a: Talonflame|58/100\n|-damage|p1a: Talonflame|37/100\n|-hitcount|p1a: Talonflame|3\n|\n|-weather|RainDance|[upkeep]\n|upkeep\n|turn|4\n|\n|t:|1776279283\n|switch|p2b: Basculegion|Basculegion, L50, M|100/100\n|detailschange|p1b: Meganium|Meganium-Mega, L50, M\n|-mega|p1b: Meganium|Meganium|Meganiumite\n|move|p1a: Talonflame|Tailwind|p1a: Talonflame\n|-sidestart|p1: Bicycle Bandy|move: Tailwind\n|move|p1b: Meganium|Dazzling Gleam|p2b: Basculegion|[spread] p2a,p2b\n|-damage|p2a: Tsareena|30/100\n|-damage|p2b: Basculegion|60/100\n|move|p2a: Tsareena|Triple Axel|p1b: Meganium\n|-supereffective|p1b: Meganium|1\n|-damage|p1b: Meganium|91/100\n|-supereffective|p1b: Meganium|1\n|-damage|p1b: Meganium|74/100\n|-supereffective|p1b: Meganium|1\n|-damage|p1b: Meganium|47/100\n|-hitcount|p1b: Meganium|3\n|\n|-weather|RainDance|[upkeep]\n|upkeep\n|turn|5\n|\n|t:|1776279328\n|move|p1a: Talonflame|Protect|p1a: Talonflame\n|-singleturn|p1a: Talonflame|Protect\n|move|p2a: Tsareena|Protect|p2a: Tsareena\n|-singleturn|p2a: Tsareena|Protect\n|move|p2b: Basculegion|Flip Turn|p1a: Talonflame\n|-activate|p1a: Talonflame|move: Protect\n|move|p1b: Meganium|Dazzling Gleam|p2a: Tsareena|[spread] p2b\n|-activate|p2a: Tsareena|move: Protect\n|-damage|p2b: Basculegion|23/100\n|\n|-weather|RainDance|[upkeep]\n|upkeep\n|turn|6\n|\n|t:|1776279365\n|switch|p1a: Arcanine|Arcanine-Hisui, L50, F|100/100\n|switch|p2a: Sneasler|Sneasler, L50, F|100/100\n|move|p2b: Basculegion|Flip Turn|p1a: Arcanine\n|-supereffective|p1a: Arcanine|2\n|-enditem|p1a: Arcanine|Focus Sash\n|-damage|p1a: Arcanine|1/100\n|\n|t:|1776279376\n|switch|p2b: Tsareena|Tsareena, L50, F|30/100|[from] Flip Turn\n|move|p1b: Meganium|Dazzling Gleam|p2b: Tsareena|[spread] p2a,p2b\n|-damage|p2a: Sneasler|52/100\n|-damage|p2b: Tsareena|0 fnt\n|faint|p2b: Tsareena\n|\n|-weather|none\n|upkeep\n|\n|t:|1776279383\n|switch|p2b: Pelipper|Pelipper, L50, M|23/100\n|-weather|RainDance|[from] ability: Drizzle|[of] p2b: Pelipper\n|turn|7\n|\n|t:|1776279401\n|move|p1a: Arcanine|Protect|p1a: Arcanine\n|-singleturn|p1a: Arcanine|Protect\n|move|p1b: Meganium|Protect|p1b: Meganium\n|-singleturn|p1b: Meganium|Protect\n|move|p2b: Pelipper|Protect|p2b: Pelipper\n|-singleturn|p2b: Pelipper|Protect\n|move|p2a: Sneasler|Fake Out|p1b: Meganium\n|-activate|p1b: Meganium|move: Protect\n|\n|-weather|RainDance|[upkeep]\n|-sideend|p1: Bicycle Bandy|move: Tailwind\n|upkeep\n|turn|8\n|\n|t:|1776279464\n|switch|p1b: Goodra|Goodra-Hisui, L50, M|16/100\n|move|p1a: Arcanine|Extreme Speed|p2b: Pelipper\n|-damage|p2b: Pelipper|0 fnt\n|faint|p2b: Pelipper\n|move|p2a: Sneasler|Dire Claw|p1b: Goodra\n|-immune|p1b: Goodra\n|\n|-weather|RainDance|[upkeep]\n|-heal|p1b: Goodra|23/100|[from] item: Leftovers\n|upkeep\n|\n|t:|1776279474\n|switch|p2b: Basculegion|Basculegion, L50, M|23/100\n|turn|9\n|\n|t:|1776279494\n|move|p1a: Arcanine|Protect|p1a: Arcanine\n|-singleturn|p1a: Arcanine|Protect\n|move|p1b: Goodra|Protect|p1b: Goodra\n|-singleturn|p1b: Goodra|Protect\n|move|p2b: Basculegion|Flip Turn|p1a: Arcanine\n|-activate|p1a: Arcanine|move: Protect\n|move|p2a: Sneasler|Close Combat|p1b: Goodra\n|-activate|p1b: Goodra|move: Protect\n|\n|-weather|RainDance|[upkeep]\n|-heal|p1b: Goodra|29/100|[from] item: Leftovers\n|upkeep\n|turn|10\n|\n|t:|1776279529\n|move|p1a: Arcanine|Extreme Speed|p2a: Sneasler\n|-damage|p2a: Sneasler|6/100\n|move|p2b: Basculegion|Last Respects|p1b: Goodra\n|-damage|p1b: Goodra|0 fnt\n|faint|p1b: Goodra\n|move|p2a: Sneasler|Dire Claw|p1a: Arcanine\n|-resisted|p1a: Arcanine|1\n|-damage|p1a: Arcanine|0 fnt\n|faint|p1a: Arcanine\n|\n|-weather|RainDance|[upkeep]\n|upkeep\n|\n|t:|1776279544\n|switch|p1a: Talonflame|Talonflame, L50, M, shiny|37/100\n|switch|p1b: Meganium|Meganium-Mega, L50, M|47/100\n|turn|11\n|\n|t:|1776279569\n|move|p1a: Talonflame|Feint|p2a: Sneasler\n|-damage|p2a: Sneasler|0 fnt\n|faint|p2a: Sneasler\n|move|p2b: Basculegion|Last Respects|p1a: Talonflame\n|-damage|p1a: Talonflame|0 fnt\n|faint|p1a: Talonflame\n|move|p1b: Meganium|Solar Beam||[still]\n|-prepare|p1b: Meganium|Solar Beam\n|-activate|p1b: Meganium|ability: Mega Sol\n|-anim|p1b: Meganium|Solar Beam|p2b: Basculegion\n|-supereffective|p2b: Basculegion|1\n|-damage|p2b: Basculegion|0 fnt\n|faint|p2b: Basculegion\n|\n|win|Bicycle Bandy\n|raw|Bicycle Bandy's rating: 1262 &rarr; <strong>1290</strong><br />(+28 for winning)\n|raw|LeviathanWT's rating: 1307 &rarr; <strong>1284</strong><br />(-23 for losing)\n|c|\u2606Bicycle Bandy|gg\n|c|\u2606LeviathanWT|gg\n|l|\u2606LeviathanWT\n|player|p2|\n",
  "uploadtime": 1776279586,
  "views": 46,
  "formatid": "gen9championsvgc2026regma",
  "rating": 1284,
  "private": 0,
  "password": null
}