{
  "id": "gen9championsvgc2026regma-2580948050",
  "format": "[Gen 9 Champions] VGC 2026 Reg M-A",
  "players": [
    "AndyLaVGC",
    "Ragefyre"
  ],
  "log": "|j|\u2606AndyLaVGC\n|j|\u2606Ragefyre\n|t:|1775945806\n|gametype|doubles\n|player|p1|AndyLaVGC|265|1036\n|player|p2|Ragefyre|hoopster|1003\n|gen|9\n|tier|[Gen 9 Champions] VGC 2026 Reg M-A\n|rated|\n|rule|Species Clause: Limit one of each Pok\u00e9mon\n|rule|Item Clause: Limit 1 of each item\n|clearpoke\n|poke|p1|Kommo-o, L50, F|\n|poke|p1|Hawlucha, L50, M|\n|poke|p1|Krookodile, L50, F|\n|poke|p1|Aegislash, L50, M|\n|poke|p1|Volcarona, L50, F|\n|poke|p1|Glimmora, L50, F|\n|poke|p2|Glimmora, L50, F|\n|poke|p2|Pelipper, L50, F|\n|poke|p2|Basculegion, L50, M|\n|poke|p2|Archaludon, L50, F|\n|poke|p2|Incineroar, L50, M|\n|poke|p2|Whimsicott, L50, F|\n|teampreview|4\n|\n|t:|1775945836\n|teamsize|p1|4\n|teamsize|p2|4\n|start\n|switch|p1a: Kommo-o|Kommo-o, L50, F|100/100\n|switch|p1b: Hawlucha|Hawlucha, L50, M|100/100\n|switch|p2a: Whimsy|Whimsicott, L50, F|100/100\n|switch|p2b: Glint|Glimmora, L50, F, shiny|100/100\n|turn|1\n|\n|t:|1775945855\n|move|p2b: Glint|Spiky Shield|p2b: Glint\n|-singleturn|p2b: Glint|move: Protect\n|move|p2a: Whimsy|Tailwind|p2a: Whimsy\n|-sidestart|p2: Ragefyre|move: Tailwind\n|move|p1b: Hawlucha|Entrainment|p1a: Kommo-o\n|-ability|p1a: Kommo-o|Unburden|Soundproof|[from] move: Entrainment|[of] p1b: Hawlucha\n|move|p1a: Kommo-o|Belly Drum|p1a: Kommo-o\n|-damage|p1a: Kommo-o|50/100\n|-setboost|p1a: Kommo-o|atk|6|[from] move: Belly Drum\n|-enditem|p1a: Kommo-o|Sitrus Berry|[eat]\n|-heal|p1a: Kommo-o|75/100|[from] item: Sitrus Berry\n|\n|upkeep\n|turn|2\n|\n|t:|1775945879\n|detailschange|p2b: Glint|Glimmora-Mega, L50, F, shiny\n|-mega|p2b: Glint|Glimmora|Glimmoranite\n|detailschange|p1b: Hawlucha|Hawlucha-Mega, L50, M\n|-mega|p1b: Hawlucha|Hawlucha|Hawluchanite\n|move|p1a: Kommo-o|Protect|p1a: Kommo-o\n|-singleturn|p1a: Kommo-o|Protect\n|move|p2a: Whimsy|Encore|p1a: Kommo-o\n|-activate|p1a: Kommo-o|move: Protect\n|move|p2b: Glint|Power Gem|p1b: Hawlucha\n|-damage|p1b: Hawlucha|18/100\n|move|p1b: Hawlucha|Dual Wingbeat|p2a: Whimsy\n|-supereffective|p2a: Whimsy|1\n|-damage|p2a: Whimsy|41/100\n|-supereffective|p2a: Whimsy|1\n|-damage|p2a: Whimsy|0 fnt\n|faint|p2a: Whimsy\n|-hitcount|p2: Whimsy|2\n|\n|upkeep\n|\n|t:|1775945900\n|switch|p2a: The King|Incineroar, L50, M|100/100\n|-ability|p2a: The King|Intimidate|boost\n|-unboost|p1a: Kommo-o|atk|1\n|-unboost|p1b: Hawlucha|atk|1\n|turn|3\n|\n|t:|1775945921\n|move|p1b: Hawlucha|Protect|p1b: Hawlucha\n|-singleturn|p1b: Hawlucha|Protect\n|move|p2a: The King|Fake Out|p1a: Kommo-o\n|-damage|p1a: Kommo-o|68/100\n|move|p2b: Glint|Sludge Bomb|p1a: Kommo-o\n|-damage|p1a: Kommo-o|17/100\n|cant|p1a: Kommo-o|flinch\n|\n|upkeep\n|turn|4\n|\n|t:|1775945936\n|switch|p1b: Krookodile|Krookodile, L50, F|100/100\n|-ability|p1b: Krookodile|Intimidate|boost\n|-unboost|p2a: The King|atk|1\n|-unboost|p2b: Glint|atk|1\n|move|p2b: Glint|Spiky Shield|p2b: Glint\n|-singleturn|p2b: Glint|move: Protect\n|move|p1a: Kommo-o|Protect|p1a: Kommo-o\n|-singleturn|p1a: Kommo-o|Protect\n|move|p2a: The King|Flare Blitz|p1b: Krookodile\n|-damage|p1b: Krookodile|66/100\n|-damage|p2a: The King|89/100|[from] Recoil\n|\n|-heal|p1b: Krookodile|72/100|[from] item: Leftovers\n|-sideend|p2: Ragefyre|move: Tailwind\n|upkeep\n|turn|5\n|\n|t:|1775945977\n|move|p1a: Kommo-o|Drain Punch|p2b: Glint\n|-damage|p2b: Glint|0 fnt\n|-heal|p1a: Kommo-o|61/100|[from] drain|[of] p2b: Glint\n|faint|p2b: Glint\n|move|p1b: Krookodile|Taunt|p2a: The King\n|-start|p2a: The King|move: Taunt\n|move|p2a: The King|Flare Blitz|p1a: Kommo-o\n|-resisted|p1a: Kommo-o|1\n|-damage|p1a: Kommo-o|48/100\n|-damage|p2a: The King|85/100|[from] Recoil\n|\n|-heal|p1b: Krookodile|78/100|[from] item: Leftovers\n|upkeep\n|\n|t:|1775945992\n|switch|p2b: Basculegion|Basculegion, L50, M|100/100\n|turn|6\n|-message|Ragefyre forfeited.\n|\n|win|AndyLaVGC\n|raw|AndyLaVGC's rating: 1036 &rarr; <strong>1067</strong><br />(+31 for winning)\n|raw|Ragefyre's rating: 1003 &rarr; <strong>1000</strong><br />(-3 for losing)\n|l|\u2606Ragefyre\n|player|p2|\n",
  "uploadtime": 1775946000,
  "views": 53,
  "formatid": "gen9championsvgc2026regma",
  "rating": 1000,
  "private": 0,
  "password": null
}