{
  "id": "gen9championsvgc2026regma-2581297024",
  "format": "[Gen 9 Champions] VGC 2026 Reg M-A",
  "players": [
    "MegVGC",
    "airtest4"
  ],
  "log": "|j|\u2606MegVGC\n|j|\u2606airtest4\n|t:|1775982970\n|gametype|doubles\n|player|p1|MegVGC|266|1310\n|player|p2|airtest4|265|1337\n|gen|9\n|tier|[Gen 9 Champions] VGC 2026 Reg M-A\n|rated|\n|rule|Species Clause: Limit one of each Pok\u00e9mon\n|rule|Item Clause: Limit 1 of each item\n|clearpoke\n|poke|p1|Glimmora, L50, F|\n|poke|p1|Delphox, L50, M|\n|poke|p1|Quaquaval, L50, M|\n|poke|p1|Hydreigon, L50, F|\n|poke|p1|Whimsicott, L50, F|\n|poke|p1|Venusaur, L50, F|\n|poke|p2|Pelipper, L50, M|\n|poke|p2|Archaludon, L50, M|\n|poke|p2|Basculegion, L50, M|\n|poke|p2|Manectric, L50, M|\n|poke|p2|Sneasler, L50, F|\n|poke|p2|Incineroar, L50, M|\n|teampreview|4\n|inactive|Battle timer is ON: inactive players will automatically lose when time's up. (requested by MegVGC)\n|j| gE1xjZRtuhW2DdT0AK\n|inactive|airtest4 has 60 seconds left.\n|\n|t:|1775983027\n|teamsize|p1|4\n|teamsize|p2|4\n|start\n|switch|p1a: Whimsicott|Whimsicott, L50, F|100/100\n|switch|p1b: Glimmora|Glimmora, L50, F|100/100\n|switch|p2a: Basculegion|Basculegion, L50, M|100/100\n|switch|p2b: Manectric|Manectric, L50, M|100/100\n|turn|1\n|inactive|airtest4 has 30 seconds left.\n|inactive|airtest4 has 20 seconds left.\n|inactive|airtest4 has 15 seconds left.\n|inactive|airtest4 has 10 seconds left.\n|\n|t:|1775983076\n|switch|p2b: Pelipper|Pelipper, L50, M|100/100\n|-weather|RainDance|[from] ability: Drizzle|[of] p2b: Pelipper\n|move|p1b: Glimmora|Protect|p1b: Glimmora\n|-singleturn|p1b: Glimmora|Protect\n|move|p2a: Basculegion|Wave Crash|p1b: Glimmora\n|-activate|p1b: Glimmora|move: Protect\n|move|p1a: Whimsicott|Moonblast|p2a: Basculegion\n|-damage|p2a: Basculegion|65/100\n|\n|-weather|RainDance|[upkeep]\n|upkeep\n|turn|2\n|inactive|airtest4 has 30 seconds left.\n|\n|t:|1775983109\n|switch|p1b: Hydreigon|Hydreigon, L50, F|100/100\n|move|p1a: Whimsicott|Tailwind|p1a: Whimsicott\n|-sidestart|p1: MegVGC|move: Tailwind\n|move|p2a: Basculegion|Wave Crash|p1b: Hydreigon\n|-resisted|p1b: Hydreigon|1\n|-damage|p1b: Hydreigon|32/100\n|-damage|p2a: Basculegion|46/100|[from] Recoil\n|move|p2b: Pelipper|Hurricane|p1a: Whimsicott\n|-supereffective|p1a: Whimsicott|1\n|-enditem|p1a: Whimsicott|Focus Sash\n|-damage|p1a: Whimsicott|1/100\n|-start|p1a: Whimsicott|confusion\n|\n|-weather|RainDance|[upkeep]\n|upkeep\n|turn|3\n|\n|t:|1775983134\n|switch|p2a: Archaludon|Archaludon, L50, M|100/100\n|-activate|p1a: Whimsicott|confusion\n|move|p1a: Whimsicott|Moonblast|p2b: Pelipper\n|-damage|p2b: Pelipper|66/100\n|move|p1b: Hydreigon|Dark Pulse|p2b: Pelipper\n|-damage|p2b: Pelipper|11/100\n|cant|p2b: Pelipper|flinch\n|\n|-weather|RainDance|[upkeep]\n|upkeep\n|turn|4\n|\n|t:|1775983157\n|-activate|p1a: Whimsicott|confusion\n|move|p1a: Whimsicott|Moonblast|p2a: Archaludon\n|-damage|p2a: Archaludon|69/100\n|-ability|p2a: Archaludon|Stamina|boost\n|-boost|p2a: Archaludon|def|1\n|move|p1b: Hydreigon|Dark Pulse|p2a: Archaludon\n|-damage|p2a: Archaludon|16/100\n|-ability|p2a: Archaludon|Stamina|boost\n|-boost|p2a: Archaludon|def|1\n|move|p2a: Archaludon|Aura Sphere|p1b: Hydreigon\n|-supereffective|p1b: Hydreigon|1\n|-damage|p1b: Hydreigon|0 fnt\n|faint|p1b: Hydreigon\n|move|p2b: Pelipper|Tailwind|p2b: Pelipper\n|-sidestart|p2: airtest4|move: Tailwind\n|\n|-weather|RainDance|[upkeep]\n|-heal|p2a: Archaludon|22/100|[from] item: Leftovers\n|upkeep\n|\n|t:|1775983170\n|switch|p1b: Quaquaval|Quaquaval, L50, M|100/100\n|turn|5\n|j| HappyLiga\n|inactive|airtest4 has 30 seconds left.\n|l| HappyLiga\n|inactive|airtest4 has 20 seconds left.\n|inactive|airtest4 has 15 seconds left.\n|inactive|airtest4 has 10 seconds left.\n|\n|t:|1775983217\n|move|p1b: Quaquaval|Aqua Step|p2b: Pelipper\n|-resisted|p2b: Pelipper|1\n|-damage|p2b: Pelipper|0 fnt\n|-boost|p1b: Quaquaval|spe|1\n|faint|p2b: Pelipper\n|-ability|p1b: Quaquaval|Moxie|boost\n|-boost|p1b: Quaquaval|atk|1\n|-activate|p1a: Whimsicott|confusion\n|move|p1a: Whimsicott|Moonblast|p2a: Archaludon\n|-damage|p2a: Archaludon|0 fnt\n|faint|p2a: Archaludon\n|\n|-weather|none\n|-sideend|p1: MegVGC|move: Tailwind\n|upkeep\n|\n|t:|1775983228\n|switch|p2a: Manectric|Manectric, L50, M|100/100\n|switch|p2b: Basculegion|Basculegion, L50, M|46/100\n|turn|6\n|\n|t:|1775983253\n|detailschange|p2a: Manectric|Manectric-Mega, L50, M\n|-mega|p2a: Manectric|Manectric|Manectite\n|-ability|p2a: Manectric|Intimidate|boost\n|-unboost|p1a: Whimsicott|atk|1\n|-unboost|p1b: Quaquaval|atk|1\n|move|p2b: Basculegion|Aqua Jet|p1a: Whimsicott\n|-resisted|p1a: Whimsicott|1\n|-damage|p1a: Whimsicott|0 fnt\n|faint|p1a: Whimsicott\n|move|p2a: Manectric|Volt Switch|p1b: Quaquaval\n|-supereffective|p1b: Quaquaval|1\n|-damage|p1b: Quaquaval|0 fnt\n|faint|p1b: Quaquaval\n|\n|upkeep\n|j| HappyLiga\n|\n|t:|1775983260\n|switch|p1b: Glimmora|Glimmora, L50, F|100/100\n|turn|7\n|\n|t:|1775983278\n|move|p1b: Glimmora|Protect|p1b: Glimmora\n|-singleturn|p1b: Glimmora|Protect\n|move|p2b: Basculegion|Aqua Jet|p1b: Glimmora\n|-activate|p1b: Glimmora|move: Protect\n|move|p2a: Manectric|Volt Switch|p1b: Glimmora\n|-activate|p1b: Glimmora|move: Protect\n|\n|-sideend|p2: airtest4|move: Tailwind\n|upkeep\n|turn|8\n|l| HappyLiga\n|\n|t:|1775983290\n|detailschange|p1b: Glimmora|Glimmora-Mega, L50, F\n|-mega|p1b: Glimmora|Glimmora|Glimmoranite\n|move|p2b: Basculegion|Aqua Jet|p1b: Glimmora\n|-supereffective|p1b: Glimmora|1\n|-damage|p1b: Glimmora|50/100\n|move|p2a: Manectric|Volt Switch|p1b: Glimmora\n|-damage|p1b: Glimmora|11/100\n|move|p1b: Glimmora|Earth Power|p2b: Basculegion\n|-damage|p2b: Basculegion|6/100\n|\n|upkeep\n|turn|9\n|\n|t:|1775983301\n|move|p2b: Basculegion|Aqua Jet|p1b: Glimmora\n|-supereffective|p1b: Glimmora|1\n|-damage|p1b: Glimmora|0 fnt\n|faint|p1b: Glimmora\n|\n|win|airtest4\n|raw|MegVGC's rating: 1310 &rarr; <strong>1292</strong><br />(-18 for losing)\n|raw|airtest4's rating: 1337 &rarr; <strong>1355</strong><br />(+18 for winning)\n|l|\u2606MegVGC\n|player|p1|\n",
  "uploadtime": 1775983309,
  "views": 23,
  "formatid": "gen9championsvgc2026regma",
  "rating": 1292,
  "private": 0,
  "password": null
}