{
  "id": "gen9championsvgc2026regma-2585955125",
  "format": "[Gen 9 Champions] VGC 2026 Reg M-A",
  "players": [
    "boysenorange",
    "varkin1337"
  ],
  "log": "|j|\u2606boysenorange\n|j|\u2606varkin1337\n|t:|1776384802\n|gametype|doubles\n|player|p1|boysenorange|turo|1258\n|player|p2|varkin1337|265|1298\n|gen|9\n|tier|[Gen 9 Champions] VGC 2026 Reg M-A\n|rated|\n|rule|Species Clause: Limit one of each Pok\u00e9mon\n|rule|Item Clause: Limit 1 of each item\n|clearpoke\n|poke|p1|Farigiraf, L50, M|\n|poke|p1|Gardevoir, L50, M|\n|poke|p1|Kangaskhan, L50, F|\n|poke|p1|Camerupt, L50, M|\n|poke|p1|Conkeldurr, L50, F|\n|poke|p1|Tinkaton, L50, F|\n|poke|p2|Charizard, L50, M|\n|poke|p2|Aerodactyl, L50, F|\n|poke|p2|Venusaur, L50, F|\n|poke|p2|Incineroar, L50, M|\n|poke|p2|Milotic, L50, M|\n|poke|p2|Garchomp, L50, M|\n|teampreview|4\n|\n|t:|1776384827\n|teamsize|p1|4\n|teamsize|p2|4\n|start\n|switch|p1a: Kangaskhan|Kangaskhan, L50, F|100/100\n|switch|p1b: Farigiraf|Farigiraf, L50, M|100/100\n|switch|p2a: Garchomp|Garchomp, L50, M|100/100\n|switch|p2b: Aerodactyl|Aerodactyl, L50, F|100/100\n|-ability|p2b: Aerodactyl|Unnerve\n|turn|1\n|\n|t:|1776384845\n|move|p1a: Kangaskhan|Fake Out|p2a: Garchomp\n|-crit|p2a: Garchomp\n|-damage|p2a: Garchomp|68/100\n|-damage|p1a: Kangaskhan|88/100|[from] ability: Rough Skin|[of] p2a: Garchomp\n|move|p2b: Aerodactyl|Rock Slide|p1b: Farigiraf|[spread] p1a,p1b\n|-damage|p1a: Kangaskhan|66/100\n|-damage|p1b: Farigiraf|80/100\n|cant|p2a: Garchomp|flinch\n|move|p1b: Farigiraf|Trick Room|p1b: Farigiraf\n|-fieldstart|move: Trick Room|[of] p1b: Farigiraf\n|\n|upkeep\n|turn|2\n|\n|t:|1776384864\n|switch|p1b: Conkeldurr|Conkeldurr, L50, F|100/100\n|move|p2a: Garchomp|Protect|p2a: Garchomp\n|-singleturn|p2a: Garchomp|Protect\n|move|p2b: Aerodactyl|Protect|p2b: Aerodactyl\n|-singleturn|p2b: Aerodactyl|Protect\n|move|p1a: Kangaskhan|Last Resort|p2a: Garchomp\n|-activate|p2a: Garchomp|move: Protect\n|\n|upkeep\n|turn|3\n|c|\u2606varkin1337|!data last resort\n|c|\u2606varkin1337|/raw <ul class=\"utilichart\"><li class=\"result\"><span class=\"col movenamecol\"><a href=\"https://dex.pokemonshowdown.com/moves/lastresort\">Last Resort</a></span> <span class=\"col typecol\"><img src=\"//play.pokemonshowdown.com/sprites/types/Normal.png\" alt=\"Normal\" width=\"32\" height=\"14\"><img src=\"//play.pokemonshowdown.com/sprites/categories/Physical.png\" alt=\"Physical\" width=\"32\" height=\"14\"></span> <span class=\"col labelcol\"><em>Power</em><br>140</span> <span class=\"col widelabelcol\"><em>Accuracy</em><br>100%</span> <span class=\"col pplabelcol\"><em>PP</em><br>8</span> <span class=\"col movedesccol\">Fails unless each known move has been used.</span> </li><li style=\"clear:both\"></li></ul>\n\n|c|\u2606boysenorange|its cool right\n|c|\u2606varkin1337|havent seen it in a minute\n|c|\u2606varkin1337|man i just gave taunt away from aero\n|c|\u2606varkin1337|2 games ago^^\n|c|\u2606varkin1337|i am so screwed\n|\n|t:|1776384947\n|move|p1b: Conkeldurr|Close Combat|p2b: Aerodactyl\n|-damage|p2b: Aerodactyl|0 fnt\n|-unboost|p1b: Conkeldurr|def|1\n|-unboost|p1b: Conkeldurr|spd|1\n|faint|p2b: Aerodactyl\n|move|p1a: Kangaskhan|Last Resort|p2a: Garchomp\n|-damage|p2a: Garchomp|0 fnt\n|-damage|p1a: Kangaskhan|53/100|[from] ability: Rough Skin|[of] p2a: Garchomp\n|faint|p2a: Garchomp\n|\n|upkeep\n|\n|t:|1776384959\n|switch|p2a: Charizard|Charizard, L50, M|100/100\n|switch|p2b: Venusaur|Venusaur, L50, F|100/100\n|turn|4\n|\n|t:|1776384970\n|move|p2b: Venusaur|Protect|p2b: Venusaur\n|-singleturn|p2b: Venusaur|Protect\n|move|p2a: Charizard|Protect|p2a: Charizard\n|-singleturn|p2a: Charizard|Protect\n|move|p1b: Conkeldurr|Thunder Punch|p2a: Charizard\n|-activate|p2a: Charizard|move: Protect\n|move|p1a: Kangaskhan|Last Resort|p2b: Venusaur\n|-activate|p2b: Venusaur|move: Protect\n|\n|upkeep\n|turn|5\n|\n|t:|1776384992\n|detailschange|p2a: Charizard|Charizard-Mega-Y, L50, M\n|-mega|p2a: Charizard|Charizard|Charizardite Y\n|-weather|SunnyDay|[from] ability: Drought|[of] p2a: Charizard\n|move|p2a: Charizard|Protect||[still]\n|-fail|p2a: Charizard\n|move|p1b: Conkeldurr|Thunder Punch|p2a: Charizard\n|-supereffective|p2a: Charizard|1\n|-damage|p2a: Charizard|0 fnt\n|faint|p2a: Charizard\n|move|p1a: Kangaskhan|Last Resort|p2b: Venusaur\n|-crit|p2b: Venusaur\n|-enditem|p2b: Venusaur|Focus Sash\n|-damage|p2b: Venusaur|1/100\n|move|p2b: Venusaur|Sleep Powder|p1b: Conkeldurr\n|-status|p1b: Conkeldurr|slp|[from] move: Sleep Powder\n|\n|-weather|SunnyDay|[upkeep]\n|-fieldend|move: Trick Room\n|upkeep\n|turn|6\n|c|\u2606varkin1337|gg\n|c|\u2606boysenorange|gg\n|\n|t:|1776385011\n|cant|p1b: Conkeldurr|slp\n|move|p2b: Venusaur|Giga Drain|p1a: Kangaskhan\n|-damage|p1a: Kangaskhan|15/100\n|-heal|p2b: Venusaur|27/100|[from] drain|[of] p1a: Kangaskhan\n|move|p1a: Kangaskhan|Last Resort|p2b: Venusaur\n|-damage|p2b: Venusaur|0 fnt\n|faint|p2b: Venusaur\n|\n|win|boysenorange\n|raw|boysenorange's rating: 1258 &rarr; <strong>1286</strong><br />(+28 for winning)\n|raw|varkin1337's rating: 1298 &rarr; <strong>1270</strong><br />(-28 for losing)\n",
  "uploadtime": 1776385020,
  "views": 42,
  "formatid": "gen9championsvgc2026regma",
  "rating": 1270,
  "private": 0,
  "password": null
}