{
  "id": "gen9championsvgc2026regma-2588410292",
  "format": "[Gen 9 Champions] VGC 2026 Reg M-A",
  "players": [
    "amarillo2324",
    "Ictus26"
  ],
  "log": "|j|\u2606amarillo2324\n|j|\u2606Ictus26\n|t:|1776631171\n|gametype|doubles\n|player|p1|amarillo2324|steven|1008\n|player|p2|Ictus26|cynthia-masters4|1000\n|gen|9\n|tier|[Gen 9 Champions] VGC 2026 Reg M-A\n|rated|\n|rule|Species Clause: Limit one of each Pok\u00e9mon\n|rule|Item Clause: Limit 1 of each item\n|clearpoke\n|poke|p1|Froslass, L50, F|\n|poke|p1|Rotom-Wash, L50|\n|poke|p1|Sneasler, L50, M|\n|poke|p1|Incineroar, L50, M|\n|poke|p1|Whimsicott, L50, M|\n|poke|p1|Aegislash, L50, M|\n|poke|p2|Froslass, L50, F|\n|poke|p2|Rotom-Wash, L50|\n|poke|p2|Aerodactyl, L50, M, shiny|\n|poke|p2|Garchomp, L50, F|\n|poke|p2|Corviknight, L50, M|\n|poke|p2|Incineroar, L50, M|\n|teampreview|4\n|\n|t:|1776631230\n|teamsize|p1|4\n|teamsize|p2|4\n|start\n|switch|p1a: Froslass|Froslass, L50, F|100/100\n|switch|p1b: Whimsicott|Whimsicott, L50, M|100/100\n|switch|p2a: Aerodactyl|Aerodactyl, L50, M, shiny|100/100\n|switch|p2b: Incineroar|Incineroar, L50, M|100/100\n|-ability|p2a: Aerodactyl|Unnerve\n|-ability|p2b: Incineroar|Intimidate|boost\n|-unboost|p1a: Froslass|atk|1\n|-unboost|p1b: Whimsicott|atk|1\n|turn|1\n|\n|t:|1776631254\n|detailschange|p1a: Froslass|Froslass-Mega, L50, F\n|-mega|p1a: Froslass|Froslass|Froslassite\n|-weather|Snowscape|[from] ability: Snow Warning|[of] p1a: Froslass\n|move|p1b: Whimsicott|Protect|p1b: Whimsicott\n|-singleturn|p1b: Whimsicott|Protect\n|move|p2b: Incineroar|Fake Out|p1b: Whimsicott\n|-activate|p1b: Whimsicott|move: Protect\n|move|p2a: Aerodactyl|Rock Slide|p1b: Whimsicott|[spread] p1a\n|-activate|p1b: Whimsicott|move: Protect\n|-supereffective|p1a: Froslass|1\n|-damage|p1a: Froslass|41/100\n|move|p1a: Froslass|Aurora Veil|p1a: Froslass\n|-sidestart|p1: amarillo2324|move: Aurora Veil\n|\n|-weather|Snowscape|[upkeep]\n|upkeep\n|turn|2\n|\n|t:|1776631286\n|switch|p1a: Rotom|Rotom-Wash, L50|100/100\n|move|p2a: Aerodactyl|Dual Wingbeat|p1b: Whimsicott\n|-supereffective|p1b: Whimsicott|1\n|-damage|p1b: Whimsicott|65/100\n|-supereffective|p1b: Whimsicott|1\n|-damage|p1b: Whimsicott|29/100\n|-hitcount|p1b: Whimsicott|2\n|move|p1b: Whimsicott|Dazzling Gleam|p2b: Incineroar|[spread] p2a,p2b\n|-damage|p2a: Aerodactyl|69/100\n|-damage|p2b: Incineroar|80/100\n|move|p2b: Incineroar|Darkest Lariat|p1a: Rotom\n|-damage|p1a: Rotom|76/100\n|\n|-weather|Snowscape|[upkeep]\n|-heal|p1a: Rotom|81/100|[from] item: Leftovers\n|upkeep\n|turn|3\n|\n|t:|1776631313\n|move|p1b: Whimsicott|Tailwind|p1b: Whimsicott\n|-sidestart|p1: amarillo2324|move: Tailwind\n|move|p1a: Rotom|Hydro Pump|p2b: Incineroar\n|-supereffective|p2b: Incineroar|1\n|-damage|p2b: Incineroar|1/100\n|-enditem|p2b: Incineroar|Sitrus Berry|[eat]\n|-heal|p2b: Incineroar|26/100|[from] item: Sitrus Berry\n|move|p2a: Aerodactyl|Dual Wingbeat|p1b: Whimsicott\n|-supereffective|p1b: Whimsicott|1\n|-damage|p1b: Whimsicott|0 fnt\n|faint|p1b: Whimsicott\n|-hitcount|p1: Whimsicott|1\n|move|p2b: Incineroar|Parting Shot|p1a: Rotom\n|-unboost|p1a: Rotom|atk|1\n|-unboost|p1a: Rotom|spa|1\n|\n|t:|1776631323\n|switch|p2b: Corviknight|Corviknight, L50, M|100/100|[from] Parting Shot\n|\n|-weather|Snowscape|[upkeep]\n|-heal|p1a: Rotom|87/100|[from] item: Leftovers\n|upkeep\n|\n|t:|1776631339\n|switch|p1b: Sneasler|Sneasler, L50, M|100/100\n|turn|4\n|\n|t:|1776631365\n|move|p1b: Sneasler|Close Combat|p2b: Corviknight\n|-damage|p2b: Corviknight|44/100\n|-unboost|p1b: Sneasler|def|1\n|-unboost|p1b: Sneasler|spd|1\n|-immune|p2b: Corviknight\n|move|p1a: Rotom|Thunderbolt|p2a: Aerodactyl\n|-supereffective|p2a: Aerodactyl|1\n|-damage|p2a: Aerodactyl|11/100\n|move|p2a: Aerodactyl|Dual Wingbeat|p1b: Sneasler\n|-supereffective|p1b: Sneasler|1\n|-damage|p1b: Sneasler|41/100\n|-supereffective|p1b: Sneasler|1\n|-damage|p1b: Sneasler|0 fnt\n|faint|p1b: Sneasler\n|-hitcount|p1: Sneasler|2\n|move|p2b: Corviknight|Bulk Up|p2b: Corviknight\n|-boost|p2b: Corviknight|atk|1\n|-boost|p2b: Corviknight|def|1\n|\n|-weather|Snowscape|[upkeep]\n|-heal|p1a: Rotom|93/100|[from] item: Leftovers\n|-heal|p2b: Corviknight|50/100|[from] item: Leftovers\n|upkeep\n|\n|t:|1776631390\n|switch|p1b: Froslass|Froslass-Mega, L50, F|41/100\n|turn|5\n|\n|t:|1776631405\n|move|p1b: Froslass|Protect|p1b: Froslass\n|-singleturn|p1b: Froslass|Protect\n|move|p2a: Aerodactyl|Wide Guard|p2a: Aerodactyl\n|-singleturn|p2a: Aerodactyl|Wide Guard\n|move|p1a: Rotom|Thunderbolt|p2b: Corviknight\n|-supereffective|p2b: Corviknight|1\n|-damage|p2b: Corviknight|11/100\n|move|p2b: Corviknight|Iron Head|p1b: Froslass\n|-activate|p1b: Froslass|move: Protect\n|\n|-weather|none\n|-heal|p1a: Rotom|99/100|[from] item: Leftovers\n|-heal|p2b: Corviknight|17/100|[from] item: Leftovers\n|-sideend|p1: amarillo2324|move: Aurora Veil\n|upkeep\n|turn|6\n|\n|t:|1776631443\n|move|p1a: Rotom|Protect|p1a: Rotom\n|-singleturn|p1a: Rotom|Protect\n|move|p1b: Froslass|Blizzard|p2b: Corviknight|[spread] p2a\n|-miss|p1b: Froslass|p2b: Corviknight\n|-supereffective|p2a: Aerodactyl|1\n|-damage|p2a: Aerodactyl|0 fnt\n|faint|p2a: Aerodactyl\n|move|p2b: Corviknight|Roost|p2b: Corviknight\n|-heal|p2b: Corviknight|67/100\n|-singleturn|p2b: Corviknight|move: Roost\n|\n|-heal|p1a: Rotom|100/100|[from] item: Leftovers\n|-heal|p2b: Corviknight|73/100|[from] item: Leftovers\n|-sideend|p1: amarillo2324|move: Tailwind\n|upkeep\n|\n|t:|1776631449\n|switch|p2a: Incineroar|Incineroar, L50, M|26/100\n|-ability|p2a: Incineroar|Intimidate|boost\n|-unboost|p1a: Rotom|atk|1\n|-unboost|p1b: Froslass|atk|1\n|turn|7\n|\n|t:|1776631473\n|move|p1b: Froslass|Protect|p1b: Froslass\n|-singleturn|p1b: Froslass|Protect\n|move|p2a: Incineroar|Fake Out|p1a: Rotom\n|-damage|p1a: Rotom|90/100\n|cant|p1a: Rotom|flinch\n|move|p2b: Corviknight|Iron Head|p1b: Froslass\n|-activate|p1b: Froslass|move: Protect\n|\n|-heal|p1a: Rotom|95/100|[from] item: Leftovers\n|-heal|p2b: Corviknight|79/100|[from] item: Leftovers\n|upkeep\n|turn|8\n|\n|t:|1776631493\n|move|p1b: Froslass|Shadow Ball|p2b: Corviknight\n|-damage|p2b: Corviknight|44/100\n|move|p1a: Rotom|Hydro Pump|p2a: Incineroar|[miss]\n|-miss|p1a: Rotom|p2a: Incineroar\n|move|p2b: Corviknight|Iron Head|p1b: Froslass\n|-supereffective|p1b: Froslass|1\n|-damage|p1b: Froslass|0 fnt\n|faint|p1b: Froslass\n|move|p2a: Incineroar|Darkest Lariat|p1a: Rotom\n|-damage|p1a: Rotom|57/100\n|\n|-heal|p1a: Rotom|63/100|[from] item: Leftovers\n|-heal|p2b: Corviknight|50/100|[from] item: Leftovers\n|upkeep\n|turn|9\n|\n|t:|1776631513\n|move|p1a: Rotom|Thunderbolt|p2b: Corviknight\n|-supereffective|p2b: Corviknight|1\n|-damage|p2b: Corviknight|10/100\n|move|p2b: Corviknight|Roost|p2b: Corviknight\n|-heal|p2b: Corviknight|61/100\n|-singleturn|p2b: Corviknight|move: Roost\n|move|p2a: Incineroar|Parting Shot|p1a: Rotom\n|-unboost|p1a: Rotom|atk|1\n|-unboost|p1a: Rotom|spa|1\n|\n|t:|1776631522\n|switch|p2a: Froslass|Froslass, L50, F|100/100|[from] Parting Shot\n|\n|-heal|p1a: Rotom|69/100|[from] item: Leftovers\n|-heal|p2b: Corviknight|67/100|[from] item: Leftovers\n|upkeep\n|turn|10\n|\n|t:|1776631537\n|detailschange|p2a: Froslass|Froslass-Mega, L50, F\n|-mega|p2a: Froslass|Froslass|Froslassite\n|-weather|Snowscape|[from] ability: Snow Warning|[of] p2a: Froslass\n|move|p2a: Froslass|Shadow Ball|p1a: Rotom\n|-damage|p1a: Rotom|24/100\n|move|p1a: Rotom|Will-O-Wisp|p2a: Froslass\n|-status|p2a: Froslass|brn\n|move|p2b: Corviknight|Brave Bird|p1a: Rotom\n|-resisted|p1a: Rotom|1\n|-damage|p1a: Rotom|0 fnt\n|faint|p1a: Rotom\n|-damage|p2b: Corviknight|61/100|[from] Recoil\n|\n|win|Ictus26\n|raw|amarillo2324's rating: 1008 &rarr; <strong>1000</strong><br />(-8 for losing)\n|raw|Ictus26's rating: 1000 &rarr; <strong>1041</strong><br />(+41 for winning)\n|l|\u2606amarillo2324\n|player|p1|\n",
  "uploadtime": 1776631830,
  "views": 12,
  "formatid": "gen9championsvgc2026regma",
  "rating": 1000,
  "private": 0,
  "password": null
}