{
  "id": "gen9championsvgc2026regma-2588358566",
  "format": "[Gen 9 Champions] VGC 2026 Reg M-A",
  "players": [
    "Pevar_8",
    "im baked bread"
  ],
  "log": "|j|\u2606Pevar_8\n|j|\u2606im baked bread\n|t:|1776626933\n|gametype|doubles\n|player|p1|Pevar_8|265|1393\n|player|p2|im baked bread|cynthia-gen4|1422\n|gen|9\n|tier|[Gen 9 Champions] VGC 2026 Reg M-A\n|rated|\n|rule|Species Clause: Limit one of each Pok\u00e9mon\n|rule|Item Clause: Limit 1 of each item\n|clearpoke\n|poke|p1|Basculegion, L50, M|\n|poke|p1|Talonflame, L50, M|\n|poke|p1|Sinistcha, L50|\n|poke|p1|Sneasler, L50, F|\n|poke|p1|Garchomp, L50, M|\n|poke|p1|Floette-Eternal, L50, F|\n|poke|p2|Charizard, L50, F|\n|poke|p2|Whimsicott, L50, M|\n|poke|p2|Farigiraf, L50, F|\n|poke|p2|Sneasler, L50, M|\n|poke|p2|Garchomp, L50, M|\n|poke|p2|Kingambit, L50, F|\n|teampreview|4\n|inactive|Battle timer is ON: inactive players will automatically lose when time's up. (requested by im baked bread)\n|inactive|im baked bread has 60 seconds left.\n|\n|t:|1776626966\n|teamsize|p1|4\n|teamsize|p2|4\n|start\n|switch|p1a: Basculegion|Basculegion, L50, M|100/100\n|switch|p1b: Talonflame|Talonflame, L50, M|100/100\n|switch|p2a: Garchomp|Garchomp, L50, M|100/100\n|switch|p2b: Charizard|Charizard, L50, F|100/100\n|turn|1\n|\n|t:|1776626978\n|detailschange|p2b: Charizard|Charizard-Mega-Y, L50, F\n|-mega|p2b: Charizard|Charizard|Charizardite Y\n|-weather|SunnyDay|[from] ability: Drought|[of] p2b: Charizard\n|move|p1b: Talonflame|Tailwind|p1b: Talonflame\n|-sidestart|p1: Pevar_8|move: Tailwind\n|move|p1a: Basculegion|Wave Crash|p2b: Charizard\n|-supereffective|p2b: Charizard|1\n|-damage|p2b: Charizard|1/100\n|-damage|p1a: Basculegion|75/100|[from] Recoil\n|move|p2a: Garchomp|Rock Slide|p1a: Basculegion|[spread] p1a,p1b\n|-supereffective|p1b: Talonflame|2\n|-crit|p1b: Talonflame\n|-damage|p1a: Basculegion|46/100\n|-damage|p1b: Talonflame|0 fnt\n|faint|p1b: Talonflame\n|move|p2b: Charizard|Solar Beam||[still]\n|-prepare|p2b: Charizard|Solar Beam\n|-anim|p2b: Charizard|Solar Beam|p1a: Basculegion\n|-supereffective|p1a: Basculegion|1\n|-damage|p1a: Basculegion|0 fnt\n|faint|p1a: Basculegion\n|\n|-weather|SunnyDay|[upkeep]\n|upkeep\n|\n|t:|1776626997\n|switch|p1b: Floette|Floette-Eternal, L50, F|100/100\n|switch|p1a: Garchomp|Garchomp, L50, M|100/100\n|turn|2\n|\n|t:|1776627021\n|switch|p2a: Kingambit|Kingambit, L50, F|100/100\n|detailschange|p1b: Floette|Floette-Mega, L50, F\n|-mega|p1b: Floette|Floette|Floettite\n|-ability|p1b: Floette|Fairy Aura\n|move|p2b: Charizard|Protect|p2b: Charizard\n|-singleturn|p2b: Charizard|Protect\n|move|p1a: Garchomp|Rock Slide|p2a: Kingambit|[spread] p2a\n|-activate|p2b: Charizard|move: Protect\n|-resisted|p2a: Kingambit|1\n|-damage|p2a: Kingambit|93/100\n|move|p1b: Floette|Calm Mind|p1b: Floette\n|-boost|p1b: Floette|spa|1\n|-boost|p1b: Floette|spd|1\n|\n|-weather|SunnyDay|[upkeep]\n|upkeep\n|turn|3\n|\n|t:|1776627046\n|move|p1a: Garchomp|Earthquake|p2a: Kingambit|[spread] p1b,p2a\n|-immune|p2b: Charizard\n|-supereffective|p2a: Kingambit|1\n|-damage|p1b: Floette|52/100\n|-damage|p2a: Kingambit|20/100\n|move|p1b: Floette|Dazzling Gleam|p2a: Kingambit|[spread] p2a,p2b\n|-resisted|p2b: Charizard|1\n|-damage|p2a: Kingambit|0 fnt\n|-damage|p2b: Charizard|0 fnt\n|faint|p2a: Kingambit\n|faint|p2b: Charizard\n|\n|-weather|SunnyDay|[upkeep]\n|upkeep\n|\n|t:|1776627056\n|switch|p2b: Sneasler|Sneasler, L50, M|100/100\n|switch|p2a: Garchomp|Garchomp, L50, M|100/100\n|turn|4\n|\n|t:|1776627066\n|move|p1b: Floette|Protect|p1b: Floette\n|-singleturn|p1b: Floette|Protect\n|move|p1a: Garchomp|Earthquake|p2b: Sneasler|[spread] p2a,p2b\n|-activate|p1b: Floette|move: Protect\n|-supereffective|p2b: Sneasler|1\n|-damage|p2a: Garchomp|54/100\n|-damage|p2b: Sneasler|0 fnt\n|faint|p2b: Sneasler\n|move|p2a: Garchomp|Dragon Claw|p1a: Garchomp\n|-supereffective|p1a: Garchomp|1\n|-damage|p1a: Garchomp|10/100\n|-damage|p2a: Garchomp|42/100|[from] ability: Rough Skin|[of] p1a: Garchomp\n|\n|-weather|SunnyDay|[upkeep]\n|-sideend|p1: Pevar_8|move: Tailwind\n|upkeep\n|turn|5\n|-message|im baked bread forfeited.\n|\n|win|Pevar_8\n|raw|Pevar_8's rating: 1393 &rarr; <strong>1415</strong><br />(+22 for winning)\n|raw|im baked bread's rating: 1422 &rarr; <strong>1400</strong><br />(-22 for losing)\n|l|\u2606im baked bread\n|player|p2|\n",
  "uploadtime": 1776627083,
  "views": 14,
  "formatid": "gen9championsvgc2026regma",
  "rating": 1400,
  "private": 0,
  "password": null
}