{
  "id": "gen9championsvgc2026regma-2589513258",
  "format": "[Gen 9 Champions] VGC 2026 Reg M-A",
  "players": [
    "tzarii",
    "bugeater"
  ],
  "log": "|j|\u2606tzarii\n|j|\u2606bugeater\n|t:|1776729801\n|gametype|doubles\n|player|p1|tzarii|lady-gen4|1600\n|player|p2|bugeater|pokemaniac|1567\n|gen|9\n|tier|[Gen 9 Champions] VGC 2026 Reg M-A\n|rated|\n|rule|Species Clause: Limit one of each Pok\u00e9mon\n|rule|Item Clause: Limit 1 of each item\n|clearpoke\n|poke|p1|Scovillain, L50, M|\n|poke|p1|Kingambit, L50, F|\n|poke|p1|Primarina, L50, M|\n|poke|p1|Sneasler, L50, M|\n|poke|p1|Tyranitar, L50, F|\n|poke|p1|Farigiraf, L50, M|\n|poke|p2|Excadrill, L50, M|\n|poke|p2|Tyranitar, L50, F, shiny|\n|poke|p2|Garchomp, L50, F|\n|poke|p2|Rotom-Wash, L50|\n|poke|p2|Sinistcha, L50|\n|poke|p2|Floette-Eternal, L50, F|\n|teampreview|4\n|inactive|Battle timer is ON: inactive players will automatically lose when time's up. (requested by bugeater)\n|j| Yoelseco7\n|j| oil duck\n|inactive|tzarii has 60 seconds left.\n|inactive|bugeater has 60 seconds left.\n|j| greenwoodgatrs\n|l| greenwoodgatrs\n|j| greenwoodgatrs\n|l| greenwoodgatrs\n|inactive|tzarii has 30 seconds left.\n|inactive|tzarii has 20 seconds left.\n|\n|t:|1776729873\n|teamsize|p1|4\n|teamsize|p2|4\n|start\n|switch|p1a: Scovillain|Scovillain, L50, M|100/100\n|switch|p1b: Primarina|Primarina, L50, M|100/100\n|switch|p2a: Tyranitar|Tyranitar, L50, F, shiny|100/100\n|switch|p2b: Garchomp|Garchomp, L50, F|100/100\n|-weather|Sandstorm|[from] ability: Sand Stream|[of] p2a: Tyranitar\n|turn|1\n|j| greenwoodgatrs\n|l| greenwoodgatrs\n|inactive|bugeater has 30 seconds left.\n|\n|t:|1776729899\n|switch|p2a: Floette|Floette-Eternal, L50, F|100/100\n|detailschange|p1a: Scovillain|Scovillain-Mega, L50, M\n|-mega|p1a: Scovillain|Scovillain|Scovillainite\n|move|p1b: Primarina|Protect|p1b: Primarina\n|-singleturn|p1b: Primarina|Protect\n|move|p2b: Garchomp|Poison Jab|p1b: Primarina\n|-activate|p1b: Primarina|move: Protect\n|move|p1a: Scovillain|Leech Seed|p2a: Floette\n|-start|p2a: Floette|move: Leech Seed\n|\n|-weather|Sandstorm|[upkeep]\n|-damage|p2a: Floette|94/100|[from] Sandstorm\n|-damage|p1a: Scovillain|95/100|[from] Sandstorm\n|-damage|p1b: Primarina|94/100|[from] Sandstorm\n|-damage|p2a: Floette|82/100|[from] Leech Seed|[of] p1a: Scovillain\n|-heal|p1a: Scovillain|100/100|[silent]\n|upkeep\n|turn|2\n|j| sileshar\n|inactive|bugeater has 30 seconds left.\n|\n|t:|1776729930\n|detailschange|p2a: Floette|Floette-Mega, L50, F\n|-mega|p2a: Floette|Floette|Floettite\n|-ability|p2a: Floette|Fairy Aura\n|move|p1a: Scovillain|Rage Powder|p1a: Scovillain\n|-singleturn|p1a: Scovillain|move: Rage Powder\n|move|p2b: Garchomp|Poison Jab|p1a: Scovillain\n|-supereffective|p1a: Scovillain|1\n|-damage|p1a: Scovillain|44/100\n|-status|p2b: Garchomp|brn|[from] ability: Spicy Spray|[of] p1a: Scovillain\n|move|p2a: Floette|Light of Ruin|p1a: Scovillain\n|-resisted|p1a: Scovillain|1\n|-damage|p1a: Scovillain|0 fnt\n|-status|p2a: Floette|brn|[from] ability: Spicy Spray|[of] p1a: Scovillain\n|faint|p1a: Scovillain\n|-damage|p2a: Floette|62/100 brn|[from] Recoil\n|move|p1b: Primarina|Calm Mind|p1b: Primarina\n|-boost|p1b: Primarina|spa|1\n|-boost|p1b: Primarina|spd|1\n|\n|-weather|Sandstorm|[upkeep]\n|-damage|p2a: Floette|56/100 brn|[from] Sandstorm\n|-damage|p1b: Primarina|88/100|[from] Sandstorm\n|-damage|p2b: Garchomp|95/100 brn|[from] brn\n|-damage|p2a: Floette|50/100 brn|[from] brn\n|upkeep\n|\n|t:|1776729949\n|switch|p1a: Sneasler|Sneasler, L50, M|100/100\n|turn|3\n|inactive|tzarii has 30 seconds left.\n|inactive|tzarii has 20 seconds left.\n|inactive|tzarii has 15 seconds left.\n|\n|t:|1776729990\n|move|p2b: Garchomp|Poison Jab|p1b: Primarina\n|-supereffective|p1b: Primarina|1\n|-damage|p1b: Primarina|53/100\n|move|p1a: Sneasler|Dire Claw|p2a: Floette\n|-supereffective|p2a: Floette|1\n|-damage|p2a: Floette|0 fnt\n|faint|p2a: Floette\n|move|p1b: Primarina|Moonblast|p2b: Garchomp\n|-supereffective|p2b: Garchomp|1\n|-damage|p2b: Garchomp|0 fnt\n|faint|p2b: Garchomp\n|\n|-weather|Sandstorm|[upkeep]\n|-damage|p1a: Sneasler|95/100|[from] Sandstorm\n|-damage|p1b: Primarina|47/100|[from] Sandstorm\n|-enditem|p1b: Primarina|Sitrus Berry|[eat]\n|-heal|p1b: Primarina|72/100|[from] item: Sitrus Berry\n|upkeep\n|\n|t:|1776729998\n|switch|p2b: Excadrill|Excadrill, L50, M|100/100\n|switch|p2a: Tyranitar|Tyranitar, L50, F, shiny|100/100\n|turn|4\n|inactive|tzarii has 30 seconds left.\n|\n|t:|1776730024\n|move|p1a: Sneasler|Protect|p1a: Sneasler\n|-singleturn|p1a: Sneasler|Protect\n|move|p2a: Tyranitar|Protect|p2a: Tyranitar\n|-singleturn|p2a: Tyranitar|Protect\n|move|p2b: Excadrill|Earthquake|p1a: Sneasler|[spread] p1b\n|-activate|p2a: Tyranitar|move: Protect\n|-activate|p1a: Sneasler|move: Protect\n|-damage|p1b: Primarina|24/100\n|move|p1b: Primarina|Hyper Voice|p2b: Excadrill|[spread] p2b\n|-activate|p2a: Tyranitar|move: Protect\n|-supereffective|p2b: Excadrill|1\n|-enditem|p2b: Excadrill|Focus Sash\n|-damage|p2b: Excadrill|1/100\n|\n|-weather|Sandstorm|[upkeep]\n|-damage|p1a: Sneasler|89/100|[from] Sandstorm\n|-damage|p1b: Primarina|18/100|[from] Sandstorm\n|upkeep\n|turn|5\n|j| Glaceon0404\n|inactive|tzarii has 30 seconds left.\n|inactive|tzarii has 20 seconds left.\n|inactive|tzarii has 15 seconds left.\n|\n|t:|1776730065\n|switch|p1a: Kingambit|Kingambit, L50, F|100/100\n|move|p2b: Excadrill|Earthquake|p1b: Primarina|[spread] p2a,p1a,p1b\n|-supereffective|p2a: Tyranitar|1\n|-supereffective|p1a: Kingambit|1\n|-damage|p2a: Tyranitar|30/100\n|-damage|p1a: Kingambit|30/100\n|-damage|p1b: Primarina|0 fnt\n|faint|p1b: Primarina\n|move|p2a: Tyranitar|Low Kick|p1a: Kingambit\n|-supereffective|p1a: Kingambit|2\n|-damage|p1a: Kingambit|0 fnt\n|faint|p1a: Kingambit\n|\n|-weather|none\n|upkeep\n|\n|t:|1776730067\n|switch|p1b: Sneasler|Sneasler, L50, M|89/100\n|turn|6\n|\n|t:|1776730077\n|move|p2b: Excadrill|Protect|p2b: Excadrill\n|-singleturn|p2b: Excadrill|Protect\n|move|p2a: Tyranitar|Protect|p2a: Tyranitar\n|-singleturn|p2a: Tyranitar|Protect\n|move|p1b: Sneasler|Close Combat|p2b: Excadrill\n|-activate|p2b: Excadrill|move: Protect\n|\n|upkeep\n|turn|7\n|j| 02xygen_\n|l| 02xygen_\n|j| greenwoodgatrs\n|\n|t:|1776730094\n|move|p2b: Excadrill|Protect||[still]\n|-fail|p2b: Excadrill\n|move|p1b: Sneasler|Close Combat|p2b: Excadrill\n|-supereffective|p2b: Excadrill|1\n|-damage|p2b: Excadrill|0 fnt\n|-unboost|p1b: Sneasler|def|1\n|-unboost|p1b: Sneasler|spd|1\n|faint|p2b: Excadrill\n|-enditem|p1b: Sneasler|White Herb\n|-clearnegativeboost|p1b: Sneasler|[silent]\n|move|p2a: Tyranitar|Rock Slide|p1b: Sneasler\n|-resisted|p1b: Sneasler|1\n|-damage|p1b: Sneasler|54/100\n|\n|upkeep\n|turn|8\n|\n|t:|1776730097\n|move|p1b: Sneasler|Close Combat|p2a: Tyranitar\n|-supereffective|p2a: Tyranitar|2\n|-damage|p2a: Tyranitar|0 fnt\n|-unboost|p1b: Sneasler|def|1\n|-unboost|p1b: Sneasler|spd|1\n|faint|p2a: Tyranitar\n|\n|win|tzarii\n|raw|tzarii's rating: 1600 &rarr; <strong>1618</strong><br />(+18 for winning)\n|raw|bugeater's rating: 1567 &rarr; <strong>1549</strong><br />(-18 for losing)\n|l|\u2606bugeater\n|player|p2|\n|l| oil duck\n|l| greenwoodgatrs\n|l|\u2606tzarii\n|player|p1|\n|j|\u2606tzarii\n|player|p1|tzarii|lady-gen4|\n",
  "uploadtime": 1776730203,
  "views": 8,
  "formatid": "gen9championsvgc2026regma",
  "rating": 1549,
  "private": 0,
  "password": null
}