{
  "id": "gen9championsvgc2026regma-2580847684",
  "format": "[Gen 9 Champions] VGC 2026 Reg M-A",
  "players": [
    "Momoi Runa",
    "jony_vgc"
  ],
  "log": "|j|\u2606Momoi Runa\n|j|\u2606jony_vgc\n|t:|1775937383\n|gametype|doubles\n|player|p1|Momoi Runa|schoolkidf|1072\n|player|p2|jony_vgc|fantina|1000\n|gen|9\n|tier|[Gen 9 Champions] VGC 2026 Reg M-A\n|rated|\n|rule|Species Clause: Limit one of each Pok\u00e9mon\n|rule|Item Clause: Limit 1 of each item\n|clearpoke\n|poke|p1|Aegislash, L50, M|\n|poke|p1|Kangaskhan, L50, F|\n|poke|p1|Garchomp, L50, F|\n|poke|p1|Milotic, L50, F|\n|poke|p1|Rotom-Heat, L50|\n|poke|p1|Sylveon, L50, M|\n|poke|p2|Froslass, L50, F|\n|poke|p2|Volcarona, L50, M|\n|poke|p2|Ninetales-Alola, L50, M|\n|poke|p2|Feraligatr, L50, M|\n|poke|p2|Kingambit, L50, F|\n|poke|p2|Sneasler, L50, F|\n|teampreview|4\n|\n|t:|1775937418\n|teamsize|p1|4\n|teamsize|p2|4\n|start\n|switch|p1a: Aegislash|Aegislash, L50, M|100/100\n|switch|p1b: Garchomp|Garchomp, L50, F|100/100\n|switch|p2a: Volcarona|Volcarona, L50, M|100/100\n|switch|p2b: Froslass|Froslass, L50, F|100/100\n|turn|1\n|\n|t:|1775937440\n|move|p2b: Froslass|Protect|p2b: Froslass\n|-singleturn|p2b: Froslass|Protect\n|move|p1a: Aegislash|Wide Guard|p1a: Aegislash\n|-singleturn|p1a: Aegislash|Wide Guard\n|move|p1b: Garchomp|Rock Slide|p2b: Froslass|[spread] \n|-activate|p2b: Froslass|move: Protect\n|-miss|p1b: Garchomp|p2a: Volcarona\n|move|p2a: Volcarona|Quiver Dance|p2a: Volcarona\n|-boost|p2a: Volcarona|spa|1\n|-boost|p2a: Volcarona|spd|1\n|-boost|p2a: Volcarona|spe|1\n|\n|upkeep\n|turn|2\n|\n|t:|1775937458\n|detailschange|p2b: Froslass|Froslass-Mega, L50, F\n|-mega|p2b: Froslass|Froslass|Froslassite\n|-weather|Snowscape|[from] ability: Snow Warning|[of] p2b: Froslass\n|move|p1a: Aegislash|Wide Guard|p1a: Aegislash\n|-singleturn|p1a: Aegislash|Wide Guard\n|move|p2a: Volcarona|Heat Wave|p1b: Garchomp|[spread] \n|-activate|p1a: Aegislash|move: Wide Guard\n|-activate|p1b: Garchomp|move: Wide Guard\n|move|p2b: Froslass|Blizzard|p1b: Garchomp|[spread] \n|-activate|p1a: Aegislash|move: Wide Guard\n|-activate|p1b: Garchomp|move: Wide Guard\n|move|p1b: Garchomp|Rock Slide|p2a: Volcarona|[spread] p2a,p2b\n|-supereffective|p2a: Volcarona|2\n|-supereffective|p2b: Froslass|1\n|-damage|p2a: Volcarona|23/100\n|-damage|p2b: Froslass|57/100\n|\n|-weather|Snowscape|[upkeep]\n|-heal|p2a: Volcarona|28/100|[from] item: Leftovers\n|upkeep\n|turn|3\n|\n|t:|1775937476\n|move|p1a: Aegislash|Wide Guard|p1a: Aegislash\n|-singleturn|p1a: Aegislash|Wide Guard\n|move|p2a: Volcarona|Bug Buzz|p1a: Aegislash\n|-resisted|p1a: Aegislash|2\n|-damage|p1a: Aegislash|87/100\n|move|p2b: Froslass|Shadow Ball|p1a: Aegislash\n|-supereffective|p1a: Aegislash|1\n|-damage|p1a: Aegislash|4/100\n|move|p1b: Garchomp|Rock Slide|p2a: Volcarona|[spread] p2a\n|-miss|p1b: Garchomp|p2b: Froslass\n|-supereffective|p2a: Volcarona|2\n|-damage|p2a: Volcarona|0 fnt\n|faint|p2a: Volcarona\n|\n|-weather|Snowscape|[upkeep]\n|-heal|p1a: Aegislash|10/100|[from] item: Leftovers\n|upkeep\n|\n|t:|1775937482\n|switch|p2a: Feraligatr|Feraligatr, L50, M, shiny|100/100\n|turn|4\n|\n|t:|1775937497\n|move|p1a: Aegislash|Wide Guard|p1a: Aegislash\n|-singleturn|p1a: Aegislash|Wide Guard\n|move|p2b: Froslass|Blizzard|p1b: Garchomp|[spread] \n|-activate|p1a: Aegislash|move: Wide Guard\n|-activate|p1b: Garchomp|move: Wide Guard\n|move|p1b: Garchomp|Rock Slide|p2b: Froslass|[spread] p2a,p2b\n|-supereffective|p2b: Froslass|1\n|-damage|p2a: Feraligatr|78/100\n|-damage|p2b: Froslass|17/100\n|move|p2a: Feraligatr|Dragon Dance|p2a: Feraligatr\n|-boost|p2a: Feraligatr|atk|1\n|-boost|p2a: Feraligatr|spe|1\n|\n|-weather|Snowscape|[upkeep]\n|-heal|p1a: Aegislash|16/100|[from] item: Leftovers\n|upkeep\n|turn|5\n|\n|t:|1775937512\n|move|p2b: Froslass|Protect|p2b: Froslass\n|-singleturn|p2b: Froslass|Protect\n|move|p1a: Aegislash|Wide Guard|p1a: Aegislash\n|-singleturn|p1a: Aegislash|Wide Guard\n|move|p2a: Feraligatr|Dragon Dance|p2a: Feraligatr\n|-boost|p2a: Feraligatr|atk|1\n|-boost|p2a: Feraligatr|spe|1\n|move|p1b: Garchomp|Rock Slide|p2a: Feraligatr|[spread] p2a\n|-activate|p2b: Froslass|move: Protect\n|-damage|p2a: Feraligatr|57/100\n|\n|-weather|Snowscape|[upkeep]\n|-heal|p1a: Aegislash|22/100|[from] item: Leftovers\n|upkeep\n|turn|6\n|\n|t:|1775937523\n|move|p1a: Aegislash|Wide Guard|p1a: Aegislash\n|-singleturn|p1a: Aegislash|Wide Guard\n|move|p2a: Feraligatr|Dragon Claw|p1b: Garchomp\n|-supereffective|p1b: Garchomp|1\n|-damage|p1b: Garchomp|2/100\n|-damage|p2a: Feraligatr|45/100|[from] ability: Rough Skin|[of] p1b: Garchomp\n|move|p2b: Froslass|Shadow Ball|p1a: Aegislash\n|-supereffective|p1a: Aegislash|1\n|-damage|p1a: Aegislash|0 fnt\n|faint|p1a: Aegislash\n|move|p1b: Garchomp|Dragon Claw|p2a: Feraligatr\n|-damage|p2a: Feraligatr|0 fnt\n|faint|p2a: Feraligatr\n|\n|-weather|none\n|upkeep\n|\n|t:|1775937532\n|switch|p2a: Sneasler|Sneasler, L50, F, shiny|100/100\n|switch|p1a: Sylveon|Sylveon, L50, M|100/100\n|turn|7\n|\n|t:|1775937549\n|move|p1b: Garchomp|Protect|p1b: Garchomp\n|-singleturn|p1b: Garchomp|Protect\n|move|p1a: Sylveon|Detect|p1a: Sylveon\n|-singleturn|p1a: Sylveon|Protect\n|move|p2b: Froslass|Shadow Ball|p1b: Garchomp\n|-activate|p1b: Garchomp|move: Protect\n|move|p2a: Sneasler|Dire Claw|p1a: Sylveon\n|-activate|p1a: Sylveon|move: Protect\n|\n|upkeep\n|turn|8\n|\n|t:|1775937562\n|move|p1a: Sylveon|Quick Attack|p2b: Froslass\n|-crit|p2b: Froslass\n|-damage|p2b: Froslass|0 fnt\n|faint|p2b: Froslass\n|move|p2a: Sneasler|Dire Claw|p1a: Sylveon\n|-supereffective|p1a: Sylveon|1\n|-damage|p1a: Sylveon|0 fnt\n|faint|p1a: Sylveon\n|move|p1b: Garchomp|Stomping Tantrum|p2a: Sneasler\n|-supereffective|p2a: Sneasler|1\n|-enditem|p2a: Sneasler|Focus Sash\n|-damage|p2a: Sneasler|1/100\n|\n|upkeep\n|\n|t:|1775937571\n|switch|p1a: Kangaskhan|Kangaskhan, L50, F|100/100\n|turn|9\n|\n|t:|1775937577\n|detailschange|p1a: Kangaskhan|Kangaskhan-Mega, L50, F\n|-mega|p1a: Kangaskhan|Kangaskhan|Kangaskhanite\n|move|p1a: Kangaskhan|Fake Out|p2a: Sneasler\n|-damage|p2a: Sneasler|0 fnt\n|faint|p2a: Sneasler\n|-hitcount|p2: Sneasler|1\n|\n|win|Momoi Runa\n|raw|Momoi Runa's rating: 1072 &rarr; <strong>1095</strong><br />(+23 for winning)\n|raw|jony_vgc's rating: 1000 &rarr; <strong>1000</strong><br />(+0 for losing)\n|c|\u2606Momoi Runa|Gg\n|l|\u2606jony_vgc\n|player|p2|\n",
  "uploadtime": 1775937633,
  "views": 12,
  "formatid": "gen9championsvgc2026regma",
  "rating": 1000,
  "private": 0,
  "password": null
}