{
  "id": "gen9championsvgc2026regma-2580381193",
  "format": "[Gen 9 Champions] VGC 2026 Reg M-A",
  "players": [
    "lolwhale",
    "JLFalcon"
  ],
  "log": "|j|\u2606lolwhale\n|j|\u2606JLFalcon\n|t:|1775888038\n|gametype|doubles\n|player|p1|lolwhale|170|\n|player|p2|JLFalcon|brycen|\n|gen|9\n|tier|[Gen 9 Champions] VGC 2026 Reg M-A\n|rated|Tournament battle\n|rule|Species Clause: Limit one of each Pok\u00e9mon\n|rule|Item Clause: Limit 1 of each item\n|clearpoke\n|poke|p1|Orthworm, L50, M|\n|poke|p1|Garchomp, L50, M|\n|poke|p1|Aerodactyl, L50, F|\n|poke|p1|Whimsicott, L50, F|\n|poke|p1|Basculegion-F, L50, F|\n|poke|p1|Vanilluxe, L50, F|\n|poke|p2|Floette-Eternal, L50, F|\n|poke|p2|Whimsicott, L50, M|\n|poke|p2|Garchomp, L50, F|\n|poke|p2|Rotom-Wash, L50|\n|poke|p2|Orthworm, L50, F|\n|poke|p2|Volcarona, L50, F|\n|teampreview|4\n|j| pr.iyanshu768500\n|c|\u2606JLFalcon|Glhf!\n|l| pr.iyanshu768500\n|c|\u2606lolwhale|You 2 mate\n|j| Erik_is_Generic\n|j| amongusgamer123\n|\n|t:|1775888095\n|teamsize|p1|4\n|teamsize|p2|4\n|start\n|switch|p1a: Basculegion|Basculegion-F, L50, F|100/100\n|switch|p1b: Orthworm|Orthworm, L50, M|100/100\n|switch|p2a: Floette|Floette-Eternal, L50, F|100/100\n|switch|p2b: Whimsicott|Whimsicott, L50, M|100/100\n|turn|1\n|j| X2Muz\n|j| mynamegrassgreen\n|j| tf2026\n|\n|t:|1775888144\n|detailschange|p2a: Floette|Floette-Mega, L50, F\n|-mega|p2a: Floette|Floette|Floettite\n|-ability|p2a: Floette|Fairy Aura\n|move|p2a: Floette|Protect|p2a: Floette\n|-singleturn|p2a: Floette|Protect\n|move|p1a: Basculegion|Flip Turn|p2b: Whimsicott\n|-resisted|p2b: Whimsicott|1\n|-damage|p2b: Whimsicott|82/100\n|\n|t:|1775888157\n|switch|p1a: Vanilluxe|Vanilluxe, L50, F|100/100|[from] Flip Turn\n|-weather|Snowscape|[from] ability: Snow Warning|[of] p1a: Vanilluxe\n|move|p2b: Whimsicott|Moonblast|p1a: Vanilluxe\n|-damage|p1a: Vanilluxe|42/100\n|move|p1b: Orthworm|Heavy Slam|p2a: Floette\n|-activate|p2a: Floette|move: Protect\n|\n|-weather|Snowscape|[upkeep]\n|upkeep\n|turn|2\n|j| twiggystix4014\n|\n|t:|1775888170\n|switch|p2a: Volcarona|Volcarona, L50, F|100/100\n|move|p2b: Whimsicott|Tailwind|p2b: Whimsicott\n|-sidestart|p2: JLFalcon|move: Tailwind\n|move|p1a: Vanilluxe|Blizzard|p2b: Whimsicott|[spread] p2a,p2b\n|-resisted|p2a: Volcarona|1\n|-crit|p2a: Volcarona\n|-supereffective|p2b: Whimsicott|1\n|-damage|p2a: Volcarona|74/100\n|-damage|p2b: Whimsicott|0 fnt\n|faint|p2b: Whimsicott\n|move|p1b: Orthworm|Shed Tail|p1b: Orthworm\n|-start|p1b: Orthworm|Substitute|[from] move: Shed Tail\n|-damage|p1b: Orthworm|50/100\n|-enditem|p1b: Orthworm|Sitrus Berry|[eat]\n|-heal|p1b: Orthworm|75/100|[from] item: Sitrus Berry\n|l| mynamegrassgreen\n|\n|t:|1775888188\n|switch|p1b: Aerodactyl|Aerodactyl, L50, F|100/100|[from] Shed Tail\n|\n|-weather|Snowscape|[upkeep]\n|upkeep\n|j| FBISurveillanceMan\n|\n|t:|1775888197\n|switch|p2b: Garchomp|Garchomp, L50, F|100/100\n|turn|3\n|\n|t:|1775888215\n|detailschange|p1b: Aerodactyl|Aerodactyl-Mega, L50, F\n|-mega|p1b: Aerodactyl|Aerodactyl|Aerodactylite\n|move|p2b: Garchomp|Rock Slide|p1a: Vanilluxe|[spread] p1a,p1b\n|-supereffective|p1b: Aerodactyl|1\n|-end|p1b: Aerodactyl|Substitute\n|-supereffective|p1a: Vanilluxe|1\n|-enditem|p1a: Vanilluxe|Charti Berry|[eat]\n|-enditem|p1a: Vanilluxe|Charti Berry|[weaken]\n|-damage|p1a: Vanilluxe|25/100\n|move|p2a: Volcarona|Will-O-Wisp|p1b: Aerodactyl\n|-status|p1b: Aerodactyl|brn\n|move|p1b: Aerodactyl|Rock Slide|p2b: Garchomp|[spread] p2a,p2b\n|-supereffective|p2a: Volcarona|2\n|-enditem|p2a: Volcarona|Charti Berry|[eat]\n|-enditem|p2a: Volcarona|Charti Berry|[weaken]\n|-resisted|p2b: Garchomp|1\n|-damage|p2a: Volcarona|48/100\n|-damage|p2b: Garchomp|93/100\n|move|p1a: Vanilluxe|Aurora Veil|p1a: Vanilluxe\n|-sidestart|p1: lolwhale|move: Aurora Veil\n|\n|-weather|Snowscape|[upkeep]\n|-damage|p1b: Aerodactyl|95/100 brn|[from] brn\n|upkeep\n|turn|4\n|\n|t:|1775888261\n|move|p1b: Aerodactyl|Protect|p1b: Aerodactyl\n|-singleturn|p1b: Aerodactyl|Protect\n|move|p2b: Garchomp|Rock Slide|p1b: Aerodactyl|[spread] p1a\n|-activate|p1b: Aerodactyl|move: Protect\n|-supereffective|p1a: Vanilluxe|1\n|-damage|p1a: Vanilluxe|0 fnt\n|faint|p1a: Vanilluxe\n|move|p2a: Volcarona|Heat Wave|p1b: Aerodactyl\n|-activate|p1b: Aerodactyl|move: Protect\n|\n|-weather|Snowscape|[upkeep]\n|-damage|p1b: Aerodactyl|89/100 brn|[from] brn\n|upkeep\n|\n|t:|1775888271\n|switch|p1a: Basculegion|Basculegion-F, L50, F|100/100\n|turn|5\n|\n|t:|1775888295\n|move|p2a: Volcarona|Protect|p2a: Volcarona\n|-singleturn|p2a: Volcarona|Protect\n|move|p2b: Garchomp|Rock Slide|p1b: Aerodactyl|[spread] p1b\n|-miss|p2b: Garchomp|p1a: Basculegion\n|-supereffective|p1b: Aerodactyl|1\n|-damage|p1b: Aerodactyl|53/100 brn\n|cant|p1b: Aerodactyl|flinch\n|move|p1a: Basculegion|Icy Wind|p2b: Garchomp|[spread] p2b\n|-activate|p2a: Volcarona|move: Protect\n|-supereffective|p2b: Garchomp|2\n|-crit|p2b: Garchomp\n|-damage|p2b: Garchomp|2/100\n|-unboost|p2b: Garchomp|spe|1\n|\n|-weather|none\n|-damage|p1b: Aerodactyl|47/100 brn|[from] brn\n|-sideend|p2: JLFalcon|move: Tailwind\n|upkeep\n|turn|6\n|\n|t:|1775888314\n|move|p1b: Aerodactyl|Dual Wingbeat|p2a: Volcarona\n|-supereffective|p2a: Volcarona|1\n|-damage|p2a: Volcarona|24/100\n|-supereffective|p2a: Volcarona|1\n|-damage|p2a: Volcarona|0 fnt\n|faint|p2a: Volcarona\n|-hitcount|p2: Volcarona|2\n|move|p1a: Basculegion|Icy Wind|p2b: Garchomp\n|-supereffective|p2b: Garchomp|2\n|-damage|p2b: Garchomp|0 fnt\n|faint|p2b: Garchomp\n|\n|-damage|p1b: Aerodactyl|41/100 brn|[from] brn\n|upkeep\n|\n|t:|1775888323\n|switch|p2b: Floette|Floette-Mega, L50, F|100/100\n|-ability|p2b: Floette|Fairy Aura\n|turn|7\n|j| LeezlePon\n|\n|t:|1775888330\n|switch|p1a: Orthworm|Orthworm, L50, M|75/100\n|move|p2b: Floette|Protect|p2b: Floette\n|-singleturn|p2b: Floette|Protect\n|move|p1b: Aerodactyl|Rock Slide|p2b: Floette\n|-activate|p2b: Floette|move: Protect\n|\n|-damage|p1b: Aerodactyl|36/100 brn|[from] brn\n|-sideend|p1: lolwhale|move: Aurora Veil\n|upkeep\n|turn|8\n|\n|t:|1775888340\n|move|p1b: Aerodactyl|Dual Wingbeat|p2b: Floette\n|-damage|p2b: Floette|84/100\n|-damage|p2b: Floette|65/100\n|-hitcount|p2b: Floette|2\n|move|p2b: Floette|Dazzling Gleam|p1a: Orthworm|[spread] p1a,p1b\n|-resisted|p1a: Orthworm|1\n|-damage|p1a: Orthworm|45/100\n|-damage|p1b: Aerodactyl|0 fnt\n|faint|p1b: Aerodactyl\n|move|p1a: Orthworm|Heavy Slam|p2b: Floette\n|-supereffective|p2b: Floette|1\n|-damage|p2b: Floette|0 fnt\n|faint|p2b: Floette\n|\n|win|lolwhale\n|n|\u2606lolwhale|lolwhale\n|n|\u2606JLFalcon|jlfalcon\n|n| Erik_is_Generic|erikisgeneric\n|n| amongusgamer123|amongusgamer123\n|n| X2Muz|x2muz\n|n| tf2026|tf2026\n|n| twiggystix4014|twiggystix4014\n|n| FBISurveillanceMan|fbisurveillanceman\n|n| LeezlePon|leezlepon\n|c|\u2606JLFalcon|GGs, wp\n|c|\u2606lolwhale|ggs!\n|l| tf2026\n|l|\u2606JLFalcon\n|player|p2|\n|c|\u2606lolwhale|Well played\n|l| twiggystix4014\n|l| Erik_is_Generic\n|l| LeezlePon\n|l| X2Muz\n",
  "uploadtime": 1775888340,
  "views": 13,
  "formatid": "gen9championsvgc2026regma",
  "rating": null,
  "private": 0,
  "password": null
}