{
  "id": "gen9championsvgc2026regma-2581311013",
  "format": "[Gen 9 Champions] VGC 2026 Reg M-A",
  "players": [
    "yohanitaro",
    "Mast0don"
  ],
  "log": "|j|\u2606yohanitaro\n|j|\u2606Mast0don\n|t:|1775984927\n|gametype|doubles\n|player|p1|yohanitaro|twins-gen4|1336\n|player|p2|Mast0don|drayden|1304\n|gen|9\n|tier|[Gen 9 Champions] VGC 2026 Reg M-A\n|rated|\n|rule|Species Clause: Limit one of each Pok\u00e9mon\n|rule|Item Clause: Limit 1 of each item\n|clearpoke\n|poke|p1|Incineroar, L50, M|\n|poke|p1|Sneasler, L50, F|\n|poke|p1|Garchomp, L50, F|\n|poke|p1|Rotom-Wash, L50|\n|poke|p1|Charizard, L50, F|\n|poke|p1|Venusaur, L50, F|\n|poke|p2|Dragonite, L50, F|\n|poke|p2|Kingambit, L50, F|\n|poke|p2|Basculegion, L50, M|\n|poke|p2|Sneasler, L50, F|\n|poke|p2|Clefable, L50, M|\n|poke|p2|Delphox, L50, M|\n|teampreview|4\n|inactive|Battle timer is ON: inactive players will automatically lose when time's up. (requested by Mast0don)\n|inactive|yohanitaro also wants the timer to be on.\n|inactive|yohanitaro has 60 seconds left.\n|inactive|Mast0don has 60 seconds left.\n|\n|t:|1775984969\n|teamsize|p1|4\n|teamsize|p2|4\n|start\n|switch|p1a: Charizard|Charizard, L50, F|100/100\n|switch|p1b: Venusaur|Venusaur, L50, F|100/100\n|switch|p2a: Dragonite|Dragonite, L50, F|100/100\n|switch|p2b: Clefable|Clefable, L50, M|100/100\n|turn|1\n|inactive|yohanitaro has 30 seconds left.\n|\n|t:|1775984994\n|move|p1a: Charizard|Heat Wave|p2b: Clefable|[spread] p2a,p2b\n|-resisted|p2a: Dragonite|1\n|-damage|p2a: Dragonite|92/100\n|-damage|p2b: Clefable|75/100\n|-status|p2a: Dragonite|brn\n|-enditem|p2a: Dragonite|Lum Berry|[eat]\n|-curestatus|p2a: Dragonite|brn|[msg]\n|move|p2a: Dragonite|Tailwind|p2a: Dragonite\n|-sidestart|p2: Mast0don|move: Tailwind\n|move|p2b: Clefable|Icy Wind|p1b: Venusaur|[spread] p1a,p1b\n|-crit|p1a: Charizard\n|-supereffective|p1b: Venusaur|1\n|-damage|p1a: Charizard|83/100\n|-damage|p1b: Venusaur|80/100\n|-unboost|p1a: Charizard|spe|1\n|-unboost|p1b: Venusaur|spe|1\n|move|p1b: Venusaur|Sleep Powder|p2a: Dragonite\n|-status|p2a: Dragonite|slp|[from] move: Sleep Powder\n|\n|upkeep\n|turn|2\n|j| gE1xjZRtuhW2DdT0AK\n|inactive|Mast0don has 30 seconds left.\n|\n|t:|1775985020\n|detailschange|p1a: Charizard|Charizard-Mega-Y, L50, F\n|-mega|p1a: Charizard|Charizard|Charizardite Y\n|-weather|SunnyDay|[from] ability: Drought|[of] p1a: Charizard\n|cant|p2a: Dragonite|slp\n|move|p1b: Venusaur|Sludge Bomb|p2b: Clefable\n|-supereffective|p2b: Clefable|1\n|-damage|p2b: Clefable|5/100\n|-enditem|p2b: Clefable|Sitrus Berry|[eat]\n|-heal|p2b: Clefable|30/100|[from] item: Sitrus Berry\n|move|p2b: Clefable|Icy Wind|p1a: Charizard|[spread] p1a,p1b\n|-supereffective|p1b: Venusaur|1\n|-damage|p1a: Charizard|73/100\n|-damage|p1b: Venusaur|58/100\n|-unboost|p1a: Charizard|spe|1\n|-unboost|p1b: Venusaur|spe|1\n|move|p1a: Charizard|Heat Wave|p2a: Dragonite|[spread] p2a\n|-miss|p1a: Charizard|p2b: Clefable\n|-resisted|p2a: Dragonite|1\n|-damage|p2a: Dragonite|57/100 slp\n|\n|-weather|SunnyDay|[upkeep]\n|upkeep\n|turn|3\n|\n|t:|1775985043\n|switch|p1b: Sneasler|Sneasler, L50, F|100/100\n|switch|p1a: Garchomp|Garchomp, L50, F|100/100\n|cant|p2a: Dragonite|slp\n|move|p2b: Clefable|Icy Wind|p1a: Garchomp|[spread] p1a,p1b\n|-supereffective|p1a: Garchomp|2\n|-damage|p1a: Garchomp|57/100\n|-damage|p1b: Sneasler|87/100\n|-unboost|p1a: Garchomp|spe|1\n|-unboost|p1b: Sneasler|spe|1\n|-enditem|p1b: Sneasler|White Herb\n|-clearnegativeboost|p1b: Sneasler|[silent]\n|\n|-weather|SunnyDay|[upkeep]\n|upkeep\n|turn|4\n|inactive|yohanitaro has 30 seconds left.\n|inactive|yohanitaro has 20 seconds left.\n|\n|t:|1775985079\n|-curestatus|p2a: Dragonite|slp|[msg]\n|move|p2a: Dragonite|Protect|p2a: Dragonite\n|-singleturn|p2a: Dragonite|Protect\n|move|p2b: Clefable|Protect|p2b: Clefable\n|-singleturn|p2b: Clefable|Protect\n|move|p1b: Sneasler|Rock Tomb|p2a: Dragonite\n|-activate|p2a: Dragonite|move: Protect\n|move|p1a: Garchomp|Rock Slide|p2b: Clefable|[spread] \n|-activate|p2a: Dragonite|move: Protect\n|-activate|p2b: Clefable|move: Protect\n|\n|-weather|SunnyDay|[upkeep]\n|-sideend|p2: Mast0don|move: Tailwind\n|upkeep\n|turn|5\n|\n|t:|1775985104\n|move|p2b: Clefable|Follow Me|p2b: Clefable\n|-singleturn|p2b: Clefable|move: Follow Me\n|move|p1b: Sneasler|Rock Tomb|p2b: Clefable\n|-damage|p2b: Clefable|12/100\n|-unboost|p2b: Clefable|spe|1\n|move|p1a: Garchomp|Rock Slide|p2b: Clefable|[spread] p2a\n|-miss|p1a: Garchomp|p2b: Clefable\n|-supereffective|p2a: Dragonite|1\n|-damage|p2a: Dragonite|5/100\n|cant|p2a: Dragonite|flinch\n|\n|-weather|SunnyDay|[upkeep]\n|upkeep\n|turn|6\n|\n|t:|1775985127\n|move|p2a: Dragonite|Extreme Speed|p1b: Sneasler\n|-damage|p1b: Sneasler|41/100\n|move|p1b: Sneasler|Dire Claw|p2a: Dragonite\n|-damage|p2a: Dragonite|0 fnt\n|faint|p2a: Dragonite\n|move|p1a: Garchomp|Rock Slide|p2b: Clefable\n|-damage|p2b: Clefable|0 fnt\n|faint|p2b: Clefable\n|\n|-weather|none\n|upkeep\n|\n|t:|1775985139\n|switch|p2a: Basculegion|Basculegion, L50, M|100/100\n|switch|p2b: Delphox|Delphox, L50, M|100/100\n|turn|7\n|\n|t:|1775985156\n|detailschange|p2b: Delphox|Delphox-Mega, L50, M\n|-mega|p2b: Delphox|Delphox|Delphoxite\n|move|p1b: Sneasler|Rock Tomb|p2b: Delphox\n|-supereffective|p2b: Delphox|1\n|-damage|p2b: Delphox|33/100\n|-unboost|p2b: Delphox|spe|1\n|move|p2a: Basculegion|Last Respects|p1a: Garchomp\n|-damage|p1a: Garchomp|0 fnt\n|faint|p1a: Garchomp\n|move|p2b: Delphox|Psyshock|p1b: Sneasler\n|-supereffective|p1b: Sneasler|2\n|-damage|p1b: Sneasler|0 fnt\n|faint|p1b: Sneasler\n|\n|upkeep\n|\n|t:|1775985169\n|switch|p1b: Venusaur|Venusaur, L50, F|58/100\n|switch|p1a: Charizard|Charizard-Mega-Y, L50, F|73/100\n|-weather|SunnyDay|[from] ability: Drought|[of] p1a: Charizard\n|turn|8\n|inactive|yohanitaro has 30 seconds left.\n|\n|t:|1775985204\n|move|p2b: Delphox|Protect|p2b: Delphox\n|-singleturn|p2b: Delphox|Protect\n|move|p1b: Venusaur|Leaf Storm|p2a: Basculegion\n|-supereffective|p2a: Basculegion|1\n|-damage|p2a: Basculegion|0 fnt\n|-unboost|p1b: Venusaur|spa|2\n|faint|p2a: Basculegion\n|move|p1a: Charizard|Weather Ball|p2b: Delphox\n|-activate|p2b: Delphox|move: Protect\n|\n|-weather|SunnyDay|[upkeep]\n|upkeep\n|turn|9\n|-message|Mast0don forfeited.\n|\n|win|yohanitaro\n|raw|yohanitaro's rating: 1336 &rarr; <strong>1354</strong><br />(+18 for winning)\n|raw|Mast0don's rating: 1304 &rarr; <strong>1286</strong><br />(-18 for losing)\n|l|\u2606Mast0don\n|player|p2|\n",
  "uploadtime": 1775985225,
  "views": 23,
  "formatid": "gen9championsvgc2026regma",
  "rating": 1286,
  "private": 0,
  "password": null
}