{
  "id": "gen9championsvgc2026regma-2586502553",
  "format": "[Gen 9 Champions] VGC 2026 Reg M-A",
  "players": [
    "lolgz",
    "papatoya"
  ],
  "log": "|j|\u2606lolgz\n|j|\u2606papatoya\n|t:|1776439109\n|gametype|doubles\n|player|p1|lolgz|dawn|\n|player|p2|papatoya|thorton|\n|gen|9\n|tier|[Gen 9 Champions] VGC 2026 Reg M-A\n|rated|Tournament battle\n|rule|Species Clause: Limit one of each Pok\u00e9mon\n|rule|Item Clause: Limit 1 of each item\n|clearpoke\n|poke|p1|Floette-Eternal, L50, F|\n|poke|p1|Gardevoir, L50, M|\n|poke|p1|Garchomp, L50, M|\n|poke|p1|Aerodactyl, L50, F|\n|poke|p1|Milotic, L50, M|\n|poke|p1|Volcarona, L50, M|\n|poke|p2|Gardevoir, L50, F|\n|poke|p2|Aerodactyl, L50, M|\n|poke|p2|Aegislash, L50, F|\n|poke|p2|Tauros-Paldea-Aqua, L50, M|\n|poke|p2|Rotom-Heat, L50|\n|poke|p2|Hydreigon, L50, M|\n|teampreview|4\n|\n|t:|1776439171\n|teamsize|p1|4\n|teamsize|p2|4\n|start\n|switch|p1a: Gardevoir|Gardevoir, L50, M|100/100\n|switch|p1b: Floette|Floette-Eternal, L50, F|100/100\n|switch|p2a: Aerodactyl|Aerodactyl, L50, M|100/100\n|switch|p2b: Aegislash|Aegislash, L50, F|100/100\n|turn|1\n|inactive|Battle timer is ON: inactive players will automatically lose when time's up. (requested by papatoya)\n|inactive|papatoya has 60 seconds left.\n|\n|t:|1776439229\n|switch|p1b: Volcarona|Volcarona, L50, M|100/100\n|move|p2a: Aerodactyl|Protect|p2a: Aerodactyl\n|-singleturn|p2a: Aerodactyl|Protect\n|move|p1a: Gardevoir|Icy Wind|p2a: Aerodactyl|[spread] p2b\n|-activate|p2a: Aerodactyl|move: Protect\n|-resisted|p2b: Aegislash|1\n|-damage|p2b: Aegislash|95/100\n|-unboost|p2b: Aegislash|spe|1\n|-formechange|p2b: Aegislash|Aegislash-Blade|\n|move|p2b: Aegislash|Iron Head|p1b: Volcarona\n|-resisted|p1b: Volcarona|1\n|-damage|p1b: Volcarona|77/100\n|\n|upkeep\n|turn|2\n|\n|t:|1776439253\n|move|p1b: Volcarona|Protect|p1b: Volcarona\n|-singleturn|p1b: Volcarona|Protect\n|-formechange|p2b: Aegislash|Aegislash|\n|move|p2b: Aegislash|King's Shield|p2b: Aegislash\n|-singleturn|p2b: Aegislash|Protect\n|move|p1a: Gardevoir|Icy Wind|p2b: Aegislash|[spread] p2a\n|-activate|p2b: Aegislash|move: Protect\n|-supereffective|p2a: Aerodactyl|1\n|-damage|p2a: Aerodactyl|58/100\n|-unboost|p2a: Aerodactyl|spe|1\n|move|p2a: Aerodactyl|Rock Slide|p1b: Volcarona|[spread] p1a\n|-activate|p1b: Volcarona|move: Protect\n|-damage|p1a: Gardevoir|58/100\n|\n|upkeep\n|turn|3\n|inactive|lolgz has 30 seconds left.\n|inactive|papatoya has 30 seconds left.\n|inactive|papatoya has 20 seconds left.\n|inactive|papatoya has 15 seconds left.\n|inactive|papatoya has 10 seconds left.\n|\n|t:|1776439304\n|switch|p2a: Rotom|Rotom-Heat, L50|100/100\n|-formechange|p2b: Aegislash|Aegislash-Blade|\n|move|p2b: Aegislash|Shadow Sneak|p1a: Gardevoir\n|-supereffective|p1a: Gardevoir|1\n|-damage|p1a: Gardevoir|0 fnt\n|faint|p1a: Gardevoir\n|move|p1b: Volcarona|Fiery Dance|p2b: Aegislash\n|-supereffective|p2b: Aegislash|1\n|-damage|p2b: Aegislash|0 fnt\n|faint|p2b: Aegislash\n|\n|upkeep\n|inactive|lolgz has 30 seconds left.\n|inactive|lolgz has 20 seconds left.\n|inactive|lolgz has 15 seconds left.\n|inactive|lolgz has 10 seconds left.\n|inactive|lolgz has 5 seconds left.\n|\n|t:|1776439361\n|switch|p1a: Floette|Floette-Eternal, L50, F|100/100\n|switch|p2b: Aerodactyl|Aerodactyl, L50, M|58/100\n|turn|4\n|\n|t:|1776439385\n|switch|p1b: Garchomp|Garchomp, L50, M|100/100\n|detailschange|p1a: Floette|Floette-Mega, L50, F\n|-mega|p1a: Floette|Floette|Floettite\n|-ability|p1a: Floette|Fairy Aura\n|move|p2a: Rotom|Overheat|p1a: Floette\n|-damage|p1a: Floette|52/100\n|-unboost|p2a: Rotom|spa|2\n|move|p2b: Aerodactyl|Rock Slide|p1a: Floette|[spread] p1a,p1b\n|-resisted|p1b: Garchomp|1\n|-damage|p1a: Floette|17/100\n|-damage|p1b: Garchomp|87/100\n|cant|p1a: Floette|flinch\n|\n|upkeep\n|turn|5\n|inactive|papatoya has 30 seconds left.\n|inactive|papatoya has 20 seconds left.\n|\n|t:|1776439421\n|switch|p2a: Hydreigon|Hydreigon, L50, M|100/100\n|move|p1a: Floette|Protect|p1a: Floette\n|-singleturn|p1a: Floette|Protect\n|move|p2b: Aerodactyl|Rock Slide|p1b: Garchomp|[spread] p1b\n|-activate|p1a: Floette|move: Protect\n|-resisted|p1b: Garchomp|1\n|-damage|p1b: Garchomp|74/100\n|move|p1b: Garchomp|Dragon Claw|p2b: Aerodactyl\n|-damage|p2b: Aerodactyl|0 fnt\n|faint|p2b: Aerodactyl\n|\n|upkeep\n|\n|t:|1776439438\n|switch|p2b: Rotom|Rotom-Heat, L50|100/100\n|turn|6\n|\n|t:|1776439451\n|switch|p1a: Volcarona|Volcarona, L50, M|77/100\n|move|p2a: Hydreigon|Protect|p2a: Hydreigon\n|-singleturn|p2a: Hydreigon|Protect\n|move|p2b: Rotom|Overheat|p1a: Volcarona\n|-damage|p1a: Volcarona|22/100\n|-unboost|p2b: Rotom|spa|2\n|-enditem|p1a: Volcarona|Sitrus Berry|[eat]\n|-heal|p1a: Volcarona|47/100|[from] item: Sitrus Berry\n|move|p1b: Garchomp|Dragon Claw|p2a: Hydreigon\n|-activate|p2a: Hydreigon|move: Protect\n|\n|upkeep\n|turn|7\n|inactive|papatoya has 30 seconds left.\n|\n|t:|1776439478\n|move|p2b: Rotom|Overheat|p1a: Volcarona\n|-damage|p1a: Volcarona|18/100\n|-unboost|p2b: Rotom|spa|2\n|move|p1b: Garchomp|Dragon Claw|p2a: Hydreigon\n|-supereffective|p2a: Hydreigon|1\n|-damage|p2a: Hydreigon|11/100\n|move|p1a: Volcarona|Fiery Dance|p2b: Rotom\n|-resisted|p2b: Rotom|1\n|-damage|p2b: Rotom|79/100\n|-boost|p1a: Volcarona|spa|1\n|move|p2a: Hydreigon|Draco Meteor|p1b: Garchomp\n|-supereffective|p1b: Garchomp|1\n|-damage|p1b: Garchomp|0 fnt\n|-unboost|p2a: Hydreigon|spa|2\n|faint|p1b: Garchomp\n|\n|upkeep\n|\n|t:|1776439484\n|switch|p1b: Floette|Floette-Mega, L50, F|17/100\n|-ability|p1b: Floette|Fairy Aura\n|turn|8\n|\n|t:|1776439508\n|move|p2a: Hydreigon|Protect|p2a: Hydreigon\n|-singleturn|p2a: Hydreigon|Protect\n|move|p2b: Rotom|Overheat|p1b: Floette\n|-damage|p1b: Floette|0 fnt\n|-unboost|p2b: Rotom|spa|2\n|faint|p1b: Floette\n|move|p1a: Volcarona|Fiery Dance|p2b: Rotom\n|-resisted|p2b: Rotom|1\n|-damage|p2b: Rotom|47/100\n|\n|upkeep\n|turn|9\n|\n|t:|1776439523\n|move|p2b: Rotom|Overheat|p1a: Volcarona\n|-damage|p1a: Volcarona|6/100\n|move|p1a: Volcarona|Fiery Dance|p2a: Hydreigon\n|-resisted|p2a: Hydreigon|1\n|-damage|p2a: Hydreigon|0 fnt\n|-boost|p1a: Volcarona|spa|1\n|faint|p2a: Hydreigon\n|\n|upkeep\n|turn|10\n|\n|t:|1776439534\n|move|p2b: Rotom|Overheat|p1a: Volcarona\n|-damage|p1a: Volcarona|0 fnt\n|faint|p1a: Volcarona\n|\n|win|papatoya\n|n|\u2606lolgz|lolgz\n|n|\u2606papatoya|papatoya\n",
  "uploadtime": 1776439534,
  "views": 17,
  "formatid": "gen9championsvgc2026regma",
  "rating": null,
  "private": 0,
  "password": null
}