{
  "id": "gen9championsvgc2026regma-2580988187",
  "format": "[Gen 9 Champions] VGC 2026 Reg M-A",
  "players": [
    "IkeAmp88",
    "pipppo"
  ],
  "log": "|j|\u2606IkeAmp88\n|j|\u2606pipppo\n|t:|1775949377\n|gametype|doubles\n|player|p1|IkeAmp88|101|1250\n|player|p2|pipppo|leaf-gen3|1371\n|gen|9\n|tier|[Gen 9 Champions] VGC 2026 Reg M-A\n|rated|\n|rule|Species Clause: Limit one of each Pok\u00e9mon\n|rule|Item Clause: Limit 1 of each item\n|clearpoke\n|poke|p1|Zoroark-Hisui, L50, F|\n|poke|p1|Passimian, L50, M|\n|poke|p1|Delphox, L50, F|\n|poke|p1|Tsareena, L50, F|\n|poke|p1|Orthworm, L50, F|\n|poke|p1|Aerodactyl, L50, F|\n|poke|p2|Talonflame, L50, M|\n|poke|p2|Garchomp, L50, F|\n|poke|p2|Blastoise, L50, M|\n|poke|p2|Kingambit, L50, F|\n|poke|p2|Sylveon, L50, F|\n|poke|p2|Sinistcha, L50|\n|teampreview|4\n|j| gE1xjZRtuhW2DdT0AK\n|\n|t:|1775949407\n|teamsize|p1|4\n|teamsize|p2|4\n|start\n|switch|p1a: Tsareena|Tsareena, L50, F|100/100\n|switch|p1b: Passimian|Passimian, L50, M|100/100\n|switch|p2a: Talonflame|Talonflame, L50, M|100/100\n|switch|p2b: Blastoise|Blastoise, L50, M|100/100\n|turn|1\n|\n|t:|1775949422\n|detailschange|p2b: Blastoise|Blastoise-Mega, L50, M\n|-mega|p2b: Blastoise|Blastoise|Blastoisinite\n|move|p2a: Talonflame|Tailwind|p2a: Talonflame\n|-sidestart|p2: pipppo|move: Tailwind\n|move|p2b: Blastoise|Water Spout|p1a: Tsareena|[spread] p1a,p1b\n|-resisted|p1a: Tsareena|1\n|-damage|p1a: Tsareena|74/100\n|-damage|p1b: Passimian|8/100\n|move|p1b: Passimian|Rock Slide|p2b: Blastoise|[spread] p2a,p2b\n|-supereffective|p2a: Talonflame|2\n|-damage|p2a: Talonflame|0 fnt\n|-damage|p2b: Blastoise|82/100\n|faint|p2a: Talonflame\n|move|p1a: Tsareena|Trop Kick|p2b: Blastoise\n|-supereffective|p2b: Blastoise|1\n|-damage|p2b: Blastoise|0 fnt\n|faint|p2b: Blastoise\n|\n|upkeep\n|\n|t:|1775949428\n|switch|p2a: Kingambit|Kingambit, L50, F|100/100\n|switch|p2b: Sylveon|Sylveon, L50, F|100/100\n|turn|2\n|\n|t:|1775949446\n|switch|p1b: Orthworm|Orthworm, L50, F|100/100\n|move|p1a: Tsareena|Protect|p1a: Tsareena\n|-singleturn|p1a: Tsareena|Protect\n|move|p2b: Sylveon|Hyper Voice|p1a: Tsareena|[spread] p1b\n|-activate|p1a: Tsareena|move: Protect\n|-resisted|p1b: Orthworm|1\n|-damage|p1b: Orthworm|60/100\n|move|p2a: Kingambit|Kowtow Cleave|p1a: Tsareena\n|-activate|p1a: Tsareena|move: Protect\n|\n|upkeep\n|turn|3\n|\n|t:|1775949476\n|move|p2b: Sylveon|Hyper Voice|p1a: Tsareena|[spread] p1a,p1b\n|-resisted|p1b: Orthworm|1\n|-damage|p1a: Tsareena|31/100\n|-damage|p1b: Orthworm|19/100\n|-enditem|p1b: Orthworm|Sitrus Berry|[eat]\n|-heal|p1b: Orthworm|43/100|[from] item: Sitrus Berry\n|move|p2a: Kingambit|Kowtow Cleave|p1b: Orthworm\n|-damage|p1b: Orthworm|12/100\n|move|p1a: Tsareena|Trop Kick|p2b: Sylveon\n|-damage|p2b: Sylveon|44/100\n|-unboost|p2b: Sylveon|atk|1\n|move|p1b: Orthworm|Body Press|p2a: Kingambit\n|-supereffective|p2a: Kingambit|2\n|-damage|p2a: Kingambit|8/100\n|\n|upkeep\n|turn|4\n|\n|t:|1775949492\n|move|p2b: Sylveon|Hyper Voice|p1b: Orthworm|[spread] p1a,p1b\n|-resisted|p1b: Orthworm|1\n|-damage|p1a: Tsareena|0 fnt\n|-damage|p1b: Orthworm|0 fnt\n|faint|p1a: Tsareena\n|faint|p1b: Orthworm\n|move|p2a: Kingambit|Kowtow Cleave|p1: Tsareena|[notarget]\n|-fail|p2a: Kingambit\n|\n|-sideend|p2: pipppo|move: Tailwind\n|upkeep\n|\n|t:|1775949495\n|switch|p1a: Passimian|Passimian, L50, M|8/100\n|switch|p1b: Delphox|Delphox, L50, F|100/100\n|turn|5\n|\n|t:|1775949512\n|detailschange|p1b: Delphox|Delphox-Mega, L50, F\n|-mega|p1b: Delphox|Delphox|Delphoxite\n|move|p2b: Sylveon|Quick Attack|p1a: Passimian\n|-supereffective|p1a: Passimian|1\n|-damage|p1a: Passimian|0 fnt\n|faint|p1a: Passimian\n|move|p2a: Kingambit|Sucker Punch|p1b: Delphox\n|-supereffective|p1b: Delphox|1\n|-damage|p1b: Delphox|0 fnt\n|faint|p1b: Delphox\n|\n|win|pipppo\n|raw|IkeAmp88's rating: 1250 &rarr; <strong>1233</strong><br />(-17 for losing)\n|raw|pipppo's rating: 1371 &rarr; <strong>1384</strong><br />(+13 for winning)\n|l|\u2606IkeAmp88\n|player|p1|\n",
  "uploadtime": 1775949521,
  "views": 20,
  "formatid": "gen9championsvgc2026regma",
  "rating": 1233,
  "private": 0,
  "password": null
}