{
  "id": "gen9championsvgc2026regma-2582677438",
  "format": "[Gen 9 Champions] VGC 2026 Reg M-A",
  "players": [
    "lfdgm",
    "donteatmagikarps"
  ],
  "log": "|j|\u2606lfdgm\n|j|\u2606donteatmagikarps\n|t:|1776106669\n|gametype|doubles\n|player|p1|lfdgm|skyla|1119\n|player|p2|donteatmagikarps|ethan|1027\n|gen|9\n|tier|[Gen 9 Champions] VGC 2026 Reg M-A\n|rated|\n|rule|Species Clause: Limit one of each Pok\u00e9mon\n|rule|Item Clause: Limit 1 of each item\n|clearpoke\n|poke|p1|Drampa, L50, M|\n|poke|p1|Audino, L50, F|\n|poke|p1|Sinistcha, L50|\n|poke|p1|Torkoal, L50, F|\n|poke|p1|Scizor, L50, F|\n|poke|p1|Clefable, L50, M|\n|poke|p2|Gardevoir, L50, M|\n|poke|p2|Vivillon, L50, F|\n|poke|p2|Arcanine-Hisui, L50, M|\n|poke|p2|Kingambit, L50, F|\n|poke|p2|Feraligatr, L50, M|\n|poke|p2|Rotom-Mow, L50|\n|teampreview|4\n|inactive|Battle timer is ON: inactive players will automatically lose when time's up. (requested by donteatmagikarps)\n|inactive|donteatmagikarps has 60 seconds left.\n|\n|t:|1776106706\n|teamsize|p1|4\n|teamsize|p2|4\n|start\n|switch|p1a: Audino|Audino, L50, F|100/100\n|switch|p1b: Scizor|Scizor, L50, F|100/100\n|switch|p2a: Vivillon|Vivillon, L50, F, shiny|100/100\n|switch|p2b: Kingambit|Kingambit, L50, F, shiny|100/100\n|turn|1\n|inactive|lfdgm has 30 seconds left.\n|inactive|donteatmagikarps has 30 seconds left.\n|inactive|lfdgm has 20 seconds left.\n|\n|t:|1776106742\n|move|p1b: Scizor|Hard Press|p2a: Vivillon\n|-enditem|p2a: Vivillon|Focus Sash\n|-damage|p2a: Vivillon|1/100\n|move|p2a: Vivillon|Sleep Powder|p1b: Scizor\n|-status|p1b: Scizor|slp|[from] move: Sleep Powder\n|move|p2b: Kingambit|Low Kick|p1a: Audino\n|-supereffective|p1a: Audino|1\n|-damage|p1a: Audino|70/100\n|move|p1a: Audino|Trick Room|p1a: Audino\n|-fieldstart|move: Trick Room|[of] p1a: Audino\n|\n|-heal|p1a: Audino|76/100|[from] item: Leftovers\n|upkeep\n|turn|2\n|inactive|donteatmagikarps has 30 seconds left.\n|\n|t:|1776106772\n|switch|p1a: Sinistcha|Sinistcha, L50|100/100\n|switch|p2a: Arcanine|Arcanine-Hisui, L50, M, shiny|100/100\n|-ability|p2a: Arcanine|Intimidate|boost\n|-unboost|p1a: Sinistcha|atk|1\n|-unboost|p1b: Scizor|atk|1\n|switch|p1b: Drampa|Drampa, L50, M|100/100\n|-ability|p1b: Drampa|Cloud Nine\n|move|p2b: Kingambit|Kowtow Cleave|p1a: Sinistcha\n|-supereffective|p1a: Sinistcha|1\n|-damage|p1a: Sinistcha|26/100\n|-enditem|p1a: Sinistcha|Sitrus Berry|[eat]\n|-heal|p1a: Sinistcha|51/100|[from] item: Sitrus Berry\n|\n|upkeep\n|turn|3\n|inactive|donteatmagikarps has 30 seconds left.\n|inactive|donteatmagikarps has 20 seconds left.\n|\n|t:|1776106811\n|detailschange|p1b: Drampa|Drampa-Mega, L50, M\n|-mega|p1b: Drampa|Drampa|Drampanite\n|move|p1b: Drampa|Earth Power|p2a: Arcanine\n|-supereffective|p2a: Arcanine|2\n|-damage|p2a: Arcanine|0 fnt\n|faint|p2a: Arcanine\n|move|p2b: Kingambit|Low Kick|p1b: Drampa\n|-supereffective|p1b: Drampa|1\n|-damage|p1b: Drampa|32/100\n|-ability|p1b: Drampa|Berserk|boost\n|-boost|p1b: Drampa|spa|1\n|move|p1a: Sinistcha|Life Dew|p1a: Sinistcha|[spread] p1a,p1b\n|-heal|p1a: Sinistcha|76/100\n|-heal|p1b: Drampa|57/100\n|\n|upkeep\n|\n|t:|1776106832\n|switch|p2a: Feraligatr|Feraligatr, L50, M, shiny|100/100\n|turn|4\n|inactive|donteatmagikarps has 30 seconds left.\n|\n|t:|1776106861\n|detailschange|p2a: Feraligatr|Feraligatr-Mega, L50, M, shiny\n|-mega|p2a: Feraligatr|Feraligatr|Feraligite\n|move|p1a: Sinistcha|Rage Powder|p1a: Sinistcha\n|-singleturn|p1a: Sinistcha|move: Rage Powder\n|move|p1b: Drampa|Dragon Pulse|p2a: Feraligatr\n|-supereffective|p2a: Feraligatr|1\n|-damage|p2a: Feraligatr|0 fnt\n|faint|p2a: Feraligatr\n|move|p2b: Kingambit|Kowtow Cleave|p1a: Sinistcha\n|-supereffective|p1a: Sinistcha|1\n|-damage|p1a: Sinistcha|0 fnt\n|faint|p1a: Sinistcha\n|\n|upkeep\n|\n|t:|1776106877\n|switch|p1a: Audino|Audino, L50, F|100/100\n|switch|p2a: Vivillon|Vivillon, L50, F, shiny|1/100\n|turn|5\n|\n|t:|1776106887\n|move|p1b: Drampa|Earth Power|p2b: Kingambit\n|-supereffective|p2b: Kingambit|1\n|-damage|p2b: Kingambit|0 fnt\n|faint|p2b: Kingambit\n|move|p1a: Audino|Hyper Voice|p2a: Vivillon\n|-damage|p2a: Vivillon|0 fnt\n|faint|p2a: Vivillon\n|\n|win|lfdgm\n|raw|lfdgm's rating: 1119 &rarr; <strong>1138</strong><br />(+19 for winning)\n|raw|donteatmagikarps's rating: 1027 &rarr; <strong>1017</strong><br />(-10 for losing)\n|l|\u2606donteatmagikarps\n|player|p2|\n",
  "uploadtime": 1776106897,
  "views": 12,
  "formatid": "gen9championsvgc2026regma",
  "rating": 1017,
  "private": 0,
  "password": null
}