{
  "id": "gen9championsvgc2026regma-2586428309",
  "format": "[Gen 9 Champions] VGC 2026 Reg M-A",
  "players": [
    "Jeremykhoo",
    "Uh Oh! Garbo!"
  ],
  "log": "|j|\u2606Jeremykhoo\n|j|\u2606Uh Oh! Garbo!\n|t:|1776434007\n|gametype|doubles\n|player|p1|Jeremykhoo|102|1077\n|player|p2|Uh Oh! Garbo!|fisherman|1000\n|gen|9\n|tier|[Gen 9 Champions] VGC 2026 Reg M-A\n|rated|\n|rule|Species Clause: Limit one of each Pok\u00e9mon\n|rule|Item Clause: Limit 1 of each item\n|clearpoke\n|poke|p1|Tyranitar, L50, F|\n|poke|p1|Whimsicott, L50, F|\n|poke|p1|Aggron, L50, M|\n|poke|p1|Drampa, L50, F|\n|poke|p1|Sylveon, L50, F|\n|poke|p1|Arcanine, L50, F|\n|poke|p2|Incineroar, L50, F|\n|poke|p2|Farigiraf, L50, M|\n|poke|p2|Golurk, L50|\n|poke|p2|Sneasler, L50, F|\n|poke|p2|Torkoal, L50, F|\n|poke|p2|Venusaur, L50, F|\n|teampreview|4\n|inactive|Battle timer is ON: inactive players will automatically lose when time's up. (requested by Uh Oh! Garbo!)\n|\n|t:|1776434036\n|teamsize|p1|4\n|teamsize|p2|4\n|start\n|switch|p1a: Whimsicott|Whimsicott, L50, F|100/100\n|switch|p1b: Aggron|Aggron, L50, M|100/100\n|switch|p2a: Farigiraf|Farigiraf, L50, M|100/100\n|switch|p2b: Incineroar|Incineroar, L50, F|100/100\n|-ability|p2b: Incineroar|Intimidate|boost\n|-unboost|p1a: Whimsicott|atk|1\n|-unboost|p1b: Aggron|atk|1\n|turn|1\n|inactive|Jeremykhoo has 30 seconds left.\n|\n|t:|1776434064\n|detailschange|p1b: Aggron|Aggron-Mega, L50, M\n|-mega|p1b: Aggron|Aggron|Aggronite\n|move|p1b: Aggron|Protect|p1b: Aggron\n|-singleturn|p1b: Aggron|Protect\n|move|p2b: Incineroar|Fake Out|p1b: Aggron\n|-activate|p1b: Aggron|move: Protect\n|move|p1a: Whimsicott|Light Screen|p1a: Whimsicott\n|-sidestart|p1: Jeremykhoo|move: Light Screen\n|move|p2a: Farigiraf|Psychic|p1a: Whimsicott\n|-damage|p1a: Whimsicott|70/100\n|\n|upkeep\n|turn|2\n|\n|t:|1776434084\n|move|p2a: Farigiraf|Helping Hand|p2b: Incineroar\n|-singleturn|p2b: Incineroar|Helping Hand|[of] p2a: Farigiraf\n|move|p1a: Whimsicott|Encore||[still]\n|cant|p2a: Farigiraf|ability: Armor Tail|Encore|[of] p1a: Whimsicott\n|move|p2b: Incineroar|Flare Blitz|p1b: Aggron\n|-supereffective|p1b: Aggron|1\n|-damage|p1b: Aggron|32/100\n|-damage|p2b: Incineroar|80/100|[from] Recoil\n|move|p1b: Aggron|Iron Defense|p1b: Aggron\n|-boost|p1b: Aggron|def|2\n|\n|upkeep\n|turn|3\n|\n|t:|1776434103\n|move|p1b: Aggron|Protect|p1b: Aggron\n|-singleturn|p1b: Aggron|Protect\n|move|p1a: Whimsicott|Moonblast|p2b: Incineroar\n|-damage|p2b: Incineroar|55/100\n|move|p2b: Incineroar|Flare Blitz|p1a: Whimsicott\n|-supereffective|p1a: Whimsicott|1\n|-damage|p1a: Whimsicott|0 fnt\n|faint|p1a: Whimsicott\n|-damage|p2b: Incineroar|36/100|[from] Recoil\n|move|p2a: Farigiraf|Psychic|p1b: Aggron\n|-activate|p1b: Aggron|move: Protect\n|\n|upkeep\n|\n|t:|1776434115\n|switch|p1a: Tyranitar|Tyranitar, L50, F|100/100\n|-weather|Sandstorm|[from] ability: Sand Stream|[of] p1a: Tyranitar\n|turn|4\n|\n|t:|1776434134\n|switch|p2a: Torkoal|Torkoal, L50, F|100/100\n|-weather|SunnyDay|[from] ability: Drought|[of] p2a: Torkoal\n|move|p1a: Tyranitar|Rock Slide|p2b: Incineroar|[spread] p2a,p2b\n|-supereffective|p2a: Torkoal|1\n|-supereffective|p2b: Incineroar|1\n|-damage|p2a: Torkoal|55/100\n|-damage|p2b: Incineroar|0 fnt\n|faint|p2b: Incineroar\n|move|p1b: Aggron|Heavy Slam|p2a: Torkoal\n|-resisted|p2a: Torkoal|1\n|-damage|p2a: Torkoal|43/100\n|\n|-weather|SunnyDay|[upkeep]\n|upkeep\n|\n|t:|1776434143\n|switch|p2b: Golurk|Golurk, L50|100/100\n|turn|5\n|inactive|Jeremykhoo has 30 seconds left.\n|\n|t:|1776434175\n|detailschange|p2b: Golurk|Golurk-Mega, L50\n|-mega|p2b: Golurk|Golurk|Golurkite\n|move|p1a: Tyranitar|Rock Slide|p2b: Golurk|[spread] p2a,p2b\n|-supereffective|p2a: Torkoal|1\n|-resisted|p2b: Golurk|1\n|-damage|p2a: Torkoal|0 fnt\n|-damage|p2b: Golurk|88/100\n|faint|p2a: Torkoal\n|move|p2b: Golurk|Headlong Rush|p1a: Tyranitar\n|-supereffective|p1a: Tyranitar|1\n|-damage|p1a: Tyranitar|0 fnt\n|-unboost|p2b: Golurk|def|1\n|-unboost|p2b: Golurk|spd|1\n|faint|p1a: Tyranitar\n|move|p1b: Aggron|Body Press|p2b: Golurk\n|-immune|p2b: Golurk\n|\n|-weather|SunnyDay|[upkeep]\n|-sideend|p1: Jeremykhoo|move: Light Screen\n|upkeep\n|\n|t:|1776434190\n|switch|p1a: Drampa|Drampa, L50, F|100/100\n|switch|p2a: Farigiraf|Farigiraf, L50, M|100/100\n|turn|6\n|\n|t:|1776434203\n|move|p2b: Golurk|Protect|p2b: Golurk\n|-singleturn|p2b: Golurk|Protect\n|move|p1b: Aggron|Heavy Slam|p2a: Farigiraf\n|-damage|p2a: Farigiraf|84/100\n|move|p1a: Drampa|Hyper Voice|p2a: Farigiraf|[spread] p2a\n|-activate|p2b: Golurk|move: Protect\n|-damage|p2a: Farigiraf|47/100\n|move|p2a: Farigiraf|Trick Room|p2a: Farigiraf\n|-fieldstart|move: Trick Room|[of] p2a: Farigiraf\n|\n|-weather|SunnyDay|[upkeep]\n|upkeep\n|turn|7\n|\n|t:|1776434215\n|move|p1b: Aggron|Protect|p1b: Aggron\n|-singleturn|p1b: Aggron|Protect\n|move|p1a: Drampa|Hyper Voice|p2a: Farigiraf|[spread] p2a\n|-immune|p2b: Golurk\n|-damage|p2a: Farigiraf|12/100\n|move|p2b: Golurk|Headlong Rush|p1b: Aggron\n|-supereffective|p1b: Aggron|1\n|-ability|p2b: Golurk|Unseen Fist\n|-zbroken|p1b: Aggron\n|-damage|p1b: Aggron|24/100\n|-unboost|p2b: Golurk|def|1\n|-unboost|p2b: Golurk|spd|1\n|move|p2a: Farigiraf|Psychic|p1a: Drampa\n|-damage|p1a: Drampa|63/100\n|-unboost|p1a: Drampa|spd|1\n|\n|-weather|SunnyDay|[upkeep]\n|upkeep\n|turn|8\n|-message|Uh Oh! Garbo! forfeited.\n|\n|win|Jeremykhoo\n|raw|Jeremykhoo's rating: 1077 &rarr; <strong>1099</strong><br />(+22 for winning)\n|raw|Uh Oh! Garbo!'s rating: 1000 &rarr; <strong>1000</strong><br />(+0 for losing)\n|l|\u2606Uh Oh! Garbo!\n|player|p2|\n",
  "uploadtime": 1776434243,
  "views": 24,
  "formatid": "gen9championsvgc2026regma",
  "rating": 1000,
  "private": 0,
  "password": null
}