{
  "id": "gen9championsvgc2026regma-2586528140",
  "format": "[Gen 9 Champions] VGC 2026 Reg M-A",
  "players": [
    "itsjustsomni",
    "Suuugg"
  ],
  "log": "|j|\u2606itsjustsomni\n|j|\u2606Suuugg\n|t:|1776440802\n|gametype|doubles\n|player|p1|itsjustsomni|cyrus|1087\n|player|p2|Suuugg|iris-gen5bw2|1095\n|gen|9\n|tier|[Gen 9 Champions] VGC 2026 Reg M-A\n|rated|\n|rule|Species Clause: Limit one of each Pok\u00e9mon\n|rule|Item Clause: Limit 1 of each item\n|clearpoke\n|poke|p1|Aggron, L50, M|\n|poke|p1|Sinistcha, L50|\n|poke|p1|Hydreigon, L50, F|\n|poke|p1|Rotom-Wash, L50|\n|poke|p1|Incineroar, L50, M|\n|poke|p1|Aerodactyl, L50, F|\n|poke|p2|Lopunny, L50, F|\n|poke|p2|Rotom-Wash, L50|\n|poke|p2|Garchomp, L50, M|\n|poke|p2|Farigiraf, L50, F|\n|poke|p2|Aegislash, L50, M|\n|poke|p2|Talonflame, L50, F|\n|teampreview|4\n|inactive|Battle timer is ON: inactive players will automatically lose when time's up. (requested by itsjustsomni)\n|inactive|itsjustsomni has 60 seconds left.\n|\n|t:|1776440834\n|teamsize|p1|4\n|teamsize|p2|4\n|start\n|switch|p1a: Rotom|Rotom-Wash, L50|100/100\n|switch|p1b: Incineroar|Incineroar, L50, M|100/100\n|switch|p2a: Lopunny|Lopunny, L50, F|100/100\n|switch|p2b: Garchomp|Garchomp, L50, M|100/100\n|-ability|p1b: Incineroar|Intimidate|boost\n|-unboost|p2a: Lopunny|atk|1\n|-unboost|p2b: Garchomp|atk|1\n|turn|1\n|\n|t:|1776440854\n|detailschange|p2a: Lopunny|Lopunny-Mega, L50, F\n|-mega|p2a: Lopunny|Lopunny|Lopunnite\n|move|p1a: Rotom|Protect|p1a: Rotom\n|-singleturn|p1a: Rotom|Protect\n|move|p2a: Lopunny|Fake Out|p1b: Incineroar\n|-damage|p1b: Incineroar|89/100\n|move|p2b: Garchomp|Swords Dance|p2b: Garchomp\n|-boost|p2b: Garchomp|atk|2\n|cant|p1b: Incineroar|flinch\n|\n|upkeep\n|turn|2\n|\n|t:|1776440871\n|move|p2a: Lopunny|Close Combat|p1b: Incineroar\n|-supereffective|p1b: Incineroar|1\n|-damage|p1b: Incineroar|16/100\n|-unboost|p2a: Lopunny|def|1\n|-unboost|p2a: Lopunny|spd|1\n|-enditem|p1b: Incineroar|Sitrus Berry|[eat]\n|-heal|p1b: Incineroar|41/100|[from] item: Sitrus Berry\n|move|p2b: Garchomp|Rock Slide|p1a: Rotom|[spread] p1a\n|-miss|p2b: Garchomp|p1b: Incineroar\n|-damage|p1a: Rotom|64/100\n|move|p1a: Rotom|Hydro Pump|p2b: Garchomp\n|-damage|p2b: Garchomp|47/100\n|move|p1b: Incineroar|Parting Shot|p2a: Lopunny\n|-unboost|p2a: Lopunny|atk|1\n|-unboost|p2a: Lopunny|spa|1\n|\n|t:|1776440892\n|switch|p1b: Sinistcha|Sinistcha, L50|100/100|[from] Parting Shot\n|-heal|p1a: Rotom|89/100|[from] ability: Hospitality|[of] p1b: Sinistcha\n|\n|upkeep\n|turn|3\n|\n|t:|1776440912\n|switch|p2a: Talonflame|Talonflame, L50, F|100/100\n|move|p1b: Sinistcha|Rage Powder|p1b: Sinistcha\n|-singleturn|p1b: Sinistcha|move: Rage Powder\n|move|p2b: Garchomp|Rock Slide|p1a: Rotom|[spread] p1a,p1b\n|-damage|p1a: Rotom|52/100\n|-damage|p1b: Sinistcha|79/100\n|move|p1a: Rotom|Hydro Pump|p2b: Garchomp\n|-damage|p2b: Garchomp|0 fnt\n|faint|p2b: Garchomp\n|\n|-heal|p1b: Sinistcha|85/100|[from] item: Leftovers\n|upkeep\n|inactive|Suuugg has 30 seconds left.\n|\n|t:|1776440944\n|switch|p2b: Lopunny|Lopunny-Mega, L50, F|100/100\n|turn|4\n|inactive|Suuugg has 30 seconds left.\n|\n|t:|1776440979\n|switch|p1b: Incineroar|Incineroar, L50, M|41/100\n|-ability|p1b: Incineroar|Intimidate|boost\n|-unboost|p2a: Talonflame|atk|1\n|-fail|p2b: Lopunny|unboost|Attack|[from] ability: Scrappy|[of] p2b: Lopunny\n|move|p1a: Rotom|Protect|p1a: Rotom\n|-singleturn|p1a: Rotom|Protect\n|move|p2b: Lopunny|Fake Out|p1a: Rotom\n|-activate|p1a: Rotom|move: Protect\n|move|p2a: Talonflame|Brave Bird|p1b: Incineroar\n|-damage|p1b: Incineroar|15/100\n|-damage|p2a: Talonflame|89/100|[from] Recoil\n|\n|upkeep\n|turn|5\n|inactive|itsjustsomni has 30 seconds left.\n|inactive|Suuugg has 30 seconds left.\n|inactive|itsjustsomni has 20 seconds left.\n|inactive|Suuugg has 20 seconds left.\n|inactive|itsjustsomni has 15 seconds left.\n|inactive|Suuugg has 15 seconds left.\n|inactive|itsjustsomni has 10 seconds left.\n|inactive|Suuugg has 10 seconds left.\n|\n|t:|1776441032\n|move|p2a: Talonflame|Protect|p2a: Talonflame\n|-singleturn|p2a: Talonflame|Protect\n|move|p1b: Incineroar|Fake Out|p2b: Lopunny\n|-damage|p2b: Lopunny|85/100\n|cant|p2b: Lopunny|flinch\n|move|p1a: Rotom|Thunderbolt|p2a: Talonflame\n|-activate|p2a: Talonflame|move: Protect\n|\n|upkeep\n|turn|6\n|\n|t:|1776441052\n|move|p2a: Talonflame|Protect||[still]\n|-fail|p2a: Talonflame\n|move|p1a: Rotom|Protect|p1a: Rotom\n|-singleturn|p1a: Rotom|Protect\n|move|p2b: Lopunny|Facade|p1a: Rotom\n|-activate|p1a: Rotom|move: Protect\n|move|p1b: Incineroar|Parting Shot|p2b: Lopunny\n|-unboost|p2b: Lopunny|atk|1\n|-unboost|p2b: Lopunny|spa|1\n|\n|t:|1776441063\n|switch|p1b: Aggron|Aggron, L50, M|100/100|[from] Parting Shot\n|\n|upkeep\n|turn|7\n|\n|t:|1776441072\n|detailschange|p1b: Aggron|Aggron-Mega, L50, M\n|-mega|p1b: Aggron|Aggron|Aggronite\n|move|p2b: Lopunny|Close Combat|p1a: Rotom\n|-damage|p1a: Rotom|0 fnt\n|-unboost|p2b: Lopunny|def|1\n|-unboost|p2b: Lopunny|spd|1\n|faint|p1a: Rotom\n|move|p2a: Talonflame|Will-O-Wisp|p1b: Aggron\n|-status|p1b: Aggron|brn\n|move|p1b: Aggron|Iron Defense|p1b: Aggron\n|-boost|p1b: Aggron|def|2\n|\n|-damage|p1b: Aggron|94/100 brn|[from] brn\n|upkeep\n|\n|t:|1776441088\n|switch|p1a: Incineroar|Incineroar, L50, M|15/100\n|-ability|p1a: Incineroar|Intimidate|boost\n|-unboost|p2a: Talonflame|atk|1\n|-fail|p2b: Lopunny|unboost|Attack|[from] ability: Scrappy|[of] p2b: Lopunny\n|turn|8\n|\n|t:|1776441102\n|switch|p2b: Rotom|Rotom-Wash, L50|100/100\n|move|p2a: Talonflame|Protect|p2a: Talonflame\n|-singleturn|p2a: Talonflame|Protect\n|move|p1a: Incineroar|Fake Out|p2b: Rotom\n|-damage|p2b: Rotom|85/100\n|move|p1b: Aggron|Iron Defense|p1b: Aggron\n|-boost|p1b: Aggron|def|2\n|\n|-damage|p1b: Aggron|88/100 brn|[from] brn\n|upkeep\n|turn|9\n|\n|t:|1776441120\n|switch|p1a: Sinistcha|Sinistcha, L50|85/100\n|-heal|p1b: Aggron|100/100 brn|[from] ability: Hospitality|[of] p1a: Sinistcha\n|move|p1b: Aggron|Protect|p1b: Aggron\n|-singleturn|p1b: Aggron|Protect\n|move|p2b: Rotom|Hydro Pump|p1b: Aggron\n|-activate|p1b: Aggron|move: Protect\n|move|p2a: Talonflame|Brave Bird|p1a: Sinistcha\n|-supereffective|p1a: Sinistcha|1\n|-damage|p1a: Sinistcha|47/100\n|-damage|p2a: Talonflame|75/100|[from] Recoil\n|\n|-heal|p1a: Sinistcha|53/100|[from] item: Leftovers\n|-damage|p1b: Aggron|94/100 brn|[from] brn\n|upkeep\n|turn|10\n|inactive|itsjustsomni has 30 seconds left.\n|\n|t:|1776441152\n|move|p1a: Sinistcha|Rage Powder|p1a: Sinistcha\n|-singleturn|p1a: Sinistcha|move: Rage Powder\n|move|p2b: Rotom|Hydro Pump|p1a: Sinistcha\n|-resisted|p1a: Sinistcha|1\n|-damage|p1a: Sinistcha|27/100\n|move|p2a: Talonflame|Brave Bird|p1a: Sinistcha\n|-supereffective|p1a: Sinistcha|1\n|-damage|p1a: Sinistcha|0 fnt\n|faint|p1a: Sinistcha\n|-damage|p2a: Talonflame|65/100|[from] Recoil\n|move|p1b: Aggron|Body Press|p2b: Rotom\n|-damage|p2b: Rotom|12/100\n|\n|-damage|p1b: Aggron|88/100 brn|[from] brn\n|upkeep\n|\n|t:|1776441168\n|switch|p1a: Incineroar|Incineroar, L50, M|15/100\n|-ability|p1a: Incineroar|Intimidate|boost\n|-unboost|p2a: Talonflame|atk|1\n|-unboost|p2b: Rotom|atk|1\n|turn|11\n|\n|t:|1776441185\n|switch|p2b: Lopunny|Lopunny-Mega, L50, F|85/100\n|move|p1a: Incineroar|Fake Out|p2a: Talonflame\n|-damage|p2a: Talonflame|47/100\n|cant|p2a: Talonflame|flinch\n|move|p1b: Aggron|Body Press|p2b: Lopunny\n|-supereffective|p2b: Lopunny|1\n|-damage|p2b: Lopunny|0 fnt\n|faint|p2b: Lopunny\n|\n|-damage|p1b: Aggron|82/100 brn|[from] brn\n|upkeep\n|\n|t:|1776441194\n|switch|p2b: Rotom|Rotom-Wash, L50|12/100\n|turn|12\n|inactive|itsjustsomni has 30 seconds left.\n|\n|t:|1776441220\n|move|p2b: Rotom|Hydro Pump|p1b: Aggron\n|-damage|p1b: Aggron|32/100 brn\n|move|p2a: Talonflame|Brave Bird|p1a: Incineroar\n|-damage|p1a: Incineroar|0 fnt\n|faint|p1a: Incineroar\n|-damage|p2a: Talonflame|41/100|[from] Recoil\n|move|p1b: Aggron|Body Press|p2b: Rotom\n|-damage|p2b: Rotom|0 fnt\n|faint|p2b: Rotom\n|\n|-damage|p1b: Aggron|26/100 brn|[from] brn\n|upkeep\n|turn|13\n|\n|t:|1776441234\n|move|p2a: Talonflame|Brave Bird|p1b: Aggron\n|-resisted|p1b: Aggron|1\n|-damage|p1b: Aggron|24/100 brn\n|-damage|p2a: Talonflame|40/100|[from] Recoil\n|move|p1b: Aggron|Body Press|p2a: Talonflame\n|-resisted|p2a: Talonflame|1\n|-damage|p2a: Talonflame|0 fnt\n|faint|p2a: Talonflame\n|\n|win|itsjustsomni\n|raw|itsjustsomni's rating: 1087 &rarr; <strong>1115</strong><br />(+28 for winning)\n|raw|Suuugg's rating: 1095 &rarr; <strong>1070</strong><br />(-25 for losing)\n|l|\u2606Suuugg\n|player|p2|\n",
  "uploadtime": 1776441241,
  "views": 20,
  "formatid": "gen9championsvgc2026regma",
  "rating": 1070,
  "private": 0,
  "password": null
}