{
  "id": "gen9championsvgc2026regma-2587687678",
  "format": "[Gen 9 Champions] VGC 2026 Reg M-A",
  "players": [
    "pinochonegro",
    "PM77Switch"
  ],
  "log": "|j|\u2606pinochonegro\n|j|\u2606PM77Switch\n|t:|1776553988\n|gametype|doubles\n|player|p1|pinochonegro|flint|1355\n|player|p2|PM77Switch|may-masters3|1391\n|gen|9\n|tier|[Gen 9 Champions] VGC 2026 Reg M-A\n|rated|\n|rule|Species Clause: Limit one of each Pok\u00e9mon\n|rule|Item Clause: Limit 1 of each item\n|clearpoke\n|poke|p1|Kingambit, L50, F, shiny|\n|poke|p1|Primarina, L50, F|\n|poke|p1|Drampa, L50, F, shiny|\n|poke|p1|Incineroar, L50, M, shiny|\n|poke|p1|Sinistcha, L50|\n|poke|p1|Slowking-Galar, L50, F|\n|poke|p2|Blastoise, L50, M|\n|poke|p2|Kingambit, L50, F|\n|poke|p2|Sneasler, L50, M|\n|poke|p2|Aerodactyl, L50, F|\n|poke|p2|Sinistcha, L50|\n|poke|p2|Incineroar, L50, F|\n|teampreview|4\n|inactive|Battle timer is ON: inactive players will automatically lose when time's up. (requested by PM77Switch)\n|inactive|pinochonegro has 60 seconds left.\n|\n|t:|1776554020\n|teamsize|p1|4\n|teamsize|p2|4\n|start\n|switch|p1a: Tetera|Sinistcha, L50|100/100\n|switch|p1b: Primarina|Primarina, L50, F|100/100\n|switch|p2a: Kingambit|Kingambit, L50, F|100/100\n|switch|p2b: Blastoise|Blastoise, L50, M|100/100\n|turn|1\n|\n|t:|1776554029\n|detailschange|p2b: Blastoise|Blastoise-Mega, L50, M\n|-mega|p2b: Blastoise|Blastoise|Blastoisinite\n|move|p2b: Blastoise|Ice Beam|p1a: Tetera\n|-supereffective|p1a: Tetera|1\n|-damage|p1a: Tetera|45/100\n|move|p1a: Tetera|Matcha Gotcha|p2b: Blastoise|[spread] p2a,p2b\n|-resisted|p2a: Kingambit|1\n|-supereffective|p2b: Blastoise|1\n|-damage|p2a: Kingambit|88/100\n|-heal|p1a: Tetera|53/100|[from] drain|[of] p2a: Kingambit\n|-damage|p2b: Blastoise|62/100\n|-heal|p1a: Tetera|73/100|[from] drain|[of] p2b: Blastoise\n|-status|p2a: Kingambit|brn\n|move|p2a: Kingambit|Kowtow Cleave|p1a: Tetera\n|-supereffective|p1a: Tetera|1\n|-damage|p1a: Tetera|33/100\n|move|p1b: Primarina|Hyper Voice|p2b: Blastoise|[spread] p2a,p2b\n|-resisted|p2b: Blastoise|1\n|-damage|p2a: Kingambit|55/100 brn\n|-damage|p2b: Blastoise|48/100\n|\n|-heal|p1a: Tetera|39/100|[from] item: Leftovers\n|-damage|p2a: Kingambit|49/100 brn|[from] brn\n|upkeep\n|turn|2\n|\n|t:|1776554051\n|switch|p2a: Sinistcha|Sinistcha, L50|100/100\n|-heal|p2b: Blastoise|73/100|[from] ability: Hospitality|[of] p2a: Sinistcha\n|move|p2b: Blastoise|Ice Beam|p1a: Tetera\n|-supereffective|p1a: Tetera|1\n|-damage|p1a: Tetera|0 fnt\n|faint|p1a: Tetera\n|move|p1b: Primarina|Hyper Voice|p2b: Blastoise|[spread] p2a,p2b\n|-resisted|p2a: Sinistcha|1\n|-resisted|p2b: Blastoise|1\n|-damage|p2a: Sinistcha|85/100\n|-damage|p2b: Blastoise|60/100\n|\n|upkeep\n|\n|t:|1776554058\n|switch|p1a: Pingambit|Kingambit, L50, F, shiny|100/100\n|turn|3\n|\n|t:|1776554063\n|move|p2b: Blastoise|Aura Sphere|p1a: Pingambit\n|-supereffective|p1a: Pingambit|2\n|-damage|p1a: Pingambit|0 fnt\n|faint|p1a: Pingambit\n|move|p2a: Sinistcha|Matcha Gotcha|p1b: Primarina\n|-supereffective|p1b: Primarina|1\n|-damage|p1b: Primarina|49/100\n|-heal|p2a: Sinistcha|100/100|[from] drain|[of] p1b: Primarina\n|move|p1b: Primarina|Moonblast|p2b: Blastoise\n|-damage|p2b: Blastoise|20/100\n|\n|upkeep\n|\n|t:|1776554067\n|switch|p1a: To\u00f1o|Incineroar, L50, M, shiny|100/100\n|-ability|p1a: To\u00f1o|Intimidate|boost\n|-unboost|p2a: Sinistcha|atk|1\n|-unboost|p2b: Blastoise|atk|1\n|turn|4\n|\n|t:|1776554081\n|move|p2b: Blastoise|Protect|p2b: Blastoise\n|-singleturn|p2b: Blastoise|Protect\n|move|p2a: Sinistcha|Matcha Gotcha|p1a: To\u00f1o|[spread] p1a,p1b\n|-resisted|p1a: To\u00f1o|1\n|-supereffective|p1b: Primarina|1\n|-damage|p1a: To\u00f1o|91/100\n|-damage|p1b: Primarina|11/100\n|move|p1a: To\u00f1o|Flare Blitz|p2a: Sinistcha\n|-supereffective|p2a: Sinistcha|1\n|-damage|p2a: Sinistcha|0 fnt\n|faint|p2a: Sinistcha\n|-damage|p1a: To\u00f1o|61/100|[from] Recoil\n|move|p1b: Primarina|Moonblast|p2b: Blastoise\n|-activate|p2b: Blastoise|move: Protect\n|\n|upkeep\n|\n|t:|1776554089\n|switch|p2a: Sneasler|Sneasler, L50, M|100/100\n|turn|5\n|-message|pinochonegro forfeited.\n|\n|win|PM77Switch\n|raw|pinochonegro's rating: 1355 &rarr; <strong>1337</strong><br />(-18 for losing)\n|raw|PM77Switch's rating: 1391 &rarr; <strong>1409</strong><br />(+18 for winning)\n|l|\u2606pinochonegro\n|player|p1|\n",
  "uploadtime": 1776554100,
  "views": 18,
  "formatid": "gen9championsvgc2026regma",
  "rating": 1337,
  "private": 0,
  "password": null
}