{
  "id": "gen9championsvgc2026regma-2583939529",
  "format": "[Gen 9 Champions] VGC 2026 Reg M-A",
  "players": [
    "Gdhiejek",
    "davizzzz14"
  ],
  "log": "|j|\u2606Gdhiejek\n|j|\u2606davizzzz14\n|t:|1776210092\n|gametype|doubles\n|player|p1|Gdhiejek|2|1000\n|player|p2|davizzzz14|emmet|1100\n|gen|9\n|tier|[Gen 9 Champions] VGC 2026 Reg M-A\n|rated|\n|rule|Species Clause: Limit one of each Pok\u00e9mon\n|rule|Item Clause: Limit 1 of each item\n|clearpoke\n|poke|p1|Garchomp, L50, F|\n|poke|p1|Talonflame, L50, M|\n|poke|p1|Floette-Eternal, L50, F|\n|poke|p1|Maushold, L50|\n|poke|p1|Basculegion, L50, M|\n|poke|p1|Pelipper, L50, F|\n|poke|p2|Gardevoir, L50, M|\n|poke|p2|Sinistcha, L50|\n|poke|p2|Kommo-o, L50, F|\n|poke|p2|Aerodactyl, L50, F|\n|poke|p2|Incineroar, L50, F|\n|poke|p2|Scizor, L50, M|\n|teampreview|4\n|inactive|Battle timer is ON: inactive players will automatically lose when time's up. (requested by davizzzz14)\n|\n|t:|1776210111\n|teamsize|p1|4\n|teamsize|p2|4\n|start\n|switch|p1a: Floette|Floette-Eternal, L50, F|100/100\n|switch|p1b: Maushold|Maushold, L50|100/100\n|switch|p2a: Aerodactyl|Aerodactyl, L50, F|100/100\n|switch|p2b: Scizor|Scizor, L50, M, shiny|100/100\n|-ability|p2a: Aerodactyl|Unnerve\n|turn|1\n|\n|t:|1776210117\n|detailschange|p1a: Floette|Floette-Mega, L50, F\n|-mega|p1a: Floette|Floette|Floettite\n|-ability|p1a: Floette|Fairy Aura\n|move|p1b: Maushold|Follow Me|p1b: Maushold\n|-singleturn|p1b: Maushold|move: Follow Me\n|move|p2a: Aerodactyl|Rock Slide|p1a: Floette|[spread] p1a,p1b\n|-damage|p1a: Floette|84/100\n|-damage|p1b: Maushold|76/100\n|move|p1a: Floette|Calm Mind|p1a: Floette\n|-boost|p1a: Floette|spa|1\n|-boost|p1a: Floette|spd|1\n|move|p2b: Scizor|Swords Dance|p2b: Scizor\n|-boost|p2b: Scizor|atk|2\n|\n|upkeep\n|turn|2\n|\n|t:|1776210132\n|detailschange|p2b: Scizor|Scizor-Mega, L50, M, shiny\n|-mega|p2b: Scizor|Scizor|Scizorite\n|move|p1a: Floette|Protect|p1a: Floette\n|-singleturn|p1a: Floette|Protect\n|move|p2b: Scizor|Bullet Punch|p1a: Floette\n|-activate|p1a: Floette|move: Protect\n|move|p2a: Aerodactyl|Dual Wingbeat|p1b: Maushold\n|-damage|p1b: Maushold|59/100\n|-damage|p1b: Maushold|40/100\n|-hitcount|p1b: Maushold|2\n|move|p1b: Maushold|Super Fang|p2b: Scizor\n|-damage|p2b: Scizor|51/100\n|\n|upkeep\n|turn|3\n|\n|t:|1776210140\n|move|p2b: Scizor|Protect|p2b: Scizor\n|-singleturn|p2b: Scizor|Protect\n|move|p1b: Maushold|Follow Me|p1b: Maushold\n|-singleturn|p1b: Maushold|move: Follow Me\n|move|p2a: Aerodactyl|Dual Wingbeat|p1b: Maushold\n|-damage|p1b: Maushold|24/100\n|-damage|p1b: Maushold|7/100\n|-hitcount|p1b: Maushold|2\n|move|p1a: Floette|Moonblast|p2b: Scizor\n|-activate|p2b: Scizor|move: Protect\n|\n|upkeep\n|turn|4\n|\n|t:|1776210152\n|move|p1b: Maushold|Follow Me|p1b: Maushold\n|-singleturn|p1b: Maushold|move: Follow Me\n|move|p2a: Aerodactyl|Rock Slide|p1b: Maushold|[spread] p1a,p1b\n|-crit|p1b: Maushold\n|-damage|p1a: Floette|67/100\n|-damage|p1b: Maushold|0 fnt\n|faint|p1b: Maushold\n|move|p1a: Floette|Moonblast|p2b: Scizor\n|-resisted|p2b: Scizor|1\n|-damage|p2b: Scizor|0 fnt\n|faint|p2b: Scizor\n|\n|upkeep\n|\n|t:|1776210170\n|switch|p1b: Talonflame|Talonflame, L50, M|100/100\n|switch|p2b: Incineroar|Incineroar, L50, F|100/100\n|-ability|p2b: Incineroar|Intimidate|boost\n|-unboost|p1a: Floette|atk|1\n|-unboost|p1b: Talonflame|atk|1\n|turn|5\n|\n|t:|1776210174\n|move|p1b: Talonflame|Protect|p1b: Talonflame\n|-singleturn|p1b: Talonflame|Protect\n|move|p1a: Floette|Protect|p1a: Floette\n|-singleturn|p1a: Floette|Protect\n|move|p2b: Incineroar|Fake Out|p1a: Floette\n|-activate|p1a: Floette|move: Protect\n|move|p2a: Aerodactyl|Rock Slide|p1a: Floette|[spread] \n|-activate|p1a: Floette|move: Protect\n|-activate|p1b: Talonflame|move: Protect\n|\n|upkeep\n|turn|6\n|inactive|davizzzz14 has 30 seconds left.\n|\n|t:|1776210206\n|move|p1b: Talonflame|Tailwind|p1b: Talonflame\n|-sidestart|p1: Gdhiejek|move: Tailwind\n|move|p1a: Floette|Dazzling Gleam|p2b: Incineroar|[spread] p2a,p2b\n|-damage|p2a: Aerodactyl|7/100\n|-damage|p2b: Incineroar|44/100\n|move|p2a: Aerodactyl|Rock Slide|p1a: Floette|[spread] p1a,p1b\n|-supereffective|p1b: Talonflame|2\n|-damage|p1a: Floette|46/100\n|-damage|p1b: Talonflame|0 fnt\n|faint|p1b: Talonflame\n|move|p2b: Incineroar|Flare Blitz|p1a: Floette\n|-damage|p1a: Floette|1/100\n|-status|p1a: Floette|brn\n|-damage|p2b: Incineroar|31/100|[from] Recoil\n|\n|-damage|p1a: Floette|0 fnt|[from] brn\n|faint|p1a: Floette\n|upkeep\n|inactive|Gdhiejek has 30 seconds left.\n|\n|t:|1776210236\n|switch|p1b: Garchomp|Garchomp, L50, F|100/100\n|turn|7\n|\n|t:|1776210241\n|switch|p2b: Sinistcha|Sinistcha, L50|100/100\n|-heal|p2a: Aerodactyl|31/100|[from] ability: Hospitality|[of] p2b: Sinistcha\n|move|p2a: Aerodactyl|Protect|p2a: Aerodactyl\n|-singleturn|p2a: Aerodactyl|Protect\n|move|p1b: Garchomp|Rock Slide|p2b: Sinistcha|[spread] \n|-activate|p2a: Aerodactyl|move: Protect\n|-miss|p1b: Garchomp|p2b: Sinistcha\n|\n|upkeep\n|turn|8\n|\n|t:|1776210255\n|move|p1b: Garchomp|Rock Slide|p2b: Sinistcha|[spread] p2a\n|-miss|p1b: Garchomp|p2b: Sinistcha\n|-supereffective|p2a: Aerodactyl|1\n|-damage|p2a: Aerodactyl|0 fnt\n|faint|p2a: Aerodactyl\n|move|p2b: Sinistcha|Matcha Gotcha|p1b: Garchomp\n|-damage|p1b: Garchomp|65/100\n|\n|upkeep\n|\n|t:|1776210257\n|switch|p2a: Incineroar|Incineroar, L50, F|31/100\n|-ability|p2a: Incineroar|Intimidate|boost\n|-unboost|p1b: Garchomp|atk|1\n|-enditem|p1b: Garchomp|White Herb\n|-clearnegativeboost|p1b: Garchomp|[silent]\n|turn|9\n|\n|t:|1776210260\n|move|p1b: Garchomp|Protect|p1b: Garchomp\n|-singleturn|p1b: Garchomp|Protect\n|move|p2a: Incineroar|Fake Out|p1b: Garchomp\n|-activate|p1b: Garchomp|move: Protect\n|move|p2b: Sinistcha|Matcha Gotcha|p1b: Garchomp\n|-activate|p1b: Garchomp|move: Protect\n|\n|-sideend|p1: Gdhiejek|move: Tailwind\n|upkeep\n|turn|10\n|\n|t:|1776210270\n|move|p1b: Garchomp|Earthquake|p2a: Incineroar|[spread] p2a,p2b\n|-supereffective|p2a: Incineroar|1\n|-enditem|p2a: Incineroar|Shuca Berry|[eat]\n|-enditem|p2a: Incineroar|Shuca Berry|[weaken]\n|-resisted|p2b: Sinistcha|1\n|-damage|p2a: Incineroar|0 fnt\n|-damage|p2b: Sinistcha|82/100\n|faint|p2a: Incineroar\n|move|p2b: Sinistcha|Matcha Gotcha|p1b: Garchomp\n|-crit|p1b: Garchomp\n|-damage|p1b: Garchomp|6/100\n|-heal|p2b: Sinistcha|100/100|[from] drain|[of] p1b: Garchomp\n|\n|upkeep\n|turn|11\n|\n|t:|1776210275\n|move|p1b: Garchomp|Dragon Claw|p2b: Sinistcha\n|-damage|p2b: Sinistcha|65/100\n|move|p2b: Sinistcha|Matcha Gotcha|p1b: Garchomp|[miss]\n|-miss|p2b: Sinistcha|p1b: Garchomp\n|\n|upkeep\n|turn|12\n|\n|t:|1776210286\n|move|p1b: Garchomp|Dragon Claw|p2b: Sinistcha\n|-damage|p2b: Sinistcha|29/100\n|-enditem|p2b: Sinistcha|Sitrus Berry|[eat]\n|-heal|p2b: Sinistcha|54/100|[from] item: Sitrus Berry\n|move|p2b: Sinistcha|Matcha Gotcha|p1b: Garchomp\n|-damage|p1b: Garchomp|0 fnt\n|-heal|p2b: Sinistcha|57/100|[from] drain|[of] p1b: Garchomp\n|faint|p1b: Garchomp\n|\n|win|davizzzz14\n|raw|Gdhiejek's rating: 1000 &rarr; <strong>1000</strong><br />(+0 for losing)\n|raw|davizzzz14's rating: 1100 &rarr; <strong>1118</strong><br />(+18 for winning)\n|l|\u2606davizzzz14\n|player|p2|\n",
  "uploadtime": 1776210293,
  "views": 15,
  "formatid": "gen9championsvgc2026regma",
  "rating": 1000,
  "private": 0,
  "password": null
}