{
  "id": "gen9championsvgc2026regma-2589472484",
  "format": "[Gen 9 Champions] VGC 2026 Reg M-A",
  "players": [
    "MigRu",
    "duvay"
  ],
  "log": "|j|\u2606MigRu\n|j|\u2606duvay\n|t:|1776726042\n|gametype|doubles\n|player|p1|MigRu|pokemonbreederf-gen4|1092\n|player|p2|duvay|102|1049\n|gen|9\n|tier|[Gen 9 Champions] VGC 2026 Reg M-A\n|rated|\n|rule|Species Clause: Limit one of each Pok\u00e9mon\n|rule|Item Clause: Limit 1 of each item\n|clearpoke\n|poke|p1|Aggron, L50, M, shiny|\n|poke|p1|Sinistcha, L50, shiny|\n|poke|p1|Tyranitar, L50, F, shiny|\n|poke|p1|Sneasler, L50, F, shiny|\n|poke|p1|Farigiraf, L50, M, shiny|\n|poke|p1|Rotom-Wash, L50, shiny|\n|poke|p2|Tyrantrum, L50, F|\n|poke|p2|Talonflame, L50, M|\n|poke|p2|Sinistcha, L50|\n|poke|p2|Gyarados, L50, F|\n|poke|p2|Gardevoir, L50, M|\n|poke|p2|Sneasler, L50, F|\n|teampreview|4\n|inactive|Battle timer is ON: inactive players will automatically lose when time's up. (requested by MigRu)\n|inactive|duvay also wants the timer to be on.\nMigRu rejected open team sheets.\n|inactive|duvay has 60 seconds left.\n|\n|t:|1776726097\n|teamsize|p1|4\n|teamsize|p2|4\n|start\n|switch|p1a: Muralha da china|Aggron, L50, M, shiny|100/100\n|switch|p1b: Pesco\u00e7o grande da-|Farigiraf, L50, M, shiny|100/100\n|switch|p2a: Sinistcha|Sinistcha, L50|100/100\n|switch|p2b: Gyarados|Gyarados, L50, F|100/100\n|-ability|p2b: Gyarados|Intimidate|boost\n|-unboost|p1a: Muralha da china|atk|1\n|-unboost|p1b: Pesco\u00e7o grande da-|atk|1\n|turn|1\n|inactive|duvay has 30 seconds left.\n|\n|t:|1776726132\n|detailschange|p1a: Muralha da china|Aggron-Mega, L50, M, shiny\n|-mega|p1a: Muralha da china|Aggron|Aggronite\n|move|p1a: Muralha da china|Protect|p1a: Muralha da china\n|-singleturn|p1a: Muralha da china|Protect\n|move|p2b: Gyarados|Crunch|p1b: Pesco\u00e7o grande da-\n|-supereffective|p1b: Pesco\u00e7o grande da-|1\n|-damage|p1b: Pesco\u00e7o grande da-|34/100\n|move|p2a: Sinistcha|Matcha Gotcha|p1a: Muralha da china|[spread] p1b\n|-activate|p1a: Muralha da china|move: Protect\n|-damage|p1b: Pesco\u00e7o grande da-|8/100\n|move|p1b: Pesco\u00e7o grande da-|Trick Room|p1b: Pesco\u00e7o grande da-\n|-fieldstart|move: Trick Room|[of] p1b: Pesco\u00e7o grande da-\n|\n|upkeep\n|turn|2\n|\n|t:|1776726151\n|move|p2b: Gyarados|Protect|p2b: Gyarados\n|-singleturn|p2b: Gyarados|Protect\n|move|p1a: Muralha da china|Iron Defense|p1a: Muralha da china\n|-boost|p1a: Muralha da china|def|2\n|move|p1b: Pesco\u00e7o grande da-|Dazzling Gleam|p2a: Sinistcha|[spread] p2a\n|-activate|p2b: Gyarados|move: Protect\n|-damage|p2a: Sinistcha|80/100\n|move|p2a: Sinistcha|Matcha Gotcha|p1a: Muralha da china|[spread] p1b\n|-miss|p2a: Sinistcha|p1a: Muralha da china\n|-damage|p1b: Pesco\u00e7o grande da-|0 fnt\n|-heal|p2a: Sinistcha|85/100|[from] drain|[of] p1b: Pesco\u00e7o grande da-\n|faint|p1b: Pesco\u00e7o grande da-\n|\n|upkeep\n|\n|t:|1776726161\n|switch|p1b: Chimarr\u00e3o|Sinistcha, L50, shiny|100/100\n|turn|3\n|\n|t:|1776726176\n|move|p2b: Gyarados|Protect||[still]\n|-fail|p2b: Gyarados\n|move|p1a: Muralha da china|Iron Defense|p1a: Muralha da china\n|-boost|p1a: Muralha da china|def|2\n|move|p1b: Chimarr\u00e3o|Matcha Gotcha|p2b: Gyarados|[spread] p2a,p2b\n|-resisted|p2a: Sinistcha|1\n|-damage|p2a: Sinistcha|70/100\n|-damage|p2b: Gyarados|72/100\n|-status|p2b: Gyarados|brn\n|move|p2a: Sinistcha|Trick Room|p2a: Sinistcha\n|-fieldend|move: Trick Room\n|\n|-damage|p2b: Gyarados|66/100 brn|[from] brn\n|upkeep\n|turn|4\n|inactive|MigRu has 30 seconds left.\n|inactive|duvay has 30 seconds left.\n|\n|t:|1776726203\n|move|p2b: Gyarados|Crunch|p1b: Chimarr\u00e3o\n|-supereffective|p1b: Chimarr\u00e3o|1\n|-damage|p1b: Chimarr\u00e3o|66/100\n|move|p2a: Sinistcha|Matcha Gotcha|p1a: Muralha da china|[spread] p1b\n|-miss|p2a: Sinistcha|p1a: Muralha da china\n|-resisted|p1b: Chimarr\u00e3o|1\n|-damage|p1b: Chimarr\u00e3o|51/100\n|-heal|p2a: Sinistcha|77/100|[from] drain|[of] p1b: Chimarr\u00e3o\n|move|p1a: Muralha da china|Body Press|p2b: Gyarados\n|-resisted|p2b: Gyarados|1\n|-damage|p2b: Gyarados|8/100 brn\n|move|p1b: Chimarr\u00e3o|Trick Room|p1b: Chimarr\u00e3o\n|-fieldstart|move: Trick Room|[of] p1b: Chimarr\u00e3o\n|\n|-heal|p1b: Chimarr\u00e3o|57/100|[from] item: Leftovers\n|-damage|p2b: Gyarados|2/100 brn|[from] brn\n|upkeep\n|turn|5\n|\n|t:|1776726223\n|move|p1a: Muralha da china|Heavy Slam|p2a: Sinistcha\n|-damage|p2a: Sinistcha|49/100\n|-enditem|p2a: Sinistcha|Sitrus Berry|[eat]\n|-heal|p2a: Sinistcha|74/100|[from] item: Sitrus Berry\n|move|p1b: Chimarr\u00e3o|Shadow Ball|p2a: Sinistcha\n|-supereffective|p2a: Sinistcha|1\n|-crit|p2a: Sinistcha\n|-damage|p2a: Sinistcha|0 fnt\n|faint|p2a: Sinistcha\n|move|p2b: Gyarados|Crunch|p1b: Chimarr\u00e3o\n|-supereffective|p1b: Chimarr\u00e3o|1\n|-crit|p1b: Chimarr\u00e3o\n|-damage|p1b: Chimarr\u00e3o|8/100\n|-unboost|p1b: Chimarr\u00e3o|def|1\n|\n|-heal|p1b: Chimarr\u00e3o|15/100|[from] item: Leftovers\n|-damage|p2b: Gyarados|0 fnt|[from] brn\n|faint|p2b: Gyarados\n|upkeep\n|\n|t:|1776726231\n|switch|p2a: Gardevoir|Gardevoir, L50, M|100/100\n|switch|p2b: Sneasler|Sneasler, L50, F|100/100\n|-ability|p2a: Gardevoir|Filter|Trace|[from] ability: Trace|[of] p1a: Muralha da china\n|turn|6\n|\n|t:|1776726245\n|detailschange|p2a: Gardevoir|Gardevoir-Mega, L50, M\n|-mega|p2a: Gardevoir|Gardevoir|Gardevoirite\n|move|p2b: Sneasler|Fake Out|p1a: Muralha da china\n|-resisted|p1a: Muralha da china|1\n|-damage|p1a: Muralha da china|99/100\n|move|p1b: Chimarr\u00e3o|Rage Powder|p1b: Chimarr\u00e3o\n|-singleturn|p1b: Chimarr\u00e3o|move: Rage Powder\n|cant|p1a: Muralha da china|flinch\n|move|p2a: Gardevoir|Hyper Voice|p1b: Chimarr\u00e3o|[spread] p1a,p1b\n|-resisted|p1a: Muralha da china|1\n|-damage|p1a: Muralha da china|78/100\n|-damage|p1b: Chimarr\u00e3o|0 fnt\n|faint|p1b: Chimarr\u00e3o\n|\n|upkeep\n|\n|t:|1776726252\n|switch|p1b: Eletrolux|Rotom-Wash, L50, shiny|100/100\n|turn|7\n|\n|t:|1776726274\n|move|p1a: Muralha da china|Heavy Slam|p2a: Gardevoir\n|-supereffective|p2a: Gardevoir|1\n|-damage|p2a: Gardevoir|0 fnt\n|faint|p2a: Gardevoir\n|move|p2b: Sneasler|Close Combat|p1a: Muralha da china\n|-supereffective|p1a: Muralha da china|1\n|-damage|p1a: Muralha da china|62/100\n|-unboost|p2b: Sneasler|def|1\n|-unboost|p2b: Sneasler|spd|1\n|move|p1b: Eletrolux|Hydro Pump|p2b: Sneasler|[miss]\n|-miss|p1b: Eletrolux|p2b: Sneasler\n|\n|upkeep\n|turn|8\n|-message|duvay forfeited.\n|\n|win|MigRu\n|raw|MigRu's rating: 1092 &rarr; <strong>1115</strong><br />(+23 for winning)\n|raw|duvay's rating: 1049 &rarr; <strong>1034</strong><br />(-15 for losing)\n|l|\u2606MigRu\n|player|p1|\n",
  "uploadtime": 1776726285,
  "views": 7,
  "formatid": "gen9championsvgc2026regma",
  "rating": 1034,
  "private": 0,
  "password": null
}