{
  "id": "gen9championsvgc2026regma-2586764519",
  "format": "[Gen 9 Champions] VGC 2026 Reg M-A",
  "players": [
    "KarlPeixoto",
    "NathanaelW19"
  ],
  "log": "|j|\u2606KarlPeixoto\n|j|\u2606NathanaelW19\n|t:|1776458082\n|gametype|doubles\n|player|p1|KarlPeixoto|koga|1075\n|player|p2|NathanaelW19|dragontamer|1154\n|gen|9\n|tier|[Gen 9 Champions] VGC 2026 Reg M-A\n|rated|\n|rule|Species Clause: Limit one of each Pok\u00e9mon\n|rule|Item Clause: Limit 1 of each item\n|clearpoke\n|poke|p1|Kingambit, L50, F|\n|poke|p1|Dragonite, L50, M|\n|poke|p1|Clefable, L50, M|\n|poke|p1|Milotic, L50, F|\n|poke|p1|Froslass, L50, F|\n|poke|p1|Sneasler, L50, M|\n|poke|p2|Glalie, L50, M|\n|poke|p2|Talonflame, L50, M|\n|poke|p2|Excadrill, L50, M|\n|poke|p2|Tyranitar, L50, M|\n|poke|p2|Dragapult, L50, M|\n|poke|p2|Sylveon, L50, M|\n|teampreview|4\n|inactive|Battle timer is ON: inactive players will automatically lose when time's up. (requested by NathanaelW19)\n|inactive|NathanaelW19 has 60 seconds left.\n|\n|t:|1776458136\n|teamsize|p1|4\n|teamsize|p2|4\n|start\n|switch|p1a: Clefable|Clefable, L50, M, shiny|100/100\n|switch|p1b: Kingambit|Kingambit, L50, F|100/100\n|switch|p2a: Glalie|Glalie, L50, M, shiny|100/100\n|switch|p2b: Talonflame|Talonflame, L50, M|100/100\n|turn|1\n|\n|t:|1776458148\n|detailschange|p2a: Glalie|Glalie-Mega, L50, M, shiny\n|-mega|p2a: Glalie|Glalie|Glalitite\n|move|p2b: Talonflame|Feint|p1b: Kingambit\n|-resisted|p1b: Kingambit|1\n|-damage|p1b: Kingambit|98/100\n|move|p1a: Clefable|Follow Me|p1a: Clefable\n|-singleturn|p1a: Clefable|move: Follow Me\n|move|p2a: Glalie|Explosion|p1b: Kingambit|[spread] p2b,p1a,p1b\n|-resisted|p1b: Kingambit|1\n|-enditem|p2b: Talonflame|Focus Sash\n|-damage|p2b: Talonflame|1/100\n|-damage|p1a: Clefable|5/100\n|-damage|p1b: Kingambit|52/100\n|-enditem|p1a: Clefable|Sitrus Berry|[eat]\n|-heal|p1a: Clefable|30/100|[from] item: Sitrus Berry\n|faint|p2a: Glalie\n|move|p1b: Kingambit|Swords Dance|p1b: Kingambit\n|-boost|p1b: Kingambit|atk|2\n|\n|upkeep\n|\n|t:|1776458164\n|switch|p2a: Excadrill|Excadrill, L50, M, shiny|100/100\n|turn|2\n|c|\u2606NathanaelW19|Gah damn thats a bulky clef\n|\n|t:|1776458189\n|move|p2b: Talonflame|Dual Wingbeat|p1a: Clefable\n|-damage|p1a: Clefable|14/100\n|-damage|p1a: Clefable|0 fnt\n|faint|p1a: Clefable\n|-hitcount|p1: Clefable|2\n|move|p2a: Excadrill|Earthquake|p1b: Kingambit|[spread] p1b\n|-immune|p2b: Talonflame\n|-supereffective|p1b: Kingambit|1\n|-damage|p1b: Kingambit|0 fnt\n|faint|p1b: Kingambit\n|\n|upkeep\n|\n|t:|1776458194\n|switch|p1a: Milotic|Milotic, L50, F|100/100\n|switch|p1b: Sneasler|Sneasler, L50, M|100/100\n|turn|3\n|\n|t:|1776458204\n|move|p2b: Talonflame|Protect|p2b: Talonflame\n|-singleturn|p2b: Talonflame|Protect\n|move|p2a: Excadrill|Protect|p2a: Excadrill\n|-singleturn|p2a: Excadrill|Protect\n|move|p1b: Sneasler|Fake Out|p2b: Talonflame\n|-activate|p2b: Talonflame|move: Protect\n|move|p1a: Milotic|Scald|p2a: Excadrill\n|-activate|p2a: Excadrill|move: Protect\n|\n|upkeep\n|turn|4\n|\n|t:|1776458217\n|switch|p2a: Tyranitar|Tyranitar, L50, M|100/100\n|-weather|Sandstorm|[from] ability: Sand Stream|[of] p2a: Tyranitar\n|move|p2b: Talonflame|Dual Wingbeat|p1b: Sneasler\n|-supereffective|p1b: Sneasler|1\n|-crit|p1b: Sneasler\n|-damage|p1b: Sneasler|27/100\n|-supereffective|p1b: Sneasler|1\n|-damage|p1b: Sneasler|0 fnt\n|faint|p1b: Sneasler\n|-hitcount|p1: Sneasler|2\n|move|p1a: Milotic|Scald|p2a: Tyranitar\n|-supereffective|p2a: Tyranitar|1\n|-damage|p2a: Tyranitar|62/100\n|\n|-weather|Sandstorm|[upkeep]\n|-damage|p2b: Talonflame|0 fnt|[from] Sandstorm\n|-damage|p1a: Milotic|95/100|[from] Sandstorm\n|faint|p2b: Talonflame\n|-heal|p1a: Milotic|100/100|[from] item: Leftovers\n|upkeep\n|\n|t:|1776458223\n|switch|p2b: Excadrill|Excadrill, L50, M, shiny|100/100\n|turn|5\n|\n|t:|1776458233\n|move|p2b: Excadrill|High Horsepower|p1a: Milotic\n|-crit|p1a: Milotic\n|-damage|p1a: Milotic|33/100\n|move|p2a: Tyranitar|Knock Off|p1a: Milotic\n|-damage|p1a: Milotic|0 fnt\n|-enditem|p1a: Milotic|Leftovers|[from] move: Knock Off|[of] p2a: Tyranitar\n|faint|p1a: Milotic\n|\n|win|NathanaelW19\n|raw|KarlPeixoto's rating: 1075 &rarr; <strong>1059</strong><br />(-16 for losing)\n|raw|NathanaelW19's rating: 1154 &rarr; <strong>1173</strong><br />(+19 for winning)\n|c|\u2606KarlPeixoto|Gg\n|c|\u2606NathanaelW19|Ggs\n",
  "uploadtime": 1776458242,
  "views": 27,
  "formatid": "gen9championsvgc2026regma",
  "rating": 1059,
  "private": 0,
  "password": null
}