{
  "id": "gen9championsvgc2026regma-2582939481",
  "format": "[Gen 9 Champions] VGC 2026 Reg M-A",
  "players": [
    "Abarr56",
    "Markiito18"
  ],
  "log": "|j|\u2606Abarr56\n|j|\u2606Markiito18\n|t:|1776126800\n|gametype|doubles\n|player|p1|Abarr56|lucas-gen4pt|1097\n|player|p2|Markiito18|rood|1155\n|gen|9\n|tier|[Gen 9 Champions] VGC 2026 Reg M-A\n|rated|\n|rule|Species Clause: Limit one of each Pok\u00e9mon\n|rule|Item Clause: Limit 1 of each item\n|clearpoke\n|poke|p1|Talonflame, L50, M|\n|poke|p1|Sneasler, L50, F|\n|poke|p1|Torkoal, L50, F|\n|poke|p1|Garchomp, L50, M|\n|poke|p1|Sinistcha, L50|\n|poke|p1|Charizard, L50, M|\n|poke|p2|Farigiraf, L50, F|\n|poke|p2|Aerodactyl, L50, M|\n|poke|p2|Incineroar, L50, M|\n|poke|p2|Floette-Eternal, L50, F|\n|poke|p2|Milotic, L50, M|\n|poke|p2|Sinistcha, L50|\n|teampreview|4\n|inactive|Battle timer is ON: inactive players will automatically lose when time's up. (requested by Abarr56)\n|inactive|Markiito18 has 60 seconds left.\n|c|\u2606Abarr56|\u2026\n|inactive|Markiito18 has 30 seconds left.\n|c|\u2606Abarr56|\u2026\u2026\u2026..\n|inactive|Markiito18 has 20 seconds left.\n|inactive|Markiito18 has 15 seconds left.\n|inactive|Markiito18 has 10 seconds left.\n|inactive|Markiito18 has 5 seconds left.\n|\n|t:|1776126948\n|teamsize|p1|4\n|teamsize|p2|4\n|start\n|switch|p1a: Sneasler|Sneasler, L50, F|100/100\n|switch|p1b: Torkoal|Torkoal, L50, F|100/100\n|switch|p2a: Aerodactyl|Aerodactyl, L50, M, shiny|100/100\n|switch|p2b: Milotic|Milotic, L50, M|100/100\n|-ability|p2a: Aerodactyl|Unnerve\n|-weather|SunnyDay|[from] ability: Drought|[of] p1b: Torkoal\n|turn|1\n|inactive|Abarr56 has 30 seconds left.\n|\n|t:|1776126976\n|move|p2a: Aerodactyl|Protect|p2a: Aerodactyl\n|-singleturn|p2a: Aerodactyl|Protect\n|move|p1b: Torkoal|Protect|p1b: Torkoal\n|-singleturn|p1b: Torkoal|Protect\n|move|p1a: Sneasler|Close Combat|p2a: Aerodactyl\n|-activate|p2a: Aerodactyl|move: Protect\n|move|p2b: Milotic|Coil|p2b: Milotic\n|-boost|p2b: Milotic|atk|1\n|-boost|p2b: Milotic|def|1\n|-boost|p2b: Milotic|accuracy|1\n|\n|-weather|SunnyDay|[upkeep]\n|upkeep\n|turn|2\n|inactive|Markiito18 has 30 seconds left.\n|\n|t:|1776127002\n|move|p2a: Aerodactyl|Dual Wingbeat|p1a: Sneasler\n|-supereffective|p1a: Sneasler|1\n|-damage|p1a: Sneasler|37/100\n|-supereffective|p1a: Sneasler|1\n|-damage|p1a: Sneasler|0 fnt\n|faint|p1a: Sneasler\n|-hitcount|p1: Sneasler|2\n|move|p2b: Milotic|Hypnosis|p1b: Torkoal\n|-status|p1b: Torkoal|slp|[from] move: Hypnosis\n|cant|p1b: Torkoal|slp\n|\n|-weather|SunnyDay|[upkeep]\n|upkeep\n|\n|t:|1776127016\n|switch|p1a: Garchomp|Garchomp, L50, M|100/100\n|turn|3\n|\n|t:|1776127040\n|move|p2a: Aerodactyl|Protect|p2a: Aerodactyl\n|-singleturn|p2a: Aerodactyl|Protect\n|move|p1a: Garchomp|Dragon Claw|p2b: Milotic\n|-damage|p2b: Milotic|72/100\n|move|p2b: Milotic|Icy Wind|p1a: Garchomp|[spread] p1a,p1b\n|-supereffective|p1a: Garchomp|2\n|-resisted|p1b: Torkoal|1\n|-damage|p1a: Garchomp|61/100\n|-damage|p1b: Torkoal|95/100 slp\n|-unboost|p1a: Garchomp|spe|1\n|-unboost|p1b: Torkoal|spe|1\n|cant|p1b: Torkoal|slp\n|\n|-weather|SunnyDay|[upkeep]\n|-heal|p1a: Garchomp|67/100|[from] item: Leftovers\n|-heal|p2b: Milotic|78/100|[from] item: Leftovers\n|upkeep\n|turn|4\n|inactive|Markiito18 has 30 seconds left.\n|inactive|Markiito18 has 20 seconds left.\n|\n|t:|1776127075\n|move|p1a: Garchomp|Protect|p1a: Garchomp\n|-singleturn|p1a: Garchomp|Protect\n|move|p2a: Aerodactyl|Tailwind|p2a: Aerodactyl\n|-sidestart|p2: Markiito18|move: Tailwind\n|move|p2b: Milotic|Hypnosis|p1a: Garchomp\n|-activate|p1a: Garchomp|move: Protect\n|-curestatus|p1b: Torkoal|slp|[msg]\n|move|p1b: Torkoal|Clear Smog|p2b: Milotic\n|-damage|p2b: Milotic|70/100\n|-clearboost|p2b: Milotic\n|\n|-weather|SunnyDay|[upkeep]\n|-heal|p2b: Milotic|76/100|[from] item: Leftovers\n|-heal|p1a: Garchomp|73/100|[from] item: Leftovers\n|upkeep\n|turn|5\n|inactive|Markiito18 has 30 seconds left.\n|\n|t:|1776127102\n|move|p2a: Aerodactyl|Rock Slide|p1a: Garchomp|[spread] p1a,p1b\n|-resisted|p1a: Garchomp|1\n|-supereffective|p1b: Torkoal|1\n|-damage|p1a: Garchomp|61/100\n|-damage|p1b: Torkoal|52/100\n|move|p2b: Milotic|Coil|p2b: Milotic\n|-boost|p2b: Milotic|atk|1\n|-boost|p2b: Milotic|def|1\n|-boost|p2b: Milotic|accuracy|1\n|move|p1a: Garchomp|Dragon Claw|p2b: Milotic\n|-damage|p2b: Milotic|49/100\n|move|p1b: Torkoal|Heat Wave|p2a: Aerodactyl|[spread] p2a,p2b\n|-resisted|p2a: Aerodactyl|1\n|-resisted|p2b: Milotic|1\n|-damage|p2a: Aerodactyl|69/100\n|-damage|p2b: Milotic|36/100\n|\n|-weather|none\n|-heal|p2b: Milotic|42/100|[from] item: Leftovers\n|-heal|p1a: Garchomp|67/100|[from] item: Leftovers\n|upkeep\n|turn|6\n|\n|t:|1776127122\n|move|p2a: Aerodactyl|Rock Slide|p1a: Garchomp|[spread] p1a,p1b\n|-resisted|p1a: Garchomp|1\n|-supereffective|p1b: Torkoal|1\n|-damage|p1a: Garchomp|56/100\n|-damage|p1b: Torkoal|7/100\n|move|p2b: Milotic|Muddy Water|p1b: Torkoal|[spread] p1a,p1b\n|-supereffective|p1b: Torkoal|1\n|-damage|p1a: Garchomp|26/100\n|-damage|p1b: Torkoal|0 fnt\n|faint|p1b: Torkoal\n|move|p1a: Garchomp|Rock Slide|p2a: Aerodactyl|[spread] p2a,p2b\n|-supereffective|p2a: Aerodactyl|1\n|-damage|p2a: Aerodactyl|2/100\n|-damage|p2b: Milotic|28/100\n|\n|-heal|p2b: Milotic|34/100|[from] item: Leftovers\n|-heal|p1a: Garchomp|32/100|[from] item: Leftovers\n|upkeep\n|\n|t:|1776127137\n|switch|p1b: Talonflame|Talonflame, L50, M|100/100\n|turn|7\n|inactive|Markiito18 has 30 seconds left.\n|inactive|Markiito18 has 20 seconds left.\n|\n|t:|1776127174\n|switch|p2a: Incineroar|Incineroar, L50, M, shiny|100/100\n|-ability|p2a: Incineroar|Intimidate|boost\n|-unboost|p1a: Garchomp|atk|1\n|-unboost|p1b: Talonflame|atk|1\n|move|p1b: Talonflame|Tailwind|p1b: Talonflame\n|-sidestart|p1: Abarr56|move: Tailwind\n|move|p1a: Garchomp|Rock Slide|p2a: Incineroar|[spread] p2a\n|-miss|p1a: Garchomp|p2b: Milotic\n|-supereffective|p2a: Incineroar|1\n|-damage|p2a: Incineroar|76/100\n|move|p2b: Milotic|Icy Wind|p1a: Garchomp|[spread] p1a,p1b\n|-supereffective|p1a: Garchomp|2\n|-damage|p1a: Garchomp|0 fnt\n|-damage|p1b: Talonflame|88/100\n|-unboost|p1b: Talonflame|spe|1\n|faint|p1a: Garchomp\n|\n|-heal|p2b: Milotic|40/100|[from] item: Leftovers\n|-sideend|p2: Markiito18|move: Tailwind\n|upkeep\n|turn|8\n|\n|t:|1776127196\n|move|p1b: Talonflame|Upper Hand|p2a: Incineroar\n|-supereffective|p2a: Incineroar|1\n|-enditem|p2a: Incineroar|Chople Berry|[eat]\n|-enditem|p2a: Incineroar|Chople Berry|[weaken]\n|-damage|p2a: Incineroar|67/100\n|cant|p2a: Incineroar|flinch\n|move|p2b: Milotic|Coil|p2b: Milotic\n|-boost|p2b: Milotic|atk|1\n|-boost|p2b: Milotic|def|1\n|-boost|p2b: Milotic|accuracy|1\n|\n|-heal|p2b: Milotic|46/100|[from] item: Leftovers\n|upkeep\n|turn|9\n|-message|Abarr56 forfeited.\n|\n|win|Markiito18\n|raw|Abarr56's rating: 1097 &rarr; <strong>1077</strong><br />(-20 for losing)\n|raw|Markiito18's rating: 1155 &rarr; <strong>1176</strong><br />(+21 for winning)\n|l|\u2606Abarr56\n|player|p1|\n",
  "uploadtime": 1776127212,
  "views": 10,
  "formatid": "gen9championsvgc2026regma",
  "rating": 1077,
  "private": 0,
  "password": null
}