{
  "id": "gen9championsvgc2026regma-2586493338",
  "format": "[Gen 9 Champions] VGC 2026 Reg M-A",
  "players": [
    "Nanieloso",
    "HamburgerCaptain"
  ],
  "log": "|j|\u2606Nanieloso\n|j|\u2606HamburgerCaptain\n|t:|1776438494\n|gametype|doubles\n|player|p1|Nanieloso|169|1041\n|player|p2|HamburgerCaptain|1|1000\n|gen|9\n|tier|[Gen 9 Champions] VGC 2026 Reg M-A\n|rated|\n|rule|Species Clause: Limit one of each Pok\u00e9mon\n|rule|Item Clause: Limit 1 of each item\n|clearpoke\n|poke|p1|Lopunny, L50, F|\n|poke|p1|Mamoswine, L50, M|\n|poke|p1|Milotic, L50, F|\n|poke|p1|Kommo-o, L50, F|\n|poke|p1|Arcanine-Hisui, L50, M|\n|poke|p1|Corviknight, L50, M|\n|poke|p2|Pelipper, L50, F|\n|poke|p2|Basculegion, L50, M|\n|poke|p2|Dragonite, L50, M|\n|poke|p2|Sneasler, L50, M|\n|poke|p2|Sinistcha, L50|\n|poke|p2|Archaludon, L50, M|\n|teampreview|4\n|inactive|Battle timer is ON: inactive players will automatically lose when time's up. (requested by HamburgerCaptain)\n|\n|t:|1776438535\n|teamsize|p1|4\n|teamsize|p2|4\n|start\n|switch|p1a: Lopunny|Lopunny, L50, F, shiny|100/100\n|switch|p1b: Kommo-o|Kommo-o, L50, F, shiny|100/100\n|switch|p2a: Sneasler|Sneasler, L50, M|100/100\n|switch|p2b: Sinistcha|Sinistcha, L50|100/100\n|-ability|p2a: Sneasler|Pressure\n|turn|1\n|\n|t:|1776438556\n|detailschange|p1a: Lopunny|Lopunny-Mega, L50, F, shiny\n|-mega|p1a: Lopunny|Lopunny|Lopunnite\n|move|p1a: Lopunny|Fake Out|p2b: Sinistcha\n|-damage|p2b: Sinistcha|85/100\n|cant|p2b: Sinistcha|flinch\n|move|p2a: Sneasler|Close Combat|p1a: Lopunny\n|-supereffective|p1a: Lopunny|1\n|-damage|p1a: Lopunny|0 fnt\n|-unboost|p2a: Sneasler|def|1\n|-unboost|p2a: Sneasler|spd|1\n|faint|p1a: Lopunny\n|-enditem|p2a: Sneasler|White Herb\n|-clearnegativeboost|p2a: Sneasler|[silent]\n|move|p1b: Kommo-o|Clanging Scales|p2a: Sneasler|[spread] p2a,p2b\n|-damage|p2a: Sneasler|53/100\n|-damage|p2b: Sinistcha|41/100\n|-unboost|p1b: Kommo-o|def|1\n|\n|upkeep\n|c|\u2606HamburgerCaptain|Oops\n|\n|t:|1776438576\n|switch|p1a: Corviknight|Corviknight, L50, M, shiny|100/100\n|turn|2\n|\n|t:|1776438598\n|move|p2a: Sneasler|Protect|p2a: Sneasler\n|-singleturn|p2a: Sneasler|Protect\n|move|p1a: Corviknight|Protect|p1a: Corviknight\n|-singleturn|p1a: Corviknight|Protect\n|move|p1b: Kommo-o|Clanging Scales|p2b: Sinistcha|[spread] p2b\n|-activate|p2a: Sneasler|move: Protect\n|-damage|p2b: Sinistcha|0 fnt\n|faint|p2b: Sinistcha\n|-unboost|p1b: Kommo-o|def|1\n|\n|upkeep\n|\n|t:|1776438612\n|switch|p2b: Archaludon|Archaludon, L50, M|100/100\n|turn|3\n|\n|t:|1776438633\n|switch|p2a: Pelipper|Pelipper, L50, F|100/100\n|move|p2b: Archaludon|Draco Meteor|p1b: Kommo-o\n|-supereffective|p1b: Kommo-o|1\n|-enditem|p1b: Kommo-o|Focus Sash\n|-damage|p1b: Kommo-o|1/100\n|-unboost|p2b: Archaludon|spa|2\n|move|p1b: Kommo-o|Aura Sphere|p2b: Archaludon\n|-supereffective|p2b: Archaludon|1\n|-enditem|p2b: Archaludon|Chople Berry|[eat]\n|-enditem|p2b: Archaludon|Chople Berry|[weaken]\n|-damage|p2b: Archaludon|47/100\n|-ability|p2b: Archaludon|Stamina|boost\n|-boost|p2b: Archaludon|def|1\n|move|p1a: Corviknight|Brave Bird|p2a: Pelipper\n|-crit|p2a: Pelipper\n|-damage|p2a: Pelipper|24/100\n|-damage|p1a: Corviknight|83/100|[from] Recoil\n|\n|upkeep\n|turn|4\n|inactive|HamburgerCaptain has 30 seconds left.\n|\n|t:|1776438665\n|move|p1b: Kommo-o|Protect|p1b: Kommo-o\n|-singleturn|p1b: Kommo-o|Protect\n|move|p2a: Pelipper|Protect|p2a: Pelipper\n|-singleturn|p2a: Pelipper|Protect\n|move|p2b: Archaludon|Flash Cannon|p1b: Kommo-o\n|-activate|p1b: Kommo-o|move: Protect\n|move|p1a: Corviknight|Brave Bird|p2a: Pelipper\n|-activate|p2a: Pelipper|move: Protect\n|\n|upkeep\n|turn|5\n|inactive|Nanieloso has 30 seconds left.\n|inactive|Nanieloso has 20 seconds left.\n|inactive|Nanieloso has 15 seconds left.\n|\n|t:|1776438705\n|switch|p1b: Mamoswine|Mamoswine, L50, M, shiny|100/100\n|move|p2b: Archaludon|Flash Cannon|p1b: Mamoswine\n|-supereffective|p1b: Mamoswine|1\n|-crit|p1b: Mamoswine\n|-damage|p1b: Mamoswine|0 fnt\n|faint|p1b: Mamoswine\n|move|p2a: Pelipper|Tailwind|p2a: Pelipper\n|-sidestart|p2: HamburgerCaptain|move: Tailwind\n|move|p1a: Corviknight|Tailwind|p1a: Corviknight\n|-sidestart|p1: Nanieloso|move: Tailwind\n|\n|upkeep\n|\n|t:|1776438714\n|switch|p1b: Kommo-o|Kommo-o, L50, F, shiny|1/100\n|turn|6\n|\n|t:|1776438738\n|move|p2b: Archaludon|Protect|p2b: Archaludon\n|-singleturn|p2b: Archaludon|Protect\n|move|p1b: Kommo-o|Aura Sphere|p2b: Archaludon\n|-activate|p2b: Archaludon|move: Protect\n|move|p2a: Pelipper|Hurricane|p1b: Kommo-o\n|-supereffective|p1b: Kommo-o|1\n|-damage|p1b: Kommo-o|0 fnt\n|faint|p1b: Kommo-o\n|move|p1a: Corviknight|Iron Head|p2b: Archaludon\n|-activate|p2b: Archaludon|move: Protect\n|\n|upkeep\n|turn|7\n|-message|Nanieloso forfeited.\n|\n|win|HamburgerCaptain\n|raw|Nanieloso's rating: 1041 &rarr; <strong>1023</strong><br />(-18 for losing)\n|raw|HamburgerCaptain's rating: 1000 &rarr; <strong>1045</strong><br />(+45 for winning)\n|l|\u2606Nanieloso\n|player|p1|\n",
  "uploadtime": 1776438754,
  "views": 25,
  "formatid": "gen9championsvgc2026regma",
  "rating": 1023,
  "private": 0,
  "password": null
}