{
  "id": "gen9championsvgc2026regma-2581834421",
  "format": "[Gen 9 Champions] VGC 2026 Reg M-A",
  "players": [
    "lowtiersemar",
    "Alfonso_V"
  ],
  "log": "|j|\u2606lowtiersemar\n|j|\u2606Alfonso_V\n|t:|1776032242\n|gametype|doubles\n|player|p1|lowtiersemar|cheren-gen5bw2|1205\n|player|p2|Alfonso_V|265|1175\n|gen|9\n|tier|[Gen 9 Champions] VGC 2026 Reg M-A\n|rated|\n|rule|Species Clause: Limit one of each Pok\u00e9mon\n|rule|Item Clause: Limit 1 of each item\n|clearpoke\n|poke|p1|Incineroar, L50, M|\n|poke|p1|Sneasler, L50, M|\n|poke|p1|Starmie, L50|\n|poke|p1|Ninetales-Alola, L50, M|\n|poke|p1|Farigiraf, L50, M|\n|poke|p1|Froslass, L50, F|\n|poke|p2|Scizor, L50, M|\n|poke|p2|Politoed, L50, M|\n|poke|p2|Quaquaval, L50, M|\n|poke|p2|Clefable, L50, M|\n|poke|p2|Sinistcha, L50|\n|poke|p2|Aerodactyl, L50, F|\n|teampreview|4\nAlfonso_V has agreed to open team sheets.\n|inactive|Battle timer is ON: inactive players will automatically lose when time's up. (requested by lowtiersemar)\n|\n|t:|1776032305\n|teamsize|p1|4\n|teamsize|p2|4\n|start\n|switch|p1a: Incineroar|Incineroar, L50, M|100/100\n|switch|p1b: Farigiraf|Farigiraf, L50, M|100/100\n|switch|p2a: Clefable|Clefable, L50, M|100/100\n|switch|p2b: Scizor|Scizor, L50, M|100/100\n|-ability|p1a: Incineroar|Intimidate|boost\n|-unboost|p2a: Clefable|atk|1\n|-unboost|p2b: Scizor|atk|1\n|turn|1\n|inactive|lowtiersemar has 30 seconds left.\n|inactive|lowtiersemar has 20 seconds left.\n|inactive|lowtiersemar has 15 seconds left.\n|inactive|lowtiersemar has 10 seconds left.\n|inactive|lowtiersemar has 5 seconds left.\n|\n|t:|1776032360\n|move|p2b: Scizor|Protect|p2b: Scizor\n|-singleturn|p2b: Scizor|Protect\n|move|p1a: Incineroar|Fake Out|p2a: Clefable\n|-damage|p2a: Clefable|86/100\n|cant|p2a: Clefable|flinch\n|move|p1b: Farigiraf|Trick Room|p1b: Farigiraf\n|-fieldstart|move: Trick Room|[of] p1b: Farigiraf\n|\n|upkeep\n|turn|2\n|\n|t:|1776032376\n|switch|p2a: Politoed|Politoed, L50, M|100/100\n|-weather|RainDance|[from] ability: Drizzle|[of] p2a: Politoed\n|detailschange|p2b: Scizor|Scizor-Mega, L50, M\n|-mega|p2b: Scizor|Scizor|Scizorite\n|move|p1b: Farigiraf|Psychic|p2a: Politoed\n|-damage|p2a: Politoed|75/100\n|move|p1a: Incineroar|Flare Blitz|p2b: Scizor\n|-supereffective|p2b: Scizor|2\n|-damage|p2b: Scizor|5/100\n|-damage|p1a: Incineroar|75/100|[from] Recoil\n|move|p2b: Scizor|Swords Dance|p2b: Scizor\n|-boost|p2b: Scizor|atk|2\n|\n|-weather|RainDance|[upkeep]\n|-heal|p1a: Incineroar|81/100|[from] item: Leftovers\n|upkeep\n|turn|3\n|\n|t:|1776032393\n|switch|p1b: Ninetales|Ninetales-Alola, L50, M|100/100\n|-weather|Snowscape|[from] ability: Snow Warning|[of] p1b: Ninetales\n|switch|p2a: Sinistcha|Sinistcha, L50|100/100\n|-heal|p2b: Scizor|30/100|[from] ability: Hospitality|[of] p2a: Sinistcha\n|move|p2b: Scizor|Protect|p2b: Scizor\n|-singleturn|p2b: Scizor|Protect\n|move|p1a: Incineroar|Flare Blitz|p2b: Scizor\n|-activate|p2b: Scizor|move: Protect\n|\n|-weather|Snowscape|[upkeep]\n|-heal|p1a: Incineroar|87/100|[from] item: Leftovers\n|upkeep\n|turn|4\n|inactive|Alfonso_V has 30 seconds left.\n|inactive|Alfonso_V has 20 seconds left.\n|inactive|Alfonso_V has 15 seconds left.\n|inactive|Alfonso_V has 10 seconds left.\n|inactive|Alfonso_V has 5 seconds left.\n|\n|t:|1776032444\n|switch|p2a: Politoed|Politoed, L50, M|75/100\n|-weather|RainDance|[from] ability: Drizzle|[of] p2a: Politoed\n|move|p2b: Scizor|Bullet Punch|p1b: Ninetales\n|-supereffective|p1b: Ninetales|2\n|-damage|p1b: Ninetales|0 fnt\n|faint|p1b: Ninetales\n|move|p1a: Incineroar|Flare Blitz|p2b: Scizor\n|-supereffective|p2b: Scizor|2\n|-damage|p2b: Scizor|0 fnt\n|faint|p2b: Scizor\n|-damage|p1a: Incineroar|79/100|[from] Recoil\n|\n|-weather|RainDance|[upkeep]\n|-heal|p1a: Incineroar|85/100|[from] item: Leftovers\n|upkeep\n|\n|t:|1776032462\n|switch|p2b: Sinistcha|Sinistcha, L50|100/100\n|switch|p1b: Farigiraf|Farigiraf, L50, M|100/100\n|-heal|p2a: Politoed|99/100|[from] ability: Hospitality|[of] p2b: Sinistcha\n|turn|5\n|\n|t:|1776032476\n|move|p1b: Farigiraf|Psychic|p2a: Politoed\n|-damage|p2a: Politoed|73/100\n|move|p1a: Incineroar|Darkest Lariat|p2a: Politoed\n|-damage|p2a: Politoed|36/100\n|move|p2a: Politoed|Weather Ball|p1a: Incineroar\n|-supereffective|p1a: Incineroar|1\n|-damage|p1a: Incineroar|2/100\n|move|p2b: Sinistcha|Calm Mind|p2b: Sinistcha\n|-boost|p2b: Sinistcha|spa|1\n|-boost|p2b: Sinistcha|spd|1\n|\n|-weather|RainDance|[upkeep]\n|-heal|p1a: Incineroar|8/100|[from] item: Leftovers\n|-fieldend|move: Trick Room\n|upkeep\n|turn|6\n|inactive|Alfonso_V has 30 seconds left.\n|\n|t:|1776032506\n|switch|p1a: Starmie|Starmie, L50|100/100\n|move|p2a: Politoed|Helping Hand|p2b: Sinistcha\n|-singleturn|p2b: Sinistcha|Helping Hand|[of] p2a: Politoed\n|move|p2b: Sinistcha|Matcha Gotcha|p1a: Starmie|[spread] p1a,p1b\n|-supereffective|p1a: Starmie|1\n|-damage|p1a: Starmie|0 fnt\n|-damage|p1b: Farigiraf|54/100\n|faint|p1a: Starmie\n|move|p1b: Farigiraf|Psychic|p2a: Politoed\n|-damage|p2a: Politoed|10/100\n|\n|-weather|RainDance|[upkeep]\n|upkeep\n|c|\u2606lowtiersemar|idiota de mierda\n|c|\u2606lowtiersemar|estupido\n|-message|lowtiersemar forfeited.\n|\n|win|Alfonso_V\n",
  "uploadtime": 1776032519,
  "views": 9,
  "formatid": "gen9championsvgc2026regma",
  "rating": null,
  "private": 0,
  "password": null
}