{
  "id": "gen9championsvgc2026regma-2583358183",
  "format": "[Gen 9 Champions] VGC 2026 Reg M-A",
  "players": [
    "MiniAdapter",
    "KogaAF1219"
  ],
  "log": "|j|\u2606MiniAdapter\n|j|\u2606KogaAF1219\n|t:|1776169884\n|gametype|doubles\n|player|p1|MiniAdapter|backersf|1072\n|player|p2|KogaAF1219|koga|1139\n|gen|9\n|tier|[Gen 9 Champions] VGC 2026 Reg M-A\n|rated|\n|rule|Species Clause: Limit one of each Pok\u00e9mon\n|rule|Item Clause: Limit 1 of each item\n|clearpoke\n|poke|p1|Meganium, L50, F|\n|poke|p1|Pelipper, L50, M|\n|poke|p1|Basculegion, L50, M|\n|poke|p1|Volcarona, L50, F|\n|poke|p1|Sneasler, L50, F|\n|poke|p1|Chandelure, L50, F|\n|poke|p2|Torkoal, L50, F|\n|poke|p2|Venusaur, L50, F|\n|poke|p2|Incineroar, L50, F|\n|poke|p2|Farigiraf, L50, M|\n|poke|p2|Rotom-Fan, L50|\n|poke|p2|Excadrill, L50, F|\n|teampreview|4\n|\n|t:|1776169911\n|teamsize|p1|4\n|teamsize|p2|4\n|start\n|switch|p1a: Meganium|Meganium, L50, F|100/100\n|switch|p1b: Volcarona|Volcarona, L50, F|100/100\n|switch|p2a: Incineroar|Incineroar, L50, F|100/100\n|switch|p2b: Farigiraf|Farigiraf, L50, M|100/100\n|-ability|p2a: Incineroar|Intimidate|boost\n|-unboost|p1a: Meganium|atk|1\n|-unboost|p1b: Volcarona|atk|1\n|turn|1\n|inactive|Battle timer is ON: inactive players will automatically lose when time's up. (requested by MiniAdapter)\n|inactive|KogaAF1219 has 60 seconds left.\n|\n|t:|1776170003\n|detailschange|p1a: Meganium|Meganium-Mega, L50, F\n|-mega|p1a: Meganium|Meganium|Meganiumite\n|move|p2a: Incineroar|Fake Out|p1b: Volcarona\n|-damage|p1b: Volcarona|84/100\n|move|p1a: Meganium|Solar Beam||[still]\n|-prepare|p1a: Meganium|Solar Beam\n|-activate|p1a: Meganium|ability: Mega Sol\n|-anim|p1a: Meganium|Solar Beam|p2b: Farigiraf\n|-damage|p2b: Farigiraf|28/100\n|cant|p1b: Volcarona|flinch\n|move|p2b: Farigiraf|Trick Room|p2b: Farigiraf\n|-fieldstart|move: Trick Room|[of] p2b: Farigiraf\n|\n|upkeep\n|turn|2\n|\n|t:|1776170026\n|move|p1b: Volcarona|Rage Powder|p1b: Volcarona\n|-singleturn|p1b: Volcarona|move: Rage Powder\n|move|p2b: Farigiraf|Thunderbolt|p1b: Volcarona\n|-damage|p1b: Volcarona|64/100\n|move|p2a: Incineroar|Parting Shot|p1b: Volcarona\n|-unboost|p1b: Volcarona|atk|1\n|-unboost|p1b: Volcarona|spa|1\n|\n|t:|1776170032\n|switch|p2a: Torkoal|Torkoal, L50, F|100/100|[from] Parting Shot\n|-weather|SunnyDay|[from] ability: Drought|[of] p2a: Torkoal\n|move|p1a: Meganium|Dazzling Gleam|p2a: Torkoal|[spread] p2a,p2b\n|-resisted|p2a: Torkoal|1\n|-damage|p2a: Torkoal|82/100\n|-damage|p2b: Farigiraf|0 fnt\n|faint|p2b: Farigiraf\n|\n|-weather|SunnyDay|[upkeep]\n|upkeep\n|\n|t:|1776170052\n|switch|p2b: Venusaur|Venusaur, L50, F|100/100\n|turn|3\n|\n|t:|1776170066\n|switch|p2a: Incineroar|Incineroar, L50, F|100/100\n|-ability|p2a: Incineroar|Intimidate|boost\n|-unboost|p1a: Meganium|atk|1\n|-unboost|p1b: Volcarona|atk|1\n|switch|p1b: Pelipper|Pelipper, L50, M|100/100\n|-weather|RainDance|[from] ability: Drizzle|[of] p1b: Pelipper\n|move|p1a: Meganium|Protect|p1a: Meganium\n|-singleturn|p1a: Meganium|Protect\n|move|p2b: Venusaur|Energy Ball|p1b: Pelipper\n|-damage|p1b: Pelipper|47/100\n|\n|-weather|RainDance|[upkeep]\n|upkeep\n|turn|4\n|inactive|KogaAF1219 has 30 seconds left.\n|\n|t:|1776170094\n|switch|p2b: Torkoal|Torkoal, L50, F|82/100\n|-weather|SunnyDay|[from] ability: Drought|[of] p2b: Torkoal\n|move|p2a: Incineroar|Flare Blitz|p1b: Pelipper\n|-resisted|p1b: Pelipper|1\n|-damage|p1b: Pelipper|0 fnt\n|faint|p1b: Pelipper\n|-damage|p2a: Incineroar|88/100|[from] Recoil\n|move|p1a: Meganium|Weather Ball|p2b: Torkoal\n|-resisted|p2b: Torkoal|1\n|-damage|p2b: Torkoal|46/100\n|\n|-weather|SunnyDay|[upkeep]\n|upkeep\n|\n|t:|1776170112\n|switch|p1b: Volcarona|Volcarona, L50, F|64/100\n|turn|5\n|\n|t:|1776170126\n|move|p1a: Meganium|Protect|p1a: Meganium\n|-singleturn|p1a: Meganium|Protect\n|move|p1b: Volcarona|Rage Powder|p1b: Volcarona\n|-singleturn|p1b: Volcarona|move: Rage Powder\n|move|p2b: Torkoal|Heat Wave|p1a: Meganium|[spread] p1b\n|-activate|p1a: Meganium|move: Protect\n|-damage|p1b: Volcarona|24/100\n|-enditem|p1b: Volcarona|Sitrus Berry|[eat]\n|-heal|p1b: Volcarona|49/100|[from] item: Sitrus Berry\n|move|p2a: Incineroar|Flare Blitz|p1b: Volcarona\n|-damage|p1b: Volcarona|0 fnt\n|faint|p1b: Volcarona\n|-damage|p2a: Incineroar|73/100|[from] Recoil\n|\n|-weather|SunnyDay|[upkeep]\n|-fieldend|move: Trick Room\n|upkeep\n|\n|t:|1776170142\n|switch|p1b: Basculegion|Basculegion, L50, M|100/100\n|turn|6\n|\n|t:|1776170163\n|move|p1b: Basculegion|Aqua Jet|p2b: Torkoal\n|-supereffective|p2b: Torkoal|1\n|-damage|p2b: Torkoal|28/100\n|move|p1a: Meganium|Dazzling Gleam|p2b: Torkoal|[spread] p2a,p2b\n|-resisted|p2b: Torkoal|1\n|-damage|p2a: Incineroar|41/100\n|-damage|p2b: Torkoal|8/100\n|move|p2a: Incineroar|Parting Shot|p1b: Basculegion\n|-unboost|p1b: Basculegion|atk|1\n|-unboost|p1b: Basculegion|spa|1\n|\n|t:|1776170173\n|switch|p2a: Venusaur|Venusaur, L50, F|100/100|[from] Parting Shot\n|move|p2b: Torkoal|Heat Wave|p1a: Meganium|[spread] p1a,p1b\n|-supereffective|p1a: Meganium|1\n|-resisted|p1b: Basculegion|1\n|-damage|p1a: Meganium|0 fnt\n|-damage|p1b: Basculegion|73/100\n|faint|p1a: Meganium\n|\n|-weather|SunnyDay|[upkeep]\n|upkeep\n|turn|7\n|\n|t:|1776170186\n|move|p1b: Basculegion|Aqua Jet|p2b: Torkoal\n|-supereffective|p2b: Torkoal|1\n|-crit|p2b: Torkoal\n|-damage|p2b: Torkoal|0 fnt\n|faint|p2b: Torkoal\n|move|p2a: Venusaur|Sleep Powder|p1b: Basculegion|[miss]\n|-miss|p2a: Venusaur|p1b: Basculegion\n|\n|-weather|SunnyDay|[upkeep]\n|upkeep\n|\n|t:|1776170189\n|switch|p2b: Incineroar|Incineroar, L50, F|41/100\n|-ability|p2b: Incineroar|Intimidate|boost\n|-unboost|p1b: Basculegion|atk|1\n|turn|8\n|\n|t:|1776170200\n|move|p2a: Venusaur|Sleep Powder|p1b: Basculegion\n|-status|p1b: Basculegion|slp|[from] move: Sleep Powder\n|cant|p1b: Basculegion|slp\n|move|p2b: Incineroar|Flare Blitz|p1b: Basculegion\n|-resisted|p1b: Basculegion|1\n|-damage|p1b: Basculegion|15/100 slp\n|-damage|p2b: Incineroar|22/100|[from] Recoil\n|\n|-weather|none\n|upkeep\n|turn|9\n|\n|t:|1776170212\n|move|p2a: Venusaur|Energy Ball|p1b: Basculegion\n|-supereffective|p1b: Basculegion|1\n|-damage|p1b: Basculegion|0 fnt\n|faint|p1b: Basculegion\n|\n|win|KogaAF1219\n|raw|MiniAdapter's rating: 1072 &rarr; <strong>1055</strong><br />(-17 for losing)\n|raw|KogaAF1219's rating: 1139 &rarr; <strong>1159</strong><br />(+20 for winning)\n",
  "uploadtime": 1776170214,
  "views": 14,
  "formatid": "gen9championsvgc2026regma",
  "rating": 1055,
  "private": 0,
  "password": null
}