{
  "id": "gen9championsvgc2026regma-2588497698",
  "format": "[Gen 9 Champions] VGC 2026 Reg M-A",
  "players": [
    "kingofru99",
    "Astral Legionis"
  ],
  "log": "|j|\u2606kingofru99\n|j|\u2606Astral Legionis\n|t:|1776638934\n|gametype|doubles\n|player|p1|kingofru99|266|1105\n|player|p2|Astral Legionis|170|1165\n|gen|9\n|tier|[Gen 9 Champions] VGC 2026 Reg M-A\n|rated|\n|rule|Species Clause: Limit one of each Pok\u00e9mon\n|rule|Item Clause: Limit 1 of each item\n|clearpoke\n|poke|p1|Farigiraf, L50, F|\n|poke|p1|Torkoal, L50, M|\n|poke|p1|Conkeldurr, L50, F|\n|poke|p1|Kingambit, L50, M|\n|poke|p1|Ampharos, L50, M|\n|poke|p1|Slowbro, L50, M|\n|poke|p2|Reuniclus, L50, F|\n|poke|p2|Mimikyu, L50, F|\n|poke|p2|Kingambit, L50, M|\n|poke|p2|Primarina, L50, F|\n|poke|p2|Farigiraf, L50, M|\n|poke|p2|Aerodactyl, L50, M|\n|teampreview|4\nkingofru99 rejected open team sheets.\n|\n|t:|1776638955\n|teamsize|p1|4\n|teamsize|p2|4\n|start\n|switch|p1a: Slowbro|Slowbro, L50, M|100/100\n|switch|p1b: Ampharos|Ampharos, L50, M|100/100\n|switch|p2a: Mimikyu|Mimikyu, L50, F|100/100\n|switch|p2b: Kingambit|Kingambit, L50, M|100/100\n|turn|1\n|inactive|Battle timer is ON: inactive players will automatically lose when time's up. (requested by kingofru99)\n|\n|t:|1776638968\n|detailschange|p1a: Slowbro|Slowbro-Mega, L50, M\n|-mega|p1a: Slowbro|Slowbro|Slowbronite\n|move|p2a: Mimikyu|Play Rough|p1b: Ampharos\n|-damage|p1b: Ampharos|59/100\n|-status|p2a: Mimikyu|par|[from] ability: Static|[of] p1b: Ampharos\n|move|p1b: Ampharos|Dazzling Gleam|p2a: Mimikyu|[spread] p2a,p2b\n|-crit|p2b: Kingambit\n|-activate|p2a: Mimikyu|ability: Disguise\n|-damage|p2a: Mimikyu|100/100 par\n|-damage|p2b: Kingambit|68/100\n|detailschange|p2a: Mimikyu|Mimikyu-Busted, L50, F\n|-damage|p2a: Mimikyu|88/100 par|[from] pokemon: Mimikyu-Busted\n|move|p2b: Kingambit|Swords Dance|p2b: Kingambit\n|-boost|p2b: Kingambit|atk|2\n|move|p1a: Slowbro|Nasty Plot|p1a: Slowbro\n|-boost|p1a: Slowbro|spa|2\n|\n|upkeep\n|turn|2\n|inactive|kingofru99 has 30 seconds left.\n|\n|t:|1776638996\n|cant|p2a: Mimikyu|par\n|move|p1b: Ampharos|Dazzling Gleam|p2a: Mimikyu|[spread] p2a,p2b\n|-damage|p2a: Mimikyu|65/100 par\n|-damage|p2b: Kingambit|47/100\n|move|p2b: Kingambit|Kowtow Cleave|p1a: Slowbro\n|-supereffective|p1a: Slowbro|1\n|-damage|p1a: Slowbro|0 fnt\n|faint|p1a: Slowbro\n|\n|upkeep\n|\n|t:|1776639002\n|switch|p1a: Kingambit|Kingambit, L50, M|100/100\n|turn|3\n|\n|t:|1776639010\n|move|p1a: Kingambit|Sucker Punch|p2b: Kingambit\n|-resisted|p2b: Kingambit|1\n|-damage|p2b: Kingambit|29/100\n|move|p2b: Kingambit|Sucker Punch|p1b: Ampharos\n|-damage|p1b: Ampharos|0 fnt\n|faint|p1b: Ampharos\n|move|p2a: Mimikyu|Will-O-Wisp|p1a: Kingambit|[miss]\n|-miss|p2a: Mimikyu|p1a: Kingambit\n|\n|upkeep\n|\n|t:|1776639034\n|switch|p1b: Conkeldurr|Conkeldurr, L50, F|100/100\n|turn|4\n|\n|t:|1776639041\n|move|p2b: Kingambit|Protect|p2b: Kingambit\n|-singleturn|p2b: Kingambit|Protect\n|move|p1a: Kingambit|Iron Head|p2a: Mimikyu\n|-supereffective|p2a: Mimikyu|1\n|-damage|p2a: Mimikyu|0 fnt\n|faint|p2a: Mimikyu\n|move|p1b: Conkeldurr|Close Combat|p2b: Kingambit\n|-activate|p2b: Kingambit|move: Protect\n|\n|upkeep\n|\n|t:|1776639050\n|switch|p2a: Primarina|Primarina, L50, F|100/100\n|turn|5\n|\n|t:|1776639074\n|move|p1a: Kingambit|Sucker Punch|p2b: Kingambit\n|-resisted|p2b: Kingambit|1\n|-damage|p2b: Kingambit|12/100\n|move|p2a: Primarina|Moonblast|p1a: Kingambit\n|-damage|p1a: Kingambit|39/100\n|move|p2b: Kingambit|Kowtow Cleave|p1a: Kingambit\n|-resisted|p1a: Kingambit|1\n|-damage|p1a: Kingambit|0 fnt\n|faint|p1a: Kingambit\n|move|p1b: Conkeldurr|Thunder Punch|p2a: Primarina\n|-supereffective|p2a: Primarina|1\n|-crit|p2a: Primarina\n|-damage|p2a: Primarina|0 fnt\n|faint|p2a: Primarina\n|\n|upkeep\n|\n|t:|1776639086\n|switch|p2a: Reuniclus|Reuniclus, L50, F|100/100\n|turn|6\n|inactive|kingofru99 has 30 seconds left.\n|\n|t:|1776639119\n|move|p2b: Kingambit|Kowtow Cleave|p1b: Conkeldurr\n|-resisted|p1b: Conkeldurr|1\n|-damage|p1b: Conkeldurr|39/100\n|move|p1b: Conkeldurr|Close Combat|p2b: Kingambit\n|-supereffective|p2b: Kingambit|2\n|-damage|p2b: Kingambit|0 fnt\n|-unboost|p1b: Conkeldurr|def|1\n|-unboost|p1b: Conkeldurr|spd|1\n|faint|p2b: Kingambit\n|move|p2a: Reuniclus|Psychic|p1b: Conkeldurr\n|-supereffective|p1b: Conkeldurr|1\n|-damage|p1b: Conkeldurr|0 fnt\n|faint|p1b: Conkeldurr\n|\n|win|Astral Legionis\n|raw|kingofru99's rating: 1105 &rarr; <strong>1084</strong><br />(-21 for losing)\n|raw|Astral Legionis's rating: 1165 &rarr; <strong>1186</strong><br />(+21 for winning)\n|l|\u2606kingofru99\n|player|p1|\n",
  "uploadtime": 1776639135,
  "views": 6,
  "formatid": "gen9championsvgc2026regma",
  "rating": 1084,
  "private": 0,
  "password": null
}