{
  "id": "gen9championsvgc2026regma-2583845317",
  "format": "[Gen 9 Champions] VGC 2026 Reg M-A",
  "players": [
    "Noisycop",
    "Caracemento"
  ],
  "log": "|j|\u2606Noisycop\n|j|\u2606Caracemento\n|t:|1776202202\n|gametype|doubles\n|player|p1|Noisycop|preschooler|1107\n|player|p2|Caracemento|266|1114\n|gen|9\n|tier|[Gen 9 Champions] VGC 2026 Reg M-A\n|rated|\n|rule|Species Clause: Limit one of each Pok\u00e9mon\n|rule|Item Clause: Limit 1 of each item\n|clearpoke\n|poke|p1|Charizard, L50, M|\n|poke|p1|Hydreigon, L50, M|\n|poke|p1|Incineroar, L50, M|\n|poke|p1|Sneasler, L50, F|\n|poke|p1|Milotic, L50, F|\n|poke|p1|Sinistcha, L50|\n|poke|p2|Delphox, L50, M|\n|poke|p2|Milotic, L50, F|\n|poke|p2|Garchomp, L50, F|\n|poke|p2|Floette-Eternal, L50, F|\n|poke|p2|Kingambit, L50, F|\n|poke|p2|Whimsicott, L50, M|\n|teampreview|4\nNoisycop rejected open team sheets.\n|inactive|Battle timer is ON: inactive players will automatically lose when time's up. (requested by Noisycop)\n|\n|t:|1776202241\n|teamsize|p1|4\n|teamsize|p2|4\n|start\n|switch|p1a: Incineroar|Incineroar, L50, M, shiny|100/100\n|switch|p1b: Sneasler|Sneasler, L50, F|100/100\n|switch|p2a: Garchomp|Garchomp, L50, F|100/100\n|switch|p2b: Whimsicott|Whimsicott, L50, M, shiny|100/100\n|-ability|p1a: Incineroar|Intimidate|boost\n|-unboost|p2a: Garchomp|atk|1\n|-unboost|p2b: Whimsicott|atk|1\n|turn|1\n|inactive|Noisycop has 30 seconds left.\n|inactive|Caracemento has 30 seconds left.\n|inactive|Noisycop has 20 seconds left.\n|inactive|Caracemento has 20 seconds left.\n|\n|t:|1776202279\n|switch|p2a: Milotic|Milotic, L50, F, shiny|100/100\n|move|p1a: Incineroar|Fake Out|p2a: Milotic\n|-damage|p2a: Milotic|86/100\n|move|p2b: Whimsicott|Tailwind|p2b: Whimsicott\n|-sidestart|p2: Caracemento|move: Tailwind\n|move|p1b: Sneasler|Dire Claw|p2b: Whimsicott\n|-supereffective|p2b: Whimsicott|2\n|-enditem|p2b: Whimsicott|Focus Sash\n|-damage|p2b: Whimsicott|1/100\n|\n|-heal|p2a: Milotic|92/100|[from] item: Leftovers\n|upkeep\n|turn|2\n|inactive|Noisycop has 30 seconds left.\n|inactive|Caracemento has 30 seconds left.\n|\n|t:|1776202307\n|switch|p1a: Sinistcha|Sinistcha, L50|100/100\n|move|p2b: Whimsicott|Moonblast|p1b: Sneasler\n|-damage|p1b: Sneasler|59/100\n|move|p2a: Milotic|Coil|p2a: Milotic\n|-boost|p2a: Milotic|atk|1\n|-boost|p2a: Milotic|def|1\n|-boost|p2a: Milotic|accuracy|1\n|move|p1b: Sneasler|Close Combat|p2b: Whimsicott\n|-resisted|p2b: Whimsicott|1\n|-damage|p2b: Whimsicott|0 fnt\n|-unboost|p1b: Sneasler|def|1\n|-unboost|p1b: Sneasler|spd|1\n|faint|p2b: Whimsicott\n|-enditem|p1b: Sneasler|White Herb\n|-clearnegativeboost|p1b: Sneasler|[silent]\n|\n|-heal|p2a: Milotic|98/100|[from] item: Leftovers\n|upkeep\n|\n|t:|1776202327\n|switch|p2b: Delphox|Delphox, L50, M|100/100\n|turn|3\n|\n|t:|1776202348\n|switch|p1b: Incineroar|Incineroar, L50, M, shiny|100/100\n|-ability|p1b: Incineroar|Intimidate|boost\n|-unboost|p2a: Milotic|atk|1\n|-ability|p2a: Milotic|Competitive|boost\n|-boost|p2a: Milotic|spa|2\n|-unboost|p2b: Delphox|atk|1\n|detailschange|p2b: Delphox|Delphox-Mega, L50, M\n|-mega|p2b: Delphox|Delphox|Delphoxite\n|move|p2b: Delphox|Heat Wave|p1a: Sinistcha|[spread] p1a,p1b\n|-supereffective|p1a: Sinistcha|1\n|-resisted|p1b: Incineroar|1\n|-damage|p1a: Sinistcha|6/100\n|-damage|p1b: Incineroar|79/100\n|move|p2a: Milotic|Hypnosis|p1a: Sinistcha\n|-status|p1a: Sinistcha|slp|[from] move: Hypnosis\n|cant|p1a: Sinistcha|slp\n|\n|-heal|p2a: Milotic|100/100|[from] item: Leftovers\n|upkeep\n|turn|4\n|inactive|Noisycop has 30 seconds left.\n|inactive|Caracemento has 30 seconds left.\n|\n|t:|1776202378\n|move|p2b: Delphox|Protect|p2b: Delphox\n|-singleturn|p2b: Delphox|Protect\n|move|p1b: Incineroar|Fake Out|p2a: Milotic\n|-damage|p2a: Milotic|91/100\n|cant|p2a: Milotic|flinch\n|cant|p1a: Sinistcha|slp\n|\n|-heal|p2a: Milotic|97/100|[from] item: Leftovers\n|-sideend|p2: Caracemento|move: Tailwind\n|upkeep\n|turn|5\n|\n|t:|1776202398\n|move|p2b: Delphox|Encore|p1b: Incineroar\n|-start|p1b: Incineroar|Encore\n|move|p1b: Incineroar|Fake Out||[still]\n|-hint|Fake Out only works on your first turn out.\n|-fail|p1b: Incineroar\n|move|p2a: Milotic|Muddy Water|p1a: Sinistcha|[spread] p1a,p1b\n|-resisted|p1a: Sinistcha|1\n|-supereffective|p1b: Incineroar|1\n|-damage|p1a: Sinistcha|0 fnt\n|-damage|p1b: Incineroar|0 fnt\n|faint|p1a: Sinistcha\n|faint|p1b: Incineroar\n|\n|-heal|p2a: Milotic|100/100|[from] item: Leftovers\n|upkeep\n|\n|t:|1776202405\n|switch|p1a: Charizard|Charizard, L50, M|100/100\n|switch|p1b: Sneasler|Sneasler, L50, F|59/100\n|turn|6\n|inactive|Noisycop has 30 seconds left.\n|\n|t:|1776202433\n|move|p2b: Delphox|Protect|p2b: Delphox\n|-singleturn|p2b: Delphox|Protect\n|move|p1b: Sneasler|Fake Out|p2b: Delphox\n|-activate|p2b: Delphox|move: Protect\n|move|p1a: Charizard|Dragon Claw|p2b: Delphox\n|-activate|p2b: Delphox|move: Protect\n|move|p2a: Milotic|Muddy Water|p1a: Charizard|[spread] p1a,p1b\n|-supereffective|p1a: Charizard|1\n|-damage|p1a: Charizard|0 fnt\n|-damage|p1b: Sneasler|5/100\n|-unboost|p1b: Sneasler|accuracy|1\n|faint|p1a: Charizard\n|\n|upkeep\n|turn|7\n|-message|Noisycop forfeited.\n|\n|win|Caracemento\n|raw|Noisycop's rating: 1107 &rarr; <strong>1083</strong><br />(-24 for losing)\n|raw|Caracemento's rating: 1114 &rarr; <strong>1138</strong><br />(+24 for winning)\n|l|\u2606Noisycop\n|player|p1|\n",
  "uploadtime": 1776202603,
  "views": 24,
  "formatid": "gen9championsvgc2026regma",
  "rating": 1083,
  "private": 0,
  "password": null
}