{
  "id": "gen9championsvgc2026regma-2587152719",
  "format": "[Gen 9 Champions] VGC 2026 Reg M-A",
  "players": [
    "W0kMeDed",
    "Pokeventurer"
  ],
  "log": "|j|\u2606W0kMeDed\n|j|\u2606Pokeventurer\n|t:|1776501149\n|gametype|doubles\n|player|p1|W0kMeDed|palmer|1415\n|player|p2|Pokeventurer|265|1465\n|gen|9\n|tier|[Gen 9 Champions] VGC 2026 Reg M-A\n|rated|\n|rule|Species Clause: Limit one of each Pok\u00e9mon\n|rule|Item Clause: Limit 1 of each item\n|clearpoke\n|poke|p1|Charizard, L50, F|\n|poke|p1|Whimsicott, L50, F|\n|poke|p1|Sneasler, L50, M|\n|poke|p1|Garchomp, L50, F|\n|poke|p1|Maushold, L50|\n|poke|p1|Incineroar, L50, F|\n|poke|p2|Talonflame, L50, F|\n|poke|p2|Kingambit, L50, M|\n|poke|p2|Garchomp, L50, M|\n|poke|p2|Basculegion, L50, M|\n|poke|p2|Floette-Eternal, L50, F|\n|poke|p2|Pelipper, L50, F|\n|teampreview|4\n|inactive|Battle timer is ON: inactive players will automatically lose when time's up. (requested by Pokeventurer)\n|j| 1#MiraidonHater\n|\n|t:|1776501184\n|teamsize|p1|4\n|teamsize|p2|4\n|start\n|switch|p1a: Chosen 1|Charizard, L50, F|100/100\n|switch|p1b: Sneasler|Sneasler, L50, M|100/100\n|switch|p2a: Talonflame|Talonflame, L50, F|100/100\n|switch|p2b: Garchomp|Garchomp, L50, M|100/100\n|turn|1\n|inactive|W0kMeDed has 30 seconds left.\n|\n|t:|1776501211\n|move|p1a: Chosen 1|Protect|p1a: Chosen 1\n|-singleturn|p1a: Chosen 1|Protect\n|move|p2a: Talonflame|Upper Hand||[still]\n|-fail|p2a: Talonflame\n|move|p1b: Sneasler|Close Combat|p2a: Talonflame\n|-resisted|p2a: Talonflame|1\n|-damage|p2a: Talonflame|52/100\n|-unboost|p1b: Sneasler|def|1\n|-unboost|p1b: Sneasler|spd|1\n|-enditem|p1b: Sneasler|White Herb\n|-clearnegativeboost|p1b: Sneasler|[silent]\n|move|p2b: Garchomp|Rock Slide|p1b: Sneasler|[spread] p1b\n|-activate|p1a: Chosen 1|move: Protect\n|-resisted|p1b: Sneasler|1\n|-damage|p1b: Sneasler|83/100\n|\n|upkeep\n|turn|2\n|inactive|W0kMeDed has 30 seconds left.\n|inactive|W0kMeDed has 20 seconds left.\n|inactive|W0kMeDed has 15 seconds left.\n|\n|t:|1776501255\n|switch|p1a: Maushold|Maushold, L50|100/100\n|move|p1b: Sneasler|Rock Tomb|p2a: Talonflame\n|-supereffective|p2a: Talonflame|2\n|-damage|p2a: Talonflame|0 fnt\n|faint|p2a: Talonflame\n|move|p2b: Garchomp|Rock Slide|p1b: Sneasler|[spread] p1a,p1b\n|-resisted|p1b: Sneasler|1\n|-damage|p1a: Maushold|74/100\n|-damage|p1b: Sneasler|71/100\n|\n|upkeep\n|inactive|Pokeventurer has 30 seconds left.\n|\n|t:|1776501288\n|switch|p2a: Floette|Floette-Eternal, L50, F|100/100\n|turn|3\n|\n|t:|1776501294\n|detailschange|p2a: Floette|Floette-Mega, L50, F\n|-mega|p2a: Floette|Floette|Floettite\n|-ability|p2a: Floette|Fairy Aura\n|move|p1b: Sneasler|Protect|p1b: Sneasler\n|-singleturn|p1b: Sneasler|Protect\n|move|p2a: Floette|Protect|p2a: Floette\n|-singleturn|p2a: Floette|Protect\n|move|p1a: Maushold|Super Fang|p2b: Garchomp\n|-damage|p2b: Garchomp|51/100\n|-damage|p1a: Maushold|62/100|[from] ability: Rough Skin|[of] p2b: Garchomp\n|move|p2b: Garchomp|Earthquake|p1a: Maushold|[spread] p1a\n|-activate|p2a: Floette|move: Protect\n|-activate|p1b: Sneasler|move: Protect\n|-damage|p1a: Maushold|10/100\n|\n|upkeep\n|turn|4\n|inactive|W0kMeDed has 30 seconds left.\n|\n|t:|1776501322\n|move|p2b: Garchomp|Protect|p2b: Garchomp\n|-singleturn|p2b: Garchomp|Protect\n|move|p1b: Sneasler|Close Combat|p2b: Garchomp\n|-activate|p2b: Garchomp|move: Protect\n|move|p1a: Maushold|Super Fang|p2a: Floette\n|-damage|p2a: Floette|51/100\n|move|p2a: Floette|Psychic|p1b: Sneasler\n|-supereffective|p1b: Sneasler|2\n|-damage|p1b: Sneasler|0 fnt\n|faint|p1b: Sneasler\n|\n|upkeep\n|inactive|W0kMeDed has 30 seconds left.\n|\n|t:|1776501349\n|switch|p1b: Garchomp|Garchomp, L50, F|100/100\n|turn|5\n|\n|t:|1776501361\n|move|p1a: Maushold|Super Fang|p2a: Floette|[miss]\n|-miss|p1a: Maushold|p2a: Floette\n|move|p1b: Garchomp|Earthquake|p2b: Garchomp|[spread] p1a,p2a,p2b\n|-damage|p1a: Maushold|0 fnt\n|-damage|p2a: Floette|6/100\n|-damage|p2b: Garchomp|15/100\n|faint|p1a: Maushold\n|move|p2b: Garchomp|Rock Slide|p1b: Garchomp\n|-resisted|p1b: Garchomp|1\n|-damage|p1b: Garchomp|85/100\n|move|p2a: Floette|Moonblast|p1b: Garchomp\n|-supereffective|p1b: Garchomp|1\n|-damage|p1b: Garchomp|0 fnt\n|faint|p1b: Garchomp\n|\n|upkeep\n|\n|t:|1776501368\n|switch|p1b: Chosen 1|Charizard, L50, F|100/100\n|turn|6\n|\n|t:|1776501376\n|detailschange|p1b: Chosen 1|Charizard-Mega-Y, L50, F\n|-mega|p1b: Chosen 1|Charizard|Charizardite Y\n|-weather|SunnyDay|[from] ability: Drought|[of] p1b: Chosen 1\n|move|p2b: Garchomp|Dragon Claw|p1b: Chosen 1\n|-damage|p1b: Chosen 1|53/100\n|move|p2a: Floette|Psychic|p1b: Chosen 1\n|-damage|p1b: Chosen 1|22/100\n|-unboost|p1b: Chosen 1|spd|1\n|move|p1b: Chosen 1|Heat Wave|p2a: Floette|[spread] p2a,p2b\n|-resisted|p2b: Garchomp|1\n|-damage|p2a: Floette|0 fnt\n|-damage|p2b: Garchomp|0 fnt\n|faint|p2a: Floette\n|faint|p2b: Garchomp\n|\n|-weather|SunnyDay|[upkeep]\n|upkeep\n|c|\u2606Pokeventurer|gg\n|\n|t:|1776501381\n|switch|p2a: Basculegion|Basculegion, L50, M|100/100\n|turn|7\n|c|\u2606Pokeventurer|wp\n|\n|t:|1776501390\n|move|p2a: Basculegion|Last Respects|p1b: Chosen 1\n|-crit|p1b: Chosen 1\n|-damage|p1b: Chosen 1|0 fnt\n|faint|p1b: Chosen 1\n|\n|win|Pokeventurer\n|raw|W0kMeDed's rating: 1415 &rarr; <strong>1398</strong><br />(-17 for losing)\n|raw|Pokeventurer's rating: 1465 &rarr; <strong>1482</strong><br />(+17 for winning)\n|c|\u2606W0kMeDed|gg\n",
  "uploadtime": 1776501164,
  "views": 24,
  "formatid": "gen9championsvgc2026regma",
  "rating": 1398,
  "private": 0,
  "password": null
}