{
  "id": "gen9championsvgc2026regma-2587080672",
  "format": "[Gen 9 Champions] VGC 2026 Reg M-A",
  "players": [
    "Todo CCT",
    "graubio"
  ],
  "log": "|j|\u2606Todo CCT\n|j|\u2606graubio\n|t:|1776490722\n|gametype|doubles\n|player|p1|Todo CCT|giovanni|1425\n|player|p2|graubio|blue|1355\n|gen|9\n|tier|[Gen 9 Champions] VGC 2026 Reg M-A\n|rated|\n|rule|Species Clause: Limit one of each Pok\u00e9mon\n|rule|Item Clause: Limit 1 of each item\n|clearpoke\n|poke|p1|Sneasler, L50, F|\n|poke|p1|Kingambit, L50, F|\n|poke|p1|Farigiraf, L50, F|\n|poke|p1|Torkoal, L50, F|\n|poke|p1|Whimsicott, L50, F|\n|poke|p1|Floette-Eternal, L50, F|\n|poke|p2|Lopunny, L50, M|\n|poke|p2|Basculegion, L50, M|\n|poke|p2|Pelipper, L50, F|\n|poke|p2|Archaludon, L50, M|\n|poke|p2|Sinistcha, L50|\n|poke|p2|Incineroar, L50, F|\n|teampreview|4\n|\n|t:|1776490797\n|teamsize|p1|4\n|teamsize|p2|4\n|start\n|switch|p1a: Sneasler|Sneasler, L50, F|100/100\n|switch|p1b: Whimsicott|Whimsicott, L50, F|100/100\n|switch|p2a: Labubu|Lopunny, L50, M|100/100\n|switch|p2b: Pr\u00e9dio Espelhado|Archaludon, L50, M|100/100\n|turn|1\n|\n|t:|1776490818\n|detailschange|p2a: Labubu|Lopunny-Mega, L50, M\n|-mega|p2a: Labubu|Lopunny|Lopunnite\n|move|p2a: Labubu|Fake Out|p1a: Sneasler\n|-damage|p1a: Sneasler|64/100\n|cant|p1a: Sneasler|flinch\n|move|p1b: Whimsicott|Moonblast|p2a: Labubu\n|-supereffective|p2a: Labubu|1\n|-damage|p2a: Labubu|6/100\n|move|p2b: Pr\u00e9dio Espelhado|Flash Cannon|p1a: Sneasler\n|-damage|p1a: Sneasler|0 fnt\n|faint|p1a: Sneasler\n|\n|upkeep\n|\n|t:|1776490822\n|switch|p1a: Floette|Floette-Eternal, L50, F|100/100\n|turn|2\n|\n|t:|1776490839\n|detailschange|p1a: Floette|Floette-Mega, L50, F\n|-mega|p1a: Floette|Floette|Floettite\n|-ability|p1a: Floette|Fairy Aura\n|move|p1b: Whimsicott|Fake Tears|p2b: Pr\u00e9dio Espelhado\n|-unboost|p2b: Pr\u00e9dio Espelhado|spd|2\n|move|p2a: Labubu|Rain Dance|p2a: Labubu\n|-weather|RainDance\n|move|p1a: Floette|Dazzling Gleam|p2a: Labubu|[spread] p2a,p2b\n|-supereffective|p2a: Labubu|1\n|-damage|p2a: Labubu|0 fnt\n|-ability|p2b: Pr\u00e9dio Espelhado|Sturdy\n|-damage|p2b: Pr\u00e9dio Espelhado|1/100\n|faint|p2a: Labubu\n|move|p2b: Pr\u00e9dio Espelhado|Electro Shot||[still]\n|-prepare|p2b: Pr\u00e9dio Espelhado|Electro Shot\n|-boost|p2b: Pr\u00e9dio Espelhado|spa|1\n|-anim|p2b: Pr\u00e9dio Espelhado|Electro Shot|p1a: Floette\n|-damage|p1a: Floette|30/100\n|\n|-weather|RainDance|[upkeep]\n|upkeep\n|\n|t:|1776490856\n|switch|p2a: Peixe|Basculegion, L50, M|100/100\n|turn|3\n|\n|t:|1776490876\n|move|p1a: Floette|Protect|p1a: Floette\n|-singleturn|p1a: Floette|Protect\n|move|p2a: Peixe|Last Respects|p1b: Whimsicott\n|-damage|p1b: Whimsicott|25/100\n|move|p1b: Whimsicott|Moonblast|p2b: Pr\u00e9dio Espelhado\n|-damage|p2b: Pr\u00e9dio Espelhado|0 fnt\n|faint|p2b: Pr\u00e9dio Espelhado\n|\n|-weather|RainDance|[upkeep]\n|upkeep\n|\n|t:|1776490882\n|switch|p2b: Pombo|Pelipper, L50, F|100/100\n|turn|4\n|\n|t:|1776490909\n|move|p1b: Whimsicott|Tailwind|p1b: Whimsicott\n|-sidestart|p1: Todo CCT|move: Tailwind\n|move|p1a: Floette|Moonblast|p2b: Pombo\n|-enditem|p2b: Pombo|Focus Sash\n|-damage|p2b: Pombo|1/100\n|move|p2a: Peixe|Wave Crash|p1a: Floette\n|-damage|p1a: Floette|0 fnt\n|faint|p1a: Floette\n|-damage|p2a: Peixe|93/100|[from] Recoil\n|move|p2b: Pombo|Hurricane|p1b: Whimsicott\n|-supereffective|p1b: Whimsicott|1\n|-damage|p1b: Whimsicott|0 fnt\n|faint|p1b: Whimsicott\n|\n|-weather|RainDance|[upkeep]\n|upkeep\n|\n|t:|1776490912\n|switch|p1b: Kingambit|Kingambit, L50, F|100/100\n|turn|5\n|\n|t:|1776490928\n|move|p2a: Peixe|Protect|p2a: Peixe\n|-singleturn|p2a: Peixe|Protect\n|move|p1b: Kingambit|Sucker Punch||[still]\n|-fail|p1b: Kingambit\n|move|p2b: Pombo|Weather Ball|p1b: Kingambit\n|-damage|p1b: Kingambit|43/100\n|\n|-weather|RainDance|[upkeep]\n|upkeep\n|turn|6\n|\n|t:|1776490938\n|move|p1b: Kingambit|Sucker Punch|p2a: Peixe\n|-supereffective|p2a: Peixe|1\n|-damage|p2a: Peixe|0 fnt\n|faint|p2a: Peixe\n|move|p2b: Pombo|Weather Ball|p1b: Kingambit\n|-crit|p1b: Kingambit\n|-damage|p1b: Kingambit|0 fnt\n|faint|p1b: Kingambit\n|\n|win|graubio\n|raw|Todo CCT's rating: 1425 &rarr; <strong>1401</strong><br />(-24 for losing)\n|raw|graubio's rating: 1355 &rarr; <strong>1379</strong><br />(+24 for winning)\n",
  "uploadtime": 1776491080,
  "views": 44,
  "formatid": "gen9championsvgc2026regma",
  "rating": 1379,
  "private": 0,
  "password": null
}