{
  "id": "gen9championsvgc2026regma-2588199677",
  "format": "[Gen 9 Champions] VGC 2026 Reg M-A",
  "players": [
    "F0XYN",
    "hemanda1233"
  ],
  "log": "|j|\u2606F0XYN\n|j|\u2606hemanda1233\n|t:|1776613764\n|gametype|doubles\n|player|p1|F0XYN|265|1232\n|player|p2|hemanda1233|170|1236\n|gen|9\n|tier|[Gen 9 Champions] VGC 2026 Reg M-A\n|rated|\n|rule|Species Clause: Limit one of each Pok\u00e9mon\n|rule|Item Clause: Limit 1 of each item\n|clearpoke\n|poke|p1|Excadrill, L50, M, shiny|\n|poke|p1|Tyranitar, L50, M, shiny|\n|poke|p1|Rotom-Wash, L50, shiny|\n|poke|p1|Sneasler, L50, F, shiny|\n|poke|p1|Dragapult, L50, F, shiny|\n|poke|p1|Meganium, L50, M, shiny|\n|poke|p2|Starmie, L50|\n|poke|p2|Gardevoir, L50, M|\n|poke|p2|Garchomp, L50, F|\n|poke|p2|Orthworm, L50, M|\n|poke|p2|Incineroar, L50, M|\n|poke|p2|Volcarona, L50, M|\n|teampreview|4\n|inactive|Battle timer is ON: inactive players will automatically lose when time's up. (requested by hemanda1233)\n|inactive|F0XYN has 60 seconds left.\n|inactive|hemanda1233 has 60 seconds left.\nhemanda1233 rejected open team sheets.\n|\n|t:|1776613804\n|teamsize|p1|4\n|teamsize|p2|4\n|start\n|switch|p1a: Sneasler|Sneasler, L50, F, shiny|100/100\n|switch|p1b: Dragapult|Dragapult, L50, F, shiny|100/100\n|switch|p2a: Starmie|Starmie, L50|100/100\n|switch|p2b: Gardevoir|Gardevoir, L50, M|100/100\n|turn|1\n|\n|t:|1776613827\n|move|p2a: Starmie|Protect|p2a: Starmie\n|-singleturn|p2a: Starmie|Protect\n|move|p2b: Gardevoir|Protect|p2b: Gardevoir\n|-singleturn|p2b: Gardevoir|Protect\n|move|p1b: Dragapult|Phantom Force||[still]\n|-prepare|p1b: Dragapult|Phantom Force\n|move|p1a: Sneasler|Dire Claw|p2b: Gardevoir\n|-activate|p2b: Gardevoir|move: Protect\n|\n|upkeep\n|turn|2\n|inactive|hemanda1233 has 30 seconds left.\n|inactive|hemanda1233 has 20 seconds left.\n|\n|t:|1776613862\n|switch|p2a: Incineroar|Incineroar, L50, M|100/100\n|-ability|p2a: Incineroar|Intimidate|boost\n|-unboost|p1a: Sneasler|atk|1\n|-fail|p1b: Dragapult|unboost|[from] ability: Clear Body|[of] p1b: Dragapult\n|-enditem|p1a: Sneasler|White Herb\n|-clearnegativeboost|p1a: Sneasler|[silent]\n|move|p1a: Sneasler|Dire Claw|p2a: Incineroar\n|-damage|p2a: Incineroar|69/100\n|move|p1b: Dragapult|Phantom Force|p2a: Incineroar|[from] lockedmove\n|-resisted|p2a: Incineroar|1\n|-damage|p2a: Incineroar|50/100\n|move|p2b: Gardevoir|Moonblast|p1b: Dragapult\n|-supereffective|p1b: Dragapult|1\n|-damage|p1b: Dragapult|0 fnt\n|faint|p1b: Dragapult\n|\n|upkeep\n|\n|t:|1776613873\n|switch|p1b: Rotom|Rotom-Wash, L50, shiny|100/100\n|turn|3\n|inactive|hemanda1233 has 30 seconds left.\n|\n|t:|1776613899\n|move|p1a: Sneasler|Protect|p1a: Sneasler\n|-singleturn|p1a: Sneasler|Protect\n|move|p2a: Incineroar|Fake Out|p1b: Rotom\n|-damage|p1b: Rotom|89/100\n|move|p2b: Gardevoir|Psychic|p1a: Sneasler\n|-activate|p1a: Sneasler|move: Protect\n|cant|p1b: Rotom|flinch\n|\n|upkeep\n|turn|4\n|inactive|hemanda1233 has 30 seconds left.\n|inactive|F0XYN has 30 seconds left.\n|\n|t:|1776613932\n|move|p1a: Sneasler|Dire Claw|p2b: Gardevoir\n|-supereffective|p2b: Gardevoir|1\n|-enditem|p2b: Gardevoir|Focus Sash\n|-damage|p2b: Gardevoir|1/100\n|-status|p2b: Gardevoir|par\n|move|p1b: Rotom|Hydro Pump|p2a: Incineroar\n|-supereffective|p2a: Incineroar|1\n|-damage|p2a: Incineroar|0 fnt\n|faint|p2a: Incineroar\n|move|p2b: Gardevoir|Psychic|p1a: Sneasler\n|-supereffective|p1a: Sneasler|2\n|-damage|p1a: Sneasler|0 fnt\n|faint|p1a: Sneasler\n|\n|upkeep\n|\n|t:|1776613947\n|switch|p1a: Meganium|Meganium, L50, M, shiny|100/100\n|switch|p2a: Garchomp|Garchomp, L50, F|100/100\n|turn|5\n|inactive|hemanda1233 has 30 seconds left.\n|inactive|hemanda1233 has 20 seconds left.\n|inactive|hemanda1233 has 15 seconds left.\n|\n|t:|1776613988\n|switch|p2a: Starmie|Starmie, L50|100/100\n|detailschange|p1a: Meganium|Meganium-Mega, L50, M, shiny\n|-mega|p1a: Meganium|Meganium|Meganiumite\n|move|p2b: Gardevoir|Protect|p2b: Gardevoir\n|-singleturn|p2b: Gardevoir|Protect\n|move|p1b: Rotom|Thunderbolt|p2b: Gardevoir\n|-activate|p2b: Gardevoir|move: Protect\n|move|p1a: Meganium|Dazzling Gleam|p2a: Starmie|[spread] p2a\n|-activate|p2b: Gardevoir|move: Protect\n|-damage|p2a: Starmie|48/100\n|\n|upkeep\n|turn|6\n|inactive|F0XYN has 30 seconds left.\n|\n|t:|1776614017\n|detailschange|p2a: Starmie|Starmie-Mega, L50\n|-mega|p2a: Starmie|Starmie|Starminite\n|move|p2b: Gardevoir|Helping Hand|p2a: Starmie\n|-singleturn|p2a: Starmie|Helping Hand|[of] p2b: Gardevoir\n|move|p2a: Starmie|Self-Destruct|p1b: Rotom|[spread] p1a,p1b\n|-activate|p2b: Gardevoir|ability: Telepathy\n|-damage|p1a: Meganium|0 fnt\n|-damage|p1b: Rotom|0 fnt\n|faint|p2a: Starmie\n|faint|p1a: Meganium\n|faint|p1b: Rotom\n|\n|win|hemanda1233\n|raw|F0XYN's rating: 1232 &rarr; <strong>1207</strong><br />(-25 for losing)\n|raw|hemanda1233's rating: 1236 &rarr; <strong>1261</strong><br />(+25 for winning)\n|l|\u2606hemanda1233\n|player|p2|\n",
  "uploadtime": 1776614032,
  "views": 11,
  "formatid": "gen9championsvgc2026regma",
  "rating": 1207,
  "private": 0,
  "password": null
}