{
  "id": "gen9championsvgc2026regma-2587821986",
  "format": "[Gen 9 Champions] VGC 2026 Reg M-A",
  "players": [
    "VGC Zetsu",
    "bleedingjarl"
  ],
  "log": "|j|\u2606VGC Zetsu\n|j|\u2606bleedingjarl\n|t:|1776567514\n|gametype|doubles\n|player|p1|VGC Zetsu|rocketgruntf|1107\n|player|p2|bleedingjarl|wallace|1032\n|gen|9\n|tier|[Gen 9 Champions] VGC 2026 Reg M-A\n|rated|\n|rule|Species Clause: Limit one of each Pok\u00e9mon\n|rule|Item Clause: Limit 1 of each item\n|clearpoke\n|poke|p1|Froslass, L50, F|\n|poke|p1|Torterra, L50, F|\n|poke|p1|Whimsicott, L50, M, shiny|\n|poke|p1|Incineroar, L50, F|\n|poke|p1|Sinistcha, L50|\n|poke|p1|Raichu, L50, M|\n|poke|p2|Starmie, L50, shiny|\n|poke|p2|Pelipper, L50, M|\n|poke|p2|Farigiraf, L50, M, shiny|\n|poke|p2|Meganium, L50, F|\n|poke|p2|Beartic, L50, F, shiny|\n|poke|p2|Goodra-Hisui, L50, M|\n|teampreview|4\n|\n|t:|1776567561\n|teamsize|p1|4\n|teamsize|p2|4\n|start\n|switch|p1a: Froslass|Froslass, L50, F|100/100\n|switch|p1b: Whimsicott|Whimsicott, L50, M, shiny|100/100\n|switch|p2a: Pelipper|Pelipper, L50, M|100/100\n|switch|p2b: Starmie|Starmie, L50, shiny|100/100\n|-weather|RainDance|[from] ability: Drizzle|[of] p2a: Pelipper\n|turn|1\n|inactive|Battle timer is ON: inactive players will automatically lose when time's up. (requested by VGC Zetsu)\n|inactive|bleedingjarl has 60 seconds left.\n|\n|t:|1776567596\n|switch|p2b: Farigiraf|Farigiraf, L50, M, shiny|100/100\n|detailschange|p1a: Froslass|Froslass-Mega, L50, F\n|-mega|p1a: Froslass|Froslass|Froslassite\n|-weather|Snowscape|[from] ability: Snow Warning|[of] p1a: Froslass\n|move|p1b: Whimsicott|Stun Spore||[still]\n|cant|p2b: Farigiraf|ability: Armor Tail|Stun Spore|[of] p1b: Whimsicott\n|move|p1a: Froslass|Aurora Veil|p1a: Froslass\n|-sidestart|p1: VGC Zetsu|move: Aurora Veil\n|move|p2a: Pelipper|Hurricane|p1b: Whimsicott\n|-supereffective|p1b: Whimsicott|1\n|-damage|p1b: Whimsicott|33/100\n|\n|-weather|Snowscape|[upkeep]\n|upkeep\n|turn|2\n|inactive|VGC Zetsu has 30 seconds left.\n|inactive|bleedingjarl has 30 seconds left.\n|\n|t:|1776567625\n|move|p1b: Whimsicott|Tailwind|p1b: Whimsicott\n|-sidestart|p1: VGC Zetsu|move: Tailwind\n|move|p1a: Froslass|Blizzard|p2b: Farigiraf|[spread] p2a,p2b\n|-crit|p2a: Pelipper\n|-enditem|p2a: Pelipper|Focus Sash\n|-damage|p2a: Pelipper|1/100\n|-damage|p2b: Farigiraf|56/100\n|move|p2a: Pelipper|Tailwind|p2a: Pelipper\n|-sidestart|p2: bleedingjarl|move: Tailwind\n|move|p2b: Farigiraf|Psychic Terrain|p2b: Farigiraf\n|-fieldstart|move: Psychic Terrain\n|\n|-weather|Snowscape|[upkeep]\n|upkeep\n|turn|3\n|inactive|bleedingjarl has 30 seconds left.\n|inactive|bleedingjarl has 20 seconds left.\n|\n|t:|1776567663\n|switch|p2a: Beartic|Beartic, L50, F, shiny|100/100\n|move|p1a: Froslass|Blizzard|p2b: Farigiraf|[spread] p2a,p2b\n|-resisted|p2a: Beartic|1\n|-damage|p2a: Beartic|73/100\n|-damage|p2b: Farigiraf|17/100\n|-enditem|p2b: Farigiraf|Sitrus Berry|[eat]\n|-heal|p2b: Farigiraf|42/100|[from] item: Sitrus Berry\n|move|p1b: Whimsicott|Moonblast|p2a: Beartic\n|-damage|p2a: Beartic|40/100\n|move|p2b: Farigiraf|Expanding Force|p1a: Froslass|[spread] p1a,p1b\n|-damage|p1a: Froslass|56/100\n|-damage|p1b: Whimsicott|0 fnt\n|faint|p1b: Whimsicott\n|\n|-weather|Snowscape|[upkeep]\n|upkeep\n|\n|t:|1776567677\n|switch|p1b: Sinistcha|Sinistcha, L50|100/100\n|-heal|p1a: Froslass|80/100|[from] ability: Hospitality|[of] p1b: Sinistcha\n|turn|4\n|\n|t:|1776567697\n|move|p1a: Froslass|Blizzard|p2a: Beartic|[spread] p2a,p2b\n|-resisted|p2a: Beartic|1\n|-damage|p2a: Beartic|12/100\n|-damage|p2b: Farigiraf|4/100\n|move|p2a: Beartic|Crunch|p1a: Froslass\n|-supereffective|p1a: Froslass|1\n|-damage|p1a: Froslass|36/100\n|move|p1b: Sinistcha|Calm Mind|p1b: Sinistcha\n|-boost|p1b: Sinistcha|spa|1\n|-boost|p1b: Sinistcha|spd|1\n|move|p2b: Farigiraf|Expanding Force|p1a: Froslass|[spread] p1a,p1b\n|-damage|p1a: Froslass|0 fnt\n|-damage|p1b: Sinistcha|72/100\n|faint|p1a: Froslass\n|\n|-weather|Snowscape|[upkeep]\n|upkeep\n|\n|t:|1776567710\n|switch|p1a: Raichu|Raichu, L50, M|100/100\n|turn|5\n|\n|t:|1776567729\n|move|p1a: Raichu|Discharge|p2a: Beartic|[spread] p1b,p2a,p2b\n|-resisted|p1b: Sinistcha|1\n|-damage|p1b: Sinistcha|64/100\n|-damage|p2a: Beartic|0 fnt\n|-damage|p2b: Farigiraf|0 fnt\n|faint|p2a: Beartic\n|faint|p2b: Farigiraf\n|move|p1b: Sinistcha|Life Dew||[still]|[spread] p1a,p1b\n|-fail|p1a: Raichu|heal\n|-heal|p1b: Sinistcha|89/100\n|\n|-weather|none\n|-sideend|p1: VGC Zetsu|move: Tailwind\n|-sideend|p2: bleedingjarl|move: Tailwind\n|-sideend|p1: VGC Zetsu|move: Aurora Veil\n|upkeep\n|\n|t:|1776567744\n|switch|p2a: Starmie|Starmie, L50, shiny|100/100\n|switch|p2b: Pelipper|Pelipper, L50, M|1/100\n|-weather|RainDance|[from] ability: Drizzle|[of] p2b: Pelipper\n|turn|6\n|\n|t:|1776567766\n|detailschange|p2a: Starmie|Starmie-Mega, L50, shiny\n|-mega|p2a: Starmie|Starmie|Starminite\n|move|p2a: Starmie|Expanding Force|p1b: Sinistcha|[spread] p1a,p1b\n|-damage|p1a: Raichu|0 fnt\n|-damage|p1b: Sinistcha|45/100\n|faint|p1a: Raichu\n|move|p1b: Sinistcha|Matcha Gotcha|p2a: Starmie|[spread] p2a,p2b\n|-supereffective|p2a: Starmie|1\n|-crit|p2b: Pelipper\n|-damage|p2a: Starmie|0 fnt\n|-heal|p1b: Sinistcha|88/100|[from] drain|[of] p2a: Starmie\n|-damage|p2b: Pelipper|0 fnt\n|-heal|p1b: Sinistcha|89/100|[from] drain|[of] p2b: Pelipper\n|faint|p2a: Starmie\n|faint|p2b: Pelipper\n|\n|win|VGC Zetsu\n|raw|VGC Zetsu's rating: 1107 &rarr; <strong>1127</strong><br />(+20 for winning)\n|raw|bleedingjarl's rating: 1032 &rarr; <strong>1020</strong><br />(-12 for losing)\n|l|\u2606bleedingjarl\n|player|p2|\n",
  "uploadtime": 1776567785,
  "views": 8,
  "formatid": "gen9championsvgc2026regma",
  "rating": 1020,
  "private": 0,
  "password": null
}