{
  "id": "gen9championsvgc2026regma-2585953690",
  "format": "[Gen 9 Champions] VGC 2026 Reg M-A",
  "players": [
    "sleepoligy",
    "Shiftuy"
  ],
  "log": "|j|\u2606sleepoligy\n|j|\u2606Shiftuy\n|t:|1776384668\n|gametype|doubles\n|player|p1|sleepoligy|cheryl|1133\n|player|p2|Shiftuy|pokemaniac|1182\n|gen|9\n|tier|[Gen 9 Champions] VGC 2026 Reg M-A\n|rated|\n|rule|Species Clause: Limit one of each Pok\u00e9mon\n|rule|Item Clause: Limit 1 of each item\n|clearpoke\n|poke|p1|Meowscarada, L50, F|\n|poke|p1|Sylveon, L50, F|\n|poke|p1|Basculegion, L50, M|\n|poke|p1|Sneasler, L50, F|\n|poke|p1|Floette-Eternal, L50, F|\n|poke|p1|Maushold-Four, L50|\n|poke|p2|Farigiraf, L50, M|\n|poke|p2|Clefable, L50, F|\n|poke|p2|Hatterene, L50, F|\n|poke|p2|Kingambit, L50, M|\n|poke|p2|Crabominable, L50, M|\n|poke|p2|Sinistcha, L50|\n|teampreview|4\n|inactive|Battle timer is ON: inactive players will automatically lose when time's up. (requested by Shiftuy)\n|inactive|sleepoligy has 60 seconds left.\n|\n|t:|1776384718\n|teamsize|p1|4\n|teamsize|p2|4\n|start\n|switch|p1a: Meowscarada|Meowscarada, L50, F|100/100\n|switch|p1b: Basculegion|Basculegion, L50, M|100/100\n|switch|p2a: Clefable|Clefable, L50, F|100/100\n|switch|p2b: Farigiraf|Farigiraf, L50, M|100/100\n|turn|1\n|inactive|sleepoligy has 30 seconds left.\n|\n|t:|1776384744\n|move|p2a: Clefable|Follow Me|p2a: Clefable\n|-singleturn|p2a: Clefable|move: Follow Me\n|move|p1b: Basculegion|Flip Turn|p2a: Clefable\n|-damage|p2a: Clefable|57/100\n|\n|t:|1776384757\n|switch|p1b: Floette|Floette-Eternal, L50, F|100/100|[from] Flip Turn\n|move|p1a: Meowscarada|Trick Room|p1a: Meowscarada\n|-start|p1a: Meowscarada|typechange|Psychic|[from] ability: Protean\n|-fieldstart|move: Trick Room|[of] p1a: Meowscarada\n|move|p2b: Farigiraf|Trick Room|p2b: Farigiraf\n|-fieldend|move: Trick Room\n|\n|upkeep\n|turn|2\n|inactive|sleepoligy has 30 seconds left.\n|inactive|sleepoligy has 20 seconds left.\n|inactive|sleepoligy has 15 seconds left.\n|\n|t:|1776384798\n|detailschange|p1b: Floette|Floette-Mega, L50, F\n|-mega|p1b: Floette|Floette|Floettite\n|-ability|p1b: Floette|Fairy Aura\n|move|p1a: Meowscarada|Flower Trick|p2a: Clefable\n|-crit|p2a: Clefable\n|-damage|p2a: Clefable|18/100\n|move|p1b: Floette|Calm Mind|p1b: Floette\n|-boost|p1b: Floette|spa|1\n|-boost|p1b: Floette|spd|1\n|move|p2a: Clefable|Dazzling Gleam|p1b: Floette|[spread] p1a,p1b\n|-damage|p1a: Meowscarada|48/100\n|-damage|p1b: Floette|81/100\n|move|p2b: Farigiraf|Trick Room|p2b: Farigiraf\n|-fieldstart|move: Trick Room|[of] p2b: Farigiraf\n|\n|upkeep\n|turn|3\n|inactive|sleepoligy has 30 seconds left.\n|\n|t:|1776384826\n|move|p1b: Floette|Protect|p1b: Floette\n|-singleturn|p1b: Floette|Protect\n|move|p2a: Clefable|Dazzling Gleam|p1a: Meowscarada|[spread] p1a\n|-activate|p1b: Floette|move: Protect\n|-damage|p1a: Meowscarada|0 fnt\n|faint|p1a: Meowscarada\n|move|p2b: Farigiraf|Hyper Voice|p1b: Floette\n|-activate|p1b: Floette|move: Protect\n|\n|upkeep\n|\n|t:|1776384838\n|switch|p1a: Sylveon|Sylveon, L50, F|100/100\n|turn|4\n|\n|t:|1776384853\n|move|p2b: Farigiraf|Hyper Voice|p1b: Floette|[spread] p1a,p1b\n|-damage|p1a: Sylveon|75/100\n|-damage|p1b: Floette|64/100\n|move|p2a: Clefable|Dazzling Gleam|p1b: Floette|[spread] p1a,p1b\n|-damage|p1a: Sylveon|45/100\n|-damage|p1b: Floette|44/100\n|move|p1a: Sylveon|Hyper Voice|p2b: Farigiraf|[spread] p2a,p2b\n|-damage|p2a: Clefable|0 fnt\n|-damage|p2b: Farigiraf|44/100\n|faint|p2a: Clefable\n|move|p1b: Floette|Dazzling Gleam|p2b: Farigiraf\n|-damage|p2b: Farigiraf|0 fnt\n|faint|p2b: Farigiraf\n|\n|upkeep\n|\n|t:|1776384861\n|switch|p2a: Hatterene|Hatterene, L50, F|100/100\n|switch|p2b: Crabominable|Crabominable, L50, M|100/100\n|turn|5\n|inactive|sleepoligy has 30 seconds left.\n|inactive|Shiftuy has 30 seconds left.\n|\n|t:|1776384897\n|switch|p1a: Basculegion|Basculegion, L50, M|100/100\n|detailschange|p2b: Crabominable|Crabominable-Mega, L50, M\n|-mega|p2b: Crabominable|Crabominable|Crabominite\n|move|p1b: Floette|Protect|p1b: Floette\n|-singleturn|p1b: Floette|Protect\n|move|p2a: Hatterene|Dazzling Gleam|p1a: Basculegion|[spread] p1a\n|-activate|p1b: Floette|move: Protect\n|-damage|p1a: Basculegion|48/100\n|move|p2b: Crabominable|Ice Hammer|p1b: Floette\n|-activate|p1b: Floette|move: Protect\n|\n|upkeep\n|turn|6\n|\n|t:|1776384918\n|move|p2b: Crabominable|Protect|p2b: Crabominable\n|-singleturn|p2b: Crabominable|Protect\n|move|p2a: Hatterene|Dazzling Gleam|p1a: Basculegion|[spread] p1a,p1b\n|-damage|p1a: Basculegion|0 fnt\n|-damage|p1b: Floette|19/100\n|faint|p1a: Basculegion\n|move|p1b: Floette|Dazzling Gleam|p2b: Crabominable|[spread] p2a\n|-activate|p2b: Crabominable|move: Protect\n|-damage|p2a: Hatterene|30/100\n|\n|-fieldend|move: Trick Room\n|upkeep\n|\n|t:|1776384925\n|switch|p1a: Sylveon|Sylveon, L50, F|45/100\n|turn|7\n|\n|t:|1776384934\n|move|p1b: Floette|Dazzling Gleam|p2a: Hatterene|[spread] p2a,p2b\n|-supereffective|p2b: Crabominable|1\n|-damage|p2a: Hatterene|0 fnt\n|-damage|p2b: Crabominable|0 fnt\n|faint|p2a: Hatterene\n|faint|p2b: Crabominable\n|\n|win|sleepoligy\n|raw|sleepoligy's rating: 1133 &rarr; <strong>1162</strong><br />(+29 for winning)\n|raw|Shiftuy's rating: 1182 &rarr; <strong>1153</strong><br />(-29 for losing)\n|l|\u2606Shiftuy\n|player|p2|\n",
  "uploadtime": 1776384941,
  "views": 19,
  "formatid": "gen9championsvgc2026regma",
  "rating": 1153,
  "private": 0,
  "password": null
}