{
  "id": "gen9championsvgc2026regma-2581620904",
  "format": "[Gen 9 Champions] VGC 2026 Reg M-A",
  "players": [
    "jojorox",
    "duck duty"
  ],
  "log": "|j|\u2606jojorox\n|j|\u2606duck duty\n|t:|1776015746\n|gametype|doubles\n|player|p1|jojorox|101|1083\n|player|p2|duck duty|nate-pokestar3|1000\n|gen|9\n|tier|[Gen 9 Champions] VGC 2026 Reg M-A\n|rated|\n|rule|Species Clause: Limit one of each Pok\u00e9mon\n|rule|Item Clause: Limit 1 of each item\n|clearpoke\n|poke|p1|Typhlosion-Hisui, L50, F|\n|poke|p1|Farigiraf, L50, F|\n|poke|p1|Kingambit, L50, F|\n|poke|p1|Whimsicott, L50, M|\n|poke|p1|Torkoal, L50, F|\n|poke|p1|Crabominable, L50, M|\n|poke|p2|Altaria, L50, F|\n|poke|p2|Incineroar, L50, M|\n|poke|p2|Sneasler, L50, F|\n|poke|p2|Talonflame, L50, M|\n|poke|p2|Kingambit, L50, M|\n|poke|p2|Sinistcha, L50|\n|teampreview|4\n|inactive|Battle timer is ON: inactive players will automatically lose when time's up. (requested by duck duty)\n|inactive|jojorox has 60 seconds left.\n|inactive|duck duty has 60 seconds left.\n|\n|t:|1776015795\n|teamsize|p1|4\n|teamsize|p2|4\n|start\n|switch|p1a: Farigiraf|Farigiraf, L50, F|100/100\n|switch|p1b: Kingambit|Kingambit, L50, F|100/100\n|switch|p2a: Altaria|Altaria, L50, F, shiny|100/100\n|switch|p2b: Incineroar|Incineroar, L50, M|100/100\n|-ability|p2a: Altaria|Cloud Nine\n|-ability|p2b: Incineroar|Intimidate|boost\n|-unboost|p1a: Farigiraf|atk|1\n|-unboost|p1b: Kingambit|atk|1\n|-ability|p1b: Kingambit|Defiant|boost\n|-boost|p1b: Kingambit|atk|2\n|turn|1\n|inactive|jojorox has 30 seconds left.\n|inactive|jojorox has 20 seconds left.\n|inactive|jojorox has 15 seconds left.\n|inactive|jojorox has 10 seconds left.\n|inactive|jojorox has 5 seconds left.\n|\n|t:|1776015848\n|switch|p1a: Torkoal|Torkoal, L50, F|100/100\n|-weather|SunnyDay|[from] ability: Drought|[of] p1a: Torkoal\n|detailschange|p2a: Altaria|Altaria-Mega, L50, F, shiny\n|-mega|p2a: Altaria|Altaria|Altarianite\n|move|p1b: Kingambit|Protect|p1b: Kingambit\n|-singleturn|p1b: Kingambit|Protect\n|move|p2a: Altaria|Dragon Dance|p2a: Altaria\n|-boost|p2a: Altaria|atk|1\n|-boost|p2a: Altaria|spe|1\n|move|p2b: Incineroar|Throat Chop|p1a: Torkoal\n|-damage|p1a: Torkoal|73/100\n|-start|p1a: Torkoal|Throat Chop|[silent]\n|\n|-weather|SunnyDay|[upkeep]\n|upkeep\n|turn|2\n|inactive|jojorox has 30 seconds left.\n|inactive|duck duty has 30 seconds left.\n|\n|t:|1776015876\n|move|p1a: Torkoal|Helping Hand|p1b: Kingambit\n|-singleturn|p1b: Kingambit|Helping Hand|[of] p1a: Torkoal\n|move|p2a: Altaria|Protect|p2a: Altaria\n|-singleturn|p2a: Altaria|Protect\n|move|p1b: Kingambit|Sucker Punch||[still]\n|-fail|p1b: Kingambit\n|move|p2b: Incineroar|Flare Blitz|p1b: Kingambit\n|-supereffective|p1b: Kingambit|1\n|-damage|p1b: Kingambit|0 fnt\n|faint|p1b: Kingambit\n|-damage|p2b: Incineroar|68/100|[from] Recoil\n|\n|-weather|SunnyDay|[upkeep]\n|-end|p1a: Torkoal|Throat Chop|[silent]\n|upkeep\n|\n|t:|1776015892\n|switch|p1b: Farigiraf|Farigiraf, L50, F|100/100\n|turn|3\n|\n|t:|1776015902\n|move|p1a: Torkoal|Protect|p1a: Torkoal\n|-singleturn|p1a: Torkoal|Protect\n|move|p2a: Altaria|Double-Edge|p1b: Farigiraf\n|-damage|p1b: Farigiraf|17/100\n|-damage|p2a: Altaria|62/100|[from] Recoil\n|move|p2b: Incineroar|Throat Chop|p1b: Farigiraf\n|-supereffective|p1b: Farigiraf|1\n|-damage|p1b: Farigiraf|0 fnt\n|faint|p1b: Farigiraf\n|\n|-weather|SunnyDay|[upkeep]\n|upkeep\n|\n|t:|1776015915\n|switch|p1b: Crabominable|Crabominable, L50, M|100/100\n|turn|4\n|inactive|jojorox has 30 seconds left.\n|\n|t:|1776015944\n|detailschange|p1b: Crabominable|Crabominable-Mega, L50, M\n|-mega|p1b: Crabominable|Crabominable|Crabominite\n|move|p2a: Altaria|Breaking Swipe|p1b: Crabominable|[spread] p1a,p1b\n|-damage|p1a: Torkoal|49/100\n|-damage|p1b: Crabominable|77/100\n|-unboost|p1a: Torkoal|atk|1\n|-unboost|p1b: Crabominable|atk|1\n|move|p2b: Incineroar|Flare Blitz|p1b: Crabominable\n|-supereffective|p1b: Crabominable|1\n|-damage|p1b: Crabominable|0 fnt\n|faint|p1b: Crabominable\n|-damage|p2b: Incineroar|43/100|[from] Recoil\n|-enditem|p2b: Incineroar|Sitrus Berry|[eat]\n|-heal|p2b: Incineroar|67/100|[from] item: Sitrus Berry\n|move|p1a: Torkoal|Eruption|p2a: Altaria|[spread] p2a,p2b\n|-resisted|p2a: Altaria|1\n|-crit|p2a: Altaria\n|-resisted|p2b: Incineroar|1\n|-damage|p2a: Altaria|27/100\n|-damage|p2b: Incineroar|51/100\n|\n|-weather|SunnyDay|[upkeep]\n|upkeep\n|turn|5\n|\n|t:|1776015965\n|move|p2a: Altaria|Breaking Swipe|p1a: Torkoal\n|-damage|p1a: Torkoal|15/100\n|-unboost|p1a: Torkoal|atk|1\n|move|p2b: Incineroar|Throat Chop|p1a: Torkoal\n|-damage|p1a: Torkoal|0 fnt\n|faint|p1a: Torkoal\n|\n|win|duck duty\n|raw|jojorox's rating: 1083 &rarr; <strong>1055</strong><br />(-28 for losing)\n|raw|duck duty's rating: 1000 &rarr; <strong>1049</strong><br />(+49 for winning)\n",
  "uploadtime": 1776015971,
  "views": 19,
  "formatid": "gen9championsvgc2026regma",
  "rating": 1049,
  "private": 0,
  "password": null
}