{
  "id": "gen9championsvgc2026regma-2586230796",
  "format": "[Gen 9 Champions] VGC 2026 Reg M-A",
  "players": [
    "Man nah hi hi",
    "Milk creature"
  ],
  "log": "|j|\u203dMan nah hi hi\n|j|\u2606Milk creature\n|t:|1776415148\n|gametype|doubles\n|player|p1|Man nah hi hi|1|1000\n|player|p2|Milk creature|2|1000\n|gen|9\n|tier|[Gen 9 Champions] VGC 2026 Reg M-A\n|rated|\n|rule|Species Clause: Limit one of each Pok\u00e9mon\n|rule|Item Clause: Limit 1 of each item\n|clearpoke\n|poke|p1|Basculegion, L50, M|\n|poke|p1|Garchomp, L50, F|\n|poke|p1|Tyranitar, L50, M|\n|poke|p1|Excadrill, L50, M|\n|poke|p1|Alakazam, L50, F|\n|poke|p1|Camerupt, L50, M|\n|poke|p2|Beartic, L50, M|\n|poke|p2|Pelipper, L50, F|\n|poke|p2|Alakazam, L50, M|\n|poke|p2|Archaludon, L50, M|\n|poke|p2|Heliolisk, L50, M|\n|poke|p2|Gengar, L50, M|\n|teampreview|4\n|\n|t:|1776415174\n|teamsize|p1|4\n|teamsize|p2|4\n|start\n|switch|p1a: Basculegion|Basculegion, L50, M|100/100\n|switch|p1b: Camerupt|Camerupt, L50, M|100/100\n|switch|p2a: Pelipper|Pelipper, L50, F|100/100\n|switch|p2b: Archaludon|Archaludon, L50, M|100/100\n|-weather|RainDance|[from] ability: Drizzle|[of] p2a: Pelipper\n|turn|1\n|\n|t:|1776415209\n|switch|p2a: Alakazam|Alakazam, L50, M|100/100\n|detailschange|p1b: Camerupt|Camerupt-Mega, L50, M\n|-mega|p1b: Camerupt|Camerupt|Cameruptite\n|move|p1a: Basculegion|Flip Turn|p2a: Alakazam\n|-damage|p2a: Alakazam|0 fnt\n|faint|p2a: Alakazam\n|\n|t:|1776415217\n|switch|p1a: Tyranitar|Tyranitar, L50, M|100/100|[from] Flip Turn\n|-weather|Sandstorm|[from] ability: Sand Stream|[of] p1a: Tyranitar\n|move|p2b: Archaludon|Electro Shot||[still]\n|-prepare|p2b: Archaludon|Electro Shot\n|-boost|p2b: Archaludon|spa|1\n|move|p1b: Camerupt|Earth Power|p2b: Archaludon\n|-supereffective|p2b: Archaludon|1\n|-enditem|p2b: Archaludon|Focus Sash\n|-damage|p2b: Archaludon|1/100\n|\n|-weather|Sandstorm|[upkeep]\n|upkeep\n|\n|t:|1776415232\n|switch|p2a: Pelipper|Pelipper, L50, F|100/100\n|-weather|RainDance|[from] ability: Drizzle|[of] p2a: Pelipper\n|turn|2\n|\n|t:|1776415260\n|move|p1a: Tyranitar|Protect|p1a: Tyranitar\n|-singleturn|p1a: Tyranitar|Protect\n|move|p1b: Camerupt|Protect|p1b: Camerupt\n|-singleturn|p1b: Camerupt|Protect\n|move|p2b: Archaludon|Electro Shot|p1a: Tyranitar|[from] lockedmove\n|-activate|p1a: Tyranitar|move: Protect\n|move|p2a: Pelipper|Hurricane|p1a: Tyranitar\n|-activate|p1a: Tyranitar|move: Protect\n|\n|-weather|RainDance|[upkeep]\n|upkeep\n|turn|3\n|\n|t:|1776415287\n|switch|p1a: Excadrill|Excadrill, L50, M|100/100\n|move|p2b: Archaludon|Electro Shot||[still]\n|-prepare|p2b: Archaludon|Electro Shot\n|-boost|p2b: Archaludon|spa|1\n|-anim|p2b: Archaludon|Electro Shot|p1a: Excadrill\n|-immune|p1a: Excadrill\n|move|p2a: Pelipper|Hurricane|p1a: Excadrill\n|-resisted|p1a: Excadrill|1\n|-damage|p1a: Excadrill|68/100\n|-start|p1a: Excadrill|confusion\n|move|p1b: Camerupt|Ancient Power|p2a: Pelipper\n|-supereffective|p2a: Pelipper|1\n|-damage|p2a: Pelipper|10/100\n|\n|-weather|RainDance|[upkeep]\n|upkeep\n|turn|4\n|\n|t:|1776415314\n|switch|p1b: Tyranitar|Tyranitar, L50, M|100/100\n|-weather|Sandstorm|[from] ability: Sand Stream|[of] p1b: Tyranitar\n|-activate|p1a: Excadrill|confusion\n|move|p1a: Excadrill|Rock Slide|p2a: Pelipper|[spread] p2a,p2b\n|-supereffective|p2a: Pelipper|1\n|-resisted|p2b: Archaludon|1\n|-damage|p2a: Pelipper|0 fnt\n|-damage|p2b: Archaludon|0 fnt\n|faint|p2a: Pelipper\n|faint|p2b: Archaludon\n|\n|-weather|Sandstorm|[upkeep]\n|upkeep\n|\n|t:|1776415331\n|switch|p2b: Heliolisk|Heliolisk, L50, M|100/100\n|turn|5\n|\n|t:|1776415345\n|switch|p1a: Camerupt|Camerupt-Mega, L50, M|100/100\n|move|p2b: Heliolisk|Thunder Wave|p1b: Tyranitar\n|-status|p1b: Tyranitar|par\n|move|p1b: Tyranitar|Knock Off|p2b: Heliolisk\n|-damage|p2b: Heliolisk|18/100\n|-enditem|p2b: Heliolisk|Leftovers|[from] move: Knock Off|[of] p1b: Tyranitar\n|\n|-weather|Sandstorm|[upkeep]\n|-damage|p2b: Heliolisk|13/100|[from] Sandstorm\n|upkeep\n|turn|6\n|\n|t:|1776415361\n|move|p2b: Heliolisk|Protect|p2b: Heliolisk\n|-singleturn|p2b: Heliolisk|Protect\n|move|p1a: Camerupt|Earth Power|p2b: Heliolisk\n|-activate|p2b: Heliolisk|move: Protect\n|move|p1b: Tyranitar|Brick Break|p2b: Heliolisk\n|-activate|p2b: Heliolisk|move: Protect\n|\n|-weather|Sandstorm|[upkeep]\n|-damage|p2b: Heliolisk|7/100|[from] Sandstorm\n|upkeep\n|turn|7\n|\n|t:|1776415374\n|move|p2b: Heliolisk|Thunder Wave|p1a: Camerupt\n|-immune|p1a: Camerupt\n|move|p1a: Camerupt|Earth Power|p2b: Heliolisk\n|-supereffective|p2b: Heliolisk|1\n|-damage|p2b: Heliolisk|0 fnt\n|faint|p2b: Heliolisk\n|\n|win|Man nah hi hi\n|raw|Man nah hi hi's rating: 1000 &rarr; <strong>1040</strong><br />(+40 for winning)\n|raw|Milk creature's rating: 1000 &rarr; <strong>1000</strong><br />(+0 for losing)\n",
  "uploadtime": 1776415377,
  "views": 35,
  "formatid": "gen9championsvgc2026regma",
  "rating": 1000,
  "private": 0,
  "password": null
}