{
  "id": "gen9championsvgc2026regma-2587331964",
  "format": "[Gen 9 Champions] VGC 2026 Reg M-A",
  "players": [
    "michaelgscott",
    "FightingForNuggets"
  ],
  "log": "|j|\u2606michaelgscott\n|j|\u2606FightingForNuggets\n|t:|1776522773\n|gametype|doubles\n|player|p1|michaelgscott|veteran|1100\n|player|p2|FightingForNuggets|102|1046\n|gen|9\n|tier|[Gen 9 Champions] VGC 2026 Reg M-A\n|rated|\n|rule|Species Clause: Limit one of each Pok\u00e9mon\n|rule|Item Clause: Limit 1 of each item\n|clearpoke\n|poke|p1|Victreebel, L50, F|\n|poke|p1|Golurk, L50|\n|poke|p1|Kingambit, L50, F|\n|poke|p1|Sableye, L50, F|\n|poke|p1|Gengar, L50, F|\n|poke|p1|Rotom-Frost, L50|\n|poke|p2|Aerodactyl, L50, F|\n|poke|p2|Sableye, L50, F|\n|poke|p2|Volcarona, L50, F|\n|poke|p2|Ninetales-Alola, L50, M|\n|poke|p2|Absol, L50, M|\n|poke|p2|Sneasler, L50, F|\n|teampreview|4\n|\n|t:|1776522814\n|teamsize|p1|4\n|teamsize|p2|4\n|start\n|switch|p1a: Sableye|Sableye, L50, F|100/100\n|switch|p1b: Golurk|Golurk, L50|100/100\n|switch|p2a: Ninetales|Ninetales-Alola, L50, M|100/100\n|switch|p2b: Sneasler|Sneasler, L50, F|100/100\n|-weather|Snowscape|[from] ability: Snow Warning|[of] p2a: Ninetales\n|turn|1\n|\n|t:|1776522853\n|move|p1a: Sableye|Thunder Wave|p2b: Sneasler|[miss]\n|-miss|p1a: Sableye|p2b: Sneasler\n|move|p2b: Sneasler|Dire Claw|p1b: Golurk\n|-resisted|p1b: Golurk|2\n|-damage|p1b: Golurk|89/100\n|move|p2a: Ninetales|Blizzard|p1a: Sableye|[spread] p1a,p1b\n|-supereffective|p1b: Golurk|1\n|-damage|p1a: Sableye|60/100\n|-damage|p1b: Golurk|3/100\n|move|p1b: Golurk|Dynamic Punch|p2a: Ninetales\n|-damage|p2a: Ninetales|62/100\n|-start|p2a: Ninetales|confusion\n|\n|-weather|Snowscape|[upkeep]\n|upkeep\n|turn|2\n|\n|t:|1776522895\n|switch|p2b: Volcarona|Volcarona, L50, F|100/100\n|move|p1a: Sableye|Swagger|p2b: Volcarona\n|-boost|p2b: Volcarona|atk|2\n|-start|p2b: Volcarona|confusion\n|-activate|p2a: Ninetales|confusion\n|-damage|p2a: Ninetales|53/100|[from] confusion\n|move|p1b: Golurk|Self-Destruct|p2b: Volcarona|[spread] p2a,p2b\n|-immune|p1a: Sableye\n|-crit|p2a: Ninetales\n|-damage|p2a: Ninetales|0 fnt\n|-damage|p2b: Volcarona|37/100\n|faint|p1b: Golurk\n|faint|p2a: Ninetales\n|\n|-weather|Snowscape|[upkeep]\n|upkeep\n|\n|t:|1776522923\n|switch|p2a: Sneasler|Sneasler, L50, F|100/100\n|switch|p1b: Victreebel|Victreebel, L50, F|100/100\n|turn|3\n|\n|t:|1776522946\n|move|p1a: Sableye|Protect|p1a: Sableye\n|-singleturn|p1a: Sableye|Protect\n|move|p1b: Victreebel|Protect|p1b: Victreebel\n|-singleturn|p1b: Victreebel|Protect\n|move|p2a: Sneasler|Fake Out|p1b: Victreebel\n|-activate|p1b: Victreebel|move: Protect\n|-activate|p2b: Volcarona|confusion\n|move|p2b: Volcarona|Tailwind|p2b: Volcarona\n|-sidestart|p2: FightingForNuggets|move: Tailwind\n|\n|-weather|Snowscape|[upkeep]\n|upkeep\n|turn|4\n|\n|t:|1776522975\n|switch|p2a: Absol|Absol, L50, M|100/100\n|detailschange|p1b: Victreebel|Victreebel-Mega, L50, F\n|-mega|p1b: Victreebel|Victreebel|Victreebelite\n|move|p1a: Sableye|Encore|p2b: Volcarona\n|-start|p2b: Volcarona|Encore\n|-end|p2b: Volcarona|confusion\n|move|p2b: Volcarona|Tailwind||[still]\n|-fail|p2b: Volcarona\n|move|p1b: Victreebel|Sludge Bomb|p2a: Absol\n|-damage|p2a: Absol|13/100\n|\n|-weather|Snowscape|[upkeep]\n|upkeep\n|turn|5\n|\n|t:|1776523029\n|switch|p2b: Sneasler|Sneasler, L50, F|100/100\n|detailschange|p2a: Absol|Absol-Mega, L50, M\n|-mega|p2a: Absol|Absol|Absolite\n|move|p1a: Sableye|Swagger|p2a: Absol\n|move|p2a: Absol|Swagger|p1a: Sableye|[from] ability: Magic Bounce\n|-boost|p1a: Sableye|atk|2\n|-start|p1a: Sableye|confusion\n|move|p2a: Absol|Throat Chop|p1b: Victreebel\n|-damage|p1b: Victreebel|46/100\n|-start|p1b: Victreebel|Throat Chop|[silent]\n|move|p1b: Victreebel|Sludge Bomb|p2b: Sneasler\n|-resisted|p2b: Sneasler|1\n|-damage|p2b: Sneasler|67/100\n|\n|-weather|none\n|upkeep\n|turn|6\n|\n|t:|1776523061\n|move|p1b: Victreebel|Protect|p1b: Victreebel\n|-singleturn|p1b: Victreebel|Protect\n|move|p2b: Sneasler|Fake Out|p1b: Victreebel\n|-activate|p1b: Victreebel|move: Protect\n|-activate|p1a: Sableye|confusion\n|-damage|p1a: Sableye|39/100|[from] confusion\n|move|p2a: Absol|Throat Chop|p1b: Victreebel\n|-activate|p1b: Victreebel|move: Protect\n|\n|-end|p1b: Victreebel|Throat Chop|[silent]\n|-sideend|p2: FightingForNuggets|move: Tailwind\n|upkeep\n|turn|7\n|\n|t:|1776523076\n|-activate|p1a: Sableye|confusion\n|-damage|p1a: Sableye|20/100|[from] confusion\n|move|p2b: Sneasler|Dire Claw|p1a: Sableye\n|-resisted|p1a: Sableye|1\n|-damage|p1a: Sableye|0 fnt\n|faint|p1a: Sableye\n|move|p2a: Absol|Throat Chop|p1b: Victreebel\n|-damage|p1b: Victreebel|0 fnt\n|-damage|p2a: Absol|0 fnt|[from] ability: Innards Out|[of] p1b: Victreebel\n|faint|p1b: Victreebel\n|faint|p2a: Absol\n|\n|upkeep\n|\n|t:|1776523089\n|switch|p2a: Volcarona|Volcarona, L50, F|37/100\n|switch|p1a: Kingambit|Kingambit, L50, F|100/100\n|-activate|p1a: Kingambit|ability: Supreme Overlord\n|-start|p1a: Kingambit|fallen3|[silent]\n|turn|8\n|\n|t:|1776523112\n|move|p2b: Sneasler|Upper Hand||[still]\n|-fail|p2b: Sneasler\n|move|p2a: Volcarona|Heat Wave|p1a: Kingambit|[miss]\n|-miss|p2a: Volcarona|p1a: Kingambit\n|move|p1a: Kingambit|Zen Headbutt|p2b: Sneasler\n|-supereffective|p2b: Sneasler|2\n|-damage|p2b: Sneasler|0 fnt\n|faint|p2b: Sneasler\n|\n|upkeep\n|turn|9\n|\n|t:|1776523122\n|move|p1a: Kingambit|Sucker Punch|p2a: Volcarona\n|-damage|p2a: Volcarona|0 fnt\n|faint|p2a: Volcarona\n|\n|win|michaelgscott\n|raw|michaelgscott's rating: 1100 &rarr; <strong>1121</strong><br />(+21 for winning)\n|raw|FightingForNuggets's rating: 1046 &rarr; <strong>1032</strong><br />(-14 for losing)\n|l|\u2606FightingForNuggets\n|player|p2|\n",
  "uploadtime": 1776523367,
  "views": 40,
  "formatid": "gen9championsvgc2026regma",
  "rating": 1032,
  "private": 0,
  "password": null
}