{
  "id": "gen9championsvgc2026regma-2587455551",
  "format": "[Gen 9 Champions] VGC 2026 Reg M-A",
  "players": [
    "Hudie EU",
    "nootellas"
  ],
  "log": "|j|\u2606Hudie EU\n|j|\u2606nootellas\n|t:|1776533287\n|gametype|doubles\n|player|p1|Hudie EU|hilda|1338\n|player|p2|nootellas|iono|1316\n|gen|9\n|tier|[Gen 9 Champions] VGC 2026 Reg M-A\n|rated|\n|rule|Species Clause: Limit one of each Pok\u00e9mon\n|rule|Item Clause: Limit 1 of each item\n|clearpoke\n|poke|p1|Scizor, L50, F|\n|poke|p1|Pelipper, L50, F|\n|poke|p1|Incineroar, L50, M|\n|poke|p1|Sinistcha, L50, shiny|\n|poke|p1|Farigiraf, L50, M|\n|poke|p1|Sneasler, L50, F|\n|poke|p2|Incineroar, L50, F, shiny|\n|poke|p2|Froslass, L50, F, shiny|\n|poke|p2|Sneasler, L50, M, shiny|\n|poke|p2|Garchomp, L50, F, shiny|\n|poke|p2|Zoroark-Hisui, L50, M, shiny|\n|poke|p2|Scizor, L50, M, shiny|\n|teampreview|4\n|inactive|Battle timer is ON: inactive players will automatically lose when time's up. (requested by Hudie EU)\n|\n|t:|1776533344\n|teamsize|p1|4\n|teamsize|p2|4\n|start\n|switch|p1a: Scizor|Scizor, L50, F|100/100\n|switch|p1b: Farigiraf|Farigiraf, L50, M|100/100\n|switch|p2a: Froslass|Froslass, L50, F, shiny|100/100\n|switch|p2b: Incineroar|Incineroar, L50, F, shiny|100/100\n|-ability|p2b: Incineroar|Intimidate|boost\n|-unboost|p1a: Scizor|atk|1\n|-unboost|p1b: Farigiraf|atk|1\n|turn|1\n|inactive|nootellas has 30 seconds left.\n|inactive|nootellas has 20 seconds left.\n|\n|t:|1776533383\n|switch|p1b: Incineroar|Incineroar, L50, M|100/100\n|-ability|p1b: Incineroar|Intimidate|boost\n|-unboost|p2a: Froslass|atk|1\n|-unboost|p2b: Incineroar|atk|1\n|detailschange|p1a: Scizor|Scizor-Mega, L50, F\n|-mega|p1a: Scizor|Scizor|Scizorite\n|move|p2a: Froslass|Protect|p2a: Froslass\n|-singleturn|p2a: Froslass|Protect\n|move|p1a: Scizor|Protect|p1a: Scizor\n|-singleturn|p1a: Scizor|Protect\n|move|p2b: Incineroar|Throat Chop|p1b: Incineroar\n|-resisted|p1b: Incineroar|1\n|-damage|p1b: Incineroar|93/100\n|-start|p1b: Incineroar|Throat Chop|[silent]\n|\n|upkeep\n|turn|2\n|inactive|nootellas has 30 seconds left.\n|\n|t:|1776533410\n|switch|p2a: Garchomp|Garchomp, L50, F, shiny|100/100\n|move|p1b: Incineroar|Fake Out|p2b: Incineroar\n|-damage|p2b: Incineroar|92/100\n|move|p1a: Scizor|Swords Dance|p1a: Scizor\n|-boost|p1a: Scizor|atk|2\n|cant|p2b: Incineroar|flinch\n|\n|-end|p1b: Incineroar|Throat Chop|[silent]\n|upkeep\n|turn|3\n|inactive|Hudie EU has 30 seconds left.\n|inactive|nootellas has 30 seconds left.\n|\n|t:|1776533442\n|switch|p1b: Pelipper|Pelipper, L50, F|100/100\n|-weather|RainDance|[from] ability: Drizzle|[of] p1b: Pelipper\n|move|p2a: Garchomp|Stomping Tantrum|p1b: Pelipper\n|-immune|p1b: Pelipper\n|move|p1a: Scizor|Bug Bite|p2b: Incineroar\n|-damage|p2b: Incineroar|38/100\n|-enditem|p2b: Incineroar|Sitrus Berry|[from] stealeat|[move] Bug Bite|[of] p1a: Scizor\n|move|p2b: Incineroar|Parting Shot|p1b: Pelipper\n|-unboost|p1b: Pelipper|atk|1\n|-unboost|p1b: Pelipper|spa|1\n|\n|t:|1776533456\n|switch|p2b: Froslass|Froslass, L50, F, shiny|100/100|[from] Parting Shot\n|\n|-weather|RainDance|[upkeep]\n|upkeep\n|turn|4\n|\n|t:|1776533471\n|switch|p2a: Incineroar|Incineroar, L50, F, shiny|38/100\n|-ability|p2a: Incineroar|Intimidate|boost\n|-unboost|p1a: Scizor|atk|1\n|-unboost|p1b: Pelipper|atk|1\n|switch|p1b: Incineroar|Incineroar, L50, M|93/100\n|-ability|p1b: Incineroar|Intimidate|boost\n|-unboost|p2a: Incineroar|atk|1\n|-unboost|p2b: Froslass|atk|1\n|move|p2b: Froslass|Shadow Ball|p1a: Scizor\n|-damage|p1a: Scizor|57/100\n|move|p1a: Scizor|Swords Dance|p1a: Scizor\n|-boost|p1a: Scizor|atk|2\n|\n|-weather|RainDance|[upkeep]\n|upkeep\n|turn|5\n|inactive|nootellas has 30 seconds left.\n|inactive|nootellas has 20 seconds left.\n|inactive|nootellas has 15 seconds left.\n|inactive|nootellas has 10 seconds left.\n|\n|t:|1776533519\n|move|p1b: Incineroar|Fake Out|p2a: Incineroar\n|-damage|p2a: Incineroar|31/100\n|move|p1a: Scizor|Bullet Punch|p2b: Froslass\n|-enditem|p2b: Froslass|Focus Sash\n|-damage|p2b: Froslass|1/100\n|replace|p2b: Zoroark|Zoroark-Hisui, L50, M, shiny\n|-end|p2b: Zoroark|Illusion\n|move|p2b: Zoroark|Hyper Voice|p1b: Incineroar|[spread] p1a,p1b\n|-resisted|p1a: Scizor|1\n|-damage|p1a: Scizor|37/100\n|-damage|p1b: Incineroar|61/100\n|cant|p2a: Incineroar|flinch\n|\n|-weather|RainDance|[upkeep]\n|upkeep\n|turn|6\n|\n|t:|1776533539\n|move|p1a: Scizor|Protect|p1a: Scizor\n|-singleturn|p1a: Scizor|Protect\n|move|p2b: Zoroark|Hyper Voice|p1a: Scizor|[spread] p1b\n|-activate|p1a: Scizor|move: Protect\n|-damage|p1b: Incineroar|29/100\n|-enditem|p1b: Incineroar|Sitrus Berry|[eat]\n|-heal|p1b: Incineroar|54/100|[from] item: Sitrus Berry\n|move|p2a: Incineroar|Flare Blitz|p1a: Scizor\n|-activate|p1a: Scizor|move: Protect\n|move|p1b: Incineroar|Darkest Lariat|p2b: Zoroark\n|-supereffective|p2b: Zoroark|1\n|-damage|p2b: Zoroark|0 fnt\n|faint|p2b: Zoroark\n|\n|-weather|RainDance|[upkeep]\n|upkeep\n|\n|t:|1776533544\n|switch|p2b: Garchomp|Garchomp, L50, F, shiny|100/100\n|turn|7\n|\n|t:|1776533566\n|move|p1a: Scizor|Bullet Punch|p2b: Garchomp\n|-damage|p2b: Garchomp|36/100\n|-damage|p1a: Scizor|25/100|[from] ability: Rough Skin|[of] p2b: Garchomp\n|move|p2b: Garchomp|Stomping Tantrum|p1a: Scizor\n|-damage|p1a: Scizor|0 fnt\n|faint|p1a: Scizor\n|move|p2a: Incineroar|Parting Shot|p1b: Incineroar\n|-unboost|p1b: Incineroar|atk|1\n|-unboost|p1b: Incineroar|spa|1\n|\n|t:|1776533572\n|switch|p2a: Froslass|Froslass, L50, F, shiny|100/100|[from] Parting Shot\n|move|p1b: Incineroar|Darkest Lariat|p2b: Garchomp\n|-damage|p2b: Garchomp|13/100\n|-damage|p1b: Incineroar|42/100|[from] ability: Rough Skin|[of] p2b: Garchomp\n|\n|-weather|none\n|upkeep\n|\n|t:|1776533578\n|switch|p1a: Farigiraf|Farigiraf, L50, M|100/100\n|turn|8\n|\n|t:|1776533589\n|switch|p2a: Incineroar|Incineroar, L50, F, shiny|31/100\n|-ability|p2a: Incineroar|Intimidate|boost\n|-unboost|p1a: Farigiraf|atk|1\n|-unboost|p1b: Incineroar|atk|1\n|move|p2b: Garchomp|Stomping Tantrum|p1a: Farigiraf\n|-damage|p1a: Farigiraf|65/100\n|move|p1b: Incineroar|Parting Shot|p2a: Incineroar\n|-unboost|p2a: Incineroar|atk|1\n|-unboost|p2a: Incineroar|spa|1\n|\n|t:|1776533596\n|switch|p1b: Pelipper|Pelipper, L50, F|100/100|[from] Parting Shot\n|-weather|RainDance|[from] ability: Drizzle|[of] p1b: Pelipper\n|move|p1a: Farigiraf|Trick Room|p1a: Farigiraf\n|-fieldstart|move: Trick Room|[of] p1a: Farigiraf\n|\n|-weather|RainDance|[upkeep]\n|upkeep\n|turn|9\n|\n|t:|1776533614\n|move|p1a: Farigiraf|Twin Beam|p2b: Garchomp\n|-damage|p2b: Garchomp|0 fnt\n|faint|p2b: Garchomp\n|-hitcount|p2: Garchomp|1\n|move|p2a: Incineroar|Throat Chop|p1a: Farigiraf\n|-supereffective|p1a: Farigiraf|1\n|-crit|p1a: Farigiraf\n|-enditem|p1a: Farigiraf|Colbur Berry|[eat]\n|-enditem|p1a: Farigiraf|Colbur Berry|[weaken]\n|-damage|p1a: Farigiraf|26/100\n|-start|p1a: Farigiraf|Throat Chop|[silent]\n|move|p1b: Pelipper|Weather Ball|p2a: Incineroar\n|-supereffective|p2a: Incineroar|1\n|-damage|p2a: Incineroar|0 fnt\n|faint|p2a: Incineroar\n|\n|-weather|RainDance|[upkeep]\n|upkeep\n|\n|t:|1776533619\n|switch|p2b: Froslass|Froslass, L50, F, shiny|100/100\n|turn|10\n|inactive|Hudie EU has 30 seconds left.\n|inactive|Hudie EU has 20 seconds left.\n|\n|t:|1776533655\n|switch|p1b: Incineroar|Incineroar, L50, M|42/100\n|-ability|p1b: Incineroar|Intimidate|boost\n|-unboost|p2b: Froslass|atk|1\n|detailschange|p2b: Froslass|Froslass-Mega, L50, F, shiny\n|-mega|p2b: Froslass|Froslass|Froslassite\n|-weather|Snowscape|[from] ability: Snow Warning|[of] p2b: Froslass\n|move|p1a: Farigiraf|Twin Beam|p2b: Froslass\n|-damage|p2b: Froslass|80/100\n|-damage|p2b: Froslass|59/100\n|-hitcount|p2b: Froslass|2\n|move|p2b: Froslass|Blizzard|p1a: Farigiraf|[spread] p1a,p1b\n|-resisted|p1b: Incineroar|1\n|-damage|p1a: Farigiraf|0 fnt\n|-damage|p1b: Incineroar|22/100\n|faint|p1a: Farigiraf\n|\n|-weather|Snowscape|[upkeep]\n|upkeep\n|\n|t:|1776533665\n|switch|p1a: Pelipper|Pelipper, L50, F|100/100\n|-weather|RainDance|[from] ability: Drizzle|[of] p1a: Pelipper\n|turn|11\n|\n|t:|1776533678\n|move|p2b: Froslass|Protect|p2b: Froslass\n|-singleturn|p2b: Froslass|Protect\n|move|p1b: Incineroar|Darkest Lariat|p2b: Froslass\n|-activate|p2b: Froslass|move: Protect\n|move|p1a: Pelipper|Weather Ball|p2b: Froslass\n|-activate|p2b: Froslass|move: Protect\n|\n|-weather|RainDance|[upkeep]\n|upkeep\n|turn|12\n|\n|t:|1776533696\n|move|p2b: Froslass|Protect||[still]\n|-fail|p2b: Froslass\n|move|p1b: Incineroar|Darkest Lariat|p2b: Froslass\n|-supereffective|p2b: Froslass|1\n|-damage|p2b: Froslass|0 fnt\n|faint|p2b: Froslass\n|\n|win|Hudie EU\n|raw|Hudie EU's rating: 1338 &rarr; <strong>1357</strong><br />(+19 for winning)\n|raw|nootellas's rating: 1316 &rarr; <strong>1297</strong><br />(-19 for losing)\n|l|\u2606nootellas\n|player|p2|\n",
  "uploadtime": 1776535860,
  "views": 24,
  "formatid": "gen9championsvgc2026regma",
  "rating": 1297,
  "private": 0,
  "password": null
}