{
  "id": "gen9championsvgc2026regma-2584991570",
  "format": "[Gen 9 Champions] VGC 2026 Reg M-A",
  "players": [
    "Forbranna",
    "syshj"
  ],
  "log": "|j|\u2606Forbranna\n|j|\u2606syshj\n|t:|1776301284\n|gametype|doubles\n|player|p1|Forbranna|265|1383\n|player|p2|syshj|dawn|1418\n|gen|9\n|tier|[Gen 9 Champions] VGC 2026 Reg M-A\n|rated|\n|rule|Species Clause: Limit one of each Pok\u00e9mon\n|rule|Item Clause: Limit 1 of each item\n|clearpoke\n|poke|p1|Meganium, L50, F|\n|poke|p1|Tyranitar, L50, M|\n|poke|p1|Excadrill, L50, M|\n|poke|p1|Aegislash, L50, M|\n|poke|p1|Sinistcha, L50|\n|poke|p1|Talonflame, L50, M|\n|poke|p2|Basculegion, L50, M|\n|poke|p2|Pelipper, L50, M|\n|poke|p2|Floette-Eternal, L50, F|\n|poke|p2|Incineroar, L50, F|\n|poke|p2|Sinistcha-Masterpiece, L50|\n|poke|p2|Kingambit, L50, F|\n|teampreview|4\n|\n|t:|1776301328\n|teamsize|p1|4\n|teamsize|p2|4\n|start\n|switch|p1a: Sappho|Meganium, L50, F|100/100\n|switch|p1b: Robespierre|Excadrill, L50, M, shiny|100/100\n|switch|p2a: Floette|Floette-Eternal, L50, F|100/100\n|switch|p2b: Basculegion|Basculegion, L50, M|100/100\n|turn|1\n|\n|t:|1776301350\n|detailschange|p2a: Floette|Floette-Mega, L50, F\n|-mega|p2a: Floette|Floette|Floettite\n|-ability|p2a: Floette|Fairy Aura\n|detailschange|p1a: Sappho|Meganium-Mega, L50, F\n|-mega|p1a: Sappho|Meganium|Meganiumite\n|move|p1b: Robespierre|Protect|p1b: Robespierre\n|-singleturn|p1b: Robespierre|Protect\n|move|p2b: Basculegion|Flip Turn|p1a: Sappho\n|-resisted|p1a: Sappho|1\n|-damage|p1a: Sappho|84/100\n|\n|t:|1776301370\n|switch|p2b: Kingambit|Kingambit, L50, F|100/100|[from] Flip Turn\n|move|p2a: Floette|Moonblast|p1a: Sappho\n|-damage|p1a: Sappho|26/100\n|move|p1a: Sappho|Solar Beam||[still]\n|-prepare|p1a: Sappho|Solar Beam\n|-activate|p1a: Sappho|ability: Mega Sol\n|-anim|p1a: Sappho|Solar Beam|p2b: Kingambit\n|-resisted|p2b: Kingambit|1\n|-damage|p2b: Kingambit|65/100\n|\n|upkeep\n|turn|2\n|\n|t:|1776301395\n|switch|p1a: Ivan IV|Tyranitar, L50, M, shiny|100/100\n|-weather|Sandstorm|[from] ability: Sand Stream|[of] p1a: Ivan IV\n|move|p2b: Kingambit|Sucker Punch|p1b: Robespierre\n|-damage|p1b: Robespierre|37/100\n|move|p1b: Robespierre|Iron Head|p2a: Floette\n|-supereffective|p2a: Floette|1\n|-damage|p2a: Floette|18/100\n|move|p2a: Floette|Moonblast|p1b: Robespierre\n|-resisted|p1b: Robespierre|1\n|-damage|p1b: Robespierre|0 fnt\n|faint|p1b: Robespierre\n|\n|-weather|Sandstorm|[upkeep]\n|-damage|p2a: Floette|12/100|[from] Sandstorm\n|upkeep\n|\n|t:|1776301413\n|switch|p1b: Sappho|Meganium-Mega, L50, F|26/100\n|turn|3\n|\n|t:|1776301425\n|switch|p2b: Pelipper|Pelipper, L50, M|100/100\n|-weather|RainDance|[from] ability: Drizzle|[of] p2b: Pelipper\n|move|p1b: Sappho|Protect|p1b: Sappho\n|-singleturn|p1b: Sappho|Protect\n|move|p1a: Ivan IV|Protect|p1a: Ivan IV\n|-singleturn|p1a: Ivan IV|Protect\n|move|p2a: Floette|Moonblast|p1a: Ivan IV\n|-activate|p1a: Ivan IV|move: Protect\n|\n|-weather|RainDance|[upkeep]\n|upkeep\n|turn|4\n|\n|t:|1776301454\n|switch|p1a: Charlemagne|Sinistcha, L50|100/100\n|-heal|p1b: Sappho|50/100|[from] ability: Hospitality|[of] p1a: Charlemagne\n|move|p2a: Floette|Moonblast|p1a: Charlemagne\n|-damage|p1a: Charlemagne|24/100\n|move|p2b: Pelipper|Tailwind|p2b: Pelipper\n|-sidestart|p2: syshj|move: Tailwind\n|move|p1b: Sappho|Solar Beam||[still]\n|-prepare|p1b: Sappho|Solar Beam\n|-activate|p1b: Sappho|ability: Mega Sol\n|-anim|p1b: Sappho|Solar Beam|p2a: Floette\n|-damage|p2a: Floette|0 fnt\n|faint|p2a: Floette\n|\n|-weather|RainDance|[upkeep]\n|upkeep\n|\n|t:|1776301466\n|switch|p2a: Basculegion|Basculegion, L50, M|100/100\n|turn|5\n|\n|t:|1776301490\n|switch|p1a: Ivan IV|Tyranitar, L50, M, shiny|100/100\n|-weather|Sandstorm|[from] ability: Sand Stream|[of] p1a: Ivan IV\n|move|p2a: Basculegion|Flip Turn|p1a: Ivan IV\n|-supereffective|p1a: Ivan IV|1\n|-damage|p1a: Ivan IV|38/100\n|\n|t:|1776301497\n|switch|p2a: Kingambit|Kingambit, L50, F|65/100|[from] Flip Turn\n|move|p2b: Pelipper|Hurricane|p1b: Sappho\n|-supereffective|p1b: Sappho|1\n|-damage|p1b: Sappho|0 fnt\n|faint|p1b: Sappho\n|\n|-weather|Sandstorm|[upkeep]\n|-damage|p2b: Pelipper|95/100|[from] Sandstorm\n|upkeep\n|-message|Forbranna forfeited.\n|\n|win|syshj\n|raw|Forbranna's rating: 1383 &rarr; <strong>1365</strong><br />(-18 for losing)\n|raw|syshj's rating: 1418 &rarr; <strong>1436</strong><br />(+18 for winning)\n|l|\u2606Forbranna\n|player|p1|\n|l|\u2606syshj\n|player|p2|\n|j|\u2606syshj\n|player|p2|syshj|dawn|\n",
  "uploadtime": 1776301844,
  "views": 36,
  "formatid": "gen9championsvgc2026regma",
  "rating": 1365,
  "private": 0,
  "password": null
}