{
  "id": "gen9championsvgc2026regma-2580356406",
  "format": "[Gen 9 Champions] VGC 2026 Reg M-A",
  "players": [
    "Alexxx33333",
    "SaioSeli"
  ],
  "log": "|j|\u2606Alexxx33333\n|j|\u2606SaioSeli\n|t:|1775884622\n|gametype|doubles\n|player|p1|Alexxx33333|lyra|1000\n|player|p2|SaioSeli|selene|1028\n|gen|9\n|tier|[Gen 9 Champions] VGC 2026 Reg M-A\n|rated|\n|rule|Species Clause: Limit one of each Pok\u00e9mon\n|rule|Item Clause: Limit 1 of each item\n|clearpoke\n|poke|p1|Charizard, L50, F|\n|poke|p1|Venusaur, L50, M|\n|poke|p1|Whimsicott, L50, F|\n|poke|p1|Garchomp, L50, F|\n|poke|p1|Sneasler, L50, M|\n|poke|p1|Incineroar, L50, F|\n|poke|p2|Slurpuff, L50, M|\n|poke|p2|Aerodactyl, L50, M|\n|poke|p2|Raichu, L50, F|\n|poke|p2|Sneasler, L50, M|\n|poke|p2|Charizard, L50, M|\n|poke|p2|Whimsicott, L50, F|\n|teampreview|4\n|inactive|Battle timer is ON: inactive players will automatically lose when time's up. (requested by Alexxx33333)\n|inactive|Alexxx33333 has 60 seconds left.\n|inactive|SaioSeli has 60 seconds left.\n|inactive|Alexxx33333 has 30 seconds left.\n|inactive|SaioSeli has 30 seconds left.\n|inactive|SaioSeli has 20 seconds left.\n|inactive|SaioSeli has 15 seconds left.\n|inactive|SaioSeli has 10 seconds left.\n|\n|t:|1775884712\n|teamsize|p1|4\n|teamsize|p2|4\n|start\n|switch|p1a: Whimsicott|Whimsicott, L50, F|100/100\n|switch|p1b: Sneasler|Sneasler, L50, M|100/100\n|switch|p2a: Slurpuff|Slurpuff, L50, M|100/100\n|switch|p2b: Aerodactyl|Aerodactyl, L50, M|100/100\n|-ability|p2b: Aerodactyl|Pressure\n|turn|1\n|inactive|Alexxx33333 has 30 seconds left.\n|inactive|Alexxx33333 has 20 seconds left.\n|inactive|Alexxx33333 has 15 seconds left.\n|inactive|Alexxx33333 has 10 seconds left.\n|\n|t:|1775884758\n|switch|p1a: Garchomp|Garchomp, L50, F|100/100\n|move|p1b: Sneasler|Protect|p1b: Sneasler\n|-singleturn|p1b: Sneasler|Protect\n|move|p2b: Aerodactyl|Dual Wingbeat|p1a: Garchomp\n|-damage|p1a: Garchomp|84/100\n|-damage|p2b: Aerodactyl|88/100|[from] ability: Rough Skin|[of] p1a: Garchomp\n|-damage|p1a: Garchomp|68/100\n|-damage|p2b: Aerodactyl|76/100|[from] ability: Rough Skin|[of] p1a: Garchomp\n|-hitcount|p1a: Garchomp|2\n|move|p2a: Slurpuff|Yawn|p1b: Sneasler\n|-activate|p1b: Sneasler|move: Protect\n|\n|-heal|p2b: Aerodactyl|82/100|[from] item: Leftovers\n|upkeep\n|turn|2\n|inactive|Alexxx33333 has 30 seconds left.\n|\n|t:|1775884784\n|move|p2b: Aerodactyl|Dual Wingbeat|p1b: Sneasler\n|-supereffective|p1b: Sneasler|1\n|-damage|p1b: Sneasler|50/100\n|-supereffective|p1b: Sneasler|1\n|-damage|p1b: Sneasler|0 fnt\n|faint|p1b: Sneasler\n|-hitcount|p1: Sneasler|2\n|move|p1a: Garchomp|Rock Slide|p2b: Aerodactyl|[spread] p2a,p2b\n|-crit|p2a: Slurpuff\n|-supereffective|p2b: Aerodactyl|1\n|-damage|p2a: Slurpuff|74/100\n|-damage|p2b: Aerodactyl|34/100\n|move|p2a: Slurpuff|Dazzling Gleam|p1a: Garchomp\n|-supereffective|p1a: Garchomp|1\n|-damage|p1a: Garchomp|5/100\n|\n|-heal|p2b: Aerodactyl|40/100|[from] item: Leftovers\n|upkeep\n|inactive|Alexxx33333 has 30 seconds left.\n|\n|t:|1775884815\n|switch|p1b: Whimsicott|Whimsicott, L50, F|100/100\n|turn|3\n|\n|t:|1775884827\n|move|p1b: Whimsicott|Tailwind|p1b: Whimsicott\n|-sidestart|p1: Alexxx33333|move: Tailwind\n|move|p1a: Garchomp|Rock Slide|p2a: Slurpuff|[spread] p2a,p2b\n|-crit|p2a: Slurpuff\n|-supereffective|p2b: Aerodactyl|1\n|-damage|p2a: Slurpuff|47/100\n|-damage|p2b: Aerodactyl|0 fnt\n|-enditem|p2a: Slurpuff|Sitrus Berry|[eat]\n|-heal|p2a: Slurpuff|72/100|[from] item: Sitrus Berry\n|faint|p2b: Aerodactyl\n|cant|p2a: Slurpuff|flinch\n|\n|upkeep\n|\n|t:|1775884830\n|switch|p2b: Sneasler|Sneasler, L50, M|100/100\n|turn|4\n|inactive|Alexxx33333 has 30 seconds left.\n|inactive|Alexxx33333 has 20 seconds left.\n|inactive|Alexxx33333 has 15 seconds left.\n|inactive|Alexxx33333 has 10 seconds left.\n|inactive|Alexxx33333 has 5 seconds left.\n|\n|t:|1775884881\n|move|p1a: Garchomp|Protect|p1a: Garchomp\n|-singleturn|p1a: Garchomp|Protect\n|move|p2b: Sneasler|Fake Out|p1b: Whimsicott\n|-damage|p1b: Whimsicott|81/100\n|cant|p1b: Whimsicott|flinch\n|move|p2a: Slurpuff|Dazzling Gleam|p1a: Garchomp|[spread] p1b\n|-activate|p1a: Garchomp|move: Protect\n|-damage|p1b: Whimsicott|39/100\n|\n|upkeep\n|turn|5\n|\n|t:|1775884899\n|move|p1b: Whimsicott|Moonblast|p2a: Slurpuff\n|-damage|p2a: Slurpuff|25/100\n|move|p1a: Garchomp|Earthquake|p2b: Sneasler|[spread] p1b,p2a,p2b\n|-resisted|p1b: Whimsicott|1\n|-supereffective|p2b: Sneasler|1\n|-damage|p1b: Whimsicott|9/100\n|-damage|p2a: Slurpuff|0 fnt\n|-damage|p2b: Sneasler|0 fnt\n|faint|p2a: Slurpuff\n|faint|p2b: Sneasler\n|\n|upkeep\n|\n|t:|1775884908\n|switch|p2a: Charizard|Charizard, L50, M|100/100\n|turn|6\n|\n|t:|1775884928\n|switch|p1b: Charizard|Charizard, L50, F|100/100\n|detailschange|p2a: Charizard|Charizard-Mega-Y, L50, M\n|-mega|p2a: Charizard|Charizard|Charizardite Y\n|-weather|SunnyDay|[from] ability: Drought|[of] p2a: Charizard\n|move|p2a: Charizard|Protect|p2a: Charizard\n|-singleturn|p2a: Charizard|Protect\n|move|p1a: Garchomp|Rock Slide|p2a: Charizard\n|-activate|p2a: Charizard|move: Protect\n|\n|-weather|SunnyDay|[upkeep]\n|-sideend|p1: Alexxx33333|move: Tailwind\n|upkeep\n|turn|7\n|inactive|Alexxx33333 has 30 seconds left.\n|inactive|Alexxx33333 has 20 seconds left.\n|inactive|Alexxx33333 has 15 seconds left.\n|inactive|Alexxx33333 has 10 seconds left.\n|\n|t:|1775884977\n|detailschange|p1b: Charizard|Charizard-Mega-Y, L50, F\n|-mega|p1b: Charizard|Charizard|Charizardite Y\n|move|p1a: Garchomp|Rock Slide|p2a: Charizard\n|-supereffective|p2a: Charizard|2\n|-damage|p2a: Charizard|0 fnt\n|faint|p2a: Charizard\n|\n|win|Alexxx33333\n|raw|Alexxx33333's rating: 1000 &rarr; <strong>1043</strong><br />(+43 for winning)\n|raw|SaioSeli's rating: 1028 &rarr; <strong>1013</strong><br />(-15 for losing)\n|l|\u2606Alexxx33333\n|player|p1|\n",
  "uploadtime": 1775885010,
  "views": 15,
  "formatid": "gen9championsvgc2026regma",
  "rating": 1013,
  "private": 0,
  "password": null
}