{
  "id": "gen9championsvgc2026regma-2587627326",
  "format": "[Gen 9 Champions] VGC 2026 Reg M-A",
  "players": [
    "La voz favorita",
    "koolkidz4life"
  ],
  "log": "|j|\u2606La voz favorita\n|j|\u2606koolkidz4life\n|t:|1776548267\n|gametype|doubles\n|player|p1|La voz favorita|marnie-league|1426\n|player|p2|koolkidz4life|battlegirl-gen4|1431\n|gen|9\n|tier|[Gen 9 Champions] VGC 2026 Reg M-A\n|rated|\n|rule|Species Clause: Limit one of each Pok\u00e9mon\n|rule|Item Clause: Limit 1 of each item\n|clearpoke\n|poke|p1|Floette-Eternal, L50, F|\n|poke|p1|Maushold, L50|\n|poke|p1|Rotom-Heat, L50|\n|poke|p1|Aerodactyl, L50, F|\n|poke|p1|Garchomp, L50, M|\n|poke|p1|Aegislash, L50, F|\n|poke|p2|Dragonite, L50, M|\n|poke|p2|Blastoise, L50, F|\n|poke|p2|Talonflame, L50, M|\n|poke|p2|Sinistcha, L50|\n|poke|p2|Lucario, L50, F|\n|poke|p2|Tyranitar, L50, M|\n|teampreview|4\nLa voz favorita has agreed to open team sheets.\n|j| LuizVentura\n|l| LuizVentura\n|\n|t:|1776548301\n|teamsize|p1|4\n|teamsize|p2|4\n|start\n|switch|p1a: Floette|Floette-Eternal, L50, F|100/100\n|switch|p1b: Maushold|Maushold, L50|100/100\n|switch|p2a: Talonflame|Talonflame, L50, M|100/100\n|switch|p2b: Blastoise|Blastoise, L50, F|100/100\n|turn|1\n|\n|t:|1776548320\n|detailschange|p1a: Floette|Floette-Mega, L50, F\n|-mega|p1a: Floette|Floette|Floettite\n|-ability|p1a: Floette|Fairy Aura\n|detailschange|p2b: Blastoise|Blastoise-Mega, L50, F\n|-mega|p2b: Blastoise|Blastoise|Blastoisinite\n|move|p2b: Blastoise|Fake Out|p1a: Floette\n|-damage|p1a: Floette|93/100\n|move|p2a: Talonflame|Tailwind|p2a: Talonflame\n|-sidestart|p2: koolkidz4life|move: Tailwind\n|move|p1b: Maushold|Super Fang|p2b: Blastoise\n|-damage|p2b: Blastoise|51/100\n|cant|p1a: Floette|flinch\n|\n|upkeep\n|turn|2\n|\n|t:|1776548332\n|move|p1b: Maushold|Follow Me|p1b: Maushold\n|-singleturn|p1b: Maushold|move: Follow Me\n|move|p2a: Talonflame|Brave Bird|p1b: Maushold\n|-damage|p1b: Maushold|59/100\n|-damage|p2a: Talonflame|84/100|[from] Recoil\n|move|p2b: Blastoise|Water Pulse|p1b: Maushold\n|-damage|p1b: Maushold|0 fnt\n|faint|p1b: Maushold\n|move|p1a: Floette|Calm Mind|p1a: Floette\n|-boost|p1a: Floette|spa|1\n|-boost|p1a: Floette|spd|1\n|\n|-heal|p2a: Talonflame|90/100|[from] item: Leftovers\n|upkeep\n|inactive|Battle timer is ON: inactive players will automatically lose when time's up. (requested by koolkidz4life)\n|\n|t:|1776548346\n|switch|p1b: Aegislash|Aegislash, L50, F|100/100\n|turn|3\n|\n|t:|1776548363\n|move|p2a: Talonflame|Flare Blitz|p1a: Floette\n|-damage|p1a: Floette|47/100\n|-damage|p2a: Talonflame|72/100|[from] Recoil\n|move|p2b: Blastoise|Dark Pulse|p1b: Aegislash\n|-supereffective|p1b: Aegislash|1\n|-damage|p1b: Aegislash|29/100\n|move|p1a: Floette|Moonblast|p2b: Blastoise\n|-damage|p2b: Blastoise|0 fnt\n|faint|p2b: Blastoise\n|cant|p1b: Aegislash|flinch\n|\n|-heal|p2a: Talonflame|78/100|[from] item: Leftovers\n|upkeep\n|\n|t:|1776548370\n|switch|p2b: Sinistcha|Sinistcha, L50|100/100\n|-heal|p2a: Talonflame|100/100|[from] ability: Hospitality|[of] p2b: Sinistcha\n|turn|4\n|\n|t:|1776548386\n|switch|p1b: Garchomp|Garchomp, L50, M|100/100\n|move|p1a: Floette|Protect|p1a: Floette\n|-singleturn|p1a: Floette|Protect\n|move|p2a: Talonflame|Brave Bird|p1a: Floette\n|-activate|p1a: Floette|move: Protect\n|move|p2b: Sinistcha|Matcha Gotcha|p1b: Garchomp|[spread] \n|-activate|p1a: Floette|move: Protect\n|-miss|p2b: Sinistcha|p1b: Garchomp\n|\n|-sideend|p2: koolkidz4life|move: Tailwind\n|upkeep\n|turn|5\n|\n|t:|1776548402\n|move|p2a: Talonflame|Tailwind|p2a: Talonflame\n|-sidestart|p2: koolkidz4life|move: Tailwind\n|move|p2b: Sinistcha|Matcha Gotcha|p1a: Floette|[spread] p1a\n|-miss|p2b: Sinistcha|p1b: Garchomp\n|-damage|p1a: Floette|35/100\n|move|p1b: Garchomp|Rock Slide|p2a: Talonflame|[spread] p2a,p2b\n|-supereffective|p2a: Talonflame|2\n|-damage|p2a: Talonflame|0 fnt\n|-damage|p2b: Sinistcha|81/100\n|faint|p2a: Talonflame\n|move|p1a: Floette|Moonblast|p2b: Sinistcha\n|-damage|p2b: Sinistcha|0 fnt\n|faint|p2b: Sinistcha\n|\n|upkeep\n|\n|t:|1776548405\n|switch|p2b: Tyranitar|Tyranitar, L50, M|100/100\n|-weather|Sandstorm|[from] ability: Sand Stream|[of] p2b: Tyranitar\n|turn|6\n|\n|t:|1776548426\n|move|p1a: Floette|Protect|p1a: Floette\n|-singleturn|p1a: Floette|Protect\n|move|p2b: Tyranitar|Rock Slide|p1a: Floette|[spread] p1b\n|-activate|p1a: Floette|move: Protect\n|-resisted|p1b: Garchomp|1\n|-damage|p1b: Garchomp|82/100\n|move|p1b: Garchomp|Earthquake|p2b: Tyranitar|[spread] p2b\n|-activate|p1a: Floette|move: Protect\n|-supereffective|p2b: Tyranitar|1\n|-damage|p2b: Tyranitar|26/100\n|\n|-weather|Sandstorm|[upkeep]\n|-damage|p1a: Floette|29/100|[from] Sandstorm\n|upkeep\n|turn|7\n|\n|t:|1776548435\n|move|p2b: Tyranitar|Rock Slide|p1a: Floette|[spread] p1a,p1b\n|-resisted|p1b: Garchomp|1\n|-damage|p1a: Floette|0 fnt\n|-damage|p1b: Garchomp|65/100\n|faint|p1a: Floette\n|move|p1b: Garchomp|Earthquake|p2b: Tyranitar\n|-supereffective|p2b: Tyranitar|1\n|-damage|p2b: Tyranitar|0 fnt\n|faint|p2b: Tyranitar\n|\n|win|La voz favorita\n|raw|La voz favorita's rating: 1426 &rarr; <strong>1446</strong><br />(+20 for winning)\n|raw|koolkidz4life's rating: 1431 &rarr; <strong>1411</strong><br />(-20 for losing)\n|l|\u2606koolkidz4life\n|player|p2|\n|l|\u2606La voz favorita\n|player|p1|\n",
  "uploadtime": 1776548540,
  "views": 17,
  "formatid": "gen9championsvgc2026regma",
  "rating": 1411,
  "private": 0,
  "password": null
}