{
  "id": "gen9championsvgc2026regma-2582181926",
  "format": "[Gen 9 Champions] VGC 2026 Reg M-A",
  "players": [
    "citricsage",
    "DannyMcCake"
  ],
  "log": "|j|\u2606citricsage\n|j|\u2606DannyMcCake\n|t:|1776068341\n|gametype|doubles\n|player|p1|citricsage|rika|1086\n|player|p2|DannyMcCake|hiker-gen4|1024\n|gen|9\n|tier|[Gen 9 Champions] VGC 2026 Reg M-A\n|rated|\n|rule|Species Clause: Limit one of each Pok\u00e9mon\n|rule|Item Clause: Limit 1 of each item\n|clearpoke\n|poke|p1|Victreebel, L50, F|\n|poke|p1|Milotic, L50, F|\n|poke|p1|Kingambit, L50, F|\n|poke|p1|Garchomp, L50, F|\n|poke|p1|Talonflame, L50, F|\n|poke|p1|Heracross, L50, F|\n|poke|p2|Kingambit, L50, F|\n|poke|p2|Rotom-Wash, L50|\n|poke|p2|Sinistcha, L50|\n|poke|p2|Incineroar, L50, M|\n|poke|p2|Garchomp, L50, M|\n|poke|p2|Sneasler, L50, M|\n|teampreview|4\n|inactive|Battle timer is ON: inactive players will automatically lose when time's up. (requested by DannyMcCake)\n|\n|t:|1776068365\n|teamsize|p1|4\n|teamsize|p2|4\n|start\n|switch|p1a: slap my bellay|Victreebel, L50, F|100/100\n|switch|p1b: detective fierce|Milotic, L50, F|100/100\n|switch|p2a: Garchomp|Garchomp, L50, M|100/100\n|switch|p2b: Sneasler|Sneasler, L50, M|100/100\n|turn|1\n|\n|t:|1776068380\n|detailschange|p1a: slap my bellay|Victreebel-Mega, L50, F\n|-mega|p1a: slap my bellay|Victreebel|Victreebelite\n|move|p2b: Sneasler|Fake Out|p1b: detective fierce\n|-damage|p1b: detective fierce|85/100\n|move|p2a: Garchomp|Scale Shot|p1a: slap my bellay\n|-damage|p1a: slap my bellay|86/100\n|-damage|p1a: slap my bellay|71/100\n|-damage|p1a: slap my bellay|57/100\n|-damage|p1a: slap my bellay|42/100\n|-hitcount|p1a: slap my bellay|4\n|-unboost|p2a: Garchomp|def|1\n|-boost|p2a: Garchomp|spe|1\n|cant|p1b: detective fierce|flinch\n|move|p1a: slap my bellay|Stun Spore|p2a: Garchomp|[miss]\n|-miss|p1a: slap my bellay|p2a: Garchomp\n|\n|-heal|p1b: detective fierce|91/100|[from] item: Leftovers\n|upkeep\n|turn|2\n|inactive|citricsage has 30 seconds left.\n|\n|t:|1776068405\n|move|p2b: Sneasler|Protect|p2b: Sneasler\n|-singleturn|p2b: Sneasler|Protect\n|move|p2a: Garchomp|Earthquake|p1b: detective fierce|[spread] p1a,p1b\n|-activate|p2b: Sneasler|move: Protect\n|-damage|p1a: slap my bellay|1/100\n|-damage|p1b: detective fierce|47/100\n|move|p1b: detective fierce|Icy Wind|p2a: Garchomp|[spread] p2a\n|-activate|p2b: Sneasler|move: Protect\n|-supereffective|p2a: Garchomp|2\n|-damage|p2a: Garchomp|48/100\n|-unboost|p2a: Garchomp|spe|1\n|move|p1a: slap my bellay|Strength Sap|p2a: Garchomp\n|-unboost|p2a: Garchomp|atk|1\n|-heal|p1a: slap my bellay|98/100\n|\n|-heal|p1b: detective fierce|54/100|[from] item: Leftovers\n|upkeep\n|turn|3\n|inactive|citricsage has 30 seconds left.\n|\n|t:|1776068434\n|switch|p2a: Rotom|Rotom-Wash, L50|100/100\n|move|p1b: detective fierce|Protect|p1b: detective fierce\n|-singleturn|p1b: detective fierce|Protect\n|move|p2b: Sneasler|Dire Claw|p1b: detective fierce\n|-activate|p1b: detective fierce|move: Protect\n|move|p1a: slap my bellay|Stun Spore|p2b: Sneasler\n|-status|p2b: Sneasler|par\n|\n|-heal|p1b: detective fierce|60/100|[from] item: Leftovers\n|upkeep\n|turn|4\n|\n|t:|1776068456\n|switch|p1b: Desscaras|Garchomp, L50, F|100/100\n|switch|p2b: Kingambit|Kingambit, L50, F|100/100\n|move|p2a: Rotom|Trick|p1b: Desscaras\n|-activate|p2a: Rotom|move: Trick|[of] p1b: Desscaras\n|-item|p1b: Desscaras|Choice Scarf|[from] move: Trick\n|-item|p2a: Rotom|Soft Sand|[from] move: Trick\n|move|p1a: slap my bellay|Sludge Bomb|p2a: Rotom\n|-damage|p2a: Rotom|38/100\n|\n|upkeep\n|turn|5\n|inactive|citricsage has 30 seconds left.\n|\n|t:|1776068484\n|switch|p1b: Kumugi|Talonflame, L50, F|100/100\n|move|p2a: Rotom|Hydro Pump|p1b: Kumugi\n|-supereffective|p1b: Kumugi|1\n|-enditem|p1b: Kumugi|Focus Sash\n|-damage|p1b: Kumugi|1/100\n|move|p1a: slap my bellay|Sludge Bomb|p2a: Rotom\n|-damage|p2a: Rotom|0 fnt\n|faint|p2a: Rotom\n|move|p2b: Kingambit|Kowtow Cleave|p1a: slap my bellay\n|-damage|p1a: slap my bellay|39/100\n|\n|upkeep\n|\n|t:|1776068490\n|switch|p2a: Sneasler|Sneasler, L50, M|100/100 par\n|turn|6\n|inactive|citricsage has 30 seconds left.\n|\n|t:|1776068517\n|move|p1b: Kumugi|Protect|p1b: Kumugi\n|-singleturn|p1b: Kumugi|Protect\n|move|p2a: Sneasler|Fake Out|p1b: Kumugi\n|-activate|p1b: Kumugi|move: Protect\n|move|p1a: slap my bellay|Strength Sap|p2a: Sneasler\n|-unboost|p2a: Sneasler|atk|1\n|-heal|p1a: slap my bellay|100/100\n|-enditem|p2a: Sneasler|White Herb\n|-clearnegativeboost|p2a: Sneasler|[silent]\n|move|p2b: Kingambit|Kowtow Cleave|p1a: slap my bellay\n|-damage|p1a: slap my bellay|42/100\n|\n|upkeep\n|turn|7\n|inactive|DannyMcCake has 30 seconds left.\n|\n|t:|1776068543\n|move|p1b: Kumugi|Flare Blitz|p2b: Kingambit\n|-supereffective|p2b: Kingambit|1\n|-damage|p2b: Kingambit|15/100\n|-damage|p1b: Kumugi|0 fnt|[from] Recoil\n|faint|p1b: Kumugi\n|move|p2a: Sneasler|Dire Claw|p1a: slap my bellay\n|-damage|p1a: slap my bellay|0 fnt\n|-damage|p2a: Sneasler|50/100 par|[from] ability: Innards Out|[of] p1a: slap my bellay\n|faint|p1a: slap my bellay\n|move|p2b: Kingambit|Kowtow Cleave|p1: slap my bellay|[notarget]\n|-fail|p2b: Kingambit\n|\n|upkeep\n|\n|t:|1776068554\n|switch|p1b: Desscaras|Garchomp, L50, F|100/100\n|switch|p1a: detective fierce|Milotic, L50, F|60/100\n|turn|8\n|\n|t:|1776068566\n|move|p1b: Desscaras|Earthquake|p2a: Sneasler|[spread] p1a,p2a,p2b\n|-supereffective|p2a: Sneasler|1\n|-supereffective|p2b: Kingambit|1\n|-damage|p1a: detective fierce|12/100\n|-damage|p2a: Sneasler|0 fnt\n|-damage|p2b: Kingambit|0 fnt\n|faint|p2a: Sneasler\n|faint|p2b: Kingambit\n|move|p1a: detective fierce|Recover|p1a: detective fierce\n|-heal|p1a: detective fierce|62/100\n|\n|-heal|p1a: detective fierce|68/100|[from] item: Leftovers\n|upkeep\n|\n|t:|1776068570\n|switch|p2a: Garchomp|Garchomp, L50, M|48/100\n|turn|9\n|\n|t:|1776068577\n|move|p1b: Desscaras|Earthquake|p2a: Garchomp|[spread] p1a,p2a\n|-damage|p1a: detective fierce|25/100\n|-damage|p2a: Garchomp|5/100\n|move|p2a: Garchomp|Scale Shot|p1b: Desscaras|[miss]\n|-miss|p2a: Garchomp|p1b: Desscaras\n|move|p1a: detective fierce|Icy Wind|p2a: Garchomp\n|-supereffective|p2a: Garchomp|2\n|-damage|p2a: Garchomp|0 fnt\n|faint|p2a: Garchomp\n|\n|win|citricsage\n|raw|citricsage's rating: 1086 &rarr; <strong>1108</strong><br />(+22 for winning)\n|raw|DannyMcCake's rating: 1024 &rarr; <strong>1013</strong><br />(-11 for losing)\n",
  "uploadtime": 1776068582,
  "views": 9,
  "formatid": "gen9championsvgc2026regma",
  "rating": 1013,
  "private": 0,
  "password": null
}