{
  "id": "gen9championsvgc2026regma-2583848342",
  "format": "[Gen 9 Champions] VGC 2026 Reg M-A",
  "players": [
    "MilkTeaWayGalaxy",
    "aceofspadesctg"
  ],
  "log": "|j|\u2606MilkTeaWayGalaxy\n|j|\u2606aceofspadesctg\n|t:|1776202438\n|gametype|doubles\n|player|p1|MilkTeaWayGalaxy|rosa-pokestar3|1162\n|player|p2|aceofspadesctg|265|1181\n|gen|9\n|tier|[Gen 9 Champions] VGC 2026 Reg M-A\n|rated|\n|rule|Species Clause: Limit one of each Pok\u00e9mon\n|rule|Item Clause: Limit 1 of each item\n|clearpoke\n|poke|p1|Froslass, L50, F|\n|poke|p1|Sinistcha, L50|\n|poke|p1|Kingambit, L50, M|\n|poke|p1|Sneasler, L50, M|\n|poke|p1|Incineroar, L50, M|\n|poke|p1|Basculegion, L50, M|\n|poke|p2|Alakazam, L50, M|\n|poke|p2|Farigiraf, L50, F|\n|poke|p2|Infernape, L50, M|\n|poke|p2|Ninetales-Alola, L50, M|\n|poke|p2|Kleavor, L50, F|\n|poke|p2|Whimsicott, L50, M|\n|teampreview|4\n|\n|t:|1776202477\n|teamsize|p1|4\n|teamsize|p2|4\n|start\n|switch|p1a: Froslass|Froslass, L50, F, shiny|100/100\n|switch|p1b: Incineroar|Incineroar, L50, M, shiny|100/100\n|switch|p2a: Kleavor|Kleavor, L50, F|100/100\n|switch|p2b: Farigiraf|Farigiraf, L50, F|100/100\n|-ability|p1b: Incineroar|Intimidate|boost\n|-unboost|p2a: Kleavor|atk|1\n|-unboost|p2b: Farigiraf|atk|1\n|turn|1\n|\n|t:|1776202499\n|switch|p1b: Kingambit|Kingambit, L50, M|100/100\n|move|p1a: Froslass|Protect|p1a: Froslass\n|-singleturn|p1a: Froslass|Protect\n|move|p2b: Farigiraf|Protect|p2b: Farigiraf\n|-singleturn|p2b: Farigiraf|Protect\n|move|p2a: Kleavor|Stone Axe|p1b: Kingambit\n|-resisted|p1b: Kingambit|1\n|-damage|p1b: Kingambit|86/100\n|-sidestart|p1: MilkTeaWayGalaxy|move: Stealth Rock\n|\n|upkeep\n|turn|2\n|\n|t:|1776202519\n|detailschange|p1a: Froslass|Froslass-Mega, L50, F, shiny\n|-mega|p1a: Froslass|Froslass|Froslassite\n|-weather|Snowscape|[from] ability: Snow Warning|[of] p1a: Froslass\n|move|p2a: Kleavor|Stone Axe|p1a: Froslass\n|-supereffective|p1a: Froslass|1\n|-damage|p1a: Froslass|36/100\n|move|p1a: Froslass|Aurora Veil|p1a: Froslass\n|-sidestart|p1: MilkTeaWayGalaxy|move: Aurora Veil\n|move|p2b: Farigiraf|Psychic Terrain|p2b: Farigiraf\n|-fieldstart|move: Psychic Terrain\n|move|p1b: Kingambit|Iron Head|p2a: Kleavor\n|-supereffective|p2a: Kleavor|1\n|-damage|p2a: Kleavor|0 fnt\n|faint|p2a: Kleavor\n|\n|-weather|Snowscape|[upkeep]\n|upkeep\n|\n|t:|1776202529\n|switch|p2a: Alakazam|Alakazam, L50, M|100/100\n|turn|3\n|\n|t:|1776202543\n|detailschange|p2a: Alakazam|Alakazam-Mega, L50, M\n|-mega|p2a: Alakazam|Alakazam|Alakazite\n|-ability|p2a: Alakazam|Defiant|Trace|[from] ability: Trace|[of] p1b: Kingambit\n|move|p1a: Froslass|Protect|p1a: Froslass\n|-singleturn|p1a: Froslass|Protect\n|move|p2a: Alakazam|Focus Blast|p1b: Kingambit|[miss]\n|-miss|p2a: Alakazam|p1b: Kingambit\n|move|p2b: Farigiraf|Expanding Force|p1b: Kingambit|[spread] \n|-activate|p1a: Froslass|move: Protect\n|-immune|p1b: Kingambit\n|move|p1b: Kingambit|Kowtow Cleave|p2a: Alakazam\n|-supereffective|p2a: Alakazam|1\n|-damage|p2a: Alakazam|0 fnt\n|faint|p2a: Alakazam\n|\n|-weather|Snowscape|[upkeep]\n|upkeep\n|\n|t:|1776202554\n|switch|p2a: Infernape|Infernape, L50, M|100/100\n|turn|4\n|\n|t:|1776202569\n|switch|p1a: Incineroar|Incineroar, L50, M, shiny|100/100\n|-damage|p1a: Incineroar|76/100|[from] Stealth Rock\n|-ability|p1a: Incineroar|Intimidate|boost\n|-unboost|p2a: Infernape|atk|1\n|-unboost|p2b: Farigiraf|atk|1\n|-enditem|p2a: Infernape|White Herb\n|-clearnegativeboost|p2a: Infernape|[silent]\n|move|p2a: Infernape|Flare Blitz|p1a: Incineroar\n|-resisted|p1a: Incineroar|1\n|-damage|p1a: Incineroar|60/100\n|-damage|p2a: Infernape|94/100|[from] Recoil\n|move|p2b: Farigiraf|Imprison|p2b: Farigiraf\n|-start|p2b: Farigiraf|move: Imprison\n|move|p1b: Kingambit|Kowtow Cleave|p2b: Farigiraf\n|-supereffective|p2b: Farigiraf|1\n|-damage|p2b: Farigiraf|0 fnt\n|faint|p2b: Farigiraf\n|\n|-weather|Snowscape|[upkeep]\n|-heal|p1a: Incineroar|66/100|[from] item: Leftovers\n|upkeep\n|turn|5\n|\n|t:|1776202590\n|move|p2a: Infernape|Protect|p2a: Infernape\n|-singleturn|p2a: Infernape|Protect\n|move|p1b: Kingambit|Protect|p1b: Kingambit\n|-singleturn|p1b: Kingambit|Protect\n|move|p1a: Incineroar|Parting Shot|p2a: Infernape\n|-activate|p2a: Infernape|move: Protect\n|\n|-weather|Snowscape|[upkeep]\n|-heal|p1a: Incineroar|72/100|[from] item: Leftovers\n|upkeep\n|turn|6\n|\n|t:|1776202597\n|move|p2a: Infernape|Close Combat|p1b: Kingambit\n|-supereffective|p1b: Kingambit|2\n|-damage|p1b: Kingambit|0 fnt\n|-unboost|p2a: Infernape|def|1\n|-unboost|p2a: Infernape|spd|1\n|faint|p1b: Kingambit\n|move|p1a: Incineroar|Parting Shot|p2a: Infernape\n|-unboost|p2a: Infernape|atk|1\n|-unboost|p2a: Infernape|spa|1\n|\n|t:|1776202601\n|switch|p1a: Basculegion|Basculegion, L50, M|100/100|[from] Parting Shot\n|-damage|p1a: Basculegion|88/100|[from] Stealth Rock\n|\n|-weather|none\n|-sideend|p1: MilkTeaWayGalaxy|move: Aurora Veil\n|-fieldend|move: Psychic Terrain\n|upkeep\n|\n|t:|1776202602\n|switch|p1b: Incineroar|Incineroar, L50, M, shiny|72/100\n|-damage|p1b: Incineroar|47/100|[from] Stealth Rock\n|-ability|p1b: Incineroar|Intimidate|boost\n|-unboost|p2a: Infernape|atk|1\n|turn|7\n|\n|t:|1776202608\n|move|p2a: Infernape|Protect|p2a: Infernape\n|-singleturn|p2a: Infernape|Protect\n|move|p1b: Incineroar|Fake Out|p2a: Infernape\n|-activate|p2a: Infernape|move: Protect\n|move|p1a: Basculegion|Wave Crash|p2a: Infernape\n|-activate|p2a: Infernape|move: Protect\n|\n|-heal|p1b: Incineroar|53/100|[from] item: Leftovers\n|upkeep\n|turn|8\n|\n|t:|1776202613\n|move|p2a: Infernape|Mach Punch|p1b: Incineroar\n|-supereffective|p1b: Incineroar|1\n|-damage|p1b: Incineroar|30/100\n|move|p1a: Basculegion|Aqua Jet|p2a: Infernape\n|-supereffective|p2a: Infernape|1\n|-damage|p2a: Infernape|0 fnt\n|faint|p2a: Infernape\n|\n|win|MilkTeaWayGalaxy\n|raw|MilkTeaWayGalaxy's rating: 1162 &rarr; <strong>1188</strong><br />(+26 for winning)\n|raw|aceofspadesctg's rating: 1181 &rarr; <strong>1155</strong><br />(-26 for losing)\n|l|\u2606aceofspadesctg\n|player|p2|\n",
  "uploadtime": 1776202621,
  "views": 20,
  "formatid": "gen9championsvgc2026regma",
  "rating": 1155,
  "private": 0,
  "password": null
}