{
  "id": "gen9championsvgc2026regma-2585486705",
  "format": "[Gen 9 Champions] VGC 2026 Reg M-A",
  "players": [
    "luiz red",
    "Ninja_Tim21"
  ],
  "log": "|j|\u2606luiz red\n|j|\u2606Ninja_Tim21\n|t:|1776350796\n|gametype|doubles\n|player|p1|luiz red|veteran|1049\n|player|p2|Ninja_Tim21|shadowtriad|1128\n|gen|9\n|tier|[Gen 9 Champions] VGC 2026 Reg M-A\n|rated|\n|rule|Species Clause: Limit one of each Pok\u00e9mon\n|rule|Item Clause: Limit 1 of each item\n|clearpoke\n|poke|p1|Infernape, L50, M|\n|poke|p1|Araquanid, L50, F|\n|poke|p1|Empoleon, L50, M|\n|poke|p1|Hippowdon, L50, F|\n|poke|p1|Garchomp, L50, M|\n|poke|p1|Corviknight, L50, F|\n|poke|p2|Sneasler, L50, M|\n|poke|p2|Starmie, L50|\n|poke|p2|Sableye, L50, M|\n|poke|p2|Talonflame, L50, F|\n|poke|p2|Basculegion, L50, M|\n|poke|p2|Ninetales-Alola, L50, F|\n|teampreview|4\n|\n|t:|1776350840\n|teamsize|p1|4\n|teamsize|p2|4\n|start\n|switch|p1a: Corviknight|Corviknight, L50, F, shiny|100/100\n|switch|p1b: Araquanid|Araquanid, L50, F, shiny|100/100\n|switch|p2a: Sneasler|Sneasler, L50, M, shiny|100/100\n|switch|p2b: Starmie|Starmie, L50|100/100\n|turn|1\n|\n|t:|1776350857\n|detailschange|p2b: Starmie|Starmie-Mega, L50\n|-mega|p2b: Starmie|Starmie|Starminite\n|move|p2a: Sneasler|Fake Out|p1b: Araquanid\n|-damage|p1b: Araquanid|87/100\n|-status|p1b: Araquanid|psn|[from] ability: Poison Touch|[of] p2a: Sneasler\n|move|p2b: Starmie|Liquidation|p1a: Corviknight\n|-damage|p1a: Corviknight|25/100\n|move|p1a: Corviknight|Iron Defense|p1a: Corviknight\n|-boost|p1a: Corviknight|def|2\n|cant|p1b: Araquanid|flinch\n|\n|-heal|p1a: Corviknight|32/100|[from] item: Leftovers\n|-damage|p1b: Araquanid|75/100 psn|[from] psn\n|upkeep\n|turn|2\n|\n|t:|1776350877\n|move|p1a: Corviknight|Protect|p1a: Corviknight\n|-singleturn|p1a: Corviknight|Protect\n|move|p2a: Sneasler|Coaching|p2b: Starmie\n|-boost|p2b: Starmie|atk|1\n|-boost|p2b: Starmie|def|1\n|move|p2b: Starmie|Liquidation|p1a: Corviknight\n|-activate|p1a: Corviknight|move: Protect\n|move|p1b: Araquanid|Sticky Web|p2a: Sneasler\n|-sidestart|p2: Ninja_Tim21|move: Sticky Web\n|\n|-heal|p1a: Corviknight|38/100|[from] item: Leftovers\n|-damage|p1b: Araquanid|63/100 psn|[from] psn\n|upkeep\n|turn|3\n|\n|t:|1776350902\n|switch|p1a: Hippowdon|Hippowdon, L50, F|100/100\n|-weather|Sandstorm|[from] ability: Sand Stream|[of] p1a: Hippowdon\n|move|p2a: Sneasler|Dire Claw|p1b: Araquanid\n|-damage|p1b: Araquanid|25/100 psn\n|move|p2b: Starmie|Liquidation|p1a: Hippowdon\n|-supereffective|p1a: Hippowdon|1\n|-damage|p1a: Hippowdon|0 fnt\n|faint|p1a: Hippowdon\n|move|p1b: Araquanid|Infestation|p2b: Starmie\n|-supereffective|p2b: Starmie|1\n|-damage|p2b: Starmie|90/100\n|-activate|p2b: Starmie|move: Infestation|[of] p1b: Araquanid\n|\n|-weather|Sandstorm|[upkeep]\n|-damage|p2a: Sneasler|95/100|[from] Sandstorm\n|-damage|p2b: Starmie|84/100|[from] Sandstorm\n|-damage|p1b: Araquanid|19/100 psn|[from] Sandstorm\n|-damage|p1b: Araquanid|7/100 psn|[from] psn\n|-damage|p2b: Starmie|72/100|[from] move: Infestation|[partiallytrapped]\n|upkeep\n|\n|t:|1776350929\n|switch|p1a: Garchomp|Garchomp, L50, M|100/100\n|turn|4\n|\n|t:|1776350948\n|detailschange|p1a: Garchomp|Garchomp-Mega, L50, M\n|-mega|p1a: Garchomp|Garchomp|Garchompite\n|move|p2b: Starmie|Protect|p2b: Starmie\n|-singleturn|p2b: Starmie|Protect\n|move|p1b: Araquanid|Wide Guard|p1b: Araquanid\n|-singleturn|p1b: Araquanid|Wide Guard\n|move|p2a: Sneasler|Dire Claw|p1b: Araquanid\n|-damage|p1b: Araquanid|0 fnt\n|faint|p1b: Araquanid\n|move|p1a: Garchomp|Earthquake|p2b: Starmie|[spread] p2a\n|-activate|p2b: Starmie|move: Protect\n|-supereffective|p2a: Sneasler|1\n|-damage|p2a: Sneasler|0 fnt\n|faint|p2a: Sneasler\n|\n|-weather|Sandstorm|[upkeep]\n|-damage|p2b: Starmie|66/100|[from] Sandstorm\n|-end|p2b: Starmie|Infestation|[partiallytrapped]|[silent]\n|upkeep\n|\n|t:|1776350963\n|switch|p2a: Basculegion|Basculegion, L50, M|100/100\n|switch|p1b: Corviknight|Corviknight, L50, F, shiny|38/100\n|-activate|p2a: Basculegion|move: Sticky Web\n|-unboost|p2a: Basculegion|spe|1\n|turn|5\n|\n|t:|1776350979\n|move|p2b: Starmie|Self-Destruct|p1a: Garchomp|[spread] p1a,p1b\n|-immune|p2a: Basculegion\n|-resisted|p1b: Corviknight|1\n|-damage|p1a: Garchomp|0 fnt\n|-damage|p1b: Corviknight|0 fnt\n|faint|p2b: Starmie\n|faint|p1a: Garchomp\n|faint|p1b: Corviknight\n|\n|win|Ninja_Tim21\n|raw|luiz red's rating: 1049 &rarr; <strong>1036</strong><br />(-13 for losing)\n|raw|Ninja_Tim21's rating: 1128 &rarr; <strong>1147</strong><br />(+19 for winning)\n",
  "uploadtime": 1776350987,
  "views": 24,
  "formatid": "gen9championsvgc2026regma",
  "rating": 1036,
  "private": 0,
  "password": null
}