{
  "id": "gen9championsvgc2026regma-2587647118",
  "format": "[Gen 9 Champions] VGC 2026 Reg M-A",
  "players": [
    "aLOIxUhh",
    "Jeazoal"
  ],
  "log": "|j|\u2606aLOIxUhh\n|j|\u2606Jeazoal\n|t:|1776550123\n|gametype|doubles\n|player|p1|aLOIxUhh|cynthia-gen4|1139\n|player|p2|Jeazoal|pokemonranger-gen4|1124\n|gen|9\n|tier|[Gen 9 Champions] VGC 2026 Reg M-A\n|rated|\n|rule|Species Clause: Limit one of each Pok\u00e9mon\n|rule|Item Clause: Limit 1 of each item\n|clearpoke\n|poke|p1|Froslass, L50, F|\n|poke|p1|Garchomp, L50, F|\n|poke|p1|Rotom-Frost, L50|\n|poke|p1|Empoleon, L50, M|\n|poke|p1|Incineroar, L50, M|\n|poke|p1|Kingambit, L50, M|\n|poke|p2|Pelipper, L50, M|\n|poke|p2|Basculegion, L50, M|\n|poke|p2|Archaludon, L50, F|\n|poke|p2|Sinistcha, L50|\n|poke|p2|Dragonite, L50, F|\n|poke|p2|Sneasler, L50, F|\n|teampreview|4\n|\n|t:|1776550144\n|teamsize|p1|4\n|teamsize|p2|4\n|start\n|switch|p1a: Froslass|Froslass, L50, F|100/100\n|switch|p1b: Rotom|Rotom-Frost, L50|100/100\n|switch|p2a: Pelipper|Pelipper, L50, M|100/100\n|switch|p2b: Basculegion|Basculegion, L50, M|100/100\n|-weather|RainDance|[from] ability: Drizzle|[of] p2a: Pelipper\n|turn|1\n|\n|t:|1776550166\n|switch|p2a: Sinistcha|Sinistcha, L50|100/100\n|detailschange|p1a: Froslass|Froslass-Mega, L50, F\n|-mega|p1a: Froslass|Froslass|Froslassite\n|-weather|Snowscape|[from] ability: Snow Warning|[of] p1a: Froslass\n|move|p1b: Rotom|Electroweb|p2a: Sinistcha|[spread] p2b\n|-miss|p1b: Rotom|p2a: Sinistcha\n|-supereffective|p2b: Basculegion|1\n|-damage|p2b: Basculegion|59/100\n|-unboost|p2b: Basculegion|spe|1\n|move|p1a: Froslass|Blizzard|p2a: Sinistcha|[spread] p2a,p2b\n|-supereffective|p2a: Sinistcha|1\n|-resisted|p2b: Basculegion|1\n|-damage|p2a: Sinistcha|12/100\n|-damage|p2b: Basculegion|29/100\n|-enditem|p2a: Sinistcha|Sitrus Berry|[eat]\n|-heal|p2a: Sinistcha|36/100|[from] item: Sitrus Berry\n|move|p2b: Basculegion|Last Respects|p1a: Froslass\n|-supereffective|p1a: Froslass|1\n|-damage|p1a: Froslass|38/100\n|\n|-weather|Snowscape|[upkeep]\n|upkeep\n|turn|2\n|\n|t:|1776550191\n|switch|p2a: Pelipper|Pelipper, L50, M|100/100\n|-weather|RainDance|[from] ability: Drizzle|[of] p2a: Pelipper\n|switch|p2b: Archaludon|Archaludon, L50, F|100/100\n|move|p1b: Rotom|Electroweb|p2b: Archaludon|[spread] p2a,p2b\n|-supereffective|p2a: Pelipper|2\n|-resisted|p2b: Archaludon|1\n|-enditem|p2a: Pelipper|Focus Sash\n|-damage|p2a: Pelipper|1/100\n|-damage|p2b: Archaludon|91/100\n|-unboost|p2a: Pelipper|spe|1\n|-unboost|p2b: Archaludon|spe|1\n|-ability|p2b: Archaludon|Stamina|boost\n|-boost|p2b: Archaludon|def|1\n|move|p1a: Froslass|Blizzard|p2a: Pelipper|[spread] p2a,p2b\n|-crit|p2a: Pelipper\n|-damage|p2a: Pelipper|0 fnt\n|-damage|p2b: Archaludon|42/100\n|-ability|p2b: Archaludon|Stamina|boost\n|-boost|p2b: Archaludon|def|1\n|faint|p2a: Pelipper\n|\n|-weather|RainDance|[upkeep]\n|-heal|p2b: Archaludon|48/100|[from] item: Leftovers\n|upkeep\n|\n|t:|1776550211\n|switch|p2a: Sinistcha|Sinistcha, L50|36/100\n|-heal|p2b: Archaludon|73/100|[from] ability: Hospitality|[of] p2a: Sinistcha\n|turn|3\n|\n|t:|1776550229\n|switch|p1b: Incineroar|Incineroar, L50, M|100/100\n|-ability|p1b: Incineroar|Intimidate|boost\n|-unboost|p2a: Sinistcha|atk|1\n|-unboost|p2b: Archaludon|atk|1\n|switch|p1a: Garchomp|Garchomp, L50, F|100/100\n|move|p2a: Sinistcha|Life Dew|p2a: Sinistcha|[spread] p2a,p2b\n|-heal|p2a: Sinistcha|62/100\n|-heal|p2b: Archaludon|98/100\n|move|p2b: Archaludon|Flash Cannon|p1a: Garchomp\n|-damage|p1a: Garchomp|59/100\n|\n|-weather|RainDance|[upkeep]\n|-heal|p2b: Archaludon|100/100|[from] item: Leftovers\n|upkeep\n|turn|4\n|\n|t:|1776550252\n|switch|p1b: Rotom|Rotom-Frost, L50|100/100\n|move|p2a: Sinistcha|Rage Powder|p2a: Sinistcha\n|-singleturn|p2a: Sinistcha|move: Rage Powder\n|move|p1a: Garchomp|Earthquake|p2b: Archaludon|[spread] p2a,p2b\n|-immune|p1b: Rotom|[from] ability: Levitate\n|-resisted|p2a: Sinistcha|1\n|-supereffective|p2b: Archaludon|1\n|-damage|p2a: Sinistcha|44/100\n|-damage|p2b: Archaludon|73/100\n|-ability|p2b: Archaludon|Stamina|boost\n|-boost|p2b: Archaludon|def|1\n|move|p2b: Archaludon|Draco Meteor|p1a: Garchomp\n|-supereffective|p1a: Garchomp|1\n|-damage|p1a: Garchomp|0 fnt\n|-unboost|p2b: Archaludon|spa|2\n|faint|p1a: Garchomp\n|\n|-weather|RainDance|[upkeep]\n|-heal|p2b: Archaludon|79/100|[from] item: Leftovers\n|upkeep\n|\n|t:|1776550271\n|switch|p1a: Incineroar|Incineroar, L50, M|100/100\n|-ability|p1a: Incineroar|Intimidate|boost\n|-unboost|p2a: Sinistcha|atk|1\n|-unboost|p2b: Archaludon|atk|1\n|turn|5\n|\n|t:|1776550290\n|move|p2b: Archaludon|Protect|p2b: Archaludon\n|-singleturn|p2b: Archaludon|Protect\n|move|p1b: Rotom|Blizzard|p2a: Sinistcha|[spread] p2a\n|-activate|p2b: Archaludon|move: Protect\n|-supereffective|p2a: Sinistcha|1\n|-damage|p2a: Sinistcha|0 fnt\n|faint|p2a: Sinistcha\n|move|p1a: Incineroar|Darkest Lariat|p2b: Archaludon\n|-activate|p2b: Archaludon|move: Protect\n|\n|-weather|RainDance|[upkeep]\n|-heal|p2b: Archaludon|85/100|[from] item: Leftovers\n|upkeep\n|\n|t:|1776550301\n|switch|p2a: Basculegion|Basculegion, L50, M|29/100\n|turn|6\n|\n|t:|1776550326\n|switch|p1a: Froslass|Froslass-Mega, L50, F|38/100\n|-weather|Snowscape|[from] ability: Snow Warning|[of] p1a: Froslass\n|move|p1b: Rotom|Blizzard|p2a: Basculegion|[spread] p2a,p2b\n|-resisted|p2a: Basculegion|1\n|-damage|p2a: Basculegion|8/100\n|-damage|p2b: Archaludon|49/100\n|-ability|p2b: Archaludon|Stamina|boost\n|-boost|p2b: Archaludon|def|1\n|move|p2a: Basculegion|Wave Crash|p1a: Froslass\n|-damage|p1a: Froslass|0 fnt\n|faint|p1a: Froslass\n|-damage|p2a: Basculegion|0 fnt|[from] Recoil\n|faint|p2a: Basculegion\n|move|p2b: Archaludon|Flash Cannon|p1b: Rotom\n|-damage|p1b: Rotom|74/100\n|\n|-weather|Snowscape|[upkeep]\n|-heal|p2b: Archaludon|55/100|[from] item: Leftovers\n|upkeep\n|\n|t:|1776550343\n|switch|p1a: Incineroar|Incineroar, L50, M|100/100\n|-ability|p1a: Incineroar|Intimidate|boost\n|-unboost|p2b: Archaludon|atk|1\n|turn|7\n|\n|t:|1776550351\n|move|p2b: Archaludon|Protect|p2b: Archaludon\n|-singleturn|p2b: Archaludon|Protect\n|move|p1b: Rotom|Blizzard|p2b: Archaludon\n|-activate|p2b: Archaludon|move: Protect\n|move|p1a: Incineroar|Parting Shot|p2b: Archaludon\n|-activate|p2b: Archaludon|move: Protect\n|\n|-weather|Snowscape|[upkeep]\n|-heal|p2b: Archaludon|61/100|[from] item: Leftovers\n|upkeep\n|turn|8\n|\n|t:|1776550368\n|move|p1b: Rotom|Blizzard|p2b: Archaludon\n|-damage|p2b: Archaludon|16/100\n|-ability|p2b: Archaludon|Stamina|boost\n|-boost|p2b: Archaludon|def|1\n|move|p1a: Incineroar|Parting Shot|p2b: Archaludon\n|-unboost|p2b: Archaludon|atk|1\n|-unboost|p2b: Archaludon|spa|1\n|move|p2b: Archaludon|Draco Meteor|p1a: Incineroar\n|-damage|p1a: Incineroar|79/100\n|-unboost|p2b: Archaludon|spa|2\n|\n|-weather|Snowscape|[upkeep]\n|-heal|p2b: Archaludon|22/100|[from] item: Leftovers\n|upkeep\n|turn|9\n|\n|t:|1776550386\n|move|p2b: Archaludon|Protect|p2b: Archaludon\n|-singleturn|p2b: Archaludon|Protect\n|move|p1b: Rotom|Blizzard|p2b: Archaludon\n|-activate|p2b: Archaludon|move: Protect\n|move|p1a: Incineroar|Parting Shot|p2b: Archaludon\n|-activate|p2b: Archaludon|move: Protect\n|\n|-weather|Snowscape|[upkeep]\n|-heal|p2b: Archaludon|28/100|[from] item: Leftovers\n|upkeep\n|turn|10\n|\n|t:|1776550400\n|move|p1b: Rotom|Blizzard|p2b: Archaludon\n|-damage|p2b: Archaludon|0 fnt\n|faint|p2b: Archaludon\n|\n|win|aLOIxUhh\n|raw|aLOIxUhh's rating: 1139 &rarr; <strong>1163</strong><br />(+24 for winning)\n|raw|Jeazoal's rating: 1124 &rarr; <strong>1100</strong><br />(-24 for losing)\n|l|\u2606aLOIxUhh\n|player|p1|\n",
  "uploadtime": 1776550598,
  "views": 17,
  "formatid": "gen9championsvgc2026regma",
  "rating": 1100,
  "private": 0,
  "password": null
}