{
  "id": "gen9championsvgc2026regma-2586197647",
  "format": "[Gen 9 Champions] VGC 2026 Reg M-A",
  "players": [
    "BundleMySon",
    "OctarineFire"
  ],
  "log": "|j|\u2606BundleMySon\n|j|\u2606OctarineFire\n|t:|1776411291\n|gametype|doubles\n|player|p1|BundleMySon|169|1375\n|player|p2|OctarineFire|lass-gen4|1442\n|gen|9\n|tier|[Gen 9 Champions] VGC 2026 Reg M-A\n|rated|\n|rule|Species Clause: Limit one of each Pok\u00e9mon\n|rule|Item Clause: Limit 1 of each item\n|clearpoke\n|poke|p1|Charizard, L50, F|\n|poke|p1|Whimsicott, L50, M|\n|poke|p1|Milotic, L50, M|\n|poke|p1|Sinistcha, L50|\n|poke|p1|Ninetales-Alola, L50, M|\n|poke|p1|Gliscor, L50, F|\n|poke|p2|Incineroar, L50, F|\n|poke|p2|Farigiraf, L50, M|\n|poke|p2|Primarina, L50, F|\n|poke|p2|Tyranitar, L50, F|\n|poke|p2|Venusaur, L50, F|\n|poke|p2|Machamp, L50, F|\n|teampreview|4\n|inactive|Battle timer is ON: inactive players will automatically lose when time's up. (requested by OctarineFire)\n|inactive|BundleMySon also wants the timer to be on.\nOctarineFire rejected open team sheets.\n|inactive|BundleMySon has 60 seconds left.\n|\n|t:|1776411324\n|teamsize|p1|4\n|teamsize|p2|4\n|start\n|switch|p1a: Milotic|Milotic, L50, M|100/100\n|switch|p1b: Sinistcha|Sinistcha, L50|100/100\n|switch|p2a: Farigiraf|Farigiraf, L50, M|100/100\n|switch|p2b: Primarina|Primarina, L50, F|100/100\n|turn|1\n|\n|t:|1776411335\n|move|p1a: Milotic|Scald|p2a: Farigiraf\n|-crit|p2a: Farigiraf\n|-damage|p2a: Farigiraf|50/100\n|move|p1b: Sinistcha|Matcha Gotcha|p2a: Farigiraf|[spread] p2a,p2b\n|-supereffective|p2b: Primarina|1\n|-damage|p2a: Farigiraf|23/100\n|-damage|p2b: Primarina|61/100\n|move|p2b: Primarina|Ice Beam|p1b: Sinistcha\n|-supereffective|p1b: Sinistcha|1\n|-damage|p1b: Sinistcha|32/100\n|-status|p1b: Sinistcha|frz\n|move|p2a: Farigiraf|Trick Room|p2a: Farigiraf\n|-fieldstart|move: Trick Room|[of] p2a: Farigiraf\n|\n|upkeep\n|turn|2\n|\n|t:|1776411360\n|move|p2b: Primarina|Moonblast|p1a: Milotic\n|-damage|p1a: Milotic|58/100\n|move|p2a: Farigiraf|Hyper Voice|p1a: Milotic|[spread] p1a\n|-immune|p1b: Sinistcha\n|-damage|p1a: Milotic|30/100\n|-curestatus|p1b: Sinistcha|frz|[from] move: Matcha Gotcha\n|move|p1b: Sinistcha|Matcha Gotcha|p2a: Farigiraf|[spread] p2a,p2b\n|-supereffective|p2b: Primarina|1\n|-damage|p2a: Farigiraf|0 fnt\n|-heal|p1b: Sinistcha|47/100|[from] drain|[of] p2a: Farigiraf\n|-damage|p2b: Primarina|19/100\n|-heal|p1b: Sinistcha|68/100|[from] drain|[of] p2b: Primarina\n|-status|p2b: Primarina|brn\n|-enditem|p2b: Primarina|Sitrus Berry|[eat]\n|-heal|p2b: Primarina|44/100 brn|[from] item: Sitrus Berry\n|faint|p2a: Farigiraf\n|move|p1a: Milotic|Scald|p2b: Primarina\n|-resisted|p2b: Primarina|1\n|-damage|p2b: Primarina|29/100 brn\n|\n|-heal|p1a: Milotic|36/100|[from] item: Leftovers\n|-damage|p2b: Primarina|23/100 brn|[from] brn\n|upkeep\n|inactive|OctarineFire has 30 seconds left.\n|\n|t:|1776411385\n|switch|p2a: Tyranitar|Tyranitar, L50, F|100/100\n|-weather|Sandstorm|[from] ability: Sand Stream|[of] p2a: Tyranitar\n|turn|3\n|\n|t:|1776411397\n|move|p2b: Primarina|Moonblast|p1a: Milotic\n|-damage|p1a: Milotic|0 fnt\n|faint|p1a: Milotic\n|move|p2a: Tyranitar|Knock Off|p1b: Sinistcha\n|-supereffective|p1b: Sinistcha|1\n|-enditem|p1b: Sinistcha|Colbur Berry|[eat]\n|-enditem|p1b: Sinistcha|Colbur Berry|[weaken]\n|-damage|p1b: Sinistcha|21/100\n|move|p1b: Sinistcha|Matcha Gotcha|p2a: Tyranitar|[spread] p2a,p2b\n|-supereffective|p2a: Tyranitar|1\n|-supereffective|p2b: Primarina|1\n|-damage|p2a: Tyranitar|70/100\n|-heal|p1b: Sinistcha|38/100|[from] drain|[of] p2a: Tyranitar\n|-damage|p2b: Primarina|0 fnt\n|-heal|p1b: Sinistcha|50/100|[from] drain|[of] p2b: Primarina\n|faint|p2b: Primarina\n|\n|-weather|Sandstorm|[upkeep]\n|-damage|p1b: Sinistcha|44/100|[from] Sandstorm\n|upkeep\n|\n|t:|1776411415\n|switch|p2b: Incineroar|Incineroar, L50, F|100/100\n|switch|p1a: Gliscor|Gliscor, L50, F|100/100\n|-ability|p2b: Incineroar|Intimidate|boost\n|-fail|p1a: Gliscor|unboost|Attack|[from] ability: Hyper Cutter|[of] p1a: Gliscor\n|-unboost|p1b: Sinistcha|atk|1\n|turn|4\n|\n|t:|1776411436\n|move|p2b: Incineroar|Flare Blitz|p1b: Sinistcha\n|-supereffective|p1b: Sinistcha|1\n|-damage|p1b: Sinistcha|0 fnt\n|faint|p1b: Sinistcha\n|-damage|p2b: Incineroar|88/100|[from] Recoil\n|move|p2a: Tyranitar|Rock Slide|p1a: Gliscor\n|-damage|p1a: Gliscor|64/100\n|move|p1a: Gliscor|Breaking Swipe|p2b: Incineroar|[spread] p2a,p2b\n|-damage|p2a: Tyranitar|61/100\n|-damage|p2b: Incineroar|76/100\n|-unboost|p2a: Tyranitar|atk|1\n|-unboost|p2b: Incineroar|atk|1\n|\n|-weather|Sandstorm|[upkeep]\n|-damage|p2b: Incineroar|70/100|[from] Sandstorm\n|upkeep\n|\n|t:|1776411441\n|switch|p1b: Charizard|Charizard, L50, F|100/100\n|turn|5\n|\n|t:|1776411463\n|move|p2a: Tyranitar|Protect|p2a: Tyranitar\n|-singleturn|p2a: Tyranitar|Protect\n|move|p1b: Charizard|Protect|p1b: Charizard\n|-singleturn|p1b: Charizard|Protect\n|move|p2b: Incineroar|Flare Blitz|p1a: Gliscor\n|-damage|p1a: Gliscor|24/100\n|-enditem|p1a: Gliscor|Sitrus Berry|[eat]\n|-heal|p1a: Gliscor|48/100|[from] item: Sitrus Berry\n|-damage|p2b: Incineroar|58/100|[from] Recoil\n|move|p1a: Gliscor|High Horsepower|p2a: Tyranitar\n|-activate|p2a: Tyranitar|move: Protect\n|\n|-weather|Sandstorm|[upkeep]\n|-damage|p2b: Incineroar|52/100|[from] Sandstorm\n|-damage|p1b: Charizard|95/100|[from] Sandstorm\n|-fieldend|move: Trick Room\n|upkeep\n|turn|6\n|\n|t:|1776411486\n|detailschange|p1b: Charizard|Charizard-Mega-X, L50, F\n|-mega|p1b: Charizard|Charizard|Charizardite X\n|detailschange|p2a: Tyranitar|Tyranitar-Mega, L50, F\n|-mega|p2a: Tyranitar|Tyranitar|Tyranitarite\n|move|p1a: Gliscor|High Horsepower|p2a: Tyranitar\n|-supereffective|p2a: Tyranitar|1\n|-damage|p2a: Tyranitar|18/100\n|move|p1b: Charizard|Dragon Claw|p2a: Tyranitar\n|-damage|p2a: Tyranitar|0 fnt\n|faint|p2a: Tyranitar\n|move|p2b: Incineroar|Flare Blitz|p1a: Gliscor\n|-damage|p1a: Gliscor|7/100\n|-damage|p2b: Incineroar|40/100|[from] Recoil\n|\n|-weather|Sandstorm|[upkeep]\n|-damage|p1b: Charizard|89/100|[from] Sandstorm\n|-damage|p2b: Incineroar|34/100|[from] Sandstorm\n|upkeep\n|turn|7\n|\n|t:|1776411504\n|move|p1a: Gliscor|High Horsepower|p2b: Incineroar\n|-supereffective|p2b: Incineroar|1\n|-damage|p2b: Incineroar|0 fnt\n|faint|p2b: Incineroar\n|\n|win|BundleMySon\n|raw|BundleMySon's rating: 1375 &rarr; <strong>1399</strong><br />(+24 for winning)\n|raw|OctarineFire's rating: 1442 &rarr; <strong>1418</strong><br />(-24 for losing)\n|l|\u2606OctarineFire\n|player|p2|\n",
  "uploadtime": 1776411512,
  "views": 48,
  "formatid": "gen9championsvgc2026regma",
  "rating": 1399,
  "private": 0,
  "password": null
}