{
  "id": "gen9championsvgc2026regma-2580417632",
  "format": "[Gen 9 Champions] VGC 2026 Reg M-A",
  "players": [
    "lilyflows",
    "dnkmnk"
  ],
  "log": "|j|\u2606lilyflows\n|j|\u2606dnkmnk\n|t:|1775893409\n|gametype|doubles\n|player|p1|lilyflows|n|1000\n|player|p2|dnkmnk|pokemonranger-gen4|1075\n|gen|9\n|tier|[Gen 9 Champions] VGC 2026 Reg M-A\n|rated|\n|rule|Species Clause: Limit one of each Pok\u00e9mon\n|rule|Item Clause: Limit 1 of each item\n|clearpoke\n|poke|p1|Floette-Eternal, L50, F|\n|poke|p1|Garchomp, L50, M|\n|poke|p1|Whimsicott, L50, F|\n|poke|p1|Incineroar, L50, F|\n|poke|p1|Corviknight, L50, F|\n|poke|p1|Arcanine, L50, F|\n|poke|p2|Venusaur, L50, M|\n|poke|p2|Tyranitar, L50, F|\n|poke|p2|Excadrill, L50, M|\n|poke|p2|Rotom-Wash, L50|\n|poke|p2|Sinistcha-Masterpiece, L50|\n|poke|p2|Weavile, L50, F|\n|teampreview|4\n|inactive|Battle timer is ON: inactive players will automatically lose when time's up. (requested by lilyflows)\n|c|\u2606lilyflows|gl!\n|inactive|dnkmnk has 60 seconds left.\n|\n|t:|1775893470\n|teamsize|p1|4\n|teamsize|p2|4\n|start\n|switch|p1a: Whimsicott|Whimsicott, L50, F|100/100\n|switch|p1b: Garchomp|Garchomp, L50, M|100/100\n|switch|p2a: Weavile|Weavile, L50, F|100/100\n|switch|p2b: Tyranitar|Tyranitar, L50, F|100/100\n|-ability|p2a: Weavile|Pressure\n|-weather|Sandstorm|[from] ability: Sand Stream|[of] p2b: Tyranitar\n|turn|1\n|\n|t:|1775893488\n|move|p2a: Weavile|Fake Out|p1a: Whimsicott\n|-damage|p1a: Whimsicott|85/100\n|cant|p1a: Whimsicott|flinch\n|move|p1b: Garchomp|Earthquake|p2a: Weavile|[spread] p1a,p2a,p2b\n|-resisted|p1a: Whimsicott|1\n|-supereffective|p2b: Tyranitar|1\n|-crit|p2b: Tyranitar\n|-damage|p1a: Whimsicott|65/100\n|-damage|p2a: Weavile|18/100\n|-damage|p2b: Tyranitar|27/100\n|move|p2b: Tyranitar|Ice Punch|p1b: Garchomp\n|-supereffective|p1b: Garchomp|2\n|-enditem|p1b: Garchomp|Yache Berry|[eat]\n|-enditem|p1b: Garchomp|Yache Berry|[weaken]\n|-damage|p1b: Garchomp|54/100\n|-damage|p2b: Tyranitar|15/100|[from] ability: Rough Skin|[of] p1b: Garchomp\n|\n|-weather|Sandstorm|[upkeep]\n|-damage|p2a: Weavile|12/100|[from] Sandstorm\n|-damage|p1a: Whimsicott|59/100|[from] Sandstorm\n|-heal|p2b: Tyranitar|21/100|[from] item: Leftovers\n|upkeep\n|turn|2\n|inactive|dnkmnk has 30 seconds left.\n|inactive|lilyflows has 30 seconds left.\n|inactive|dnkmnk has 20 seconds left.\n|inactive|dnkmnk has 15 seconds left.\n|\n|t:|1775893529\n|move|p1a: Whimsicott|Tailwind|p1a: Whimsicott\n|-sidestart|p1: lilyflows|move: Tailwind\n|move|p1b: Garchomp|Earthquake|p2b: Tyranitar|[spread] p1a,p2a,p2b\n|-resisted|p1a: Whimsicott|1\n|-supereffective|p2b: Tyranitar|1\n|-damage|p1a: Whimsicott|40/100\n|-damage|p2a: Weavile|0 fnt\n|-damage|p2b: Tyranitar|0 fnt\n|faint|p2a: Weavile\n|faint|p2b: Tyranitar\n|\n|-weather|Sandstorm|[upkeep]\n|-damage|p1a: Whimsicott|34/100|[from] Sandstorm\n|upkeep\n|\n|t:|1775893541\n|switch|p2a: Venusaur|Venusaur, L50, M|100/100\n|switch|p2b: Excadrill|Excadrill, L50, M|100/100\n|turn|3\n|\n|t:|1775893561\n|detailschange|p2a: Venusaur|Venusaur-Mega, L50, M\n|-mega|p2a: Venusaur|Venusaur|Venusaurite\n|move|p2b: Excadrill|Protect|p2b: Excadrill\n|-singleturn|p2b: Excadrill|Protect\n|move|p1b: Garchomp|Stealth Rock|p2b: Excadrill\n|-sidestart|p2: dnkmnk|move: Stealth Rock\n|move|p1a: Whimsicott|Giga Drain|p2b: Excadrill\n|-activate|p2b: Excadrill|move: Protect\n|move|p2a: Venusaur|Sludge Wave|p1a: Whimsicott|[spread] p1a,p1b\n|-activate|p2b: Excadrill|move: Protect\n|-supereffective|p1a: Whimsicott|2\n|-resisted|p1b: Garchomp|1\n|-damage|p1a: Whimsicott|0 fnt\n|-damage|p1b: Garchomp|38/100\n|faint|p1a: Whimsicott\n|\n|-weather|Sandstorm|[upkeep]\n|-damage|p2a: Venusaur|95/100|[from] Sandstorm\n|upkeep\n|\n|t:|1775893574\n|switch|p1a: Incineroar|Incineroar, L50, F|100/100\n|-ability|p1a: Incineroar|Intimidate|boost\n|-unboost|p2a: Venusaur|atk|1\n|-unboost|p2b: Excadrill|atk|1\n|turn|4\n|inactive|lilyflows has 30 seconds left.\n|\n|t:|1775893601\n|move|p1a: Incineroar|Fake Out|p2a: Venusaur\n|-damage|p2a: Venusaur|84/100\n|move|p1b: Garchomp|Earthquake|p2a: Venusaur|[spread] p1a,p2a,p2b\n|-supereffective|p1a: Incineroar|1\n|-supereffective|p2b: Excadrill|1\n|-damage|p1a: Incineroar|5/100\n|-damage|p2a: Venusaur|58/100\n|-enditem|p2b: Excadrill|Focus Sash\n|-damage|p2b: Excadrill|1/100\n|move|p2b: Excadrill|High Horsepower|p1a: Incineroar\n|-supereffective|p1a: Incineroar|1\n|-damage|p1a: Incineroar|0 fnt\n|faint|p1a: Incineroar\n|cant|p2a: Venusaur|flinch\n|\n|-weather|Sandstorm|[upkeep]\n|-damage|p2a: Venusaur|52/100|[from] Sandstorm\n|upkeep\n|\n|t:|1775893613\n|switch|p1a: Floette|Floette-Eternal, L50, F|100/100\n|turn|5\n|\n|t:|1775893627\n|detailschange|p1a: Floette|Floette-Mega, L50, F\n|-mega|p1a: Floette|Floette|Floettite\n|-ability|p1a: Floette|Fairy Aura\n|move|p2b: Excadrill|Protect|p2b: Excadrill\n|-singleturn|p2b: Excadrill|Protect\n|move|p2a: Venusaur|Protect|p2a: Venusaur\n|-singleturn|p2a: Venusaur|Protect\n|move|p1b: Garchomp|Dragon Claw|p2b: Excadrill\n|-activate|p2b: Excadrill|move: Protect\n|move|p1a: Floette|Psychic|p2a: Venusaur\n|-activate|p2a: Venusaur|move: Protect\n|\n|-weather|none\n|-sideend|p1: lilyflows|move: Tailwind\n|upkeep\n|turn|6\n|inactive|dnkmnk has 30 seconds left.\n|\n|t:|1775893653\n|move|p1a: Floette|Psychic|p2a: Venusaur\n|-supereffective|p2a: Venusaur|1\n|-damage|p2a: Venusaur|4/100\n|move|p1b: Garchomp|Dragon Claw|p2b: Excadrill\n|-resisted|p2b: Excadrill|1\n|-damage|p2b: Excadrill|0 fnt\n|faint|p2b: Excadrill\n|move|p2a: Venusaur|Sludge Wave|p1b: Garchomp|[spread] p1a,p1b\n|-supereffective|p1a: Floette|1\n|-resisted|p1b: Garchomp|1\n|-damage|p1a: Floette|53/100\n|-damage|p1b: Garchomp|23/100\n|\n|upkeep\n|turn|7\n|\n|t:|1775893668\n|move|p1a: Floette|Psychic|p2a: Venusaur\n|-supereffective|p2a: Venusaur|1\n|-damage|p2a: Venusaur|0 fnt\n|faint|p2a: Venusaur\n|\n|win|lilyflows\n|raw|lilyflows's rating: 1000 &rarr; <strong>1049</strong><br />(+49 for winning)\n|raw|dnkmnk's rating: 1075 &rarr; <strong>1049</strong><br />(-26 for losing)\n|l|\u2606dnkmnk\n|player|p2|\n|c|\u2606lilyflows|gg!\n",
  "uploadtime": 1775893678,
  "views": 13,
  "formatid": "gen9championsvgc2026regma",
  "rating": 1049,
  "private": 0,
  "password": null
}