{
  "id": "gen9championsvgc2026regma-2586685729",
  "format": "[Gen 9 Champions] VGC 2026 Reg M-A",
  "players": [
    "Xernos123",
    "TalesOfXanthar"
  ],
  "log": "|j|\u2606Xernos123\n|j|\u203dTalesOfXanthar\n|t:|1776452096\n|gametype|doubles\n|player|p1|Xernos123|1|1093\n|player|p2|TalesOfXanthar|170|1011\n|gen|9\n|tier|[Gen 9 Champions] VGC 2026 Reg M-A\n|rated|\n|rule|Species Clause: Limit one of each Pok\u00e9mon\n|rule|Item Clause: Limit 1 of each item\n|clearpoke\n|poke|p1|Incineroar, L50, F|\n|poke|p1|Whimsicott, L50, M|\n|poke|p1|Floette-Eternal, L50, F|\n|poke|p1|Runerigus, L50, M|\n|poke|p1|Aerodactyl, L50, F|\n|poke|p1|Primarina, L50, F|\n|poke|p2|Appletun, L50, M|\n|poke|p2|Floette-Eternal, L50, F|\n|poke|p2|Runerigus, L50, F|\n|poke|p2|Sinistcha-Masterpiece, L50|\n|poke|p2|Araquanid, L50, F|\n|poke|p2|Golurk, L50|\n|teampreview|4\n|inactive|Battle timer is ON: inactive players will automatically lose when time's up. (requested by Xernos123)\nXernos123 rejected open team sheets.\n|\n|t:|1776452126\n|teamsize|p1|4\n|teamsize|p2|4\n|start\n|switch|p1a: Incineroar|Incineroar, L50, F|100/100\n|switch|p1b: Primarina|Primarina, L50, F|100/100\n|switch|p2a: Araquanid|Araquanid, L50, F|100/100\n|switch|p2b: Runerigus|Runerigus, L50, F|100/100\n|-ability|p1a: Incineroar|Intimidate|boost\n|-unboost|p2a: Araquanid|atk|1\n|-unboost|p2b: Runerigus|atk|1\n|turn|1\n|\n|t:|1776452144\n|move|p1a: Incineroar|Parting Shot|p2a: Araquanid\n|-unboost|p2a: Araquanid|atk|1\n|-unboost|p2a: Araquanid|spa|1\n|\n|t:|1776452149\n|switch|p1a: Floette|Floette-Eternal, L50, F|100/100|[from] Parting Shot\n|move|p1b: Primarina|Hyper Voice|p2a: Araquanid|[spread] p2a,p2b\n|-resisted|p2a: Araquanid|1\n|-supereffective|p2b: Runerigus|1\n|-damage|p2a: Araquanid|87/100\n|-damage|p2b: Runerigus|34/100\n|move|p2a: Araquanid|Poison Jab|p1b: Primarina\n|-supereffective|p1b: Primarina|1\n|-damage|p1b: Primarina|70/100\n|-status|p1b: Primarina|psn\n|move|p2b: Runerigus|Trick Room|p2b: Runerigus\n|-fieldstart|move: Trick Room|[of] p2b: Runerigus\n|\n|-heal|p1b: Primarina|76/100 psn|[from] item: Leftovers\n|-damage|p1b: Primarina|64/100 psn|[from] psn\n|upkeep\n|turn|2\n|inactive|TalesOfXanthar has 30 seconds left.\n|\n|t:|1776452182\n|detailschange|p1a: Floette|Floette-Mega, L50, F\n|-mega|p1a: Floette|Floette|Floettite\n|-ability|p1a: Floette|Fairy Aura\n|move|p2b: Runerigus|Memento|p1a: Floette\n|-unboost|p1a: Floette|atk|2\n|-unboost|p1a: Floette|spa|2\n|faint|p2b: Runerigus\n|move|p2a: Araquanid|Poison Jab|p1a: Floette\n|-supereffective|p1a: Floette|1\n|-damage|p1a: Floette|73/100\n|move|p1b: Primarina|Hyper Voice|p2a: Araquanid\n|-resisted|p2a: Araquanid|1\n|-damage|p2a: Araquanid|67/100\n|move|p1a: Floette|Dazzling Gleam|p2a: Araquanid\n|-damage|p2a: Araquanid|41/100\n|\n|-heal|p1b: Primarina|69/100 psn|[from] item: Leftovers\n|-damage|p1b: Primarina|57/100 psn|[from] psn\n|upkeep\n|\n|t:|1776452198\n|switch|p2b: Sinistcha|Sinistcha-Masterpiece, L50|100/100\n|-heal|p2a: Araquanid|66/100|[from] ability: Hospitality|[of] p2b: Sinistcha\n|turn|3\n|inactive|TalesOfXanthar has 30 seconds left.\n|\n|t:|1776452229\n|switch|p1a: Incineroar|Incineroar, L50, F|100/100\n|-ability|p1a: Incineroar|Intimidate|boost\n|-unboost|p2a: Araquanid|atk|1\n|-unboost|p2b: Sinistcha|atk|1\n|move|p2b: Sinistcha|Rage Powder|p2b: Sinistcha\n|-singleturn|p2b: Sinistcha|move: Rage Powder\n|move|p2a: Araquanid|Waterfall|p1a: Incineroar\n|-supereffective|p1a: Incineroar|1\n|-damage|p1a: Incineroar|50/100\n|-enditem|p1a: Incineroar|Sitrus Berry|[eat]\n|-heal|p1a: Incineroar|75/100|[from] item: Sitrus Berry\n|move|p1b: Primarina|Life Dew|p1b: Primarina|[spread] p1a,p1b\n|-heal|p1a: Incineroar|99/100\n|-heal|p1b: Primarina|82/100 psn\n|\n|-heal|p1b: Primarina|88/100 psn|[from] item: Leftovers\n|-damage|p1b: Primarina|76/100 psn|[from] psn\n|upkeep\n|turn|4\n|inactive|TalesOfXanthar has 30 seconds left.\n|\n|t:|1776452261\n|switch|p2a: Appletun|Appletun, L50, M|100/100\n|move|p1a: Incineroar|Fake Out|p2a: Appletun\n|-damage|p2a: Appletun|90/100\n|move|p1b: Primarina|Encore|p2b: Sinistcha\n|-start|p2b: Sinistcha|Encore\n|move|p2b: Sinistcha|Rage Powder|p2b: Sinistcha\n|-singleturn|p2b: Sinistcha|move: Rage Powder\n|\n|-heal|p1b: Primarina|81/100 psn|[from] item: Leftovers\n|-damage|p1b: Primarina|69/100 psn|[from] psn\n|upkeep\n|turn|5\n|\n|t:|1776452276\n|move|p2b: Sinistcha|Rage Powder|p2b: Sinistcha\n|-singleturn|p2b: Sinistcha|move: Rage Powder\n|move|p2a: Appletun|Substitute|p2a: Appletun\n|-start|p2a: Appletun|Substitute\n|-damage|p2a: Appletun|65/100\n|move|p1b: Primarina|Moonblast|p2b: Sinistcha\n|-damage|p2b: Sinistcha|53/100\n|move|p1a: Incineroar|Flare Blitz|p2b: Sinistcha\n|-supereffective|p2b: Sinistcha|1\n|-damage|p2b: Sinistcha|0 fnt\n|faint|p2b: Sinistcha\n|-damage|p1a: Incineroar|85/100|[from] Recoil\n|\n|-heal|p1b: Primarina|75/100 psn|[from] item: Leftovers\n|-damage|p1b: Primarina|63/100 psn|[from] psn\n|-fieldend|move: Trick Room\n|upkeep\n|\n|t:|1776452289\n|switch|p2b: Araquanid|Araquanid, L50, F|66/100\n|turn|6\n|\n|t:|1776452296\n|move|p1b: Primarina|Encore|p2a: Appletun\n|-start|p2a: Appletun|Encore\n|move|p1a: Incineroar|Flare Blitz|p2b: Araquanid\n|-crit|p2b: Araquanid\n|-damage|p2b: Araquanid|29/100\n|-damage|p1a: Incineroar|74/100|[from] Recoil\n|move|p2b: Araquanid|Poison Jab|p1a: Incineroar\n|-damage|p1a: Incineroar|53/100\n|move|p2a: Appletun|Substitute|p2a: Appletun\n|-fail|p2a: Appletun|move: Substitute\n|\n|-heal|p1b: Primarina|69/100 psn|[from] item: Leftovers\n|-damage|p1b: Primarina|57/100 psn|[from] psn\n|upkeep\n|turn|7\n|\n|t:|1776452313\n|move|p1a: Incineroar|Flare Blitz|p2b: Araquanid\n|-damage|p2b: Araquanid|3/100\n|-damage|p1a: Incineroar|46/100|[from] Recoil\n|move|p1b: Primarina|Life Dew|p1b: Primarina|[spread] p1a,p1b\n|-heal|p1a: Incineroar|71/100\n|-heal|p1b: Primarina|81/100 psn\n|move|p2b: Araquanid|Waterfall|p1a: Incineroar\n|-supereffective|p1a: Incineroar|1\n|-damage|p1a: Incineroar|0 fnt\n|faint|p1a: Incineroar\n|move|p2a: Appletun|Substitute|p2a: Appletun\n|-fail|p2a: Appletun|move: Substitute\n|\n|-heal|p1b: Primarina|87/100 psn|[from] item: Leftovers\n|-damage|p1b: Primarina|75/100 psn|[from] psn\n|upkeep\n|\n|t:|1776452323\n|switch|p1a: Floette|Floette-Mega, L50, F|73/100\n|-ability|p1a: Floette|Fairy Aura\n|turn|8\n|\n|t:|1776452337\n|move|p1a: Floette|Dazzling Gleam|p2a: Appletun|[spread] p2a,p2b\n|-supereffective|p2a: Appletun|1\n|-end|p2a: Appletun|Substitute\n|-damage|p2b: Araquanid|0 fnt\n|faint|p2b: Araquanid\n|move|p1b: Primarina|Life Dew|p1b: Primarina|[spread] p1a,p1b\n|-heal|p1a: Floette|98/100\n|-heal|p1b: Primarina|99/100 psn\n|move|p2a: Appletun|Substitute|p2a: Appletun\n|-start|p2a: Appletun|Substitute\n|-damage|p2a: Appletun|41/100\n|-activate|p2a: Appletun|ability: Ripen\n|-enditem|p2a: Appletun|Sitrus Berry|[eat]\n|-heal|p2a: Appletun|90/100|[from] item: Sitrus Berry\n|\n|-heal|p1b: Primarina|100/100 psn|[from] item: Leftovers\n|-damage|p1b: Primarina|88/100 psn|[from] psn\n|-end|p2a: Appletun|Encore\n|upkeep\n|turn|9\n|\n|t:|1776452355\n|move|p1a: Floette|Moonblast|p2a: Appletun\n|-supereffective|p2a: Appletun|1\n|-end|p2a: Appletun|Substitute\n|move|p1b: Primarina|Encore|p2a: Appletun\n|-start|p2a: Appletun|Encore\n|move|p2a: Appletun|Substitute|p2a: Appletun\n|-start|p2a: Appletun|Substitute\n|-damage|p2a: Appletun|65/100\n|\n|-heal|p1b: Primarina|94/100 psn|[from] item: Leftovers\n|-damage|p1b: Primarina|82/100 psn|[from] psn\n|upkeep\n|turn|10\n|\n|t:|1776452365\n|move|p1a: Floette|Moonblast|p2a: Appletun\n|-supereffective|p2a: Appletun|1\n|-end|p2a: Appletun|Substitute\n|move|p1b: Primarina|Moonblast|p2a: Appletun\n|-supereffective|p2a: Appletun|1\n|-damage|p2a: Appletun|0 fnt\n|faint|p2a: Appletun\n|\n|win|Xernos123\n|raw|Xernos123's rating: 1093 &rarr; <strong>1113</strong><br />(+20 for winning)\n|raw|TalesOfXanthar's rating: 1011 &rarr; <strong>1002</strong><br />(-9 for losing)\n",
  "uploadtime": 1776452370,
  "views": 26,
  "formatid": "gen9championsvgc2026regma",
  "rating": 1002,
  "private": 0,
  "password": null
}