{
  "id": "gen9championsvgc2026regma-2584650540",
  "format": "[Gen 9 Champions] VGC 2026 Reg M-A",
  "players": [
    "snowbeast138",
    "Fizzayyy"
  ],
  "log": "|j|\u2606snowbeast138\n|j|\u2606Fizzayyy\n|t:|1776274472\n|gametype|doubles\n|player|p1|snowbeast138|2|1105\n|player|p2|Fizzayyy|169|1143\n|gen|9\n|tier|[Gen 9 Champions] VGC 2026 Reg M-A\n|rated|\n|rule|Species Clause: Limit one of each Pok\u00e9mon\n|rule|Item Clause: Limit 1 of each item\n|clearpoke\n|poke|p1|Dragonite, L50, M|\n|poke|p1|Incineroar, L50, M|\n|poke|p1|Gyarados, L50, F|\n|poke|p1|Rotom-Wash, L50|\n|poke|p1|Politoed, L50, M|\n|poke|p1|Archaludon, L50, F|\n|poke|p2|Incineroar, L50, F|\n|poke|p2|Dragapult, L50, M|\n|poke|p2|Palafin, L50, F|\n|poke|p2|Froslass, L50, F|\n|poke|p2|Sinistcha-Masterpiece, L50|\n|poke|p2|Kommo-o, L50, F|\n|teampreview|4\n|inactive|Battle timer is ON: inactive players will automatically lose when time's up. (requested by Fizzayyy)\n|\n|t:|1776274500\n|teamsize|p1|4\n|teamsize|p2|4\n|start\n|switch|p1a: Incineroar|Incineroar, L50, M|100/100\n|switch|p1b: Rotom|Rotom-Wash, L50|100/100\n|switch|p2a: Incineroar|Incineroar, L50, F|100/100\n|switch|p2b: Kommo-o|Kommo-o, L50, F|100/100\n|-ability|p1a: Incineroar|Intimidate|boost\n|-unboost|p2a: Incineroar|atk|1\n|-unboost|p2b: Kommo-o|atk|1\n|-ability|p2a: Incineroar|Intimidate|boost\n|-unboost|p1a: Incineroar|atk|1\n|-unboost|p1b: Rotom|atk|1\n|turn|1\n|inactive|snowbeast138 has 30 seconds left.\n|inactive|snowbeast138 has 20 seconds left.\n|inactive|snowbeast138 has 15 seconds left.\n|-activate|p1a: Incineroar|item: Quick Claw\n|\n|t:|1776274542\n|move|p1a: Incineroar|Fake Out|p2b: Kommo-o\n|-damage|p2b: Kommo-o|94/100\n|move|p2a: Incineroar|Fake Out|p1b: Rotom\n|-damage|p1b: Rotom|91/100\n|cant|p2b: Kommo-o|flinch\n|cant|p1b: Rotom|flinch\n|\n|upkeep\n|turn|2\n|inactive|Fizzayyy has 30 seconds left.\n|\n|t:|1776274569\n|move|p2b: Kommo-o|Aura Sphere|p1a: Incineroar\n|-supereffective|p1a: Incineroar|1\n|-damage|p1a: Incineroar|26/100\n|move|p1a: Incineroar|Parting Shot|p2b: Kommo-o\n|-unboost|p2b: Kommo-o|atk|1\n|-unboost|p2b: Kommo-o|spa|1\n|\n|t:|1776274583\n|switch|p1a: Dragonite|Dragonite, L50, M|100/100|[from] Parting Shot\n|move|p1b: Rotom|Will-O-Wisp|p2b: Kommo-o\n|-status|p2b: Kommo-o|brn\n|move|p2a: Incineroar|Parting Shot|p1a: Dragonite\n|-unboost|p1a: Dragonite|atk|1\n|-unboost|p1a: Dragonite|spa|1\n|\n|t:|1776274593\n|switch|p2a: Froslass|Froslass, L50, F|100/100|[from] Parting Shot\n|\n|-damage|p2b: Kommo-o|88/100 brn|[from] brn\n|upkeep\n|turn|3\n|\n|t:|1776274607\n|switch|p1a: Archaludon|Archaludon, L50, F|100/100\n|detailschange|p2a: Froslass|Froslass-Mega, L50, F\n|-mega|p2a: Froslass|Froslass|Froslassite\n|-weather|Snowscape|[from] ability: Snow Warning|[of] p2a: Froslass\n|move|p2a: Froslass|Blizzard|p1a: Archaludon|[spread] p1a,p1b\n|-resisted|p1b: Rotom|1\n|-damage|p1a: Archaludon|46/100\n|-damage|p1b: Rotom|67/100\n|-status|p1b: Rotom|frz\n|-ability|p1a: Archaludon|Stamina|boost\n|-boost|p1a: Archaludon|def|1\n|move|p2b: Kommo-o|Clangorous Soul|p2b: Kommo-o\n|-boost|p2b: Kommo-o|atk|1\n|-boost|p2b: Kommo-o|def|1\n|-boost|p2b: Kommo-o|spa|1\n|-boost|p2b: Kommo-o|spd|1\n|-boost|p2b: Kommo-o|spe|1\n|-damage|p2b: Kommo-o|55/100 brn\n|cant|p1b: Rotom|frz\n|\n|-weather|Snowscape|[upkeep]\n|-heal|p1a: Archaludon|52/100|[from] item: Leftovers\n|-damage|p2b: Kommo-o|49/100 brn|[from] brn\n|upkeep\n|turn|4\n|inactive|snowbeast138 has 30 seconds left.\n|inactive|Fizzayyy has 30 seconds left.\n|\n|t:|1776274638\n|move|p2b: Kommo-o|Clanging Scales|p1b: Rotom|[spread] p1a,p1b\n|-damage|p1a: Archaludon|10/100\n|-damage|p1b: Rotom|23/100 frz\n|-ability|p1a: Archaludon|Stamina|boost\n|-boost|p1a: Archaludon|def|1\n|-unboost|p2b: Kommo-o|def|1\n|move|p2a: Froslass|Blizzard|p1a: Archaludon|[spread] p1a,p1b\n|-resisted|p1b: Rotom|1\n|-damage|p1a: Archaludon|0 fnt\n|-damage|p1b: Rotom|0 fnt\n|faint|p1a: Archaludon\n|faint|p1b: Rotom\n|\n|-weather|Snowscape|[upkeep]\n|-damage|p2b: Kommo-o|43/100 brn|[from] brn\n|upkeep\n|\n|t:|1776274650\n|switch|p1b: Incineroar|Incineroar, L50, M|26/100\n|switch|p1a: Dragonite|Dragonite, L50, M|100/100\n|-ability|p1b: Incineroar|Intimidate|boost\n|-unboost|p2a: Froslass|atk|1\n|-unboost|p2b: Kommo-o|atk|1\n|turn|5\n|\n|t:|1776274669\n|detailschange|p1a: Dragonite|Dragonite-Mega, L50, M\n|-mega|p1a: Dragonite|Dragonite|Dragoninite\n|move|p2b: Kommo-o|Aura Sphere|p1b: Incineroar\n|-supereffective|p1b: Incineroar|1\n|-crit|p1b: Incineroar\n|-damage|p1b: Incineroar|0 fnt\n|faint|p1b: Incineroar\n|move|p2a: Froslass|Blizzard|p1a: Dragonite\n|-supereffective|p1a: Dragonite|2\n|-damage|p1a: Dragonite|0 fnt\n|faint|p1a: Dragonite\n|\n|win|Fizzayyy\n|raw|snowbeast138's rating: 1105 &rarr; <strong>1083</strong><br />(-22 for losing)\n|raw|Fizzayyy's rating: 1143 &rarr; <strong>1165</strong><br />(+22 for winning)\n|l|\u2606snowbeast138\n|player|p1|\n",
  "uploadtime": 1776274682,
  "views": 33,
  "formatid": "gen9championsvgc2026regma",
  "rating": 1083,
  "private": 0,
  "password": null
}