{
  "id": "gen9championsvgc2026regma-2586889966",
  "format": "[Gen 9 Champions] VGC 2026 Reg M-A",
  "players": [
    "MikeTitan",
    "Runningo"
  ],
  "log": "|j|\u2606MikeTitan\n|j|\u2606Runningo\n|t:|1776468932\n|gametype|doubles\n|player|p1|MikeTitan|blaine|1363\n|player|p2|Runningo|101|1302\n|gen|9\n|tier|[Gen 9 Champions] VGC 2026 Reg M-A\n|rated|\n|rule|Species Clause: Limit one of each Pok\u00e9mon\n|rule|Item Clause: Limit 1 of each item\n|clearpoke\n|poke|p1|Delphox, L50, F|\n|poke|p1|Clefable, L50, F|\n|poke|p1|Basculegion, L50, M|\n|poke|p1|Garchomp, L50, F|\n|poke|p1|Kingambit, L50, M|\n|poke|p1|Sneasler, L50, M|\n|poke|p2|Whimsicott, L50, F|\n|poke|p2|Typhlosion-Hisui, L50, F|\n|poke|p2|Floette-Eternal, L50, F|\n|poke|p2|Tauros-Paldea-Blaze, L50, M|\n|poke|p2|Farigiraf, L50, M|\n|poke|p2|Primarina, L50, M|\n|teampreview|4\n|\n|t:|1776468999\n|teamsize|p1|4\n|teamsize|p2|4\n|start\n|switch|p1a: Delphox|Delphox, L50, F|100/100\n|switch|p1b: Garchomp|Garchomp, L50, F|100/100\n|switch|p2a: Farigiraf|Farigiraf, L50, M|100/100\n|switch|p2b: Primarina|Primarina, L50, M|100/100\n|turn|1\n|\n|t:|1776469011\n|detailschange|p1a: Delphox|Delphox-Mega, L50, F\n|-mega|p1a: Delphox|Delphox|Delphoxite\n|move|p1a: Delphox|Psychic|p2b: Primarina\n|-damage|p2b: Primarina|59/100\n|move|p1b: Garchomp|Earthquake|p2a: Farigiraf|[spread] p2a,p2b\n|-immune|p1a: Delphox|[from] ability: Levitate\n|-damage|p2a: Farigiraf|49/100\n|-damage|p2b: Primarina|0 fnt\n|faint|p2b: Primarina\n|move|p2a: Farigiraf|Trick Room|p2a: Farigiraf\n|-fieldstart|move: Trick Room|[of] p2a: Farigiraf\n|\n|upkeep\n|\n|t:|1776469023\n|switch|p2b: Floette|Floette-Eternal, L50, F|100/100\n|turn|2\n|\n|t:|1776469043\n|detailschange|p2b: Floette|Floette-Mega, L50, F\n|-mega|p2b: Floette|Floette|Floettite\n|-ability|p2b: Floette|Fairy Aura\n|move|p2a: Farigiraf|Helping Hand|p2b: Floette\n|-singleturn|p2b: Floette|Helping Hand|[of] p2a: Farigiraf\n|move|p1b: Garchomp|Protect|p1b: Garchomp\n|-singleturn|p1b: Garchomp|Protect\n|move|p1a: Delphox|Protect|p1a: Delphox\n|-singleturn|p1a: Delphox|Protect\n|move|p2b: Floette|Dazzling Gleam|p1b: Garchomp|[spread] \n|-activate|p1a: Delphox|move: Protect\n|-activate|p1b: Garchomp|move: Protect\n|\n|upkeep\n|turn|3\n|\n|t:|1776469066\n|switch|p1b: Clefable|Clefable, L50, F|100/100\n|move|p2a: Farigiraf|Helping Hand|p2b: Floette\n|-singleturn|p2b: Floette|Helping Hand|[of] p2a: Farigiraf\n|move|p2b: Floette|Dazzling Gleam|p1a: Delphox|[spread] p1a,p1b\n|-resisted|p1a: Delphox|1\n|-damage|p1a: Delphox|69/100\n|-damage|p1b: Clefable|37/100\n|-enditem|p1b: Clefable|Sitrus Berry|[eat]\n|-heal|p1b: Clefable|61/100|[from] item: Sitrus Berry\n|move|p1a: Delphox|Heat Wave|p2a: Farigiraf|[spread] p2a,p2b\n|-damage|p2a: Farigiraf|9/100\n|-damage|p2b: Floette|67/100\n|-status|p2a: Farigiraf|brn\n|\n|-damage|p2a: Farigiraf|3/100 brn|[from] brn\n|upkeep\n|turn|4\n|\n|t:|1776469095\n|switch|p1a: Kingambit|Kingambit, L50, M|100/100\n|move|p1b: Clefable|Protect|p1b: Clefable\n|-singleturn|p1b: Clefable|Protect\n|move|p2a: Farigiraf|Twin Beam|p1b: Clefable\n|-activate|p1b: Clefable|move: Protect\n|move|p2b: Floette|Moonblast|p1b: Clefable\n|-activate|p1b: Clefable|move: Protect\n|\n|-damage|p2a: Farigiraf|0 fnt|[from] brn\n|faint|p2a: Farigiraf\n|upkeep\n|\n|t:|1776469100\n|switch|p2a: Whimsicott|Whimsicott, L50, F|100/100\n|turn|5\n|\n|t:|1776469122\n|move|p2b: Floette|Protect|p2b: Floette\n|-singleturn|p2b: Floette|Protect\n|move|p1a: Kingambit|Kowtow Cleave|p2a: Whimsicott\n|-resisted|p2a: Whimsicott|1\n|-damage|p2a: Whimsicott|65/100\n|move|p1b: Clefable|Moonblast|p2a: Whimsicott\n|-damage|p2a: Whimsicott|0 fnt\n|faint|p2a: Whimsicott\n|\n|-fieldend|move: Trick Room\n|upkeep\n|turn|6\n|-message|Runningo forfeited.\n|\n|win|MikeTitan\n|raw|MikeTitan's rating: 1363 &rarr; <strong>1380</strong><br />(+17 for winning)\n|raw|Runningo's rating: 1302 &rarr; <strong>1285</strong><br />(-17 for losing)\n|l|\u2606Runningo\n|player|p2|\n",
  "uploadtime": 1776469141,
  "views": 42,
  "formatid": "gen9championsvgc2026regma",
  "rating": 1285,
  "private": 0,
  "password": null
}