{
  "id": "gen9championsvgc2026regma-2584645861",
  "format": "[Gen 9 Champions] VGC 2026 Reg M-A",
  "players": [
    "5wamp",
    "scalopocomascalo"
  ],
  "log": "|j|\u26065wamp\n|j|\u2606scalopocomascalo\n|t:|1776274187\n|gametype|doubles\n|player|p1|5wamp|iono-masters|\n|player|p2|scalopocomascalo|iris-gen5bw2|\n|gen|9\n|tier|[Gen 9 Champions] VGC 2026 Reg M-A\n|rated|Tournament battle\n|rule|Species Clause: Limit one of each Pok\u00e9mon\n|rule|Item Clause: Limit 1 of each item\n|raw|<div class=\"infobox\"><details class=\"readmore\" open><summary><strong>1 custom rule:</strong></summary> -urshifu</details></div>\n|clearpoke\n|poke|p1|Floette-Eternal, L50, F|\n|poke|p1|Sneasler, L50, M|\n|poke|p1|Aerodactyl, L50, F|\n|poke|p1|Delphox, L50, F|\n|poke|p1|Garchomp, L50, F|\n|poke|p1|Kingambit, L50, F|\n|poke|p2|Charizard, L50, F|\n|poke|p2|Sneasler, L50, M|\n|poke|p2|Basculegion, L50, M|\n|poke|p2|Garchomp, L50, M|\n|poke|p2|Kingambit, L50, F|\n|poke|p2|Venusaur, L50, F|\n|teampreview|4\n|inactive|Battle timer is ON: inactive players will automatically lose when time's up. (requested by 5wamp)\n|inactive|scalopocomascalo also wants the timer to be on.\n|j| OnToTheOther\n|inactive|scalopocomascalo has 60 seconds left.\n|\n|t:|1776274218\n|teamsize|p1|4\n|teamsize|p2|4\n|start\n|switch|p1a: Aerodactyl|Aerodactyl, L50, F|100/100\n|switch|p1b: Sneasler|Sneasler, L50, M|100/100\n|switch|p2a: Basculegion|Basculegion, L50, M|100/100\n|switch|p2b: Charizard|Charizard, L50, F|100/100\n|-ability|p1a: Aerodactyl|Unnerve\n|turn|1\n|j| AlbannachVGC\n|j| stinkyton\n|l| stinkyton\n|\n|t:|1776274240\n|switch|p1b: Kingambit|Kingambit, L50, F|100/100\n|move|p1a: Aerodactyl|Protect|p1a: Aerodactyl\n|-singleturn|p1a: Aerodactyl|Protect\n|move|p2b: Charizard|Protect|p2b: Charizard\n|-singleturn|p2b: Charizard|Protect\n|move|p2a: Basculegion|Flip Turn|p1a: Aerodactyl\n|-activate|p1a: Aerodactyl|move: Protect\n|\n|upkeep\n|turn|2\n|\n|t:|1776274256\n|switch|p2a: Kingambit|Kingambit, L50, F|100/100\n|detailschange|p2b: Charizard|Charizard-Mega-Y, L50, F\n|-mega|p2b: Charizard|Charizard|Charizardite Y\n|-weather|SunnyDay|[from] ability: Drought|[of] p2b: Charizard\n|move|p1b: Kingambit|Sucker Punch||[still]\n|-fail|p1b: Kingambit\n|move|p1a: Aerodactyl|Tailwind|p1a: Aerodactyl\n|-sidestart|p1: 5wamp|move: Tailwind\n|move|p2b: Charizard|Heat Wave|p1a: Aerodactyl|[spread] p1a,p1b\n|-resisted|p1a: Aerodactyl|1\n|-supereffective|p1b: Kingambit|1\n|-damage|p1a: Aerodactyl|53/100\n|-damage|p1b: Kingambit|0 fnt\n|faint|p1b: Kingambit\n|\n|-weather|SunnyDay|[upkeep]\n|upkeep\n|\n|t:|1776274261\n|switch|p1b: Sneasler|Sneasler, L50, M|100/100\n|turn|3\n|\n|t:|1776274278\n|switch|p2b: Basculegion|Basculegion, L50, M|100/100\n|move|p2a: Kingambit|Protect|p2a: Kingambit\n|-singleturn|p2a: Kingambit|Protect\n|move|p1b: Sneasler|Fake Out|p2a: Kingambit\n|-activate|p2a: Kingambit|move: Protect\n|move|p1a: Aerodactyl|Rock Slide|p2a: Kingambit|[spread] p2b\n|-activate|p2a: Kingambit|move: Protect\n|-damage|p2b: Basculegion|68/100\n|\n|-weather|SunnyDay|[upkeep]\n|upkeep\n|turn|4\n|\n|t:|1776274292\n|detailschange|p1a: Aerodactyl|Aerodactyl-Mega, L50, F\n|-mega|p1a: Aerodactyl|Aerodactyl|Aerodactylite\n|move|p1a: Aerodactyl|Dual Wingbeat|p2b: Basculegion\n|-damage|p2b: Basculegion|32/100\n|-damage|p2b: Basculegion|0 fnt\n|faint|p2b: Basculegion\n|-hitcount|p2: Basculegion|2\n|move|p1b: Sneasler|Close Combat|p2a: Kingambit\n|-supereffective|p2a: Kingambit|2\n|-enditem|p2a: Kingambit|Chople Berry|[eat]\n|-enditem|p2a: Kingambit|Chople Berry|[weaken]\n|-damage|p2a: Kingambit|13/100\n|-unboost|p1b: Sneasler|def|1\n|-unboost|p1b: Sneasler|spd|1\n|-enditem|p1b: Sneasler|White Herb\n|-clearnegativeboost|p1b: Sneasler|[silent]\n|move|p2a: Kingambit|Kowtow Cleave|p1a: Aerodactyl\n|-damage|p1a: Aerodactyl|0 fnt\n|faint|p1a: Aerodactyl\n|\n|-weather|SunnyDay|[upkeep]\n|upkeep\n|\n|t:|1776274301\n|switch|p1a: Garchomp|Garchomp, L50, F|100/100\n|switch|p2b: Charizard|Charizard-Mega-Y, L50, F|100/100\n|turn|5\n|\n|t:|1776274311\n|switch|p2b: Venusaur|Venusaur, L50, F|100/100\n|move|p2a: Kingambit|Protect|p2a: Kingambit\n|-singleturn|p2a: Kingambit|Protect\n|move|p1b: Sneasler|Dire Claw|p2b: Venusaur\n|-damage|p2b: Venusaur|40/100\n|move|p1a: Garchomp|Dragon Claw|p2b: Venusaur\n|-damage|p2b: Venusaur|0 fnt\n|faint|p2b: Venusaur\n|\n|-weather|SunnyDay|[upkeep]\n|-sideend|p1: 5wamp|move: Tailwind\n|upkeep\n|\n|t:|1776274322\n|switch|p2b: Charizard|Charizard-Mega-Y, L50, F|100/100\n|turn|6\n|\n|t:|1776274336\n|move|p1b: Sneasler|Protect|p1b: Sneasler\n|-singleturn|p1b: Sneasler|Protect\n|move|p1a: Garchomp|Protect|p1a: Garchomp\n|-singleturn|p1a: Garchomp|Protect\n|move|p2a: Kingambit|Sucker Punch||[still]\n|-fail|p2a: Kingambit\n|move|p2b: Charizard|Air Slash|p1b: Sneasler\n|-activate|p1b: Sneasler|move: Protect\n|\n|-weather|none\n|upkeep\n|turn|7\n|\n|t:|1776274350\n|move|p2a: Kingambit|Sucker Punch|p1a: Garchomp\n|-damage|p1a: Garchomp|60/100\n|-damage|p2a: Kingambit|0 fnt|[from] ability: Rough Skin|[of] p1a: Garchomp\n|faint|p2a: Kingambit\n|move|p1b: Sneasler|Dire Claw|p2b: Charizard\n|-damage|p2b: Charizard|53/100\n|move|p1a: Garchomp|Dragon Claw|p2b: Charizard\n|-damage|p2b: Charizard|5/100\n|move|p2b: Charizard|Air Slash|p1a: Garchomp\n|-damage|p1a: Garchomp|6/100\n|\n|upkeep\n|turn|8\n|-message|scalopocomascalo forfeited.\n|\n|t:|1776274356\n|move|p1b: Sneasler|Dire Claw|p2b: Charizard\n|-damage|p2b: Charizard|0 fnt\n|faint|p2b: Charizard\n|\n|win|5wamp\n|n|\u26065wamp|5wamp\n|n|\u2606scalopocomascalo|scalopocomascalo\n|n| OnToTheOther|ontotheother\n|n| AlbannachVGC|albannachvgc\n|l|\u2606scalopocomascalo\n|player|p2|\n",
  "uploadtime": 1776274357,
  "views": 19,
  "formatid": "gen9championsvgc2026regma",
  "rating": null,
  "private": 0,
  "password": null
}