{
  "id": "gen9championsvgc2026regma-2581669667",
  "format": "[Gen 9 Champions] VGC 2026 Reg M-A",
  "players": [
    "realcomrade379",
    "makariatas"
  ],
  "log": "|j|\u2606realcomrade379\n|j|\u2606makariatas\n|t:|1776019410\n|gametype|doubles\n|player|p1|realcomrade379|shadowtriad|\n|player|p2|makariatas|1|\n|gen|9\n|tier|[Gen 9 Champions] VGC 2026 Reg M-A\n|rated|Tournament battle\n|rule|Species Clause: Limit one of each Pok\u00e9mon\n|rule|Item Clause: Limit 1 of each item\n|clearpoke\n|poke|p1|Tyranitar, L50, F|\n|poke|p1|Floette-Eternal, L50, F|\n|poke|p1|Excadrill, L50, F|\n|poke|p1|Basculegion, L50, M|\n|poke|p1|Sinistcha, L50|\n|poke|p1|Incineroar, L50, F|\n|poke|p2|Floette-Eternal, L50, F|\n|poke|p2|Incineroar, L50, F|\n|poke|p2|Sinistcha, L50|\n|poke|p2|Sneasler, L50, F|\n|poke|p2|Garchomp, L50, M|\n|poke|p2|Kingambit, L50, M|\n|teampreview|4\n|inactive|Battle timer is ON: inactive players will automatically lose when time's up. (requested by realcomrade379)\n|j|+Gross Sweep \u2603\n|\n|t:|1776019435\n|teamsize|p1|4\n|teamsize|p2|4\n|start\n|switch|p1a: Tyranitar|Tyranitar, L50, F|100/100\n|switch|p1b: Excadrill|Excadrill, L50, F|100/100\n|switch|p2a: Garchomp|Garchomp, L50, M|100/100\n|switch|p2b: Kingambit|Kingambit, L50, M|100/100\n|-weather|Sandstorm|[from] ability: Sand Stream|[of] p1a: Tyranitar\n|turn|1\n|\n|t:|1776019451\n|switch|p1b: Incineroar|Incineroar, L50, F|100/100\n|-ability|p1b: Incineroar|Intimidate|boost\n|-unboost|p2a: Garchomp|atk|1\n|-unboost|p2b: Kingambit|atk|1\n|-ability|p2b: Kingambit|Defiant|boost\n|-boost|p2b: Kingambit|atk|2\n|detailschange|p1a: Tyranitar|Tyranitar-Mega, L50, F\n|-mega|p1a: Tyranitar|Tyranitar|Tyranitarite\n|move|p2b: Kingambit|Protect|p2b: Kingambit\n|-singleturn|p2b: Kingambit|Protect\n|move|p2a: Garchomp|Breaking Swipe|p1b: Incineroar|[spread] p1a,p1b\n|-damage|p1a: Tyranitar|90/100\n|-damage|p1b: Incineroar|86/100\n|-unboost|p1a: Tyranitar|atk|1\n|-unboost|p1b: Incineroar|atk|1\n|move|p1a: Tyranitar|Low Kick|p2b: Kingambit\n|-activate|p2b: Kingambit|move: Protect\n|\n|-weather|Sandstorm|[upkeep]\n|-damage|p1b: Incineroar|80/100|[from] Sandstorm\n|upkeep\n|turn|2\n|inactive|makariatas has 30 seconds left.\n|\n|t:|1776019478\n|switch|p1a: Basculegion|Basculegion, L50, M|100/100\n|move|p2a: Garchomp|Breaking Swipe|p1a: Basculegion|[spread] p1a,p1b\n|-damage|p1a: Basculegion|79/100\n|-damage|p1b: Incineroar|68/100\n|-unboost|p1a: Basculegion|atk|1\n|-unboost|p1b: Incineroar|atk|1\n|move|p1b: Incineroar|Will-O-Wisp|p2b: Kingambit\n|-status|p2b: Kingambit|brn\n|move|p2b: Kingambit|Iron Head|p1a: Basculegion\n|-resisted|p1a: Basculegion|1\n|-damage|p1a: Basculegion|56/100\n|\n|-weather|Sandstorm|[upkeep]\n|-damage|p1a: Basculegion|50/100|[from] Sandstorm\n|-damage|p1b: Incineroar|62/100|[from] Sandstorm\n|-damage|p2b: Kingambit|95/100 brn|[from] brn\n|upkeep\n|turn|3\n|\n|t:|1776019498\n|switch|p2a: Floette|Floette-Eternal, L50, F|100/100\n|switch|p1a: Excadrill|Excadrill, L50, F|100/100\n|move|p2b: Kingambit|Sucker Punch||[still]\n|-fail|p2b: Kingambit\n|move|p1b: Incineroar|Will-O-Wisp|p2a: Floette\n|-status|p2a: Floette|brn\n|\n|-weather|Sandstorm|[upkeep]\n|-damage|p2a: Floette|94/100 brn|[from] Sandstorm\n|-damage|p1b: Incineroar|56/100|[from] Sandstorm\n|-damage|p2a: Floette|88/100 brn|[from] brn\n|-damage|p2b: Kingambit|89/100 brn|[from] brn\n|upkeep\n|turn|4\n|\n|t:|1776019513\n|switch|p2a: Sinistcha|Sinistcha, L50|100/100\n|-heal|p2b: Kingambit|100/100 brn|[from] ability: Hospitality|[of] p2a: Sinistcha\n|move|p1a: Excadrill|Iron Head|p2a: Sinistcha\n|-damage|p2a: Sinistcha|61/100\n|move|p1b: Incineroar|Flare Blitz|p2b: Kingambit\n|-supereffective|p2b: Kingambit|1\n|-damage|p2b: Kingambit|63/100 brn\n|-damage|p1b: Incineroar|43/100|[from] Recoil\n|move|p2b: Kingambit|Kowtow Cleave|p1a: Excadrill\n|-damage|p1a: Excadrill|38/100\n|\n|-weather|Sandstorm|[upkeep]\n|-damage|p1b: Incineroar|37/100|[from] Sandstorm\n|-damage|p2a: Sinistcha|55/100|[from] Sandstorm\n|-damage|p2b: Kingambit|57/100 brn|[from] brn\n|upkeep\n|turn|5\n|j| yuma_kuga0410\n|l| yuma_kuga0410\n|\n|t:|1776019533\n|switch|p1a: Tyranitar|Tyranitar-Mega, L50, F|90/100\n|move|p2b: Kingambit|Sucker Punch||[still]\n|-fail|p2b: Kingambit\n|move|p1b: Incineroar|Parting Shot|p2a: Sinistcha\n|-unboost|p2a: Sinistcha|atk|1\n|-unboost|p2a: Sinistcha|spa|1\n|\n|t:|1776019541\n|switch|p1b: Basculegion|Basculegion, L50, M|50/100|[from] Parting Shot\n|move|p2a: Sinistcha|Life Dew|p2a: Sinistcha|[spread] p2a,p2b\n|-heal|p2a: Sinistcha|80/100\n|-heal|p2b: Kingambit|82/100 brn\n|\n|-weather|none\n|-damage|p2b: Kingambit|76/100 brn|[from] brn\n|upkeep\n|turn|6\n|\n|t:|1776019551\n|switch|p1b: Excadrill|Excadrill, L50, F|38/100\n|move|p2b: Kingambit|Sucker Punch||[still]\n|-fail|p2b: Kingambit\n|move|p1a: Tyranitar|Knock Off|p2a: Sinistcha\n|-supereffective|p2a: Sinistcha|1\n|-damage|p2a: Sinistcha|0 fnt\n|-enditem|p2a: Sinistcha|Sitrus Berry|[from] move: Knock Off|[of] p1a: Tyranitar\n|faint|p2a: Sinistcha\n|\n|-damage|p2b: Kingambit|71/100 brn|[from] brn\n|upkeep\n|\n|t:|1776019554\n|switch|p2a: Garchomp|Garchomp, L50, M|100/100\n|turn|7\n|\n|t:|1776019566\n|switch|p1a: Incineroar|Incineroar, L50, F|37/100\n|-ability|p1a: Incineroar|Intimidate|boost\n|-unboost|p2a: Garchomp|atk|1\n|-unboost|p2b: Kingambit|atk|1\n|-ability|p2b: Kingambit|Defiant|boost\n|-boost|p2b: Kingambit|atk|2\n|move|p1b: Excadrill|Protect|p1b: Excadrill\n|-singleturn|p1b: Excadrill|Protect\n|move|p2a: Garchomp|Stomping Tantrum|p1b: Excadrill\n|-activate|p1b: Excadrill|move: Protect\n|move|p2b: Kingambit|Iron Head|p1a: Incineroar\n|-resisted|p1a: Incineroar|1\n|-damage|p1a: Incineroar|18/100\n|\n|-damage|p2b: Kingambit|65/100 brn|[from] brn\n|upkeep\n|turn|8\n|\n|t:|1776019582\n|switch|p1b: Tyranitar|Tyranitar-Mega, L50, F|90/100\n|-weather|Sandstorm|[from] ability: Sand Stream|[of] p1b: Tyranitar\n|move|p1a: Incineroar|Fake Out|p2a: Garchomp\n|-damage|p2a: Garchomp|89/100\n|-damage|p1a: Incineroar|6/100|[from] ability: Rough Skin|[of] p2a: Garchomp\n|move|p2b: Kingambit|Sucker Punch||[still]\n|-fail|p2b: Kingambit\n|cant|p2a: Garchomp|flinch\n|\n|-weather|Sandstorm|[upkeep]\n|-damage|p1a: Incineroar|0 fnt|[from] Sandstorm\n|faint|p1a: Incineroar\n|-damage|p2b: Kingambit|59/100 brn|[from] brn\n|upkeep\n|j| 25Arcanines\n|\n|t:|1776019593\n|switch|p1a: Excadrill|Excadrill, L50, F|38/100\n|turn|9\n|j| niesieler\n|\n|t:|1776019613\n|move|p2b: Kingambit|Protect|p2b: Kingambit\n|-singleturn|p2b: Kingambit|Protect\n|move|p1a: Excadrill|Iron Head|p2a: Garchomp\n|-damage|p2a: Garchomp|42/100\n|-damage|p1a: Excadrill|25/100|[from] ability: Rough Skin|[of] p2a: Garchomp\n|cant|p2a: Garchomp|flinch\n|move|p1b: Tyranitar|Low Kick|p2b: Kingambit\n|-activate|p2b: Kingambit|move: Protect\n|\n|-weather|Sandstorm|[upkeep]\n|-damage|p2b: Kingambit|53/100 brn|[from] brn\n|upkeep\n|turn|10\n|\n|t:|1776019623\n|move|p2b: Kingambit|Sucker Punch|p1b: Tyranitar\n|-resisted|p1b: Tyranitar|1\n|-damage|p1b: Tyranitar|74/100\n|move|p1a: Excadrill|Iron Head|p2a: Garchomp\n|-damage|p2a: Garchomp|0 fnt\n|-damage|p1a: Excadrill|13/100|[from] ability: Rough Skin|[of] p2a: Garchomp\n|faint|p2a: Garchomp\n|move|p1b: Tyranitar|Low Kick|p2b: Kingambit\n|-supereffective|p2b: Kingambit|2\n|-damage|p2b: Kingambit|0 fnt\n|faint|p2b: Kingambit\n|\n|-weather|Sandstorm|[upkeep]\n|upkeep\n|-message|makariatas forfeited.\n|\n|win|realcomrade379\n|n|\u2606realcomrade379|realcomrade379\n|n|\u2606makariatas|makariatas\n|n|+Gross Sweep \u2603|grosssweep\n|n| 25Arcanines|25arcanines\n|n| niesieler|niesieler\n|l|\u2606makariatas\n|player|p2|\n",
  "uploadtime": 1776019634,
  "views": 15,
  "formatid": "gen9championsvgc2026regma",
  "rating": null,
  "private": 0,
  "password": null
}