{
  "id": "gen9championsvgc2026regma-2587210530",
  "format": "[Gen 9 Champions] VGC 2026 Reg M-A",
  "players": [
    "KalarFenrir01",
    "Patossauru"
  ],
  "log": "|j|\u2606KalarFenrir01\n|j|\u2606Patossauru\n|t:|1776509404\n|gametype|doubles\n|player|p1|KalarFenrir01|170|1040\n|player|p2|Patossauru|hilda|1057\n|gen|9\n|tier|[Gen 9 Champions] VGC 2026 Reg M-A\n|rated|\n|rule|Species Clause: Limit one of each Pok\u00e9mon\n|rule|Item Clause: Limit 1 of each item\n|clearpoke\n|poke|p1|Gardevoir, L50, F, shiny|\n|poke|p1|Basculegion, L50, M, shiny|\n|poke|p1|Corviknight, L50, F, shiny|\n|poke|p1|Incineroar, L50, M, shiny|\n|poke|p1|Excadrill, L50, M|\n|poke|p1|Tyranitar, L50, F|\n|poke|p2|Charizard, L50, M|\n|poke|p2|Venusaur, L50, F|\n|poke|p2|Garchomp, L50, M|\n|poke|p2|Incineroar, L50, F|\n|poke|p2|Basculegion, L50, M|\n|poke|p2|Sneasler, L50, F|\n|teampreview|4\nPatossauru rejected open team sheets.\n|\n|t:|1776509439\n|teamsize|p1|4\n|teamsize|p2|4\n|start\n|switch|p1a: Gardevoir|Gardevoir, L50, F, shiny|100/100\n|switch|p1b: Corviknight|Corviknight, L50, F, shiny|100/100\n|switch|p2a: Charizard|Charizard, L50, M|100/100\n|switch|p2b: Sneasler|Sneasler, L50, F|100/100\n|turn|1\n|inactive|Battle timer is ON: inactive players will automatically lose when time's up. (requested by KalarFenrir01)\n|inactive|KalarFenrir01 has 60 seconds left.\n|\n|t:|1776509475\n|switch|p1a: Excadrill|Excadrill, L50, M|100/100\n|detailschange|p2a: Charizard|Charizard-Mega-Y, L50, M\n|-mega|p2a: Charizard|Charizard|Charizardite Y\n|-weather|SunnyDay|[from] ability: Drought|[of] p2a: Charizard\n|move|p2a: Charizard|Weather Ball|p1b: Corviknight\n|-supereffective|p1b: Corviknight|1\n|-damage|p1b: Corviknight|0 fnt\n|faint|p1b: Corviknight\n|move|p2b: Sneasler|Dire Claw|p1a: Excadrill\n|-immune|p1a: Excadrill\n|\n|-weather|SunnyDay|[upkeep]\n|upkeep\n|\n|t:|1776509490\n|switch|p1b: Tyranitar|Tyranitar, L50, F|100/100\n|-weather|Sandstorm|[from] ability: Sand Stream|[of] p1b: Tyranitar\n|turn|2\n|inactive|KalarFenrir01 has 30 seconds left.\n|\n|t:|1776509518\n|switch|p2a: Garchomp|Garchomp, L50, M|100/100\n|detailschange|p1b: Tyranitar|Tyranitar-Mega, L50, F\n|-mega|p1b: Tyranitar|Tyranitar|Tyranitarite\n|move|p1a: Excadrill|Drill Run|p2b: Sneasler\n|-supereffective|p2b: Sneasler|1\n|-crit|p2b: Sneasler\n|-damage|p2b: Sneasler|0 fnt\n|faint|p2b: Sneasler\n|move|p1b: Tyranitar|Rock Slide|p2a: Garchomp\n|-resisted|p2a: Garchomp|1\n|-damage|p2a: Garchomp|78/100\n|\n|-weather|Sandstorm|[upkeep]\n|upkeep\n|\n|t:|1776509527\n|switch|p2b: Charizard|Charizard-Mega-Y, L50, M|100/100\n|-weather|SunnyDay|[from] ability: Drought|[of] p2b: Charizard\n|turn|3\n|inactive|KalarFenrir01 has 30 seconds left.\n|inactive|KalarFenrir01 has 20 seconds left.\n|inactive|KalarFenrir01 has 15 seconds left.\n|inactive|KalarFenrir01 has 10 seconds left.\n|\n|t:|1776509572\n|move|p2b: Charizard|Protect|p2b: Charizard\n|-singleturn|p2b: Charizard|Protect\n|move|p1b: Tyranitar|Protect|p1b: Tyranitar\n|-singleturn|p1b: Tyranitar|Protect\n|move|p2a: Garchomp|Earthquake|p1a: Excadrill|[spread] p1a\n|-activate|p2b: Charizard|move: Protect\n|-activate|p1b: Tyranitar|move: Protect\n|-supereffective|p1a: Excadrill|1\n|-enditem|p1a: Excadrill|Focus Sash\n|-damage|p1a: Excadrill|1/100\n|move|p1a: Excadrill|Iron Head|p2a: Garchomp\n|-damage|p2a: Garchomp|32/100\n|-damage|p1a: Excadrill|0 fnt|[from] ability: Rough Skin|[of] p2a: Garchomp\n|faint|p1a: Excadrill\n|\n|-weather|SunnyDay|[upkeep]\n|upkeep\n|\n|t:|1776509590\n|switch|p1a: Gardevoir|Gardevoir, L50, F, shiny|100/100\n|turn|4\n|\n|t:|1776509603\n|move|p2a: Garchomp|Earthquake|p1a: Gardevoir|[spread] p1a,p1b\n|-immune|p2b: Charizard\n|-supereffective|p1b: Tyranitar|1\n|-damage|p1a: Gardevoir|40/100\n|-damage|p1b: Tyranitar|56/100\n|move|p2b: Charizard|Solar Beam||[still]\n|-prepare|p2b: Charizard|Solar Beam\n|-anim|p2b: Charizard|Solar Beam|p1b: Tyranitar\n|-supereffective|p1b: Tyranitar|1\n|-damage|p1b: Tyranitar|0 fnt\n|faint|p1b: Tyranitar\n|move|p1a: Gardevoir|Psychic|p2a: Garchomp\n|-damage|p2a: Garchomp|0 fnt\n|faint|p2a: Garchomp\n|\n|-weather|SunnyDay|[upkeep]\n|upkeep\n|\n|t:|1776509618\n|switch|p2a: Basculegion|Basculegion, L50, M|100/100\n|turn|5\n|-message|KalarFenrir01 forfeited.\n|\n|win|Patossauru\n|raw|KalarFenrir01's rating: 1040 &rarr; <strong>1025</strong><br />(-15 for losing)\n|raw|Patossauru's rating: 1057 &rarr; <strong>1087</strong><br />(+30 for winning)\n|l|\u2606KalarFenrir01\n|player|p1|\n",
  "uploadtime": 1776509626,
  "views": 21,
  "formatid": "gen9championsvgc2026regma",
  "rating": 1025,
  "private": 0,
  "password": null
}