{
  "id": "gen9championsvgc2026regma-2580916831",
  "format": "[Gen 9 Champions] VGC 2026 Reg M-A",
  "players": [
    "superdois",
    "toxicwyvern"
  ],
  "log": "|j|\u2606superdois\n|j|\u2606toxicwyvern\n|t:|1775943128\n|gametype|doubles\n|player|p1|superdois|2|1046\n|player|p2|toxicwyvern|169|1000\n|gen|9\n|tier|[Gen 9 Champions] VGC 2026 Reg M-A\n|rated|\n|rule|Species Clause: Limit one of each Pok\u00e9mon\n|rule|Item Clause: Limit 1 of each item\n|clearpoke\n|poke|p1|Lucario, L50, M|\n|poke|p1|Gardevoir, L50, F|\n|poke|p1|Talonflame, L50, M|\n|poke|p1|Weavile, L50, F|\n|poke|p1|Rotom-Wash, L50|\n|poke|p1|Garchomp, L50, F|\n|poke|p2|Talonflame, L50, F|\n|poke|p2|Typhlosion, L50, F|\n|poke|p2|Incineroar, L50, M|\n|poke|p2|Charizard, L50, F|\n|poke|p2|Sinistcha, L50|\n|poke|p2|Farigiraf, L50, M|\n|teampreview|4\ntoxicwyvern has agreed to open team sheets.\nsuperdois has agreed to open team sheets.\n|showteam|p1|Lucario||Lucarionite|InnerFocus|CloseCombat,MeteorMash,RockSlide,Protect|||M|||50|]Gardevoir||Gardevoirite|Telepathy|HyperVoice,Psyshock,HealingWish,Protect|||F|||50|]Talonflame||SharpBeak|GaleWings|FlareBlitz,DualWingbeat,Tailwind,Protect|||M|||50|]Weavile||FocusSash|Pressure|TripleAxel,KnockOff,FakeOut,Protect|||F|||50|]Rotom-Wash||SitrusBerry|Levitate|HydroPump,Thunderbolt,VoltSwitch,HelpingHand||||||50|]Garchomp||WhiteHerb|RoughSkin|Earthquake,StompingTantrum,DragonClaw,Protect|||F|||50|\n|showteam|p2|Talonflame||SharpBeak|GaleWings|Tailwind,BraveBird,SunnyDay,FlareBlitz|||F|||50|]Typhlosion||Charcoal|FlashFire|Eruption,HeatWave,Protect,ScorchingSands|||F|||50|]Incineroar||Leftovers|Intimidate|FakeOut,PartingShot,DarkestLariat,FlareBlitz|||M|||50|]Charizard||CharizarditeY|Blaze|HeatWave,SolarBeam,DragonPulse,WeatherBall|||F|||50|]Sinistcha||MentalHerb|Hospitality|MatchaGotcha,RagePowder,LifeDew,StrengthSap||||||50|]Farigiraf||SitrusBerry|ArmorTail|PsychicNoise,DazzlingGleam,HelpingHand,TrickRoom|||M|||50|\n|\n|t:|1775943223\n|teamsize|p1|4\n|teamsize|p2|4\n|start\n|switch|p1a: Rotom|Rotom-Wash, L50|100/100\n|switch|p1b: Weavile|Weavile, L50, F|100/100\n|switch|p2a: Talonflame|Talonflame, L50, F|100/100\n|switch|p2b: Incineroar|Incineroar, L50, M|100/100\n|-ability|p1b: Weavile|Pressure\n|-ability|p2b: Incineroar|Intimidate|boost\n|-unboost|p1a: Rotom|atk|1\n|-unboost|p1b: Weavile|atk|1\n|turn|1\n|\n|t:|1775943248\n|move|p1b: Weavile|Fake Out|p2a: Talonflame\n|-damage|p2a: Talonflame|90/100\n|move|p2b: Incineroar|Fake Out|p1a: Rotom\n|-damage|p1a: Rotom|90/100\n|cant|p2a: Talonflame|flinch\n|cant|p1a: Rotom|flinch\n|\n|upkeep\n|turn|2\n|\n|t:|1775943296\n|move|p1a: Rotom|Helping Hand|p1b: Weavile\n|-singleturn|p1b: Weavile|Helping Hand|[of] p1a: Rotom\n|move|p2a: Talonflame|Tailwind|p2a: Talonflame\n|-sidestart|p2: toxicwyvern|move: Tailwind\n|move|p1b: Weavile|Triple Axel|p2a: Talonflame\n|-damage|p2a: Talonflame|75/100\n|-damage|p2a: Talonflame|49/100\n|-damage|p2a: Talonflame|11/100\n|-hitcount|p2a: Talonflame|3\n|move|p2b: Incineroar|Parting Shot|p1a: Rotom\n|-unboost|p1a: Rotom|atk|1\n|-unboost|p1a: Rotom|spa|1\n|\n|t:|1775943309\n|switch|p2b: Typhlosion|Typhlosion, L50, F|100/100|[from] Parting Shot\n|\n|upkeep\n|turn|3\n|\n|t:|1775943321\n|switch|p2a: Charizard|Charizard, L50, F|100/100\n|move|p1b: Weavile|Protect|p1b: Weavile\n|-singleturn|p1b: Weavile|Protect\n|move|p2b: Typhlosion|Eruption|p1b: Weavile|[spread] p1a\n|-activate|p1b: Weavile|move: Protect\n|-resisted|p1a: Rotom|1\n|-damage|p1a: Rotom|57/100\n|move|p1a: Rotom|Volt Switch|p2a: Charizard\n|-supereffective|p2a: Charizard|1\n|-damage|p2a: Charizard|42/100\n|inactive|Battle timer is ON: inactive players will automatically lose when time's up. (requested by toxicwyvern)\n|\n|t:|1775943342\n|switch|p1a: Garchomp|Garchomp, L50, F|100/100|[from] Volt Switch\n|\n|upkeep\n|turn|4\n|\n|t:|1775943361\n|switch|p1b: Rotom|Rotom-Wash, L50|57/100\n|detailschange|p2a: Charizard|Charizard-Mega-Y, L50, F\n|-mega|p2a: Charizard|Charizard|Charizardite Y\n|-weather|SunnyDay|[from] ability: Drought|[of] p2a: Charizard\n|move|p2a: Charizard|Dragon Pulse|p1a: Garchomp\n|-supereffective|p1a: Garchomp|1\n|-damage|p1a: Garchomp|26/100\n|move|p2b: Typhlosion|Eruption|p1a: Garchomp|[spread] p1a,p1b\n|-resisted|p1a: Garchomp|1\n|-resisted|p1b: Rotom|1\n|-damage|p1a: Garchomp|0 fnt\n|-damage|p1b: Rotom|5/100\n|-enditem|p1b: Rotom|Sitrus Berry|[eat]\n|-heal|p1b: Rotom|30/100|[from] item: Sitrus Berry\n|faint|p1a: Garchomp\n|\n|-weather|SunnyDay|[upkeep]\n|upkeep\n|\n|t:|1775943385\n|switch|p1a: Weavile|Weavile, L50, F|100/100\n|-ability|p1a: Weavile|Pressure\n|turn|5\n|\n|t:|1775943414\n|move|p2b: Typhlosion|Protect|p2b: Typhlosion\n|-singleturn|p2b: Typhlosion|Protect\n|move|p1a: Weavile|Fake Out|p2b: Typhlosion\n|-activate|p2b: Typhlosion|move: Protect\n|move|p2a: Charizard|Weather Ball|p1a: Weavile\n|-supereffective|p1a: Weavile|1\n|-enditem|p1a: Weavile|Focus Sash\n|-damage|p1a: Weavile|1/100\n|move|p1b: Rotom|Hydro Pump|p2b: Typhlosion\n|-activate|p2b: Typhlosion|move: Protect\n|\n|-weather|SunnyDay|[upkeep]\n|-sideend|p2: toxicwyvern|move: Tailwind\n|upkeep\n|turn|6\n|\n|t:|1775943436\n|switch|p2b: Incineroar|Incineroar, L50, M|100/100\n|-ability|p2b: Incineroar|Intimidate|boost\n|-unboost|p1a: Weavile|atk|1\n|-unboost|p1b: Rotom|atk|1\n|move|p1a: Weavile|Knock Off|p2b: Incineroar\n|-resisted|p2b: Incineroar|1\n|-damage|p2b: Incineroar|86/100\n|-enditem|p2b: Incineroar|Leftovers|[from] move: Knock Off|[of] p1a: Weavile\n|move|p2a: Charizard|Heat Wave|p1a: Weavile|[spread] p1a,p1b\n|-supereffective|p1a: Weavile|1\n|-resisted|p1b: Rotom|1\n|-damage|p1a: Weavile|0 fnt\n|-damage|p1b: Rotom|0 fnt\n|faint|p1a: Weavile\n|faint|p1b: Rotom\n|\n|-weather|SunnyDay|[upkeep]\n|upkeep\n|\n|t:|1775943441\n|switch|p1b: Gardevoir|Gardevoir, L50, F|100/100\n|turn|7\n|-message|superdois forfeited.\n|\n|win|toxicwyvern\n|raw|superdois's rating: 1046 &rarr; <strong>1027</strong><br />(-19 for losing)\n|raw|toxicwyvern's rating: 1000 &rarr; <strong>1045</strong><br />(+45 for winning)\n|l|\u2606superdois\n|player|p1|\n",
  "uploadtime": 1775943447,
  "views": 14,
  "formatid": "gen9championsvgc2026regma",
  "rating": 1027,
  "private": 0,
  "password": null
}