{
  "id": "gen9championsvgc2026regma-2582461176",
  "format": "[Gen 9 Champions] VGC 2026 Reg M-A",
  "players": [
    "ryankun26",
    "tomi10pvp"
  ],
  "log": "|j|\u2606ryankun26\n|j|\u2606tomi10pvp\n|t:|1776093186\n|gametype|doubles\n|player|p1|ryankun26|hilda|1230\n|player|p2|tomi10pvp|170|1156\n|gen|9\n|tier|[Gen 9 Champions] VGC 2026 Reg M-A\n|rated|\n|rule|Species Clause: Limit one of each Pok\u00e9mon\n|rule|Item Clause: Limit 1 of each item\n|clearpoke\n|poke|p1|Talonflame, L50, F|\n|poke|p1|Glimmora, L50, F|\n|poke|p1|Tsareena, L50, F|\n|poke|p1|Gyarados, L50, F|\n|poke|p1|Clefable, L50, F|\n|poke|p1|Hydreigon, L50, M|\n|poke|p2|Gengar, L50, F|\n|poke|p2|Politoed, L50, F|\n|poke|p2|Incineroar, L50, F|\n|poke|p2|Archaludon, L50, F|\n|poke|p2|Basculegion, L50, M|\n|poke|p2|Clefable, L50, F|\n|teampreview|4\n|inactive|Battle timer is ON: inactive players will automatically lose when time's up. (requested by ryankun26)\n|inactive|ryankun26 has 60 seconds left.\n|inactive|tomi10pvp has 60 seconds left.\n|\n|t:|1776093223\n|teamsize|p1|4\n|teamsize|p2|4\n|start\n|switch|p1a: Hydreigon|Hydreigon, L50, M|100/100\n|switch|p1b: Tsareena|Tsareena, L50, F|100/100\n|switch|p2a: Archaludon|Archaludon, L50, F|100/100\n|switch|p2b: Incineroar|Incineroar, L50, F|100/100\n|-ability|p2b: Incineroar|Intimidate|boost\n|-unboost|p1a: Hydreigon|atk|1\n|-unboost|p1b: Tsareena|atk|1\n|-enditem|p1b: Tsareena|White Herb\n|-clearnegativeboost|p1b: Tsareena|[silent]\n|turn|1\n|inactive|tomi10pvp has 30 seconds left.\n|inactive|tomi10pvp has 20 seconds left.\n|inactive|tomi10pvp has 15 seconds left.\n|inactive|tomi10pvp has 10 seconds left.\n|\n|t:|1776093273\n|move|p2b: Incineroar|Fake Out||[still]\n|cant|p1b: Tsareena|ability: Queenly Majesty|Fake Out|[of] p2b: Incineroar\n|move|p1a: Hydreigon|Draco Meteor|p2a: Archaludon\n|-damage|p2a: Archaludon|9/100\n|-unboost|p1a: Hydreigon|spa|2\n|move|p2a: Archaludon|Dragon Pulse|p1a: Hydreigon\n|-supereffective|p1a: Hydreigon|1\n|-damage|p1a: Hydreigon|0 fnt\n|faint|p1a: Hydreigon\n|move|p1b: Tsareena|Low Kick|p2a: Archaludon\n|-supereffective|p2a: Archaludon|1\n|-damage|p2a: Archaludon|0 fnt\n|faint|p2a: Archaludon\n|\n|upkeep\n|\n|t:|1776093293\n|switch|p1a: Gyarados|Gyarados, L50, F|100/100\n|switch|p2a: Clefable|Clefable, L50, F|100/100\n|-ability|p1a: Gyarados|Intimidate|boost\n|-unboost|p2a: Clefable|atk|1\n|-unboost|p2b: Incineroar|atk|1\n|turn|2\n|\n|t:|1776093307\n|move|p2a: Clefable|Follow Me|p2a: Clefable\n|-singleturn|p2a: Clefable|move: Follow Me\n|move|p1a: Gyarados|Taunt|p2a: Clefable\n|-start|p2a: Clefable|move: Taunt\n|-enditem|p2a: Clefable|Mental Herb\n|-end|p2a: Clefable|move: Taunt\n|move|p1b: Tsareena|Trop Kick|p2a: Clefable\n|-damage|p2a: Clefable|63/100\n|-unboost|p2a: Clefable|atk|1\n|move|p2b: Incineroar|Flare Blitz|p1b: Tsareena\n|-supereffective|p1b: Tsareena|1\n|-damage|p1b: Tsareena|12/100\n|-damage|p2b: Incineroar|75/100|[from] Recoil\n|\n|upkeep\n|turn|3\n|inactive|ryankun26 has 30 seconds left.\n|\n|t:|1776093336\n|move|p2a: Clefable|Follow Me|p2a: Clefable\n|-singleturn|p2a: Clefable|move: Follow Me\n|move|p1a: Gyarados|Waterfall|p2a: Clefable\n|-damage|p2a: Clefable|30/100\n|move|p1b: Tsareena|Taunt|p2a: Clefable\n|-start|p2a: Clefable|move: Taunt\n|move|p2b: Incineroar|Flare Blitz|p1b: Tsareena\n|-supereffective|p1b: Tsareena|1\n|-damage|p1b: Tsareena|0 fnt\n|faint|p1b: Tsareena\n|-damage|p2b: Incineroar|72/100|[from] Recoil\n|\n|upkeep\n|\n|t:|1776093338\n|switch|p1b: Glimmora|Glimmora, L50, F|100/100\n|turn|4\n|\n|t:|1776093359\n|switch|p2a: Politoed|Politoed, L50, F|100/100\n|-weather|RainDance|[from] ability: Drizzle|[of] p2a: Politoed\n|detailschange|p1b: Glimmora|Glimmora-Mega, L50, F\n|-mega|p1b: Glimmora|Glimmora|Glimmoranite\n|move|p2b: Incineroar|Protect|p2b: Incineroar\n|-singleturn|p2b: Incineroar|Protect\n|move|p1b: Glimmora|Sludge Bomb|p2a: Politoed\n|-damage|p2a: Politoed|49/100\n|move|p1a: Gyarados|Waterfall|p2b: Incineroar\n|-activate|p2b: Incineroar|move: Protect\n|\n|-weather|RainDance|[upkeep]\n|-heal|p2a: Politoed|55/100|[from] item: Leftovers\n|upkeep\n|turn|5\n|inactive|ryankun26 has 30 seconds left.\n|inactive|tomi10pvp has 30 seconds left.\n|\n|t:|1776093402\n|switch|p2b: Clefable|Clefable, L50, F|30/100\n|move|p1b: Glimmora|Power Gem|p2b: Clefable\n|-damage|p2b: Clefable|0 fnt\n|faint|p2b: Clefable\n|move|p1a: Gyarados|Taunt|p2a: Politoed\n|-start|p2a: Politoed|move: Taunt\n|move|p2a: Politoed|Weather Ball|p1b: Glimmora\n|-supereffective|p1b: Glimmora|1\n|-damage|p1b: Glimmora|0 fnt\n|faint|p1b: Glimmora\n|\n|-weather|RainDance|[upkeep]\n|-heal|p2a: Politoed|61/100|[from] item: Leftovers\n|upkeep\n|\n|t:|1776093416\n|switch|p2b: Incineroar|Incineroar, L50, F|72/100\n|-ability|p2b: Incineroar|Intimidate|boost\n|-unboost|p1a: Gyarados|atk|1\n|turn|6\n|\n|t:|1776093424\n|move|p1a: Gyarados|Protect|p1a: Gyarados\n|-singleturn|p1a: Gyarados|Protect\n|move|p2b: Incineroar|Fake Out|p1a: Gyarados\n|-activate|p1a: Gyarados|move: Protect\n|move|p2a: Politoed|Weather Ball|p1a: Gyarados\n|-activate|p1a: Gyarados|move: Protect\n|\n|-weather|RainDance|[upkeep]\n|-heal|p2a: Politoed|67/100|[from] item: Leftovers\n|upkeep\n|turn|7\n|\n|t:|1776093436\n|move|p2b: Incineroar|Protect|p2b: Incineroar\n|-singleturn|p2b: Incineroar|Protect\n|move|p1a: Gyarados|Thunder Wave|p2a: Politoed\n|-status|p2a: Politoed|par\n|move|p2a: Politoed|Weather Ball|p1a: Gyarados\n|-resisted|p1a: Gyarados|1\n|-damage|p1a: Gyarados|82/100\n|\n|-weather|RainDance|[upkeep]\n|-heal|p1a: Gyarados|88/100|[from] item: Leftovers\n|-heal|p2a: Politoed|73/100 par|[from] item: Leftovers\n|-end|p2a: Politoed|move: Taunt\n|upkeep\n|turn|8\n|inactive|tomi10pvp has 30 seconds left.\n|inactive|tomi10pvp has 20 seconds left.\n|inactive|tomi10pvp has 15 seconds left.\n|inactive|tomi10pvp has 10 seconds left.\n|inactive|tomi10pvp has 5 seconds left.\n|\n|t:|1776093491\n|move|p1a: Gyarados|Taunt|p2a: Politoed\n|-start|p2a: Politoed|move: Taunt\n|move|p2b: Incineroar|Flare Blitz|p1a: Gyarados\n|-resisted|p1a: Gyarados|1\n|-crit|p1a: Gyarados\n|-damage|p1a: Gyarados|64/100\n|-damage|p2b: Incineroar|64/100|[from] Recoil\n|move|p2a: Politoed|Weather Ball|p1a: Gyarados\n|-resisted|p1a: Gyarados|1\n|-damage|p1a: Gyarados|45/100\n|\n|-weather|none\n|-heal|p1a: Gyarados|51/100|[from] item: Leftovers\n|-heal|p2a: Politoed|79/100 par|[from] item: Leftovers\n|upkeep\n|turn|9\n|\n|t:|1776093510\n|move|p1a: Gyarados|Waterfall|p2b: Incineroar\n|-supereffective|p2b: Incineroar|1\n|-damage|p2b: Incineroar|12/100\n|-enditem|p2b: Incineroar|Sitrus Berry|[eat]\n|-heal|p2b: Incineroar|37/100|[from] item: Sitrus Berry\n|cant|p2b: Incineroar|flinch\n|move|p2a: Politoed|Weather Ball|p1a: Gyarados\n|-damage|p1a: Gyarados|42/100\n|\n|-heal|p1a: Gyarados|48/100|[from] item: Leftovers\n|-heal|p2a: Politoed|85/100 par|[from] item: Leftovers\n|upkeep\n|turn|10\n|\n|t:|1776093523\n|move|p1a: Gyarados|Protect|p1a: Gyarados\n|-singleturn|p1a: Gyarados|Protect\n|move|p2b: Incineroar|Protect|p2b: Incineroar\n|-singleturn|p2b: Incineroar|Protect\n|move|p2a: Politoed|Weather Ball|p1a: Gyarados\n|-activate|p1a: Gyarados|move: Protect\n|\n|-heal|p1a: Gyarados|54/100|[from] item: Leftovers\n|-heal|p2a: Politoed|91/100 par|[from] item: Leftovers\n|-end|p2a: Politoed|move: Taunt\n|upkeep\n|turn|11\n|\n|t:|1776093542\n|move|p1a: Gyarados|Taunt|p2a: Politoed\n|-start|p2a: Politoed|move: Taunt\n|move|p2b: Incineroar|Parting Shot|p1a: Gyarados\n|-unboost|p1a: Gyarados|atk|1\n|-unboost|p1a: Gyarados|spa|1\n|cant|p2a: Politoed|move: Taunt|Encore\n|\n|-heal|p1a: Gyarados|60/100|[from] item: Leftovers\n|-heal|p2a: Politoed|97/100 par|[from] item: Leftovers\n|upkeep\n|turn|12\n|\n|t:|1776093553\n|move|p1a: Gyarados|Protect|p1a: Gyarados\n|-singleturn|p1a: Gyarados|Protect\n|move|p2b: Incineroar|Parting Shot|p1a: Gyarados\n|-activate|p1a: Gyarados|move: Protect\n|move|p2a: Politoed|Weather Ball|p1a: Gyarados\n|-activate|p1a: Gyarados|move: Protect\n|\n|-heal|p1a: Gyarados|67/100|[from] item: Leftovers\n|-heal|p2a: Politoed|100/100 par|[from] item: Leftovers\n|upkeep\n|turn|13\n|\n|t:|1776093565\n|move|p2b: Incineroar|Protect|p2b: Incineroar\n|-singleturn|p2b: Incineroar|Protect\n|move|p1a: Gyarados|Waterfall|p2b: Incineroar\n|-activate|p2b: Incineroar|move: Protect\n|move|p2a: Politoed|Weather Ball|p1a: Gyarados\n|-damage|p1a: Gyarados|56/100\n|\n|-heal|p1a: Gyarados|62/100|[from] item: Leftovers\n|-end|p2a: Politoed|move: Taunt\n|upkeep\n|turn|14\n|\n|t:|1776093585\n|move|p2a: Politoed|Protect|p2a: Politoed\n|-singleturn|p2a: Politoed|Protect\n|move|p1a: Gyarados|Waterfall|p2b: Incineroar\n|-supereffective|p2b: Incineroar|1\n|-damage|p2b: Incineroar|0 fnt\n|faint|p2b: Incineroar\n|\n|-heal|p1a: Gyarados|69/100|[from] item: Leftovers\n|upkeep\n|turn|15\n|\n|t:|1776093597\n|move|p1a: Gyarados|Taunt|p2a: Politoed\n|-start|p2a: Politoed|move: Taunt\n|move|p2a: Politoed|Weather Ball|p1a: Gyarados\n|-damage|p1a: Gyarados|59/100\n|\n|-heal|p1a: Gyarados|65/100|[from] item: Leftovers\n|upkeep\n|turn|16\n|\n|t:|1776093605\n|move|p1a: Gyarados|Protect|p1a: Gyarados\n|-singleturn|p1a: Gyarados|Protect\n|move|p2a: Politoed|Weather Ball|p1a: Gyarados\n|-activate|p1a: Gyarados|move: Protect\n|\n|-heal|p1a: Gyarados|71/100|[from] item: Leftovers\n|upkeep\n|turn|17\n|\n|t:|1776093613\n|move|p1a: Gyarados|Waterfall|p2a: Politoed\n|-resisted|p2a: Politoed|1\n|-damage|p2a: Politoed|93/100 par\n|move|p2a: Politoed|Weather Ball|p1a: Gyarados\n|-damage|p1a: Gyarados|62/100\n|\n|-heal|p1a: Gyarados|69/100|[from] item: Leftovers\n|-heal|p2a: Politoed|99/100 par|[from] item: Leftovers\n|-end|p2a: Politoed|move: Taunt\n|upkeep\n|turn|18\n|\n|t:|1776093623\n|move|p2a: Politoed|Protect|p2a: Politoed\n|-singleturn|p2a: Politoed|Protect\n|move|p1a: Gyarados|Taunt|p2a: Politoed\n|-activate|p2a: Politoed|move: Protect\n|\n|-heal|p1a: Gyarados|75/100|[from] item: Leftovers\n|-heal|p2a: Politoed|100/100 par|[from] item: Leftovers\n|upkeep\n|turn|19\n|\n|t:|1776093632\n|move|p1a: Gyarados|Taunt|p2a: Politoed\n|-start|p2a: Politoed|move: Taunt\n|cant|p2a: Politoed|move: Taunt|Perish Song\n|\n|-heal|p1a: Gyarados|81/100|[from] item: Leftovers\n|upkeep\n|turn|20\n|c|\u2606tomi10pvp|bro\n|\n|t:|1776093641\n|move|p1a: Gyarados|Protect|p1a: Gyarados\n|-singleturn|p1a: Gyarados|Protect\n|move|p2a: Politoed|Weather Ball|p1a: Gyarados\n|-activate|p1a: Gyarados|move: Protect\n|\n|-heal|p1a: Gyarados|87/100|[from] item: Leftovers\n|upkeep\n|turn|21\n|c|\u2606ryankun26|GG\n|c|\u2606ryankun26|You struggle to death\n|\n|t:|1776093653\n|move|p1a: Gyarados|Waterfall|p2a: Politoed\n|-resisted|p2a: Politoed|1\n|-damage|p2a: Politoed|93/100 par\n|cant|p2a: Politoed|flinch\n|\n|-heal|p1a: Gyarados|94/100|[from] item: Leftovers\n|-heal|p2a: Politoed|99/100 par|[from] item: Leftovers\n|-end|p2a: Politoed|move: Taunt\n|upkeep\n|turn|22\n|\n|t:|1776093665\n|move|p1a: Gyarados|Taunt|p2a: Politoed\n|-start|p2a: Politoed|move: Taunt\n|cant|p2a: Politoed|move: Taunt|Perish Song\n|\n|-heal|p1a: Gyarados|99/100|[from] item: Leftovers\n|-heal|p2a: Politoed|100/100 par|[from] item: Leftovers\n|upkeep\n|turn|23\n|\n|t:|1776093673\n|move|p1a: Gyarados|Waterfall|p2a: Politoed\n|-resisted|p2a: Politoed|1\n|-damage|p2a: Politoed|92/100 par\n|-activate|p2a: Politoed|move: Struggle\n|move|p2a: Politoed|Struggle|p1a: Gyarados\n|-damage|p1a: Gyarados|91/100\n|-damage|p2a: Politoed|67/100 par|[from] recoil\n|\n|-heal|p1a: Gyarados|97/100|[from] item: Leftovers\n|-heal|p2a: Politoed|73/100 par|[from] item: Leftovers\n|upkeep\n|turn|24\n|inactive|tomi10pvp has 30 seconds left.\n|inactive|tomi10pvp has 20 seconds left.\n|c|\u2606ryankun26|You played well with incin and politoed in the end though\n|inactive|tomi10pvp has 15 seconds left.\n|\n|t:|1776093715\n|move|p1a: Gyarados|Thunder Wave|p2a: Politoed\n|-fail|p2a: Politoed|par\n|-activate|p2a: Politoed|move: Struggle\n|move|p2a: Politoed|Struggle|p1a: Gyarados\n|-damage|p1a: Gyarados|89/100\n|-damage|p2a: Politoed|48/100 par|[from] recoil\n|\n|-heal|p1a: Gyarados|95/100|[from] item: Leftovers\n|-heal|p2a: Politoed|54/100 par|[from] item: Leftovers\n|-end|p2a: Politoed|move: Taunt\n|upkeep\n|turn|25\n|inactive|tomi10pvp has 30 seconds left this turn.\n|c|\u2606ryankun26|Like you only attacked when I could taunt\n|c|\u2606ryankun26|It was good\n|inactive|tomi10pvp has 20 seconds left.\n|\n|t:|1776093726\n|move|p2a: Politoed|Protect|p2a: Politoed\n|-singleturn|p2a: Politoed|Protect\n|move|p1a: Gyarados|Taunt|p2a: Politoed\n|-activate|p2a: Politoed|move: Protect\n|\n|-heal|p1a: Gyarados|100/100|[from] item: Leftovers\n|-heal|p2a: Politoed|60/100 par|[from] item: Leftovers\n|upkeep\n|turn|26\n|inactive|tomi10pvp has 20 seconds left this turn.\n|inactive|tomi10pvp has 15 seconds left.\n|inactive|tomi10pvp has 10 seconds left.\n|\n|t:|1776093736\n|move|p1a: Gyarados|Taunt|p2a: Politoed\n|-start|p2a: Politoed|move: Taunt\n|cant|p2a: Politoed|move: Taunt|Perish Song\n|\n|-heal|p2a: Politoed|66/100 par|[from] item: Leftovers\n|upkeep\n|turn|27\n|inactive|tomi10pvp has 10 seconds left this turn.\n|inactive|tomi10pvp has 5 seconds left.\n|-message|tomi10pvp forfeited.\n|\n|win|ryankun26\n|raw|ryankun26's rating: 1230 &rarr; <strong>1250</strong><br />(+20 for winning)\n|raw|tomi10pvp's rating: 1156 &rarr; <strong>1136</strong><br />(-20 for losing)\n|l|\u2606tomi10pvp\n|player|p2|\n|c|\u2606ryankun26|GG\n",
  "uploadtime": 1776093750,
  "views": 13,
  "formatid": "gen9championsvgc2026regma",
  "rating": 1136,
  "private": 0,
  "password": null
}