{
  "id": "gen9championsvgc2026regma-2581454932",
  "format": "[Gen 9 Champions] VGC 2026 Reg M-A",
  "players": [
    "kunkun4ever",
    "JohnHD"
  ],
  "log": "|j|\u2606kunkun4ever\n|j|\u2606JohnHD\n|t:|1776002061\n|gametype|doubles\n|player|p1|kunkun4ever|102|1190\n|player|p2|JohnHD|lucas|1163\n|gen|9\n|tier|[Gen 9 Champions] VGC 2026 Reg M-A\n|rated|\n|rule|Species Clause: Limit one of each Pok\u00e9mon\n|rule|Item Clause: Limit 1 of each item\n|clearpoke\n|poke|p1|Garchomp, L50, M|\n|poke|p1|Tyranitar, L50, F|\n|poke|p1|Scizor, L50, M|\n|poke|p1|Incineroar, L50, F|\n|poke|p1|Hatterene, L50, F|\n|poke|p1|Archaludon, L50, M|\n|poke|p2|Pelipper, L50, F|\n|poke|p2|Archaludon, L50, F|\n|poke|p2|Sinistcha, L50|\n|poke|p2|Feraligatr, L50, M|\n|poke|p2|Chesnaught, L50, F|\n|poke|p2|Incineroar, L50, F|\n|teampreview|4\n|\n|t:|1776002138\n|teamsize|p1|4\n|teamsize|p2|4\n|start\n|switch|p1a: Hatterene|Hatterene, L50, F|100/100\n|switch|p1b: Incineroar|Incineroar, L50, F|100/100\n|switch|p2a: Chesnaught|Chesnaught, L50, F|100/100\n|switch|p2b: Archaludon|Archaludon, L50, F|100/100\n|-ability|p1b: Incineroar|Intimidate|boost\n|-unboost|p2a: Chesnaught|atk|1\n|-unboost|p2b: Archaludon|atk|1\n|turn|1\n|\n|t:|1776002160\n|detailschange|p2a: Chesnaught|Chesnaught-Mega, L50, F\n|-mega|p2a: Chesnaught|Chesnaught|Chesnaughtite\n|move|p2b: Archaludon|Flash Cannon|p1a: Hatterene\n|-supereffective|p1a: Hatterene|1\n|-enditem|p1a: Hatterene|Babiri Berry|[eat]\n|-enditem|p1a: Hatterene|Babiri Berry|[weaken]\n|-damage|p1a: Hatterene|55/100\n|-unboost|p1a: Hatterene|spd|1\n|move|p1b: Incineroar|Flare Blitz|p2a: Chesnaught\n|-supereffective|p2a: Chesnaught|1\n|-damage|p2a: Chesnaught|48/100\n|-damage|p1b: Incineroar|84/100|[from] Recoil\n|move|p2a: Chesnaught|Body Press|p1b: Incineroar\n|-supereffective|p1b: Incineroar|1\n|-damage|p1b: Incineroar|0 fnt\n|faint|p1b: Incineroar\n|move|p1a: Hatterene|Trick Room|p1a: Hatterene\n|-fieldstart|move: Trick Room|[of] p1a: Hatterene\n|\n|upkeep\n|\n|t:|1776002175\n|switch|p1b: Archaludon|Archaludon, L50, M|100/100\n|turn|2\n|\n|t:|1776002186\n|move|p2a: Chesnaught|Spiky Shield|p2a: Chesnaught\n|-singleturn|p2a: Chesnaught|move: Protect\n|move|p2b: Archaludon|Protect|p2b: Archaludon\n|-singleturn|p2b: Archaludon|Protect\n|move|p1a: Hatterene|Dazzling Gleam|p2b: Archaludon|[spread] \n|-activate|p2a: Chesnaught|move: Protect\n|-activate|p2b: Archaludon|move: Protect\n|move|p1b: Archaludon|Aura Sphere|p2b: Archaludon\n|-activate|p2b: Archaludon|move: Protect\n|\n|upkeep\n|turn|3\n|\n|t:|1776002210\n|switch|p2b: Sinistcha|Sinistcha, L50|100/100\n|-heal|p2a: Chesnaught|73/100|[from] ability: Hospitality|[of] p2b: Sinistcha\n|move|p1a: Hatterene|Dazzling Gleam|p2a: Chesnaught|[spread] p2a,p2b\n|-supereffective|p2a: Chesnaught|1\n|-damage|p2a: Chesnaught|29/100\n|-damage|p2b: Sinistcha|68/100\n|move|p2a: Chesnaught|Body Press|p1b: Archaludon\n|-supereffective|p1b: Archaludon|1\n|-damage|p1b: Archaludon|30/100\n|-ability|p1b: Archaludon|Stamina|boost\n|-boost|p1b: Archaludon|def|1\n|move|p1b: Archaludon|Draco Meteor|p2b: Sinistcha|[miss]\n|-miss|p1b: Archaludon|p2b: Sinistcha\n|\n|-heal|p1b: Archaludon|37/100|[from] item: Leftovers\n|upkeep\n|turn|4\n|\n|t:|1776002246\n|move|p2a: Chesnaught|Spiky Shield|p2a: Chesnaught\n|-singleturn|p2a: Chesnaught|move: Protect\n|move|p1a: Hatterene|Dazzling Gleam|p2b: Sinistcha|[spread] p2b\n|-activate|p2a: Chesnaught|move: Protect\n|-damage|p2b: Sinistcha|36/100\n|-enditem|p2b: Sinistcha|Sitrus Berry|[eat]\n|-heal|p2b: Sinistcha|61/100|[from] item: Sitrus Berry\n|move|p2b: Sinistcha|Life Dew|p2b: Sinistcha|[spread] p2a,p2b\n|-heal|p2a: Chesnaught|54/100\n|-heal|p2b: Sinistcha|86/100\n|move|p1b: Archaludon|Draco Meteor|p2b: Sinistcha\n|-damage|p2b: Sinistcha|32/100\n|-unboost|p1b: Archaludon|spa|2\n|\n|-heal|p1b: Archaludon|43/100|[from] item: Leftovers\n|upkeep\n|turn|5\n|\n|t:|1776002283\n|switch|p2a: Archaludon|Archaludon, L50, F|100/100\n|switch|p1b: Tyranitar|Tyranitar, L50, F|100/100\n|-weather|Sandstorm|[from] ability: Sand Stream|[of] p1b: Tyranitar\n|move|p1a: Hatterene|Dazzling Gleam|p2b: Sinistcha|[spread] p2a,p2b\n|-damage|p2a: Archaludon|60/100\n|-damage|p2b: Sinistcha|1/100\n|-ability|p2a: Archaludon|Stamina|boost\n|-boost|p2a: Archaludon|def|1\n|move|p2b: Sinistcha|Life Dew|p2b: Sinistcha|[spread] p2a,p2b\n|-heal|p2a: Archaludon|85/100\n|-heal|p2b: Sinistcha|26/100\n|\n|-weather|Sandstorm|[upkeep]\n|-damage|p1a: Hatterene|49/100|[from] Sandstorm\n|-damage|p2b: Sinistcha|20/100|[from] Sandstorm\n|-fieldend|move: Trick Room\n|upkeep\n|turn|6\n|\n|t:|1776002332\n|move|p2a: Archaludon|Flash Cannon|p1a: Hatterene\n|-supereffective|p1a: Hatterene|1\n|-damage|p1a: Hatterene|0 fnt\n|faint|p1a: Hatterene\n|move|p2b: Sinistcha|Matcha Gotcha|p1b: Tyranitar|[miss]\n|-miss|p2b: Sinistcha|p1b: Tyranitar\n|move|p1b: Tyranitar|Dark Pulse|p2a: Archaludon\n|-damage|p2a: Archaludon|36/100\n|-ability|p2a: Archaludon|Stamina|boost\n|-boost|p2a: Archaludon|def|1\n|\n|-weather|Sandstorm|[upkeep]\n|-damage|p2b: Sinistcha|14/100|[from] Sandstorm\n|upkeep\n|\n|t:|1776002343\n|switch|p1a: Archaludon|Archaludon, L50, M|43/100\n|turn|7\n|\n|t:|1776002352\n|move|p2a: Archaludon|Dragon Pulse|p1a: Archaludon\n|-damage|p1a: Archaludon|0 fnt\n|faint|p1a: Archaludon\n|move|p2b: Sinistcha|Life Dew|p2b: Sinistcha|[spread] p2a,p2b\n|-heal|p2a: Archaludon|61/100\n|-heal|p2b: Sinistcha|39/100\n|move|p1b: Tyranitar|Dark Pulse|p2b: Sinistcha\n|-supereffective|p2b: Sinistcha|1\n|-damage|p2b: Sinistcha|0 fnt\n|faint|p2b: Sinistcha\n|\n|-weather|Sandstorm|[upkeep]\n|upkeep\n|-message|kunkun4ever forfeited.\n|\n|win|JohnHD\n|raw|kunkun4ever's rating: 1190 &rarr; <strong>1163</strong><br />(-27 for losing)\n|raw|JohnHD's rating: 1163 &rarr; <strong>1190</strong><br />(+27 for winning)\n|l|\u2606kunkun4ever\n|player|p1|\n",
  "uploadtime": 1776002371,
  "views": 19,
  "formatid": "gen9championsvgc2026regma",
  "rating": 1163,
  "private": 0,
  "password": null
}