{
  "id": "gen9championsvgc2026regma-2585529833",
  "format": "[Gen 9 Champions] VGC 2026 Reg M-A",
  "players": [
    "Law_NBD",
    "GUARAPOLOVER"
  ],
  "log": "|j|\u2606Law_NBD\n|j|\u2606GUARAPOLOVER\n|t:|1776353626\n|gametype|doubles\n|player|p1|Law_NBD|1|1125\n|player|p2|GUARAPOLOVER|battlegirl-gen4|1045\n|gen|9\n|tier|[Gen 9 Champions] VGC 2026 Reg M-A\n|rated|\n|rule|Species Clause: Limit one of each Pok\u00e9mon\n|rule|Item Clause: Limit 1 of each item\n|clearpoke\n|poke|p1|Scovillain, L50, M|\n|poke|p1|Milotic, L50, M|\n|poke|p1|Espathra, L50, M|\n|poke|p1|Sinistcha, L50|\n|poke|p1|Incineroar, L50, M|\n|poke|p1|Maushold, L50|\n|poke|p2|Gengar, L50, F|\n|poke|p2|Kangaskhan, L50, F|\n|poke|p2|Krookodile, L50, M|\n|poke|p2|Aerodactyl, L50, F|\n|poke|p2|Volcarona, L50, F|\n|poke|p2|Glimmora, L50, F|\n|teampreview|4\n|inactive|Battle timer is ON: inactive players will automatically lose when time's up. (requested by Law_NBD)\n|\n|t:|1776353666\n|teamsize|p1|4\n|teamsize|p2|4\n|start\n|switch|p1a: Incineroar|Incineroar, L50, M|100/100\n|switch|p1b: Espathra|Espathra, L50, M|100/100\n|switch|p2a: Volcarona|Volcarona, L50, F|100/100\n|switch|p2b: Glimmora|Glimmora, L50, F|100/100\n|-ability|p1a: Incineroar|Intimidate|boost\n|-unboost|p2a: Volcarona|atk|1\n|-unboost|p2b: Glimmora|atk|1\n|turn|1\n|\n|t:|1776353685\n|switch|p2b: Krookodile|Krookodile, L50, M|100/100\n|-ability|p2b: Krookodile|Intimidate|boost\n|-unboost|p1a: Incineroar|atk|1\n|-unboost|p1b: Espathra|atk|1\n|switch|p2a: Kangaskhan|Kangaskhan, L50, F|100/100\n|move|p1a: Incineroar|Fake Out|p2b: Krookodile\n|-damage|p2b: Krookodile|88/100\n|move|p1b: Espathra|Calm Mind|p1b: Espathra\n|-boost|p1b: Espathra|spa|1\n|-boost|p1b: Espathra|spd|1\n|\n|-ability|p1b: Espathra|Speed Boost|boost\n|-boost|p1b: Espathra|spe|1\n|upkeep\n|turn|2\n|\n|t:|1776353707\n|move|p1b: Espathra|Protect|p1b: Espathra\n|-singleturn|p1b: Espathra|Protect\n|move|p2a: Kangaskhan|Protect|p2a: Kangaskhan\n|-singleturn|p2a: Kangaskhan|Protect\n|move|p2b: Krookodile|Earthquake|p1b: Espathra|[spread] p1a\n|-activate|p2a: Kangaskhan|move: Protect\n|-activate|p1b: Espathra|move: Protect\n|-supereffective|p1a: Incineroar|1\n|-damage|p1a: Incineroar|17/100\n|-enditem|p1a: Incineroar|Sitrus Berry|[eat]\n|-heal|p1a: Incineroar|42/100|[from] item: Sitrus Berry\n|move|p1a: Incineroar|Parting Shot|p2b: Krookodile\n|-unboost|p2b: Krookodile|atk|1\n|-unboost|p2b: Krookodile|spa|1\n|\n|t:|1776353721\n|switch|p1a: Scovillain|Scovillain, L50, M|100/100|[from] Parting Shot\n|\n|-ability|p1b: Espathra|Speed Boost|boost\n|-boost|p1b: Espathra|spe|1\n|upkeep\n|turn|3\n|\n|t:|1776353736\n|switch|p2b: Glimmora|Glimmora, L50, F|100/100\n|detailschange|p1a: Scovillain|Scovillain-Mega, L50, M\n|-mega|p1a: Scovillain|Scovillain|Scovillainite\n|move|p1a: Scovillain|Rage Powder|p1a: Scovillain\n|-singleturn|p1a: Scovillain|move: Rage Powder\n|move|p2a: Kangaskhan|Sucker Punch||[still]\n|-fail|p2a: Kangaskhan\n|move|p1b: Espathra|Calm Mind|p1b: Espathra\n|-boost|p1b: Espathra|spa|1\n|-boost|p1b: Espathra|spd|1\n|\n|-ability|p1b: Espathra|Speed Boost|boost\n|-boost|p1b: Espathra|spe|1\n|upkeep\n|turn|4\n|inactive|GUARAPOLOVER has 30 seconds left.\n|\n|t:|1776353765\n|move|p1a: Scovillain|Rage Powder|p1a: Scovillain\n|-singleturn|p1a: Scovillain|move: Rage Powder\n|move|p1b: Espathra|Calm Mind|p1b: Espathra\n|-boost|p1b: Espathra|spa|1\n|-boost|p1b: Espathra|spd|1\n|move|p2b: Glimmora|Sludge Bomb|p1a: Scovillain\n|-supereffective|p1a: Scovillain|1\n|-damage|p1a: Scovillain|9/100\n|-status|p2b: Glimmora|brn|[from] ability: Spicy Spray|[of] p1a: Scovillain\n|move|p2a: Kangaskhan|Double-Edge|p1a: Scovillain\n|-damage|p1a: Scovillain|0 fnt\n|-status|p2a: Kangaskhan|brn|[from] ability: Spicy Spray|[of] p1a: Scovillain\n|faint|p1a: Scovillain\n|-damage|p2a: Kangaskhan|98/100 brn|[from] Recoil\n|\n|-damage|p2b: Glimmora|95/100 brn|[from] brn\n|-damage|p2a: Kangaskhan|92/100 brn|[from] brn\n|-ability|p1b: Espathra|Speed Boost|boost\n|-boost|p1b: Espathra|spe|1\n|upkeep\n|\n|t:|1776353784\n|switch|p1a: Incineroar|Incineroar, L50, M|42/100\n|-ability|p1a: Incineroar|Intimidate|boost\n|-fail|p2a: Kangaskhan|unboost|Attack|[from] ability: Inner Focus|[of] p2a: Kangaskhan\n|-unboost|p2b: Glimmora|atk|1\n|turn|5\n|\n|t:|1776353799\n|move|p2a: Kangaskhan|Protect|p2a: Kangaskhan\n|-singleturn|p2a: Kangaskhan|Protect\n|move|p1a: Incineroar|Fake Out|p2a: Kangaskhan\n|-activate|p2a: Kangaskhan|move: Protect\n|move|p1b: Espathra|Baton Pass|p1b: Espathra\n|\n|t:|1776353806\n|switch|p1b: Sinistcha|Sinistcha, L50|100/100|[from] Baton Pass\n|move|p2b: Glimmora|Sludge Bomb|p1a: Incineroar\n|-damage|p1a: Incineroar|0 fnt\n|faint|p1a: Incineroar\n|\n|-damage|p2b: Glimmora|89/100 brn|[from] brn\n|-damage|p2a: Kangaskhan|86/100 brn|[from] brn\n|upkeep\n|\n|t:|1776353812\n|switch|p1a: Espathra|Espathra, L50, M|100/100\n|turn|6\n|inactive|GUARAPOLOVER has 30 seconds left.\n|\n|t:|1776353843\n|move|p2a: Kangaskhan|Sucker Punch|p1b: Sinistcha\n|-supereffective|p1b: Sinistcha|1\n|-crit|p1b: Sinistcha\n|-damage|p1b: Sinistcha|68/100\n|move|p1b: Sinistcha|Matcha Gotcha|p2a: Kangaskhan|[spread] p2a,p2b\n|-damage|p2a: Kangaskhan|5/100 brn\n|-heal|p1b: Sinistcha|100/100|[from] drain|[of] p2a: Kangaskhan\n|-damage|p2b: Glimmora|0 fnt\n|faint|p2b: Glimmora\n|move|p1a: Espathra|Calm Mind|p1a: Espathra\n|-boost|p1a: Espathra|spa|1\n|-boost|p1a: Espathra|spd|1\n|\n|-damage|p2a: Kangaskhan|0 fnt|[from] brn\n|faint|p2a: Kangaskhan\n|-ability|p1a: Espathra|Speed Boost|boost\n|-boost|p1a: Espathra|spe|1\n|upkeep\n|\n|t:|1776353856\n|switch|p2b: Volcarona|Volcarona, L50, F|100/100\n|switch|p2a: Krookodile|Krookodile, L50, M|88/100\n|-ability|p2a: Krookodile|Intimidate|boost\n|-unboost|p1a: Espathra|atk|1\n|-unboost|p1b: Sinistcha|atk|1\n|turn|7\n|inactive|GUARAPOLOVER has 30 seconds left.\n|\n|t:|1776353888\n|move|p1b: Sinistcha|Protect|p1b: Sinistcha\n|-singleturn|p1b: Sinistcha|Protect\n|move|p1a: Espathra|Protect|p1a: Espathra\n|-singleturn|p1a: Espathra|Protect\n|move|p2b: Volcarona|Fiery Dance|p1b: Sinistcha\n|-activate|p1b: Sinistcha|move: Protect\n|move|p2a: Krookodile|Gunk Shot|p1b: Sinistcha\n|-activate|p1b: Sinistcha|move: Protect\n|\n|-ability|p1a: Espathra|Speed Boost|boost\n|-boost|p1a: Espathra|spe|1\n|upkeep\n|turn|8\n|inactive|Law_NBD has 30 seconds left.\n|inactive|Law_NBD has 20 seconds left.\n|\n|t:|1776353925\n|move|p1b: Sinistcha|Matcha Gotcha|p2b: Volcarona|[spread] p2a,p2b\n|-supereffective|p2a: Krookodile|1\n|-resisted|p2b: Volcarona|2\n|-damage|p2a: Krookodile|0 fnt\n|-damage|p2b: Volcarona|79/100\n|faint|p2a: Krookodile\n|move|p1a: Espathra|Lumina Crash|p2b: Volcarona\n|-damage|p2b: Volcarona|32/100\n|-unboost|p2b: Volcarona|spd|2\n|-enditem|p2b: Volcarona|Sitrus Berry|[eat]\n|-heal|p2b: Volcarona|57/100|[from] item: Sitrus Berry\n|move|p2b: Volcarona|Bug Buzz|p1a: Espathra\n|-supereffective|p1a: Espathra|1\n|-damage|p1a: Espathra|20/100\n|\n|-ability|p1a: Espathra|Speed Boost|boost\n|-boost|p1a: Espathra|spe|1\n|upkeep\n|turn|9\n|\n|t:|1776353947\n|move|p1a: Espathra|Lumina Crash|p2b: Volcarona\n|-damage|p2b: Volcarona|0 fnt\n|faint|p2b: Volcarona\n|\n|win|Law_NBD\n|raw|Law_NBD's rating: 1125 &rarr; <strong>1144</strong><br />(+19 for winning)\n|raw|GUARAPOLOVER's rating: 1045 &rarr; <strong>1032</strong><br />(-13 for losing)\n|l|\u2606GUARAPOLOVER\n|player|p2|\n",
  "uploadtime": 1776353954,
  "views": 24,
  "formatid": "gen9championsvgc2026regma",
  "rating": 1032,
  "private": 0,
  "password": null
}