{
  "id": "gen9championsvgc2026regma-2582934211",
  "format": "[Gen 9 Champions] VGC 2026 Reg M-A",
  "players": [
    "Aspecxt_",
    "underlinegui"
  ],
  "log": "|j|\u2606Aspecxt_\n|j|\u2606underlinegui\n|t:|1776126321\n|gametype|doubles\n|player|p1|Aspecxt_|whitney|1010\n|player|p2|underlinegui|169|1063\n|gen|9\n|tier|[Gen 9 Champions] VGC 2026 Reg M-A\n|rated|\n|rule|Species Clause: Limit one of each Pok\u00e9mon\n|rule|Item Clause: Limit 1 of each item\n|clearpoke\n|poke|p1|Manectric, L50, M|\n|poke|p1|Pelipper, L50, M|\n|poke|p1|Incineroar, L50, M|\n|poke|p1|Basculegion, L50, M|\n|poke|p1|Sinistcha, L50|\n|poke|p1|Glimmora, L50, F|\n|poke|p2|Gyarados, L50, M|\n|poke|p2|Sneasler, L50, M|\n|poke|p2|Incineroar, L50, F|\n|poke|p2|Tyranitar, L50, M|\n|poke|p2|Sinistcha, L50|\n|poke|p2|Floette-Eternal, L50, F|\n|teampreview|4\n|inactive|Battle timer is ON: inactive players will automatically lose when time's up. (requested by underlinegui)\n|inactive|Aspecxt_ has 60 seconds left.\n|inactive|underlinegui has 60 seconds left.\n|inactive|underlinegui has 30 seconds left.\n|inactive|underlinegui has 20 seconds left.\n|\n|t:|1776126393\n|teamsize|p1|4\n|teamsize|p2|4\n|start\n|switch|p1a: Manectric|Manectric, L50, M|100/100\n|switch|p1b: Pelipper|Pelipper, L50, M|100/100\n|switch|p2a: Gyarados|Gyarados, L50, M|100/100\n|switch|p2b: Incineroar|Incineroar, L50, F|100/100\n|-ability|p2a: Gyarados|Intimidate|boost\n|-unboost|p1a: Manectric|atk|1\n|-unboost|p1b: Pelipper|atk|1\n|-weather|RainDance|[from] ability: Drizzle|[of] p1b: Pelipper\n|-ability|p2b: Incineroar|Intimidate|boost\n|-unboost|p1a: Manectric|atk|1\n|-unboost|p1b: Pelipper|atk|1\n|turn|1\n|\n|t:|1776126415\n|detailschange|p1a: Manectric|Manectric-Mega, L50, M\n|-mega|p1a: Manectric|Manectric|Manectite\n|-ability|p1a: Manectric|Intimidate|boost\n|-unboost|p2a: Gyarados|atk|1\n|-unboost|p2b: Incineroar|atk|1\n|detailschange|p2a: Gyarados|Gyarados-Mega, L50, M\n|-mega|p2a: Gyarados|Gyarados|Gyaradosite\n|-ability|p2a: Gyarados|Mold Breaker\n|move|p2b: Incineroar|Fake Out|p1a: Manectric\n|-crit|p1a: Manectric\n|-damage|p1a: Manectric|79/100\n|cant|p1a: Manectric|flinch\n|move|p2a: Gyarados|Dragon Dance|p2a: Gyarados\n|-boost|p2a: Gyarados|atk|1\n|-boost|p2a: Gyarados|spe|1\n|move|p1b: Pelipper|Tailwind|p1b: Pelipper\n|-sidestart|p1: Aspecxt_|move: Tailwind\n|\n|-weather|RainDance|[upkeep]\n|upkeep\n|turn|2\n|inactive|Aspecxt_ has 30 seconds left.\n|\n|t:|1776126440\n|switch|p2a: Tyranitar|Tyranitar, L50, M|100/100\n|-weather|Sandstorm|[from] ability: Sand Stream|[of] p2a: Tyranitar\n|move|p1a: Manectric|Thunder|p2a: Tyranitar\n|-damage|p2a: Tyranitar|69/100\n|-status|p2a: Tyranitar|par\n|move|p1b: Pelipper|Weather Ball|p2b: Incineroar\n|-supereffective|p2b: Incineroar|1\n|-damage|p2b: Incineroar|57/100\n|move|p2b: Incineroar|Flare Blitz|p1a: Manectric\n|-damage|p1a: Manectric|34/100\n|-damage|p2b: Incineroar|46/100|[from] Recoil\n|\n|-weather|Sandstorm|[upkeep]\n|-damage|p1a: Manectric|27/100|[from] Sandstorm\n|-damage|p1b: Pelipper|95/100|[from] Sandstorm\n|-damage|p2b: Incineroar|40/100|[from] Sandstorm\n|upkeep\n|turn|3\n|inactive|Aspecxt_ has 30 seconds left.\n|inactive|underlinegui has 30 seconds left.\n|\n|t:|1776126475\n|move|p1b: Pelipper|Wide Guard|p1b: Pelipper\n|-singleturn|p1b: Pelipper|Wide Guard\n|move|p1a: Manectric|Volt Switch|p2b: Incineroar\n|-damage|p2b: Incineroar|11/100\n|\n|t:|1776126482\n|switch|p1a: Incineroar|Incineroar, L50, M|100/100|[from] Volt Switch\n|-ability|p1a: Incineroar|Intimidate|boost\n|-unboost|p2a: Tyranitar|atk|1\n|-unboost|p2b: Incineroar|atk|1\n|move|p2b: Incineroar|Parting Shot|p1b: Pelipper\n|-unboost|p1b: Pelipper|atk|1\n|-unboost|p1b: Pelipper|spa|1\n|\n|t:|1776126492\n|switch|p2b: Gyarados|Gyarados-Mega, L50, M|100/100|[from] Parting Shot\n|-ability|p2b: Gyarados|Mold Breaker\n|move|p2a: Tyranitar|Rock Slide|p1b: Pelipper|[spread] \n|-activate|p1a: Incineroar|move: Wide Guard\n|-activate|p1b: Pelipper|move: Wide Guard\n|\n|-weather|Sandstorm|[upkeep]\n|-damage|p1a: Incineroar|95/100|[from] Sandstorm\n|-damage|p1b: Pelipper|89/100|[from] Sandstorm\n|-damage|p2b: Gyarados|94/100|[from] Sandstorm\n|upkeep\n|turn|4\n|\n|t:|1776126515\n|switch|p1b: Sinistcha|Sinistcha, L50|100/100\n|-heal|p1a: Incineroar|100/100|[from] ability: Hospitality|[of] p1b: Sinistcha\n|move|p2b: Gyarados|Protect|p2b: Gyarados\n|-singleturn|p2b: Gyarados|Protect\n|move|p1a: Incineroar|Fake Out|p2b: Gyarados\n|-activate|p2b: Gyarados|move: Protect\n|move|p2a: Tyranitar|Low Kick|p1a: Incineroar\n|-supereffective|p1a: Incineroar|1\n|-damage|p1a: Incineroar|61/100\n|\n|-weather|Sandstorm|[upkeep]\n|-damage|p1b: Sinistcha|95/100|[from] Sandstorm\n|-damage|p1a: Incineroar|55/100|[from] Sandstorm\n|-damage|p2b: Gyarados|88/100|[from] Sandstorm\n|-heal|p1b: Sinistcha|100/100|[from] item: Leftovers\n|-sideend|p1: Aspecxt_|move: Tailwind\n|upkeep\n|turn|5\n|\n|t:|1776126536\n|move|p2b: Gyarados|Waterfall|p1a: Incineroar\n|-supereffective|p1a: Incineroar|1\n|-damage|p1a: Incineroar|0 fnt\n|faint|p1a: Incineroar\n|move|p1b: Sinistcha|Matcha Gotcha|p2b: Gyarados|[spread] p2a,p2b\n|-supereffective|p2a: Tyranitar|1\n|-supereffective|p2b: Gyarados|1\n|-damage|p2a: Tyranitar|37/100 par\n|-damage|p2b: Gyarados|44/100\n|move|p2a: Tyranitar|Knock Off|p1b: Sinistcha\n|-supereffective|p1b: Sinistcha|1\n|-damage|p1b: Sinistcha|34/100\n|-enditem|p1b: Sinistcha|Leftovers|[from] move: Knock Off|[of] p2a: Tyranitar\n|\n|-weather|Sandstorm|[upkeep]\n|-damage|p2b: Gyarados|37/100|[from] Sandstorm\n|-damage|p1b: Sinistcha|28/100|[from] Sandstorm\n|upkeep\n|\n|t:|1776126549\n|switch|p1a: Manectric|Manectric-Mega, L50, M|27/100\n|-ability|p1a: Manectric|Intimidate|boost\n|-unboost|p2a: Tyranitar|atk|1\n|-unboost|p2b: Gyarados|atk|1\n|turn|6\n|\n|t:|1776126561\n|switch|p2a: Incineroar|Incineroar, L50, F|11/100\n|-ability|p2a: Incineroar|Intimidate|boost\n|-unboost|p1a: Manectric|atk|1\n|-unboost|p1b: Sinistcha|atk|1\n|move|p2b: Gyarados|Protect|p2b: Gyarados\n|-singleturn|p2b: Gyarados|Protect\n|move|p1a: Manectric|Volt Switch|p2b: Gyarados\n|-activate|p2b: Gyarados|move: Protect\n|move|p1b: Sinistcha|Matcha Gotcha|p2a: Incineroar|[spread] p2a\n|-activate|p2b: Gyarados|move: Protect\n|-resisted|p2a: Incineroar|1\n|-damage|p2a: Incineroar|2/100\n|-heal|p1b: Sinistcha|34/100|[from] drain|[of] p2a: Incineroar\n|\n|-weather|none\n|upkeep\n|turn|7\n|\n|t:|1776126582\n|move|p1a: Manectric|Protect|p1a: Manectric\n|-singleturn|p1a: Manectric|Protect\n|move|p1b: Sinistcha|Protect|p1b: Sinistcha\n|-singleturn|p1b: Sinistcha|Protect\n|move|p2a: Incineroar|Fake Out|p1a: Manectric\n|-activate|p1a: Manectric|move: Protect\n|move|p2b: Gyarados|Crunch|p1b: Sinistcha\n|-activate|p1b: Sinistcha|move: Protect\n|\n|upkeep\n|turn|8\n|\n|t:|1776126605\n|switch|p1b: Pelipper|Pelipper, L50, M|89/100\n|-weather|RainDance|[from] ability: Drizzle|[of] p1b: Pelipper\n|move|p2b: Gyarados|Protect|p2b: Gyarados\n|-singleturn|p2b: Gyarados|Protect\n|move|p1a: Manectric|Volt Switch|p2b: Gyarados\n|-activate|p2b: Gyarados|move: Protect\n|move|p2a: Incineroar|Flare Blitz|p1b: Pelipper\n|-resisted|p1b: Pelipper|1\n|-damage|p1b: Pelipper|75/100\n|-damage|p2a: Incineroar|0 fnt|[from] Recoil\n|faint|p2a: Incineroar\n|\n|-weather|RainDance|[upkeep]\n|upkeep\n|\n|t:|1776126628\n|switch|p2a: Tyranitar|Tyranitar, L50, M|37/100 par\n|-weather|Sandstorm|[from] ability: Sand Stream|[of] p2a: Tyranitar\n|turn|9\n|\n|t:|1776126639\n|switch|p2b: Sneasler|Sneasler, L50, M|100/100\n|move|p1a: Manectric|Volt Switch|p2b: Sneasler\n|-damage|p2b: Sneasler|52/100\n|\n|t:|1776126644\n|switch|p1a: Sinistcha|Sinistcha, L50|34/100|[from] Volt Switch\n|-heal|p1b: Pelipper|100/100|[from] ability: Hospitality|[of] p1a: Sinistcha\n|move|p1b: Pelipper|Tailwind|p1b: Pelipper\n|-sidestart|p1: Aspecxt_|move: Tailwind\n|move|p2a: Tyranitar|Knock Off|p1b: Pelipper\n|-damage|p1b: Pelipper|35/100\n|-enditem|p1b: Pelipper|Focus Sash|[from] move: Knock Off|[of] p2a: Tyranitar\n|\n|-weather|Sandstorm|[upkeep]\n|-damage|p1a: Sinistcha|29/100|[from] Sandstorm\n|-damage|p2b: Sneasler|46/100|[from] Sandstorm\n|-damage|p1b: Pelipper|29/100|[from] Sandstorm\n|upkeep\n|turn|10\n|\n|t:|1776126670\n|move|p2a: Tyranitar|Protect|p2a: Tyranitar\n|-singleturn|p2a: Tyranitar|Protect\n|move|p1a: Sinistcha|Matcha Gotcha|p2a: Tyranitar|[spread] p2b\n|-activate|p2a: Tyranitar|move: Protect\n|-resisted|p2b: Sneasler|1\n|-damage|p2b: Sneasler|28/100\n|-heal|p1a: Sinistcha|38/100|[from] drain|[of] p2b: Sneasler\n|move|p2b: Sneasler|Gunk Shot|p1a: Sinistcha\n|-damage|p1a: Sinistcha|0 fnt\n|faint|p1a: Sinistcha\n|move|p1b: Pelipper|Hurricane|p2b: Sneasler\n|-supereffective|p2b: Sneasler|1\n|-damage|p2b: Sneasler|0 fnt\n|faint|p2b: Sneasler\n|\n|-weather|Sandstorm|[upkeep]\n|-damage|p1b: Pelipper|23/100|[from] Sandstorm\n|upkeep\n|\n|t:|1776126684\n|switch|p2b: Gyarados|Gyarados-Mega, L50, M|37/100\n|switch|p1a: Manectric|Manectric-Mega, L50, M|27/100\n|-ability|p1a: Manectric|Intimidate|boost\n|-unboost|p2a: Tyranitar|atk|1\n|-unboost|p2b: Gyarados|atk|1\n|-ability|p2b: Gyarados|Mold Breaker\n|turn|11\n|\n|t:|1776126696\n|move|p2b: Gyarados|Protect|p2b: Gyarados\n|-singleturn|p2b: Gyarados|Protect\n|move|p1a: Manectric|Volt Switch|p2b: Gyarados\n|-activate|p2b: Gyarados|move: Protect\n|move|p1b: Pelipper|Hurricane|p2a: Tyranitar\n|-resisted|p2a: Tyranitar|1\n|-damage|p2a: Tyranitar|25/100 par\n|move|p2a: Tyranitar|Knock Off|p1a: Manectric\n|-damage|p1a: Manectric|0 fnt\n|faint|p1a: Manectric\n|\n|-weather|Sandstorm|[upkeep]\n|-damage|p1b: Pelipper|17/100|[from] Sandstorm\n|-damage|p2b: Gyarados|31/100|[from] Sandstorm\n|upkeep\n|turn|12\n|\n|t:|1776126711\n|move|p1b: Pelipper|Hurricane|p2b: Gyarados\n|-damage|p2b: Gyarados|0 fnt\n|faint|p2b: Gyarados\n|move|p2a: Tyranitar|Knock Off|p1b: Pelipper\n|-damage|p1b: Pelipper|0 fnt\n|faint|p1b: Pelipper\n|\n|win|underlinegui\n|raw|Aspecxt_'s rating: 1010 &rarr; <strong>1000</strong><br />(-10 for losing)\n|raw|underlinegui's rating: 1063 &rarr; <strong>1089</strong><br />(+26 for winning)\n|l|\u2606Aspecxt_\n|player|p1|\n",
  "uploadtime": 1776126718,
  "views": 14,
  "formatid": "gen9championsvgc2026regma",
  "rating": 1000,
  "private": 0,
  "password": null
}