{
  "id": "gen9championsvgc2026regma-2584264937",
  "format": "[Gen 9 Champions] VGC 2026 Reg M-A",
  "players": [
    "Bio_Hazz",
    "fennekinlovr\u2661\u2661\u2661"
  ],
  "log": "|j|\u2606Bio_Hazz\n|j|\u2606fennekinlovr\u2661\u2661\u2661\n|t:|1776244880\n|gametype|doubles\n|player|p1|Bio_Hazz|lucas|1059\n|player|p2|fennekinlovr\u2661\u2661\u2661|169|1042\n|gen|9\n|tier|[Gen 9 Champions] VGC 2026 Reg M-A\n|rated|\n|rule|Species Clause: Limit one of each Pok\u00e9mon\n|rule|Item Clause: Limit 1 of each item\n|clearpoke\n|poke|p1|Crabominable, L50, M|\n|poke|p1|Slowking, L50, F|\n|poke|p1|Incineroar, L50, F|\n|poke|p1|Camerupt, L50, M|\n|poke|p1|Sneasler, L50, F|\n|poke|p1|Hatterene, L50, F|\n|poke|p2|Dragapult, L50, M|\n|poke|p2|Altaria, L50, F|\n|poke|p2|Primarina, L50, F|\n|poke|p2|Pelipper, L50, F|\n|poke|p2|Incineroar, L50, F|\n|poke|p2|Garchomp, L50, M|\n|teampreview|4\nBio_Hazz rejected open team sheets.\n|\n|t:|1776244911\n|teamsize|p1|4\n|teamsize|p2|4\n|start\n|switch|p1a: Incineroar|Incineroar, L50, F|100/100\n|switch|p1b: Slowking|Slowking, L50, F|100/100\n|switch|p2a: Pelipper|Pelipper, L50, F|100/100\n|switch|p2b: Garchomp|Garchomp, L50, M|100/100\n|-weather|RainDance|[from] ability: Drizzle|[of] p2a: Pelipper\n|-ability|p1a: Incineroar|Intimidate|boost\n|-unboost|p2a: Pelipper|atk|1\n|-unboost|p2b: Garchomp|atk|1\n|turn|1\n|\n|t:|1776244935\n|move|p2a: Pelipper|Helping Hand|p2b: Garchomp\n|-singleturn|p2b: Garchomp|Helping Hand|[of] p2a: Pelipper\n|move|p1a: Incineroar|Fake Out|p2a: Pelipper\n|-damage|p2a: Pelipper|86/100\n|move|p2b: Garchomp|Earthquake|p1b: Slowking|[spread] p1a,p1b\n|-immune|p2a: Pelipper\n|-supereffective|p1a: Incineroar|1\n|-damage|p1a: Incineroar|25/100\n|-damage|p1b: Slowking|72/100\n|move|p1b: Slowking|Trick Room|p1b: Slowking\n|-fieldstart|move: Trick Room|[of] p1b: Slowking\n|\n|-weather|RainDance|[upkeep]\n|-heal|p2a: Pelipper|92/100|[from] item: Leftovers\n|upkeep\n|turn|2\n|\n|t:|1776244953\n|move|p2a: Pelipper|Helping Hand|p2b: Garchomp\n|-singleturn|p2b: Garchomp|Helping Hand|[of] p2a: Pelipper\n|-prepare|p1b: Slowking|Chilly Reception|[premajor]\n|move|p1b: Slowking|Chilly Reception|p1b: Slowking\n|-weather|Snowscape\n|\n|t:|1776244960\n|switch|p1b: Crabominable|Crabominable, L50, M|100/100|[from] Chilly Reception\n|move|p1a: Incineroar|Parting Shot|p2b: Garchomp\n|-unboost|p2b: Garchomp|atk|1\n|-unboost|p2b: Garchomp|spa|1\n|\n|t:|1776244970\n|switch|p1a: Hatterene|Hatterene, L50, F|100/100|[from] Parting Shot\n|move|p2b: Garchomp|Earthquake|p1b: Crabominable|[spread] p1a,p1b\n|-immune|p2a: Pelipper\n|-damage|p1a: Hatterene|66/100\n|-damage|p1b: Crabominable|78/100\n|\n|-weather|Snowscape|[upkeep]\n|-heal|p2a: Pelipper|98/100|[from] item: Leftovers\n|upkeep\n|turn|3\n|inactive|Battle timer is ON: inactive players will automatically lose when time's up. (requested by Bio_Hazz)\n|\n|t:|1776244992\n|switch|p2a: Incineroar|Incineroar, L50, F|100/100\n|-ability|p2a: Incineroar|Intimidate|boost\n|-unboost|p1a: Hatterene|atk|1\n|-fail|p1b: Crabominable|unboost|Attack|[from] ability: Hyper Cutter|[of] p1b: Crabominable\n|switch|p2b: Primarina|Primarina, L50, F, shiny|100/100\n|detailschange|p1b: Crabominable|Crabominable-Mega, L50, M\n|-mega|p1b: Crabominable|Crabominable|Crabominite\n|move|p1b: Crabominable|Thunder Punch|p2a: Incineroar\n|-damage|p2a: Incineroar|62/100\n|move|p1a: Hatterene|Dazzling Gleam|p2a: Incineroar|[spread] p2a,p2b\n|-damage|p2a: Incineroar|22/100\n|-damage|p2b: Primarina|63/100\n|\n|-weather|Snowscape|[upkeep]\n|upkeep\n|turn|4\n|\n|t:|1776245015\n|move|p1b: Crabominable|Protect|p1b: Crabominable\n|-singleturn|p1b: Crabominable|Protect\n|move|p2a: Incineroar|Fake Out|p1b: Crabominable\n|-activate|p1b: Crabominable|move: Protect\n|move|p1a: Hatterene|Dazzling Gleam|p2b: Primarina|[spread] p2a,p2b\n|-damage|p2a: Incineroar|0 fnt\n|-damage|p2b: Primarina|29/100\n|-enditem|p2b: Primarina|Sitrus Berry|[eat]\n|-heal|p2b: Primarina|54/100|[from] item: Sitrus Berry\n|faint|p2a: Incineroar\n|move|p2b: Primarina|Hyper Voice|p1a: Hatterene|[spread] p1a\n|-activate|p1b: Crabominable|move: Protect\n|-damage|p1a: Hatterene|36/100\n|\n|-weather|Snowscape|[upkeep]\n|upkeep\n|\n|t:|1776245025\n|switch|p2a: Garchomp|Garchomp, L50, M|100/100\n|turn|5\n|\n|t:|1776245045\n|move|p2b: Primarina|Protect|p2b: Primarina\n|-singleturn|p2b: Primarina|Protect\n|move|p2a: Garchomp|Protect|p2a: Garchomp\n|-singleturn|p2a: Garchomp|Protect\n|move|p1b: Crabominable|Thunder Punch|p2b: Primarina\n|-activate|p2b: Primarina|move: Protect\n|move|p1a: Hatterene|Dazzling Gleam|p2b: Primarina|[spread] \n|-activate|p2a: Garchomp|move: Protect\n|-activate|p2b: Primarina|move: Protect\n|\n|-weather|Snowscape|[upkeep]\n|-fieldend|move: Trick Room\n|upkeep\n|turn|6\n|inactive|fennekinlovr\u2661\u2661\u2661 has 30 seconds left.\n|inactive|fennekinlovr\u2661\u2661\u2661 has 20 seconds left.\n|inactive|fennekinlovr\u2661\u2661\u2661 has 15 seconds left.\n|inactive|fennekinlovr\u2661\u2661\u2661 has 10 seconds left.\n|\n|t:|1776245093\n|move|p1b: Crabominable|Protect|p1b: Crabominable\n|-singleturn|p1b: Crabominable|Protect\n|move|p2a: Garchomp|Dragon Claw|p1b: Crabominable\n|-activate|p1b: Crabominable|move: Protect\n|move|p2b: Primarina|Hyper Voice|p1a: Hatterene|[spread] p1a\n|-activate|p1b: Crabominable|move: Protect\n|-damage|p1a: Hatterene|9/100\n|move|p1a: Hatterene|Trick Room|p1a: Hatterene\n|-fieldstart|move: Trick Room|[of] p1a: Hatterene\n|\n|-weather|none\n|upkeep\n|turn|7\n|-message|fennekinlovr\u2661\u2661\u2661 forfeited.\n|\n|win|Bio_Hazz\n|raw|Bio_Hazz's rating: 1059 &rarr; <strong>1089</strong><br />(+30 for winning)\n|raw|fennekinlovr\u2661\u2661\u2661's rating: 1042 &rarr; <strong>1026</strong><br />(-16 for losing)\n|l|\u2606fennekinlovr\u2661\u2661\u2661\n|player|p2|\n",
  "uploadtime": 1776245108,
  "views": 33,
  "formatid": "gen9championsvgc2026regma",
  "rating": 1026,
  "private": 0,
  "password": null
}