{
  "id": "gen9championsvgc2026regma-2587554565",
  "format": "[Gen 9 Champions] VGC 2026 Reg M-A",
  "players": [
    "Johten",
    "pythongoat"
  ],
  "log": "|j|\u2606Johten\n|j|\u2606pythongoat\n|t:|1776541836\n|gametype|doubles\n|player|p1|Johten|veteran|1119\n|player|p2|pythongoat|102|1105\n|gen|9\n|tier|[Gen 9 Champions] VGC 2026 Reg M-A\n|rated|\n|rule|Species Clause: Limit one of each Pok\u00e9mon\n|rule|Item Clause: Limit 1 of each item\n|clearpoke\n|poke|p1|Aggron, L50, M|\n|poke|p1|Farigiraf, L50, F|\n|poke|p1|Gallade, L50, M|\n|poke|p1|Luxray, L50, M|\n|poke|p1|Aerodactyl, L50, F|\n|poke|p1|Milotic, L50, M|\n|poke|p2|Aerodactyl, L50, M|\n|poke|p2|Incineroar, L50, M|\n|poke|p2|Floette-Eternal, L50, F|\n|poke|p2|Basculegion, L50, M|\n|poke|p2|Garchomp, L50, M|\n|poke|p2|Sneasler, L50, M|\n|teampreview|4\n|inactive|Battle timer is ON: inactive players will automatically lose when time's up. (requested by Johten)\n|inactive|pythongoat has 60 seconds left.\n|\n|t:|1776541884\n|teamsize|p1|4\n|teamsize|p2|4\n|start\n|switch|p1a: Milotic|Milotic, L50, M|100/100\n|switch|p1b: Aggron|Aggron, L50, M|100/100\n|switch|p2a: Sneasler|Sneasler, L50, M|100/100\n|switch|p2b: Aerodactyl|Aerodactyl, L50, M|100/100\n|-ability|p2b: Aerodactyl|Unnerve\n|turn|1\n|\n|t:|1776541902\n|switch|p1a: Farigiraf|Farigiraf, L50, F|100/100\n|detailschange|p1b: Aggron|Aggron-Mega, L50, M\n|-mega|p1b: Aggron|Aggron|Aggronite\n|move|p2b: Aerodactyl|Tailwind|p2b: Aerodactyl\n|-sidestart|p2: pythongoat|move: Tailwind\n|move|p2a: Sneasler|Close Combat|p1b: Aggron\n|-supereffective|p1b: Aggron|1\n|-damage|p1b: Aggron|52/100\n|-unboost|p2a: Sneasler|def|1\n|-unboost|p2a: Sneasler|spd|1\n|-enditem|p2a: Sneasler|White Herb\n|-clearnegativeboost|p2a: Sneasler|[silent]\n|move|p1b: Aggron|Iron Defense|p1b: Aggron\n|-boost|p1b: Aggron|def|2\n|\n|upkeep\n|turn|2\n|inactive|pythongoat has 30 seconds left.\n|inactive|Johten has 30 seconds left.\n|inactive|pythongoat has 20 seconds left.\n|\n|t:|1776541937\n|move|p2a: Sneasler|Close Combat|p1b: Aggron\n|-supereffective|p1b: Aggron|1\n|-damage|p1b: Aggron|26/100\n|-unboost|p2a: Sneasler|def|1\n|-unboost|p2a: Sneasler|spd|1\n|move|p2b: Aerodactyl|Dual Wingbeat|p1a: Farigiraf\n|-damage|p1a: Farigiraf|84/100\n|-damage|p1a: Farigiraf|68/100\n|-hitcount|p1a: Farigiraf|2\n|move|p1a: Farigiraf|Twin Beam|p2a: Sneasler\n|-supereffective|p2a: Sneasler|2\n|-damage|p2a: Sneasler|0 fnt\n|faint|p2a: Sneasler\n|-hitcount|p2: Sneasler|1\n|move|p1b: Aggron|Heavy Slam|p2b: Aerodactyl\n|-supereffective|p2b: Aerodactyl|1\n|-enditem|p2b: Aerodactyl|Focus Sash\n|-damage|p2b: Aerodactyl|1/100\n|\n|upkeep\n|\n|t:|1776541955\n|switch|p2a: Garchomp|Garchomp, L50, M|100/100\n|turn|3\n|\n|t:|1776541967\n|move|p2b: Aerodactyl|Protect|p2b: Aerodactyl\n|-singleturn|p2b: Aerodactyl|Protect\n|move|p1b: Aggron|Protect|p1b: Aggron\n|-singleturn|p1b: Aggron|Protect\n|move|p2a: Garchomp|Earthquake|p1a: Farigiraf|[spread] p1a\n|-activate|p2b: Aerodactyl|move: Protect\n|-activate|p1b: Aggron|move: Protect\n|-crit|p1a: Farigiraf\n|-damage|p1a: Farigiraf|20/100\n|move|p1a: Farigiraf|Twin Beam|p2b: Aerodactyl\n|-activate|p2b: Aerodactyl|move: Protect\n|\n|upkeep\n|turn|4\n|\n|t:|1776541987\n|switch|p1a: Luxray|Luxray, L50, M|100/100\n|-ability|p1a: Luxray|Intimidate|boost\n|-unboost|p2a: Garchomp|atk|1\n|-unboost|p2b: Aerodactyl|atk|1\n|move|p2b: Aerodactyl|Dual Wingbeat|p1a: Luxray\n|-resisted|p1a: Luxray|1\n|-damage|p1a: Luxray|95/100\n|-resisted|p1a: Luxray|1\n|-damage|p1a: Luxray|88/100\n|-hitcount|p1a: Luxray|2\n|move|p2a: Garchomp|Earthquake|p1a: Luxray|[spread] p1a,p1b\n|-immune|p2b: Aerodactyl\n|-supereffective|p1a: Luxray|1\n|-supereffective|p1b: Aggron|1\n|-damage|p1a: Luxray|36/100\n|-damage|p1b: Aggron|16/100\n|move|p1b: Aggron|Body Press|p2a: Garchomp\n|-damage|p2a: Garchomp|29/100\n|-damage|p1b: Aggron|4/100|[from] ability: Rough Skin|[of] p2a: Garchomp\n|\n|-sideend|p2: pythongoat|move: Tailwind\n|upkeep\n|turn|5\n|inactive|Johten has 30 seconds left.\n|inactive|pythongoat has 30 seconds left.\n|\n|t:|1776542014\n|switch|p1a: Farigiraf|Farigiraf, L50, F|20/100\n|move|p2b: Aerodactyl|Protect|p2b: Aerodactyl\n|-singleturn|p2b: Aerodactyl|Protect\n|move|p2a: Garchomp|Earthquake|p1a: Farigiraf|[spread] p1a,p1b\n|-activate|p2b: Aerodactyl|move: Protect\n|-supereffective|p1b: Aggron|1\n|-damage|p1a: Farigiraf|0 fnt\n|-damage|p1b: Aggron|0 fnt\n|faint|p1a: Farigiraf\n|faint|p1b: Aggron\n|\n|upkeep\n|\n|t:|1776542025\n|switch|p1a: Luxray|Luxray, L50, M|36/100\n|switch|p1b: Milotic|Milotic, L50, M|100/100\n|-ability|p1a: Luxray|Intimidate|boost\n|-unboost|p2a: Garchomp|atk|1\n|-unboost|p2b: Aerodactyl|atk|1\n|turn|6\n|\n|t:|1776542046\n|switch|p2a: Floette|Floette-Eternal, L50, F|100/100\n|move|p1a: Luxray|Protect|p1a: Luxray\n|-singleturn|p1a: Luxray|Protect\n|move|p2b: Aerodactyl|Tailwind|p2b: Aerodactyl\n|-sidestart|p2: pythongoat|move: Tailwind\n|move|p1b: Milotic|Icy Wind|p2b: Aerodactyl|[spread] p2a,p2b\n|-supereffective|p2b: Aerodactyl|1\n|-damage|p2a: Floette|91/100\n|-damage|p2b: Aerodactyl|0 fnt\n|-unboost|p2a: Floette|spe|1\n|faint|p2b: Aerodactyl\n|\n|upkeep\n|\n|t:|1776542059\n|switch|p2b: Garchomp|Garchomp, L50, M|29/100\n|turn|7\n|\n|t:|1776542067\n|detailschange|p2a: Floette|Floette-Mega, L50, F\n|-mega|p2a: Floette|Floette|Floettite\n|-ability|p2a: Floette|Fairy Aura\n|move|p1a: Luxray|Protect|p1a: Luxray\n|-singleturn|p1a: Luxray|Protect\n|move|p2b: Garchomp|Earthquake|p1b: Milotic|[spread] p2a,p1b\n|-activate|p1a: Luxray|move: Protect\n|-damage|p2a: Floette|34/100\n|-damage|p1b: Milotic|65/100\n|move|p2a: Floette|Dazzling Gleam|p1a: Luxray|[spread] p1b\n|-activate|p1a: Luxray|move: Protect\n|-damage|p1b: Milotic|33/100\n|move|p1b: Milotic|Icy Wind|p2b: Garchomp|[spread] p2a,p2b\n|-supereffective|p2b: Garchomp|2\n|-damage|p2a: Floette|25/100\n|-damage|p2b: Garchomp|0 fnt\n|-unboost|p2a: Floette|spe|1\n|faint|p2b: Garchomp\n|\n|-heal|p1b: Milotic|40/100|[from] item: Leftovers\n|upkeep\n|turn|8\n|inactive|Johten has 30 seconds left.\n|inactive|pythongoat has 30 seconds left.\n|inactive|pythongoat has 20 seconds left.\n|inactive|Johten has 20 seconds left.\n|inactive|pythongoat has 15 seconds left.\n|\n|t:|1776542110\n|move|p2a: Floette|Moonblast|p1b: Milotic\n|-damage|p1b: Milotic|0 fnt\n|faint|p1b: Milotic\n|move|p1a: Luxray|Snarl|p2a: Floette\n|-resisted|p2a: Floette|1\n|-damage|p2a: Floette|20/100\n|-unboost|p2a: Floette|spa|1\n|\n|upkeep\n|turn|9\n|\n|t:|1776542121\n|move|p1a: Luxray|Protect|p1a: Luxray\n|-singleturn|p1a: Luxray|Protect\n|move|p2a: Floette|Moonblast|p1a: Luxray\n|-activate|p1a: Luxray|move: Protect\n|\n|-sideend|p2: pythongoat|move: Tailwind\n|upkeep\n|turn|10\n|inactive|Johten has 30 seconds left.\n|inactive|Johten has 20 seconds left.\n|inactive|Johten has 15 seconds left.\n|\n|t:|1776542161\n|move|p1a: Luxray|Superpower|p2a: Floette\n|-resisted|p2a: Floette|1\n|-damage|p2a: Floette|0 fnt\n|-unboost|p1a: Luxray|atk|1\n|-unboost|p1a: Luxray|def|1\n|faint|p2a: Floette\n|\n|win|Johten\n|raw|Johten's rating: 1119 &rarr; <strong>1143</strong><br />(+24 for winning)\n|raw|pythongoat's rating: 1105 &rarr; <strong>1081</strong><br />(-24 for losing)\n",
  "uploadtime": 1776542169,
  "views": 18,
  "formatid": "gen9championsvgc2026regma",
  "rating": 1081,
  "private": 0,
  "password": null
}