{
  "id": "gen9championsvgc2026regma-2580943062",
  "format": "[Gen 9 Champions] VGC 2026 Reg M-A",
  "players": [
    "azunarill",
    "phan of phanpy"
  ],
  "log": "|j|\u2606azunarill\n|j|\u2606phan of phanpy\n|t:|1775945369\n|gametype|doubles\n|player|p1|azunarill|265|1043\n|player|p2|phan of phanpy|pokemaniac|1017\n|gen|9\n|tier|[Gen 9 Champions] VGC 2026 Reg M-A\n|rated|\n|rule|Species Clause: Limit one of each Pok\u00e9mon\n|rule|Item Clause: Limit 1 of each item\n|clearpoke\n|poke|p1|Froslass, L50, F|\n|poke|p1|Primarina, L50, F|\n|poke|p1|Volcarona, L50, M|\n|poke|p1|Sneasler, L50, M|\n|poke|p1|Kingambit, L50, F|\n|poke|p1|Farigiraf, L50, M|\n|poke|p2|Blastoise, L50, M|\n|poke|p2|Toxicroak, L50, F|\n|poke|p2|Pelipper, L50, F|\n|poke|p2|Medicham, L50, F|\n|poke|p2|Clefable, L50, M|\n|poke|p2|Basculegion, L50, M|\n|teampreview|4\n|inactive|Battle timer is ON: inactive players will automatically lose when time's up. (requested by azunarill)\n|\n|t:|1775945402\n|teamsize|p1|4\n|teamsize|p2|4\n|start\n|switch|p1a: Primarina|Primarina, L50, F|100/100\n|switch|p1b: Farigiraf|Farigiraf, L50, M|100/100\n|switch|p2a: Big Man|Blastoise, L50, M|100/100\n|switch|p2b: Namaste|Clefable, L50, M|100/100\n|turn|1\n|\n|t:|1775945426\n|move|p2a: Big Man|Protect|p2a: Big Man\n|-singleturn|p2a: Big Man|Protect\n|move|p1a: Primarina|Moonblast|p2a: Big Man\n|-activate|p2a: Big Man|move: Protect\n|move|p2b: Namaste|Baton Pass|p2b: Namaste\n|\n|t:|1775945432\n|switch|p2b: Rick Flair Drip|Pelipper, L50, F|100/100|[from] Baton Pass\n|-weather|RainDance|[from] ability: Drizzle|[of] p2b: Rick Flair Drip\n|move|p1b: Farigiraf|Trick Room|p1b: Farigiraf\n|-fieldstart|move: Trick Room|[of] p1b: Farigiraf\n|\n|-weather|RainDance|[upkeep]\n|upkeep\n|turn|2\n|inactive|phan of phanpy has 30 seconds left.\n|\n|t:|1775945457\n|detailschange|p2a: Big Man|Blastoise-Mega, L50, M\n|-mega|p2a: Big Man|Blastoise|Blastoisinite\n|move|p2b: Rick Flair Drip|Wide Guard|p2b: Rick Flair Drip\n|-singleturn|p2b: Rick Flair Drip|Wide Guard\n|move|p1b: Farigiraf|Hyper Voice|p2a: Big Man|[spread] \n|-activate|p2a: Big Man|move: Wide Guard\n|-activate|p2b: Rick Flair Drip|move: Wide Guard\n|move|p1a: Primarina|Moonblast|p2a: Big Man\n|-damage|p2a: Big Man|56/100\n|move|p2a: Big Man|Surf|p1b: Farigiraf|[spread] p1a,p1b\n|-activate|p2b: Rick Flair Drip|move: Wide Guard\n|-resisted|p1a: Primarina|1\n|-damage|p1a: Primarina|78/100\n|-damage|p1b: Farigiraf|41/100\n|\n|-weather|RainDance|[upkeep]\n|-heal|p1a: Primarina|84/100|[from] item: Leftovers\n|upkeep\n|turn|3\n|inactive|azunarill has 30 seconds left.\n|\n|t:|1775945486\n|move|p2a: Big Man|Protect|p2a: Big Man\n|-singleturn|p2a: Big Man|Protect\n|move|p1a: Primarina|Moonblast|p2a: Big Man\n|-activate|p2a: Big Man|move: Protect\n|move|p1b: Farigiraf|Psychic|p2a: Big Man\n|-activate|p2a: Big Man|move: Protect\n|move|p2b: Rick Flair Drip|Hurricane|p1b: Farigiraf\n|-damage|p1b: Farigiraf|4/100\n|\n|-weather|RainDance|[upkeep]\n|-heal|p1a: Primarina|90/100|[from] item: Leftovers\n|upkeep\n|turn|4\n|inactive|phan of phanpy has 30 seconds left.\n|\n|t:|1775945513\n|switch|p2a: Namaste|Clefable, L50, M|100/100\n|move|p1b: Farigiraf|Hyper Voice|p2a: Namaste|[spread] p2a,p2b\n|-damage|p2a: Namaste|82/100\n|-damage|p2b: Rick Flair Drip|71/100\n|move|p1a: Primarina|Moonblast|p2a: Namaste\n|-damage|p2a: Namaste|49/100\n|move|p2b: Rick Flair Drip|Hurricane|p1b: Farigiraf\n|-crit|p1b: Farigiraf\n|-damage|p1b: Farigiraf|0 fnt\n|faint|p1b: Farigiraf\n|\n|-weather|RainDance|[upkeep]\n|-heal|p1a: Primarina|96/100|[from] item: Leftovers\n|upkeep\n|\n|t:|1775945524\n|switch|p1b: Kingambit|Kingambit, L50, F|100/100\n|turn|5\n|\n|t:|1775945532\n|move|p2a: Namaste|Follow Me|p2a: Namaste\n|-singleturn|p2a: Namaste|move: Follow Me\n|move|p1b: Kingambit|Swords Dance|p1b: Kingambit\n|-boost|p1b: Kingambit|atk|2\n|move|p1a: Primarina|Moonblast|p2a: Namaste\n|-damage|p2a: Namaste|16/100\n|move|p2b: Rick Flair Drip|Tailwind|p2b: Rick Flair Drip\n|-sidestart|p2: phan of phanpy|move: Tailwind\n|\n|-weather|none\n|-heal|p1a: Primarina|100/100|[from] item: Leftovers\n|-fieldend|move: Trick Room\n|upkeep\n|turn|6\n|inactive|phan of phanpy has 30 seconds left.\n|\n|t:|1775945562\n|move|p1b: Kingambit|Sucker Punch|p2b: Rick Flair Drip\n|-damage|p2b: Rick Flair Drip|0 fnt\n|faint|p2b: Rick Flair Drip\n|move|p2a: Namaste|Moonblast|p1b: Kingambit\n|-damage|p1b: Kingambit|70/100\n|-unboost|p1b: Kingambit|spa|1\n|-ability|p1b: Kingambit|Defiant|boost\n|-boost|p1b: Kingambit|atk|2\n|move|p1a: Primarina|Hyper Voice|p2a: Namaste\n|-damage|p2a: Namaste|0 fnt\n|faint|p2a: Namaste\n|\n|upkeep\n|\n|t:|1775945568\n|switch|p2b: Slippery Frog|Toxicroak, L50, F|100/100\n|switch|p2a: Big Man|Blastoise-Mega, L50, M|56/100\n|turn|7\n|\n|t:|1775945582\n|move|p2a: Big Man|Protect|p2a: Big Man\n|-singleturn|p2a: Big Man|Protect\n|move|p1b: Kingambit|Sucker Punch||[still]\n|-fail|p1b: Kingambit\n|move|p2b: Slippery Frog|Close Combat|p1b: Kingambit\n|-supereffective|p1b: Kingambit|2\n|-enditem|p1b: Kingambit|Chople Berry|[eat]\n|-enditem|p1b: Kingambit|Chople Berry|[weaken]\n|-damage|p1b: Kingambit|0 fnt\n|-unboost|p2b: Slippery Frog|def|1\n|-unboost|p2b: Slippery Frog|spd|1\n|faint|p1b: Kingambit\n|move|p1a: Primarina|Moonblast|p2a: Big Man\n|-activate|p2a: Big Man|move: Protect\n|\n|upkeep\n|\n|t:|1775945584\n|switch|p1b: Froslass|Froslass, L50, F|100/100\n|turn|8\n|\n|t:|1775945594\n|move|p1b: Froslass|Protect|p1b: Froslass\n|-singleturn|p1b: Froslass|Protect\n|move|p1a: Primarina|Protect|p1a: Primarina\n|-singleturn|p1a: Primarina|Protect\n|move|p2b: Slippery Frog|Gunk Shot|p1a: Primarina\n|-activate|p1a: Primarina|move: Protect\n|move|p2a: Big Man|Shell Smash|p2a: Big Man\n|-unboost|p2a: Big Man|def|1\n|-unboost|p2a: Big Man|spd|1\n|-boost|p2a: Big Man|atk|2\n|-boost|p2a: Big Man|spa|2\n|-boost|p2a: Big Man|spe|2\n|\n|-sideend|p2: phan of phanpy|move: Tailwind\n|upkeep\n|turn|9\n|\n|t:|1775945610\n|detailschange|p1b: Froslass|Froslass-Mega, L50, F\n|-mega|p1b: Froslass|Froslass|Froslassite\n|-weather|Snowscape|[from] ability: Snow Warning|[of] p1b: Froslass\n|move|p2a: Big Man|Protect|p2a: Big Man\n|-singleturn|p2a: Big Man|Protect\n|move|p1b: Froslass|Blizzard|p2a: Big Man|[spread] p2b\n|-activate|p2a: Big Man|move: Protect\n|-enditem|p2b: Slippery Frog|Focus Sash\n|-damage|p2b: Slippery Frog|1/100\n|move|p2b: Slippery Frog|Gunk Shot|p1a: Primarina|[miss]\n|-miss|p2b: Slippery Frog|p1a: Primarina\n|move|p1a: Primarina|Moonblast|p2a: Big Man\n|-activate|p2a: Big Man|move: Protect\n|\n|-weather|Snowscape|[upkeep]\n|upkeep\n|turn|10\n|\n|t:|1775945633\n|move|p2b: Slippery Frog|Sucker Punch|p1b: Froslass\n|-supereffective|p1b: Froslass|1\n|-damage|p1b: Froslass|51/100\n|move|p2a: Big Man|Surf|p1a: Primarina|[spread] p1a,p1b\n|-heal|p2b: Slippery Frog|26/100|[from] ability: Dry Skin|[of] p2a: Big Man\n|-resisted|p1a: Primarina|1\n|-damage|p1a: Primarina|71/100\n|-damage|p1b: Froslass|0 fnt\n|faint|p1b: Froslass\n|move|p1a: Primarina|Moonblast|p2a: Big Man\n|-damage|p2a: Big Man|0 fnt\n|faint|p2a: Big Man\n|\n|-weather|Snowscape|[upkeep]\n|-heal|p1a: Primarina|77/100|[from] item: Leftovers\n|upkeep\n|turn|11\n|\n|t:|1775945643\n|move|p2b: Slippery Frog|Gunk Shot|p1a: Primarina\n|-supereffective|p1a: Primarina|1\n|-damage|p1a: Primarina|0 fnt\n|faint|p1a: Primarina\n|\n|win|phan of phanpy\n|raw|azunarill's rating: 1043 &rarr; <strong>1025</strong><br />(-18 for losing)\n|raw|phan of phanpy's rating: 1017 &rarr; <strong>1057</strong><br />(+40 for winning)\n|c|\u2606phan of phanpy|gg\n|l|\u2606azunarill\n|player|p1|\n",
  "uploadtime": 1775945902,
  "views": 15,
  "formatid": "gen9championsvgc2026regma",
  "rating": 1025,
  "private": 0,
  "password": null
}