{
  "id": "gen9championsvgc2026regma-2584410774",
  "format": "[Gen 9 Champions] VGC 2026 Reg M-A",
  "players": [
    "Barber1",
    "Mbozzo11"
  ],
  "log": "|j|\u2606Barber1\n|j|\u2606Mbozzo11\n|t:|1776258910\n|gametype|doubles\n|player|p1|Barber1|cynthia-gen4|1282\n|player|p2|Mbozzo11|lucas|1205\n|gen|9\n|tier|[Gen 9 Champions] VGC 2026 Reg M-A\n|rated|\n|rule|Species Clause: Limit one of each Pok\u00e9mon\n|rule|Item Clause: Limit 1 of each item\n|clearpoke\n|poke|p1|Floette-Eternal, L50, F|\n|poke|p1|Sneasler, L50, M|\n|poke|p1|Aerodactyl, L50, M|\n|poke|p1|Delphox, L50, M|\n|poke|p1|Kingambit, L50, F|\n|poke|p1|Garchomp, L50, M|\n|poke|p2|Floette-Eternal, L50, F|\n|poke|p2|Manectric, L50, F|\n|poke|p2|Rotom-Wash, L50|\n|poke|p2|Pelipper, L50, M|\n|poke|p2|Goodra-Hisui, L50, M|\n|poke|p2|Kingambit, L50, F|\n|teampreview|4\n|inactive|Battle timer is ON: inactive players will automatically lose when time's up. (requested by Mbozzo11)\n|inactive|Barber1 also wants the timer to be on.\n|inactive|Barber1 has 60 seconds left.\nMbozzo11 rejected open team sheets.\n|\n|t:|1776258962\n|teamsize|p1|4\n|teamsize|p2|4\n|start\n|switch|p1a: Garchomp|Garchomp, L50, M|100/100\n|switch|p1b: Aerodactyl|Aerodactyl, L50, M|100/100\n|switch|p2a: Rotom|Rotom-Wash, L50|100/100\n|switch|p2b: Pelipper|Pelipper, L50, M|100/100\n|-weather|RainDance|[from] ability: Drizzle|[of] p2b: Pelipper\n|turn|1\n|\n|t:|1776258985\n|move|p2a: Rotom|Protect|p2a: Rotom\n|-singleturn|p2a: Rotom|Protect\n|move|p1b: Aerodactyl|Tailwind|p1b: Aerodactyl\n|-sidestart|p1: Barber1|move: Tailwind\n|move|p1a: Garchomp|Dragon Claw|p2a: Rotom\n|-activate|p2a: Rotom|move: Protect\n|move|p2b: Pelipper|Tailwind|p2b: Pelipper\n|-sidestart|p2: Mbozzo11|move: Tailwind\n|\n|-weather|RainDance|[upkeep]\n|upkeep\n|turn|2\n|inactive|Barber1 has 30 seconds left.\n|\n|t:|1776259011\n|move|p2b: Pelipper|Protect|p2b: Pelipper\n|-singleturn|p2b: Pelipper|Protect\n|move|p1b: Aerodactyl|Rock Slide|p2b: Pelipper|[spread] p2a\n|-activate|p2b: Pelipper|move: Protect\n|-damage|p2a: Rotom|73/100\n|move|p2a: Rotom|Discharge|p1a: Garchomp|[spread] p1b\n|-activate|p2b: Pelipper|move: Protect\n|-immune|p1a: Garchomp\n|-supereffective|p1b: Aerodactyl|1\n|-crit|p1b: Aerodactyl\n|-enditem|p1b: Aerodactyl|Focus Sash\n|-damage|p1b: Aerodactyl|1/100\n|move|p1a: Garchomp|Dragon Claw|p2b: Pelipper\n|-activate|p2b: Pelipper|move: Protect\n|\n|-weather|RainDance|[upkeep]\n|-heal|p2a: Rotom|79/100|[from] item: Leftovers\n|upkeep\n|turn|3\n|inactive|Mbozzo11 has 30 seconds left.\n|\n|t:|1776259038\n|move|p1b: Aerodactyl|Rock Slide|p2b: Pelipper|[spread] p2a,p2b\n|-supereffective|p2b: Pelipper|1\n|-damage|p2a: Rotom|51/100\n|-damage|p2b: Pelipper|50/100\n|move|p2a: Rotom|Electric Terrain|p2a: Rotom\n|-fieldstart|move: Electric Terrain\n|move|p1a: Garchomp|Dragon Claw|p2b: Pelipper\n|-damage|p2b: Pelipper|8/100\n|move|p2b: Pelipper|Weather Ball|p1b: Aerodactyl\n|-supereffective|p1b: Aerodactyl|1\n|-damage|p1b: Aerodactyl|0 fnt\n|faint|p1b: Aerodactyl\n|\n|-weather|RainDance|[upkeep]\n|-heal|p2a: Rotom|57/100|[from] item: Leftovers\n|upkeep\n|\n|t:|1776259050\n|switch|p1b: Floette|Floette-Eternal, L50, F|100/100\n|turn|4\n|\n|t:|1776259072\n|switch|p2a: Floette|Floette-Eternal, L50, F|100/100\n|detailschange|p1b: Floette|Floette-Mega, L50, F\n|-mega|p1b: Floette|Floette|Floettite\n|-ability|p1b: Floette|Fairy Aura\n|move|p1a: Garchomp|Rock Slide|p2b: Pelipper|[spread] p2a,p2b\n|-supereffective|p2b: Pelipper|1\n|-damage|p2a: Floette|71/100\n|-damage|p2b: Pelipper|0 fnt\n|faint|p2b: Pelipper\n|move|p1b: Floette|Moonblast|p2a: Floette\n|-damage|p2a: Floette|0 fnt\n|faint|p2a: Floette\n|\n|-weather|RainDance|[upkeep]\n|-sideend|p1: Barber1|move: Tailwind\n|-sideend|p2: Mbozzo11|move: Tailwind\n|upkeep\n|\n|t:|1776259084\n|switch|p2a: Manectric|Manectric, L50, F|100/100\n|switch|p2b: Rotom|Rotom-Wash, L50|57/100\n|turn|5\n|\n|t:|1776259108\n|move|p1b: Floette|Protect|p1b: Floette\n|-singleturn|p1b: Floette|Protect\n|move|p2b: Rotom|Discharge|p1b: Floette|[spread] \n|-activate|p1b: Floette|move: Protect\n|-ability|p2a: Manectric|Lightning Rod|boost\n|-boost|p2a: Manectric|spa|1\n|-immune|p1a: Garchomp\n|move|p2a: Manectric|Snarl|p1a: Garchomp|[spread] p1a\n|-activate|p1b: Floette|move: Protect\n|-crit|p1a: Garchomp\n|-damage|p1a: Garchomp|72/100\n|-unboost|p1a: Garchomp|spa|1\n|move|p1a: Garchomp|Earthquake|p2b: Rotom|[spread] p2a\n|-activate|p1b: Floette|move: Protect\n|-immune|p2b: Rotom|[from] ability: Levitate\n|-supereffective|p2a: Manectric|1\n|-damage|p2a: Manectric|0 fnt\n|faint|p2a: Manectric\n|\n|-weather|none\n|-heal|p2b: Rotom|63/100|[from] item: Leftovers\n|upkeep\n|turn|6\n|inactive|Barber1 has 30 seconds left.\n|\n|t:|1776259136\n|move|p2b: Rotom|Hydro Pump|p1a: Garchomp\n|-damage|p1a: Garchomp|35/100\n|-enditem|p1a: Garchomp|Sitrus Berry|[eat]\n|-heal|p1a: Garchomp|60/100|[from] item: Sitrus Berry\n|move|p1a: Garchomp|Dragon Claw|p2b: Rotom\n|-damage|p2b: Rotom|20/100\n|move|p1b: Floette|Moonblast|p2b: Rotom\n|-damage|p2b: Rotom|0 fnt\n|faint|p2b: Rotom\n|\n|win|Barber1\n|raw|Barber1's rating: 1282 &rarr; <strong>1302</strong><br />(+20 for winning)\n|raw|Mbozzo11's rating: 1205 &rarr; <strong>1185</strong><br />(-20 for losing)\n|l|\u2606Mbozzo11\n|player|p2|\n",
  "uploadtime": 1776259154,
  "views": 24,
  "formatid": "gen9championsvgc2026regma",
  "rating": 1185,
  "private": 0,
  "password": null
}