{
  "id": "gen9championsvgc2026regma-2583516955",
  "format": "[Gen 9 Champions] VGC 2026 Reg M-A",
  "players": [
    "porygon-epilepz",
    "ohko_muk"
  ],
  "log": "|j|\u2606porygon-epilepz\n|j|\u2606ohko_muk\n|html|<table width=\"100%\"><tr><td align=\"left\">porygon-epilepz</td><td align=\"right\">ohko_muk</tr><tr><td align=\"left\"><i class=\"fa fa-circle-o\"></i> <i class=\"fa fa-circle-o\"></i> </td><td align=\"right\"><i class=\"fa fa-circle-o\"></i> <i class=\"fa fa-circle\"></i> </tr></table>\n|uhtml|bestof|<h2><strong>Game 2</strong> of <a href=\"/game-bestof3-gen9championsvgc2026regma-2583512962\">a best-of-3</a></h2>\n|t:|1776180634\n|gametype|doubles\n|player|p1|porygon-epilepz|hiker-gen4|\n|player|p2|ohko_muk|gambler|\n|gen|9\n|tier|[Gen 9 Champions] VGC 2026 Reg M-A\n|rated|Tournament battle\n|rule|Species Clause: Limit one of each Pok\u00e9mon\n|rule|Item Clause: Limit 1 of each item\n|raw|<div class=\"infobox\"><details class=\"readmore\" open><summary><strong>2 custom rules:</strong></summary> Force Open Team Sheets, Best of = 3</details></div>\n|clearpoke\n|poke|p1|Kommo-o, L50, M|\n|poke|p1|Incineroar, L50, M|\n|poke|p1|Glimmora, L50, F|\n|poke|p1|Sinistcha, L50|\n|poke|p1|Talonflame, L50, M|\n|poke|p1|Rotom-Wash, L50|\n|poke|p2|Farigiraf, L50, F|\n|poke|p2|Blastoise, L50, M|\n|poke|p2|Bellibolt, L50, M|\n|poke|p2|Mamoswine, L50, M|\n|poke|p2|Whimsicott, L50, F|\n|poke|p2|Delphox, L50, F|\n|teampreview|4\n|showteam|p1|Kommo-o||Leftovers|Overcoat|ClangorousSoul,ClangingScales,Protect,AuraSphere|||M|||50|]Incineroar||ShucaBerry|Intimidate|FakeOut,FlareBlitz,ThroatChop,PartingShot|||M|||50|]Glimmora||Glimmoranite|ToxicDebris|PowerGem,SludgeBomb,SpikyShield,EarthPower|||F|||50|]Sinistcha||SitrusBerry|Hospitality|RagePowder,Protect,LifeDew,MatchaGotcha||||||50|]Talonflame||FocusSash|GaleWings|Tailwind,QuickGuard,DualWingbeat,FlareBlitz|||M|||50|]Rotom-Wash||RindoBerry|Levitate|Thunderbolt,WillOWisp,HydroPump,Protect||||||50|\n|showteam|p2|Farigiraf||SilkScarf|ArmorTail|HyperVoice,Psychic,TrickRoom,RainDance|||F|||50|]Blastoise||Blastoisinite|Torrent|WaterSpout,FakeOut,DarkPulse,MuddyWater|||M|||50|]Bellibolt||SitrusBerry|Electromorphosis|Discharge,Thunderbolt,ParabolicCharge,Protect|||M|||50|]Mamoswine||FocusSash|Oblivious|Earthquake,IcicleCrash,IceShard,Protect|||M|||50|]Whimsicott||BabiriBerry|Prankster|Moonblast,Tailwind,Encore,SunnyDay|||F|||50|]Delphox||Delphoxite|Blaze|HeatWave,Psychic,NastyPlot,Protect|||F|||50|\n|\n|t:|1776180681\n|teamsize|p1|4\n|teamsize|p2|4\n|start\n|switch|p1a: Rotom|Rotom-Wash, L50|100/100\n|switch|p1b: Sinistcha|Sinistcha, L50|100/100\n|switch|p2a: Farigiraf|Farigiraf, L50, F|100/100\n|switch|p2b: Blastoise|Blastoise, L50, M|100/100\n|turn|1\n|\n|t:|1776180699\n|detailschange|p2b: Blastoise|Blastoise-Mega, L50, M\n|-mega|p2b: Blastoise|Blastoise|Blastoisinite\n|move|p1a: Rotom|Thunderbolt|p2b: Blastoise\n|-supereffective|p2b: Blastoise|1\n|-damage|p2b: Blastoise|40/100\n|-status|p2b: Blastoise|par\n|move|p1b: Sinistcha|Matcha Gotcha|p2a: Farigiraf|[spread] p2a,p2b\n|-supereffective|p2b: Blastoise|1\n|-damage|p2a: Farigiraf|76/100\n|-damage|p2b: Blastoise|0 fnt\n|faint|p2b: Blastoise\n|move|p2a: Farigiraf|Trick Room|p2a: Farigiraf\n|-fieldstart|move: Trick Room|[of] p2a: Farigiraf\n|\n|upkeep\n|j| random1213\n|inactive|Battle timer is ON: inactive players will automatically lose when time's up. (requested by ohko_muk)\n|\n|t:|1776180716\n|switch|p2b: Mamoswine|Mamoswine, L50, M|100/100\n|turn|2\n|\n|t:|1776180725\n|move|p2a: Farigiraf|Psychic|p1a: Rotom\n|-damage|p1a: Rotom|60/100\n|move|p1b: Sinistcha|Matcha Gotcha|p2a: Farigiraf|[spread] p2b\n|-miss|p1b: Sinistcha|p2a: Farigiraf\n|-supereffective|p2b: Mamoswine|1\n|-damage|p2b: Mamoswine|33/100\n|move|p1a: Rotom|Hydro Pump|p2b: Mamoswine\n|-supereffective|p2b: Mamoswine|1\n|-damage|p2b: Mamoswine|0 fnt\n|faint|p2b: Mamoswine\n|\n|upkeep\n|j| chai56\n|\n|t:|1776180730\n|switch|p2b: Bellibolt|Bellibolt, L50, M|100/100\n|turn|3\n|l| chai56\n|\n|t:|1776180744\n|move|p2b: Bellibolt|Thunderbolt|p1a: Rotom\n|-damage|p1a: Rotom|20/100\n|move|p2a: Farigiraf|Psychic|p1b: Sinistcha\n|-damage|p1b: Sinistcha|56/100\n|move|p1b: Sinistcha|Matcha Gotcha|p2a: Farigiraf|[spread] p2a,p2b\n|-damage|p2a: Farigiraf|52/100\n|-heal|p1b: Sinistcha|69/100|[from] drain|[of] p2a: Farigiraf\n|-damage|p2b: Bellibolt|76/100\n|-heal|p1b: Sinistcha|82/100|[from] drain|[of] p2b: Bellibolt\n|-start|p2b: Bellibolt|Charge|Matcha Gotcha|[from] ability: Electromorphosis\n|move|p1a: Rotom|Will-O-Wisp|p2a: Farigiraf\n|-status|p2a: Farigiraf|brn\n|\n|-damage|p2a: Farigiraf|46/100 brn|[from] brn\n|upkeep\n|turn|4\n|\n|t:|1776180761\n|move|p1a: Rotom|Protect|p1a: Rotom\n|-singleturn|p1a: Rotom|Protect\n|move|p2b: Bellibolt|Thunderbolt|p1b: Sinistcha\n|-resisted|p1b: Sinistcha|1\n|-damage|p1b: Sinistcha|40/100\n|-enditem|p1b: Sinistcha|Sitrus Berry|[eat]\n|-heal|p1b: Sinistcha|65/100|[from] item: Sitrus Berry\n|-end|p2b: Bellibolt|Charge|[silent]\n|move|p2a: Farigiraf|Hyper Voice|p1a: Rotom|[spread] \n|-activate|p1a: Rotom|move: Protect\n|-immune|p1b: Sinistcha\n|move|p1b: Sinistcha|Life Dew|p1b: Sinistcha|[spread] p1a,p1b\n|-heal|p1a: Rotom|44/100\n|-heal|p1b: Sinistcha|90/100\n|\n|-damage|p2a: Farigiraf|40/100 brn|[from] brn\n|upkeep\n|turn|5\n|j| 1#miraidonhater\n|\n|t:|1776180780\n|move|p2b: Bellibolt|Parabolic Charge|p1b: Sinistcha|[spread] p2a,p1a,p1b\n|-resisted|p1b: Sinistcha|1\n|-damage|p2a: Farigiraf|15/100 brn\n|-heal|p2b: Bellibolt|90/100|[from] drain|[of] p2a: Farigiraf\n|-damage|p1a: Rotom|25/100\n|-heal|p2b: Bellibolt|98/100|[from] drain|[of] p1a: Rotom\n|-damage|p1b: Sinistcha|79/100\n|-heal|p2b: Bellibolt|100/100|[from] drain|[of] p1b: Sinistcha\n|move|p2a: Farigiraf|Psychic|p1a: Rotom\n|-damage|p1a: Rotom|0 fnt\n|faint|p1a: Rotom\n|move|p1b: Sinistcha|Matcha Gotcha|p2b: Bellibolt|[spread] p2a,p2b\n|-damage|p2a: Farigiraf|0 fnt\n|-heal|p1b: Sinistcha|86/100|[from] drain|[of] p2a: Farigiraf\n|-damage|p2b: Bellibolt|76/100\n|-heal|p1b: Sinistcha|99/100|[from] drain|[of] p2b: Bellibolt\n|-start|p2b: Bellibolt|Charge|Matcha Gotcha|[from] ability: Electromorphosis\n|faint|p2a: Farigiraf\n|\n|-fieldend|move: Trick Room\n|upkeep\n|\n|t:|1776180792\n|switch|p1a: Incineroar|Incineroar, L50, M|100/100\n|-ability|p1a: Incineroar|Intimidate|boost\n|-unboost|p2b: Bellibolt|atk|1\n|turn|6\n|\n|t:|1776180798\n|move|p2b: Bellibolt|Protect|p2b: Bellibolt\n|-singleturn|p2b: Bellibolt|Protect\n|move|p1b: Sinistcha|Matcha Gotcha|p2b: Bellibolt\n|-activate|p2b: Bellibolt|move: Protect\n|move|p1a: Incineroar|Parting Shot|p2b: Bellibolt\n|-activate|p2b: Bellibolt|move: Protect\n|\n|upkeep\n|turn|7\n|\n|t:|1776180803\n|move|p1b: Sinistcha|Matcha Gotcha|p2b: Bellibolt\n|-damage|p2b: Bellibolt|43/100\n|-heal|p1b: Sinistcha|100/100|[from] drain|[of] p2b: Bellibolt\n|-status|p2b: Bellibolt|brn\n|-start|p2b: Bellibolt|Charge|Matcha Gotcha|[from] ability: Electromorphosis\n|-enditem|p2b: Bellibolt|Sitrus Berry|[eat]\n|-heal|p2b: Bellibolt|68/100 brn|[from] item: Sitrus Berry\n|move|p1a: Incineroar|Throat Chop|p2b: Bellibolt\n|-crit|p2b: Bellibolt\n|-damage|p2b: Bellibolt|23/100 brn\n|-start|p2b: Bellibolt|Throat Chop|[silent]\n|-start|p2b: Bellibolt|Charge|Throat Chop|[from] ability: Electromorphosis\n|move|p2b: Bellibolt|Parabolic Charge|p1b: Sinistcha|[spread] p1a,p1b\n|-resisted|p1b: Sinistcha|1\n|-damage|p1a: Incineroar|61/100\n|-heal|p2b: Bellibolt|45/100 brn|[from] drain|[of] p1a: Incineroar\n|-damage|p1b: Sinistcha|78/100\n|-heal|p2b: Bellibolt|56/100 brn|[from] drain|[of] p1b: Sinistcha\n|-end|p2b: Bellibolt|Charge|[silent]\n|\n|-damage|p2b: Bellibolt|50/100 brn|[from] brn\n|upkeep\n|turn|8\n|-message|ohko_muk forfeited.\n|\n|win|porygon-epilepz\n",
  "uploadtime": 1776180640,
  "views": 19,
  "formatid": "gen9championsvgc2026regma",
  "rating": null,
  "private": 0,
  "password": null
}