{
  "id": "gen9championsvgc2026regma-2581248950",
  "format": "[Gen 9 Champions] VGC 2026 Reg M-A",
  "players": [
    "Royalll11",
    "Burgerboy18"
  ],
  "log": "|j|\u2606Royalll11\n|j|\u2606Burgerboy18\n|t:|1775976142\n|gametype|doubles\n|player|p1|Royalll11|wallace|1101\n|player|p2|Burgerboy18|101|1163\n|gen|9\n|tier|[Gen 9 Champions] VGC 2026 Reg M-A\n|rated|\n|rule|Species Clause: Limit one of each Pok\u00e9mon\n|rule|Item Clause: Limit 1 of each item\n|clearpoke\n|poke|p1|Blastoise, L50, M|\n|poke|p1|Raichu, L50, F|\n|poke|p1|Pelipper, L50, M|\n|poke|p1|Whimsicott, L50, M|\n|poke|p1|Arcanine-Hisui, L50, M|\n|poke|p1|Charizard, L50, F|\n|poke|p2|Scizor, L50, F|\n|poke|p2|Gengar, L50, F|\n|poke|p2|Aerodactyl, L50, F|\n|poke|p2|Incineroar, L50, M|\n|poke|p2|Primarina, L50, F|\n|poke|p2|Raichu, L50, F|\n|teampreview|4\n|\n|t:|1775976181\n|teamsize|p1|4\n|teamsize|p2|4\n|start\n|switch|p1a: Whimsicott|Whimsicott, L50, M|100/100\n|switch|p1b: Arcanine|Arcanine-Hisui, L50, M|100/100\n|switch|p2a: Gengar|Gengar, L50, F|100/100\n|switch|p2b: Incineroar|Incineroar, L50, M|100/100\n|-ability|p1b: Arcanine|Intimidate|boost\n|-unboost|p2a: Gengar|atk|1\n|-unboost|p2b: Incineroar|atk|1\n|-ability|p2b: Incineroar|Intimidate|boost\n|-unboost|p1a: Whimsicott|atk|1\n|-unboost|p1b: Arcanine|atk|1\n|turn|1\n|\n|t:|1775976202\n|detailschange|p2a: Gengar|Gengar-Mega, L50, F\n|-mega|p2a: Gengar|Gengar|Gengarite\n|move|p1b: Arcanine|Protect|p1b: Arcanine\n|-singleturn|p1b: Arcanine|Protect\n|move|p2b: Incineroar|Fake Out|p1b: Arcanine\n|-activate|p1b: Arcanine|move: Protect\n|move|p1a: Whimsicott|Tailwind|p1a: Whimsicott\n|-sidestart|p1: Royalll11|move: Tailwind\n|move|p2a: Gengar|Perish Song|p2a: Gengar\n|-start|p1a: Whimsicott|perish3|[silent]\n|-start|p1b: Arcanine|perish3|[silent]\n|-start|p2a: Gengar|perish3|[silent]\n|-start|p2b: Incineroar|perish3|[silent]\n|-fieldactivate|move: Perish Song\n|\n|-start|p1a: Whimsicott|perish3\n|-start|p1b: Arcanine|perish3\n|-start|p2a: Gengar|perish3\n|-start|p2b: Incineroar|perish3\n|upkeep\n|turn|2\n|\n|t:|1775976227\n|move|p2a: Gengar|Protect|p2a: Gengar\n|-singleturn|p2a: Gengar|Protect\n|move|p1a: Whimsicott|Encore|p2a: Gengar\n|-activate|p2a: Gengar|move: Protect\n|move|p1b: Arcanine|Rock Slide|p2a: Gengar|[spread] p2b\n|-activate|p2a: Gengar|move: Protect\n|-supereffective|p2b: Incineroar|1\n|-damage|p2b: Incineroar|66/100\n|cant|p2b: Incineroar|flinch\n|\n|-start|p1a: Whimsicott|perish2\n|-start|p1b: Arcanine|perish2\n|-start|p2a: Gengar|perish2\n|-start|p2b: Incineroar|perish2\n|upkeep\n|turn|3\n|\n|t:|1775976254\n|move|p2b: Incineroar|Protect|p2b: Incineroar\n|-singleturn|p2b: Incineroar|Protect\n|move|p1a: Whimsicott|Encore|p2a: Gengar\n|-start|p2a: Gengar|Encore\n|move|p2a: Gengar|Protect|p2a: Gengar\n|-singleturn|p2a: Gengar|Protect\n|move|p1b: Arcanine|Flare Blitz|p2a: Gengar\n|-activate|p2a: Gengar|move: Protect\n|\n|-start|p1a: Whimsicott|perish1\n|-start|p1b: Arcanine|perish1\n|-start|p2a: Gengar|perish1\n|-start|p2b: Incineroar|perish1\n|upkeep\n|turn|4\n|\n|t:|1775976278\n|switch|p2a: Primarina|Primarina, L50, F|100/100\n|move|p1a: Whimsicott|Encore|p2b: Incineroar\n|-hint|Since gen 7, Dark is immune to Prankster moves.\n|-immune|p2b: Incineroar\n|move|p1b: Arcanine|Flare Blitz|p2a: Primarina\n|-resisted|p2a: Primarina|1\n|-damage|p2a: Primarina|76/100\n|-status|p2a: Primarina|brn\n|-damage|p1b: Arcanine|92/100|[from] Recoil\n|move|p2b: Incineroar|Parting Shot|p1a: Whimsicott\n|-unboost|p1a: Whimsicott|atk|1\n|-unboost|p1a: Whimsicott|spa|1\n|\n|t:|1775976293\n|switch|p2b: Gengar|Gengar-Mega, L50, F|100/100|[from] Parting Shot\n|\n|-heal|p2a: Primarina|82/100 brn|[from] item: Leftovers\n|-damage|p2a: Primarina|76/100 brn|[from] brn\n|-start|p1a: Whimsicott|perish0\n|-start|p1b: Arcanine|perish0\n|-sideend|p1: Royalll11|move: Tailwind\n|upkeep\n|faint|p1a: Whimsicott\n|faint|p1b: Arcanine\n|\n|t:|1775976305\n|switch|p1a: Charizard|Charizard, L50, F|100/100\n|switch|p1b: Blastoise|Blastoise, L50, M|100/100\n|turn|5\n|\n|t:|1775976322\n|move|p2b: Gengar|Protect|p2b: Gengar\n|-singleturn|p2b: Gengar|Protect\n|move|p1a: Charizard|Scorching Sands|p2b: Gengar\n|-activate|p2b: Gengar|move: Protect\n|move|p1b: Blastoise|Dark Pulse|p2b: Gengar\n|-activate|p2b: Gengar|move: Protect\n|move|p2a: Primarina|Perish Song|p2a: Primarina\n|-start|p1a: Charizard|perish3|[silent]\n|-start|p1b: Blastoise|perish3|[silent]\n|-start|p2a: Primarina|perish3|[silent]\n|-start|p2b: Gengar|perish3|[silent]\n|-fieldactivate|move: Perish Song\n|\n|-heal|p2a: Primarina|82/100 brn|[from] item: Leftovers\n|-damage|p2a: Primarina|76/100 brn|[from] brn\n|-start|p2b: Gengar|perish3\n|-start|p1a: Charizard|perish3\n|-start|p1b: Blastoise|perish3\n|-start|p2a: Primarina|perish3\n|upkeep\n|turn|6\n|\n|t:|1775976355\n|switch|p2b: Aerodactyl|Aerodactyl, L50, F|100/100\n|-ability|p2b: Aerodactyl|Unnerve\n|detailschange|p1b: Blastoise|Blastoise-Mega, L50, M\n|-mega|p1b: Blastoise|Blastoise|Blastoisinite\n|move|p2a: Primarina|Protect|p2a: Primarina\n|-singleturn|p2a: Primarina|Protect\n|move|p1a: Charizard|Heat Wave|p2a: Primarina|[spread] p2b\n|-activate|p2a: Primarina|move: Protect\n|-resisted|p2b: Aerodactyl|1\n|-damage|p2b: Aerodactyl|78/100\n|move|p1b: Blastoise|Water Spout|p2b: Aerodactyl|[spread] p2b\n|-activate|p2a: Primarina|move: Protect\n|-supereffective|p2b: Aerodactyl|1\n|-damage|p2b: Aerodactyl|0 fnt\n|faint|p2b: Aerodactyl\n|\n|-heal|p2a: Primarina|82/100 brn|[from] item: Leftovers\n|-damage|p2a: Primarina|76/100 brn|[from] brn\n|-start|p1a: Charizard|perish2\n|-start|p1b: Blastoise|perish2\n|-start|p2a: Primarina|perish2\n|upkeep\n|\n|t:|1775976373\n|switch|p2b: Incineroar|Incineroar, L50, M|66/100\n|-ability|p2b: Incineroar|Intimidate|boost\n|-unboost|p1a: Charizard|atk|1\n|-unboost|p1b: Blastoise|atk|1\n|turn|7\n|\n|t:|1775976385\n|move|p1b: Blastoise|Protect|p1b: Blastoise\n|-singleturn|p1b: Blastoise|Protect\n|move|p2b: Incineroar|Fake Out|p1b: Blastoise\n|-activate|p1b: Blastoise|move: Protect\n|move|p1a: Charizard|Scorching Sands|p2b: Incineroar\n|-supereffective|p2b: Incineroar|1\n|-damage|p2b: Incineroar|35/100\n|move|p2a: Primarina|Hyper Voice|p1a: Charizard|[spread] p1a\n|-activate|p1b: Blastoise|move: Protect\n|-supereffective|p1a: Charizard|1\n|-damage|p1a: Charizard|11/100\n|\n|-heal|p2a: Primarina|82/100 brn|[from] item: Leftovers\n|-damage|p2a: Primarina|76/100 brn|[from] brn\n|-start|p1a: Charizard|perish1\n|-start|p1b: Blastoise|perish1\n|-start|p2a: Primarina|perish1\n|upkeep\n|turn|8\n|\n|t:|1775976408\n|move|p2b: Incineroar|Protect|p2b: Incineroar\n|-singleturn|p2b: Incineroar|Protect\n|move|p2a: Primarina|Protect|p2a: Primarina\n|-singleturn|p2a: Primarina|Protect\n|move|p1a: Charizard|Scorching Sands|p2a: Primarina\n|-activate|p2a: Primarina|move: Protect\n|move|p1b: Blastoise|Water Spout|p2b: Incineroar|[spread] \n|-activate|p2a: Primarina|move: Protect\n|-activate|p2b: Incineroar|move: Protect\n|\n|-heal|p2a: Primarina|82/100 brn|[from] item: Leftovers\n|-damage|p2a: Primarina|76/100 brn|[from] brn\n|-start|p1a: Charizard|perish0\n|-start|p1b: Blastoise|perish0\n|-start|p2a: Primarina|perish0\n|faint|p1a: Charizard\n|faint|p1b: Blastoise\n|faint|p2a: Primarina\n|\n|win|Burgerboy18\n|raw|Royalll11's rating: 1101 &rarr; <strong>1080</strong><br />(-21 for losing)\n|raw|Burgerboy18's rating: 1163 &rarr; <strong>1184</strong><br />(+21 for winning)\n",
  "uploadtime": 1775976428,
  "views": 17,
  "formatid": "gen9championsvgc2026regma",
  "rating": 1080,
  "private": 0,
  "password": null
}