{
  "id": "gen9championsvgc2026regma-2588693495",
  "format": "[Gen 9 Champions] VGC 2026 Reg M-A",
  "players": [
    "VannThousand",
    "literaldog121212"
  ],
  "log": "|j|\u2606VannThousand\n|j|\u2606literaldog121212\n|t:|1776658501\n|gametype|doubles\n|player|p1|VannThousand|fisherman-gen4|1099\n|player|p2|literaldog121212|hanbei-conquest|1044\n|gen|9\n|tier|[Gen 9 Champions] VGC 2026 Reg M-A\n|rated|\n|rule|Species Clause: Limit one of each Pok\u00e9mon\n|rule|Item Clause: Limit 1 of each item\n|clearpoke\n|poke|p1|Sinistcha-Masterpiece, L50|\n|poke|p1|Basculegion, L50, M|\n|poke|p1|Sneasler, L50, F|\n|poke|p1|Aerodactyl, L50, F|\n|poke|p1|Politoed, L50, M|\n|poke|p1|Archaludon, L50, F|\n|poke|p2|Tinkaton, L50, F|\n|poke|p2|Whimsicott, L50, F|\n|poke|p2|Delphox, L50, F|\n|poke|p2|Hydreigon, L50, M|\n|poke|p2|Dragonite, L50, M, shiny|\n|poke|p2|Sinistcha, L50|\n|teampreview|4\n|inactive|Battle timer is ON: inactive players will automatically lose when time's up. (requested by literaldog121212)\n|\n|t:|1776658515\n|teamsize|p1|4\n|teamsize|p2|4\n|start\n|switch|p1a: Sneasler|Sneasler, L50, F|100/100\n|switch|p1b: Basculegion|Basculegion, L50, M|100/100\n|switch|p2a: tina|Tinkaton, L50, F|100/100\n|switch|p2b: wenry|Whimsicott, L50, F|100/100\n|turn|1\n|inactive|VannThousand has 30 seconds left.\n|inactive|VannThousand has 20 seconds left.\n|\n|t:|1776658551\n|move|p2b: wenry|Protect|p2b: wenry\n|-singleturn|p2b: wenry|Protect\n|move|p1a: Sneasler|Fake Out|p2a: tina\n|-resisted|p2a: tina|1\n|-damage|p2a: tina|92/100\n|move|p1b: Basculegion|Wave Crash|p2a: tina\n|-damage|p2a: tina|4/100\n|-damage|p1b: Basculegion|74/100|[from] Recoil\n|cant|p2a: tina|flinch\n|\n|-heal|p2a: tina|10/100|[from] item: Leftovers\n|upkeep\n|turn|2\n|\n|t:|1776658573\n|switch|p2a: Hydreigon|Hydreigon, L50, M|100/100\n|move|p2b: wenry|Encore|p1a: Sneasler\n|-start|p1a: Sneasler|Encore\n|move|p1a: Sneasler|Fake Out||[still]\n|-hint|Fake Out only works on your first turn out.\n|-fail|p1a: Sneasler\n|move|p1b: Basculegion|Wave Crash|p2a: Hydreigon\n|-resisted|p2a: Hydreigon|1\n|-damage|p2a: Hydreigon|57/100\n|-damage|p1b: Basculegion|60/100|[from] Recoil\n|\n|upkeep\n|turn|3\n|\n|t:|1776658587\n|switch|p1b: Archaludon|Archaludon, L50, F|100/100\n|switch|p1a: Politoed|Politoed, L50, M|100/100\n|-weather|RainDance|[from] ability: Drizzle|[of] p1a: Politoed\n|move|p2b: wenry|Tailwind|p2b: wenry\n|-sidestart|p2: literaldog121212|move: Tailwind\n|move|p2a: Hydreigon|Dark Pulse|p1b: Archaludon\n|-damage|p1b: Archaludon|31/100\n|-ability|p1b: Archaludon|Stamina|boost\n|-boost|p1b: Archaludon|def|1\n|\n|-weather|RainDance|[upkeep]\n|upkeep\n|turn|4\n|\n|t:|1776658610\n|switch|p1b: Sneasler|Sneasler, L50, F|100/100\n|move|p2a: Hydreigon|Dark Pulse|p1b: Sneasler\n|-resisted|p1b: Sneasler|1\n|-damage|p1b: Sneasler|67/100\n|move|p2b: wenry|Moonblast|p1a: Politoed\n|-damage|p1a: Politoed|79/100\n|move|p1a: Politoed|Icy Wind|p2b: wenry|[spread] p2a,p2b\n|-supereffective|p2a: Hydreigon|1\n|-crit|p2a: Hydreigon\n|-supereffective|p2b: wenry|1\n|-damage|p2a: Hydreigon|23/100\n|-damage|p2b: wenry|71/100\n|-unboost|p2a: Hydreigon|spe|1\n|-unboost|p2b: wenry|spe|1\n|\n|-weather|RainDance|[upkeep]\n|upkeep\n|turn|5\n|inactive|literaldog121212 has 30 seconds left.\n|inactive|literaldog121212 has 20 seconds left.\n|inactive|literaldog121212 has 15 seconds left.\n|\n|t:|1776658651\n|switch|p2a: fux|Delphox, L50, F|100/100\n|move|p2b: wenry|Moonblast|p1b: Sneasler\n|-damage|p1b: Sneasler|24/100\n|move|p1b: Sneasler|Dire Claw|p2b: wenry\n|-supereffective|p2b: wenry|2\n|-damage|p2b: wenry|0 fnt\n|faint|p2b: wenry\n|move|p1a: Politoed|Icy Wind|p2a: fux\n|-resisted|p2a: fux|1\n|-damage|p2a: fux|93/100\n|-unboost|p2a: fux|spe|1\n|\n|-weather|RainDance|[upkeep]\n|upkeep\n|\n|t:|1776658671\n|switch|p2b: tina|Tinkaton, L50, F|10/100\n|turn|6\n|inactive|literaldog121212 has 30 seconds left.\n|\n|t:|1776658708\n|detailschange|p2a: fux|Delphox-Mega, L50, F\n|-mega|p2a: fux|Delphox|Delphoxite\n|move|p1b: Sneasler|Protect|p1b: Sneasler\n|-singleturn|p1b: Sneasler|Protect\n|move|p2b: tina|Fake Out|p1a: Politoed\n|-damage|p1a: Politoed|66/100\n|move|p2a: fux|Psychic|p1b: Sneasler\n|-activate|p1b: Sneasler|move: Protect\n|cant|p1a: Politoed|flinch\n|\n|-weather|RainDance|[upkeep]\n|-heal|p2b: tina|16/100|[from] item: Leftovers\n|-sideend|p2: literaldog121212|move: Tailwind\n|upkeep\n|turn|7\n|\n|t:|1776658729\n|switch|p1b: Basculegion|Basculegion, L50, M|60/100\n|switch|p1a: Archaludon|Archaludon, L50, F|31/100\n|move|p2a: fux|Heat Wave|p1a: Archaludon|[spread] p1b\n|-miss|p2a: fux|p1a: Archaludon\n|-resisted|p1b: Basculegion|1\n|-damage|p1b: Basculegion|48/100\n|move|p2b: tina|Gigaton Hammer|p1a: Archaludon\n|-resisted|p1a: Archaludon|1\n|-damage|p1a: Archaludon|5/100\n|-ability|p1a: Archaludon|Stamina|boost\n|-boost|p1a: Archaludon|def|1\n|\n|-weather|none\n|-heal|p2b: tina|22/100|[from] item: Leftovers\n|upkeep\n|turn|8\n|inactive|VannThousand has 30 seconds left.\n|\n|t:|1776658759\n|switch|p1a: Politoed|Politoed, L50, M|66/100\n|-weather|RainDance|[from] ability: Drizzle|[of] p1a: Politoed\n|move|p2a: fux|Protect|p2a: fux\n|-singleturn|p2a: fux|Protect\n|move|p1b: Basculegion|Aqua Jet|p2a: fux\n|-activate|p2a: fux|move: Protect\n|move|p2b: tina|Play Rough|p1b: Basculegion\n|-damage|p1b: Basculegion|4/100\n|\n|-weather|RainDance|[upkeep]\n|-heal|p2b: tina|28/100|[from] item: Leftovers\n|upkeep\n|turn|9\n|\n|t:|1776658779\n|switch|p2a: Hydreigon|Hydreigon, L50, M|23/100\n|move|p1b: Basculegion|Aqua Jet|p2a: Hydreigon\n|-resisted|p2a: Hydreigon|1\n|-damage|p2a: Hydreigon|2/100\n|move|p2b: tina|Play Rough|p1b: Basculegion\n|-damage|p1b: Basculegion|0 fnt\n|faint|p1b: Basculegion\n|move|p1a: Politoed|Weather Ball|p2b: tina\n|-damage|p2b: tina|0 fnt\n|faint|p2b: tina\n|\n|-weather|RainDance|[upkeep]\n|upkeep\n|\n|t:|1776658799\n|switch|p1b: Sneasler|Sneasler, L50, F|24/100\n|switch|p2b: fux|Delphox-Mega, L50, F|93/100\n|turn|10\n|\n|t:|1776658817\n|move|p1b: Sneasler|Protect|p1b: Sneasler\n|-singleturn|p1b: Sneasler|Protect\n|move|p2b: fux|Heat Wave|p1b: Sneasler|[spread] p1a\n|-activate|p1b: Sneasler|move: Protect\n|-resisted|p1a: Politoed|1\n|-damage|p1a: Politoed|59/100\n|move|p2a: Hydreigon|Snarl|p1a: Politoed|[spread] p1a\n|-activate|p1b: Sneasler|move: Protect\n|-damage|p1a: Politoed|42/100\n|-unboost|p1a: Politoed|spa|1\n|-enditem|p1a: Politoed|Sitrus Berry|[eat]\n|-heal|p1a: Politoed|66/100|[from] item: Sitrus Berry\n|move|p1a: Politoed|Icy Wind|p2a: Hydreigon|[spread] p2a,p2b\n|-supereffective|p2a: Hydreigon|1\n|-resisted|p2b: fux|1\n|-damage|p2a: Hydreigon|0 fnt\n|-damage|p2b: fux|89/100\n|-unboost|p2b: fux|spe|1\n|faint|p2a: Hydreigon\n|\n|-weather|RainDance|[upkeep]\n|upkeep\n|turn|11\n|inactive|VannThousand has 30 seconds left.\n|\n|t:|1776658851\n|switch|p1b: Archaludon|Archaludon, L50, F|5/100\n|move|p2b: fux|Heat Wave|p1b: Archaludon|[spread] p1a,p1b\n|-resisted|p1a: Politoed|1\n|-damage|p1a: Politoed|59/100\n|-damage|p1b: Archaludon|0 fnt\n|faint|p1b: Archaludon\n|move|p1a: Politoed|Weather Ball|p2b: fux\n|-supereffective|p2b: fux|1\n|-damage|p2b: fux|17/100\n|\n|-weather|RainDance|[upkeep]\n|upkeep\n|\n|t:|1776658863\n|switch|p1b: Sneasler|Sneasler, L50, F|24/100\n|turn|12\n|-message|literaldog121212 forfeited.\n|\n|win|VannThousand\n|raw|VannThousand's rating: 1099 &rarr; <strong>1120</strong><br />(+21 for winning)\n|raw|literaldog121212's rating: 1044 &rarr; <strong>1030</strong><br />(-14 for losing)\n|l|\u2606literaldog121212\n|player|p2|\n",
  "uploadtime": 1776658872,
  "views": 4,
  "formatid": "gen9championsvgc2026regma",
  "rating": 1030,
  "private": 0,
  "password": null
}