{
  "id": "gen9championsvgc2026regma-2589477217",
  "format": "[Gen 9 Champions] VGC 2026 Reg M-A",
  "players": [
    "Norbertoooooo",
    "MimikyuBot"
  ],
  "log": "|j|\u2606Norbertoooooo\n|j|\u2606MimikyuBot\n|t:|1776726478\n|gametype|doubles\n|player|p1|Norbertoooooo|169|1075\n|player|p2|MimikyuBot|266|1000\n|gen|9\n|tier|[Gen 9 Champions] VGC 2026 Reg M-A\n|rated|\n|rule|Species Clause: Limit one of each Pok\u00e9mon\n|rule|Item Clause: Limit 1 of each item\n|clearpoke\n|poke|p1|Reuniclus, L50, F|\n|poke|p1|Meganium, L50, M|\n|poke|p1|Pelipper, L50, F|\n|poke|p1|Ampharos, L50, M, shiny|\n|poke|p1|Basculegion, L50, M|\n|poke|p1|Sinistcha, L50|\n|poke|p2|Aegislash, L50, M, shiny|\n|poke|p2|Whimsicott, L50, M, shiny|\n|poke|p2|Gallade, L50, M, shiny|\n|poke|p2|Incineroar, L50, M, shiny|\n|poke|p2|Clefable, L50, F, shiny|\n|poke|p2|Milotic, L50, M, shiny|\n|teampreview|4\nMimikyuBot has agreed to open team sheets.\nNorbertoooooo rejected open team sheets.\n|\n|t:|1776726558\n|teamsize|p1|4\n|teamsize|p2|4\n|start\n|switch|p1a: Sinistcha|Sinistcha, L50|100/100\n|switch|p1b: Basculegion|Basculegion, L50, M|100/100\n|switch|p2a: Whimsicott|Whimsicott, L50, M, shiny|100/100\n|switch|p2b: Gallade|Gallade, L50, M, shiny|100/100\n|turn|1\n|inactive|Battle timer is ON: inactive players will automatically lose when time's up. (requested by MimikyuBot)\n|inactive|Norbertoooooo has 60 seconds left.\n|\n|t:|1776726595\n|switch|p2b: Incineroar|Incineroar, L50, M, shiny|100/100\n|-ability|p2b: Incineroar|Intimidate|boost\n|-unboost|p1a: Sinistcha|atk|1\n|-unboost|p1b: Basculegion|atk|1\n|move|p1a: Sinistcha|Rage Powder|p1a: Sinistcha\n|-singleturn|p1a: Sinistcha|move: Rage Powder\n|move|p2a: Whimsicott|Moonblast|p1a: Sinistcha\n|-damage|p1a: Sinistcha|68/100\n|move|p1b: Basculegion|Last Respects|p2b: Incineroar\n|-resisted|p2b: Incineroar|1\n|-damage|p2b: Incineroar|90/100\n|\n|-heal|p2b: Incineroar|96/100|[from] item: Leftovers\n|upkeep\n|turn|2\n|\n|t:|1776726610\n|move|p1b: Basculegion|Protect|p1b: Basculegion\n|-singleturn|p1b: Basculegion|Protect\n|move|p2a: Whimsicott|Moonblast|p1a: Sinistcha\n|-damage|p1a: Sinistcha|37/100\n|move|p2b: Incineroar|Snarl|p1b: Basculegion|[spread] p1a\n|-activate|p1b: Basculegion|move: Protect\n|-supereffective|p1a: Sinistcha|1\n|-damage|p1a: Sinistcha|17/100\n|-unboost|p1a: Sinistcha|spa|1\n|move|p1a: Sinistcha|Trick Room|p1a: Sinistcha\n|-fieldstart|move: Trick Room|[of] p1a: Sinistcha\n|\n|-heal|p2b: Incineroar|100/100|[from] item: Leftovers\n|upkeep\n|turn|3\n|inactive|Norbertoooooo has 30 seconds left.\n|\n|t:|1776726643\n|switch|p1a: Pelipper|Pelipper, L50, F|100/100\n|-weather|RainDance|[from] ability: Drizzle|[of] p1a: Pelipper\n|move|p2b: Incineroar|Snarl|p1a: Pelipper|[spread] p1a,p1b\n|-crit|p1a: Pelipper\n|-supereffective|p1b: Basculegion|1\n|-damage|p1a: Pelipper|82/100\n|-damage|p1b: Basculegion|78/100\n|-unboost|p1a: Pelipper|spa|1\n|-unboost|p1b: Basculegion|spa|1\n|move|p1b: Basculegion|Wave Crash|p2b: Incineroar\n|-supereffective|p2b: Incineroar|1\n|-damage|p2b: Incineroar|0 fnt\n|faint|p2b: Incineroar\n|-damage|p1b: Basculegion|49/100|[from] Recoil\n|move|p2a: Whimsicott|Moonblast|p1a: Pelipper\n|-damage|p1a: Pelipper|41/100\n|-enditem|p1a: Pelipper|Sitrus Berry|[eat]\n|-heal|p1a: Pelipper|65/100|[from] item: Sitrus Berry\n|\n|-weather|RainDance|[upkeep]\n|upkeep\n|\n|t:|1776726643\n|switch|p2b: Aegislash|Aegislash, L50, M, shiny|100/100\n|turn|4\n|inactive|Norbertoooooo has 30 seconds left.\n|\n|t:|1776726668\n|-formechange|p2b: Aegislash|Aegislash-Blade|\n|move|p2b: Aegislash|Poltergeist|p1b: Basculegion\n|-activate|p1b: Basculegion|move: Poltergeist|Mystic Water\n|-supereffective|p1b: Basculegion|1\n|-damage|p1b: Basculegion|0 fnt\n|faint|p1b: Basculegion\n|move|p1a: Pelipper|Hurricane|p2a: Whimsicott\n|-supereffective|p2a: Whimsicott|1\n|-crit|p2a: Whimsicott\n|-enditem|p2a: Whimsicott|Focus Sash\n|-damage|p2a: Whimsicott|1/100\n|-start|p2a: Whimsicott|confusion\n|-activate|p2a: Whimsicott|confusion\n|-damage|p2a: Whimsicott|0 fnt|[from] confusion\n|faint|p2a: Whimsicott\n|\n|-weather|RainDance|[upkeep]\n|upkeep\n|\n|t:|1776726683\n|switch|p1b: Meganium|Meganium, L50, M|100/100\n|switch|p2a: Gallade|Gallade, L50, M, shiny|100/100\n|turn|5\n|\n|t:|1776726695\n|detailschange|p1b: Meganium|Meganium-Mega, L50, M\n|-mega|p1b: Meganium|Meganium|Meganiumite\n|detailschange|p2a: Gallade|Gallade-Mega, L50, M, shiny\n|-mega|p2a: Gallade|Gallade|Galladite\n|move|p2b: Aegislash|Poltergeist|p1b: Meganium\n|-activate|p1b: Meganium|move: Poltergeist|Meganiumite\n|-damage|p1b: Meganium|38/100\n|move|p1a: Pelipper|Hurricane|p2a: Gallade\n|-supereffective|p2a: Gallade|1\n|-damage|p2a: Gallade|45/100\n|move|p1b: Meganium|Weather Ball|p2b: Aegislash\n|-supereffective|p2b: Aegislash|1\n|-damage|p2b: Aegislash|0 fnt\n|faint|p2b: Aegislash\n|move|p2a: Gallade|Psycho Cut|p1a: Pelipper\n|-damage|p1a: Pelipper|14/100\n|\n|-weather|RainDance|[upkeep]\n|upkeep\n|turn|6\n|inactive|Norbertoooooo has 30 seconds left.\n|\n|t:|1776726725\n|move|p1a: Pelipper|Hurricane|p2a: Gallade\n|-supereffective|p2a: Gallade|1\n|-damage|p2a: Gallade|0 fnt\n|faint|p2a: Gallade\n|\n|win|Norbertoooooo\n",
  "uploadtime": 1776726560,
  "views": 8,
  "formatid": "gen9championsvgc2026regma",
  "rating": null,
  "private": 0,
  "password": null
}