{
  "id": "gen9championsvgc2026regma-2588011013",
  "format": "[Gen 9 Champions] VGC 2026 Reg M-A",
  "players": [
    "v1olet gu4rd",
    "pokemacholives"
  ],
  "log": "|j|\u2606v1olet gu4rd\n|j|\u2606pokemacholives\n|t:|1776592588\n|gametype|doubles\n|player|p1|v1olet gu4rd|winona|1222\n|player|p2|pokemacholives|preschoolerf|1287\n|gen|9\n|tier|[Gen 9 Champions] VGC 2026 Reg M-A\n|rated|\n|rule|Species Clause: Limit one of each Pok\u00e9mon\n|rule|Item Clause: Limit 1 of each item\n|clearpoke\n|poke|p1|Tyranitar, L50, F, shiny|\n|poke|p1|Milotic, L50, F, shiny|\n|poke|p1|Sinistcha-Masterpiece, L50, shiny|\n|poke|p1|Garchomp, L50, F, shiny|\n|poke|p1|Aerodactyl, L50, F, shiny|\n|poke|p1|Chimecho, L50, M, shiny|\n|poke|p2|Aggron, L50, F|\n|poke|p2|Primarina, L50, M|\n|poke|p2|Farigiraf, L50, M|\n|poke|p2|Sinistcha, L50|\n|poke|p2|Drampa, L50, F|\n|poke|p2|Mamoswine, L50, M|\n|teampreview|4\n|inactive|Battle timer is ON: inactive players will automatically lose when time's up. (requested by v1olet gu4rd)\n|inactive|pokemacholives also wants the timer to be on.\n|inactive|v1olet gu4rd has 60 seconds left.\n|inactive|pokemacholives has 60 seconds left.\n|\n|t:|1776592632\n|teamsize|p1|4\n|teamsize|p2|4\n|start\n|switch|p1a: Milotic|Milotic, L50, F, shiny|100/100\n|switch|p1b: Chimecho|Chimecho, L50, M, shiny|100/100\n|switch|p2a: Mamoswine|Mamoswine, L50, M|100/100\n|switch|p2b: Farigiraf|Farigiraf, L50, M|100/100\n|turn|1\n|\n|t:|1776592645\n|detailschange|p1b: Chimecho|Chimecho-Mega, L50, M, shiny\n|-mega|p1b: Chimecho|Chimecho|Chimechite\n|move|p2a: Mamoswine|Protect|p2a: Mamoswine\n|-singleturn|p2a: Mamoswine|Protect\n|move|p1a: Milotic|Coil|p1a: Milotic\n|-boost|p1a: Milotic|atk|1\n|-boost|p1a: Milotic|def|1\n|-boost|p1a: Milotic|accuracy|1\n|move|p1b: Chimecho|Calm Mind|p1b: Chimecho\n|-boost|p1b: Chimecho|spa|1\n|-boost|p1b: Chimecho|spd|1\n|move|p2b: Farigiraf|Trick Room|p2b: Farigiraf\n|-fieldstart|move: Trick Room|[of] p2b: Farigiraf\n|\n|upkeep\n|turn|2\n|\n|t:|1776592665\n|switch|p2a: Drampa|Drampa, L50, F|100/100\n|-ability|p2a: Drampa|Cloud Nine\n|move|p2b: Farigiraf|Light Screen|p2b: Farigiraf\n|-sidestart|p2: pokemacholives|move: Light Screen\n|move|p1b: Chimecho|Hyper Voice|p2b: Farigiraf|[spread] p2a,p2b\n|-damage|p2a: Drampa|74/100\n|-damage|p2b: Farigiraf|75/100\n|move|p1a: Milotic|Muddy Water|p2b: Farigiraf|[spread] p2a,p2b\n|-resisted|p2a: Drampa|1\n|-damage|p2a: Drampa|66/100\n|-damage|p2b: Farigiraf|60/100\n|\n|upkeep\n|turn|3\n|\n|t:|1776592684\n|detailschange|p2a: Drampa|Drampa-Mega, L50, F\n|-mega|p2a: Drampa|Drampa|Drampanite\n|move|p2a: Drampa|Calm Mind|p2a: Drampa\n|-boost|p2a: Drampa|spa|1\n|-boost|p2a: Drampa|spd|1\n|move|p2b: Farigiraf|Hyper Voice|p1b: Chimecho|[spread] p1a,p1b\n|-resisted|p1b: Chimecho|1\n|-damage|p1a: Milotic|87/100\n|-damage|p1b: Chimecho|93/100\n|move|p1b: Chimecho|Calm Mind|p1b: Chimecho\n|-boost|p1b: Chimecho|spa|1\n|-boost|p1b: Chimecho|spd|1\n|move|p1a: Milotic|Hypnosis|p2a: Drampa\n|-status|p2a: Drampa|slp|[from] move: Hypnosis\n|\n|-heal|p1a: Milotic|93/100|[from] item: Leftovers\n|upkeep\n|turn|4\n|\n|t:|1776592706\n|switch|p2b: Mamoswine|Mamoswine, L50, M|100/100\n|cant|p2a: Drampa|slp\n|move|p1b: Chimecho|Hyper Voice|p2b: Mamoswine|[spread] p2a,p2b\n|-damage|p2a: Drampa|44/100 slp\n|-damage|p2b: Mamoswine|57/100\n|-ability|p2a: Drampa|Berserk|boost\n|-boost|p2a: Drampa|spa|1\n|move|p1a: Milotic|Hypnosis|p2b: Mamoswine\n|-status|p2b: Mamoswine|slp|[from] move: Hypnosis\n|-enditem|p2b: Mamoswine|Lum Berry|[eat]\n|-curestatus|p2b: Mamoswine|slp|[msg]\n|\n|-heal|p1a: Milotic|99/100|[from] item: Leftovers\n|upkeep\n|turn|5\n|\n|t:|1776592727\n|switch|p2b: Sinistcha|Sinistcha, L50|100/100\n|-heal|p2a: Drampa|69/100 slp|[from] ability: Hospitality|[of] p2b: Sinistcha\n|cant|p2a: Drampa|slp\n|move|p1b: Chimecho|Flash Cannon|p2b: Sinistcha\n|-damage|p2b: Sinistcha|28/100\n|move|p1a: Milotic|Muddy Water|p2a: Drampa|[spread] p2a,p2b\n|-resisted|p2a: Drampa|1\n|-resisted|p2b: Sinistcha|1\n|-damage|p2a: Drampa|65/100 slp\n|-damage|p2b: Sinistcha|20/100\n|-unboost|p2b: Sinistcha|accuracy|1\n|\n|-heal|p1a: Milotic|100/100|[from] item: Leftovers\n|-fieldend|move: Trick Room\n|upkeep\n|turn|6\n|inactive|v1olet gu4rd has 30 seconds left.\n|\n|t:|1776592753\n|switch|p2b: Mamoswine|Mamoswine, L50, M|57/100\n|move|p1a: Milotic|Coil|p1a: Milotic\n|-boost|p1a: Milotic|atk|1\n|-boost|p1a: Milotic|def|1\n|-boost|p1a: Milotic|accuracy|1\n|move|p1b: Chimecho|Flash Cannon|p2b: Mamoswine\n|-supereffective|p2b: Mamoswine|1\n|-crit|p2b: Mamoswine\n|-damage|p2b: Mamoswine|0 fnt\n|faint|p2b: Mamoswine\n|-curestatus|p2a: Drampa|slp|[msg]\n|move|p2a: Drampa|Thunderbolt|p1a: Milotic\n|-supereffective|p1a: Milotic|1\n|-damage|p1a: Milotic|8/100\n|\n|-heal|p1a: Milotic|14/100|[from] item: Leftovers\n|-sideend|p2: pokemacholives|move: Light Screen\n|upkeep\n|\n|t:|1776592768\n|switch|p2b: Farigiraf|Farigiraf, L50, M|60/100\n|turn|7\n|\n|t:|1776592776\n|move|p1a: Milotic|Hypnosis|p2b: Farigiraf\n|-status|p2b: Farigiraf|slp|[from] move: Hypnosis\n|move|p1b: Chimecho|Calm Mind|p1b: Chimecho\n|-boost|p1b: Chimecho|spa|1\n|-boost|p1b: Chimecho|spd|1\n|move|p2a: Drampa|Hyper Voice|p1a: Milotic|[spread] p1a,p1b\n|-resisted|p1b: Chimecho|1\n|-crit|p1b: Chimecho\n|-damage|p1a: Milotic|0 fnt\n|-damage|p1b: Chimecho|37/100\n|faint|p1a: Milotic\n|cant|p2b: Farigiraf|slp\n|\n|upkeep\n|\n|t:|1776592790\n|switch|p1a: Sinistcha|Sinistcha-Masterpiece, L50, shiny|100/100\n|-heal|p1b: Chimecho|62/100|[from] ability: Hospitality|[of] p1a: Sinistcha\n|turn|8\n|\n|t:|1776592806\n|move|p1b: Chimecho|Hyper Voice|p2a: Drampa|[spread] p2a,p2b\n|-damage|p2a: Drampa|30/100\n|-damage|p2b: Farigiraf|0 fnt\n|faint|p2b: Farigiraf\n|-ability|p2a: Drampa|Berserk|boost\n|-boost|p2a: Drampa|spa|1\n|move|p1a: Sinistcha|Life Dew||[still]|[spread] p1a,p1b\n|-fail|p1a: Sinistcha|heal\n|-heal|p1b: Chimecho|87/100\n|move|p2a: Drampa|Calm Mind|p2a: Drampa\n|-boost|p2a: Drampa|spa|1\n|-boost|p2a: Drampa|spd|1\n|\n|upkeep\n|\n|t:|1776592810\n|switch|p2b: Sinistcha|Sinistcha, L50|20/100\n|-heal|p2a: Drampa|55/100|[from] ability: Hospitality|[of] p2b: Sinistcha\n|turn|9\n|\n|t:|1776592827\n|move|p1a: Sinistcha|Rage Powder|p1a: Sinistcha\n|-singleturn|p1a: Sinistcha|move: Rage Powder\n|move|p1b: Chimecho|Flash Cannon|p2b: Sinistcha\n|-damage|p2b: Sinistcha|0 fnt\n|faint|p2b: Sinistcha\n|move|p2a: Drampa|Thunderbolt|p1a: Sinistcha\n|-resisted|p1a: Sinistcha|1\n|-damage|p1a: Sinistcha|35/100\n|-enditem|p1a: Sinistcha|Sitrus Berry|[eat]\n|-heal|p1a: Sinistcha|60/100|[from] item: Sitrus Berry\n|\n|upkeep\n|turn|10\n|-message|pokemacholives forfeited.\n|\n|win|v1olet gu4rd\n|raw|v1olet gu4rd's rating: 1222 &rarr; <strong>1252</strong><br />(+30 for winning)\n|raw|pokemacholives's rating: 1287 &rarr; <strong>1257</strong><br />(-30 for losing)\n|l|\u2606pokemacholives\n|player|p2|\n",
  "uploadtime": 1776592840,
  "views": 22,
  "formatid": "gen9championsvgc2026regma",
  "rating": 1252,
  "private": 0,
  "password": null
}