{
  "id": "gen9championsvgc2026regma-2583866491",
  "format": "[Gen 9 Champions] VGC 2026 Reg M-A",
  "players": [
    "IdkImScared",
    "Maaaak"
  ],
  "log": "|j|\u2606IdkImScared\n|j|\u2606Maaaak\n|t:|1776203870\n|gametype|doubles\n|player|p1|IdkImScared|workerice|1183\n|player|p2|Maaaak|265|1248\n|gen|9\n|tier|[Gen 9 Champions] VGC 2026 Reg M-A\n|rated|\n|rule|Species Clause: Limit one of each Pok\u00e9mon\n|rule|Item Clause: Limit 1 of each item\n|clearpoke\n|poke|p1|Floette-Eternal, L50, F|\n|poke|p1|Garchomp, L50, F|\n|poke|p1|Maushold-Four, L50|\n|poke|p1|Talonflame, L50, M|\n|poke|p1|Basculegion, L50, M|\n|poke|p1|Incineroar, L50, F|\n|poke|p2|Charizard, L50, F|\n|poke|p2|Whimsicott, L50, M|\n|poke|p2|Rotom-Wash, L50|\n|poke|p2|Floette-Eternal, L50, F|\n|poke|p2|Aerodactyl, L50, M|\n|poke|p2|Sinistcha, L50|\n|teampreview|4\n|inactive|Battle timer is ON: inactive players will automatically lose when time's up. (requested by Maaaak)\n|inactive|Maaaak has 60 seconds left.\n|inactive|Maaaak has 30 seconds left.\n|\n|t:|1776203932\n|teamsize|p1|4\n|teamsize|p2|4\n|start\n|switch|p1a: Talonflame|Talonflame, L50, M|100/100\n|switch|p1b: Garchomp|Garchomp, L50, F|100/100\n|switch|p2a: Floette|Floette-Eternal, L50, F|100/100\n|switch|p2b: Sinistcha|Sinistcha, L50|100/100\n|turn|1\n|\n|t:|1776203957\n|detailschange|p2a: Floette|Floette-Mega, L50, F\n|-mega|p2a: Floette|Floette|Floettite\n|-ability|p2a: Floette|Fairy Aura\n|move|p1b: Garchomp|Protect|p1b: Garchomp\n|-singleturn|p1b: Garchomp|Protect\n|move|p2b: Sinistcha|Protect|p2b: Sinistcha\n|-singleturn|p2b: Sinistcha|Protect\n|move|p1a: Talonflame|Dual Wingbeat|p2b: Sinistcha\n|-activate|p2b: Sinistcha|move: Protect\n|move|p2a: Floette|Dazzling Gleam|p1b: Garchomp|[spread] p1a\n|-activate|p1b: Garchomp|move: Protect\n|-resisted|p1a: Talonflame|1\n|-damage|p1a: Talonflame|60/100\n|\n|upkeep\n|turn|2\n|\n|t:|1776203974\n|switch|p2b: Rotom|Rotom-Wash, L50|100/100\n|move|p1a: Talonflame|Flare Blitz|p2a: Floette\n|-damage|p2a: Floette|51/100\n|-damage|p1a: Talonflame|40/100|[from] Recoil\n|move|p1b: Garchomp|Earthquake|p2a: Floette|[spread] p2a\n|-immune|p1a: Talonflame\n|-immune|p2b: Rotom|[from] ability: Levitate\n|-damage|p2a: Floette|0 fnt\n|faint|p2a: Floette\n|\n|upkeep\n|\n|t:|1776203989\n|switch|p2a: Sinistcha|Sinistcha, L50|100/100\n|turn|3\n|inactive|IdkImScared has 30 seconds left.\n|\n|t:|1776204020\n|move|p1b: Garchomp|Protect|p1b: Garchomp\n|-singleturn|p1b: Garchomp|Protect\n|move|p2b: Rotom|Thunderbolt|p1a: Talonflame\n|-supereffective|p1a: Talonflame|1\n|-damage|p1a: Talonflame|0 fnt\n|faint|p1a: Talonflame\n|move|p2a: Sinistcha|Strength Sap|p1b: Garchomp\n|-activate|p1b: Garchomp|move: Protect\n|\n|upkeep\n|\n|t:|1776204039\n|switch|p1a: Floette|Floette-Eternal, L50, F|100/100\n|turn|4\n|\n|t:|1776204058\n|detailschange|p1a: Floette|Floette-Mega, L50, F\n|-mega|p1a: Floette|Floette|Floettite\n|-ability|p1a: Floette|Fairy Aura\n|move|p2b: Rotom|Thunderbolt|p1a: Floette\n|-damage|p1a: Floette|67/100\n|move|p1b: Garchomp|Stone Edge|p2a: Sinistcha\n|-damage|p2a: Sinistcha|66/100\n|move|p1a: Floette|Calm Mind|p1a: Floette\n|-boost|p1a: Floette|spa|1\n|-boost|p1a: Floette|spd|1\n|move|p2a: Sinistcha|Matcha Gotcha|p1b: Garchomp|[spread] p1a,p1b\n|-damage|p1a: Floette|55/100\n|-heal|p2a: Sinistcha|72/100|[from] drain|[of] p1a: Floette\n|-damage|p1b: Garchomp|72/100\n|-heal|p2a: Sinistcha|87/100|[from] drain|[of] p1b: Garchomp\n|\n|upkeep\n|turn|5\n|inactive|Maaaak has 30 seconds left.\n|\n|t:|1776204089\n|move|p2b: Rotom|Thunderbolt|p1a: Floette\n|-damage|p1a: Floette|34/100\n|-status|p1a: Floette|par\n|move|p1b: Garchomp|Stone Edge|p2b: Rotom\n|-damage|p2b: Rotom|51/100\n|move|p2a: Sinistcha|Strength Sap|p1b: Garchomp\n|-unboost|p1b: Garchomp|atk|1\n|-heal|p2a: Sinistcha|100/100\n|move|p1a: Floette|Dazzling Gleam|p2a: Sinistcha|[spread] p2a,p2b\n|-damage|p2a: Sinistcha|38/100\n|-damage|p2b: Rotom|0 fnt\n|faint|p2b: Rotom\n|\n|upkeep\n|\n|t:|1776204102\n|switch|p2b: Whimsicott|Whimsicott, L50, M|100/100\n|turn|6\n|\n|t:|1776204113\n|move|p1b: Garchomp|Protect|p1b: Garchomp\n|-singleturn|p1b: Garchomp|Protect\n|move|p2b: Whimsicott|Tailwind|p2b: Whimsicott\n|-sidestart|p2: Maaaak|move: Tailwind\n|move|p2a: Sinistcha|Strength Sap|p1b: Garchomp\n|-activate|p1b: Garchomp|move: Protect\n|move|p1a: Floette|Dazzling Gleam|p2a: Sinistcha|[spread] p2a,p2b\n|-damage|p2a: Sinistcha|0 fnt\n|-enditem|p2b: Whimsicott|Focus Sash\n|-damage|p2b: Whimsicott|1/100\n|faint|p2a: Sinistcha\n|\n|upkeep\n|turn|7\n|-message|Maaaak forfeited.\n|\n|win|IdkImScared\n|raw|IdkImScared's rating: 1183 &rarr; <strong>1213</strong><br />(+30 for winning)\n|raw|Maaaak's rating: 1248 &rarr; <strong>1218</strong><br />(-30 for losing)\n|l|\u2606Maaaak\n|player|p2|\n",
  "uploadtime": 1776204125,
  "views": 31,
  "formatid": "gen9championsvgc2026regma",
  "rating": 1213,
  "private": 0,
  "password": null
}