{
  "id": "gen9championsvgc2026regma-2587417430",
  "format": "[Gen 9 Champions] VGC 2026 Reg M-A",
  "players": [
    "0008revO",
    "not you buisness"
  ],
  "log": "|j|\u26060008revO\n|j|\u2606not you buisness\n|t:|1776530078\n|gametype|doubles\n|player|p1|0008revO|hoopster|1117\n|player|p2|not you buisness|102|1024\n|gen|9\n|tier|[Gen 9 Champions] VGC 2026 Reg M-A\n|rated|\n|rule|Species Clause: Limit one of each Pok\u00e9mon\n|rule|Item Clause: Limit 1 of each item\n|clearpoke\n|poke|p1|Charizard, L50, F|\n|poke|p1|Venusaur, L50, F|\n|poke|p1|Whimsicott, L50, F|\n|poke|p1|Incineroar, L50, F|\n|poke|p1|Kingambit, L50, F|\n|poke|p1|Garchomp, L50, F|\n|poke|p2|Maushold, L50|\n|poke|p2|Arcanine, L50, F|\n|poke|p2|Kingambit, L50, F|\n|poke|p2|Charizard, L50, F|\n|poke|p2|Sinistcha, L50|\n|poke|p2|Garchomp, L50, F|\n|teampreview|4\n0008revO has agreed to open team sheets.\n|\n|t:|1776530103\n|teamsize|p1|4\n|teamsize|p2|4\n|start\n|switch|p1a: Whimsicott|Whimsicott, L50, F|100/100\n|switch|p1b: Incineroar|Incineroar, L50, F|100/100\n|switch|p2a: Sinistcha|Sinistcha, L50|100/100\n|switch|p2b: Garchomp|Garchomp, L50, F|100/100\n|-ability|p1b: Incineroar|Intimidate|boost\n|-unboost|p2a: Sinistcha|atk|1\n|-unboost|p2b: Garchomp|atk|1\n|turn|1\n|\n|t:|1776530117\n|move|p1b: Incineroar|Fake Out|p2b: Garchomp\n|-damage|p2b: Garchomp|90/100\n|-damage|p1b: Incineroar|88/100|[from] ability: Rough Skin|[of] p2b: Garchomp\n|move|p1a: Whimsicott|Tailwind|p1a: Whimsicott\n|-sidestart|p1: 0008revO|move: Tailwind\n|cant|p2b: Garchomp|flinch\n|move|p2a: Sinistcha|Trick Room|p2a: Sinistcha\n|-fieldstart|move: Trick Room|[of] p2a: Sinistcha\n|\n|upkeep\n|turn|2\n|\n|t:|1776530133\n|switch|p2a: Arcanine|Arcanine, L50, F|100/100\n|switch|p2b: Maushold|Maushold, L50|100/100\n|move|p1b: Incineroar|Protect|p1b: Incineroar\n|-singleturn|p1b: Incineroar|Protect\n|move|p1a: Whimsicott|Moonblast|p2b: Maushold\n|-damage|p2b: Maushold|78/100\n|\n|upkeep\n|turn|3\n|\n|t:|1776530166\n|move|p1a: Whimsicott|Protect|p1a: Whimsicott\n|-singleturn|p1a: Whimsicott|Protect\n|move|p2a: Arcanine|Extreme Speed|p1b: Incineroar\n|-damage|p1b: Incineroar|59/100\n|move|p2b: Maushold|Beat Up|p2a: Arcanine\n|-damage|p2a: Arcanine|98/100\n|-ability|p2a: Arcanine|Justified|boost\n|-boost|p2a: Arcanine|atk|1\n|-damage|p2a: Arcanine|96/100\n|-ability|p2a: Arcanine|Justified|boost\n|-boost|p2a: Arcanine|atk|1\n|-damage|p2a: Arcanine|93/100\n|-ability|p2a: Arcanine|Justified|boost\n|-boost|p2a: Arcanine|atk|1\n|-damage|p2a: Arcanine|91/100\n|-ability|p2a: Arcanine|Justified|boost\n|-boost|p2a: Arcanine|atk|1\n|-hitcount|p2a: Arcanine|4\n|move|p1b: Incineroar|Flare Blitz|p2b: Maushold\n|-damage|p2b: Maushold|17/100\n|-damage|p1b: Incineroar|38/100|[from] Recoil\n|-enditem|p1b: Incineroar|Sitrus Berry|[eat]\n|-heal|p1b: Incineroar|62/100|[from] item: Sitrus Berry\n|\n|upkeep\n|turn|4\n|\n|t:|1776530206\n|move|p2b: Maushold|Protect|p2b: Maushold\n|-singleturn|p2b: Maushold|Protect\n|move|p2a: Arcanine|Flare Blitz|p1a: Whimsicott\n|-supereffective|p1a: Whimsicott|1\n|-enditem|p1a: Whimsicott|Focus Sash\n|-damage|p1a: Whimsicott|1/100\n|-damage|p2a: Arcanine|63/100|[from] Recoil\n|move|p1b: Incineroar|Flare Blitz|p2b: Maushold\n|-activate|p2b: Maushold|move: Protect\n|move|p1a: Whimsicott|Moonblast|p2b: Maushold\n|-activate|p2b: Maushold|move: Protect\n|\n|-sideend|p1: 0008revO|move: Tailwind\n|upkeep\n|turn|5\n|\n|t:|1776530223\n|move|p2a: Arcanine|Extreme Speed|p1b: Incineroar\n|-damage|p1b: Incineroar|0 fnt\n|faint|p1b: Incineroar\n|move|p1a: Whimsicott|Tailwind|p1a: Whimsicott\n|-sidestart|p1: 0008revO|move: Tailwind\n|move|p2b: Maushold|Beat Up|p1a: Whimsicott\n|-resisted|p1a: Whimsicott|1\n|-damage|p1a: Whimsicott|0 fnt\n|faint|p1a: Whimsicott\n|-hitcount|p1: Whimsicott|1\n|\n|-fieldend|move: Trick Room\n|upkeep\n|\n|t:|1776530233\n|switch|p1a: Kingambit|Kingambit, L50, F|100/100\n|switch|p1b: Garchomp|Garchomp, L50, F|100/100\n|turn|6\n|\n|t:|1776530269\n|switch|p2b: Sinistcha|Sinistcha, L50|100/100\n|-heal|p2a: Arcanine|88/100|[from] ability: Hospitality|[of] p2b: Sinistcha\n|move|p1a: Kingambit|Protect|p1a: Kingambit\n|-singleturn|p1a: Kingambit|Protect\n|move|p2a: Arcanine|Extreme Speed|p1b: Garchomp\n|-damage|p1b: Garchomp|16/100\n|-damage|p2a: Arcanine|76/100|[from] ability: Rough Skin|[of] p1b: Garchomp\n|move|p1b: Garchomp|Earthquake|p2b: Sinistcha|[spread] p2a,p2b\n|-activate|p1a: Kingambit|move: Protect\n|-supereffective|p2a: Arcanine|1\n|-resisted|p2b: Sinistcha|1\n|-damage|p2a: Arcanine|0 fnt\n|-damage|p2b: Sinistcha|87/100\n|faint|p2a: Arcanine\n|\n|upkeep\n|\n|t:|1776530289\n|switch|p2a: Garchomp|Garchomp, L50, F|90/100\n|turn|7\n|\n|t:|1776530310\n|move|p1b: Garchomp|Dragon Claw|p2a: Garchomp\n|-supereffective|p2a: Garchomp|1\n|-damage|p2a: Garchomp|11/100\n|-damage|p1b: Garchomp|4/100|[from] ability: Rough Skin|[of] p2a: Garchomp\n|move|p2a: Garchomp|Earthquake|p1a: Kingambit|[spread] p2b,p1a,p1b\n|-resisted|p2b: Sinistcha|1\n|-supereffective|p1a: Kingambit|1\n|-damage|p2b: Sinistcha|73/100\n|-damage|p1a: Kingambit|40/100\n|-damage|p1b: Garchomp|0 fnt\n|faint|p1b: Garchomp\n|move|p1a: Kingambit|Kowtow Cleave|p2b: Sinistcha\n|-supereffective|p2b: Sinistcha|1\n|-damage|p2b: Sinistcha|6/100\n|move|p2b: Sinistcha|Trick Room|p2b: Sinistcha\n|-fieldstart|move: Trick Room|[of] p2b: Sinistcha\n|\n|upkeep\n|turn|8\n|\n|t:|1776530334\n|move|p2b: Sinistcha|Rage Powder|p2b: Sinistcha\n|-singleturn|p2b: Sinistcha|move: Rage Powder\n|move|p1a: Kingambit|Sucker Punch||[still]\n|-fail|p1a: Kingambit\n|move|p2a: Garchomp|Earthquake|p1a: Kingambit|[spread] p2b,p1a\n|-resisted|p2b: Sinistcha|1\n|-supereffective|p1a: Kingambit|1\n|-damage|p2b: Sinistcha|0 fnt\n|-damage|p1a: Kingambit|0 fnt\n|faint|p2b: Sinistcha\n|faint|p1a: Kingambit\n|\n|win|not you buisness\n|raw|0008revO's rating: 1117 &rarr; <strong>1085</strong><br />(-32 for losing)\n|raw|not you buisness's rating: 1024 &rarr; <strong>1070</strong><br />(+46 for winning)\n",
  "uploadtime": 1776530334,
  "views": 14,
  "formatid": "gen9championsvgc2026regma",
  "rating": 1070,
  "private": 0,
  "password": null
}