{
  "id": "gen9championsvgc2026regma-2588350259",
  "format": "[Gen 9 Champions] VGC 2026 Reg M-A",
  "players": [
    "spike285",
    "DavidTIS"
  ],
  "log": "|j|\u2606spike285\n|j|\u2606DavidTIS\n|t:|1776626272\n|gametype|doubles\n|player|p1|spike285|fisherman|1097\n|player|p2|DavidTIS|1|1141\n|gen|9\n|tier|[Gen 9 Champions] VGC 2026 Reg M-A\n|rated|\n|rule|Species Clause: Limit one of each Pok\u00e9mon\n|rule|Item Clause: Limit 1 of each item\n|clearpoke\n|poke|p1|Golurk, L50|\n|poke|p1|Incineroar, L50, F|\n|poke|p1|Farigiraf, L50, F|\n|poke|p1|Sneasler, L50, M|\n|poke|p1|Torkoal, L50, F|\n|poke|p1|Venusaur, L50, M|\n|poke|p2|Starmie, L50|\n|poke|p2|Lucario, L50, M|\n|poke|p2|Lycanroc-Dusk, L50, M|\n|poke|p2|Hydreigon, L50, M|\n|poke|p2|Gengar, L50, M|\n|poke|p2|Tauros-Paldea-Aqua, L50, M|\n|teampreview|4\n|inactive|Battle timer is ON: inactive players will automatically lose when time's up. (requested by DavidTIS)\n|inactive|spike285 has 60 seconds left.\n|inactive|DavidTIS has 60 seconds left.\n|inactive|DavidTIS has 30 seconds left.\n|\n|t:|1776626341\n|teamsize|p1|4\n|teamsize|p2|4\n|start\n|switch|p1a: Torkoal|Torkoal, L50, F|100/100\n|switch|p1b: Golurk|Golurk, L50|100/100\n|switch|p2a: Lycanroc|Lycanroc-Dusk, L50, M|100/100\n|switch|p2b: Hydreigon|Hydreigon, L50, M|100/100\n|-weather|SunnyDay|[from] ability: Drought|[of] p1a: Torkoal\n|turn|1\n|inactive|spike285 has 30 seconds left.\n|\n|t:|1776626371\n|switch|p1a: Sneasler|Sneasler, L50, M|100/100\n|detailschange|p1b: Golurk|Golurk-Mega, L50\n|-mega|p1b: Golurk|Golurk|Golurkite\n|move|p2a: Lycanroc|Crunch|p1b: Golurk\n|-supereffective|p1b: Golurk|1\n|-damage|p1b: Golurk|31/100\n|move|p2b: Hydreigon|Dark Pulse|p1b: Golurk\n|-supereffective|p1b: Golurk|1\n|-damage|p1b: Golurk|0 fnt\n|faint|p1b: Golurk\n|\n|-weather|SunnyDay|[upkeep]\n|upkeep\n|\n|t:|1776626383\n|switch|p1b: Incineroar|Incineroar, L50, F|100/100\n|-ability|p1b: Incineroar|Intimidate|boost\n|-unboost|p2a: Lycanroc|atk|1\n|-unboost|p2b: Hydreigon|atk|1\n|-enditem|p2b: Hydreigon|White Herb\n|-clearnegativeboost|p2b: Hydreigon|[silent]\n|turn|2\n|inactive|spike285 has 30 seconds left.\n|inactive|spike285 has 20 seconds left.\n|inactive|spike285 has 15 seconds left.\n|inactive|spike285 has 10 seconds left.\n|inactive|spike285 has 5 seconds left.\n|\n|t:|1776626434\n|switch|p2a: Tauros|Tauros-Paldea-Aqua, L50, M|100/100\n|-ability|p2a: Tauros|Intimidate|boost\n|-unboost|p1a: Sneasler|atk|1\n|-unboost|p1b: Incineroar|atk|1\n|-enditem|p1a: Sneasler|White Herb\n|-clearnegativeboost|p1a: Sneasler|[silent]\n|move|p2b: Hydreigon|Protect|p2b: Hydreigon\n|-singleturn|p2b: Hydreigon|Protect\n|move|p1a: Sneasler|Close Combat|p2a: Tauros\n|-damage|p2a: Tauros|31/100\n|-unboost|p1a: Sneasler|def|1\n|-unboost|p1a: Sneasler|spd|1\n|-enditem|p2a: Tauros|Sitrus Berry|[eat]\n|-heal|p2a: Tauros|56/100|[from] item: Sitrus Berry\n|move|p1b: Incineroar|Parting Shot|p2a: Tauros\n|-unboost|p2a: Tauros|atk|1\n|-unboost|p2a: Tauros|spa|1\n|\n|t:|1776626456\n|switch|p1b: Torkoal|Torkoal, L50, F|100/100|[from] Parting Shot\n|\n|-weather|SunnyDay|[upkeep]\n|upkeep\n|turn|3\n|inactive|spike285 has 30 seconds left.\n|\n|t:|1776626490\n|move|p2a: Tauros|Protect|p2a: Tauros\n|-singleturn|p2a: Tauros|Protect\n|move|p1b: Torkoal|Protect|p1b: Torkoal\n|-singleturn|p1b: Torkoal|Protect\n|move|p1a: Sneasler|Close Combat|p2b: Hydreigon\n|-supereffective|p2b: Hydreigon|1\n|-damage|p2b: Hydreigon|0 fnt\n|-unboost|p1a: Sneasler|def|1\n|-unboost|p1a: Sneasler|spd|1\n|faint|p2b: Hydreigon\n|\n|-weather|SunnyDay|[upkeep]\n|upkeep\n|\n|t:|1776626505\n|switch|p2b: Lycanroc|Lycanroc-Dusk, L50, M|100/100\n|turn|4\n|inactive|spike285 has 30 seconds left.\n|\n|t:|1776626532\n|switch|p1a: Incineroar|Incineroar, L50, F|100/100\n|-ability|p1a: Incineroar|Intimidate|boost\n|-unboost|p2a: Tauros|atk|1\n|-unboost|p2b: Lycanroc|atk|1\n|move|p1b: Torkoal|Protect||[still]\n|-fail|p1b: Torkoal\n|move|p2a: Tauros|Wave Crash|p1b: Torkoal\n|-supereffective|p1b: Torkoal|1\n|-damage|p1b: Torkoal|79/100\n|-damage|p2a: Tauros|49/100|[from] Recoil\n|move|p2b: Lycanroc|Rock Slide|p1a: Incineroar|[spread] p1a,p1b\n|-supereffective|p1a: Incineroar|1\n|-supereffective|p1b: Torkoal|1\n|-damage|p1a: Incineroar|72/100\n|-damage|p1b: Torkoal|46/100\n|\n|-weather|SunnyDay|[upkeep]\n|upkeep\n|turn|5\n|inactive|spike285 has 30 seconds left.\n|\n|t:|1776626565\n|switch|p2a: Starmie|Starmie, L50|100/100\n|move|p1a: Incineroar|Fake Out|p2b: Lycanroc\n|-resisted|p2b: Lycanroc|1\n|-damage|p2b: Lycanroc|93/100\n|cant|p2b: Lycanroc|flinch\n|move|p1b: Torkoal|Heat Wave|p2b: Lycanroc|[spread] p2b\n|-miss|p1b: Torkoal|p2a: Starmie\n|-resisted|p2b: Lycanroc|1\n|-damage|p2b: Lycanroc|49/100\n|\n|-weather|none\n|upkeep\n|turn|6\n|inactive|spike285 has 30 seconds left.\n|\n|t:|1776626590\n|switch|p1b: Sneasler|Sneasler, L50, M|100/100\n|detailschange|p2a: Starmie|Starmie-Mega, L50\n|-mega|p2a: Starmie|Starmie|Starminite\n|move|p2a: Starmie|Liquidation|p1a: Incineroar\n|-supereffective|p1a: Incineroar|1\n|-crit|p1a: Incineroar\n|-damage|p1a: Incineroar|0 fnt\n|faint|p1a: Incineroar\n|move|p2b: Lycanroc|Rock Slide|p1b: Sneasler\n|-resisted|p1b: Sneasler|1\n|-damage|p1b: Sneasler|76/100\n|\n|upkeep\n|\n|t:|1776626601\n|switch|p1a: Torkoal|Torkoal, L50, F|46/100\n|-weather|SunnyDay|[from] ability: Drought|[of] p1a: Torkoal\n|turn|7\n|\n|t:|1776626618\n|move|p2a: Starmie|Protect|p2a: Starmie\n|-singleturn|p2a: Starmie|Protect\n|move|p1a: Torkoal|Protect|p1a: Torkoal\n|-singleturn|p1a: Torkoal|Protect\n|move|p2b: Lycanroc|Accelerock|p1a: Torkoal\n|-activate|p1a: Torkoal|move: Protect\n|move|p1b: Sneasler|Dire Claw|p2a: Starmie\n|-activate|p2a: Starmie|move: Protect\n|\n|-weather|SunnyDay|[upkeep]\n|upkeep\n|turn|8\n|inactive|spike285 has 30 seconds left.\n|\n|t:|1776626650\n|move|p2b: Lycanroc|Accelerock|p1a: Torkoal\n|-supereffective|p1a: Torkoal|1\n|-damage|p1a: Torkoal|17/100\n|move|p1b: Sneasler|Dire Claw|p2a: Starmie\n|-damage|p2a: Starmie|49/100\n|move|p2a: Starmie|Psycho Cut|p1b: Sneasler\n|-supereffective|p1b: Sneasler|2\n|-damage|p1b: Sneasler|0 fnt\n|faint|p1b: Sneasler\n|move|p1a: Torkoal|Heat Wave|p2b: Lycanroc|[spread] p2a\n|-miss|p1a: Torkoal|p2b: Lycanroc\n|-resisted|p2a: Starmie|1\n|-damage|p2a: Starmie|15/100\n|\n|-weather|SunnyDay|[upkeep]\n|upkeep\n|turn|9\n|\n|t:|1776626666\n|move|p2b: Lycanroc|Accelerock|p1a: Torkoal\n|-supereffective|p1a: Torkoal|1\n|-damage|p1a: Torkoal|0 fnt\n|faint|p1a: Torkoal\n|\n|win|DavidTIS\n|raw|spike285's rating: 1097 &rarr; <strong>1076</strong><br />(-21 for losing)\n|raw|DavidTIS's rating: 1141 &rarr; <strong>1163</strong><br />(+22 for winning)\n",
  "uploadtime": 1776626671,
  "views": 11,
  "formatid": "gen9championsvgc2026regma",
  "rating": 1076,
  "private": 0,
  "password": null
}