{
  "id": "gen9championsvgc2026regma-2587798503",
  "format": "[Gen 9 Champions] VGC 2026 Reg M-A",
  "players": [
    "Kayto_Kurisu",
    "fish azu"
  ],
  "log": "|j|\u2606Kayto_Kurisu\n|j|\u2606fish azu\n|t:|1776565101\n|gametype|doubles\n|player|p1|Kayto_Kurisu|1|1162\n|player|p2|fish azu|winona|1105\n|gen|9\n|tier|[Gen 9 Champions] VGC 2026 Reg M-A\n|rated|\n|rule|Species Clause: Limit one of each Pok\u00e9mon\n|rule|Item Clause: Limit 1 of each item\n|clearpoke\n|poke|p1|Incineroar, L50, F|\n|poke|p1|Rotom-Wash, L50|\n|poke|p1|Aerodactyl, L50, M|\n|poke|p1|Tyranitar, L50, F|\n|poke|p1|Excadrill, L50, M|\n|poke|p1|Meganium, L50, M|\n|poke|p2|Archaludon, L50, M|\n|poke|p2|Azumarill, L50, F|\n|poke|p2|Pelipper, L50, F|\n|poke|p2|Farigiraf, L50, F|\n|poke|p2|Dragonite, L50, M|\n|poke|p2|Incineroar, L50, M|\n|teampreview|4\n|inactive|Battle timer is ON: inactive players will automatically lose when time's up. (requested by fish azu)\n|inactive|Kayto_Kurisu has 60 seconds left.\n|\n|t:|1776565177\n|teamsize|p1|4\n|teamsize|p2|4\n|start\n|switch|p1a: Tyranitar|Tyranitar, L50, F|100/100\n|switch|p1b: Rotom|Rotom-Wash, L50|100/100\n|switch|p2a: Archaludon|Archaludon, L50, M|100/100\n|switch|p2b: Farigiraf|Farigiraf, L50, F|100/100\n|-weather|Sandstorm|[from] ability: Sand Stream|[of] p1a: Tyranitar\n|turn|1\n|inactive|Kayto_Kurisu has 30 seconds left.\n|inactive|fish azu has 30 seconds left.\n|inactive|fish azu has 20 seconds left.\n|\n|t:|1776565214\n|move|p1a: Tyranitar|Protect|p1a: Tyranitar\n|-singleturn|p1a: Tyranitar|Protect\n|move|p1b: Rotom|Discharge|p2b: Farigiraf|[spread] p2a,p2b\n|-activate|p1a: Tyranitar|move: Protect\n|-resisted|p2a: Archaludon|1\n|-damage|p2a: Archaludon|83/100\n|-damage|p2b: Farigiraf|75/100\n|-status|p2b: Farigiraf|par\n|-ability|p2a: Archaludon|Stamina|boost\n|-boost|p2a: Archaludon|def|1\n|move|p2a: Archaludon|Flash Cannon|p1a: Tyranitar\n|-activate|p1a: Tyranitar|move: Protect\n|move|p2b: Farigiraf|Trick Room|p2b: Farigiraf\n|-fieldstart|move: Trick Room|[of] p2b: Farigiraf\n|\n|-weather|Sandstorm|[upkeep]\n|-damage|p2b: Farigiraf|69/100 par|[from] Sandstorm\n|-damage|p1b: Rotom|95/100|[from] Sandstorm\n|upkeep\n|turn|2\n|inactive|Kayto_Kurisu has 30 seconds left.\n|inactive|Kayto_Kurisu has 20 seconds left.\n|\n|t:|1776565254\n|switch|p2b: Pelipper|Pelipper, L50, F|100/100\n|-weather|RainDance|[from] ability: Drizzle|[of] p2b: Pelipper\n|detailschange|p1a: Tyranitar|Tyranitar-Mega, L50, F\n|-mega|p1a: Tyranitar|Tyranitar|Tyranitarite\n|-weather|Sandstorm|[from] ability: Sand Stream|[of] p1a: Tyranitar\n|move|p1a: Tyranitar|Knock Off|p2b: Pelipper\n|-damage|p2b: Pelipper|29/100\n|-enditem|p2b: Pelipper|Focus Sash|[from] move: Knock Off|[of] p1a: Tyranitar\n|move|p2a: Archaludon|Electro Shot||[still]\n|-prepare|p2a: Archaludon|Electro Shot\n|-boost|p2a: Archaludon|spa|1\n|move|p1b: Rotom|Shadow Ball|p2a: Archaludon\n|-damage|p2a: Archaludon|50/100\n|-ability|p2a: Archaludon|Stamina|boost\n|-boost|p2a: Archaludon|def|1\n|\n|-weather|Sandstorm|[upkeep]\n|-damage|p1b: Rotom|89/100|[from] Sandstorm\n|-damage|p2b: Pelipper|23/100|[from] Sandstorm\n|upkeep\n|turn|3\n|inactive|Kayto_Kurisu has 30 seconds left.\n|inactive|fish azu has 30 seconds left.\n|inactive|Kayto_Kurisu has 20 seconds left.\n|inactive|Kayto_Kurisu has 15 seconds left.\n|\n|t:|1776565297\n|switch|p1a: Excadrill|Excadrill, L50, M|100/100\n|move|p2b: Pelipper|Wide Guard|p2b: Pelipper\n|-singleturn|p2b: Pelipper|Wide Guard\n|move|p2a: Archaludon|Electro Shot|p1b: Rotom|[from] lockedmove\n|-damage|p1b: Rotom|14/100\n|-enditem|p1b: Rotom|Sitrus Berry|[eat]\n|-heal|p1b: Rotom|38/100|[from] item: Sitrus Berry\n|move|p1b: Rotom|Discharge|p2b: Pelipper|[spread] \n|-activate|p2a: Archaludon|move: Wide Guard\n|-activate|p2b: Pelipper|move: Wide Guard\n|-immune|p1a: Excadrill\n|\n|-weather|Sandstorm|[upkeep]\n|-damage|p1b: Rotom|33/100|[from] Sandstorm\n|-damage|p2b: Pelipper|18/100|[from] Sandstorm\n|upkeep\n|turn|4\n|inactive|Kayto_Kurisu has 30 seconds left.\n|inactive|fish azu has 30 seconds left.\n|inactive|Kayto_Kurisu has 20 seconds left.\n|inactive|Kayto_Kurisu has 15 seconds left.\n|inactive|Kayto_Kurisu has 10 seconds left.\n|inactive|Kayto_Kurisu has 5 seconds left.\n|\n|t:|1776565350\n|switch|p2b: Farigiraf|Farigiraf, L50, F|69/100 par\n|move|p2a: Archaludon|Draco Meteor|p1b: Rotom\n|-damage|p1b: Rotom|0 fnt\n|-unboost|p2a: Archaludon|spa|2\n|faint|p1b: Rotom\n|move|p1a: Excadrill|Iron Head|p2b: Farigiraf\n|-damage|p2b: Farigiraf|34/100 par\n|\n|-weather|Sandstorm|[upkeep]\n|-damage|p2b: Farigiraf|27/100 par|[from] Sandstorm\n|upkeep\n|\n|t:|1776565367\n|switch|p1b: Aerodactyl|Aerodactyl, L50, M|100/100\n|-ability|p1b: Aerodactyl|Unnerve\n|turn|5\n|\n|t:|1776565391\n|switch|p2b: Pelipper|Pelipper, L50, F|18/100\n|-weather|RainDance|[from] ability: Drizzle|[of] p2b: Pelipper\n|switch|p1b: Tyranitar|Tyranitar-Mega, L50, F|100/100\n|-weather|Sandstorm|[from] ability: Sand Stream|[of] p1b: Tyranitar\n|move|p2a: Archaludon|Electro Shot||[still]\n|-prepare|p2a: Archaludon|Electro Shot\n|-boost|p2a: Archaludon|spa|1\n|move|p1a: Excadrill|Earthquake|p2b: Pelipper|[spread] p1b,p2a\n|-immune|p2b: Pelipper\n|-supereffective|p1b: Tyranitar|1\n|-supereffective|p2a: Archaludon|1\n|-damage|p1b: Tyranitar|45/100\n|-damage|p2a: Archaludon|17/100\n|-ability|p2a: Archaludon|Stamina|boost\n|-boost|p2a: Archaludon|def|1\n|\n|-weather|Sandstorm|[upkeep]\n|-damage|p2b: Pelipper|12/100|[from] Sandstorm\n|-fieldend|move: Trick Room\n|upkeep\n|turn|6\n|inactive|Kayto_Kurisu has 30 seconds left.\n|\n|t:|1776565423\n|switch|p2b: Farigiraf|Farigiraf, L50, F|27/100 par\n|move|p1a: Excadrill|Rock Slide|p2a: Archaludon|[spread] p2a,p2b\n|-resisted|p2a: Archaludon|1\n|-damage|p2a: Archaludon|14/100\n|-damage|p2b: Farigiraf|10/100 par\n|-ability|p2a: Archaludon|Stamina|boost\n|-boost|p2a: Archaludon|def|1\n|move|p2a: Archaludon|Electro Shot|p1b: Tyranitar|[from] lockedmove\n|-damage|p1b: Tyranitar|28/100\n|move|p1b: Tyranitar|Knock Off|p2b: Farigiraf\n|-supereffective|p2b: Farigiraf|1\n|-damage|p2b: Farigiraf|0 fnt\n|-enditem|p2b: Farigiraf|Mental Herb|[from] move: Knock Off|[of] p1b: Tyranitar\n|faint|p2b: Farigiraf\n|\n|-weather|Sandstorm|[upkeep]\n|upkeep\n|\n|t:|1776565440\n|switch|p2b: Pelipper|Pelipper, L50, F|12/100\n|-weather|RainDance|[from] ability: Drizzle|[of] p2b: Pelipper\n|turn|7\n|inactive|fish azu has 30 seconds left.\n|\n|t:|1776565472\n|move|p1a: Excadrill|Rock Slide|p2b: Pelipper|[spread] p2a\n|-miss|p1a: Excadrill|p2b: Pelipper\n|-resisted|p2a: Archaludon|1\n|-damage|p2a: Archaludon|12/100\n|-ability|p2a: Archaludon|Stamina|boost\n|-boost|p2a: Archaludon|def|1\n|move|p2b: Pelipper|Weather Ball|p1a: Excadrill\n|-supereffective|p1a: Excadrill|1\n|-damage|p1a: Excadrill|0 fnt\n|faint|p1a: Excadrill\n|move|p2a: Archaludon|Electro Shot||[still]\n|-prepare|p2a: Archaludon|Electro Shot\n|-boost|p2a: Archaludon|spa|1\n|-anim|p2a: Archaludon|Electro Shot|p1b: Tyranitar\n|-damage|p1b: Tyranitar|0 fnt\n|faint|p1b: Tyranitar\n|\n|-weather|RainDance|[upkeep]\n|upkeep\n|\n|t:|1776565491\n|switch|p1a: Aerodactyl|Aerodactyl, L50, M|100/100\n|-ability|p1a: Aerodactyl|Unnerve\n|turn|8\n|\n|t:|1776565506\n|move|p1a: Aerodactyl|Sandstorm|p1a: Aerodactyl\n|-weather|Sandstorm\n|move|p2b: Pelipper|Weather Ball|p1a: Aerodactyl\n|-supereffective|p1a: Aerodactyl|1\n|-damage|p1a: Aerodactyl|37/100\n|move|p2a: Archaludon|Electro Shot||[still]\n|-prepare|p2a: Archaludon|Electro Shot\n|-boost|p2a: Archaludon|spa|1\n|\n|-weather|Sandstorm|[upkeep]\n|-damage|p2b: Pelipper|6/100|[from] Sandstorm\n|upkeep\n|turn|9\n|\n|t:|1776565519\n|move|p1a: Aerodactyl|Rock Slide|p2b: Pelipper|[spread] p2a,p2b\n|-resisted|p2a: Archaludon|1\n|-supereffective|p2b: Pelipper|1\n|-damage|p2a: Archaludon|9/100\n|-damage|p2b: Pelipper|0 fnt\n|-ability|p2a: Archaludon|Stamina|boost\n|-boost|p2a: Archaludon|def|1\n|faint|p2b: Pelipper\n|move|p2a: Archaludon|Electro Shot|p1a: Aerodactyl|[from] lockedmove\n|-supereffective|p1a: Aerodactyl|1\n|-damage|p1a: Aerodactyl|0 fnt\n|faint|p1a: Aerodactyl\n|\n|win|fish azu\n|raw|Kayto_Kurisu's rating: 1162 &rarr; <strong>1133</strong><br />(-29 for losing)\n|raw|fish azu's rating: 1105 &rarr; <strong>1134</strong><br />(+29 for winning)\n|l|\u2606Kayto_Kurisu\n|player|p1|\n",
  "uploadtime": 1776565543,
  "views": 15,
  "formatid": "gen9championsvgc2026regma",
  "rating": 1133,
  "private": 0,
  "password": null
}