{
  "id": "gen9championsvgc2026regma-2582486282",
  "format": "[Gen 9 Champions] VGC 2026 Reg M-A",
  "players": [
    "FTSPUAMA",
    "duxmealux45"
  ],
  "log": "|j|\u2606FTSPUAMA\n|j|\u2606duxmealux45\n|t:|1776094775\n|gametype|doubles\n|player|p1|FTSPUAMA|266|1184\n|player|p2|duxmealux45|2|1202\n|gen|9\n|tier|[Gen 9 Champions] VGC 2026 Reg M-A\n|rated|\n|rule|Species Clause: Limit one of each Pok\u00e9mon\n|rule|Item Clause: Limit 1 of each item\n|clearpoke\n|poke|p1|Aerodactyl, L50, M|\n|poke|p1|Sneasler, L50, M|\n|poke|p1|Froslass, L50, F|\n|poke|p1|Kingambit, L50, M|\n|poke|p1|Incineroar, L50, F|\n|poke|p1|Rotom-Wash, L50|\n|poke|p2|Raichu, L50, M|\n|poke|p2|Venusaur, L50, M|\n|poke|p2|Garchomp, L50, F|\n|poke|p2|Incineroar, L50, M|\n|poke|p2|Milotic, L50, F|\n|poke|p2|Corviknight, L50, M|\n|teampreview|4\n|inactive|Battle timer is ON: inactive players will automatically lose when time's up. (requested by FTSPUAMA)\n|\n|t:|1776094819\n|teamsize|p1|4\n|teamsize|p2|4\n|start\n|switch|p1a: Froslass|Froslass, L50, F|100/100\n|switch|p1b: Rotom|Rotom-Wash, L50|100/100\n|switch|p2a: Raichu|Raichu, L50, M|100/100\n|switch|p2b: Corviknight|Corviknight, L50, M|100/100\n|turn|1\n|inactive|duxmealux45 has 30 seconds left.\n|\n|t:|1776094851\n|detailschange|p1a: Froslass|Froslass-Mega, L50, F\n|-mega|p1a: Froslass|Froslass|Froslassite\n|-weather|Snowscape|[from] ability: Snow Warning|[of] p1a: Froslass\n|move|p2a: Raichu|Fake Out|p1b: Rotom\n|-damage|p1b: Rotom|90/100\n|cant|p1b: Rotom|flinch\n|move|p1a: Froslass|Aurora Veil|p1a: Froslass\n|-sidestart|p1: FTSPUAMA|move: Aurora Veil\n|move|p2b: Corviknight|Tailwind|p2b: Corviknight\n|-sidestart|p2: duxmealux45|move: Tailwind\n|\n|-weather|Snowscape|[upkeep]\n|upkeep\n|turn|2\n|inactive|duxmealux45 has 30 seconds left.\n|\n|t:|1776094884\n|move|p2a: Raichu|Encore|p1a: Froslass\n|-start|p1a: Froslass|Encore\n|move|p1b: Rotom|Volt Switch|p2a: Raichu\n|-activate|p2a: Raichu|ability: Lightning Rod\n|-ability|p2a: Raichu|Lightning Rod|boost\n|-boost|p2a: Raichu|spa|1\n|move|p1a: Froslass|Aurora Veil||[still]\n|-fail|p1a: Froslass\n|move|p2b: Corviknight|Iron Head|p1a: Froslass\n|-supereffective|p1a: Froslass|1\n|-damage|p1a: Froslass|67/100\n|\n|-weather|Snowscape|[upkeep]\n|upkeep\n|turn|3\n|inactive|duxmealux45 has 30 seconds left.\n|\n|t:|1776094916\n|switch|p1b: Sneasler|Sneasler, L50, M|100/100\n|switch|p1a: Kingambit|Kingambit, L50, M|100/100\n|move|p2a: Raichu|Nuzzle|p1b: Sneasler\n|-damage|p1b: Sneasler|94/100\n|-status|p1b: Sneasler|par\n|move|p2b: Corviknight|Iron Head|p1a: Kingambit\n|-resisted|p1a: Kingambit|1\n|-damage|p1a: Kingambit|93/100\n|\n|-weather|Snowscape|[upkeep]\n|upkeep\n|turn|4\n|\n|t:|1776094934\n|move|p1b: Sneasler|Fake Out|p2a: Raichu\n|-damage|p2a: Raichu|71/100\n|cant|p2a: Raichu|flinch\n|move|p2b: Corviknight|Brave Bird|p1b: Sneasler\n|-supereffective|p1b: Sneasler|1\n|-damage|p1b: Sneasler|2/100 par\n|-damage|p2b: Corviknight|77/100|[from] Recoil\n|move|p1a: Kingambit|Swords Dance|p1a: Kingambit\n|-boost|p1a: Kingambit|atk|2\n|\n|-weather|Snowscape|[upkeep]\n|-sideend|p2: duxmealux45|move: Tailwind\n|upkeep\n|turn|5\n|\n|t:|1776094957\n|switch|p1b: Rotom|Rotom-Wash, L50|90/100\n|move|p2a: Raichu|Encore|p1a: Kingambit\n|-start|p1a: Kingambit|Encore\n|move|p1a: Kingambit|Swords Dance|p1a: Kingambit\n|-boost|p1a: Kingambit|atk|2\n|move|p2b: Corviknight|Tailwind|p2b: Corviknight\n|-sidestart|p2: duxmealux45|move: Tailwind\n|\n|-weather|none\n|-sideend|p1: FTSPUAMA|move: Aurora Veil\n|upkeep\n|turn|6\n|\n|t:|1776094978\n|switch|p2b: Garchomp|Garchomp, L50, F|100/100\n|move|p2a: Raichu|Volt Switch|p1a: Kingambit\n|-damage|p1a: Kingambit|42/100\n|\n|t:|1776094985\n|switch|p2a: Corviknight|Corviknight, L50, M|77/100|[from] Volt Switch\n|move|p1b: Rotom|Hydro Pump|p2a: Corviknight\n|-damage|p2a: Corviknight|37/100\n|move|p1a: Kingambit|Swords Dance|p1a: Kingambit\n|-boost|p1a: Kingambit|atk|2\n|\n|upkeep\n|turn|7\n|inactive|duxmealux45 has 30 seconds left.\n|\n|t:|1776095017\n|move|p2b: Garchomp|Earthquake|p1b: Rotom|[spread] p1a\n|-immune|p2a: Corviknight\n|-immune|p1b: Rotom|[from] ability: Levitate\n|-supereffective|p1a: Kingambit|1\n|-damage|p1a: Kingambit|0 fnt\n|faint|p1a: Kingambit\n|move|p1b: Rotom|Hydro Pump|p2a: Corviknight\n|-damage|p2a: Corviknight|0 fnt\n|faint|p2a: Corviknight\n|\n|upkeep\n|\n|t:|1776095029\n|switch|p1a: Froslass|Froslass-Mega, L50, F|67/100\n|switch|p2a: Raichu|Raichu, L50, M|71/100\n|-weather|Snowscape|[from] ability: Snow Warning|[of] p1a: Froslass\n|turn|8\n|\n|t:|1776095039\n|move|p2a: Raichu|Nuzzle|p1a: Froslass\n|-damage|p1a: Froslass|61/100\n|-status|p1a: Froslass|par\n|move|p2b: Garchomp|Rock Slide|p1b: Rotom|[spread] p1a,p1b\n|-supereffective|p1a: Froslass|1\n|-damage|p1a: Froslass|18/100 par\n|-damage|p1b: Rotom|61/100\n|cant|p1b: Rotom|flinch\n|cant|p1a: Froslass|par\n|\n|-weather|Snowscape|[upkeep]\n|-sideend|p2: duxmealux45|move: Tailwind\n|upkeep\n|turn|9\n|-message|FTSPUAMA forfeited.\n|\n|win|duxmealux45\n|raw|FTSPUAMA's rating: 1184 &rarr; <strong>1160</strong><br />(-24 for losing)\n|raw|duxmealux45's rating: 1202 &rarr; <strong>1226</strong><br />(+24 for winning)\n|l|\u2606FTSPUAMA\n|player|p1|\n",
  "uploadtime": 1776095072,
  "views": 30,
  "formatid": "gen9championsvgc2026regma",
  "rating": 1160,
  "private": 0,
  "password": null
}