{
  "id": "gen9championsvgc2026regma-2583654722",
  "format": "[Gen 9 Champions] VGC 2026 Reg M-A",
  "players": [
    "Zordor",
    "test for tour v15"
  ],
  "log": "|j|\u2606Zordor\n|j|\u2606test for tour v15\n|html|<table width=\"100%\"><tr><td align=\"left\">Zordor</td><td align=\"right\">test for tour v15</tr><tr><td align=\"left\"><i class=\"fa fa-circle-o\"></i> <i class=\"fa fa-circle-o\"></i> </td><td align=\"right\"><i class=\"fa fa-circle-o\"></i> <i class=\"fa fa-circle-o\"></i> </tr></table>\n|uhtml|bestof|<h2><strong>Game 1</strong> of <a href=\"/game-bestof3-gen9championsvgc2026regma-2583654721\">a best-of-3</a></h2>\n|t:|1776189045\n|gametype|doubles\n|player|p1|Zordor|pilot|\n|player|p2|test for tour v15|miku-flying|\n|gen|9\n|tier|[Gen 9 Champions] VGC 2026 Reg M-A\n|rated|Tournament battle\n|rule|Species Clause: Limit one of each Pok\u00e9mon\n|rule|Item Clause: Limit 1 of each item\n|raw|<div class=\"infobox\"><details class=\"readmore\" open><summary><strong>2 custom rules:</strong></summary> Force Open Team Sheets, Best of = 3</details></div>\n|clearpoke\n|poke|p1|Rotom-Wash, L50|\n|poke|p1|Sneasler, L50, F|\n|poke|p1|Kingambit, L50, F|\n|poke|p1|Altaria, L50, M|\n|poke|p1|Arcanine, L50, F|\n|poke|p1|Farigiraf, L50, F|\n|poke|p2|Gardevoir, L50, M|\n|poke|p2|Aegislash, L50, M|\n|poke|p2|Incineroar, L50, M|\n|poke|p2|Vivillon-Garden, L50, M|\n|poke|p2|Sneasler, L50, M|\n|poke|p2|Hydreigon, L50, M|\n|teampreview|4\n|showteam|p1|Rotom-Wash||SitrusBerry|Levitate|HydroPump,Thunderbolt,WillOWisp,Protect||||||50|]Sneasler||FocusSash|Unburden|DireClaw,CloseCombat,RockTomb,Protect|||F|||50|]Kingambit||ChopleBerry|Defiant|KowtowCleave,IronHead,SuckerPunch,Protect|||F|||50|]Altaria||Altarianite|CloudNine|HyperVoice,DragonPulse,Flamethrower,Protect|||M|||50|]Arcanine||Leftovers|Intimidate|FlareBlitz,PsychicFangs,ExtremeSpeed,Protect|||F|||50|]Farigiraf||ColburBerry|ArmorTail|Psychic,HyperVoice,HelpingHand,TrickRoom|||F|||50|\n|showteam|p2|Gardevoir||Gardevoirite|Trace|Psychic,HyperVoice,CalmMind,Protect|||M|||50|]Aegislash||MentalHerb|StanceChange|IronHead,Poltergeist,SacredSword,KingsShield|||M|||50|]Incineroar||SitrusBerry|Intimidate|FlareBlitz,Snarl,PartingShot,FakeOut|||M|||50|]Vivillon-Garden||FocusSash|CompoundEyes|SleepPowder,RagePowder,Hurricane,Protect|||M|||50|]Sneasler||WhiteHerb|Pressure|CloseCombat,DireClaw,RockSlide,FakeOut|||M|||50|]Hydreigon||LumBerry|Levitate|DracoMeteor,Tailwind,Protect,DarkPulse|||M|||50|\ntest for tour v15 has agreed to open team sheets.\n|inactive|Battle timer is ON: inactive players will automatically lose when time's up. (requested by test for tour v15)\n|inactive|Zordor has 60 seconds left.\n|\n|t:|1776189176\n|teamsize|p1|4\n|teamsize|p2|4\n|start\n|switch|p1a: Sneasler|Sneasler, L50, F|100/100\n|switch|p1b: Kingambit|Kingambit, L50, F|100/100\n|switch|p2a: Sneasler|Sneasler, L50, M|100/100\n|switch|p2b: Vivillon|Vivillon-Garden, L50, M|100/100\n|-ability|p2a: Sneasler|Pressure\n|turn|1\n|inactive|Zordor has 30 seconds left.\n|inactive|Zordor has 20 seconds left.\n|\n|t:|1776189215\n|move|p2a: Sneasler|Fake Out|p1b: Kingambit\n|-resisted|p1b: Kingambit|1\n|-damage|p1b: Kingambit|96/100\n|move|p1a: Sneasler|Rock Tomb|p2b: Vivillon\n|-supereffective|p2b: Vivillon|2\n|-crit|p2b: Vivillon\n|-enditem|p2b: Vivillon|Focus Sash\n|-damage|p2b: Vivillon|1/100\n|-unboost|p2b: Vivillon|spe|1\n|move|p2b: Vivillon|Sleep Powder|p1a: Sneasler\n|-status|p1a: Sneasler|slp|[from] move: Sleep Powder\n|cant|p1b: Kingambit|flinch\n|\n|upkeep\n|turn|2\n|\n|t:|1776189236\n|move|p1b: Kingambit|Protect|p1b: Kingambit\n|-singleturn|p1b: Kingambit|Protect\n|move|p2a: Sneasler|Close Combat|p1b: Kingambit\n|-activate|p1b: Kingambit|move: Protect\n|cant|p1a: Sneasler|slp\n|move|p2b: Vivillon|Hurricane|p1a: Sneasler\n|-supereffective|p1a: Sneasler|1\n|-enditem|p1a: Sneasler|Focus Sash\n|-damage|p1a: Sneasler|1/100 slp\n|\n|upkeep\n|turn|3\n|\n|t:|1776189249\n|cant|p1a: Sneasler|slp\n|move|p2a: Sneasler|Close Combat|p1b: Kingambit\n|-supereffective|p1b: Kingambit|2\n|-crit|p1b: Kingambit\n|-enditem|p1b: Kingambit|Chople Berry|[eat]\n|-enditem|p1b: Kingambit|Chople Berry|[weaken]\n|-damage|p1b: Kingambit|0 fnt\n|-unboost|p2a: Sneasler|def|1\n|-unboost|p2a: Sneasler|spd|1\n|faint|p1b: Kingambit\n|-enditem|p2a: Sneasler|White Herb\n|-clearnegativeboost|p2a: Sneasler|[silent]\n|move|p2b: Vivillon|Hurricane|p1a: Sneasler\n|-supereffective|p1a: Sneasler|1\n|-damage|p1a: Sneasler|0 fnt\n|faint|p1a: Sneasler\n|\n|upkeep\n|\n|t:|1776189254\n|switch|p1a: Arcanine|Arcanine, L50, F|100/100\n|switch|p1b: Rotom|Rotom-Wash, L50|100/100\n|-ability|p1a: Arcanine|Intimidate|boost\n|-unboost|p2a: Sneasler|atk|1\n|-unboost|p2b: Vivillon|atk|1\n|turn|4\n|\n|t:|1776189269\n|switch|p2a: Incineroar|Incineroar, L50, M|100/100\n|-ability|p2a: Incineroar|Intimidate|boost\n|-unboost|p1a: Arcanine|atk|1\n|-unboost|p1b: Rotom|atk|1\n|move|p1a: Arcanine|Protect|p1a: Arcanine\n|-singleturn|p1a: Arcanine|Protect\n|move|p1b: Rotom|Will-O-Wisp|p2a: Incineroar\n|-immune|p2a: Incineroar\n|move|p2b: Vivillon|Sleep Powder|p1b: Rotom\n|-status|p1b: Rotom|slp|[from] move: Sleep Powder\n|\n|upkeep\n|turn|5\n|\n|t:|1776189277\n|move|p1a: Arcanine|Flare Blitz|p2b: Vivillon\n|-supereffective|p2b: Vivillon|1\n|-damage|p2b: Vivillon|0 fnt\n|faint|p2b: Vivillon\n|-damage|p1a: Arcanine|99/100|[from] Recoil\n|cant|p1b: Rotom|slp\n|move|p2a: Incineroar|Snarl|p1b: Rotom|[spread] p1a,p1b\n|-damage|p1a: Arcanine|89/100\n|-damage|p1b: Rotom|88/100 slp\n|-unboost|p1a: Arcanine|spa|1\n|-unboost|p1b: Rotom|spa|1\n|\n|-heal|p1a: Arcanine|95/100|[from] item: Leftovers\n|upkeep\n|\n|t:|1776189282\n|switch|p2b: Sneasler|Sneasler, L50, M|100/100\n|-ability|p2b: Sneasler|Pressure\n|turn|6\n|\n|t:|1776189292\n|-curestatus|p1b: Rotom|slp|[msg]\n|move|p1b: Rotom|Protect|p1b: Rotom\n|-singleturn|p1b: Rotom|Protect\n|move|p2b: Sneasler|Dire Claw|p1a: Arcanine\n|-damage|p1a: Arcanine|49/100\n|-status|p1a: Arcanine|psn\n|move|p1a: Arcanine|Psychic Fangs|p2b: Sneasler\n|-supereffective|p2b: Sneasler|2\n|-damage|p2b: Sneasler|0 fnt\n|faint|p2b: Sneasler\n|move|p2a: Incineroar|Snarl|p1a: Arcanine|[spread] p1a\n|-activate|p1b: Rotom|move: Protect\n|-damage|p1a: Arcanine|36/100 psn\n|-unboost|p1a: Arcanine|spa|1\n|\n|-heal|p1a: Arcanine|42/100 psn|[from] item: Leftovers\n|-damage|p1a: Arcanine|30/100 psn|[from] psn\n|upkeep\n|\n|t:|1776189299\n|switch|p2b: Gardevoir|Gardevoir, L50, M|100/100\n|-ability|p2b: Gardevoir|Levitate|Trace|[from] ability: Trace|[of] p1b: Rotom\n|turn|7\n|\n|t:|1776189305\n|detailschange|p2b: Gardevoir|Gardevoir-Mega, L50, M\n|-mega|p2b: Gardevoir|Gardevoir|Gardevoirite\n|move|p1a: Arcanine|Protect|p1a: Arcanine\n|-singleturn|p1a: Arcanine|Protect\n|move|p2b: Gardevoir|Hyper Voice|p1a: Arcanine|[spread] p1b\n|-activate|p1a: Arcanine|move: Protect\n|-damage|p1b: Rotom|43/100\n|-enditem|p1b: Rotom|Sitrus Berry|[eat]\n|-heal|p1b: Rotom|67/100|[from] item: Sitrus Berry\n|move|p1b: Rotom|Hydro Pump|p2b: Gardevoir|[miss]\n|-miss|p1b: Rotom|p2b: Gardevoir\n|move|p2a: Incineroar|Snarl|p1b: Rotom|[spread] p1b\n|-activate|p1a: Arcanine|move: Protect\n|-damage|p1b: Rotom|57/100\n|-unboost|p1b: Rotom|spa|1\n|\n|-heal|p1a: Arcanine|36/100 psn|[from] item: Leftovers\n|-damage|p1a: Arcanine|24/100 psn|[from] psn\n|upkeep\n|turn|8\n|\n|t:|1776189317\n|move|p2b: Gardevoir|Hyper Voice|p1a: Arcanine|[spread] p1a,p1b\n|-resisted|p1a: Arcanine|1\n|-damage|p1a: Arcanine|0 fnt\n|-damage|p1b: Rotom|15/100\n|faint|p1a: Arcanine\n|move|p1b: Rotom|Hydro Pump|p2b: Gardevoir\n|-damage|p2b: Gardevoir|83/100\n|move|p2a: Incineroar|Snarl|p1b: Rotom\n|-damage|p1b: Rotom|0 fnt\n|faint|p1b: Rotom\n|\n|win|test for tour v15\n||Zordor is ready for game 2.\n||test for tour v15 is ready for game 2.\n|uhtml|next|Next: <a href=\"/battle-gen9championsvgc2026regma-2583659298\"><strong>Game 2 of 3</strong></a>\n|l|\u2606test for tour v15\n|player|p2|\n",
  "uploadtime": 1776189794,
  "views": 22,
  "formatid": "gen9championsvgc2026regma",
  "rating": null,
  "private": 0,
  "password": null
}