{
  "id": "gen9championsvgc2026regma-2582831284",
  "format": "[Gen 9 Champions] VGC 2026 Reg M-A",
  "players": [
    "kkaitanggky",
    "Plasma_Live"
  ],
  "log": "|j|\u2606kkaitanggky\n|j|\u2606Plasma_Live\n|t:|1776117455\n|gametype|doubles\n|player|p1|kkaitanggky|giovanni|1107\n|player|p2|Plasma_Live|102|1079\n|gen|9\n|tier|[Gen 9 Champions] VGC 2026 Reg M-A\n|rated|\n|rule|Species Clause: Limit one of each Pok\u00e9mon\n|rule|Item Clause: Limit 1 of each item\n|clearpoke\n|poke|p1|Meganium, L50, F|\n|poke|p1|Archaludon, L50, M|\n|poke|p1|Incineroar, L50, F|\n|poke|p1|Basculegion, L50, M|\n|poke|p1|Sinistcha, L50|\n|poke|p1|Politoed, L50, M|\n|poke|p2|Trevenant, L50, F|\n|poke|p2|Camerupt, L50, M|\n|poke|p2|Torkoal, L50, F|\n|poke|p2|Liepard, L50, F|\n|poke|p2|Farigiraf, L50, M|\n|poke|p2|Conkeldurr, L50, M|\n|teampreview|4\n|\n|t:|1776117505\n|teamsize|p1|4\n|teamsize|p2|4\n|start\n|switch|p1a: Meganium|Meganium, L50, F|100/100\n|switch|p1b: Politoed|Politoed, L50, M|100/100\n|switch|p2a: Trevenant|Trevenant, L50, F, shiny|100/100\n|switch|p2b: Camerupt|Camerupt, L50, M, shiny|100/100\n|-weather|RainDance|[from] ability: Drizzle|[of] p1b: Politoed\n|turn|1\n|inactive|Battle timer is ON: inactive players will automatically lose when time's up. (requested by kkaitanggky)\n|\n|t:|1776117531\n|move|p2b: Camerupt|Protect|p2b: Camerupt\n|-singleturn|p2b: Camerupt|Protect\n|move|p1a: Meganium|Weather Ball|p2b: Camerupt\n|-activate|p2b: Camerupt|move: Protect\n|move|p1b: Politoed|Rain Dance||[still]\n|-fail|p1b: Politoed\n|move|p2a: Trevenant|Trick Room|p2a: Trevenant\n|-fieldstart|move: Trick Room|[of] p2a: Trevenant\n|\n|-weather|RainDance|[upkeep]\n|upkeep\n|turn|2\n|\n|t:|1776117552\n|detailschange|p2b: Camerupt|Camerupt-Mega, L50, M, shiny\n|-mega|p2b: Camerupt|Camerupt|Cameruptite\n|move|p2b: Camerupt|Eruption|p1b: Politoed|[spread] p1a,p1b\n|-supereffective|p1a: Meganium|1\n|-resisted|p1b: Politoed|1\n|-damage|p1a: Meganium|36/100\n|-damage|p1b: Politoed|85/100\n|move|p2a: Trevenant|Forest's Curse|p1b: Politoed\n|-start|p1b: Politoed|typeadd|Grass|[from] move: Forest's Curse\n|move|p1b: Politoed|Encore|p2a: Trevenant\n|-start|p2a: Trevenant|Encore\n|move|p1a: Meganium|Weather Ball|p2a: Trevenant\n|-resisted|p2a: Trevenant|1\n|-damage|p2a: Trevenant|77/100\n|\n|-weather|RainDance|[upkeep]\n|-heal|p1b: Politoed|91/100|[from] item: Leftovers\n|upkeep\n|turn|3\n|inactive|kkaitanggky has 30 seconds left.\n|\n|t:|1776117581\n|switch|p2a: Torkoal|Torkoal, L50, F, shiny|100/100\n|-weather|SunnyDay|[from] ability: Drought|[of] p2a: Torkoal\n|switch|p1b: Sinistcha|Sinistcha, L50|100/100\n|-heal|p1a: Meganium|61/100|[from] ability: Hospitality|[of] p1b: Sinistcha\n|move|p1a: Meganium|Protect|p1a: Meganium\n|-singleturn|p1a: Meganium|Protect\n|move|p2b: Camerupt|Eruption|p1b: Sinistcha|[spread] p1b\n|-activate|p1a: Meganium|move: Protect\n|-supereffective|p1b: Sinistcha|1\n|-damage|p1b: Sinistcha|0 fnt\n|faint|p1b: Sinistcha\n|\n|-weather|SunnyDay|[upkeep]\n|upkeep\n|\n|t:|1776117596\n|switch|p1b: Politoed|Politoed, L50, M|91/100\n|-weather|RainDance|[from] ability: Drizzle|[of] p1b: Politoed\n|turn|4\n|\n|t:|1776117614\n|switch|p2a: Trevenant|Trevenant, L50, F, shiny|77/100\n|switch|p1a: Basculegion|Basculegion, L50, M|100/100\n|move|p2b: Camerupt|Protect|p2b: Camerupt\n|-singleturn|p2b: Camerupt|Protect\n|move|p1b: Politoed|Weather Ball|p2a: Trevenant\n|-resisted|p2a: Trevenant|1\n|-damage|p2a: Trevenant|53/100\n|\n|-weather|RainDance|[upkeep]\n|-heal|p1b: Politoed|97/100|[from] item: Leftovers\n|upkeep\n|turn|5\n|inactive|Plasma_Live has 30 seconds left.\n|inactive|Plasma_Live has 20 seconds left.\n|\n|t:|1776117651\n|switch|p2b: Farigiraf|Farigiraf, L50, M, shiny|100/100\n|move|p2a: Trevenant|Will-O-Wisp|p1a: Basculegion\n|-status|p1a: Basculegion|brn\n|move|p1b: Politoed|Rain Dance||[still]\n|-fail|p1b: Politoed\n|move|p1a: Basculegion|Flip Turn|p2b: Farigiraf\n|-damage|p2b: Farigiraf|69/100\n|\n|t:|1776117660\n|switch|p1a: Meganium|Meganium, L50, F|61/100|[from] Flip Turn\n|\n|-weather|RainDance|[upkeep]\n|-heal|p2b: Farigiraf|75/100|[from] item: Leftovers\n|-heal|p1b: Politoed|100/100|[from] item: Leftovers\n|-fieldend|move: Trick Room\n|upkeep\n|turn|6\n|\n|t:|1776117679\n|detailschange|p1a: Meganium|Meganium-Mega, L50, F\n|-mega|p1a: Meganium|Meganium|Meganiumite\n|move|p1a: Meganium|Weather Ball|p2a: Trevenant\n|-supereffective|p2a: Trevenant|1\n|-damage|p2a: Trevenant|0 fnt\n|faint|p2a: Trevenant\n|move|p1b: Politoed|Rain Dance||[still]\n|-fail|p1b: Politoed\n|move|p2b: Farigiraf|Trick Room|p2b: Farigiraf\n|-fieldstart|move: Trick Room|[of] p2b: Farigiraf\n|\n|-weather|RainDance|[upkeep]\n|-heal|p2b: Farigiraf|81/100|[from] item: Leftovers\n|upkeep\n|\n|t:|1776117691\n|switch|p2a: Torkoal|Torkoal, L50, F, shiny|100/100\n|-weather|SunnyDay|[from] ability: Drought|[of] p2a: Torkoal\n|turn|7\n|\n|t:|1776117704\n|move|p1a: Meganium|Protect|p1a: Meganium\n|-singleturn|p1a: Meganium|Protect\n|move|p2a: Torkoal|Clear Smog|p1a: Meganium\n|-activate|p1a: Meganium|move: Protect\n|move|p2b: Farigiraf|Dazzling Gleam|p1b: Politoed|[spread] p1b\n|-activate|p1a: Meganium|move: Protect\n|-damage|p1b: Politoed|82/100\n|move|p1b: Politoed|Rain Dance|p1b: Politoed\n|-weather|RainDance\n|\n|-weather|RainDance|[upkeep]\n|-heal|p2b: Farigiraf|87/100|[from] item: Leftovers\n|-heal|p1b: Politoed|88/100|[from] item: Leftovers\n|upkeep\n|turn|8\n|\n|t:|1776117729\n|move|p2a: Torkoal|Clear Smog|p1a: Meganium\n|-supereffective|p1a: Meganium|2\n|-damage|p1a: Meganium|14/100\n|-clearboost|p1a: Meganium\n|move|p2b: Farigiraf|Hyper Voice|p1b: Politoed|[spread] p1a,p1b\n|-damage|p1a: Meganium|0 fnt\n|-damage|p1b: Politoed|58/100\n|faint|p1a: Meganium\n|move|p1b: Politoed|Weather Ball|p2a: Torkoal\n|-supereffective|p2a: Torkoal|1\n|-damage|p2a: Torkoal|0 fnt\n|faint|p2a: Torkoal\n|\n|-weather|RainDance|[upkeep]\n|-heal|p2b: Farigiraf|93/100|[from] item: Leftovers\n|-heal|p1b: Politoed|64/100|[from] item: Leftovers\n|upkeep\n|\n|t:|1776117743\n|switch|p2a: Camerupt|Camerupt-Mega, L50, M, shiny|100/100\n|switch|p1a: Basculegion|Basculegion, L50, M|100/100 brn\n|turn|9\n|\n|t:|1776117755\n|move|p2a: Camerupt|Earth Power|p1b: Politoed\n|-damage|p1b: Politoed|0 fnt\n|faint|p1b: Politoed\n|move|p2b: Farigiraf|Hyper Voice|p1a: Basculegion\n|-immune|p1a: Basculegion\n|move|p1a: Basculegion|Wave Crash|p2b: Farigiraf\n|-damage|p2b: Farigiraf|26/100\n|-damage|p1a: Basculegion|75/100 brn|[from] Recoil\n|\n|-weather|RainDance|[upkeep]\n|-heal|p2b: Farigiraf|33/100|[from] item: Leftovers\n|-damage|p1a: Basculegion|69/100 brn|[from] brn\n|upkeep\n|turn|10\n|\n|t:|1776117768\n|move|p2a: Camerupt|Earth Power|p1a: Basculegion\n|-damage|p1a: Basculegion|0 fnt\n|faint|p1a: Basculegion\n|\n|win|Plasma_Live\n|raw|kkaitanggky's rating: 1107 &rarr; <strong>1080</strong><br />(-27 for losing)\n|raw|Plasma_Live's rating: 1079 &rarr; <strong>1109</strong><br />(+30 for winning)\n|l|\u2606kkaitanggky\n|player|p1|\n",
  "uploadtime": 1776117812,
  "views": 36,
  "formatid": "gen9championsvgc2026regma",
  "rating": 1080,
  "private": 0,
  "password": null
}