{
  "id": "gen9championsvgc2026regma-2584623361",
  "format": "[Gen 9 Champions] VGC 2026 Reg M-A",
  "players": [
    "Mastah VGC",
    "hard tr bd"
  ],
  "log": "|j|\u2606Mastah VGC\n|j|\u2606hard tr bd\n|t:|1776272774\n|gametype|doubles\n|player|p1|Mastah VGC|cynthia-gen4|1158\n|player|p2|hard tr bd|nate|1242\n|gen|9\n|tier|[Gen 9 Champions] VGC 2026 Reg M-A\n|rated|\n|rule|Species Clause: Limit one of each Pok\u00e9mon\n|rule|Item Clause: Limit 1 of each item\n|clearpoke\n|poke|p1|Pelipper, L50, F|\n|poke|p1|Basculegion, L50, M|\n|poke|p1|Archaludon, L50, F|\n|poke|p1|Sneasler, L50, M|\n|poke|p1|Sinistcha, L50|\n|poke|p1|Dragonite, L50, F|\n|poke|p2|Incineroar, L50, M|\n|poke|p2|Hatterene, L50, F|\n|poke|p2|Farigiraf, L50, F|\n|poke|p2|Torkoal, L50, F|\n|poke|p2|Kingambit, L50, M|\n|poke|p2|Charizard, L50, M|\n|teampreview|4\n|inactive|Battle timer is ON: inactive players will automatically lose when time's up. (requested by Mastah VGC)\n|\n|t:|1776272797\n|teamsize|p1|4\n|teamsize|p2|4\n|start\n|switch|p1a: Sinistcha|Sinistcha, L50|100/100\n|switch|p1b: Archaludon|Archaludon, L50, F|100/100\n|switch|p2a: Incineroar|Incineroar, L50, M|100/100\n|switch|p2b: Farigiraf|Farigiraf, L50, F|100/100\n|-ability|p2a: Incineroar|Intimidate|boost\n|-unboost|p1a: Sinistcha|atk|1\n|-unboost|p1b: Archaludon|atk|1\n|turn|1\n|\n|t:|1776272811\n|switch|p1b: Pelipper|Pelipper, L50, F|100/100\n|-weather|RainDance|[from] ability: Drizzle|[of] p1b: Pelipper\n|move|p2a: Incineroar|Flare Blitz|p1a: Sinistcha\n|-supereffective|p1a: Sinistcha|1\n|-damage|p1a: Sinistcha|47/100\n|-enditem|p1a: Sinistcha|Sitrus Berry|[eat]\n|-heal|p1a: Sinistcha|71/100|[from] item: Sitrus Berry\n|-damage|p2a: Incineroar|85/100|[from] Recoil\n|move|p1a: Sinistcha|Trick Room|p1a: Sinistcha\n|-fieldstart|move: Trick Room|[of] p1a: Sinistcha\n|move|p2b: Farigiraf|Trick Room|p2b: Farigiraf\n|-fieldend|move: Trick Room\n|\n|-weather|RainDance|[upkeep]\n|upkeep\n|turn|2\n|inactive|hard tr bd has 30 seconds left.\n|\n|t:|1776272841\n|switch|p2b: Torkoal|Torkoal, L50, F, shiny|100/100\n|-weather|SunnyDay|[from] ability: Drought|[of] p2b: Torkoal\n|move|p1b: Pelipper|Muddy Water|p2a: Incineroar|[spread] p2b\n|-miss|p1b: Pelipper|p2a: Incineroar\n|-supereffective|p2b: Torkoal|1\n|-damage|p2b: Torkoal|63/100\n|move|p1a: Sinistcha|Strength Sap|p2a: Incineroar\n|-unboost|p2a: Incineroar|atk|1\n|-heal|p1a: Sinistcha|100/100\n|-enditem|p2a: Incineroar|White Herb\n|-clearnegativeboost|p2a: Incineroar|[silent]\n|move|p2a: Incineroar|Darkest Lariat|p1a: Sinistcha\n|-supereffective|p1a: Sinistcha|1\n|-damage|p1a: Sinistcha|32/100\n|\n|-weather|SunnyDay|[upkeep]\n|upkeep\n|turn|3\n|\n|t:|1776272859\n|switch|p1b: Archaludon|Archaludon, L50, F|100/100\n|switch|p1a: Dragonite|Dragonite, L50, F|100/100\n|switch|p2a: Kingambit|Kingambit, L50, M|100/100\n|move|p2b: Torkoal|Eruption|p1b: Archaludon|[spread] p1a,p1b\n|-resisted|p1a: Dragonite|1\n|-damage|p1a: Dragonite|87/100\n|-damage|p1b: Archaludon|38/100\n|-ability|p1b: Archaludon|Stamina|boost\n|-boost|p1b: Archaludon|def|1\n|\n|-weather|SunnyDay|[upkeep]\n|-heal|p1b: Archaludon|44/100|[from] item: Leftovers\n|upkeep\n|turn|4\n|\n|t:|1776272869\n|switch|p1b: Pelipper|Pelipper, L50, F|100/100\n|-weather|RainDance|[from] ability: Drizzle|[of] p1b: Pelipper\n|detailschange|p1a: Dragonite|Dragonite-Mega, L50, F\n|-mega|p1a: Dragonite|Dragonite|Dragoninite\n|move|p1a: Dragonite|Hurricane|p2b: Torkoal\n|-damage|p2b: Torkoal|0 fnt\n|faint|p2b: Torkoal\n|move|p2a: Kingambit|Swords Dance|p2a: Kingambit\n|-boost|p2a: Kingambit|atk|2\n|\n|-weather|RainDance|[upkeep]\n|upkeep\n|\n|t:|1776272881\n|switch|p2b: Farigiraf|Farigiraf, L50, F|100/100\n|turn|5\n|\n|t:|1776272887\n|move|p2a: Kingambit|Sucker Punch|p1a: Dragonite\n|-damage|p1a: Dragonite|0 fnt\n|faint|p1a: Dragonite\n|move|p1b: Pelipper|Muddy Water|p2a: Kingambit|[spread] p2a,p2b\n|-damage|p2a: Kingambit|59/100\n|-damage|p2b: Farigiraf|65/100\n|-unboost|p2b: Farigiraf|accuracy|1\n|move|p2b: Farigiraf|Trick Room|p2b: Farigiraf\n|-fieldstart|move: Trick Room|[of] p2b: Farigiraf\n|\n|-weather|RainDance|[upkeep]\n|upkeep\n|\n|t:|1776272892\n|switch|p1a: Sinistcha|Sinistcha, L50|32/100\n|turn|6\n|\n|t:|1776272901\n|move|p1a: Sinistcha|Rage Powder|p1a: Sinistcha\n|-singleturn|p1a: Sinistcha|move: Rage Powder\n|move|p2a: Kingambit|Kowtow Cleave|p1a: Sinistcha\n|-supereffective|p1a: Sinistcha|1\n|-damage|p1a: Sinistcha|0 fnt\n|faint|p1a: Sinistcha\n|move|p2b: Farigiraf|Hyper Voice|p1b: Pelipper|[miss]\n|-miss|p2b: Farigiraf|p1b: Pelipper\n|move|p1b: Pelipper|Muddy Water|p2a: Kingambit|[spread] p2b\n|-miss|p1b: Pelipper|p2a: Kingambit\n|-damage|p2b: Farigiraf|27/100\n|-unboost|p2b: Farigiraf|accuracy|1\n|-enditem|p2b: Farigiraf|Sitrus Berry|[eat]\n|-heal|p2b: Farigiraf|52/100|[from] item: Sitrus Berry\n|\n|-weather|RainDance|[upkeep]\n|upkeep\n|c|\u2606Mastah VGC|Kyfs\n|\n|t:|1776272913\n|switch|p1a: Archaludon|Archaludon, L50, F|44/100\n|turn|7\n|\n|t:|1776272922\n|move|p2a: Kingambit|Kowtow Cleave|p1a: Archaludon\n|-damage|p1a: Archaludon|0 fnt\n|faint|p1a: Archaludon\n|move|p2b: Farigiraf|Hyper Voice|p1b: Pelipper\n|-damage|p1b: Pelipper|28/100\n|move|p1b: Pelipper|Muddy Water|p2b: Farigiraf|[spread] p2a,p2b\n|-damage|p2a: Kingambit|23/100\n|-damage|p2b: Farigiraf|14/100\n|-unboost|p2a: Kingambit|accuracy|1\n|-ability|p2a: Kingambit|Defiant|boost\n|-boost|p2a: Kingambit|atk|2\n|\n|-weather|RainDance|[upkeep]\n|upkeep\n|turn|8\n|inactive|Mastah VGC has 30 seconds left.\n|inactive|Mastah VGC has 20 seconds left.\n|inactive|Mastah VGC has 15 seconds left.\n|inactive|Mastah VGC has 10 seconds left.\n|inactive|Mastah VGC has 5 seconds left.\n|\n|t:|1776272978\n|switch|p2b: Incineroar|Incineroar, L50, M|85/100\n|-ability|p2b: Incineroar|Intimidate|boost\n|-unboost|p1b: Pelipper|atk|1\n|move|p2a: Kingambit|Kowtow Cleave|p1b: Pelipper\n|-damage|p1b: Pelipper|0 fnt\n|faint|p1b: Pelipper\n|\n|win|hard tr bd\n|raw|Mastah VGC's rating: 1158 &rarr; <strong>1139</strong><br />(-19 for losing)\n|raw|hard tr bd's rating: 1242 &rarr; <strong>1261</strong><br />(+19 for winning)\n|c|\u2606hard tr bd|Gg\n|c|\u2606hard tr bd|Kowtow never misses btw\n",
  "uploadtime": 1776273007,
  "views": 27,
  "formatid": "gen9championsvgc2026regma",
  "rating": 1139,
  "private": 0,
  "password": null
}