{
  "id": "gen9championsvgc2026regma-2589441278",
  "format": "[Gen 9 Champions] VGC 2026 Reg M-A",
  "players": [
    "Tunderboltz",
    "W0kMeDed"
  ],
  "log": "|j|\u2606Tunderboltz\n|j|\u2606W0kMeDed\n|t:|1776723227\n|gametype|doubles\n|player|p1|Tunderboltz|drayton|1426\n|player|p2|W0kMeDed|palmer|1495\n|gen|9\n|tier|[Gen 9 Champions] VGC 2026 Reg M-A\n|rated|\n|rule|Species Clause: Limit one of each Pok\u00e9mon\n|rule|Item Clause: Limit 1 of each item\n|clearpoke\n|poke|p1|Garchomp, L50, M|\n|poke|p1|Aegislash, L50, M, shiny|\n|poke|p1|Pelipper, L50, M|\n|poke|p1|Archaludon, L50, M|\n|poke|p1|Greninja, L50, F, shiny|\n|poke|p1|Lopunny, L50, F|\n|poke|p2|Gardevoir, L50, F|\n|poke|p2|Hydreigon, L50, F|\n|poke|p2|Basculegion, L50, M|\n|poke|p2|Arcanine-Hisui, L50, M|\n|poke|p2|Sinistcha, L50|\n|poke|p2|Tauros-Paldea-Aqua, L50, M|\n|teampreview|4\n|inactive|Battle timer is ON: inactive players will automatically lose when time's up. (requested by Tunderboltz)\n|inactive|W0kMeDed has 60 seconds left.\n|\n|t:|1776723263\n|teamsize|p1|4\n|teamsize|p2|4\n|start\n|switch|p1a: Clover|Lopunny, L50, F|100/100\n|switch|p1b: Percy|Pelipper, L50, M|100/100\n|switch|p2a: Chevalier|Gardevoir, L50, F|100/100\n|switch|p2b: bool|Tauros-Paldea-Aqua, L50, M|100/100\n|-ability|p2b: bool|Intimidate|boost\n|-unboost|p1a: Clover|atk|1\n|-unboost|p1b: Percy|atk|1\n|-ability|p2a: Chevalier|Cute Charm|Trace|[from] ability: Trace|[of] p1a: Clover\n|-weather|RainDance|[from] ability: Drizzle|[of] p1b: Percy\n|turn|1\n|\n|t:|1776723291\n|detailschange|p1a: Clover|Lopunny-Mega, L50, F\n|-mega|p1a: Clover|Lopunny|Lopunnite\n|move|p2b: bool|Protect|p2b: bool\n|-singleturn|p2b: bool|Protect\n|move|p2a: Chevalier|Protect|p2a: Chevalier\n|-singleturn|p2a: Chevalier|Protect\n|move|p1a: Clover|Fake Out|p2a: Chevalier\n|-activate|p2a: Chevalier|move: Protect\n|move|p1b: Percy|Tailwind|p1b: Percy\n|-sidestart|p1: Tunderboltz|move: Tailwind\n|\n|-weather|RainDance|[upkeep]\n|upkeep\n|turn|2\n|\n|t:|1776723311\n|switch|p2b: Tres|Hydreigon, L50, F|100/100\n|detailschange|p2a: Chevalier|Gardevoir-Mega, L50, F\n|-mega|p2a: Chevalier|Gardevoir|Gardevoirite\n|move|p1a: Clover|U-turn|p2a: Chevalier\n|-damage|p2a: Chevalier|79/100\n|\n|t:|1776723315\n|switch|p1a: Bellion|Archaludon, L50, M|100/100|[from] U-turn\n|move|p1b: Percy|Weather Ball|p2a: Chevalier\n|-damage|p2a: Chevalier|27/100\n|move|p2a: Chevalier|Psychic|p1a: Bellion\n|-resisted|p1a: Bellion|1\n|-damage|p1a: Bellion|62/100\n|-unboost|p1a: Bellion|spd|1\n|-ability|p1a: Bellion|Stamina|boost\n|-boost|p1a: Bellion|def|1\n|\n|-weather|RainDance|[upkeep]\n|upkeep\n|turn|3\n|\n|t:|1776723335\n|move|p1a: Bellion|Draco Meteor|p2b: Tres\n|-supereffective|p2b: Tres|1\n|-damage|p2b: Tres|0 fnt\n|-unboost|p1a: Bellion|spa|2\n|faint|p2b: Tres\n|move|p1b: Percy|Weather Ball|p2a: Chevalier\n|-damage|p2a: Chevalier|0 fnt\n|faint|p2a: Chevalier\n|\n|-weather|RainDance|[upkeep]\n|upkeep\n|\n|t:|1776723342\n|switch|p2a: bool|Tauros-Paldea-Aqua, L50, M|100/100\n|switch|p2b: The Glue|Basculegion, L50, M|100/100\n|-ability|p2a: bool|Intimidate|boost\n|-unboost|p1a: Bellion|atk|1\n|-unboost|p1b: Percy|atk|1\n|turn|4\n|\n|t:|1776723348\n|move|p1a: Bellion|Electro Shot||[still]\n|-prepare|p1a: Bellion|Electro Shot\n|-boost|p1a: Bellion|spa|1\n|-anim|p1a: Bellion|Electro Shot|p2b: The Glue\n|-supereffective|p2b: The Glue|1\n|-damage|p2b: The Glue|32/100\n|move|p2b: The Glue|Wave Crash|p1b: Percy\n|-resisted|p1b: Percy|1\n|-damage|p1b: Percy|36/100\n|-damage|p2b: The Glue|15/100|[from] Recoil\n|move|p1b: Percy|Hurricane|p2a: bool\n|-supereffective|p2a: bool|1\n|-damage|p2a: bool|0 fnt\n|faint|p2a: bool\n|\n|-weather|RainDance|[upkeep]\n|-heal|p1b: Percy|42/100|[from] item: Leftovers\n|-sideend|p1: Tunderboltz|move: Tailwind\n|upkeep\n|turn|5\n|\n|t:|1776723353\n|move|p2b: The Glue|Wave Crash|p1b: Percy\n|-resisted|p1b: Percy|1\n|-damage|p1b: Percy|0 fnt\n|faint|p1b: Percy\n|-damage|p2b: The Glue|4/100|[from] Recoil\n|move|p1a: Bellion|Electro Shot||[still]\n|-prepare|p1a: Bellion|Electro Shot\n|-boost|p1a: Bellion|spa|1\n|-anim|p1a: Bellion|Electro Shot|p2b: The Glue\n|-supereffective|p2b: The Glue|1\n|-damage|p2b: The Glue|0 fnt\n|faint|p2b: The Glue\n|\n|win|Tunderboltz\n|raw|Tunderboltz's rating: 1426 &rarr; <strong>1450</strong><br />(+24 for winning)\n|raw|W0kMeDed's rating: 1495 &rarr; <strong>1471</strong><br />(-24 for losing)\n|c|\u2606Tunderboltz|gg\n|l|\u2606W0kMeDed\n|player|p2|\n",
  "uploadtime": 1776723357,
  "views": 9,
  "formatid": "gen9championsvgc2026regma",
  "rating": 1450,
  "private": 0,
  "password": null
}