{
  "id": "gen9championsvgc2026regma-2583621872",
  "format": "[Gen 9 Champions] VGC 2026 Reg M-A",
  "players": [
    "Bamhm23",
    "manicallyhex"
  ],
  "log": "|j|\u2606Bamhm23\n|j|\u2606manicallyhex\n|t:|1776187083\n|gametype|doubles\n|player|p1|Bamhm23|ltsurge|1210\n|player|p2|manicallyhex|hexmaniac-gen6|1117\n|gen|9\n|tier|[Gen 9 Champions] VGC 2026 Reg M-A\n|rated|\n|rule|Species Clause: Limit one of each Pok\u00e9mon\n|rule|Item Clause: Limit 1 of each item\n|clearpoke\n|poke|p1|Gengar, L50, F|\n|poke|p1|Politoed, L50, M|\n|poke|p1|Whimsicott, L50, F|\n|poke|p1|Incineroar, L50, M|\n|poke|p1|Lucario, L50, M|\n|poke|p1|Dragonite, L50, M|\n|poke|p2|Sableye, L50, M|\n|poke|p2|Gardevoir, L50, M|\n|poke|p2|Talonflame, L50, M|\n|poke|p2|Kingambit, L50, M|\n|poke|p2|Aerodactyl, L50, F|\n|poke|p2|Garchomp, L50, F|\n|teampreview|4\n|inactive|Battle timer is ON: inactive players will automatically lose when time's up. (requested by Bamhm23)\n|\n|t:|1776187136\n|teamsize|p1|4\n|teamsize|p2|4\n|start\n|switch|p1a: Lucario|Lucario, L50, M|100/100\n|switch|p1b: Politoed|Politoed, L50, M|100/100\n|switch|p2a: Gardevoir|Gardevoir, L50, M|100/100\n|switch|p2b: Talonflame|Talonflame, L50, M|100/100\n|-weather|RainDance|[from] ability: Drizzle|[of] p1b: Politoed\n|turn|1\n|inactive|manicallyhex has 30 seconds left.\n|\n|t:|1776187167\n|move|p2a: Gardevoir|Protect|p2a: Gardevoir\n|-singleturn|p2a: Gardevoir|Protect\n|move|p2b: Talonflame|Tailwind|p2b: Talonflame\n|-sidestart|p2: manicallyhex|move: Tailwind\n|move|p1a: Lucario|Meteor Mash|p2a: Gardevoir\n|-activate|p2a: Gardevoir|move: Protect\n|move|p1b: Politoed|Weather Ball|p2b: Talonflame\n|-supereffective|p2b: Talonflame|1\n|-damage|p2b: Talonflame|0 fnt\n|faint|p2b: Talonflame\n|\n|-weather|RainDance|[upkeep]\n|upkeep\n|\n|t:|1776187174\n|switch|p2b: Garchomp|Garchomp, L50, F|100/100\n|turn|2\n|\n|t:|1776187186\n|move|p2b: Garchomp|Earthquake|p1b: Politoed|[spread] p2a,p1a,p1b\n|-supereffective|p1a: Lucario|1\n|-damage|p2a: Gardevoir|33/100\n|-damage|p1a: Lucario|0 fnt\n|-damage|p1b: Politoed|48/100\n|faint|p1a: Lucario\n|move|p2a: Gardevoir|Psychic|p1b: Politoed\n|-damage|p1b: Politoed|0 fnt\n|faint|p1b: Politoed\n|\n|-weather|RainDance|[upkeep]\n|upkeep\n|\n|t:|1776187197\n|switch|p1a: Gengar|Gengar, L50, F|100/100\n|switch|p1b: Whimsicott|Whimsicott, L50, F|100/100\n|turn|3\n|\n|t:|1776187208\n|detailschange|p2a: Gardevoir|Gardevoir-Mega, L50, M\n|-mega|p2a: Gardevoir|Gardevoir|Gardevoirite\n|detailschange|p1a: Gengar|Gengar-Mega, L50, F\n|-mega|p1a: Gengar|Gengar|Gengarite\n|move|p1a: Gengar|Protect|p1a: Gengar\n|-singleturn|p1a: Gengar|Protect\n|move|p1b: Whimsicott|Tailwind|p1b: Whimsicott\n|-sidestart|p1: Bamhm23|move: Tailwind\n|move|p2b: Garchomp|Earthquake|p1a: Gengar|[spread] p2a,p1b\n|-activate|p1a: Gengar|move: Protect\n|-resisted|p1b: Whimsicott|1\n|-damage|p2a: Gardevoir|0 fnt\n|-damage|p1b: Whimsicott|73/100\n|faint|p2a: Gardevoir\n|\n|-weather|RainDance|[upkeep]\n|upkeep\n|\n|t:|1776187216\n|switch|p2a: Sableye|Sableye, L50, M|100/100\n|turn|4\n|\n|t:|1776187234\n|move|p2a: Sableye|Encore|p1a: Gengar\n|-start|p1a: Gengar|Encore\n|move|p1a: Gengar|Protect|p1a: Gengar\n|-singleturn|p1a: Gengar|Protect\n|move|p2b: Garchomp|Earthquake|p1a: Gengar|[spread] p2a,p1b\n|-activate|p1a: Gengar|move: Protect\n|-resisted|p1b: Whimsicott|1\n|-damage|p2a: Sableye|60/100\n|-damage|p1b: Whimsicott|42/100\n|move|p1b: Whimsicott|Moonblast|p2a: Sableye\n|-supereffective|p2a: Sableye|1\n|-damage|p2a: Sableye|0 fnt\n|faint|p2a: Sableye\n|\n|-weather|RainDance|[upkeep]\n|-sideend|p2: manicallyhex|move: Tailwind\n|upkeep\n|turn|5\n|inactive|Bamhm23 has 30 seconds left.\n|\n|t:|1776187267\n|move|p1a: Gengar|Protect||[still]\n|-fail|p1a: Gengar\n|move|p1b: Whimsicott|Encore|p2b: Garchomp\n|-start|p2b: Garchomp|Encore\n|move|p2b: Garchomp|Earthquake|p1a: Gengar|[spread] p1a,p1b\n|-supereffective|p1a: Gengar|1\n|-resisted|p1b: Whimsicott|1\n|-damage|p1a: Gengar|0 fnt\n|-damage|p1b: Whimsicott|12/100\n|faint|p1a: Gengar\n|\n|-weather|none\n|upkeep\n|turn|6\n|\n|t:|1776187279\n|move|p1b: Whimsicott|Moonblast|p2b: Garchomp\n|-supereffective|p2b: Garchomp|1\n|-damage|p2b: Garchomp|22/100\n|move|p2b: Garchomp|Earthquake|p1b: Whimsicott\n|-resisted|p1b: Whimsicott|1\n|-damage|p1b: Whimsicott|0 fnt\n|faint|p1b: Whimsicott\n|\n|win|manicallyhex\n|raw|Bamhm23's rating: 1210 &rarr; <strong>1178</strong><br />(-32 for losing)\n|raw|manicallyhex's rating: 1117 &rarr; <strong>1149</strong><br />(+32 for winning)\n",
  "uploadtime": 1776187287,
  "views": 15,
  "formatid": "gen9championsvgc2026regma",
  "rating": 1149,
  "private": 0,
  "password": null
}