{
  "id": "gen9championsvgc2026regma-2585776788",
  "format": "[Gen 9 Champions] VGC 2026 Reg M-A",
  "players": [
    "Charliemander2030",
    "MegaPoblano"
  ],
  "log": "|j|\u2606Charliemander2030\n|j|\u2606MegaPoblano\n|t:|1776369863\n|gametype|doubles\n|player|p1|Charliemander2030|170|1296\n|player|p2|MegaPoblano|red|1331\n|gen|9\n|tier|[Gen 9 Champions] VGC 2026 Reg M-A\n|rated|\n|rule|Species Clause: Limit one of each Pok\u00e9mon\n|rule|Item Clause: Limit 1 of each item\n|clearpoke\n|poke|p1|Incineroar, L50, M|\n|poke|p1|Talonflame, L50, F|\n|poke|p1|Goodra-Hisui, L50, F|\n|poke|p1|Garganacl, L50, M|\n|poke|p1|Floette-Eternal, L50, F|\n|poke|p1|Sinistcha, L50|\n|poke|p2|Scovillain, L50, F|\n|poke|p2|Aerodactyl, L50, M|\n|poke|p2|Garchomp, L50, F|\n|poke|p2|Sneasler, L50, M|\n|poke|p2|Sinistcha, L50|\n|poke|p2|Primarina, L50, F|\n|teampreview|4\n|\n|t:|1776369906\n|teamsize|p1|4\n|teamsize|p2|4\n|start\n|switch|p1a: Talonflame|Talonflame, L50, F|100/100\n|switch|p1b: Incineroar|Incineroar, L50, M|100/100\n|switch|p2a: Sneasler|Sneasler, L50, M|100/100\n|switch|p2b: Aerodactyl|Aerodactyl, L50, M|100/100\n|-ability|p2b: Aerodactyl|Unnerve\n|-ability|p1b: Incineroar|Intimidate|boost\n|-unboost|p2a: Sneasler|atk|1\n|-unboost|p2b: Aerodactyl|atk|1\n|-enditem|p2a: Sneasler|White Herb\n|-clearnegativeboost|p2a: Sneasler|[silent]\n|turn|1\n|\n|t:|1776369918\n|move|p1a: Talonflame|Protect|p1a: Talonflame\n|-singleturn|p1a: Talonflame|Protect\n|move|p2a: Sneasler|Fake Out|p1a: Talonflame\n|-activate|p1a: Talonflame|move: Protect\n|move|p1b: Incineroar|Fake Out|p2b: Aerodactyl\n|-resisted|p2b: Aerodactyl|1\n|-damage|p2b: Aerodactyl|91/100\n|cant|p2b: Aerodactyl|flinch\n|\n|upkeep\n|turn|2\n|\n|t:|1776369958\n|move|p1a: Talonflame|Tailwind|p1a: Talonflame\n|-sidestart|p1: Charliemander2030|move: Tailwind\n|move|p2a: Sneasler|Dire Claw|p1a: Talonflame\n|-damage|p1a: Talonflame|25/100\n|move|p2b: Aerodactyl|Rock Slide|p1b: Incineroar|[spread] p1b\n|-miss|p2b: Aerodactyl|p1a: Talonflame\n|-supereffective|p1b: Incineroar|1\n|-damage|p1b: Incineroar|70/100\n|move|p1b: Incineroar|Parting Shot|p2a: Sneasler\n|-unboost|p2a: Sneasler|atk|1\n|-unboost|p2a: Sneasler|spa|1\n|l|\u2606MegaPoblano\n|player|p2|\n|\n|t:|1776369979\n|switch|p1b: Floette|Floette-Eternal, L50, F|100/100|[from] Parting Shot\n|\n|upkeep\n|turn|3\n|j|\u2606MegaPoblano\n|player|p2|MegaPoblano|red|\n|\n|t:|1776369988\n|detailschange|p1b: Floette|Floette-Mega, L50, F\n|-mega|p1b: Floette|Floette|Floettite\n|-ability|p1b: Floette|Fairy Aura\n|move|p2a: Sneasler|Protect|p2a: Sneasler\n|-singleturn|p2a: Sneasler|Protect\n|move|p1a: Talonflame|Brave Bird|p2a: Sneasler\n|-activate|p2a: Sneasler|move: Protect\n|move|p1b: Floette|Calm Mind|p1b: Floette\n|-boost|p1b: Floette|spa|1\n|-boost|p1b: Floette|spd|1\n|move|p2b: Aerodactyl|Tailwind|p2b: Aerodactyl\n|-sidestart|p2: MegaPoblano|move: Tailwind\n|\n|upkeep\n|turn|4\n|\n|t:|1776370003\n|move|p1b: Floette|Protect|p1b: Floette\n|-singleturn|p1b: Floette|Protect\n|move|p2a: Sneasler|Dire Claw|p1b: Floette\n|-activate|p1b: Floette|move: Protect\n|move|p2b: Aerodactyl|Rock Slide|p1a: Talonflame|[spread] \n|-activate|p1b: Floette|move: Protect\n|-miss|p2b: Aerodactyl|p1a: Talonflame\n|move|p1a: Talonflame|Brave Bird|p2a: Sneasler\n|-supereffective|p2a: Sneasler|1\n|-damage|p2a: Sneasler|0 fnt\n|faint|p2a: Sneasler\n|-damage|p1a: Talonflame|0 fnt|[from] Recoil\n|faint|p1a: Talonflame\n|\n|upkeep\n|\n|t:|1776370010\n|switch|p1a: Incineroar|Incineroar, L50, M|70/100\n|switch|p2a: Scovillain|Scovillain, L50, F|100/100\n|-ability|p1a: Incineroar|Intimidate|boost\n|-unboost|p2a: Scovillain|atk|1\n|-unboost|p2b: Aerodactyl|atk|1\n|turn|5\n|inactive|Battle timer is ON: inactive players will automatically lose when time's up. (requested by Charliemander2030)\n|\n|t:|1776370021\n|detailschange|p2a: Scovillain|Scovillain-Mega, L50, F\n|-mega|p2a: Scovillain|Scovillain|Scovillainite\n|move|p1a: Incineroar|Fake Out|p2a: Scovillain\n|-damage|p2a: Scovillain|89/100\n|-immune|p1a: Incineroar\n|move|p2b: Aerodactyl|Rock Slide|p1b: Floette|[spread] p1a,p1b\n|-supereffective|p1a: Incineroar|1\n|-damage|p1a: Incineroar|45/100\n|-damage|p1b: Floette|87/100\n|cant|p1b: Floette|flinch\n|cant|p2a: Scovillain|flinch\n|\n|-sideend|p1: Charliemander2030|move: Tailwind\n|upkeep\n|turn|6\n|\n|t:|1776370041\n|move|p2b: Aerodactyl|Rock Slide|p1b: Floette|[spread] p1a,p1b\n|-supereffective|p1a: Incineroar|1\n|-damage|p1a: Incineroar|21/100\n|-damage|p1b: Floette|74/100\n|move|p2a: Scovillain|Leech Seed|p1b: Floette|[miss]\n|-miss|p2a: Scovillain|p1b: Floette\n|cant|p1b: Floette|flinch\n|move|p1a: Incineroar|Flare Blitz|p2a: Scovillain\n|-damage|p2a: Scovillain|44/100\n|-immune|p1a: Incineroar\n|-damage|p1a: Incineroar|8/100|[from] Recoil\n|\n|-sideend|p2: MegaPoblano|move: Tailwind\n|upkeep\n|turn|7\n|\n|t:|1776370056\n|move|p2b: Aerodactyl|Rock Slide|p1b: Floette|[spread] p1a,p1b\n|-supereffective|p1a: Incineroar|1\n|-damage|p1a: Incineroar|0 fnt\n|-damage|p1b: Floette|62/100\n|faint|p1a: Incineroar\n|cant|p1b: Floette|flinch\n|move|p2a: Scovillain|Leech Seed|p1b: Floette\n|-start|p1b: Floette|move: Leech Seed\n|\n|-damage|p1b: Floette|50/100|[from] Leech Seed|[of] p2a: Scovillain\n|-heal|p2a: Scovillain|56/100|[silent]\n|upkeep\n|\n|t:|1776370062\n|switch|p1a: Sinistcha|Sinistcha, L50|100/100\n|-heal|p1b: Floette|75/100|[from] ability: Hospitality|[of] p1a: Sinistcha\n|turn|8\n|\n|t:|1776370078\n|move|p2b: Aerodactyl|Protect|p2b: Aerodactyl\n|-singleturn|p2b: Aerodactyl|Protect\n|move|p2a: Scovillain|Protect|p2a: Scovillain\n|-singleturn|p2a: Scovillain|Protect\n|move|p1b: Floette|Dazzling Gleam|p2a: Scovillain|[spread] \n|-activate|p2a: Scovillain|move: Protect\n|-activate|p2b: Aerodactyl|move: Protect\n|move|p1a: Sinistcha|Life Dew||[still]|[spread] p1a,p1b\n|-fail|p1a: Sinistcha|heal\n|-heal|p1b: Floette|99/100\n|\n|-damage|p1b: Floette|87/100|[from] Leech Seed|[of] p2a: Scovillain\n|-heal|p2a: Scovillain|69/100|[silent]\n|upkeep\n|turn|9\n|\n|t:|1776370102\n|move|p2b: Aerodactyl|Tailwind|p2b: Aerodactyl\n|-sidestart|p2: MegaPoblano|move: Tailwind\n|move|p2a: Scovillain|Flamethrower|p1a: Sinistcha\n|-supereffective|p1a: Sinistcha|1\n|-damage|p1a: Sinistcha|30/100\n|move|p1b: Floette|Dazzling Gleam|p2b: Aerodactyl|[spread] p2a,p2b\n|-resisted|p2a: Scovillain|1\n|-damage|p2a: Scovillain|29/100\n|-damage|p2b: Aerodactyl|0 fnt\n|-status|p1b: Floette|brn|[from] ability: Spicy Spray|[of] p2a: Scovillain\n|faint|p2b: Aerodactyl\n|move|p1a: Sinistcha|Trick Room|p1a: Sinistcha\n|-fieldstart|move: Trick Room|[of] p1a: Sinistcha\n|\n|-damage|p1b: Floette|75/100 brn|[from] Leech Seed|[of] p2a: Scovillain\n|-heal|p2a: Scovillain|42/100|[silent]\n|-damage|p1b: Floette|69/100 brn|[from] brn\n|upkeep\n|\n|t:|1776370108\n|switch|p2b: Primarina|Primarina, L50, F|100/100\n|turn|10\n|\n|t:|1776370121\n|move|p2b: Primarina|Protect|p2b: Primarina\n|-singleturn|p2b: Primarina|Protect\n|move|p2a: Scovillain|Protect|p2a: Scovillain\n|-singleturn|p2a: Scovillain|Protect\n|move|p1a: Sinistcha|Matcha Gotcha|p2b: Primarina|[spread] \n|-activate|p2a: Scovillain|move: Protect\n|-activate|p2b: Primarina|move: Protect\n|move|p1b: Floette|Dazzling Gleam|p2a: Scovillain|[spread] \n|-activate|p2a: Scovillain|move: Protect\n|-activate|p2b: Primarina|move: Protect\n|\n|-damage|p1b: Floette|57/100 brn|[from] Leech Seed|[of] p2a: Scovillain\n|-heal|p2a: Scovillain|55/100|[silent]\n|-damage|p1b: Floette|51/100 brn|[from] brn\n|upkeep\n|turn|11\n|\n|t:|1776370127\n|move|p2b: Primarina|Protect||[still]\n|-fail|p2b: Primarina\n|move|p1a: Sinistcha|Matcha Gotcha|p2a: Scovillain|[spread] p2b\n|-miss|p1a: Sinistcha|p2a: Scovillain\n|-supereffective|p2b: Primarina|1\n|-damage|p2b: Primarina|56/100\n|-heal|p1a: Sinistcha|52/100|[from] drain|[of] p2b: Primarina\n|move|p1b: Floette|Dazzling Gleam|p2b: Primarina|[spread] p2a,p2b\n|-resisted|p2a: Scovillain|1\n|-damage|p2a: Scovillain|17/100\n|-damage|p2b: Primarina|0 fnt\n|faint|p2b: Primarina\n|move|p2a: Scovillain|Flamethrower|p1a: Sinistcha\n|-supereffective|p1a: Sinistcha|1\n|-damage|p1a: Sinistcha|0 fnt\n|faint|p1a: Sinistcha\n|\n|-damage|p1b: Floette|39/100 brn|[from] Leech Seed|[of] p2a: Scovillain\n|-heal|p2a: Scovillain|30/100|[silent]\n|-damage|p1b: Floette|33/100 brn|[from] brn\n|upkeep\n|turn|12\n|\n|t:|1776370132\n|move|p2a: Scovillain|Protect|p2a: Scovillain\n|-singleturn|p2a: Scovillain|Protect\n|move|p1b: Floette|Moonblast|p2a: Scovillain\n|-activate|p2a: Scovillain|move: Protect\n|\n|-damage|p1b: Floette|20/100 brn|[from] Leech Seed|[of] p2a: Scovillain\n|-heal|p2a: Scovillain|43/100|[silent]\n|-damage|p1b: Floette|14/100 brn|[from] brn\n|-sideend|p2: MegaPoblano|move: Tailwind\n|upkeep\n|turn|13\n|\n|t:|1776370140\n|move|p2a: Scovillain|Flamethrower|p1b: Floette\n|-damage|p1b: Floette|0 fnt\n|faint|p1b: Floette\n|\n|win|MegaPoblano\n|raw|Charliemander2030's rating: 1296 &rarr; <strong>1274</strong><br />(-22 for losing)\n|raw|MegaPoblano's rating: 1331 &rarr; <strong>1349</strong><br />(+18 for winning)\n",
  "uploadtime": 1776370143,
  "views": 23,
  "formatid": "gen9championsvgc2026regma",
  "rating": 1274,
  "private": 0,
  "password": null
}