{
  "id": "gen9championsvgc2026regma-2584388748",
  "format": "[Gen 9 Champions] VGC 2026 Reg M-A",
  "players": [
    "smp on whimsicott",
    "Jah_08"
  ],
  "log": "|j|\u2606smp on whimsicott\n|j|\u2606Jah_08\n|t:|1776257187\n|gametype|doubles\n|player|p1|smp on whimsicott|artist-gen4|1382\n|player|p2|Jah_08|alder|1311\n|gen|9\n|tier|[Gen 9 Champions] VGC 2026 Reg M-A\n|rated|\n|rule|Species Clause: Limit one of each Pok\u00e9mon\n|rule|Item Clause: Limit 1 of each item\n|clearpoke\n|poke|p1|Arcanine, L50, M|\n|poke|p1|Venusaur, L50, F|\n|poke|p1|Sneasler, L50, M|\n|poke|p1|Rotom-Wash, L50|\n|poke|p1|Garchomp, L50, F|\n|poke|p1|Corviknight, L50, F|\n|poke|p2|Excadrill, L50, M|\n|poke|p2|Whimsicott, L50, M|\n|poke|p2|Chandelure, L50, M|\n|poke|p2|Zoroark-Hisui, L50, M|\n|poke|p2|Basculegion, L50, M|\n|poke|p2|Hydreigon, L50, M|\n|teampreview|4\nJah_08 rejected open team sheets.\n|inactive|Battle timer is ON: inactive players will automatically lose when time's up. (requested by Jah_08)\n|\n|t:|1776257252\n|teamsize|p1|4\n|teamsize|p2|4\n|start\n|switch|p1a: Rotom|Rotom-Wash, L50|100/100\n|switch|p1b: Garchomp|Garchomp, L50, F|100/100\n|switch|p2a: Excadrill|Excadrill, L50, M|100/100\n|switch|p2b: Whimsicott|Whimsicott, L50, M, shiny|100/100\n|-ability|p2a: Excadrill|Mold Breaker\n|turn|1\n|\n|t:|1776257269\n|move|p1b: Garchomp|Protect|p1b: Garchomp\n|-singleturn|p1b: Garchomp|Protect\n|move|p2a: Excadrill|Protect|p2a: Excadrill\n|-singleturn|p2a: Excadrill|Protect\n|move|p2b: Whimsicott|Tailwind|p2b: Whimsicott\n|-sidestart|p2: Jah_08|move: Tailwind\n|move|p1a: Rotom|Electroweb|p2b: Whimsicott|[spread] p2b\n|-activate|p2a: Excadrill|move: Protect\n|-resisted|p2b: Whimsicott|1\n|-damage|p2b: Whimsicott|89/100\n|-unboost|p2b: Whimsicott|spe|1\n|\n|upkeep\n|turn|2\n|\n|t:|1776257293\n|switch|p1b: Arcanine|Arcanine, L50, M|100/100\n|-ability|p1b: Arcanine|Intimidate|boost\n|-unboost|p2a: Excadrill|atk|1\n|-unboost|p2b: Whimsicott|atk|1\n|move|p2b: Whimsicott|Encore||[still]\n|-fail|p2b: Whimsicott\n|move|p2a: Excadrill|High Horsepower|p1a: Rotom\n|-supereffective|p1a: Rotom|1\n|-damage|p1a: Rotom|22/100\n|move|p1a: Rotom|Electroweb|p2b: Whimsicott|[spread] p2b\n|-immune|p2a: Excadrill\n|-resisted|p2b: Whimsicott|1\n|-damage|p2b: Whimsicott|78/100\n|-unboost|p2b: Whimsicott|spe|1\n|\n|upkeep\n|turn|3\n|\n|t:|1776257314\n|move|p2a: Excadrill|High Horsepower|p1b: Arcanine\n|-supereffective|p1b: Arcanine|1\n|-damage|p1b: Arcanine|32/100\n|-enditem|p1b: Arcanine|Sitrus Berry|[eat]\n|-heal|p1b: Arcanine|57/100|[from] item: Sitrus Berry\n|move|p1a: Rotom|Electroweb|p2b: Whimsicott|[spread] p2b\n|-immune|p2a: Excadrill\n|-resisted|p2b: Whimsicott|1\n|-damage|p2b: Whimsicott|68/100\n|-unboost|p2b: Whimsicott|spe|1\n|move|p1b: Arcanine|Flare Blitz|p2a: Excadrill\n|-supereffective|p2a: Excadrill|1\n|-enditem|p2a: Excadrill|Focus Sash\n|-damage|p2a: Excadrill|1/100\n|-damage|p1b: Arcanine|26/100|[from] Recoil\n|move|p2b: Whimsicott|Moonblast|p1a: Rotom\n|-damage|p1a: Rotom|0 fnt\n|faint|p1a: Rotom\n|\n|upkeep\n|\n|t:|1776257321\n|switch|p1a: Venusaur|Venusaur, L50, F|100/100\n|turn|4\n|inactive|Jah_08 has 30 seconds left.\n|inactive|Jah_08 has 20 seconds left.\n|\n|t:|1776257359\n|detailschange|p1a: Venusaur|Venusaur-Mega, L50, F\n|-mega|p1a: Venusaur|Venusaur|Venusaurite\n|move|p2b: Whimsicott|Protect|p2b: Whimsicott\n|-singleturn|p2b: Whimsicott|Protect\n|move|p2a: Excadrill|Protect|p2a: Excadrill\n|-singleturn|p2a: Excadrill|Protect\n|move|p1b: Arcanine|Protect|p1b: Arcanine\n|-singleturn|p1b: Arcanine|Protect\n|move|p1a: Venusaur|Sludge Bomb|p2b: Whimsicott\n|-activate|p2b: Whimsicott|move: Protect\n|\n|-sideend|p2: Jah_08|move: Tailwind\n|upkeep\n|turn|5\n|inactive|Jah_08 has 30 seconds left.\n|\n|t:|1776257386\n|switch|p1b: Garchomp|Garchomp, L50, F|100/100\n|switch|p2b: Chandelure|Chandelure, L50, M, shiny|100/100\n|move|p2a: Excadrill|High Horsepower|p1b: Garchomp\n|-damage|p1b: Garchomp|65/100\n|-damage|p2a: Excadrill|0 fnt|[from] ability: Rough Skin|[of] p1b: Garchomp\n|faint|p2a: Excadrill\n|move|p1a: Venusaur|Sludge Bomb|p2b: Chandelure\n|-resisted|p2b: Chandelure|1\n|-damage|p2b: Chandelure|71/100\n|-status|p2b: Chandelure|psn\n|\n|-damage|p2b: Chandelure|59/100 psn|[from] psn\n|upkeep\n|\n|t:|1776257407\n|switch|p2a: Basculegion|Basculegion, L50, M|100/100\n|turn|6\n|inactive|smp on whimsicott has 30 seconds left.\n|\n|t:|1776257436\n|detailschange|p2b: Chandelure|Chandelure-Mega, L50, M, shiny\n|-mega|p2b: Chandelure|Chandelure|Chandelurite\n|move|p1b: Garchomp|Protect|p1b: Garchomp\n|-singleturn|p1b: Garchomp|Protect\n|move|p2a: Basculegion|Last Respects|p1a: Venusaur\n|-crit|p1a: Venusaur\n|-damage|p1a: Venusaur|30/100\n|move|p2b: Chandelure|Heat Wave|p1a: Venusaur|[spread] \n|-activate|p1b: Garchomp|move: Protect\n|-miss|p2b: Chandelure|p1a: Venusaur\n|move|p1a: Venusaur|Leech Seed|p2a: Basculegion\n|-start|p2a: Basculegion|move: Leech Seed\n|\n|-damage|p2a: Basculegion|88/100|[from] Leech Seed|[of] p1a: Venusaur\n|-heal|p1a: Venusaur|43/100|[silent]\n|-damage|p2b: Chandelure|47/100 psn|[from] psn\n|upkeep\n|turn|7\n|\n|t:|1776257459\n|move|p1a: Venusaur|Protect|p1a: Venusaur\n|-singleturn|p1a: Venusaur|Protect\n|move|p2a: Basculegion|Last Respects|p1b: Garchomp\n|-damage|p1b: Garchomp|5/100\n|move|p1b: Garchomp|Earthquake|p2b: Chandelure|[spread] p2a,p2b\n|-activate|p1a: Venusaur|move: Protect\n|-supereffective|p2b: Chandelure|1\n|-damage|p2a: Basculegion|40/100\n|-damage|p2b: Chandelure|0 fnt\n|faint|p2b: Chandelure\n|\n|-damage|p2a: Basculegion|28/100|[from] Leech Seed|[of] p1a: Venusaur\n|-heal|p1a: Venusaur|56/100|[silent]\n|upkeep\n|\n|t:|1776257474\n|switch|p2b: Whimsicott|Whimsicott, L50, M, shiny|68/100\n|turn|8\n|j| Giga\u32dbChandelure-\u2602\n|\n|t:|1776257496\n|switch|p1a: Arcanine|Arcanine, L50, M|26/100\n|-ability|p1a: Arcanine|Intimidate|boost\n|-unboost|p2a: Basculegion|atk|1\n|-unboost|p2b: Whimsicott|atk|1\n|move|p1b: Garchomp|Protect|p1b: Garchomp\n|-singleturn|p1b: Garchomp|Protect\n|move|p2a: Basculegion|Last Respects|p1a: Arcanine\n|-damage|p1a: Arcanine|0 fnt\n|faint|p1a: Arcanine\n|move|p2b: Whimsicott|Moonblast|p1b: Garchomp\n|-activate|p1b: Garchomp|move: Protect\n|\n|upkeep\n|\n|t:|1776257507\n|switch|p1a: Venusaur|Venusaur-Mega, L50, F|56/100\n|turn|9\n|l| Giga\u32dbChandelure-\u2602\n|\n|t:|1776257524\n|move|p1a: Venusaur|Protect|p1a: Venusaur\n|-singleturn|p1a: Venusaur|Protect\n|move|p2b: Whimsicott|Encore|p1b: Garchomp\n|-start|p1b: Garchomp|Encore\n|move|p1b: Garchomp|Protect||[still]\n|-fail|p1b: Garchomp\n|move|p2a: Basculegion|Last Respects|p1a: Venusaur\n|-activate|p1a: Venusaur|move: Protect\n|\n|-damage|p2a: Basculegion|15/100|[from] Leech Seed|[of] p1a: Venusaur\n|-heal|p1a: Venusaur|68/100|[silent]\n|upkeep\n|turn|10\n|\n|t:|1776257548\n|move|p1b: Garchomp|Protect|p1b: Garchomp\n|-singleturn|p1b: Garchomp|Protect\n|move|p1a: Venusaur|Protect|p1a: Venusaur\n|-singleturn|p1a: Venusaur|Protect\n|move|p2a: Basculegion|Last Respects|p1a: Venusaur\n|-activate|p1a: Venusaur|move: Protect\n|move|p2b: Whimsicott|Moonblast|p1a: Venusaur\n|-activate|p1a: Venusaur|move: Protect\n|\n|-damage|p2a: Basculegion|3/100|[from] Leech Seed|[of] p1a: Venusaur\n|-heal|p1a: Venusaur|81/100|[silent]\n|upkeep\n|turn|11\n|\n|t:|1776257565\n|move|p1b: Garchomp|Protect||[still]\n|-fail|p1b: Garchomp\n|move|p2a: Basculegion|Last Respects|p1a: Venusaur\n|-damage|p1a: Venusaur|31/100\n|move|p2b: Whimsicott|Moonblast|p1a: Venusaur\n|-resisted|p1a: Venusaur|1\n|-damage|p1a: Venusaur|18/100\n|move|p1a: Venusaur|Sludge Bomb|p2b: Whimsicott\n|-supereffective|p2b: Whimsicott|2\n|-damage|p2b: Whimsicott|0 fnt\n|faint|p2b: Whimsicott\n|\n|-damage|p2a: Basculegion|0 fnt|[from] Leech Seed|[of] p1a: Venusaur\n|-heal|p1a: Venusaur|21/100|[silent]\n|faint|p2a: Basculegion\n|\n|win|smp on whimsicott\n|raw|smp on whimsicott's rating: 1382 &rarr; <strong>1398</strong><br />(+16 for winning)\n|raw|Jah_08's rating: 1311 &rarr; <strong>1295</strong><br />(-16 for losing)\n",
  "uploadtime": 1776257566,
  "views": 29,
  "formatid": "gen9championsvgc2026regma",
  "rating": 1295,
  "private": 0,
  "password": null
}