{
  "id": "gen9championsvgc2026regma-2581561018",
  "format": "[Gen 9 Champions] VGC 2026 Reg M-A",
  "players": [
    "Epolosos",
    "pepitoito"
  ],
  "log": "|j|\u2606Epolosos\n|j|\u2606pepitoito\n|t:|1776011066\n|gametype|doubles\n|player|p1|Epolosos|1|1110\n|player|p2|pepitoito|miku-ghost|1058\n|gen|9\n|tier|[Gen 9 Champions] VGC 2026 Reg M-A\n|rated|\n|rule|Species Clause: Limit one of each Pok\u00e9mon\n|rule|Item Clause: Limit 1 of each item\n|clearpoke\n|poke|p1|Sinistcha, L50|\n|poke|p1|Crabominable, L50, M|\n|poke|p1|Incineroar, L50, M|\n|poke|p1|Mr. Rime, L50, F|\n|poke|p1|Primarina, L50, F|\n|poke|p1|Chandelure, L50, M|\n|poke|p2|Garchomp, L50, M|\n|poke|p2|Liepard, L50, F|\n|poke|p2|Tyranitar, L50, F|\n|poke|p2|Kangaskhan, L50, F|\n|poke|p2|Talonflame, L50, M|\n|poke|p2|Rotom-Mow, L50|\n|teampreview|4\n|inactive|Battle timer is ON: inactive players will automatically lose when time's up. (requested by Epolosos)\n|inactive|Epolosos has 60 seconds left.\n|inactive|pepitoito has 60 seconds left.\n|inactive|pepitoito has 30 seconds left.\n|inactive|pepitoito has 20 seconds left.\n|\n|t:|1776011142\n|teamsize|p1|4\n|teamsize|p2|4\n|start\n|switch|p1a: Mr. Rime|Mr. Rime, L50, F|100/100\n|switch|p1b: Incineroar|Incineroar, L50, M|100/100\n|switch|p2a: Talonflame|Talonflame, L50, M|100/100\n|switch|p2b: Kangaskhan|Kangaskhan, L50, F|100/100\n|-ability|p1b: Incineroar|Intimidate|boost\n|-unboost|p2a: Talonflame|atk|1\n|-fail|p2b: Kangaskhan|unboost|Attack|[from] ability: Scrappy|[of] p2b: Kangaskhan\n|turn|1\n|\n|t:|1776011165\n|move|p2b: Kangaskhan|Fake Out|p1b: Incineroar\n|-damage|p1b: Incineroar|81/100\n|cant|p1b: Incineroar|flinch\n|move|p2a: Talonflame|Tailwind|p2a: Talonflame\n|-sidestart|p2: pepitoito|move: Tailwind\n|move|p1a: Mr. Rime|Trick Room|p1a: Mr. Rime\n|-fieldstart|move: Trick Room|[of] p1a: Mr. Rime\n|\n|upkeep\n|turn|2\n|inactive|pepitoito has 30 seconds left.\n|\n|t:|1776011193\n|detailschange|p2b: Kangaskhan|Kangaskhan-Mega, L50, F\n|-mega|p2b: Kangaskhan|Kangaskhan|Kangaskhanite\n|move|p1b: Incineroar|Parting Shot|p2a: Talonflame\n|-unboost|p2a: Talonflame|atk|1\n|-unboost|p2a: Talonflame|spa|1\n|\n|t:|1776011200\n|switch|p1b: Crabominable|Crabominable, L50, M|100/100|[from] Parting Shot\n|move|p1a: Mr. Rime|Encore|p2b: Kangaskhan\n|-start|p2b: Kangaskhan|Encore\n|move|p2b: Kangaskhan|Fake Out||[still]\n|-hint|Fake Out only works on your first turn out.\n|-fail|p2b: Kangaskhan\n|move|p2a: Talonflame|U-turn|p1a: Mr. Rime\n|-supereffective|p1a: Mr. Rime|1\n|-damage|p1a: Mr. Rime|81/100\n|\n|t:|1776011210\n|switch|p2a: Liepard|Liepard, L50, F|100/100|[from] U-turn\n|\n|upkeep\n|turn|3\n|inactive|pepitoito has 30 seconds left.\n|\n|t:|1776011238\n|switch|p2b: Talonflame|Talonflame, L50, M|100/100\n|move|p2a: Liepard|Fake Out|p1b: Crabominable\n|-damage|p1b: Crabominable|92/100\n|cant|p1b: Crabominable|flinch\n|move|p1a: Mr. Rime|Frost Breath|p1b: Crabominable|[miss]\n|-miss|p1a: Mr. Rime|p1b: Crabominable\n|\n|upkeep\n|turn|4\n|inactive|Epolosos has 30 seconds left.\n|inactive|pepitoito has 30 seconds left.\n|\n|t:|1776011271\n|detailschange|p1b: Crabominable|Crabominable-Mega, L50, M\n|-mega|p1b: Crabominable|Crabominable|Crabominite\n|move|p1a: Mr. Rime|Protect|p1a: Mr. Rime\n|-singleturn|p1a: Mr. Rime|Protect\n|move|p2a: Liepard|Screech|p1b: Crabominable\n|-unboost|p1b: Crabominable|def|2\n|move|p2b: Talonflame|Acrobatics|p1b: Crabominable\n|-supereffective|p1b: Crabominable|1\n|-damage|p1b: Crabominable|0 fnt\n|faint|p1b: Crabominable\n|\n|-sideend|p2: pepitoito|move: Tailwind\n|upkeep\n|\n|t:|1776011286\n|switch|p1b: Primarina|Primarina, L50, F|100/100\n|turn|5\n|inactive|pepitoito has 30 seconds left.\n|inactive|pepitoito has 20 seconds left.\n|inactive|pepitoito has 15 seconds left.\n|\n|t:|1776011328\n|move|p2a: Liepard|Encore|p1a: Mr. Rime\n|-start|p1a: Mr. Rime|Encore\n|move|p1a: Mr. Rime|Protect||[still]\n|-fail|p1a: Mr. Rime\n|move|p1b: Primarina|Hyper Voice|p2b: Talonflame|[spread] p2a,p2b\n|-supereffective|p2b: Talonflame|1\n|-damage|p2a: Liepard|53/100\n|-damage|p2b: Talonflame|0 fnt\n|faint|p2b: Talonflame\n|\n|-fieldend|move: Trick Room\n|upkeep\n|\n|t:|1776011338\n|switch|p2b: Kangaskhan|Kangaskhan-Mega, L50, F|100/100\n|turn|6\n|inactive|pepitoito has 30 seconds left.\n|\n|t:|1776011365\n|switch|p1a: Incineroar|Incineroar, L50, M|81/100\n|-ability|p1a: Incineroar|Intimidate|boost\n|-unboost|p2a: Liepard|atk|1\n|-unboost|p2b: Kangaskhan|atk|1\n|move|p1b: Primarina|Protect|p1b: Primarina\n|-singleturn|p1b: Primarina|Protect\n|move|p2b: Kangaskhan|Fake Out|p1b: Primarina\n|-activate|p1b: Primarina|move: Protect\n|move|p2a: Liepard|Thunder Wave|p1b: Primarina\n|-activate|p1b: Primarina|move: Protect\n|\n|upkeep\n|turn|7\n|\n|t:|1776011383\n|move|p2b: Kangaskhan|Protect|p2b: Kangaskhan\n|-singleturn|p2b: Kangaskhan|Protect\n|move|p1a: Incineroar|Fake Out|p2b: Kangaskhan\n|-activate|p2b: Kangaskhan|move: Protect\n|move|p2a: Liepard|Encore|p1a: Incineroar\n|-hint|Since gen 7, Dark is immune to Prankster moves.\n|-immune|p1a: Incineroar\n|move|p1b: Primarina|Dazzling Gleam|p2b: Kangaskhan|[spread] p2a\n|-activate|p2b: Kangaskhan|move: Protect\n|-supereffective|p2a: Liepard|1\n|-damage|p2a: Liepard|0 fnt\n|faint|p2a: Liepard\n|\n|upkeep\n|\n|t:|1776011390\n|switch|p2a: Garchomp|Garchomp, L50, M|100/100\n|turn|8\n|\n|t:|1776011405\n|move|p2a: Garchomp|Rock Slide|p1a: Incineroar|[spread] p1a,p1b\n|-supereffective|p1a: Incineroar|1\n|-damage|p1a: Incineroar|40/100\n|-damage|p1b: Primarina|76/100\n|-enditem|p1a: Incineroar|Sitrus Berry|[eat]\n|-heal|p1a: Incineroar|65/100|[from] item: Sitrus Berry\n|move|p2b: Kangaskhan|Body Slam|p1b: Primarina\n|-damage|p1b: Primarina|36/100\n|-damage|p1b: Primarina|27/100\n|-hitcount|p1b: Primarina|2\n|move|p1b: Primarina|Dazzling Gleam|p2b: Kangaskhan|[spread] p2a,p2b\n|-supereffective|p2a: Garchomp|1\n|-damage|p2a: Garchomp|32/100\n|-damage|p2b: Kangaskhan|73/100\n|move|p1a: Incineroar|Parting Shot|p2a: Garchomp\n|-unboost|p2a: Garchomp|atk|1\n|-unboost|p2a: Garchomp|spa|1\n|\n|t:|1776011421\n|switch|p1a: Mr. Rime|Mr. Rime, L50, F|81/100|[from] Parting Shot\n|\n|upkeep\n|turn|9\n|\n|t:|1776011431\n|move|p1b: Primarina|Protect|p1b: Primarina\n|-singleturn|p1b: Primarina|Protect\n|move|p2a: Garchomp|Rock Slide|p1a: Mr. Rime|[spread] p1a\n|-activate|p1b: Primarina|move: Protect\n|-supereffective|p1a: Mr. Rime|1\n|-damage|p1a: Mr. Rime|53/100\n|move|p2b: Kangaskhan|Bite|p1a: Mr. Rime\n|-supereffective|p1a: Mr. Rime|1\n|-damage|p1a: Mr. Rime|20/100\n|-supereffective|p1a: Mr. Rime|1\n|-crit|p1a: Mr. Rime\n|-damage|p1a: Mr. Rime|4/100\n|-hitcount|p1a: Mr. Rime|2\n|cant|p1a: Mr. Rime|flinch\n|\n|upkeep\n|turn|10\n|\n|t:|1776011451\n|move|p2a: Garchomp|Rock Slide|p1b: Primarina|[spread] p1a\n|-miss|p2a: Garchomp|p1b: Primarina\n|-supereffective|p1a: Mr. Rime|1\n|-damage|p1a: Mr. Rime|0 fnt\n|faint|p1a: Mr. Rime\n|move|p2b: Kangaskhan|Body Slam|p1b: Primarina\n|-damage|p1b: Primarina|0 fnt\n|faint|p1b: Primarina\n|-hitcount|p1: Primarina|1\n|\n|upkeep\n|\n|t:|1776011470\n|switch|p1b: Incineroar|Incineroar, L50, M|65/100\n|-ability|p1b: Incineroar|Intimidate|boost\n|-unboost|p2a: Garchomp|atk|1\n|-unboost|p2b: Kangaskhan|atk|1\n|turn|11\n|\n|t:|1776011479\n|move|p2a: Garchomp|Rock Slide|p1b: Incineroar\n|-supereffective|p1b: Incineroar|1\n|-damage|p1b: Incineroar|38/100\n|move|p2b: Kangaskhan|Body Slam|p1b: Incineroar\n|-damage|p1b: Incineroar|14/100\n|-status|p1b: Incineroar|par\n|-damage|p1b: Incineroar|10/100 par\n|-hitcount|p1b: Incineroar|2\n|cant|p1b: Incineroar|par\n|\n|upkeep\n|turn|12\n|-message|Epolosos forfeited.\n|\n|win|pepitoito\n|raw|Epolosos's rating: 1110 &rarr; <strong>1081</strong><br />(-29 for losing)\n|raw|pepitoito's rating: 1058 &rarr; <strong>1094</strong><br />(+36 for winning)\n|l|\u2606Epolosos\n|player|p1|\n",
  "uploadtime": 1776011509,
  "views": 18,
  "formatid": "gen9championsvgc2026regma",
  "rating": 1081,
  "private": 0,
  "password": null
}