{
  "id": "gen9championsvgc2026regma-2585921670",
  "format": "[Gen 9 Champions] VGC 2026 Reg M-A",
  "players": [
    "aznkiri",
    "BrettleyOP"
  ],
  "log": "|j|\u2606aznkiri\n|j|\u2606BrettleyOP\n|t:|1776381682\n|gametype|doubles\n|player|p1|aznkiri|hilbert|1132\n|player|p2|BrettleyOP|skier|1232\n|gen|9\n|tier|[Gen 9 Champions] VGC 2026 Reg M-A\n|rated|\n|rule|Species Clause: Limit one of each Pok\u00e9mon\n|rule|Item Clause: Limit 1 of each item\n|clearpoke\n|poke|p1|Heliolisk, L50, M|\n|poke|p1|Corviknight, L50, F|\n|poke|p1|Sneasler, L50, F|\n|poke|p1|Milotic, L50, F|\n|poke|p1|Chandelure, L50, F|\n|poke|p1|Sinistcha, L50|\n|poke|p2|Pelipper, L50, M|\n|poke|p2|Incineroar, L50, M|\n|poke|p2|Archaludon, L50, M|\n|poke|p2|Farigiraf, L50, F|\n|poke|p2|Dragonite, L50, M|\n|poke|p2|Sneasler, L50, F|\n|teampreview|4\n|c|\u2606BrettleyOP|interesting team\n|c|\u2606BrettleyOP|gl\n|c|\u2606aznkiri|u2\n|\n|t:|1776381741\n|teamsize|p1|4\n|teamsize|p2|4\n|start\n|switch|p1a: Heliolisk|Heliolisk, L50, M|100/100\n|switch|p1b: Milotic|Milotic, L50, F|100/100\n|switch|p2a: Pelipper|Pelipper, L50, M|100/100\n|switch|p2b: Dragonite|Dragonite, L50, M|100/100\n|-weather|RainDance|[from] ability: Drizzle|[of] p2a: Pelipper\n|turn|1\n|inactive|Battle timer is ON: inactive players will automatically lose when time's up. (requested by BrettleyOP)\n|\n|t:|1776381773\n|switch|p2a: Archaludon|Archaludon, L50, M|100/100\n|move|p2b: Dragonite|Protect|p2b: Dragonite\n|-singleturn|p2b: Dragonite|Protect\n|move|p1a: Heliolisk|Electroweb|p2b: Dragonite|[spread] p2a\n|-activate|p2b: Dragonite|move: Protect\n|-resisted|p2a: Archaludon|1\n|-damage|p2a: Archaludon|90/100\n|-unboost|p2a: Archaludon|spe|1\n|-ability|p2a: Archaludon|Stamina|boost\n|-boost|p2a: Archaludon|def|1\n|-enditem|p2a: Archaludon|White Herb\n|-clearnegativeboost|p2a: Archaludon|[silent]\n|move|p1b: Milotic|Life Dew||[still]|[spread] \n|-immune|p1a: Heliolisk|[from] ability: Dry Skin\n|-fail|p1b: Milotic|heal\n|\n|-weather|RainDance|[upkeep]\n|upkeep\n|turn|2\n|inactive|aznkiri has 30 seconds left.\n|inactive|BrettleyOP has 30 seconds left.\n|inactive|BrettleyOP has 20 seconds left.\n|\n|t:|1776381810\n|switch|p2b: Incineroar|Incineroar, L50, M|100/100\n|-ability|p2b: Incineroar|Intimidate|boost\n|-unboost|p1a: Heliolisk|atk|1\n|-unboost|p1b: Milotic|atk|1\n|-ability|p1b: Milotic|Competitive|boost\n|-boost|p1b: Milotic|spa|2\n|move|p1a: Heliolisk|Sunny Day|p1a: Heliolisk\n|-weather|SunnyDay\n|move|p2a: Archaludon|Electro Shot||[still]\n|-prepare|p2a: Archaludon|Electro Shot\n|-boost|p2a: Archaludon|spa|1\n|move|p1b: Milotic|Ice Beam|p2b: Incineroar\n|-resisted|p2b: Incineroar|1\n|-damage|p2b: Incineroar|80/100\n|\n|-weather|SunnyDay|[upkeep]\n|-damage|p1a: Heliolisk|88/100|[from] ability: Dry Skin|[of] p1a: Heliolisk\n|upkeep\n|turn|3\n|inactive|aznkiri has 30 seconds left.\n|inactive|BrettleyOP has 30 seconds left.\n|\n|t:|1776381844\n|switch|p1b: Chandelure|Chandelure, L50, F|100/100\n|move|p2b: Incineroar|Fake Out|p1a: Heliolisk\n|-damage|p1a: Heliolisk|62/100\n|cant|p1a: Heliolisk|flinch\n|move|p2a: Archaludon|Electro Shot|p1b: Chandelure|[from] lockedmove\n|-damage|p1b: Chandelure|17/100\n|\n|-weather|SunnyDay|[upkeep]\n|-damage|p1a: Heliolisk|50/100|[from] ability: Dry Skin|[of] p1a: Heliolisk\n|upkeep\n|turn|4\n|\n|t:|1776381868\n|switch|p2b: Pelipper|Pelipper, L50, M|100/100\n|-weather|RainDance|[from] ability: Drizzle|[of] p2b: Pelipper\n|detailschange|p1b: Chandelure|Chandelure-Mega, L50, F\n|-mega|p1b: Chandelure|Chandelure|Chandelurite\n|move|p1a: Heliolisk|Volt Switch|p2a: Archaludon\n|-resisted|p2a: Archaludon|1\n|-damage|p2a: Archaludon|74/100\n|-ability|p2a: Archaludon|Stamina|boost\n|-boost|p2a: Archaludon|def|1\n|\n|t:|1776381883\n|switch|p1a: Sneasler|Sneasler, L50, F|100/100|[from] Volt Switch\n|move|p1b: Chandelure|Shadow Ball|p2a: Archaludon\n|-damage|p2a: Archaludon|21/100\n|-unboost|p2a: Archaludon|spd|1\n|-ability|p2a: Archaludon|Stamina|boost\n|-boost|p2a: Archaludon|def|1\n|move|p2a: Archaludon|Electro Shot||[still]\n|-prepare|p2a: Archaludon|Electro Shot\n|-boost|p2a: Archaludon|spa|1\n|-anim|p2a: Archaludon|Electro Shot|p1b: Chandelure\n|-damage|p1b: Chandelure|0 fnt\n|faint|p1b: Chandelure\n|\n|-weather|RainDance|[upkeep]\n|upkeep\n|c|\u2606BrettleyOP|sneasler your only phy attacker\n|c|\u2606BrettleyOP|interesting\n|\n|t:|1776381899\n|switch|p1b: Heliolisk|Heliolisk, L50, M|50/100\n|turn|5\n|-activate|p2b: Pelipper|item: Quick Claw\n|\n|t:|1776381911\n|move|p1a: Sneasler|Fake Out|p2b: Pelipper\n|-crit|p2b: Pelipper\n|-damage|p2b: Pelipper|74/100\n|cant|p2b: Pelipper|flinch\n|move|p1b: Heliolisk|Sunny Day|p1b: Heliolisk\n|-weather|SunnyDay\n|move|p2a: Archaludon|Draco Meteor|p1a: Sneasler\n|-crit|p1a: Sneasler\n|-enditem|p1a: Sneasler|Focus Sash\n|-damage|p1a: Sneasler|1/100\n|-unboost|p2a: Archaludon|spa|2\n|\n|-weather|SunnyDay|[upkeep]\n|-damage|p1b: Heliolisk|38/100|[from] ability: Dry Skin|[of] p1b: Heliolisk\n|upkeep\n|turn|6\n|inactive|aznkiri has 30 seconds left.\n|\n|t:|1776381941\n|move|p1a: Sneasler|Close Combat|p2a: Archaludon\n|-supereffective|p2a: Archaludon|1\n|-damage|p2a: Archaludon|0 fnt\n|-unboost|p1a: Sneasler|def|1\n|-unboost|p1a: Sneasler|spd|1\n|faint|p2a: Archaludon\n|move|p1b: Heliolisk|Volt Switch|p2b: Pelipper\n|-supereffective|p2b: Pelipper|2\n|-damage|p2b: Pelipper|0 fnt\n|faint|p2b: Pelipper\n|\n|t:|1776381949\n|switch|p1b: Milotic|Milotic, L50, F|100/100|[from] Volt Switch\n|\n|-weather|SunnyDay|[upkeep]\n|upkeep\n|\n|t:|1776381952\n|switch|p2a: Incineroar|Incineroar, L50, M|80/100\n|switch|p2b: Dragonite|Dragonite, L50, M|100/100\n|-ability|p2a: Incineroar|Intimidate|boost\n|-unboost|p1a: Sneasler|atk|1\n|-unboost|p1b: Milotic|atk|1\n|-ability|p1b: Milotic|Competitive|boost\n|-boost|p1b: Milotic|spa|2\n|turn|7\n|inactive|BrettleyOP has 30 seconds left.\n|inactive|BrettleyOP has 20 seconds left.\n|\n|t:|1776381990\n|switch|p1a: Heliolisk|Heliolisk, L50, M|38/100\n|move|p2b: Dragonite|Protect|p2b: Dragonite\n|-singleturn|p2b: Dragonite|Protect\n|move|p2a: Incineroar|Fake Out|p1a: Heliolisk\n|-damage|p1a: Heliolisk|14/100\n|move|p1b: Milotic|Life Dew||[still]|[spread] \n|-heal|p1a: Heliolisk|39/100|[from] ability: Dry Skin|[of] p1b: Milotic\n|-fail|p1b: Milotic|heal\n|\n|-weather|SunnyDay|[upkeep]\n|-damage|p1a: Heliolisk|26/100|[from] ability: Dry Skin|[of] p1a: Heliolisk\n|upkeep\n|turn|8\n|\n|t:|1776382014\n|detailschange|p2b: Dragonite|Dragonite-Mega, L50, M\n|-mega|p2b: Dragonite|Dragonite|Dragoninite\n|move|p1a: Heliolisk|Volt Switch|p2b: Dragonite\n|-damage|p2b: Dragonite|89/100\n|\n|t:|1776382019\n|switch|p1a: Sneasler|Sneasler, L50, F|1/100|[from] Volt Switch\n|move|p2b: Dragonite|Flamethrower|p1a: Sneasler\n|-damage|p1a: Sneasler|0 fnt\n|faint|p1a: Sneasler\n|move|p1b: Milotic|Ice Beam|p2b: Dragonite\n|-supereffective|p2b: Dragonite|2\n|-damage|p2b: Dragonite|0 fnt\n|faint|p2b: Dragonite\n|move|p2a: Incineroar|Darkest Lariat|p1b: Milotic\n|-damage|p1b: Milotic|60/100\n|\n|-weather|SunnyDay|[upkeep]\n|-heal|p1b: Milotic|66/100|[from] item: Leftovers\n|upkeep\n|\n|t:|1776382029\n|switch|p1a: Heliolisk|Heliolisk, L50, M|26/100\n|turn|9\n|\n|t:|1776382041\n|move|p1a: Heliolisk|Volt Switch|p2a: Incineroar\n|-crit|p2a: Incineroar\n|-damage|p2a: Incineroar|42/100\n|-enditem|p2a: Incineroar|Sitrus Berry|[eat]\n|-heal|p2a: Incineroar|67/100|[from] item: Sitrus Berry\n|move|p1b: Milotic|Scald|p2a: Incineroar\n|-supereffective|p2a: Incineroar|1\n|-damage|p2a: Incineroar|9/100\n|move|p2a: Incineroar|Darkest Lariat|p1a: Heliolisk\n|-damage|p1a: Heliolisk|0 fnt\n|faint|p1a: Heliolisk\n|\n|-weather|none\n|-heal|p1b: Milotic|72/100|[from] item: Leftovers\n|upkeep\n|turn|10\n|-message|BrettleyOP forfeited.\n|\n|win|aznkiri\n|raw|aznkiri's rating: 1132 &rarr; <strong>1164</strong><br />(+32 for winning)\n|raw|BrettleyOP's rating: 1232 &rarr; <strong>1200</strong><br />(-32 for losing)\n|l|\u2606BrettleyOP\n|player|p2|\n|c|\u2606aznkiri|gg\n",
  "uploadtime": 1776382076,
  "views": 23,
  "formatid": "gen9championsvgc2026regma",
  "rating": 1164,
  "private": 0,
  "password": null
}