{
  "id": "gen9championsvgc2026regma-2581480055",
  "format": "[Gen 9 Champions] VGC 2026 Reg M-A",
  "players": [
    "ZeriuxXx",
    "PPYYY"
  ],
  "log": "|j|\u2606ZeriuxXx\n|j|\u2606PPYYY\n|t:|1776004382\n|gametype|doubles\n|player|p1|ZeriuxXx|2|\n|player|p2|PPYYY|miku-water|\n|gen|9\n|tier|[Gen 9 Champions] VGC 2026 Reg M-A\n|rated|Tournament battle\n|rule|Species Clause: Limit one of each Pok\u00e9mon\n|rule|Item Clause: Limit 1 of each item\n|clearpoke\n|poke|p1|Sneasler, L50, F|\n|poke|p1|Kingambit, L50, M|\n|poke|p1|Aerodactyl, L50, F|\n|poke|p1|Incineroar, L50, M|\n|poke|p1|Froslass, L50, F|\n|poke|p1|Garchomp, L50, M|\n|poke|p2|Corviknight, L50, F|\n|poke|p2|Tyranitar, L50, M|\n|poke|p2|Garchomp, L50, F|\n|poke|p2|Delphox, L50, M|\n|poke|p2|Rotom-Wash, L50|\n|poke|p2|Sinistcha, L50|\n|teampreview|4\n|\n|t:|1776004430\n|teamsize|p1|4\n|teamsize|p2|4\n|start\n|switch|p1a: Aerodactyl|Aerodactyl, L50, F|100/100\n|switch|p1b: Sneasler|Sneasler, L50, F|100/100\n|switch|p2a: Tyranitar|Tyranitar, L50, M|100/100\n|switch|p2b: lilyiah|Corviknight, L50, F|100/100\n|-ability|p1a: Aerodactyl|Unnerve\n|-weather|Sandstorm|[from] ability: Sand Stream|[of] p2a: Tyranitar\n|turn|1\n|\n|t:|1776004449\n|switch|p2a: Sinistcha|Sinistcha, L50|100/100\n|move|p1a: Aerodactyl|Rock Slide|p2a: Sinistcha|[spread] p2a,p2b\n|-damage|p2a: Sinistcha|79/100\n|-damage|p2b: lilyiah|81/100\n|move|p1b: Sneasler|Close Combat|p2b: lilyiah\n|-damage|p2b: lilyiah|30/100\n|-unboost|p1b: Sneasler|def|1\n|-unboost|p1b: Sneasler|spd|1\n|-immune|p2b: lilyiah\n|cant|p2b: lilyiah|flinch\n|\n|-weather|Sandstorm|[upkeep]\n|-damage|p1b: Sneasler|95/100|[from] Sandstorm\n|-damage|p2a: Sinistcha|72/100|[from] Sandstorm\n|upkeep\n|turn|2\n|j| psclVGC\n|\n|t:|1776004467\n|move|p1a: Aerodactyl|Rock Slide|p2b: lilyiah|[spread] p2a,p2b\n|-damage|p2a: Sinistcha|52/100\n|-damage|p2b: lilyiah|9/100\n|move|p1b: Sneasler|Dire Claw|p2a: Sinistcha\n|-damage|p2a: Sinistcha|13/100\n|move|p2b: lilyiah|Roost|p2b: lilyiah\n|-heal|p2b: lilyiah|60/100\n|-singleturn|p2b: lilyiah|move: Roost\n|move|p2a: Sinistcha|Matcha Gotcha|p1a: Aerodactyl|[spread] p1a,p1b\n|-resisted|p1b: Sneasler|1\n|-crit|p1b: Sneasler\n|-damage|p1a: Aerodactyl|78/100\n|-heal|p2a: Sinistcha|24/100|[from] drain|[of] p1a: Aerodactyl\n|-damage|p1b: Sneasler|55/100\n|-heal|p2a: Sinistcha|41/100|[from] drain|[of] p1b: Sneasler\n|\n|-weather|Sandstorm|[upkeep]\n|-damage|p1b: Sneasler|49/100|[from] Sandstorm\n|-damage|p2a: Sinistcha|35/100|[from] Sandstorm\n|-heal|p1a: Aerodactyl|84/100|[from] item: Leftovers\n|upkeep\n|turn|3\n|\n|t:|1776004507\n|move|p1a: Aerodactyl|Dual Wingbeat|p2a: Sinistcha\n|-supereffective|p2a: Sinistcha|1\n|-damage|p2a: Sinistcha|3/100\n|-supereffective|p2a: Sinistcha|1\n|-damage|p2a: Sinistcha|0 fnt\n|faint|p2a: Sinistcha\n|-hitcount|p2: Sinistcha|2\n|move|p1b: Sneasler|Close Combat|p2b: lilyiah\n|-damage|p2b: lilyiah|8/100\n|-unboost|p1b: Sneasler|def|1\n|-unboost|p1b: Sneasler|spd|1\n|-immune|p2b: lilyiah\n|move|p2b: lilyiah|Iron Defense|p2b: lilyiah\n|-boost|p2b: lilyiah|def|2\n|\n|-weather|Sandstorm|[upkeep]\n|-damage|p1b: Sneasler|43/100|[from] Sandstorm\n|-heal|p1a: Aerodactyl|91/100|[from] item: Leftovers\n|upkeep\n|\n|t:|1776004518\n|switch|p2a: Tyranitar|Tyranitar, L50, M|100/100\n|turn|4\n|\n|t:|1776004536\n|move|p1a: Aerodactyl|Rock Slide|p2b: lilyiah|[spread] p2a,p2b\n|-damage|p2a: Tyranitar|76/100\n|-damage|p2b: lilyiah|0 fnt\n|faint|p2b: lilyiah\n|move|p2a: Tyranitar|Rock Slide|p1a: Aerodactyl|[spread] p1a,p1b\n|-supereffective|p1a: Aerodactyl|1\n|-resisted|p1b: Sneasler|1\n|-damage|p1a: Aerodactyl|4/100\n|-damage|p1b: Sneasler|0 fnt\n|faint|p1b: Sneasler\n|\n|-weather|Sandstorm|[upkeep]\n|-heal|p1a: Aerodactyl|10/100|[from] item: Leftovers\n|upkeep\n|\n|t:|1776004548\n|switch|p1b: Garchomp|Garchomp, L50, M|100/100\n|switch|p2b: Delphox|Delphox, L50, M|100/100\n|turn|5\n|\n|t:|1776004556\n|move|p2b: Delphox|Protect|p2b: Delphox\n|-singleturn|p2b: Delphox|Protect\n|move|p1b: Garchomp|Earthquake|p2b: Delphox|[spread] p2a\n|-activate|p2b: Delphox|move: Protect\n|-immune|p1a: Aerodactyl\n|-supereffective|p2a: Tyranitar|1\n|-damage|p2a: Tyranitar|0 fnt\n|faint|p2a: Tyranitar\n|move|p1a: Aerodactyl|Rock Slide|p2b: Delphox\n|-activate|p2b: Delphox|move: Protect\n|\n|-weather|none\n|-heal|p1a: Aerodactyl|17/100|[from] item: Leftovers\n|upkeep\n|turn|6\n|\n|t:|1776004564\n|detailschange|p2b: Delphox|Delphox-Mega, L50, M\n|-mega|p2b: Delphox|Delphox|Delphoxite\n|move|p2b: Delphox|Heat Wave|p1b: Garchomp|[spread] p1a\n|-miss|p2b: Delphox|p1b: Garchomp\n|-resisted|p1a: Aerodactyl|1\n|-damage|p1a: Aerodactyl|0 fnt\n|faint|p1a: Aerodactyl\n|move|p1b: Garchomp|Earthquake|p2b: Delphox\n|-immune|p2b: Delphox|[from] ability: Levitate\n|\n|upkeep\n|\n|t:|1776004573\n|switch|p1a: Incineroar|Incineroar, L50, M|100/100\n|-ability|p1a: Incineroar|Intimidate|boost\n|-unboost|p2b: Delphox|atk|1\n|turn|7\n|\n|t:|1776004581\n|move|p2b: Delphox|Protect|p2b: Delphox\n|-singleturn|p2b: Delphox|Protect\n|move|p1a: Incineroar|Fake Out|p2b: Delphox\n|-activate|p2b: Delphox|move: Protect\n|move|p1b: Garchomp|Earthquake|p2b: Delphox|[spread] p1a\n|-activate|p2b: Delphox|move: Protect\n|-supereffective|p1a: Incineroar|1\n|-damage|p1a: Incineroar|24/100\n|-enditem|p1a: Incineroar|Sitrus Berry|[eat]\n|-heal|p1a: Incineroar|49/100|[from] item: Sitrus Berry\n|\n|upkeep\n|turn|8\n|-message|ZeriuxXx forfeited.\n|\n|win|PPYYY\n|n|\u2606ZeriuxXx|zeriuxxx\n|n|\u2606PPYYY|ppyyy\n|n| psclVGC|psclvgc\n|l|\u2606ZeriuxXx\n|player|p1|\n",
  "uploadtime": 1776004590,
  "views": 14,
  "formatid": "gen9championsvgc2026regma",
  "rating": null,
  "private": 0,
  "password": null
}