{
  "id": "gen9championsvgc2026regma-2583762102",
  "format": "[Gen 9 Champions] VGC 2026 Reg M-A",
  "players": [
    "ivanchur",
    "crustle48"
  ],
  "log": "|j|\u2606ivanchur\n|j|\u2606crustle48\n|t:|1776195972\n|gametype|doubles\n|player|p1|ivanchur|102|1104\n|player|p2|crustle48|workerice|1139\n|gen|9\n|tier|[Gen 9 Champions] VGC 2026 Reg M-A\n|rated|\n|rule|Species Clause: Limit one of each Pok\u00e9mon\n|rule|Item Clause: Limit 1 of each item\n|clearpoke\n|poke|p1|Glimmora, L50, M|\n|poke|p1|Volcarona, L50, M|\n|poke|p1|Whimsicott, L50, M|\n|poke|p1|Corviknight, L50, M|\n|poke|p1|Rotom-Wash, L50|\n|poke|p1|Kangaskhan, L50, F|\n|poke|p2|Tyranitar, L50, M|\n|poke|p2|Excadrill, L50, F|\n|poke|p2|Charizard, L50, M|\n|poke|p2|Rotom-Wash, L50|\n|poke|p2|Whimsicott, L50, F|\n|poke|p2|Farigiraf, L50, F|\n|teampreview|4\n|inactive|Battle timer is ON: inactive players will automatically lose when time's up. (requested by ivanchur)\n|\n|t:|1776196023\n|teamsize|p1|4\n|teamsize|p2|4\n|start\n|switch|p1a: Whimsicott|Whimsicott, L50, M|100/100\n|switch|p1b: Corviknight|Corviknight, L50, M|100/100\n|switch|p2a: Excadrill|Excadrill, L50, F|100/100\n|switch|p2b: Whimsicott|Whimsicott, L50, F|100/100\n|turn|1\n|inactive|crustle48 has 30 seconds left.\n|\n|t:|1776196048\n|move|p2a: Excadrill|Protect|p2a: Excadrill\n|-singleturn|p2a: Excadrill|Protect\n|move|p1a: Whimsicott|Tailwind|p1a: Whimsicott\n|-sidestart|p1: ivanchur|move: Tailwind\n|move|p2b: Whimsicott|Tailwind|p2b: Whimsicott\n|-sidestart|p2: crustle48|move: Tailwind\n|move|p1b: Corviknight|Iron Defense|p1b: Corviknight\n|-boost|p1b: Corviknight|def|2\n|\n|upkeep\n|turn|2\n|\n|t:|1776196062\n|move|p2b: Whimsicott|Encore|p1b: Corviknight\n|-start|p1b: Corviknight|Encore\n|move|p1a: Whimsicott|Moonblast|p2a: Excadrill\n|-resisted|p2a: Excadrill|1\n|-damage|p2a: Excadrill|78/100\n|move|p2a: Excadrill|Swords Dance|p2a: Excadrill\n|-boost|p2a: Excadrill|atk|2\n|move|p1b: Corviknight|Iron Defense|p1b: Corviknight\n|-boost|p1b: Corviknight|def|2\n|\n|upkeep\n|turn|3\n|\n|t:|1776196080\n|switch|p1a: Volcarona|Volcarona, L50, M|100/100\n|move|p2b: Whimsicott|Moonblast|p1a: Volcarona\n|-resisted|p1a: Volcarona|1\n|-damage|p1a: Volcarona|80/100\n|-unboost|p1a: Volcarona|spa|1\n|move|p2a: Excadrill|Swords Dance|p2a: Excadrill\n|-boost|p2a: Excadrill|atk|2\n|move|p1b: Corviknight|Iron Defense|p1b: Corviknight\n|-boost|p1b: Corviknight|def|2\n|\n|upkeep\n|turn|4\n|\n|t:|1776196090\n|switch|p2b: Tyranitar|Tyranitar, L50, M|100/100\n|-weather|Sandstorm|[from] ability: Sand Stream|[of] p2b: Tyranitar\n|move|p2a: Excadrill|Rock Slide|p1a: Volcarona|[spread] p1a,p1b\n|-supereffective|p1a: Volcarona|2\n|-damage|p1a: Volcarona|0 fnt\n|-damage|p1b: Corviknight|88/100\n|faint|p1a: Volcarona\n|move|p1b: Corviknight|Iron Defense|p1b: Corviknight\n|-boost|p1b: Corviknight|def|0\n|\n|-weather|Sandstorm|[upkeep]\n|-heal|p1b: Corviknight|94/100|[from] item: Leftovers\n|-end|p1b: Corviknight|Encore\n|-sideend|p1: ivanchur|move: Tailwind\n|-sideend|p2: crustle48|move: Tailwind\n|upkeep\n|\n|t:|1776196102\n|switch|p1a: Whimsicott|Whimsicott, L50, M|100/100\n|turn|5\n|\n|t:|1776196120\n|switch|p2a: Rotom|Rotom-Wash, L50|100/100\n|move|p2b: Tyranitar|Protect|p2b: Tyranitar\n|-singleturn|p2b: Tyranitar|Protect\n|move|p1a: Whimsicott|Tailwind|p1a: Whimsicott\n|-sidestart|p1: ivanchur|move: Tailwind\n|move|p1b: Corviknight|Body Press|p2a: Rotom\n|-damage|p2a: Rotom|18/100\n|\n|-weather|Sandstorm|[upkeep]\n|-damage|p1a: Whimsicott|95/100|[from] Sandstorm\n|-damage|p2a: Rotom|12/100|[from] Sandstorm\n|-heal|p1b: Corviknight|99/100|[from] item: Leftovers\n|-heal|p2a: Rotom|18/100|[from] item: Leftovers\n|upkeep\n|turn|6\n|\n|t:|1776196144\n|move|p2a: Rotom|Protect|p2a: Rotom\n|-singleturn|p2a: Rotom|Protect\n|move|p1a: Whimsicott|Moonblast|p2a: Rotom\n|-activate|p2a: Rotom|move: Protect\n|move|p1b: Corviknight|Brave Bird|p2b: Tyranitar\n|-resisted|p2b: Tyranitar|1\n|-damage|p2b: Tyranitar|87/100\n|-damage|p1b: Corviknight|96/100|[from] Recoil\n|move|p2b: Tyranitar|Rock Slide|p1b: Corviknight|[spread] p1a,p1b\n|-damage|p1a: Whimsicott|46/100\n|-damage|p1b: Corviknight|89/100\n|\n|-weather|Sandstorm|[upkeep]\n|-damage|p1a: Whimsicott|40/100|[from] Sandstorm\n|-damage|p2a: Rotom|12/100|[from] Sandstorm\n|-heal|p1b: Corviknight|95/100|[from] item: Leftovers\n|-heal|p2a: Rotom|18/100|[from] item: Leftovers\n|upkeep\n|turn|7\n|\n|t:|1776196162\n|switch|p2a: Excadrill|Excadrill, L50, F|78/100\n|move|p1a: Whimsicott|Moonblast|p2a: Excadrill\n|-resisted|p2a: Excadrill|1\n|-damage|p2a: Excadrill|57/100\n|move|p1b: Corviknight|Body Press|p2b: Tyranitar\n|-supereffective|p2b: Tyranitar|2\n|-damage|p2b: Tyranitar|0 fnt\n|faint|p2b: Tyranitar\n|\n|-weather|Sandstorm|[upkeep]\n|-damage|p1a: Whimsicott|34/100|[from] Sandstorm\n|-heal|p1b: Corviknight|100/100|[from] item: Leftovers\n|upkeep\n|\n|t:|1776196169\n|switch|p2b: Whimsicott|Whimsicott, L50, F|100/100\n|turn|8\n|\n|t:|1776196180\n|move|p1a: Whimsicott|Protect|p1a: Whimsicott\n|-singleturn|p1a: Whimsicott|Protect\n|move|p1b: Corviknight|Protect|p1b: Corviknight\n|-singleturn|p1b: Corviknight|Protect\n|move|p2b: Whimsicott|Tailwind|p2b: Whimsicott\n|-sidestart|p2: crustle48|move: Tailwind\n|move|p2a: Excadrill|Rock Slide|p1a: Whimsicott|[spread] \n|-activate|p1a: Whimsicott|move: Protect\n|-activate|p1b: Corviknight|move: Protect\n|\n|-weather|none\n|-sideend|p1: ivanchur|move: Tailwind\n|upkeep\n|turn|9\n|\n|t:|1776196198\n|move|p2b: Whimsicott|Encore|p1b: Corviknight\n|-start|p1b: Corviknight|Encore\n|move|p1b: Corviknight|Protect||[still]\n|-fail|p1b: Corviknight\n|move|p1a: Whimsicott|Tailwind|p1a: Whimsicott\n|-sidestart|p1: ivanchur|move: Tailwind\n|move|p2a: Excadrill|Rock Slide|p1a: Whimsicott|[spread] p1a,p1b\n|-damage|p1a: Whimsicott|1/100\n|-damage|p1b: Corviknight|96/100\n|\n|-heal|p1b: Corviknight|100/100|[from] item: Leftovers\n|upkeep\n|turn|10\n|\n|t:|1776196215\n|switch|p1a: Rotom|Rotom-Wash, L50|100/100\n|move|p1b: Corviknight|Protect|p1b: Corviknight\n|-singleturn|p1b: Corviknight|Protect\n|move|p2b: Whimsicott|Encore||[still]\n|-fail|p2b: Whimsicott\n|move|p2a: Excadrill|Swords Dance|p2a: Excadrill\n|-boost|p2a: Excadrill|atk|2\n|\n|upkeep\n|turn|11\n|\n|t:|1776196226\n|move|p1b: Corviknight|Protect||[still]\n|-fail|p1b: Corviknight\n|move|p1a: Rotom|Hydro Pump|p2a: Excadrill|[miss]\n|-miss|p1a: Rotom|p2a: Excadrill\n|move|p2b: Whimsicott|Moonblast|p1a: Rotom\n|-damage|p1a: Rotom|52/100\n|move|p2a: Excadrill|Rock Slide|p1b: Corviknight|[spread] p1a,p1b\n|-damage|p1a: Rotom|0 fnt\n|-damage|p1b: Corviknight|91/100\n|faint|p1a: Rotom\n|\n|-heal|p1b: Corviknight|97/100|[from] item: Leftovers\n|-end|p1b: Corviknight|Encore\n|-sideend|p2: crustle48|move: Tailwind\n|upkeep\n|\n|t:|1776196233\n|switch|p1a: Whimsicott|Whimsicott, L50, M|1/100\n|turn|12\n|\n|t:|1776196245\n|move|p2b: Whimsicott|Encore|p1b: Corviknight\n|-start|p1b: Corviknight|Encore\n|move|p1b: Corviknight|Protect|p1b: Corviknight\n|-singleturn|p1b: Corviknight|Protect\n|move|p1a: Whimsicott|Moonblast|p2b: Whimsicott\n|-damage|p2b: Whimsicott|56/100\n|move|p2a: Excadrill|Rock Slide|p1b: Corviknight|[spread] \n|-activate|p1b: Corviknight|move: Protect\n|-miss|p2a: Excadrill|p1a: Whimsicott\n|\n|-heal|p1b: Corviknight|100/100|[from] item: Leftovers\n|-sideend|p1: ivanchur|move: Tailwind\n|upkeep\n|turn|13\n|\n|t:|1776196261\n|move|p1b: Corviknight|Protect||[still]\n|-fail|p1b: Corviknight\n|move|p2b: Whimsicott|Tailwind|p2b: Whimsicott\n|-sidestart|p2: crustle48|move: Tailwind\n|move|p2a: Excadrill|Rock Slide|p1a: Whimsicott|[spread] p1a,p1b\n|-damage|p1a: Whimsicott|0 fnt\n|-damage|p1b: Corviknight|91/100\n|faint|p1a: Whimsicott\n|\n|-heal|p1b: Corviknight|97/100|[from] item: Leftovers\n|upkeep\n|turn|14\n|-message|ivanchur forfeited.\n|\n|win|crustle48\n|raw|ivanchur's rating: 1104 &rarr; <strong>1082</strong><br />(-22 for losing)\n|raw|crustle48's rating: 1139 &rarr; <strong>1161</strong><br />(+22 for winning)\n|l|\u2606ivanchur\n|player|p1|\n",
  "uploadtime": 1776196285,
  "views": 26,
  "formatid": "gen9championsvgc2026regma",
  "rating": 1082,
  "private": 0,
  "password": null
}