{
  "id": "gen9championsvgc2026regma-2583236602",
  "format": "[Gen 9 Champions] VGC 2026 Reg M-A",
  "players": [
    "Novicebest",
    "amateur 27"
  ],
  "log": "|j|\u2606Novicebest\n|j|\u2606amateur 27\n|t:|1776158029\n|gametype|doubles\n|player|p1|Novicebest|dawn|1350\n|player|p2|amateur 27|265|1337\n|gen|9\n|tier|[Gen 9 Champions] VGC 2026 Reg M-A\n|rated|\n|rule|Species Clause: Limit one of each Pok\u00e9mon\n|rule|Item Clause: Limit 1 of each item\n|clearpoke\n|poke|p1|Kingambit, L50, F|\n|poke|p1|Gengar, L50, F|\n|poke|p1|Kommo-o, L50, M|\n|poke|p1|Politoed, L50, M|\n|poke|p1|Incineroar, L50, M|\n|poke|p1|Basculegion, L50, M|\n|poke|p2|Ninetales-Alola, L50, M|\n|poke|p2|Incineroar, L50, F|\n|poke|p2|Gardevoir, L50, F|\n|poke|p2|Sneasler, L50, F|\n|poke|p2|Kingambit, L50, F|\n|poke|p2|Dragonite, L50, M|\n|teampreview|4\n|inactive|Battle timer is ON: inactive players will automatically lose when time's up. (requested by Novicebest)\n|inactive|amateur 27 has 60 seconds left.\n|inactive|amateur 27 has 30 seconds left.\n|inactive|amateur 27 has 20 seconds left.\n|inactive|amateur 27 has 15 seconds left.\n|inactive|amateur 27 has 10 seconds left.\n|inactive|amateur 27 has 5 seconds left.\n|\n|t:|1776158125\n|teamsize|p1|4\n|teamsize|p2|4\n|start\n|switch|p1a: Kingambit|Kingambit, L50, F|100/100\n|switch|p1b: Gengar|Gengar, L50, F|100/100\n|switch|p2a: Sneasler|Sneasler, L50, F|100/100\n|switch|p2b: Incineroar|Incineroar, L50, F|100/100\n|-ability|p2b: Incineroar|Intimidate|boost\n|-unboost|p1a: Kingambit|atk|1\n|-ability|p1a: Kingambit|Defiant|boost\n|-boost|p1a: Kingambit|atk|2\n|-unboost|p1b: Gengar|atk|1\n|turn|1\n|\n|t:|1776158144\n|detailschange|p1b: Gengar|Gengar-Mega, L50, F\n|-mega|p1b: Gengar|Gengar|Gengarite\n|move|p1b: Gengar|Protect|p1b: Gengar\n|-singleturn|p1b: Gengar|Protect\n|move|p1a: Kingambit|Protect|p1a: Kingambit\n|-singleturn|p1a: Kingambit|Protect\n|move|p2b: Incineroar|Fake Out|p1a: Kingambit\n|-activate|p1a: Kingambit|move: Protect\n|move|p2a: Sneasler|Rock Tomb|p1b: Gengar\n|-activate|p1b: Gengar|move: Protect\n|\n|upkeep\n|turn|2\n|\n|t:|1776158162\n|move|p1a: Kingambit|Sucker Punch|p2a: Sneasler\n|-resisted|p2a: Sneasler|1\n|-damage|p2a: Sneasler|34/100\n|move|p1b: Gengar|Shadow Ball|p2a: Sneasler\n|-damage|p2a: Sneasler|0 fnt\n|faint|p2a: Sneasler\n|move|p2b: Incineroar|Flare Blitz|p1a: Kingambit\n|-supereffective|p1a: Kingambit|1\n|-damage|p1a: Kingambit|29/100\n|-damage|p2b: Incineroar|76/100|[from] Recoil\n|\n|upkeep\n|\n|t:|1776158170\n|switch|p2a: Kingambit|Kingambit, L50, F|100/100\n|turn|3\n|\n|t:|1776158187\n|switch|p1a: Politoed|Politoed, L50, M|100/100\n|-weather|RainDance|[from] ability: Drizzle|[of] p1a: Politoed\n|move|p1b: Gengar|Protect|p1b: Gengar\n|-singleturn|p1b: Gengar|Protect\n|move|p2b: Incineroar|Flare Blitz|p1a: Politoed\n|-resisted|p1a: Politoed|1\n|-damage|p1a: Politoed|87/100\n|-damage|p2b: Incineroar|72/100|[from] Recoil\n|move|p2a: Kingambit|Kowtow Cleave|p1b: Gengar\n|-activate|p1b: Gengar|move: Protect\n|\n|-weather|RainDance|[upkeep]\n|-heal|p1a: Politoed|93/100|[from] item: Leftovers\n|upkeep\n|turn|4\n|inactive|amateur 27 has 30 seconds left.\n|inactive|amateur 27 has 20 seconds left.\n|\n|t:|1776158227\n|move|p1b: Gengar|Disable|p2a: Kingambit\n|-start|p2a: Kingambit|Disable|Kowtow Cleave\n|move|p1a: Politoed|Encore|p2a: Kingambit\n|-start|p2a: Kingambit|Encore\n|move|p2b: Incineroar|Darkest Lariat|p1a: Politoed\n|-damage|p1a: Politoed|56/100\n|cant|p2a: Kingambit|Disable|Kowtow Cleave\n|\n|-weather|RainDance|[upkeep]\n|-heal|p1a: Politoed|62/100|[from] item: Leftovers\n|upkeep\n|turn|5\n|inactive|amateur 27 has 30 seconds left.\n|c|\u2606amateur 27|That's funny\n|\n|t:|1776158260\n|move|p1b: Gengar|Disable|p2b: Incineroar\n|-start|p2b: Incineroar|Disable|Darkest Lariat\n|move|p1a: Politoed|Encore|p2b: Incineroar\n|-start|p2b: Incineroar|Encore\n|cant|p2b: Incineroar|Disable|Darkest Lariat\n|-activate|p2a: Kingambit|move: Struggle\n|move|p2a: Kingambit|Struggle|p1b: Gengar\n|-damage|p1b: Gengar|78/100\n|-damage|p2a: Kingambit|75/100|[from] recoil\n|\n|-weather|RainDance|[upkeep]\n|-heal|p1a: Politoed|69/100|[from] item: Leftovers\n|upkeep\n|turn|6\n|inactive|Novicebest has 30 seconds left.\n|\n|t:|1776158286\n|move|p1a: Politoed|Protect|p1a: Politoed\n|-singleturn|p1a: Politoed|Protect\n|move|p1b: Gengar|Perish Song|p1b: Gengar\n|-start|p1a: Politoed|perish3|[silent]\n|-start|p1b: Gengar|perish3|[silent]\n|-start|p2a: Kingambit|perish3|[silent]\n|-start|p2b: Incineroar|perish3|[silent]\n|-fieldactivate|move: Perish Song\n|-activate|p2b: Incineroar|move: Struggle\n|move|p2b: Incineroar|Struggle|p1a: Politoed\n|-activate|p1a: Politoed|move: Protect\n|-activate|p2a: Kingambit|move: Struggle\n|move|p2a: Kingambit|Struggle|p1a: Politoed\n|-activate|p1a: Politoed|move: Protect\n|\n|-weather|RainDance|[upkeep]\n|-heal|p1a: Politoed|75/100|[from] item: Leftovers\n|-end|p2a: Kingambit|Encore\n|-start|p1b: Gengar|perish3\n|-start|p1a: Politoed|perish3\n|-start|p2b: Incineroar|perish3\n|-start|p2a: Kingambit|perish3\n|upkeep\n|turn|7\n|inactive|Novicebest has 30 seconds left.\n|inactive|amateur 27 has 30 seconds left.\n|\n|t:|1776158319\n|switch|p1a: Incineroar|Incineroar, L50, M|100/100\n|-ability|p1a: Incineroar|Intimidate|boost\n|-unboost|p2a: Kingambit|atk|1\n|-ability|p2a: Kingambit|Defiant|boost\n|-boost|p2a: Kingambit|atk|2\n|-unboost|p2b: Incineroar|atk|1\n|move|p1b: Gengar|Protect|p1b: Gengar\n|-singleturn|p1b: Gengar|Protect\n|move|p2a: Kingambit|Protect|p2a: Kingambit\n|-singleturn|p2a: Kingambit|Protect\n|-activate|p2b: Incineroar|move: Struggle\n|move|p2b: Incineroar|Struggle|p1b: Gengar\n|-activate|p1b: Gengar|move: Protect\n|\n|-weather|none\n|-end|p2b: Incineroar|Encore\n|-end|p2a: Kingambit|Disable\n|-start|p1b: Gengar|perish2\n|-start|p2b: Incineroar|perish2\n|-start|p2a: Kingambit|perish2\n|upkeep\n|turn|8\n|inactive|Novicebest has 30 seconds left.\n|inactive|Novicebest has 20 seconds left.\n|inactive|Novicebest has 15 seconds left.\n|\n|t:|1776158363\n|move|p1a: Incineroar|Fake Out|p2a: Kingambit\n|-resisted|p2a: Kingambit|1\n|-damage|p2a: Kingambit|71/100\n|cant|p2a: Kingambit|flinch\n|move|p1b: Gengar|Disable||[still]\n|-fail|p1b: Gengar\n|move|p2b: Incineroar|Parting Shot|p1a: Incineroar\n|-unboost|p1a: Incineroar|atk|1\n|-unboost|p1a: Incineroar|spa|1\n|\n|t:|1776158374\n|switch|p2b: Gardevoir|Gardevoir, L50, F|100/100|[from] Parting Shot\n|\n|-start|p1b: Gengar|perish1\n|-start|p2a: Kingambit|perish1\n|upkeep\n|turn|9\n|\n|t:|1776158397\n|switch|p1b: Kingambit|Kingambit, L50, F|29/100\n|detailschange|p2b: Gardevoir|Gardevoir-Mega, L50, F\n|-mega|p2b: Gardevoir|Gardevoir|Gardevoirite\n|move|p1a: Incineroar|Protect|p1a: Incineroar\n|-singleturn|p1a: Incineroar|Protect\n|move|p2b: Gardevoir|Hyper Voice|p1b: Kingambit|[spread] p1b\n|-activate|p1a: Incineroar|move: Protect\n|-damage|p1b: Kingambit|0 fnt\n|faint|p1b: Kingambit\n|move|p2a: Kingambit|Kowtow Cleave|p1a: Incineroar\n|-activate|p1a: Incineroar|move: Protect\n|\n|-start|p2a: Kingambit|perish0\n|faint|p2a: Kingambit\n|upkeep\n|\n|t:|1776158415\n|switch|p1b: Gengar|Gengar-Mega, L50, F|78/100\n|switch|p2a: Incineroar|Incineroar, L50, F|72/100\n|-ability|p2a: Incineroar|Intimidate|boost\n|-unboost|p1a: Incineroar|atk|1\n|-unboost|p1b: Gengar|atk|1\n|turn|10\n|\n|t:|1776158440\n|move|p1b: Gengar|Perish Song|p1b: Gengar\n|-start|p1a: Incineroar|perish3|[silent]\n|-start|p1b: Gengar|perish3|[silent]\n|-start|p2a: Incineroar|perish3|[silent]\n|-start|p2b: Gardevoir|perish3|[silent]\n|-fieldactivate|move: Perish Song\n|move|p2b: Gardevoir|Hyper Voice|p1a: Incineroar|[spread] p1a,p1b\n|-resisted|p1b: Gengar|1\n|-damage|p1a: Incineroar|44/100\n|-damage|p1b: Gengar|45/100\n|-enditem|p1a: Incineroar|Sitrus Berry|[eat]\n|-heal|p1a: Incineroar|69/100|[from] item: Sitrus Berry\n|move|p1a: Incineroar|Parting Shot|p2b: Gardevoir\n|-unboost|p2b: Gardevoir|atk|1\n|-unboost|p2b: Gardevoir|spa|1\n|\n|t:|1776158450\n|switch|p1a: Politoed|Politoed, L50, M|75/100|[from] Parting Shot\n|-weather|RainDance|[from] ability: Drizzle|[of] p1a: Politoed\n|move|p2a: Incineroar|Darkest Lariat|p1b: Gengar\n|-supereffective|p1b: Gengar|1\n|-damage|p1b: Gengar|0 fnt\n|faint|p1b: Gengar\n|\n|-weather|RainDance|[upkeep]\n|-heal|p1a: Politoed|81/100|[from] item: Leftovers\n|-start|p2b: Gardevoir|perish3\n|-start|p2a: Incineroar|perish3\n|upkeep\n|\n|t:|1776158464\n|switch|p1b: Incineroar|Incineroar, L50, M|69/100\n|-ability|p1b: Incineroar|Intimidate|boost\n|-unboost|p2a: Incineroar|atk|1\n|-unboost|p2b: Gardevoir|atk|1\n|turn|11\n|\n|t:|1776158481\n|move|p2b: Gardevoir|Protect|p2b: Gardevoir\n|-singleturn|p2b: Gardevoir|Protect\n|move|p1b: Incineroar|Fake Out|p2b: Gardevoir\n|-activate|p2b: Gardevoir|move: Protect\n|move|p1a: Politoed|Weather Ball|p2a: Incineroar\n|-supereffective|p2a: Incineroar|1\n|-damage|p2a: Incineroar|0 fnt\n|faint|p2a: Incineroar\n|\n|-weather|RainDance|[upkeep]\n|-heal|p1a: Politoed|87/100|[from] item: Leftovers\n|-start|p2b: Gardevoir|perish2\n|upkeep\n|turn|12\n|\n|t:|1776158497\n|move|p1a: Politoed|Protect|p1a: Politoed\n|-singleturn|p1a: Politoed|Protect\n|move|p1b: Incineroar|Protect|p1b: Incineroar\n|-singleturn|p1b: Incineroar|Protect\n|move|p2b: Gardevoir|Hyper Voice|p1b: Incineroar|[spread] \n|-activate|p1a: Politoed|move: Protect\n|-activate|p1b: Incineroar|move: Protect\n|\n|-weather|RainDance|[upkeep]\n|-heal|p1a: Politoed|93/100|[from] item: Leftovers\n|-start|p2b: Gardevoir|perish1\n|upkeep\n|turn|13\n|\n|t:|1776158512\n|move|p2b: Gardevoir|Hyper Voice|p1a: Politoed|[spread] p1a,p1b\n|-damage|p1a: Politoed|68/100\n|-damage|p1b: Incineroar|36/100\n|move|p1a: Politoed|Weather Ball|p2b: Gardevoir\n|-damage|p2b: Gardevoir|52/100\n|move|p1b: Incineroar|Parting Shot|p2b: Gardevoir\n|-unboost|p2b: Gardevoir|atk|1\n|-unboost|p2b: Gardevoir|spa|1\n|\n|-weather|RainDance|[upkeep]\n|-heal|p1a: Politoed|74/100|[from] item: Leftovers\n|-start|p2b: Gardevoir|perish0\n|upkeep\n|faint|p2b: Gardevoir\n|\n|win|Novicebest\n|raw|Novicebest's rating: 1350 &rarr; <strong>1369</strong><br />(+19 for winning)\n|raw|amateur 27's rating: 1337 &rarr; <strong>1318</strong><br />(-19 for losing)\n",
  "uploadtime": 1776158526,
  "views": 43,
  "formatid": "gen9championsvgc2026regma",
  "rating": 1318,
  "private": 0,
  "password": null
}