{
  "id": "gen9championsvgc2026regma-2587430677",
  "format": "[Gen 9 Champions] VGC 2026 Reg M-A",
  "players": [
    "F0XYN",
    "themegaisiug"
  ],
  "log": "|j|\u2606F0XYN\n|j|\u2606themegaisiug\n|t:|1776531182\n|gametype|doubles\n|player|p1|F0XYN|169|1180\n|player|p2|themegaisiug|boarder|1185\n|gen|9\n|tier|[Gen 9 Champions] VGC 2026 Reg M-A\n|rated|\n|rule|Species Clause: Limit one of each Pok\u00e9mon\n|rule|Item Clause: Limit 1 of each item\n|clearpoke\n|poke|p1|Excadrill, L50, F, shiny|\n|poke|p1|Tyranitar, L50, M, shiny|\n|poke|p1|Rotom-Wash, L50, shiny|\n|poke|p1|Sneasler, L50, F, shiny|\n|poke|p1|Dragapult, L50, F, shiny|\n|poke|p1|Meganium, L50, F, shiny|\n|poke|p2|Floette-Eternal, L50, F|\n|poke|p2|Garchomp, L50, M|\n|poke|p2|Sneasler, L50, F|\n|poke|p2|Rotom-Wash, L50|\n|poke|p2|Aerodactyl, L50, M|\n|poke|p2|Incineroar, L50, F|\n|teampreview|4\n|inactive|Battle timer is ON: inactive players will automatically lose when time's up. (requested by F0XYN)\n|inactive|F0XYN has 60 seconds left.\n|inactive|F0XYN has 30 seconds left.\n|\n|t:|1776531247\n|teamsize|p1|4\n|teamsize|p2|4\n|start\n|switch|p1a: Sneasler|Sneasler, L50, F, shiny|100/100\n|switch|p1b: Rotom|Rotom-Wash, L50, shiny|100/100\n|switch|p2a: Rotom|Rotom-Wash, L50|100/100\n|switch|p2b: Sneasler|Sneasler, L50, F|100/100\n|turn|1\n|c|\u2606themegaisiug|LOL\n|inactive|themegaisiug has 30 seconds left.\n|inactive|F0XYN has 30 seconds left.\n|inactive|themegaisiug has 20 seconds left.\n|inactive|themegaisiug has 15 seconds left.\n|\n|t:|1776531288\n|move|p1a: Sneasler|Fake Out|p2b: Sneasler\n|-crit|p2b: Sneasler\n|-damage|p2b: Sneasler|69/100\n|move|p2a: Rotom|Volt Switch|p1a: Sneasler\n|-crit|p1a: Sneasler\n|-damage|p1a: Sneasler|52/100\n|\n|t:|1776531293\n|switch|p2a: Incineroar|Incineroar, L50, F|100/100|[from] Volt Switch\n|-ability|p2a: Incineroar|Intimidate|boost\n|-unboost|p1a: Sneasler|atk|1\n|-unboost|p1b: Rotom|atk|1\n|-enditem|p1a: Sneasler|White Herb\n|-clearnegativeboost|p1a: Sneasler|[silent]\n|cant|p2b: Sneasler|flinch\n|move|p1b: Rotom|Volt Switch|p2b: Sneasler\n|-damage|p2b: Sneasler|27/100\n|\n|t:|1776531297\n|switch|p1b: Dragapult|Dragapult, L50, F, shiny|100/100|[from] Volt Switch\n|\n|upkeep\n|turn|2\n|\n|t:|1776531316\n|switch|p2b: Rotom|Rotom-Wash, L50|100/100\n|move|p1a: Sneasler|Protect|p1a: Sneasler\n|-singleturn|p1a: Sneasler|Protect\n|move|p1b: Dragapult|Dragon Darts|p2b: Rotom\n|-damage|p2b: Rotom|75/100\n|-anim|p1b: Dragapult|Dragon Darts|p2a: Incineroar\n|-damage|p2a: Incineroar|82/100\n|move|p2a: Incineroar|Flare Blitz|p1a: Sneasler\n|-activate|p1a: Sneasler|move: Protect\n|\n|upkeep\n|turn|3\n|\n|t:|1776531340\n|move|p1a: Sneasler|Close Combat|p2a: Incineroar\n|-supereffective|p2a: Incineroar|1\n|-damage|p2a: Incineroar|0 fnt\n|-unboost|p1a: Sneasler|def|1\n|-unboost|p1a: Sneasler|spd|1\n|faint|p2a: Incineroar\n|move|p2b: Rotom|Electroweb|p1a: Sneasler|[spread] p1a,p1b\n|-resisted|p1b: Dragapult|1\n|-damage|p1a: Sneasler|22/100\n|-damage|p1b: Dragapult|91/100\n|-unboost|p1a: Sneasler|spe|1\n|move|p1b: Dragapult|Dragon Darts|p2b: Rotom\n|-damage|p2b: Rotom|46/100\n|-anim|p1b: Dragapult|Dragon Darts|p2b: Rotom\n|-crit|p2b: Rotom\n|-damage|p2b: Rotom|7/100\n|\n|upkeep\n|\n|t:|1776531345\n|switch|p2a: Floette|Floette-Eternal, L50, F|100/100\n|turn|4\n|inactive|F0XYN has 30 seconds left.\n|\n|t:|1776531377\n|detailschange|p2a: Floette|Floette-Mega, L50, F\n|-mega|p2a: Floette|Floette|Floettite\n|-ability|p2a: Floette|Fairy Aura\n|move|p2b: Rotom|Electroweb|p1a: Sneasler|[spread] p1a,p1b\n|-resisted|p1b: Dragapult|1\n|-damage|p1a: Sneasler|0 fnt\n|-damage|p1b: Dragapult|80/100\n|faint|p1a: Sneasler\n|move|p1b: Dragapult|Phantom Force||[still]\n|-prepare|p1b: Dragapult|Phantom Force\n|move|p2a: Floette|Dazzling Gleam|p1b: Dragapult|[miss]\n|-miss|p2a: Floette|p1b: Dragapult\n|\n|upkeep\n|\n|t:|1776531388\n|switch|p1a: Meganium|Meganium, L50, F, shiny|100/100\n|turn|5\n|\n|t:|1776531394\n|detailschange|p1a: Meganium|Meganium-Mega, L50, F, shiny\n|-mega|p1a: Meganium|Meganium|Meganiumite\n|move|p2a: Floette|Protect|p2a: Floette\n|-singleturn|p2a: Floette|Protect\n|move|p2b: Rotom|Electroweb|p1a: Meganium|[spread] p1a\n|-miss|p2b: Rotom|p1b: Dragapult\n|-resisted|p1a: Meganium|1\n|-damage|p1a: Meganium|94/100\n|-unboost|p1a: Meganium|spe|1\n|move|p1b: Dragapult|Phantom Force|p2a: Floette|[from] lockedmove\n|-activate|p2a: Floette|move: Phantom Force|[broken]\n|-damage|p2a: Floette|59/100\n|move|p1a: Meganium|Dazzling Gleam|p2b: Rotom|[spread] p2a,p2b\n|-damage|p2a: Floette|25/100\n|-damage|p2b: Rotom|0 fnt\n|faint|p2b: Rotom\n|\n|upkeep\n|\n|t:|1776531408\n|switch|p2b: Sneasler|Sneasler, L50, F|27/100\n|turn|6\n|\n|t:|1776531423\n|move|p1b: Dragapult|Protect|p1b: Dragapult\n|-singleturn|p1b: Dragapult|Protect\n|move|p1a: Meganium|Protect|p1a: Meganium\n|-singleturn|p1a: Meganium|Protect\n|move|p2b: Sneasler|Dire Claw|p1a: Meganium\n|-activate|p1a: Meganium|move: Protect\n|move|p2a: Floette|Dazzling Gleam|p1b: Dragapult|[spread] \n|-activate|p1a: Meganium|move: Protect\n|-activate|p1b: Dragapult|move: Protect\n|\n|upkeep\n|turn|7\n|\n|t:|1776531443\n|move|p1b: Dragapult|Dragon Darts|p2b: Sneasler\n|-damage|p2b: Sneasler|0 fnt\n|faint|p2b: Sneasler\n|move|p2a: Floette|Dazzling Gleam|p1a: Meganium|[spread] p1a,p1b\n|-supereffective|p1b: Dragapult|1\n|-damage|p1a: Meganium|56/100\n|-damage|p1b: Dragapult|0 fnt\n|faint|p1b: Dragapult\n|move|p1a: Meganium|Dazzling Gleam|p2a: Floette\n|-damage|p2a: Floette|0 fnt\n|faint|p2a: Floette\n|\n|win|F0XYN\n|raw|F0XYN's rating: 1180 &rarr; <strong>1205</strong><br />(+25 for winning)\n|raw|themegaisiug's rating: 1185 &rarr; <strong>1160</strong><br />(-25 for losing)\n|l|\u2606themegaisiug\n|player|p2|\n",
  "uploadtime": 1776531449,
  "views": 15,
  "formatid": "gen9championsvgc2026regma",
  "rating": 1160,
  "private": 0,
  "password": null
}