{
  "id": "gen9championsvgc2026regma-2580866871",
  "format": "[Gen 9 Champions] VGC 2026 Reg M-A",
  "players": [
    "Jah_08",
    "JacobClone"
  ],
  "log": "|j|\u2606Jah_08\n|j|\u2606JacobClone\n|t:|1775938971\n|gametype|doubles\n|player|p1|Jah_08|2|1070\n|player|p2|JacobClone|chili|1000\n|gen|9\n|tier|[Gen 9 Champions] VGC 2026 Reg M-A\n|rated|\n|rule|Species Clause: Limit one of each Pok\u00e9mon\n|rule|Item Clause: Limit 1 of each item\n|clearpoke\n|poke|p1|Vanilluxe, L50, M|\n|poke|p1|Krookodile, L50, F|\n|poke|p1|Chandelure, L50, F|\n|poke|p1|Whimsicott, L50, F|\n|poke|p1|Conkeldurr, L50, F|\n|poke|p1|Zoroark-Hisui, L50, M|\n|poke|p2|Armarouge, L50, M|\n|poke|p2|Torkoal, L50, F|\n|poke|p2|Meganium, L50, F|\n|poke|p2|Meowstic, L50, M|\n|poke|p2|Kingambit, L50, M|\n|poke|p2|Incineroar, L50, F|\n|teampreview|4\nJacobClone rejected open team sheets.\n|c|\u2606JacobClone|Hey\n|c|\u2606JacobClone|First time playing VGC\n|c|\u2606JacobClone|Very excited\n|\n|t:|1775939022\n|teamsize|p1|4\n|teamsize|p2|4\n|start\n|switch|p1a: Chandelure|Chandelure, L50, F|100/100\n|switch|p1b: Krookodile|Krookodile, L50, F|100/100\n|switch|p2a: Armarouge|Armarouge, L50, M|100/100\n|switch|p2b: Torkoal|Torkoal, L50, F|100/100\n|-ability|p1b: Krookodile|Intimidate|boost\n|-unboost|p2a: Armarouge|atk|1\n|-unboost|p2b: Torkoal|atk|1\n|-weather|SunnyDay|[from] ability: Drought|[of] p2b: Torkoal\n|turn|1\n|\n|t:|1775939059\n|move|p1a: Chandelure|Shadow Ball|p2a: Armarouge\n|-supereffective|p2a: Armarouge|1\n|-damage|p2a: Armarouge|6/100\n|move|p1b: Krookodile|Rock Slide|p2a: Armarouge|[spread] p2a,p2b\n|-supereffective|p2a: Armarouge|1\n|-supereffective|p2b: Torkoal|1\n|-crit|p2b: Torkoal\n|-damage|p2a: Armarouge|0 fnt\n|-damage|p2b: Torkoal|58/100\n|faint|p2a: Armarouge\n|move|p2b: Torkoal|Lava Plume|p1a: Chandelure|[spread] p1b\n|-start|p1a: Chandelure|ability: Flash Fire\n|-damage|p1b: Krookodile|44/100\n|\n|-weather|SunnyDay|[upkeep]\n|upkeep\n|c|\u2606JacobClone|uh oh\n|\n|t:|1775939076\n|switch|p2a: Meganium|Meganium, L50, F|100/100\n|turn|2\n|\n|t:|1775939102\n|move|p1b: Krookodile|Protect|p1b: Krookodile\n|-singleturn|p1b: Krookodile|Protect\n|move|p2a: Meganium|Protect|p2a: Meganium\n|-singleturn|p2a: Meganium|Protect\n|move|p1a: Chandelure|Shadow Ball|p2a: Meganium\n|-activate|p2a: Meganium|move: Protect\n|move|p2b: Torkoal|Scorching Sands|p1a: Chandelure\n|-supereffective|p1a: Chandelure|1\n|-damage|p1a: Chandelure|40/100\n|\n|-weather|SunnyDay|[upkeep]\n|upkeep\n|turn|3\n|inactive|Battle timer is ON: inactive players will automatically lose when time's up. (requested by Jah_08)\n|\n|t:|1775939190\n|move|p1a: Chandelure|Shadow Ball|p2a: Meganium\n|-damage|p2a: Meganium|57/100\n|move|p1b: Krookodile|High Horsepower|p2b: Torkoal|[miss]\n|-miss|p1b: Krookodile|p2b: Torkoal\n|move|p2a: Meganium|Solar Beam||[still]\n|-prepare|p2a: Meganium|Solar Beam\n|-anim|p2a: Meganium|Solar Beam|p1b: Krookodile\n|-supereffective|p1b: Krookodile|1\n|-damage|p1b: Krookodile|0 fnt\n|faint|p1b: Krookodile\n|move|p2b: Torkoal|Scorching Sands|p1a: Chandelure\n|-supereffective|p1a: Chandelure|1\n|-damage|p1a: Chandelure|0 fnt\n|faint|p1a: Chandelure\n|\n|-weather|SunnyDay|[upkeep]\n|upkeep\n|\n|t:|1775939209\n|switch|p1b: Conkeldurr|Conkeldurr, L50, F|100/100\n|switch|p1a: Conkeldurr|Conkeldurr, L50, F|100/100\n|turn|4\n|\n|t:|1775939223\n|move|p1a: Conkeldurr|Sludge Bomb|p2a: Meganium\n|-supereffective|p2a: Meganium|1\n|-damage|p2a: Meganium|0 fnt\n|faint|p2a: Meganium\n|move|p1b: Conkeldurr|Drain Punch|p2b: Torkoal\n|-damage|p2b: Torkoal|15/100\n|move|p2b: Torkoal|Yawn|p1a: Conkeldurr\n|-start|p1a: Conkeldurr|move: Yawn|[of] p2b: Torkoal\n|\n|-weather|SunnyDay|[upkeep]\n|upkeep\n|\n|t:|1775939233\n|switch|p2a: Kingambit|Kingambit, L50, M|100/100\n|-activate|p2a: Kingambit|ability: Supreme Overlord\n|-start|p2a: Kingambit|fallen2|[silent]\n|turn|5\n|inactive|Jah_08 has 30 seconds left.\n|\n|t:|1775939260\n|move|p1a: Conkeldurr|Bitter Malice|p2b: Torkoal\n|-damage|p2b: Torkoal|0 fnt\n|faint|p2b: Torkoal\n|move|p1b: Conkeldurr|Drain Punch|p2a: Kingambit\n|-supereffective|p2a: Kingambit|2\n|-damage|p2a: Kingambit|0 fnt\n|faint|p2a: Kingambit\n|-end|p2a: Kingambit|fallen2|[silent]\n|\n|win|Jah_08\n|raw|Jah_08's rating: 1070 &rarr; <strong>1094</strong><br />(+24 for winning)\n|raw|JacobClone's rating: 1000 &rarr; <strong>1000</strong><br />(+0 for losing)\n|l|\u2606JacobClone\n|player|p2|\n",
  "uploadtime": 1775939272,
  "views": 13,
  "formatid": "gen9championsvgc2026regma",
  "rating": 1000,
  "private": 0,
  "password": null
}