{
  "id": "gen9championsvgc2026regma-2582882881",
  "format": "[Gen 9 Champions] VGC 2026 Reg M-A",
  "players": [
    "Twat24",
    "Scrubby009"
  ],
  "log": "|j|\u2606Twat24\n|j|\u2606Scrubby009\n|t:|1776121784\n|gametype|doubles\n|player|p1|Twat24|clair|1135\n|player|p2|Scrubby009|skyla|1217\n|gen|9\n|tier|[Gen 9 Champions] VGC 2026 Reg M-A\n|rated|\n|rule|Species Clause: Limit one of each Pok\u00e9mon\n|rule|Item Clause: Limit 1 of each item\n|clearpoke\n|poke|p1|Whimsicott, L50, M|\n|poke|p1|Garchomp, L50, F|\n|poke|p1|Sneasler, L50, M|\n|poke|p1|Incineroar, L50, F|\n|poke|p1|Charizard, L50, F|\n|poke|p1|Venusaur, L50, F|\n|poke|p2|Torkoal, L50, M|\n|poke|p2|Crabominable, L50, M|\n|poke|p2|Sinistcha, L50|\n|poke|p2|Lopunny, L50, F|\n|poke|p2|Incineroar, L50, M|\n|poke|p2|Gallade, L50, M|\n|teampreview|4\n|c|\u2606Scrubby009|glhf\n|inactive|Battle timer is ON: inactive players will automatically lose when time's up. (requested by Twat24)\n|c|\u2606Twat24|glhf\n|\n|t:|1776121826\n|teamsize|p1|4\n|teamsize|p2|4\n|start\n|switch|p1a: Garchomp|Garchomp, L50, F, shiny|100/100\n|switch|p1b: Charizard|Charizard, L50, F, shiny|100/100\n|switch|p2a: Happy|Crabominable, L50, M|100/100\n|switch|p2b: Elbow Grease|Gallade, L50, M|100/100\n|turn|1\n|\n|t:|1776121836\n|detailschange|p1b: Charizard|Charizard-Mega-Y, L50, F, shiny\n|-mega|p1b: Charizard|Charizard|Charizardite Y\n|-weather|SunnyDay|[from] ability: Drought|[of] p1b: Charizard\n|detailschange|p2a: Happy|Crabominable-Mega, L50, M\n|-mega|p2a: Happy|Crabominable|Crabominite\n|move|p2b: Elbow Grease|Wide Guard|p2b: Elbow Grease\n|-singleturn|p2b: Elbow Grease|Wide Guard\n|move|p1a: Garchomp|Earthquake|p2a: Happy|[spread] \n|-activate|p2a: Happy|move: Wide Guard\n|-activate|p2b: Elbow Grease|move: Wide Guard\n|-immune|p1b: Charizard\n|move|p1b: Charizard|Heat Wave|p2b: Elbow Grease|[spread] \n|-activate|p2a: Happy|move: Wide Guard\n|-activate|p2b: Elbow Grease|move: Wide Guard\n|move|p2a: Happy|Ice Punch|p1a: Garchomp\n|-supereffective|p1a: Garchomp|2\n|-enditem|p1a: Garchomp|Yache Berry|[eat]\n|-enditem|p1a: Garchomp|Yache Berry|[weaken]\n|-damage|p1a: Garchomp|0 fnt\n|-damage|p2a: Happy|88/100|[from] ability: Rough Skin|[of] p1a: Garchomp\n|faint|p1a: Garchomp\n|\n|-weather|SunnyDay|[upkeep]\n|upkeep\n|\n|t:|1776121859\n|switch|p1a: Venusaur|Venusaur, L50, F, shiny|100/100\n|turn|2\n|inactive|Scrubby009 has 30 seconds left.\n|inactive|Scrubby009 has 20 seconds left.\n|inactive|Scrubby009 has 15 seconds left.\n|inactive|Scrubby009 has 10 seconds left.\n|\n|t:|1776121906\n|switch|p2b: Torkoal|Torkoal, L50, M|100/100\n|move|p1a: Venusaur|Weather Ball|p2a: Happy\n|-supereffective|p2a: Happy|1\n|-damage|p2a: Happy|2/100\n|move|p1b: Charizard|Weather Ball|p2a: Happy\n|-supereffective|p2a: Happy|1\n|-damage|p2a: Happy|0 fnt\n|faint|p2a: Happy\n|\n|-weather|SunnyDay|[upkeep]\n|upkeep\n|\n|t:|1776121915\n|switch|p2a: Elbow Grease|Gallade, L50, M|100/100\n|turn|3\n|\n|t:|1776121926\n|move|p2b: Torkoal|Protect|p2b: Torkoal\n|-singleturn|p2b: Torkoal|Protect\n|move|p1a: Venusaur|Sleep Powder|p2b: Torkoal\n|-activate|p2b: Torkoal|move: Protect\n|move|p1b: Charizard|Weather Ball|p2a: Elbow Grease\n|-damage|p2a: Elbow Grease|3/100\n|move|p2a: Elbow Grease|Trick Room|p2a: Elbow Grease\n|-fieldstart|move: Trick Room|[of] p2a: Elbow Grease\n|\n|-weather|SunnyDay|[upkeep]\n|upkeep\n|turn|4\n|inactive|Twat24 has 30 seconds left.\n|inactive|Scrubby009 has 30 seconds left.\n|\n|t:|1776121954\n|move|p1a: Venusaur|Protect|p1a: Venusaur\n|-singleturn|p1a: Venusaur|Protect\n|move|p2b: Torkoal|Eruption|p1b: Charizard|[spread] p1b\n|-activate|p1a: Venusaur|move: Protect\n|-resisted|p1b: Charizard|1\n|-damage|p1b: Charizard|62/100\n|move|p2a: Elbow Grease|Psycho Cut|p1b: Charizard\n|-crit|p1b: Charizard\n|-damage|p1b: Charizard|0 fnt\n|faint|p1b: Charizard\n|\n|-weather|SunnyDay|[upkeep]\n|upkeep\n|\n|t:|1776121964\n|switch|p1b: Incineroar|Incineroar, L50, F, shiny|100/100\n|-ability|p1b: Incineroar|Intimidate|boost\n|-unboost|p2a: Elbow Grease|atk|1\n|-unboost|p2b: Torkoal|atk|1\n|-enditem|p2a: Elbow Grease|White Herb\n|-clearnegativeboost|p2a: Elbow Grease|[silent]\n|turn|5\n|\n|t:|1776121982\n|move|p1b: Incineroar|Fake Out|p2a: Elbow Grease\n|-damage|p2a: Elbow Grease|0 fnt\n|faint|p2a: Elbow Grease\n|move|p2b: Torkoal|Eruption|p1b: Incineroar|[spread] p1a,p1b\n|-supereffective|p1a: Venusaur|1\n|-resisted|p1b: Incineroar|1\n|-damage|p1a: Venusaur|0 fnt\n|-damage|p1b: Incineroar|69/100\n|faint|p1a: Venusaur\n|\n|-weather|none\n|upkeep\n|\n|t:|1776121991\n|switch|p2a: Tea Time|Sinistcha, L50|100/100\n|turn|6\n|\n|t:|1776122004\n|move|p2b: Torkoal|Eruption|p1b: Incineroar\n|-resisted|p1b: Incineroar|1\n|-damage|p1b: Incineroar|40/100\n|-enditem|p1b: Incineroar|Sitrus Berry|[eat]\n|-heal|p1b: Incineroar|64/100|[from] item: Sitrus Berry\n|move|p1b: Incineroar|Flare Blitz|p2a: Tea Time\n|-supereffective|p2a: Tea Time|1\n|-damage|p2a: Tea Time|8/100\n|-damage|p1b: Incineroar|38/100|[from] Recoil\n|move|p2a: Tea Time|Matcha Gotcha|p1b: Incineroar\n|-resisted|p1b: Incineroar|1\n|-damage|p1b: Incineroar|26/100\n|-heal|p2a: Tea Time|15/100|[from] drain|[of] p1b: Incineroar\n|\n|-heal|p2a: Tea Time|22/100|[from] item: Leftovers\n|upkeep\n|turn|7\n|\n|t:|1776122022\n|move|p2b: Torkoal|Eruption|p1b: Incineroar\n|-resisted|p1b: Incineroar|1\n|-damage|p1b: Incineroar|0 fnt\n|faint|p1b: Incineroar\n|\n|win|Scrubby009\n|raw|Twat24's rating: 1135 &rarr; <strong>1116</strong><br />(-19 for losing)\n|raw|Scrubby009's rating: 1217 &rarr; <strong>1236</strong><br />(+19 for winning)\n|l|\u2606Twat24\n|player|p1|\n",
  "uploadtime": 1776122439,
  "views": 23,
  "formatid": "gen9championsvgc2026regma",
  "rating": 1116,
  "private": 0,
  "password": null
}