{
  "id": "gen9championsvgc2026regma-2583043061",
  "format": "[Gen 9 Champions] VGC 2026 Reg M-A",
  "players": [
    "bluejayx2",
    "Nurani016"
  ],
  "log": "|j|\u203dbluejayx2\n|j|\u2606Nurani016\n|t:|1776136050\n|gametype|doubles\n|player|p1|bluejayx2|marley|1072\n|player|p2|Nurani016|gentleman-gen4|1026\n|gen|9\n|tier|[Gen 9 Champions] VGC 2026 Reg M-A\n|rated|\n|rule|Species Clause: Limit one of each Pok\u00e9mon\n|rule|Item Clause: Limit 1 of each item\n|clearpoke\n|poke|p1|Beedrill, L50, F|\n|poke|p1|Rotom-Wash, L50|\n|poke|p1|Clefable, L50, F|\n|poke|p1|Aerodactyl, L50, F|\n|poke|p1|Chandelure, L50, F|\n|poke|p1|Milotic, L50, F|\n|poke|p2|Charizard, L50, M|\n|poke|p2|Venusaur, L50, F|\n|poke|p2|Garchomp, L50, M|\n|poke|p2|Incineroar, L50, F|\n|poke|p2|Whimsicott, L50, F|\n|poke|p2|Kingambit, L50, F|\n|teampreview|4\n|inactive|Battle timer is ON: inactive players will automatically lose when time's up. (requested by bluejayx2)\n|inactive|bluejayx2 has 60 seconds left.\n|inactive|Nurani016 has 60 seconds left.\n|\n|t:|1776136088\n|teamsize|p1|4\n|teamsize|p2|4\n|start\n|switch|p1a: Aerodactyl|Aerodactyl, L50, F, shiny|100/100\n|switch|p1b: Rotom|Rotom-Wash, L50|100/100\n|switch|p2a: Venusaur|Venusaur, L50, F|100/100\n|switch|p2b: Charizard|Charizard, L50, M|100/100\n|-ability|p1a: Aerodactyl|Unnerve\n|turn|1\n|inactive|Nurani016 has 30 seconds left.\n|\n|t:|1776136120\n|detailschange|p2b: Charizard|Charizard-Mega-Y, L50, M\n|-mega|p2b: Charizard|Charizard|Charizardite Y\n|-weather|SunnyDay|[from] ability: Drought|[of] p2b: Charizard\n|move|p2b: Charizard|Protect|p2b: Charizard\n|-singleturn|p2b: Charizard|Protect\n|move|p1a: Aerodactyl|Tailwind|p1a: Aerodactyl\n|-sidestart|p1: bluejayx2|move: Tailwind\n|move|p1b: Rotom|Electric Terrain|p1b: Rotom\n|-fieldstart|move: Electric Terrain\n|move|p2a: Venusaur|Energy Ball|p1a: Aerodactyl\n|-damage|p1a: Aerodactyl|55/100\n|\n|-weather|SunnyDay|[upkeep]\n|upkeep\n|turn|2\n|inactive|bluejayx2 has 30 seconds left.\n|inactive|Nurani016 has 30 seconds left.\n|\n|t:|1776136147\n|switch|p2b: Whimsicott|Whimsicott, L50, F|100/100\n|move|p2a: Venusaur|Protect|p2a: Venusaur\n|-singleturn|p2a: Venusaur|Protect\n|move|p1a: Aerodactyl|Rock Slide|p2b: Whimsicott|[spread] p2b\n|-activate|p2a: Venusaur|move: Protect\n|-damage|p2b: Whimsicott|72/100\n|move|p1b: Rotom|Volt Switch|p2b: Whimsicott\n|-resisted|p2b: Whimsicott|1\n|-damage|p2b: Whimsicott|47/100\n|\n|t:|1776136161\n|switch|p1b: Chandelure|Chandelure, L50, F, shiny|100/100|[from] Volt Switch\n|\n|-weather|SunnyDay|[upkeep]\n|upkeep\n|turn|3\n|\n|t:|1776136173\n|move|p2b: Whimsicott|Tailwind|p2b: Whimsicott\n|-sidestart|p2: Nurani016|move: Tailwind\n|move|p1b: Chandelure|Heat Wave|p2b: Whimsicott|[spread] p2a,p2b\n|-supereffective|p2a: Venusaur|1\n|-supereffective|p2b: Whimsicott|1\n|-damage|p2a: Venusaur|6/100\n|-damage|p2b: Whimsicott|0 fnt\n|faint|p2b: Whimsicott\n|move|p1a: Aerodactyl|Rock Slide|p2a: Venusaur\n|-damage|p2a: Venusaur|0 fnt\n|faint|p2a: Venusaur\n|\n|-weather|SunnyDay|[upkeep]\n|upkeep\n|\n|t:|1776136189\n|switch|p2b: Kingambit|Kingambit, L50, F|100/100\n|switch|p2a: Charizard|Charizard-Mega-Y, L50, M|100/100\n|turn|4\n|\n|t:|1776136201\n|switch|p1b: Rotom|Rotom-Wash, L50|100/100\n|move|p2b: Kingambit|Sucker Punch||[still]\n|-fail|p2b: Kingambit\n|move|p1a: Aerodactyl|Rock Slide|p2a: Charizard|[spread] p2a,p2b\n|-supereffective|p2a: Charizard|2\n|-resisted|p2b: Kingambit|1\n|-damage|p2a: Charizard|0 fnt\n|-damage|p2b: Kingambit|92/100\n|faint|p2a: Charizard\n|\n|-weather|SunnyDay|[upkeep]\n|-sideend|p1: bluejayx2|move: Tailwind\n|upkeep\n|turn|5\n|-message|Nurani016 forfeited.\n|\n|win|bluejayx2\n|raw|bluejayx2's rating: 1072 &rarr; <strong>1097</strong><br />(+25 for winning)\n|raw|Nurani016's rating: 1026 &rarr; <strong>1014</strong><br />(-12 for losing)\n|l|\u2606Nurani016\n|player|p2|\n",
  "uploadtime": 1776136219,
  "views": 12,
  "formatid": "gen9championsvgc2026regma",
  "rating": 1014,
  "private": 0,
  "password": null
}