{
  "id": "gen9championsvgc2026regma-2587792156",
  "format": "[Gen 9 Champions] VGC 2026 Reg M-A",
  "players": [
    "ub student",
    "datbishgames"
  ],
  "log": "|j|\u2606ub student\n|j|\u2606datbishgames\n|t:|1776564463\n|gametype|doubles\n|player|p1|ub student|101|1490\n|player|p2|datbishgames|mira|1450\n|gen|9\n|tier|[Gen 9 Champions] VGC 2026 Reg M-A\n|rated|\n|rule|Species Clause: Limit one of each Pok\u00e9mon\n|rule|Item Clause: Limit 1 of each item\n|clearpoke\n|poke|p1|Floette-Eternal, L50, F|\n|poke|p1|Talonflame, L50, M|\n|poke|p1|Basculegion, L50, M|\n|poke|p1|Garchomp, L50, M|\n|poke|p1|Rotom-Wash, L50|\n|poke|p1|Kingambit, L50, F|\n|poke|p2|Palafin, L50, F|\n|poke|p2|Sinistcha, L50|\n|poke|p2|Incineroar, L50, M|\n|poke|p2|Garchomp, L50, M|\n|poke|p2|Aerodactyl, L50, M|\n|poke|p2|Floette-Eternal, L50, F|\n|teampreview|4\n|inactive|Battle timer is ON: inactive players will automatically lose when time's up. (requested by datbishgames)\n|inactive|datbishgames has 60 seconds left.\n|\n|t:|1776564511\n|teamsize|p1|4\n|teamsize|p2|4\n|start\n|switch|p1a: Talonflame|Talonflame, L50, M|100/100\n|switch|p1b: Basculegion|Basculegion, L50, M|100/100\n|switch|p2a: Aerodactyl|Aerodactyl, L50, M|100/100\n|switch|p2b: Incineroar|Incineroar, L50, M|100/100\n|-ability|p2a: Aerodactyl|Unnerve\n|-ability|p2b: Incineroar|Intimidate|boost\n|-unboost|p1a: Talonflame|atk|1\n|-unboost|p1b: Basculegion|atk|1\n|turn|1\n|\n|t:|1776564520\n|move|p1a: Talonflame|Protect|p1a: Talonflame\n|-singleturn|p1a: Talonflame|Protect\n|move|p2b: Incineroar|Fake Out|p1a: Talonflame\n|-activate|p1a: Talonflame|move: Protect\n|move|p1b: Basculegion|Flip Turn|p2a: Aerodactyl\n|-supereffective|p2a: Aerodactyl|1\n|-damage|p2a: Aerodactyl|16/100\n|\n|t:|1776564529\n|switch|p1b: Floette|Floette-Eternal, L50, F|100/100|[from] Flip Turn\n|move|p2a: Aerodactyl|Tailwind|p2a: Aerodactyl\n|-sidestart|p2: datbishgames|move: Tailwind\n|\n|upkeep\n|turn|2\n|\n|t:|1776564539\n|detailschange|p1b: Floette|Floette-Mega, L50, F\n|-mega|p1b: Floette|Floette|Floettite\n|-ability|p1b: Floette|Fairy Aura\n|move|p1a: Talonflame|Tailwind|p1a: Talonflame\n|-sidestart|p1: ub student|move: Tailwind\n|move|p2a: Aerodactyl|Rock Slide|p1b: Floette|[spread] p1a,p1b\n|-supereffective|p1a: Talonflame|2\n|-enditem|p1a: Talonflame|Focus Sash\n|-damage|p1a: Talonflame|1/100\n|-damage|p1b: Floette|77/100\n|move|p1b: Floette|Dazzling Gleam|p2b: Incineroar|[spread] p2a,p2b\n|-damage|p2a: Aerodactyl|0 fnt\n|-damage|p2b: Incineroar|72/100\n|faint|p2a: Aerodactyl\n|move|p2b: Incineroar|Darkest Lariat|p1a: Talonflame\n|-damage|p1a: Talonflame|0 fnt\n|faint|p1a: Talonflame\n|\n|upkeep\n|\n|t:|1776564555\n|switch|p2a: Floette|Floette-Eternal, L50, F|100/100\n|switch|p1a: Basculegion|Basculegion, L50, M|100/100\n|turn|3\n|\n|t:|1776564578\n|switch|p2b: Garchomp|Garchomp, L50, M|100/100\n|move|p2a: Floette|Protect|p2a: Floette\n|-singleturn|p2a: Floette|Protect\n|move|p1a: Basculegion|Flip Turn|p2b: Garchomp\n|-damage|p2b: Garchomp|60/100\n|-damage|p1a: Basculegion|88/100|[from] ability: Rough Skin|[of] p2b: Garchomp\n|\n|t:|1776564587\n|switch|p1a: Kingambit|Kingambit, L50, F|100/100|[from] Flip Turn\n|move|p1b: Floette|Dazzling Gleam|p2a: Floette|[spread] p2b\n|-activate|p2a: Floette|move: Protect\n|-supereffective|p2b: Garchomp|1\n|-damage|p2b: Garchomp|0 fnt\n|faint|p2b: Garchomp\n|\n|upkeep\n|\n|t:|1776564591\n|switch|p2b: Incineroar|Incineroar, L50, M|72/100\n|-ability|p2b: Incineroar|Intimidate|boost\n|-unboost|p1a: Kingambit|atk|1\n|-ability|p1a: Kingambit|Defiant|boost\n|-boost|p1a: Kingambit|atk|2\n|-unboost|p1b: Floette|atk|1\n|turn|4\n|\n|t:|1776564599\n|detailschange|p2a: Floette|Floette-Mega, L50, F\n|-mega|p2a: Floette|Floette|Floettite\n|-ability|p2a: Floette|Fairy Aura\n|move|p1a: Kingambit|Protect|p1a: Kingambit\n|-singleturn|p1a: Kingambit|Protect\n|move|p2b: Incineroar|Fake Out|p1a: Kingambit\n|-activate|p1a: Kingambit|move: Protect\n|move|p1b: Floette|Light of Ruin|p2b: Incineroar\n|-crit|p2b: Incineroar\n|-damage|p2b: Incineroar|0 fnt\n|faint|p2b: Incineroar\n|-damage|p1b: Floette|36/100|[from] Recoil\n|move|p2a: Floette|Calm Mind|p2a: Floette\n|-boost|p2a: Floette|spa|1\n|-boost|p2a: Floette|spd|1\n|\n|-sideend|p2: datbishgames|move: Tailwind\n|upkeep\n|turn|5\n|\n|t:|1776564611\n|move|p2a: Floette|Protect|p2a: Floette\n|-singleturn|p2a: Floette|Protect\n|move|p1b: Floette|Light of Ruin|p2a: Floette\n|-activate|p2a: Floette|move: Protect\n|move|p1a: Kingambit|Iron Head|p2a: Floette\n|-activate|p2a: Floette|move: Protect\n|\n|-sideend|p1: ub student|move: Tailwind\n|upkeep\n|turn|6\n|\n|t:|1776564616\n|move|p1b: Floette|Light of Ruin|p2a: Floette\n|-damage|p2a: Floette|54/100\n|-damage|p1b: Floette|13/100|[from] Recoil\n|move|p2a: Floette|Moonblast|p1a: Kingambit\n|-damage|p1a: Kingambit|0 fnt\n|faint|p1a: Kingambit\n|\n|upkeep\n|\n|t:|1776564622\n|switch|p1a: Basculegion|Basculegion, L50, M|88/100\n|turn|7\n|\n|t:|1776564629\n|move|p1a: Basculegion|Last Respects|p2a: Floette\n|-damage|p2a: Floette|0 fnt\n|faint|p2a: Floette\n|\n|win|ub student\n|raw|ub student's rating: 1490 &rarr; <strong>1508</strong><br />(+18 for winning)\n|raw|datbishgames's rating: 1450 &rarr; <strong>1432</strong><br />(-18 for losing)\n|l|\u2606datbishgames\n|player|p2|\n",
  "uploadtime": 1776564636,
  "views": 15,
  "formatid": "gen9championsvgc2026regma",
  "rating": 1432,
  "private": 0,
  "password": null
}