{
  "id": "gen9championsvgc2026regma-2580994738",
  "format": "[Gen 9 Champions] VGC 2026 Reg M-A",
  "players": [
    "2sweep4u",
    "rain_hits"
  ],
  "log": "|j|\u26062sweep4u\n|j|\u2606rain_hits\n|t:|1775949979\n|gametype|doubles\n|player|p1|2sweep4u|unknownf|\n|player|p2|rain_hits|elio-masters|\n|gen|9\n|tier|[Gen 9 Champions] VGC 2026 Reg M-A\n|rule|Species Clause: Limit one of each Pok\u00e9mon\n|rule|Item Clause: Limit 1 of each item\n|clearpoke\n|poke|p1|Milotic, L50, F|\n|poke|p1|Farigiraf, L50, M|\n|poke|p1|Charizard, L50, F|\n|poke|p1|Sneasler, L50, F|\n|poke|p1|Dragapult, L50, M|\n|poke|p1|Garchomp, L50, M|\n|poke|p2|Aerodactyl, L50, M|\n|poke|p2|Chandelure, L50, F|\n|poke|p2|Basculegion, L50, M|\n|poke|p2|Kingambit, L50, F|\n|poke|p2|Conkeldurr, L50, M|\n|poke|p2|Clefable, L50, M|\n|teampreview|4\n|c|\u2606rain_hits|are we allowed to fight early lmao\n|c|\u2606rain_hits|idk but we ball, glhf\nrain_hits has agreed to open team sheets.\n|c|\u26062sweep4u|idm waiting\n2sweep4u has agreed to open team sheets.\n|showteam|p1|Milotic||Leftovers|Competitive|Scald,Recover,IceBeam,Protect|||F|||50|]Farigiraf||SitrusBerry|ArmorTail|AllySwitch,TrickRoom,Imprison,Psychic|||M|||50|]Charizard||CharizarditeY|Blaze|HeatWave,SolarBeam,Protect,DragonPulse|||F|||50|]Sneasler||WhiteHerb|Unburden|Coaching,FakeOut,DireClaw,CloseCombat|||F|||50|]Dragapult||DragonFang|ClearBody|DragonDarts,PsychicFangs,Protect,PhantomForce|||M|||50|]Garchomp||ChoiceScarf|SandVeil|RockSlide,Earthquake,StompingTantrum,DragonClaw|||M|||50|\n|showteam|p2|Aerodactyl||Aerodactylite|Unnerve|RockSlide,Protect,Tailwind,DualWingbeat|||M|||50|]Chandelure||FocusSash|FlashFire|ShadowBall,TrickRoom,HeatWave,Protect|||F|||50|]Basculegion||WhiteHerb|Adaptability|LastRespects,AquaJet,WaveCrash,Protect|||M|||50|]Kingambit||BlackGlasses|Defiant|SwordsDance,SuckerPunch,KowtowCleave,Protect|||F|||50|]Conkeldurr||BlackBelt|IronFist|DrainPunch,ThunderPunch,MachPunch,Protect|||M|||50|]Clefable||SitrusBerry|Unaware|FollowMe,HelpingHand,Moonblast,Protect|||M|||50|\n|c|\u2606rain_hits|gotta ask the big man for a bit\n|\n|t:|1775950104\n|teamsize|p1|4\n|teamsize|p2|4\n|start\n|switch|p1a: Fentmaxxin'|Sneasler, L50, F|100/100\n|switch|p1b: Drake|Garchomp, L50, M|100/100\n|switch|p2a: Aerodactyl|Aerodactyl, L50, M, shiny|100/100\n|switch|p2b: Chandelure|Chandelure, L50, F, shiny|100/100\n|-ability|p2a: Aerodactyl|Unnerve\n|turn|1\n|\n|t:|1775950151\n|move|p2a: Aerodactyl|Protect|p2a: Aerodactyl\n|-singleturn|p2a: Aerodactyl|Protect\n|move|p1a: Fentmaxxin'|Fake Out|p2a: Aerodactyl\n|-activate|p2a: Aerodactyl|move: Protect\n|move|p1b: Drake|Stomping Tantrum|p2b: Chandelure\n|-supereffective|p2b: Chandelure|1\n|-enditem|p2b: Chandelure|Focus Sash\n|-damage|p2b: Chandelure|1/100\n|move|p2b: Chandelure|Trick Room|p2b: Chandelure\n|-fieldstart|move: Trick Room|[of] p2b: Chandelure\n|\n|upkeep\n|turn|2\n|\n|t:|1775950182\n|switch|p1a: SZA|Milotic, L50, F, shiny|100/100\n|detailschange|p2a: Aerodactyl|Aerodactyl-Mega, L50, M, shiny\n|-mega|p2a: Aerodactyl|Aerodactyl|Aerodactylite\n|move|p2b: Chandelure|Protect|p2b: Chandelure\n|-singleturn|p2b: Chandelure|Protect\n|move|p2a: Aerodactyl|Dual Wingbeat|p1a: SZA\n|-damage|p1a: SZA|77/100\n|-damage|p1a: SZA|50/100\n|-hitcount|p1a: SZA|2\n|move|p1b: Drake|Stomping Tantrum|p2b: Chandelure\n|-activate|p2b: Chandelure|move: Protect\n|\n|-heal|p1a: SZA|56/100|[from] item: Leftovers\n|upkeep\n|turn|3\n|\n|t:|1775950206\n|move|p1a: SZA|Protect|p1a: SZA\n|-singleturn|p1a: SZA|Protect\n|move|p2a: Aerodactyl|Protect|p2a: Aerodactyl\n|-singleturn|p2a: Aerodactyl|Protect\n|move|p2b: Chandelure|Shadow Ball|p1a: SZA\n|-activate|p1a: SZA|move: Protect\n|move|p1b: Drake|Stomping Tantrum|p2b: Chandelure\n|-supereffective|p2b: Chandelure|1\n|-damage|p2b: Chandelure|0 fnt\n|faint|p2b: Chandelure\n|\n|-heal|p1a: SZA|62/100|[from] item: Leftovers\n|upkeep\n|\n|t:|1775950213\n|switch|p2b: Conkeldurr|Conkeldurr, L50, M, shiny|100/100\n|turn|4\n|\n|t:|1775950245\n|switch|p1a: Julia Wolf|Farigiraf, L50, M|100/100\n|move|p2b: Conkeldurr|Thunder Punch|p1a: Julia Wolf\n|-damage|p1a: Julia Wolf|71/100\n|move|p2a: Aerodactyl|Dual Wingbeat|p1b: Drake\n|-crit|p1b: Drake\n|-damage|p1b: Drake|62/100\n|-damage|p1b: Drake|34/100\n|-hitcount|p1b: Drake|2\n|move|p1b: Drake|Stomping Tantrum|p2b: Conkeldurr\n|-damage|p2b: Conkeldurr|67/100\n|\n|upkeep\n|turn|5\n|j| son wu tang\n|\n|t:|1775950270\n|switch|p1b: SZA|Milotic, L50, F, shiny|62/100\n|move|p2b: Conkeldurr|Protect|p2b: Conkeldurr\n|-singleturn|p2b: Conkeldurr|Protect\n|move|p1a: Julia Wolf|Psychic|p2b: Conkeldurr\n|-activate|p2b: Conkeldurr|move: Protect\n|move|p2a: Aerodactyl|Tailwind|p2a: Aerodactyl\n|-sidestart|p2: rain_hits|move: Tailwind\n|\n|-heal|p1b: SZA|68/100|[from] item: Leftovers\n|-fieldend|move: Trick Room\n|upkeep\n|turn|6\n|\n|t:|1775950301\n|move|p1b: SZA|Protect|p1b: SZA\n|-singleturn|p1b: SZA|Protect\n|move|p2a: Aerodactyl|Dual Wingbeat|p1a: Julia Wolf|[miss]\n|-miss|p2a: Aerodactyl|p1a: Julia Wolf\n|move|p2b: Conkeldurr|Drain Punch|p1a: Julia Wolf\n|-damage|p1a: Julia Wolf|15/100\n|-heal|p2b: Conkeldurr|98/100|[from] drain|[of] p1a: Julia Wolf\n|-enditem|p1a: Julia Wolf|Sitrus Berry|[eat]\n|-heal|p1a: Julia Wolf|39/100|[from] item: Sitrus Berry\n|move|p1a: Julia Wolf|Trick Room|p1a: Julia Wolf\n|-fieldstart|move: Trick Room|[of] p1a: Julia Wolf\n|\n|-heal|p1b: SZA|74/100|[from] item: Leftovers\n|upkeep\n|turn|7\n|\n|t:|1775950326\n|move|p2b: Conkeldurr|Protect|p2b: Conkeldurr\n|-singleturn|p2b: Conkeldurr|Protect\n|move|p2a: Aerodactyl|Protect|p2a: Aerodactyl\n|-singleturn|p2a: Aerodactyl|Protect\n|move|p1a: Julia Wolf|Ally Switch|p1a: Julia Wolf\n|swap|p1a: Julia Wolf|1|[from] move: Ally Switch\n|move|p1a: SZA|Ice Beam|p2a: Aerodactyl\n|-activate|p2a: Aerodactyl|move: Protect\n|\n|-heal|p1a: SZA|80/100|[from] item: Leftovers\n|upkeep\n|turn|8\n|\n|t:|1775950341\n|switch|p2a: Basculegion|Basculegion, L50, M, shiny|100/100\n|move|p1b: Julia Wolf|Psychic|p2b: Conkeldurr\n|-supereffective|p2b: Conkeldurr|1\n|-damage|p2b: Conkeldurr|17/100\n|move|p1a: SZA|Ice Beam|p2a: Basculegion\n|-resisted|p2a: Basculegion|1\n|-damage|p2a: Basculegion|87/100\n|move|p2b: Conkeldurr|Drain Punch|p1b: Julia Wolf\n|-damage|p1b: Julia Wolf|0 fnt\n|-heal|p2b: Conkeldurr|38/100|[from] drain|[of] p1b: Julia Wolf\n|faint|p1b: Julia Wolf\n|\n|-heal|p1a: SZA|86/100|[from] item: Leftovers\n|-sideend|p2: rain_hits|move: Tailwind\n|upkeep\n|\n|t:|1775950355\n|switch|p1b: Fentmaxxin'|Sneasler, L50, F|100/100\n|turn|9\n|\n|t:|1775950389\n|move|p2b: Conkeldurr|Protect|p2b: Conkeldurr\n|-singleturn|p2b: Conkeldurr|Protect\n|move|p1a: SZA|Protect|p1a: SZA\n|-singleturn|p1a: SZA|Protect\n|move|p2a: Basculegion|Wave Crash|p1b: Fentmaxxin'\n|-damage|p1b: Fentmaxxin'|0 fnt\n|faint|p1b: Fentmaxxin'\n|-damage|p2a: Basculegion|61/100|[from] Recoil\n|\n|-heal|p1a: SZA|92/100|[from] item: Leftovers\n|upkeep\n|\n|t:|1775950397\n|switch|p1b: Drake|Garchomp, L50, M|34/100\n|turn|10\n|\n|t:|1775950410\n|move|p2b: Conkeldurr|Thunder Punch|p1a: SZA\n|-supereffective|p1a: SZA|1\n|-damage|p1a: SZA|25/100\n|-status|p1a: SZA|par\n|move|p1a: SZA|Scald|p2b: Conkeldurr\n|-damage|p2b: Conkeldurr|3/100\n|-status|p2b: Conkeldurr|brn\n|move|p2a: Basculegion|Last Respects|p1b: Drake\n|-damage|p1b: Drake|0 fnt\n|faint|p1b: Drake\n|\n|-heal|p1a: SZA|31/100 par|[from] item: Leftovers\n|-damage|p2b: Conkeldurr|0 fnt|[from] brn\n|faint|p2b: Conkeldurr\n|-fieldend|move: Trick Room\n|upkeep\n|\n|t:|1775950416\n|switch|p2b: Aerodactyl|Aerodactyl-Mega, L50, M, shiny|100/100\n|turn|11\n|\n|t:|1775950423\n|move|p2b: Aerodactyl|Dual Wingbeat|p1a: SZA\n|-damage|p1a: SZA|4/100 par\n|-damage|p1a: SZA|0 fnt\n|faint|p1a: SZA\n|-hitcount|p1: SZA|2\n|\n|win|rain_hits\n",
  "uploadtime": 1775950423,
  "views": 12,
  "formatid": "gen9championsvgc2026regma",
  "rating": null,
  "private": 0,
  "password": null
}