{
  "id": "gen9championsvgc2026regma-2587115477",
  "format": "[Gen 9 Champions] VGC 2026 Reg M-A",
  "players": [
    "Pever3ll",
    "John Don Fortnite"
  ],
  "log": "|j|\u2606Pever3ll\n|j|\u2606John Don Fortnite\n|t:|1776495565\n|gametype|doubles\n|player|p1|Pever3ll|miku-flying|1371\n|player|p2|John Don Fortnite|n|1414\n|gen|9\n|tier|[Gen 9 Champions] VGC 2026 Reg M-A\n|rated|\n|rule|Species Clause: Limit one of each Pok\u00e9mon\n|rule|Item Clause: Limit 1 of each item\n|clearpoke\n|poke|p1|Zoroark-Hisui, L50, M|\n|poke|p1|Whimsicott, L50, F|\n|poke|p1|Chandelure, L50, F|\n|poke|p1|Floette-Eternal, L50, F|\n|poke|p1|Incineroar, L50, F|\n|poke|p1|Kingambit, L50, F|\n|poke|p2|Kangaskhan, L50, F|\n|poke|p2|Aerodactyl, L50, M|\n|poke|p2|Basculegion, L50, M|\n|poke|p2|Armarouge, L50, F|\n|poke|p2|Sneasler, L50, M|\n|poke|p2|Archaludon, L50, F|\n|teampreview|4\n|\n|t:|1776495623\n|teamsize|p1|4\n|teamsize|p2|4\n|start\n|switch|p1a: Whimsicott|Whimsicott, L50, F|100/100\n|switch|p1b: Kingambit|Kingambit, L50, F|100/100\n|switch|p2a: Jesse|Kangaskhan, L50, F|100/100\n|switch|p2b: Sneasler|Sneasler, L50, M|100/100\n|turn|1\n|\n|t:|1776495641\n|detailschange|p2a: Jesse|Kangaskhan-Mega, L50, F\n|-mega|p2a: Jesse|Kangaskhan|Kangaskhanite\n|move|p1a: Whimsicott|Hyper Voice|p2a: Jesse|[spread] p2a,p2b\n|-damage|p2a: Jesse|70/100\n|-damage|p2b: Sneasler|58/100\n|move|p2b: Sneasler|Dire Claw|p1a: Whimsicott\n|-resisted|p1a: Whimsicott|1\n|-damage|p1a: Whimsicott|55/100\n|replace|p1a: Zoroark|Zoroark-Hisui, L50, M\n|-end|p1a: Zoroark|Illusion\n|move|p2a: Jesse|Bite|p1b: Kingambit\n|-resisted|p1b: Kingambit|1\n|-damage|p1b: Kingambit|92/100\n|-resisted|p1b: Kingambit|1\n|-damage|p1b: Kingambit|90/100\n|-hitcount|p1b: Kingambit|2\n|move|p1b: Kingambit|Low Kick|p2a: Jesse\n|-supereffective|p2a: Jesse|1\n|-damage|p2a: Jesse|0 fnt\n|faint|p2a: Jesse\n|\n|upkeep\n|\n|t:|1776495654\n|switch|p2a: Armarouge|Armarouge, L50, F|100/100\n|turn|2\n|\n|t:|1776495664\n|move|p1b: Kingambit|Protect|p1b: Kingambit\n|-singleturn|p1b: Kingambit|Protect\n|move|p2a: Armarouge|Wide Guard|p2a: Armarouge\n|-singleturn|p2a: Armarouge|Wide Guard\n|move|p1a: Zoroark|Hyper Voice|p2a: Armarouge|[spread] \n|-activate|p2a: Armarouge|move: Wide Guard\n|-activate|p2b: Sneasler|move: Wide Guard\n|move|p2b: Sneasler|Close Combat|p1b: Kingambit\n|-activate|p1b: Kingambit|move: Protect\n|\n|upkeep\n|turn|3\n|\n|t:|1776495678\n|move|p2b: Sneasler|Protect|p2b: Sneasler\n|-singleturn|p2b: Sneasler|Protect\n|move|p1b: Kingambit|Sucker Punch||[still]\n|-fail|p1b: Kingambit\n|move|p1a: Zoroark|Bitter Malice|p2a: Armarouge\n|-supereffective|p2a: Armarouge|1\n|-damage|p2a: Armarouge|22/100\n|-unboost|p2a: Armarouge|atk|1\n|move|p2a: Armarouge|Heat Wave|p1b: Kingambit|[spread] p1a,p1b\n|-crit|p1a: Zoroark\n|-supereffective|p1b: Kingambit|1\n|-damage|p1a: Zoroark|0 fnt\n|-damage|p1b: Kingambit|0 fnt\n|faint|p1a: Zoroark\n|faint|p1b: Kingambit\n|\n|upkeep\n|\n|t:|1776495682\n|switch|p1a: Floette|Floette-Eternal, L50, F|100/100\n|switch|p1b: Whimsicott|Whimsicott, L50, F|100/100\n|turn|4\n|\n|t:|1776495703\n|detailschange|p1a: Floette|Floette-Mega, L50, F\n|-mega|p1a: Floette|Floette|Floettite\n|-ability|p1a: Floette|Fairy Aura\n|move|p1b: Whimsicott|Encore|p2b: Sneasler\n|-start|p2b: Sneasler|Encore\n|move|p2b: Sneasler|Protect||[still]\n|-fail|p2b: Sneasler\n|move|p1a: Floette|Calm Mind|p1a: Floette\n|-boost|p1a: Floette|spa|1\n|-boost|p1a: Floette|spd|1\n|move|p2a: Armarouge|Psyshock|p1a: Floette\n|-damage|p1a: Floette|38/100\n|\n|upkeep\n|turn|5\n|\n|t:|1776495716\n|switch|p2b: Archaludon|Archaludon, L50, F|100/100\n|move|p2a: Armarouge|Wide Guard|p2a: Armarouge\n|-singleturn|p2a: Armarouge|Wide Guard\n|move|p1b: Whimsicott|Tailwind|p1b: Whimsicott\n|-sidestart|p1: Pever3ll|move: Tailwind\n|move|p1a: Floette|Dazzling Gleam|p2a: Armarouge|[spread] \n|-activate|p2a: Armarouge|move: Wide Guard\n|-activate|p2b: Archaludon|move: Wide Guard\n|\n|upkeep\n|turn|6\n|\n|t:|1776495754\n|move|p1b: Whimsicott|Fake Tears|p2b: Archaludon\n|-unboost|p2b: Archaludon|spd|2\n|move|p1a: Floette|Light of Ruin|p2a: Armarouge\n|-resisted|p2a: Armarouge|1\n|-damage|p2a: Armarouge|0 fnt\n|faint|p2a: Armarouge\n|-damage|p1a: Floette|24/100|[from] Recoil\n|move|p2b: Archaludon|Flash Cannon|p1a: Floette\n|-supereffective|p1a: Floette|1\n|-damage|p1a: Floette|0 fnt\n|faint|p1a: Floette\n|\n|upkeep\n|\n|t:|1776495759\n|switch|p2a: Sneasler|Sneasler, L50, M|58/100\n|turn|7\n|\n|t:|1776495766\n|move|p1b: Whimsicott|Moonblast|p2b: Archaludon\n|-ability|p2b: Archaludon|Sturdy\n|-damage|p2b: Archaludon|1/100\n|move|p2b: Archaludon|Flash Cannon|p1b: Whimsicott\n|-supereffective|p1b: Whimsicott|1\n|-damage|p1b: Whimsicott|0 fnt\n|faint|p1b: Whimsicott\n|\n|win|John Don Fortnite\n|raw|Pever3ll's rating: 1371 &rarr; <strong>1353</strong><br />(-18 for losing)\n|raw|John Don Fortnite's rating: 1414 &rarr; <strong>1432</strong><br />(+18 for winning)\n|l|\u2606Pever3ll\n|player|p1|\n|l|\u2606John Don Fortnite\n|player|p2|\n|j|\u2606John Don Fortnite\n|player|p2|John Don Fortnite|n|\n",
  "uploadtime": 1776495845,
  "views": 29,
  "formatid": "gen9championsvgc2026regma",
  "rating": 1353,
  "private": 0,
  "password": null
}