{
  "id": "gen9championsvgc2026regma-2583335045",
  "format": "[Gen 9 Champions] VGC 2026 Reg M-A",
  "players": [
    "Evolice",
    "el choro 37"
  ],
  "log": "|j|\u2606Evolice\n|j|\u203del choro 37\n|t:|1776167922\n|gametype|doubles\n|player|p1|Evolice|falkner|1035\n|player|p2|el choro 37|cyrus|1013\n|gen|9\n|tier|[Gen 9 Champions] VGC 2026 Reg M-A\n|rated|\n|rule|Species Clause: Limit one of each Pok\u00e9mon\n|rule|Item Clause: Limit 1 of each item\n|clearpoke\n|poke|p1|Drampa, L50, F|\n|poke|p1|Alakazam, L50, F|\n|poke|p1|Sinistcha, L50|\n|poke|p1|Pelipper, L50, M|\n|poke|p1|Scizor, L50, M|\n|poke|p1|Basculegion, L50, M|\n|poke|p2|Starmie, L50|\n|poke|p2|Aegislash, L50, F|\n|poke|p2|Rotom-Wash, L50|\n|poke|p2|Incineroar, L50, M|\n|poke|p2|Sneasler, L50, M|\n|poke|p2|Whimsicott, L50, M|\n|teampreview|4\n|\n|t:|1776167964\n|teamsize|p1|4\n|teamsize|p2|4\n|start\n|switch|p1a: Drampa|Drampa, L50, F|100/100\n|switch|p1b: Alakazam|Alakazam, L50, F|100/100\n|switch|p2a: Rotom|Rotom-Wash, L50|100/100\n|switch|p2b: Whimsicott|Whimsicott, L50, M|100/100\n|turn|1\n|\n|t:|1776167989\n|detailschange|p1a: Drampa|Drampa-Mega, L50, F\n|-mega|p1a: Drampa|Drampa|Drampanite\n|move|p1b: Alakazam|Reflect|p1b: Alakazam\n|-sidestart|p1: Evolice|Reflect\n|move|p2b: Whimsicott|Moonblast|p1a: Drampa\n|-supereffective|p1a: Drampa|1\n|-damage|p1a: Drampa|26/100\n|-ability|p1a: Drampa|Berserk|boost\n|-boost|p1a: Drampa|spa|1\n|move|p2a: Rotom|Volt Switch|p1b: Alakazam\n|-damage|p1b: Alakazam|65/100\n|\n|t:|1776168003\n|switch|p2a: Starmie|Starmie, L50|100/100|[from] Volt Switch\n|move|p1a: Drampa|Calm Mind|p1a: Drampa\n|-boost|p1a: Drampa|spa|1\n|-boost|p1a: Drampa|spd|1\n|\n|upkeep\n|turn|2\n|-activate|p1b: Alakazam|item: Quick Claw\n|\n|t:|1776168024\n|detailschange|p2a: Starmie|Starmie-Mega, L50\n|-mega|p2a: Starmie|Starmie|Starminite\n|move|p1a: Drampa|Protect|p1a: Drampa\n|-singleturn|p1a: Drampa|Protect\n|move|p2b: Whimsicott|Encore|p1b: Alakazam\n|-start|p1b: Alakazam|Encore\n|-activate|p1b: Alakazam|item: Quick Claw\n|move|p1b: Alakazam|Reflect||[still]\n|-fail|p1b: Alakazam\n|move|p2a: Starmie|Ice Spinner|p1a: Drampa\n|-activate|p1a: Drampa|move: Protect\n|\n|upkeep\n|turn|3\n|\n|t:|1776168044\n|switch|p1b: Sinistcha|Sinistcha, L50|100/100\n|-heal|p1a: Drampa|51/100|[from] ability: Hospitality|[of] p1b: Sinistcha\n|move|p2a: Starmie|Flip Turn|p1a: Drampa\n|-resisted|p1a: Drampa|1\n|-damage|p1a: Drampa|36/100\n|-ability|p1a: Drampa|Berserk|boost\n|-boost|p1a: Drampa|spa|1\n|\n|t:|1776168055\n|switch|p2a: Aegislash|Aegislash, L50, F|100/100|[from] Flip Turn\n|move|p2b: Whimsicott|Moonblast|p1a: Drampa\n|-supereffective|p1a: Drampa|1\n|-damage|p1a: Drampa|0 fnt\n|faint|p1a: Drampa\n|\n|upkeep\n|\n|t:|1776168062\n|switch|p1a: Pelipper|Pelipper, L50, M|100/100\n|-weather|RainDance|[from] ability: Drizzle|[of] p1a: Pelipper\n|turn|4\n|\n|t:|1776168086\n|switch|p2b: Rotom|Rotom-Wash, L50|100/100\n|move|p1a: Pelipper|Hurricane|p2b: Rotom\n|-resisted|p2b: Rotom|1\n|-damage|p2b: Rotom|84/100\n|move|p1b: Sinistcha|Matcha Gotcha|p2a: Aegislash|[spread] p2a,p2b\n|-resisted|p2a: Aegislash|1\n|-supereffective|p2b: Rotom|1\n|-damage|p2a: Aegislash|90/100\n|-damage|p2b: Rotom|36/100\n|-enditem|p2b: Rotom|Sitrus Berry|[eat]\n|-heal|p2b: Rotom|60/100|[from] item: Sitrus Berry\n|move|p2a: Aegislash|Swords Dance|p2a: Aegislash\n|-boost|p2a: Aegislash|atk|2\n|\n|-weather|RainDance|[upkeep]\n|-heal|p2a: Aegislash|96/100|[from] item: Leftovers\n|upkeep\n|turn|5\n|\n|t:|1776168127\n|move|p1a: Pelipper|Protect|p1a: Pelipper\n|-singleturn|p1a: Pelipper|Protect\n|-formechange|p2a: Aegislash|Aegislash-Blade|\n|move|p2a: Aegislash|Shadow Sneak|p1b: Sinistcha\n|-supereffective|p1b: Sinistcha|1\n|-damage|p1b: Sinistcha|55/100\n|move|p2b: Rotom|Volt Switch|p1a: Pelipper\n|-activate|p1a: Pelipper|move: Protect\n|move|p1b: Sinistcha|Matcha Gotcha|p2b: Rotom|[spread] p2a,p2b\n|-resisted|p2a: Aegislash|1\n|-supereffective|p2b: Rotom|1\n|-damage|p2a: Aegislash|77/100\n|-heal|p1b: Sinistcha|65/100|[from] drain|[of] p2a: Aegislash\n|-damage|p2b: Rotom|16/100\n|-heal|p1b: Sinistcha|80/100|[from] drain|[of] p2b: Rotom\n|\n|-weather|RainDance|[upkeep]\n|-heal|p2a: Aegislash|83/100|[from] item: Leftovers\n|-sideend|p1: Evolice|Reflect\n|upkeep\n|turn|6\n|\n|t:|1776168159\n|-formechange|p2a: Aegislash|Aegislash|\n|move|p2a: Aegislash|King's Shield|p2a: Aegislash\n|-singleturn|p2a: Aegislash|Protect\n|move|p1b: Sinistcha|Rage Powder|p1b: Sinistcha\n|-singleturn|p1b: Sinistcha|move: Rage Powder\n|move|p2b: Rotom|Volt Switch|p1b: Sinistcha\n|-resisted|p1b: Sinistcha|1\n|-damage|p1b: Sinistcha|62/100\n|\n|t:|1776168173\n|switch|p2b: Starmie|Starmie-Mega, L50|100/100|[from] Volt Switch\n|move|p1a: Pelipper|Hurricane|p2b: Starmie\n|-damage|p2b: Starmie|57/100\n|\n|-weather|RainDance|[upkeep]\n|-heal|p2a: Aegislash|89/100|[from] item: Leftovers\n|upkeep\n|turn|7\n|\n|t:|1776168197\n|move|p1a: Pelipper|Protect|p1a: Pelipper\n|-singleturn|p1a: Pelipper|Protect\n|move|p2b: Starmie|Ice Spinner|p1b: Sinistcha\n|-supereffective|p1b: Sinistcha|1\n|-damage|p1b: Sinistcha|0 fnt\n|faint|p1b: Sinistcha\n|move|p2a: Aegislash|Swords Dance|p2a: Aegislash\n|-boost|p2a: Aegislash|atk|2\n|\n|-weather|RainDance|[upkeep]\n|-heal|p2a: Aegislash|95/100|[from] item: Leftovers\n|upkeep\n|\n|t:|1776168202\n|switch|p1b: Alakazam|Alakazam, L50, F|65/100\n|turn|8\n|\n|t:|1776168217\n|-formechange|p2a: Aegislash|Aegislash-Blade|\n|move|p2a: Aegislash|Shadow Sneak|p1b: Alakazam\n|-supereffective|p1b: Alakazam|1\n|-damage|p1b: Alakazam|0 fnt\n|faint|p1b: Alakazam\n|move|p2b: Starmie|Zen Headbutt|p1a: Pelipper\n|-damage|p1a: Pelipper|39/100\n|move|p1a: Pelipper|Weather Ball|p2b: Starmie\n|-resisted|p2b: Starmie|1\n|-damage|p2b: Starmie|24/100\n|\n|-weather|none\n|-heal|p2a: Aegislash|100/100|[from] item: Leftovers\n|upkeep\n|turn|9\n|\n|t:|1776168234\n|move|p2a: Aegislash|Shadow Sneak|p1a: Pelipper\n|-damage|p1a: Pelipper|0 fnt\n|faint|p1a: Pelipper\n|\n|win|el choro 37\n|raw|Evolice's rating: 1035 &rarr; <strong>1019</strong><br />(-16 for losing)\n|raw|el choro 37's rating: 1013 &rarr; <strong>1053</strong><br />(+40 for winning)\n|l|\u2606Evolice\n|player|p1|\n",
  "uploadtime": 1776168239,
  "views": 19,
  "formatid": "gen9championsvgc2026regma",
  "rating": 1019,
  "private": 0,
  "password": null
}