{
  "id": "gen9championsvgc2026regma-2582151993",
  "format": "[Gen 9 Champions] VGC 2026 Reg M-A",
  "players": [
    "lolgz",
    "dagrzekrom"
  ],
  "log": "|j|\u2606lolgz\n|j|\u2606dagrzekrom\n|t:|1776064686\n|gametype|doubles\n|player|p1|lolgz|266|\n|player|p2|dagrzekrom|battlegirl-gen4|\n|gen|9\n|tier|[Gen 9 Champions] VGC 2026 Reg M-A\n|rated|Tournament battle\n|rule|Species Clause: Limit one of each Pok\u00e9mon\n|rule|Item Clause: Limit 1 of each item\n|raw|<div class=\"infobox\"><details class=\"readmore\" open><summary><strong>1 custom rule:</strong></summary> Force Open Team Sheets</details></div>\n|clearpoke\n|poke|p1|Charizard, L50, F|\n|poke|p1|Whimsicott, L50, M|\n|poke|p1|Basculegion, L50, M|\n|poke|p1|Farigiraf, L50, F|\n|poke|p1|Sneasler, L50, M|\n|poke|p1|Floette-Eternal, L50, F|\n|poke|p2|Incineroar, L50, M|\n|poke|p2|Gengar, L50, F|\n|poke|p2|Sinistcha, L50|\n|poke|p2|Kingambit, L50, F|\n|poke|p2|Tyranitar, L50, M|\n|poke|p2|Kommo-o, L50, M|\n|teampreview|4\n|showteam|p1|Charizard||CharizarditeY|SolarPower|WeatherBall,HeatWave,SolarBeam,Protect|||F|||50|]Whimsicott||FocusSash|Prankster|Moonblast,Tailwind,SunnyDay,Encore|||M|||50|]Basculegion||ChoiceScarf|Adaptability|WaveCrash,AquaJet,LastRespects,FlipTurn|||M|||50|]Farigiraf||SitrusBerry|ArmorTail|Psychic,HyperVoice,HelpingHand,TrickRoom|||F|||50|]Sneasler||WhiteHerb|Unburden|FakeOut,CloseCombat,DireClaw,ThroatChop|||M|||50|]Floette-Eternal||Floettite|FlowerVeil|DazzlingGleam,LightofRuin,Moonblast,Protect|||F|||50|\n|showteam|p2|Incineroar||ShucaBerry|Intimidate|PartingShot,FakeOut,Protect,ThroatChop|||M|||50|]Gengar||Gengarite|CursedBody|ShadowBall,PerishSong,Protect,Substitute|||F|||50|]Sinistcha||SitrusBerry|Hospitality|MatchaGotcha,RagePowder,Protect,LifeDew||||||50|]Kingambit||ChopleBerry|Defiant|IronHead,Protect,LowKick,SuckerPunch|||F|||50|]Tyranitar||ChoiceScarf|SandStream|StoneEdge,IcePunch,LowKick,RockSlide|||M|||50|]Kommo-o||Leftovers|Soundproof|ClangingScales,ClangorousSoul,AuraSphere,Protect|||M|||50|\n|j| TaxiCAB2\n|j| snively3\n|j| clownedtocrowned\n|\n|t:|1776064726\n|teamsize|p1|4\n|teamsize|p2|4\n|start\n|switch|p1a: Basculegion|Basculegion, L50, M|100/100\n|switch|p1b: Sneasler|Sneasler, L50, M|100/100\n|switch|p2a: Gengar|Gengar, L50, F|100/100\n|switch|p2b: Incineroar|Incineroar, L50, M|100/100\n|-ability|p2b: Incineroar|Intimidate|boost\n|-unboost|p1a: Basculegion|atk|1\n|-unboost|p1b: Sneasler|atk|1\n|-enditem|p1b: Sneasler|White Herb\n|-clearnegativeboost|p1b: Sneasler|[silent]\n|turn|1\n|j| speedyturtle87\n|l| speedyturtle87\n|j| jzdr2\n|j| mynamegrassgreen\n|l| snively3\n|\n|t:|1776064768\n|detailschange|p2a: Gengar|Gengar-Mega, L50, F\n|-mega|p2a: Gengar|Gengar|Gengarite\n|move|p1b: Sneasler|Fake Out|p2b: Incineroar\n|-damage|p2b: Incineroar|87/100\n|cant|p2b: Incineroar|flinch\n|move|p1a: Basculegion|Wave Crash|p2a: Gengar\n|-damage|p2a: Gengar|45/100\n|-damage|p1a: Basculegion|85/100|[from] Recoil\n|move|p2a: Gengar|Shadow Ball|p1a: Basculegion\n|-supereffective|p1a: Basculegion|1\n|-damage|p1a: Basculegion|0 fnt\n|faint|p1a: Basculegion\n|\n|upkeep\n|\n|t:|1776064780\n|switch|p1a: Whimsicott|Whimsicott, L50, M|100/100\n|turn|2\n|\n|t:|1776064787\n|switch|p2b: Sinistcha|Sinistcha, L50|100/100\n|-heal|p2a: Gengar|70/100|[from] ability: Hospitality|[of] p2b: Sinistcha\n|move|p2a: Gengar|Protect|p2a: Gengar\n|-singleturn|p2a: Gengar|Protect\n|move|p1a: Whimsicott|Encore|p2a: Gengar\n|-activate|p2a: Gengar|move: Protect\n|move|p1b: Sneasler|Close Combat|p2b: Sinistcha\n|-immune|p2b: Sinistcha\n|\n|upkeep\n|turn|3\n|\n|t:|1776064809\n|move|p2b: Sinistcha|Rage Powder|p2b: Sinistcha\n|-singleturn|p2b: Sinistcha|move: Rage Powder\n|move|p1a: Whimsicott|Encore|p2a: Gengar\n|-start|p2a: Gengar|Encore\n|move|p2a: Gengar|Protect||[still]\n|-fail|p2a: Gengar\n|move|p1b: Sneasler|Throat Chop|p2b: Sinistcha\n|-supereffective|p2b: Sinistcha|1\n|-damage|p2b: Sinistcha|42/100\n|-start|p2b: Sinistcha|Throat Chop|[silent]\n|-enditem|p2b: Sinistcha|Sitrus Berry|[eat]\n|-heal|p2b: Sinistcha|67/100|[from] item: Sitrus Berry\n|\n|upkeep\n|turn|4\n|\n|t:|1776064824\n|switch|p2b: Incineroar|Incineroar, L50, M|87/100\n|-ability|p2b: Incineroar|Intimidate|boost\n|-unboost|p1a: Whimsicott|atk|1\n|-unboost|p1b: Sneasler|atk|1\n|move|p2a: Gengar|Protect|p2a: Gengar\n|-singleturn|p2a: Gengar|Protect\n|move|p1b: Sneasler|Throat Chop|p2b: Incineroar\n|-resisted|p2b: Incineroar|1\n|-damage|p2b: Incineroar|77/100\n|-start|p2b: Incineroar|Throat Chop|[silent]\n|move|p1a: Whimsicott|Moonblast|p2b: Incineroar\n|-damage|p2b: Incineroar|50/100\n|\n|upkeep\n|turn|5\n|\n|t:|1776064847\n|switch|p2a: Sinistcha|Sinistcha, L50|67/100\n|-heal|p2b: Incineroar|75/100|[from] ability: Hospitality|[of] p2a: Sinistcha\n|move|p2b: Incineroar|Fake Out|p1b: Sneasler\n|-damage|p1b: Sneasler|81/100\n|cant|p1b: Sneasler|flinch\n|move|p1a: Whimsicott|Moonblast|p2b: Incineroar\n|-crit|p2b: Incineroar\n|-damage|p2b: Incineroar|33/100\n|\n|-end|p2b: Incineroar|Throat Chop|[silent]\n|upkeep\n|turn|6\n|l| jzdr2\n|\n|t:|1776064864\n|move|p2a: Sinistcha|Rage Powder|p2a: Sinistcha\n|-singleturn|p2a: Sinistcha|move: Rage Powder\n|move|p1a: Whimsicott|Tailwind|p1a: Whimsicott\n|-sidestart|p1: lolgz|move: Tailwind\n|move|p1b: Sneasler|Throat Chop|p2a: Sinistcha\n|-supereffective|p2a: Sinistcha|1\n|-damage|p2a: Sinistcha|28/100\n|-start|p2a: Sinistcha|Throat Chop|[silent]\n|move|p2b: Incineroar|Parting Shot|p1b: Sneasler\n|-unboost|p1b: Sneasler|atk|1\n|-unboost|p1b: Sneasler|spa|1\n|\n|t:|1776064874\n|switch|p2b: Gengar|Gengar-Mega, L50, F|70/100|[from] Parting Shot\n|\n|upkeep\n|turn|7\n|j| pipievgc103\n|\n|t:|1776064896\n|move|p1b: Sneasler|Throat Chop|p2a: Sinistcha\n|-supereffective|p2a: Sinistcha|1\n|-damage|p2a: Sinistcha|1/100\n|move|p1a: Whimsicott|Moonblast|p2b: Gengar\n|-resisted|p2b: Gengar|1\n|-damage|p2b: Gengar|48/100\n|move|p2b: Gengar|Shadow Ball|p1b: Sneasler\n|-damage|p1b: Sneasler|20/100\n|-unboost|p1b: Sneasler|spd|1\n|move|p2a: Sinistcha|Life Dew|p2a: Sinistcha|[spread] p2a,p2b\n|-heal|p2a: Sinistcha|26/100\n|-heal|p2b: Gengar|74/100\n|\n|-end|p2a: Sinistcha|Throat Chop|[silent]\n|upkeep\n|turn|8\n|j| sillE roverT\n|\n|t:|1776064914\n|move|p1b: Sneasler|Throat Chop|p2b: Gengar\n|-supereffective|p2b: Gengar|1\n|-damage|p2b: Gengar|34/100\n|-start|p2b: Gengar|Throat Chop|[silent]\n|move|p1a: Whimsicott|Moonblast|p2b: Gengar\n|-resisted|p2b: Gengar|1\n|-damage|p2b: Gengar|15/100\n|move|p2b: Gengar|Shadow Ball|p1b: Sneasler\n|-damage|p1b: Sneasler|0 fnt\n|faint|p1b: Sneasler\n|move|p2a: Sinistcha|Life Dew|p2a: Sinistcha|[spread] p2a,p2b\n|-heal|p2a: Sinistcha|51/100\n|-heal|p2b: Gengar|41/100\n|\n|upkeep\n|\n|t:|1776064920\n|switch|p1b: Floette|Floette-Eternal, L50, F|100/100\n|turn|9\n|l|\u2606lolgz\n|player|p1|\n|j|\u2606lolgz\n|player|p1|lolgz|266|\n|\n|t:|1776064949\n|switch|p2a: Incineroar|Incineroar, L50, M|33/100\n|-ability|p2a: Incineroar|Intimidate|boost\n|-block|p1a: Whimsicott|ability: Flower Veil|[of] p1b: Floette\n|-unboost|p1b: Floette|atk|1\n|detailschange|p1b: Floette|Floette-Mega, L50, F\n|-mega|p1b: Floette|Floette|Floettite\n|-ability|p1b: Floette|Fairy Aura\n|move|p2b: Gengar|Protect|p2b: Gengar\n|-singleturn|p2b: Gengar|Protect\n|move|p1a: Whimsicott|Moonblast|p2b: Gengar\n|-activate|p2b: Gengar|move: Protect\n|move|p1b: Floette|Dazzling Gleam|p2b: Gengar|[spread] p2a\n|-activate|p2b: Gengar|move: Protect\n|-damage|p2a: Incineroar|0 fnt\n|faint|p2a: Incineroar\n|\n|-end|p2b: Gengar|Throat Chop|[silent]\n|-sideend|p1: lolgz|move: Tailwind\n|upkeep\n|\n|t:|1776064965\n|switch|p2a: Sinistcha|Sinistcha, L50|51/100\n|-heal|p2b: Gengar|65/100|[from] ability: Hospitality|[of] p2a: Sinistcha\n|turn|10\n|\n|t:|1776064978\n|move|p1a: Whimsicott|Tailwind|p1a: Whimsicott\n|-sidestart|p1: lolgz|move: Tailwind\n|move|p1b: Floette|Moonblast|p2a: Sinistcha\n|-damage|p2a: Sinistcha|0 fnt\n|faint|p2a: Sinistcha\n|move|p2b: Gengar|Perish Song|p2b: Gengar\n|-start|p1a: Whimsicott|perish3|[silent]\n|-start|p1b: Floette|perish3|[silent]\n|-start|p2b: Gengar|perish3|[silent]\n|-fieldactivate|move: Perish Song\n|\n|-start|p1a: Whimsicott|perish3\n|-start|p1b: Floette|perish3\n|-start|p2b: Gengar|perish3\n|upkeep\n|\n|t:|1776064988\n|switch|p2a: Tyranitar|Tyranitar, L50, M|100/100\n|-weather|Sandstorm|[from] ability: Sand Stream|[of] p2a: Tyranitar\n|turn|11\n|\n|t:|1776065004\n|move|p2b: Gengar|Protect|p2b: Gengar\n|-singleturn|p2b: Gengar|Protect\n|move|p1a: Whimsicott|Sunny Day|p1a: Whimsicott\n|-weather|SunnyDay\n|move|p1b: Floette|Dazzling Gleam|p2a: Tyranitar|[spread] p2a\n|-activate|p2b: Gengar|move: Protect\n|-supereffective|p2a: Tyranitar|1\n|-damage|p2a: Tyranitar|15/100\n|move|p2a: Tyranitar|Stone Edge|p1b: Floette\n|-damage|p1b: Floette|28/100\n|\n|-weather|SunnyDay|[upkeep]\n|-start|p1a: Whimsicott|perish2\n|-start|p1b: Floette|perish2\n|-start|p2b: Gengar|perish2\n|upkeep\n|turn|12\n|\n|t:|1776065021\n|move|p2b: Gengar|Protect|p2b: Gengar\n|-singleturn|p2b: Gengar|Protect\n|move|p1a: Whimsicott|Moonblast|p2b: Gengar\n|-activate|p2b: Gengar|move: Protect\n|move|p1b: Floette|Light of Ruin|p2b: Gengar\n|-activate|p2b: Gengar|move: Protect\n|move|p2a: Tyranitar|Stone Edge|p1b: Floette|[miss]\n|-miss|p2a: Tyranitar|p1b: Floette\n|\n|-weather|SunnyDay|[upkeep]\n|-start|p1a: Whimsicott|perish1\n|-start|p1b: Floette|perish1\n|-start|p2b: Gengar|perish1\n|upkeep\n|turn|13\n|l| TaxiCAB2\n|\n|t:|1776065045\n|move|p1a: Whimsicott|Moonblast|p2a: Tyranitar\n|-supereffective|p2a: Tyranitar|1\n|-damage|p2a: Tyranitar|0 fnt\n|faint|p2a: Tyranitar\n|move|p1b: Floette|Light of Ruin|p2b: Gengar\n|-resisted|p2b: Gengar|1\n|-damage|p2b: Gengar|6/100\n|-damage|p1b: Floette|0 fnt|[from] Recoil\n|faint|p1b: Floette\n|move|p2b: Gengar|Shadow Ball|p1a: Whimsicott\n|-damage|p1a: Whimsicott|22/100\n|-unboost|p1a: Whimsicott|spd|1\n|\n|-weather|SunnyDay|[upkeep]\n|-start|p1a: Whimsicott|perish0\n|-start|p2b: Gengar|perish0\n|-sideend|p1: lolgz|move: Tailwind\n|upkeep\n|faint|p1a: Whimsicott\n|faint|p2b: Gengar\n|\n|win|dagrzekrom\n|n|\u2606dagrzekrom|dagrzekrom\n|n| clownedtocrowned|clownedtocrowned\n|n| mynamegrassgreen|mynamegrassgreen\n|n| pipievgc103|pipievgc103\n|n| sillE roverT|sillerovert\n|n|\u2606lolgz|lolgz\n",
  "uploadtime": 1776065045,
  "views": 17,
  "formatid": "gen9championsvgc2026regma",
  "rating": null,
  "private": 0,
  "password": null
}