{
  "id": "gen9championsvgc2026regma-2582311519",
  "format": "[Gen 9 Champions] VGC 2026 Reg M-A",
  "players": [
    "jpmercado",
    "icantmakenewmetas"
  ],
  "log": "|j|\u2606jpmercado\n|j|\u2606icantmakenewmetas\n|t:|1776082275\n|gametype|doubles\n|player|p1|jpmercado|red|1013\n|player|p2|icantmakenewmetas|colress|1000\n|gen|9\n|tier|[Gen 9 Champions] VGC 2026 Reg M-A\n|rated|\n|rule|Species Clause: Limit one of each Pok\u00e9mon\n|rule|Item Clause: Limit 1 of each item\n|clearpoke\n|poke|p1|Orthworm, L50, F|\n|poke|p1|Rotom-Heat, L50|\n|poke|p1|Tyranitar, L50, M|\n|poke|p1|Incineroar, L50, F|\n|poke|p1|Farigiraf, L50, F|\n|poke|p1|Drampa, L50, F|\n|poke|p2|Dragapult, L50, M|\n|poke|p2|Starmie, L50|\n|poke|p2|Rotom-Wash, L50|\n|poke|p2|Aegislash, L50, M|\n|poke|p2|Mamoswine, L50, M|\n|poke|p2|Talonflame, L50, M|\n|teampreview|4\n|inactive|Battle timer is ON: inactive players will automatically lose when time's up. (requested by jpmercado)\nicantmakenewmetas rejected open team sheets.\n|inactive|jpmercado has 60 seconds left.\n|inactive|icantmakenewmetas has 60 seconds left.\n|inactive|icantmakenewmetas has 30 seconds left.\n|inactive|icantmakenewmetas has 20 seconds left.\n|inactive|icantmakenewmetas has 15 seconds left.\n|\n|t:|1776082356\n|teamsize|p1|4\n|teamsize|p2|4\n|start\n|switch|p1a: Tyranitar|Tyranitar, L50, M|100/100\n|switch|p1b: Orthworm|Orthworm, L50, F|100/100\n|switch|p2a: Starmie|Starmie, L50|100/100\n|switch|p2b: Mamoswine|Mamoswine, L50, M|100/100\n|-weather|Sandstorm|[from] ability: Sand Stream|[of] p1a: Tyranitar\n|turn|1\n|inactive|icantmakenewmetas has 30 seconds left.\n|\n|t:|1776082382\n|detailschange|p2a: Starmie|Starmie-Mega, L50\n|-mega|p2a: Starmie|Starmie|Starminite\n|move|p2a: Starmie|Skill Swap|p1b: Orthworm\n|-activate|p2a: Starmie|Skill Swap|Earth Eater|Huge Power|[of] p1b: Orthworm\n|move|p2b: Mamoswine|Earthquake|p1a: Tyranitar|[spread] p1a,p1b\n|-immune|p2a: Starmie|[from] ability: Earth Eater\n|-supereffective|p1a: Tyranitar|1\n|-supereffective|p1b: Orthworm|1\n|-damage|p1a: Tyranitar|44/100\n|-damage|p1b: Orthworm|49/100\n|-enditem|p1b: Orthworm|Sitrus Berry|[eat]\n|-heal|p1b: Orthworm|73/100|[from] item: Sitrus Berry\n|move|p1b: Orthworm|Body Press|p2b: Mamoswine\n|-supereffective|p2b: Mamoswine|1\n|-enditem|p2b: Mamoswine|Focus Sash\n|-damage|p2b: Mamoswine|1/100\n|move|p1a: Tyranitar|Earthquake|p2a: Starmie|[spread] p1b,p2b\n|-immune|p2a: Starmie|[from] ability: Earth Eater\n|-supereffective|p1b: Orthworm|1\n|-damage|p1b: Orthworm|38/100\n|-damage|p2b: Mamoswine|0 fnt\n|faint|p2b: Mamoswine\n|\n|-weather|Sandstorm|[upkeep]\n|-damage|p2a: Starmie|95/100|[from] Sandstorm\n|upkeep\n|inactive|icantmakenewmetas has 30 seconds left.\n|inactive|icantmakenewmetas has 20 seconds left.\n|\n|t:|1776082418\n|switch|p2b: Aegislash|Aegislash, L50, M|100/100\n|turn|2\n|c|\u2606jpmercado|what the hell that was unexpected\n|\n|t:|1776082442\n|switch|p1a: Incineroar|Incineroar, L50, F|100/100\n|-ability|p1a: Incineroar|Intimidate|boost\n|-unboost|p2a: Starmie|atk|1\n|-unboost|p2b: Aegislash|atk|1\n|move|p2b: Aegislash|King's Shield|p2b: Aegislash\n|-singleturn|p2b: Aegislash|Protect\n|move|p2a: Starmie|Liquidation|p1a: Incineroar\n|-supereffective|p1a: Incineroar|1\n|-enditem|p1a: Incineroar|Passho Berry|[eat]\n|-enditem|p1a: Incineroar|Passho Berry|[weaken]\n|-damage|p1a: Incineroar|80/100\n|move|p1b: Orthworm|Heavy Slam|p2a: Starmie\n|-resisted|p2a: Starmie|1\n|-damage|p2a: Starmie|64/100\n|\n|-weather|Sandstorm|[upkeep]\n|-damage|p2a: Starmie|58/100|[from] Sandstorm\n|-damage|p1a: Incineroar|74/100|[from] Sandstorm\n|upkeep\n|turn|3\n|c|\u2606icantmakenewmetas|my first ever vgc game btw\n|inactive|icantmakenewmetas has 30 seconds left.\n|\n|t:|1776082468\n|move|p1a: Incineroar|Fake Out|p2a: Starmie\n|-damage|p2a: Starmie|42/100\n|cant|p2a: Starmie|flinch\n|move|p1b: Orthworm|Heavy Slam|p2a: Starmie\n|-resisted|p2a: Starmie|1\n|-damage|p2a: Starmie|10/100\n|-formechange|p2b: Aegislash|Aegislash-Blade|\n|move|p2b: Aegislash|Shadow Ball|p1b: Orthworm\n|-damage|p1b: Orthworm|0 fnt\n|faint|p1b: Orthworm\n|\n|-weather|Sandstorm|[upkeep]\n|-damage|p2a: Starmie|4/100|[from] Sandstorm\n|-damage|p1a: Incineroar|68/100|[from] Sandstorm\n|upkeep\n|\n|t:|1776082490\n|switch|p1b: Rotom|Rotom-Heat, L50|100/100\n|turn|4\n|\n|t:|1776082501\n|switch|p2a: Rotom|Rotom-Wash, L50|100/100\n|move|p1b: Rotom|Protect|p1b: Rotom\n|-singleturn|p1b: Rotom|Protect\n|-formechange|p2b: Aegislash|Aegislash|\n|move|p2b: Aegislash|King's Shield|p2b: Aegislash\n|-singleturn|p2b: Aegislash|Protect\n|move|p1a: Incineroar|Darkest Lariat|p2a: Rotom\n|-damage|p2a: Rotom|68/100\n|\n|-weather|Sandstorm|[upkeep]\n|-damage|p1b: Rotom|95/100|[from] Sandstorm\n|-damage|p2a: Rotom|62/100|[from] Sandstorm\n|-damage|p1a: Incineroar|62/100|[from] Sandstorm\n|-heal|p2a: Rotom|68/100|[from] item: Leftovers\n|upkeep\n|turn|5\n|inactive|jpmercado has 30 seconds left.\n|inactive|icantmakenewmetas has 30 seconds left.\n|inactive|jpmercado has 20 seconds left.\n|inactive|icantmakenewmetas has 20 seconds left.\n|\n|t:|1776082541\n|switch|p2b: Starmie|Starmie-Mega, L50|4/100\n|move|p2a: Rotom|Hydro Pump|p1b: Rotom\n|-supereffective|p1b: Rotom|1\n|-damage|p1b: Rotom|17/100\n|move|p1b: Rotom|Eerie Impulse|p2a: Rotom\n|-unboost|p2a: Rotom|spa|2\n|move|p1a: Incineroar|Flare Blitz|p2b: Starmie\n|-resisted|p2b: Starmie|1\n|-damage|p2b: Starmie|0 fnt\n|faint|p2b: Starmie\n|-damage|p1a: Incineroar|60/100|[from] Recoil\n|\n|-weather|none\n|-heal|p2a: Rotom|74/100|[from] item: Leftovers\n|upkeep\n|\n|t:|1776082554\n|switch|p2b: Aegislash|Aegislash, L50, M|100/100\n|turn|6\n|\n|t:|1776082571\n|move|p1b: Rotom|Protect|p1b: Rotom\n|-singleturn|p1b: Rotom|Protect\n|move|p2b: Aegislash|King's Shield|p2b: Aegislash\n|-singleturn|p2b: Aegislash|Protect\n|move|p2a: Rotom|Hydro Pump|p1a: Incineroar\n|-supereffective|p1a: Incineroar|1\n|-damage|p1a: Incineroar|23/100\n|move|p1a: Incineroar|Parting Shot|p2a: Rotom\n|-unboost|p2a: Rotom|atk|1\n|-unboost|p2a: Rotom|spa|1\n|\n|t:|1776082578\n|switch|p1a: Tyranitar|Tyranitar, L50, M|44/100|[from] Parting Shot\n|-weather|Sandstorm|[from] ability: Sand Stream|[of] p1a: Tyranitar\n|\n|-weather|Sandstorm|[upkeep]\n|-damage|p2a: Rotom|68/100|[from] Sandstorm\n|-damage|p1b: Rotom|11/100|[from] Sandstorm\n|-heal|p2a: Rotom|74/100|[from] item: Leftovers\n|upkeep\n|turn|7\n|\n|t:|1776082607\n|detailschange|p1a: Tyranitar|Tyranitar-Mega, L50, M\n|-mega|p1a: Tyranitar|Tyranitar|Tyranitarite\n|move|p2a: Rotom|Helping Hand|p2b: Aegislash\n|-singleturn|p2b: Aegislash|Helping Hand|[of] p2a: Rotom\n|move|p1b: Rotom|Thunderbolt|p2a: Rotom\n|-crit|p2a: Rotom\n|-damage|p2a: Rotom|12/100\n|move|p1a: Tyranitar|Earthquake|p2a: Rotom|[spread] p2b\n|-immune|p1b: Rotom|[from] ability: Levitate\n|-immune|p2a: Rotom|[from] ability: Levitate\n|-supereffective|p2b: Aegislash|1\n|-damage|p2b: Aegislash|55/100\n|-formechange|p2b: Aegislash|Aegislash-Blade|\n|move|p2b: Aegislash|Flash Cannon|p1a: Tyranitar\n|-supereffective|p1a: Tyranitar|1\n|-damage|p1a: Tyranitar|0 fnt\n|faint|p1a: Tyranitar\n|\n|-weather|Sandstorm|[upkeep]\n|-damage|p1b: Rotom|6/100|[from] Sandstorm\n|-damage|p2a: Rotom|6/100|[from] Sandstorm\n|-heal|p2a: Rotom|12/100|[from] item: Leftovers\n|upkeep\n|\n|t:|1776082614\n|switch|p1a: Incineroar|Incineroar, L50, F|23/100\n|-ability|p1a: Incineroar|Intimidate|boost\n|-unboost|p2a: Rotom|atk|1\n|-unboost|p2b: Aegislash|atk|1\n|turn|8\n|\n|t:|1776082636\n|move|p2a: Rotom|Protect|p2a: Rotom\n|-singleturn|p2a: Rotom|Protect\n|-formechange|p2b: Aegislash|Aegislash|\n|move|p2b: Aegislash|King's Shield|p2b: Aegislash\n|-singleturn|p2b: Aegislash|Protect\n|move|p1a: Incineroar|Fake Out|p2a: Rotom\n|-activate|p2a: Rotom|move: Protect\n|move|p1b: Rotom|Thunderbolt|p2b: Aegislash\n|-activate|p2b: Aegislash|move: Protect\n|\n|-weather|Sandstorm|[upkeep]\n|-damage|p2a: Rotom|6/100|[from] Sandstorm\n|-damage|p1b: Rotom|0 fnt|[from] Sandstorm\n|-damage|p1a: Incineroar|17/100|[from] Sandstorm\n|faint|p1b: Rotom\n|-heal|p2a: Rotom|12/100|[from] item: Leftovers\n|upkeep\n|turn|9\n|c|\u2606jpmercado|ggsd\n|-message|jpmercado forfeited.\n|\n|win|icantmakenewmetas\n|raw|jpmercado's rating: 1013 &rarr; <strong>1001</strong><br />(-12 for losing)\n|raw|icantmakenewmetas's rating: 1000 &rarr; <strong>1041</strong><br />(+41 for winning)\n|l|\u2606jpmercado\n|player|p1|\n|c|\u2606icantmakenewmetas|ggwp\n",
  "uploadtime": 1776082652,
  "views": 22,
  "formatid": "gen9championsvgc2026regma",
  "rating": 1001,
  "private": 0,
  "password": null
}