{
  "id": "gen9championsvgc2026regma-2586995959",
  "format": "[Gen 9 Champions] VGC 2026 Reg M-A",
  "players": [
    "OuiMus_KXYRIU9",
    "testingtesting101"
  ],
  "log": "|j|\u2606OuiMus_KXYRIU9\n|j|\u2606testingtesting101\n|t:|1776479428\n|gametype|doubles\n|player|p1|OuiMus_KXYRIU9|102|1129\n|player|p2|testingtesting101|buck|1190\n|gen|9\n|tier|[Gen 9 Champions] VGC 2026 Reg M-A\n|rated|\n|rule|Species Clause: Limit one of each Pok\u00e9mon\n|rule|Item Clause: Limit 1 of each item\n|clearpoke\n|poke|p1|Gengar, L50, F|\n|poke|p1|Slowking, L50, M|\n|poke|p1|Volcarona, L50, F|\n|poke|p1|Incineroar, L50, F|\n|poke|p1|Rotom-Wash, L50|\n|poke|p1|Zoroark-Hisui, L50, F|\n|poke|p2|Delphox, L50, F|\n|poke|p2|Hydrapple, L50, M|\n|poke|p2|Garchomp, L50, M|\n|poke|p2|Torkoal, L50, M|\n|poke|p2|Mimikyu, L50, F|\n|poke|p2|Pidgeot, L50, F|\n|teampreview|4\n|inactive|Battle timer is ON: inactive players will automatically lose when time's up. (requested by OuiMus_KXYRIU9)\ntestingtesting101 rejected open team sheets.\n|inactive|OuiMus_KXYRIU9 has 60 seconds left.\n|inactive|testingtesting101 has 60 seconds left.\n|inactive|OuiMus_KXYRIU9 has 30 seconds left.\n|\n|t:|1776479492\n|teamsize|p1|4\n|teamsize|p2|4\n|start\n|switch|p1a: Gengar|Gengar, L50, F|100/100\n|switch|p1b: Volcarona|Volcarona, L50, F|100/100\n|switch|p2a: Pidgeot|Pidgeot, L50, F|100/100\n|switch|p2b: Garchomp|Garchomp, L50, M|100/100\n|turn|1\n|inactive|OuiMus_KXYRIU9 has 30 seconds left.\n|\n|t:|1776479522\n|switch|p1b: Incineroar|Incineroar, L50, F|100/100\n|-ability|p1b: Incineroar|Intimidate|boost\n|-unboost|p2a: Pidgeot|atk|1\n|-unboost|p2b: Garchomp|atk|1\n|detailschange|p1a: Gengar|Gengar-Mega, L50, F\n|-mega|p1a: Gengar|Gengar|Gengarite\n|detailschange|p2a: Pidgeot|Pidgeot-Mega, L50, F\n|-mega|p2a: Pidgeot|Pidgeot|Pidgeotite\n|move|p1a: Gengar|Protect|p1a: Gengar\n|-singleturn|p1a: Gengar|Protect\n|move|p2b: Garchomp|Earthquake|p1a: Gengar|[spread] p1b\n|-activate|p1a: Gengar|move: Protect\n|-immune|p2a: Pidgeot\n|-supereffective|p1b: Incineroar|1\n|-damage|p1b: Incineroar|67/100\n|move|p2a: Pidgeot|Heat Wave|p1b: Incineroar|[spread] p1b\n|-activate|p1a: Gengar|move: Protect\n|-resisted|p1b: Incineroar|1\n|-damage|p1b: Incineroar|56/100\n|\n|-heal|p1b: Incineroar|62/100|[from] item: Leftovers\n|upkeep\n|turn|2\n|\n|t:|1776479543\n|move|p2a: Pidgeot|Protect|p2a: Pidgeot\n|-singleturn|p2a: Pidgeot|Protect\n|move|p1b: Incineroar|Fake Out|p2b: Garchomp\n|-damage|p2b: Garchomp|89/100\n|-damage|p1b: Incineroar|50/100|[from] ability: Rough Skin|[of] p2b: Garchomp\n|cant|p2b: Garchomp|flinch\n|move|p1a: Gengar|Perish Song|p1a: Gengar\n|-start|p1a: Gengar|perish3|[silent]\n|-start|p1b: Incineroar|perish3|[silent]\n|-start|p2a: Pidgeot|perish3|[silent]\n|-start|p2b: Garchomp|perish3|[silent]\n|-fieldactivate|move: Perish Song\n|\n|-heal|p1b: Incineroar|55/100|[from] item: Leftovers\n|-start|p2b: Garchomp|perish3\n|-start|p1a: Gengar|perish3\n|-start|p2a: Pidgeot|perish3\n|-start|p1b: Incineroar|perish3\n|upkeep\n|turn|3\n|\n|t:|1776479561\n|move|p1a: Gengar|Protect|p1a: Gengar\n|-singleturn|p1a: Gengar|Protect\n|move|p2b: Garchomp|Earthquake|p1a: Gengar|[spread] p1b\n|-activate|p1a: Gengar|move: Protect\n|-immune|p2a: Pidgeot\n|-supereffective|p1b: Incineroar|1\n|-damage|p1b: Incineroar|19/100\n|move|p2a: Pidgeot|Hurricane|p1b: Incineroar\n|-damage|p1b: Incineroar|0 fnt\n|faint|p1b: Incineroar\n|\n|-start|p2b: Garchomp|perish2\n|-start|p1a: Gengar|perish2\n|-start|p2a: Pidgeot|perish2\n|upkeep\n|\n|t:|1776479577\n|switch|p1b: Slowking|Slowking, L50, M|100/100\n|turn|4\n|inactive|testingtesting101 has 30 seconds left.\n|\n|t:|1776479605\n|switch|p1a: Volcarona|Volcarona, L50, F|100/100\n|move|p2b: Garchomp|Earthquake|p1a: Volcarona|[spread] p1a,p1b\n|-immune|p2a: Pidgeot\n|-damage|p1a: Volcarona|80/100\n|-damage|p1b: Slowking|72/100\n|move|p2a: Pidgeot|Hurricane|p1a: Volcarona\n|-supereffective|p1a: Volcarona|1\n|-damage|p1a: Volcarona|0 fnt\n|faint|p1a: Volcarona\n|-prepare|p1b: Slowking|Chilly Reception|[premajor]\n|move|p1b: Slowking|Chilly Reception|p1b: Slowking\n|-weather|Snowscape\n|\n|t:|1776479618\n|switch|p1b: Gengar|Gengar-Mega, L50, F|100/100|[from] Chilly Reception\n|\n|-weather|Snowscape|[upkeep]\n|-start|p2b: Garchomp|perish1\n|-start|p2a: Pidgeot|perish1\n|upkeep\n|\n|t:|1776479624\n|switch|p1a: Slowking|Slowking, L50, M|100/100\n|turn|5\n|\n|t:|1776479636\n|move|p1b: Gengar|Protect|p1b: Gengar\n|-singleturn|p1b: Gengar|Protect\n|move|p1a: Slowking|Protect|p1a: Slowking\n|-singleturn|p1a: Slowking|Protect\n|move|p2b: Garchomp|Earthquake|p1b: Gengar|[spread] \n|-activate|p1a: Slowking|move: Protect\n|-activate|p1b: Gengar|move: Protect\n|-immune|p2a: Pidgeot\n|move|p2a: Pidgeot|Hurricane|p1a: Slowking\n|-activate|p1a: Slowking|move: Protect\n|\n|-weather|Snowscape|[upkeep]\n|-start|p2b: Garchomp|perish0\n|-start|p2a: Pidgeot|perish0\n|faint|p2b: Garchomp\n|faint|p2a: Pidgeot\n|upkeep\n|\n|t:|1776479639\n|switch|p2a: Torkoal|Torkoal, L50, M|100/100\n|switch|p2b: Hehehehe...|Mimikyu, L50, F|100/100\n|-weather|SunnyDay|[from] ability: Drought|[of] p2a: Torkoal\n|turn|6\n|inactive|OuiMus_KXYRIU9 has 30 seconds left.\n|inactive|OuiMus_KXYRIU9 has 20 seconds left.\n|inactive|OuiMus_KXYRIU9 has 15 seconds left.\n|\n|t:|1776479682\n|move|p2a: Torkoal|Protect|p2a: Torkoal\n|-singleturn|p2a: Torkoal|Protect\n|move|p1b: Gengar|Shadow Ball|p2b: Hehehehe...\n|-activate|p2b: Hehehehe...|ability: Disguise\n|-damage|p2b: Hehehehe...|100/100\n|detailschange|p2b: Hehehehe...|Mimikyu-Busted, L50, F\n|-damage|p2b: Hehehehe...|88/100|[from] pokemon: Mimikyu-Busted\n|move|p2b: Hehehehe...|Trick Room|p2b: Hehehehe...\n|-fieldstart|move: Trick Room|[of] p2b: Hehehehe...\n|move|p1a: Slowking|Trick Room|p1a: Slowking\n|-fieldend|move: Trick Room\n|\n|-weather|SunnyDay|[upkeep]\n|upkeep\n|turn|7\n|\n|t:|1776479700\n|move|p2b: Hehehehe...|Protect|p2b: Hehehehe...\n|-singleturn|p2b: Hehehehe...|Protect\n|move|p1b: Gengar|Shadow Ball|p2b: Hehehehe...\n|-activate|p2b: Hehehehe...|move: Protect\n|move|p1a: Slowking|Scald|p2a: Torkoal\n|-supereffective|p2a: Torkoal|1\n|-damage|p2a: Torkoal|63/100\n|move|p2a: Torkoal|Heat Wave|p1a: Slowking|[spread] p1a,p1b\n|-resisted|p1a: Slowking|1\n|-crit|p1b: Gengar\n|-damage|p1a: Slowking|85/100\n|-damage|p1b: Gengar|0 fnt\n|faint|p1b: Gengar\n|\n|-weather|SunnyDay|[upkeep]\n|upkeep\n|turn|8\n|c|\u2606testingtesting101|Gg\n|inactive|OuiMus_KXYRIU9 has 30 seconds left.\n|inactive|testingtesting101 has 30 seconds left.\n|\n|t:|1776479735\n|move|p2b: Hehehehe...|Shadow Claw|p1a: Slowking\n|-supereffective|p1a: Slowking|1\n|-damage|p1a: Slowking|30/100\n|-enditem|p1a: Slowking|Sitrus Berry|[eat]\n|-heal|p1a: Slowking|55/100|[from] item: Sitrus Berry\n|move|p1a: Slowking|Scald|p2b: Hehehehe...\n|-damage|p2b: Hehehehe...|76/100\n|move|p2a: Torkoal|Solar Beam||[still]\n|-prepare|p2a: Torkoal|Solar Beam\n|-anim|p2a: Torkoal|Solar Beam|p1a: Slowking\n|-supereffective|p1a: Slowking|1\n|-damage|p1a: Slowking|13/100\n|\n|-weather|SunnyDay|[upkeep]\n|upkeep\n|turn|9\n|c|\u2606OuiMus_KXYRIU9|bruh\n|c|\u2606testingtesting101|Gg\n|\n|t:|1776479749\n|move|p2a: Torkoal|Protect|p2a: Torkoal\n|-singleturn|p2a: Torkoal|Protect\n|move|p1a: Slowking|Scald|p2b: Hehehehe...\n|-damage|p2b: Hehehehe...|66/100\n|move|p2b: Hehehehe...|Trick Room|p2b: Hehehehe...\n|-fieldstart|move: Trick Room|[of] p2b: Hehehehe...\n|\n|-weather|SunnyDay|[upkeep]\n|upkeep\n|turn|10\n|\n|t:|1776479761\n|move|p2a: Torkoal|Eruption|p1a: Slowking\n|-resisted|p1a: Slowking|1\n|-damage|p1a: Slowking|0 fnt\n|faint|p1a: Slowking\n|\n|win|testingtesting101\n|raw|OuiMus_KXYRIU9's rating: 1129 &rarr; <strong>1108</strong><br />(-21 for losing)\n|raw|testingtesting101's rating: 1190 &rarr; <strong>1211</strong><br />(+21 for winning)\n",
  "uploadtime": 1776479764,
  "views": 14,
  "formatid": "gen9championsvgc2026regma",
  "rating": 1108,
  "private": 0,
  "password": null
}