{
  "id": "gen9championsvgc2026regma-2584160566",
  "format": "[Gen 9 Champions] VGC 2026 Reg M-A",
  "players": [
    "Missed Ledgedash",
    "PKV#5336"
  ],
  "log": "|j|\u2606Missed Ledgedash\n|j|\u2606PKV#5336\n|t:|1776232428\n|gametype|doubles\n|player|p1|Missed Ledgedash|juan-gen3|1221\n|player|p2|PKV#5336|1|1317\n|gen|9\n|tier|[Gen 9 Champions] VGC 2026 Reg M-A\n|rated|\n|rule|Species Clause: Limit one of each Pok\u00e9mon\n|rule|Item Clause: Limit 1 of each item\n|clearpoke\n|poke|p1|Incineroar, L50, M|\n|poke|p1|Gengar, L50, F|\n|poke|p1|Sneasler, L50, F|\n|poke|p1|Tyranitar, L50, M|\n|poke|p1|Sinistcha, L50|\n|poke|p1|Rotom-Wash, L50|\n|poke|p2|Froslass, L50, F|\n|poke|p2|Garchomp, L50, M|\n|poke|p2|Rotom-Frost, L50|\n|poke|p2|Empoleon, L50, F|\n|poke|p2|Incineroar, L50, F|\n|poke|p2|Kingambit, L50, F|\n|teampreview|4\n|\n|t:|1776232473\n|teamsize|p1|4\n|teamsize|p2|4\n|start\n|switch|p1a: Gengar|Gengar, L50, F|100/100\n|switch|p1b: Sneasler|Sneasler, L50, F|100/100\n|switch|p2a: Garchomp|Garchomp, L50, M|100/100\n|switch|p2b: Rotom|Rotom-Frost, L50|100/100\n|turn|1\n|\n|t:|1776232489\n|detailschange|p1a: Gengar|Gengar-Mega, L50, F\n|-mega|p1a: Gengar|Gengar|Gengarite\n|move|p2b: Rotom|Electroweb|p1a: Gengar|[spread] p1a,p1b\n|-damage|p1a: Gengar|80/100\n|-damage|p1b: Sneasler|76/100\n|-unboost|p1a: Gengar|spe|1\n|-unboost|p1b: Sneasler|spe|1\n|-enditem|p1b: Sneasler|White Herb\n|-clearnegativeboost|p1b: Sneasler|[silent]\n|move|p1b: Sneasler|Close Combat|p2a: Garchomp\n|-damage|p2a: Garchomp|36/100\n|-unboost|p1b: Sneasler|def|1\n|-unboost|p1b: Sneasler|spd|1\n|-damage|p1b: Sneasler|64/100|[from] ability: Rough Skin|[of] p2a: Garchomp\n|move|p2a: Garchomp|Earthquake|p1a: Gengar|[spread] p1a,p1b\n|-immune|p2b: Rotom|[from] ability: Levitate\n|-supereffective|p1a: Gengar|1\n|-supereffective|p1b: Sneasler|1\n|-damage|p1a: Gengar|0 fnt\n|-damage|p1b: Sneasler|0 fnt\n|faint|p1a: Gengar\n|faint|p1b: Sneasler\n|\n|upkeep\n|\n|t:|1776232505\n|switch|p1a: Incineroar|Incineroar, L50, M|100/100\n|switch|p1b: Rotom|Rotom-Wash, L50|100/100\n|-ability|p1a: Incineroar|Intimidate|boost\n|-unboost|p2a: Garchomp|atk|1\n|-unboost|p2b: Rotom|atk|1\n|-enditem|p2a: Garchomp|White Herb\n|-clearnegativeboost|p2a: Garchomp|[silent]\n|turn|2\n|\n|t:|1776232533\n|switch|p2b: Kingambit|Kingambit, L50, F|100/100\n|switch|p2a: Froslass|Froslass, L50, F|100/100\n|move|p1a: Incineroar|Fake Out|p2a: Froslass\n|-immune|p2a: Froslass\n|move|p1b: Rotom|Nasty Plot|p1b: Rotom\n|-boost|p1b: Rotom|spa|2\n|\n|upkeep\n|turn|3\n|\n|t:|1776232559\n|detailschange|p2a: Froslass|Froslass-Mega, L50, F\n|-mega|p2a: Froslass|Froslass|Froslassite\n|-weather|Snowscape|[from] ability: Snow Warning|[of] p2a: Froslass\n|move|p2b: Kingambit|Sucker Punch|p1b: Rotom\n|-damage|p1b: Rotom|60/100\n|move|p2a: Froslass|Aurora Veil|p2a: Froslass\n|-sidestart|p2: PKV#5336|move: Aurora Veil\n|move|p1b: Rotom|Hydro Pump|p2b: Kingambit\n|-damage|p2b: Kingambit|20/100\n|move|p1a: Incineroar|Throat Chop|p2a: Froslass\n|-supereffective|p2a: Froslass|1\n|-damage|p2a: Froslass|54/100\n|-start|p2a: Froslass|Throat Chop|[silent]\n|\n|-weather|Snowscape|[upkeep]\n|upkeep\n|turn|4\n|\n|t:|1776232581\n|move|p1b: Rotom|Protect|p1b: Rotom\n|-singleturn|p1b: Rotom|Protect\n|move|p2b: Kingambit|Sucker Punch||[still]\n|-fail|p2b: Kingambit\n|move|p2a: Froslass|Shadow Ball|p1b: Rotom\n|-activate|p1b: Rotom|move: Protect\n|move|p1a: Incineroar|Throat Chop|p2a: Froslass\n|-supereffective|p2a: Froslass|1\n|-damage|p2a: Froslass|11/100\n|\n|-weather|Snowscape|[upkeep]\n|-end|p2a: Froslass|Throat Chop|[silent]\n|upkeep\n|turn|5\n|\n|t:|1776232597\n|move|p2a: Froslass|Shadow Ball|p1b: Rotom\n|-damage|p1b: Rotom|6/100\n|-enditem|p1b: Rotom|Sitrus Berry|[eat]\n|-heal|p1b: Rotom|30/100|[from] item: Sitrus Berry\n|move|p2b: Kingambit|Low Kick|p1a: Incineroar\n|-supereffective|p1a: Incineroar|1\n|-damage|p1a: Incineroar|56/100\n|move|p1b: Rotom|Nasty Plot|p1b: Rotom\n|-boost|p1b: Rotom|spa|2\n|move|p1a: Incineroar|Throat Chop|p2a: Froslass\n|-supereffective|p2a: Froslass|1\n|-damage|p2a: Froslass|0 fnt\n|faint|p2a: Froslass\n|\n|-weather|Snowscape|[upkeep]\n|upkeep\n|\n|t:|1776232612\n|switch|p2a: Garchomp|Garchomp, L50, M|36/100\n|turn|6\n|\n|t:|1776232627\n|switch|p2b: Rotom|Rotom-Frost, L50|100/100\n|move|p1b: Rotom|Protect|p1b: Rotom\n|-singleturn|p1b: Rotom|Protect\n|move|p2a: Garchomp|Earthquake|p1a: Incineroar|[spread] p1a\n|-activate|p1b: Rotom|move: Protect\n|-immune|p2b: Rotom|[from] ability: Levitate\n|-supereffective|p1a: Incineroar|1\n|-enditem|p1a: Incineroar|Shuca Berry|[eat]\n|-enditem|p1a: Incineroar|Shuca Berry|[weaken]\n|-damage|p1a: Incineroar|27/100\n|move|p1a: Incineroar|Throat Chop|p2a: Garchomp\n|-damage|p2a: Garchomp|14/100\n|-start|p2a: Garchomp|Throat Chop|[silent]\n|-damage|p1a: Incineroar|15/100|[from] ability: Rough Skin|[of] p2a: Garchomp\n|\n|-weather|Snowscape|[upkeep]\n|upkeep\n|turn|7\n|\n|t:|1776232651\n|move|p1a: Incineroar|Protect|p1a: Incineroar\n|-singleturn|p1a: Incineroar|Protect\n|move|p2b: Rotom|Thunderbolt|p1b: Rotom\n|-damage|p1b: Rotom|0 fnt\n|faint|p1b: Rotom\n|move|p2a: Garchomp|Dragon Claw|p1a: Incineroar\n|-activate|p1a: Incineroar|move: Protect\n|\n|-weather|none\n|-end|p2a: Garchomp|Throat Chop|[silent]\n|-sideend|p2: PKV#5336|move: Aurora Veil\n|upkeep\n|turn|8\n|\n|t:|1776232659\n|move|p2b: Rotom|Thunderbolt|p1a: Incineroar\n|-damage|p1a: Incineroar|0 fnt\n|faint|p1a: Incineroar\n|\n|win|PKV#5336\n|raw|Missed Ledgedash's rating: 1221 &rarr; <strong>1203</strong><br />(-18 for losing)\n|raw|PKV#5336's rating: 1317 &rarr; <strong>1332</strong><br />(+15 for winning)\n",
  "uploadtime": 1776232659,
  "views": 25,
  "formatid": "gen9championsvgc2026regma",
  "rating": 1203,
  "private": 0,
  "password": null
}