{
  "id": "gen9championsvgc2026regma-2587503838",
  "format": "[Gen 9 Champions] VGC 2026 Reg M-A",
  "players": [
    "tonybravais",
    "BitterMelon1"
  ],
  "log": "|j|\u2606tonybravais\n|j|\u2606BitterMelon1\n|t:|1776537406\n|gametype|doubles\n|player|p1|tonybravais|265|1139\n|player|p2|BitterMelon1|101|1085\n|gen|9\n|tier|[Gen 9 Champions] VGC 2026 Reg M-A\n|rated|\n|rule|Species Clause: Limit one of each Pok\u00e9mon\n|rule|Item Clause: Limit 1 of each item\n|clearpoke\n|poke|p1|Milotic, L50, F|\n|poke|p1|Volcarona, L50, F|\n|poke|p1|Hydreigon, L50, F|\n|poke|p1|Lucario, L50, F, shiny|\n|poke|p1|Glimmora, L50, M|\n|poke|p1|Mudsdale, L50, F|\n|poke|p2|Gengar, L50, M|\n|poke|p2|Feraligatr, L50, F|\n|poke|p2|Tsareena, L50, F|\n|poke|p2|Incineroar, L50, F|\n|poke|p2|Basculegion, L50, M|\n|poke|p2|Pelipper, L50, F|\n|teampreview|4\n|inactive|Battle timer is ON: inactive players will automatically lose when time's up. (requested by BitterMelon1)\n|inactive|tonybravais has 60 seconds left.\n|\n|t:|1776537498\n|teamsize|p1|4\n|teamsize|p2|4\n|start\n|switch|p1a: Lucario|Lucario, L50, F, shiny|100/100\n|switch|p1b: Glimmora|Glimmora, L50, M|100/100\n|switch|p2a: Incineroar|Incineroar, L50, F|100/100\n|switch|p2b: Pelipper|Pelipper, L50, F|100/100\n|-weather|RainDance|[from] ability: Drizzle|[of] p2b: Pelipper\n|-ability|p2a: Incineroar|Intimidate|boost\n|-fail|p1a: Lucario|unboost|Attack|[from] ability: Inner Focus|[of] p1a: Lucario\n|-unboost|p1b: Glimmora|atk|1\n|turn|1\n|\n|t:|1776537516\n|detailschange|p1b: Glimmora|Glimmora-Mega, L50, M\n|-mega|p1b: Glimmora|Glimmora|Glimmoranite\n|move|p1b: Glimmora|Spiky Shield|p1b: Glimmora\n|-singleturn|p1b: Glimmora|move: Protect\n|move|p2a: Incineroar|Fake Out|p1a: Lucario\n|-resisted|p1a: Lucario|1\n|-damage|p1a: Lucario|90/100\n|move|p1a: Lucario|Close Combat|p2a: Incineroar\n|-supereffective|p2a: Incineroar|1\n|-damage|p2a: Incineroar|0 fnt\n|-unboost|p1a: Lucario|def|1\n|-unboost|p1a: Lucario|spd|1\n|faint|p2a: Incineroar\n|move|p2b: Pelipper|Tailwind|p2b: Pelipper\n|-sidestart|p2: BitterMelon1|move: Tailwind\n|\n|-weather|RainDance|[upkeep]\n|upkeep\n|\n|t:|1776537540\n|switch|p2a: Feraligatr|Feraligatr, L50, F|100/100\n|turn|2\n|inactive|tonybravais has 30 seconds left.\n|inactive|tonybravais has 20 seconds left.\n|\n|t:|1776537579\n|detailschange|p2a: Feraligatr|Feraligatr-Mega, L50, F\n|-mega|p2a: Feraligatr|Feraligatr|Feraligite\n|move|p1a: Lucario|Protect|p1a: Lucario\n|-singleturn|p1a: Lucario|Protect\n|move|p2a: Feraligatr|Earthquake|p1a: Lucario|[spread] p1b\n|-activate|p1a: Lucario|move: Protect\n|-immune|p2b: Pelipper\n|-supereffective|p1b: Glimmora|2\n|-damage|p1b: Glimmora|0 fnt\n|faint|p1b: Glimmora\n|move|p2b: Pelipper|Muddy Water|p1a: Lucario\n|-activate|p1a: Lucario|move: Protect\n|\n|-weather|RainDance|[upkeep]\n|upkeep\n|\n|t:|1776537593\n|switch|p1b: Hydreigon|Hydreigon, L50, F|100/100\n|turn|3\n|inactive|BitterMelon1 has 30 seconds left.\n|\n|t:|1776537618\n|move|p1b: Hydreigon|Draco Meteor|p2a: Feraligatr\n|-supereffective|p2a: Feraligatr|1\n|-damage|p2a: Feraligatr|0 fnt\n|-unboost|p1b: Hydreigon|spa|2\n|faint|p2a: Feraligatr\n|move|p2b: Pelipper|Icy Wind|p1a: Lucario|[spread] p1a,p1b\n|-resisted|p1a: Lucario|1\n|-crit|p1a: Lucario\n|-supereffective|p1b: Hydreigon|1\n|-damage|p1a: Lucario|73/100\n|-damage|p1b: Hydreigon|80/100\n|-unboost|p1a: Lucario|spe|1\n|-unboost|p1b: Hydreigon|spe|1\n|move|p1a: Lucario|Meteor Mash|p2b: Pelipper\n|-resisted|p2b: Pelipper|1\n|-damage|p2b: Pelipper|77/100\n|-boost|p1a: Lucario|atk|1\n|\n|-weather|RainDance|[upkeep]\n|upkeep\n|\n|t:|1776537635\n|switch|p2a: Basculegion|Basculegion, L50, M|100/100\n|turn|4\n|inactive|BitterMelon1 has 30 seconds left.\n|\n|t:|1776537665\n|move|p1a: Lucario|Protect|p1a: Lucario\n|-singleturn|p1a: Lucario|Protect\n|move|p2a: Basculegion|Last Respects|p1b: Hydreigon\n|-resisted|p1b: Hydreigon|1\n|-damage|p1b: Hydreigon|39/100\n|move|p2b: Pelipper|Icy Wind|p1a: Lucario|[spread] p1b\n|-activate|p1a: Lucario|move: Protect\n|-supereffective|p1b: Hydreigon|1\n|-damage|p1b: Hydreigon|16/100\n|-unboost|p1b: Hydreigon|spe|1\n|move|p1b: Hydreigon|Draco Meteor|p2b: Pelipper|[miss]\n|-miss|p1b: Hydreigon|p2b: Pelipper\n|\n|-weather|RainDance|[upkeep]\n|-sideend|p2: BitterMelon1|move: Tailwind\n|upkeep\n|turn|5\n|inactive|tonybravais has 30 seconds left.\n|inactive|BitterMelon1 has 30 seconds left.\n|\n|t:|1776537693\n|switch|p1b: Volcarona|Volcarona, L50, F|100/100\n|move|p1a: Lucario|Extreme Speed|p2b: Pelipper\n|-damage|p2b: Pelipper|40/100\n|move|p2a: Basculegion|Last Respects|p1a: Lucario\n|-damage|p1a: Lucario|0 fnt\n|faint|p1a: Lucario\n|move|p2b: Pelipper|Icy Wind|p1b: Volcarona\n|-resisted|p1b: Volcarona|1\n|-damage|p1b: Volcarona|95/100\n|-unboost|p1b: Volcarona|spe|1\n|\n|-weather|none\n|upkeep\n|\n|t:|1776537706\n|switch|p1a: Hydreigon|Hydreigon, L50, F|16/100\n|turn|6\n|\n|t:|1776537721\n|move|p2a: Basculegion|Protect|p2a: Basculegion\n|-singleturn|p2a: Basculegion|Protect\n|move|p1a: Hydreigon|Dark Pulse|p2a: Basculegion\n|-activate|p2a: Basculegion|move: Protect\n|move|p2b: Pelipper|Tailwind|p2b: Pelipper\n|-sidestart|p2: BitterMelon1|move: Tailwind\n|move|p1b: Volcarona|Mystical Fire|p2b: Pelipper\n|-resisted|p2b: Pelipper|1\n|-damage|p2b: Pelipper|24/100\n|-unboost|p2b: Pelipper|spa|1\n|\n|upkeep\n|turn|7\n|\n|t:|1776537740\n|move|p1b: Volcarona|Rage Powder|p1b: Volcarona\n|-singleturn|p1b: Volcarona|move: Rage Powder\n|move|p1a: Hydreigon|Dark Pulse|p2b: Pelipper\n|-damage|p2b: Pelipper|0 fnt\n|faint|p2b: Pelipper\n|move|p2a: Basculegion|Last Respects|p1b: Volcarona\n|-damage|p1b: Volcarona|4/100\n|-enditem|p1b: Volcarona|Sitrus Berry|[eat]\n|-heal|p1b: Volcarona|29/100|[from] item: Sitrus Berry\n|\n|upkeep\n|turn|8\n|\n|t:|1776537755\n|move|p1b: Volcarona|Rage Powder|p1b: Volcarona\n|-singleturn|p1b: Volcarona|move: Rage Powder\n|move|p1a: Hydreigon|Dark Pulse|p2a: Basculegion\n|-supereffective|p2a: Basculegion|1\n|-damage|p2a: Basculegion|19/100\n|cant|p2a: Basculegion|flinch\n|\n|upkeep\n|turn|9\n|-message|BitterMelon1 forfeited.\n|\n|win|tonybravais\n|raw|tonybravais's rating: 1139 &rarr; <strong>1160</strong><br />(+21 for winning)\n|raw|BitterMelon1's rating: 1085 &rarr; <strong>1066</strong><br />(-19 for losing)\n",
  "uploadtime": 1776537772,
  "views": 21,
  "formatid": "gen9championsvgc2026regma",
  "rating": 1066,
  "private": 0,
  "password": null
}