{
  "id": "gen9championsvgc2026regma-2581303141",
  "format": "[Gen 9 Champions] VGC 2026 Reg M-A",
  "players": [
    "AyushXD",
    "enbi"
  ],
  "log": "|j|\u2606AyushXD\n|j|\u2606enbi\n|t:|1775983833\n|gametype|doubles\n|player|p1|AyushXD|red-lgpe|1152\n|player|p2|enbi|riley|1171\n|gen|9\n|tier|[Gen 9 Champions] VGC 2026 Reg M-A\n|rated|\n|rule|Species Clause: Limit one of each Pok\u00e9mon\n|rule|Item Clause: Limit 1 of each item\n|clearpoke\n|poke|p1|Meganium, L50, F|\n|poke|p1|Incineroar, L50, F|\n|poke|p1|Talonflame, L50, F|\n|poke|p1|Garchomp, L50, F|\n|poke|p1|Aegislash, L50, M|\n|poke|p1|Tyranitar, L50, M|\n|poke|p2|Froslass, L50, F|\n|poke|p2|Incineroar, L50, F|\n|poke|p2|Basculegion, L50, M|\n|poke|p2|Archaludon, L50, M|\n|poke|p2|Pelipper, L50, M|\n|poke|p2|Sneasler, L50, F|\n|teampreview|4\n|inactive|Battle timer is ON: inactive players will automatically lose when time's up. (requested by enbi)\n|inactive|AyushXD has 60 seconds left.\n|inactive|enbi has 60 seconds left.\n|\n|t:|1775983889\n|teamsize|p1|4\n|teamsize|p2|4\n|start\n|switch|p1a: Meganium|Meganium, L50, F|100/100\n|switch|p1b: Talonflame|Talonflame, L50, F|100/100\n|switch|p2a: Basculegion|Basculegion, L50, M|100/100\n|switch|p2b: Sneasler|Sneasler, L50, F, shiny|100/100\n|turn|1\n|inactive|enbi has 30 seconds left.\n|j| Vampire gliscor\n|inactive|enbi has 20 seconds left.\n|\n|t:|1775983925\n|detailschange|p1a: Meganium|Meganium-Mega, L50, F\n|-mega|p1a: Meganium|Meganium|Meganiumite\n|move|p1b: Talonflame|Protect|p1b: Talonflame\n|-singleturn|p1b: Talonflame|Protect\n|move|p1a: Meganium|Protect|p1a: Meganium\n|-singleturn|p1a: Meganium|Protect\n|move|p2a: Basculegion|Wave Crash|p1b: Talonflame\n|-activate|p1b: Talonflame|move: Protect\n|move|p2b: Sneasler|Dire Claw|p1a: Meganium\n|-activate|p1a: Meganium|move: Protect\n|\n|upkeep\n|turn|2\n|\n|t:|1775983948\n|move|p1b: Talonflame|Brave Bird|p2b: Sneasler\n|-supereffective|p2b: Sneasler|1\n|-damage|p2b: Sneasler|0 fnt\n|faint|p2b: Sneasler\n|-damage|p1b: Talonflame|67/100|[from] Recoil\n|move|p2a: Basculegion|Wave Crash|p1b: Talonflame\n|-supereffective|p1b: Talonflame|1\n|-damage|p1b: Talonflame|0 fnt\n|faint|p1b: Talonflame\n|-damage|p2a: Basculegion|83/100|[from] Recoil\n|move|p1a: Meganium|Solar Beam||[still]\n|-prepare|p1a: Meganium|Solar Beam\n|-activate|p1a: Meganium|ability: Mega Sol\n|-anim|p1a: Meganium|Solar Beam|p2a: Basculegion\n|-supereffective|p2a: Basculegion|1\n|-damage|p2a: Basculegion|0 fnt\n|faint|p2a: Basculegion\n|\n|upkeep\n|\n|t:|1775983965\n|switch|p1b: Garchomp|Garchomp, L50, F|100/100\n|switch|p2b: Froslass|Froslass, L50, F|100/100\n|switch|p2a: Pelipper|Pelipper, L50, M|100/100\n|-weather|RainDance|[from] ability: Drizzle|[of] p2a: Pelipper\n|turn|3\n|\n|t:|1775983976\n|detailschange|p2b: Froslass|Froslass-Mega, L50, F\n|-mega|p2b: Froslass|Froslass|Froslassite\n|-weather|Snowscape|[from] ability: Snow Warning|[of] p2b: Froslass\n|move|p1b: Garchomp|Protect|p1b: Garchomp\n|-singleturn|p1b: Garchomp|Protect\n|move|p1a: Meganium|Protect|p1a: Meganium\n|-singleturn|p1a: Meganium|Protect\n|move|p2b: Froslass|Blizzard|p1a: Meganium|[spread] \n|-activate|p1a: Meganium|move: Protect\n|-activate|p1b: Garchomp|move: Protect\n|move|p2a: Pelipper|Tailwind|p2a: Pelipper\n|-sidestart|p2: enbi|move: Tailwind\n|\n|-weather|Snowscape|[upkeep]\n|upkeep\n|turn|4\n|inactive|enbi has 30 seconds left.\n|\n|t:|1775984004\n|switch|p1b: Tyranitar|Tyranitar, L50, M|100/100\n|-weather|Sandstorm|[from] ability: Sand Stream|[of] p1b: Tyranitar\n|move|p2b: Froslass|Blizzard|p1b: Tyranitar|[spread] p1a\n|-miss|p2b: Froslass|p1b: Tyranitar\n|-supereffective|p1a: Meganium|1\n|-damage|p1a: Meganium|8/100\n|-status|p1a: Meganium|frz\n|move|p2a: Pelipper|Weather Ball|p1b: Tyranitar\n|-damage|p1b: Tyranitar|83/100\n|cant|p1a: Meganium|frz\n|\n|-weather|Sandstorm|[upkeep]\n|-damage|p2b: Froslass|94/100|[from] Sandstorm\n|-damage|p2a: Pelipper|95/100|[from] Sandstorm\n|-damage|p1a: Meganium|2/100 frz|[from] Sandstorm\n|upkeep\n|turn|5\n|c|\u2606AyushXD|nice hax\n|c| Vampire gliscor|Lmao\n|inactive|enbi has 30 seconds left.\n|inactive|AyushXD has 30 seconds left.\n|c|\u2606AyushXD|I clicked wball vs froslass\n|inactive|enbi has 20 seconds left.\n|inactive|enbi has 15 seconds left.\n|inactive|enbi has 10 seconds left.\n|\n|t:|1775984050\n|move|p2b: Froslass|Blizzard|p1a: Meganium|[spread] p1b\n|-miss|p2b: Froslass|p1a: Meganium\n|-damage|p1b: Tyranitar|54/100\n|move|p2a: Pelipper|Weather Ball|p1b: Tyranitar\n|-damage|p1b: Tyranitar|37/100\n|cant|p1a: Meganium|frz\n|move|p1b: Tyranitar|Rock Slide|p2b: Froslass|[spread] p2a,p2b\n|-supereffective|p2a: Pelipper|1\n|-supereffective|p2b: Froslass|1\n|-damage|p2a: Pelipper|14/100\n|-damage|p2b: Froslass|0 fnt\n|faint|p2b: Froslass\n|\n|-weather|Sandstorm|[upkeep]\n|-damage|p2a: Pelipper|9/100|[from] Sandstorm\n|-damage|p1a: Meganium|0 fnt|[from] Sandstorm\n|faint|p1a: Meganium\n|upkeep\n|c|\u2606AyushXD|anyways ttar should pack this up\n|\n|t:|1775984066\n|switch|p1a: Garchomp|Garchomp, L50, F|100/100\n|turn|6\n|c|\u2606enbi|how to forfeit?\n|c| Vampire gliscor|He already got 2 kills\n|inactive|enbi has 30 seconds left.\n|c| Vampire gliscor|He is the goat\n|c| Vampire gliscor|Press the x\n|c| Vampire gliscor|Up there\n|inactive|enbi has 20 seconds left.\n|c|\u2606AyushXD|x up above there g\n|inactive|enbi has 15 seconds left.\n|-message|enbi forfeited.\n|\n|win|AyushXD\n|raw|AyushXD's rating: 1152 &rarr; <strong>1178</strong><br />(+26 for winning)\n|raw|enbi's rating: 1171 &rarr; <strong>1145</strong><br />(-26 for losing)\n|l|\u2606enbi\n|player|p2|\n",
  "uploadtime": 1775984114,
  "views": 20,
  "formatid": "gen9championsvgc2026regma",
  "rating": 1145,
  "private": 0,
  "password": null
}