{
  "id": "gen9championsvgc2026regma-2581212774",
  "format": "[Gen 9 Champions] VGC 2026 Reg M-A",
  "players": [
    "mroesing",
    "BlackWu"
  ],
  "log": "|j|\u2606mroesing\n|j|\u2606BlackWu\n|t:|1775971478\n|gametype|doubles\n|player|p1|mroesing|1|1110\n|player|p2|BlackWu|1|1105\n|gen|9\n|tier|[Gen 9 Champions] VGC 2026 Reg M-A\n|rated|\n|rule|Species Clause: Limit one of each Pok\u00e9mon\n|rule|Item Clause: Limit 1 of each item\n|clearpoke\n|poke|p1|Ninetales-Alola, L50, M|\n|poke|p1|Incineroar, L50, F|\n|poke|p1|Aerodactyl, L50, F|\n|poke|p1|Maushold-Four, L50|\n|poke|p1|Garchomp, L50, F|\n|poke|p1|Venusaur, L50, F|\n|poke|p2|Tyranitar, L50, M|\n|poke|p2|Gyarados, L50, F|\n|poke|p2|Sneasler, L50, M|\n|poke|p2|Goodra-Hisui, L50, M|\n|poke|p2|Sinistcha, L50|\n|poke|p2|Farigiraf, L50, M|\n|teampreview|4\n|\n|t:|1775971526\n|teamsize|p1|4\n|teamsize|p2|4\n|start\n|switch|p1a: Aerodactyl|Aerodactyl, L50, F|100/100\n|switch|p1b: Garchomp|Garchomp, L50, F|100/100\n|switch|p2a: Goodra|Goodra-Hisui, L50, M|100/100\n|switch|p2b: Farigiraf|Farigiraf, L50, M|100/100\n|-ability|p1a: Aerodactyl|Unnerve\n|turn|1\n|\n|t:|1775971555\n|detailschange|p1a: Aerodactyl|Aerodactyl-Mega, L50, F\n|-mega|p1a: Aerodactyl|Aerodactyl|Aerodactylite\n|move|p2a: Goodra|Protect|p2a: Goodra\n|-singleturn|p2a: Goodra|Protect\n|move|p1a: Aerodactyl|Rock Slide|p2a: Goodra|[spread] p2b\n|-activate|p2a: Goodra|move: Protect\n|-damage|p2b: Farigiraf|76/100\n|move|p1b: Garchomp|Earthquake|p2a: Goodra|[spread] p2b\n|-activate|p2a: Goodra|move: Protect\n|-immune|p1a: Aerodactyl\n|-damage|p2b: Farigiraf|39/100\n|move|p2b: Farigiraf|Trick Room|p2b: Farigiraf\n|-fieldstart|move: Trick Room|[of] p2b: Farigiraf\n|\n|upkeep\n|turn|2\n|\n|t:|1775971582\n|switch|p2b: Sinistcha|Sinistcha, L50|100/100\n|move|p2a: Goodra|Shelter|p2a: Goodra\n|-boost|p2a: Goodra|def|2\n|move|p1b: Garchomp|Earthquake|p2a: Goodra|[spread] p2a,p2b\n|-immune|p1a: Aerodactyl\n|-supereffective|p2a: Goodra|1\n|-resisted|p2b: Sinistcha|1\n|-crit|p2b: Sinistcha\n|-damage|p2a: Goodra|71/100\n|-damage|p2b: Sinistcha|72/100\n|move|p1a: Aerodactyl|Rock Slide|p2b: Sinistcha|[spread] p2a,p2b\n|-resisted|p2a: Goodra|1\n|-damage|p2a: Goodra|66/100\n|-damage|p2b: Sinistcha|45/100\n|\n|-heal|p2a: Goodra|72/100|[from] item: Leftovers\n|upkeep\n|turn|3\n|\n|t:|1775971608\n|move|p2b: Sinistcha|Protect|p2b: Sinistcha\n|-singleturn|p2b: Sinistcha|Protect\n|move|p1b: Garchomp|Protect|p1b: Garchomp\n|-singleturn|p1b: Garchomp|Protect\n|move|p2a: Goodra|Shelter|p2a: Goodra\n|-boost|p2a: Goodra|def|2\n|move|p1a: Aerodactyl|Dual Wingbeat|p2b: Sinistcha\n|-activate|p2b: Sinistcha|move: Protect\n|\n|-heal|p2a: Goodra|78/100|[from] item: Leftovers\n|upkeep\n|turn|4\n|inactive|Battle timer is ON: inactive players will automatically lose when time's up. (requested by BlackWu)\n|\n|t:|1775971651\n|move|p2a: Goodra|Body Press|p1a: Aerodactyl\n|-damage|p1a: Aerodactyl|0 fnt\n|faint|p1a: Aerodactyl\n|move|p2b: Sinistcha|Matcha Gotcha|p1b: Garchomp\n|-damage|p1b: Garchomp|64/100\n|-heal|p2b: Sinistcha|64/100|[from] drain|[of] p1b: Garchomp\n|move|p1b: Garchomp|Earthquake|p2a: Goodra|[spread] p2a,p2b\n|-supereffective|p2a: Goodra|1\n|-resisted|p2b: Sinistcha|1\n|-damage|p2a: Goodra|57/100\n|-damage|p2b: Sinistcha|47/100\n|\n|-heal|p2a: Goodra|63/100|[from] item: Leftovers\n|upkeep\n|inactive|mroesing has 30 seconds left.\n|\n|t:|1775971681\n|switch|p1a: Incineroar|Incineroar, L50, F|100/100\n|-ability|p1a: Incineroar|Intimidate|boost\n|-unboost|p2a: Goodra|atk|1\n|-unboost|p2b: Sinistcha|atk|1\n|turn|5\n|\n|t:|1775971702\n|switch|p2b: Farigiraf|Farigiraf, L50, M|39/100\n|move|p1a: Incineroar|Fake Out|p2a: Goodra\n|-resisted|p2a: Goodra|1\n|-damage|p2a: Goodra|62/100\n|cant|p2a: Goodra|flinch\n|move|p1b: Garchomp|Dragon Claw|p2a: Goodra\n|-damage|p2a: Goodra|50/100\n|\n|-heal|p2a: Goodra|56/100|[from] item: Leftovers\n|-fieldend|move: Trick Room\n|upkeep\n|turn|6\n|inactive|mroesing has 30 seconds left.\n|\n|t:|1775971733\n|switch|p2b: Sinistcha|Sinistcha, L50|47/100\n|-heal|p2a: Goodra|81/100|[from] ability: Hospitality|[of] p2b: Sinistcha\n|move|p1b: Garchomp|Rock Slide|p2a: Goodra|[spread] p2a,p2b\n|-resisted|p2a: Goodra|1\n|-damage|p2a: Goodra|78/100\n|-damage|p2b: Sinistcha|29/100\n|move|p1a: Incineroar|Flare Blitz|p2b: Sinistcha\n|-supereffective|p2b: Sinistcha|1\n|-damage|p2b: Sinistcha|0 fnt\n|faint|p2b: Sinistcha\n|-damage|p1a: Incineroar|92/100|[from] Recoil\n|move|p2a: Goodra|Body Press|p1a: Incineroar\n|-supereffective|p1a: Incineroar|1\n|-damage|p1a: Incineroar|0 fnt\n|faint|p1a: Incineroar\n|\n|-heal|p2a: Goodra|84/100|[from] item: Leftovers\n|upkeep\n|\n|t:|1775971755\n|switch|p2b: Farigiraf|Farigiraf, L50, M|39/100\n|switch|p1a: Venusaur|Venusaur, L50, F|100/100\n|turn|7\n|inactive|mroesing has 30 seconds left.\n|\n|t:|1775971786\n|move|p1b: Garchomp|Rock Slide|p2b: Farigiraf|[spread] p2b\n|-miss|p1b: Garchomp|p2a: Goodra\n|-damage|p2b: Farigiraf|22/100\n|move|p1a: Venusaur|Earth Power|p2a: Goodra\n|-supereffective|p2a: Goodra|1\n|-damage|p2a: Goodra|42/100\n|move|p2a: Goodra|Body Press|p1b: Garchomp\n|-damage|p1b: Garchomp|0 fnt\n|-damage|p2a: Goodra|30/100|[from] ability: Rough Skin|[of] p1b: Garchomp\n|faint|p1b: Garchomp\n|move|p2b: Farigiraf|Trick Room|p2b: Farigiraf\n|-fieldstart|move: Trick Room|[of] p2b: Farigiraf\n|\n|-heal|p2a: Goodra|36/100|[from] item: Leftovers\n|upkeep\n|turn|8\n|\n|t:|1775971804\n|move|p2b: Farigiraf|Psychic|p1a: Venusaur\n|-supereffective|p1a: Venusaur|1\n|-damage|p1a: Venusaur|15/100\n|move|p2a: Goodra|Body Press|p1a: Venusaur\n|-resisted|p1a: Venusaur|1\n|-damage|p1a: Venusaur|0 fnt\n|faint|p1a: Venusaur\n|\n|win|BlackWu\n|raw|mroesing's rating: 1110 &rarr; <strong>1085</strong><br />(-25 for losing)\n|raw|BlackWu's rating: 1105 &rarr; <strong>1130</strong><br />(+25 for winning)\n",
  "uploadtime": 1775971807,
  "views": 12,
  "formatid": "gen9championsvgc2026regma",
  "rating": 1085,
  "private": 0,
  "password": null
}