{
  "id": "gen9championsvgc2026regma-2586924342",
  "format": "[Gen 9 Champions] VGC 2026 Reg M-A",
  "players": [
    "cacamuerta",
    "ChazzItUp4200"
  ],
  "log": "|j|\u2606cacamuerta\n|j|\u2606ChazzItUp4200\n|t:|1776472297\n|gametype|doubles\n|player|p1|cacamuerta|102|1301\n|player|p2|ChazzItUp4200|cheren-gen5bw2|1343\n|gen|9\n|tier|[Gen 9 Champions] VGC 2026 Reg M-A\n|rated|\n|rule|Species Clause: Limit one of each Pok\u00e9mon\n|rule|Item Clause: Limit 1 of each item\n|clearpoke\n|poke|p1|Starmie, L50|\n|poke|p1|Sneasler, L50, F|\n|poke|p1|Aegislash, L50, M|\n|poke|p1|Pelipper, L50, F|\n|poke|p1|Archaludon, L50, F|\n|poke|p1|Mamoswine, L50, M|\n|poke|p2|Glimmora, L50, M|\n|poke|p2|Talonflame, L50, F|\n|poke|p2|Farigiraf, L50, F|\n|poke|p2|Ninetales-Alola, L50, F|\n|poke|p2|Garchomp, L50, M|\n|poke|p2|Samurott-Hisui, L50, F|\n|teampreview|4\n|inactive|Battle timer is ON: inactive players will automatically lose when time's up. (requested by cacamuerta)\n|\n|t:|1776472329\n|teamsize|p1|4\n|teamsize|p2|4\n|start\n|switch|p1a: Sneasler|Sneasler, L50, F|100/100\n|switch|p1b: Mamoswine|Mamoswine, L50, M|100/100\n|switch|p2a: Johnny Joestar|Talonflame, L50, F, shiny|100/100\n|switch|p2b: Diego Brando|Samurott-Hisui, L50, F, shiny|100/100\n|turn|1\n|\n|t:|1776472349\n|move|p2a: Johnny Joestar|Protect|p2a: Johnny Joestar\n|-singleturn|p2a: Johnny Joestar|Protect\n|move|p2b: Diego Brando|Protect|p2b: Diego Brando\n|-singleturn|p2b: Diego Brando|Protect\n|move|p1a: Sneasler|Fake Out|p2a: Johnny Joestar\n|-activate|p2a: Johnny Joestar|move: Protect\n|move|p1b: Mamoswine|Rock Slide|p2a: Johnny Joestar|[spread] \n|-activate|p2a: Johnny Joestar|move: Protect\n|-activate|p2b: Diego Brando|move: Protect\n|\n|upkeep\n|turn|2\n|\n|t:|1776472366\n|switch|p1a: Aegislash|Aegislash, L50, M|100/100\n|move|p2a: Johnny Joestar|Tailwind|p2a: Johnny Joestar\n|-sidestart|p2: ChazzItUp4200|move: Tailwind\n|move|p2b: Diego Brando|Aqua Cutter|p1b: Mamoswine\n|-supereffective|p1b: Mamoswine|1\n|-damage|p1b: Mamoswine|0 fnt\n|faint|p1b: Mamoswine\n|\n|upkeep\n|\n|t:|1776472380\n|switch|p1b: Starmie|Starmie, L50|100/100\n|turn|3\n|\n|t:|1776472401\n|detailschange|p1b: Starmie|Starmie-Mega, L50\n|-mega|p1b: Starmie|Starmie|Starminite\n|move|p2a: Johnny Joestar|Protect|p2a: Johnny Joestar\n|-singleturn|p2a: Johnny Joestar|Protect\n|move|p2b: Diego Brando|Night Slash|p1b: Starmie\n|-supereffective|p1b: Starmie|1\n|-crit|p1b: Starmie\n|-damage|p1b: Starmie|0 fnt\n|faint|p1b: Starmie\n|move|p1a: Aegislash|Swords Dance|p1a: Aegislash\n|-boost|p1a: Aegislash|atk|2\n|\n|upkeep\n|\n|t:|1776472413\n|switch|p1b: Sneasler|Sneasler, L50, F|100/100\n|turn|4\n|\n|t:|1776472437\n|switch|p2a: Slow Dancer|Ninetales-Alola, L50, F|100/100\n|-weather|Snowscape|[from] ability: Snow Warning|[of] p2a: Slow Dancer\n|move|p1a: Aegislash|King's Shield|p1a: Aegislash\n|-singleturn|p1a: Aegislash|Protect\n|move|p1b: Sneasler|Fake Out|p2a: Slow Dancer\n|-damage|p2a: Slow Dancer|86/100\n|move|p2b: Diego Brando|Aqua Cutter|p1b: Sneasler\n|-crit|p1b: Sneasler\n|-damage|p1b: Sneasler|0 fnt\n|faint|p1b: Sneasler\n|\n|-weather|Snowscape|[upkeep]\n|upkeep\n|turn|5\n|\n|t:|1776472456\n|-formechange|p1a: Aegislash|Aegislash-Blade|\n|move|p1a: Aegislash|Shadow Sneak|p2a: Slow Dancer\n|-damage|p2a: Slow Dancer|34/100\n|move|p2a: Slow Dancer|Encore|p1a: Aegislash\n|-start|p1a: Aegislash|Encore\n|move|p2b: Diego Brando|Night Slash|p1a: Aegislash\n|-supereffective|p1a: Aegislash|1\n|-damage|p1a: Aegislash|0 fnt\n|faint|p1a: Aegislash\n|\n|win|ChazzItUp4200\n|raw|cacamuerta's rating: 1301 &rarr; <strong>1283</strong><br />(-18 for losing)\n|raw|ChazzItUp4200's rating: 1343 &rarr; <strong>1361</strong><br />(+18 for winning)\n|c|\u2606ChazzItUp4200|Gg\n",
  "uploadtime": 1776472475,
  "views": 43,
  "formatid": "gen9championsvgc2026regma",
  "rating": 1283,
  "private": 0,
  "password": null
}