{
  "id": "gen9championsvgc2026regma-2585330795",
  "format": "[Gen 9 Champions] VGC 2026 Reg M-A",
  "players": [
    "TristanDBOL",
    "colfox"
  ],
  "log": "|j|\u203dTristanDBOL\n|j|\u203dcolfox\n|t:|1776338505\n|gametype|doubles\n|player|p1|TristanDBOL|265|1146\n|player|p2|colfox|2|1222\n|gen|9\n|tier|[Gen 9 Champions] VGC 2026 Reg M-A\n|rated|\n|rule|Species Clause: Limit one of each Pok\u00e9mon\n|rule|Item Clause: Limit 1 of each item\n|clearpoke\n|poke|p1|Froslass, L50, F|\n|poke|p1|Mamoswine, L50, F|\n|poke|p1|Pelipper, L50, F|\n|poke|p1|Farigiraf, L50, M|\n|poke|p1|Archaludon, L50, M|\n|poke|p1|Incineroar, L50, F|\n|poke|p2|Sylveon, L50, M|\n|poke|p2|Garchomp, L50, M|\n|poke|p2|Milotic, L50, F|\n|poke|p2|Ninetales, L50, F|\n|poke|p2|Raichu, L50, F|\n|poke|p2|Scizor, L50, M|\n|teampreview|4\n|\n|t:|1776338525\n|teamsize|p1|4\n|teamsize|p2|4\n|start\n|switch|p1a: Froslass|Froslass, L50, F|100/100\n|switch|p1b: Incineroar|Incineroar, L50, F|100/100\n|switch|p2a: Milotic|Milotic, L50, F|100/100\n|switch|p2b: Raichu|Raichu, L50, F|100/100\n|-ability|p1b: Incineroar|Intimidate|boost\n|-unboost|p2a: Milotic|atk|1\n|-ability|p2a: Milotic|Competitive|boost\n|-boost|p2a: Milotic|spa|2\n|-unboost|p2b: Raichu|atk|1\n|turn|1\n|\n|t:|1776338560\n|detailschange|p1a: Froslass|Froslass-Mega, L50, F\n|-mega|p1a: Froslass|Froslass|Froslassite\n|-weather|Snowscape|[from] ability: Snow Warning|[of] p1a: Froslass\n|move|p2b: Raichu|Fake Out|p1b: Incineroar\n|-damage|p1b: Incineroar|94/100\n|cant|p1b: Incineroar|flinch\n|move|p1a: Froslass|Destiny Bond|p1a: Froslass\n|-singlemove|p1a: Froslass|Destiny Bond\n|move|p2a: Milotic|Scald|p1b: Incineroar\n|-supereffective|p1b: Incineroar|1\n|-damage|p1b: Incineroar|0 fnt\n|faint|p1b: Incineroar\n|\n|-weather|Snowscape|[upkeep]\n|upkeep\n|\n|t:|1776338574\n|switch|p1b: Archaludon|Archaludon, L50, M|100/100\n|turn|2\n|\n|t:|1776338588\n|move|p2b: Raichu|Thunderbolt|p1b: Archaludon\n|-resisted|p1b: Archaludon|1\n|-damage|p1b: Archaludon|76/100\n|-ability|p1b: Archaludon|Stamina|boost\n|-boost|p1b: Archaludon|def|1\n|move|p1a: Froslass|Blizzard|p2b: Raichu|[spread] p2a,p2b\n|-resisted|p2a: Milotic|1\n|-damage|p2a: Milotic|84/100\n|-damage|p2b: Raichu|29/100\n|-status|p2a: Milotic|frz\n|move|p1b: Archaludon|Draco Meteor|p2b: Raichu\n|-damage|p2b: Raichu|0 fnt\n|-unboost|p1b: Archaludon|spa|2\n|faint|p2b: Raichu\n|-curestatus|p2a: Milotic|frz|[from] move: Scald\n|move|p2a: Milotic|Scald|p1b: Archaludon\n|-resisted|p1b: Archaludon|1\n|-damage|p1b: Archaludon|39/100\n|-ability|p1b: Archaludon|Stamina|boost\n|-boost|p1b: Archaludon|def|1\n|\n|-weather|Snowscape|[upkeep]\n|-heal|p1b: Archaludon|45/100|[from] item: Leftovers\n|upkeep\n|\n|t:|1776338616\n|switch|p2b: Scizor|Scizor, L50, M|100/100\n|turn|3\n|\n|t:|1776338631\n|switch|p1a: Pelipper|Pelipper, L50, F|100/100\n|-weather|RainDance|[from] ability: Drizzle|[of] p1a: Pelipper\n|detailschange|p2b: Scizor|Scizor-Mega, L50, M\n|-mega|p2b: Scizor|Scizor|Scizorite\n|move|p2b: Scizor|Protect|p2b: Scizor\n|-singleturn|p2b: Scizor|Protect\n|move|p1b: Archaludon|Electro Shot||[still]\n|-prepare|p1b: Archaludon|Electro Shot\n|-boost|p1b: Archaludon|spa|1\n|-anim|p1b: Archaludon|Electro Shot|p2a: Milotic\n|-supereffective|p2a: Milotic|1\n|-enditem|p2a: Milotic|Wacan Berry|[eat]\n|-enditem|p2a: Milotic|Wacan Berry|[weaken]\n|-damage|p2a: Milotic|66/100\n|move|p2a: Milotic|Scald|p1b: Archaludon\n|-resisted|p1b: Archaludon|1\n|-damage|p1b: Archaludon|0 fnt\n|faint|p1b: Archaludon\n|\n|-weather|RainDance|[upkeep]\n|upkeep\n|\n|t:|1776338652\n|switch|p1b: Froslass|Froslass-Mega, L50, F|100/100\n|-weather|Snowscape|[from] ability: Snow Warning|[of] p1b: Froslass\n|turn|4\n|\n|t:|1776338667\n|move|p2b: Scizor|Bullet Punch|p1b: Froslass\n|-supereffective|p1b: Froslass|1\n|-damage|p1b: Froslass|9/100\n|move|p1b: Froslass|Shadow Ball|p2b: Scizor\n|-damage|p2b: Scizor|52/100\n|move|p1a: Pelipper|Hurricane|p2b: Scizor\n|-damage|p2b: Scizor|0 fnt\n|faint|p2b: Scizor\n|move|p2a: Milotic|Scald|p1b: Froslass\n|-damage|p1b: Froslass|0 fnt\n|faint|p1b: Froslass\n|\n|-weather|Snowscape|[upkeep]\n|upkeep\n|\n|t:|1776338683\n|switch|p2b: Ninetales|Ninetales, L50, F|100/100\n|-weather|SunnyDay|[from] ability: Drought|[of] p2b: Ninetales\n|turn|5\n|\n|t:|1776338694\n|move|p2b: Ninetales|Helping Hand|p2a: Milotic\n|-singleturn|p2a: Milotic|Helping Hand|[of] p2b: Ninetales\n|move|p1a: Pelipper|Hurricane|p2a: Milotic|[miss]\n|-miss|p1a: Pelipper|p2a: Milotic\n|move|p2a: Milotic|Icy Wind|p1a: Pelipper\n|-damage|p1a: Pelipper|10/100\n|-unboost|p1a: Pelipper|spe|1\n|\n|-weather|SunnyDay|[upkeep]\n|upkeep\n|turn|6\n|\n|t:|1776338708\n|move|p2b: Ninetales|Heat Wave|p1a: Pelipper\n|-resisted|p1a: Pelipper|1\n|-damage|p1a: Pelipper|0 fnt\n|faint|p1a: Pelipper\n|\n|win|colfox\n|raw|TristanDBOL's rating: 1146 &rarr; <strong>1126</strong><br />(-20 for losing)\n|raw|colfox's rating: 1222 &rarr; <strong>1242</strong><br />(+20 for winning)\n|l|\u203dTristanDBOL\n|player|p1|\n",
  "uploadtime": 1776338716,
  "views": 37,
  "formatid": "gen9championsvgc2026regma",
  "rating": 1126,
  "private": 0,
  "password": null
}