{
  "id": "gen9championsvgc2026regma-2580752582",
  "format": "[Gen 9 Champions] VGC 2026 Reg M-A",
  "players": [
    "Juicy Jessi",
    "3XArt"
  ],
  "log": "|j|\u2606Juicy Jessi\n|j|\u203d3XArt\n|t:|1775929621\n|gametype|doubles\n|player|p1|Juicy Jessi|265|1043\n|player|p2|3XArt|depotagent|1085\n|gen|9\n|tier|[Gen 9 Champions] VGC 2026 Reg M-A\n|rated|\n|rule|Species Clause: Limit one of each Pok\u00e9mon\n|rule|Item Clause: Limit 1 of each item\n|clearpoke\n|poke|p1|Sneasler, L50, M|\n|poke|p1|Volcarona, L50, M|\n|poke|p1|Noivern, L50, F|\n|poke|p1|Floette-Eternal, L50, F|\n|poke|p1|Kingambit, L50, F|\n|poke|p1|Sinistcha, L50|\n|poke|p2|Floette-Eternal, L50, F|\n|poke|p2|Sableye, L50, F|\n|poke|p2|Incineroar, L50, F|\n|poke|p2|Azumarill, L50, F|\n|poke|p2|Sneasler, L50, M|\n|poke|p2|Aerodactyl, L50, F|\n|teampreview|4\n|inactive|Battle timer is ON: inactive players will automatically lose when time's up. (requested by Juicy Jessi)\nJuicy Jessi has agreed to open team sheets.\n|inactive|Juicy Jessi has 60 seconds left.\n|inactive|Juicy Jessi has 30 seconds left.\n|inactive|Juicy Jessi has 20 seconds left.\n|inactive|Juicy Jessi has 15 seconds left.\n|inactive|Juicy Jessi has 10 seconds left.\n|\n|t:|1775929702\n|teamsize|p1|4\n|teamsize|p2|4\n|start\n|switch|p1a: Sneasler|Sneasler, L50, M|100/100\n|switch|p1b: OHKO|Kingambit, L50, F|100/100\n|switch|p2a: Sableye|Sableye, L50, F|100/100\n|switch|p2b: Aerodactyl|Aerodactyl, L50, F|100/100\n|-ability|p2b: Aerodactyl|Unnerve\n|turn|1\n|\n|t:|1775929710\n|switch|p1a: Floette|Floette-Eternal, L50, F|100/100\n|move|p2a: Sableye|Fake Out|p1b: OHKO\n|-resisted|p1b: OHKO|1\n|-damage|p1b: OHKO|97/100\n|move|p2b: Aerodactyl|Dual Wingbeat|p1a: Floette\n|-damage|p1a: Floette|73/100\n|-damage|p1a: Floette|44/100\n|-hitcount|p1a: Floette|2\n|cant|p1b: OHKO|flinch\n|\n|upkeep\n|turn|2\n|\n|t:|1775929726\n|move|p2b: Aerodactyl|Protect|p2b: Aerodactyl\n|-singleturn|p2b: Aerodactyl|Protect\n|move|p1a: Floette|Protect|p1a: Floette\n|-singleturn|p1a: Floette|Protect\n|move|p2a: Sableye|Light Screen|p2a: Sableye\n|-sidestart|p2: 3XArt|move: Light Screen\n|move|p1b: OHKO|Swords Dance|p1b: OHKO\n|-boost|p1b: OHKO|atk|2\n|\n|upkeep\n|turn|3\n|inactive|Juicy Jessi has 30 seconds left.\n|inactive|Juicy Jessi has 20 seconds left.\n|inactive|Juicy Jessi has 15 seconds left.\n|inactive|Juicy Jessi has 10 seconds left.\n|\n|t:|1775929773\n|detailschange|p1a: Floette|Floette-Mega, L50, F\n|-mega|p1a: Floette|Floette|Floettite\n|-ability|p1a: Floette|Fairy Aura\n|move|p2a: Sableye|Reflect|p2a: Sableye\n|-sidestart|p2: 3XArt|Reflect\n|move|p2b: Aerodactyl|Dual Wingbeat|p1a: Floette\n|-damage|p1a: Floette|22/100\n|-damage|p1a: Floette|0 fnt\n|faint|p1a: Floette\n|-hitcount|p1: Floette|2\n|move|p1b: OHKO|Kowtow Cleave|p2b: Aerodactyl\n|-damage|p2b: Aerodactyl|0 fnt\n|faint|p2b: Aerodactyl\n|\n|upkeep\n|\n|t:|1775929785\n|switch|p2b: Sneasler|Sneasler, L50, M|100/100\n|switch|p1a: Sneasler|Sneasler, L50, M|100/100\n|turn|4\n|\n|t:|1775929794\n|move|p2b: Sneasler|Protect|p2b: Sneasler\n|-singleturn|p2b: Sneasler|Protect\n|move|p1a: Sneasler|Fake Out|p2b: Sneasler\n|-activate|p2b: Sneasler|move: Protect\n|move|p2a: Sableye|Thunder Wave|p1b: OHKO\n|-hint|Since gen 7, Dark is immune to Prankster moves.\n|-immune|p1b: OHKO\n|move|p1b: OHKO|Swords Dance|p1b: OHKO\n|-boost|p1b: OHKO|atk|2\n|\n|upkeep\n|turn|5\n|\n|t:|1775929807\n|move|p1b: OHKO|Protect|p1b: OHKO\n|-singleturn|p1b: OHKO|Protect\n|move|p2a: Sableye|Thunder Wave|p1a: Sneasler\n|-status|p1a: Sneasler|par\n|move|p2b: Sneasler|Close Combat|p1b: OHKO\n|-activate|p1b: OHKO|move: Protect\n|move|p1a: Sneasler|Dire Claw|p2b: Sneasler\n|-resisted|p2b: Sneasler|1\n|-damage|p2b: Sneasler|75/100\n|\n|upkeep\n|turn|6\n|\n|t:|1775929817\n|switch|p2a: Azumarill|Azumarill, L50, F|100/100\n|move|p1b: OHKO|Sucker Punch|p2b: Sneasler\n|-resisted|p2b: Sneasler|1\n|-damage|p2b: Sneasler|0 fnt\n|faint|p2b: Sneasler\n|move|p1a: Sneasler|Dire Claw|p2a: Azumarill\n|-supereffective|p2a: Azumarill|1\n|-damage|p2a: Azumarill|43/100\n|\n|-sideend|p2: 3XArt|move: Light Screen\n|upkeep\n|\n|t:|1775929822\n|switch|p2b: Sableye|Sableye, L50, F|100/100\n|turn|7\n|\n|t:|1775929830\n|move|p2b: Sableye|Fake Out|p1a: Sneasler\n|-damage|p1a: Sneasler|88/100 par\n|cant|p1a: Sneasler|flinch\n|move|p1b: OHKO|Kowtow Cleave|p2a: Azumarill\n|-resisted|p2a: Azumarill|1\n|-damage|p2a: Azumarill|0 fnt\n|faint|p2a: Azumarill\n|\n|-sideend|p2: 3XArt|Reflect\n|upkeep\n|turn|8\n|-message|3XArt forfeited.\n|\n|win|Juicy Jessi\n|raw|Juicy Jessi's rating: 1043 &rarr; <strong>1081</strong><br />(+38 for winning)\n|raw|3XArt's rating: 1085 &rarr; <strong>1060</strong><br />(-25 for losing)\n|l|\u203d3XArt\n|player|p2|\n",
  "uploadtime": 1775929837,
  "views": 10,
  "formatid": "gen9championsvgc2026regma",
  "rating": 1060,
  "private": 0,
  "password": null
}