{
  "id": "gen9championsvgc2026regma-2582302980",
  "format": "[Gen 9 Champions] VGC 2026 Reg M-A",
  "players": [
    "ray_game0",
    "kasgoala"
  ],
  "log": "|j|\u2606ray_game0\n|j|\u2606kasgoala\n|t:|1776081469\n|gametype|doubles\n|player|p1|ray_game0|hiker-gen4|1074\n|player|p2|kasgoala|101|1099\n|gen|9\n|tier|[Gen 9 Champions] VGC 2026 Reg M-A\n|rated|\n|rule|Species Clause: Limit one of each Pok\u00e9mon\n|rule|Item Clause: Limit 1 of each item\n|clearpoke\n|poke|p1|Pelipper, L50, F|\n|poke|p1|Azumarill, L50, F|\n|poke|p1|Charizard, L50, F|\n|poke|p1|Garchomp, L50, F|\n|poke|p2|Pikachu, L50, M|\n|poke|p2|Aerodactyl, L50, M|\n|poke|p2|Garchomp, L50, F|\n|poke|p2|Farigiraf, L50, F|\n|poke|p2|Crabominable, L50, F|\n|poke|p2|Torkoal, L50, M|\n|teampreview|4\n|inactive|Battle timer is ON: inactive players will automatically lose when time's up. (requested by kasgoala)\n|inactive|ray_game0 has 60 seconds left.\n|inactive|ray_game0 has 30 seconds left.\n|\n|t:|1776081604\n|teamsize|p1|4\n|teamsize|p2|4\n|start\n|switch|p1a: Pelipper|Pelipper, L50, F|100/100\n|switch|p1b: Azumarill|Azumarill, L50, F|100/100\n|switch|p2a: Pikachu|Pikachu, L50, M|100/100\n|switch|p2b: Farigiraf|Farigiraf, L50, F|100/100\n|-weather|RainDance|[from] ability: Drizzle|[of] p1a: Pelipper\n|turn|1\n|inactive|ray_game0 has 30 seconds left.\n|inactive|kasgoala has 30 seconds left.\n|inactive|ray_game0 has 20 seconds left.\n|inactive|ray_game0 has 15 seconds left.\n|inactive|ray_game0 has 10 seconds left.\n|\n|t:|1776081654\n|move|p2a: Pikachu|Thunderbolt|p1b: Azumarill\n|-supereffective|p1b: Azumarill|1\n|-damage|p1b: Azumarill|0 fnt\n|faint|p1b: Azumarill\n|move|p1a: Pelipper|Hurricane|p2a: Pikachu\n|-resisted|p2a: Pikachu|1\n|-damage|p2a: Pikachu|33/100\n|move|p2b: Farigiraf|Trick Room|p2b: Farigiraf\n|-fieldstart|move: Trick Room|[of] p2b: Farigiraf\n|\n|-weather|RainDance|[upkeep]\n|upkeep\n|\n|t:|1776081664\n|switch|p1b: Garchomp|Garchomp, L50, F|100/100\n|turn|2\n|\n|t:|1776081675\n|move|p2b: Farigiraf|Hyper Voice|p1b: Garchomp|[spread] p1a,p1b\n|-damage|p1a: Pelipper|68/100\n|-damage|p1b: Garchomp|71/100\n|move|p1a: Pelipper|U-turn|p2b: Farigiraf\n|-supereffective|p2b: Farigiraf|1\n|-damage|p2b: Farigiraf|87/100\n|\n|t:|1776081681\n|switch|p1a: Charizard|Charizard, L50, F|100/100|[from] U-turn\n|move|p2a: Pikachu|Thunderbolt|p1a: Charizard\n|-supereffective|p1a: Charizard|1\n|-damage|p1a: Charizard|0 fnt\n|faint|p1a: Charizard\n|move|p1b: Garchomp|Earthquake|p2a: Pikachu|[spread] p2a,p2b\n|-supereffective|p2a: Pikachu|1\n|-damage|p2a: Pikachu|0 fnt\n|-damage|p2b: Farigiraf|46/100\n|-enditem|p2b: Farigiraf|Sitrus Berry|[eat]\n|-heal|p2b: Farigiraf|71/100|[from] item: Sitrus Berry\n|faint|p2a: Pikachu\n|\n|-weather|RainDance|[upkeep]\n|upkeep\n|\n|t:|1776081693\n|switch|p2a: Crabominable|Crabominable, L50, F|100/100\n|switch|p1a: Pelipper|Pelipper, L50, F|68/100\n|turn|3\n|inactive|ray_game0 has 30 seconds left.\n|\n|t:|1776081726\n|detailschange|p2a: Crabominable|Crabominable-Mega, L50, F\n|-mega|p2a: Crabominable|Crabominable|Crabominite\n|move|p1b: Garchomp|Protect|p1b: Garchomp\n|-singleturn|p1b: Garchomp|Protect\n|move|p2a: Crabominable|Ice Hammer|p1b: Garchomp\n|-activate|p1b: Garchomp|move: Protect\n|move|p2b: Farigiraf|Hyper Voice|p1a: Pelipper|[spread] p1a\n|-activate|p1b: Garchomp|move: Protect\n|-damage|p1a: Pelipper|35/100\n|move|p1a: Pelipper|Weather Ball|p2b: Farigiraf\n|-damage|p2b: Farigiraf|12/100\n|\n|-weather|RainDance|[upkeep]\n|upkeep\n|turn|4\n|\n|t:|1776081746\n|move|p1b: Garchomp|Protect|p1b: Garchomp\n|-singleturn|p1b: Garchomp|Protect\n|move|p2a: Crabominable|Ice Hammer|p1b: Garchomp\n|-activate|p1b: Garchomp|move: Protect\n|move|p2b: Farigiraf|Psychic|p1a: Pelipper\n|-damage|p1a: Pelipper|0 fnt\n|faint|p1a: Pelipper\n|\n|-weather|RainDance|[upkeep]\n|upkeep\n|turn|5\n|\n|t:|1776081759\n|move|p1b: Garchomp|Protect||[still]\n|-fail|p1b: Garchomp\n|move|p2a: Crabominable|Ice Hammer|p1b: Garchomp\n|-supereffective|p1b: Garchomp|2\n|-damage|p1b: Garchomp|0 fnt\n|-unboost|p2a: Crabominable|spe|1\n|-damage|p2a: Crabominable|88/100|[from] ability: Rough Skin|[of] p1b: Garchomp\n|faint|p1b: Garchomp\n|\n|win|kasgoala\n",
  "uploadtime": 1776081472,
  "views": 17,
  "formatid": "gen9championsvgc2026regma",
  "rating": null,
  "private": 0,
  "password": null
}