{
  "id": "gen9championsvgc2026regma-2583249262",
  "format": "[Gen 9 Champions] VGC 2026 Reg M-A",
  "players": [
    "Novicebest",
    "Todo CCT"
  ],
  "log": "|j|\u2606Novicebest\n|j|\u2606Todo CCT\n|t:|1776159399\n|gametype|doubles\n|player|p1|Novicebest|dawn|1369\n|player|p2|Todo CCT|giovanni|1376\n|gen|9\n|tier|[Gen 9 Champions] VGC 2026 Reg M-A\n|rated|\n|rule|Species Clause: Limit one of each Pok\u00e9mon\n|rule|Item Clause: Limit 1 of each item\n|clearpoke\n|poke|p1|Kingambit, L50, F|\n|poke|p1|Gengar, L50, F|\n|poke|p1|Kommo-o, L50, F|\n|poke|p1|Politoed, L50, M|\n|poke|p1|Incineroar, L50, F|\n|poke|p1|Basculegion, L50, M|\n|poke|p2|Charizard, L50, M|\n|poke|p2|Venusaur, L50, M|\n|poke|p2|Sneasler, L50, M|\n|poke|p2|Kingambit, L50, F|\n|poke|p2|Farigiraf, L50, F|\n|poke|p2|Torkoal, L50, M|\n|teampreview|4\n|inactive|Battle timer is ON: inactive players will automatically lose when time's up. (requested by Novicebest)\n|\n|t:|1776159435\n|teamsize|p1|4\n|teamsize|p2|4\n|start\n|switch|p1a: Incineroar|Incineroar, L50, F|100/100\n|switch|p1b: Gengar|Gengar, L50, F|100/100\n|switch|p2a: Charizard|Charizard, L50, M|100/100\n|switch|p2b: Venusaur|Venusaur, L50, M|100/100\n|-ability|p1a: Incineroar|Intimidate|boost\n|-unboost|p2a: Charizard|atk|1\n|-unboost|p2b: Venusaur|atk|1\n|turn|1\n|j| party gengar\n|inactive|Todo CCT has 30 seconds left.\n|inactive|Todo CCT has 20 seconds left.\n|inactive|Todo CCT has 15 seconds left.\n|inactive|Todo CCT has 10 seconds left.\n|inactive|Todo CCT has 5 seconds left.\n|\n|t:|1776159490\n|switch|p2b: Farigiraf|Farigiraf, L50, F|100/100\n|detailschange|p1b: Gengar|Gengar-Mega, L50, F\n|-mega|p1b: Gengar|Gengar|Gengarite\n|detailschange|p2a: Charizard|Charizard-Mega-Y, L50, M\n|-mega|p2a: Charizard|Charizard|Charizardite Y\n|-weather|SunnyDay|[from] ability: Drought|[of] p2a: Charizard\n|move|p1a: Incineroar|Fake Out||[still]\n|cant|p2b: Farigiraf|ability: Armor Tail|Fake Out|[of] p1a: Incineroar\n|move|p1b: Gengar|Perish Song|p1b: Gengar\n|-start|p1a: Incineroar|perish3|[silent]\n|-start|p1b: Gengar|perish3|[silent]\n|-start|p2a: Charizard|perish3|[silent]\n|-start|p2b: Farigiraf|perish3|[silent]\n|-fieldactivate|move: Perish Song\n|move|p2a: Charizard|Heat Wave|p1a: Incineroar|[spread] p1a,p1b\n|-resisted|p1a: Incineroar|1\n|-damage|p1a: Incineroar|68/100\n|-damage|p1b: Gengar|29/100\n|-status|p1b: Gengar|brn\n|\n|-weather|SunnyDay|[upkeep]\n|-damage|p1b: Gengar|23/100 brn|[from] brn\n|-start|p1b: Gengar|perish3\n|-start|p2a: Charizard|perish3\n|-start|p1a: Incineroar|perish3\n|-start|p2b: Farigiraf|perish3\n|upkeep\n|turn|2\n|inactive|Novicebest has 30 seconds left.\n|\n|t:|1776159516\n|switch|p1a: Politoed|Politoed, L50, M|100/100\n|-weather|RainDance|[from] ability: Drizzle|[of] p1a: Politoed\n|move|p2b: Farigiraf|Helping Hand|p2a: Charizard\n|-singleturn|p2a: Charizard|Helping Hand|[of] p2b: Farigiraf\n|move|p1b: Gengar|Protect|p1b: Gengar\n|-singleturn|p1b: Gengar|Protect\n|move|p2a: Charizard|Heat Wave|p1b: Gengar|[spread] p1a\n|-activate|p1b: Gengar|move: Protect\n|-resisted|p1a: Politoed|1\n|-damage|p1a: Politoed|90/100\n|\n|-weather|RainDance|[upkeep]\n|-heal|p1a: Politoed|96/100|[from] item: Leftovers\n|-damage|p1b: Gengar|17/100 brn|[from] brn\n|-start|p1b: Gengar|perish2\n|-start|p2a: Charizard|perish2\n|-start|p2b: Farigiraf|perish2\n|upkeep\n|turn|3\n|inactive|Novicebest has 30 seconds left.\n|inactive|Todo CCT has 30 seconds left.\n|inactive|Novicebest has 20 seconds left.\n|inactive|Todo CCT has 20 seconds left.\n|inactive|Todo CCT has 15 seconds left.\n|inactive|Todo CCT has 10 seconds left.\n|\n|t:|1776159565\n|move|p1b: Gengar|Disable|p2a: Charizard\n|-start|p2a: Charizard|Disable|Heat Wave\n|cant|p2a: Charizard|Disable|Heat Wave\n|move|p1a: Politoed|Encore|p2b: Farigiraf\n|-start|p2b: Farigiraf|Encore\n|-enditem|p2b: Farigiraf|Mental Herb\n|-end|p2b: Farigiraf|Encore\n|move|p2b: Farigiraf|Hyper Voice|p1b: Gengar|[spread] p1a\n|-immune|p1b: Gengar\n|-damage|p1a: Politoed|76/100\n|\n|-weather|RainDance|[upkeep]\n|-heal|p1a: Politoed|82/100|[from] item: Leftovers\n|-damage|p1b: Gengar|12/100 brn|[from] brn\n|-start|p1b: Gengar|perish1\n|-start|p2a: Charizard|perish1\n|-start|p2b: Farigiraf|perish1\n|upkeep\n|turn|4\n|\n|t:|1776159588\n|switch|p1b: Incineroar|Incineroar, L50, F|68/100\n|-ability|p1b: Incineroar|Intimidate|boost\n|-unboost|p2a: Charizard|atk|1\n|-unboost|p2b: Farigiraf|atk|1\n|move|p1a: Politoed|Protect|p1a: Politoed\n|-singleturn|p1a: Politoed|Protect\n|move|p2a: Charizard|Dragon Pulse|p1a: Politoed\n|-activate|p1a: Politoed|move: Protect\n|move|p2b: Farigiraf|Hyper Voice|p1a: Politoed|[spread] p1b\n|-activate|p1a: Politoed|move: Protect\n|-crit|p1b: Incineroar\n|-damage|p1b: Incineroar|22/100\n|-enditem|p1b: Incineroar|Sitrus Berry|[eat]\n|-heal|p1b: Incineroar|47/100|[from] item: Sitrus Berry\n|\n|-weather|RainDance|[upkeep]\n|-heal|p1a: Politoed|88/100|[from] item: Leftovers\n|-start|p2a: Charizard|perish0\n|-start|p2b: Farigiraf|perish0\n|faint|p2a: Charizard\n|faint|p2b: Farigiraf\n|upkeep\n|\n|t:|1776159590\n|switch|p2a: Venusaur|Venusaur, L50, M|100/100\n|switch|p2b: Sneasler|Sneasler, L50, M|100/100\n|turn|5\n|inactive|Novicebest has 30 seconds left.\n|\n|t:|1776159621\n|move|p2b: Sneasler|Fake Out|p1b: Incineroar\n|-damage|p1b: Incineroar|35/100\n|cant|p1b: Incineroar|flinch\n|move|p2a: Venusaur|Sleep Powder|p1a: Politoed|[miss]\n|-miss|p2a: Venusaur|p1a: Politoed\n|move|p1a: Politoed|Perish Song|p1a: Politoed\n|-start|p1a: Politoed|perish3|[silent]\n|-start|p1b: Incineroar|perish3|[silent]\n|-start|p2a: Venusaur|perish3|[silent]\n|-start|p2b: Sneasler|perish3|[silent]\n|-fieldactivate|move: Perish Song\n|\n|-weather|RainDance|[upkeep]\n|-heal|p1a: Politoed|94/100|[from] item: Leftovers\n|-start|p2b: Sneasler|perish3\n|-start|p2a: Venusaur|perish3\n|-start|p1a: Politoed|perish3\n|-start|p1b: Incineroar|perish3\n|upkeep\n|turn|6\n|\n|t:|1776159641\n|move|p1a: Politoed|Protect|p1a: Politoed\n|-singleturn|p1a: Politoed|Protect\n|move|p1b: Incineroar|Protect|p1b: Incineroar\n|-singleturn|p1b: Incineroar|Protect\n|move|p2b: Sneasler|Close Combat|p1b: Incineroar\n|-activate|p1b: Incineroar|move: Protect\n|move|p2a: Venusaur|Leaf Storm|p1a: Politoed\n|-activate|p1a: Politoed|move: Protect\n|\n|-weather|none\n|-heal|p1a: Politoed|99/100|[from] item: Leftovers\n|-start|p2b: Sneasler|perish2\n|-start|p2a: Venusaur|perish2\n|-start|p1a: Politoed|perish2\n|-start|p1b: Incineroar|perish2\n|upkeep\n|turn|7\n|\n|t:|1776159662\n|switch|p1a: Gengar|Gengar-Mega, L50, F|12/100 brn\n|move|p2b: Sneasler|Dire Claw|p1b: Incineroar\n|-damage|p1b: Incineroar|3/100\n|-status|p1b: Incineroar|psn\n|move|p2a: Venusaur|Leaf Storm|p1a: Gengar\n|-resisted|p1a: Gengar|1\n|-damage|p1a: Gengar|0 fnt\n|-unboost|p2a: Venusaur|spa|2\n|faint|p1a: Gengar\n|move|p1b: Incineroar|Parting Shot|p2a: Venusaur\n|-unboost|p2a: Venusaur|atk|1\n|-unboost|p2a: Venusaur|spa|1\n|\n|t:|1776159678\n|switch|p1b: Politoed|Politoed, L50, M|99/100|[from] Parting Shot\n|-weather|RainDance|[from] ability: Drizzle|[of] p1b: Politoed\n|\n|-weather|RainDance|[upkeep]\n|-heal|p1b: Politoed|100/100|[from] item: Leftovers\n|-start|p2b: Sneasler|perish1\n|-start|p2a: Venusaur|perish1\n|upkeep\n|\n|t:|1776159688\n|switch|p1a: Incineroar|Incineroar, L50, F|3/100 psn\n|-ability|p1a: Incineroar|Intimidate|boost\n|-unboost|p2a: Venusaur|atk|1\n|-unboost|p2b: Sneasler|atk|1\n|-enditem|p2b: Sneasler|White Herb\n|-clearnegativeboost|p2b: Sneasler|[silent]\n|turn|8\n|\n|t:|1776159703\n|move|p1b: Politoed|Protect|p1b: Politoed\n|-singleturn|p1b: Politoed|Protect\n|move|p1a: Incineroar|Fake Out|p2b: Sneasler\n|-damage|p2b: Sneasler|82/100\n|cant|p2b: Sneasler|flinch\n|move|p2a: Venusaur|Leaf Storm|p1b: Politoed\n|-activate|p1b: Politoed|move: Protect\n|\n|-weather|RainDance|[upkeep]\n|-damage|p1a: Incineroar|0 fnt|[from] psn\n|faint|p1a: Incineroar\n|-start|p2b: Sneasler|perish0\n|-start|p2a: Venusaur|perish0\n|faint|p2b: Sneasler\n|faint|p2a: Venusaur\n|\n|win|Novicebest\n|raw|Novicebest's rating: 1369 &rarr; <strong>1388</strong><br />(+19 for winning)\n|raw|Todo CCT's rating: 1344 &rarr; <strong>1325</strong><br />(-19 for losing)\n|l|\u2606Todo CCT\n|player|p2|\n",
  "uploadtime": 1776159720,
  "views": 23,
  "formatid": "gen9championsvgc2026regma",
  "rating": 1325,
  "private": 0,
  "password": null
}