{
  "id": "gen9championsvgc2026regma-2588378175",
  "format": "[Gen 9 Champions] VGC 2026 Reg M-A",
  "players": [
    "Leemo1218",
    "vbadplayer1"
  ],
  "log": "|j|\u2606Leemo1218\n|j|\u2606vbadplayer1\n|t:|1776628511\n|gametype|doubles\n|player|p1|Leemo1218|riley|1000\n|player|p2|vbadplayer1|265|1000\n|gen|9\n|tier|[Gen 9 Champions] VGC 2026 Reg M-A\n|rated|\n|rule|Species Clause: Limit one of each Pok\u00e9mon\n|rule|Item Clause: Limit 1 of each item\n|clearpoke\n|poke|p1|Incineroar, L50, F|\n|poke|p1|Gengar, L50, M, shiny|\n|poke|p1|Kingambit, L50, M|\n|poke|p1|Maushold-Four, L50|\n|poke|p1|Palafin, L50, F|\n|poke|p1|Zoroark-Hisui, L50, F|\n|poke|p2|Rotom-Wash, L50|\n|poke|p2|Meganium, L50, F|\n|poke|p2|Corviknight, L50, F|\n|poke|p2|Garchomp, L50, F|\n|poke|p2|Whimsicott, L50, F|\n|poke|p2|Tyranitar, L50, F|\n|teampreview|4\n|inactive|Battle timer is ON: inactive players will automatically lose when time's up. (requested by vbadplayer1)\n|inactive|vbadplayer1 has 60 seconds left.\n|\n|t:|1776628550\n|teamsize|p1|4\n|teamsize|p2|4\n|start\n|switch|p1a: Gengar|Gengar, L50, M, shiny|100/100\n|switch|p1b: Incineroar|Incineroar, L50, F|100/100\n|switch|p2a: Corviknight|Corviknight, L50, F|100/100\n|switch|p2b: Garchomp|Garchomp, L50, F|100/100\n|-ability|p1b: Incineroar|Intimidate|boost\n|-ability|p2a: Corviknight|Mirror Armor\n|-unboost|p1b: Incineroar|atk|1\n|-unboost|p2b: Garchomp|atk|1\n|turn|1\n|\n|t:|1776628562\n|detailschange|p1a: Gengar|Gengar-Mega, L50, M, shiny\n|-mega|p1a: Gengar|Gengar|Gengarite\n|move|p1b: Incineroar|Fake Out|p2b: Garchomp\n|-damage|p2b: Garchomp|93/100\n|-damage|p1b: Incineroar|88/100|[from] ability: Rough Skin|[of] p2b: Garchomp\n|cant|p2b: Garchomp|flinch\n|move|p1a: Gengar|Perish Song|p1a: Gengar\n|-start|p1a: Gengar|perish3|[silent]\n|-start|p1b: Incineroar|perish3|[silent]\n|-start|p2a: Corviknight|perish3|[silent]\n|-start|p2b: Garchomp|perish3|[silent]\n|-fieldactivate|move: Perish Song\n|move|p2a: Corviknight|Iron Defense|p2a: Corviknight\n|-boost|p2a: Corviknight|def|2\n|\n|-start|p2b: Garchomp|perish3\n|-start|p1a: Gengar|perish3\n|-start|p2a: Corviknight|perish3\n|-start|p1b: Incineroar|perish3\n|upkeep\n|turn|2\n|\n|t:|1776628581\n|move|p1a: Gengar|Protect|p1a: Gengar\n|-singleturn|p1a: Gengar|Protect\n|move|p2b: Garchomp|Earthquake|p1a: Gengar|[spread] p1b\n|-activate|p1a: Gengar|move: Protect\n|-immune|p2a: Corviknight\n|-supereffective|p1b: Incineroar|1\n|-damage|p1b: Incineroar|35/100\n|-enditem|p1b: Incineroar|Sitrus Berry|[eat]\n|-heal|p1b: Incineroar|59/100|[from] item: Sitrus Berry\n|move|p2a: Corviknight|Dual Wingbeat|p1a: Gengar\n|-activate|p1a: Gengar|move: Protect\n|move|p1b: Incineroar|Will-O-Wisp|p2a: Corviknight\n|-status|p2a: Corviknight|brn\n|\n|-damage|p2a: Corviknight|95/100 brn|[from] brn\n|-start|p2b: Garchomp|perish2\n|-start|p1a: Gengar|perish2\n|-start|p2a: Corviknight|perish2\n|-start|p1b: Incineroar|perish2\n|upkeep\n|turn|3\n|\n|t:|1776628601\n|switch|p1a: Maushold|Maushold-Four, L50|100/100\n|move|p2b: Garchomp|Earthquake|p1a: Maushold|[spread] p1a,p1b\n|-immune|p2a: Corviknight\n|-supereffective|p1b: Incineroar|1\n|-damage|p1a: Maushold|64/100\n|-damage|p1b: Incineroar|22/100\n|move|p2a: Corviknight|Dual Wingbeat|p1a: Maushold\n|-damage|p1a: Maushold|56/100\n|-damage|p1a: Maushold|47/100\n|-hitcount|p1a: Maushold|2\n|move|p1b: Incineroar|Parting Shot|p2b: Garchomp\n|-unboost|p2b: Garchomp|atk|1\n|-unboost|p2b: Garchomp|spa|1\n|\n|t:|1776628612\n|switch|p1b: Gengar|Gengar-Mega, L50, M, shiny|100/100|[from] Parting Shot\n|\n|-heal|p2a: Corviknight|100/100 brn|[from] item: Leftovers\n|-damage|p2a: Corviknight|95/100 brn|[from] brn\n|-start|p2b: Garchomp|perish1\n|-start|p2a: Corviknight|perish1\n|upkeep\n|turn|4\n|\n|t:|1776628621\n|move|p1b: Gengar|Protect|p1b: Gengar\n|-singleturn|p1b: Gengar|Protect\n|move|p1a: Maushold|Protect|p1a: Maushold\n|-singleturn|p1a: Maushold|Protect\n|move|p2b: Garchomp|Earthquake|p1b: Gengar|[spread] \n|-activate|p1a: Maushold|move: Protect\n|-activate|p1b: Gengar|move: Protect\n|-immune|p2a: Corviknight\n|move|p2a: Corviknight|Dual Wingbeat|p1a: Maushold\n|-activate|p1a: Maushold|move: Protect\n|\n|-heal|p2a: Corviknight|100/100 brn|[from] item: Leftovers\n|-damage|p2a: Corviknight|95/100 brn|[from] brn\n|-start|p2b: Garchomp|perish0\n|-start|p2a: Corviknight|perish0\n|faint|p2b: Garchomp\n|faint|p2a: Corviknight\n|upkeep\n|\n|t:|1776628627\n|switch|p2b: Tyranitar|Tyranitar, L50, F|100/100\n|switch|p2a: Rotom|Rotom-Wash, L50|100/100\n|-weather|Sandstorm|[from] ability: Sand Stream|[of] p2b: Tyranitar\n|turn|5\n|\n|t:|1776628642\n|move|p1a: Maushold|Follow Me|p1a: Maushold\n|-singleturn|p1a: Maushold|move: Follow Me\n|move|p1b: Gengar|Perish Song|p1b: Gengar\n|-start|p1a: Maushold|perish3|[silent]\n|-start|p1b: Gengar|perish3|[silent]\n|-start|p2a: Rotom|perish3|[silent]\n|-start|p2b: Tyranitar|perish3|[silent]\n|-fieldactivate|move: Perish Song\n|move|p2a: Rotom|Thunderbolt|p1a: Maushold\n|-damage|p1a: Maushold|21/100\n|move|p2b: Tyranitar|Rock Slide|p1a: Maushold|[spread] p1a\n|-miss|p2b: Tyranitar|p1b: Gengar\n|-damage|p1a: Maushold|0 fnt\n|faint|p1a: Maushold\n|\n|-weather|Sandstorm|[upkeep]\n|-damage|p1b: Gengar|95/100|[from] Sandstorm\n|-damage|p2a: Rotom|95/100|[from] Sandstorm\n|-start|p1b: Gengar|perish3\n|-start|p2a: Rotom|perish3\n|-start|p2b: Tyranitar|perish3\n|upkeep\n|\n|t:|1776628653\n|switch|p1a: Incineroar|Incineroar, L50, F|22/100\n|-ability|p1a: Incineroar|Intimidate|boost\n|-unboost|p2a: Rotom|atk|1\n|-unboost|p2b: Tyranitar|atk|1\n|turn|6\n|\n|t:|1776628666\n|move|p1b: Gengar|Protect|p1b: Gengar\n|-singleturn|p1b: Gengar|Protect\n|move|p1a: Incineroar|Fake Out|p2b: Tyranitar\n|-resisted|p2b: Tyranitar|1\n|-damage|p2b: Tyranitar|96/100\n|move|p2a: Rotom|Thunderbolt|p1b: Gengar\n|-activate|p1b: Gengar|move: Protect\n|cant|p2b: Tyranitar|flinch\n|\n|-weather|Sandstorm|[upkeep]\n|-damage|p1b: Gengar|89/100|[from] Sandstorm\n|-damage|p2a: Rotom|89/100|[from] Sandstorm\n|-damage|p1a: Incineroar|16/100|[from] Sandstorm\n|-start|p1b: Gengar|perish2\n|-start|p2a: Rotom|perish2\n|-start|p2b: Tyranitar|perish2\n|upkeep\n|turn|7\n|inactive|Leemo1218 has 30 seconds left.\n|inactive|Leemo1218 has 20 seconds left.\n|inactive|Leemo1218 has 15 seconds left.\n|c|\u2606vbadplayer1|gg wp\n|\n|t:|1776628709\n|move|p1b: Gengar|Substitute|p1b: Gengar\n|-start|p1b: Gengar|Substitute\n|-damage|p1b: Gengar|64/100\n|move|p2a: Rotom|Hydro Pump|p1b: Gengar\n|-crit|p1b: Gengar\n|-end|p1b: Gengar|Substitute\n|move|p2b: Tyranitar|Rock Slide|p1a: Incineroar|[spread] p1a,p1b\n|-supereffective|p1a: Incineroar|1\n|-damage|p1a: Incineroar|0 fnt\n|-damage|p1b: Gengar|38/100\n|faint|p1a: Incineroar\n|\n|-weather|Sandstorm|[upkeep]\n|-damage|p1b: Gengar|32/100|[from] Sandstorm\n|-damage|p2a: Rotom|84/100|[from] Sandstorm\n|-start|p1b: Gengar|perish1\n|-start|p2a: Rotom|perish1\n|-start|p2b: Tyranitar|perish1\n|upkeep\n|\n|t:|1776628718\n|switch|p1a: Gengar|Gengar-Mega, L50, M, shiny|100/100\n|turn|8\n|\n|t:|1776628740\n|move|p1b: Gengar|Protect|p1b: Gengar\n|-singleturn|p1b: Gengar|Protect\n|move|p1a: Gengar|Protect|p1a: Gengar\n|-singleturn|p1a: Gengar|Protect\n|move|p2a: Rotom|Thunderbolt|p1a: Gengar\n|-activate|p1a: Gengar|move: Protect\n|move|p2b: Tyranitar|Rock Slide|p1a: Gengar|[spread] \n|-activate|p1a: Gengar|move: Protect\n|-activate|p1b: Gengar|move: Protect\n|\n|-weather|Sandstorm|[upkeep]\n|-damage|p1b: Gengar|26/100|[from] Sandstorm\n|-damage|p1a: Gengar|94/100|[from] Sandstorm\n|-damage|p2a: Rotom|78/100|[from] Sandstorm\n|-start|p1b: Gengar|perish0\n|-start|p2a: Rotom|perish0\n|-start|p2b: Tyranitar|perish0\n|faint|p1b: Gengar\n|faint|p2a: Rotom\n|faint|p2b: Tyranitar\n|\n|win|Leemo1218\n|raw|Leemo1218's rating: 1000 &rarr; <strong>1040</strong><br />(+40 for winning)\n|raw|vbadplayer1's rating: 1000 &rarr; <strong>1000</strong><br />(+0 for losing)\n",
  "uploadtime": 1776628748,
  "views": 10,
  "formatid": "gen9championsvgc2026regma",
  "rating": 1000,
  "private": 0,
  "password": null
}