{
  "id": "gen9championsvgc2026regma-2582762038",
  "format": "[Gen 9 Champions] VGC 2026 Reg M-A",
  "players": [
    "biscotti5",
    "mr.diversity"
  ],
  "log": "|j|\u2606biscotti5\n|j|\u2606mr.diversity\n|t:|1776112309\n|gametype|doubles\n|player|p1|biscotti5|veteranf|1166\n|player|p2|mr.diversity|bruno|1200\n|gen|9\n|tier|[Gen 9 Champions] VGC 2026 Reg M-A\n|rated|\n|rule|Species Clause: Limit one of each Pok\u00e9mon\n|rule|Item Clause: Limit 1 of each item\n|clearpoke\n|poke|p1|Politoed, L50, F|\n|poke|p1|Dragonite, L50, F|\n|poke|p1|Basculegion, L50, M|\n|poke|p1|Sneasler, L50, M|\n|poke|p1|Sinistcha, L50|\n|poke|p1|Aggron, L50, F|\n|poke|p2|Froslass, L50, F|\n|poke|p2|Arcanine-Hisui, L50, F|\n|poke|p2|Whimsicott, L50, M|\n|poke|p2|Torkoal, L50, M|\n|poke|p2|Azumarill, L50, M|\n|poke|p2|Zoroark-Hisui, L50, M|\n|teampreview|4\n|inactive|Battle timer is ON: inactive players will automatically lose when time's up. (requested by mr.diversity)\n|inactive|biscotti5 also wants the timer to be on.\n|\n|t:|1776112338\n|teamsize|p1|4\n|teamsize|p2|4\n|start\n|switch|p1a: Billie|Sneasler, L50, M|100/100\n|switch|p1b: Cannonball|Aggron, L50, F|100/100\n|switch|p2a: Froslass|Froslass, L50, F|100/100\n|switch|p2b: Arcanine|Arcanine-Hisui, L50, F|100/100\n|turn|1\n|inactive|biscotti5 has 30 seconds left.\n|\n|t:|1776112363\n|detailschange|p2a: Froslass|Froslass-Mega, L50, F\n|-mega|p2a: Froslass|Froslass|Froslassite\n|-weather|Snowscape|[from] ability: Snow Warning|[of] p2a: Froslass\n|detailschange|p1b: Cannonball|Aggron-Mega, L50, F\n|-mega|p1b: Cannonball|Aggron|Aggronite\n|move|p1a: Billie|Fake Out|p2b: Arcanine\n|-immune|p2b: Arcanine\n|move|p2a: Froslass|Blizzard|p1b: Cannonball|[spread] p1a,p1b\n|-resisted|p1b: Cannonball|1\n|-damage|p1a: Billie|36/100\n|-damage|p1b: Cannonball|80/100\n|move|p2b: Arcanine|Focus Blast|p1b: Cannonball\n|-supereffective|p1b: Cannonball|1\n|-damage|p1b: Cannonball|31/100\n|move|p1b: Cannonball|Heavy Slam|p2a: Froslass\n|-supereffective|p2a: Froslass|1\n|-damage|p2a: Froslass|0 fnt\n|faint|p2a: Froslass\n|\n|-weather|Snowscape|[upkeep]\n|upkeep\n|\n|t:|1776112385\n|switch|p2a: Arcanine|Arcanine-Hisui, L50, F|100/100\n|-ability|p2a: Arcanine|Intimidate|boost\n|-unboost|p1a: Billie|atk|1\n|-unboost|p1b: Cannonball|atk|1\n|turn|2\n|\n|t:|1776112396\n|switch|p1b: Tipton|Sinistcha, L50|100/100\n|-heal|p1a: Billie|60/100|[from] ability: Hospitality|[of] p1b: Tipton\n|move|p2a: Arcanine|Protect|p2a: Arcanine\n|-singleturn|p2a: Arcanine|Protect\n|move|p1a: Billie|Close Combat|p2a: Arcanine\n|-activate|p2a: Arcanine|move: Protect\n|move|p2b: Arcanine|Hyper Voice|p1b: Tipton|[spread] p1a\n|-immune|p1b: Tipton\n|-damage|p1a: Billie|4/100\n|\n|-weather|Snowscape|[upkeep]\n|upkeep\n|turn|3\n|inactive|biscotti5 has 30 seconds left.\n|\n|t:|1776112424\n|switch|p2a: Azumarill|Azumarill, L50, M|100/100\n|move|p1b: Tipton|Rage Powder|p1b: Tipton\n|-singleturn|p1b: Tipton|move: Rage Powder\n|move|p1a: Billie|Close Combat|p2a: Azumarill\n|-resisted|p2a: Azumarill|1\n|-damage|p2a: Azumarill|81/100\n|-unboost|p1a: Billie|def|1\n|-unboost|p1a: Billie|spd|1\n|move|p2b: Arcanine|Shadow Ball|p1b: Tipton\n|-supereffective|p1b: Tipton|1\n|-damage|p1b: Tipton|28/100\n|-enditem|p1b: Tipton|Sitrus Berry|[eat]\n|-heal|p1b: Tipton|53/100|[from] item: Sitrus Berry\n|\n|-weather|Snowscape|[upkeep]\n|upkeep\n|turn|4\n|\n|t:|1776112446\n|move|p2a: Azumarill|Protect|p2a: Azumarill\n|-singleturn|p2a: Azumarill|Protect\n|move|p1a: Billie|Dire Claw|p2a: Azumarill\n|-activate|p2a: Azumarill|move: Protect\n|move|p2b: Arcanine|Shadow Ball|p1b: Tipton\n|-supereffective|p1b: Tipton|1\n|-crit|p1b: Tipton\n|-damage|p1b: Tipton|0 fnt\n|faint|p1b: Tipton\n|\n|-weather|Snowscape|[upkeep]\n|upkeep\n|\n|t:|1776112457\n|switch|p1b: Dizzy|Politoed, L50, F, shiny|100/100\n|-weather|RainDance|[from] ability: Drizzle|[of] p1b: Dizzy\n|turn|5\n|\n|t:|1776112467\n|move|p2a: Azumarill|Aqua Jet|p1a: Billie\n|-damage|p1a: Billie|0 fnt\n|faint|p1a: Billie\n|move|p2b: Arcanine|Hyper Voice|p1b: Dizzy\n|-damage|p1b: Dizzy|53/100\n|move|p1b: Dizzy|Weather Ball|p2b: Arcanine\n|-damage|p2b: Arcanine|0 fnt\n|replace|p2b: Zoroark|Zoroark-Hisui, L50, M\n|-end|p2b: Zoroark|Illusion\n|faint|p2b: Zoroark\n|\n|-weather|RainDance|[upkeep]\n|-heal|p1b: Dizzy|59/100|[from] item: Leftovers\n|upkeep\n|\n|t:|1776112473\n|switch|p1a: Cannonball|Aggron-Mega, L50, F|31/100\n|switch|p2b: Arcanine|Arcanine-Hisui, L50, F|100/100\n|-ability|p2b: Arcanine|Intimidate|boost\n|-unboost|p1a: Cannonball|atk|1\n|-unboost|p1b: Dizzy|atk|1\n|turn|6\n|\n|t:|1776112484\n|move|p1a: Cannonball|Protect|p1a: Cannonball\n|-singleturn|p1a: Cannonball|Protect\n|move|p2b: Arcanine|Rock Slide|p1b: Dizzy|[spread] p1b\n|-activate|p1a: Cannonball|move: Protect\n|-damage|p1b: Dizzy|35/100\n|move|p1b: Dizzy|Muddy Water|p2a: Azumarill|[spread] p2a,p2b\n|-resisted|p2a: Azumarill|1\n|-supereffective|p2b: Arcanine|2\n|-damage|p2a: Azumarill|63/100\n|-damage|p2b: Arcanine|0 fnt\n|-unboost|p2a: Azumarill|accuracy|1\n|faint|p2b: Arcanine\n|move|p2a: Azumarill|Liquidation|p1a: Cannonball\n|-activate|p1a: Cannonball|move: Protect\n|\n|-weather|RainDance|[upkeep]\n|-heal|p1b: Dizzy|41/100|[from] item: Leftovers\n|upkeep\n|turn|7\n|\n|t:|1776112498\n|move|p2a: Azumarill|Aqua Jet|p1a: Cannonball\n|-damage|p1a: Cannonball|8/100\n|move|p1b: Dizzy|Weather Ball|p2a: Azumarill\n|-resisted|p2a: Azumarill|1\n|-damage|p2a: Azumarill|39/100\n|move|p1a: Cannonball|Heavy Slam|p2a: Azumarill\n|-damage|p2a: Azumarill|0 fnt\n|faint|p2a: Azumarill\n|\n|win|biscotti5\n|raw|biscotti5's rating: 1166 &rarr; <strong>1193</strong><br />(+27 for winning)\n|raw|mr.diversity's rating: 1200 &rarr; <strong>1173</strong><br />(-27 for losing)\n|l|\u2606mr.diversity\n|player|p2|\n",
  "uploadtime": 1776112511,
  "views": 23,
  "formatid": "gen9championsvgc2026regma",
  "rating": 1173,
  "private": 0,
  "password": null
}