{
  "id": "gen9championsvgc2026regma-2584330651",
  "format": "[Gen 9 Champions] VGC 2026 Reg M-A",
  "players": [
    "33daan",
    "kaiSSTX"
  ],
  "log": "|j|\u260633daan\n|j|\u2606kaiSSTX\n|t:|1776251972\n|gametype|doubles\n|player|p1|33daan|169|1295\n|player|p2|kaiSSTX|hilbert|1362\n|gen|9\n|tier|[Gen 9 Champions] VGC 2026 Reg M-A\n|rated|\n|rule|Species Clause: Limit one of each Pok\u00e9mon\n|rule|Item Clause: Limit 1 of each item\n|clearpoke\n|poke|p1|Floette-Eternal, L50, F|\n|poke|p1|Meowscarada, L50, M|\n|poke|p1|Aegislash, L50, M|\n|poke|p1|Maushold-Four, L50|\n|poke|p1|Sneasler, L50, F|\n|poke|p1|Aerodactyl, L50, M|\n|poke|p2|Archaludon, L50, M|\n|poke|p2|Pelipper, L50, F|\n|poke|p2|Sneasler, L50, M|\n|poke|p2|Starmie, L50|\n|poke|p2|Sinistcha, L50|\n|poke|p2|Incineroar, L50, F|\n|teampreview|4\n|inactive|Battle timer is ON: inactive players will automatically lose when time's up. (requested by 33daan)\n|inactive|33daan has 60 seconds left.\n|inactive|kaiSSTX has 60 seconds left.\n|\n|t:|1776252011\n|teamsize|p1|4\n|teamsize|p2|4\n|start\n|switch|p1a: Floette|Floette-Eternal, L50, F|100/100\n|switch|p1b: Meowscarada|Meowscarada, L50, M|100/100\n|switch|p2a: Sneasler|Sneasler, L50, M|100/100\n|switch|p2b: Sinistcha|Sinistcha, L50|100/100\n|turn|1\n|inactive|33daan has 30 seconds left.\n|inactive|kaiSSTX has 30 seconds left.\n|inactive|33daan has 20 seconds left.\n|inactive|33daan has 15 seconds left.\n|inactive|kaiSSTX has 20 seconds left.\n|inactive|kaiSSTX has 15 seconds left.\n|\n|t:|1776252057\n|switch|p1a: Aegislash|Aegislash, L50, M|100/100\n|switch|p2b: Incineroar|Incineroar, L50, F|100/100\n|-ability|p2b: Incineroar|Intimidate|boost\n|-unboost|p1a: Aegislash|atk|1\n|-unboost|p1b: Meowscarada|atk|1\n|move|p2a: Sneasler|Fake Out|p1a: Aegislash\n|-immune|p1a: Aegislash\n|move|p1b: Meowscarada|Knock Off|p2b: Incineroar\n|-start|p1b: Meowscarada|typechange|Dark|[from] ability: Protean\n|-resisted|p2b: Incineroar|1\n|-damage|p2b: Incineroar|90/100\n|-enditem|p2b: Incineroar|Sitrus Berry|[from] move: Knock Off|[of] p1b: Meowscarada\n|\n|upkeep\n|turn|2\n|inactive|33daan has 30 seconds left.\n|\n|t:|1776252085\n|move|p1a: Aegislash|King's Shield|p1a: Aegislash\n|-singleturn|p1a: Aegislash|Protect\n|move|p1b: Meowscarada|Knock Off|p2a: Sneasler\n|-resisted|p2a: Sneasler|1\n|-damage|p2a: Sneasler|76/100\n|-enditem|p2a: Sneasler|White Herb|[from] move: Knock Off|[of] p1b: Meowscarada\n|move|p2a: Sneasler|Close Combat|p1b: Meowscarada\n|-supereffective|p1b: Meowscarada|1\n|-damage|p1b: Meowscarada|0 fnt\n|-unboost|p2a: Sneasler|def|1\n|-unboost|p2a: Sneasler|spd|1\n|faint|p1b: Meowscarada\n|move|p2b: Incineroar|Will-O-Wisp|p1a: Aegislash\n|-status|p1a: Aegislash|brn\n|\n|-damage|p1a: Aegislash|95/100 brn|[from] brn\n|upkeep\n|\n|t:|1776252102\n|switch|p1b: Sneasler|Sneasler, L50, F|100/100\n|turn|3\n|\n|t:|1776252126\n|move|p2a: Sneasler|Coaching|p2b: Incineroar\n|-boost|p2b: Incineroar|atk|1\n|-boost|p2b: Incineroar|def|1\n|move|p1b: Sneasler|Close Combat|p2b: Incineroar\n|-supereffective|p2b: Incineroar|1\n|-damage|p2b: Incineroar|23/100\n|-unboost|p1b: Sneasler|def|1\n|-unboost|p1b: Sneasler|spd|1\n|-enditem|p1b: Sneasler|White Herb\n|-clearnegativeboost|p1b: Sneasler|[silent]\n|move|p2b: Incineroar|Will-O-Wisp|p1b: Sneasler\n|-status|p1b: Sneasler|brn\n|move|p1a: Aegislash|Swords Dance|p1a: Aegislash\n|-boost|p1a: Aegislash|atk|2\n|\n|-damage|p1b: Sneasler|95/100 brn|[from] brn\n|-damage|p1a: Aegislash|89/100 brn|[from] brn\n|upkeep\n|turn|4\n|inactive|33daan has 30 seconds left.\n|\n|t:|1776252155\n|switch|p2a: Sinistcha|Sinistcha, L50|100/100\n|-heal|p2b: Incineroar|48/100|[from] ability: Hospitality|[of] p2a: Sinistcha\n|-formechange|p1a: Aegislash|Aegislash-Blade|\n|move|p1a: Aegislash|Shadow Sneak|p2b: Incineroar\n|-resisted|p2b: Incineroar|1\n|-damage|p2b: Incineroar|44/100\n|move|p1b: Sneasler|Dire Claw|p2b: Incineroar\n|-damage|p2b: Incineroar|33/100\n|move|p2b: Incineroar|Darkest Lariat|p1a: Aegislash\n|-supereffective|p1a: Aegislash|1\n|-damage|p1a: Aegislash|0 fnt\n|faint|p1a: Aegislash\n|\n|-damage|p1b: Sneasler|89/100 brn|[from] brn\n|upkeep\n|\n|t:|1776252170\n|switch|p1a: Floette|Floette-Eternal, L50, F|100/100\n|turn|5\n|\n|t:|1776252177\n|detailschange|p1a: Floette|Floette-Mega, L50, F\n|-mega|p1a: Floette|Floette|Floettite\n|-ability|p1a: Floette|Fairy Aura\n|move|p1b: Sneasler|Close Combat|p2b: Incineroar\n|-supereffective|p2b: Incineroar|1\n|-damage|p2b: Incineroar|0 fnt\n|-unboost|p1b: Sneasler|def|1\n|-unboost|p1b: Sneasler|spd|1\n|faint|p2b: Incineroar\n|move|p1a: Floette|Calm Mind|p1a: Floette\n|-boost|p1a: Floette|spa|1\n|-boost|p1a: Floette|spd|1\n|move|p2a: Sinistcha|Calm Mind|p2a: Sinistcha\n|-boost|p2a: Sinistcha|spa|1\n|-boost|p2a: Sinistcha|spd|1\n|\n|-damage|p1b: Sneasler|83/100 brn|[from] brn\n|upkeep\n|\n|t:|1776252188\n|switch|p2b: Sneasler|Sneasler, L50, M|76/100\n|turn|6\n|\n|t:|1776252196\n|move|p1a: Floette|Protect|p1a: Floette\n|-singleturn|p1a: Floette|Protect\n|move|p1b: Sneasler|Dire Claw|p2b: Sneasler\n|-resisted|p2b: Sneasler|1\n|-damage|p2b: Sneasler|57/100\n|move|p2b: Sneasler|Dire Claw|p1a: Floette\n|-activate|p1a: Floette|move: Protect\n|move|p2a: Sinistcha|Matcha Gotcha|p1b: Sneasler|[spread] \n|-activate|p1a: Floette|move: Protect\n|-miss|p2a: Sinistcha|p1b: Sneasler\n|\n|-damage|p1b: Sneasler|77/100 brn|[from] brn\n|upkeep\n|turn|7\n|\n|t:|1776252214\n|move|p1b: Sneasler|Dire Claw|p2a: Sinistcha\n|-damage|p2a: Sinistcha|83/100\n|-status|p2a: Sinistcha|par\n|move|p2b: Sneasler|Dire Claw|p1a: Floette\n|-supereffective|p1a: Floette|1\n|-damage|p1a: Floette|33/100\n|move|p1a: Floette|Dazzling Gleam|p2a: Sinistcha|[spread] p2a,p2b\n|-damage|p2a: Sinistcha|38/100 par\n|-damage|p2b: Sneasler|0 fnt\n|faint|p2b: Sneasler\n|move|p2a: Sinistcha|Matcha Gotcha|p1b: Sneasler|[spread] p1a,p1b\n|-resisted|p1b: Sneasler|1\n|-damage|p1a: Floette|13/100\n|-heal|p2a: Sinistcha|48/100 par|[from] drain|[of] p1a: Floette\n|-damage|p1b: Sneasler|37/100 brn\n|-heal|p2a: Sinistcha|66/100 par|[from] drain|[of] p1b: Sneasler\n|\n|-damage|p1b: Sneasler|31/100 brn|[from] brn\n|upkeep\n|\n|t:|1776252230\n|switch|p2b: Starmie|Starmie, L50|100/100\n|turn|8\n|\n|t:|1776252238\n|detailschange|p2b: Starmie|Starmie-Mega, L50\n|-mega|p2b: Starmie|Starmie|Starminite\n|cant|p2a: Sinistcha|par\n|move|p1b: Sneasler|Dire Claw|p2b: Starmie\n|-damage|p2b: Starmie|79/100\n|move|p2b: Starmie|Liquidation|p1a: Floette\n|-damage|p1a: Floette|0 fnt\n|faint|p1a: Floette\n|\n|-damage|p1b: Sneasler|25/100 brn|[from] brn\n|upkeep\n|turn|9\n|-message|33daan forfeited.\n|\n|win|kaiSSTX\n|raw|33daan's rating: 1295 &rarr; <strong>1275</strong><br />(-20 for losing)\n|raw|kaiSSTX's rating: 1362 &rarr; <strong>1378</strong><br />(+16 for winning)\n|l|\u260633daan\n|player|p1|\n",
  "uploadtime": 1776252490,
  "views": 34,
  "formatid": "gen9championsvgc2026regma",
  "rating": 1275,
  "private": 0,
  "password": null
}