{
  "id": "gen9championsvgc2026regma-2587451948",
  "format": "[Gen 9 Champions] VGC 2026 Reg M-A",
  "players": [
    "Vanthras",
    "hvv1409"
  ],
  "log": "|j|\u2606Vanthras\n|j|\u2606hvv1409\n|t:|1776532981\n|gametype|doubles\n|player|p1|Vanthras|265|1099\n|player|p2|hvv1409|pokemonranger-gen4|1091\n|gen|9\n|tier|[Gen 9 Champions] VGC 2026 Reg M-A\n|rated|\n|rule|Species Clause: Limit one of each Pok\u00e9mon\n|rule|Item Clause: Limit 1 of each item\n|clearpoke\n|poke|p1|Delphox, L50, F|\n|poke|p1|Basculegion, L50, M|\n|poke|p1|Kingambit, L50, M|\n|poke|p1|Sneasler, L50, M|\n|poke|p1|Primarina, L50, F|\n|poke|p1|Garchomp, L50, F|\n|poke|p2|Talonflame, L50, M, shiny|\n|poke|p2|Incineroar, L50, M, shiny|\n|poke|p2|Gardevoir, L50, F, shiny|\n|poke|p2|Garchomp, L50, M, shiny|\n|poke|p2|Charizard, L50, M, shiny|\n|poke|p2|Rotom-Heat, L50, shiny|\n|teampreview|4\n|inactive|Battle timer is ON: inactive players will automatically lose when time's up. (requested by Vanthras)\n|\n|t:|1776533015\n|teamsize|p1|4\n|teamsize|p2|4\n|start\n|switch|p1a: Sneasler|Sneasler, L50, M|100/100\n|switch|p1b: Basculegion|Basculegion, L50, M|100/100\n|switch|p2a: fair|Garchomp, L50, M, shiny|100/100\n|switch|p2b: Rotom|Rotom-Heat, L50, shiny|100/100\n|turn|1\n|\n|t:|1776533040\n|switch|p2b: Talonflame|Talonflame, L50, M, shiny|100/100\n|move|p2a: fair|Earthquake|p1a: Sneasler|[spread] p1a,p1b\n|-immune|p2b: Talonflame\n|-supereffective|p1a: Sneasler|1\n|-damage|p1a: Sneasler|0 fnt\n|-damage|p1b: Basculegion|54/100\n|faint|p1a: Sneasler\n|move|p1b: Basculegion|Flip Turn|p2b: Talonflame\n|-supereffective|p2b: Talonflame|1\n|-enditem|p2b: Talonflame|Focus Sash\n|-damage|p2b: Talonflame|1/100\n|\n|t:|1776533048\n|switch|p1b: Primarina|Primarina, L50, F|100/100|[from] Flip Turn\n|\n|upkeep\n|\n|t:|1776533052\n|switch|p1a: Garchomp|Garchomp, L50, F|100/100\n|turn|2\n|\n|t:|1776533067\n|switch|p2a: Rotom|Rotom-Heat, L50, shiny|100/100\n|move|p2b: Talonflame|Tailwind|p2b: Talonflame\n|-sidestart|p2: hvv1409|move: Tailwind\n|move|p1a: Garchomp|Rock Slide|p2a: Rotom|[spread] p2a,p2b\n|-supereffective|p2a: Rotom|1\n|-supereffective|p2b: Talonflame|2\n|-damage|p2a: Rotom|51/100\n|-damage|p2b: Talonflame|0 fnt\n|faint|p2b: Talonflame\n|move|p1b: Primarina|Moonblast|p2a: Rotom\n|-resisted|p2a: Rotom|1\n|-damage|p2a: Rotom|17/100\n|-unboost|p2a: Rotom|spa|1\n|\n|upkeep\n|\n|t:|1776533081\n|switch|p2b: Gardevoir|Gardevoir, L50, F, shiny|100/100\n|turn|3\n|-activate|p2a: Rotom|item: Quick Claw\n|\n|t:|1776533096\n|detailschange|p2b: Gardevoir|Gardevoir-Mega, L50, F, shiny\n|-mega|p2b: Gardevoir|Gardevoir|Gardevoirite\n|move|p1a: Garchomp|Protect|p1a: Garchomp\n|-singleturn|p1a: Garchomp|Protect\n|move|p2a: Rotom|Thunderbolt|p1b: Primarina\n|-supereffective|p1b: Primarina|1\n|-damage|p1b: Primarina|56/100\n|move|p2b: Gardevoir|Hyper Voice|p1b: Primarina|[spread] p1b\n|-activate|p1a: Garchomp|move: Protect\n|-damage|p1b: Primarina|12/100\n|move|p1b: Primarina|Hyper Voice|p2b: Gardevoir|[spread] p2a,p2b\n|-supereffective|p2a: Rotom|1\n|-damage|p2a: Rotom|0 fnt\n|-damage|p2b: Gardevoir|65/100\n|faint|p2a: Rotom\n|\n|-heal|p1b: Primarina|18/100|[from] item: Leftovers\n|upkeep\n|\n|t:|1776533110\n|switch|p2a: fair|Garchomp, L50, M, shiny|100/100\n|turn|4\n|\n|t:|1776533127\n|move|p1b: Primarina|Protect|p1b: Primarina\n|-singleturn|p1b: Primarina|Protect\n|move|p2a: fair|Dragon Claw|p1b: Primarina\n|-activate|p1b: Primarina|move: Protect\n|move|p2b: Gardevoir|Hyper Voice|p1b: Primarina|[spread] p1a\n|-activate|p1b: Primarina|move: Protect\n|-supereffective|p1a: Garchomp|1\n|-damage|p1a: Garchomp|1/100\n|move|p1a: Garchomp|Dragon Claw|p2a: fair\n|-supereffective|p2a: fair|1\n|-damage|p2a: fair|22/100\n|-damage|p1a: Garchomp|0 fnt|[from] ability: Rough Skin|[of] p2a: fair\n|faint|p1a: Garchomp\n|\n|-heal|p1b: Primarina|24/100|[from] item: Leftovers\n|upkeep\n|\n|t:|1776533131\n|switch|p1a: Basculegion|Basculegion, L50, M|54/100\n|turn|5\n|\n|t:|1776533148\n|move|p2a: fair|Dragon Claw|p1a: Basculegion\n|-damage|p1a: Basculegion|3/100\n|move|p2b: Gardevoir|Hyper Voice|p1a: Basculegion|[spread] p1a,p1b\n|-damage|p1a: Basculegion|0 fnt\n|-damage|p1b: Primarina|0 fnt\n|faint|p1a: Basculegion\n|faint|p1b: Primarina\n|\n|win|hvv1409\n|raw|Vanthras's rating: 1099 &rarr; <strong>1074</strong><br />(-25 for losing)\n|raw|hvv1409's rating: 1091 &rarr; <strong>1118</strong><br />(+27 for winning)\n|l|\u2606Vanthras\n|player|p1|\n",
  "uploadtime": 1776533159,
  "views": 20,
  "formatid": "gen9championsvgc2026regma",
  "rating": 1074,
  "private": 0,
  "password": null
}