{
  "id": "gen9championsvgc2026regma-2587102244",
  "format": "[Gen 9 Champions] VGC 2026 Reg M-A",
  "players": [
    "iceman5687",
    "gary90000"
  ],
  "log": "|j|\u2606iceman5687\n|j|\u2606gary90000\n|t:|1776493666\n|gametype|doubles\n|player|p1|iceman5687|265|1144\n|player|p2|gary90000|170|1083\n|gen|9\n|tier|[Gen 9 Champions] VGC 2026 Reg M-A\n|rated|\n|rule|Species Clause: Limit one of each Pok\u00e9mon\n|rule|Item Clause: Limit 1 of each item\n|clearpoke\n|poke|p1|Feraligatr, L50, M|\n|poke|p1|Aerodactyl, L50, F|\n|poke|p1|Sinistcha, L50|\n|poke|p1|Sylveon, L50, M|\n|poke|p1|Charizard, L50, M|\n|poke|p1|Sneasler, L50, F|\n|poke|p2|Crabominable, L50, M|\n|poke|p2|Meowstic, L50, M, shiny|\n|poke|p2|Tyrantrum, L50, F, shiny|\n|poke|p2|Sinistcha-Masterpiece, L50|\n|poke|p2|Cofagrigus, L50, F, shiny|\n|poke|p2|Kingambit, L50, M|\n|teampreview|4\n|inactive|Battle timer is ON: inactive players will automatically lose when time's up. (requested by gary90000)\n|inactive|iceman5687 has 60 seconds left.\n|\n|t:|1776493727\n|teamsize|p1|4\n|teamsize|p2|4\n|start\n|switch|p1a: Sylveon|Sylveon, L50, M|100/100\n|switch|p1b: Sinistcha|Sinistcha, L50|100/100\n|switch|p2a: Cofagrigus|Cofagrigus, L50, F, shiny|100/100\n|switch|p2b: Meowstic|Meowstic, L50, M, shiny|100/100\n|turn|1\n|\n|t:|1776493746\n|move|p2b: Meowstic|Fake Out|p1a: Sylveon\n|-damage|p1a: Sylveon|93/100\n|cant|p1a: Sylveon|flinch\n|move|p1b: Sinistcha|Matcha Gotcha|p2b: Meowstic|[spread] p2a,p2b\n|-damage|p2a: Cofagrigus|80/100\n|-damage|p2b: Meowstic|77/100\n|move|p2a: Cofagrigus|Trick Room|p2a: Cofagrigus\n|-fieldstart|move: Trick Room|[of] p2a: Cofagrigus\n|\n|upkeep\n|turn|2\n|\n|t:|1776493769\n|move|p2b: Meowstic|Yawn|p1a: Sylveon\n|-start|p1a: Sylveon|move: Yawn|[of] p2b: Meowstic\n|move|p2a: Cofagrigus|Nasty Plot|p2a: Cofagrigus\n|-boost|p2a: Cofagrigus|spa|2\n|move|p1b: Sinistcha|Matcha Gotcha|p2a: Cofagrigus|[spread] p2a,p2b\n|-damage|p2a: Cofagrigus|60/100\n|-damage|p2b: Meowstic|51/100\n|move|p1a: Sylveon|Hyper Voice|p2a: Cofagrigus|[spread] p2a,p2b\n|-damage|p2a: Cofagrigus|21/100\n|-damage|p2b: Meowstic|0 fnt\n|-enditem|p2a: Cofagrigus|Sitrus Berry|[eat]\n|-heal|p2a: Cofagrigus|46/100|[from] item: Sitrus Berry\n|faint|p2b: Meowstic\n|\n|upkeep\n|\n|t:|1776493784\n|switch|p2b: Crabominable|Crabominable, L50, M|100/100\n|turn|3\n|inactive|iceman5687 has 30 seconds left.\n|\n|t:|1776493817\n|switch|p1a: Sneasler|Sneasler, L50, F|100/100\n|detailschange|p2b: Crabominable|Crabominable-Mega, L50, M\n|-mega|p2b: Crabominable|Crabominable|Crabominite\n|move|p2a: Cofagrigus|Shadow Ball|p1b: Sinistcha\n|-supereffective|p1b: Sinistcha|1\n|-damage|p1b: Sinistcha|6/100\n|move|p2b: Crabominable|Ice Hammer|p1a: Sneasler\n|-damage|p1a: Sneasler|0 fnt\n|-unboost|p2b: Crabominable|spe|1\n|faint|p1a: Sneasler\n|move|p1b: Sinistcha|Trick Room|p1b: Sinistcha\n|-fieldend|move: Trick Room\n|\n|upkeep\n|\n|t:|1776493826\n|switch|p1a: Sylveon|Sylveon, L50, M|93/100\n|turn|4\n|inactive|gary90000 has 30 seconds left.\n|\n|t:|1776493851\n|move|p2b: Crabominable|Mach Punch|p1a: Sylveon\n|-resisted|p1a: Sylveon|1\n|-damage|p1a: Sylveon|73/100\n|move|p1a: Sylveon|Hyper Voice|p2b: Crabominable|[spread] p2a,p2b\n|-supereffective|p2b: Crabominable|1\n|-damage|p2a: Cofagrigus|5/100\n|-damage|p2b: Crabominable|21/100\n|move|p1b: Sinistcha|Matcha Gotcha|p2b: Crabominable|[spread] p2a,p2b\n|-damage|p2a: Cofagrigus|0 fnt\n|-heal|p1b: Sinistcha|8/100|[from] drain|[of] p2a: Cofagrigus\n|-damage|p2b: Crabominable|1/100\n|-heal|p1b: Sinistcha|20/100|[from] drain|[of] p2b: Crabominable\n|faint|p2a: Cofagrigus\n|\n|upkeep\n|\n|t:|1776493865\n|switch|p2a: Tyrantrum|Tyrantrum, L50, F, shiny|100/100\n|turn|5\n|\n|t:|1776493879\n|move|p1b: Sinistcha|Rage Powder|p1b: Sinistcha\n|-singleturn|p1b: Sinistcha|move: Rage Powder\n|move|p2b: Crabominable|Mach Punch|p1b: Sinistcha\n|-immune|p1b: Sinistcha\n|move|p1a: Sylveon|Hyper Voice|p2b: Crabominable|[spread] p2a,p2b\n|-supereffective|p2a: Tyrantrum|1\n|-supereffective|p2b: Crabominable|1\n|-damage|p2a: Tyrantrum|0 fnt\n|-damage|p2b: Crabominable|0 fnt\n|faint|p2a: Tyrantrum\n|faint|p2b: Crabominable\n|\n|win|iceman5687\n|raw|iceman5687's rating: 1144 &rarr; <strong>1165</strong><br />(+21 for winning)\n|raw|gary90000's rating: 1083 &rarr; <strong>1064</strong><br />(-19 for losing)\n",
  "uploadtime": 1776493879,
  "views": 12,
  "formatid": "gen9championsvgc2026regma",
  "rating": 1064,
  "private": 0,
  "password": null
}