{
  "id": "gen9championsvgc2026regma-2585691890",
  "format": "[Gen 9 Champions] VGC 2026 Reg M-A",
  "players": [
    "TRiGR",
    "drewew97"
  ],
  "log": "|j|\u2606TRiGR\n|j|\u2606drewew97\n|t:|1776364069\n|gametype|doubles\n|player|p1|TRiGR|265|1052\n|player|p2|drewew97|169|1052\n|gen|9\n|tier|[Gen 9 Champions] VGC 2026 Reg M-A\n|rated|\n|rule|Species Clause: Limit one of each Pok\u00e9mon\n|rule|Item Clause: Limit 1 of each item\n|clearpoke\n|poke|p1|Samurott-Hisui, L50, F|\n|poke|p1|Chandelure, L50, M|\n|poke|p1|Aerodactyl, L50, F|\n|poke|p1|Sneasler, L50, F|\n|poke|p1|Archaludon, L50, M|\n|poke|p1|Tsareena, L50, F|\n|poke|p2|Tyranitar, L50, M|\n|poke|p2|Gyarados, L50, F|\n|poke|p2|Garchomp, L50, F|\n|poke|p2|Rotom-Mow, L50|\n|poke|p2|Charizard, L50, F|\n|poke|p2|Skarmory, L50, M|\n|teampreview|4\n|\n|t:|1776364132\n|teamsize|p1|4\n|teamsize|p2|4\n|start\n|switch|p1a: Aerodactyl|Aerodactyl, L50, F|100/100\n|switch|p1b: Sneasler|Sneasler, L50, F|100/100\n|switch|p2a: Gyarados|Gyarados, L50, F|100/100\n|switch|p2b: Skarmory|Skarmory, L50, M|100/100\n|-ability|p1a: Aerodactyl|Unnerve\n|-ability|p2a: Gyarados|Intimidate|boost\n|-unboost|p1a: Aerodactyl|atk|1\n|-unboost|p1b: Sneasler|atk|1\n|turn|1\n|\n|t:|1776364158\n|move|p1b: Sneasler|Fake Out|p2a: Gyarados\n|-damage|p2a: Gyarados|91/100\n|move|p1a: Aerodactyl|Tailwind|p1a: Aerodactyl\n|-sidestart|p1: TRiGR|move: Tailwind\n|move|p2b: Skarmory|Brave Bird|p1b: Sneasler\n|-supereffective|p1b: Sneasler|1\n|-enditem|p1b: Sneasler|Focus Sash\n|-damage|p1b: Sneasler|1/100\n|-damage|p2b: Skarmory|67/100|[from] Recoil\n|cant|p2a: Gyarados|flinch\n|\n|upkeep\n|turn|2\n|\n|t:|1776364201\n|move|p1b: Sneasler|Close Combat|p2b: Skarmory\n|-damage|p2b: Skarmory|28/100\n|-unboost|p1b: Sneasler|def|1\n|-unboost|p1b: Sneasler|spd|1\n|move|p1a: Aerodactyl|Rock Slide|p2b: Skarmory|[spread] p2a,p2b\n|-supereffective|p2a: Gyarados|1\n|-damage|p2a: Gyarados|60/100\n|-damage|p2b: Skarmory|12/100\n|move|p2b: Skarmory|Iron Head|p1a: Aerodactyl\n|-supereffective|p1a: Aerodactyl|1\n|-enditem|p1a: Aerodactyl|Babiri Berry|[eat]\n|-enditem|p1a: Aerodactyl|Babiri Berry|[weaken]\n|-damage|p1a: Aerodactyl|51/100\n|cant|p2a: Gyarados|flinch\n|\n|upkeep\n|turn|3\n|\n|t:|1776364233\n|switch|p2b: Rotom|Rotom-Mow, L50|100/100\n|move|p1b: Sneasler|Dire Claw|p2a: Gyarados\n|-damage|p2a: Gyarados|33/100\n|move|p1a: Aerodactyl|Rock Slide|p2a: Gyarados|[spread] p2a,p2b\n|-supereffective|p2a: Gyarados|1\n|-damage|p2a: Gyarados|0 fnt\n|-damage|p2b: Rotom|86/100\n|faint|p2a: Gyarados\n|\n|upkeep\n|\n|t:|1776364243\n|switch|p2a: Charizard|Charizard, L50, F|100/100\n|turn|4\n|\n|t:|1776364259\n|move|p2a: Charizard|Protect|p2a: Charizard\n|-singleturn|p2a: Charizard|Protect\n|move|p1b: Sneasler|Dire Claw|p2b: Rotom\n|-supereffective|p2b: Rotom|1\n|-damage|p2b: Rotom|39/100\n|move|p1a: Aerodactyl|Rock Slide|p2b: Rotom|[spread] p2b\n|-activate|p2a: Charizard|move: Protect\n|-damage|p2b: Rotom|25/100\n|cant|p2b: Rotom|flinch\n|\n|-sideend|p1: TRiGR|move: Tailwind\n|upkeep\n|turn|5\n|\n|t:|1776364289\n|detailschange|p2a: Charizard|Charizard-Mega-Y, L50, F\n|-mega|p2a: Charizard|Charizard|Charizardite Y\n|-weather|SunnyDay|[from] ability: Drought|[of] p2a: Charizard\n|move|p1b: Sneasler|Dire Claw|p2a: Charizard\n|-damage|p2a: Charizard|68/100\n|-status|p2a: Charizard|slp\n|move|p1a: Aerodactyl|Tailwind|p1a: Aerodactyl\n|-sidestart|p1: TRiGR|move: Tailwind\n|cant|p2a: Charizard|slp\n|move|p2b: Rotom|Will-O-Wisp|p1a: Aerodactyl\n|-status|p1a: Aerodactyl|brn\n|\n|-weather|SunnyDay|[upkeep]\n|-damage|p1a: Aerodactyl|45/100 brn|[from] brn\n|upkeep\n|turn|6\n|c|\u2606drewew97|xDD\n|-message|drewew97 forfeited.\n|\n|win|TRiGR\n|raw|TRiGR's rating: 1052 &rarr; <strong>1084</strong><br />(+32 for winning)\n|raw|drewew97's rating: 1052 &rarr; <strong>1034</strong><br />(-18 for losing)\n",
  "uploadtime": 1776364315,
  "views": 14,
  "formatid": "gen9championsvgc2026regma",
  "rating": 1034,
  "private": 0,
  "password": null
}