{
  "id": "gen9championsvgc2026regma-2581369284",
  "format": "[Gen 9 Champions] VGC 2026 Reg M-A",
  "players": [
    "hassanj",
    "viperino7"
  ],
  "log": "|j|\u2606hassanj\n|j|\u2606viperino7\n|t:|1775992707\n|gametype|doubles\n|player|p1|hassanj|2|1110\n|player|p2|viperino7|102|1144\n|gen|9\n|tier|[Gen 9 Champions] VGC 2026 Reg M-A\n|rated|\n|rule|Species Clause: Limit one of each Pok\u00e9mon\n|rule|Item Clause: Limit 1 of each item\n|clearpoke\n|poke|p1|Tyranitar, L50, M|\n|poke|p1|Excadrill, L50, M|\n|poke|p1|Incineroar, L50, M|\n|poke|p1|Gyarados, L50, F|\n|poke|p1|Sinistcha-Masterpiece, L50|\n|poke|p1|Corviknight, L50, M|\n|poke|p2|Garchomp, L50, F|\n|poke|p2|Sneasler, L50, F|\n|poke|p2|Floette-Eternal, L50, F|\n|poke|p2|Rotom-Wash, L50|\n|poke|p2|Incineroar, L50, M|\n|poke|p2|Aerodactyl, L50, M|\n|teampreview|4\nhassanj has agreed to open team sheets.\n|inactive|Battle timer is ON: inactive players will automatically lose when time's up. (requested by hassanj)\n|\n|t:|1775992740\n|teamsize|p1|4\n|teamsize|p2|4\n|start\n|switch|p1a: Tyranitar|Tyranitar, L50, M|100/100\n|switch|p1b: Excadrill|Excadrill, L50, M|100/100\n|switch|p2a: Aerodactyl|Aerodactyl, L50, M|100/100\n|switch|p2b: Garchomp|Garchomp, L50, F, shiny|100/100\n|-ability|p2a: Aerodactyl|Unnerve\n|-weather|Sandstorm|[from] ability: Sand Stream|[of] p1a: Tyranitar\n|turn|1\n|inactive|hassanj has 30 seconds left.\n|\n|t:|1775992769\n|detailschange|p1a: Tyranitar|Tyranitar-Mega, L50, M\n|-mega|p1a: Tyranitar|Tyranitar|Tyranitarite\n|move|p1b: Excadrill|High Horsepower|p2b: Garchomp\n|-damage|p2b: Garchomp|45/100\n|-damage|p1b: Excadrill|88/100|[from] ability: Rough Skin|[of] p2b: Garchomp\n|move|p2a: Aerodactyl|Tailwind|p2a: Aerodactyl\n|-sidestart|p2: viperino7|move: Tailwind\n|move|p2b: Garchomp|Earthquake|p1b: Excadrill|[spread] p1a,p1b\n|-immune|p2a: Aerodactyl\n|-supereffective|p1a: Tyranitar|1\n|-supereffective|p1b: Excadrill|1\n|-damage|p1a: Tyranitar|45/100\n|-damage|p1b: Excadrill|0 fnt\n|faint|p1b: Excadrill\n|move|p1a: Tyranitar|Rock Slide|p2b: Garchomp|[spread] p2a,p2b\n|-supereffective|p2a: Aerodactyl|1\n|-resisted|p2b: Garchomp|1\n|-enditem|p2a: Aerodactyl|Focus Sash\n|-damage|p2a: Aerodactyl|1/100\n|-damage|p2b: Garchomp|26/100\n|\n|-weather|Sandstorm|[upkeep]\n|upkeep\n|inactive|hassanj has 30 seconds left.\n|\n|t:|1775992794\n|switch|p1b: Incineroar|Incineroar, L50, M|100/100\n|-ability|p1b: Incineroar|Intimidate|boost\n|-unboost|p2a: Aerodactyl|atk|1\n|-unboost|p2b: Garchomp|atk|1\n|turn|2\n|\n|t:|1775992801\n|move|p1b: Incineroar|Fake Out|p2b: Garchomp\n|-damage|p2b: Garchomp|15/100\n|-damage|p1b: Incineroar|88/100|[from] ability: Rough Skin|[of] p2b: Garchomp\n|move|p2a: Aerodactyl|Rock Slide|p1a: Tyranitar|[spread] p1a,p1b\n|-supereffective|p1b: Incineroar|1\n|-damage|p1a: Tyranitar|35/100\n|-damage|p1b: Incineroar|54/100\n|cant|p2b: Garchomp|flinch\n|move|p1a: Tyranitar|Rock Slide|p2a: Aerodactyl|[spread] p2b\n|-miss|p1a: Tyranitar|p2a: Aerodactyl\n|-resisted|p2b: Garchomp|1\n|-damage|p2b: Garchomp|0 fnt\n|faint|p2b: Garchomp\n|\n|-weather|Sandstorm|[upkeep]\n|-damage|p1b: Incineroar|49/100|[from] Sandstorm\n|upkeep\n|\n|t:|1775992824\n|switch|p2b: Floette|Floette-Eternal, L50, F|100/100\n|turn|3\n|inactive|hassanj has 30 seconds left.\n|\n|t:|1775992850\n|detailschange|p2b: Floette|Floette-Mega, L50, F\n|-mega|p2b: Floette|Floette|Floettite\n|-ability|p2b: Floette|Fairy Aura\n|move|p1a: Tyranitar|Protect|p1a: Tyranitar\n|-singleturn|p1a: Tyranitar|Protect\n|move|p2a: Aerodactyl|Rock Slide|p1a: Tyranitar|[spread] p1b\n|-activate|p1a: Tyranitar|move: Protect\n|-supereffective|p1b: Incineroar|1\n|-damage|p1b: Incineroar|15/100\n|move|p2b: Floette|Dazzling Gleam|p1b: Incineroar|[spread] p1b\n|-activate|p1a: Tyranitar|move: Protect\n|-damage|p1b: Incineroar|0 fnt\n|faint|p1b: Incineroar\n|\n|-weather|Sandstorm|[upkeep]\n|-damage|p2b: Floette|94/100|[from] Sandstorm\n|upkeep\n|\n|t:|1775992862\n|switch|p1b: Gyarados|Gyarados, L50, F|100/100\n|-ability|p1b: Gyarados|Intimidate|boost\n|-unboost|p2a: Aerodactyl|atk|1\n|-unboost|p2b: Floette|atk|1\n|turn|4\n|\n|t:|1775992868\n|move|p2a: Aerodactyl|Rock Slide|p1a: Tyranitar|[spread] p1a,p1b\n|-supereffective|p1b: Gyarados|1\n|-damage|p1a: Tyranitar|26/100\n|-damage|p1b: Gyarados|69/100\n|move|p2b: Floette|Dazzling Gleam|p1a: Tyranitar|[spread] p1a,p1b\n|-supereffective|p1a: Tyranitar|1\n|-damage|p1a: Tyranitar|0 fnt\n|-damage|p1b: Gyarados|19/100\n|faint|p1a: Tyranitar\n|move|p1b: Gyarados|Waterfall|p2b: Floette\n|-damage|p2b: Floette|40/100\n|\n|-weather|Sandstorm|[upkeep]\n|-damage|p2b: Floette|34/100|[from] Sandstorm\n|-damage|p1b: Gyarados|13/100|[from] Sandstorm\n|-sideend|p2: viperino7|move: Tailwind\n|upkeep\n|turn|5\n|-message|hassanj forfeited.\n|\n|win|viperino7\n|raw|hassanj's rating: 1110 &rarr; <strong>1087</strong><br />(-23 for losing)\n|raw|viperino7's rating: 1144 &rarr; <strong>1167</strong><br />(+23 for winning)\n|l|\u2606hassanj\n|player|p1|\n",
  "uploadtime": 1775992879,
  "views": 20,
  "formatid": "gen9championsvgc2026regma",
  "rating": 1087,
  "private": 0,
  "password": null
}