{
  "id": "gen9championsvgc2026regma-2587812902",
  "format": "[Gen 9 Champions] VGC 2026 Reg M-A",
  "players": [
    "vyuyuivyio",
    "chrisyute696969"
  ],
  "log": "|j|\u2606vyuyuivyio\n|j|\u2606chrisyute696969\n|t:|1776566578\n|gametype|doubles\n|player|p1|vyuyuivyio|265|1091\n|player|p2|chrisyute696969|101|1068\n|gen|9\n|tier|[Gen 9 Champions] VGC 2026 Reg M-A\n|rated|\n|rule|Species Clause: Limit one of each Pok\u00e9mon\n|rule|Item Clause: Limit 1 of each item\n|clearpoke\n|poke|p1|Archaludon, L50, M, shiny|\n|poke|p1|Pelipper, L50, M, shiny|\n|poke|p1|Sinistcha, L50, shiny|\n|poke|p1|Floette-Eternal, L50, F|\n|poke|p1|Hawlucha, L50, M, shiny|\n|poke|p1|Kingambit, L50, M, shiny|\n|poke|p2|Drampa, L50, M|\n|poke|p2|Sinistcha-Masterpiece, L50|\n|poke|p2|Oranguru, L50, F|\n|poke|p2|Clefable, L50, F|\n|poke|p2|Arcanine, L50, M|\n|poke|p2|Bellibolt, L50, M|\n|teampreview|4\n|inactive|Battle timer is ON: inactive players will automatically lose when time's up. (requested by vyuyuivyio)\nvyuyuivyio rejected open team sheets.\n|\n|t:|1776566591\n|teamsize|p1|4\n|teamsize|p2|4\n|start\n|switch|p1a: Hawlucha|Hawlucha, L50, M, shiny|100/100\n|switch|p1b: Kingambit|Kingambit, L50, M, shiny|100/100\n|switch|p2a: Drampa|Drampa, L50, M|100/100\n|switch|p2b: Oranguru|Oranguru, L50, F|100/100\n|-ability|p2a: Drampa|Cloud Nine\n|turn|1\n|\n|t:|1776566615\n|detailschange|p1a: Hawlucha|Hawlucha-Mega, L50, M, shiny\n|-mega|p1a: Hawlucha|Hawlucha|Hawluchanite\n|detailschange|p2a: Drampa|Drampa-Mega, L50, M\n|-mega|p2a: Drampa|Drampa|Drampanite\n|move|p1a: Hawlucha|Entrainment|p1b: Kingambit\n|-ability|p1b: Kingambit|No Guard|Defiant|[from] move: Entrainment|[of] p1a: Hawlucha\n|move|p1b: Kingambit|Guillotine|p2a: Drampa\n|-damage|p2a: Drampa|0 fnt\n|faint|p2a: Drampa\n|-ohko\n|move|p2b: Oranguru|Reflect|p2b: Oranguru\n|-sidestart|p2: chrisyute696969|Reflect\n|\n|upkeep\n|\n|t:|1776566629\n|switch|p2a: Bellibolt|Bellibolt, L50, M|100/100\n|turn|2\n|\n|t:|1776566638\n|move|p1a: Hawlucha|Rock Slide|p2b: Oranguru|[spread] p2a,p2b\n|-damage|p2a: Bellibolt|89/100\n|-damage|p2b: Oranguru|89/100\n|-start|p2a: Bellibolt|Charge|Rock Slide|[from] ability: Electromorphosis\n|move|p1b: Kingambit|Guillotine|p2a: Bellibolt\n|-damage|p2a: Bellibolt|0 fnt\n|faint|p2a: Bellibolt\n|-ohko\n|move|p2b: Oranguru|Instruct|p2: Bellibolt|[notarget]\n|-fail|p2b: Oranguru\n|\n|-heal|p2b: Oranguru|95/100|[from] item: Leftovers\n|upkeep\n|\n|t:|1776566647\n|switch|p2a: Sinistcha|Sinistcha-Masterpiece, L50|100/100\n|-heal|p2b: Oranguru|100/100|[from] ability: Hospitality|[of] p2a: Sinistcha\n|turn|3\n|\n|t:|1776566656\n|move|p1a: Hawlucha|Rock Slide|p2a: Sinistcha|[spread] p2a,p2b\n|-damage|p2a: Sinistcha|85/100\n|-damage|p2b: Oranguru|90/100\n|move|p1b: Kingambit|Guillotine|p2b: Oranguru\n|-damage|p2b: Oranguru|0 fnt\n|faint|p2b: Oranguru\n|-ohko\n|move|p2a: Sinistcha|Matcha Gotcha|p1a: Hawlucha|[spread] p1a,p1b\n|-resisted|p1a: Hawlucha|1\n|-resisted|p1b: Kingambit|1\n|-damage|p1a: Hawlucha|83/100\n|-heal|p2a: Sinistcha|94/100|[from] drain|[of] p1a: Hawlucha\n|-damage|p1b: Kingambit|83/100\n|-heal|p2a: Sinistcha|100/100|[from] drain|[of] p1b: Kingambit\n|-status|p1a: Hawlucha|brn\n|\n|-damage|p1a: Hawlucha|77/100 brn|[from] brn\n|upkeep\n|turn|4\n|inactive|vyuyuivyio has 30 seconds left.\n|\n|t:|1776566682\n|move|p1a: Hawlucha|Rock Slide|p2a: Sinistcha\n|-damage|p2a: Sinistcha|91/100\n|move|p1b: Kingambit|Kowtow Cleave|p2a: Sinistcha\n|-supereffective|p2a: Sinistcha|1\n|-damage|p2a: Sinistcha|22/100\n|-enditem|p2a: Sinistcha|Sitrus Berry|[eat]\n|-heal|p2a: Sinistcha|47/100|[from] item: Sitrus Berry\n|cant|p2a: Sinistcha|flinch\n|\n|-damage|p1a: Hawlucha|72/100 brn|[from] brn\n|upkeep\n|turn|5\n|\n|t:|1776566695\n|move|p1a: Hawlucha|Rock Slide|p2a: Sinistcha\n|-damage|p2a: Sinistcha|37/100\n|move|p1b: Kingambit|Kowtow Cleave|p2a: Sinistcha\n|-supereffective|p2a: Sinistcha|1\n|-damage|p2a: Sinistcha|0 fnt\n|faint|p2a: Sinistcha\n|\n|win|vyuyuivyio\n|raw|vyuyuivyio's rating: 1091 &rarr; <strong>1116</strong><br />(+25 for winning)\n|raw|chrisyute696969's rating: 1068 &rarr; <strong>1049</strong><br />(-19 for losing)\n|l|\u2606chrisyute696969\n|player|p2|\n",
  "uploadtime": 1776566704,
  "views": 11,
  "formatid": "gen9championsvgc2026regma",
  "rating": 1049,
  "private": 0,
  "password": null
}