{
  "id": "gen9championsvgc2026regma-2586004559",
  "format": "[Gen 9 Champions] VGC 2026 Reg M-A",
  "players": [
    "abacusdestroyer",
    "LycanPlays"
  ],
  "log": "|j|\u2606abacusdestroyer\n|j|\u2606LycanPlays\n|t:|1776389430\n|gametype|doubles\n|player|p1|abacusdestroyer|benga|1307\n|player|p2|LycanPlays|266|1318\n|gen|9\n|tier|[Gen 9 Champions] VGC 2026 Reg M-A\n|rated|\n|rule|Species Clause: Limit one of each Pok\u00e9mon\n|rule|Item Clause: Limit 1 of each item\n|clearpoke\n|poke|p1|Hawlucha, L50, M|\n|poke|p1|Empoleon, L50, M|\n|poke|p1|Gengar, L50, F|\n|poke|p1|Noivern, L50, M|\n|poke|p1|Sableye, L50, M|\n|poke|p1|Kingambit, L50, M|\n|poke|p2|Floette-Eternal, L50, F|\n|poke|p2|Delphox, L50, M|\n|poke|p2|Kingambit, L50, M|\n|poke|p2|Sneasler, L50, F|\n|poke|p2|Garchomp, L50, M|\n|poke|p2|Incineroar, L50, F|\n|teampreview|4\n|inactive|Battle timer is ON: inactive players will automatically lose when time's up. (requested by LycanPlays)\n|c|\u2606LycanPlays|Glhf\n|inactive|abacusdestroyer has 60 seconds left.\n|\n|t:|1776389506\n|teamsize|p1|4\n|teamsize|p2|4\n|start\n|switch|p1a: Gengar|Gengar, L50, F|100/100\n|switch|p1b: Noivern|Noivern, L50, M|100/100\n|switch|p2a: Sneasler|Sneasler, L50, F|100/100\n|switch|p2b: Delphox|Delphox, L50, M|100/100\n|-item|p2a: Sneasler|White Herb|[from] ability: Frisk|[of] p1b: Noivern\n|-item|p2b: Delphox|Delphoxite|[from] ability: Frisk|[of] p1b: Noivern\n|turn|1\n|\n|t:|1776389523\n|switch|p1b: Sableye|Sableye, L50, M|100/100\n|detailschange|p1a: Gengar|Gengar-Mega, L50, F\n|-mega|p1a: Gengar|Gengar|Gengarite\n|detailschange|p2b: Delphox|Delphox-Mega, L50, M\n|-mega|p2b: Delphox|Delphox|Delphoxite\n|move|p1a: Gengar|Protect|p1a: Gengar\n|-singleturn|p1a: Gengar|Protect\n|move|p2a: Sneasler|Fake Out|p1b: Sableye\n|-immune|p1b: Sableye\n|move|p2b: Delphox|Psychic|p1a: Gengar\n|-activate|p1a: Gengar|move: Protect\n|\n|upkeep\n|turn|2\n|inactive|abacusdestroyer has 30 seconds left.\n|\n|t:|1776389555\n|move|p2b: Delphox|Protect|p2b: Delphox\n|-singleturn|p2b: Delphox|Protect\n|move|p2a: Sneasler|Protect|p2a: Sneasler\n|-singleturn|p2a: Sneasler|Protect\n|move|p1b: Sableye|Fake Out|p2b: Delphox\n|-activate|p2b: Delphox|move: Protect\n|move|p1a: Gengar|Shadow Ball|p2a: Sneasler\n|-activate|p2a: Sneasler|move: Protect\n|\n|upkeep\n|turn|3\n|\n|t:|1776389573\n|move|p1b: Sableye|Encore|p2b: Delphox\n|-start|p2b: Delphox|Encore\n|move|p2b: Delphox|Protect||[still]\n|-fail|p2b: Delphox\n|move|p1a: Gengar|Shadow Ball|p2b: Delphox\n|-supereffective|p2b: Delphox|1\n|-damage|p2b: Delphox|9/100\n|-unboost|p2b: Delphox|spd|1\n|move|p2a: Sneasler|Dire Claw|p1b: Sableye\n|-resisted|p1b: Sableye|1\n|-damage|p1b: Sableye|76/100\n|\n|upkeep\n|turn|4\n|\n|t:|1776389598\n|move|p2b: Delphox|Protect|p2b: Delphox\n|-singleturn|p2b: Delphox|Protect\n|move|p1b: Sableye|Disable|p2a: Sneasler\n|-start|p2a: Sneasler|Disable|Dire Claw\n|move|p1a: Gengar|Shadow Ball|p2a: Sneasler\n|-damage|p2a: Sneasler|35/100\n|cant|p2a: Sneasler|Disable|Dire Claw\n|\n|upkeep\n|turn|5\n|inactive|LycanPlays has 30 seconds left.\n|-message|LycanPlays forfeited.\n|\n|win|abacusdestroyer\n|raw|abacusdestroyer's rating: 1307 &rarr; <strong>1328</strong><br />(+21 for winning)\n|raw|LycanPlays's rating: 1318 &rarr; <strong>1297</strong><br />(-21 for losing)\n|l|\u2606LycanPlays\n|player|p2|\n",
  "uploadtime": 1776389632,
  "views": 38,
  "formatid": "gen9championsvgc2026regma",
  "rating": 1297,
  "private": 0,
  "password": null
}