{
  "id": "gen9championsvgc2026regma-2584993048",
  "format": "[Gen 9 Champions] VGC 2026 Reg M-A",
  "players": [
    "comingfiora55",
    "MeMeBigBooi"
  ],
  "log": "|j|\u2606comingfiora55\n|j|\u2606MeMeBigBooi\n|t:|1776301426\n|gametype|doubles\n|player|p1|comingfiora55|hilbert-wonderlauncher|1143\n|player|p2|MeMeBigBooi|janitor|1081\n|gen|9\n|tier|[Gen 9 Champions] VGC 2026 Reg M-A\n|rated|\n|rule|Species Clause: Limit one of each Pok\u00e9mon\n|rule|Item Clause: Limit 1 of each item\n|clearpoke\n|poke|p1|Typhlosion-Hisui, L50, F|\n|poke|p1|Whimsicott, L50, F|\n|poke|p1|Torkoal, L50, F|\n|poke|p1|Farigiraf, L50, M|\n|poke|p1|Sneasler, L50, F|\n|poke|p1|Gardevoir, L50, M|\n|poke|p2|Aerodactyl, L50, M|\n|poke|p2|Sinistcha, L50|\n|poke|p2|Milotic, L50, M|\n|poke|p2|Garchomp, L50, M|\n|poke|p2|Aggron, L50, F|\n|poke|p2|Sneasler, L50, F|\n|teampreview|4\nMeMeBigBooi has agreed to open team sheets.\ncomingfiora55 has agreed to open team sheets.\n|showteam|p1|Typhlosion-Hisui||ChoiceScarf|Frisk|Eruption,ShadowBall,HeatWave,Extrasensory|||F|||50|]Whimsicott||FocusSash|Prankster|Tailwind,SunnyDay,Encore,FakeTears|||F|||50|]Torkoal||Charcoal|Drought|Eruption,WeatherBall,SolarBeam,Protect|||F|||50|]Farigiraf||Leftovers|ArmorTail|TrickRoom,Psychic,HelpingHand,Protect|||M|||50|]Sneasler||WhiteHerb|Unburden|FakeOut,DireClaw,CloseCombat,Protect|||F|||50|]Gardevoir||Gardevoirite|Trace|Moonblast,HyperVoice,Psyshock,Protect|||M|||50|\n|showteam|p2|Aerodactyl||Aerodactylite|RockHead|RockSlide,DualWingbeat,Tailwind,Protect|||M|||50|]Sinistcha||ColburBerry|Hospitality|MatchaGotcha,RagePowder,TrickRoom,StrengthSap||||||50|]Milotic||Leftovers|Competitive|Scald,MuddyWater,IcyWind,Protect|||M|||50|]Garchomp||FocusSash|RoughSkin|Earthquake,RockSlide,DragonClaw,Protect|||M|||50|]Aggron||Aggronite|Sturdy|BodyPress,HeavySlam,Protect,Crunch|||F|||50|]Sneasler||WhiteHerb|Unburden|FakeOut,CloseCombat,DireClaw,Protect|||F|||50|\n|inactive|Battle timer is ON: inactive players will automatically lose when time's up. (requested by MeMeBigBooi)\n|\n|t:|1776301473\n|teamsize|p1|4\n|teamsize|p2|4\n|start\n|switch|p1a: Typhlosion|Typhlosion-Hisui, L50, F|100/100\n|switch|p1b: Farigiraf|Farigiraf, L50, M, shiny|100/100\n|switch|p2a: Aerodactyl|Aerodactyl, L50, M|100/100\n|switch|p2b: Sneasler|Sneasler, L50, F|100/100\n|-item|p2a: Aerodactyl|Aerodactylite|[from] ability: Frisk|[of] p1a: Typhlosion\n|-item|p2b: Sneasler|White Herb|[from] ability: Frisk|[of] p1a: Typhlosion\n|turn|1\n|inactive|comingfiora55 has 30 seconds left.\n|inactive|comingfiora55 has 20 seconds left.\n|inactive|MeMeBigBooi has 30 seconds left.\n|inactive|comingfiora55 has 15 seconds left.\n|inactive|comingfiora55 has 10 seconds left.\n|\n|t:|1776301521\n|switch|p2b: Milotic|Milotic, L50, M|100/100\n|detailschange|p2a: Aerodactyl|Aerodactyl-Mega, L50, M\n|-mega|p2a: Aerodactyl|Aerodactyl|Aerodactylite\n|move|p1b: Farigiraf|Helping Hand|p1a: Typhlosion\n|-singleturn|p1a: Typhlosion|Helping Hand|[of] p1b: Farigiraf\n|move|p1a: Typhlosion|Eruption|p2a: Aerodactyl|[spread] p2a,p2b\n|-resisted|p2a: Aerodactyl|1\n|-resisted|p2b: Milotic|1\n|-damage|p2a: Aerodactyl|52/100\n|-damage|p2b: Milotic|68/100\n|move|p2a: Aerodactyl|Rock Slide|p1a: Typhlosion|[spread] p1a,p1b\n|-supereffective|p1a: Typhlosion|1\n|-damage|p1a: Typhlosion|4/100\n|-damage|p1b: Farigiraf|76/100\n|\n|-heal|p2b: Milotic|74/100|[from] item: Leftovers\n|-heal|p1b: Farigiraf|82/100|[from] item: Leftovers\n|upkeep\n|turn|2\n|\n|t:|1776301541\n|move|p1a: Typhlosion|Eruption|p2a: Aerodactyl|[spread] p2a,p2b\n|-resisted|p2a: Aerodactyl|1\n|-resisted|p2b: Milotic|1\n|-damage|p2a: Aerodactyl|51/100\n|-damage|p2b: Milotic|74/100\n|move|p2a: Aerodactyl|Rock Slide|p1b: Farigiraf|[spread] p1a\n|-miss|p2a: Aerodactyl|p1b: Farigiraf\n|-supereffective|p1a: Typhlosion|1\n|-damage|p1a: Typhlosion|0 fnt\n|faint|p1a: Typhlosion\n|move|p2b: Milotic|Scald|p1b: Farigiraf\n|-damage|p1b: Farigiraf|43/100\n|-status|p1b: Farigiraf|brn\n|move|p1b: Farigiraf|Trick Room|p1b: Farigiraf\n|-fieldstart|move: Trick Room|[of] p1b: Farigiraf\n|\n|-heal|p1b: Farigiraf|49/100 brn|[from] item: Leftovers\n|-heal|p2b: Milotic|80/100|[from] item: Leftovers\n|-damage|p1b: Farigiraf|43/100 brn|[from] brn\n|upkeep\n|\n|t:|1776301560\n|switch|p1a: Gardevoir|Gardevoir, L50, M, shiny|100/100\n|-ability|p1a: Gardevoir|Tough Claws|Trace|[from] ability: Trace|[of] p2a: Aerodactyl\n|turn|3\n|\n|t:|1776301582\n|detailschange|p1a: Gardevoir|Gardevoir-Mega, L50, M, shiny\n|-mega|p1a: Gardevoir|Gardevoir|Gardevoirite\n|move|p1b: Farigiraf|Helping Hand|p1a: Gardevoir\n|-singleturn|p1a: Gardevoir|Helping Hand|[of] p1b: Farigiraf\n|move|p2a: Aerodactyl|Protect|p2a: Aerodactyl\n|-singleturn|p2a: Aerodactyl|Protect\n|move|p2b: Milotic|Muddy Water|p1b: Farigiraf|[spread] p1a,p1b\n|-damage|p1a: Gardevoir|70/100\n|-damage|p1b: Farigiraf|7/100 brn\n|-unboost|p1b: Farigiraf|accuracy|1\n|move|p1a: Gardevoir|Hyper Voice|p2b: Milotic|[spread] p2b\n|-activate|p2a: Aerodactyl|move: Protect\n|-damage|p2b: Milotic|23/100\n|\n|-heal|p1b: Farigiraf|13/100 brn|[from] item: Leftovers\n|-heal|p2b: Milotic|29/100|[from] item: Leftovers\n|-damage|p1b: Farigiraf|7/100 brn|[from] brn\n|upkeep\n|turn|4\n|inactive|comingfiora55 has 30 seconds left.\n|inactive|MeMeBigBooi has 30 seconds left.\n|\n|t:|1776301616\n|move|p1b: Farigiraf|Helping Hand|p1a: Gardevoir\n|-singleturn|p1a: Gardevoir|Helping Hand|[of] p1b: Farigiraf\n|move|p2b: Milotic|Protect|p2b: Milotic\n|-singleturn|p2b: Milotic|Protect\n|move|p1a: Gardevoir|Hyper Voice|p2a: Aerodactyl|[spread] p2a\n|-activate|p2b: Milotic|move: Protect\n|-damage|p2a: Aerodactyl|0 fnt\n|faint|p2a: Aerodactyl\n|\n|-heal|p1b: Farigiraf|13/100 brn|[from] item: Leftovers\n|-heal|p2b: Milotic|35/100|[from] item: Leftovers\n|-damage|p1b: Farigiraf|7/100 brn|[from] brn\n|upkeep\n|\n|t:|1776301619\n|switch|p2a: Garchomp|Garchomp, L50, M|100/100\n|turn|5\n|\n|t:|1776301633\n|move|p1b: Farigiraf|Helping Hand|p1a: Gardevoir\n|-singleturn|p1a: Gardevoir|Helping Hand|[of] p1b: Farigiraf\n|move|p2b: Milotic|Scald|p1a: Gardevoir\n|-damage|p1a: Gardevoir|37/100\n|-status|p1a: Gardevoir|brn\n|move|p1a: Gardevoir|Hyper Voice|p2b: Milotic|[spread] p2a,p2b\n|-supereffective|p2a: Garchomp|1\n|-enditem|p2a: Garchomp|Focus Sash\n|-damage|p2a: Garchomp|1/100\n|-damage|p2b: Milotic|0 fnt\n|faint|p2b: Milotic\n|move|p2a: Garchomp|Earthquake|p1b: Farigiraf|[spread] p1a,p1b\n|-damage|p1a: Gardevoir|0 fnt\n|-damage|p1b: Farigiraf|0 fnt\n|faint|p1a: Gardevoir\n|faint|p1b: Farigiraf\n|\n|upkeep\n|\n|t:|1776301648\n|switch|p1b: Torkoal|Torkoal, L50, F, shiny|100/100\n|switch|p2b: Sneasler|Sneasler, L50, F|100/100\n|-weather|SunnyDay|[from] ability: Drought|[of] p1b: Torkoal\n|turn|6\n|\n|t:|1776301663\n|move|p1b: Torkoal|Protect|p1b: Torkoal\n|-singleturn|p1b: Torkoal|Protect\n|move|p2b: Sneasler|Fake Out|p1b: Torkoal\n|-activate|p1b: Torkoal|move: Protect\n|move|p2a: Garchomp|Rock Slide|p1b: Torkoal\n|-activate|p1b: Torkoal|move: Protect\n|\n|-weather|SunnyDay|[upkeep]\n|-fieldend|move: Trick Room\n|upkeep\n|turn|7\n|\n|t:|1776301679\n|move|p2b: Sneasler|Close Combat|p1b: Torkoal\n|-damage|p1b: Torkoal|58/100\n|-unboost|p2b: Sneasler|def|1\n|-unboost|p2b: Sneasler|spd|1\n|-enditem|p2b: Sneasler|White Herb\n|-clearnegativeboost|p2b: Sneasler|[silent]\n|move|p2a: Garchomp|Earthquake|p1b: Torkoal|[spread] p2b,p1b\n|-supereffective|p2b: Sneasler|1\n|-supereffective|p1b: Torkoal|1\n|-damage|p2b: Sneasler|0 fnt\n|-damage|p1b: Torkoal|2/100\n|faint|p2b: Sneasler\n|move|p1b: Torkoal|Eruption|p2a: Garchomp\n|-resisted|p2a: Garchomp|1\n|-damage|p2a: Garchomp|0 fnt\n|faint|p2a: Garchomp\n|\n|win|comingfiora55\n|raw|comingfiora55's rating: 1143 &rarr; <strong>1164</strong><br />(+21 for winning)\n|raw|MeMeBigBooi's rating: 1081 &rarr; <strong>1063</strong><br />(-18 for losing)\n|c|\u2606MeMeBigBooi|No way\n|c|\u2606comingfiora55|xD\n|c|\u2606comingfiora55|rip\n|c|\u2606MeMeBigBooi|he's well trained\n|c|\u2606MeMeBigBooi|gg lol\n|c|\u2606comingfiora55|yeah\n|c|\u2606comingfiora55|gg\n",
  "uploadtime": 1776301708,
  "views": 22,
  "formatid": "gen9championsvgc2026regma",
  "rating": 1063,
  "private": 0,
  "password": null
}