{
  "id": "gen9championsvgc2026regma-2585898215",
  "format": "[Gen 9 Champions] VGC 2026 Reg M-A",
  "players": [
    "nanamixd",
    "zook14"
  ],
  "log": "|j|\u2606nanamixd\n|j|\u2606zook14\n|t:|1776379518\n|gametype|doubles\n|player|p1|nanamixd|170|1130\n|player|p2|zook14|rocketgruntf|1077\n|gen|9\n|tier|[Gen 9 Champions] VGC 2026 Reg M-A\n|rated|\n|rule|Species Clause: Limit one of each Pok\u00e9mon\n|rule|Item Clause: Limit 1 of each item\n|clearpoke\n|poke|p1|Gardevoir, L50, M|\n|poke|p1|Froslass, L50, F|\n|poke|p1|Garchomp, L50, F|\n|poke|p1|Sneasler, L50, M|\n|poke|p1|Kingambit, L50, M|\n|poke|p1|Basculegion, L50, M|\n|poke|p2|Meowstic-F, L50, F|\n|poke|p2|Armarouge, L50, F|\n|poke|p2|Whimsicott, L50, F|\n|poke|p2|Goodra-Hisui, L50, M|\n|poke|p2|Clawitzer, L50, F|\n|poke|p2|Cofagrigus, L50, F|\n|teampreview|4\n|inactive|Battle timer is ON: inactive players will automatically lose when time's up. (requested by nanamixd)\n|\n|t:|1776379550\n|teamsize|p1|4\n|teamsize|p2|4\n|start\n|switch|p1a: Gardevoir|Gardevoir, L50, M|100/100\n|switch|p1b: Sneasler|Sneasler, L50, M|100/100\n|switch|p2a: Clawitzer|Clawitzer, L50, F|100/100\n|switch|p2b: Armarouge|Armarouge, L50, F|100/100\n|turn|1\n|\n|t:|1776379573\n|detailschange|p1a: Gardevoir|Gardevoir-Mega, L50, M\n|-mega|p1a: Gardevoir|Gardevoir|Gardevoirite\n|move|p1b: Sneasler|Fake Out|p2b: Armarouge|[miss]\n|-miss|p1b: Sneasler|p2b: Armarouge\n|move|p2b: Armarouge|Ally Switch|p2b: Armarouge\n|swap|p2b: Armarouge|0|[from] move: Ally Switch\n|move|p1a: Gardevoir|Calm Mind|p1a: Gardevoir\n|-boost|p1a: Gardevoir|spa|1\n|-boost|p1a: Gardevoir|spd|1\n|move|p2b: Clawitzer|Water Pulse|p1a: Gardevoir\n|-damage|p1a: Gardevoir|72/100\n|\n|upkeep\n|turn|2\n|\n|t:|1776379591\n|move|p1b: Sneasler|Dire Claw|p2a: Armarouge\n|-damage|p2a: Armarouge|62/100\n|move|p1a: Gardevoir|Hyper Voice|p2b: Clawitzer|[spread] p2a,p2b\n|-resisted|p2a: Armarouge|1\n|-damage|p2a: Armarouge|27/100\n|-damage|p2b: Clawitzer|7/100\n|move|p2b: Clawitzer|Water Pulse|p1a: Gardevoir\n|-damage|p1a: Gardevoir|45/100\n|move|p2a: Armarouge|Mystical Fire|p1a: Gardevoir\n|-damage|p1a: Gardevoir|24/100\n|-unboost|p1a: Gardevoir|spa|1\n|\n|upkeep\n|turn|3\n|\n|t:|1776379609\n|move|p2a: Armarouge|Wide Guard|p2a: Armarouge\n|-singleturn|p2a: Armarouge|Wide Guard\n|move|p1b: Sneasler|Dire Claw|p2a: Armarouge\n|-damage|p2a: Armarouge|0 fnt\n|faint|p2a: Armarouge\n|move|p1a: Gardevoir|Hyper Voice|p2b: Clawitzer\n|-activate|p2b: Clawitzer|move: Wide Guard\n|move|p2b: Clawitzer|Water Pulse|p1a: Gardevoir\n|-damage|p1a: Gardevoir|0 fnt\n|faint|p1a: Gardevoir\n|\n|upkeep\n|\n|t:|1776379629\n|switch|p1a: Basculegion|Basculegion, L50, M|100/100\n|switch|p2a: Whimsicott|Whimsicott, L50, F, shiny|100/100\n|turn|4\n|\n|t:|1776379642\n|move|p2a: Whimsicott|Tailwind|p2a: Whimsicott\n|-sidestart|p2: zook14|move: Tailwind\n|move|p2b: Clawitzer|Dark Pulse|p1a: Basculegion\n|-supereffective|p1a: Basculegion|1\n|-damage|p1a: Basculegion|4/100\n|move|p1a: Basculegion|Last Respects|p2b: Clawitzer\n|-damage|p2b: Clawitzer|0 fnt\n|faint|p2b: Clawitzer\n|move|p1b: Sneasler|Dire Claw|p2a: Whimsicott\n|-supereffective|p2a: Whimsicott|2\n|-crit|p2a: Whimsicott\n|-damage|p2a: Whimsicott|0 fnt\n|faint|p2a: Whimsicott\n|\n|upkeep\n|\n|t:|1776379657\n|switch|p2a: Meowstic|Meowstic-F, L50, F|100/100\n|turn|5\n|\n|t:|1776379678\n|detailschange|p2a: Meowstic|Meowstic-F-Mega, L50, F\n|-mega|p2a: Meowstic|Meowstic|Meowsticite\n|-ability|p2a: Meowstic|Adaptability|Trace|[from] ability: Trace|[of] p1a: Basculegion\n|move|p2a: Meowstic|Dark Pulse|p1a: Basculegion\n|-supereffective|p1a: Basculegion|1\n|-damage|p1a: Basculegion|0 fnt\n|faint|p1a: Basculegion\n|move|p1b: Sneasler|Dire Claw|p2a: Meowstic\n|-crit|p2a: Meowstic\n|-damage|p2a: Meowstic|6/100\n|\n|upkeep\n|\n|t:|1776379700\n|switch|p1a: Kingambit|Kingambit, L50, M|100/100\n|turn|6\n|\n|t:|1776379706\n|move|p2a: Meowstic|Psychic|p1b: Sneasler\n|-supereffective|p1b: Sneasler|2\n|-damage|p1b: Sneasler|0 fnt\n|faint|p1b: Sneasler\n|move|p1a: Kingambit|Kowtow Cleave|p2a: Meowstic\n|-supereffective|p2a: Meowstic|1\n|-damage|p2a: Meowstic|0 fnt\n|faint|p2a: Meowstic\n|\n|win|nanamixd\n|raw|nanamixd's rating: 1130 &rarr; <strong>1151</strong><br />(+21 for winning)\n|raw|zook14's rating: 1077 &rarr; <strong>1059</strong><br />(-18 for losing)\n",
  "uploadtime": 1776379706,
  "views": 15,
  "formatid": "gen9championsvgc2026regma",
  "rating": 1059,
  "private": 0,
  "password": null
}