{
  "id": "gen9championsvgc2026regma-2584797966",
  "format": "[Gen 9 Champions] VGC 2026 Reg M-A",
  "players": [
    "unkownbannana032",
    "dddgdavid"
  ],
  "log": "|j|\u2606unkownbannana032\n|j|\u2606dddgdavid\n|t:|1776284416\n|gametype|doubles\n|player|p1|unkownbannana032|marley|1107\n|player|p2|dddgdavid|iris-gen5bw2|1147\n|gen|9\n|tier|[Gen 9 Champions] VGC 2026 Reg M-A\n|rated|\n|rule|Species Clause: Limit one of each Pok\u00e9mon\n|rule|Item Clause: Limit 1 of each item\n|clearpoke\n|poke|p1|Meowstic, L50, M|\n|poke|p1|Sneasler, L50, F|\n|poke|p1|Alakazam, L50, F|\n|poke|p1|Whimsicott, L50, M|\n|poke|p1|Incineroar, L50, M|\n|poke|p1|Azumarill, L50, M|\n|poke|p2|Charizard, L50, M|\n|poke|p2|Whimsicott, L50, F|\n|poke|p2|Sylveon, L50, F|\n|poke|p2|Sinistcha-Masterpiece, L50|\n|poke|p2|Tyranitar, L50, M|\n|poke|p2|Hawlucha, L50, M|\n|teampreview|4\n|\n|t:|1776284456\n|teamsize|p1|4\n|teamsize|p2|4\n|start\n|switch|p1a: Meowstic|Meowstic, L50, M|100/100\n|switch|p1b: Sneasler|Sneasler, L50, F|100/100\n|switch|p2a: Whimsicott|Whimsicott, L50, F|100/100\n|switch|p2b: Charizard|Charizard, L50, M|100/100\n|turn|1\n|\n|t:|1776284481\n|move|p2b: Charizard|Protect|p2b: Charizard\n|-singleturn|p2b: Charizard|Protect\n|move|p1a: Meowstic|Psychic Terrain|p1a: Meowstic\n|-fieldstart|move: Psychic Terrain\n|move|p2a: Whimsicott|Tailwind|p2a: Whimsicott\n|-sidestart|p2: dddgdavid|move: Tailwind\n|move|p1b: Sneasler|Dire Claw|p2a: Whimsicott\n|-supereffective|p2a: Whimsicott|2\n|-enditem|p2a: Whimsicott|Focus Sash\n|-damage|p2a: Whimsicott|1/100\n|-status|p2a: Whimsicott|psn\n|\n|-damage|p2a: Whimsicott|0 fnt|[from] psn\n|faint|p2a: Whimsicott\n|upkeep\n|\n|t:|1776284497\n|switch|p2a: Sylveon|Sylveon, L50, F|100/100\n|turn|2\n|\n|t:|1776284510\n|switch|p1b: Whimsicott|Whimsicott, L50, M|100/100\n|detailschange|p2b: Charizard|Charizard-Mega-Y, L50, M\n|-mega|p2b: Charizard|Charizard|Charizardite Y\n|-weather|SunnyDay|[from] ability: Drought|[of] p2b: Charizard\n|move|p1a: Meowstic|Protect|p1a: Meowstic\n|-singleturn|p1a: Meowstic|Protect\n|move|p2b: Charizard|Heat Wave|p1b: Whimsicott|[spread] p1b\n|-activate|p1a: Meowstic|move: Protect\n|-supereffective|p1b: Whimsicott|1\n|-damage|p1b: Whimsicott|0 fnt\n|faint|p1b: Whimsicott\n|move|p2a: Sylveon|Hyper Voice|p1a: Meowstic\n|-activate|p1a: Meowstic|move: Protect\n|\n|-weather|SunnyDay|[upkeep]\n|upkeep\n|\n|t:|1776284515\n|switch|p1b: Azumarill|Azumarill, L50, M|100/100\n|turn|3\n|\n|t:|1776284533\n|detailschange|p1a: Meowstic|Meowstic-M-Mega, L50, M\n|-mega|p1a: Meowstic|Meowstic|Meowsticite\n|-ability|p1a: Meowstic|Pixilate|Trace|[from] ability: Trace|[of] p2a: Sylveon\n|move|p2b: Charizard|Solar Beam||[still]\n|-prepare|p2b: Charizard|Solar Beam\n|-anim|p2b: Charizard|Solar Beam|p1b: Azumarill\n|-supereffective|p1b: Azumarill|1\n|-damage|p1b: Azumarill|0 fnt\n|faint|p1b: Azumarill\n|move|p2a: Sylveon|Hyper Voice|p1a: Meowstic\n|-damage|p1a: Meowstic|20/100\n|move|p1a: Meowstic|Expanding Force|p2b: Charizard|[spread] p2a,p2b\n|-damage|p2a: Sylveon|53/100\n|-damage|p2b: Charizard|37/100\n|\n|-weather|SunnyDay|[upkeep]\n|upkeep\n|\n|t:|1776284542\n|switch|p1b: Sneasler|Sneasler, L50, F|100/100\n|turn|4\n|\n|t:|1776284573\n|move|p1a: Meowstic|Protect|p1a: Meowstic\n|-singleturn|p1a: Meowstic|Protect\n|move|p1b: Sneasler|Fake Out|p2b: Charizard\n|-hint|Psychic Terrain doesn't affect airborne Pok\u00e9mon.\n|-damage|p2b: Charizard|17/100\n|cant|p2b: Charizard|flinch\n|move|p2a: Sylveon|Hyper Voice|p1b: Sneasler|[spread] p1b\n|-activate|p1a: Meowstic|move: Protect\n|-damage|p1b: Sneasler|29/100\n|\n|-weather|SunnyDay|[upkeep]\n|-sideend|p2: dddgdavid|move: Tailwind\n|upkeep\n|turn|5\n|\n|t:|1776284591\n|move|p1a: Meowstic|Expanding Force|p2b: Charizard|[spread] p2a,p2b\n|-damage|p2a: Sylveon|5/100\n|-damage|p2b: Charizard|0 fnt\n|faint|p2b: Charizard\n|move|p1b: Sneasler|Dire Claw|p2a: Sylveon\n|-supereffective|p2a: Sylveon|1\n|-damage|p2a: Sylveon|0 fnt\n|faint|p2a: Sylveon\n|\n|-weather|SunnyDay|[upkeep]\n|-fieldend|move: Psychic Terrain\n|upkeep\n|\n|t:|1776284605\n|switch|p2b: Tyranitar|Tyranitar, L50, M|100/100\n|-weather|Sandstorm|[from] ability: Sand Stream|[of] p2b: Tyranitar\n|turn|6\n|\n|t:|1776284611\n|move|p1a: Meowstic|Shadow Ball|p2b: Tyranitar\n|-resisted|p2b: Tyranitar|1\n|-damage|p2b: Tyranitar|90/100\n|move|p1b: Sneasler|Close Combat|p2b: Tyranitar\n|-supereffective|p2b: Tyranitar|2\n|-damage|p2b: Tyranitar|0 fnt\n|-unboost|p1b: Sneasler|def|1\n|-unboost|p1b: Sneasler|spd|1\n|faint|p2b: Tyranitar\n|\n|win|unkownbannana032\n|raw|unkownbannana032's rating: 1107 &rarr; <strong>1135</strong><br />(+28 for winning)\n|raw|dddgdavid's rating: 1147 &rarr; <strong>1119</strong><br />(-28 for losing)\n|l|\u2606dddgdavid\n|player|p2|\n",
  "uploadtime": 1776284662,
  "views": 28,
  "formatid": "gen9championsvgc2026regma",
  "rating": 1119,
  "private": 0,
  "password": null
}