{
  "id": "gen9championsvgc2026regma-2589472921",
  "format": "[Gen 9 Champions] VGC 2026 Reg M-A",
  "players": [
    "underlinegui",
    "yamato-tak"
  ],
  "log": "|j|\u2606underlinegui\n|j|\u2606yamato-tak\n|t:|1776726082\n|gametype|doubles\n|player|p1|underlinegui|2|1492\n|player|p2|yamato-tak|101|1406\n|gen|9\n|tier|[Gen 9 Champions] VGC 2026 Reg M-A\n|rated|\n|rule|Species Clause: Limit one of each Pok\u00e9mon\n|rule|Item Clause: Limit 1 of each item\n|clearpoke\n|poke|p1|Meganium, L50, M, shiny|\n|poke|p1|Sableye, L50, M, shiny|\n|poke|p1|Archaludon, L50, F|\n|poke|p1|Basculegion, L50, M|\n|poke|p1|Pelipper, L50, F|\n|poke|p1|Sneasler, L50, F|\n|poke|p2|Charizard, L50, F|\n|poke|p2|Venusaur, L50, F|\n|poke|p2|Sneasler, L50, F|\n|poke|p2|Incineroar, L50, F|\n|poke|p2|Torkoal, L50, M|\n|poke|p2|Milotic, L50, M|\n|teampreview|4\n|inactive|Battle timer is ON: inactive players will automatically lose when time's up. (requested by yamato-tak)\n|inactive|underlinegui also wants the timer to be on.\n|inactive|underlinegui has 60 seconds left.\n|\n|t:|1776726116\n|teamsize|p1|4\n|teamsize|p2|4\n|start\n|switch|p1a: Sableye|Sableye, L50, M, shiny|100/100\n|switch|p1b: Basculegion|Basculegion, L50, M|100/100\n|switch|p2a: Sneasler|Sneasler, L50, F|100/100\n|switch|p2b: Charizard|Charizard, L50, F|100/100\n|turn|1\n|inactive|yamato-tak has 30 seconds left.\n|\n|t:|1776726150\n|detailschange|p2b: Charizard|Charizard-Mega-X, L50, F\n|-mega|p2b: Charizard|Charizard|Charizardite X\n|move|p1a: Sableye|Rain Dance|p1a: Sableye\n|-weather|RainDance\n|move|p1b: Basculegion|Flip Turn|p2b: Charizard\n|-damage|p2b: Charizard|50/100\n|\n|t:|1776726162\n|switch|p1b: Pelipper|Pelipper, L50, F|100/100|[from] Flip Turn\n|move|p2a: Sneasler|Dire Claw|p1b: Pelipper\n|-damage|p1b: Pelipper|48/100\n|-status|p1b: Pelipper|slp\n|move|p2b: Charizard|Dragon Claw|p1b: Pelipper\n|-damage|p1b: Pelipper|0 fnt\n|faint|p1b: Pelipper\n|\n|-weather|RainDance|[upkeep]\n|upkeep\n|\n|t:|1776726173\n|switch|p1b: Archaludon|Archaludon, L50, F|100/100\n|turn|2\n|inactive|underlinegui has 30 seconds left.\n|\n|t:|1776726199\n|switch|p2b: Venusaur|Venusaur, L50, F|100/100\n|move|p1a: Sableye|Encore|p2a: Sneasler\n|-start|p2a: Sneasler|Encore\n|move|p2a: Sneasler|Dire Claw|p1b: Archaludon\n|-immune|p1b: Archaludon\n|move|p1b: Archaludon|Draco Meteor|p2b: Venusaur\n|-damage|p2b: Venusaur|51/100\n|-unboost|p1b: Archaludon|spa|2\n|\n|-weather|RainDance|[upkeep]\n|upkeep\n|turn|3\n|\n|t:|1776726223\n|switch|p2a: Torkoal|Torkoal, L50, M|100/100\n|-weather|SunnyDay|[from] ability: Drought|[of] p2a: Torkoal\n|move|p1a: Sableye|Light Screen|p1a: Sableye\n|-sidestart|p1: underlinegui|move: Light Screen\n|move|p1b: Archaludon|Electro Shot||[still]\n|-prepare|p1b: Archaludon|Electro Shot\n|-boost|p1b: Archaludon|spa|1\n|move|p2b: Venusaur|Leech Seed|p1b: Archaludon\n|-start|p1b: Archaludon|move: Leech Seed\n|\n|-weather|SunnyDay|[upkeep]\n|-damage|p1b: Archaludon|88/100|[from] Leech Seed|[of] p2b: Venusaur\n|-heal|p2b: Venusaur|64/100|[silent]\n|upkeep\n|turn|4\n|\n|t:|1776726245\n|move|p2b: Venusaur|Protect|p2b: Venusaur\n|-singleturn|p2b: Venusaur|Protect\n|move|p1a: Sableye|Rain Dance|p1a: Sableye\n|-weather|RainDance\n|move|p1b: Archaludon|Electro Shot|p2a: Torkoal|[from] lockedmove\n|-damage|p2a: Torkoal|65/100\n|move|p2a: Torkoal|Weather Ball|p1a: Sableye\n|-damage|p1a: Sableye|69/100\n|\n|-weather|RainDance|[upkeep]\n|-damage|p1b: Archaludon|76/100|[from] Leech Seed|[of] p2b: Venusaur\n|-heal|p2b: Venusaur|76/100|[silent]\n|upkeep\n|turn|5\n|\n|t:|1776726263\n|switch|p1b: Basculegion|Basculegion, L50, M|100/100\n|switch|p2b: Charizard|Charizard-Mega-X, L50, F|50/100\n|switch|p2a: Sneasler|Sneasler, L50, F|100/100\n|move|p1a: Sableye|Encore||[still]\n|-fail|p1a: Sableye\n|\n|-weather|RainDance|[upkeep]\n|upkeep\n|turn|6\n|inactive|underlinegui has 30 seconds left.\n|\n|t:|1776726290\n|switch|p2a: Torkoal|Torkoal, L50, M|65/100\n|-weather|SunnyDay|[from] ability: Drought|[of] p2a: Torkoal\n|move|p1a: Sableye|Rain Dance|p1a: Sableye\n|-weather|RainDance\n|move|p1b: Basculegion|Flip Turn|p2b: Charizard\n|-damage|p2b: Charizard|0 fnt\n|faint|p2b: Charizard\n|\n|t:|1776726299\n|switch|p1b: Archaludon|Archaludon, L50, F|76/100|[from] Flip Turn\n|\n|-weather|RainDance|[upkeep]\n|upkeep\n|\n|t:|1776726303\n|switch|p2b: Venusaur|Venusaur, L50, F|76/100\n|turn|7\n|\n|t:|1776726323\n|move|p1b: Archaludon|Electro Shot||[still]\n|-prepare|p1b: Archaludon|Electro Shot\n|-boost|p1b: Archaludon|spa|1\n|-anim|p1b: Archaludon|Electro Shot|p2a: Torkoal\n|-damage|p2a: Torkoal|0 fnt\n|faint|p2a: Torkoal\n|move|p2b: Venusaur|Leech Seed|p1b: Archaludon\n|-start|p1b: Archaludon|move: Leech Seed\n|move|p1a: Sableye|Foul Play|p2b: Venusaur\n|-damage|p2b: Venusaur|52/100\n|\n|-weather|RainDance|[upkeep]\n|-damage|p1b: Archaludon|64/100|[from] Leech Seed|[of] p2b: Venusaur\n|-heal|p2b: Venusaur|65/100|[silent]\n|-sideend|p1: underlinegui|move: Light Screen\n|upkeep\n|\n|t:|1776726326\n|switch|p2a: Sneasler|Sneasler, L50, F|100/100\n|turn|8\n|\n|t:|1776726345\n|move|p1b: Archaludon|Protect|p1b: Archaludon\n|-singleturn|p1b: Archaludon|Protect\n|move|p1a: Sableye|Encore|p2b: Venusaur\n|-start|p2b: Venusaur|Encore\n|move|p2a: Sneasler|Close Combat|p1b: Archaludon\n|-activate|p1b: Archaludon|move: Protect\n|move|p2b: Venusaur|Leech Seed|p1b: Archaludon\n|-activate|p1b: Archaludon|move: Protect\n|\n|-weather|RainDance|[upkeep]\n|-damage|p1b: Archaludon|52/100|[from] Leech Seed|[of] p2b: Venusaur\n|-heal|p2b: Venusaur|78/100|[silent]\n|upkeep\n|turn|9\n|-message|yamato-tak forfeited.\n|\n|win|underlinegui\n|raw|underlinegui's rating: 1492 &rarr; <strong>1507</strong><br />(+15 for winning)\n|raw|yamato-tak's rating: 1406 &rarr; <strong>1391</strong><br />(-15 for losing)\n|l|\u2606yamato-tak\n|player|p2|\n",
  "uploadtime": 1776726381,
  "views": 9,
  "formatid": "gen9championsvgc2026regma",
  "rating": 1391,
  "private": 0,
  "password": null
}