{
  "id": "gen9championsvgc2026regma-2582943771",
  "format": "[Gen 9 Champions] VGC 2026 Reg M-A",
  "players": [
    "NeoNecrozma504",
    "Jaywal"
  ],
  "log": "|j|\u2606NeoNecrozma504\n|j|\u2606Jaywal\n|t:|1776127174\n|gametype|doubles\n|player|p1|NeoNecrozma504|lady|\n|player|p2|Jaywal|plasmagrunt|\n|gen|9\n|tier|[Gen 9 Champions] VGC 2026 Reg M-A\n|rule|Species Clause: Limit one of each Pok\u00e9mon\n|rule|Item Clause: Limit 1 of each item\n|clearpoke\n|poke|p1|Politoed, L50, M|\n|poke|p1|Archaludon, L50, M|\n|poke|p1|Meganium, L50, F|\n|poke|p1|Basculegion, L50, M|\n|poke|p1|Dragonite, L50, F|\n|poke|p1|Sinistcha, L50|\n|poke|p2|Meowscarada, L50, M|\n|poke|p2|Ceruledge, L50, F|\n|poke|p2|Froslass, L50, F|\n|poke|p2|Rotom-Wash, L50|\n|poke|p2|Sylveon, L50, M|\n|poke|p2|Zoroark-Hisui, L50, M|\n|teampreview|4\n|j| OneRandomMawile\n|j| Boht\n|\n|t:|1776127219\n|teamsize|p1|4\n|teamsize|p2|4\n|start\n|switch|p1a: Forg|Politoed, L50, M|100/100\n|switch|p1b: Wy-wing|Dragonite, L50, F|100/100\n|switch|p2a: Trix|Meowscarada, L50, M|100/100\n|switch|p2b: Blade|Ceruledge, L50, F|100/100\n|-weather|RainDance|[from] ability: Drizzle|[of] p1a: Forg\n|turn|1\n|\n|t:|1776127245\n|detailschange|p1b: Wy-wing|Dragonite-Mega, L50, F\n|-mega|p1b: Wy-wing|Dragonite|Dragoninite\n|move|p1a: Forg|Protect|p1a: Forg\n|-singleturn|p1a: Forg|Protect\n|move|p2a: Trix|Petal Blizzard|p1b: Wy-wing|[spread] p2b,p1b\n|-activate|p1a: Forg|move: Protect\n|-resisted|p2b: Blade|1\n|-resisted|p1b: Wy-wing|2\n|-damage|p2b: Blade|81/100\n|-damage|p1b: Wy-wing|97/100\n|-ability|p2b: Blade|Weak Armor|boost\n|-unboost|p2b: Blade|def|1\n|-boost|p2b: Blade|spe|2\n|move|p2b: Blade|Close Combat|p1a: Forg\n|-activate|p1a: Forg|move: Protect\n|move|p1b: Wy-wing|Tailwind|p1b: Wy-wing\n|-sidestart|p1: NeoNecrozma504|move: Tailwind\n|\n|-weather|RainDance|[upkeep]\n|upkeep\n|turn|2\n|\n|t:|1776127277\n|move|p1b: Wy-wing|Hurricane|p2a: Trix\n|-supereffective|p2a: Trix|1\n|-damage|p2a: Trix|0 fnt\n|faint|p2a: Trix\n|move|p2b: Blade|Close Combat|p1b: Wy-wing\n|-resisted|p1b: Wy-wing|1\n|-damage|p1b: Wy-wing|77/100\n|-unboost|p2b: Blade|def|1\n|-unboost|p2b: Blade|spd|1\n|move|p1a: Forg|Weather Ball|p2b: Blade\n|-supereffective|p2b: Blade|1\n|-damage|p2b: Blade|0 fnt\n|faint|p2b: Blade\n|\n|-weather|RainDance|[upkeep]\n|upkeep\n|\n|t:|1776127320\n|switch|p2a: Blake|Froslass, L50, F|100/100\n|switch|p2b: Lyre|Zoroark-Hisui, L50, M|100/100\n|turn|3\n|\n|t:|1776127361\n|detailschange|p2a: Blake|Froslass-Mega, L50, F\n|-mega|p2a: Blake|Froslass|Froslassite\n|-weather|Snowscape|[from] ability: Snow Warning|[of] p2a: Blake\n|move|p1a: Forg|Helping Hand|p1b: Wy-wing\n|-singleturn|p1b: Wy-wing|Helping Hand|[of] p1a: Forg\n|move|p1b: Wy-wing|Hurricane|p2a: Blake\n|-damage|p2a: Blake|0 fnt\n|faint|p2a: Blake\n|move|p2b: Lyre|Icy Wind|p1b: Wy-wing|[spread] p1a,p1b\n|-resisted|p1a: Forg|1\n|-supereffective|p1b: Wy-wing|2\n|-damage|p1a: Forg|96/100\n|-damage|p1b: Wy-wing|22/100\n|-unboost|p1a: Forg|spe|1\n|-unboost|p1b: Wy-wing|spe|1\n|\n|-weather|Snowscape|[upkeep]\n|-heal|p1a: Forg|100/100|[from] item: Leftovers\n|upkeep\n|turn|4\n|\n|t:|1776127380\n|switch|p1a: Quickdraw|Archaludon, L50, M, shiny|100/100\n|move|p1b: Wy-wing|Draco Meteor|p2b: Lyre\n|-enditem|p2b: Lyre|Focus Sash\n|-damage|p2b: Lyre|1/100\n|-unboost|p1b: Wy-wing|spa|2\n|move|p2b: Lyre|Icy Wind|p1b: Wy-wing|[spread] p1a,p1b\n|-supereffective|p1b: Wy-wing|2\n|-crit|p1b: Wy-wing\n|-damage|p1a: Quickdraw|81/100\n|-damage|p1b: Wy-wing|0 fnt\n|-unboost|p1a: Quickdraw|spe|1\n|-ability|p1a: Quickdraw|Stamina|boost\n|-boost|p1a: Quickdraw|def|1\n|faint|p1b: Wy-wing\n|\n|-weather|Snowscape|[upkeep]\n|-sideend|p1: NeoNecrozma504|move: Tailwind\n|upkeep\n|\n|t:|1776127395\n|switch|p1b: goopy|Sinistcha, L50|100/100\n|-heal|p1a: Quickdraw|100/100|[from] ability: Hospitality|[of] p1b: goopy\n|turn|5\n|\n|t:|1776127405\n|move|p1b: goopy|Rage Powder|p1b: goopy\n|-singleturn|p1b: goopy|move: Rage Powder\n|move|p2b: Lyre|Bitter Malice|p1b: goopy\n|-supereffective|p1b: goopy|1\n|-damage|p1b: goopy|1/100\n|-unboost|p1b: goopy|atk|1\n|-enditem|p1b: goopy|Sitrus Berry|[eat]\n|-heal|p1b: goopy|26/100|[from] item: Sitrus Berry\n|move|p1a: Quickdraw|Flash Cannon|p2b: Lyre\n|-damage|p2b: Lyre|0 fnt\n|faint|p2b: Lyre\n|\n|win|NeoNecrozma504\n|l|\u2606NeoNecrozma504\n|player|p1|\n|l|\u2606Jaywal\n|player|p2|\n|j|\u2606NeoNecrozma504\n|player|p1|NeoNecrozma504|lady|\n",
  "uploadtime": 1776127471,
  "views": 14,
  "formatid": "gen9championsvgc2026regma",
  "rating": null,
  "private": 0,
  "password": null
}