{
  "id": "gen9championsvgc2026regma-2587057895",
  "format": "[Gen 9 Champions] VGC 2026 Reg M-A",
  "players": [
    "PencilNum2",
    "thoribbin"
  ],
  "log": "|j|\u2606PencilNum2\n|j|\u2606thoribbin\n|t:|1776487824\n|gametype|doubles\n|player|p1|PencilNum2|101|1299\n|player|p2|thoribbin|delinquent|1234\n|gen|9\n|tier|[Gen 9 Champions] VGC 2026 Reg M-A\n|rated|\n|rule|Species Clause: Limit one of each Pok\u00e9mon\n|rule|Item Clause: Limit 1 of each item\n|clearpoke\n|poke|p1|Tyranitar, L50, F|\n|poke|p1|Aegislash, L50, M|\n|poke|p1|Corviknight, L50, F|\n|poke|p1|Garchomp, L50, M|\n|poke|p1|Gengar, L50, M|\n|poke|p1|Emboar, L50, F|\n|poke|p2|Araquanid, L50, M|\n|poke|p2|Pelipper, L50, M|\n|poke|p2|Farigiraf, L50, M|\n|poke|p2|Chesnaught, L50, M|\n|poke|p2|Sneasler, L50, F|\n|poke|p2|Incineroar, L50, F|\n|teampreview|4\nPencilNum2 rejected open team sheets.\n|inactive|Battle timer is ON: inactive players will automatically lose when time's up. (requested by PencilNum2)\n|\n|t:|1776487852\n|teamsize|p1|4\n|teamsize|p2|4\n|start\n|switch|p1a: Corviknight|Corviknight, L50, F|100/100\n|switch|p1b: Garchomp|Garchomp, L50, M|100/100\n|switch|p2a: Farigiraf|Farigiraf, L50, M|100/100\n|switch|p2b: Pelipper|Pelipper, L50, M|100/100\n|-weather|RainDance|[from] ability: Drizzle|[of] p2b: Pelipper\n|turn|1\n|\n|t:|1776487864\n|move|p2b: Pelipper|Protect|p2b: Pelipper\n|-singleturn|p2b: Pelipper|Protect\n|move|p1b: Garchomp|Rock Slide|p2a: Farigiraf|[spread] p2a\n|-activate|p2b: Pelipper|move: Protect\n|-damage|p2a: Farigiraf|84/100\n|move|p1a: Corviknight|Iron Defense|p1a: Corviknight\n|-boost|p1a: Corviknight|def|2\n|move|p2a: Farigiraf|Trick Room|p2a: Farigiraf\n|-fieldstart|move: Trick Room|[of] p2a: Farigiraf\n|\n|-weather|RainDance|[upkeep]\n|upkeep\n|turn|2\n|\n|t:|1776487883\n|move|p2a: Farigiraf|Psychic|p1b: Garchomp\n|-crit|p1b: Garchomp\n|-damage|p1b: Garchomp|37/100\n|-unboost|p1b: Garchomp|spd|1\n|move|p2b: Pelipper|Weather Ball|p1a: Corviknight\n|-damage|p1a: Corviknight|35/100\n|move|p1a: Corviknight|Body Press|p2a: Farigiraf\n|-damage|p2a: Farigiraf|49/100\n|-enditem|p2a: Farigiraf|Sitrus Berry|[eat]\n|-heal|p2a: Farigiraf|74/100|[from] item: Sitrus Berry\n|move|p1b: Garchomp|Rock Slide|p2b: Pelipper|[spread] p2a,p2b\n|-supereffective|p2b: Pelipper|1\n|-damage|p2a: Farigiraf|58/100\n|-damage|p2b: Pelipper|53/100\n|\n|-weather|RainDance|[upkeep]\n|-heal|p1a: Corviknight|41/100|[from] item: Leftovers\n|upkeep\n|turn|3\n|j| i hate swaggy\n|\n|t:|1776487905\n|move|p2a: Farigiraf|Psychic|p1b: Garchomp\n|-damage|p1b: Garchomp|0 fnt\n|faint|p1b: Garchomp\n|move|p2b: Pelipper|Weather Ball|p1a: Corviknight\n|-damage|p1a: Corviknight|0 fnt\n|faint|p1a: Corviknight\n|\n|-weather|RainDance|[upkeep]\n|upkeep\n|\n|t:|1776487912\n|switch|p1a: Emboar|Emboar, L50, F|100/100\n|switch|p1b: Aegislash|Aegislash, L50, M|100/100\n|turn|4\n|\n|t:|1776487919\n|detailschange|p1a: Emboar|Emboar-Mega, L50, F\n|-mega|p1a: Emboar|Emboar|Emboarite\n|-ability|p1a: Emboar|Mold Breaker\n|move|p2a: Farigiraf|Helping Hand|p2b: Pelipper\n|-singleturn|p2b: Pelipper|Helping Hand|[of] p2a: Farigiraf\n|move|p1b: Aegislash|King's Shield|p1b: Aegislash\n|-singleturn|p1b: Aegislash|Protect\n|move|p1a: Emboar|Protect|p1a: Emboar\n|-singleturn|p1a: Emboar|Protect\n|move|p2b: Pelipper|Weather Ball|p1a: Emboar\n|-activate|p1a: Emboar|move: Protect\n|\n|-weather|RainDance|[upkeep]\n|upkeep\n|turn|5\n|\n|t:|1776487939\n|move|p1a: Emboar|Protect|p1a: Emboar\n|-singleturn|p1a: Emboar|Protect\n|move|p2a: Farigiraf|Psychic|p1b: Aegislash\n|-resisted|p1b: Aegislash|1\n|-damage|p1b: Aegislash|84/100\n|move|p2b: Pelipper|Weather Ball|p1a: Emboar\n|-activate|p1a: Emboar|move: Protect\n|-formechange|p1b: Aegislash|Aegislash-Blade|\n|move|p1b: Aegislash|Shadow Ball|p2b: Pelipper\n|-damage|p2b: Pelipper|0 fnt\n|faint|p2b: Pelipper\n|\n|-weather|none\n|-fieldend|move: Trick Room\n|upkeep\n|c| i hate swaggy|nooooo\n|\n|t:|1776487951\n|switch|p2b: Araquanid|Araquanid, L50, M|100/100\n|turn|6\n|c| i hate swaggy|pelipper\n|c| i hate swaggy|i loved pelipper\n|c| i hate swaggy|you killed it\n|c| i hate swaggy|how could you\n|c|\u2606thoribbin|;-;\n|c|\u2606thoribbin|I'm crying see\n|inactive|PencilNum2 has 30 seconds left.\n|c| i hate swaggy|same\n|\n|t:|1776487978\n|move|p1a: Emboar|Flare Blitz|p2b: Araquanid\n|-damage|p2b: Araquanid|24/100\n|-damage|p1a: Emboar|79/100|[from] Recoil\n|move|p1b: Aegislash|Shadow Ball|p2b: Araquanid\n|-damage|p2b: Araquanid|0 fnt\n|faint|p2b: Araquanid\n|move|p2a: Farigiraf|Trick Room|p2a: Farigiraf\n|-fieldstart|move: Trick Room|[of] p2a: Farigiraf\n|\n|upkeep\n|c| i hate swaggy|it's so evil\n|\n|t:|1776487985\n|switch|p2b: Chesnaught|Chesnaught, L50, M|100/100\n|turn|7\n|c| i hate swaggy|damn strong mold breaker\n|\n|t:|1776488002\n|detailschange|p2b: Chesnaught|Chesnaught-Mega, L50, M\n|-mega|p2b: Chesnaught|Chesnaught|Chesnaughtite\n|-formechange|p1b: Aegislash|Aegislash|\n|move|p1b: Aegislash|King's Shield|p1b: Aegislash\n|-singleturn|p1b: Aegislash|Protect\n|move|p1a: Emboar|Protect|p1a: Emboar\n|-singleturn|p1a: Emboar|Protect\n|move|p2b: Chesnaught|Body Press|p1a: Emboar\n|-activate|p1a: Emboar|move: Protect\n|move|p2a: Farigiraf|Psychic|p1a: Emboar\n|-activate|p1a: Emboar|move: Protect\n|\n|upkeep\n|turn|8\n|c| i hate swaggy|have you considered using a real mega over mega emboar\n|\n|t:|1776488025\n|move|p2b: Chesnaught|Knock Off|p1b: Aegislash\n|-supereffective|p1b: Aegislash|1\n|-damage|p1b: Aegislash|21/100\n|-enditem|p1b: Aegislash|Sitrus Berry|[from] move: Knock Off|[of] p2b: Chesnaught\n|move|p2a: Farigiraf|Psychic|p1b: Aegislash\n|-resisted|p1b: Aegislash|1\n|-damage|p1b: Aegislash|4/100\n|-formechange|p1b: Aegislash|Aegislash-Blade|\n|move|p1b: Aegislash|Shadow Ball|p2b: Chesnaught\n|-immune|p2b: Chesnaught|[from] ability: Bulletproof\n|move|p1a: Emboar|Flare Blitz|p2b: Chesnaught\n|-supereffective|p2b: Chesnaught|1\n|-damage|p2b: Chesnaught|24/100\n|-damage|p1a: Emboar|55/100|[from] Recoil\n|\n|upkeep\n|turn|9\n|c|\u2606PencilNum2|says the mega chesnaught\n|c| i hate swaggy|no i am just a spectator\n|c|\u2606thoribbin|I'm not even saying anything\n|\n|t:|1776488045\n|move|p1a: Emboar|Protect|p1a: Emboar\n|-singleturn|p1a: Emboar|Protect\n|move|p2b: Chesnaught|Body Press|p1a: Emboar\n|-activate|p1a: Emboar|move: Protect\n|move|p2a: Farigiraf|Psychic|p1b: Aegislash\n|-resisted|p1b: Aegislash|1\n|-damage|p1b: Aegislash|0 fnt\n|faint|p1b: Aegislash\n|\n|upkeep\n|turn|10\n|c| i hate swaggy|w bulletproof btw\n|\n|t:|1776488055\n|move|p1a: Emboar|Protect||[still]\n|-fail|p1a: Emboar\n|move|p2b: Chesnaught|Body Press|p1a: Emboar\n|-damage|p1a: Emboar|0 fnt\n|faint|p1a: Emboar\n|\n|win|thoribbin\n|raw|PencilNum2's rating: 1299 &rarr; <strong>1269</strong><br />(-30 for losing)\n|raw|thoribbin's rating: 1234 &rarr; <strong>1264</strong><br />(+30 for winning)\n",
  "uploadtime": 1776488061,
  "views": 27,
  "formatid": "gen9championsvgc2026regma",
  "rating": 1264,
  "private": 0,
  "password": null
}