{
  "id": "gen9championsvgc2026regma-2585814030",
  "format": "[Gen 9 Champions] VGC 2026 Reg M-A",
  "players": [
    "euwuj",
    "pkmanilchampion1"
  ],
  "log": "|j|\u2606euwuj\n|j|\u2606pkmanilchampion1\n|t:|1776372569\n|gametype|doubles\n|player|p1|euwuj|170|1000\n|player|p2|pkmanilchampion1|1|1076\n|gen|9\n|tier|[Gen 9 Champions] VGC 2026 Reg M-A\n|rated|\n|rule|Species Clause: Limit one of each Pok\u00e9mon\n|rule|Item Clause: Limit 1 of each item\n|clearpoke\n|poke|p1|Excadrill, L50, M|\n|poke|p1|Hawlucha, L50, F|\n|poke|p1|Tyranitar, L50, M|\n|poke|p1|Whimsicott, L50, F|\n|poke|p1|Kingambit, L50, M|\n|poke|p1|Altaria, L50, M|\n|poke|p2|Incineroar, L50, F|\n|poke|p2|Floette-Eternal, L50, F|\n|poke|p2|Basculegion, L50, M|\n|poke|p2|Kommo-o, L50, M|\n|poke|p2|Sneasler, L50, M|\n|poke|p2|Maushold, L50|\n|teampreview|4\n|\n|t:|1776372649\n|teamsize|p1|4\n|teamsize|p2|4\n|start\n|switch|p1a: Excadrill|Excadrill, L50, M|100/100\n|switch|p1b: Tyranitar|Tyranitar, L50, M|100/100\n|switch|p2a: Maushold|Maushold, L50|100/100\n|switch|p2b: Kommo-o|Kommo-o, L50, M|100/100\n|-weather|Sandstorm|[from] ability: Sand Stream|[of] p1b: Tyranitar\n|turn|1\n|\n|t:|1776372680\n|switch|p1b: Hawlucha|Hawlucha, L50, F|100/100\n|move|p2a: Maushold|Protect|p2a: Maushold\n|-singleturn|p2a: Maushold|Protect\n|move|p2b: Kommo-o|Protect|p2b: Kommo-o\n|-singleturn|p2b: Kommo-o|Protect\n|move|p1a: Excadrill|Earthquake|p2b: Kommo-o|[spread] \n|-activate|p2a: Maushold|move: Protect\n|-activate|p2b: Kommo-o|move: Protect\n|-immune|p1b: Hawlucha\n|\n|-weather|Sandstorm|[upkeep]\n|-damage|p1b: Hawlucha|95/100|[from] Sandstorm\n|-damage|p2a: Maushold|94/100|[from] Sandstorm\n|-damage|p2b: Kommo-o|95/100|[from] Sandstorm\n|-heal|p2b: Kommo-o|100/100|[from] item: Leftovers\n|upkeep\n|turn|2\n|\n|t:|1776372718\n|detailschange|p1b: Hawlucha|Hawlucha-Mega, L50, F\n|-mega|p1b: Hawlucha|Hawlucha|Hawluchanite\n|move|p1a: Excadrill|Rock Slide|p2a: Maushold|[spread] p2a,p2b\n|-resisted|p2b: Kommo-o|1\n|-damage|p2a: Maushold|70/100\n|-damage|p2b: Kommo-o|94/100\n|move|p1b: Hawlucha|Entrainment|p1a: Excadrill\n|-ability|p1a: Excadrill|No Guard|Sand Rush|[from] move: Entrainment|[of] p1b: Hawlucha\n|move|p2a: Maushold|Super Fang|p1a: Excadrill\n|-damage|p1a: Excadrill|51/100\n|move|p2b: Kommo-o|Clangorous Soul|p2b: Kommo-o\n|-boost|p2b: Kommo-o|atk|1\n|-boost|p2b: Kommo-o|def|1\n|-boost|p2b: Kommo-o|spa|1\n|-boost|p2b: Kommo-o|spd|1\n|-boost|p2b: Kommo-o|spe|1\n|-damage|p2b: Kommo-o|61/100\n|\n|-weather|Sandstorm|[upkeep]\n|-damage|p2b: Kommo-o|55/100|[from] Sandstorm\n|-damage|p1b: Hawlucha|89/100|[from] Sandstorm\n|-damage|p2a: Maushold|63/100|[from] Sandstorm\n|-heal|p2b: Kommo-o|61/100|[from] item: Leftovers\n|upkeep\n|turn|3\n|inactive|Battle timer is ON: inactive players will automatically lose when time's up. (requested by euwuj)\n|\n|t:|1776372765\n|move|p2b: Kommo-o|Protect|p2b: Kommo-o\n|-singleturn|p2b: Kommo-o|Protect\n|move|p2a: Maushold|Protect|p2a: Maushold\n|-singleturn|p2a: Maushold|Protect\n|move|p1b: Hawlucha|High Jump Kick|p2a: Maushold\n|-activate|p2a: Maushold|move: Protect\n|-damage|p1b: Hawlucha|39/100|[from] highjumpkick\n|move|p1a: Excadrill|Horn Drill|p2b: Kommo-o\n|-activate|p2b: Kommo-o|move: Protect\n|\n|-weather|Sandstorm|[upkeep]\n|-damage|p2b: Kommo-o|55/100|[from] Sandstorm\n|-damage|p1b: Hawlucha|33/100|[from] Sandstorm\n|-damage|p2a: Maushold|57/100|[from] Sandstorm\n|-heal|p2b: Kommo-o|61/100|[from] item: Leftovers\n|upkeep\n|turn|4\n|inactive|pkmanilchampion1 has 30 seconds left.\n|\n|t:|1776372794\n|move|p1a: Excadrill|Protect|p1a: Excadrill\n|-singleturn|p1a: Excadrill|Protect\n|move|p2a: Maushold|Follow Me|p2a: Maushold\n|-singleturn|p2a: Maushold|move: Follow Me\n|move|p2b: Kommo-o|Aura Sphere|p1a: Excadrill\n|-activate|p1a: Excadrill|move: Protect\n|move|p1b: Hawlucha|High Jump Kick|p2a: Maushold\n|-supereffective|p2a: Maushold|1\n|-damage|p2a: Maushold|0 fnt\n|faint|p2a: Maushold\n|\n|-weather|Sandstorm|[upkeep]\n|-damage|p2b: Kommo-o|55/100|[from] Sandstorm\n|-damage|p1b: Hawlucha|28/100|[from] Sandstorm\n|-heal|p2b: Kommo-o|61/100|[from] item: Leftovers\n|upkeep\n|\n|t:|1776372818\n|switch|p2a: Sneasler|Sneasler, L50, M|100/100\n|turn|5\n|inactive|euwuj has 30 seconds left.\n|inactive|pkmanilchampion1 has 30 seconds left.\n|inactive|pkmanilchampion1 has 20 seconds left.\n|inactive|pkmanilchampion1 has 15 seconds left.\n|\n|t:|1776372879\n|switch|p1b: Whimsicott|Whimsicott, L50, F|100/100\n|move|p1a: Excadrill|Protect|p1a: Excadrill\n|-singleturn|p1a: Excadrill|Protect\n|move|p2a: Sneasler|Fake Out|p1a: Excadrill\n|-activate|p1a: Excadrill|move: Protect\n|move|p2b: Kommo-o|Clanging Scales|p1a: Excadrill|[spread] \n|-activate|p1a: Excadrill|move: Protect\n|-immune|p1b: Whimsicott\n|\n|-weather|none\n|-heal|p2b: Kommo-o|67/100|[from] item: Leftovers\n|upkeep\n|turn|6\n|inactive|euwuj has 30 seconds left.\n|inactive|pkmanilchampion1 has 30 seconds left.\n|inactive|euwuj has 20 seconds left.\n|inactive|pkmanilchampion1 has 20 seconds left.\n|inactive|euwuj has 15 seconds left.\n|inactive|pkmanilchampion1 has 15 seconds left.\n|inactive|pkmanilchampion1 has 10 seconds left.\n|inactive|euwuj has 10 seconds left.\n|inactive|pkmanilchampion1 has 5 seconds left.\n|inactive|euwuj has 5 seconds left.\n|\n|t:|1776372936\n|move|p1b: Whimsicott|Tailwind|p1b: Whimsicott\n|-sidestart|p1: euwuj|move: Tailwind\n|move|p1a: Excadrill|Horn Drill|p2b: Kommo-o\n|-damage|p2b: Kommo-o|0 fnt\n|faint|p2b: Kommo-o\n|-ohko\n|move|p2a: Sneasler|Gunk Shot|p1b: Whimsicott|[miss]\n|-miss|p2a: Sneasler|p1b: Whimsicott\n|\n|upkeep\n|\n|t:|1776372943\n|switch|p2b: Floette|Floette-Eternal, L50, F|100/100\n|turn|7\n|\n|t:|1776372966\n|detailschange|p2b: Floette|Floette-Mega, L50, F\n|-mega|p2b: Floette|Floette|Floettite\n|-ability|p2b: Floette|Fairy Aura\n|move|p1a: Excadrill|Protect|p1a: Excadrill\n|-singleturn|p1a: Excadrill|Protect\n|move|p2b: Floette|Protect|p2b: Floette\n|-singleturn|p2b: Floette|Protect\n|move|p1b: Whimsicott|Taunt|p2b: Floette\n|-activate|p2b: Floette|move: Protect\n|move|p2a: Sneasler|Close Combat|p1a: Excadrill\n|-activate|p1a: Excadrill|move: Protect\n|\n|upkeep\n|turn|8\n|inactive|euwuj has 30 seconds left.\n|inactive|euwuj has 20 seconds left.\n|\n|t:|1776373001\n|move|p2b: Floette|Protect||[still]\n|-fail|p2b: Floette\n|move|p1b: Whimsicott|Taunt|p2b: Floette\n|-start|p2b: Floette|move: Taunt\n|move|p1a: Excadrill|Horn Drill|p2b: Floette\n|-damage|p2b: Floette|0 fnt\n|faint|p2b: Floette\n|-ohko\n|move|p2a: Sneasler|Gunk Shot|p1b: Whimsicott\n|-supereffective|p1b: Whimsicott|2\n|-damage|p1b: Whimsicott|0 fnt\n|faint|p1b: Whimsicott\n|\n|upkeep\n|\n|t:|1776373015\n|switch|p1b: Tyranitar|Tyranitar, L50, M|100/100\n|-weather|Sandstorm|[from] ability: Sand Stream|[of] p1b: Tyranitar\n|turn|9\n|-message|pkmanilchampion1 forfeited.\n|\n|win|euwuj\n|raw|euwuj's rating: 1000 &rarr; <strong>1049</strong><br />(+49 for winning)\n|raw|pkmanilchampion1's rating: 1076 &rarr; <strong>1050</strong><br />(-26 for losing)\n",
  "uploadtime": 1776373026,
  "views": 16,
  "formatid": "gen9championsvgc2026regma",
  "rating": 1049,
  "private": 0,
  "password": null
}