{
  "id": "gen9championsvgc2026regma-2581831594",
  "format": "[Gen 9 Champions] VGC 2026 Reg M-A",
  "players": [
    "Braute",
    "yubanmeiqin"
  ],
  "log": "|j|\u2606Braute\n|j|\u2606yubanmeiqin\n|t:|1776032006\n|gametype|doubles\n|player|p1|Braute|miku-fire|1272\n|player|p2|yubanmeiqin|iono-masters|1346\n|gen|9\n|tier|[Gen 9 Champions] VGC 2026 Reg M-A\n|rated|\n|rule|Species Clause: Limit one of each Pok\u00e9mon\n|rule|Item Clause: Limit 1 of each item\n|clearpoke\n|poke|p1|Beedrill, L50, M|\n|poke|p1|Incineroar, L50, M|\n|poke|p1|Talonflame, L50, M|\n|poke|p1|Kingambit, L50, M|\n|poke|p1|Tyranitar, L50, F|\n|poke|p1|Excadrill, L50, F|\n|poke|p2|Gengar, L50, F|\n|poke|p2|Incineroar, L50, M|\n|poke|p2|Whimsicott, L50, F|\n|poke|p2|Garchomp, L50, F|\n|poke|p2|Sneasler, L50, F|\n|poke|p2|Primarina, L50, F|\n|teampreview|4\n|inactive|Battle timer is ON: inactive players will automatically lose when time's up. (requested by Braute)\n|\n|t:|1776032035\n|teamsize|p1|4\n|teamsize|p2|4\n|start\n|switch|p1a: Kingambit|Kingambit, L50, M, shiny|100/100\n|switch|p1b: Excadrill|Excadrill, L50, F|100/100\n|switch|p2a: \u5996\u820d\u7cbe\u5566|Whimsicott, L50, F, shiny|100/100\n|switch|p2b: \u9ca8\u821e\u52b2|Garchomp, L50, F, shiny|100/100\n|turn|1\n|\n|t:|1776032054\n|move|p2a: \u5996\u820d\u7cbe\u5566|Tailwind|p2a: \u5996\u820d\u7cbe\u5566\n|-sidestart|p2: yubanmeiqin|move: Tailwind\n|move|p1a: Kingambit|Sucker Punch|p2b: \u9ca8\u821e\u52b2\n|-damage|p2b: \u9ca8\u821e\u52b2|47/100\n|-damage|p1a: Kingambit|88/100|[from] ability: Rough Skin|[of] p2b: \u9ca8\u821e\u52b2\n|move|p2b: \u9ca8\u821e\u52b2|Stomping Tantrum|p1a: Kingambit\n|-supereffective|p1a: Kingambit|1\n|-damage|p1a: Kingambit|8/100\n|move|p1b: Excadrill|Iron Head|p2a: \u5996\u820d\u7cbe\u5566\n|-supereffective|p2a: \u5996\u820d\u7cbe\u5566|1\n|-enditem|p2a: \u5996\u820d\u7cbe\u5566|Focus Sash\n|-damage|p2a: \u5996\u820d\u7cbe\u5566|1/100\n|\n|upkeep\n|turn|2\n|inactive|yubanmeiqin has 30 seconds left.\n|\n|t:|1776032086\n|switch|p1b: Tyranitar|Tyranitar, L50, F|100/100\n|-weather|Sandstorm|[from] ability: Sand Stream|[of] p1b: Tyranitar\n|switch|p1a: Talonflame|Talonflame, L50, M|100/100\n|move|p2b: \u9ca8\u821e\u52b2|Protect|p2b: \u9ca8\u821e\u52b2\n|-singleturn|p2b: \u9ca8\u821e\u52b2|Protect\n|move|p2a: \u5996\u820d\u7cbe\u5566|Encore|p1b: Tyranitar\n|-hint|Since gen 7, Dark is immune to Prankster moves.\n|-immune|p1b: Tyranitar\n|\n|-weather|Sandstorm|[upkeep]\n|-damage|p2a: \u5996\u820d\u7cbe\u5566|0 fnt|[from] Sandstorm\n|-damage|p1a: Talonflame|95/100|[from] Sandstorm\n|faint|p2a: \u5996\u820d\u7cbe\u5566\n|upkeep\n|\n|t:|1776032089\n|switch|p2a: \u62c9\u6016\u6016|Sneasler, L50, F, shiny|100/100\n|turn|3\n|\n|t:|1776032103\n|move|p1b: Tyranitar|Protect|p1b: Tyranitar\n|-singleturn|p1b: Tyranitar|Protect\n|move|p2a: \u62c9\u6016\u6016|Close Combat|p1b: Tyranitar\n|-activate|p1b: Tyranitar|move: Protect\n|move|p2b: \u9ca8\u821e\u52b2|Rock Slide|p1b: Tyranitar|[spread] p1a\n|-activate|p1b: Tyranitar|move: Protect\n|-supereffective|p1a: Talonflame|2\n|-damage|p1a: Talonflame|0 fnt\n|faint|p1a: Talonflame\n|\n|-weather|Sandstorm|[upkeep]\n|-damage|p2a: \u62c9\u6016\u6016|95/100|[from] Sandstorm\n|upkeep\n|\n|t:|1776032114\n|switch|p1a: Excadrill|Excadrill, L50, F|100/100\n|turn|4\n|\n|t:|1776032134\n|switch|p1b: Kingambit|Kingambit, L50, M, shiny|8/100\n|move|p1a: Excadrill|Protect|p1a: Excadrill\n|-singleturn|p1a: Excadrill|Protect\n|move|p2a: \u62c9\u6016\u6016|Close Combat|p1b: Kingambit\n|-supereffective|p1b: Kingambit|2\n|-damage|p1b: Kingambit|0 fnt\n|-unboost|p2a: \u62c9\u6016\u6016|def|1\n|-unboost|p2a: \u62c9\u6016\u6016|spd|1\n|faint|p1b: Kingambit\n|-enditem|p2a: \u62c9\u6016\u6016|White Herb\n|-clearnegativeboost|p2a: \u62c9\u6016\u6016|[silent]\n|move|p2b: \u9ca8\u821e\u52b2|Stomping Tantrum|p1a: Excadrill\n|-activate|p1a: Excadrill|move: Protect\n|\n|-weather|Sandstorm|[upkeep]\n|-damage|p2a: \u62c9\u6016\u6016|89/100|[from] Sandstorm\n|-sideend|p2: yubanmeiqin|move: Tailwind\n|upkeep\n|\n|t:|1776032141\n|switch|p1b: Tyranitar|Tyranitar, L50, F|100/100\n|turn|5\n|\n|t:|1776032151\n|detailschange|p1b: Tyranitar|Tyranitar-Mega, L50, F\n|-mega|p1b: Tyranitar|Tyranitar|Tyranitarite\n|move|p2a: \u62c9\u6016\u6016|Protect|p2a: \u62c9\u6016\u6016\n|-singleturn|p2a: \u62c9\u6016\u6016|Protect\n|move|p2b: \u9ca8\u821e\u52b2|Protect|p2b: \u9ca8\u821e\u52b2\n|-singleturn|p2b: \u9ca8\u821e\u52b2|Protect\n|move|p1a: Excadrill|High Horsepower|p2a: \u62c9\u6016\u6016\n|-activate|p2a: \u62c9\u6016\u6016|move: Protect\n|move|p1b: Tyranitar|Knock Off|p2b: \u9ca8\u821e\u52b2\n|-activate|p2b: \u9ca8\u821e\u52b2|move: Protect\n|\n|-weather|Sandstorm|[upkeep]\n|-damage|p2a: \u62c9\u6016\u6016|83/100|[from] Sandstorm\n|upkeep\n|turn|6\n|\n|t:|1776032175\n|move|p2a: \u62c9\u6016\u6016|Close Combat|p1a: Excadrill\n|-supereffective|p1a: Excadrill|1\n|-enditem|p1a: Excadrill|Focus Sash\n|-damage|p1a: Excadrill|1/100\n|-unboost|p2a: \u62c9\u6016\u6016|def|1\n|-unboost|p2a: \u62c9\u6016\u6016|spd|1\n|move|p1a: Excadrill|High Horsepower|p2a: \u62c9\u6016\u6016\n|-supereffective|p2a: \u62c9\u6016\u6016|1\n|-damage|p2a: \u62c9\u6016\u6016|0 fnt\n|faint|p2a: \u62c9\u6016\u6016\n|move|p2b: \u9ca8\u821e\u52b2|Stomping Tantrum|p1a: Excadrill\n|-supereffective|p1a: Excadrill|1\n|-damage|p1a: Excadrill|0 fnt\n|faint|p1a: Excadrill\n|move|p1b: Tyranitar|Knock Off|p2b: \u9ca8\u821e\u52b2\n|-damage|p2b: \u9ca8\u821e\u52b2|0 fnt\n|-damage|p1b: Tyranitar|88/100|[from] ability: Rough Skin|[of] p2b: \u9ca8\u821e\u52b2\n|-enditem|p2b: \u9ca8\u821e\u52b2|Soft Sand|[from] move: Knock Off|[of] p1b: Tyranitar\n|faint|p2b: \u9ca8\u821e\u52b2\n|\n|-weather|none\n|upkeep\n|\n|t:|1776032183\n|switch|p2b: \u9b3c\u5934|Gengar, L50, F, shiny|100/100\n|turn|7\n|-message|yubanmeiqin forfeited.\n|\n|win|Braute\n|raw|Braute's rating: 1272 &rarr; <strong>1302</strong><br />(+30 for winning)\n|raw|yubanmeiqin's rating: 1346 &rarr; <strong>1322</strong><br />(-24 for losing)\n",
  "uploadtime": 1776032193,
  "views": 59,
  "formatid": "gen9championsvgc2026regma",
  "rating": 1302,
  "private": 0,
  "password": null
}