{
  "id": "gen9championsvgc2026regma-2586858178",
  "format": "[Gen 9 Champions] VGC 2026 Reg M-A",
  "players": [
    "mrsteelixyourgirl",
    "Tarakona"
  ],
  "log": "|j|\u2606mrsteelixyourgirl\n|j|\u2606Tarakona\n|t:|1776465927\n|gametype|doubles\n|player|p1|mrsteelixyourgirl|steven|1292\n|player|p2|Tarakona|265|1222\n|gen|9\n|tier|[Gen 9 Champions] VGC 2026 Reg M-A\n|rated|\n|rule|Species Clause: Limit one of each Pok\u00e9mon\n|rule|Item Clause: Limit 1 of each item\n|clearpoke\n|poke|p1|Tyranitar, L50, F|\n|poke|p1|Gengar, L50, F|\n|poke|p1|Excadrill, L50, F|\n|poke|p1|Incineroar, L50, F|\n|poke|p1|Corviknight, L50, M|\n|poke|p1|Rotom-Wash, L50|\n|poke|p2|Delphox, L50, F|\n|poke|p2|Garchomp, L50, F|\n|poke|p2|Rotom-Wash, L50|\n|poke|p2|Tyranitar, L50, F|\n|poke|p2|Kingambit, L50, F|\n|poke|p2|Sneasler, L50, F|\n|teampreview|4\nTarakona has agreed to open team sheets.\n|inactive|Battle timer is ON: inactive players will automatically lose when time's up. (requested by mrsteelixyourgirl)\n|inactive|mrsteelixyourgirl has 60 seconds left.\n|\n|t:|1776465989\n|teamsize|p1|4\n|teamsize|p2|4\n|start\n|switch|p1a: Excadrill|Excadrill, L50, F|100/100\n|switch|p1b: Rotom|Rotom-Wash, L50|100/100\n|switch|p2a: Regina|Sneasler, L50, F|100/100\n|switch|p2b: Washed|Rotom-Wash, L50|100/100\n|turn|1\n|c|\u2606Tarakona|where is the steelix, mrsteelixyourgirl\n|c|\u2606mrsteelixyourgirl|trade secrets\n|inactive|Tarakona has 30 seconds left.\n|inactive|Tarakona has 20 seconds left.\n|\n|t:|1776466025\n|move|p1a: Excadrill|Protect|p1a: Excadrill\n|-singleturn|p1a: Excadrill|Protect\n|move|p2a: Regina|Fake Out|p1b: Rotom\n|-damage|p1b: Rotom|80/100\n|cant|p1b: Rotom|flinch\n|move|p2b: Washed|Hydro Pump|p1a: Excadrill\n|-activate|p1a: Excadrill|move: Protect\n|\n|upkeep\n|turn|2\n|inactive|mrsteelixyourgirl has 30 seconds left.\n|\n|t:|1776466055\n|move|p2b: Washed|Protect|p2b: Washed\n|-singleturn|p2b: Washed|Protect\n|move|p1b: Rotom|Volt Switch|p2b: Washed\n|-activate|p2b: Washed|move: Protect\n|move|p2a: Regina|Close Combat|p1a: Excadrill\n|-supereffective|p1a: Excadrill|1\n|-enditem|p1a: Excadrill|Focus Sash\n|-damage|p1a: Excadrill|1/100\n|-unboost|p2a: Regina|def|1\n|-unboost|p2a: Regina|spd|1\n|-enditem|p2a: Regina|White Herb\n|-clearnegativeboost|p2a: Regina|[silent]\n|move|p1a: Excadrill|Earthquake|p2a: Regina|[spread] p2a\n|-activate|p2b: Washed|move: Protect\n|-immune|p1b: Rotom|[from] ability: Levitate\n|-supereffective|p2a: Regina|1\n|-damage|p2a: Regina|0 fnt\n|faint|p2a: Regina\n|\n|upkeep\n|\n|t:|1776466073\n|switch|p2a: Gameshark|Garchomp, L50, F|100/100\n|turn|3\n|inactive|mrsteelixyourgirl has 30 seconds left.\n|\n|t:|1776466100\n|move|p1a: Excadrill|Protect|p1a: Excadrill\n|-singleturn|p1a: Excadrill|Protect\n|move|p1b: Rotom|Volt Switch|p2b: Washed\n|-damage|p2b: Washed|60/100\n|\n|t:|1776466104\n|switch|p1b: Corviknight|Corviknight, L50, M|100/100|[from] Volt Switch\n|move|p2a: Gameshark|Earthquake|p1b: Corviknight|[spread] \n|-activate|p1a: Excadrill|move: Protect\n|-immune|p2b: Washed|[from] ability: Levitate\n|-immune|p1b: Corviknight\n|move|p2b: Washed|Discharge|p1b: Corviknight|[spread] p1b\n|-activate|p1a: Excadrill|move: Protect\n|-immune|p2a: Gameshark\n|-supereffective|p1b: Corviknight|1\n|-damage|p1b: Corviknight|56/100\n|\n|-heal|p1b: Corviknight|61/100|[from] item: Leftovers\n|upkeep\n|turn|4\n|inactive|Tarakona has 30 seconds left.\n|\n|t:|1776466130\n|switch|p1b: Tyranitar|Tyranitar, L50, F|100/100\n|-weather|Sandstorm|[from] ability: Sand Stream|[of] p1b: Tyranitar\n|move|p1a: Excadrill|Rock Slide|p2a: Gameshark|[spread] p2a,p2b\n|-resisted|p2a: Gameshark|1\n|-damage|p2a: Gameshark|91/100\n|-damage|p2b: Washed|31/100\n|-enditem|p2b: Washed|Sitrus Berry|[eat]\n|-heal|p2b: Washed|56/100|[from] item: Sitrus Berry\n|cant|p2a: Gameshark|flinch\n|cant|p2b: Washed|flinch\n|\n|-weather|Sandstorm|[upkeep]\n|-damage|p2b: Washed|50/100|[from] Sandstorm\n|upkeep\n|turn|5\n|\n|t:|1776466150\n|detailschange|p1b: Tyranitar|Tyranitar-Mega, L50, F\n|-mega|p1b: Tyranitar|Tyranitar|Tyranitarite\n|move|p1a: Excadrill|Rock Slide|p2a: Gameshark|[spread] p2a,p2b\n|-resisted|p2a: Gameshark|1\n|-damage|p2a: Gameshark|80/100\n|-damage|p2b: Washed|26/100\n|move|p2a: Gameshark|Earthquake|p1b: Tyranitar|[spread] p1a,p1b\n|-immune|p2b: Washed|[from] ability: Levitate\n|-supereffective|p1a: Excadrill|1\n|-supereffective|p1b: Tyranitar|1\n|-damage|p1a: Excadrill|0 fnt\n|-damage|p1b: Tyranitar|54/100\n|faint|p1a: Excadrill\n|cant|p2b: Washed|flinch\n|move|p1b: Tyranitar|Knock Off|p2a: Gameshark|[miss]\n|-miss|p1b: Tyranitar|p2a: Gameshark\n|\n|-weather|Sandstorm|[upkeep]\n|-damage|p2b: Washed|20/100|[from] Sandstorm\n|upkeep\n|c|\u2606mrsteelixyourgirl|xD\n|c|\u2606mrsteelixyourgirl|Sand veil or bright powder or both\n|inactive|mrsteelixyourgirl has 30 seconds left.\n|\n|t:|1776466175\n|switch|p1a: Rotom|Rotom-Wash, L50|80/100\n|turn|6\n|c|\u2606Tarakona|says the guy who got 3 flinches in 2 turns\n|inactive|Tarakona has 30 seconds left.\n|inactive|Tarakona has 20 seconds left.\n|\n|t:|1776466212\n|move|p2b: Washed|Protect|p2b: Washed\n|-singleturn|p2b: Washed|Protect\n|move|p1b: Tyranitar|Protect|p1b: Tyranitar\n|-singleturn|p1b: Tyranitar|Protect\n|move|p1a: Rotom|Will-O-Wisp|p2a: Gameshark\n|-status|p2a: Gameshark|brn\n|-enditem|p2a: Gameshark|Lum Berry|[eat]\n|-curestatus|p2a: Gameshark|brn|[msg]\n|move|p2a: Gameshark|Earthquake|p1b: Tyranitar|[spread] \n|-activate|p2b: Washed|move: Protect\n|-activate|p1b: Tyranitar|move: Protect\n|-immune|p1a: Rotom|[from] ability: Levitate\n|\n|-weather|Sandstorm|[upkeep]\n|-damage|p1a: Rotom|74/100|[from] Sandstorm\n|-damage|p2b: Washed|15/100|[from] Sandstorm\n|upkeep\n|turn|7\n|c|\u2606mrsteelixyourgirl|says the guy? I'm just asking.\n|inactive|mrsteelixyourgirl has 30 seconds left.\n|inactive|Tarakona has 30 seconds left.\n|inactive|Tarakona has 20 seconds left.\n|inactive|Tarakona has 15 seconds left.\n|inactive|Tarakona has 10 seconds left.\n|c|\u2606Tarakona|well either way you know my secret now\n|\n|t:|1776466261\n|move|p1a: Rotom|Will-O-Wisp|p2a: Gameshark|[miss]\n|-miss|p1a: Rotom|p2a: Gameshark\n|move|p2a: Gameshark|Earthquake|p1a: Rotom|[spread] p1b\n|-immune|p2b: Washed|[from] ability: Levitate\n|-immune|p1a: Rotom|[from] ability: Levitate\n|-supereffective|p1b: Tyranitar|1\n|-damage|p1b: Tyranitar|10/100\n|move|p2b: Washed|Discharge|p1b: Tyranitar|[spread] p1a,p1b\n|-immune|p2a: Gameshark\n|-damage|p1a: Rotom|41/100\n|-damage|p1b: Tyranitar|0 fnt\n|faint|p1b: Tyranitar\n|\n|-weather|Sandstorm|[upkeep]\n|-damage|p1a: Rotom|35/100|[from] Sandstorm\n|-damage|p2b: Washed|9/100|[from] Sandstorm\n|upkeep\n|c|\u2606mrsteelixyourgirl|it all evened out in the end\n|\n|t:|1776466273\n|switch|p1b: Corviknight|Corviknight, L50, M|61/100\n|turn|8\n|c|\u2606mrsteelixyourgirl|lum then miss\n|\n|t:|1776466288\n|move|p2a: Gameshark|Protect|p2a: Gameshark\n|-singleturn|p2a: Gameshark|Protect\n|move|p1a: Rotom|Will-O-Wisp|p2a: Gameshark\n|-activate|p2a: Gameshark|move: Protect\n|move|p2b: Washed|Discharge|p1a: Rotom|[spread] p1a,p1b\n|-activate|p2a: Gameshark|move: Protect\n|-supereffective|p1b: Corviknight|1\n|-damage|p1a: Rotom|1/100\n|-damage|p1b: Corviknight|15/100\n|-status|p1b: Corviknight|par\n|move|p1b: Corviknight|Body Press|p2b: Washed\n|-damage|p2b: Washed|0 fnt\n|faint|p2b: Washed\n|\n|-weather|none\n|-heal|p1b: Corviknight|20/100 par|[from] item: Leftovers\n|upkeep\n|c|\u2606Tarakona|indeed\n|\n|t:|1776466304\n|switch|p2b: Hecate|Delphox, L50, F|100/100\n|turn|9\n|-message|mrsteelixyourgirl forfeited.\n|\n|win|Tarakona\n|raw|mrsteelixyourgirl's rating: 1292 &rarr; <strong>1262</strong><br />(-30 for losing)\n|raw|Tarakona's rating: 1222 &rarr; <strong>1252</strong><br />(+30 for winning)\n|l|\u2606mrsteelixyourgirl\n|player|p1|\n|c|\u2606Tarakona|gg\n",
  "uploadtime": 1776466317,
  "views": 45,
  "formatid": "gen9championsvgc2026regma",
  "rating": 1252,
  "private": 0,
  "password": null
}