{
  "id": "gen9championsvgc2026regma-2585933495",
  "format": "[Gen 9 Champions] VGC 2026 Reg M-A",
  "players": [
    "fewvevokuruta",
    "namo09"
  ],
  "log": "|j|\u2606fewvevokuruta\n|j|\u2606namo09\n|t:|1776382760\n|gametype|doubles\n|player|p1|fewvevokuruta|265|1063\n|player|p2|namo09|265|1095\n|gen|9\n|tier|[Gen 9 Champions] VGC 2026 Reg M-A\n|rated|\n|rule|Species Clause: Limit one of each Pok\u00e9mon\n|rule|Item Clause: Limit 1 of each item\n|clearpoke\n|poke|p1|Whimsicott, L50, M|\n|poke|p1|Charizard, L50, F|\n|poke|p1|Basculegion, L50, M|\n|poke|p1|Floette-Eternal, L50, F|\n|poke|p1|Incineroar, L50, F|\n|poke|p1|Lucario, L50, F|\n|poke|p2|Delphox, L50, M|\n|poke|p2|Dragonite, L50, F|\n|poke|p2|Sneasler, L50, M|\n|poke|p2|Primarina, L50, F|\n|poke|p2|Incineroar, L50, M|\n|poke|p2|Mamoswine, L50, M|\n|teampreview|4\n|\n|t:|1776382801\n|teamsize|p1|4\n|teamsize|p2|4\n|start\n|switch|p1a: Whimsicott|Whimsicott, L50, M|100/100\n|switch|p1b: Charizard|Charizard, L50, F|100/100\n|switch|p2a: Sneasler|Sneasler, L50, M|100/100\n|switch|p2b: Mamoswine|Mamoswine, L50, M|100/100\n|turn|1\n|inactive|Battle timer is ON: inactive players will automatically lose when time's up. (requested by namo09)\n|\n|t:|1776382860\n|move|p2a: Sneasler|Fake Out|p1b: Charizard\n|-damage|p1b: Charizard|82/100\n|move|p1a: Whimsicott|Tailwind|p1a: Whimsicott\n|-sidestart|p1: fewvevokuruta|move: Tailwind\n|cant|p1b: Charizard|flinch\n|move|p2b: Mamoswine|Rock Slide|p1b: Charizard|[spread] p1a,p1b\n|-supereffective|p1b: Charizard|2\n|-damage|p1a: Whimsicott|71/100\n|-damage|p1b: Charizard|0 fnt\n|faint|p1b: Charizard\n|\n|upkeep\n|\n|t:|1776382871\n|switch|p1b: Floette|Floette-Eternal, L50, F|100/100\n|turn|2\n|\n|t:|1776382889\n|detailschange|p1b: Floette|Floette-Mega, L50, F\n|-mega|p1b: Floette|Floette|Floettite\n|-ability|p1b: Floette|Fairy Aura\n|move|p2a: Sneasler|Protect|p2a: Sneasler\n|-singleturn|p2a: Sneasler|Protect\n|move|p1a: Whimsicott|Dazzling Gleam|p2b: Mamoswine|[spread] p2b\n|-activate|p2a: Sneasler|move: Protect\n|-damage|p2b: Mamoswine|57/100\n|move|p1b: Floette|Dazzling Gleam|p2b: Mamoswine|[spread] p2b\n|-activate|p2a: Sneasler|move: Protect\n|-damage|p2b: Mamoswine|0 fnt\n|faint|p2b: Mamoswine\n|\n|upkeep\n|\n|t:|1776382903\n|switch|p2b: Incineroar|Incineroar, L50, M|100/100\n|-ability|p2b: Incineroar|Intimidate|boost\n|-unboost|p1a: Whimsicott|atk|1\n|-unboost|p1b: Floette|atk|1\n|turn|3\n|inactive|namo09 has 30 seconds left.\n|\n|t:|1776382928\n|switch|p1a: Basculegion|Basculegion, L50, M|100/100\n|move|p1b: Floette|Protect|p1b: Floette\n|-singleturn|p1b: Floette|Protect\n|move|p2a: Sneasler|Dire Claw|p1b: Floette\n|-activate|p1b: Floette|move: Protect\n|move|p2b: Incineroar|Flare Blitz|p1a: Basculegion\n|-resisted|p1a: Basculegion|1\n|-damage|p1a: Basculegion|62/100\n|-damage|p2b: Incineroar|88/100|[from] Recoil\n|\n|-heal|p2b: Incineroar|94/100|[from] item: Leftovers\n|upkeep\n|turn|4\n|inactive|fewvevokuruta has 30 seconds left.\n|inactive|fewvevokuruta has 20 seconds left.\n|\n|t:|1776382967\n|move|p2a: Sneasler|Protect|p2a: Sneasler\n|-singleturn|p2a: Sneasler|Protect\n|move|p1a: Basculegion|Flip Turn|p2b: Incineroar\n|-supereffective|p2b: Incineroar|1\n|-damage|p2b: Incineroar|7/100\n|\n|t:|1776382974\n|switch|p1a: Whimsicott|Whimsicott, L50, M|71/100|[from] Flip Turn\n|move|p1b: Floette|Dazzling Gleam|p2b: Incineroar|[spread] p2b\n|-activate|p2a: Sneasler|move: Protect\n|-damage|p2b: Incineroar|0 fnt\n|faint|p2b: Incineroar\n|\n|-sideend|p1: fewvevokuruta|move: Tailwind\n|upkeep\n|\n|t:|1776382983\n|switch|p2b: Dragonite|Dragonite, L50, F|100/100\n|turn|5\n|\n|t:|1776382996\n|detailschange|p2b: Dragonite|Dragonite-Mega, L50, F\n|-mega|p2b: Dragonite|Dragonite|Dragoninite\n|move|p1a: Whimsicott|Tailwind|p1a: Whimsicott\n|-sidestart|p1: fewvevokuruta|move: Tailwind\n|move|p1b: Floette|Dazzling Gleam|p2a: Sneasler|[spread] p2a,p2b\n|-supereffective|p2b: Dragonite|1\n|-damage|p2a: Sneasler|36/100\n|-damage|p2b: Dragonite|52/100\n|move|p2a: Sneasler|Dire Claw|p1b: Floette\n|-supereffective|p1b: Floette|1\n|-damage|p1b: Floette|0 fnt\n|faint|p1b: Floette\n|move|p2b: Dragonite|Tailwind|p2b: Dragonite\n|-sidestart|p2: namo09|move: Tailwind\n|\n|upkeep\n|\n|t:|1776383004\n|switch|p1b: Basculegion|Basculegion, L50, M|62/100\n|turn|6\n|inactive|namo09 has 30 seconds left.\n|\n|t:|1776383034\n|move|p1b: Basculegion|Aqua Jet|p2a: Sneasler\n|-damage|p2a: Sneasler|0 fnt\n|faint|p2a: Sneasler\n|move|p1a: Whimsicott|Dazzling Gleam|p2b: Dragonite\n|-supereffective|p2b: Dragonite|1\n|-damage|p2b: Dragonite|0 fnt\n|faint|p2b: Dragonite\n|\n|win|fewvevokuruta\n|raw|fewvevokuruta's rating: 1063 &rarr; <strong>1096</strong><br />(+33 for winning)\n|raw|namo09's rating: 1095 &rarr; <strong>1069</strong><br />(-26 for losing)\n|l|\u2606namo09\n|player|p2|\n",
  "uploadtime": 1776383049,
  "views": 28,
  "formatid": "gen9championsvgc2026regma",
  "rating": 1069,
  "private": 0,
  "password": null
}