{
  "id": "gen9championsvgc2026regma-2587199260",
  "format": "[Gen 9 Champions] VGC 2026 Reg M-A",
  "players": [
    "hide on whimscott",
    "AntonicoG"
  ],
  "log": "|j|\u2606hide on whimscott\n|j|\u2606AntonicoG\n|t:|1776507855\n|gametype|doubles\n|player|p1|hide on whimscott|artist-gen4|1283\n|player|p2|AntonicoG|170|1348\n|gen|9\n|tier|[Gen 9 Champions] VGC 2026 Reg M-A\n|rated|\n|rule|Species Clause: Limit one of each Pok\u00e9mon\n|rule|Item Clause: Limit 1 of each item\n|clearpoke\n|poke|p1|Kingambit, L50, F|\n|poke|p1|Kangaskhan, L50, F|\n|poke|p1|Blastoise, L50, F|\n|poke|p1|Sinistcha, L50|\n|poke|p1|Aerodactyl, L50, F|\n|poke|p1|Farigiraf, L50, M|\n|poke|p2|Starmie, L50|\n|poke|p2|Aerodactyl, L50, M|\n|poke|p2|Incineroar, L50, M|\n|poke|p2|Sneasler, L50, F|\n|poke|p2|Zoroark-Hisui, L50, F|\n|poke|p2|Ninetales-Alola, L50, M|\n|teampreview|4\n|\n|t:|1776507872\n|teamsize|p1|4\n|teamsize|p2|4\n|start\n|switch|p1a: Blastoise|Blastoise, L50, F|100/100\n|switch|p1b: Farigiraf|Farigiraf, L50, M|100/100\n|switch|p2a: Ninetales|Ninetales-Alola, L50, M|100/100\n|switch|p2b: Starmie|Starmie, L50|100/100\n|-weather|Snowscape|[from] ability: Snow Warning|[of] p2a: Ninetales\n|turn|1\n|inactive|Battle timer is ON: inactive players will automatically lose when time's up. (requested by AntonicoG)\n|\n|t:|1776507898\n|detailschange|p1a: Blastoise|Blastoise-Mega, L50, F\n|-mega|p1a: Blastoise|Blastoise|Blastoisinite\n|move|p1a: Blastoise|Fake Out|p2a: Ninetales\n|-damage|p2a: Ninetales|92/100\n|move|p2b: Starmie|Hyper Voice|p1b: Farigiraf|[spread] p1a,p1b\n|-damage|p1a: Blastoise|69/100\n|-damage|p1b: Farigiraf|65/100\n|cant|p2a: Ninetales|flinch\n|move|p1b: Farigiraf|Trick Room|p1b: Farigiraf\n|-fieldstart|move: Trick Room|[of] p1b: Farigiraf\n|\n|-weather|Snowscape|[upkeep]\n|upkeep\n|turn|2\n|\n|t:|1776507915\n|move|p1b: Farigiraf|Rain Dance|p1b: Farigiraf\n|-weather|RainDance\n|move|p1a: Blastoise|Water Spout|p2a: Ninetales|[spread] p2a\n|-miss|p1a: Blastoise|p2b: Starmie\n|-damage|p2a: Ninetales|6/100\n|move|p2a: Ninetales|Freeze-Dry|p1a: Blastoise\n|-supereffective|p1a: Blastoise|1\n|-damage|p1a: Blastoise|22/100\n|move|p2b: Starmie|Hyper Voice|p1b: Farigiraf|[spread] p1a,p1b\n|-crit|p1b: Farigiraf\n|-damage|p1a: Blastoise|0 fnt\n|-damage|p1b: Farigiraf|17/100\n|-enditem|p1b: Farigiraf|Sitrus Berry|[eat]\n|-heal|p1b: Farigiraf|42/100|[from] item: Sitrus Berry\n|faint|p1a: Blastoise\n|\n|-weather|RainDance|[upkeep]\n|upkeep\n|\n|t:|1776507923\n|switch|p1a: Kingambit|Kingambit, L50, F|100/100\n|turn|3\n|\n|t:|1776507947\n|switch|p2a: Starmie|Starmie, L50|100/100\n|move|p1a: Kingambit|Kowtow Cleave|p2b: Starmie\n|-supereffective|p2b: Starmie|1\n|-damage|p2b: Starmie|0 fnt\n|replace|p2b: Zoroark|Zoroark-Hisui, L50, F\n|-end|p2b: Zoroark|Illusion\n|faint|p2b: Zoroark\n|move|p1b: Farigiraf|Hyper Voice|p2a: Starmie\n|-damage|p2a: Starmie|45/100\n|\n|-weather|RainDance|[upkeep]\n|upkeep\n|\n|t:|1776507953\n|switch|p2b: Sneasler|Sneasler, L50, F|100/100\n|turn|4\n|\n|t:|1776507983\n|switch|p2a: Ninetales|Ninetales-Alola, L50, M|6/100\n|-weather|Snowscape|[from] ability: Snow Warning|[of] p2a: Ninetales\n|move|p1a: Kingambit|Iron Head|p2b: Sneasler\n|-damage|p2b: Sneasler|23/100\n|move|p1b: Farigiraf|Hyper Voice|p2a: Ninetales|[spread] p2a,p2b\n|-damage|p2a: Ninetales|0 fnt\n|-damage|p2b: Sneasler|0 fnt\n|faint|p2a: Ninetales\n|faint|p2b: Sneasler\n|\n|-weather|Snowscape|[upkeep]\n|upkeep\n|\n|t:|1776507989\n|switch|p2b: Starmie|Starmie, L50|45/100\n|turn|5\n|-message|AntonicoG forfeited.\n|\n|win|hide on whimscott\n|raw|hide on whimscott's rating: 1283 &rarr; <strong>1313</strong><br />(+30 for winning)\n|raw|AntonicoG's rating: 1348 &rarr; <strong>1324</strong><br />(-24 for losing)\n",
  "uploadtime": 1776507992,
  "views": 33,
  "formatid": "gen9championsvgc2026regma",
  "rating": 1313,
  "private": 0,
  "password": null
}