{
  "id": "gen9championsvgc2026regma-2582706955",
  "format": "[Gen 9 Champions] VGC 2026 Reg M-A",
  "players": [
    "Yoru No Kurage",
    "swirlingroses"
  ],
  "log": "|j|\u2606Yoru No Kurage\n|j|\u2606swirlingroses\n|html|<table width=\"100%\"><tr><td align=\"left\">Yoru No Kurage</td><td align=\"right\">swirlingroses</tr><tr><td align=\"left\"><i class=\"fa fa-circle-o\"></i> <i class=\"fa fa-circle-o\"></i> </td><td align=\"right\"><i class=\"fa fa-circle-o\"></i> <i class=\"fa fa-circle-o\"></i> </tr></table>\n|uhtml|bestof|<h2><strong>Game 1</strong> of <a href=\"/game-bestof3-gen9championsvgc2026regma-2582706953\">a best-of-3</a></h2>\n|t:|1776108608\n|gametype|doubles\n|player|p1|Yoru No Kurage|yancy|\n|player|p2|swirlingroses|lisia|\n|gen|9\n|tier|[Gen 9 Champions] VGC 2026 Reg M-A\n|rated|Tournament battle\n|rule|Species Clause: Limit one of each Pok\u00e9mon\n|rule|Item Clause: Limit 1 of each item\n|raw|<div class=\"infobox\"><details class=\"readmore\" open><summary><strong>2 custom rules:</strong></summary> Force Open Team Sheets, Best of = 3</details></div>\n|clearpoke\n|poke|p1|Kingambit, L50, F|\n|poke|p1|Sneasler, L50, F|\n|poke|p1|Charizard, L50, M|\n|poke|p1|Floette-Eternal, L50, F|\n|poke|p1|Garchomp, L50, M|\n|poke|p1|Aerodactyl, L50, M|\n|poke|p2|Floette-Eternal, L50, F|\n|poke|p2|Incineroar, L50, M|\n|poke|p2|Sneasler, L50, M|\n|poke|p2|Sinistcha-Masterpiece, L50|\n|poke|p2|Espeon, L50, M|\n|poke|p2|Garchomp, L50, M|\n|teampreview|4\n|showteam|p1|Kingambit||ChopleBerry|Defiant|KowtowCleave,SuckerPunch,IronHead,Protect|||F|||50|]Sneasler||WhiteHerb|Unburden|DireClaw,FakeOut,CloseCombat,Protect|||F|||50|]Charizard||CharizarditeY|Blaze|HeatWave,Protect,SolarBeam,WeatherBall|||M|||50|]Floette-Eternal||Floettite|FlowerVeil|Moonblast,DazzlingGleam,Substitute,Protect|||F|||50|]Garchomp||ChoiceScarf|RoughSkin|DragonClaw,Earthquake,RockSlide,StompingTantrum|||M|||50|]Aerodactyl||FocusSash|Unnerve|RockSlide,Tailwind,Taunt,Protect|||M|||50|\n|showteam|p2|Floette-Eternal||Floettite|FlowerVeil|CalmMind,Moonblast,DazzlingGleam,Protect|||F|||50|]Incineroar||Leftovers|Intimidate|FakeOut,FlareBlitz,Roar,PartingShot|||M|||50|]Sneasler||WhiteHerb|Unburden|FakeOut,CloseCombat,DireClaw,Protect|||M|||50|]Sinistcha-Masterpiece||SitrusBerry|Hospitality|RagePowder,TrickRoom,LifeDew,MatchaGotcha||||||50|]Espeon||ChoiceScarf|MagicBounce|Psychic,PowerGem,Trick,WeatherBall|||M|||50|]Garchomp||LumBerry|RoughSkin|StealthRock,DragonTail,Earthquake,Protect|||M|||50|\n|j| WhyMeDaddy\n|\n|t:|1776108640\n|teamsize|p1|4\n|teamsize|p2|4\n|start\n|switch|p1a: Bisbix|Sneasler, L50, F|100/100\n|switch|p1b: Aerodactyl|Aerodactyl, L50, M|100/100\n|switch|p2a: Espeon|Espeon, L50, M|100/100\n|switch|p2b: Garchomp|Garchomp, L50, M|100/100\n|-ability|p1b: Aerodactyl|Unnerve\n|turn|1\n|\n|t:|1776108661\n|switch|p2a: Sneasler|Sneasler, L50, M|100/100\n|move|p1a: Bisbix|Protect|p1a: Bisbix\n|-singleturn|p1a: Bisbix|Protect\n|move|p1b: Aerodactyl|Tailwind|p1b: Aerodactyl\n|-sidestart|p1: Yoru No Kurage|move: Tailwind\n|move|p2b: Garchomp|Stealth Rock|p1a: Bisbix\n|-sidestart|p1: Yoru No Kurage|move: Stealth Rock\n|\n|upkeep\n|turn|2\n|\n|t:|1776108680\n|switch|p1a: Floette|Floette-Eternal, L50, F|100/100\n|-damage|p1a: Floette|89/100|[from] Stealth Rock\n|move|p2a: Sneasler|Fake Out|p1a: Floette\n|-damage|p1a: Floette|65/100\n|move|p1b: Aerodactyl|Rock Slide|p2a: Sneasler|[spread] p2a\n|-miss|p1b: Aerodactyl|p2b: Garchomp\n|-resisted|p2a: Sneasler|1\n|-damage|p2a: Sneasler|80/100\n|move|p2b: Garchomp|Dragon Tail|p1b: Aerodactyl\n|-damage|p1b: Aerodactyl|53/100\n|drag|p1b: Tiburoncin|Garchomp, L50, M|100/100\n|-damage|p1b: Tiburoncin|95/100|[from] Stealth Rock\n|\n|upkeep\n|turn|3\n|\n|t:|1776108706\n|detailschange|p1a: Floette|Floette-Mega, L50, F\n|-mega|p1a: Floette|Floette|Floettite\n|-ability|p1a: Floette|Fairy Aura\n|move|p2a: Sneasler|Protect|p2a: Sneasler\n|-singleturn|p2a: Sneasler|Protect\n|move|p1b: Tiburoncin|Stomping Tantrum|p2a: Sneasler\n|-activate|p2a: Sneasler|move: Protect\n|move|p1a: Floette|Substitute|p1a: Floette\n|-start|p1a: Floette|Substitute\n|-damage|p1a: Floette|40/100\n|move|p2b: Garchomp|Earthquake|p1b: Tiburoncin|[spread] p1a,p1b\n|-activate|p2a: Sneasler|move: Protect\n|-end|p1a: Floette|Substitute\n|-damage|p1b: Tiburoncin|54/100\n|\n|upkeep\n|turn|4\n|j| TG511\n|j| Quazixmoto32\n|j| mysticmarshtomp\n|\n|t:|1776108745\n|move|p1b: Tiburoncin|Stomping Tantrum|p2a: Sneasler\n|-supereffective|p2a: Sneasler|1\n|-damage|p2a: Sneasler|0 fnt\n|faint|p2a: Sneasler\n|move|p1a: Floette|Dazzling Gleam|p2b: Garchomp\n|-supereffective|p2b: Garchomp|1\n|-damage|p2b: Garchomp|0 fnt\n|faint|p2b: Garchomp\n|\n|-sideend|p1: Yoru No Kurage|move: Tailwind\n|upkeep\n|\n|t:|1776108752\n|switch|p2a: Espeon|Espeon, L50, M|100/100\n|switch|p2b: Floette|Floette-Eternal, L50, F|100/100\n|turn|5\n|\n|t:|1776108773\n|detailschange|p2b: Floette|Floette-Mega, L50, F\n|-mega|p2b: Floette|Floette|Floettite\n|-ability|p2b: Floette|Fairy Aura\n|move|p1a: Floette|Protect|p1a: Floette\n|-singleturn|p1a: Floette|Protect\n|move|p2a: Espeon|Psychic|p1b: Tiburoncin\n|-damage|p1b: Tiburoncin|10/100\n|move|p1b: Tiburoncin|Stomping Tantrum|p2a: Espeon\n|-damage|p2a: Espeon|22/100\n|move|p2b: Floette|Moonblast|p1a: Floette\n|-activate|p1a: Floette|move: Protect\n|\n|upkeep\n|turn|6\n|\n|t:|1776108807\n|switch|p1a: Aerodactyl|Aerodactyl, L50, M|53/100\n|-ability|p1a: Aerodactyl|Unnerve\n|-damage|p1a: Aerodactyl|29/100|[from] Stealth Rock\n|move|p2a: Espeon|Psychic|p1b: Tiburoncin\n|-damage|p1b: Tiburoncin|0 fnt\n|faint|p1b: Tiburoncin\n|move|p2b: Floette|Moonblast|p1a: Aerodactyl\n|-damage|p1a: Aerodactyl|0 fnt\n|faint|p1a: Aerodactyl\n|\n|upkeep\n|\n|t:|1776108809\n|switch|p1a: Bisbix|Sneasler, L50, F|100/100\n|switch|p1b: Floette|Floette-Mega, L50, F|40/100\n|-damage|p1a: Bisbix|95/100|[from] Stealth Rock\n|-damage|p1b: Floette|28/100|[from] Stealth Rock\n|-ability|p1b: Floette|Fairy Aura\n|turn|7\n|\n|t:|1776108841\n|move|p1a: Bisbix|Fake Out|p2a: Espeon\n|-damage|p2a: Espeon|0 fnt\n|faint|p2a: Espeon\n|move|p1b: Floette|Dazzling Gleam|p2b: Floette\n|-damage|p2b: Floette|54/100\n|move|p2b: Floette|Moonblast|p1a: Bisbix\n|-damage|p1a: Bisbix|0 fnt\n|faint|p1a: Bisbix\n|\n|upkeep\n|turn|8\n|\n|t:|1776108851\n|move|p1b: Floette|Moonblast|p2b: Floette\n|-damage|p2b: Floette|3/100\n|move|p2b: Floette|Moonblast|p1b: Floette\n|-damage|p1b: Floette|0 fnt\n|faint|p1b: Floette\n|\n|win|swirlingroses\n",
  "uploadtime": 1776108855,
  "views": 9,
  "formatid": "gen9championsvgc2026regma",
  "rating": null,
  "private": 0,
  "password": null
}