{
  "id": "gen9championsvgc2026regma-2583875176",
  "format": "[Gen 9 Champions] VGC 2026 Reg M-A",
  "players": [
    "jwillc",
    "SimMikaze"
  ],
  "log": "|j|\u203djwillc\n|j|\u2606SimMikaze\n|t:|1776204575\n|gametype|doubles\n|player|p1|jwillc|169|1250\n|player|p2|SimMikaze|miku-ghost|1251\n|gen|9\n|tier|[Gen 9 Champions] VGC 2026 Reg M-A\n|rated|\n|rule|Species Clause: Limit one of each Pok\u00e9mon\n|rule|Item Clause: Limit 1 of each item\n|clearpoke\n|poke|p1|Floette-Eternal, L50, F|\n|poke|p1|Basculegion, L50, M|\n|poke|p1|Corviknight, L50, F|\n|poke|p1|Garchomp, L50, F|\n|poke|p1|Sneasler, L50, F|\n|poke|p1|Rotom-Wash, L50|\n|poke|p2|Gengar, L50, M|\n|poke|p2|Kommo-o, L50, F|\n|poke|p2|Maushold, L50|\n|poke|p2|Sinistcha, L50|\n|poke|p2|Whimsicott, L50, M|\n|poke|p2|Incineroar, L50, M|\n|teampreview|4\n|inactive|Battle timer is ON: inactive players will automatically lose when time's up. (requested by jwillc)\n|\n|t:|1776204615\n|teamsize|p1|4\n|teamsize|p2|4\n|start\n|switch|p1a: Sneasler|Sneasler, L50, F|100/100\n|switch|p1b: Corviknight|Corviknight, L50, F|100/100\n|switch|p2a: Gengar|Gengar, L50, M, shiny|100/100\n|switch|p2b: Maushold|Maushold, L50|100/100\n|turn|1\n|inactive|jwillc has 30 seconds left.\n|inactive|jwillc has 20 seconds left.\n|inactive|jwillc has 15 seconds left.\n|\n|t:|1776204656\n|detailschange|p2a: Gengar|Gengar-Mega, L50, M, shiny\n|-mega|p2a: Gengar|Gengar|Gengarite\n|move|p2b: Maushold|Follow Me|p2b: Maushold\n|-singleturn|p2b: Maushold|move: Follow Me\n|move|p2a: Gengar|Perish Song|p2a: Gengar\n|-start|p1a: Sneasler|perish3|[silent]\n|-start|p1b: Corviknight|perish3|[silent]\n|-start|p2a: Gengar|perish3|[silent]\n|-start|p2b: Maushold|perish3|[silent]\n|-fieldactivate|move: Perish Song\n|move|p1a: Sneasler|Close Combat|p2b: Maushold\n|-supereffective|p2b: Maushold|1\n|-enditem|p2b: Maushold|Focus Sash\n|-damage|p2b: Maushold|1/100\n|-unboost|p1a: Sneasler|def|1\n|-unboost|p1a: Sneasler|spd|1\n|-enditem|p1a: Sneasler|White Herb\n|-clearnegativeboost|p1a: Sneasler|[silent]\n|move|p1b: Corviknight|Tailwind|p1b: Corviknight\n|-sidestart|p1: jwillc|move: Tailwind\n|\n|-start|p1a: Sneasler|perish3\n|-start|p2a: Gengar|perish3\n|-start|p2b: Maushold|perish3\n|-start|p1b: Corviknight|perish3\n|upkeep\n|turn|2\n|inactive|SimMikaze has 30 seconds left.\n|\n|t:|1776204690\n|move|p2a: Gengar|Protect|p2a: Gengar\n|-singleturn|p2a: Gengar|Protect\n|move|p2b: Maushold|Protect|p2b: Maushold\n|-singleturn|p2b: Maushold|Protect\n|move|p1a: Sneasler|Dire Claw|p2b: Maushold\n|-activate|p2b: Maushold|move: Protect\n|move|p1b: Corviknight|Brave Bird|p2a: Gengar\n|-activate|p2a: Gengar|move: Protect\n|\n|-start|p1a: Sneasler|perish2\n|-start|p2a: Gengar|perish2\n|-start|p2b: Maushold|perish2\n|-start|p1b: Corviknight|perish2\n|upkeep\n|turn|3\n|inactive|SimMikaze has 30 seconds left.\n|\n|t:|1776204717\n|move|p2b: Maushold|Follow Me|p2b: Maushold\n|-singleturn|p2b: Maushold|move: Follow Me\n|move|p1a: Sneasler|Dire Claw|p2b: Maushold\n|-damage|p2b: Maushold|0 fnt\n|faint|p2b: Maushold\n|move|p2a: Gengar|Disable|p1b: Corviknight\n|-start|p1b: Corviknight|Disable|Brave Bird\n|cant|p1b: Corviknight|Disable|Brave Bird\n|\n|-start|p1a: Sneasler|perish1\n|-start|p2a: Gengar|perish1\n|-start|p1b: Corviknight|perish1\n|upkeep\n|\n|t:|1776204740\n|switch|p2b: Whimsicott|Whimsicott, L50, M|100/100\n|turn|4\n|inactive|SimMikaze has 30 seconds left.\n|\n|t:|1776204766\n|switch|p2a: Sinistcha|Sinistcha, L50, shiny|100/100\n|move|p2b: Whimsicott|Protect|p2b: Whimsicott\n|-singleturn|p2b: Whimsicott|Protect\n|move|p1a: Sneasler|Dire Claw|p2b: Whimsicott\n|-activate|p2b: Whimsicott|move: Protect\n|move|p1b: Corviknight|Body Press|p2b: Whimsicott\n|-activate|p2b: Whimsicott|move: Protect\n|\n|-start|p1a: Sneasler|perish0\n|-start|p1b: Corviknight|perish0\n|-sideend|p1: jwillc|move: Tailwind\n|faint|p1a: Sneasler\n|faint|p1b: Corviknight\n|upkeep\n|\n|t:|1776204772\n|switch|p1a: Basculegion|Basculegion, L50, M|100/100\n|switch|p1b: Floette|Floette-Eternal, L50, F|100/100\n|turn|5\n|inactive|SimMikaze has 30 seconds left.\n|inactive|SimMikaze has 20 seconds left.\n|inactive|SimMikaze has 15 seconds left.\n|inactive|SimMikaze has 10 seconds left.\n|\n|t:|1776204819\n|detailschange|p1b: Floette|Floette-Mega, L50, F\n|-mega|p1b: Floette|Floette|Floettite\n|-ability|p1b: Floette|Fairy Aura\n|move|p2b: Whimsicott|Tailwind|p2b: Whimsicott\n|-sidestart|p2: SimMikaze|move: Tailwind\n|move|p1a: Basculegion|Last Respects|p2a: Sinistcha\n|-supereffective|p2a: Sinistcha|1\n|-damage|p2a: Sinistcha|0 fnt\n|faint|p2a: Sinistcha\n|move|p1b: Floette|Calm Mind|p1b: Floette\n|-boost|p1b: Floette|spa|1\n|-boost|p1b: Floette|spd|1\n|\n|upkeep\n|\n|t:|1776204824\n|switch|p2a: Gengar|Gengar-Mega, L50, M, shiny|100/100\n|turn|6\n|inactive|SimMikaze has 30 seconds left.\n|\n|t:|1776204855\n|move|p1b: Floette|Protect|p1b: Floette\n|-singleturn|p1b: Floette|Protect\n|move|p2b: Whimsicott|Fake Tears|p1a: Basculegion\n|-unboost|p1a: Basculegion|spd|2\n|move|p2a: Gengar|Shadow Ball|p1a: Basculegion\n|-supereffective|p1a: Basculegion|1\n|-damage|p1a: Basculegion|0 fnt\n|faint|p1a: Basculegion\n|\n|upkeep\n|turn|7\n|inactive|jwillc has 30 seconds left.\n|inactive|SimMikaze has 30 seconds left.\n|\n|t:|1776204891\n|move|p2b: Whimsicott|Encore|p1b: Floette\n|-start|p1b: Floette|Encore\n|move|p1b: Floette|Protect||[still]\n|-fail|p1b: Floette\n|move|p2a: Gengar|Shadow Ball|p1b: Floette\n|-damage|p1b: Floette|76/100\n|\n|upkeep\n|turn|8\n|-message|jwillc forfeited.\n|\n|win|SimMikaze\n|raw|jwillc's rating: 1250 &rarr; <strong>1225</strong><br />(-25 for losing)\n|raw|SimMikaze's rating: 1251 &rarr; <strong>1276</strong><br />(+25 for winning)\n|l|\u203djwillc\n|player|p1|\n",
  "uploadtime": 1776204895,
  "views": 21,
  "formatid": "gen9championsvgc2026regma",
  "rating": 1225,
  "private": 0,
  "password": null
}