{
  "id": "gen9championsvgc2026regma-2587875815",
  "format": "[Gen 9 Champions] VGC 2026 Reg M-A",
  "players": [
    "Squittzle",
    "fayzginger"
  ],
  "log": "|j|\u2606Squittzle\n|j|\u2606fayzginger\n|t:|1776573422\n|gametype|doubles\n|player|p1|Squittzle|102|1435\n|player|p2|fayzginger|az|1458\n|gen|9\n|tier|[Gen 9 Champions] VGC 2026 Reg M-A\n|rated|\n|rule|Species Clause: Limit one of each Pok\u00e9mon\n|rule|Item Clause: Limit 1 of each item\n|clearpoke\n|poke|p1|Zoroark-Hisui, L50, M|\n|poke|p1|Floette-Eternal, L50, F|\n|poke|p1|Kingambit, L50, M|\n|poke|p1|Talonflame, L50, F|\n|poke|p1|Kommo-o, L50, F|\n|poke|p1|Starmie, L50|\n|poke|p2|Froslass, L50, F|\n|poke|p2|Kingambit, L50, M|\n|poke|p2|Clefable, L50, M|\n|poke|p2|Aegislash, L50, F|\n|poke|p2|Tauros-Paldea-Aqua, L50, M|\n|poke|p2|Aerodactyl, L50, F|\n|teampreview|4\n|inactive|Battle timer is ON: inactive players will automatically lose when time's up. (requested by Squittzle)\n|j| thanksatinkaton\n|l| thanksatinkaton\n|inactive|Squittzle has 60 seconds left.\n|inactive|fayzginger has 60 seconds left.\n|\n|t:|1776573460\n|teamsize|p1|4\n|teamsize|p2|4\n|start\n|switch|p1a: Floette|Floette-Eternal, L50, F|100/100\n|switch|p1b: Kommo-o|Kommo-o, L50, F|100/100\n|switch|p2a: Clefable|Clefable, L50, M|100/100\n|switch|p2b: Aerodactyl|Aerodactyl, L50, F|100/100\n|-ability|p2b: Aerodactyl|Unnerve\n|turn|1\n|\n|t:|1776573477\n|move|p1b: Kommo-o|Boomburst|p2b: Aerodactyl|[spread] p2a,p2b\n|-immune|p1a: Floette\n|-resisted|p2b: Aerodactyl|1\n|-damage|p2a: Clefable|71/100\n|-damage|p2b: Aerodactyl|77/100\n|move|p2b: Aerodactyl|Tailwind|p2b: Aerodactyl\n|-sidestart|p2: fayzginger|move: Tailwind\n|move|p1a: Floette|Icy Wind|p2a: Clefable|[spread] p2a,p2b\n|-supereffective|p2b: Aerodactyl|1\n|-damage|p2a: Clefable|60/100\n|-damage|p2b: Aerodactyl|36/100\n|-unboost|p2a: Clefable|spe|1\n|-unboost|p2b: Aerodactyl|spe|1\n|move|p2a: Clefable|Moonblast|p1b: Kommo-o\n|-supereffective|p1b: Kommo-o|2\n|-damage|p1b: Kommo-o|0 fnt\n|faint|p1b: Kommo-o\n|\n|upkeep\n|\n|t:|1776573492\n|switch|p1b: Floette|Floette-Eternal, L50, F|100/100\n|turn|2\n|\n|t:|1776573505\n|detailschange|p1b: Floette|Floette-Mega, L50, F\n|-mega|p1b: Floette|Floette|Floettite\n|-ability|p1b: Floette|Fairy Aura\n|move|p2b: Aerodactyl|Wide Guard|p2b: Aerodactyl\n|-singleturn|p2b: Aerodactyl|Wide Guard\n|move|p1a: Floette|Shadow Ball|p2b: Aerodactyl\n|-damage|p2b: Aerodactyl|0 fnt\n|faint|p2b: Aerodactyl\n|move|p1b: Floette|Calm Mind|p1b: Floette\n|-boost|p1b: Floette|spa|1\n|-boost|p1b: Floette|spd|1\n|move|p2a: Clefable|Thunder Wave|p1b: Floette\n|-status|p1b: Floette|par\n|\n|upkeep\n|\n|t:|1776573514\n|switch|p2b: Froslass|Froslass, L50, F|100/100\n|turn|3\n|\n|t:|1776573532\n|switch|p2a: Kingambit|Kingambit, L50, M|100/100\n|detailschange|p2b: Froslass|Froslass-Mega, L50, F\n|-mega|p2b: Froslass|Froslass|Froslassite\n|-weather|Snowscape|[from] ability: Snow Warning|[of] p2b: Froslass\n|move|p2b: Froslass|Blizzard|p1a: Floette|[spread] p1a,p1b\n|-damage|p1a: Floette|14/100\n|-damage|p1b: Floette|77/100 par\n|replace|p1a: Zoroark|Zoroark-Hisui, L50, M\n|-end|p1a: Zoroark|Illusion\n|move|p1a: Zoroark|Shadow Ball|p2b: Froslass\n|-supereffective|p2b: Froslass|1\n|-damage|p2b: Froslass|0 fnt\n|faint|p2b: Froslass\n|move|p1b: Floette|Dazzling Gleam|p2a: Kingambit\n|-damage|p2a: Kingambit|15/100\n|\n|-weather|Snowscape|[upkeep]\n|upkeep\n|\n|t:|1776573539\n|switch|p2b: Clefable|Clefable, L50, M|60/100\n|turn|4\n|\n|t:|1776573563\n|switch|p1a: Kingambit|Kingambit, L50, M|100/100\n|move|p2a: Kingambit|Sucker Punch||[still]\n|-fail|p2a: Kingambit\n|move|p2b: Clefable|Moonblast|p1b: Floette\n|-damage|p1b: Floette|44/100 par\n|move|p1b: Floette|Dazzling Gleam|p2b: Clefable|[spread] p2a,p2b\n|-damage|p2a: Kingambit|0 fnt\n|-damage|p2b: Clefable|22/100\n|-enditem|p2b: Clefable|Sitrus Berry|[eat]\n|-heal|p2b: Clefable|47/100|[from] item: Sitrus Berry\n|faint|p2a: Kingambit\n|\n|-weather|Snowscape|[upkeep]\n|-sideend|p2: fayzginger|move: Tailwind\n|upkeep\n|turn|5\n|-message|fayzginger forfeited.\n|\n|win|Squittzle\n|raw|Squittzle's rating: 1435 &rarr; <strong>1456</strong><br />(+21 for winning)\n|raw|fayzginger's rating: 1458 &rarr; <strong>1437</strong><br />(-21 for losing)\n|l|\u2606Squittzle\n|player|p1|\n",
  "uploadtime": 1776573668,
  "views": 14,
  "formatid": "gen9championsvgc2026regma",
  "rating": 1437,
  "private": 0,
  "password": null
}