{
  "id": "gen9championsvgc2026regma-2587219021",
  "format": "[Gen 9 Champions] VGC 2026 Reg M-A",
  "players": [
    "rorain fearow",
    "angeldumunzet"
  ],
  "log": "|j|\u2606rorain fearow\n|j|\u2606angeldumunzet\n|html|<table width=\"100%\"><tr><td align=\"left\">rorain fearow</td><td align=\"right\">angeldumunzet</tr><tr><td align=\"left\"><i class=\"fa fa-circle-o\"></i> <i class=\"fa fa-circle-o\"></i> </td><td align=\"right\"><i class=\"fa fa-circle-o\"></i> <i class=\"fa fa-circle\"></i> </tr></table>\n|uhtml|bestof|<h2><strong>Game 2</strong> of <a href=\"/game-bestof3-gen9championsvgc2026regma-2587216244\">a best-of-3</a></h2>\n|t:|1776510539\n|gametype|doubles\n|player|p1|rorain fearow|birdkeeper|\n|player|p2|angeldumunzet|doctor-gen8|\n|gen|9\n|tier|[Gen 9 Champions] VGC 2026 Reg M-A\n|rated|Tournament battle\n|rule|Species Clause: Limit one of each Pok\u00e9mon\n|rule|Item Clause: Limit 1 of each item\n|raw|<div class=\"infobox\"><details class=\"readmore\" open><summary><strong>2 custom rules:</strong></summary> Force Open Team Sheets, Best of = 3</details></div>\n|clearpoke\n|poke|p1|Skarmory, L50, F|\n|poke|p1|Kommo-o, L50, F|\n|poke|p1|Sinistcha, L50|\n|poke|p1|Tyranitar, L50, F|\n|poke|p1|Excadrill, L50, F|\n|poke|p1|Incineroar, L50, M|\n|poke|p2|Gengar, L50, M, shiny|\n|poke|p2|Sneasler, L50, M, shiny|\n|poke|p2|Kingambit, L50, M, shiny|\n|poke|p2|Sinistcha, L50, shiny|\n|poke|p2|Basculegion, L50, M, shiny|\n|poke|p2|Politoed, L50, M, shiny|\n|teampreview|4\n|showteam|p1|Skarmory||Skarmorite|WeakArmor|IronHead,DualWingbeat,Tailwind,Protect|||F|||50|]Kommo-o||HabanBerry|Overcoat|ClangingScales,AuraSphere,ClangorousSoul,Protect|||F|||50|]Sinistcha||OccaBerry|Hospitality|MatchaGotcha,StrengthSap,RagePowder,TrickRoom||||||50|]Tyranitar||ChoiceScarf|SandStream|RockSlide,StoneEdge,KnockOff,LowKick|||F|||50|]Excadrill||FocusSash|SandRush|Earthquake,StompingTantrum,IronHead,Protect|||F|||50|]Incineroar||PasshoBerry|Intimidate|FlareBlitz,DarkestLariat,FakeOut,PartingShot|||M|||50|\n|showteam|p2|Gengar||Gengarite|CursedBody|Protect,IcyWind,SludgeBomb,ShadowBall|||M|||50|]Sneasler||WhiteHerb|Unburden|Protect,FakeOut,CloseCombat,DireClaw|||M|||50|]Kingambit||BlackGlasses|Defiant|SuckerPunch,KowtowCleave,Protect,LowKick|||M|||50|]Sinistcha||Leftovers|Hospitality|MatchaGotcha,RagePowder,LifeDew,Protect||||||50|]Basculegion||ChoiceScarf|SwiftSwim|WaveCrash,LastRespects,FlipTurn,AquaJet|||M|||50|]Politoed||SitrusBerry|Drizzle|MuddyWater,IcyWind,PerishSong,Protect|||M|||50|\n|j| knoxxzeta\n|inactive|Battle timer is ON: inactive players will automatically lose when time's up. (requested by angeldumunzet)\n|j| Guzmada\n|\n|t:|1776510575\n|teamsize|p1|4\n|teamsize|p2|4\n|start\n|switch|p1a: Tyranitar|Tyranitar, L50, F|100/100\n|switch|p1b: Skarmory|Skarmory, L50, F|100/100\n|switch|p2a: Sneasler|Sneasler, L50, M, shiny|100/100\n|switch|p2b: poliw|Politoed, L50, M, shiny|100/100\n|-weather|Sandstorm|[from] ability: Sand Stream|[of] p1a: Tyranitar\n|-weather|RainDance|[from] ability: Drizzle|[of] p2b: poliw\n|turn|1\n|inactive|rorain fearow has 30 seconds left.\n|inactive|angeldumunzet has 30 seconds left.\n|j| porygon-epilepz\n|j| Copper05\n|inactive|angeldumunzet has 20 seconds left.\n|inactive|angeldumunzet has 15 seconds left.\n|inactive|angeldumunzet has 10 seconds left.\n|inactive|angeldumunzet has 5 seconds left.\n|\n|t:|1776510626\n|switch|p1a: Sinistcha|Sinistcha, L50|100/100\n|move|p1b: Skarmory|Protect|p1b: Skarmory\n|-singleturn|p1b: Skarmory|Protect\n|move|p2a: Sneasler|Close Combat|p1a: Sinistcha\n|-immune|p1a: Sinistcha\n|move|p2b: poliw|Muddy Water|p1a: Sinistcha|[spread] p1a\n|-activate|p1b: Skarmory|move: Protect\n|-resisted|p1a: Sinistcha|1\n|-damage|p1a: Sinistcha|87/100\n|-unboost|p1a: Sinistcha|accuracy|1\n|\n|-weather|RainDance|[upkeep]\n|upkeep\n|turn|2\n|l| porygon-epilepz\n|inactive|angeldumunzet has 30 seconds left.\n|inactive|rorain fearow has 30 seconds left.\n|inactive|angeldumunzet has 20 seconds left.\n|inactive|angeldumunzet has 15 seconds left.\n|inactive|angeldumunzet has 10 seconds left.\n|\n|t:|1776510674\n|detailschange|p1b: Skarmory|Skarmory-Mega, L50, F\n|-mega|p1b: Skarmory|Skarmory|Skarmorite\n|move|p2a: Sneasler|Dire Claw|p1a: Sinistcha\n|-damage|p1a: Sinistcha|51/100\n|-status|p1a: Sinistcha|slp\n|move|p1b: Skarmory|Dual Wingbeat|p2a: Sneasler\n|-supereffective|p2a: Sneasler|1\n|-damage|p2a: Sneasler|33/100\n|-supereffective|p2a: Sneasler|1\n|-damage|p2a: Sneasler|0 fnt\n|faint|p2a: Sneasler\n|-hitcount|p2: Sneasler|2\n|cant|p1a: Sinistcha|slp\n|move|p2b: poliw|Icy Wind|p1b: Skarmory|[spread] p1a,p1b\n|-supereffective|p1a: Sinistcha|1\n|-damage|p1a: Sinistcha|36/100 slp\n|-damage|p1b: Skarmory|90/100\n|-unboost|p1a: Sinistcha|spe|1\n|-unboost|p1b: Skarmory|spe|1\n|\n|-weather|RainDance|[upkeep]\n|upkeep\n|inactive|angeldumunzet has 30 seconds left.\n|\n|t:|1776510707\n|switch|p2a: Basculegion|Basculegion, L50, M, shiny|100/100\n|turn|3\n|j| silentstorm_366\n|\n|t:|1776510728\n|switch|p1a: Tyranitar|Tyranitar, L50, F|100/100\n|-weather|Sandstorm|[from] ability: Sand Stream|[of] p1a: Tyranitar\n|move|p2a: Basculegion|Last Respects|p1b: Skarmory\n|-damage|p1b: Skarmory|35/100\n|move|p1b: Skarmory|Dual Wingbeat|p2b: poliw\n|-damage|p2b: poliw|81/100\n|-damage|p2b: poliw|62/100\n|-hitcount|p2b: poliw|2\n|move|p2b: poliw|Muddy Water|p1b: Skarmory|[spread] p1b\n|-miss|p2b: poliw|p1a: Tyranitar\n|-damage|p1b: Skarmory|12/100\n|-unboost|p1b: Skarmory|accuracy|1\n|\n|-weather|Sandstorm|[upkeep]\n|-damage|p2a: Basculegion|94/100|[from] Sandstorm\n|-damage|p2b: poliw|56/100|[from] Sandstorm\n|upkeep\n|turn|4\n|inactive|angeldumunzet has 30 seconds left.\n|inactive|rorain fearow has 30 seconds left.\n|\n|t:|1776510765\n|switch|p2a: Sinistcha|Sinistcha, L50, shiny|100/100\n|-heal|p2b: poliw|81/100|[from] ability: Hospitality|[of] p2a: Sinistcha\n|move|p1a: Tyranitar|Knock Off|p2b: poliw\n|-damage|p2b: poliw|38/100\n|-enditem|p2b: poliw|Sitrus Berry|[from] move: Knock Off|[of] p1a: Tyranitar\n|move|p1b: Skarmory|Tailwind|p1b: Skarmory\n|-sidestart|p1: rorain fearow|move: Tailwind\n|move|p2b: poliw|Muddy Water|p1a: Tyranitar|[spread] p1a,p1b\n|-supereffective|p1a: Tyranitar|1\n|-damage|p1a: Tyranitar|76/100\n|-damage|p1b: Skarmory|0 fnt\n|-unboost|p1a: Tyranitar|accuracy|1\n|faint|p1b: Skarmory\n|\n|-weather|Sandstorm|[upkeep]\n|-damage|p2a: Sinistcha|94/100|[from] Sandstorm\n|-damage|p2b: poliw|32/100|[from] Sandstorm\n|-heal|p2a: Sinistcha|100/100|[from] item: Leftovers\n|upkeep\n|\n|t:|1776510775\n|switch|p1b: Excadrill|Excadrill, L50, F|100/100\n|turn|5\n|inactive|angeldumunzet has 30 seconds left.\n|inactive|angeldumunzet has 20 seconds left.\n|inactive|angeldumunzet has 15 seconds left.\n|inactive|angeldumunzet has 10 seconds left.\n|inactive|angeldumunzet has 5 seconds left.\n|\n|t:|1776510825\n|switch|p1a: Sinistcha|Sinistcha, L50|36/100 slp\n|move|p2a: Sinistcha|Protect|p2a: Sinistcha\n|-singleturn|p2a: Sinistcha|Protect\n|move|p1b: Excadrill|Earthquake|p2b: poliw|[spread] p1a,p2b\n|-activate|p2a: Sinistcha|move: Protect\n|-resisted|p1a: Sinistcha|1\n|-damage|p1a: Sinistcha|18/100 slp\n|-damage|p2b: poliw|0 fnt\n|faint|p2b: poliw\n|\n|-weather|Sandstorm|[upkeep]\n|-damage|p1a: Sinistcha|12/100 slp|[from] Sandstorm\n|-damage|p2a: Sinistcha|94/100|[from] Sandstorm\n|-heal|p2a: Sinistcha|100/100|[from] item: Leftovers\n|upkeep\n|\n|t:|1776510839\n|switch|p2b: Basculegion|Basculegion, L50, M, shiny|94/100\n|turn|6\n|j| diamsword\n|\n|t:|1776510854\n|switch|p1a: Tyranitar|Tyranitar, L50, F|76/100\n|move|p1b: Excadrill|Protect|p1b: Excadrill\n|-singleturn|p1b: Excadrill|Protect\n|move|p2b: Basculegion|Wave Crash|p1b: Excadrill\n|-activate|p1b: Excadrill|move: Protect\n|move|p2a: Sinistcha|Matcha Gotcha|p1b: Excadrill|[spread] p1a\n|-activate|p1b: Excadrill|move: Protect\n|-supereffective|p1a: Tyranitar|1\n|-damage|p1a: Tyranitar|45/100\n|-status|p1a: Tyranitar|brn\n|\n|-weather|Sandstorm|[upkeep]\n|-damage|p2b: Basculegion|88/100|[from] Sandstorm\n|-damage|p2a: Sinistcha|94/100|[from] Sandstorm\n|-heal|p2a: Sinistcha|100/100|[from] item: Leftovers\n|-damage|p1a: Tyranitar|39/100 brn|[from] brn\n|upkeep\n|turn|7\n|l| diamsword\n|inactive|rorain fearow has 30 seconds left.\n|\n|t:|1776510885\n|move|p1b: Excadrill|Iron Head|p2a: Sinistcha\n|-damage|p2a: Sinistcha|65/100\n|move|p1a: Tyranitar|Knock Off|p2b: Basculegion\n|-supereffective|p2b: Basculegion|1\n|-damage|p2b: Basculegion|29/100\n|-enditem|p2b: Basculegion|Choice Scarf|[from] move: Knock Off|[of] p1a: Tyranitar\n|move|p2b: Basculegion|Wave Crash|p1a: Tyranitar\n|-supereffective|p1a: Tyranitar|1\n|-damage|p1a: Tyranitar|0 fnt\n|faint|p1a: Tyranitar\n|-damage|p2b: Basculegion|17/100|[from] Recoil\n|move|p2a: Sinistcha|Life Dew|p2a: Sinistcha|[spread] p2a,p2b\n|-heal|p2a: Sinistcha|90/100\n|-heal|p2b: Basculegion|42/100\n|\n|-weather|none\n|-heal|p2a: Sinistcha|97/100|[from] item: Leftovers\n|-sideend|p1: rorain fearow|move: Tailwind\n|upkeep\n|\n|t:|1776510895\n|switch|p1a: Sinistcha|Sinistcha, L50|12/100 slp\n|turn|8\n|inactive|angeldumunzet has 30 seconds left.\n|l| knoxxzeta\n|inactive|angeldumunzet has 20 seconds left.\n|\n|t:|1776510932\n|move|p1b: Excadrill|Stomping Tantrum|p2b: Basculegion\n|-damage|p2b: Basculegion|0 fnt\n|faint|p2b: Basculegion\n|move|p2a: Sinistcha|Matcha Gotcha|p1a: Sinistcha|[spread] p1a,p1b\n|-resisted|p1a: Sinistcha|1\n|-damage|p1a: Sinistcha|1/100 slp\n|-heal|p2a: Sinistcha|100/100|[from] drain|[of] p1a: Sinistcha\n|-damage|p1b: Excadrill|67/100\n|cant|p1a: Sinistcha|slp\n|\n|upkeep\n|turn|9\n|\n|t:|1776510947\n|move|p1b: Excadrill|Iron Head|p2a: Sinistcha\n|-damage|p2a: Sinistcha|65/100\n|move|p2a: Sinistcha|Matcha Gotcha|p1b: Excadrill|[spread] p1a,p1b\n|-resisted|p1a: Sinistcha|1\n|-damage|p1a: Sinistcha|0 fnt\n|-heal|p2a: Sinistcha|65/100|[from] drain|[of] p1a: Sinistcha\n|-damage|p1b: Excadrill|33/100\n|-heal|p2a: Sinistcha|83/100|[from] drain|[of] p1b: Excadrill\n|faint|p1a: Sinistcha\n|\n|-heal|p2a: Sinistcha|89/100|[from] item: Leftovers\n|upkeep\n|turn|10\n|\n|t:|1776510963\n|move|p2a: Sinistcha|Protect|p2a: Sinistcha\n|-singleturn|p2a: Sinistcha|Protect\n|move|p1b: Excadrill|Iron Head|p2a: Sinistcha\n|-activate|p2a: Sinistcha|move: Protect\n|\n|-heal|p2a: Sinistcha|95/100|[from] item: Leftovers\n|upkeep\n|turn|11\n|\n|t:|1776510972\n|move|p1b: Excadrill|Protect|p1b: Excadrill\n|-singleturn|p1b: Excadrill|Protect\n|move|p2a: Sinistcha|Matcha Gotcha|p1b: Excadrill\n|-activate|p1b: Excadrill|move: Protect\n|\n|-heal|p2a: Sinistcha|100/100|[from] item: Leftovers\n|upkeep\n|turn|12\n|\n|t:|1776510991\n|move|p1b: Excadrill|Iron Head|p2a: Sinistcha\n|-damage|p2a: Sinistcha|68/100\n|move|p2a: Sinistcha|Matcha Gotcha|p1b: Excadrill\n|-damage|p1b: Excadrill|0 fnt\n|-heal|p2a: Sinistcha|85/100|[from] drain|[of] p1b: Excadrill\n|faint|p1b: Excadrill\n|\n|win|angeldumunzet\n",
  "uploadtime": 1776510604,
  "views": 18,
  "formatid": "gen9championsvgc2026regma",
  "rating": null,
  "private": 0,
  "password": null
}