{
  "id": "gen9championsvgc2026regma-2587857088",
  "format": "[Gen 9 Champions] VGC 2026 Reg M-A",
  "players": [
    "koxicity",
    "Aayush0902"
  ],
  "log": "|j|\u2606koxicity\n|j|\u2606Aayush0902\n|t:|1776571252\n|gametype|doubles\n|player|p1|koxicity|266|1097\n|player|p2|Aayush0902|2|1128\n|gen|9\n|tier|[Gen 9 Champions] VGC 2026 Reg M-A\n|rated|\n|rule|Species Clause: Limit one of each Pok\u00e9mon\n|rule|Item Clause: Limit 1 of each item\n|clearpoke\n|poke|p1|Kangaskhan, L50, F|\n|poke|p1|Sneasler, L50, F|\n|poke|p1|Oranguru, L50, F|\n|poke|p1|Ninetales-Alola, L50, M|\n|poke|p1|Maushold, L50|\n|poke|p1|Aggron, L50, F|\n|poke|p2|Heracross, L50, F|\n|poke|p2|Alakazam, L50, M|\n|poke|p2|Zoroark, L50, F|\n|poke|p2|Gliscor, L50, F|\n|poke|p2|Manectric, L50, M|\n|poke|p2|Mamoswine, L50, M|\n|teampreview|4\n|c|\u2606koxicity|GLHF\n|c|\u2606Aayush0902|u2\n|\n|t:|1776571312\n|teamsize|p1|4\n|teamsize|p2|4\n|start\n|switch|p1a: Oranguru|Oranguru, L50, F|100/100\n|switch|p1b: Maushold|Maushold, L50|100/100\n|switch|p2a: Alakazam|Alakazam, L50, M|100/100\n|switch|p2b: Mamoswine|Mamoswine, L50, M|100/100\n|turn|1\n|\n|t:|1776571352\n|move|p1b: Maushold|Population Bomb|p2a: Alakazam\n|-damage|p2a: Alakazam|81/100\n|-damage|p2a: Alakazam|62/100\n|-damage|p2a: Alakazam|44/100\n|-crit|p2a: Alakazam\n|-damage|p2a: Alakazam|14/100\n|-damage|p2a: Alakazam|0 fnt\n|faint|p2a: Alakazam\n|-hitcount|p2: Alakazam|5\n|move|p2b: Mamoswine|Dark Pulse|p1a: Oranguru\n|-supereffective|p1a: Oranguru|1\n|-damage|p1a: Oranguru|66/100\n|move|p1a: Oranguru|Trick Room|p1a: Oranguru\n|-fieldstart|move: Trick Room|[of] p1a: Oranguru\n|\n|upkeep\n|\n|t:|1776571367\n|switch|p2a: Heracross|Heracross, L50, F|100/100\n|turn|2\n|\n|t:|1776571390\n|detailschange|p2a: Heracross|Heracross-Mega, L50, F\n|-mega|p2a: Heracross|Heracross|Heracronite\n|move|p2b: Mamoswine|Detect|p2b: Mamoswine\n|-singleturn|p2b: Mamoswine|Protect\n|move|p1a: Oranguru|Instruct|p1b: Maushold\n|-singleturn|p1b: Maushold|move: Instruct|[of] p1a: Oranguru\n|move|p1b: Maushold|Population Bomb|p2a: Heracross\n|-damage|p2a: Heracross|94/100\n|-damage|p2a: Heracross|87/100\n|-damage|p2a: Heracross|80/100\n|-hitcount|p2a: Heracross|3\n|move|p2a: Heracross|Megahorn|p1a: Oranguru|[miss]\n|-miss|p2a: Heracross|p1a: Oranguru\n|move|p1b: Maushold|Population Bomb|p2b: Mamoswine\n|-activate|p2b: Mamoswine|move: Protect\n|\n|upkeep\n|turn|3\n|\n|t:|1776571424\n|move|p1a: Oranguru|Instruct|p1b: Maushold\n|-singleturn|p1b: Maushold|move: Instruct|[of] p1a: Oranguru\n|move|p1b: Maushold|Population Bomb|p2b: Mamoswine\n|-damage|p2b: Mamoswine|88/100\n|replace|p2b: Zoroark|Zoroark, L50, F\n|-end|p2b: Zoroark|Illusion\n|-damage|p2b: Zoroark|77/100\n|-damage|p2b: Zoroark|64/100\n|-damage|p2b: Zoroark|53/100\n|-damage|p2b: Zoroark|41/100\n|-damage|p2b: Zoroark|29/100\n|-damage|p2b: Zoroark|17/100\n|-damage|p2b: Zoroark|6/100\n|-damage|p2b: Zoroark|0 fnt\n|faint|p2b: Zoroark\n|-hitcount|p2: Zoroark|9\n|move|p2a: Heracross|Megahorn|p1a: Oranguru\n|-supereffective|p1a: Oranguru|1\n|-damage|p1a: Oranguru|0 fnt\n|faint|p1a: Oranguru\n|move|p1b: Maushold|Population Bomb|p2a: Heracross\n|-damage|p2a: Heracross|73/100\n|-damage|p2a: Heracross|66/100\n|-hitcount|p2a: Heracross|2\n|\n|upkeep\n|\n|t:|1776571451\n|switch|p1a: Aggron|Aggron, L50, F|100/100\n|switch|p2b: Mamoswine|Mamoswine, L50, M|100/100\n|turn|4\n|\n|t:|1776571479\n|detailschange|p1a: Aggron|Aggron-Mega, L50, F\n|-mega|p1a: Aggron|Aggron|Aggronite\n|move|p1a: Aggron|Iron Defense|p1a: Aggron\n|-boost|p1a: Aggron|def|2\n|move|p2a: Heracross|Rock Blast|p1b: Maushold|[miss]\n|-miss|p2a: Heracross|p1b: Maushold\n|move|p2b: Mamoswine|High Horsepower|p1a: Aggron\n|-supereffective|p1a: Aggron|1\n|-damage|p1a: Aggron|89/100\n|move|p1b: Maushold|Population Bomb|p2b: Mamoswine\n|-damage|p2b: Mamoswine|93/100\n|-damage|p2b: Mamoswine|85/100\n|-damage|p2b: Mamoswine|77/100\n|-damage|p2b: Mamoswine|68/100\n|-damage|p2b: Mamoswine|60/100\n|-damage|p2b: Mamoswine|52/100\n|-damage|p2b: Mamoswine|43/100\n|-damage|p2b: Mamoswine|35/100\n|-damage|p2b: Mamoswine|27/100\n|-damage|p2b: Mamoswine|18/100\n|-hitcount|p2b: Mamoswine|10\n|\n|upkeep\n|turn|5\n|-message|Aayush0902 forfeited.\n|\n|win|koxicity\n|raw|koxicity's rating: 1097 &rarr; <strong>1125</strong><br />(+28 for winning)\n|raw|Aayush0902's rating: 1128 &rarr; <strong>1101</strong><br />(-27 for losing)\n|l|\u2606Aayush0902\n|player|p2|\n",
  "uploadtime": 1776571505,
  "views": 12,
  "formatid": "gen9championsvgc2026regma",
  "rating": 1101,
  "private": 0,
  "password": null
}