{
  "id": "gen9championsvgc2026regma-2586812279",
  "format": "[Gen 9 Champions] VGC 2026 Reg M-A",
  "players": [
    "SimMikaze",
    "yallcheeks"
  ],
  "log": "|j|\u2606SimMikaze\n|j|\u2606yallcheeks\n|t:|1776461926\n|gametype|doubles\n|player|p1|SimMikaze|miku-ghost|1359\n|player|p2|yallcheeks|2|1296\n|gen|9\n|tier|[Gen 9 Champions] VGC 2026 Reg M-A\n|rated|\n|rule|Species Clause: Limit one of each Pok\u00e9mon\n|rule|Item Clause: Limit 1 of each item\n|clearpoke\n|poke|p1|Floette-Eternal, L50, F|\n|poke|p1|Garchomp, L50, F|\n|poke|p1|Incineroar, L50, M|\n|poke|p1|Sneasler, L50, F|\n|poke|p1|Corviknight, L50, M|\n|poke|p1|Sinistcha, L50|\n|poke|p2|Starmie, L50|\n|poke|p2|Cofagrigus, L50, M|\n|poke|p2|Farigiraf, L50, M|\n|poke|p2|Machamp, L50, M|\n|poke|p2|Drampa, L50, M|\n|poke|p2|Dragapult, L50, M|\n|teampreview|4\n|inactive|Battle timer is ON: inactive players will automatically lose when time's up. (requested by yallcheeks)\n|inactive|SimMikaze has 60 seconds left.\n|inactive|SimMikaze has 30 seconds left.\nyallcheeks rejected open team sheets.\n|inactive|SimMikaze has 20 seconds left.\n|inactive|SimMikaze has 15 seconds left.\n|inactive|SimMikaze has 10 seconds left.\n|\n|t:|1776462009\n|teamsize|p1|4\n|teamsize|p2|4\n|start\n|switch|p1a: Floette|Floette-Eternal, L50, F|100/100\n|switch|p1b: Sinistcha|Sinistcha, L50, shiny|100/100\n|switch|p2a: Starmie|Starmie, L50|100/100\n|switch|p2b: Cofagrigus|Cofagrigus, L50, M, shiny|100/100\n|turn|1\n|\n|t:|1776462033\n|detailschange|p2a: Starmie|Starmie-Mega, L50\n|-mega|p2a: Starmie|Starmie|Starminite\n|detailschange|p1a: Floette|Floette-Mega, L50, F\n|-mega|p1a: Floette|Floette|Floettite\n|-ability|p1a: Floette|Fairy Aura\n|move|p2a: Starmie|Ice Spinner|p1b: Sinistcha\n|-supereffective|p1b: Sinistcha|1\n|-damage|p1b: Sinistcha|33/100\n|-enditem|p1b: Sinistcha|Sitrus Berry|[eat]\n|-heal|p1b: Sinistcha|58/100|[from] item: Sitrus Berry\n|move|p1a: Floette|Moonblast|p2b: Cofagrigus\n|-damage|p2b: Cofagrigus|31/100\n|move|p1b: Sinistcha|Trick Room|p1b: Sinistcha\n|-fieldstart|move: Trick Room|[of] p1b: Sinistcha\n|move|p2b: Cofagrigus|Trick Room|p2b: Cofagrigus\n|-fieldend|move: Trick Room\n|\n|-heal|p2b: Cofagrigus|37/100|[from] item: Leftovers\n|upkeep\n|turn|2\n|inactive|SimMikaze has 30 seconds left.\n|\n|t:|1776462067\n|switch|p1b: Incineroar|Incineroar, L50, M, shiny|100/100\n|-ability|p1b: Incineroar|Intimidate|boost\n|-unboost|p2a: Starmie|atk|1\n|-unboost|p2b: Cofagrigus|atk|1\n|move|p2a: Starmie|Ice Spinner|p1b: Incineroar\n|-resisted|p1b: Incineroar|1\n|-damage|p1b: Incineroar|88/100\n|move|p1a: Floette|Dazzling Gleam|p2a: Starmie|[spread] p2a,p2b\n|-damage|p2a: Starmie|38/100\n|-damage|p2b: Cofagrigus|0 fnt\n|faint|p2b: Cofagrigus\n|\n|upkeep\n|\n|t:|1776462077\n|switch|p2b: Farigiraf|Farigiraf, L50, M|100/100\n|turn|3\n|inactive|SimMikaze has 30 seconds left.\n|inactive|SimMikaze has 20 seconds left.\n|\n|t:|1776462115\n|move|p2a: Starmie|Self-Destruct|p1b: Incineroar|[spread] p2b,p1a,p1b\n|-damage|p2b: Farigiraf|40/100\n|-damage|p1a: Floette|45/100\n|-damage|p1b: Incineroar|46/100\n|faint|p2a: Starmie\n|move|p1a: Floette|Calm Mind|p1a: Floette\n|-boost|p1a: Floette|spa|1\n|-boost|p1a: Floette|spd|1\n|move|p1b: Incineroar|Parting Shot|p2b: Farigiraf\n|-unboost|p2b: Farigiraf|atk|1\n|-unboost|p2b: Farigiraf|spa|1\n|\n|t:|1776462125\n|switch|p1b: Sinistcha|Sinistcha, L50, shiny|58/100|[from] Parting Shot\n|-heal|p1a: Floette|70/100|[from] ability: Hospitality|[of] p1b: Sinistcha\n|move|p2b: Farigiraf|Trick Room|p2b: Farigiraf\n|-fieldstart|move: Trick Room|[of] p2b: Farigiraf\n|\n|upkeep\n|\n|t:|1776462127\n|switch|p2a: Machamp|Machamp, L50, M, shiny|100/100\n|turn|4\n|\n|t:|1776462148\n|move|p1a: Floette|Protect|p1a: Floette\n|-singleturn|p1a: Floette|Protect\n|move|p2a: Machamp|Stone Edge|p1b: Sinistcha\n|-damage|p1b: Sinistcha|27/100\n|move|p2b: Farigiraf|Twin Beam|p1b: Sinistcha\n|-damage|p1b: Sinistcha|13/100\n|-damage|p1b: Sinistcha|0 fnt\n|faint|p1b: Sinistcha\n|-hitcount|p1: Sinistcha|2\n|\n|upkeep\n|\n|t:|1776462163\n|switch|p1b: Incineroar|Incineroar, L50, M, shiny|46/100\n|-ability|p1b: Incineroar|Intimidate|boost\n|-unboost|p2a: Machamp|atk|1\n|-unboost|p2b: Farigiraf|atk|1\n|turn|5\n|c|\u2606yallcheeks|you had the win and sold\n|\n|t:|1776462186\n|switch|p1b: Corviknight|Corviknight, L50, M, shiny|100/100\n|move|p2a: Machamp|Cross Poison|p1a: Floette\n|-supereffective|p1a: Floette|1\n|-crit|p1a: Floette\n|-damage|p1a: Floette|0 fnt\n|faint|p1a: Floette\n|move|p2b: Farigiraf|Hyper Voice|p1b: Corviknight\n|-resisted|p1b: Corviknight|1\n|-damage|p1b: Corviknight|81/100\n|\n|-heal|p1b: Corviknight|87/100|[from] item: Leftovers\n|upkeep\n|\n|t:|1776462191\n|switch|p1a: Incineroar|Incineroar, L50, M, shiny|46/100\n|-ability|p1a: Incineroar|Intimidate|boost\n|-unboost|p2a: Machamp|atk|1\n|-unboost|p2b: Farigiraf|atk|1\n|turn|6\n|c|\u2606yallcheeks|rage powder plus dazzling gleam won it for you\n|\n|t:|1776462209\n|move|p2a: Machamp|Cross Chop|p1a: Incineroar\n|-supereffective|p1a: Incineroar|1\n|-damage|p1a: Incineroar|0 fnt\n|faint|p1a: Incineroar\n|move|p2b: Farigiraf|Hyper Voice|p1b: Corviknight\n|-resisted|p1b: Corviknight|1\n|-damage|p1b: Corviknight|69/100\n|move|p1b: Corviknight|Brave Bird|p2a: Machamp\n|-supereffective|p2a: Machamp|1\n|-damage|p2a: Machamp|12/100\n|-damage|p1b: Corviknight|41/100|[from] Recoil\n|\n|-heal|p1b: Corviknight|47/100|[from] item: Leftovers\n|upkeep\n|turn|7\n|\n|t:|1776462228\n|move|p1b: Corviknight|Protect|p1b: Corviknight\n|-singleturn|p1b: Corviknight|Protect\n|move|p2a: Machamp|Cross Chop|p1b: Corviknight\n|-activate|p1b: Corviknight|move: Protect\n|move|p2b: Farigiraf|Hyper Voice|p1b: Corviknight\n|-activate|p1b: Corviknight|move: Protect\n|\n|-heal|p1b: Corviknight|53/100|[from] item: Leftovers\n|-fieldend|move: Trick Room\n|upkeep\n|turn|8\n|inactive|SimMikaze has 30 seconds left.\n|inactive|SimMikaze has 20 seconds left.\n|inactive|SimMikaze has 15 seconds left.\n|inactive|SimMikaze has 10 seconds left.\n|\n|t:|1776462274\n|move|p2a: Machamp|Protect|p2a: Machamp\n|-singleturn|p2a: Machamp|Protect\n|move|p1b: Corviknight|Brave Bird|p2b: Farigiraf\n|-damage|p2b: Farigiraf|4/100\n|-damage|p1b: Corviknight|40/100|[from] Recoil\n|move|p2b: Farigiraf|Trick Room|p2b: Farigiraf\n|-fieldstart|move: Trick Room|[of] p2b: Farigiraf\n|\n|-heal|p1b: Corviknight|46/100|[from] item: Leftovers\n|upkeep\n|turn|9\n|c|\u2606SimMikaze|It doesn't kill without crit, btw\n|inactive|SimMikaze has 30 seconds left.\n|\n|t:|1776462301\n|move|p1b: Corviknight|Protect|p1b: Corviknight\n|-singleturn|p1b: Corviknight|Protect\n|move|p2a: Machamp|Cross Chop|p1b: Corviknight\n|-activate|p1b: Corviknight|move: Protect\n|move|p2b: Farigiraf|Hyper Voice|p1b: Corviknight\n|-activate|p1b: Corviknight|move: Protect\n|\n|-heal|p1b: Corviknight|52/100|[from] item: Leftovers\n|upkeep\n|turn|10\n|\n|t:|1776462312\n|move|p2a: Machamp|Cross Chop|p1b: Corviknight\n|-damage|p1b: Corviknight|35/100\n|move|p2b: Farigiraf|Hyper Voice|p1b: Corviknight\n|-resisted|p1b: Corviknight|1\n|-damage|p1b: Corviknight|16/100\n|move|p1b: Corviknight|Brave Bird|p2a: Machamp\n|-supereffective|p2a: Machamp|1\n|-damage|p2a: Machamp|0 fnt\n|faint|p2a: Machamp\n|-damage|p1b: Corviknight|12/100|[from] Recoil\n|\n|-heal|p1b: Corviknight|18/100|[from] item: Leftovers\n|upkeep\n|turn|11\n|\n|t:|1776462323\n|move|p1b: Corviknight|Protect|p1b: Corviknight\n|-singleturn|p1b: Corviknight|Protect\n|move|p2b: Farigiraf|Hyper Voice|p1b: Corviknight\n|-activate|p1b: Corviknight|move: Protect\n|\n|-heal|p1b: Corviknight|23/100|[from] item: Leftovers\n|upkeep\n|turn|12\n|\n|t:|1776462331\n|move|p2b: Farigiraf|Hyper Voice|p1b: Corviknight\n|-resisted|p1b: Corviknight|1\n|-damage|p1b: Corviknight|4/100\n|move|p1b: Corviknight|Brave Bird|p2b: Farigiraf\n|-damage|p2b: Farigiraf|0 fnt\n|faint|p2b: Farigiraf\n|-damage|p1b: Corviknight|3/100|[from] Recoil\n|\n|win|SimMikaze\n|raw|SimMikaze's rating: 1359 &rarr; <strong>1375</strong><br />(+16 for winning)\n|raw|yallcheeks's rating: 1296 &rarr; <strong>1275</strong><br />(-21 for losing)\n|l|\u2606yallcheeks\n|player|p2|\n|c|\u2606SimMikaze|The poison thing had no chance of killing\n",
  "uploadtime": 1776462336,
  "views": 30,
  "formatid": "gen9championsvgc2026regma",
  "rating": 1275,
  "private": 0,
  "password": null
}