{
  "id": "gen9championsvgc2026regma-2587096697",
  "format": "[Gen 9 Champions] VGC 2026 Reg M-A",
  "players": [
    "Duckity_Duck_06",
    "Kawanohito"
  ],
  "log": "|j|\u2606Duckity_Duck_06\n|j|\u2606Kawanohito\n|t:|1776492892\n|gametype|doubles\n|player|p1|Duckity_Duck_06|pokemaniac|1521\n|player|p2|Kawanohito|265|1518\n|gen|9\n|tier|[Gen 9 Champions] VGC 2026 Reg M-A\n|rated|\n|rule|Species Clause: Limit one of each Pok\u00e9mon\n|rule|Item Clause: Limit 1 of each item\n|clearpoke\n|poke|p1|Pelipper, L50, F|\n|poke|p1|Basculegion, L50, M|\n|poke|p1|Archaludon, L50, M|\n|poke|p1|Dragonite, L50, F|\n|poke|p1|Incineroar, L50, F|\n|poke|p1|Sneasler, L50, F|\n|poke|p2|Slowbro, L50, F|\n|poke|p2|Incineroar, L50, F|\n|poke|p2|Sinistcha, L50|\n|poke|p2|Sneasler, L50, M|\n|poke|p2|Garchomp, L50, M|\n|poke|p2|Meowstic, L50, M|\n|teampreview|4\n|inactive|Battle timer is ON: inactive players will automatically lose when time's up. (requested by Duckity_Duck_06)\nDuckity_Duck_06 has agreed to open team sheets.\n|j| uppercut vgc\n|l| uppercut vgc\n|inactive|Duckity_Duck_06 has 60 seconds left.\n|\n|t:|1776492935\n|teamsize|p1|4\n|teamsize|p2|4\n|start\n|switch|p1a: Incineroar|Incineroar, L50, F|100/100\n|switch|p1b: Dragonite|Dragonite, L50, F|100/100\n|switch|p2a: Slowbro|Slowbro, L50, F|100/100\n|switch|p2b: Meowstic|Meowstic, L50, M|100/100\n|-ability|p1a: Incineroar|Intimidate|boost\n|-fail|p2a: Slowbro|unboost|Attack|[from] ability: Oblivious|[of] p2a: Slowbro\n|-unboost|p2b: Meowstic|atk|1\n|turn|1\n|\n|t:|1776492959\n|detailschange|p1b: Dragonite|Dragonite-Mega, L50, F\n|-mega|p1b: Dragonite|Dragonite|Dragoninite\n|detailschange|p2a: Slowbro|Slowbro-Mega, L50, F\n|-mega|p2a: Slowbro|Slowbro|Slowbronite\n|move|p2b: Meowstic|Fake Out|p1a: Incineroar\n|-damage|p1a: Incineroar|97/100\n|cant|p1a: Incineroar|flinch\n|move|p1b: Dragonite|Thunderbolt|p2a: Slowbro\n|-supereffective|p2a: Slowbro|1\n|-damage|p2a: Slowbro|42/100\n|move|p2a: Slowbro|Amnesia|p2a: Slowbro\n|-boost|p2a: Slowbro|spd|2\n|\n|upkeep\n|turn|2\n|\n|t:|1776492981\n|switch|p2b: Sinistcha|Sinistcha, L50|100/100\n|-heal|p2a: Slowbro|67/100|[from] ability: Hospitality|[of] p2b: Sinistcha\n|move|p1b: Dragonite|Draco Meteor|p2b: Sinistcha|[miss]\n|-miss|p1b: Dragonite|p2b: Sinistcha\n|move|p1a: Incineroar|Throat Chop|p2a: Slowbro\n|-supereffective|p2a: Slowbro|1\n|-damage|p2a: Slowbro|37/100\n|-start|p2a: Slowbro|Throat Chop|[silent]\n|move|p2a: Slowbro|Slack Off|p2a: Slowbro\n|-heal|p2a: Slowbro|87/100\n|\n|upkeep\n|turn|3\n|inactive|Duckity_Duck_06 has 30 seconds left.\n|\n|t:|1776493006\n|switch|p2b: Incineroar|Incineroar, L50, F|100/100\n|-ability|p2b: Incineroar|Intimidate|boost\n|-unboost|p1a: Incineroar|atk|1\n|-unboost|p1b: Dragonite|atk|1\n|move|p1b: Dragonite|Thunderbolt|p2a: Slowbro\n|-supereffective|p2a: Slowbro|1\n|-damage|p2a: Slowbro|59/100\n|move|p1a: Incineroar|Throat Chop|p2a: Slowbro\n|-supereffective|p2a: Slowbro|1\n|-damage|p2a: Slowbro|38/100\n|move|p2a: Slowbro|Iron Defense|p2a: Slowbro\n|-boost|p2a: Slowbro|def|2\n|\n|-end|p2a: Slowbro|Throat Chop|[silent]\n|upkeep\n|turn|4\n|j| hehelolxDhappens\n|\n|t:|1776493025\n|switch|p1a: Basculegion|Basculegion, L50, M|100/100\n|move|p2b: Incineroar|Fake Out|p1b: Dragonite\n|-damage|p1b: Dragonite|95/100\n|cant|p1b: Dragonite|flinch\n|move|p2a: Slowbro|Slack Off|p2a: Slowbro\n|-heal|p2a: Slowbro|88/100\n|\n|upkeep\n|turn|5\n|inactive|Kawanohito has 30 seconds left.\n|\n|t:|1776493056\n|switch|p2b: Sinistcha|Sinistcha, L50|100/100\n|-heal|p2a: Slowbro|100/100|[from] ability: Hospitality|[of] p2b: Sinistcha\n|move|p1b: Dragonite|Thunderbolt|p2a: Slowbro\n|-supereffective|p2a: Slowbro|1\n|-damage|p2a: Slowbro|71/100\n|move|p1a: Basculegion|Liquidation|p2b: Sinistcha\n|-resisted|p2b: Sinistcha|1\n|-damage|p2b: Sinistcha|76/100\n|move|p2a: Slowbro|Iron Defense|p2a: Slowbro\n|-boost|p2a: Slowbro|def|2\n|\n|upkeep\n|turn|6\n|inactive|Kawanohito has 30 seconds left.\n|\n|t:|1776493084\n|switch|p2b: Meowstic|Meowstic, L50, M|100/100\n|move|p1b: Dragonite|Thunderbolt|p2a: Slowbro\n|-supereffective|p2a: Slowbro|1\n|-damage|p2a: Slowbro|42/100\n|move|p1a: Basculegion|Last Respects|p2b: Meowstic\n|-supereffective|p2b: Meowstic|1\n|-damage|p2b: Meowstic|50/100\n|move|p2a: Slowbro|Amnesia|p2a: Slowbro\n|-boost|p2a: Slowbro|spd|2\n|\n|upkeep\n|turn|7\n|inactive|Kawanohito has 30 seconds left.\n|\n|t:|1776493112\n|move|p2b: Meowstic|Reflect|p2b: Meowstic\n|-sidestart|p2: Kawanohito|Reflect\n|move|p1b: Dragonite|Thunderbolt|p2a: Slowbro\n|-supereffective|p2a: Slowbro|1\n|-damage|p2a: Slowbro|22/100\n|move|p1a: Basculegion|Last Respects|p2b: Meowstic\n|-supereffective|p2b: Meowstic|1\n|-damage|p2b: Meowstic|16/100\n|move|p2a: Slowbro|Slack Off|p2a: Slowbro\n|-heal|p2a: Slowbro|72/100\n|\n|upkeep\n|turn|8\n|\n|t:|1776493130\n|move|p2b: Meowstic|Light Screen|p2b: Meowstic\n|-sidestart|p2: Kawanohito|move: Light Screen\n|move|p1b: Dragonite|Thunderbolt|p2a: Slowbro\n|-supereffective|p2a: Slowbro|1\n|-damage|p2a: Slowbro|58/100\n|move|p1a: Basculegion|Last Respects|p2b: Meowstic\n|-supereffective|p2b: Meowstic|1\n|-damage|p2b: Meowstic|0 fnt\n|faint|p2b: Meowstic\n|move|p2a: Slowbro|Body Press|p1b: Dragonite\n|-resisted|p1b: Dragonite|1\n|-damage|p1b: Dragonite|52/100\n|\n|upkeep\n|\n|t:|1776493141\n|switch|p2b: Sinistcha|Sinistcha, L50|76/100\n|-heal|p2a: Slowbro|83/100|[from] ability: Hospitality|[of] p2b: Sinistcha\n|turn|9\n|j| Soggy4047\n|inactive|Duckity_Duck_06 has 30 seconds left.\n|inactive|Kawanohito has 30 seconds left.\n|inactive|Duckity_Duck_06 has 20 seconds left.\n|inactive|Duckity_Duck_06 has 15 seconds left.\n|inactive|Duckity_Duck_06 has 10 seconds left.\n|\n|t:|1776493188\n|move|p1b: Dragonite|Thunderbolt|p2a: Slowbro\n|-supereffective|p2a: Slowbro|1\n|-damage|p2a: Slowbro|69/100\n|move|p1a: Basculegion|Last Respects|p2b: Sinistcha\n|-supereffective|p2b: Sinistcha|1\n|-crit|p2b: Sinistcha\n|-enditem|p2b: Sinistcha|Kasib Berry|[eat]\n|-enditem|p2b: Sinistcha|Kasib Berry|[weaken]\n|-damage|p2b: Sinistcha|39/100\n|move|p2a: Slowbro|Iron Defense|p2a: Slowbro\n|-boost|p2a: Slowbro|def|2\n|move|p2b: Sinistcha|Trick Room|p2b: Sinistcha\n|-fieldstart|move: Trick Room|[of] p2b: Sinistcha\n|\n|upkeep\n|turn|10\n|\n|t:|1776493212\n|switch|p2b: Incineroar|Incineroar, L50, F|100/100\n|-ability|p2b: Incineroar|Intimidate|boost\n|-unboost|p1a: Basculegion|atk|1\n|-unboost|p1b: Dragonite|atk|1\n|switch|p1a: Incineroar|Incineroar, L50, F|97/100\n|-ability|p1a: Incineroar|Intimidate|boost\n|-unboost|p2a: Slowbro|atk|1\n|-unboost|p2b: Incineroar|atk|1\n|move|p2a: Slowbro|Body Press|p1b: Dragonite\n|-resisted|p1b: Dragonite|1\n|-damage|p1b: Dragonite|0 fnt\n|faint|p1b: Dragonite\n|\n|upkeep\n|\n|t:|1776493223\n|switch|p1b: Pelipper|Pelipper, L50, F|100/100\n|-weather|RainDance|[from] ability: Drizzle|[of] p1b: Pelipper\n|turn|11\n|\n|t:|1776493234\n|move|p1a: Incineroar|Fake Out|p2b: Incineroar\n|-damage|p2b: Incineroar|95/100\n|cant|p2b: Incineroar|flinch\n|move|p2a: Slowbro|Body Press|p1a: Incineroar\n|-supereffective|p1a: Incineroar|1\n|-damage|p1a: Incineroar|0 fnt\n|faint|p1a: Incineroar\n|move|p1b: Pelipper|Weather Ball|p2b: Incineroar\n|-supereffective|p2b: Incineroar|1\n|-damage|p2b: Incineroar|18/100\n|-enditem|p2b: Incineroar|Sitrus Berry|[eat]\n|-heal|p2b: Incineroar|43/100|[from] item: Sitrus Berry\n|\n|-weather|RainDance|[upkeep]\n|-sideend|p2: Kawanohito|Reflect\n|upkeep\n|\n|t:|1776493247\n|switch|p1a: Basculegion|Basculegion, L50, M|100/100\n|turn|12\n|\n|t:|1776493262\n|move|p1a: Basculegion|Aqua Jet|p2b: Incineroar\n|-supereffective|p2b: Incineroar|1\n|-damage|p2b: Incineroar|0 fnt\n|faint|p2b: Incineroar\n|move|p2a: Slowbro|Body Press|p1b: Pelipper\n|-resisted|p1b: Pelipper|1\n|-damage|p1b: Pelipper|10/100\n|move|p1b: Pelipper|Hurricane|p2a: Slowbro\n|-damage|p2a: Slowbro|60/100\n|\n|-weather|RainDance|[upkeep]\n|-sideend|p2: Kawanohito|move: Light Screen\n|upkeep\n|\n|t:|1776493272\n|switch|p2b: Sinistcha|Sinistcha, L50|39/100\n|-heal|p2a: Slowbro|85/100|[from] ability: Hospitality|[of] p2b: Sinistcha\n|turn|13\n|\n|t:|1776493295\n|move|p2a: Slowbro|Body Press|p1b: Pelipper\n|-resisted|p1b: Pelipper|1\n|-damage|p1b: Pelipper|0 fnt\n|faint|p1b: Pelipper\n|move|p2b: Sinistcha|Matcha Gotcha|p1a: Basculegion\n|-supereffective|p1a: Basculegion|1\n|-damage|p1a: Basculegion|24/100\n|-heal|p2b: Sinistcha|81/100|[from] drain|[of] p1a: Basculegion\n|move|p1a: Basculegion|Last Respects|p2a: Slowbro\n|-supereffective|p2a: Slowbro|1\n|-damage|p2a: Slowbro|60/100\n|\n|-weather|RainDance|[upkeep]\n|-fieldend|move: Trick Room\n|upkeep\n|turn|14\n|\n|t:|1776493317\n|move|p1a: Basculegion|Last Respects|p2a: Slowbro\n|-supereffective|p2a: Slowbro|1\n|-damage|p2a: Slowbro|33/100\n|move|p2a: Slowbro|Iron Defense|p2a: Slowbro\n|-boost|p2a: Slowbro|def|0\n|move|p2b: Sinistcha|Trick Room|p2b: Sinistcha\n|-fieldstart|move: Trick Room|[of] p2b: Sinistcha\n|\n|-weather|RainDance|[upkeep]\n|upkeep\n|turn|15\n|\n|t:|1776493332\n|move|p2a: Slowbro|Slack Off|p2a: Slowbro\n|-heal|p2a: Slowbro|83/100\n|move|p2b: Sinistcha|Matcha Gotcha|p1a: Basculegion\n|-supereffective|p1a: Basculegion|1\n|-damage|p1a: Basculegion|0 fnt\n|-heal|p2b: Sinistcha|95/100|[from] drain|[of] p1a: Basculegion\n|faint|p1a: Basculegion\n|\n|win|Kawanohito\n|raw|Duckity_Duck_06's rating: 1521 &rarr; <strong>1501</strong><br />(-20 for losing)\n|raw|Kawanohito's rating: 1518 &rarr; <strong>1538</strong><br />(+20 for winning)\n|l|\u2606Duckity_Duck_06\n|player|p1|\n|l|\u2606Kawanohito\n|player|p2|\n|l| Soggy4047\n",
  "uploadtime": 1776493679,
  "views": 36,
  "formatid": "gen9championsvgc2026regma",
  "rating": 1501,
  "private": 0,
  "password": null
}