{
  "id": "gen9championsvgc2026regma-2587928647",
  "format": "[Gen 9 Champions] VGC 2026 Reg M-A",
  "players": [
    "Sores",
    "Hao_poke"
  ],
  "log": "|j|\u2606Sores\n|j|\u2606Hao_poke\n|t:|1776580396\n|gametype|doubles\n|player|p1|Sores|veteran|1493\n|player|p2|Hao_poke|101|1402\n|gen|9\n|tier|[Gen 9 Champions] VGC 2026 Reg M-A\n|rated|\n|rule|Species Clause: Limit one of each Pok\u00e9mon\n|rule|Item Clause: Limit 1 of each item\n|clearpoke\n|poke|p1|Delphox, L50, F|\n|poke|p1|Garchomp, L50, M|\n|poke|p1|Milotic, L50, M, shiny|\n|poke|p1|Sinistcha-Masterpiece, L50|\n|poke|p1|Orthworm, L50, M|\n|poke|p1|Liepard, L50, M|\n|poke|p2|Tyranitar, L50, M|\n|poke|p2|Excadrill, L50, M|\n|poke|p2|Aerodactyl, L50, M|\n|poke|p2|Sneasler, L50, F|\n|poke|p2|Kingambit, L50, F|\n|poke|p2|Rotom-Wash, L50|\n|teampreview|4\n|inactive|Battle timer is ON: inactive players will automatically lose when time's up. (requested by Hao_poke)\n|\n|t:|1776580424\n|teamsize|p1|4\n|teamsize|p2|4\n|start\n|switch|p1a: Liepard|Liepard, L50, M|100/100\n|switch|p1b: Delphox|Delphox, L50, F|100/100\n|switch|p2a: Aerodactyl|Aerodactyl, L50, M|100/100\n|switch|p2b: Rotom|Rotom-Wash, L50|100/100\n|-ability|p2a: Aerodactyl|Unnerve\n|turn|1\n|\n|t:|1776580437\n|detailschange|p2a: Aerodactyl|Aerodactyl-Mega, L50, M\n|-mega|p2a: Aerodactyl|Aerodactyl|Aerodactylite\n|detailschange|p1b: Delphox|Delphox-Mega, L50, F\n|-mega|p1b: Delphox|Delphox|Delphoxite\n|move|p1a: Liepard|Fake Out|p2b: Rotom\n|-damage|p2b: Rotom|88/100\n|move|p2a: Aerodactyl|Rock Slide|p1b: Delphox|[spread] p1a,p1b\n|-supereffective|p1b: Delphox|1\n|-damage|p1a: Liepard|30/100\n|-damage|p1b: Delphox|12/100\n|move|p1b: Delphox|Nasty Plot|p1b: Delphox\n|-boost|p1b: Delphox|spa|2\n|cant|p2b: Rotom|flinch\n|\n|upkeep\n|turn|2\n|\n|t:|1776580459\n|move|p1a: Liepard|Thunder Wave|p2a: Aerodactyl\n|-status|p2a: Aerodactyl|par\n|move|p1b: Delphox|Psyshock|p2b: Rotom\n|-damage|p2b: Rotom|0 fnt\n|faint|p2b: Rotom\n|move|p2a: Aerodactyl|Rock Slide|p1a: Liepard|[spread] p1a,p1b\n|-supereffective|p1b: Delphox|1\n|-damage|p1a: Liepard|0 fnt\n|-damage|p1b: Delphox|0 fnt\n|faint|p1a: Liepard\n|faint|p1b: Delphox\n|\n|upkeep\n|\n|t:|1776580470\n|switch|p1b: Garchomp|Garchomp, L50, M|100/100\n|switch|p1a: Orthworm|Orthworm, L50, M|100/100\n|switch|p2b: Tyranitar|Tyranitar, L50, M|100/100\n|-weather|Sandstorm|[from] ability: Sand Stream|[of] p2b: Tyranitar\n|turn|3\n|\n|t:|1776580486\n|move|p2b: Tyranitar|Ice Punch|p1b: Garchomp\n|-supereffective|p1b: Garchomp|2\n|-damage|p1b: Garchomp|0 fnt\n|-damage|p2b: Tyranitar|88/100|[from] ability: Rough Skin|[of] p1b: Garchomp\n|faint|p1b: Garchomp\n|move|p2a: Aerodactyl|Dual Wingbeat|p1a: Orthworm\n|-resisted|p1a: Orthworm|1\n|-damage|p1a: Orthworm|93/100\n|-resisted|p1a: Orthworm|1\n|-damage|p1a: Orthworm|85/100\n|-hitcount|p1a: Orthworm|2\n|move|p1a: Orthworm|Body Press|p2b: Tyranitar\n|-supereffective|p2b: Tyranitar|2\n|-damage|p2b: Tyranitar|0 fnt\n|faint|p2b: Tyranitar\n|\n|-weather|Sandstorm|[upkeep]\n|upkeep\n|\n|t:|1776580497\n|switch|p2b: Excadrill|Excadrill, L50, M|100/100\n|turn|4\n|\n|t:|1776580500\n|move|p2b: Excadrill|Protect|p2b: Excadrill\n|-singleturn|p2b: Excadrill|Protect\n|cant|p2a: Aerodactyl|par\n|move|p1a: Orthworm|Body Press|p2b: Excadrill\n|-activate|p2b: Excadrill|move: Protect\n|\n|-weather|Sandstorm|[upkeep]\n|upkeep\n|turn|5\n|\n|t:|1776580522\n|move|p2b: Excadrill|Iron Head|p1a: Orthworm\n|-resisted|p1a: Orthworm|1\n|-damage|p1a: Orthworm|72/100\n|move|p2a: Aerodactyl|Rock Slide|p1a: Orthworm\n|-resisted|p1a: Orthworm|1\n|-damage|p1a: Orthworm|60/100\n|cant|p1a: Orthworm|flinch\n|\n|-weather|Sandstorm|[upkeep]\n|upkeep\n|turn|6\n|\n|t:|1776580532\n|move|p2b: Excadrill|Iron Head|p1a: Orthworm\n|-resisted|p1a: Orthworm|1\n|-damage|p1a: Orthworm|47/100\n|-enditem|p1a: Orthworm|Sitrus Berry|[eat]\n|-heal|p1a: Orthworm|72/100|[from] item: Sitrus Berry\n|move|p2a: Aerodactyl|Rock Slide|p1a: Orthworm\n|-resisted|p1a: Orthworm|1\n|-damage|p1a: Orthworm|61/100\n|move|p1a: Orthworm|Body Press|p2b: Excadrill\n|-supereffective|p2b: Excadrill|1\n|-damage|p2b: Excadrill|6/100\n|\n|-weather|Sandstorm|[upkeep]\n|upkeep\n|turn|7\n|\n|t:|1776580551\n|move|p2b: Excadrill|Iron Head|p1a: Orthworm\n|-resisted|p1a: Orthworm|1\n|-damage|p1a: Orthworm|48/100\n|move|p2a: Aerodactyl|Rock Slide|p1a: Orthworm\n|-resisted|p1a: Orthworm|1\n|-damage|p1a: Orthworm|36/100\n|move|p1a: Orthworm|Body Press|p2b: Excadrill\n|-supereffective|p2b: Excadrill|1\n|-damage|p2b: Excadrill|0 fnt\n|faint|p2b: Excadrill\n|\n|-weather|none\n|upkeep\n|turn|8\n|j| sdfsfgh\n|\n|t:|1776580561\n|move|p2a: Aerodactyl|Rock Slide|p1a: Orthworm\n|-resisted|p1a: Orthworm|1\n|-damage|p1a: Orthworm|25/100\n|move|p1a: Orthworm|Heavy Slam|p2a: Aerodactyl\n|-supereffective|p2a: Aerodactyl|1\n|-damage|p2a: Aerodactyl|26/100 par\n|\n|upkeep\n|turn|9\n|\n|t:|1776580569\n|move|p2a: Aerodactyl|Rock Slide|p1a: Orthworm\n|-resisted|p1a: Orthworm|1\n|-damage|p1a: Orthworm|12/100\n|move|p1a: Orthworm|Heavy Slam|p2a: Aerodactyl\n|-supereffective|p2a: Aerodactyl|1\n|-damage|p2a: Aerodactyl|0 fnt\n|faint|p2a: Aerodactyl\n|\n|win|Sores\n|raw|Sores's rating: 1493 &rarr; <strong>1508</strong><br />(+15 for winning)\n|raw|Hao_poke's rating: 1402 &rarr; <strong>1387</strong><br />(-15 for losing)\n|l|\u2606Hao_poke\n|player|p2|\n|l|\u2606Sores\n|player|p1|\n",
  "uploadtime": 1776580614,
  "views": 13,
  "formatid": "gen9championsvgc2026regma",
  "rating": 1387,
  "private": 0,
  "password": null
}