{
  "id": "gen9championsvgc2026regma-2581025918",
  "format": "[Gen 9 Champions] VGC 2026 Reg M-A",
  "players": [
    "ricarlw",
    "toxicwyvern"
  ],
  "log": "|j|\u2606ricarlw\n|j|\u2606toxicwyvern\n|t:|1775952908\n|gametype|doubles\n|player|p1|ricarlw|caitlin|1000\n|player|p2|toxicwyvern|1|1056\n|gen|9\n|tier|[Gen 9 Champions] VGC 2026 Reg M-A\n|rated|\n|rule|Species Clause: Limit one of each Pok\u00e9mon\n|rule|Item Clause: Limit 1 of each item\n|clearpoke\n|poke|p1|Charizard, L50, F|\n|poke|p1|Venusaur, L50, F|\n|poke|p1|Incineroar, L50, M|\n|poke|p1|Whimsicott, L50, M|\n|poke|p1|Typhlosion-Hisui, L50, F|\n|poke|p1|Aegislash, L50, M|\n|poke|p2|Whimsicott, L50, F|\n|poke|p2|Typhlosion, L50, F|\n|poke|p2|Incineroar, L50, M|\n|poke|p2|Charizard, L50, M|\n|poke|p2|Sinistcha, L50|\n|poke|p2|Farigiraf, L50, F|\n|teampreview|4\n|inactive|Battle timer is ON: inactive players will automatically lose when time's up. (requested by ricarlw)\ntoxicwyvern has agreed to open team sheets.\n|\n|t:|1775952941\n|teamsize|p1|4\n|teamsize|p2|4\n|start\n|switch|p1a: Incineroar|Incineroar, L50, M|100/100\n|switch|p1b: Venusaur|Venusaur, L50, F|100/100\n|switch|p2a: Whimsicott|Whimsicott, L50, F|100/100\n|switch|p2b: Incineroar|Incineroar, L50, M|100/100\n|-ability|p1a: Incineroar|Intimidate|boost\n|-unboost|p2a: Whimsicott|atk|1\n|-unboost|p2b: Incineroar|atk|1\n|-ability|p2b: Incineroar|Intimidate|boost\n|-unboost|p1a: Incineroar|atk|1\n|-unboost|p1b: Venusaur|atk|1\n|turn|1\n|inactive|ricarlw has 30 seconds left.\n|inactive|toxicwyvern has 30 seconds left.\n|\n|t:|1775952980\n|move|p1a: Incineroar|Fake Out|p2a: Whimsicott\n|-damage|p2a: Whimsicott|90/100\n|move|p2b: Incineroar|Fake Out|p1b: Venusaur\n|-damage|p1b: Venusaur|91/100\n|cant|p2a: Whimsicott|flinch\n|cant|p1b: Venusaur|flinch\n|\n|upkeep\n|turn|2\n|inactive|ricarlw has 30 seconds left.\n|\n|t:|1775953006\n|move|p1b: Venusaur|Protect|p1b: Venusaur\n|-singleturn|p1b: Venusaur|Protect\n|move|p2a: Whimsicott|Tailwind|p2a: Whimsicott\n|-sidestart|p2: toxicwyvern|move: Tailwind\n|move|p2b: Incineroar|Parting Shot|p1b: Venusaur\n|-activate|p1b: Venusaur|move: Protect\n|move|p1a: Incineroar|Parting Shot|p2b: Incineroar\n|-unboost|p2b: Incineroar|atk|1\n|-unboost|p2b: Incineroar|spa|1\n|\n|t:|1775953017\n|switch|p1a: Charizard|Charizard, L50, F|100/100|[from] Parting Shot\n|\n|upkeep\n|turn|3\n|inactive|toxicwyvern has 30 seconds left.\n|\n|t:|1775953051\n|switch|p2a: Charizard|Charizard, L50, M|100/100\n|detailschange|p1a: Charizard|Charizard-Mega-Y, L50, F\n|-mega|p1a: Charizard|Charizard|Charizardite Y\n|-weather|SunnyDay|[from] ability: Drought|[of] p1a: Charizard\n|move|p1b: Venusaur|Sludge Bomb|p2a: Charizard\n|-damage|p2a: Charizard|40/100\n|-status|p2a: Charizard|psn\n|move|p1a: Charizard|Heat Wave|p2a: Charizard|[spread] p2a,p2b\n|-resisted|p2a: Charizard|1\n|-resisted|p2b: Incineroar|1\n|-damage|p2a: Charizard|0 fnt\n|-damage|p2b: Incineroar|79/100\n|faint|p2a: Charizard\n|move|p2b: Incineroar|Parting Shot|p1b: Venusaur\n|-unboost|p1b: Venusaur|atk|1\n|-unboost|p1b: Venusaur|spa|1\n|\n|t:|1775953065\n|switch|p2b: Typhlosion|Typhlosion, L50, F|100/100|[from] Parting Shot\n|\n|-weather|SunnyDay|[upkeep]\n|upkeep\n|\n|t:|1775953067\n|switch|p2a: Incineroar|Incineroar, L50, M|79/100\n|-ability|p2a: Incineroar|Intimidate|boost\n|-unboost|p1a: Charizard|atk|1\n|-unboost|p1b: Venusaur|atk|1\n|turn|4\n|\n|t:|1775953082\n|switch|p1b: Incineroar|Incineroar, L50, M|100/100\n|-ability|p1b: Incineroar|Intimidate|boost\n|-unboost|p2a: Incineroar|atk|1\n|-unboost|p2b: Typhlosion|atk|1\n|move|p1a: Charizard|Protect|p1a: Charizard\n|-singleturn|p1a: Charizard|Protect\n|move|p2b: Typhlosion|Eruption|p1b: Incineroar|[spread] p1b\n|-activate|p1a: Charizard|move: Protect\n|-resisted|p1b: Incineroar|1\n|-damage|p1b: Incineroar|70/100\n|move|p2a: Incineroar|Flare Blitz|p1a: Charizard\n|-activate|p1a: Charizard|move: Protect\n|\n|-weather|SunnyDay|[upkeep]\n|upkeep\n|turn|5\n|inactive|toxicwyvern has 30 seconds left.\n|\n|t:|1775953108\n|move|p2b: Typhlosion|Protect|p2b: Typhlosion\n|-singleturn|p2b: Typhlosion|Protect\n|move|p1b: Incineroar|Fake Out|p2b: Typhlosion\n|-activate|p2b: Typhlosion|move: Protect\n|move|p1a: Charizard|Heat Wave|p2a: Incineroar|[spread] p2a\n|-activate|p2b: Typhlosion|move: Protect\n|-resisted|p2a: Incineroar|1\n|-damage|p2a: Incineroar|57/100\n|move|p2a: Incineroar|Parting Shot|p1a: Charizard\n|-unboost|p1a: Charizard|atk|1\n|-unboost|p1a: Charizard|spa|1\n|\n|t:|1775953119\n|switch|p2a: Whimsicott|Whimsicott, L50, F|90/100|[from] Parting Shot\n|\n|-weather|SunnyDay|[upkeep]\n|-sideend|p2: toxicwyvern|move: Tailwind\n|upkeep\n|turn|6\n|\n|t:|1775953130\n|move|p2a: Whimsicott|Tailwind|p2a: Whimsicott\n|-sidestart|p2: toxicwyvern|move: Tailwind\n|move|p2b: Typhlosion|Eruption|p1b: Incineroar|[spread] p1a,p1b\n|-resisted|p1a: Charizard|1\n|-resisted|p1b: Incineroar|1\n|-damage|p1a: Charizard|55/100\n|-damage|p1b: Incineroar|38/100\n|-enditem|p1b: Incineroar|Sitrus Berry|[eat]\n|-heal|p1b: Incineroar|62/100|[from] item: Sitrus Berry\n|move|p1a: Charizard|Heat Wave|p2b: Typhlosion|[spread] p2a\n|-start|p2b: Typhlosion|ability: Flash Fire\n|-supereffective|p2a: Whimsicott|1\n|-damage|p2a: Whimsicott|0 fnt\n|faint|p2a: Whimsicott\n|move|p1b: Incineroar|Parting Shot|p2b: Typhlosion\n|-unboost|p2b: Typhlosion|atk|1\n|-unboost|p2b: Typhlosion|spa|1\n|\n|t:|1775953144\n|switch|p1b: Whimsicott|Whimsicott, L50, M|100/100|[from] Parting Shot\n|\n|-weather|SunnyDay|[upkeep]\n|upkeep\n|\n|t:|1775953147\n|switch|p2a: Incineroar|Incineroar, L50, M|57/100\n|-ability|p2a: Incineroar|Intimidate|boost\n|-unboost|p1a: Charizard|atk|1\n|-unboost|p1b: Whimsicott|atk|1\n|turn|7\n|\n|t:|1775953151\n|move|p1b: Whimsicott|Protect|p1b: Whimsicott\n|-singleturn|p1b: Whimsicott|Protect\n|move|p1a: Charizard|Protect|p1a: Charizard\n|-singleturn|p1a: Charizard|Protect\n|move|p2a: Incineroar|Fake Out|p1b: Whimsicott\n|-activate|p1b: Whimsicott|move: Protect\n|move|p2b: Typhlosion|Eruption|p1b: Whimsicott|[spread] \n|-activate|p1a: Charizard|move: Protect\n|-activate|p1b: Whimsicott|move: Protect\n|\n|-weather|none\n|upkeep\n|turn|8\n|\n|t:|1775953164\n|switch|p1a: Incineroar|Incineroar, L50, M|62/100\n|-ability|p1a: Incineroar|Intimidate|boost\n|-unboost|p2a: Incineroar|atk|1\n|-unboost|p2b: Typhlosion|atk|1\n|move|p1b: Whimsicott|Tailwind|p1b: Whimsicott\n|-sidestart|p1: ricarlw|move: Tailwind\n|move|p2b: Typhlosion|Eruption|p1b: Whimsicott|[spread] p1a,p1b\n|-resisted|p1a: Incineroar|1\n|-supereffective|p1b: Whimsicott|1\n|-damage|p1a: Incineroar|40/100\n|-damage|p1b: Whimsicott|0 fnt\n|faint|p1b: Whimsicott\n|move|p2a: Incineroar|Flare Blitz|p1a: Incineroar\n|-resisted|p1a: Incineroar|1\n|-damage|p1a: Incineroar|26/100\n|-damage|p2a: Incineroar|53/100|[from] Recoil\n|\n|upkeep\n|\n|t:|1775953180\n|switch|p1b: Venusaur|Venusaur, L50, F|91/100\n|turn|9\n|\n|t:|1775953197\n|move|p2b: Typhlosion|Protect|p2b: Typhlosion\n|-singleturn|p2b: Typhlosion|Protect\n|move|p1a: Incineroar|Fake Out|p2b: Typhlosion\n|-activate|p2b: Typhlosion|move: Protect\n|move|p1b: Venusaur|Earth Power|p2a: Incineroar\n|-supereffective|p2a: Incineroar|1\n|-damage|p2a: Incineroar|11/100\n|-enditem|p2a: Incineroar|Sitrus Berry|[eat]\n|-heal|p2a: Incineroar|36/100|[from] item: Sitrus Berry\n|move|p2a: Incineroar|Flare Blitz|p1b: Venusaur\n|-supereffective|p1b: Venusaur|1\n|-damage|p1b: Venusaur|0 fnt\n|faint|p1b: Venusaur\n|-damage|p2a: Incineroar|13/100|[from] Recoil\n|\n|-sideend|p2: toxicwyvern|move: Tailwind\n|upkeep\n|\n|t:|1775953217\n|switch|p1b: Charizard|Charizard-Mega-Y, L50, F|55/100\n|-weather|SunnyDay|[from] ability: Drought|[of] p1b: Charizard\n|turn|10\n|\n|t:|1775953230\n|move|p1b: Charizard|Flamethrower|p2a: Incineroar\n|-resisted|p2a: Incineroar|1\n|-damage|p2a: Incineroar|0 fnt\n|faint|p2a: Incineroar\n|move|p2b: Typhlosion|Heat Wave|p1b: Charizard|[spread] p1a,p1b\n|-resisted|p1a: Incineroar|1\n|-resisted|p1b: Charizard|1\n|-crit|p1b: Charizard\n|-damage|p1a: Incineroar|6/100\n|-damage|p1b: Charizard|0 fnt\n|faint|p1b: Charizard\n|move|p1a: Incineroar|Parting Shot|p2b: Typhlosion\n|-unboost|p2b: Typhlosion|atk|1\n|-unboost|p2b: Typhlosion|spa|1\n|\n|-weather|SunnyDay|[upkeep]\n|upkeep\n|turn|11\n|c|\u2606ricarlw|GG\n|\n|t:|1775953244\n|move|p2b: Typhlosion|Protect|p2b: Typhlosion\n|-singleturn|p2b: Typhlosion|Protect\n|move|p1a: Incineroar|Flare Blitz|p2b: Typhlosion\n|-activate|p2b: Typhlosion|move: Protect\n|\n|-weather|SunnyDay|[upkeep]\n|-sideend|p1: ricarlw|move: Tailwind\n|upkeep\n|turn|12\n|c|\u2606toxicwyvern|gg wp\n|\n|t:|1775953249\n|move|p2b: Typhlosion|Scorching Sands|p1a: Incineroar\n|-supereffective|p1a: Incineroar|1\n|-damage|p1a: Incineroar|0 fnt\n|faint|p1a: Incineroar\n|\n|win|toxicwyvern\n|raw|ricarlw's rating: 1000 &rarr; <strong>1000</strong><br />(+0 for losing)\n|raw|toxicwyvern's rating: 1056 &rarr; <strong>1083</strong><br />(+27 for winning)\n|c|\u2606ricarlw|I can't hit you\n|l|\u2606ricarlw\n|player|p1|\n",
  "uploadtime": 1775953266,
  "views": 19,
  "formatid": "gen9championsvgc2026regma",
  "rating": 1000,
  "private": 0,
  "password": null
}