{
  "id": "gen9championsvgc2026regma-2587639879",
  "format": "[Gen 9 Champions] VGC 2026 Reg M-A",
  "players": [
    "breezedrw",
    "El Gingero"
  ],
  "log": "|j|\u2606breezedrw\n|j|\u2606El Gingero\n|t:|1776549438\n|gametype|doubles\n|player|p1|breezedrw|winona|1013\n|player|p2|El Gingero|gentleman-gen4|1000\n|gen|9\n|tier|[Gen 9 Champions] VGC 2026 Reg M-A\n|rated|\n|rule|Species Clause: Limit one of each Pok\u00e9mon\n|rule|Item Clause: Limit 1 of each item\n|clearpoke\n|poke|p1|Sableye, L50, F|\n|poke|p1|Toxapex, L50, F, shiny|\n|poke|p1|Primarina, L50, F, shiny|\n|poke|p1|Medicham, L50, F, shiny|\n|poke|p1|Talonflame, L50, F, shiny|\n|poke|p1|Absol, L50, F, shiny|\n|poke|p2|Charizard, L50, F|\n|poke|p2|Heliolisk, L50, M|\n|poke|p2|Golurk, L50, shiny|\n|poke|p2|Gyarados, L50, F|\n|poke|p2|Whimsicott, L50, M|\n|poke|p2|Trevenant, L50, F|\n|teampreview|4\n|\n|t:|1776549472\n|teamsize|p1|4\n|teamsize|p2|4\n|start\n|switch|p1a: Pixie|Toxapex, L50, F, shiny|100/100\n|switch|p1b: Mynor|Sableye, L50, F|100/100\n|switch|p2a: Gyarados|Gyarados, L50, F|100/100\n|switch|p2b: Whimsicott|Whimsicott, L50, M|100/100\n|-ability|p2a: Gyarados|Intimidate|boost\n|-unboost|p1a: Pixie|atk|1\n|-unboost|p1b: Mynor|atk|1\n|turn|1\n|\n|t:|1776549489\n|move|p2b: Whimsicott|Tailwind|p2b: Whimsicott\n|-sidestart|p2: El Gingero|move: Tailwind\n|move|p1b: Mynor|Thunder Wave|p2a: Gyarados\n|-status|p2a: Gyarados|par\n|move|p2a: Gyarados|Taunt|p1b: Mynor\n|-start|p1b: Mynor|move: Taunt\n|move|p1a: Pixie|Infestation|p2b: Whimsicott\n|-damage|p2b: Whimsicott|95/100\n|-activate|p2b: Whimsicott|move: Infestation|[of] p1a: Pixie\n|\n|-damage|p2b: Whimsicott|83/100|[from] move: Infestation|[partiallytrapped]\n|upkeep\n|turn|2\n|\n|t:|1776549515\n|move|p1a: Pixie|Baneful Bunker|p1a: Pixie\n|-singleturn|p1a: Pixie|move: Protect\n|move|p2b: Whimsicott|Encore|p1b: Mynor\n|-hint|Since gen 7, Dark is immune to Prankster moves.\n|-immune|p1b: Mynor\n|move|p2a: Gyarados|Taunt|p1a: Pixie\n|-activate|p1a: Pixie|move: Protect\n|move|p1b: Mynor|Knock Off|p2a: Gyarados\n|-damage|p2a: Gyarados|81/100 par\n|-enditem|p2a: Gyarados|Leftovers|[from] move: Knock Off|[of] p1b: Mynor\n|\n|-damage|p2b: Whimsicott|71/100|[from] move: Infestation|[partiallytrapped]\n|upkeep\n|turn|3\n|\n|t:|1776549545\n|switch|p1b: Circe|Absol, L50, F, shiny|100/100\n|-ability|p1b: Circe|Pressure\n|move|p2b: Whimsicott|Moonblast|p1b: Circe\n|-supereffective|p1b: Circe|1\n|-damage|p1b: Circe|0 fnt\n|faint|p1b: Circe\n|move|p2a: Gyarados|Taunt|p1a: Pixie\n|-start|p1a: Pixie|move: Taunt\n|move|p1a: Pixie|Infestation|p2a: Gyarados\n|-resisted|p2a: Gyarados|1\n|-damage|p2a: Gyarados|80/100 par\n|-activate|p2a: Gyarados|move: Infestation|[of] p1a: Pixie\n|\n|-damage|p2b: Whimsicott|59/100|[from] move: Infestation|[partiallytrapped]\n|-damage|p2a: Gyarados|67/100 par|[from] move: Infestation|[partiallytrapped]\n|upkeep\n|\n|t:|1776549562\n|switch|p1b: Mynor|Sableye, L50, F|100/100\n|turn|4\n|\n|t:|1776549584\n|move|p2b: Whimsicott|Protect|p2b: Whimsicott\n|-singleturn|p2b: Whimsicott|Protect\n|move|p2a: Gyarados|Protect|p2a: Gyarados\n|-singleturn|p2a: Gyarados|Protect\n|move|p1b: Mynor|Disable|p2b: Whimsicott\n|-activate|p2b: Whimsicott|move: Protect\n|move|p1a: Pixie|Chilling Water|p2a: Gyarados\n|-activate|p2a: Gyarados|move: Protect\n|\n|-damage|p2b: Whimsicott|47/100|[from] move: Infestation|[partiallytrapped]\n|-damage|p2a: Gyarados|55/100 par|[from] move: Infestation|[partiallytrapped]\n|-sideend|p2: El Gingero|move: Tailwind\n|upkeep\n|turn|5\n|\n|t:|1776549600\n|cant|p2a: Gyarados|par\n|move|p1b: Mynor|Encore|p2b: Whimsicott\n|-start|p2b: Whimsicott|Encore\n|move|p2b: Whimsicott|Protect||[still]\n|-fail|p2b: Whimsicott\n|move|p1a: Pixie|Chilling Water|p2a: Gyarados\n|-resisted|p2a: Gyarados|1\n|-damage|p2a: Gyarados|50/100 par\n|-unboost|p2a: Gyarados|atk|1\n|\n|-end|p2b: Whimsicott|Infestation|[partiallytrapped]\n|-damage|p2a: Gyarados|38/100 par|[from] move: Infestation|[partiallytrapped]\n|-end|p1a: Pixie|move: Taunt\n|upkeep\n|turn|6\n|\n|t:|1776549621\n|move|p2b: Whimsicott|Protect|p2b: Whimsicott\n|-singleturn|p2b: Whimsicott|Protect\n|move|p1b: Mynor|Knock Off|p2a: Gyarados\n|-damage|p2a: Gyarados|17/100 par\n|move|p2a: Gyarados|Taunt|p1b: Mynor\n|-start|p1b: Mynor|move: Taunt\n|move|p1a: Pixie|Chilling Water|p2a: Gyarados\n|-resisted|p2a: Gyarados|1\n|-damage|p2a: Gyarados|12/100 par\n|-unboost|p2a: Gyarados|atk|1\n|\n|-damage|p2a: Gyarados|0 fnt|[from] move: Infestation|[partiallytrapped]\n|faint|p2a: Gyarados\n|upkeep\n|\n|t:|1776549639\n|switch|p2a: Heliolisk|Heliolisk, L50, M|100/100\n|turn|7\n|\n|t:|1776549657\n|switch|p2b: Charizard|Charizard, L50, F|100/100\n|move|p1a: Pixie|Baneful Bunker|p1a: Pixie\n|-singleturn|p1a: Pixie|move: Protect\n|move|p2a: Heliolisk|Thunderbolt|p1b: Mynor\n|-damage|p1b: Mynor|7/100\n|move|p1b: Mynor|Knock Off|p2b: Charizard\n|-damage|p2b: Charizard|71/100\n|\n|-heal|p1b: Mynor|13/100|[from] item: Leftovers\n|upkeep\n|turn|8\n|\n|t:|1776549675\n|detailschange|p2b: Charizard|Charizard-Mega-Y, L50, F\n|-mega|p2b: Charizard|Charizard|Charizardite Y\n|-weather|SunnyDay|[from] ability: Drought|[of] p2b: Charizard\n|move|p2b: Charizard|Protect|p2b: Charizard\n|-singleturn|p2b: Charizard|Protect\n|move|p1a: Pixie|Wide Guard|p1a: Pixie\n|-singleturn|p1a: Pixie|Wide Guard\n|move|p2a: Heliolisk|Discharge|p1b: Mynor|[spread] \n|-activate|p1a: Pixie|move: Wide Guard\n|-activate|p1b: Mynor|move: Wide Guard\n|-activate|p2b: Charizard|move: Protect\n|move|p1b: Mynor|Knock Off|p2a: Heliolisk\n|-damage|p2a: Heliolisk|35/100\n|-enditem|p2a: Heliolisk|Magnet|[from] move: Knock Off|[of] p1b: Mynor\n|\n|-weather|SunnyDay|[upkeep]\n|-damage|p2a: Heliolisk|23/100|[from] ability: Solar Power|[of] p2a: Heliolisk\n|-heal|p1b: Mynor|19/100|[from] item: Leftovers\n|upkeep\n|turn|9\n|\n|t:|1776549702\n|switch|p2b: Whimsicott|Whimsicott, L50, M|47/100\n|move|p1a: Pixie|Wide Guard|p1a: Pixie\n|-singleturn|p1a: Pixie|Wide Guard\n|move|p2a: Heliolisk|Thunderbolt|p1b: Mynor\n|-damage|p1b: Mynor|0 fnt\n|faint|p1b: Mynor\n|\n|-weather|SunnyDay|[upkeep]\n|-damage|p2a: Heliolisk|11/100|[from] ability: Solar Power|[of] p2a: Heliolisk\n|upkeep\n|\n|t:|1776549714\n|switch|p1b: Athena|Medicham, L50, F, shiny|100/100\n|turn|10\n|\n|t:|1776549729\n|detailschange|p1b: Athena|Medicham-Mega, L50, F, shiny\n|-mega|p1b: Athena|Medicham|Medichamite\n|move|p2b: Whimsicott|Encore|p1a: Pixie\n|-start|p1a: Pixie|Encore\n|move|p1a: Pixie|Wide Guard|p1a: Pixie\n|-singleturn|p1a: Pixie|Wide Guard\n|move|p1b: Athena|Bullet Punch|p2a: Heliolisk\n|-resisted|p2a: Heliolisk|1\n|-damage|p2a: Heliolisk|0 fnt\n|faint|p2a: Heliolisk\n|\n|-weather|SunnyDay|[upkeep]\n|upkeep\n|\n|t:|1776549737\n|switch|p2a: Charizard|Charizard-Mega-Y, L50, F|71/100\n|turn|11\n|\n|t:|1776549750\n|move|p1a: Pixie|Wide Guard|p1a: Pixie\n|-singleturn|p1a: Pixie|Wide Guard\n|move|p2b: Whimsicott|Encore|p1b: Athena\n|-start|p1b: Athena|Encore\n|move|p1b: Athena|Bullet Punch|p2a: Charizard\n|-resisted|p2a: Charizard|1\n|-damage|p2a: Charizard|56/100\n|move|p2a: Charizard|Weather Ball|p1b: Athena\n|-damage|p1b: Athena|0 fnt\n|faint|p1b: Athena\n|\n|-weather|SunnyDay|[upkeep]\n|upkeep\n|turn|12\n|-message|breezedrw forfeited.\n|\n|win|El Gingero\n|raw|breezedrw's rating: 1013 &rarr; <strong>1001</strong><br />(-12 for losing)\n|raw|El Gingero's rating: 1000 &rarr; <strong>1041</strong><br />(+41 for winning)\n|l|\u2606breezedrw\n|player|p1|\n",
  "uploadtime": 1776549767,
  "views": 12,
  "formatid": "gen9championsvgc2026regma",
  "rating": 1001,
  "private": 0,
  "password": null
}