{
  "id": "gen9championsvgc2026regma-2588337269",
  "format": "[Gen 9 Champions] VGC 2026 Reg M-A",
  "players": [
    "232WEWE",
    "sintist"
  ],
  "log": "|j|\u2606232WEWE\n|j|\u2606sintist\n|t:|1776625220\n|gametype|doubles\n|player|p1|232WEWE|guitarist|1114\n|player|p2|sintist|265|1057\n|gen|9\n|tier|[Gen 9 Champions] VGC 2026 Reg M-A\n|rated|\n|rule|Species Clause: Limit one of each Pok\u00e9mon\n|rule|Item Clause: Limit 1 of each item\n|clearpoke\n|poke|p1|Sneasler, L50, F|\n|poke|p1|Aggron, L50, F|\n|poke|p1|Sableye, L50, F|\n|poke|p1|Tyranitar, L50, F|\n|poke|p1|Incineroar, L50, F|\n|poke|p1|Sinistcha, L50|\n|poke|p2|Farigiraf, L50, F|\n|poke|p2|Sinistcha-Masterpiece, L50|\n|poke|p2|Excadrill, L50, M|\n|poke|p2|Camerupt, L50, F|\n|poke|p2|Torkoal, L50, M|\n|poke|p2|Garchomp, L50, F|\n|teampreview|4\n|\n|t:|1776625245\n|teamsize|p1|4\n|teamsize|p2|4\n|start\n|switch|p1a: Aggron|Aggron, L50, F|100/100\n|switch|p1b: Incineroar|Incineroar, L50, F|100/100\n|switch|p2a: Farigiraf|Farigiraf, L50, F|100/100\n|switch|p2b: Camerupt|Camerupt, L50, F|100/100\n|-ability|p1b: Incineroar|Intimidate|boost\n|-unboost|p2a: Farigiraf|atk|1\n|-unboost|p2b: Camerupt|atk|1\n|turn|1\n|\n|t:|1776625298\n|detailschange|p1a: Aggron|Aggron-Mega, L50, F\n|-mega|p1a: Aggron|Aggron|Aggronite\n|detailschange|p2b: Camerupt|Camerupt-Mega, L50, F\n|-mega|p2b: Camerupt|Camerupt|Cameruptite\n|move|p1b: Incineroar|Snarl|p2a: Farigiraf|[spread] p2a,p2b\n|-supereffective|p2a: Farigiraf|1\n|-damage|p2a: Farigiraf|83/100\n|-damage|p2b: Camerupt|90/100\n|-unboost|p2a: Farigiraf|spa|1\n|-unboost|p2b: Camerupt|spa|1\n|move|p1a: Aggron|Iron Defense|p1a: Aggron\n|-boost|p1a: Aggron|def|2\n|move|p2b: Camerupt|Eruption|p1b: Incineroar|[spread] p1a,p1b\n|-supereffective|p1a: Aggron|1\n|-resisted|p1b: Incineroar|1\n|-damage|p1a: Aggron|45/100\n|-damage|p1b: Incineroar|81/100\n|move|p2a: Farigiraf|Trick Room|p2a: Farigiraf\n|-fieldstart|move: Trick Room|[of] p2a: Farigiraf\n|\n|upkeep\n|turn|2\n|\n|t:|1776625338\n|switch|p2a: Torkoal|Torkoal, L50, M|100/100\n|-weather|SunnyDay|[from] ability: Drought|[of] p2a: Torkoal\n|move|p1a: Aggron|Protect|p1a: Aggron\n|-singleturn|p1a: Aggron|Protect\n|move|p2b: Camerupt|Earth Power|p1b: Incineroar\n|-supereffective|p1b: Incineroar|1\n|-damage|p1b: Incineroar|0 fnt\n|faint|p1b: Incineroar\n|\n|-weather|SunnyDay|[upkeep]\n|upkeep\n|\n|t:|1776625351\n|switch|p1b: Tyranitar|Tyranitar, L50, F|100/100\n|-weather|Sandstorm|[from] ability: Sand Stream|[of] p1b: Tyranitar\n|turn|3\n|\n|t:|1776625379\n|move|p2a: Torkoal|Eruption|p1b: Tyranitar|[spread] p1a,p1b\n|-supereffective|p1a: Aggron|1\n|-resisted|p1b: Tyranitar|1\n|-crit|p1b: Tyranitar\n|-damage|p1a: Aggron|0 fnt\n|-damage|p1b: Tyranitar|74/100\n|faint|p1a: Aggron\n|move|p2b: Camerupt|Eruption|p1b: Tyranitar\n|-resisted|p1b: Tyranitar|1\n|-damage|p1b: Tyranitar|58/100\n|move|p1b: Tyranitar|Rock Slide|p2b: Camerupt|[spread] p2a,p2b\n|-supereffective|p2a: Torkoal|1\n|-damage|p2a: Torkoal|38/100\n|-damage|p2b: Camerupt|54/100\n|\n|-weather|Sandstorm|[upkeep]\n|-damage|p2a: Torkoal|32/100|[from] Sandstorm\n|upkeep\n|\n|t:|1776625392\n|switch|p1a: Sableye|Sableye, L50, F|100/100\n|turn|4\n|\n|t:|1776625409\n|move|p1a: Sableye|Light Screen|p1a: Sableye\n|-sidestart|p1: 232WEWE|move: Light Screen\n|move|p2a: Torkoal|Earth Power|p1b: Tyranitar\n|-supereffective|p1b: Tyranitar|1\n|-damage|p1b: Tyranitar|39/100\n|move|p2b: Camerupt|Earth Power|p1b: Tyranitar\n|-supereffective|p1b: Tyranitar|1\n|-damage|p1b: Tyranitar|0 fnt\n|faint|p1b: Tyranitar\n|\n|-weather|Sandstorm|[upkeep]\n|-damage|p2a: Torkoal|26/100|[from] Sandstorm\n|-damage|p1a: Sableye|95/100|[from] Sandstorm\n|upkeep\n|turn|5\n|-message|232WEWE forfeited.\n|\n|win|sintist\n|raw|232WEWE's rating: 1114 &rarr; <strong>1085</strong><br />(-29 for losing)\n|raw|sintist's rating: 1057 &rarr; <strong>1094</strong><br />(+37 for winning)\n|l|\u2606232WEWE\n|player|p1|\n",
  "uploadtime": 1776625426,
  "views": 31,
  "formatid": "gen9championsvgc2026regma",
  "rating": 1085,
  "private": 0,
  "password": null
}