{
  "id": "gen9championsvgc2026regma-2586147980",
  "format": "[Gen 9 Champions] VGC 2026 Reg M-A",
  "players": [
    "prasp14",
    "asd_daviddddd"
  ],
  "log": "|j|\u2606prasp14\n|j|\u2606asd_daviddddd\n|t:|1776405050\n|gametype|doubles\n|player|p1|prasp14|clair|1085\n|player|p2|asd_daviddddd|169|1000\n|gen|9\n|tier|[Gen 9 Champions] VGC 2026 Reg M-A\n|rated|\n|rule|Species Clause: Limit one of each Pok\u00e9mon\n|rule|Item Clause: Limit 1 of each item\n|clearpoke\n|poke|p1|Aerodactyl, L50, F|\n|poke|p1|Tyranitar, L50, F|\n|poke|p1|Sinistcha, L50|\n|poke|p1|Hydreigon, L50, M|\n|poke|p1|Rotom-Wash, L50|\n|poke|p1|Arcanine, L50, M|\n|poke|p2|Garchomp, L50, F|\n|poke|p2|Maushold-Four, L50|\n|poke|p2|Incineroar, L50, M|\n|poke|p2|Delphox, L50, F|\n|poke|p2|Sinistcha, L50|\n|poke|p2|Rotom-Wash, L50|\n|teampreview|4\n|inactive|Battle timer is ON: inactive players will automatically lose when time's up. (requested by prasp14)\n|\n|t:|1776405078\n|teamsize|p1|4\n|teamsize|p2|4\n|start\n|switch|p1a: Aerodactyl|Aerodactyl, L50, F|100/100\n|switch|p1b: Arcanine|Arcanine, L50, M|100/100\n|switch|p2a: Garchomp|Garchomp, L50, F|100/100\n|switch|p2b: Maushold|Maushold-Four, L50|100/100\n|-ability|p1a: Aerodactyl|Unnerve\n|-ability|p1b: Arcanine|Intimidate|boost\n|-unboost|p2a: Garchomp|atk|1\n|-unboost|p2b: Maushold|atk|1\n|turn|1\n|inactive|prasp14 has 30 seconds left.\n|inactive|prasp14 has 20 seconds left.\n|\n|t:|1776405114\n|switch|p2a: Incineroar|Incineroar, L50, M|100/100\n|-ability|p2a: Incineroar|Intimidate|boost\n|-unboost|p1a: Aerodactyl|atk|1\n|-unboost|p1b: Arcanine|atk|1\n|detailschange|p1a: Aerodactyl|Aerodactyl-Mega, L50, F\n|-mega|p1a: Aerodactyl|Aerodactyl|Aerodactylite\n|move|p1a: Aerodactyl|Ice Fang|p2a: Incineroar\n|-resisted|p2a: Incineroar|1\n|-crit|p2a: Incineroar\n|-damage|p2a: Incineroar|88/100\n|move|p2b: Maushold|Super Fang|p1b: Arcanine\n|-damage|p1b: Arcanine|51/100\n|move|p1b: Arcanine|Flare Blitz|p2b: Maushold\n|-damage|p2b: Maushold|55/100\n|-damage|p1b: Arcanine|34/100|[from] Recoil\n|-enditem|p1b: Arcanine|Sitrus Berry|[eat]\n|-heal|p1b: Arcanine|59/100|[from] item: Sitrus Berry\n|\n|upkeep\n|turn|2\n|inactive|prasp14 has 30 seconds left.\n|inactive|asd_daviddddd has 30 seconds left.\n|inactive|prasp14 has 20 seconds left.\n|\n|t:|1776405151\n|switch|p1a: Rotom|Rotom-Wash, L50, shiny|100/100\n|move|p2a: Incineroar|Fake Out|p1a: Rotom\n|-damage|p1a: Rotom|88/100\n|move|p2b: Maushold|Super Fang|p1a: Rotom\n|-damage|p1a: Rotom|44/100\n|move|p1b: Arcanine|Flare Blitz|p2b: Maushold\n|-damage|p2b: Maushold|10/100\n|-damage|p1b: Arcanine|43/100|[from] Recoil\n|\n|-heal|p1a: Rotom|50/100|[from] item: Leftovers\n|upkeep\n|turn|3\n|\n|t:|1776405171\n|move|p2b: Maushold|Follow Me|p2b: Maushold\n|-singleturn|p2b: Maushold|move: Follow Me\n|move|p1b: Arcanine|Extreme Speed|p2b: Maushold\n|-damage|p2b: Maushold|0 fnt\n|faint|p2b: Maushold\n|move|p1a: Rotom|Hydro Pump|p2a: Incineroar\n|-supereffective|p2a: Incineroar|1\n|-damage|p2a: Incineroar|12/100\n|move|p2a: Incineroar|Parting Shot|p1a: Rotom\n|-unboost|p1a: Rotom|atk|1\n|-unboost|p1a: Rotom|spa|1\n|\n|t:|1776405181\n|switch|p2a: Garchomp|Garchomp, L50, F|100/100|[from] Parting Shot\n|\n|-heal|p1a: Rotom|56/100|[from] item: Leftovers\n|upkeep\n|\n|t:|1776405187\n|switch|p2b: Incineroar|Incineroar, L50, M|12/100\n|-ability|p2b: Incineroar|Intimidate|boost\n|-unboost|p1a: Rotom|atk|1\n|-unboost|p1b: Arcanine|atk|1\n|turn|4\n|\n|t:|1776405200\n|move|p2b: Incineroar|Fake Out|p1a: Rotom\n|-damage|p1a: Rotom|42/100\n|move|p1b: Arcanine|Extreme Speed|p2b: Incineroar\n|-damage|p2b: Incineroar|4/100\n|move|p2a: Garchomp|Rock Slide|p1b: Arcanine|[spread] p1a\n|-miss|p2a: Garchomp|p1b: Arcanine\n|-damage|p1a: Rotom|19/100\n|cant|p1a: Rotom|flinch\n|\n|-heal|p1a: Rotom|24/100|[from] item: Leftovers\n|upkeep\n|turn|5\n|\n|t:|1776405217\n|move|p2b: Incineroar|Protect|p2b: Incineroar\n|-singleturn|p2b: Incineroar|Protect\n|move|p1b: Arcanine|Extreme Speed|p2b: Incineroar\n|-activate|p2b: Incineroar|move: Protect\n|move|p2a: Garchomp|Rock Slide|p1a: Rotom|[spread] p1a,p1b\n|-supereffective|p1b: Arcanine|1\n|-damage|p1a: Rotom|0 fnt\n|-damage|p1b: Arcanine|0 fnt\n|faint|p1a: Rotom\n|faint|p1b: Arcanine\n|\n|upkeep\n|\n|t:|1776405220\n|switch|p1a: Hydreigon|Hydreigon, L50, M|100/100\n|switch|p1b: Aerodactyl|Aerodactyl-Mega, L50, F|100/100\n|turn|6\n|inactive|asd_daviddddd has 30 seconds left.\n|\n|t:|1776405247\n|switch|p2a: Delphox|Delphox, L50, F|100/100\n|move|p1b: Aerodactyl|Ice Fang|p2a: Delphox\n|-resisted|p2a: Delphox|1\n|-damage|p2a: Delphox|80/100\n|move|p1a: Hydreigon|Earth Power|p2b: Incineroar\n|-supereffective|p2b: Incineroar|1\n|-damage|p2b: Incineroar|0 fnt\n|faint|p2b: Incineroar\n|\n|upkeep\n|\n|t:|1776405257\n|switch|p2b: Garchomp|Garchomp, L50, F|100/100\n|turn|7\n|inactive|prasp14 has 30 seconds left.\n|inactive|prasp14 has 20 seconds left.\n|\n|t:|1776405294\n|detailschange|p2a: Delphox|Delphox-Mega, L50, F\n|-mega|p2a: Delphox|Delphox|Delphoxite\n|move|p1b: Aerodactyl|Rock Slide|p2b: Garchomp|[spread] p2a\n|-miss|p1b: Aerodactyl|p2b: Garchomp\n|-supereffective|p2a: Delphox|1\n|-damage|p2a: Delphox|0 fnt\n|faint|p2a: Delphox\n|move|p2b: Garchomp|Iron Head|p1b: Aerodactyl\n|-supereffective|p1b: Aerodactyl|1\n|-damage|p1b: Aerodactyl|28/100\n|move|p1a: Hydreigon|Dark Pulse|p2b: Garchomp\n|-damage|p2b: Garchomp|52/100\n|\n|upkeep\n|turn|8\n|-message|asd_daviddddd forfeited.\n|\n|win|prasp14\n|raw|prasp14's rating: 1085 &rarr; <strong>1106</strong><br />(+21 for winning)\n|raw|asd_daviddddd's rating: 1000 &rarr; <strong>1000</strong><br />(+0 for losing)\n|l|\u2606asd_daviddddd\n|player|p2|\n",
  "uploadtime": 1776405311,
  "views": 16,
  "formatid": "gen9championsvgc2026regma",
  "rating": 1000,
  "private": 0,
  "password": null
}