{
  "id": "gen9championsvgc2026regma-2582169286",
  "format": "[Gen 9 Champions] VGC 2026 Reg M-A",
  "players": [
    "Inspector Spam",
    "gogozeppeli190"
  ],
  "log": "|j|\u2606Inspector Spam\n|j|\u2606gogozeppeli190\n|t:|1776066797\n|gametype|doubles\n|player|p1|Inspector Spam|shauntal|1040\n|player|p2|gogozeppeli190|266|1006\n|gen|9\n|tier|[Gen 9 Champions] VGC 2026 Reg M-A\n|rated|\n|rule|Species Clause: Limit one of each Pok\u00e9mon\n|rule|Item Clause: Limit 1 of each item\n|clearpoke\n|poke|p1|Absol, L50, F|\n|poke|p1|Incineroar, L50, F|\n|poke|p1|Rotom-Wash, L50|\n|poke|p1|Garchomp, L50, M|\n|poke|p1|Tyranitar, L50, M|\n|poke|p1|Meowscarada, L50, M|\n|poke|p2|Scizor, L50, M|\n|poke|p2|Sneasler, L50, M|\n|poke|p2|Altaria, L50, M|\n|poke|p2|Incineroar, L50, F|\n|poke|p2|Rotom-Wash, L50|\n|poke|p2|Ditto, L50|\n|teampreview|4\n|inactive|Battle timer is ON: inactive players will automatically lose when time's up. (requested by Inspector Spam)\n|j| majayong03\ngogozeppeli190 has agreed to open team sheets.\n|l| majayong03\n|inactive|Inspector Spam has 60 seconds left.\n|inactive|gogozeppeli190 has 60 seconds left.\n|\n|t:|1776066837\n|teamsize|p1|4\n|teamsize|p2|4\n|start\n|switch|p1a: Absol|Absol, L50, F|100/100\n|switch|p1b: Incineroar|Incineroar, L50, F|100/100\n|switch|p2a: Ditto|Ditto, L50|100/100\n|switch|p2b: Incineroar|Incineroar, L50, F|100/100\n|-ability|p1b: Incineroar|Intimidate|boost\n|-unboost|p2a: Ditto|atk|1\n|-unboost|p2b: Incineroar|atk|1\n|-ability|p2b: Incineroar|Intimidate|boost\n|-unboost|p1a: Absol|atk|1\n|-unboost|p1b: Incineroar|atk|1\n|-transform|p2a: Ditto|p1b: Incineroar|[from] ability: Imposter\n|-ability|p2a: Ditto|Intimidate|boost\n|-unboost|p1a: Absol|atk|1\n|-unboost|p1b: Incineroar|atk|1\n|turn|1\n|inactive|gogozeppeli190 has 30 seconds left.\n|\n|t:|1776066867\n|switch|p1a: Rotom|Rotom-Wash, L50|100/100\n|switch|p1b: Meowscarada|Meowscarada, L50, M, shiny|100/100\n|move|p2a: Ditto|Fake Out|p1b: Meowscarada\n|-damage|p1b: Meowscarada|88/100\n|move|p2b: Incineroar|Fake Out|p1a: Rotom\n|-damage|p1a: Rotom|89/100\n|\n|upkeep\n|turn|2\n|inactive|gogozeppeli190 has 30 seconds left.\n|inactive|gogozeppeli190 has 20 seconds left.\n|inactive|gogozeppeli190 has 15 seconds left.\n|inactive|gogozeppeli190 has 10 seconds left.\n|\n|t:|1776066914\n|switch|p1b: Incineroar|Incineroar, L50, F|100/100\n|-ability|p1b: Incineroar|Intimidate|boost\n|-unboost|p2a: Ditto|atk|1\n|-unboost|p2b: Incineroar|atk|1\n|switch|p2a: Rotom|Rotom-Wash, L50|100/100\n|move|p1a: Rotom|Hydro Pump|p2b: Incineroar|[miss]\n|-miss|p1a: Rotom|p2b: Incineroar\n|move|p2b: Incineroar|Parting Shot|p1a: Rotom\n|-unboost|p1a: Rotom|atk|1\n|-unboost|p1a: Rotom|spa|1\n|\n|t:|1776066929\n|switch|p2b: Ditto|Ditto, L50|100/100|[from] Parting Shot\n|-transform|p2b: Ditto|p1a: Rotom|[from] ability: Imposter\n|\n|upkeep\n|turn|3\n|inactive|gogozeppeli190 has 30 seconds left.\n|\n|t:|1776066958\n|move|p2b: Ditto|Protect|p2b: Ditto\n|-singleturn|p2b: Ditto|Protect\n|move|p1b: Incineroar|Fake Out|p2a: Rotom\n|-damage|p2a: Rotom|82/100\n|cant|p2a: Rotom|flinch\n|move|p1a: Rotom|Thunderbolt|p2b: Ditto\n|-activate|p2b: Ditto|move: Protect\n|\n|upkeep\n|turn|4\n|\n|t:|1776066978\n|switch|p2b: Incineroar|Incineroar, L50, F|100/100\n|-ability|p2b: Incineroar|Intimidate|boost\n|-unboost|p1a: Rotom|atk|1\n|-unboost|p1b: Incineroar|atk|1\n|move|p2a: Rotom|Trick|p1b: Incineroar\n|-activate|p2a: Rotom|move: Trick|[of] p1b: Incineroar\n|-item|p1b: Incineroar|Choice Scarf|[from] move: Trick\n|-item|p2a: Rotom|Lum Berry|[from] move: Trick\n|move|p1b: Incineroar|Parting Shot|p2b: Incineroar\n|-unboost|p2b: Incineroar|atk|1\n|-unboost|p2b: Incineroar|spa|1\n|\n|t:|1776066989\n|switch|p1b: Absol|Absol, L50, F|100/100|[from] Parting Shot\n|move|p1a: Rotom|Thunderbolt|p2b: Incineroar\n|-damage|p2b: Incineroar|77/100\n|\n|upkeep\n|turn|5\n|inactive|Inspector Spam has 30 seconds left.\n|\n|t:|1776067017\n|move|p2b: Incineroar|Fake Out|p1a: Rotom\n|-damage|p1a: Rotom|76/100\n|move|p1b: Absol|Focus Energy|p1b: Absol\n|-start|p1b: Absol|move: Focus Energy\n|move|p2a: Rotom|Hydro Pump|p1a: Rotom\n|-resisted|p1a: Rotom|1\n|-damage|p1a: Rotom|50/100\n|-enditem|p1a: Rotom|Sitrus Berry|[eat]\n|-heal|p1a: Rotom|75/100|[from] item: Sitrus Berry\n|cant|p1a: Rotom|flinch\n|\n|upkeep\n|turn|6\n|\n|t:|1776067036\n|switch|p2b: Ditto|Ditto, L50|100/100\n|-transform|p2b: Ditto|p1a: Rotom|[from] ability: Imposter\n|detailschange|p1b: Absol|Absol-Mega, L50, F\n|-mega|p1b: Absol|Absol|Absolite\n|move|p1b: Absol|Knock Off|p2a: Rotom\n|-damage|p2a: Rotom|3/100\n|-enditem|p2a: Rotom|Lum Berry|[from] move: Knock Off|[of] p1b: Absol\n|move|p2a: Rotom|Volt Switch|p1b: Absol\n|-damage|p1b: Absol|38/100\n|\n|t:|1776067047\n|switch|p2a: Incineroar|Incineroar, L50, F|77/100|[from] Volt Switch\n|-ability|p2a: Incineroar|Intimidate|boost\n|-unboost|p1a: Rotom|atk|1\n|-unboost|p1b: Absol|atk|1\n|move|p1a: Rotom|Thunderbolt|p2a: Incineroar\n|-damage|p2a: Incineroar|54/100\n|\n|upkeep\n|turn|7\n|\n|t:|1776067063\n|move|p1b: Absol|Protect|p1b: Absol\n|-singleturn|p1b: Absol|Protect\n|move|p2a: Incineroar|Fake Out|p1a: Rotom\n|-damage|p1a: Rotom|56/100\n|cant|p1a: Rotom|flinch\n|move|p2b: Ditto|Thunderbolt|p1b: Absol\n|-activate|p1b: Absol|move: Protect\n|\n|upkeep\n|turn|8\n|inactive|gogozeppeli190 has 30 seconds left.\n|\n|t:|1776067090\n|move|p1b: Absol|Sucker Punch|p2b: Ditto\n|-crit|p2b: Ditto\n|-damage|p2b: Ditto|14/100\n|move|p2b: Ditto|Hydro Pump|p1b: Absol\n|-damage|p1b: Absol|0 fnt\n|faint|p1b: Absol\n|move|p1a: Rotom|Thunderbolt|p2b: Ditto\n|-damage|p2b: Ditto|0 fnt\n|faint|p2b: Ditto\n|move|p2a: Incineroar|Throat Chop|p1a: Rotom\n|-crit|p1a: Rotom\n|-damage|p1a: Rotom|0 fnt\n|faint|p1a: Rotom\n|\n|upkeep\n|\n|t:|1776067109\n|switch|p1b: Meowscarada|Meowscarada, L50, M, shiny|88/100\n|switch|p1a: Incineroar|Incineroar, L50, F|100/100\n|switch|p2b: Rotom|Rotom-Wash, L50|3/100\n|-ability|p1a: Incineroar|Intimidate|boost\n|-unboost|p2a: Incineroar|atk|1\n|-unboost|p2b: Rotom|atk|1\n|turn|9\n|\n|t:|1776067132\n|move|p1a: Incineroar|Fake Out|p2a: Incineroar\n|-damage|p2a: Incineroar|43/100\n|move|p1b: Meowscarada|Flower Trick|p2b: Rotom\n|-start|p1b: Meowscarada|typechange|Grass|[from] ability: Protean\n|-supereffective|p2b: Rotom|1\n|-crit|p2b: Rotom\n|-damage|p2b: Rotom|0 fnt\n|faint|p2b: Rotom\n|cant|p2a: Incineroar|flinch\n|\n|upkeep\n|\n|t:|1776067143\n|switch|p2b: Scizor|Scizor, L50, M|100/100\n|turn|10\n|\n|t:|1776067157\n|detailschange|p2b: Scizor|Scizor-Mega, L50, M\n|-mega|p2b: Scizor|Scizor|Scizorite\n|move|p2b: Scizor|Protect|p2b: Scizor\n|-singleturn|p2b: Scizor|Protect\n|move|p1b: Meowscarada|Sucker Punch||[still]\n|-fail|p1b: Meowscarada\n|-activate|p1a: Incineroar|move: Struggle\n|move|p1a: Incineroar|Struggle|p2a: Incineroar\n|-damage|p2a: Incineroar|29/100\n|-damage|p1a: Incineroar|75/100|[from] recoil\n|move|p2a: Incineroar|Parting Shot|p1a: Incineroar\n|-unboost|p1a: Incineroar|atk|1\n|-unboost|p1a: Incineroar|spa|1\n|\n|upkeep\n|turn|11\n|\n|t:|1776067175\n|move|p2b: Scizor|Protect||[still]\n|-fail|p2b: Scizor\n|move|p1b: Meowscarada|Sucker Punch||[still]\n|-fail|p1b: Meowscarada\n|-activate|p1a: Incineroar|move: Struggle\n|move|p1a: Incineroar|Struggle|p2b: Scizor\n|-damage|p2b: Scizor|89/100\n|-damage|p1a: Incineroar|50/100|[from] recoil\n|move|p2a: Incineroar|Flare Blitz|p1b: Meowscarada\n|-supereffective|p1b: Meowscarada|1\n|-damage|p1b: Meowscarada|0 fnt\n|faint|p1b: Meowscarada\n|-damage|p2a: Incineroar|3/100|[from] Recoil\n|\n|upkeep\n|turn|12\n|-message|Inspector Spam forfeited.\n|\n|win|gogozeppeli190\n|raw|Inspector Spam's rating: 1040 &rarr; <strong>1022</strong><br />(-18 for losing)\n|raw|gogozeppeli190's rating: 1006 &rarr; <strong>1049</strong><br />(+43 for winning)\n|l|\u2606Inspector Spam\n|player|p1|\n",
  "uploadtime": 1776067190,
  "views": 37,
  "formatid": "gen9championsvgc2026regma",
  "rating": 1022,
  "private": 0,
  "password": null
}