{
  "id": "gen9championsvgc2026regma-2587103622",
  "format": "[Gen 9 Champions] VGC 2026 Reg M-A",
  "players": [
    "CaliSurf909",
    "K1tfox"
  ],
  "log": "|j|\u2606CaliSurf909\n|j|\u2606K1tfox\n|t:|1776493864\n|gametype|doubles\n|player|p1|CaliSurf909|fisherman-gen4|1077\n|player|p2|K1tfox|harlequin|1078\n|gen|9\n|tier|[Gen 9 Champions] VGC 2026 Reg M-A\n|rated|\n|rule|Species Clause: Limit one of each Pok\u00e9mon\n|rule|Item Clause: Limit 1 of each item\n|clearpoke\n|poke|p1|Aerodactyl, L50, F, shiny|\n|poke|p1|Gliscor, L50, M, shiny|\n|poke|p1|Gyarados, L50, M, shiny|\n|poke|p1|Slowbro-Galar, L50, M, shiny|\n|poke|p1|Empoleon, L50, M, shiny|\n|poke|p1|Klefki, L50, M, shiny|\n|poke|p2|Arcanine, L50, M|\n|poke|p2|Maushold, L50|\n|poke|p2|Sneasler, L50, M|\n|poke|p2|Archaludon, L50, F|\n|poke|p2|Palafin, L50, F|\n|poke|p2|Scizor, L50, F|\n|teampreview|4\n|\n|t:|1776493935\n|teamsize|p1|4\n|teamsize|p2|4\n|start\n|switch|p1a: Slowbro|Slowbro-Galar, L50, M, shiny|100/100\n|switch|p1b: Klefki|Klefki, L50, M, shiny|100/100\n|switch|p2a: Chris maus|Maushold, L50|100/100\n|switch|p2b: Hisotherwife|Archaludon, L50, F|100/100\n|turn|1\n|\n|t:|1776493965\n|move|p1b: Klefki|Thunder Wave|p2b: Hisotherwife\n|-status|p2b: Hisotherwife|par\n|move|p2a: Chris maus|Super Fang|p1a: Slowbro\n|-damage|p1a: Slowbro|51/100\n|move|p2b: Hisotherwife|Dark Pulse|p1a: Slowbro\n|-supereffective|p1a: Slowbro|1\n|-damage|p1a: Slowbro|0 fnt\n|faint|p1a: Slowbro\n|\n|upkeep\n|\n|t:|1776493989\n|switch|p1a: Gliscor|Gliscor, L50, M, shiny|100/100\n|turn|2\n|\n|t:|1776494004\n|move|p1b: Klefki|Protect|p1b: Klefki\n|-singleturn|p1b: Klefki|Protect\n|move|p2a: Chris maus|Super Fang|p1a: Gliscor\n|-damage|p1a: Gliscor|51/100\n|move|p1a: Gliscor|Earthquake|p2a: Chris maus|[spread] p2a,p2b\n|-activate|p1b: Klefki|move: Protect\n|-supereffective|p2b: Hisotherwife|1\n|-enditem|p2b: Hisotherwife|Shuca Berry|[eat]\n|-enditem|p2b: Hisotherwife|Shuca Berry|[weaken]\n|-damage|p2a: Chris maus|49/100\n|-damage|p2b: Hisotherwife|81/100 par\n|-ability|p2b: Hisotherwife|Stamina|boost\n|-boost|p2b: Hisotherwife|def|1\n|move|p2b: Hisotherwife|Dragon Pulse|p1a: Gliscor\n|-damage|p1a: Gliscor|0 fnt\n|faint|p1a: Gliscor\n|\n|upkeep\n|\n|t:|1776494021\n|switch|p1a: Aerodactyl|Aerodactyl, L50, F, shiny|100/100\n|turn|3\n|\n|t:|1776494039\n|detailschange|p1a: Aerodactyl|Aerodactyl-Mega, L50, F, shiny\n|-mega|p1a: Aerodactyl|Aerodactyl|Aerodactylite\n|move|p1b: Klefki|Thunder Wave|p2a: Chris maus\n|-status|p2a: Chris maus|par\n|move|p1a: Aerodactyl|Rock Slide|p2a: Chris maus|[spread] p2a,p2b\n|-resisted|p2b: Hisotherwife|1\n|-damage|p2a: Chris maus|12/100 par\n|-damage|p2b: Hisotherwife|76/100 par\n|-ability|p2b: Hisotherwife|Stamina|boost\n|-boost|p2b: Hisotherwife|def|1\n|move|p2a: Chris maus|Super Fang|p1a: Aerodactyl\n|-damage|p1a: Aerodactyl|50/100\n|move|p2b: Hisotherwife|Thunderbolt|p1a: Aerodactyl\n|-supereffective|p1a: Aerodactyl|1\n|-damage|p1a: Aerodactyl|0 fnt\n|faint|p1a: Aerodactyl\n|\n|upkeep\n|turn|4\n|c|\u2606K1tfox|Huh\n|c|\u2606K1tfox|That's real weird\n|\n|t:|1776494071\n|move|p1b: Klefki|Light Screen|p1b: Klefki\n|-sidestart|p1: CaliSurf909|move: Light Screen\n|move|p2a: Chris maus|Super Fang|p1b: Klefki\n|-damage|p1b: Klefki|50/100\n|move|p2b: Hisotherwife|Dark Pulse|p1b: Klefki\n|-resisted|p1b: Klefki|1\n|-damage|p1b: Klefki|41/100\n|\n|upkeep\n|turn|5\n|\n|t:|1776494082\n|move|p1b: Klefki|Light Screen||[still]\n|-fail|p1b: Klefki\n|cant|p2a: Chris maus|par\n|move|p2b: Hisotherwife|Thunderbolt|p1b: Klefki|[miss]\n|-miss|p2b: Hisotherwife|p1b: Klefki\n|\n|upkeep\n|turn|6\n|\n|t:|1776494095\n|move|p1b: Klefki|Light Screen||[still]\n|-fail|p1b: Klefki\n|move|p2a: Chris maus|Beat Up|p2b: Hisotherwife\n|-crit|p2b: Hisotherwife\n|-damage|p2b: Hisotherwife|73/100 par\n|-ability|p2b: Hisotherwife|Stamina|boost\n|-boost|p2b: Hisotherwife|def|1\n|-damage|p2b: Hisotherwife|73/100 par\n|-ability|p2b: Hisotherwife|Stamina|boost\n|-boost|p2b: Hisotherwife|def|1\n|-damage|p2b: Hisotherwife|72/100 par\n|-ability|p2b: Hisotherwife|Stamina|boost\n|-boost|p2b: Hisotherwife|def|1\n|-hitcount|p2b: Hisotherwife|3\n|move|p2b: Hisotherwife|Thunderbolt|p1b: Klefki\n|-damage|p1b: Klefki|20/100\n|\n|upkeep\n|turn|7\n|\n|t:|1776494112\n|move|p1b: Klefki|Light Screen||[still]\n|-fail|p1b: Klefki\n|move|p2a: Chris maus|Beat Up|p1b: Klefki\n|-resisted|p1b: Klefki|1\n|-damage|p1b: Klefki|19/100\n|-resisted|p1b: Klefki|1\n|-damage|p1b: Klefki|18/100\n|-resisted|p1b: Klefki|1\n|-damage|p1b: Klefki|16/100\n|-hitcount|p1b: Klefki|3\n|move|p2b: Hisotherwife|Thunderbolt|p1b: Klefki\n|-damage|p1b: Klefki|0 fnt\n|faint|p1b: Klefki\n|\n|win|K1tfox\n|raw|CaliSurf909's rating: 1077 &rarr; <strong>1056</strong><br />(-21 for losing)\n|raw|K1tfox's rating: 1078 &rarr; <strong>1106</strong><br />(+28 for winning)\n|l|\u2606CaliSurf909\n|player|p1|\n",
  "uploadtime": 1776494128,
  "views": 13,
  "formatid": "gen9championsvgc2026regma",
  "rating": 1056,
  "private": 0,
  "password": null
}