{
  "id": "gen9championsvgc2026regma-2583529045",
  "format": "[Gen 9 Champions] VGC 2026 Reg M-A",
  "players": [
    "woahgyarados",
    "Nwm3459"
  ],
  "log": "|j|\u2606woahgyarados\n|j|\u2606Nwm3459\n|t:|1776181387\n|gametype|doubles\n|player|p1|woahgyarados|misty|1000\n|player|p2|Nwm3459|cynthia-gen4|1096\n|gen|9\n|tier|[Gen 9 Champions] VGC 2026 Reg M-A\n|rated|\n|rule|Species Clause: Limit one of each Pok\u00e9mon\n|rule|Item Clause: Limit 1 of each item\n|clearpoke\n|poke|p1|Delphox, L50, F|\n|poke|p1|Garchomp, L50, M|\n|poke|p1|Gyarados, L50, M|\n|poke|p1|Luxray, L50, F|\n|poke|p1|Liepard, L50, F|\n|poke|p1|Volcarona, L50, F|\n|poke|p2|Garchomp, L50, M|\n|poke|p2|Whimsicott, L50, M|\n|poke|p2|Sneasler, L50, F|\n|poke|p2|Froslass, L50, F|\n|poke|p2|Incineroar, L50, M|\n|poke|p2|Kingambit, L50, M|\n|teampreview|4\n|inactive|Battle timer is ON: inactive players will automatically lose when time's up. (requested by woahgyarados)\n|\n|t:|1776181418\n|teamsize|p1|4\n|teamsize|p2|4\n|start\n|switch|p1a: Gyarados|Gyarados, L50, M|100/100\n|switch|p1b: Liepard|Liepard, L50, F|100/100\n|switch|p2a: Whimsicott|Whimsicott, L50, M|100/100\n|switch|p2b: Froslass|Froslass, L50, F|100/100\n|-ability|p1a: Gyarados|Intimidate|boost\n|-unboost|p2a: Whimsicott|atk|1\n|-unboost|p2b: Froslass|atk|1\n|turn|1\n|\n|t:|1776181430\n|detailschange|p2b: Froslass|Froslass-Mega, L50, F\n|-mega|p2b: Froslass|Froslass|Froslassite\n|-weather|Snowscape|[from] ability: Snow Warning|[of] p2b: Froslass\n|move|p1b: Liepard|Fake Out|p2a: Whimsicott\n|-damage|p2a: Whimsicott|91/100\n|cant|p2a: Whimsicott|flinch\n|move|p2b: Froslass|Nasty Plot|p2b: Froslass\n|-boost|p2b: Froslass|spa|2\n|move|p1a: Gyarados|Dragon Dance|p1a: Gyarados\n|-boost|p1a: Gyarados|atk|1\n|-boost|p1a: Gyarados|spe|1\n|\n|-weather|Snowscape|[upkeep]\n|upkeep\n|turn|2\n|\n|t:|1776181451\n|move|p1b: Liepard|Yawn|p2b: Froslass\n|-start|p2b: Froslass|move: Yawn|[of] p1b: Liepard\n|move|p2a: Whimsicott|Tailwind|p2a: Whimsicott\n|-sidestart|p2: Nwm3459|move: Tailwind\n|move|p2b: Froslass|Blizzard|p1a: Gyarados|[spread] p1a,p1b\n|-damage|p1a: Gyarados|1/100\n|-enditem|p1b: Liepard|Focus Sash\n|-damage|p1b: Liepard|1/100\n|move|p1a: Gyarados|Crunch|p2b: Froslass\n|-supereffective|p2b: Froslass|1\n|-damage|p2b: Froslass|1/100\n|\n|-weather|Snowscape|[upkeep]\n|upkeep\n|turn|3\n|inactive|woahgyarados has 30 seconds left.\n|inactive|Nwm3459 has 30 seconds left.\n|\n|t:|1776181481\n|switch|p2b: Kingambit|Kingambit, L50, M|100/100\n|move|p2a: Whimsicott|Dazzling Gleam|p1b: Liepard|[spread] p1a,p1b\n|-supereffective|p1b: Liepard|1\n|-damage|p1a: Gyarados|0 fnt\n|-damage|p1b: Liepard|0 fnt\n|faint|p1a: Gyarados\n|faint|p1b: Liepard\n|\n|-weather|Snowscape|[upkeep]\n|upkeep\n|\n|t:|1776181488\n|switch|p1b: Volcarona|Volcarona, L50, F|100/100\n|switch|p1a: Luxray|Luxray, L50, F|100/100\n|-ability|p1a: Luxray|Intimidate|boost\n|-unboost|p2a: Whimsicott|atk|1\n|-unboost|p2b: Kingambit|atk|1\n|-ability|p2b: Kingambit|Defiant|boost\n|-boost|p2b: Kingambit|atk|2\n|turn|4\n|\n|t:|1776181504\n|switch|p2a: Incineroar|Incineroar, L50, M|100/100\n|-ability|p2a: Incineroar|Intimidate|boost\n|-unboost|p1a: Luxray|atk|1\n|-unboost|p1b: Volcarona|atk|1\n|move|p2b: Kingambit|Kowtow Cleave|p1b: Volcarona\n|-damage|p1b: Volcarona|4/100\n|-enditem|p1b: Volcarona|Sitrus Berry|[eat]\n|-heal|p1b: Volcarona|29/100|[from] item: Sitrus Berry\n|move|p1b: Volcarona|Quiver Dance|p1b: Volcarona\n|-boost|p1b: Volcarona|spa|1\n|-boost|p1b: Volcarona|spd|1\n|-boost|p1b: Volcarona|spe|1\n|move|p1a: Luxray|Superpower|p2b: Kingambit\n|-supereffective|p2b: Kingambit|2\n|-damage|p2b: Kingambit|20/100\n|-unboost|p1a: Luxray|atk|1\n|-unboost|p1a: Luxray|def|1\n|\n|-weather|Snowscape|[upkeep]\n|upkeep\n|turn|5\n|inactive|woahgyarados has 30 seconds left.\n|\n|t:|1776181533\n|move|p2a: Incineroar|Fake Out|p1b: Volcarona\n|-damage|p1b: Volcarona|17/100\n|cant|p1b: Volcarona|flinch\n|move|p2b: Kingambit|Kowtow Cleave|p1a: Luxray\n|-damage|p1a: Luxray|0 fnt\n|faint|p1a: Luxray\n|\n|-weather|none\n|-sideend|p2: Nwm3459|move: Tailwind\n|upkeep\n|turn|6\n|\n|t:|1776181545\n|move|p2b: Kingambit|Sucker Punch|p1b: Volcarona\n|-damage|p1b: Volcarona|0 fnt\n|-status|p2b: Kingambit|brn|[from] ability: Flame Body|[of] p1b: Volcarona\n|faint|p1b: Volcarona\n|\n|win|Nwm3459\n|raw|woahgyarados's rating: 1000 &rarr; <strong>1000</strong><br />(+0 for losing)\n|raw|Nwm3459's rating: 1096 &rarr; <strong>1115</strong><br />(+19 for winning)\n|l|\u2606woahgyarados\n|player|p1|\n|c|\u2606Nwm3459|GG\n",
  "uploadtime": 1776181554,
  "views": 18,
  "formatid": "gen9championsvgc2026regma",
  "rating": 1000,
  "private": 0,
  "password": null
}