{
  "id": "gen9championsvgc2026regma-2587178788",
  "format": "[Gen 9 Champions] VGC 2026 Reg M-A",
  "players": [
    "asierro01",
    "Yaoshi"
  ],
  "log": "|j|\u2606asierro01\n|j|\u2606Yaoshi\n|t:|1776504951\n|gametype|doubles\n|player|p1|asierro01|2|1256\n|player|p2|Yaoshi|steven-masters3|1158\n|gen|9\n|tier|[Gen 9 Champions] VGC 2026 Reg M-A\n|rated|\n|rule|Species Clause: Limit one of each Pok\u00e9mon\n|rule|Item Clause: Limit 1 of each item\n|clearpoke\n|poke|p1|Delphox, L50, F|\n|poke|p1|Garchomp, L50, F|\n|poke|p1|Whimsicott, L50, M|\n|poke|p1|Milotic, L50, M|\n|poke|p1|Incineroar, L50, M|\n|poke|p1|Mamoswine, L50, M|\n|poke|p2|Ampharos, L50, F, shiny|\n|poke|p2|Reuniclus, L50, M, shiny|\n|poke|p2|Cofagrigus, L50, F, shiny|\n|poke|p2|Rhyperior, L50, F, shiny|\n|poke|p2|Drampa, L50, F, shiny|\n|poke|p2|Hatterene, L50, F|\n|teampreview|4\n|inactive|Battle timer is ON: inactive players will automatically lose when time's up. (requested by Yaoshi)\n|\n|t:|1776504979\n|teamsize|p1|4\n|teamsize|p2|4\n|start\n|switch|p1a: Delphox|Delphox, L50, F|100/100\n|switch|p1b: Mamoswine|Mamoswine, L50, M|100/100\n|switch|p2a: Cofagrigus|Cofagrigus, L50, F, shiny|100/100\n|switch|p2b: Rhyperior|Rhyperior, L50, F, shiny|100/100\n|turn|1\n|\n|t:|1776504998\n|detailschange|p1a: Delphox|Delphox-Mega, L50, F\n|-mega|p1a: Delphox|Delphox|Delphoxite\n|move|p1a: Delphox|Protect|p1a: Delphox\n|-singleturn|p1a: Delphox|Protect\n|move|p2b: Rhyperior|Protect|p2b: Rhyperior\n|-singleturn|p2b: Rhyperior|Protect\n|move|p1b: Mamoswine|Earthquake|p2b: Rhyperior|[spread] p2a\n|-activate|p1a: Delphox|move: Protect\n|-activate|p2b: Rhyperior|move: Protect\n|-damage|p2a: Cofagrigus|78/100\n|move|p2a: Cofagrigus|Trick Room|p2a: Cofagrigus\n|-fieldstart|move: Trick Room|[of] p2a: Cofagrigus\n|\n|upkeep\n|turn|2\n|inactive|asierro01 has 30 seconds left.\n|\n|t:|1776505031\n|switch|p1a: Whimsicott|Whimsicott, L50, M|100/100\n|move|p2a: Cofagrigus|Will-O-Wisp|p1b: Mamoswine\n|-status|p1b: Mamoswine|brn\n|move|p2b: Rhyperior|Rock Slide|p1a: Whimsicott|[spread] p1a,p1b\n|-damage|p1a: Whimsicott|65/100\n|-damage|p1b: Mamoswine|58/100 brn\n|move|p1b: Mamoswine|Icicle Crash|p2b: Rhyperior|[miss]\n|-miss|p1b: Mamoswine|p2b: Rhyperior\n|\n|-damage|p1b: Mamoswine|52/100 brn|[from] brn\n|upkeep\n|turn|3\n|\n|t:|1776505051\n|move|p1a: Whimsicott|Encore|p2a: Cofagrigus\n|-start|p2a: Cofagrigus|Encore\n|-enditem|p2a: Cofagrigus|Mental Herb\n|-end|p2a: Cofagrigus|Encore\n|move|p2a: Cofagrigus|Shadow Ball|p1a: Whimsicott\n|-damage|p1a: Whimsicott|27/100\n|move|p2b: Rhyperior|Rock Slide|p1a: Whimsicott|[spread] p1a,p1b\n|-damage|p1a: Whimsicott|0 fnt\n|-damage|p1b: Mamoswine|17/100 brn\n|faint|p1a: Whimsicott\n|move|p1b: Mamoswine|Icicle Crash|p2b: Rhyperior\n|-supereffective|p2b: Rhyperior|1\n|-damage|p2b: Rhyperior|79/100\n|\n|-damage|p1b: Mamoswine|11/100 brn|[from] brn\n|upkeep\n|\n|t:|1776505066\n|switch|p1a: Milotic|Milotic, L50, M|100/100\n|turn|4\n|\n|t:|1776505076\n|switch|p2a: Ampharos|Ampharos, L50, F, shiny|100/100\n|move|p1b: Mamoswine|Ice Shard|p2b: Rhyperior\n|-supereffective|p2b: Rhyperior|1\n|-damage|p2b: Rhyperior|68/100\n|move|p2b: Rhyperior|Rock Slide|p1b: Mamoswine|[spread] p1a\n|-miss|p2b: Rhyperior|p1b: Mamoswine\n|-damage|p1a: Milotic|73/100\n|move|p1a: Milotic|Scald|p2b: Rhyperior\n|-supereffective|p2b: Rhyperior|2\n|-damage|p2b: Rhyperior|0 fnt\n|faint|p2b: Rhyperior\n|\n|-heal|p1a: Milotic|78/100|[from] item: Leftovers\n|-damage|p1b: Mamoswine|5/100 brn|[from] brn\n|upkeep\n|\n|t:|1776505083\n|switch|p2b: Reuniclus|Reuniclus, L50, M, shiny|100/100\n|turn|5\n|\n|t:|1776505102\n|detailschange|p2a: Ampharos|Ampharos-Mega, L50, F, shiny\n|-mega|p2a: Ampharos|Ampharos|Ampharosite\n|-ability|p2a: Ampharos|Mold Breaker\n|move|p2b: Reuniclus|Psychic|p1b: Mamoswine\n|-damage|p1b: Mamoswine|0 fnt\n|faint|p1b: Mamoswine\n|move|p2a: Ampharos|Discharge|p1a: Milotic|[spread] p2b,p1a\n|-supereffective|p1a: Milotic|1\n|-damage|p2b: Reuniclus|73/100\n|-damage|p1a: Milotic|14/100\n|-status|p1a: Milotic|par\n|move|p1a: Milotic|Ice Beam|p2a: Ampharos\n|-supereffective|p2a: Ampharos|1\n|-damage|p2a: Ampharos|52/100\n|\n|-heal|p1a: Milotic|20/100 par|[from] item: Leftovers\n|-fieldend|move: Trick Room\n|upkeep\n|\n|t:|1776505116\n|switch|p1b: Delphox|Delphox-Mega, L50, F|100/100\n|turn|6\n|\n|t:|1776505127\n|move|p1b: Delphox|Psyshock|p2a: Ampharos\n|-damage|p2a: Ampharos|12/100\n|move|p2a: Ampharos|Discharge|p1a: Milotic|[spread] p2b,p1a,p1b\n|-supereffective|p1a: Milotic|1\n|-crit|p1a: Milotic\n|-damage|p2b: Reuniclus|47/100\n|-damage|p1a: Milotic|0 fnt\n|-damage|p1b: Delphox|60/100\n|-enditem|p2b: Reuniclus|Sitrus Berry|[eat]\n|-heal|p2b: Reuniclus|72/100|[from] item: Sitrus Berry\n|faint|p1a: Milotic\n|move|p2b: Reuniclus|Trick Room|p2b: Reuniclus\n|-fieldstart|move: Trick Room|[of] p2b: Reuniclus\n|\n|upkeep\n|turn|7\n|\n|t:|1776505139\n|switch|p2b: Cofagrigus|Cofagrigus, L50, F, shiny|78/100\n|move|p2a: Ampharos|Discharge|p1b: Delphox|[spread] p2b,p1b\n|-damage|p2b: Cofagrigus|36/100\n|-damage|p1b: Delphox|18/100\n|-status|p1b: Delphox|par\n|move|p1b: Delphox|Psyshock|p2a: Ampharos\n|-damage|p2a: Ampharos|0 fnt\n|faint|p2a: Ampharos\n|\n|upkeep\n|\n|t:|1776505143\n|switch|p2a: Reuniclus|Reuniclus, L50, M, shiny|72/100\n|turn|8\n|\n|t:|1776505149\n|move|p2b: Cofagrigus|Shadow Ball|p1b: Delphox\n|-supereffective|p1b: Delphox|1\n|-damage|p1b: Delphox|0 fnt\n|faint|p1b: Delphox\n|\n|win|Yaoshi\n|raw|asierro01's rating: 1256 &rarr; <strong>1224</strong><br />(-32 for losing)\n|raw|Yaoshi's rating: 1158 &rarr; <strong>1190</strong><br />(+32 for winning)\n|l|\u2606asierro01\n|player|p1|\n",
  "uploadtime": 1776505152,
  "views": 14,
  "formatid": "gen9championsvgc2026regma",
  "rating": 1190,
  "private": 0,
  "password": null
}