{
  "id": "gen9championsvgc2026regma-2583711732",
  "format": "[Gen 9 Champions] VGC 2026 Reg M-A",
  "players": [
    "Harven",
    "My name is c00lkid"
  ],
  "log": "|j|\u2606Harven\n|j|\u2606My name is c00lkid\n|t:|1776192579\n|gametype|doubles\n|player|p1|Harven|ghetsis|1051\n|player|p2|My name is c00lkid|iris-gen5bw2|1000\n|gen|9\n|tier|[Gen 9 Champions] VGC 2026 Reg M-A\n|rated|\n|rule|Species Clause: Limit one of each Pok\u00e9mon\n|rule|Item Clause: Limit 1 of each item\n|clearpoke\n|poke|p1|Meganium, L50, F|\n|poke|p1|Pelipper, L50, F|\n|poke|p1|Scizor, L50, F|\n|poke|p1|Basculegion, L50, M|\n|poke|p1|Heliolisk, L50, M|\n|poke|p1|Sneasler, L50, F|\n|poke|p2|Dragonite, L50, M|\n|poke|p2|Froslass, L50, F|\n|poke|p2|Feraligatr, L50, M|\n|poke|p2|Meganium, L50, M|\n|poke|p2|Skarmory, L50, M|\n|poke|p2|Floette-Eternal, L50, F|\n|teampreview|4\n|inactive|Battle timer is ON: inactive players will automatically lose when time's up. (requested by My name is c00lkid)\n|inactive|Harven has 60 seconds left.\n|\n|t:|1776192621\n|teamsize|p1|4\n|teamsize|p2|4\n|start\n|switch|p1a: Pepco|Pelipper, L50, F|100/100\n|switch|p1b: Wojtek|Heliolisk, L50, M|100/100\n|switch|p2a: Skarmory|Skarmory, L50, M|100/100\n|switch|p2b: Froslass|Froslass, L50, F|100/100\n|-weather|RainDance|[from] ability: Drizzle|[of] p1a: Pepco\n|turn|1\n|\n|t:|1776192641\n|detailschange|p2b: Froslass|Froslass-Mega, L50, F\n|-mega|p2b: Froslass|Froslass|Froslassite\n|-weather|Snowscape|[from] ability: Snow Warning|[of] p2b: Froslass\n|move|p2b: Froslass|Spikes|p1a: Pepco\n|-sidestart|p1: Harven|Spikes\n|move|p1b: Wojtek|Thunder|p2a: Skarmory\n|-supereffective|p2a: Skarmory|1\n|-damage|p2a: Skarmory|0 fnt\n|faint|p2a: Skarmory\n|move|p1a: Pepco|Tailwind|p1a: Pepco\n|-sidestart|p1: Harven|move: Tailwind\n|\n|-weather|Snowscape|[upkeep]\n|upkeep\n|inactive|My name is c00lkid has 30 seconds left.\n|\n|t:|1776192672\n|switch|p2a: AZ's Gift|Floette-Eternal, L50, F|100/100\n|turn|2\n|inactive|Harven has 30 seconds left.\n|inactive|Harven has 20 seconds left.\n|\n|t:|1776192708\n|switch|p1b: Mejlark|Scizor, L50, F|100/100\n|-damage|p1b: Mejlark|88/100|[from] Spikes\n|move|p1a: Pepco|Protect|p1a: Pepco\n|-singleturn|p1a: Pepco|Protect\n|move|p2b: Froslass|Shadow Ball|p1b: Mejlark\n|-damage|p1b: Mejlark|21/100\n|move|p2a: AZ's Gift|Dazzling Gleam|p1b: Mejlark|[spread] p1b\n|-activate|p1a: Pepco|move: Protect\n|-resisted|p1b: Mejlark|1\n|-damage|p1b: Mejlark|0 fnt\n|faint|p1b: Mejlark\n|\n|-weather|Snowscape|[upkeep]\n|upkeep\n|\n|t:|1776192724\n|switch|p1b: Shush|Meganium, L50, F, shiny|100/100\n|-damage|p1b: Shush|88/100|[from] Spikes\n|turn|3\n|inactive|My name is c00lkid has 30 seconds left.\n|\n|t:|1776192751\n|detailschange|p1b: Shush|Meganium-Mega, L50, F, shiny\n|-mega|p1b: Shush|Meganium|Meganiumite\n|move|p1a: Pepco|Surf|p2a: AZ's Gift|[spread] p1b,p2a,p2b\n|-resisted|p1b: Shush|1\n|-damage|p1b: Shush|76/100\n|-damage|p2a: AZ's Gift|74/100\n|-damage|p2b: Froslass|63/100\n|move|p1b: Shush|Weather Ball|p2b: Froslass\n|-supereffective|p2b: Froslass|1\n|-damage|p2b: Froslass|0 fnt\n|faint|p2b: Froslass\n|move|p2a: AZ's Gift|Dazzling Gleam|p1b: Shush|[spread] p1a,p1b\n|-crit|p1b: Shush\n|-damage|p1a: Pepco|46/100\n|-damage|p1b: Shush|35/100\n|\n|-weather|Snowscape|[upkeep]\n|upkeep\n|\n|t:|1776192766\n|switch|p2b: Dragonite|Dragonite, L50, M|100/100\n|turn|4\n|inactive|Harven has 30 seconds left.\n|inactive|Harven has 20 seconds left.\n|inactive|Harven has 15 seconds left.\n|\n|t:|1776192807\n|switch|p1a: Wojtek|Heliolisk, L50, M|100/100\n|-damage|p1a: Wojtek|88/100|[from] Spikes\n|move|p2b: Dragonite|Extreme Speed|p1a: Wojtek\n|-damage|p1a: Wojtek|22/100\n|move|p1b: Shush|Dazzling Gleam|p2a: AZ's Gift|[spread] p2a,p2b\n|-supereffective|p2b: Dragonite|1\n|-damage|p2a: AZ's Gift|41/100\n|-damage|p2b: Dragonite|59/100\n|move|p2a: AZ's Gift|Dazzling Gleam|p1a: Wojtek|[spread] p1a,p1b\n|-crit|p1a: Wojtek\n|-damage|p1a: Wojtek|0 fnt\n|-damage|p1b: Shush|7/100\n|faint|p1a: Wojtek\n|\n|-weather|Snowscape|[upkeep]\n|-sideend|p1: Harven|move: Tailwind\n|upkeep\n|\n|t:|1776192821\n|switch|p1a: Pepco|Pelipper, L50, F|46/100\n|-weather|RainDance|[from] ability: Drizzle|[of] p1a: Pepco\n|turn|5\n|\n|t:|1776192844\n|move|p2b: Dragonite|Extreme Speed|p1b: Shush\n|-damage|p1b: Shush|0 fnt\n|faint|p1b: Shush\n|move|p2a: AZ's Gift|Dazzling Gleam|p1a: Pepco\n|-damage|p1a: Pepco|0 fnt\n|faint|p1a: Pepco\n|\n|win|My name is c00lkid\n|raw|Harven's rating: 1051 &rarr; <strong>1031</strong><br />(-20 for losing)\n|raw|My name is c00lkid's rating: 1000 &rarr; <strong>1046</strong><br />(+46 for winning)\n|l|\u2606Harven\n|player|p1|\n",
  "uploadtime": 1776192857,
  "views": 20,
  "formatid": "gen9championsvgc2026regma",
  "rating": 1031,
  "private": 0,
  "password": null
}