{
  "id": "gen9championsvgc2026regma-2586136690",
  "format": "[Gen 9 Champions] VGC 2026 Reg M-A",
  "players": [
    "gimwepaw",
    "Jackalope11"
  ],
  "log": "|j|\u2606gimwepaw\n|j|\u2606Jackalope11\n|html|<table width=\"100%\"><tr><td align=\"left\">gimwepaw</td><td align=\"right\">Jackalope11</tr><tr><td align=\"left\"><i class=\"fa fa-circle\"></i> <i class=\"fa fa-circle-o\"></i> </td><td align=\"right\"><i class=\"fa fa-circle-o\"></i> <i class=\"fa fa-circle\"></i> </tr></table>\n|uhtml|bestof|<h2><strong>Game 3</strong> of <a href=\"/game-bestof3-gen9championsvgc2026regma-2586131454\">a best-of-3</a></h2>\n|t:|1776403559\n|gametype|doubles\n|player|p1|gimwepaw|170|\n|player|p2|Jackalope11|265|\n|gen|9\n|tier|[Gen 9 Champions] VGC 2026 Reg M-A\n|rule|Species Clause: Limit one of each Pok\u00e9mon\n|rule|Item Clause: Limit 1 of each item\n|raw|<div class=\"infobox\"><details class=\"readmore\" open><summary><strong>1 custom rule:</strong></summary> Best of = 3</details></div>\n|clearpoke\n|poke|p1|Charizard, L50, F|\n|poke|p1|Milotic, L50, M|\n|poke|p1|Aegislash, L50, F|\n|poke|p1|Sneasler, L50, F|\n|poke|p1|Aerodactyl, L50, F|\n|poke|p1|Sylveon, L50, F|\n|poke|p2|Milotic, L50, M|\n|poke|p2|Excadrill, L50, F|\n|poke|p2|Tyranitar, L50, F|\n|poke|p2|Sinistcha, L50|\n|poke|p2|Aerodactyl, L50, M|\n|poke|p2|Volcarona, L50, F|\n|teampreview|4\n|c|\u2606Jackalope11|sneasler is so stupid\n|inactive|Battle timer is ON: inactive players will automatically lose when time's up. (requested by gimwepaw)\n|inactive|Jackalope11 has 60 seconds left.\n|\n|t:|1776403631\n|teamsize|p1|4\n|teamsize|p2|4\n|start\n|switch|p1a: Aerodactyl|Aerodactyl, L50, F, shiny|100/100\n|switch|p1b: Aegislash|Aegislash, L50, F|100/100\n|switch|p2a: Aerodactyl|Aerodactyl, L50, M|100/100\n|switch|p2b: Milotic|Milotic, L50, M|100/100\n|-ability|p1a: Aerodactyl|Unnerve\n|-ability|p2a: Aerodactyl|Unnerve\n|turn|1\n|\n|t:|1776403651\n|move|p1a: Aerodactyl|Rock Slide|p2b: Milotic|[spread] p2a,p2b\n|-supereffective|p2a: Aerodactyl|1\n|-damage|p2a: Aerodactyl|20/100\n|-damage|p2b: Milotic|71/100\n|move|p2a: Aerodactyl|Tailwind|p2a: Aerodactyl\n|-sidestart|p2: Jackalope11|move: Tailwind\n|cant|p2b: Milotic|flinch\n|-formechange|p1b: Aegislash|Aegislash-Blade|\n|move|p1b: Aegislash|Iron Head|p2a: Aerodactyl\n|-supereffective|p2a: Aerodactyl|1\n|-crit|p2a: Aerodactyl\n|-damage|p2a: Aerodactyl|0 fnt\n|faint|p2a: Aerodactyl\n|\n|-heal|p2b: Milotic|77/100|[from] item: Leftovers\n|upkeep\n|\n|t:|1776403662\n|switch|p2a: Excadrill|Excadrill, L50, F|100/100\n|turn|2\n|\n|t:|1776403670\n|-formechange|p1b: Aegislash|Aegislash|\n|move|p1b: Aegislash|King's Shield|p1b: Aegislash\n|-singleturn|p1b: Aegislash|Protect\n|move|p2a: Excadrill|Iron Head|p1a: Aerodactyl\n|-supereffective|p1a: Aerodactyl|1\n|-enditem|p1a: Aerodactyl|Focus Sash\n|-damage|p1a: Aerodactyl|1/100\n|move|p2b: Milotic|Coil|p2b: Milotic\n|-boost|p2b: Milotic|atk|1\n|-boost|p2b: Milotic|def|1\n|-boost|p2b: Milotic|accuracy|1\n|move|p1a: Aerodactyl|Tailwind|p1a: Aerodactyl\n|-sidestart|p1: gimwepaw|move: Tailwind\n|\n|-heal|p2b: Milotic|83/100|[from] item: Leftovers\n|upkeep\n|turn|3\n|\n|t:|1776403693\n|move|p2a: Excadrill|Protect|p2a: Excadrill\n|-singleturn|p2a: Excadrill|Protect\n|move|p1a: Aerodactyl|Dual Wingbeat|p2b: Milotic\n|-damage|p2b: Milotic|71/100\n|-damage|p2b: Milotic|57/100\n|-hitcount|p2b: Milotic|2\n|move|p2b: Milotic|Muddy Water|p1a: Aerodactyl|[spread] p1a,p1b\n|-supereffective|p1a: Aerodactyl|1\n|-damage|p1a: Aerodactyl|0 fnt\n|-damage|p1b: Aegislash|80/100\n|faint|p1a: Aerodactyl\n|-formechange|p1b: Aegislash|Aegislash-Blade|\n|move|p1b: Aegislash|Poltergeist|p2a: Excadrill\n|-activate|p2a: Excadrill|move: Protect\n|\n|-heal|p2b: Milotic|64/100|[from] item: Leftovers\n|upkeep\n|\n|t:|1776403706\n|switch|p1a: Milotic|Milotic, L50, M|100/100\n|turn|4\n|\n|t:|1776403726\n|-formechange|p1b: Aegislash|Aegislash|\n|move|p1b: Aegislash|King's Shield|p1b: Aegislash\n|-singleturn|p1b: Aegislash|Protect\n|move|p2a: Excadrill|Rock Slide|p1a: Milotic|[spread] p1a\n|-activate|p1b: Aegislash|move: Protect\n|-damage|p1a: Milotic|83/100\n|cant|p1a: Milotic|flinch\n|move|p2b: Milotic|Hypnosis|p1a: Milotic\n|-status|p1a: Milotic|slp|[from] move: Hypnosis\n|\n|-heal|p1a: Milotic|89/100 slp|[from] item: Leftovers\n|-heal|p2b: Milotic|70/100|[from] item: Leftovers\n|-sideend|p2: Jackalope11|move: Tailwind\n|upkeep\n|turn|5\n|\n|t:|1776403749\n|move|p2a: Excadrill|Protect|p2a: Excadrill\n|-singleturn|p2a: Excadrill|Protect\n|cant|p1a: Milotic|slp\n|-formechange|p1b: Aegislash|Aegislash-Blade|\n|move|p1b: Aegislash|Poltergeist|p2b: Milotic\n|-activate|p2b: Milotic|move: Poltergeist|Leftovers\n|-damage|p2b: Milotic|15/100\n|move|p2b: Milotic|Muddy Water|p1b: Aegislash|[spread] p1a,p1b\n|-resisted|p1a: Milotic|1\n|-damage|p1a: Milotic|80/100 slp\n|-damage|p1b: Aegislash|36/100\n|-unboost|p1a: Milotic|accuracy|1\n|-ability|p1a: Milotic|Competitive|boost\n|-boost|p1a: Milotic|spa|2\n|\n|-heal|p1a: Milotic|86/100 slp|[from] item: Leftovers\n|-heal|p2b: Milotic|22/100|[from] item: Leftovers\n|-sideend|p1: gimwepaw|move: Tailwind\n|upkeep\n|turn|6\n|\n|t:|1776403770\n|switch|p2b: Tyranitar|Tyranitar, L50, F|100/100\n|-weather|Sandstorm|[from] ability: Sand Stream|[of] p2b: Tyranitar\n|move|p2a: Excadrill|Earthquake|p1b: Aegislash|[spread] p2b,p1a,p1b\n|-supereffective|p2b: Tyranitar|1\n|-supereffective|p1b: Aegislash|1\n|-damage|p2b: Tyranitar|39/100\n|-damage|p1a: Milotic|47/100 slp\n|-damage|p1b: Aegislash|0 fnt\n|faint|p1b: Aegislash\n|-curestatus|p1a: Milotic|slp|[msg]\n|move|p1a: Milotic|Scald|p2a: Excadrill\n|-supereffective|p2a: Excadrill|1\n|-enditem|p2a: Excadrill|Focus Sash\n|-damage|p2a: Excadrill|1/100\n|-status|p2a: Excadrill|brn\n|\n|-weather|Sandstorm|[upkeep]\n|-damage|p1a: Milotic|41/100|[from] Sandstorm\n|-heal|p1a: Milotic|47/100|[from] item: Leftovers\n|-damage|p2a: Excadrill|0 fnt|[from] brn\n|faint|p2a: Excadrill\n|upkeep\n|c|\u2606Jackalope11|UR KIDDING\n|c|\u2606Jackalope11|BURNED?\n|\n|t:|1776403793\n|switch|p2a: Milotic|Milotic, L50, M|22/100\n|switch|p1b: Charizard|Charizard, L50, F|100/100\n|turn|7\n|c|\u2606gimwepaw|bro W milotic clutch\n|\n|t:|1776403806\n|detailschange|p1b: Charizard|Charizard-Mega-X, L50, F\n|-mega|p1b: Charizard|Charizard|Charizardite X\n|detailschange|p2b: Tyranitar|Tyranitar-Mega, L50, F\n|-mega|p2b: Tyranitar|Tyranitar|Tyranitarite\n|move|p1b: Charizard|Dragon Claw|p2b: Tyranitar\n|-damage|p2b: Tyranitar|8/100\n|move|p1a: Milotic|Recover|p1a: Milotic\n|-heal|p1a: Milotic|97/100\n|move|p2a: Milotic|Muddy Water|p1b: Charizard|[spread] p1a,p1b\n|-resisted|p1a: Milotic|1\n|-damage|p1a: Milotic|87/100\n|-damage|p1b: Charizard|70/100\n|-unboost|p1a: Milotic|accuracy|1\n|-ability|p1a: Milotic|Competitive|boost\n|-boost|p1a: Milotic|spa|2\n|move|p2b: Tyranitar|Rock Slide|p1a: Milotic|[spread] p1a,p1b\n|-supereffective|p1b: Charizard|1\n|-damage|p1a: Milotic|50/100\n|-damage|p1b: Charizard|2/100\n|\n|-weather|Sandstorm|[upkeep]\n|-damage|p1b: Charizard|0 fnt|[from] Sandstorm\n|-damage|p1a: Milotic|45/100|[from] Sandstorm\n|-damage|p2a: Milotic|15/100|[from] Sandstorm\n|faint|p1b: Charizard\n|-heal|p1a: Milotic|50/100|[from] item: Leftovers\n|-heal|p2a: Milotic|22/100|[from] item: Leftovers\n|upkeep\n|turn|8\n|c|\u2606Jackalope11|o wow\n|inactive|gimwepaw has 30 seconds left.\n|inactive|Jackalope11 has 30 seconds left.\n|c|\u2606gimwepaw|bro im in trouble\n|inactive|Jackalope11 has 20 seconds left.\n|c|\u2606gimwepaw|IM GONNA LOSE\n|inactive|Jackalope11 has 15 seconds left.\n|inactive|Jackalope11 has 10 seconds left.\n|\n|t:|1776403854\n|move|p2b: Tyranitar|Protect|p2b: Tyranitar\n|-singleturn|p2b: Tyranitar|Protect\n|move|p1a: Milotic|Icy Wind|p2a: Milotic|[spread] p2a\n|-activate|p2b: Tyranitar|move: Protect\n|-resisted|p2a: Milotic|1\n|-damage|p2a: Milotic|10/100\n|-unboost|p2a: Milotic|spe|1\n|-ability|p2a: Milotic|Competitive|boost\n|-boost|p2a: Milotic|spa|2\n|move|p2a: Milotic|Icy Wind|p1a: Milotic\n|-resisted|p1a: Milotic|1\n|-damage|p1a: Milotic|40/100\n|-unboost|p1a: Milotic|spe|1\n|-ability|p1a: Milotic|Competitive|boost\n|-boost|p1a: Milotic|spa|2\n|\n|-weather|Sandstorm|[upkeep]\n|-damage|p1a: Milotic|34/100|[from] Sandstorm\n|-damage|p2a: Milotic|4/100|[from] Sandstorm\n|-heal|p1a: Milotic|40/100|[from] item: Leftovers\n|-heal|p2a: Milotic|10/100|[from] item: Leftovers\n|upkeep\n|turn|9\n|\n|t:|1776403874\n|move|p2b: Tyranitar|Crunch|p1a: Milotic\n|-damage|p1a: Milotic|0 fnt\n|faint|p1a: Milotic\n|\n|win|Jackalope11\n|c|\u2606Jackalope11|EZ\n|c|\u2606gimwepaw|no way uncle\n|c|\u2606gimwepaw|okay\n|c|\u2606gimwepaw|i have another team\n|c|\u2606gimwepaw|lets go again\n",
  "uploadtime": 1776403905,
  "views": 17,
  "formatid": "gen9championsvgc2026regma",
  "rating": null,
  "private": 0,
  "password": null
}