{
  "id": "gen9championsvgc2026regma-2580333479",
  "format": "[Gen 9 Champions] VGC 2026 Reg M-A",
  "players": [
    "qweralt",
    "Klusmos"
  ],
  "log": "|j|\u2606qweralt\n|j|\u2606Klusmos\n|t:|1775881675\n|gametype|doubles\n|player|p1|qweralt|brycenman|1026\n|player|p2|Klusmos|102|1108\n|gen|9\n|tier|[Gen 9 Champions] VGC 2026 Reg M-A\n|rated|\n|rule|Species Clause: Limit one of each Pok\u00e9mon\n|rule|Item Clause: Limit 1 of each item\n|clearpoke\n|poke|p1|Hawlucha, L50, F|\n|poke|p1|Excadrill, L50, F|\n|poke|p1|Dragapult, L50, M|\n|poke|p1|Hippowdon, L50, F|\n|poke|p1|Sinistcha-Masterpiece, L50|\n|poke|p1|Torkoal, L50, M|\n|poke|p2|Incineroar, L50, M|\n|poke|p2|Farigiraf, L50, M|\n|poke|p2|Whimsicott, L50, F|\n|poke|p2|Charizard, L50, F|\n|poke|p2|Venusaur, L50, F|\n|poke|p2|Kingambit, L50, F|\n|teampreview|4\nqweralt has agreed to open team sheets.\n|\n|t:|1775881713\n|teamsize|p1|4\n|teamsize|p2|4\n|start\n|switch|p1a: Hawlucha|Hawlucha, L50, F|100/100\n|switch|p1b: Excadrill|Excadrill, L50, F|100/100\n|switch|p2a: Whimsicott|Whimsicott, L50, F|100/100\n|switch|p2b: Kingambit|Kingambit, L50, F|100/100\n|turn|1\n|\n|t:|1775881756\n|detailschange|p1a: Hawlucha|Hawlucha-Mega, L50, F\n|-mega|p1a: Hawlucha|Hawlucha|Hawluchanite\n|move|p2a: Whimsicott|Protect|p2a: Whimsicott\n|-singleturn|p2a: Whimsicott|Protect\n|move|p2b: Kingambit|Protect|p2b: Kingambit\n|-singleturn|p2b: Kingambit|Protect\n|move|p1a: Hawlucha|Entrainment|p1b: Excadrill\n|-ability|p1b: Excadrill|No Guard|Sand Rush|[from] move: Entrainment|[of] p1a: Hawlucha\n|move|p1b: Excadrill|Horn Drill|p2a: Whimsicott\n|-activate|p2a: Whimsicott|move: Protect\n|\n|upkeep\n|turn|2\n|inactive|Battle timer is ON: inactive players will automatically lose when time's up. (requested by Klusmos)\n|\n|t:|1775881808\n|move|p2a: Whimsicott|Encore|p1a: Hawlucha\n|-start|p1a: Hawlucha|Encore\n|move|p1a: Hawlucha|Entrainment|p2b: Kingambit\n|-ability|p2b: Kingambit|No Guard|Defiant|[from] move: Entrainment|[of] p1a: Hawlucha\n|move|p1b: Excadrill|Horn Drill|p2a: Whimsicott\n|-enditem|p2a: Whimsicott|Focus Sash\n|-damage|p2a: Whimsicott|1/100\n|move|p2b: Kingambit|Kowtow Cleave|p1b: Excadrill\n|-damage|p1b: Excadrill|21/100\n|-enditem|p1b: Excadrill|Sitrus Berry|[eat]\n|-heal|p1b: Excadrill|46/100|[from] item: Sitrus Berry\n|\n|upkeep\n|turn|3\n|inactive|qweralt has 30 seconds left.\n|inactive|qweralt has 20 seconds left.\n|\n|t:|1775881845\n|move|p2b: Kingambit|Sucker Punch|p1b: Excadrill\n|-damage|p1b: Excadrill|0 fnt\n|faint|p1b: Excadrill\n|move|p1a: Hawlucha|Entrainment||[still]\n|-fail|p1a: Hawlucha\n|move|p2a: Whimsicott|Moonblast|p1a: Hawlucha\n|-supereffective|p1a: Hawlucha|1\n|-damage|p1a: Hawlucha|25/100\n|\n|upkeep\n|\n|t:|1775881854\n|switch|p1b: Hippowdon|Hippowdon, L50, F|100/100\n|-weather|Sandstorm|[from] ability: Sand Stream|[of] p1b: Hippowdon\n|turn|4\n|\n|t:|1775881865\n|move|p1a: Hawlucha|Entrainment|p1b: Hippowdon\n|-ability|p1b: Hippowdon|No Guard|Sand Stream|[from] move: Entrainment|[of] p1a: Hawlucha\n|move|p2a: Whimsicott|Moonblast|p1b: Hippowdon\n|-damage|p1b: Hippowdon|74/100\n|move|p1b: Hippowdon|Earthquake|p2a: Whimsicott|[spread] p2a,p2b\n|-immune|p1a: Hawlucha\n|-resisted|p2a: Whimsicott|1\n|-supereffective|p2b: Kingambit|1\n|-damage|p2a: Whimsicott|0 fnt\n|-damage|p2b: Kingambit|65/100\n|faint|p2a: Whimsicott\n|move|p2b: Kingambit|Kowtow Cleave|p1b: Hippowdon\n|-damage|p1b: Hippowdon|39/100\n|\n|-weather|Sandstorm|[upkeep]\n|-damage|p1a: Hawlucha|19/100|[from] Sandstorm\n|-heal|p1b: Hippowdon|45/100|[from] item: Leftovers\n|-end|p1a: Hawlucha|Encore\n|upkeep\n|\n|t:|1775881878\n|switch|p2a: Charizard|Charizard, L50, F|100/100\n|turn|5\n|inactive|qweralt has 30 seconds left.\n|inactive|qweralt has 20 seconds left.\n|inactive|qweralt has 15 seconds left.\n|inactive|qweralt has 10 seconds left.\n|inactive|qweralt has 5 seconds left.\n|\n|t:|1775881930\n|detailschange|p2a: Charizard|Charizard-Mega-Y, L50, F\n|-mega|p2a: Charizard|Charizard|Charizardite Y\n|-weather|SunnyDay|[from] ability: Drought|[of] p2a: Charizard\n|move|p2b: Kingambit|Sucker Punch||[still]\n|-fail|p2b: Kingambit\n|move|p1a: Hawlucha|Entrainment|p2a: Charizard\n|-ability|p2a: Charizard|No Guard|Drought|[from] move: Entrainment|[of] p1a: Hawlucha\n|move|p2a: Charizard|Weather Ball|p1b: Hippowdon\n|-damage|p1b: Hippowdon|0 fnt\n|faint|p1b: Hippowdon\n|\n|-weather|SunnyDay|[upkeep]\n|upkeep\n|\n|t:|1775881951\n|switch|p1b: Torkoal|Torkoal, L50, M|100/100\n|turn|6\n|\n|t:|1775881962\n|move|p2b: Kingambit|Sucker Punch|p1a: Hawlucha\n|-resisted|p1a: Hawlucha|1\n|-damage|p1a: Hawlucha|0 fnt\n|faint|p1a: Hawlucha\n|move|p2a: Charizard|Weather Ball|p1b: Torkoal\n|-resisted|p1b: Torkoal|1\n|-damage|p1b: Torkoal|39/100\n|move|p1b: Torkoal|Ancient Power|p2a: Charizard\n|-supereffective|p2a: Charizard|2\n|-damage|p2a: Charizard|23/100\n|-boost|p1b: Torkoal|atk|1\n|-boost|p1b: Torkoal|def|1\n|-boost|p1b: Torkoal|spa|1\n|-boost|p1b: Torkoal|spd|1\n|-boost|p1b: Torkoal|spe|1\n|\n|-weather|SunnyDay|[upkeep]\n|upkeep\n|turn|7\n|\n|t:|1775881977\n|move|p2b: Kingambit|Sucker Punch|p1b: Torkoal\n|-damage|p1b: Torkoal|17/100\n|move|p2a: Charizard|Weather Ball|p1b: Torkoal\n|-resisted|p1b: Torkoal|1\n|-damage|p1b: Torkoal|0 fnt\n|faint|p1b: Torkoal\n|\n|win|Klusmos\n|raw|qweralt's rating: 1026 &rarr; <strong>1015</strong><br />(-11 for losing)\n|raw|Klusmos's rating: 1108 &rarr; <strong>1127</strong><br />(+19 for winning)\n",
  "uploadtime": 1775881981,
  "views": 12,
  "formatid": "gen9championsvgc2026regma",
  "rating": 1015,
  "private": 0,
  "password": null
}