{
  "id": "gen9championsvgc2026regma-2585007856",
  "format": "[Gen 9 Champions] VGC 2026 Reg M-A",
  "players": [
    "Primal Masquerain",
    "SeeAll"
  ],
  "log": "|j|\u2606Primal Masquerain\n|j|\u2606SeeAll\n|t:|1776302819\n|gametype|doubles\n|player|p1|Primal Masquerain|bianca|1093\n|player|p2|SeeAll|ghetsis|1134\n|gen|9\n|tier|[Gen 9 Champions] VGC 2026 Reg M-A\n|rated|\n|rule|Species Clause: Limit one of each Pok\u00e9mon\n|rule|Item Clause: Limit 1 of each item\n|clearpoke\n|poke|p1|Delphox, L50, F|\n|poke|p1|Rotom-Wash, L50|\n|poke|p1|Garchomp, L50, M|\n|poke|p1|Kingambit, L50, M|\n|poke|p1|Klefki, L50, F|\n|poke|p1|Kommo-o, L50, M|\n|poke|p2|Charizard, L50, M|\n|poke|p2|Incineroar, L50, M|\n|poke|p2|Sneasler, L50, M|\n|poke|p2|Milotic, L50, M|\n|poke|p2|Sinistcha, L50|\n|poke|p2|Rotom-Wash, L50|\n|teampreview|4\n|inactive|Battle timer is ON: inactive players will automatically lose when time's up. (requested by SeeAll)\nSeeAll rejected open team sheets.\n|inactive|Primal Masquerain has 60 seconds left.\n|c|\u2606SeeAll|hurry up\n|c|\u2606SeeAll|anyway you lose\n|c|\u2606SeeAll|bro\n|inactive|Primal Masquerain has 30 seconds left.\n|c|\u2606SeeAll|come on\n|\n|t:|1776302914\n|teamsize|p1|4\n|teamsize|p2|4\n|start\n|switch|p1a: Delphox|Delphox, L50, F|100/100\n|switch|p1b: Rotom|Rotom-Wash, L50|100/100\n|switch|p2a: Milotic|Milotic, L50, M, shiny|100/100\n|switch|p2b: Sneasler|Sneasler, L50, M, shiny|100/100\n|turn|1\n|\n|t:|1776302930\n|move|p1a: Delphox|Protect|p1a: Delphox\n|-singleturn|p1a: Delphox|Protect\n|move|p2b: Sneasler|Fake Out|p1b: Rotom\n|-damage|p1b: Rotom|83/100\n|cant|p1b: Rotom|flinch\n|move|p2a: Milotic|Scald|p1a: Delphox\n|-activate|p1a: Delphox|move: Protect\n|\n|upkeep\n|turn|2\n|\n|t:|1776302949\n|switch|p1a: Kommo-o|Kommo-o, L50, M|100/100\n|move|p2b: Sneasler|Dire Claw|p1b: Rotom\n|-damage|p1b: Rotom|36/100\n|-enditem|p1b: Rotom|Sitrus Berry|[eat]\n|-heal|p1b: Rotom|60/100|[from] item: Sitrus Berry\n|move|p1b: Rotom|Volt Switch|p2b: Sneasler\n|-damage|p2b: Sneasler|70/100\n|\n|t:|1776302960\n|switch|p1b: Delphox|Delphox, L50, F|100/100|[from] Volt Switch\n|move|p2a: Milotic|Scald|p1a: Kommo-o\n|-resisted|p1a: Kommo-o|1\n|-damage|p1a: Kommo-o|85/100\n|\n|upkeep\n|turn|3\n|\n|t:|1776302979\n|switch|p2b: Rotom|Rotom-Wash, L50, shiny|100/100\n|detailschange|p1b: Delphox|Delphox-Mega, L50, F\n|-mega|p1b: Delphox|Delphox|Delphoxite\n|move|p1b: Delphox|Psychic|p2b: Rotom\n|-damage|p2b: Rotom|30/100\n|-unboost|p2b: Rotom|spd|1\n|move|p1a: Kommo-o|Clangorous Soul|p1a: Kommo-o\n|-boost|p1a: Kommo-o|atk|1\n|-boost|p1a: Kommo-o|def|1\n|-boost|p1a: Kommo-o|spa|1\n|-boost|p1a: Kommo-o|spd|1\n|-boost|p1a: Kommo-o|spe|1\n|-damage|p1a: Kommo-o|52/100\n|move|p2a: Milotic|Ice Beam|p1a: Kommo-o\n|-supereffective|p1a: Kommo-o|1\n|-damage|p1a: Kommo-o|20/100\n|\n|upkeep\n|turn|4\n|inactive|SeeAll has 30 seconds left.\n|\n|t:|1776303008\n|move|p2b: Rotom|Electroweb|p1a: Kommo-o|[spread] p1a,p1b\n|-resisted|p1a: Kommo-o|1\n|-damage|p1a: Kommo-o|15/100\n|-damage|p1b: Delphox|81/100\n|-unboost|p1a: Kommo-o|spe|1\n|-unboost|p1b: Delphox|spe|1\n|move|p1b: Delphox|Psychic|p2a: Milotic\n|-damage|p2a: Milotic|52/100\n|move|p1a: Kommo-o|Clanging Scales|p2b: Rotom|[spread] p2a,p2b\n|-damage|p2a: Milotic|0 fnt\n|-damage|p2b: Rotom|0 fnt\n|faint|p2a: Milotic\n|faint|p2b: Rotom\n|-unboost|p1a: Kommo-o|def|1\n|\n|upkeep\n|\n|t:|1776303021\n|switch|p2b: Charizard|Charizard, L50, M, shiny|100/100\n|switch|p2a: Sneasler|Sneasler, L50, M, shiny|70/100\n|turn|5\n|\n|t:|1776303033\n|switch|p1b: Rotom|Rotom-Wash, L50|60/100\n|move|p2b: Charizard|Protect|p2b: Charizard\n|-singleturn|p2b: Charizard|Protect\n|move|p1a: Kommo-o|Protect|p1a: Kommo-o\n|-singleturn|p1a: Kommo-o|Protect\n|move|p2a: Sneasler|Coaching|p2b: Charizard\n|-boost|p2b: Charizard|atk|1\n|-boost|p2b: Charizard|def|1\n|\n|upkeep\n|turn|6\n|\n|t:|1776303058\n|detailschange|p2b: Charizard|Charizard-Mega-X, L50, M, shiny\n|-mega|p2b: Charizard|Charizard|Charizardite X\n|move|p2b: Charizard|Dragon Claw|p1a: Kommo-o\n|-supereffective|p1a: Kommo-o|1\n|-damage|p1a: Kommo-o|0 fnt\n|faint|p1a: Kommo-o\n|move|p2a: Sneasler|Dire Claw|p1b: Rotom\n|-damage|p1b: Rotom|15/100\n|move|p1b: Rotom|Thunderbolt|p2b: Charizard\n|-resisted|p2b: Charizard|1\n|-crit|p2b: Charizard\n|-damage|p2b: Charizard|65/100\n|\n|upkeep\n|\n|t:|1776303074\n|switch|p1a: Garchomp|Garchomp, L50, M|100/100\n|turn|7\n|\n|t:|1776303089\n|move|p1a: Garchomp|Earthquake|p2a: Sneasler|[spread] p2a,p2b\n|-immune|p1b: Rotom|[from] ability: Levitate\n|-supereffective|p2a: Sneasler|1\n|-supereffective|p2b: Charizard|1\n|-damage|p2a: Sneasler|0 fnt\n|-damage|p2b: Charizard|5/100\n|faint|p2a: Sneasler\n|move|p2b: Charizard|Flare Blitz|p1a: Garchomp\n|-resisted|p1a: Garchomp|1\n|-damage|p1a: Garchomp|37/100\n|-damage|p2b: Charizard|0 fnt|[from] ability: Rough Skin|[of] p1a: Garchomp\n|faint|p2b: Charizard\n|\n|win|Primal Masquerain\n|raw|Primal Masquerain's rating: 1093 &rarr; <strong>1122</strong><br />(+29 for winning)\n|raw|SeeAll's rating: 1134 &rarr; <strong>1106</strong><br />(-28 for losing)\n|c|\u2606Primal Masquerain|nice\n|c|\u2606Primal Masquerain|ggs\n|l|\u2606SeeAll\n|player|p2|\n|c|\u2606Primal Masquerain|I liked the part where I lost\n",
  "uploadtime": 1776303125,
  "views": 22,
  "formatid": "gen9championsvgc2026regma",
  "rating": 1106,
  "private": 0,
  "password": null
}