{
  "id": "gen9championsvgc2026regma-2587562314",
  "format": "[Gen 9 Champions] VGC 2026 Reg M-A",
  "players": [
    "aedaluss",
    "uhuhulou"
  ],
  "log": "|j|\u2606aedaluss\n|j|\u2606uhuhulou\n|t:|1776542497\n|gametype|doubles\n|player|p1|aedaluss|cynthia|1342\n|player|p2|uhuhulou|266|1375\n|gen|9\n|tier|[Gen 9 Champions] VGC 2026 Reg M-A\n|rated|\n|rule|Species Clause: Limit one of each Pok\u00e9mon\n|rule|Item Clause: Limit 1 of each item\n|clearpoke\n|poke|p1|Tyranitar, L50, M|\n|poke|p1|Incineroar, L50, F|\n|poke|p1|Excadrill, L50, F|\n|poke|p1|Aerodactyl, L50, M|\n|poke|p1|Hydreigon, L50, M|\n|poke|p1|Sinistcha, L50|\n|poke|p2|Ninetales-Alola, L50, F|\n|poke|p2|Crabominable, L50, M, shiny|\n|poke|p2|Incineroar, L50, M|\n|poke|p2|Farigiraf, L50, M|\n|poke|p2|Kingambit, L50, M|\n|poke|p2|Torkoal, L50, M|\n|teampreview|4\n|inactive|Battle timer is ON: inactive players will automatically lose when time's up. (requested by aedaluss)\n|inactive|aedaluss has 60 seconds left.\n|\n|t:|1776542529\n|teamsize|p1|4\n|teamsize|p2|4\n|start\n|switch|p1a: Tyranitar|Tyranitar, L50, M|100/100\n|switch|p1b: Hydreigon|Hydreigon, L50, M|100/100\n|switch|p2a: Farigiraf|Farigiraf, L50, M|100/100\n|switch|p2b: Kingambit|Kingambit, L50, M|100/100\n|-weather|Sandstorm|[from] ability: Sand Stream|[of] p1a: Tyranitar\n|turn|1\n|inactive|aedaluss has 30 seconds left.\n|inactive|aedaluss has 20 seconds left.\n|\n|t:|1776542567\n|switch|p2b: Incineroar|Incineroar, L50, M|100/100\n|-ability|p2b: Incineroar|Intimidate|boost\n|-unboost|p1a: Tyranitar|atk|1\n|-unboost|p1b: Hydreigon|atk|1\n|detailschange|p1a: Tyranitar|Tyranitar-Mega, L50, M\n|-mega|p1a: Tyranitar|Tyranitar|Tyranitarite\n|move|p2a: Farigiraf|Protect|p2a: Farigiraf\n|-singleturn|p2a: Farigiraf|Protect\n|move|p1b: Hydreigon|Dark Pulse|p2a: Farigiraf\n|-activate|p2a: Farigiraf|move: Protect\n|move|p1a: Tyranitar|Knock Off|p2a: Farigiraf\n|-activate|p2a: Farigiraf|move: Protect\n|\n|-weather|Sandstorm|[upkeep]\n|-damage|p1b: Hydreigon|95/100|[from] Sandstorm\n|-damage|p2b: Incineroar|95/100|[from] Sandstorm\n|-damage|p2a: Farigiraf|94/100|[from] Sandstorm\n|upkeep\n|turn|2\n|\n|t:|1776542591\n|move|p2b: Incineroar|Fake Out|p1b: Hydreigon\n|-damage|p1b: Hydreigon|83/100\n|cant|p1b: Hydreigon|flinch\n|move|p1a: Tyranitar|Rock Slide|p2a: Farigiraf|[spread] p2a,p2b\n|-supereffective|p2b: Incineroar|1\n|-damage|p2a: Farigiraf|70/100\n|-damage|p2b: Incineroar|47/100\n|move|p2a: Farigiraf|Trick Room|p2a: Farigiraf\n|-fieldstart|move: Trick Room|[of] p2a: Farigiraf\n|\n|-weather|Sandstorm|[upkeep]\n|-damage|p2a: Farigiraf|64/100|[from] Sandstorm\n|-damage|p2b: Incineroar|41/100|[from] Sandstorm\n|-damage|p1b: Hydreigon|77/100|[from] Sandstorm\n|upkeep\n|turn|3\n|inactive|aedaluss has 30 seconds left.\n|\n|t:|1776542619\n|switch|p2a: Crabominable|Crabominable, L50, M, shiny|100/100\n|switch|p1b: Aerodactyl|Aerodactyl, L50, M|100/100\n|-ability|p1b: Aerodactyl|Unnerve\n|move|p2b: Incineroar|Parting Shot|p1b: Aerodactyl\n|-unboost|p1b: Aerodactyl|atk|1\n|-unboost|p1b: Aerodactyl|spa|1\n|\n|t:|1776542631\n|switch|p2b: Kingambit|Kingambit, L50, M|100/100|[from] Parting Shot\n|move|p1a: Tyranitar|Knock Off|p2a: Crabominable\n|-resisted|p2a: Crabominable|1\n|-damage|p2a: Crabominable|86/100\n|\n|-weather|Sandstorm|[upkeep]\n|-damage|p2a: Crabominable|80/100|[from] Sandstorm\n|upkeep\n|turn|4\n|inactive|aedaluss has 30 seconds left.\n|inactive|aedaluss has 20 seconds left.\n|\n|t:|1776542669\n|detailschange|p2a: Crabominable|Crabominable-Mega, L50, M, shiny\n|-mega|p2a: Crabominable|Crabominable|Crabominite\n|move|p1a: Tyranitar|Protect|p1a: Tyranitar\n|-singleturn|p1a: Tyranitar|Protect\n|move|p2a: Crabominable|Drain Punch|p1a: Tyranitar\n|-activate|p1a: Tyranitar|move: Protect\n|move|p2b: Kingambit|Swords Dance|p2b: Kingambit\n|-boost|p2b: Kingambit|atk|2\n|move|p1b: Aerodactyl|Dual Wingbeat|p2a: Crabominable\n|-supereffective|p2a: Crabominable|1\n|-damage|p2a: Crabominable|61/100\n|-supereffective|p2a: Crabominable|1\n|-damage|p2a: Crabominable|42/100\n|-hitcount|p2a: Crabominable|2\n|\n|-weather|Sandstorm|[upkeep]\n|-damage|p2a: Crabominable|36/100|[from] Sandstorm\n|upkeep\n|turn|5\n|\n|t:|1776542693\n|switch|p1a: Hydreigon|Hydreigon, L50, M|77/100\n|move|p1b: Aerodactyl|Protect|p1b: Aerodactyl\n|-singleturn|p1b: Aerodactyl|Protect\n|move|p2a: Crabominable|Drain Punch|p1a: Hydreigon\n|-supereffective|p1a: Hydreigon|1\n|-damage|p1a: Hydreigon|0 fnt\n|-heal|p2a: Crabominable|70/100|[from] drain|[of] p1a: Hydreigon\n|faint|p1a: Hydreigon\n|move|p2b: Kingambit|Kowtow Cleave|p1b: Aerodactyl\n|-activate|p1b: Aerodactyl|move: Protect\n|\n|-weather|none\n|upkeep\n|\n|t:|1776542706\n|switch|p1a: Tyranitar|Tyranitar-Mega, L50, M|100/100\n|-weather|Sandstorm|[from] ability: Sand Stream|[of] p1a: Tyranitar\n|turn|6\n|\n|t:|1776542723\n|move|p1a: Tyranitar|Protect|p1a: Tyranitar\n|-singleturn|p1a: Tyranitar|Protect\n|move|p2a: Crabominable|Drain Punch|p1a: Tyranitar\n|-activate|p1a: Tyranitar|move: Protect\n|move|p2b: Kingambit|Kowtow Cleave|p1b: Aerodactyl\n|-enditem|p1b: Aerodactyl|Focus Sash\n|-damage|p1b: Aerodactyl|1/100\n|move|p1b: Aerodactyl|Rock Slide|p2b: Kingambit|[spread] p2a,p2b\n|-resisted|p2b: Kingambit|1\n|-damage|p2a: Crabominable|56/100\n|-damage|p2b: Kingambit|95/100\n|\n|-weather|Sandstorm|[upkeep]\n|-damage|p2a: Crabominable|50/100|[from] Sandstorm\n|-fieldend|move: Trick Room\n|upkeep\n|turn|7\n|inactive|aedaluss has 30 seconds left.\n|inactive|uhuhulou has 30 seconds left.\n|\n|t:|1776542752\n|move|p2b: Kingambit|Sucker Punch|p1b: Aerodactyl\n|-damage|p1b: Aerodactyl|0 fnt\n|faint|p1b: Aerodactyl\n|move|p1a: Tyranitar|Rock Slide|p2a: Crabominable|[spread] p2a,p2b\n|-resisted|p2b: Kingambit|1\n|-damage|p2a: Crabominable|24/100\n|-damage|p2b: Kingambit|82/100\n|cant|p2a: Crabominable|flinch\n|\n|-weather|Sandstorm|[upkeep]\n|-damage|p2a: Crabominable|18/100|[from] Sandstorm\n|upkeep\n|\n|t:|1776542761\n|switch|p1b: Excadrill|Excadrill, L50, F|100/100\n|turn|8\n|\n|t:|1776542785\n|move|p2b: Kingambit|Protect|p2b: Kingambit\n|-singleturn|p2b: Kingambit|Protect\n|move|p2a: Crabominable|Mach Punch|p1a: Tyranitar\n|-supereffective|p1a: Tyranitar|2\n|-damage|p1a: Tyranitar|11/100\n|move|p1b: Excadrill|High Horsepower|p2b: Kingambit\n|-activate|p2b: Kingambit|move: Protect\n|move|p1a: Tyranitar|Rock Slide|p2b: Kingambit|[spread] \n|-activate|p2b: Kingambit|move: Protect\n|-miss|p1a: Tyranitar|p2a: Crabominable\n|\n|-weather|Sandstorm|[upkeep]\n|-damage|p2a: Crabominable|12/100|[from] Sandstorm\n|upkeep\n|turn|9\n|inactive|aedaluss has 30 seconds left.\n|\n|t:|1776542816\n|move|p1a: Tyranitar|Protect|p1a: Tyranitar\n|-singleturn|p1a: Tyranitar|Protect\n|move|p2b: Kingambit|Sucker Punch|p1b: Excadrill\n|-damage|p1b: Excadrill|0 fnt\n|faint|p1b: Excadrill\n|move|p2a: Crabominable|Mach Punch|p1a: Tyranitar\n|-activate|p1a: Tyranitar|move: Protect\n|\n|-weather|Sandstorm|[upkeep]\n|-damage|p2a: Crabominable|6/100|[from] Sandstorm\n|upkeep\n|turn|10\n|-message|aedaluss forfeited.\n|\n|win|uhuhulou\n|raw|aedaluss's rating: 1342 &rarr; <strong>1324</strong><br />(-18 for losing)\n|raw|uhuhulou's rating: 1375 &rarr; <strong>1393</strong><br />(+18 for winning)\n|l|\u2606aedaluss\n|player|p1|\n",
  "uploadtime": 1776542830,
  "views": 21,
  "formatid": "gen9championsvgc2026regma",
  "rating": 1324,
  "private": 0,
  "password": null
}