{
  "id": "gen9championsvgc2026regma-2586298019",
  "format": "[Gen 9 Champions] VGC 2026 Reg M-A",
  "players": [
    "Purplkat",
    "colfox"
  ],
  "log": "|j|\u2606Purplkat\n|j|\u203dcolfox\n|t:|1776422668\n|gametype|doubles\n|player|p1|Purplkat|101|1165\n|player|p2|colfox|2|1250\n|gen|9\n|tier|[Gen 9 Champions] VGC 2026 Reg M-A\n|rated|\n|rule|Species Clause: Limit one of each Pok\u00e9mon\n|rule|Item Clause: Limit 1 of each item\n|clearpoke\n|poke|p1|Dragonite, L50, F|\n|poke|p1|Mudsdale, L50, M|\n|poke|p1|Pelipper, L50, F|\n|poke|p1|Scizor, L50, F|\n|poke|p1|Whimsicott, L50, F|\n|poke|p1|Rotom-Heat, L50|\n|poke|p2|Tyranitar, L50, M|\n|poke|p2|Excadrill, L50, M|\n|poke|p2|Dragapult, L50, M|\n|poke|p2|Milotic, L50, F|\n|poke|p2|Raichu, L50, F|\n|poke|p2|Scizor, L50, F|\n|teampreview|4\n|inactive|Battle timer is ON: inactive players will automatically lose when time's up. (requested by colfox)\n|\n|t:|1776422747\n|teamsize|p1|4\n|teamsize|p2|4\n|start\n|switch|p1a: Mudsdale|Mudsdale, L50, M|100/100\n|switch|p1b: Rotom|Rotom-Heat, L50|100/100\n|switch|p2a: Milotic|Milotic, L50, F|100/100\n|switch|p2b: Scizor|Scizor, L50, F|100/100\n|turn|1\n|inactive|colfox has 30 seconds left.\n|inactive|colfox has 20 seconds left.\n|inactive|colfox has 15 seconds left.\n|inactive|colfox has 10 seconds left.\n|inactive|colfox has 5 seconds left.\n|\n|t:|1776422803\n|move|p1a: Mudsdale|Protect|p1a: Mudsdale\n|-singleturn|p1a: Mudsdale|Protect\n|move|p2b: Scizor|Bullet Punch|p1a: Mudsdale\n|-activate|p1a: Mudsdale|move: Protect\n|move|p1b: Rotom|Thunderbolt|p2a: Milotic\n|-supereffective|p2a: Milotic|1\n|-enditem|p2a: Milotic|Wacan Berry|[eat]\n|-enditem|p2a: Milotic|Wacan Berry|[weaken]\n|-damage|p2a: Milotic|71/100\n|move|p2a: Milotic|Scald|p1b: Rotom\n|-supereffective|p1b: Rotom|1\n|-damage|p1b: Rotom|0 fnt\n|faint|p1b: Rotom\n|\n|upkeep\n|\n|t:|1776422825\n|switch|p1b: Pelipper|Pelipper, L50, F|100/100\n|-weather|RainDance|[from] ability: Drizzle|[of] p1b: Pelipper\n|turn|2\n|\n|t:|1776422833\n|detailschange|p2b: Scizor|Scizor-Mega, L50, F\n|-mega|p2b: Scizor|Scizor|Scizorite\n|move|p2a: Milotic|Scald|p1a: Mudsdale\n|-supereffective|p1a: Mudsdale|1\n|-crit|p1a: Mudsdale\n|-damage|p1a: Mudsdale|0 fnt\n|faint|p1a: Mudsdale\n|move|p2b: Scizor|Swords Dance|p2b: Scizor\n|-boost|p2b: Scizor|atk|2\n|move|p1b: Pelipper|Weather Ball|p2b: Scizor\n|-damage|p2b: Scizor|52/100\n|\n|-weather|RainDance|[upkeep]\n|upkeep\n|\n|t:|1776422842\n|switch|p1a: Dragonite|Dragonite, L50, F|100/100\n|turn|3\n|\n|t:|1776422855\n|detailschange|p1a: Dragonite|Dragonite-Mega, L50, F\n|-mega|p1a: Dragonite|Dragonite|Dragoninite\n|move|p2b: Scizor|Bullet Punch|p1a: Dragonite\n|-damage|p1a: Dragonite|66/100\n|move|p1a: Dragonite|Hurricane|p2b: Scizor\n|-damage|p2b: Scizor|0 fnt\n|faint|p2b: Scizor\n|move|p2a: Milotic|Icy Wind|p1a: Dragonite|[spread] p1a\n|-miss|p2a: Milotic|p1b: Pelipper\n|-supereffective|p1a: Dragonite|2\n|-damage|p1a: Dragonite|16/100\n|-unboost|p1a: Dragonite|spe|1\n|move|p1b: Pelipper|Weather Ball|p2a: Milotic\n|-resisted|p2a: Milotic|1\n|-damage|p2a: Milotic|54/100\n|\n|-weather|RainDance|[upkeep]\n|upkeep\n|\n|t:|1776422871\n|switch|p2b: Dragapult|Dragapult, L50, M|100/100\n|turn|4\n|\n|t:|1776422878\n|move|p2b: Dragapult|Dragon Darts|p1a: Dragonite\n|-supereffective|p1a: Dragonite|1\n|-damage|p1a: Dragonite|0 fnt\n|-anim|p2b: Dragapult|Dragon Darts|p1b: Pelipper\n|-damage|p1b: Pelipper|73/100\n|faint|p1a: Dragonite\n|move|p2a: Milotic|Icy Wind|p1b: Pelipper\n|-damage|p1b: Pelipper|50/100\n|-unboost|p1b: Pelipper|spe|1\n|move|p1b: Pelipper|Weather Ball|p2b: Dragapult\n|-resisted|p2b: Dragapult|1\n|-damage|p2b: Dragapult|67/100\n|\n|-weather|RainDance|[upkeep]\n|upkeep\n|turn|5\n|-message|Purplkat forfeited.\n|\n|win|colfox\n|raw|Purplkat's rating: 1165 &rarr; <strong>1146</strong><br />(-19 for losing)\n|raw|colfox's rating: 1250 &rarr; <strong>1269</strong><br />(+19 for winning)\n|l|\u2606Purplkat\n|player|p1|\n|l|\u203dcolfox\n|player|p2|\n|j|\u203dcolfox\n|player|p2|colfox|2|\n",
  "uploadtime": 1776423209,
  "views": 34,
  "formatid": "gen9championsvgc2026regma",
  "rating": 1146,
  "private": 0,
  "password": null
}