{
  "id": "gen9championsvgc2026regma-2587215879",
  "format": "[Gen 9 Champions] VGC 2026 Reg M-A",
  "players": [
    "Purple Amoonguss",
    "lolgz"
  ],
  "log": "|j|\u2606Purple Amoonguss\n|j|\u2606lolgz\n|t:|1776510123\n|gametype|doubles\n|player|p1|Purple Amoonguss|maid|1314\n|player|p2|lolgz|dawn|1251\n|gen|9\n|tier|[Gen 9 Champions] VGC 2026 Reg M-A\n|rated|\n|rule|Species Clause: Limit one of each Pok\u00e9mon\n|rule|Item Clause: Limit 1 of each item\n|clearpoke\n|poke|p1|Incineroar, L50, F|\n|poke|p1|Corviknight, L50, M|\n|poke|p1|Gyarados, L50, M|\n|poke|p1|Sneasler, L50, F|\n|poke|p1|Floette-Eternal, L50, F|\n|poke|p1|Sinistcha, L50|\n|poke|p2|Aerodactyl, L50, M|\n|poke|p2|Basculegion, L50, M|\n|poke|p2|Sneasler, L50, M|\n|poke|p2|Floette-Eternal, L50, F|\n|poke|p2|Maushold, L50|\n|poke|p2|Kingambit, L50, M|\n|teampreview|4\n|\n|t:|1776510164\n|teamsize|p1|4\n|teamsize|p2|4\n|start\n|switch|p1a: Sneasler|Sneasler, L50, F|100/100\n|switch|p1b: Gyarados|Gyarados, L50, M|100/100\n|switch|p2a: Sneasler|Sneasler, L50, M|100/100\n|switch|p2b: Basculegion|Basculegion, L50, M|100/100\n|-ability|p1b: Gyarados|Intimidate|boost\n|-unboost|p2a: Sneasler|atk|1\n|-unboost|p2b: Basculegion|atk|1\n|-enditem|p2a: Sneasler|White Herb\n|-clearnegativeboost|p2a: Sneasler|[silent]\n|turn|1\n|\n|t:|1776510201\n|move|p2a: Sneasler|Fake Out|p1b: Gyarados\n|-damage|p1b: Gyarados|82/100\n|move|p1a: Sneasler|Fake Out|p2a: Sneasler\n|-damage|p2a: Sneasler|73/100\n|move|p2b: Basculegion|Wave Crash|p1a: Sneasler\n|-damage|p1a: Sneasler|22/100\n|-damage|p2b: Basculegion|79/100|[from] Recoil\n|cant|p1b: Gyarados|flinch\n|\n|upkeep\n|turn|2\n|\n|t:|1776510239\n|move|p2a: Sneasler|Dire Claw|p1b: Gyarados\n|-damage|p1b: Gyarados|28/100\n|move|p2b: Basculegion|Wave Crash|p1a: Sneasler\n|-damage|p1a: Sneasler|0 fnt\n|faint|p1a: Sneasler\n|-damage|p2b: Basculegion|74/100|[from] Recoil\n|move|p1b: Gyarados|Dragon Dance|p1b: Gyarados\n|-boost|p1b: Gyarados|atk|1\n|-boost|p1b: Gyarados|spe|1\n|\n|upkeep\n|\n|t:|1776510245\n|switch|p1a: Sinistcha|Sinistcha, L50|100/100\n|-heal|p1b: Gyarados|53/100|[from] ability: Hospitality|[of] p1a: Sinistcha\n|turn|3\n|\n|t:|1776510253\n|switch|p2b: Maushold|Maushold, L50|100/100\n|move|p1a: Sinistcha|Rage Powder|p1a: Sinistcha\n|-singleturn|p1a: Sinistcha|move: Rage Powder\n|move|p2a: Sneasler|Dire Claw|p1a: Sinistcha\n|-damage|p1a: Sinistcha|68/100\n|move|p1b: Gyarados|Dragon Dance|p1b: Gyarados\n|-boost|p1b: Gyarados|atk|1\n|-boost|p1b: Gyarados|spe|1\n|\n|upkeep\n|turn|4\n|\n|t:|1776510269\n|move|p2b: Maushold|Helping Hand|p2a: Sneasler\n|-singleturn|p2a: Sneasler|Helping Hand|[of] p2b: Maushold\n|move|p1b: Gyarados|Protect|p1b: Gyarados\n|-singleturn|p1b: Gyarados|Protect\n|move|p2a: Sneasler|Dire Claw|p1a: Sinistcha\n|-damage|p1a: Sinistcha|22/100\n|-enditem|p1a: Sinistcha|Sitrus Berry|[eat]\n|-heal|p1a: Sinistcha|47/100|[from] item: Sitrus Berry\n|move|p1a: Sinistcha|Matcha Gotcha|p2b: Maushold|[spread] p2a,p2b\n|-resisted|p2a: Sneasler|1\n|-damage|p2a: Sneasler|61/100\n|-heal|p1a: Sinistcha|52/100|[from] drain|[of] p2a: Sneasler\n|-damage|p2b: Maushold|69/100\n|-heal|p1a: Sinistcha|68/100|[from] drain|[of] p2b: Maushold\n|\n|upkeep\n|turn|5\n|\n|t:|1776510290\n|detailschange|p1b: Gyarados|Gyarados-Mega, L50, M\n|-mega|p1b: Gyarados|Gyarados|Gyaradosite\n|-ability|p1b: Gyarados|Mold Breaker\n|move|p1a: Sinistcha|Rage Powder|p1a: Sinistcha\n|-singleturn|p1a: Sinistcha|move: Rage Powder\n|move|p2a: Sneasler|Dire Claw|p1a: Sinistcha\n|-damage|p1a: Sinistcha|38/100\n|move|p1b: Gyarados|Crunch|p2a: Sneasler\n|-resisted|p2a: Sneasler|1\n|-crit|p2a: Sneasler\n|-damage|p2a: Sneasler|0 fnt\n|faint|p2a: Sneasler\n|move|p2b: Maushold|Super Fang|p1a: Sinistcha\n|-immune|p1a: Sinistcha\n|\n|upkeep\n|\n|t:|1776510296\n|switch|p2a: Floette|Floette-Eternal, L50, F|100/100\n|turn|6\n|\n|t:|1776510314\n|switch|p1a: Corviknight|Corviknight, L50, M|100/100\n|detailschange|p2a: Floette|Floette-Mega, L50, F\n|-mega|p2a: Floette|Floette|Floettite\n|-ability|p2a: Floette|Fairy Aura\n|move|p1b: Gyarados|Protect|p1b: Gyarados\n|-singleturn|p1b: Gyarados|Protect\n|move|p2b: Maushold|Follow Me|p2b: Maushold\n|-singleturn|p2b: Maushold|move: Follow Me\n|move|p2a: Floette|Dazzling Gleam|p1a: Corviknight|[spread] p1a\n|-activate|p1b: Gyarados|move: Protect\n|-resisted|p1a: Corviknight|1\n|-damage|p1a: Corviknight|82/100\n|\n|-heal|p1a: Corviknight|88/100|[from] item: Leftovers\n|upkeep\n|turn|7\n|\n|t:|1776510329\n|move|p2b: Maushold|Follow Me|p2b: Maushold\n|-singleturn|p2b: Maushold|move: Follow Me\n|move|p1b: Gyarados|Crunch|p2b: Maushold\n|-damage|p2b: Maushold|0 fnt\n|faint|p2b: Maushold\n|move|p2a: Floette|Dazzling Gleam|p1a: Corviknight|[spread] p1a,p1b\n|-resisted|p1a: Corviknight|1\n|-supereffective|p1b: Gyarados|1\n|-damage|p1a: Corviknight|67/100\n|-damage|p1b: Gyarados|0 fnt\n|faint|p1b: Gyarados\n|move|p1a: Corviknight|Iron Defense|p1a: Corviknight\n|-boost|p1a: Corviknight|def|2\n|\n|-heal|p1a: Corviknight|73/100|[from] item: Leftovers\n|upkeep\n|\n|t:|1776510336\n|switch|p2b: Basculegion|Basculegion, L50, M|74/100\n|switch|p1b: Sinistcha|Sinistcha, L50|38/100\n|-heal|p1a: Corviknight|98/100|[from] ability: Hospitality|[of] p1b: Sinistcha\n|turn|8\n|\n|t:|1776510345\n|move|p1b: Sinistcha|Protect|p1b: Sinistcha\n|-singleturn|p1b: Sinistcha|Protect\n|move|p2b: Basculegion|Last Respects|p1a: Corviknight\n|-damage|p1a: Corviknight|55/100\n|move|p2a: Floette|Dazzling Gleam|p1b: Sinistcha|[spread] p1a\n|-activate|p1b: Sinistcha|move: Protect\n|-resisted|p1a: Corviknight|1\n|-damage|p1a: Corviknight|37/100\n|move|p1a: Corviknight|Brave Bird|p2a: Floette\n|-damage|p2a: Floette|49/100\n|-damage|p1a: Corviknight|24/100|[from] Recoil\n|\n|-heal|p1a: Corviknight|30/100|[from] item: Leftovers\n|upkeep\n|turn|9\n|\n|t:|1776510367\n|move|p2b: Basculegion|Last Respects|p1a: Corviknight\n|-damage|p1a: Corviknight|0 fnt\n|faint|p1a: Corviknight\n|move|p2a: Floette|Dazzling Gleam|p1b: Sinistcha\n|-damage|p1b: Sinistcha|0 fnt\n|faint|p1b: Sinistcha\n|\n|win|lolgz\n|raw|Purple Amoonguss's rating: 1314 &rarr; <strong>1290</strong><br />(-24 for losing)\n|raw|lolgz's rating: 1251 &rarr; <strong>1280</strong><br />(+29 for winning)\n",
  "uploadtime": 1776510367,
  "views": 20,
  "formatid": "gen9championsvgc2026regma",
  "rating": 1280,
  "private": 0,
  "password": null
}