{
  "id": "gen9championsvgc2026regma-2586627596",
  "format": "[Gen 9 Champions] VGC 2026 Reg M-A",
  "players": [
    "pipke_",
    "tomodachiiiiliferr"
  ],
  "log": "|j|\u2606pipke_\n|j|\u2606tomodachiiiiliferr\n|t:|1776447884\n|gametype|doubles\n|player|p1|pipke_|170|1000\n|player|p2|tomodachiiiiliferr|101|1000\n|gen|9\n|tier|[Gen 9 Champions] VGC 2026 Reg M-A\n|rated|\n|rule|Species Clause: Limit one of each Pok\u00e9mon\n|rule|Item Clause: Limit 1 of each item\n|clearpoke\n|poke|p1|Farigiraf, L50, M|\n|poke|p1|Torkoal, L50, M|\n|poke|p1|Hatterene, L50, F|\n|poke|p1|Armarouge, L50, M|\n|poke|p1|Clefable, L50, M|\n|poke|p1|Liepard, L50, F|\n|poke|p2|Meowscarada, L50, M|\n|poke|p2|Scizor, L50, M|\n|poke|p2|Incineroar, L50, F|\n|poke|p2|Dragonite, L50, F|\n|poke|p2|Pelipper, L50, M|\n|poke|p2|Archaludon, L50, F|\n|teampreview|4\n|\n|t:|1776447914\n|teamsize|p1|4\n|teamsize|p2|4\n|start\n|switch|p1a: Farigiraf|Farigiraf, L50, M|100/100\n|switch|p1b: Armarouge|Armarouge, L50, M|100/100\n|switch|p2a: Pelipper|Pelipper, L50, M|100/100\n|switch|p2b: Archaludon|Archaludon, L50, F|100/100\n|-weather|RainDance|[from] ability: Drizzle|[of] p2a: Pelipper\n|turn|1\n|\n|t:|1776447936\n|move|p1b: Armarouge|Wide Guard|p1b: Armarouge\n|-singleturn|p1b: Armarouge|Wide Guard\n|move|p2b: Archaludon|Electro Shot||[still]\n|-prepare|p2b: Archaludon|Electro Shot\n|-boost|p2b: Archaludon|spa|1\n|-anim|p2b: Archaludon|Electro Shot|p1a: Farigiraf\n|-damage|p1a: Farigiraf|48/100\n|-enditem|p1a: Farigiraf|Sitrus Berry|[eat]\n|-heal|p1a: Farigiraf|72/100|[from] item: Sitrus Berry\n|move|p2a: Pelipper|Muddy Water|p1a: Farigiraf|[spread] \n|-activate|p1a: Farigiraf|move: Wide Guard\n|-activate|p1b: Armarouge|move: Wide Guard\n|move|p1a: Farigiraf|Trick Room|p1a: Farigiraf\n|-fieldstart|move: Trick Room|[of] p1a: Farigiraf\n|\n|-weather|RainDance|[upkeep]\n|upkeep\n|turn|2\n|\n|t:|1776447971\n|switch|p1a: Torkoal|Torkoal, L50, M|100/100\n|-weather|SunnyDay|[from] ability: Drought|[of] p1a: Torkoal\n|switch|p2a: Dragonite|Dragonite, L50, F, shiny|100/100\n|move|p1b: Armarouge|Armor Cannon|p2b: Archaludon\n|-damage|p2b: Archaludon|0 fnt\n|-unboost|p1b: Armarouge|def|1\n|-unboost|p1b: Armarouge|spd|1\n|faint|p2b: Archaludon\n|\n|-weather|SunnyDay|[upkeep]\n|upkeep\n|\n|t:|1776447983\n|switch|p2b: Pelipper|Pelipper, L50, M|100/100\n|-weather|RainDance|[from] ability: Drizzle|[of] p2b: Pelipper\n|turn|3\n|\n|t:|1776448009\n|switch|p1a: Clefable|Clefable, L50, M|100/100\n|detailschange|p2a: Dragonite|Dragonite-Mega, L50, F, shiny\n|-mega|p2a: Dragonite|Dragonite|Dragoninite\n|move|p1b: Armarouge|Wide Guard|p1b: Armarouge\n|-singleturn|p1b: Armarouge|Wide Guard\n|move|p2a: Dragonite|Hurricane|p1a: Clefable\n|-damage|p1a: Clefable|52/100\n|-start|p1a: Clefable|confusion\n|move|p2b: Pelipper|Hurricane|p1b: Armarouge\n|-damage|p1b: Armarouge|30/100\n|\n|-weather|RainDance|[upkeep]\n|upkeep\n|turn|4\n|\n|t:|1776448052\n|detailschange|p1a: Clefable|Clefable-Mega, L50, M\n|-mega|p1a: Clefable|Clefable|Clefablite\n|move|p2b: Pelipper|Protect|p2b: Pelipper\n|-singleturn|p2b: Pelipper|Protect\n|move|p1b: Armarouge|Wide Guard|p1b: Armarouge\n|-singleturn|p1b: Armarouge|Wide Guard\n|-activate|p1a: Clefable|confusion\n|move|p1a: Clefable|Moonblast|p2a: Dragonite\n|-supereffective|p2a: Dragonite|1\n|-damage|p2a: Dragonite|71/100\n|move|p2a: Dragonite|Hurricane|p1a: Clefable\n|-damage|p1a: Clefable|11/100\n|\n|-weather|RainDance|[upkeep]\n|upkeep\n|turn|5\n|\n|t:|1776448077\n|switch|p1b: Torkoal|Torkoal, L50, M|100/100\n|-weather|SunnyDay|[from] ability: Drought|[of] p1b: Torkoal\n|move|p2a: Dragonite|Protect|p2a: Dragonite\n|-singleturn|p2a: Dragonite|Protect\n|-end|p1a: Clefable|confusion\n|move|p1a: Clefable|Rest|p1a: Clefable\n|-status|p1a: Clefable|slp|[from] move: Rest\n|-heal|p1a: Clefable|100/100 slp|[silent]\n|move|p2b: Pelipper|Tailwind|p2b: Pelipper\n|-sidestart|p2: tomodachiiiiliferr|move: Tailwind\n|\n|-weather|SunnyDay|[upkeep]\n|-fieldend|move: Trick Room\n|upkeep\n|turn|6\n|\n|t:|1776448110\n|switch|p2b: Meowscarada|Meowscarada, L50, M, shiny|100/100\n|switch|p1a: Farigiraf|Farigiraf, L50, M|72/100\n|move|p2a: Dragonite|Draco Meteor|p1b: Torkoal\n|-damage|p1b: Torkoal|0 fnt\n|-unboost|p2a: Dragonite|spa|2\n|faint|p1b: Torkoal\n|\n|-weather|SunnyDay|[upkeep]\n|upkeep\n|\n|t:|1776448123\n|switch|p1b: Armarouge|Armarouge, L50, M|30/100\n|turn|7\n|\n|t:|1776448132\n|switch|p2a: Pelipper|Pelipper, L50, M|100/100\n|-weather|RainDance|[from] ability: Drizzle|[of] p2a: Pelipper\n|move|p1b: Armarouge|Wide Guard|p1b: Armarouge\n|-singleturn|p1b: Armarouge|Wide Guard\n|move|p2b: Meowscarada|Knock Off|p1a: Farigiraf\n|-start|p2b: Meowscarada|typechange|Dark|[from] ability: Protean\n|-supereffective|p1a: Farigiraf|1\n|-damage|p1a: Farigiraf|16/100\n|move|p1a: Farigiraf|Trick Room|p1a: Farigiraf\n|-fieldstart|move: Trick Room|[of] p1a: Farigiraf\n|\n|-weather|RainDance|[upkeep]\n|upkeep\n|turn|8\n|\n|t:|1776448168\n|move|p1a: Farigiraf|Psychic|p2b: Meowscarada\n|-immune|p2b: Meowscarada\n|move|p1b: Armarouge|Expanding Force|p2b: Meowscarada\n|-immune|p2b: Meowscarada\n|move|p2a: Pelipper|Muddy Water|p1b: Armarouge|[spread] p1a,p1b\n|-supereffective|p1b: Armarouge|1\n|-damage|p1a: Farigiraf|0 fnt\n|-damage|p1b: Armarouge|0 fnt\n|faint|p1a: Farigiraf\n|faint|p1b: Armarouge\n|move|p2b: Meowscarada|U-turn|p1: Farigiraf|[notarget]\n|-fail|p2b: Meowscarada\n|\n|-weather|RainDance|[upkeep]\n|-sideend|p2: tomodachiiiiliferr|move: Tailwind\n|upkeep\n|\n|t:|1776448181\n|switch|p1a: Clefable|Clefable-Mega, L50, M|100/100 slp\n|turn|9\n|\n|t:|1776448195\n|switch|p2b: Dragonite|Dragonite-Mega, L50, F, shiny|71/100\n|cant|p1a: Clefable|slp\n|move|p1a: Clefable|Sleep Talk|p1a: Clefable\n|move|p1a: Clefable|Sunny Day|p1a: Clefable|[from] move: Sleep Talk\n|-weather|SunnyDay\n|move|p2a: Pelipper|Hurricane|p1a: Clefable|[miss]\n|-miss|p2a: Pelipper|p1a: Clefable\n|\n|-weather|SunnyDay|[upkeep]\n|upkeep\n|turn|10\n|\n|t:|1776448211\n|move|p2b: Dragonite|Protect|p2b: Dragonite\n|-singleturn|p2b: Dragonite|Protect\n|move|p2a: Pelipper|Protect|p2a: Pelipper\n|-singleturn|p2a: Pelipper|Protect\n|cant|p1a: Clefable|slp\n|move|p1a: Clefable|Sleep Talk|p1a: Clefable\n|move|p1a: Clefable|Rest||[from] move: Sleep Talk|[still]\n|-fail|p1a: Clefable\n|\n|-weather|SunnyDay|[upkeep]\n|upkeep\n|turn|11\n|\n|t:|1776448228\n|-curestatus|p1a: Clefable|slp|[msg]\n|move|p1a: Clefable|Moonblast|p2b: Dragonite\n|-supereffective|p2b: Dragonite|1\n|-damage|p2b: Dragonite|11/100\n|move|p2b: Dragonite|Thunder|p1a: Clefable|[miss]\n|-miss|p2b: Dragonite|p1a: Clefable\n|move|p2a: Pelipper|Tailwind|p2a: Pelipper\n|-sidestart|p2: tomodachiiiiliferr|move: Tailwind\n|\n|-weather|SunnyDay|[upkeep]\n|-fieldend|move: Trick Room\n|upkeep\n|turn|12\n|\n|t:|1776448283\n|switch|p2a: Meowscarada|Meowscarada, L50, M, shiny|100/100\n|move|p2b: Dragonite|Thunder|p1a: Clefable|[miss]\n|-miss|p2b: Dragonite|p1a: Clefable\n|move|p1a: Clefable|Moonblast|p2b: Dragonite\n|-supereffective|p2b: Dragonite|1\n|-damage|p2b: Dragonite|0 fnt\n|faint|p2b: Dragonite\n|\n|-weather|SunnyDay|[upkeep]\n|upkeep\n|\n|t:|1776448294\n|switch|p2b: Pelipper|Pelipper, L50, M|100/100\n|-weather|RainDance|[from] ability: Drizzle|[of] p2b: Pelipper\n|turn|13\n|\n|t:|1776448308\n|move|p2a: Meowscarada|Play Rough|p1a: Clefable\n|-start|p2a: Meowscarada|typechange|Fairy|[from] ability: Protean\n|-damage|p1a: Clefable|66/100\n|move|p2b: Pelipper|Hurricane|p1a: Clefable\n|-damage|p1a: Clefable|39/100\n|move|p1a: Clefable|Sunny Day|p1a: Clefable\n|-weather|SunnyDay\n|\n|-weather|SunnyDay|[upkeep]\n|upkeep\n|turn|14\n|\n|t:|1776448322\n|move|p2a: Meowscarada|Play Rough|p1a: Clefable\n|-damage|p1a: Clefable|3/100\n|-unboost|p1a: Clefable|atk|1\n|move|p2b: Pelipper|Muddy Water|p1a: Clefable\n|-damage|p1a: Clefable|0 fnt\n|faint|p1a: Clefable\n|\n|win|tomodachiiiiliferr\n|raw|pipke_'s rating: 1000 &rarr; <strong>1000</strong><br />(+0 for losing)\n|raw|tomodachiiiiliferr's rating: 1000 &rarr; <strong>1040</strong><br />(+40 for winning)\n",
  "uploadtime": 1776448333,
  "views": 34,
  "formatid": "gen9championsvgc2026regma",
  "rating": 1000,
  "private": 0,
  "password": null
}