{
  "id": "gen9championsvgc2026regma-2584889825",
  "format": "[Gen 9 Champions] VGC 2026 Reg M-A",
  "players": [
    "mintlyFresh",
    "mrguy888"
  ],
  "log": "|j|\u2606mintlyFresh\n|j|\u2606mrguy888\n|t:|1776291884\n|gametype|doubles\n|player|p1|mintlyFresh|neroli|1141\n|player|p2|mrguy888|noland-gen3|1154\n|gen|9\n|tier|[Gen 9 Champions] VGC 2026 Reg M-A\n|rated|\n|rule|Species Clause: Limit one of each Pok\u00e9mon\n|rule|Item Clause: Limit 1 of each item\n|clearpoke\n|poke|p1|Glimmora, L50, M|\n|poke|p1|Orthworm, L50, F|\n|poke|p1|Rotom-Wash, L50|\n|poke|p1|Froslass, L50, F|\n|poke|p1|Sneasler, L50, F|\n|poke|p1|Garchomp, L50, F|\n|poke|p2|Floette-Eternal, L50, F|\n|poke|p2|Aerodactyl, L50, M|\n|poke|p2|Garchomp, L50, F|\n|poke|p2|Tauros-Paldea-Aqua, L50, M|\n|poke|p2|Kangaskhan, L50, F|\n|poke|p2|Kingambit, L50, M|\n|teampreview|4\n|inactive|Battle timer is ON: inactive players will automatically lose when time's up. (requested by mrguy888)\n|\n|t:|1776291909\n|teamsize|p1|4\n|teamsize|p2|4\n|start\n|switch|p1a: Orthworm|Orthworm, L50, F|100/100\n|switch|p1b: Garchomp|Garchomp, L50, F|100/100\n|switch|p2a: Garchomp|Garchomp, L50, F|100/100\n|switch|p2b: Kingambit|Kingambit, L50, M|100/100\n|turn|1\n|inactive|mrguy888 has 30 seconds left.\n|\n|t:|1776291941\n|move|p2b: Kingambit|Sucker Punch|p1b: Garchomp\n|-damage|p1b: Garchomp|50/100\n|-damage|p2b: Kingambit|88/100|[from] ability: Rough Skin|[of] p1b: Garchomp\n|move|p1b: Garchomp|Earthquake|p2b: Kingambit|[spread] p2a,p2b\n|-immune|p1a: Orthworm|[from] ability: Earth Eater\n|-supereffective|p2b: Kingambit|1\n|-damage|p2a: Garchomp|63/100\n|-damage|p2b: Kingambit|32/100\n|move|p2a: Garchomp|Stomping Tantrum|p1b: Garchomp\n|-damage|p1b: Garchomp|0 fnt\n|-damage|p2a: Garchomp|50/100|[from] ability: Rough Skin|[of] p1b: Garchomp\n|faint|p1b: Garchomp\n|move|p1a: Orthworm|Body Press|p2b: Kingambit\n|-supereffective|p2b: Kingambit|2\n|-damage|p2b: Kingambit|0 fnt\n|faint|p2b: Kingambit\n|\n|upkeep\n|inactive|mintlyFresh has 30 seconds left.\n|\n|t:|1776291975\n|switch|p1b: Froslass|Froslass, L50, F|100/100\n|switch|p2b: Kangaskhan|Kangaskhan, L50, F|100/100\n|turn|2\n|\n|t:|1776291999\n|switch|p2a: Tauros|Tauros-Paldea-Aqua, L50, M|100/100\n|-ability|p2a: Tauros|Intimidate|boost\n|-unboost|p1a: Orthworm|atk|1\n|-unboost|p1b: Froslass|atk|1\n|detailschange|p2b: Kangaskhan|Kangaskhan-Mega, L50, F\n|-mega|p2b: Kangaskhan|Kangaskhan|Kangaskhanite\n|move|p1b: Froslass|Protect|p1b: Froslass\n|-singleturn|p1b: Froslass|Protect\n|move|p2b: Kangaskhan|Low Kick|p1a: Orthworm\n|-supereffective|p1a: Orthworm|1\n|-damage|p1a: Orthworm|56/100\n|-supereffective|p1a: Orthworm|1\n|-damage|p1a: Orthworm|45/100\n|-enditem|p1a: Orthworm|Sitrus Berry|[eat]\n|-heal|p1a: Orthworm|70/100|[from] item: Sitrus Berry\n|-hitcount|p1a: Orthworm|2\n|move|p1a: Orthworm|Shed Tail|p1a: Orthworm\n|-start|p1a: Orthworm|Substitute|[from] move: Shed Tail\n|-damage|p1a: Orthworm|20/100\n|\n|t:|1776292016\n|switch|p1a: Sneasler|Sneasler, L50, F|100/100|[from] Shed Tail\n|\n|upkeep\n|turn|3\n|\n|t:|1776292032\n|detailschange|p1b: Froslass|Froslass-Mega, L50, F\n|-mega|p1b: Froslass|Froslass|Froslassite\n|-weather|Snowscape|[from] ability: Snow Warning|[of] p1b: Froslass\n|move|p1a: Sneasler|Fake Out|p2b: Kangaskhan\n|-damage|p2b: Kangaskhan|87/100\n|move|p2a: Tauros|Aqua Jet|p1a: Sneasler\n|-end|p1a: Sneasler|Substitute\n|cant|p2b: Kangaskhan|flinch\n|move|p1b: Froslass|Aurora Veil|p1b: Froslass\n|-sidestart|p1: mintlyFresh|move: Aurora Veil\n|\n|-weather|Snowscape|[upkeep]\n|upkeep\n|turn|4\n|\n|t:|1776292055\n|move|p2b: Kangaskhan|Sucker Punch|p1b: Froslass\n|-supereffective|p1b: Froslass|1\n|-damage|p1b: Froslass|63/100\n|-supereffective|p1b: Froslass|1\n|-damage|p1b: Froslass|55/100\n|-hitcount|p1b: Froslass|2\n|move|p1b: Froslass|Blizzard|p2a: Tauros|[spread] p2a,p2b\n|-resisted|p2a: Tauros|1\n|-damage|p2a: Tauros|65/100\n|-damage|p2b: Kangaskhan|41/100\n|move|p1a: Sneasler|Close Combat|p2a: Tauros\n|-damage|p2a: Tauros|0 fnt\n|-unboost|p1a: Sneasler|def|1\n|-unboost|p1a: Sneasler|spd|1\n|faint|p2a: Tauros\n|-enditem|p1a: Sneasler|White Herb\n|-clearnegativeboost|p1a: Sneasler|[silent]\n|\n|-weather|Snowscape|[upkeep]\n|upkeep\n|\n|t:|1776292065\n|switch|p2a: Garchomp|Garchomp, L50, F|50/100\n|turn|5\n|\n|t:|1776292074\n|move|p2b: Kangaskhan|Sucker Punch|p1b: Froslass\n|-supereffective|p1b: Froslass|1\n|-damage|p1b: Froslass|22/100\n|-supereffective|p1b: Froslass|1\n|-damage|p1b: Froslass|14/100\n|-hitcount|p1b: Froslass|2\n|move|p1a: Sneasler|Close Combat|p2a: Garchomp\n|-damage|p2a: Garchomp|0 fnt\n|-unboost|p1a: Sneasler|def|1\n|-unboost|p1a: Sneasler|spd|1\n|-damage|p1a: Sneasler|88/100|[from] ability: Rough Skin|[of] p2a: Garchomp\n|faint|p2a: Garchomp\n|move|p1b: Froslass|Blizzard|p2b: Kangaskhan\n|-damage|p2b: Kangaskhan|0 fnt\n|faint|p2b: Kangaskhan\n|\n|win|mintlyFresh\n|raw|mintlyFresh's rating: 1141 &rarr; <strong>1167</strong><br />(+26 for winning)\n|raw|mrguy888's rating: 1154 &rarr; <strong>1128</strong><br />(-26 for losing)\n",
  "uploadtime": 1776292083,
  "views": 21,
  "formatid": "gen9championsvgc2026regma",
  "rating": 1128,
  "private": 0,
  "password": null
}