{
  "id": "gen9championsvgc2026regma-2588594862",
  "format": "[Gen 9 Champions] VGC 2026 Reg M-A",
  "players": [
    "Hickstar",
    "dtownbrown447"
  ],
  "log": "|j|\u2606Hickstar\n|j|\u2606dtownbrown447\n|t:|1776648397\n|gametype|doubles\n|player|p1|Hickstar|2|1444\n|player|p2|dtownbrown447|101|1514\n|gen|9\n|tier|[Gen 9 Champions] VGC 2026 Reg M-A\n|rated|\n|rule|Species Clause: Limit one of each Pok\u00e9mon\n|rule|Item Clause: Limit 1 of each item\n|clearpoke\n|poke|p1|Gardevoir, L50, F, shiny|\n|poke|p1|Aerodactyl, L50, M|\n|poke|p1|Garchomp, L50, F|\n|poke|p1|Sinistcha, L50|\n|poke|p1|Corviknight, L50, F|\n|poke|p1|Incineroar, L50, F|\n|poke|p2|Blastoise, L50, M|\n|poke|p2|Tsareena, L50, F|\n|poke|p2|Incineroar, L50, F|\n|poke|p2|Aerodactyl, L50, M|\n|poke|p2|Scizor, L50, M|\n|poke|p2|Sinistcha, L50|\n|teampreview|4\n|\n|t:|1776648423\n|teamsize|p1|4\n|teamsize|p2|4\n|start\n|switch|p1a: Aerodactyl|Aerodactyl, L50, M|100/100\n|switch|p1b: Garchomp|Garchomp, L50, F|100/100\n|switch|p2a: Blastoise|Blastoise, L50, M|100/100\n|switch|p2b: Aerodactyl|Aerodactyl, L50, M|100/100\n|-ability|p2b: Aerodactyl|Unnerve\n|-ability|p1a: Aerodactyl|Unnerve\n|turn|1\n|\n|t:|1776648433\n|switch|p2a: Incineroar|Incineroar, L50, F|100/100\n|-ability|p2a: Incineroar|Intimidate|boost\n|-unboost|p1a: Aerodactyl|atk|1\n|-unboost|p1b: Garchomp|atk|1\n|-enditem|p1b: Garchomp|White Herb\n|-clearnegativeboost|p1b: Garchomp|[silent]\n|move|p2b: Aerodactyl|Protect|p2b: Aerodactyl\n|-singleturn|p2b: Aerodactyl|Protect\n|move|p1a: Aerodactyl|Tailwind|p1a: Aerodactyl\n|-sidestart|p1: Hickstar|move: Tailwind\n|move|p1b: Garchomp|Rock Slide|p2b: Aerodactyl|[spread] p2a\n|-activate|p2b: Aerodactyl|move: Protect\n|-supereffective|p2a: Incineroar|1\n|-damage|p2a: Incineroar|67/100\n|\n|upkeep\n|turn|2\n|\n|t:|1776648472\n|move|p2a: Incineroar|Fake Out|p1b: Garchomp\n|-damage|p1b: Garchomp|91/100\n|-damage|p2a: Incineroar|54/100|[from] ability: Rough Skin|[of] p1b: Garchomp\n|move|p1a: Aerodactyl|Rock Slide|p2b: Aerodactyl|[spread] p2b\n|-miss|p1a: Aerodactyl|p2a: Incineroar\n|-supereffective|p2b: Aerodactyl|1\n|-damage|p2b: Aerodactyl|47/100\n|cant|p1b: Garchomp|flinch\n|move|p2b: Aerodactyl|Tailwind|p2b: Aerodactyl\n|-sidestart|p2: dtownbrown447|move: Tailwind\n|\n|upkeep\n|turn|3\n|\n|t:|1776648492\n|switch|p1a: Incineroar|Incineroar, L50, F|100/100\n|-ability|p1a: Incineroar|Intimidate|boost\n|-unboost|p2a: Incineroar|atk|1\n|-unboost|p2b: Aerodactyl|atk|1\n|move|p2b: Aerodactyl|Protect|p2b: Aerodactyl\n|-singleturn|p2b: Aerodactyl|Protect\n|move|p1b: Garchomp|Earthquake|p2b: Aerodactyl|[spread] p1a,p2a\n|-activate|p2b: Aerodactyl|move: Protect\n|-supereffective|p1a: Incineroar|1\n|-supereffective|p2a: Incineroar|1\n|-damage|p1a: Incineroar|26/100\n|-damage|p2a: Incineroar|0 fnt\n|faint|p2a: Incineroar\n|\n|upkeep\n|\n|t:|1776648507\n|switch|p2a: Blastoise|Blastoise, L50, M|100/100\n|turn|4\n|\n|t:|1776648519\n|switch|p2b: Scizor|Scizor, L50, M|100/100\n|move|p2a: Blastoise|Protect|p2a: Blastoise\n|-singleturn|p2a: Blastoise|Protect\n|move|p1b: Garchomp|Rock Slide|p2a: Blastoise|[spread] p2b\n|-activate|p2a: Blastoise|move: Protect\n|-damage|p2b: Scizor|78/100\n|move|p1a: Incineroar|Parting Shot|p2a: Blastoise\n|-activate|p2a: Blastoise|move: Protect\n|\n|-sideend|p1: Hickstar|move: Tailwind\n|upkeep\n|turn|5\n|\n|t:|1776648562\n|switch|p1a: Aerodactyl|Aerodactyl, L50, M|100/100\n|-ability|p1a: Aerodactyl|Unnerve\n|detailschange|p2a: Blastoise|Blastoise-Mega, L50, M\n|-mega|p2a: Blastoise|Blastoise|Blastoisinite\n|move|p1b: Garchomp|Protect|p1b: Garchomp\n|-singleturn|p1b: Garchomp|Protect\n|move|p2b: Scizor|Bullet Punch|p1a: Aerodactyl\n|-supereffective|p1a: Aerodactyl|1\n|-enditem|p1a: Aerodactyl|Focus Sash\n|-damage|p1a: Aerodactyl|1/100\n|move|p2a: Blastoise|Water Spout|p1b: Garchomp|[spread] p1a\n|-activate|p1b: Garchomp|move: Protect\n|-supereffective|p1a: Aerodactyl|1\n|-damage|p1a: Aerodactyl|0 fnt\n|faint|p1a: Aerodactyl\n|\n|-sideend|p2: dtownbrown447|move: Tailwind\n|upkeep\n|l|\u2606Hickstar\n|player|p1|\n|inactive|Battle timer is ON: inactive players will automatically lose when time's up. (requested by dtownbrown447)\n|inactive|Hickstar has 30 seconds to reconnect!\n|inactive|Hickstar has 20 seconds to reconnect!\n|inactive|Hickstar has 15 seconds to reconnect!\n|inactive|Hickstar has 10 seconds to reconnect!\n|inactive|Hickstar has 5 seconds to reconnect!\n|-message|Hickstar lost due to inactivity.\n|\n|win|dtownbrown447\n|raw|Hickstar's rating: 1444 &rarr; <strong>1428</strong><br />(-16 for losing)\n|raw|dtownbrown447's rating: 1514 &rarr; <strong>1530</strong><br />(+16 for winning)\n",
  "uploadtime": 1776648678,
  "views": 9,
  "formatid": "gen9championsvgc2026regma",
  "rating": 1428,
  "private": 0,
  "password": null
}