{
  "id": "gen9championsvgc2026regma-2584585282",
  "format": "[Gen 9 Champions] VGC 2026 Reg M-A",
  "players": [
    "labaladecos",
    "heshade11"
  ],
  "log": "|j|\u2606labaladecos\n|j|\u2606heshade11\n|t:|1776270382\n|gametype|doubles\n|player|p1|labaladecos|hugh|1299\n|player|p2|heshade11|102|1269\n|gen|9\n|tier|[Gen 9 Champions] VGC 2026 Reg M-A\n|rated|\n|rule|Species Clause: Limit one of each Pok\u00e9mon\n|rule|Item Clause: Limit 1 of each item\n|clearpoke\n|poke|p1|Chesnaught, L50, M|\n|poke|p1|Sinistcha, L50|\n|poke|p1|Whimsicott, L50, F|\n|poke|p1|Clefable, L50, M|\n|poke|p1|Pelipper, L50, F|\n|poke|p1|Dragonite, L50, F|\n|poke|p2|Starmie, L50|\n|poke|p2|Pelipper, L50, M|\n|poke|p2|Sinistcha, L50|\n|poke|p2|Sneasler, L50, M|\n|poke|p2|Drampa, L50, M|\n|poke|p2|Archaludon, L50, M|\n|teampreview|4\n|inactive|Battle timer is ON: inactive players will automatically lose when time's up. (requested by heshade11)\n|\n|t:|1776270410\n|teamsize|p1|4\n|teamsize|p2|4\n|start\n|switch|p1a: Chesnaught|Chesnaught, L50, M, shiny|100/100\n|switch|p1b: Sinistcha|Sinistcha, L50|100/100\n|switch|p2a: Pelipper|Pelipper, L50, M|100/100\n|switch|p2b: Sneasler|Sneasler, L50, M|100/100\n|-weather|RainDance|[from] ability: Drizzle|[of] p2a: Pelipper\n|turn|1\n|\n|t:|1776270425\n|move|p1a: Chesnaught|Spiky Shield|p1a: Chesnaught\n|-singleturn|p1a: Chesnaught|move: Protect\n|move|p2b: Sneasler|Fake Out|p1a: Chesnaught\n|-activate|p1a: Chesnaught|move: Protect\n|-damage|p2b: Sneasler|88/100|[from] Spiky Shield|[of] p1a: Chesnaught\n|move|p2a: Pelipper|Hurricane|p1a: Chesnaught\n|-activate|p1a: Chesnaught|move: Protect\n|move|p1b: Sinistcha|Trick Room|p1b: Sinistcha\n|-fieldstart|move: Trick Room|[of] p1b: Sinistcha\n|\n|-weather|RainDance|[upkeep]\n|upkeep\n|turn|2\n|\n|t:|1776270439\n|detailschange|p1a: Chesnaught|Chesnaught-Mega, L50, M, shiny\n|-mega|p1a: Chesnaught|Chesnaught|Chesnaughtite\n|move|p2b: Sneasler|Protect|p2b: Sneasler\n|-singleturn|p2b: Sneasler|Protect\n|move|p1b: Sinistcha|Rage Powder|p1b: Sinistcha\n|-singleturn|p1b: Sinistcha|move: Rage Powder\n|move|p1a: Chesnaught|Belly Drum|p1a: Chesnaught\n|-damage|p1a: Chesnaught|51/100\n|-setboost|p1a: Chesnaught|atk|6|[from] move: Belly Drum\n|move|p2a: Pelipper|Hurricane|p1b: Sinistcha\n|-supereffective|p1b: Sinistcha|1\n|-damage|p1b: Sinistcha|25/100\n|-enditem|p1b: Sinistcha|Sitrus Berry|[eat]\n|-heal|p1b: Sinistcha|50/100|[from] item: Sitrus Berry\n|\n|-weather|RainDance|[upkeep]\n|upkeep\n|turn|3\n|\n|t:|1776270459\n|move|p1b: Sinistcha|Rage Powder|p1b: Sinistcha\n|-singleturn|p1b: Sinistcha|move: Rage Powder\n|move|p1a: Chesnaught|Drain Punch|p2b: Sneasler\n|-resisted|p2b: Sneasler|1\n|-damage|p2b: Sneasler|0 fnt\n|-heal|p1a: Chesnaught|86/100|[from] drain|[of] p2b: Sneasler\n|faint|p2b: Sneasler\n|move|p2a: Pelipper|Hurricane|p1b: Sinistcha\n|-supereffective|p1b: Sinistcha|1\n|-damage|p1b: Sinistcha|0 fnt\n|faint|p1b: Sinistcha\n|\n|-weather|RainDance|[upkeep]\n|upkeep\n|\n|t:|1776270482\n|switch|p1b: Clefable|Clefable, L50, M|100/100\n|switch|p2b: Sinistcha|Sinistcha, L50|100/100\n|turn|4\n|\n|t:|1776270500\n|move|p2b: Sinistcha|Protect|p2b: Sinistcha\n|-singleturn|p2b: Sinistcha|Protect\n|move|p2a: Pelipper|Protect|p2a: Pelipper\n|-singleturn|p2a: Pelipper|Protect\n|move|p1b: Clefable|Follow Me|p1b: Clefable\n|-singleturn|p1b: Clefable|move: Follow Me\n|move|p1a: Chesnaught|Grassy Glide|p2a: Pelipper\n|-activate|p2a: Pelipper|move: Protect\n|\n|-weather|RainDance|[upkeep]\n|upkeep\n|turn|5\n|\n|t:|1776270514\n|move|p1b: Clefable|Follow Me|p1b: Clefable\n|-singleturn|p1b: Clefable|move: Follow Me\n|move|p2b: Sinistcha|Rage Powder|p2b: Sinistcha\n|-singleturn|p2b: Sinistcha|move: Rage Powder\n|move|p1a: Chesnaught|Drain Punch|p2a: Pelipper\n|-resisted|p2a: Pelipper|1\n|-enditem|p2a: Pelipper|Focus Sash\n|-damage|p2a: Pelipper|1/100\n|-heal|p1a: Chesnaught|100/100|[from] drain|[of] p2a: Pelipper\n|move|p2a: Pelipper|Hurricane|p1b: Clefable\n|-damage|p1b: Clefable|58/100\n|\n|-weather|none\n|-heal|p1b: Clefable|64/100|[from] item: Leftovers\n|-fieldend|move: Trick Room\n|upkeep\n|turn|6\n|c|\u2606heshade11|?\n|inactive|labaladecos has 30 seconds left.\n|inactive|heshade11 has 30 seconds left.\n|\n|t:|1776270547\n|move|p2a: Pelipper|Protect|p2a: Pelipper\n|-singleturn|p2a: Pelipper|Protect\n|move|p1b: Clefable|Follow Me|p1b: Clefable\n|-singleturn|p1b: Clefable|move: Follow Me\n|move|p2b: Sinistcha|Matcha Gotcha|p1a: Chesnaught|[spread] p1a,p1b\n|-resisted|p1a: Chesnaught|1\n|-damage|p1a: Chesnaught|91/100\n|-damage|p1b: Clefable|45/100\n|move|p1a: Chesnaught|Grassy Glide|p2b: Sinistcha\n|-resisted|p2b: Sinistcha|1\n|-damage|p2b: Sinistcha|38/100\n|-enditem|p2b: Sinistcha|Sitrus Berry|[eat]\n|-heal|p2b: Sinistcha|63/100|[from] item: Sitrus Berry\n|\n|-heal|p1b: Clefable|51/100|[from] item: Leftovers\n|upkeep\n|turn|7\n|\n|t:|1776270567\n|switch|p2a: Starmie|Starmie, L50|100/100\n|move|p1b: Clefable|Follow Me|p1b: Clefable\n|-singleturn|p1b: Clefable|move: Follow Me\n|move|p2b: Sinistcha|Matcha Gotcha|p1a: Chesnaught|[spread] p1a,p1b\n|-resisted|p1a: Chesnaught|1\n|-damage|p1a: Chesnaught|82/100\n|-heal|p2b: Sinistcha|68/100|[from] drain|[of] p1a: Chesnaught\n|-damage|p1b: Clefable|33/100\n|-heal|p2b: Sinistcha|79/100|[from] drain|[of] p1b: Clefable\n|-status|p1b: Clefable|brn\n|move|p1a: Chesnaught|Grassy Glide|p2a: Starmie\n|-supereffective|p2a: Starmie|1\n|-crit|p2a: Starmie\n|-damage|p2a: Starmie|0 fnt\n|faint|p2a: Starmie\n|\n|-heal|p1b: Clefable|39/100 brn|[from] item: Leftovers\n|upkeep\n|\n|t:|1776270582\n|switch|p2a: Pelipper|Pelipper, L50, M|1/100\n|-weather|RainDance|[from] ability: Drizzle|[of] p2a: Pelipper\n|turn|8\n|\n|t:|1776270591\n|move|p1b: Clefable|Follow Me|p1b: Clefable\n|-singleturn|p1b: Clefable|move: Follow Me\n|move|p2a: Pelipper|Hurricane|p1b: Clefable\n|-damage|p1b: Clefable|1/100 brn\n|move|p2b: Sinistcha|Matcha Gotcha|p1b: Clefable|[spread] p1a,p1b\n|-resisted|p1a: Chesnaught|1\n|-damage|p1a: Chesnaught|73/100\n|-heal|p2b: Sinistcha|84/100|[from] drain|[of] p1a: Chesnaught\n|-damage|p1b: Clefable|0 fnt\n|-heal|p2b: Sinistcha|84/100|[from] drain|[of] p1b: Clefable\n|-status|p1a: Chesnaught|brn\n|faint|p1b: Clefable\n|move|p1a: Chesnaught|Grassy Glide|p2b: Sinistcha\n|-resisted|p2b: Sinistcha|1\n|-damage|p2b: Sinistcha|55/100\n|\n|-weather|RainDance|[upkeep]\n|-damage|p1a: Chesnaught|67/100 brn|[from] brn\n|upkeep\n|\n|t:|1776270608\n|switch|p1b: Whimsicott|Whimsicott, L50, F|100/100\n|turn|9\n|\n|t:|1776270618\n|move|p1b: Whimsicott|Grassy Terrain|p1b: Whimsicott\n|-fieldstart|move: Grassy Terrain\n|move|p1a: Chesnaught|Grassy Glide|p2a: Pelipper\n|-damage|p2a: Pelipper|0 fnt\n|faint|p2a: Pelipper\n|move|p2b: Sinistcha|Trick Room|p2b: Sinistcha\n|-fieldstart|move: Trick Room|[of] p2b: Sinistcha\n|\n|-weather|RainDance|[upkeep]\n|-heal|p1a: Chesnaught|73/100 brn|[from] Grassy Terrain\n|-heal|p2b: Sinistcha|61/100|[from] Grassy Terrain\n|-damage|p1a: Chesnaught|67/100 brn|[from] brn\n|upkeep\n|turn|10\n|\n|t:|1776270633\n|move|p1a: Chesnaught|Grassy Glide|p2b: Sinistcha\n|-resisted|p2b: Sinistcha|1\n|-damage|p2b: Sinistcha|24/100\n|move|p1b: Whimsicott|Encore|p2b: Sinistcha\n|-start|p2b: Sinistcha|Encore\n|move|p2b: Sinistcha|Trick Room|p2b: Sinistcha\n|-fieldend|move: Trick Room\n|\n|-weather|RainDance|[upkeep]\n|-heal|p2b: Sinistcha|30/100|[from] Grassy Terrain\n|-heal|p1a: Chesnaught|73/100 brn|[from] Grassy Terrain\n|-damage|p1a: Chesnaught|67/100 brn|[from] brn\n|upkeep\n|turn|11\n|c|\u2606heshade11|wtf did rage powder not work\n|inactive|heshade11 has 30 seconds left.\n|c|\u2606labaladecos|dont affect grass type\n|inactive|heshade11 has 20 seconds left.\n|inactive|heshade11 has 15 seconds left.\n|inactive|heshade11 has 10 seconds left.\n|-message|heshade11 forfeited.\n|\n|win|labaladecos\n|raw|labaladecos's rating: 1299 &rarr; <strong>1322</strong><br />(+23 for winning)\n|raw|heshade11's rating: 1269 &rarr; <strong>1246</strong><br />(-23 for losing)\n|l|\u2606heshade11\n|player|p2|\n",
  "uploadtime": 1776270708,
  "views": 39,
  "formatid": "gen9championsvgc2026regma",
  "rating": 1246,
  "private": 0,
  "password": null
}