{
  "id": "gen9championsvgc2026regma-2581895592",
  "format": "[Gen 9 Champions] VGC 2026 Reg M-A",
  "players": [
    "Gemifi996644",
    "Z3U2"
  ],
  "log": "|j|\u2606Gemifi996644\n|j|\u2606Z3U2\n|t:|1776037603\n|gametype|doubles\n|player|p1|Gemifi996644|101|1049\n|player|p2|Z3U2|veteranf|1000\n|gen|9\n|tier|[Gen 9 Champions] VGC 2026 Reg M-A\n|rated|\n|rule|Species Clause: Limit one of each Pok\u00e9mon\n|rule|Item Clause: Limit 1 of each item\n|clearpoke\n|poke|p1|Maushold-Four, L50|\n|poke|p1|Froslass, L50, F|\n|poke|p1|Arcanine-Hisui, L50, M|\n|poke|p1|Dragonite, L50, F|\n|poke|p1|Corviknight, L50, F|\n|poke|p1|Sneasler, L50, F|\n|poke|p2|Charizard, L50, F|\n|poke|p2|Venusaur, L50, F|\n|poke|p2|Garchomp, L50, M|\n|poke|p2|Rotom-Wash, L50|\n|poke|p2|Sneasler, L50, M|\n|poke|p2|Incineroar, L50, F|\n|teampreview|4\n|inactive|Battle timer is ON: inactive players will automatically lose when time's up. (requested by Z3U2)\n|\n|t:|1776037678\n|teamsize|p1|4\n|teamsize|p2|4\n|start\n|switch|p1a: Dragonite|Dragonite, L50, F|100/100\n|switch|p1b: Maushold|Maushold-Four, L50|100/100\n|switch|p2a: Charizard|Charizard, L50, F|100/100\n|switch|p2b: Venusaur|Venusaur, L50, F|100/100\n|turn|1\n|\n|t:|1776037692\n|detailschange|p2a: Charizard|Charizard-Mega-Y, L50, F\n|-mega|p2a: Charizard|Charizard|Charizardite Y\n|-weather|SunnyDay|[from] ability: Drought|[of] p2a: Charizard\n|move|p1b: Maushold|Follow Me|p1b: Maushold\n|-singleturn|p1b: Maushold|move: Follow Me\n|move|p2b: Venusaur|Sleep Powder|p1b: Maushold\n|-status|p1b: Maushold|slp|[from] move: Sleep Powder\n|move|p2a: Charizard|Heat Wave|p1a: Dragonite|[spread] p1a\n|-miss|p2a: Charizard|p1b: Maushold\n|-resisted|p1a: Dragonite|1\n|-damage|p1a: Dragonite|88/100\n|move|p1a: Dragonite|Heat Wave|p2a: Charizard|[spread] p2a,p2b\n|-resisted|p2a: Charizard|1\n|-supereffective|p2b: Venusaur|1\n|-damage|p2a: Charizard|84/100\n|-damage|p2b: Venusaur|24/100\n|\n|-weather|SunnyDay|[upkeep]\n|upkeep\n|turn|2\n|\n|t:|1776037713\n|switch|p2a: Incineroar|Incineroar, L50, F|100/100\n|-ability|p2a: Incineroar|Intimidate|boost\n|-unboost|p1a: Dragonite|atk|1\n|-unboost|p1b: Maushold|atk|1\n|-enditem|p1a: Dragonite|White Herb\n|-clearnegativeboost|p1a: Dragonite|[silent]\n|move|p2b: Venusaur|Sleep Powder|p1a: Dragonite\n|-status|p1a: Dragonite|slp|[from] move: Sleep Powder\n|cant|p1b: Maushold|slp\n|cant|p1a: Dragonite|slp\n|\n|-weather|SunnyDay|[upkeep]\n|upkeep\n|turn|3\n|\n|t:|1776037732\n|move|p2b: Venusaur|Protect|p2b: Venusaur\n|-singleturn|p2b: Venusaur|Protect\n|move|p2a: Incineroar|Fake Out|p1a: Dragonite\n|-damage|p1a: Dragonite|76/100 slp\n|-curestatus|p1b: Maushold|slp|[msg]\n|move|p1b: Maushold|Super Fang|p2a: Incineroar\n|-damage|p2a: Incineroar|50/100\n|-enditem|p2a: Incineroar|Sitrus Berry|[eat]\n|-heal|p2a: Incineroar|75/100|[from] item: Sitrus Berry\n|cant|p1a: Dragonite|slp\n|\n|-weather|SunnyDay|[upkeep]\n|upkeep\n|turn|4\n|\n|t:|1776037757\n|move|p1b: Maushold|Follow Me|p1b: Maushold\n|-singleturn|p1b: Maushold|move: Follow Me\n|move|p2b: Venusaur|Sludge Bomb|p1b: Maushold\n|-damage|p1b: Maushold|47/100\n|-curestatus|p1a: Dragonite|slp|[msg]\n|move|p1a: Dragonite|Heat Wave|p2b: Venusaur|[spread] p2a,p2b\n|-resisted|p2a: Incineroar|1\n|-supereffective|p2b: Venusaur|1\n|-damage|p2a: Incineroar|59/100\n|-damage|p2b: Venusaur|0 fnt\n|faint|p2b: Venusaur\n|move|p2a: Incineroar|Flare Blitz|p1b: Maushold\n|-damage|p1b: Maushold|0 fnt\n|faint|p1b: Maushold\n|-damage|p2a: Incineroar|45/100|[from] Recoil\n|\n|-weather|SunnyDay|[upkeep]\n|upkeep\n|\n|t:|1776037776\n|switch|p1b: Froslass|Froslass, L50, F|100/100\n|switch|p2b: Sneasler|Sneasler, L50, M|100/100\n|turn|5\n|\n|t:|1776037795\n|move|p1b: Froslass|Protect|p1b: Froslass\n|-singleturn|p1b: Froslass|Protect\n|move|p1a: Dragonite|Protect|p1a: Dragonite\n|-singleturn|p1a: Dragonite|Protect\n|move|p2b: Sneasler|Rock Tomb|p1b: Froslass\n|-activate|p1b: Froslass|move: Protect\n|move|p2a: Incineroar|Parting Shot|p1a: Dragonite\n|-activate|p1a: Dragonite|move: Protect\n|\n|-weather|none\n|upkeep\n|turn|6\n|\n|t:|1776037817\n|switch|p1b: Sneasler|Sneasler, L50, F|100/100\n|-ability|p1b: Sneasler|Pressure\n|move|p2b: Sneasler|Rock Tomb|p1b: Sneasler\n|-resisted|p1b: Sneasler|1\n|-damage|p1b: Sneasler|83/100\n|-unboost|p1b: Sneasler|spe|1\n|move|p1a: Dragonite|Draco Meteor|p2a: Incineroar\n|-damage|p2a: Incineroar|0 fnt\n|-unboost|p1a: Dragonite|spa|2\n|faint|p2a: Incineroar\n|\n|upkeep\n|\n|t:|1776037830\n|switch|p2a: Charizard|Charizard-Mega-Y, L50, F|84/100\n|-weather|SunnyDay|[from] ability: Drought|[of] p2a: Charizard\n|turn|7\n|\n|t:|1776037845\n|move|p1b: Sneasler|Fake Out|p2b: Sneasler\n|-damage|p2b: Sneasler|75/100\n|cant|p2b: Sneasler|flinch\n|move|p2a: Charizard|Heat Wave|p1b: Sneasler|[spread] p1a,p1b\n|-resisted|p1a: Dragonite|1\n|-damage|p1a: Dragonite|44/100\n|-damage|p1b: Sneasler|0 fnt\n|faint|p1b: Sneasler\n|move|p1a: Dragonite|Heat Wave|p2b: Sneasler|[spread] p2a,p2b\n|-resisted|p2a: Charizard|1\n|-damage|p2a: Charizard|75/100\n|-damage|p2b: Sneasler|50/100\n|\n|-weather|SunnyDay|[upkeep]\n|upkeep\n|\n|t:|1776037857\n|switch|p1b: Froslass|Froslass, L50, F|100/100\n|turn|8\n|\n|t:|1776037869\n|detailschange|p1b: Froslass|Froslass-Mega, L50, F\n|-mega|p1b: Froslass|Froslass|Froslassite\n|-weather|Snowscape|[from] ability: Snow Warning|[of] p1b: Froslass\n|move|p2b: Sneasler|Rock Tomb|p1b: Froslass\n|-supereffective|p1b: Froslass|1\n|-damage|p1b: Froslass|58/100\n|-unboost|p1b: Froslass|spe|1\n|move|p2a: Charizard|Weather Ball|p1b: Froslass\n|-resisted|p1b: Froslass|1\n|-crit|p1b: Froslass\n|-damage|p1b: Froslass|19/100\n|move|p1a: Dragonite|Draco Meteor|p2a: Charizard\n|-damage|p2a: Charizard|41/100\n|-unboost|p1a: Dragonite|spa|2\n|move|p1b: Froslass|Aurora Veil|p1b: Froslass\n|-sidestart|p1: Gemifi996644|move: Aurora Veil\n|\n|-weather|Snowscape|[upkeep]\n|upkeep\n|turn|9\n|\n|t:|1776037892\n|move|p2b: Sneasler|Dire Claw|p1a: Dragonite\n|-damage|p1a: Dragonite|13/100\n|-status|p1a: Dragonite|slp\n|move|p2a: Charizard|Heat Wave|p1a: Dragonite|[spread] p1a\n|-miss|p2a: Charizard|p1b: Froslass\n|-resisted|p1a: Dragonite|1\n|-damage|p1a: Dragonite|0 fnt\n|faint|p1a: Dragonite\n|move|p1b: Froslass|Blizzard|p2a: Charizard|[spread] p2a,p2b\n|-damage|p2a: Charizard|0 fnt\n|-damage|p2b: Sneasler|0 fnt\n|faint|p2a: Charizard\n|faint|p2b: Sneasler\n|\n|win|Gemifi996644\n|raw|Gemifi996644's rating: 1049 &rarr; <strong>1077</strong><br />(+28 for winning)\n|raw|Z3U2's rating: 1000 &rarr; <strong>1000</strong><br />(+0 for losing)\n|l|\u2606Z3U2\n|player|p2|\n",
  "uploadtime": 1776037906,
  "views": 10,
  "formatid": "gen9championsvgc2026regma",
  "rating": 1000,
  "private": 0,
  "password": null
}