{
  "id": "gen9championsvgc2026regma-2586849763",
  "format": "[Gen 9 Champions] VGC 2026 Reg M-A",
  "players": [
    "Snorhex",
    "25Arcanines"
  ],
  "log": "|j|\u2606Snorhex\n|j|\u260625Arcanines\n|t:|1776465176\n|gametype|doubles\n|player|p1|Snorhex|2|1000\n|player|p2|25Arcanines|rei|1071\n|gen|9\n|tier|[Gen 9 Champions] VGC 2026 Reg M-A\n|rated|\n|rule|Species Clause: Limit one of each Pok\u00e9mon\n|rule|Item Clause: Limit 1 of each item\n|clearpoke\n|poke|p1|Archaludon, L50, F|\n|poke|p1|Palafin, L50, F|\n|poke|p1|Camerupt, L50, F|\n|poke|p1|Chimecho, L50, F|\n|poke|p1|Sinistcha-Masterpiece, L50|\n|poke|p1|Incineroar, L50, F|\n|poke|p2|Arcanine-Hisui, L50, M|\n|poke|p2|Sneasler, L50, M|\n|poke|p2|Garchomp, L50, M|\n|poke|p2|Froslass, L50, F|\n|poke|p2|Kingambit, L50, M|\n|poke|p2|Rotom-Frost, L50|\n|teampreview|4\n|c|\u260625Arcanines|glhf\n|inactive|Battle timer is ON: inactive players will automatically lose when time's up. (requested by Snorhex)\n|\n|t:|1776465257\n|teamsize|p1|4\n|teamsize|p2|4\n|start\n|switch|p1a: Incineroar|Incineroar, L50, F|100/100\n|switch|p1b: Archaludon|Archaludon, L50, F|100/100\n|switch|p2a: Permafrost|Froslass, L50, F|100/100\n|switch|p2b: Pyroclast|Arcanine-Hisui, L50, M|100/100\n|-ability|p2b: Pyroclast|Intimidate|boost\n|-unboost|p1a: Incineroar|atk|1\n|-unboost|p1b: Archaludon|atk|1\n|-ability|p1a: Incineroar|Intimidate|boost\n|-unboost|p2a: Permafrost|atk|1\n|-unboost|p2b: Pyroclast|atk|1\n|turn|1\n|inactive|Snorhex has 30 seconds left.\n|\n|t:|1776465289\n|detailschange|p2a: Permafrost|Froslass-Mega, L50, F\n|-mega|p2a: Permafrost|Froslass|Froslassite\n|-weather|Snowscape|[from] ability: Snow Warning|[of] p2a: Permafrost\n|move|p1a: Incineroar|Fake Out|p2a: Permafrost\n|-immune|p2a: Permafrost\n|move|p2a: Permafrost|Aurora Veil|p2a: Permafrost\n|-sidestart|p2: 25Arcanines|move: Aurora Veil\n|move|p2b: Pyroclast|Howl|p2b: Pyroclast|[spread] p2a,p2b\n|-boost|p2a: Permafrost|atk|1\n|-boost|p2b: Pyroclast|atk|1\n|move|p1b: Archaludon|Flash Cannon|p2a: Permafrost\n|-supereffective|p2a: Permafrost|1\n|-damage|p2a: Permafrost|30/100\n|\n|-weather|Snowscape|[upkeep]\n|upkeep\n|turn|2\n|\n|t:|1776465312\n|move|p2a: Permafrost|Blizzard|p1b: Archaludon|[spread] p1a,p1b\n|-resisted|p1a: Incineroar|1\n|-damage|p1a: Incineroar|81/100\n|-damage|p1b: Archaludon|33/100\n|move|p2b: Pyroclast|Rock Slide|p1b: Archaludon|[spread] p1a,p1b\n|-supereffective|p1a: Incineroar|1\n|-resisted|p1b: Archaludon|1\n|-damage|p1a: Incineroar|18/100\n|-damage|p1b: Archaludon|19/100\n|move|p1b: Archaludon|Flash Cannon|p2a: Permafrost\n|-supereffective|p2a: Permafrost|1\n|-damage|p2a: Permafrost|0 fnt\n|faint|p2a: Permafrost\n|cant|p1a: Incineroar|flinch\n|\n|-weather|Snowscape|[upkeep]\n|-heal|p1b: Archaludon|25/100|[from] item: Leftovers\n|upkeep\n|\n|t:|1776465321\n|switch|p2a: Gotta Sneas|Sneasler, L50, M|100/100\n|turn|3\n|\n|t:|1776465335\n|switch|p1b: Camerupt|Camerupt, L50, F, shiny|100/100\n|move|p2a: Gotta Sneas|Coaching|p2b: Pyroclast\n|-boost|p2b: Pyroclast|atk|1\n|-boost|p2b: Pyroclast|def|1\n|move|p2b: Pyroclast|Rock Slide|p1a: Incineroar|[spread] p1a,p1b\n|-supereffective|p1a: Incineroar|1\n|-damage|p1a: Incineroar|0 fnt\n|-damage|p1b: Camerupt|11/100\n|faint|p1a: Incineroar\n|\n|-weather|Snowscape|[upkeep]\n|upkeep\n|\n|t:|1776465348\n|switch|p1a: Chimecho|Chimecho, L50, F|100/100\n|turn|4\n|\n|t:|1776465368\n|detailschange|p1b: Camerupt|Camerupt-Mega, L50, F, shiny\n|-mega|p1b: Camerupt|Camerupt|Cameruptite\n|move|p1b: Camerupt|Protect|p1b: Camerupt\n|-singleturn|p1b: Camerupt|Protect\n|move|p2a: Gotta Sneas|Close Combat|p1a: Chimecho\n|-resisted|p1a: Chimecho|1\n|-damage|p1a: Chimecho|67/100\n|-unboost|p2a: Gotta Sneas|def|1\n|-unboost|p2a: Gotta Sneas|spd|1\n|-enditem|p2a: Gotta Sneas|White Herb\n|-clearnegativeboost|p2a: Gotta Sneas|[silent]\n|move|p2b: Pyroclast|Rock Slide|p1a: Chimecho|[spread] p1a\n|-activate|p1b: Camerupt|move: Protect\n|-damage|p1a: Chimecho|19/100\n|-enditem|p1a: Chimecho|Sitrus Berry|[eat]\n|-heal|p1a: Chimecho|44/100|[from] item: Sitrus Berry\n|move|p1a: Chimecho|Trick Room|p1a: Chimecho\n|-fieldstart|move: Trick Room|[of] p1a: Chimecho\n|\n|-weather|Snowscape|[upkeep]\n|upkeep\n|turn|5\n|inactive|Snorhex has 30 seconds left.\n|inactive|25Arcanines has 30 seconds left.\n|\n|t:|1776465398\n|switch|p2a: King Dedede|Kingambit, L50, M|100/100\n|move|p1a: Chimecho|Helping Hand|p1b: Camerupt\n|-singleturn|p1b: Camerupt|Helping Hand|[of] p1a: Chimecho\n|move|p2b: Pyroclast|Extreme Speed|p1b: Camerupt\n|-damage|p1b: Camerupt|0 fnt\n|faint|p1b: Camerupt\n|\n|-weather|none\n|-sideend|p2: 25Arcanines|move: Aurora Veil\n|upkeep\n|\n|t:|1776465411\n|switch|p1b: Archaludon|Archaludon, L50, F|25/100\n|turn|6\n|\n|t:|1776465430\n|move|p1a: Chimecho|Helping Hand|p1b: Archaludon\n|-singleturn|p1b: Archaludon|Helping Hand|[of] p1a: Chimecho\n|move|p2a: King Dedede|Kowtow Cleave|p1b: Archaludon\n|-damage|p1b: Archaludon|0 fnt\n|faint|p1b: Archaludon\n|move|p2b: Pyroclast|Howl|p2b: Pyroclast|[spread] p2a,p2b\n|-boost|p2a: King Dedede|atk|1\n|-boost|p2b: Pyroclast|atk|1\n|\n|upkeep\n|turn|7\n|c|\u260625Arcanines|ggwp\n|\n|t:|1776465447\n|move|p2b: Pyroclast|Extreme Speed|p1a: Chimecho\n|-damage|p1a: Chimecho|0 fnt\n|faint|p1a: Chimecho\n|\n|win|25Arcanines\n|raw|Snorhex's rating: 1000 &rarr; <strong>1000</strong><br />(+0 for losing)\n|raw|25Arcanines's rating: 1071 &rarr; <strong>1094</strong><br />(+23 for winning)\n|l|\u2606Snorhex\n|player|p1|\n|l|\u260625Arcanines\n|player|p2|\n|j|\u260625Arcanines\n|player|p2|25Arcanines|rei|\n",
  "uploadtime": 1776465908,
  "views": 22,
  "formatid": "gen9championsvgc2026regma",
  "rating": 1000,
  "private": 0,
  "password": null
}