{
  "id": "gen9championsvgc2026regma-2581372028",
  "format": "[Gen 9 Champions] VGC 2026 Reg M-A",
  "players": [
    "sake26",
    "angeallen455"
  ],
  "log": "|j|\u2606sake26\n|j|\u2606angeallen455\n|t:|1775993051\n|gametype|doubles\n|player|p1|sake26|102|\n|player|p2|angeallen455|colress|\n|gen|9\n|tier|[Gen 9 Champions] VGC 2026 Reg M-A\n|rule|Species Clause: Limit one of each Pok\u00e9mon\n|rule|Item Clause: Limit 1 of each item\n|clearpoke\n|poke|p1|Floette-Eternal, L50, F|\n|poke|p1|Gyarados, L50, F|\n|poke|p1|Sneasler, L50, F|\n|poke|p1|Tyranitar, L50, F|\n|poke|p1|Aegislash, L50, M|\n|poke|p1|Incineroar, L50, M|\n|poke|p2|Delphox, L50, F|\n|poke|p2|Basculegion, L50, M|\n|poke|p2|Clefable, L50, M|\n|poke|p2|Kingambit, L50, F|\n|poke|p2|Dragonite, L50, F|\n|poke|p2|Sneasler, L50, M|\n|teampreview|4\n|\n|t:|1775993076\n|teamsize|p1|4\n|teamsize|p2|4\n|start\n|switch|p1a: Sneasler|Sneasler, L50, F|100/100\n|switch|p1b: Aegislash|Aegislash, L50, M|100/100\n|switch|p2a: Kingambit|Kingambit, L50, F|100/100\n|switch|p2b: Sneasler|Sneasler, L50, M|100/100\n|turn|1\n|\n|t:|1775993119\n|move|p1a: Sneasler|Fake Out|p2b: Sneasler\n|-damage|p2b: Sneasler|74/100\n|-immune|p2b: Sneasler\n|cant|p2b: Sneasler|flinch\n|move|p1b: Aegislash|Substitute|p1b: Aegislash\n|-start|p1b: Aegislash|Substitute\n|-damage|p1b: Aegislash|76/100\n|move|p2a: Kingambit|Kowtow Cleave|p1b: Aegislash\n|-supereffective|p1b: Aegislash|1\n|-end|p1b: Aegislash|Substitute\n|\n|-heal|p1b: Aegislash|82/100|[from] item: Leftovers\n|upkeep\n|turn|2\n|\n|t:|1775993170\n|switch|p2b: Delphox|Delphox, L50, F|100/100\n|move|p1a: Sneasler|Protect|p1a: Sneasler\n|-singleturn|p1a: Sneasler|Protect\n|move|p2a: Kingambit|Sucker Punch||[still]\n|-fail|p2a: Kingambit\n|move|p1b: Aegislash|Substitute|p1b: Aegislash\n|-start|p1b: Aegislash|Substitute\n|-damage|p1b: Aegislash|57/100\n|\n|-heal|p1b: Aegislash|63/100|[from] item: Leftovers\n|upkeep\n|turn|3\n|\n|t:|1775993208\n|detailschange|p2b: Delphox|Delphox-Mega, L50, F\n|-mega|p2b: Delphox|Delphox|Delphoxite\n|move|p2b: Delphox|Heat Wave|p1a: Sneasler|[spread] p1a,p1b\n|-supereffective|p1b: Aegislash|1\n|-end|p1b: Aegislash|Substitute\n|-damage|p1a: Sneasler|45/100\n|move|p1a: Sneasler|Close Combat|p2a: Kingambit\n|-supereffective|p2a: Kingambit|2\n|-damage|p2a: Kingambit|0 fnt\n|-unboost|p1a: Sneasler|def|1\n|-unboost|p1a: Sneasler|spd|1\n|faint|p2a: Kingambit\n|-formechange|p1b: Aegislash|Aegislash-Blade|\n|move|p1b: Aegislash|Shadow Ball|p2b: Delphox\n|-supereffective|p2b: Delphox|1\n|-damage|p2b: Delphox|3/100\n|\n|-heal|p1b: Aegislash|69/100|[from] item: Leftovers\n|upkeep\n|\n|t:|1775993225\n|switch|p2a: Basculegion|Basculegion, L50, M|100/100\n|turn|4\n|\n|t:|1775993269\n|-formechange|p1b: Aegislash|Aegislash|\n|move|p1b: Aegislash|King's Shield|p1b: Aegislash\n|-singleturn|p1b: Aegislash|Protect\n|move|p2b: Delphox|Heat Wave|p1b: Aegislash|[spread] p1a\n|-activate|p1b: Aegislash|move: Protect\n|-damage|p1a: Sneasler|0 fnt\n|faint|p1a: Sneasler\n|move|p2a: Basculegion|Wave Crash|p1b: Aegislash\n|-activate|p1b: Aegislash|move: Protect\n|-unboost|p2a: Basculegion|atk|1\n|\n|-heal|p1b: Aegislash|75/100|[from] item: Leftovers\n|upkeep\n|\n|t:|1775993289\n|switch|p1a: Tyranitar|Tyranitar, L50, F|100/100\n|-weather|Sandstorm|[from] ability: Sand Stream|[of] p1a: Tyranitar\n|turn|5\n|\n|t:|1775993311\n|switch|p2b: Sneasler|Sneasler, L50, M|74/100\n|move|p1a: Tyranitar|Protect|p1a: Tyranitar\n|-singleturn|p1a: Tyranitar|Protect\n|move|p2a: Basculegion|Wave Crash|p1b: Aegislash\n|-damage|p1b: Aegislash|35/100\n|-damage|p2a: Basculegion|89/100|[from] Recoil\n|move|p1b: Aegislash|Substitute|p1b: Aegislash\n|-start|p1b: Aegislash|Substitute\n|-damage|p1b: Aegislash|10/100\n|\n|-weather|Sandstorm|[upkeep]\n|-damage|p2a: Basculegion|83/100|[from] Sandstorm\n|-damage|p2b: Sneasler|68/100|[from] Sandstorm\n|-heal|p1b: Aegislash|16/100|[from] item: Leftovers\n|upkeep\n|turn|6\n|\n|t:|1775993349\n|move|p2a: Basculegion|Wave Crash|p1b: Aegislash\n|-end|p1b: Aegislash|Substitute\n|-damage|p2a: Basculegion|76/100|[from] Recoil|[of] p1b: Aegislash\n|move|p2b: Sneasler|Close Combat|p1a: Tyranitar\n|-supereffective|p1a: Tyranitar|2\n|-damage|p1a: Tyranitar|0 fnt\n|-unboost|p2b: Sneasler|def|1\n|-unboost|p2b: Sneasler|spd|1\n|faint|p1a: Tyranitar\n|-formechange|p1b: Aegislash|Aegislash-Blade|\n|move|p1b: Aegislash|Shadow Ball|p2a: Basculegion\n|-supereffective|p2a: Basculegion|1\n|-damage|p2a: Basculegion|0 fnt\n|faint|p2a: Basculegion\n|\n|-weather|Sandstorm|[upkeep]\n|-damage|p2b: Sneasler|62/100|[from] Sandstorm\n|-heal|p1b: Aegislash|22/100|[from] item: Leftovers\n|upkeep\n|\n|t:|1775993366\n|switch|p2a: Delphox|Delphox-Mega, L50, F|3/100\n|switch|p1a: Floette|Floette-Eternal, L50, F|100/100\n|turn|7\n|\n|t:|1775993391\n|move|p1a: Floette|Protect|p1a: Floette\n|-singleturn|p1a: Floette|Protect\n|-formechange|p1b: Aegislash|Aegislash|\n|move|p1b: Aegislash|King's Shield|p1b: Aegislash\n|-singleturn|p1b: Aegislash|Protect\n|move|p2a: Delphox|Psychic|p1b: Aegislash\n|-activate|p1b: Aegislash|move: Protect\n|move|p2b: Sneasler|Dire Claw|p1a: Floette\n|-activate|p1a: Floette|move: Protect\n|\n|-weather|Sandstorm|[upkeep]\n|-damage|p2a: Delphox|0 fnt|[from] Sandstorm\n|-damage|p2b: Sneasler|57/100|[from] Sandstorm\n|-damage|p1a: Floette|95/100|[from] Sandstorm\n|faint|p2a: Delphox\n|-heal|p1b: Aegislash|28/100|[from] item: Leftovers\n|upkeep\n|turn|8\n|\n|t:|1775993422\n|detailschange|p1a: Floette|Floette-Mega, L50, F\n|-mega|p1a: Floette|Floette|Floettite\n|-ability|p1a: Floette|Fairy Aura\n|move|p2b: Sneasler|Dire Claw|p1a: Floette\n|-supereffective|p1a: Floette|1\n|-damage|p1a: Floette|0 fnt\n|faint|p1a: Floette\n|-formechange|p1b: Aegislash|Aegislash-Blade|\n|move|p1b: Aegislash|Shadow Ball|p2b: Sneasler\n|-damage|p2b: Sneasler|0 fnt\n|faint|p2b: Sneasler\n|\n|win|sake26\n",
  "uploadtime": 1775993429,
  "views": 24,
  "formatid": "gen9championsvgc2026regma",
  "rating": null,
  "private": 0,
  "password": null
}