{
  "id": "gen9championsvgc2026regma-2587695826",
  "format": "[Gen 9 Champions] VGC 2026 Reg M-A",
  "players": [
    "nirarubr_dazai03",
    "unknown2002"
  ],
  "log": "|j|\u2606nirarubr_dazai03\n|j|\u2606unknown2002\n|t:|1776554794\n|gametype|doubles\n|player|p1|nirarubr_dazai03|265|1046\n|player|p2|unknown2002|2|1060\n|gen|9\n|tier|[Gen 9 Champions] VGC 2026 Reg M-A\n|rated|\n|rule|Species Clause: Limit one of each Pok\u00e9mon\n|rule|Item Clause: Limit 1 of each item\n|clearpoke\n|poke|p1|Venusaur, L50, M|\n|poke|p1|Charizard, L50, M, shiny|\n|poke|p1|Garchomp, L50, M, shiny|\n|poke|p1|Whimsicott, L50, F, shiny|\n|poke|p1|Milotic, L50, F|\n|poke|p1|Talonflame, L50, M|\n|poke|p2|Kangaskhan, L50, F|\n|poke|p2|Sinistcha, L50|\n|poke|p2|Incineroar, L50, F|\n|poke|p2|Pelipper, L50, F|\n|poke|p2|Scizor, L50, M|\n|poke|p2|Castform, L50, F|\n|teampreview|4\nunknown2002 rejected open team sheets.\n|\n|t:|1776554843\n|teamsize|p1|4\n|teamsize|p2|4\n|start\n|switch|p1a: \u00cdris|Whimsicott, L50, F, shiny|100/100\n|switch|p1b: Zuba Zuba|Venusaur, L50, M|100/100\n|switch|p2a: Kangaskhan|Kangaskhan, L50, F|100/100\n|switch|p2b: Incineroar|Incineroar, L50, F|100/100\n|-ability|p2b: Incineroar|Intimidate|boost\n|-unboost|p1a: \u00cdris|atk|1\n|-unboost|p1b: Zuba Zuba|atk|1\n|turn|1\n|\n|t:|1776554856\n|detailschange|p2a: Kangaskhan|Kangaskhan-Mega, L50, F\n|-mega|p2a: Kangaskhan|Kangaskhan|Kangaskhanite\n|move|p1b: Zuba Zuba|Protect|p1b: Zuba Zuba\n|-singleturn|p1b: Zuba Zuba|Protect\n|move|p2a: Kangaskhan|Fake Out|p1a: \u00cdris\n|-damage|p1a: \u00cdris|75/100\n|-damage|p1a: \u00cdris|69/100\n|-hitcount|p1a: \u00cdris|2\n|move|p2b: Incineroar|Fake Out|p1b: Zuba Zuba\n|-activate|p1b: Zuba Zuba|move: Protect\n|cant|p1a: \u00cdris|flinch\n|\n|upkeep\n|turn|2\n|\n|t:|1776554899\n|detailschange|p1b: Zuba Zuba|Venusaur-Mega, L50, M\n|-mega|p1b: Zuba Zuba|Venusaur|Venusaurite\n|move|p1a: \u00cdris|Sunny Day|p1a: \u00cdris\n|-weather|SunnyDay\n|move|p1b: Zuba Zuba|Earth Power|p2a: Kangaskhan\n|-damage|p2a: Kangaskhan|74/100\n|move|p2a: Kangaskhan|Double-Edge|p1a: \u00cdris\n|-damage|p1a: \u00cdris|0 fnt\n|faint|p1a: \u00cdris\n|-hitcount|p1: \u00cdris|1\n|-damage|p2a: Kangaskhan|55/100|[from] Recoil\n|move|p2b: Incineroar|Flare Blitz|p1b: Zuba Zuba\n|-supereffective|p1b: Zuba Zuba|1\n|-damage|p1b: Zuba Zuba|5/100\n|-damage|p2b: Incineroar|74/100|[from] Recoil\n|\n|-weather|SunnyDay|[upkeep]\n|upkeep\n|\n|t:|1776554908\n|switch|p1a: Shiryu|Garchomp, L50, M, shiny|100/100\n|turn|3\n|\n|t:|1776554929\n|move|p2a: Kangaskhan|Sucker Punch|p1b: Zuba Zuba\n|-damage|p1b: Zuba Zuba|0 fnt\n|faint|p1b: Zuba Zuba\n|-hitcount|p1: Zuba Zuba|1\n|move|p1a: Shiryu|Rock Slide|p2b: Incineroar|[spread] p2a,p2b\n|-supereffective|p2b: Incineroar|1\n|-damage|p2a: Kangaskhan|39/100\n|-damage|p2b: Incineroar|32/100\n|cant|p2b: Incineroar|flinch\n|\n|-weather|SunnyDay|[upkeep]\n|upkeep\n|\n|t:|1776554939\n|switch|p1b: Talonflame|Talonflame, L50, M|100/100\n|turn|4\n|\n|t:|1776554954\n|move|p1b: Talonflame|Brave Bird|p2a: Kangaskhan\n|-damage|p2a: Kangaskhan|0 fnt\n|faint|p2a: Kangaskhan\n|-damage|p1b: Talonflame|84/100|[from] Recoil\n|move|p1a: Shiryu|Rock Slide|p2b: Incineroar\n|-supereffective|p2b: Incineroar|1\n|-damage|p2b: Incineroar|0 fnt\n|faint|p2b: Incineroar\n|\n|-weather|SunnyDay|[upkeep]\n|upkeep\n|\n|t:|1776554962\n|switch|p2a: Pelipper|Pelipper, L50, F|100/100\n|switch|p2b: Castform|Castform, L50, F|100/100\n|-weather|RainDance|[from] ability: Drizzle|[of] p2a: Pelipper\n|-formechange|p2b: Castform|Castform-Rainy|[msg]|[from] ability: Forecast\n|turn|5\n|\n|t:|1776554974\n|move|p1b: Talonflame|Brave Bird|p2b: Castform\n|-crit|p2b: Castform\n|-damage|p2b: Castform|0 fnt\n|faint|p2b: Castform\n|-damage|p1b: Talonflame|53/100|[from] Recoil\n|move|p1a: Shiryu|Rock Slide|p2a: Pelipper|[miss]\n|-miss|p1a: Shiryu|p2a: Pelipper\n|move|p2a: Pelipper|Tailwind|p2a: Pelipper\n|-sidestart|p2: unknown2002|move: Tailwind\n|\n|-weather|RainDance|[upkeep]\n|upkeep\n|turn|6\n|c|\u2606unknown2002|KILL HIM CAST FORM\n|c|\u2606unknown2002|NOOOOOOOOOOOOOOO\n|\n|t:|1776554997\n|move|p2a: Pelipper|Hydro Pump|p1a: Shiryu\n|-damage|p1a: Shiryu|20/100\n|move|p1b: Talonflame|Brave Bird|p2a: Pelipper\n|-damage|p2a: Pelipper|28/100\n|-damage|p1b: Talonflame|31/100|[from] Recoil\n|move|p1a: Shiryu|Rock Slide|p2a: Pelipper\n|-supereffective|p2a: Pelipper|1\n|-damage|p2a: Pelipper|0 fnt\n|faint|p2a: Pelipper\n|\n|win|nirarubr_dazai03\n|raw|nirarubr_dazai03's rating: 1046 &rarr; <strong>1080</strong><br />(+34 for winning)\n|raw|unknown2002's rating: 1060 &rarr; <strong>1040</strong><br />(-20 for losing)\n|l|\u2606unknown2002\n|player|p2|\n",
  "uploadtime": 1776555019,
  "views": 18,
  "formatid": "gen9championsvgc2026regma",
  "rating": 1040,
  "private": 0,
  "password": null
}