{
  "id": "gen9championsvgc2026regma-2588180658",
  "format": "[Gen 9 Champions] VGC 2026 Reg M-A",
  "players": [
    "giftedyew",
    "magicalarcher57"
  ],
  "log": "|j|\u2606giftedyew\n|j|\u2606magicalarcher57\n|html|<table width=\"100%\"><tr><td align=\"left\">giftedyew</td><td align=\"right\">magicalarcher57</tr><tr><td align=\"left\"><i class=\"fa fa-circle-o\"></i> <i class=\"fa fa-circle-o\"></i> </td><td align=\"right\"><i class=\"fa fa-circle-o\"></i> <i class=\"fa fa-circle-o\"></i> </tr></table>\n|uhtml|bestof|<h2><strong>Game 1</strong> of <a href=\"/game-bestof3-gen9championsvgc2026regma-2588180657\">a best-of-3</a></h2>\n|t:|1776612069\n|gametype|doubles\n|player|p1|giftedyew|1|\n|player|p2|magicalarcher57|valerie|\n|gen|9\n|tier|[Gen 9 Champions] VGC 2026 Reg M-A\n|rated|Tournament battle\n|rule|Species Clause: Limit one of each Pok\u00e9mon\n|rule|Item Clause: Limit 1 of each item\n|raw|<div class=\"infobox\"><details class=\"readmore\" open><summary><strong>2 custom rules:</strong></summary> Force Open Team Sheets, Best of = 3</details></div>\n|clearpoke\n|poke|p1|Aegislash, L50, F, shiny|\n|poke|p1|Garchomp, L50, M|\n|poke|p1|Milotic, L50, F, shiny|\n|poke|p1|Floette-Eternal, L50, F|\n|poke|p1|Sneasler, L50, F|\n|poke|p1|Aerodactyl, L50, M|\n|poke|p2|Kangaskhan, L50, F, shiny|\n|poke|p2|Farigiraf, L50, M, shiny|\n|poke|p2|Talonflame, L50, M, shiny|\n|poke|p2|Floette-Eternal, L50, F|\n|poke|p2|Sneasler, L50, F, shiny|\n|poke|p2|Basculegion, L50, M|\n|teampreview|4\n|showteam|p1|Aegislash||SpellTag|StanceChange|Poltergeist,IronHead,ShadowSneak,KingsShield|||F|||50|]Garchomp||LumBerry|RoughSkin|Earthquake,StompingTantrum,RockSlide,Protect|||M|||50|]Milotic||SitrusBerry|Competitive|Scald,IcyWind,Recover,Protect|||F|||50|]Floette-Eternal||Floettite|FlowerVeil|Moonblast,DazzlingGleam,LightofRuin,Protect|||F|||50|]Sneasler||WhiteHerb|Unburden|DireClaw,CloseCombat,Protect,FakeOut|||F|||50|]Aerodactyl||FocusSash|Unnerve|RockSlide,DualWingbeat,Tailwind,Protect|||M|||50|\n|showteam|p2|Kangaskhan||Kangaskhanite|Scrappy|FakeOut,HammerArm,DoubleEdge,Crunch|||F|||50|]Farigiraf||ColburBerry|ArmorTail|ShadowBall,HyperVoice,TrickRoom,Psychic|||M|||50|]Talonflame||SharpBeak|GaleWings|Tailwind,Taunt,Protect,BraveBird|||M|||50|]Floette-Eternal||Floettite|FlowerVeil|Moonblast,LightofRuin,DazzlingGleam,Protect|||F|||50|]Sneasler||FocusSash|Unburden|FakeOut,CloseCombat,DireClaw,Protect|||F|||50|]Basculegion||MysticWater|Adaptability|AquaJet,LastRespects,Protect,WaveCrash|||M|||50|\n|c|\u2606giftedyew|march my team feels so werid\n|j| YakonSavikov\n|c|\u2606magicalarcher57|i agree\n|c|\u2606magicalarcher57|it looks werid to play\n|l| YakonSavikov\n|c|\u2606giftedyew|it is\n|c|\u2606magicalarcher57|tho\n|c|\u2606magicalarcher57|u will get used to it i believe\n|c|\u2606giftedyew|i hope so\n|c|\u2606giftedyew|i think itll be p strong once im used to it\n|c|\u2606giftedyew|aegis is so good\n|c|\u2606magicalarcher57|its probably like\n|j| venson04\n|c|\u2606magicalarcher57|a practice with it immensely\n|j|@Bright Size\n|c|\u2606magicalarcher57|and play into popular comps\n|c|\u2606magicalarcher57|and u will do well\n|\n|t:|1776612143\n|teamsize|p1|4\n|teamsize|p2|4\n|start\n|switch|p1a: Aerodactyl|Aerodactyl, L50, M|100/100\n|switch|p1b: Sneasler|Sneasler, L50, F|100/100\n|switch|p2a: Ryoiki Tenkai|Farigiraf, L50, M, shiny|100/100\n|switch|p2b: Kangaskhan|Kangaskhan, L50, F, shiny|100/100\n|-ability|p1a: Aerodactyl|Unnerve\n|turn|1\n|c|\u2606giftedyew|yea\n|\n|t:|1776612169\n|switch|p1a: Floette|Floette-Eternal, L50, F|100/100\n|switch|p1b: Aegislash|Aegislash, L50, F, shiny|100/100\n|move|p2b: Kangaskhan|Fake Out|p1b: Aegislash\n|-resisted|p1b: Aegislash|1\n|-damage|p1b: Aegislash|93/100\n|move|p2a: Ryoiki Tenkai|Trick Room|p2a: Ryoiki Tenkai\n|-fieldstart|move: Trick Room|[of] p2a: Ryoiki Tenkai\n|\n|upkeep\n|turn|2\n|j| Alpharceus\n|\n|t:|1776612187\n|detailschange|p2b: Kangaskhan|Kangaskhan-Mega, L50, F, shiny\n|-mega|p2b: Kangaskhan|Kangaskhan|Kangaskhanite\n|detailschange|p1a: Floette|Floette-Mega, L50, F\n|-mega|p1a: Floette|Floette|Floettite\n|-ability|p1a: Floette|Fairy Aura\n|move|p1b: Aegislash|King's Shield|p1b: Aegislash\n|-singleturn|p1b: Aegislash|Protect\n|move|p2a: Ryoiki Tenkai|Shadow Ball|p1b: Aegislash\n|-activate|p1b: Aegislash|move: Protect\n|move|p2b: Kangaskhan|Crunch|p1b: Aegislash\n|-activate|p1b: Aegislash|move: Protect\n|-unboost|p2b: Kangaskhan|atk|1\n|move|p1a: Floette|Moonblast|p2b: Kangaskhan\n|-damage|p2b: Kangaskhan|32/100\n|\n|upkeep\n|turn|3\n|l|@Bright Size\n|\n|t:|1776612226\n|switch|p2b: Basculegion|Basculegion, L50, M|100/100\n|move|p2a: Ryoiki Tenkai|Shadow Ball|p1b: Aegislash\n|-supereffective|p1b: Aegislash|1\n|-damage|p1b: Aegislash|50/100\n|-formechange|p1b: Aegislash|Aegislash-Blade|\n|move|p1b: Aegislash|Iron Head|p2b: Basculegion\n|-resisted|p2b: Basculegion|1\n|-damage|p2b: Basculegion|78/100\n|move|p1a: Floette|Dazzling Gleam|p2a: Ryoiki Tenkai|[spread] p2a,p2b\n|-damage|p2a: Ryoiki Tenkai|51/100\n|-damage|p2b: Basculegion|31/100\n|\n|upkeep\n|turn|4\n|j| 23456ujhgrew\n|\n|t:|1776612253\n|-formechange|p1b: Aegislash|Aegislash|\n|move|p1b: Aegislash|King's Shield|p1b: Aegislash\n|-singleturn|p1b: Aegislash|Protect\n|move|p1a: Floette|Protect|p1a: Floette\n|-singleturn|p1a: Floette|Protect\n|move|p2a: Ryoiki Tenkai|Shadow Ball|p1b: Aegislash\n|-activate|p1b: Aegislash|move: Protect\n|move|p2b: Basculegion|Wave Crash|p1a: Floette\n|-activate|p1a: Floette|move: Protect\n|\n|upkeep\n|turn|5\n|j| YakonSavikov\n|\n|t:|1776612273\n|switch|p1a: Aerodactyl|Aerodactyl, L50, M|100/100\n|-ability|p1a: Aerodactyl|Unnerve\n|move|p2b: Basculegion|Protect|p2b: Basculegion\n|-singleturn|p2b: Basculegion|Protect\n|move|p2a: Ryoiki Tenkai|Shadow Ball|p1b: Aegislash\n|-supereffective|p1b: Aegislash|1\n|-damage|p1b: Aegislash|7/100\n|-formechange|p1b: Aegislash|Aegislash-Blade|\n|move|p1b: Aegislash|Iron Head|p2a: Ryoiki Tenkai\n|-damage|p2a: Ryoiki Tenkai|1/100\n|\n|-fieldend|move: Trick Room\n|upkeep\n|turn|6\n|l| YakonSavikov\n|\n|t:|1776612290\n|-formechange|p1b: Aegislash|Aegislash|\n|move|p1b: Aegislash|King's Shield|p1b: Aegislash\n|-singleturn|p1b: Aegislash|Protect\n|move|p2b: Basculegion|Aqua Jet|p1a: Aerodactyl\n|-supereffective|p1a: Aerodactyl|1\n|-damage|p1a: Aerodactyl|2/100\n|move|p1a: Aerodactyl|Rock Slide|p2b: Basculegion|[spread] p2a,p2b\n|-damage|p2a: Ryoiki Tenkai|0 fnt\n|-damage|p2b: Basculegion|5/100\n|faint|p2a: Ryoiki Tenkai\n|\n|upkeep\n|\n|t:|1776612293\n|switch|p2a: Athena|Talonflame, L50, M, shiny|100/100\n|turn|7\n|\n|t:|1776612309\n|move|p2a: Athena|Brave Bird|p1a: Aerodactyl\n|-resisted|p1a: Aerodactyl|1\n|-damage|p1a: Aerodactyl|0 fnt\n|faint|p1a: Aerodactyl\n|-damage|p2a: Athena|99/100|[from] Recoil\n|move|p2b: Basculegion|Aqua Jet|p1b: Aegislash\n|-damage|p1b: Aegislash|0 fnt\n|faint|p1b: Aegislash\n|\n|upkeep\n|\n|t:|1776612312\n|switch|p1a: Floette|Floette-Mega, L50, F|100/100\n|switch|p1b: Sneasler|Sneasler, L50, F|100/100\n|-ability|p1a: Floette|Fairy Aura\n|turn|8\n|j| Rolling Stonedge\n|l| Rolling Stonedge\n|j| coquito09\n|\n|t:|1776612353\n|move|p2a: Athena|Protect|p2a: Athena\n|-singleturn|p2a: Athena|Protect\n|move|p2b: Basculegion|Protect|p2b: Basculegion\n|-singleturn|p2b: Basculegion|Protect\n|move|p1b: Sneasler|Fake Out|p2a: Athena\n|-activate|p2a: Athena|move: Protect\n|move|p1a: Floette|Dazzling Gleam|p2b: Basculegion|[spread] \n|-activate|p2a: Athena|move: Protect\n|-activate|p2b: Basculegion|move: Protect\n|\n|upkeep\n|turn|9\n|\n|t:|1776612367\n|move|p1b: Sneasler|Protect|p1b: Sneasler\n|-singleturn|p1b: Sneasler|Protect\n|move|p2a: Athena|Tailwind|p2a: Athena\n|-sidestart|p2: magicalarcher57|move: Tailwind\n|move|p2b: Basculegion|Wave Crash|p1a: Floette\n|-damage|p1a: Floette|0 fnt\n|faint|p1a: Floette\n|-damage|p2b: Basculegion|0 fnt|[from] Recoil\n|faint|p2b: Basculegion\n|\n|upkeep\n|-message|giftedyew forfeited.\n|\n|win|magicalarcher57\n",
  "uploadtime": 1776612375,
  "views": 5,
  "formatid": "gen9championsvgc2026regma",
  "rating": null,
  "private": 0,
  "password": null
}