{
  "id": "gen9championsvgc2026regma-2580421844",
  "format": "[Gen 9 Champions] VGC 2026 Reg M-A",
  "players": [
    "dem0n2011",
    "jdksdkks"
  ],
  "log": "|j|\u2606dem0n2011\n|j|\u2606jdksdkks\n|t:|1775894045\n|gametype|doubles\n|player|p1|dem0n2011|benga|1026\n|player|p2|jdksdkks|266|1000\n|gen|9\n|tier|[Gen 9 Champions] VGC 2026 Reg M-A\n|rated|\n|rule|Species Clause: Limit one of each Pok\u00e9mon\n|rule|Item Clause: Limit 1 of each item\n|clearpoke\n|poke|p1|Farigiraf, L50, F|\n|poke|p1|Abomasnow, L50, M|\n|poke|p1|Rampardos, L50, M|\n|poke|p1|Slowking, L50, M|\n|poke|p1|Ninetales-Alola, L50, F|\n|poke|p1|Araquanid, L50, M|\n|poke|p2|Scovillain, L50, F|\n|poke|p2|Primarina, L50, F|\n|poke|p2|Basculegion, L50, M|\n|poke|p2|Whimsicott, L50, M|\n|poke|p2|Meowscarada, L50, M|\n|poke|p2|Ariados, L50, F|\n|teampreview|4\n|inactive|Battle timer is ON: inactive players will automatically lose when time's up. (requested by dem0n2011)\n|\n|t:|1775894068\n|teamsize|p1|4\n|teamsize|p2|4\n|start\n|switch|p1a: Farigiraf|Farigiraf, L50, F|100/100\n|switch|p1b: Araquanid|Araquanid, L50, M|100/100\n|switch|p2a: Scovillain|Scovillain, L50, F|100/100\n|switch|p2b: Primarina|Primarina, L50, F|100/100\n|turn|1\n|\n|t:|1775894093\n|move|p2a: Scovillain|Protect|p2a: Scovillain\n|-singleturn|p2a: Scovillain|Protect\n|move|p1b: Araquanid|Protect|p1b: Araquanid\n|-singleturn|p1b: Araquanid|Protect\n|move|p2b: Primarina|Icy Wind|p1b: Araquanid|[spread] p1a\n|-activate|p1b: Araquanid|move: Protect\n|-damage|p1a: Farigiraf|86/100\n|-unboost|p1a: Farigiraf|spe|1\n|move|p1a: Farigiraf|Trick Room|p1a: Farigiraf\n|-fieldstart|move: Trick Room|[of] p1a: Farigiraf\n|\n|-ability|p2a: Scovillain|Moody|boost\n|-boost|p2a: Scovillain|atk|2\n|-unboost|p2a: Scovillain|spa|1\n|upkeep\n|turn|2\n|inactive|dem0n2011 has 30 seconds left.\n|inactive|jdksdkks has 30 seconds left.\n|inactive|jdksdkks has 20 seconds left.\n|\n|t:|1775894132\n|switch|p2a: Ariados|Ariados, L50, F|100/100\n|move|p1a: Farigiraf|Helping Hand|p1b: Araquanid\n|-singleturn|p1b: Araquanid|Helping Hand|[of] p1a: Farigiraf\n|move|p1b: Araquanid|Liquidation|p2a: Ariados\n|-damage|p2a: Ariados|0 fnt\n|faint|p2a: Ariados\n|move|p2b: Primarina|Dazzling Gleam|p1b: Araquanid|[spread] p1a,p1b\n|-damage|p1a: Farigiraf|58/100\n|-damage|p1b: Araquanid|76/100\n|\n|upkeep\n|\n|t:|1775894154\n|switch|p2a: Scovillain|Scovillain, L50, F|100/100\n|turn|3\n|\n|t:|1775894170\n|detailschange|p2a: Scovillain|Scovillain-Mega, L50, F\n|-mega|p2a: Scovillain|Scovillain|Scovillainite\n|move|p1a: Farigiraf|Helping Hand|p1b: Araquanid\n|-singleturn|p1b: Araquanid|Helping Hand|[of] p1a: Farigiraf\n|move|p1b: Araquanid|Liquidation|p2a: Scovillain\n|-damage|p2a: Scovillain|0 fnt\n|faint|p2a: Scovillain\n|move|p2b: Primarina|Hyper Voice|p1a: Farigiraf|[spread] p1a,p1b\n|-resisted|p1b: Araquanid|1\n|-damage|p1a: Farigiraf|25/100\n|-damage|p1b: Araquanid|62/100\n|-enditem|p1a: Farigiraf|Sitrus Berry|[eat]\n|-heal|p1a: Farigiraf|49/100|[from] item: Sitrus Berry\n|\n|upkeep\n|\n|t:|1775894192\n|switch|p2a: Meowscarada|Meowscarada, L50, M|100/100\n|turn|4\n|\n|t:|1775894208\n|move|p1a: Farigiraf|Dazzling Gleam|p2b: Primarina|[spread] p2a,p2b\n|-supereffective|p2a: Meowscarada|1\n|-damage|p2a: Meowscarada|44/100\n|-damage|p2b: Primarina|86/100\n|move|p1b: Araquanid|Leech Life|p2a: Meowscarada\n|-supereffective|p2a: Meowscarada|2\n|-damage|p2a: Meowscarada|0 fnt\n|-heal|p1b: Araquanid|85/100|[from] drain|[of] p2a: Meowscarada\n|faint|p2a: Meowscarada\n|move|p2b: Primarina|Dazzling Gleam|p1a: Farigiraf|[spread] p1a,p1b\n|-damage|p1a: Farigiraf|19/100\n|-damage|p1b: Araquanid|62/100\n|\n|upkeep\n|turn|5\n|l|\u2606jdksdkks\n|inactive|jdksdkks disconnected and has a minute to reconnect!\n|player|p2|\n|inactive|jdksdkks has 30 seconds left.\n|inactive|jdksdkks has 20 seconds left.\n|inactive|jdksdkks has 15 seconds left.\n|inactive|jdksdkks has 10 seconds left.\n|inactive|jdksdkks has 5 seconds left.\n|-message|jdksdkks lost due to inactivity.\n|\n|win|dem0n2011\n|raw|dem0n2011's rating: 1026 &rarr; <strong>1059</strong><br />(+33 for winning)\n|raw|jdksdkks's rating: 1000 &rarr; <strong>1000</strong><br />(+0 for losing)\n",
  "uploadtime": 1775894290,
  "views": 17,
  "formatid": "gen9championsvgc2026regma",
  "rating": 1000,
  "private": 0,
  "password": null
}