{
  "id": "gen9championsvgc2026regma-2587680403",
  "format": "[Gen 9 Champions] VGC 2026 Reg M-A",
  "players": [
    "MvillMpersonality",
    "Matt3334"
  ],
  "log": "|j|\u2606MvillMpersonality\n|j|\u2606Matt3334\n|t:|1776553249\n|gametype|doubles\n|player|p1|MvillMpersonality|pokemaniac|1073\n|player|p2|Matt3334|102|1079\n|gen|9\n|tier|[Gen 9 Champions] VGC 2026 Reg M-A\n|rated|\n|rule|Species Clause: Limit one of each Pok\u00e9mon\n|rule|Item Clause: Limit 1 of each item\n|clearpoke\n|poke|p1|Scovillain, L50, F, shiny|\n|poke|p1|Sinistcha, L50|\n|poke|p1|Slowbro, L50, F|\n|poke|p1|Kingambit, L50, M|\n|poke|p1|Tyranitar, L50, M|\n|poke|p1|Sneasler, L50, M|\n|poke|p2|Garchomp, L50, M|\n|poke|p2|Venusaur, L50, M|\n|poke|p2|Aegislash, L50, M, shiny|\n|poke|p2|Charizard, L50, M|\n|poke|p2|Altaria, L50, M, shiny|\n|poke|p2|Rotom-Wash, L50|\n|teampreview|4\n|\n|t:|1776553272\n|teamsize|p1|4\n|teamsize|p2|4\n|start\n|switch|p1a: The Elder Brain|Slowbro, L50, F|100/100\n|switch|p1b: The Trickster|Sneasler, L50, M|100/100\n|switch|p2a: Charizard|Charizard, L50, M|100/100\n|switch|p2b: Rotom|Rotom-Wash, L50|100/100\n|turn|1\n|\n|t:|1776553307\n|detailschange|p2a: Charizard|Charizard-Mega-Y, L50, M\n|-mega|p2a: Charizard|Charizard|Charizardite Y\n|-weather|SunnyDay|[from] ability: Drought|[of] p2a: Charizard\n|detailschange|p1a: The Elder Brain|Slowbro-Mega, L50, F\n|-mega|p1a: The Elder Brain|Slowbro|Slowbronite\n|move|p2a: Charizard|Protect|p2a: Charizard\n|-singleturn|p2a: Charizard|Protect\n|move|p1b: The Trickster|Fake Out|p2a: Charizard\n|-activate|p2a: Charizard|move: Protect\n|move|p2b: Rotom|Will-O-Wisp|p1b: The Trickster|[miss]\n|-miss|p2b: Rotom|p1b: The Trickster\n|move|p1a: The Elder Brain|Calm Mind|p1a: The Elder Brain\n|-boost|p1a: The Elder Brain|spa|1\n|-boost|p1a: The Elder Brain|spd|1\n|\n|-weather|SunnyDay|[upkeep]\n|upkeep\n|turn|2\n|\n|t:|1776553331\n|switch|p1b: The Bodyguard|Tyranitar, L50, M|100/100\n|-weather|Sandstorm|[from] ability: Sand Stream|[of] p1b: The Bodyguard\n|switch|p2a: Aegislash|Aegislash, L50, M, shiny|100/100\n|move|p2b: Rotom|Will-O-Wisp|p1b: The Bodyguard\n|-status|p1b: The Bodyguard|brn\n|move|p1a: The Elder Brain|Calm Mind|p1a: The Elder Brain\n|-boost|p1a: The Elder Brain|spa|1\n|-boost|p1a: The Elder Brain|spd|1\n|\n|-weather|Sandstorm|[upkeep]\n|-damage|p2b: Rotom|95/100|[from] Sandstorm\n|-damage|p1a: The Elder Brain|95/100|[from] Sandstorm\n|-damage|p1b: The Bodyguard|95/100 brn|[from] brn\n|upkeep\n|turn|3\n|\n|t:|1776553365\n|switch|p1b: The Trickster|Sneasler, L50, M|100/100\n|switch|p2a: Venusaur|Venusaur, L50, M|100/100\n|move|p2b: Rotom|Hydro Pump|p1b: The Trickster\n|-damage|p1b: The Trickster|43/100\n|move|p1a: The Elder Brain|Scald|p2b: Rotom\n|-resisted|p2b: Rotom|1\n|-damage|p2b: Rotom|50/100\n|\n|-weather|Sandstorm|[upkeep]\n|-damage|p1b: The Trickster|37/100|[from] Sandstorm\n|-damage|p2a: Venusaur|95/100|[from] Sandstorm\n|-damage|p2b: Rotom|44/100|[from] Sandstorm\n|-damage|p1a: The Elder Brain|89/100|[from] Sandstorm\n|-heal|p2a: Venusaur|100/100|[from] item: Leftovers\n|upkeep\n|turn|4\n|\n|t:|1776553404\n|move|p1b: The Trickster|Fake Out|p2a: Venusaur\n|-crit|p2a: Venusaur\n|-damage|p2a: Venusaur|78/100\n|cant|p2a: Venusaur|flinch\n|move|p2b: Rotom|Will-O-Wisp|p1b: The Trickster|[miss]\n|-miss|p2b: Rotom|p1b: The Trickster\n|move|p1a: The Elder Brain|Scald|p2b: Rotom\n|-resisted|p2b: Rotom|1\n|-damage|p2b: Rotom|2/100\n|\n|-weather|Sandstorm|[upkeep]\n|-damage|p1b: The Trickster|32/100|[from] Sandstorm\n|-damage|p2a: Venusaur|72/100|[from] Sandstorm\n|-damage|p2b: Rotom|0 fnt|[from] Sandstorm\n|-damage|p1a: The Elder Brain|83/100|[from] Sandstorm\n|faint|p2b: Rotom\n|-heal|p2a: Venusaur|78/100|[from] item: Leftovers\n|upkeep\n|\n|t:|1776553419\n|switch|p2b: Charizard|Charizard-Mega-Y, L50, M|100/100\n|-weather|SunnyDay|[from] ability: Drought|[of] p2b: Charizard\n|turn|5\n|\n|t:|1776553432\n|switch|p1b: The Bodyguard|Tyranitar, L50, M|95/100 brn\n|-weather|Sandstorm|[from] ability: Sand Stream|[of] p1b: The Bodyguard\n|move|p2b: Charizard|Protect|p2b: Charizard\n|-singleturn|p2b: Charizard|Protect\n|move|p2a: Venusaur|Solar Beam||[still]\n|-prepare|p2a: Venusaur|Solar Beam\n|move|p1a: The Elder Brain|Scald|p2b: Charizard\n|-activate|p2b: Charizard|move: Protect\n|\n|-weather|Sandstorm|[upkeep]\n|-damage|p2b: Charizard|95/100|[from] Sandstorm\n|-damage|p2a: Venusaur|72/100|[from] Sandstorm\n|-damage|p1a: The Elder Brain|77/100|[from] Sandstorm\n|-heal|p2a: Venusaur|78/100|[from] item: Leftovers\n|-damage|p1b: The Bodyguard|89/100 brn|[from] brn\n|upkeep\n|turn|6\n|\n|t:|1776553458\n|switch|p2b: Aegislash|Aegislash, L50, M, shiny|100/100\n|switch|p1b: The Cleric|Sinistcha, L50|100/100\n|-heal|p1a: The Elder Brain|100/100|[from] ability: Hospitality|[of] p1b: The Cleric\n|move|p2a: Venusaur|Solar Beam|p1a: The Elder Brain|[from] lockedmove\n|-supereffective|p1a: The Elder Brain|1\n|-damage|p1a: The Elder Brain|71/100\n|move|p1a: The Elder Brain|Psychic Noise|p2a: Venusaur\n|-supereffective|p2a: Venusaur|1\n|-damage|p2a: Venusaur|0 fnt\n|faint|p2a: Venusaur\n|\n|-weather|Sandstorm|[upkeep]\n|-damage|p1b: The Cleric|94/100|[from] Sandstorm\n|-damage|p1a: The Elder Brain|65/100|[from] Sandstorm\n|-heal|p1b: The Cleric|100/100|[from] item: Leftovers\n|upkeep\n|\n|t:|1776553475\n|switch|p2a: Charizard|Charizard-Mega-Y, L50, M|95/100\n|-weather|SunnyDay|[from] ability: Drought|[of] p2a: Charizard\n|turn|7\n|\n|t:|1776553489\n|switch|p1b: The Bodyguard|Tyranitar, L50, M|89/100 brn\n|-weather|Sandstorm|[from] ability: Sand Stream|[of] p1b: The Bodyguard\n|move|p2a: Charizard|Protect|p2a: Charizard\n|-singleturn|p2a: Charizard|Protect\n|-formechange|p2b: Aegislash|Aegislash-Blade|\n|move|p2b: Aegislash|Solar Blade||[still]\n|-prepare|p2b: Aegislash|Solar Blade\n|move|p1a: The Elder Brain|Slack Off|p1a: The Elder Brain\n|-heal|p1a: The Elder Brain|100/100\n|\n|-weather|Sandstorm|[upkeep]\n|-damage|p2a: Charizard|89/100|[from] Sandstorm\n|-damage|p1a: The Elder Brain|95/100|[from] Sandstorm\n|-damage|p1b: The Bodyguard|83/100 brn|[from] brn\n|upkeep\n|turn|8\n|\n|t:|1776553517\n|move|p2a: Charizard|Scorching Sands|p1b: The Bodyguard\n|-supereffective|p1b: The Bodyguard|1\n|-damage|p1b: The Bodyguard|50/100 brn\n|move|p2b: Aegislash|Solar Blade|p1a: The Elder Brain|[from] lockedmove\n|-supereffective|p1a: The Elder Brain|1\n|-damage|p1a: The Elder Brain|69/100\n|move|p1b: The Bodyguard|Knock Off|p2b: Aegislash\n|-supereffective|p2b: Aegislash|1\n|-damage|p2b: Aegislash|8/100\n|-enditem|p2b: Aegislash|Occa Berry|[from] move: Knock Off|[of] p1b: The Bodyguard\n|move|p1a: The Elder Brain|Scald|p2a: Charizard\n|-supereffective|p2a: Charizard|1\n|-damage|p2a: Charizard|0 fnt\n|faint|p2a: Charizard\n|\n|-weather|Sandstorm|[upkeep]\n|-damage|p1a: The Elder Brain|63/100|[from] Sandstorm\n|-damage|p1b: The Bodyguard|44/100 brn|[from] brn\n|upkeep\n|turn|9\n|-message|Matt3334 forfeited.\n|\n|win|MvillMpersonality\n|raw|MvillMpersonality's rating: 1073 &rarr; <strong>1103</strong><br />(+30 for winning)\n|raw|Matt3334's rating: 1079 &rarr; <strong>1057</strong><br />(-22 for losing)\n|l|\u2606Matt3334\n|player|p2|\n",
  "uploadtime": 1776553534,
  "views": 23,
  "formatid": "gen9championsvgc2026regma",
  "rating": 1057,
  "private": 0,
  "password": null
}