{
  "id": "gen9championsvgc2026regma-2580795995",
  "format": "[Gen 9 Champions] VGC 2026 Reg M-A",
  "players": [
    "ferenainexi",
    "bugawup"
  ],
  "log": "|j|\u2606ferenainexi\n|j|\u2606bugawup\n|html|<table width=\"100%\"><tr><td align=\"left\">ferenainexi</td><td align=\"right\">bugawup</tr><tr><td align=\"left\"><i class=\"fa fa-circle-o\"></i> <i class=\"fa fa-circle-o\"></i> </td><td align=\"right\"><i class=\"fa fa-circle-o\"></i> <i class=\"fa fa-circle-o\"></i> </tr></table>\n|uhtml|bestof|<h2><strong>Game 1</strong> of <a href=\"/game-bestof3-gen9championsvgc2026regma-2580795993\">a best-of-3</a></h2>\n|t:|1775933160\n|gametype|doubles\n|player|p1|ferenainexi|scientistf|\n|player|p2|bugawup|101|\n|gen|9\n|tier|[Gen 9 Champions] VGC 2026 Reg M-A\n|rule|Species Clause: Limit one of each Pok\u00e9mon\n|rule|Item Clause: Limit 1 of each item\n|raw|<div class=\"infobox\"><details class=\"readmore\" open><summary><strong>1 custom rule:</strong></summary> Best of = 3</details></div>\n|clearpoke\n|poke|p1|Pinsir, L50, F|\n|poke|p1|Heracross, L50, F|\n|poke|p1|Vivillon, L50, F|\n|poke|p1|Orthworm, L50, F|\n|poke|p1|Kleavor, L50, M|\n|poke|p1|Clawitzer, L50, M|\n|poke|p2|Meowscarada, L50, M|\n|poke|p2|Mudsdale, L50, M|\n|poke|p2|Skarmory, L50, F|\n|poke|p2|Lucario, L50, M|\n|poke|p2|Whimsicott, L50, F|\n|poke|p2|Zoroark-Hisui, L50, M|\n|teampreview|4\nferenainexi rejected open team sheets.\n|\n|t:|1775933621\n|teamsize|p1|4\n|teamsize|p2|4\n|start\n|switch|p1a: Vivillon|Vivillon, L50, F|100/100\n|switch|p1b: Kleavor|Kleavor, L50, M|100/100\n|switch|p2a: Mudsdale|Mudsdale, L50, M|100/100\n|switch|p2b: Skarmory|Skarmory, L50, F|100/100\n|turn|1\n|\n|t:|1775933709\n|detailschange|p2b: Skarmory|Skarmory-Mega, L50, F\n|-mega|p2b: Skarmory|Skarmory|Skarmorite\n|move|p2b: Skarmory|Iron Head|p1b: Kleavor\n|-supereffective|p1b: Kleavor|1\n|-damage|p1b: Kleavor|20/100\n|move|p1a: Vivillon|Sleep Powder|p2a: Mudsdale\n|-status|p2a: Mudsdale|slp|[from] move: Sleep Powder\n|move|p1b: Kleavor|Stone Axe|p2b: Skarmory\n|-damage|p2b: Skarmory|37/100\n|-sidestart|p2: bugawup|move: Stealth Rock\n|cant|p2a: Mudsdale|slp\n|\n|upkeep\n|turn|2\n|\n|t:|1775933737\n|move|p2b: Skarmory|Iron Head|p1b: Kleavor\n|-supereffective|p1b: Kleavor|1\n|-damage|p1b: Kleavor|0 fnt\n|faint|p1b: Kleavor\n|move|p1a: Vivillon|Tailwind|p1a: Vivillon\n|-sidestart|p1: ferenainexi|move: Tailwind\n|cant|p2a: Mudsdale|slp\n|\n|upkeep\n|\n|t:|1775933747\n|switch|p1b: Heracross|Heracross, L50, F|100/100\n|turn|3\n|\n|t:|1775933772\n|move|p1a: Vivillon|Hurricane|p2a: Mudsdale\n|-damage|p2a: Mudsdale|54/100 slp\n|move|p1b: Heracross|Close Combat|p2b: Skarmory\n|-damage|p2b: Skarmory|0 fnt\n|-unboost|p1b: Heracross|def|1\n|-unboost|p1b: Heracross|spd|1\n|faint|p2b: Skarmory\n|-ability|p1b: Heracross|Moxie|boost\n|-boost|p1b: Heracross|atk|1\n|-curestatus|p2a: Mudsdale|slp|[msg]\n|move|p2a: Mudsdale|Smack Down|p1a: Vivillon\n|-supereffective|p1a: Vivillon|2\n|-enditem|p1a: Vivillon|Focus Sash\n|-damage|p1a: Vivillon|1/100\n|-start|p1a: Vivillon|Smack Down\n|\n|-heal|p2a: Mudsdale|60/100|[from] item: Leftovers\n|upkeep\n|\n|t:|1775933790\n|switch|p2b: Meowscarada|Meowscarada, L50, M|100/100\n|-damage|p2b: Meowscarada|88/100|[from] Stealth Rock\n|turn|4\n|\n|t:|1775933834\n|move|p1a: Vivillon|Sleep Powder|p2a: Mudsdale|[miss]\n|-miss|p1a: Vivillon|p2a: Mudsdale\n|move|p1b: Heracross|Close Combat|p2b: Meowscarada\n|-immune|p2b: Meowscarada\n|move|p2b: Meowscarada|Flamethrower|p1b: Heracross\n|-supereffective|p1b: Heracross|1\n|-damage|p1b: Heracross|13/100\n|move|p2a: Mudsdale|Earthquake|p1a: Vivillon|[spread] p2b,p1a,p1b\n|-resisted|p1a: Vivillon|1\n|-resisted|p1b: Heracross|1\n|-damage|p2b: Meowscarada|2/100\n|-damage|p1a: Vivillon|0 fnt\n|-damage|p1b: Heracross|0 fnt\n|replace|p2b: Zoroark|Zoroark-Hisui, L50, M\n|-end|p2b: Zoroark|Illusion\n|faint|p1a: Vivillon\n|faint|p1b: Heracross\n|\n|-heal|p2a: Mudsdale|66/100|[from] item: Leftovers\n|upkeep\n|\n|t:|1775933847\n|switch|p1b: Clawitzer|Clawitzer, L50, M|100/100\n|turn|5\n|-activate|p1b: Clawitzer|item: Quick Claw\n|\n|t:|1775933871\n|move|p1b: Clawitzer|Dark Pulse|p2b: Zoroark|[miss]\n|-miss|p1b: Clawitzer|p2b: Zoroark\n|move|p2b: Zoroark|Curse|p1b: Clawitzer\n|-start|p1b: Clawitzer|Curse|[of] p2b: Zoroark\n|-damage|p2b: Zoroark|0 fnt\n|faint|p2b: Zoroark\n|move|p2a: Mudsdale|Curse|p2a: Mudsdale\n|-unboost|p2a: Mudsdale|spe|1\n|-boost|p2a: Mudsdale|atk|1\n|-boost|p2a: Mudsdale|def|1\n|\n|-heal|p2a: Mudsdale|72/100|[from] item: Leftovers\n|-damage|p1b: Clawitzer|76/100|[from] Curse\n|-sideend|p1: ferenainexi|move: Tailwind\n|upkeep\n|\n|t:|1775933885\n|switch|p2b: Meowscarada|Meowscarada, L50, M|100/100\n|-damage|p2b: Meowscarada|89/100|[from] Stealth Rock\n|turn|6\n|\n|t:|1775933904\n|move|p2b: Meowscarada|Flower Trick|p1b: Clawitzer\n|-start|p2b: Meowscarada|typechange|Grass|[from] ability: Protean\n|-supereffective|p1b: Clawitzer|1\n|-crit|p1b: Clawitzer\n|-damage|p1b: Clawitzer|0 fnt\n|faint|p1b: Clawitzer\n|\n|win|bugawup\n|inactive|ferenainexi has 30 seconds to confirm battle start!\n|inactive|bugawup has 30 seconds to confirm battle start!\n||ferenainexi is ready for game 2.\n||bugawup is ready for game 2.\n|uhtml|next|Next: <a href=\"/battle-gen9championsvgc2026regma-2580805424\"><strong>Game 2 of 3</strong></a>\n",
  "uploadtime": 1775934485,
  "views": 10,
  "formatid": "gen9championsvgc2026regma",
  "rating": null,
  "private": 0,
  "password": null
}