{
  "id": "gen9championsvgc2026regma-2586009654",
  "format": "[Gen 9 Champions] VGC 2026 Reg M-A",
  "players": [
    "tomatito21",
    "ArepadeChorizard"
  ],
  "log": "|j|\u2606tomatito21\n|j|\u2606ArepadeChorizard\n|t:|1776389910\n|gametype|doubles\n|player|p1|tomatito21|hugh|1160\n|player|p2|ArepadeChorizard|allister-unmasked|1161\n|gen|9\n|tier|[Gen 9 Champions] VGC 2026 Reg M-A\n|rated|\n|rule|Species Clause: Limit one of each Pok\u00e9mon\n|rule|Item Clause: Limit 1 of each item\n|clearpoke\n|poke|p1|Tyranitar, L50, F|\n|poke|p1|Garchomp, L50, F|\n|poke|p1|Incineroar, L50, F|\n|poke|p1|Sinistcha, L50|\n|poke|p1|Dragonite, L50, M|\n|poke|p1|Rotom-Wash, L50|\n|poke|p2|Pelipper, L50, M|\n|poke|p2|Meganium, L50, M|\n|poke|p2|Gengar, L50, M|\n|poke|p2|Kingambit, L50, F|\n|poke|p2|Wyrdeer, L50, M|\n|poke|p2|Basculegion, L50, M|\n|teampreview|4\n|inactive|Battle timer is ON: inactive players will automatically lose when time's up. (requested by ArepadeChorizard)\nArepadeChorizard rejected open team sheets.\n|\n|t:|1776389935\n|teamsize|p1|4\n|teamsize|p2|4\n|start\n|switch|p1a: Tyranitar|Tyranitar, L50, F|100/100\n|switch|p1b: Garchomp|Garchomp, L50, F|100/100\n|switch|p2a: Pelipper|Pelipper, L50, M|100/100\n|switch|p2b: Meganium|Meganium, L50, M|100/100\n|-weather|RainDance|[from] ability: Drizzle|[of] p2a: Pelipper\n|-weather|Sandstorm|[from] ability: Sand Stream|[of] p1a: Tyranitar\n|turn|1\n|\n|t:|1776389955\n|switch|p2a: Wyrdeer|Wyrdeer, L50, M|100/100\n|-ability|p2a: Wyrdeer|Intimidate|boost\n|-unboost|p1a: Tyranitar|atk|1\n|-unboost|p1b: Garchomp|atk|1\n|detailschange|p1a: Tyranitar|Tyranitar-Mega, L50, F\n|-mega|p1a: Tyranitar|Tyranitar|Tyranitarite\n|move|p2b: Meganium|Protect|p2b: Meganium\n|-singleturn|p2b: Meganium|Protect\n|move|p1b: Garchomp|Rock Slide|p2a: Wyrdeer|[spread] p2a\n|-activate|p2b: Meganium|move: Protect\n|-damage|p2a: Wyrdeer|88/100\n|move|p1a: Tyranitar|Rock Slide|p2a: Wyrdeer|[spread] p2a\n|-activate|p2b: Meganium|move: Protect\n|-damage|p2a: Wyrdeer|64/100\n|\n|-weather|Sandstorm|[upkeep]\n|-damage|p2b: Meganium|95/100|[from] Sandstorm\n|-damage|p2a: Wyrdeer|58/100|[from] Sandstorm\n|upkeep\n|turn|2\n|\n|t:|1776389975\n|switch|p2a: Pelipper|Pelipper, L50, M|100/100\n|-weather|RainDance|[from] ability: Drizzle|[of] p2a: Pelipper\n|detailschange|p2b: Meganium|Meganium-Mega, L50, M\n|-mega|p2b: Meganium|Meganium|Meganiumite\n|move|p1b: Garchomp|Rock Slide|p2a: Pelipper|[spread] p2a\n|-miss|p1b: Garchomp|p2b: Meganium\n|-supereffective|p2a: Pelipper|1\n|-damage|p2a: Pelipper|66/100\n|move|p2b: Meganium|Solar Beam||[still]\n|-prepare|p2b: Meganium|Solar Beam\n|-activate|p2b: Meganium|ability: Mega Sol\n|-anim|p2b: Meganium|Solar Beam|p1a: Tyranitar\n|-supereffective|p1a: Tyranitar|1\n|-damage|p1a: Tyranitar|0 fnt\n|faint|p1a: Tyranitar\n|\n|-weather|RainDance|[upkeep]\n|upkeep\n|\n|t:|1776389992\n|switch|p1a: Rotom|Rotom-Wash, L50|100/100\n|turn|3\n|\n|t:|1776390010\n|move|p2a: Pelipper|Wide Guard|p2a: Pelipper\n|-singleturn|p2a: Pelipper|Wide Guard\n|move|p1b: Garchomp|Rock Slide|p2b: Meganium|[spread] \n|-activate|p2a: Pelipper|move: Wide Guard\n|-activate|p2b: Meganium|move: Wide Guard\n|move|p1a: Rotom|Volt Switch|p2a: Pelipper\n|-supereffective|p2a: Pelipper|2\n|-damage|p2a: Pelipper|0 fnt\n|faint|p2a: Pelipper\n|\n|t:|1776390021\n|switch|p1a: Sinistcha|Sinistcha, L50|100/100|[from] Volt Switch\n|move|p2b: Meganium|Solar Beam||[still]\n|-prepare|p2b: Meganium|Solar Beam\n|-activate|p2b: Meganium|ability: Mega Sol\n|-anim|p2b: Meganium|Solar Beam|p1a: Sinistcha\n|-resisted|p1a: Sinistcha|1\n|-damage|p1a: Sinistcha|48/100\n|\n|-weather|RainDance|[upkeep]\n|-heal|p1a: Sinistcha|54/100|[from] item: Leftovers\n|upkeep\n|\n|t:|1776390025\n|switch|p2a: Wyrdeer|Wyrdeer, L50, M|58/100\n|-ability|p2a: Wyrdeer|Intimidate|boost\n|-unboost|p1a: Sinistcha|atk|1\n|-unboost|p1b: Garchomp|atk|1\n|turn|4\n|\n|t:|1776390043\n|move|p1b: Garchomp|Rock Slide|p2b: Meganium|[spread] p2a,p2b\n|-damage|p2a: Wyrdeer|48/100\n|-damage|p2b: Meganium|84/100\n|-enditem|p2a: Wyrdeer|Sitrus Berry|[eat]\n|-heal|p2a: Wyrdeer|73/100|[from] item: Sitrus Berry\n|move|p2b: Meganium|Dazzling Gleam|p1a: Sinistcha|[spread] p1a,p1b\n|-supereffective|p1b: Garchomp|1\n|-damage|p1a: Sinistcha|9/100\n|-damage|p1b: Garchomp|25/100\n|move|p1a: Sinistcha|Shadow Ball|p2b: Meganium\n|-damage|p2b: Meganium|41/100\n|move|p2a: Wyrdeer|Thunder Wave|p1a: Sinistcha\n|-status|p1a: Sinistcha|par\n|\n|-weather|RainDance|[upkeep]\n|-heal|p1a: Sinistcha|15/100 par|[from] item: Leftovers\n|upkeep\n|turn|5\n|inactive|ArepadeChorizard has 30 seconds left.\n|\n|t:|1776390074\n|switch|p2a: Basculegion|Basculegion, L50, M|100/100\n|move|p1a: Sinistcha|Rage Powder|p1a: Sinistcha\n|-singleturn|p1a: Sinistcha|move: Rage Powder\n|move|p1b: Garchomp|Rock Slide|p2b: Meganium|[spread] p2a,p2b\n|-damage|p2a: Basculegion|88/100\n|-damage|p2b: Meganium|31/100\n|move|p2b: Meganium|Dazzling Gleam|p1a: Sinistcha|[spread] p1a,p1b\n|-supereffective|p1b: Garchomp|1\n|-damage|p1a: Sinistcha|0 fnt\n|-damage|p1b: Garchomp|0 fnt\n|faint|p1a: Sinistcha\n|faint|p1b: Garchomp\n|\n|-weather|RainDance|[upkeep]\n|upkeep\n|\n|t:|1776390087\n|switch|p1a: Rotom|Rotom-Wash, L50|100/100\n|turn|6\n|\n|t:|1776390095\n|move|p2a: Basculegion|Phantom Force||[still]\n|-prepare|p2a: Basculegion|Phantom Force\n|move|p1a: Rotom|Thunderbolt|p2a: Basculegion|[miss]\n|-miss|p1a: Rotom|p2a: Basculegion\n|move|p2b: Meganium|Solar Beam||[still]\n|-prepare|p2b: Meganium|Solar Beam\n|-activate|p2b: Meganium|ability: Mega Sol\n|-anim|p2b: Meganium|Solar Beam|p1a: Rotom\n|-supereffective|p1a: Rotom|1\n|-damage|p1a: Rotom|0 fnt\n|faint|p1a: Rotom\n|\n|win|ArepadeChorizard\n|raw|tomatito21's rating: 1160 &rarr; <strong>1135</strong><br />(-25 for losing)\n|raw|ArepadeChorizard's rating: 1161 &rarr; <strong>1186</strong><br />(+25 for winning)\n|c|\u2606ArepadeChorizard|gg\n",
  "uploadtime": 1776390116,
  "views": 20,
  "formatid": "gen9championsvgc2026regma",
  "rating": 1135,
  "private": 0,
  "password": null
}