{
  "id": "gen9championsvgc2026regma-2580427644",
  "format": "[Gen 9 Champions] VGC 2026 Reg M-A",
  "players": [
    "EtherealR",
    "trogdor6666"
  ],
  "log": "|j|\u2606EtherealR\n|j|\u2606trogdor6666\n|t:|1775894938\n|gametype|doubles\n|player|p1|EtherealR|hilda-wonderlauncher|1076\n|player|p2|trogdor6666|2|1075\n|gen|9\n|tier|[Gen 9 Champions] VGC 2026 Reg M-A\n|rated|\n|rule|Species Clause: Limit one of each Pok\u00e9mon\n|rule|Item Clause: Limit 1 of each item\n|clearpoke\n|poke|p1|Scizor, L50, M|\n|poke|p1|Pelipper, L50, F|\n|poke|p1|Whimsicott, L50, M|\n|poke|p1|Kingambit, L50, F|\n|poke|p1|Dragonite, L50, M|\n|poke|p1|Basculegion, L50, M|\n|poke|p2|Milotic, L50, F|\n|poke|p2|Raichu, L50, F|\n|poke|p2|Sinistcha, L50|\n|poke|p2|Floette-Eternal, L50, F|\n|poke|p2|Kingambit, L50, M|\n|poke|p2|Garchomp, L50, M|\n|teampreview|4\n|j| RomiiJ\n|j| vuvu42\n|inactive|Battle timer is ON: inactive players will automatically lose when time's up. (requested by EtherealR)\n|\n|t:|1775894973\n|teamsize|p1|4\n|teamsize|p2|4\n|start\n|switch|p1a: Pelipper|Pelipper, L50, F|100/100\n|switch|p1b: Kingambit|Kingambit, L50, F|100/100\n|switch|p2a: Milotic|Milotic, L50, F|100/100\n|switch|p2b: Raichu|Raichu, L50, F|100/100\n|-weather|RainDance|[from] ability: Drizzle|[of] p1a: Pelipper\n|turn|1\n|inactive|EtherealR has 30 seconds left.\n|\n|t:|1775894998\n|move|p2b: Raichu|Fake Out|p1a: Pelipper\n|-damage|p1a: Pelipper|92/100\n|move|p2a: Milotic|Coil|p2a: Milotic\n|-boost|p2a: Milotic|atk|1\n|-boost|p2a: Milotic|def|1\n|-boost|p2a: Milotic|accuracy|1\n|cant|p1a: Pelipper|flinch\n|move|p1b: Kingambit|Swords Dance|p1b: Kingambit\n|-boost|p1b: Kingambit|atk|2\n|\n|-weather|RainDance|[upkeep]\n|upkeep\n|turn|2\n|inactive|EtherealR has 30 seconds left.\n|\n|t:|1775895024\n|move|p1b: Kingambit|Sucker Punch|p2b: Raichu\n|-enditem|p2b: Raichu|Focus Sash\n|-damage|p2b: Raichu|1/100\n|move|p2b: Raichu|Volt Switch|p1a: Pelipper\n|-supereffective|p1a: Pelipper|2\n|-damage|p1a: Pelipper|0 fnt\n|faint|p1a: Pelipper\n|\n|t:|1775895045\n|switch|p2b: Kingambit|Kingambit, L50, M|100/100|[from] Volt Switch\n|move|p2a: Milotic|Hypnosis|p1b: Kingambit\n|-status|p1b: Kingambit|slp|[from] move: Hypnosis\n|\n|-weather|RainDance|[upkeep]\n|upkeep\n|\n|t:|1775895053\n|switch|p1a: Scizor|Scizor, L50, M|100/100\n|turn|3\n|inactive|trogdor6666 has 30 seconds left.\n|\n|t:|1775895087\n|detailschange|p1a: Scizor|Scizor-Mega, L50, M\n|-mega|p1a: Scizor|Scizor|Scizorite\n|move|p2a: Milotic|Hypnosis|p1a: Scizor\n|-status|p1a: Scizor|slp|[from] move: Hypnosis\n|cant|p1a: Scizor|slp\n|cant|p1b: Kingambit|slp\n|move|p2b: Kingambit|Kowtow Cleave|p1a: Scizor\n|-damage|p1a: Scizor|56/100 slp\n|\n|-weather|RainDance|[upkeep]\n|upkeep\n|turn|4\n|\n|t:|1775895110\n|move|p2a: Milotic|Scald|p1a: Scizor\n|-damage|p1a: Scizor|19/100 slp\n|cant|p1a: Scizor|slp\n|move|p2b: Kingambit|Kowtow Cleave|p1a: Scizor\n|-damage|p1a: Scizor|0 fnt\n|faint|p1a: Scizor\n|cant|p1b: Kingambit|slp\n|\n|-weather|RainDance|[upkeep]\n|upkeep\n|\n|t:|1775895119\n|switch|p1a: Basculegion|Basculegion, L50, M|100/100\n|turn|5\n|l| RomiiJ\n|\n|t:|1775895138\n|move|p1a: Basculegion|Protect|p1a: Basculegion\n|-singleturn|p1a: Basculegion|Protect\n|move|p2b: Kingambit|Sucker Punch||[still]\n|-fail|p2b: Kingambit\n|move|p2a: Milotic|Hypnosis|p1a: Basculegion\n|-activate|p1a: Basculegion|move: Protect\n|-curestatus|p1b: Kingambit|slp|[msg]\n|move|p1b: Kingambit|Kowtow Cleave|p2a: Milotic\n|-damage|p2a: Milotic|21/100\n|\n|-weather|none\n|-heal|p2a: Milotic|27/100|[from] item: Leftovers\n|upkeep\n|turn|6\n|inactive|trogdor6666 has 30 seconds left.\n|\n|t:|1775895165\n|switch|p2b: Sinistcha|Sinistcha, L50|100/100\n|-heal|p2a: Milotic|52/100|[from] ability: Hospitality|[of] p2b: Sinistcha\n|move|p1a: Basculegion|Aqua Jet|p2a: Milotic\n|-resisted|p2a: Milotic|1\n|-damage|p2a: Milotic|43/100\n|move|p2a: Milotic|Hypnosis|p1b: Kingambit\n|-status|p1b: Kingambit|slp|[from] move: Hypnosis\n|cant|p1b: Kingambit|slp\n|\n|-heal|p2a: Milotic|49/100|[from] item: Leftovers\n|upkeep\n|turn|7\n|\n|t:|1775895186\n|move|p2a: Milotic|Hypnosis|p1a: Basculegion|[miss]\n|-miss|p2a: Milotic|p1a: Basculegion\n|move|p1a: Basculegion|Last Respects|p2b: Sinistcha\n|-supereffective|p2b: Sinistcha|1\n|-damage|p2b: Sinistcha|0 fnt\n|faint|p2b: Sinistcha\n|-curestatus|p1b: Kingambit|slp|[msg]\n|move|p1b: Kingambit|Kowtow Cleave|p2a: Milotic\n|-damage|p2a: Milotic|0 fnt\n|faint|p2a: Milotic\n|\n|upkeep\n|\n|t:|1775895199\n|switch|p2a: Kingambit|Kingambit, L50, M|100/100\n|switch|p2b: Raichu|Raichu, L50, F|1/100\n|turn|8\n|\n|t:|1775895219\n|move|p1a: Basculegion|Protect|p1a: Basculegion\n|-singleturn|p1a: Basculegion|Protect\n|move|p2b: Raichu|Fake Out|p1b: Kingambit\n|-resisted|p1b: Kingambit|1\n|-damage|p1b: Kingambit|98/100\n|cant|p1b: Kingambit|flinch\n|move|p2a: Kingambit|Kowtow Cleave|p1a: Basculegion\n|-activate|p1a: Basculegion|move: Protect\n|\n|upkeep\n|turn|9\n|inactive|trogdor6666 has 30 seconds left.\n|\n|t:|1775895249\n|move|p1a: Basculegion|Aqua Jet|p2b: Raichu\n|-damage|p2b: Raichu|0 fnt\n|faint|p2b: Raichu\n|move|p2a: Kingambit|Sucker Punch||[still]\n|-fail|p2a: Kingambit\n|move|p1b: Kingambit|Swords Dance|p1b: Kingambit\n|-boost|p1b: Kingambit|atk|2\n|\n|upkeep\n|turn|10\n|\n|t:|1775895263\n|move|p1a: Basculegion|Protect|p1a: Basculegion\n|-singleturn|p1a: Basculegion|Protect\n|move|p2a: Kingambit|Protect|p2a: Kingambit\n|-singleturn|p2a: Kingambit|Protect\n|move|p1b: Kingambit|Kowtow Cleave|p2a: Kingambit\n|-activate|p2a: Kingambit|move: Protect\n|\n|upkeep\n|turn|11\n|\n|t:|1775895273\n|move|p1a: Basculegion|Protect|p1a: Basculegion\n|-singleturn|p1a: Basculegion|Protect\n|move|p1b: Kingambit|Kowtow Cleave|p2a: Kingambit\n|-resisted|p2a: Kingambit|1\n|-damage|p2a: Kingambit|52/100\n|move|p2a: Kingambit|Kowtow Cleave|p1a: Basculegion\n|-activate|p1a: Basculegion|move: Protect\n|\n|upkeep\n|turn|12\n|\n|t:|1775895284\n|move|p1a: Basculegion|Protect||[still]\n|-fail|p1a: Basculegion\n|move|p1b: Kingambit|Swords Dance|p1b: Kingambit\n|-boost|p1b: Kingambit|atk|2\n|move|p2a: Kingambit|Kowtow Cleave|p1a: Basculegion\n|-supereffective|p1a: Basculegion|1\n|-damage|p1a: Basculegion|0 fnt\n|faint|p1a: Basculegion\n|\n|upkeep\n|turn|13\n|\n|t:|1775895304\n|move|p2a: Kingambit|Kowtow Cleave|p1b: Kingambit\n|-resisted|p1b: Kingambit|1\n|-damage|p1b: Kingambit|81/100\n|move|p1b: Kingambit|Kowtow Cleave|p2a: Kingambit\n|-resisted|p2a: Kingambit|1\n|-damage|p2a: Kingambit|0 fnt\n|faint|p2a: Kingambit\n|\n|win|EtherealR\n|raw|EtherealR's rating: 1076 &rarr; <strong>1105</strong><br />(+29 for winning)\n|raw|trogdor6666's rating: 1075 &rarr; <strong>1054</strong><br />(-21 for losing)\n",
  "uploadtime": 1775895310,
  "views": 16,
  "formatid": "gen9championsvgc2026regma",
  "rating": 1054,
  "private": 0,
  "password": null
}