{
  "id": "gen9championsvgc2026regma-2588205198",
  "format": "[Gen 9 Champions] VGC 2026 Reg M-A",
  "players": [
    "yemia",
    "EpicPedros"
  ],
  "log": "|j|\u2606yemia\n|j|\u2606EpicPedros\n|t:|1776614248\n|gametype|doubles\n|player|p1|yemia|acetrainerf-gen4dp|1081\n|player|p2|EpicPedros|steven|1106\n|gen|9\n|tier|[Gen 9 Champions] VGC 2026 Reg M-A\n|rated|\n|rule|Species Clause: Limit one of each Pok\u00e9mon\n|rule|Item Clause: Limit 1 of each item\n|clearpoke\n|poke|p1|Gardevoir, L50, F|\n|poke|p1|Volcarona, L50, F|\n|poke|p1|Araquanid, L50, F|\n|poke|p1|Ninetales-Alola, L50, F|\n|poke|p1|Ceruledge, L50, F|\n|poke|p1|Lycanroc-Dusk, L50, F|\n|poke|p2|Primarina, L50, M|\n|poke|p2|Farigiraf, L50, M|\n|poke|p2|Aggron, L50, F|\n|poke|p2|Pelipper, L50, F|\n|poke|p2|Sinistcha, L50|\n|poke|p2|Armarouge, L50, M|\n|teampreview|4\n|inactive|Battle timer is ON: inactive players will automatically lose when time's up. (requested by yemia)\n|\n|t:|1776614268\n|teamsize|p1|4\n|teamsize|p2|4\n|start\n|switch|p1a: Araquanid|Araquanid, L50, F|100/100\n|switch|p1b: Ninetales|Ninetales-Alola, L50, F|100/100\n|switch|p2a: Aggron|Aggron, L50, F|100/100\n|switch|p2b: Farigiraf|Farigiraf, L50, M|100/100\n|-weather|Snowscape|[from] ability: Snow Warning|[of] p1b: Ninetales\n|turn|1\n|\n|t:|1776614286\n|move|p1b: Ninetales|Aurora Veil|p1b: Ninetales\n|-sidestart|p1: yemia|move: Aurora Veil\n|move|p2a: Aggron|Iron Defense|p2a: Aggron\n|-boost|p2a: Aggron|def|2\n|move|p1a: Araquanid|Infestation|p2b: Farigiraf\n|-supereffective|p2b: Farigiraf|1\n|-damage|p2b: Farigiraf|94/100\n|-activate|p2b: Farigiraf|move: Infestation|[of] p1a: Araquanid\n|move|p2b: Farigiraf|Trick Room|p2b: Farigiraf\n|-fieldstart|move: Trick Room|[of] p2b: Farigiraf\n|\n|-weather|Snowscape|[upkeep]\n|-damage|p2b: Farigiraf|82/100|[from] move: Infestation|[partiallytrapped]\n|upkeep\n|turn|2\n|\n|t:|1776614302\n|detailschange|p2a: Aggron|Aggron-Mega, L50, F\n|-mega|p2a: Aggron|Aggron|Aggronite\n|move|p1a: Araquanid|Infestation|p2a: Aggron\n|-resisted|p2a: Aggron|1\n|-damage|p2a: Aggron|98/100\n|-activate|p2a: Aggron|move: Infestation|[of] p1a: Araquanid\n|move|p2a: Aggron|Rock Slide|p1a: Araquanid|[spread] p1b\n|-miss|p2a: Aggron|p1a: Araquanid\n|-supereffective|p1b: Ninetales|1\n|-damage|p1b: Ninetales|76/100\n|move|p2b: Farigiraf|Thunderbolt|p1a: Araquanid\n|-supereffective|p1a: Araquanid|1\n|-damage|p1a: Araquanid|76/100\n|move|p1b: Ninetales|Encore|p2b: Farigiraf\n|-start|p2b: Farigiraf|Encore\n|\n|-weather|Snowscape|[upkeep]\n|-damage|p2a: Aggron|86/100|[from] move: Infestation|[partiallytrapped]\n|-damage|p2b: Farigiraf|70/100|[from] move: Infestation|[partiallytrapped]\n|upkeep\n|turn|3\n|\n|t:|1776614323\n|move|p1a: Araquanid|Liquidation|p2b: Farigiraf\n|-damage|p2b: Farigiraf|5/100\n|move|p2a: Aggron|Rock Slide|p1a: Araquanid|[spread] p1a,p1b\n|-supereffective|p1a: Araquanid|1\n|-supereffective|p1b: Ninetales|1\n|-damage|p1a: Araquanid|42/100\n|-damage|p1b: Ninetales|48/100\n|-enditem|p1a: Araquanid|Sitrus Berry|[eat]\n|-heal|p1a: Araquanid|67/100|[from] item: Sitrus Berry\n|move|p2b: Farigiraf|Thunderbolt|p1a: Araquanid\n|-supereffective|p1a: Araquanid|1\n|-damage|p1a: Araquanid|43/100\n|cant|p1b: Ninetales|flinch\n|\n|-weather|Snowscape|[upkeep]\n|-damage|p2a: Aggron|73/100|[from] move: Infestation|[partiallytrapped]\n|-damage|p2b: Farigiraf|0 fnt|[from] move: Infestation|[partiallytrapped]\n|faint|p2b: Farigiraf\n|upkeep\n|\n|t:|1776614332\n|switch|p2b: Sinistcha|Sinistcha, L50|100/100\n|-heal|p2a: Aggron|98/100|[from] ability: Hospitality|[of] p2b: Sinistcha\n|turn|4\n|\n|t:|1776614341\n|move|p1a: Araquanid|Wide Guard|p1a: Araquanid\n|-singleturn|p1a: Araquanid|Wide Guard\n|move|p2b: Sinistcha|Rage Powder|p2b: Sinistcha\n|-singleturn|p2b: Sinistcha|move: Rage Powder\n|move|p2a: Aggron|Rock Slide|p1b: Ninetales|[spread] \n|-activate|p1a: Araquanid|move: Wide Guard\n|-activate|p1b: Ninetales|move: Wide Guard\n|move|p1b: Ninetales|Pain Split|p2b: Sinistcha\n|-sethp|p2b: Sinistcha|74/100|[from] move: Pain Split|[silent]\n|-sethp|p1b: Ninetales|74/100|[from] move: Pain Split\n|\n|-weather|Snowscape|[upkeep]\n|-damage|p2a: Aggron|86/100|[from] move: Infestation|[partiallytrapped]\n|upkeep\n|turn|5\n|inactive|yemia has 30 seconds left.\n|inactive|yemia has 20 seconds left.\n|\n|t:|1776614380\n|move|p1a: Araquanid|Infestation|p2b: Sinistcha\n|-damage|p2b: Sinistcha|68/100\n|-activate|p2b: Sinistcha|move: Infestation|[of] p1a: Araquanid\n|move|p2a: Aggron|Heavy Slam|p1b: Ninetales\n|-supereffective|p1b: Ninetales|2\n|-damage|p1b: Ninetales|0 fnt\n|faint|p1b: Ninetales\n|move|p2b: Sinistcha|Matcha Gotcha|p1a: Araquanid\n|-damage|p1a: Araquanid|20/100\n|-heal|p2b: Sinistcha|80/100|[from] drain|[of] p1a: Araquanid\n|\n|-weather|none\n|-damage|p2a: Aggron|73/100|[from] move: Infestation|[partiallytrapped]\n|-damage|p2b: Sinistcha|67/100|[from] move: Infestation|[partiallytrapped]\n|-sideend|p1: yemia|move: Aurora Veil\n|-fieldend|move: Trick Room\n|upkeep\n|\n|t:|1776614398\n|switch|p1b: Ceruledge|Ceruledge, L50, F|100/100\n|turn|6\n|-activate|p1b: Ceruledge|item: Quick Claw\n|\n|t:|1776614406\n|move|p1b: Ceruledge|Bitter Blade|p2a: Aggron\n|-supereffective|p2a: Aggron|1\n|-damage|p2a: Aggron|58/100\n|move|p2a: Aggron|Rock Slide|p1b: Ceruledge|[spread] p1a,p1b\n|-supereffective|p1a: Araquanid|1\n|-crit|p1a: Araquanid\n|-supereffective|p1b: Ceruledge|1\n|-damage|p1a: Araquanid|0 fnt\n|-damage|p1b: Ceruledge|51/100\n|faint|p1a: Araquanid\n|move|p2b: Sinistcha|Trick Room|p2b: Sinistcha\n|-fieldstart|move: Trick Room|[of] p2b: Sinistcha\n|\n|-end|p2a: Aggron|Infestation|[partiallytrapped]|[silent]\n|-end|p2b: Sinistcha|Infestation|[partiallytrapped]|[silent]\n|upkeep\n|\n|t:|1776614414\n|switch|p1a: Gardevoir|Gardevoir, L50, F|100/100\n|-ability|p1a: Gardevoir|Filter|Trace|[from] ability: Trace|[of] p2a: Aggron\n|turn|7\n|\n|t:|1776614424\n|detailschange|p1a: Gardevoir|Gardevoir-Mega, L50, F\n|-mega|p1a: Gardevoir|Gardevoir|Gardevoirite\n|move|p1b: Ceruledge|Ally Switch|p1b: Ceruledge\n|swap|p1b: Ceruledge|0|[from] move: Ally Switch\n|move|p2a: Aggron|Heavy Slam|p1a: Ceruledge\n|-resisted|p1a: Ceruledge|1\n|-damage|p1a: Ceruledge|9/100\n|move|p2b: Sinistcha|Shadow Ball|p1b: Gardevoir\n|-supereffective|p1b: Gardevoir|1\n|-damage|p1b: Gardevoir|12/100\n|move|p1b: Gardevoir|Shadow Ball|p2a: Aggron\n|-damage|p2a: Aggron|20/100\n|\n|upkeep\n|turn|8\n|\n|t:|1776614446\n|move|p2a: Aggron|Rock Slide|p1b: Gardevoir|[spread] p1a,p1b\n|-supereffective|p1a: Ceruledge|1\n|-damage|p1a: Ceruledge|0 fnt\n|-damage|p1b: Gardevoir|0 fnt\n|faint|p1a: Ceruledge\n|faint|p1b: Gardevoir\n|\n|win|EpicPedros\n|raw|yemia's rating: 1081 &rarr; <strong>1060</strong><br />(-21 for losing)\n|raw|EpicPedros's rating: 1106 &rarr; <strong>1129</strong><br />(+23 for winning)\n|l|\u2606yemia\n|player|p1|\n",
  "uploadtime": 1776614451,
  "views": 8,
  "formatid": "gen9championsvgc2026regma",
  "rating": 1060,
  "private": 0,
  "password": null
}