{
  "id": "gen9championsvgc2026regma-2589451366",
  "format": "[Gen 9 Champions] VGC 2026 Reg M-A",
  "players": [
    "LenianX",
    "MimikyuBot"
  ],
  "log": "|j|\u2606LenianX\n|j|\u2606MimikyuBot\n|t:|1776724113\n|gametype|doubles\n|player|p1|LenianX|hugh|1026\n|player|p2|MimikyuBot|266|1000\n|gen|9\n|tier|[Gen 9 Champions] VGC 2026 Reg M-A\n|rated|\n|rule|Species Clause: Limit one of each Pok\u00e9mon\n|rule|Item Clause: Limit 1 of each item\n|clearpoke\n|poke|p1|Archaludon, L50, M|\n|poke|p1|Sableye, L50, F|\n|poke|p1|Meganium, L50, F|\n|poke|p1|Sneasler, L50, F|\n|poke|p1|Dragonite, L50, M, shiny|\n|poke|p1|Incineroar, L50, F, shiny|\n|poke|p2|Aegislash, L50, F, shiny|\n|poke|p2|Whimsicott, L50, F, shiny|\n|poke|p2|Gallade, L50, M, shiny|\n|poke|p2|Incineroar, L50, M, shiny|\n|poke|p2|Clefable, L50, F, shiny|\n|poke|p2|Milotic, L50, M, shiny|\n|teampreview|4\nMimikyuBot has agreed to open team sheets.\n|inactive|Battle timer is ON: inactive players will automatically lose when time's up. (requested by LenianX)\nLenianX has agreed to open team sheets.\n|showteam|p1|Archaludon||Leftovers|Stamina|ElectroShot,FlashCannon,DracoMeteor,Protect|||M|||50|]Sableye||MentalHerb|Prankster|RainDance,FakeOut,Protect,Taunt|||F|||50|]Meganium||Meganiumite|Overgrow|Synthesis,DazzlingGleam,SolarBeam,Protect|||F|||50|]Sneasler||WhiteHerb|Unburden|FakeOut,Coaching,DireClaw,CloseCombat|||F|||50|]Dragonite||Dragoninite|Multiscale|Hurricane,IceBeam,Thunder,Tailwind|||M|||50|]Incineroar||BlackGlasses|Intimidate|PartingShot,DarkestLariat,FlareBlitz,FakeOut|||F|||50|\n|showteam|p2|Aegislash||SpellTag|StanceChange|IronHead,KingsShield,Poltergeist,ShadowSneak|||F|||50|]Whimsicott||FocusSash|Prankster|Tailwind,Moonblast,SunnyDay,Encore|||F|||50|]Gallade||Galladite|Sharpness|PsychoCut,SacredSword,TripleAxel,Protect|||M|||50|]Incineroar||Leftovers|Intimidate|FlareBlitz,PartingShot,Snarl,FakeOut|||M|||50|]Clefable||SitrusBerry|Unaware|FollowMe,Moonblast,Protect,HelpingHand|||F|||50|]Milotic||MysticWater|Competitive|Scald,IcyWind,IceBeam,Protect|||M|||50|\n|\n|t:|1776724135\n|teamsize|p1|4\n|teamsize|p2|4\n|start\n|switch|p1a: Archaludon|Archaludon, L50, M|100/100\n|switch|p1b: Sableye|Sableye, L50, F|100/100\n|switch|p2a: Whimsicott|Whimsicott, L50, F, shiny|100/100\n|switch|p2b: Gallade|Gallade, L50, M, shiny|100/100\n|turn|1\n|inactive|MimikyuBot also wants the timer to be on.\n|\n|t:|1776724150\n|switch|p2b: Incineroar|Incineroar, L50, M, shiny|100/100\n|-ability|p2b: Incineroar|Intimidate|boost\n|-unboost|p1a: Archaludon|atk|1\n|-unboost|p1b: Sableye|atk|1\n|move|p1b: Sableye|Fake Out|p2b: Incineroar\n|-damage|p2b: Incineroar|95/100\n|move|p2a: Whimsicott|Moonblast|p1b: Sableye\n|-supereffective|p1b: Sableye|1\n|-damage|p1b: Sableye|1/100\n|move|p1a: Archaludon|Flash Cannon|p2a: Whimsicott\n|-supereffective|p2a: Whimsicott|1\n|-enditem|p2a: Whimsicott|Focus Sash\n|-damage|p2a: Whimsicott|1/100\n|\n|-heal|p2b: Incineroar|100/100|[from] item: Leftovers\n|upkeep\n|turn|2\n|\n|t:|1776724170\n|switch|p2a: Aegislash|Aegislash, L50, F, shiny|100/100\n|move|p1b: Sableye|Rain Dance|p1b: Sableye\n|-weather|RainDance\n|move|p1a: Archaludon|Flash Cannon|p2a: Aegislash\n|-resisted|p2a: Aegislash|1\n|-damage|p2a: Aegislash|88/100\n|move|p2b: Incineroar|Flare Blitz|p1b: Sableye\n|-damage|p1b: Sableye|0 fnt\n|faint|p1b: Sableye\n|-damage|p2b: Incineroar|99/100|[from] Recoil\n|\n|-weather|RainDance|[upkeep]\n|-heal|p2b: Incineroar|100/100|[from] item: Leftovers\n|upkeep\n|\n|t:|1776724179\n|switch|p1b: Dragonite|Dragonite, L50, M, shiny|100/100\n|turn|3\n|\n|t:|1776724203\n|switch|p2a: Gallade|Gallade, L50, M, shiny|100/100\n|detailschange|p1b: Dragonite|Dragonite-Mega, L50, M, shiny\n|-mega|p1b: Dragonite|Dragonite|Dragoninite\n|move|p1b: Dragonite|Tailwind|p1b: Dragonite\n|-sidestart|p1: LenianX|move: Tailwind\n|move|p1a: Archaludon|Electro Shot||[still]\n|-prepare|p1a: Archaludon|Electro Shot\n|-boost|p1a: Archaludon|spa|1\n|-anim|p1a: Archaludon|Electro Shot|p2a: Gallade\n|-damage|p2a: Gallade|38/100\n|move|p2b: Incineroar|Snarl|p1a: Archaludon|[spread] p1a,p1b\n|-crit|p1a: Archaludon\n|-damage|p1a: Archaludon|83/100\n|-damage|p1b: Dragonite|95/100\n|-unboost|p1a: Archaludon|spa|1\n|-unboost|p1b: Dragonite|spa|1\n|-ability|p1a: Archaludon|Stamina|boost\n|-boost|p1a: Archaludon|def|1\n|\n|-weather|RainDance|[upkeep]\n|-heal|p1a: Archaludon|89/100|[from] item: Leftovers\n|upkeep\n|turn|4\n|\n|t:|1776724219\n|move|p1b: Dragonite|Hurricane|p2b: Incineroar\n|-damage|p2b: Incineroar|64/100\n|move|p1a: Archaludon|Electro Shot||[still]\n|-prepare|p1a: Archaludon|Electro Shot\n|-boost|p1a: Archaludon|spa|1\n|-anim|p1a: Archaludon|Electro Shot|p2a: Gallade\n|-damage|p2a: Gallade|0 fnt\n|faint|p2a: Gallade\n|move|p2b: Incineroar|Flare Blitz|p1b: Dragonite\n|-resisted|p1b: Dragonite|1\n|-damage|p1b: Dragonite|84/100\n|-damage|p2b: Incineroar|61/100|[from] Recoil\n|\n|-weather|RainDance|[upkeep]\n|-heal|p1a: Archaludon|95/100|[from] item: Leftovers\n|-heal|p2b: Incineroar|67/100|[from] item: Leftovers\n|upkeep\n|\n|t:|1776724220\n|switch|p2a: Whimsicott|Whimsicott, L50, F, shiny|1/100\n|turn|5\n|\n|t:|1776724238\n|switch|p2a: Aegislash|Aegislash, L50, F, shiny|88/100\n|move|p1b: Dragonite|Thunder|p2b: Incineroar\n|-crit|p2b: Incineroar\n|-damage|p2b: Incineroar|18/100\n|move|p1a: Archaludon|Flash Cannon|p2a: Aegislash\n|-resisted|p2a: Aegislash|1\n|-damage|p2a: Aegislash|67/100\n|move|p2b: Incineroar|Snarl|p1b: Dragonite|[spread] p1a,p1b\n|-damage|p1a: Archaludon|84/100\n|-damage|p1b: Dragonite|74/100\n|-unboost|p1a: Archaludon|spa|1\n|-unboost|p1b: Dragonite|spa|1\n|-ability|p1a: Archaludon|Stamina|boost\n|-boost|p1a: Archaludon|def|1\n|\n|-weather|RainDance|[upkeep]\n|-heal|p1a: Archaludon|90/100|[from] item: Leftovers\n|-heal|p2b: Incineroar|24/100|[from] item: Leftovers\n|upkeep\n|turn|6\n|\n|t:|1776724251\n|switch|p2a: Whimsicott|Whimsicott, L50, F, shiny|1/100\n|move|p1b: Dragonite|Hurricane|p2b: Incineroar\n|-damage|p2b: Incineroar|0 fnt\n|faint|p2b: Incineroar\n|move|p1a: Archaludon|Flash Cannon|p2a: Whimsicott\n|-supereffective|p2a: Whimsicott|1\n|-damage|p2a: Whimsicott|0 fnt\n|faint|p2a: Whimsicott\n|\n|-weather|none\n|-heal|p1a: Archaludon|96/100|[from] item: Leftovers\n|-sideend|p1: LenianX|move: Tailwind\n|upkeep\n|\n|t:|1776724251\n|switch|p2a: Aegislash|Aegislash, L50, F, shiny|67/100\n|turn|7\n|\n|t:|1776724263\n|move|p1b: Dragonite|Thunder|p2a: Aegislash\n|-damage|p2a: Aegislash|49/100\n|-status|p2a: Aegislash|par\n|move|p1a: Archaludon|Draco Meteor|p2a: Aegislash\n|-resisted|p2a: Aegislash|1\n|-damage|p2a: Aegislash|27/100 par\n|-unboost|p1a: Archaludon|spa|2\n|-formechange|p2a: Aegislash|Aegislash-Blade|\n|move|p2a: Aegislash|Iron Head|p1b: Dragonite\n|-damage|p1b: Dragonite|27/100\n|\n|-heal|p1a: Archaludon|100/100|[from] item: Leftovers\n|upkeep\n|turn|8\n|\n|t:|1776724278\n|move|p1b: Dragonite|Thunder|p2a: Aegislash\n|-damage|p2a: Aegislash|0 fnt\n|faint|p2a: Aegislash\n|\n|win|LenianX\n",
  "uploadtime": 1776724136,
  "views": 3,
  "formatid": "gen9championsvgc2026regma",
  "rating": null,
  "private": 0,
  "password": null
}