{
  "id": "gen9championsvgc2026regma-2585374164",
  "format": "[Gen 9 Champions] VGC 2026 Reg M-A",
  "players": [
    "remyz99",
    "Leonellus_117"
  ],
  "log": "|j|\u2606remyz99\n|j|\u2606Leonellus_117\n|t:|1776342419\n|gametype|doubles\n|player|p1|remyz99|266|1268\n|player|p2|Leonellus_117|erika-gen1rb|1172\n|gen|9\n|tier|[Gen 9 Champions] VGC 2026 Reg M-A\n|rated|\n|rule|Species Clause: Limit one of each Pok\u00e9mon\n|rule|Item Clause: Limit 1 of each item\n|clearpoke\n|poke|p1|Floette-Eternal, L50, F|\n|poke|p1|Glimmora, L50, F|\n|poke|p1|Farigiraf, L50, M|\n|poke|p1|Maushold, L50|\n|poke|p1|Incineroar, L50, F|\n|poke|p1|Basculegion, L50, M|\n|poke|p2|Charizard, L50, M|\n|poke|p2|Garchomp, L50, F|\n|poke|p2|Aegislash, L50, M|\n|poke|p2|Milotic, L50, F|\n|poke|p2|Kingambit, L50, M|\n|poke|p2|Basculegion, L50, M|\n|teampreview|4\n|inactive|Battle timer is ON: inactive players will automatically lose when time's up. (requested by Leonellus_117)\n|inactive|Leonellus_117 has 60 seconds left.\n|\n|t:|1776342463\n|teamsize|p1|4\n|teamsize|p2|4\n|start\n|switch|p1a: Glimmora|Glimmora, L50, F, shiny|100/100\n|switch|p1b: Maushold|Maushold, L50|100/100\n|switch|p2a: Maho|Milotic, L50, F, shiny|100/100\n|switch|p2b: THE ONE PIEEEEECE|Kingambit, L50, M, shiny|100/100\n|turn|1\n|inactive|remyz99 has 30 seconds left.\n|inactive|Leonellus_117 has 30 seconds left.\n|inactive|remyz99 has 20 seconds left.\n|inactive|remyz99 has 15 seconds left.\n|inactive|remyz99 has 10 seconds left.\n|inactive|remyz99 has 5 seconds left.\n|\n|t:|1776342513\n|switch|p2b: En Garde \ud83e\udd3a|Aegislash, L50, M, shiny|100/100\n|move|p1a: Glimmora|Spiky Shield|p1a: Glimmora\n|-singleturn|p1a: Glimmora|move: Protect\n|move|p1b: Maushold|Super Fang|p2a: Maho\n|-damage|p2a: Maho|50/100\n|move|p2a: Maho|Scald|p1a: Glimmora\n|-activate|p1a: Glimmora|move: Protect\n|\n|-heal|p2a: Maho|56/100|[from] item: Leftovers\n|upkeep\n|turn|2\n|inactive|remyz99 has 30 seconds left.\n|\n|t:|1776342545\n|detailschange|p1a: Glimmora|Glimmora-Mega, L50, F, shiny\n|-mega|p1a: Glimmora|Glimmora|Glimmoranite\n|move|p1b: Maushold|Follow Me|p1b: Maushold\n|-singleturn|p1b: Maushold|move: Follow Me\n|move|p1a: Glimmora|Earth Power|p2b: En Garde \ud83e\udd3a\n|-supereffective|p2b: En Garde \ud83e\udd3a|1\n|-damage|p2b: En Garde \ud83e\udd3a|44/100\n|move|p2a: Maho|Recover|p2a: Maho\n|-heal|p2a: Maho|100/100\n|-formechange|p2b: En Garde \ud83e\udd3a|Aegislash-Blade|\n|move|p2b: En Garde \ud83e\udd3a|Close Combat|p1b: Maushold\n|-supereffective|p1b: Maushold|1\n|-enditem|p1b: Maushold|Focus Sash\n|-damage|p1b: Maushold|1/100\n|-unboost|p2b: En Garde \ud83e\udd3a|def|1\n|-unboost|p2b: En Garde \ud83e\udd3a|spd|1\n|\n|upkeep\n|turn|3\n|inactive|remyz99 has 30 seconds left.\n|inactive|remyz99 has 20 seconds left.\n|inactive|remyz99 has 15 seconds left.\n|\n|t:|1776342588\n|move|p1b: Maushold|Protect|p1b: Maushold\n|-singleturn|p1b: Maushold|Protect\n|-formechange|p2b: En Garde \ud83e\udd3a|Aegislash|\n|move|p2b: En Garde \ud83e\udd3a|King's Shield|p2b: En Garde \ud83e\udd3a\n|-singleturn|p2b: En Garde \ud83e\udd3a|Protect\n|move|p1a: Glimmora|Sludge Bomb|p2a: Maho\n|-damage|p2a: Maho|51/100\n|-status|p2a: Maho|psn\n|move|p2a: Maho|Icy Wind|p1b: Maushold|[spread] p1a\n|-activate|p1b: Maushold|move: Protect\n|-crit|p1a: Glimmora\n|-damage|p1a: Glimmora|87/100\n|-unboost|p1a: Glimmora|spe|1\n|\n|-heal|p2a: Maho|57/100 psn|[from] item: Leftovers\n|-damage|p2a: Maho|45/100 psn|[from] psn\n|upkeep\n|turn|4\n|inactive|remyz99 has 30 seconds left.\n|inactive|Leonellus_117 has 30 seconds left.\n|inactive|Leonellus_117 has 20 seconds left.\n|\n|t:|1776342626\n|move|p1a: Glimmora|Spiky Shield|p1a: Glimmora\n|-singleturn|p1a: Glimmora|move: Protect\n|-formechange|p2b: En Garde \ud83e\udd3a|Aegislash-Blade|\n|move|p2b: En Garde \ud83e\udd3a|Shadow Sneak|p1a: Glimmora\n|-activate|p1a: Glimmora|move: Protect\n|-damage|p2b: En Garde \ud83e\udd3a|32/100|[from] Spiky Shield|[of] p1a: Glimmora\n|move|p1b: Maushold|Super Fang|p2a: Maho\n|-damage|p2a: Maho|23/100 psn\n|move|p2a: Maho|Icy Wind|p1a: Glimmora|[spread] p1b\n|-activate|p1a: Glimmora|move: Protect\n|-damage|p1b: Maushold|0 fnt\n|faint|p1b: Maushold\n|\n|-heal|p2a: Maho|29/100 psn|[from] item: Leftovers\n|-damage|p2a: Maho|16/100 psn|[from] psn\n|upkeep\n|\n|t:|1776342641\n|switch|p1b: Basculegion|Basculegion, L50, M|100/100\n|turn|5\n|\n|t:|1776342660\n|move|p2a: Maho|Protect|p2a: Maho\n|-singleturn|p2a: Maho|Protect\n|-formechange|p2b: En Garde \ud83e\udd3a|Aegislash|\n|move|p2b: En Garde \ud83e\udd3a|King's Shield|p2b: En Garde \ud83e\udd3a\n|-singleturn|p2b: En Garde \ud83e\udd3a|Protect\n|move|p1b: Basculegion|Wave Crash|p2a: Maho\n|-activate|p2a: Maho|move: Protect\n|move|p1a: Glimmora|Earth Power|p2b: En Garde \ud83e\udd3a\n|-activate|p2b: En Garde \ud83e\udd3a|move: Protect\n|\n|-heal|p2a: Maho|22/100 psn|[from] item: Leftovers\n|-damage|p2a: Maho|10/100 psn|[from] psn\n|upkeep\n|turn|6\n|\n|t:|1776342668\n|-formechange|p2b: En Garde \ud83e\udd3a|Aegislash-Blade|\n|move|p2b: En Garde \ud83e\udd3a|Shadow Sneak|p1b: Basculegion\n|-supereffective|p1b: Basculegion|1\n|-damage|p1b: Basculegion|32/100\n|move|p1b: Basculegion|Wave Crash|p2a: Maho\n|-resisted|p2a: Maho|1\n|-damage|p2a: Maho|0 fnt\n|faint|p2a: Maho\n|-damage|p1b: Basculegion|29/100|[from] Recoil\n|move|p1a: Glimmora|Earth Power|p2b: En Garde \ud83e\udd3a\n|-supereffective|p2b: En Garde \ud83e\udd3a|1\n|-damage|p2b: En Garde \ud83e\udd3a|0 fnt\n|faint|p2b: En Garde \ud83e\udd3a\n|\n|upkeep\n|\n|t:|1776342671\n|switch|p2a: THE ONE PIEEEEECE|Kingambit, L50, M, shiny|100/100\n|switch|p2b: PRESS \u27a1\ufe0f\ud83c\udd70\ufe0f\u2b05\ufe0f|Basculegion, L50, M, shiny|100/100\n|turn|7\n|\n|t:|1776342692\n|switch|p1b: Incineroar|Incineroar, L50, F|100/100\n|-ability|p1b: Incineroar|Intimidate|boost\n|-unboost|p2a: THE ONE PIEEEEECE|atk|1\n|-ability|p2a: THE ONE PIEEEEECE|Defiant|boost\n|-boost|p2a: THE ONE PIEEEEECE|atk|2\n|-unboost|p2b: PRESS \u27a1\ufe0f\ud83c\udd70\ufe0f\u2b05\ufe0f|atk|1\n|move|p1a: Glimmora|Spiky Shield|p1a: Glimmora\n|-singleturn|p1a: Glimmora|move: Protect\n|move|p2a: THE ONE PIEEEEECE|Sucker Punch||[still]\n|-fail|p2a: THE ONE PIEEEEECE\n|move|p2b: PRESS \u27a1\ufe0f\ud83c\udd70\ufe0f\u2b05\ufe0f|Wave Crash|p1a: Glimmora\n|-activate|p1a: Glimmora|move: Protect\n|-damage|p2b: PRESS \u27a1\ufe0f\ud83c\udd70\ufe0f\u2b05\ufe0f|88/100|[from] Spiky Shield|[of] p1a: Glimmora\n|\n|upkeep\n|turn|8\n|inactive|Leonellus_117 has 30 seconds left.\n|inactive|Leonellus_117 has 20 seconds left.\n|inactive|Leonellus_117 has 15 seconds left.\n|inactive|Leonellus_117 has 10 seconds left.\n|\n|t:|1776342738\n|switch|p1a: Basculegion|Basculegion, L50, M|29/100\n|move|p1b: Incineroar|Fake Out|p2a: THE ONE PIEEEEECE\n|-resisted|p2a: THE ONE PIEEEEECE|1\n|-damage|p2a: THE ONE PIEEEEECE|97/100\n|move|p2b: PRESS \u27a1\ufe0f\ud83c\udd70\ufe0f\u2b05\ufe0f|Wave Crash|p1a: Basculegion\n|-resisted|p1a: Basculegion|1\n|-damage|p1a: Basculegion|0 fnt\n|faint|p1a: Basculegion\n|-damage|p2b: PRESS \u27a1\ufe0f\ud83c\udd70\ufe0f\u2b05\ufe0f|79/100|[from] Recoil\n|cant|p2a: THE ONE PIEEEEECE|flinch\n|\n|upkeep\n|\n|t:|1776342750\n|switch|p1a: Glimmora|Glimmora-Mega, L50, F, shiny|87/100\n|turn|9\n|\n|t:|1776342763\n|move|p1a: Glimmora|Spiky Shield|p1a: Glimmora\n|-singleturn|p1a: Glimmora|move: Protect\n|move|p2a: THE ONE PIEEEEECE|Sucker Punch||[still]\n|-fail|p2a: THE ONE PIEEEEECE\n|move|p2b: PRESS \u27a1\ufe0f\ud83c\udd70\ufe0f\u2b05\ufe0f|Wave Crash|p1a: Glimmora\n|-activate|p1a: Glimmora|move: Protect\n|-damage|p2b: PRESS \u27a1\ufe0f\ud83c\udd70\ufe0f\u2b05\ufe0f|66/100|[from] Spiky Shield|[of] p1a: Glimmora\n|move|p1b: Incineroar|Flare Blitz|p2a: THE ONE PIEEEEECE\n|-supereffective|p2a: THE ONE PIEEEEECE|1\n|-damage|p2a: THE ONE PIEEEEECE|26/100\n|-status|p2a: THE ONE PIEEEEECE|brn\n|-damage|p1b: Incineroar|77/100|[from] Recoil\n|\n|-damage|p2a: THE ONE PIEEEEECE|20/100 brn|[from] brn\n|upkeep\n|turn|10\n|inactive|remyz99 has 30 seconds left.\n|c|\u2606Leonellus_117|Me quema XD\n|c|\u2606Leonellus_117|10%\n|\n|t:|1776342796\n|move|p1a: Glimmora|Spiky Shield||[still]\n|-fail|p1a: Glimmora\n|move|p2a: THE ONE PIEEEEECE|Sucker Punch||[still]\n|-fail|p2a: THE ONE PIEEEEECE\n|move|p2b: PRESS \u27a1\ufe0f\ud83c\udd70\ufe0f\u2b05\ufe0f|Wave Crash|p1a: Glimmora\n|-supereffective|p1a: Glimmora|1\n|-damage|p1a: Glimmora|0 fnt\n|faint|p1a: Glimmora\n|-damage|p2b: PRESS \u27a1\ufe0f\ud83c\udd70\ufe0f\u2b05\ufe0f|43/100|[from] Recoil\n|move|p1b: Incineroar|Flare Blitz|p2a: THE ONE PIEEEEECE\n|-supereffective|p2a: THE ONE PIEEEEECE|1\n|-damage|p2a: THE ONE PIEEEEECE|0 fnt\n|faint|p2a: THE ONE PIEEEEECE\n|-damage|p1b: Incineroar|70/100|[from] Recoil\n|\n|upkeep\n|turn|11\n|\n|t:|1776342808\n|move|p2b: PRESS \u27a1\ufe0f\ud83c\udd70\ufe0f\u2b05\ufe0f|Wave Crash|p1b: Incineroar\n|-supereffective|p1b: Incineroar|1\n|-damage|p1b: Incineroar|0 fnt\n|faint|p1b: Incineroar\n|-damage|p2b: PRESS \u27a1\ufe0f\ud83c\udd70\ufe0f\u2b05\ufe0f|19/100|[from] Recoil\n|\n|win|Leonellus_117\n|raw|remyz99's rating: 1237 &rarr; <strong>1207</strong><br />(-30 for losing)\n|raw|Leonellus_117's rating: 1172 &rarr; <strong>1202</strong><br />(+30 for winning)\n|c|\u2606Leonellus_117|Gg\n|l|\u2606remyz99\n|player|p1|\n",
  "uploadtime": 1776342815,
  "views": 26,
  "formatid": "gen9championsvgc2026regma",
  "rating": 1202,
  "private": 0,
  "password": null
}