{
  "id": "gen9championsvgc2026regma-2588611768",
  "format": "[Gen 9 Champions] VGC 2026 Reg M-A",
  "players": [
    "DBWaffles",
    "Daleg"
  ],
  "log": "|j|\u203dDBWaffles\n|j|\u2606Daleg\n|t:|1776650000\n|gametype|doubles\n|player|p1|DBWaffles|swimmer-gen4dp|1576\n|player|p2|Daleg|266|1606\n|gen|9\n|tier|[Gen 9 Champions] VGC 2026 Reg M-A\n|rated|\n|rule|Species Clause: Limit one of each Pok\u00e9mon\n|rule|Item Clause: Limit 1 of each item\n|clearpoke\n|poke|p1|Floette-Eternal, L50, F|\n|poke|p1|Garchomp, L50, F|\n|poke|p1|Corviknight, L50, M|\n|poke|p1|Incineroar, L50, F|\n|poke|p1|Whimsicott, L50, F|\n|poke|p1|Gyarados, L50, F|\n|poke|p2|Archaludon, L50, F|\n|poke|p2|Basculegion, L50, M|\n|poke|p2|Pelipper, L50, F|\n|poke|p2|Gengar, L50, M|\n|poke|p2|Corviknight, L50, F|\n|poke|p2|Scovillain, L50, F|\n|teampreview|4\n|inactive|Battle timer is ON: inactive players will automatically lose when time's up. (requested by DBWaffles)\n|j| DankLad07\n|inactive|DBWaffles has 60 seconds left.\n|inactive|Daleg has 60 seconds left.\n|inactive|Daleg has 30 seconds left.\n|inactive|Daleg has 20 seconds left.\n|\n|t:|1776650072\n|teamsize|p1|4\n|teamsize|p2|4\n|start\n|switch|p1a: Garchomp|Garchomp, L50, F|100/100\n|switch|p1b: Incineroar|Incineroar, L50, F|100/100\n|switch|p2a: Archaludon|Archaludon, L50, F|100/100\n|switch|p2b: Gengar|Gengar, L50, M|100/100\n|-ability|p1b: Incineroar|Intimidate|boost\n|-unboost|p2a: Archaludon|atk|1\n|-unboost|p2b: Gengar|atk|1\n|turn|1\n|\n|t:|1776650093\n|switch|p2b: Pelipper|Pelipper, L50, F|100/100\n|-weather|RainDance|[from] ability: Drizzle|[of] p2b: Pelipper\n|switch|p1b: Whimsicott|Whimsicott, L50, F|100/100\n|move|p1a: Garchomp|Earthquake|p2a: Archaludon|[spread] p1b,p2a\n|-immune|p2b: Pelipper\n|-resisted|p1b: Whimsicott|1\n|-supereffective|p2a: Archaludon|1\n|-damage|p1b: Whimsicott|79/100\n|-damage|p2a: Archaludon|33/100\n|-ability|p2a: Archaludon|Stamina|boost\n|-boost|p2a: Archaludon|def|1\n|move|p2a: Archaludon|Electro Shot||[still]\n|-prepare|p2a: Archaludon|Electro Shot\n|-boost|p2a: Archaludon|spa|1\n|-anim|p2a: Archaludon|Electro Shot|p1b: Whimsicott\n|-resisted|p1b: Whimsicott|1\n|-damage|p1b: Whimsicott|38/100\n|\n|-weather|RainDance|[upkeep]\n|-heal|p2a: Archaludon|40/100|[from] item: Leftovers\n|upkeep\n|turn|2\n|inactive|Daleg has 30 seconds left.\n|inactive|Daleg has 20 seconds left.\n|inactive|Daleg has 15 seconds left.\n|\n|t:|1776650137\n|switch|p1a: Incineroar|Incineroar, L50, F|100/100\n|-ability|p1a: Incineroar|Intimidate|boost\n|-unboost|p2a: Archaludon|atk|1\n|-unboost|p2b: Pelipper|atk|1\n|switch|p2a: Corviknight|Corviknight, L50, F|100/100\n|move|p1b: Whimsicott|Protect|p1b: Whimsicott\n|-singleturn|p1b: Whimsicott|Protect\n|move|p2b: Pelipper|Hurricane|p1b: Whimsicott\n|-activate|p1b: Whimsicott|move: Protect\n|\n|-weather|RainDance|[upkeep]\n|upkeep\n|turn|3\n|\n|t:|1776650160\n|move|p1a: Incineroar|Fake Out|p2b: Pelipper\n|-damage|p2b: Pelipper|90/100\n|move|p1b: Whimsicott|Tailwind|p1b: Whimsicott\n|-sidestart|p1: DBWaffles|move: Tailwind\n|cant|p2b: Pelipper|flinch\n|move|p2a: Corviknight|Brave Bird|p1b: Whimsicott\n|-supereffective|p1b: Whimsicott|1\n|-damage|p1b: Whimsicott|0 fnt\n|faint|p1b: Whimsicott\n|-damage|p2a: Corviknight|91/100|[from] Recoil\n|\n|-weather|RainDance|[upkeep]\n|upkeep\n|j| V GPF V\n|\n|t:|1776650173\n|switch|p1b: Garchomp|Garchomp, L50, F|100/100\n|turn|4\n|\n|t:|1776650187\n|move|p2b: Pelipper|Protect|p2b: Pelipper\n|-singleturn|p2b: Pelipper|Protect\n|move|p1b: Garchomp|Rock Slide|p2b: Pelipper|[spread] \n|-activate|p2b: Pelipper|move: Protect\n|-miss|p1b: Garchomp|p2a: Corviknight\n|move|p1a: Incineroar|Flare Blitz|p2a: Corviknight\n|-supereffective|p2a: Corviknight|1\n|-damage|p2a: Corviknight|56/100\n|-damage|p1a: Incineroar|89/100|[from] Recoil\n|move|p2a: Corviknight|Iron Defense|p2a: Corviknight\n|-boost|p2a: Corviknight|def|2\n|\n|-weather|RainDance|[upkeep]\n|upkeep\n|turn|5\n|\n|t:|1776650202\n|move|p1b: Garchomp|Rock Slide|p2a: Corviknight|[spread] p2a,p2b\n|-supereffective|p2b: Pelipper|1\n|-damage|p2a: Corviknight|47/100\n|-damage|p2b: Pelipper|48/100\n|-enditem|p2b: Pelipper|Sitrus Berry|[eat]\n|-heal|p2b: Pelipper|72/100|[from] item: Sitrus Berry\n|move|p1a: Incineroar|Parting Shot|p2b: Pelipper\n|-unboost|p2b: Pelipper|atk|1\n|-unboost|p2b: Pelipper|spa|1\n|\n|t:|1776650208\n|switch|p1a: Floette|Floette-Eternal, L50, F|100/100|[from] Parting Shot\n|cant|p2b: Pelipper|flinch\n|move|p2a: Corviknight|Roost|p2a: Corviknight\n|-heal|p2a: Corviknight|98/100\n|-singleturn|p2a: Corviknight|move: Roost\n|\n|-weather|none\n|upkeep\n|turn|6\n|j| Un Aweonao\n|inactive|Daleg has 30 seconds left.\n|\n|t:|1776650235\n|detailschange|p1a: Floette|Floette-Mega, L50, F\n|-mega|p1a: Floette|Floette|Floettite\n|-ability|p1a: Floette|Fairy Aura\n|move|p1b: Garchomp|Rock Slide|p2b: Pelipper|[spread] p2a,p2b\n|-supereffective|p2b: Pelipper|1\n|-damage|p2a: Corviknight|89/100\n|-damage|p2b: Pelipper|30/100\n|move|p1a: Floette|Calm Mind|p1a: Floette\n|-boost|p1a: Floette|spa|1\n|-boost|p1a: Floette|spd|1\n|move|p2b: Pelipper|Tailwind|p2b: Pelipper\n|-sidestart|p2: Daleg|move: Tailwind\n|move|p2a: Corviknight|Brave Bird|p1a: Floette\n|-damage|p1a: Floette|37/100\n|-damage|p2a: Corviknight|73/100|[from] Recoil\n|\n|-sideend|p1: DBWaffles|move: Tailwind\n|upkeep\n|turn|7\n|inactive|Daleg has 30 seconds left.\n|inactive|DBWaffles has 30 seconds left.\n|\n|t:|1776650268\n|switch|p2b: Archaludon|Archaludon, L50, F|40/100\n|switch|p1a: Incineroar|Incineroar, L50, F|89/100\n|-ability|p1a: Incineroar|Intimidate|boost\n|-ability|p2a: Corviknight|Mirror Armor\n|-unboost|p1a: Incineroar|atk|1\n|-unboost|p2b: Archaludon|atk|1\n|move|p1b: Garchomp|Rock Slide|p2b: Archaludon|[spread] p2a,p2b\n|-resisted|p2b: Archaludon|1\n|-damage|p2a: Corviknight|64/100\n|-damage|p2b: Archaludon|32/100\n|-ability|p2b: Archaludon|Stamina|boost\n|-boost|p2b: Archaludon|def|1\n|cant|p2a: Corviknight|flinch\n|\n|-heal|p2b: Archaludon|38/100|[from] item: Leftovers\n|upkeep\n|turn|8\n|inactive|DBWaffles has 30 seconds left.\n|inactive|Daleg has 30 seconds left.\n|inactive|Daleg has 20 seconds left.\n|inactive|Daleg has 15 seconds left.\n|inactive|Daleg has 10 seconds left.\n|\n|t:|1776650314\n|switch|p2b: Pelipper|Pelipper, L50, F|30/100\n|-weather|RainDance|[from] ability: Drizzle|[of] p2b: Pelipper\n|move|p1b: Garchomp|Rock Slide|p2a: Corviknight|[spread] p2b\n|-miss|p1b: Garchomp|p2a: Corviknight\n|-supereffective|p2b: Pelipper|1\n|-damage|p2b: Pelipper|0 fnt\n|faint|p2b: Pelipper\n|move|p2a: Corviknight|Body Press|p1a: Incineroar\n|-supereffective|p1a: Incineroar|1\n|-damage|p1a: Incineroar|22/100\n|-enditem|p1a: Incineroar|Sitrus Berry|[eat]\n|-heal|p1a: Incineroar|47/100|[from] item: Sitrus Berry\n|move|p1a: Incineroar|Flare Blitz|p2a: Corviknight\n|-supereffective|p2a: Corviknight|1\n|-damage|p2a: Corviknight|53/100\n|-damage|p1a: Incineroar|43/100|[from] Recoil\n|\n|-weather|RainDance|[upkeep]\n|upkeep\n|\n|t:|1776650331\n|switch|p2b: Archaludon|Archaludon, L50, F|38/100\n|turn|9\n|\n|t:|1776650346\n|move|p1b: Garchomp|Rock Slide|p2b: Archaludon|[spread] p2a,p2b\n|-resisted|p2b: Archaludon|1\n|-damage|p2a: Corviknight|45/100\n|-damage|p2b: Archaludon|31/100\n|-ability|p2b: Archaludon|Stamina|boost\n|-boost|p2b: Archaludon|def|1\n|move|p2b: Archaludon|Dragon Pulse|p1b: Garchomp\n|-supereffective|p1b: Garchomp|1\n|-damage|p1b: Garchomp|6/100\n|move|p2a: Corviknight|Roost|p2a: Corviknight\n|-heal|p2a: Corviknight|95/100\n|-singleturn|p2a: Corviknight|move: Roost\n|move|p1a: Incineroar|Flare Blitz|p2b: Archaludon\n|-crit|p2b: Archaludon\n|-damage|p2b: Archaludon|7/100\n|-ability|p2b: Archaludon|Stamina|boost\n|-boost|p2b: Archaludon|def|1\n|-damage|p1a: Incineroar|35/100|[from] Recoil\n|\n|-weather|RainDance|[upkeep]\n|-heal|p2b: Archaludon|13/100|[from] item: Leftovers\n|-sideend|p2: Daleg|move: Tailwind\n|upkeep\n|turn|10\n|-message|DBWaffles forfeited.\n|\n|win|Daleg\n|raw|DBWaffles's rating: 1576 &rarr; <strong>1558</strong><br />(-18 for losing)\n|raw|Daleg's rating: 1606 &rarr; <strong>1624</strong><br />(+18 for winning)\n|l| V GPF V\n|l|\u2606Daleg\n|player|p2|\n|l| Un Aweonao\n",
  "uploadtime": 1776650398,
  "views": 15,
  "formatid": "gen9championsvgc2026regma",
  "rating": 1558,
  "private": 0,
  "password": null
}