{
  "id": "gen9championsvgc2026regma-2587020874",
  "format": "[Gen 9 Champions] VGC 2026 Reg M-A",
  "players": [
    "HornetXxPvP",
    "SpamtonGSpamton97"
  ],
  "log": "|j|\u2606HornetXxPvP\n|j|\u2606SpamtonGSpamton97\n|t:|1776482028\n|gametype|doubles\n|player|p1|HornetXxPvP|bellelba|1066\n|player|p2|SpamtonGSpamton97|hilbert|1065\n|gen|9\n|tier|[Gen 9 Champions] VGC 2026 Reg M-A\n|rated|\n|rule|Species Clause: Limit one of each Pok\u00e9mon\n|rule|Item Clause: Limit 1 of each item\n|clearpoke\n|poke|p1|Delphox, L50, M|\n|poke|p1|Rotom-Wash, L50|\n|poke|p1|Incineroar, L50, M|\n|poke|p1|Sinistcha-Masterpiece, L50|\n|poke|p1|Sneasler, L50, M|\n|poke|p1|Ninetales-Alola, L50, M|\n|poke|p2|Diggersby, L50, M|\n|poke|p2|Reuniclus, L50, F|\n|poke|p2|Sinistcha, L50|\n|poke|p2|Camerupt, L50, F|\n|poke|p2|Bastiodon, L50, F|\n|poke|p2|Ariados, L50, F|\n|teampreview|4\n|\n|t:|1776482066\n|teamsize|p1|4\n|teamsize|p2|4\n|start\n|switch|p1a: Incineroar|Incineroar, L50, M|100/100\n|switch|p1b: Rotom|Rotom-Wash, L50|100/100\n|switch|p2a: (Voice) MEDIC!|Sinistcha, L50|100/100\n|switch|p2b: the spider|Ariados, L50, F|100/100\n|-ability|p1a: Incineroar|Intimidate|boost\n|-unboost|p2a: (Voice) MEDIC!|atk|1\n|-unboost|p2b: the spider|atk|1\n|turn|1\n|\n|t:|1776482080\n|move|p2a: (Voice) MEDIC!|Rage Powder|p2a: (Voice) MEDIC!\n|-singleturn|p2a: (Voice) MEDIC!|move: Rage Powder\n|move|p1b: Rotom|Thunderbolt|p2a: (Voice) MEDIC!\n|-resisted|p2a: (Voice) MEDIC!|1\n|-damage|p2a: (Voice) MEDIC!|82/100\n|move|p1a: Incineroar|Throat Chop|p2a: (Voice) MEDIC!\n|-supereffective|p2a: (Voice) MEDIC!|1\n|-damage|p2a: (Voice) MEDIC!|21/100\n|-start|p2a: (Voice) MEDIC!|Throat Chop|[silent]\n|move|p2b: the spider|Focus Energy|p2b: the spider\n|-start|p2b: the spider|move: Focus Energy\n|\n|upkeep\n|turn|2\n|\n|t:|1776482096\n|move|p2a: (Voice) MEDIC!|Rage Powder|p2a: (Voice) MEDIC!\n|-singleturn|p2a: (Voice) MEDIC!|move: Rage Powder\n|move|p1b: Rotom|Volt Switch|p2a: (Voice) MEDIC!\n|-resisted|p2a: (Voice) MEDIC!|1\n|-damage|p2a: (Voice) MEDIC!|9/100\n|\n|t:|1776482103\n|switch|p1b: Sinistcha|Sinistcha-Masterpiece, L50|100/100|[from] Volt Switch\n|move|p1a: Incineroar|Throat Chop|p2a: (Voice) MEDIC!\n|-supereffective|p2a: (Voice) MEDIC!|1\n|-damage|p2a: (Voice) MEDIC!|0 fnt\n|faint|p2a: (Voice) MEDIC!\n|move|p2b: the spider|Stomping Tantrum|p1a: Incineroar\n|-supereffective|p1a: Incineroar|1\n|-crit|p1a: Incineroar\n|-damage|p1a: Incineroar|20/100\n|-enditem|p1a: Incineroar|Sitrus Berry|[eat]\n|-heal|p1a: Incineroar|45/100|[from] item: Sitrus Berry\n|\n|upkeep\n|\n|t:|1776482114\n|switch|p2a: temu ursaluna|Diggersby, L50, M|100/100\n|turn|3\n|\n|t:|1776482129\n|move|p2a: temu ursaluna|Protect|p2a: temu ursaluna\n|-singleturn|p2a: temu ursaluna|Protect\n|move|p1a: Incineroar|Protect|p1a: Incineroar\n|-singleturn|p1a: Incineroar|Protect\n|move|p1b: Sinistcha|Matcha Gotcha|p2b: the spider|[spread] p2b\n|-activate|p2a: temu ursaluna|move: Protect\n|-resisted|p2b: the spider|2\n|-damage|p2b: the spider|92/100\n|move|p2b: the spider|Leech Life|p1b: Sinistcha\n|-crit|p1b: Sinistcha\n|-damage|p1b: Sinistcha|33/100\n|-heal|p2b: the spider|100/100|[from] drain|[of] p1b: Sinistcha\n|\n|-heal|p1b: Sinistcha|39/100|[from] item: Leftovers\n|upkeep\n|turn|4\n|\n|t:|1776482149\n|switch|p1a: Rotom|Rotom-Wash, L50|100/100\n|move|p1b: Sinistcha|Matcha Gotcha|p2a: temu ursaluna|[spread] p2a,p2b\n|-supereffective|p2a: temu ursaluna|1\n|-resisted|p2b: the spider|2\n|-damage|p2a: temu ursaluna|45/100\n|-heal|p1b: Sinistcha|68/100|[from] drain|[of] p2a: temu ursaluna\n|-damage|p2b: the spider|93/100\n|-heal|p1b: Sinistcha|72/100|[from] drain|[of] p2b: the spider\n|move|p2a: temu ursaluna|Hammer Arm|p1a: Rotom\n|-damage|p1a: Rotom|56/100\n|-unboost|p2a: temu ursaluna|spe|1\n|move|p2b: the spider|Leech Life|p1b: Sinistcha\n|-crit|p1b: Sinistcha\n|-damage|p1b: Sinistcha|9/100\n|-heal|p2b: the spider|100/100|[from] drain|[of] p1b: Sinistcha\n|\n|-heal|p1b: Sinistcha|15/100|[from] item: Leftovers\n|upkeep\n|turn|5\n|\n|t:|1776482172\n|move|p2a: temu ursaluna|Protect|p2a: temu ursaluna\n|-singleturn|p2a: temu ursaluna|Protect\n|move|p1a: Rotom|Hydro Pump|p2b: the spider\n|-damage|p2b: the spider|27/100\n|move|p1b: Sinistcha|Matcha Gotcha|p2b: the spider|[spread] p2b\n|-activate|p2a: temu ursaluna|move: Protect\n|-resisted|p2b: the spider|2\n|-damage|p2b: the spider|20/100\n|-heal|p1b: Sinistcha|19/100|[from] drain|[of] p2b: the spider\n|move|p2b: the spider|Leech Life|p1a: Rotom\n|-crit|p1a: Rotom\n|-damage|p1a: Rotom|0 fnt\n|-heal|p2b: the spider|45/100|[from] drain|[of] p1a: Rotom\n|faint|p1a: Rotom\n|\n|-heal|p1b: Sinistcha|25/100|[from] item: Leftovers\n|upkeep\n|\n|t:|1776482189\n|switch|p1a: Sneasler|Sneasler, L50, M|100/100\n|turn|6\n|\n|t:|1776482210\n|switch|p2a: Atomic Nuke|Camerupt, L50, F|100/100\n|move|p1a: Sneasler|Fake Out|p2b: the spider\n|-damage|p2b: the spider|25/100\n|move|p1b: Sinistcha|Matcha Gotcha|p2b: the spider|[spread] p2a,p2b\n|-resisted|p2b: the spider|2\n|-damage|p2a: Atomic Nuke|66/100\n|-heal|p1b: Sinistcha|42/100|[from] drain|[of] p2a: Atomic Nuke\n|-damage|p2b: the spider|17/100\n|-heal|p1b: Sinistcha|46/100|[from] drain|[of] p2b: the spider\n|-status|p2b: the spider|brn\n|cant|p2b: the spider|flinch\n|\n|-heal|p1b: Sinistcha|52/100|[from] item: Leftovers\n|-damage|p2b: the spider|11/100 brn|[from] brn\n|upkeep\n|turn|7\n|\n|t:|1776482250\n|detailschange|p2a: Atomic Nuke|Camerupt-Mega, L50, F\n|-mega|p2a: Atomic Nuke|Camerupt|Cameruptite\n|move|p1a: Sneasler|Close Combat|p2a: Atomic Nuke\n|-damage|p2a: Atomic Nuke|3/100\n|-unboost|p1a: Sneasler|def|1\n|-unboost|p1a: Sneasler|spd|1\n|-enditem|p1a: Sneasler|White Herb\n|-clearnegativeboost|p1a: Sneasler|[silent]\n|move|p1b: Sinistcha|Life Dew||[still]|[spread] p1a,p1b\n|-fail|p1a: Sneasler|heal\n|-heal|p1b: Sinistcha|77/100\n|move|p2b: the spider|Stomping Tantrum|p1a: Sneasler\n|-supereffective|p1a: Sneasler|1\n|-crit|p1a: Sneasler\n|-damage|p1a: Sneasler|0 fnt\n|faint|p1a: Sneasler\n|move|p2a: Atomic Nuke|Heat Wave|p1b: Sinistcha\n|-supereffective|p1b: Sinistcha|1\n|-damage|p1b: Sinistcha|0 fnt\n|faint|p1b: Sinistcha\n|\n|-damage|p2b: the spider|4/100 brn|[from] brn\n|upkeep\n|\n|t:|1776482270\n|switch|p1b: Incineroar|Incineroar, L50, M|45/100\n|-ability|p1b: Incineroar|Intimidate|boost\n|-unboost|p2a: Atomic Nuke|atk|1\n|-unboost|p2b: the spider|atk|1\n|turn|8\n|\n|t:|1776482291\n|move|p1b: Incineroar|Fake Out|p2b: the spider\n|-damage|p2b: the spider|0 fnt\n|faint|p2b: the spider\n|move|p2a: Atomic Nuke|Earth Power|p1b: Incineroar\n|-supereffective|p1b: Incineroar|1\n|-damage|p1b: Incineroar|0 fnt\n|faint|p1b: Incineroar\n|\n|win|SpamtonGSpamton97\n|raw|HornetXxPvP's rating: 1066 &rarr; <strong>1046</strong><br />(-20 for losing)\n|raw|SpamtonGSpamton97's rating: 1065 &rarr; <strong>1095</strong><br />(+30 for winning)\n|c|\u2606SpamtonGSpamton97|gg\n|l|\u2606HornetXxPvP\n|player|p1|\n",
  "uploadtime": 1776482401,
  "views": 25,
  "formatid": "gen9championsvgc2026regma",
  "rating": 1046,
  "private": 0,
  "password": null
}