{
  "id": "gen9championsvgc2026regma-2584000194",
  "format": "[Gen 9 Champions] VGC 2026 Reg M-A",
  "players": [
    "shalom pedders",
    "superboy245"
  ],
  "log": "|j|\u2606shalom pedders\n|j|\u2606superboy245\n|t:|1776215569\n|gametype|doubles\n|player|p1|shalom pedders|madame|1217\n|player|p2|superboy245|buck|1278\n|gen|9\n|tier|[Gen 9 Champions] VGC 2026 Reg M-A\n|rated|\n|rule|Species Clause: Limit one of each Pok\u00e9mon\n|rule|Item Clause: Limit 1 of each item\n|clearpoke\n|poke|p1|Kangaskhan, L50, F|\n|poke|p1|Basculegion-F, L50, F|\n|poke|p1|Aegislash, L50, F|\n|poke|p1|Milotic, L50, F|\n|poke|p1|Oranguru, L50, M|\n|poke|p1|Sneasler, L50, M|\n|poke|p2|Glimmora, L50, F|\n|poke|p2|Chesnaught, L50, M|\n|poke|p2|Alakazam, L50, M|\n|poke|p2|Noivern, L50, M|\n|poke|p2|Cofagrigus, L50, M|\n|poke|p2|Heliolisk, L50, M|\n|teampreview|4\nsuperboy245 rejected open team sheets.\n|\n|t:|1776215630\n|teamsize|p1|4\n|teamsize|p2|4\n|start\n|switch|p1a: Sneasler|Sneasler, L50, M|100/100\n|switch|p1b: Kangaskhan|Kangaskhan, L50, F|100/100\n|switch|p2a: Alakazam|Alakazam, L50, M|100/100\n|switch|p2b: Cofagrigus|Cofagrigus, L50, M|100/100\n|turn|1\n|c|\u2606shalom pedders|I already know who your mega is i dont need the sheets\n|c|\u2606superboy245|Duh same with you your not a genius\n|c|\u2606shalom pedders|Man 3 of your people can mega\n|\n|t:|1776215678\n|move|p1b: Kangaskhan|Fake Out|p2b: Cofagrigus\n|-damage|p2b: Cofagrigus|87/100\n|-activate|p2b: Cofagrigus|ability: Mummy|p1b: Kangaskhan|[ability] Scrappy\n|move|p2a: Alakazam|Reflect|p2a: Alakazam\n|-sidestart|p2: superboy245|Reflect\n|move|p1a: Sneasler|Coaching|p1b: Kangaskhan\n|-boost|p1b: Kangaskhan|atk|1\n|-boost|p1b: Kangaskhan|def|1\n|cant|p2b: Cofagrigus|flinch\n|\n|-heal|p2b: Cofagrigus|93/100|[from] item: Leftovers\n|upkeep\n|turn|2\n|inactive|Battle timer is ON: inactive players will automatically lose when time's up. (requested by superboy245)\n|\n|t:|1776215718\n|detailschange|p1b: Kangaskhan|Kangaskhan-Mega, L50, F\n|-mega|p1b: Kangaskhan|Kangaskhan|Kangaskhanite\n|move|p1a: Sneasler|Dire Claw|p2a: Alakazam\n|-damage|p2a: Alakazam|38/100\n|move|p2a: Alakazam|Psychic|p1a: Sneasler\n|-supereffective|p1a: Sneasler|2\n|-enditem|p1a: Sneasler|Focus Sash\n|-damage|p1a: Sneasler|1/100\n|move|p1b: Kangaskhan|Body Slam|p2a: Alakazam\n|-damage|p2a: Alakazam|0 fnt\n|faint|p2a: Alakazam\n|-hitcount|p2: Alakazam|1\n|move|p2b: Cofagrigus|Trick Room|p2b: Cofagrigus\n|-fieldstart|move: Trick Room|[of] p2b: Cofagrigus\n|\n|-heal|p2b: Cofagrigus|99/100|[from] item: Leftovers\n|upkeep\n|\n|t:|1776215729\n|switch|p2a: Chesnaught|Chesnaught, L50, M|100/100\n|turn|3\n|inactive|shalom pedders has 30 seconds left.\n|\n|t:|1776215762\n|detailschange|p2a: Chesnaught|Chesnaught-Mega, L50, M\n|-mega|p2a: Chesnaught|Chesnaught|Chesnaughtite\n|move|p1b: Kangaskhan|Sucker Punch|p2b: Cofagrigus\n|-supereffective|p2b: Cofagrigus|1\n|-damage|p2b: Cofagrigus|61/100\n|-activate|p2b: Cofagrigus|ability: Mummy|p1b: Kangaskhan|[ability] Parental Bond\n|-supereffective|p2b: Cofagrigus|1\n|-damage|p2b: Cofagrigus|53/100\n|-hitcount|p2b: Cofagrigus|2\n|move|p2b: Cofagrigus|Night Shade|p1a: Sneasler\n|-damage|p1a: Sneasler|0 fnt\n|faint|p1a: Sneasler\n|move|p2a: Chesnaught|Body Press|p1b: Kangaskhan\n|-supereffective|p1b: Kangaskhan|1\n|-damage|p1b: Kangaskhan|36/100\n|-activate|p1b: Kangaskhan|ability: Mummy|p2a: Chesnaught|[ability] Bulletproof\n|\n|-heal|p2b: Cofagrigus|59/100|[from] item: Leftovers\n|upkeep\n|\n|t:|1776215784\n|switch|p1a: Oranguru|Oranguru, L50, M|100/100\n|turn|4\n|\n|t:|1776215807\n|switch|p1b: Aegislash|Aegislash, L50, F|100/100\n|move|p2b: Cofagrigus|Will-O-Wisp|p1a: Oranguru|[miss]\n|-miss|p2b: Cofagrigus|p1a: Oranguru\n|move|p2a: Chesnaught|Body Press|p1b: Aegislash\n|-immune|p1b: Aegislash\n|move|p1a: Oranguru|Psychic|p2b: Cofagrigus\n|-damage|p2b: Cofagrigus|33/100\n|\n|-heal|p2b: Cofagrigus|39/100|[from] item: Leftovers\n|upkeep\n|turn|5\n|inactive|shalom pedders has 30 seconds left.\n|\n|t:|1776215833\n|move|p1b: Aegislash|King's Shield|p1b: Aegislash\n|-singleturn|p1b: Aegislash|Protect\n|move|p2b: Cofagrigus|Will-O-Wisp|p1b: Aegislash\n|-status|p1b: Aegislash|brn\n|move|p2a: Chesnaught|Body Press|p1a: Oranguru\n|-damage|p1a: Oranguru|51/100\n|move|p1a: Oranguru|Psychic|p2a: Chesnaught\n|-supereffective|p2a: Chesnaught|1\n|-damage|p2a: Chesnaught|40/100\n|\n|-heal|p2b: Cofagrigus|45/100|[from] item: Leftovers\n|-damage|p1b: Aegislash|95/100 brn|[from] brn\n|-sideend|p2: superboy245|Reflect\n|upkeep\n|turn|6\n|c|\u2606superboy245|Someone forgot somethin\n|inactive|superboy245 has 30 seconds left.\n|\n|t:|1776215860\n|move|p2b: Cofagrigus|Night Shade|p1b: Aegislash\n|-damage|p1b: Aegislash|65/100 brn\n|move|p2a: Chesnaught|Wood Hammer|p1a: Oranguru\n|-damage|p1a: Oranguru|0 fnt\n|faint|p1a: Oranguru\n|-damage|p2a: Chesnaught|22/100|[from] Recoil\n|-formechange|p1b: Aegislash|Aegislash-Blade|\n|move|p1b: Aegislash|Shadow Ball|p2b: Cofagrigus\n|-supereffective|p2b: Cofagrigus|1\n|-damage|p2b: Cofagrigus|0 fnt\n|faint|p2b: Cofagrigus\n|\n|-damage|p1b: Aegislash|59/100 brn|[from] brn\n|-fieldend|move: Trick Room\n|upkeep\n|\n|t:|1776215876\n|switch|p1a: Kangaskhan|Kangaskhan-Mega, L50, F|36/100\n|switch|p2b: Heliolisk|Heliolisk, L50, M|100/100\n|turn|7\n|\n|t:|1776215899\n|move|p2b: Heliolisk|Protect|p2b: Heliolisk\n|-singleturn|p2b: Heliolisk|Protect\n|move|p2a: Chesnaught|Spiky Shield|p2a: Chesnaught\n|-singleturn|p2a: Chesnaught|move: Protect\n|move|p1a: Kangaskhan|Fake Out|p2b: Heliolisk\n|-activate|p2b: Heliolisk|move: Protect\n|move|p1b: Aegislash|Shadow Ball|p2a: Chesnaught\n|-activate|p2a: Chesnaught|move: Protect\n|\n|-damage|p1b: Aegislash|53/100 brn|[from] brn\n|upkeep\n|turn|8\n|inactive|superboy245 has 30 seconds left.\n|\n|t:|1776215927\n|-formechange|p1b: Aegislash|Aegislash|\n|move|p1b: Aegislash|King's Shield|p1b: Aegislash\n|-singleturn|p1b: Aegislash|Protect\n|move|p2a: Chesnaught|Spiky Shield||[still]\n|-fail|p2a: Chesnaught\n|move|p2b: Heliolisk|Thunderbolt|p1a: Kangaskhan\n|-damage|p1a: Kangaskhan|0 fnt\n|faint|p1a: Kangaskhan\n|\n|-damage|p1b: Aegislash|47/100 brn|[from] brn\n|upkeep\n|turn|9\n|\n|t:|1776215951\n|move|p2b: Heliolisk|Ally Switch|p2b: Heliolisk\n|swap|p2b: Heliolisk|0|[from] move: Ally Switch\n|-formechange|p1b: Aegislash|Aegislash-Blade|\n|move|p1b: Aegislash|Shadow Ball|p2a: Heliolisk\n|-immune|p2a: Heliolisk\n|move|p2b: Chesnaught|Wood Hammer|p1b: Aegislash\n|-resisted|p1b: Aegislash|1\n|-damage|p1b: Aegislash|0 fnt\n|faint|p1b: Aegislash\n|-damage|p2b: Chesnaught|8/100|[from] Recoil\n|\n|win|superboy245\n|raw|shalom pedders's rating: 1217 &rarr; <strong>1196</strong><br />(-21 for losing)\n|raw|superboy245's rating: 1278 &rarr; <strong>1299</strong><br />(+21 for winning)\n|l|\u2606shalom pedders\n|player|p1|\n|c|\u2606superboy245|Ggs\n",
  "uploadtime": 1776215961,
  "views": 33,
  "formatid": "gen9championsvgc2026regma",
  "rating": 1196,
  "private": 0,
  "password": null
}