{
  "id": "gen9championsvgc2026regma-2583909003",
  "format": "[Gen 9 Champions] VGC 2026 Reg M-A",
  "players": [
    "yep yep okay yeah",
    "Sniffles"
  ],
  "log": "|j|\u2606yep yep okay yeah\n|j|\u2606Sniffles\n|t:|1776207395\n|gametype|doubles\n|player|p1|yep yep okay yeah|sailor|1153\n|player|p2|Sniffles|n|1138\n|gen|9\n|tier|[Gen 9 Champions] VGC 2026 Reg M-A\n|rated|\n|rule|Species Clause: Limit one of each Pok\u00e9mon\n|rule|Item Clause: Limit 1 of each item\n|clearpoke\n|poke|p1|Floette-Eternal, L50, F|\n|poke|p1|Delphox, L50, F|\n|poke|p1|Incineroar, L50, F|\n|poke|p1|Maushold, L50|\n|poke|p1|Aerodactyl, L50, F|\n|poke|p1|Basculegion, L50, M|\n|poke|p2|Sableye, L50, M|\n|poke|p2|Basculegion-F, L50, F|\n|poke|p2|Scovillain, L50, F|\n|poke|p2|Aerodactyl, L50, M|\n|poke|p2|Kingambit, L50, F|\n|poke|p2|Sneasler, L50, M|\n|teampreview|4\nSniffles has agreed to open team sheets.\n|inactive|Battle timer is ON: inactive players will automatically lose when time's up. (requested by Sniffles)\nyep yep okay yeah rejected open team sheets.\n|inactive|yep yep okay yeah has 60 seconds left.\n|\n|t:|1776207481\n|teamsize|p1|4\n|teamsize|p2|4\n|start\n|switch|p1a: DontSuckerPunchMe|Delphox, L50, F, shiny|100/100\n|switch|p1b: The Groypers|Maushold, L50|100/100\n|switch|p2a: Sableye|Sableye, L50, M, shiny|100/100\n|switch|p2b: Aerodactyl|Aerodactyl, L50, M, shiny|100/100\n|-ability|p2b: Aerodactyl|Unnerve\n|turn|1\n|inactive|yep yep okay yeah has 30 seconds left.\n|inactive|Sniffles has 30 seconds left.\n|inactive|yep yep okay yeah has 20 seconds left.\n|inactive|yep yep okay yeah has 15 seconds left.\n|\n|t:|1776207524\n|detailschange|p2b: Aerodactyl|Aerodactyl-Mega, L50, M, shiny\n|-mega|p2b: Aerodactyl|Aerodactyl|Aerodactylite\n|detailschange|p1a: DontSuckerPunchMe|Delphox-Mega, L50, F, shiny\n|-mega|p1a: DontSuckerPunchMe|Delphox|Delphoxite\n|move|p2a: Sableye|Thunder Wave|p1a: DontSuckerPunchMe\n|-status|p1a: DontSuckerPunchMe|par\n|move|p2b: Aerodactyl|Rock Slide|p1b: The Groypers|[spread] p1a,p1b\n|-supereffective|p1a: DontSuckerPunchMe|1\n|-damage|p1a: DontSuckerPunchMe|32/100 par\n|-damage|p1b: The Groypers|63/100\n|move|p1b: The Groypers|Super Fang|p2b: Aerodactyl|[miss]\n|-miss|p1b: The Groypers|p2b: Aerodactyl\n|move|p1a: DontSuckerPunchMe|Substitute|p1a: DontSuckerPunchMe\n|-start|p1a: DontSuckerPunchMe|Substitute\n|-damage|p1a: DontSuckerPunchMe|7/100 par\n|\n|upkeep\n|turn|2\n|inactive|yep yep okay yeah has 30 seconds left.\n|\n|t:|1776207559\n|move|p2a: Sableye|Disable|p1b: The Groypers\n|-start|p1b: The Groypers|Disable|Super Fang\n|move|p2b: Aerodactyl|Rock Slide|p1a: DontSuckerPunchMe|[spread] p1b\n|-miss|p2b: Aerodactyl|p1a: DontSuckerPunchMe\n|-damage|p1b: The Groypers|29/100\n|cant|p1b: The Groypers|Disable|Super Fang\n|move|p1a: DontSuckerPunchMe|Psychic|p2b: Aerodactyl\n|-damage|p2b: Aerodactyl|36/100\n|\n|upkeep\n|turn|3\n|\n|t:|1776207576\n|move|p1b: The Groypers|Follow Me|p1b: The Groypers\n|-singleturn|p1b: The Groypers|move: Follow Me\n|move|p2b: Aerodactyl|Rock Slide|p1b: The Groypers|[spread] \n|-miss|p2b: Aerodactyl|p1a: DontSuckerPunchMe\n|-miss|p2b: Aerodactyl|p1b: The Groypers\n|move|p1a: DontSuckerPunchMe|Psychic|p2b: Aerodactyl\n|-damage|p2b: Aerodactyl|0 fnt\n|faint|p2b: Aerodactyl\n|move|p2a: Sableye|Foul Play|p1b: The Groypers\n|-damage|p1b: The Groypers|0 fnt\n|faint|p1b: The Groypers\n|\n|upkeep\n|\n|t:|1776207595\n|switch|p2b: Sneasler|Sneasler, L50, M, shiny|100/100\n|switch|p1b: Habsburg Jaw|Aerodactyl, L50, F|100/100\n|-ability|p1b: Habsburg Jaw|Unnerve\n|turn|4\n|\n|t:|1776207619\n|move|p2b: Sneasler|Fake Out|p1a: DontSuckerPunchMe\n|-activate|p1a: DontSuckerPunchMe|move: Substitute|[damage]\n|move|p2a: Sableye|Will-O-Wisp|p1b: Habsburg Jaw|[miss]\n|-miss|p2a: Sableye|p1b: Habsburg Jaw\n|move|p1b: Habsburg Jaw|Dual Wingbeat|p2b: Sneasler\n|-supereffective|p2b: Sneasler|1\n|-crit|p2b: Sneasler\n|-damage|p2b: Sneasler|9/100\n|-supereffective|p2b: Sneasler|1\n|-damage|p2b: Sneasler|0 fnt\n|faint|p2b: Sneasler\n|-hitcount|p2: Sneasler|2\n|move|p1a: DontSuckerPunchMe|Psychic|p2a: Sableye\n|-immune|p2a: Sableye\n|\n|upkeep\n|\n|t:|1776207625\n|switch|p2b: Basculegion|Basculegion-F, L50, F, shiny|100/100\n|turn|5\n|inactive|yep yep okay yeah has 30 seconds left.\n|\n|t:|1776207654\n|move|p2b: Basculegion|Muddy Water|p1b: Habsburg Jaw|[spread] p1a,p1b\n|-supereffective|p1a: DontSuckerPunchMe|1\n|-end|p1a: DontSuckerPunchMe|Substitute\n|-supereffective|p1b: Habsburg Jaw|1\n|-enditem|p1b: Habsburg Jaw|Focus Sash\n|-damage|p1b: Habsburg Jaw|1/100\n|move|p1b: Habsburg Jaw|Tailwind|p1b: Habsburg Jaw\n|-sidestart|p1: yep yep okay yeah|move: Tailwind\n|move|p1a: DontSuckerPunchMe|Psychic|p2b: Basculegion\n|-damage|p2b: Basculegion|37/100\n|move|p2a: Sableye|Foul Play|p1a: DontSuckerPunchMe\n|-supereffective|p1a: DontSuckerPunchMe|1\n|-damage|p1a: DontSuckerPunchMe|0 fnt\n|faint|p1a: DontSuckerPunchMe\n|\n|upkeep\n|\n|t:|1776207668\n|switch|p1a: Dand\u00e2n|Basculegion, L50, M|100/100\n|turn|6\n|inactive|yep yep okay yeah has 30 seconds left.\n|inactive|Sniffles has 30 seconds left.\n|\n|t:|1776207703\n|move|p2a: Sableye|Thunder Wave|p1b: Habsburg Jaw\n|-status|p1b: Habsburg Jaw|par\n|move|p1a: Dand\u00e2n|Last Respects|p2b: Basculegion\n|-supereffective|p2b: Basculegion|1\n|-damage|p2b: Basculegion|0 fnt\n|faint|p2b: Basculegion\n|move|p1b: Habsburg Jaw|Rock Slide|p2a: Sableye\n|-damage|p2a: Sableye|52/100\n|\n|upkeep\n|turn|7\n|\n|t:|1776207718\n|move|p2a: Sableye|Disable|p1a: Dand\u00e2n\n|-start|p1a: Dand\u00e2n|Disable|Last Respects\n|cant|p1a: Dand\u00e2n|Disable|Last Respects\n|move|p1b: Habsburg Jaw|Dual Wingbeat|p2a: Sableye\n|-damage|p2a: Sableye|23/100\n|-damage|p2a: Sableye|0 fnt\n|faint|p2a: Sableye\n|-hitcount|p2: Sableye|2\n|\n|win|yep yep okay yeah\n|raw|yep yep okay yeah's rating: 1153 &rarr; <strong>1177</strong><br />(+24 for winning)\n|raw|Sniffles's rating: 1138 &rarr; <strong>1114</strong><br />(-24 for losing)\n|l|\u2606Sniffles\n|player|p2|\n|c|\u2606yep yep okay yeah|ggez\n",
  "uploadtime": 1776207748,
  "views": 18,
  "formatid": "gen9championsvgc2026regma",
  "rating": 1114,
  "private": 0,
  "password": null
}