{
  "id": "gen9championsvgc2026regma-2586805289",
  "format": "[Gen 9 Champions] VGC 2026 Reg M-A",
  "players": [
    "Uscorp",
    "megachandelureyay"
  ],
  "log": "|j|\u2606Uscorp\n|j|\u2606megachandelureyay\n|t:|1776461340\n|gametype|doubles\n|player|p1|Uscorp|265|1013\n|player|p2|megachandelureyay|169|1036\n|gen|9\n|tier|[Gen 9 Champions] VGC 2026 Reg M-A\n|rated|\n|rule|Species Clause: Limit one of each Pok\u00e9mon\n|rule|Item Clause: Limit 1 of each item\n|clearpoke\n|poke|p1|Kingambit, L50, F|\n|poke|p1|Sneasler, L50, F|\n|poke|p1|Dragapult, L50, M|\n|poke|p1|Incineroar, L50, F|\n|poke|p1|Sinistcha, L50|\n|poke|p1|Clefable, L50, F|\n|poke|p2|Whimsicott, L50, M|\n|poke|p2|Gengar, L50, F|\n|poke|p2|Incineroar, L50, M|\n|poke|p2|Ceruledge, L50, F|\n|poke|p2|Basculegion-F, L50, F|\n|poke|p2|Ditto, L50|\n|teampreview|4\nmegachandelureyay has agreed to open team sheets.\n|\n|t:|1776461390\n|teamsize|p1|4\n|teamsize|p2|4\n|start\n|switch|p1a: Incineroar|Incineroar, L50, F|100/100\n|switch|p1b: Dragapult|Dragapult, L50, M|100/100\n|switch|p2a: Incineroar|Incineroar, L50, M, shiny|100/100\n|switch|p2b: Ditto|Ditto, L50, shiny|100/100\n|-transform|p2b: Ditto|p1a: Incineroar|[from] ability: Imposter\n|-ability|p2b: Ditto|Intimidate|boost\n|-unboost|p1a: Incineroar|atk|1\n|-fail|p1b: Dragapult|unboost|[from] ability: Clear Body|[of] p1b: Dragapult\n|-ability|p1a: Incineroar|Intimidate|boost\n|-unboost|p2a: Incineroar|atk|1\n|-unboost|p2b: Ditto|atk|1\n|-ability|p2a: Incineroar|Intimidate|boost\n|-unboost|p1a: Incineroar|atk|1\n|-fail|p1b: Dragapult|unboost|[from] ability: Clear Body|[of] p1b: Dragapult\n|turn|1\n|\n|t:|1776461425\n|move|p2a: Incineroar|Fake Out|p1a: Incineroar\n|-damage|p1a: Incineroar|93/100\n|move|p1b: Dragapult|U-turn|p2b: Ditto\n|-damage|p2b: Ditto|72/100\n|\n|t:|1776461458\n|switch|p1b: Clefable|Clefable, L50, F|100/100|[from] U-turn\n|cant|p1a: Incineroar|flinch\n|move|p2b: Ditto|Darkest Lariat|p1b: Clefable\n|-resisted|p1b: Clefable|1\n|-damage|p1b: Clefable|91/100\n|\n|upkeep\n|turn|2\n|\n|t:|1776461485\n|move|p1a: Incineroar|Parting Shot|p2b: Ditto\n|-unboost|p2b: Ditto|atk|1\n|-unboost|p2b: Ditto|spa|1\n|\n|t:|1776461495\n|switch|p1a: Kingambit|Kingambit, L50, F|100/100|[from] Parting Shot\n|move|p2b: Ditto|Parting Shot|p1a: Kingambit\n|-unboost|p1a: Kingambit|atk|1\n|-ability|p1a: Kingambit|Defiant|boost\n|-boost|p1a: Kingambit|atk|2\n|-unboost|p1a: Kingambit|spa|1\n|-ability|p1a: Kingambit|Defiant|boost\n|-boost|p1a: Kingambit|atk|2\n|\n|t:|1776461506\n|switch|p2b: Ceruledge|Ceruledge, L50, F|100/100|[from] Parting Shot\n|move|p2a: Incineroar|Parting Shot|p1b: Clefable\n|-unboost|p1b: Clefable|atk|1\n|-unboost|p1b: Clefable|spa|1\n|\n|t:|1776461515\n|switch|p2a: Ditto|Ditto, L50, shiny|72/100|[from] Parting Shot\n|-transform|p2a: Ditto|p1b: Clefable|[from] ability: Imposter\n|move|p1b: Clefable|Cosmic Power|p1b: Clefable\n|-boost|p1b: Clefable|def|1\n|-boost|p1b: Clefable|spd|1\n|\n|upkeep\n|turn|3\n|\n|t:|1776461567\n|move|p1a: Kingambit|Sucker Punch|p2b: Ceruledge\n|-supereffective|p2b: Ceruledge|1\n|-enditem|p2b: Ceruledge|Focus Sash\n|-damage|p2b: Ceruledge|1/100\n|-ability|p2b: Ceruledge|Weak Armor|boost\n|-unboost|p2b: Ceruledge|def|1\n|-boost|p2b: Ceruledge|spe|2\n|move|p2b: Ceruledge|Bitter Blade|p1a: Kingambit\n|-supereffective|p1a: Kingambit|1\n|-damage|p1a: Kingambit|27/100\n|-heal|p2b: Ceruledge|47/100|[from] drain|[of] p1a: Kingambit\n|move|p1b: Clefable|Baton Pass|p1b: Clefable\n|\n|t:|1776461579\n|switch|p1b: Incineroar|Incineroar, L50, F|93/100|[from] Baton Pass\n|-ability|p1b: Incineroar|Intimidate|boost\n|-unboost|p2a: Ditto|atk|1\n|-unboost|p2b: Ceruledge|atk|1\n|move|p2a: Ditto|Cosmic Power|p2a: Ditto\n|-boost|p2a: Ditto|def|1\n|-boost|p2a: Ditto|spd|1\n|\n|upkeep\n|turn|4\n|\n|t:|1776461601\n|move|p1a: Kingambit|Sucker Punch||[still]\n|-fail|p1a: Kingambit\n|move|p2b: Ceruledge|Destiny Bond|p2b: Ceruledge\n|-singlemove|p2b: Ceruledge|Destiny Bond\n|move|p1b: Incineroar|Parting Shot|p2b: Ceruledge\n|-unboost|p2b: Ceruledge|atk|1\n|-unboost|p2b: Ceruledge|spa|1\n|\n|t:|1776461614\n|switch|p1b: Clefable|Clefable, L50, F|91/100|[from] Parting Shot\n|move|p2a: Ditto|Cosmic Power|p2a: Ditto\n|-boost|p2a: Ditto|def|1\n|-boost|p2a: Ditto|spd|1\n|\n|upkeep\n|turn|5\n|\n|t:|1776461633\n|switch|p1a: Incineroar|Incineroar, L50, F|93/100\n|-ability|p1a: Incineroar|Intimidate|boost\n|-unboost|p2a: Ditto|atk|1\n|-unboost|p2b: Ceruledge|atk|1\n|move|p2b: Ceruledge|Bitter Blade|p1a: Incineroar\n|-resisted|p1a: Incineroar|1\n|-damage|p1a: Incineroar|84/100\n|-heal|p2b: Ceruledge|52/100|[from] drain|[of] p1a: Incineroar\n|move|p1b: Clefable|Cosmic Power|p1b: Clefable\n|-boost|p1b: Clefable|def|1\n|-boost|p1b: Clefable|spd|1\n|move|p2a: Ditto|Cosmic Power|p2a: Ditto\n|-boost|p2a: Ditto|def|1\n|-boost|p2a: Ditto|spd|1\n|\n|upkeep\n|turn|6\n|\n|t:|1776461661\n|move|p2b: Ceruledge|Dragon Claw|p1a: Incineroar\n|-damage|p1a: Incineroar|73/100\n|move|p1a: Incineroar|Darkest Lariat|p2b: Ceruledge\n|-supereffective|p2b: Ceruledge|1\n|-damage|p2b: Ceruledge|0 fnt\n|faint|p2b: Ceruledge\n|move|p1b: Clefable|Cosmic Power|p1b: Clefable\n|-boost|p1b: Clefable|def|1\n|-boost|p1b: Clefable|spd|1\n|move|p2a: Ditto|Cosmic Power|p2a: Ditto\n|-boost|p2a: Ditto|def|1\n|-boost|p2a: Ditto|spd|1\n|\n|upkeep\n|\n|t:|1776461674\n|switch|p2b: Incineroar|Incineroar, L50, M, shiny|100/100\n|-ability|p2b: Incineroar|Intimidate|boost\n|-unboost|p1a: Incineroar|atk|1\n|-unboost|p1b: Clefable|atk|1\n|turn|7\n|\n|t:|1776461686\n|move|p2b: Incineroar|Fake Out|p1b: Clefable\n|-damage|p1b: Clefable|86/100\n|-start|p2b: Incineroar|Attract|[from] ability: Cute Charm|[of] p1b: Clefable\n|move|p1a: Incineroar|Parting Shot|p2a: Ditto\n|-unboost|p2a: Ditto|atk|1\n|-unboost|p2a: Ditto|spa|1\n|\n|t:|1776461694\n|switch|p1a: Kingambit|Kingambit, L50, F|27/100|[from] Parting Shot\n|cant|p1b: Clefable|flinch\n|move|p2a: Ditto|Baton Pass|p2a: Ditto\n|\n|t:|1776461700\n|switch|p2a: Gengar|Gengar, L50, F, shiny|100/100|[from] Baton Pass\n|\n|upkeep\n|turn|8\n|\n|t:|1776461714\n|detailschange|p2a: Gengar|Gengar-Mega, L50, F, shiny\n|-mega|p2a: Gengar|Gengar|Gengarite\n|move|p1a: Kingambit|Sucker Punch||[still]\n|-fail|p1a: Kingambit\n|move|p2a: Gengar|Perish Song|p2a: Gengar\n|-start|p1a: Kingambit|perish3|[silent]\n|-start|p1b: Clefable|perish3|[silent]\n|-start|p2a: Gengar|perish3|[silent]\n|-start|p2b: Incineroar|perish3|[silent]\n|-fieldactivate|move: Perish Song\n|move|p1b: Clefable|Cosmic Power|p1b: Clefable\n|-boost|p1b: Clefable|def|1\n|-boost|p1b: Clefable|spd|1\n|-activate|p2b: Incineroar|move: Attract|[of] p1b: Clefable\n|move|p2b: Incineroar|Blaze Kick|p1a: Kingambit\n|-supereffective|p1a: Kingambit|1\n|-damage|p1a: Kingambit|0 fnt\n|faint|p1a: Kingambit\n|\n|-start|p2a: Gengar|perish3\n|-start|p2b: Incineroar|perish3\n|-start|p1b: Clefable|perish3\n|upkeep\n|\n|t:|1776461739\n|switch|p1a: Incineroar|Incineroar, L50, F|73/100\n|-ability|p1a: Incineroar|Intimidate|boost\n|-unboost|p2a: Gengar|atk|1\n|-unboost|p2b: Incineroar|atk|1\n|turn|9\n|\n|t:|1776461761\n|move|p2a: Gengar|Perish Song|p2a: Gengar\n|-start|p1a: Incineroar|perish3|[silent]\n|-fieldactivate|move: Perish Song\n|move|p1a: Incineroar|Parting Shot|p2b: Incineroar\n|-unboost|p2b: Incineroar|atk|1\n|-unboost|p2b: Incineroar|spa|1\n|\n|t:|1776461766\n|switch|p1a: Dragapult|Dragapult, L50, M|100/100|[from] Parting Shot\n|-activate|p2b: Incineroar|move: Attract|[of] p1b: Clefable\n|move|p2b: Incineroar|Parting Shot|p1a: Dragapult\n|-fail|p1a: Dragapult|unboost|[from] ability: Clear Body|[of] p1a: Dragapult\n|move|p1b: Clefable|Moonblast|p2b: Incineroar\n|-damage|p2b: Incineroar|70/100\n|\n|-start|p2a: Gengar|perish2\n|-start|p2b: Incineroar|perish2\n|-start|p1b: Clefable|perish2\n|upkeep\n|turn|10\n|\n|t:|1776461784\n|move|p1a: Dragapult|U-turn|p2b: Incineroar\n|-damage|p2b: Incineroar|47/100\n|-enditem|p2b: Incineroar|Sitrus Berry|[eat]\n|-heal|p2b: Incineroar|72/100|[from] item: Sitrus Berry\n|\n|t:|1776461788\n|switch|p1a: Incineroar|Incineroar, L50, F|73/100|[from] U-turn\n|-ability|p1a: Incineroar|Intimidate|boost\n|-unboost|p2a: Gengar|atk|1\n|-unboost|p2b: Incineroar|atk|1\n|move|p2a: Gengar|Ice Punch|p1a: Incineroar\n|-resisted|p1a: Incineroar|1\n|-damage|p1a: Incineroar|71/100\n|move|p1b: Clefable|Moonblast|p2b: Incineroar\n|-damage|p2b: Incineroar|45/100\n|-activate|p2b: Incineroar|move: Attract|[of] p1b: Clefable\n|cant|p2b: Incineroar|Attract\n|\n|-start|p2a: Gengar|perish1\n|-start|p2b: Incineroar|perish1\n|-start|p1b: Clefable|perish1\n|upkeep\n|turn|11\n|\n|t:|1776461842\n|switch|p2a: Ditto|Ditto, L50, shiny|72/100\n|-transform|p2a: Ditto|p1b: Clefable|[from] ability: Imposter\n|move|p1a: Incineroar|Parting Shot|p2a: Ditto|[miss]\n|-miss|p1a: Incineroar|p2a: Ditto\n|-activate|p2b: Incineroar|move: Attract|[of] p1b: Clefable\n|move|p2b: Incineroar|Parting Shot|p1b: Clefable\n|-unboost|p1b: Clefable|atk|1\n|-unboost|p1b: Clefable|spa|1\n|\n|t:|1776461852\n|switch|p2b: Gengar|Gengar-Mega, L50, F, shiny|100/100|[from] Parting Shot\n|move|p1b: Clefable|Moonblast|p2b: Gengar\n|-resisted|p2b: Gengar|1\n|-damage|p2b: Gengar|90/100\n|\n|-start|p1b: Clefable|perish0\n|upkeep\n|faint|p1b: Clefable\n|\n|t:|1776461862\n|switch|p1b: Dragapult|Dragapult, L50, M|100/100\n|turn|12\n|\n|t:|1776461880\n|move|p1b: Dragapult|Phantom Force||[still]\n|-prepare|p1b: Dragapult|Phantom Force\n|move|p2b: Gengar|Perish Song|p2b: Gengar\n|-start|p1a: Incineroar|perish3|[silent]\n|-miss|p2b: Gengar|p1b: Dragapult\n|-start|p2a: Ditto|perish3|[silent]\n|-start|p2b: Gengar|perish3|[silent]\n|-fieldactivate|move: Perish Song\n|move|p1a: Incineroar|Darkest Lariat|p2b: Gengar\n|-supereffective|p2b: Gengar|1\n|-damage|p2b: Gengar|3/100\n|move|p2a: Ditto|Moonblast|p1b: Dragapult|[miss]\n|-miss|p2a: Ditto|p1b: Dragapult\n|\n|-start|p2b: Gengar|perish3\n|-start|p1a: Incineroar|perish3\n|-start|p2a: Ditto|perish3\n|upkeep\n|turn|13\n|\n|t:|1776461913\n|move|p1b: Dragapult|Phantom Force|p2b: Gengar|[from] lockedmove\n|-supereffective|p2b: Gengar|1\n|-damage|p2b: Gengar|0 fnt\n|faint|p2b: Gengar\n|move|p1a: Incineroar|Darkest Lariat|p2a: Ditto\n|-resisted|p2a: Ditto|1\n|-damage|p2a: Ditto|53/100\n|move|p2a: Ditto|Moonblast|p1b: Dragapult\n|-supereffective|p1b: Dragapult|1\n|-damage|p1b: Dragapult|20/100\n|\n|-start|p1a: Incineroar|perish2\n|-start|p2a: Ditto|perish2\n|upkeep\n|\n|t:|1776461925\n|switch|p2b: Incineroar|Incineroar, L50, M, shiny|45/100\n|-ability|p2b: Incineroar|Intimidate|boost\n|-unboost|p1a: Incineroar|atk|1\n|-fail|p1b: Dragapult|unboost|[from] ability: Clear Body|[of] p1b: Dragapult\n|turn|14\n|\n|t:|1776461950\n|move|p2b: Incineroar|Fake Out|p1a: Incineroar\n|-damage|p1a: Incineroar|61/100\n|move|p1b: Dragapult|Phantom Force||[still]\n|-prepare|p1b: Dragapult|Phantom Force\n|cant|p1a: Incineroar|flinch\n|move|p2a: Ditto|Moonblast|p1b: Dragapult|[miss]\n|-miss|p2a: Ditto|p1b: Dragapult\n|\n|-start|p1a: Incineroar|perish1\n|-start|p2a: Ditto|perish1\n|upkeep\n|turn|15\n|\n|t:|1776461970\n|move|p1b: Dragapult|Phantom Force|p2a: Ditto|[from] lockedmove\n|-damage|p2a: Ditto|30/100\n|move|p1a: Incineroar|Darkest Lariat|p2a: Ditto|[miss]\n|-miss|p1a: Incineroar|p2a: Ditto\n|move|p2b: Incineroar|Darkest Lariat|p1b: Dragapult\n|-supereffective|p1b: Dragapult|1\n|-damage|p1b: Dragapult|0 fnt\n|faint|p1b: Dragapult\n|move|p2a: Ditto|Baton Pass||[still]\n|-fail|p2a: Ditto\n|\n|-start|p1a: Incineroar|perish0\n|-start|p2a: Ditto|perish0\n|upkeep\n|faint|p1a: Incineroar\n|faint|p2a: Ditto\n|\n|win|megachandelureyay\n|raw|Uscorp's rating: 1013 &rarr; <strong>1002</strong><br />(-11 for losing)\n|raw|megachandelureyay's rating: 1036 &rarr; <strong>1068</strong><br />(+32 for winning)\n|c|\u2606megachandelureyay|ggs\n|l|\u2606Uscorp\n|player|p1|\n",
  "uploadtime": 1776462092,
  "views": 19,
  "formatid": "gen9championsvgc2026regma",
  "rating": 1002,
  "private": 0,
  "password": null
}