{
  "id": "gen9championsvgc2026regma-2587034440",
  "format": "[Gen 9 Champions] VGC 2026 Reg M-A",
  "players": [
    "kkkskkk",
    "N4nD1tt0"
  ],
  "log": "|j|\u2606kkkskkk\n|j|\u2606N4nD1tt0\n|t:|1776483528\n|gametype|doubles\n|player|p1|kkkskkk|101|1156\n|player|p2|N4nD1tt0|1|1209\n|gen|9\n|tier|[Gen 9 Champions] VGC 2026 Reg M-A\n|rated|\n|rule|Species Clause: Limit one of each Pok\u00e9mon\n|rule|Item Clause: Limit 1 of each item\n|clearpoke\n|poke|p1|Pelipper, L50, M|\n|poke|p1|Aggron, L50, F|\n|poke|p1|Farigiraf, L50, M|\n|poke|p1|Basculegion, L50, M|\n|poke|p1|Sinistcha-Masterpiece, L50|\n|poke|p1|Archaludon, L50, M|\n|poke|p2|Tyranitar, L50, M|\n|poke|p2|Sinistcha, L50|\n|poke|p2|Gyarados, L50, M|\n|poke|p2|Kingambit, L50, M|\n|poke|p2|Rotom-Wash, L50|\n|poke|p2|Garchomp, L50, M|\n|teampreview|4\n|inactive|Battle timer is ON: inactive players will automatically lose when time's up. (requested by N4nD1tt0)\n|inactive|kkkskkk has 60 seconds left.\n|\n|t:|1776483578\n|teamsize|p1|4\n|teamsize|p2|4\n|start\n|switch|p1a: Pelipper|Pelipper, L50, M|100/100\n|switch|p1b: Farigiraf|Farigiraf, L50, M|100/100\n|switch|p2a: Gyarados|Gyarados, L50, M, shiny|100/100\n|switch|p2b: Garchomp|Garchomp, L50, M|100/100\n|-weather|RainDance|[from] ability: Drizzle|[of] p1a: Pelipper\n|-ability|p2a: Gyarados|Intimidate|boost\n|-unboost|p1a: Pelipper|atk|1\n|-unboost|p1b: Farigiraf|atk|1\n|turn|1\n|\n|t:|1776483598\n|move|p2b: Garchomp|Rock Slide|p1b: Farigiraf|[spread] p1a,p1b\n|-supereffective|p1a: Pelipper|1\n|-damage|p1a: Pelipper|55/100\n|-damage|p1b: Farigiraf|87/100\n|move|p1a: Pelipper|U-turn|p2a: Gyarados\n|-resisted|p2a: Gyarados|1\n|-damage|p2a: Gyarados|97/100\n|\n|t:|1776483605\n|switch|p1a: Aggron|Aggron, L50, F|100/100|[from] U-turn\n|move|p2a: Gyarados|Taunt|p1b: Farigiraf\n|-start|p1b: Farigiraf|move: Taunt\n|cant|p1b: Farigiraf|move: Taunt|Trick Room\n|\n|-weather|RainDance|[upkeep]\n|upkeep\n|turn|2\n|inactive|kkkskkk has 30 seconds left.\n|\n|t:|1776483633\n|switch|p1b: Pelipper|Pelipper, L50, M|55/100\n|detailschange|p1a: Aggron|Aggron-Mega, L50, F\n|-mega|p1a: Aggron|Aggron|Aggronite\n|move|p2b: Garchomp|Earthquake|p1b: Pelipper|[spread] p1a\n|-immune|p2a: Gyarados\n|-immune|p1b: Pelipper\n|-supereffective|p1a: Aggron|1\n|-damage|p1a: Aggron|73/100\n|move|p2a: Gyarados|Waterfall|p1a: Aggron\n|-damage|p1a: Aggron|46/100\n|move|p1a: Aggron|Iron Defense|p1a: Aggron\n|-boost|p1a: Aggron|def|2\n|\n|-weather|RainDance|[upkeep]\n|upkeep\n|turn|3\n|\n|t:|1776483650\n|move|p1a: Aggron|Protect|p1a: Aggron\n|-singleturn|p1a: Aggron|Protect\n|move|p2b: Garchomp|Rock Slide|p1b: Pelipper|[spread] \n|-activate|p1a: Aggron|move: Protect\n|-miss|p2b: Garchomp|p1b: Pelipper\n|move|p1b: Pelipper|Tailwind|p1b: Pelipper\n|-sidestart|p1: kkkskkk|move: Tailwind\n|move|p2a: Gyarados|Taunt|p1a: Aggron\n|-activate|p1a: Aggron|move: Protect\n|\n|-weather|RainDance|[upkeep]\n|upkeep\n|turn|4\n|inactive|kkkskkk has 30 seconds left.\n|\n|t:|1776483676\n|move|p2b: Garchomp|Protect|p2b: Garchomp\n|-singleturn|p2b: Garchomp|Protect\n|move|p1b: Pelipper|Hurricane|p2a: Gyarados\n|-damage|p2a: Gyarados|67/100\n|move|p1a: Aggron|Body Press|p2b: Garchomp\n|-activate|p2b: Garchomp|move: Protect\n|move|p2a: Gyarados|Taunt|p1a: Aggron\n|-start|p1a: Aggron|move: Taunt\n|\n|-weather|RainDance|[upkeep]\n|upkeep\n|turn|5\n|\n|t:|1776483699\n|switch|p2b: Sinistcha|Sinistcha, L50|100/100\n|-heal|p2a: Gyarados|92/100|[from] ability: Hospitality|[of] p2b: Sinistcha\n|move|p1b: Pelipper|Weather Ball|p2b: Sinistcha\n|-resisted|p2b: Sinistcha|1\n|-damage|p2b: Sinistcha|59/100\n|move|p1a: Aggron|Body Press|p2b: Sinistcha\n|-immune|p2b: Sinistcha\n|move|p2a: Gyarados|Thunder Wave|p1b: Pelipper\n|-status|p1b: Pelipper|par\n|\n|-weather|none\n|-heal|p2b: Sinistcha|66/100|[from] item: Leftovers\n|upkeep\n|turn|6\n|inactive|kkkskkk has 30 seconds left.\n|\n|t:|1776483733\n|switch|p1a: Farigiraf|Farigiraf, L50, M|87/100\n|move|p1b: Pelipper|Hurricane|p2b: Sinistcha\n|-supereffective|p2b: Sinistcha|1\n|-damage|p2b: Sinistcha|0 fnt\n|faint|p2b: Sinistcha\n|move|p2a: Gyarados|Waterfall|p1a: Farigiraf\n|-damage|p1a: Farigiraf|62/100\n|\n|-sideend|p1: kkkskkk|move: Tailwind\n|upkeep\n|\n|t:|1776483744\n|switch|p2b: Garchomp|Garchomp, L50, M|100/100\n|turn|7\n|inactive|kkkskkk has 30 seconds left.\n|inactive|kkkskkk has 20 seconds left.\n|inactive|kkkskkk has 15 seconds left.\n|\n|t:|1776483784\n|move|p2b: Garchomp|Rock Slide|p1a: Farigiraf|[spread] p1a\n|-miss|p2b: Garchomp|p1b: Pelipper\n|-damage|p1a: Farigiraf|48/100\n|-enditem|p1a: Farigiraf|Sitrus Berry|[eat]\n|-heal|p1a: Farigiraf|72/100|[from] item: Sitrus Berry\n|move|p2a: Gyarados|Taunt|p1a: Farigiraf\n|-start|p1a: Farigiraf|move: Taunt\n|move|p1b: Pelipper|U-turn|p2a: Gyarados\n|-resisted|p2a: Gyarados|1\n|-damage|p2a: Gyarados|88/100\n|\n|t:|1776483796\n|switch|p1b: Basculegion|Basculegion, L50, M|100/100|[from] U-turn\n|cant|p1a: Farigiraf|move: Taunt|Trick Room\n|\n|upkeep\n|turn|8\n|\n|t:|1776483820\n|switch|p2b: Rotom|Rotom-Wash, L50|100/100\n|switch|p1a: Pelipper|Pelipper, L50, M|55/100 par\n|-weather|RainDance|[from] ability: Drizzle|[of] p1a: Pelipper\n|move|p1b: Basculegion|Wave Crash|p2b: Rotom\n|-resisted|p2b: Rotom|1\n|-damage|p2b: Rotom|57/100\n|-damage|p1b: Basculegion|89/100|[from] Recoil\n|move|p2a: Gyarados|Thunder Wave|p1b: Basculegion\n|-status|p1b: Basculegion|par\n|\n|-weather|RainDance|[upkeep]\n|upkeep\n|turn|9\n|inactive|kkkskkk has 30 seconds left.\n|inactive|N4nD1tt0 has 30 seconds left.\n|\n|t:|1776483853\n|switch|p1b: Farigiraf|Farigiraf, L50, M|72/100\n|move|p2b: Rotom|Thunderbolt|p1b: Farigiraf\n|-damage|p1b: Farigiraf|36/100\n|move|p2a: Gyarados|Waterfall|p1a: Pelipper\n|-resisted|p1a: Pelipper|1\n|-damage|p1a: Pelipper|24/100 par\n|move|p1a: Pelipper|U-turn|p2b: Rotom\n|-damage|p2b: Rotom|50/100\n|-enditem|p2b: Rotom|Sitrus Berry|[eat]\n|-heal|p2b: Rotom|74/100|[from] item: Sitrus Berry\n|\n|t:|1776483869\n|switch|p1a: Basculegion|Basculegion, L50, M|89/100 par|[from] U-turn\n|\n|-weather|RainDance|[upkeep]\n|upkeep\n|turn|10\n|inactive|kkkskkk has 30 seconds left.\n|inactive|N4nD1tt0 has 30 seconds left.\n|inactive|N4nD1tt0 has 20 seconds left.\n|\n|t:|1776483905\n|move|p1b: Farigiraf|Ally Switch|p1b: Farigiraf\n|swap|p1b: Farigiraf|0|[from] move: Ally Switch\n|move|p1b: Basculegion|Last Respects|p2b: Rotom\n|-damage|p2b: Rotom|48/100\n|move|p2b: Rotom|Thunderbolt|p1a: Farigiraf\n|-damage|p1a: Farigiraf|1/100\n|move|p2a: Gyarados|Waterfall|p1b: Basculegion\n|-resisted|p1b: Basculegion|1\n|-damage|p1b: Basculegion|55/100 par\n|\n|-weather|RainDance|[upkeep]\n|upkeep\n|turn|11\n|inactive|kkkskkk has 30 seconds left.\n|inactive|N4nD1tt0 has 30 seconds left.\n|\n|t:|1776483934\n|move|p1a: Farigiraf|Helping Hand|p1b: Basculegion\n|-singleturn|p1b: Basculegion|Helping Hand|[of] p1a: Farigiraf\n|move|p2b: Rotom|Protect|p2b: Rotom\n|-singleturn|p2b: Rotom|Protect\n|move|p1b: Basculegion|Last Respects|p2b: Rotom\n|-activate|p2b: Rotom|move: Protect\n|move|p2a: Gyarados|Waterfall|p1a: Farigiraf\n|-damage|p1a: Farigiraf|0 fnt\n|faint|p1a: Farigiraf\n|\n|-weather|RainDance|[upkeep]\n|upkeep\n|\n|t:|1776483947\n|switch|p1a: Aggron|Aggron-Mega, L50, F|46/100\n|turn|12\n|\n|t:|1776483956\n|switch|p2b: Garchomp|Garchomp, L50, M|100/100\n|move|p1b: Basculegion|Last Respects|p2b: Garchomp\n|-damage|p2b: Garchomp|40/100\n|move|p2a: Gyarados|Waterfall|p1a: Aggron\n|-damage|p1a: Aggron|20/100\n|move|p1a: Aggron|Iron Defense|p1a: Aggron\n|-boost|p1a: Aggron|def|2\n|\n|-weather|none\n|upkeep\n|turn|13\n|inactive|kkkskkk has 30 seconds left.\n|\n|t:|1776483983\n|move|p2b: Garchomp|Rock Slide|p1a: Aggron|[spread] p1b\n|-miss|p2b: Garchomp|p1a: Aggron\n|-damage|p1b: Basculegion|30/100 par\n|cant|p1b: Basculegion|flinch\n|move|p2a: Gyarados|Waterfall|p1a: Aggron\n|-damage|p1a: Aggron|11/100\n|cant|p1a: Aggron|flinch\n|\n|upkeep\n|turn|14\n|\n|t:|1776484001\n|move|p2b: Garchomp|Rock Slide|p1b: Basculegion|[spread] p1a,p1b\n|-resisted|p1a: Aggron|1\n|-damage|p1a: Aggron|8/100\n|-damage|p1b: Basculegion|4/100 par\n|move|p1b: Basculegion|Last Respects|p2b: Garchomp\n|-damage|p2b: Garchomp|0 fnt\n|faint|p2b: Garchomp\n|move|p2a: Gyarados|Waterfall|p1a: Aggron\n|-damage|p1a: Aggron|0 fnt\n|faint|p1a: Aggron\n|\n|upkeep\n|\n|t:|1776484011\n|switch|p2b: Rotom|Rotom-Wash, L50|48/100\n|switch|p1a: Pelipper|Pelipper, L50, M|24/100 par\n|-weather|RainDance|[from] ability: Drizzle|[of] p1a: Pelipper\n|turn|15\n|\n|t:|1776484025\n|move|p2b: Rotom|Protect|p2b: Rotom\n|-singleturn|p2b: Rotom|Protect\n|move|p1b: Basculegion|Last Respects|p2b: Rotom\n|-activate|p2b: Rotom|move: Protect\n|move|p2a: Gyarados|Waterfall|p1b: Basculegion\n|-resisted|p1b: Basculegion|1\n|-damage|p1b: Basculegion|0 fnt\n|faint|p1b: Basculegion\n|cant|p1a: Pelipper|par\n|\n|-weather|RainDance|[upkeep]\n|upkeep\n|turn|16\n|-message|kkkskkk forfeited.\n|\n|win|N4nD1tt0\n|raw|kkkskkk's rating: 1156 &rarr; <strong>1135</strong><br />(-21 for losing)\n|raw|N4nD1tt0's rating: 1209 &rarr; <strong>1230</strong><br />(+21 for winning)\n|l|\u2606kkkskkk\n|player|p1|\n",
  "uploadtime": 1776484041,
  "views": 26,
  "formatid": "gen9championsvgc2026regma",
  "rating": 1135,
  "private": 0,
  "password": null
}