{
  "id": "gen9championsvgc2026regma-2585204817",
  "format": "[Gen 9 Champions] VGC 2026 Reg M-A",
  "players": [
    "ARAIV4",
    "tzy hvhv"
  ],
  "log": "|j|\u2606ARAIV4\n|j|\u2606tzy hvhv\n|t:|1776324725\n|gametype|doubles\n|player|p1|ARAIV4|2|1000\n|player|p2|tzy hvhv|265|1000\n|gen|9\n|tier|[Gen 9 Champions] VGC 2026 Reg M-A\n|rated|\n|rule|Species Clause: Limit one of each Pok\u00e9mon\n|rule|Item Clause: Limit 1 of each item\n|clearpoke\n|poke|p1|Garchomp, L50, F|\n|poke|p1|Aerodactyl, L50, F|\n|poke|p1|Venusaur, L50, F|\n|poke|p1|Torkoal, L50, F|\n|poke|p1|Kingambit, L50, F|\n|poke|p1|Basculegion-F, L50, F|\n|poke|p2|Meganium, L50, F|\n|poke|p2|Archaludon, L50, F|\n|poke|p2|Pelipper, L50, M|\n|poke|p2|Basculegion, L50, M|\n|poke|p2|Sneasler, L50, F|\n|poke|p2|Incineroar, L50, F|\n|teampreview|4\n|inactive|Battle timer is ON: inactive players will automatically lose when time's up. (requested by tzy hvhv)\n|inactive|ARAIV4 has 60 seconds left.\n|\n|t:|1776324778\n|teamsize|p1|4\n|teamsize|p2|4\n|start\n|switch|p1a: Torkoal|Torkoal, L50, F|100/100\n|switch|p1b: Venusaur|Venusaur, L50, F|100/100\n|switch|p2a: Archaludon|Archaludon, L50, F|100/100\n|switch|p2b: Basculegion|Basculegion, L50, M|100/100\n|-weather|SunnyDay|[from] ability: Drought|[of] p1a: Torkoal\n|turn|1\n|inactive|ARAIV4 has 30 seconds left.\n|inactive|tzy hvhv has 30 seconds left.\n|inactive|tzy hvhv has 20 seconds left.\n|\n|t:|1776324813\n|switch|p2b: Pelipper|Pelipper, L50, M|100/100\n|-weather|RainDance|[from] ability: Drizzle|[of] p2b: Pelipper\n|detailschange|p1b: Venusaur|Venusaur-Mega, L50, F\n|-mega|p1b: Venusaur|Venusaur|Venusaurite\n|move|p1b: Venusaur|Energy Ball|p2b: Pelipper\n|-damage|p2b: Pelipper|32/100\n|move|p2a: Archaludon|Draco Meteor|p1b: Venusaur\n|-crit|p1b: Venusaur\n|-damage|p1b: Venusaur|4/100\n|-unboost|p2a: Archaludon|spa|2\n|move|p1a: Torkoal|Earth Power|p2a: Archaludon\n|-supereffective|p2a: Archaludon|1\n|-damage|p2a: Archaludon|33/100\n|-ability|p2a: Archaludon|Stamina|boost\n|-boost|p2a: Archaludon|def|1\n|\n|-weather|RainDance|[upkeep]\n|-heal|p2a: Archaludon|40/100|[from] item: Leftovers\n|upkeep\n|turn|2\n|inactive|ARAIV4 has 30 seconds left.\n|inactive|tzy hvhv has 30 seconds left.\n|inactive|ARAIV4 has 20 seconds left.\n|inactive|tzy hvhv has 20 seconds left.\n|\n|t:|1776324856\n|switch|p1b: Garchomp|Garchomp, L50, F|100/100\n|move|p2b: Pelipper|U-turn|p1b: Garchomp\n|-damage|p1b: Garchomp|93/100\n|-damage|p2b: Pelipper|20/100|[from] ability: Rough Skin|[of] p1b: Garchomp\n|\n|t:|1776324862\n|switch|p2b: Basculegion|Basculegion, L50, M|100/100|[from] U-turn\n|move|p2a: Archaludon|Electro Shot||[still]\n|-prepare|p2a: Archaludon|Electro Shot\n|-boost|p2a: Archaludon|spa|1\n|-anim|p2a: Archaludon|Electro Shot|p1a: Torkoal\n|-damage|p1a: Torkoal|54/100\n|move|p1a: Torkoal|Earth Power|p2a: Archaludon\n|-supereffective|p2a: Archaludon|1\n|-damage|p2a: Archaludon|0 fnt\n|faint|p2a: Archaludon\n|\n|-weather|RainDance|[upkeep]\n|upkeep\n|\n|t:|1776324877\n|switch|p2a: Sneasler|Sneasler, L50, F|100/100\n|turn|3\n|inactive|ARAIV4 has 30 seconds left.\n|\n|t:|1776324903\n|move|p1b: Garchomp|Protect|p1b: Garchomp\n|-singleturn|p1b: Garchomp|Protect\n|move|p2a: Sneasler|Fake Out|p1b: Garchomp\n|-activate|p1b: Garchomp|move: Protect\n|move|p2b: Basculegion|Flip Turn|p1a: Torkoal\n|-supereffective|p1a: Torkoal|1\n|-damage|p1a: Torkoal|0 fnt\n|faint|p1a: Torkoal\n|\n|t:|1776324913\n|switch|p2b: Pelipper|Pelipper, L50, M|20/100|[from] Flip Turn\n|\n|-weather|RainDance|[upkeep]\n|upkeep\n|\n|t:|1776324920\n|switch|p1a: Aerodactyl|Aerodactyl, L50, F|100/100\n|-ability|p1a: Aerodactyl|Unnerve\n|turn|4\n|\n|t:|1776324938\n|move|p2b: Pelipper|Wide Guard|p2b: Pelipper\n|-singleturn|p2b: Pelipper|Wide Guard\n|move|p1a: Aerodactyl|Tailwind|p1a: Aerodactyl\n|-sidestart|p1: ARAIV4|move: Tailwind\n|move|p1b: Garchomp|Rock Slide|p2b: Pelipper|[spread] \n|-activate|p2a: Sneasler|move: Wide Guard\n|-activate|p2b: Pelipper|move: Wide Guard\n|move|p2a: Sneasler|Close Combat|p1b: Garchomp\n|-damage|p1b: Garchomp|45/100\n|-unboost|p2a: Sneasler|def|1\n|-unboost|p2a: Sneasler|spd|1\n|-damage|p2a: Sneasler|88/100|[from] ability: Rough Skin|[of] p1b: Garchomp\n|-enditem|p2a: Sneasler|White Herb\n|-clearnegativeboost|p2a: Sneasler|[silent]\n|\n|-weather|RainDance|[upkeep]\n|upkeep\n|turn|5\n|inactive|ARAIV4 has 30 seconds left.\n|inactive|tzy hvhv has 30 seconds left.\n|inactive|ARAIV4 has 20 seconds left.\n|inactive|ARAIV4 has 15 seconds left.\n|\n|t:|1776324981\n|move|p2b: Pelipper|Wide Guard|p2b: Pelipper\n|-singleturn|p2b: Pelipper|Wide Guard\n|move|p1a: Aerodactyl|Dual Wingbeat|p2a: Sneasler\n|-supereffective|p2a: Sneasler|1\n|-damage|p2a: Sneasler|30/100\n|-supereffective|p2a: Sneasler|1\n|-damage|p2a: Sneasler|0 fnt\n|faint|p2a: Sneasler\n|-hitcount|p2: Sneasler|2\n|move|p1b: Garchomp|Dragon Claw|p2b: Pelipper\n|-damage|p2b: Pelipper|0 fnt\n|faint|p2b: Pelipper\n|\n|-weather|none\n|upkeep\n|-message|tzy hvhv forfeited.\n|\n|win|ARAIV4\n|raw|ARAIV4's rating: 1000 &rarr; <strong>1040</strong><br />(+40 for winning)\n|raw|tzy hvhv's rating: 1000 &rarr; <strong>1000</strong><br />(+0 for losing)\n|l|\u2606tzy hvhv\n|player|p2|\n",
  "uploadtime": 1776325023,
  "views": 24,
  "formatid": "gen9championsvgc2026regma",
  "rating": 1000,
  "private": 0,
  "password": null
}