{
  "id": "gen9championsvgc2026regma-2589528600",
  "format": "[Gen 9 Champions] VGC 2026 Reg M-A",
  "players": [
    "jalo3705",
    "vgcdogboy"
  ],
  "log": "|j|\u2606jalo3705\n|j|\u2606vgcdogboy\n|t:|1776731226\n|gametype|doubles\n|player|p1|jalo3705|bugcatcher-gen4dp|1104\n|player|p2|vgcdogboy|170|1046\n|gen|9\n|tier|[Gen 9 Champions] VGC 2026 Reg M-A\n|rated|\n|rule|Species Clause: Limit one of each Pok\u00e9mon\n|rule|Item Clause: Limit 1 of each item\n|clearpoke\n|poke|p1|Gengar, L50, M|\n|poke|p1|Incineroar, L50, F|\n|poke|p1|Aerodactyl, L50, F|\n|poke|p1|Lucario, L50, M|\n|poke|p1|Garchomp, L50, F|\n|poke|p1|Farigiraf, L50, F|\n|poke|p2|Charizard, L50, M|\n|poke|p2|Venusaur, L50, F|\n|poke|p2|Dragapult, L50, F|\n|poke|p2|Milotic, L50, M|\n|poke|p2|Rotom-Wash, L50|\n|poke|p2|Aerodactyl, L50, F|\n|teampreview|4\n|inactive|Battle timer is ON: inactive players will automatically lose when time's up. (requested by jalo3705)\n|\n|t:|1776731253\n|teamsize|p1|4\n|teamsize|p2|4\n|start\n|switch|p1a: Incineroar|Incineroar, L50, F|100/100\n|switch|p1b: Lucario|Lucario, L50, M|100/100\n|switch|p2a: Venusaur|Venusaur, L50, F|100/100\n|switch|p2b: Milotic|Milotic, L50, M|100/100\n|-ability|p1a: Incineroar|Intimidate|boost\n|-unboost|p2a: Venusaur|atk|1\n|-unboost|p2b: Milotic|atk|1\n|-ability|p2b: Milotic|Competitive|boost\n|-boost|p2b: Milotic|spa|2\n|turn|1\n|inactive|jalo3705 has 30 seconds left.\n|\n|t:|1776731281\n|switch|p1b: Aerodactyl|Aerodactyl, L50, F|100/100\n|detailschange|p2a: Venusaur|Venusaur-Mega, L50, F\n|-mega|p2a: Venusaur|Venusaur|Venusaurite\n|move|p2b: Milotic|Protect|p2b: Milotic\n|-singleturn|p2b: Milotic|Protect\n|move|p1a: Incineroar|Fake Out|p2b: Milotic\n|-activate|p2b: Milotic|move: Protect\n|move|p2a: Venusaur|Leech Seed|p1b: Aerodactyl\n|-start|p1b: Aerodactyl|move: Leech Seed\n|\n|-damage|p1b: Aerodactyl|88/100|[from] Leech Seed|[of] p2a: Venusaur\n|upkeep\n|turn|2\n|\n|t:|1776731299\n|move|p1b: Aerodactyl|Dual Wingbeat|p2b: Milotic\n|-damage|p2b: Milotic|82/100\n|-damage|p2b: Milotic|66/100\n|-hitcount|p2b: Milotic|2\n|move|p2a: Venusaur|Giga Drain|p1b: Aerodactyl\n|-damage|p1b: Aerodactyl|46/100\n|move|p2b: Milotic|Scald|p1a: Incineroar\n|-supereffective|p1a: Incineroar|1\n|-damage|p1a: Incineroar|4/100\n|-enditem|p1a: Incineroar|Sitrus Berry|[eat]\n|-heal|p1a: Incineroar|29/100|[from] item: Sitrus Berry\n|move|p1a: Incineroar|Parting Shot|p2a: Venusaur\n|-unboost|p2a: Venusaur|atk|1\n|-unboost|p2a: Venusaur|spa|1\n|\n|t:|1776731310\n|switch|p1a: Garchomp|Garchomp, L50, F|100/100|[from] Parting Shot\n|\n|-heal|p2b: Milotic|72/100|[from] item: Leftovers\n|-damage|p1b: Aerodactyl|34/100|[from] Leech Seed|[of] p2a: Venusaur\n|upkeep\n|turn|3\n|\n|t:|1776731323\n|move|p1b: Aerodactyl|Dual Wingbeat|p2a: Venusaur\n|-supereffective|p2a: Venusaur|1\n|-damage|p2a: Venusaur|77/100\n|-supereffective|p2a: Venusaur|1\n|-damage|p2a: Venusaur|50/100\n|-hitcount|p2a: Venusaur|2\n|move|p1a: Garchomp|Earthquake|p2a: Venusaur|[spread] p2a,p2b\n|-immune|p1b: Aerodactyl\n|-damage|p2a: Venusaur|18/100\n|-damage|p2b: Milotic|28/100\n|move|p2a: Venusaur|Leech Seed|p1a: Garchomp\n|-start|p1a: Garchomp|move: Leech Seed\n|move|p2b: Milotic|Icy Wind|p1b: Aerodactyl|[spread] p1a,p1b\n|-supereffective|p1a: Garchomp|2\n|-supereffective|p1b: Aerodactyl|1\n|-damage|p1a: Garchomp|0 fnt\n|-damage|p1b: Aerodactyl|0 fnt\n|faint|p1a: Garchomp\n|faint|p1b: Aerodactyl\n|\n|-heal|p2b: Milotic|34/100|[from] item: Leftovers\n|upkeep\n|\n|t:|1776731334\n|switch|p1b: Incineroar|Incineroar, L50, F|29/100\n|switch|p1a: Lucario|Lucario, L50, M|100/100\n|-ability|p1b: Incineroar|Intimidate|boost\n|-unboost|p2a: Venusaur|atk|1\n|-unboost|p2b: Milotic|atk|1\n|-ability|p2b: Milotic|Competitive|boost\n|-boost|p2b: Milotic|spa|2\n|turn|4\n|\n|t:|1776731348\n|detailschange|p1a: Lucario|Lucario-Mega, L50, M\n|-mega|p1a: Lucario|Lucario|Lucarionite\n|move|p2b: Milotic|Protect|p2b: Milotic\n|-singleturn|p2b: Milotic|Protect\n|move|p1b: Incineroar|Fake Out|p2b: Milotic\n|-activate|p2b: Milotic|move: Protect\n|move|p1a: Lucario|Rock Slide|p2b: Milotic|[spread] p2a\n|-activate|p2b: Milotic|move: Protect\n|-damage|p2a: Venusaur|4/100\n|move|p2a: Venusaur|Leech Seed|p1a: Lucario\n|-start|p1a: Lucario|move: Leech Seed\n|\n|-heal|p2b: Milotic|40/100|[from] item: Leftovers\n|-damage|p1a: Lucario|88/100|[from] Leech Seed|[of] p2a: Venusaur\n|-heal|p2a: Venusaur|14/100|[silent]\n|upkeep\n|turn|5\n|\n|t:|1776731355\n|move|p2a: Venusaur|Protect|p2a: Venusaur\n|-singleturn|p2a: Venusaur|Protect\n|move|p1a: Lucario|Rock Slide|p2b: Milotic|[spread] p2b\n|-activate|p2a: Venusaur|move: Protect\n|-crit|p2b: Milotic\n|-damage|p2b: Milotic|15/100\n|move|p2b: Milotic|Recover|p2b: Milotic\n|-heal|p2b: Milotic|65/100\n|move|p1b: Incineroar|Flare Blitz|p2b: Milotic\n|-resisted|p2b: Milotic|1\n|-damage|p2b: Milotic|45/100\n|-damage|p1b: Incineroar|23/100|[from] Recoil\n|\n|-heal|p2b: Milotic|51/100|[from] item: Leftovers\n|-damage|p1a: Lucario|76/100|[from] Leech Seed|[of] p2a: Venusaur\n|-heal|p2a: Venusaur|23/100|[silent]\n|upkeep\n|turn|6\n|\n|t:|1776731365\n|move|p1a: Lucario|Rock Slide|p2a: Venusaur|[spread] p2a,p2b\n|-damage|p2a: Venusaur|12/100\n|-damage|p2b: Milotic|35/100\n|move|p2a: Venusaur|Sludge Bomb|p1b: Incineroar\n|-damage|p1b: Incineroar|6/100\n|move|p2b: Milotic|Scald|p1a: Lucario\n|-damage|p1a: Lucario|0 fnt\n|faint|p1a: Lucario\n|move|p1b: Incineroar|Flare Blitz|p2b: Milotic\n|-resisted|p2b: Milotic|1\n|-crit|p2b: Milotic\n|-damage|p2b: Milotic|3/100\n|-damage|p1b: Incineroar|0 fnt|[from] Recoil\n|faint|p1b: Incineroar\n|\n|win|vgcdogboy\n|raw|jalo3705's rating: 1104 &rarr; <strong>1075</strong><br />(-29 for losing)\n|raw|vgcdogboy's rating: 1046 &rarr; <strong>1085</strong><br />(+39 for winning)\n|l|\u2606jalo3705\n|player|p1|\n",
  "uploadtime": 1776731380,
  "views": 3,
  "formatid": "gen9championsvgc2026regma",
  "rating": 1075,
  "private": 0,
  "password": null
}