{
  "id": "gen9championsvgc2026regma-2588232516",
  "format": "[Gen 9 Champions] VGC 2026 Reg M-A",
  "players": [
    "Xalvadore",
    "WeAreGrubbin"
  ],
  "log": "|j|\u2606Xalvadore\n|j|\u2606WeAreGrubbin\n|t:|1776616571\n|gametype|doubles\n|player|p1|Xalvadore|2|1169\n|player|p2|WeAreGrubbin|265|1153\n|gen|9\n|tier|[Gen 9 Champions] VGC 2026 Reg M-A\n|rated|\n|rule|Species Clause: Limit one of each Pok\u00e9mon\n|rule|Item Clause: Limit 1 of each item\n|clearpoke\n|poke|p1|Meganium, L50, M|\n|poke|p1|Incineroar, L50, M|\n|poke|p1|Krookodile, L50, F|\n|poke|p1|Primarina, L50, M|\n|poke|p1|Aerodactyl, L50, M|\n|poke|p1|Scizor, L50, M|\n|poke|p2|Garchomp, L50, M|\n|poke|p2|Aerodactyl, L50, F|\n|poke|p2|Froslass, L50, F|\n|poke|p2|Sneasler, L50, F|\n|poke|p2|Basculegion, L50, M|\n|poke|p2|Kingambit, L50, F|\n|teampreview|4\n|inactive|Battle timer is ON: inactive players will automatically lose when time's up. (requested by WeAreGrubbin)\n|inactive|WeAreGrubbin has 60 seconds left.\n|\n|t:|1776616615\n|teamsize|p1|4\n|teamsize|p2|4\n|start\n|switch|p1a: Incineroar|Incineroar, L50, M|100/100\n|switch|p1b: Primarina|Primarina, L50, M|100/100\n|switch|p2a: Kingambit|Kingambit, L50, F|100/100\n|switch|p2b: Froslass|Froslass, L50, F|100/100\n|-ability|p1a: Incineroar|Intimidate|boost\n|-unboost|p2a: Kingambit|atk|1\n|-ability|p2a: Kingambit|Defiant|boost\n|-boost|p2a: Kingambit|atk|2\n|-unboost|p2b: Froslass|atk|1\n|turn|1\n|inactive|Xalvadore has 30 seconds left.\n|inactive|WeAreGrubbin has 30 seconds left.\n|inactive|Xalvadore has 20 seconds left.\n|inactive|Xalvadore has 15 seconds left.\n|\n|t:|1776616658\n|move|p2b: Froslass|Protect|p2b: Froslass\n|-singleturn|p2b: Froslass|Protect\n|move|p1b: Primarina|Hydro Pump|p2a: Kingambit|[miss]\n|-miss|p1b: Primarina|p2a: Kingambit\n|move|p1a: Incineroar|Flare Blitz|p2b: Froslass\n|-activate|p2b: Froslass|move: Protect\n|move|p2a: Kingambit|Low Kick|p1a: Incineroar\n|-supereffective|p1a: Incineroar|1\n|-damage|p1a: Incineroar|21/100\n|-enditem|p1a: Incineroar|Sitrus Berry|[eat]\n|-heal|p1a: Incineroar|46/100|[from] item: Sitrus Berry\n|\n|upkeep\n|turn|2\n|inactive|WeAreGrubbin has 30 seconds left.\n|\n|t:|1776616684\n|detailschange|p2b: Froslass|Froslass-Mega, L50, F\n|-mega|p2b: Froslass|Froslass|Froslassite\n|-weather|Snowscape|[from] ability: Snow Warning|[of] p2b: Froslass\n|move|p2b: Froslass|Substitute|p2b: Froslass\n|-start|p2b: Froslass|Substitute\n|-damage|p2b: Froslass|76/100\n|move|p1b: Primarina|Hydro Pump|p2a: Kingambit\n|-damage|p2a: Kingambit|31/100\n|move|p1a: Incineroar|Flare Blitz|p2b: Froslass\n|-supereffective|p2b: Froslass|1\n|-end|p2b: Froslass|Substitute\n|-damage|p1a: Incineroar|39/100|[from] Recoil|[of] p2b: Froslass\n|move|p2a: Kingambit|Low Kick|p1a: Incineroar\n|-supereffective|p1a: Incineroar|1\n|-damage|p1a: Incineroar|0 fnt\n|faint|p1a: Incineroar\n|\n|-weather|Snowscape|[upkeep]\n|upkeep\n|\n|t:|1776616697\n|switch|p1a: Scizor|Scizor, L50, M|100/100\n|turn|3\n|\n|t:|1776616706\n|switch|p2a: Sneasler|Sneasler, L50, F|100/100\n|move|p2b: Froslass|Protect|p2b: Froslass\n|-singleturn|p2b: Froslass|Protect\n|move|p1a: Scizor|Bullet Punch|p2b: Froslass\n|-activate|p2b: Froslass|move: Protect\n|move|p1b: Primarina|Hydro Pump|p2a: Sneasler\n|-damage|p2a: Sneasler|8/100\n|\n|-weather|Snowscape|[upkeep]\n|upkeep\n|turn|4\n|\n|t:|1776616728\n|switch|p2b: Kingambit|Kingambit, L50, F|31/100\n|move|p1a: Scizor|Bullet Punch|p2a: Sneasler\n|-damage|p2a: Sneasler|0 fnt\n|faint|p2a: Sneasler\n|move|p1b: Primarina|Hydro Pump|p2b: Kingambit\n|-damage|p2b: Kingambit|0 fnt\n|faint|p2b: Kingambit\n|\n|-weather|Snowscape|[upkeep]\n|upkeep\n|\n|t:|1776616737\n|switch|p2a: Basculegion|Basculegion, L50, M|100/100\n|switch|p2b: Froslass|Froslass-Mega, L50, F|76/100\n|turn|5\n|\n|t:|1776616755\n|move|p1a: Scizor|Bullet Punch|p2b: Froslass\n|-supereffective|p2b: Froslass|1\n|-damage|p2b: Froslass|13/100\n|move|p2a: Basculegion|Last Respects|p1a: Scizor\n|-damage|p1a: Scizor|4/100\n|move|p2b: Froslass|Blizzard|p1a: Scizor|[spread] p1a,p1b\n|-resisted|p1a: Scizor|1\n|-resisted|p1b: Primarina|1\n|-damage|p1a: Scizor|0 fnt\n|-damage|p1b: Primarina|85/100\n|faint|p1a: Scizor\n|move|p1b: Primarina|Moonblast|p2a: Basculegion\n|-damage|p2a: Basculegion|43/100\n|\n|-weather|Snowscape|[upkeep]\n|upkeep\n|\n|t:|1776616769\n|switch|p1a: Meganium|Meganium, L50, M|100/100\n|turn|6\n|\n|t:|1776616779\n|detailschange|p1a: Meganium|Meganium-Mega, L50, M\n|-mega|p1a: Meganium|Meganium|Meganiumite\n|move|p2a: Basculegion|Last Respects|p1b: Primarina\n|-damage|p1b: Primarina|0 fnt\n|faint|p1b: Primarina\n|move|p2b: Froslass|Blizzard|p1a: Meganium\n|-supereffective|p1a: Meganium|1\n|-damage|p1a: Meganium|7/100\n|move|p1a: Meganium|Synthesis|p1a: Meganium\n|-heal|p1a: Meganium|74/100\n|\n|-weather|none\n|upkeep\n|turn|7\n|\n|t:|1776616791\n|move|p2a: Basculegion|Last Respects|p1a: Meganium\n|-damage|p1a: Meganium|0 fnt\n|faint|p1a: Meganium\n|\n|win|WeAreGrubbin\n|raw|Xalvadore's rating: 1169 &rarr; <strong>1143</strong><br />(-26 for losing)\n|raw|WeAreGrubbin's rating: 1153 &rarr; <strong>1179</strong><br />(+26 for winning)\n|c|\u2606Xalvadore|gg\n",
  "uploadtime": 1776616796,
  "views": 9,
  "formatid": "gen9championsvgc2026regma",
  "rating": 1143,
  "private": 0,
  "password": null
}