{
  "id": "gen9championsvgc2026regma-2580735963",
  "format": "[Gen 9 Champions] VGC 2026 Reg M-A",
  "players": [
    "Bup_Ladder",
    "Godspeed06"
  ],
  "log": "|j|\u2606Bup_Ladder\n|j|\u2606Godspeed06\n|t:|1775928255\n|gametype|doubles\n|player|p1|Bup_Ladder|265|1000\n|player|p2|Godspeed06|rocketgruntf|1045\n|gen|9\n|tier|[Gen 9 Champions] VGC 2026 Reg M-A\n|rated|\n|rule|Species Clause: Limit one of each Pok\u00e9mon\n|rule|Item Clause: Limit 1 of each item\n|clearpoke\n|poke|p1|Gardevoir, L50, F|\n|poke|p1|Garchomp, L50, F|\n|poke|p1|Sinistcha, L50|\n|poke|p1|Aerodactyl, L50, F|\n|poke|p1|Rotom-Wash, L50|\n|poke|p1|Incineroar, L50, M|\n|poke|p2|Incineroar, L50, M|\n|poke|p2|Farigiraf, L50, F|\n|poke|p2|Golurk, L50|\n|poke|p2|Sneasler, L50, M|\n|poke|p2|Torkoal, L50, M|\n|poke|p2|Venusaur, L50, F|\n|teampreview|4\n|inactive|Battle timer is ON: inactive players will automatically lose when time's up. (requested by Godspeed06)\n|inactive|Bup_Ladder has 60 seconds left.\n|\n|t:|1775928299\n|teamsize|p1|4\n|teamsize|p2|4\n|start\n|switch|p1a: Incineroar|Incineroar, L50, M|100/100\n|switch|p1b: Aerodactyl|Aerodactyl, L50, F|100/100\n|switch|p2a: Torkoal|Torkoal, L50, M|100/100\n|switch|p2b: Venusaur|Venusaur, L50, F|100/100\n|-ability|p1a: Incineroar|Intimidate|boost\n|-unboost|p2a: Torkoal|atk|1\n|-unboost|p2b: Venusaur|atk|1\n|-weather|SunnyDay|[from] ability: Drought|[of] p2a: Torkoal\n|turn|1\n|\n|t:|1775928318\n|detailschange|p1b: Aerodactyl|Aerodactyl-Mega, L50, F\n|-mega|p1b: Aerodactyl|Aerodactyl|Aerodactylite\n|move|p2b: Venusaur|Protect|p2b: Venusaur\n|-singleturn|p2b: Venusaur|Protect\n|move|p2a: Torkoal|Protect|p2a: Torkoal\n|-singleturn|p2a: Torkoal|Protect\n|move|p1a: Incineroar|Fake Out|p2a: Torkoal\n|-activate|p2a: Torkoal|move: Protect\n|move|p1b: Aerodactyl|Dual Wingbeat|p2b: Venusaur\n|-activate|p2b: Venusaur|move: Protect\n|\n|-weather|SunnyDay|[upkeep]\n|upkeep\n|turn|2\n|\n|t:|1775928338\n|switch|p2a: Incineroar|Incineroar, L50, M|100/100\n|-ability|p2a: Incineroar|Intimidate|boost\n|-unboost|p1a: Incineroar|atk|1\n|-unboost|p1b: Aerodactyl|atk|1\n|move|p1b: Aerodactyl|Wide Guard|p1b: Aerodactyl\n|-singleturn|p1b: Aerodactyl|Wide Guard\n|move|p2b: Venusaur|Sleep Powder|p1b: Aerodactyl\n|-status|p1b: Aerodactyl|slp|[from] move: Sleep Powder\n|move|p1a: Incineroar|Flare Blitz|p2b: Venusaur\n|-supereffective|p2b: Venusaur|1\n|-enditem|p2b: Venusaur|Focus Sash\n|-damage|p2b: Venusaur|1/100\n|-damage|p1a: Incineroar|75/100|[from] Recoil\n|\n|-weather|SunnyDay|[upkeep]\n|upkeep\n|turn|3\n|inactive|Godspeed06 has 30 seconds left.\n|inactive|Godspeed06 has 20 seconds left.\n|\n|t:|1775928373\n|move|p2a: Incineroar|Fake Out|p1a: Incineroar\n|-damage|p1a: Incineroar|66/100\n|move|p2b: Venusaur|Sleep Powder|p1a: Incineroar\n|-status|p1a: Incineroar|slp|[from] move: Sleep Powder\n|cant|p1b: Aerodactyl|slp\n|cant|p1a: Incineroar|slp\n|\n|-weather|SunnyDay|[upkeep]\n|upkeep\n|turn|4\n|\n|t:|1775928393\n|switch|p2b: Sneasler|Sneasler, L50, M|100/100\n|cant|p1b: Aerodactyl|slp\n|move|p2a: Incineroar|Darkest Lariat|p1b: Aerodactyl\n|-damage|p1b: Aerodactyl|56/100 slp\n|-curestatus|p1a: Incineroar|slp|[msg]\n|move|p1a: Incineroar|Flare Blitz|p2b: Sneasler\n|-damage|p2b: Sneasler|15/100\n|-damage|p1a: Incineroar|43/100|[from] Recoil\n|-enditem|p1a: Incineroar|Sitrus Berry|[eat]\n|-heal|p1a: Incineroar|68/100|[from] item: Sitrus Berry\n|\n|-weather|SunnyDay|[upkeep]\n|upkeep\n|turn|5\n|inactive|Godspeed06 has 30 seconds left.\n|inactive|Godspeed06 has 20 seconds left.\n|inactive|Godspeed06 has 15 seconds left.\n|inactive|Godspeed06 has 10 seconds left.\n|\n|t:|1775928440\n|switch|p1b: Garchomp|Garchomp, L50, F|100/100\n|move|p2b: Sneasler|Fake Out|p1b: Garchomp\n|-damage|p1b: Garchomp|84/100\n|-damage|p2b: Sneasler|2/100|[from] ability: Rough Skin|[of] p1b: Garchomp\n|move|p2a: Incineroar|Parting Shot|p1a: Incineroar\n|-unboost|p1a: Incineroar|atk|1\n|-unboost|p1a: Incineroar|spa|1\n|\n|t:|1775928446\n|switch|p2a: Venusaur|Venusaur, L50, F|1/100|[from] Parting Shot\n|move|p1a: Incineroar|Parting Shot|p2a: Venusaur\n|-unboost|p2a: Venusaur|atk|1\n|-unboost|p2a: Venusaur|spa|1\n|\n|t:|1775928461\n|switch|p1a: Aerodactyl|Aerodactyl-Mega, L50, F|56/100 slp|[from] Parting Shot\n|\n|-weather|none\n|upkeep\n|turn|6\n|\n|t:|1775928469\n|switch|p2b: Torkoal|Torkoal, L50, M|100/100\n|-weather|SunnyDay|[from] ability: Drought|[of] p2b: Torkoal\n|move|p2a: Venusaur|Protect|p2a: Venusaur\n|-singleturn|p2a: Venusaur|Protect\n|move|p1b: Garchomp|Earthquake|p2a: Venusaur|[spread] p2b\n|-activate|p2a: Venusaur|move: Protect\n|-immune|p1a: Aerodactyl\n|-supereffective|p2b: Torkoal|1\n|-damage|p2b: Torkoal|45/100\n|-curestatus|p1a: Aerodactyl|slp|[msg]\n|move|p1a: Aerodactyl|Tailwind|p1a: Aerodactyl\n|-sidestart|p1: Bup_Ladder|move: Tailwind\n|\n|-weather|SunnyDay|[upkeep]\n|upkeep\n|turn|7\n|\n|t:|1775928491\n|move|p1b: Garchomp|Earthquake|p2b: Torkoal|[spread] p2a,p2b\n|-immune|p1a: Aerodactyl\n|-supereffective|p2b: Torkoal|1\n|-crit|p2b: Torkoal\n|-damage|p2a: Venusaur|0 fnt\n|-damage|p2b: Torkoal|0 fnt\n|faint|p2a: Venusaur\n|faint|p2b: Torkoal\n|move|p1a: Aerodactyl|Rock Slide|p2: Venusaur|[notarget]\n|-fail|p1a: Aerodactyl\n|\n|-weather|SunnyDay|[upkeep]\n|upkeep\n|\n|t:|1775928495\n|switch|p2a: Incineroar|Incineroar, L50, M|100/100\n|switch|p2b: Sneasler|Sneasler, L50, M|2/100\n|-ability|p2a: Incineroar|Intimidate|boost\n|-unboost|p1a: Aerodactyl|atk|1\n|-unboost|p1b: Garchomp|atk|1\n|turn|8\n|inactive|Bup_Ladder has 30 seconds left.\n|\n|t:|1775928525\n|move|p2a: Incineroar|Fake Out|p1b: Garchomp\n|-damage|p1b: Garchomp|70/100\n|-damage|p2a: Incineroar|88/100|[from] ability: Rough Skin|[of] p1b: Garchomp\n|cant|p1b: Garchomp|flinch\n|move|p1a: Aerodactyl|Rock Slide|p2a: Incineroar|[spread] p2b\n|-miss|p1a: Aerodactyl|p2a: Incineroar\n|-resisted|p2b: Sneasler|1\n|-damage|p2b: Sneasler|0 fnt\n|faint|p2b: Sneasler\n|\n|-weather|SunnyDay|[upkeep]\n|upkeep\n|turn|9\n|-message|Godspeed06 forfeited.\n|\n|win|Bup_Ladder\n|raw|Bup_Ladder's rating: 1000 &rarr; <strong>1045</strong><br />(+45 for winning)\n|raw|Godspeed06's rating: 1045 &rarr; <strong>1026</strong><br />(-19 for losing)\n|l|\u2606Godspeed06\n|player|p2|\n",
  "uploadtime": 1775928540,
  "views": 30,
  "formatid": "gen9championsvgc2026regma",
  "rating": 1026,
  "private": 0,
  "password": null
}