{
  "id": "gen9championsvgc2026regma-2588626646",
  "format": "[Gen 9 Champions] VGC 2026 Reg M-A",
  "players": [
    "alolanvulpix147",
    "ultrashxt"
  ],
  "log": "|j|\u2606alolanvulpix147\n|j|\u2606ultrashxt\n|t:|1776651460\n|gametype|doubles\n|player|p1|alolanvulpix147|265|1302\n|player|p2|ultrashxt|sabrina|1341\n|gen|9\n|tier|[Gen 9 Champions] VGC 2026 Reg M-A\n|rated|\n|rule|Species Clause: Limit one of each Pok\u00e9mon\n|rule|Item Clause: Limit 1 of each item\n|clearpoke\n|poke|p1|Sneasler, L50, F|\n|poke|p1|Archaludon, L50, M|\n|poke|p1|Sableye, L50, M|\n|poke|p1|Charizard, L50, F|\n|poke|p1|Basculegion, L50, M|\n|poke|p1|Aegislash, L50, F|\n|poke|p2|Aggron, L50, F|\n|poke|p2|Pelipper, L50, M|\n|poke|p2|Sinistcha, L50|\n|poke|p2|Garchomp, L50, M|\n|poke|p2|Delphox, L50, F|\n|poke|p2|Lucario, L50, F|\n|teampreview|4\n|\n|t:|1776651507\n|teamsize|p1|4\n|teamsize|p2|4\n|start\n|switch|p1a: Archaludon|Archaludon, L50, M|100/100\n|switch|p1b: Sableye|Sableye, L50, M|100/100\n|switch|p2a: Toilet|Pelipper, L50, M|100/100\n|switch|p2b: Jawsum Jr|Garchomp, L50, M|100/100\n|-weather|RainDance|[from] ability: Drizzle|[of] p2a: Toilet\n|turn|1\n|\n|t:|1776651540\n|move|p1a: Archaludon|Protect|p1a: Archaludon\n|-singleturn|p1a: Archaludon|Protect\n|move|p2b: Jawsum Jr|Earthquake|p1a: Archaludon|[spread] p1b\n|-activate|p1a: Archaludon|move: Protect\n|-immune|p2a: Toilet\n|-damage|p1b: Sableye|60/100\n|move|p2a: Toilet|Tailwind|p2a: Toilet\n|-sidestart|p2: ultrashxt|move: Tailwind\n|move|p1b: Sableye|Foul Play|p2b: Jawsum Jr\n|-damage|p2b: Jawsum Jr|50/100\n|-damage|p1b: Sableye|48/100|[from] ability: Rough Skin|[of] p2b: Jawsum Jr\n|-enditem|p1b: Sableye|Sitrus Berry|[eat]\n|-heal|p1b: Sableye|72/100|[from] item: Sitrus Berry\n|\n|-weather|RainDance|[upkeep]\n|upkeep\n|turn|2\n|\n|t:|1776651568\n|switch|p2a: Chai?|Sinistcha, L50|100/100\n|-heal|p2b: Jawsum Jr|75/100|[from] ability: Hospitality|[of] p2a: Chai?\n|move|p1b: Sableye|Disable|p2b: Jawsum Jr\n|-start|p2b: Jawsum Jr|Disable|Earthquake\n|cant|p2b: Jawsum Jr|Disable|Earthquake\n|move|p1a: Archaludon|Electro Shot||[still]\n|-prepare|p1a: Archaludon|Electro Shot\n|-boost|p1a: Archaludon|spa|1\n|-anim|p1a: Archaludon|Electro Shot|p2a: Chai?\n|-resisted|p2a: Chai?|1\n|-damage|p2a: Chai?|67/100\n|\n|-weather|RainDance|[upkeep]\n|-heal|p2a: Chai?|74/100|[from] item: Leftovers\n|upkeep\n|turn|3\n|\n|t:|1776651591\n|switch|p2b: Toilet|Pelipper, L50, M|100/100\n|move|p1b: Sableye|Encore||[still]\n|-fail|p1b: Sableye\n|move|p2a: Chai?|Matcha Gotcha|p1a: Archaludon|[spread] p1a,p1b\n|-resisted|p1a: Archaludon|2\n|-crit|p1b: Sableye\n|-damage|p1a: Archaludon|91/100\n|-heal|p2a: Chai?|79/100|[from] drain|[of] p1a: Archaludon\n|-damage|p1b: Sableye|11/100\n|-heal|p2a: Chai?|100/100|[from] drain|[of] p1b: Sableye\n|-status|p1b: Sableye|brn\n|-ability|p1a: Archaludon|Stamina|boost\n|-boost|p1a: Archaludon|def|1\n|move|p1a: Archaludon|Draco Meteor|p2b: Toilet|[miss]\n|-miss|p1a: Archaludon|p2b: Toilet\n|\n|-weather|RainDance|[upkeep]\n|-damage|p1b: Sableye|6/100 brn|[from] brn\n|upkeep\n|turn|4\n|\n|t:|1776651621\n|switch|p2b: Pink|Aggron, L50, F|100/100\n|move|p1b: Sableye|Disable|p2a: Chai?\n|-start|p2a: Chai?|Disable|Matcha Gotcha\n|move|p2a: Chai?|Shadow Ball|p1a: Archaludon\n|-damage|p1a: Archaludon|48/100\n|-unboost|p1a: Archaludon|spd|1\n|-ability|p1a: Archaludon|Stamina|boost\n|-boost|p1a: Archaludon|def|1\n|move|p1a: Archaludon|Draco Meteor|p2b: Pink\n|-resisted|p2b: Pink|1\n|-damage|p2b: Pink|36/100\n|-unboost|p1a: Archaludon|spa|2\n|\n|-weather|RainDance|[upkeep]\n|-damage|p1b: Sableye|0 fnt|[from] brn\n|faint|p1b: Sableye\n|-sideend|p2: ultrashxt|move: Tailwind\n|upkeep\n|\n|t:|1776651641\n|switch|p1b: Sneasler|Sneasler, L50, F|100/100\n|turn|5\n|\n|t:|1776651662\n|detailschange|p2b: Pink|Aggron-Mega, L50, F\n|-mega|p2b: Pink|Aggron|Aggronite\n|move|p1b: Sneasler|Dire Claw|p2a: Chai?\n|-damage|p2a: Chai?|62/100\n|move|p1a: Archaludon|Electro Shot||[still]\n|-prepare|p1a: Archaludon|Electro Shot\n|-boost|p1a: Archaludon|spa|1\n|-anim|p1a: Archaludon|Electro Shot|p2b: Pink\n|-damage|p2b: Pink|0 fnt\n|faint|p2b: Pink\n|move|p2a: Chai?|Trick Room|p2a: Chai?\n|-fieldstart|move: Trick Room|[of] p2a: Chai?\n|\n|-weather|none\n|-heal|p2a: Chai?|68/100|[from] item: Leftovers\n|upkeep\n|\n|t:|1776651671\n|switch|p2b: Toilet|Pelipper, L50, M|100/100\n|-weather|RainDance|[from] ability: Drizzle|[of] p2b: Toilet\n|turn|6\n|\n|t:|1776651689\n|switch|p1b: Aegislash|Aegislash, L50, F|100/100\n|move|p2a: Chai?|Shadow Ball|p1a: Archaludon\n|-damage|p1a: Archaludon|0 fnt\n|faint|p1a: Archaludon\n|move|p2b: Toilet|Hurricane|p1b: Aegislash\n|-resisted|p1b: Aegislash|1\n|-damage|p1b: Aegislash|79/100\n|\n|-weather|RainDance|[upkeep]\n|-heal|p2a: Chai?|74/100|[from] item: Leftovers\n|upkeep\n|\n|t:|1776651699\n|switch|p1a: Sneasler|Sneasler, L50, F|100/100\n|turn|7\n|\n|t:|1776651712\n|move|p1a: Sneasler|Fake Out|p2b: Toilet\n|-damage|p2b: Toilet|82/100\n|-formechange|p1b: Aegislash|Aegislash-Blade|\n|move|p1b: Aegislash|Shadow Sneak|p2a: Chai?\n|-supereffective|p2a: Chai?|1\n|-damage|p2a: Chai?|20/100\n|move|p2a: Chai?|Shadow Ball|p1b: Aegislash\n|-supereffective|p1b: Aegislash|1\n|-damage|p1b: Aegislash|0 fnt\n|faint|p1b: Aegislash\n|cant|p2b: Toilet|flinch\n|\n|-weather|RainDance|[upkeep]\n|-heal|p2a: Chai?|26/100|[from] item: Leftovers\n|-end|p2a: Chai?|Disable\n|upkeep\n|turn|8\n|\n|t:|1776651730\n|move|p2a: Chai?|Rage Powder|p2a: Chai?\n|-singleturn|p2a: Chai?|move: Rage Powder\n|move|p2b: Toilet|Hurricane|p1a: Sneasler\n|-supereffective|p1a: Sneasler|1\n|-damage|p1a: Sneasler|0 fnt\n|faint|p1a: Sneasler\n|\n|win|ultrashxt\n|raw|alolanvulpix147's rating: 1302 &rarr; <strong>1284</strong><br />(-18 for losing)\n|raw|ultrashxt's rating: 1341 &rarr; <strong>1359</strong><br />(+18 for winning)\n|l|\u2606ultrashxt\n|player|p2|\n|l|\u2606alolanvulpix147\n|player|p1|\n",
  "uploadtime": 1776651781,
  "views": 6,
  "formatid": "gen9championsvgc2026regma",
  "rating": 1284,
  "private": 0,
  "password": null
}