{
  "id": "gen9championsvgc2026regma-2581060230",
  "format": "[Gen 9 Champions] VGC 2026 Reg M-A",
  "players": [
    "Rakkune",
    "RadiantBlue4552"
  ],
  "log": "|j|\u2606Rakkune\n|j|\u203dRadiantBlue4552\n|t:|1775956093\n|gametype|doubles\n|player|p1|Rakkune|harlequin|1112\n|player|p2|RadiantBlue4552|266|1040\n|gen|9\n|tier|[Gen 9 Champions] VGC 2026 Reg M-A\n|rated|\n|rule|Species Clause: Limit one of each Pok\u00e9mon\n|rule|Item Clause: Limit 1 of each item\n|clearpoke\n|poke|p1|Arcanine, L50, M|\n|poke|p1|Rotom-Wash, L50|\n|poke|p1|Garchomp, L50, F|\n|poke|p1|Venusaur, L50, M|\n|poke|p1|Corviknight, L50, M|\n|poke|p1|Sneasler, L50, M|\n|poke|p2|Snorlax, L50, M|\n|poke|p2|Sableye, L50, F|\n|poke|p2|Farigiraf, L50, F|\n|poke|p2|Maushold-Four, L50|\n|poke|p2|Gengar, L50, F|\n|poke|p2|Pelipper, L50, M|\n|teampreview|4\n|inactive|Battle timer is ON: inactive players will automatically lose when time's up. (requested by RadiantBlue4552)\nRadiantBlue4552 rejected open team sheets.\n|\n|t:|1775956151\n|teamsize|p1|4\n|teamsize|p2|4\n|start\n|switch|p1a: Garchomp|Garchomp, L50, F|100/100\n|switch|p1b: Sneasler|Sneasler, L50, M|100/100\n|switch|p2a: Snorlax|Snorlax, L50, M|100/100\n|switch|p2b: Sableye|Sableye, L50, F|100/100\n|turn|1\n|inactive|Rakkune has 30 seconds left.\n|\n|t:|1775956184\n|move|p1b: Sneasler|Fake Out|p2a: Snorlax\n|-damage|p2a: Snorlax|91/100\n|move|p2b: Sableye|Fake Out|p1b: Sneasler\n|-damage|p1b: Sneasler|88/100\n|move|p1a: Garchomp|Dragon Claw|p2b: Sableye\n|-damage|p2b: Sableye|58/100\n|cant|p2a: Snorlax|flinch\n|\n|upkeep\n|turn|2\n|\n|t:|1775956200\n|move|p2b: Sableye|Will-O-Wisp|p1b: Sneasler\n|-status|p1b: Sneasler|brn\n|move|p1b: Sneasler|Close Combat|p2a: Snorlax\n|-supereffective|p2a: Snorlax|1\n|-damage|p2a: Snorlax|53/100\n|-unboost|p1b: Sneasler|def|1\n|-unboost|p1b: Sneasler|spd|1\n|move|p1a: Garchomp|Dragon Claw|p2b: Sableye\n|-damage|p2b: Sableye|8/100\n|-enditem|p2b: Sableye|Sitrus Berry|[eat]\n|-heal|p2b: Sableye|33/100|[from] item: Sitrus Berry\n|move|p2a: Snorlax|Curse|p2a: Snorlax\n|-unboost|p2a: Snorlax|spe|1\n|-boost|p2a: Snorlax|atk|1\n|-boost|p2a: Snorlax|def|1\n|\n|-damage|p1b: Sneasler|83/100 brn|[from] brn\n|upkeep\n|turn|3\n|inactive|RadiantBlue4552 has 30 seconds left.\n|\n|t:|1775956226\n|move|p1a: Garchomp|Protect|p1a: Garchomp\n|-singleturn|p1a: Garchomp|Protect\n|move|p2b: Sableye|Skill Swap|p2a: Snorlax\n|-activate|p2b: Sableye|Skill Swap|||[of] p2a: Snorlax\n|move|p2a: Snorlax|Curse|p2a: Snorlax\n|-unboost|p2a: Snorlax|spe|1\n|-boost|p2a: Snorlax|atk|1\n|-boost|p2a: Snorlax|def|1\n|move|p1b: Sneasler|Close Combat|p2a: Snorlax\n|-supereffective|p2a: Snorlax|1\n|-damage|p2a: Snorlax|33/100\n|-unboost|p1b: Sneasler|def|1\n|-unboost|p1b: Sneasler|spd|1\n|\n|-damage|p1b: Sneasler|77/100 brn|[from] brn\n|upkeep\n|turn|4\n|\n|t:|1775956247\n|move|p2a: Snorlax|Rest|p2a: Snorlax\n|-status|p2a: Snorlax|slp|[from] move: Rest\n|-enditem|p2a: Snorlax|Lum Berry|[eat]\n|-curestatus|p2a: Snorlax|slp|[msg]\n|-heal|p2a: Snorlax|100/100|[silent]\n|move|p1b: Sneasler|Close Combat|p2a: Snorlax\n|-supereffective|p2a: Snorlax|1\n|-damage|p2a: Snorlax|79/100\n|-unboost|p1b: Sneasler|def|1\n|-unboost|p1b: Sneasler|spd|1\n|move|p1a: Garchomp|Dragon Claw|p2a: Snorlax\n|-damage|p2a: Snorlax|66/100\n|move|p2b: Sableye|Will-O-Wisp|p1a: Garchomp\n|-status|p1a: Garchomp|brn\n|\n|-damage|p1b: Sneasler|71/100 brn|[from] brn\n|-damage|p1a: Garchomp|95/100 brn|[from] brn\n|upkeep\n|turn|5\n|inactive|RadiantBlue4552 has 30 seconds left.\n|inactive|Rakkune has 30 seconds left.\n|inactive|Rakkune has 20 seconds left.\n|\n|t:|1775956296\n|switch|p2b: Maushold|Maushold-Four, L50|100/100\n|move|p2a: Snorlax|Curse|p2a: Snorlax\n|-unboost|p2a: Snorlax|spe|1\n|-boost|p2a: Snorlax|atk|1\n|-boost|p2a: Snorlax|def|1\n|move|p1b: Sneasler|Close Combat|p2a: Snorlax\n|-supereffective|p2a: Snorlax|1\n|-damage|p2a: Snorlax|54/100\n|-unboost|p1b: Sneasler|def|1\n|-unboost|p1b: Sneasler|spd|1\n|move|p1a: Garchomp|Dragon Claw|p2a: Snorlax\n|-damage|p2a: Snorlax|50/100\n|\n|-damage|p1b: Sneasler|65/100 brn|[from] brn\n|-damage|p1a: Garchomp|89/100 brn|[from] brn\n|upkeep\n|turn|6\n|inactive|Rakkune has 30 seconds left.\n|inactive|Rakkune has 20 seconds left.\n|inactive|Rakkune has 15 seconds left.\n|inactive|Rakkune has 10 seconds left.\n|\n|t:|1775956343\n|move|p1a: Garchomp|Protect|p1a: Garchomp\n|-singleturn|p1a: Garchomp|Protect\n|move|p2b: Maushold|Protect|p2b: Maushold\n|-singleturn|p2b: Maushold|Protect\n|move|p2a: Snorlax|Curse|p2a: Snorlax\n|-unboost|p2a: Snorlax|spe|1\n|-boost|p2a: Snorlax|atk|1\n|-boost|p2a: Snorlax|def|1\n|move|p1b: Sneasler|Coaching|p1a: Garchomp\n|-boost|p1a: Garchomp|atk|1\n|-boost|p1a: Garchomp|def|1\n|\n|-damage|p1b: Sneasler|60/100 brn|[from] brn\n|-damage|p1a: Garchomp|83/100 brn|[from] brn\n|upkeep\n|turn|7\n|\n|t:|1775956363\n|move|p2b: Maushold|Follow Me|p2b: Maushold\n|-singleturn|p2b: Maushold|move: Follow Me\n|move|p2a: Snorlax|Curse|p2a: Snorlax\n|-unboost|p2a: Snorlax|spe|1\n|-boost|p2a: Snorlax|atk|1\n|-boost|p2a: Snorlax|def|1\n|move|p1b: Sneasler|Coaching|p1a: Garchomp\n|-boost|p1a: Garchomp|atk|1\n|-boost|p1a: Garchomp|def|1\n|move|p1a: Garchomp|Earthquake|p2b: Maushold|[spread] p1b,p2a,p2b\n|-supereffective|p1b: Sneasler|1\n|-damage|p1b: Sneasler|0 fnt\n|-damage|p2a: Snorlax|45/100\n|-damage|p2b: Maushold|64/100\n|faint|p1b: Sneasler\n|\n|-damage|p1a: Garchomp|77/100 brn|[from] brn\n|upkeep\n|\n|t:|1775956385\n|switch|p1b: Venusaur|Venusaur, L50, M|100/100\n|turn|8\n|\n|t:|1775956392\n|detailschange|p1b: Venusaur|Venusaur-Mega, L50, M\n|-mega|p1b: Venusaur|Venusaur|Venusaurite\n|move|p2b: Maushold|Protect|p2b: Maushold\n|-singleturn|p2b: Maushold|Protect\n|move|p1b: Venusaur|Protect|p1b: Venusaur\n|-singleturn|p1b: Venusaur|Protect\n|move|p2a: Snorlax|Amnesia|p2a: Snorlax\n|-boost|p2a: Snorlax|spd|2\n|move|p1a: Garchomp|Earthquake|p2b: Maushold|[spread] p2a\n|-activate|p1b: Venusaur|move: Protect\n|-activate|p2b: Maushold|move: Protect\n|-damage|p2a: Snorlax|41/100\n|\n|-damage|p1a: Garchomp|71/100 brn|[from] brn\n|upkeep\n|turn|9\n|inactive|RadiantBlue4552 has 30 seconds left.\n|\n|t:|1775956417\n|move|p2b: Maushold|Follow Me|p2b: Maushold\n|-singleturn|p2b: Maushold|move: Follow Me\n|move|p2a: Snorlax|Curse|p2a: Snorlax\n|-unboost|p2a: Snorlax|spe|1\n|-boost|p2a: Snorlax|atk|1\n|-boost|p2a: Snorlax|def|1\n|move|p1a: Garchomp|Dragon Claw|p2b: Maushold\n|-damage|p2b: Maushold|24/100\n|move|p1b: Venusaur|Sludge Bomb|p2b: Maushold\n|-damage|p2b: Maushold|0 fnt\n|faint|p2b: Maushold\n|\n|-damage|p1a: Garchomp|65/100 brn|[from] brn\n|upkeep\n|\n|t:|1775956431\n|switch|p2b: Sableye|Sableye, L50, F|33/100\n|turn|10\n|\n|t:|1775956442\n|move|p2b: Sableye|Fake Out|p1b: Venusaur\n|-damage|p1b: Venusaur|94/100\n|move|p2a: Snorlax|Amnesia|p2a: Snorlax\n|-boost|p2a: Snorlax|spd|2\n|move|p1a: Garchomp|Earthquake|p2b: Sableye|[spread] p1b,p2a,p2b\n|-damage|p1b: Venusaur|64/100\n|-damage|p2a: Snorlax|34/100\n|-damage|p2b: Sableye|0 fnt\n|faint|p2b: Sableye\n|cant|p1b: Venusaur|flinch\n|\n|-damage|p1a: Garchomp|60/100 brn|[from] brn\n|upkeep\n|\n|t:|1775956454\n|switch|p2b: Farigiraf|Farigiraf, L50, F|100/100\n|turn|11\n|\n|t:|1775956468\n|move|p2a: Snorlax|Rest|p2a: Snorlax\n|-status|p2a: Snorlax|slp|[from] move: Rest\n|-heal|p2a: Snorlax|100/100 slp|[silent]\n|move|p1a: Garchomp|Earthquake|p2a: Snorlax|[spread] p1b,p2a,p2b\n|-damage|p1b: Venusaur|35/100\n|-damage|p2a: Snorlax|94/100 slp\n|-damage|p2b: Farigiraf|62/100\n|move|p1b: Venusaur|Leech Seed|p2a: Snorlax\n|-start|p2a: Snorlax|move: Leech Seed\n|move|p2b: Farigiraf|Psych Up|p2a: Snorlax\n|-copyboost|p2b: Farigiraf|p2a: Snorlax|[from] move: Psych Up\n|\n|-heal|p2b: Farigiraf|68/100|[from] item: Leftovers\n|-damage|p2a: Snorlax|82/100 slp|[from] Leech Seed|[of] p1b: Venusaur\n|-heal|p1b: Venusaur|53/100|[silent]\n|-damage|p1a: Garchomp|54/100 brn|[from] brn\n|upkeep\n|turn|12\n|\n|t:|1775956491\n|cant|p2a: Snorlax|slp\n|move|p1a: Garchomp|Stone Edge|p2a: Snorlax\n|-damage|p2a: Snorlax|76/100 slp\n|move|p1b: Venusaur|Leech Seed|p2b: Farigiraf\n|-start|p2b: Farigiraf|move: Leech Seed\n|move|p2b: Farigiraf|Stored Power|p1a: Garchomp\n|-damage|p1a: Garchomp|0 fnt\n|faint|p1a: Garchomp\n|\n|-heal|p2b: Farigiraf|75/100|[from] item: Leftovers\n|-damage|p2b: Farigiraf|62/100|[from] Leech Seed|[of] p1b: Venusaur\n|-heal|p1b: Venusaur|68/100|[silent]\n|-damage|p2a: Snorlax|64/100 slp|[from] Leech Seed|[of] p1b: Venusaur\n|-heal|p1b: Venusaur|86/100|[silent]\n|upkeep\n|\n|t:|1775956500\n|switch|p1a: Arcanine|Arcanine, L50, M|100/100\n|-ability|p1a: Arcanine|Intimidate|boost\n|-unboost|p2a: Snorlax|atk|1\n|-unboost|p2b: Farigiraf|atk|1\n|turn|13\n|-message|Rakkune forfeited.\n|\n|win|RadiantBlue4552\n|raw|Rakkune's rating: 1112 &rarr; <strong>1082</strong><br />(-30 for losing)\n|raw|RadiantBlue4552's rating: 1040 &rarr; <strong>1081</strong><br />(+41 for winning)\n|l|\u2606Rakkune\n|player|p1|\n",
  "uploadtime": 1775956510,
  "views": 11,
  "formatid": "gen9championsvgc2026regma",
  "rating": 1081,
  "private": 0,
  "password": null
}